|j|☆arataomega1
|j|☆senseless rain
|t:|1779699638
|gametype|singles
|player|p1|arataomega1|marnie-masters3|1398
|player|p2|senseless rain|ingo|1368
|gen|9
|tier|[Gen 9] OU
|rated|
|rule|HP Percentage Mod: HP is shown in percentages
|rule|Endless Battle Clause: Forcing endless battles is banned
|rule|Species Clause: Limit one of each Pokémon
|rule|OHKO Clause: OHKO moves are banned
|rule|Evasion Items Clause: Evasion items are banned
|rule|Evasion Moves Clause: Evasion moves are banned
|rule|Evasion Abilities Clause: Evasion abilities are banned
|rule|Sleep Moves Clause: Sleep-inducing moves are banned
|clearpoke
|poke|p1|Volcanion|
|poke|p1|Weezing-Galar, M|
|poke|p1|Reuniclus, M|
|poke|p1|Registeel|
|poke|p1|Krookodile, M|
|poke|p1|Zapdos-Galar|
|poke|p2|Iron Treads|
|poke|p2|Raging Bolt|
|poke|p2|Pelipper, L99, F|
|poke|p2|Rillaboom, M|
|poke|p2|Basculegion, M|
|poke|p2|Enamorus, F|
|teampreview
|
|t:|1779699655
|teamsize|p1|6
|teamsize|p2|6
|start
|switch|p1a: Cesar zepeli|Reuniclus, M, shiny|100/100
|switch|p2a: Iron Treads|Iron Treads|100/100
|turn|1
|
|t:|1779699661
|move|p2a: Iron Treads|Knock Off|p1a: Cesar zepeli
|-supereffective|p1a: Cesar zepeli
|-damage|p1a: Cesar zepeli|49/100
|-enditem|p1a: Cesar zepeli|Assault Vest|[from] move: Knock Off|[of] p2a: Iron Treads
|move|p1a: Cesar zepeli|Focus Blast|p2a: Iron Treads
|-supereffective|p2a: Iron Treads
|-damage|p2a: Iron Treads|41/100
|
|-heal|p2a: Iron Treads|47/100|[from] item: Leftovers
|upkeep
|turn|2
|
|t:|1779699673
|-end|p2a: Iron Treads|Quark Drive|[silent]
|switch|p2a: Pelipper|Pelipper, L99, F|100/100
|-weather|RainDance|[from] ability: Drizzle|[of] p2a: Pelipper
|move|p1a: Cesar zepeli|Knock Off|p2a: Pelipper
|-damage|p2a: Pelipper|89/100
|-enditem|p2a: Pelipper|Damp Rock|[from] move: Knock Off|[of] p1a: Cesar zepeli
|
|-weather|RainDance|[upkeep]
|upkeep
|turn|3
|
|t:|1779699694
|switch|p2a: Rillaboom|Rillaboom, M|100/100
|-fieldstart|move: Grassy Terrain|[from] ability: Grassy Surge|[of] p2a: Rillaboom
|move|p1a: Cesar zepeli|Future Sight|p2a: Rillaboom
|-start|p1a: Cesar zepeli|move: Future Sight
|
|-weather|RainDance|[upkeep]
|-heal|p1a: Cesar zepeli|55/100|[from] Grassy Terrain
|upkeep
|turn|4
|
|t:|1779699706
|switch|p1a: Lord smogon|Weezing-Galar, M, shiny|100/100
|move|p2a: Rillaboom|U-turn|p1a: Lord smogon
|-resisted|p1a: Lord smogon
|-damage|p1a: Lord smogon|94/100
|
|t:|1779699740
|switch|p2a: Basculegion|Basculegion, M|100/100|[from] U-turn
|
|-weather|RainDance|[upkeep]
|-heal|p1a: Lord smogon|99/100|[from] item: Leftovers
|upkeep
|turn|5
|
|t:|1779699751
|move|p2a: Basculegion|Wave Crash|p1a: Lord smogon
|-crit|p1a: Lord smogon
|-damage|p1a: Lord smogon|0 fnt
|faint|p1a: Lord smogon
|-damage|p2a: Basculegion|72/100|[from] Recoil
|-damage|p2a: Basculegion|62/100|[from] item: Life Orb
|
|-weather|RainDance|[upkeep]
|-end|p2a: Basculegion|move: Future Sight
|-damage|p2a: Basculegion|5/100
|-heal|p2a: Basculegion|11/100|[from] Grassy Terrain
|upkeep
|
|t:|1779699761
|switch|p1a: El Stromboli|Volcanion|100/100
|turn|6
|
|t:|1779699779
|switch|p2a: Raging Bolt|Raging Bolt|100/100
|-enditem|p2a: Raging Bolt|Booster Energy
|-activate|p2a: Raging Bolt|ability: Protosynthesis|[fromitem]
|-start|p2a: Raging Bolt|protosynthesisspa
|move|p1a: El Stromboli|Steam Eruption|p2a: Raging Bolt
|-resisted|p2a: Raging Bolt
|-damage|p2a: Raging Bolt|59/100
|
|-weather|RainDance|[upkeep]
|-heal|p2a: Raging Bolt|65/100|[from] Grassy Terrain
|upkeep
|turn|7
|
|t:|1779699792
|-terastallize|p1a: El Stromboli|Ground
|move|p1a: El Stromboli|Earth Power|p2a: Raging Bolt
|-supereffective|p2a: Raging Bolt
|-crit|p2a: Raging Bolt
|-damage|p2a: Raging Bolt|0 fnt
|faint|p2a: Raging Bolt
|-end|p2a: Raging Bolt|Protosynthesis|[silent]
|
|-weather|RainDance|[upkeep]
|-fieldend|move: Grassy Terrain
|upkeep
|
|t:|1779699794
|switch|p2a: Rillaboom|Rillaboom, M|100/100
|-fieldstart|move: Grassy Terrain|[from] ability: Grassy Surge|[of] p2a: Rillaboom
|turn|8
|
|t:|1779699812
|switch|p1a: Big daddy|Registeel, shiny|100/100
|-terastallize|p2a: Rillaboom|Grass
|move|p2a: Rillaboom|Wood Hammer|p1a: Big daddy
|-resisted|p1a: Big daddy
|-damage|p1a: Big daddy|39/100
|-damage|p2a: Rillaboom|79/100|[from] Recoil
|
|-weather|RainDance|[upkeep]
|-heal|p2a: Rillaboom|85/100|[from] Grassy Terrain
|-heal|p1a: Big daddy|45/100|[from] Grassy Terrain
|-heal|p1a: Big daddy|51/100|[from] item: Leftovers
|upkeep
|turn|9
|
|t:|1779699825
|move|p2a: Rillaboom|Wood Hammer|p1a: Big daddy
|-resisted|p1a: Big daddy
|-damage|p1a: Big daddy|0 fnt
|faint|p1a: Big daddy
|-damage|p2a: Rillaboom|67/100|[from] Recoil
|
|-weather|none
|-heal|p2a: Rillaboom|74/100|[from] Grassy Terrain
|upkeep
|
|t:|1779699832
|switch|p1a: KFC chicken|Zapdos-Galar|100/100
|turn|10
|
|t:|1779699844
|switch|p2a: Pelipper|Pelipper, L99, F|89/100
|-weather|RainDance|[from] ability: Drizzle|[of] p2a: Pelipper
|move|p1a: KFC chicken|Brave Bird|p2a: Pelipper
|-damage|p2a: Pelipper|40/100
|-damage|p1a: KFC chicken|84/100|[from] Recoil
|
|-weather|RainDance|[upkeep]
|upkeep
|turn|11
|
|t:|1779699854
|move|p1a: KFC chicken|Brave Bird|p2a: Pelipper
|-crit|p2a: Pelipper
|-damage|p2a: Pelipper|0 fnt
|faint|p2a: Pelipper
|-damage|p1a: KFC chicken|72/100|[from] Recoil
|
|-weather|RainDance|[upkeep]
|upkeep
|
|t:|1779699867
|switch|p2a: Basculegion|Basculegion, M|11/100
|turn|12
|
|t:|1779699870
|switch|p1a: El Stromboli|Volcanion, tera:Ground|100/100
|move|p2a: Basculegion|Outrage|p1a: El Stromboli
|-damage|p1a: El Stromboli|56/100
|-damage|p2a: Basculegion|2/100|[from] item: Life Orb
|
|-weather|RainDance|[upkeep]
|-heal|p2a: Basculegion|8/100|[from] Grassy Terrain
|-heal|p1a: El Stromboli|62/100|[from] Grassy Terrain
|-fieldend|move: Grassy Terrain
|upkeep
|turn|13
|
|t:|1779699879
|move|p2a: Basculegion|Outrage|p1a: El Stromboli|[from] lockedmove
|-damage|p1a: El Stromboli|15/100
|-damage|p2a: Basculegion|0 fnt|[from] item: Life Orb
|faint|p2a: Basculegion
|move|p1a: El Stromboli|Earth Power|p2: Basculegion|[notarget]
|-fail|p1a: El Stromboli
|
|-weather|RainDance|[upkeep]
|upkeep
|
|t:|1779699892
|switch|p2a: Enamorus|Enamorus, F, shiny|100/100
|turn|14
|
|t:|1779699897
|switch|p1a: Cesar zepeli|Reuniclus, M, shiny|88/100
|move|p2a: Enamorus|Superpower|p1a: Cesar zepeli
|-resisted|p1a: Cesar zepeli
|-damage|p1a: Cesar zepeli|70/100
|-boost|p2a: Enamorus|atk|1
|-boost|p2a: Enamorus|def|1
|
|-weather|none
|upkeep
|turn|15
|
|t:|1779699905
|move|p2a: Enamorus|Moonblast|p1a: Cesar zepeli
|-damage|p1a: Cesar zepeli|32/100
|move|p1a: Cesar zepeli|Future Sight|p2a: Enamorus
|-start|p1a: Cesar zepeli|move: Future Sight
|
|upkeep
|turn|16
|
|t:|1779699912
|switch|p1a: El Stromboli|Volcanion, tera:Ground|15/100
|move|p2a: Enamorus|Moonblast|p1a: El Stromboli
|-damage|p1a: El Stromboli|0 fnt
|faint|p1a: El Stromboli
|
|upkeep
|
|t:|1779699920
|switch|p1a: Cesar zepeli|Reuniclus, M, shiny|65/100
|turn|17
|
|t:|1779699926
|switch|p2a: Iron Treads|Iron Treads|47/100
|move|p1a: Cesar zepeli|Psychic Noise|p2a: Iron Treads
|-resisted|p2a: Iron Treads
|-damage|p2a: Iron Treads|33/100
|-start|p2a: Iron Treads|move: Heal Block
|
|-end|p2a: Iron Treads|move: Future Sight
|-resisted|p2a: Iron Treads
|-damage|p2a: Iron Treads|11/100
|upkeep
|turn|18
|
|t:|1779699946
|move|p2a: Iron Treads|Stealth Rock|p1a: Cesar zepeli
|-sidestart|p1: arataomega1|move: Stealth Rock
|move|p1a: Cesar zepeli|Psychic Noise|p2a: Iron Treads
|-resisted|p2a: Iron Treads
|-damage|p2a: Iron Treads|0 fnt
|faint|p2a: Iron Treads
|-end|p2a: Iron Treads|Quark Drive|[silent]
|
|upkeep
|
|t:|1779699952
|switch|p2a: Rillaboom|Rillaboom, M, tera:Grass|74/100
|-fieldstart|move: Grassy Terrain|[from] ability: Grassy Surge|[of] p2a: Rillaboom
|turn|19
|
|t:|1779699957
|switch|p1a: EL sarcosucus|Krookodile, M, shiny|100/100
|-damage|p1a: EL sarcosucus|94/100|[from] Stealth Rock
|move|p2a: Rillaboom|U-turn|p1a: EL sarcosucus
|-supereffective|p1a: EL sarcosucus
|-damage|p1a: EL sarcosucus|0 fnt
|faint|p1a: EL sarcosucus
|
|t:|1779699963
|switch|p2a: Enamorus|Enamorus, F, shiny|100/100|[from] U-turn
|
|upkeep
|
|t:|1779699966
|switch|p1a: Cesar zepeli|Reuniclus, M, shiny|99/100
|-damage|p1a: Cesar zepeli|86/100|[from] Stealth Rock
|turn|20
|
|t:|1779699970
|move|p2a: Enamorus|Moonblast|p1a: Cesar zepeli
|-damage|p1a: Cesar zepeli|53/100
|move|p1a: Cesar zepeli|Future Sight|p2a: Enamorus
|-start|p1a: Cesar zepeli|move: Future Sight
|
|-heal|p1a: Cesar zepeli|59/100|[from] Grassy Terrain
|upkeep
|turn|21
|
|t:|1779699977
|move|p2a: Enamorus|Moonblast|p1a: Cesar zepeli
|-damage|p1a: Cesar zepeli|23/100
|move|p1a: Cesar zepeli|Psychic Noise|p2a: Enamorus
|-damage|p2a: Enamorus|48/100
|-start|p2a: Enamorus|move: Heal Block
|
|-heal|p1a: Cesar zepeli|29/100|[from] Grassy Terrain
|upkeep
|turn|22
|
|t:|1779699994
|switch|p2a: Rillaboom|Rillaboom, M, tera:Grass|74/100
|move|p1a: Cesar zepeli|Psychic Noise|p2a: Rillaboom
|-damage|p2a: Rillaboom|25/100
|-start|p2a: Rillaboom|move: Heal Block
|
|-end|p2a: Rillaboom|move: Future Sight
|-damage|p2a: Rillaboom|0 fnt
|faint|p2a: Rillaboom
|-heal|p1a: Cesar zepeli|35/100|[from] Grassy Terrain
|upkeep
|
|t:|1779700003
|switch|p2a: Enamorus|Enamorus, F, shiny|48/100
|turn|23
|
|t:|1779700007
|move|p2a: Enamorus|Moonblast|p1a: Cesar zepeli
|-damage|p1a: Cesar zepeli|0 fnt
|faint|p1a: Cesar zepeli
|
|-fieldend|move: Grassy Terrain
|upkeep
|
|t:|1779700012
|switch|p1a: KFC chicken|Zapdos-Galar|72/100
|-damage|p1a: KFC chicken|59/100|[from] Stealth Rock
|turn|24
|
|t:|1779700016
|move|p1a: KFC chicken|Brave Bird|p2a: Enamorus
|-damage|p2a: Enamorus|0 fnt
|faint|p2a: Enamorus
|-damage|p1a: KFC chicken|45/100|[from] Recoil
|
|win|arataomega1
|raw|arataomega1's rating: 1398 &rarr; <strong>1416</strong><br />(+18 for winning)
|raw|senseless rain's rating: 1368 &rarr; <strong>1350</strong><br />(-18 for losing)
|l|☆arataomega1
|player|p1|
