|j|☆blabab
|j|☆BrainOffHeadEmpty
|t:|1779581045
|gametype|singles
|player|p1|blabab|miku-ground|1571
|player|p2|BrainOffHeadEmpty|hilda-wonderlauncher|1486
|gen|9
|tier|[Gen 9] OU
|rated|
|rule|HP Percentage Mod: HP is shown in percentages
|rule|Endless Battle Clause: Forcing endless battles is banned
|rule|Species Clause: Limit one of each Pokémon
|rule|OHKO Clause: OHKO moves are banned
|rule|Evasion Items Clause: Evasion items are banned
|rule|Evasion Moves Clause: Evasion moves are banned
|rule|Evasion Abilities Clause: Evasion abilities are banned
|rule|Sleep Moves Clause: Sleep-inducing moves are banned
|clearpoke
|poke|p1|Zapdos|
|poke|p1|Kingambit, F|
|poke|p1|Ogerpon-Cornerstone, F|
|poke|p1|Primarina, M|
|poke|p1|Gholdengo|
|poke|p1|Blaziken, F|
|poke|p2|Great Tusk|
|poke|p2|Walking Wake|
|poke|p2|Kingambit, M|
|poke|p2|Venusaur, F|
|poke|p2|Ninetales, F|
|poke|p2|Raging Bolt|
|teampreview
|inactive|Battle timer is ON: inactive players will automatically lose when time's up. (requested by blabab)
|
|t:|1779581054
|teamsize|p1|6
|teamsize|p2|6
|start
|switch|p1a: Primarina|Primarina, M|100/100
|switch|p2a: Ninetales|Ninetales, F|100/100
|-weather|SunnyDay|[from] ability: Drought|[of] p2a: Ninetales
|turn|1
|
|t:|1779581062
|move|p2a: Ninetales|Will-O-Wisp|p1a: Primarina
|-status|p1a: Primarina|brn
|move|p1a: Primarina|Surf|p2a: Ninetales
|-supereffective|p2a: Ninetales
|-damage|p2a: Ninetales|51/100
|
|-weather|SunnyDay|[upkeep]
|-damage|p1a: Primarina|94/100 brn|[from] brn
|upkeep
|turn|2
|
|t:|1779581067
|switch|p2a: Venusaur|Venusaur, F|100/100
|move|p1a: Primarina|Moonblast|p2a: Venusaur
|-resisted|p2a: Venusaur
|-damage|p2a: Venusaur|69/100
|
|-weather|SunnyDay|[upkeep]
|-damage|p1a: Primarina|88/100 brn|[from] brn
|upkeep
|turn|3
|
|t:|1779581080
|move|p2a: Venusaur|Giga Drain|p1a: Primarina
|-supereffective|p1a: Primarina
|-damage|p1a: Primarina|13/100 brn
|-heal|p2a: Venusaur|100/100|[from] drain|[of] p1a: Primarina
|-damage|p2a: Venusaur|91/100|[from] item: Life Orb
|move|p1a: Primarina|Moonblast|p2a: Venusaur
|-resisted|p2a: Venusaur
|-damage|p2a: Venusaur|59/100
|-unboost|p2a: Venusaur|spa|1
|
|-weather|SunnyDay|[upkeep]
|-damage|p1a: Primarina|7/100 brn|[from] brn
|upkeep
|turn|4
|
|t:|1779581096
|switch|p1a: Gholdengo|Gholdengo|100/100
|move|p2a: Venusaur|Growth|p2a: Venusaur
|-boost|p2a: Venusaur|atk|2
|-boost|p2a: Venusaur|spa|2
|
|-weather|SunnyDay|[upkeep]
|upkeep
|turn|5
|
|t:|1779581100
|move|p2a: Venusaur|Weather Ball|p1a: Gholdengo
|-supereffective|p1a: Gholdengo
|-damage|p1a: Gholdengo|0 fnt
|faint|p1a: Gholdengo
|-damage|p2a: Venusaur|49/100|[from] item: Life Orb
|
|-weather|SunnyDay|[upkeep]
|upkeep
|
|t:|1779581103
|switch|p1a: Ogerpon|Ogerpon-Cornerstone, F|100/100
|turn|6
|
|t:|1779581108
|move|p2a: Venusaur|Giga Drain|p1a: Ogerpon
|-damage|p1a: Ogerpon|28/100
|-heal|p2a: Venusaur|85/100|[from] drain|[of] p1a: Ogerpon
|-damage|p2a: Venusaur|75/100|[from] item: Life Orb
|move|p1a: Ogerpon|Ivy Cudgel|p2a: Venusaur|[anim] Ivy Cudgel Rock
|-damage|p2a: Venusaur|0 fnt
|faint|p2a: Venusaur
|
|-weather|SunnyDay|[upkeep]
|upkeep
|
|t:|1779581114
|switch|p2a: Walking Wake|Walking Wake|100/100
|-activate|p2a: Walking Wake|ability: Protosynthesis
|-start|p2a: Walking Wake|protosynthesisspe
|turn|7
|
|t:|1779581123
|move|p2a: Walking Wake|Draco Meteor|p1a: Ogerpon
|-damage|p1a: Ogerpon|0 fnt
|-unboost|p2a: Walking Wake|spa|2
|faint|p1a: Ogerpon
|
|-weather|SunnyDay|[upkeep]
|upkeep
|
|t:|1779581139
|switch|p1a: Blaziken|Blaziken, F|100/100
|turn|8
|
|t:|1779581159
|-end|p2a: Walking Wake|Protosynthesis|[silent]
|switch|p2a: Raging Bolt|Raging Bolt|100/100
|-item|p2a: Raging Bolt|Air Balloon
|-activate|p2a: Raging Bolt|ability: Protosynthesis
|-start|p2a: Raging Bolt|protosynthesisspa
|move|p1a: Blaziken|Protect||[still]
|-fail|p1a: Blaziken
|
|-weather|none
|-end|p2a: Raging Bolt|Protosynthesis
|-ability|p1a: Blaziken|Speed Boost|boost
|-boost|p1a: Blaziken|spe|1
|upkeep
|turn|9
|
|t:|1779581169
|move|p1a: Blaziken|Close Combat|p2a: Raging Bolt
|-damage|p2a: Raging Bolt|32/100
|-unboost|p1a: Blaziken|def|1
|-unboost|p1a: Blaziken|spd|1
|-enditem|p2a: Raging Bolt|Air Balloon
|-damage|p1a: Blaziken|91/100|[from] item: Life Orb
|move|p2a: Raging Bolt|Thunderbolt|p1a: Blaziken
|-damage|p1a: Blaziken|0 fnt
|faint|p1a: Blaziken
|
|upkeep
|
|t:|1779581181
|switch|p1a: Kingambit|Kingambit, F|100/100
|-activate|p1a: Kingambit|ability: Supreme Overlord
|-start|p1a: Kingambit|fallen3|[silent]
|turn|10
|
|t:|1779581187
|move|p2a: Raging Bolt|Thunderclap||[still]
|-fail|p2a: Raging Bolt
|move|p1a: Kingambit|Stealth Rock|p2a: Raging Bolt
|-sidestart|p2: BrainOffHeadEmpty|move: Stealth Rock
|
|upkeep
|turn|11
|
|t:|1779581195
|move|p2a: Raging Bolt|Thunderclap|p1a: Kingambit
|-damage|p1a: Kingambit|59/100
|move|p1a: Kingambit|Kowtow Cleave|p2a: Raging Bolt
|-damage|p2a: Raging Bolt|0 fnt
|faint|p2a: Raging Bolt
|-end|p2a: Raging Bolt|Protosynthesis|[silent]
|
|-heal|p1a: Kingambit|65/100|[from] item: Leftovers
|upkeep
|
|t:|1779581198
|switch|p2a: Great Tusk|Great Tusk|100/100
|-damage|p2a: Great Tusk|98/100|[from] Stealth Rock
|turn|12
|
|t:|1779581203
|-end|p1a: Kingambit|fallen3|[silent]
|switch|p1a: Zapdos|Zapdos|100/100
|move|p2a: Great Tusk|Rapid Spin|p1a: Zapdos
|-damage|p1a: Zapdos|77/100
|-boost|p2a: Great Tusk|spe|1
|-sideend|p2: BrainOffHeadEmpty|Stealth Rock|[from] move: Rapid Spin|[of] p2a: Great Tusk
|
|upkeep
|turn|13
|
|t:|1779581208
|-end|p2a: Great Tusk|Protosynthesis|[silent]
|switch|p2a: Ninetales|Ninetales, F|51/100
|-weather|SunnyDay|[from] ability: Drought|[of] p2a: Ninetales
|move|p1a: Zapdos|Roost|p1a: Zapdos
|-heal|p1a: Zapdos|100/100
|-singleturn|p1a: Zapdos|move: Roost
|
|-weather|SunnyDay|[upkeep]
|upkeep
|turn|14
|
|t:|1779581217
|move|p1a: Zapdos|Brave Bird|p2a: Ninetales
|-damage|p2a: Ninetales|0 fnt
|faint|p2a: Ninetales
|-damage|p1a: Zapdos|82/100|[from] Recoil
|
|-weather|SunnyDay|[upkeep]
|upkeep
|
|t:|1779581222
|switch|p2a: Walking Wake|Walking Wake|100/100
|-activate|p2a: Walking Wake|ability: Protosynthesis
|-start|p2a: Walking Wake|protosynthesisspe
|turn|15
|
|t:|1779581235
|move|p2a: Walking Wake|Hydro Steam|p1a: Zapdos
|-damage|p1a: Zapdos|1/100
|move|p1a: Zapdos|Supercell Slam|p2a: Walking Wake
|-damage|p2a: Walking Wake|54/100
|
|-weather|SunnyDay|[upkeep]
|upkeep
|turn|16
|
|t:|1779581256
|move|p2a: Walking Wake|Hydro Steam|p1a: Zapdos
|-damage|p1a: Zapdos|0 fnt
|faint|p1a: Zapdos
|
|-weather|SunnyDay|[upkeep]
|upkeep
|
|t:|1779581261
|switch|p1a: Primarina|Primarina, M|7/100 brn
|turn|17
|-enditem|p1a: Primarina|Custap Berry|[eat]
|-activate|p1a: Primarina|item: Custap Berry|[consumed]
|
|t:|1779581267
|move|p1a: Primarina|Moonblast|p2a: Walking Wake
|-supereffective|p2a: Walking Wake
|-damage|p2a: Walking Wake|0 fnt
|faint|p2a: Walking Wake
|-end|p2a: Walking Wake|Protosynthesis|[silent]
|
|-weather|SunnyDay|[upkeep]
|-damage|p1a: Primarina|0 fnt|[from] brn
|faint|p1a: Primarina
|upkeep
|
|t:|1779581275
|switch|p2a: Great Tusk|Great Tusk|98/100
|switch|p1a: Kingambit|Kingambit, F|65/100
|-activate|p1a: Kingambit|ability: Supreme Overlord
|-start|p1a: Kingambit|fallen5|[silent]
|-activate|p2a: Great Tusk|ability: Protosynthesis
|-start|p2a: Great Tusk|protosynthesisatk
|turn|18
|
|t:|1779581280
|-terastallize|p1a: Kingambit|Dark
|move|p2a: Great Tusk|Close Combat|p1a: Kingambit
|-supereffective|p1a: Kingambit
|-damage|p1a: Kingambit|0 fnt
|-unboost|p2a: Great Tusk|def|1
|-unboost|p2a: Great Tusk|spd|1
|faint|p1a: Kingambit
|-end|p1a: Kingambit|fallen5|[silent]
|
|win|BrainOffHeadEmpty
|raw|blabab's rating: 1571 &rarr; <strong>1546</strong><br />(-25 for losing)
|raw|BrainOffHeadEmpty's rating: 1486 &rarr; <strong>1511</strong><br />(+25 for winning)
|l|☆blabab
|player|p1|
