|j|☆fractal_face
|j|☆BlaziKennedy
|t:|1779628251
|gametype|singles
|player|p1|fractal_face|ghetsis-gen5bw|1153
|player|p2|BlaziKennedy|lucas|1153
|gen|9
|tier|[Gen 9] OU
|rated|
|rule|HP Percentage Mod: HP is shown in percentages
|rule|Endless Battle Clause: Forcing endless battles is banned
|rule|Species Clause: Limit one of each Pokémon
|rule|OHKO Clause: OHKO moves are banned
|rule|Evasion Items Clause: Evasion items are banned
|rule|Evasion Moves Clause: Evasion moves are banned
|rule|Evasion Abilities Clause: Evasion abilities are banned
|rule|Sleep Moves Clause: Sleep-inducing moves are banned
|clearpoke
|poke|p1|Enamorus, F|
|poke|p1|Regieleki|
|poke|p1|Toxapex, F|
|poke|p1|Smeargle, M|
|poke|p1|Grimmsnarl, M|
|poke|p1|Corviknight, M|
|poke|p2|Garchomp, F|
|poke|p2|Great Tusk|
|poke|p2|Darkrai|
|poke|p2|Moltres|
|poke|p2|Ogerpon-Wellspring, F|
|poke|p2|Pecharunt|
|teampreview
|inactive|Battle timer is ON: inactive players will automatically lose when time's up. (requested by fractal_face)
|
|t:|1779628256
|teamsize|p1|6
|teamsize|p2|6
|start
|switch|p1a: Smeargle|Smeargle, M, shiny|100/100
|switch|p2a: cool femboy|Garchomp, F|100/100
|turn|1
|j| milachu8
|
|t:|1779628269
|switch|p1a: Enamorus|Enamorus, F, shiny|100/100
|move|p2a: cool femboy|Stealth Rock|p1a: Enamorus
|-sidestart|p1: fractal_face|move: Stealth Rock
|
|upkeep
|turn|2
|
|t:|1779628280
|switch|p2a: peach femboy|Pecharunt|100/100
|-terastallize|p1a: Enamorus|Fighting
|move|p1a: Enamorus|Superpower|p2a: peach femboy
|-immune|p2a: peach femboy
|
|upkeep
|turn|3
|l|☆fractal_face
|inactive|fractal_face disconnected and has a minute to reconnect!
|player|p1|
|j|☆fractal_face
|inactive|fractal_face reconnected and has 120 seconds left.
|player|p1|fractal_face|ghetsis-gen5bw|
|
|t:|1779628318
|switch|p1a: Corviknight|Corviknight, M, shiny|100/100
|-damage|p1a: Corviknight|88/100|[from] Stealth Rock
|move|p2a: peach femboy|Malignant Chain|p1a: Corviknight
|-immune|p1a: Corviknight
|
|-heal|p1a: Corviknight|94/100|[from] item: Leftovers
|upkeep
|turn|4
|inactive|fractal_face has 120 seconds left.
|
|t:|1779628325
|move|p2a: peach femboy|Parting Shot|p1a: Corviknight
|-ability|p1a: Corviknight|Mirror Armor
|-unboost|p2a: peach femboy|atk|1
|-ability|p1a: Corviknight|Mirror Armor
|-unboost|p2a: peach femboy|spa|1
|
|t:|1779628332
|switch|p2a: cool femboy|Garchomp, F|100/100|[from] Parting Shot
|move|p1a: Corviknight|Defog|p2a: cool femboy
|-unboost|p2a: cool femboy|evasion|1
|-sideend|p1: fractal_face|Stealth Rock|[from] move: Defog|[of] p1a: Corviknight
|
|-heal|p1a: Corviknight|100/100|[from] item: Leftovers
|upkeep
|turn|5
|
|t:|1779628339
|move|p2a: cool femboy|Stealth Rock|p1a: Corviknight
|-sidestart|p1: fractal_face|move: Stealth Rock
|move|p1a: Corviknight|Tailwind|p1a: Corviknight
|-sidestart|p1: fractal_face|move: Tailwind
|
|upkeep
|turn|6
|
|t:|1779628348
|move|p1a: Corviknight|Iron Defense|p1a: Corviknight
|-boost|p1a: Corviknight|def|2
|move|p2a: cool femboy|Dragon Tail|p1a: Corviknight
|-resisted|p1a: Corviknight
|-damage|p1a: Corviknight|95/100
|drag|p1a: Smeargle|Smeargle, M, shiny|100/100
|-damage|p1a: Smeargle|88/100|[from] Stealth Rock
|
|upkeep
|turn|7
|
|t:|1779628356
|move|p1a: Smeargle|Burning Bulwark|p1a: Smeargle
|-singleturn|p1a: Smeargle|move: Protect
|move|p2a: cool femboy|Spikes|p1a: Smeargle
|-sidestart|p1: fractal_face|Spikes
|
|upkeep
|turn|8
|
|t:|1779628367
|move|p1a: Smeargle|Burning Bulwark|p1a: Smeargle
|-singleturn|p1a: Smeargle|move: Protect
|move|p2a: cool femboy|Dragon Tail|p1a: Smeargle
|-activate|p1a: Smeargle|move: Protect
|-status|p2a: cool femboy|brn
|
|-damage|p2a: cool femboy|94/100 brn|[from] brn
|-sideend|p1: fractal_face|move: Tailwind
|upkeep
|turn|9
|
|t:|1779628378
|switch|p1a: Toxapex|Toxapex, F, shiny|100/100
|-damage|p1a: Toxapex|88/100|[from] Stealth Rock
|-damage|p1a: Toxapex|76/100|[from] Spikes
|move|p2a: cool femboy|Dragon Tail|p1a: Toxapex|[miss]
|-miss|p2a: cool femboy|p1a: Toxapex
|
|-heal|p1a: Toxapex|82/100|[from] item: Black Sludge
|-damage|p2a: cool femboy|88/100 brn|[from] brn
|upkeep
|turn|10
|
|t:|1779628394
|move|p2a: cool femboy|Earthquake|p1a: Toxapex
|-supereffective|p1a: Toxapex
|-damage|p1a: Toxapex|53/100
|move|p1a: Toxapex|Gunk Shot|p2a: cool femboy
|-resisted|p2a: cool femboy
|-damage|p2a: cool femboy|80/100 brn
|
|-heal|p1a: Toxapex|59/100|[from] item: Black Sludge
|-damage|p2a: cool femboy|74/100 brn|[from] brn
|upkeep
|turn|11
|
|t:|1779628402
|move|p2a: cool femboy|Spikes|p1a: Toxapex
|-sidestart|p1: fractal_face|Spikes
|move|p1a: Toxapex|Toxic Spikes|p2a: cool femboy
|-sidestart|p2: BlaziKennedy|move: Toxic Spikes
|
|-heal|p1a: Toxapex|65/100|[from] item: Black Sludge
|-damage|p2a: cool femboy|67/100 brn|[from] brn
|upkeep
|turn|12
|
|t:|1779628406
|move|p1a: Toxapex|Toxic Spikes|p2a: cool femboy
|-sidestart|p2: BlaziKennedy|move: Toxic Spikes
|move|p2a: cool femboy|Dragon Tail|p1a: Toxapex
|-damage|p1a: Toxapex|56/100
|drag|p1a: Enamorus|Enamorus, F, shiny, tera:Fighting|100/100
|-damage|p1a: Enamorus|94/100|[from] Stealth Rock
|-damage|p1a: Enamorus|78/100|[from] Spikes
|
|-damage|p2a: cool femboy|61/100 brn|[from] brn
|upkeep
|turn|13
|
|t:|1779628422
|switch|p2a: peach femboy|Pecharunt|100/100
|-sideend|p2: BlaziKennedy|move: Toxic Spikes|[of] p2a: peach femboy
|move|p1a: Enamorus|Play Rough|p2a: peach femboy
|-resisted|p2a: peach femboy
|-damage|p2a: peach femboy|91/100
|
|upkeep
|turn|14
|
|t:|1779628438
|switch|p1a: Regieleki|Regieleki, shiny|100/100
|-damage|p1a: Regieleki|88/100|[from] Stealth Rock
|-item|p1a: Regieleki|Air Balloon
|move|p2a: peach femboy|Hex|p1a: Regieleki
|-damage|p1a: Regieleki|51/100
|-enditem|p1a: Regieleki|Air Balloon
|
|upkeep
|turn|15
|
|t:|1779628450
|switch|p2a: cool femboy|Garchomp, F|61/100 brn
|move|p1a: Regieleki|Thunderbolt|p2a: cool femboy
|-immune|p2a: cool femboy
|
|-damage|p2a: cool femboy|55/100 brn|[from] brn
|upkeep
|turn|16
|
|t:|1779628456
|move|p1a: Regieleki|Rapid Spin|p2a: cool femboy
|-damage|p2a: cool femboy|48/100 brn
|-boost|p1a: Regieleki|spe|1
|-damage|p1a: Regieleki|39/100|[from] ability: Rough Skin|[of] p2a: cool femboy
|-damage|p1a: Regieleki|22/100|[from] item: Rocky Helmet|[of] p2a: cool femboy
|-sideend|p1: fractal_face|Spikes|[from] move: Rapid Spin|[of] p1a: Regieleki
|-sideend|p1: fractal_face|Stealth Rock|[from] move: Rapid Spin|[of] p1a: Regieleki
|move|p2a: cool femboy|Dragon Tail|p1a: Regieleki
|-damage|p1a: Regieleki|0 fnt
|faint|p1a: Regieleki
|
|-damage|p2a: cool femboy|42/100 brn|[from] brn
|upkeep
|
|t:|1779628470
|switch|p1a: Enamorus|Enamorus, F, shiny, tera:Fighting|78/100
|turn|17
|
|t:|1779628477
|switch|p2a: peach femboy|Pecharunt|91/100
|move|p1a: Enamorus|Mystical Fire|p2a: peach femboy
|-damage|p2a: peach femboy|70/100
|-unboost|p2a: peach femboy|spa|1
|
|upkeep
|turn|18
|
|t:|1779628493
|switch|p1a: Toxapex|Toxapex, F, shiny|90/100
|move|p2a: peach femboy|Malignant Chain|p1a: Toxapex
|-resisted|p1a: Toxapex
|-damage|p1a: Toxapex|82/100
|
|-heal|p1a: Toxapex|88/100|[from] item: Black Sludge
|upkeep
|turn|19
|
|t:|1779628502
|move|p2a: peach femboy|Parting Shot|p1a: Toxapex
|-unboost|p1a: Toxapex|atk|1
|-unboost|p1a: Toxapex|spa|1
|
|t:|1779628504
|switch|p2a: cool femboy|Garchomp, F|42/100 brn|[from] Parting Shot
|move|p1a: Toxapex|Liquidation|p2a: cool femboy
|-damage|p2a: cool femboy|34/100 brn
|-unboost|p2a: cool femboy|def|1
|-damage|p1a: Toxapex|75/100|[from] ability: Rough Skin|[of] p2a: cool femboy
|-damage|p1a: Toxapex|59/100|[from] item: Rocky Helmet|[of] p2a: cool femboy
|
|-heal|p1a: Toxapex|65/100|[from] item: Black Sludge
|-damage|p2a: cool femboy|27/100 brn|[from] brn
|upkeep
|turn|20
|
|t:|1779628512
|switch|p1a: Corviknight|Corviknight, M, shiny|95/100
|move|p2a: cool femboy|Stealth Rock|p1a: Corviknight
|-sidestart|p1: fractal_face|move: Stealth Rock
|
|-heal|p1a: Corviknight|100/100|[from] item: Leftovers
|-damage|p2a: cool femboy|21/100 brn|[from] brn
|upkeep
|turn|21
|
|t:|1779628519
|move|p2a: cool femboy|Spikes|p1a: Corviknight
|-sidestart|p1: fractal_face|Spikes
|move|p1a: Corviknight|Tailwind|p1a: Corviknight
|-sidestart|p1: fractal_face|move: Tailwind
|
|-damage|p2a: cool femboy|15/100 brn|[from] brn
|upkeep
|turn|22
|
|t:|1779628526
|move|p1a: Corviknight|Defog|p2a: cool femboy
|-unboost|p2a: cool femboy|evasion|1
|-sideend|p1: fractal_face|Spikes|[from] move: Defog|[of] p1a: Corviknight
|-sideend|p1: fractal_face|Stealth Rock|[from] move: Defog|[of] p1a: Corviknight
|move|p2a: cool femboy|Dragon Tail|p1a: Corviknight
|-resisted|p1a: Corviknight
|-damage|p1a: Corviknight|95/100
|drag|p1a: Toxapex|Toxapex, F, shiny|98/100
|
|-heal|p1a: Toxapex|100/100|[from] item: Black Sludge
|-damage|p2a: cool femboy|9/100 brn|[from] brn
|upkeep
|turn|23
|
|t:|1779628537
|switch|p1a: Corviknight|Corviknight, M, shiny|95/100
|move|p2a: cool femboy|Stealth Rock|p1a: Corviknight
|-sidestart|p1: fractal_face|move: Stealth Rock
|
|-heal|p1a: Corviknight|100/100|[from] item: Leftovers
|-damage|p2a: cool femboy|3/100 brn|[from] brn
|upkeep
|turn|24
|
|t:|1779628545
|move|p1a: Corviknight|Defog|p2a: cool femboy
|-unboost|p2a: cool femboy|evasion|1
|-sideend|p1: fractal_face|Stealth Rock|[from] move: Defog|[of] p1a: Corviknight
|move|p2a: cool femboy|Dragon Tail|p1a: Corviknight
|-resisted|p1a: Corviknight
|-damage|p1a: Corviknight|96/100
|drag|p1a: Smeargle|Smeargle, M, shiny|88/100
|
|-damage|p2a: cool femboy|0 fnt|[from] brn
|faint|p2a: cool femboy
|-sideend|p1: fractal_face|move: Tailwind
|upkeep
|
|t:|1779628562
|switch|p2a: bird femboy|Moltres|100/100
|turn|25
|
|t:|1779628574
|move|p1a: Smeargle|Shell Smash|p1a: Smeargle
|-unboost|p1a: Smeargle|def|1
|-unboost|p1a: Smeargle|spd|1
|-boost|p1a: Smeargle|atk|2
|-boost|p1a: Smeargle|spa|2
|-boost|p1a: Smeargle|spe|2
|-enditem|p1a: Smeargle|White Herb
|-clearnegativeboost|p1a: Smeargle|[silent]
|move|p2a: bird femboy|Flamethrower|p1a: Smeargle
|-damage|p1a: Smeargle|0 fnt
|faint|p1a: Smeargle
|
|upkeep
|
|t:|1779628590
|switch|p1a: Grimmsnarl|Grimmsnarl, M, shiny|100/100
|turn|26
|
|t:|1779628596
|move|p1a: Grimmsnarl|Bulk Up|p1a: Grimmsnarl
|-boost|p1a: Grimmsnarl|atk|1
|-boost|p1a: Grimmsnarl|def|1
|move|p2a: bird femboy|U-turn|p1a: Grimmsnarl
|-damage|p1a: Grimmsnarl|89/100
|
|t:|1779628602
|switch|p2a: peach femboy|Pecharunt|70/100|[from] U-turn
|
|upkeep
|turn|27
|
|t:|1779628620
|move|p2a: peach femboy|Malignant Chain|p1a: Grimmsnarl
|-supereffective|p1a: Grimmsnarl
|-damage|p1a: Grimmsnarl|22/100
|-status|p1a: Grimmsnarl|tox
|-start|p1a: Grimmsnarl|confusion|[from] ability: Poison Puppeteer|[of] p2a: peach femboy
|-activate|p1a: Grimmsnarl|confusion
|-damage|p1a: Grimmsnarl|5/100 tox|[from] confusion
|
|-damage|p1a: Grimmsnarl|0 fnt|[from] psn
|faint|p1a: Grimmsnarl
|upkeep
|
|t:|1779628640
|switch|p1a: Toxapex|Toxapex, F, shiny|100/100
|turn|28
|
|t:|1779628644
|move|p2a: peach femboy|Parting Shot|p1a: Toxapex
|-unboost|p1a: Toxapex|atk|1
|-unboost|p1a: Toxapex|spa|1
|
|t:|1779628651
|switch|p2a: bird femboy|Moltres|100/100|[from] Parting Shot
|move|p1a: Toxapex|Toxic Spikes|p2a: bird femboy
|-sidestart|p2: BlaziKennedy|move: Toxic Spikes
|
|upkeep
|turn|29
|
|t:|1779628659
|move|p2a: bird femboy|Flamethrower|p1a: Toxapex
|-resisted|p1a: Toxapex
|-damage|p1a: Toxapex|87/100
|move|p1a: Toxapex|Liquidation|p2a: bird femboy
|-supereffective|p2a: bird femboy
|-damage|p2a: bird femboy|80/100
|
|-heal|p1a: Toxapex|93/100|[from] item: Black Sludge
|upkeep
|turn|30
|
|t:|1779628667
|move|p2a: bird femboy|U-turn|p1a: Toxapex
|-resisted|p1a: Toxapex
|-damage|p1a: Toxapex|88/100
|
|t:|1779628670
|switch|p2a: peach femboy|Pecharunt|70/100|[from] U-turn
|-sideend|p2: BlaziKennedy|move: Toxic Spikes|[of] p2a: peach femboy
|move|p1a: Toxapex|Gunk Shot|p2a: peach femboy
|-resisted|p2a: peach femboy
|-crit|p2a: peach femboy
|-damage|p2a: peach femboy|66/100
|
|-heal|p1a: Toxapex|94/100|[from] item: Black Sludge
|upkeep
|turn|31
|
|t:|1779628680
|move|p2a: peach femboy|Hex|p1a: Toxapex
|-damage|p1a: Toxapex|79/100
|move|p1a: Toxapex|Liquidation|p2a: peach femboy
|-damage|p2a: peach femboy|60/100
|
|-heal|p1a: Toxapex|85/100|[from] item: Black Sludge
|upkeep
|turn|32
|
|t:|1779628687
|move|p2a: peach femboy|Recover|p2a: peach femboy
|-heal|p2a: peach femboy|100/100
|move|p1a: Toxapex|Liquidation|p2a: peach femboy
|-damage|p2a: peach femboy|95/100
|-unboost|p2a: peach femboy|def|1
|
|-heal|p1a: Toxapex|91/100|[from] item: Black Sludge
|upkeep
|turn|33
|
|t:|1779628692
|move|p2a: peach femboy|Parting Shot|p1a: Toxapex
|-unboost|p1a: Toxapex|atk|1
|-unboost|p1a: Toxapex|spa|1
|
|t:|1779628695
|switch|p2a: happy femboy|Ogerpon-Wellspring, F|100/100|[from] Parting Shot
|move|p1a: Toxapex|Liquidation|p2a: happy femboy
|-immune|p2a: happy femboy|[from] ability: Water Absorb
|
|-heal|p1a: Toxapex|97/100|[from] item: Black Sludge
|upkeep
|turn|34
|l| milachu8
|
|t:|1779628701
|move|p2a: happy femboy|U-turn|p1a: Toxapex
|-resisted|p1a: Toxapex
|-damage|p1a: Toxapex|88/100
|
|t:|1779628705
|switch|p2a: peach femboy|Pecharunt|95/100|[from] U-turn
|move|p1a: Toxapex|Gunk Shot|p2a: peach femboy|[miss]
|-miss|p1a: Toxapex|p2a: peach femboy
|
|-heal|p1a: Toxapex|94/100|[from] item: Black Sludge
|upkeep
|turn|35
|
|t:|1779628712
|switch|p1a: Corviknight|Corviknight, M, shiny|96/100
|move|p2a: peach femboy|Parting Shot|p1a: Corviknight
|-ability|p1a: Corviknight|Mirror Armor
|-unboost|p2a: peach femboy|atk|1
|-ability|p1a: Corviknight|Mirror Armor
|-unboost|p2a: peach femboy|spa|1
|
|t:|1779628716
|switch|p2a: emo femboy|Darkrai|100/100|[from] Parting Shot
|
|-heal|p1a: Corviknight|100/100|[from] item: Leftovers
|upkeep
|turn|36
|
|t:|1779628723
|move|p2a: emo femboy|Nasty Plot|p2a: emo femboy
|-boost|p2a: emo femboy|spa|2
|move|p1a: Corviknight|Tailwind|p1a: Corviknight
|-sidestart|p1: fractal_face|move: Tailwind
|
|upkeep
|turn|37
|
|t:|1779628731
|move|p2a: emo femboy|Dark Pulse|p1a: Corviknight
|-damage|p1a: Corviknight|51/100
|move|p1a: Corviknight|Body Press|p2a: emo femboy
|-supereffective|p2a: emo femboy
|-damage|p2a: emo femboy|57/100
|
|-heal|p2a: emo femboy|63/100|[from] item: Leftovers
|-heal|p1a: Corviknight|57/100|[from] item: Leftovers
|upkeep
|turn|38
|
|t:|1779628745
|move|p2a: emo femboy|Nasty Plot|p2a: emo femboy
|-boost|p2a: emo femboy|spa|2
|move|p1a: Corviknight|Body Press|p2a: emo femboy
|-supereffective|p2a: emo femboy
|-damage|p2a: emo femboy|23/100
|
|-heal|p2a: emo femboy|29/100|[from] item: Leftovers
|-heal|p1a: Corviknight|63/100|[from] item: Leftovers
|upkeep
|turn|39
|
|t:|1779628756
|switch|p1a: Toxapex|Toxapex, F, shiny|100/100
|move|p2a: emo femboy|Dark Pulse|p1a: Toxapex
|-crit|p1a: Toxapex
|-damage|p1a: Toxapex|0 fnt
|faint|p1a: Toxapex
|
|-heal|p2a: emo femboy|35/100|[from] item: Leftovers
|-sideend|p1: fractal_face|move: Tailwind
|upkeep
|
|t:|1779628762
|switch|p1a: Enamorus|Enamorus, F, shiny, tera:Fighting|78/100
|turn|40
|
|t:|1779628771
|move|p2a: emo femboy|Sludge Bomb|p1a: Enamorus
|-damage|p1a: Enamorus|0 fnt
|faint|p1a: Enamorus
|
|-heal|p2a: emo femboy|41/100|[from] item: Leftovers
|upkeep
|-message|fractal_face forfeited.
|
|win|BlaziKennedy
|raw|fractal_face's rating: 1153 &rarr; <strong>1128</strong><br />(-25 for losing)
|raw|BlaziKennedy's rating: 1153 &rarr; <strong>1178</strong><br />(+25 for winning)
|l|☆fractal_face
|player|p1|
