|j|☆Almighty astraeus
|j|☆Chud Walk 'Em Down
|t:|1779658430
|gametype|singles
|player|p1|Almighty astraeus|266|1090
|player|p2|Chud Walk 'Em Down|veteran|1168
|gen|9
|tier|[Gen 9] OU
|rated|
|rule|HP Percentage Mod: HP is shown in percentages
|rule|Endless Battle Clause: Forcing endless battles is banned
|rule|Species Clause: Limit one of each Pokémon
|rule|OHKO Clause: OHKO moves are banned
|rule|Evasion Items Clause: Evasion items are banned
|rule|Evasion Moves Clause: Evasion moves are banned
|rule|Evasion Abilities Clause: Evasion abilities are banned
|rule|Sleep Moves Clause: Sleep-inducing moves are banned
|clearpoke
|poke|p1|Araquanid, M|
|poke|p1|Ariados, M|
|poke|p1|Galvantula, M|
|poke|p1|Excadrill, M|
|poke|p1|Noivern, M|
|poke|p1|Arcanine-Hisui, M|
|poke|p2|Dragonite, M|
|poke|p2|Cloyster, F|
|poke|p2|Greninja-*, M|
|poke|p2|Great Tusk|
|poke|p2|Darkrai|
|poke|p2|Amoonguss, F|
|teampreview
|inactive|Battle timer is ON: inactive players will automatically lose when time's up. (requested by Chud Walk 'Em Down)
|
|t:|1779658451
|teamsize|p1|6
|teamsize|p2|6
|start
|switch|p1a: Faba|Araquanid, M, shiny|100/100
|switch|p2a: Dragonite|Dragonite, M|100/100
|turn|1
|
|t:|1779658461
|move|p2a: Dragonite|Dragon Dance|p2a: Dragonite
|-boost|p2a: Dragonite|atk|1
|-boost|p2a: Dragonite|spe|1
|move|p1a: Faba|Sticky Web|p2a: Dragonite
|-sidestart|p2: Chud Walk 'Em Down|move: Sticky Web
|
|upkeep
|turn|2
|
|t:|1779658471
|switch|p1a: Spike|Arcanine-Hisui, M|100/100
|move|p2a: Dragonite|Dragon Dance|p2a: Dragonite
|-boost|p2a: Dragonite|atk|1
|-boost|p2a: Dragonite|spe|1
|
|upkeep
|turn|3
|
|t:|1779658484
|move|p2a: Dragonite|Earthquake|p1a: Spike
|-supereffective|p1a: Spike
|-damage|p1a: Spike|0 fnt
|faint|p1a: Spike
|
|upkeep
|
|t:|1779658494
|switch|p1a: Dick|Noivern, M|100/100
|turn|4
|
|t:|1779658500
|move|p2a: Dragonite|Dragon Claw|p1a: Dick
|-supereffective|p1a: Dick
|-damage|p1a: Dick|0 fnt
|faint|p1a: Dick
|
|upkeep
|
|t:|1779658507
|switch|p1a: Simon|Excadrill, M, shiny|100/100
|-ability|p1a: Simon|Mold Breaker
|turn|5
|
|t:|1779658514
|-terastallize|p1a: Simon|Ground
|move|p2a: Dragonite|Earthquake|p1a: Simon
|-damage|p1a: Simon|0 fnt
|faint|p1a: Simon
|
|upkeep
|
|t:|1779658520
|switch|p1a: Faba|Araquanid, M, shiny|100/100
|turn|6
|
|t:|1779658524
|move|p2a: Dragonite|Dragon Claw|p1a: Faba
|-damage|p1a: Faba|4/100
|move|p1a: Faba|Liquidation|p2a: Dragonite
|-resisted|p2a: Dragonite
|-damage|p2a: Dragonite|74/100
|-enditem|p2a: Dragonite|Red Card|[of] p1a: Faba
|drag|p1a: Ari|Ariados, M|100/100
|
|upkeep
|turn|7
|
|t:|1779658533
|move|p2a: Dragonite|Dragon Claw|p1a: Ari
|-damage|p1a: Ari|0 fnt
|faint|p1a: Ari
|
|upkeep
|
|t:|1779658537
|switch|p1a: Zpidy|Galvantula, M, shiny|100/100
|turn|8
|
|t:|1779658543
|move|p2a: Dragonite|Dragon Claw|p1a: Zpidy
|-damage|p1a: Zpidy|0 fnt
|faint|p1a: Zpidy
|
|upkeep
|
|t:|1779658548
|switch|p1a: Faba|Araquanid, M, shiny|4/100
|turn|9
|
|t:|1779658551
|move|p2a: Dragonite|Dragon Claw|p1a: Faba
|-damage|p1a: Faba|0 fnt
|faint|p1a: Faba
|
|win|Chud Walk 'Em Down
|raw|Almighty astraeus's rating: 1090 &rarr; <strong>1072</strong><br />(-18 for losing)
|raw|Chud Walk &apos;Em Down's rating: 1168 &rarr; <strong>1187</strong><br />(+19 for winning)
|l|☆Almighty astraeus
|player|p1|
|l|☆Chud Walk 'Em Down
|player|p2|
