|j|☆lockheed shartin
|j|☆Grey_Flame
|t:|1779567666
|gametype|singles
|player|p1|lockheed shartin|burglar|1600
|player|p2|Grey_Flame|gamer-gen3|1557
|gen|9
|tier|[Gen 9] OU
|rated|
|rule|HP Percentage Mod: HP is shown in percentages
|rule|Endless Battle Clause: Forcing endless battles is banned
|rule|Species Clause: Limit one of each Pokémon
|rule|OHKO Clause: OHKO moves are banned
|rule|Evasion Items Clause: Evasion items are banned
|rule|Evasion Moves Clause: Evasion moves are banned
|rule|Evasion Abilities Clause: Evasion abilities are banned
|rule|Sleep Moves Clause: Sleep-inducing moves are banned
|clearpoke
|poke|p1|Great Tusk|
|poke|p1|Enamorus, F|
|poke|p1|Iron Moth|
|poke|p1|Kingambit, F|
|poke|p1|Garchomp, F|
|poke|p1|Ogerpon-Wellspring, F|
|poke|p2|Umbreon, M|
|poke|p2|Volcanion|
|poke|p2|Chesnaught, M|
|poke|p2|Iron Treads|
|poke|p2|Dragalge, M|
|poke|p2|Latios, M|
|teampreview
|inactive|Battle timer is ON: inactive players will automatically lose when time's up. (requested by lockheed shartin)
|c|☆Grey_Flame|gl hf
|inactive|Grey_Flame has 120 seconds left.
|
|t:|1779567701
|teamsize|p1|6
|teamsize|p2|6
|start
|switch|p1a: WeedleTwinneedle|Enamorus, F|100/100
|switch|p2a: Zoomies|Latios, M|100/100
|turn|1
|
|t:|1779567725
|switch|p2a: Leon Heart|Volcanion|100/100
|switch|p1a: Kingambit|Kingambit, F|100/100
|
|upkeep
|turn|2
|
|t:|1779567734
|-end|p1a: Kingambit|fallenundefined|[silent]
|switch|p1a: JPEGMOTHIA|Iron Moth|100/100
|move|p2a: Leon Heart|Fire Blast|p1a: JPEGMOTHIA
|-resisted|p1a: JPEGMOTHIA
|-damage|p1a: JPEGMOTHIA|71/100
|
|upkeep
|turn|3
|
|t:|1779567744
|-end|p1a: JPEGMOTHIA|Quark Drive|[silent]
|switch|p1a: Ogerpon|Ogerpon-Wellspring, F|100/100
|switch|p2a: Reef's Revenge|Dragalge, M|100/100
|
|upkeep
|turn|4
|
|t:|1779567758
|move|p1a: Ogerpon|Swords Dance|p1a: Ogerpon
|-boost|p1a: Ogerpon|atk|2
|move|p2a: Reef's Revenge|Sludge Wave|p1a: Ogerpon
|-supereffective|p1a: Ogerpon
|-damage|p1a: Ogerpon|0 fnt
|faint|p1a: Ogerpon
|
|upkeep
|
|t:|1779567766
|switch|p1a: TusksBHanginLo|Great Tusk|100/100
|turn|5
|
|t:|1779567769
|switch|p2a: Thornhill|Chesnaught, M|100/100
|move|p1a: TusksBHanginLo|Stealth Rock|p2a: Thornhill
|-sidestart|p2: Grey_Flame|move: Stealth Rock
|
|upkeep
|turn|6
|
|t:|1779567774
|-end|p1a: TusksBHanginLo|Protosynthesis|[silent]
|switch|p1a: WeedleTwinneedle|Enamorus, F|100/100
|move|p2a: Thornhill|Spikes|p1a: WeedleTwinneedle
|-sidestart|p1: lockheed shartin|Spikes
|
|upkeep
|turn|7
|
|t:|1779567793
|switch|p2a: AutobotsRollOut|Iron Treads|100/100
|-damage|p2a: AutobotsRollOut|97/100|[from] Stealth Rock
|move|p1a: WeedleTwinneedle|Substitute|p1a: WeedleTwinneedle
|-start|p1a: WeedleTwinneedle|Substitute
|-damage|p1a: WeedleTwinneedle|76/100
|
|-heal|p1a: WeedleTwinneedle|82/100|[from] item: Leftovers
|upkeep
|turn|8
|
|t:|1779567813
|-end|p2a: AutobotsRollOut|Quark Drive|[silent]
|switch|p2a: Reef's Revenge|Dragalge, M|100/100
|-damage|p2a: Reef's Revenge|88/100|[from] Stealth Rock
|move|p1a: WeedleTwinneedle|Superpower|p2a: Reef's Revenge
|-resisted|p2a: Reef's Revenge
|-damage|p2a: Reef's Revenge|68/100
|-boost|p1a: WeedleTwinneedle|atk|1
|-boost|p1a: WeedleTwinneedle|def|1
|
|-heal|p1a: WeedleTwinneedle|88/100|[from] item: Leftovers
|upkeep
|turn|9
|inactive|lockheed shartin has 120 seconds left.
|
|t:|1779567849
|-terastallize|p1a: WeedleTwinneedle|Steel
|move|p1a: WeedleTwinneedle|Superpower|p2a: Reef's Revenge
|-resisted|p2a: Reef's Revenge
|-damage|p2a: Reef's Revenge|37/100
|-boost|p1a: WeedleTwinneedle|atk|1
|-boost|p1a: WeedleTwinneedle|def|1
|move|p2a: Reef's Revenge|Sludge Wave|p1a: WeedleTwinneedle
|-immune|p1a: WeedleTwinneedle
|
|-heal|p1a: WeedleTwinneedle|94/100|[from] item: Leftovers
|upkeep
|turn|10
|
|t:|1779567855
|move|p1a: WeedleTwinneedle|Superpower|p2a: Reef's Revenge
|-resisted|p2a: Reef's Revenge
|-damage|p2a: Reef's Revenge|0 fnt
|-boost|p1a: WeedleTwinneedle|atk|1
|-boost|p1a: WeedleTwinneedle|def|1
|faint|p2a: Reef's Revenge
|
|-heal|p1a: WeedleTwinneedle|100/100|[from] item: Leftovers
|upkeep
|
|t:|1779567866
|switch|p2a: Mr. Midnight|Umbreon, M, shiny|100/100
|-damage|p2a: Mr. Midnight|88/100|[from] Stealth Rock
|turn|11
|
|t:|1779567875
|-terastallize|p2a: Mr. Midnight|Ghost
|move|p1a: WeedleTwinneedle|Superpower|p2a: Mr. Midnight
|-immune|p2a: Mr. Midnight
|move|p2a: Mr. Midnight|Foul Play|p1a: WeedleTwinneedle
|-end|p1a: WeedleTwinneedle|Substitute
|
|-heal|p2a: Mr. Midnight|94/100|[from] item: Leftovers
|upkeep
|turn|12
|
|t:|1779567885
|move|p1a: WeedleTwinneedle|Iron Head|p2a: Mr. Midnight
|-damage|p2a: Mr. Midnight|36/100
|move|p2a: Mr. Midnight|Foul Play|p1a: WeedleTwinneedle
|-damage|p1a: WeedleTwinneedle|34/100
|
|-heal|p1a: WeedleTwinneedle|40/100|[from] item: Leftovers
|-heal|p2a: Mr. Midnight|42/100|[from] item: Leftovers
|upkeep
|turn|13
|
|t:|1779567899
|move|p2a: Mr. Midnight|Protect|p2a: Mr. Midnight
|-singleturn|p2a: Mr. Midnight|Protect
|move|p1a: WeedleTwinneedle|Iron Head|p2a: Mr. Midnight
|-activate|p2a: Mr. Midnight|move: Protect
|
|-heal|p1a: WeedleTwinneedle|47/100|[from] item: Leftovers
|-heal|p2a: Mr. Midnight|48/100|[from] item: Leftovers
|upkeep
|turn|14
|
|t:|1779567904
|move|p1a: WeedleTwinneedle|Iron Head|p2a: Mr. Midnight
|-damage|p2a: Mr. Midnight|0 fnt
|faint|p2a: Mr. Midnight
|
|-heal|p1a: WeedleTwinneedle|53/100|[from] item: Leftovers
|upkeep
|
|t:|1779567931
|switch|p2a: AutobotsRollOut|Iron Treads|97/100
|-damage|p2a: AutobotsRollOut|94/100|[from] Stealth Rock
|turn|15
|
|t:|1779567935
|move|p2a: AutobotsRollOut|Earthquake|p1a: WeedleTwinneedle
|-supereffective|p1a: WeedleTwinneedle
|-damage|p1a: WeedleTwinneedle|0 fnt
|faint|p1a: WeedleTwinneedle
|
|upkeep
|c|☆Grey_Flame|*phew*
|
|t:|1779567945
|switch|p1a: TusksBHanginLo|Great Tusk|100/100
|turn|16
|
|t:|1779567948
|-end|p2a: AutobotsRollOut|Quark Drive|[silent]
|switch|p2a: Thornhill|Chesnaught, M|100/100
|-damage|p2a: Thornhill|94/100|[from] Stealth Rock
|move|p1a: TusksBHanginLo|Rapid Spin|p2a: Thornhill
|-damage|p2a: Thornhill|86/100
|-boost|p1a: TusksBHanginLo|spe|1
|-damage|p1a: TusksBHanginLo|84/100|[from] item: Rocky Helmet|[of] p2a: Thornhill
|-sideend|p1: lockheed shartin|Spikes|[from] move: Rapid Spin|[of] p1a: TusksBHanginLo
|
|upkeep
|turn|17
|
|t:|1779567958
|-end|p1a: TusksBHanginLo|Protosynthesis|[silent]
|switch|p1a: JPEGMOTHIA|Iron Moth|71/100
|move|p2a: Thornhill|Spikes|p1a: JPEGMOTHIA
|-sidestart|p1: lockheed shartin|Spikes
|
|upkeep
|turn|18
|inactive|Grey_Flame has 120 seconds left.
|
|t:|1779567990
|switch|p2a: Leon Heart|Volcanion|100/100
|-damage|p2a: Leon Heart|76/100|[from] Stealth Rock
|move|p1a: JPEGMOTHIA|Toxic|p2a: Leon Heart
|-status|p2a: Leon Heart|tox
|
|-damage|p2a: Leon Heart|70/100 tox|[from] psn
|upkeep
|turn|19
|
|t:|1779568018
|move|p1a: JPEGMOTHIA|Morning Sun|p1a: JPEGMOTHIA
|-heal|p1a: JPEGMOTHIA|100/100
|move|p2a: Leon Heart|Steam Eruption|p1a: JPEGMOTHIA
|-supereffective|p1a: JPEGMOTHIA
|-damage|p1a: JPEGMOTHIA|0 fnt
|faint|p1a: JPEGMOTHIA
|-end|p1a: JPEGMOTHIA|Quark Drive|[silent]
|
|-damage|p2a: Leon Heart|57/100 tox|[from] psn
|upkeep
|inactive|lockheed shartin has 120 seconds left.
|inactive|lockheed shartin has 90 seconds left.
|
|t:|1779568070
|switch|p1a: TusksBHanginLo|Great Tusk|84/100
|turn|20
|
|t:|1779568078
|switch|p2a: Thornhill|Chesnaught, M|86/100
|-damage|p2a: Thornhill|80/100|[from] Stealth Rock
|move|p1a: TusksBHanginLo|Headlong Rush|p2a: Thornhill
|-resisted|p2a: Thornhill
|-damage|p2a: Thornhill|65/100
|-unboost|p1a: TusksBHanginLo|def|1
|-unboost|p1a: TusksBHanginLo|spd|1
|-damage|p1a: TusksBHanginLo|67/100|[from] item: Rocky Helmet|[of] p2a: Thornhill
|
|upkeep
|turn|21
|
|t:|1779568081
|move|p1a: TusksBHanginLo|Ice Spinner|p2a: Thornhill
|-supereffective|p2a: Thornhill
|-damage|p2a: Thornhill|40/100
|-damage|p1a: TusksBHanginLo|51/100|[from] item: Rocky Helmet|[of] p2a: Thornhill
|move|p2a: Thornhill|Synthesis|p2a: Thornhill
|-heal|p2a: Thornhill|90/100
|
|upkeep
|turn|22
|
|t:|1779568086
|move|p1a: TusksBHanginLo|Rapid Spin|p2a: Thornhill
|-damage|p2a: Thornhill|81/100
|-boost|p1a: TusksBHanginLo|spe|1
|-damage|p1a: TusksBHanginLo|34/100|[from] item: Rocky Helmet|[of] p2a: Thornhill
|-sideend|p1: lockheed shartin|Spikes|[from] move: Rapid Spin|[of] p1a: TusksBHanginLo
|move|p2a: Thornhill|Iron Defense|p2a: Thornhill
|-boost|p2a: Thornhill|def|2
|
|upkeep
|turn|23
|-message|lockheed shartin forfeited.
|
|win|Grey_Flame
|raw|lockheed shartin's rating: 1600 &rarr; <strong>1578</strong><br />(-22 for losing)
|raw|Grey_Flame's rating: 1557 &rarr; <strong>1579</strong><br />(+22 for winning)
|l|☆Grey_Flame
|player|p2|
|l|☆lockheed shartin
|player|p1|
