|j|☆rblt ryo
|j|☆lockheed shartin
|t:|1779562765
|gametype|singles
|player|p1|rblt ryo|grimsley-gen7|1510
|player|p2|lockheed shartin|burglar|1565
|gen|9
|tier|[Gen 9] OU
|rated|
|rule|HP Percentage Mod: HP is shown in percentages
|rule|Endless Battle Clause: Forcing endless battles is banned
|rule|Species Clause: Limit one of each Pokémon
|rule|OHKO Clause: OHKO moves are banned
|rule|Evasion Items Clause: Evasion items are banned
|rule|Evasion Moves Clause: Evasion moves are banned
|rule|Evasion Abilities Clause: Evasion abilities are banned
|rule|Sleep Moves Clause: Sleep-inducing moves are banned
|clearpoke
|poke|p1|Metagross|
|poke|p1|Keldeo-Resolute|
|poke|p1|Ting-Lu|
|poke|p1|Pecharunt|
|poke|p1|Dragapult, M|
|poke|p1|Zapdos|
|poke|p2|Great Tusk|
|poke|p2|Enamorus, F|
|poke|p2|Iron Moth|
|poke|p2|Raging Bolt|
|poke|p2|Garchomp, F|
|poke|p2|Samurott-Hisui, F|
|teampreview
|inactive|Battle timer is ON: inactive players will automatically lose when time's up. (requested by lockheed shartin)
|j| Couchthulhu
|
|t:|1779562781
|teamsize|p1|6
|teamsize|p2|6
|start
|switch|p1a: Keldeo|Keldeo-Resolute, shiny|100/100
|switch|p2a: LiquidSwords|Samurott-Hisui, F|100/100
|turn|1
|
|t:|1779562799
|switch|p2a: WeedleTwinneedle|Enamorus, F|100/100
|move|p1a: Keldeo|Surf|p2a: WeedleTwinneedle
|-crit|p2a: WeedleTwinneedle
|-damage|p2a: WeedleTwinneedle|0 fnt
|faint|p2a: WeedleTwinneedle
|
|upkeep
|
|t:|1779562822
|switch|p2a: WannaClap?|Raging Bolt|100/100
|turn|2
|
|t:|1779562827
|switch|p1a: Ting-Lu|Ting-Lu|100/100
|-ability|p1a: Ting-Lu|Vessel of Ruin
|-end|p2a: WannaClap?|Protosynthesis|[silent]
|switch|p2a: LiquidSwords|Samurott-Hisui, F|100/100
|
|upkeep
|turn|3
|
|t:|1779562831
|switch|p1a: Keldeo|Keldeo-Resolute, shiny|100/100
|move|p2a: LiquidSwords|Razor Shell|p1a: Keldeo
|-resisted|p1a: Keldeo
|-damage|p1a: Keldeo|70/100
|-unboost|p1a: Keldeo|def|1
|
|upkeep
|turn|4
|
|t:|1779562837
|move|p2a: LiquidSwords|Razor Shell|p1a: Keldeo
|-resisted|p1a: Keldeo
|-damage|p1a: Keldeo|26/100
|-unboost|p1a: Keldeo|def|1
|move|p1a: Keldeo|Secret Sword|p2a: LiquidSwords
|-supereffective|p2a: LiquidSwords
|-damage|p2a: LiquidSwords|0 fnt
|faint|p2a: LiquidSwords
|
|upkeep
|
|t:|1779562841
|switch|p2a: Sucker4SharkMeat|Garchomp, F|100/100
|turn|5
|
|t:|1779562850
|move|p1a: Keldeo|Secret Sword|p2a: Sucker4SharkMeat
|-damage|p2a: Sucker4SharkMeat|32/100
|move|p2a: Sucker4SharkMeat|Earthquake|p1a: Keldeo
|-damage|p1a: Keldeo|0 fnt
|faint|p1a: Keldeo
|
|upkeep
|
|t:|1779562861
|switch|p1a: Dragapult|Dragapult, M|100/100
|turn|6
|
|t:|1779562863
|switch|p2a: JPEGMOTHIA|Iron Moth|100/100
|move|p1a: Dragapult|Shadow Ball|p2a: JPEGMOTHIA
|-damage|p2a: JPEGMOTHIA|72/100
|
|upkeep
|turn|7
|
|t:|1779562881
|switch|p1a: Ting-Lu|Ting-Lu|100/100
|-ability|p1a: Ting-Lu|Vessel of Ruin
|move|p2a: JPEGMOTHIA|Toxic|p1a: Ting-Lu
|-status|p1a: Ting-Lu|tox
|
|-damage|p1a: Ting-Lu|94/100 tox|[from] psn
|upkeep
|turn|8
|
|t:|1779562886
|-end|p2a: JPEGMOTHIA|Quark Drive|[silent]
|switch|p2a: TusksBHanginLo|Great Tusk|100/100
|move|p1a: Ting-Lu|Ruination|p2a: TusksBHanginLo
|-damage|p2a: TusksBHanginLo|50/100
|
|-heal|p1a: Ting-Lu|100/100 tox|[from] item: Leftovers
|-damage|p1a: Ting-Lu|88/100 tox|[from] psn
|upkeep
|turn|9
|
|t:|1779562892
|switch|p1a: Zapdos|Zapdos|100/100
|move|p2a: TusksBHanginLo|Stealth Rock|p1a: Zapdos
|-sidestart|p1: rblt ryo|move: Stealth Rock
|
|upkeep
|turn|10
|
|t:|1779562896
|move|p1a: Zapdos|Heat Wave|p2a: TusksBHanginLo
|-damage|p2a: TusksBHanginLo|7/100
|-status|p2a: TusksBHanginLo|brn
|move|p2a: TusksBHanginLo|Ice Spinner|p1a: Zapdos
|-supereffective|p1a: Zapdos
|-damage|p1a: Zapdos|72/100
|
|-damage|p2a: TusksBHanginLo|0 fnt|[from] brn
|faint|p2a: TusksBHanginLo
|-end|p2a: TusksBHanginLo|Protosynthesis|[silent]
|upkeep
|
|t:|1779562906
|switch|p2a: WannaClap?|Raging Bolt|100/100
|turn|11
|
|t:|1779562917
|move|p1a: Zapdos|Volt Switch|p2a: WannaClap?
|-resisted|p2a: WannaClap?
|-damage|p2a: WannaClap?|93/100
|
|t:|1779562919
|switch|p1a: Ting-Lu|Ting-Lu|88/100 tox|[from] Volt Switch
|-damage|p1a: Ting-Lu|82/100 tox|[from] Stealth Rock
|-ability|p1a: Ting-Lu|Vessel of Ruin
|move|p2a: WannaClap?|Draco Meteor|p1a: Ting-Lu
|-damage|p1a: Ting-Lu|35/100 tox
|-unboost|p2a: WannaClap?|spa|2
|
|-heal|p1a: Ting-Lu|41/100 tox|[from] item: Leftovers
|-damage|p1a: Ting-Lu|35/100 tox|[from] psn
|upkeep
|turn|12
|
|t:|1779562923
|move|p2a: WannaClap?|Draco Meteor|p1a: Ting-Lu
|-damage|p1a: Ting-Lu|9/100 tox
|-unboost|p2a: WannaClap?|spa|2
|move|p1a: Ting-Lu|Stealth Rock|p2a: WannaClap?
|-sidestart|p2: lockheed shartin|move: Stealth Rock
|
|-heal|p1a: Ting-Lu|15/100 tox|[from] item: Leftovers
|-damage|p1a: Ting-Lu|3/100 tox|[from] psn
|upkeep
|turn|13
|
|t:|1779562926
|move|p2a: WannaClap?|Draco Meteor|p1a: Ting-Lu
|-damage|p1a: Ting-Lu|0 fnt
|-unboost|p2a: WannaClap?|spa|2
|faint|p1a: Ting-Lu
|
|upkeep
|
|t:|1779562931
|switch|p1a: Metagross|Metagross, shiny|100/100
|-damage|p1a: Metagross|94/100|[from] Stealth Rock
|turn|14
|
|t:|1779562935
|-end|p2a: WannaClap?|Protosynthesis|[silent]
|switch|p2a: JPEGMOTHIA|Iron Moth|72/100
|move|p1a: Metagross|Psychic Fangs|p2a: JPEGMOTHIA
|-supereffective|p2a: JPEGMOTHIA
|-damage|p2a: JPEGMOTHIA|0 fnt
|faint|p2a: JPEGMOTHIA
|-end|p2a: JPEGMOTHIA|Quark Drive|[silent]
|
|upkeep
|
|t:|1779562937
|switch|p2a: Sucker4SharkMeat|Garchomp, F|32/100
|-damage|p2a: Sucker4SharkMeat|25/100|[from] Stealth Rock
|turn|15
|j| kirindoto
|l| kirindoto
|
|t:|1779562956
|-terastallize|p1a: Metagross|Dark
|move|p2a: Sucker4SharkMeat|Swords Dance|p2a: Sucker4SharkMeat
|-boost|p2a: Sucker4SharkMeat|atk|2
|move|p1a: Metagross|Knock Off|p2a: Sucker4SharkMeat
|-damage|p2a: Sucker4SharkMeat|0 fnt
|-damage|p1a: Metagross|82/100|[from] ability: Rough Skin|[of] p2a: Sucker4SharkMeat
|-enditem|p2a: Sucker4SharkMeat|Loaded Dice|[from] move: Knock Off|[of] p1a: Metagross
|faint|p2a: Sucker4SharkMeat
|
|upkeep
|
|t:|1779562960
|switch|p2a: WannaClap?|Raging Bolt|93/100
|-damage|p2a: WannaClap?|81/100|[from] Stealth Rock
|turn|16
|
|t:|1779562967
|move|p2a: WannaClap?|Thunderbolt|p1a: Metagross
|-crit|p1a: Metagross
|-damage|p1a: Metagross|0 fnt
|faint|p1a: Metagross
|
|upkeep
|
|t:|1779562976
|switch|p1a: Pecharunt|Pecharunt|100/100
|turn|17
|
|t:|1779562979
|move|p2a: WannaClap?|Thunderbolt|p1a: Pecharunt
|-damage|p1a: Pecharunt|25/100
|move|p1a: Pecharunt|Malignant Chain|p2a: WannaClap?
|-damage|p2a: WannaClap?|54/100
|
|upkeep
|turn|18
|
|t:|1779562986
|move|p2a: WannaClap?|Thunderbolt|p1a: Pecharunt
|-damage|p1a: Pecharunt|0 fnt
|faint|p1a: Pecharunt
|
|upkeep
|
|t:|1779562989
|switch|p1a: Zapdos|Zapdos|72/100
|turn|19
|
|t:|1779562991
|move|p1a: Zapdos|Hurricane|p2a: WannaClap?
|-resisted|p2a: WannaClap?
|-damage|p2a: WannaClap?|27/100
|move|p2a: WannaClap?|Thunderbolt|p1a: Zapdos
|-damage|p1a: Zapdos|0 fnt
|faint|p1a: Zapdos
|
|upkeep
|
|t:|1779562995
|switch|p1a: Dragapult|Dragapult, M|100/100
|-damage|p1a: Dragapult|88/100|[from] Stealth Rock
|turn|20
|
|t:|1779562997
|-terastallize|p2a: WannaClap?|Fairy
|move|p1a: Dragapult|Shadow Ball|p2a: WannaClap?
|-damage|p2a: WannaClap?|0 fnt
|faint|p2a: WannaClap?
|-end|p2a: WannaClap?|Protosynthesis|[silent]
|
|win|rblt ryo
|raw|rblt ryo's rating: 1510 &rarr; <strong>1533</strong><br />(+23 for winning)
|raw|lockheed shartin's rating: 1565 &rarr; <strong>1542</strong><br />(-23 for losing)
|l|☆lockheed shartin
|player|p2|
