|j|☆chefivan
|j|☆gaaadiel
|t:|1779597806
|gametype|singles
|player|p1|chefivan|1|1364
|player|p2|gaaadiel|hilbert|1362
|gen|9
|tier|[Gen 9] OU
|rated|
|rule|HP Percentage Mod: HP is shown in percentages
|rule|Endless Battle Clause: Forcing endless battles is banned
|rule|Species Clause: Limit one of each Pokémon
|rule|OHKO Clause: OHKO moves are banned
|rule|Evasion Items Clause: Evasion items are banned
|rule|Evasion Moves Clause: Evasion moves are banned
|rule|Evasion Abilities Clause: Evasion abilities are banned
|rule|Sleep Moves Clause: Sleep-inducing moves are banned
|clearpoke
|poke|p1|Darkrai|
|poke|p1|Garchomp, F|
|poke|p1|Alomomola, F|
|poke|p1|Corviknight, M|
|poke|p1|Weezing-Galar, M|
|poke|p1|Ogerpon, F|
|poke|p2|Slither Wing|
|poke|p2|Slowking-Galar, M|
|poke|p2|Meowscarada, F|
|poke|p2|Torkoal, F|
|poke|p2|Darkrai|
|poke|p2|Landorus-Therian, M|
|teampreview
|inactive|Battle timer is ON: inactive players will automatically lose when time's up. (requested by gaaadiel)
|inactive|gaaadiel has 120 seconds left.
|c|☆gaaadiel|lets all be ou and not tell cornerstone
|
|t:|1779597857
|teamsize|p1|6
|teamsize|p2|6
|start
|switch|p1a: Darkrai|Darkrai|100/100
|switch|p2a: Darkrai|Darkrai|100/100
|turn|1
|
|t:|1779597872
|switch|p1a: Alomomola|Alomomola, F|100/100
|switch|p2a: Meowscarada|Meowscarada, F|100/100
|
|upkeep
|turn|2
|
|t:|1779597880
|switch|p1a: Weezing|Weezing-Galar, M|100/100
|-ability|p1a: Weezing|Neutralizing Gas
|move|p2a: Meowscarada|Knock Off|p1a: Weezing
|-resisted|p1a: Weezing
|-damage|p1a: Weezing|87/100
|-enditem|p1a: Weezing|Leftovers|[from] move: Knock Off|[of] p2a: Meowscarada
|
|upkeep
|turn|3
|
|t:|1779597903
|switch|p2a: Slowking|Slowking-Galar, M|100/100
|move|p1a: Weezing|Sludge Bomb|p2a: Slowking
|-resisted|p2a: Slowking
|-damage|p2a: Slowking|94/100
|
|upkeep
|turn|4
|
|t:|1779597911
|-end|p1a: Weezing|ability: Neutralizing Gas
|switch|p1a: Corviknight|Corviknight, M|100/100
|-ability|p1a: Corviknight|Pressure
|move|p2a: Slowking|Sludge Bomb|p1a: Corviknight
|-immune|p1a: Corviknight
|
|upkeep
|turn|5
|
|t:|1779597919
|move|p1a: Corviknight|U-turn|p2a: Slowking
|-damage|p2a: Slowking|80/100
|
|t:|1779597930
|switch|p1a: Darkrai|Darkrai|100/100|[from] U-turn
|move|p2a: Slowking|Flamethrower|p1a: Darkrai
|-damage|p1a: Darkrai|61/100
|
|upkeep
|turn|6
|
|t:|1779597957
|move|p1a: Darkrai|Dark Pulse|p2a: Slowking
|-supereffective|p2a: Slowking
|-damage|p2a: Slowking|11/100
|move|p2a: Slowking|Sludge Bomb|p1a: Darkrai
|-damage|p1a: Darkrai|9/100
|
|upkeep
|turn|7
|
|t:|1779597969
|switch|p2a: Slither Wing|Slither Wing|100/100
|move|p1a: Darkrai|Dark Pulse|p2a: Slither Wing
|-resisted|p2a: Slither Wing
|-damage|p2a: Slither Wing|68/100
|
|upkeep
|turn|8
|inactive|gaaadiel has 120 seconds left.
|
|t:|1779597988
|switch|p1a: Garchomp|Garchomp, F|100/100
|move|p2a: Slither Wing|U-turn|p1a: Garchomp
|-damage|p1a: Garchomp|61/100
|-damage|p2a: Slither Wing|55/100|[from] ability: Rough Skin|[of] p1a: Garchomp
|-damage|p2a: Slither Wing|39/100|[from] item: Rocky Helmet|[of] p1a: Garchomp
|inactive|gaaadiel has 120 seconds left.
|
|t:|1779597996
|-end|p2a: Slither Wing|Protosynthesis|[silent]
|switch|p2a: Meowscarada|Meowscarada, F|100/100|[from] U-turn
|
|upkeep
|turn|9
|inactive|gaaadiel has 120 seconds left.
|
|t:|1779598009
|move|p2a: Meowscarada|Triple Axel|p1a: Garchomp
|-start|p2a: Meowscarada|typechange|Ice|[from] ability: Protean
|-supereffective|p1a: Garchomp
|-damage|p1a: Garchomp|38/100
|-damage|p2a: Meowscarada|88/100|[from] ability: Rough Skin|[of] p1a: Garchomp
|-damage|p2a: Meowscarada|72/100|[from] item: Rocky Helmet|[of] p1a: Garchomp
|-supereffective|p1a: Garchomp
|-damage|p1a: Garchomp|0 fnt
|-damage|p2a: Meowscarada|60/100|[from] ability: Rough Skin|[of] p1a: Garchomp
|-damage|p2a: Meowscarada|43/100|[from] item: Rocky Helmet|[of] p1a: Garchomp
|faint|p1a: Garchomp
|-hitcount|p1: Garchomp|2
|
|upkeep
|
|t:|1779598020
|switch|p1a: Weezing|Weezing-Galar, M|87/100
|-ability|p1a: Weezing|Neutralizing Gas
|turn|10
|
|t:|1779598030
|switch|p2a: Torkoal|Torkoal, F|100/100
|-end|p1a: Weezing|ability: Neutralizing Gas
|-weather|SunnyDay|[from] ability: Drought|[of] p2a: Torkoal
|switch|p1a: Darkrai|Darkrai|9/100
|
|-weather|SunnyDay|[upkeep]
|upkeep
|turn|11
|
|t:|1779598035
|move|p1a: Darkrai|Dark Pulse|p2a: Torkoal
|-damage|p2a: Torkoal|10/100
|move|p2a: Torkoal|Stealth Rock|p1a: Darkrai
|-sidestart|p1: chefivan|move: Stealth Rock
|
|-weather|SunnyDay|[upkeep]
|upkeep
|turn|12
|
|t:|1779598041
|move|p1a: Darkrai|Dark Pulse|p2a: Torkoal
|-damage|p2a: Torkoal|0 fnt
|faint|p2a: Torkoal
|
|-weather|SunnyDay|[upkeep]
|upkeep
|
|t:|1779598045
|switch|p2a: Slither Wing|Slither Wing|39/100
|-activate|p2a: Slither Wing|ability: Protosynthesis
|-start|p2a: Slither Wing|protosynthesisatk
|turn|13
|
|t:|1779598069
|switch|p1a: Weezing|Weezing-Galar, M|87/100
|-ability|p1a: Weezing|Neutralizing Gas
|-damage|p1a: Weezing|74/100|[from] Stealth Rock
|move|p2a: Slither Wing|First Impression|p1a: Weezing
|-resisted|p1a: Weezing
|-damage|p1a: Weezing|61/100
|
|-weather|SunnyDay|[upkeep]
|upkeep
|turn|14
|
|t:|1779598084
|-end|p2a: Slither Wing|Protosynthesis|[silent]
|switch|p2a: Slowking|Slowking-Galar, M|45/100
|move|p1a: Weezing|Defog|p2a: Slowking
|-unboost|p2a: Slowking|evasion|1
|-sideend|p1: chefivan|Stealth Rock|[from] move: Defog|[of] p1a: Weezing
|
|-weather|none
|upkeep
|turn|15
|inactive|gaaadiel has 120 seconds left.
|
|t:|1779598110
|switch|p2a: Landorus|Landorus-Therian, M|100/100
|move|p1a: Weezing|Will-O-Wisp|p2a: Landorus
|-status|p2a: Landorus|brn
|
|-damage|p2a: Landorus|94/100 brn|[from] brn
|upkeep
|turn|16
|
|t:|1779598121
|-end|p1a: Weezing|ability: Neutralizing Gas
|-ability|p2a: Landorus|Intimidate|boost
|-unboost|p1a: Weezing|atk|1
|switch|p1a: Corviknight|Corviknight, M|100/100
|-ability|p1a: Corviknight|Pressure
|move|p2a: Landorus|Taunt|p1a: Corviknight
|-start|p1a: Corviknight|move: Taunt
|
|-damage|p2a: Landorus|88/100 brn|[from] brn
|upkeep
|turn|17
|inactive|gaaadiel has 120 seconds left.
|
|t:|1779598137
|switch|p2a: Slowking|Slowking-Galar, M|45/100
|move|p1a: Corviknight|U-turn|p2a: Slowking
|-damage|p2a: Slowking|29/100
|
|t:|1779598142
|switch|p1a: Darkrai|Darkrai|9/100|[from] U-turn
|
|upkeep
|turn|18
|inactive|gaaadiel has 120 seconds left.
|
|t:|1779598153
|switch|p2a: Slither Wing|Slither Wing|39/100
|move|p1a: Darkrai|Dark Pulse|p2a: Slither Wing
|-resisted|p2a: Slither Wing
|-damage|p2a: Slither Wing|3/100
|
|upkeep
|turn|19
|inactive|gaaadiel has 120 seconds left.
|
|t:|1779598168
|switch|p1a: Weezing|Weezing-Galar, M|61/100
|-ability|p1a: Weezing|Neutralizing Gas
|move|p2a: Slither Wing|Close Combat|p1a: Weezing
|-resisted|p1a: Weezing
|-damage|p1a: Weezing|45/100
|-unboost|p2a: Slither Wing|def|1
|-unboost|p2a: Slither Wing|spd|1
|
|upkeep
|turn|20
|
|t:|1779598178
|-end|p2a: Slither Wing|Protosynthesis|[silent]
|switch|p2a: Slowking|Slowking-Galar, M|63/100
|move|p1a: Weezing|Sludge Bomb|p2a: Slowking
|-resisted|p2a: Slowking
|-damage|p2a: Slowking|56/100
|
|upkeep
|turn|21
|inactive|gaaadiel has 120 seconds left.
|
|t:|1779598185
|move|p1a: Weezing|Will-O-Wisp|p2a: Slowking
|-status|p2a: Slowking|brn
|move|p2a: Slowking|Flamethrower|p1a: Weezing
|-damage|p1a: Weezing|9/100
|
|-damage|p2a: Slowking|49/100 brn|[from] brn
|upkeep
|turn|22
|
|t:|1779598206
|move|p1a: Weezing|Pain Split|p2a: Slowking
|-sethp|p2a: Slowking|28/100 brn|[from] move: Pain Split|[silent]
|-sethp|p1a: Weezing|34/100|[from] move: Pain Split
|move|p2a: Slowking|Flamethrower|p1a: Weezing
|-damage|p1a: Weezing|0 fnt
|faint|p1a: Weezing
|-end|p1a: Weezing|ability: Neutralizing Gas
|
|-damage|p2a: Slowking|22/100 brn|[from] brn
|upkeep
|
|t:|1779598210
|switch|p1a: Darkrai|Darkrai|9/100
|turn|23
|inactive|gaaadiel has 120 seconds left.
|
|t:|1779598240
|switch|p2a: Landorus|Landorus-Therian, M|88/100 brn
|-ability|p2a: Landorus|Intimidate|boost
|-unboost|p1a: Darkrai|atk|1
|move|p1a: Darkrai|Dark Pulse|p2a: Landorus
|-damage|p2a: Landorus|18/100 brn
|
|-damage|p2a: Landorus|11/100 brn|[from] brn
|upkeep
|turn|24
|
|t:|1779598255
|move|p1a: Darkrai|Dark Pulse|p2a: Landorus
|-damage|p2a: Landorus|0 fnt
|faint|p2a: Landorus
|
|upkeep
|inactive|gaaadiel has 120 seconds left.
|
|t:|1779598274
|switch|p2a: Meowscarada|Meowscarada, F|43/100
|turn|25
|
|t:|1779598284
|switch|p1a: Corviknight|Corviknight, M|100/100
|-ability|p1a: Corviknight|Pressure
|move|p2a: Meowscarada|Knock Off|p1a: Corviknight
|-start|p2a: Meowscarada|typechange|Dark|[from] ability: Protean
|-damage|p1a: Corviknight|61/100
|-enditem|p1a: Corviknight|Leftovers|[from] move: Knock Off|[of] p2a: Meowscarada
|
|upkeep
|turn|26
|inactive|gaaadiel has 120 seconds left.
|
|t:|1779598300
|switch|p2a: Slowking|Slowking-Galar, M|56/100 brn
|move|p1a: Corviknight|U-turn|p2a: Slowking
|-damage|p2a: Slowking|39/100 brn
|
|t:|1779598307
|switch|p1a: Darkrai|Darkrai|9/100|[from] U-turn
|
|-damage|p2a: Slowking|33/100 brn|[from] brn
|upkeep
|turn|27
|inactive|gaaadiel has 120 seconds left.
|
|t:|1779598337
|switch|p2a: Darkrai|Darkrai|100/100
|move|p1a: Darkrai|Dark Pulse|p2a: Darkrai
|-resisted|p2a: Darkrai
|-damage|p2a: Darkrai|60/100
|
|upkeep
|turn|28
|
|t:|1779598348
|switch|p1a: Alomomola|Alomomola, F|100/100
|move|p2a: Darkrai|Dark Pulse|p1a: Alomomola
|-damage|p1a: Alomomola|78/100
|
|upkeep
|turn|29
|
|t:|1779598376
|switch|p2a: Slowking|Slowking-Galar, M|66/100 brn
|move|p1a: Alomomola|Flip Turn|p2a: Slowking
|-damage|p2a: Slowking|49/100 brn
|
|t:|1779598381
|switch|p1a: Darkrai|Darkrai|9/100|[from] Flip Turn
|
|-damage|p2a: Slowking|43/100 brn|[from] brn
|upkeep
|turn|30
|inactive|gaaadiel has 90 seconds left.
|
|t:|1779598406
|-terastallize|p2a: Slowking|Water
|move|p1a: Darkrai|Dark Pulse|p2a: Slowking
|-damage|p2a: Slowking|13/100 brn
|move|p2a: Slowking|Flamethrower|p1a: Darkrai
|-damage|p1a: Darkrai|0 fnt
|faint|p1a: Darkrai
|
|-damage|p2a: Slowking|7/100 brn|[from] brn
|upkeep
|
|t:|1779598409
|switch|p1a: Ogerpon|Ogerpon, F|100/100
|turn|31
|
|t:|1779598424
|switch|p2a: Darkrai|Darkrai|60/100
|-terastallize|p1a: Ogerpon|Grass
|detailschange|p1a: Ogerpon|Ogerpon-Teal-Tera, F, tera:Grass
|-ability|p1a: Ogerpon|Embody Aspect (Teal)|boost
|-boost|p1a: Ogerpon|spe|1
|move|p1a: Ogerpon|Ivy Cudgel|p2a: Darkrai
|-crit|p2a: Darkrai
|-damage|p2a: Darkrai|0 fnt
|faint|p2a: Darkrai
|
|upkeep
|
|t:|1779598432
|switch|p2a: Slither Wing|Slither Wing|3/100
|turn|32
|
|t:|1779598442
|switch|p1a: Corviknight|Corviknight, M|61/100
|-ability|p1a: Corviknight|Pressure
|move|p2a: Slither Wing|First Impression|p1a: Corviknight
|-resisted|p1a: Corviknight
|-damage|p1a: Corviknight|44/100
|
|upkeep
|turn|33
|
|t:|1779598445
|-end|p2a: Slither Wing|Protosynthesis|[silent]
|switch|p2a: Slowking|Slowking-Galar, M, tera:Water|41/100 brn
|move|p1a: Corviknight|U-turn|p2a: Slowking
|-damage|p2a: Slowking|26/100 brn
|
|t:|1779598447
|switch|p1a: Ogerpon|Ogerpon-Teal-Tera, F, tera:Grass|100/100|[from] U-turn
|-ability|p1a: Ogerpon|Embody Aspect (Teal)|boost
|-boost|p1a: Ogerpon|spe|1
|
|-damage|p2a: Slowking|20/100 brn|[from] brn
|upkeep
|turn|34
|inactive|gaaadiel has 120 seconds left.
|
|t:|1779598454
|move|p1a: Ogerpon|Ivy Cudgel|p2a: Slowking
|-supereffective|p2a: Slowking
|-damage|p2a: Slowking|0 fnt
|faint|p2a: Slowking
|
|upkeep
|
|t:|1779598457
|switch|p2a: Slither Wing|Slither Wing|3/100
|turn|35
|
|t:|1779598459
|switch|p1a: Corviknight|Corviknight, M|44/100
|-ability|p1a: Corviknight|Pressure
|move|p2a: Slither Wing|Close Combat|p1a: Corviknight
|-damage|p1a: Corviknight|0 fnt
|-unboost|p2a: Slither Wing|def|1
|-unboost|p2a: Slither Wing|spd|1
|faint|p1a: Corviknight
|
|upkeep
|
|t:|1779598463
|switch|p1a: Ogerpon|Ogerpon-Teal-Tera, F, tera:Grass|100/100
|-ability|p1a: Ogerpon|Embody Aspect (Teal)|boost
|-boost|p1a: Ogerpon|spe|1
|turn|36
|
|t:|1779598470
|-end|p2a: Slither Wing|Protosynthesis|[silent]
|switch|p2a: Meowscarada|Meowscarada, F|43/100
|move|p1a: Ogerpon|Ivy Cudgel|p2a: Meowscarada
|-resisted|p2a: Meowscarada
|-damage|p2a: Meowscarada|0 fnt
|faint|p2a: Meowscarada
|
|upkeep
|
|t:|1779598473
|switch|p2a: Slither Wing|Slither Wing|3/100
|turn|37
|-message|gaaadiel forfeited.
|
|win|chefivan
|raw|chefivan's rating: 1364 &rarr; <strong>1384</strong><br />(+20 for winning)
|raw|gaaadiel's rating: 1362 &rarr; <strong>1342</strong><br />(-20 for losing)
|l|☆gaaadiel
|player|p2|
|l|☆chefivan
|player|p1|
