|inactive|Battle timer is ON: inactive players will automatically lose when time's up.
|t:|1779648155
|gametype|singles
|player|p1|mipc|dawn-gen4pt|
|player|p2|sire clod|#wcop2026uswest2|
|gen|9
|tier|[Gen 9] OU
|rule|HP Percentage Mod: HP is shown in percentages
|rule|Endless Battle Clause: Forcing endless battles is banned
|rule|Species Clause: Limit one of each Pokémon
|rule|OHKO Clause: OHKO moves are banned
|rule|Evasion Items Clause: Evasion items are banned
|rule|Evasion Moves Clause: Evasion moves are banned
|rule|Evasion Abilities Clause: Evasion abilities are banned
|rule|Sleep Moves Clause: Sleep-inducing moves are banned
|clearpoke
|poke|p1|Kingambit, F|
|poke|p1|Skarmory, F|
|poke|p1|Garganacl, M|
|poke|p1|Gliscor, F|
|poke|p1|Slowking-Galar, F|
|poke|p1|Dragapult, F|
|poke|p2|Kingambit, F|
|poke|p2|Ursaluna, M|
|poke|p2|Dragapult, F|
|poke|p2|Manaphy|
|poke|p2|Glimmora, F|
|poke|p2|Zamazenta-*|
|teampreview
|c|☆sire clod|hf
|inactive|mipc has 270 seconds left.
|inactive|sire clod has 270 seconds left.
|c|☆mipc|hf
|c|+pinecoishot|the klod kult klassic team
|c|☆sire clod|ayo?
|inactive|mipc has 240 seconds left.
|
|t:|1779648231
|teamsize|p1|6
|teamsize|p2|6
|start
|switch|p1a: Slowking|Slowking-Galar, F|100/100
|switch|p2a: Zamazenta|Zamazenta|100/100
|-ability|p2a: Zamazenta|Dauntless Shield|boost
|-boost|p2a: Zamazenta|def|1
|turn|1
|
|t:|1779648241
|move|p2a: Zamazenta|Light Screen|p2a: Zamazenta
|-sidestart|p2: sire clod|move: Light Screen
|move|p1a: Slowking|Psychic Noise|p2a: Zamazenta
|-supereffective|p2a: Zamazenta
|-damage|p2a: Zamazenta|76/100
|-start|p2a: Zamazenta|move: Heal Block
|
|upkeep
|turn|2
|
|t:|1779648246
|switch|p2a: Ursaluna|Ursaluna, M|100/100
|move|p1a: Slowking|Sludge Bomb|p2a: Ursaluna
|-resisted|p2a: Ursaluna
|-damage|p2a: Ursaluna|92/100
|
|-status|p2a: Ursaluna|brn|[from] item: Flame Orb
|upkeep
|turn|3
|
|t:|1779648256
|switch|p2a: Glimmora|Glimmora, F|100/100
|switch|p1a: Skarmory|Skarmory, F|100/100
|
|upkeep
|turn|4
|
|t:|1779648274
|move|p2a: Glimmora|Stealth Rock|p1a: Skarmory
|-sidestart|p1: mipc|move: Stealth Rock
|move|p1a: Skarmory|Body Press|p2a: Glimmora
|-damage|p2a: Glimmora|76/100
|-activate|p2a: Glimmora|ability: Toxic Debris
|-sidestart|p1: mipc|move: Toxic Spikes
|-enditem|p2a: Glimmora|Red Card|[of] p1a: Skarmory
|drag|p1a: Kingambit|Kingambit, F|100/100
|
|upkeep
|turn|5
|
|t:|1779648285
|move|p2a: Glimmora|Earth Power|p1a: Kingambit
|-supereffective|p1a: Kingambit
|-damage|p1a: Kingambit|41/100
|move|p1a: Kingambit|Iron Head|p2a: Glimmora
|-supereffective|p2a: Glimmora
|-damage|p2a: Glimmora|8/100
|-activate|p2a: Glimmora|ability: Toxic Debris
|-sidestart|p1: mipc|move: Toxic Spikes
|
|upkeep
|turn|6
|
|t:|1779648309
|switch|p2a: Zamazenta|Zamazenta|76/100
|-end|p1a: Kingambit|fallenundefined|[silent]
|switch|p1a: Slowking|Slowking-Galar, F|100/100
|-sideend|p1: mipc|move: Toxic Spikes|[of] p1a: Slowking
|
|upkeep
|turn|7
|
|t:|1779648323
|move|p2a: Zamazenta|Reflect|p2a: Zamazenta
|-sidestart|p2: sire clod|Reflect
|-prepare|p1a: Slowking|Chilly Reception|[premajor]
|move|p1a: Slowking|Chilly Reception|p1a: Slowking
|-weather|Snowscape
|
|t:|1779648328
|switch|p1a: Skarmory|Skarmory, F|100/100|[from] Chilly Reception
|-damage|p1a: Skarmory|88/100|[from] Stealth Rock
|
|-weather|Snowscape|[upkeep]
|upkeep
|turn|8
|
|t:|1779648336
|switch|p2a: Dragapult|Dragapult, F|100/100
|move|p1a: Skarmory|Spikes|p2a: Dragapult
|-sidestart|p2: sire clod|Spikes
|
|-weather|Snowscape|[upkeep]
|-sideend|p2: sire clod|move: Light Screen
|upkeep
|turn|9
|
|t:|1779648345
|switch|p2a: Zamazenta|Zamazenta|76/100
|-damage|p2a: Zamazenta|64/100|[from] Spikes
|switch|p1a: Garganacl|Garganacl, M|100/100
|
|-weather|Snowscape|[upkeep]
|upkeep
|turn|10
|
|t:|1779648351
|switch|p1a: Slowking|Slowking-Galar, F|100/100
|move|p2a: Zamazenta|Light Screen|p2a: Zamazenta
|-sidestart|p2: sire clod|move: Light Screen
|
|-weather|Snowscape|[upkeep]
|upkeep
|turn|11
|
|t:|1779648354
|switch|p2a: Glimmora|Glimmora, F|8/100
|-damage|p2a: Glimmora|0 fnt|[from] Spikes
|faint|p2a: Glimmora
|move|p1a: Slowking|Toxic Spikes|p2: Glimmora
|-sidestart|p2: sire clod|move: Toxic Spikes
|
|-weather|none
|upkeep
|
|t:|1779648361
|switch|p2a: Ursaluna|Ursaluna, M|92/100 brn
|-damage|p2a: Ursaluna|80/100 brn|[from] Spikes
|turn|12
|
|t:|1779648365
|switch|p1a: Skarmory|Skarmory, F|88/100
|-damage|p1a: Skarmory|76/100|[from] Stealth Rock
|move|p2a: Ursaluna|Swords Dance|p2a: Ursaluna
|-boost|p2a: Ursaluna|atk|2
|
|-damage|p2a: Ursaluna|74/100 brn|[from] brn
|upkeep
|turn|13
|
|t:|1779648389
|move|p2a: Ursaluna|Facade|p1a: Skarmory
|-resisted|p1a: Skarmory
|-damage|p1a: Skarmory|11/100
|-damage|p2a: Ursaluna|57/100 brn|[from] item: Rocky Helmet|[of] p1a: Skarmory
|move|p1a: Skarmory|Iron Defense|p1a: Skarmory
|-boost|p1a: Skarmory|def|2
|
|-damage|p2a: Ursaluna|51/100 brn|[from] brn
|upkeep
|turn|14
|
|t:|1779648397
|move|p2a: Ursaluna|Facade|p1a: Skarmory
|-resisted|p1a: Skarmory
|-damage|p1a: Skarmory|0 fnt
|-damage|p2a: Ursaluna|34/100 brn|[from] item: Rocky Helmet|[of] p1a: Skarmory
|faint|p1a: Skarmory
|
|-damage|p2a: Ursaluna|28/100 brn|[from] brn
|-sideend|p2: sire clod|Reflect
|upkeep
|
|t:|1779648423
|switch|p1a: Dragapult|Dragapult, F|100/100
|turn|15
|
|t:|1779648436
|move|p1a: Dragapult|Dragon Darts|p2a: Ursaluna
|-damage|p2a: Ursaluna|12/100 brn
|-anim|p1a: Dragapult|Dragon Darts|p2a: Ursaluna
|-damage|p2a: Ursaluna|0 fnt
|faint|p2a: Ursaluna
|
|upkeep
|inactive|sire clod has 270 seconds left.
|
|t:|1779648472
|switch|p2a: Dragapult|Dragapult, F|100/100
|-damage|p2a: Dragapult|88/100|[from] Spikes
|-status|p2a: Dragapult|psn
|turn|16
|
|t:|1779648478
|switch|p1a: Garganacl|Garganacl, M|100/100
|move|p2a: Dragapult|Dragon Darts|p1a: Garganacl
|-damage|p1a: Garganacl|85/100
|-anim|p2a: Dragapult|Dragon Darts|p1a: Garganacl
|-damage|p1a: Garganacl|69/100
|-damage|p2a: Dragapult|78/100 psn|[from] item: Life Orb
|
|-damage|p2a: Dragapult|66/100 psn|[from] psn
|upkeep
|turn|17
|inactive|sire clod has 270 seconds left.
|
|t:|1779648484
|switch|p2a: Manaphy|Manaphy|100/100
|-damage|p2a: Manaphy|88/100|[from] Spikes
|-status|p2a: Manaphy|psn
|move|p1a: Garganacl|Recover|p1a: Garganacl
|-heal|p1a: Garganacl|100/100
|
|-heal|p2a: Manaphy|94/100 psn|[from] item: Leftovers
|-damage|p2a: Manaphy|82/100 psn|[from] psn
|-sideend|p2: sire clod|move: Light Screen
|upkeep
|turn|18
|
|t:|1779648488
|switch|p1a: Dragapult|Dragapult, F|100/100
|move|p2a: Manaphy|Substitute|p2a: Manaphy
|-start|p2a: Manaphy|Substitute
|-damage|p2a: Manaphy|57/100 psn
|
|-heal|p2a: Manaphy|63/100 psn|[from] item: Leftovers
|-damage|p2a: Manaphy|51/100 psn|[from] psn
|upkeep
|turn|19
|
|t:|1779648492
|move|p1a: Dragapult|Hex|p2a: Manaphy
|-damage|p2a: Manaphy|0 fnt
|faint|p2a: Manaphy
|
|upkeep
|
|t:|1779648496
|switch|p2a: Dragapult|Dragapult, F|66/100 psn
|-damage|p2a: Dragapult|54/100 psn|[from] Spikes
|turn|20
|
|t:|1779648503
|switch|p1a: Kingambit|Kingambit, F|41/100
|-activate|p1a: Kingambit|ability: Supreme Overlord
|-start|p1a: Kingambit|fallen1|[silent]
|move|p2a: Dragapult|Draco Meteor|p1a: Kingambit
|-resisted|p1a: Kingambit
|-damage|p1a: Kingambit|2/100
|-unboost|p2a: Dragapult|spa|2
|-damage|p2a: Dragapult|44/100 psn|[from] item: Life Orb
|
|-damage|p2a: Dragapult|32/100 psn|[from] psn
|upkeep
|turn|21
|
|t:|1779648510
|switch|p2a: Zamazenta|Zamazenta|64/100
|-damage|p2a: Zamazenta|52/100|[from] Spikes
|-status|p2a: Zamazenta|psn
|move|p1a: Kingambit|Iron Head|p2a: Zamazenta
|-damage|p2a: Zamazenta|1/100 psn
|
|-damage|p2a: Zamazenta|0 fnt|[from] psn
|faint|p2a: Zamazenta
|upkeep
|
|t:|1779648513
|switch|p2a: Kingambit|Kingambit, F|100/100
|-damage|p2a: Kingambit|88/100|[from] Spikes
|-activate|p2a: Kingambit|ability: Supreme Overlord
|-start|p2a: Kingambit|fallen4|[silent]
|turn|22
|
|t:|1779648532
|move|p2a: Kingambit|Sucker Punch|p1a: Kingambit
|-resisted|p1a: Kingambit
|-damage|p1a: Kingambit|0 fnt
|faint|p1a: Kingambit
|-end|p1a: Kingambit|fallen1|[silent]
|
|-heal|p2a: Kingambit|94/100|[from] item: Leftovers
|upkeep
|
|t:|1779648537
|switch|p1a: Garganacl|Garganacl, M|100/100
|turn|23
|
|t:|1779648552
|-end|p2a: Kingambit|fallen4|[silent]
|switch|p2a: Dragapult|Dragapult, F|32/100 psn
|-damage|p2a: Dragapult|19/100 psn|[from] Spikes
|-terastallize|p1a: Garganacl|Water
|move|p1a: Garganacl|Salt Cure|p2a: Dragapult
|-damage|p2a: Dragapult|0 fnt
|faint|p2a: Dragapult
|
|upkeep
|
|t:|1779648554
|switch|p2a: Kingambit|Kingambit, F|94/100
|-damage|p2a: Kingambit|82/100|[from] Spikes
|-activate|p2a: Kingambit|ability: Supreme Overlord
|-start|p2a: Kingambit|fallen5|[silent]
|turn|24
|
|t:|1779648557
|-terastallize|p2a: Kingambit|Fighting
|move|p2a: Kingambit|Swords Dance|p2a: Kingambit
|-boost|p2a: Kingambit|atk|2
|move|p1a: Garganacl|Salt Cure|p2a: Kingambit
|-resisted|p2a: Kingambit
|-damage|p2a: Kingambit|76/100
|-start|p2a: Kingambit|Salt Cure
|
|-heal|p2a: Kingambit|82/100|[from] item: Leftovers
|-damage|p2a: Kingambit|70/100|[from] Salt Cure
|upkeep
|turn|25
|
|t:|1779648563
|move|p1a: Garganacl|Protect|p1a: Garganacl
|-singleturn|p1a: Garganacl|Protect
|move|p2a: Kingambit|Swords Dance|p2a: Kingambit
|-boost|p2a: Kingambit|atk|2
|
|-heal|p2a: Kingambit|76/100|[from] item: Leftovers
|-damage|p2a: Kingambit|64/100|[from] Salt Cure
|upkeep
|turn|26
|
|t:|1779648583
|switch|p1a: Slowking|Slowking-Galar, F|100/100
|move|p2a: Kingambit|Kowtow Cleave|p1a: Slowking
|-supereffective|p1a: Slowking
|-damage|p1a: Slowking|0 fnt
|faint|p1a: Slowking
|
|-heal|p2a: Kingambit|70/100|[from] item: Leftovers
|-damage|p2a: Kingambit|57/100|[from] Salt Cure
|upkeep
|
|t:|1779648590
|switch|p1a: Dragapult|Dragapult, F|100/100
|turn|27
|
|t:|1779648595
|move|p1a: Dragapult|Will-O-Wisp|p2a: Kingambit
|-status|p2a: Kingambit|brn
|move|p2a: Kingambit|Kowtow Cleave|p1a: Dragapult
|-supereffective|p1a: Dragapult
|-damage|p1a: Dragapult|0 fnt
|faint|p1a: Dragapult
|
|-heal|p2a: Kingambit|63/100 brn|[from] item: Leftovers
|-damage|p2a: Kingambit|57/100 brn|[from] brn
|-damage|p2a: Kingambit|45/100 brn|[from] Salt Cure
|upkeep
|
|t:|1779648601
|switch|p1a: Gliscor|Gliscor, F|100/100
|-damage|p1a: Gliscor|88/100|[from] Stealth Rock
|turn|28
|
|t:|1779648626
|move|p1a: Gliscor|Knock Off|p2a: Kingambit
|-resisted|p2a: Kingambit
|-damage|p2a: Kingambit|36/100 brn
|-enditem|p2a: Kingambit|Leftovers|[from] move: Knock Off|[of] p1a: Gliscor
|move|p2a: Kingambit|Swords Dance|p2a: Kingambit
|-boost|p2a: Kingambit|atk|2
|
|-damage|p2a: Kingambit|30/100 brn|[from] brn
|-damage|p2a: Kingambit|18/100 brn|[from] Salt Cure
|-status|p1a: Gliscor|tox|[from] item: Toxic Orb
|upkeep
|turn|29
|
|t:|1779648632
|move|p1a: Gliscor|Protect|p1a: Gliscor
|-singleturn|p1a: Gliscor|Protect
|move|p2a: Kingambit|Kowtow Cleave|p1a: Gliscor
|-activate|p1a: Gliscor|move: Protect
|
|-heal|p1a: Gliscor|100/100 tox|[from] ability: Poison Heal
|-damage|p2a: Kingambit|12/100 brn|[from] brn
|-damage|p2a: Kingambit|0 fnt|[from] Salt Cure
|faint|p2a: Kingambit
|-end|p2a: Kingambit|fallen5|[silent]
|
|win|mipc
|c|☆mipc|gg
|player|p2|
|player|p1|
|player|p2|sire clod|#wcop2026uswest2|
|player|p2|
