|j|☆DesyreeSims
|j|☆max780991
|t:|1779683157
|gametype|singles
|player|p1|DesyreeSims|bianca|1339
|player|p2|max780991|volkner|1324
|gen|9
|tier|[Gen 9] OU
|rated|
|rule|HP Percentage Mod: HP is shown in percentages
|rule|Endless Battle Clause: Forcing endless battles is banned
|rule|Species Clause: Limit one of each Pokémon
|rule|OHKO Clause: OHKO moves are banned
|rule|Evasion Items Clause: Evasion items are banned
|rule|Evasion Moves Clause: Evasion moves are banned
|rule|Evasion Abilities Clause: Evasion abilities are banned
|rule|Sleep Moves Clause: Sleep-inducing moves are banned
|clearpoke
|poke|p1|Cryogonal|
|poke|p1|Alomomola, F|
|poke|p1|Landorus-Therian, M|
|poke|p1|Dragapult, F|
|poke|p1|Slowking-Galar, F|
|poke|p1|Rillaboom, M|
|poke|p2|Great Tusk|
|poke|p2|Tyranitar, M|
|poke|p2|Gliscor, F|
|poke|p2|Corviknight, F|
|poke|p2|Raging Bolt|
|poke|p2|Greninja-*, M|
|teampreview
|inactive|Battle timer is ON: inactive players will automatically lose when time's up. (requested by DesyreeSims)
|
|t:|1779683163
|teamsize|p1|6
|teamsize|p2|6
|start
|switch|p1a: not choice band|Rillaboom, M, shiny|100/100
|switch|p2a: Tyranitar|Tyranitar, M|100/100
|-fieldstart|move: Grassy Terrain|[from] ability: Grassy Surge|[of] p1a: not choice band
|-weather|Sandstorm|[from] ability: Sand Stream|[of] p2a: Tyranitar
|turn|1
|
|t:|1779683181
|switch|p2a: Corviknight|Corviknight, F|100/100
|-ability|p2a: Corviknight|Pressure
|move|p1a: not choice band|Knock Off|p2a: Corviknight
|-crit|p2a: Corviknight
|-damage|p2a: Corviknight|69/100
|-damage|p1a: not choice band|84/100|[from] item: Rocky Helmet|[of] p2a: Corviknight
|-enditem|p2a: Corviknight|Rocky Helmet|[from] move: Knock Off|[of] p1a: not choice band
|
|-weather|Sandstorm|[upkeep]
|-damage|p1a: not choice band|78/100|[from] Sandstorm
|-heal|p1a: not choice band|84/100|[from] Grassy Terrain
|upkeep
|turn|2
|
|t:|1779683197
|switch|p1a: Landorus|Landorus-Therian, M, shiny|100/100
|-ability|p1a: Landorus|Intimidate|boost
|-unboost|p2a: Corviknight|atk|1
|move|p2a: Corviknight|Defog|p1a: Landorus
|-unboost|p1a: Landorus|evasion|1
|-fieldend|move: Grassy Terrain
|
|-weather|Sandstorm|[upkeep]
|upkeep
|turn|3
|
|t:|1779683207
|move|p1a: Landorus|Stealth Rock|p2a: Corviknight
|-sidestart|p2: max780991|move: Stealth Rock
|move|p2a: Corviknight|U-turn|p1a: Landorus
|-resisted|p1a: Landorus
|-damage|p1a: Landorus|96/100
|-damage|p2a: Corviknight|53/100|[from] item: Rocky Helmet|[of] p1a: Landorus
|
|t:|1779683213
|switch|p2a: Greninja|Greninja, M|100/100|[from] U-turn
|-damage|p2a: Greninja|88/100|[from] Stealth Rock
|
|-weather|Sandstorm|[upkeep]
|-damage|p2a: Greninja|82/100|[from] Sandstorm
|upkeep
|turn|4
|
|t:|1779683221
|switch|p1a: Alomamola|Alomomola, F, shiny|100/100
|move|p2a: Greninja|Ice Beam|p1a: Alomamola
|-start|p2a: Greninja|typechange|Ice|[from] ability: Protean
|-resisted|p1a: Alomamola
|-damage|p1a: Alomamola|78/100
|-damage|p2a: Greninja|72/100|[from] item: Life Orb
|
|-weather|Sandstorm|[upkeep]
|-damage|p2a: Greninja|66/100|[from] Sandstorm
|-damage|p1a: Alomamola|72/100|[from] Sandstorm
|upkeep
|turn|5
|
|t:|1779683235
|move|p2a: Greninja|U-turn|p1a: Alomamola
|-damage|p1a: Alomamola|59/100
|-damage|p2a: Greninja|57/100|[from] item: Life Orb
|
|t:|1779683239
|switch|p2a: Raging Bolt|Raging Bolt|100/100|[from] U-turn
|-damage|p2a: Raging Bolt|88/100|[from] Stealth Rock
|move|p1a: Alomamola|Scald|p2a: Raging Bolt
|-resisted|p2a: Raging Bolt
|-damage|p2a: Raging Bolt|82/100
|
|-weather|none
|upkeep
|turn|6
|
|t:|1779683253
|switch|p1a: Slowqueen|Slowking-Galar, F, shiny|100/100
|move|p2a: Raging Bolt|Draco Meteor|p1a: Slowqueen|[miss]
|-miss|p2a: Raging Bolt|p1a: Slowqueen
|
|upkeep
|turn|7
|
|t:|1779683262
|move|p2a: Raging Bolt|Draco Meteor|p1a: Slowqueen
|-damage|p1a: Slowqueen|38/100
|-unboost|p2a: Raging Bolt|spa|2
|move|p1a: Slowqueen|Future Sight|p2a: Raging Bolt
|-start|p1a: Slowqueen|move: Future Sight
|
|upkeep
|turn|8
|
|t:|1779683270
|-end|p2a: Raging Bolt|Protosynthesis|[silent]
|switch|p2a: Gliscor|Gliscor, F|100/100
|-damage|p2a: Gliscor|88/100|[from] Stealth Rock
|switch|p1a: im being weird|Cryogonal, shiny|100/100
|
|-status|p2a: Gliscor|tox|[from] item: Toxic Orb
|upkeep
|turn|9
|
|t:|1779683281
|move|p2a: Gliscor|Protect|p2a: Gliscor
|-singleturn|p2a: Gliscor|Protect
|move|p1a: im being weird|Freeze-Dry|p2a: Gliscor
|-activate|p2a: Gliscor|move: Protect
|
|-end|p2a: Gliscor|move: Future Sight
|-damage|p2a: Gliscor|49/100 tox
|-heal|p2a: Gliscor|62/100 tox|[from] ability: Poison Heal
|upkeep
|turn|10
|
|t:|1779683296
|switch|p1a: Landorus|Landorus-Therian, M, shiny|96/100
|-ability|p1a: Landorus|Intimidate|boost
|-unboost|p2a: Gliscor|atk|1
|switch|p2a: Corviknight|Corviknight, F|53/100
|-damage|p2a: Corviknight|41/100|[from] Stealth Rock
|-ability|p2a: Corviknight|Pressure
|
|upkeep
|turn|11
|
|t:|1779683306
|move|p1a: Landorus|U-turn|p2a: Corviknight
|-resisted|p2a: Corviknight
|-damage|p2a: Corviknight|38/100
|
|t:|1779683312
|switch|p1a: Alomamola|Alomomola, F, shiny|92/100|[from] U-turn
|move|p2a: Corviknight|Roost|p2a: Corviknight
|-heal|p2a: Corviknight|88/100
|-singleturn|p2a: Corviknight|move: Roost
|
|upkeep
|turn|12
|
|t:|1779683321
|move|p2a: Corviknight|Defog|p1a: Alomamola
|-unboost|p1a: Alomamola|evasion|1
|-sideend|p2: max780991|Stealth Rock|[from] move: Defog|[of] p2a: Corviknight
|move|p1a: Alomamola|Scald|p2a: Corviknight
|-damage|p2a: Corviknight|77/100
|-status|p2a: Corviknight|brn
|
|-damage|p2a: Corviknight|71/100 brn|[from] brn
|upkeep
|turn|13
|
|t:|1779683331
|move|p2a: Corviknight|U-turn|p1a: Alomamola
|-damage|p1a: Alomamola|88/100
|
|t:|1779683335
|switch|p2a: Raging Bolt|Raging Bolt|82/100|[from] U-turn
|move|p1a: Alomamola|Wish|p1a: Alomamola
|
|upkeep
|turn|14
|
|t:|1779683350
|switch|p1a: Slowqueen|Slowking-Galar, F, shiny|71/100
|move|p2a: Raging Bolt|Draco Meteor|p1a: Slowqueen
|-damage|p1a: Slowqueen|0 fnt
|-unboost|p2a: Raging Bolt|spa|2
|faint|p1a: Slowqueen
|
|upkeep
|
|t:|1779683360
|switch|p1a: Lil Mariko|Dragapult, F, shiny|100/100
|turn|15
|
|t:|1779683365
|-terastallize|p2a: Raging Bolt|Fairy
|move|p1a: Lil Mariko|Substitute|p1a: Lil Mariko
|-start|p1a: Lil Mariko|Substitute
|-damage|p1a: Lil Mariko|76/100
|move|p2a: Raging Bolt|Draco Meteor|p1a: Lil Mariko
|-supereffective|p1a: Lil Mariko
|-end|p1a: Lil Mariko|Substitute
|-unboost|p2a: Raging Bolt|spa|2
|
|-heal|p1a: Lil Mariko|82/100|[from] item: Leftovers
|upkeep
|turn|16
|
|t:|1779683380
|switch|p1a: im being weird|Cryogonal, shiny|100/100
|-end|p2a: Raging Bolt|Protosynthesis|[silent]
|switch|p2a: Tyranitar|Tyranitar, M|100/100
|-weather|Sandstorm|[from] ability: Sand Stream|[of] p2a: Tyranitar
|
|-weather|Sandstorm|[upkeep]
|-damage|p1a: im being weird|94/100|[from] Sandstorm
|upkeep
|turn|17
|
|t:|1779683392
|switch|p1a: Landorus|Landorus-Therian, M, shiny|96/100
|-ability|p1a: Landorus|Intimidate|boost
|-unboost|p2a: Tyranitar|atk|1
|move|p2a: Tyranitar|Knock Off|p1a: Landorus
|-damage|p1a: Landorus|54/100
|-damage|p2a: Tyranitar|84/100|[from] item: Rocky Helmet|[of] p1a: Landorus
|-enditem|p1a: Landorus|Rocky Helmet|[from] move: Knock Off|[of] p2a: Tyranitar
|
|-weather|Sandstorm|[upkeep]
|-heal|p2a: Tyranitar|90/100|[from] item: Leftovers
|upkeep
|turn|18
|
|t:|1779683410
|move|p1a: Landorus|Stealth Rock|p2a: Tyranitar
|-sidestart|p2: max780991|move: Stealth Rock
|move|p2a: Tyranitar|Stealth Rock|p1a: Landorus
|-sidestart|p1: DesyreeSims|move: Stealth Rock
|
|-weather|Sandstorm|[upkeep]
|-heal|p2a: Tyranitar|96/100|[from] item: Leftovers
|upkeep
|turn|19
|
|t:|1779683418
|move|p1a: Landorus|Earth Power|p2a: Tyranitar
|-supereffective|p2a: Tyranitar
|-damage|p2a: Tyranitar|59/100
|move|p2a: Tyranitar|Stone Edge|p1a: Landorus
|-damage|p1a: Landorus|11/100
|
|-weather|Sandstorm|[upkeep]
|-heal|p2a: Tyranitar|65/100|[from] item: Leftovers
|upkeep
|turn|20
|
|t:|1779683429
|move|p1a: Landorus|U-turn|p2a: Tyranitar
|-supereffective|p2a: Tyranitar
|-damage|p2a: Tyranitar|33/100
|
|t:|1779683431
|switch|p1a: Alomamola|Alomomola, F, shiny|100/100|[from] U-turn
|move|p2a: Tyranitar|Knock Off|p1a: Alomamola
|-damage|p1a: Alomamola|75/100
|-enditem|p1a: Alomamola|Heavy-Duty Boots|[from] move: Knock Off|[of] p2a: Tyranitar
|
|-weather|none
|-heal|p2a: Tyranitar|39/100|[from] item: Leftovers
|upkeep
|turn|21
|
|t:|1779683444
|switch|p2a: Gliscor|Gliscor, F|62/100 tox
|-damage|p2a: Gliscor|49/100 tox|[from] Stealth Rock
|move|p1a: Alomamola|Wish|p1a: Alomamola
|
|-heal|p2a: Gliscor|62/100 tox|[from] ability: Poison Heal
|upkeep
|turn|22
|
|t:|1779683459
|switch|p1a: im being weird|Cryogonal, shiny|94/100
|move|p2a: Gliscor|Facade|p1a: im being weird
|-damage|p1a: im being weird|40/100
|
|-heal|p1a: im being weird|100/100|[from] move: Wish|[wisher] Alomamola
|-heal|p2a: Gliscor|74/100 tox|[from] ability: Poison Heal
|upkeep
|turn|23
|
|t:|1779683473
|switch|p2a: Corviknight|Corviknight, F|71/100 brn
|-damage|p2a: Corviknight|58/100 brn|[from] Stealth Rock
|-ability|p2a: Corviknight|Pressure
|move|p1a: im being weird|Rapid Spin|p2a: Corviknight
|-resisted|p2a: Corviknight
|-damage|p2a: Corviknight|57/100 brn
|-boost|p1a: im being weird|spe|1
|-sideend|p1: DesyreeSims|Stealth Rock|[from] move: Rapid Spin|[of] p1a: im being weird
|
|-damage|p2a: Corviknight|51/100 brn|[from] brn
|upkeep
|turn|24
|
|t:|1779683485
|move|p1a: im being weird|Freeze-Dry|p2a: Corviknight
|-damage|p2a: Corviknight|27/100 brn
|move|p2a: Corviknight|Roost|p2a: Corviknight
|-heal|p2a: Corviknight|77/100 brn
|-singleturn|p2a: Corviknight|move: Roost
|
|-damage|p2a: Corviknight|71/100 brn|[from] brn
|upkeep
|turn|25
|
|t:|1779683495
|switch|p1a: Alomamola|Alomomola, F, shiny|100/100
|move|p2a: Corviknight|Defog|p1a: Alomamola
|-unboost|p1a: Alomamola|evasion|1
|-sideend|p2: max780991|Stealth Rock|[from] move: Defog|[of] p2a: Corviknight
|
|-damage|p2a: Corviknight|65/100 brn|[from] brn
|upkeep
|turn|26
|
|t:|1779683503
|move|p2a: Corviknight|Roost|p2a: Corviknight
|-heal|p2a: Corviknight|100/100 brn
|-singleturn|p2a: Corviknight|move: Roost
|move|p1a: Alomamola|Wish|p1a: Alomamola
|
|-damage|p2a: Corviknight|94/100 brn|[from] brn
|upkeep
|turn|27
|
|t:|1779683516
|move|p2a: Corviknight|U-turn|p1a: Alomamola
|-damage|p1a: Alomamola|95/100
|
|t:|1779683522
|switch|p2a: Great Tusk|Great Tusk|100/100|[from] U-turn
|move|p1a: Alomamola|Flip Turn|p2a: Great Tusk
|-supereffective|p2a: Great Tusk
|-damage|p2a: Great Tusk|74/100
|
|t:|1779683528
|switch|p1a: Landorus|Landorus-Therian, M, shiny|11/100|[from] Flip Turn
|-ability|p1a: Landorus|Intimidate|boost
|-unboost|p2a: Great Tusk|atk|1
|
|-heal|p1a: Landorus|77/100|[from] move: Wish|[wisher] Alomamola
|-heal|p2a: Great Tusk|80/100|[from] item: Leftovers
|upkeep
|turn|28
|
|t:|1779683539
|move|p1a: Landorus|U-turn|p2a: Great Tusk
|-resisted|p2a: Great Tusk
|-damage|p2a: Great Tusk|73/100
|
|t:|1779683546
|switch|p1a: Alomamola|Alomomola, F, shiny|100/100|[from] U-turn
|move|p2a: Great Tusk|Ice Spinner|p1a: Alomamola
|-resisted|p1a: Alomamola
|-damage|p1a: Alomamola|94/100
|
|-heal|p2a: Great Tusk|79/100|[from] item: Leftovers
|upkeep
|turn|29
|
|t:|1779683562
|-end|p2a: Great Tusk|Protosynthesis|[silent]
|switch|p2a: Raging Bolt|Raging Bolt, tera:Fairy|82/100
|move|p1a: Alomamola|Flip Turn|p2a: Raging Bolt
|-damage|p2a: Raging Bolt|66/100
|c|☆max780991|So annoying
|
|t:|1779683577
|switch|p1a: not choice band|Rillaboom, M, shiny|84/100|[from] Flip Turn
|-fieldstart|move: Grassy Terrain|[from] ability: Grassy Surge|[of] p1a: not choice band
|
|-heal|p2a: Raging Bolt|72/100|[from] Grassy Terrain
|-heal|p1a: not choice band|90/100|[from] Grassy Terrain
|upkeep
|turn|30
|
|t:|1779683589
|-terastallize|p1a: not choice band|Grass
|move|p2a: Raging Bolt|Draco Meteor|p1a: not choice band
|-damage|p1a: not choice band|6/100
|-unboost|p2a: Raging Bolt|spa|2
|move|p1a: not choice band|Wood Hammer|p2a: Raging Bolt
|-damage|p2a: Raging Bolt|0 fnt
|faint|p2a: Raging Bolt
|-end|p2a: Raging Bolt|Protosynthesis|[silent]
|-damage|p1a: not choice band|0 fnt|[from] Recoil
|faint|p1a: not choice band
|
|upkeep
|
|t:|1779683606
|switch|p2a: Corviknight|Corviknight, F|94/100 brn
|switch|p1a: Landorus|Landorus-Therian, M, shiny|77/100
|-ability|p1a: Landorus|Intimidate|boost
|-unboost|p2a: Corviknight|atk|1
|-ability|p2a: Corviknight|Pressure
|turn|31
|
|t:|1779683615
|move|p1a: Landorus|Stealth Rock|p2a: Corviknight
|-sidestart|p2: max780991|move: Stealth Rock
|move|p2a: Corviknight|Defog|p1a: Landorus
|-unboost|p1a: Landorus|evasion|1
|-sideend|p2: max780991|Stealth Rock|[from] move: Defog|[of] p2a: Corviknight
|-fieldend|move: Grassy Terrain
|
|-damage|p2a: Corviknight|88/100 brn|[from] brn
|upkeep
|turn|32
|
|t:|1779683624
|move|p1a: Landorus|Stealth Rock|p2a: Corviknight
|-sidestart|p2: max780991|move: Stealth Rock
|move|p2a: Corviknight|U-turn|p1a: Landorus
|-resisted|p1a: Landorus
|-damage|p1a: Landorus|74/100
|
|t:|1779683632
|switch|p2a: Great Tusk|Great Tusk|79/100|[from] U-turn
|-damage|p2a: Great Tusk|76/100|[from] Stealth Rock
|
|-heal|p2a: Great Tusk|82/100|[from] item: Leftovers
|upkeep
|turn|33
|
|t:|1779683646
|move|p1a: Landorus|Earth Power|p2a: Great Tusk
|-damage|p2a: Great Tusk|33/100
|move|p2a: Great Tusk|Rapid Spin|p1a: Landorus
|-damage|p1a: Landorus|56/100
|-boost|p2a: Great Tusk|spe|1
|-sideend|p2: max780991|Stealth Rock|[from] move: Rapid Spin|[of] p2a: Great Tusk
|
|-heal|p2a: Great Tusk|40/100|[from] item: Leftovers
|upkeep
|turn|34
|
|t:|1779683659
|switch|p1a: Alomamola|Alomomola, F, shiny|100/100
|move|p2a: Great Tusk|Ice Spinner|p1a: Alomamola
|-resisted|p1a: Alomamola
|-damage|p1a: Alomamola|92/100
|
|-heal|p2a: Great Tusk|46/100|[from] item: Leftovers
|upkeep
|turn|35
|
|t:|1779683671
|move|p2a: Great Tusk|Close Combat|p1a: Alomamola
|-damage|p1a: Alomamola|54/100
|-unboost|p2a: Great Tusk|def|1
|-unboost|p2a: Great Tusk|spd|1
|move|p1a: Alomamola|Scald|p2a: Great Tusk
|-supereffective|p2a: Great Tusk
|-damage|p2a: Great Tusk|0 fnt
|faint|p2a: Great Tusk
|-end|p2a: Great Tusk|Protosynthesis|[silent]
|
|upkeep
|
|t:|1779683684
|switch|p2a: Greninja|Greninja, M|57/100
|turn|36
|
|t:|1779683694
|move|p1a: Alomamola|Protect|p1a: Alomamola
|-singleturn|p1a: Alomamola|Protect
|move|p2a: Greninja|Gunk Shot|p1a: Alomamola
|-start|p2a: Greninja|typechange|Poison|[from] ability: Protean
|-activate|p1a: Alomamola|move: Protect
|
|upkeep
|turn|37
|
|t:|1779683711
|move|p2a: Greninja|U-turn|p1a: Alomamola
|-damage|p1a: Alomamola|40/100
|-damage|p2a: Greninja|47/100|[from] item: Life Orb
|
|t:|1779683718
|switch|p2a: Corviknight|Corviknight, F|88/100 brn|[from] U-turn
|-ability|p2a: Corviknight|Pressure
|move|p1a: Alomamola|Wish|p1a: Alomamola
|
|-damage|p2a: Corviknight|82/100 brn|[from] brn
|upkeep
|turn|38
|
|t:|1779683729
|move|p1a: Alomamola|Protect|p1a: Alomamola
|-singleturn|p1a: Alomamola|Protect
|move|p2a: Corviknight|Iron Head|p1a: Alomamola
|-activate|p1a: Alomamola|move: Protect
|
|-heal|p1a: Alomamola|90/100|[from] move: Wish|[wisher] Alomamola
|-damage|p2a: Corviknight|76/100 brn|[from] brn
|upkeep
|turn|39
|
|t:|1779683732
|move|p2a: Corviknight|Iron Head|p1a: Alomamola
|-resisted|p1a: Alomamola
|-damage|p1a: Alomamola|87/100
|move|p1a: Alomamola|Wish|p1a: Alomamola
|
|-damage|p2a: Corviknight|70/100 brn|[from] brn
|upkeep
|turn|40
|
|t:|1779683739
|switch|p1a: Landorus|Landorus-Therian, M, shiny|56/100
|-ability|p1a: Landorus|Intimidate|boost
|-unboost|p2a: Corviknight|atk|1
|move|p2a: Corviknight|U-turn|p1a: Landorus
|-resisted|p1a: Landorus
|-damage|p1a: Landorus|54/100
|
|t:|1779683746
|switch|p2a: Tyranitar|Tyranitar, M|39/100|[from] U-turn
|-weather|Sandstorm|[from] ability: Sand Stream|[of] p2a: Tyranitar
|
|-weather|Sandstorm|[upkeep]
|-heal|p1a: Landorus|100/100|[from] move: Wish|[wisher] Alomamola
|-heal|p2a: Tyranitar|45/100|[from] item: Leftovers
|upkeep
|turn|41
|
|t:|1779683756
|move|p1a: Landorus|Stealth Rock|p2a: Tyranitar
|-sidestart|p2: max780991|move: Stealth Rock
|move|p2a: Tyranitar|Stone Edge|p1a: Landorus
|-damage|p1a: Landorus|43/100
|
|-weather|Sandstorm|[upkeep]
|-heal|p2a: Tyranitar|51/100|[from] item: Leftovers
|upkeep
|turn|42
|
|t:|1779683765
|move|p1a: Landorus|U-turn|p2a: Tyranitar
|-supereffective|p2a: Tyranitar
|-damage|p2a: Tyranitar|20/100
|
|t:|1779683767
|switch|p1a: Alomamola|Alomomola, F, shiny|100/100|[from] U-turn
|move|p2a: Tyranitar|Earthquake|p1a: Alomamola
|-damage|p1a: Alomamola|75/100
|
|-weather|Sandstorm|[upkeep]
|-damage|p1a: Alomamola|69/100|[from] Sandstorm
|-heal|p2a: Tyranitar|26/100|[from] item: Leftovers
|upkeep
|turn|43
|
|t:|1779683778
|move|p1a: Alomamola|Wish|p1a: Alomamola
|move|p2a: Tyranitar|Stealth Rock|p1a: Alomamola
|-sidestart|p1: DesyreeSims|move: Stealth Rock
|
|-weather|Sandstorm|[upkeep]
|-damage|p1a: Alomamola|63/100|[from] Sandstorm
|-heal|p2a: Tyranitar|32/100|[from] item: Leftovers
|upkeep
|turn|44
|
|t:|1779683786
|move|p1a: Alomamola|Flip Turn|p2a: Tyranitar
|-supereffective|p2a: Tyranitar
|-damage|p2a: Tyranitar|8/100
|
|t:|1779683789
|switch|p1a: Landorus|Landorus-Therian, M, shiny|43/100|[from] Flip Turn
|-damage|p1a: Landorus|31/100|[from] Stealth Rock
|-ability|p1a: Landorus|Intimidate|boost
|-unboost|p2a: Tyranitar|atk|1
|move|p2a: Tyranitar|Stone Edge|p1a: Landorus|[miss]
|-miss|p2a: Tyranitar|p1a: Landorus
|
|-weather|none
|-heal|p1a: Landorus|97/100|[from] move: Wish|[wisher] Alomamola
|-heal|p2a: Tyranitar|14/100|[from] item: Leftovers
|upkeep
|turn|45
|
|t:|1779683803
|switch|p2a: Gliscor|Gliscor, F|74/100 tox
|-damage|p2a: Gliscor|62/100 tox|[from] Stealth Rock
|move|p1a: Landorus|U-turn|p2a: Gliscor
|-resisted|p2a: Gliscor
|-damage|p2a: Gliscor|53/100 tox
|
|t:|1779683814
|switch|p1a: im being weird|Cryogonal, shiny|100/100|[from] U-turn
|
|-heal|p2a: Gliscor|66/100 tox|[from] ability: Poison Heal
|upkeep
|turn|46
|
|t:|1779683821
|move|p2a: Gliscor|Protect|p2a: Gliscor
|-singleturn|p2a: Gliscor|Protect
|move|p1a: im being weird|Rapid Spin|p2a: Gliscor
|-activate|p2a: Gliscor|move: Protect
|
|-heal|p2a: Gliscor|78/100 tox|[from] ability: Poison Heal
|upkeep
|turn|47
|
|t:|1779683829
|switch|p2a: Corviknight|Corviknight, F|70/100 brn
|-damage|p2a: Corviknight|58/100 brn|[from] Stealth Rock
|-ability|p2a: Corviknight|Pressure
|move|p1a: im being weird|Freeze-Dry|p2a: Corviknight
|-damage|p2a: Corviknight|37/100 brn
|
|-damage|p2a: Corviknight|31/100 brn|[from] brn
|upkeep
|turn|48
|
|t:|1779683840
|move|p1a: im being weird|Freeze-Dry|p2a: Corviknight
|-damage|p2a: Corviknight|8/100 brn
|move|p2a: Corviknight|Roost|p2a: Corviknight
|-heal|p2a: Corviknight|58/100 brn
|-singleturn|p2a: Corviknight|move: Roost
|
|-damage|p2a: Corviknight|52/100 brn|[from] brn
|upkeep
|turn|49
|
|t:|1779683850
|move|p1a: im being weird|Rapid Spin|p2a: Corviknight
|-resisted|p2a: Corviknight
|-damage|p2a: Corviknight|51/100 brn
|-boost|p1a: im being weird|spe|1
|-sideend|p1: DesyreeSims|Stealth Rock|[from] move: Rapid Spin|[of] p1a: im being weird
|move|p2a: Corviknight|Roost|p2a: Corviknight
|-heal|p2a: Corviknight|100/100 brn
|-singleturn|p2a: Corviknight|move: Roost
|
|-damage|p2a: Corviknight|94/100 brn|[from] brn
|upkeep
|turn|50
|
|t:|1779683861
|switch|p1a: Landorus|Landorus-Therian, M, shiny|97/100
|-ability|p1a: Landorus|Intimidate|boost
|-unboost|p2a: Corviknight|atk|1
|move|p2a: Corviknight|Iron Head|p1a: Landorus
|-damage|p1a: Landorus|89/100
|
|-damage|p2a: Corviknight|88/100 brn|[from] brn
|upkeep
|turn|51
|
|t:|1779683872
|move|p1a: Landorus|U-turn|p2a: Corviknight
|-resisted|p2a: Corviknight
|-damage|p2a: Corviknight|86/100 brn
|
|t:|1779683874
|switch|p1a: Alomamola|Alomomola, F, shiny|96/100|[from] U-turn
|move|p2a: Corviknight|Defog|p1a: Alomamola
|-unboost|p1a: Alomamola|evasion|1
|-sideend|p2: max780991|Stealth Rock|[from] move: Defog|[of] p2a: Corviknight
|
|-damage|p2a: Corviknight|80/100 brn|[from] brn
|upkeep
|turn|52
|
|t:|1779683886
|move|p2a: Corviknight|Iron Head|p1a: Alomamola
|-resisted|p1a: Alomamola
|-damage|p1a: Alomamola|93/100
|move|p1a: Alomamola|Flip Turn|p2a: Corviknight
|-damage|p2a: Corviknight|69/100 brn
|
|t:|1779683892
|switch|p1a: Lil Mariko|Dragapult, F, shiny|82/100|[from] Flip Turn
|
|-heal|p1a: Lil Mariko|88/100|[from] item: Leftovers
|-damage|p2a: Corviknight|63/100 brn|[from] brn
|upkeep
|turn|53
|
|t:|1779683900
|move|p1a: Lil Mariko|Substitute|p1a: Lil Mariko
|-start|p1a: Lil Mariko|Substitute
|-damage|p1a: Lil Mariko|63/100
|move|p2a: Corviknight|U-turn|p1a: Lil Mariko
|-resisted|p1a: Lil Mariko
|-activate|p1a: Lil Mariko|move: Substitute|[damage]
|
|t:|1779683906
|switch|p2a: Gliscor|Gliscor, F|78/100 tox|[from] U-turn
|
|-heal|p1a: Lil Mariko|69/100|[from] item: Leftovers
|-heal|p2a: Gliscor|91/100 tox|[from] ability: Poison Heal
|upkeep
|turn|54
|
|t:|1779683916
|move|p1a: Lil Mariko|Phantom Force||[still]
|-prepare|p1a: Lil Mariko|Phantom Force
|move|p2a: Gliscor|Knock Off|p1a: Lil Mariko|[miss]
|-miss|p2a: Gliscor|p1a: Lil Mariko
|
|-heal|p1a: Lil Mariko|75/100|[from] item: Leftovers
|-heal|p2a: Gliscor|100/100 tox|[from] ability: Poison Heal
|upkeep
|turn|55
|
|t:|1779683925
|move|p1a: Lil Mariko|Phantom Force|p2a: Gliscor|[from] lockedmove
|-damage|p2a: Gliscor|64/100 tox
|move|p2a: Gliscor|Knock Off|p1a: Lil Mariko
|-supereffective|p1a: Lil Mariko
|-end|p1a: Lil Mariko|Substitute
|
|-heal|p1a: Lil Mariko|81/100|[from] item: Leftovers
|-heal|p2a: Gliscor|76/100 tox|[from] ability: Poison Heal
|upkeep
|turn|56
|
|t:|1779683937
|switch|p1a: Landorus|Landorus-Therian, M, shiny|89/100
|-ability|p1a: Landorus|Intimidate|boost
|-unboost|p2a: Gliscor|atk|1
|move|p2a: Gliscor|Knock Off|p1a: Landorus
|-damage|p1a: Landorus|79/100
|
|-heal|p2a: Gliscor|89/100 tox|[from] ability: Poison Heal
|upkeep
|turn|57
|
|t:|1779683947
|move|p1a: Landorus|Stealth Rock|p2a: Gliscor
|-sidestart|p2: max780991|move: Stealth Rock
|move|p2a: Gliscor|Swords Dance|p2a: Gliscor
|-boost|p2a: Gliscor|atk|2
|
|-heal|p2a: Gliscor|100/100 tox|[from] ability: Poison Heal
|upkeep
|turn|58
|
|t:|1779683955
|move|p1a: Landorus|U-turn|p2a: Gliscor
|-resisted|p2a: Gliscor
|-damage|p2a: Gliscor|93/100 tox
|
|t:|1779683958
|switch|p1a: Alomamola|Alomomola, F, shiny|100/100|[from] U-turn
|move|p2a: Gliscor|Swords Dance|p2a: Gliscor
|-boost|p2a: Gliscor|atk|2
|
|-heal|p2a: Gliscor|100/100 tox|[from] ability: Poison Heal
|upkeep
|turn|59
|
|t:|1779683967
|move|p2a: Gliscor|Swords Dance|p2a: Gliscor
|-boost|p2a: Gliscor|atk|2
|move|p1a: Alomamola|Flip Turn|p2a: Gliscor
|-supereffective|p2a: Gliscor
|-damage|p2a: Gliscor|73/100 tox
|
|t:|1779683975
|switch|p1a: im being weird|Cryogonal, shiny|100/100|[from] Flip Turn
|
|-heal|p2a: Gliscor|85/100 tox|[from] ability: Poison Heal
|upkeep
|turn|60
|
|t:|1779683982
|move|p2a: Gliscor|Protect|p2a: Gliscor
|-singleturn|p2a: Gliscor|Protect
|move|p1a: im being weird|Freeze-Dry|p2a: Gliscor
|-activate|p2a: Gliscor|move: Protect
|
|-heal|p2a: Gliscor|98/100 tox|[from] ability: Poison Heal
|upkeep
|turn|61
|
|t:|1779683991
|move|p1a: im being weird|Freeze-Dry|p2a: Gliscor
|-supereffective|p2a: Gliscor
|-crit|p2a: Gliscor
|-damage|p2a: Gliscor|0 fnt
|faint|p2a: Gliscor
|
|upkeep
|
|t:|1779683998
|switch|p2a: Greninja|Greninja, M|47/100
|-damage|p2a: Greninja|35/100|[from] Stealth Rock
|turn|62
|
|t:|1779684012
|move|p2a: Greninja|Ice Beam|p1a: im being weird
|-start|p2a: Greninja|typechange|Ice|[from] ability: Protean
|-resisted|p1a: im being weird
|-damage|p1a: im being weird|83/100
|-damage|p2a: Greninja|25/100|[from] item: Life Orb
|move|p1a: im being weird|Freeze-Dry|p2a: Greninja
|-resisted|p2a: Greninja
|-damage|p2a: Greninja|6/100
|
|upkeep
|turn|63
|
|t:|1779684025
|move|p2a: Greninja|Hydro Pump|p1a: im being weird
|-damage|p1a: im being weird|54/100
|-damage|p2a: Greninja|0 fnt|[from] item: Life Orb
|faint|p2a: Greninja
|move|p1a: im being weird|Rapid Spin|p2: Greninja|[notarget]
|-fail|p1a: im being weird
|
|upkeep
|
|t:|1779684033
|switch|p2a: Tyranitar|Tyranitar, M|14/100
|-damage|p2a: Tyranitar|1/100|[from] Stealth Rock
|-weather|Sandstorm|[from] ability: Sand Stream|[of] p2a: Tyranitar
|turn|64
|
|t:|1779684038
|move|p1a: im being weird|Rapid Spin|p2a: Tyranitar
|-resisted|p2a: Tyranitar
|-damage|p2a: Tyranitar|0 fnt
|-boost|p1a: im being weird|spe|1
|faint|p2a: Tyranitar
|
|-weather|Sandstorm|[upkeep]
|-damage|p1a: im being weird|48/100|[from] Sandstorm
|upkeep
|
|t:|1779684046
|switch|p2a: Corviknight|Corviknight, F|63/100 brn
|-damage|p2a: Corviknight|51/100 brn|[from] Stealth Rock
|-ability|p2a: Corviknight|Pressure
|turn|65
|
|t:|1779684052
|move|p1a: im being weird|Recover|p1a: im being weird
|-heal|p1a: im being weird|98/100
|move|p2a: Corviknight|Iron Head|p1a: im being weird
|-supereffective|p1a: im being weird
|-damage|p1a: im being weird|61/100
|
|-weather|Sandstorm|[upkeep]
|-damage|p1a: im being weird|54/100|[from] Sandstorm
|-damage|p2a: Corviknight|45/100 brn|[from] brn
|upkeep
|turn|66
|-message|max780991 forfeited.
|
|win|DesyreeSims
|raw|DesyreeSims's rating: 1339 &rarr; <strong>1358</strong><br />(+19 for winning)
|raw|max780991's rating: 1324 &rarr; <strong>1305</strong><br />(-19 for losing)
|l|☆max780991
|player|p2|
|j|☆max780991
|player|p2|max780991|volkner|
|l|☆DesyreeSims
|player|p1|
|l|☆max780991
|player|p2|
