|j|☆Trainer Esespi
|j|☆BodeDaGod
|t:|1779675925
|gametype|singles
|player|p1|Trainer Esespi|265|1223
|player|p2|BodeDaGod|170|1237
|gen|9
|tier|[Gen 9] OU
|rated|
|rule|HP Percentage Mod: HP is shown in percentages
|rule|Endless Battle Clause: Forcing endless battles is banned
|rule|Species Clause: Limit one of each Pokémon
|rule|OHKO Clause: OHKO moves are banned
|rule|Evasion Items Clause: Evasion items are banned
|rule|Evasion Moves Clause: Evasion moves are banned
|rule|Evasion Abilities Clause: Evasion abilities are banned
|rule|Sleep Moves Clause: Sleep-inducing moves are banned
|clearpoke
|poke|p1|Kingambit, F|
|poke|p1|Corviknight, M|
|poke|p1|Dragapult, M|
|poke|p1|Regieleki|
|poke|p1|Slowking-Galar, F|
|poke|p1|Zamazenta-*|
|poke|p2|Samurott-Hisui, F|
|poke|p2|Dragonite, M|
|poke|p2|Kingambit, F|
|poke|p2|Iron Moth|
|poke|p2|Iron Valiant|
|poke|p2|Moltres-Galar|
|teampreview
|
|t:|1779675936
|teamsize|p1|6
|teamsize|p2|6
|start
|switch|p1a: Zamazenta|Zamazenta|100/100
|switch|p2a: Samurott|Samurott-Hisui, F|100/100
|-ability|p1a: Zamazenta|Dauntless Shield|boost
|-boost|p1a: Zamazenta|def|1
|turn|1
|
|t:|1779675970
|-terastallize|p2a: Samurott|Ghost
|move|p1a: Zamazenta|Body Press|p2a: Samurott
|-immune|p2a: Samurott
|move|p2a: Samurott|Razor Shell|p1a: Zamazenta
|-damage|p1a: Zamazenta|66/100
|
|-heal|p1a: Zamazenta|73/100|[from] item: Leftovers
|upkeep
|turn|2
|inactive|Battle timer is ON: inactive players will automatically lose when time's up. (requested by BodeDaGod)
|
|t:|1779676009
|move|p1a: Zamazenta|Wild Charge|p2a: Samurott
|-damage|p2a: Samurott|64/100
|-damage|p1a: Zamazenta|63/100|[from] Recoil
|move|p2a: Samurott|Razor Shell|p1a: Zamazenta
|-damage|p1a: Zamazenta|29/100
|
|-heal|p1a: Zamazenta|35/100|[from] item: Leftovers
|upkeep
|turn|3
|
|t:|1779676022
|move|p1a: Zamazenta|Wild Charge|p2a: Samurott
|-damage|p2a: Samurott|24/100
|-damage|p1a: Zamazenta|25/100|[from] Recoil
|move|p2a: Samurott|Razor Shell|p1a: Zamazenta
|-damage|p1a: Zamazenta|0 fnt
|faint|p1a: Zamazenta
|
|upkeep
|
|t:|1779676039
|switch|p1a: Regieleki|Regieleki|100/100
|turn|4
|
|t:|1779676051
|move|p2a: Samurott|Sucker Punch|p1a: Regieleki
|-damage|p1a: Regieleki|19/100
|move|p1a: Regieleki|Ancient Power|p2a: Samurott
|-damage|p2a: Samurott|0 fnt
|faint|p2a: Samurott
|-damage|p1a: Regieleki|9/100|[from] item: Life Orb
|
|upkeep
|
|t:|1779676066
|switch|p2a: Dragonite|Dragonite, M|100/100
|turn|5
|
|t:|1779676077
|move|p1a: Regieleki|Extreme Speed|p2a: Dragonite
|-damage|p2a: Dragonite|87/100
|-damage|p1a: Regieleki|0 fnt|[from] item: Life Orb
|faint|p1a: Regieleki
|move|p2a: Dragonite|Dragon Dance|p2a: Dragonite
|-boost|p2a: Dragonite|atk|1
|-boost|p2a: Dragonite|spe|1
|
|upkeep
|
|t:|1779676086
|switch|p1a: Dragapult|Dragapult, M|100/100
|turn|6
|
|t:|1779676104
|switch|p2a: Kingambit|Kingambit, F|100/100
|-activate|p2a: Kingambit|ability: Supreme Overlord
|-start|p2a: Kingambit|fallen1|[silent]
|-item|p2a: Kingambit|Air Balloon
|-terastallize|p1a: Dragapult|Steel
|move|p1a: Dragapult|Dragon Darts|p2a: Kingambit
|-resisted|p2a: Kingambit
|-damage|p2a: Kingambit|87/100
|-enditem|p2a: Kingambit|Air Balloon
|-anim|p1a: Dragapult|Dragon Darts|p2a: Kingambit
|-resisted|p2a: Kingambit
|-damage|p2a: Kingambit|71/100
|
|upkeep
|turn|7
|
|t:|1779676121
|switch|p1a: Corviknight|Corviknight, M|100/100
|move|p2a: Kingambit|Low Kick|p1a: Corviknight
|-damage|p1a: Corviknight|78/100
|
|-heal|p1a: Corviknight|84/100|[from] item: Leftovers
|upkeep
|turn|8
|
|t:|1779676135
|move|p1a: Corviknight|Iron Defense|p1a: Corviknight
|-boost|p1a: Corviknight|def|2
|move|p2a: Kingambit|Swords Dance|p2a: Kingambit
|-boost|p2a: Kingambit|atk|2
|
|-heal|p1a: Corviknight|91/100|[from] item: Leftovers
|upkeep
|turn|9
|
|t:|1779676144
|move|p1a: Corviknight|Body Press|p2a: Kingambit
|-supereffective|p2a: Kingambit
|-damage|p2a: Kingambit|0 fnt
|faint|p2a: Kingambit
|-end|p2a: Kingambit|fallen1|[silent]
|
|-heal|p1a: Corviknight|97/100|[from] item: Leftovers
|upkeep
|
|t:|1779676159
|switch|p2a: Iron Moth|Iron Moth|100/100
|-enditem|p2a: Iron Moth|Booster Energy
|-activate|p2a: Iron Moth|ability: Quark Drive|[fromitem]
|-start|p2a: Iron Moth|quarkdrivespe
|turn|10
|
|t:|1779676181
|switch|p1a: Slowking|Slowking-Galar, F, shiny|100/100
|move|p2a: Iron Moth|Fiery Dance|p1a: Slowking
|-crit|p1a: Slowking
|-damage|p1a: Slowking|52/100
|
|-heal|p1a: Slowking|58/100|[from] item: Leftovers
|upkeep
|turn|11
|
|t:|1779676195
|move|p2a: Iron Moth|Fiery Dance|p1a: Slowking
|-damage|p1a: Slowking|28/100
|move|p1a: Slowking|Hex|p2a: Iron Moth
|-damage|p2a: Iron Moth|77/100
|
|-heal|p1a: Slowking|34/100|[from] item: Leftovers
|upkeep
|turn|12
|
|t:|1779676213
|move|p1a: Slowking|Protect|p1a: Slowking
|-singleturn|p1a: Slowking|Protect
|move|p2a: Iron Moth|Fiery Dance|p1a: Slowking
|-activate|p1a: Slowking|move: Protect
|
|-heal|p1a: Slowking|40/100|[from] item: Leftovers
|upkeep
|turn|13
|
|t:|1779676221
|move|p2a: Iron Moth|Fiery Dance|p1a: Slowking
|-damage|p1a: Slowking|10/100
|-boost|p2a: Iron Moth|spa|1
|move|p1a: Slowking|Eerie Spell|p2a: Iron Moth
|-supereffective|p2a: Iron Moth
|-damage|p2a: Iron Moth|0 fnt
|faint|p2a: Iron Moth
|-end|p2a: Iron Moth|Quark Drive|[silent]
|
|-heal|p1a: Slowking|16/100|[from] item: Leftovers
|upkeep
|
|t:|1779676240
|switch|p2a: Moltres|Moltres-Galar|100/100
|turn|14
|
|t:|1779676248
|move|p1a: Slowking|Protect|p1a: Slowking
|-singleturn|p1a: Slowking|Protect
|move|p2a: Moltres|Nasty Plot|p2a: Moltres
|-boost|p2a: Moltres|spa|2
|
|-heal|p1a: Slowking|22/100|[from] item: Leftovers
|upkeep
|turn|15
|
|t:|1779676264
|switch|p1a: Dragapult|Dragapult, M, tera:Steel|100/100
|move|p2a: Moltres|Agility|p2a: Moltres
|-boost|p2a: Moltres|spe|2
|
|upkeep
|turn|16
|
|t:|1779676279
|move|p2a: Moltres|Fiery Wrath|p1a: Dragapult
|-damage|p1a: Dragapult|0 fnt
|faint|p1a: Dragapult
|
|upkeep
|
|t:|1779676285
|switch|p1a: Slowking|Slowking-Galar, F, shiny|55/100
|turn|17
|
|t:|1779676289
|move|p1a: Slowking|Protect|p1a: Slowking
|-singleturn|p1a: Slowking|Protect
|move|p2a: Moltres|Fiery Wrath|p1a: Slowking
|-activate|p1a: Slowking|move: Protect
|
|-heal|p1a: Slowking|61/100|[from] item: Leftovers
|upkeep
|turn|18
|
|t:|1779676297
|switch|p1a: Corviknight|Corviknight, M|97/100
|move|p2a: Moltres|Fiery Wrath|p1a: Corviknight
|-damage|p1a: Corviknight|20/100
|
|-heal|p1a: Corviknight|26/100|[from] item: Leftovers
|upkeep
|turn|19
|
|t:|1779676308
|move|p2a: Moltres|Fiery Wrath|p1a: Corviknight
|-crit|p1a: Corviknight
|-damage|p1a: Corviknight|0 fnt
|faint|p1a: Corviknight
|
|upkeep
|
|t:|1779676334
|switch|p1a: Slowking|Slowking-Galar, F, shiny|95/100
|turn|20
|
|t:|1779676340
|move|p2a: Moltres|Fiery Wrath|p1a: Slowking
|-supereffective|p1a: Slowking
|-crit|p1a: Slowking
|-damage|p1a: Slowking|0 fnt
|faint|p1a: Slowking
|
|upkeep
|
|t:|1779676345
|switch|p1a: Kingambit|Kingambit, F|100/100
|-activate|p1a: Kingambit|ability: Supreme Overlord
|-start|p1a: Kingambit|fallen5|[silent]
|-item|p1a: Kingambit|Air Balloon
|turn|21
|
|t:|1779676365
|move|p2a: Moltres|Fiery Wrath|p1a: Kingambit
|-resisted|p1a: Kingambit
|-damage|p1a: Kingambit|60/100
|-enditem|p1a: Kingambit|Air Balloon
|move|p1a: Kingambit|Swords Dance|p1a: Kingambit
|-boost|p1a: Kingambit|atk|2
|
|upkeep
|turn|22
|
|t:|1779676382
|move|p1a: Kingambit|Sucker Punch|p2a: Moltres
|-resisted|p2a: Moltres
|-damage|p2a: Moltres|27/100
|-ability|p2a: Moltres|Berserk|boost
|-boost|p2a: Moltres|spa|1
|-enditem|p2a: Moltres|Sitrus Berry|[eat]
|-heal|p2a: Moltres|52/100|[from] item: Sitrus Berry
|move|p2a: Moltres|Fiery Wrath|p1a: Kingambit
|-resisted|p1a: Kingambit
|-damage|p1a: Kingambit|12/100
|
|upkeep
|turn|23
|
|t:|1779676396
|move|p1a: Kingambit|Sucker Punch|p2a: Moltres
|-resisted|p2a: Moltres
|-damage|p2a: Moltres|0 fnt
|faint|p2a: Moltres
|
|upkeep
|
|t:|1779676403
|switch|p2a: Dragonite|Dragonite, M|87/100
|turn|24
|
|t:|1779676422
|move|p2a: Dragonite|Extreme Speed|p1a: Kingambit
|-resisted|p1a: Kingambit
|-damage|p1a: Kingambit|0 fnt
|faint|p1a: Kingambit
|-end|p1a: Kingambit|fallen5|[silent]
|
|win|BodeDaGod
|raw|Trainer Esespi's rating: 1223 &rarr; <strong>1199</strong><br />(-24 for losing)
|raw|BodeDaGod's rating: 1237 &rarr; <strong>1261</strong><br />(+24 for winning)
|l|☆Trainer Esespi
|player|p1|
