|j|☆YaliliCat
|j|☆pedipedrao
|t:|1779675408
|gametype|singles
|player|p1|YaliliCat|169|1110
|player|p2|pedipedrao|1|1124
|gen|9
|tier|[Gen 9] OU
|rated|
|rule|HP Percentage Mod: HP is shown in percentages
|rule|Endless Battle Clause: Forcing endless battles is banned
|rule|Species Clause: Limit one of each Pokémon
|rule|OHKO Clause: OHKO moves are banned
|rule|Evasion Items Clause: Evasion items are banned
|rule|Evasion Moves Clause: Evasion moves are banned
|rule|Evasion Abilities Clause: Evasion abilities are banned
|rule|Sleep Moves Clause: Sleep-inducing moves are banned
|clearpoke
|poke|p1|Skeledirge, F|
|poke|p1|Gliscor, M|
|poke|p1|Garchomp, M|
|poke|p1|Gyarados, F|
|poke|p1|Iron Valiant|
|poke|p1|Magnezone|
|poke|p2|Toucannon, F|
|poke|p2|Dragonite, M|
|poke|p2|Zamazenta-*|
|poke|p2|Iron Treads|
|poke|p2|Zapdos|
|poke|p2|Primarina, M|
|teampreview
|inactive|Battle timer is ON: inactive players will automatically lose when time's up. (requested by YaliliCat)
|
|t:|1779675413
|teamsize|p1|6
|teamsize|p2|6
|start
|switch|p1a: Skeledirge|Skeledirge, F|100/100
|switch|p2a: TUTUCA|Toucannon, F|100/100
|turn|1
|
|t:|1779675428
|move|p1a: Skeledirge|Torch Song|p2a: TUTUCA
|-damage|p2a: TUTUCA|72/100
|-boost|p1a: Skeledirge|spa|1
|move|p2a: TUTUCA|Rock Blast|p1a: Skeledirge
|-supereffective|p1a: Skeledirge
|-damage|p1a: Skeledirge|86/100
|-supereffective|p1a: Skeledirge
|-damage|p1a: Skeledirge|73/100
|-supereffective|p1a: Skeledirge
|-damage|p1a: Skeledirge|58/100
|-supereffective|p1a: Skeledirge
|-damage|p1a: Skeledirge|44/100
|-supereffective|p1a: Skeledirge
|-damage|p1a: Skeledirge|30/100
|-hitcount|p1a: Skeledirge|5
|
|-heal|p1a: Skeledirge|36/100|[from] item: Leftovers
|upkeep
|turn|2
|
|t:|1779675444
|-terastallize|p1a: Skeledirge|Fairy
|move|p1a: Skeledirge|Torch Song|p2a: TUTUCA
|-damage|p2a: TUTUCA|30/100
|-boost|p1a: Skeledirge|spa|1
|move|p2a: TUTUCA|Knock Off|p1a: Skeledirge
|-resisted|p1a: Skeledirge
|-damage|p1a: Skeledirge|22/100
|-enditem|p1a: Skeledirge|Leftovers|[from] move: Knock Off|[of] p2a: TUTUCA
|
|upkeep
|turn|3
|inactive|pedipedrao has 120 seconds left.
|
|t:|1779675466
|switch|p2a: FOFOCA|Primarina, M|100/100
|move|p1a: Skeledirge|Torch Song|p2a: FOFOCA
|-resisted|p2a: FOFOCA
|-damage|p2a: FOFOCA|71/100
|-boost|p1a: Skeledirge|spa|1
|
|upkeep
|turn|4
|
|t:|1779675476
|move|p1a: Skeledirge|Torch Song|p2a: FOFOCA
|-resisted|p2a: FOFOCA
|-damage|p2a: FOFOCA|37/100
|-boost|p1a: Skeledirge|spa|1
|move|p2a: FOFOCA|Shadow Ball|p1a: Skeledirge
|-damage|p1a: Skeledirge|0 fnt
|faint|p1a: Skeledirge
|
|upkeep
|
|t:|1779675489
|switch|p1a: Magnezone|Magnezone|100/100
|turn|5
|
|t:|1779675496
|switch|p2a: TROMBETA|Iron Treads|100/100
|-item|p2a: TROMBETA|Air Balloon
|move|p1a: Magnezone|Discharge|p2a: TROMBETA
|-immune|p2a: TROMBETA
|
|upkeep
|turn|6
|
|t:|1779675511
|switch|p1a: Gyarados|Gyarados, F|100/100
|-ability|p1a: Gyarados|Intimidate|boost
|-unboost|p2a: TROMBETA|atk|1
|move|p2a: TROMBETA|Earthquake|p1a: Gyarados
|-immune|p1a: Gyarados
|
|upkeep
|turn|7
|
|t:|1779675524
|-end|p2a: TROMBETA|Quark Drive|[silent]
|switch|p2a: GALINHA|Zapdos|100/100
|move|p1a: Gyarados|Avalanche|p2a: GALINHA
|-supereffective|p2a: GALINHA
|-damage|p2a: GALINHA|54/100
|-status|p1a: Gyarados|par|[from] ability: Static|[of] p2a: GALINHA
|
|upkeep
|turn|8
|
|t:|1779675534
|switch|p1a: Gliscor|Gliscor, M|100/100
|move|p2a: GALINHA|Volt Switch|p1a: Gliscor
|-immune|p1a: Gliscor
|
|upkeep
|turn|9
|
|t:|1779675544
|switch|p2a: FOFOCA|Primarina, M|37/100
|move|p1a: Gliscor|Poison Jab|p2a: FOFOCA
|-supereffective|p2a: FOFOCA
|-damage|p2a: FOFOCA|0 fnt
|faint|p2a: FOFOCA
|
|upkeep
|
|t:|1779675554
|switch|p2a: TROMBETA|Iron Treads|100/100
|-item|p2a: TROMBETA|Air Balloon
|turn|10
|
|t:|1779675562
|move|p2a: TROMBETA|Ice Spinner|p1a: Gliscor
|-supereffective|p1a: Gliscor
|-damage|p1a: Gliscor|19/100
|move|p1a: Gliscor|Ice Fang|p2a: TROMBETA
|-damage|p2a: TROMBETA|87/100
|-enditem|p2a: TROMBETA|Air Balloon
|
|-heal|p1a: Gliscor|25/100|[from] item: Leftovers
|upkeep
|turn|11
|
|t:|1779675574
|switch|p1a: Garchomp|Garchomp, M|100/100
|move|p2a: TROMBETA|Earthquake|p1a: Garchomp
|-damage|p1a: Garchomp|67/100
|
|upkeep
|turn|12
|
|t:|1779675588
|move|p2a: TROMBETA|Ice Spinner|p1a: Garchomp
|-supereffective|p1a: Garchomp
|-damage|p1a: Garchomp|0 fnt
|-damage|p2a: TROMBETA|75/100|[from] ability: Rough Skin|[of] p1a: Garchomp
|faint|p1a: Garchomp
|
|upkeep
|
|t:|1779675595
|switch|p1a: Iron Valiant|Iron Valiant|100/100
|turn|13
|
|t:|1779675621
|move|p2a: TROMBETA|Ice Spinner|p1a: Iron Valiant
|-damage|p1a: Iron Valiant|72/100
|-damage|p2a: TROMBETA|59/100|[from] item: Rocky Helmet|[of] p1a: Iron Valiant
|move|p1a: Iron Valiant|Close Combat|p2a: TROMBETA
|-supereffective|p2a: TROMBETA
|-damage|p2a: TROMBETA|0 fnt
|-unboost|p1a: Iron Valiant|def|1
|-unboost|p1a: Iron Valiant|spd|1
|faint|p2a: TROMBETA
|-end|p2a: TROMBETA|Quark Drive|[silent]
|
|upkeep
|inactive|pedipedrao has 120 seconds left.
|
|t:|1779675637
|switch|p2a: LARANJÃO|Dragonite, M|100/100
|turn|14
|inactive|pedipedrao has 120 seconds left.
|
|t:|1779675651
|-terastallize|p2a: LARANJÃO|Fire
|move|p2a: LARANJÃO|Extreme Speed|p1a: Iron Valiant
|-damage|p1a: Iron Valiant|12/100
|-damage|p2a: LARANJÃO|84/100|[from] item: Rocky Helmet|[of] p1a: Iron Valiant
|move|p1a: Iron Valiant|Dazzling Gleam|p2a: LARANJÃO
|-resisted|p2a: LARANJÃO
|-damage|p2a: LARANJÃO|66/100
|
|upkeep
|turn|15
|inactive|pedipedrao has 120 seconds left.
|
|t:|1779675665
|-end|p1a: Iron Valiant|Quark Drive|[silent]
|switch|p1a: Gyarados|Gyarados, F|100/100 par
|-ability|p1a: Gyarados|Intimidate|boost
|-unboost|p2a: LARANJÃO|atk|1
|move|p2a: LARANJÃO|Aerial Ace|p1a: Gyarados
|-damage|p1a: Gyarados|70/100 par
|
|-heal|p1a: Gyarados|76/100 par|[from] item: Leftovers
|upkeep
|turn|16
|inactive|pedipedrao has 120 seconds left.
|
|t:|1779675678
|move|p2a: LARANJÃO|Dragon Dance|p2a: LARANJÃO
|-boost|p2a: LARANJÃO|atk|1
|-boost|p2a: LARANJÃO|spe|1
|move|p1a: Gyarados|Waterfall|p2a: LARANJÃO
|-supereffective|p2a: LARANJÃO
|-damage|p2a: LARANJÃO|0 fnt
|faint|p2a: LARANJÃO
|
|-heal|p1a: Gyarados|82/100 par|[from] item: Leftovers
|upkeep
|
|t:|1779675688
|switch|p2a: ZEZIN|Zamazenta|100/100
|-ability|p2a: ZEZIN|Dauntless Shield|boost
|-boost|p2a: ZEZIN|def|1
|turn|17
|
|t:|1779675697
|move|p2a: ZEZIN|Stone Edge|p1a: Gyarados
|-supereffective|p1a: Gyarados
|-damage|p1a: Gyarados|0 fnt
|faint|p1a: Gyarados
|
|upkeep
|
|t:|1779675704
|switch|p1a: Iron Valiant|Iron Valiant|12/100
|turn|18
|
|t:|1779675709
|move|p2a: ZEZIN|Stone Edge|p1a: Iron Valiant|[miss]
|-miss|p2a: ZEZIN|p1a: Iron Valiant
|move|p1a: Iron Valiant|Dazzling Gleam|p2a: ZEZIN
|-supereffective|p2a: ZEZIN
|-damage|p2a: ZEZIN|33/100
|
|upkeep
|turn|19
|
|t:|1779675717
|switch|p2a: TUTUCA|Toucannon, F|30/100
|move|p1a: Iron Valiant|Dazzling Gleam|p2a: TUTUCA
|-damage|p2a: TUTUCA|2/100
|
|upkeep
|turn|20
|
|t:|1779675726
|-singleturn|p2a: TUTUCA|move: Beak Blast
|move|p1a: Iron Valiant|Dazzling Gleam|p2a: TUTUCA
|-damage|p2a: TUTUCA|0 fnt
|faint|p2a: TUTUCA
|
|upkeep
|
|t:|1779675735
|switch|p2a: ZEZIN|Zamazenta|33/100
|turn|21
|
|t:|1779675743
|move|p2a: ZEZIN|Ice Fang|p1a: Iron Valiant
|-damage|p1a: Iron Valiant|0 fnt
|-damage|p2a: ZEZIN|17/100|[from] item: Rocky Helmet|[of] p1a: Iron Valiant
|faint|p1a: Iron Valiant
|-end|p1a: Iron Valiant|Quark Drive|[silent]
|
|upkeep
|
|t:|1779675749
|switch|p1a: Gliscor|Gliscor, M|25/100
|turn|22
|
|t:|1779675752
|move|p2a: ZEZIN|Ice Fang|p1a: Gliscor
|-supereffective|p1a: Gliscor
|-damage|p1a: Gliscor|0 fnt
|faint|p1a: Gliscor
|
|upkeep
|
|t:|1779675757
|switch|p1a: Magnezone|Magnezone|100/100
|turn|23
|
|t:|1779675761
|switch|p2a: GALINHA|Zapdos|54/100
|move|p1a: Magnezone|Thunder|p2a: GALINHA
|-damage|p2a: GALINHA|0 fnt
|faint|p2a: GALINHA
|
|upkeep
|
|t:|1779675770
|switch|p2a: ZEZIN|Zamazenta|17/100
|turn|24
|
|t:|1779675776
|move|p2a: ZEZIN|Close Combat|p1a: Magnezone
|-supereffective|p1a: Magnezone
|-crit|p1a: Magnezone
|-enditem|p1a: Magnezone|Focus Sash
|-damage|p1a: Magnezone|1/100
|-unboost|p2a: ZEZIN|def|1
|-unboost|p2a: ZEZIN|spd|1
|move|p1a: Magnezone|Steel Beam|p2a: ZEZIN
|-damage|p2a: ZEZIN|0 fnt
|-damage|p1a: Magnezone|0 fnt|[from] steelbeam
|faint|p1a: Magnezone
|faint|p2a: ZEZIN
|
|win|pedipedrao
|raw|YaliliCat's rating: 1110 &rarr; <strong>1086</strong><br />(-24 for losing)
|raw|pedipedrao's rating: 1124 &rarr; <strong>1148</strong><br />(+24 for winning)
|l|☆YaliliCat
|player|p1|
|l|☆pedipedrao
|player|p2|
