|j|☆magicsalt
|j|☆nqzg
|t:|1779615032
|gametype|singles
|player|p1|magicsalt|clair|1079
|player|p2|nqzg|101|1093
|gen|9
|tier|[Gen 9] OU
|rated|
|rule|HP Percentage Mod: HP is shown in percentages
|rule|Endless Battle Clause: Forcing endless battles is banned
|rule|Species Clause: Limit one of each Pokémon
|rule|OHKO Clause: OHKO moves are banned
|rule|Evasion Items Clause: Evasion items are banned
|rule|Evasion Moves Clause: Evasion moves are banned
|rule|Evasion Abilities Clause: Evasion abilities are banned
|rule|Sleep Moves Clause: Sleep-inducing moves are banned
|clearpoke
|poke|p1|Salazzle, F|
|poke|p1|Glimmora, M|
|poke|p1|Weezing-Galar, M|
|poke|p1|Toxapex, M|
|poke|p1|Iron Valiant|
|poke|p1|Blissey, F|
|poke|p2|Ceruledge, M|
|poke|p2|Cetitan, F|
|poke|p2|Ninetales-Alola, M|
|poke|p2|Slowking-Galar, M|
|poke|p2|Corviknight, M|
|poke|p2|Beartic, F|
|teampreview
|
|t:|1779615046
|teamsize|p1|6
|teamsize|p2|6
|start
|switch|p1a: Glimmora|Glimmora, M, shiny|100/100
|switch|p2a: Slowking|Slowking-Galar, M|100/100
|turn|1
|
|t:|1779615055
|move|p1a: Glimmora|Toxic|p2a: Slowking
|-status|p2a: Slowking|tox
|move|p2a: Slowking|Toxic Spikes|p1a: Glimmora
|-sidestart|p1: magicsalt|move: Toxic Spikes
|
|-damage|p2a: Slowking|94/100 tox|[from] psn
|upkeep
|turn|2
|
|t:|1779615068
|switch|p2a: Corviknight|Corviknight, M|100/100
|move|p1a: Glimmora|Mortal Spin|p2a: Corviknight
|-immune|p2a: Corviknight
|
|upkeep
|turn|3
|
|t:|1779615076
|move|p1a: Glimmora|Toxic|p2a: Corviknight
|-status|p2a: Corviknight|tox
|move|p2a: Corviknight|Taunt|p1a: Glimmora
|-start|p1a: Glimmora|move: Taunt
|
|-damage|p2a: Corviknight|94/100 tox|[from] psn
|upkeep
|turn|4
|
|t:|1779615106
|switch|p1a: Toxapex|Toxapex, M|100/100
|-sideend|p1: magicsalt|move: Toxic Spikes|[of] p1a: Toxapex
|move|p2a: Corviknight|U-turn|p1a: Toxapex
|-resisted|p1a: Toxapex
|-damage|p1a: Toxapex|94/100
|
|t:|1779615114
|switch|p2a: Ninetales|Ninetales-Alola, M|100/100|[from] U-turn
|-weather|Snowscape|[from] ability: Snow Warning|[of] p2a: Ninetales
|
|-weather|Snowscape|[upkeep]
|-heal|p1a: Toxapex|100/100|[from] item: Leftovers
|upkeep
|turn|5
|
|t:|1779615124
|move|p1a: Toxapex|Infestation|p2a: Ninetales
|-resisted|p2a: Ninetales
|-damage|p2a: Ninetales|99/100
|-activate|p2a: Ninetales|move: Infestation|[of] p1a: Toxapex
|move|p2a: Ninetales|Roar|p1a: Toxapex
|drag|p1a: Salazzle|Salazzle, F|100/100
|
|-weather|Snowscape|[upkeep]
|-end|p2a: Ninetales|Infestation|[partiallytrapped]|[silent]
|upkeep
|turn|6
|
|t:|1779615137
|switch|p2a: Ceruledge|Ceruledge, M|100/100
|move|p1a: Salazzle|Overheat|p2a: Ceruledge
|-start|p2a: Ceruledge|ability: Flash Fire
|
|-weather|Snowscape|[upkeep]
|upkeep
|turn|7
|
|t:|1779615160
|switch|p1a: Weezing|Weezing-Galar, M|100/100
|move|p2a: Ceruledge|Bulk Up|p2a: Ceruledge
|-boost|p2a: Ceruledge|atk|1
|-boost|p2a: Ceruledge|def|1
|
|-weather|Snowscape|[upkeep]
|upkeep
|turn|8
|
|t:|1779615171
|move|p2a: Ceruledge|Flame Charge|p1a: Weezing
|-damage|p1a: Weezing|59/100
|-boost|p2a: Ceruledge|spe|1
|move|p1a: Weezing|Toxic|p2a: Ceruledge
|-status|p2a: Ceruledge|tox
|
|-weather|none
|-damage|p2a: Ceruledge|95/100 tox|[from] psn
|upkeep
|turn|9
|
|t:|1779615181
|move|p1a: Weezing|Protect|p1a: Weezing
|-singleturn|p1a: Weezing|Protect
|move|p2a: Ceruledge|Bulk Up|p2a: Ceruledge
|-boost|p2a: Ceruledge|atk|1
|-boost|p2a: Ceruledge|def|1
|
|-damage|p2a: Ceruledge|83/100 tox|[from] psn
|upkeep
|turn|10
|
|t:|1779615192
|move|p2a: Ceruledge|Flame Charge|p1a: Weezing
|-damage|p1a: Weezing|7/100
|-boost|p2a: Ceruledge|spe|1
|move|p1a: Weezing|Haze|p1a: Weezing
|-clearallboost
|
|-damage|p2a: Ceruledge|65/100 tox|[from] psn
|upkeep
|turn|11
|
|t:|1779615205
|move|p1a: Weezing|Protect|p1a: Weezing
|-singleturn|p1a: Weezing|Protect
|move|p2a: Ceruledge|Bulk Up|p2a: Ceruledge
|-boost|p2a: Ceruledge|atk|1
|-boost|p2a: Ceruledge|def|1
|
|-damage|p2a: Ceruledge|41/100 tox|[from] psn
|upkeep
|turn|12
|
|t:|1779615217
|switch|p1a: Toxapex|Toxapex, M|100/100
|move|p2a: Ceruledge|Bitter Blade|p1a: Toxapex
|-resisted|p1a: Toxapex
|-damage|p1a: Toxapex|57/100
|-heal|p2a: Ceruledge|58/100 tox|[from] drain|[of] p1a: Toxapex
|
|-heal|p1a: Toxapex|63/100|[from] item: Leftovers
|-damage|p2a: Ceruledge|28/100 tox|[from] psn
|upkeep
|turn|13
|
|t:|1779615232
|-end|p2a: Ceruledge|ability: Flash Fire|[silent]
|switch|p2a: Slowking|Slowking-Galar, M|100/100 tox
|move|p1a: Toxapex|Recover|p1a: Toxapex
|-heal|p1a: Toxapex|100/100
|
|-damage|p2a: Slowking|94/100 tox|[from] psn
|upkeep
|turn|14
|
|t:|1779615247
|move|p1a: Toxapex|Baneful Bunker|p1a: Toxapex
|-singleturn|p1a: Toxapex|move: Protect
|-prepare|p2a: Slowking|Chilly Reception|[premajor]
|move|p2a: Slowking|Chilly Reception|p2a: Slowking
|-weather|Snowscape
|
|t:|1779615254
|switch|p2a: Beartic|Beartic, F|100/100|[from] Chilly Reception
|
|-weather|Snowscape|[upkeep]
|upkeep
|turn|15
|
|t:|1779615271
|switch|p1a: Weezing|Weezing-Galar, M|7/100
|move|p2a: Beartic|Earthquake|p1a: Weezing
|-immune|p1a: Weezing|[from] ability: Levitate
|
|-weather|Snowscape|[upkeep]
|upkeep
|turn|16
|
|t:|1779615280
|move|p2a: Beartic|Aqua Jet|p1a: Weezing
|-damage|p1a: Weezing|0 fnt
|faint|p1a: Weezing
|-damage|p2a: Beartic|91/100|[from] item: Life Orb
|
|-weather|Snowscape|[upkeep]
|upkeep
|
|t:|1779615308
|switch|p1a: Iron Valiant|Iron Valiant|100/100
|-enditem|p1a: Iron Valiant|Booster Energy
|-activate|p1a: Iron Valiant|ability: Quark Drive|[fromitem]
|-start|p1a: Iron Valiant|quarkdrivespe
|turn|17
|inactive|Battle timer is ON: inactive players will automatically lose when time's up. (requested by magicsalt)
|
|t:|1779615334
|-terastallize|p2a: Beartic|Ice
|move|p1a: Iron Valiant|Vacuum Wave|p2a: Beartic
|-supereffective|p2a: Beartic
|-damage|p2a: Beartic|47/100
|move|p2a: Beartic|Icicle Spear|p1a: Iron Valiant
|-damage|p1a: Iron Valiant|70/100
|-damage|p1a: Iron Valiant|40/100
|-damage|p1a: Iron Valiant|12/100
|-hitcount|p1a: Iron Valiant|3
|-damage|p2a: Beartic|37/100|[from] item: Life Orb
|
|-weather|Snowscape|[upkeep]
|upkeep
|turn|18
|
|t:|1779615351
|move|p1a: Iron Valiant|Vacuum Wave|p2a: Beartic
|-supereffective|p2a: Beartic
|-damage|p2a: Beartic|0 fnt
|faint|p2a: Beartic
|
|-weather|none
|upkeep
|
|t:|1779615358
|switch|p2a: Ninetales|Ninetales-Alola, M|99/100
|-weather|Snowscape|[from] ability: Snow Warning|[of] p2a: Ninetales
|turn|19
|
|t:|1779615364
|move|p1a: Iron Valiant|Destiny Bond|p1a: Iron Valiant
|-singlemove|p1a: Iron Valiant|Destiny Bond
|move|p2a: Ninetales|Aurora Veil|p2a: Ninetales
|-sidestart|p2: nqzg|move: Aurora Veil
|
|-weather|Snowscape|[upkeep]
|upkeep
|turn|20
|
|t:|1779615380
|-end|p1a: Iron Valiant|Quark Drive|[silent]
|switch|p1a: Glimmora|Glimmora, M, shiny|100/100
|move|p2a: Ninetales|Roar|p1a: Glimmora
|drag|p1a: Toxapex|Toxapex, M|100/100
|
|-weather|Snowscape|[upkeep]
|upkeep
|turn|21
|
|t:|1779615391
|switch|p1a: Glimmora|Glimmora, M, shiny|100/100
|move|p2a: Ninetales|Freeze-Dry|p1a: Glimmora
|-damage|p1a: Glimmora|80/100
|
|-weather|Snowscape|[upkeep]
|upkeep
|turn|22
|
|t:|1779615404
|switch|p2a: Slowking|Slowking-Galar, M|100/100 tox
|move|p1a: Glimmora|Toxic|p2a: Slowking
|-fail|p2a: Slowking|tox
|
|-weather|Snowscape|[upkeep]
|-damage|p2a: Slowking|94/100 tox|[from] psn
|upkeep
|turn|23
|
|t:|1779615415
|move|p1a: Glimmora|Spiky Shield|p1a: Glimmora
|-singleturn|p1a: Glimmora|move: Protect
|move|p2a: Slowking|Toxic Spikes|p1a: Glimmora
|-sidestart|p1: magicsalt|move: Toxic Spikes
|
|-weather|none
|-heal|p2a: Slowking|100/100 tox|[from] item: Leftovers
|-damage|p2a: Slowking|88/100 tox|[from] psn
|upkeep
|turn|24
|
|t:|1779615427
|move|p1a: Glimmora|Earth Power|p2a: Slowking
|-supereffective|p2a: Slowking
|-damage|p2a: Slowking|72/100 tox
|-prepare|p2a: Slowking|Chilly Reception|[premajor]
|move|p2a: Slowking|Chilly Reception|p2a: Slowking
|-weather|Snowscape
|
|t:|1779615434
|switch|p2a: Cetitan|Cetitan, F|100/100|[from] Chilly Reception
|
|-weather|Snowscape|[upkeep]
|upkeep
|turn|25
|
|t:|1779615442
|move|p2a: Cetitan|Belly Drum|p2a: Cetitan
|-damage|p2a: Cetitan|51/100
|-setboost|p2a: Cetitan|atk|6|[from] move: Belly Drum
|move|p1a: Glimmora|Toxic|p2a: Cetitan
|-status|p2a: Cetitan|tox
|
|-weather|Snowscape|[upkeep]
|-damage|p2a: Cetitan|44/100 tox|[from] psn
|upkeep
|-enditem|p2a: Cetitan|Sitrus Berry|[eat]
|-heal|p2a: Cetitan|69/100 tox|[from] item: Sitrus Berry
|turn|26
|
|t:|1779615460
|move|p1a: Glimmora|Spiky Shield|p1a: Glimmora
|-singleturn|p1a: Glimmora|move: Protect
|move|p2a: Cetitan|Ice Shard|p1a: Glimmora
|-activate|p1a: Glimmora|move: Protect
|
|-weather|Snowscape|[upkeep]
|-damage|p2a: Cetitan|57/100 tox|[from] psn
|-sideend|p2: nqzg|move: Aurora Veil
|upkeep
|turn|27
|
|t:|1779615476
|move|p2a: Cetitan|Earthquake|p1a: Glimmora
|-supereffective|p1a: Glimmora
|-damage|p1a: Glimmora|0 fnt
|faint|p1a: Glimmora
|
|-weather|Snowscape|[upkeep]
|-damage|p2a: Cetitan|38/100 tox|[from] psn
|upkeep
|
|t:|1779615485
|switch|p1a: Toxapex|Toxapex, M|100/100
|-sideend|p1: magicsalt|move: Toxic Spikes|[of] p1a: Toxapex
|turn|28
|
|t:|1779615492
|switch|p2a: Ninetales|Ninetales-Alola, M|99/100
|move|p1a: Toxapex|Baneful Bunker||[still]
|-fail|p1a: Toxapex
|
|-weather|none
|upkeep
|turn|29
|
|t:|1779615503
|switch|p2a: Slowking|Slowking-Galar, M|100/100 tox
|switch|p1a: Blissey|Blissey, F|100/100
|
|-damage|p2a: Slowking|94/100 tox|[from] psn
|upkeep
|turn|30
|
|t:|1779615516
|move|p1a: Blissey|Seismic Toss|p2a: Slowking
|-damage|p2a: Slowking|69/100 tox
|-prepare|p2a: Slowking|Chilly Reception|[premajor]
|move|p2a: Slowking|Chilly Reception|p2a: Slowking
|-weather|Snowscape
|
|t:|1779615524
|switch|p2a: Cetitan|Cetitan, F|38/100 tox|[from] Chilly Reception
|
|-weather|Snowscape|[upkeep]
|-damage|p2a: Cetitan|32/100 tox|[from] psn
|upkeep
|turn|31
|-message|nqzg forfeited.
|
|win|magicsalt
|raw|magicsalt's rating: 1079 &rarr; <strong>1108</strong><br />(+29 for winning)
|raw|nqzg's rating: 1093 &rarr; <strong>1068</strong><br />(-25 for losing)
|l|☆nqzg
|player|p2|
