|j|☆haricane
|j|☆thebigalex010
|t:|1779636129
|gametype|singles
|player|p1|haricane|hilbert|1306
|player|p2|thebigalex010|scientist|1341
|gen|9
|tier|[Gen 9] OU
|rated|
|rule|HP Percentage Mod: HP is shown in percentages
|rule|Endless Battle Clause: Forcing endless battles is banned
|rule|Species Clause: Limit one of each Pokémon
|rule|OHKO Clause: OHKO moves are banned
|rule|Evasion Items Clause: Evasion items are banned
|rule|Evasion Moves Clause: Evasion moves are banned
|rule|Evasion Abilities Clause: Evasion abilities are banned
|rule|Sleep Moves Clause: Sleep-inducing moves are banned
|clearpoke
|poke|p1|Iron Thorns|
|poke|p1|Dragapult, M|
|poke|p1|Latias, F|
|poke|p1|Pawmot, M|
|poke|p1|Noivern, M|
|poke|p1|Armarouge, M|
|poke|p2|Great Tusk|
|poke|p2|Gholdengo|
|poke|p2|Heatran, M|
|poke|p2|Kingambit, F|
|poke|p2|Ogerpon-Wellspring, F|
|poke|p2|Iron Valiant|
|teampreview
|inactive|Battle timer is ON: inactive players will automatically lose when time's up. (requested by haricane)
|
|t:|1779636177
|teamsize|p1|6
|teamsize|p2|6
|start
|switch|p1a: Noivern|Noivern, M|100/100
|switch|p2a: Great Tusk|Great Tusk, shiny|100/100
|-item|p2a: Great Tusk|Leftovers|[from] ability: Frisk|[of] p1a: Noivern
|turn|1
|
|t:|1779636187
|-terastallize|p2a: Great Tusk|Water
|move|p1a: Noivern|Switcheroo|p2a: Great Tusk
|-activate|p1a: Noivern|move: Trick|[of] p2a: Great Tusk
|-item|p2a: Great Tusk|Choice Specs|[from] move: Switcheroo
|-item|p1a: Noivern|Leftovers|[from] move: Switcheroo
|move|p2a: Great Tusk|Stealth Rock|p1a: Noivern
|-sidestart|p1: haricane|move: Stealth Rock
|
|upkeep
|turn|2
|
|t:|1779636196
|-end|p2a: Great Tusk|Protosynthesis|[silent]
|switch|p2a: Iron Valiant|Iron Valiant|100/100
|-enditem|p2a: Iron Valiant|Booster Energy
|-activate|p2a: Iron Valiant|ability: Quark Drive|[fromitem]
|-start|p2a: Iron Valiant|quarkdrivespe
|move|p1a: Noivern|Defog|p2a: Iron Valiant
|-unboost|p2a: Iron Valiant|evasion|1
|-sideend|p1: haricane|Stealth Rock|[from] move: Defog|[of] p1a: Noivern
|
|upkeep
|turn|3
|
|t:|1779636204
|move|p2a: Iron Valiant|Moonblast|p1a: Noivern
|-supereffective|p1a: Noivern
|-damage|p1a: Noivern|0 fnt
|faint|p1a: Noivern
|
|upkeep
|
|t:|1779636209
|switch|p1a: Latias|Latias, F|100/100
|turn|4
|
|t:|1779636220
|move|p2a: Iron Valiant|Moonblast|p1a: Latias
|-supereffective|p1a: Latias
|-damage|p1a: Latias|11/100
|-enditem|p1a: Latias|Weakness Policy
|-boost|p1a: Latias|atk|2|[from] item: Weakness Policy
|-boost|p1a: Latias|spa|2|[from] item: Weakness Policy
|move|p1a: Latias|Draining Kiss|p2a: Iron Valiant
|-supereffective|p2a: Iron Valiant
|-damage|p2a: Iron Valiant|0 fnt
|-heal|p1a: Latias|83/100|[from] drain|[of] p2a: Iron Valiant
|faint|p2a: Iron Valiant
|-end|p2a: Iron Valiant|Quark Drive|[silent]
|
|upkeep
|inactive|thebigalex010 has 120 seconds left.
|
|t:|1779636252
|switch|p2a: Kingambit|Kingambit, F|100/100
|-activate|p2a: Kingambit|ability: Supreme Overlord
|-start|p2a: Kingambit|fallen1|[silent]
|turn|5
|
|t:|1779636270
|move|p1a: Latias|Draining Kiss|p2a: Kingambit
|-damage|p2a: Kingambit|63/100
|-heal|p1a: Latias|100/100|[from] drain|[of] p2a: Kingambit
|move|p2a: Kingambit|Swords Dance|p2a: Kingambit
|-boost|p2a: Kingambit|atk|2
|
|upkeep
|turn|6
|
|t:|1779636282
|move|p1a: Latias|Draining Kiss|p2a: Kingambit
|-crit|p2a: Kingambit
|-damage|p2a: Kingambit|13/100
|move|p2a: Kingambit|Kowtow Cleave|p1a: Latias
|-supereffective|p1a: Latias
|-damage|p1a: Latias|0 fnt
|faint|p1a: Latias
|
|upkeep
|
|t:|1779636289
|switch|p1a: Pawmot|Pawmot, M, shiny|100/100
|turn|7
|
|t:|1779636294
|move|p1a: Pawmot|Mach Punch|p2a: Kingambit
|-supereffective|p2a: Kingambit
|-enditem|p2a: Kingambit|Chople Berry|[eat]
|-enditem|p2a: Kingambit|Chople Berry|[weaken]
|-damage|p2a: Kingambit|0 fnt
|faint|p2a: Kingambit
|-end|p2a: Kingambit|fallen1|[silent]
|
|upkeep
|
|t:|1779636301
|switch|p2a: Great Tusk|Great Tusk, shiny, tera:Water|100/100
|turn|8
|
|t:|1779636317
|-terastallize|p1a: Pawmot|Flying
|move|p1a: Pawmot|Revival Blessing|p1a: Pawmot
|-enditem|p1a: Pawmot|Leppa Berry|[eat]
|-activate|p1a: Pawmot|item: Leppa Berry|Revival Blessing|[consumed]
|
|t:|1779636328
|-heal|p1: Noivern|50/100|[from] move: Revival Blessing
|move|p2a: Great Tusk|Earthquake|p1a: Pawmot
|-immune|p1a: Pawmot
|
|upkeep
|turn|9
|
|t:|1779636343
|-end|p2a: Great Tusk|Protosynthesis|[silent]
|switch|p2a: Ogerpon|Ogerpon-Wellspring, F|100/100
|move|p1a: Pawmot|Revival Blessing|p1a: Pawmot
|
|t:|1779636347
|-heal|p1: Latias|50/100|[from] move: Revival Blessing
|
|upkeep
|turn|10
|
|t:|1779636353
|move|p2a: Ogerpon|Swords Dance|p2a: Ogerpon
|-boost|p2a: Ogerpon|atk|2
|move|p1a: Pawmot|Thunder Punch|p2a: Ogerpon
|-damage|p2a: Ogerpon|45/100
|
|upkeep
|turn|11
|
|t:|1779636358
|move|p1a: Pawmot|Mach Punch|p2a: Ogerpon
|-damage|p2a: Ogerpon|16/100
|move|p2a: Ogerpon|Ivy Cudgel|p1a: Pawmot|[anim] Ivy Cudgel Water
|-damage|p1a: Pawmot|0 fnt
|faint|p1a: Pawmot
|
|upkeep
|
|t:|1779636368
|switch|p1a: Dragapult|Dragapult, M|100/100
|turn|12
|
|t:|1779636383
|switch|p2a: Great Tusk|Great Tusk, shiny, tera:Water|100/100
|move|p1a: Dragapult|Dragon Darts|p2a: Great Tusk
|-damage|p2a: Great Tusk|89/100
|-anim|p1a: Dragapult|Dragon Darts|p2a: Great Tusk
|-damage|p2a: Great Tusk|77/100
|
|upkeep
|turn|13
|
|t:|1779636392
|move|p1a: Dragapult|Dragon Dance|p1a: Dragapult
|-boost|p1a: Dragapult|atk|1
|-boost|p1a: Dragapult|spe|1
|move|p2a: Great Tusk|Knock Off|p1a: Dragapult
|-supereffective|p1a: Dragapult
|-damage|p1a: Dragapult|19/100
|-enditem|p1a: Dragapult|Red Card|[from] move: Knock Off|[of] p2a: Great Tusk
|
|upkeep
|turn|14
|
|t:|1779636406
|switch|p1a: Iron Thorns|Iron Thorns, shiny|100/100
|-enditem|p1a: Iron Thorns|Booster Energy
|-activate|p1a: Iron Thorns|ability: Quark Drive|[fromitem]
|-start|p1a: Iron Thorns|quarkdriveatk
|move|p2a: Great Tusk|Knock Off|p1a: Iron Thorns
|-damage|p1a: Iron Thorns|83/100
|
|upkeep
|turn|15
|
|t:|1779636413
|-end|p2a: Great Tusk|Protosynthesis|[silent]
|switch|p2a: Heatran|Heatran, M, shiny|100/100
|move|p1a: Iron Thorns|Dragon Dance|p1a: Iron Thorns
|-boost|p1a: Iron Thorns|atk|1
|-boost|p1a: Iron Thorns|spe|1
|
|upkeep
|turn|16
|
|t:|1779636418
|move|p1a: Iron Thorns|Earthquake|p2a: Heatran
|-supereffective|p2a: Heatran
|-damage|p2a: Heatran|0 fnt
|faint|p2a: Heatran
|
|upkeep
|
|t:|1779636425
|switch|p2a: Great Tusk|Great Tusk, shiny, tera:Water|77/100
|turn|17
|
|t:|1779636428
|move|p1a: Iron Thorns|Supercell Slam|p2a: Great Tusk
|-supereffective|p2a: Great Tusk
|-damage|p2a: Great Tusk|0 fnt
|faint|p2a: Great Tusk
|-end|p2a: Great Tusk|Protosynthesis|[silent]
|
|upkeep
|-message|thebigalex010 forfeited.
|
|win|haricane
|raw|haricane's rating: 1306 &rarr; <strong>1328</strong><br />(+22 for winning)
|raw|thebigalex010's rating: 1341 &rarr; <strong>1319</strong><br />(-22 for losing)
|l|☆thebigalex010
|player|p2|
|l|☆haricane
|player|p1|
