|j|☆I hate my pokemon.
|j|☆Elite Four Ozzy
|t:|1779569691
|gametype|singles
|player|p1|I hate my pokemon.|ghetsis-gen5bw|1422
|player|p2|Elite Four Ozzy|101|1506
|gen|9
|tier|[Gen 9] OU
|rated|
|rule|HP Percentage Mod: HP is shown in percentages
|rule|Endless Battle Clause: Forcing endless battles is banned
|rule|Species Clause: Limit one of each Pokémon
|rule|OHKO Clause: OHKO moves are banned
|rule|Evasion Items Clause: Evasion items are banned
|rule|Evasion Moves Clause: Evasion moves are banned
|rule|Evasion Abilities Clause: Evasion abilities are banned
|rule|Sleep Moves Clause: Sleep-inducing moves are banned
|clearpoke
|poke|p1|Zamazenta-*|
|poke|p1|Dragapult, F|
|poke|p1|Pecharunt|
|poke|p1|Ogerpon-Wellspring, F|
|poke|p1|Iron Treads|
|poke|p1|Kingambit, M|
|poke|p2|Dragapult, M|
|poke|p2|Ting-Lu|
|poke|p2|Kingambit, M|
|poke|p2|Gholdengo|
|poke|p2|Dragonite, F|
|poke|p2|Ogerpon-Wellspring, F|
|teampreview
|
|t:|1779569713
|teamsize|p1|6
|teamsize|p2|6
|start
|switch|p1a: Iron Treads|Iron Treads|100/100
|switch|p2a: Ting-Lu|Ting-Lu|100/100
|-ability|p2a: Ting-Lu|Vessel of Ruin
|-enditem|p1a: Iron Treads|Booster Energy
|-activate|p1a: Iron Treads|ability: Quark Drive|[fromitem]
|-start|p1a: Iron Treads|quarkdrivespe
|turn|1
|inactive|Battle timer is ON: inactive players will automatically lose when time's up. (requested by Elite Four Ozzy)
|
|t:|1779569728
|move|p1a: Iron Treads|Stealth Rock|p2a: Ting-Lu
|-sidestart|p2: Elite Four Ozzy|move: Stealth Rock
|move|p2a: Ting-Lu|Earthquake|p1a: Iron Treads
|-supereffective|p1a: Iron Treads
|-damage|p1a: Iron Treads|31/100
|
|upkeep
|turn|2
|
|t:|1779569738
|move|p1a: Iron Treads|Knock Off|p2a: Ting-Lu
|-resisted|p2a: Ting-Lu
|-damage|p2a: Ting-Lu|91/100
|-damage|p1a: Iron Treads|14/100|[from] item: Rocky Helmet|[of] p2a: Ting-Lu
|-enditem|p2a: Ting-Lu|Rocky Helmet|[from] move: Knock Off|[of] p1a: Iron Treads
|move|p2a: Ting-Lu|Earthquake|p1a: Iron Treads
|-supereffective|p1a: Iron Treads
|-damage|p1a: Iron Treads|0 fnt
|faint|p1a: Iron Treads
|-end|p1a: Iron Treads|Quark Drive|[silent]
|
|upkeep
|
|t:|1779569741
|switch|p1a: Ogerpon|Ogerpon-Wellspring, F|100/100
|turn|3
|inactive|Elite Four Ozzy has 120 seconds left.
|
|t:|1779569787
|switch|p2a: Dragonite|Dragonite, F|100/100
|move|p1a: Ogerpon|Substitute|p1a: Ogerpon
|-start|p1a: Ogerpon|Substitute
|-damage|p1a: Ogerpon|76/100
|
|upkeep
|turn|4
|
|t:|1779569794
|switch|p1a: Pecharunt|Pecharunt|100/100
|move|p2a: Dragonite|Extreme Speed|p1a: Pecharunt
|-immune|p1a: Pecharunt
|
|upkeep
|turn|5
|
|t:|1779569813
|switch|p2a: Gholdengo|Gholdengo|100/100
|-damage|p2a: Gholdengo|94/100|[from] Stealth Rock
|move|p1a: Pecharunt|Shadow Ball|p2a: Gholdengo
|-supereffective|p2a: Gholdengo
|-crit|p2a: Gholdengo
|-damage|p2a: Gholdengo|5/100
|
|upkeep
|turn|6
|
|t:|1779569820
|move|p2a: Gholdengo|Shadow Ball|p1a: Pecharunt
|-supereffective|p1a: Pecharunt
|-damage|p1a: Pecharunt|10/100
|-unboost|p1a: Pecharunt|spd|1
|move|p1a: Pecharunt|Shadow Ball|p2a: Gholdengo
|-supereffective|p2a: Gholdengo
|-damage|p2a: Gholdengo|0 fnt
|faint|p2a: Gholdengo
|
|-heal|p1a: Pecharunt|16/100|[from] item: Leftovers
|upkeep
|
|t:|1779569838
|switch|p2a: Dragapult|Dragapult, M|100/100
|turn|7
|
|t:|1779569846
|move|p2a: Dragapult|Hex|p1a: Pecharunt
|-supereffective|p1a: Pecharunt
|-damage|p1a: Pecharunt|0 fnt
|faint|p1a: Pecharunt
|
|upkeep
|
|t:|1779569857
|switch|p1a: Zamazenta|Zamazenta|100/100
|-ability|p1a: Zamazenta|Dauntless Shield|boost
|-boost|p1a: Zamazenta|def|1
|turn|8
|
|t:|1779569868
|move|p2a: Dragapult|Thunder Wave|p1a: Zamazenta
|-status|p1a: Zamazenta|par
|move|p1a: Zamazenta|Reflect|p1a: Zamazenta
|-sidestart|p1: I hate my pokemon.|Reflect
|
|upkeep
|turn|9
|
|t:|1779569876
|move|p2a: Dragapult|Hex|p1a: Zamazenta
|-damage|p1a: Zamazenta|56/100 par
|move|p1a: Zamazenta|Light Screen|p1a: Zamazenta
|-sidestart|p1: I hate my pokemon.|move: Light Screen
|
|upkeep
|turn|10
|inactive|Elite Four Ozzy has 120 seconds left.
|
|t:|1779569904
|move|p2a: Dragapult|U-turn|p1a: Zamazenta
|-resisted|p1a: Zamazenta
|-damage|p1a: Zamazenta|52/100 par
|inactive|Elite Four Ozzy has 90 seconds left.
|
|t:|1779569933
|switch|p2a: Ting-Lu|Ting-Lu|91/100|[from] U-turn
|-damage|p2a: Ting-Lu|85/100|[from] Stealth Rock
|-ability|p2a: Ting-Lu|Vessel of Ruin
|move|p1a: Zamazenta|Roar|p2a: Ting-Lu
|drag|p2a: Dragonite|Dragonite, F|100/100
|
|upkeep
|turn|11
|
|t:|1779569960
|switch|p2a: Ting-Lu|Ting-Lu|85/100
|-damage|p2a: Ting-Lu|79/100|[from] Stealth Rock
|-ability|p2a: Ting-Lu|Vessel of Ruin
|move|p1a: Zamazenta|Close Combat|p2a: Ting-Lu
|-supereffective|p2a: Ting-Lu
|-damage|p2a: Ting-Lu|23/100
|-unboost|p1a: Zamazenta|def|1
|-unboost|p1a: Zamazenta|spd|1
|
|upkeep
|turn|12
|inactive|Elite Four Ozzy has 90 seconds left.
|
|t:|1779569982
|switch|p1a: Dragapult|Dragapult, F|100/100
|switch|p2a: Dragapult|Dragapult, M|100/100
|
|upkeep
|turn|13
|
|t:|1779569995
|move|p2a: Dragapult|Draco Meteor|p1a: Dragapult
|-supereffective|p1a: Dragapult
|-damage|p1a: Dragapult|0 fnt
|-unboost|p2a: Dragapult|spa|2
|faint|p1a: Dragapult
|
|upkeep
|
|t:|1779569999
|switch|p1a: Ogerpon|Ogerpon-Wellspring, F|76/100
|turn|14
|inactive|Elite Four Ozzy has 90 seconds left.
|
|t:|1779570013
|move|p2a: Dragapult|U-turn|p1a: Ogerpon
|-supereffective|p1a: Ogerpon
|-damage|p1a: Ogerpon|33/100
|
|t:|1779570018
|switch|p2a: Ogerpon|Ogerpon-Wellspring, F|100/100|[from] U-turn
|-damage|p2a: Ogerpon|88/100|[from] Stealth Rock
|move|p1a: Ogerpon|Swords Dance|p1a: Ogerpon
|-boost|p1a: Ogerpon|atk|2
|
|upkeep
|turn|15
|
|t:|1779570027
|move|p1a: Ogerpon|Horn Leech|p2a: Ogerpon
|-damage|p2a: Ogerpon|0 fnt
|-heal|p1a: Ogerpon|77/100|[from] drain|[of] p2a: Ogerpon
|faint|p2a: Ogerpon
|
|-sideend|p1: I hate my pokemon.|Reflect
|upkeep
|inactive|Elite Four Ozzy has 90 seconds left.
|
|t:|1779570040
|switch|p2a: Dragapult|Dragapult, M|100/100
|turn|16
|inactive|Elite Four Ozzy has 90 seconds left.
|
|t:|1779570062
|switch|p1a: Zamazenta|Zamazenta|52/100 par
|move|p2a: Dragapult|U-turn|p1a: Zamazenta
|-resisted|p1a: Zamazenta
|-damage|p1a: Zamazenta|46/100 par
|
|t:|1779570078
|switch|p2a: Dragonite|Dragonite, F|100/100|[from] U-turn
|
|-sideend|p1: I hate my pokemon.|move: Light Screen
|upkeep
|turn|17
|
|t:|1779570089
|switch|p2a: Dragapult|Dragapult, M|100/100
|move|p1a: Zamazenta|Roar|p2a: Dragapult
|drag|p2a: Ting-Lu|Ting-Lu|23/100
|-damage|p2a: Ting-Lu|17/100|[from] Stealth Rock
|-ability|p2a: Ting-Lu|Vessel of Ruin
|
|upkeep
|turn|18
|
|t:|1779570099
|move|p1a: Zamazenta|Reflect|p1a: Zamazenta
|-sidestart|p1: I hate my pokemon.|Reflect
|move|p2a: Ting-Lu|Stealth Rock|p1a: Zamazenta
|-sidestart|p1: I hate my pokemon.|move: Stealth Rock
|
|upkeep
|turn|19
|
|t:|1779570102
|move|p1a: Zamazenta|Light Screen|p1a: Zamazenta
|-sidestart|p1: I hate my pokemon.|move: Light Screen
|move|p2a: Ting-Lu|Spikes|p1a: Zamazenta
|-sidestart|p1: I hate my pokemon.|Spikes
|
|upkeep
|turn|20
|
|t:|1779570126
|switch|p2a: Dragapult|Dragapult, M|100/100
|cant|p1a: Zamazenta|par
|
|upkeep
|turn|21
|inactive|Elite Four Ozzy has 90 seconds left.
|
|t:|1779570142
|move|p2a: Dragapult|Hex|p1a: Zamazenta
|-damage|p1a: Zamazenta|2/100 par
|move|p1a: Zamazenta|Roar|p2a: Dragapult
|drag|p2a: Ting-Lu|Ting-Lu|17/100
|-damage|p2a: Ting-Lu|10/100|[from] Stealth Rock
|-ability|p2a: Ting-Lu|Vessel of Ruin
|
|upkeep
|turn|22
|
|t:|1779570150
|switch|p1a: Kingambit|Kingambit, M|100/100
|-damage|p1a: Kingambit|94/100|[from] Stealth Rock
|-damage|p1a: Kingambit|82/100|[from] Spikes
|-activate|p1a: Kingambit|ability: Supreme Overlord
|-start|p1a: Kingambit|fallen3|[silent]
|switch|p2a: Dragapult|Dragapult, M|100/100
|
|-heal|p1a: Kingambit|88/100|[from] item: Leftovers
|upkeep
|turn|23
|inactive|Elite Four Ozzy has 90 seconds left.
|
|t:|1779570184
|move|p2a: Dragapult|Thunder Wave|p1a: Kingambit
|-status|p1a: Kingambit|par
|cant|p1a: Kingambit|par
|
|-heal|p1a: Kingambit|94/100 par|[from] item: Leftovers
|upkeep
|turn|24
|
|t:|1779570202
|switch|p2a: Kingambit|Kingambit, M|100/100
|-damage|p2a: Kingambit|94/100|[from] Stealth Rock
|-activate|p2a: Kingambit|ability: Supreme Overlord
|-start|p2a: Kingambit|fallen2|[silent]
|move|p1a: Kingambit|Swords Dance|p1a: Kingambit
|-boost|p1a: Kingambit|atk|2
|
|-heal|p1a: Kingambit|100/100 par|[from] item: Leftovers
|upkeep
|turn|25
|
|t:|1779570213
|move|p2a: Kingambit|Low Kick|p1a: Kingambit
|-supereffective|p1a: Kingambit
|-damage|p1a: Kingambit|15/100 par
|move|p1a: Kingambit|Kowtow Cleave|p2a: Kingambit
|-resisted|p2a: Kingambit
|-damage|p2a: Kingambit|41/100
|
|-heal|p1a: Kingambit|21/100 par|[from] item: Leftovers
|-sideend|p1: I hate my pokemon.|Reflect
|upkeep
|turn|26
|
|t:|1779570232
|move|p2a: Kingambit|Sucker Punch|p1a: Kingambit
|-resisted|p1a: Kingambit
|-damage|p1a: Kingambit|0 fnt
|faint|p1a: Kingambit
|-end|p1a: Kingambit|fallen3|[silent]
|
|-sideend|p1: I hate my pokemon.|move: Light Screen
|upkeep
|
|t:|1779570236
|switch|p1a: Ogerpon|Ogerpon-Wellspring, F|77/100
|-damage|p1a: Ogerpon|65/100|[from] Stealth Rock
|-damage|p1a: Ogerpon|52/100|[from] Spikes
|turn|27
|-message|I hate my pokemon. forfeited.
|
|win|Elite Four Ozzy
|raw|I hate my pokemon.'s rating: 1422 &rarr; <strong>1407</strong><br />(-15 for losing)
|raw|Elite Four Ozzy's rating: 1506 &rarr; <strong>1521</strong><br />(+15 for winning)
|l|☆I hate my pokemon.
|player|p1|
