|j|☆Hdbdbdbdbdbe
|j|☆Baptou26
|t:|1779654322
|gametype|singles
|player|p1|Hdbdbdbdbdbe|266|1160
|player|p2|Baptou26|101|1211
|gen|9
|tier|[Gen 9] OU
|rated|
|rule|HP Percentage Mod: HP is shown in percentages
|rule|Endless Battle Clause: Forcing endless battles is banned
|rule|Species Clause: Limit one of each Pokémon
|rule|OHKO Clause: OHKO moves are banned
|rule|Evasion Items Clause: Evasion items are banned
|rule|Evasion Moves Clause: Evasion moves are banned
|rule|Evasion Abilities Clause: Evasion abilities are banned
|rule|Sleep Moves Clause: Sleep-inducing moves are banned
|clearpoke
|poke|p1|Dragapult, M|
|poke|p1|Gliscor, F|
|poke|p1|Ogerpon-Wellspring, F|
|poke|p1|Iron Crown|
|poke|p1|Ting-Lu|
|poke|p1|Kingambit, F|
|poke|p2|Gliscor, F|
|poke|p2|Iron Valiant|
|poke|p2|Ceruledge, M|
|poke|p2|Meowscarada, M|
|poke|p2|Primarina, F|
|poke|p2|Basculin-Blue-Striped, M|
|teampreview
|
|t:|1779654333
|teamsize|p1|6
|teamsize|p2|6
|start
|switch|p1a: Dragapult|Dragapult, M|100/100
|switch|p2a: Car|Meowscarada, M|100/100
|turn|1
|
|t:|1779654339
|move|p2a: Car|Triple Axel|p1a: Dragapult
|-start|p2a: Car|typechange|Ice|[from] ability: Protean
|-supereffective|p1a: Dragapult
|-damage|p1a: Dragapult|76/100
|-supereffective|p1a: Dragapult
|-damage|p1a: Dragapult|25/100
|-supereffective|p1a: Dragapult
|-damage|p1a: Dragapult|0 fnt
|faint|p1a: Dragapult
|-hitcount|p1: Dragapult|3
|
|upkeep
|
|t:|1779654343
|switch|p1a: Ogerpon|Ogerpon-Wellspring, F|100/100
|turn|2
|
|t:|1779654351
|switch|p2a: Fih|Basculin-Blue-Striped, M|100/100
|-ability|p2a: Fih|Mold Breaker
|move|p1a: Ogerpon|Ivy Cudgel|p2a: Fih|[anim] Ivy Cudgel Water
|-resisted|p2a: Fih
|-damage|p2a: Fih|49/100
|-enditem|p2a: Fih|Eject Button
|
|t:|1779654360
|switch|p2a: Car|Meowscarada, M|100/100
|
|upkeep
|turn|3
|
|t:|1779654364
|switch|p1a: Gliscor|Gliscor, F|100/100
|move|p2a: Car|Flower Trick|p1a: Gliscor
|-start|p2a: Car|typechange|Grass|[from] ability: Protean
|-crit|p1a: Gliscor
|-damage|p1a: Gliscor|64/100
|
|-status|p1a: Gliscor|tox|[from] item: Toxic Orb
|upkeep
|turn|4
|
|t:|1779654374
|switch|p2a: Fih|Basculin-Blue-Striped, M|49/100
|-ability|p2a: Fih|Mold Breaker
|move|p1a: Gliscor|Toxic Spikes|p2a: Fih
|-sidestart|p2: Baptou26|move: Toxic Spikes
|
|-heal|p1a: Gliscor|76/100 tox|[from] ability: Poison Heal
|upkeep
|turn|5
|
|t:|1779654384
|move|p1a: Gliscor|Protect|p1a: Gliscor
|-singleturn|p1a: Gliscor|Protect
|move|p2a: Fih|Flip Turn|p1a: Gliscor
|-activate|p1a: Gliscor|move: Protect
|
|-heal|p1a: Gliscor|89/100 tox|[from] ability: Poison Heal
|upkeep
|turn|6
|
|t:|1779654391
|switch|p1a: Ogerpon|Ogerpon-Wellspring, F|100/100
|move|p2a: Fih|Taunt|p1a: Ogerpon
|-start|p1a: Ogerpon|move: Taunt
|
|upkeep
|turn|7
|
|t:|1779654399
|move|p2a: Fih|Aqua Jet|p1a: Ogerpon
|-resisted|p1a: Ogerpon
|-damage|p1a: Ogerpon|95/100
|move|p1a: Ogerpon|U-turn|p2a: Fih
|-damage|p2a: Fih|2/100
|
|t:|1779654407
|switch|p1a: Iron Crown|Iron Crown|100/100|[from] U-turn
|-enditem|p1a: Iron Crown|Booster Energy
|-activate|p1a: Iron Crown|ability: Quark Drive|[fromitem]
|-start|p1a: Iron Crown|quarkdrivespe
|
|upkeep
|turn|8
|
|t:|1779654417
|move|p1a: Iron Crown|Calm Mind|p1a: Iron Crown
|-boost|p1a: Iron Crown|spa|1
|-boost|p1a: Iron Crown|spd|1
|move|p2a: Fih|Taunt|p1a: Iron Crown
|-start|p1a: Iron Crown|move: Taunt
|
|upkeep
|turn|9
|
|t:|1779654424
|move|p2a: Fih|Aqua Jet|p1a: Iron Crown
|-damage|p1a: Iron Crown|85/100
|move|p1a: Iron Crown|Tachyon Cutter|p2a: Fih
|-resisted|p2a: Fih
|-damage|p2a: Fih|0 fnt
|faint|p2a: Fih
|-hitcount|p2: Fih|1
|
|upkeep
|
|t:|1779654431
|switch|p2a: Stay With Me|Iron Valiant|100/100
|-status|p2a: Stay With Me|psn
|-enditem|p2a: Stay With Me|Booster Energy
|-activate|p2a: Stay With Me|ability: Quark Drive|[fromitem]
|-start|p2a: Stay With Me|quarkdrivespe
|turn|10
|
|t:|1779654437
|move|p2a: Stay With Me|Destiny Bond|p2a: Stay With Me
|-singlemove|p2a: Stay With Me|Destiny Bond
|move|p1a: Iron Crown|Tachyon Cutter|p2a: Stay With Me
|-supereffective|p2a: Stay With Me
|-damage|p2a: Stay With Me|0 fnt
|faint|p2a: Stay With Me
|-activate|p2a: Stay With Me|move: Destiny Bond
|-end|p2a: Stay With Me|Quark Drive|[silent]
|faint|p1a: Iron Crown
|-end|p1a: Iron Crown|Quark Drive|[silent]
|-hitcount|p2: Stay With Me|1
|
|upkeep
|
|t:|1779654448
|switch|p2a: FAHHH|Gliscor, F|100/100
|switch|p1a: Gliscor|Gliscor, F|89/100 tox
|turn|11
|
|t:|1779654454
|move|p2a: FAHHH|Swords Dance|p2a: FAHHH
|-boost|p2a: FAHHH|atk|2
|move|p1a: Gliscor|Toxic Spikes|p2a: FAHHH
|-sidestart|p2: Baptou26|move: Toxic Spikes
|
|-heal|p1a: Gliscor|100/100 tox|[from] ability: Poison Heal
|-status|p2a: FAHHH|tox|[from] item: Toxic Orb
|upkeep
|turn|12
|
|t:|1779654462
|switch|p1a: Ogerpon|Ogerpon-Wellspring, F|95/100
|-terastallize|p2a: FAHHH|Normal
|move|p2a: FAHHH|Swords Dance|p2a: FAHHH
|-boost|p2a: FAHHH|atk|2
|
|upkeep
|turn|13
|
|t:|1779654470
|move|p1a: Ogerpon|Ivy Cudgel|p2a: FAHHH|[anim] Ivy Cudgel Water
|-crit|p2a: FAHHH
|-damage|p2a: FAHHH|22/100 tox
|move|p2a: FAHHH|Facade|p1a: Ogerpon
|-damage|p1a: Ogerpon|0 fnt
|faint|p1a: Ogerpon
|
|-heal|p2a: FAHHH|34/100 tox|[from] ability: Poison Heal
|upkeep
|
|t:|1779654473
|switch|p1a: Kingambit|Kingambit, F|100/100
|-activate|p1a: Kingambit|ability: Supreme Overlord
|-start|p1a: Kingambit|fallen3|[silent]
|-item|p1a: Kingambit|Air Balloon
|turn|14
|
|t:|1779654487
|move|p2a: FAHHH|Protect|p2a: FAHHH
|-singleturn|p2a: FAHHH|Protect
|move|p1a: Kingambit|Kowtow Cleave|p2a: FAHHH
|-activate|p2a: FAHHH|move: Protect
|
|-heal|p2a: FAHHH|47/100 tox|[from] ability: Poison Heal
|upkeep
|turn|15
|
|t:|1779654494
|move|p2a: FAHHH|Facade|p1a: Kingambit
|-resisted|p1a: Kingambit
|-damage|p1a: Kingambit|20/100
|-enditem|p1a: Kingambit|Air Balloon
|move|p1a: Kingambit|Low Kick|p2a: FAHHH
|-supereffective|p2a: FAHHH
|-damage|p2a: FAHHH|0 fnt
|faint|p2a: FAHHH
|
|upkeep
|
|t:|1779654504
|switch|p2a: Angy Candle|Ceruledge, M|100/100
|-status|p2a: Angy Candle|tox
|turn|16
|
|t:|1779654513
|move|p2a: Angy Candle|Shadow Sneak|p1a: Kingambit
|-resisted|p1a: Kingambit
|-damage|p1a: Kingambit|12/100
|move|p1a: Kingambit|Kowtow Cleave|p2a: Angy Candle
|-supereffective|p2a: Angy Candle
|-damage|p2a: Angy Candle|0 fnt
|faint|p2a: Angy Candle
|
|upkeep
|inactive|Battle timer is ON: inactive players will automatically lose when time's up. (requested by Hdbdbdbdbdbe)
|
|t:|1779654520
|switch|p2a: Big Fih|Primarina, F|100/100
|-status|p2a: Big Fih|tox
|turn|17
|
|t:|1779654523
|move|p1a: Kingambit|Kowtow Cleave|p2a: Big Fih
|-resisted|p2a: Big Fih
|-crit|p2a: Big Fih
|-damage|p2a: Big Fih|49/100 tox
|move|p2a: Big Fih|Hyper Voice|p1a: Kingambit
|-damage|p1a: Kingambit|0 fnt
|faint|p1a: Kingambit
|-end|p1a: Kingambit|fallen3|[silent]
|-enditem|p2a: Big Fih|Throat Spray
|-boost|p2a: Big Fih|spa|1|[from] item: Throat Spray
|
|-damage|p2a: Big Fih|43/100 tox|[from] psn
|upkeep
|
|t:|1779654533
|switch|p1a: Ting-Lu|Ting-Lu|100/100
|-ability|p1a: Ting-Lu|Vessel of Ruin
|turn|18
|
|t:|1779654539
|-terastallize|p1a: Ting-Lu|Water
|move|p1a: Ting-Lu|Heavy Slam|p2a: Big Fih
|-damage|p2a: Big Fih|7/100 tox
|move|p2a: Big Fih|Moonblast|p1a: Ting-Lu
|-damage|p1a: Ting-Lu|60/100
|
|-damage|p2a: Big Fih|0 fnt|[from] psn
|faint|p2a: Big Fih
|upkeep
|
|t:|1779654547
|switch|p2a: Car|Meowscarada, M|100/100
|-status|p2a: Car|tox
|turn|19
|
|t:|1779654552
|move|p2a: Car|Flower Trick|p1a: Ting-Lu
|-start|p2a: Car|typechange|Grass|[from] ability: Protean
|-supereffective|p1a: Ting-Lu
|-crit|p1a: Ting-Lu
|-damage|p1a: Ting-Lu|2/100
|move|p1a: Ting-Lu|Heavy Slam|p2a: Car
|-damage|p2a: Car|56/100 tox
|
|-damage|p2a: Car|50/100 tox|[from] psn
|upkeep
|turn|20
|
|t:|1779654562
|move|p2a: Car|Flower Trick|p1a: Ting-Lu
|-supereffective|p1a: Ting-Lu
|-crit|p1a: Ting-Lu
|-damage|p1a: Ting-Lu|0 fnt
|faint|p1a: Ting-Lu
|
|-damage|p2a: Car|37/100 tox|[from] psn
|upkeep
|
|t:|1779654564
|switch|p1a: Gliscor|Gliscor, F|100/100 tox
|turn|21
|
|t:|1779654570
|move|p1a: Gliscor|Protect|p1a: Gliscor
|-singleturn|p1a: Gliscor|Protect
|move|p2a: Car|Flower Trick|p1a: Gliscor
|-activate|p1a: Gliscor|move: Protect
|
|-damage|p2a: Car|19/100 tox|[from] psn
|upkeep
|turn|22
|
|t:|1779654578
|move|p1a: Gliscor|Protect|p1a: Gliscor
|-singleturn|p1a: Gliscor|Protect
|move|p2a: Car|Flower Trick|p1a: Gliscor
|-activate|p1a: Gliscor|move: Protect
|
|-damage|p2a: Car|0 fnt|[from] psn
|faint|p2a: Car
|
|win|Hdbdbdbdbdbe
|raw|Hdbdbdbdbdbe's rating: 1174 &rarr; <strong>1202</strong><br />(+28 for winning)
|raw|Baptou26's rating: 1211 &rarr; <strong>1183</strong><br />(-28 for losing)
|l|☆Baptou26
|player|p2|
|l|☆Hdbdbdbdbdbe
|player|p1|
