|j|☆nolan_k01
|j|☆Nuke_sx
|t:|1779659738
|gametype|singles
|player|p1|nolan_k01|266|1049
|player|p2|Nuke_sx|pokemonranger-gen4|1071
|gen|9
|tier|[Gen 9] OU
|rated|
|rule|HP Percentage Mod: HP is shown in percentages
|rule|Endless Battle Clause: Forcing endless battles is banned
|rule|Species Clause: Limit one of each Pokémon
|rule|OHKO Clause: OHKO moves are banned
|rule|Evasion Items Clause: Evasion items are banned
|rule|Evasion Moves Clause: Evasion moves are banned
|rule|Evasion Abilities Clause: Evasion abilities are banned
|rule|Sleep Moves Clause: Sleep-inducing moves are banned
|clearpoke
|poke|p1|Krookodile, F|
|poke|p1|Noivern, M|
|poke|p1|Torkoal, F|
|poke|p1|Scovillain, M|
|poke|p1|Ceruledge, F|
|poke|p1|Victreebel, M|
|poke|p2|Gengar, M|
|poke|p2|Dragonite, F|
|poke|p2|Heatran, M|
|poke|p2|Corviknight, F|
|poke|p2|Iron Valiant|
|poke|p2|Ting-Lu|
|teampreview
|inactive|Battle timer is ON: inactive players will automatically lose when time's up. (requested by nolan_k01)
|
|t:|1779659748
|teamsize|p1|6
|teamsize|p2|6
|start
|switch|p1a: ass|Torkoal, F|100/100
|switch|p2a: Ting-Lu|Ting-Lu|100/100
|-ability|p2a: Ting-Lu|Vessel of Ruin
|-weather|SunnyDay|[from] ability: Drought|[of] p1a: ass
|turn|1
|
|t:|1779659759
|move|p2a: Ting-Lu|Ruination|p1a: ass
|-damage|p1a: ass|51/100
|move|p1a: ass|Stealth Rock|p2a: Ting-Lu
|-sidestart|p2: Nuke_sx|move: Stealth Rock
|
|-weather|SunnyDay|[upkeep]
|upkeep
|turn|2
|
|t:|1779659770
|switch|p1a: Carni and Voro|Scovillain, M|100/100
|move|p2a: Ting-Lu|Stealth Rock|p1a: Carni and Voro
|-sidestart|p1: nolan_k01|move: Stealth Rock
|
|-weather|SunnyDay|[upkeep]
|upkeep
|turn|3
|
|t:|1779659783
|-terastallize|p2a: Ting-Lu|Dark
|move|p1a: Carni and Voro|Solar Beam||[still]
|-prepare|p1a: Carni and Voro|Solar Beam
|-anim|p1a: Carni and Voro|Solar Beam|p2a: Ting-Lu
|-damage|p2a: Ting-Lu|70/100
|-damage|p1a: Carni and Voro|91/100|[from] item: Life Orb
|move|p2a: Ting-Lu|Ruination|p1a: Carni and Voro
|-damage|p1a: Carni and Voro|46/100
|
|-weather|SunnyDay|[upkeep]
|-heal|p2a: Ting-Lu|76/100|[from] item: Leftovers
|upkeep
|turn|4
|
|t:|1779659798
|move|p1a: Carni and Voro|Leech Seed|p2a: Ting-Lu
|-start|p2a: Ting-Lu|move: Leech Seed
|move|p2a: Ting-Lu|Whirlwind|p1a: Carni and Voro
|drag|p1a: ass|Torkoal, F|51/100
|-damage|p1a: ass|26/100|[from] Stealth Rock
|
|-weather|SunnyDay|[upkeep]
|-heal|p2a: Ting-Lu|83/100|[from] item: Leftovers
|-damage|p2a: Ting-Lu|70/100|[from] Leech Seed|[of] p1a: ass
|-heal|p1a: ass|45/100|[silent]
|upkeep
|turn|5
|
|t:|1779659811
|move|p2a: Ting-Lu|Earthquake|p1a: ass
|-supereffective|p1a: ass
|-damage|p1a: ass|0 fnt
|faint|p1a: ass
|
|-weather|SunnyDay|[upkeep]
|-heal|p2a: Ting-Lu|76/100|[from] item: Leftovers
|upkeep
|
|t:|1779659817
|switch|p1a: mini jeff|Victreebel, M|100/100
|-damage|p1a: mini jeff|88/100|[from] Stealth Rock
|turn|6
|
|t:|1779659826
|move|p1a: mini jeff|Substitute|p1a: mini jeff
|-start|p1a: mini jeff|Substitute
|-damage|p1a: mini jeff|63/100
|move|p2a: Ting-Lu|Whirlwind|p1a: mini jeff
|drag|p1a: Carni and Voro|Scovillain, M|46/100
|-damage|p1a: Carni and Voro|21/100|[from] Stealth Rock
|
|-weather|SunnyDay|[upkeep]
|-heal|p2a: Ting-Lu|83/100|[from] item: Leftovers
|-damage|p2a: Ting-Lu|70/100|[from] Leech Seed|[of] p1a: Carni and Voro
|-heal|p1a: Carni and Voro|44/100|[silent]
|upkeep
|turn|7
|
|t:|1779659839
|move|p1a: Carni and Voro|Solar Beam||[still]
|-prepare|p1a: Carni and Voro|Solar Beam
|-anim|p1a: Carni and Voro|Solar Beam|p2a: Ting-Lu
|-damage|p2a: Ting-Lu|42/100
|-damage|p1a: Carni and Voro|34/100|[from] item: Life Orb
|move|p2a: Ting-Lu|Earthquake|p1a: Carni and Voro
|-damage|p1a: Carni and Voro|0 fnt
|faint|p1a: Carni and Voro
|
|-weather|SunnyDay|[upkeep]
|-heal|p2a: Ting-Lu|48/100|[from] item: Leftovers
|upkeep
|
|t:|1779659852
|switch|p1a: Dracula|Noivern, M|100/100
|-damage|p1a: Dracula|76/100|[from] Stealth Rock
|turn|8
|
|t:|1779659863
|move|p1a: Dracula|Switcheroo|p2a: Ting-Lu
|-activate|p1a: Dracula|move: Trick|[of] p2a: Ting-Lu
|-item|p2a: Ting-Lu|Sticky Barb|[from] move: Switcheroo
|-item|p1a: Dracula|Leftovers|[from] move: Switcheroo
|move|p2a: Ting-Lu|Ruination|p1a: Dracula
|-damage|p1a: Dracula|38/100
|
|-weather|none
|-heal|p1a: Dracula|44/100|[from] item: Leftovers
|-damage|p2a: Ting-Lu|36/100|[from] Leech Seed|[of] p1a: Dracula
|-heal|p1a: Dracula|65/100|[silent]
|-damage|p2a: Ting-Lu|23/100|[from] item: Sticky Barb
|upkeep
|turn|9
|l|☆Nuke_sx
|inactive|Nuke_sx disconnected and has a minute to reconnect!
|player|p2|
|j|☆Nuke_sx
|inactive|Nuke_sx reconnected and has 125 seconds left.
|player|p2|Nuke_sx|pokemonranger-gen4|
|inactive|Nuke_sx has 120 seconds left.
|
|t:|1779659901
|switch|p2a: Corviknight|Corviknight, F|100/100
|-damage|p2a: Corviknight|88/100|[from] Stealth Rock
|-ability|p2a: Corviknight|Pressure
|move|p1a: Dracula|U-turn|p2a: Corviknight
|-resisted|p2a: Corviknight
|-damage|p2a: Corviknight|85/100
|
|t:|1779659930
|switch|p1a: Fernando|Ceruledge, F|100/100|[from] U-turn
|-damage|p1a: Fernando|76/100|[from] Stealth Rock
|
|-heal|p2a: Corviknight|92/100|[from] item: Leftovers
|upkeep
|turn|10
|inactive|Nuke_sx has 120 seconds left.
|inactive|nolan_k01 has 120 seconds left.
|
|t:|1779659947
|move|p1a: Fernando|Bitter Blade|p2a: Corviknight
|-supereffective|p2a: Corviknight
|-damage|p2a: Corviknight|39/100
|-heal|p1a: Fernando|100/100|[from] drain|[of] p2a: Corviknight
|move|p2a: Corviknight|U-turn|p1a: Fernando
|-resisted|p1a: Fernando
|-damage|p1a: Fernando|96/100
|-ability|p1a: Fernando|Weak Armor|boost
|-unboost|p1a: Fernando|def|1
|-boost|p1a: Fernando|spe|2
|
|t:|1779659965
|switch|p2a: Iron Valiant|Iron Valiant|100/100|[from] U-turn
|-damage|p2a: Iron Valiant|94/100|[from] Stealth Rock
|-enditem|p2a: Iron Valiant|Booster Energy
|-activate|p2a: Iron Valiant|ability: Quark Drive|[fromitem]
|-start|p2a: Iron Valiant|quarkdrivespe
|
|upkeep
|turn|11
|inactive|nolan_k01 has 120 seconds left.
|
|t:|1779659981
|-terastallize|p1a: Fernando|Grass
|move|p1a: Fernando|Poltergeist||[still]
|-fail|p1a: Fernando
|move|p2a: Iron Valiant|Moonblast|p1a: Fernando
|-damage|p1a: Fernando|38/100
|
|upkeep
|turn|12
|
|t:|1779659993
|move|p1a: Fernando|Bitter Blade|p2a: Iron Valiant
|-damage|p2a: Iron Valiant|39/100
|-heal|p1a: Fernando|66/100|[from] drain|[of] p2a: Iron Valiant
|move|p2a: Iron Valiant|Encore|p1a: Fernando
|-start|p1a: Fernando|Encore
|
|upkeep
|turn|13
|
|t:|1779660010
|-end|p2a: Iron Valiant|Quark Drive|[silent]
|switch|p2a: Heatran|Heatran, M|100/100
|-damage|p2a: Heatran|88/100|[from] Stealth Rock
|move|p1a: Fernando|Bitter Blade|p2a: Heatran
|-start|p2a: Heatran|ability: Flash Fire
|
|-heal|p2a: Heatran|94/100|[from] item: Leftovers
|upkeep
|turn|14
|
|t:|1779660024
|switch|p1a: Dracula|Noivern, M|65/100
|-damage|p1a: Dracula|40/100|[from] Stealth Rock
|move|p2a: Heatran|Magma Storm|p1a: Dracula
|-resisted|p1a: Dracula
|-crit|p1a: Dracula
|-damage|p1a: Dracula|0 fnt
|faint|p1a: Dracula
|
|-heal|p2a: Heatran|100/100|[from] item: Leftovers
|upkeep
|
|t:|1779660033
|switch|p1a: Fernando|Ceruledge, F, tera:Grass|66/100
|-damage|p1a: Fernando|53/100|[from] Stealth Rock
|turn|15
|
|t:|1779660040
|move|p1a: Fernando|Poltergeist|p2a: Heatran
|-activate|p2a: Heatran|move: Poltergeist|Leftovers
|-crit|p2a: Heatran
|-damage|p2a: Heatran|40/100
|move|p2a: Heatran|Magma Storm|p1a: Fernando
|-supereffective|p1a: Fernando
|-damage|p1a: Fernando|0 fnt
|faint|p1a: Fernando
|
|-heal|p2a: Heatran|46/100|[from] item: Leftovers
|upkeep
|
|t:|1779660059
|switch|p1a: mini jeff|Victreebel, M|63/100
|-damage|p1a: mini jeff|51/100|[from] Stealth Rock
|turn|16
|
|t:|1779660067
|move|p1a: mini jeff|Protect|p1a: mini jeff
|-singleturn|p1a: mini jeff|Protect
|move|p2a: Heatran|Magma Storm|p1a: mini jeff
|-activate|p1a: mini jeff|move: Protect
|
|-heal|p1a: mini jeff|57/100|[from] item: Black Sludge
|-heal|p2a: Heatran|52/100|[from] item: Leftovers
|upkeep
|turn|17
|
|t:|1779660077
|move|p1a: mini jeff|Substitute|p1a: mini jeff
|-start|p1a: mini jeff|Substitute
|-damage|p1a: mini jeff|32/100
|move|p2a: Heatran|Magma Storm|p1a: mini jeff
|-supereffective|p1a: mini jeff
|-end|p1a: mini jeff|Substitute
|
|-heal|p1a: mini jeff|38/100|[from] item: Black Sludge
|-heal|p2a: Heatran|58/100|[from] item: Leftovers
|upkeep
|turn|18
|
|t:|1779660087
|move|p1a: mini jeff|Protect|p1a: mini jeff
|-singleturn|p1a: mini jeff|Protect
|move|p2a: Heatran|Earth Power|p1a: mini jeff
|-activate|p1a: mini jeff|move: Protect
|
|-heal|p1a: mini jeff|44/100|[from] item: Black Sludge
|-heal|p2a: Heatran|64/100|[from] item: Leftovers
|upkeep
|turn|19
|
|t:|1779660098
|move|p1a: mini jeff|Giga Drain|p2a: Heatran
|-resisted|p2a: Heatran
|-damage|p2a: Heatran|60/100
|-heal|p1a: mini jeff|47/100|[from] drain|[of] p2a: Heatran
|move|p2a: Heatran|Magma Storm|p1a: mini jeff
|-supereffective|p1a: mini jeff
|-damage|p1a: mini jeff|0 fnt
|faint|p1a: mini jeff
|
|-heal|p2a: Heatran|66/100|[from] item: Leftovers
|upkeep
|
|t:|1779660104
|switch|p1a: Rex killah|Krookodile, F|100/100
|-damage|p1a: Rex killah|94/100|[from] Stealth Rock
|turn|20
|inactive|nolan_k01 has 120 seconds left.
|
|t:|1779660134
|move|p1a: Rex killah|Knock Off|p2a: Heatran
|-damage|p2a: Heatran|33/100
|-enditem|p2a: Heatran|Leftovers|[from] move: Knock Off|[of] p1a: Rex killah
|move|p2a: Heatran|Magma Storm|p1a: Rex killah
|-damage|p1a: Rex killah|0 fnt
|faint|p1a: Rex killah
|
|win|Nuke_sx
|raw|nolan_k01's rating: 1049 &rarr; <strong>1033</strong><br />(-16 for losing)
|raw|Nuke_sx's rating: 1071 &rarr; <strong>1098</strong><br />(+27 for winning)
|l|☆nolan_k01
|player|p1|
