|j|‽BigCungusxRemix
|j|☆louwilliamzz
|t:|1779724911
|gametype|singles
|player|p1|BigCungusxRemix|101|1353
|player|p2|louwilliamzz|101|1370
|gen|9
|tier|[Gen 9] OU
|rated|
|rule|HP Percentage Mod: HP is shown in percentages
|rule|Endless Battle Clause: Forcing endless battles is banned
|rule|Species Clause: Limit one of each Pokémon
|rule|OHKO Clause: OHKO moves are banned
|rule|Evasion Items Clause: Evasion items are banned
|rule|Evasion Moves Clause: Evasion moves are banned
|rule|Evasion Abilities Clause: Evasion abilities are banned
|rule|Sleep Moves Clause: Sleep-inducing moves are banned
|clearpoke
|poke|p1|Slowking-Galar, F|
|poke|p1|Great Tusk|
|poke|p1|Kyurem|
|poke|p1|Kingambit, F|
|poke|p1|Cinderace, M|
|poke|p1|Zapdos|
|poke|p2|Indeedee, M|
|poke|p2|Armarouge, M|
|poke|p2|Ting-Lu|
|poke|p2|Hawlucha, M|
|poke|p2|Polteageist-Antique|
|poke|p2|Hatterene, F|
|teampreview
|inactive|Battle timer is ON: inactive players will automatically lose when time's up. (requested by louwilliamzz)
|
|t:|1779724930
|teamsize|p1|6
|teamsize|p2|6
|start
|switch|p1a: Slowking|Slowking-Galar, F|100/100
|switch|p2a: Indeedee|Indeedee, M|100/100
|-fieldstart|move: Psychic Terrain|[from] ability: Psychic Surge|[of] p2a: Indeedee
|turn|1
|
|t:|1779724939
|move|p2a: Indeedee|Psyshock|p1a: Slowking
|-damage|p1a: Slowking|58/100
|move|p1a: Slowking|Future Sight|p2a: Indeedee
|-start|p1a: Slowking|move: Future Sight
|
|upkeep
|turn|2
|
|t:|1779724955
|switch|p2a: Ting-Lu|Ting-Lu|100/100
|-ability|p2a: Ting-Lu|Vessel of Ruin
|-prepare|p1a: Slowking|Chilly Reception|[premajor]
|move|p1a: Slowking|Chilly Reception|p1a: Slowking
|-weather|Snowscape
|
|t:|1779724962
|switch|p1a: Kyurem|Kyurem|100/100|[from] Chilly Reception
|-ability|p1a: Kyurem|Pressure
|
|-weather|Snowscape|[upkeep]
|upkeep
|turn|3
|
|t:|1779724972
|move|p1a: Kyurem|Blizzard|p2a: Ting-Lu
|-supereffective|p2a: Ting-Lu
|-crit|p2a: Ting-Lu
|-damage|p2a: Ting-Lu|0 fnt
|faint|p2a: Ting-Lu
|
|-weather|Snowscape|[upkeep]
|-hint|Future Sight did not hit because the target is fainted.
|upkeep
|
|t:|1779724995
|switch|p2a: Armarouge|Armarouge, M|100/100
|turn|4
|
|t:|1779725000
|move|p1a: Kyurem|Blizzard|p2a: Armarouge
|-resisted|p2a: Armarouge
|-damage|p2a: Armarouge|49/100
|move|p2a: Armarouge|Expanding Force|p1a: Kyurem
|-damage|p1a: Kyurem|27/100
|
|-weather|Snowscape|[upkeep]
|upkeep
|turn|5
|inactive|louwilliamzz has 120 seconds left.
|
|t:|1779725037
|move|p1a: Kyurem|Blizzard|p2a: Armarouge
|-resisted|p2a: Armarouge
|-damage|p2a: Armarouge|0 fnt
|faint|p2a: Armarouge
|
|-weather|Snowscape|[upkeep]
|upkeep
|inactive|louwilliamzz has 90 seconds left.
|
|t:|1779725076
|switch|p2a: Hawlucha|Hawlucha, M|100/100
|-enditem|p2a: Hawlucha|Psychic Seed
|-boost|p2a: Hawlucha|spd|1|[from] item: Psychic Seed
|turn|6
|inactive|louwilliamzz has 90 seconds left.
|
|t:|1779725089
|move|p2a: Hawlucha|Substitute|p2a: Hawlucha
|-start|p2a: Hawlucha|Substitute
|-damage|p2a: Hawlucha|76/100
|move|p1a: Kyurem|Blizzard|p2a: Hawlucha
|-supereffective|p2a: Hawlucha
|-end|p2a: Hawlucha|Substitute
|
|-weather|none
|upkeep
|turn|7
|inactive|louwilliamzz has 90 seconds left.
|
|t:|1779725102
|switch|p1a: Zapdos|Zapdos, shiny|100/100
|move|p2a: Hawlucha|Close Combat|p1a: Zapdos
|-resisted|p1a: Zapdos
|-damage|p1a: Zapdos|81/100
|-unboost|p2a: Hawlucha|def|1
|-unboost|p2a: Hawlucha|spd|1
|
|upkeep
|turn|8
|inactive|louwilliamzz has 90 seconds left.
|
|t:|1779725117
|switch|p2a: Hatterene|Hatterene, F|100/100
|move|p1a: Zapdos|Volt Switch|p2a: Hatterene
|-damage|p2a: Hatterene|68/100
|
|t:|1779725127
|switch|p1a: Kyurem|Kyurem|27/100|[from] Volt Switch
|-ability|p1a: Kyurem|Pressure
|
|-heal|p2a: Hatterene|74/100|[from] item: Leftovers
|-fieldend|move: Psychic Terrain
|upkeep
|turn|9
|
|t:|1779725136
|move|p1a: Kyurem|Ice Beam|p2a: Hatterene
|-damage|p2a: Hatterene|2/100
|move|p2a: Hatterene|Nuzzle|p1a: Kyurem
|-resisted|p1a: Kyurem
|-damage|p1a: Kyurem|25/100
|-status|p1a: Kyurem|par
|
|-heal|p2a: Hatterene|8/100|[from] item: Leftovers
|upkeep
|turn|10
|
|t:|1779725144
|move|p1a: Kyurem|Ice Beam|p2a: Hatterene
|-damage|p2a: Hatterene|0 fnt
|faint|p2a: Hatterene
|
|upkeep
|
|t:|1779725148
|switch|p2a: Indeedee|Indeedee, M|100/100
|-fieldstart|move: Psychic Terrain|[from] ability: Psychic Surge|[of] p2a: Indeedee
|turn|11
|
|t:|1779725151
|move|p2a: Indeedee|Dazzling Gleam|p1a: Kyurem
|-supereffective|p1a: Kyurem
|-damage|p1a: Kyurem|0 fnt
|faint|p1a: Kyurem
|
|upkeep
|
|t:|1779725166
|switch|p1a: Slowking|Slowking-Galar, F|91/100
|turn|12
|inactive|louwilliamzz has 120 seconds left.
|
|t:|1779725183
|move|p2a: Indeedee|Psyshock|p1a: Slowking
|-damage|p1a: Slowking|45/100
|move|p1a: Slowking|Future Sight|p2a: Indeedee
|-start|p1a: Slowking|move: Future Sight
|
|upkeep
|turn|13
|inactive|louwilliamzz has 120 seconds left.
|
|t:|1779725205
|switch|p1a: Great Tusk|Great Tusk|100/100
|move|p2a: Indeedee|Encore||[still]
|-fail|p2a: Indeedee
|
|upkeep
|turn|14
|inactive|louwilliamzz has 120 seconds left.
|
|t:|1779725216
|move|p2a: Indeedee|Psyshock|p1a: Great Tusk
|-supereffective|p1a: Great Tusk
|-damage|p1a: Great Tusk|35/100
|move|p1a: Great Tusk|Ice Spinner|p2a: Indeedee
|-damage|p2a: Indeedee|45/100
|-fieldend|move: Psychic Terrain
|
|-end|p2a: Indeedee|move: Future Sight
|-resisted|p2a: Indeedee
|-crit|p2a: Indeedee
|-damage|p2a: Indeedee|3/100
|-heal|p1a: Great Tusk|41/100|[from] item: Leftovers
|upkeep
|turn|15
|
|t:|1779725235
|switch|p2a: Hawlucha|Hawlucha, M|76/100
|move|p1a: Great Tusk|Ice Spinner|p2a: Hawlucha
|-supereffective|p2a: Hawlucha
|-damage|p2a: Hawlucha|4/100
|
|-heal|p1a: Great Tusk|47/100|[from] item: Leftovers
|upkeep
|turn|16
|
|t:|1779725246
|move|p2a: Hawlucha|Acrobatics|p1a: Great Tusk
|-supereffective|p1a: Great Tusk
|-damage|p1a: Great Tusk|0 fnt
|faint|p1a: Great Tusk
|-end|p1a: Great Tusk|Protosynthesis|[silent]
|
|upkeep
|
|t:|1779725251
|switch|p1a: Zapdos|Zapdos, shiny|81/100
|turn|17
|inactive|BigCungusxRemix has 120 seconds left.
|
|t:|1779725273
|switch|p2a: Indeedee|Indeedee, M|3/100
|-fieldstart|move: Psychic Terrain|[from] ability: Psychic Surge|[of] p2a: Indeedee
|move|p1a: Zapdos|Volt Switch|p2a: Indeedee
|-damage|p2a: Indeedee|0 fnt
|faint|p2a: Indeedee
|inactive|BigCungusxRemix has 120 seconds left.
|
|t:|1779725281
|switch|p1a: Kingambit|Kingambit, F|100/100|[from] Volt Switch
|-activate|p1a: Kingambit|ability: Supreme Overlord
|-start|p1a: Kingambit|fallen2|[silent]
|
|upkeep
|
|t:|1779725286
|switch|p2a: Polteageist|Polteageist-Antique|100/100
|turn|18
|
|t:|1779725306
|-terastallize|p2a: Polteageist|Fighting
|move|p2a: Polteageist|Shell Smash|p2a: Polteageist
|-unboost|p2a: Polteageist|def|1
|-unboost|p2a: Polteageist|spd|1
|-boost|p2a: Polteageist|atk|2
|-boost|p2a: Polteageist|spa|2
|-boost|p2a: Polteageist|spe|2
|move|p1a: Kingambit|Iron Head|p2a: Polteageist
|-crit|p2a: Polteageist
|-enditem|p2a: Polteageist|Focus Sash
|-damage|p2a: Polteageist|1/100
|-ability|p2a: Polteageist|Weak Armor|boost
|-unboost|p2a: Polteageist|def|1
|-boost|p2a: Polteageist|spe|2
|
|upkeep
|turn|19
|
|t:|1779725325
|-terastallize|p1a: Kingambit|Ghost
|move|p2a: Polteageist|Shadow Ball|p1a: Kingambit
|-supereffective|p1a: Kingambit
|-damage|p1a: Kingambit|0 fnt
|faint|p1a: Kingambit
|-end|p1a: Kingambit|fallen2|[silent]
|
|upkeep
|inactive|BigCungusxRemix has 120 seconds left.
|
|t:|1779725341
|switch|p1a: Zapdos|Zapdos, shiny|81/100
|turn|20
|
|t:|1779725347
|move|p2a: Polteageist|Stored Power|p1a: Zapdos
|-damage|p1a: Zapdos|0 fnt
|faint|p1a: Zapdos
|
|upkeep
|-message|BigCungusxRemix forfeited.
|
|win|louwilliamzz
|raw|BigCungusxRemix's rating: 1353 &rarr; <strong>1334</strong><br />(-19 for losing)
|raw|louwilliamzz's rating: 1370 &rarr; <strong>1389</strong><br />(+19 for winning)
|l|☆louwilliamzz
|player|p2|
