|j|☆Surged Up diva
|j|☆minhoto
|t:|1779662881
|gametype|singles
|player|p1|Surged Up diva|2|1543
|player|p2|minhoto|170|1546
|gen|9
|tier|[Gen 9] OU
|rated|
|rule|HP Percentage Mod: HP is shown in percentages
|rule|Endless Battle Clause: Forcing endless battles is banned
|rule|Species Clause: Limit one of each Pokémon
|rule|OHKO Clause: OHKO moves are banned
|rule|Evasion Items Clause: Evasion items are banned
|rule|Evasion Moves Clause: Evasion moves are banned
|rule|Evasion Abilities Clause: Evasion abilities are banned
|rule|Sleep Moves Clause: Sleep-inducing moves are banned
|clearpoke
|poke|p1|Gliscor, F|
|poke|p1|Gholdengo|
|poke|p1|Ting-Lu|
|poke|p1|Darkrai|
|poke|p1|Cinderace, F|
|poke|p1|Enamorus-Therian, F|
|poke|p2|Blissey, F|
|poke|p2|Corviknight, M|
|poke|p2|Cinderace, F|
|poke|p2|Dondozo, F|
|poke|p2|Slowking-Galar, F|
|poke|p2|Toxapex, M|
|teampreview
|inactive|Battle timer is ON: inactive players will automatically lose when time's up. (requested by minhoto)
|
|t:|1779662906
|teamsize|p1|6
|teamsize|p2|6
|start
|switch|p1a: Darkrai|Darkrai|100/100
|switch|p2a: Slowking|Slowking-Galar, F|100/100
|turn|1
|
|t:|1779662914
|move|p1a: Darkrai|Knock Off|p2a: Slowking
|-supereffective|p2a: Slowking
|-damage|p2a: Slowking|54/100
|-enditem|p2a: Slowking|Black Sludge|[from] move: Knock Off|[of] p1a: Darkrai
|move|p2a: Slowking|Toxic|p1a: Darkrai
|-status|p1a: Darkrai|tox
|
|-damage|p1a: Darkrai|94/100 tox|[from] psn
|upkeep
|turn|2
|
|t:|1779662924
|switch|p2a: Corviknight|Corviknight, M|100/100
|-ability|p2a: Corviknight|Pressure
|move|p1a: Darkrai|Dark Pulse|p2a: Corviknight
|-damage|p2a: Corviknight|69/100
|
|-damage|p1a: Darkrai|82/100 tox|[from] psn
|upkeep
|turn|3
|
|t:|1779662933
|switch|p1a: Gholdengo|Gholdengo|100/100
|-item|p1a: Gholdengo|Air Balloon
|move|p2a: Corviknight|U-turn|p1a: Gholdengo
|-resisted|p1a: Gholdengo
|-damage|p1a: Gholdengo|98/100
|-enditem|p1a: Gholdengo|Air Balloon
|
|t:|1779662937
|switch|p2a: Blissey|Blissey, F|100/100|[from] U-turn
|
|upkeep
|turn|4
|
|t:|1779662951
|switch|p1a: Gliscor|Gliscor, F|100/100
|move|p2a: Blissey|Fire Blast|p1a: Gliscor
|-damage|p1a: Gliscor|66/100
|
|-status|p1a: Gliscor|tox|[from] item: Toxic Orb
|upkeep
|turn|5
|
|t:|1779662958
|switch|p2a: Corviknight|Corviknight, M|69/100
|-ability|p2a: Corviknight|Pressure
|move|p1a: Gliscor|Knock Off|p2a: Corviknight
|-crit|p2a: Corviknight
|-damage|p2a: Corviknight|46/100
|-damage|p1a: Gliscor|50/100 tox|[from] item: Rocky Helmet|[of] p2a: Corviknight
|-enditem|p2a: Corviknight|Rocky Helmet|[from] move: Knock Off|[of] p1a: Gliscor
|
|-heal|p1a: Gliscor|62/100 tox|[from] ability: Poison Heal
|upkeep
|turn|6
|
|t:|1779662977
|move|p1a: Gliscor|Swords Dance|p1a: Gliscor
|-boost|p1a: Gliscor|atk|2
|move|p2a: Corviknight|Roost|p2a: Corviknight
|-heal|p2a: Corviknight|96/100
|-singleturn|p2a: Corviknight|move: Roost
|
|-heal|p1a: Gliscor|75/100 tox|[from] ability: Poison Heal
|upkeep
|turn|7
|
|t:|1779662985
|move|p1a: Gliscor|Knock Off|p2a: Corviknight
|-damage|p2a: Corviknight|76/100
|move|p2a: Corviknight|U-turn|p1a: Gliscor
|-resisted|p1a: Gliscor
|-damage|p1a: Gliscor|70/100 tox
|
|t:|1779662989
|switch|p2a: Dondozo|Dondozo, F|100/100|[from] U-turn
|
|-heal|p1a: Gliscor|82/100 tox|[from] ability: Poison Heal
|upkeep
|turn|8
|
|t:|1779663008
|switch|p1a: Enamorus|Enamorus-Therian, F|100/100
|switch|p2a: Corviknight|Corviknight, M|76/100
|-ability|p2a: Corviknight|Pressure
|
|upkeep
|turn|9
|
|t:|1779663015
|move|p2a: Corviknight|U-turn|p1a: Enamorus
|-resisted|p1a: Enamorus
|-damage|p1a: Enamorus|98/100
|
|t:|1779663018
|switch|p2a: Slowking|Slowking-Galar, F|88/100|[from] U-turn
|move|p1a: Enamorus|Mystical Fire|p2a: Slowking
|-damage|p2a: Slowking|66/100
|-unboost|p2a: Slowking|spa|1
|
|-heal|p1a: Enamorus|100/100|[from] item: Leftovers
|upkeep
|turn|10
|
|t:|1779663028
|switch|p1a: Gholdengo|Gholdengo|98/100
|move|p2a: Slowking|Future Sight|p1a: Gholdengo
|-start|p2a: Slowking|move: Future Sight
|
|upkeep
|turn|11
|
|t:|1779663036
|switch|p2a: Blissey|Blissey, F|100/100
|move|p1a: Gholdengo|Thunder Wave|p2a: Blissey
|-status|p2a: Blissey|par
|
|upkeep
|turn|12
|
|t:|1779663045
|switch|p1a: Ting-Lu|Ting-Lu|100/100
|-ability|p1a: Ting-Lu|Vessel of Ruin
|move|p2a: Blissey|Trick|p1a: Ting-Lu
|-activate|p2a: Blissey|move: Trick|[of] p1a: Ting-Lu
|-item|p1a: Ting-Lu|Choice Specs|[from] move: Trick
|-item|p2a: Blissey|Leftovers|[from] move: Trick
|
|-end|p1a: Ting-Lu|move: Future Sight
|-immune|p1a: Ting-Lu
|upkeep
|turn|13
|
|t:|1779663055
|-curestatus|p2a: Blissey|par|[from] ability: Natural Cure|[silent]
|switch|p2a: Corviknight|Corviknight, M|76/100
|-ability|p2a: Corviknight|Pressure
|move|p1a: Ting-Lu|Stealth Rock|p2a: Corviknight
|-sidestart|p2: minhoto|move: Stealth Rock
|
|upkeep
|turn|14
|
|t:|1779663059
|switch|p1a: Gholdengo|Gholdengo|98/100
|move|p2a: Corviknight|Defog|p1a: Gholdengo
|-immune|p1a: Gholdengo|[from] ability: Good as Gold
|
|upkeep
|turn|15
|
|t:|1779663068
|switch|p2a: Blissey|Blissey, F|100/100
|-damage|p2a: Blissey|88/100|[from] Stealth Rock
|move|p1a: Gholdengo|Thunder Wave|p2a: Blissey
|-status|p2a: Blissey|par
|
|-heal|p2a: Blissey|94/100 par|[from] item: Leftovers
|upkeep
|turn|16
|
|t:|1779663077
|switch|p1a: Enamorus|Enamorus-Therian, F|100/100
|move|p2a: Blissey|Fire Blast|p1a: Enamorus
|-damage|p1a: Enamorus|74/100
|
|-heal|p1a: Enamorus|80/100|[from] item: Leftovers
|-heal|p2a: Blissey|99/100 par|[from] item: Leftovers
|upkeep
|turn|17
|
|t:|1779663085
|-curestatus|p2a: Blissey|par|[from] ability: Natural Cure|[silent]
|switch|p2a: Slowking|Slowking-Galar, F|99/100
|-damage|p2a: Slowking|87/100|[from] Stealth Rock
|move|p1a: Enamorus|Calm Mind|p1a: Enamorus
|-boost|p1a: Enamorus|spa|1
|-boost|p1a: Enamorus|spd|1
|
|-heal|p1a: Enamorus|86/100|[from] item: Leftovers
|upkeep
|turn|18
|
|t:|1779663098
|-terastallize|p1a: Enamorus|Ground
|move|p1a: Enamorus|Earth Power|p2a: Slowking
|-supereffective|p2a: Slowking
|-damage|p2a: Slowking|0 fnt
|faint|p2a: Slowking
|
|-heal|p1a: Enamorus|92/100|[from] item: Leftovers
|upkeep
|
|t:|1779663106
|switch|p2a: Dondozo|Dondozo, F|100/100
|-damage|p2a: Dondozo|88/100|[from] Stealth Rock
|turn|19
|
|t:|1779663113
|move|p1a: Enamorus|Moonblast|p2a: Dondozo
|-damage|p2a: Dondozo|48/100
|-unboost|p2a: Dondozo|spa|1
|move|p2a: Dondozo|Liquidation|p1a: Enamorus
|-supereffective|p1a: Enamorus
|-damage|p1a: Enamorus|37/100
|-unboost|p1a: Enamorus|def|1
|
|-heal|p1a: Enamorus|43/100|[from] item: Leftovers
|-heal|p2a: Dondozo|54/100|[from] item: Leftovers
|upkeep
|turn|20
|
|t:|1779663132
|move|p1a: Enamorus|Moonblast|p2a: Dondozo
|-damage|p2a: Dondozo|16/100
|move|p2a: Dondozo|Liquidation|p1a: Enamorus
|-supereffective|p1a: Enamorus
|-damage|p1a: Enamorus|0 fnt
|faint|p1a: Enamorus
|
|-heal|p2a: Dondozo|22/100|[from] item: Leftovers
|upkeep
|
|t:|1779663143
|switch|p1a: Darkrai|Darkrai|82/100 tox
|turn|21
|
|t:|1779663150
|switch|p2a: Corviknight|Corviknight, M|76/100
|-damage|p2a: Corviknight|64/100|[from] Stealth Rock
|-ability|p2a: Corviknight|Pressure
|move|p1a: Darkrai|Knock Off|p2a: Corviknight
|-damage|p2a: Corviknight|49/100
|
|-damage|p1a: Darkrai|76/100 tox|[from] psn
|upkeep
|turn|22
|
|t:|1779663154
|move|p1a: Darkrai|Dark Pulse|p2a: Corviknight
|-crit|p2a: Corviknight
|-damage|p2a: Corviknight|3/100
|cant|p2a: Corviknight|flinch
|
|-damage|p1a: Darkrai|64/100 tox|[from] psn
|upkeep
|turn|23
|c|☆minhoto|Lol
|
|t:|1779663163
|move|p1a: Darkrai|Knock Off|p2a: Corviknight
|-damage|p2a: Corviknight|0 fnt
|faint|p2a: Corviknight
|
|-damage|p1a: Darkrai|46/100 tox|[from] psn
|upkeep
|
|t:|1779663165
|switch|p2a: Cinderace|Cinderace, F|100/100
|turn|24
|
|t:|1779663170
|switch|p1a: Gliscor|Gliscor, F|82/100 tox
|-terastallize|p2a: Cinderace|Fire
|move|p2a: Cinderace|Pyro Ball|p1a: Gliscor
|-damage|p1a: Gliscor|20/100 tox
|
|-heal|p1a: Gliscor|32/100 tox|[from] ability: Poison Heal
|upkeep
|turn|25
|
|t:|1779663178
|move|p1a: Gliscor|Protect|p1a: Gliscor
|-singleturn|p1a: Gliscor|Protect
|move|p2a: Cinderace|Court Change|p2a: Cinderace
|-swapsideconditions
|-activate|p2a: Cinderace|move: Court Change
|
|-heal|p1a: Gliscor|45/100 tox|[from] ability: Poison Heal
|upkeep
|turn|26
|
|t:|1779663188
|switch|p1a: Cinderace|Cinderace, F|100/100
|move|p2a: Cinderace|Pyro Ball|p1a: Cinderace|[miss]
|-miss|p2a: Cinderace|p1a: Cinderace
|
|upkeep
|turn|27
|c|☆minhoto|Crazy luck
|
|t:|1779663202
|move|p2a: Cinderace|Pyro Ball|p1a: Cinderace
|-resisted|p1a: Cinderace
|-damage|p1a: Cinderace|55/100
|move|p1a: Cinderace|Court Change|p1a: Cinderace
|-swapsideconditions
|-activate|p1a: Cinderace|move: Court Change
|
|upkeep
|turn|28
|
|t:|1779663209
|move|p1a: Cinderace|U-turn|p2a: Cinderace
|-resisted|p2a: Cinderace
|-damage|p2a: Cinderace|88/100
|
|t:|1779663214
|switch|p1a: Ting-Lu|Ting-Lu|100/100|[from] U-turn
|-ability|p1a: Ting-Lu|Vessel of Ruin
|move|p2a: Cinderace|Pyro Ball|p1a: Ting-Lu
|-damage|p1a: Ting-Lu|60/100
|
|upkeep
|turn|29
|
|t:|1779663221
|move|p2a: Cinderace|U-turn|p1a: Ting-Lu
|-supereffective|p1a: Ting-Lu
|-damage|p1a: Ting-Lu|37/100
|
|t:|1779663224
|switch|p2a: Toxapex|Toxapex, M|100/100|[from] U-turn
|-damage|p2a: Toxapex|88/100|[from] Stealth Rock
|move|p1a: Ting-Lu|Earthquake|p2a: Toxapex
|-supereffective|p2a: Toxapex
|-damage|p2a: Toxapex|36/100
|
|upkeep
|turn|30
|
|t:|1779663232
|move|p1a: Ting-Lu|Earthquake|p2a: Toxapex
|-supereffective|p2a: Toxapex
|-damage|p2a: Toxapex|0 fnt
|faint|p2a: Toxapex
|
|upkeep
|
|t:|1779663234
|switch|p2a: Cinderace|Cinderace, F, tera:Fire|88/100
|turn|31
|
|t:|1779663239
|move|p2a: Cinderace|Pyro Ball|p1a: Ting-Lu
|-damage|p1a: Ting-Lu|0 fnt
|faint|p1a: Ting-Lu
|
|upkeep
|
|t:|1779663248
|switch|p1a: Darkrai|Darkrai|46/100 tox
|turn|32
|
|t:|1779663253
|move|p1a: Darkrai|Dark Pulse|p2a: Cinderace
|-damage|p2a: Cinderace|19/100
|move|p2a: Cinderace|Pyro Ball|p1a: Darkrai|[miss]
|-miss|p2a: Cinderace|p1a: Darkrai
|
|-damage|p1a: Darkrai|40/100 tox|[from] psn
|upkeep
|turn|33
|c|☆minhoto|GG
|-message|minhoto forfeited.
|
|win|Surged Up diva
|raw|Surged Up diva's rating: 1543 &rarr; <strong>1563</strong><br />(+20 for winning)
|raw|minhoto's rating: 1546 &rarr; <strong>1526</strong><br />(-20 for losing)
|l|☆minhoto
|player|p2|
|l|☆Surged Up diva
|player|p1|
