|j|☆tittynope89
|j|☆dior on ice
|t:|1779604749
|gametype|singles
|player|p1|tittynope89|brawly|1366
|player|p2|dior on ice|swimmerf|1375
|gen|9
|tier|[Gen 9] OU
|rated|
|rule|HP Percentage Mod: HP is shown in percentages
|rule|Endless Battle Clause: Forcing endless battles is banned
|rule|Species Clause: Limit one of each Pokémon
|rule|OHKO Clause: OHKO moves are banned
|rule|Evasion Items Clause: Evasion items are banned
|rule|Evasion Moves Clause: Evasion moves are banned
|rule|Evasion Abilities Clause: Evasion abilities are banned
|rule|Sleep Moves Clause: Sleep-inducing moves are banned
|clearpoke
|poke|p1|Dragonite, F|
|poke|p1|Meowscarada, M|
|poke|p1|Gengar, M|
|poke|p1|Darkrai|
|poke|p1|Iron Valiant|
|poke|p1|Enamorus, F|
|poke|p2|Araquanid, M|
|poke|p2|Raging Bolt|
|poke|p2|Iron Moth|
|poke|p2|Great Tusk|
|poke|p2|Gholdengo|
|poke|p2|Kingambit, F|
|teampreview
|inactive|Battle timer is ON: inactive players will automatically lose when time's up. (requested by tittynope89)
|
|t:|1779604751
|teamsize|p1|6
|teamsize|p2|6
|start
|switch|p1a: Gengar|Gengar, M|100/100
|switch|p2a: Iron Moth|Iron Moth, shiny|100/100
|turn|1
|
|t:|1779604754
|move|p2a: Iron Moth|Fiery Dance|p1a: Gengar
|-damage|p1a: Gengar|3/100
|-damage|p2a: Iron Moth|91/100|[from] item: Life Orb
|move|p1a: Gengar|Shadow Ball|p2a: Iron Moth
|-damage|p2a: Iron Moth|50/100
|
|upkeep
|turn|2
|
|t:|1779604759
|move|p2a: Iron Moth|Fiery Dance|p1a: Gengar
|-damage|p1a: Gengar|0 fnt
|faint|p1a: Gengar
|-damage|p2a: Iron Moth|40/100|[from] item: Life Orb
|
|upkeep
|
|t:|1779604766
|switch|p1a: Meowscarada|Meowscarada, M|100/100
|turn|3
|
|t:|1779604768
|move|p1a: Meowscarada|Knock Off|p2a: Iron Moth
|-start|p1a: Meowscarada|typechange|Dark|[from] ability: Protean
|-damage|p2a: Iron Moth|0 fnt
|-enditem|p2a: Iron Moth|Life Orb|[from] move: Knock Off|[of] p1a: Meowscarada
|faint|p2a: Iron Moth
|-end|p2a: Iron Moth|Quark Drive|[silent]
|
|upkeep
|
|t:|1779604783
|switch|p2a: Araquanid|Araquanid, M, shiny|100/100
|turn|4
|
|t:|1779604788
|move|p1a: Meowscarada|Knock Off|p2a: Araquanid
|-damage|p2a: Araquanid|55/100
|-enditem|p2a: Araquanid|Custap Berry|[from] move: Knock Off|[of] p1a: Meowscarada
|move|p2a: Araquanid|Lunge|p1a: Meowscarada
|-supereffective|p1a: Meowscarada
|-damage|p1a: Meowscarada|39/100
|-unboost|p1a: Meowscarada|atk|1
|
|upkeep
|turn|5
|
|t:|1779604797
|switch|p1a: Enamorus|Enamorus, F|100/100
|move|p2a: Araquanid|Sticky Web|p1a: Enamorus
|-sidestart|p1: tittynope89|move: Sticky Web
|
|upkeep
|turn|6
|
|t:|1779604804
|move|p1a: Enamorus|Moonblast|p2a: Araquanid
|-damage|p2a: Araquanid|19/100
|move|p2a: Araquanid|Liquidation|p1a: Enamorus
|-damage|p1a: Enamorus|37/100
|-unboost|p1a: Enamorus|def|1
|-start|p2a: Araquanid|Attract|[from] ability: Cute Charm|[of] p1a: Enamorus
|
|upkeep
|turn|7
|
|t:|1779604810
|move|p1a: Enamorus|Moonblast|p2a: Araquanid
|-damage|p2a: Araquanid|0 fnt
|faint|p2a: Araquanid
|
|upkeep
|
|t:|1779604814
|switch|p2a: Raging Bolt|Raging Bolt|100/100
|turn|8
|
|t:|1779604818
|-terastallize|p2a: Raging Bolt|Ghost
|move|p1a: Enamorus|Calm Mind|p1a: Enamorus
|-boost|p1a: Enamorus|spa|1
|-boost|p1a: Enamorus|spd|1
|move|p2a: Raging Bolt|Calm Mind|p2a: Raging Bolt
|-boost|p2a: Raging Bolt|spa|1
|-boost|p2a: Raging Bolt|spd|1
|
|upkeep
|turn|9
|
|t:|1779604825
|move|p1a: Enamorus|Mystical Fire|p2a: Raging Bolt
|-damage|p2a: Raging Bolt|73/100
|-unboost|p2a: Raging Bolt|spa|1
|move|p2a: Raging Bolt|Calm Mind|p2a: Raging Bolt
|-boost|p2a: Raging Bolt|spa|1
|-boost|p2a: Raging Bolt|spd|1
|
|upkeep
|turn|10
|
|t:|1779604837
|move|p1a: Enamorus|Mystical Fire|p2a: Raging Bolt
|-damage|p2a: Raging Bolt|52/100
|-unboost|p2a: Raging Bolt|spa|1
|move|p2a: Raging Bolt|Thunderbolt|p1a: Enamorus
|-supereffective|p1a: Enamorus
|-damage|p1a: Enamorus|0 fnt
|faint|p1a: Enamorus
|
|upkeep
|
|t:|1779604844
|switch|p1a: Darkrai|Darkrai|100/100
|-activate|p1a: Darkrai|move: Sticky Web
|-unboost|p1a: Darkrai|spe|1
|turn|11
|
|t:|1779604847
|move|p1a: Darkrai|Dark Pulse|p2a: Raging Bolt
|-supereffective|p2a: Raging Bolt
|-damage|p2a: Raging Bolt|3/100
|move|p2a: Raging Bolt|Thunderbolt|p1a: Darkrai
|-damage|p1a: Darkrai|35/100
|
|upkeep
|turn|12
|
|t:|1779604852
|move|p2a: Raging Bolt|Thunderclap|p1a: Darkrai
|-damage|p1a: Darkrai|0 fnt
|faint|p1a: Darkrai
|
|upkeep
|
|t:|1779604854
|switch|p1a: Dragonite|Dragonite, F|100/100
|turn|13
|
|t:|1779604858
|move|p1a: Dragonite|Ice Spinner|p2a: Raging Bolt
|-crit|p2a: Raging Bolt
|-damage|p2a: Raging Bolt|0 fnt
|faint|p2a: Raging Bolt
|-end|p2a: Raging Bolt|Protosynthesis|[silent]
|
|upkeep
|inactive|dior on ice has 120 seconds left.
|
|t:|1779604894
|switch|p2a: Great Tusk|Great Tusk, shiny|100/100
|-enditem|p2a: Great Tusk|Booster Energy
|-activate|p2a: Great Tusk|ability: Protosynthesis|[fromitem]
|-start|p2a: Great Tusk|protosynthesisatk
|turn|14
|
|t:|1779604897
|move|p2a: Great Tusk|Ice Spinner|p1a: Dragonite
|-supereffective|p1a: Dragonite
|-damage|p1a: Dragonite|25/100
|move|p1a: Dragonite|Dragon Dance|p1a: Dragonite
|-boost|p1a: Dragonite|atk|1
|-boost|p1a: Dragonite|spe|1
|
|upkeep
|turn|15
|
|t:|1779604901
|move|p1a: Dragonite|Ice Spinner|p2a: Great Tusk
|-supereffective|p2a: Great Tusk
|-damage|p2a: Great Tusk|33/100
|move|p2a: Great Tusk|Rapid Spin|p1a: Dragonite
|-damage|p1a: Dragonite|0 fnt
|-boost|p2a: Great Tusk|spe|1
|faint|p1a: Dragonite
|
|upkeep
|
|t:|1779604908
|switch|p1a: Meowscarada|Meowscarada, M|39/100
|-activate|p1a: Meowscarada|move: Sticky Web
|-unboost|p1a: Meowscarada|spe|1
|turn|16
|
|t:|1779604916
|move|p2a: Great Tusk|Ice Spinner|p1a: Meowscarada
|-supereffective|p1a: Meowscarada
|-damage|p1a: Meowscarada|0 fnt
|faint|p1a: Meowscarada
|
|upkeep
|
|t:|1779604922
|switch|p1a: Iron Valiant|Iron Valiant|100/100
|-activate|p1a: Iron Valiant|move: Sticky Web
|-unboost|p1a: Iron Valiant|spe|1
|-enditem|p1a: Iron Valiant|Booster Energy
|-activate|p1a: Iron Valiant|ability: Quark Drive|[fromitem]
|-start|p1a: Iron Valiant|quarkdrivespa
|turn|17
|
|t:|1779604933
|move|p2a: Great Tusk|Headlong Rush|p1a: Iron Valiant
|-damage|p1a: Iron Valiant|0 fnt
|-unboost|p2a: Great Tusk|def|1
|-unboost|p2a: Great Tusk|spd|1
|faint|p1a: Iron Valiant
|-end|p1a: Iron Valiant|Quark Drive|[silent]
|
|win|dior on ice
|raw|tittynope89's rating: 1366 &rarr; <strong>1347</strong><br />(-19 for losing)
|raw|dior on ice's rating: 1375 &rarr; <strong>1394</strong><br />(+19 for winning)
