|j|☆MoondropSoulHeart
|j|☆samu4846
|t:|1779623096
|gametype|singles
|player|p1|MoondropSoulHeart|giovanni|1177
|player|p2|samu4846|pokemaniac|1250
|gen|9
|tier|[Gen 9] OU
|rated|
|rule|HP Percentage Mod: HP is shown in percentages
|rule|Endless Battle Clause: Forcing endless battles is banned
|rule|Species Clause: Limit one of each Pokémon
|rule|OHKO Clause: OHKO moves are banned
|rule|Evasion Items Clause: Evasion items are banned
|rule|Evasion Moves Clause: Evasion moves are banned
|rule|Evasion Abilities Clause: Evasion abilities are banned
|rule|Sleep Moves Clause: Sleep-inducing moves are banned
|clearpoke
|poke|p1|Greedent, M|
|poke|p1|Ceruledge, M|
|poke|p1|Poliwrath, F|
|poke|p1|Reuniclus, F|
|poke|p1|Regice|
|poke|p1|Iron Jugulis|
|poke|p2|Great Tusk|
|poke|p2|Okidogi, M|
|poke|p2|Mandibuzz, F|
|poke|p2|Raging Bolt|
|poke|p2|Slowking-Galar, M|
|poke|p2|Iron Crown|
|teampreview
|
|t:|1779623105
|teamsize|p1|6
|teamsize|p2|6
|start
|switch|p1a: Poliwrath|Poliwrath, F|100/100
|switch|p2a: Slowking|Slowking-Galar, M|100/100
|turn|1
|
|t:|1779623111
|move|p1a: Poliwrath|Rain Dance|p1a: Poliwrath
|-weather|RainDance
|move|p2a: Slowking|Eerie Spell|p1a: Poliwrath
|-supereffective|p1a: Poliwrath
|-damage|p1a: Poliwrath|11/100
|-activate|p1a: Poliwrath|move: Eerie Spell|Rain Dance|3
|
|-weather|RainDance|[upkeep]
|upkeep
|turn|2
|
|t:|1779623122
|move|p1a: Poliwrath|Knock Off|p2a: Slowking
|-supereffective|p2a: Slowking
|-damage|p2a: Slowking|34/100
|-enditem|p2a: Slowking|Leftovers|[from] move: Knock Off|[of] p1a: Poliwrath
|-prepare|p2a: Slowking|Chilly Reception|[premajor]
|move|p2a: Slowking|Chilly Reception|p2a: Slowking
|-weather|Snowscape
|
|t:|1779623140
|switch|p2a: Raging Bolt|Raging Bolt|100/100|[from] Chilly Reception
|
|-weather|Snowscape|[upkeep]
|upkeep
|turn|3
|
|t:|1779623146
|move|p1a: Poliwrath|Drain Punch|p2a: Raging Bolt
|-damage|p2a: Raging Bolt|77/100
|-heal|p1a: Poliwrath|25/100|[from] drain|[of] p2a: Raging Bolt
|move|p2a: Raging Bolt|Electric Terrain|p2a: Raging Bolt
|-fieldstart|move: Electric Terrain
|
|-weather|Snowscape|[upkeep]
|upkeep
|turn|4
|
|t:|1779623153
|move|p1a: Poliwrath|Rain Dance|p1a: Poliwrath
|-weather|RainDance
|move|p2a: Raging Bolt|Volt Switch|p1a: Poliwrath
|-supereffective|p1a: Poliwrath
|-damage|p1a: Poliwrath|0 fnt
|faint|p1a: Poliwrath
|
|t:|1779623163
|-end|p2a: Raging Bolt|Protosynthesis|[silent]
|switch|p2a: Iron Crown|Iron Crown|100/100|[from] Volt Switch
|-activate|p2a: Iron Crown|ability: Quark Drive
|-start|p2a: Iron Crown|quarkdrivespa
|
|-weather|RainDance|[upkeep]
|upkeep
|inactive|Battle timer is ON: inactive players will automatically lose when time's up. (requested by samu4846)
|
|t:|1779623193
|switch|p1a: Iron Jugulis|Iron Jugulis|100/100
|-activate|p1a: Iron Jugulis|ability: Quark Drive
|-start|p1a: Iron Jugulis|quarkdrivespe
|turn|5
|
|t:|1779623208
|-terastallize|p1a: Iron Jugulis|Ground
|-terastallize|p2a: Iron Crown|Steel
|move|p1a: Iron Jugulis|Dark Pulse|p2a: Iron Crown
|-damage|p2a: Iron Crown|73/100
|move|p2a: Iron Crown|Volt Switch|p1a: Iron Jugulis
|-immune|p1a: Iron Jugulis
|
|-weather|RainDance|[upkeep]
|upkeep
|turn|6
|inactive|MoondropSoulHeart has 120 seconds left.
|
|t:|1779623260
|move|p1a: Iron Jugulis|Heat Wave|p2a: Iron Crown
|-supereffective|p2a: Iron Crown
|-damage|p2a: Iron Crown|55/100
|move|p2a: Iron Crown|Tachyon Cutter|p1a: Iron Jugulis
|-damage|p1a: Iron Jugulis|48/100
|-damage|p1a: Iron Jugulis|0 fnt
|faint|p1a: Iron Jugulis
|-end|p1a: Iron Jugulis|Quark Drive|[silent]
|-hitcount|p1: Iron Jugulis|2
|
|-weather|RainDance|[upkeep]
|upkeep
|
|t:|1779623270
|switch|p1a: Greedent|Greedent, M|100/100
|turn|7
|
|t:|1779623273
|move|p2a: Iron Crown|Volt Switch|p1a: Greedent
|-damage|p1a: Greedent|58/100
|
|t:|1779623277
|-end|p2a: Iron Crown|Quark Drive|[silent]
|switch|p2a: Great Tusk|Great Tusk|100/100|[from] Volt Switch
|-enditem|p2a: Great Tusk|Booster Energy
|-activate|p2a: Great Tusk|ability: Protosynthesis|[fromitem]
|-start|p2a: Great Tusk|protosynthesisatk
|move|p1a: Greedent|Earthquake|p2a: Great Tusk
|-damage|p2a: Great Tusk|84/100
|
|-weather|RainDance|[upkeep]
|upkeep
|turn|8
|
|t:|1779623289
|move|p2a: Great Tusk|Earthquake|p1a: Greedent
|-damage|p1a: Greedent|19/100
|-enditem|p1a: Greedent|Sitrus Berry|[eat]
|-heal|p1a: Greedent|44/100|[from] item: Sitrus Berry
|-heal|p1a: Greedent|77/100|[from] ability: Cheek Pouch
|move|p1a: Greedent|Body Slam|p2a: Great Tusk
|-damage|p2a: Great Tusk|60/100
|
|-weather|none
|upkeep
|turn|9
|inactive|MoondropSoulHeart has 120 seconds left.
|
|t:|1779623329
|move|p2a: Great Tusk|Supercell Slam|p1a: Greedent
|-damage|p1a: Greedent|41/100
|move|p1a: Greedent|Body Slam|p2a: Great Tusk
|-damage|p2a: Great Tusk|38/100
|
|upkeep
|turn|10
|
|t:|1779623336
|move|p2a: Great Tusk|Supercell Slam|p1a: Greedent
|-damage|p1a: Greedent|5/100
|move|p1a: Greedent|Body Slam|p2a: Great Tusk
|-damage|p2a: Great Tusk|13/100
|-status|p2a: Great Tusk|par
|
|-fieldend|move: Electric Terrain
|upkeep
|turn|11
|
|t:|1779623342
|cant|p2a: Great Tusk|par
|move|p1a: Greedent|Body Slam|p2a: Great Tusk
|-damage|p2a: Great Tusk|0 fnt
|faint|p2a: Great Tusk
|-end|p2a: Great Tusk|Protosynthesis|[silent]
|
|upkeep
|
|t:|1779623356
|switch|p2a: Raging Bolt|Raging Bolt|77/100
|turn|12
|
|t:|1779623363
|move|p2a: Raging Bolt|Volt Switch|p1a: Greedent
|-damage|p1a: Greedent|0 fnt
|faint|p1a: Greedent
|
|t:|1779623366
|-end|p2a: Raging Bolt|Protosynthesis|[silent]
|switch|p2a: Mandibuzz|Mandibuzz, F|100/100|[from] Volt Switch
|
|upkeep
|
|t:|1779623381
|switch|p1a: Regice|Regice|100/100
|turn|13
|
|t:|1779623385
|move|p2a: Mandibuzz|Toxic|p1a: Regice
|-status|p1a: Regice|tox
|move|p1a: Regice|Ice Beam|p2a: Mandibuzz
|-supereffective|p2a: Mandibuzz
|-damage|p2a: Mandibuzz|9/100
|
|-heal|p2a: Mandibuzz|15/100|[from] item: Leftovers
|-damage|p1a: Regice|95/100 tox|[from] psn
|upkeep
|turn|14
|
|t:|1779623397
|switch|p2a: Slowking|Slowking-Galar, M|67/100
|move|p1a: Regice|Ice Beam|p2a: Slowking
|-damage|p2a: Slowking|27/100
|
|-damage|p1a: Regice|83/100 tox|[from] psn
|upkeep
|turn|15
|
|t:|1779623416
|move|p1a: Regice|Ice Beam|p2a: Slowking
|-damage|p2a: Slowking|0 fnt
|faint|p2a: Slowking
|
|-damage|p1a: Regice|65/100 tox|[from] psn
|upkeep
|
|t:|1779623426
|switch|p2a: Iron Crown|Iron Crown, tera:Steel|55/100
|turn|16
|
|t:|1779623436
|switch|p1a: Reuniclus|Reuniclus, F|100/100
|move|p2a: Iron Crown|Tachyon Cutter|p1a: Reuniclus
|-damage|p1a: Reuniclus|70/100
|-damage|p1a: Reuniclus|42/100
|-hitcount|p1a: Reuniclus|2
|
|upkeep
|turn|17
|
|t:|1779623444
|move|p2a: Iron Crown|Tachyon Cutter|p1a: Reuniclus
|-damage|p1a: Reuniclus|11/100
|-damage|p1a: Reuniclus|0 fnt
|faint|p1a: Reuniclus
|-hitcount|p1: Reuniclus|2
|
|upkeep
|
|t:|1779623448
|switch|p1a: Ceruledge|Ceruledge, M|100/100
|turn|18
|
|t:|1779623456
|-end|p2a: Iron Crown|Quark Drive|[silent]
|switch|p2a: Okidogi|Okidogi, M|100/100
|move|p1a: Ceruledge|Bitter Blade|p2a: Okidogi
|-damage|p2a: Okidogi|44/100
|
|-heal|p2a: Okidogi|50/100|[from] item: Leftovers
|upkeep
|turn|19
|
|t:|1779623464
|move|p1a: Ceruledge|Bitter Blade|p2a: Okidogi
|-damage|p2a: Okidogi|0 fnt
|faint|p2a: Okidogi
|
|upkeep
|
|t:|1779623474
|switch|p2a: Raging Bolt|Raging Bolt|77/100
|turn|20
|
|t:|1779623493
|switch|p1a: Regice|Regice|65/100 tox
|move|p2a: Raging Bolt|Electric Terrain|p2a: Raging Bolt
|-fieldstart|move: Electric Terrain
|
|-damage|p1a: Regice|59/100 tox|[from] psn
|upkeep
|turn|21
|l|☆samu4846
|inactive|samu4846 disconnected and has a minute to reconnect!
|player|p2|
|j|☆samu4846
|inactive|samu4846 reconnected and has 130 seconds left.
|player|p2|samu4846|pokemaniac|
|
|t:|1779623520
|move|p2a: Raging Bolt|Volt Switch|p1a: Regice
|-damage|p1a: Regice|37/100 tox
|
|t:|1779623524
|-end|p2a: Raging Bolt|Protosynthesis|[silent]
|switch|p2a: Mandibuzz|Mandibuzz, F|15/100|[from] Volt Switch
|move|p1a: Regice|Focus Blast|p2a: Mandibuzz
|-damage|p2a: Mandibuzz|0 fnt
|faint|p2a: Mandibuzz
|
|-damage|p1a: Regice|25/100 tox|[from] psn
|upkeep
|
|t:|1779623531
|switch|p2a: Iron Crown|Iron Crown, tera:Steel|55/100
|-activate|p2a: Iron Crown|ability: Quark Drive
|-start|p2a: Iron Crown|quarkdrivespa
|turn|22
|
|t:|1779623539
|move|p2a: Iron Crown|Air Slash|p1a: Regice
|-damage|p1a: Regice|9/100 tox
|move|p1a: Regice|Focus Blast|p2a: Iron Crown
|-supereffective|p2a: Iron Crown
|-damage|p2a: Iron Crown|0 fnt
|faint|p2a: Iron Crown
|-end|p2a: Iron Crown|Quark Drive|[silent]
|
|-damage|p1a: Regice|0 fnt|[from] psn
|faint|p1a: Regice
|upkeep
|
|t:|1779623544
|switch|p2a: Raging Bolt|Raging Bolt|77/100
|switch|p1a: Ceruledge|Ceruledge, M|100/100
|turn|23
|
|t:|1779623558
|move|p1a: Ceruledge|Poltergeist|p2a: Raging Bolt
|-activate|p2a: Raging Bolt|move: Poltergeist|Terrain Extender
|-damage|p2a: Raging Bolt|7/100
|move|p2a: Raging Bolt|Dragon Pulse|p1a: Ceruledge
|-damage|p1a: Ceruledge|60/100
|
|upkeep
|turn|24
|
|t:|1779623570
|move|p2a: Raging Bolt|Thunderclap|p1a: Ceruledge
|-damage|p1a: Ceruledge|13/100
|move|p1a: Ceruledge|Poltergeist|p2a: Raging Bolt
|-activate|p2a: Raging Bolt|move: Poltergeist|Terrain Extender
|-crit|p2a: Raging Bolt
|-damage|p2a: Raging Bolt|0 fnt
|faint|p2a: Raging Bolt
|-end|p2a: Raging Bolt|Protosynthesis|[silent]
|
|win|MoondropSoulHeart
|raw|MoondropSoulHeart's rating: 1177 &rarr; <strong>1207</strong><br />(+30 for winning)
|raw|samu4846's rating: 1250 &rarr; <strong>1220</strong><br />(-30 for losing)
|l|☆samu4846
|player|p2|
