|j|☆flowpokemon2
|j|☆DragonHunter994
|t:|1779599167
|gametype|singles
|player|p1|flowpokemon2|266|1271
|player|p2|DragonHunter994|burglar|1378
|gen|9
|tier|[Gen 9] OU
|rated|
|rule|HP Percentage Mod: HP is shown in percentages
|rule|Endless Battle Clause: Forcing endless battles is banned
|rule|Species Clause: Limit one of each Pokémon
|rule|OHKO Clause: OHKO moves are banned
|rule|Evasion Items Clause: Evasion items are banned
|rule|Evasion Moves Clause: Evasion moves are banned
|rule|Evasion Abilities Clause: Evasion abilities are banned
|rule|Sleep Moves Clause: Sleep-inducing moves are banned
|clearpoke
|poke|p1|Torkoal, M|
|poke|p1|Great Tusk|
|poke|p1|Walking Wake|
|poke|p1|Cinderace, M|
|poke|p1|Lilligant-Hisui, F|
|poke|p1|Haxorus, F|
|poke|p2|Rillaboom, F|
|poke|p2|Chesnaught, F|
|poke|p2|Moltres|
|poke|p2|Garganacl, M|
|poke|p2|Iron Treads|
|poke|p2|Okidogi, M|
|teampreview
|inactive|Battle timer is ON: inactive players will automatically lose when time's up. (requested by flowpokemon2)
|
|t:|1779599181
|teamsize|p1|6
|teamsize|p2|6
|start
|switch|p1a: Torkoal|Torkoal, M|100/100
|switch|p2a: Garganacl|Garganacl, M|100/100
|-weather|SunnyDay|[from] ability: Drought|[of] p1a: Torkoal
|turn|1
|
|t:|1779599193
|move|p2a: Garganacl|Salt Cure|p1a: Torkoal
|-supereffective|p1a: Torkoal
|-damage|p1a: Torkoal|80/100
|-start|p1a: Torkoal|Salt Cure
|move|p1a: Torkoal|Solar Beam||[still]
|-prepare|p1a: Torkoal|Solar Beam
|-anim|p1a: Torkoal|Solar Beam|p2a: Garganacl
|-supereffective|p2a: Garganacl
|-damage|p2a: Garganacl|43/100
|
|-weather|SunnyDay|[upkeep]
|-heal|p2a: Garganacl|49/100|[from] item: Leftovers
|-damage|p1a: Torkoal|67/100|[from] Salt Cure
|upkeep
|turn|2
|
|t:|1779599199
|switch|p1a: Walking Wake|Walking Wake|100/100
|-activate|p1a: Walking Wake|ability: Protosynthesis
|-start|p1a: Walking Wake|protosynthesisspe
|move|p2a: Garganacl|Recover|p2a: Garganacl
|-heal|p2a: Garganacl|99/100
|
|-weather|SunnyDay|[upkeep]
|-heal|p2a: Garganacl|100/100|[from] item: Leftovers
|upkeep
|turn|3
|
|t:|1779599205
|switch|p2a: Rillaboom|Rillaboom, F|100/100
|-fieldstart|move: Grassy Terrain|[from] ability: Grassy Surge|[of] p2a: Rillaboom
|move|p1a: Walking Wake|Hydro Steam|p2a: Rillaboom
|-resisted|p2a: Rillaboom
|-damage|p2a: Rillaboom|54/100
|-damage|p1a: Walking Wake|91/100|[from] item: Life Orb
|
|-weather|SunnyDay|[upkeep]
|-heal|p1a: Walking Wake|97/100|[from] Grassy Terrain
|-heal|p2a: Rillaboom|60/100|[from] Grassy Terrain
|upkeep
|turn|4
|
|t:|1779599211
|move|p1a: Walking Wake|Flamethrower|p2a: Rillaboom
|-supereffective|p2a: Rillaboom
|-damage|p2a: Rillaboom|0 fnt
|faint|p2a: Rillaboom
|-damage|p1a: Walking Wake|87/100|[from] item: Life Orb
|
|-weather|SunnyDay|[upkeep]
|-heal|p1a: Walking Wake|93/100|[from] Grassy Terrain
|upkeep
|
|t:|1779599215
|switch|p2a: Okidogi|Okidogi, M|100/100
|turn|5
|
|t:|1779599222
|move|p1a: Walking Wake|Hydro Steam|p2a: Okidogi
|-damage|p2a: Okidogi|41/100
|-damage|p1a: Walking Wake|83/100|[from] item: Life Orb
|move|p2a: Okidogi|Gunk Shot|p1a: Walking Wake|[miss]
|-miss|p2a: Okidogi|p1a: Walking Wake
|
|-weather|SunnyDay|[upkeep]
|-heal|p1a: Walking Wake|89/100|[from] Grassy Terrain
|-heal|p2a: Okidogi|47/100|[from] Grassy Terrain
|upkeep
|turn|6
|
|t:|1779599232
|move|p1a: Walking Wake|Hydro Steam|p2a: Okidogi
|-damage|p2a: Okidogi|0 fnt
|faint|p2a: Okidogi
|-damage|p1a: Walking Wake|79/100|[from] item: Life Orb
|
|-weather|SunnyDay|[upkeep]
|-heal|p1a: Walking Wake|85/100|[from] Grassy Terrain
|upkeep
|
|t:|1779599234
|switch|p2a: Garganacl|Garganacl, M|100/100
|turn|7
|
|t:|1779599237
|-terastallize|p2a: Garganacl|Dragon
|move|p1a: Walking Wake|Hydro Steam|p2a: Garganacl
|-resisted|p2a: Garganacl
|-damage|p2a: Garganacl|71/100
|-damage|p1a: Walking Wake|75/100|[from] item: Life Orb
|move|p2a: Garganacl|Salt Cure|p1a: Walking Wake
|-damage|p1a: Walking Wake|61/100
|-start|p1a: Walking Wake|Salt Cure
|
|-weather|SunnyDay|[upkeep]
|-heal|p1a: Walking Wake|67/100|[from] Grassy Terrain
|-heal|p2a: Garganacl|77/100|[from] Grassy Terrain
|-heal|p2a: Garganacl|83/100|[from] item: Leftovers
|-damage|p1a: Walking Wake|42/100|[from] Salt Cure
|upkeep
|turn|8
|
|t:|1779599245
|move|p2a: Garganacl|Protect|p2a: Garganacl
|-singleturn|p2a: Garganacl|Protect
|move|p1a: Walking Wake|Draco Meteor|p2a: Garganacl
|-activate|p2a: Garganacl|move: Protect
|
|-weather|none
|-end|p1a: Walking Wake|Protosynthesis
|-heal|p1a: Walking Wake|48/100|[from] Grassy Terrain
|-heal|p2a: Garganacl|90/100|[from] Grassy Terrain
|-heal|p2a: Garganacl|96/100|[from] item: Leftovers
|-damage|p1a: Walking Wake|24/100|[from] Salt Cure
|upkeep
|turn|9
|
|t:|1779599250
|switch|p2a: Iron Treads|Iron Treads|100/100
|move|p1a: Walking Wake|Draco Meteor|p2a: Iron Treads
|-resisted|p2a: Iron Treads
|-damage|p2a: Iron Treads|62/100
|-unboost|p1a: Walking Wake|spa|2
|-damage|p1a: Walking Wake|14/100|[from] item: Life Orb
|
|-heal|p1a: Walking Wake|20/100|[from] Grassy Terrain
|-heal|p2a: Iron Treads|68/100|[from] Grassy Terrain
|-damage|p1a: Walking Wake|0 fnt|[from] Salt Cure
|faint|p1a: Walking Wake
|-end|p1a: Walking Wake|Protosynthesis|[silent]
|upkeep
|
|t:|1779599253
|switch|p1a: Torkoal|Torkoal, M|67/100
|-weather|SunnyDay|[from] ability: Drought|[of] p1a: Torkoal
|turn|10
|
|t:|1779599257
|move|p2a: Iron Treads|High Horsepower|p1a: Torkoal
|-supereffective|p1a: Torkoal
|-crit|p1a: Torkoal
|-damage|p1a: Torkoal|0 fnt
|faint|p1a: Torkoal
|
|-weather|SunnyDay|[upkeep]
|-heal|p2a: Iron Treads|74/100|[from] Grassy Terrain
|-fieldend|move: Grassy Terrain
|upkeep
|
|t:|1779599271
|switch|p1a: Great Tusk|Great Tusk|100/100
|-activate|p1a: Great Tusk|ability: Protosynthesis
|-start|p1a: Great Tusk|protosynthesisatk
|turn|11
|
|t:|1779599275
|-end|p2a: Iron Treads|Quark Drive|[silent]
|switch|p2a: Moltres|Moltres|100/100
|move|p1a: Great Tusk|Rapid Spin|p2a: Moltres
|-damage|p2a: Moltres|70/100
|-boost|p1a: Great Tusk|spe|1
|-damage|p1a: Great Tusk|91/100|[from] item: Life Orb
|
|-weather|SunnyDay|[upkeep]
|upkeep
|turn|12
|
|t:|1779599280
|-end|p1a: Great Tusk|Protosynthesis|[silent]
|switch|p1a: Haxorus|Haxorus, F|100/100
|-ability|p1a: Haxorus|Mold Breaker
|move|p2a: Moltres|Flamethrower|p1a: Haxorus
|-resisted|p1a: Haxorus
|-damage|p1a: Haxorus|53/100
|
|-weather|SunnyDay|[upkeep]
|upkeep
|turn|13
|
|t:|1779599286
|move|p1a: Haxorus|Swords Dance|p1a: Haxorus
|-boost|p1a: Haxorus|atk|2
|move|p2a: Moltres|Flamethrower|p1a: Haxorus
|-resisted|p1a: Haxorus
|-damage|p1a: Haxorus|6/100
|
|-weather|SunnyDay|[upkeep]
|upkeep
|turn|14
|
|t:|1779599291
|move|p1a: Haxorus|Scale Shot|p2a: Moltres
|-damage|p2a: Moltres|40/100
|-damage|p2a: Moltres|13/100
|-damage|p2a: Moltres|0 fnt
|faint|p2a: Moltres
|-hitcount|p2: Moltres|3
|-unboost|p1a: Haxorus|def|1
|-boost|p1a: Haxorus|spe|1
|
|-weather|SunnyDay|[upkeep]
|upkeep
|
|t:|1779599293
|switch|p2a: Garganacl|Garganacl, M, tera:Dragon|96/100
|turn|15
|
|t:|1779599295
|move|p1a: Haxorus|Scale Shot|p2a: Garganacl
|-supereffective|p2a: Garganacl
|-damage|p2a: Garganacl|64/100
|-supereffective|p2a: Garganacl
|-damage|p2a: Garganacl|32/100
|-supereffective|p2a: Garganacl
|-damage|p2a: Garganacl|0 fnt
|faint|p2a: Garganacl
|-hitcount|p2: Garganacl|3
|-unboost|p1a: Haxorus|def|1
|-boost|p1a: Haxorus|spe|1
|
|-weather|SunnyDay|[upkeep]
|upkeep
|
|t:|1779599299
|switch|p2a: Chesnaught|Chesnaught, F, shiny|100/100
|turn|16
|
|t:|1779599308
|move|p1a: Haxorus|Scale Shot|p2a: Chesnaught
|-damage|p2a: Chesnaught|73/100
|-damage|p2a: Chesnaught|46/100
|-enditem|p2a: Chesnaught|Sitrus Berry|[eat]
|-heal|p2a: Chesnaught|71/100|[from] item: Sitrus Berry
|-damage|p2a: Chesnaught|46/100
|-damage|p2a: Chesnaught|19/100
|-damage|p2a: Chesnaught|0 fnt
|faint|p2a: Chesnaught
|-hitcount|p2: Chesnaught|5
|-unboost|p1a: Haxorus|def|1
|-boost|p1a: Haxorus|spe|1
|
|-weather|SunnyDay|[upkeep]
|upkeep
|
|t:|1779599315
|switch|p2a: Iron Treads|Iron Treads|74/100
|turn|17
|
|t:|1779599319
|move|p1a: Haxorus|Earthquake|p2a: Iron Treads
|-supereffective|p2a: Iron Treads
|-damage|p2a: Iron Treads|0 fnt
|faint|p2a: Iron Treads
|-end|p2a: Iron Treads|Quark Drive|[silent]
|
|win|flowpokemon2
|raw|flowpokemon2's rating: 1271 &rarr; <strong>1303</strong><br />(+32 for winning)
|raw|DragonHunter994's rating: 1378 &rarr; <strong>1352</strong><br />(-26 for losing)
|l|☆DragonHunter994
|player|p2|
|l|☆flowpokemon2
|player|p1|
