|j|☆crissperez
|j|☆togekaiser
|t:|1779614199
|gametype|singles
|player|p1|crissperez|juan|1407
|player|p2|togekaiser|wattson|1477
|gen|9
|tier|[Gen 9] OU
|rated|
|rule|HP Percentage Mod: HP is shown in percentages
|rule|Endless Battle Clause: Forcing endless battles is banned
|rule|Species Clause: Limit one of each Pokémon
|rule|OHKO Clause: OHKO moves are banned
|rule|Evasion Items Clause: Evasion items are banned
|rule|Evasion Moves Clause: Evasion moves are banned
|rule|Evasion Abilities Clause: Evasion abilities are banned
|rule|Sleep Moves Clause: Sleep-inducing moves are banned
|clearpoke
|poke|p1|Serperior, M|
|poke|p1|Hawlucha, F|
|poke|p1|Iron Crown|
|poke|p1|Garganacl, F|
|poke|p1|Florges, F|
|poke|p1|Ogerpon-Wellspring, F|
|poke|p2|Iron Valiant|
|poke|p2|Gliscor, F|
|poke|p2|Slowking-Galar, F|
|poke|p2|Great Tusk|
|poke|p2|Dragapult, F|
|poke|p2|Skarmory, F|
|teampreview
|inactive|Battle timer is ON: inactive players will automatically lose when time's up. (requested by crissperez)
|inactive|togekaiser has 120 seconds left.
|
|t:|1779614236
|teamsize|p1|6
|teamsize|p2|6
|start
|switch|p1a: Serperior|Serperior, M|100/100
|switch|p2a: Gliscor|Gliscor, F|100/100
|turn|1
|
|t:|1779614247
|move|p1a: Serperior|Glare|p2a: Gliscor
|-status|p2a: Gliscor|par
|move|p2a: Gliscor|U-turn|p1a: Serperior
|-supereffective|p1a: Serperior
|-damage|p1a: Serperior|66/100
|j| infopro play392
|
|t:|1779614261
|switch|p2a: Skarmory|Skarmory, F|100/100|[from] U-turn
|
|upkeep
|turn|2
|
|t:|1779614266
|move|p1a: Serperior|Glare|p2a: Skarmory
|-status|p2a: Skarmory|par
|move|p2a: Skarmory|Brave Bird|p1a: Serperior
|-supereffective|p1a: Serperior
|-damage|p1a: Serperior|0 fnt
|faint|p1a: Serperior
|-damage|p2a: Skarmory|82/100 par|[from] Recoil
|
|upkeep
|l| infopro play392
|
|t:|1779614290
|switch|p1a: Iron Crown|Iron Crown|100/100
|-enditem|p1a: Iron Crown|Booster Energy
|-activate|p1a: Iron Crown|ability: Quark Drive|[fromitem]
|-start|p1a: Iron Crown|quarkdrivespe
|turn|3
|
|t:|1779614295
|switch|p2a: Slowking|Slowking-Galar, F|100/100
|move|p1a: Iron Crown|Calm Mind|p1a: Iron Crown
|-boost|p1a: Iron Crown|spa|1
|-boost|p1a: Iron Crown|spd|1
|
|upkeep
|turn|4
|
|t:|1779614302
|move|p1a: Iron Crown|Calm Mind|p1a: Iron Crown
|-boost|p1a: Iron Crown|spa|1
|-boost|p1a: Iron Crown|spd|1
|-prepare|p2a: Slowking|Chilly Reception|[premajor]
|move|p2a: Slowking|Chilly Reception|p2a: Slowking
|-weather|Snowscape
|
|t:|1779614312
|switch|p2a: Gliscor|Gliscor, F|100/100 par|[from] Chilly Reception
|
|-weather|Snowscape|[upkeep]
|upkeep
|turn|5
|
|t:|1779614318
|move|p1a: Iron Crown|Tachyon Cutter|p2a: Gliscor
|-damage|p2a: Gliscor|63/100 par
|-damage|p2a: Gliscor|27/100 par
|-hitcount|p2a: Gliscor|2
|cant|p2a: Gliscor|par
|
|-weather|Snowscape|[upkeep]
|upkeep
|turn|6
|
|t:|1779614327
|move|p1a: Iron Crown|Tachyon Cutter|p2a: Gliscor
|-damage|p2a: Gliscor|0 fnt
|faint|p2a: Gliscor
|-hitcount|p2: Gliscor|1
|
|-weather|Snowscape|[upkeep]
|upkeep
|
|t:|1779614329
|switch|p2a: Skarmory|Skarmory, F|82/100 par
|turn|7
|
|t:|1779614344
|move|p1a: Iron Crown|Focus Blast|p2a: Skarmory|[miss]
|-miss|p1a: Iron Crown|p2a: Skarmory
|move|p2a: Skarmory|Whirlwind|p1a: Iron Crown
|-end|p1a: Iron Crown|Quark Drive|[silent]
|drag|p1a: Garganacl|Garganacl, F|100/100
|
|-weather|Snowscape|[upkeep]
|upkeep
|turn|8
|
|t:|1779614352
|move|p1a: Garganacl|Salt Cure|p2a: Skarmory
|-damage|p2a: Skarmory|73/100 par
|-start|p2a: Skarmory|Salt Cure
|move|p2a: Skarmory|Spikes|p1a: Garganacl
|-sidestart|p1: crissperez|Spikes
|
|-weather|none
|-damage|p2a: Skarmory|48/100 par|[from] Salt Cure
|upkeep
|turn|9
|
|t:|1779614363
|switch|p2a: Great Tusk|Great Tusk|100/100
|move|p1a: Garganacl|Iron Defense|p1a: Garganacl
|-boost|p1a: Garganacl|def|2
|
|upkeep
|turn|10
|
|t:|1779614370
|move|p2a: Great Tusk|Stealth Rock|p1a: Garganacl
|-sidestart|p1: crissperez|move: Stealth Rock
|move|p1a: Garganacl|Iron Defense|p1a: Garganacl
|-boost|p1a: Garganacl|def|2
|
|upkeep
|turn|11
|j| roaringmoon94
|l| roaringmoon94
|
|t:|1779614377
|-end|p2a: Great Tusk|Protosynthesis|[silent]
|switch|p2a: Slowking|Slowking-Galar, F|100/100
|move|p1a: Garganacl|Salt Cure|p2a: Slowking
|-damage|p2a: Slowking|87/100
|-start|p2a: Slowking|Salt Cure
|
|-damage|p2a: Slowking|75/100|[from] Salt Cure
|upkeep
|turn|12
|
|t:|1779614390
|move|p1a: Garganacl|Body Press|p2a: Slowking
|-resisted|p2a: Slowking
|-damage|p2a: Slowking|50/100
|move|p2a: Slowking|Future Sight|p1a: Garganacl
|-start|p2a: Slowking|move: Future Sight
|
|-damage|p2a: Slowking|37/100|[from] Salt Cure
|upkeep
|turn|13
|
|t:|1779614400
|move|p1a: Garganacl|Body Press|p2a: Slowking
|-resisted|p2a: Slowking
|-damage|p2a: Slowking|14/100
|-prepare|p2a: Slowking|Chilly Reception|[premajor]
|move|p2a: Slowking|Chilly Reception|p2a: Slowking
|-weather|Snowscape
|
|t:|1779614402
|switch|p2a: Iron Valiant|Iron Valiant|100/100|[from] Chilly Reception
|
|-weather|Snowscape|[upkeep]
|upkeep
|turn|14
|
|t:|1779614413
|switch|p1a: Florges|Florges, F|100/100
|-damage|p1a: Florges|88/100|[from] Spikes
|-damage|p1a: Florges|75/100|[from] Stealth Rock
|move|p2a: Iron Valiant|Moonblast|p1a: Florges
|-damage|p1a: Florges|38/100
|-unboost|p1a: Florges|spa|1
|
|-weather|Snowscape|[upkeep]
|-end|p1a: Florges|move: Future Sight
|-damage|p1a: Florges|15/100
|-heal|p1a: Florges|21/100|[from] item: Leftovers
|upkeep
|turn|15
|
|t:|1779614427
|move|p2a: Iron Valiant|Moonblast|p1a: Florges
|-damage|p1a: Florges|0 fnt
|faint|p1a: Florges
|
|-weather|Snowscape|[upkeep]
|upkeep
|
|t:|1779614433
|switch|p1a: Iron Crown|Iron Crown|100/100
|-damage|p1a: Iron Crown|88/100|[from] Spikes
|-damage|p1a: Iron Crown|82/100|[from] Stealth Rock
|turn|16
|
|t:|1779614440
|-end|p2a: Iron Valiant|Quark Drive|[silent]
|switch|p2a: Skarmory|Skarmory, F|48/100 par
|move|p1a: Iron Crown|Calm Mind|p1a: Iron Crown
|-boost|p1a: Iron Crown|spa|1
|-boost|p1a: Iron Crown|spd|1
|
|-weather|Snowscape|[upkeep]
|upkeep
|turn|17
|
|t:|1779614448
|move|p1a: Iron Crown|Focus Blast|p2a: Skarmory
|-damage|p2a: Skarmory|0 fnt
|faint|p2a: Skarmory
|
|-weather|none
|upkeep
|
|t:|1779614455
|switch|p2a: Iron Valiant|Iron Valiant|100/100
|turn|18
|
|t:|1779614459
|move|p2a: Iron Valiant|Shadow Ball|p1a: Iron Crown
|-supereffective|p1a: Iron Crown
|-damage|p1a: Iron Crown|28/100
|move|p1a: Iron Crown|Tachyon Cutter|p2a: Iron Valiant
|-supereffective|p2a: Iron Valiant
|-damage|p2a: Iron Valiant|0 fnt
|faint|p2a: Iron Valiant
|-end|p2a: Iron Valiant|Quark Drive|[silent]
|-hitcount|p2: Iron Valiant|1
|
|upkeep
|
|t:|1779614468
|switch|p2a: Dragapult|Dragapult, F|100/100
|turn|19
|
|t:|1779614471
|move|p2a: Dragapult|Hex|p1a: Iron Crown
|-supereffective|p1a: Iron Crown
|-damage|p1a: Iron Crown|0 fnt
|faint|p1a: Iron Crown
|-end|p1a: Iron Crown|Quark Drive|[silent]
|
|upkeep
|
|t:|1779614480
|switch|p1a: Ogerpon|Ogerpon-Wellspring, F|100/100
|-damage|p1a: Ogerpon|88/100|[from] Spikes
|-damage|p1a: Ogerpon|76/100|[from] Stealth Rock
|turn|20
|
|t:|1779614485
|move|p2a: Dragapult|U-turn|p1a: Ogerpon
|-supereffective|p1a: Ogerpon
|-damage|p1a: Ogerpon|24/100
|
|t:|1779614488
|switch|p2a: Slowking|Slowking-Galar, F|47/100|[from] U-turn
|move|p1a: Ogerpon|Knock Off|p2a: Slowking
|-supereffective|p2a: Slowking
|-damage|p2a: Slowking|0 fnt
|-enditem|p2a: Slowking|Heavy-Duty Boots|[from] move: Knock Off|[of] p1a: Ogerpon
|faint|p2a: Slowking
|
|upkeep
|
|t:|1779614490
|switch|p2a: Dragapult|Dragapult, F|100/100
|turn|21
|
|t:|1779614500
|move|p2a: Dragapult|Dragon Darts|p1a: Ogerpon
|-damage|p1a: Ogerpon|0 fnt
|faint|p1a: Ogerpon
|
|upkeep
|
|t:|1779614509
|switch|p1a: Hawlucha|Hawlucha, F|100/100
|-damage|p1a: Hawlucha|88/100|[from] Stealth Rock
|turn|22
|
|t:|1779614513
|move|p2a: Dragapult|Will-O-Wisp|p1a: Hawlucha|[miss]
|-miss|p2a: Dragapult|p1a: Hawlucha
|move|p1a: Hawlucha|Swords Dance|p1a: Hawlucha
|-boost|p1a: Hawlucha|atk|2
|
|upkeep
|turn|23
|
|t:|1779614530
|move|p2a: Dragapult|Will-O-Wisp|p1a: Hawlucha
|-status|p1a: Hawlucha|brn
|move|p1a: Hawlucha|Substitute|p1a: Hawlucha
|-start|p1a: Hawlucha|Substitute
|-damage|p1a: Hawlucha|63/100 brn
|
|-damage|p1a: Hawlucha|57/100 brn|[from] brn
|upkeep
|turn|24
|
|t:|1779614540
|move|p2a: Dragapult|Hex|p1a: Hawlucha
|-damage|p1a: Hawlucha|0 fnt
|faint|p1a: Hawlucha
|
|upkeep
|
|t:|1779614544
|switch|p1a: Garganacl|Garganacl, F|100/100
|-damage|p1a: Garganacl|88/100|[from] Spikes
|-damage|p1a: Garganacl|76/100|[from] Stealth Rock
|turn|25
|
|t:|1779614549
|move|p2a: Dragapult|U-turn|p1a: Garganacl
|-damage|p1a: Garganacl|66/100
|-damage|p2a: Dragapult|84/100|[from] item: Rocky Helmet|[of] p1a: Garganacl
|
|t:|1779614551
|switch|p2a: Great Tusk|Great Tusk|100/100|[from] U-turn
|move|p1a: Garganacl|Salt Cure|p2a: Great Tusk
|-resisted|p2a: Great Tusk
|-damage|p2a: Great Tusk|98/100
|-start|p2a: Great Tusk|Salt Cure
|
|-damage|p2a: Great Tusk|86/100|[from] Salt Cure
|upkeep
|turn|26
|
|t:|1779614564
|-terastallize|p1a: Garganacl|Ghost
|move|p2a: Great Tusk|Headlong Rush|p1a: Garganacl
|-damage|p1a: Garganacl|36/100
|-unboost|p2a: Great Tusk|def|1
|-unboost|p2a: Great Tusk|spd|1
|-damage|p2a: Great Tusk|69/100|[from] item: Rocky Helmet|[of] p1a: Garganacl
|move|p1a: Garganacl|Iron Defense|p1a: Garganacl
|-boost|p1a: Garganacl|def|2
|
|-damage|p2a: Great Tusk|57/100|[from] Salt Cure
|upkeep
|turn|27
|
|t:|1779614577
|-end|p2a: Great Tusk|Protosynthesis|[silent]
|switch|p2a: Dragapult|Dragapult, F|84/100
|move|p1a: Garganacl|Recover|p1a: Garganacl
|-heal|p1a: Garganacl|86/100
|
|upkeep
|turn|28
|
|t:|1779614584
|-terastallize|p2a: Dragapult|Ghost
|move|p2a: Dragapult|Hex|p1a: Garganacl
|-supereffective|p1a: Garganacl
|-damage|p1a: Garganacl|49/100
|move|p1a: Garganacl|Salt Cure|p2a: Dragapult
|-damage|p2a: Dragapult|64/100
|-start|p2a: Dragapult|Salt Cure
|
|-damage|p2a: Dragapult|52/100|[from] Salt Cure
|upkeep
|turn|29
|
|t:|1779614595
|move|p2a: Dragapult|Hex|p1a: Garganacl
|-supereffective|p1a: Garganacl
|-damage|p1a: Garganacl|17/100
|move|p1a: Garganacl|Recover|p1a: Garganacl
|-heal|p1a: Garganacl|67/100
|
|-damage|p2a: Dragapult|40/100|[from] Salt Cure
|upkeep
|turn|30
|
|t:|1779614603
|switch|p2a: Great Tusk|Great Tusk|57/100
|move|p1a: Garganacl|Recover|p1a: Garganacl
|-heal|p1a: Garganacl|100/100
|
|upkeep
|turn|31
|
|t:|1779614611
|move|p2a: Great Tusk|Headlong Rush|p1a: Garganacl
|-damage|p1a: Garganacl|83/100
|-unboost|p2a: Great Tusk|def|1
|-unboost|p2a: Great Tusk|spd|1
|-damage|p2a: Great Tusk|40/100|[from] item: Rocky Helmet|[of] p1a: Garganacl
|move|p1a: Garganacl|Iron Defense|p1a: Garganacl
|-boost|p1a: Garganacl|def|2
|
|upkeep
|turn|32
|
|t:|1779614622
|move|p2a: Great Tusk|Headlong Rush|p1a: Garganacl
|-damage|p1a: Garganacl|72/100
|-unboost|p2a: Great Tusk|def|1
|-unboost|p2a: Great Tusk|spd|1
|-damage|p2a: Great Tusk|24/100|[from] item: Rocky Helmet|[of] p1a: Garganacl
|move|p1a: Garganacl|Salt Cure|p2a: Great Tusk
|-resisted|p2a: Great Tusk
|-damage|p2a: Great Tusk|19/100
|-start|p2a: Great Tusk|Salt Cure
|
|-damage|p2a: Great Tusk|7/100|[from] Salt Cure
|upkeep
|turn|33
|
|t:|1779614643
|-end|p2a: Great Tusk|Protosynthesis|[silent]
|switch|p2a: Dragapult|Dragapult, F, tera:Ghost|40/100
|move|p1a: Garganacl|Recover|p1a: Garganacl
|-heal|p1a: Garganacl|100/100
|
|upkeep
|turn|34
|
|t:|1779614650
|move|p2a: Dragapult|Hex|p1a: Garganacl
|-supereffective|p1a: Garganacl
|-damage|p1a: Garganacl|63/100
|move|p1a: Garganacl|Salt Cure|p2a: Dragapult
|-damage|p2a: Dragapult|18/100
|-start|p2a: Dragapult|Salt Cure
|
|-damage|p2a: Dragapult|5/100|[from] Salt Cure
|upkeep
|turn|35
|
|t:|1779614659
|move|p2a: Dragapult|Hex|p1a: Garganacl
|-supereffective|p1a: Garganacl
|-damage|p1a: Garganacl|26/100
|move|p1a: Garganacl|Recover|p1a: Garganacl
|-heal|p1a: Garganacl|76/100
|
|-damage|p2a: Dragapult|0 fnt|[from] Salt Cure
|faint|p2a: Dragapult
|upkeep
|-message|togekaiser forfeited.
|
|win|crissperez
|raw|crissperez's rating: 1407 &rarr; <strong>1431</strong><br />(+24 for winning)
|raw|togekaiser's rating: 1477 &rarr; <strong>1453</strong><br />(-24 for losing)
|l|☆togekaiser
|player|p2|
|j| QXQXQQX
|l| QXQXQQX
|l|☆crissperez
|player|p1|
