|j|☆Top5HottestPicsOf
|j|☆winornothing
|t:|1779563849
|gametype|singles
|player|p1|Top5HottestPicsOf|wicke|1227
|player|p2|winornothing|waiter-gen4|1198
|gen|9
|tier|[Gen 9] OU
|rated|
|rule|HP Percentage Mod: HP is shown in percentages
|rule|Endless Battle Clause: Forcing endless battles is banned
|rule|Species Clause: Limit one of each Pokémon
|rule|OHKO Clause: OHKO moves are banned
|rule|Evasion Items Clause: Evasion items are banned
|rule|Evasion Moves Clause: Evasion moves are banned
|rule|Evasion Abilities Clause: Evasion abilities are banned
|rule|Sleep Moves Clause: Sleep-inducing moves are banned
|clearpoke
|poke|p1|Munkidori, M|
|poke|p1|Persian-Alola, F|
|poke|p1|Fezandipiti, M|
|poke|p1|Leafeon, F|
|poke|p1|Dudunsparce-*, M|
|poke|p1|Dragapult, M|
|poke|p2|Deoxys-Speed|
|poke|p2|Great Tusk|
|poke|p2|Hatterene, F|
|poke|p2|Zapdos|
|poke|p2|Iron Moth|
|poke|p2|Kingambit, M|
|teampreview
|inactive|Battle timer is ON: inactive players will automatically lose when time's up. (requested by Top5HottestPicsOf)
|
|t:|1779563874
|teamsize|p1|6
|teamsize|p2|6
|start
|switch|p1a: Dudunsparce|Dudunsparce, M|100/100
|switch|p2a: Great Tusk|Great Tusk, shiny|100/100
|turn|1
|
|t:|1779563888
|-end|p2a: Great Tusk|Protosynthesis|[silent]
|switch|p2a: Hatterene|Hatterene, F|100/100
|switch|p1a: Dragapult|Dragapult, M, shiny|100/100
|
|upkeep
|turn|2
|
|t:|1779563910
|-terastallize|p1a: Dragapult|Fairy
|move|p1a: Dragapult|Shadow Ball|p2a: Hatterene
|-supereffective|p2a: Hatterene
|-damage|p2a: Hatterene|0 fnt
|faint|p2a: Hatterene
|
|upkeep
|
|t:|1779563922
|switch|p2a: Iron Moth|Iron Moth, shiny|100/100
|-enditem|p2a: Iron Moth|Booster Energy
|-activate|p2a: Iron Moth|ability: Quark Drive|[fromitem]
|-start|p2a: Iron Moth|quarkdrivespe
|turn|3
|
|t:|1779563927
|switch|p1a: Dudunsparce|Dudunsparce, M|100/100
|-terastallize|p2a: Iron Moth|Grass
|move|p2a: Iron Moth|Sludge Wave|p1a: Dudunsparce
|-damage|p1a: Dudunsparce|59/100
|
|upkeep
|turn|4
|
|t:|1779563933
|move|p2a: Iron Moth|Fiery Dance|p1a: Dudunsparce
|-crit|p1a: Dudunsparce
|-damage|p1a: Dudunsparce|5/100
|move|p1a: Dudunsparce|Stealth Rock|p2a: Iron Moth
|-sidestart|p2: winornothing|move: Stealth Rock
|
|upkeep
|turn|5
|
|t:|1779563937
|move|p2a: Iron Moth|Fiery Dance|p1a: Dudunsparce
|-damage|p1a: Dudunsparce|0 fnt
|faint|p1a: Dudunsparce
|
|upkeep
|
|t:|1779563942
|switch|p1a: Munkidori|Munkidori, M|100/100
|turn|6
|
|t:|1779563948
|move|p1a: Munkidori|Fake Out|p2a: Iron Moth
|-damage|p2a: Iron Moth|90/100
|cant|p2a: Iron Moth|flinch
|
|upkeep
|turn|7
|
|t:|1779563951
|move|p2a: Iron Moth|Fiery Dance|p1a: Munkidori
|-damage|p1a: Munkidori|50/100
|move|p1a: Munkidori|Sludge Wave|p2a: Iron Moth
|-supereffective|p2a: Iron Moth
|-damage|p2a: Iron Moth|0 fnt
|faint|p2a: Iron Moth
|-end|p2a: Iron Moth|Quark Drive|[silent]
|
|upkeep
|
|t:|1779563959
|switch|p2a: Kingambit|Kingambit, M|100/100
|-damage|p2a: Kingambit|94/100|[from] Stealth Rock
|-activate|p2a: Kingambit|ability: Supreme Overlord
|-start|p2a: Kingambit|fallen2|[silent]
|turn|8
|
|t:|1779563963
|move|p1a: Munkidori|Parting Shot|p2a: Kingambit
|-unboost|p2a: Kingambit|atk|1
|-unboost|p2a: Kingambit|spa|1
|
|t:|1779563966
|switch|p1a: Persian|Persian-Alola, F|100/100|[from] Parting Shot
|move|p2a: Kingambit|Kowtow Cleave|p1a: Persian
|-resisted|p1a: Persian
|-damage|p1a: Persian|89/100
|
|-heal|p2a: Kingambit|100/100|[from] item: Leftovers
|upkeep
|turn|9
|
|t:|1779563974
|move|p1a: Persian|Foul Play|p2a: Kingambit
|-resisted|p2a: Kingambit
|-crit|p2a: Kingambit
|-damage|p2a: Kingambit|72/100
|move|p2a: Kingambit|Swords Dance|p2a: Kingambit
|-boost|p2a: Kingambit|atk|2
|
|-heal|p2a: Kingambit|78/100|[from] item: Leftovers
|upkeep
|turn|10
|
|t:|1779563980
|move|p1a: Persian|Foul Play|p2a: Kingambit
|-resisted|p2a: Kingambit
|-damage|p2a: Kingambit|49/100
|move|p2a: Kingambit|Low Kick|p1a: Persian
|-supereffective|p1a: Persian
|-damage|p1a: Persian|39/100
|
|-heal|p2a: Kingambit|55/100|[from] item: Leftovers
|upkeep
|turn|11
|
|t:|1779563987
|move|p1a: Persian|Parting Shot|p2a: Kingambit
|-unboost|p2a: Kingambit|atk|1
|-unboost|p2a: Kingambit|spa|1
|
|t:|1779563992
|switch|p1a: Dragapult|Dragapult, M, shiny, tera:Fairy|100/100|[from] Parting Shot
|move|p2a: Kingambit|Low Kick|p1a: Dragapult
|-resisted|p1a: Dragapult
|-damage|p1a: Dragapult|75/100
|
|-heal|p2a: Kingambit|61/100|[from] item: Leftovers
|upkeep
|turn|12
|
|t:|1779563999
|move|p1a: Dragapult|Flamethrower|p2a: Kingambit
|-supereffective|p2a: Kingambit
|-damage|p2a: Kingambit|0 fnt
|faint|p2a: Kingambit
|-end|p2a: Kingambit|fallen2|[silent]
|
|upkeep
|
|t:|1779564003
|switch|p2a: Zapdos|Zapdos|100/100
|turn|13
|
|t:|1779564007
|switch|p1a: Fezandipiti|Fezandipiti, M|100/100
|move|p2a: Zapdos|Hurricane|p1a: Fezandipiti
|-damage|p1a: Fezandipiti|62/100
|
|-heal|p1a: Fezandipiti|68/100|[from] item: Leftovers
|upkeep
|turn|14
|
|t:|1779564013
|move|p1a: Fezandipiti|Calm Mind|p1a: Fezandipiti
|-boost|p1a: Fezandipiti|spa|1
|-boost|p1a: Fezandipiti|spd|1
|move|p2a: Zapdos|Volt Switch|p1a: Fezandipiti
|-damage|p1a: Fezandipiti|52/100
|
|t:|1779564025
|switch|p2a: Deoxys|Deoxys-Speed|100/100|[from] Volt Switch
|-damage|p2a: Deoxys|88/100|[from] Stealth Rock
|-ability|p2a: Deoxys|Pressure
|
|-heal|p1a: Fezandipiti|58/100|[from] item: Leftovers
|upkeep
|turn|15
|
|t:|1779564037
|move|p2a: Deoxys|Psycho Boost|p1a: Fezandipiti|[miss]
|-miss|p2a: Deoxys|p1a: Fezandipiti
|move|p1a: Fezandipiti|Moonblast|p2a: Deoxys
|-damage|p2a: Deoxys|15/100
|-unboost|p2a: Deoxys|spa|1
|
|-heal|p1a: Fezandipiti|64/100|[from] item: Leftovers
|upkeep
|turn|16
|
|t:|1779564041
|move|p2a: Deoxys|Psycho Boost|p1a: Fezandipiti
|-supereffective|p1a: Fezandipiti
|-damage|p1a: Fezandipiti|17/100
|-unboost|p2a: Deoxys|spa|2
|-damage|p2a: Deoxys|5/100|[from] item: Life Orb
|move|p1a: Fezandipiti|Roost|p1a: Fezandipiti
|-heal|p1a: Fezandipiti|67/100
|-singleturn|p1a: Fezandipiti|move: Roost
|
|-heal|p1a: Fezandipiti|74/100|[from] item: Leftovers
|upkeep
|turn|17
|-message|winornothing forfeited.
|
|win|Top5HottestPicsOf
|raw|Top5HottestPicsOf's rating: 1227 &rarr; <strong>1250</strong><br />(+23 for winning)
|raw|winornothing's rating: 1198 &rarr; <strong>1175</strong><br />(-23 for losing)
|l|☆winornothing
|player|p2|
|l|☆Top5HottestPicsOf
|player|p1|
