|j|☆GrittyGamer
|j|☆ghostoftheranch
|t:|1779576021
|gametype|singles
|player|p1|GrittyGamer|worker-gen4|1622
|player|p2|ghostoftheranch|medium|1662
|gen|9
|tier|[Gen 9] OU
|rated|
|rule|HP Percentage Mod: HP is shown in percentages
|rule|Endless Battle Clause: Forcing endless battles is banned
|rule|Species Clause: Limit one of each Pokémon
|rule|OHKO Clause: OHKO moves are banned
|rule|Evasion Items Clause: Evasion items are banned
|rule|Evasion Moves Clause: Evasion moves are banned
|rule|Evasion Abilities Clause: Evasion abilities are banned
|rule|Sleep Moves Clause: Sleep-inducing moves are banned
|clearpoke
|poke|p1|Moltres|
|poke|p1|Samurott-Hisui, F|
|poke|p1|Rillaboom, M|
|poke|p1|Gholdengo|
|poke|p1|Great Tusk|
|poke|p1|Raging Bolt|
|poke|p2|Cramorant, M|
|poke|p2|Gallade, M|
|poke|p2|Kingambit, M|
|poke|p2|Iron Moth|
|poke|p2|Enamorus, F|
|poke|p2|Ogerpon-Cornerstone, F|
|teampreview
|
|t:|1779576061
|teamsize|p1|6
|teamsize|p2|6
|start
|switch|p1a: Raging Bolt|Raging Bolt|100/100
|switch|p2a: Cramorant|Cramorant, M|100/100
|turn|1
|
|t:|1779576068
|move|p2a: Cramorant|Surf|p1a: Raging Bolt
|-formechange|p2a: Cramorant|Cramorant-Gulping|
|-resisted|p1a: Raging Bolt
|-crit|p1a: Raging Bolt
|-damage|p1a: Raging Bolt|73/100
|move|p1a: Raging Bolt|Volt Switch|p2a: Cramorant
|-supereffective|p2a: Cramorant
|-enditem|p2a: Cramorant|Focus Sash
|-damage|p2a: Cramorant|1/100
|-damage|p1a: Raging Bolt|48/100|[from] ability: Gulp Missile|[of] p2a: Cramorant
|-unboost|p1a: Raging Bolt|def|1
|-formechange|p2a: Cramorant|Cramorant|
|inactive|Battle timer is ON: inactive players will automatically lose when time's up. (requested by ghostoftheranch)
|
|t:|1779576081
|-end|p1a: Raging Bolt|Protosynthesis|[silent]
|switch|p1a: Rillaboom|Rillaboom, M|100/100|[from] Volt Switch
|-fieldstart|move: Grassy Terrain|[from] ability: Grassy Surge|[of] p1a: Rillaboom
|
|upkeep
|turn|2
|
|t:|1779576098
|move|p1a: Rillaboom|Grassy Glide|p2a: Cramorant
|-damage|p2a: Cramorant|0 fnt
|faint|p2a: Cramorant
|
|upkeep
|
|t:|1779576116
|switch|p2a: Iron Moth|Iron Moth|100/100
|-enditem|p2a: Iron Moth|Booster Energy
|-activate|p2a: Iron Moth|ability: Quark Drive|[fromitem]
|-start|p2a: Iron Moth|quarkdrivespe
|turn|3
|
|t:|1779576126
|switch|p1a: Moltres|Moltres|100/100
|-terastallize|p2a: Iron Moth|Grass
|move|p2a: Iron Moth|Fiery Dance|p1a: Moltres
|-resisted|p1a: Moltres
|-damage|p1a: Moltres|87/100
|
|upkeep
|turn|4
|
|t:|1779576137
|move|p2a: Iron Moth|Sludge Wave|p1a: Moltres
|-damage|p1a: Moltres|53/100
|move|p1a: Moltres|Roar|p2a: Iron Moth
|-end|p2a: Iron Moth|Quark Drive|[silent]
|drag|p2a: Ogerpon|Ogerpon-Cornerstone, F|100/100
|
|upkeep
|turn|5
|
|t:|1779576150
|switch|p1a: Gholdengo|Gholdengo|100/100
|move|p2a: Ogerpon|Swords Dance|p2a: Ogerpon
|-boost|p2a: Ogerpon|atk|2
|
|-fieldend|move: Grassy Terrain
|upkeep
|turn|6
|
|t:|1779576155
|move|p2a: Ogerpon|Ivy Cudgel|p1a: Gholdengo|[anim] Ivy Cudgel Rock
|-resisted|p1a: Gholdengo
|-damage|p1a: Gholdengo|58/100
|move|p1a: Gholdengo|Make It Rain|p2a: Ogerpon
|-supereffective|p2a: Ogerpon
|-ability|p2a: Ogerpon|Sturdy
|-damage|p2a: Ogerpon|1/100
|-unboost|p1a: Gholdengo|spa|1
|
|upkeep
|turn|7
|
|t:|1779576163
|move|p2a: Ogerpon|Ivy Cudgel|p1a: Gholdengo|[anim] Ivy Cudgel Rock
|-resisted|p1a: Gholdengo
|-damage|p1a: Gholdengo|20/100
|move|p1a: Gholdengo|Make It Rain|p2a: Ogerpon
|-supereffective|p2a: Ogerpon
|-damage|p2a: Ogerpon|0 fnt
|-unboost|p1a: Gholdengo|spa|1
|faint|p2a: Ogerpon
|
|upkeep
|
|t:|1779576186
|switch|p2a: Iron Moth|Iron Moth, tera:Grass|100/100
|turn|8
|
|t:|1779576212
|move|p2a: Iron Moth|Fiery Dance|p1a: Gholdengo
|-supereffective|p1a: Gholdengo
|-damage|p1a: Gholdengo|0 fnt
|faint|p1a: Gholdengo
|
|upkeep
|
|t:|1779576214
|switch|p1a: Moltres|Moltres|53/100
|turn|9
|j| panda1234
|inactive|ghostoftheranch has 120 seconds left.
|inactive|ghostoftheranch has 90 seconds left.
|
|t:|1779576281
|move|p2a: Iron Moth|Sludge Wave|p1a: Moltres
|-damage|p1a: Moltres|17/100
|move|p1a: Moltres|Roost|p1a: Moltres
|-heal|p1a: Moltres|67/100
|-singleturn|p1a: Moltres|move: Roost
|
|upkeep
|turn|10
|inactive|ghostoftheranch has 90 seconds left.
|j| Heliophete
|inactive|ghostoftheranch has 60 seconds left.
|
|t:|1779576319
|-end|p2a: Iron Moth|Quark Drive|[silent]
|switch|p2a: Enamorus|Enamorus, F|100/100
|move|p1a: Moltres|Roost|p1a: Moltres
|-heal|p1a: Moltres|100/100
|-singleturn|p1a: Moltres|move: Roost
|
|upkeep
|turn|11
|
|t:|1779576325
|move|p2a: Enamorus|Moonblast|p1a: Moltres
|-resisted|p1a: Moltres
|-damage|p1a: Moltres|83/100
|move|p1a: Moltres|Flamethrower|p2a: Enamorus
|-damage|p2a: Enamorus|44/100
|
|upkeep
|turn|12
|
|t:|1779576334
|move|p2a: Enamorus|Moonblast|p1a: Moltres
|-resisted|p1a: Moltres
|-damage|p1a: Moltres|65/100
|-unboost|p1a: Moltres|spa|1
|move|p1a: Moltres|Flamethrower|p2a: Enamorus
|-damage|p2a: Enamorus|8/100
|
|upkeep
|turn|13
|
|t:|1779576342
|switch|p2a: Gallade|Gallade, M|100/100
|move|p1a: Moltres|Roost|p1a: Moltres
|-heal|p1a: Moltres|100/100
|-singleturn|p1a: Moltres|move: Roost
|
|upkeep
|turn|14
|l| panda1234
|
|t:|1779576354
|move|p2a: Gallade|Swords Dance|p2a: Gallade
|-boost|p2a: Gallade|atk|2
|move|p1a: Moltres|Roar|p2a: Gallade
|drag|p2a: Enamorus|Enamorus, F|8/100
|
|upkeep
|turn|15
|
|t:|1779576364
|switch|p2a: Gallade|Gallade, M|100/100
|move|p1a: Moltres|U-turn|p2a: Gallade
|-damage|p2a: Gallade|77/100
|
|t:|1779576390
|switch|p1a: Rillaboom|Rillaboom, M|100/100|[from] U-turn
|-fieldstart|move: Grassy Terrain|[from] ability: Grassy Surge|[of] p1a: Rillaboom
|
|-heal|p2a: Gallade|83/100|[from] Grassy Terrain
|upkeep
|turn|16
|inactive|ghostoftheranch has 90 seconds left.
|inactive|GrittyGamer has 120 seconds left.
|
|t:|1779576418
|switch|p2a: Iron Moth|Iron Moth, tera:Grass|100/100
|move|p1a: Rillaboom|Grassy Glide|p2a: Iron Moth
|-resisted|p2a: Iron Moth
|-damage|p2a: Iron Moth|50/100
|
|-heal|p2a: Iron Moth|56/100|[from] Grassy Terrain
|upkeep
|turn|17
|
|t:|1779576426
|switch|p1a: Moltres|Moltres|100/100
|move|p2a: Iron Moth|Fiery Dance|p1a: Moltres
|-resisted|p1a: Moltres
|-damage|p1a: Moltres|85/100
|
|-heal|p2a: Iron Moth|62/100|[from] Grassy Terrain
|upkeep
|turn|18
|
|t:|1779576436
|-end|p2a: Iron Moth|Quark Drive|[silent]
|switch|p2a: Gallade|Gallade, M|83/100
|move|p1a: Moltres|Flamethrower|p2a: Gallade
|-damage|p2a: Gallade|45/100
|
|-heal|p2a: Gallade|51/100|[from] Grassy Terrain
|upkeep
|turn|19
|
|t:|1779576444
|move|p2a: Gallade|Psycho Cut|p1a: Moltres
|-damage|p1a: Moltres|29/100
|move|p1a: Moltres|U-turn|p2a: Gallade
|-damage|p2a: Gallade|25/100
|
|t:|1779576468
|switch|p1a: Great Tusk|Great Tusk|100/100|[from] U-turn
|
|-heal|p2a: Gallade|32/100|[from] Grassy Terrain
|-fieldend|move: Grassy Terrain
|upkeep
|turn|20
|inactive|ghostoftheranch has 90 seconds left.
|inactive|ghostoftheranch has 60 seconds left.
|
|t:|1779576513
|move|p1a: Great Tusk|Ice Spinner|p2a: Gallade
|-damage|p2a: Gallade|0 fnt
|faint|p2a: Gallade
|
|upkeep
|
|t:|1779576528
|switch|p2a: Iron Moth|Iron Moth, tera:Grass|62/100
|turn|21
|
|t:|1779576543
|-end|p1a: Great Tusk|Protosynthesis|[silent]
|switch|p1a: Moltres|Moltres|29/100
|move|p2a: Iron Moth|Energy Ball|p1a: Moltres
|-resisted|p1a: Moltres
|-damage|p1a: Moltres|21/100
|
|upkeep
|turn|22
|
|t:|1779576548
|move|p2a: Iron Moth|Sludge Wave|p1a: Moltres
|-damage|p1a: Moltres|0 fnt
|faint|p1a: Moltres
|
|upkeep
|
|t:|1779576556
|switch|p1a: Samurott|Samurott-Hisui, F|100/100
|turn|23
|
|t:|1779576568
|-end|p2a: Iron Moth|Quark Drive|[silent]
|switch|p2a: Enamorus|Enamorus, F|8/100
|move|p1a: Samurott|Sucker Punch||[still]
|-fail|p1a: Samurott
|
|upkeep
|turn|24
|
|t:|1779576573
|move|p1a: Samurott|Sucker Punch||[still]
|-fail|p1a: Samurott
|move|p2a: Enamorus|Healing Wish|p2a: Enamorus
|faint|p2a: Enamorus
|
|upkeep
|
|t:|1779576577
|switch|p2a: Iron Moth|Iron Moth, tera:Grass|62/100
|-heal|p2a: Iron Moth|100/100|[from] move: Healing Wish
|turn|25
|
|t:|1779576588
|move|p2a: Iron Moth|Energy Ball|p1a: Samurott
|-supereffective|p1a: Samurott
|-damage|p1a: Samurott|35/100
|move|p1a: Samurott|Ceaseless Edge|p2a: Iron Moth
|-damage|p2a: Iron Moth|29/100
|-sidestart|p2: ghostoftheranch|Spikes
|
|upkeep
|turn|26
|inactive|ghostoftheranch has 90 seconds left.
|
|t:|1779576600
|-end|p2a: Iron Moth|Quark Drive|[silent]
|switch|p2a: Kingambit|Kingambit, M|100/100
|-damage|p2a: Kingambit|88/100|[from] Spikes
|-activate|p2a: Kingambit|ability: Supreme Overlord
|-start|p2a: Kingambit|fallen4|[silent]
|move|p1a: Samurott|Sucker Punch||[still]
|-fail|p1a: Samurott
|
|upkeep
|turn|27
|inactive|ghostoftheranch has 90 seconds left.
|
|t:|1779576621
|move|p1a: Samurott|Razor Shell|p2a: Kingambit
|-damage|p2a: Kingambit|47/100
|move|p2a: Kingambit|Iron Head|p1a: Samurott
|-resisted|p1a: Samurott
|-damage|p1a: Samurott|0 fnt
|faint|p1a: Samurott
|-damage|p2a: Kingambit|37/100|[from] item: Life Orb
|
|upkeep
|
|t:|1779576632
|switch|p1a: Great Tusk|Great Tusk|100/100
|turn|28
|
|t:|1779576641
|move|p2a: Kingambit|Sucker Punch|p1a: Great Tusk
|-resisted|p1a: Great Tusk
|-damage|p1a: Great Tusk|75/100
|-damage|p2a: Kingambit|20/100|[from] item: Rocky Helmet|[of] p1a: Great Tusk
|-damage|p2a: Kingambit|10/100|[from] item: Life Orb
|move|p1a: Great Tusk|Headlong Rush|p2a: Kingambit
|-supereffective|p2a: Kingambit
|-damage|p2a: Kingambit|0 fnt
|-unboost|p1a: Great Tusk|def|1
|-unboost|p1a: Great Tusk|spd|1
|faint|p2a: Kingambit
|-end|p2a: Kingambit|fallen4|[silent]
|
|upkeep
|
|t:|1779576645
|switch|p2a: Iron Moth|Iron Moth, tera:Grass|29/100
|-damage|p2a: Iron Moth|17/100|[from] Spikes
|turn|29
|
|t:|1779576647
|move|p2a: Iron Moth|Energy Ball|p1a: Great Tusk
|-supereffective|p1a: Great Tusk
|-damage|p1a: Great Tusk|0 fnt
|faint|p1a: Great Tusk
|-end|p1a: Great Tusk|Protosynthesis|[silent]
|
|upkeep
|
|t:|1779576649
|switch|p1a: Rillaboom|Rillaboom, M|100/100
|-fieldstart|move: Grassy Terrain|[from] ability: Grassy Surge|[of] p1a: Rillaboom
|turn|30
|
|t:|1779576662
|move|p1a: Rillaboom|Grassy Glide|p2a: Iron Moth
|-resisted|p2a: Iron Moth
|-damage|p2a: Iron Moth|0 fnt
|faint|p2a: Iron Moth
|-end|p2a: Iron Moth|Quark Drive|[silent]
|
|win|GrittyGamer
|raw|GrittyGamer's rating: 1622 &rarr; <strong>1644</strong><br />(+22 for winning)
|raw|ghostoftheranch's rating: 1662 &rarr; <strong>1640</strong><br />(-22 for losing)
|l|☆ghostoftheranch
|player|p2|
|l| Heliophete
|l|☆GrittyGamer
|player|p1|
