|j|☆dark_rat05
|j|☆will-i-am2
|t:|1779558422
|gametype|singles
|player|p1|dark_rat05|170|1581
|player|p2|will-i-am2|169|1555
|gen|9
|tier|[Gen 9] OU
|rated|
|rule|HP Percentage Mod: HP is shown in percentages
|rule|Endless Battle Clause: Forcing endless battles is banned
|rule|Species Clause: Limit one of each Pokémon
|rule|OHKO Clause: OHKO moves are banned
|rule|Evasion Items Clause: Evasion items are banned
|rule|Evasion Moves Clause: Evasion moves are banned
|rule|Evasion Abilities Clause: Evasion abilities are banned
|rule|Sleep Moves Clause: Sleep-inducing moves are banned
|clearpoke
|poke|p1|Zapdos|
|poke|p1|Iron Treads|
|poke|p1|Samurott-Hisui, F|
|poke|p1|Ceruledge, M|
|poke|p1|Gholdengo|
|poke|p1|Kingambit, F|
|poke|p2|Hydreigon, F|
|poke|p2|Registeel|
|poke|p2|Mandibuzz, F|
|poke|p2|Pawmot, M|
|poke|p2|Mamoswine, F|
|poke|p2|Slowbro, M|
|teampreview
|j| syounen
|
|t:|1779558443
|teamsize|p1|6
|teamsize|p2|6
|start
|switch|p1a: Zapdos|Zapdos|100/100
|switch|p2a: Mamoswine|Mamoswine, F|100/100
|turn|1
|inactive|Battle timer is ON: inactive players will automatically lose when time's up. (requested by will-i-am2)
|l| syounen
|inactive|will-i-am2 has 120 seconds left.
|
|t:|1779558475
|switch|p1a: Kingambit|Kingambit, F|100/100
|move|p2a: Mamoswine|Icicle Crash|p1a: Kingambit
|-resisted|p1a: Kingambit
|-damage|p1a: Kingambit|78/100
|
|-heal|p1a: Kingambit|84/100|[from] item: Leftovers
|upkeep
|turn|2
|j| syounen
|l| syounen
|
|t:|1779558486
|switch|p2a: Mandibuzz|Mandibuzz, F|100/100
|move|p1a: Kingambit|Iron Head|p2a: Mandibuzz
|-damage|p2a: Mandibuzz|73/100
|-damage|p1a: Kingambit|67/100|[from] item: Rocky Helmet|[of] p2a: Mandibuzz
|
|-heal|p1a: Kingambit|74/100|[from] item: Leftovers
|upkeep
|turn|3
|
|t:|1779558508
|-end|p1a: Kingambit|fallenundefined|[silent]
|switch|p1a: Iron Treads|Iron Treads|100/100
|-item|p1a: Iron Treads|Air Balloon
|move|p2a: Mandibuzz|Foul Play|p1a: Iron Treads
|-damage|p1a: Iron Treads|63/100
|-enditem|p1a: Iron Treads|Air Balloon
|
|upkeep
|turn|4
|
|t:|1779558521
|move|p1a: Iron Treads|Knock Off|p2a: Mandibuzz
|-resisted|p2a: Mandibuzz
|-damage|p2a: Mandibuzz|64/100
|-damage|p1a: Iron Treads|46/100|[from] item: Rocky Helmet|[of] p2a: Mandibuzz
|-enditem|p2a: Mandibuzz|Rocky Helmet|[from] move: Knock Off|[of] p1a: Iron Treads
|move|p2a: Mandibuzz|Foul Play|p1a: Iron Treads
|-damage|p1a: Iron Treads|3/100
|
|upkeep
|turn|5
|j| syounen
|
|t:|1779558542
|move|p1a: Iron Treads|Ice Spinner|p2a: Mandibuzz
|-supereffective|p2a: Mandibuzz
|-damage|p2a: Mandibuzz|36/100
|move|p2a: Mandibuzz|Roost|p2a: Mandibuzz
|-heal|p2a: Mandibuzz|86/100
|-singleturn|p2a: Mandibuzz|move: Roost
|
|upkeep
|turn|6
|l| syounen
|inactive|will-i-am2 has 120 seconds left.
|
|t:|1779558584
|move|p1a: Iron Treads|Stealth Rock|p2a: Mandibuzz
|-sidestart|p2: will-i-am2|move: Stealth Rock
|move|p2a: Mandibuzz|Foul Play|p1a: Iron Treads
|-damage|p1a: Iron Treads|0 fnt
|faint|p1a: Iron Treads
|-end|p1a: Iron Treads|Quark Drive|[silent]
|
|upkeep
|inactive|dark_rat05 has 120 seconds left.
|
|t:|1779558605
|switch|p1a: Gholdengo|Gholdengo|100/100
|-item|p1a: Gholdengo|Air Balloon
|turn|7
|inactive|will-i-am2 has 120 seconds left.
|
|t:|1779558619
|move|p1a: Gholdengo|Thunder Wave|p2a: Mandibuzz
|-status|p2a: Mandibuzz|par
|move|p2a: Mandibuzz|Foul Play|p1a: Gholdengo
|-supereffective|p1a: Gholdengo
|-damage|p1a: Gholdengo|78/100
|-enditem|p1a: Gholdengo|Air Balloon
|
|upkeep
|turn|8
|inactive|will-i-am2 has 120 seconds left.
|
|t:|1779558628
|switch|p2a: Hydreigon|Hydreigon, F|100/100
|-damage|p2a: Hydreigon|88/100|[from] Stealth Rock
|move|p1a: Gholdengo|Hex|p2a: Hydreigon
|-resisted|p2a: Hydreigon
|-crit|p2a: Hydreigon
|-damage|p2a: Hydreigon|65/100
|
|upkeep
|turn|9
|inactive|dark_rat05 has 120 seconds left.
|inactive|will-i-am2 has 120 seconds left.
|
|t:|1779558662
|switch|p1a: Kingambit|Kingambit, F|74/100
|-activate|p1a: Kingambit|ability: Supreme Overlord
|-start|p1a: Kingambit|fallen1|[silent]
|move|p2a: Hydreigon|Nasty Plot|p2a: Hydreigon
|-boost|p2a: Hydreigon|spa|2
|
|-heal|p1a: Kingambit|80/100|[from] item: Leftovers
|upkeep
|turn|10
|j| testingrainteam1
|
|t:|1779558683
|move|p2a: Hydreigon|Earth Power|p1a: Kingambit
|-supereffective|p1a: Kingambit
|-crit|p1a: Kingambit
|-damage|p1a: Kingambit|0 fnt
|faint|p1a: Kingambit
|-end|p1a: Kingambit|fallen1|[silent]
|
|upkeep
|
|t:|1779558689
|switch|p1a: Zapdos|Zapdos|100/100
|turn|11
|
|t:|1779558696
|move|p1a: Zapdos|Volt Switch|p2a: Hydreigon
|-resisted|p2a: Hydreigon
|-damage|p2a: Hydreigon|44/100
|
|t:|1779558700
|switch|p1a: Samurott|Samurott-Hisui, F|100/100|[from] Volt Switch
|move|p2a: Hydreigon|Draco Meteor|p1a: Samurott
|-damage|p1a: Samurott|1/100
|-unboost|p2a: Hydreigon|spa|2
|
|upkeep
|turn|12
|inactive|dark_rat05 has 120 seconds left.
|
|t:|1779558717
|move|p1a: Samurott|Sucker Punch|p2a: Hydreigon
|-resisted|p2a: Hydreigon
|-damage|p2a: Hydreigon|27/100
|move|p2a: Hydreigon|Earth Power|p1a: Samurott
|-damage|p1a: Samurott|0 fnt
|faint|p1a: Samurott
|
|upkeep
|
|t:|1779558728
|switch|p1a: Zapdos|Zapdos|100/100
|turn|13
|
|t:|1779558734
|switch|p2a: Registeel|Registeel|100/100
|-damage|p2a: Registeel|94/100|[from] Stealth Rock
|move|p1a: Zapdos|Thunder Wave|p2a: Registeel
|-status|p2a: Registeel|par
|
|-heal|p2a: Registeel|100/100 par|[from] item: Leftovers
|upkeep
|turn|14
|inactive|dark_rat05 has 120 seconds left.
|
|t:|1779558746
|move|p1a: Zapdos|Volt Switch|p2a: Registeel
|-damage|p2a: Registeel|82/100 par
|
|t:|1779558751
|switch|p1a: Gholdengo|Gholdengo|78/100|[from] Volt Switch
|move|p2a: Registeel|Stealth Rock|p1a: Gholdengo
|-sidestart|p1: dark_rat05|move: Stealth Rock
|
|-heal|p2a: Registeel|88/100 par|[from] item: Leftovers
|upkeep
|turn|15
|inactive|dark_rat05 has 120 seconds left.
|
|t:|1779558765
|switch|p2a: Mandibuzz|Mandibuzz, F|86/100 par
|-damage|p2a: Mandibuzz|61/100 par|[from] Stealth Rock
|move|p1a: Gholdengo|Hex|p2a: Mandibuzz
|-resisted|p2a: Mandibuzz
|-damage|p2a: Mandibuzz|37/100 par
|
|upkeep
|turn|16
|l| testingrainteam1
|
|t:|1779558773
|move|p1a: Gholdengo|Hex|p2a: Mandibuzz
|-resisted|p2a: Mandibuzz
|-damage|p2a: Mandibuzz|12/100 par
|move|p2a: Mandibuzz|Roost|p2a: Mandibuzz
|-heal|p2a: Mandibuzz|62/100 par
|-singleturn|p2a: Mandibuzz|move: Roost
|
|upkeep
|turn|17
|
|t:|1779558781
|move|p1a: Gholdengo|Focus Blast|p2a: Mandibuzz|[miss]
|-miss|p1a: Gholdengo|p2a: Mandibuzz
|move|p2a: Mandibuzz|Roost|p2a: Mandibuzz
|-heal|p2a: Mandibuzz|100/100 par
|-singleturn|p2a: Mandibuzz|move: Roost
|
|upkeep
|turn|18
|
|t:|1779558789
|move|p1a: Gholdengo|Focus Blast|p2a: Mandibuzz
|-crit|p2a: Mandibuzz
|-damage|p2a: Mandibuzz|60/100 par
|cant|p2a: Mandibuzz|par
|
|upkeep
|turn|19
|
|t:|1779558798
|move|p1a: Gholdengo|Focus Blast|p2a: Mandibuzz
|-damage|p2a: Mandibuzz|33/100 par
|move|p2a: Mandibuzz|Roost|p2a: Mandibuzz
|-heal|p2a: Mandibuzz|83/100 par
|-singleturn|p2a: Mandibuzz|move: Roost
|
|upkeep
|turn|20
|
|t:|1779558808
|move|p1a: Gholdengo|Focus Blast|p2a: Mandibuzz
|-crit|p2a: Mandibuzz
|-damage|p2a: Mandibuzz|37/100 par
|move|p2a: Mandibuzz|Foul Play|p1a: Gholdengo
|-supereffective|p1a: Gholdengo
|-damage|p1a: Gholdengo|54/100
|
|upkeep
|turn|21
|
|t:|1779558827
|move|p1a: Gholdengo|Hex|p2a: Mandibuzz
|-resisted|p2a: Mandibuzz
|-damage|p2a: Mandibuzz|13/100 par
|move|p2a: Mandibuzz|Roost|p2a: Mandibuzz
|-heal|p2a: Mandibuzz|63/100 par
|-singleturn|p2a: Mandibuzz|move: Roost
|
|upkeep
|turn|22
|
|t:|1779558837
|move|p1a: Gholdengo|Recover|p1a: Gholdengo
|-heal|p1a: Gholdengo|100/100
|move|p2a: Mandibuzz|Roost|p2a: Mandibuzz
|-heal|p2a: Mandibuzz|100/100 par
|-singleturn|p2a: Mandibuzz|move: Roost
|
|upkeep
|turn|23
|
|t:|1779558850
|move|p1a: Gholdengo|Focus Blast|p2a: Mandibuzz
|-damage|p2a: Mandibuzz|71/100 par
|-unboost|p2a: Mandibuzz|spd|1
|move|p2a: Mandibuzz|Foul Play|p1a: Gholdengo
|-supereffective|p1a: Gholdengo
|-damage|p1a: Gholdengo|80/100
|
|upkeep
|turn|24
|
|t:|1779558861
|move|p1a: Gholdengo|Focus Blast|p2a: Mandibuzz
|-damage|p2a: Mandibuzz|27/100 par
|move|p2a: Mandibuzz|Foul Play|p1a: Gholdengo
|-supereffective|p1a: Gholdengo
|-damage|p1a: Gholdengo|59/100
|
|upkeep
|turn|25
|
|t:|1779558868
|move|p1a: Gholdengo|Hex|p2a: Mandibuzz
|-resisted|p2a: Mandibuzz
|-damage|p2a: Mandibuzz|0 fnt
|faint|p2a: Mandibuzz
|
|upkeep
|
|t:|1779558871
|switch|p2a: Hydreigon|Hydreigon, F|27/100
|-damage|p2a: Hydreigon|15/100|[from] Stealth Rock
|turn|26
|inactive|dark_rat05 has 120 seconds left.
|
|t:|1779558905
|-terastallize|p1a: Gholdengo|Fairy
|move|p2a: Hydreigon|Draco Meteor|p1a: Gholdengo
|-immune|p1a: Gholdengo
|move|p1a: Gholdengo|Hex|p2a: Hydreigon
|-resisted|p2a: Hydreigon
|-damage|p2a: Hydreigon|0 fnt
|faint|p2a: Hydreigon
|
|upkeep
|
|t:|1779558912
|switch|p2a: Mamoswine|Mamoswine, F|100/100
|-damage|p2a: Mamoswine|88/100|[from] Stealth Rock
|turn|27
|
|t:|1779558928
|move|p2a: Mamoswine|Earthquake|p1a: Gholdengo
|-damage|p1a: Gholdengo|7/100
|move|p1a: Gholdengo|Focus Blast|p2a: Mamoswine|[miss]
|-miss|p1a: Gholdengo|p2a: Mamoswine
|
|upkeep
|turn|28
|
|t:|1779558936
|switch|p1a: Zapdos|Zapdos|100/100
|move|p2a: Mamoswine|Earthquake|p1a: Zapdos
|-immune|p1a: Zapdos
|
|upkeep
|turn|29
|
|t:|1779558943
|switch|p2a: Pawmot|Pawmot, M|100/100
|-damage|p2a: Pawmot|94/100|[from] Stealth Rock
|move|p1a: Zapdos|Heat Wave|p2a: Pawmot
|-damage|p2a: Pawmot|39/100
|
|upkeep
|turn|30
|
|t:|1779558953
|move|p2a: Pawmot|Ice Punch|p1a: Zapdos
|-supereffective|p1a: Zapdos
|-damage|p1a: Zapdos|22/100
|-damage|p2a: Pawmot|29/100|[from] item: Life Orb
|move|p1a: Zapdos|Volt Switch|p2a: Pawmot
|-resisted|p2a: Pawmot
|-damage|p2a: Pawmot|2/100
|
|t:|1779558962
|switch|p1a: Ceruledge|Ceruledge, M|100/100|[from] Volt Switch
|
|upkeep
|turn|31
|
|t:|1779558974
|move|p1a: Ceruledge|Shadow Sneak|p2a: Pawmot
|-damage|p2a: Pawmot|0 fnt
|faint|p2a: Pawmot
|
|upkeep
|
|t:|1779558980
|switch|p2a: Slowbro|Slowbro, M|100/100
|-damage|p2a: Slowbro|88/100|[from] Stealth Rock
|turn|32
|
|t:|1779558991
|-terastallize|p2a: Slowbro|Dragon
|move|p1a: Ceruledge|Poltergeist|p2a: Slowbro
|-activate|p2a: Slowbro|move: Poltergeist|Leftovers
|-damage|p2a: Slowbro|36/100
|move|p2a: Slowbro|Trick Room|p2a: Slowbro
|-fieldstart|move: Trick Room|[of] p2a: Slowbro
|
|-heal|p2a: Slowbro|42/100|[from] item: Leftovers
|upkeep
|turn|33
|j| Mslaganjaestranja
|
|t:|1779559001
|move|p2a: Slowbro|Scald|p1a: Ceruledge
|-supereffective|p1a: Ceruledge
|-damage|p1a: Ceruledge|20/100
|move|p1a: Ceruledge|Poltergeist|p2a: Slowbro
|-activate|p2a: Slowbro|move: Poltergeist|Leftovers
|-damage|p2a: Slowbro|0 fnt
|faint|p2a: Slowbro
|
|upkeep
|
|t:|1779559014
|switch|p2a: Mamoswine|Mamoswine, F|88/100
|-damage|p2a: Mamoswine|76/100|[from] Stealth Rock
|turn|34
|
|t:|1779559024
|switch|p1a: Gholdengo|Gholdengo, tera:Fairy|7/100
|-damage|p1a: Gholdengo|0 fnt|[from] Stealth Rock
|faint|p1a: Gholdengo
|move|p2a: Mamoswine|Knock Off|p1: Gholdengo|[notarget]
|-fail|p2a: Mamoswine
|
|upkeep
|
|t:|1779559043
|switch|p1a: Zapdos|Zapdos|22/100
|turn|35
|
|t:|1779559048
|move|p2a: Mamoswine|Knock Off|p1a: Zapdos
|-damage|p1a: Zapdos|0 fnt
|-enditem|p1a: Zapdos|Heavy-Duty Boots|[from] move: Knock Off|[of] p2a: Mamoswine
|faint|p1a: Zapdos
|
|upkeep
|
|t:|1779559054
|switch|p1a: Ceruledge|Ceruledge, M|20/100
|turn|36
|
|t:|1779559062
|move|p1a: Ceruledge|Shadow Sneak|p2a: Mamoswine
|-damage|p2a: Mamoswine|52/100
|move|p2a: Mamoswine|Knock Off|p1a: Ceruledge
|-supereffective|p1a: Ceruledge
|-damage|p1a: Ceruledge|0 fnt
|-enditem|p1a: Ceruledge|Heavy-Duty Boots|[from] move: Knock Off|[of] p2a: Mamoswine
|faint|p1a: Ceruledge
|
|win|will-i-am2
|raw|dark_rat05's rating: 1581 &rarr; <strong>1560</strong><br />(-21 for losing)
|raw|will-i-am2's rating: 1572 &rarr; <strong>1593</strong><br />(+21 for winning)
|l|☆will-i-am2
|player|p2|
|l|☆dark_rat05
|player|p1|
|l| Mslaganjaestranja
