|j|☆bjls
|j|☆capitalist duck
|t:|1779624264
|gametype|singles
|player|p1|bjls|hilda|1535
|player|p2|capitalist duck|cyclist|1531
|gen|9
|tier|[Gen 9] OU
|rated|
|rule|HP Percentage Mod: HP is shown in percentages
|rule|Endless Battle Clause: Forcing endless battles is banned
|rule|Species Clause: Limit one of each Pokémon
|rule|OHKO Clause: OHKO moves are banned
|rule|Evasion Items Clause: Evasion items are banned
|rule|Evasion Moves Clause: Evasion moves are banned
|rule|Evasion Abilities Clause: Evasion abilities are banned
|rule|Sleep Moves Clause: Sleep-inducing moves are banned
|clearpoke
|poke|p1|Pelipper, M|
|poke|p1|Basculegion, M|
|poke|p1|Iron Jugulis|
|poke|p1|Raging Bolt|
|poke|p1|Iron Treads|
|poke|p1|Kingambit, M|
|poke|p2|Araquanid, M|
|poke|p2|Latias, F|
|poke|p2|Dragonite, M|
|poke|p2|Great Tusk|
|poke|p2|Gholdengo|
|poke|p2|Samurott-Hisui, F|
|teampreview
|inactive|Battle timer is ON: inactive players will automatically lose when time's up. (requested by capitalist duck)
|inactive|bjls also wants the timer to be on.
|inactive|capitalist duck has 120 seconds left.
|
|t:|1779624302
|teamsize|p1|6
|teamsize|p2|6
|start
|switch|p1a: 大卫·戴|Pelipper, M|100/100
|switch|p2a: Araquanid|Araquanid, M, shiny|100/100
|-weather|RainDance|[from] ability: Drizzle|[of] p1a: 大卫·戴
|turn|1
|
|t:|1779624305
|move|p1a: 大卫·戴|Hurricane|p2a: Araquanid
|-supereffective|p2a: Araquanid
|-damage|p2a: Araquanid|44/100
|-start|p2a: Araquanid|confusion
|-activate|p2a: Araquanid|confusion
|-damage|p2a: Araquanid|38/100|[from] confusion
|
|-weather|RainDance|[upkeep]
|upkeep
|turn|2
|
|t:|1779624312
|switch|p2a: Gholdengo|Gholdengo|100/100
|move|p1a: 大卫·戴|Hurricane|p2a: Gholdengo
|-resisted|p2a: Gholdengo
|-damage|p2a: Gholdengo|80/100
|-start|p2a: Gholdengo|confusion
|
|-weather|RainDance|[upkeep]
|upkeep
|turn|3
|
|t:|1779624318
|-activate|p2a: Gholdengo|confusion
|move|p2a: Gholdengo|Nasty Plot|p2a: Gholdengo
|-boost|p2a: Gholdengo|spa|2
|move|p1a: 大卫·戴|U-turn|p2a: Gholdengo
|-resisted|p2a: Gholdengo
|-damage|p2a: Gholdengo|78/100
|
|t:|1779624321
|switch|p1a: 一汽·大运|Basculegion, M|100/100|[from] U-turn
|
|-weather|RainDance|[upkeep]
|upkeep
|turn|4
|
|t:|1779624326
|switch|p2a: Araquanid|Araquanid, M, shiny|38/100
|move|p1a: 一汽·大运|Wave Crash|p2a: Araquanid
|-resisted|p2a: Araquanid
|-damage|p2a: Araquanid|0 fnt
|faint|p2a: Araquanid
|-damage|p1a: 一汽·大运|89/100|[from] Recoil
|
|-weather|RainDance|[upkeep]
|upkeep
|
|t:|1779624331
|switch|p2a: Dragonite|Dragonite, M|100/100
|turn|5
|
|t:|1779624337
|move|p1a: 一汽·大运|Wave Crash|p2a: Dragonite
|-resisted|p2a: Dragonite
|-damage|p2a: Dragonite|62/100
|-damage|p1a: 一汽·大运|79/100|[from] Recoil
|move|p2a: Dragonite|Scale Shot|p1a: 一汽·大运
|-damage|p1a: 一汽·大运|62/100
|-damage|p1a: 一汽·大运|46/100
|-damage|p1a: 一汽·大运|30/100
|-damage|p1a: 一汽·大运|14/100
|-damage|p1a: 一汽·大运|0 fnt
|faint|p1a: 一汽·大运
|-hitcount|p1: 一汽·大运|5
|-unboost|p2a: Dragonite|def|1
|-boost|p2a: Dragonite|spe|1
|
|-weather|RainDance|[upkeep]
|upkeep
|
|t:|1779624357
|switch|p1a: 大卫·戴|Pelipper, M|100/100
|turn|6
|
|t:|1779624361
|move|p2a: Dragonite|Scale Shot|p1a: 大卫·戴
|-damage|p1a: 大卫·戴|90/100
|-damage|p1a: 大卫·戴|80/100
|-damage|p1a: 大卫·戴|70/100
|-damage|p1a: 大卫·戴|59/100
|-hitcount|p1a: 大卫·戴|4
|-unboost|p2a: Dragonite|def|1
|-boost|p2a: Dragonite|spe|1
|move|p1a: 大卫·戴|Ice Beam|p2a: Dragonite
|-supereffective|p2a: Dragonite
|-damage|p2a: Dragonite|0 fnt
|faint|p2a: Dragonite
|
|-weather|RainDance|[upkeep]
|upkeep
|
|t:|1779624366
|switch|p2a: Latias|Latias, F, shiny|100/100
|turn|7
|
|t:|1779624371
|move|p2a: Latias|Calm Mind|p2a: Latias
|-boost|p2a: Latias|spa|1
|-boost|p2a: Latias|spd|1
|move|p1a: 大卫·戴|Ice Beam|p2a: Latias
|-supereffective|p2a: Latias
|-damage|p2a: Latias|78/100
|-enditem|p2a: Latias|Weakness Policy
|-boost|p2a: Latias|atk|2|[from] item: Weakness Policy
|-boost|p2a: Latias|spa|2|[from] item: Weakness Policy
|
|-weather|RainDance|[upkeep]
|upkeep
|turn|8
|
|t:|1779624377
|move|p2a: Latias|Calm Mind|p2a: Latias
|-boost|p2a: Latias|spa|1
|-boost|p2a: Latias|spd|1
|move|p1a: 大卫·戴|U-turn|p2a: Latias
|-supereffective|p2a: Latias
|-damage|p2a: Latias|62/100
|
|t:|1779624380
|switch|p1a: 驭雷掣电天尊|Raging Bolt|100/100|[from] U-turn
|-enditem|p1a: 驭雷掣电天尊|Booster Energy
|-activate|p1a: 驭雷掣电天尊|ability: Protosynthesis|[fromitem]
|-start|p1a: 驭雷掣电天尊|protosynthesisspa
|
|-weather|none
|upkeep
|turn|9
|
|t:|1779624387
|-terastallize|p2a: Latias|Poison
|-terastallize|p1a: 驭雷掣电天尊|Fairy
|move|p2a: Latias|Calm Mind|p2a: Latias
|-boost|p2a: Latias|spa|1
|-boost|p2a: Latias|spd|1
|move|p1a: 驭雷掣电天尊|Draco Meteor|p2a: Latias|[miss]
|-miss|p1a: 驭雷掣电天尊|p2a: Latias
|
|upkeep
|turn|10
|
|t:|1779624394
|move|p2a: Latias|Recover|p2a: Latias
|-heal|p2a: Latias|100/100
|move|p1a: 驭雷掣电天尊|Draco Meteor|p2a: Latias
|-damage|p2a: Latias|62/100
|-unboost|p1a: 驭雷掣电天尊|spa|2
|
|upkeep
|turn|11
|
|t:|1779624402
|move|p2a: Latias|Recover|p2a: Latias
|-heal|p2a: Latias|100/100
|move|p1a: 驭雷掣电天尊|Thunderbolt|p2a: Latias
|-crit|p2a: Latias
|-damage|p2a: Latias|0 fnt
|faint|p2a: Latias
|
|upkeep
|c|☆capitalist duck|bruhhhh
|
|t:|1779624411
|switch|p2a: Great Tusk|Great Tusk|100/100
|-enditem|p2a: Great Tusk|Booster Energy
|-activate|p2a: Great Tusk|ability: Protosynthesis|[fromitem]
|-start|p2a: Great Tusk|protosynthesisspe
|turn|12
|c|☆bjls|haha
|
|t:|1779624422
|-end|p1a: 驭雷掣电天尊|Protosynthesis|[silent]
|switch|p1a: 大卫·戴|Pelipper, M|59/100
|-weather|RainDance|[from] ability: Drizzle|[of] p1a: 大卫·戴
|move|p2a: Great Tusk|Bulk Up|p2a: Great Tusk
|-boost|p2a: Great Tusk|atk|1
|-boost|p2a: Great Tusk|def|1
|
|-weather|RainDance|[upkeep]
|upkeep
|turn|13
|
|t:|1779624429
|move|p2a: Great Tusk|Ice Spinner|p1a: 大卫·戴
|-damage|p1a: 大卫·戴|32/100
|move|p1a: 大卫·戴|Weather Ball|p2a: Great Tusk
|-supereffective|p2a: Great Tusk
|-damage|p2a: Great Tusk|0 fnt
|faint|p2a: Great Tusk
|-end|p2a: Great Tusk|Protosynthesis|[silent]
|
|-weather|RainDance|[upkeep]
|upkeep
|
|t:|1779624437
|switch|p2a: Samurott|Samurott-Hisui, F|100/100
|turn|14
|
|t:|1779624440
|move|p2a: Samurott|Swords Dance|p2a: Samurott
|-boost|p2a: Samurott|atk|2
|move|p1a: 大卫·戴|Hurricane|p2a: Samurott
|-damage|p2a: Samurott|45/100
|
|-weather|RainDance|[upkeep]
|upkeep
|turn|15
|
|t:|1779624446
|move|p2a: Samurott|Ceaseless Edge|p1a: 大卫·戴
|-damage|p1a: 大卫·戴|0 fnt
|-sidestart|p1: bjls|Spikes
|faint|p1a: 大卫·戴
|
|-weather|RainDance|[upkeep]
|upkeep
|
|t:|1779624454
|switch|p1a: 帝车超光所向捷|Iron Treads|100/100
|-damage|p1a: 帝车超光所向捷|88/100|[from] Spikes
|-enditem|p1a: 帝车超光所向捷|Booster Energy
|-activate|p1a: 帝车超光所向捷|ability: Quark Drive|[fromitem]
|-start|p1a: 帝车超光所向捷|quarkdrivespe
|turn|16
|
|t:|1779624456
|move|p2a: Samurott|Aqua Jet|p1a: 帝车超光所向捷
|-supereffective|p1a: 帝车超光所向捷
|-damage|p1a: 帝车超光所向捷|0 fnt
|faint|p1a: 帝车超光所向捷
|-end|p1a: 帝车超光所向捷|Quark Drive|[silent]
|
|-weather|RainDance|[upkeep]
|upkeep
|
|t:|1779624459
|switch|p1a: 驭雷掣电天尊|Raging Bolt, tera:Fairy|100/100
|-damage|p1a: 驭雷掣电天尊|88/100|[from] Spikes
|turn|17
|
|t:|1779624465
|move|p2a: Samurott|Razor Shell|p1a: 驭雷掣电天尊
|-crit|p1a: 驭雷掣电天尊
|-damage|p1a: 驭雷掣电天尊|0 fnt
|faint|p1a: 驭雷掣电天尊
|-end|p1a: 驭雷掣电天尊|Protosynthesis|[silent]
|
|-weather|RainDance|[upkeep]
|upkeep
|
|t:|1779624474
|switch|p1a: 万夫莫敌|Kingambit, M|100/100
|-activate|p1a: 万夫莫敌|ability: Supreme Overlord
|-start|p1a: 万夫莫敌|fallen4|[silent]
|-item|p1a: 万夫莫敌|Air Balloon
|turn|18
|
|t:|1779624477
|move|p2a: Samurott|Razor Shell|p1a: 万夫莫敌
|-crit|p1a: 万夫莫敌
|-damage|p1a: 万夫莫敌|0 fnt
|-enditem|p1a: 万夫莫敌|Air Balloon
|faint|p1a: 万夫莫敌
|-end|p1a: 万夫莫敌|fallen4|[silent]
|
|-weather|RainDance|[upkeep]
|upkeep
|
|t:|1779624481
|switch|p1a: 特瓦林|Iron Jugulis|100/100
|-enditem|p1a: 特瓦林|Booster Energy
|-activate|p1a: 特瓦林|ability: Quark Drive|[fromitem]
|-start|p1a: 特瓦林|quarkdrivespe
|turn|19
|
|t:|1779624485
|move|p2a: Samurott|Aqua Jet|p1a: 特瓦林
|-damage|p1a: 特瓦林|19/100
|move|p1a: 特瓦林|Hurricane|p2a: Samurott
|-damage|p2a: Samurott|0 fnt
|faint|p2a: Samurott
|
|-weather|none
|upkeep
|
|t:|1779624488
|switch|p2a: Gholdengo|Gholdengo|78/100
|turn|20
|
|t:|1779624493
|move|p1a: 特瓦林|Dark Pulse|p2a: Gholdengo
|-supereffective|p2a: Gholdengo
|-damage|p2a: Gholdengo|0 fnt
|faint|p2a: Gholdengo
|
|win|bjls
|raw|bjls's rating: 1535 &rarr; <strong>1555</strong><br />(+20 for winning)
|raw|capitalist duck's rating: 1531 &rarr; <strong>1511</strong><br />(-20 for losing)
|l|☆capitalist duck
|player|p2|
|l|☆bjls
|player|p1|
