|j|‽leifohman
|j|☆Jacob14203
|t:|1779626931
|gametype|singles
|player|p1|leifohman|169|1485
|player|p2|Jacob14203|101|1652
|gen|9
|tier|[Gen 9] OU
|rated|
|rule|HP Percentage Mod: HP is shown in percentages
|rule|Endless Battle Clause: Forcing endless battles is banned
|rule|Species Clause: Limit one of each Pokémon
|rule|OHKO Clause: OHKO moves are banned
|rule|Evasion Items Clause: Evasion items are banned
|rule|Evasion Moves Clause: Evasion moves are banned
|rule|Evasion Abilities Clause: Evasion abilities are banned
|rule|Sleep Moves Clause: Sleep-inducing moves are banned
|clearpoke
|poke|p1|Porygon2|
|poke|p1|Dragapult, F|
|poke|p1|Deoxys-Speed|
|poke|p1|Cinderace, M|
|poke|p1|Donphan, M|
|poke|p1|Gengar, M|
|poke|p2|Great Tusk|
|poke|p2|Walking Wake|
|poke|p2|Ninetales, F|
|poke|p2|Raging Bolt|
|poke|p2|Ceruledge, M|
|poke|p2|Hatterene, F|
|teampreview
|inactive|Battle timer is ON: inactive players will automatically lose when time's up. (requested by Jacob14203)
|inactive|leifohman also wants the timer to be on.
|
|t:|1779626939
|teamsize|p1|6
|teamsize|p2|6
|start
|switch|p1a: Gengar|Gengar, M, shiny|100/100
|switch|p2a: Ninetales|Ninetales, F|100/100
|-weather|SunnyDay|[from] ability: Drought|[of] p2a: Ninetales
|turn|1
|
|t:|1779626946
|switch|p2a: Great Tusk|Great Tusk|100/100
|-activate|p2a: Great Tusk|ability: Protosynthesis
|-start|p2a: Great Tusk|protosynthesisspe
|move|p1a: Gengar|Sludge Bomb|p2a: Great Tusk
|-resisted|p2a: Great Tusk
|-damage|p2a: Great Tusk|72/100
|-status|p2a: Great Tusk|psn
|
|-weather|SunnyDay|[upkeep]
|-damage|p2a: Great Tusk|60/100 psn|[from] psn
|upkeep
|turn|2
|
|t:|1779626957
|move|p2a: Great Tusk|Stealth Rock|p1a: Gengar
|-sidestart|p1: leifohman|move: Stealth Rock
|move|p1a: Gengar|Shadow Ball|p2a: Great Tusk
|-damage|p2a: Great Tusk|1/100 psn
|
|-weather|SunnyDay|[upkeep]
|-damage|p2a: Great Tusk|0 fnt|[from] psn
|faint|p2a: Great Tusk
|-end|p2a: Great Tusk|Protosynthesis|[silent]
|upkeep
|
|t:|1779626968
|switch|p2a: Walking Wake|Walking Wake|100/100
|-activate|p2a: Walking Wake|ability: Protosynthesis
|-start|p2a: Walking Wake|protosynthesisspa
|turn|3
|
|t:|1779626981
|move|p1a: Gengar|Sludge Bomb|p2a: Walking Wake
|-damage|p2a: Walking Wake|41/100
|move|p2a: Walking Wake|Hydro Steam|p1a: Gengar
|-enditem|p1a: Gengar|Focus Sash
|-damage|p1a: Gengar|1/100
|-start|p2a: Walking Wake|Disable|Hydro Steam|[from] ability: Cursed Body|[of] p1a: Gengar
|
|-weather|SunnyDay|[upkeep]
|upkeep
|turn|4
|
|t:|1779626993
|-end|p2a: Walking Wake|Protosynthesis|[silent]
|switch|p2a: Raging Bolt|Raging Bolt|100/100
|-activate|p2a: Raging Bolt|ability: Protosynthesis
|-start|p2a: Raging Bolt|protosynthesisspa
|move|p1a: Gengar|Sludge Bomb|p2a: Raging Bolt
|-damage|p2a: Raging Bolt|58/100
|-status|p2a: Raging Bolt|psn
|
|-weather|SunnyDay|[upkeep]
|-damage|p2a: Raging Bolt|46/100 psn|[from] psn
|upkeep
|turn|5
|
|t:|1779627020
|move|p2a: Raging Bolt|Thunderclap||[still]
|-fail|p2a: Raging Bolt
|move|p1a: Gengar|Destiny Bond|p1a: Gengar
|-singlemove|p1a: Gengar|Destiny Bond
|
|-weather|SunnyDay|[upkeep]
|-damage|p2a: Raging Bolt|33/100 psn|[from] psn
|upkeep
|turn|6
|
|t:|1779627029
|move|p2a: Raging Bolt|Thunderclap|p1a: Gengar
|-damage|p1a: Gengar|0 fnt
|-start|p2a: Raging Bolt|Disable|Thunderclap|[from] ability: Cursed Body|[of] p1a: Gengar
|faint|p1a: Gengar
|-activate|p1a: Gengar|move: Destiny Bond
|faint|p2a: Raging Bolt
|-end|p2a: Raging Bolt|Protosynthesis|[silent]
|
|-weather|SunnyDay|[upkeep]
|upkeep
|inactive|leifohman has 120 seconds left.
|inactive|leifohman has 90 seconds left.
|
|t:|1779627076
|switch|p1a: Porygon2|Porygon2, shiny|100/100
|switch|p2a: Ceruledge|Ceruledge, M|100/100
|-damage|p1a: Porygon2|88/100|[from] Stealth Rock
|-ability|p1a: Porygon2|Weak Armor|Trace|[from] ability: Trace|[of] p2a: Ceruledge
|turn|7
|inactive|leifohman has 90 seconds left.
|
|t:|1779627089
|move|p2a: Ceruledge|Swords Dance|p2a: Ceruledge
|-boost|p2a: Ceruledge|atk|2
|move|p1a: Porygon2|Shadow Ball|p2a: Ceruledge
|-supereffective|p2a: Ceruledge
|-damage|p2a: Ceruledge|52/100
|
|-weather|SunnyDay|[upkeep]
|upkeep
|turn|8
|inactive|leifohman has 90 seconds left.
|
|t:|1779627123
|move|p2a: Ceruledge|Bitter Blade|p1a: Porygon2
|-crit|p1a: Porygon2
|-damage|p1a: Porygon2|0 fnt
|-heal|p2a: Ceruledge|100/100|[from] drain|[of] p1a: Porygon2
|faint|p1a: Porygon2
|
|-weather|none
|upkeep
|inactive|leifohman has 60 seconds left.
|
|t:|1779627147
|switch|p1a: Donphan|Donphan, M, shiny|100/100
|turn|9
|
|t:|1779627155
|move|p2a: Ceruledge|Bitter Blade|p1a: Donphan
|-crit|p1a: Donphan
|-damage|p1a: Donphan|3/100
|move|p1a: Donphan|Earthquake|p2a: Ceruledge
|-supereffective|p2a: Ceruledge
|-enditem|p2a: Ceruledge|Focus Sash
|-damage|p2a: Ceruledge|1/100
|-ability|p2a: Ceruledge|Weak Armor|boost
|-unboost|p2a: Ceruledge|def|1
|-boost|p2a: Ceruledge|spe|2
|
|upkeep
|turn|10
|
|t:|1779627167
|move|p1a: Donphan|Ice Shard|p2a: Ceruledge
|-resisted|p2a: Ceruledge
|-damage|p2a: Ceruledge|0 fnt
|faint|p2a: Ceruledge
|
|upkeep
|
|t:|1779627171
|switch|p2a: Ninetales|Ninetales, F|100/100
|-weather|SunnyDay|[from] ability: Drought|[of] p2a: Ninetales
|turn|11
|
|t:|1779627194
|move|p1a: Donphan|Ice Shard|p2a: Ninetales
|-resisted|p2a: Ninetales
|-damage|p2a: Ninetales|91/100
|move|p2a: Ninetales|Weather Ball|p1a: Donphan
|-damage|p1a: Donphan|0 fnt
|faint|p1a: Donphan
|
|-weather|SunnyDay|[upkeep]
|upkeep
|inactive|leifohman has 60 seconds left.
|
|t:|1779627207
|switch|p1a: Cinderace|Cinderace, M, shiny|100/100
|turn|12
|
|t:|1779627214
|move|p1a: Cinderace|Pyro Ball|p2a: Ninetales
|-resisted|p2a: Ninetales
|-damage|p2a: Ninetales|38/100
|move|p2a: Ninetales|Encore|p1a: Cinderace
|-start|p1a: Cinderace|Encore
|
|-weather|SunnyDay|[upkeep]
|upkeep
|turn|13
|
|t:|1779627223
|move|p1a: Cinderace|Pyro Ball|p2a: Ninetales|[miss]
|-miss|p1a: Cinderace|p2a: Ninetales
|move|p2a: Ninetales|Healing Wish|p2a: Ninetales
|faint|p2a: Ninetales
|
|-weather|SunnyDay|[upkeep]
|upkeep
|
|t:|1779627226
|switch|p2a: Walking Wake|Walking Wake|41/100
|-heal|p2a: Walking Wake|100/100|[from] move: Healing Wish
|-activate|p2a: Walking Wake|ability: Protosynthesis
|-start|p2a: Walking Wake|protosynthesisspa
|turn|14
|inactive|leifohman has 60 seconds left.
|
|t:|1779627278
|move|p1a: Cinderace|Pyro Ball|p2a: Walking Wake|[miss]
|-miss|p1a: Cinderace|p2a: Walking Wake
|move|p2a: Walking Wake|Dragon Pulse|p1a: Cinderace
|-damage|p1a: Cinderace|0 fnt
|faint|p1a: Cinderace
|
|-weather|SunnyDay|[upkeep]
|upkeep
|inactive|leifohman has 30 seconds left.
|inactive|leifohman has 20 seconds left.
|inactive|leifohman has 15 seconds left.
|
|t:|1779627305
|switch|p1a: Deoxys|Deoxys-Speed, shiny|100/100
|-damage|p1a: Deoxys|88/100|[from] Stealth Rock
|-ability|p1a: Deoxys|Pressure
|turn|15
|inactive|leifohman has 25 seconds left this turn.
|inactive|leifohman has 20 seconds left.
|inactive|leifohman has 15 seconds left.
|inactive|leifohman has 10 seconds left.
|
|t:|1779627327
|-end|p2a: Walking Wake|Protosynthesis|[silent]
|switch|p2a: Hatterene|Hatterene, F|100/100
|move|p1a: Deoxys|Knock Off|p2a: Hatterene
|-damage|p2a: Hatterene|67/100
|-enditem|p2a: Hatterene|Eject Button|[from] move: Knock Off|[of] p1a: Deoxys
|-damage|p1a: Deoxys|78/100|[from] item: Life Orb
|
|-weather|SunnyDay|[upkeep]
|upkeep
|turn|16
|inactive|leifohman has 20 seconds left this turn.
|inactive|leifohman has 15 seconds left.
|inactive|leifohman has 10 seconds left.
|inactive|leifohman has 5 seconds left.
|
|t:|1779627343
|move|p1a: Deoxys|Ice Beam|p2a: Hatterene
|-damage|p2a: Hatterene|39/100
|-damage|p1a: Deoxys|68/100|[from] item: Life Orb
|move|p2a: Hatterene|Mystical Fire|p1a: Deoxys
|-damage|p1a: Deoxys|0 fnt
|faint|p1a: Deoxys
|
|-weather|SunnyDay|[upkeep]
|upkeep
|inactive|leifohman has 10 seconds left this turn.
|inactive|leifohman has 5 seconds left.
|
|t:|1779627349
|switch|p1a: Dragapult|Dragapult, F, shiny|100/100
|-damage|p1a: Dragapult|88/100|[from] Stealth Rock
|turn|17
|inactive|leifohman has 15 seconds left this turn.
|inactive|leifohman has 10 seconds left.
|
|t:|1779627357
|-terastallize|p1a: Dragapult|Ghost
|move|p1a: Dragapult|Shadow Ball|p2a: Hatterene
|-supereffective|p2a: Hatterene
|-damage|p2a: Hatterene|0 fnt
|faint|p2a: Hatterene
|
|-weather|SunnyDay|[upkeep]
|upkeep
|
|t:|1779627362
|switch|p2a: Walking Wake|Walking Wake|100/100
|-activate|p2a: Walking Wake|ability: Protosynthesis
|-start|p2a: Walking Wake|protosynthesisspa
|turn|18
|inactive|leifohman has 25 seconds left this turn.
|
|t:|1779627366
|-terastallize|p2a: Walking Wake|Water
|move|p1a: Dragapult|Shadow Ball|p2a: Walking Wake
|-damage|p2a: Walking Wake|20/100
|move|p2a: Walking Wake|Hydro Steam|p1a: Dragapult
|-damage|p1a: Dragapult|0 fnt
|faint|p1a: Dragapult
|
|win|Jacob14203
|raw|leifohman's rating: 1485 &rarr; <strong>1474</strong><br />(-11 for losing)
|raw|Jacob14203's rating: 1652 &rarr; <strong>1663</strong><br />(+11 for winning)
|l|‽leifohman
|player|p1|
|l|☆Jacob14203
|player|p2|
