|j|☆GrandSagePatate
|j|☆Ramdilidamdam
|t:|1779720168
|gametype|singles
|player|p1|GrandSagePatate|twins-gen4dp|1274
|player|p2|Ramdilidamdam|nate|1353
|gen|9
|tier|[Gen 9] OU
|rated|
|rule|HP Percentage Mod: HP is shown in percentages
|rule|Endless Battle Clause: Forcing endless battles is banned
|rule|Species Clause: Limit one of each Pokémon
|rule|OHKO Clause: OHKO moves are banned
|rule|Evasion Items Clause: Evasion items are banned
|rule|Evasion Moves Clause: Evasion moves are banned
|rule|Evasion Abilities Clause: Evasion abilities are banned
|rule|Sleep Moves Clause: Sleep-inducing moves are banned
|clearpoke
|poke|p1|Kingambit, M|
|poke|p1|Corviknight, M|
|poke|p1|Darkrai|
|poke|p1|Landorus-Therian, M|
|poke|p1|Cottonee, L1, F|
|poke|p1|Jirachi|
|poke|p2|Araquanid, F|
|poke|p2|Gholdengo|
|poke|p2|Iron Valiant|
|poke|p2|Raging Bolt|
|poke|p2|Kingambit, F|
|poke|p2|Great Tusk|
|teampreview
|
|t:|1779720187
|teamsize|p1|6
|teamsize|p2|6
|start
|switch|p1a: Jirachi|Jirachi, shiny|100/100
|switch|p2a: Araquanid|Araquanid, F|100/100
|turn|1
|inactive|Battle timer is ON: inactive players will automatically lose when time's up. (requested by GrandSagePatate)
|
|t:|1779720195
|move|p1a: Jirachi|U-turn|p2a: Araquanid
|-damage|p2a: Araquanid|81/100
|-enditem|p2a: Araquanid|Red Card|[of] p1a: Jirachi
|drag|p1a: Kingambit|Kingambit, M, shiny|100/100
|move|p2a: Araquanid|Sticky Web|p1a: Kingambit
|-sidestart|p1: GrandSagePatate|move: Sticky Web
|
|upkeep
|turn|2
|
|t:|1779720212
|move|p1a: Kingambit|Swords Dance|p1a: Kingambit
|-boost|p1a: Kingambit|atk|2
|move|p2a: Araquanid|Infestation|p1a: Kingambit
|-damage|p1a: Kingambit|95/100
|-activate|p1a: Kingambit|move: Infestation|[of] p2a: Araquanid
|
|-heal|p1a: Kingambit|100/100|[from] item: Leftovers
|-damage|p1a: Kingambit|88/100|[from] move: Infestation|[partiallytrapped]
|upkeep
|turn|3
|
|t:|1779720222
|move|p1a: Kingambit|Swords Dance|p1a: Kingambit
|-boost|p1a: Kingambit|atk|2
|move|p2a: Araquanid|Liquidation|p1a: Kingambit
|-damage|p1a: Kingambit|51/100
|
|-heal|p1a: Kingambit|57/100|[from] item: Leftovers
|-damage|p1a: Kingambit|45/100|[from] move: Infestation|[partiallytrapped]
|upkeep
|turn|4
|
|t:|1779720232
|move|p1a: Kingambit|Kowtow Cleave|p2a: Araquanid
|-damage|p2a: Araquanid|0 fnt
|faint|p2a: Araquanid
|
|-heal|p1a: Kingambit|51/100|[from] item: Leftovers
|-end|p1a: Kingambit|Infestation|[partiallytrapped]|[silent]
|upkeep
|
|t:|1779720239
|switch|p2a: Great Tusk|Great Tusk|100/100
|-enditem|p2a: Great Tusk|Booster Energy
|-activate|p2a: Great Tusk|ability: Protosynthesis|[fromitem]
|-start|p2a: Great Tusk|protosynthesisatk
|turn|5
|
|t:|1779720256
|-terastallize|p1a: Kingambit|Ghost
|move|p2a: Great Tusk|Bulk Up|p2a: Great Tusk
|-boost|p2a: Great Tusk|atk|1
|-boost|p2a: Great Tusk|def|1
|move|p1a: Kingambit|Iron Head|p2a: Great Tusk
|-damage|p2a: Great Tusk|34/100
|
|-heal|p1a: Kingambit|57/100|[from] item: Leftovers
|upkeep
|turn|6
|
|t:|1779720267
|move|p1a: Kingambit|Sucker Punch|p2a: Great Tusk
|-resisted|p2a: Great Tusk
|-damage|p2a: Great Tusk|6/100
|move|p2a: Great Tusk|Headlong Rush|p1a: Kingambit
|-damage|p1a: Kingambit|0 fnt
|-unboost|p2a: Great Tusk|def|1
|-unboost|p2a: Great Tusk|spd|1
|faint|p1a: Kingambit
|-end|p1a: Kingambit|fallenundefined|[silent]
|
|upkeep
|
|t:|1779720284
|switch|p1a: Landorus|Landorus-Therian, M, shiny|100/100
|-ability|p1a: Landorus|Intimidate|boost
|-unboost|p2a: Great Tusk|atk|1
|turn|7
|
|t:|1779720288
|move|p1a: Landorus|U-turn|p2a: Great Tusk
|-resisted|p2a: Great Tusk
|-damage|p2a: Great Tusk|0 fnt
|faint|p2a: Great Tusk
|-end|p2a: Great Tusk|Protosynthesis|[silent]
|
|t:|1779720291
|switch|p1a: Corviknight|Corviknight, M, shiny|100/100|[from] U-turn
|
|upkeep
|
|t:|1779720296
|switch|p2a: Raging Bolt|Raging Bolt|100/100
|-enditem|p2a: Raging Bolt|Booster Energy
|-activate|p2a: Raging Bolt|ability: Protosynthesis|[fromitem]
|-start|p2a: Raging Bolt|protosynthesisspa
|turn|8
|
|t:|1779720302
|switch|p1a: Landorus|Landorus-Therian, M, shiny|100/100
|-ability|p1a: Landorus|Intimidate|boost
|-unboost|p2a: Raging Bolt|atk|1
|move|p2a: Raging Bolt|Calm Mind|p2a: Raging Bolt
|-boost|p2a: Raging Bolt|spa|1
|-boost|p2a: Raging Bolt|spd|1
|
|upkeep
|turn|9
|
|t:|1779720327
|-terastallize|p2a: Raging Bolt|Ghost
|move|p1a: Landorus|Earthquake|p2a: Raging Bolt
|-damage|p2a: Raging Bolt|51/100
|move|p2a: Raging Bolt|Dragon Pulse|p1a: Landorus
|-damage|p1a: Landorus|0 fnt
|faint|p1a: Landorus
|
|upkeep
|
|t:|1779720337
|switch|p1a: Cottonee|Cottonee, L1, F, shiny|100/100
|-activate|p1a: Cottonee|move: Sticky Web
|-unboost|p1a: Cottonee|spe|1
|turn|10
|
|t:|1779720343
|move|p2a: Raging Bolt|Thunderclap||[still]
|-fail|p2a: Raging Bolt
|move|p1a: Cottonee|Leech Seed|p2a: Raging Bolt
|-start|p2a: Raging Bolt|move: Leech Seed
|
|-damage|p2a: Raging Bolt|39/100|[from] Leech Seed|[of] p1a: Cottonee
|upkeep
|turn|11
|
|t:|1779720352
|move|p1a: Cottonee|Encore|p2a: Raging Bolt
|-start|p2a: Raging Bolt|Encore
|move|p2a: Raging Bolt|Thunderclap||[still]
|-fail|p2a: Raging Bolt
|
|-damage|p2a: Raging Bolt|27/100|[from] Leech Seed|[of] p1a: Cottonee
|upkeep
|turn|12
|
|t:|1779720360
|-end|p2a: Raging Bolt|Protosynthesis|[silent]
|switch|p2a: Gholdengo|Gholdengo|100/100
|-item|p2a: Gholdengo|Air Balloon
|move|p1a: Cottonee|Substitute|p1a: Cottonee
|-start|p1a: Cottonee|Substitute
|-damage|p1a: Cottonee|75/100
|
|upkeep
|turn|13
|
|t:|1779720369
|move|p1a: Cottonee|Leech Seed|p2a: Gholdengo
|-immune|p2a: Gholdengo|[from] ability: Good as Gold
|move|p2a: Gholdengo|Shadow Ball|p1a: Cottonee
|-end|p1a: Cottonee|Substitute
|
|upkeep
|turn|14
|
|t:|1779720378
|switch|p1a: Corviknight|Corviknight, M, shiny|100/100
|move|p2a: Gholdengo|Nasty Plot|p2a: Gholdengo
|-boost|p2a: Gholdengo|spa|2
|
|upkeep
|turn|15
|
|t:|1779720388
|move|p2a: Gholdengo|Shadow Ball|p1a: Corviknight
|-damage|p1a: Corviknight|35/100
|move|p1a: Corviknight|U-turn|p2a: Gholdengo
|-resisted|p2a: Gholdengo
|-damage|p2a: Gholdengo|96/100
|-enditem|p2a: Gholdengo|Air Balloon
|
|t:|1779720394
|switch|p1a: Darkrai|Darkrai|100/100|[from] U-turn
|-activate|p1a: Darkrai|move: Sticky Web
|-unboost|p1a: Darkrai|spe|1
|
|upkeep
|turn|16
|
|t:|1779720403
|move|p2a: Gholdengo|Make It Rain|p1a: Darkrai
|-damage|p1a: Darkrai|0 fnt
|-unboost|p2a: Gholdengo|spa|1
|faint|p1a: Darkrai
|
|upkeep
|
|t:|1779720410
|switch|p1a: Jirachi|Jirachi, shiny|100/100
|-activate|p1a: Jirachi|move: Sticky Web
|-unboost|p1a: Jirachi|spe|1
|turn|17
|
|t:|1779720420
|move|p1a: Jirachi|Iron Head|p2a: Gholdengo
|-resisted|p2a: Gholdengo
|-damage|p2a: Gholdengo|77/100
|cant|p2a: Gholdengo|flinch
|
|upkeep
|turn|18
|
|t:|1779720426
|move|p1a: Jirachi|Iron Head|p2a: Gholdengo
|-resisted|p2a: Gholdengo
|-damage|p2a: Gholdengo|58/100
|cant|p2a: Gholdengo|flinch
|
|upkeep
|turn|19
|
|t:|1779720438
|switch|p2a: Kingambit|Kingambit, F|100/100
|-activate|p2a: Kingambit|ability: Supreme Overlord
|-start|p2a: Kingambit|fallen2|[silent]
|-item|p2a: Kingambit|Air Balloon
|move|p1a: Jirachi|Iron Head|p2a: Kingambit
|-resisted|p2a: Kingambit
|-damage|p2a: Kingambit|86/100
|-enditem|p2a: Kingambit|Air Balloon
|
|upkeep
|turn|20
|
|t:|1779720450
|switch|p1a: Corviknight|Corviknight, M, shiny|35/100
|move|p2a: Kingambit|Sucker Punch||[still]
|-fail|p2a: Kingambit
|
|upkeep
|turn|21
|
|t:|1779720456
|move|p2a: Kingambit|Kowtow Cleave|p1a: Corviknight
|-crit|p1a: Corviknight
|-damage|p1a: Corviknight|0 fnt
|-damage|p2a: Kingambit|70/100|[from] item: Rocky Helmet|[of] p1a: Corviknight
|faint|p1a: Corviknight
|
|upkeep
|
|t:|1779720459
|switch|p1a: Cottonee|Cottonee, L1, F, shiny|75/100
|-activate|p1a: Cottonee|move: Sticky Web
|-unboost|p1a: Cottonee|spe|1
|turn|22
|
|t:|1779720466
|move|p1a: Cottonee|Substitute|p1a: Cottonee
|-start|p1a: Cottonee|Substitute
|-damage|p1a: Cottonee|50/100
|move|p2a: Kingambit|Iron Head|p1a: Cottonee
|-supereffective|p1a: Cottonee
|-end|p1a: Cottonee|Substitute
|
|upkeep
|turn|23
|
|t:|1779720480
|-end|p2a: Kingambit|fallen2|[silent]
|switch|p2a: Gholdengo|Gholdengo|58/100
|move|p1a: Cottonee|Endeavor|p2a: Gholdengo
|-immune|p2a: Gholdengo
|
|upkeep
|turn|24
|
|t:|1779720493
|switch|p1a: Jirachi|Jirachi, shiny|100/100
|-activate|p1a: Jirachi|move: Sticky Web
|-unboost|p1a: Jirachi|spe|1
|move|p2a: Gholdengo|Shadow Ball|p1a: Jirachi
|-supereffective|p1a: Jirachi
|-damage|p1a: Jirachi|18/100
|
|upkeep
|turn|25
|
|t:|1779720502
|switch|p2a: Kingambit|Kingambit, F|70/100
|-activate|p2a: Kingambit|ability: Supreme Overlord
|-start|p2a: Kingambit|fallen2|[silent]
|move|p1a: Jirachi|Iron Head|p2a: Kingambit
|-resisted|p2a: Kingambit
|-damage|p2a: Kingambit|54/100
|
|upkeep
|turn|26
|-message|GrandSagePatate forfeited.
|
|win|Ramdilidamdam
|raw|GrandSagePatate's rating: 1274 &rarr; <strong>1255</strong><br />(-19 for losing)
|raw|Ramdilidamdam's rating: 1353 &rarr; <strong>1369</strong><br />(+16 for winning)
|l|☆GrandSagePatate
|player|p1|
|l|☆Ramdilidamdam
|player|p2|
