|j|☆AltinaPancake
|j|☆El-Lindo
|t:|1779619178
|gametype|singles
|player|p1|AltinaPancake|dawn|1166
|player|p2|El-Lindo|266|1151
|gen|9
|tier|[Gen 9] OU
|rated|
|rule|HP Percentage Mod: HP is shown in percentages
|rule|Endless Battle Clause: Forcing endless battles is banned
|rule|Species Clause: Limit one of each Pokémon
|rule|OHKO Clause: OHKO moves are banned
|rule|Evasion Items Clause: Evasion items are banned
|rule|Evasion Moves Clause: Evasion moves are banned
|rule|Evasion Abilities Clause: Evasion abilities are banned
|rule|Sleep Moves Clause: Sleep-inducing moves are banned
|clearpoke
|poke|p1|Ninetales-Alola, F|
|poke|p1|Glaceon, F|
|poke|p1|Great Tusk|
|poke|p1|Heatran, F|
|poke|p1|Dragapult, M|
|poke|p1|Toxapex, M|
|poke|p2|Iron Moth|
|poke|p2|Gliscor, F|
|poke|p2|Hatterene, F|
|poke|p2|Ogerpon-Wellspring, F|
|poke|p2|Raging Bolt|
|poke|p2|Zamazenta-*|
|teampreview
|
|t:|1779619194
|teamsize|p1|6
|teamsize|p2|6
|start
|switch|p1a: Ninetales|Ninetales-Alola, F|100/100
|switch|p2a: Gliscor|Gliscor, F|100/100
|-weather|Snowscape|[from] ability: Snow Warning|[of] p1a: Ninetales
|turn|1
|
|t:|1779619215
|switch|p2a: Zamazenta|Zamazenta|100/100
|-ability|p2a: Zamazenta|Dauntless Shield|boost
|-boost|p2a: Zamazenta|def|1
|move|p1a: Ninetales|Aurora Veil|p1a: Ninetales
|-sidestart|p1: AltinaPancake|move: Aurora Veil
|
|-weather|Snowscape|[upkeep]
|upkeep
|turn|2
|
|t:|1779619231
|switch|p1a: Toxapex|Toxapex, M|100/100
|move|p2a: Zamazenta|Close Combat|p1a: Toxapex
|-resisted|p1a: Toxapex
|-damage|p1a: Toxapex|93/100
|-unboost|p2a: Zamazenta|def|1
|-unboost|p2a: Zamazenta|spd|1
|
|-weather|Snowscape|[upkeep]
|-heal|p1a: Toxapex|99/100|[from] item: Leftovers
|upkeep
|turn|3
|inactive|Battle timer is ON: inactive players will automatically lose when time's up. (requested by AltinaPancake)
|
|t:|1779619259
|switch|p1a: Cutiepie|Glaceon, F, shiny|100/100
|move|p2a: Zamazenta|Light Screen|p2a: Zamazenta
|-sidestart|p2: El-Lindo|move: Light Screen
|
|-weather|Snowscape|[upkeep]
|upkeep
|turn|4
|inactive|El-Lindo has 120 seconds left.
|
|t:|1779619292
|move|p2a: Zamazenta|Reflect|p2a: Zamazenta
|-sidestart|p2: El-Lindo|Reflect
|move|p1a: Cutiepie|Alluring Voice|p2a: Zamazenta
|-supereffective|p2a: Zamazenta
|-damage|p2a: Zamazenta|48/100
|
|-weather|Snowscape|[upkeep]
|upkeep
|turn|5
|
|t:|1779619297
|move|p2a: Zamazenta|Close Combat|p1a: Cutiepie
|-supereffective|p1a: Cutiepie
|-damage|p1a: Cutiepie|69/100
|-unboost|p2a: Zamazenta|def|1
|-unboost|p2a: Zamazenta|spd|1
|move|p1a: Cutiepie|Alluring Voice|p2a: Zamazenta
|-supereffective|p2a: Zamazenta
|-damage|p2a: Zamazenta|0 fnt
|faint|p2a: Zamazenta
|
|-weather|none
|upkeep
|
|t:|1779619301
|switch|p2a: Iron Moth|Iron Moth|100/100
|-enditem|p2a: Iron Moth|Booster Energy
|-activate|p2a: Iron Moth|ability: Quark Drive|[fromitem]
|-start|p2a: Iron Moth|quarkdrivespe
|turn|6
|
|t:|1779619313
|switch|p1a: Toxapex|Toxapex, M|100/100
|move|p2a: Iron Moth|Fiery Dance|p1a: Toxapex
|-resisted|p1a: Toxapex
|-damage|p1a: Toxapex|92/100
|
|-heal|p1a: Toxapex|99/100|[from] item: Leftovers
|upkeep
|turn|7
|
|t:|1779619320
|move|p1a: Toxapex|Surf|p2a: Iron Moth
|-supereffective|p2a: Iron Moth
|-damage|p2a: Iron Moth|83/100
|move|p2a: Iron Moth|Whirlwind|p1a: Toxapex
|drag|p1a: Ninetales|Ninetales-Alola, F|100/100
|-weather|Snowscape|[from] ability: Snow Warning|[of] p1a: Ninetales
|
|-weather|Snowscape|[upkeep]
|upkeep
|turn|8
|
|t:|1779619325
|move|p2a: Iron Moth|Fiery Dance|p1a: Ninetales
|-supereffective|p1a: Ninetales
|-crit|p1a: Ninetales
|-damage|p1a: Ninetales|0 fnt
|-boost|p2a: Iron Moth|spa|1
|faint|p1a: Ninetales
|
|-weather|Snowscape|[upkeep]
|-sideend|p1: AltinaPancake|move: Aurora Veil
|upkeep
|
|t:|1779619330
|switch|p1a: Heatran|Heatran, F|100/100
|turn|9
|
|t:|1779619339
|move|p1a: Heatran|Magma Storm|p2a: Iron Moth|[miss]
|-miss|p1a: Heatran|p2a: Iron Moth
|move|p2a: Iron Moth|Whirlwind|p1a: Heatran
|drag|p1a: Great Tusk|Great Tusk|100/100
|
|-weather|Snowscape|[upkeep]
|upkeep
|turn|10
|
|t:|1779619344
|move|p2a: Iron Moth|Fiery Dance|p1a: Great Tusk
|-damage|p1a: Great Tusk|12/100
|-boost|p2a: Iron Moth|spa|1
|move|p1a: Great Tusk|Earthquake|p2a: Iron Moth
|-supereffective|p2a: Iron Moth
|-damage|p2a: Iron Moth|0 fnt
|faint|p2a: Iron Moth
|-end|p2a: Iron Moth|Quark Drive|[silent]
|
|-weather|Snowscape|[upkeep]
|-heal|p1a: Great Tusk|18/100|[from] item: Leftovers
|-sideend|p2: El-Lindo|move: Light Screen
|upkeep
|
|t:|1779619355
|switch|p2a: Gliscor|Gliscor, F|100/100
|turn|11
|
|t:|1779619357
|move|p1a: Great Tusk|Knock Off|p2a: Gliscor
|-damage|p2a: Gliscor|88/100
|-enditem|p2a: Gliscor|Toxic Orb|[from] move: Knock Off|[of] p1a: Great Tusk
|move|p2a: Gliscor|Agility|p2a: Gliscor
|-boost|p2a: Gliscor|spe|2
|
|-weather|none
|-heal|p1a: Great Tusk|24/100|[from] item: Leftovers
|-sideend|p2: El-Lindo|Reflect
|upkeep
|turn|12
|
|t:|1779619365
|move|p2a: Gliscor|Facade|p1a: Great Tusk
|-damage|p1a: Great Tusk|10/100
|move|p1a: Great Tusk|Stealth Rock|p2a: Gliscor
|-sidestart|p2: El-Lindo|move: Stealth Rock
|
|-heal|p1a: Great Tusk|16/100|[from] item: Leftovers
|upkeep
|turn|13
|
|t:|1779619384
|-end|p1a: Great Tusk|Protosynthesis|[silent]
|switch|p1a: Toxapex|Toxapex, M|100/100
|move|p2a: Gliscor|Swords Dance|p2a: Gliscor
|-boost|p2a: Gliscor|atk|2
|
|upkeep
|turn|14
|
|t:|1779619387
|move|p2a: Gliscor|Earthquake|p1a: Toxapex
|-supereffective|p1a: Toxapex
|-damage|p1a: Toxapex|0 fnt
|faint|p1a: Toxapex
|
|upkeep
|
|t:|1779619391
|switch|p1a: Dragapult|Dragapult, M|100/100
|turn|15
|
|t:|1779619399
|move|p2a: Gliscor|Earthquake|p1a: Dragapult
|-damage|p1a: Dragapult|0 fnt
|faint|p1a: Dragapult
|
|upkeep
|
|t:|1779619403
|switch|p1a: Cutiepie|Glaceon, F, shiny|69/100
|turn|16
|
|t:|1779619409
|-terastallize|p2a: Gliscor|Normal
|move|p2a: Gliscor|Facade|p1a: Cutiepie
|-damage|p1a: Cutiepie|7/100
|move|p1a: Cutiepie|Blizzard|p2a: Gliscor
|-damage|p2a: Gliscor|0 fnt
|faint|p2a: Gliscor
|
|upkeep
|
|t:|1779619413
|switch|p2a: Hatterene|Hatterene, F|100/100
|-damage|p2a: Hatterene|88/100|[from] Stealth Rock
|turn|17
|
|t:|1779619418
|move|p1a: Cutiepie|Blizzard|p2a: Hatterene
|-damage|p2a: Hatterene|0 fnt
|faint|p2a: Hatterene
|
|upkeep
|
|t:|1779619422
|switch|p2a: Ogerpon|Ogerpon-Wellspring, F|100/100
|-damage|p2a: Ogerpon|88/100|[from] Stealth Rock
|turn|18
|
|t:|1779619424
|move|p2a: Ogerpon|Trailblaze|p1a: Cutiepie
|-damage|p1a: Cutiepie|0 fnt
|-boost|p2a: Ogerpon|spe|1
|faint|p1a: Cutiepie
|
|upkeep
|
|t:|1779619434
|switch|p1a: Heatran|Heatran, F|100/100
|turn|19
|
|t:|1779619440
|-terastallize|p1a: Heatran|Grass
|move|p2a: Ogerpon|Ivy Cudgel|p1a: Heatran|[anim] Ivy Cudgel Water
|-resisted|p1a: Heatran
|-damage|p1a: Heatran|73/100
|move|p1a: Heatran|Magma Storm|p2a: Ogerpon
|-damage|p2a: Ogerpon|39/100
|-activate|p2a: Ogerpon|move: Magma Storm|[of] p1a: Heatran
|
|-heal|p1a: Heatran|80/100|[from] item: Leftovers
|-damage|p2a: Ogerpon|27/100|[from] move: Magma Storm|[partiallytrapped]
|upkeep
|turn|20
|
|t:|1779619455
|move|p1a: Heatran|Protect|p1a: Heatran
|-singleturn|p1a: Heatran|Protect
|move|p2a: Ogerpon|Trailblaze|p1a: Heatran
|-activate|p1a: Heatran|move: Protect
|
|-heal|p1a: Heatran|86/100|[from] item: Leftovers
|-damage|p2a: Ogerpon|14/100|[from] move: Magma Storm|[partiallytrapped]
|upkeep
|turn|21
|
|t:|1779619460
|move|p2a: Ogerpon|Trailblaze|p1a: Heatran
|-resisted|p1a: Heatran
|-damage|p1a: Heatran|72/100
|-boost|p2a: Ogerpon|spe|1
|move|p1a: Heatran|Earth Power|p2a: Ogerpon
|-resisted|p2a: Ogerpon
|-damage|p2a: Ogerpon|0 fnt
|faint|p2a: Ogerpon
|
|-heal|p1a: Heatran|78/100|[from] item: Leftovers
|upkeep
|
|t:|1779619464
|switch|p2a: Raging Bolt|Raging Bolt|100/100
|-damage|p2a: Raging Bolt|88/100|[from] Stealth Rock
|-enditem|p2a: Raging Bolt|Booster Energy
|-activate|p2a: Raging Bolt|ability: Protosynthesis|[fromitem]
|-start|p2a: Raging Bolt|protosynthesisspa
|turn|22
|
|t:|1779619472
|move|p1a: Heatran|Protect|p1a: Heatran
|-singleturn|p1a: Heatran|Protect
|move|p2a: Raging Bolt|Dragon Pulse|p1a: Heatran
|-activate|p1a: Heatran|move: Protect
|
|-heal|p1a: Heatran|85/100|[from] item: Leftovers
|upkeep
|turn|23
|
|t:|1779619477
|move|p2a: Raging Bolt|Dragon Pulse|p1a: Heatran
|-damage|p1a: Heatran|47/100
|move|p1a: Heatran|Earth Power|p2a: Raging Bolt
|-supereffective|p2a: Raging Bolt
|-damage|p2a: Raging Bolt|36/100
|
|-heal|p1a: Heatran|54/100|[from] item: Leftovers
|upkeep
|turn|24
|
|t:|1779619482
|move|p1a: Heatran|Protect|p1a: Heatran
|-singleturn|p1a: Heatran|Protect
|move|p2a: Raging Bolt|Thunderbolt|p1a: Heatran
|-activate|p1a: Heatran|move: Protect
|
|-heal|p1a: Heatran|60/100|[from] item: Leftovers
|upkeep
|turn|25
|
|t:|1779619486
|move|p2a: Raging Bolt|Thunderbolt|p1a: Heatran
|-resisted|p1a: Heatran
|-damage|p1a: Heatran|38/100
|-status|p1a: Heatran|par
|cant|p1a: Heatran|par
|
|-heal|p1a: Heatran|45/100 par|[from] item: Leftovers
|upkeep
|turn|26
|
|t:|1779619494
|move|p2a: Raging Bolt|Thunderbolt|p1a: Heatran
|-resisted|p1a: Heatran
|-damage|p1a: Heatran|25/100 par
|move|p1a: Heatran|Earth Power|p2a: Raging Bolt
|-supereffective|p2a: Raging Bolt
|-damage|p2a: Raging Bolt|0 fnt
|faint|p2a: Raging Bolt
|-end|p2a: Raging Bolt|Protosynthesis|[silent]
|
|win|AltinaPancake
|raw|AltinaPancake's rating: 1166 &rarr; <strong>1190</strong><br />(+24 for winning)
|raw|El-Lindo's rating: 1151 &rarr; <strong>1127</strong><br />(-24 for losing)
|l|☆El-Lindo
|player|p2|
|l|☆AltinaPancake
|player|p1|
