|j|☆Purple Amoonguss
|j|☆chillncurry
|t:|1779701965
|gametype|singles
|player|p1|Purple Amoonguss|pokemonbreederf|1659
|player|p2|chillncurry|aromalady|1591
|gen|9
|tier|[Gen 9] OU
|rated|
|rule|HP Percentage Mod: HP is shown in percentages
|rule|Endless Battle Clause: Forcing endless battles is banned
|rule|Species Clause: Limit one of each Pokémon
|rule|OHKO Clause: OHKO moves are banned
|rule|Evasion Items Clause: Evasion items are banned
|rule|Evasion Moves Clause: Evasion moves are banned
|rule|Evasion Abilities Clause: Evasion abilities are banned
|rule|Sleep Moves Clause: Sleep-inducing moves are banned
|clearpoke
|poke|p1|Gliscor, F|
|poke|p1|Heatran, M|
|poke|p1|Sinistcha|
|poke|p1|Corviknight, M|
|poke|p1|Tentacruel, M|
|poke|p1|Darkrai|
|poke|p2|Raging Bolt|
|poke|p2|Ogerpon, F|
|poke|p2|Gholdengo|
|poke|p2|Landorus-Therian, M|
|poke|p2|Great Tusk|
|poke|p2|Primarina, F|
|teampreview
|inactive|Battle timer is ON: inactive players will automatically lose when time's up. (requested by chillncurry)
|
|t:|1779701985
|teamsize|p1|6
|teamsize|p2|6
|start
|switch|p1a: Gliscor|Gliscor, F|100/100
|switch|p2a: Primarina|Primarina, F|100/100
|turn|1
|
|t:|1779701990
|move|p1a: Gliscor|Protect|p1a: Gliscor
|-singleturn|p1a: Gliscor|Protect
|move|p2a: Primarina|Surf|p1a: Gliscor
|-activate|p1a: Gliscor|move: Protect
|
|-status|p1a: Gliscor|tox|[from] item: Toxic Orb
|upkeep
|turn|2
|
|t:|1779701998
|switch|p1a: Tentacruel|Tentacruel, M, shiny|100/100
|move|p2a: Primarina|Flip Turn|p1a: Tentacruel
|-resisted|p1a: Tentacruel
|-damage|p1a: Tentacruel|89/100
|
|t:|1779702020
|switch|p2a: Landorus|Landorus-Therian, M|100/100|[from] Flip Turn
|-ability|p2a: Landorus|Intimidate|boost
|-unboost|p1a: Tentacruel|atk|1
|
|upkeep
|turn|3
|
|t:|1779702026
|switch|p1a: Gliscor|Gliscor, F|100/100 tox
|move|p2a: Landorus|Earthquake|p1a: Gliscor
|-immune|p1a: Gliscor
|
|upkeep
|turn|4
|
|t:|1779702030
|move|p2a: Landorus|Stealth Rock|p1a: Gliscor
|-sidestart|p1: Purple Amoonguss|move: Stealth Rock
|move|p1a: Gliscor|Spikes|p2a: Landorus
|-sidestart|p2: chillncurry|Spikes
|
|upkeep
|turn|5
|
|t:|1779702033
|move|p2a: Landorus|U-turn|p1a: Gliscor
|-resisted|p1a: Gliscor
|-damage|p1a: Gliscor|89/100 tox
|
|t:|1779702035
|switch|p2a: Great Tusk|Great Tusk|100/100|[from] U-turn
|-damage|p2a: Great Tusk|88/100|[from] Spikes
|-enditem|p2a: Great Tusk|Booster Energy
|-activate|p2a: Great Tusk|ability: Protosynthesis|[fromitem]
|-start|p2a: Great Tusk|protosynthesisspe
|move|p1a: Gliscor|Knock Off|p2a: Great Tusk
|-resisted|p2a: Great Tusk
|-damage|p2a: Great Tusk|84/100
|
|-heal|p1a: Gliscor|100/100 tox|[from] ability: Poison Heal
|upkeep
|turn|6
|
|t:|1779702044
|switch|p1a: Sinistcha|Sinistcha|100/100
|move|p2a: Great Tusk|Bulk Up|p2a: Great Tusk
|-boost|p2a: Great Tusk|atk|1
|-boost|p2a: Great Tusk|def|1
|
|upkeep
|turn|7
|
|t:|1779702048
|move|p2a: Great Tusk|Ice Spinner|p1a: Sinistcha
|-supereffective|p1a: Sinistcha
|-damage|p1a: Sinistcha|53/100
|move|p1a: Sinistcha|Matcha Gotcha|p2a: Great Tusk
|-supereffective|p2a: Great Tusk
|-damage|p2a: Great Tusk|0 fnt
|-heal|p1a: Sinistcha|100/100|[from] drain|[of] p2a: Great Tusk
|faint|p2a: Great Tusk
|-end|p2a: Great Tusk|Protosynthesis|[silent]
|
|upkeep
|j| Tabata tyrogue
|
|t:|1779702055
|switch|p2a: Primarina|Primarina, F|100/100
|-damage|p2a: Primarina|88/100|[from] Spikes
|turn|8
|
|t:|1779702061
|switch|p1a: Tentacruel|Tentacruel, M, shiny|89/100
|move|p2a: Primarina|Psychic Noise|p1a: Tentacruel
|-supereffective|p1a: Tentacruel
|-damage|p1a: Tentacruel|29/100
|-start|p1a: Tentacruel|move: Heal Block
|
|upkeep
|turn|9
|
|t:|1779702078
|move|p1a: Tentacruel|Sludge Bomb|p2a: Primarina
|-supereffective|p2a: Primarina
|-damage|p2a: Primarina|45/100
|move|p2a: Primarina|Psychic Noise|p1a: Tentacruel
|-supereffective|p1a: Tentacruel
|-damage|p1a: Tentacruel|0 fnt
|faint|p1a: Tentacruel
|
|upkeep
|
|t:|1779702096
|switch|p1a: Sinistcha|Sinistcha|100/100
|turn|10
|
|t:|1779702098
|move|p2a: Primarina|Psychic Noise|p1a: Sinistcha
|-damage|p1a: Sinistcha|68/100
|-start|p1a: Sinistcha|move: Heal Block
|cant|p1a: Sinistcha|move: Heal Block|Matcha Gotcha
|
|upkeep
|turn|11
|
|t:|1779702109
|switch|p1a: Corviknight|Corviknight, M|100/100
|-damage|p1a: Corviknight|88/100|[from] Stealth Rock
|-ability|p1a: Corviknight|Pressure
|move|p2a: Primarina|Moonblast|p1a: Corviknight
|-resisted|p1a: Corviknight
|-damage|p1a: Corviknight|63/100
|-unboost|p1a: Corviknight|spa|1
|
|upkeep
|turn|12
|
|t:|1779702113
|move|p2a: Primarina|Surf|p1a: Corviknight
|-damage|p1a: Corviknight|19/100
|move|p1a: Corviknight|Brave Bird|p2a: Primarina
|-damage|p2a: Primarina|0 fnt
|faint|p2a: Primarina
|-damage|p1a: Corviknight|8/100|[from] Recoil
|
|upkeep
|l| Tabata tyrogue
|
|t:|1779702124
|switch|p2a: Gholdengo|Gholdengo|100/100
|-item|p2a: Gholdengo|Air Balloon
|turn|13
|
|t:|1779702133
|switch|p1a: Heatran|Heatran, M|100/100
|-damage|p1a: Heatran|88/100|[from] Stealth Rock
|move|p2a: Gholdengo|Shadow Ball|p1a: Heatran
|-damage|p1a: Heatran|66/100
|-unboost|p1a: Heatran|spd|1
|
|-heal|p1a: Heatran|73/100|[from] item: Leftovers
|upkeep
|turn|14
|
|t:|1779702139
|switch|p2a: Raging Bolt|Raging Bolt|100/100
|move|p1a: Heatran|Magma Storm|p2a: Raging Bolt|[miss]
|-miss|p1a: Heatran|p2a: Raging Bolt
|
|-heal|p1a: Heatran|79/100|[from] item: Leftovers
|upkeep
|turn|15
|
|t:|1779702149
|switch|p1a: Corviknight|Corviknight, M|8/100
|-damage|p1a: Corviknight|0 fnt|[from] Stealth Rock
|faint|p1a: Corviknight
|move|p2a: Raging Bolt|Volt Switch|p1: Corviknight|[notarget]
|-fail|p2a: Raging Bolt
|
|upkeep
|
|t:|1779702152
|switch|p1a: Gliscor|Gliscor, F|100/100 tox
|-damage|p1a: Gliscor|88/100 tox|[from] Stealth Rock
|turn|16
|
|t:|1779702156
|-end|p2a: Raging Bolt|Protosynthesis|[silent]
|switch|p2a: Gholdengo|Gholdengo|100/100
|-item|p2a: Gholdengo|Air Balloon
|move|p1a: Gliscor|Knock Off|p2a: Gholdengo
|-supereffective|p2a: Gholdengo
|-damage|p2a: Gholdengo|71/100
|-enditem|p2a: Gholdengo|Air Balloon
|
|-heal|p1a: Gliscor|100/100 tox|[from] ability: Poison Heal
|upkeep
|turn|17
|
|t:|1779702162
|move|p1a: Gliscor|Earthquake|p2a: Gholdengo
|-supereffective|p2a: Gholdengo
|-damage|p2a: Gholdengo|28/100
|move|p2a: Gholdengo|Nasty Plot|p2a: Gholdengo
|-boost|p2a: Gholdengo|spa|2
|
|upkeep
|turn|18
|
|t:|1779702167
|-terastallize|p2a: Gholdengo|Fairy
|move|p1a: Gliscor|Earthquake|p2a: Gholdengo
|-damage|p2a: Gholdengo|4/100
|move|p2a: Gholdengo|Recover|p2a: Gholdengo
|-heal|p2a: Gholdengo|54/100
|
|upkeep
|turn|19
|
|t:|1779702178
|switch|p1a: Heatran|Heatran, M|79/100
|-damage|p1a: Heatran|66/100|[from] Stealth Rock
|move|p2a: Gholdengo|Make It Rain|p1a: Heatran
|-resisted|p1a: Heatran
|-damage|p1a: Heatran|50/100
|-unboost|p2a: Gholdengo|spa|1
|
|-heal|p1a: Heatran|56/100|[from] item: Leftovers
|upkeep
|turn|20
|
|t:|1779702183
|move|p2a: Gholdengo|Shadow Ball|p1a: Heatran
|-damage|p1a: Heatran|19/100
|move|p1a: Heatran|Magma Storm|p2a: Gholdengo
|-damage|p2a: Gholdengo|13/100
|-activate|p2a: Gholdengo|move: Magma Storm|[of] p1a: Heatran
|
|-heal|p1a: Heatran|25/100|[from] item: Leftovers
|-damage|p2a: Gholdengo|0 fnt|[from] move: Magma Storm|[partiallytrapped]
|faint|p2a: Gholdengo
|upkeep
|
|t:|1779702187
|switch|p2a: Landorus|Landorus-Therian, M|100/100
|-ability|p2a: Landorus|Intimidate|boost
|-unboost|p1a: Heatran|atk|1
|turn|21
|
|t:|1779702199
|move|p2a: Landorus|Earthquake|p1a: Heatran
|-supereffective|p1a: Heatran
|-damage|p1a: Heatran|0 fnt
|faint|p1a: Heatran
|
|upkeep
|
|t:|1779702200
|switch|p1a: Darkrai|Darkrai|100/100
|-damage|p1a: Darkrai|88/100|[from] Stealth Rock
|turn|22
|
|t:|1779702204
|move|p1a: Darkrai|Ice Beam|p2a: Landorus
|-supereffective|p2a: Landorus
|-damage|p2a: Landorus|0 fnt
|faint|p2a: Landorus
|
|upkeep
|
|t:|1779702206
|switch|p2a: Raging Bolt|Raging Bolt|100/100
|turn|23
|
|t:|1779702212
|move|p1a: Darkrai|Ice Beam|p2a: Raging Bolt
|-supereffective|p2a: Raging Bolt
|-damage|p2a: Raging Bolt|35/100
|-status|p2a: Raging Bolt|frz
|cant|p2a: Raging Bolt|frz
|
|upkeep
|turn|24
|c|☆chillncurry|ah
|c|☆chillncurry|gg
|-message|chillncurry forfeited.
|
|win|Purple Amoonguss
|raw|Purple Amoonguss's rating: 1659 &rarr; <strong>1675</strong><br />(+16 for winning)
|raw|chillncurry's rating: 1591 &rarr; <strong>1575</strong><br />(-16 for losing)
|l|☆chillncurry
|player|p2|
|c|☆Purple Amoonguss|mb
|l|☆Purple Amoonguss
|player|p1|
