|j|☆LOC22
|j|☆Zzzerrty
|t:|1779715343
|gametype|singles
|player|p1|LOC22|101|1075
|player|p2|Zzzerrty|steven|1079
|gen|9
|tier|[Gen 9] OU
|rated|
|rule|HP Percentage Mod: HP is shown in percentages
|rule|Endless Battle Clause: Forcing endless battles is banned
|rule|Species Clause: Limit one of each Pokémon
|rule|OHKO Clause: OHKO moves are banned
|rule|Evasion Items Clause: Evasion items are banned
|rule|Evasion Moves Clause: Evasion moves are banned
|rule|Evasion Abilities Clause: Evasion abilities are banned
|rule|Sleep Moves Clause: Sleep-inducing moves are banned
|clearpoke
|poke|p1|Polteageist-Antique|
|poke|p1|Azumarill, M|
|poke|p1|Kleavor, M|
|poke|p1|Great Tusk|
|poke|p1|Clawitzer, F|
|poke|p1|Misdreavus, M|
|poke|p2|Pelipper, M|
|poke|p2|Thundurus-Therian, M|
|poke|p2|Gliscor, F|
|poke|p2|Walking Wake|
|poke|p2|Barraskewda, F|
|poke|p2|Corviknight, F|
|teampreview
|
|t:|1779715349
|teamsize|p1|6
|teamsize|p2|6
|start
|switch|p1a: Polteageist|Polteageist-Antique|100/100
|switch|p2a: Pelipper|Pelipper, M|100/100
|-weather|RainDance|[from] ability: Drizzle|[of] p2a: Pelipper
|turn|1
|
|t:|1779715359
|move|p1a: Polteageist|Shell Smash|p1a: Polteageist
|-unboost|p1a: Polteageist|def|1
|-unboost|p1a: Polteageist|spd|1
|-boost|p1a: Polteageist|atk|2
|-boost|p1a: Polteageist|spa|2
|-boost|p1a: Polteageist|spe|2
|move|p2a: Pelipper|Weather Ball|p1a: Polteageist
|-enditem|p1a: Polteageist|Focus Sash
|-damage|p1a: Polteageist|1/100
|
|-weather|RainDance|[upkeep]
|upkeep
|turn|2
|
|t:|1779715381
|move|p1a: Polteageist|Shadow Ball|p2a: Pelipper
|-damage|p2a: Pelipper|0 fnt
|faint|p2a: Pelipper
|
|-weather|RainDance|[upkeep]
|upkeep
|
|t:|1779715386
|switch|p2a: Barraskewda|Barraskewda, F|100/100
|turn|3
|
|t:|1779715396
|move|p2a: Barraskewda|Waterfall|p1a: Polteageist
|-damage|p1a: Polteageist|0 fnt
|faint|p1a: Polteageist
|-damage|p2a: Barraskewda|91/100|[from] item: Life Orb
|
|-weather|RainDance|[upkeep]
|upkeep
|
|t:|1779715408
|switch|p1a: Azumarill|Azumarill, M|100/100
|turn|4
|
|t:|1779715416
|move|p2a: Barraskewda|Drill Run|p1a: Azumarill
|-damage|p1a: Azumarill|62/100
|-damage|p2a: Barraskewda|81/100|[from] item: Life Orb
|move|p1a: Azumarill|Belly Drum|p1a: Azumarill
|-damage|p1a: Azumarill|12/100
|-setboost|p1a: Azumarill|atk|6|[from] move: Belly Drum
|-enditem|p1a: Azumarill|Sitrus Berry|[eat]
|-heal|p1a: Azumarill|37/100|[from] item: Sitrus Berry
|
|-weather|RainDance|[upkeep]
|upkeep
|turn|5
|inactive|Battle timer is ON: inactive players will automatically lose when time's up. (requested by LOC22)
|
|t:|1779715432
|-terastallize|p1a: Azumarill|Water
|move|p1a: Azumarill|Aqua Jet|p2a: Barraskewda
|-resisted|p2a: Barraskewda
|-damage|p2a: Barraskewda|0 fnt
|faint|p2a: Barraskewda
|
|-weather|none
|upkeep
|
|t:|1779715443
|switch|p2a: Walking Wake|Walking Wake|100/100
|turn|6
|
|t:|1779715450
|move|p1a: Azumarill|Aqua Jet|p2a: Walking Wake
|-resisted|p2a: Walking Wake
|-damage|p2a: Walking Wake|66/100
|move|p2a: Walking Wake|Draco Meteor|p1a: Azumarill
|-damage|p1a: Azumarill|0 fnt
|-unboost|p2a: Walking Wake|spa|2
|faint|p1a: Azumarill
|
|upkeep
|
|t:|1779715461
|switch|p1a: Clawitzer|Clawitzer, F|100/100
|turn|7
|
|t:|1779715470
|-end|p2a: Walking Wake|Protosynthesis|[silent]
|switch|p2a: Thundurus|Thundurus-Therian, M|100/100
|move|p1a: Clawitzer|Dragon Pulse|p2a: Thundurus
|-damage|p2a: Thundurus|34/100
|-damage|p1a: Clawitzer|91/100|[from] item: Life Orb
|
|upkeep
|turn|8
|
|t:|1779715482
|switch|p1a: Great Tusk|Great Tusk|100/100
|-enditem|p1a: Great Tusk|Booster Energy
|-activate|p1a: Great Tusk|ability: Protosynthesis|[fromitem]
|-start|p1a: Great Tusk|protosynthesisdef
|move|p2a: Thundurus|Thunder|p1a: Great Tusk
|-immune|p1a: Great Tusk
|
|upkeep
|turn|9
|
|t:|1779715504
|switch|p2a: Corviknight|Corviknight, F|100/100
|-ability|p2a: Corviknight|Pressure
|move|p1a: Great Tusk|Knock Off|p2a: Corviknight
|-damage|p2a: Corviknight|83/100
|-enditem|p2a: Corviknight|Leftovers|[from] move: Knock Off|[of] p1a: Great Tusk
|
|upkeep
|turn|10
|inactive|Zzzerrty has 120 seconds left.
|
|t:|1779715527
|switch|p2a: Walking Wake|Walking Wake|66/100
|move|p1a: Great Tusk|Close Combat|p2a: Walking Wake
|-damage|p2a: Walking Wake|6/100
|-unboost|p1a: Great Tusk|def|1
|-unboost|p1a: Great Tusk|spd|1
|
|upkeep
|turn|11
|
|t:|1779715536
|move|p2a: Walking Wake|Hurricane|p1a: Great Tusk
|-supereffective|p1a: Great Tusk
|-damage|p1a: Great Tusk|0 fnt
|faint|p1a: Great Tusk
|-end|p1a: Great Tusk|Protosynthesis|[silent]
|
|upkeep
|
|t:|1779715545
|switch|p1a: Clawitzer|Clawitzer, F|91/100
|turn|12
|
|t:|1779715552
|move|p2a: Walking Wake|Hurricane|p1a: Clawitzer
|-damage|p1a: Clawitzer|55/100
|move|p1a: Clawitzer|Water Pulse|p2a: Walking Wake
|-resisted|p2a: Walking Wake
|-damage|p2a: Walking Wake|0 fnt
|faint|p2a: Walking Wake
|-end|p2a: Walking Wake|Protosynthesis|[silent]
|-damage|p1a: Clawitzer|45/100|[from] item: Life Orb
|
|upkeep
|
|t:|1779715562
|switch|p2a: Thundurus|Thundurus-Therian, M|34/100
|turn|13
|
|t:|1779715570
|move|p2a: Thundurus|Focus Blast|p1a: Clawitzer|[miss]
|-miss|p2a: Thundurus|p1a: Clawitzer
|move|p1a: Clawitzer|Water Pulse|p2a: Thundurus
|-damage|p2a: Thundurus|0 fnt
|faint|p2a: Thundurus
|-damage|p1a: Clawitzer|35/100|[from] item: Life Orb
|
|upkeep
|
|t:|1779715583
|switch|p2a: Gliscor|Gliscor, F|100/100
|turn|14
|
|t:|1779715588
|move|p2a: Gliscor|Earthquake|p1a: Clawitzer
|-damage|p1a: Clawitzer|3/100
|move|p1a: Clawitzer|Water Pulse|p2a: Gliscor
|-supereffective|p2a: Gliscor
|-damage|p2a: Gliscor|0 fnt
|faint|p2a: Gliscor
|-damage|p1a: Clawitzer|0 fnt|[from] item: Life Orb
|faint|p1a: Clawitzer
|
|upkeep
|
|t:|1779715598
|switch|p2a: Corviknight|Corviknight, F|83/100
|switch|p1a: Misdreavus|Misdreavus, M|100/100
|-ability|p2a: Corviknight|Pressure
|turn|15
|
|t:|1779715611
|move|p1a: Misdreavus|Will-O-Wisp|p2a: Corviknight|[miss]
|-miss|p1a: Misdreavus|p2a: Corviknight
|move|p2a: Corviknight|Iron Head|p1a: Misdreavus
|-crit|p1a: Misdreavus
|-damage|p1a: Misdreavus|65/100
|
|upkeep
|turn|16
|
|t:|1779715617
|move|p1a: Misdreavus|Will-O-Wisp|p2a: Corviknight
|-status|p2a: Corviknight|brn
|move|p2a: Corviknight|Brave Bird|p1a: Misdreavus
|-damage|p1a: Misdreavus|49/100
|-damage|p2a: Corviknight|79/100 brn|[from] Recoil
|
|-damage|p2a: Corviknight|73/100 brn|[from] brn
|upkeep
|turn|17
|
|t:|1779715626
|move|p1a: Misdreavus|Calm Mind|p1a: Misdreavus
|-boost|p1a: Misdreavus|spa|1
|-boost|p1a: Misdreavus|spd|1
|move|p2a: Corviknight|Iron Head|p1a: Misdreavus
|-damage|p1a: Misdreavus|37/100
|
|-damage|p2a: Corviknight|67/100 brn|[from] brn
|upkeep
|turn|18
|
|t:|1779715633
|move|p1a: Misdreavus|Calm Mind|p1a: Misdreavus
|-boost|p1a: Misdreavus|spa|1
|-boost|p1a: Misdreavus|spd|1
|move|p2a: Corviknight|Iron Head|p1a: Misdreavus
|-damage|p1a: Misdreavus|25/100
|
|-damage|p2a: Corviknight|61/100 brn|[from] brn
|upkeep
|turn|19
|
|t:|1779715641
|move|p1a: Misdreavus|Draining Kiss|p2a: Corviknight
|-resisted|p2a: Corviknight
|-damage|p2a: Corviknight|51/100 brn
|-heal|p1a: Misdreavus|36/100|[from] drain|[of] p2a: Corviknight
|move|p2a: Corviknight|Iron Head|p1a: Misdreavus
|-damage|p1a: Misdreavus|24/100
|
|-damage|p2a: Corviknight|45/100 brn|[from] brn
|upkeep
|turn|20
|
|t:|1779715650
|move|p1a: Misdreavus|Dark Pulse|p2a: Corviknight
|-damage|p2a: Corviknight|11/100 brn
|move|p2a: Corviknight|Roost|p2a: Corviknight
|-heal|p2a: Corviknight|61/100 brn
|-singleturn|p2a: Corviknight|move: Roost
|
|-damage|p2a: Corviknight|54/100 brn|[from] brn
|upkeep
|turn|21
|
|t:|1779715658
|move|p1a: Misdreavus|Draining Kiss|p2a: Corviknight
|-resisted|p2a: Corviknight
|-damage|p2a: Corviknight|45/100 brn
|-heal|p1a: Misdreavus|35/100|[from] drain|[of] p2a: Corviknight
|move|p2a: Corviknight|Roost|p2a: Corviknight
|-heal|p2a: Corviknight|95/100 brn
|-singleturn|p2a: Corviknight|move: Roost
|
|-damage|p2a: Corviknight|89/100 brn|[from] brn
|upkeep
|turn|22
|
|t:|1779715669
|move|p1a: Misdreavus|Draining Kiss|p2a: Corviknight
|-resisted|p2a: Corviknight
|-damage|p2a: Corviknight|78/100 brn
|-heal|p1a: Misdreavus|47/100|[from] drain|[of] p2a: Corviknight
|move|p2a: Corviknight|Iron Head|p1a: Misdreavus
|-damage|p1a: Misdreavus|35/100
|
|-damage|p2a: Corviknight|72/100 brn|[from] brn
|upkeep
|turn|23
|
|t:|1779715677
|move|p1a: Misdreavus|Draining Kiss|p2a: Corviknight
|-resisted|p2a: Corviknight
|-damage|p2a: Corviknight|62/100 brn
|-heal|p1a: Misdreavus|47/100|[from] drain|[of] p2a: Corviknight
|move|p2a: Corviknight|Brave Bird|p1a: Misdreavus
|-damage|p1a: Misdreavus|29/100
|-damage|p2a: Corviknight|58/100 brn|[from] Recoil
|
|-damage|p2a: Corviknight|51/100 brn|[from] brn
|upkeep
|turn|24
|-message|Zzzerrty forfeited.
|
|win|LOC22
|raw|LOC22's rating: 1075 &rarr; <strong>1104</strong><br />(+29 for winning)
|raw|Zzzerrty's rating: 1079 &rarr; <strong>1057</strong><br />(-22 for losing)
|l|☆Zzzerrty
|player|p2|
|l|☆LOC22
|player|p1|
