|j|☆syncozazyy
|j|☆rebefzreet
|t:|1779603030
|gametype|singles
|player|p1|syncozazyy|169|1139
|player|p2|rebefzreet|101|1130
|gen|9
|tier|[Gen 9] OU
|rated|
|rule|HP Percentage Mod: HP is shown in percentages
|rule|Endless Battle Clause: Forcing endless battles is banned
|rule|Species Clause: Limit one of each Pokémon
|rule|OHKO Clause: OHKO moves are banned
|rule|Evasion Items Clause: Evasion items are banned
|rule|Evasion Moves Clause: Evasion moves are banned
|rule|Evasion Abilities Clause: Evasion abilities are banned
|rule|Sleep Moves Clause: Sleep-inducing moves are banned
|clearpoke
|poke|p1|Dragalge, M|
|poke|p1|Tinkaton, F|
|poke|p1|Typhlosion-Hisui, M|
|poke|p1|Abomasnow, F|
|poke|p1|Beartic, F|
|poke|p1|Froslass, F|
|poke|p2|Zapdos|
|poke|p2|Zangoose, M|
|poke|p2|Gholdengo|
|poke|p2|Latias, F|
|poke|p2|Weavile, F|
|poke|p2|Deoxys-Speed|
|teampreview
|
|t:|1779603036
|teamsize|p1|6
|teamsize|p2|6
|start
|switch|p1a: Froslass|Froslass, F|100/100
|switch|p2a: Deoxys|Deoxys-Speed|100/100
|-ability|p2a: Deoxys|Pressure
|turn|1
|inactive|Battle timer is ON: inactive players will automatically lose when time's up. (requested by syncozazyy)
|
|t:|1779603041
|move|p2a: Deoxys|Taunt|p1a: Froslass
|-start|p1a: Froslass|move: Taunt
|cant|p1a: Froslass|move: Taunt|Spikes
|
|upkeep
|turn|2
|
|t:|1779603048
|move|p2a: Deoxys|Thunder Wave|p1a: Froslass
|-status|p1a: Froslass|par
|move|p1a: Froslass|Ice Beam|p2a: Deoxys
|-damage|p2a: Deoxys|62/100
|
|upkeep
|turn|3
|
|t:|1779603053
|move|p2a: Deoxys|Stealth Rock|p1a: Froslass
|-sidestart|p1: syncozazyy|move: Stealth Rock
|move|p1a: Froslass|Ice Beam|p2a: Deoxys
|-damage|p2a: Deoxys|21/100
|
|-end|p1a: Froslass|move: Taunt
|upkeep
|turn|4
|
|t:|1779603058
|move|p2a: Deoxys|Taunt|p1a: Froslass
|-start|p1a: Froslass|move: Taunt
|move|p1a: Froslass|Ice Beam|p2a: Deoxys
|-damage|p2a: Deoxys|0 fnt
|faint|p2a: Deoxys
|
|upkeep
|
|t:|1779603067
|switch|p2a: Weavile|Weavile, F|100/100
|turn|5
|
|t:|1779603071
|move|p2a: Weavile|Knock Off|p1a: Froslass
|-supereffective|p1a: Froslass
|-enditem|p1a: Froslass|Focus Sash
|-damage|p1a: Froslass|1/100 par
|cant|p1a: Froslass|par
|
|upkeep
|turn|6
|
|t:|1779603078
|move|p2a: Weavile|Knock Off|p1a: Froslass
|-supereffective|p1a: Froslass
|-damage|p1a: Froslass|0 fnt
|faint|p1a: Froslass
|
|upkeep
|
|t:|1779603085
|switch|p1a: Abomasnow|Abomasnow, F|100/100
|-damage|p1a: Abomasnow|75/100|[from] Stealth Rock
|-weather|Snowscape|[from] ability: Snow Warning|[of] p1a: Abomasnow
|turn|7
|
|t:|1779603093
|move|p2a: Weavile|Knock Off|p1a: Abomasnow
|-damage|p1a: Abomasnow|24/100
|-enditem|p1a: Abomasnow|Icy Rock|[from] move: Knock Off|[of] p2a: Weavile
|move|p1a: Abomasnow|Aurora Veil|p1a: Abomasnow
|-sidestart|p1: syncozazyy|move: Aurora Veil
|
|-weather|Snowscape|[upkeep]
|upkeep
|turn|8
|
|t:|1779603101
|move|p2a: Weavile|Knock Off|p1a: Abomasnow
|-damage|p1a: Abomasnow|6/100
|move|p1a: Abomasnow|Earth Power|p2a: Weavile
|-damage|p2a: Weavile|66/100
|
|-weather|Snowscape|[upkeep]
|upkeep
|turn|9
|
|t:|1779603105
|move|p2a: Weavile|Knock Off|p1a: Abomasnow
|-damage|p1a: Abomasnow|0 fnt
|faint|p1a: Abomasnow
|
|-weather|Snowscape|[upkeep]
|upkeep
|
|t:|1779603109
|switch|p1a: Beartic|Beartic, F|100/100
|-damage|p1a: Beartic|76/100|[from] Stealth Rock
|turn|10
|
|t:|1779603111
|move|p1a: Beartic|Close Combat|p2a: Weavile
|-supereffective|p2a: Weavile
|-damage|p2a: Weavile|0 fnt
|-unboost|p1a: Beartic|def|1
|-unboost|p1a: Beartic|spd|1
|faint|p2a: Weavile
|-damage|p1a: Beartic|66/100|[from] item: Life Orb
|
|-weather|Snowscape|[upkeep]
|upkeep
|
|t:|1779603123
|switch|p2a: Zapdos|Zapdos, shiny|100/100
|turn|11
|
|t:|1779603127
|-terastallize|p2a: Zapdos|Steel
|move|p1a: Beartic|Icicle Crash|p2a: Zapdos|[miss]
|-miss|p1a: Beartic|p2a: Zapdos
|move|p2a: Zapdos|Thunder Wave|p1a: Beartic
|-status|p1a: Beartic|par
|
|-weather|Snowscape|[upkeep]
|-sideend|p1: syncozazyy|move: Aurora Veil
|upkeep
|turn|12
|
|t:|1779603137
|move|p2a: Zapdos|Volt Switch|p1a: Beartic
|-damage|p1a: Beartic|15/100 par
|
|t:|1779603139
|switch|p2a: Latias|Latias, F|100/100|[from] Volt Switch
|cant|p1a: Beartic|par
|
|-weather|Snowscape|[upkeep]
|upkeep
|turn|13
|
|t:|1779603144
|move|p2a: Latias|Mist Ball|p1a: Beartic
|-damage|p1a: Beartic|0 fnt
|faint|p1a: Beartic
|
|-weather|Snowscape|[upkeep]
|upkeep
|
|t:|1779603158
|switch|p1a: Typhlosion|Typhlosion-Hisui, M|100/100
|-damage|p1a: Typhlosion|76/100|[from] Stealth Rock
|turn|14
|
|t:|1779603165
|move|p1a: Typhlosion|Shadow Ball|p2a: Latias
|-supereffective|p2a: Latias
|-damage|p2a: Latias|44/100
|move|p2a: Latias|Thunder Wave|p1a: Typhlosion
|-status|p1a: Typhlosion|par
|
|-weather|none
|-heal|p2a: Latias|50/100|[from] item: Leftovers
|upkeep
|turn|15
|
|t:|1779603173
|switch|p2a: Zangoose|Zangoose, M|100/100
|move|p1a: Typhlosion|Shadow Ball|p2a: Zangoose
|-immune|p2a: Zangoose
|
|-status|p2a: Zangoose|tox|[from] item: Toxic Orb
|upkeep
|turn|16
|
|t:|1779603179
|switch|p1a: Tinkaton|Tinkaton, F|100/100
|-damage|p1a: Tinkaton|94/100|[from] Stealth Rock
|-ability|p1a: Tinkaton|Mold Breaker
|move|p2a: Zangoose|Knock Off|p1a: Tinkaton
|-resisted|p1a: Tinkaton
|-damage|p1a: Tinkaton|64/100
|-enditem|p1a: Tinkaton|Leftovers|[from] move: Knock Off|[of] p2a: Zangoose
|
|-damage|p2a: Zangoose|95/100 tox|[from] psn
|upkeep
|turn|17
|
|t:|1779603190
|move|p1a: Tinkaton|Gigaton Hammer|p2a: Zangoose
|-damage|p2a: Zangoose|0 fnt
|faint|p2a: Zangoose
|
|upkeep
|
|t:|1779603200
|switch|p2a: Gholdengo|Gholdengo|100/100
|turn|18
|
|t:|1779603206
|move|p1a: Tinkaton|Knock Off|p2a: Gholdengo
|-supereffective|p2a: Gholdengo
|-damage|p2a: Gholdengo|65/100
|-damage|p1a: Tinkaton|48/100|[from] item: Rocky Helmet|[of] p2a: Gholdengo
|-enditem|p2a: Gholdengo|Rocky Helmet|[from] move: Knock Off|[of] p1a: Tinkaton
|move|p2a: Gholdengo|Make It Rain|p1a: Tinkaton
|-damage|p1a: Tinkaton|0 fnt
|-unboost|p2a: Gholdengo|spa|1
|faint|p1a: Tinkaton
|
|upkeep
|
|t:|1779603214
|switch|p1a: Typhlosion|Typhlosion-Hisui, M|76/100 par
|-damage|p1a: Typhlosion|51/100 par|[from] Stealth Rock
|turn|19
|
|t:|1779603217
|move|p1a: Typhlosion|Shadow Ball|p2a: Gholdengo
|-supereffective|p2a: Gholdengo
|-damage|p2a: Gholdengo|0 fnt
|faint|p2a: Gholdengo
|
|upkeep
|
|t:|1779603224
|switch|p2a: Zapdos|Zapdos, shiny, tera:Steel|100/100
|turn|20
|
|t:|1779603229
|switch|p1a: Dragalge|Dragalge, M|100/100
|-damage|p1a: Dragalge|88/100|[from] Stealth Rock
|move|p2a: Zapdos|Hurricane|p1a: Dragalge
|-damage|p1a: Dragalge|46/100
|
|upkeep
|turn|21
|
|t:|1779603237
|move|p2a: Zapdos|Thunder Wave|p1a: Dragalge
|-status|p1a: Dragalge|par
|cant|p1a: Dragalge|par
|
|upkeep
|turn|22
|
|t:|1779603241
|move|p2a: Zapdos|Hurricane|p1a: Dragalge
|-damage|p1a: Dragalge|7/100 par
|cant|p1a: Dragalge|par
|
|upkeep
|turn|23
|-message|syncozazyy forfeited.
|
|win|rebefzreet
|raw|syncozazyy's rating: 1139 &rarr; <strong>1113</strong><br />(-26 for losing)
|raw|rebefzreet's rating: 1130 &rarr; <strong>1156</strong><br />(+26 for winning)
|l|☆syncozazyy
|player|p1|
|l|☆rebefzreet
|player|p2|
