|j|☆loomiboi2
|j|☆Garacade
|t:|1779577594
|gametype|singles
|player|p1|loomiboi2|265|1398
|player|p2|Garacade|102|1339
|gen|9
|tier|[Gen 9] OU
|rated|
|rule|HP Percentage Mod: HP is shown in percentages
|rule|Endless Battle Clause: Forcing endless battles is banned
|rule|Species Clause: Limit one of each Pokémon
|rule|OHKO Clause: OHKO moves are banned
|rule|Evasion Items Clause: Evasion items are banned
|rule|Evasion Moves Clause: Evasion moves are banned
|rule|Evasion Abilities Clause: Evasion abilities are banned
|rule|Sleep Moves Clause: Sleep-inducing moves are banned
|clearpoke
|poke|p1|Ogerpon-Wellspring, F|
|poke|p1|Dragapult, F|
|poke|p1|Corviknight, M|
|poke|p1|Zamazenta-*|
|poke|p1|Slowking-Galar, F|
|poke|p1|Garganacl, F|
|poke|p2|Zamazenta-*|
|poke|p2|Dragapult, F|
|poke|p2|Heatran, F|
|poke|p2|Weezing-Galar, M|
|poke|p2|Ogerpon-Wellspring, F|
|poke|p2|Porygon2|
|teampreview
|inactive|Battle timer is ON: inactive players will automatically lose when time's up. (requested by Garacade)
|
|t:|1779577620
|teamsize|p1|6
|teamsize|p2|6
|start
|switch|p1a: Dragapult|Dragapult, F|100/100
|switch|p2a: Porygon2|Porygon2|100/100
|-ability|p2a: Porygon2|Infiltrator|Trace|[from] ability: Trace|[of] p1a: Dragapult
|turn|1
|
|t:|1779577624
|move|p1a: Dragapult|U-turn|p2a: Porygon2
|-damage|p2a: Porygon2|87/100
|
|t:|1779577630
|switch|p1a: Slowking|Slowking-Galar, F|100/100|[from] U-turn
|move|p2a: Porygon2|Ice Beam|p1a: Slowking
|-damage|p1a: Slowking|85/100
|
|upkeep
|turn|2
|
|t:|1779577650
|switch|p1a: Ogerpon|Ogerpon-Wellspring, F|100/100
|move|p2a: Porygon2|Shadow Ball|p1a: Ogerpon
|-damage|p1a: Ogerpon|71/100
|-unboost|p1a: Ogerpon|spd|1
|
|upkeep
|turn|3
|
|t:|1779577659
|move|p1a: Ogerpon|Ivy Cudgel|p2a: Porygon2|[anim] Ivy Cudgel Water
|-damage|p2a: Porygon2|46/100
|move|p2a: Porygon2|Discharge|p1a: Ogerpon
|-damage|p1a: Ogerpon|23/100
|-status|p1a: Ogerpon|par
|
|upkeep
|turn|4
|
|t:|1779577666
|switch|p1a: Slowking|Slowking-Galar, F|100/100
|move|p2a: Porygon2|Recover|p2a: Porygon2
|-heal|p2a: Porygon2|96/100
|
|upkeep
|turn|5
|
|t:|1779577669
|move|p2a: Porygon2|Shadow Ball|p1a: Slowking
|-supereffective|p1a: Slowking
|-damage|p1a: Slowking|75/100
|-unboost|p1a: Slowking|spd|1
|move|p1a: Slowking|Sludge Bomb|p2a: Porygon2
|-damage|p2a: Porygon2|71/100
|
|upkeep
|turn|6
|
|t:|1779577676
|switch|p2a: Heatran|Heatran, F|100/100
|switch|p1a: Garganacl|Garganacl, F|100/100
|
|upkeep
|turn|7
|
|t:|1779577693
|switch|p2a: Ogerpon|Ogerpon-Wellspring, F|100/100
|move|p1a: Garganacl|Salt Cure|p2a: Ogerpon
|-damage|p2a: Ogerpon|81/100
|-start|p2a: Ogerpon|Salt Cure
|
|-damage|p2a: Ogerpon|56/100|[from] Salt Cure
|upkeep
|turn|8
|
|t:|1779577706
|switch|p1a: Corviknight|Corviknight, M|100/100
|-ability|p1a: Corviknight|Pressure
|move|p2a: Ogerpon|Swords Dance|p2a: Ogerpon
|-boost|p2a: Ogerpon|atk|2
|
|-damage|p2a: Ogerpon|31/100|[from] Salt Cure
|upkeep
|turn|9
|
|t:|1779577714
|move|p2a: Ogerpon|Ivy Cudgel|p1a: Corviknight|[anim] Ivy Cudgel Water
|-damage|p1a: Corviknight|36/100
|move|p1a: Corviknight|U-turn|p2a: Ogerpon
|-supereffective|p2a: Ogerpon
|-damage|p2a: Ogerpon|0 fnt
|faint|p2a: Ogerpon
|
|t:|1779577720
|switch|p1a: Garganacl|Garganacl, F|100/100|[from] U-turn
|
|upkeep
|
|t:|1779577731
|switch|p2a: Zamazenta|Zamazenta|100/100
|-ability|p2a: Zamazenta|Dauntless Shield|boost
|-boost|p2a: Zamazenta|def|1
|turn|10
|
|t:|1779577739
|move|p2a: Zamazenta|Iron Defense|p2a: Zamazenta
|-boost|p2a: Zamazenta|def|2
|move|p1a: Garganacl|Salt Cure|p2a: Zamazenta
|-resisted|p2a: Zamazenta
|-damage|p2a: Zamazenta|98/100
|-start|p2a: Zamazenta|Salt Cure
|
|-heal|p2a: Zamazenta|100/100|[from] item: Leftovers
|-damage|p2a: Zamazenta|88/100|[from] Salt Cure
|upkeep
|turn|11
|
|t:|1779577743
|switch|p1a: Dragapult|Dragapult, F|100/100
|move|p2a: Zamazenta|Body Press|p1a: Dragapult
|-immune|p1a: Dragapult
|
|-heal|p2a: Zamazenta|94/100|[from] item: Leftovers
|-damage|p2a: Zamazenta|82/100|[from] Salt Cure
|upkeep
|turn|12
|
|t:|1779577748
|move|p1a: Dragapult|Will-O-Wisp|p2a: Zamazenta
|-status|p2a: Zamazenta|brn
|move|p2a: Zamazenta|Crunch|p1a: Dragapult
|-supereffective|p1a: Dragapult
|-damage|p1a: Dragapult|71/100
|
|-heal|p2a: Zamazenta|88/100 brn|[from] item: Leftovers
|-damage|p2a: Zamazenta|82/100 brn|[from] brn
|-damage|p2a: Zamazenta|70/100 brn|[from] Salt Cure
|upkeep
|turn|13
|
|t:|1779577752
|move|p1a: Dragapult|Hex|p2a: Zamazenta
|-damage|p2a: Zamazenta|29/100 brn
|move|p2a: Zamazenta|Crunch|p1a: Dragapult
|-supereffective|p1a: Dragapult
|-damage|p1a: Dragapult|42/100
|
|-heal|p2a: Zamazenta|35/100 brn|[from] item: Leftovers
|-damage|p2a: Zamazenta|29/100 brn|[from] brn
|-damage|p2a: Zamazenta|16/100 brn|[from] Salt Cure
|upkeep
|turn|14
|
|t:|1779577759
|move|p1a: Dragapult|U-turn|p2a: Zamazenta
|-resisted|p2a: Zamazenta
|-damage|p2a: Zamazenta|13/100 brn
|
|t:|1779577762
|switch|p1a: Corviknight|Corviknight, M|36/100|[from] U-turn
|-ability|p1a: Corviknight|Pressure
|move|p2a: Zamazenta|Crunch|p1a: Corviknight
|-damage|p1a: Corviknight|29/100
|-damage|p2a: Zamazenta|0 fnt|[from] item: Rocky Helmet|[of] p1a: Corviknight
|faint|p2a: Zamazenta
|
|upkeep
|
|t:|1779577770
|switch|p2a: Heatran|Heatran, F|100/100
|turn|15
|
|t:|1779577775
|switch|p1a: Slowking|Slowking-Galar, F|100/100
|move|p2a: Heatran|Magma Storm|p1a: Slowking|[miss]
|-miss|p2a: Heatran|p1a: Slowking
|
|upkeep
|turn|16
|
|t:|1779577779
|switch|p1a: Garganacl|Garganacl, F|100/100
|move|p2a: Heatran|Taunt|p1a: Garganacl
|-start|p1a: Garganacl|move: Taunt
|
|upkeep
|turn|17
|
|t:|1779577786
|move|p2a: Heatran|Magma Storm|p1a: Garganacl|[miss]
|-miss|p2a: Heatran|p1a: Garganacl
|move|p1a: Garganacl|Salt Cure|p2a: Heatran
|-damage|p2a: Heatran|89/100
|-start|p2a: Heatran|Salt Cure
|
|-heal|p2a: Heatran|95/100|[from] item: Leftovers
|-damage|p2a: Heatran|70/100|[from] Salt Cure
|upkeep
|turn|18
|c|☆loomiboi2|im so sorry
|
|t:|1779577797
|switch|p1a: Ogerpon|Ogerpon-Wellspring, F|23/100 par
|move|p2a: Heatran|Magma Storm|p1a: Ogerpon
|-damage|p1a: Ogerpon|0 fnt
|faint|p1a: Ogerpon
|
|-heal|p2a: Heatran|76/100|[from] item: Leftovers
|-damage|p2a: Heatran|51/100|[from] Salt Cure
|upkeep
|
|t:|1779577806
|switch|p1a: Garganacl|Garganacl, F|100/100
|turn|19
|
|t:|1779577824
|move|p2a: Heatran|Magma Storm|p1a: Garganacl
|-resisted|p1a: Garganacl
|-damage|p1a: Garganacl|85/100
|-activate|p1a: Garganacl|move: Magma Storm|[of] p2a: Heatran
|move|p1a: Garganacl|Stealth Rock|p2a: Heatran
|-sidestart|p2: Garacade|move: Stealth Rock
|
|-heal|p2a: Heatran|57/100|[from] item: Leftovers
|-heal|p1a: Garganacl|91/100|[from] item: Leftovers
|-damage|p2a: Heatran|33/100|[from] Salt Cure
|-damage|p1a: Garganacl|79/100|[from] move: Magma Storm|[partiallytrapped]
|upkeep
|turn|20
|
|t:|1779577846
|move|p1a: Garganacl|Protect|p1a: Garganacl
|-singleturn|p1a: Garganacl|Protect
|move|p2a: Heatran|Earth Power|p1a: Garganacl
|-activate|p1a: Garganacl|move: Protect
|
|-heal|p2a: Heatran|39/100|[from] item: Leftovers
|-heal|p1a: Garganacl|85/100|[from] item: Leftovers
|-damage|p2a: Heatran|14/100|[from] Salt Cure
|-damage|p1a: Garganacl|73/100|[from] move: Magma Storm|[partiallytrapped]
|upkeep
|turn|21
|
|t:|1779577864
|move|p2a: Heatran|Taunt|p1a: Garganacl
|-start|p1a: Garganacl|move: Taunt
|cant|p1a: Garganacl|move: Taunt|Recover
|
|-heal|p2a: Heatran|20/100|[from] item: Leftovers
|-heal|p1a: Garganacl|79/100|[from] item: Leftovers
|-damage|p2a: Heatran|0 fnt|[from] Salt Cure
|faint|p2a: Heatran
|-end|p1a: Garganacl|Magma Storm|[partiallytrapped]|[silent]
|upkeep
|c|☆Garacade|get tauntedf
|c|☆Garacade|you fucking NERD
|-message|Garacade forfeited.
|
|win|loomiboi2
