|j|☆SgtBrick14
|j|☆kanitanku
|t:|1779557016
|gametype|singles
|player|p1|SgtBrick14|pokemonranger|1423
|player|p2|kanitanku|170|1383
|gen|9
|tier|[Gen 9] OU
|rated|
|rule|HP Percentage Mod: HP is shown in percentages
|rule|Endless Battle Clause: Forcing endless battles is banned
|rule|Species Clause: Limit one of each Pokémon
|rule|OHKO Clause: OHKO moves are banned
|rule|Evasion Items Clause: Evasion items are banned
|rule|Evasion Moves Clause: Evasion moves are banned
|rule|Evasion Abilities Clause: Evasion abilities are banned
|rule|Sleep Moves Clause: Sleep-inducing moves are banned
|clearpoke
|poke|p1|Samurott-Hisui, F|
|poke|p1|Greninja-*, M|
|poke|p1|Pelipper, M|
|poke|p1|Gengar, F|
|poke|p1|Cloyster, M|
|poke|p1|Glimmora, M|
|poke|p2|Torkoal, F|
|poke|p2|Hatterene, F|
|poke|p2|Porygon2|
|poke|p2|Ursaluna, M|
|poke|p2|Iron Hands|
|poke|p2|Brute Bonnet|
|teampreview
|
|t:|1779557048
|teamsize|p1|6
|teamsize|p2|6
|start
|switch|p1a: Glimmora|Glimmora, M|100/100
|switch|p2a: Hatterene|Hatterene, F|100/100
|turn|1
|
|t:|1779557074
|move|p1a: Glimmora|Mortal Spin|p2a: Hatterene
|-supereffective|p2a: Hatterene
|-damage|p2a: Hatterene|91/100
|-status|p2a: Hatterene|psn
|move|p2a: Hatterene|Trick Room|p2a: Hatterene
|-fieldstart|move: Trick Room|[of] p2a: Hatterene
|
|-damage|p2a: Hatterene|79/100 psn|[from] psn
|upkeep
|turn|2
|
|t:|1779557091
|switch|p1a: Pelipper|Pelipper, M|100/100
|-weather|RainDance|[from] ability: Drizzle|[of] p1a: Pelipper
|move|p2a: Hatterene|Psychic|p1a: Pelipper
|-damage|p1a: Pelipper|41/100
|
|-weather|RainDance|[upkeep]
|-damage|p2a: Hatterene|67/100 psn|[from] psn
|upkeep
|turn|3
|
|t:|1779557099
|switch|p1a: Glimmora|Glimmora, M|100/100
|move|p2a: Hatterene|Dazzling Gleam|p1a: Glimmora
|-resisted|p1a: Glimmora
|-damage|p1a: Glimmora|82/100
|
|-weather|RainDance|[upkeep]
|-damage|p2a: Hatterene|54/100 psn|[from] psn
|upkeep
|turn|4
|
|t:|1779557103
|move|p2a: Hatterene|Psychic|p1a: Glimmora
|-supereffective|p1a: Glimmora
|-damage|p1a: Glimmora|0 fnt
|faint|p1a: Glimmora
|
|-weather|RainDance|[upkeep]
|-damage|p2a: Hatterene|42/100 psn|[from] psn
|upkeep
|
|t:|1779557107
|switch|p1a: Greninja|Greninja, M|100/100
|turn|5
|
|t:|1779557112
|-terastallize|p2a: Hatterene|Water
|move|p1a: Greninja|Water Shuriken|p2a: Hatterene
|-resisted|p2a: Hatterene
|-damage|p2a: Hatterene|36/100 psn
|-resisted|p2a: Hatterene
|-crit|p2a: Hatterene
|-damage|p2a: Hatterene|27/100 psn
|-resisted|p2a: Hatterene
|-damage|p2a: Hatterene|21/100 psn
|-resisted|p2a: Hatterene
|-damage|p2a: Hatterene|14/100 psn
|-resisted|p2a: Hatterene
|-damage|p2a: Hatterene|9/100 psn
|-hitcount|p2a: Hatterene|5
|move|p2a: Hatterene|Dazzling Gleam|p1a: Greninja
|-supereffective|p1a: Greninja
|-damage|p1a: Greninja|0 fnt
|faint|p1a: Greninja
|
|-weather|RainDance|[upkeep]
|-damage|p2a: Hatterene|0 fnt|[from] psn
|faint|p2a: Hatterene
|-fieldend|move: Trick Room
|upkeep
|
|t:|1779557125
|switch|p1a: Gengar|Gengar, F|100/100
|switch|p2a: Torkoal|Torkoal, F|100/100
|-weather|SunnyDay|[from] ability: Drought|[of] p2a: Torkoal
|turn|6
|
|t:|1779557132
|switch|p2a: Porygon2|Porygon2|100/100
|-ability|p2a: Porygon2|Download|boost
|-boost|p2a: Porygon2|atk|1
|move|p1a: Gengar|Taunt|p2a: Porygon2
|-start|p2a: Porygon2|move: Taunt
|
|-weather|SunnyDay|[upkeep]
|upkeep
|turn|7
|
|t:|1779557141
|switch|p2a: Ursaluna|Ursaluna, M|100/100
|move|p1a: Gengar|Sludge Wave|p2a: Ursaluna
|-resisted|p2a: Ursaluna
|-damage|p2a: Ursaluna|78/100
|
|-weather|SunnyDay|[upkeep]
|-status|p2a: Ursaluna|brn|[from] item: Flame Orb
|upkeep
|turn|8
|
|t:|1779557157
|switch|p1a: Pelipper|Pelipper, M|41/100
|-weather|RainDance|[from] ability: Drizzle|[of] p1a: Pelipper
|move|p2a: Ursaluna|Facade|p1a: Pelipper
|-damage|p1a: Pelipper|0 fnt
|faint|p1a: Pelipper
|
|-weather|RainDance|[upkeep]
|-damage|p2a: Ursaluna|72/100 brn|[from] brn
|upkeep
|
|t:|1779557158
|switch|p1a: Samurott|Samurott-Hisui, F|100/100
|turn|9
|
|t:|1779557162
|switch|p2a: Torkoal|Torkoal, F|100/100
|-weather|SunnyDay|[from] ability: Drought|[of] p2a: Torkoal
|move|p1a: Samurott|Aqua Cutter|p2a: Torkoal
|-supereffective|p2a: Torkoal
|-damage|p2a: Torkoal|60/100
|
|-weather|SunnyDay|[upkeep]
|upkeep
|turn|10
|
|t:|1779557173
|switch|p2a: Porygon2|Porygon2|100/100
|-ability|p2a: Porygon2|Download|boost
|-boost|p2a: Porygon2|spa|1
|move|p1a: Samurott|Aqua Cutter|p2a: Porygon2
|-damage|p2a: Porygon2|84/100
|
|-weather|SunnyDay|[upkeep]
|upkeep
|turn|11
|
|t:|1779557179
|move|p1a: Samurott|Ceaseless Edge|p2a: Porygon2
|-damage|p2a: Porygon2|54/100
|-sidestart|p2: kanitanku|Spikes
|move|p2a: Porygon2|Trick Room|p2a: Porygon2
|-fieldstart|move: Trick Room|[of] p2a: Porygon2
|
|-weather|SunnyDay|[upkeep]
|upkeep
|turn|12
|
|t:|1779557182
|move|p2a: Porygon2|Thunderbolt|p1a: Samurott
|-supereffective|p1a: Samurott
|-enditem|p1a: Samurott|Focus Sash
|-damage|p1a: Samurott|1/100
|-status|p1a: Samurott|par
|move|p1a: Samurott|Ceaseless Edge|p2a: Porygon2
|-damage|p2a: Porygon2|22/100
|-sidestart|p2: kanitanku|Spikes
|
|-weather|SunnyDay|[upkeep]
|upkeep
|turn|13
|
|t:|1779557185
|move|p1a: Samurott|Sucker Punch|p2a: Porygon2
|-damage|p2a: Porygon2|0 fnt
|faint|p2a: Porygon2
|
|-weather|none
|upkeep
|
|t:|1779557195
|switch|p2a: Brute Bonnet|Brute Bonnet|100/100
|-damage|p2a: Brute Bonnet|84/100|[from] Spikes
|turn|14
|inactive|Battle timer is ON: inactive players will automatically lose when time's up. (requested by kanitanku)
|
|t:|1779557231
|cant|p1a: Samurott|par
|move|p2a: Brute Bonnet|Seed Bomb|p1a: Samurott
|-supereffective|p1a: Samurott
|-damage|p1a: Samurott|0 fnt
|faint|p1a: Samurott
|-damage|p2a: Brute Bonnet|74/100|[from] item: Life Orb
|
|upkeep
|
|t:|1779557236
|switch|p1a: Cloyster|Cloyster, M|100/100
|turn|15
|
|t:|1779557238
|move|p2a: Brute Bonnet|Seed Bomb|p1a: Cloyster
|-supereffective|p1a: Cloyster
|-enditem|p1a: Cloyster|Focus Sash
|-damage|p1a: Cloyster|1/100
|-damage|p2a: Brute Bonnet|64/100|[from] item: Life Orb
|move|p1a: Cloyster|Shell Smash|p1a: Cloyster
|-unboost|p1a: Cloyster|def|1
|-unboost|p1a: Cloyster|spd|1
|-boost|p1a: Cloyster|atk|2
|-boost|p1a: Cloyster|spa|2
|-boost|p1a: Cloyster|spe|2
|
|-fieldend|move: Trick Room
|upkeep
|turn|16
|
|t:|1779557246
|move|p2a: Brute Bonnet|Sucker Punch|p1a: Cloyster
|-damage|p1a: Cloyster|0 fnt
|faint|p1a: Cloyster
|-damage|p2a: Brute Bonnet|54/100|[from] item: Life Orb
|
|upkeep
|
|t:|1779557247
|switch|p1a: Gengar|Gengar, F|100/100
|turn|17
|
|t:|1779557251
|move|p2a: Brute Bonnet|Sucker Punch|p1a: Gengar
|-supereffective|p1a: Gengar
|-enditem|p1a: Gengar|Focus Sash
|-damage|p1a: Gengar|1/100
|-damage|p2a: Brute Bonnet|44/100|[from] item: Life Orb
|move|p1a: Gengar|Sludge Wave|p2a: Brute Bonnet
|-supereffective|p2a: Brute Bonnet
|-damage|p2a: Brute Bonnet|0 fnt
|faint|p2a: Brute Bonnet
|-end|p2a: Brute Bonnet|Protosynthesis|[silent]
|
|upkeep
|
|t:|1779557255
|switch|p2a: Iron Hands|Iron Hands|100/100
|-damage|p2a: Iron Hands|84/100|[from] Spikes
|-enditem|p2a: Iron Hands|Booster Energy
|-activate|p2a: Iron Hands|ability: Quark Drive|[fromitem]
|-start|p2a: Iron Hands|quarkdriveatk
|turn|18
|inactive|SgtBrick14 has 120 seconds left.
|inactive|SgtBrick14 has 90 seconds left.
|inactive|SgtBrick14 has 60 seconds left.
|inactive|SgtBrick14 has 30 seconds left.
|inactive|SgtBrick14 has 20 seconds left.
|inactive|SgtBrick14 has 15 seconds left.
|inactive|SgtBrick14 has 10 seconds left.
|inactive|SgtBrick14 has 5 seconds left.
|-message|SgtBrick14 lost due to inactivity.
|
|win|kanitanku
|raw|SgtBrick14's rating: 1423 &rarr; <strong>1401</strong><br />(-22 for losing)
|raw|kanitanku's rating: 1383 &rarr; <strong>1405</strong><br />(+22 for winning)
|l|☆SgtBrick14
|player|p1|
