|j|☆glimpseman
|j|☆BiggieChed66
|t:|1779654109
|gametype|singles
|player|p1|glimpseman|#wcor2025canada|1337
|player|p2|BiggieChed66|ghetsis-gen5bw|1393
|gen|9
|tier|[Gen 9] OU
|rated|
|rule|HP Percentage Mod: HP is shown in percentages
|rule|Endless Battle Clause: Forcing endless battles is banned
|rule|Species Clause: Limit one of each Pokémon
|rule|OHKO Clause: OHKO moves are banned
|rule|Evasion Items Clause: Evasion items are banned
|rule|Evasion Moves Clause: Evasion moves are banned
|rule|Evasion Abilities Clause: Evasion abilities are banned
|rule|Sleep Moves Clause: Sleep-inducing moves are banned
|clearpoke
|poke|p1|Toxtricity, M|
|poke|p1|Gholdengo|
|poke|p1|Samurott-Hisui, F|
|poke|p1|Glimmora, M|
|poke|p1|Iron Valiant|
|poke|p1|Rillaboom, M|
|poke|p2|Gholdengo|
|poke|p2|Gliscor, M|
|poke|p2|Iron Moth|
|poke|p2|Great Tusk|
|poke|p2|Ogerpon-Wellspring, F|
|poke|p2|Zapdos|
|teampreview
|inactive|Battle timer is ON: inactive players will automatically lose when time's up. (requested by glimpseman)
|
|t:|1779654119
|teamsize|p1|6
|teamsize|p2|6
|start
|switch|p1a: Samurott|Samurott-Hisui, F|100/100
|switch|p2a: Great Tusk|Great Tusk|100/100
|turn|1
|
|t:|1779654124
|move|p1a: Samurott|Flip Turn|p2a: Great Tusk
|-supereffective|p2a: Great Tusk
|-damage|p2a: Great Tusk|57/100
|
|t:|1779654127
|switch|p1a: Rillaboom|Rillaboom, M|100/100|[from] Flip Turn
|-fieldstart|move: Grassy Terrain|[from] ability: Grassy Surge|[of] p1a: Rillaboom
|move|p2a: Great Tusk|Stealth Rock|p1a: Rillaboom
|-sidestart|p1: glimpseman|move: Stealth Rock
|
|-heal|p2a: Great Tusk|63/100|[from] Grassy Terrain
|upkeep
|turn|2
|
|t:|1779654132
|-end|p2a: Great Tusk|Protosynthesis|[silent]
|switch|p2a: Iron Moth|Iron Moth|100/100
|-enditem|p2a: Iron Moth|Booster Energy
|-activate|p2a: Iron Moth|ability: Quark Drive|[fromitem]
|-start|p2a: Iron Moth|quarkdrivespe
|move|p1a: Rillaboom|Knock Off|p2a: Iron Moth
|-damage|p2a: Iron Moth|68/100
|
|-heal|p2a: Iron Moth|74/100|[from] Grassy Terrain
|upkeep
|turn|3
|
|t:|1779654139
|move|p2a: Iron Moth|Fiery Dance|p1a: Rillaboom
|-supereffective|p1a: Rillaboom
|-damage|p1a: Rillaboom|47/100
|-boost|p2a: Iron Moth|spa|1
|move|p1a: Rillaboom|High Horsepower|p2a: Iron Moth
|-supereffective|p2a: Iron Moth
|-crit|p2a: Iron Moth
|-damage|p2a: Iron Moth|0 fnt
|faint|p2a: Iron Moth
|-end|p2a: Iron Moth|Quark Drive|[silent]
|
|-heal|p1a: Rillaboom|53/100|[from] Grassy Terrain
|upkeep
|
|t:|1779654149
|switch|p2a: Zapdos|Zapdos, shiny|100/100
|turn|4
|
|t:|1779654153
|switch|p1a: Glimmora|Glimmora, M|100/100
|-damage|p1a: Glimmora|88/100|[from] Stealth Rock
|move|p2a: Zapdos|Heat Wave|p1a: Glimmora
|-resisted|p1a: Glimmora
|-damage|p1a: Glimmora|70/100
|
|-heal|p1a: Glimmora|76/100|[from] Grassy Terrain
|upkeep
|turn|5
|
|t:|1779654157
|move|p2a: Zapdos|Volt Switch|p1a: Glimmora
|-damage|p1a: Glimmora|36/100
|
|t:|1779654161
|switch|p2a: Great Tusk|Great Tusk|63/100|[from] Volt Switch
|move|p1a: Glimmora|Toxic|p2a: Great Tusk
|-status|p2a: Great Tusk|tox
|
|-heal|p2a: Great Tusk|69/100 tox|[from] Grassy Terrain
|-heal|p1a: Glimmora|43/100|[from] Grassy Terrain
|-damage|p2a: Great Tusk|63/100 tox|[from] psn
|-fieldend|move: Grassy Terrain
|upkeep
|turn|6
|
|t:|1779654169
|move|p2a: Great Tusk|Headlong Rush|p1a: Glimmora
|-supereffective|p1a: Glimmora
|-damage|p1a: Glimmora|0 fnt
|-unboost|p2a: Great Tusk|def|1
|-unboost|p2a: Great Tusk|spd|1
|-damage|p2a: Great Tusk|47/100 tox|[from] item: Rocky Helmet|[of] p1a: Glimmora
|faint|p1a: Glimmora
|
|-damage|p2a: Great Tusk|34/100 tox|[from] psn
|upkeep
|
|t:|1779654177
|switch|p1a: Samurott|Samurott-Hisui, F|100/100
|-damage|p1a: Samurott|88/100|[from] Stealth Rock
|turn|7
|
|t:|1779654182
|move|p1a: Samurott|Ceaseless Edge|p2a: Great Tusk
|-resisted|p2a: Great Tusk
|-damage|p2a: Great Tusk|9/100 tox
|-sidestart|p2: BiggieChed66|Spikes
|move|p2a: Great Tusk|Headlong Rush|p1a: Samurott
|-damage|p1a: Samurott|8/100
|-unboost|p2a: Great Tusk|def|1
|-unboost|p2a: Great Tusk|spd|1
|
|-damage|p2a: Great Tusk|0 fnt|[from] psn
|faint|p2a: Great Tusk
|-end|p2a: Great Tusk|Protosynthesis|[silent]
|upkeep
|
|t:|1779654189
|switch|p2a: Ogerpon|Ogerpon-Wellspring, F|100/100
|-damage|p2a: Ogerpon|88/100|[from] Spikes
|turn|8
|
|t:|1779654193
|move|p1a: Samurott|Ceaseless Edge|p2a: Ogerpon
|-damage|p2a: Ogerpon|32/100
|-sidestart|p2: BiggieChed66|Spikes
|move|p2a: Ogerpon|Horn Leech|p1a: Samurott
|-supereffective|p1a: Samurott
|-damage|p1a: Samurott|0 fnt
|-heal|p2a: Ogerpon|36/100|[from] drain|[of] p1a: Samurott
|faint|p1a: Samurott
|
|upkeep
|
|t:|1779654206
|switch|p1a: Rillaboom|Rillaboom, M|53/100
|-damage|p1a: Rillaboom|41/100|[from] Stealth Rock
|-fieldstart|move: Grassy Terrain|[from] ability: Grassy Surge|[of] p1a: Rillaboom
|turn|9
|
|t:|1779654212
|switch|p2a: Gholdengo|Gholdengo|100/100
|-damage|p2a: Gholdengo|84/100|[from] Spikes
|move|p1a: Rillaboom|U-turn|p2a: Gholdengo
|-resisted|p2a: Gholdengo
|-damage|p2a: Gholdengo|77/100
|
|t:|1779654228
|switch|p1a: Gholdengo|Gholdengo|100/100|[from] U-turn
|-damage|p1a: Gholdengo|94/100|[from] Stealth Rock
|
|-heal|p2a: Gholdengo|83/100|[from] Grassy Terrain
|-heal|p1a: Gholdengo|100/100|[from] Grassy Terrain
|upkeep
|turn|10
|
|t:|1779654230
|move|p2a: Gholdengo|Shadow Ball|p1a: Gholdengo
|-supereffective|p1a: Gholdengo
|-damage|p1a: Gholdengo|0 fnt
|faint|p1a: Gholdengo
|
|-heal|p2a: Gholdengo|89/100|[from] Grassy Terrain
|upkeep
|
|t:|1779654234
|switch|p1a: Iron Valiant|Iron Valiant|100/100
|-damage|p1a: Iron Valiant|94/100|[from] Stealth Rock
|-enditem|p1a: Iron Valiant|Booster Energy
|-activate|p1a: Iron Valiant|ability: Quark Drive|[fromitem]
|-start|p1a: Iron Valiant|quarkdrivespe
|turn|11
|
|t:|1779654236
|move|p1a: Iron Valiant|Knock Off|p2a: Gholdengo
|-supereffective|p2a: Gholdengo
|-damage|p2a: Gholdengo|8/100
|-enditem|p2a: Gholdengo|Choice Scarf|[from] move: Knock Off|[of] p1a: Iron Valiant
|move|p2a: Gholdengo|Shadow Ball|p1a: Iron Valiant
|-damage|p1a: Iron Valiant|22/100
|-unboost|p1a: Iron Valiant|spd|1
|
|-heal|p1a: Iron Valiant|29/100|[from] Grassy Terrain
|-heal|p2a: Gholdengo|14/100|[from] Grassy Terrain
|upkeep
|turn|12
|
|t:|1779654241
|move|p1a: Iron Valiant|Knock Off|p2a: Gholdengo
|-supereffective|p2a: Gholdengo
|-crit|p2a: Gholdengo
|-damage|p2a: Gholdengo|0 fnt
|faint|p2a: Gholdengo
|
|-heal|p1a: Iron Valiant|35/100|[from] Grassy Terrain
|upkeep
|
|t:|1779654244
|switch|p2a: Gliscor|Gliscor, M|100/100
|turn|13
|
|t:|1779654248
|move|p2a: Gliscor|Protect|p2a: Gliscor
|-singleturn|p2a: Gliscor|Protect
|move|p1a: Iron Valiant|Knock Off|p2a: Gliscor
|-activate|p2a: Gliscor|move: Protect
|
|-heal|p1a: Iron Valiant|41/100|[from] Grassy Terrain
|-fieldend|move: Grassy Terrain
|-status|p2a: Gliscor|tox|[from] item: Toxic Orb
|upkeep
|turn|14
|
|t:|1779654252
|move|p1a: Iron Valiant|Encore|p2a: Gliscor
|-start|p2a: Gliscor|Encore
|move|p2a: Gliscor|Protect||[still]
|-fail|p2a: Gliscor
|
|upkeep
|turn|15
|
|t:|1779654255
|switch|p2a: Zapdos|Zapdos, shiny|100/100
|move|p1a: Iron Valiant|Swords Dance|p1a: Iron Valiant
|-boost|p1a: Iron Valiant|atk|2
|
|upkeep
|turn|16
|
|t:|1779654261
|move|p1a: Iron Valiant|Knock Off|p2a: Zapdos
|-damage|p2a: Zapdos|17/100
|-enditem|p2a: Zapdos|Heavy-Duty Boots|[from] move: Knock Off|[of] p1a: Iron Valiant
|move|p2a: Zapdos|Volt Switch|p1a: Iron Valiant
|-damage|p1a: Iron Valiant|0 fnt
|faint|p1a: Iron Valiant
|-end|p1a: Iron Valiant|Quark Drive|[silent]
|
|t:|1779654263
|switch|p2a: Gliscor|Gliscor, M|100/100 tox|[from] Volt Switch
|
|upkeep
|
|t:|1779654267
|switch|p1a: Toxtricity|Toxtricity, M, shiny|100/100
|-damage|p1a: Toxtricity|88/100|[from] Stealth Rock
|turn|17
|
|t:|1779654272
|-terastallize|p1a: Toxtricity|Normal
|move|p1a: Toxtricity|Shift Gear|p1a: Toxtricity
|-boost|p1a: Toxtricity|spe|2
|-boost|p1a: Toxtricity|atk|1
|move|p2a: Gliscor|Earthquake|p1a: Toxtricity
|-damage|p1a: Toxtricity|38/100
|
|upkeep
|turn|18
|
|t:|1779654278
|move|p1a: Toxtricity|Boomburst|p2a: Gliscor
|-damage|p2a: Gliscor|0 fnt
|faint|p2a: Gliscor
|-enditem|p1a: Toxtricity|Throat Spray
|-boost|p1a: Toxtricity|spa|1|[from] item: Throat Spray
|
|upkeep
|-message|BiggieChed66 forfeited.
|
|win|glimpseman
|raw|glimpseman's rating: 1337 &rarr; <strong>1360</strong><br />(+23 for winning)
|raw|BiggieChed66's rating: 1393 &rarr; <strong>1370</strong><br />(-23 for losing)
|l|☆BiggieChed66
|player|p2|
|l|☆glimpseman
|player|p1|
|j|☆glimpseman
|player|p1|glimpseman|#wcor2025canada|
