|j|☆Brodie9069
|j|☆ciornyy
|t:|1779647485
|gametype|singles
|player|p1|Brodie9069|pokemonbreeder-gen4|1154
|player|p2|ciornyy|265|1166
|gen|9
|tier|[Gen 9] OU
|rated|
|rule|HP Percentage Mod: HP is shown in percentages
|rule|Endless Battle Clause: Forcing endless battles is banned
|rule|Species Clause: Limit one of each Pokémon
|rule|OHKO Clause: OHKO moves are banned
|rule|Evasion Items Clause: Evasion items are banned
|rule|Evasion Moves Clause: Evasion moves are banned
|rule|Evasion Abilities Clause: Evasion abilities are banned
|rule|Sleep Moves Clause: Sleep-inducing moves are banned
|clearpoke
|poke|p1|Kilowattrel, M|
|poke|p1|Pelipper, F|
|poke|p1|Honchkrow, F|
|poke|p1|Masquerain, F|
|poke|p1|Staraptor, M|
|poke|p1|Skarmory, F|
|poke|p2|Kingambit, M|
|poke|p2|Gliscor, M|
|poke|p2|Zapdos|
|poke|p2|Rillaboom, F|
|poke|p2|Dragapult, M|
|poke|p2|Inteleon, F|
|teampreview
|inactive|Battle timer is ON: inactive players will automatically lose when time's up. (requested by Brodie9069)
|
|t:|1779647512
|teamsize|p1|6
|teamsize|p2|6
|start
|switch|p1a: Toaletchy|Pelipper, F|100/100
|switch|p2a: Inteleon|Inteleon, F|100/100
|-weather|RainDance|[from] ability: Drizzle|[of] p1a: Toaletchy
|turn|1
|
|t:|1779647518
|move|p2a: Inteleon|Icicle Spear|p1a: Toaletchy
|-damage|p1a: Toaletchy|95/100
|-damage|p1a: Toaletchy|88/100
|-damage|p1a: Toaletchy|83/100
|-damage|p1a: Toaletchy|77/100
|-damage|p1a: Toaletchy|71/100
|-hitcount|p1a: Toaletchy|5
|move|p1a: Toaletchy|U-turn|p2a: Inteleon
|-damage|p2a: Inteleon|85/100
|
|t:|1779647541
|switch|p1a: Ion-Lithium|Kilowattrel, M|100/100|[from] U-turn
|
|-weather|RainDance|[upkeep]
|upkeep
|turn|2
|
|t:|1779647552
|move|p1a: Ion-Lithium|Thunder|p2a: Inteleon
|-supereffective|p2a: Inteleon
|-damage|p2a: Inteleon|0 fnt
|faint|p2a: Inteleon
|
|-weather|RainDance|[upkeep]
|upkeep
|
|t:|1779647560
|switch|p2a: Kingambit|Kingambit, M|100/100
|-activate|p2a: Kingambit|ability: Supreme Overlord
|-start|p2a: Kingambit|fallen1|[silent]
|turn|3
|
|t:|1779647564
|move|p1a: Ion-Lithium|Volt Switch|p2a: Kingambit
|-damage|p2a: Kingambit|62/100
|
|t:|1779647568
|switch|p1a: LookAtMeh|Masquerain, F|100/100|[from] Volt Switch
|-ability|p1a: LookAtMeh|Intimidate|boost
|-unboost|p2a: Kingambit|atk|1
|move|p2a: Kingambit|Swords Dance|p2a: Kingambit
|-boost|p2a: Kingambit|atk|2
|
|-weather|RainDance|[upkeep]
|upkeep
|turn|4
|
|t:|1779647577
|move|p2a: Kingambit|Sucker Punch|p1a: LookAtMeh
|-enditem|p1a: LookAtMeh|Focus Sash
|-damage|p1a: LookAtMeh|1/100
|move|p1a: LookAtMeh|Bug Buzz|p2a: Kingambit
|-crit|p2a: Kingambit
|-damage|p2a: Kingambit|0 fnt
|faint|p2a: Kingambit
|-end|p2a: Kingambit|fallen1|[silent]
|
|-weather|RainDance|[upkeep]
|upkeep
|
|t:|1779647591
|switch|p2a: Rillaboom|Rillaboom, F|100/100
|-fieldstart|move: Grassy Terrain|[from] ability: Grassy Surge|[of] p2a: Rillaboom
|turn|5
|c|☆Brodie9069|5 birds and an imposter
|
|t:|1779647597
|switch|p1a: MamaArmor|Skarmory, F|100/100
|move|p2a: Rillaboom|Grassy Glide|p1a: MamaArmor
|-resisted|p1a: MamaArmor
|-damage|p1a: MamaArmor|90/100
|
|-weather|RainDance|[upkeep]
|-heal|p1a: MamaArmor|96/100|[from] item: Leftovers
|upkeep
|turn|6
|
|t:|1779647615
|switch|p2a: Gliscor|Gliscor, M|100/100
|move|p1a: MamaArmor|Stealth Rock|p2a: Gliscor
|-sidestart|p2: ciornyy|move: Stealth Rock
|
|-weather|RainDance|[upkeep]
|-heal|p1a: MamaArmor|100/100|[from] item: Leftovers
|-status|p2a: Gliscor|tox|[from] item: Toxic Orb
|upkeep
|turn|7
|
|t:|1779647631
|switch|p1a: LookAtMeh|Masquerain, F|1/100
|-ability|p1a: LookAtMeh|Intimidate|boost
|-unboost|p2a: Gliscor|atk|1
|move|p2a: Gliscor|Spikes|p1a: LookAtMeh
|-sidestart|p1: Brodie9069|Spikes
|
|-weather|RainDance|[upkeep]
|upkeep
|turn|8
|
|t:|1779647642
|move|p1a: LookAtMeh|Air Slash|p2a: Gliscor
|-crit|p2a: Gliscor
|-damage|p2a: Gliscor|45/100 tox
|cant|p2a: Gliscor|flinch
|
|-weather|none
|-heal|p2a: Gliscor|58/100 tox|[from] ability: Poison Heal
|upkeep
|turn|9
|
|t:|1779647649
|move|p1a: LookAtMeh|Air Slash|p2a: Gliscor|[miss]
|-miss|p1a: LookAtMeh|p2a: Gliscor
|move|p2a: Gliscor|Knock Off|p1a: LookAtMeh
|-damage|p1a: LookAtMeh|0 fnt
|faint|p1a: LookAtMeh
|
|-heal|p2a: Gliscor|70/100 tox|[from] ability: Poison Heal
|-fieldend|move: Grassy Terrain
|upkeep
|
|t:|1779647652
|switch|p1a: Toaletchy|Pelipper, F|71/100
|-weather|RainDance|[from] ability: Drizzle|[of] p1a: Toaletchy
|turn|10
|
|t:|1779647662
|move|p2a: Gliscor|Toxic|p1a: Toaletchy
|-status|p1a: Toaletchy|tox
|move|p1a: Toaletchy|Weather Ball|p2a: Gliscor
|-supereffective|p2a: Gliscor
|-damage|p2a: Gliscor|0 fnt
|faint|p2a: Gliscor
|
|-weather|RainDance|[upkeep]
|-damage|p1a: Toaletchy|65/100 tox|[from] psn
|upkeep
|
|t:|1779647671
|switch|p2a: Dragapult|Dragapult, M|100/100
|-damage|p2a: Dragapult|88/100|[from] Stealth Rock
|turn|11
|
|t:|1779647692
|switch|p1a: MamaArmor|Skarmory, F|100/100
|move|p2a: Dragapult|Shadow Ball|p1a: MamaArmor
|-damage|p1a: MamaArmor|24/100
|
|-weather|RainDance|[upkeep]
|-heal|p1a: MamaArmor|30/100|[from] item: Leftovers
|upkeep
|turn|12
|
|t:|1779647697
|move|p2a: Dragapult|Shadow Ball|p1a: MamaArmor
|-damage|p1a: MamaArmor|0 fnt
|faint|p1a: MamaArmor
|
|-weather|RainDance|[upkeep]
|upkeep
|
|t:|1779647700
|switch|p1a: Mister Signorita|Honchkrow, F|100/100
|turn|13
|
|t:|1779647709
|move|p1a: Mister Signorita|Endure|p1a: Mister Signorita
|-singleturn|p1a: Mister Signorita|move: Endure
|move|p2a: Dragapult|Shadow Ball|p1a: Mister Signorita
|-resisted|p1a: Mister Signorita
|-damage|p1a: Mister Signorita|61/100
|
|-weather|RainDance|[upkeep]
|upkeep
|turn|14
|
|t:|1779647715
|switch|p2a: Zapdos|Zapdos|100/100
|move|p1a: Mister Signorita|Tailwind|p1a: Mister Signorita
|-sidestart|p1: Brodie9069|move: Tailwind
|
|-weather|RainDance|[upkeep]
|upkeep
|turn|15
|
|t:|1779647723
|move|p1a: Mister Signorita|Endure|p1a: Mister Signorita
|-singleturn|p1a: Mister Signorita|move: Endure
|move|p2a: Zapdos|Thunderbolt|p1a: Mister Signorita
|-supereffective|p1a: Mister Signorita
|-activate|p1a: Mister Signorita|move: Endure
|-damage|p1a: Mister Signorita|1/100
|-enditem|p1a: Mister Signorita|Liechi Berry|[eat]
|-boost|p1a: Mister Signorita|atk|1|[from] item: Liechi Berry
|
|-weather|RainDance|[upkeep]
|upkeep
|turn|16
|
|t:|1779647734
|move|p1a: Mister Signorita|Sucker Punch|p2a: Zapdos
|-damage|p2a: Zapdos|60/100
|-status|p1a: Mister Signorita|par|[from] ability: Static|[of] p2a: Zapdos
|move|p2a: Zapdos|Thunderbolt|p1a: Mister Signorita
|-supereffective|p1a: Mister Signorita
|-damage|p1a: Mister Signorita|0 fnt
|faint|p1a: Mister Signorita
|
|-weather|RainDance|[upkeep]
|upkeep
|
|t:|1779647739
|switch|p1a: Ion-Lithium|Kilowattrel, M|100/100
|turn|17
|
|t:|1779647753
|-terastallize|p2a: Zapdos|Ice
|move|p1a: Ion-Lithium|Thunder|p2a: Zapdos
|-damage|p2a: Zapdos|9/100
|-status|p2a: Zapdos|par
|move|p2a: Zapdos|Hurricane|p1a: Ion-Lithium
|-resisted|p1a: Ion-Lithium
|-damage|p1a: Ion-Lithium|59/100
|
|-weather|none
|-sideend|p1: Brodie9069|move: Tailwind
|upkeep
|turn|18
|
|t:|1779647762
|move|p1a: Ion-Lithium|Volt Switch|p2a: Zapdos
|-damage|p2a: Zapdos|0 fnt
|faint|p2a: Zapdos
|
|t:|1779647765
|switch|p1a: Toaletchy|Pelipper, F|65/100 tox|[from] Volt Switch
|-weather|RainDance|[from] ability: Drizzle|[of] p1a: Toaletchy
|
|-weather|RainDance|[upkeep]
|-damage|p1a: Toaletchy|58/100 tox|[from] psn
|upkeep
|
|t:|1779647771
|switch|p2a: Rillaboom|Rillaboom, F|100/100
|-damage|p2a: Rillaboom|88/100|[from] Stealth Rock
|-fieldstart|move: Grassy Terrain|[from] ability: Grassy Surge|[of] p2a: Rillaboom
|turn|19
|
|t:|1779647777
|move|p2a: Rillaboom|Wood Hammer|p1a: Toaletchy
|-damage|p1a: Toaletchy|0 fnt
|faint|p1a: Toaletchy
|-damage|p2a: Rillaboom|70/100|[from] Recoil
|
|-weather|RainDance|[upkeep]
|-heal|p2a: Rillaboom|76/100|[from] Grassy Terrain
|upkeep
|
|t:|1779647781
|switch|p1a: Ion-Lithium|Kilowattrel, M|59/100
|turn|20
|
|t:|1779647787
|move|p1a: Ion-Lithium|Hurricane|p2a: Rillaboom
|-supereffective|p2a: Rillaboom
|-damage|p2a: Rillaboom|0 fnt
|faint|p2a: Rillaboom
|
|-weather|RainDance|[upkeep]
|upkeep
|
|t:|1779647789
|switch|p2a: Dragapult|Dragapult, M|88/100
|-damage|p2a: Dragapult|76/100|[from] Stealth Rock
|turn|21
|
|t:|1779647794
|move|p2a: Dragapult|Draco Meteor|p1a: Ion-Lithium
|-damage|p1a: Ion-Lithium|0 fnt
|-unboost|p2a: Dragapult|spa|2
|faint|p1a: Ion-Lithium
|
|-weather|RainDance|[upkeep]
|-heal|p2a: Dragapult|82/100|[from] Grassy Terrain
|upkeep
|
|t:|1779647797
|switch|p1a: Emobirb|Staraptor, M|100/100
|turn|22
|
|t:|1779647799
|move|p2a: Dragapult|Draco Meteor|p1a: Emobirb
|-damage|p1a: Emobirb|38/100
|-unboost|p2a: Dragapult|spa|2
|move|p1a: Emobirb|Brave Bird|p2a: Dragapult
|-damage|p2a: Dragapult|0 fnt
|faint|p2a: Dragapult
|-damage|p1a: Emobirb|14/100|[from] Recoil
|
|win|Brodie9069
|raw|Brodie9069's rating: 1154 &rarr; <strong>1180</strong><br />(+26 for winning)
|raw|ciornyy's rating: 1166 &rarr; <strong>1140</strong><br />(-26 for losing)
|l|☆ciornyy
|player|p2|
|l|☆Brodie9069
|player|p1|
