|j|☆thegreatestnone
|j|☆Jus4funsies
|t:|1779594691
|gametype|singles
|player|p1|thegreatestnone|170|1501
|player|p2|Jus4funsies|teamrocket|1668
|gen|9
|tier|[Gen 9] OU
|rated|
|rule|HP Percentage Mod: HP is shown in percentages
|rule|Endless Battle Clause: Forcing endless battles is banned
|rule|Species Clause: Limit one of each Pokémon
|rule|OHKO Clause: OHKO moves are banned
|rule|Evasion Items Clause: Evasion items are banned
|rule|Evasion Moves Clause: Evasion moves are banned
|rule|Evasion Abilities Clause: Evasion abilities are banned
|rule|Sleep Moves Clause: Sleep-inducing moves are banned
|clearpoke
|poke|p1|Dragapult, M|
|poke|p1|Ting-Lu|
|poke|p1|Skeledirge, M|
|poke|p1|Amoonguss, F|
|poke|p1|Weezing-Galar, M|
|poke|p1|Slowking, F|
|poke|p2|Samurott-Hisui, F|
|poke|p2|Gholdengo|
|poke|p2|Great Tusk|
|poke|p2|Dragonite, M|
|poke|p2|Raging Bolt|
|poke|p2|Kingambit, M|
|teampreview
|
|t:|1779594704
|teamsize|p1|6
|teamsize|p2|6
|start
|switch|p1a: Weezing|Weezing-Galar, M|100/100
|switch|p2a: Shamiqua|Samurott-Hisui, F|100/100
|turn|1
|
|t:|1779594715
|move|p2a: Shamiqua|Taunt|p1a: Weezing
|-start|p1a: Weezing|move: Taunt
|move|p1a: Weezing|Sludge Bomb|p2a: Shamiqua
|-damage|p2a: Shamiqua|53/100
|-status|p2a: Shamiqua|psn
|
|-damage|p2a: Shamiqua|40/100 psn|[from] psn
|upkeep
|turn|2
|
|t:|1779594724
|move|p2a: Shamiqua|Ceaseless Edge|p1a: Weezing
|-resisted|p1a: Weezing
|-damage|p1a: Weezing|86/100
|-sidestart|p1: thegreatestnone|Spikes
|move|p1a: Weezing|Flamethrower|p2a: Shamiqua
|-resisted|p2a: Shamiqua
|-damage|p2a: Shamiqua|24/100 psn
|
|-heal|p1a: Weezing|92/100|[from] item: Leftovers
|-damage|p2a: Shamiqua|11/100 psn|[from] psn
|upkeep
|turn|3
|
|t:|1779594729
|move|p2a: Shamiqua|Ceaseless Edge|p1a: Weezing
|-resisted|p1a: Weezing
|-damage|p1a: Weezing|75/100
|-sidestart|p1: thegreatestnone|Spikes
|move|p1a: Weezing|Sludge Bomb|p2a: Shamiqua
|-damage|p2a: Shamiqua|0 fnt
|faint|p2a: Shamiqua
|
|-heal|p1a: Weezing|81/100|[from] item: Leftovers
|-end|p1a: Weezing|move: Taunt
|upkeep
|
|t:|1779594733
|switch|p2a: Cinna-Mon|Gholdengo|100/100
|-item|p2a: Cinna-Mon|Air Balloon
|turn|4
|
|t:|1779594740
|switch|p1a: Slowking|Slowking, F|100/100
|move|p2a: Cinna-Mon|Make It Rain|p1a: Slowking
|-resisted|p1a: Slowking
|-damage|p1a: Slowking|83/100
|-unboost|p2a: Cinna-Mon|spa|1
|
|upkeep
|turn|5
|
|t:|1779594759
|switch|p2a: Daddy long neck|Raging Bolt|100/100
|-enditem|p2a: Daddy long neck|Booster Energy
|-activate|p2a: Daddy long neck|ability: Protosynthesis|[fromitem]
|-start|p2a: Daddy long neck|protosynthesisspa
|-prepare|p1a: Slowking|Chilly Reception|[premajor]
|move|p1a: Slowking|Chilly Reception|p1a: Slowking
|-weather|Snowscape
|
|t:|1779594767
|switch|p1a: Dragapult|Dragapult, M|100/100|[from] Chilly Reception
|-damage|p1a: Dragapult|84/100|[from] Spikes
|
|-weather|Snowscape|[upkeep]
|upkeep
|turn|6
|
|t:|1779594773
|-terastallize|p2a: Daddy long neck|Fairy
|move|p1a: Dragapult|U-turn|p2a: Daddy long neck
|-resisted|p2a: Daddy long neck
|-damage|p2a: Daddy long neck|83/100
|c|☆Jus4funsies|:/
|
|t:|1779594779
|switch|p1a: Amoonguss|Amoonguss, F|100/100|[from] U-turn
|move|p2a: Daddy long neck|Dragon Pulse|p1a: Amoonguss
|-damage|p1a: Amoonguss|41/100
|
|-weather|Snowscape|[upkeep]
|upkeep
|turn|7
|
|t:|1779594793
|switch|p1a: Ting-Lu|Ting-Lu|100/100
|-damage|p1a: Ting-Lu|84/100|[from] Spikes
|-ability|p1a: Ting-Lu|Vessel of Ruin
|move|p2a: Daddy long neck|Dragon Pulse|p1a: Ting-Lu
|-damage|p1a: Ting-Lu|58/100
|
|-weather|Snowscape|[upkeep]
|-heal|p1a: Ting-Lu|64/100|[from] item: Leftovers
|upkeep
|turn|8
|
|t:|1779594796
|-end|p2a: Daddy long neck|Protosynthesis|[silent]
|switch|p2a: Tyrone|Great Tusk|100/100
|move|p1a: Ting-Lu|Earthquake|p2a: Tyrone
|-damage|p2a: Tyrone|74/100
|
|-weather|Snowscape|[upkeep]
|-heal|p1a: Ting-Lu|70/100|[from] item: Leftovers
|upkeep
|turn|9
|j| Yamhard
|
|t:|1779594800
|switch|p1a: Weezing|Weezing-Galar, M|81/100
|move|p2a: Tyrone|Stealth Rock|p1a: Weezing
|-sidestart|p1: thegreatestnone|move: Stealth Rock
|
|-weather|none
|-heal|p1a: Weezing|87/100|[from] item: Leftovers
|upkeep
|turn|10
|
|t:|1779594808
|-end|p2a: Tyrone|Protosynthesis|[silent]
|switch|p2a: Cinna-Mon|Gholdengo|100/100
|-item|p2a: Cinna-Mon|Air Balloon
|move|p1a: Weezing|Flamethrower|p2a: Cinna-Mon
|-supereffective|p2a: Cinna-Mon
|-damage|p2a: Cinna-Mon|53/100
|-enditem|p2a: Cinna-Mon|Air Balloon
|
|-heal|p1a: Weezing|93/100|[from] item: Leftovers
|upkeep
|turn|11
|
|t:|1779594818
|-terastallize|p1a: Weezing|Steel
|move|p2a: Cinna-Mon|Make It Rain|p1a: Weezing
|-resisted|p1a: Weezing
|-damage|p1a: Weezing|51/100
|-unboost|p2a: Cinna-Mon|spa|1
|move|p1a: Weezing|Flamethrower|p2a: Cinna-Mon
|-supereffective|p2a: Cinna-Mon
|-damage|p2a: Cinna-Mon|1/100
|
|-heal|p1a: Weezing|57/100|[from] item: Leftovers
|upkeep
|turn|12
|
|t:|1779594845
|move|p2a: Cinna-Mon|Recover|p2a: Cinna-Mon
|-heal|p2a: Cinna-Mon|51/100
|move|p1a: Weezing|Flamethrower|p2a: Cinna-Mon
|-supereffective|p2a: Cinna-Mon
|-damage|p2a: Cinna-Mon|4/100
|
|-heal|p1a: Weezing|63/100|[from] item: Leftovers
|upkeep
|turn|13
|
|t:|1779594865
|switch|p2a: Daddy long neck|Raging Bolt, tera:Fairy|83/100
|move|p1a: Weezing|Flamethrower|p2a: Daddy long neck
|-damage|p2a: Daddy long neck|64/100
|
|-heal|p1a: Weezing|69/100|[from] item: Leftovers
|upkeep
|turn|14
|
|t:|1779594871
|switch|p1a: Ting-Lu|Ting-Lu|70/100
|-damage|p1a: Ting-Lu|54/100|[from] Spikes
|-damage|p1a: Ting-Lu|47/100|[from] Stealth Rock
|-ability|p1a: Ting-Lu|Vessel of Ruin
|move|p2a: Daddy long neck|Thunderbolt|p1a: Ting-Lu
|-immune|p1a: Ting-Lu
|
|-heal|p1a: Ting-Lu|54/100|[from] item: Leftovers
|upkeep
|turn|15
|
|t:|1779594878
|-end|p2a: Daddy long neck|Protosynthesis|[silent]
|switch|p2a: Tyrone|Great Tusk|74/100
|move|p1a: Ting-Lu|Spikes|p2a: Tyrone
|-sidestart|p2: Jus4funsies|Spikes
|
|-heal|p1a: Ting-Lu|60/100|[from] item: Leftovers
|upkeep
|turn|16
|
|t:|1779594884
|switch|p1a: Weezing|Weezing-Galar, M, tera:Steel|69/100
|-damage|p1a: Weezing|63/100|[from] Stealth Rock
|move|p2a: Tyrone|Ice Spinner|p1a: Weezing
|-resisted|p1a: Weezing
|-damage|p1a: Weezing|53/100
|
|-heal|p1a: Weezing|59/100|[from] item: Leftovers
|upkeep
|turn|17
|
|t:|1779594889
|move|p2a: Tyrone|Rapid Spin|p1a: Weezing
|-resisted|p1a: Weezing
|-damage|p1a: Weezing|52/100
|-boost|p2a: Tyrone|spe|1
|-sideend|p2: Jus4funsies|Spikes|[from] move: Rapid Spin|[of] p2a: Tyrone
|move|p1a: Weezing|Flamethrower|p2a: Tyrone
|-damage|p2a: Tyrone|41/100
|
|-heal|p1a: Weezing|58/100|[from] item: Leftovers
|upkeep
|turn|18
|
|t:|1779594896
|-end|p2a: Tyrone|Protosynthesis|[silent]
|switch|p2a: Daddy long neck|Raging Bolt, tera:Fairy|64/100
|move|p1a: Weezing|Sludge Bomb|p2a: Daddy long neck
|-supereffective|p2a: Daddy long neck
|-damage|p2a: Daddy long neck|4/100
|
|-heal|p1a: Weezing|64/100|[from] item: Leftovers
|upkeep
|turn|19
|
|t:|1779594904
|switch|p1a: Ting-Lu|Ting-Lu|60/100
|-damage|p1a: Ting-Lu|43/100|[from] Spikes
|-damage|p1a: Ting-Lu|37/100|[from] Stealth Rock
|-ability|p1a: Ting-Lu|Vessel of Ruin
|move|p2a: Daddy long neck|Dragon Pulse|p1a: Ting-Lu
|-damage|p1a: Ting-Lu|16/100
|
|-heal|p1a: Ting-Lu|22/100|[from] item: Leftovers
|upkeep
|turn|20
|
|t:|1779594908
|move|p2a: Daddy long neck|Dragon Pulse|p1a: Ting-Lu
|-damage|p1a: Ting-Lu|0 fnt
|faint|p1a: Ting-Lu
|
|upkeep
|l| Yamhard
|
|t:|1779594911
|switch|p1a: Dragapult|Dragapult, M|84/100
|-damage|p1a: Dragapult|68/100|[from] Spikes
|-damage|p1a: Dragapult|55/100|[from] Stealth Rock
|turn|21
|
|t:|1779594918
|-end|p2a: Daddy long neck|Protosynthesis|[silent]
|switch|p2a: WE WUZ|Kingambit, M, shiny|100/100
|-activate|p2a: WE WUZ|ability: Supreme Overlord
|-start|p2a: WE WUZ|fallen1|[silent]
|move|p1a: Dragapult|U-turn|p2a: WE WUZ
|-damage|p2a: WE WUZ|67/100
|
|t:|1779594925
|switch|p1a: Skeledirge|Skeledirge, M|100/100|[from] U-turn
|
|upkeep
|turn|22
|
|t:|1779594933
|-end|p2a: WE WUZ|fallen1|[silent]
|switch|p2a: Tyrone|Great Tusk|41/100
|move|p1a: Skeledirge|Will-O-Wisp|p2a: Tyrone|[miss]
|-miss|p1a: Skeledirge|p2a: Tyrone
|
|upkeep
|turn|23
|
|t:|1779594938
|move|p2a: Tyrone|Headlong Rush|p1a: Skeledirge
|-supereffective|p1a: Skeledirge
|-damage|p1a: Skeledirge|20/100
|-unboost|p2a: Tyrone|def|1
|-unboost|p2a: Tyrone|spd|1
|move|p1a: Skeledirge|Torch Song|p2a: Tyrone
|-damage|p2a: Tyrone|0 fnt
|-boost|p1a: Skeledirge|spa|1
|faint|p2a: Tyrone
|-end|p2a: Tyrone|Protosynthesis|[silent]
|
|upkeep
|
|t:|1779594944
|switch|p2a: Cinna-Mon|Gholdengo|4/100
|turn|24
|
|t:|1779594953
|switch|p1a: Amoonguss|Amoonguss, F|74/100
|move|p2a: Cinna-Mon|Shadow Ball|p1a: Amoonguss
|-damage|p1a: Amoonguss|35/100
|
|upkeep
|turn|25
|
|t:|1779594958
|switch|p1a: Weezing|Weezing-Galar, M, tera:Steel|64/100
|-damage|p1a: Weezing|58/100|[from] Stealth Rock
|move|p2a: Cinna-Mon|Shadow Ball|p1a: Weezing
|-damage|p1a: Weezing|3/100
|
|-heal|p1a: Weezing|9/100|[from] item: Leftovers
|upkeep
|turn|26
|
|t:|1779594961
|move|p2a: Cinna-Mon|Shadow Ball|p1a: Weezing
|-damage|p1a: Weezing|0 fnt
|faint|p1a: Weezing
|
|upkeep
|
|t:|1779594964
|switch|p1a: Dragapult|Dragapult, M|55/100
|-damage|p1a: Dragapult|39/100|[from] Spikes
|-damage|p1a: Dragapult|27/100|[from] Stealth Rock
|turn|27
|
|t:|1779594966
|switch|p2a: WE WUZ|Kingambit, M, shiny|67/100
|-activate|p2a: WE WUZ|ability: Supreme Overlord
|-start|p2a: WE WUZ|fallen2|[silent]
|move|p1a: Dragapult|U-turn|p2a: WE WUZ
|-damage|p2a: WE WUZ|35/100
|
|t:|1779594969
|switch|p1a: Skeledirge|Skeledirge, M|20/100|[from] U-turn
|
|upkeep
|turn|28
|
|t:|1779594973
|move|p2a: WE WUZ|Sucker Punch||[still]
|-fail|p2a: WE WUZ
|move|p1a: Skeledirge|Slack Off|p1a: Skeledirge
|-heal|p1a: Skeledirge|70/100
|
|upkeep
|turn|29
|
|t:|1779594976
|move|p2a: WE WUZ|Kowtow Cleave|p1a: Skeledirge
|-supereffective|p1a: Skeledirge
|-damage|p1a: Skeledirge|0 fnt
|faint|p1a: Skeledirge
|
|upkeep
|
|t:|1779594981
|switch|p1a: Slowking|Slowking, F|100/100
|turn|30
|
|t:|1779594983
|move|p2a: WE WUZ|Kowtow Cleave|p1a: Slowking
|-supereffective|p1a: Slowking
|-damage|p1a: Slowking|0 fnt
|faint|p1a: Slowking
|
|upkeep
|-message|thegreatestnone forfeited.
|
|win|Jus4funsies
|raw|thegreatestnone's rating: 1501 &rarr; <strong>1490</strong><br />(-11 for losing)
|raw|Jus4funsies's rating: 1668 &rarr; <strong>1679</strong><br />(+11 for winning)
|l|☆thegreatestnone
|player|p1|
