|j|☆Ct3tha
|j|☆Adobo413
|t:|1779576446
|gametype|singles
|player|p1|Ct3tha|101|1112
|player|p2|Adobo413|juan|1052
|gen|9
|tier|[Gen 9] OU
|rated|
|rule|HP Percentage Mod: HP is shown in percentages
|rule|Endless Battle Clause: Forcing endless battles is banned
|rule|Species Clause: Limit one of each Pokémon
|rule|OHKO Clause: OHKO moves are banned
|rule|Evasion Items Clause: Evasion items are banned
|rule|Evasion Moves Clause: Evasion moves are banned
|rule|Evasion Abilities Clause: Evasion abilities are banned
|rule|Sleep Moves Clause: Sleep-inducing moves are banned
|clearpoke
|poke|p1|Noctowl, M|
|poke|p1|Darkrai|
|poke|p1|Dragonite, F|
|poke|p1|Gholdengo|
|poke|p1|Ting-Lu|
|poke|p1|Meowscarada, M|
|poke|p2|Greninja-*, F|
|poke|p2|Umbreon, M|
|poke|p2|Zoroark-Hisui, F|
|poke|p2|Meowscarada, F|
|poke|p2|Ursaluna, M|
|poke|p2|Weezing-Galar, F|
|teampreview
|
|t:|1779576454
|teamsize|p1|6
|teamsize|p2|6
|start
|switch|p1a: Meowscarada|Meowscarada, M|100/100
|switch|p2a: Greninja|Greninja, F, shiny|100/100
|turn|1
|
|t:|1779576462
|move|p2a: Greninja|U-turn|p1a: Meowscarada
|-start|p2a: Greninja|typechange|Bug|[from] ability: Protean
|-supereffective|p1a: Meowscarada
|-crit|p1a: Meowscarada
|-damage|p1a: Meowscarada|0 fnt
|faint|p1a: Meowscarada
|
|t:|1779576469
|switch|p2a: Ursaluna|Ursaluna, M, shiny|100/100|[from] U-turn
|
|-status|p2a: Ursaluna|brn|[from] item: Flame Orb
|upkeep
|inactive|Battle timer is ON: inactive players will automatically lose when time's up. (requested by Ct3tha)
|
|t:|1779576480
|switch|p1a: Noctowl|Noctowl, M|100/100
|turn|2
|
|t:|1779576484
|-terastallize|p1a: Noctowl|Fairy
|move|p1a: Noctowl|Moonblast|p2a: Ursaluna
|-damage|p2a: Ursaluna|48/100 brn
|-unboost|p2a: Ursaluna|spa|1
|move|p2a: Ursaluna|Facade|p1a: Noctowl
|-damage|p1a: Noctowl|0 fnt
|faint|p1a: Noctowl
|
|-damage|p2a: Ursaluna|42/100 brn|[from] brn
|upkeep
|
|t:|1779576493
|switch|p1a: Dragonite|Dragonite, F|100/100
|turn|3
|
|t:|1779576506
|move|p1a: Dragonite|Dragon Dance|p1a: Dragonite
|-boost|p1a: Dragonite|atk|1
|-boost|p1a: Dragonite|spe|1
|move|p2a: Ursaluna|Facade|p1a: Dragonite
|-damage|p1a: Dragonite|36/100
|-damage|p2a: Ursaluna|25/100 brn|[from] item: Rocky Helmet|[of] p1a: Dragonite
|
|-damage|p2a: Ursaluna|19/100 brn|[from] brn
|upkeep
|turn|4
|
|t:|1779576516
|move|p1a: Dragonite|Earthquake|p2a: Ursaluna
|-damage|p2a: Ursaluna|0 fnt
|faint|p2a: Ursaluna
|
|upkeep
|
|t:|1779576519
|switch|p2a: Umbreon|Umbreon, M, shiny|100/100
|turn|5
|
|t:|1779576524
|move|p1a: Dragonite|Outrage|p2a: Umbreon
|-damage|p2a: Umbreon|0 fnt
|replace|p2a: Zoroark|Zoroark-Hisui, F, shiny
|-end|p2a: Zoroark|Illusion
|faint|p2a: Zoroark
|
|upkeep
|
|t:|1779576528
|switch|p2a: Greninja|Greninja, F, shiny|100/100
|turn|6
|
|t:|1779576530
|move|p2a: Greninja|Ice Beam|p1a: Dragonite
|-start|p2a: Greninja|typechange|Ice|[from] ability: Protean
|-supereffective|p1a: Dragonite
|-damage|p1a: Dragonite|0 fnt
|faint|p1a: Dragonite
|
|upkeep
|
|t:|1779576535
|switch|p1a: Gholdengo|Gholdengo|100/100
|turn|7
|
|t:|1779576539
|switch|p2a: Meowscarada|Meowscarada, F, shiny|100/100
|move|p1a: Gholdengo|Thunder Wave|p2a: Meowscarada|[miss]
|-miss|p1a: Gholdengo|p2a: Meowscarada
|
|upkeep
|turn|8
|
|t:|1779576545
|move|p2a: Meowscarada|Knock Off|p1a: Gholdengo
|-start|p2a: Meowscarada|typechange|Dark|[from] ability: Protean
|-supereffective|p1a: Gholdengo
|-damage|p1a: Gholdengo|14/100
|-enditem|p1a: Gholdengo|Heavy-Duty Boots|[from] move: Knock Off|[of] p2a: Meowscarada
|move|p1a: Gholdengo|Focus Blast|p2a: Meowscarada
|-supereffective|p2a: Meowscarada
|-damage|p2a: Meowscarada|0 fnt
|faint|p2a: Meowscarada
|
|upkeep
|
|t:|1779576556
|switch|p2a: Greninja|Greninja, F, shiny|100/100
|turn|9
|
|t:|1779576566
|move|p2a: Greninja|Water Shuriken|p1a: Gholdengo
|-start|p2a: Greninja|typechange|Water|[from] ability: Protean
|-damage|p1a: Gholdengo|8/100
|-damage|p1a: Gholdengo|1/100
|-hitcount|p1a: Gholdengo|2
|move|p1a: Gholdengo|Thunder Wave|p2a: Greninja
|-status|p2a: Greninja|par
|
|upkeep
|turn|10
|
|t:|1779576574
|move|p2a: Greninja|Water Shuriken|p1a: Gholdengo
|-damage|p1a: Gholdengo|0 fnt
|faint|p1a: Gholdengo
|-hitcount|p1: Gholdengo|1
|
|upkeep
|
|t:|1779576579
|switch|p1a: Darkrai|Darkrai|100/100
|turn|11
|
|t:|1779576586
|switch|p2a: Weezing|Weezing-Galar, F, shiny|100/100
|-ability|p2a: Weezing|Neutralizing Gas
|-item|p2a: Weezing|Air Balloon
|move|p1a: Darkrai|Dark Pulse|p2a: Weezing
|-resisted|p2a: Weezing
|-damage|p2a: Weezing|80/100
|-enditem|p2a: Weezing|Air Balloon
|-damage|p1a: Darkrai|91/100|[from] item: Life Orb
|
|upkeep
|turn|12
|
|t:|1779576593
|switch|p1a: Ting-Lu|Ting-Lu|100/100
|move|p2a: Weezing|Toxic|p1a: Ting-Lu
|-status|p1a: Ting-Lu|tox
|
|-damage|p1a: Ting-Lu|94/100 tox|[from] psn
|upkeep
|turn|13
|
|t:|1779576601
|-end|p2a: Weezing|ability: Neutralizing Gas
|-ability|p1a: Ting-Lu|Vessel of Ruin
|switch|p2a: Umbreon|Umbreon, M, shiny|100/100
|move|p1a: Ting-Lu|Stealth Rock|p2a: Umbreon
|-sidestart|p2: Adobo413|move: Stealth Rock
|
|-damage|p1a: Ting-Lu|82/100 tox|[from] psn
|upkeep
|turn|14
|
|t:|1779576612
|move|p2a: Umbreon|Foul Play|p1a: Ting-Lu
|-resisted|p1a: Ting-Lu
|-damage|p1a: Ting-Lu|76/100 tox
|move|p1a: Ting-Lu|Ruination|p2a: Umbreon
|-damage|p2a: Umbreon|50/100
|
|-heal|p2a: Umbreon|57/100|[from] item: Leftovers
|-damage|p1a: Ting-Lu|58/100 tox|[from] psn
|upkeep
|turn|15
|
|t:|1779576622
|move|p2a: Umbreon|Protect|p2a: Umbreon
|-singleturn|p2a: Umbreon|Protect
|move|p1a: Ting-Lu|Ruination|p2a: Umbreon
|-activate|p2a: Umbreon|move: Protect
|
|-heal|p2a: Umbreon|63/100|[from] item: Leftovers
|-damage|p1a: Ting-Lu|33/100 tox|[from] psn
|upkeep
|turn|16
|
|t:|1779576632
|move|p2a: Umbreon|Moonlight|p2a: Umbreon
|-heal|p2a: Umbreon|100/100
|move|p1a: Ting-Lu|Ruination|p2a: Umbreon
|-damage|p2a: Umbreon|50/100
|
|-heal|p2a: Umbreon|57/100|[from] item: Leftovers
|-damage|p1a: Ting-Lu|2/100 tox|[from] psn
|upkeep
|turn|17
|
|t:|1779576645
|move|p2a: Umbreon|Protect|p2a: Umbreon
|-singleturn|p2a: Umbreon|Protect
|move|p1a: Ting-Lu|Spikes|p2a: Umbreon
|-sidestart|p2: Adobo413|Spikes
|
|-heal|p2a: Umbreon|63/100|[from] item: Leftovers
|-damage|p1a: Ting-Lu|0 fnt|[from] psn
|faint|p1a: Ting-Lu
|upkeep
|
|t:|1779576647
|switch|p1a: Darkrai|Darkrai|91/100
|turn|18
|
|t:|1779576654
|-terastallize|p2a: Umbreon|Fairy
|move|p1a: Darkrai|Sludge Bomb|p2a: Umbreon
|-supereffective|p2a: Umbreon
|-damage|p2a: Umbreon|16/100
|-damage|p1a: Darkrai|81/100|[from] item: Life Orb
|move|p2a: Umbreon|Toxic|p1a: Darkrai|[miss]
|-miss|p2a: Umbreon|p1a: Darkrai
|
|-heal|p2a: Umbreon|22/100|[from] item: Leftovers
|upkeep
|turn|19
|
|t:|1779576662
|move|p1a: Darkrai|Sludge Bomb|p2a: Umbreon
|-supereffective|p2a: Umbreon
|-damage|p2a: Umbreon|0 fnt
|faint|p2a: Umbreon
|-damage|p1a: Darkrai|71/100|[from] item: Life Orb
|
|upkeep
|
|t:|1779576664
|switch|p2a: Weezing|Weezing-Galar, F, shiny|80/100
|-ability|p2a: Weezing|Neutralizing Gas
|-damage|p2a: Weezing|68/100|[from] Stealth Rock
|-damage|p2a: Weezing|56/100|[from] Spikes
|turn|20
|
|t:|1779576668
|move|p1a: Darkrai|Sludge Bomb|p2a: Weezing
|-damage|p2a: Weezing|22/100
|-damage|p1a: Darkrai|61/100|[from] item: Life Orb
|move|p2a: Weezing|Toxic|p1a: Darkrai
|-status|p1a: Darkrai|tox
|
|-damage|p1a: Darkrai|55/100 tox|[from] psn
|upkeep
|turn|21
|
|t:|1779576677
|move|p1a: Darkrai|Sludge Bomb|p2a: Weezing
|-damage|p2a: Weezing|0 fnt
|faint|p2a: Weezing
|-end|p2a: Weezing|ability: Neutralizing Gas
|-damage|p1a: Darkrai|45/100 tox|[from] item: Life Orb
|
|-damage|p1a: Darkrai|33/100 tox|[from] psn
|upkeep
|
|t:|1779576681
|switch|p2a: Greninja|Greninja, F, shiny|100/100 par
|-damage|p2a: Greninja|88/100 par|[from] Stealth Rock
|-damage|p2a: Greninja|76/100 par|[from] Spikes
|turn|22
|
|t:|1779576686
|cant|p2a: Greninja|par
|move|p1a: Darkrai|Dark Pulse|p2a: Greninja
|-resisted|p2a: Greninja
|-damage|p2a: Greninja|40/100 par
|-damage|p1a: Darkrai|23/100 tox|[from] item: Life Orb
|
|-damage|p1a: Darkrai|5/100 tox|[from] psn
|upkeep
|turn|23
|
|t:|1779576698
|cant|p2a: Greninja|par
|move|p1a: Darkrai|Sludge Bomb|p2a: Greninja
|-damage|p2a: Greninja|0 fnt
|faint|p2a: Greninja
|-damage|p1a: Darkrai|0 fnt|[from] item: Life Orb
|faint|p1a: Darkrai
|
|win|Ct3tha
|raw|Ct3tha's rating: 1112 &rarr; <strong>1133</strong><br />(+21 for winning)
|raw|Adobo413's rating: 1052 &rarr; <strong>1037</strong><br />(-15 for losing)
|l|☆Adobo413
|player|p2|
