|j|☆Tocanada
|j|☆lunarfae
|t:|1779689480
|gametype|singles
|player|p1|Tocanada|102|1087
|player|p2|lunarfae|doubleteam|1075
|gen|9
|tier|[Gen 9] OU
|rated|
|rule|HP Percentage Mod: HP is shown in percentages
|rule|Endless Battle Clause: Forcing endless battles is banned
|rule|Species Clause: Limit one of each Pokémon
|rule|OHKO Clause: OHKO moves are banned
|rule|Evasion Items Clause: Evasion items are banned
|rule|Evasion Moves Clause: Evasion moves are banned
|rule|Evasion Abilities Clause: Evasion abilities are banned
|rule|Sleep Moves Clause: Sleep-inducing moves are banned
|clearpoke
|poke|p1|Hoopa|
|poke|p1|Cinderace, F|
|poke|p1|Mandibuzz, F|
|poke|p1|Kyurem|
|poke|p1|Ting-Lu|
|poke|p1|Manaphy|
|poke|p2|Mandibuzz, F|
|poke|p2|Goodra-Hisui, F|
|poke|p2|Registeel|
|poke|p2|Jumpluff, M|
|poke|p2|Vaporeon, M|
|poke|p2|Mudsdale, F|
|teampreview
|inactive|Battle timer is ON: inactive players will automatically lose when time's up. (requested by Tocanada)
|
|t:|1779689500
|teamsize|p1|6
|teamsize|p2|6
|start
|switch|p1a: Kyurem|Kyurem|100/100
|switch|p2a: Jumpluff|Jumpluff, M, shiny|100/100
|-ability|p1a: Kyurem|Pressure
|turn|1
|
|t:|1779689506
|-terastallize|p2a: Jumpluff|Fairy
|move|p1a: Kyurem|Freeze-Dry|p2a: Jumpluff
|-crit|p2a: Jumpluff
|-damage|p2a: Jumpluff|52/100
|move|p2a: Jumpluff|Switcheroo|p1a: Kyurem
|-activate|p2a: Jumpluff|move: Trick|[of] p1a: Kyurem
|-item|p1a: Kyurem|Toxic Orb|[from] move: Switcheroo
|-item|p2a: Jumpluff|Choice Scarf|[from] move: Switcheroo
|
|-status|p1a: Kyurem|tox|[from] item: Toxic Orb
|upkeep
|turn|2
|
|t:|1779689522
|switch|p1a: Ting-Lucifer|Ting-Lu|100/100
|-ability|p1a: Ting-Lucifer|Vessel of Ruin
|move|p2a: Jumpluff|Leech Seed|p1a: Ting-Lucifer
|-start|p1a: Ting-Lucifer|move: Leech Seed
|
|-damage|p1a: Ting-Lucifer|88/100|[from] Leech Seed|[of] p2a: Jumpluff
|-heal|p2a: Jumpluff|71/100|[silent]
|upkeep
|turn|3
|
|t:|1779689535
|switch|p2a: Mandibuzz|Mandibuzz, F|100/100
|move|p1a: Ting-Lucifer|Heavy Slam|p2a: Mandibuzz
|-damage|p2a: Mandibuzz|79/100
|
|-damage|p1a: Ting-Lucifer|76/100|[from] Leech Seed|[of] p2a: Mandibuzz
|-heal|p2a: Mandibuzz|93/100|[silent]
|upkeep
|turn|4
|
|t:|1779689545
|switch|p1a: Mandibuzz|Mandibuzz, F, shiny|100/100
|move|p2a: Mandibuzz|Toxic|p1a: Mandibuzz
|-status|p1a: Mandibuzz|tox
|
|-damage|p1a: Mandibuzz|94/100 tox|[from] psn
|upkeep
|turn|5
|
|t:|1779689557
|switch|p2a: Registeel|Registeel, shiny|100/100
|move|p1a: Mandibuzz|Toxic|p2a: Registeel
|-immune|p2a: Registeel
|
|-damage|p1a: Mandibuzz|82/100 tox|[from] psn
|upkeep
|turn|6
|-message|Tocanada forfeited.
|
|win|lunarfae
|raw|Tocanada's rating: 1087 &rarr; <strong>1063</strong><br />(-24 for losing)
|raw|lunarfae's rating: 1075 &rarr; <strong>1105</strong><br />(+30 for winning)
|l|☆Tocanada
|player|p1|
|l|☆lunarfae
|player|p2|
