|j|☆claudechamp
|j|☆liohzin
|t:|1779705521
|gametype|singles
|player|p1|claudechamp|169|1116
|player|p2|liohzin|marlon|1067
|gen|9
|tier|[Gen 9] OU
|rated|
|rule|HP Percentage Mod: HP is shown in percentages
|rule|Endless Battle Clause: Forcing endless battles is banned
|rule|Species Clause: Limit one of each Pokémon
|rule|OHKO Clause: OHKO moves are banned
|rule|Evasion Items Clause: Evasion items are banned
|rule|Evasion Moves Clause: Evasion moves are banned
|rule|Evasion Abilities Clause: Evasion abilities are banned
|rule|Sleep Moves Clause: Sleep-inducing moves are banned
|clearpoke
|poke|p1|Gliscor, M|
|poke|p1|Gholdengo|
|poke|p1|Zamazenta-*|
|poke|p1|Blissey, F|
|poke|p1|Skarmory, F|
|poke|p1|Pecharunt|
|poke|p2|Swampert, M|
|poke|p2|Gardevoir, F|
|poke|p2|Rotom-Wash|
|poke|p2|Garchomp, F|
|poke|p2|Excadrill, M|
|poke|p2|Glimmora, M|
|teampreview
|c|☆claudechamp|hf
|inactive|Battle timer is ON: inactive players will automatically lose when time's up. (requested by claudechamp)
|
|t:|1779705549
|teamsize|p1|6
|teamsize|p2|6
|start
|switch|p1a: Skarmory|Skarmory, F|100/100
|switch|p2a: Swampert|Swampert, M, shiny|100/100
|turn|1
|
|t:|1779705559
|move|p1a: Skarmory|Spikes|p2a: Swampert
|-sidestart|p2: liohzin|Spikes
|move|p2a: Swampert|Stealth Rock|p1a: Skarmory
|-sidestart|p1: claudechamp|move: Stealth Rock
|
|upkeep
|turn|2
|
|t:|1779705565
|move|p1a: Skarmory|Spikes|p2a: Swampert
|-sidestart|p2: liohzin|Spikes
|move|p2a: Swampert|Liquidation|p1a: Skarmory
|-damage|p1a: Skarmory|75/100
|
|upkeep
|turn|3
|
|t:|1779705571
|move|p1a: Skarmory|Spikes|p2a: Swampert
|-sidestart|p2: liohzin|Spikes
|move|p2a: Swampert|Liquidation|p1a: Skarmory
|-damage|p1a: Skarmory|50/100
|
|upkeep
|turn|4
|
|t:|1779705582
|move|p1a: Skarmory|Roost|p1a: Skarmory
|-heal|p1a: Skarmory|99/100
|-singleturn|p1a: Skarmory|move: Roost
|move|p2a: Swampert|Liquidation|p1a: Skarmory
|-damage|p1a: Skarmory|73/100
|
|upkeep
|turn|5
|
|t:|1779705589
|move|p2a: Swampert|Ice Punch|p1a: Skarmory
|-damage|p1a: Skarmory|57/100
|move|p1a: Skarmory|Whirlwind|p2a: Swampert
|drag|p2a: Gardevoir|Gardevoir, F|100/100
|-damage|p2a: Gardevoir|75/100|[from] Spikes
|-ability|p2a: Gardevoir|Sturdy|Trace|[from] ability: Trace|[of] p1a: Skarmory
|
|-heal|p2a: Gardevoir|82/100|[from] item: Leftovers
|upkeep
|turn|6
|
|t:|1779705599
|move|p1a: Skarmory|Roost|p1a: Skarmory
|-heal|p1a: Skarmory|100/100
|-singleturn|p1a: Skarmory|move: Roost
|move|p2a: Gardevoir|Wish|p2a: Gardevoir
|
|-heal|p2a: Gardevoir|88/100|[from] item: Leftovers
|upkeep
|turn|7
|
|t:|1779705607
|switch|p1a: Gliscor|Gliscor, M|100/100
|-damage|p1a: Gliscor|88/100|[from] Stealth Rock
|move|p2a: Gardevoir|Protect||[still]
|-fail|p2a: Gardevoir
|
|-heal|p2a: Gardevoir|100/100|[from] move: Wish|[wisher] Gardevoir
|-status|p1a: Gliscor|tox|[from] item: Toxic Orb
|upkeep
|turn|8
|
|t:|1779705623
|switch|p2a: Excadrill|Excadrill, M|100/100
|-damage|p2a: Excadrill|76/100|[from] Spikes
|-ability|p2a: Excadrill|Mold Breaker
|move|p1a: Gliscor|Swords Dance|p1a: Gliscor
|-boost|p1a: Gliscor|atk|2
|
|-heal|p1a: Gliscor|100/100 tox|[from] ability: Poison Heal
|upkeep
|turn|9
|
|t:|1779705632
|move|p2a: Excadrill|Rapid Spin|p1a: Gliscor
|-damage|p1a: Gliscor|85/100 tox
|-boost|p2a: Excadrill|spe|1
|-sideend|p2: liohzin|Spikes|[from] move: Rapid Spin|[of] p2a: Excadrill
|move|p1a: Gliscor|Knock Off|p2a: Excadrill
|-damage|p2a: Excadrill|15/100
|-enditem|p2a: Excadrill|Sitrus Berry|[from] move: Knock Off|[of] p1a: Gliscor
|
|-heal|p1a: Gliscor|97/100 tox|[from] ability: Poison Heal
|upkeep
|turn|10
|
|t:|1779705644
|move|p2a: Excadrill|Rock Tomb|p1a: Gliscor
|-damage|p1a: Gliscor|81/100 tox
|-unboost|p1a: Gliscor|spe|1
|move|p1a: Gliscor|Knock Off|p2a: Excadrill
|-damage|p2a: Excadrill|0 fnt
|faint|p2a: Excadrill
|
|-heal|p1a: Gliscor|94/100 tox|[from] ability: Poison Heal
|upkeep
|
|t:|1779705660
|switch|p2a: Rotom|Rotom-Wash, shiny|100/100
|turn|11
|
|t:|1779705666
|move|p2a: Rotom|Hydro Pump|p1a: Gliscor
|-supereffective|p1a: Gliscor
|-damage|p1a: Gliscor|21/100 tox
|move|p1a: Gliscor|Knock Off|p2a: Rotom
|-damage|p2a: Rotom|41/100
|-enditem|p2a: Rotom|Heavy-Duty Boots|[from] move: Knock Off|[of] p1a: Gliscor
|
|-heal|p1a: Gliscor|33/100 tox|[from] ability: Poison Heal
|upkeep
|turn|12
|
|t:|1779705674
|switch|p1a: Blissey|Blissey, F|100/100
|move|p2a: Rotom|Hydro Pump|p1a: Blissey
|-damage|p1a: Blissey|88/100
|
|upkeep
|turn|13
|
|t:|1779705681
|move|p2a: Rotom|Volt Switch|p1a: Blissey
|-damage|p1a: Blissey|80/100
|
|t:|1779705705
|switch|p2a: Garchomp|Garchomp, F|100/100|[from] Volt Switch
|move|p1a: Blissey|Stealth Rock|p2a: Garchomp
|-sidestart|p2: liohzin|move: Stealth Rock
|
|upkeep
|turn|14
|
|t:|1779705714
|switch|p1a: Pecharunt|Pecharunt|100/100
|move|p2a: Garchomp|Swords Dance|p2a: Garchomp
|-boost|p2a: Garchomp|atk|2
|
|upkeep
|turn|15
|
|t:|1779705725
|move|p2a: Garchomp|Earthquake|p1a: Pecharunt
|-supereffective|p1a: Pecharunt
|-damage|p1a: Pecharunt|0 fnt
|faint|p1a: Pecharunt
|
|upkeep
|
|t:|1779705728
|switch|p1a: Zamazenta|Zamazenta|100/100
|-ability|p1a: Zamazenta|Dauntless Shield|boost
|-boost|p1a: Zamazenta|def|1
|turn|16
|
|t:|1779705740
|move|p1a: Zamazenta|Ice Fang|p2a: Garchomp
|-supereffective|p2a: Garchomp
|-damage|p2a: Garchomp|20/100
|-status|p2a: Garchomp|frz
|-damage|p1a: Zamazenta|88/100|[from] ability: Rough Skin|[of] p2a: Garchomp
|-damage|p1a: Zamazenta|72/100|[from] item: Rocky Helmet|[of] p2a: Garchomp
|cant|p2a: Garchomp|frz
|
|upkeep
|turn|17
|
|t:|1779705763
|switch|p2a: Rotom|Rotom-Wash, shiny|41/100
|-damage|p2a: Rotom|29/100|[from] Stealth Rock
|move|p1a: Zamazenta|Close Combat|p2a: Rotom
|-damage|p2a: Rotom|0 fnt
|-unboost|p1a: Zamazenta|def|1
|-unboost|p1a: Zamazenta|spd|1
|faint|p2a: Rotom
|
|upkeep
|
|t:|1779705778
|switch|p2a: Gardevoir|Gardevoir, F|100/100
|-damage|p2a: Gardevoir|88/100|[from] Stealth Rock
|-ability|p2a: Gardevoir|Dauntless Shield|Trace|[from] ability: Trace|[of] p1a: Zamazenta
|-ability|p2a: Gardevoir|Dauntless Shield|boost
|-boost|p2a: Gardevoir|def|1
|turn|18
|
|t:|1779705786
|switch|p1a: Gliscor|Gliscor, M|33/100 tox
|-damage|p1a: Gliscor|21/100 tox|[from] Stealth Rock
|move|p2a: Gardevoir|Thunder Wave|p1a: Gliscor
|-immune|p1a: Gliscor
|
|-heal|p2a: Gardevoir|94/100|[from] item: Leftovers
|-heal|p1a: Gliscor|33/100 tox|[from] ability: Poison Heal
|upkeep
|turn|19
|
|t:|1779705798
|-terastallize|p2a: Gardevoir|Normal
|move|p1a: Gliscor|Swords Dance|p1a: Gliscor
|-boost|p1a: Gliscor|atk|2
|move|p2a: Gardevoir|Moonblast|p1a: Gliscor
|-damage|p1a: Gliscor|0 fnt
|faint|p1a: Gliscor
|
|-heal|p2a: Gardevoir|100/100|[from] item: Leftovers
|upkeep
|
|t:|1779705803
|switch|p1a: Gholdengo|Gholdengo|100/100
|-damage|p1a: Gholdengo|94/100|[from] Stealth Rock
|turn|20
|
|t:|1779705828
|move|p1a: Gholdengo|Nasty Plot|p1a: Gholdengo
|-boost|p1a: Gholdengo|spa|2
|move|p2a: Gardevoir|Wish|p2a: Gardevoir
|
|upkeep
|turn|21
|inactive|liohzin has 120 seconds left.
|
|t:|1779705844
|move|p1a: Gholdengo|Nasty Plot|p1a: Gholdengo
|-boost|p1a: Gholdengo|spa|2
|move|p2a: Gardevoir|Moonblast|p1a: Gholdengo
|-resisted|p1a: Gholdengo
|-damage|p1a: Gholdengo|76/100
|-unboost|p1a: Gholdengo|spa|1
|
|upkeep
|turn|22
|
|t:|1779705851
|move|p1a: Gholdengo|Thunder Wave|p2a: Gardevoir
|-status|p2a: Gardevoir|par
|move|p2a: Gardevoir|Moonblast|p1a: Gholdengo
|-resisted|p1a: Gholdengo
|-damage|p1a: Gholdengo|56/100
|
|upkeep
|turn|23
|
|t:|1779705862
|move|p1a: Gholdengo|Recover|p1a: Gholdengo
|-heal|p1a: Gholdengo|100/100
|move|p2a: Gardevoir|Moonblast|p1a: Gholdengo
|-resisted|p1a: Gholdengo
|-damage|p1a: Gholdengo|80/100
|-unboost|p1a: Gholdengo|spa|1
|
|upkeep
|turn|24
|
|t:|1779705873
|move|p1a: Gholdengo|Nasty Plot|p1a: Gholdengo
|-boost|p1a: Gholdengo|spa|2
|cant|p2a: Gardevoir|par
|
|upkeep
|turn|25
|
|t:|1779705882
|move|p1a: Gholdengo|Recover|p1a: Gholdengo
|-heal|p1a: Gholdengo|100/100
|move|p2a: Gardevoir|Moonblast|p1a: Gholdengo
|-resisted|p1a: Gholdengo
|-damage|p1a: Gholdengo|80/100
|-unboost|p1a: Gholdengo|spa|1
|
|upkeep
|turn|26
|
|t:|1779705893
|move|p1a: Gholdengo|Nasty Plot|p1a: Gholdengo
|-boost|p1a: Gholdengo|spa|2
|move|p2a: Gardevoir|Wish|p2a: Gardevoir
|
|upkeep
|turn|27
|
|t:|1779705898
|switch|p2a: Garchomp|Garchomp, F|20/100 frz
|-damage|p2a: Garchomp|14/100 frz|[from] Stealth Rock
|move|p1a: Gholdengo|Recover|p1a: Gholdengo
|-heal|p1a: Gholdengo|100/100
|
|-heal|p2a: Garchomp|61/100 frz|[from] move: Wish|[wisher] Gardevoir
|upkeep
|turn|28
|
|t:|1779705911
|cant|p2a: Garchomp|frz
|move|p1a: Gholdengo|Hex|p2a: Garchomp
|-damage|p2a: Garchomp|0 fnt
|faint|p2a: Garchomp
|
|upkeep
|inactive|liohzin has 120 seconds left.
|
|t:|1779705941
|switch|p2a: Swampert|Swampert, M, shiny|100/100
|-damage|p2a: Swampert|94/100|[from] Stealth Rock
|turn|29
|inactive|liohzin has 120 seconds left.
|
|t:|1779705955
|move|p1a: Gholdengo|Hex|p2a: Swampert
|-damage|p2a: Swampert|0 fnt
|faint|p2a: Swampert
|
|upkeep
|
|t:|1779705960
|switch|p2a: Gardevoir|Gardevoir, F, tera:Normal|100/100 par
|-damage|p2a: Gardevoir|88/100 par|[from] Stealth Rock
|-ability|p2a: Gardevoir|Good as Gold|Trace|[from] ability: Trace|[of] p1a: Gholdengo
|turn|30
|
|t:|1779705967
|-terastallize|p1a: Gholdengo|Fairy
|move|p1a: Gholdengo|Recover||[still]
|-fail|p1a: Gholdengo|heal
|move|p2a: Gardevoir|Moonblast|p1a: Gholdengo
|-damage|p1a: Gholdengo|64/100
|
|-heal|p2a: Gardevoir|94/100 par|[from] item: Leftovers
|upkeep
|turn|31
|
|t:|1779705976
|move|p1a: Gholdengo|Nasty Plot|p1a: Gholdengo
|-boost|p1a: Gholdengo|spa|1
|cant|p2a: Gardevoir|par
|
|-heal|p2a: Gardevoir|100/100 par|[from] item: Leftovers
|upkeep
|turn|32
|
|t:|1779705984
|move|p1a: Gholdengo|Recover|p1a: Gholdengo
|-heal|p1a: Gholdengo|100/100
|cant|p2a: Gardevoir|par
|
|upkeep
|turn|33
|
|t:|1779705992
|switch|p1a: Skarmory|Skarmory, F|100/100
|cant|p2a: Gardevoir|par
|
|upkeep
|turn|34
|
|t:|1779706001
|move|p1a: Skarmory|Body Press|p2a: Gardevoir
|-supereffective|p2a: Gardevoir
|-damage|p2a: Gardevoir|45/100 par
|move|p2a: Gardevoir|Thunder Wave|p1a: Skarmory
|-status|p1a: Skarmory|par
|
|-heal|p2a: Gardevoir|51/100 par|[from] item: Leftovers
|upkeep
|turn|35
|
|t:|1779706009
|move|p1a: Skarmory|Body Press|p2a: Gardevoir
|-supereffective|p2a: Gardevoir
|-damage|p2a: Gardevoir|0 fnt
|faint|p2a: Gardevoir
|
|upkeep
|
|t:|1779706014
|switch|p2a: Glimmora|Glimmora, M|100/100
|-damage|p2a: Glimmora|88/100|[from] Stealth Rock
|turn|36
|-message|liohzin forfeited.
|
|win|claudechamp
|raw|claudechamp's rating: 1163 &rarr; <strong>1181</strong><br />(+18 for winning)
|raw|liohzin's rating: 1067 &rarr; <strong>1052</strong><br />(-15 for losing)
|c|☆claudechamp|gg
|l|☆liohzin
|player|p2|
