|j|☆A05236
|j|☆Abyssal Bot
|t:|1779660758
|gametype|singles
|player|p1|A05236|265|
|player|p2|Abyssal Bot|supernerd|
|teamsize|p1|6
|teamsize|p2|6
|gen|9
|tier|[Gen 9] OU
|rule|Species Clause: Limit one of each Pokémon
|rule|OHKO Clause: OHKO moves are banned
|rule|Evasion Items Clause: Evasion items are banned
|rule|Evasion Moves Clause: Evasion moves are banned
|rule|Endless Battle Clause: Forcing endless battles is banned
|rule|HP Percentage Mod: HP is shown in percentages
|rule|Sleep Moves Clause: Sleep-inducing moves are banned
|clearpoke
|poke|p1|Dragonite, M|
|poke|p1|Ninetales-Alola, M|
|poke|p1|Enamorus, F|
|poke|p1|Kingambit, M|
|poke|p1|Gliscor, M|
|poke|p1|Hawlucha, F|
|poke|p2|Iron Moth|
|poke|p2|Kingambit, M|
|poke|p2|Iron Valiant|
|poke|p2|Rillaboom, M|
|poke|p2|Ogerpon-Cornerstone, F|
|poke|p2|Raging Bolt|
|teampreview
|c|☆Abyssal Bot|Good Luck and Have Fun my Friend!
|inactive|Battle timer is ON: inactive players will automatically lose when time's up. (requested by Abyssal Bot)
|j|*Turbo Bottttt
|
|t:|1779660764
|start
|switch|p1a: Ninetales|Ninetales-Alola, M|100/100
|switch|p2a: Calamity|Iron Valiant, shiny|100/100
|-weather|Snow|[from] ability: Snow Warning|[of] p1a: Ninetales
|-enditem|p2a: Calamity|Booster Energy
|-activate|p2a: Calamity|ability: Quark Drive|[fromitem]
|-start|p2a: Calamity|quarkdrivespe
|turn|1
|
|t:|1779660767
|move|p2a: Calamity|Moonblast|p1a: Ninetales
|-damage|p1a: Ninetales|40/100
|-unboost|p1a: Ninetales|spa|1
|move|p1a: Ninetales|Aurora Veil|p1a: Ninetales
|-sidestart|p1: A05236|move: Aurora Veil
|
|-weather|Snow|[upkeep]
|upkeep
|turn|2
|
|t:|1779660773
|switch|p1a: Gliscor|Gliscor, M|100/100
|move|p2a: Calamity|Shadow Ball|p1a: Gliscor
|-damage|p1a: Gliscor|89/100
|-unboost|p1a: Gliscor|spd|1
|
|-weather|Snow|[upkeep]
|-status|p1a: Gliscor|tox|[from] item: Toxic Orb
|upkeep
|turn|3
|
|t:|1779660776
|move|p2a: Calamity|Moonblast|p1a: Gliscor
|-damage|p1a: Gliscor|59/100 tox
|-unboost|p1a: Gliscor|spa|1
|move|p1a: Gliscor|Stealth Rock|p2a: Calamity
|-sidestart|p2: Abyssal Bot|move: Stealth Rock
|
|-weather|Snow|[upkeep]
|-heal|p1a: Gliscor|71/100 tox|[from] ability: Poison Heal
|upkeep
|turn|4
|
|t:|1779660778
|move|p2a: Calamity|Shadow Ball|p1a: Gliscor
|-damage|p1a: Gliscor|54/100 tox
|move|p1a: Gliscor|Toxic|p2a: Calamity|[miss]
|-miss|p1a: Gliscor|p2a: Calamity
|
|-weather|Snow|[upkeep]
|-heal|p1a: Gliscor|66/100 tox|[from] ability: Poison Heal
|upkeep
|turn|5
|c|☆Abyssal Bot|That thing needs an eye doctor
|
|t:|1779660780
|move|p2a: Calamity|Shadow Ball|p1a: Gliscor
|-damage|p1a: Gliscor|48/100 tox
|move|p1a: Gliscor|Toxic|p2a: Calamity
|-status|p2a: Calamity|tox
|
|-weather|none
|-damage|p2a: Calamity|94/100 tox|[from] psn|[of] p1a: Gliscor
|-heal|p1a: Gliscor|61/100 tox|[from] ability: Poison Heal
|upkeep
|turn|6
|
|t:|1779660786
|move|p2a: Calamity|Moonblast|p1a: Gliscor
|-damage|p1a: Gliscor|31/100 tox
|move|p1a: Gliscor|Earthquake|p2a: Calamity
|-damage|p2a: Calamity|50/100 tox
|
|-damage|p2a: Calamity|38/100 tox|[from] psn|[of] p1a: Gliscor
|-heal|p1a: Gliscor|43/100 tox|[from] ability: Poison Heal
|upkeep
|turn|7
|
|t:|1779660790
|move|p1a: Gliscor|Protect|p1a: Gliscor
|-singleturn|p1a: Gliscor|Protect
|move|p2a: Calamity|Moonblast|p1a: Gliscor
|-activate|p1a: Gliscor|move: Protect
|
|-damage|p2a: Calamity|19/100 tox|[from] psn|[of] p1a: Gliscor
|-heal|p1a: Gliscor|56/100 tox|[from] ability: Poison Heal
|upkeep
|turn|8
|
|t:|1779660796
|move|p1a: Gliscor|Protect||[still]
|-fail|p1a: Gliscor
|move|p2a: Calamity|Moonblast|p1a: Gliscor
|-damage|p1a: Gliscor|25/100 tox
|-unboost|p1a: Gliscor|spa|1
|
|-damage|p2a: Calamity|0 tox|[from] psn|[of] p1a: Gliscor
|faint|p2a: Calamity
|-end|p2a: Calamity|Quark Drive|[silent]
|-heal|p1a: Gliscor|38/100 tox|[from] ability: Poison Heal
|-sideend|p1: A05236|move: Aurora Veil
|upkeep
|
|t:|1779660796
|switch|p2a: Spirit Monger|Ogerpon-Cornerstone, F|100/100
|-damage|p2a: Spirit Monger|88/100|[from] Stealth Rock|[of] p1a: Gliscor
|turn|9
|
|t:|1779660803
|move|p1a: Gliscor|Protect|p1a: Gliscor
|-singleturn|p1a: Gliscor|Protect
|move|p2a: Spirit Monger|Ivy Cudgel|p1a: Gliscor|[anim] Ivy Cudgel Rock
|-activate|p1a: Gliscor|move: Protect
|
|-heal|p1a: Gliscor|50/100 tox|[from] ability: Poison Heal
|upkeep
|turn|10
|
|t:|1779660812
|switch|p1a: Kingambit|Kingambit, M|100/100
|move|p2a: Spirit Monger|Power Whip|p1a: Kingambit
|-resisted|p1a: Kingambit
|-damage|p1a: Kingambit|73/100
|
|upkeep
|turn|11
|
|t:|1779660817
|move|p2a: Spirit Monger|Taunt|p1a: Kingambit
|-start|p1a: Kingambit|move: Taunt
|cant|p1a: Kingambit|move: Taunt|Swords Dance
|
|upkeep
|turn|12
|
|t:|1779660819
|move|p2a: Spirit Monger|Power Whip|p1a: Kingambit
|-resisted|p1a: Kingambit
|-damage|p1a: Kingambit|48/100
|move|p1a: Kingambit|Low Kick|p2a: Spirit Monger
|-supereffective|p2a: Spirit Monger
|-damage|p2a: Spirit Monger|12/100
|-damage|p1a: Kingambit|38/100|[from] item: Life Orb
|
|upkeep
|turn|13
|
|t:|1779660822
|move|p1a: Kingambit|Sucker Punch||[still]
|-fail|p1a: Kingambit
|move|p2a: Spirit Monger|Spikes|p1a: Kingambit
|-sidestart|p1: A05236|Spikes
|
|-end|p1a: Kingambit|move: Taunt
|upkeep
|turn|14
|
|t:|1779660826
|move|p1a: Kingambit|Sucker Punch||[still]
|-fail|p1a: Kingambit
|move|p2a: Spirit Monger|Spikes|p1a: Kingambit
|-sidestart|p1: A05236|Spikes
|
|upkeep
|turn|15
|
|t:|1779660827
|move|p1a: Kingambit|Sucker Punch|p2a: Spirit Monger
|-damage|p2a: Spirit Monger|0
|faint|p2a: Spirit Monger
|-damage|p1a: Kingambit|28/100|[from] item: Life Orb
|
|upkeep
|
|t:|1779660828
|switch|p2a: Overgod|Kingambit, M, shiny|100/100
|-damage|p2a: Overgod|94/100|[from] Stealth Rock|[of] p1: Gliscor
|-activate|p2a: Overgod|ability: Supreme Overlord
|-start|p2a: Overgod|fallen2|[silent]
|turn|16
|
|t:|1779660830
|move|p2a: Overgod|Swords Dance|p2a: Overgod
|-boost|p2a: Overgod|atk|2
|move|p1a: Kingambit|Low Kick|p2a: Overgod
|-supereffective|p2a: Overgod
|-crit|p2a: Overgod
|-damage|p2a: Overgod|0
|faint|p2a: Overgod
|-end|p2a: Overgod|fallen2|[silent]
|-damage|p1a: Kingambit|18/100|[from] item: Life Orb
|
|upkeep
|c|☆Abyssal Bot|I should be the one who gets hax ;-;
|
|t:|1779660830
|switch|p2a: Symbolism|Iron Moth, shiny|100/100
|-damage|p2a: Symbolism|76/100|[from] Stealth Rock|[of] p1: Gliscor
|-enditem|p2a: Symbolism|Booster Energy
|-activate|p2a: Symbolism|ability: Quark Drive|[fromitem]
|-start|p2a: Symbolism|quarkdrivespe
|turn|17
|
|t:|1779660836
|move|p1a: Kingambit|Sucker Punch|p2a: Symbolism
|-damage|p2a: Symbolism|5/100
|-damage|p1a: Kingambit|8/100|[from] item: Life Orb
|move|p2a: Symbolism|Fiery Dance|p1a: Kingambit
|-supereffective|p1a: Kingambit
|-damage|p1a: Kingambit|0
|faint|p1a: Kingambit
|-end|p1a: Kingambit|fallenundefined|[silent]
|
|upkeep
|
|t:|1779660844
|switch|p1a: Gliscor|Gliscor, M|50/100 tox
|turn|18
|
|t:|1779660846
|move|p1a: Gliscor|Protect|p1a: Gliscor
|-singleturn|p1a: Gliscor|Protect
|move|p2a: Symbolism|Sludge Wave|p1a: Gliscor
|-activate|p1a: Gliscor|move: Protect
|
|-heal|p1a: Gliscor|63/100 tox|[from] ability: Poison Heal
|upkeep
|turn|19
|
|t:|1779660857
|move|p2a: Symbolism|Psychic|p1a: Gliscor
|-crit|p1a: Gliscor
|-damage|p1a: Gliscor|25/100 tox
|move|p1a: Gliscor|Earthquake|p2a: Symbolism
|-supereffective|p2a: Symbolism
|-damage|p2a: Symbolism|0
|faint|p2a: Symbolism
|-end|p2a: Symbolism|Quark Drive|[silent]
|
|-heal|p1a: Gliscor|37/100 tox|[from] ability: Poison Heal
|upkeep
|c|☆Abyssal Bot|I had warned you about hax!! HAHAHA
|
|t:|1779660857
|switch|p2a: Kong|Rillaboom, M, shiny|100/100
|-damage|p2a: Kong|88/100|[from] Stealth Rock|[of] p1a: Gliscor
|-fieldstart|move: Grassy Terrain|[from] ability: Grassy Surge|[of] p2a: Kong
|turn|20
|
|t:|1779660860
|move|p1a: Gliscor|Protect|p1a: Gliscor
|-singleturn|p1a: Gliscor|Protect
|move|p2a: Kong|Grassy Glide|p1a: Gliscor
|-activate|p1a: Gliscor|move: Protect
|
|-heal|p2a: Kong|94/100|[from] Grassy Terrain
|-heal|p1a: Gliscor|49/100 tox|[from] ability: Poison Heal
|upkeep
|turn|21
|
|t:|1779660866
|move|p2a: Kong|Grassy Glide|p1a: Gliscor
|-damage|p1a: Gliscor|1/100 tox
|move|p1a: Gliscor|Toxic|p2a: Kong
|-status|p2a: Kong|tox
|
|-heal|p2a: Kong|100/100 tox|[from] Grassy Terrain
|-damage|p2a: Kong|94/100 tox|[from] psn|[of] p1a: Gliscor
|-heal|p1a: Gliscor|13/100 tox|[from] ability: Poison Heal
|upkeep
|turn|22
|
|t:|1779660869
|move|p1a: Gliscor|Protect|p1a: Gliscor
|-singleturn|p1a: Gliscor|Protect
|move|p2a: Kong|Grassy Glide|p1a: Gliscor
|-activate|p1a: Gliscor|move: Protect
|
|-heal|p2a: Kong|100/100 tox|[from] Grassy Terrain
|-damage|p2a: Kong|88/100 tox|[from] psn|[of] p1a: Gliscor
|-heal|p1a: Gliscor|26/100 tox|[from] ability: Poison Heal
|upkeep
|turn|23
|
|t:|1779660879
|switch|p1a: Dragonite|Dragonite, M|100/100
|move|p2a: Kong|Grassy Glide|p1a: Dragonite
|-resisted|p1a: Dragonite
|-damage|p1a: Dragonite|92/100
|
|-heal|p2a: Kong|94/100 tox|[from] Grassy Terrain
|-damage|p2a: Kong|76/100 tox|[from] psn|[of] p1: Gliscor
|upkeep
|turn|24
|
|t:|1779660881
|switch|p2a: Byakko|Raging Bolt|100/100
|-damage|p2a: Byakko|88/100|[from] Stealth Rock|[of] p1: Gliscor
|-enditem|p2a: Byakko|Booster Energy
|-activate|p2a: Byakko|ability: Protosynthesis|[fromitem]
|-start|p2a: Byakko|protosynthesisspa
|move|p1a: Dragonite|Dragon Dance|p1a: Dragonite
|-boost|p1a: Dragonite|atk|1
|-boost|p1a: Dragonite|spe|1
|
|-heal|p2a: Byakko|94/100|[from] Grassy Terrain
|-fieldend|move: Grassy Terrain
|upkeep
|turn|25
|
|t:|1779660883
|move|p1a: Dragonite|Scale Shot|p2a: Byakko
|-supereffective|p2a: Byakko
|-damage|p2a: Byakko|52/100
|-supereffective|p2a: Byakko
|-damage|p2a: Byakko|15/100
|-supereffective|p2a: Byakko
|-damage|p2a: Byakko|0
|faint|p2a: Byakko
|-end|p2a: Byakko|Protosynthesis|[silent]
|-hitcount|p2: Byakko|3
|-unboost|p1a: Dragonite|def|1
|-boost|p1a: Dragonite|spe|1
|
|upkeep
|
|t:|1779660883
|switch|p2a: Kong|Rillaboom, M, shiny|76/100 tox
|-damage|p2a: Kong|64/100 tox|[from] Stealth Rock|[of] p1: Gliscor
|-fieldstart|move: Grassy Terrain|[from] ability: Grassy Surge|[of] p2a: Kong
|turn|26
|
|t:|1779660890
|move|p1a: Dragonite|Fire Punch|p2a: Kong
|-supereffective|p2a: Kong
|-damage|p2a: Kong|0 tox
|faint|p2a: Kong
|
|win|A05236
|c|☆Abyssal Bot|Well Played.
|l|☆Abyssal Bot
|player|p2|
|l|*Turbo Bottttt
