|j|☆calm lad
|j|☆Underquill
|t:|1779722507
|gametype|singles
|player|p1|calm lad|102|1268
|player|p2|Underquill|1|1242
|gen|9
|tier|[Gen 9] OU
|rated|
|rule|HP Percentage Mod: HP is shown in percentages
|rule|Endless Battle Clause: Forcing endless battles is banned
|rule|Species Clause: Limit one of each Pokémon
|rule|OHKO Clause: OHKO moves are banned
|rule|Evasion Items Clause: Evasion items are banned
|rule|Evasion Moves Clause: Evasion moves are banned
|rule|Evasion Abilities Clause: Evasion abilities are banned
|rule|Sleep Moves Clause: Sleep-inducing moves are banned
|clearpoke
|poke|p1|Komala, M|
|poke|p1|Malamar, F|
|poke|p1|Jolteon, F|
|poke|p1|Rabsca, M|
|poke|p1|Clawitzer, M|
|poke|p1|Orthworm, M|
|poke|p2|Garganacl, F|
|poke|p2|Tyranitar, F|
|poke|p2|Torterra, M|
|poke|p2|Excadrill, F|
|poke|p2|Alomomola, F|
|poke|p2|Mandibuzz, F|
|teampreview
|inactive|Battle timer is ON: inactive players will automatically lose when time's up. (requested by Underquill)
|
|t:|1779722512
|teamsize|p1|6
|teamsize|p2|6
|start
|switch|p1a: Clawitzer|Clawitzer, M|100/100
|switch|p2a: Tyranitar|Tyranitar, F|100/100
|-weather|Sandstorm|[from] ability: Sand Stream|[of] p2a: Tyranitar
|turn|1
|
|t:|1779722521
|move|p1a: Clawitzer|Aura Sphere|p2a: Tyranitar
|-supereffective|p2a: Tyranitar
|-damage|p2a: Tyranitar|0 fnt
|faint|p2a: Tyranitar
|
|-weather|Sandstorm|[upkeep]
|-damage|p1a: Clawitzer|94/100|[from] Sandstorm
|upkeep
|
|t:|1779722526
|switch|p2a: Torterra|Torterra, M|100/100
|turn|2
|
|t:|1779722532
|switch|p1a: Rabsca|Rabsca, M|100/100
|move|p2a: Torterra|Shell Smash|p2a: Torterra
|-unboost|p2a: Torterra|def|1
|-unboost|p2a: Torterra|spd|1
|-boost|p2a: Torterra|atk|2
|-boost|p2a: Torterra|spa|2
|-boost|p2a: Torterra|spe|2
|
|-weather|Sandstorm|[upkeep]
|-damage|p1a: Rabsca|94/100|[from] Sandstorm
|-heal|p1a: Rabsca|100/100|[from] item: Leftovers
|upkeep
|turn|3
|
|t:|1779722538
|move|p2a: Torterra|Rock Blast|p1a: Rabsca
|-supereffective|p1a: Rabsca
|-damage|p1a: Rabsca|62/100
|-supereffective|p1a: Rabsca
|-damage|p1a: Rabsca|28/100
|-supereffective|p1a: Rabsca
|-damage|p1a: Rabsca|0 fnt
|faint|p1a: Rabsca
|-hitcount|p1: Rabsca|3
|
|-weather|Sandstorm|[upkeep]
|upkeep
|
|t:|1779722543
|switch|p1a: Orthworm|Orthworm, M|100/100
|turn|4
|
|t:|1779722554
|switch|p2a: Garganacl|Garganacl, F|100/100
|move|p1a: Orthworm|Stealth Rock|p2a: Garganacl
|-sidestart|p2: Underquill|move: Stealth Rock
|
|-weather|Sandstorm|[upkeep]
|upkeep
|turn|5
|
|t:|1779722561
|move|p1a: Orthworm|Body Press|p2a: Garganacl
|-supereffective|p2a: Garganacl
|-damage|p2a: Garganacl|75/100
|move|p2a: Garganacl|Salt Cure|p1a: Orthworm
|-resisted|p1a: Orthworm
|-damage|p1a: Orthworm|95/100
|-start|p1a: Orthworm|Salt Cure
|
|-weather|Sandstorm|[upkeep]
|-heal|p1a: Orthworm|100/100|[from] item: Leftovers
|-heal|p2a: Garganacl|81/100|[from] item: Leftovers
|-damage|p1a: Orthworm|76/100|[from] Salt Cure
|upkeep
|turn|6
|
|t:|1779722567
|move|p1a: Orthworm|Spikes|p2a: Garganacl
|-sidestart|p2: Underquill|Spikes
|move|p2a: Garganacl|Recover|p2a: Garganacl
|-heal|p2a: Garganacl|100/100
|
|-weather|Sandstorm|[upkeep]
|-heal|p1a: Orthworm|82/100|[from] item: Leftovers
|-damage|p1a: Orthworm|57/100|[from] Salt Cure
|upkeep
|turn|7
|
|t:|1779722572
|switch|p1a: Clawitzer|Clawitzer, M|94/100
|move|p2a: Garganacl|Body Press|p1a: Clawitzer
|-damage|p1a: Clawitzer|52/100
|
|-weather|Sandstorm|[upkeep]
|-damage|p1a: Clawitzer|46/100|[from] Sandstorm
|upkeep
|turn|8
|
|t:|1779722578
|-terastallize|p2a: Garganacl|Ghost
|move|p1a: Clawitzer|Water Pulse|p2a: Garganacl
|-damage|p2a: Garganacl|62/100
|move|p2a: Garganacl|Body Press|p1a: Clawitzer
|-damage|p1a: Clawitzer|6/100
|
|-weather|none
|-heal|p2a: Garganacl|68/100|[from] item: Leftovers
|upkeep
|turn|9
|
|t:|1779722591
|switch|p1a: Malamar|Malamar, F|100/100
|move|p2a: Garganacl|Recover|p2a: Garganacl
|-heal|p2a: Garganacl|100/100
|
|upkeep
|turn|10
|
|t:|1779722598
|move|p1a: Malamar|Knock Off|p2a: Garganacl
|-supereffective|p2a: Garganacl
|-damage|p2a: Garganacl|53/100
|-enditem|p2a: Garganacl|Leftovers|[from] move: Knock Off|[of] p1a: Malamar
|move|p2a: Garganacl|Salt Cure|p1a: Malamar
|-damage|p1a: Malamar|87/100
|-start|p1a: Malamar|Salt Cure
|
|-heal|p1a: Malamar|93/100|[from] item: Leftovers
|-damage|p1a: Malamar|81/100|[from] Salt Cure
|upkeep
|turn|11
|
|t:|1779722603
|switch|p1a: Clawitzer|Clawitzer, M|6/100
|move|p2a: Garganacl|Recover|p2a: Garganacl
|-heal|p2a: Garganacl|100/100
|
|upkeep
|turn|12
|
|t:|1779722606
|move|p1a: Clawitzer|Dark Pulse|p2a: Garganacl
|-supereffective|p2a: Garganacl
|-damage|p2a: Garganacl|25/100
|move|p2a: Garganacl|Body Press|p1a: Clawitzer
|-damage|p1a: Clawitzer|0 fnt
|faint|p1a: Clawitzer
|
|upkeep
|
|t:|1779722616
|switch|p1a: Malamar|Malamar, F|81/100
|turn|13
|
|t:|1779722621
|switch|p2a: Mandibuzz|Mandibuzz, F|100/100
|-damage|p2a: Mandibuzz|76/100|[from] Stealth Rock
|move|p1a: Malamar|Psycho Cut|p2a: Mandibuzz
|-immune|p2a: Mandibuzz
|
|-heal|p1a: Malamar|87/100|[from] item: Leftovers
|upkeep
|turn|14
|
|t:|1779722631
|move|p2a: Mandibuzz|Toxic|p1a: Malamar
|-status|p1a: Malamar|tox
|move|p1a: Malamar|Superpower|p2a: Mandibuzz
|-damage|p2a: Mandibuzz|56/100
|-boost|p1a: Malamar|atk|1
|-boost|p1a: Malamar|def|1
|-damage|p1a: Malamar|70/100 tox|[from] item: Rocky Helmet|[of] p2a: Mandibuzz
|
|-heal|p1a: Malamar|76/100 tox|[from] item: Leftovers
|-damage|p1a: Malamar|70/100 tox|[from] psn
|upkeep
|turn|15
|
|t:|1779722636
|move|p2a: Mandibuzz|Defog|p1a: Malamar
|-boost|p1a: Malamar|evasion|1
|-sideend|p2: Underquill|Spikes|[from] move: Defog|[of] p2a: Mandibuzz
|-sideend|p2: Underquill|Stealth Rock|[from] move: Defog|[of] p2a: Mandibuzz
|move|p1a: Malamar|Superpower|p2a: Mandibuzz
|-damage|p2a: Mandibuzz|25/100
|-boost|p1a: Malamar|atk|1
|-boost|p1a: Malamar|def|1
|-damage|p1a: Malamar|54/100 tox|[from] item: Rocky Helmet|[of] p2a: Mandibuzz
|
|-heal|p1a: Malamar|60/100 tox|[from] item: Leftovers
|-damage|p1a: Malamar|48/100 tox|[from] psn
|upkeep
|turn|16
|
|t:|1779722643
|switch|p2a: Garganacl|Garganacl, F, tera:Ghost|25/100
|move|p1a: Malamar|Superpower|p2a: Garganacl
|-immune|p2a: Garganacl
|
|-heal|p1a: Malamar|54/100 tox|[from] item: Leftovers
|-damage|p1a: Malamar|35/100 tox|[from] psn
|upkeep
|turn|17
|
|t:|1779722648
|move|p2a: Garganacl|Protect|p2a: Garganacl
|-singleturn|p2a: Garganacl|Protect
|move|p1a: Malamar|Knock Off|p2a: Garganacl
|-activate|p2a: Garganacl|move: Protect
|
|-heal|p1a: Malamar|41/100 tox|[from] item: Leftovers
|-damage|p1a: Malamar|17/100 tox|[from] psn
|upkeep
|turn|18
|
|t:|1779722653
|move|p1a: Malamar|Knock Off|p2a: Garganacl
|-supereffective|p2a: Garganacl
|-damage|p2a: Garganacl|0 fnt
|faint|p2a: Garganacl
|
|-heal|p1a: Malamar|23/100 tox|[from] item: Leftovers
|-damage|p1a: Malamar|0 fnt|[from] psn
|faint|p1a: Malamar
|upkeep
|
|t:|1779722660
|switch|p1a: Komala|Komala, M|100/100
|switch|p2a: Torterra|Torterra, M|100/100
|-ability|p1a: Komala|Comatose
|turn|19
|
|t:|1779722668
|move|p2a: Torterra|Shell Smash|p2a: Torterra
|-unboost|p2a: Torterra|def|1
|-unboost|p2a: Torterra|spd|1
|-boost|p2a: Torterra|atk|2
|-boost|p2a: Torterra|spa|2
|-boost|p2a: Torterra|spe|2
|move|p1a: Komala|Body Slam|p2a: Torterra
|-damage|p2a: Torterra|31/100
|-status|p2a: Torterra|par
|
|upkeep
|turn|20
|
|t:|1779722673
|move|p2a: Torterra|Bullet Seed|p1a: Komala
|-damage|p1a: Komala|62/100
|-damage|p1a: Komala|27/100
|-crit|p1a: Komala
|-damage|p1a: Komala|0 fnt
|faint|p1a: Komala
|-hitcount|p1: Komala|3
|
|upkeep
|
|t:|1779722675
|switch|p1a: Jolteon|Jolteon, F|100/100
|turn|21
|
|t:|1779722687
|move|p1a: Jolteon|Shadow Ball|p2a: Torterra
|-damage|p2a: Torterra|0 fnt
|faint|p2a: Torterra
|
|upkeep
|
|t:|1779722692
|switch|p2a: Excadrill|Excadrill, F|100/100
|-item|p2a: Excadrill|Air Balloon
|turn|22
|
|t:|1779722701
|switch|p1a: Orthworm|Orthworm, M|57/100
|move|p2a: Excadrill|Earthquake|p1a: Orthworm
|-heal|p1a: Orthworm|82/100|[from] ability: Earth Eater|[of] p2a: Excadrill
|
|-heal|p1a: Orthworm|88/100|[from] item: Leftovers
|upkeep
|turn|23
|
|t:|1779722707
|switch|p2a: Alomomola|Alomomola, F|100/100
|move|p1a: Orthworm|Stealth Rock|p2a: Alomomola
|-sidestart|p2: Underquill|move: Stealth Rock
|
|-heal|p1a: Orthworm|94/100|[from] item: Leftovers
|upkeep
|turn|24
|
|t:|1779722710
|switch|p1a: Jolteon|Jolteon, F|100/100
|move|p2a: Alomomola|Tickle|p1a: Jolteon
|-unboost|p1a: Jolteon|atk|1
|-unboost|p1a: Jolteon|def|1
|
|upkeep
|turn|25
|
|t:|1779722717
|switch|p2a: Mandibuzz|Mandibuzz, F|25/100
|-damage|p2a: Mandibuzz|0 fnt|[from] Stealth Rock
|faint|p2a: Mandibuzz
|move|p1a: Jolteon|Volt Switch|p2: Mandibuzz|[notarget]
|-fail|p1a: Jolteon
|
|upkeep
|-message|Underquill forfeited.
|
|win|calm lad
|raw|calm lad's rating: 1268 &rarr; <strong>1291</strong><br />(+23 for winning)
|raw|Underquill's rating: 1242 &rarr; <strong>1219</strong><br />(-23 for losing)
|l|☆Underquill
|player|p2|
