|j|☆oseimak000
|j|☆diablovaljumper
|t:|1779571251
|gametype|singles
|player|p1|oseimak000|hilbert|1110
|player|p2|diablovaljumper|cynthia-gen4|1144
|gen|9
|tier|[Gen 9] OU
|rated|
|rule|HP Percentage Mod: HP is shown in percentages
|rule|Endless Battle Clause: Forcing endless battles is banned
|rule|Species Clause: Limit one of each Pokémon
|rule|OHKO Clause: OHKO moves are banned
|rule|Evasion Items Clause: Evasion items are banned
|rule|Evasion Moves Clause: Evasion moves are banned
|rule|Evasion Abilities Clause: Evasion abilities are banned
|rule|Sleep Moves Clause: Sleep-inducing moves are banned
|clearpoke
|poke|p1|Ceruledge, M|
|poke|p1|Greninja-*, M|
|poke|p1|Blaziken, M|
|poke|p1|Ogerpon-Wellspring, F|
|poke|p1|Dragonite, F|
|poke|p1|Lucario, M|
|poke|p2|Klefki, M|
|poke|p2|Great Tusk|
|poke|p2|Raging Bolt|
|poke|p2|Venusaur, F|
|poke|p2|Walking Wake|
|poke|p2|Torkoal, F|
|teampreview
|inactive|Battle timer is ON: inactive players will automatically lose when time's up. (requested by oseimak000)
|
|t:|1779571282
|teamsize|p1|6
|teamsize|p2|6
|start
|switch|p1a: Ogerpon|Ogerpon-Wellspring, F|100/100
|switch|p2a: Klefki|Klefki, M|100/100
|turn|1
|
|t:|1779571290
|-terastallize|p1a: Ogerpon|Water
|detailschange|p1a: Ogerpon|Ogerpon-Wellspring-Tera, F, tera:Water
|-ability|p1a: Ogerpon|Embody Aspect (Wellspring)|boost
|-boost|p1a: Ogerpon|spd|1
|move|p2a: Klefki|Reflect|p2a: Klefki
|-sidestart|p2: diablovaljumper|Reflect
|move|p1a: Ogerpon|Swords Dance|p1a: Ogerpon
|-boost|p1a: Ogerpon|atk|2
|
|upkeep
|turn|2
|
|t:|1779571310
|move|p2a: Klefki|Spikes|p1a: Ogerpon
|-sidestart|p1: oseimak000|Spikes
|move|p1a: Ogerpon|Swords Dance|p1a: Ogerpon
|-boost|p1a: Ogerpon|atk|2
|
|upkeep
|turn|3
|
|t:|1779571315
|move|p2a: Klefki|Spikes|p1a: Ogerpon
|-sidestart|p1: oseimak000|Spikes
|move|p1a: Ogerpon|Ivy Cudgel|p2a: Klefki|[anim] Ivy Cudgel Water
|-damage|p2a: Klefki|0 fnt
|faint|p2a: Klefki
|
|upkeep
|
|t:|1779571320
|switch|p2a: Venusaur|Venusaur, F|100/100
|turn|4
|
|t:|1779571326
|move|p1a: Ogerpon|Knock Off|p2a: Venusaur
|-damage|p2a: Venusaur|38/100
|-enditem|p2a: Venusaur|Choice Specs|[from] move: Knock Off|[of] p1a: Ogerpon
|move|p2a: Venusaur|Sludge Bomb|p1a: Ogerpon
|-damage|p1a: Ogerpon|66/100
|-status|p1a: Ogerpon|psn
|
|-damage|p1a: Ogerpon|54/100 psn|[from] psn
|upkeep
|turn|5
|
|t:|1779571344
|move|p1a: Ogerpon|Horn Leech|p2a: Venusaur
|-resisted|p2a: Venusaur
|-damage|p2a: Venusaur|23/100
|-heal|p1a: Ogerpon|62/100 psn|[from] drain|[of] p2a: Venusaur
|move|p2a: Venusaur|Sludge Bomb|p1a: Ogerpon
|-damage|p1a: Ogerpon|30/100 psn
|
|-damage|p1a: Ogerpon|17/100 psn|[from] psn
|upkeep
|turn|6
|inactive|oseimak000 has 120 seconds left.
|
|t:|1779571396
|move|p1a: Ogerpon|Knock Off|p2a: Venusaur
|-damage|p2a: Venusaur|0 fnt
|faint|p2a: Venusaur
|
|-damage|p1a: Ogerpon|5/100 psn|[from] psn
|upkeep
|
|t:|1779571402
|switch|p2a: Raging Bolt|Raging Bolt|100/100
|-item|p2a: Raging Bolt|Air Balloon
|turn|7
|
|t:|1779571407
|move|p1a: Ogerpon|Ivy Cudgel|p2a: Raging Bolt|[anim] Ivy Cudgel Water
|-resisted|p2a: Raging Bolt
|-damage|p2a: Raging Bolt|48/100
|-enditem|p2a: Raging Bolt|Air Balloon
|move|p2a: Raging Bolt|Volt Switch|p1a: Ogerpon
|-supereffective|p1a: Ogerpon
|-damage|p1a: Ogerpon|0 fnt
|faint|p1a: Ogerpon
|detailschange|p1: Ogerpon|Ogerpon-Wellspring, F|[silent]
|
|t:|1779571409
|-end|p2a: Raging Bolt|Protosynthesis|[silent]
|switch|p2a: Torkoal|Torkoal, F|100/100|[from] Volt Switch
|-weather|SunnyDay|[from] ability: Drought|[of] p2a: Torkoal
|
|-weather|SunnyDay|[upkeep]
|upkeep
|inactive|oseimak000 has 120 seconds left.
|inactive|oseimak000 has 90 seconds left.
|
|t:|1779571457
|switch|p1a: Dragonite|Dragonite, F|100/100
|turn|8
|
|t:|1779571463
|move|p1a: Dragonite|Dragon Dance|p1a: Dragonite
|-boost|p1a: Dragonite|atk|1
|-boost|p1a: Dragonite|spe|1
|move|p2a: Torkoal|Will-O-Wisp|p1a: Dragonite
|-status|p1a: Dragonite|brn
|
|-weather|SunnyDay|[upkeep]
|-damage|p1a: Dragonite|94/100 brn|[from] brn
|-sideend|p2: diablovaljumper|Reflect
|upkeep
|turn|9
|
|t:|1779571470
|move|p1a: Dragonite|Dragon Dance|p1a: Dragonite
|-boost|p1a: Dragonite|atk|1
|-boost|p1a: Dragonite|spe|1
|move|p2a: Torkoal|Stealth Rock|p1a: Dragonite
|-sidestart|p1: oseimak000|move: Stealth Rock
|
|-weather|SunnyDay|[upkeep]
|-damage|p1a: Dragonite|88/100 brn|[from] brn
|upkeep
|turn|10
|
|t:|1779571477
|move|p1a: Dragonite|Dragon Dance|p1a: Dragonite
|-boost|p1a: Dragonite|atk|1
|-boost|p1a: Dragonite|spe|1
|move|p2a: Torkoal|Clear Smog|p1a: Dragonite
|-damage|p1a: Dragonite|79/100 brn
|-clearboost|p1a: Dragonite
|
|-weather|SunnyDay|[upkeep]
|-damage|p1a: Dragonite|73/100 brn|[from] brn
|upkeep
|turn|11
|
|t:|1779571486
|switch|p2a: Walking Wake|Walking Wake|100/100
|-activate|p2a: Walking Wake|ability: Protosynthesis
|-start|p2a: Walking Wake|protosynthesisspa
|move|p1a: Dragonite|Dragon Dance|p1a: Dragonite
|-boost|p1a: Dragonite|atk|1
|-boost|p1a: Dragonite|spe|1
|
|-weather|SunnyDay|[upkeep]
|-damage|p1a: Dragonite|67/100 brn|[from] brn
|upkeep
|turn|12
|
|t:|1779571494
|move|p1a: Dragonite|Draco Meteor|p2a: Walking Wake
|-supereffective|p2a: Walking Wake
|-damage|p2a: Walking Wake|0 fnt
|-unboost|p1a: Dragonite|spa|2
|faint|p2a: Walking Wake
|-end|p2a: Walking Wake|Protosynthesis|[silent]
|
|-weather|SunnyDay|[upkeep]
|-damage|p1a: Dragonite|61/100 brn|[from] brn
|upkeep
|
|t:|1779571497
|switch|p2a: Great Tusk|Great Tusk|100/100
|-activate|p2a: Great Tusk|ability: Protosynthesis
|-start|p2a: Great Tusk|protosynthesisatk
|turn|13
|inactive|oseimak000 has 120 seconds left.
|
|t:|1779571508
|move|p1a: Dragonite|Draco Meteor|p2a: Great Tusk
|-damage|p2a: Great Tusk|68/100
|-unboost|p1a: Dragonite|spa|2
|move|p2a: Great Tusk|Ice Spinner|p1a: Dragonite
|-supereffective|p1a: Dragonite
|-damage|p1a: Dragonite|0 fnt
|faint|p1a: Dragonite
|
|-weather|SunnyDay|[upkeep]
|upkeep
|
|t:|1779571519
|switch|p1a: Greninja|Greninja, M|100/100
|-damage|p1a: Greninja|84/100|[from] Spikes
|-damage|p1a: Greninja|72/100|[from] Stealth Rock
|turn|14
|
|t:|1779571525
|-end|p2a: Great Tusk|Protosynthesis|[silent]
|switch|p2a: Raging Bolt|Raging Bolt|48/100
|-activate|p2a: Raging Bolt|ability: Protosynthesis
|-start|p2a: Raging Bolt|protosynthesisspa
|move|p1a: Greninja|Hydro Pump|p2a: Raging Bolt
|-resisted|p2a: Raging Bolt
|-damage|p2a: Raging Bolt|37/100
|
|-weather|none
|-end|p2a: Raging Bolt|Protosynthesis
|-heal|p1a: Greninja|78/100|[from] item: Leftovers
|upkeep
|turn|15
|inactive|oseimak000 has 120 seconds left.
|
|t:|1779571535
|move|p2a: Raging Bolt|Thunderclap|p1a: Greninja
|-supereffective|p1a: Greninja
|-damage|p1a: Greninja|0 fnt
|faint|p1a: Greninja
|
|upkeep
|inactive|oseimak000 has 120 seconds left.
|
|t:|1779571542
|switch|p1a: Blaziken|Blaziken, M, shiny|100/100
|-damage|p1a: Blaziken|84/100|[from] Spikes
|-damage|p1a: Blaziken|72/100|[from] Stealth Rock
|turn|16
|
|t:|1779571546
|move|p1a: Blaziken|Detect|p1a: Blaziken
|-singleturn|p1a: Blaziken|Protect
|move|p2a: Raging Bolt|Draco Meteor|p1a: Blaziken
|-activate|p1a: Blaziken|move: Protect
|
|-ability|p1a: Blaziken|Speed Boost|boost
|-boost|p1a: Blaziken|spe|1
|upkeep
|turn|17
|
|t:|1779571553
|move|p2a: Raging Bolt|Thunderclap|p1a: Blaziken
|-damage|p1a: Blaziken|11/100
|move|p1a: Blaziken|Earthquake|p2a: Raging Bolt
|-supereffective|p2a: Raging Bolt
|-damage|p2a: Raging Bolt|0 fnt
|faint|p2a: Raging Bolt
|-end|p2a: Raging Bolt|Protosynthesis|[silent]
|
|-ability|p1a: Blaziken|Speed Boost|boost
|-boost|p1a: Blaziken|spe|1
|upkeep
|
|t:|1779571560
|switch|p2a: Torkoal|Torkoal, F|100/100
|-weather|SunnyDay|[from] ability: Drought|[of] p2a: Torkoal
|turn|18
|
|t:|1779571566
|move|p1a: Blaziken|Earthquake|p2a: Torkoal
|-supereffective|p2a: Torkoal
|-damage|p2a: Torkoal|50/100
|move|p2a: Torkoal|Clear Smog|p1a: Blaziken
|-damage|p1a: Blaziken|0 fnt
|-clearboost|p1a: Blaziken
|faint|p1a: Blaziken
|
|-weather|SunnyDay|[upkeep]
|upkeep
|
|t:|1779571576
|switch|p1a: Lucario|Lucario, M, shiny|100/100
|-damage|p1a: Lucario|84/100|[from] Spikes
|-damage|p1a: Lucario|81/100|[from] Stealth Rock
|turn|19
|
|t:|1779571581
|move|p1a: Lucario|Swords Dance|p1a: Lucario
|-boost|p1a: Lucario|atk|2
|move|p2a: Torkoal|Will-O-Wisp|p1a: Lucario
|-status|p1a: Lucario|brn
|
|-weather|SunnyDay|[upkeep]
|-damage|p1a: Lucario|75/100 brn|[from] brn
|upkeep
|turn|20
|
|t:|1779571588
|move|p1a: Lucario|Close Combat|p2a: Torkoal
|-damage|p2a: Torkoal|10/100
|-unboost|p1a: Lucario|def|1
|-unboost|p1a: Lucario|spd|1
|move|p2a: Torkoal|Rapid Spin|p1a: Lucario
|-resisted|p1a: Lucario
|-damage|p1a: Lucario|63/100 brn
|-boost|p2a: Torkoal|spe|1
|
|-weather|SunnyDay|[upkeep]
|-damage|p1a: Lucario|57/100 brn|[from] brn
|upkeep
|turn|21
|
|t:|1779571598
|move|p1a: Lucario|Extreme Speed|p2a: Torkoal
|-damage|p2a: Torkoal|0 fnt
|faint|p2a: Torkoal
|
|-weather|SunnyDay|[upkeep]
|-damage|p1a: Lucario|51/100 brn|[from] brn
|upkeep
|
|t:|1779571600
|switch|p2a: Great Tusk|Great Tusk|68/100
|-activate|p2a: Great Tusk|ability: Protosynthesis
|-start|p2a: Great Tusk|protosynthesisatk
|turn|22
|
|t:|1779571610
|move|p1a: Lucario|Close Combat|p2a: Great Tusk
|-damage|p2a: Great Tusk|25/100
|-unboost|p1a: Lucario|def|1
|-unboost|p1a: Lucario|spd|1
|move|p2a: Great Tusk|Headlong Rush|p1a: Lucario
|-supereffective|p1a: Lucario
|-damage|p1a: Lucario|0 fnt
|-unboost|p2a: Great Tusk|def|1
|-unboost|p2a: Great Tusk|spd|1
|faint|p1a: Lucario
|
|-weather|SunnyDay|[upkeep]
|upkeep
|
|t:|1779571621
|switch|p1a: Ceruledge|Ceruledge, M|100/100
|-damage|p1a: Ceruledge|84/100|[from] Spikes
|-damage|p1a: Ceruledge|59/100|[from] Stealth Rock
|turn|23
|
|t:|1779571631
|move|p2a: Great Tusk|Headlong Rush|p1a: Ceruledge
|-supereffective|p1a: Ceruledge
|-damage|p1a: Ceruledge|0 fnt
|-unboost|p2a: Great Tusk|def|1
|-unboost|p2a: Great Tusk|spd|1
|faint|p1a: Ceruledge
|
|win|diablovaljumper
|raw|oseimak000's rating: 1110 &rarr; <strong>1087</strong><br />(-23 for losing)
|raw|diablovaljumper's rating: 1144 &rarr; <strong>1167</strong><br />(+23 for winning)
|l|☆oseimak000
|player|p1|
