|j|☆qweralt
|j|☆RyvalMD
|t:|1779596615
|gametype|singles
|player|p1|qweralt|boarder|1471
|player|p2|RyvalMD|backersf|1534
|gen|9
|tier|[Gen 9] OU
|rated|
|rule|HP Percentage Mod: HP is shown in percentages
|rule|Endless Battle Clause: Forcing endless battles is banned
|rule|Species Clause: Limit one of each Pokémon
|rule|OHKO Clause: OHKO moves are banned
|rule|Evasion Items Clause: Evasion items are banned
|rule|Evasion Moves Clause: Evasion moves are banned
|rule|Evasion Abilities Clause: Evasion abilities are banned
|rule|Sleep Moves Clause: Sleep-inducing moves are banned
|clearpoke
|poke|p1|Hoopa|
|poke|p1|Cinderace, M|
|poke|p1|Mandibuzz, F|
|poke|p1|Kyurem|
|poke|p1|Ting-Lu|
|poke|p1|Manaphy|
|poke|p2|Ogerpon-Wellspring, F|
|poke|p2|Darkrai|
|poke|p2|Slowking-Galar, M|
|poke|p2|Gholdengo|
|poke|p2|Great Tusk|
|poke|p2|Dragonite, M|
|teampreview
|inactive|Battle timer is ON: inactive players will automatically lose when time's up. (requested by RyvalMD)
|
|t:|1779596625
|teamsize|p1|6
|teamsize|p2|6
|start
|switch|p1a: Kyurem|Kyurem|100/100
|switch|p2a: Ogerpon|Ogerpon-Wellspring, F|100/100
|-ability|p1a: Kyurem|Pressure
|turn|1
|
|t:|1779596631
|move|p1a: Kyurem|Ice Beam|p2a: Ogerpon
|-damage|p2a: Ogerpon|41/100
|move|p2a: Ogerpon|U-turn|p1a: Kyurem
|-damage|p1a: Kyurem|74/100
|
|t:|1779596640
|switch|p2a: Slowking|Slowking-Galar, M|100/100|[from] U-turn
|
|upkeep
|turn|2
|
|t:|1779596654
|switch|p1a: Ting-Lucifer|Ting-Lu|100/100
|-ability|p1a: Ting-Lucifer|Vessel of Ruin
|move|p2a: Slowking|Toxic|p1a: Ting-Lucifer
|-status|p1a: Ting-Lucifer|tox
|
|-damage|p1a: Ting-Lucifer|94/100 tox|[from] psn
|upkeep
|turn|3
|
|t:|1779596664
|move|p1a: Ting-Lucifer|Stone Edge|p2a: Slowking
|-damage|p2a: Slowking|64/100
|-prepare|p2a: Slowking|Chilly Reception|[premajor]
|move|p2a: Slowking|Chilly Reception|p2a: Slowking
|-weather|Snowscape
|
|t:|1779596671
|switch|p2a: Ogerpon|Ogerpon-Wellspring, F|41/100|[from] Chilly Reception
|
|-weather|Snowscape|[upkeep]
|-damage|p1a: Ting-Lucifer|82/100 tox|[from] psn
|upkeep
|turn|4
|
|t:|1779596675
|move|p2a: Ogerpon|Horn Leech|p1a: Ting-Lucifer
|-supereffective|p1a: Ting-Lucifer
|-damage|p1a: Ting-Lucifer|34/100 tox
|-heal|p2a: Ogerpon|80/100|[from] drain|[of] p1a: Ting-Lucifer
|-enditem|p1a: Ting-Lucifer|Weakness Policy
|-boost|p1a: Ting-Lucifer|atk|2|[from] item: Weakness Policy
|-boost|p1a: Ting-Lucifer|spa|2|[from] item: Weakness Policy
|move|p1a: Ting-Lucifer|Stone Edge|p2a: Ogerpon
|-crit|p2a: Ogerpon
|-damage|p2a: Ogerpon|0 fnt
|faint|p2a: Ogerpon
|
|-weather|Snowscape|[upkeep]
|-damage|p1a: Ting-Lucifer|15/100 tox|[from] psn
|upkeep
|
|t:|1779596696
|switch|p2a: Great Tusk|Great Tusk|100/100
|turn|5
|
|t:|1779596701
|move|p2a: Great Tusk|Rapid Spin|p1a: Ting-Lucifer
|-crit|p1a: Ting-Lucifer
|-damage|p1a: Ting-Lucifer|3/100 tox
|-boost|p2a: Great Tusk|spe|1
|move|p1a: Ting-Lucifer|Earthquake|p2a: Great Tusk
|-damage|p2a: Great Tusk|36/100
|
|-weather|Snowscape|[upkeep]
|-damage|p1a: Ting-Lucifer|0 fnt|[from] psn
|faint|p1a: Ting-Lucifer
|upkeep
|
|t:|1779596709
|switch|p1a: Kyurem|Kyurem|74/100
|-ability|p1a: Kyurem|Pressure
|turn|6
|
|t:|1779596715
|move|p1a: Kyurem|Ice Beam|p2a: Great Tusk
|-supereffective|p2a: Great Tusk
|-damage|p2a: Great Tusk|0 fnt
|faint|p2a: Great Tusk
|-end|p2a: Great Tusk|Protosynthesis|[silent]
|
|-weather|Snowscape|[upkeep]
|upkeep
|
|t:|1779596719
|switch|p2a: Slowking|Slowking-Galar, M|98/100
|turn|7
|inactive|qweralt has 120 seconds left.
|
|t:|1779596768
|switch|p1a: Manaphy|Manaphy|100/100
|move|p2a: Slowking|Toxic|p1a: Manaphy
|-status|p1a: Manaphy|tox
|
|-weather|none
|-damage|p1a: Manaphy|94/100 tox|[from] psn
|upkeep
|turn|8
|
|t:|1779596777
|move|p1a: Manaphy|Take Heart|p1a: Manaphy
|-boost|p1a: Manaphy|spa|1
|-boost|p1a: Manaphy|spd|1
|-curestatus|p1a: Manaphy|tox|[msg]
|move|p2a: Slowking|Psychic Noise|p1a: Manaphy
|-damage|p1a: Manaphy|79/100
|-start|p1a: Manaphy|move: Heal Block
|
|upkeep
|turn|9
|l|☆RyvalMD
|inactive|RyvalMD disconnected and has a minute to reconnect!
|player|p2|
|inactive|RyvalMD has 30 seconds to reconnect!
|inactive|RyvalMD has 20 seconds to reconnect!
|inactive|RyvalMD has 15 seconds to reconnect!
|inactive|RyvalMD has 10 seconds to reconnect!
|inactive|RyvalMD has 5 seconds to reconnect!
|-message|RyvalMD lost due to inactivity.
|
|win|qweralt
|raw|qweralt's rating: 1471 &rarr; <strong>1495</strong><br />(+24 for winning)
|raw|RyvalMD's rating: 1534 &rarr; <strong>1510</strong><br />(-24 for losing)
|l|☆qweralt
|player|p1|
