|j|☆its.kirubel
|j|☆BabyWooper123
|t:|1779589978
|gametype|singles
|player|p1|its.kirubel|iris-gen5bw2|1196
|player|p2|BabyWooper123|101|1252
|gen|9
|tier|[Gen 9] OU
|rated|
|rule|HP Percentage Mod: HP is shown in percentages
|rule|Endless Battle Clause: Forcing endless battles is banned
|rule|Species Clause: Limit one of each Pokémon
|rule|OHKO Clause: OHKO moves are banned
|rule|Evasion Items Clause: Evasion items are banned
|rule|Evasion Moves Clause: Evasion moves are banned
|rule|Evasion Abilities Clause: Evasion abilities are banned
|rule|Sleep Moves Clause: Sleep-inducing moves are banned
|clearpoke
|poke|p1|Hawlucha, F|
|poke|p1|Samurott-Hisui, F|
|poke|p1|Rillaboom, F|
|poke|p1|Gholdengo|
|poke|p1|Kyurem|
|poke|p1|Landorus-Therian, M|
|poke|p2|Alcremie, F|
|poke|p2|Chimecho, M|
|poke|p2|Illumise, F|
|poke|p2|Bellossom, M|
|poke|p2|Jirachi|
|poke|p2|Minior|
|teampreview
|inactive|Battle timer is ON: inactive players will automatically lose when time's up. (requested by BabyWooper123)
|inactive|its.kirubel also wants the timer to be on.
|inactive|BabyWooper123 has 120 seconds left.
|
|t:|1779590018
|teamsize|p1|6
|teamsize|p2|6
|start
|switch|p1a: Landorus|Landorus-Therian, M|100/100
|switch|p2a: Bellossom|Bellossom, M|100/100
|-ability|p1a: Landorus|Intimidate|boost
|-unboost|p2a: Bellossom|atk|1
|turn|1
|inactive|its.kirubel has 120 seconds left.
|
|t:|1779590052
|move|p1a: Landorus|Taunt|p2a: Bellossom
|-start|p2a: Bellossom|move: Taunt
|cant|p2a: Bellossom|move: Taunt|Quiver Dance
|
|upkeep
|turn|2
|
|t:|1779590064
|switch|p2a: Jirachi|Jirachi|100/100
|move|p1a: Landorus|Stealth Rock|p2a: Jirachi
|-sidestart|p2: BabyWooper123|move: Stealth Rock
|
|upkeep
|turn|3
|
|t:|1779590086
|move|p2a: Jirachi|Zen Headbutt|p1a: Landorus
|-damage|p1a: Landorus|69/100
|-damage|p2a: Jirachi|84/100|[from] item: Rocky Helmet|[of] p1a: Landorus
|move|p1a: Landorus|Taunt|p2a: Jirachi
|-start|p2a: Jirachi|move: Taunt
|
|upkeep
|turn|4
|
|t:|1779590095
|move|p2a: Jirachi|Zen Headbutt|p1a: Landorus
|-damage|p1a: Landorus|33/100
|-damage|p2a: Jirachi|68/100|[from] item: Rocky Helmet|[of] p1a: Landorus
|move|p1a: Landorus|Earth Power|p2a: Jirachi
|-supereffective|p2a: Jirachi
|-damage|p2a: Jirachi|6/100
|
|upkeep
|turn|5
|inactive|its.kirubel has 120 seconds left.
|
|t:|1779590122
|switch|p1a: Gholdengo|Gholdengo|100/100
|move|p2a: Jirachi|Zen Headbutt|p1a: Gholdengo
|-resisted|p1a: Gholdengo
|-damage|p1a: Gholdengo|82/100
|
|upkeep
|turn|6
|
|t:|1779590130
|move|p2a: Jirachi|Zen Headbutt|p1a: Gholdengo
|-resisted|p1a: Gholdengo
|-damage|p1a: Gholdengo|60/100
|move|p1a: Gholdengo|Shadow Ball|p2a: Jirachi
|-supereffective|p2a: Jirachi
|-damage|p2a: Jirachi|0 fnt
|faint|p2a: Jirachi
|
|upkeep
|
|t:|1779590148
|switch|p2a: Minior|Minior|100/100
|-damage|p2a: Minior|76/100|[from] Stealth Rock
|-formechange|p2a: Minior|Minior-Meteor||[from] ability: Shields Down
|turn|7
|inactive|its.kirubel has 120 seconds left.
|inactive|its.kirubel has 90 seconds left.
|
|t:|1779590199
|switch|p1a: Rillaboom|Rillaboom, F|100/100
|-fieldstart|move: Grassy Terrain|[from] ability: Grassy Surge|[of] p1a: Rillaboom
|move|p2a: Minior|Shell Smash|p2a: Minior
|-unboost|p2a: Minior|def|1
|-unboost|p2a: Minior|spd|1
|-boost|p2a: Minior|atk|2
|-boost|p2a: Minior|spa|2
|-boost|p2a: Minior|spe|2
|-enditem|p2a: Minior|White Herb
|-clearnegativeboost|p2a: Minior|[silent]
|
|upkeep
|turn|8
|inactive|its.kirubel has 90 seconds left.
|inactive|BabyWooper123 has 120 seconds left.
|
|t:|1779590232
|move|p1a: Rillaboom|Grassy Glide|p2a: Minior
|-damage|p2a: Minior|21/100
|move|p2a: Minior|Earth Power|p1a: Rillaboom
|-resisted|p1a: Rillaboom
|-damage|p1a: Rillaboom|77/100
|
|-heal|p1a: Rillaboom|84/100|[from] Grassy Terrain
|-formechange|p2a: Minior|Minior||[from] ability: Shields Down
|upkeep
|turn|9
|inactive|its.kirubel has 90 seconds left.
|
|t:|1779590248
|move|p1a: Rillaboom|Grassy Glide|p2a: Minior
|-damage|p2a: Minior|0 fnt
|faint|p2a: Minior
|
|-heal|p1a: Rillaboom|90/100|[from] Grassy Terrain
|upkeep
|
|t:|1779590253
|switch|p2a: Bellossom|Bellossom, M|100/100
|-damage|p2a: Bellossom|88/100|[from] Stealth Rock
|turn|10
|inactive|its.kirubel has 90 seconds left.
|
|t:|1779590266
|move|p1a: Rillaboom|Knock Off|p2a: Bellossom
|-damage|p2a: Bellossom|46/100
|-enditem|p2a: Bellossom|Power Herb|[from] move: Knock Off|[of] p1a: Rillaboom
|move|p2a: Bellossom|Quiver Dance|p2a: Bellossom
|-boost|p2a: Bellossom|spa|1
|-boost|p2a: Bellossom|spd|1
|-boost|p2a: Bellossom|spe|1
|
|-heal|p2a: Bellossom|52/100|[from] Grassy Terrain
|-heal|p1a: Rillaboom|96/100|[from] Grassy Terrain
|upkeep
|turn|11
|inactive|its.kirubel has 90 seconds left.
|
|t:|1779590282
|switch|p1a: Kyurem|Kyurem|100/100
|-ability|p1a: Kyurem|Pressure
|move|p2a: Bellossom|Quiver Dance|p2a: Bellossom
|-boost|p2a: Bellossom|spa|1
|-boost|p2a: Bellossom|spd|1
|-boost|p2a: Bellossom|spe|1
|
|-heal|p2a: Bellossom|58/100|[from] Grassy Terrain
|-fieldend|move: Grassy Terrain
|upkeep
|turn|12
|
|t:|1779590293
|move|p2a: Bellossom|Strength Sap|p1a: Kyurem
|-unboost|p1a: Kyurem|atk|1
|-heal|p2a: Bellossom|100/100
|move|p1a: Kyurem|Freeze-Dry|p2a: Bellossom
|-supereffective|p2a: Bellossom
|-damage|p2a: Bellossom|61/100
|
|upkeep
|turn|13
|inactive|its.kirubel has 90 seconds left.
|
|t:|1779590302
|move|p2a: Bellossom|Quiver Dance|p2a: Bellossom
|-boost|p2a: Bellossom|spa|1
|-boost|p2a: Bellossom|spd|1
|-boost|p2a: Bellossom|spe|1
|move|p1a: Kyurem|Ice Beam|p2a: Bellossom
|-supereffective|p2a: Bellossom
|-damage|p2a: Bellossom|15/100
|-status|p2a: Bellossom|frz
|
|upkeep
|turn|14
|-message|BabyWooper123 forfeited.
|
|win|its.kirubel
|raw|its.kirubel's rating: 1196 &rarr; <strong>1225</strong><br />(+29 for winning)
|raw|BabyWooper123's rating: 1252 &rarr; <strong>1223</strong><br />(-29 for losing)
|l|☆BabyWooper123
|player|p2|
|l|☆its.kirubel
|player|p1|
