|j|☆manabi.portoviejo
|j|☆Karmasiren
|t:|1779661768
|gametype|singles
|player|p1|manabi.portoviejo|2|1550
|player|p2|Karmasiren|skyla|1556
|gen|9
|tier|[Gen 9] OU
|rated|
|rule|HP Percentage Mod: HP is shown in percentages
|rule|Endless Battle Clause: Forcing endless battles is banned
|rule|Species Clause: Limit one of each Pokémon
|rule|OHKO Clause: OHKO moves are banned
|rule|Evasion Items Clause: Evasion items are banned
|rule|Evasion Moves Clause: Evasion moves are banned
|rule|Evasion Abilities Clause: Evasion abilities are banned
|rule|Sleep Moves Clause: Sleep-inducing moves are banned
|clearpoke
|poke|p1|Indeedee-F, F|
|poke|p1|Hoopa-Unbound|
|poke|p1|Hawlucha, M|
|poke|p1|Iron Crown|
|poke|p1|Hatterene, F|
|poke|p1|Ogerpon-Wellspring, F|
|poke|p2|Hoopa-Unbound|
|poke|p2|Kingambit, F|
|poke|p2|Samurott-Hisui, M|
|poke|p2|Landorus-Therian, M|
|poke|p2|Iron Valiant|
|poke|p2|Weezing-Galar, F|
|teampreview
|inactive|Battle timer is ON: inactive players will automatically lose when time's up. (requested by Karmasiren)
|
|t:|1779661778
|teamsize|p1|6
|teamsize|p2|6
|start
|switch|p1a: Indeedee|Indeedee-F, F|100/100
|switch|p2a: Central Sea|Samurott-Hisui, M, shiny|100/100
|-fieldstart|move: Psychic Terrain|[from] ability: Psychic Surge|[of] p1a: Indeedee
|turn|1
|
|t:|1779661794
|switch|p1a: Hatterene|Hatterene, F|100/100
|move|p2a: Central Sea|Ceaseless Edge|p1a: Hatterene
|-damage|p1a: Hatterene|49/100
|-sidestart|p1: manabi.portoviejo|Spikes
|-enditem|p1a: Hatterene|Eject Button
|
|t:|1779661799
|switch|p1a: Ogerpon|Ogerpon-Wellspring, F|100/100
|-damage|p1a: Ogerpon|88/100|[from] Spikes
|
|upkeep
|turn|2
|inactive|Karmasiren has 120 seconds left.
|
|t:|1779661852
|switch|p2a: Weezing|Weezing-Galar, F|100/100
|-ability|p2a: Weezing|Neutralizing Gas
|move|p1a: Ogerpon|Trailblaze|p2a: Weezing
|-resisted|p2a: Weezing
|-crit|p2a: Weezing
|-damage|p2a: Weezing|86/100
|-boost|p1a: Ogerpon|spe|1
|
|upkeep
|turn|3
|
|t:|1779661865
|move|p1a: Ogerpon|Taunt|p2a: Weezing
|-start|p2a: Weezing|move: Taunt
|cant|p2a: Weezing|move: Taunt|Will-O-Wisp
|
|upkeep
|turn|4
|
|t:|1779661893
|move|p1a: Ogerpon|Ivy Cudgel|p2a: Weezing|[anim] Ivy Cudgel Water
|-damage|p2a: Weezing|50/100
|move|p2a: Weezing|Sludge Bomb|p1a: Ogerpon
|-supereffective|p1a: Ogerpon
|-damage|p1a: Ogerpon|26/100
|
|upkeep
|turn|5
|
|t:|1779661900
|move|p1a: Ogerpon|Ivy Cudgel|p2a: Weezing|[anim] Ivy Cudgel Water
|-crit|p2a: Weezing
|-damage|p2a: Weezing|0 fnt
|faint|p2a: Weezing
|-end|p2a: Weezing|ability: Neutralizing Gas
|
|upkeep
|
|t:|1779661903
|switch|p2a: Clank Winatra|Iron Valiant, shiny|100/100
|-enditem|p2a: Clank Winatra|Booster Energy
|-activate|p2a: Clank Winatra|ability: Quark Drive|[fromitem]
|-start|p2a: Clank Winatra|quarkdrivespe
|turn|6
|
|t:|1779661916
|move|p2a: Clank Winatra|Knock Off|p1a: Ogerpon
|-damage|p1a: Ogerpon|0 fnt
|faint|p1a: Ogerpon
|
|upkeep
|
|t:|1779661939
|switch|p1a: Iron Crown|Iron Crown|100/100
|-damage|p1a: Iron Crown|88/100|[from] Spikes
|-enditem|p1a: Iron Crown|Booster Energy
|-activate|p1a: Iron Crown|ability: Quark Drive|[fromitem]
|-start|p1a: Iron Crown|quarkdrivespa
|turn|7
|inactive|Karmasiren has 120 seconds left.
|inactive|Karmasiren has 90 seconds left.
|
|t:|1779661981
|-terastallize|p2a: Clank Winatra|Steel
|move|p2a: Clank Winatra|Swords Dance|p2a: Clank Winatra
|-boost|p2a: Clank Winatra|atk|2
|move|p1a: Iron Crown|Tachyon Cutter|p2a: Clank Winatra
|-resisted|p2a: Clank Winatra
|-damage|p2a: Clank Winatra|71/100
|-resisted|p2a: Clank Winatra
|-damage|p2a: Clank Winatra|41/100
|-hitcount|p2a: Clank Winatra|2
|
|upkeep
|turn|8
|
|t:|1779662002
|-terastallize|p1a: Iron Crown|Dark
|move|p2a: Clank Winatra|Close Combat|p1a: Iron Crown
|-supereffective|p1a: Iron Crown
|-damage|p1a: Iron Crown|0 fnt
|-unboost|p2a: Clank Winatra|def|1
|-unboost|p2a: Clank Winatra|spd|1
|faint|p1a: Iron Crown
|-end|p1a: Iron Crown|Quark Drive|[silent]
|
|-fieldend|move: Psychic Terrain
|upkeep
|j| kanaete onegai
|inactive|manabi.portoviejo has 120 seconds left.
|-message|manabi.portoviejo forfeited.
|
|win|Karmasiren
|raw|manabi.portoviejo's rating: 1550 &rarr; <strong>1532</strong><br />(-18 for losing)
|raw|Karmasiren's rating: 1578 &rarr; <strong>1596</strong><br />(+18 for winning)
|l|☆manabi.portoviejo
|player|p1|
|l|☆Karmasiren
|player|p2|
