|j|☆204reptile
|j|☆SparkyBoomBoomBoiY
|t:|1779581492
|gametype|singles
|player|p1|204reptile|ingo|1156
|player|p2|SparkyBoomBoomBoiY|marlon|1088
|gen|9
|tier|[Gen 9] OU
|rated|
|rule|HP Percentage Mod: HP is shown in percentages
|rule|Endless Battle Clause: Forcing endless battles is banned
|rule|Species Clause: Limit one of each Pokémon
|rule|OHKO Clause: OHKO moves are banned
|rule|Evasion Items Clause: Evasion items are banned
|rule|Evasion Moves Clause: Evasion moves are banned
|rule|Evasion Abilities Clause: Evasion abilities are banned
|rule|Sleep Moves Clause: Sleep-inducing moves are banned
|clearpoke
|poke|p1|Clodsire, M|
|poke|p1|Toxapex, F|
|poke|p1|Corviknight, M|
|poke|p1|Dondozo, M|
|poke|p1|Clefable, F|
|poke|p1|Gliscor, F|
|poke|p2|Tornadus-Therian, M|
|poke|p2|Tsareena, F|
|poke|p2|Cramorant, F|
|poke|p2|Cryogonal|
|poke|p2|Grafaiai, M|
|poke|p2|Dragapult, M|
|teampreview
|
|t:|1779581499
|teamsize|p1|6
|teamsize|p2|6
|start
|switch|p1a: Clodsire|Clodsire, M|100/100
|switch|p2a: Grafaiai|Grafaiai, M|100/100
|turn|1
|c|☆SparkyBoomBoomBoiY|BROOO
|c|☆SparkyBoomBoomBoiY|Yall need to stop with these tanky teams
|c|☆SparkyBoomBoomBoiY|Anyways glhf
|
|t:|1779581528
|move|p2a: Grafaiai|Taunt|p1a: Clodsire
|-start|p1a: Clodsire|move: Taunt
|cant|p1a: Clodsire|move: Taunt|Spikes
|
|upkeep
|turn|2
|c|☆204reptile|No
|
|t:|1779581547
|switch|p2a: Guzzler|Cramorant, F|100/100
|move|p1a: Clodsire|Earthquake|p2a: Guzzler
|-immune|p2a: Guzzler
|
|upkeep
|turn|3
|
|t:|1779581554
|move|p2a: Guzzler|Stockpile|p2a: Guzzler
|-start|p2a: Guzzler|stockpile1
|-boost|p2a: Guzzler|def|1
|-boost|p2a: Guzzler|spd|1
|move|p1a: Clodsire|Poison Jab|p2a: Guzzler
|-crit|p2a: Guzzler
|-damage|p2a: Guzzler|59/100
|
|-heal|p2a: Guzzler|65/100|[from] item: Leftovers
|-end|p1a: Clodsire|move: Taunt
|upkeep
|turn|4
|
|t:|1779581566
|move|p2a: Guzzler|Stockpile|p2a: Guzzler
|-start|p2a: Guzzler|stockpile2
|-boost|p2a: Guzzler|def|1
|-boost|p2a: Guzzler|spd|1
|move|p1a: Clodsire|Poison Jab|p2a: Guzzler
|-damage|p2a: Guzzler|37/100
|
|-heal|p2a: Guzzler|43/100|[from] item: Leftovers
|upkeep
|turn|5
|
|t:|1779581578
|move|p2a: Guzzler|Surf|p1a: Clodsire
|-formechange|p2a: Guzzler|Cramorant-Gorging|
|-supereffective|p1a: Clodsire
|-damage|p1a: Clodsire|73/100
|move|p1a: Clodsire|Poison Jab|p2a: Guzzler
|-damage|p2a: Guzzler|14/100
|-damage|p1a: Clodsire|48/100|[from] ability: Gulp Missile|[of] p2a: Guzzler
|-status|p1a: Clodsire|par
|-formechange|p2a: Guzzler|Cramorant|
|
|-heal|p2a: Guzzler|20/100|[from] item: Leftovers
|upkeep
|turn|6
|
|t:|1779581591
|move|p2a: Guzzler|Swallow|p2a: Guzzler
|-heal|p2a: Guzzler|70/100
|-unboost|p2a: Guzzler|def|2
|-unboost|p2a: Guzzler|spd|2
|-end|p2a: Guzzler|Stockpile
|cant|p1a: Clodsire|par
|
|-heal|p2a: Guzzler|76/100|[from] item: Leftovers
|upkeep
|turn|7
|
|t:|1779581601
|move|p2a: Guzzler|Stockpile|p2a: Guzzler
|-start|p2a: Guzzler|stockpile1
|-boost|p2a: Guzzler|def|1
|-boost|p2a: Guzzler|spd|1
|move|p1a: Clodsire|Poison Jab|p2a: Guzzler
|-damage|p2a: Guzzler|44/100
|
|-heal|p2a: Guzzler|50/100|[from] item: Leftovers
|upkeep
|turn|8
|
|t:|1779581615
|move|p2a: Guzzler|Surf|p1a: Clodsire
|-formechange|p2a: Guzzler|Cramorant-Gorging|
|-supereffective|p1a: Clodsire
|-damage|p1a: Clodsire|18/100 par
|cant|p1a: Clodsire|par
|
|-heal|p2a: Guzzler|56/100|[from] item: Leftovers
|upkeep
|turn|9
|
|t:|1779581624
|move|p2a: Guzzler|Stockpile|p2a: Guzzler
|-start|p2a: Guzzler|stockpile2
|-boost|p2a: Guzzler|def|1
|-boost|p2a: Guzzler|spd|1
|move|p1a: Clodsire|Recover|p1a: Clodsire
|-heal|p1a: Clodsire|68/100 par
|
|-heal|p2a: Guzzler|62/100|[from] item: Leftovers
|upkeep
|turn|10
|
|t:|1779581633
|move|p2a: Guzzler|Stockpile|p2a: Guzzler
|-start|p2a: Guzzler|stockpile3
|-boost|p2a: Guzzler|def|1
|-boost|p2a: Guzzler|spd|1
|move|p1a: Clodsire|Poison Jab|p2a: Guzzler
|-damage|p2a: Guzzler|34/100
|-damage|p1a: Clodsire|43/100 par|[from] ability: Gulp Missile|[of] p2a: Guzzler
|-formechange|p2a: Guzzler|Cramorant|
|
|-heal|p2a: Guzzler|40/100|[from] item: Leftovers
|upkeep
|turn|11
|
|t:|1779581649
|move|p2a: Guzzler|Surf|p1a: Clodsire
|-formechange|p2a: Guzzler|Cramorant-Gorging|
|-supereffective|p1a: Clodsire
|-damage|p1a: Clodsire|14/100 par
|move|p1a: Clodsire|Poison Jab|p2a: Guzzler
|-damage|p2a: Guzzler|10/100
|-damage|p1a: Clodsire|0 fnt|[from] ability: Gulp Missile|[of] p2a: Guzzler
|-formechange|p2a: Guzzler|Cramorant|
|faint|p1a: Clodsire
|
|-heal|p2a: Guzzler|16/100|[from] item: Leftovers
|upkeep
|c|☆204reptile|0 poison what are the chances
|
|t:|1779581670
|switch|p1a: Toxapex|Toxapex, F|100/100
|turn|12
|c|☆SparkyBoomBoomBoiY|Yeah thats crazy
|
|t:|1779581682
|move|p2a: Guzzler|Swallow|p2a: Guzzler
|-heal|p2a: Guzzler|100/100
|-unboost|p2a: Guzzler|def|3
|-unboost|p2a: Guzzler|spd|3
|-end|p2a: Guzzler|Stockpile
|move|p1a: Toxapex|Infestation|p2a: Guzzler
|-resisted|p2a: Guzzler
|-damage|p2a: Guzzler|99/100
|-activate|p2a: Guzzler|move: Infestation|[of] p1a: Toxapex
|
|-heal|p2a: Guzzler|100/100|[from] item: Leftovers
|-damage|p2a: Guzzler|88/100|[from] move: Infestation|[partiallytrapped]
|upkeep
|turn|13
|
|t:|1779581694
|move|p2a: Guzzler|Surf|p1a: Toxapex
|-formechange|p2a: Guzzler|Cramorant-Gulping|
|-resisted|p1a: Toxapex
|-damage|p1a: Toxapex|90/100
|move|p1a: Toxapex|Poison Jab|p2a: Guzzler
|-damage|p2a: Guzzler|62/100
|-status|p2a: Guzzler|psn
|-damage|p1a: Toxapex|65/100|[from] ability: Gulp Missile|[of] p2a: Guzzler
|-unboost|p1a: Toxapex|def|1
|-formechange|p2a: Guzzler|Cramorant|
|
|-heal|p2a: Guzzler|68/100 psn|[from] item: Leftovers
|-heal|p1a: Toxapex|71/100|[from] item: Leftovers
|-damage|p2a: Guzzler|56/100 psn|[from] psn
|-damage|p2a: Guzzler|43/100 psn|[from] move: Infestation|[partiallytrapped]
|upkeep
|turn|14
|c|☆204reptile|finally
|c|☆SparkyBoomBoomBoiY|Bro really wanted poison
|c|☆204reptile|:D
|
|t:|1779581719
|move|p2a: Guzzler|Surf|p1a: Toxapex
|-formechange|p2a: Guzzler|Cramorant-Gorging|
|-resisted|p1a: Toxapex
|-damage|p1a: Toxapex|59/100
|move|p1a: Toxapex|Recover|p1a: Toxapex
|-heal|p1a: Toxapex|100/100
|
|-heal|p2a: Guzzler|49/100 psn|[from] item: Leftovers
|-damage|p2a: Guzzler|37/100 psn|[from] psn
|-damage|p2a: Guzzler|24/100 psn|[from] move: Infestation|[partiallytrapped]
|upkeep
|turn|15
|
|t:|1779581732
|move|p2a: Guzzler|Stockpile|p2a: Guzzler
|-start|p2a: Guzzler|stockpile1
|-boost|p2a: Guzzler|def|1
|-boost|p2a: Guzzler|spd|1
|move|p1a: Toxapex|Poison Jab|p2a: Guzzler
|-damage|p2a: Guzzler|6/100 psn
|-damage|p1a: Toxapex|75/100|[from] ability: Gulp Missile|[of] p2a: Guzzler
|-status|p1a: Toxapex|par
|-formechange|p2a: Guzzler|Cramorant|
|
|-heal|p2a: Guzzler|12/100 psn|[from] item: Leftovers
|-heal|p1a: Toxapex|82/100 par|[from] item: Leftovers
|-damage|p2a: Guzzler|0 fnt|[from] psn
|faint|p2a: Guzzler
|upkeep
|c|☆SparkyBoomBoomBoiY|There goes the goat
|
|t:|1779581760
|switch|p2a: In-the-back|Tornadus-Therian, M|100/100
|turn|16
|c|☆204reptile|first time ever facing that ngl
|c|☆SparkyBoomBoomBoiY|Thought of him myself
|
|t:|1779581793
|move|p2a: In-the-back|Bleakwind Storm|p1a: Toxapex
|-damage|p1a: Toxapex|22/100 par
|-damage|p2a: In-the-back|90/100|[from] item: Life Orb
|move|p1a: Toxapex|Poison Jab|p2a: In-the-back
|-damage|p2a: In-the-back|64/100
|
|-heal|p1a: Toxapex|28/100 par|[from] item: Leftovers
|upkeep
|turn|17
|c|☆SparkyBoomBoomBoiY|Actually allmy teams are from myself
|
|t:|1779581806
|cant|p1a: Toxapex|par
|move|p2a: In-the-back|Bleakwind Storm|p1a: Toxapex|[miss]
|-miss|p2a: In-the-back|p1a: Toxapex
|
|-heal|p1a: Toxapex|35/100 par|[from] item: Leftovers
|upkeep
|turn|18
|c|☆204reptile|very nice
|
|t:|1779581815
|move|p2a: In-the-back|Bleakwind Storm|p1a: Toxapex
|-crit|p1a: Toxapex
|-damage|p1a: Toxapex|0 fnt
|faint|p1a: Toxapex
|-damage|p2a: In-the-back|54/100|[from] item: Life Orb
|
|upkeep
|
|t:|1779581822
|switch|p1a: Corviknight|Corviknight, M|100/100
|-ability|p1a: Corviknight|Pressure
|turn|19
|
|t:|1779581835
|switch|p2a: Grafaiai|Grafaiai, M|100/100
|move|p1a: Corviknight|Brave Bird|p2a: Grafaiai
|-damage|p2a: Grafaiai|61/100
|-damage|p1a: Corviknight|90/100|[from] Recoil
|
|-heal|p2a: Grafaiai|67/100|[from] item: Black Sludge
|-heal|p1a: Corviknight|96/100|[from] item: Leftovers
|upkeep
|turn|20
|
|t:|1779581845
|move|p2a: Grafaiai|Switcheroo|p1a: Corviknight
|-activate|p2a: Grafaiai|move: Trick|[of] p1a: Corviknight
|-item|p1a: Corviknight|Black Sludge|[from] move: Switcheroo
|-item|p2a: Grafaiai|Leftovers|[from] move: Switcheroo
|move|p1a: Corviknight|Brave Bird|p2a: Grafaiai
|-damage|p2a: Grafaiai|32/100
|-damage|p1a: Corviknight|86/100|[from] Recoil
|
|-heal|p2a: Grafaiai|38/100|[from] item: Leftovers
|-damage|p1a: Corviknight|74/100|[from] item: Black Sludge
|upkeep
|turn|21
|
|t:|1779581857
|move|p2a: Grafaiai|Protect|p2a: Grafaiai
|-singleturn|p2a: Grafaiai|Protect
|move|p1a: Corviknight|Brave Bird|p2a: Grafaiai
|-activate|p2a: Grafaiai|move: Protect
|
|-heal|p2a: Grafaiai|44/100|[from] item: Leftovers
|-damage|p1a: Corviknight|61/100|[from] item: Black Sludge
|upkeep
|turn|22
|
|t:|1779581876
|move|p2a: Grafaiai|Taunt|p1a: Corviknight
|-start|p1a: Corviknight|move: Taunt
|move|p1a: Corviknight|Brave Bird|p2a: Grafaiai
|-damage|p2a: Grafaiai|5/100
|-damage|p1a: Corviknight|50/100|[from] Recoil
|
|-heal|p2a: Grafaiai|11/100|[from] item: Leftovers
|-damage|p1a: Corviknight|38/100|[from] item: Black Sludge
|upkeep
|turn|23
|
|t:|1779581886
|move|p2a: Grafaiai|Protect|p2a: Grafaiai
|-singleturn|p2a: Grafaiai|Protect
|move|p1a: Corviknight|Brave Bird|p2a: Grafaiai
|-activate|p2a: Grafaiai|move: Protect
|
|-heal|p2a: Grafaiai|17/100|[from] item: Leftovers
|-damage|p1a: Corviknight|25/100|[from] item: Black Sludge
|upkeep
|turn|24
|
|t:|1779581906
|switch|p2a: In-the-back|Tornadus-Therian, M|88/100
|move|p1a: Corviknight|Brave Bird|p2a: In-the-back
|-damage|p2a: In-the-back|37/100
|-damage|p1a: Corviknight|13/100|[from] Recoil
|
|-damage|p1a: Corviknight|0 fnt|[from] item: Black Sludge
|faint|p1a: Corviknight
|upkeep
|
|t:|1779581920
|switch|p1a: Dondozo|Dondozo, M|100/100
|turn|25
|c|☆SparkyBoomBoomBoiY|Expected cladairy
|
|t:|1779581956
|switch|p2a: Cryogonal|Cryogonal, shiny|100/100
|-terastallize|p1a: Dondozo|Dark
|move|p1a: Dondozo|Crunch|p2a: Cryogonal
|-damage|p2a: Cryogonal|47/100
|
|upkeep
|turn|26
|
|t:|1779581970
|move|p2a: Cryogonal|Frost Breath|p1a: Dondozo
|-crit|p1a: Dondozo
|-damage|p1a: Dondozo|67/100
|move|p1a: Dondozo|Curse|p1a: Dondozo
|-unboost|p1a: Dondozo|spe|1
|-boost|p1a: Dondozo|atk|1
|-boost|p1a: Dondozo|def|1
|
|-heal|p1a: Dondozo|73/100|[from] item: Leftovers
|upkeep
|turn|27
|
|t:|1779581986
|move|p2a: Cryogonal|Haze|p2a: Cryogonal
|-clearallboost
|move|p1a: Dondozo|Crunch|p2a: Cryogonal
|-damage|p2a: Cryogonal|0 fnt
|faint|p2a: Cryogonal
|
|-heal|p1a: Dondozo|79/100|[from] item: Leftovers
|upkeep
|
|t:|1779581997
|switch|p2a: Tsareena|Tsareena, F|100/100
|turn|28
|
|t:|1779582008
|switch|p1a: Clefable|Clefable, F|100/100
|-terastallize|p2a: Tsareena|Fighting
|move|p2a: Tsareena|High Jump Kick|p1a: Clefable|[miss]
|-miss|p2a: Tsareena|p1a: Clefable
|-damage|p2a: Tsareena|50/100|[from] highjumpkick
|
|upkeep
|turn|29
|
|t:|1779582021
|switch|p2a: In-the-back|Tornadus-Therian, M|71/100
|move|p1a: Clefable|Stealth Rock|p2a: In-the-back
|-sidestart|p2: SparkyBoomBoomBoiY|move: Stealth Rock
|
|upkeep
|turn|30
|
|t:|1779582039
|move|p2a: In-the-back|Sludge Bomb|p1a: Clefable
|-supereffective|p1a: Clefable
|-damage|p1a: Clefable|21/100
|-status|p1a: Clefable|psn
|-damage|p2a: In-the-back|61/100|[from] item: Life Orb
|move|p1a: Clefable|Moonblast|p2a: In-the-back
|-crit|p2a: In-the-back
|-damage|p2a: In-the-back|0 fnt
|faint|p2a: In-the-back
|
|upkeep
|c|☆SparkyBoomBoomBoiY|Nice
|
|t:|1779582081
|switch|p2a: Tsareena|Tsareena, F, tera:Fighting|50/100
|-damage|p2a: Tsareena|45/100|[from] Stealth Rock
|turn|31
|
|t:|1779582090
|move|p2a: Tsareena|Rapid Spin|p1a: Clefable
|-damage|p1a: Clefable|8/100 psn
|-boost|p2a: Tsareena|spe|1
|-sideend|p2: SparkyBoomBoomBoiY|Stealth Rock|[from] move: Rapid Spin|[of] p2a: Tsareena
|move|p1a: Clefable|Moonblast|p2a: Tsareena
|-supereffective|p2a: Tsareena
|-crit|p2a: Tsareena
|-damage|p2a: Tsareena|0 fnt
|faint|p2a: Tsareena
|
|upkeep
|
|t:|1779582101
|switch|p2a: Grafaiai|Grafaiai, M|17/100
|turn|32
|c|☆SparkyBoomBoomBoiY|Magic guard?
|c|☆204reptile|who knows
|
|t:|1779582123
|move|p2a: Grafaiai|Taunt|p1a: Clefable
|-start|p1a: Clefable|move: Taunt
|move|p1a: Clefable|Knock Off|p2a: Grafaiai
|-damage|p2a: Grafaiai|0 fnt
|-enditem|p2a: Grafaiai|Leftovers|[from] move: Knock Off|[of] p1a: Clefable
|faint|p2a: Grafaiai
|
|upkeep
|c|☆SparkyBoomBoomBoiY|Yeah definitely
|
|t:|1779582142
|switch|p2a: Dragapult|Dragapult, M|100/100
|turn|33
|
|t:|1779582153
|move|p2a: Dragapult|Psychic Fangs|p1a: Clefable
|-damage|p1a: Clefable|0 fnt
|faint|p1a: Clefable
|
|upkeep
|
|t:|1779582159
|switch|p1a: Gliscor|Gliscor, F|100/100
|turn|34
|
|t:|1779582164
|move|p2a: Dragapult|Dragon Darts|p1a: Gliscor
|-damage|p1a: Gliscor|81/100
|-anim|p2a: Dragapult|Dragon Darts|p1a: Gliscor
|-damage|p1a: Gliscor|62/100
|move|p1a: Gliscor|Toxic|p2a: Dragapult
|-status|p2a: Dragapult|tox
|
|-damage|p2a: Dragapult|95/100 tox|[from] psn
|-status|p1a: Gliscor|tox|[from] item: Toxic Orb
|upkeep
|turn|35
|
|t:|1779582179
|move|p1a: Gliscor|Protect|p1a: Gliscor
|-singleturn|p1a: Gliscor|Protect
|move|p2a: Dragapult|Psychic Fangs|p1a: Gliscor
|-activate|p1a: Gliscor|move: Protect
|
|-heal|p2a: Dragapult|100/100 tox|[from] item: Leftovers
|-damage|p2a: Dragapult|89/100 tox|[from] psn
|-heal|p1a: Gliscor|75/100 tox|[from] ability: Poison Heal
|upkeep
|turn|36
|c|☆204reptile|gg
|c|☆SparkyBoomBoomBoiY|Hot dog, Taco, Hamburger
|
|t:|1779582209
|move|p2a: Dragapult|Psychic Fangs|p1a: Gliscor
|-damage|p1a: Gliscor|51/100 tox
|move|p1a: Gliscor|Knock Off|p2a: Dragapult
|-supereffective|p2a: Dragapult
|-damage|p2a: Dragapult|30/100 tox
|-enditem|p2a: Dragapult|Leftovers|[from] move: Knock Off|[of] p1a: Gliscor
|
|-damage|p2a: Dragapult|12/100 tox|[from] psn
|-heal|p1a: Gliscor|64/100 tox|[from] ability: Poison Heal
|upkeep
|turn|37
|c|☆SparkyBoomBoomBoiY|Oh and gg
|c|☆204reptile|ggs
|
|t:|1779582230
|move|p1a: Gliscor|Protect|p1a: Gliscor
|-singleturn|p1a: Gliscor|Protect
|move|p2a: Dragapult|Sucker Punch||[still]
|-fail|p2a: Dragapult
|
|-damage|p2a: Dragapult|0 fnt|[from] psn
|faint|p2a: Dragapult
|
|win|204reptile
|raw|204reptile's rating: 1156 &rarr; <strong>1176</strong><br />(+20 for winning)
|raw|SparkyBoomBoomBoiY's rating: 1088 &rarr; <strong>1069</strong><br />(-19 for losing)
|l|☆204reptile
|player|p1|
