|j|☆Acastillo631
|j|☆Team10thPlanet
|t:|1779633289
|gametype|singles
|player|p1|Acastillo631|silver|1580
|player|p2|Team10thPlanet|veteran|1589
|gen|9
|tier|[Gen 9] OU
|rated|
|rule|HP Percentage Mod: HP is shown in percentages
|rule|Endless Battle Clause: Forcing endless battles is banned
|rule|Species Clause: Limit one of each Pokémon
|rule|OHKO Clause: OHKO moves are banned
|rule|Evasion Items Clause: Evasion items are banned
|rule|Evasion Moves Clause: Evasion moves are banned
|rule|Evasion Abilities Clause: Evasion abilities are banned
|rule|Sleep Moves Clause: Sleep-inducing moves are banned
|clearpoke
|poke|p1|Iron Valiant|
|poke|p1|Sinistcha|
|poke|p1|Tyranitar, M|
|poke|p1|Klefki, F|
|poke|p1|Corviknight, M|
|poke|p1|Swampert, M|
|poke|p2|Zamazenta-*|
|poke|p2|Dragonite, M|
|poke|p2|Araquanid, F|
|poke|p2|Iron Treads|
|poke|p2|Raikou|
|poke|p2|Enamorus, F|
|teampreview
|
|t:|1779633313
|teamsize|p1|6
|teamsize|p2|6
|start
|switch|p1a: Duff Mcwhalen|Swampert, M|100/100
|switch|p2a: Iron Treads|Iron Treads|100/100
|-enditem|p2a: Iron Treads|Booster Energy
|-activate|p2a: Iron Treads|ability: Quark Drive|[fromitem]
|-start|p2a: Iron Treads|quarkdrivespe
|turn|1
|
|t:|1779633322
|move|p2a: Iron Treads|Knock Off|p1a: Duff Mcwhalen
|-damage|p1a: Duff Mcwhalen|74/100
|-enditem|p1a: Duff Mcwhalen|Leftovers|[from] move: Knock Off|[of] p2a: Iron Treads
|move|p1a: Duff Mcwhalen|Stealth Rock|p2a: Iron Treads
|-sidestart|p2: Team10thPlanet|move: Stealth Rock
|
|upkeep
|turn|2
|
|t:|1779633330
|move|p2a: Iron Treads|Rapid Spin|p1a: Duff Mcwhalen
|-damage|p1a: Duff Mcwhalen|58/100
|-boost|p2a: Iron Treads|spe|1
|-sideend|p2: Team10thPlanet|Stealth Rock|[from] move: Rapid Spin|[of] p2a: Iron Treads
|move|p1a: Duff Mcwhalen|Flip Turn|p2a: Iron Treads
|-supereffective|p2a: Iron Treads
|-damage|p2a: Iron Treads|61/100
|
|t:|1779633343
|switch|p1a: Redips|Klefki, F|100/100|[from] Flip Turn
|
|upkeep
|turn|3
|
|t:|1779633351
|move|p1a: Redips|Magnet Rise|p1a: Redips
|-start|p1a: Redips|Magnet Rise
|move|p2a: Iron Treads|Earthquake|p1a: Redips
|-immune|p1a: Redips
|
|upkeep
|turn|4
|
|t:|1779633357
|move|p1a: Redips|Spikes|p2a: Iron Treads
|-sidestart|p2: Team10thPlanet|Spikes
|move|p2a: Iron Treads|Knock Off|p1a: Redips
|-resisted|p1a: Redips
|-damage|p1a: Redips|88/100
|-damage|p2a: Iron Treads|45/100|[from] item: Rocky Helmet|[of] p1a: Redips
|-enditem|p1a: Redips|Rocky Helmet|[from] move: Knock Off|[of] p2a: Iron Treads
|
|upkeep
|turn|5
|
|t:|1779633367
|switch|p1a: Wire Sponge|Sinistcha|100/100
|move|p2a: Iron Treads|Rapid Spin|p1a: Wire Sponge
|-immune|p1a: Wire Sponge
|
|upkeep
|turn|6
|
|t:|1779633376
|switch|p1a: Wind Crowrang|Corviknight, M|100/100
|move|p2a: Iron Treads|Knock Off|p1a: Wind Crowrang
|-damage|p1a: Wind Crowrang|73/100
|-enditem|p1a: Wind Crowrang|Covert Cloak|[from] move: Knock Off|[of] p2a: Iron Treads
|
|upkeep
|turn|7
|
|t:|1779633386
|switch|p1a: Wire Sponge|Sinistcha|100/100
|move|p2a: Iron Treads|Rapid Spin|p1a: Wire Sponge
|-immune|p1a: Wire Sponge
|
|upkeep
|turn|8
|
|t:|1779633392
|move|p2a: Iron Treads|Knock Off|p1a: Wire Sponge
|-supereffective|p1a: Wire Sponge
|-damage|p1a: Wire Sponge|56/100
|-enditem|p1a: Wire Sponge|Heavy-Duty Boots|[from] move: Knock Off|[of] p2a: Iron Treads
|move|p1a: Wire Sponge|Matcha Gotcha|p2a: Iron Treads
|-damage|p2a: Iron Treads|0 fnt
|-heal|p1a: Wire Sponge|77/100|[from] drain|[of] p2a: Iron Treads
|faint|p2a: Iron Treads
|-end|p2a: Iron Treads|Quark Drive|[silent]
|
|upkeep
|
|t:|1779633419
|switch|p2a: Diego ⚡️|Raikou|100/100
|-damage|p2a: Diego ⚡️|88/100|[from] Spikes
|-ability|p2a: Diego ⚡️|Pressure
|turn|9
|
|t:|1779633435
|switch|p1a: Duff Mcwhalen|Swampert, M|58/100
|move|p2a: Diego ⚡️|Shadow Ball|p1a: Duff Mcwhalen
|-damage|p1a: Duff Mcwhalen|32/100
|
|upkeep
|turn|10
|
|t:|1779633452
|switch|p2a: Johnny Tsunami 🌊|Araquanid, F|100/100
|-damage|p2a: Johnny Tsunami 🌊|88/100|[from] Spikes
|move|p1a: Duff Mcwhalen|Stealth Rock|p2a: Johnny Tsunami 🌊
|-sidestart|p2: Team10thPlanet|move: Stealth Rock
|
|upkeep
|turn|11
|
|t:|1779633459
|move|p1a: Duff Mcwhalen|Knock Off|p2a: Johnny Tsunami 🌊
|-damage|p2a: Johnny Tsunami 🌊|63/100
|-enditem|p2a: Johnny Tsunami 🌊|Custap Berry|[from] move: Knock Off|[of] p1a: Duff Mcwhalen
|move|p2a: Johnny Tsunami 🌊|Sticky Web|p1a: Duff Mcwhalen
|-sidestart|p1: Acastillo631|move: Sticky Web
|
|upkeep
|turn|12
|
|t:|1779633466
|move|p1a: Duff Mcwhalen|Flip Turn|p2a: Johnny Tsunami 🌊
|-resisted|p2a: Johnny Tsunami 🌊
|-damage|p2a: Johnny Tsunami 🌊|44/100
|
|t:|1779633468
|switch|p1a: Wire Sponge|Sinistcha|77/100|[from] Flip Turn
|-activate|p1a: Wire Sponge|move: Sticky Web
|-unboost|p1a: Wire Sponge|spe|1
|move|p2a: Johnny Tsunami 🌊|Surf|p1a: Wire Sponge
|-resisted|p1a: Wire Sponge
|-damage|p1a: Wire Sponge|54/100
|
|upkeep
|turn|13
|j| choispecs ironmoth
|
|t:|1779633482
|switch|p2a: Diego ⚡️|Raikou|88/100
|-damage|p2a: Diego ⚡️|76/100|[from] Spikes
|-damage|p2a: Diego ⚡️|63/100|[from] Stealth Rock
|-ability|p2a: Diego ⚡️|Pressure
|move|p1a: Wire Sponge|Strength Sap|p2a: Diego ⚡️
|-unboost|p2a: Diego ⚡️|atk|1
|-heal|p1a: Wire Sponge|99/100
|
|upkeep
|turn|14
|
|t:|1779633512
|switch|p1a: Eregion|Tyranitar, M|100/100
|-activate|p1a: Eregion|move: Sticky Web
|-unboost|p1a: Eregion|spe|1
|-weather|Sandstorm|[from] ability: Sand Stream|[of] p1a: Eregion
|move|p2a: Diego ⚡️|Scald|p1a: Eregion
|-supereffective|p1a: Eregion
|-damage|p1a: Eregion|67/100
|
|-weather|Sandstorm|[upkeep]
|-damage|p2a: Diego ⚡️|57/100|[from] Sandstorm
|-heal|p1a: Eregion|74/100|[from] item: Leftovers
|upkeep
|turn|15
|
|t:|1779633525
|move|p2a: Diego ⚡️|Scald|p1a: Eregion
|-supereffective|p1a: Eregion
|-crit|p1a: Eregion
|-damage|p1a: Eregion|22/100
|-status|p1a: Eregion|brn
|move|p1a: Eregion|Knock Off|p2a: Diego ⚡️
|-damage|p2a: Diego ⚡️|28/100
|-enditem|p2a: Diego ⚡️|Choice Specs|[from] move: Knock Off|[of] p1a: Eregion
|
|-weather|Sandstorm|[upkeep]
|-damage|p2a: Diego ⚡️|22/100|[from] Sandstorm
|-heal|p1a: Eregion|28/100 brn|[from] item: Leftovers
|-damage|p1a: Eregion|22/100 brn|[from] brn
|upkeep
|turn|16
|
|t:|1779633539
|move|p2a: Diego ⚡️|Aura Sphere|p1a: Eregion
|-supereffective|p1a: Eregion
|-damage|p1a: Eregion|0 fnt
|faint|p1a: Eregion
|
|-weather|Sandstorm|[upkeep]
|-damage|p2a: Diego ⚡️|15/100|[from] Sandstorm
|upkeep
|
|t:|1779633547
|switch|p1a: Duff Mcwhalen|Swampert, M|32/100
|-activate|p1a: Duff Mcwhalen|move: Sticky Web
|-unboost|p1a: Duff Mcwhalen|spe|1
|turn|17
|
|t:|1779633557
|move|p2a: Diego ⚡️|Scald|p1a: Duff Mcwhalen
|-damage|p1a: Duff Mcwhalen|15/100
|move|p1a: Duff Mcwhalen|Earthquake|p2a: Diego ⚡️
|-supereffective|p2a: Diego ⚡️
|-damage|p2a: Diego ⚡️|0 fnt
|faint|p2a: Diego ⚡️
|
|-weather|Sandstorm|[upkeep]
|upkeep
|
|t:|1779633572
|switch|p2a: Enamorus|Enamorus, F|100/100
|-damage|p2a: Enamorus|76/100|[from] Stealth Rock
|turn|18
|j| kanaete onegai
|
|t:|1779633609
|move|p2a: Enamorus|Mystical Fire|p1a: Duff Mcwhalen
|-resisted|p1a: Duff Mcwhalen
|-damage|p1a: Duff Mcwhalen|6/100
|-unboost|p1a: Duff Mcwhalen|spa|1
|move|p1a: Duff Mcwhalen|Knock Off|p2a: Enamorus
|-resisted|p2a: Enamorus
|-damage|p2a: Enamorus|56/100
|-enditem|p2a: Enamorus|Choice Scarf|[from] move: Knock Off|[of] p1a: Duff Mcwhalen
|
|-weather|none
|upkeep
|turn|19
|
|t:|1779633625
|move|p2a: Enamorus|Mystical Fire|p1a: Duff Mcwhalen
|-resisted|p1a: Duff Mcwhalen
|-damage|p1a: Duff Mcwhalen|0 fnt
|faint|p1a: Duff Mcwhalen
|
|upkeep
|
|t:|1779633639
|switch|p1a: Redips|Klefki, F|88/100
|-activate|p1a: Redips|move: Sticky Web
|-unboost|p1a: Redips|spe|1
|turn|20
|
|t:|1779633650
|move|p1a: Redips|Thunder Wave|p2a: Enamorus
|-status|p2a: Enamorus|par
|move|p2a: Enamorus|Mystical Fire|p1a: Redips
|-supereffective|p1a: Redips
|-damage|p1a: Redips|25/100
|-unboost|p1a: Redips|spa|1
|
|upkeep
|turn|21
|
|t:|1779633659
|move|p1a: Redips|Spikes|p2a: Enamorus
|-sidestart|p2: Team10thPlanet|Spikes
|move|p2a: Enamorus|Mystical Fire|p1a: Redips
|-supereffective|p1a: Redips
|-damage|p1a: Redips|0 fnt
|faint|p1a: Redips
|
|upkeep
|
|t:|1779633671
|switch|p1a: Sage Harpuia|Iron Valiant|100/100
|-activate|p1a: Sage Harpuia|move: Sticky Web
|-unboost|p1a: Sage Harpuia|spe|1
|-enditem|p1a: Sage Harpuia|Booster Energy
|-activate|p1a: Sage Harpuia|ability: Quark Drive|[fromitem]
|-start|p1a: Sage Harpuia|quarkdrivespa
|turn|22
|j| BricktorWembumyama
|
|t:|1779633687
|move|p1a: Sage Harpuia|Moonblast|p2a: Enamorus
|-damage|p2a: Enamorus|0 fnt
|faint|p2a: Enamorus
|
|upkeep
|
|t:|1779633700
|switch|p2a: Zamazenta|Zamazenta|100/100
|-damage|p2a: Zamazenta|84/100|[from] Spikes
|-damage|p2a: Zamazenta|78/100|[from] Stealth Rock
|-ability|p2a: Zamazenta|Dauntless Shield|boost
|-boost|p2a: Zamazenta|def|1
|turn|23
|
|t:|1779633713
|move|p2a: Zamazenta|Heavy Slam|p1a: Sage Harpuia
|-supereffective|p1a: Sage Harpuia
|-damage|p1a: Sage Harpuia|0 fnt
|faint|p1a: Sage Harpuia
|-end|p1a: Sage Harpuia|Quark Drive|[silent]
|
|upkeep
|
|t:|1779633726
|switch|p1a: Wire Sponge|Sinistcha|99/100
|-activate|p1a: Wire Sponge|move: Sticky Web
|-unboost|p1a: Wire Sponge|spe|1
|turn|24
|
|t:|1779633743
|switch|p2a: Johnny Tsunami 🌊|Araquanid, F|44/100
|-damage|p2a: Johnny Tsunami 🌊|27/100|[from] Spikes
|-damage|p2a: Johnny Tsunami 🌊|2/100|[from] Stealth Rock
|move|p1a: Wire Sponge|Matcha Gotcha|p2a: Johnny Tsunami 🌊
|-damage|p2a: Johnny Tsunami 🌊|0 fnt
|-heal|p1a: Wire Sponge|99/100|[from] drain|[of] p2a: Johnny Tsunami 🌊
|faint|p2a: Johnny Tsunami 🌊
|
|upkeep
|
|t:|1779633770
|switch|p2a: Zamazenta|Zamazenta|78/100
|-damage|p2a: Zamazenta|61/100|[from] Spikes
|-damage|p2a: Zamazenta|55/100|[from] Stealth Rock
|turn|25
|
|t:|1779633777
|move|p2a: Zamazenta|Crunch|p1a: Wire Sponge
|-supereffective|p1a: Wire Sponge
|-damage|p1a: Wire Sponge|46/100
|-unboost|p1a: Wire Sponge|def|1
|move|p1a: Wire Sponge|Strength Sap|p2a: Zamazenta
|-unboost|p2a: Zamazenta|atk|1
|-heal|p1a: Wire Sponge|100/100
|
|upkeep
|turn|26
|
|t:|1779633787
|switch|p2a: Fat Boy|Dragonite, M, shiny|100/100
|-damage|p2a: Fat Boy|76/100|[from] Stealth Rock
|switch|p1a: Wind Crowrang|Corviknight, M|73/100
|
|upkeep
|turn|27
|
|t:|1779633798
|move|p2a: Fat Boy|Outrage|p1a: Wind Crowrang
|-resisted|p1a: Wind Crowrang
|-damage|p1a: Wind Crowrang|33/100
|move|p1a: Wind Crowrang|Iron Defense|p1a: Wind Crowrang
|-boost|p1a: Wind Crowrang|def|2
|
|upkeep
|turn|28
|
|t:|1779633805
|move|p2a: Fat Boy|Outrage|p1a: Wind Crowrang|[from] lockedmove
|-resisted|p1a: Wind Crowrang
|-damage|p1a: Wind Crowrang|11/100
|move|p1a: Wind Crowrang|Roost|p1a: Wind Crowrang
|-heal|p1a: Wind Crowrang|61/100
|-singleturn|p1a: Wind Crowrang|move: Roost
|
|upkeep
|turn|29
|-message|Team10thPlanet forfeited.
|
|win|Acastillo631
|raw|Acastillo631's rating: 1580 &rarr; <strong>1601</strong><br />(+21 for winning)
|raw|Team10thPlanet's rating: 1589 &rarr; <strong>1568</strong><br />(-21 for losing)
|l|☆Team10thPlanet
|player|p2|
|l| choispecs ironmoth
|l|☆Acastillo631
|player|p1|
