|j|☆aria4games
|j|☆Weyselb
|t:|1779572383
|gametype|singles
|player|p1|aria4games|baker|1367
|player|p2|Weyselb|pokemaniac|1378
|gen|9
|tier|[Gen 9] OU
|rated|
|rule|HP Percentage Mod: HP is shown in percentages
|rule|Endless Battle Clause: Forcing endless battles is banned
|rule|Species Clause: Limit one of each Pokémon
|rule|OHKO Clause: OHKO moves are banned
|rule|Evasion Items Clause: Evasion items are banned
|rule|Evasion Moves Clause: Evasion moves are banned
|rule|Evasion Abilities Clause: Evasion abilities are banned
|rule|Sleep Moves Clause: Sleep-inducing moves are banned
|clearpoke
|poke|p1|Cinderace, M|
|poke|p1|Reuniclus, M|
|poke|p1|Kyurem|
|poke|p1|Raging Bolt|
|poke|p1|Darkrai|
|poke|p1|Keldeo-Resolute|
|poke|p2|Slowking-Galar, M|
|poke|p2|Ogerpon-Wellspring, F|
|poke|p2|Landorus-Therian, M|
|poke|p2|Greninja-*, M|
|poke|p2|Scizor, F|
|poke|p2|Moltres|
|teampreview
|inactive|Battle timer is ON: inactive players will automatically lose when time's up. (requested by Weyselb)
|
|t:|1779572398
|teamsize|p1|6
|teamsize|p2|6
|start
|switch|p1a: '06 wayne rooney|Cinderace, M|100/100
|switch|p2a: Scizor|Scizor, F|100/100
|turn|1
|
|t:|1779572403
|switch|p2a: Moltres|Moltres|100/100
|move|p1a: '06 wayne rooney|Pyro Ball|p2a: Moltres
|-resisted|p2a: Moltres
|-damage|p2a: Moltres|82/100
|
|upkeep
|turn|2
|
|t:|1779572408
|move|p1a: '06 wayne rooney|Pyro Ball|p2a: Moltres
|-resisted|p2a: Moltres
|-damage|p2a: Moltres|62/100
|move|p2a: Moltres|U-turn|p1a: '06 wayne rooney
|-resisted|p1a: '06 wayne rooney
|-damage|p1a: '06 wayne rooney|91/100
|
|t:|1779572411
|switch|p2a: Landorus|Landorus-Therian, M|100/100|[from] U-turn
|-ability|p2a: Landorus|Intimidate|boost
|-unboost|p1a: '06 wayne rooney|atk|1
|
|upkeep
|turn|3
|
|t:|1779572415
|move|p2a: Landorus|Earthquake|p1a: '06 wayne rooney
|-supereffective|p1a: '06 wayne rooney
|-damage|p1a: '06 wayne rooney|0 fnt
|faint|p1a: '06 wayne rooney
|
|upkeep
|
|t:|1779572422
|switch|p1a: NU's finest|Reuniclus, M, shiny|100/100
|turn|4
|
|t:|1779572428
|switch|p2a: Slowking|Slowking-Galar, M|100/100
|move|p1a: NU's finest|Knock Off|p2a: Slowking
|-supereffective|p2a: Slowking
|-damage|p2a: Slowking|72/100
|-enditem|p2a: Slowking|Heavy-Duty Boots|[from] move: Knock Off|[of] p1a: NU's finest
|
|upkeep
|turn|5
|
|t:|1779572431
|move|p1a: NU's finest|Thunder Wave|p2a: Slowking
|-status|p2a: Slowking|par
|move|p2a: Slowking|Future Sight|p1a: NU's finest
|-start|p2a: Slowking|move: Future Sight
|
|upkeep
|turn|6
|
|t:|1779572437
|move|p1a: NU's finest|Future Sight|p2a: Slowking
|-start|p1a: NU's finest|move: Future Sight
|-prepare|p2a: Slowking|Chilly Reception|[premajor]
|move|p2a: Slowking|Chilly Reception|p2a: Slowking
|-weather|Snowscape
|
|t:|1779572446
|switch|p2a: Greninja|Greninja, M|100/100|[from] Chilly Reception
|
|-weather|Snowscape|[upkeep]
|upkeep
|turn|7
|
|t:|1779572449
|switch|p1a: lil trooper|Keldeo-Resolute|100/100
|move|p2a: Greninja|Dark Pulse|p1a: lil trooper
|-resisted|p1a: lil trooper
|-damage|p1a: lil trooper|82/100
|-ability|p1a: lil trooper|Justified|boost
|-boost|p1a: lil trooper|atk|1
|
|-weather|Snowscape|[upkeep]
|-end|p1a: lil trooper|move: Future Sight
|-supereffective|p1a: lil trooper
|-damage|p1a: lil trooper|0 fnt
|faint|p1a: lil trooper
|upkeep
|
|t:|1779572452
|switch|p1a: raging goat|Raging Bolt|100/100
|-enditem|p1a: raging goat|Booster Energy
|-activate|p1a: raging goat|ability: Protosynthesis|[fromitem]
|-start|p1a: raging goat|protosynthesisspa
|turn|8
|
|t:|1779572458
|move|p2a: Greninja|Blizzard|p1a: raging goat
|-supereffective|p1a: raging goat
|-damage|p1a: raging goat|43/100
|move|p1a: raging goat|Calm Mind|p1a: raging goat
|-boost|p1a: raging goat|spa|1
|-boost|p1a: raging goat|spd|1
|
|-weather|Snowscape|[upkeep]
|-end|p2a: Greninja|move: Future Sight
|-immune|p2a: Greninja
|upkeep
|turn|9
|
|t:|1779572472
|move|p1a: raging goat|Thunderclap|p2a: Greninja
|-supereffective|p2a: Greninja
|-damage|p2a: Greninja|0 fnt
|faint|p2a: Greninja
|
|-weather|Snowscape|[upkeep]
|upkeep
|
|t:|1779572475
|switch|p2a: Landorus|Landorus-Therian, M|100/100
|-ability|p2a: Landorus|Intimidate|boost
|-unboost|p1a: raging goat|atk|1
|turn|10
|
|t:|1779572480
|-terastallize|p1a: raging goat|Bug
|move|p2a: Landorus|Earthquake|p1a: raging goat
|-resisted|p1a: raging goat
|-damage|p1a: raging goat|19/100
|move|p1a: raging goat|Dragon Pulse|p2a: Landorus
|-damage|p2a: Landorus|0 fnt
|faint|p2a: Landorus
|
|-weather|none
|upkeep
|
|t:|1779572490
|switch|p2a: Scizor|Scizor, F|100/100
|turn|11
|
|t:|1779572497
|move|p1a: raging goat|Thunderclap|p2a: Scizor
|-damage|p2a: Scizor|0 fnt
|faint|p2a: Scizor
|
|upkeep
|
|t:|1779572510
|switch|p2a: Slowking|Slowking-Galar, M|100/100 par
|turn|12
|
|t:|1779572518
|move|p1a: raging goat|Thunderbolt|p2a: Slowking
|-damage|p2a: Slowking|40/100 par
|move|p2a: Slowking|Sludge Bomb|p1a: raging goat
|-damage|p1a: raging goat|2/100
|
|upkeep
|turn|13
|
|t:|1779572525
|switch|p2a: Moltres|Moltres|62/100
|move|p1a: raging goat|Thunderbolt|p2a: Moltres
|-supereffective|p2a: Moltres
|-damage|p2a: Moltres|0 fnt
|faint|p2a: Moltres
|
|upkeep
|
|t:|1779572529
|switch|p2a: Ogerpon|Ogerpon-Wellspring, F|100/100
|turn|14
|
|t:|1779572532
|switch|p2a: Slowking|Slowking-Galar, M|74/100 par
|move|p1a: raging goat|Thunderbolt|p2a: Slowking
|-damage|p2a: Slowking|13/100 par
|
|upkeep
|turn|15
|
|t:|1779572539
|move|p1a: raging goat|Thunderbolt|p2a: Slowking
|-damage|p2a: Slowking|0 fnt
|faint|p2a: Slowking
|
|upkeep
|
|t:|1779572541
|switch|p2a: Ogerpon|Ogerpon-Wellspring, F|100/100
|turn|16
|
|t:|1779572547
|move|p2a: Ogerpon|Swords Dance|p2a: Ogerpon
|-boost|p2a: Ogerpon|atk|2
|move|p1a: raging goat|Thunderbolt|p2a: Ogerpon
|-damage|p2a: Ogerpon|0 fnt
|faint|p2a: Ogerpon
|
|win|aria4games
|raw|aria4games's rating: 1367 &rarr; <strong>1388</strong><br />(+21 for winning)
|raw|Weyselb's rating: 1378 &rarr; <strong>1357</strong><br />(-21 for losing)
|l|☆Weyselb
|player|p2|
|l|☆aria4games
|player|p1|
