|j|☆Fly to LA 4 a week
|j|☆owlwaystired
|t:|1779600778
|gametype|singles
|player|p1|Fly to LA 4 a week|169|1464
|player|p2|owlwaystired|265|1489
|gen|9
|tier|[Gen 9] OU
|rated|
|rule|HP Percentage Mod: HP is shown in percentages
|rule|Endless Battle Clause: Forcing endless battles is banned
|rule|Species Clause: Limit one of each Pokémon
|rule|OHKO Clause: OHKO moves are banned
|rule|Evasion Items Clause: Evasion items are banned
|rule|Evasion Moves Clause: Evasion moves are banned
|rule|Evasion Abilities Clause: Evasion abilities are banned
|rule|Sleep Moves Clause: Sleep-inducing moves are banned
|clearpoke
|poke|p1|Greninja-*, F|
|poke|p1|Zapdos|
|poke|p1|Slowking-Galar, M|
|poke|p1|Kyurem|
|poke|p1|Clefable, F|
|poke|p1|Gholdengo|
|poke|p2|Primarina, F|
|poke|p2|Grimmsnarl, M|
|poke|p2|Lokix, F|
|poke|p2|Walking Wake|
|poke|p2|Kingambit, M|
|poke|p2|Iron Moth|
|teampreview
|j| asdff112
|inactive|Battle timer is ON: inactive players will automatically lose when time's up. (requested by owlwaystired)
|
|t:|1779600796
|teamsize|p1|6
|teamsize|p2|6
|start
|switch|p1a: Clefable|Clefable, F|100/100
|switch|p2a: Lokix|Lokix, F|100/100
|turn|1
|
|t:|1779600798
|move|p2a: Lokix|First Impression|p1a: Clefable
|-resisted|p1a: Clefable
|-damage|p1a: Clefable|59/100
|-damage|p2a: Lokix|84/100|[from] item: Rocky Helmet|[of] p1a: Clefable
|move|p1a: Clefable|Stealth Rock|p2a: Lokix
|-sidestart|p2: owlwaystired|move: Stealth Rock
|
|upkeep
|turn|2
|
|t:|1779600807
|move|p2a: Lokix|U-turn|p1a: Clefable
|-resisted|p1a: Clefable
|-damage|p1a: Clefable|26/100
|-damage|p2a: Lokix|67/100|[from] item: Rocky Helmet|[of] p1a: Clefable
|
|t:|1779600813
|switch|p2a: Iron Moth|Iron Moth|100/100|[from] U-turn
|-damage|p2a: Iron Moth|76/100|[from] Stealth Rock
|-enditem|p2a: Iron Moth|Booster Energy
|-activate|p2a: Iron Moth|ability: Quark Drive|[fromitem]
|-start|p2a: Iron Moth|quarkdrivespa
|move|p1a: Clefable|Moonlight|p1a: Clefable
|-heal|p1a: Clefable|76/100
|
|upkeep
|turn|3
|
|t:|1779600823
|switch|p1a: Slowking|Slowking-Galar, M|100/100
|move|p2a: Iron Moth|Fiery Dance|p1a: Slowking
|-damage|p1a: Slowking|68/100
|-boost|p2a: Iron Moth|spa|1
|
|upkeep
|turn|4
|
|t:|1779600836
|-terastallize|p2a: Iron Moth|Bug
|move|p2a: Iron Moth|Bug Buzz|p1a: Slowking
|-damage|p1a: Slowking|8/100
|-prepare|p1a: Slowking|Chilly Reception|[premajor]
|move|p1a: Slowking|Chilly Reception|p1a: Slowking
|-weather|Snowscape
|
|t:|1779600854
|switch|p1a: Greninja|Greninja, F|100/100|[from] Chilly Reception
|
|-weather|Snowscape|[upkeep]
|upkeep
|turn|5
|
|t:|1779600866
|move|p1a: Greninja|U-turn|p2a: Iron Moth
|-start|p1a: Greninja|typechange|Bug|[from] ability: Protean
|-damage|p2a: Iron Moth|42/100
|
|t:|1779600870
|switch|p1a: Gholdengo|Gholdengo|100/100|[from] U-turn
|move|p2a: Iron Moth|Bug Buzz|p1a: Gholdengo
|-resisted|p1a: Gholdengo
|-damage|p1a: Gholdengo|71/100
|
|-weather|Snowscape|[upkeep]
|upkeep
|turn|6
|
|t:|1779600878
|switch|p1a: Greninja|Greninja, F|100/100
|move|p2a: Iron Moth|Fiery Dance|p1a: Greninja
|-resisted|p1a: Greninja
|-damage|p1a: Greninja|35/100
|
|-weather|Snowscape|[upkeep]
|upkeep
|turn|7
|
|t:|1779600887
|move|p1a: Greninja|Surf|p2a: Iron Moth
|-start|p1a: Greninja|typechange|Water|[from] ability: Protean
|-damage|p2a: Iron Moth|0 fnt
|faint|p2a: Iron Moth
|-end|p2a: Iron Moth|Quark Drive|[silent]
|
|-weather|Snowscape|[upkeep]
|upkeep
|
|t:|1779600901
|switch|p2a: Walking Wake|Walking Wake|100/100
|-damage|p2a: Walking Wake|88/100|[from] Stealth Rock
|-enditem|p2a: Walking Wake|Booster Energy
|-activate|p2a: Walking Wake|ability: Protosynthesis|[fromitem]
|-start|p2a: Walking Wake|protosynthesisspa
|turn|8
|
|t:|1779600910
|switch|p1a: Zapdos|Zapdos|100/100
|move|p2a: Walking Wake|Dragon Dance|p2a: Walking Wake
|-boost|p2a: Walking Wake|atk|1
|-boost|p2a: Walking Wake|spe|1
|
|-weather|none
|upkeep
|turn|9
|
|t:|1779600923
|move|p2a: Walking Wake|Dragon Pulse|p1a: Zapdos
|-damage|p1a: Zapdos|28/100
|move|p1a: Zapdos|Volt Switch|p2a: Walking Wake
|-damage|p2a: Walking Wake|39/100
|
|t:|1779600926
|switch|p1a: Greninja|Greninja, F|35/100|[from] Volt Switch
|
|upkeep
|turn|10
|
|t:|1779600933
|move|p1a: Greninja|Sludge Wave|p2a: Walking Wake
|-start|p1a: Greninja|typechange|Poison|[from] ability: Protean
|-damage|p2a: Walking Wake|0 fnt
|faint|p2a: Walking Wake
|-end|p2a: Walking Wake|Protosynthesis|[silent]
|
|upkeep
|inactive|owlwaystired has 120 seconds left.
|
|t:|1779600980
|switch|p2a: Lokix|Lokix, F|67/100
|-damage|p2a: Lokix|42/100|[from] Stealth Rock
|turn|11
|
|t:|1779600986
|switch|p1a: Clefable|Clefable, F|76/100
|move|p2a: Lokix|First Impression|p1a: Clefable
|-resisted|p1a: Clefable
|-damage|p1a: Clefable|35/100
|-damage|p2a: Lokix|26/100|[from] item: Rocky Helmet|[of] p1a: Clefable
|
|upkeep
|turn|12
|inactive|owlwaystired has 120 seconds left.
|
|t:|1779600996
|move|p2a: Lokix|Knock Off|p1a: Clefable
|-resisted|p1a: Clefable
|-damage|p1a: Clefable|0 fnt
|-damage|p2a: Lokix|9/100|[from] item: Rocky Helmet|[of] p1a: Clefable
|-enditem|p1a: Clefable|Rocky Helmet|[from] move: Knock Off|[of] p2a: Lokix
|faint|p1a: Clefable
|
|upkeep
|
|t:|1779601012
|switch|p1a: Greninja|Greninja, F|35/100
|turn|13
|
|t:|1779601018
|move|p2a: Lokix|Sucker Punch|p1a: Greninja
|-resisted|p1a: Greninja
|-damage|p1a: Greninja|0 fnt
|faint|p1a: Greninja
|
|upkeep
|
|t:|1779601024
|switch|p1a: Kyurem|Kyurem|100/100
|-ability|p1a: Kyurem|Pressure
|turn|14
|
|t:|1779601033
|move|p1a: Kyurem|Icicle Spear|p2a: Lokix
|-damage|p2a: Lokix|0 fnt
|faint|p2a: Lokix
|-hitcount|p2: Lokix|1
|
|upkeep
|
|t:|1779601044
|switch|p2a: Primarina|Primarina, F|100/100
|-damage|p2a: Primarina|88/100|[from] Stealth Rock
|turn|15
|
|t:|1779601056
|switch|p1a: Zapdos|Zapdos|28/100
|move|p2a: Primarina|Moonblast|p1a: Zapdos
|-damage|p1a: Zapdos|0 fnt
|faint|p1a: Zapdos
|
|upkeep
|
|t:|1779601059
|switch|p1a: Slowking|Slowking-Galar, M|41/100
|turn|16
|
|t:|1779601066
|move|p2a: Primarina|Sparkling Aria|p1a: Slowking
|-damage|p1a: Slowking|10/100
|-prepare|p1a: Slowking|Chilly Reception|[premajor]
|move|p1a: Slowking|Chilly Reception|p1a: Slowking
|-weather|Snowscape
|
|t:|1779601070
|switch|p1a: Gholdengo|Gholdengo|71/100|[from] Chilly Reception
|
|-weather|Snowscape|[upkeep]
|upkeep
|turn|17
|
|t:|1779601073
|move|p1a: Gholdengo|Make It Rain|p2a: Primarina
|-damage|p2a: Primarina|4/100
|-unboost|p1a: Gholdengo|spa|1
|move|p2a: Primarina|Sparkling Aria|p1a: Gholdengo
|-crit|p1a: Gholdengo
|-damage|p1a: Gholdengo|0 fnt
|faint|p1a: Gholdengo
|
|-weather|Snowscape|[upkeep]
|upkeep
|
|t:|1779601080
|switch|p1a: Kyurem|Kyurem|100/100
|-ability|p1a: Kyurem|Pressure
|turn|18
|
|t:|1779601089
|move|p1a: Kyurem|Icicle Spear|p2a: Primarina
|-resisted|p2a: Primarina
|-damage|p2a: Primarina|0 fnt
|faint|p2a: Primarina
|-hitcount|p2: Primarina|1
|
|-weather|Snowscape|[upkeep]
|upkeep
|
|t:|1779601093
|switch|p2a: Grimmsnarl|Grimmsnarl, M|100/100
|-damage|p2a: Grimmsnarl|88/100|[from] Stealth Rock
|turn|19
|
|t:|1779601096
|move|p2a: Grimmsnarl|Thunder Wave|p1a: Kyurem
|-status|p1a: Kyurem|par
|move|p1a: Kyurem|Substitute|p1a: Kyurem
|-start|p1a: Kyurem|Substitute
|-damage|p1a: Kyurem|76/100 par
|
|-weather|Snowscape|[upkeep]
|-heal|p2a: Grimmsnarl|94/100|[from] item: Leftovers
|upkeep
|turn|20
|
|t:|1779601102
|cant|p1a: Kyurem|par
|move|p2a: Grimmsnarl|Spirit Break|p1a: Kyurem
|-supereffective|p1a: Kyurem
|-end|p1a: Kyurem|Substitute
|
|-weather|none
|-heal|p2a: Grimmsnarl|99/100|[from] item: Leftovers
|upkeep
|turn|21
|
|t:|1779601110
|move|p1a: Kyurem|Icicle Spear|p2a: Grimmsnarl
|-damage|p2a: Grimmsnarl|84/100
|-damage|p2a: Grimmsnarl|67/100
|-damage|p2a: Grimmsnarl|52/100
|-damage|p2a: Grimmsnarl|34/100
|-hitcount|p2a: Grimmsnarl|4
|move|p2a: Grimmsnarl|Spirit Break|p1a: Kyurem
|-supereffective|p1a: Kyurem
|-damage|p1a: Kyurem|0 fnt
|faint|p1a: Kyurem
|
|-heal|p2a: Grimmsnarl|40/100|[from] item: Leftovers
|upkeep
|-message|Fly to LA 4 a week forfeited.
|
|win|owlwaystired
|raw|Fly to LA 4 a week's rating: 1464 &rarr; <strong>1445</strong><br />(-19 for losing)
|raw|owlwaystired's rating: 1489 &rarr; <strong>1508</strong><br />(+19 for winning)
|l|☆Fly to LA 4 a week
|player|p1|
|l| asdff112
|l|☆owlwaystired
|player|p2|
