|j|☆YuhNinja
|j|☆owl_with_scarf
|t:|1779601430
|gametype|singles
|player|p1|YuhNinja|265|1465
|player|p2|owl_with_scarf|#owlwithscarf|1544
|gen|9
|tier|[Gen 9] OU
|rated|
|rule|HP Percentage Mod: HP is shown in percentages
|rule|Endless Battle Clause: Forcing endless battles is banned
|rule|Species Clause: Limit one of each Pokémon
|rule|OHKO Clause: OHKO moves are banned
|rule|Evasion Items Clause: Evasion items are banned
|rule|Evasion Moves Clause: Evasion moves are banned
|rule|Evasion Abilities Clause: Evasion abilities are banned
|rule|Sleep Moves Clause: Sleep-inducing moves are banned
|clearpoke
|poke|p1|Talonflame, M|
|poke|p1|Kingambit, F|
|poke|p1|Ogerpon-Wellspring, F|
|poke|p1|Iron Crown|
|poke|p1|Enamorus-Therian, F|
|poke|p1|Garchomp, F|
|poke|p2|Diancie|
|poke|p2|Blaziken, F|
|poke|p2|Oricorio-Pom-Pom, F|
|poke|p2|Cinderace, M|
|poke|p2|Regidrago|
|poke|p2|Ursaluna, M|
|teampreview
|inactive|Battle timer is ON: inactive players will automatically lose when time's up. (requested by owl_with_scarf)
|
|t:|1779601443
|teamsize|p1|6
|teamsize|p2|6
|start
|switch|p1a: Iron Crown|Iron Crown|100/100
|switch|p2a: Diancie|Diancie|100/100
|turn|1
|
|t:|1779601453
|switch|p2a: Cinderace|Cinderace, M|100/100
|move|p1a: Iron Crown|Tachyon Cutter|p2a: Cinderace
|-resisted|p2a: Cinderace
|-damage|p2a: Cinderace|81/100
|-resisted|p2a: Cinderace
|-damage|p2a: Cinderace|61/100
|-hitcount|p2a: Cinderace|2
|
|upkeep
|turn|2
|
|t:|1779601461
|switch|p2a: Oricorio|Oricorio-Pom-Pom, F|100/100
|-end|p1a: Iron Crown|Quark Drive|[silent]
|switch|p1a: Garchomp|Garchomp, F|100/100
|
|upkeep
|turn|3
|
|t:|1779601464
|move|p1a: Garchomp|Scale Shot|p2a: Oricorio
|-damage|p2a: Oricorio|90/100
|-damage|p2a: Oricorio|79/100
|-hitcount|p2a: Oricorio|2
|-unboost|p1a: Garchomp|def|1
|-boost|p1a: Garchomp|spe|1
|move|p2a: Oricorio|Quiver Dance|p2a: Oricorio
|-boost|p2a: Oricorio|spa|1
|-boost|p2a: Oricorio|spd|1
|-boost|p2a: Oricorio|spe|1
|
|-heal|p2a: Oricorio|86/100|[from] item: Leftovers
|upkeep
|turn|4
|
|t:|1779601473
|move|p1a: Garchomp|Scale Shot|p2a: Oricorio
|-damage|p2a: Oricorio|75/100
|-damage|p2a: Oricorio|65/100
|-crit|p2a: Oricorio
|-damage|p2a: Oricorio|48/100
|-hitcount|p2a: Oricorio|3
|-unboost|p1a: Garchomp|def|1
|-boost|p1a: Garchomp|spe|1
|move|p2a: Oricorio|Quiver Dance|p2a: Oricorio
|-boost|p2a: Oricorio|spa|1
|-boost|p2a: Oricorio|spd|1
|-boost|p2a: Oricorio|spe|1
|
|-heal|p2a: Oricorio|54/100|[from] item: Leftovers
|upkeep
|turn|5
|
|t:|1779601483
|switch|p1a: Iron Crown|Iron Crown|100/100
|move|p2a: Oricorio|Roost|p2a: Oricorio
|-heal|p2a: Oricorio|100/100
|-singleturn|p2a: Oricorio|move: Roost
|
|upkeep
|turn|6
|
|t:|1779601488
|move|p2a: Oricorio|Quiver Dance|p2a: Oricorio
|-boost|p2a: Oricorio|spa|1
|-boost|p2a: Oricorio|spd|1
|-boost|p2a: Oricorio|spe|1
|move|p1a: Iron Crown|Psychic Noise|p2a: Oricorio
|-damage|p2a: Oricorio|81/100
|-start|p2a: Oricorio|move: Heal Block
|
|upkeep
|turn|7
|
|t:|1779601500
|move|p2a: Oricorio|Quiver Dance|p2a: Oricorio
|-boost|p2a: Oricorio|spa|1
|-boost|p2a: Oricorio|spd|1
|-boost|p2a: Oricorio|spe|1
|move|p1a: Iron Crown|Psychic Noise|p2a: Oricorio
|-damage|p2a: Oricorio|66/100
|
|-end|p2a: Oricorio|move: Heal Block
|upkeep
|turn|8
|
|t:|1779601502
|move|p2a: Oricorio|Quiver Dance|p2a: Oricorio
|-boost|p2a: Oricorio|spa|1
|-boost|p2a: Oricorio|spd|1
|-boost|p2a: Oricorio|spe|1
|move|p1a: Iron Crown|Psychic Noise|p2a: Oricorio
|-damage|p2a: Oricorio|50/100
|-start|p2a: Oricorio|move: Heal Block
|
|upkeep
|turn|9
|
|t:|1779601505
|move|p2a: Oricorio|Quiver Dance|p2a: Oricorio
|-boost|p2a: Oricorio|spa|1
|-boost|p2a: Oricorio|spd|1
|-boost|p2a: Oricorio|spe|1
|move|p1a: Iron Crown|Psychic Noise|p2a: Oricorio
|-damage|p2a: Oricorio|37/100
|
|-end|p2a: Oricorio|move: Heal Block
|upkeep
|turn|10
|
|t:|1779601507
|move|p2a: Oricorio|Roost|p2a: Oricorio
|-heal|p2a: Oricorio|87/100
|-singleturn|p2a: Oricorio|move: Roost
|move|p1a: Iron Crown|Psychic Noise|p2a: Oricorio
|-damage|p2a: Oricorio|74/100
|-start|p2a: Oricorio|move: Heal Block
|
|upkeep
|turn|11
|
|t:|1779601509
|move|p2a: Oricorio|Revelation Dance|p1a: Iron Crown
|-damage|p1a: Iron Crown|24/100
|move|p1a: Iron Crown|Psychic Noise|p2a: Oricorio
|-damage|p2a: Oricorio|61/100
|
|-end|p2a: Oricorio|move: Heal Block
|upkeep
|turn|12
|
|t:|1779601514
|move|p2a: Oricorio|Roost|p2a: Oricorio
|-heal|p2a: Oricorio|100/100
|-singleturn|p2a: Oricorio|move: Roost
|move|p1a: Iron Crown|Psychic Noise|p2a: Oricorio
|-damage|p2a: Oricorio|89/100
|-start|p2a: Oricorio|move: Heal Block
|
|upkeep
|turn|13
|
|t:|1779601524
|-end|p1a: Iron Crown|Quark Drive|[silent]
|switch|p1a: Garchomp|Garchomp, F|100/100
|move|p2a: Oricorio|Revelation Dance|p1a: Garchomp
|-immune|p1a: Garchomp
|
|-end|p2a: Oricorio|move: Heal Block
|upkeep
|turn|14
|
|t:|1779601534
|move|p2a: Oricorio|Hurricane|p1a: Garchomp|[miss]
|-miss|p2a: Oricorio|p1a: Garchomp
|move|p1a: Garchomp|Stealth Rock|p2a: Oricorio
|-sidestart|p2: owl_with_scarf|move: Stealth Rock
|
|-heal|p2a: Oricorio|95/100|[from] item: Leftovers
|upkeep
|turn|15
|
|t:|1779601543
|move|p2a: Oricorio|Hurricane|p1a: Garchomp|[miss]
|-miss|p2a: Oricorio|p1a: Garchomp
|move|p1a: Garchomp|Swords Dance|p1a: Garchomp
|-boost|p1a: Garchomp|atk|2
|-activate|p2a: Oricorio|ability: Dancer
|move|p2a: Oricorio|Swords Dance|p2a: Oricorio|[from] ability: Dancer
|-boost|p2a: Oricorio|atk|2
|
|-heal|p2a: Oricorio|100/100|[from] item: Leftovers
|upkeep
|turn|16
|
|t:|1779601545
|move|p2a: Oricorio|Hurricane|p1a: Garchomp
|-damage|p1a: Garchomp|0 fnt
|faint|p1a: Garchomp
|
|upkeep
|
|t:|1779601550
|switch|p1a: Kingambit|Kingambit, F|100/100
|-activate|p1a: Kingambit|ability: Supreme Overlord
|-start|p1a: Kingambit|fallen1|[silent]
|turn|17
|
|t:|1779601557
|move|p1a: Kingambit|Sucker Punch|p2a: Oricorio
|-damage|p2a: Oricorio|56/100
|move|p2a: Oricorio|Revelation Dance|p1a: Kingambit
|-damage|p1a: Kingambit|0 fnt
|faint|p1a: Kingambit
|-end|p1a: Kingambit|fallen1|[silent]
|
|-heal|p2a: Oricorio|63/100|[from] item: Leftovers
|upkeep
|
|t:|1779601576
|switch|p1a: Talonflame|Talonflame, M|100/100
|turn|18
|
|t:|1779601578
|-terastallize|p1a: Talonflame|Flying
|move|p1a: Talonflame|Brave Bird|p2a: Oricorio
|-resisted|p2a: Oricorio
|-damage|p2a: Oricorio|34/100
|-damage|p1a: Talonflame|89/100|[from] Recoil
|move|p2a: Oricorio|Revelation Dance|p1a: Talonflame
|-supereffective|p1a: Talonflame
|-damage|p1a: Talonflame|0 fnt
|faint|p1a: Talonflame
|
|-heal|p2a: Oricorio|40/100|[from] item: Leftovers
|upkeep
|c|☆owl_with_scarf|Gg
|c|☆YuhNinja|GG.
|c|☆YuhNinja|Now explain how TF it was so bulky lol
|c|☆owl_with_scarf|Max defense max hp with +def nature
|inactive|YuhNinja has 120 seconds left.
|c|☆YuhNinja|(tbh I have little investment in garchomp but still)
|c|☆YuhNinja|Okay good
|c|☆owl_with_scarf|Hits 262 defense
|c|☆owl_with_scarf|Not shabby
|-message|YuhNinja forfeited.
|
|win|owl_with_scarf
|raw|YuhNinja's rating: 1465 &rarr; <strong>1449</strong><br />(-16 for losing)
|raw|owl_with_scarf's rating: 1528 &rarr; <strong>1544</strong><br />(+16 for winning)
|l|☆YuhNinja
|player|p1|
|l|☆owl_with_scarf
|player|p2|
