|j|☆Musicmaster2122
|j|☆imnotgayfr1000
|t:|1779621050
|gametype|singles
|player|p1|Musicmaster2122|266|1249
|player|p2|imnotgayfr1000|juan|1271
|gen|9
|tier|[Gen 9] OU
|rated|
|rule|HP Percentage Mod: HP is shown in percentages
|rule|Endless Battle Clause: Forcing endless battles is banned
|rule|Species Clause: Limit one of each Pokémon
|rule|OHKO Clause: OHKO moves are banned
|rule|Evasion Items Clause: Evasion items are banned
|rule|Evasion Moves Clause: Evasion moves are banned
|rule|Evasion Abilities Clause: Evasion abilities are banned
|rule|Sleep Moves Clause: Sleep-inducing moves are banned
|clearpoke
|poke|p1|Scizor, F|
|poke|p1|Hippowdon, F|
|poke|p1|Greninja-*, F|
|poke|p1|Kingambit, M|
|poke|p1|Talonflame, F|
|poke|p1|Espeon, M|
|poke|p2|Pecharunt|
|poke|p2|Maushold-Four|
|poke|p2|Ogerpon-Wellspring, F|
|poke|p2|Heatran, F|
|poke|p2|Raging Bolt|
|poke|p2|Kingambit, F|
|teampreview
|
|t:|1779621053
|teamsize|p1|6
|teamsize|p2|6
|start
|switch|p1a: Greninja|Greninja, F|100/100
|switch|p2a: cutie mice|Maushold-Four|100/100
|turn|1
|
|t:|1779621066
|switch|p1a: Hippowdon|Hippowdon, F|100/100
|-weather|Sandstorm|[from] ability: Sand Stream|[of] p1a: Hippowdon
|move|p2a: cutie mice|Population Bomb|p1a: Hippowdon
|-damage|p1a: Hippowdon|95/100
|-damage|p1a: Hippowdon|89/100
|-crit|p1a: Hippowdon
|-damage|p1a: Hippowdon|80/100
|-damage|p1a: Hippowdon|74/100
|-damage|p1a: Hippowdon|67/100
|-damage|p1a: Hippowdon|61/100
|-damage|p1a: Hippowdon|55/100
|-damage|p1a: Hippowdon|49/100
|-damage|p1a: Hippowdon|43/100
|-damage|p1a: Hippowdon|37/100
|-hitcount|p1a: Hippowdon|10
|
|-weather|Sandstorm|[upkeep]
|-damage|p2a: cutie mice|94/100|[from] Sandstorm
|-heal|p1a: Hippowdon|43/100|[from] item: Leftovers
|upkeep
|turn|2
|inactive|Battle timer is ON: inactive players will automatically lose when time's up. (requested by Musicmaster2122)
|
|t:|1779621087
|move|p2a: cutie mice|Population Bomb|p1a: Hippowdon
|-damage|p1a: Hippowdon|37/100
|-damage|p1a: Hippowdon|31/100
|-crit|p1a: Hippowdon
|-damage|p1a: Hippowdon|23/100
|-damage|p1a: Hippowdon|16/100
|-damage|p1a: Hippowdon|10/100
|-hitcount|p1a: Hippowdon|5
|move|p1a: Hippowdon|Slack Off|p1a: Hippowdon
|-heal|p1a: Hippowdon|60/100
|
|-weather|Sandstorm|[upkeep]
|-damage|p2a: cutie mice|88/100|[from] Sandstorm
|-heal|p1a: Hippowdon|66/100|[from] item: Leftovers
|upkeep
|turn|3
|
|t:|1779621104
|move|p2a: cutie mice|Tidy Up|p2a: cutie mice
|-boost|p2a: cutie mice|atk|1
|-boost|p2a: cutie mice|spe|1
|move|p1a: Hippowdon|Curse|p1a: Hippowdon
|-unboost|p1a: Hippowdon|spe|1
|-boost|p1a: Hippowdon|atk|1
|-boost|p1a: Hippowdon|def|1
|
|-weather|Sandstorm|[upkeep]
|-damage|p2a: cutie mice|82/100|[from] Sandstorm
|-heal|p1a: Hippowdon|72/100|[from] item: Leftovers
|upkeep
|turn|4
|
|t:|1779621115
|move|p2a: cutie mice|Population Bomb|p1a: Hippowdon
|-crit|p1a: Hippowdon
|-damage|p1a: Hippowdon|59/100
|-damage|p1a: Hippowdon|53/100
|-damage|p1a: Hippowdon|47/100
|-damage|p1a: Hippowdon|40/100
|-damage|p1a: Hippowdon|34/100
|-damage|p1a: Hippowdon|28/100
|-damage|p1a: Hippowdon|23/100
|-damage|p1a: Hippowdon|17/100
|-damage|p1a: Hippowdon|11/100
|-damage|p1a: Hippowdon|5/100
|-hitcount|p1a: Hippowdon|10
|move|p1a: Hippowdon|Curse|p1a: Hippowdon
|-unboost|p1a: Hippowdon|spe|1
|-boost|p1a: Hippowdon|atk|1
|-boost|p1a: Hippowdon|def|1
|
|-weather|Sandstorm|[upkeep]
|-damage|p2a: cutie mice|76/100|[from] Sandstorm
|-heal|p1a: Hippowdon|11/100|[from] item: Leftovers
|upkeep
|turn|5
|
|t:|1779621134
|move|p2a: cutie mice|Low Kick|p1a: Hippowdon
|-damage|p1a: Hippowdon|0 fnt
|faint|p1a: Hippowdon
|
|-weather|none
|upkeep
|
|t:|1779621142
|switch|p1a: Talonflame|Talonflame, F|100/100
|turn|6
|
|t:|1779621147
|move|p1a: Talonflame|Brave Bird|p2a: cutie mice
|-damage|p2a: cutie mice|0 fnt
|faint|p2a: cutie mice
|-damage|p1a: Talonflame|76/100|[from] Recoil
|
|upkeep
|
|t:|1779621156
|switch|p2a: stupid bich|Ogerpon-Wellspring, F|100/100
|turn|7
|
|t:|1779621160
|move|p1a: Talonflame|Brave Bird|p2a: stupid bich
|-supereffective|p2a: stupid bich
|-damage|p2a: stupid bich|0 fnt
|faint|p2a: stupid bich
|-damage|p1a: Talonflame|43/100|[from] Recoil
|
|upkeep
|
|t:|1779621168
|switch|p2a: asholegiraffe|Raging Bolt|100/100
|-enditem|p2a: asholegiraffe|Booster Energy
|-activate|p2a: asholegiraffe|ability: Protosynthesis|[fromitem]
|-start|p2a: asholegiraffe|protosynthesisspa
|turn|8
|
|t:|1779621176
|move|p2a: asholegiraffe|Thunderclap|p1a: Talonflame
|-supereffective|p1a: Talonflame
|-damage|p1a: Talonflame|0 fnt
|faint|p1a: Talonflame
|
|upkeep
|
|t:|1779621177
|switch|p1a: Espeon|Espeon, M|100/100
|turn|9
|
|t:|1779621188
|-terastallize|p1a: Espeon|Fairy
|move|p1a: Espeon|Alluring Voice|p2a: asholegiraffe
|-supereffective|p2a: asholegiraffe
|-damage|p2a: asholegiraffe|19/100
|move|p2a: asholegiraffe|Calm Mind|p2a: asholegiraffe
|-boost|p2a: asholegiraffe|spa|1
|-boost|p2a: asholegiraffe|spd|1
|
|upkeep
|turn|10
|
|t:|1779621196
|move|p2a: asholegiraffe|Thunderclap|p1a: Espeon
|-damage|p1a: Espeon|45/100
|move|p1a: Espeon|Draining Kiss|p2a: asholegiraffe
|-supereffective|p2a: asholegiraffe
|-damage|p2a: asholegiraffe|0 fnt
|-heal|p1a: Espeon|69/100|[from] drain|[of] p2a: asholegiraffe
|faint|p2a: asholegiraffe
|-end|p2a: asholegiraffe|Protosynthesis|[silent]
|
|upkeep
|
|t:|1779621206
|switch|p2a: poison|Pecharunt|100/100
|turn|11
|
|t:|1779621212
|move|p2a: poison|Malignant Chain|p1a: Espeon
|-supereffective|p1a: Espeon
|-damage|p1a: Espeon|8/100
|-status|p1a: Espeon|tox
|-start|p1a: Espeon|confusion|[from] ability: Poison Puppeteer|[of] p2a: poison
|-activate|p1a: Espeon|confusion
|move|p1a: Espeon|Psychic|p2a: poison
|-supereffective|p2a: poison
|-damage|p2a: poison|0 fnt
|faint|p2a: poison
|
|-damage|p1a: Espeon|2/100 tox|[from] psn
|upkeep
|
|t:|1779621224
|switch|p2a: buggy|Heatran, F|100/100
|turn|12
|
|t:|1779621229
|-end|p1a: Espeon|confusion
|move|p1a: Espeon|Shadow Ball|p2a: buggy
|-damage|p2a: buggy|83/100
|move|p2a: buggy|Stealth Rock|p1a: Espeon
|move|p1a: Espeon|Stealth Rock|p2a: buggy|[from] ability: Magic Bounce
|-sidestart|p2: imnotgayfr1000|move: Stealth Rock
|
|-heal|p2a: buggy|89/100|[from] item: Leftovers
|-damage|p1a: Espeon|0 fnt|[from] psn
|faint|p1a: Espeon
|upkeep
|
|t:|1779621241
|switch|p1a: Greninja|Greninja, F|100/100
|turn|13
|
|t:|1779621247
|move|p1a: Greninja|Surf|p2a: buggy
|-start|p1a: Greninja|typechange|Water|[from] ability: Protean
|-supereffective|p2a: buggy
|-damage|p2a: buggy|12/100
|move|p2a: buggy|Will-O-Wisp|p1a: Greninja
|-status|p1a: Greninja|brn
|
|-heal|p2a: buggy|19/100|[from] item: Leftovers
|-damage|p1a: Greninja|95/100 brn|[from] brn
|upkeep
|turn|14
|
|t:|1779621258
|move|p1a: Greninja|Surf|p2a: buggy
|-supereffective|p2a: buggy
|-damage|p2a: buggy|0 fnt
|faint|p2a: buggy
|
|-damage|p1a: Greninja|89/100 brn|[from] brn
|upkeep
|
|t:|1779621263
|switch|p2a: RealKing|Kingambit, F, shiny|100/100
|-damage|p2a: RealKing|94/100|[from] Stealth Rock
|-activate|p2a: RealKing|ability: Supreme Overlord
|-start|p2a: RealKing|fallen5|[silent]
|turn|15
|
|t:|1779621270
|-terastallize|p2a: RealKing|Fairy
|move|p1a: Greninja|Surf|p2a: RealKing
|-damage|p2a: RealKing|40/100
|-enditem|p2a: RealKing|Sitrus Berry|[eat]
|-heal|p2a: RealKing|65/100|[from] item: Sitrus Berry
|move|p2a: RealKing|Swords Dance|p2a: RealKing
|-boost|p2a: RealKing|atk|2
|
|-damage|p1a: Greninja|83/100 brn|[from] brn
|upkeep
|turn|16
|
|t:|1779621279
|move|p2a: RealKing|Sucker Punch|p1a: Greninja
|-damage|p1a: Greninja|0 fnt
|faint|p1a: Greninja
|
|upkeep
|
|t:|1779621301
|switch|p1a: Scizor|Scizor, F|100/100
|turn|17
|
|t:|1779621309
|move|p1a: Scizor|Bullet Punch|p2a: RealKing
|-supereffective|p2a: RealKing
|-damage|p2a: RealKing|0 fnt
|faint|p2a: RealKing
|-end|p2a: RealKing|fallen5|[silent]
|
|win|Musicmaster2122
|raw|Musicmaster2122's rating: 1249 &rarr; <strong>1276</strong><br />(+27 for winning)
|raw|imnotgayfr1000's rating: 1271 &rarr; <strong>1244</strong><br />(-27 for losing)
|l|☆Musicmaster2122
|player|p1|
