|j|☆TurtleKDM
|j|☆929Z
|t:|1779718624
|gametype|singles
|player|p1|TurtleKDM|101|1391
|player|p2|929Z|265|1363
|gen|9
|tier|[Gen 9] OU
|rated|
|rule|HP Percentage Mod: HP is shown in percentages
|rule|Endless Battle Clause: Forcing endless battles is banned
|rule|Species Clause: Limit one of each Pokémon
|rule|OHKO Clause: OHKO moves are banned
|rule|Evasion Items Clause: Evasion items are banned
|rule|Evasion Moves Clause: Evasion moves are banned
|rule|Evasion Abilities Clause: Evasion abilities are banned
|rule|Sleep Moves Clause: Sleep-inducing moves are banned
|clearpoke
|poke|p1|Weezing-Galar, M|
|poke|p1|Glimmora, F|
|poke|p1|Tornadus-Therian, M|
|poke|p1|Latios, M|
|poke|p1|Tauros-Paldea-Aqua, M|
|poke|p1|Alomomola, M|
|poke|p2|Araquanid, F|
|poke|p2|Gholdengo|
|poke|p2|Raging Bolt|
|poke|p2|Iron Valiant|
|poke|p2|Iron Treads|
|poke|p2|Deoxys-Speed|
|teampreview
|inactive|Battle timer is ON: inactive players will automatically lose when time's up. (requested by 929Z)
|
|t:|1779718646
|teamsize|p1|6
|teamsize|p2|6
|start
|switch|p1a: Fidget Spinner|Glimmora, F|100/100
|switch|p2a: Gholdengo|Gholdengo|100/100
|-item|p2a: Gholdengo|Air Balloon
|turn|1
|
|t:|1779718655
|switch|p1a: MoLove|Alomomola, M|100/100
|move|p2a: Gholdengo|Shadow Ball|p1a: MoLove
|-crit|p1a: MoLove
|-damage|p1a: MoLove|47/100
|
|-heal|p1a: MoLove|53/100|[from] item: Leftovers
|upkeep
|turn|2
|
|t:|1779718661
|switch|p2a: Araquanid|Araquanid, F|100/100
|move|p1a: MoLove|Flip Turn|p2a: Araquanid
|-resisted|p2a: Araquanid
|-damage|p2a: Araquanid|92/100
|
|t:|1779718669
|switch|p1a: Fidget Spinner|Glimmora, F|100/100|[from] Flip Turn
|
|upkeep
|turn|3
|inactive|929Z has 120 seconds left.
|
|t:|1779718700
|move|p1a: Fidget Spinner|Stealth Rock|p2a: Araquanid
|-sidestart|p2: 929Z|move: Stealth Rock
|move|p2a: Araquanid|Surf|p1a: Fidget Spinner
|-supereffective|p1a: Fidget Spinner
|-damage|p1a: Fidget Spinner|0 fnt
|faint|p1a: Fidget Spinner
|
|upkeep
|
|t:|1779718722
|switch|p1a: Storm Eye|Tornadus-Therian, M|100/100
|turn|4
|
|t:|1779718731
|move|p2a: Araquanid|Endure|p2a: Araquanid
|-singleturn|p2a: Araquanid|move: Endure
|move|p1a: Storm Eye|Bleakwind Storm|p2a: Araquanid
|-supereffective|p2a: Araquanid
|-damage|p2a: Araquanid|18/100
|-damage|p1a: Storm Eye|91/100|[from] item: Life Orb
|
|upkeep
|turn|5
|-enditem|p2a: Araquanid|Custap Berry|[eat]
|-activate|p2a: Araquanid|item: Custap Berry|[consumed]
|
|t:|1779718747
|switch|p1a: MoLove|Alomomola, M|87/100
|move|p2a: Araquanid|Endeavor|p1a: MoLove
|-damage|p1a: MoLove|11/100
|
|-heal|p1a: MoLove|18/100|[from] item: Leftovers
|upkeep
|turn|6
|
|t:|1779718757
|move|p1a: MoLove|Protect|p1a: MoLove
|-singleturn|p1a: MoLove|Protect
|move|p2a: Araquanid|Endeavor|p1a: MoLove
|-activate|p1a: MoLove|move: Protect
|
|-heal|p1a: MoLove|24/100|[from] item: Leftovers
|upkeep
|turn|7
|
|t:|1779718779
|move|p2a: Araquanid|Endeavor|p1a: MoLove
|-damage|p1a: MoLove|11/100
|move|p1a: MoLove|Flip Turn|p2a: Araquanid
|-resisted|p2a: Araquanid
|-damage|p2a: Araquanid|9/100
|
|t:|1779718790
|switch|p1a: No Bull|Tauros-Paldea-Aqua, M|100/100|[from] Flip Turn
|-ability|p1a: No Bull|Intimidate|boost
|-unboost|p2a: Araquanid|atk|1
|
|upkeep
|turn|8
|
|t:|1779718793
|move|p1a: No Bull|Aqua Jet|p2a: Araquanid
|-resisted|p2a: Araquanid
|-damage|p2a: Araquanid|0 fnt
|faint|p2a: Araquanid
|
|upkeep
|
|t:|1779718802
|switch|p2a: Deoxys|Deoxys-Speed|100/100
|-damage|p2a: Deoxys|88/100|[from] Stealth Rock
|-ability|p2a: Deoxys|Pressure
|turn|9
|inactive|TurtleKDM has 120 seconds left.
|
|t:|1779718836
|switch|p1a: MoLove|Alomomola, M|45/100
|move|p2a: Deoxys|Nasty Plot|p2a: Deoxys
|-boost|p2a: Deoxys|spa|2
|
|-heal|p1a: MoLove|51/100|[from] item: Leftovers
|upkeep
|turn|10
|inactive|TurtleKDM has 120 seconds left.
|
|t:|1779718858
|move|p2a: Deoxys|Psycho Boost|p1a: MoLove
|-crit|p1a: MoLove
|-damage|p1a: MoLove|0 fnt
|-unboost|p2a: Deoxys|spa|2
|faint|p1a: MoLove
|-damage|p2a: Deoxys|78/100|[from] item: Life Orb
|
|upkeep
|
|t:|1779718876
|switch|p1a: WatchYourJet|Latios, M|100/100
|turn|11
|
|t:|1779718883
|switch|p2a: Iron Treads|Iron Treads|100/100
|-damage|p2a: Iron Treads|97/100|[from] Stealth Rock
|move|p1a: WatchYourJet|Draco Meteor|p2a: Iron Treads|[miss]
|-miss|p1a: WatchYourJet|p2a: Iron Treads
|
|upkeep
|turn|12
|
|t:|1779718891
|switch|p1a: No Bull|Tauros-Paldea-Aqua, M|100/100
|-ability|p1a: No Bull|Intimidate|boost
|-unboost|p2a: Iron Treads|atk|1
|move|p2a: Iron Treads|Rapid Spin|p1a: No Bull
|-damage|p1a: No Bull|90/100
|-boost|p2a: Iron Treads|spe|1
|-sideend|p2: 929Z|Stealth Rock|[from] move: Rapid Spin|[of] p2a: Iron Treads
|
|upkeep
|turn|13
|inactive|TurtleKDM has 120 seconds left.
|
|t:|1779718914
|-end|p2a: Iron Treads|Quark Drive|[silent]
|switch|p2a: Gholdengo|Gholdengo|100/100
|-item|p2a: Gholdengo|Air Balloon
|move|p1a: No Bull|Wave Crash|p2a: Gholdengo
|-damage|p2a: Gholdengo|5/100
|-enditem|p2a: Gholdengo|Air Balloon
|-damage|p1a: No Bull|54/100|[from] Recoil
|
|upkeep
|turn|14
|
|t:|1779718920
|move|p1a: No Bull|Wave Crash|p2a: Gholdengo
|-damage|p2a: Gholdengo|0 fnt
|faint|p2a: Gholdengo
|-damage|p1a: No Bull|53/100|[from] Recoil
|
|upkeep
|
|t:|1779718924
|switch|p2a: Iron Valiant|Iron Valiant|100/100
|-enditem|p2a: Iron Valiant|Booster Energy
|-activate|p2a: Iron Valiant|ability: Quark Drive|[fromitem]
|-start|p2a: Iron Valiant|quarkdrivespa
|turn|15
|inactive|TurtleKDM has 120 seconds left.
|
|t:|1779718948
|switch|p1a: Geezing|Weezing-Galar, M|100/100
|-ability|p1a: Geezing|Neutralizing Gas
|move|p2a: Iron Valiant|Calm Mind|p2a: Iron Valiant
|-boost|p2a: Iron Valiant|spa|1
|-boost|p2a: Iron Valiant|spd|1
|
|upkeep
|turn|16
|
|t:|1779718966
|-terastallize|p2a: Iron Valiant|Ghost
|move|p2a: Iron Valiant|Shadow Ball|p1a: Geezing
|-damage|p1a: Geezing|7/100
|move|p1a: Geezing|Sludge Bomb|p2a: Iron Valiant
|-resisted|p2a: Iron Valiant
|-damage|p2a: Iron Valiant|85/100
|
|-heal|p1a: Geezing|13/100|[from] item: Leftovers
|upkeep
|turn|17
|inactive|TurtleKDM has 120 seconds left.
|
|t:|1779718992
|move|p2a: Iron Valiant|Shadow Ball|p1a: Geezing
|-damage|p1a: Geezing|0 fnt
|faint|p1a: Geezing
|-end|p1a: Geezing|ability: Neutralizing Gas
|
|upkeep
|
|t:|1779719005
|switch|p1a: Storm Eye|Tornadus-Therian, M|100/100
|turn|18
|inactive|TurtleKDM has 90 seconds left.
|
|t:|1779719031
|move|p1a: Storm Eye|Knock Off|p2a: Iron Valiant
|-supereffective|p2a: Iron Valiant
|-damage|p2a: Iron Valiant|39/100
|-damage|p1a: Storm Eye|91/100|[from] item: Life Orb
|move|p2a: Iron Valiant|Moonblast|p1a: Storm Eye
|-damage|p1a: Storm Eye|0 fnt
|faint|p1a: Storm Eye
|
|upkeep
|inactive|TurtleKDM has 90 seconds left.
|
|t:|1779719038
|switch|p1a: No Bull|Tauros-Paldea-Aqua, M|53/100
|-ability|p1a: No Bull|Intimidate|boost
|-unboost|p2a: Iron Valiant|atk|1
|turn|19
|
|t:|1779719050
|-terastallize|p1a: No Bull|Water
|move|p2a: Iron Valiant|Vacuum Wave|p1a: No Bull
|-damage|p1a: No Bull|0 fnt
|faint|p1a: No Bull
|
|upkeep
|c|☆TurtleKDM|gg
|
|t:|1779719056
|switch|p1a: WatchYourJet|Latios, M|100/100
|turn|20
|
|t:|1779719060
|move|p1a: WatchYourJet|Luster Purge|p2a: Iron Valiant
|-damage|p2a: Iron Valiant|0 fnt
|faint|p2a: Iron Valiant
|-end|p2a: Iron Valiant|Quark Drive|[silent]
|
|upkeep
|
|t:|1779719064
|switch|p2a: Iron Treads|Iron Treads|97/100
|turn|21
|
|t:|1779719068
|move|p1a: WatchYourJet|Luster Purge|p2a: Iron Treads
|-resisted|p2a: Iron Treads
|-damage|p2a: Iron Treads|60/100
|-unboost|p2a: Iron Treads|spd|1
|move|p2a: Iron Treads|Endeavor|p1a: WatchYourJet
|-damage|p1a: WatchYourJet|64/100
|
|upkeep
|turn|22
|
|t:|1779719074
|move|p1a: WatchYourJet|Luster Purge|p2a: Iron Treads
|-resisted|p2a: Iron Treads
|-damage|p2a: Iron Treads|10/100
|-unboost|p2a: Iron Treads|spd|1
|move|p2a: Iron Treads|Rapid Spin|p1a: WatchYourJet
|-damage|p1a: WatchYourJet|41/100
|-boost|p2a: Iron Treads|spe|1
|
|upkeep
|turn|23
|
|t:|1779719077
|move|p2a: Iron Treads|Knock Off|p1a: WatchYourJet
|-supereffective|p1a: WatchYourJet
|-damage|p1a: WatchYourJet|0 fnt
|-enditem|p1a: WatchYourJet|Choice Specs|[from] move: Knock Off|[of] p2a: Iron Treads
|faint|p1a: WatchYourJet
|
|win|929Z
|raw|TurtleKDM's rating: 1391 &rarr; <strong>1370</strong><br />(-21 for losing)
|raw|929Z's rating: 1380 &rarr; <strong>1401</strong><br />(+21 for winning)
|l|☆TurtleKDM
|player|p1|
|l|☆929Z
|player|p2|
