|j|☆gummiworm
|j|☆Deckx
|t:|1779656847
|gametype|singles
|player|p1|gummiworm|102|1215
|player|p2|Deckx|red|1222
|gen|9
|tier|[Gen 9] OU
|rated|
|rule|HP Percentage Mod: HP is shown in percentages
|rule|Endless Battle Clause: Forcing endless battles is banned
|rule|Species Clause: Limit one of each Pokémon
|rule|OHKO Clause: OHKO moves are banned
|rule|Evasion Items Clause: Evasion items are banned
|rule|Evasion Moves Clause: Evasion moves are banned
|rule|Evasion Abilities Clause: Evasion abilities are banned
|rule|Sleep Moves Clause: Sleep-inducing moves are banned
|clearpoke
|poke|p1|Regieleki|
|poke|p1|Regidrago|
|poke|p1|Regirock|
|poke|p1|Regice|
|poke|p1|Registeel|
|poke|p1|Regigigas|
|poke|p2|Ribombee, F|
|poke|p2|Lokix, M|
|poke|p2|Great Tusk|
|poke|p2|Raging Bolt|
|poke|p2|Gholdengo|
|poke|p2|Iron Moth|
|teampreview
|
|t:|1779656861
|teamsize|p1|6
|teamsize|p2|6
|start
|switch|p1a: Registeel|Registeel|100/100
|switch|p2a: Ribombee|Ribombee, F|100/100
|turn|1
|
|t:|1779656876
|move|p2a: Ribombee|Sticky Web|p1a: Registeel
|-sidestart|p1: gummiworm|move: Sticky Web
|move|p1a: Registeel|Heavy Slam|p2a: Ribombee
|-supereffective|p2a: Ribombee
|-enditem|p2a: Ribombee|Focus Sash
|-damage|p2a: Ribombee|1/100
|
|upkeep
|turn|2
|
|t:|1779656884
|move|p2a: Ribombee|Stun Spore|p1a: Registeel
|-status|p1a: Registeel|par
|move|p1a: Registeel|Heavy Slam|p2a: Ribombee
|-supereffective|p2a: Ribombee
|-damage|p2a: Ribombee|0 fnt
|faint|p2a: Ribombee
|
|upkeep
|l|☆gummiworm
|player|p1|
|
|t:|1779656892
|switch|p2a: Iron Moth|Iron Moth|100/100
|-enditem|p2a: Iron Moth|Booster Energy
|-activate|p2a: Iron Moth|ability: Quark Drive|[fromitem]
|-start|p2a: Iron Moth|quarkdrivespa
|turn|3
|j|☆gummiworm
|player|p1|gummiworm|102|
|
|t:|1779656919
|move|p2a: Iron Moth|Fiery Dance|p1a: Registeel
|-supereffective|p1a: Registeel
|-damage|p1a: Registeel|39/100 par
|move|p1a: Registeel|Thunder Wave|p2a: Iron Moth
|-status|p2a: Iron Moth|par
|
|-heal|p1a: Registeel|45/100 par|[from] item: Leftovers
|upkeep
|turn|4
|c|☆Deckx|e esse regidraco scarf ai
|
|t:|1779656933
|move|p2a: Iron Moth|Fiery Dance|p1a: Registeel
|-supereffective|p1a: Registeel
|-damage|p1a: Registeel|0 fnt
|faint|p1a: Registeel
|
|upkeep
|
|t:|1779656948
|switch|p1a: Regidrago|Regidrago|100/100
|-activate|p1a: Regidrago|move: Sticky Web
|-unboost|p1a: Regidrago|spe|1
|turn|5
|
|t:|1779656963
|-terastallize|p2a: Iron Moth|Fairy
|cant|p2a: Iron Moth|par
|move|p1a: Regidrago|Dragon Dance|p1a: Regidrago
|-boost|p1a: Regidrago|atk|1
|-boost|p1a: Regidrago|spe|1
|
|upkeep
|turn|6
|
|t:|1779656967
|switch|p1a: Regice|Regice|100/100
|-activate|p1a: Regice|move: Sticky Web
|-unboost|p1a: Regice|spe|1
|move|p2a: Iron Moth|Dazzling Gleam|p1a: Regice
|-damage|p1a: Regice|77/100
|
|-heal|p1a: Regice|83/100|[from] item: Leftovers
|upkeep
|turn|7
|
|t:|1779656976
|cant|p2a: Iron Moth|par
|move|p1a: Regice|Snowscape|p1a: Regice
|-weather|Snowscape
|
|-weather|Snowscape|[upkeep]
|-heal|p1a: Regice|89/100|[from] ability: Ice Body
|-heal|p1a: Regice|95/100|[from] item: Leftovers
|upkeep
|turn|8
|
|t:|1779656979
|cant|p2a: Iron Moth|par
|move|p1a: Regice|Ice Beam|p2a: Iron Moth
|-damage|p2a: Iron Moth|67/100 par
|
|-weather|Snowscape|[upkeep]
|-heal|p1a: Regice|100/100|[from] ability: Ice Body
|upkeep
|turn|9
|
|t:|1779656981
|move|p2a: Iron Moth|Fiery Dance|p1a: Regice
|-supereffective|p1a: Regice
|-damage|p1a: Regice|54/100
|-boost|p2a: Iron Moth|spa|1
|move|p1a: Regice|Ice Beam|p2a: Iron Moth
|-damage|p2a: Iron Moth|33/100 par
|
|-weather|Snowscape|[upkeep]
|-heal|p1a: Regice|60/100|[from] ability: Ice Body
|-heal|p1a: Regice|66/100|[from] item: Leftovers
|upkeep
|turn|10
|
|t:|1779656984
|move|p2a: Iron Moth|Fiery Dance|p1a: Regice
|-supereffective|p1a: Regice
|-damage|p1a: Regice|0 fnt
|faint|p1a: Regice
|
|-weather|Snowscape|[upkeep]
|upkeep
|
|t:|1779656988
|switch|p1a: Regieleki|Regieleki|100/100
|-activate|p1a: Regieleki|move: Sticky Web
|-unboost|p1a: Regieleki|spe|1
|turn|11
|
|t:|1779656998
|-end|p2a: Iron Moth|Quark Drive|[silent]
|switch|p2a: Great Tusk|Great Tusk|100/100
|-enditem|p2a: Great Tusk|Booster Energy
|-activate|p2a: Great Tusk|ability: Protosynthesis|[fromitem]
|-start|p2a: Great Tusk|protosynthesisatk
|move|p1a: Regieleki|Thunderbolt|p2a: Great Tusk
|-immune|p2a: Great Tusk
|
|-weather|none
|upkeep
|turn|12
|
|t:|1779657011
|switch|p1a: Regigigas|Regigigas|100/100
|-activate|p1a: Regigigas|move: Sticky Web
|-unboost|p1a: Regigigas|spe|1
|-start|p1a: Regigigas|ability: Slow Start
|move|p2a: Great Tusk|Head Smash|p1a: Regigigas
|-damage|p1a: Regigigas|55/100
|-damage|p2a: Great Tusk|75/100|[from] Recoil
|
|-heal|p1a: Regigigas|61/100|[from] item: Leftovers
|upkeep
|turn|13
|
|t:|1779657023
|move|p1a: Regigigas|Protect|p1a: Regigigas
|-singleturn|p1a: Regigigas|Protect
|move|p2a: Great Tusk|Close Combat|p1a: Regigigas
|-activate|p1a: Regigigas|move: Protect
|
|-heal|p1a: Regigigas|67/100|[from] item: Leftovers
|upkeep
|turn|14
|
|t:|1779657035
|move|p2a: Great Tusk|Close Combat|p1a: Regigigas
|-supereffective|p1a: Regigigas
|-damage|p1a: Regigigas|0 fnt
|-unboost|p2a: Great Tusk|def|1
|-unboost|p2a: Great Tusk|spd|1
|faint|p1a: Regigigas
|-end|p1a: Regigigas|Slow Start|[silent]
|
|upkeep
|
|t:|1779657038
|switch|p1a: Regirock|Regirock|100/100
|-activate|p1a: Regirock|move: Sticky Web
|-fail|p1a: Regirock|unboost|[from] ability: Clear Body|[of] p1a: Regirock
|turn|15
|
|t:|1779657043
|move|p2a: Great Tusk|Close Combat|p1a: Regirock
|-supereffective|p1a: Regirock
|-damage|p1a: Regirock|38/100
|-unboost|p2a: Great Tusk|def|1
|-unboost|p2a: Great Tusk|spd|1
|move|p1a: Regirock|Body Press|p2a: Great Tusk
|-damage|p2a: Great Tusk|14/100
|
|-heal|p1a: Regirock|44/100|[from] item: Leftovers
|upkeep
|turn|16
|
|t:|1779657050
|move|p2a: Great Tusk|Close Combat|p1a: Regirock
|-supereffective|p1a: Regirock
|-damage|p1a: Regirock|0 fnt
|-unboost|p2a: Great Tusk|def|1
|-unboost|p2a: Great Tusk|spd|1
|faint|p1a: Regirock
|
|upkeep
|
|t:|1779657052
|switch|p1a: Regieleki|Regieleki|100/100
|-activate|p1a: Regieleki|move: Sticky Web
|-unboost|p1a: Regieleki|spe|1
|turn|17
|
|t:|1779657057
|move|p1a: Regieleki|Rapid Spin|p2a: Great Tusk
|-damage|p2a: Great Tusk|0 fnt
|-boost|p1a: Regieleki|spe|1
|-sideend|p1: gummiworm|Sticky Web|[from] move: Rapid Spin|[of] p1a: Regieleki
|faint|p2a: Great Tusk
|-end|p2a: Great Tusk|Protosynthesis|[silent]
|
|upkeep
|
|t:|1779657069
|switch|p2a: Gholdengo|Gholdengo|100/100
|-item|p2a: Gholdengo|Air Balloon
|turn|18
|
|t:|1779657078
|switch|p1a: Regidrago|Regidrago|100/100
|move|p2a: Gholdengo|Psyshock|p1a: Regidrago
|-damage|p1a: Regidrago|70/100
|
|upkeep
|turn|19
|
|t:|1779657084
|move|p2a: Gholdengo|Dazzling Gleam|p1a: Regidrago
|-supereffective|p1a: Regidrago
|-damage|p1a: Regidrago|7/100
|move|p1a: Regidrago|Dragon Dance|p1a: Regidrago
|-boost|p1a: Regidrago|atk|1
|-boost|p1a: Regidrago|spe|1
|
|upkeep
|turn|20
|
|t:|1779657090
|-terastallize|p1a: Regidrago|Dragon
|move|p1a: Regidrago|Outrage|p2a: Gholdengo
|-resisted|p2a: Gholdengo
|-damage|p2a: Gholdengo|0 fnt
|-enditem|p2a: Gholdengo|Air Balloon
|faint|p2a: Gholdengo
|
|upkeep
|
|t:|1779657096
|switch|p2a: Lokix|Lokix, M|100/100
|turn|21
|
|t:|1779657099
|move|p2a: Lokix|Sucker Punch|p1a: Regidrago
|-damage|p1a: Regidrago|0 fnt
|faint|p1a: Regidrago
|-damage|p2a: Lokix|91/100|[from] item: Life Orb
|
|upkeep
|
|t:|1779657101
|switch|p1a: Regieleki|Regieleki|100/100
|turn|22
|
|t:|1779657112
|switch|p2a: Raging Bolt|Raging Bolt|100/100
|-enditem|p2a: Raging Bolt|Booster Energy
|-activate|p2a: Raging Bolt|ability: Protosynthesis|[fromitem]
|-start|p2a: Raging Bolt|protosynthesisspa
|move|p1a: Regieleki|Charge Beam|p2a: Raging Bolt
|-resisted|p2a: Raging Bolt
|-damage|p2a: Raging Bolt|90/100
|
|upkeep
|turn|23
|
|t:|1779657115
|move|p1a: Regieleki|Charge Beam|p2a: Raging Bolt|[miss]
|-miss|p1a: Regieleki|p2a: Raging Bolt
|move|p2a: Raging Bolt|Dragon Pulse|p1a: Regieleki
|-damage|p1a: Regieleki|0 fnt
|faint|p1a: Regieleki
|
|win|Deckx
|raw|gummiworm's rating: 1215 &rarr; <strong>1191</strong><br />(-24 for losing)
|raw|Deckx's rating: 1222 &rarr; <strong>1246</strong><br />(+24 for winning)
|l|☆gummiworm
|player|p1|
|l|☆Deckx
|player|p2|
