|j|☆RogueNinja1738
|j|☆Fuga Mental
|t:|1779669419
|gametype|singles
|player|p1|RogueNinja1738|101|1107
|player|p2|Fuga Mental|169|1177
|gen|9
|tier|[Gen 9] OU
|rated|
|rule|HP Percentage Mod: HP is shown in percentages
|rule|Endless Battle Clause: Forcing endless battles is banned
|rule|Species Clause: Limit one of each Pokémon
|rule|OHKO Clause: OHKO moves are banned
|rule|Evasion Items Clause: Evasion items are banned
|rule|Evasion Moves Clause: Evasion moves are banned
|rule|Evasion Abilities Clause: Evasion abilities are banned
|rule|Sleep Moves Clause: Sleep-inducing moves are banned
|clearpoke
|poke|p1|Zoroark-Hisui, M|
|poke|p1|Kingambit, F|
|poke|p1|Gholdengo|
|poke|p1|Rotom-Wash|
|poke|p1|Metagross|
|poke|p1|Ditto|
|poke|p2|Dugtrio, F|
|poke|p2|Hippowdon, M|
|poke|p2|Houndstone, M|
|poke|p2|Galvantula, M|
|poke|p2|Orthworm, F|
|poke|p2|Hitmontop, M|
|teampreview
|
|t:|1779669444
|teamsize|p1|6
|teamsize|p2|6
|start
|switch|p1a: Rotom|Rotom-Wash|100/100
|switch|p2a: Kyllabite|Galvantula, M, shiny|100/100
|turn|1
|
|t:|1779669463
|move|p2a: Kyllabite|Energy Ball|p1a: Rotom
|-supereffective|p1a: Rotom
|-damage|p1a: Rotom|20/100
|-enditem|p1a: Rotom|Aguav Berry|[eat]
|-heal|p1a: Rotom|53/100|[from] item: Aguav Berry
|move|p1a: Rotom|Shadow Ball|p2a: Kyllabite
|-damage|p2a: Kyllabite|57/100
|
|upkeep
|turn|2
|
|t:|1779669475
|switch|p2a: Drywall|Hippowdon, M|100/100
|-weather|Sandstorm|[from] ability: Sand Stream|[of] p2a: Drywall
|move|p1a: Rotom|Shadow Ball|p2a: Drywall
|-damage|p2a: Drywall|75/100
|
|-weather|Sandstorm|[upkeep]
|-damage|p1a: Rotom|47/100|[from] Sandstorm
|upkeep
|turn|3
|
|t:|1779669493
|switch|p2a: Kyllabite|Galvantula, M, shiny|57/100
|move|p1a: Rotom|Hydro Pump|p2a: Kyllabite|[miss]
|-miss|p1a: Rotom|p2a: Kyllabite
|
|-weather|Sandstorm|[upkeep]
|-damage|p2a: Kyllabite|51/100|[from] Sandstorm
|-damage|p1a: Rotom|41/100|[from] Sandstorm
|upkeep
|turn|4
|
|t:|1779669504
|move|p2a: Kyllabite|Energy Ball|p1a: Rotom
|-supereffective|p1a: Rotom
|-damage|p1a: Rotom|0 fnt
|faint|p1a: Rotom
|
|-weather|Sandstorm|[upkeep]
|-damage|p2a: Kyllabite|45/100|[from] Sandstorm
|upkeep
|
|t:|1779669517
|switch|p1a: Gholdengo|Gholdengo|100/100
|turn|5
|inactive|Battle timer is ON: inactive players will automatically lose when time's up. (requested by RogueNinja1738)
|
|t:|1779669548
|move|p2a: Kyllabite|Energy Ball|p1a: Gholdengo
|-damage|p1a: Gholdengo|27/100
|-unboost|p1a: Gholdengo|spd|1
|replace|p1a: Zoroark|Zoroark-Hisui, M
|-end|p1a: Zoroark|Illusion
|move|p1a: Zoroark|Bitter Malice|p2a: Kyllabite
|-damage|p2a: Kyllabite|0 fnt
|faint|p2a: Kyllabite
|
|-weather|Sandstorm|[upkeep]
|-damage|p1a: Zoroark|21/100|[from] Sandstorm
|upkeep
|
|t:|1779669568
|switch|p2a: Hotdawgs|Dugtrio, F, shiny|100/100
|turn|6
|
|t:|1779669585
|move|p2a: Hotdawgs|Sucker Punch|p1a: Zoroark
|-supereffective|p1a: Zoroark
|-crit|p1a: Zoroark
|-damage|p1a: Zoroark|0 fnt
|faint|p1a: Zoroark
|
|-weather|Sandstorm|[upkeep]
|upkeep
|
|t:|1779669599
|switch|p1a: Metagross|Metagross|100/100
|turn|7
|
|t:|1779669606
|move|p2a: Hotdawgs|Earthquake|p1a: Metagross
|-supereffective|p1a: Metagross
|-damage|p1a: Metagross|12/100
|-enditem|p1a: Metagross|Weakness Policy
|-boost|p1a: Metagross|atk|2|[from] item: Weakness Policy
|-boost|p1a: Metagross|spa|2|[from] item: Weakness Policy
|move|p1a: Metagross|Psychic Fangs|p2a: Hotdawgs
|-enditem|p2a: Hotdawgs|Focus Sash
|-damage|p2a: Hotdawgs|1/100
|
|-weather|Sandstorm|[upkeep]
|upkeep
|turn|8
|
|t:|1779669618
|move|p2a: Hotdawgs|Sucker Punch|p1a: Metagross
|-supereffective|p1a: Metagross
|-damage|p1a: Metagross|0 fnt
|faint|p1a: Metagross
|
|-weather|Sandstorm|[upkeep]
|upkeep
|
|t:|1779669629
|switch|p1a: Ditto|Ditto|100/100
|-transform|p1a: Ditto|p2a: Hotdawgs|[from] ability: Imposter
|turn|9
|
|t:|1779669638
|move|p1a: Ditto|Swords Dance|p1a: Ditto
|-boost|p1a: Ditto|atk|2
|move|p2a: Hotdawgs|Earthquake|p1a: Ditto
|-damage|p1a: Ditto|0 fnt
|faint|p1a: Ditto
|
|-weather|none
|upkeep
|
|t:|1779669648
|switch|p1a: Gholdengo|Gholdengo|100/100
|turn|10
|
|t:|1779669655
|move|p2a: Hotdawgs|Sucker Punch|p1a: Gholdengo
|-supereffective|p1a: Gholdengo
|-damage|p1a: Gholdengo|60/100
|-enditem|p1a: Gholdengo|Red Card|[of] p2a: Hotdawgs
|drag|p2a: Drywall|Hippowdon, M|75/100
|-weather|Sandstorm|[from] ability: Sand Stream|[of] p2a: Drywall
|move|p1a: Gholdengo|Shadow Ball|p2a: Drywall
|-damage|p2a: Drywall|29/100
|
|-weather|Sandstorm|[upkeep]
|upkeep
|turn|11
|
|t:|1779669667
|switch|p2a: Hotdawgs|Dugtrio, F, shiny|1/100
|move|p1a: Gholdengo|Shadow Ball|p2a: Hotdawgs
|-damage|p2a: Hotdawgs|0 fnt
|faint|p2a: Hotdawgs
|
|-weather|Sandstorm|[upkeep]
|upkeep
|
|t:|1779669672
|switch|p2a: SpookyDoo|Houndstone, M|100/100
|turn|12
|
|t:|1779669679
|move|p2a: SpookyDoo|Poltergeist||[still]
|-fail|p2a: SpookyDoo
|move|p1a: Gholdengo|Shadow Ball|p2a: SpookyDoo
|-supereffective|p2a: SpookyDoo
|-damage|p2a: SpookyDoo|0 fnt
|faint|p2a: SpookyDoo
|
|-weather|Sandstorm|[upkeep]
|upkeep
|
|t:|1779669688
|switch|p2a: Hitmontop|Hitmontop, M|100/100
|turn|13
|
|t:|1779669694
|move|p1a: Gholdengo|Shadow Ball|p2a: Hitmontop
|-damage|p2a: Hitmontop|66/100
|move|p2a: Hitmontop|Earthquake|p1a: Gholdengo
|-supereffective|p1a: Gholdengo
|-damage|p1a: Gholdengo|6/100
|
|-weather|Sandstorm|[upkeep]
|-damage|p2a: Hitmontop|60/100|[from] Sandstorm
|upkeep
|turn|14
|
|t:|1779669705
|move|p1a: Gholdengo|Shadow Ball|p2a: Hitmontop
|-damage|p2a: Hitmontop|27/100
|move|p2a: Hitmontop|Earthquake|p1a: Gholdengo
|-supereffective|p1a: Gholdengo
|-damage|p1a: Gholdengo|0 fnt
|faint|p1a: Gholdengo
|
|-weather|Sandstorm|[upkeep]
|-damage|p2a: Hitmontop|21/100|[from] Sandstorm
|upkeep
|l|☆RogueNinja1738
|inactive|RogueNinja1738 disconnected and has a minute to reconnect!
|player|p1|
|j|☆RogueNinja1738
|inactive|RogueNinja1738 reconnected and has 120 seconds left.
|player|p1|RogueNinja1738|101|
|
|t:|1779669738
|switch|p1a: Kingambit|Kingambit, F|100/100
|-activate|p1a: Kingambit|ability: Supreme Overlord
|-start|p1a: Kingambit|fallen5|[silent]
|turn|15
|inactive|RogueNinja1738 has 120 seconds left.
|
|t:|1779669750
|move|p2a: Hitmontop|Mach Punch|p1a: Kingambit
|-supereffective|p1a: Kingambit
|-damage|p1a: Kingambit|17/100
|move|p1a: Kingambit|Iron Head|p2a: Hitmontop
|-damage|p2a: Hitmontop|0 fnt
|faint|p2a: Hitmontop
|
|-weather|Sandstorm|[upkeep]
|-heal|p1a: Kingambit|23/100|[from] item: Leftovers
|upkeep
|
|t:|1779669756
|switch|p2a: Alaskan|Orthworm, F, shiny|100/100
|turn|16
|
|t:|1779669766
|-terastallize|p2a: Alaskan|Electric
|move|p2a: Alaskan|Body Press|p1a: Kingambit
|-supereffective|p1a: Kingambit
|-damage|p1a: Kingambit|0 fnt
|faint|p1a: Kingambit
|-end|p1a: Kingambit|fallen5|[silent]
|
|win|Fuga Mental
|raw|RogueNinja1738's rating: 1107 &rarr; <strong>1087</strong><br />(-20 for losing)
|raw|Fuga Mental's rating: 1177 &rarr; <strong>1197</strong><br />(+20 for winning)
|c|☆Fuga Mental|Gg
|l|☆RogueNinja1738
|player|p1|
|j|☆RogueNinja1738
|player|p1|RogueNinja1738|101|
|l|☆RogueNinja1738
|player|p1|
