|j|☆kuraiyagare
|j|☆esta man oe
|t:|1779577256
|gametype|singles
|player|p1|kuraiyagare|pokemonranger-gen4|1475
|player|p2|esta man oe|preschooler|1420
|gen|9
|tier|[Gen 9] OU
|rated|
|rule|HP Percentage Mod: HP is shown in percentages
|rule|Endless Battle Clause: Forcing endless battles is banned
|rule|Species Clause: Limit one of each Pokémon
|rule|OHKO Clause: OHKO moves are banned
|rule|Evasion Items Clause: Evasion items are banned
|rule|Evasion Moves Clause: Evasion moves are banned
|rule|Evasion Abilities Clause: Evasion abilities are banned
|rule|Sleep Moves Clause: Sleep-inducing moves are banned
|clearpoke
|poke|p1|Breloom, F|
|poke|p1|Gardevoir, F|
|poke|p1|Talonflame, M|
|poke|p1|Magnezone|
|poke|p1|Drifblim, F|
|poke|p1|Gallade, M|
|poke|p2|Torkoal, M|
|poke|p2|Pelipper, M|
|poke|p2|Walking Wake|
|poke|p2|Hatterene, F|
|poke|p2|Raging Bolt|
|poke|p2|Alomomola, F|
|teampreview
|inactive|Battle timer is ON: inactive players will automatically lose when time's up. (requested by esta man oe)
|
|t:|1779577262
|teamsize|p1|6
|teamsize|p2|6
|start
|switch|p1a: Magnezone|Magnezone|100/100
|switch|p2a: Raging Bolt|Raging Bolt|100/100
|turn|1
|
|t:|1779577267
|move|p2a: Raging Bolt|Volt Switch|p1a: Magnezone
|-resisted|p1a: Magnezone
|-damage|p1a: Magnezone|80/100
|
|t:|1779577270
|-end|p2a: Raging Bolt|Protosynthesis|[silent]
|switch|p2a: Torkoal|Torkoal, M|100/100|[from] Volt Switch
|-weather|SunnyDay|[from] ability: Drought|[of] p2a: Torkoal
|move|p1a: Magnezone|Flash Cannon|p2a: Torkoal
|-resisted|p2a: Torkoal
|-damage|p2a: Torkoal|71/100
|
|-weather|SunnyDay|[upkeep]
|upkeep
|turn|2
|
|t:|1779577272
|switch|p2a: Raging Bolt|Raging Bolt|100/100
|-activate|p2a: Raging Bolt|ability: Protosynthesis
|-start|p2a: Raging Bolt|protosynthesisspa
|move|p1a: Magnezone|Thunderbolt|p2a: Raging Bolt
|-resisted|p2a: Raging Bolt
|-damage|p2a: Raging Bolt|88/100
|
|-weather|SunnyDay|[upkeep]
|upkeep
|turn|3
|
|t:|1779577276
|move|p2a: Raging Bolt|Weather Ball|p1a: Magnezone
|-supereffective|p1a: Magnezone
|-damage|p1a: Magnezone|0 fnt
|faint|p1a: Magnezone
|
|-weather|SunnyDay|[upkeep]
|upkeep
|
|t:|1779577280
|switch|p1a: Gardenia|Gardevoir, F|100/100
|turn|4
|
|t:|1779577284
|-end|p2a: Raging Bolt|Protosynthesis|[silent]
|switch|p2a: Alomomola|Alomomola, F|100/100
|-ability|p1a: Gardenia|Regenerator|Trace|[from] ability: Trace|[of] p2a: Alomomola
|move|p1a: Gardenia|Moonblast|p2a: Alomomola
|-damage|p2a: Alomomola|65/100
|
|-weather|SunnyDay|[upkeep]
|upkeep
|turn|5
|
|t:|1779577288
|move|p1a: Gardenia|Moonblast|p2a: Alomomola
|-damage|p2a: Alomomola|26/100
|move|p2a: Alomomola|Flip Turn|p1a: Gardenia
|-damage|p1a: Gardenia|86/100
|
|t:|1779577302
|switch|p2a: Walking Wake|Walking Wake|100/100|[from] Flip Turn
|-activate|p2a: Walking Wake|ability: Protosynthesis
|-start|p2a: Walking Wake|protosynthesisspa
|
|-weather|SunnyDay|[upkeep]
|upkeep
|turn|6
|
|t:|1779577318
|-terastallize|p2a: Walking Wake|Water
|move|p2a: Walking Wake|Hydro Steam|p1a: Gardenia
|-damage|p1a: Gardenia|0 fnt
|faint|p1a: Gardenia
|
|-weather|SunnyDay|[upkeep]
|upkeep
|
|t:|1779577321
|switch|p1a: Drastenie|Breloom, F|100/100
|turn|7
|
|t:|1779577326
|move|p2a: Walking Wake|Hydro Steam|p1a: Drastenie
|-resisted|p1a: Drastenie
|-enditem|p1a: Drastenie|Focus Sash
|-damage|p1a: Drastenie|1/100
|move|p1a: Drastenie|Bullet Seed|p2a: Walking Wake
|-supereffective|p2a: Walking Wake
|-crit|p2a: Walking Wake
|-damage|p2a: Walking Wake|31/100
|-supereffective|p2a: Walking Wake
|-damage|p2a: Walking Wake|0 fnt
|faint|p2a: Walking Wake
|-end|p2a: Walking Wake|Protosynthesis|[silent]
|-hitcount|p2: Walking Wake|2
|
|-weather|SunnyDay|[upkeep]
|upkeep
|
|t:|1779577333
|switch|p2a: Raging Bolt|Raging Bolt|88/100
|-activate|p2a: Raging Bolt|ability: Protosynthesis
|-start|p2a: Raging Bolt|protosynthesisspa
|turn|8
|
|t:|1779577336
|move|p1a: Drastenie|Mach Punch|p2a: Raging Bolt
|-damage|p2a: Raging Bolt|58/100
|move|p2a: Raging Bolt|Volt Switch|p1a: Drastenie
|-resisted|p1a: Drastenie
|-damage|p1a: Drastenie|0 fnt
|faint|p1a: Drastenie
|
|t:|1779577340
|-end|p2a: Raging Bolt|Protosynthesis|[silent]
|switch|p2a: Pelipper|Pelipper, M|100/100|[from] Volt Switch
|-weather|RainDance|[from] ability: Drizzle|[of] p2a: Pelipper
|
|-weather|RainDance|[upkeep]
|upkeep
|
|t:|1779577345
|switch|p1a: drifflim|Drifblim, F|100/100
|turn|9
|
|t:|1779577351
|move|p1a: drifflim|Thunderbolt|p2a: Pelipper
|-supereffective|p2a: Pelipper
|-damage|p2a: Pelipper|0 fnt
|faint|p2a: Pelipper
|
|-weather|RainDance|[upkeep]
|upkeep
|
|t:|1779577355
|switch|p2a: Raging Bolt|Raging Bolt|58/100
|turn|10
|
|t:|1779577369
|move|p2a: Raging Bolt|Volt Switch|p1a: drifflim
|-supereffective|p1a: drifflim
|-damage|p1a: drifflim|11/100
|-enditem|p1a: drifflim|Weakness Policy
|-boost|p1a: drifflim|atk|2|[from] item: Weakness Policy
|-boost|p1a: drifflim|spa|2|[from] item: Weakness Policy
|
|t:|1779577379
|-end|p2a: Raging Bolt|Protosynthesis|[silent]
|switch|p2a: Torkoal|Torkoal, M|71/100|[from] Volt Switch
|-weather|SunnyDay|[from] ability: Drought|[of] p2a: Torkoal
|move|p1a: drifflim|Calm Mind|p1a: drifflim
|-boost|p1a: drifflim|spa|1
|-boost|p1a: drifflim|spd|1
|
|-weather|SunnyDay|[upkeep]
|upkeep
|turn|11
|
|t:|1779577384
|move|p1a: drifflim|Shadow Ball|p2a: Torkoal
|-damage|p2a: Torkoal|0 fnt
|faint|p2a: Torkoal
|
|-weather|SunnyDay|[upkeep]
|upkeep
|
|t:|1779577386
|switch|p2a: Raging Bolt|Raging Bolt|58/100
|-activate|p2a: Raging Bolt|ability: Protosynthesis
|-start|p2a: Raging Bolt|protosynthesisspa
|turn|12
|
|t:|1779577389
|move|p1a: drifflim|Strength Sap|p2a: Raging Bolt
|-unboost|p2a: Raging Bolt|atk|1
|-heal|p1a: drifflim|45/100
|move|p2a: Raging Bolt|Volt Switch|p1a: drifflim
|-supereffective|p1a: drifflim
|-damage|p1a: drifflim|0 fnt
|faint|p1a: drifflim
|
|t:|1779577394
|-end|p2a: Raging Bolt|Protosynthesis|[silent]
|switch|p2a: Hatterene|Hatterene, F, shiny|100/100|[from] Volt Switch
|
|-weather|SunnyDay|[upkeep]
|upkeep
|
|t:|1779577398
|switch|p1a: Vatra|Talonflame, M|100/100
|turn|13
|
|t:|1779577400
|move|p1a: Vatra|Flare Blitz|p2a: Hatterene
|-damage|p2a: Hatterene|43/100
|-damage|p1a: Vatra|80/100|[from] Recoil
|-enditem|p2a: Hatterene|Eject Button
|
|t:|1779577408
|switch|p2a: Alomomola|Alomomola, F|60/100
|
|-weather|SunnyDay|[upkeep]
|upkeep
|turn|14
|
|t:|1779577417
|move|p1a: Vatra|Will-O-Wisp|p2a: Alomomola
|-status|p2a: Alomomola|brn
|move|p2a: Alomomola|Flip Turn|p1a: Vatra
|-supereffective|p1a: Vatra
|-damage|p1a: Vatra|67/100
|
|t:|1779577425
|switch|p2a: Hatterene|Hatterene, F, shiny|43/100|[from] Flip Turn
|
|-weather|SunnyDay|[upkeep]
|upkeep
|turn|15
|
|t:|1779577428
|move|p1a: Vatra|Flare Blitz|p2a: Hatterene
|-damage|p2a: Hatterene|0 fnt
|faint|p2a: Hatterene
|-damage|p1a: Vatra|52/100|[from] Recoil
|
|-weather|SunnyDay|[upkeep]
|upkeep
|
|t:|1779577431
|switch|p2a: Alomomola|Alomomola, F|93/100 brn
|turn|16
|
|t:|1779577434
|move|p1a: Vatra|Brave Bird|p2a: Alomomola
|-damage|p2a: Alomomola|59/100 brn
|-damage|p1a: Vatra|32/100|[from] Recoil
|move|p2a: Alomomola|Wish|p2a: Alomomola
|
|-weather|SunnyDay|[upkeep]
|-damage|p2a: Alomomola|53/100 brn|[from] brn
|upkeep
|turn|17
|
|t:|1779577438
|move|p1a: Vatra|Brave Bird|p2a: Alomomola
|-damage|p2a: Alomomola|18/100 brn
|-damage|p1a: Vatra|11/100|[from] Recoil
|move|p2a: Alomomola|Flip Turn|p1a: Vatra
|-supereffective|p1a: Vatra
|-damage|p1a: Vatra|0 fnt
|faint|p1a: Vatra
|
|t:|1779577440
|switch|p2a: Raging Bolt|Raging Bolt|58/100|[from] Flip Turn
|-activate|p2a: Raging Bolt|ability: Protosynthesis
|-start|p2a: Raging Bolt|protosynthesisspa
|
|-weather|none
|-end|p2a: Raging Bolt|Protosynthesis
|-heal|p2a: Raging Bolt|100/100|[from] move: Wish|[wisher] Alomomola
|upkeep
|
|t:|1779577442
|switch|p1a: Gallardo|Gallade, M|100/100
|turn|18
|
|t:|1779577452
|move|p2a: Raging Bolt|Draco Meteor|p1a: Gallardo
|-damage|p1a: Gallardo|34/100
|-unboost|p2a: Raging Bolt|spa|2
|move|p1a: Gallardo|Drain Punch|p2a: Raging Bolt
|-damage|p2a: Raging Bolt|62/100
|-heal|p1a: Gallardo|63/100|[from] drain|[of] p2a: Raging Bolt
|
|-heal|p1a: Gallardo|69/100|[from] item: Leftovers
|upkeep
|turn|19
|
|t:|1779577461
|-end|p2a: Raging Bolt|Protosynthesis|[silent]
|switch|p2a: Alomomola|Alomomola, F|51/100 brn
|move|p1a: Gallardo|Drain Punch|p2a: Alomomola
|-damage|p2a: Alomomola|16/100 brn
|-heal|p1a: Gallardo|100/100|[from] drain|[of] p2a: Alomomola
|
|-damage|p2a: Alomomola|10/100 brn|[from] brn
|upkeep
|turn|20
|
|t:|1779577464
|move|p1a: Gallardo|Bulk Up|p1a: Gallardo
|-boost|p1a: Gallardo|atk|1
|-boost|p1a: Gallardo|def|1
|move|p2a: Alomomola|Healing Wish|p2a: Alomomola
|faint|p2a: Alomomola
|
|upkeep
|
|t:|1779577466
|switch|p2a: Raging Bolt|Raging Bolt|62/100
|-heal|p2a: Raging Bolt|100/100|[from] move: Healing Wish
|turn|21
|
|t:|1779577469
|move|p2a: Raging Bolt|Volt Switch|p1a: Gallardo
|-damage|p1a: Gallardo|65/100
|move|p1a: Gallardo|Drain Punch|p2a: Raging Bolt
|-damage|p2a: Raging Bolt|45/100
|-heal|p1a: Gallardo|100/100|[from] drain|[of] p2a: Raging Bolt
|
|upkeep
|turn|22
|-message|esta man oe forfeited.
|
|win|kuraiyagare
|raw|kuraiyagare's rating: 1475 &rarr; <strong>1492</strong><br />(+17 for winning)
|raw|esta man oe's rating: 1420 &rarr; <strong>1403</strong><br />(-17 for losing)
|l|☆esta man oe
|player|p2|
|l|☆kuraiyagare
|player|p1|
