|j|☆Hunter Rome
|j|☆Pedroelentrenador
|t:|1779691079
|gametype|singles
|player|p1|Hunter Rome|gentleman-gen4|1120
|player|p2|Pedroelentrenador|n|1169
|gen|9
|tier|[Gen 9] OU
|rated|
|rule|HP Percentage Mod: HP is shown in percentages
|rule|Endless Battle Clause: Forcing endless battles is banned
|rule|Species Clause: Limit one of each Pokémon
|rule|OHKO Clause: OHKO moves are banned
|rule|Evasion Items Clause: Evasion items are banned
|rule|Evasion Moves Clause: Evasion moves are banned
|rule|Evasion Abilities Clause: Evasion abilities are banned
|rule|Sleep Moves Clause: Sleep-inducing moves are banned
|clearpoke
|poke|p1|Gliscor, F|
|poke|p1|Grimmsnarl, M|
|poke|p1|Garganacl, M|
|poke|p1|Dragonite, M|
|poke|p1|Darkrai|
|poke|p1|Okidogi, M|
|poke|p2|Hatterene, F|
|poke|p2|Slowbro, M|
|poke|p2|Ursaluna, F|
|poke|p2|Kingambit, M|
|poke|p2|Vikavolt, F|
|poke|p2|Toxapex, M|
|teampreview
|inactive|Battle timer is ON: inactive players will automatically lose when time's up. (requested by Pedroelentrenador)
|
|t:|1779691084
|teamsize|p1|6
|teamsize|p2|6
|start
|switch|p1a: Grimmsnarl|Grimmsnarl, M|100/100
|switch|p2a: Slowbro|Slowbro, M|100/100
|turn|1
|
|t:|1779691095
|move|p1a: Grimmsnarl|Fake Out|p2a: Slowbro
|-damage|p2a: Slowbro|93/100
|cant|p2a: Slowbro|flinch
|
|-heal|p2a: Slowbro|99/100|[from] item: Leftovers
|upkeep
|turn|2
|
|t:|1779691102
|move|p1a: Grimmsnarl|Thunder Wave|p2a: Slowbro
|-status|p2a: Slowbro|par
|move|p2a: Slowbro|Trick Room|p2a: Slowbro
|-fieldstart|move: Trick Room|[of] p2a: Slowbro
|
|-heal|p2a: Slowbro|100/100 par|[from] item: Leftovers
|upkeep
|turn|3
|
|t:|1779691110
|switch|p2a: Kingambit|Kingambit, M|100/100
|move|p1a: Grimmsnarl|Trick|p2a: Kingambit
|-hint|Since gen 7, Dark is immune to Prankster moves.
|-immune|p2a: Kingambit
|
|upkeep
|turn|4
|
|t:|1779691119
|switch|p1a: Garganacl|Garganacl, M|100/100
|move|p2a: Kingambit|Swords Dance|p2a: Kingambit
|-boost|p2a: Kingambit|atk|2
|
|upkeep
|turn|5
|
|t:|1779691127
|move|p1a: Garganacl|Salt Cure|p2a: Kingambit
|-resisted|p2a: Kingambit
|-damage|p2a: Kingambit|96/100
|-start|p2a: Kingambit|Salt Cure
|move|p2a: Kingambit|Swords Dance|p2a: Kingambit
|-boost|p2a: Kingambit|atk|2
|
|-damage|p2a: Kingambit|71/100|[from] Salt Cure
|upkeep
|turn|6
|
|t:|1779691136
|move|p1a: Garganacl|Protect|p1a: Garganacl
|-singleturn|p1a: Garganacl|Protect
|move|p2a: Kingambit|Iron Head|p1a: Garganacl
|-activate|p1a: Garganacl|move: Protect
|
|-damage|p2a: Kingambit|46/100|[from] Salt Cure
|-fieldend|move: Trick Room
|upkeep
|turn|7
|
|t:|1779691145
|move|p2a: Kingambit|Iron Head|p1a: Garganacl
|-supereffective|p1a: Garganacl
|-damage|p1a: Garganacl|0 fnt
|faint|p1a: Garganacl
|
|-damage|p2a: Kingambit|21/100|[from] Salt Cure
|upkeep
|
|t:|1779691148
|switch|p1a: Gliscor|Gliscor, F|100/100
|turn|8
|
|t:|1779691164
|-end|p2a: Kingambit|fallenundefined|[silent]
|switch|p2a: Ursaluna|Ursaluna, F|100/100
|move|p1a: Gliscor|Protect||[still]
|-fail|p1a: Gliscor
|
|-status|p1a: Gliscor|tox|[from] item: Toxic Orb
|-status|p2a: Ursaluna|brn|[from] item: Flame Orb
|upkeep
|turn|9
|
|t:|1779691173
|move|p1a: Gliscor|Substitute|p1a: Gliscor
|-start|p1a: Gliscor|Substitute
|-damage|p1a: Gliscor|76/100 tox
|move|p2a: Ursaluna|Facade|p1a: Gliscor
|-end|p1a: Gliscor|Substitute
|
|-heal|p1a: Gliscor|88/100 tox|[from] ability: Poison Heal
|-damage|p2a: Ursaluna|94/100 brn|[from] brn
|upkeep
|turn|10
|
|t:|1779691183
|move|p1a: Gliscor|Earthquake|p2a: Ursaluna
|-damage|p2a: Ursaluna|70/100 brn
|move|p2a: Ursaluna|Facade|p1a: Gliscor
|-damage|p1a: Gliscor|11/100 tox
|
|-heal|p1a: Gliscor|23/100 tox|[from] ability: Poison Heal
|-damage|p2a: Ursaluna|64/100 brn|[from] brn
|upkeep
|turn|11
|
|t:|1779691194
|move|p1a: Gliscor|Protect|p1a: Gliscor
|-singleturn|p1a: Gliscor|Protect
|move|p2a: Ursaluna|Swords Dance|p2a: Ursaluna
|-boost|p2a: Ursaluna|atk|2
|
|-heal|p1a: Gliscor|36/100 tox|[from] ability: Poison Heal
|-damage|p2a: Ursaluna|58/100 brn|[from] brn
|upkeep
|turn|12
|
|t:|1779691203
|move|p1a: Gliscor|Earthquake|p2a: Ursaluna
|-damage|p2a: Ursaluna|37/100 brn
|move|p2a: Ursaluna|Facade|p1a: Gliscor
|-damage|p1a: Gliscor|0 fnt
|faint|p1a: Gliscor
|
|-damage|p2a: Ursaluna|31/100 brn|[from] brn
|upkeep
|
|t:|1779691206
|switch|p1a: Grimmsnarl|Grimmsnarl, M|100/100
|turn|13
|
|t:|1779691221
|-terastallize|p2a: Ursaluna|Ghost
|move|p1a: Grimmsnarl|Fake Out|p2a: Ursaluna
|-immune|p2a: Ursaluna
|move|p2a: Ursaluna|Facade|p1a: Grimmsnarl
|-damage|p1a: Grimmsnarl|0 fnt
|faint|p1a: Grimmsnarl
|
|-damage|p2a: Ursaluna|24/100 brn|[from] brn
|upkeep
|
|t:|1779691228
|switch|p1a: Darkrai|Darkrai|100/100
|turn|14
|
|t:|1779691237
|switch|p2a: Toxapex|Toxapex, M|100/100
|move|p1a: Darkrai|Dark Pulse|p2a: Toxapex
|-damage|p2a: Toxapex|64/100
|
|-heal|p2a: Toxapex|70/100|[from] item: Black Sludge
|upkeep
|turn|15
|
|t:|1779691245
|switch|p1a: Okidogi|Okidogi, M|100/100
|move|p2a: Toxapex|Toxic|p1a: Okidogi
|-immune|p1a: Okidogi
|
|-heal|p2a: Toxapex|76/100|[from] item: Black Sludge
|upkeep
|turn|16
|
|t:|1779691257
|move|p2a: Toxapex|Baneful Bunker|p2a: Toxapex
|-singleturn|p2a: Toxapex|move: Protect
|move|p1a: Okidogi|Bulk Up|p1a: Okidogi
|-boost|p1a: Okidogi|atk|1
|-boost|p1a: Okidogi|def|1
|
|-heal|p2a: Toxapex|83/100|[from] item: Black Sludge
|upkeep
|turn|17
|
|t:|1779691268
|switch|p2a: Slowbro|Slowbro, M|100/100 par
|move|p1a: Okidogi|Knock Off|p2a: Slowbro
|-supereffective|p2a: Slowbro
|-damage|p2a: Slowbro|24/100 par
|-enditem|p2a: Slowbro|Leftovers|[from] move: Knock Off|[of] p1a: Okidogi
|
|upkeep
|turn|18
|l|☆Hunter Rome
|inactive|Hunter Rome disconnected and has a minute to reconnect!
|player|p1|
|j|☆Hunter Rome
|inactive|Hunter Rome reconnected and has 125 seconds left.
|player|p1|Hunter Rome|gentleman-gen4|
|inactive|Hunter Rome has 120 seconds left.
|
|t:|1779691299
|move|p1a: Okidogi|Drain Punch|p2a: Slowbro
|-resisted|p2a: Slowbro
|-damage|p2a: Slowbro|1/100 par
|move|p2a: Slowbro|Trick Room|p2a: Slowbro
|-fieldstart|move: Trick Room|[of] p2a: Slowbro
|
|upkeep
|turn|19
|
|t:|1779691307
|move|p2a: Slowbro|Psychic Noise|p1a: Okidogi
|-supereffective|p1a: Okidogi
|-damage|p1a: Okidogi|0 fnt
|faint|p1a: Okidogi
|
|upkeep
|-message|Hunter Rome forfeited.
|
|win|Pedroelentrenador
|raw|Hunter Rome's rating: 1120 &rarr; <strong>1099</strong><br />(-21 for losing)
|raw|Pedroelentrenador's rating: 1169 &rarr; <strong>1190</strong><br />(+21 for winning)
|l|☆Hunter Rome
|player|p1|
|l|☆Pedroelentrenador
|player|p2|
