|j|☆zmqz
|j|☆immaterial-light
|t:|1779599219
|gametype|singles
|player|p1|zmqz|preschooler|1337
|player|p2|immaterial-light|170|1376
|gen|9
|tier|[Gen 9] OU
|rated|
|rule|HP Percentage Mod: HP is shown in percentages
|rule|Endless Battle Clause: Forcing endless battles is banned
|rule|Species Clause: Limit one of each Pokémon
|rule|OHKO Clause: OHKO moves are banned
|rule|Evasion Items Clause: Evasion items are banned
|rule|Evasion Moves Clause: Evasion moves are banned
|rule|Evasion Abilities Clause: Evasion abilities are banned
|rule|Sleep Moves Clause: Sleep-inducing moves are banned
|clearpoke
|poke|p1|Great Tusk|
|poke|p1|Ogerpon-Cornerstone, F|
|poke|p1|Kyurem|
|poke|p1|Iron Moth|
|poke|p1|Pecharunt|
|poke|p1|Vikavolt, F|
|poke|p2|Cresselia, F|
|poke|p2|Hatterene, F|
|poke|p2|Iron Hands|
|poke|p2|Ursaluna, M|
|poke|p2|Vikavolt, F|
|poke|p2|Porygon2|
|teampreview
|inactive|Battle timer is ON: inactive players will automatically lose when time's up. (requested by immaterial-light)
|inactive|zmqz has 120 seconds left.
|
|t:|1779599275
|teamsize|p1|6
|teamsize|p2|6
|start
|switch|p1a: Pecharunt|Pecharunt|100/100
|switch|p2a: Porygon2|Porygon2|100/100
|-ability|p2a: Porygon2|Download|boost
|-boost|p2a: Porygon2|spa|1
|turn|1
|
|t:|1779599282
|move|p1a: Pecharunt|Malignant Chain|p2a: Porygon2
|-damage|p2a: Porygon2|79/100
|-status|p2a: Porygon2|tox
|-start|p2a: Porygon2|confusion|[from] ability: Poison Puppeteer|[of] p1a: Pecharunt
|-activate|p2a: Porygon2|confusion
|-damage|p2a: Porygon2|72/100 tox|[from] confusion
|
|-damage|p2a: Porygon2|66/100 tox|[from] psn
|upkeep
|turn|2
|
|t:|1779599291
|move|p1a: Pecharunt|Parting Shot|p2a: Porygon2
|-unboost|p2a: Porygon2|atk|1
|-unboost|p2a: Porygon2|spa|1
|
|t:|1779599314
|switch|p1a: Kyurem|Kyurem|100/100|[from] Parting Shot
|-ability|p1a: Kyurem|Pressure
|-activate|p2a: Porygon2|confusion
|-damage|p2a: Porygon2|62/100 tox|[from] confusion
|
|-damage|p2a: Porygon2|50/100 tox|[from] psn
|upkeep
|turn|3
|
|t:|1779599324
|move|p1a: Kyurem|Ice Beam|p2a: Porygon2
|-damage|p2a: Porygon2|17/100 tox
|-activate|p2a: Porygon2|confusion
|-damage|p2a: Porygon2|13/100 tox|[from] confusion
|
|-damage|p2a: Porygon2|0 fnt|[from] psn
|faint|p2a: Porygon2
|upkeep
|
|t:|1779599332
|switch|p2a: Hatterene|Hatterene, F|100/100
|turn|4
|
|t:|1779599343
|switch|p1a: Vikavolt|Vikavolt, F|100/100
|move|p2a: Hatterene|Trick Room|p2a: Hatterene
|-fieldstart|move: Trick Room|[of] p2a: Hatterene
|
|upkeep
|turn|5
|
|t:|1779599359
|move|p2a: Hatterene|Psychic Noise|p1a: Vikavolt
|-damage|p1a: Vikavolt|49/100
|-start|p1a: Vikavolt|move: Heal Block
|move|p1a: Vikavolt|Bug Buzz|p2a: Hatterene
|-damage|p2a: Hatterene|42/100
|
|upkeep
|turn|6
|
|t:|1779599379
|move|p2a: Hatterene|Psychic Noise|p1a: Vikavolt
|-damage|p1a: Vikavolt|0 fnt
|faint|p1a: Vikavolt
|
|upkeep
|
|t:|1779599388
|switch|p1a: Pecharunt|Pecharunt|100/100
|turn|7
|inactive|zmqz has 120 seconds left.
|
|t:|1779599421
|switch|p1a: Kyurem|Kyurem|100/100
|-ability|p1a: Kyurem|Pressure
|move|p2a: Hatterene|Psychic Noise|p1a: Kyurem
|-damage|p1a: Kyurem|74/100
|-start|p1a: Kyurem|move: Heal Block
|
|upkeep
|turn|8
|inactive|zmqz has 120 seconds left.
|
|t:|1779599446
|switch|p1a: Pecharunt|Pecharunt|100/100
|move|p2a: Hatterene|Dazzling Gleam|p1a: Pecharunt
|-resisted|p1a: Pecharunt
|-damage|p1a: Pecharunt|78/100
|
|-heal|p1a: Pecharunt|84/100|[from] item: Leftovers
|-fieldend|move: Trick Room
|upkeep
|turn|9
|
|t:|1779599459
|-terastallize|p2a: Hatterene|Steel
|move|p1a: Pecharunt|Malignant Chain|p2a: Hatterene
|-immune|p2a: Hatterene
|move|p2a: Hatterene|Trick Room|p2a: Hatterene
|-fieldstart|move: Trick Room|[of] p2a: Hatterene
|
|-heal|p1a: Pecharunt|90/100|[from] item: Leftovers
|upkeep
|turn|10
|
|t:|1779599479
|switch|p1a: Kyurem|Kyurem|74/100
|-ability|p1a: Kyurem|Pressure
|move|p2a: Hatterene|Psychic Noise|p1a: Kyurem
|-damage|p1a: Kyurem|50/100
|-start|p1a: Kyurem|move: Heal Block
|
|upkeep
|turn|11
|l|☆immaterial-light
|inactive|immaterial-light disconnected and has a minute to reconnect!
|player|p2|
|inactive|immaterial-light has 30 seconds to reconnect!
|j|☆immaterial-light
|inactive|immaterial-light reconnected and has 120 seconds left.
|player|p2|immaterial-light|170|
|
|t:|1779599515
|move|p2a: Hatterene|Dazzling Gleam|p1a: Kyurem
|-supereffective|p1a: Kyurem
|-damage|p1a: Kyurem|0 fnt
|faint|p1a: Kyurem
|
|upkeep
|
|t:|1779599537
|switch|p1a: Iron Moth|Iron Moth|100/100
|-enditem|p1a: Iron Moth|Booster Energy
|-activate|p1a: Iron Moth|ability: Quark Drive|[fromitem]
|-start|p1a: Iron Moth|quarkdrivespa
|turn|12
|
|t:|1779599545
|-terastallize|p1a: Iron Moth|Grass
|move|p2a: Hatterene|Psychic Noise|p1a: Iron Moth
|-damage|p1a: Iron Moth|52/100
|-start|p1a: Iron Moth|move: Heal Block
|move|p1a: Iron Moth|Fiery Dance|p2a: Hatterene
|-supereffective|p2a: Hatterene
|-damage|p2a: Hatterene|0 fnt
|-boost|p1a: Iron Moth|spa|1
|faint|p2a: Hatterene
|
|upkeep
|
|t:|1779599552
|switch|p2a: Vikavolt|Vikavolt, F|100/100
|turn|13
|
|t:|1779599568
|-end|p1a: Iron Moth|Quark Drive|[silent]
|switch|p1a: Pecharunt|Pecharunt|90/100
|move|p2a: Vikavolt|Bug Buzz|p1a: Pecharunt
|-resisted|p1a: Pecharunt
|-damage|p1a: Pecharunt|68/100
|
|-heal|p1a: Pecharunt|74/100|[from] item: Leftovers
|-fieldend|move: Trick Room
|upkeep
|turn|14
|
|t:|1779599585
|switch|p2a: Cresselia|Cresselia, F|100/100
|move|p1a: Pecharunt|Parting Shot|p2a: Cresselia
|-unboost|p2a: Cresselia|atk|1
|-unboost|p2a: Cresselia|spa|1
|inactive|zmqz has 90 seconds left.
|
|t:|1779599597
|switch|p1a: Ogerpon|Ogerpon-Cornerstone, F|100/100|[from] Parting Shot
|
|upkeep
|turn|15
|
|t:|1779599606
|move|p1a: Ogerpon|Ivy Cudgel|p2a: Cresselia|[anim] Ivy Cudgel Rock
|-damage|p2a: Cresselia|67/100
|move|p2a: Cresselia|Trick Room|p2a: Cresselia
|-fieldstart|move: Trick Room|[of] p2a: Cresselia
|
|upkeep
|turn|16
|
|t:|1779599619
|move|p2a: Cresselia|Ice Beam|p1a: Ogerpon
|-supereffective|p1a: Ogerpon
|-crit|p1a: Ogerpon
|-damage|p1a: Ogerpon|42/100
|move|p1a: Ogerpon|Ivy Cudgel|p2a: Cresselia|[anim] Ivy Cudgel Rock
|-damage|p2a: Cresselia|37/100
|
|upkeep
|turn|17
|
|t:|1779599627
|switch|p2a: Ursaluna|Ursaluna, M|100/100
|move|p1a: Ogerpon|Horn Leech|p2a: Ursaluna
|-supereffective|p2a: Ursaluna
|-damage|p2a: Ursaluna|42/100
|-heal|p1a: Ogerpon|87/100|[from] drain|[of] p2a: Ursaluna
|
|-status|p2a: Ursaluna|brn|[from] item: Flame Orb
|upkeep
|turn|18
|
|t:|1779599637
|switch|p1a: Pecharunt|Pecharunt|74/100
|move|p2a: Ursaluna|Headlong Rush|p1a: Pecharunt
|-supereffective|p1a: Pecharunt
|-crit|p1a: Pecharunt
|-damage|p1a: Pecharunt|0 fnt
|-unboost|p2a: Ursaluna|def|1
|-unboost|p2a: Ursaluna|spd|1
|faint|p1a: Pecharunt
|
|-damage|p2a: Ursaluna|36/100 brn|[from] brn
|upkeep
|
|t:|1779599656
|switch|p1a: Great Tusk|Great Tusk|100/100
|turn|19
|inactive|zmqz has 90 seconds left.
|
|t:|1779599675
|switch|p2a: Vikavolt|Vikavolt, F|100/100
|move|p1a: Great Tusk|Rapid Spin|p2a: Vikavolt
|-damage|p2a: Vikavolt|83/100
|-boost|p1a: Great Tusk|spe|1
|
|-fieldend|move: Trick Room
|upkeep
|turn|20
|inactive|zmqz has 90 seconds left.
|
|t:|1779599713
|move|p1a: Great Tusk|Ice Spinner|p2a: Vikavolt
|-damage|p2a: Vikavolt|54/100
|move|p2a: Vikavolt|Energy Ball|p1a: Great Tusk
|-supereffective|p1a: Great Tusk
|-damage|p1a: Great Tusk|0 fnt
|faint|p1a: Great Tusk
|-end|p1a: Great Tusk|Protosynthesis|[silent]
|
|upkeep
|
|t:|1779599722
|switch|p1a: Ogerpon|Ogerpon-Cornerstone, F|87/100
|turn|21
|
|t:|1779599730
|switch|p2a: Iron Hands|Iron Hands|100/100
|-enditem|p2a: Iron Hands|Booster Energy
|-activate|p2a: Iron Hands|ability: Quark Drive|[fromitem]
|-start|p2a: Iron Hands|quarkdriveatk
|move|p1a: Ogerpon|Swords Dance|p1a: Ogerpon
|-boost|p1a: Ogerpon|atk|2
|
|upkeep
|turn|22
|
|t:|1779599743
|move|p1a: Ogerpon|Horn Leech|p2a: Iron Hands
|-damage|p2a: Iron Hands|45/100
|-heal|p1a: Ogerpon|100/100|[from] drain|[of] p2a: Iron Hands
|move|p2a: Iron Hands|Drain Punch|p1a: Ogerpon
|-supereffective|p1a: Ogerpon
|-ability|p1a: Ogerpon|Sturdy
|-damage|p1a: Ogerpon|1/100
|-heal|p2a: Iron Hands|75/100|[from] drain|[of] p1a: Ogerpon
|
|upkeep
|turn|23
|
|t:|1779599758
|move|p1a: Ogerpon|Horn Leech|p2a: Iron Hands
|-damage|p2a: Iron Hands|16/100
|-heal|p1a: Ogerpon|51/100|[from] drain|[of] p2a: Iron Hands
|move|p2a: Iron Hands|Drain Punch|p1a: Ogerpon
|-supereffective|p1a: Ogerpon
|-damage|p1a: Ogerpon|0 fnt
|-heal|p2a: Iron Hands|31/100|[from] drain|[of] p1a: Ogerpon
|faint|p1a: Ogerpon
|
|upkeep
|
|t:|1779599762
|switch|p1a: Iron Moth|Iron Moth, tera:Grass|52/100
|turn|24
|
|t:|1779599767
|move|p1a: Iron Moth|Fiery Dance|p2a: Iron Hands
|-damage|p2a: Iron Hands|0 fnt
|-boost|p1a: Iron Moth|spa|1
|faint|p2a: Iron Hands
|-end|p2a: Iron Hands|Quark Drive|[silent]
|
|upkeep
|
|t:|1779599781
|switch|p2a: Cresselia|Cresselia, F|37/100
|turn|25
|inactive|zmqz has 90 seconds left.
|
|t:|1779599791
|move|p1a: Iron Moth|Sludge Wave|p2a: Cresselia
|-damage|p2a: Cresselia|0 fnt
|faint|p2a: Cresselia
|
|upkeep
|
|t:|1779599796
|switch|p2a: Ursaluna|Ursaluna, M|36/100 brn
|turn|26
|
|t:|1779599804
|move|p1a: Iron Moth|Energy Ball|p2a: Ursaluna
|-supereffective|p2a: Ursaluna
|-damage|p2a: Ursaluna|0 fnt
|faint|p2a: Ursaluna
|
|upkeep
|-message|immaterial-light forfeited.
|
|win|zmqz
|raw|zmqz's rating: 1337 &rarr; <strong>1359</strong><br />(+22 for winning)
|raw|immaterial-light's rating: 1376 &rarr; <strong>1354</strong><br />(-22 for losing)
|l|☆immaterial-light
|player|p2|
|l|☆zmqz
|player|p1|
