|j|☆linosRed
|j|☆Scizorag
|t:|1779596463
|gametype|singles
|player|p1|linosRed|flannery|1391
|player|p2|Scizorag|1|1413
|gen|9
|tier|[Gen 9] OU
|rated|
|rule|HP Percentage Mod: HP is shown in percentages
|rule|Endless Battle Clause: Forcing endless battles is banned
|rule|Species Clause: Limit one of each Pokémon
|rule|OHKO Clause: OHKO moves are banned
|rule|Evasion Items Clause: Evasion items are banned
|rule|Evasion Moves Clause: Evasion moves are banned
|rule|Evasion Abilities Clause: Evasion abilities are banned
|rule|Sleep Moves Clause: Sleep-inducing moves are banned
|clearpoke
|poke|p1|Great Tusk|
|poke|p1|Walking Wake|
|poke|p1|Kingambit, F|
|poke|p1|Venusaur, M|
|poke|p1|Ninetales, F|
|poke|p1|Raging Bolt|
|poke|p2|Scizor, F|
|poke|p2|Primarina, F|
|poke|p2|Ting-Lu|
|poke|p2|Tornadus-Therian, M|
|poke|p2|Dragapult, M|
|poke|p2|Cinderace, F|
|teampreview
|
|t:|1779596486
|teamsize|p1|6
|teamsize|p2|6
|start
|switch|p1a: Ninetales|Ninetales, F|100/100
|switch|p2a: Dragapult|Dragapult, M|100/100
|-weather|SunnyDay|[from] ability: Drought|[of] p1a: Ninetales
|turn|1
|
|t:|1779596525
|switch|p1a: Kingambit|Kingambit, F|100/100
|-item|p1a: Kingambit|Air Balloon
|move|p2a: Dragapult|Draco Meteor|p1a: Kingambit
|-resisted|p1a: Kingambit
|-damage|p1a: Kingambit|54/100
|-unboost|p2a: Dragapult|spa|2
|-enditem|p1a: Kingambit|Air Balloon
|
|-weather|SunnyDay|[upkeep]
|upkeep
|turn|2
|j| Brazilian Boys
|
|t:|1779596542
|switch|p2a: Scizor|Scizor, F|100/100
|move|p1a: Kingambit|Swords Dance|p1a: Kingambit
|-boost|p1a: Kingambit|atk|2
|
|-weather|SunnyDay|[upkeep]
|upkeep
|turn|3
|
|t:|1779596550
|move|p2a: Scizor|Close Combat|p1a: Kingambit
|-supereffective|p1a: Kingambit
|-damage|p1a: Kingambit|0 fnt
|-unboost|p2a: Scizor|def|1
|-unboost|p2a: Scizor|spd|1
|faint|p1a: Kingambit
|-end|p1a: Kingambit|fallenundefined|[silent]
|
|-weather|SunnyDay|[upkeep]
|upkeep
|c| Brazilian Boys|Wow
|
|t:|1779596570
|switch|p1a: Venusaur|Venusaur, M|100/100
|turn|4
|
|t:|1779596606
|switch|p2a: Primarina|Primarina, F|100/100
|-terastallize|p1a: Venusaur|Fire
|move|p1a: Venusaur|Growth|p1a: Venusaur
|-boost|p1a: Venusaur|atk|2
|-boost|p1a: Venusaur|spa|2
|
|-weather|SunnyDay|[upkeep]
|upkeep
|turn|5
|c| Brazilian Boys|Tera dele
|
|t:|1779596622
|move|p1a: Venusaur|Giga Drain|p2a: Primarina
|-supereffective|p2a: Primarina
|-damage|p2a: Primarina|0 fnt
|faint|p2a: Primarina
|-damage|p1a: Venusaur|91/100|[from] item: Life Orb
|
|-weather|SunnyDay|[upkeep]
|upkeep
|
|t:|1779596628
|switch|p2a: Scizor|Scizor, F|100/100
|turn|6
|
|t:|1779596640
|switch|p2a: Cinderace|Cinderace, F|100/100
|move|p1a: Venusaur|Weather Ball|p2a: Cinderace
|-resisted|p2a: Cinderace
|-damage|p2a: Cinderace|0 fnt
|faint|p2a: Cinderace
|-damage|p1a: Venusaur|81/100|[from] item: Life Orb
|
|-weather|SunnyDay|[upkeep]
|upkeep
|
|t:|1779596646
|switch|p2a: Ting-Lu|Ting-Lu|100/100
|-ability|p2a: Ting-Lu|Vessel of Ruin
|turn|7
|
|t:|1779596651
|move|p1a: Venusaur|Giga Drain|p2a: Ting-Lu
|-supereffective|p2a: Ting-Lu
|-damage|p2a: Ting-Lu|35/100
|-heal|p1a: Venusaur|100/100|[from] drain|[of] p2a: Ting-Lu
|-damage|p1a: Venusaur|91/100|[from] item: Life Orb
|move|p2a: Ting-Lu|Earthquake|p1a: Venusaur
|-supereffective|p1a: Venusaur
|-damage|p1a: Venusaur|0 fnt
|faint|p1a: Venusaur
|
|-weather|SunnyDay|[upkeep]
|-heal|p2a: Ting-Lu|42/100|[from] item: Leftovers
|upkeep
|inactive|Battle timer is ON: inactive players will automatically lose when time's up. (requested by Scizorag)
|
|t:|1779596670
|switch|p1a: Raging Bolt|Raging Bolt|100/100
|-item|p1a: Raging Bolt|Air Balloon
|-activate|p1a: Raging Bolt|ability: Protosynthesis
|-start|p1a: Raging Bolt|protosynthesisspa
|turn|8
|
|t:|1779596681
|move|p1a: Raging Bolt|Calm Mind|p1a: Raging Bolt
|-boost|p1a: Raging Bolt|spa|1
|-boost|p1a: Raging Bolt|spd|1
|move|p2a: Ting-Lu|Ruination|p1a: Raging Bolt
|-damage|p1a: Raging Bolt|50/100
|-enditem|p1a: Raging Bolt|Air Balloon
|
|-weather|none
|-end|p1a: Raging Bolt|Protosynthesis
|-heal|p2a: Ting-Lu|48/100|[from] item: Leftovers
|upkeep
|turn|9
|
|t:|1779596687
|move|p1a: Raging Bolt|Dragon Pulse|p2a: Ting-Lu
|-damage|p2a: Ting-Lu|18/100
|move|p2a: Ting-Lu|Whirlwind|p1a: Raging Bolt
|-end|p1a: Raging Bolt|Protosynthesis|[silent]
|drag|p1a: Walking Wake|Walking Wake|100/100
|
|-heal|p2a: Ting-Lu|24/100|[from] item: Leftovers
|upkeep
|turn|10
|
|t:|1779596694
|move|p1a: Walking Wake|Hydro Steam|p2a: Ting-Lu
|-supereffective|p2a: Ting-Lu
|-damage|p2a: Ting-Lu|0 fnt
|faint|p2a: Ting-Lu
|
|upkeep
|
|t:|1779596696
|switch|p2a: Dragapult|Dragapult, M|100/100
|turn|11
|
|t:|1779596701
|-end|p1a: Walking Wake|Protosynthesis|[silent]
|switch|p1a: Ninetales|Ninetales, F|100/100
|-weather|SunnyDay|[from] ability: Drought|[of] p1a: Ninetales
|move|p2a: Dragapult|Draco Meteor|p1a: Ninetales
|-damage|p1a: Ninetales|17/100
|-unboost|p2a: Dragapult|spa|2
|
|-weather|SunnyDay|[upkeep]
|upkeep
|turn|12
|
|t:|1779596706
|move|p2a: Dragapult|Draco Meteor|p1a: Ninetales
|-damage|p1a: Ninetales|0 fnt
|-unboost|p2a: Dragapult|spa|2
|faint|p1a: Ninetales
|
|-weather|SunnyDay|[upkeep]
|upkeep
|
|t:|1779596711
|switch|p1a: Walking Wake|Walking Wake|100/100
|-activate|p1a: Walking Wake|ability: Protosynthesis
|-start|p1a: Walking Wake|protosynthesisspe
|turn|13
|
|t:|1779596723
|switch|p2a: Scizor|Scizor, F|100/100
|move|p1a: Walking Wake|Flamethrower|p2a: Scizor
|-supereffective|p2a: Scizor
|-damage|p2a: Scizor|0 fnt
|faint|p2a: Scizor
|
|-weather|SunnyDay|[upkeep]
|upkeep
|
|t:|1779596727
|switch|p2a: Dragapult|Dragapult, M|100/100
|turn|14
|
|t:|1779596730
|-terastallize|p2a: Dragapult|Ghost
|move|p1a: Walking Wake|Draco Meteor|p2a: Dragapult|[miss]
|-miss|p1a: Walking Wake|p2a: Dragapult
|move|p2a: Dragapult|Draco Meteor|p1a: Walking Wake|[miss]
|-miss|p2a: Dragapult|p1a: Walking Wake
|
|-weather|SunnyDay|[upkeep]
|upkeep
|turn|15
|l| Brazilian Boys
|
|t:|1779596737
|move|p1a: Walking Wake|Draco Meteor|p2a: Dragapult
|-damage|p2a: Dragapult|6/100
|-unboost|p1a: Walking Wake|spa|2
|move|p2a: Dragapult|Draco Meteor|p1a: Walking Wake|[miss]
|-miss|p2a: Dragapult|p1a: Walking Wake
|
|-weather|SunnyDay|[upkeep]
|upkeep
|turn|16
|c|☆Scizorag|come on
|
|t:|1779596749
|move|p1a: Walking Wake|Hydro Steam|p2a: Dragapult
|-damage|p2a: Dragapult|0 fnt
|faint|p2a: Dragapult
|
|-weather|SunnyDay|[upkeep]
|upkeep
|
|t:|1779596753
|switch|p2a: Tornadus|Tornadus-Therian, M|100/100
|turn|17
|
|t:|1779596765
|move|p1a: Walking Wake|Hydro Steam|p2a: Tornadus
|-damage|p2a: Tornadus|65/100
|move|p2a: Tornadus|Bleakwind Storm|p1a: Walking Wake
|-damage|p1a: Walking Wake|55/100
|
|-weather|SunnyDay|[upkeep]
|upkeep
|turn|18
|
|t:|1779596769
|move|p1a: Walking Wake|Draco Meteor|p2a: Tornadus
|-damage|p2a: Tornadus|27/100
|-unboost|p1a: Walking Wake|spa|2
|move|p2a: Tornadus|Bleakwind Storm|p1a: Walking Wake
|-damage|p1a: Walking Wake|10/100
|
|-weather|none
|-end|p1a: Walking Wake|Protosynthesis
|upkeep
|turn|19
|
|t:|1779596773
|move|p2a: Tornadus|Bleakwind Storm|p1a: Walking Wake
|-damage|p1a: Walking Wake|0 fnt
|faint|p1a: Walking Wake
|-end|p1a: Walking Wake|Protosynthesis|[silent]
|
|upkeep
|
|t:|1779596775
|switch|p1a: Raging Bolt|Raging Bolt|50/100
|turn|20
|
|t:|1779596779
|move|p1a: Raging Bolt|Thunderclap|p2a: Tornadus
|-supereffective|p2a: Tornadus
|-damage|p2a: Tornadus|0 fnt
|faint|p2a: Tornadus
|
|win|linosRed
|raw|linosRed's rating: 1412 &rarr; <strong>1432</strong><br />(+20 for winning)
|raw|Scizorag's rating: 1413 &rarr; <strong>1393</strong><br />(-20 for losing)
|l|☆linosRed
|player|p1|
|l|☆Scizorag
|player|p2|
