|j|☆gaaadiel
|j|☆FairyManiac0108
|t:|1779598698
|gametype|singles
|player|p1|gaaadiel|hilbert|1320
|player|p2|FairyManiac0108|aromalady|1376
|gen|9
|tier|[Gen 9] OU
|rated|
|rule|HP Percentage Mod: HP is shown in percentages
|rule|Endless Battle Clause: Forcing endless battles is banned
|rule|Species Clause: Limit one of each Pokémon
|rule|OHKO Clause: OHKO moves are banned
|rule|Evasion Items Clause: Evasion items are banned
|rule|Evasion Moves Clause: Evasion moves are banned
|rule|Evasion Abilities Clause: Evasion abilities are banned
|rule|Sleep Moves Clause: Sleep-inducing moves are banned
|clearpoke
|poke|p1|Slither Wing|
|poke|p1|Slowking-Galar, F|
|poke|p1|Meowscarada, M|
|poke|p1|Torkoal, F|
|poke|p1|Darkrai|
|poke|p1|Landorus-Therian, M|
|poke|p2|Weezing-Galar, F|
|poke|p2|Vileplume, M|
|poke|p2|Seviper, L1, F|
|poke|p2|Glimmora, M|
|poke|p2|Gengar, M|
|poke|p2|Muk-Alola, F|
|teampreview
|inactive|Battle timer is ON: inactive players will automatically lose when time's up. (requested by gaaadiel)
|
|t:|1779598710
|teamsize|p1|6
|teamsize|p2|6
|start
|switch|p1a: Torkoal|Torkoal, F|100/100
|switch|p2a: Gengar|Gengar, M|100/100
|-weather|SunnyDay|[from] ability: Drought|[of] p1a: Torkoal
|turn|1
|inactive|FairyManiac0108 has 120 seconds left.
|
|t:|1779598745
|move|p2a: Gengar|Sludge Wave|p1a: Torkoal
|-damage|p1a: Torkoal|54/100
|move|p1a: Torkoal|Stealth Rock|p2a: Gengar
|-sidestart|p2: FairyManiac0108|move: Stealth Rock
|
|-weather|SunnyDay|[upkeep]
|upkeep
|turn|2
|
|t:|1779598757
|switch|p1a: Slowking|Slowking-Galar, F|100/100
|move|p2a: Gengar|Sludge Wave|p1a: Slowking
|-resisted|p1a: Slowking
|-damage|p1a: Slowking|87/100
|
|-weather|SunnyDay|[upkeep]
|upkeep
|turn|3
|
|t:|1779598768
|switch|p2a: Glimmora|Glimmora, M|100/100
|-damage|p2a: Glimmora|88/100|[from] Stealth Rock
|-item|p2a: Glimmora|Air Balloon
|move|p1a: Slowking|Flamethrower|p2a: Glimmora
|-resisted|p2a: Glimmora
|-damage|p2a: Glimmora|61/100
|-enditem|p2a: Glimmora|Air Balloon
|
|-weather|SunnyDay|[upkeep]
|upkeep
|turn|4
|
|t:|1779598791
|move|p2a: Glimmora|Mortal Spin|p1a: Slowking
|-resisted|p1a: Slowking
|-damage|p1a: Slowking|85/100
|-sideend|p2: FairyManiac0108|Stealth Rock|[from] move: Mortal Spin|[of] p2a: Glimmora
|move|p1a: Slowking|Psyshock|p2a: Glimmora
|-supereffective|p2a: Glimmora
|-damage|p2a: Glimmora|0 fnt
|faint|p2a: Glimmora
|
|-weather|SunnyDay|[upkeep]
|upkeep
|
|t:|1779598794
|switch|p2a: Muk|Muk-Alola, F|100/100
|turn|5
|
|t:|1779598804
|switch|p1a: Landorus|Landorus-Therian, M|100/100
|-ability|p1a: Landorus|Intimidate|boost
|-unboost|p2a: Muk|atk|1
|move|p2a: Muk|Knock Off|p1a: Landorus
|-crit|p1a: Landorus
|-damage|p1a: Landorus|31/100
|-damage|p2a: Muk|84/100|[from] item: Rocky Helmet|[of] p1a: Landorus
|-enditem|p1a: Landorus|Rocky Helmet|[from] move: Knock Off|[of] p2a: Muk
|
|-weather|none
|upkeep
|turn|6
|
|t:|1779598824
|switch|p2a: Weezing|Weezing-Galar, F|100/100
|move|p1a: Landorus|Earthquake|p2a: Weezing
|-immune|p2a: Weezing|[from] ability: Levitate
|
|upkeep
|turn|7
|
|t:|1779598836
|switch|p1a: Slowking|Slowking-Galar, F|100/100
|move|p2a: Weezing|Will-O-Wisp|p1a: Slowking
|-status|p1a: Slowking|brn
|
|-damage|p1a: Slowking|94/100 brn|[from] brn
|upkeep
|turn|8
|
|t:|1779598858
|switch|p2a: Muk|Muk-Alola, F|84/100
|move|p1a: Slowking|Sludge Bomb|p2a: Muk
|-resisted|p2a: Muk
|-damage|p2a: Muk|73/100
|
|-damage|p1a: Slowking|88/100 brn|[from] brn
|upkeep
|turn|9
|inactive|gaaadiel has 120 seconds left.
|inactive|gaaadiel has 90 seconds left.
|inactive|gaaadiel has 60 seconds left.
|
|t:|1779598952
|switch|p1a: Torkoal|Torkoal, F|54/100
|-weather|SunnyDay|[from] ability: Drought|[of] p1a: Torkoal
|move|p2a: Muk|Knock Off|p1a: Torkoal
|-damage|p1a: Torkoal|19/100
|-status|p1a: Torkoal|psn|[from] ability: Poison Touch|[of] p2a: Muk
|-enditem|p1a: Torkoal|Heavy-Duty Boots|[from] move: Knock Off|[of] p2a: Muk
|
|-weather|SunnyDay|[upkeep]
|-damage|p1a: Torkoal|7/100 psn|[from] psn
|upkeep
|turn|10
|
|t:|1779598962
|move|p2a: Muk|Shadow Sneak|p1a: Torkoal
|-damage|p1a: Torkoal|0 fnt
|faint|p1a: Torkoal
|
|-weather|SunnyDay|[upkeep]
|upkeep
|
|t:|1779598969
|switch|p1a: Slither Wing|Slither Wing|100/100
|-activate|p1a: Slither Wing|ability: Protosynthesis
|-start|p1a: Slither Wing|protosynthesisatk
|turn|11
|inactive|gaaadiel has 60 seconds left.
|
|t:|1779599006
|switch|p2a: Weezing|Weezing-Galar, F|100/100
|move|p1a: Slither Wing|U-turn|p2a: Weezing
|-resisted|p2a: Weezing
|-damage|p2a: Weezing|86/100
|-damage|p1a: Slither Wing|84/100|[from] item: Rocky Helmet|[of] p2a: Weezing
|inactive|gaaadiel has 30 seconds left.
|inactive|gaaadiel has 20 seconds left.
|
|t:|1779599033
|-end|p1a: Slither Wing|Protosynthesis|[silent]
|switch|p1a: Darkrai|Darkrai|100/100|[from] U-turn
|
|-weather|SunnyDay|[upkeep]
|upkeep
|turn|12
|inactive|gaaadiel has 30 seconds left this turn.
|inactive|gaaadiel has 20 seconds left.
|
|t:|1779599043
|switch|p2a: Muk|Muk-Alola, F|73/100
|move|p1a: Darkrai|Sludge Bomb|p2a: Muk
|-resisted|p2a: Muk
|-damage|p2a: Muk|64/100
|
|-weather|SunnyDay|[upkeep]
|upkeep
|turn|13
|inactive|gaaadiel has 30 seconds left this turn.
|
|t:|1779599048
|move|p1a: Darkrai|Will-O-Wisp|p2a: Muk
|-status|p2a: Muk|brn
|move|p2a: Muk|Drain Punch|p1a: Darkrai
|-supereffective|p1a: Darkrai
|-damage|p1a: Darkrai|68/100
|-heal|p2a: Muk|75/100 brn|[from] drain|[of] p1a: Darkrai
|
|-weather|none
|-damage|p2a: Muk|69/100 brn|[from] brn
|upkeep
|turn|14
|inactive|gaaadiel has 30 seconds left.
|
|t:|1779599058
|switch|p1a: Landorus|Landorus-Therian, M|31/100
|-ability|p1a: Landorus|Intimidate|boost
|-unboost|p2a: Muk|atk|1
|move|p2a: Muk|Knock Off|p1a: Landorus
|-damage|p1a: Landorus|20/100
|
|-damage|p2a: Muk|63/100 brn|[from] brn
|upkeep
|turn|15
|
|t:|1779599065
|switch|p2a: Weezing|Weezing-Galar, F|86/100
|move|p1a: Landorus|U-turn|p2a: Weezing
|-resisted|p2a: Weezing
|-damage|p2a: Weezing|82/100
|-damage|p1a: Landorus|4/100|[from] item: Rocky Helmet|[of] p2a: Weezing
|
|t:|1779599074
|switch|p1a: Meowscarada|Meowscarada, M|100/100|[from] U-turn
|
|upkeep
|turn|16
|
|t:|1779599077
|move|p1a: Meowscarada|Knock Off|p2a: Weezing
|-start|p1a: Meowscarada|typechange|Dark|[from] ability: Protean
|-resisted|p2a: Weezing
|-damage|p2a: Weezing|66/100
|-damage|p1a: Meowscarada|84/100|[from] item: Rocky Helmet|[of] p2a: Weezing
|-enditem|p2a: Weezing|Rocky Helmet|[from] move: Knock Off|[of] p1a: Meowscarada
|move|p2a: Weezing|Will-O-Wisp|p1a: Meowscarada
|-status|p1a: Meowscarada|brn
|
|-damage|p1a: Meowscarada|78/100 brn|[from] brn
|upkeep
|turn|17
|
|t:|1779599089
|switch|p1a: Slowking|Slowking-Galar, F|100/100 brn
|move|p2a: Weezing|Strange Steam|p1a: Slowking
|-resisted|p1a: Slowking
|-damage|p1a: Slowking|94/100 brn
|
|-damage|p1a: Slowking|88/100 brn|[from] brn
|upkeep
|turn|18
|
|t:|1779599101
|switch|p2a: Muk|Muk-Alola, F|63/100 brn
|switch|p1a: Meowscarada|Meowscarada, M|78/100 brn
|
|-damage|p1a: Meowscarada|72/100 brn|[from] brn
|-damage|p2a: Muk|57/100 brn|[from] brn
|upkeep
|turn|19
|
|t:|1779599119
|switch|p2a: Weezing|Weezing-Galar, F|66/100
|move|p1a: Meowscarada|U-turn|p2a: Weezing
|-start|p1a: Meowscarada|typechange|Bug|[from] ability: Protean
|-resisted|p2a: Weezing
|-damage|p2a: Weezing|63/100
|
|t:|1779599131
|switch|p1a: Darkrai|Darkrai|68/100|[from] U-turn
|
|upkeep
|turn|20
|
|t:|1779599140
|switch|p2a: Muk|Muk-Alola, F|57/100 brn
|-terastallize|p1a: Darkrai|Poison
|move|p1a: Darkrai|Sludge Bomb|p2a: Muk
|-resisted|p2a: Muk
|-damage|p2a: Muk|45/100 brn
|
|-damage|p2a: Muk|39/100 brn|[from] brn
|upkeep
|turn|21
|inactive|gaaadiel has 30 seconds left.
|
|t:|1779599161
|switch|p1a: Landorus|Landorus-Therian, M|4/100
|-ability|p1a: Landorus|Intimidate|boost
|-unboost|p2a: Muk|atk|1
|move|p2a: Muk|Knock Off|p1a: Landorus
|-damage|p1a: Landorus|0 fnt
|faint|p1a: Landorus
|
|-damage|p2a: Muk|33/100 brn|[from] brn
|upkeep
|inactive|gaaadiel has 30 seconds left.
|
|t:|1779599168
|switch|p1a: Slither Wing|Slither Wing|84/100
|turn|22
|inactive|gaaadiel has 30 seconds left.
|
|t:|1779599185
|switch|p2a: Weezing|Weezing-Galar, F|63/100
|move|p1a: Slither Wing|U-turn|p2a: Weezing
|-resisted|p2a: Weezing
|-damage|p2a: Weezing|52/100
|inactive|gaaadiel has 30 seconds left this turn.
|
|t:|1779599190
|-end|p1a: Slither Wing|Protosynthesis|[silent]
|switch|p1a: Slowking|Slowking-Galar, F|100/100 brn|[from] U-turn
|
|-damage|p1a: Slowking|94/100 brn|[from] brn
|upkeep
|turn|23
|inactive|gaaadiel has 30 seconds left.
|
|t:|1779599199
|switch|p2a: Muk|Muk-Alola, F|33/100 brn
|move|p1a: Slowking|Flamethrower|p2a: Muk
|-damage|p2a: Muk|16/100 brn
|
|-damage|p2a: Muk|10/100 brn|[from] brn
|-damage|p1a: Slowking|88/100 brn|[from] brn
|upkeep
|turn|24
|
|t:|1779599204
|move|p2a: Muk|Knock Off|p1a: Slowking
|-supereffective|p1a: Slowking
|-damage|p1a: Slowking|36/100 brn
|-enditem|p1a: Slowking|Assault Vest|[from] move: Knock Off|[of] p2a: Muk
|move|p1a: Slowking|Flamethrower|p2a: Muk
|-damage|p2a: Muk|0 fnt
|faint|p2a: Muk
|
|-damage|p1a: Slowking|30/100 brn|[from] brn
|upkeep
|
|t:|1779599210
|switch|p2a: Gengar|Gengar, M|100/100
|turn|25
|
|t:|1779599219
|switch|p1a: Darkrai|Darkrai, tera:Poison|68/100
|move|p2a: Gengar|Shadow Ball|p1a: Darkrai
|-damage|p1a: Darkrai|10/100
|
|upkeep
|turn|26
|
|t:|1779599224
|move|p2a: Gengar|Shadow Ball|p1a: Darkrai
|-damage|p1a: Darkrai|0 fnt
|faint|p1a: Darkrai
|
|upkeep
|
|t:|1779599233
|switch|p1a: Meowscarada|Meowscarada, M|72/100 brn
|turn|27
|
|t:|1779599237
|switch|p2a: Weezing|Weezing-Galar, F|52/100
|move|p1a: Meowscarada|Knock Off|p2a: Weezing
|-start|p1a: Meowscarada|typechange|Dark|[from] ability: Protean
|-resisted|p2a: Weezing
|-damage|p2a: Weezing|46/100
|
|-damage|p1a: Meowscarada|66/100 brn|[from] brn
|upkeep
|turn|28
|inactive|gaaadiel has 60 seconds left.
|
|t:|1779599249
|switch|p1a: Slowking|Slowking-Galar, F|63/100 brn
|move|p2a: Weezing|Strange Steam|p1a: Slowking
|-resisted|p1a: Slowking
|-crit|p1a: Slowking
|-damage|p1a: Slowking|47/100 brn
|-start|p1a: Slowking|confusion
|
|-damage|p1a: Slowking|41/100 brn|[from] brn
|upkeep
|turn|29
|
|t:|1779599254
|switch|p2a: Seviper|Seviper, L1, F|100/100
|-activate|p1a: Slowking|confusion
|-damage|p1a: Slowking|36/100 brn|[from] confusion
|
|-damage|p1a: Slowking|30/100 brn|[from] brn
|upkeep
|turn|30
|
|t:|1779599261
|-activate|p1a: Slowking|confusion
|move|p1a: Slowking|Psyshock|p2a: Seviper
|-supereffective|p2a: Seviper
|-enditem|p2a: Seviper|Focus Sash
|-damage|p2a: Seviper|9/100
|move|p2a: Seviper|Endeavor|p1a: Slowking
|-damage|p1a: Slowking|1/100 brn
|
|-damage|p1a: Slowking|0 fnt|[from] brn
|faint|p1a: Slowking
|upkeep
|
|t:|1779599267
|switch|p1a: Slither Wing|Slither Wing|84/100
|turn|31
|
|t:|1779599273
|move|p1a: Slither Wing|U-turn|p2a: Seviper
|-resisted|p2a: Seviper
|-damage|p2a: Seviper|0 fnt
|faint|p2a: Seviper
|
|t:|1779599276
|-end|p1a: Slither Wing|Protosynthesis|[silent]
|switch|p1a: Meowscarada|Meowscarada, M|66/100 brn|[from] U-turn
|
|-damage|p1a: Meowscarada|60/100 brn|[from] brn
|upkeep
|
|t:|1779599278
|switch|p2a: Weezing|Weezing-Galar, F|46/100
|turn|32
|inactive|gaaadiel has 90 seconds left.
|
|t:|1779599289
|move|p1a: Meowscarada|Triple Axel|p2a: Weezing
|-start|p1a: Meowscarada|typechange|Ice|[from] ability: Protean
|-damage|p2a: Weezing|43/100
|-damage|p2a: Weezing|36/100
|-damage|p2a: Weezing|26/100
|-hitcount|p2a: Weezing|3
|move|p2a: Weezing|Strange Steam|p1a: Meowscarada
|-damage|p1a: Meowscarada|17/100 brn
|
|-damage|p1a: Meowscarada|11/100 brn|[from] brn
|upkeep
|turn|33
|inactive|gaaadiel has 90 seconds left.
|
|t:|1779599305
|-terastallize|p2a: Weezing|Fire
|move|p1a: Meowscarada|Triple Axel|p2a: Weezing
|-resisted|p2a: Weezing
|-damage|p2a: Weezing|25/100
|-resisted|p2a: Weezing
|-damage|p2a: Weezing|21/100
|-resisted|p2a: Weezing
|-damage|p2a: Weezing|16/100
|-hitcount|p2a: Weezing|3
|move|p2a: Weezing|Flamethrower|p1a: Meowscarada
|-supereffective|p1a: Meowscarada
|-damage|p1a: Meowscarada|0 fnt
|faint|p1a: Meowscarada
|
|upkeep
|inactive|gaaadiel has 90 seconds left.
|-message|gaaadiel forfeited.
|
|win|FairyManiac0108
|raw|gaaadiel's rating: 1320 &rarr; <strong>1303</strong><br />(-17 for losing)
|raw|FairyManiac0108's rating: 1376 &rarr; <strong>1393</strong><br />(+17 for winning)
|l|☆gaaadiel
|player|p1|
|l|☆FairyManiac0108
|player|p2|
