|j|☆Liaoa
|j|☆healboy009
|t:|1779692933
|gametype|singles
|player|p1|Liaoa|bellelba|1468
|player|p2|healboy009|lucas|1455
|gen|9
|tier|[Gen 9] OU
|rated|
|rule|HP Percentage Mod: HP is shown in percentages
|rule|Endless Battle Clause: Forcing endless battles is banned
|rule|Species Clause: Limit one of each Pokémon
|rule|OHKO Clause: OHKO moves are banned
|rule|Evasion Items Clause: Evasion items are banned
|rule|Evasion Moves Clause: Evasion moves are banned
|rule|Evasion Abilities Clause: Evasion abilities are banned
|rule|Sleep Moves Clause: Sleep-inducing moves are banned
|clearpoke
|poke|p1|Kyurem|
|poke|p1|Corviknight, M|
|poke|p1|Zapdos|
|poke|p1|Garganacl, F|
|poke|p1|Alomomola, M|
|poke|p1|Primarina, M|
|poke|p2|Primarina, F|
|poke|p2|Corviknight, M|
|poke|p2|Rillaboom, M|
|poke|p2|Zamazenta-*|
|poke|p2|Clefable, M|
|poke|p2|Heatran, M|
|teampreview
|inactive|Battle timer is ON: inactive players will automatically lose when time's up. (requested by Liaoa)
|
|t:|1779692951
|teamsize|p1|6
|teamsize|p2|6
|start
|switch|p1a: Primarina|Primarina, M|100/100
|switch|p2a: Rillaboom|Rillaboom, M|100/100
|-fieldstart|move: Grassy Terrain|[from] ability: Grassy Surge|[of] p2a: Rillaboom
|turn|1
|
|t:|1779692956
|switch|p1a: Zapdos|Zapdos|100/100
|move|p2a: Rillaboom|Knock Off|p1a: Zapdos
|-damage|p1a: Zapdos|58/100
|-enditem|p1a: Zapdos|Heavy-Duty Boots|[from] move: Knock Off|[of] p2a: Rillaboom
|
|upkeep
|turn|2
|
|t:|1779692966
|switch|p2a: Heatran|Heatran, M|100/100
|move|p1a: Zapdos|Volt Switch|p2a: Heatran
|-damage|p2a: Heatran|81/100
|
|t:|1779692973
|switch|p1a: Primarina|Primarina, M|100/100|[from] Volt Switch
|
|-heal|p2a: Heatran|87/100|[from] Grassy Terrain
|-heal|p2a: Heatran|93/100|[from] item: Leftovers
|upkeep
|turn|3
|
|t:|1779692981
|move|p2a: Heatran|Protect|p2a: Heatran
|-singleturn|p2a: Heatran|Protect
|move|p1a: Primarina|Surf|p2a: Heatran
|-activate|p2a: Heatran|move: Protect
|
|-heal|p2a: Heatran|99/100|[from] Grassy Terrain
|-heal|p2a: Heatran|100/100|[from] item: Leftovers
|upkeep
|turn|4
|
|t:|1779692985
|switch|p2a: Primarina|Primarina, F|100/100
|move|p1a: Primarina|Surf|p2a: Primarina
|-resisted|p2a: Primarina
|-damage|p2a: Primarina|87/100
|
|-heal|p2a: Primarina|93/100|[from] Grassy Terrain
|upkeep
|turn|5
|
|t:|1779692993
|switch|p1a: Zapdos|Zapdos|58/100
|move|p2a: Primarina|Moonblast|p1a: Zapdos
|-damage|p1a: Zapdos|5/100
|
|-heal|p2a: Primarina|99/100|[from] Grassy Terrain
|-fieldend|move: Grassy Terrain
|upkeep
|turn|6
|
|t:|1779693003
|move|p1a: Zapdos|Volt Switch|p2a: Primarina
|-supereffective|p2a: Primarina
|-damage|p2a: Primarina|64/100
|
|t:|1779693008
|switch|p1a: Alomomola|Alomomola, M|100/100|[from] Volt Switch
|move|p2a: Primarina|Moonblast|p1a: Alomomola
|-damage|p1a: Alomomola|45/100
|-unboost|p1a: Alomomola|spa|1
|
|upkeep
|turn|7
|
|t:|1779693016
|move|p1a: Alomomola|Protect|p1a: Alomomola
|-singleturn|p1a: Alomomola|Protect
|move|p2a: Primarina|Moonblast|p1a: Alomomola
|-activate|p1a: Alomomola|move: Protect
|
|upkeep
|turn|8
|
|t:|1779693019
|move|p2a: Primarina|Moonblast|p1a: Alomomola
|-damage|p1a: Alomomola|0 fnt
|faint|p1a: Alomomola
|
|upkeep
|
|t:|1779693024
|switch|p1a: Garganacl|Garganacl, F|100/100
|turn|9
|
|t:|1779693033
|switch|p2a: Clefable|Clefable, M|100/100
|move|p1a: Garganacl|Stealth Rock|p2a: Clefable
|-sidestart|p2: healboy009|move: Stealth Rock
|
|upkeep
|turn|10
|
|t:|1779693038
|switch|p1a: Primarina|Primarina, M|100/100
|move|p2a: Clefable|Moonblast|p1a: Primarina
|-damage|p1a: Primarina|83/100
|-unboost|p1a: Primarina|spa|1
|
|upkeep
|turn|11
|
|t:|1779693045
|move|p1a: Primarina|Psychic Noise|p2a: Clefable
|-damage|p2a: Clefable|83/100
|-start|p2a: Clefable|move: Heal Block
|move|p2a: Clefable|Thunder Wave|p1a: Primarina
|-status|p1a: Primarina|par
|
|upkeep
|turn|12
|
|t:|1779693051
|switch|p1a: Zapdos|Zapdos|5/100
|move|p2a: Clefable|Moonblast|p1a: Zapdos
|-damage|p1a: Zapdos|0 fnt
|faint|p1a: Zapdos
|
|-end|p2a: Clefable|move: Heal Block
|upkeep
|
|t:|1779693055
|switch|p1a: Primarina|Primarina, M|83/100 par
|turn|13
|
|t:|1779693062
|move|p2a: Clefable|Protect|p2a: Clefable
|-singleturn|p2a: Clefable|Protect
|move|p1a: Primarina|Draining Kiss|p2a: Clefable
|-activate|p2a: Clefable|move: Protect
|
|-heal|p2a: Clefable|89/100|[from] item: Leftovers
|upkeep
|turn|14
|
|t:|1779693068
|move|p2a: Clefable|Moonblast|p1a: Primarina
|-damage|p1a: Primarina|66/100 par
|-unboost|p1a: Primarina|spa|1
|move|p1a: Primarina|Psychic Noise|p2a: Clefable
|-damage|p2a: Clefable|72/100
|-start|p2a: Clefable|move: Heal Block
|
|upkeep
|turn|15
|
|t:|1779693078
|move|p2a: Clefable|Moonblast|p1a: Primarina
|-damage|p1a: Primarina|49/100 par
|-unboost|p1a: Primarina|spa|1
|move|p1a: Primarina|Psychic Noise|p2a: Clefable
|-damage|p2a: Clefable|59/100
|
|-end|p2a: Clefable|move: Heal Block
|upkeep
|turn|16
|
|t:|1779693085
|switch|p1a: Corviknight|Corviknight, M|100/100
|-ability|p1a: Corviknight|Pressure
|move|p2a: Clefable|Moonblast|p1a: Corviknight
|-resisted|p1a: Corviknight
|-damage|p1a: Corviknight|87/100
|-unboost|p1a: Corviknight|spa|1
|
|-heal|p1a: Corviknight|93/100|[from] item: Leftovers
|-heal|p2a: Clefable|65/100|[from] item: Leftovers
|upkeep
|turn|17
|
|t:|1779693092
|move|p1a: Corviknight|U-turn|p2a: Clefable
|-resisted|p2a: Clefable
|-damage|p2a: Clefable|59/100
|
|t:|1779693093
|switch|p1a: Primarina|Primarina, M|49/100 par|[from] U-turn
|move|p2a: Clefable|Wish|p2a: Clefable
|
|-heal|p2a: Clefable|65/100|[from] item: Leftovers
|upkeep
|turn|18
|
|t:|1779693098
|switch|p1a: Corviknight|Corviknight, M|93/100
|-ability|p1a: Corviknight|Pressure
|move|p2a: Clefable|Protect||[still]
|-fail|p2a: Clefable
|
|-heal|p2a: Clefable|100/100|[from] move: Wish|[wisher] Clefable
|-heal|p1a: Corviknight|99/100|[from] item: Leftovers
|upkeep
|turn|19
|
|t:|1779693104
|move|p1a: Corviknight|Brave Bird|p2a: Clefable
|-damage|p2a: Clefable|71/100
|-damage|p1a: Corviknight|90/100|[from] Recoil
|move|p2a: Clefable|Moonblast|p1a: Corviknight
|-resisted|p1a: Corviknight
|-damage|p1a: Corviknight|77/100
|
|-heal|p1a: Corviknight|83/100|[from] item: Leftovers
|-heal|p2a: Clefable|77/100|[from] item: Leftovers
|upkeep
|turn|20
|
|t:|1779693107
|move|p1a: Corviknight|U-turn|p2a: Clefable
|-resisted|p2a: Clefable
|-damage|p2a: Clefable|72/100
|
|t:|1779693109
|switch|p1a: Primarina|Primarina, M|49/100 par|[from] U-turn
|move|p2a: Clefable|Thunder Wave|p1a: Primarina
|-fail|p1a: Primarina|par
|
|-heal|p2a: Clefable|78/100|[from] item: Leftovers
|upkeep
|turn|21
|
|t:|1779693113
|switch|p1a: Corviknight|Corviknight, M|83/100
|-ability|p1a: Corviknight|Pressure
|move|p2a: Clefable|Moonblast|p1a: Corviknight
|-resisted|p1a: Corviknight
|-damage|p1a: Corviknight|70/100
|-unboost|p1a: Corviknight|spa|1
|
|-heal|p1a: Corviknight|76/100|[from] item: Leftovers
|-heal|p2a: Clefable|84/100|[from] item: Leftovers
|upkeep
|turn|22
|
|t:|1779693119
|move|p1a: Corviknight|U-turn|p2a: Clefable
|-resisted|p2a: Clefable
|-damage|p2a: Clefable|78/100
|
|t:|1779693121
|switch|p1a: Primarina|Primarina, M|49/100 par|[from] U-turn
|move|p2a: Clefable|Thunder Wave|p1a: Primarina
|-fail|p1a: Primarina|par
|
|-heal|p2a: Clefable|84/100|[from] item: Leftovers
|upkeep
|turn|23
|
|t:|1779693124
|switch|p1a: Corviknight|Corviknight, M|76/100
|-ability|p1a: Corviknight|Pressure
|move|p2a: Clefable|Thunder Wave|p1a: Corviknight
|-status|p1a: Corviknight|par
|
|-heal|p2a: Clefable|90/100|[from] item: Leftovers
|-heal|p1a: Corviknight|82/100 par|[from] item: Leftovers
|upkeep
|turn|24
|c|☆healboy009|good boy
|
|t:|1779693133
|switch|p2a: Corviknight|Corviknight, M|100/100
|-ability|p2a: Corviknight|Pressure
|move|p1a: Corviknight|U-turn|p2a: Corviknight
|-resisted|p2a: Corviknight
|-damage|p2a: Corviknight|98/100
|
|t:|1779693140
|switch|p1a: Garganacl|Garganacl, F|100/100|[from] U-turn
|
|upkeep
|turn|25
|
|t:|1779693145
|move|p2a: Corviknight|U-turn|p1a: Garganacl
|-damage|p1a: Garganacl|93/100
|
|t:|1779693148
|switch|p2a: Clefable|Clefable, M|90/100|[from] U-turn
|move|p1a: Garganacl|Salt Cure|p2a: Clefable
|-damage|p2a: Clefable|79/100
|-start|p2a: Clefable|Salt Cure
|
|-heal|p2a: Clefable|85/100|[from] item: Leftovers
|-heal|p1a: Garganacl|99/100|[from] item: Leftovers
|upkeep
|turn|26
|
|t:|1779693155
|switch|p1a: Corviknight|Corviknight, M|82/100 par
|-ability|p1a: Corviknight|Pressure
|move|p2a: Clefable|Wish|p2a: Clefable
|
|-heal|p2a: Clefable|91/100|[from] item: Leftovers
|-heal|p1a: Corviknight|89/100 par|[from] item: Leftovers
|upkeep
|turn|27
|
|t:|1779693160
|switch|p2a: Primarina|Primarina, F|64/100
|-damage|p2a: Primarina|52/100|[from] Stealth Rock
|move|p1a: Corviknight|U-turn|p2a: Primarina
|-resisted|p2a: Primarina
|-damage|p2a: Primarina|43/100
|
|t:|1779693165
|switch|p1a: Garganacl|Garganacl, F|99/100|[from] U-turn
|
|-heal|p2a: Primarina|97/100|[from] move: Wish|[wisher] Clefable
|-heal|p1a: Garganacl|100/100|[from] item: Leftovers
|upkeep
|turn|28
|
|t:|1779693171
|move|p2a: Primarina|Surf|p1a: Garganacl
|-supereffective|p1a: Garganacl
|-damage|p1a: Garganacl|11/100
|move|p1a: Garganacl|Salt Cure|p2a: Primarina
|-damage|p2a: Primarina|81/100
|-start|p2a: Primarina|Salt Cure
|
|-heal|p1a: Garganacl|17/100|[from] item: Leftovers
|-damage|p2a: Primarina|56/100|[from] Salt Cure
|upkeep
|turn|29
|
|t:|1779693179
|switch|p1a: Primarina|Primarina, M|49/100 par
|move|p2a: Primarina|Draining Kiss|p1a: Primarina
|-damage|p1a: Primarina|33/100 par
|-heal|p2a: Primarina|68/100|[from] drain|[of] p1a: Primarina
|
|-damage|p2a: Primarina|43/100|[from] Salt Cure
|upkeep
|turn|30
|
|t:|1779693187
|switch|p2a: Clefable|Clefable, M|91/100
|move|p1a: Primarina|Draining Kiss|p2a: Clefable
|-damage|p2a: Clefable|64/100
|-heal|p1a: Primarina|56/100 par|[from] drain|[of] p2a: Clefable
|
|-heal|p2a: Clefable|70/100|[from] item: Leftovers
|upkeep
|turn|31
|
|t:|1779693195
|move|p2a: Clefable|Protect|p2a: Clefable
|-singleturn|p2a: Clefable|Protect
|move|p1a: Primarina|Surf|p2a: Clefable
|-activate|p2a: Clefable|move: Protect
|
|-heal|p2a: Clefable|76/100|[from] item: Leftovers
|upkeep
|turn|32
|
|t:|1779693199
|move|p2a: Clefable|Wish|p2a: Clefable
|cant|p1a: Primarina|par
|
|-heal|p2a: Clefable|82/100|[from] item: Leftovers
|upkeep
|turn|33
|
|t:|1779693206
|move|p2a: Clefable|Moonblast|p1a: Primarina
|-damage|p1a: Primarina|38/100 par
|move|p1a: Primarina|Psychic Noise|p2a: Clefable
|-crit|p2a: Clefable
|-damage|p2a: Clefable|43/100
|-start|p2a: Clefable|move: Heal Block
|
|upkeep
|turn|34
|
|t:|1779693214
|move|p2a: Clefable|Protect|p2a: Clefable
|-singleturn|p2a: Clefable|Protect
|move|p1a: Primarina|Draining Kiss|p2a: Clefable
|-activate|p2a: Clefable|move: Protect
|
|-end|p2a: Clefable|move: Heal Block
|upkeep
|turn|35
|
|t:|1779693222
|switch|p2a: Heatran|Heatran, M|100/100
|-damage|p2a: Heatran|88/100|[from] Stealth Rock
|move|p1a: Primarina|Surf|p2a: Heatran
|-supereffective|p2a: Heatran
|-damage|p2a: Heatran|27/100
|
|-heal|p2a: Heatran|34/100|[from] item: Leftovers
|upkeep
|turn|36
|
|t:|1779693229
|move|p2a: Heatran|Protect|p2a: Heatran
|-singleturn|p2a: Heatran|Protect
|move|p1a: Primarina|Surf|p2a: Heatran
|-activate|p2a: Heatran|move: Protect
|
|-heal|p2a: Heatran|40/100|[from] item: Leftovers
|upkeep
|turn|37
|
|t:|1779693235
|move|p2a: Heatran|Earth Power|p1a: Primarina
|-damage|p1a: Primarina|23/100 par
|move|p1a: Primarina|Draining Kiss|p2a: Heatran
|-resisted|p2a: Heatran
|-damage|p2a: Heatran|35/100
|-heal|p1a: Primarina|27/100 par|[from] drain|[of] p2a: Heatran
|
|-heal|p2a: Heatran|41/100|[from] item: Leftovers
|upkeep
|turn|38
|
|t:|1779693240
|move|p2a: Heatran|Protect|p2a: Heatran
|-singleturn|p2a: Heatran|Protect
|cant|p1a: Primarina|par
|
|-heal|p2a: Heatran|48/100|[from] item: Leftovers
|upkeep
|turn|39
|
|t:|1779693245
|move|p2a: Heatran|Magma Storm|p1a: Primarina
|-resisted|p1a: Primarina
|-damage|p1a: Primarina|16/100 par
|-activate|p1a: Primarina|move: Magma Storm|[of] p2a: Heatran
|move|p1a: Primarina|Draining Kiss|p2a: Heatran
|-resisted|p2a: Heatran
|-damage|p2a: Heatran|44/100
|-heal|p1a: Primarina|19/100 par|[from] drain|[of] p2a: Heatran
|
|-heal|p2a: Heatran|50/100|[from] item: Leftovers
|-damage|p1a: Primarina|7/100 par|[from] move: Magma Storm|[partiallytrapped]
|upkeep
|turn|40
|
|t:|1779693254
|move|p2a: Heatran|Protect|p2a: Heatran
|-singleturn|p2a: Heatran|Protect
|move|p1a: Primarina|Aqua Jet|p2a: Heatran
|-activate|p2a: Heatran|move: Protect
|
|-heal|p2a: Heatran|56/100|[from] item: Leftovers
|-damage|p1a: Primarina|0 fnt|[from] move: Magma Storm|[partiallytrapped]
|faint|p1a: Primarina
|upkeep
|
|t:|1779693256
|switch|p1a: Kyurem|Kyurem|100/100
|-ability|p1a: Kyurem|Pressure
|turn|41
|
|t:|1779693271
|move|p1a: Kyurem|Substitute|p1a: Kyurem
|-start|p1a: Kyurem|Substitute
|-damage|p1a: Kyurem|75/100
|move|p2a: Heatran|Taunt|p1a: Kyurem
|-start|p1a: Kyurem|move: Taunt
|
|-heal|p1a: Kyurem|82/100|[from] item: Leftovers
|-heal|p2a: Heatran|62/100|[from] item: Leftovers
|upkeep
|turn|42
|
|t:|1779693276
|move|p2a: Heatran|Protect|p2a: Heatran
|-singleturn|p2a: Heatran|Protect
|move|p1a: Kyurem|Icicle Spear|p2a: Heatran
|-activate|p2a: Heatran|move: Protect
|
|-heal|p1a: Kyurem|88/100|[from] item: Leftovers
|-heal|p2a: Heatran|68/100|[from] item: Leftovers
|upkeep
|turn|43
|
|t:|1779693283
|move|p1a: Kyurem|Icicle Spear|p2a: Heatran
|-resisted|p2a: Heatran
|-damage|p2a: Heatran|66/100
|-resisted|p2a: Heatran
|-damage|p2a: Heatran|64/100
|-hitcount|p2a: Heatran|2
|move|p2a: Heatran|Earth Power|p1a: Kyurem
|-activate|p1a: Kyurem|move: Substitute|[damage]
|
|-heal|p1a: Kyurem|94/100|[from] item: Leftovers
|-heal|p2a: Heatran|70/100|[from] item: Leftovers
|upkeep
|turn|44
|
|t:|1779693287
|move|p1a: Kyurem|Icicle Spear|p2a: Heatran
|-resisted|p2a: Heatran
|-damage|p2a: Heatran|67/100
|-resisted|p2a: Heatran
|-damage|p2a: Heatran|65/100
|-hitcount|p2a: Heatran|2
|move|p2a: Heatran|Earth Power|p1a: Kyurem
|-end|p1a: Kyurem|Substitute
|
|-heal|p1a: Kyurem|99/100|[from] item: Leftovers
|-heal|p2a: Heatran|71/100|[from] item: Leftovers
|-end|p1a: Kyurem|move: Taunt
|upkeep
|turn|45
|
|t:|1779693290
|move|p1a: Kyurem|Substitute|p1a: Kyurem
|-start|p1a: Kyurem|Substitute
|-damage|p1a: Kyurem|75/100
|move|p2a: Heatran|Taunt|p1a: Kyurem
|-start|p1a: Kyurem|move: Taunt
|
|-heal|p1a: Kyurem|81/100|[from] item: Leftovers
|-heal|p2a: Heatran|78/100|[from] item: Leftovers
|upkeep
|turn|46
|
|t:|1779693293
|move|p1a: Kyurem|Icicle Spear|p2a: Heatran
|-resisted|p2a: Heatran
|-damage|p2a: Heatran|76/100
|-resisted|p2a: Heatran
|-damage|p2a: Heatran|73/100
|-hitcount|p2a: Heatran|2
|move|p2a: Heatran|Earth Power|p1a: Kyurem
|-activate|p1a: Kyurem|move: Substitute|[damage]
|
|-heal|p1a: Kyurem|88/100|[from] item: Leftovers
|-heal|p2a: Heatran|80/100|[from] item: Leftovers
|upkeep
|turn|47
|
|t:|1779693296
|move|p1a: Kyurem|Icicle Spear|p2a: Heatran
|-resisted|p2a: Heatran
|-damage|p2a: Heatran|77/100
|-resisted|p2a: Heatran
|-damage|p2a: Heatran|75/100
|-resisted|p2a: Heatran
|-damage|p2a: Heatran|73/100
|-resisted|p2a: Heatran
|-damage|p2a: Heatran|71/100
|-resisted|p2a: Heatran
|-damage|p2a: Heatran|68/100
|-hitcount|p2a: Heatran|5
|move|p2a: Heatran|Earth Power|p1a: Kyurem
|-end|p1a: Kyurem|Substitute
|
|-heal|p1a: Kyurem|94/100|[from] item: Leftovers
|-heal|p2a: Heatran|75/100|[from] item: Leftovers
|upkeep
|turn|48
|
|t:|1779693302
|move|p1a: Kyurem|Icicle Spear|p2a: Heatran
|-resisted|p2a: Heatran
|-damage|p2a: Heatran|72/100
|-resisted|p2a: Heatran
|-damage|p2a: Heatran|70/100
|-resisted|p2a: Heatran
|-damage|p2a: Heatran|68/100
|-hitcount|p2a: Heatran|3
|move|p2a: Heatran|Magma Storm|p1a: Kyurem
|-damage|p1a: Kyurem|64/100
|-activate|p1a: Kyurem|move: Magma Storm|[of] p2a: Heatran
|
|-heal|p1a: Kyurem|70/100|[from] item: Leftovers
|-heal|p2a: Heatran|74/100|[from] item: Leftovers
|-damage|p1a: Kyurem|58/100|[from] move: Magma Storm|[partiallytrapped]
|-end|p1a: Kyurem|move: Taunt
|upkeep
|turn|49
|
|t:|1779693306
|move|p1a: Kyurem|Substitute|p1a: Kyurem
|-start|p1a: Kyurem|Substitute
|-end|p1a: Kyurem|Magma Storm|[partiallytrapped]|[silent]
|-damage|p1a: Kyurem|33/100
|move|p2a: Heatran|Taunt|p1a: Kyurem
|-start|p1a: Kyurem|move: Taunt
|
|-heal|p1a: Kyurem|39/100|[from] item: Leftovers
|-heal|p2a: Heatran|80/100|[from] item: Leftovers
|upkeep
|turn|50
|
|t:|1779693314
|move|p1a: Kyurem|Icicle Spear|p2a: Heatran
|-resisted|p2a: Heatran
|-damage|p2a: Heatran|78/100
|-resisted|p2a: Heatran
|-damage|p2a: Heatran|75/100
|-resisted|p2a: Heatran
|-damage|p2a: Heatran|73/100
|-hitcount|p2a: Heatran|3
|move|p2a: Heatran|Earth Power|p1a: Kyurem
|-activate|p1a: Kyurem|move: Substitute|[damage]
|
|-heal|p1a: Kyurem|45/100|[from] item: Leftovers
|-heal|p2a: Heatran|79/100|[from] item: Leftovers
|upkeep
|turn|51
|
|t:|1779693317
|move|p1a: Kyurem|Icicle Spear|p2a: Heatran
|-resisted|p2a: Heatran
|-damage|p2a: Heatran|77/100
|-resisted|p2a: Heatran
|-damage|p2a: Heatran|75/100
|-resisted|p2a: Heatran
|-damage|p2a: Heatran|73/100
|-hitcount|p2a: Heatran|3
|move|p2a: Heatran|Earth Power|p1a: Kyurem
|-end|p1a: Kyurem|Substitute
|
|-heal|p1a: Kyurem|51/100|[from] item: Leftovers
|-heal|p2a: Heatran|79/100|[from] item: Leftovers
|upkeep
|turn|52
|
|t:|1779693322
|switch|p1a: Garganacl|Garganacl, F|17/100
|move|p2a: Heatran|Magma Storm|p1a: Garganacl
|-resisted|p1a: Garganacl
|-damage|p1a: Garganacl|0 fnt
|faint|p1a: Garganacl
|
|-heal|p2a: Heatran|85/100|[from] item: Leftovers
|upkeep
|
|t:|1779693325
|switch|p1a: Kyurem|Kyurem|51/100
|-ability|p1a: Kyurem|Pressure
|turn|53
|
|t:|1779693328
|move|p1a: Kyurem|Protect|p1a: Kyurem
|-singleturn|p1a: Kyurem|Protect
|move|p2a: Heatran|Taunt|p1a: Kyurem
|-activate|p1a: Kyurem|move: Protect
|
|-heal|p1a: Kyurem|58/100|[from] item: Leftovers
|-heal|p2a: Heatran|91/100|[from] item: Leftovers
|upkeep
|turn|54
|
|t:|1779693331
|move|p1a: Kyurem|Substitute|p1a: Kyurem
|-start|p1a: Kyurem|Substitute
|-damage|p1a: Kyurem|33/100
|move|p2a: Heatran|Taunt|p1a: Kyurem
|-start|p1a: Kyurem|move: Taunt
|
|-heal|p1a: Kyurem|39/100|[from] item: Leftovers
|-heal|p2a: Heatran|97/100|[from] item: Leftovers
|upkeep
|turn|55
|
|t:|1779693333
|move|p1a: Kyurem|Icicle Spear|p2a: Heatran
|-resisted|p2a: Heatran
|-damage|p2a: Heatran|95/100
|-resisted|p2a: Heatran
|-damage|p2a: Heatran|93/100
|-resisted|p2a: Heatran
|-damage|p2a: Heatran|91/100
|-hitcount|p2a: Heatran|3
|move|p2a: Heatran|Earth Power|p1a: Kyurem
|-activate|p1a: Kyurem|move: Substitute|[damage]
|
|-heal|p1a: Kyurem|45/100|[from] item: Leftovers
|-heal|p2a: Heatran|97/100|[from] item: Leftovers
|upkeep
|turn|56
|
|t:|1779693336
|move|p1a: Kyurem|Icicle Spear|p2a: Heatran
|-resisted|p2a: Heatran
|-damage|p2a: Heatran|95/100
|-resisted|p2a: Heatran
|-damage|p2a: Heatran|92/100
|-hitcount|p2a: Heatran|2
|move|p2a: Heatran|Earth Power|p1a: Kyurem
|-end|p1a: Kyurem|Substitute
|
|-heal|p1a: Kyurem|51/100|[from] item: Leftovers
|-heal|p2a: Heatran|98/100|[from] item: Leftovers
|upkeep
|turn|57
|
|t:|1779693341
|switch|p1a: Corviknight|Corviknight, M|89/100 par
|-ability|p1a: Corviknight|Pressure
|move|p2a: Heatran|Magma Storm|p1a: Corviknight
|-supereffective|p1a: Corviknight
|-damage|p1a: Corviknight|10/100 par
|-activate|p1a: Corviknight|move: Magma Storm|[of] p2a: Heatran
|
|-heal|p2a: Heatran|100/100|[from] item: Leftovers
|-heal|p1a: Corviknight|16/100 par|[from] item: Leftovers
|-damage|p1a: Corviknight|4/100 par|[from] move: Magma Storm|[partiallytrapped]
|upkeep
|turn|58
|
|t:|1779693348
|move|p2a: Heatran|Protect|p2a: Heatran
|-singleturn|p2a: Heatran|Protect
|move|p1a: Corviknight|U-turn|p2a: Heatran
|-activate|p2a: Heatran|move: Protect
|
|-heal|p1a: Corviknight|10/100 par|[from] item: Leftovers
|-damage|p1a: Corviknight|0 fnt|[from] move: Magma Storm|[partiallytrapped]
|faint|p1a: Corviknight
|upkeep
|
|t:|1779693350
|switch|p1a: Kyurem|Kyurem|51/100
|-ability|p1a: Kyurem|Pressure
|turn|59
|
|t:|1779693354
|move|p1a: Kyurem|Substitute|p1a: Kyurem
|-start|p1a: Kyurem|Substitute
|-damage|p1a: Kyurem|26/100
|move|p2a: Heatran|Taunt|p1a: Kyurem
|-start|p1a: Kyurem|move: Taunt
|
|-heal|p1a: Kyurem|32/100|[from] item: Leftovers
|upkeep
|turn|60
|
|t:|1779693365
|move|p1a: Kyurem|Icicle Spear|p2a: Heatran
|-resisted|p2a: Heatran
|-damage|p2a: Heatran|98/100
|-resisted|p2a: Heatran
|-damage|p2a: Heatran|96/100
|-resisted|p2a: Heatran
|-damage|p2a: Heatran|94/100
|-resisted|p2a: Heatran
|-damage|p2a: Heatran|91/100
|-hitcount|p2a: Heatran|4
|move|p2a: Heatran|Magma Storm|p1a: Kyurem
|-end|p1a: Kyurem|Substitute
|
|-heal|p1a: Kyurem|39/100|[from] item: Leftovers
|-heal|p2a: Heatran|98/100|[from] item: Leftovers
|upkeep
|turn|61
|
|t:|1779693371
|switch|p2a: Zamazenta|Zamazenta|100/100
|-damage|p2a: Zamazenta|94/100|[from] Stealth Rock
|-ability|p2a: Zamazenta|Dauntless Shield|boost
|-boost|p2a: Zamazenta|def|1
|move|p1a: Kyurem|Icicle Spear|p2a: Zamazenta
|-damage|p2a: Zamazenta|88/100
|-damage|p2a: Zamazenta|81/100
|-hitcount|p2a: Zamazenta|2
|
|-heal|p1a: Kyurem|45/100|[from] item: Leftovers
|upkeep
|turn|62
|c|☆healboy009|ggs
|
|t:|1779693377
|move|p2a: Zamazenta|Close Combat|p1a: Kyurem
|-supereffective|p1a: Kyurem
|-damage|p1a: Kyurem|0 fnt
|-unboost|p2a: Zamazenta|def|1
|-unboost|p2a: Zamazenta|spd|1
|faint|p1a: Kyurem
|-damage|p2a: Zamazenta|71/100|[from] item: Life Orb
|
|win|healboy009
|raw|Liaoa's rating: 1468 &rarr; <strong>1447</strong><br />(-21 for losing)
|raw|healboy009's rating: 1455 &rarr; <strong>1476</strong><br />(+21 for winning)
|l|☆Liaoa
|player|p1|
