|j|☆KenjiShiguma
|j|☆dhhdjdjd
|t:|1779629342
|gametype|singles
|player|p1|KenjiShiguma|pokemonbreeder-gen4|1199
|player|p2|dhhdjdjd|170|1145
|gen|9
|tier|[Gen 9] OU
|rated|
|rule|HP Percentage Mod: HP is shown in percentages
|rule|Endless Battle Clause: Forcing endless battles is banned
|rule|Species Clause: Limit one of each Pokémon
|rule|OHKO Clause: OHKO moves are banned
|rule|Evasion Items Clause: Evasion items are banned
|rule|Evasion Moves Clause: Evasion moves are banned
|rule|Evasion Abilities Clause: Evasion abilities are banned
|rule|Sleep Moves Clause: Sleep-inducing moves are banned
|clearpoke
|poke|p1|Drednaw, F|
|poke|p1|Golem, M|
|poke|p1|Snorlax, M|
|poke|p1|Clefable, F|
|poke|p1|Oricorio-Sensu, F|
|poke|p1|Infernape, F|
|poke|p2|Gyarados, F|
|poke|p2|Pelipper, M|
|poke|p2|Meowscarada, F|
|poke|p2|Cloyster, M|
|poke|p2|Clodsire, F|
|teampreview
|
|t:|1779629349
|teamsize|p1|6
|teamsize|p2|5
|start
|switch|p1a: Snorlax|Snorlax, M|100/100
|switch|p2a: Pelipper|Pelipper, M|100/100
|-weather|RainDance|[from] ability: Drizzle|[of] p2a: Pelipper
|turn|1
|
|t:|1779629362
|move|p2a: Pelipper|Weather Ball|p1a: Snorlax
|-damage|p1a: Snorlax|71/100
|move|p1a: Snorlax|Block|p2a: Pelipper
|-activate|p2a: Pelipper|trapped
|
|-weather|RainDance|[upkeep]
|upkeep
|turn|2
|
|t:|1779629374
|move|p2a: Pelipper|Weather Ball|p1a: Snorlax
|-damage|p1a: Snorlax|43/100
|-enditem|p1a: Snorlax|Sitrus Berry|[eat]
|-heal|p1a: Snorlax|68/100|[from] item: Sitrus Berry
|move|p1a: Snorlax|Encore|p2a: Pelipper
|-start|p2a: Pelipper|Encore
|
|-weather|RainDance|[upkeep]
|upkeep
|turn|3
|
|t:|1779629385
|-terastallize|p2a: Pelipper|Water
|move|p2a: Pelipper|Weather Ball|p1a: Snorlax
|-damage|p1a: Snorlax|30/100
|move|p1a: Snorlax|Earthquake|p2a: Pelipper
|-damage|p2a: Pelipper|68/100
|
|-weather|RainDance|[upkeep]
|upkeep
|turn|4
|
|t:|1779629415
|move|p2a: Pelipper|Weather Ball|p1a: Snorlax
|-damage|p1a: Snorlax|0 fnt
|faint|p1a: Snorlax
|
|-weather|RainDance|[upkeep]
|upkeep
|
|t:|1779629430
|switch|p1a: Drednaw|Drednaw, F|100/100
|turn|5
|
|t:|1779629449
|switch|p2a: Clodsire|Clodsire, F|100/100
|move|p1a: Drednaw|Shell Smash|p1a: Drednaw
|-unboost|p1a: Drednaw|def|1
|-unboost|p1a: Drednaw|spd|1
|-boost|p1a: Drednaw|atk|2
|-boost|p1a: Drednaw|spa|2
|-boost|p1a: Drednaw|spe|2
|-enditem|p1a: Drednaw|White Herb
|-clearnegativeboost|p1a: Drednaw|[silent]
|
|-weather|none
|upkeep
|turn|6
|
|t:|1779629460
|move|p1a: Drednaw|Jaw Lock|p2a: Clodsire
|-damage|p2a: Clodsire|36/100
|-activate|p1a: Drednaw|trapped
|-activate|p2a: Clodsire|trapped
|move|p2a: Clodsire|Toxic|p1a: Drednaw
|-status|p1a: Drednaw|tox
|
|-heal|p2a: Clodsire|43/100|[from] item: Black Sludge
|-damage|p1a: Drednaw|94/100 tox|[from] psn
|upkeep
|turn|7
|
|t:|1779629470
|move|p1a: Drednaw|Shell Smash|p1a: Drednaw
|-unboost|p1a: Drednaw|def|1
|-unboost|p1a: Drednaw|spd|1
|-boost|p1a: Drednaw|atk|2
|-boost|p1a: Drednaw|spa|2
|-boost|p1a: Drednaw|spe|2
|move|p2a: Clodsire|Recover|p2a: Clodsire
|-heal|p2a: Clodsire|93/100
|
|-heal|p2a: Clodsire|99/100|[from] item: Black Sludge
|-damage|p1a: Drednaw|82/100 tox|[from] psn
|upkeep
|turn|8
|
|t:|1779629483
|move|p1a: Drednaw|Jaw Lock|p2a: Clodsire
|-damage|p2a: Clodsire|4/100
|move|p2a: Clodsire|Earthquake|p1a: Drednaw
|-supereffective|p1a: Drednaw
|-damage|p1a: Drednaw|11/100 tox
|
|-heal|p2a: Clodsire|10/100|[from] item: Black Sludge
|-damage|p1a: Drednaw|0 fnt|[from] psn
|faint|p1a: Drednaw
|upkeep
|
|t:|1779629493
|switch|p1a: Clefable|Clefable, F|100/100
|turn|9
|
|t:|1779629500
|switch|p2a: Pelipper|Pelipper, M, tera:Water|68/100
|-weather|RainDance|[from] ability: Drizzle|[of] p2a: Pelipper
|move|p1a: Clefable|Ice Beam|p2a: Pelipper
|-resisted|p2a: Pelipper
|-damage|p2a: Pelipper|43/100
|
|-weather|RainDance|[upkeep]
|upkeep
|turn|10
|
|t:|1779629509
|move|p2a: Pelipper|U-turn|p1a: Clefable
|-resisted|p1a: Clefable
|-damage|p1a: Clefable|97/100
|
|t:|1779629513
|switch|p2a: Gyarados|Gyarados, F|100/100|[from] U-turn
|-ability|p2a: Gyarados|Intimidate|boost
|-unboost|p1a: Clefable|atk|1
|move|p1a: Clefable|Moonblast|p2a: Gyarados
|-damage|p2a: Gyarados|59/100
|-unboost|p2a: Gyarados|spa|1
|
|-weather|RainDance|[upkeep]
|upkeep
|turn|11
|
|t:|1779629524
|switch|p1a: Oricorio|Oricorio-Sensu, F|100/100
|move|p2a: Gyarados|Dragon Dance|p2a: Gyarados
|-boost|p2a: Gyarados|atk|1
|-boost|p2a: Gyarados|spe|1
|-enditem|p1a: Oricorio|Mirror Herb
|-boost|p1a: Oricorio|atk|1|[from] item: Mirror Herb
|-boost|p1a: Oricorio|spe|1|[from] item: Mirror Herb
|-activate|p1a: Oricorio|ability: Dancer
|move|p1a: Oricorio|Dragon Dance|p1a: Oricorio|[from] ability: Dancer
|-boost|p1a: Oricorio|atk|1
|-boost|p1a: Oricorio|spe|1
|
|-weather|RainDance|[upkeep]
|upkeep
|turn|12
|
|t:|1779629545
|move|p1a: Oricorio|Acrobatics|p2a: Gyarados
|-damage|p2a: Gyarados|0 fnt
|faint|p2a: Gyarados
|
|-weather|RainDance|[upkeep]
|upkeep
|
|t:|1779629550
|switch|p2a: Cloyster|Cloyster, M|100/100
|turn|13
|
|t:|1779629563
|move|p1a: Oricorio|Air Slash|p2a: Cloyster
|-damage|p2a: Cloyster|11/100
|move|p2a: Cloyster|Icicle Spear|p1a: Oricorio
|-supereffective|p1a: Oricorio
|-crit|p1a: Oricorio
|-damage|p1a: Oricorio|48/100
|-supereffective|p1a: Oricorio
|-damage|p1a: Oricorio|11/100
|-supereffective|p1a: Oricorio
|-damage|p1a: Oricorio|0 fnt
|faint|p1a: Oricorio
|-hitcount|p1: Oricorio|3
|
|-weather|none
|upkeep
|
|t:|1779629574
|switch|p1a: Clefable|Clefable, F|97/100
|turn|14
|
|t:|1779629584
|move|p2a: Cloyster|Shell Smash|p2a: Cloyster
|-unboost|p2a: Cloyster|def|1
|-unboost|p2a: Cloyster|spd|1
|-boost|p2a: Cloyster|atk|2
|-boost|p2a: Cloyster|spa|2
|-boost|p2a: Cloyster|spe|2
|move|p1a: Clefable|Moonblast|p2a: Cloyster
|-damage|p2a: Cloyster|0 fnt
|faint|p2a: Cloyster
|
|upkeep
|
|t:|1779629598
|switch|p2a: Clodsire|Clodsire, F|10/100
|turn|15
|
|t:|1779629610
|move|p1a: Clefable|Moonblast|p2a: Clodsire
|-resisted|p2a: Clodsire
|-damage|p2a: Clodsire|0 fnt
|faint|p2a: Clodsire
|
|upkeep
|
|t:|1779629619
|switch|p2a: Pelipper|Pelipper, M, tera:Water|43/100
|-weather|RainDance|[from] ability: Drizzle|[of] p2a: Pelipper
|turn|16
|
|t:|1779629622
|move|p2a: Pelipper|Weather Ball|p1a: Clefable
|-damage|p1a: Clefable|41/100
|move|p1a: Clefable|Moonblast|p2a: Pelipper
|-damage|p2a: Pelipper|0 fnt
|faint|p2a: Pelipper
|
|-weather|RainDance|[upkeep]
|upkeep
|
|t:|1779629632
|switch|p2a: Meowscarada|Meowscarada, F|100/100
|turn|17
|
|t:|1779629639
|move|p2a: Meowscarada|Flower Trick|p1a: Clefable
|-crit|p1a: Clefable
|-damage|p1a: Clefable|0 fnt
|faint|p1a: Clefable
|
|-weather|RainDance|[upkeep]
|upkeep
|
|t:|1779629647
|switch|p1a: Golem|Golem, M|100/100
|turn|18
|
|t:|1779629653
|move|p2a: Meowscarada|Flower Trick|p1a: Golem
|-supereffective|p1a: Golem
|-crit|p1a: Golem
|-ability|p1a: Golem|Sturdy
|-damage|p1a: Golem|1/100
|move|p1a: Golem|Earthquake|p2a: Meowscarada
|-resisted|p2a: Meowscarada
|-damage|p2a: Meowscarada|56/100
|
|-weather|RainDance|[upkeep]
|upkeep
|turn|19
|-enditem|p1a: Golem|Custap Berry|[eat]
|-activate|p1a: Golem|item: Custap Berry|[consumed]
|
|t:|1779629663
|move|p2a: Meowscarada|Sucker Punch|p1a: Golem
|-damage|p1a: Golem|0 fnt
|faint|p1a: Golem
|
|-weather|RainDance|[upkeep]
|upkeep
|
|t:|1779629670
|switch|p1a: Infernape|Infernape, F|100/100
|turn|20
|
|t:|1779629693
|move|p1a: Infernape|Switcheroo|p2a: Meowscarada
|-activate|p1a: Infernape|move: Trick|[of] p2a: Meowscarada
|-item|p2a: Meowscarada|Choice Scarf|[from] move: Switcheroo
|-item|p1a: Infernape|Focus Sash|[from] move: Switcheroo
|move|p2a: Meowscarada|Knock Off|p1a: Infernape
|-resisted|p1a: Infernape
|-damage|p1a: Infernape|66/100
|-enditem|p1a: Infernape|Focus Sash|[from] move: Knock Off|[of] p2a: Meowscarada
|
|-weather|none
|upkeep
|turn|21
|
|t:|1779629703
|move|p2a: Meowscarada|Knock Off|p1a: Infernape
|-resisted|p1a: Infernape
|-damage|p1a: Infernape|46/100
|move|p1a: Infernape|Fire Punch|p2a: Meowscarada
|-supereffective|p2a: Meowscarada
|-damage|p2a: Meowscarada|0 fnt
|faint|p2a: Meowscarada
|
|win|KenjiShiguma
|raw|KenjiShiguma's rating: 1199 &rarr; <strong>1220</strong><br />(+21 for winning)
|raw|dhhdjdjd's rating: 1145 &rarr; <strong>1124</strong><br />(-21 for losing)
|l|☆KenjiShiguma
|player|p1|
|l|☆dhhdjdjd
|player|p2|
