|j|☆Aviva Meiru
|j|☆sigmundtuff41
|t:|1779700983
|gametype|singles
|player|p1|Aviva Meiru|candice|1095
|player|p2|sigmundtuff41|roxie|1079
|gen|9
|tier|[Gen 9] OU
|rated|
|rule|HP Percentage Mod: HP is shown in percentages
|rule|Endless Battle Clause: Forcing endless battles is banned
|rule|Species Clause: Limit one of each Pokémon
|rule|OHKO Clause: OHKO moves are banned
|rule|Evasion Items Clause: Evasion items are banned
|rule|Evasion Moves Clause: Evasion moves are banned
|rule|Evasion Abilities Clause: Evasion abilities are banned
|rule|Sleep Moves Clause: Sleep-inducing moves are banned
|clearpoke
|poke|p1|Gliscor, F|
|poke|p1|Salamence, M|
|poke|p1|Milotic, F|
|poke|p1|Cresselia, F|
|poke|p1|Infernape, F|
|poke|p1|Sylveon, M|
|poke|p2|Raging Bolt|
|poke|p2|Glimmora, F|
|poke|p2|Blaziken, M|
|poke|p2|Cresselia, F|
|poke|p2|Manaphy|
|poke|p2|Garganacl, F|
|teampreview
|
|t:|1779700997
|teamsize|p1|6
|teamsize|p2|6
|start
|switch|p1a: Cresselia|Cresselia, F|100/100
|switch|p2a: Blaziken|Blaziken, M|100/100
|turn|1
|
|t:|1779701006
|move|p2a: Blaziken|U-turn|p1a: Cresselia
|-supereffective|p1a: Cresselia
|-damage|p1a: Cresselia|71/100
|
|t:|1779701009
|switch|p2a: Cresselia|Cresselia, F, shiny|100/100|[from] U-turn
|move|p1a: Cresselia|Reflect|p1a: Cresselia
|-sidestart|p1: Aviva Meiru|Reflect
|
|upkeep
|turn|2
|
|t:|1779701016
|move|p2a: Cresselia|Light Screen|p2a: Cresselia
|-sidestart|p2: sigmundtuff41|move: Light Screen
|move|p1a: Cresselia|Light Screen|p1a: Cresselia
|-sidestart|p1: Aviva Meiru|move: Light Screen
|
|upkeep
|turn|3
|
|t:|1779701035
|move|p2a: Cresselia|Reflect|p2a: Cresselia
|-sidestart|p2: sigmundtuff41|Reflect
|move|p1a: Cresselia|Moonblast|p2a: Cresselia
|-damage|p2a: Cresselia|95/100
|
|-heal|p2a: Cresselia|100/100|[from] item: Leftovers
|upkeep
|turn|4
|
|t:|1779701047
|switch|p2a: Glimmora|Glimmora, F|100/100
|switch|p1a: Infernape|Infernape, F|100/100
|
|upkeep
|turn|5
|
|t:|1779701066
|move|p1a: Infernape|Brick Break|p2a: Glimmora
|-sideend|p2: sigmundtuff41|Reflect
|-sideend|p2: sigmundtuff41|move: Light Screen
|-damage|p2a: Glimmora|58/100
|-damage|p1a: Infernape|84/100|[from] item: Rocky Helmet|[of] p2a: Glimmora
|-activate|p2a: Glimmora|ability: Toxic Debris
|-sidestart|p1: Aviva Meiru|move: Toxic Spikes
|-damage|p1a: Infernape|74/100|[from] item: Life Orb
|move|p2a: Glimmora|Stealth Rock|p1a: Infernape
|-sidestart|p1: Aviva Meiru|move: Stealth Rock
|
|-sideend|p1: Aviva Meiru|Reflect
|upkeep
|turn|6
|
|t:|1779701077
|move|p1a: Infernape|Mach Punch|p2a: Glimmora
|-damage|p2a: Glimmora|35/100
|-damage|p1a: Infernape|58/100|[from] item: Rocky Helmet|[of] p2a: Glimmora
|-activate|p2a: Glimmora|ability: Toxic Debris
|-sidestart|p1: Aviva Meiru|move: Toxic Spikes
|-damage|p1a: Infernape|48/100|[from] item: Life Orb
|move|p2a: Glimmora|Earth Power|p1a: Infernape
|-supereffective|p1a: Infernape
|-damage|p1a: Infernape|10/100
|
|-sideend|p1: Aviva Meiru|move: Light Screen
|upkeep
|turn|7
|
|t:|1779701088
|move|p2a: Glimmora|Spiky Shield|p2a: Glimmora
|-singleturn|p2a: Glimmora|move: Protect
|move|p1a: Infernape|Brick Break|p2a: Glimmora
|-activate|p2a: Glimmora|move: Protect
|-damage|p1a: Infernape|0 fnt|[from] Spiky Shield|[of] p2a: Glimmora
|faint|p1a: Infernape
|
|upkeep
|
|t:|1779701107
|switch|p1a: Cresselia|Cresselia, F|71/100
|-damage|p1a: Cresselia|59/100|[from] Stealth Rock
|turn|8
|
|t:|1779701118
|move|p2a: Glimmora|Sludge Bomb|p1a: Cresselia
|-damage|p1a: Cresselia|35/100
|move|p1a: Cresselia|Reflect|p1a: Cresselia
|-sidestart|p1: Aviva Meiru|Reflect
|
|upkeep
|turn|9
|
|t:|1779701124
|move|p2a: Glimmora|Sludge Bomb|p1a: Cresselia
|-damage|p1a: Cresselia|13/100
|move|p1a: Cresselia|Light Screen|p1a: Cresselia
|-sidestart|p1: Aviva Meiru|move: Light Screen
|
|upkeep
|turn|10
|
|t:|1779701132
|switch|p2a: Garganacl|Garganacl, F|100/100
|move|p1a: Cresselia|Rest|p1a: Cresselia
|-status|p1a: Cresselia|slp|[from] move: Rest
|-heal|p1a: Cresselia|100/100 slp|[silent]
|-enditem|p1a: Cresselia|Chesto Berry|[eat]
|-curestatus|p1a: Cresselia|slp|[msg]
|
|upkeep
|turn|11
|
|t:|1779701161
|switch|p1a: Gliscor|Gliscor, F|100/100
|-damage|p1a: Gliscor|88/100|[from] Stealth Rock
|move|p2a: Garganacl|Salt Cure|p1a: Gliscor
|-damage|p1a: Gliscor|81/100
|-start|p1a: Gliscor|Salt Cure
|
|-damage|p1a: Gliscor|69/100|[from] Salt Cure
|-status|p1a: Gliscor|tox|[from] item: Toxic Orb
|upkeep
|turn|12
|
|t:|1779701178
|switch|p2a: Cresselia|Cresselia, F, shiny|100/100
|move|p1a: Gliscor|Spikes|p2a: Cresselia
|-sidestart|p2: sigmundtuff41|Spikes
|
|-heal|p1a: Gliscor|81/100 tox|[from] ability: Poison Heal
|-damage|p1a: Gliscor|69/100 tox|[from] Salt Cure
|-sideend|p1: Aviva Meiru|Reflect
|upkeep
|turn|13
|
|t:|1779701192
|move|p1a: Gliscor|Swords Dance|p1a: Gliscor
|-boost|p1a: Gliscor|atk|2
|move|p2a: Cresselia|Reflect|p2a: Cresselia
|-sidestart|p2: sigmundtuff41|Reflect
|
|-heal|p1a: Gliscor|81/100 tox|[from] ability: Poison Heal
|-damage|p1a: Gliscor|69/100 tox|[from] Salt Cure
|-sideend|p1: Aviva Meiru|move: Light Screen
|upkeep
|turn|14
|
|t:|1779701209
|move|p1a: Gliscor|Crunch|p2a: Cresselia
|-supereffective|p2a: Cresselia
|-damage|p2a: Cresselia|68/100
|move|p2a: Cresselia|Light Screen|p2a: Cresselia
|-sidestart|p2: sigmundtuff41|move: Light Screen
|
|-heal|p2a: Cresselia|75/100|[from] item: Leftovers
|-heal|p1a: Gliscor|81/100 tox|[from] ability: Poison Heal
|-damage|p1a: Gliscor|69/100 tox|[from] Salt Cure
|upkeep
|turn|15
|
|t:|1779701219
|move|p1a: Gliscor|Crunch|p2a: Cresselia
|-supereffective|p2a: Cresselia
|-crit|p2a: Cresselia
|-damage|p2a: Cresselia|0 fnt
|faint|p2a: Cresselia
|
|-heal|p1a: Gliscor|81/100 tox|[from] ability: Poison Heal
|-damage|p1a: Gliscor|69/100 tox|[from] Salt Cure
|upkeep
|
|t:|1779701227
|switch|p2a: Manaphy|Manaphy|100/100
|-damage|p2a: Manaphy|88/100|[from] Spikes
|turn|16
|
|t:|1779701234
|move|p2a: Manaphy|Ice Beam|p1a: Gliscor
|-supereffective|p1a: Gliscor
|-damage|p1a: Gliscor|0 fnt
|faint|p1a: Gliscor
|
|upkeep
|
|t:|1779701243
|switch|p1a: Salamence|Salamence, M|100/100
|-damage|p1a: Salamence|76/100|[from] Stealth Rock
|-ability|p1a: Salamence|Intimidate|boost
|-unboost|p2a: Manaphy|atk|1
|turn|17
|
|t:|1779701251
|move|p2a: Manaphy|Tail Glow|p2a: Manaphy
|-boost|p2a: Manaphy|spa|3
|move|p1a: Salamence|Dragon Dance|p1a: Salamence
|-boost|p1a: Salamence|atk|1
|-boost|p1a: Salamence|spe|1
|
|-heal|p1a: Salamence|82/100|[from] item: Leftovers
|-sideend|p2: sigmundtuff41|Reflect
|upkeep
|turn|18
|
|t:|1779701262
|move|p1a: Salamence|Dragon Dance|p1a: Salamence
|-boost|p1a: Salamence|atk|1
|-boost|p1a: Salamence|spe|1
|move|p2a: Manaphy|Ice Beam|p1a: Salamence
|-supereffective|p1a: Salamence
|-damage|p1a: Salamence|0 fnt
|faint|p1a: Salamence
|
|-sideend|p2: sigmundtuff41|move: Light Screen
|upkeep
|
|t:|1779701270
|switch|p1a: Cresselia|Cresselia, F|100/100
|-damage|p1a: Cresselia|88/100|[from] Stealth Rock
|turn|19
|
|t:|1779701278
|move|p2a: Manaphy|Hydro Pump|p1a: Cresselia|[miss]
|-miss|p2a: Manaphy|p1a: Cresselia
|-enditem|p2a: Manaphy|Blunder Policy
|-boost|p2a: Manaphy|spe|2
|move|p1a: Cresselia|Light Screen|p1a: Cresselia
|-sidestart|p1: Aviva Meiru|move: Light Screen
|
|upkeep
|turn|20
|
|t:|1779701287
|move|p2a: Manaphy|Hydro Pump|p1a: Cresselia
|-damage|p1a: Cresselia|49/100
|move|p1a: Cresselia|Moonblast|p2a: Manaphy
|-damage|p2a: Manaphy|72/100
|
|upkeep
|turn|21
|
|t:|1779701299
|move|p2a: Manaphy|Hydro Pump|p1a: Cresselia
|-damage|p1a: Cresselia|10/100
|move|p1a: Cresselia|Moonblast|p2a: Manaphy
|-damage|p2a: Manaphy|54/100
|-unboost|p2a: Manaphy|spa|1
|
|upkeep
|turn|22
|
|t:|1779701308
|switch|p1a: Milotic|Milotic, F|100/100
|-status|p1a: Milotic|tox
|-damage|p1a: Milotic|88/100 tox|[from] Stealth Rock
|move|p2a: Manaphy|Ice Beam|p1a: Milotic
|-resisted|p1a: Milotic
|-damage|p1a: Milotic|78/100 tox
|
|-damage|p1a: Milotic|72/100 tox|[from] psn
|upkeep
|turn|23
|
|t:|1779701327
|move|p2a: Manaphy|Psychic|p1a: Milotic
|-damage|p1a: Milotic|54/100 tox
|move|p1a: Milotic|Dragon Pulse|p2a: Manaphy
|-damage|p2a: Manaphy|25/100
|
|-damage|p1a: Milotic|42/100 tox|[from] psn
|-sideend|p1: Aviva Meiru|move: Light Screen
|upkeep
|turn|24
|
|t:|1779701338
|move|p2a: Manaphy|Psychic|p1a: Milotic
|-damage|p1a: Milotic|5/100 tox
|move|p1a: Milotic|Rest|p1a: Milotic
|-status|p1a: Milotic|slp|[from] move: Rest
|-heal|p1a: Milotic|100/100 slp|[silent]
|-enditem|p1a: Milotic|Chesto Berry|[eat]
|-curestatus|p1a: Milotic|slp|[msg]
|
|upkeep
|turn|25
|
|t:|1779701349
|switch|p2a: Garganacl|Garganacl, F|100/100
|-damage|p2a: Garganacl|88/100|[from] Spikes
|move|p1a: Milotic|Dragon Pulse|p2a: Garganacl
|-damage|p2a: Garganacl|69/100
|
|upkeep
|turn|26
|
|t:|1779701359
|move|p1a: Milotic|Dragon Pulse|p2a: Garganacl
|-damage|p2a: Garganacl|47/100
|-enditem|p2a: Garganacl|Sitrus Berry|[eat]
|-heal|p2a: Garganacl|71/100|[from] item: Sitrus Berry
|move|p2a: Garganacl|Salt Cure|p1a: Milotic
|-damage|p1a: Milotic|83/100
|-start|p1a: Milotic|Salt Cure
|
|-damage|p1a: Milotic|59/100|[from] Salt Cure
|upkeep
|turn|27
|
|t:|1779701368
|move|p1a: Milotic|Scald|p2a: Garganacl
|-supereffective|p2a: Garganacl
|-damage|p2a: Garganacl|13/100
|move|p2a: Garganacl|Body Press|p1a: Milotic
|-damage|p1a: Milotic|21/100
|
|-damage|p1a: Milotic|0 fnt|[from] Salt Cure
|faint|p1a: Milotic
|upkeep
|
|t:|1779701381
|switch|p1a: Sylveon|Sylveon, M|100/100
|-status|p1a: Sylveon|tox
|-damage|p1a: Sylveon|88/100 tox|[from] Stealth Rock
|turn|28
|
|t:|1779701388
|move|p1a: Sylveon|Moonblast|p2a: Garganacl
|-damage|p2a: Garganacl|0 fnt
|faint|p2a: Garganacl
|
|-damage|p1a: Sylveon|82/100 tox|[from] psn
|upkeep
|
|t:|1779701395
|switch|p2a: Raging Bolt|Raging Bolt|100/100
|-damage|p2a: Raging Bolt|88/100|[from] Spikes
|-enditem|p2a: Raging Bolt|Booster Energy
|-activate|p2a: Raging Bolt|ability: Protosynthesis|[fromitem]
|-start|p2a: Raging Bolt|protosynthesisspa
|turn|29
|
|t:|1779701403
|-terastallize|p2a: Raging Bolt|Fairy
|move|p1a: Sylveon|Detect|p1a: Sylveon
|-singleturn|p1a: Sylveon|Protect
|move|p2a: Raging Bolt|Calm Mind|p2a: Raging Bolt
|-boost|p2a: Raging Bolt|spa|1
|-boost|p2a: Raging Bolt|spd|1
|
|-damage|p1a: Sylveon|70/100 tox|[from] psn
|upkeep
|turn|30
|
|t:|1779701413
|move|p2a: Raging Bolt|Thunderclap|p1a: Sylveon
|-damage|p1a: Sylveon|24/100 tox
|move|p1a: Sylveon|Shadow Ball|p2a: Raging Bolt
|-damage|p2a: Raging Bolt|75/100
|-unboost|p2a: Raging Bolt|spd|1
|
|-damage|p1a: Sylveon|6/100 tox|[from] psn
|upkeep
|turn|31
|
|t:|1779701425
|switch|p1a: Cresselia|Cresselia, F|10/100
|-damage|p1a: Cresselia|0 fnt|[from] Stealth Rock
|faint|p1a: Cresselia
|move|p2a: Raging Bolt|Thunderclap|p1: Cresselia|[notarget]
|-fail|p2a: Raging Bolt
|
|upkeep
|
|t:|1779701432
|switch|p1a: Sylveon|Sylveon, M|6/100 tox
|-damage|p1a: Sylveon|0 fnt|[from] Stealth Rock
|faint|p1a: Sylveon
|
|win|sigmundtuff41
|raw|Aviva Meiru's rating: 1095 &rarr; <strong>1070</strong><br />(-25 for losing)
|raw|sigmundtuff41's rating: 1079 &rarr; <strong>1108</strong><br />(+29 for winning)
