|j|☆Shrek6onDVD
|j|☆ju2508
|t:|1779630834
|gametype|singles
|player|p1|Shrek6onDVD|swimmer-gen4|1060
|player|p2|ju2508|101|1082
|gen|9
|tier|[Gen 9] OU
|rated|
|rule|HP Percentage Mod: HP is shown in percentages
|rule|Endless Battle Clause: Forcing endless battles is banned
|rule|Species Clause: Limit one of each Pokémon
|rule|OHKO Clause: OHKO moves are banned
|rule|Evasion Items Clause: Evasion items are banned
|rule|Evasion Moves Clause: Evasion moves are banned
|rule|Evasion Abilities Clause: Evasion abilities are banned
|rule|Sleep Moves Clause: Sleep-inducing moves are banned
|clearpoke
|poke|p1|Deoxys-Speed|
|poke|p1|Kingambit, F|
|poke|p1|Scizor, F|
|poke|p1|Dragonite, M|
|poke|p1|Darkrai|
|poke|p1|Zapdos|
|poke|p2|Feraligatr, F|
|poke|p2|Lilligant, F|
|poke|p2|Donphan, M|
|poke|p2|Sylveon, M|
|poke|p2|Grafaiai, M|
|poke|p2|Magneton|
|teampreview
|inactive|Battle timer is ON: inactive players will automatically lose when time's up. (requested by ju2508)
|
|t:|1779630846
|teamsize|p1|6
|teamsize|p2|6
|start
|switch|p1a: Deoxys|Deoxys-Speed|100/100
|switch|p2a: Grafaiai|Grafaiai, M|100/100
|-ability|p1a: Deoxys|Pressure
|turn|1
|
|t:|1779630853
|move|p2a: Grafaiai|Switcheroo|p1a: Deoxys
|-activate|p2a: Grafaiai|move: Trick|[of] p1a: Deoxys
|-item|p1a: Deoxys|Choice Band|[from] move: Switcheroo
|-item|p2a: Grafaiai|Focus Sash|[from] move: Switcheroo
|move|p1a: Deoxys|Taunt|p2a: Grafaiai
|-start|p2a: Grafaiai|move: Taunt
|
|upkeep
|turn|2
|inactive|Shrek6onDVD has 120 seconds left.
|
|t:|1779630889
|switch|p1a: Dragonite|Dragonite, M|100/100
|move|p2a: Grafaiai|U-turn|p1a: Dragonite
|-resisted|p1a: Dragonite
|-damage|p1a: Dragonite|95/100
|
|t:|1779630897
|switch|p2a: Feraligatr|Feraligatr, F|100/100|[from] U-turn
|
|upkeep
|turn|3
|inactive|Shrek6onDVD has 120 seconds left.
|
|t:|1779630911
|switch|p1a: Scizor|Scizor, F|100/100
|move|p2a: Feraligatr|Ice Punch|p1a: Scizor
|-resisted|p1a: Scizor
|-damage|p1a: Scizor|78/100
|
|upkeep
|turn|4
|
|t:|1779630919
|switch|p2a: Magneton|Magneton|100/100
|move|p1a: Scizor|U-turn|p2a: Magneton
|-resisted|p2a: Magneton
|-damage|p2a: Magneton|76/100
|
|t:|1779630924
|switch|p1a: Zapdos|Zapdos|100/100|[from] U-turn
|-ability|p1a: Zapdos|Pressure
|
|upkeep
|turn|5
|
|t:|1779630934
|move|p1a: Zapdos|Heat Wave|p2a: Magneton
|-supereffective|p2a: Magneton
|-damage|p2a: Magneton|16/100
|move|p2a: Magneton|Volt Switch|p1a: Zapdos
|-damage|p1a: Zapdos|53/100
|
|t:|1779630940
|switch|p2a: Sylveon|Sylveon, M|100/100|[from] Volt Switch
|
|upkeep
|turn|6
|
|t:|1779630946
|move|p1a: Zapdos|Heat Wave|p2a: Sylveon
|-damage|p2a: Sylveon|84/100
|move|p2a: Sylveon|Wish|p2a: Sylveon
|
|-heal|p2a: Sylveon|90/100|[from] item: Leftovers
|upkeep
|turn|7
|
|t:|1779630956
|move|p1a: Zapdos|Heat Wave|p2a: Sylveon
|-damage|p2a: Sylveon|71/100
|move|p2a: Sylveon|Hyper Voice|p1a: Zapdos
|-damage|p1a: Zapdos|3/100
|
|-heal|p2a: Sylveon|100/100|[from] move: Wish|[wisher] Sylveon
|upkeep
|turn|8
|
|t:|1779630966
|move|p1a: Zapdos|Heat Wave|p2a: Sylveon
|-damage|p2a: Sylveon|83/100
|move|p2a: Sylveon|Wish|p2a: Sylveon
|
|-heal|p2a: Sylveon|89/100|[from] item: Leftovers
|upkeep
|turn|9
|
|t:|1779630973
|move|p1a: Zapdos|Heat Wave|p2a: Sylveon
|-damage|p2a: Sylveon|70/100
|move|p2a: Sylveon|Hyper Voice|p1a: Zapdos
|-damage|p1a: Zapdos|0 fnt
|faint|p1a: Zapdos
|
|-heal|p2a: Sylveon|100/100|[from] move: Wish|[wisher] Sylveon
|upkeep
|
|t:|1779630994
|switch|p1a: Kingambit|Kingambit, F|100/100
|-activate|p1a: Kingambit|ability: Supreme Overlord
|-start|p1a: Kingambit|fallen1|[silent]
|turn|10
|
|t:|1779631000
|switch|p2a: Donphan|Donphan, M|100/100
|move|p1a: Kingambit|Swords Dance|p1a: Kingambit
|-boost|p1a: Kingambit|atk|2
|
|upkeep
|turn|11
|
|t:|1779631008
|move|p1a: Kingambit|Sucker Punch|p2a: Donphan
|-damage|p2a: Donphan|42/100
|move|p2a: Donphan|Bulldoze|p1a: Kingambit
|-supereffective|p1a: Kingambit
|-damage|p1a: Kingambit|67/100
|-unboost|p1a: Kingambit|spe|1
|
|-heal|p2a: Donphan|48/100|[from] item: Leftovers
|upkeep
|turn|12
|
|t:|1779631018
|move|p1a: Kingambit|Sucker Punch||[still]
|-fail|p1a: Kingambit
|move|p2a: Donphan|Stealth Rock|p1a: Kingambit
|-sidestart|p1: Shrek6onDVD|move: Stealth Rock
|
|-heal|p2a: Donphan|54/100|[from] item: Leftovers
|upkeep
|turn|13
|
|t:|1779631025
|move|p1a: Kingambit|Sucker Punch|p2a: Donphan
|-damage|p2a: Donphan|0 fnt
|faint|p2a: Donphan
|
|upkeep
|
|t:|1779631033
|switch|p2a: Grafaiai|Grafaiai, M|100/100
|turn|14
|
|t:|1779631039
|move|p2a: Grafaiai|Switcheroo|p1a: Kingambit
|-hint|Since gen 7, Dark is immune to Prankster moves.
|-immune|p1a: Kingambit
|move|p1a: Kingambit|Iron Head|p2a: Grafaiai
|-enditem|p2a: Grafaiai|Focus Sash
|-damage|p2a: Grafaiai|1/100
|
|upkeep
|turn|15
|
|t:|1779631059
|move|p2a: Grafaiai|U-turn|p1a: Kingambit
|-damage|p1a: Kingambit|53/100
|
|t:|1779631064
|switch|p2a: Magneton|Magneton|16/100|[from] U-turn
|move|p1a: Kingambit|Kowtow Cleave|p2a: Magneton
|-damage|p2a: Magneton|0 fnt
|faint|p2a: Magneton
|
|upkeep
|
|t:|1779631072
|switch|p2a: Lilligant|Lilligant, F|100/100
|turn|16
|
|t:|1779631079
|move|p2a: Lilligant|Stun Spore|p1a: Kingambit
|-status|p1a: Kingambit|par
|cant|p1a: Kingambit|par
|
|upkeep
|turn|17
|
|t:|1779631087
|move|p2a: Lilligant|Petal Dance|p1a: Kingambit
|-resisted|p1a: Kingambit
|-damage|p1a: Kingambit|25/100 par
|move|p1a: Kingambit|Iron Head|p2a: Lilligant
|-damage|p2a: Lilligant|0 fnt
|faint|p2a: Lilligant
|
|upkeep
|
|t:|1779631099
|switch|p2a: Sylveon|Sylveon, M|100/100
|turn|18
|
|t:|1779631103
|move|p2a: Sylveon|Hyper Voice|p1a: Kingambit
|-damage|p1a: Kingambit|0 fnt
|faint|p1a: Kingambit
|-end|p1a: Kingambit|fallen1|[silent]
|
|upkeep
|
|t:|1779631113
|switch|p1a: Deoxys|Deoxys-Speed|100/100
|-damage|p1a: Deoxys|88/100|[from] Stealth Rock
|-ability|p1a: Deoxys|Pressure
|turn|19
|
|t:|1779631121
|move|p1a: Deoxys|Thunder Wave|p2a: Sylveon
|-status|p2a: Sylveon|par
|move|p2a: Sylveon|Calm Mind|p2a: Sylveon
|-boost|p2a: Sylveon|spa|1
|-boost|p2a: Sylveon|spd|1
|
|upkeep
|turn|20
|
|t:|1779631133
|switch|p1a: Scizor|Scizor, F|78/100
|-damage|p1a: Scizor|66/100|[from] Stealth Rock
|move|p2a: Sylveon|Hyper Voice|p1a: Scizor
|-resisted|p1a: Scizor
|-damage|p1a: Scizor|28/100
|
|upkeep
|turn|21
|
|t:|1779631141
|move|p1a: Scizor|Bullet Punch|p2a: Sylveon
|-supereffective|p2a: Sylveon
|-damage|p2a: Sylveon|0 fnt
|faint|p2a: Sylveon
|
|upkeep
|
|t:|1779631148
|switch|p2a: Grafaiai|Grafaiai, M|1/100
|turn|22
|
|t:|1779631151
|move|p2a: Grafaiai|Parting Shot|p1a: Scizor
|-unboost|p1a: Scizor|atk|1
|-unboost|p1a: Scizor|spa|1
|
|t:|1779631154
|switch|p2a: Feraligatr|Feraligatr, F|100/100|[from] Parting Shot
|move|p1a: Scizor|Bullet Punch|p2a: Feraligatr
|-resisted|p2a: Feraligatr
|-damage|p2a: Feraligatr|83/100
|
|upkeep
|turn|23
|
|t:|1779631163
|move|p1a: Scizor|Bullet Punch|p2a: Feraligatr
|-resisted|p2a: Feraligatr
|-damage|p2a: Feraligatr|65/100
|move|p2a: Feraligatr|Dragon Dance|p2a: Feraligatr
|-boost|p2a: Feraligatr|atk|1
|-boost|p2a: Feraligatr|spe|1
|
|upkeep
|turn|24
|
|t:|1779631173
|move|p1a: Scizor|Bullet Punch|p2a: Feraligatr
|-resisted|p2a: Feraligatr
|-damage|p2a: Feraligatr|48/100
|move|p2a: Feraligatr|Liquidation|p1a: Scizor
|-damage|p1a: Scizor|0 fnt
|faint|p1a: Scizor
|
|upkeep
|
|t:|1779631180
|switch|p1a: Deoxys|Deoxys-Speed|88/100
|-damage|p1a: Deoxys|76/100|[from] Stealth Rock
|-ability|p1a: Deoxys|Pressure
|turn|25
|
|t:|1779631186
|move|p1a: Deoxys|Spikes|p2a: Feraligatr
|-sidestart|p2: ju2508|Spikes
|move|p2a: Feraligatr|Liquidation|p1a: Deoxys
|-damage|p1a: Deoxys|0 fnt
|faint|p1a: Deoxys
|
|upkeep
|
|t:|1779631192
|switch|p1a: Dragonite|Dragonite, M|95/100
|turn|26
|
|t:|1779631197
|move|p1a: Dragonite|Extreme Speed|p2a: Feraligatr
|-damage|p2a: Feraligatr|18/100
|move|p2a: Feraligatr|Ice Punch|p1a: Dragonite
|-supereffective|p1a: Dragonite
|-damage|p1a: Dragonite|0 fnt
|faint|p1a: Dragonite
|
|upkeep
|
|t:|1779631203
|switch|p1a: Darkrai|Darkrai|100/100
|-damage|p1a: Darkrai|88/100|[from] Stealth Rock
|turn|27
|
|t:|1779631215
|move|p1a: Darkrai|Dark Pulse|p2a: Feraligatr
|-damage|p2a: Feraligatr|0 fnt
|faint|p2a: Feraligatr
|-damage|p1a: Darkrai|78/100|[from] item: Life Orb
|
|upkeep
|
|t:|1779631221
|switch|p2a: Grafaiai|Grafaiai, M|1/100
|-damage|p2a: Grafaiai|0 fnt|[from] Spikes
|faint|p2a: Grafaiai
|
|win|Shrek6onDVD
|raw|Shrek6onDVD's rating: 1060 &rarr; <strong>1093</strong><br />(+33 for winning)
|raw|ju2508's rating: 1082 &rarr; <strong>1058</strong><br />(-24 for losing)
|l|☆ju2508
|player|p2|
|l|☆Shrek6onDVD
|player|p1|
