|j|☆catgentlesir
|j|☆CugikiJL
|t:|1779661071
|gametype|singles
|player|p1|catgentlesir|blackbelt-gen4dp|1102
|player|p2|CugikiJL|waiter|1115
|gen|9
|tier|[Gen 9] OU
|rated|
|rule|HP Percentage Mod: HP is shown in percentages
|rule|Endless Battle Clause: Forcing endless battles is banned
|rule|Species Clause: Limit one of each Pokémon
|rule|OHKO Clause: OHKO moves are banned
|rule|Evasion Items Clause: Evasion items are banned
|rule|Evasion Moves Clause: Evasion moves are banned
|rule|Evasion Abilities Clause: Evasion abilities are banned
|rule|Sleep Moves Clause: Sleep-inducing moves are banned
|clearpoke
|poke|p1|Mew|
|poke|p1|Basculegion, M|
|poke|p1|Weezing-Galar, F|
|poke|p1|Araquanid, M|
|poke|p1|Meganium, M|
|poke|p1|Chimecho, M|
|poke|p2|Slowking-Galar, F|
|poke|p2|Great Tusk|
|poke|p2|Kyurem|
|poke|p2|Kingambit, F|
|poke|p2|Cinderace, M|
|poke|p2|Zapdos|
|teampreview
|
|t:|1779661085
|teamsize|p1|6
|teamsize|p2|6
|start
|switch|p1a: Chimecho|Chimecho, M, shiny|100/100
|switch|p2a: Cinderace|Cinderace, M|100/100
|turn|1
|
|t:|1779661093
|move|p2a: Cinderace|Will-O-Wisp|p1a: Chimecho
|-status|p1a: Chimecho|brn
|move|p1a: Chimecho|Cosmic Power|p1a: Chimecho
|-boost|p1a: Chimecho|def|1
|-boost|p1a: Chimecho|spd|1
|
|-damage|p1a: Chimecho|94/100 brn|[from] brn
|upkeep
|turn|2
|
|t:|1779661102
|move|p2a: Cinderace|Pyro Ball|p1a: Chimecho
|-damage|p1a: Chimecho|65/100 brn
|move|p1a: Chimecho|Cosmic Power|p1a: Chimecho
|-boost|p1a: Chimecho|def|1
|-boost|p1a: Chimecho|spd|1
|
|-heal|p1a: Chimecho|71/100 brn|[from] item: Leftovers
|-damage|p1a: Chimecho|65/100 brn|[from] brn
|upkeep
|turn|3
|
|t:|1779661112
|move|p2a: Cinderace|Pyro Ball|p1a: Chimecho
|-damage|p1a: Chimecho|42/100 brn
|move|p1a: Chimecho|Stored Power|p2a: Cinderace
|-damage|p2a: Cinderace|58/100
|
|-heal|p1a: Chimecho|48/100 brn|[from] item: Leftovers
|-damage|p1a: Chimecho|42/100 brn|[from] brn
|upkeep
|turn|4
|
|t:|1779661124
|move|p2a: Cinderace|U-turn|p1a: Chimecho
|-supereffective|p1a: Chimecho
|-damage|p1a: Chimecho|26/100 brn
|
|t:|1779661127
|switch|p2a: Kingambit|Kingambit, F|100/100|[from] U-turn
|move|p1a: Chimecho|Recover|p1a: Chimecho
|-heal|p1a: Chimecho|76/100 brn
|
|-heal|p1a: Chimecho|82/100 brn|[from] item: Leftovers
|-damage|p1a: Chimecho|76/100 brn|[from] brn
|upkeep
|turn|5
|
|t:|1779661143
|move|p1a: Chimecho|Knock Off|p2a: Kingambit
|-resisted|p2a: Kingambit
|-damage|p2a: Kingambit|98/100
|-enditem|p2a: Kingambit|Leftovers|[from] move: Knock Off|[of] p1a: Chimecho
|move|p2a: Kingambit|Swords Dance|p2a: Kingambit
|-boost|p2a: Kingambit|atk|2
|
|-heal|p1a: Chimecho|82/100 brn|[from] item: Leftovers
|-damage|p1a: Chimecho|76/100 brn|[from] brn
|upkeep
|turn|6
|
|t:|1779661178
|switch|p1a: flowey|Meganium, M, shiny|100/100
|move|p2a: Kingambit|Swords Dance|p2a: Kingambit
|-boost|p2a: Kingambit|atk|2
|
|upkeep
|turn|7
|
|t:|1779661198
|move|p1a: flowey|Body Press|p2a: Kingambit
|-supereffective|p2a: Kingambit
|-damage|p2a: Kingambit|37/100
|move|p2a: Kingambit|Iron Head|p1a: flowey
|-damage|p1a: flowey|0 fnt
|faint|p1a: flowey
|
|upkeep
|
|t:|1779661210
|switch|p1a: Blew|Mew, shiny|100/100
|turn|8
|
|t:|1779661215
|-terastallize|p1a: Blew|Fairy
|move|p2a: Kingambit|Sucker Punch|p1a: Blew
|-resisted|p1a: Blew
|-damage|p1a: Blew|43/100
|move|p1a: Blew|Fire Pledge|p2a: Kingambit
|-supereffective|p2a: Kingambit
|-damage|p2a: Kingambit|0 fnt
|faint|p2a: Kingambit
|-end|p2a: Kingambit|fallenundefined|[silent]
|-damage|p1a: Blew|33/100|[from] item: Life Orb
|
|upkeep
|
|t:|1779661227
|switch|p2a: Cinderace|Cinderace, M|58/100
|turn|9
|
|t:|1779661231
|move|p2a: Cinderace|Pyro Ball|p1a: Blew
|-damage|p1a: Blew|0 fnt
|faint|p1a: Blew
|
|upkeep
|
|t:|1779661237
|switch|p1a: spider|Araquanid, M, shiny|100/100
|turn|10
|
|t:|1779661242
|move|p2a: Cinderace|Will-O-Wisp|p1a: spider
|-immune|p1a: spider|[from] ability: Water Bubble
|move|p1a: spider|Liquidation|p2a: Cinderace
|-supereffective|p2a: Cinderace
|-damage|p2a: Cinderace|0 fnt
|faint|p2a: Cinderace
|
|upkeep
|
|t:|1779661252
|switch|p2a: Kyurem|Kyurem|100/100
|-ability|p2a: Kyurem|Pressure
|turn|11
|
|t:|1779661267
|-terastallize|p2a: Kyurem|Ice
|move|p2a: Kyurem|Freeze-Dry|p1a: spider
|-supereffective|p1a: spider
|-damage|p1a: spider|0 fnt
|faint|p1a: spider
|
|upkeep
|
|t:|1779661275
|switch|p1a: fih <3|Basculegion, M, shiny|100/100
|turn|12
|
|t:|1779661282
|move|p2a: Kyurem|Freeze-Dry|p1a: fih <3
|-supereffective|p1a: fih <3
|-damage|p1a: fih <3|0 fnt
|faint|p1a: fih <3
|
|upkeep
|
|t:|1779661288
|switch|p1a: british|Weezing-Galar, F, shiny|100/100
|turn|13
|
|t:|1779661294
|move|p2a: Kyurem|Freeze-Dry|p1a: british
|-damage|p1a: british|24/100
|-status|p1a: british|frz
|cant|p1a: british|frz
|
|-heal|p1a: british|30/100 frz|[from] item: Leftovers
|upkeep
|turn|14
|c|☆CugikiJL|hax
|
|t:|1779661306
|move|p2a: Kyurem|Freeze-Dry|p1a: british
|-damage|p1a: british|0 fnt
|faint|p1a: british
|
|upkeep
|c|☆catgentlesir|How is that mf legal
|c|☆CugikiJL|538 spa
|
|t:|1779661326
|switch|p1a: Chimecho|Chimecho, M, shiny|76/100 brn
|turn|15
|
|t:|1779661329
|move|p2a: Kyurem|Freeze-Dry|p1a: Chimecho
|-damage|p1a: Chimecho|14/100 brn
|move|p1a: Chimecho|Cosmic Power|p1a: Chimecho
|-boost|p1a: Chimecho|def|1
|-boost|p1a: Chimecho|spd|1
|
|-heal|p1a: Chimecho|21/100 brn|[from] item: Leftovers
|-damage|p1a: Chimecho|14/100 brn|[from] brn
|upkeep
|turn|16
|
|t:|1779661339
|move|p2a: Kyurem|Freeze-Dry|p1a: Chimecho
|-damage|p1a: Chimecho|0 fnt
|faint|p1a: Chimecho
|
|win|CugikiJL
|raw|catgentlesir's rating: 1102 &rarr; <strong>1078</strong><br />(-24 for losing)
|raw|CugikiJL's rating: 1115 &rarr; <strong>1139</strong><br />(+24 for winning)
|l|☆CugikiJL
|player|p2|
|l|☆catgentlesir
|player|p1|
