|j|☆doaho
|j|☆Ruler of the Sand
|t:|1779601410
|gametype|singles
|player|p1|doaho|101|1137
|player|p2|Ruler of the Sand|ghetsis-gen5bw|1107
|gen|9
|tier|[Gen 9] OU
|rated|
|rule|HP Percentage Mod: HP is shown in percentages
|rule|Endless Battle Clause: Forcing endless battles is banned
|rule|Species Clause: Limit one of each Pokémon
|rule|OHKO Clause: OHKO moves are banned
|rule|Evasion Items Clause: Evasion items are banned
|rule|Evasion Moves Clause: Evasion moves are banned
|rule|Evasion Abilities Clause: Evasion abilities are banned
|rule|Sleep Moves Clause: Sleep-inducing moves are banned
|clearpoke
|poke|p1|Ogerpon-Wellspring, F|
|poke|p1|Landorus-Therian, M|
|poke|p1|Latios, M|
|poke|p1|Scizor, M|
|poke|p1|Gholdengo|
|poke|p1|Garganacl, M|
|poke|p2|Gliscor, M|
|poke|p2|Ting-Lu|
|poke|p2|Great Tusk|
|poke|p2|Hippowdon, F|
|poke|p2|Landorus-Therian, M|
|poke|p2|Clodsire, F|
|teampreview
|inactive|Battle timer is ON: inactive players will automatically lose when time's up. (requested by Ruler of the Sand)
|
|t:|1779601427
|teamsize|p1|6
|teamsize|p2|6
|start
|switch|p1a: はさみ|Scizor, M, shiny|100/100
|switch|p2a: Ting-Lu|Ting-Lu|100/100
|-ability|p2a: Ting-Lu|Vessel of Ruin
|turn|1
|
|t:|1779601435
|move|p1a: はさみ|Knock Off|p2a: Ting-Lu
|-resisted|p2a: Ting-Lu
|-damage|p2a: Ting-Lu|93/100
|-enditem|p2a: Ting-Lu|Red Card|[from] move: Knock Off|[of] p1a: はさみ
|move|p2a: Ting-Lu|Stealth Rock|p1a: はさみ
|-sidestart|p1: doaho|move: Stealth Rock
|
|upkeep
|turn|2
|
|t:|1779601442
|move|p1a: はさみ|Swords Dance|p1a: はさみ
|-boost|p1a: はさみ|atk|2
|move|p2a: Ting-Lu|Ruination|p1a: はさみ
|-damage|p1a: はさみ|50/100
|-enditem|p1a: はさみ|Sitrus Berry|[eat]
|-heal|p1a: はさみ|75/100|[from] item: Sitrus Berry
|
|upkeep
|turn|3
|
|t:|1779601451
|move|p1a: はさみ|U-turn|p2a: Ting-Lu
|-supereffective|p2a: Ting-Lu
|-damage|p2a: Ting-Lu|39/100
|
|t:|1779601460
|switch|p1a: 成金ニキ|Gholdengo, shiny|100/100|[from] U-turn
|-damage|p1a: 成金ニキ|94/100|[from] Stealth Rock
|move|p2a: Ting-Lu|Whirlwind|p1a: 成金ニキ
|-immune|p1a: 成金ニキ|[from] ability: Good as Gold
|
|upkeep
|turn|4
|
|t:|1779601470
|move|p1a: 成金ニキ|Nasty Plot|p1a: 成金ニキ
|-boost|p1a: 成金ニキ|spa|2
|move|p2a: Ting-Lu|Earthquake|p1a: 成金ニキ
|-supereffective|p1a: 成金ニキ
|-damage|p1a: 成金ニキ|37/100
|
|upkeep
|turn|5
|
|t:|1779601477
|move|p1a: 成金ニキ|Make It Rain|p2a: Ting-Lu
|-damage|p2a: Ting-Lu|0 fnt
|-unboost|p1a: 成金ニキ|spa|1
|faint|p2a: Ting-Lu
|
|upkeep
|
|t:|1779601485
|switch|p2a: Clodsire|Clodsire, F|100/100
|turn|6
|
|t:|1779601490
|move|p1a: 成金ニキ|Recover|p1a: 成金ニキ
|-heal|p1a: 成金ニキ|87/100
|move|p2a: Clodsire|Stockpile|p2a: Clodsire
|-start|p2a: Clodsire|stockpile1
|-boost|p2a: Clodsire|def|1
|-boost|p2a: Clodsire|spd|1
|
|upkeep
|turn|7
|
|t:|1779601498
|move|p1a: 成金ニキ|Make It Rain|p2a: Clodsire
|-damage|p2a: Clodsire|72/100
|-unboost|p1a: 成金ニキ|spa|1
|move|p2a: Clodsire|Earthquake|p1a: 成金ニキ
|-supereffective|p1a: 成金ニキ
|-damage|p1a: 成金ニキ|43/100
|
|-heal|p2a: Clodsire|78/100|[from] item: Leftovers
|upkeep
|turn|8
|
|t:|1779601510
|switch|p1a: お兄ちゃんだぞ！！|Latios, M, shiny|100/100
|-damage|p1a: お兄ちゃんだぞ！！|88/100|[from] Stealth Rock
|move|p2a: Clodsire|Stockpile|p2a: Clodsire
|-start|p2a: Clodsire|stockpile2
|-boost|p2a: Clodsire|def|1
|-boost|p2a: Clodsire|spd|1
|
|-heal|p2a: Clodsire|84/100|[from] item: Leftovers
|upkeep
|turn|9
|
|t:|1779601520
|move|p1a: お兄ちゃんだぞ！！|Trick|p2a: Clodsire
|-activate|p1a: お兄ちゃんだぞ！！|move: Trick|[of] p2a: Clodsire
|-item|p2a: Clodsire|Choice Specs|[from] move: Trick
|-item|p1a: お兄ちゃんだぞ！！|Leftovers|[from] move: Trick
|move|p2a: Clodsire|Toxic|p1a: お兄ちゃんだぞ！！
|-status|p1a: お兄ちゃんだぞ！！|tox
|
|-heal|p1a: お兄ちゃんだぞ！！|94/100 tox|[from] item: Leftovers
|-damage|p1a: お兄ちゃんだぞ！！|88/100 tox|[from] psn
|upkeep
|turn|10
|
|t:|1779601533
|switch|p2a: Hippowdon|Hippowdon, F|100/100
|-weather|Sandstorm|[from] ability: Sand Stream|[of] p2a: Hippowdon
|move|p1a: お兄ちゃんだぞ！！|Luster Purge|p2a: Hippowdon
|-damage|p2a: Hippowdon|45/100
|
|-weather|Sandstorm|[upkeep]
|-damage|p1a: お兄ちゃんだぞ！！|82/100 tox|[from] Sandstorm
|-heal|p1a: お兄ちゃんだぞ！！|88/100 tox|[from] item: Leftovers
|-damage|p1a: お兄ちゃんだぞ！！|76/100 tox|[from] psn
|upkeep
|turn|11
|
|t:|1779601545
|move|p1a: お兄ちゃんだぞ！！|Flip Turn|p2a: Hippowdon
|-supereffective|p2a: Hippowdon
|-damage|p2a: Hippowdon|34/100
|
|t:|1779601551
|switch|p1a: 土地爺|Landorus-Therian, M, shiny|100/100|[from] Flip Turn
|-damage|p1a: 土地爺|88/100|[from] Stealth Rock
|-ability|p1a: 土地爺|Intimidate|boost
|-unboost|p2a: Hippowdon|atk|1
|move|p2a: Hippowdon|Slack Off|p2a: Hippowdon
|-heal|p2a: Hippowdon|84/100
|
|-weather|Sandstorm|[upkeep]
|upkeep
|turn|12
|
|t:|1779601562
|move|p1a: 土地爺|Grass Knot|p2a: Hippowdon
|-supereffective|p2a: Hippowdon
|-damage|p2a: Hippowdon|30/100
|move|p2a: Hippowdon|Body Slam|p1a: 土地爺
|-damage|p1a: 土地爺|72/100
|
|-weather|Sandstorm|[upkeep]
|upkeep
|turn|13
|
|t:|1779601571
|switch|p2a: Landorus|Landorus-Therian, M|100/100
|-ability|p2a: Landorus|Intimidate|boost
|-unboost|p1a: 土地爺|atk|1
|move|p1a: 土地爺|Grass Knot|p2a: Landorus
|-damage|p2a: Landorus|77/100
|-damage|p1a: 土地爺|56/100|[from] item: Rocky Helmet|[of] p2a: Landorus
|
|-weather|Sandstorm|[upkeep]
|upkeep
|turn|14
|
|t:|1779601581
|move|p2a: Landorus|Smack Down|p1a: 土地爺
|-crit|p1a: 土地爺
|-damage|p1a: 土地爺|28/100
|-start|p1a: 土地爺|Smack Down
|move|p1a: 土地爺|U-turn|p2a: Landorus
|-resisted|p2a: Landorus
|-damage|p2a: Landorus|68/100
|-damage|p1a: 土地爺|11/100|[from] item: Rocky Helmet|[of] p2a: Landorus
|
|t:|1779601592
|switch|p1a: ぽにお|Ogerpon-Wellspring, F|100/100|[from] U-turn
|-damage|p1a: ぽにお|88/100|[from] Stealth Rock
|
|-weather|Sandstorm|[upkeep]
|-damage|p1a: ぽにお|82/100|[from] Sandstorm
|upkeep
|turn|15
|
|t:|1779601600
|switch|p2a: Clodsire|Clodsire, F|84/100
|move|p1a: ぽにお|Ivy Cudgel|p2a: Clodsire|[anim] Ivy Cudgel Water
|-heal|p2a: Clodsire|100/100|[from] ability: Water Absorb|[of] p1a: ぽにお
|
|-weather|Sandstorm|[upkeep]
|-damage|p1a: ぽにお|76/100|[from] Sandstorm
|upkeep
|turn|16
|
|t:|1779601610
|move|p1a: ぽにお|Substitute|p1a: ぽにお
|-start|p1a: ぽにお|Substitute
|-damage|p1a: ぽにお|51/100
|move|p2a: Clodsire|Toxic||[still]
|-fail|p2a: Clodsire
|
|-weather|Sandstorm|[upkeep]
|-damage|p1a: ぽにお|45/100|[from] Sandstorm
|upkeep
|turn|17
|
|t:|1779601619
|switch|p2a: Landorus|Landorus-Therian, M|68/100
|-ability|p2a: Landorus|Intimidate|boost
|-immune|p1a: ぽにお
|move|p1a: ぽにお|Leech Seed|p2a: Landorus
|-start|p2a: Landorus|move: Leech Seed
|
|-weather|none
|-damage|p2a: Landorus|56/100|[from] Leech Seed|[of] p1a: ぽにお
|-heal|p1a: ぽにお|56/100|[silent]
|upkeep
|turn|18
|
|t:|1779601629
|move|p2a: Landorus|Earthquake|p1a: ぽにお
|-resisted|p1a: ぽにお
|-end|p1a: ぽにお|Substitute
|move|p1a: ぽにお|Substitute|p1a: ぽにお
|-start|p1a: ぽにお|Substitute
|-damage|p1a: ぽにお|31/100
|
|-damage|p2a: Landorus|43/100|[from] Leech Seed|[of] p1a: ぽにお
|-heal|p1a: ぽにお|41/100|[silent]
|upkeep
|turn|19
|
|t:|1779601638
|move|p2a: Landorus|Earthquake|p1a: ぽにお
|-resisted|p1a: ぽにお
|-end|p1a: ぽにお|Substitute
|move|p1a: ぽにお|Synthesis|p1a: ぽにお
|-heal|p1a: ぽにお|91/100
|
|-damage|p2a: Landorus|31/100|[from] Leech Seed|[of] p1a: ぽにお
|-heal|p1a: ぽにお|100/100|[silent]
|upkeep
|turn|20
|
|t:|1779601647
|move|p2a: Landorus|Taunt|p1a: ぽにお
|-start|p1a: ぽにお|move: Taunt
|cant|p1a: ぽにお|move: Taunt|Substitute
|
|-damage|p2a: Landorus|19/100|[from] Leech Seed|[of] p1a: ぽにお
|upkeep
|turn|21
|
|t:|1779601661
|switch|p1a: 土地爺|Landorus-Therian, M, shiny|11/100
|-damage|p1a: 土地爺|0 fnt|[from] Stealth Rock
|faint|p1a: 土地爺
|move|p2a: Landorus|U-turn|p1: 土地爺|[notarget]
|-fail|p2a: Landorus
|
|upkeep
|
|t:|1779601669
|switch|p1a: 博多の塩|Garganacl, M, shiny|100/100
|-damage|p1a: 博多の塩|88/100|[from] Stealth Rock
|turn|22
|
|t:|1779601674
|move|p1a: 博多の塩|Protect|p1a: 博多の塩
|-singleturn|p1a: 博多の塩|Protect
|move|p2a: Landorus|Earthquake|p1a: 博多の塩
|-activate|p1a: 博多の塩|move: Protect
|
|-heal|p1a: 博多の塩|94/100|[from] item: Leftovers
|-damage|p2a: Landorus|7/100|[from] Leech Seed|[of] p1a: 博多の塩
|-heal|p1a: 博多の塩|100/100|[silent]
|upkeep
|turn|23
|
|t:|1779601683
|move|p2a: Landorus|Taunt|p1a: 博多の塩
|-start|p1a: 博多の塩|move: Taunt
|move|p1a: 博多の塩|Salt Cure|p2a: Landorus
|-damage|p2a: Landorus|0 fnt
|faint|p2a: Landorus
|
|upkeep
|
|t:|1779601691
|switch|p2a: Great Tusk|Great Tusk|100/100
|-enditem|p2a: Great Tusk|Booster Energy
|-activate|p2a: Great Tusk|ability: Protosynthesis|[fromitem]
|-start|p2a: Great Tusk|protosynthesisatk
|turn|24
|
|t:|1779601697
|switch|p1a: お兄ちゃんだぞ！！|Latios, M, shiny|76/100 tox
|-damage|p1a: お兄ちゃんだぞ！！|64/100 tox|[from] Stealth Rock
|move|p2a: Great Tusk|Rapid Spin|p1a: お兄ちゃんだぞ！！
|-crit|p1a: お兄ちゃんだぞ！！
|-damage|p1a: お兄ちゃんだぞ！！|18/100 tox
|-boost|p2a: Great Tusk|spe|1
|
|-heal|p1a: お兄ちゃんだぞ！！|24/100 tox|[from] item: Leftovers
|-damage|p1a: お兄ちゃんだぞ！！|18/100 tox|[from] psn
|upkeep
|turn|25
|
|t:|1779601711
|move|p2a: Great Tusk|Rapid Spin|p1a: お兄ちゃんだぞ！！
|-damage|p1a: お兄ちゃんだぞ！！|0 fnt
|-boost|p2a: Great Tusk|spe|1
|faint|p1a: お兄ちゃんだぞ！！
|
|upkeep
|
|t:|1779601726
|switch|p1a: 博多の塩|Garganacl, M, shiny|100/100
|-damage|p1a: 博多の塩|88/100|[from] Stealth Rock
|turn|26
|
|t:|1779601733
|-terastallize|p1a: 博多の塩|Ghost
|move|p2a: Great Tusk|Headlong Rush|p1a: 博多の塩
|-damage|p1a: 博多の塩|43/100
|-unboost|p2a: Great Tusk|def|1
|-unboost|p2a: Great Tusk|spd|1
|move|p1a: 博多の塩|Salt Cure|p2a: Great Tusk
|-resisted|p2a: Great Tusk
|-damage|p2a: Great Tusk|97/100
|-start|p2a: Great Tusk|Salt Cure
|
|-heal|p1a: 博多の塩|50/100|[from] item: Leftovers
|-damage|p2a: Great Tusk|85/100|[from] Salt Cure
|upkeep
|turn|27
|
|t:|1779601747
|move|p1a: 博多の塩|Protect|p1a: 博多の塩
|-singleturn|p1a: 博多の塩|Protect
|move|p2a: Great Tusk|Headlong Rush|p1a: 博多の塩
|-activate|p1a: 博多の塩|move: Protect
|
|-heal|p1a: 博多の塩|56/100|[from] item: Leftovers
|-damage|p2a: Great Tusk|72/100|[from] Salt Cure
|upkeep
|turn|28
|
|t:|1779601762
|switch|p1a: はさみ|Scizor, M, shiny|75/100
|-damage|p1a: はさみ|63/100|[from] Stealth Rock
|move|p2a: Great Tusk|Headlong Rush|p1a: はさみ
|-damage|p1a: はさみ|0 fnt
|-unboost|p2a: Great Tusk|def|1
|-unboost|p2a: Great Tusk|spd|1
|faint|p1a: はさみ
|
|-damage|p2a: Great Tusk|60/100|[from] Salt Cure
|upkeep
|
|t:|1779601774
|switch|p1a: 博多の塩|Garganacl, M, shiny, tera:Ghost|56/100
|-damage|p1a: 博多の塩|43/100|[from] Stealth Rock
|turn|29
|
|t:|1779601778
|move|p1a: 博多の塩|Protect|p1a: 博多の塩
|-singleturn|p1a: 博多の塩|Protect
|move|p2a: Great Tusk|Headlong Rush|p1a: 博多の塩
|-activate|p1a: 博多の塩|move: Protect
|
|-heal|p1a: 博多の塩|50/100|[from] item: Leftovers
|-damage|p2a: Great Tusk|47/100|[from] Salt Cure
|upkeep
|turn|30
|
|t:|1779601797
|-end|p2a: Great Tusk|Protosynthesis|[silent]
|switch|p2a: Gliscor|Gliscor, M|100/100
|switch|p1a: 成金ニキ|Gholdengo, shiny|43/100
|-damage|p1a: 成金ニキ|37/100|[from] Stealth Rock
|
|-status|p2a: Gliscor|tox|[from] item: Toxic Orb
|upkeep
|turn|31
|
|t:|1779601806
|move|p2a: Gliscor|Knock Off|p1a: 成金ニキ
|-supereffective|p1a: 成金ニキ
|-damage|p1a: 成金ニキ|0 fnt
|-damage|p2a: Gliscor|84/100 tox|[from] item: Rocky Helmet|[of] p1a: 成金ニキ
|-enditem|p1a: 成金ニキ|Rocky Helmet|[from] move: Knock Off|[of] p2a: Gliscor
|faint|p1a: 成金ニキ
|
|-heal|p2a: Gliscor|96/100 tox|[from] ability: Poison Heal
|upkeep
|
|t:|1779601815
|switch|p1a: ぽにお|Ogerpon-Wellspring, F|100/100
|-damage|p1a: ぽにお|88/100|[from] Stealth Rock
|turn|32
|
|t:|1779601821
|move|p1a: ぽにお|Substitute|p1a: ぽにお
|-start|p1a: ぽにお|Substitute
|-damage|p1a: ぽにお|63/100
|move|p2a: Gliscor|Toxic||[still]
|-fail|p2a: Gliscor
|
|-heal|p2a: Gliscor|100/100 tox|[from] ability: Poison Heal
|upkeep
|turn|33
|
|t:|1779601829
|move|p1a: ぽにお|Leech Seed|p2a: Gliscor
|-start|p2a: Gliscor|move: Leech Seed
|move|p2a: Gliscor|Knock Off|p1a: ぽにお
|-activate|p1a: ぽにお|move: Substitute|[damage]
|
|-damage|p2a: Gliscor|88/100 tox|[from] Leech Seed|[of] p1a: ぽにお
|-heal|p1a: ぽにお|75/100|[silent]
|-heal|p2a: Gliscor|100/100 tox|[from] ability: Poison Heal
|upkeep
|turn|34
|
|t:|1779601838
|switch|p2a: Hippowdon|Hippowdon, F|30/100
|-weather|Sandstorm|[from] ability: Sand Stream|[of] p2a: Hippowdon
|move|p1a: ぽにお|Ivy Cudgel|p2a: Hippowdon|[anim] Ivy Cudgel Water
|-supereffective|p2a: Hippowdon
|-damage|p2a: Hippowdon|0 fnt
|faint|p2a: Hippowdon
|
|-weather|Sandstorm|[upkeep]
|-damage|p1a: ぽにお|69/100|[from] Sandstorm
|upkeep
|inactive|Ruler of the Sand has 120 seconds left.
|
|t:|1779601888
|switch|p2a: Clodsire|Clodsire, F|100/100
|turn|35
|
|t:|1779601913
|move|p1a: ぽにお|Leech Seed|p2a: Clodsire
|-start|p2a: Clodsire|move: Leech Seed
|move|p2a: Clodsire|Stockpile|p2a: Clodsire
|-start|p2a: Clodsire|stockpile1
|-boost|p2a: Clodsire|def|1
|-boost|p2a: Clodsire|spd|1
|
|-weather|Sandstorm|[upkeep]
|-damage|p1a: ぽにお|63/100|[from] Sandstorm
|-damage|p2a: Clodsire|88/100|[from] Leech Seed|[of] p1a: ぽにお
|-heal|p1a: ぽにお|79/100|[silent]
|upkeep
|turn|36
|
|t:|1779601925
|move|p1a: ぽにお|Leech Seed||[still]
|-fail|p1a: ぽにお
|move|p2a: Clodsire|Stockpile|p2a: Clodsire
|-start|p2a: Clodsire|stockpile2
|-boost|p2a: Clodsire|def|1
|-boost|p2a: Clodsire|spd|1
|
|-weather|Sandstorm|[upkeep]
|-damage|p1a: ぽにお|73/100|[from] Sandstorm
|-damage|p2a: Clodsire|76/100|[from] Leech Seed|[of] p1a: ぽにお
|-heal|p1a: ぽにお|88/100|[silent]
|upkeep
|turn|37
|
|t:|1779601937
|move|p1a: ぽにお|Leech Seed||[still]
|-fail|p1a: ぽにお
|move|p2a: Clodsire|Stockpile|p2a: Clodsire
|-start|p2a: Clodsire|stockpile3
|-boost|p2a: Clodsire|def|1
|-boost|p2a: Clodsire|spd|1
|
|-weather|Sandstorm|[upkeep]
|-damage|p1a: ぽにお|82/100|[from] Sandstorm
|-damage|p2a: Clodsire|64/100|[from] Leech Seed|[of] p1a: ぽにお
|-heal|p1a: ぽにお|98/100|[silent]
|upkeep
|turn|38
|
|t:|1779601949
|move|p1a: ぽにお|Leech Seed||[still]
|-fail|p1a: ぽにお
|move|p2a: Clodsire|Stockpile||[still]
|-fail|p2a: Clodsire
|
|-weather|Sandstorm|[upkeep]
|-damage|p1a: ぽにお|92/100|[from] Sandstorm
|-damage|p2a: Clodsire|51/100|[from] Leech Seed|[of] p1a: ぽにお
|-heal|p1a: ぽにお|100/100|[silent]
|upkeep
|turn|39
|
|t:|1779601959
|move|p1a: ぽにお|Substitute|p1a: ぽにお
|-fail|p1a: ぽにお|move: Substitute
|move|p2a: Clodsire|Stockpile||[still]
|-fail|p2a: Clodsire
|
|-weather|Sandstorm|[upkeep]
|-damage|p1a: ぽにお|94/100|[from] Sandstorm
|-damage|p2a: Clodsire|39/100|[from] Leech Seed|[of] p1a: ぽにお
|-heal|p1a: ぽにお|100/100|[silent]
|upkeep
|turn|40
|
|t:|1779601969
|switch|p2a: Gliscor|Gliscor, M|100/100 tox
|move|p1a: ぽにお|Substitute|p1a: ぽにお
|-fail|p1a: ぽにお|move: Substitute
|
|-weather|Sandstorm|[upkeep]
|-damage|p1a: ぽにお|94/100|[from] Sandstorm
|upkeep
|turn|41
|
|t:|1779601977
|move|p2a: Gliscor|Protect|p2a: Gliscor
|-singleturn|p2a: Gliscor|Protect
|move|p1a: ぽにお|Leech Seed|p2a: Gliscor
|-activate|p2a: Gliscor|move: Protect
|
|-weather|none
|upkeep
|turn|42
|
|t:|1779601985
|switch|p2a: Clodsire|Clodsire, F|39/100
|move|p1a: ぽにお|Leech Seed|p2a: Clodsire
|-start|p2a: Clodsire|move: Leech Seed
|
|-damage|p2a: Clodsire|27/100|[from] Leech Seed|[of] p1a: ぽにお
|-heal|p1a: ぽにお|100/100|[silent]
|upkeep
|turn|43
|
|t:|1779601994
|move|p1a: ぽにお|Substitute|p1a: ぽにお
|-fail|p1a: ぽにお|move: Substitute
|move|p2a: Clodsire|Recover|p2a: Clodsire
|-heal|p2a: Clodsire|77/100
|
|-damage|p2a: Clodsire|64/100|[from] Leech Seed|[of] p1a: ぽにお
|upkeep
|turn|44
|
|t:|1779602002
|switch|p1a: 博多の塩|Garganacl, M, shiny, tera:Ghost|50/100
|-damage|p1a: 博多の塩|37/100|[from] Stealth Rock
|switch|p2a: Gliscor|Gliscor, M|100/100 tox
|
|-heal|p1a: 博多の塩|43/100|[from] item: Leftovers
|upkeep
|turn|45
|
|t:|1779602012
|-terastallize|p2a: Gliscor|Dark
|move|p2a: Gliscor|Knock Off|p1a: 博多の塩
|-supereffective|p1a: 博多の塩
|-damage|p1a: 博多の塩|9/100
|-enditem|p1a: 博多の塩|Leftovers|[from] move: Knock Off|[of] p2a: Gliscor
|move|p1a: 博多の塩|Recover|p1a: 博多の塩
|-heal|p1a: 博多の塩|59/100
|
|upkeep
|turn|46
|
|t:|1779602022
|move|p2a: Gliscor|Earthquake|p1a: 博多の塩
|-damage|p1a: 博多の塩|38/100
|move|p1a: 博多の塩|Salt Cure|p2a: Gliscor
|-damage|p2a: Gliscor|93/100 tox
|-start|p2a: Gliscor|Salt Cure
|
|-heal|p2a: Gliscor|100/100 tox|[from] ability: Poison Heal
|-damage|p2a: Gliscor|88/100 tox|[from] Salt Cure
|upkeep
|turn|47
|
|t:|1779602033
|move|p2a: Gliscor|Toxic|p1a: 博多の塩
|-immune|p1a: 博多の塩|[from] ability: Purifying Salt
|move|p1a: 博多の塩|Recover|p1a: 博多の塩
|-heal|p1a: 博多の塩|88/100
|
|-heal|p2a: Gliscor|100/100 tox|[from] ability: Poison Heal
|-damage|p2a: Gliscor|88/100 tox|[from] Salt Cure
|upkeep
|turn|48
|
|t:|1779602043
|switch|p1a: ぽにお|Ogerpon-Wellspring, F|100/100
|-damage|p1a: ぽにお|88/100|[from] Stealth Rock
|move|p2a: Gliscor|Toxic|p1a: ぽにお
|-status|p1a: ぽにお|tox
|
|-damage|p1a: ぽにお|82/100 tox|[from] psn
|-heal|p2a: Gliscor|100/100 tox|[from] ability: Poison Heal
|-damage|p2a: Gliscor|88/100 tox|[from] Salt Cure
|upkeep
|turn|49
|-message|doaho forfeited.
|
|win|Ruler of the Sand
|raw|doaho's rating: 1137 &rarr; <strong>1110</strong><br />(-27 for losing)
|raw|Ruler of the Sand's rating: 1107 &rarr; <strong>1134</strong><br />(+27 for winning)
|l|☆doaho
|player|p1|
