|j|☆Lamperi0n
|j|☆SlNGULARlTY
|t:|1779713359
|gametype|singles
|player|p1|Lamperi0n|will|1443
|player|p2|SlNGULARlTY|koga|1485
|gen|9
|tier|[Gen 9] OU
|rated|
|rule|HP Percentage Mod: HP is shown in percentages
|rule|Endless Battle Clause: Forcing endless battles is banned
|rule|Species Clause: Limit one of each Pokémon
|rule|OHKO Clause: OHKO moves are banned
|rule|Evasion Items Clause: Evasion items are banned
|rule|Evasion Moves Clause: Evasion moves are banned
|rule|Evasion Abilities Clause: Evasion abilities are banned
|rule|Sleep Moves Clause: Sleep-inducing moves are banned
|clearpoke
|poke|p1|Weezing-Galar, M|
|poke|p1|Alomomola, F|
|poke|p1|Iron Treads|
|poke|p1|Tornadus-Therian, M|
|poke|p1|Zamazenta-*|
|poke|p1|Lokix, M|
|poke|p2|Ogerpon-Wellspring, F|
|poke|p2|Moltres|
|poke|p2|Gholdengo|
|poke|p2|Garganacl, M|
|poke|p2|Hatterene, F|
|poke|p2|Heatran, F|
|teampreview
|inactive|Battle timer is ON: inactive players will automatically lose when time's up. (requested by SlNGULARlTY)
|
|t:|1779713365
|teamsize|p1|6
|teamsize|p2|6
|start
|switch|p1a: Zamazenta|Zamazenta|100/100
|switch|p2a: Heatran|Heatran, F|100/100
|-ability|p1a: Zamazenta|Dauntless Shield|boost
|-boost|p1a: Zamazenta|def|1
|turn|1
|
|t:|1779713370
|switch|p2a: Gholdengo|Gholdengo|100/100
|-item|p2a: Gholdengo|Air Balloon
|move|p1a: Zamazenta|Stone Edge|p2a: Gholdengo|[miss]
|-miss|p1a: Zamazenta|p2a: Gholdengo
|
|upkeep
|turn|2
|
|t:|1779713378
|switch|p1a: Iron Treads|Iron Treads|100/100
|switch|p2a: Hatterene|Hatterene, F|100/100
|
|upkeep
|turn|3
|
|t:|1779713382
|switch|p2a: Moltres|Moltres|100/100
|move|p1a: Iron Treads|Earthquake|p2a: Moltres
|-immune|p2a: Moltres
|
|upkeep
|turn|4
|
|t:|1779713385
|move|p1a: Iron Treads|Stealth Rock|p2a: Moltres
|-sidestart|p2: SlNGULARlTY|move: Stealth Rock
|move|p2a: Moltres|Flamethrower|p1a: Iron Treads
|-supereffective|p1a: Iron Treads
|-damage|p1a: Iron Treads|15/100
|
|-heal|p1a: Iron Treads|21/100|[from] item: Leftovers
|upkeep
|turn|5
|
|t:|1779713390
|-end|p1a: Iron Treads|Quark Drive|[silent]
|switch|p1a: Alomomola|Alomomola, F|100/100
|move|p2a: Moltres|Will-O-Wisp|p1a: Alomomola
|-status|p1a: Alomomola|brn
|
|-damage|p1a: Alomomola|94/100 brn|[from] brn
|upkeep
|turn|6
|
|t:|1779713397
|move|p2a: Moltres|Flamethrower|p1a: Alomomola
|-resisted|p1a: Alomomola
|-damage|p1a: Alomomola|78/100 brn
|move|p1a: Alomomola|Wish|p1a: Alomomola
|
|-damage|p1a: Alomomola|72/100 brn|[from] brn
|upkeep
|turn|7
|
|t:|1779713404
|switch|p2a: Ogerpon|Ogerpon-Wellspring, F|100/100
|-damage|p2a: Ogerpon|88/100|[from] Stealth Rock
|switch|p1a: Iron Treads|Iron Treads|21/100
|
|-heal|p1a: Iron Treads|87/100|[from] move: Wish|[wisher] Alomomola
|-heal|p1a: Iron Treads|93/100|[from] item: Leftovers
|upkeep
|turn|8
|
|t:|1779713409
|-end|p1a: Iron Treads|Quark Drive|[silent]
|switch|p1a: Tornadus|Tornadus-Therian, M|100/100
|move|p2a: Ogerpon|Trailblaze|p1a: Tornadus
|-resisted|p1a: Tornadus
|-damage|p1a: Tornadus|85/100
|-boost|p2a: Ogerpon|spe|1
|
|upkeep
|turn|9
|
|t:|1779713414
|-terastallize|p2a: Ogerpon|Water
|detailschange|p2a: Ogerpon|Ogerpon-Wellspring-Tera, F, tera:Water
|-ability|p2a: Ogerpon|Embody Aspect (Wellspring)|boost
|-boost|p2a: Ogerpon|spd|1
|move|p2a: Ogerpon|Swords Dance|p2a: Ogerpon
|-boost|p2a: Ogerpon|atk|2
|move|p1a: Tornadus|Bleakwind Storm|p2a: Ogerpon
|-damage|p2a: Ogerpon|61/100
|
|upkeep
|turn|10
|
|t:|1779713425
|switch|p1a: Alomomola|Alomomola, F|100/100 brn
|move|p2a: Ogerpon|Ivy Cudgel|p1a: Alomomola|[anim] Ivy Cudgel Water
|-resisted|p1a: Alomomola
|-damage|p1a: Alomomola|53/100 brn
|
|-damage|p1a: Alomomola|47/100 brn|[from] brn
|upkeep
|turn|11
|
|t:|1779713434
|move|p2a: Ogerpon|Ivy Cudgel|p1a: Alomomola|[anim] Ivy Cudgel Water
|-resisted|p1a: Alomomola
|-damage|p1a: Alomomola|0 fnt
|faint|p1a: Alomomola
|
|upkeep
|
|t:|1779713437
|switch|p1a: Lokix|Lokix, M|100/100
|turn|12
|
|t:|1779713447
|switch|p2a: Moltres|Moltres|100/100
|move|p1a: Lokix|First Impression|p2a: Moltres
|-resisted|p2a: Moltres
|-damage|p2a: Moltres|77/100
|-status|p1a: Lokix|brn|[from] ability: Flame Body|[of] p2a: Moltres
|
|-damage|p1a: Lokix|94/100 brn|[from] brn
|upkeep
|turn|13
|
|t:|1779713453
|switch|p1a: Tornadus|Tornadus-Therian, M|100/100
|move|p2a: Moltres|U-turn|p1a: Tornadus
|-resisted|p1a: Tornadus
|-damage|p1a: Tornadus|92/100
|
|t:|1779713458
|switch|p2a: Heatran|Heatran, F|100/100|[from] U-turn
|-damage|p2a: Heatran|88/100|[from] Stealth Rock
|
|upkeep
|turn|14
|
|t:|1779713461
|move|p1a: Tornadus|U-turn|p2a: Heatran
|-resisted|p2a: Heatran
|-damage|p2a: Heatran|84/100
|
|t:|1779713466
|switch|p1a: Weezing|Weezing-Galar, M|100/100|[from] U-turn
|-ability|p1a: Weezing|Neutralizing Gas
|move|p2a: Heatran|Magma Storm|p1a: Weezing
|-damage|p1a: Weezing|1/100
|-activate|p1a: Weezing|move: Magma Storm|[of] p2a: Heatran
|
|-heal|p1a: Weezing|7/100|[from] item: Leftovers
|-damage|p1a: Weezing|0 fnt|[from] move: Magma Storm|[partiallytrapped]
|faint|p1a: Weezing
|-end|p1a: Weezing|ability: Neutralizing Gas
|upkeep
|
|t:|1779713473
|switch|p1a: Zamazenta|Zamazenta|100/100
|turn|15
|
|t:|1779713487
|switch|p2a: Gholdengo|Gholdengo|100/100
|-damage|p2a: Gholdengo|94/100|[from] Stealth Rock
|-item|p2a: Gholdengo|Air Balloon
|move|p1a: Zamazenta|Close Combat|p2a: Gholdengo
|-immune|p2a: Gholdengo
|
|upkeep
|turn|16
|
|t:|1779713494
|switch|p1a: Tornadus|Tornadus-Therian, M|100/100
|move|p2a: Gholdengo|Shadow Ball|p1a: Tornadus
|-damage|p1a: Tornadus|69/100
|-unboost|p1a: Tornadus|spd|1
|
|upkeep
|turn|17
|
|t:|1779713500
|move|p1a: Tornadus|U-turn|p2a: Gholdengo
|-resisted|p2a: Gholdengo
|-damage|p2a: Gholdengo|90/100
|-enditem|p2a: Gholdengo|Air Balloon
|
|t:|1779713502
|switch|p1a: Lokix|Lokix, M|94/100 brn|[from] U-turn
|move|p2a: Gholdengo|Make It Rain|p1a: Lokix
|-damage|p1a: Lokix|0 fnt
|-unboost|p2a: Gholdengo|spa|1
|faint|p1a: Lokix
|
|upkeep
|
|t:|1779713504
|switch|p1a: Tornadus|Tornadus-Therian, M|100/100
|turn|18
|
|t:|1779713511
|move|p1a: Tornadus|U-turn|p2a: Gholdengo
|-resisted|p2a: Gholdengo
|-damage|p2a: Gholdengo|87/100
|
|t:|1779713513
|switch|p1a: Iron Treads|Iron Treads|93/100|[from] U-turn
|move|p2a: Gholdengo|Focus Blast|p1a: Iron Treads|[miss]
|-miss|p2a: Gholdengo|p1a: Iron Treads
|
|-heal|p1a: Iron Treads|99/100|[from] item: Leftovers
|upkeep
|turn|19
|
|t:|1779713521
|switch|p2a: Moltres|Moltres|77/100
|move|p1a: Iron Treads|Earthquake|p2a: Moltres
|-immune|p2a: Moltres
|
|-heal|p1a: Iron Treads|100/100|[from] item: Leftovers
|upkeep
|turn|20
|
|t:|1779713525
|-end|p1a: Iron Treads|Quark Drive|[silent]
|switch|p1a: Tornadus|Tornadus-Therian, M|100/100
|move|p2a: Moltres|Will-O-Wisp|p1a: Tornadus
|-status|p1a: Tornadus|brn
|
|-damage|p1a: Tornadus|94/100 brn|[from] brn
|upkeep
|turn|21
|
|t:|1779713529
|switch|p2a: Gholdengo|Gholdengo|87/100
|-damage|p2a: Gholdengo|81/100|[from] Stealth Rock
|move|p1a: Tornadus|Bleakwind Storm|p2a: Gholdengo
|-resisted|p2a: Gholdengo
|-damage|p2a: Gholdengo|60/100
|
|-damage|p1a: Tornadus|88/100 brn|[from] brn
|upkeep
|turn|22
|
|t:|1779713537
|move|p1a: Tornadus|Heat Wave|p2a: Gholdengo
|-supereffective|p2a: Gholdengo
|-damage|p2a: Gholdengo|0 fnt
|faint|p2a: Gholdengo
|
|-damage|p1a: Tornadus|82/100 brn|[from] brn
|upkeep
|
|t:|1779713540
|switch|p2a: Ogerpon|Ogerpon-Wellspring-Tera, F, tera:Water|61/100
|-damage|p2a: Ogerpon|49/100|[from] Stealth Rock
|-ability|p2a: Ogerpon|Embody Aspect (Wellspring)|boost
|-boost|p2a: Ogerpon|spd|1
|turn|23
|
|t:|1779713551
|move|p1a: Tornadus|Bleakwind Storm|p2a: Ogerpon
|-damage|p2a: Ogerpon|22/100
|-unboost|p2a: Ogerpon|spe|1
|move|p2a: Ogerpon|Synthesis|p2a: Ogerpon
|-heal|p2a: Ogerpon|72/100
|
|-damage|p1a: Tornadus|76/100 brn|[from] brn
|upkeep
|turn|24
|
|t:|1779713563
|move|p1a: Tornadus|U-turn|p2a: Ogerpon
|-damage|p2a: Ogerpon|63/100
|
|t:|1779713564
|switch|p1a: Zamazenta|Zamazenta|100/100|[from] U-turn
|move|p2a: Ogerpon|Synthesis|p2a: Ogerpon
|-heal|p2a: Ogerpon|100/100
|
|upkeep
|turn|25
|
|t:|1779713571
|switch|p2a: Heatran|Heatran, F|84/100
|-damage|p2a: Heatran|72/100|[from] Stealth Rock
|move|p1a: Zamazenta|Close Combat|p2a: Heatran
|-supereffective|p2a: Heatran
|-damage|p2a: Heatran|0 fnt
|-unboost|p1a: Zamazenta|def|1
|-unboost|p1a: Zamazenta|spd|1
|faint|p2a: Heatran
|
|upkeep
|
|t:|1779713575
|switch|p2a: Hatterene|Hatterene, F|100/100
|-damage|p2a: Hatterene|88/100|[from] Stealth Rock
|turn|26
|
|t:|1779713580
|switch|p1a: Iron Treads|Iron Treads|100/100
|switch|p2a: Moltres|Moltres|77/100
|
|upkeep
|turn|27
|
|t:|1779713585
|-end|p1a: Iron Treads|Quark Drive|[silent]
|switch|p1a: Tornadus|Tornadus-Therian, M|100/100 brn
|move|p2a: Moltres|Flamethrower|p1a: Tornadus
|-damage|p1a: Tornadus|74/100 brn
|
|-damage|p1a: Tornadus|68/100 brn|[from] brn
|upkeep
|turn|28
|
|t:|1779713592
|switch|p2a: Garganacl|Garganacl, M|100/100
|-damage|p2a: Garganacl|88/100|[from] Stealth Rock
|move|p1a: Tornadus|Knock Off|p2a: Garganacl
|-damage|p2a: Garganacl|81/100
|-enditem|p2a: Garganacl|Leftovers|[from] move: Knock Off|[of] p1a: Tornadus
|
|-damage|p1a: Tornadus|62/100 brn|[from] brn
|upkeep
|turn|29
|
|t:|1779713594
|move|p1a: Tornadus|U-turn|p2a: Garganacl
|-damage|p2a: Garganacl|76/100
|
|t:|1779713597
|switch|p1a: Iron Treads|Iron Treads|100/100|[from] U-turn
|move|p2a: Garganacl|Stealth Rock|p1a: Iron Treads
|-sidestart|p1: Lamperi0n|move: Stealth Rock
|
|upkeep
|turn|30
|
|t:|1779713603
|switch|p2a: Moltres|Moltres|77/100
|move|p1a: Iron Treads|Rapid Spin|p2a: Moltres
|-damage|p2a: Moltres|68/100
|-boost|p1a: Iron Treads|spe|1
|-sideend|p1: Lamperi0n|Stealth Rock|[from] move: Rapid Spin|[of] p1a: Iron Treads
|
|upkeep
|turn|31
|
|t:|1779713608
|-end|p1a: Iron Treads|Quark Drive|[silent]
|switch|p1a: Tornadus|Tornadus-Therian, M|95/100 brn
|move|p2a: Moltres|U-turn|p1a: Tornadus
|-resisted|p1a: Tornadus
|-damage|p1a: Tornadus|87/100 brn
|
|t:|1779713610
|switch|p2a: Garganacl|Garganacl, M|76/100|[from] U-turn
|-damage|p2a: Garganacl|64/100|[from] Stealth Rock
|
|-damage|p1a: Tornadus|81/100 brn|[from] brn
|upkeep
|turn|32
|
|t:|1779713614
|move|p1a: Tornadus|U-turn|p2a: Garganacl
|-damage|p2a: Garganacl|59/100
|
|t:|1779713615
|switch|p1a: Zamazenta|Zamazenta|100/100|[from] U-turn
|move|p2a: Garganacl|Salt Cure|p1a: Zamazenta
|-resisted|p1a: Zamazenta
|-damage|p1a: Zamazenta|95/100
|-start|p1a: Zamazenta|Salt Cure
|
|-damage|p1a: Zamazenta|82/100|[from] Salt Cure
|upkeep
|turn|33
|
|t:|1779713626
|switch|p2a: Hatterene|Hatterene, F|88/100
|-damage|p2a: Hatterene|76/100|[from] Stealth Rock
|move|p1a: Zamazenta|Close Combat|p2a: Hatterene
|-resisted|p2a: Hatterene
|-damage|p2a: Hatterene|56/100
|-unboost|p1a: Zamazenta|def|1
|-unboost|p1a: Zamazenta|spd|1
|-damage|p1a: Zamazenta|66/100|[from] item: Rocky Helmet|[of] p2a: Hatterene
|
|-damage|p1a: Zamazenta|53/100|[from] Salt Cure
|upkeep
|turn|34
|
|t:|1779713633
|switch|p1a: Tornadus|Tornadus-Therian, M|100/100 brn
|switch|p2a: Garganacl|Garganacl, M|59/100
|-damage|p2a: Garganacl|47/100|[from] Stealth Rock
|
|-damage|p1a: Tornadus|94/100 brn|[from] brn
|upkeep
|turn|35
|
|t:|1779713635
|move|p1a: Tornadus|U-turn|p2a: Garganacl
|-damage|p2a: Garganacl|42/100
|
|t:|1779713637
|switch|p1a: Zamazenta|Zamazenta|53/100|[from] U-turn
|move|p2a: Garganacl|Salt Cure|p1a: Zamazenta
|-resisted|p1a: Zamazenta
|-damage|p1a: Zamazenta|47/100
|-start|p1a: Zamazenta|Salt Cure
|
|-damage|p1a: Zamazenta|35/100|[from] Salt Cure
|upkeep
|turn|36
|
|t:|1779713640
|switch|p2a: Moltres|Moltres|68/100
|move|p1a: Zamazenta|Heavy Slam|p2a: Moltres
|-resisted|p2a: Moltres
|-damage|p2a: Moltres|53/100
|
|-damage|p1a: Zamazenta|23/100|[from] Salt Cure
|upkeep
|turn|37
|
|t:|1779713645
|switch|p1a: Tornadus|Tornadus-Therian, M|100/100 brn
|move|p2a: Moltres|Roost|p2a: Moltres
|-heal|p2a: Moltres|100/100
|-singleturn|p2a: Moltres|move: Roost
|
|-damage|p1a: Tornadus|94/100 brn|[from] brn
|upkeep
|turn|38
|
|t:|1779713651
|switch|p2a: Hatterene|Hatterene, F|56/100
|-damage|p2a: Hatterene|43/100|[from] Stealth Rock
|move|p1a: Tornadus|Bleakwind Storm|p2a: Hatterene
|-damage|p2a: Hatterene|2/100
|-unboost|p2a: Hatterene|spe|1
|
|-damage|p1a: Tornadus|88/100 brn|[from] brn
|upkeep
|turn|39
|
|t:|1779713657
|move|p1a: Tornadus|U-turn|p2a: Hatterene
|-damage|p2a: Hatterene|0 fnt
|-damage|p1a: Tornadus|72/100 brn|[from] item: Rocky Helmet|[of] p2a: Hatterene
|faint|p2a: Hatterene
|
|t:|1779713661
|switch|p1a: Zamazenta|Zamazenta|23/100|[from] U-turn
|
|upkeep
|
|t:|1779713667
|switch|p2a: Moltres|Moltres|100/100
|turn|40
|
|t:|1779713677
|move|p1a: Zamazenta|Close Combat|p2a: Moltres
|-resisted|p2a: Moltres
|-damage|p2a: Moltres|70/100
|-unboost|p1a: Zamazenta|def|1
|-unboost|p1a: Zamazenta|spd|1
|move|p2a: Moltres|Flamethrower|p1a: Zamazenta
|-damage|p1a: Zamazenta|0 fnt
|faint|p1a: Zamazenta
|
|upkeep
|
|t:|1779713680
|switch|p1a: Tornadus|Tornadus-Therian, M|100/100 brn
|turn|41
|c|☆SlNGULARlTY|Gg ez
|c|☆SlNGULARlTY|as expected
|
|t:|1779713686
|move|p1a: Tornadus|Bleakwind Storm|p2a: Moltres|[miss]
|-miss|p1a: Tornadus|p2a: Moltres
|move|p2a: Moltres|Roost|p2a: Moltres
|-heal|p2a: Moltres|100/100
|-singleturn|p2a: Moltres|move: Roost
|
|-damage|p1a: Tornadus|94/100 brn|[from] brn
|upkeep
|turn|42
|
|t:|1779713689
|move|p1a: Tornadus|Bleakwind Storm|p2a: Moltres
|-damage|p2a: Moltres|64/100
|-unboost|p2a: Moltres|spe|1
|move|p2a: Moltres|U-turn|p1a: Tornadus
|-resisted|p1a: Tornadus
|-damage|p1a: Tornadus|87/100 brn
|
|t:|1779713691
|switch|p2a: Garganacl|Garganacl, M|42/100|[from] U-turn
|-damage|p2a: Garganacl|30/100|[from] Stealth Rock
|
|-damage|p1a: Tornadus|81/100 brn|[from] brn
|upkeep
|turn|43
|
|t:|1779713699
|move|p1a: Tornadus|Knock Off|p2a: Garganacl
|-crit|p2a: Garganacl
|-damage|p2a: Garganacl|24/100
|move|p2a: Garganacl|Recover|p2a: Garganacl
|-heal|p2a: Garganacl|74/100
|
|-damage|p1a: Tornadus|74/100 brn|[from] brn
|upkeep
|turn|44
|
|t:|1779713703
|move|p1a: Tornadus|U-turn|p2a: Garganacl
|-damage|p2a: Garganacl|69/100
|
|t:|1779713705
|switch|p1a: Iron Treads|Iron Treads|100/100|[from] U-turn
|move|p2a: Garganacl|Salt Cure|p1a: Iron Treads
|-resisted|p1a: Iron Treads
|-damage|p1a: Iron Treads|98/100
|-start|p1a: Iron Treads|Salt Cure
|
|-heal|p1a: Iron Treads|100/100|[from] item: Leftovers
|-damage|p1a: Iron Treads|75/100|[from] Salt Cure
|upkeep
|turn|45
|
|t:|1779713712
|switch|p2a: Moltres|Moltres|64/100
|-terastallize|p1a: Iron Treads|Ice
|move|p1a: Iron Treads|Ice Spinner|p2a: Moltres
|-damage|p2a: Moltres|42/100
|
|-heal|p1a: Iron Treads|82/100|[from] item: Leftovers
|-damage|p1a: Iron Treads|69/100|[from] Salt Cure
|upkeep
|turn|46
|
|t:|1779713718
|-end|p1a: Iron Treads|Quark Drive|[silent]
|switch|p1a: Tornadus|Tornadus-Therian, M|100/100 brn
|move|p2a: Moltres|Roost|p2a: Moltres
|-heal|p2a: Moltres|92/100
|-singleturn|p2a: Moltres|move: Roost
|
|-damage|p1a: Tornadus|94/100 brn|[from] brn
|upkeep
|turn|47
|
|t:|1779713724
|move|p1a: Tornadus|U-turn|p2a: Moltres
|-resisted|p2a: Moltres
|-damage|p2a: Moltres|91/100
|
|t:|1779713725
|switch|p1a: Iron Treads|Iron Treads, tera:Ice|69/100|[from] U-turn
|move|p2a: Moltres|U-turn|p1a: Iron Treads
|-damage|p1a: Iron Treads|57/100
|
|t:|1779713728
|switch|p2a: Ogerpon|Ogerpon-Wellspring-Tera, F, tera:Water|100/100|[from] U-turn
|-damage|p2a: Ogerpon|88/100|[from] Stealth Rock
|-ability|p2a: Ogerpon|Embody Aspect (Wellspring)|boost
|-boost|p2a: Ogerpon|spd|1
|
|-heal|p1a: Iron Treads|64/100|[from] item: Leftovers
|upkeep
|turn|48
|
|t:|1779713734
|move|p2a: Ogerpon|Trailblaze|p1a: Iron Treads
|-damage|p1a: Iron Treads|38/100
|-boost|p2a: Ogerpon|spe|1
|move|p1a: Iron Treads|Earthquake|p2a: Ogerpon
|-damage|p2a: Ogerpon|40/100
|
|-heal|p1a: Iron Treads|44/100|[from] item: Leftovers
|upkeep
|turn|49
|-message|Lamperi0n forfeited.
|
|win|SlNGULARlTY
|raw|Lamperi0n's rating: 1443 &rarr; <strong>1425</strong><br />(-18 for losing)
|raw|SlNGULARlTY's rating: 1485 &rarr; <strong>1503</strong><br />(+18 for winning)
|l|☆Lamperi0n
|player|p1|
