|j|☆kopv
|j|☆SgtBrick14
|t:|1779584450
|gametype|singles
|player|p1|kopv|bugcatcher-gen4dp|1488
|player|p2|SgtBrick14|pokemonranger|1469
|gen|9
|tier|[Gen 9] OU
|rated|
|rule|HP Percentage Mod: HP is shown in percentages
|rule|Endless Battle Clause: Forcing endless battles is banned
|rule|Species Clause: Limit one of each Pokémon
|rule|OHKO Clause: OHKO moves are banned
|rule|Evasion Items Clause: Evasion items are banned
|rule|Evasion Moves Clause: Evasion moves are banned
|rule|Evasion Abilities Clause: Evasion abilities are banned
|rule|Sleep Moves Clause: Sleep-inducing moves are banned
|clearpoke
|poke|p1|Pelipper, M|
|poke|p1|Barraskewda, M|
|poke|p1|Iron Treads|
|poke|p1|Bruxish, M|
|poke|p1|Raging Bolt|
|poke|p1|Enamorus, F|
|poke|p2|Lucario, M|
|poke|p2|Kingambit, M|
|poke|p2|Ceruledge, M|
|poke|p2|Gengar, M|
|poke|p2|Cloyster, F|
|poke|p2|Froslass, F|
|teampreview
|
|t:|1779584474
|teamsize|p1|6
|teamsize|p2|6
|start
|switch|p1a: Pelipper|Pelipper, M|100/100
|switch|p2a: Cloyster|Cloyster, F|100/100
|-weather|RainDance|[from] ability: Drizzle|[of] p1a: Pelipper
|turn|1
|
|t:|1779584482
|move|p2a: Cloyster|Icicle Spear|p1a: Pelipper
|-damage|p1a: Pelipper|91/100
|-damage|p1a: Pelipper|82/100
|-crit|p1a: Pelipper
|-damage|p1a: Pelipper|67/100
|-damage|p1a: Pelipper|57/100
|-damage|p1a: Pelipper|49/100
|-hitcount|p1a: Pelipper|5
|move|p1a: Pelipper|U-turn|p2a: Cloyster
|-damage|p2a: Cloyster|92/100
|
|t:|1779584489
|switch|p1a: Barraskewda|Barraskewda, M|100/100|[from] U-turn
|
|-weather|RainDance|[upkeep]
|upkeep
|turn|2
|
|t:|1779584494
|move|p1a: Barraskewda|Close Combat|p2a: Cloyster
|-supereffective|p2a: Cloyster
|-damage|p2a: Cloyster|1/100
|-unboost|p1a: Barraskewda|def|1
|-unboost|p1a: Barraskewda|spd|1
|-damage|p1a: Barraskewda|91/100|[from] item: Life Orb
|move|p2a: Cloyster|Icicle Spear|p1a: Barraskewda
|-resisted|p1a: Barraskewda
|-damage|p1a: Barraskewda|72/100
|-resisted|p1a: Barraskewda
|-damage|p1a: Barraskewda|54/100
|-resisted|p1a: Barraskewda
|-damage|p1a: Barraskewda|36/100
|-resisted|p1a: Barraskewda
|-damage|p1a: Barraskewda|18/100
|-resisted|p1a: Barraskewda
|-damage|p1a: Barraskewda|1/100
|-hitcount|p1a: Barraskewda|5
|
|-weather|RainDance|[upkeep]
|upkeep
|turn|3
|
|t:|1779584502
|switch|p1a: 'Ello gov'na|Bruxish, M|100/100
|move|p2a: Cloyster|Ice Shard||[still]
|cant|p1a: 'Ello gov'na|ability: Dazzling|Ice Shard|[of] p2a: Cloyster
|
|-weather|RainDance|[upkeep]
|upkeep
|turn|4
|
|t:|1779584514
|move|p1a: 'Ello gov'na|Flip Turn|p2a: Cloyster
|-resisted|p2a: Cloyster
|-damage|p2a: Cloyster|0 fnt
|faint|p2a: Cloyster
|
|t:|1779584520
|switch|p1a: Iron Treads|Iron Treads|100/100|[from] Flip Turn
|
|-weather|RainDance|[upkeep]
|upkeep
|
|t:|1779584527
|switch|p2a: Ceruledge|Ceruledge, M|100/100
|turn|5
|
|t:|1779584575
|move|p1a: Iron Treads|Stealth Rock|p2a: Ceruledge
|-sidestart|p2: SgtBrick14|move: Stealth Rock
|move|p2a: Ceruledge|Swords Dance|p2a: Ceruledge
|-boost|p2a: Ceruledge|atk|2
|
|-weather|RainDance|[upkeep]
|upkeep
|turn|6
|
|t:|1779584577
|move|p1a: Iron Treads|Earth Power|p2a: Ceruledge
|-supereffective|p2a: Ceruledge
|-damage|p2a: Ceruledge|54/100
|move|p2a: Ceruledge|Bitter Blade|p1a: Iron Treads
|-supereffective|p1a: Iron Treads
|-damage|p1a: Iron Treads|16/100
|-heal|p2a: Ceruledge|100/100|[from] drain|[of] p1a: Iron Treads
|
|-weather|RainDance|[upkeep]
|-heal|p1a: Iron Treads|22/100|[from] item: Leftovers
|upkeep
|turn|7
|
|t:|1779584582
|move|p1a: Iron Treads|Earth Power|p2a: Ceruledge
|-supereffective|p2a: Ceruledge
|-damage|p2a: Ceruledge|54/100
|move|p2a: Ceruledge|Bitter Blade|p1a: Iron Treads
|-supereffective|p1a: Iron Treads
|-damage|p1a: Iron Treads|0 fnt
|-heal|p2a: Ceruledge|67/100|[from] drain|[of] p1a: Iron Treads
|faint|p1a: Iron Treads
|-end|p1a: Iron Treads|Quark Drive|[silent]
|
|-weather|RainDance|[upkeep]
|upkeep
|
|t:|1779584585
|switch|p1a: 'Ello gov'na|Bruxish, M|100/100
|turn|8
|
|t:|1779584588
|move|p1a: 'Ello gov'na|Aqua Jet|p2a: Ceruledge
|-supereffective|p2a: Ceruledge
|-damage|p2a: Ceruledge|0 fnt
|faint|p2a: Ceruledge
|
|-weather|none
|upkeep
|
|t:|1779584589
|switch|p2a: Froslass|Froslass, F|100/100
|-damage|p2a: Froslass|75/100|[from] Stealth Rock
|turn|9
|
|t:|1779584596
|switch|p1a: Pelipper|Pelipper, M|49/100
|-weather|RainDance|[from] ability: Drizzle|[of] p1a: Pelipper
|move|p2a: Froslass|Spikes|p1a: Pelipper
|-sidestart|p1: kopv|Spikes
|
|-weather|RainDance|[upkeep]
|upkeep
|turn|10
|
|t:|1779584602
|switch|p1a: Barraskewda|Barraskewda, M|1/100
|-damage|p1a: Barraskewda|0 fnt|[from] Spikes
|faint|p1a: Barraskewda
|move|p2a: Froslass|Spikes|p1: Barraskewda
|-sidestart|p1: kopv|Spikes
|
|-weather|RainDance|[upkeep]
|upkeep
|
|t:|1779584611
|switch|p1a: 'Ello gov'na|Bruxish, M|100/100
|-damage|p1a: 'Ello gov'na|84/100|[from] Spikes
|turn|11
|
|t:|1779584616
|-terastallize|p1a: 'Ello gov'na|Water
|move|p1a: 'Ello gov'na|Aqua Jet|p2a: Froslass
|-damage|p2a: Froslass|3/100
|move|p2a: Froslass|Destiny Bond|p2a: Froslass
|-singlemove|p2a: Froslass|Destiny Bond
|
|-weather|RainDance|[upkeep]
|upkeep
|turn|12
|
|t:|1779584626
|move|p1a: 'Ello gov'na|Aqua Jet|p2a: Froslass
|-damage|p2a: Froslass|0 fnt
|-start|p1a: 'Ello gov'na|Disable|Aqua Jet|[from] ability: Cursed Body|[of] p2a: Froslass
|faint|p2a: Froslass
|-activate|p2a: Froslass|move: Destiny Bond
|faint|p1a: 'Ello gov'na
|
|-weather|RainDance|[upkeep]
|upkeep
|
|t:|1779584632
|switch|p2a: Gengar|Gengar, M|100/100
|switch|p1a: Enamorus|Enamorus, F|100/100
|-damage|p2a: Gengar|88/100|[from] Stealth Rock
|turn|13
|
|t:|1779584637
|move|p1a: Enamorus|Earth Power|p2a: Gengar
|-supereffective|p2a: Gengar
|-damage|p2a: Gengar|0 fnt
|faint|p2a: Gengar
|
|-weather|RainDance|[upkeep]
|upkeep
|
|t:|1779584640
|switch|p2a: Lucario|Lucario, M|100/100
|-damage|p2a: Lucario|98/100|[from] Stealth Rock
|turn|14
|
|t:|1779584643
|-terastallize|p2a: Lucario|Normal
|move|p1a: Enamorus|Earth Power|p2a: Lucario
|-damage|p2a: Lucario|53/100
|move|p2a: Lucario|Swords Dance|p2a: Lucario
|-boost|p2a: Lucario|atk|2
|
|-weather|RainDance|[upkeep]
|upkeep
|turn|15
|
|t:|1779584647
|move|p2a: Lucario|Extreme Speed|p1a: Enamorus
|-damage|p1a: Enamorus|0 fnt
|faint|p1a: Enamorus
|
|-weather|RainDance|[upkeep]
|upkeep
|
|t:|1779584650
|switch|p1a: Raging Bolt|Raging Bolt|100/100
|-damage|p1a: Raging Bolt|84/100|[from] Spikes
|turn|16
|
|t:|1779584652
|move|p2a: Lucario|Extreme Speed|p1a: Raging Bolt
|-damage|p1a: Raging Bolt|0 fnt
|faint|p1a: Raging Bolt
|-end|p1a: Raging Bolt|Protosynthesis|[silent]
|
|-weather|none
|upkeep
|-message|kopv forfeited.
|
|win|SgtBrick14
|raw|kopv's rating: 1488 &rarr; <strong>1467</strong><br />(-21 for losing)
|raw|SgtBrick14's rating: 1469 &rarr; <strong>1490</strong><br />(+21 for winning)
|l|☆kopv
|player|p1|
|l|☆SgtBrick14
|player|p2|
