|inactive|Battle timer is ON: inactive players will automatically lose when time's up.
|t:|1779648002
|gametype|singles
|player|p1|snoosy|#wcop2026oceania2|
|player|p2|Calmmind75|#ptslidrampas|
|gen|9
|tier|[Gen 9] OU
|rule|HP Percentage Mod: HP is shown in percentages
|rule|Endless Battle Clause: Forcing endless battles is banned
|rule|Species Clause: Limit one of each Pokémon
|rule|OHKO Clause: OHKO moves are banned
|rule|Evasion Items Clause: Evasion items are banned
|rule|Evasion Moves Clause: Evasion moves are banned
|rule|Evasion Abilities Clause: Evasion abilities are banned
|rule|Sleep Moves Clause: Sleep-inducing moves are banned
|clearpoke
|poke|p1|Gholdengo|
|poke|p1|Walking Wake|
|poke|p1|Great Tusk|
|poke|p1|Tornadus-Therian, M|
|poke|p1|Dragonite, F|
|poke|p1|Ting-Lu|
|poke|p2|Hatterene, F|
|poke|p2|Great Tusk|
|poke|p2|Tornadus-Therian, M|
|poke|p2|Kyurem|
|poke|p2|Slowking-Galar, M|
|poke|p2|Kingambit, M|
|teampreview
|c|☆Calmmind75|hf
|c|☆snoosy|hf
|c|+shatoor0|LOL
|c|+shatoor0|GL both
|inactive|snoosy has 270 seconds left.
|c|+HereIsAlter|"odio ou" 📍Canarias, Perú
|
|t:|1779648037
|teamsize|p1|6
|teamsize|p2|6
|start
|switch|p1a: Walking Wake|Walking Wake|100/100
|switch|p2a: Kyurem|Kyurem|100/100
|-ability|p2a: Kyurem|Pressure
|turn|1
|
|t:|1779648044
|-end|p1a: Walking Wake|Protosynthesis|[silent]
|switch|p1a: Gholdengo|Gholdengo|100/100
|switch|p2a: Tornadus|Tornadus-Therian, M|100/100
|
|upkeep
|turn|2
|
|t:|1779648073
|switch|p1a: Tornadus|Tornadus-Therian, M|100/100
|move|p2a: Tornadus|Heat Wave|p1a: Tornadus
|-damage|p1a: Tornadus|75/100
|
|upkeep
|turn|3
|
|t:|1779648079
|move|p1a: Tornadus|Knock Off|p2a: Tornadus
|-damage|p2a: Tornadus|77/100
|-enditem|p2a: Tornadus|Assault Vest|[from] move: Knock Off|[of] p1a: Tornadus
|move|p2a: Tornadus|Bleakwind Storm|p1a: Tornadus
|-damage|p1a: Tornadus|36/100
|-unboost|p1a: Tornadus|spe|1
|
|upkeep
|turn|4
|inactive|snoosy has 270 seconds left.
|
|t:|1779648100
|move|p2a: Tornadus|Knock Off|p1a: Tornadus
|-damage|p1a: Tornadus|14/100
|-enditem|p1a: Tornadus|Heavy-Duty Boots|[from] move: Knock Off|[of] p2a: Tornadus
|move|p1a: Tornadus|U-turn|p2a: Tornadus
|-resisted|p2a: Tornadus
|-damage|p2a: Tornadus|70/100
|inactive|snoosy has 270 seconds left.
|
|t:|1779648107
|switch|p1a: Gholdengo|Gholdengo|100/100|[from] U-turn
|
|upkeep
|turn|5
|inactive|snoosy has 270 seconds left.
|
|t:|1779648122
|switch|p2a: Slowking|Slowking-Galar, M|100/100
|move|p1a: Gholdengo|Make It Rain|p2a: Slowking
|-damage|p2a: Slowking|52/100
|-unboost|p1a: Gholdengo|spa|1
|
|-heal|p2a: Slowking|58/100|[from] item: Black Sludge
|upkeep
|turn|6
|inactive|snoosy has 270 seconds left.
|
|t:|1779648135
|move|p1a: Gholdengo|Make It Rain|p2a: Slowking
|-damage|p2a: Slowking|26/100
|-unboost|p1a: Gholdengo|spa|1
|move|p2a: Slowking|Trick|p1a: Gholdengo
|-immune|p1a: Gholdengo|[from] ability: Good as Gold
|
|-heal|p2a: Slowking|32/100|[from] item: Black Sludge
|upkeep
|turn|7
|inactive|snoosy has 270 seconds left.
|
|t:|1779648154
|move|p1a: Gholdengo|Make It Rain|p2a: Slowking
|-damage|p2a: Slowking|5/100
|-unboost|p1a: Gholdengo|spa|1
|-prepare|p2a: Slowking|Chilly Reception|[premajor]
|move|p2a: Slowking|Chilly Reception|p2a: Slowking
|-weather|Snowscape
|
|t:|1779648158
|switch|p2a: Kingambit|Kingambit, M|100/100|[from] Chilly Reception
|
|-weather|Snowscape|[upkeep]
|upkeep
|turn|8
|inactive|snoosy has 270 seconds left.
|
|t:|1779648193
|switch|p1a: Walking Wake|Walking Wake|100/100
|-end|p2a: Kingambit|fallenundefined|[silent]
|switch|p2a: Kyurem|Kyurem|100/100
|-ability|p2a: Kyurem|Pressure
|
|-weather|Snowscape|[upkeep]
|upkeep
|turn|9
|
|t:|1779648217
|-terastallize|p2a: Kyurem|Ice
|move|p1a: Walking Wake|Flip Turn|p2a: Kyurem
|-damage|p2a: Kyurem|90/100
|
|t:|1779648222
|-end|p1a: Walking Wake|Protosynthesis|[silent]
|switch|p1a: Gholdengo|Gholdengo|100/100|[from] Flip Turn
|move|p2a: Kyurem|Blizzard|p1a: Gholdengo
|-resisted|p1a: Gholdengo
|-damage|p1a: Gholdengo|33/100
|
|-weather|Snowscape|[upkeep]
|upkeep
|turn|10
|inactive|snoosy has 240 seconds left.
|
|t:|1779648248
|switch|p2a: Kingambit|Kingambit, M|100/100
|move|p1a: Gholdengo|Recover|p1a: Gholdengo
|-heal|p1a: Gholdengo|83/100
|
|-weather|Snowscape|[upkeep]
|upkeep
|turn|11
|inactive|snoosy has 240 seconds left.
|
|t:|1779648257
|switch|p1a: Ting-Lu|Ting-Lu|100/100
|-ability|p1a: Ting-Lu|Vessel of Ruin
|move|p2a: Kingambit|Iron Head|p1a: Ting-Lu
|-crit|p1a: Ting-Lu
|-damage|p1a: Ting-Lu|64/100
|
|-weather|none
|-heal|p1a: Ting-Lu|70/100|[from] item: Leftovers
|upkeep
|turn|12
|
|t:|1779648263
|-end|p2a: Kingambit|fallenundefined|[silent]
|switch|p2a: Hatterene|Hatterene, F|100/100
|move|p1a: Ting-Lu|Ruination|p2a: Hatterene
|-damage|p2a: Hatterene|51/100
|
|-heal|p1a: Ting-Lu|77/100|[from] item: Leftovers
|upkeep
|turn|13
|
|t:|1779648270
|move|p1a: Ting-Lu|Earthquake|p2a: Hatterene
|-damage|p2a: Hatterene|19/100
|move|p2a: Hatterene|Pain Split|p1a: Ting-Lu
|-sethp|p1a: Ting-Lu|44/100|[from] move: Pain Split|[silent]
|-sethp|p2a: Hatterene|71/100|[from] move: Pain Split
|
|-heal|p1a: Ting-Lu|50/100|[from] item: Leftovers
|upkeep
|turn|14
|
|t:|1779648281
|move|p1a: Ting-Lu|Earthquake|p2a: Hatterene
|-damage|p2a: Hatterene|41/100
|move|p2a: Hatterene|Draining Kiss|p1a: Ting-Lu
|-supereffective|p1a: Ting-Lu
|-damage|p1a: Ting-Lu|33/100
|-heal|p2a: Hatterene|63/100|[from] drain|[of] p1a: Ting-Lu
|
|-heal|p1a: Ting-Lu|39/100|[from] item: Leftovers
|upkeep
|turn|15
|
|t:|1779648298
|switch|p2a: Tornadus|Tornadus-Therian, M|100/100
|move|p1a: Ting-Lu|Earthquake|p2a: Tornadus
|-immune|p2a: Tornadus
|
|-heal|p1a: Ting-Lu|45/100|[from] item: Leftovers
|upkeep
|turn|16
|
|t:|1779648313
|move|p2a: Tornadus|U-turn|p1a: Ting-Lu
|-supereffective|p1a: Ting-Lu
|-damage|p1a: Ting-Lu|28/100
|
|t:|1779648316
|switch|p2a: Hatterene|Hatterene, F|63/100|[from] U-turn
|move|p1a: Ting-Lu|Ruination|p2a: Hatterene
|-damage|p2a: Hatterene|32/100
|
|-heal|p1a: Ting-Lu|34/100|[from] item: Leftovers
|upkeep
|turn|17
|
|t:|1779648322
|move|p1a: Ting-Lu|Earthquake|p2a: Hatterene
|-damage|p2a: Hatterene|2/100
|move|p2a: Hatterene|Draining Kiss|p1a: Ting-Lu
|-supereffective|p1a: Ting-Lu
|-damage|p1a: Ting-Lu|16/100
|-heal|p2a: Hatterene|24/100|[from] drain|[of] p1a: Ting-Lu
|
|-heal|p1a: Ting-Lu|22/100|[from] item: Leftovers
|upkeep
|turn|18
|inactive|snoosy has 270 seconds left.
|
|t:|1779648338
|move|p1a: Ting-Lu|Spikes|p2a: Hatterene
|move|p2a: Hatterene|Spikes|p1a: Ting-Lu|[from] ability: Magic Bounce
|-sidestart|p1: snoosy|Spikes
|move|p2a: Hatterene|Draining Kiss|p1a: Ting-Lu
|-supereffective|p1a: Ting-Lu
|-damage|p1a: Ting-Lu|3/100
|-heal|p2a: Hatterene|48/100|[from] drain|[of] p1a: Ting-Lu
|
|-heal|p1a: Ting-Lu|9/100|[from] item: Leftovers
|upkeep
|turn|19
|
|t:|1779648342
|move|p1a: Ting-Lu|Earthquake|p2a: Hatterene
|-damage|p2a: Hatterene|18/100
|move|p2a: Hatterene|Draining Kiss|p1a: Ting-Lu
|-supereffective|p1a: Ting-Lu
|-damage|p1a: Ting-Lu|0 fnt
|-heal|p2a: Hatterene|28/100|[from] drain|[of] p1a: Ting-Lu
|faint|p1a: Ting-Lu
|
|upkeep
|
|t:|1779648346
|switch|p1a: Gholdengo|Gholdengo|83/100
|-damage|p1a: Gholdengo|71/100|[from] Spikes
|turn|20
|
|t:|1779648353
|move|p1a: Gholdengo|Shadow Ball|p2a: Hatterene
|-supereffective|p2a: Hatterene
|-damage|p2a: Hatterene|0 fnt
|faint|p2a: Hatterene
|
|upkeep
|
|t:|1779648354
|switch|p2a: Kingambit|Kingambit, M|100/100
|-activate|p2a: Kingambit|ability: Supreme Overlord
|-start|p2a: Kingambit|fallen1|[silent]
|turn|21
|
|t:|1779648357
|switch|p1a: Great Tusk|Great Tusk|100/100
|move|p2a: Kingambit|Iron Head|p1a: Great Tusk
|-damage|p1a: Great Tusk|69/100
|
|upkeep
|turn|22
|
|t:|1779648363
|move|p1a: Great Tusk|Rapid Spin|p2a: Kingambit
|-resisted|p2a: Kingambit
|-damage|p2a: Kingambit|96/100
|-boost|p1a: Great Tusk|spe|1
|-sideend|p1: snoosy|Spikes|[from] move: Rapid Spin|[of] p1a: Great Tusk
|move|p2a: Kingambit|Iron Head|p1a: Great Tusk
|-damage|p1a: Great Tusk|35/100
|
|-heal|p2a: Kingambit|100/100|[from] item: Leftovers
|upkeep
|turn|23
|
|t:|1779648369
|-end|p2a: Kingambit|fallen1|[silent]
|switch|p2a: Great Tusk|Great Tusk|100/100
|move|p1a: Great Tusk|Stealth Rock|p2a: Great Tusk
|-sidestart|p2: Calmmind75|move: Stealth Rock
|
|upkeep
|turn|24
|inactive|snoosy has 270 seconds left.
|
|t:|1779648401
|-end|p1a: Great Tusk|Protosynthesis|[silent]
|switch|p1a: Gholdengo|Gholdengo|71/100
|move|p2a: Great Tusk|Rapid Spin|p1a: Gholdengo
|-immune|p1a: Gholdengo
|
|upkeep
|turn|25
|inactive|snoosy has 270 seconds left.
|
|t:|1779648439
|-end|p2a: Great Tusk|Protosynthesis|[silent]
|switch|p2a: Kingambit|Kingambit, M|100/100
|-damage|p2a: Kingambit|94/100|[from] Stealth Rock
|-activate|p2a: Kingambit|ability: Supreme Overlord
|-start|p2a: Kingambit|fallen1|[silent]
|move|p1a: Gholdengo|Make It Rain|p2a: Kingambit
|-resisted|p2a: Kingambit
|-damage|p2a: Kingambit|62/100
|-unboost|p1a: Gholdengo|spa|1
|
|-heal|p2a: Kingambit|68/100|[from] item: Leftovers
|upkeep
|turn|26
|inactive|snoosy has 270 seconds left.
|
|t:|1779648460
|switch|p1a: Great Tusk|Great Tusk|35/100
|move|p2a: Kingambit|Kowtow Cleave|p1a: Great Tusk
|-resisted|p1a: Great Tusk
|-damage|p1a: Great Tusk|17/100
|
|-heal|p2a: Kingambit|75/100|[from] item: Leftovers
|upkeep
|turn|27
|
|t:|1779648473
|-end|p1a: Great Tusk|Protosynthesis|[silent]
|switch|p1a: Walking Wake|Walking Wake|100/100
|move|p2a: Kingambit|Swords Dance|p2a: Kingambit
|-boost|p2a: Kingambit|atk|2
|
|-heal|p2a: Kingambit|81/100|[from] item: Leftovers
|upkeep
|turn|28
|
|t:|1779648481
|-end|p1a: Walking Wake|Protosynthesis|[silent]
|switch|p1a: Great Tusk|Great Tusk|17/100
|move|p2a: Kingambit|Sucker Punch||[still]
|-fail|p2a: Kingambit
|
|-heal|p2a: Kingambit|87/100|[from] item: Leftovers
|upkeep
|turn|29
|
|t:|1779648484
|move|p2a: Kingambit|Sucker Punch|p1a: Great Tusk
|-resisted|p1a: Great Tusk
|-damage|p1a: Great Tusk|0 fnt
|faint|p1a: Great Tusk
|-end|p1a: Great Tusk|Protosynthesis|[silent]
|
|-heal|p2a: Kingambit|93/100|[from] item: Leftovers
|upkeep
|
|t:|1779648486
|switch|p1a: Dragonite|Dragonite, F|100/100
|turn|30
|
|t:|1779648489
|move|p1a: Dragonite|Low Kick|p2a: Kingambit
|-supereffective|p2a: Kingambit
|-damage|p2a: Kingambit|0 fnt
|faint|p2a: Kingambit
|-end|p2a: Kingambit|fallen1|[silent]
|
|upkeep
|
|t:|1779648491
|switch|p2a: Kyurem|Kyurem, tera:Ice|90/100
|-damage|p2a: Kyurem|65/100|[from] Stealth Rock
|-ability|p2a: Kyurem|Pressure
|turn|31
|inactive|snoosy has 270 seconds left.
|inactive|snoosy has 240 seconds left.
|
|t:|1779648560
|move|p1a: Dragonite|Extreme Speed|p2a: Kyurem
|-damage|p2a: Kyurem|36/100
|move|p2a: Kyurem|Ice Beam|p1a: Dragonite
|-supereffective|p1a: Dragonite
|-damage|p1a: Dragonite|0 fnt
|faint|p1a: Dragonite
|
|upkeep
|
|t:|1779648567
|switch|p1a: Walking Wake|Walking Wake|100/100
|turn|32
|
|t:|1779648583
|move|p1a: Walking Wake|Surf|p2a: Kyurem
|-damage|p2a: Kyurem|0 fnt
|faint|p2a: Kyurem
|
|upkeep
|
|t:|1779648601
|switch|p2a: Tornadus|Tornadus-Therian, M|100/100
|-damage|p2a: Tornadus|76/100|[from] Stealth Rock
|turn|33
|
|t:|1779648608
|move|p2a: Tornadus|Knock Off|p1a: Walking Wake
|-damage|p1a: Walking Wake|79/100
|-enditem|p1a: Walking Wake|Heavy-Duty Boots|[from] move: Knock Off|[of] p2a: Tornadus
|move|p1a: Walking Wake|Surf|p2a: Tornadus
|-damage|p2a: Tornadus|33/100
|
|upkeep
|turn|34
|
|t:|1779648615
|move|p2a: Tornadus|Bleakwind Storm|p1a: Walking Wake
|-damage|p1a: Walking Wake|33/100
|-unboost|p1a: Walking Wake|spe|1
|move|p1a: Walking Wake|Surf|p2a: Tornadus
|-damage|p2a: Tornadus|0 fnt
|faint|p2a: Tornadus
|
|upkeep
|
|t:|1779648618
|switch|p2a: Great Tusk|Great Tusk|100/100
|-damage|p2a: Great Tusk|98/100|[from] Stealth Rock
|turn|35
|
|t:|1779648630
|-end|p1a: Walking Wake|Protosynthesis|[silent]
|switch|p1a: Gholdengo|Gholdengo|71/100
|move|p2a: Great Tusk|Headlong Rush|p1a: Gholdengo
|-supereffective|p1a: Gholdengo
|-damage|p1a: Gholdengo|0 fnt
|-unboost|p2a: Great Tusk|def|1
|-unboost|p2a: Great Tusk|spd|1
|faint|p1a: Gholdengo
|
|upkeep
|
|t:|1779648633
|switch|p1a: Walking Wake|Walking Wake|33/100
|turn|36
|
|t:|1779648645
|-end|p2a: Great Tusk|Protosynthesis|[silent]
|switch|p2a: Slowking|Slowking-Galar, M|38/100
|-damage|p2a: Slowking|26/100|[from] Stealth Rock
|move|p1a: Walking Wake|Surf|p2a: Slowking
|-damage|p2a: Slowking|0 fnt
|faint|p2a: Slowking
|
|upkeep
|
|t:|1779648648
|switch|p2a: Great Tusk|Great Tusk|98/100
|-damage|p2a: Great Tusk|95/100|[from] Stealth Rock
|turn|37
|
|t:|1779648654
|move|p1a: Walking Wake|Surf|p2a: Great Tusk
|-supereffective|p2a: Great Tusk
|-damage|p2a: Great Tusk|0 fnt
|faint|p2a: Great Tusk
|-end|p2a: Great Tusk|Protosynthesis|[silent]
|
|win|snoosy
