|j|☆sasfar
|j|☆mpreg fantasies
|t:|1779693237
|gametype|singles
|player|p1|sasfar|red|1651
|player|p2|mpreg fantasies|170|1671
|gen|9
|tier|[Gen 9] OU
|rated|
|rule|HP Percentage Mod: HP is shown in percentages
|rule|Endless Battle Clause: Forcing endless battles is banned
|rule|Species Clause: Limit one of each Pokémon
|rule|OHKO Clause: OHKO moves are banned
|rule|Evasion Items Clause: Evasion items are banned
|rule|Evasion Moves Clause: Evasion moves are banned
|rule|Evasion Abilities Clause: Evasion abilities are banned
|rule|Sleep Moves Clause: Sleep-inducing moves are banned
|clearpoke
|poke|p1|Alomomola, F|
|poke|p1|Samurott-Hisui, M|
|poke|p1|Landorus-Therian, M|
|poke|p1|Cinderace, M|
|poke|p1|Iron Valiant|
|poke|p1|Corviknight, M|
|poke|p2|Gholdengo|
|poke|p2|Raging Bolt|
|poke|p2|Ceruledge, F|
|poke|p2|Ribombee, F|
|poke|p2|Dragonite, F|
|poke|p2|Great Tusk|
|teampreview
|inactive|Battle timer is ON: inactive players will automatically lose when time's up. (requested by sasfar)
|inactive|sasfar has 120 seconds left.
|inactive|sasfar has 90 seconds left.
|inactive|sasfar has 60 seconds left.
|
|t:|1779693350
|teamsize|p1|6
|teamsize|p2|6
|start
|switch|p1a: Corviknight|Corviknight, M|100/100
|switch|p2a: Ribombee|Ribombee, F|100/100
|-ability|p1a: Corviknight|Pressure
|turn|1
|
|t:|1779693361
|move|p2a: Ribombee|Stun Spore|p1a: Corviknight
|-status|p1a: Corviknight|par
|move|p1a: Corviknight|Brave Bird|p2a: Ribombee
|-supereffective|p2a: Ribombee
|-enditem|p2a: Ribombee|Focus Sash
|-damage|p2a: Ribombee|1/100
|-damage|p1a: Corviknight|79/100 par|[from] Recoil
|
|upkeep
|turn|2
|
|t:|1779693373
|move|p2a: Ribombee|Sticky Web|p1a: Corviknight
|-sidestart|p1: sasfar|move: Sticky Web
|move|p1a: Corviknight|U-turn|p2a: Ribombee
|-resisted|p2a: Ribombee
|-damage|p2a: Ribombee|0 fnt
|faint|p2a: Ribombee
|
|t:|1779693385
|switch|p1a: Samurott|Samurott-Hisui, M|100/100|[from] U-turn
|
|upkeep
|
|t:|1779693392
|switch|p2a: Raging Bolt|Raging Bolt|100/100
|-enditem|p2a: Raging Bolt|Booster Energy
|-activate|p2a: Raging Bolt|ability: Protosynthesis|[fromitem]
|-start|p2a: Raging Bolt|protosynthesisspa
|turn|3
|
|t:|1779693409
|move|p1a: Samurott|Ceaseless Edge|p2a: Raging Bolt|[miss]
|-miss|p1a: Samurott|p2a: Raging Bolt
|move|p2a: Raging Bolt|Discharge|p1a: Samurott
|-supereffective|p1a: Samurott
|-damage|p1a: Samurott|0 fnt
|faint|p1a: Samurott
|
|upkeep
|
|t:|1779693414
|switch|p1a: Landorus|Landorus-Therian, M|100/100
|-ability|p1a: Landorus|Intimidate|boost
|-unboost|p2a: Raging Bolt|atk|1
|turn|4
|
|t:|1779693421
|move|p2a: Raging Bolt|Dragon Pulse|p1a: Landorus
|-crit|p1a: Landorus
|-damage|p1a: Landorus|28/100
|move|p1a: Landorus|Stealth Rock|p2a: Raging Bolt
|-sidestart|p2: mpreg fantasies|move: Stealth Rock
|
|upkeep
|turn|5
|inactive|sasfar has 120 seconds left.
|
|t:|1779693442
|switch|p1a: Alomomola|Alomomola, F|100/100
|-activate|p1a: Alomomola|move: Sticky Web
|-unboost|p1a: Alomomola|spe|1
|move|p2a: Raging Bolt|Dragon Pulse|p1a: Alomomola
|-damage|p1a: Alomomola|66/100
|
|upkeep
|turn|6
|
|t:|1779693446
|-terastallize|p1a: Alomomola|Steel
|move|p2a: Raging Bolt|Calm Mind|p2a: Raging Bolt
|-boost|p2a: Raging Bolt|spa|1
|-boost|p2a: Raging Bolt|spd|1
|move|p1a: Alomomola|Mirror Coat||[still]
|-fail|p1a: Alomomola
|
|upkeep
|turn|7
|inactive|sasfar has 120 seconds left.
|
|t:|1779693452
|move|p2a: Raging Bolt|Calm Mind|p2a: Raging Bolt
|-boost|p2a: Raging Bolt|spa|1
|-boost|p2a: Raging Bolt|spd|1
|move|p1a: Alomomola|Mirror Coat||[still]
|-fail|p1a: Alomomola
|
|upkeep
|turn|8
|
|t:|1779693460
|move|p2a: Raging Bolt|Calm Mind|p2a: Raging Bolt
|-boost|p2a: Raging Bolt|spa|1
|-boost|p2a: Raging Bolt|spd|1
|move|p1a: Alomomola|Flip Turn|p2a: Raging Bolt
|-resisted|p2a: Raging Bolt
|-damage|p2a: Raging Bolt|93/100
|
|t:|1779693474
|switch|p1a: Landorus|Landorus-Therian, M|28/100|[from] Flip Turn
|-ability|p1a: Landorus|Intimidate|boost
|-unboost|p2a: Raging Bolt|atk|1
|
|upkeep
|turn|9
|
|t:|1779693488
|move|p2a: Raging Bolt|Dragon Pulse|p1a: Landorus
|-damage|p1a: Landorus|0 fnt
|faint|p1a: Landorus
|
|upkeep
|j| bhybhdd
|inactive|sasfar has 120 seconds left.
|-message|sasfar forfeited.
|
|win|mpreg fantasies
|raw|sasfar's rating: 1651 &rarr; <strong>1632</strong><br />(-19 for losing)
|raw|mpreg fantasies's rating: 1671 &rarr; <strong>1690</strong><br />(+19 for winning)
|l|☆sasfar
|player|p1|
|l|☆mpreg fantasies
|player|p2|
|l| bhybhdd
