|j|☆komodin802
|j|☆searingscarz
|t:|1779632543
|gametype|singles
|player|p1|komodin802|102|1218
|player|p2|searingscarz|169|1166
|gen|9
|tier|[Gen 9] OU
|rated|
|rule|HP Percentage Mod: HP is shown in percentages
|rule|Endless Battle Clause: Forcing endless battles is banned
|rule|Species Clause: Limit one of each Pokémon
|rule|OHKO Clause: OHKO moves are banned
|rule|Evasion Items Clause: Evasion items are banned
|rule|Evasion Moves Clause: Evasion moves are banned
|rule|Evasion Abilities Clause: Evasion abilities are banned
|rule|Sleep Moves Clause: Sleep-inducing moves are banned
|clearpoke
|poke|p1|Cinderace, F|
|poke|p1|Dragapult, M|
|poke|p1|Gliscor, M|
|poke|p1|Iron Moth|
|poke|p1|Garganacl, M|
|poke|p1|Murkrow, M|
|poke|p2|Metagross|
|poke|p2|Regieleki|
|poke|p2|Dragonite, M|
|poke|p2|Great Tusk|
|poke|p2|Darkrai|
|poke|p2|Ogerpon-Wellspring, F|
|teampreview
|inactive|Battle timer is ON: inactive players will automatically lose when time's up. (requested by komodin802)
|
|t:|1779632551
|teamsize|p1|6
|teamsize|p2|6
|start
|switch|p1a: Gliscor|Gliscor, M|100/100
|switch|p2a: Regieleki|Regieleki|100/100
|turn|1
|
|t:|1779632559
|switch|p2a: Ogerpon|Ogerpon-Wellspring, F|100/100
|move|p1a: Gliscor|Swords Dance|p1a: Gliscor
|-boost|p1a: Gliscor|atk|2
|
|-status|p1a: Gliscor|tox|[from] item: Toxic Orb
|upkeep
|turn|2
|
|t:|1779632570
|-terastallize|p1a: Gliscor|Normal
|move|p2a: Ogerpon|Ivy Cudgel|p1a: Gliscor|[anim] Ivy Cudgel Water
|-damage|p1a: Gliscor|62/100 tox
|move|p1a: Gliscor|Facade|p2a: Ogerpon
|-damage|p2a: Ogerpon|0 fnt
|faint|p2a: Ogerpon
|
|-heal|p1a: Gliscor|75/100 tox|[from] ability: Poison Heal
|upkeep
|
|t:|1779632572
|switch|p2a: Regieleki|Regieleki|100/100
|turn|3
|
|t:|1779632586
|-terastallize|p2a: Regieleki|Electric
|move|p1a: Gliscor|Protect|p1a: Gliscor
|-singleturn|p1a: Gliscor|Protect
|move|p2a: Regieleki|Volt Switch|p1a: Gliscor
|-activate|p1a: Gliscor|move: Protect
|
|-heal|p1a: Gliscor|87/100 tox|[from] ability: Poison Heal
|upkeep
|turn|4
|
|t:|1779632598
|move|p2a: Regieleki|Volt Switch|p1a: Gliscor
|-damage|p1a: Gliscor|0 fnt
|faint|p1a: Gliscor
|
|t:|1779632624
|switch|p2a: Metagross|Metagross|100/100|[from] Volt Switch
|
|upkeep
|
|t:|1779632628
|switch|p1a: Iron Moth|Iron Moth|100/100
|turn|5
|
|t:|1779632632
|move|p1a: Iron Moth|Fiery Dance|p2a: Metagross
|-supereffective|p2a: Metagross
|-damage|p2a: Metagross|41/100
|move|p2a: Metagross|Earthquake|p1a: Iron Moth
|-supereffective|p1a: Iron Moth
|-damage|p1a: Iron Moth|0 fnt
|faint|p1a: Iron Moth
|-end|p1a: Iron Moth|Quark Drive|[silent]
|
|upkeep
|
|t:|1779632641
|switch|p1a: Cinderace|Cinderace, F|100/100
|turn|6
|
|t:|1779632645
|move|p1a: Cinderace|Pyro Ball|p2a: Metagross
|-supereffective|p2a: Metagross
|-crit|p2a: Metagross
|-damage|p2a: Metagross|0 fnt
|faint|p2a: Metagross
|
|upkeep
|
|t:|1779632647
|switch|p2a: Great Tusk|Great Tusk|100/100
|turn|7
|
|t:|1779632653
|switch|p1a: Murkrow|Murkrow, M|100/100
|move|p2a: Great Tusk|Rapid Spin|p1a: Murkrow
|-damage|p1a: Murkrow|80/100
|-boost|p2a: Great Tusk|spe|1
|
|upkeep
|turn|8
|
|t:|1779632672
|move|p1a: Murkrow|Haze|p1a: Murkrow
|-clearallboost
|move|p2a: Great Tusk|Ice Spinner|p1a: Murkrow
|-supereffective|p1a: Murkrow
|-damage|p1a: Murkrow|14/100
|
|upkeep
|turn|9
|
|t:|1779632680
|switch|p1a: Garganacl|Garganacl, M|100/100
|move|p2a: Great Tusk|Rapid Spin|p1a: Garganacl
|-resisted|p1a: Garganacl
|-damage|p1a: Garganacl|95/100
|-boost|p2a: Great Tusk|spe|1
|
|-heal|p1a: Garganacl|100/100|[from] item: Leftovers
|upkeep
|turn|10
|
|t:|1779632690
|move|p2a: Great Tusk|Earthquake|p1a: Garganacl
|-supereffective|p1a: Garganacl
|-damage|p1a: Garganacl|27/100
|move|p1a: Garganacl|Salt Cure|p2a: Great Tusk
|-resisted|p2a: Great Tusk
|-damage|p2a: Great Tusk|98/100
|-start|p2a: Great Tusk|Salt Cure
|
|-heal|p1a: Garganacl|33/100|[from] item: Leftovers
|-damage|p2a: Great Tusk|86/100|[from] Salt Cure
|upkeep
|turn|11
|
|t:|1779632701
|move|p1a: Garganacl|Protect|p1a: Garganacl
|-singleturn|p1a: Garganacl|Protect
|move|p2a: Great Tusk|Earthquake|p1a: Garganacl
|-activate|p1a: Garganacl|move: Protect
|
|-heal|p1a: Garganacl|39/100|[from] item: Leftovers
|-damage|p2a: Great Tusk|74/100|[from] Salt Cure
|upkeep
|turn|12
|
|t:|1779632711
|switch|p1a: Murkrow|Murkrow, M|14/100
|move|p2a: Great Tusk|Body Press|p1a: Murkrow
|-damage|p1a: Murkrow|0 fnt
|faint|p1a: Murkrow
|
|-damage|p2a: Great Tusk|61/100|[from] Salt Cure
|upkeep
|
|t:|1779632721
|switch|p1a: Dragapult|Dragapult, M|100/100
|turn|13
|
|t:|1779632724
|move|p1a: Dragapult|Dragon Dance|p1a: Dragapult
|-boost|p1a: Dragapult|atk|1
|-boost|p1a: Dragapult|spe|1
|move|p2a: Great Tusk|Ice Spinner|p1a: Dragapult
|-supereffective|p1a: Dragapult
|-damage|p1a: Dragapult|17/100
|
|-damage|p2a: Great Tusk|49/100|[from] Salt Cure
|upkeep
|turn|14
|
|t:|1779632734
|move|p1a: Dragapult|Dragon Darts|p2a: Great Tusk
|-damage|p2a: Great Tusk|24/100
|-anim|p1a: Dragapult|Dragon Darts|p2a: Great Tusk
|-damage|p2a: Great Tusk|0 fnt
|faint|p2a: Great Tusk
|-end|p2a: Great Tusk|Protosynthesis|[silent]
|
|upkeep
|
|t:|1779632739
|switch|p2a: Darkrai|Darkrai|100/100
|turn|15
|
|t:|1779632744
|move|p1a: Dragapult|U-turn|p2a: Darkrai
|-supereffective|p2a: Darkrai
|-damage|p2a: Darkrai|7/100
|
|t:|1779632747
|switch|p1a: Garganacl|Garganacl, M|39/100|[from] U-turn
|move|p2a: Darkrai|Ice Beam|p1a: Garganacl
|-damage|p1a: Garganacl|10/100
|
|-heal|p1a: Garganacl|17/100|[from] item: Leftovers
|upkeep
|turn|16
|
|t:|1779632758
|move|p2a: Darkrai|Dark Pulse|p1a: Garganacl
|-damage|p1a: Garganacl|0 fnt
|faint|p1a: Garganacl
|
|upkeep
|
|t:|1779632764
|switch|p1a: Cinderace|Cinderace, F|100/100
|turn|17
|
|t:|1779632783
|move|p2a: Darkrai|Thunder Wave|p1a: Cinderace
|-status|p1a: Cinderace|par
|move|p1a: Cinderace|Pyro Ball|p2a: Darkrai
|-damage|p2a: Darkrai|0 fnt
|faint|p2a: Darkrai
|
|upkeep
|
|t:|1779632785
|switch|p2a: Dragonite|Dragonite, M|100/100
|turn|18
|
|t:|1779632794
|move|p2a: Dragonite|Air Slash|p1a: Cinderace
|-damage|p1a: Cinderace|51/100 par
|cant|p1a: Cinderace|par
|
|upkeep
|turn|19
|
|t:|1779632800
|move|p2a: Dragonite|Air Slash|p1a: Cinderace
|-damage|p1a: Cinderace|3/100 par
|cant|p1a: Cinderace|flinch
|
|upkeep
|turn|20
|
|t:|1779632806
|move|p2a: Dragonite|Ice Beam|p1a: Cinderace
|-resisted|p1a: Cinderace
|-damage|p1a: Cinderace|0 fnt
|faint|p1a: Cinderace
|
|upkeep
|
|t:|1779632812
|switch|p1a: Dragapult|Dragapult, M|17/100
|turn|21
|
|t:|1779632815
|move|p1a: Dragapult|Dragon Darts|p2a: Dragonite
|-supereffective|p2a: Dragonite
|-damage|p2a: Dragonite|77/100
|-anim|p1a: Dragapult|Dragon Darts|p2a: Dragonite
|-supereffective|p2a: Dragonite
|-damage|p2a: Dragonite|27/100
|move|p2a: Dragonite|Ice Beam|p1a: Dragapult
|-supereffective|p1a: Dragapult
|-damage|p1a: Dragapult|0 fnt
|faint|p1a: Dragapult
|
|win|searingscarz
|raw|komodin802's rating: 1218 &rarr; <strong>1189</strong><br />(-29 for losing)
|raw|searingscarz's rating: 1166 &rarr; <strong>1195</strong><br />(+29 for winning)
|l|☆searingscarz
|player|p2|
|l|☆komodin802
|player|p1|
