|j|☆RidingInThat6-0
|j|☆zk1314
|t:|1779597271
|gametype|singles
|player|p1|RidingInThat6-0|galacticgrunt|1474
|player|p2|zk1314|n|1435
|gen|9
|tier|[Gen 9] OU
|rated|
|rule|HP Percentage Mod: HP is shown in percentages
|rule|Endless Battle Clause: Forcing endless battles is banned
|rule|Species Clause: Limit one of each Pokémon
|rule|OHKO Clause: OHKO moves are banned
|rule|Evasion Items Clause: Evasion items are banned
|rule|Evasion Moves Clause: Evasion moves are banned
|rule|Evasion Abilities Clause: Evasion abilities are banned
|rule|Sleep Moves Clause: Sleep-inducing moves are banned
|clearpoke
|poke|p1|Jirachi|
|poke|p1|Ting-Lu|
|poke|p1|Gholdengo|
|poke|p1|Moltres|
|poke|p1|Zamazenta-*|
|poke|p1|Weezing-Galar, F|
|poke|p2|Armarouge, M|
|poke|p2|Glimmora, M|
|poke|p2|Corviknight, M|
|poke|p2|Iron Valiant|
|poke|p2|Ceruledge, M|
|poke|p2|Indeedee, M|
|teampreview
|inactive|Battle timer is ON: inactive players will automatically lose when time's up. (requested by zk1314)
|
|t:|1779597295
|teamsize|p1|6
|teamsize|p2|6
|start
|switch|p1a: Yosef Mizrachi|Jirachi, shiny|100/100
|switch|p2a: Glimmora|Glimmora, M|100/100
|turn|1
|
|t:|1779597306
|switch|p2a: Corviknight|Corviknight, M|100/100
|move|p1a: Yosef Mizrachi|Psychic|p2a: Corviknight
|-resisted|p2a: Corviknight
|-damage|p2a: Corviknight|71/100
|-ability|p2a: Corviknight|Mirror Armor
|-unboost|p1a: Yosef Mizrachi|spd|1
|
|upkeep
|turn|2
|
|t:|1779597316
|move|p1a: Yosef Mizrachi|Psychic|p2a: Corviknight
|-resisted|p2a: Corviknight
|-damage|p2a: Corviknight|43/100
|-ability|p2a: Corviknight|Mirror Armor
|-unboost|p1a: Yosef Mizrachi|spd|1
|move|p2a: Corviknight|U-turn|p1a: Yosef Mizrachi
|-damage|p1a: Yosef Mizrachi|87/100
|
|t:|1779597324
|switch|p2a: Armarouge|Armarouge, M|100/100|[from] U-turn
|
|upkeep
|turn|3
|
|t:|1779597329
|switch|p1a: Strict|Ting-Lu|100/100
|-ability|p1a: Strict|Vessel of Ruin
|move|p2a: Armarouge|Calm Mind|p2a: Armarouge
|-boost|p2a: Armarouge|spa|1
|-boost|p2a: Armarouge|spd|1
|
|upkeep
|turn|4
|
|t:|1779597342
|move|p2a: Armarouge|Armor Cannon|p1a: Strict
|-damage|p1a: Strict|50/100
|-unboost|p2a: Armarouge|def|1
|-unboost|p2a: Armarouge|spd|1
|move|p1a: Strict|Whirlwind|p2a: Armarouge
|drag|p2a: Glimmora|Glimmora, M|100/100
|
|upkeep
|turn|5
|
|t:|1779597353
|move|p2a: Glimmora|Stealth Rock|p1a: Strict
|-sidestart|p1: RidingInThat6-0|move: Stealth Rock
|move|p1a: Strict|Earthquake|p2a: Glimmora
|-supereffective|p2a: Glimmora
|-enditem|p2a: Glimmora|Focus Sash
|-damage|p2a: Glimmora|1/100
|-activate|p2a: Glimmora|ability: Toxic Debris
|-sidestart|p1: RidingInThat6-0|move: Toxic Spikes
|
|upkeep
|turn|6
|
|t:|1779597362
|move|p2a: Glimmora|Mortal Spin|p1a: Strict
|-resisted|p1a: Strict
|-damage|p1a: Strict|49/100
|-status|p1a: Strict|psn
|move|p1a: Strict|Earthquake|p2a: Glimmora
|-supereffective|p2a: Glimmora
|-damage|p2a: Glimmora|0 fnt
|-activate|p2a: Glimmora|ability: Toxic Debris
|-sidestart|p1: RidingInThat6-0|move: Toxic Spikes
|faint|p2a: Glimmora
|
|-damage|p1a: Strict|36/100 psn|[from] psn
|upkeep
|inactive|zk1314 has 120 seconds left.
|
|t:|1779597398
|switch|p2a: Armarouge|Armarouge, M|100/100
|turn|7
|
|t:|1779597404
|move|p2a: Armarouge|Calm Mind|p2a: Armarouge
|-boost|p2a: Armarouge|spa|1
|-boost|p2a: Armarouge|spd|1
|move|p1a: Strict|Whirlwind|p2a: Armarouge
|drag|p2a: Indeedee|Indeedee, M|100/100
|-fieldstart|move: Psychic Terrain|[from] ability: Psychic Surge|[of] p2a: Indeedee
|
|-damage|p1a: Strict|24/100 psn|[from] psn
|upkeep
|turn|8
|inactive|zk1314 has 120 seconds left.
|
|t:|1779597419
|switch|p2a: Corviknight|Corviknight, M|43/100
|switch|p1a: Yosef Mizrachi|Jirachi, shiny|87/100
|-damage|p1a: Yosef Mizrachi|81/100|[from] Stealth Rock
|
|upkeep
|turn|9
|
|t:|1779597428
|move|p1a: Yosef Mizrachi|Psychic|p2a: Corviknight
|-resisted|p2a: Corviknight
|-damage|p2a: Corviknight|7/100
|-ability|p2a: Corviknight|Mirror Armor
|-unboost|p1a: Yosef Mizrachi|spd|1
|move|p2a: Corviknight|Roost|p2a: Corviknight
|-heal|p2a: Corviknight|57/100
|-singleturn|p2a: Corviknight|move: Roost
|
|upkeep
|turn|10
|
|t:|1779597440
|move|p1a: Yosef Mizrachi|Psychic|p2a: Corviknight
|-resisted|p2a: Corviknight
|-damage|p2a: Corviknight|17/100
|-ability|p2a: Corviknight|Mirror Armor
|-unboost|p1a: Yosef Mizrachi|spd|1
|move|p2a: Corviknight|Roost|p2a: Corviknight
|-heal|p2a: Corviknight|67/100
|-singleturn|p2a: Corviknight|move: Roost
|
|upkeep
|turn|11
|
|t:|1779597459
|move|p1a: Yosef Mizrachi|Psychic|p2a: Corviknight
|-resisted|p2a: Corviknight
|-damage|p2a: Corviknight|27/100
|move|p2a: Corviknight|U-turn|p1a: Yosef Mizrachi
|-crit|p1a: Yosef Mizrachi
|-damage|p1a: Yosef Mizrachi|60/100
|
|t:|1779597466
|switch|p2a: Armarouge|Armarouge, M|100/100|[from] U-turn
|
|upkeep
|turn|12
|
|t:|1779597475
|move|p1a: Yosef Mizrachi|Psychic|p2a: Armarouge
|-resisted|p2a: Armarouge
|-damage|p2a: Armarouge|52/100
|move|p2a: Armarouge|Calm Mind|p2a: Armarouge
|-boost|p2a: Armarouge|spa|1
|-boost|p2a: Armarouge|spd|1
|
|upkeep
|turn|13
|
|t:|1779597483
|move|p1a: Yosef Mizrachi|Psychic|p2a: Armarouge
|-resisted|p2a: Armarouge
|-damage|p2a: Armarouge|20/100
|move|p2a: Armarouge|Armor Cannon|p1a: Yosef Mizrachi
|-supereffective|p1a: Yosef Mizrachi
|-damage|p1a: Yosef Mizrachi|0 fnt
|-unboost|p2a: Armarouge|def|1
|-unboost|p2a: Armarouge|spd|1
|faint|p1a: Yosef Mizrachi
|
|upkeep
|
|t:|1779597490
|switch|p1a: Don't|Gholdengo|100/100
|-damage|p1a: Don't|94/100|[from] Stealth Rock
|turn|14
|
|t:|1779597498
|switch|p2a: Indeedee|Indeedee, M|100/100
|move|p1a: Don't|Shadow Ball|p2a: Indeedee
|-immune|p2a: Indeedee
|
|-fieldend|move: Psychic Terrain
|upkeep
|turn|15
|
|t:|1779597507
|switch|p1a: Yankees|Moltres, shiny|100/100
|switch|p2a: Corviknight|Corviknight, M|27/100
|
|upkeep
|turn|16
|
|t:|1779597514
|switch|p2a: Indeedee|Indeedee, M|100/100
|-fieldstart|move: Psychic Terrain|[from] ability: Psychic Surge|[of] p2a: Indeedee
|move|p1a: Yankees|U-turn|p2a: Indeedee
|-supereffective|p2a: Indeedee
|-damage|p2a: Indeedee|60/100
|
|t:|1779597524
|switch|p1a: Don't|Gholdengo|94/100|[from] U-turn
|-damage|p1a: Don't|88/100|[from] Stealth Rock
|
|upkeep
|turn|17
|
|t:|1779597531
|move|p1a: Don't|Make It Rain|p2a: Indeedee
|-damage|p2a: Indeedee|0 fnt
|-unboost|p1a: Don't|spa|1
|faint|p2a: Indeedee
|
|upkeep
|
|t:|1779597538
|switch|p2a: Ceruledge|Ceruledge, M|100/100
|turn|18
|
|t:|1779597545
|switch|p1a: Clubs of Manhattan|Weezing-Galar, F|100/100
|-ability|p1a: Clubs of Manhattan|Neutralizing Gas
|-sideend|p1: RidingInThat6-0|move: Toxic Spikes|[of] p1a: Clubs of Manhattan
|move|p2a: Ceruledge|Swords Dance|p2a: Ceruledge
|-boost|p2a: Ceruledge|atk|2
|
|upkeep
|turn|19
|
|t:|1779597555
|move|p2a: Ceruledge|Poltergeist|p1a: Clubs of Manhattan|[miss]
|-miss|p2a: Ceruledge|p1a: Clubs of Manhattan
|move|p1a: Clubs of Manhattan|Sludge Bomb|p2a: Ceruledge
|-resisted|p2a: Ceruledge
|-damage|p2a: Ceruledge|85/100
|
|upkeep
|turn|20
|
|t:|1779597564
|move|p2a: Ceruledge|Bitter Blade|p1a: Clubs of Manhattan
|-damage|p1a: Clubs of Manhattan|36/100
|-heal|p2a: Ceruledge|100/100|[from] drain|[of] p1a: Clubs of Manhattan
|move|p1a: Clubs of Manhattan|Sludge Bomb|p2a: Ceruledge
|-resisted|p2a: Ceruledge
|-damage|p2a: Ceruledge|86/100
|
|upkeep
|turn|21
|
|t:|1779597576
|-end|p1a: Clubs of Manhattan|ability: Neutralizing Gas
|switch|p1a: Strict|Ting-Lu|24/100 psn
|-damage|p1a: Strict|17/100 psn|[from] Stealth Rock
|-ability|p1a: Strict|Vessel of Ruin
|move|p2a: Ceruledge|Bitter Blade|p1a: Strict
|-damage|p1a: Strict|0 fnt
|-heal|p2a: Ceruledge|99/100|[from] drain|[of] p1a: Strict
|faint|p1a: Strict
|
|upkeep
|
|t:|1779597581
|switch|p1a: Idol|Zamazenta|100/100
|-damage|p1a: Idol|94/100|[from] Stealth Rock
|-ability|p1a: Idol|Dauntless Shield|boost
|-boost|p1a: Idol|def|1
|turn|22
|
|t:|1779597599
|switch|p2a: Corviknight|Corviknight, M|27/100
|-terastallize|p1a: Idol|Dark
|move|p1a: Idol|Crunch|p2a: Corviknight
|-damage|p2a: Corviknight|0 fnt
|-damage|p1a: Idol|78/100|[from] item: Rocky Helmet|[of] p2a: Corviknight
|faint|p2a: Corviknight
|-damage|p1a: Idol|68/100|[from] item: Life Orb
|
|upkeep
|
|t:|1779597610
|switch|p2a: Iron Valiant|Iron Valiant|100/100
|-enditem|p2a: Iron Valiant|Booster Energy
|-activate|p2a: Iron Valiant|ability: Quark Drive|[fromitem]
|-start|p2a: Iron Valiant|quarkdrivespe
|turn|23
|
|t:|1779597620
|switch|p1a: Yankees|Moltres, shiny|100/100
|move|p2a: Iron Valiant|Calm Mind|p2a: Iron Valiant
|-boost|p2a: Iron Valiant|spa|1
|-boost|p2a: Iron Valiant|spd|1
|
|-fieldend|move: Psychic Terrain
|upkeep
|turn|24
|
|t:|1779597627
|move|p2a: Iron Valiant|Thunderbolt|p1a: Yankees
|-supereffective|p1a: Yankees
|-damage|p1a: Yankees|14/100
|move|p1a: Yankees|Flamethrower|p2a: Iron Valiant
|-damage|p2a: Iron Valiant|61/100
|-status|p2a: Iron Valiant|brn
|
|-damage|p2a: Iron Valiant|55/100 brn|[from] brn
|upkeep
|turn|25
|
|t:|1779597638
|move|p2a: Iron Valiant|Moonblast|p1a: Yankees
|-resisted|p1a: Yankees
|-damage|p1a: Yankees|0 fnt
|faint|p1a: Yankees
|
|-damage|p2a: Iron Valiant|49/100 brn|[from] brn
|upkeep
|
|t:|1779597640
|switch|p1a: Don't|Gholdengo|88/100
|-damage|p1a: Don't|82/100|[from] Stealth Rock
|turn|26
|
|t:|1779597649
|move|p2a: Iron Valiant|Thunderbolt|p1a: Don't
|-damage|p1a: Don't|30/100
|-status|p1a: Don't|par
|move|p1a: Don't|Shadow Ball|p2a: Iron Valiant
|-damage|p2a: Iron Valiant|0 fnt
|faint|p2a: Iron Valiant
|-end|p2a: Iron Valiant|Quark Drive|[silent]
|
|upkeep
|
|t:|1779597663
|switch|p2a: Ceruledge|Ceruledge, M|99/100
|turn|27
|
|t:|1779597666
|move|p2a: Ceruledge|Bitter Blade|p1a: Don't
|-supereffective|p1a: Don't
|-damage|p1a: Don't|0 fnt
|-heal|p2a: Ceruledge|100/100|[from] drain|[of] p1a: Don't
|faint|p1a: Don't
|
|upkeep
|
|t:|1779597668
|switch|p1a: Clubs of Manhattan|Weezing-Galar, F|36/100
|-ability|p1a: Clubs of Manhattan|Neutralizing Gas
|turn|28
|
|t:|1779597681
|move|p2a: Ceruledge|Poltergeist|p1a: Clubs of Manhattan
|-activate|p1a: Clubs of Manhattan|move: Poltergeist|Heavy-Duty Boots
|-damage|p1a: Clubs of Manhattan|0 fnt
|faint|p1a: Clubs of Manhattan
|-end|p1a: Clubs of Manhattan|ability: Neutralizing Gas
|
|upkeep
|
|t:|1779597684
|switch|p1a: Idol|Zamazenta, tera:Dark|68/100
|-damage|p1a: Idol|56/100|[from] Stealth Rock
|turn|29
|
|t:|1779597692
|-terastallize|p2a: Ceruledge|Fighting
|move|p1a: Idol|Crunch|p2a: Ceruledge
|-resisted|p2a: Ceruledge
|-damage|p2a: Ceruledge|66/100
|-ability|p2a: Ceruledge|Weak Armor|boost
|-unboost|p2a: Ceruledge|def|1
|-boost|p2a: Ceruledge|spe|2
|-damage|p1a: Idol|46/100|[from] item: Life Orb
|move|p2a: Ceruledge|Close Combat|p1a: Idol
|-supereffective|p1a: Idol
|-damage|p1a: Idol|0 fnt
|-unboost|p2a: Ceruledge|def|1
|-unboost|p2a: Ceruledge|spd|1
|faint|p1a: Idol
|
|win|zk1314
|raw|RidingInThat6-0's rating: 1474 &rarr; <strong>1452</strong><br />(-22 for losing)
|raw|zk1314's rating: 1435 &rarr; <strong>1457</strong><br />(+22 for winning)
|l|☆RidingInThat6-0
|player|p1|
|l|☆zk1314
|player|p2|
