|j|☆Fredolangas
|j|☆waterser
|t:|1779673878
|gametype|singles
|player|p1|Fredolangas|102|1397
|player|p2|waterser|lucas-gen4pt|1370
|gen|9
|tier|[Gen 9] OU
|rated|
|rule|HP Percentage Mod: HP is shown in percentages
|rule|Endless Battle Clause: Forcing endless battles is banned
|rule|Species Clause: Limit one of each Pokémon
|rule|OHKO Clause: OHKO moves are banned
|rule|Evasion Items Clause: Evasion items are banned
|rule|Evasion Moves Clause: Evasion moves are banned
|rule|Evasion Abilities Clause: Evasion abilities are banned
|rule|Sleep Moves Clause: Sleep-inducing moves are banned
|clearpoke
|poke|p1|Hydreigon, F|
|poke|p1|Araquanid, F|
|poke|p1|Clodsire, M|
|poke|p1|Blastoise, M|
|poke|p1|Rillaboom, F|
|poke|p1|Iron Treads|
|poke|p2|Great Tusk|
|poke|p2|Dragapult, F|
|poke|p2|Gholdengo|
|poke|p2|Dragonite, M|
|poke|p2|Deoxys-Speed|
|poke|p2|Kingambit, M|
|teampreview
|inactive|Battle timer is ON: inactive players will automatically lose when time's up. (requested by waterser)
|
|t:|1779673887
|teamsize|p1|6
|teamsize|p2|6
|start
|switch|p1a: Rillaboom|Rillaboom, F|100/100
|switch|p2a: Deoxys|Deoxys-Speed|100/100
|-ability|p2a: Deoxys|Pressure
|-fieldstart|move: Grassy Terrain|[from] ability: Grassy Surge|[of] p1a: Rillaboom
|turn|1
|
|t:|1779673893
|move|p1a: Rillaboom|Grassy Glide|p2a: Deoxys
|-damage|p2a: Deoxys|30/100
|-enditem|p2a: Deoxys|Red Card|[of] p1a: Rillaboom
|drag|p1a: Hydreigon|Hydreigon, F|100/100
|move|p2a: Deoxys|Stealth Rock|p1a: Hydreigon
|-sidestart|p1: Fredolangas|move: Stealth Rock
|
|-heal|p2a: Deoxys|36/100|[from] Grassy Terrain
|upkeep
|turn|2
|
|t:|1779673902
|move|p2a: Deoxys|Spikes|p1a: Hydreigon
|-sidestart|p1: Fredolangas|Spikes
|move|p1a: Hydreigon|Dark Pulse|p2a: Deoxys
|-supereffective|p2a: Deoxys
|-damage|p2a: Deoxys|0 fnt
|faint|p2a: Deoxys
|
|upkeep
|
|t:|1779673912
|switch|p2a: Great Tusk|Great Tusk|100/100
|-enditem|p2a: Great Tusk|Booster Energy
|-activate|p2a: Great Tusk|ability: Protosynthesis|[fromitem]
|-start|p2a: Great Tusk|protosynthesisspe
|turn|3
|
|t:|1779673925
|switch|p1a: Clodsire|Clodsire, M|100/100
|-damage|p1a: Clodsire|94/100|[from] Stealth Rock
|-damage|p1a: Clodsire|82/100|[from] Spikes
|move|p2a: Great Tusk|Bulk Up|p2a: Great Tusk
|-boost|p2a: Great Tusk|atk|1
|-boost|p2a: Great Tusk|def|1
|
|-heal|p1a: Clodsire|88/100|[from] Grassy Terrain
|-heal|p1a: Clodsire|94/100|[from] item: Black Sludge
|upkeep
|turn|4
|
|t:|1779673930
|move|p2a: Great Tusk|Headlong Rush|p1a: Clodsire
|-supereffective|p1a: Clodsire
|-crit|p1a: Clodsire
|-damage|p1a: Clodsire|0 fnt
|-unboost|p2a: Great Tusk|def|1
|-unboost|p2a: Great Tusk|spd|1
|faint|p1a: Clodsire
|
|upkeep
|
|t:|1779673939
|switch|p1a: Rillaboom|Rillaboom, F|100/100
|-damage|p1a: Rillaboom|88/100|[from] Stealth Rock
|-damage|p1a: Rillaboom|76/100|[from] Spikes
|turn|5
|
|t:|1779673945
|move|p2a: Great Tusk|Ice Spinner|p1a: Rillaboom
|-supereffective|p1a: Rillaboom
|-damage|p1a: Rillaboom|1/100
|-fieldend|move: Grassy Terrain
|move|p1a: Rillaboom|Wood Hammer|p2a: Great Tusk
|-supereffective|p2a: Great Tusk
|-damage|p2a: Great Tusk|0 fnt
|faint|p2a: Great Tusk
|-end|p2a: Great Tusk|Protosynthesis|[silent]
|-damage|p1a: Rillaboom|0 fnt|[from] Recoil
|faint|p1a: Rillaboom
|
|upkeep
|
|t:|1779673958
|switch|p2a: Kingambit|Kingambit, M|100/100
|switch|p1a: Iron Treads|Iron Treads|100/100
|-damage|p1a: Iron Treads|97/100|[from] Stealth Rock
|-damage|p1a: Iron Treads|85/100|[from] Spikes
|-activate|p2a: Kingambit|ability: Supreme Overlord
|-start|p2a: Kingambit|fallen2|[silent]
|turn|6
|
|t:|1779673964
|move|p1a: Iron Treads|Rapid Spin|p2a: Kingambit
|-resisted|p2a: Kingambit
|-damage|p2a: Kingambit|95/100
|-boost|p1a: Iron Treads|spe|1
|-sideend|p1: Fredolangas|Spikes|[from] move: Rapid Spin|[of] p1a: Iron Treads
|-sideend|p1: Fredolangas|Stealth Rock|[from] move: Rapid Spin|[of] p1a: Iron Treads
|move|p2a: Kingambit|Low Kick|p1a: Iron Treads
|-supereffective|p1a: Iron Treads
|-damage|p1a: Iron Treads|0 fnt
|faint|p1a: Iron Treads
|-end|p1a: Iron Treads|Quark Drive|[silent]
|
|upkeep
|
|t:|1779673970
|switch|p1a: Araquanid|Araquanid, F|100/100
|turn|7
|
|t:|1779673973
|move|p2a: Kingambit|Swords Dance|p2a: Kingambit
|-boost|p2a: Kingambit|atk|2
|move|p1a: Araquanid|Liquidation|p2a: Kingambit
|-damage|p2a: Kingambit|61/100
|
|upkeep
|turn|8
|
|t:|1779673979
|move|p2a: Kingambit|Kowtow Cleave|p1a: Araquanid
|-damage|p1a: Araquanid|0 fnt
|faint|p1a: Araquanid
|
|upkeep
|
|t:|1779673982
|switch|p1a: Hydreigon|Hydreigon, F|100/100
|turn|9
|
|t:|1779673986
|-terastallize|p2a: Kingambit|Ghost
|move|p1a: Hydreigon|Heat Wave|p2a: Kingambit
|-damage|p2a: Kingambit|17/100
|move|p2a: Kingambit|Low Kick|p1a: Hydreigon
|-supereffective|p1a: Hydreigon
|-damage|p1a: Hydreigon|0 fnt
|faint|p1a: Hydreigon
|
|upkeep
|
|t:|1779673992
|switch|p1a: Blastoise|Blastoise, M|100/100
|turn|10
|
|t:|1779673995
|-terastallize|p1a: Blastoise|Stellar
|move|p1a: Blastoise|Shell Smash|p1a: Blastoise
|-unboost|p1a: Blastoise|def|1
|-unboost|p1a: Blastoise|spd|1
|-boost|p1a: Blastoise|atk|2
|-boost|p1a: Blastoise|spa|2
|-boost|p1a: Blastoise|spe|2
|-enditem|p1a: Blastoise|White Herb
|-clearnegativeboost|p1a: Blastoise|[silent]
|move|p2a: Kingambit|Kowtow Cleave|p1a: Blastoise
|-damage|p1a: Blastoise|0 fnt
|faint|p1a: Blastoise
|
|win|waterser
|raw|Fredolangas's rating: 1397 &rarr; <strong>1375</strong><br />(-22 for losing)
|raw|waterser's rating: 1370 &rarr; <strong>1392</strong><br />(+22 for winning)
|l|☆Fredolangas
|player|p1|
|l|☆waterser
|player|p2|
