|j|☆Pedroelentrenador
|j|☆cchang21
|t:|1779714217
|gametype|singles
|player|p1|Pedroelentrenador|n|1288
|player|p2|cchang21|zinnia-masters|1294
|gen|9
|tier|[Gen 9] OU
|rated|
|rule|HP Percentage Mod: HP is shown in percentages
|rule|Endless Battle Clause: Forcing endless battles is banned
|rule|Species Clause: Limit one of each Pokémon
|rule|OHKO Clause: OHKO moves are banned
|rule|Evasion Items Clause: Evasion items are banned
|rule|Evasion Moves Clause: Evasion moves are banned
|rule|Evasion Abilities Clause: Evasion abilities are banned
|rule|Sleep Moves Clause: Sleep-inducing moves are banned
|clearpoke
|poke|p1|Hatterene, F|
|poke|p1|Slowbro, M|
|poke|p1|Ursaluna, F|
|poke|p1|Kingambit, M|
|poke|p1|Vikavolt, F|
|poke|p1|Toxapex, M|
|poke|p2|Ribombee, M|
|poke|p2|Lokix, F|
|poke|p2|Great Tusk|
|poke|p2|Raging Bolt|
|poke|p2|Gholdengo|
|poke|p2|Iron Moth|
|teampreview
|inactive|Battle timer is ON: inactive players will automatically lose when time's up. (requested by cchang21)
|
|t:|1779714227
|teamsize|p1|6
|teamsize|p2|6
|start
|switch|p1a: Kingambit|Kingambit, M|100/100
|switch|p2a: Ribombee|Ribombee, M|100/100
|turn|1
|
|t:|1779714234
|move|p2a: Ribombee|Stun Spore|p1a: Kingambit
|-status|p1a: Kingambit|par
|cant|p1a: Kingambit|par
|
|upkeep
|turn|2
|
|t:|1779714240
|move|p2a: Ribombee|Sticky Web|p1a: Kingambit
|-sidestart|p1: Pedroelentrenador|move: Sticky Web
|move|p1a: Kingambit|Iron Head|p2a: Ribombee
|-supereffective|p2a: Ribombee
|-enditem|p2a: Ribombee|Focus Sash
|-damage|p2a: Ribombee|1/100
|
|upkeep
|turn|3
|
|t:|1779714249
|cant|p1a: Kingambit|par
|move|p2a: Ribombee|Moonblast|p1a: Kingambit
|-damage|p1a: Kingambit|59/100 par
|
|upkeep
|turn|4
|
|t:|1779714255
|cant|p1a: Kingambit|par
|move|p2a: Ribombee|Moonblast|p1a: Kingambit
|-damage|p1a: Kingambit|23/100 par
|
|upkeep
|turn|5
|
|t:|1779714261
|move|p1a: Kingambit|Sucker Punch||[still]
|-fail|p1a: Kingambit
|move|p2a: Ribombee|Skill Swap|p1a: Kingambit
|-activate|p2a: Ribombee|Skill Swap|Supreme Overlord|Shield Dust|[of] p1a: Kingambit
|-end|p1a: Kingambit|fallenundefined|[silent]
|
|upkeep
|turn|6
|
|t:|1779714267
|cant|p1a: Kingambit|par
|move|p2a: Ribombee|Moonblast|p1a: Kingambit
|-damage|p1a: Kingambit|0 fnt
|faint|p1a: Kingambit
|
|upkeep
|c|☆Pedroelentrenador|Wtf
|
|t:|1779714289
|switch|p1a: Vikavolt|Vikavolt, F|100/100
|turn|7
|
|t:|1779714303
|move|p2a: Ribombee|Moonblast|p1a: Vikavolt
|-damage|p1a: Vikavolt|50/100
|-unboost|p1a: Vikavolt|spa|1
|move|p1a: Vikavolt|Volt Switch|p2a: Ribombee
|-damage|p2a: Ribombee|0 fnt
|faint|p2a: Ribombee
|-end|p2a: Ribombee|fallenundefined|[silent]
|
|t:|1779714319
|switch|p1a: Hatterene|Hatterene, F|100/100|[from] Volt Switch
|-activate|p1a: Hatterene|move: Sticky Web
|-unboost|p1a: Hatterene|spe|1
|
|upkeep
|
|t:|1779714326
|switch|p2a: Iron Moth|Iron Moth|100/100
|-enditem|p2a: Iron Moth|Booster Energy
|-activate|p2a: Iron Moth|ability: Quark Drive|[fromitem]
|-start|p2a: Iron Moth|quarkdrivespa
|turn|8
|
|t:|1779714331
|switch|p1a: Toxapex|Toxapex, M|100/100
|-activate|p1a: Toxapex|move: Sticky Web
|-unboost|p1a: Toxapex|spe|1
|move|p2a: Iron Moth|Sludge Wave|p1a: Toxapex
|-resisted|p1a: Toxapex
|-damage|p1a: Toxapex|71/100
|
|-heal|p1a: Toxapex|77/100|[from] item: Black Sludge
|upkeep
|turn|9
|
|t:|1779714342
|move|p2a: Iron Moth|Energy Ball|p1a: Toxapex
|-damage|p1a: Toxapex|40/100
|-unboost|p1a: Toxapex|spd|1
|move|p1a: Toxapex|Toxic|p2a: Iron Moth
|-immune|p2a: Iron Moth
|
|-heal|p1a: Toxapex|47/100|[from] item: Black Sludge
|upkeep
|turn|10
|
|t:|1779714354
|switch|p1a: Hatterene|Hatterene, F|100/100
|-activate|p1a: Hatterene|move: Sticky Web
|-unboost|p1a: Hatterene|spe|1
|move|p2a: Iron Moth|Fiery Dance|p1a: Hatterene
|-damage|p1a: Hatterene|45/100
|-boost|p2a: Iron Moth|spa|1
|-enditem|p1a: Hatterene|Sitrus Berry|[eat]
|-heal|p1a: Hatterene|70/100|[from] item: Sitrus Berry
|
|upkeep
|turn|11
|
|t:|1779714370
|switch|p1a: Toxapex|Toxapex, M|80/100
|-activate|p1a: Toxapex|move: Sticky Web
|-unboost|p1a: Toxapex|spe|1
|move|p2a: Iron Moth|Fiery Dance|p1a: Toxapex
|-resisted|p1a: Toxapex
|-damage|p1a: Toxapex|41/100
|-boost|p2a: Iron Moth|spa|1
|
|-heal|p1a: Toxapex|48/100|[from] item: Black Sludge
|upkeep
|turn|12
|
|t:|1779714382
|move|p2a: Iron Moth|Fiery Dance|p1a: Toxapex
|-resisted|p1a: Toxapex
|-damage|p1a: Toxapex|0 fnt
|-boost|p2a: Iron Moth|spa|1
|faint|p1a: Toxapex
|
|upkeep
|
|t:|1779714392
|switch|p1a: Ursaluna|Ursaluna, F|100/100
|-activate|p1a: Ursaluna|move: Sticky Web
|-unboost|p1a: Ursaluna|spe|1
|turn|13
|
|t:|1779714397
|move|p2a: Iron Moth|Fiery Dance|p1a: Ursaluna
|-damage|p1a: Ursaluna|0 fnt
|faint|p1a: Ursaluna
|
|upkeep
|l|☆Pedroelentrenador
|inactive|Pedroelentrenador disconnected and has a minute to reconnect!
|player|p1|
|inactive|Pedroelentrenador has 30 seconds to reconnect!
|inactive|Pedroelentrenador has 20 seconds to reconnect!
|inactive|Pedroelentrenador has 15 seconds to reconnect!
|inactive|Pedroelentrenador has 10 seconds to reconnect!
|inactive|Pedroelentrenador has 5 seconds to reconnect!
|-message|Pedroelentrenador lost due to inactivity.
|
|win|cchang21
|raw|Pedroelentrenador's rating: 1288 &rarr; <strong>1263</strong><br />(-25 for losing)
|raw|cchang21's rating: 1294 &rarr; <strong>1319</strong><br />(+25 for winning)
|l|☆cchang21
|player|p2|
