|j|☆traphouse timmy
|j|☆testing kretchy v3
|t:|1779712695
|gametype|singles
|player|p1|traphouse timmy|ninjaboy|1401
|player|p2|testing kretchy v3|skyla-masters|1402
|gen|9
|tier|[Gen 9] OU
|rated|
|rule|HP Percentage Mod: HP is shown in percentages
|rule|Endless Battle Clause: Forcing endless battles is banned
|rule|Species Clause: Limit one of each Pokémon
|rule|OHKO Clause: OHKO moves are banned
|rule|Evasion Items Clause: Evasion items are banned
|rule|Evasion Moves Clause: Evasion moves are banned
|rule|Evasion Abilities Clause: Evasion abilities are banned
|rule|Sleep Moves Clause: Sleep-inducing moves are banned
|clearpoke
|poke|p1|Deoxys-Speed|
|poke|p1|Hoopa-Unbound|
|poke|p1|Manaphy|
|poke|p1|Iron Valiant|
|poke|p1|Donphan, L1, M|
|poke|p1|Cinderace, F|
|poke|p2|Beartic, M|
|poke|p2|Great Tusk|
|poke|p2|Hatterene, F|
|poke|p2|Raging Bolt|
|poke|p2|Ninetales-Alola, F|
|poke|p2|Kyurem|
|teampreview
|inactive|Battle timer is ON: inactive players will automatically lose when time's up. (requested by testing kretchy v3)
|inactive|traphouse timmy also wants the timer to be on.
|
|t:|1779712701
|teamsize|p1|6
|teamsize|p2|6
|start
|switch|p1a: Deoxys|Deoxys-Speed|100/100
|switch|p2a: the notorious TIC|Beartic, M|100/100
|-ability|p1a: Deoxys|Pressure
|turn|1
|
|t:|1779712707
|switch|p2a: Ninetales|Ninetales-Alola, F|100/100
|-weather|Snowscape|[from] ability: Snow Warning|[of] p2a: Ninetales
|move|p1a: Deoxys|Reflect|p1a: Deoxys
|-sidestart|p1: traphouse timmy|Reflect
|
|-weather|Snowscape|[upkeep]
|upkeep
|turn|2
|
|t:|1779712722
|move|p1a: Deoxys|Knock Off|p2a: Ninetales
|-resisted|p2a: Ninetales
|-crit|p2a: Ninetales
|-damage|p2a: Ninetales|88/100
|-enditem|p2a: Ninetales|Icy Rock|[from] move: Knock Off|[of] p1a: Deoxys
|move|p2a: Ninetales|Encore|p1a: Deoxys
|-start|p1a: Deoxys|Encore
|
|-weather|Snowscape|[upkeep]
|upkeep
|turn|3
|
|t:|1779712730
|switch|p1a: Cinderace|Cinderace, F|100/100
|move|p2a: Ninetales|Aurora Veil|p2a: Ninetales
|-sidestart|p2: testing kretchy v3|move: Aurora Veil
|
|-weather|Snowscape|[upkeep]
|upkeep
|turn|4
|
|t:|1779712740
|move|p1a: Cinderace|U-turn|p2a: Ninetales
|-start|p1a: Cinderace|typechange|Bug|[from] ability: Libero
|-resisted|p2a: Ninetales
|-damage|p2a: Ninetales|82/100
|
|t:|1779712746
|switch|p1a: Deoxys|Deoxys-Speed|100/100|[from] U-turn
|-ability|p1a: Deoxys|Pressure
|move|p2a: Ninetales|Encore||[still]
|-fail|p2a: Ninetales
|
|-weather|Snowscape|[upkeep]
|upkeep
|turn|5
|
|t:|1779712753
|switch|p2a: the notorious TIC|Beartic, M|100/100
|move|p1a: Deoxys|Light Screen|p1a: Deoxys
|-sidestart|p1: traphouse timmy|move: Light Screen
|
|-weather|Snowscape|[upkeep]
|upkeep
|turn|6
|
|t:|1779712759
|move|p1a: Deoxys|Knock Off|p2a: the notorious TIC
|-damage|p2a: the notorious TIC|92/100
|-enditem|p2a: the notorious TIC|Loaded Dice|[from] move: Knock Off|[of] p1a: Deoxys
|move|p2a: the notorious TIC|Icicle Spear|p1a: Deoxys
|-crit|p1a: Deoxys
|-damage|p1a: Deoxys|77/100
|-damage|p1a: Deoxys|69/100
|-damage|p1a: Deoxys|61/100
|-hitcount|p1a: Deoxys|3
|
|-weather|Snowscape|[upkeep]
|upkeep
|turn|7
|
|t:|1779712770
|switch|p1a: Cinderace|Cinderace, F|100/100
|move|p2a: the notorious TIC|Swords Dance|p2a: the notorious TIC
|-boost|p2a: the notorious TIC|atk|2
|
|-weather|Snowscape|[upkeep]
|-sideend|p2: testing kretchy v3|move: Aurora Veil
|upkeep
|turn|8
|
|t:|1779712777
|move|p2a: the notorious TIC|Rock Slide|p1a: Cinderace
|-supereffective|p1a: Cinderace
|-damage|p1a: Cinderace|24/100
|move|p1a: Cinderace|Pyro Ball|p2a: the notorious TIC
|-supereffective|p2a: the notorious TIC
|-damage|p2a: the notorious TIC|1/100
|
|-weather|none
|-sideend|p1: traphouse timmy|Reflect
|upkeep
|turn|9
|
|t:|1779712785
|switch|p2a: Hatterene|Hatterene, F|100/100
|move|p1a: Cinderace|U-turn|p2a: Hatterene
|-start|p1a: Cinderace|typechange|Bug|[from] ability: Libero
|-damage|p2a: Hatterene|74/100
|-enditem|p2a: Hatterene|Eject Button
|
|t:|1779712789
|switch|p2a: Ninetales|Ninetales-Alola, F|82/100
|-weather|Snowscape|[from] ability: Snow Warning|[of] p2a: Ninetales
|
|-weather|Snowscape|[upkeep]
|upkeep
|turn|10
|
|t:|1779712796
|switch|p2a: Hatterene|Hatterene, F|74/100
|move|p1a: Cinderace|Pyro Ball|p2a: Hatterene
|-damage|p2a: Hatterene|44/100
|
|-weather|Snowscape|[upkeep]
|upkeep
|turn|11
|
|t:|1779712803
|move|p1a: Cinderace|U-turn|p2a: Hatterene
|-damage|p2a: Hatterene|12/100
|
|t:|1779712808
|switch|p1a: Deoxys|Deoxys-Speed|61/100|[from] U-turn
|-ability|p1a: Deoxys|Pressure
|move|p2a: Hatterene|Healing Wish|p2a: Hatterene
|faint|p2a: Hatterene
|
|-weather|Snowscape|[upkeep]
|upkeep
|
|t:|1779712810
|switch|p2a: the notorious TIC|Beartic, M|1/100
|-heal|p2a: the notorious TIC|100/100|[from] move: Healing Wish
|turn|12
|
|t:|1779712834
|move|p1a: Deoxys|Reflect|p1a: Deoxys
|-sidestart|p1: traphouse timmy|Reflect
|move|p2a: the notorious TIC|Icicle Spear|p1a: Deoxys
|-damage|p1a: Deoxys|53/100
|-damage|p1a: Deoxys|45/100
|-damage|p1a: Deoxys|37/100
|-damage|p1a: Deoxys|29/100
|-hitcount|p1a: Deoxys|4
|
|-weather|Snowscape|[upkeep]
|-sideend|p1: traphouse timmy|move: Light Screen
|upkeep
|turn|13
|
|t:|1779712844
|move|p1a: Deoxys|Psycho Boost|p2a: the notorious TIC
|-damage|p2a: the notorious TIC|39/100
|-unboost|p1a: Deoxys|spa|2
|move|p2a: the notorious TIC|Icicle Spear|p1a: Deoxys
|-damage|p1a: Deoxys|20/100
|-damage|p1a: Deoxys|12/100
|-damage|p1a: Deoxys|4/100
|-hitcount|p1a: Deoxys|3
|
|-weather|none
|upkeep
|turn|14
|
|t:|1779712857
|switch|p2a: Ninetales|Ninetales-Alola, F|82/100
|-weather|Snowscape|[from] ability: Snow Warning|[of] p2a: Ninetales
|move|p1a: Deoxys|Light Screen|p1a: Deoxys
|-sidestart|p1: traphouse timmy|move: Light Screen
|
|-weather|Snowscape|[upkeep]
|upkeep
|turn|15
|
|t:|1779712863
|switch|p1a: Cinderace|Cinderace, F|24/100
|move|p2a: Ninetales|Aurora Veil|p2a: Ninetales
|-sidestart|p2: testing kretchy v3|move: Aurora Veil
|
|-weather|Snowscape|[upkeep]
|upkeep
|turn|16
|
|t:|1779712872
|switch|p2a: Raging Bolt|Raging Bolt|100/100
|move|p1a: Cinderace|Pyro Ball|p2a: Raging Bolt
|-resisted|p2a: Raging Bolt
|-damage|p2a: Raging Bolt|87/100
|
|-weather|Snowscape|[upkeep]
|upkeep
|turn|17
|
|t:|1779712881
|switch|p1a: Deoxys|Deoxys-Speed|4/100
|-ability|p1a: Deoxys|Pressure
|move|p2a: Raging Bolt|Weather Ball|p1a: Deoxys
|-damage|p1a: Deoxys|0 fnt
|faint|p1a: Deoxys
|
|-weather|Snowscape|[upkeep]
|upkeep
|
|t:|1779712891
|switch|p1a: Donphan|Donphan, L1, M|100/100
|turn|18
|
|t:|1779712894
|-end|p2a: Raging Bolt|Protosynthesis|[silent]
|switch|p2a: the notorious TIC|Beartic, M|39/100
|move|p1a: Donphan|Endeavor|p2a: the notorious TIC
|-damage|p2a: the notorious TIC|4/100
|
|-weather|none
|upkeep
|turn|19
|
|t:|1779712901
|switch|p1a: Cinderace|Cinderace, F|24/100
|move|p2a: the notorious TIC|Icicle Spear|p1a: Cinderace
|-resisted|p1a: Cinderace
|-damage|p1a: Cinderace|19/100
|-resisted|p1a: Cinderace
|-damage|p1a: Cinderace|14/100
|-hitcount|p1a: Cinderace|2
|
|-sideend|p1: traphouse timmy|Reflect
|-sideend|p2: testing kretchy v3|move: Aurora Veil
|upkeep
|turn|20
|
|t:|1779712910
|switch|p2a: Ninetales|Ninetales-Alola, F|82/100
|-weather|Snowscape|[from] ability: Snow Warning|[of] p2a: Ninetales
|move|p1a: Cinderace|U-turn|p2a: Ninetales
|-start|p1a: Cinderace|typechange|Bug|[from] ability: Libero
|-resisted|p2a: Ninetales
|-damage|p2a: Ninetales|67/100
|
|t:|1779712926
|switch|p1a: Donphan|Donphan, L1, M|100/100|[from] U-turn
|
|-weather|Snowscape|[upkeep]
|upkeep
|turn|21
|
|t:|1779712931
|switch|p2a: the notorious TIC|Beartic, M|4/100
|move|p1a: Donphan|Endeavor|p2a: the notorious TIC
|-immune|p2a: the notorious TIC
|
|-weather|Snowscape|[upkeep]
|-sideend|p1: traphouse timmy|move: Light Screen
|upkeep
|turn|22
|
|t:|1779712938
|switch|p1a: Cinderace|Cinderace, F|14/100
|move|p2a: the notorious TIC|Icicle Spear|p1a: Cinderace
|-resisted|p1a: Cinderace
|-damage|p1a: Cinderace|5/100
|-resisted|p1a: Cinderace
|-damage|p1a: Cinderace|0 fnt
|faint|p1a: Cinderace
|-hitcount|p1: Cinderace|2
|
|-weather|Snowscape|[upkeep]
|upkeep
|
|t:|1779712951
|switch|p1a: Manaphy|Manaphy|100/100
|turn|23
|
|t:|1779712956
|switch|p2a: Raging Bolt|Raging Bolt|87/100
|move|p1a: Manaphy|Scald|p2a: Raging Bolt
|-resisted|p2a: Raging Bolt
|-damage|p2a: Raging Bolt|74/100
|
|-weather|Snowscape|[upkeep]
|upkeep
|turn|24
|
|t:|1779712963
|switch|p1a: Hoopa|Hoopa-Unbound|100/100
|move|p2a: Raging Bolt|Weather Ball|p1a: Hoopa
|-damage|p1a: Hoopa|69/100
|
|-weather|none
|upkeep
|turn|25
|
|t:|1779712971
|-end|p2a: Raging Bolt|Protosynthesis|[silent]
|switch|p2a: Ninetales|Ninetales-Alola, F|67/100
|-weather|Snowscape|[from] ability: Snow Warning|[of] p2a: Ninetales
|move|p1a: Hoopa|Psychic Noise|p2a: Ninetales
|-damage|p2a: Ninetales|14/100
|-start|p2a: Ninetales|move: Heal Block
|
|-weather|Snowscape|[upkeep]
|upkeep
|turn|26
|
|t:|1779712982
|move|p2a: Ninetales|Encore|p1a: Hoopa
|-start|p1a: Hoopa|Encore
|move|p1a: Hoopa|Psychic Noise|p2a: Ninetales
|-damage|p2a: Ninetales|0 fnt
|faint|p2a: Ninetales
|
|-weather|Snowscape|[upkeep]
|upkeep
|
|t:|1779712985
|switch|p2a: Raging Bolt|Raging Bolt|74/100
|turn|27
|
|t:|1779712992
|move|p2a: Raging Bolt|Volt Switch|p1a: Hoopa
|-damage|p1a: Hoopa|36/100
|l|☆testing kretchy v3
|inactive|testing kretchy v3 disconnected and has a minute to reconnect!
|player|p2|
|inactive|testing kretchy v3 has 30 seconds to reconnect!
|inactive|testing kretchy v3 has 20 seconds to reconnect!
|inactive|testing kretchy v3 has 15 seconds to reconnect!
|inactive|testing kretchy v3 has 10 seconds to reconnect!
|inactive|testing kretchy v3 has 5 seconds to reconnect!
|-message|testing kretchy v3 lost due to inactivity.
|
|win|traphouse timmy
|raw|traphouse timmy's rating: 1401 &rarr; <strong>1421</strong><br />(+20 for winning)
|raw|testing kretchy v3's rating: 1402 &rarr; <strong>1382</strong><br />(-20 for losing)
|l|☆traphouse timmy
|player|p1|
