|j|☆rocktypepokemans
|j|☆No Bithes?????
|t:|1779600472
|gametype|singles
|player|p1|rocktypepokemans|gambler|1485
|player|p2|No Bithes?????|169|1462
|gen|9
|tier|[Gen 9] OU
|rated|
|rule|HP Percentage Mod: HP is shown in percentages
|rule|Endless Battle Clause: Forcing endless battles is banned
|rule|Species Clause: Limit one of each Pokémon
|rule|OHKO Clause: OHKO moves are banned
|rule|Evasion Items Clause: Evasion items are banned
|rule|Evasion Moves Clause: Evasion moves are banned
|rule|Evasion Abilities Clause: Evasion abilities are banned
|rule|Sleep Moves Clause: Sleep-inducing moves are banned
|clearpoke
|poke|p1|Walking Wake|
|poke|p1|Great Tusk|
|poke|p1|Ninetales, F|
|poke|p1|Cresselia, F|
|poke|p1|Zarude|
|poke|p1|Ceruledge, M|
|poke|p2|Great Tusk|
|poke|p2|Deoxys-Speed|
|poke|p2|Zamazenta-*|
|poke|p2|Ceruledge, M|
|poke|p2|Ogerpon-Wellspring, F|
|poke|p2|Raging Bolt|
|teampreview
|inactive|Battle timer is ON: inactive players will automatically lose when time's up. (requested by rocktypepokemans)
|
|t:|1779600502
|teamsize|p1|6
|teamsize|p2|6
|start
|switch|p1a: Zarude|Zarude|100/100
|switch|p2a: Deoxys|Deoxys-Speed|100/100
|-ability|p2a: Deoxys|Pressure
|turn|1
|
|t:|1779600518
|move|p2a: Deoxys|Reflect|p2a: Deoxys
|-sidestart|p2: No Bithes?????|Reflect
|move|p1a: Zarude|Knock Off|p2a: Deoxys
|-supereffective|p2a: Deoxys
|-damage|p2a: Deoxys|38/100
|-enditem|p2a: Deoxys|Light Clay|[from] move: Knock Off|[of] p1a: Zarude
|
|upkeep
|turn|2
|
|t:|1779600536
|move|p2a: Deoxys|Spikes|p1a: Zarude
|-sidestart|p1: rocktypepokemans|Spikes
|move|p1a: Zarude|Swords Dance|p1a: Zarude
|-boost|p1a: Zarude|atk|2
|
|upkeep
|turn|3
|
|t:|1779600549
|switch|p2a: Zamazenta|Zamazenta|100/100
|-ability|p2a: Zamazenta|Dauntless Shield|boost
|-boost|p2a: Zamazenta|def|1
|move|p1a: Zarude|Knock Off|p2a: Zamazenta
|-resisted|p2a: Zamazenta
|-damage|p2a: Zamazenta|89/100
|-enditem|p2a: Zamazenta|Leftovers|[from] move: Knock Off|[of] p1a: Zarude
|
|upkeep
|turn|4
|
|t:|1779600565
|switch|p1a: Cresselia|Cresselia, F|100/100
|move|p2a: Zamazenta|Roar|p1a: Cresselia
|drag|p1a: Ceruledge|Ceruledge, M|100/100
|-damage|p1a: Ceruledge|88/100|[from] Spikes
|
|upkeep
|turn|5
|
|t:|1779600580
|switch|p1a: Cresselia|Cresselia, F|100/100
|move|p2a: Zamazenta|Crunch|p1a: Cresselia
|-supereffective|p1a: Cresselia
|-damage|p1a: Cresselia|74/100
|-enditem|p1a: Cresselia|Eject Button
|
|t:|1779600588
|switch|p1a: Walking Wake|Walking Wake|100/100
|-damage|p1a: Walking Wake|88/100|[from] Spikes
|
|upkeep
|turn|6
|inactive|No Bithes????? has 120 seconds left.
|
|t:|1779600630
|switch|p2a: Ogerpon|Ogerpon-Wellspring, F|100/100
|move|p1a: Walking Wake|Dragon Tail|p2a: Ogerpon
|-damage|p2a: Ogerpon|90/100
|drag|p2a: Raging Bolt|Raging Bolt|100/100
|-enditem|p2a: Raging Bolt|Booster Energy
|-activate|p2a: Raging Bolt|ability: Protosynthesis|[fromitem]
|-start|p2a: Raging Bolt|protosynthesisspa
|
|upkeep
|turn|7
|
|t:|1779600658
|-end|p2a: Raging Bolt|Protosynthesis|[silent]
|switch|p2a: Ogerpon|Ogerpon-Wellspring, F|90/100
|-terastallize|p1a: Walking Wake|Fairy
|move|p1a: Walking Wake|Draco Meteor|p2a: Ogerpon
|-damage|p2a: Ogerpon|11/100
|-unboost|p1a: Walking Wake|spa|2
|
|upkeep
|turn|8
|
|t:|1779600680
|-end|p1a: Walking Wake|Protosynthesis|[silent]
|switch|p1a: Cresselia|Cresselia, F|74/100
|move|p2a: Ogerpon|Ivy Cudgel|p1a: Cresselia|[anim] Ivy Cudgel Water
|-damage|p1a: Cresselia|34/100
|
|-sideend|p2: No Bithes?????|Reflect
|upkeep
|turn|9
|
|t:|1779600692
|move|p2a: Ogerpon|Play Rough|p1a: Cresselia
|-damage|p1a: Cresselia|12/100
|move|p1a: Cresselia|Moonlight|p1a: Cresselia
|-heal|p1a: Cresselia|62/100
|
|upkeep
|turn|10
|
|t:|1779600697
|move|p2a: Ogerpon|Ivy Cudgel|p1a: Cresselia|[anim] Ivy Cudgel Water
|-crit|p1a: Cresselia
|-damage|p1a: Cresselia|4/100
|move|p1a: Cresselia|Thunder Wave|p2a: Ogerpon|[miss]
|-miss|p1a: Cresselia|p2a: Ogerpon
|
|upkeep
|turn|11
|
|t:|1779600706
|move|p2a: Ogerpon|Trailblaze|p1a: Cresselia
|-damage|p1a: Cresselia|0 fnt
|-boost|p2a: Ogerpon|spe|1
|faint|p1a: Cresselia
|
|upkeep
|
|t:|1779600724
|switch|p1a: Ninetales|Ninetales, F|100/100
|-damage|p1a: Ninetales|88/100|[from] Spikes
|-weather|SunnyDay|[from] ability: Drought|[of] p1a: Ninetales
|turn|12
|inactive|No Bithes????? has 120 seconds left.
|
|t:|1779600748
|move|p2a: Ogerpon|Ivy Cudgel|p1a: Ninetales|[anim] Ivy Cudgel Water
|-supereffective|p1a: Ninetales
|-damage|p1a: Ninetales|9/100
|move|p1a: Ninetales|Overheat|p2a: Ogerpon
|-damage|p2a: Ogerpon|0 fnt
|-unboost|p1a: Ninetales|spa|2
|faint|p2a: Ogerpon
|
|-weather|SunnyDay|[upkeep]
|upkeep
|inactive|No Bithes????? has 90 seconds left.
|
|t:|1779600789
|switch|p2a: Great Tusk|Great Tusk|100/100
|-activate|p2a: Great Tusk|ability: Protosynthesis
|-start|p2a: Great Tusk|protosynthesisspe
|turn|13
|
|t:|1779600792
|move|p2a: Great Tusk|Rapid Spin|p1a: Ninetales
|-damage|p1a: Ninetales|0 fnt
|-boost|p2a: Great Tusk|spe|1
|faint|p1a: Ninetales
|
|-weather|SunnyDay|[upkeep]
|upkeep
|
|t:|1779600804
|switch|p1a: Walking Wake|Walking Wake, tera:Fairy|88/100
|-damage|p1a: Walking Wake|76/100|[from] Spikes
|-activate|p1a: Walking Wake|ability: Protosynthesis
|-start|p1a: Walking Wake|protosynthesisspe
|turn|14
|inactive|No Bithes????? has 90 seconds left.
|
|t:|1779600831
|move|p2a: Great Tusk|Headlong Rush|p1a: Walking Wake
|-damage|p1a: Walking Wake|22/100
|-unboost|p2a: Great Tusk|def|1
|-unboost|p2a: Great Tusk|spd|1
|move|p1a: Walking Wake|Hydro Steam|p2a: Great Tusk
|-supereffective|p2a: Great Tusk
|-damage|p2a: Great Tusk|0 fnt
|faint|p2a: Great Tusk
|-end|p2a: Great Tusk|Protosynthesis|[silent]
|
|-weather|SunnyDay|[upkeep]
|upkeep
|inactive|No Bithes????? has 60 seconds left.
|inactive|No Bithes????? has 30 seconds left.
|
|t:|1779600877
|switch|p2a: Raging Bolt|Raging Bolt|100/100
|-activate|p2a: Raging Bolt|ability: Protosynthesis
|-start|p2a: Raging Bolt|protosynthesisspa
|turn|15
|inactive|No Bithes????? has 30 seconds left.
|
|t:|1779600891
|-end|p1a: Walking Wake|Protosynthesis|[silent]
|switch|p1a: Great Tusk|Great Tusk|100/100
|-damage|p1a: Great Tusk|88/100|[from] Spikes
|-activate|p1a: Great Tusk|ability: Protosynthesis
|-start|p1a: Great Tusk|protosynthesisatk
|move|p2a: Raging Bolt|Thunderclap||[still]
|-fail|p2a: Raging Bolt
|
|-weather|SunnyDay|[upkeep]
|upkeep
|turn|16
|inactive|No Bithes????? has 30 seconds left.
|
|t:|1779600904
|-end|p2a: Raging Bolt|Protosynthesis|[silent]
|switch|p2a: Ceruledge|Ceruledge, M|100/100
|move|p1a: Great Tusk|Rapid Spin|p2a: Ceruledge
|-immune|p2a: Ceruledge
|
|-weather|SunnyDay|[upkeep]
|upkeep
|turn|17
|inactive|No Bithes????? has 30 seconds left.
|inactive|No Bithes????? has 20 seconds left.
|
|t:|1779600925
|move|p2a: Ceruledge|Shadow Sneak|p1a: Great Tusk
|-damage|p1a: Great Tusk|68/100
|-damage|p2a: Ceruledge|90/100|[from] item: Life Orb
|move|p1a: Great Tusk|Headlong Rush|p2a: Ceruledge
|-supereffective|p2a: Ceruledge
|-damage|p2a: Ceruledge|0 fnt
|-unboost|p1a: Great Tusk|def|1
|-unboost|p1a: Great Tusk|spd|1
|faint|p2a: Ceruledge
|
|-weather|SunnyDay|[upkeep]
|upkeep
|inactive|No Bithes????? has 25 seconds left this turn.
|inactive|No Bithes????? has 20 seconds left.
|inactive|No Bithes????? has 15 seconds left.
|
|t:|1779600940
|switch|p2a: Deoxys|Deoxys-Speed|38/100
|-ability|p2a: Deoxys|Pressure
|turn|18
|inactive|No Bithes????? has 25 seconds left this turn.
|inactive|No Bithes????? has 20 seconds left.
|inactive|No Bithes????? has 15 seconds left.
|
|t:|1779600954
|move|p2a: Deoxys|Reflect|p2a: Deoxys
|-sidestart|p2: No Bithes?????|Reflect
|move|p1a: Great Tusk|Rapid Spin|p2a: Deoxys
|-damage|p2a: Deoxys|23/100
|-boost|p1a: Great Tusk|spe|1
|-sideend|p1: rocktypepokemans|Spikes|[from] move: Rapid Spin|[of] p1a: Great Tusk
|
|-weather|SunnyDay|[upkeep]
|upkeep
|turn|19
|inactive|No Bithes????? has 25 seconds left this turn.
|inactive|No Bithes????? has 20 seconds left.
|inactive|No Bithes????? has 15 seconds left.
|inactive|No Bithes????? has 10 seconds left.
|
|t:|1779600973
|move|p2a: Deoxys|Spikes|p1a: Great Tusk
|-sidestart|p1: rocktypepokemans|Spikes
|move|p1a: Great Tusk|Rapid Spin|p2a: Deoxys
|-damage|p2a: Deoxys|9/100
|-boost|p1a: Great Tusk|spe|1
|-sideend|p1: rocktypepokemans|Spikes|[from] move: Rapid Spin|[of] p1a: Great Tusk
|
|-weather|none
|-end|p1a: Great Tusk|Protosynthesis
|upkeep
|turn|20
|inactive|No Bithes????? has 20 seconds left this turn.
|inactive|No Bithes????? has 15 seconds left.
|
|t:|1779600979
|move|p1a: Great Tusk|Rapid Spin|p2a: Deoxys
|-damage|p2a: Deoxys|0 fnt
|-boost|p1a: Great Tusk|spe|1
|faint|p2a: Deoxys
|
|upkeep
|inactive|No Bithes????? has 20 seconds left this turn.
|
|t:|1779600982
|switch|p2a: Zamazenta|Zamazenta|89/100
|turn|21
|inactive|No Bithes????? has 30 seconds left this turn.
|inactive|rocktypepokemans has 120 seconds left.
|
|t:|1779601027
|move|p1a: Great Tusk|Headlong Rush|p2a: Zamazenta
|-damage|p2a: Zamazenta|65/100
|-unboost|p1a: Great Tusk|def|1
|-unboost|p1a: Great Tusk|spd|1
|move|p2a: Zamazenta|Iron Defense|p2a: Zamazenta
|-boost|p2a: Zamazenta|def|2
|
|upkeep
|turn|22
|inactive|No Bithes????? has 30 seconds left.
|
|t:|1779601048
|move|p1a: Great Tusk|Headlong Rush|p2a: Zamazenta
|-damage|p2a: Zamazenta|51/100
|-unboost|p1a: Great Tusk|def|1
|-unboost|p1a: Great Tusk|spd|1
|move|p2a: Zamazenta|Roar|p1a: Great Tusk
|-end|p1a: Great Tusk|Protosynthesis|[silent]
|drag|p1a: Zarude|Zarude|100/100
|
|-sideend|p2: No Bithes?????|Reflect
|upkeep
|turn|23
|
|t:|1779601073
|move|p2a: Zamazenta|Iron Defense|p2a: Zamazenta
|-boost|p2a: Zamazenta|def|2
|move|p1a: Zarude|Power Whip|p2a: Zamazenta
|-damage|p2a: Zamazenta|36/100
|
|upkeep
|turn|24
|
|t:|1779601081
|move|p2a: Zamazenta|Body Press|p1a: Zarude
|-supereffective|p1a: Zarude
|-damage|p1a: Zarude|0 fnt
|faint|p1a: Zarude
|
|upkeep
|inactive|rocktypepokemans has 90 seconds left.
|
|t:|1779601096
|switch|p1a: Great Tusk|Great Tusk|68/100
|turn|25
|
|t:|1779601103
|move|p2a: Zamazenta|Body Press|p1a: Great Tusk
|-damage|p1a: Great Tusk|0 fnt
|faint|p1a: Great Tusk
|-end|p1a: Great Tusk|Protosynthesis|[silent]
|
|upkeep
|
|t:|1779601105
|switch|p1a: Walking Wake|Walking Wake, tera:Fairy|22/100
|turn|26
|
|t:|1779601108
|move|p2a: Zamazenta|Body Press|p1a: Walking Wake
|-resisted|p1a: Walking Wake
|-damage|p1a: Walking Wake|0 fnt
|faint|p1a: Walking Wake
|-end|p1a: Walking Wake|Protosynthesis|[silent]
|
|upkeep
|
|t:|1779601111
|switch|p1a: Ceruledge|Ceruledge, M|88/100
|turn|27
|inactive|rocktypepokemans has 120 seconds left.
|
|t:|1779601118
|move|p2a: Zamazenta|Crunch|p1a: Ceruledge
|-supereffective|p1a: Ceruledge
|-damage|p1a: Ceruledge|31/100
|-ability|p1a: Ceruledge|Weak Armor|boost
|-unboost|p1a: Ceruledge|def|1
|-boost|p1a: Ceruledge|spe|2
|move|p1a: Ceruledge|Swords Dance|p1a: Ceruledge
|-boost|p1a: Ceruledge|atk|2
|
|upkeep
|turn|28
|inactive|rocktypepokemans has 120 seconds left.
|
|t:|1779601129
|move|p1a: Ceruledge|Bitter Blade|p2a: Zamazenta
|-damage|p2a: Zamazenta|11/100
|-heal|p1a: Ceruledge|45/100|[from] drain|[of] p2a: Zamazenta
|move|p2a: Zamazenta|Crunch|p1a: Ceruledge
|-supereffective|p1a: Ceruledge
|-damage|p1a: Ceruledge|0 fnt
|faint|p1a: Ceruledge
|
|win|No Bithes?????
|raw|rocktypepokemans's rating: 1485 &rarr; <strong>1464</strong><br />(-21 for losing)
|raw|No Bithes?????'s rating: 1462 &rarr; <strong>1483</strong><br />(+21 for winning)
|l|☆rocktypepokemans
|player|p1|
|c|☆No Bithes?????|gg
|l|☆No Bithes?????
|player|p2|
