|j|☆ZeemeerminGeertJan
|j|☆Igoodnamename
|t:|1779718403
|gametype|singles
|player|p1|ZeemeerminGeertJan|1|1542
|player|p2|Igoodnamename|aaron|1590
|gen|9
|tier|[Gen 9] OU
|rated|
|rule|HP Percentage Mod: HP is shown in percentages
|rule|Endless Battle Clause: Forcing endless battles is banned
|rule|Species Clause: Limit one of each Pokémon
|rule|OHKO Clause: OHKO moves are banned
|rule|Evasion Items Clause: Evasion items are banned
|rule|Evasion Moves Clause: Evasion moves are banned
|rule|Evasion Abilities Clause: Evasion abilities are banned
|rule|Sleep Moves Clause: Sleep-inducing moves are banned
|clearpoke
|poke|p1|Cramorant, F|
|poke|p1|Gallade, M|
|poke|p1|Kingambit, M|
|poke|p1|Iron Moth|
|poke|p1|Enamorus, F|
|poke|p1|Ogerpon-Cornerstone, F|
|poke|p2|Pecharunt|
|poke|p2|Slowking, F|
|poke|p2|Iron Treads|
|poke|p2|Zamazenta-*|
|poke|p2|Umbreon, F|
|poke|p2|Ogerpon, F|
|teampreview
|
|t:|1779718453
|teamsize|p1|6
|teamsize|p2|6
|start
|switch|p1a: Cramorant|Cramorant, F, shiny|100/100
|switch|p2a: Umbreon|Umbreon, F|100/100
|turn|1
|
|t:|1779718461
|switch|p1a: Kingambit|Kingambit, M|100/100
|move|p2a: Umbreon|Toxic|p1a: Kingambit
|-immune|p1a: Kingambit
|
|upkeep
|turn|2
|
|t:|1779718475
|move|p1a: Kingambit|Low Kick|p2a: Umbreon
|-supereffective|p2a: Umbreon
|-damage|p2a: Umbreon|64/100
|-damage|p1a: Kingambit|91/100|[from] item: Life Orb
|move|p2a: Umbreon|Foul Play|p1a: Kingambit
|-resisted|p1a: Kingambit
|-damage|p1a: Kingambit|69/100
|
|-heal|p2a: Umbreon|70/100|[from] item: Leftovers
|upkeep
|turn|3
|
|t:|1779718481
|move|p1a: Kingambit|Low Kick|p2a: Umbreon
|-supereffective|p2a: Umbreon
|-damage|p2a: Umbreon|31/100
|-damage|p1a: Kingambit|59/100|[from] item: Life Orb
|move|p2a: Umbreon|Wish|p2a: Umbreon
|
|-heal|p2a: Umbreon|37/100|[from] item: Leftovers
|upkeep
|turn|4
|
|t:|1779718486
|move|p2a: Umbreon|Protect|p2a: Umbreon
|-singleturn|p2a: Umbreon|Protect
|move|p1a: Kingambit|Swords Dance|p1a: Kingambit
|-boost|p1a: Kingambit|atk|2
|
|-heal|p2a: Umbreon|87/100|[from] move: Wish|[wisher] Umbreon
|-heal|p2a: Umbreon|93/100|[from] item: Leftovers
|upkeep
|turn|5
|
|t:|1779718489
|move|p1a: Kingambit|Low Kick|p2a: Umbreon
|-supereffective|p2a: Umbreon
|-damage|p2a: Umbreon|15/100
|-damage|p1a: Kingambit|49/100|[from] item: Life Orb
|move|p2a: Umbreon|Foul Play|p1a: Kingambit
|-resisted|p1a: Kingambit
|-damage|p1a: Kingambit|2/100
|
|-heal|p2a: Umbreon|21/100|[from] item: Leftovers
|upkeep
|turn|6
|
|t:|1779718497
|move|p2a: Umbreon|Protect|p2a: Umbreon
|-singleturn|p2a: Umbreon|Protect
|move|p1a: Kingambit|Iron Head|p2a: Umbreon
|-activate|p2a: Umbreon|move: Protect
|
|-heal|p2a: Umbreon|27/100|[from] item: Leftovers
|upkeep
|turn|7
|
|t:|1779718501
|move|p1a: Kingambit|Iron Head|p2a: Umbreon
|-damage|p2a: Umbreon|0 fnt
|faint|p2a: Umbreon
|-damage|p1a: Kingambit|0 fnt|[from] item: Life Orb
|faint|p1a: Kingambit
|-end|p1a: Kingambit|fallenundefined|[silent]
|
|upkeep
|
|t:|1779718517
|switch|p1a: Gallade|Gallade, M|100/100
|switch|p2a: Slowking|Slowking, F|100/100
|turn|8
|
|t:|1779718533
|move|p1a: Gallade|Swords Dance|p1a: Gallade
|-boost|p1a: Gallade|atk|2
|move|p2a: Slowking|Psyshock|p1a: Gallade
|-damage|p1a: Gallade|49/100
|
|upkeep
|turn|9
|
|t:|1779718539
|switch|p2a: Zamazenta|Zamazenta|100/100
|-ability|p2a: Zamazenta|Dauntless Shield|boost
|-boost|p2a: Zamazenta|def|1
|move|p1a: Gallade|Psycho Cut|p2a: Zamazenta
|-supereffective|p2a: Zamazenta
|-damage|p2a: Zamazenta|0 fnt
|faint|p2a: Zamazenta
|
|upkeep
|
|t:|1779718548
|switch|p2a: Pecharunt|Pecharunt|100/100
|-item|p2a: Pecharunt|Air Balloon
|turn|10
|
|t:|1779718558
|move|p1a: Gallade|Shadow Sneak|p2a: Pecharunt
|-supereffective|p2a: Pecharunt
|-damage|p2a: Pecharunt|62/100
|-enditem|p2a: Pecharunt|Air Balloon
|move|p2a: Pecharunt|Shadow Ball|p1a: Gallade
|-supereffective|p1a: Gallade
|-damage|p1a: Gallade|0 fnt
|faint|p1a: Gallade
|
|upkeep
|
|t:|1779718573
|switch|p1a: Iron Moth|Iron Moth|100/100
|-enditem|p1a: Iron Moth|Booster Energy
|-activate|p1a: Iron Moth|ability: Quark Drive|[fromitem]
|-start|p1a: Iron Moth|quarkdrivespe
|turn|11
|
|t:|1779718578
|switch|p2a: Slowking|Slowking, F|100/100
|move|p1a: Iron Moth|Fiery Dance|p2a: Slowking
|-resisted|p2a: Slowking
|-damage|p2a: Slowking|91/100
|
|upkeep
|turn|12
|
|t:|1779718583
|move|p1a: Iron Moth|Fiery Dance|p2a: Slowking
|-resisted|p2a: Slowking
|-damage|p2a: Slowking|81/100
|-boost|p1a: Iron Moth|spa|1
|move|p2a: Slowking|Psyshock|p1a: Iron Moth
|-supereffective|p1a: Iron Moth
|-damage|p1a: Iron Moth|0 fnt
|faint|p1a: Iron Moth
|-end|p1a: Iron Moth|Quark Drive|[silent]
|
|upkeep
|
|t:|1779718585
|switch|p1a: Ogerpon|Ogerpon-Cornerstone, F|100/100
|turn|13
|
|t:|1779718596
|switch|p2a: Ogerpon|Ogerpon, F|100/100
|move|p1a: Ogerpon|Swords Dance|p1a: Ogerpon
|-boost|p1a: Ogerpon|atk|2
|
|upkeep
|turn|14
|
|t:|1779718603
|-terastallize|p1a: Ogerpon|Rock
|detailschange|p1a: Ogerpon|Ogerpon-Cornerstone-Tera, F, tera:Rock
|-ability|p1a: Ogerpon|Embody Aspect (Cornerstone)|boost
|-boost|p1a: Ogerpon|def|1
|-terastallize|p2a: Ogerpon|Grass
|detailschange|p2a: Ogerpon|Ogerpon-Teal-Tera, F, tera:Grass
|-ability|p2a: Ogerpon|Embody Aspect (Teal)|boost
|-boost|p2a: Ogerpon|spe|1
|move|p2a: Ogerpon|U-turn|p1a: Ogerpon
|-damage|p1a: Ogerpon|71/100
|
|t:|1779718614
|switch|p2a: Pecharunt|Pecharunt|62/100|[from] U-turn
|move|p1a: Ogerpon|Ivy Cudgel|p2a: Pecharunt|[anim] Ivy Cudgel Rock
|-damage|p2a: Pecharunt|0 fnt
|faint|p2a: Pecharunt
|
|upkeep
|
|t:|1779718616
|switch|p2a: Ogerpon|Ogerpon-Teal-Tera, F, tera:Grass|100/100
|-ability|p2a: Ogerpon|Embody Aspect (Teal)|boost
|-boost|p2a: Ogerpon|spe|1
|turn|15
|
|t:|1779718621
|move|p2a: Ogerpon|Ivy Cudgel|p1a: Ogerpon
|-supereffective|p1a: Ogerpon
|-damage|p1a: Ogerpon|0 fnt
|faint|p1a: Ogerpon
|detailschange|p1: Ogerpon|Ogerpon-Cornerstone, F|[silent]
|
|upkeep
|
|t:|1779718626
|switch|p1a: Cramorant|Cramorant, F, shiny|100/100
|turn|16
|
|t:|1779718652
|move|p2a: Ogerpon|Ivy Cudgel|p1a: Cramorant
|-enditem|p1a: Cramorant|Focus Sash
|-damage|p1a: Cramorant|1/100
|move|p1a: Cramorant|Tailwind|p1a: Cramorant
|-sidestart|p1: ZeemeerminGeertJan|move: Tailwind
|
|upkeep
|turn|17
|
|t:|1779718658
|switch|p2a: Iron Treads|Iron Treads|100/100
|move|p1a: Cramorant|Hurricane|p2a: Iron Treads
|-resisted|p2a: Iron Treads
|-damage|p2a: Iron Treads|79/100
|-start|p2a: Iron Treads|confusion
|
|-heal|p2a: Iron Treads|86/100|[from] item: Leftovers
|upkeep
|turn|18
|
|t:|1779718663
|move|p1a: Cramorant|Surf|p2a: Iron Treads
|-formechange|p1a: Cramorant|Cramorant-Gorging|
|-supereffective|p2a: Iron Treads
|-damage|p2a: Iron Treads|6/100
|-activate|p2a: Iron Treads|confusion
|move|p2a: Iron Treads|Rapid Spin|p1a: Cramorant
|-crit|p1a: Cramorant
|-damage|p1a: Cramorant|0 fnt
|-boost|p2a: Iron Treads|spe|1
|-damage|p2a: Iron Treads|0 fnt|[from] ability: Gulp Missile|[of] p1a: Cramorant
|-formechange|p1a: Cramorant|Cramorant|
|faint|p1a: Cramorant
|faint|p2a: Iron Treads
|-end|p2a: Iron Treads|Quark Drive|[silent]
|
|upkeep
|
|t:|1779718667
|switch|p1a: Enamorus|Enamorus, F|100/100
|switch|p2a: Slowking|Slowking, F|100/100
|turn|19
|
|t:|1779718677
|move|p1a: Enamorus|Moonblast|p2a: Slowking
|-damage|p2a: Slowking|79/100
|move|p2a: Slowking|Future Sight|p1a: Enamorus
|-start|p2a: Slowking|move: Future Sight
|
|-sideend|p1: ZeemeerminGeertJan|move: Tailwind
|upkeep
|turn|20
|-message|ZeemeerminGeertJan forfeited.
|
|win|Igoodnamename
|raw|ZeemeerminGeertJan's rating: 1542 &rarr; <strong>1525</strong><br />(-17 for losing)
|raw|Igoodnamename's rating: 1590 &rarr; <strong>1607</strong><br />(+17 for winning)
|l|☆ZeemeerminGeertJan
|player|p1|
|l|☆Igoodnamename
|player|p2|
