|j|☆party girl 2004
|j|☆wtfisproxy
|t:|1779620952
|gametype|singles
|player|p1|party girl 2004|lass-gen4dp|1332
|player|p2|wtfisproxy|bellelba|1392
|gen|9
|tier|[Gen 9] OU
|rated|
|rule|HP Percentage Mod: HP is shown in percentages
|rule|Endless Battle Clause: Forcing endless battles is banned
|rule|Species Clause: Limit one of each Pokémon
|rule|OHKO Clause: OHKO moves are banned
|rule|Evasion Items Clause: Evasion items are banned
|rule|Evasion Moves Clause: Evasion moves are banned
|rule|Evasion Abilities Clause: Evasion abilities are banned
|rule|Sleep Moves Clause: Sleep-inducing moves are banned
|clearpoke
|poke|p1|Serperior, M|
|poke|p1|Skarmory, F|
|poke|p1|Blaziken, F|
|poke|p1|Iron Valiant|
|poke|p1|Greninja-*, M|
|poke|p1|Iron Moth|
|poke|p2|Moltres-Galar|
|poke|p2|Kleavor, M|
|poke|p2|Great Tusk|
|poke|p2|Dondozo, F|
|poke|p2|Comfey, M|
|poke|p2|Heatran, F|
|teampreview
|inactive|Battle timer is ON: inactive players will automatically lose when time's up. (requested by party girl 2004)
|inactive|wtfisproxy also wants the timer to be on.
|
|t:|1779620965
|teamsize|p1|6
|teamsize|p2|6
|start
|switch|p1a: Serperior|Serperior, M, shiny|100/100
|switch|p2a: Kleavor|Kleavor, M|100/100
|turn|1
|
|t:|1779620979
|move|p1a: Serperior|Glare|p2a: Kleavor
|-status|p2a: Kleavor|par
|cant|p2a: Kleavor|par
|
|upkeep
|turn|2
|
|t:|1779620984
|move|p1a: Serperior|Reflect|p1a: Serperior
|-sidestart|p1: party girl 2004|Reflect
|move|p2a: Kleavor|Agility|p2a: Kleavor
|-boost|p2a: Kleavor|spe|2
|
|upkeep
|turn|3
|
|t:|1779620988
|move|p1a: Serperior|Leaf Storm|p2a: Kleavor
|-damage|p2a: Kleavor|28/100 par
|-boost|p1a: Serperior|spa|2
|move|p2a: Kleavor|Agility|p2a: Kleavor
|-boost|p2a: Kleavor|spe|2
|
|upkeep
|turn|4
|
|t:|1779620994
|cant|p2a: Kleavor|par
|move|p1a: Serperior|Leaf Storm|p2a: Kleavor
|-damage|p2a: Kleavor|0 fnt
|-boost|p1a: Serperior|spa|2
|faint|p2a: Kleavor
|
|upkeep
|
|t:|1779621000
|switch|p2a: Moltres|Moltres-Galar|100/100
|turn|5
|
|t:|1779621004
|move|p1a: Serperior|Glare|p2a: Moltres
|-status|p2a: Moltres|par
|move|p2a: Moltres|Agility|p2a: Moltres
|-boost|p2a: Moltres|spe|2
|
|upkeep
|turn|6
|
|t:|1779621009
|move|p1a: Serperior|Leaf Storm|p2a: Moltres
|-resisted|p2a: Moltres
|-damage|p2a: Moltres|34/100 par
|-boost|p1a: Serperior|spa|2
|-ability|p2a: Moltres|Berserk|boost
|-boost|p2a: Moltres|spa|1
|-enditem|p2a: Moltres|Sitrus Berry|[eat]
|-heal|p2a: Moltres|59/100 par|[from] item: Sitrus Berry
|move|p2a: Moltres|Agility|p2a: Moltres
|-boost|p2a: Moltres|spe|2
|
|-sideend|p1: party girl 2004|Reflect
|upkeep
|turn|7
|
|t:|1779621014
|move|p2a: Moltres|Hurricane|p1a: Serperior
|-supereffective|p1a: Serperior
|-enditem|p1a: Serperior|Focus Sash
|-damage|p1a: Serperior|1/100
|move|p1a: Serperior|Leaf Storm|p2a: Moltres
|-resisted|p2a: Moltres
|-damage|p2a: Moltres|0 fnt
|faint|p2a: Moltres
|
|upkeep
|
|t:|1779621023
|switch|p2a: Comfey|Comfey, M|100/100
|turn|8
|
|t:|1779621027
|move|p2a: Comfey|Draining Kiss|p1a: Serperior
|-damage|p1a: Serperior|0 fnt
|faint|p1a: Serperior
|-damage|p2a: Comfey|91/100|[from] item: Life Orb
|
|upkeep
|
|t:|1779621052
|switch|p1a: Iron Moth|Iron Moth|100/100
|-enditem|p1a: Iron Moth|Booster Energy
|-activate|p1a: Iron Moth|ability: Quark Drive|[fromitem]
|-start|p1a: Iron Moth|quarkdrivespe
|turn|9
|
|t:|1779621057
|switch|p2a: Heatran|Heatran, F|100/100
|move|p1a: Iron Moth|Toxic Spikes|p2a: Heatran
|-sidestart|p2: wtfisproxy|move: Toxic Spikes
|
|upkeep
|turn|10
|
|t:|1779621064
|move|p2a: Heatran|Earth Power|p1a: Iron Moth
|-supereffective|p1a: Iron Moth
|-damage|p1a: Iron Moth|0 fnt
|faint|p1a: Iron Moth
|-end|p1a: Iron Moth|Quark Drive|[silent]
|
|upkeep
|
|t:|1779621071
|switch|p1a: Scolipede X|Blaziken, F|100/100
|turn|11
|
|t:|1779621076
|switch|p2a: Great Tusk|Great Tusk|100/100
|-status|p2a: Great Tusk|psn
|move|p1a: Scolipede X|Close Combat|p2a: Great Tusk
|-damage|p2a: Great Tusk|63/100 psn
|-unboost|p1a: Scolipede X|def|1
|-unboost|p1a: Scolipede X|spd|1
|-damage|p1a: Scolipede X|84/100|[from] item: Rocky Helmet|[of] p2a: Great Tusk
|
|-damage|p2a: Great Tusk|50/100 psn|[from] psn
|-ability|p1a: Scolipede X|Speed Boost|boost
|-boost|p1a: Scolipede X|spe|1
|upkeep
|turn|12
|
|t:|1779621081
|-terastallize|p1a: Scolipede X|Fighting
|move|p1a: Scolipede X|Close Combat|p2a: Great Tusk
|-damage|p2a: Great Tusk|0 fnt
|-unboost|p1a: Scolipede X|def|1
|-unboost|p1a: Scolipede X|spd|1
|-damage|p1a: Scolipede X|67/100|[from] item: Rocky Helmet|[of] p2a: Great Tusk
|faint|p2a: Great Tusk
|-end|p2a: Great Tusk|Protosynthesis|[silent]
|
|-ability|p1a: Scolipede X|Speed Boost|boost
|-boost|p1a: Scolipede X|spe|1
|upkeep
|
|t:|1779621087
|switch|p2a: Dondozo|Dondozo, F|100/100
|-status|p2a: Dondozo|psn
|turn|13
|
|t:|1779621094
|move|p1a: Scolipede X|Close Combat|p2a: Dondozo
|-damage|p2a: Dondozo|61/100 psn
|-unboost|p1a: Scolipede X|def|1
|-unboost|p1a: Scolipede X|spd|1
|move|p2a: Dondozo|Waterfall|p1a: Scolipede X
|-damage|p1a: Scolipede X|24/100
|
|-heal|p2a: Dondozo|67/100 psn|[from] item: Leftovers
|-damage|p2a: Dondozo|54/100 psn|[from] psn
|-ability|p1a: Scolipede X|Speed Boost|boost
|-boost|p1a: Scolipede X|spe|1
|upkeep
|turn|14
|
|t:|1779621102
|move|p1a: Scolipede X|Close Combat|p2a: Dondozo
|-damage|p2a: Dondozo|18/100 psn
|-unboost|p1a: Scolipede X|def|1
|-unboost|p1a: Scolipede X|spd|1
|move|p2a: Dondozo|Rest|p2a: Dondozo
|-status|p2a: Dondozo|slp|[from] move: Rest
|-heal|p2a: Dondozo|100/100 slp|[silent]
|
|-ability|p1a: Scolipede X|Speed Boost|boost
|-boost|p1a: Scolipede X|spe|1
|upkeep
|turn|15
|
|t:|1779621109
|switch|p1a: Iron Valiant|Iron Valiant|100/100
|-enditem|p1a: Iron Valiant|Booster Energy
|-activate|p1a: Iron Valiant|ability: Quark Drive|[fromitem]
|-start|p1a: Iron Valiant|quarkdrivespe
|cant|p2a: Dondozo|slp
|move|p2a: Dondozo|Sleep Talk|p2a: Dondozo
|move|p2a: Dondozo|Rest||[from] move: Sleep Talk|[still]
|-fail|p2a: Dondozo
|
|upkeep
|turn|16
|
|t:|1779621121
|move|p1a: Iron Valiant|Calm Mind|p1a: Iron Valiant
|-boost|p1a: Iron Valiant|spa|1
|-boost|p1a: Iron Valiant|spd|1
|cant|p2a: Dondozo|slp
|move|p2a: Dondozo|Sleep Talk|p2a: Dondozo
|move|p2a: Dondozo|Rest||[from] move: Sleep Talk|[still]
|-fail|p2a: Dondozo
|
|upkeep
|turn|17
|
|t:|1779621126
|move|p1a: Iron Valiant|Thunderbolt|p2a: Dondozo
|-supereffective|p2a: Dondozo
|-damage|p2a: Dondozo|44/100 slp
|-curestatus|p2a: Dondozo|slp|[msg]
|move|p2a: Dondozo|Waterfall|p1a: Iron Valiant
|-damage|p1a: Iron Valiant|63/100
|
|-heal|p2a: Dondozo|50/100|[from] item: Leftovers
|upkeep
|turn|18
|
|t:|1779621135
|move|p1a: Iron Valiant|Thunderbolt|p2a: Dondozo
|-supereffective|p2a: Dondozo
|-damage|p2a: Dondozo|0 fnt
|faint|p2a: Dondozo
|
|upkeep
|
|t:|1779621138
|switch|p2a: Comfey|Comfey, M|91/100
|-status|p2a: Comfey|psn
|turn|19
|
|t:|1779621147
|move|p1a: Iron Valiant|Calm Mind|p1a: Iron Valiant
|-boost|p1a: Iron Valiant|spa|1
|-boost|p1a: Iron Valiant|spd|1
|move|p2a: Comfey|Calm Mind|p2a: Comfey
|-boost|p2a: Comfey|spa|1
|-boost|p2a: Comfey|spd|1
|
|-damage|p2a: Comfey|78/100 psn|[from] psn
|upkeep
|turn|20
|
|t:|1779621156
|move|p2a: Comfey|Draining Kiss|p1a: Iron Valiant
|-supereffective|p1a: Iron Valiant
|-damage|p1a: Iron Valiant|0 fnt
|-heal|p2a: Comfey|100/100 psn|[from] drain|[of] p1a: Iron Valiant
|faint|p1a: Iron Valiant
|-end|p1a: Iron Valiant|Quark Drive|[silent]
|-damage|p2a: Comfey|91/100 psn|[from] item: Life Orb
|
|-damage|p2a: Comfey|78/100 psn|[from] psn
|upkeep
|
|t:|1779621160
|switch|p1a: Skarmory|Skarmory, F, shiny|100/100
|turn|21
|
|t:|1779621166
|switch|p2a: Heatran|Heatran, F|100/100
|move|p1a: Skarmory|Brave Bird|p2a: Heatran
|-resisted|p2a: Heatran
|-damage|p2a: Heatran|79/100
|-damage|p1a: Skarmory|92/100|[from] Recoil
|
|upkeep
|turn|22
|
|t:|1779621169
|switch|p1a: Scolipede X|Blaziken, F, tera:Fighting|24/100
|move|p2a: Heatran|Fire Blast|p1a: Scolipede X
|-damage|p1a: Scolipede X|0 fnt
|faint|p1a: Scolipede X
|
|upkeep
|
|t:|1779621174
|switch|p1a: Greninja|Greninja, M|100/100
|turn|23
|
|t:|1779621192
|-terastallize|p2a: Heatran|Grass
|move|p2a: Heatran|Fire Blast|p1a: Greninja
|-resisted|p1a: Greninja
|-damage|p1a: Greninja|47/100
|move|p1a: Greninja|Surf|p2a: Heatran
|-resisted|p2a: Heatran
|-damage|p2a: Heatran|54/100
|
|upkeep
|turn|24
|
|t:|1779621209
|switch|p2a: Comfey|Comfey, M|78/100 psn
|move|p1a: Greninja|Ice Beam|p2a: Comfey
|-damage|p2a: Comfey|49/100 psn
|
|-damage|p2a: Comfey|37/100 psn|[from] psn
|upkeep
|turn|25
|
|t:|1779621214
|move|p2a: Comfey|Draining Kiss|p1a: Greninja
|-supereffective|p1a: Greninja
|-damage|p1a: Greninja|0 fnt
|-heal|p2a: Comfey|69/100 psn|[from] drain|[of] p1a: Greninja
|faint|p1a: Greninja
|-damage|p2a: Comfey|59/100 psn|[from] item: Life Orb
|
|-damage|p2a: Comfey|47/100 psn|[from] psn
|upkeep
|
|t:|1779621217
|switch|p1a: Skarmory|Skarmory, F, shiny|92/100
|turn|26
|
|t:|1779621226
|move|p2a: Comfey|Synthesis|p2a: Comfey
|-heal|p2a: Comfey|97/100 psn
|move|p1a: Skarmory|Stealth Rock|p2a: Comfey
|-sidestart|p2: wtfisproxy|move: Stealth Rock
|
|-damage|p2a: Comfey|84/100 psn|[from] psn
|upkeep
|turn|27
|
|t:|1779621229
|move|p1a: Skarmory|Spikes|p2a: Comfey
|-sidestart|p2: wtfisproxy|Spikes
|move|p2a: Comfey|Calm Mind|p2a: Comfey
|-boost|p2a: Comfey|spa|1
|-boost|p2a: Comfey|spd|1
|
|-damage|p2a: Comfey|72/100 psn|[from] psn
|upkeep
|turn|28
|
|t:|1779621231
|move|p1a: Skarmory|Brave Bird|p2a: Comfey
|-damage|p2a: Comfey|19/100 psn
|-damage|p1a: Skarmory|73/100|[from] Recoil
|move|p2a: Comfey|Calm Mind|p2a: Comfey
|-boost|p2a: Comfey|spa|1
|-boost|p2a: Comfey|spd|1
|
|-damage|p2a: Comfey|7/100 psn|[from] psn
|upkeep
|turn|29
|
|t:|1779621237
|move|p2a: Comfey|Draining Kiss|p1a: Skarmory
|-resisted|p1a: Skarmory
|-damage|p1a: Skarmory|28/100
|-heal|p2a: Comfey|36/100 psn|[from] drain|[of] p1a: Skarmory
|-damage|p2a: Comfey|27/100 psn|[from] item: Life Orb
|move|p1a: Skarmory|Brave Bird|p2a: Comfey
|-damage|p2a: Comfey|0 fnt
|faint|p2a: Comfey
|-damage|p1a: Skarmory|19/100|[from] Recoil
|
|upkeep
|
|t:|1779621239
|switch|p2a: Heatran|Heatran, F, tera:Grass|54/100
|-status|p2a: Heatran|psn
|-damage|p2a: Heatran|42/100 psn|[from] Stealth Rock
|-damage|p2a: Heatran|29/100 psn|[from] Spikes
|turn|30
|-enditem|p1a: Skarmory|Custap Berry|[eat]
|-activate|p1a: Skarmory|item: Custap Berry|[consumed]
|
|t:|1779621242
|move|p1a: Skarmory|Brave Bird|p2a: Heatran
|-supereffective|p2a: Heatran
|-damage|p2a: Heatran|0 fnt
|faint|p2a: Heatran
|-damage|p1a: Skarmory|7/100|[from] Recoil
|
|win|party girl 2004
|raw|party girl 2004's rating: 1332 &rarr; <strong>1355</strong><br />(+23 for winning)
|raw|wtfisproxy's rating: 1392 &rarr; <strong>1369</strong><br />(-23 for losing)
|l|☆wtfisproxy
|player|p2|
|l|☆party girl 2004
|player|p1|
