|j|☆Joao Tomas
|j|☆thebigalex010
|t:|1779635694
|gametype|singles
|player|p1|Joao Tomas|brawly|1320
|player|p2|thebigalex010|scientist|1321
|gen|9
|tier|[Gen 9] OU
|rated|
|rule|HP Percentage Mod: HP is shown in percentages
|rule|Endless Battle Clause: Forcing endless battles is banned
|rule|Species Clause: Limit one of each Pokémon
|rule|OHKO Clause: OHKO moves are banned
|rule|Evasion Items Clause: Evasion items are banned
|rule|Evasion Moves Clause: Evasion moves are banned
|rule|Evasion Abilities Clause: Evasion abilities are banned
|rule|Sleep Moves Clause: Sleep-inducing moves are banned
|clearpoke
|poke|p1|Great Tusk|
|poke|p1|Rotom-Wash|
|poke|p1|Corviknight, F|
|poke|p1|Ceruledge, F|
|poke|p1|Shaymin|
|poke|p1|Darkrai|
|poke|p2|Great Tusk|
|poke|p2|Gholdengo|
|poke|p2|Heatran, F|
|poke|p2|Kingambit, F|
|poke|p2|Ogerpon-Wellspring, F|
|poke|p2|Iron Valiant|
|teampreview
|inactive|Battle timer is ON: inactive players will automatically lose when time's up. (requested by thebigalex010)
|
|t:|1779635724
|teamsize|p1|6
|teamsize|p2|6
|start
|switch|p1a: Ceruledge|Ceruledge, F|100/100
|switch|p2a: Great Tusk|Great Tusk, shiny|100/100
|turn|1
|
|t:|1779635730
|switch|p1a: Corviknight|Corviknight, F|100/100
|-ability|p1a: Corviknight|Pressure
|move|p2a: Great Tusk|Stealth Rock|p1a: Corviknight
|-sidestart|p1: Joao Tomas|move: Stealth Rock
|
|upkeep
|turn|2
|
|t:|1779635736
|move|p2a: Great Tusk|Knock Off|p1a: Corviknight
|-damage|p1a: Corviknight|85/100
|-damage|p2a: Great Tusk|84/100|[from] item: Rocky Helmet|[of] p1a: Corviknight
|-enditem|p1a: Corviknight|Rocky Helmet|[from] move: Knock Off|[of] p2a: Great Tusk
|move|p1a: Corviknight|U-turn|p2a: Great Tusk
|-resisted|p2a: Great Tusk
|-damage|p2a: Great Tusk|80/100
|
|t:|1779635745
|switch|p1a: Shaymin|Shaymin|100/100|[from] U-turn
|-damage|p1a: Shaymin|88/100|[from] Stealth Rock
|
|-heal|p2a: Great Tusk|87/100|[from] item: Leftovers
|upkeep
|turn|3
|
|t:|1779635752
|move|p1a: Shaymin|Seed Flare|p2a: Great Tusk
|-supereffective|p2a: Great Tusk
|-damage|p2a: Great Tusk|0 fnt
|faint|p2a: Great Tusk
|-end|p2a: Great Tusk|Protosynthesis|[silent]
|
|upkeep
|
|t:|1779635756
|switch|p2a: Heatran|Heatran, F, shiny|100/100
|turn|4
|
|t:|1779635762
|switch|p1a: Rotom|Rotom-Wash|100/100
|-damage|p1a: Rotom|88/100|[from] Stealth Rock
|move|p2a: Heatran|Magma Storm|p1a: Rotom
|-resisted|p1a: Rotom
|-damage|p1a: Rotom|70/100
|-activate|p1a: Rotom|move: Magma Storm|[of] p2a: Heatran
|
|-heal|p1a: Rotom|76/100|[from] item: Leftovers
|-damage|p1a: Rotom|64/100|[from] move: Magma Storm|[partiallytrapped]
|upkeep
|turn|5
|
|t:|1779635770
|-terastallize|p2a: Heatran|Fairy
|move|p1a: Rotom|Volt Switch|p2a: Heatran
|-crit|p2a: Heatran
|-damage|p2a: Heatran|77/100
|
|t:|1779635782
|switch|p1a: Ceruledge|Ceruledge, F|100/100|[from] Volt Switch
|-damage|p1a: Ceruledge|76/100|[from] Stealth Rock
|move|p2a: Heatran|Earth Power|p1a: Ceruledge
|-supereffective|p1a: Ceruledge
|-damage|p1a: Ceruledge|21/100
|
|-heal|p2a: Heatran|83/100|[from] item: Leftovers
|upkeep
|turn|6
|
|t:|1779635796
|move|p1a: Ceruledge|Shadow Sneak|p2a: Heatran
|-damage|p2a: Heatran|67/100
|move|p2a: Heatran|Earth Power|p1a: Ceruledge
|-supereffective|p1a: Ceruledge
|-damage|p1a: Ceruledge|0 fnt
|faint|p1a: Ceruledge
|
|-heal|p2a: Heatran|73/100|[from] item: Leftovers
|upkeep
|
|t:|1779635802
|switch|p1a: Darkrai|Darkrai|100/100
|turn|7
|
|t:|1779635815
|move|p1a: Darkrai|Sludge Bomb|p2a: Heatran
|-supereffective|p2a: Heatran
|-damage|p2a: Heatran|32/100
|-status|p2a: Heatran|psn
|move|p2a: Heatran|Magma Storm|p1a: Darkrai
|-damage|p1a: Darkrai|38/100
|-activate|p1a: Darkrai|move: Magma Storm|[of] p2a: Heatran
|
|-heal|p2a: Heatran|39/100 psn|[from] item: Leftovers
|-damage|p2a: Heatran|26/100 psn|[from] psn
|-damage|p1a: Darkrai|26/100|[from] move: Magma Storm|[partiallytrapped]
|upkeep
|turn|8
|
|t:|1779635823
|move|p2a: Heatran|Protect|p2a: Heatran
|-singleturn|p2a: Heatran|Protect
|move|p1a: Darkrai|Dark Pulse|p2a: Heatran
|-activate|p2a: Heatran|move: Protect
|
|-heal|p2a: Heatran|32/100 psn|[from] item: Leftovers
|-damage|p2a: Heatran|20/100 psn|[from] psn
|-damage|p1a: Darkrai|13/100|[from] move: Magma Storm|[partiallytrapped]
|upkeep
|turn|9
|
|t:|1779635832
|move|p2a: Heatran|Protect||[still]
|-fail|p2a: Heatran
|move|p1a: Darkrai|Dark Pulse|p2a: Heatran
|-resisted|p2a: Heatran
|-damage|p2a: Heatran|8/100 psn
|
|-heal|p2a: Heatran|14/100 psn|[from] item: Leftovers
|-damage|p2a: Heatran|2/100 psn|[from] psn
|-damage|p1a: Darkrai|1/100|[from] move: Magma Storm|[partiallytrapped]
|upkeep
|turn|10
|
|t:|1779635839
|move|p1a: Darkrai|Focus Blast|p2a: Heatran|[miss]
|-miss|p1a: Darkrai|p2a: Heatran
|move|p2a: Heatran|Taunt|p1a: Darkrai
|-start|p1a: Darkrai|move: Taunt
|
|-heal|p2a: Heatran|8/100 psn|[from] item: Leftovers
|-damage|p2a: Heatran|0 fnt|[from] psn
|faint|p2a: Heatran
|-end|p1a: Darkrai|Magma Storm|[partiallytrapped]|[silent]
|upkeep
|
|t:|1779635846
|switch|p2a: Iron Valiant|Iron Valiant|100/100
|-enditem|p2a: Iron Valiant|Booster Energy
|-activate|p2a: Iron Valiant|ability: Quark Drive|[fromitem]
|-start|p2a: Iron Valiant|quarkdrivespe
|turn|11
|
|t:|1779635850
|move|p2a: Iron Valiant|Moonblast|p1a: Darkrai
|-supereffective|p1a: Darkrai
|-damage|p1a: Darkrai|0 fnt
|faint|p1a: Darkrai
|
|upkeep
|
|t:|1779635859
|switch|p1a: Corviknight|Corviknight, F|85/100
|-damage|p1a: Corviknight|73/100|[from] Stealth Rock
|-ability|p1a: Corviknight|Pressure
|turn|12
|
|t:|1779635862
|move|p2a: Iron Valiant|Thunderbolt|p1a: Corviknight
|-supereffective|p1a: Corviknight
|-damage|p1a: Corviknight|14/100
|move|p1a: Corviknight|Defog|p2a: Iron Valiant
|-unboost|p2a: Iron Valiant|evasion|1
|-sideend|p1: Joao Tomas|Stealth Rock|[from] move: Defog|[of] p1a: Corviknight
|
|upkeep
|turn|13
|
|t:|1779635869
|switch|p1a: Great Tusk|Great Tusk|100/100
|move|p2a: Iron Valiant|Thunderbolt|p1a: Great Tusk
|-immune|p1a: Great Tusk
|
|upkeep
|turn|14
|
|t:|1779635874
|-end|p1a: Great Tusk|Protosynthesis|[silent]
|switch|p1a: Shaymin|Shaymin|88/100
|move|p2a: Iron Valiant|Moonblast|p1a: Shaymin
|-damage|p1a: Shaymin|40/100
|
|upkeep
|turn|15
|
|t:|1779635883
|switch|p1a: Corviknight|Corviknight, F|14/100
|-ability|p1a: Corviknight|Pressure
|move|p2a: Iron Valiant|Moonblast|p1a: Corviknight
|-resisted|p1a: Corviknight
|-damage|p1a: Corviknight|0 fnt
|faint|p1a: Corviknight
|
|upkeep
|
|t:|1779635885
|switch|p1a: Rotom|Rotom-Wash|64/100
|turn|16
|c|☆thebigalex010|bruh
|
|t:|1779635891
|move|p2a: Iron Valiant|Moonblast|p1a: Rotom
|-damage|p1a: Rotom|30/100
|move|p1a: Rotom|Hydro Pump|p2a: Iron Valiant
|-crit|p2a: Iron Valiant
|-damage|p2a: Iron Valiant|0 fnt
|faint|p2a: Iron Valiant
|-end|p2a: Iron Valiant|Quark Drive|[silent]
|
|-heal|p1a: Rotom|37/100|[from] item: Leftovers
|upkeep
|
|t:|1779635899
|switch|p2a: Ogerpon|Ogerpon-Wellspring, F|100/100
|turn|17
|c|☆Joao Tomas|ig it works :|
|
|t:|1779635917
|move|p2a: Ogerpon|Horn Leech|p1a: Rotom
|-supereffective|p1a: Rotom
|-damage|p1a: Rotom|0 fnt
|faint|p1a: Rotom
|
|upkeep
|
|t:|1779635927
|switch|p1a: Great Tusk|Great Tusk|100/100
|turn|18
|
|t:|1779635932
|move|p2a: Ogerpon|Ivy Cudgel|p1a: Great Tusk|[anim] Ivy Cudgel Water
|-supereffective|p1a: Great Tusk
|-damage|p1a: Great Tusk|32/100
|move|p1a: Great Tusk|Close Combat|p2a: Ogerpon
|-damage|p2a: Ogerpon|0 fnt
|-unboost|p1a: Great Tusk|def|1
|-unboost|p1a: Great Tusk|spd|1
|faint|p2a: Ogerpon
|-damage|p1a: Great Tusk|22/100|[from] item: Life Orb
|
|upkeep
|
|t:|1779635942
|switch|p2a: Godengo|Gholdengo, shiny|100/100
|-item|p2a: Godengo|Air Balloon
|turn|19
|
|t:|1779635950
|-end|p1a: Great Tusk|Protosynthesis|[silent]
|switch|p1a: Shaymin|Shaymin|40/100
|move|p2a: Godengo|Shadow Ball|p1a: Shaymin
|-damage|p1a: Shaymin|1/100
|
|upkeep
|turn|20
|
|t:|1779635963
|move|p1a: Shaymin|Healing Wish|p1a: Shaymin
|faint|p1a: Shaymin
|move|p2a: Godengo|Shadow Ball|p1: Shaymin|[notarget]
|-fail|p2a: Godengo
|
|upkeep
|
|t:|1779635967
|switch|p1a: Great Tusk|Great Tusk|22/100
|-heal|p1a: Great Tusk|100/100|[from] move: Healing Wish
|turn|21
|
|t:|1779635979
|move|p2a: Godengo|Nasty Plot|p2a: Godengo
|-boost|p2a: Godengo|spa|2
|move|p1a: Great Tusk|Ice Spinner|p2a: Godengo
|-resisted|p2a: Godengo
|-damage|p2a: Godengo|80/100
|-enditem|p2a: Godengo|Air Balloon
|-damage|p1a: Great Tusk|91/100|[from] item: Life Orb
|
|upkeep
|turn|22
|c|☆Joao Tomas|u prob still win
|
|t:|1779635985
|move|p2a: Godengo|Shadow Ball|p1a: Great Tusk
|-damage|p1a: Great Tusk|0 fnt
|faint|p1a: Great Tusk
|-end|p1a: Great Tusk|Protosynthesis|[silent]
|
|win|thebigalex010
|raw|Joao Tomas's rating: 1320 &rarr; <strong>1300</strong><br />(-20 for losing)
|raw|thebigalex010's rating: 1321 &rarr; <strong>1341</strong><br />(+20 for winning)
|c|☆thebigalex010|gg
|l|☆Joao Tomas
|player|p1|
|l|☆thebigalex010
|player|p2|
