|j|☆RidingInThat6-0
|j|☆Hihealtfu
|t:|1779597699
|gametype|singles
|player|p1|RidingInThat6-0|galacticgrunt|1452
|player|p2|Hihealtfu|2|1409
|gen|9
|tier|[Gen 9] OU
|rated|
|rule|HP Percentage Mod: HP is shown in percentages
|rule|Endless Battle Clause: Forcing endless battles is banned
|rule|Species Clause: Limit one of each Pokémon
|rule|OHKO Clause: OHKO moves are banned
|rule|Evasion Items Clause: Evasion items are banned
|rule|Evasion Moves Clause: Evasion moves are banned
|rule|Evasion Abilities Clause: Evasion abilities are banned
|rule|Sleep Moves Clause: Sleep-inducing moves are banned
|clearpoke
|poke|p1|Jirachi|
|poke|p1|Ting-Lu|
|poke|p1|Gholdengo|
|poke|p1|Moltres|
|poke|p1|Zamazenta-*|
|poke|p1|Weezing-Galar, F|
|poke|p2|Kingambit, M|
|poke|p2|Kommo-o, M|
|poke|p2|Iron Valiant|
|poke|p2|Kyurem|
|poke|p2|Iron Treads|
|poke|p2|Iron Crown|
|teampreview
|
|t:|1779597707
|teamsize|p1|6
|teamsize|p2|6
|start
|switch|p1a: Yosef Mizrachi|Jirachi, shiny|100/100
|switch|p2a: Iron Treads|Iron Treads|100/100
|-enditem|p2a: Iron Treads|Booster Energy
|-activate|p2a: Iron Treads|ability: Quark Drive|[fromitem]
|-start|p2a: Iron Treads|quarkdrivespe
|turn|1
|
|t:|1779597725
|move|p2a: Iron Treads|Stealth Rock|p1a: Yosef Mizrachi
|-sidestart|p1: RidingInThat6-0|move: Stealth Rock
|move|p1a: Yosef Mizrachi|Aura Sphere|p2a: Iron Treads
|-supereffective|p2a: Iron Treads
|-damage|p2a: Iron Treads|16/100
|
|upkeep
|turn|2
|
|t:|1779597751
|switch|p1a: Yankees|Moltres, shiny|100/100
|move|p2a: Iron Treads|Earthquake|p1a: Yankees
|-immune|p1a: Yankees
|
|upkeep
|turn|3
|
|t:|1779597762
|move|p2a: Iron Treads|Endeavor|p1a: Yankees
|-damage|p1a: Yankees|16/100
|move|p1a: Yankees|Flamethrower|p2a: Iron Treads
|-supereffective|p2a: Iron Treads
|-damage|p2a: Iron Treads|0 fnt
|faint|p2a: Iron Treads
|-end|p2a: Iron Treads|Quark Drive|[silent]
|
|upkeep
|
|t:|1779597767
|switch|p2a: Kommo-o|Kommo-o, M|100/100
|turn|4
|
|t:|1779597773
|move|p2a: Kommo-o|Substitute|p2a: Kommo-o
|-start|p2a: Kommo-o|Substitute
|-damage|p2a: Kommo-o|75/100
|move|p1a: Yankees|Will-O-Wisp||[still]
|-fail|p1a: Yankees
|
|-heal|p2a: Kommo-o|82/100|[from] item: Leftovers
|upkeep
|turn|5
|
|t:|1779597783
|move|p2a: Kommo-o|Clangorous Soul|p2a: Kommo-o
|-boost|p2a: Kommo-o|atk|1
|-boost|p2a: Kommo-o|def|1
|-boost|p2a: Kommo-o|spa|1
|-boost|p2a: Kommo-o|spd|1
|-boost|p2a: Kommo-o|spe|1
|-damage|p2a: Kommo-o|49/100
|move|p1a: Yankees|U-turn|p2a: Kommo-o
|-resisted|p2a: Kommo-o
|-activate|p2a: Kommo-o|move: Substitute|[damage]
|
|t:|1779597793
|switch|p1a: Yosef Mizrachi|Jirachi, shiny|100/100|[from] U-turn
|-damage|p1a: Yosef Mizrachi|94/100|[from] Stealth Rock
|
|-heal|p2a: Kommo-o|55/100|[from] item: Leftovers
|upkeep
|turn|6
|
|t:|1779597808
|move|p2a: Kommo-o|Clangorous Soul|p2a: Kommo-o
|-boost|p2a: Kommo-o|atk|1
|-boost|p2a: Kommo-o|def|1
|-boost|p2a: Kommo-o|spa|1
|-boost|p2a: Kommo-o|spd|1
|-boost|p2a: Kommo-o|spe|1
|-damage|p2a: Kommo-o|22/100
|move|p1a: Yosef Mizrachi|Psychic|p2a: Kommo-o
|-supereffective|p2a: Kommo-o
|-end|p2a: Kommo-o|Substitute
|
|-heal|p2a: Kommo-o|28/100|[from] item: Leftovers
|upkeep
|turn|7
|
|t:|1779597814
|move|p2a: Kommo-o|Substitute|p2a: Kommo-o
|-start|p2a: Kommo-o|Substitute
|-damage|p2a: Kommo-o|3/100
|move|p1a: Yosef Mizrachi|Psychic|p2a: Kommo-o
|-supereffective|p2a: Kommo-o
|-end|p2a: Kommo-o|Substitute
|
|-heal|p2a: Kommo-o|10/100|[from] item: Leftovers
|upkeep
|turn|8
|
|t:|1779597817
|move|p2a: Kommo-o|Drain Punch|p1a: Yosef Mizrachi
|-damage|p1a: Yosef Mizrachi|34/100
|-heal|p2a: Kommo-o|39/100|[from] drain|[of] p1a: Yosef Mizrachi
|move|p1a: Yosef Mizrachi|Psychic|p2a: Kommo-o
|-supereffective|p2a: Kommo-o
|-damage|p2a: Kommo-o|0 fnt
|faint|p2a: Kommo-o
|
|upkeep
|
|t:|1779597826
|switch|p2a: Kyurem|Kyurem|100/100
|-ability|p2a: Kyurem|Pressure
|turn|9
|
|t:|1779597828
|move|p1a: Yosef Mizrachi|Psychic|p2a: Kyurem
|-damage|p2a: Kyurem|38/100
|-unboost|p2a: Kyurem|spd|1
|move|p2a: Kyurem|Dragon Dance|p2a: Kyurem
|-boost|p2a: Kyurem|atk|1
|-boost|p2a: Kyurem|spe|1
|
|upkeep
|turn|10
|
|t:|1779597848
|move|p2a: Kyurem|Earth Power|p1a: Yosef Mizrachi
|-supereffective|p1a: Yosef Mizrachi
|-damage|p1a: Yosef Mizrachi|0 fnt
|faint|p1a: Yosef Mizrachi
|
|upkeep
|
|t:|1779597853
|switch|p1a: Idol|Zamazenta|100/100
|-damage|p1a: Idol|94/100|[from] Stealth Rock
|-ability|p1a: Idol|Dauntless Shield|boost
|-boost|p1a: Idol|def|1
|turn|11
|
|t:|1779597867
|move|p2a: Kyurem|Icicle Spear|p1a: Idol
|-damage|p1a: Idol|83/100
|-damage|p1a: Idol|71/100
|-damage|p1a: Idol|59/100
|-damage|p1a: Idol|46/100
|-hitcount|p1a: Idol|4
|move|p1a: Idol|Close Combat|p2a: Kyurem
|-supereffective|p2a: Kyurem
|-damage|p2a: Kyurem|0 fnt
|-unboost|p1a: Idol|def|1
|-unboost|p1a: Idol|spd|1
|faint|p2a: Kyurem
|-damage|p1a: Idol|36/100|[from] item: Life Orb
|
|upkeep
|
|t:|1779597872
|switch|p2a: Iron Valiant|Iron Valiant|100/100
|-enditem|p2a: Iron Valiant|Booster Energy
|-activate|p2a: Iron Valiant|ability: Quark Drive|[fromitem]
|-start|p2a: Iron Valiant|quarkdrivespe
|turn|12
|
|t:|1779597875
|move|p2a: Iron Valiant|Calm Mind|p2a: Iron Valiant
|-boost|p2a: Iron Valiant|spa|1
|-boost|p2a: Iron Valiant|spd|1
|move|p1a: Idol|Heavy Slam|p2a: Iron Valiant
|-supereffective|p2a: Iron Valiant
|-damage|p2a: Iron Valiant|0 fnt
|faint|p2a: Iron Valiant
|-end|p2a: Iron Valiant|Quark Drive|[silent]
|-damage|p1a: Idol|26/100|[from] item: Life Orb
|
|upkeep
|
|t:|1779597885
|switch|p2a: Kingambit|Kingambit, M|100/100
|-activate|p2a: Kingambit|ability: Supreme Overlord
|-start|p2a: Kingambit|fallen4|[silent]
|turn|13
|
|t:|1779597889
|-terastallize|p2a: Kingambit|Ghost
|move|p1a: Idol|Crunch|p2a: Kingambit
|-supereffective|p2a: Kingambit
|-damage|p2a: Kingambit|41/100
|-damage|p1a: Idol|16/100|[from] item: Life Orb
|move|p2a: Kingambit|Swords Dance|p2a: Kingambit
|-boost|p2a: Kingambit|atk|2
|
|-heal|p2a: Kingambit|47/100|[from] item: Leftovers
|upkeep
|turn|14
|
|t:|1779597913
|switch|p1a: Yankees|Moltres, shiny|16/100
|move|p2a: Kingambit|Sucker Punch||[still]
|-fail|p2a: Kingambit
|
|-heal|p2a: Kingambit|53/100|[from] item: Leftovers
|upkeep
|turn|15
|
|t:|1779597923
|move|p1a: Yankees|Will-O-Wisp|p2a: Kingambit
|-status|p2a: Kingambit|brn
|move|p2a: Kingambit|Iron Head|p1a: Yankees
|-resisted|p1a: Yankees
|-damage|p1a: Yankees|0 fnt
|faint|p1a: Yankees
|
|-heal|p2a: Kingambit|60/100 brn|[from] item: Leftovers
|-damage|p2a: Kingambit|53/100 brn|[from] brn
|upkeep
|
|t:|1779597926
|switch|p1a: Don't|Gholdengo|100/100
|-damage|p1a: Don't|94/100|[from] Stealth Rock
|turn|16
|
|t:|1779597929
|move|p1a: Don't|Trick|p2a: Kingambit
|-activate|p1a: Don't|move: Trick|[of] p2a: Kingambit
|-item|p2a: Kingambit|Choice Scarf|[from] move: Trick
|-item|p1a: Don't|Leftovers|[from] move: Trick
|move|p2a: Kingambit|Swords Dance|p2a: Kingambit
|-boost|p2a: Kingambit|atk|2
|
|-heal|p1a: Don't|100/100|[from] item: Leftovers
|-damage|p2a: Kingambit|47/100 brn|[from] brn
|upkeep
|turn|17
|
|t:|1779597931
|move|p2a: Kingambit|Swords Dance|p2a: Kingambit
|-boost|p2a: Kingambit|atk|2
|move|p1a: Don't|Shadow Ball|p2a: Kingambit
|-supereffective|p2a: Kingambit
|-damage|p2a: Kingambit|0 fnt
|faint|p2a: Kingambit
|-end|p2a: Kingambit|fallen4|[silent]
|
|upkeep
|
|t:|1779597933
|switch|p2a: Iron Crown|Iron Crown|100/100
|-enditem|p2a: Iron Crown|Booster Energy
|-activate|p2a: Iron Crown|ability: Quark Drive|[fromitem]
|-start|p2a: Iron Crown|quarkdrivespe
|turn|18
|
|t:|1779597935
|move|p2a: Iron Crown|Calm Mind|p2a: Iron Crown
|-boost|p2a: Iron Crown|spa|1
|-boost|p2a: Iron Crown|spd|1
|move|p1a: Don't|Shadow Ball|p2a: Iron Crown
|-supereffective|p2a: Iron Crown
|-damage|p2a: Iron Crown|46/100
|
|upkeep
|turn|19
|
|t:|1779597942
|move|p2a: Iron Crown|Tachyon Cutter|p1a: Don't
|-resisted|p1a: Don't
|-damage|p1a: Don't|78/100
|-resisted|p1a: Don't
|-damage|p1a: Don't|58/100
|-hitcount|p1a: Don't|2
|move|p1a: Don't|Shadow Ball|p2a: Iron Crown
|-supereffective|p2a: Iron Crown
|-damage|p2a: Iron Crown|0 fnt
|faint|p2a: Iron Crown
|-end|p2a: Iron Crown|Quark Drive|[silent]
|
|win|RidingInThat6-0
|raw|RidingInThat6-0's rating: 1452 &rarr; <strong>1470</strong><br />(+18 for winning)
|raw|Hihealtfu's rating: 1425 &rarr; <strong>1407</strong><br />(-18 for losing)
|l|☆Hihealtfu
|player|p2|
