|j|☆marcosuavee
|j|☆AstolfoLover15
|t:|1779576869
|gametype|singles
|player|p1|marcosuavee|parasollady|1161
|player|p2|AstolfoLover15|1|1208
|gen|9
|tier|[Gen 9] OU
|rated|
|rule|HP Percentage Mod: HP is shown in percentages
|rule|Endless Battle Clause: Forcing endless battles is banned
|rule|Species Clause: Limit one of each Pokémon
|rule|OHKO Clause: OHKO moves are banned
|rule|Evasion Items Clause: Evasion items are banned
|rule|Evasion Moves Clause: Evasion moves are banned
|rule|Evasion Abilities Clause: Evasion abilities are banned
|rule|Sleep Moves Clause: Sleep-inducing moves are banned
|clearpoke
|poke|p1|Pelipper, F|
|poke|p1|Basculegion, M|
|poke|p1|Ludicolo, F|
|poke|p1|Qwilfish, F|
|poke|p1|Goodra-Hisui, M|
|poke|p1|Kilowattrel, F|
|poke|p2|Grimmsnarl, M|
|poke|p2|Iron Treads|
|poke|p2|Raging Bolt|
|poke|p2|Deoxys-Speed|
|poke|p2|Ogerpon-Wellspring, F|
|poke|p2|Ceruledge, M|
|teampreview
|inactive|Battle timer is ON: inactive players will automatically lose when time's up. (requested by AstolfoLover15)
|
|t:|1779576895
|teamsize|p1|6
|teamsize|p2|6
|start
|switch|p1a: Basculegion|Basculegion, M|100/100
|switch|p2a: Raging Bolt|Raging Bolt|100/100
|-enditem|p2a: Raging Bolt|Booster Energy
|-activate|p2a: Raging Bolt|ability: Protosynthesis|[fromitem]
|-start|p2a: Raging Bolt|protosynthesisspa
|turn|1
|
|t:|1779576912
|switch|p1a: Kilowattrel|Kilowattrel, F|100/100
|move|p2a: Raging Bolt|Thunderbolt|p1a: Kilowattrel
|-immune|p1a: Kilowattrel|[from] ability: Volt Absorb
|
|upkeep
|turn|2
|
|t:|1779576925
|move|p1a: Kilowattrel|Weather Ball|p2a: Raging Bolt
|-damage|p2a: Raging Bolt|86/100
|move|p2a: Raging Bolt|Dragon Pulse|p1a: Kilowattrel
|-damage|p1a: Kilowattrel|0 fnt
|faint|p1a: Kilowattrel
|
|upkeep
|
|t:|1779576944
|switch|p1a: Goodra|Goodra-Hisui, M|100/100
|turn|3
|
|t:|1779576951
|-end|p2a: Raging Bolt|Protosynthesis|[silent]
|switch|p2a: Grimmsnarl|Grimmsnarl, M, shiny|100/100
|move|p1a: Goodra|Draco Meteor|p2a: Grimmsnarl
|-immune|p2a: Grimmsnarl
|
|upkeep
|turn|4
|
|t:|1779576958
|move|p2a: Grimmsnarl|Low Kick|p1a: Goodra
|-supereffective|p1a: Goodra
|-crit|p1a: Goodra
|-damage|p1a: Goodra|0 fnt
|faint|p1a: Goodra
|
|upkeep
|
|t:|1779576966
|switch|p1a: Pelipper|Pelipper, F|100/100
|-weather|RainDance|[from] ability: Drizzle|[of] p1a: Pelipper
|turn|5
|
|t:|1779576971
|move|p2a: Grimmsnarl|Light Screen|p2a: Grimmsnarl
|-sidestart|p2: AstolfoLover15|move: Light Screen
|move|p1a: Pelipper|U-turn|p2a: Grimmsnarl
|-crit|p2a: Grimmsnarl
|-damage|p2a: Grimmsnarl|83/100
|
|t:|1779576973
|switch|p1a: Basculegion|Basculegion, M|100/100|[from] U-turn
|
|-weather|RainDance|[upkeep]
|upkeep
|turn|6
|
|t:|1779576983
|move|p2a: Grimmsnarl|Reflect|p2a: Grimmsnarl
|-sidestart|p2: AstolfoLover15|Reflect
|move|p1a: Basculegion|Wave Crash|p2a: Grimmsnarl
|-damage|p2a: Grimmsnarl|0 fnt
|faint|p2a: Grimmsnarl
|-damage|p1a: Basculegion|77/100|[from] Recoil
|
|-weather|RainDance|[upkeep]
|upkeep
|
|t:|1779576993
|switch|p2a: Raging Bolt|Raging Bolt|86/100
|turn|7
|
|t:|1779577001
|switch|p1a: Ludicolo|Ludicolo, F|100/100
|move|p2a: Raging Bolt|Thunderbolt|p1a: Ludicolo
|-damage|p1a: Ludicolo|35/100
|
|-weather|RainDance|[upkeep]
|upkeep
|turn|8
|
|t:|1779577009
|move|p1a: Ludicolo|Ice Beam|p2a: Raging Bolt
|-supereffective|p2a: Raging Bolt
|-damage|p2a: Raging Bolt|56/100
|-damage|p1a: Ludicolo|25/100|[from] item: Life Orb
|move|p2a: Raging Bolt|Thunderbolt|p1a: Ludicolo
|-damage|p1a: Ludicolo|0 fnt
|faint|p1a: Ludicolo
|
|-weather|RainDance|[upkeep]
|upkeep
|
|t:|1779577015
|switch|p1a: Basculegion|Basculegion, M|77/100
|turn|9
|
|t:|1779577019
|move|p2a: Raging Bolt|Thunderclap|p1a: Basculegion
|-supereffective|p1a: Basculegion
|-damage|p1a: Basculegion|0 fnt
|faint|p1a: Basculegion
|
|-weather|RainDance|[upkeep]
|upkeep
|
|t:|1779577023
|switch|p1a: Qwilfish|Qwilfish, F|100/100
|turn|10
|
|t:|1779577026
|move|p2a: Raging Bolt|Thunderclap||[still]
|-fail|p2a: Raging Bolt
|move|p1a: Qwilfish|Swords Dance|p1a: Qwilfish
|-boost|p1a: Qwilfish|atk|2
|
|-weather|RainDance|[upkeep]
|upkeep
|turn|11
|
|t:|1779577035
|move|p2a: Raging Bolt|Thunderclap||[still]
|-fail|p2a: Raging Bolt
|move|p1a: Qwilfish|Swords Dance|p1a: Qwilfish
|-boost|p1a: Qwilfish|atk|2
|
|-weather|RainDance|[upkeep]
|upkeep
|turn|12
|
|t:|1779577042
|move|p2a: Raging Bolt|Thunderclap||[still]
|-fail|p2a: Raging Bolt
|move|p1a: Qwilfish|Swords Dance|p1a: Qwilfish
|-boost|p1a: Qwilfish|atk|2
|
|-weather|none
|-sideend|p2: AstolfoLover15|move: Light Screen
|upkeep
|turn|13
|
|t:|1779577057
|move|p1a: Qwilfish|Swords Dance|p1a: Qwilfish
|-boost|p1a: Qwilfish|atk|0
|move|p2a: Raging Bolt|Thunderbolt|p1a: Qwilfish
|-supereffective|p1a: Qwilfish
|-damage|p1a: Qwilfish|0 fnt
|faint|p1a: Qwilfish
|
|-sideend|p2: AstolfoLover15|Reflect
|upkeep
|c|☆AstolfoLover15|?
|-message|marcosuavee forfeited.
|
|win|AstolfoLover15
|raw|marcosuavee's rating: 1161 &rarr; <strong>1139</strong><br />(-22 for losing)
|raw|AstolfoLover15's rating: 1208 &rarr; <strong>1230</strong><br />(+22 for winning)
|l|☆marcosuavee
|player|p1|
|l|☆AstolfoLover15
|player|p2|
