|j|☆FINAL RAMEN
|j|☆s1lverpoke
|t:|1779600505
|gametype|singles
|player|p1|FINAL RAMEN|hiker-gen4|1488
|player|p2|s1lverpoke|101|1508
|gen|9
|tier|[Gen 9] OU
|rated|
|rule|HP Percentage Mod: HP is shown in percentages
|rule|Endless Battle Clause: Forcing endless battles is banned
|rule|Species Clause: Limit one of each Pokémon
|rule|OHKO Clause: OHKO moves are banned
|rule|Evasion Items Clause: Evasion items are banned
|rule|Evasion Moves Clause: Evasion moves are banned
|rule|Evasion Abilities Clause: Evasion abilities are banned
|rule|Sleep Moves Clause: Sleep-inducing moves are banned
|clearpoke
|poke|p1|Deoxys-Speed|
|poke|p1|Kyurem|
|poke|p1|Iron Valiant|
|poke|p1|Gholdengo|
|poke|p1|Great Tusk|
|poke|p1|Moltres-Galar|
|poke|p2|Samurott-Hisui, M|
|poke|p2|Dragonite, F|
|poke|p2|Kingambit, F|
|poke|p2|Iron Moth|
|poke|p2|Iron Valiant|
|poke|p2|Moltres-Galar|
|teampreview
|inactive|Battle timer is ON: inactive players will automatically lose when time's up. (requested by s1lverpoke)
|
|t:|1779600514
|teamsize|p1|6
|teamsize|p2|6
|start
|switch|p1a: Deoxys|Deoxys-Speed|100/100
|switch|p2a: Samurott|Samurott-Hisui, M|100/100
|-ability|p1a: Deoxys|Pressure
|turn|1
|
|t:|1779600523
|move|p1a: Deoxys|Knock Off|p2a: Samurott
|-resisted|p2a: Samurott
|-damage|p2a: Samurott|88/100
|-enditem|p2a: Samurott|Focus Sash|[from] move: Knock Off|[of] p1a: Deoxys
|move|p2a: Samurott|Ceaseless Edge|p1a: Deoxys
|-supereffective|p1a: Deoxys
|-crit|p1a: Deoxys
|-enditem|p1a: Deoxys|Focus Sash
|-damage|p1a: Deoxys|1/100
|-sidestart|p1: FINAL RAMEN|Spikes
|
|upkeep
|turn|2
|
|t:|1779600526
|move|p1a: Deoxys|Stealth Rock|p2a: Samurott
|-sidestart|p2: s1lverpoke|move: Stealth Rock
|move|p2a: Samurott|Knock Off|p1a: Deoxys
|-supereffective|p1a: Deoxys
|-damage|p1a: Deoxys|0 fnt
|faint|p1a: Deoxys
|
|upkeep
|
|t:|1779600534
|switch|p1a: Iron Valiant|Iron Valiant|100/100
|-damage|p1a: Iron Valiant|88/100|[from] Spikes
|turn|3
|
|t:|1779600537
|move|p1a: Iron Valiant|Spirit Break|p2a: Samurott
|-supereffective|p2a: Samurott
|-damage|p2a: Samurott|0 fnt
|faint|p2a: Samurott
|
|upkeep
|
|t:|1779600542
|switch|p2a: Moltres|Moltres-Galar|100/100
|-damage|p2a: Moltres|76/100|[from] Stealth Rock
|turn|4
|
|t:|1779600549
|-terastallize|p2a: Moltres|Fairy
|move|p1a: Iron Valiant|Spirit Break|p2a: Moltres
|-damage|p2a: Moltres|5/100
|-unboost|p2a: Moltres|spa|1
|-ability|p2a: Moltres|Berserk|boost
|-boost|p2a: Moltres|spa|1
|-enditem|p2a: Moltres|Sitrus Berry|[eat]
|-heal|p2a: Moltres|30/100|[from] item: Sitrus Berry
|move|p2a: Moltres|Agility|p2a: Moltres
|-boost|p2a: Moltres|spe|2
|
|upkeep
|turn|5
|inactive|FINAL RAMEN has 120 seconds left.
|
|t:|1779600584
|-end|p1a: Iron Valiant|Quark Drive|[silent]
|switch|p1a: Kyurem|Kyurem|100/100
|-damage|p1a: Kyurem|88/100|[from] Spikes
|-ability|p1a: Kyurem|Pressure
|move|p2a: Moltres|Air Slash|p1a: Kyurem
|-damage|p1a: Kyurem|53/100
|
|upkeep
|turn|6
|inactive|FINAL RAMEN has 120 seconds left.
|
|t:|1779600592
|move|p2a: Moltres|Fiery Wrath|p1a: Kyurem
|-damage|p1a: Kyurem|13/100
|move|p1a: Kyurem|Ice Beam|p2a: Moltres
|-damage|p2a: Moltres|0 fnt
|faint|p2a: Moltres
|
|upkeep
|
|t:|1779600596
|switch|p2a: Iron Moth|Iron Moth|100/100
|-damage|p2a: Iron Moth|76/100|[from] Stealth Rock
|-enditem|p2a: Iron Moth|Booster Energy
|-activate|p2a: Iron Moth|ability: Quark Drive|[fromitem]
|-start|p2a: Iron Moth|quarkdrivespe
|turn|7
|
|t:|1779600599
|move|p2a: Iron Moth|Fiery Dance|p1a: Kyurem
|-damage|p1a: Kyurem|0 fnt
|faint|p1a: Kyurem
|
|upkeep
|
|t:|1779600610
|switch|p1a: Moltres|Moltres-Galar|100/100
|turn|8
|
|t:|1779600615
|move|p2a: Iron Moth|Dazzling Gleam|p1a: Moltres
|-supereffective|p1a: Moltres
|-damage|p1a: Moltres|54/100
|move|p1a: Moltres|Agility|p1a: Moltres
|-boost|p1a: Moltres|spe|2
|
|upkeep
|turn|9
|
|t:|1779600619
|move|p1a: Moltres|Fiery Wrath|p2a: Iron Moth
|-damage|p2a: Iron Moth|37/100
|move|p2a: Iron Moth|Dazzling Gleam|p1a: Moltres
|-supereffective|p1a: Moltres
|-damage|p1a: Moltres|3/100
|-ability|p1a: Moltres|Berserk|boost
|-boost|p1a: Moltres|spa|1
|-enditem|p1a: Moltres|Sitrus Berry|[eat]
|-heal|p1a: Moltres|28/100|[from] item: Sitrus Berry
|
|upkeep
|turn|10
|
|t:|1779600624
|move|p1a: Moltres|Fiery Wrath|p2a: Iron Moth
|-damage|p2a: Iron Moth|0 fnt
|faint|p2a: Iron Moth
|-end|p2a: Iron Moth|Quark Drive|[silent]
|
|upkeep
|
|t:|1779600627
|switch|p2a: Dragonite|Dragonite, F|100/100
|-damage|p2a: Dragonite|76/100|[from] Stealth Rock
|turn|11
|
|t:|1779600631
|move|p2a: Dragonite|Extreme Speed|p1a: Moltres
|-damage|p1a: Moltres|0 fnt
|faint|p1a: Moltres
|
|upkeep
|
|t:|1779600639
|switch|p1a: Iron Valiant|Iron Valiant|88/100
|-damage|p1a: Iron Valiant|76/100|[from] Spikes
|turn|12
|
|t:|1779600642
|move|p2a: Dragonite|Extreme Speed|p1a: Iron Valiant
|-damage|p1a: Iron Valiant|16/100
|move|p1a: Iron Valiant|Spirit Break|p2a: Dragonite
|-supereffective|p2a: Dragonite
|-damage|p2a: Dragonite|0 fnt
|faint|p2a: Dragonite
|
|upkeep
|
|t:|1779600647
|switch|p2a: Iron Valiant|Iron Valiant|100/100
|-damage|p2a: Iron Valiant|94/100|[from] Stealth Rock
|-enditem|p2a: Iron Valiant|Booster Energy
|-activate|p2a: Iron Valiant|ability: Quark Drive|[fromitem]
|-start|p2a: Iron Valiant|quarkdrivespe
|turn|13
|
|t:|1779600657
|move|p2a: Iron Valiant|Knock Off|p1a: Iron Valiant
|-resisted|p1a: Iron Valiant
|-damage|p1a: Iron Valiant|7/100
|-enditem|p1a: Iron Valiant|Choice Band|[from] move: Knock Off|[of] p2a: Iron Valiant
|move|p1a: Iron Valiant|Spirit Break|p2a: Iron Valiant
|-supereffective|p2a: Iron Valiant
|-damage|p2a: Iron Valiant|0 fnt
|faint|p2a: Iron Valiant
|-end|p2a: Iron Valiant|Quark Drive|[silent]
|
|upkeep
|
|t:|1779600664
|switch|p2a: Kingambit|Kingambit, F|100/100
|-damage|p2a: Kingambit|94/100|[from] Stealth Rock
|-activate|p2a: Kingambit|ability: Supreme Overlord
|-start|p2a: Kingambit|fallen5|[silent]
|-item|p2a: Kingambit|Air Balloon
|turn|14
|
|t:|1779600671
|move|p1a: Iron Valiant|Close Combat|p2a: Kingambit
|-supereffective|p2a: Kingambit
|-damage|p2a: Kingambit|0 fnt
|-unboost|p1a: Iron Valiant|def|1
|-unboost|p1a: Iron Valiant|spd|1
|-enditem|p2a: Kingambit|Air Balloon
|faint|p2a: Kingambit
|-end|p2a: Kingambit|fallen5|[silent]
|
|win|FINAL RAMEN
|raw|FINAL RAMEN's rating: 1488 &rarr; <strong>1509</strong><br />(+21 for winning)
|raw|s1lverpoke's rating: 1508 &rarr; <strong>1487</strong><br />(-21 for losing)
|l|☆s1lverpoke
|player|p2|
|l|☆FINAL RAMEN
|player|p1|
