|j|☆LuisCADOP
|j|☆KING丶3266926956今余
|t:|1779704473
|gametype|singles
|player|p1|LuisCADOP|grimsley|1298
|player|p2|KING丶3266926956今余|dawn|1303
|gen|9
|tier|[Gen 9] OU
|rated|
|rule|HP Percentage Mod: HP is shown in percentages
|rule|Endless Battle Clause: Forcing endless battles is banned
|rule|Species Clause: Limit one of each Pokémon
|rule|OHKO Clause: OHKO moves are banned
|rule|Evasion Items Clause: Evasion items are banned
|rule|Evasion Moves Clause: Evasion moves are banned
|rule|Evasion Abilities Clause: Evasion abilities are banned
|rule|Sleep Moves Clause: Sleep-inducing moves are banned
|clearpoke
|poke|p1|Dondozo, F|
|poke|p1|Talonflame, M|
|poke|p1|Blissey, F|
|poke|p1|Rotom-Wash|
|poke|p1|Weavile, F|
|poke|p1|Slowking-Galar, M|
|poke|p2|Luxray, F|
|poke|p2|Noctowl, F|
|poke|p2|Alomomola, F|
|poke|p2|Meowstic, M|
|poke|p2|Incineroar, F|
|poke|p2|Meowscarada, F|
|teampreview
|inactive|Battle timer is ON: inactive players will automatically lose when time's up. (requested by KING丶3266926956今余)
|
|t:|1779704497
|teamsize|p1|6
|teamsize|p2|6
|start
|switch|p1a: I'll be back|Slowking-Galar, M, shiny|100/100
|switch|p2a: Incineroar|Incineroar, F|100/100
|-ability|p2a: Incineroar|Intimidate|boost
|-unboost|p1a: I'll be back|atk|1
|turn|1
|
|t:|1779704509
|switch|p1a: Boeing|Talonflame, M|100/100
|move|p2a: Incineroar|Parting Shot|p1a: Boeing
|-unboost|p1a: Boeing|atk|1
|-unboost|p1a: Boeing|spa|1
|
|t:|1779704516
|switch|p2a: Luxray|Luxray, F|100/100|[from] Parting Shot
|
|-status|p2a: Luxray|brn|[from] item: Flame Orb
|upkeep
|turn|2
|
|t:|1779704534
|switch|p1a: I'll be back|Slowking-Galar, M, shiny|100/100
|move|p2a: Luxray|Facade|p1a: I'll be back
|-damage|p1a: I'll be back|25/100
|
|-damage|p2a: Luxray|95/100 brn|[from] brn
|upkeep
|turn|3
|
|t:|1779704543
|switch|p1a: Dory|Dondozo, F|100/100
|move|p2a: Luxray|Facade|p1a: Dory
|-damage|p1a: Dory|72/100
|
|-heal|p1a: Dory|78/100|[from] item: Leftovers
|-damage|p2a: Luxray|89/100 brn|[from] brn
|upkeep
|turn|4
|
|t:|1779704554
|switch|p2a: Alomomola|Alomomola, F|100/100
|-terastallize|p1a: Dory|Fighting
|move|p1a: Dory|Body Press|p2a: Alomomola
|-damage|p2a: Alomomola|69/100
|
|-heal|p1a: Dory|84/100|[from] item: Leftovers
|upkeep
|turn|5
|
|t:|1779704564
|switch|p1a: I'll be back|Slowking-Galar, M, shiny|59/100
|move|p2a: Alomomola|Flip Turn|p1a: I'll be back
|-damage|p1a: I'll be back|40/100
|
|t:|1779704567
|switch|p2a: Meowscarada|Meowscarada, F|100/100|[from] Flip Turn
|
|upkeep
|turn|6
|
|t:|1779704574
|switch|p2a: Alomomola|Alomomola, F|100/100
|switch|p1a: Dory|Dondozo, F, tera:Fighting|84/100
|
|-heal|p1a: Dory|90/100|[from] item: Leftovers
|upkeep
|turn|7
|
|t:|1779704583
|switch|p1a: I'll be back|Slowking-Galar, M, shiny|74/100
|move|p2a: Alomomola|Flip Turn|p1a: I'll be back
|-damage|p1a: I'll be back|57/100
|
|t:|1779704586
|switch|p2a: Luxray|Luxray, F|89/100 brn|[from] Flip Turn
|
|-damage|p2a: Luxray|83/100 brn|[from] brn
|upkeep
|turn|8
|
|t:|1779704594
|switch|p1a: Dory|Dondozo, F, tera:Fighting|90/100
|move|p2a: Luxray|Facade|p1a: Dory
|-damage|p1a: Dory|59/100
|
|-heal|p1a: Dory|65/100|[from] item: Leftovers
|-damage|p2a: Luxray|77/100 brn|[from] brn
|upkeep
|turn|9
|
|t:|1779704604
|switch|p2a: Alomomola|Alomomola, F|100/100
|move|p1a: Dory|Body Press|p2a: Alomomola
|-damage|p2a: Alomomola|66/100
|
|-heal|p1a: Dory|71/100|[from] item: Leftovers
|upkeep
|turn|10
|
|t:|1779704612
|move|p1a: Dory|Body Press|p2a: Alomomola
|-damage|p2a: Alomomola|34/100
|move|p2a: Alomomola|Flip Turn|p1a: Dory
|-damage|p1a: Dory|64/100
|
|t:|1779704615
|switch|p2a: Meowstic|Meowstic, M|100/100|[from] Flip Turn
|
|-heal|p1a: Dory|70/100|[from] item: Leftovers
|upkeep
|turn|11
|
|t:|1779704626
|switch|p1a: Your Mom|Blissey, F|100/100
|move|p2a: Meowstic|Trick|p1a: Your Mom
|-activate|p2a: Meowstic|move: Trick|[of] p1a: Your Mom
|-item|p1a: Your Mom|Choice Specs|[from] move: Trick
|-item|p2a: Meowstic|Leftovers|[from] move: Trick
|
|upkeep
|turn|12
|
|t:|1779704634
|move|p2a: Meowstic|Trick|p1a: Your Mom
|-activate|p2a: Meowstic|move: Trick|[of] p1a: Your Mom
|-item|p1a: Your Mom|Leftovers|[from] move: Trick
|-item|p2a: Meowstic|Choice Specs|[from] move: Trick
|move|p1a: Your Mom|Stealth Rock|p2a: Meowstic
|-sidestart|p2: KING丶3266926956今余|move: Stealth Rock
|
|upkeep
|turn|13
|
|t:|1779704641
|switch|p2a: Noctowl|Noctowl, F|100/100
|switch|p1a: I'll be back|Slowking-Galar, M, shiny|91/100
|
|upkeep
|turn|14
|
|t:|1779704651
|move|p2a: Noctowl|Defog|p1a: I'll be back
|-unboost|p1a: I'll be back|evasion|1
|-sideend|p2: KING丶3266926956今余|Stealth Rock|[from] move: Defog|[of] p2a: Noctowl
|move|p1a: I'll be back|Toxic|p2a: Noctowl
|-status|p2a: Noctowl|tox
|
|-damage|p2a: Noctowl|94/100 tox|[from] psn
|upkeep
|turn|15
|
|t:|1779704661
|switch|p2a: Luxray|Luxray, F|77/100 brn
|switch|p1a: Your Mom|Blissey, F|100/100
|
|-damage|p2a: Luxray|71/100 brn|[from] brn
|upkeep
|turn|16
|
|t:|1779704672
|switch|p1a: Dory|Dondozo, F, tera:Fighting|70/100
|move|p2a: Luxray|Facade|p1a: Dory
|-crit|p1a: Dory
|-damage|p1a: Dory|22/100
|
|-heal|p1a: Dory|28/100|[from] item: Leftovers
|-damage|p2a: Luxray|65/100 brn|[from] brn
|upkeep
|turn|17
|
|t:|1779704682
|move|p2a: Luxray|Facade|p1a: Dory
|-damage|p1a: Dory|0 fnt
|faint|p1a: Dory
|
|-damage|p2a: Luxray|59/100 brn|[from] brn
|upkeep
|
|t:|1779704690
|switch|p1a: Drum Drum|Rotom-Wash|100/100
|turn|18
|
|t:|1779704713
|switch|p2a: Meowstic|Meowstic, M|100/100
|move|p1a: Drum Drum|Volt Switch|p2a: Meowstic
|-damage|p2a: Meowstic|73/100
|
|t:|1779704719
|switch|p1a: Not a pikey|Weavile, F|100/100|[from] Volt Switch
|-ability|p1a: Not a pikey|Pressure
|
|upkeep
|turn|19
|
|t:|1779704724
|switch|p2a: Incineroar|Incineroar, F|100/100
|-ability|p2a: Incineroar|Intimidate|boost
|-unboost|p1a: Not a pikey|atk|1
|move|p1a: Not a pikey|Knock Off|p2a: Incineroar
|-resisted|p2a: Incineroar
|-damage|p2a: Incineroar|87/100
|-enditem|p2a: Incineroar|Heavy-Duty Boots|[from] move: Knock Off|[of] p1a: Not a pikey
|
|upkeep
|turn|20
|
|t:|1779704733
|switch|p1a: Drum Drum|Rotom-Wash|100/100
|move|p2a: Incineroar|Parting Shot|p1a: Drum Drum
|-unboost|p1a: Drum Drum|atk|1
|-unboost|p1a: Drum Drum|spa|1
|
|t:|1779704748
|switch|p2a: Luxray|Luxray, F|59/100 brn|[from] Parting Shot
|
|-damage|p2a: Luxray|53/100 brn|[from] brn
|upkeep
|turn|21
|
|t:|1779704755
|move|p1a: Drum Drum|Hydro Pump|p2a: Luxray
|-damage|p2a: Luxray|13/100 brn
|move|p2a: Luxray|Trailblaze|p1a: Drum Drum
|-supereffective|p1a: Drum Drum
|-damage|p1a: Drum Drum|51/100
|-boost|p2a: Luxray|spe|1
|
|-damage|p2a: Luxray|7/100 brn|[from] brn
|upkeep
|turn|22
|
|t:|1779704767
|switch|p2a: Alomomola|Alomomola, F|67/100
|move|p1a: Drum Drum|Hydro Pump|p2a: Alomomola
|-resisted|p2a: Alomomola
|-damage|p2a: Alomomola|58/100
|
|upkeep
|turn|23
|
|t:|1779704774
|switch|p1a: Not a pikey|Weavile, F|100/100
|-ability|p1a: Not a pikey|Pressure
|move|p2a: Alomomola|Wish|p2a: Alomomola
|
|upkeep
|turn|24
|
|t:|1779704789
|switch|p2a: Incineroar|Incineroar, F|87/100
|-ability|p2a: Incineroar|Intimidate|boost
|-unboost|p1a: Not a pikey|atk|1
|move|p1a: Not a pikey|Fake Out|p2a: Incineroar
|-damage|p2a: Incineroar|80/100
|
|-heal|p2a: Incineroar|100/100|[from] move: Wish|[wisher] Alomomola
|upkeep
|turn|25
|
|t:|1779704801
|switch|p1a: Drum Drum|Rotom-Wash|51/100
|move|p2a: Incineroar|Parting Shot|p1a: Drum Drum
|-unboost|p1a: Drum Drum|atk|1
|-unboost|p1a: Drum Drum|spa|1
|
|t:|1779704812
|switch|p2a: Meowscarada|Meowscarada, F|100/100|[from] Parting Shot
|
|upkeep
|turn|26
|
|t:|1779704818
|switch|p1a: Boeing|Talonflame, M|100/100
|move|p2a: Meowscarada|Sucker Punch||[still]
|-fail|p2a: Meowscarada
|
|upkeep
|turn|27
|
|t:|1779704824
|switch|p2a: Alomomola|Alomomola, F|92/100
|move|p1a: Boeing|Will-O-Wisp|p2a: Alomomola
|-status|p2a: Alomomola|brn
|
|-damage|p2a: Alomomola|85/100 brn|[from] brn
|upkeep
|turn|28
|
|t:|1779704833
|move|p1a: Boeing|Flamethrower|p2a: Alomomola
|-resisted|p2a: Alomomola
|-damage|p2a: Alomomola|77/100 brn
|move|p2a: Alomomola|Wish|p2a: Alomomola
|
|-damage|p2a: Alomomola|71/100 brn|[from] brn
|upkeep
|turn|29
|
|t:|1779704852
|switch|p1a: Not a pikey|Weavile, F|100/100
|-ability|p1a: Not a pikey|Pressure
|move|p2a: Alomomola|Flip Turn|p1a: Not a pikey
|-damage|p1a: Not a pikey|86/100
|
|t:|1779704858
|switch|p2a: Luxray|Luxray, F|7/100 brn|[from] Flip Turn
|
|-heal|p2a: Luxray|96/100 brn|[from] move: Wish|[wisher] Alomomola
|-damage|p2a: Luxray|90/100 brn|[from] brn
|upkeep
|turn|30
|
|t:|1779704867
|move|p1a: Not a pikey|Fake Out|p2a: Luxray
|-damage|p2a: Luxray|68/100 brn
|cant|p2a: Luxray|flinch
|
|-damage|p2a: Luxray|62/100 brn|[from] brn
|upkeep
|turn|31
|
|t:|1779704882
|switch|p2a: Alomomola|Alomomola, F|100/100 brn
|move|p1a: Not a pikey|Knock Off|p2a: Alomomola
|-damage|p2a: Alomomola|58/100 brn
|-enditem|p2a: Alomomola|Lagging Tail|[from] move: Knock Off|[of] p1a: Not a pikey
|
|-damage|p2a: Alomomola|52/100 brn|[from] brn
|upkeep
|turn|32
|
|t:|1779704891
|move|p1a: Not a pikey|Knock Off|p2a: Alomomola
|-damage|p2a: Alomomola|25/100 brn
|move|p2a: Alomomola|Wish|p2a: Alomomola
|
|-damage|p2a: Alomomola|19/100 brn|[from] brn
|upkeep
|turn|33
|
|t:|1779704898
|switch|p2a: Incineroar|Incineroar, F|100/100
|-ability|p2a: Incineroar|Intimidate|boost
|-unboost|p1a: Not a pikey|atk|1
|move|p1a: Not a pikey|Knock Off|p2a: Incineroar
|-resisted|p2a: Incineroar
|-damage|p2a: Incineroar|92/100
|
|-heal|p2a: Incineroar|100/100|[from] move: Wish|[wisher] Alomomola
|upkeep
|turn|34
|
|t:|1779704911
|switch|p1a: Drum Drum|Rotom-Wash|51/100
|move|p2a: Incineroar|Parting Shot|p1a: Drum Drum
|-unboost|p1a: Drum Drum|atk|1
|-unboost|p1a: Drum Drum|spa|1
|
|t:|1779704918
|switch|p2a: Meowscarada|Meowscarada, F|100/100|[from] Parting Shot
|
|upkeep
|turn|35
|
|t:|1779704923
|switch|p1a: Boeing|Talonflame, M|100/100
|move|p2a: Meowscarada|Sucker Punch||[still]
|-fail|p2a: Meowscarada
|
|upkeep
|turn|36
|
|t:|1779704933
|switch|p2a: Incineroar|Incineroar, F|100/100
|-ability|p2a: Incineroar|Intimidate|boost
|-unboost|p1a: Boeing|atk|1
|move|p1a: Boeing|Flamethrower|p2a: Incineroar
|-resisted|p2a: Incineroar
|-damage|p2a: Incineroar|90/100
|
|upkeep
|turn|37
|
|t:|1779704942
|move|p1a: Boeing|Flamethrower|p2a: Incineroar
|-resisted|p2a: Incineroar
|-damage|p2a: Incineroar|81/100
|move|p2a: Incineroar|Parting Shot|p1a: Boeing
|-unboost|p1a: Boeing|atk|1
|-unboost|p1a: Boeing|spa|1
|
|t:|1779704945
|switch|p2a: Alomomola|Alomomola, F|52/100 brn|[from] Parting Shot
|
|-damage|p2a: Alomomola|46/100 brn|[from] brn
|upkeep
|turn|38
|
|t:|1779704955
|switch|p1a: Drum Drum|Rotom-Wash|51/100
|move|p2a: Alomomola|Flip Turn|p1a: Drum Drum
|-resisted|p1a: Drum Drum
|-damage|p1a: Drum Drum|47/100
|
|t:|1779704962
|switch|p2a: Meowscarada|Meowscarada, F|100/100|[from] Flip Turn
|
|upkeep
|turn|39
|
|t:|1779704967
|switch|p1a: Boeing|Talonflame, M|100/100
|move|p2a: Meowscarada|Sucker Punch||[still]
|-fail|p2a: Meowscarada
|
|upkeep
|turn|40
|
|t:|1779704974
|switch|p2a: Incineroar|Incineroar, F|81/100
|-ability|p2a: Incineroar|Intimidate|boost
|-unboost|p1a: Boeing|atk|1
|move|p1a: Boeing|Flamethrower|p2a: Incineroar
|-resisted|p2a: Incineroar
|-damage|p2a: Incineroar|72/100
|
|upkeep
|turn|41
|
|t:|1779704984
|move|p1a: Boeing|Flamethrower|p2a: Incineroar
|-resisted|p2a: Incineroar
|-damage|p2a: Incineroar|61/100
|move|p2a: Incineroar|Parting Shot|p1a: Boeing
|-unboost|p1a: Boeing|atk|1
|-unboost|p1a: Boeing|spa|1
|
|t:|1779704987
|switch|p2a: Alomomola|Alomomola, F|80/100 brn|[from] Parting Shot
|
|-damage|p2a: Alomomola|73/100 brn|[from] brn
|upkeep
|turn|42
|
|t:|1779704996
|switch|p1a: I'll be back|Slowking-Galar, M, shiny|100/100
|move|p2a: Alomomola|Wish|p2a: Alomomola
|
|-damage|p2a: Alomomola|67/100 brn|[from] brn
|upkeep
|turn|43
|
|t:|1779705003
|move|p2a: Alomomola|Flip Turn|p1a: I'll be back
|-damage|p1a: I'll be back|92/100
|
|t:|1779705006
|switch|p2a: Luxray|Luxray, F|62/100 brn|[from] Flip Turn
|move|p1a: I'll be back|Sludge Wave|p2a: Luxray
|-damage|p2a: Luxray|0 fnt
|faint|p2a: Luxray
|
|upkeep
|c|☆LuisCADOP|gg
|
|t:|1779705015
|switch|p2a: Incineroar|Incineroar, F|61/100
|-ability|p2a: Incineroar|Intimidate|boost
|-unboost|p1a: I'll be back|atk|1
|turn|44
|
|t:|1779705030
|switch|p1a: Boeing|Talonflame, M|100/100
|move|p2a: Incineroar|Knock Off|p1a: Boeing
|-damage|p1a: Boeing|60/100
|-enditem|p1a: Boeing|Heavy-Duty Boots|[from] move: Knock Off|[of] p2a: Incineroar
|
|upkeep
|turn|45
|
|t:|1779705037
|move|p1a: Boeing|Roost|p1a: Boeing
|-heal|p1a: Boeing|100/100
|-singleturn|p1a: Boeing|move: Roost
|move|p2a: Incineroar|Parting Shot|p1a: Boeing
|-unboost|p1a: Boeing|atk|1
|-unboost|p1a: Boeing|spa|1
|
|t:|1779705043
|switch|p2a: Alomomola|Alomomola, F|100/100 brn|[from] Parting Shot
|
|-damage|p2a: Alomomola|94/100 brn|[from] brn
|upkeep
|turn|46
|
|t:|1779705052
|switch|p1a: Drum Drum|Rotom-Wash|47/100
|move|p2a: Alomomola|Wish|p2a: Alomomola
|
|-damage|p2a: Alomomola|88/100 brn|[from] brn
|upkeep
|turn|47
|
|t:|1779705062
|switch|p2a: Incineroar|Incineroar, F|61/100
|-ability|p2a: Incineroar|Intimidate|boost
|-unboost|p1a: Drum Drum|atk|1
|move|p1a: Drum Drum|Volt Switch|p2a: Incineroar
|-damage|p2a: Incineroar|40/100
|
|t:|1779705069
|switch|p1a: Not a pikey|Weavile, F|86/100|[from] Volt Switch
|-ability|p1a: Not a pikey|Pressure
|
|-heal|p2a: Incineroar|100/100|[from] move: Wish|[wisher] Alomomola
|upkeep
|turn|48
|
|t:|1779705078
|move|p1a: Not a pikey|Fake Out|p2a: Incineroar
|-damage|p2a: Incineroar|90/100
|cant|p2a: Incineroar|flinch
|
|upkeep
|turn|49
|
|t:|1779705087
|switch|p1a: Drum Drum|Rotom-Wash|47/100
|move|p2a: Incineroar|Will-O-Wisp|p1a: Drum Drum
|-status|p1a: Drum Drum|brn
|
|-damage|p1a: Drum Drum|41/100 brn|[from] brn
|upkeep
|turn|50
|
|t:|1779705095
|switch|p2a: Alomomola|Alomomola, F|100/100 brn
|move|p1a: Drum Drum|Pain Split|p2a: Alomomola
|-sethp|p2a: Alomomola|62/100 brn|[from] move: Pain Split|[silent]
|-sethp|p1a: Drum Drum|100/100 brn|[from] move: Pain Split
|
|-damage|p1a: Drum Drum|94/100 brn|[from] brn
|-damage|p2a: Alomomola|56/100 brn|[from] brn
|upkeep
|turn|51
|
|t:|1779705107
|switch|p1a: I'll be back|Slowking-Galar, M, shiny|100/100
|move|p2a: Alomomola|Wish|p2a: Alomomola
|
|-damage|p2a: Alomomola|50/100 brn|[from] brn
|upkeep
|turn|52
|
|t:|1779705121
|switch|p2a: Incineroar|Incineroar, F|90/100
|-ability|p2a: Incineroar|Intimidate|boost
|-unboost|p1a: I'll be back|atk|1
|move|p1a: I'll be back|Sludge Wave|p2a: Incineroar
|-damage|p2a: Incineroar|29/100
|
|-heal|p2a: Incineroar|97/100|[from] move: Wish|[wisher] Alomomola
|upkeep
|turn|53
|
|t:|1779705134
|switch|p1a: Boeing|Talonflame, M|100/100
|move|p2a: Incineroar|Knock Off|p1a: Boeing
|-damage|p1a: Boeing|74/100
|
|upkeep
|turn|54
|
|t:|1779705144
|move|p1a: Boeing|Defog|p2a: Incineroar
|-unboost|p2a: Incineroar|evasion|1
|move|p2a: Incineroar|Parting Shot|p1a: Boeing
|-unboost|p1a: Boeing|atk|1
|-unboost|p1a: Boeing|spa|1
|
|t:|1779705153
|switch|p2a: Alomomola|Alomomola, F|83/100 brn|[from] Parting Shot
|
|-damage|p2a: Alomomola|77/100 brn|[from] brn
|upkeep
|turn|55
|
|t:|1779705159
|switch|p1a: Drum Drum|Rotom-Wash|94/100 brn
|move|p2a: Alomomola|Flip Turn|p1a: Drum Drum
|-resisted|p1a: Drum Drum
|-damage|p1a: Drum Drum|90/100 brn
|
|t:|1779705167
|switch|p2a: Meowstic|Meowstic, M|73/100|[from] Flip Turn
|
|-damage|p1a: Drum Drum|84/100 brn|[from] brn
|upkeep
|turn|56
|
|t:|1779705174
|move|p2a: Meowstic|Light Screen|p2a: Meowstic
|-sidestart|p2: KING丶3266926956今余|move: Light Screen
|move|p1a: Drum Drum|Volt Switch|p2a: Meowstic
|-damage|p2a: Meowstic|61/100
|
|t:|1779705179
|switch|p1a: I'll be back|Slowking-Galar, M, shiny|100/100|[from] Volt Switch
|
|upkeep
|turn|57
|
|t:|1779705184
|switch|p2a: Alomomola|Alomomola, F|100/100 brn
|move|p1a: I'll be back|Future Sight|p2a: Alomomola
|-start|p1a: I'll be back|move: Future Sight
|
|-damage|p2a: Alomomola|94/100 brn|[from] brn
|upkeep
|turn|58
|
|t:|1779705191
|switch|p1a: Drum Drum|Rotom-Wash|84/100 brn
|move|p2a: Alomomola|Flip Turn|p1a: Drum Drum
|-resisted|p1a: Drum Drum
|-damage|p1a: Drum Drum|79/100 brn
|
|t:|1779705198
|switch|p2a: Incineroar|Incineroar, F|97/100|[from] Flip Turn
|-ability|p2a: Incineroar|Intimidate|boost
|-unboost|p1a: Drum Drum|atk|1
|
|-damage|p1a: Drum Drum|73/100 brn|[from] brn
|upkeep
|turn|59
|
|t:|1779705214
|switch|p1a: Boeing|Talonflame, M|74/100
|move|p2a: Incineroar|Parting Shot|p1a: Boeing
|-unboost|p1a: Boeing|atk|1
|-unboost|p1a: Boeing|spa|1
|
|t:|1779705218
|switch|p2a: Meowscarada|Meowscarada, F|100/100|[from] Parting Shot
|
|-end|p2a: Meowscarada|move: Future Sight
|-immune|p2a: Meowscarada
|upkeep
|turn|60
|
|t:|1779705226
|switch|p2a: Alomomola|Alomomola, F|100/100 brn
|move|p1a: Boeing|Flamethrower|p2a: Alomomola
|-resisted|p2a: Alomomola
|-damage|p2a: Alomomola|98/100 brn
|
|-damage|p2a: Alomomola|92/100 brn|[from] brn
|-sideend|p2: KING丶3266926956今余|move: Light Screen
|upkeep
|turn|61
|
|t:|1779705237
|switch|p1a: Drum Drum|Rotom-Wash|73/100 brn
|move|p2a: Alomomola|Wish|p2a: Alomomola
|
|-damage|p1a: Drum Drum|67/100 brn|[from] brn
|-damage|p2a: Alomomola|85/100 brn|[from] brn
|upkeep
|turn|62
|
|t:|1779705247
|move|p1a: Drum Drum|Volt Switch|p2a: Alomomola
|-supereffective|p2a: Alomomola
|-crit|p2a: Alomomola
|-damage|p2a: Alomomola|26/100 brn
|
|t:|1779705252
|switch|p1a: Not a pikey|Weavile, F|86/100|[from] Volt Switch
|-ability|p1a: Not a pikey|Pressure
|move|p2a: Alomomola|Mirror Coat|p1a: Not a pikey
|-immune|p1a: Not a pikey
|
|-heal|p2a: Alomomola|76/100 brn|[from] move: Wish|[wisher] Alomomola
|-damage|p2a: Alomomola|70/100 brn|[from] brn
|upkeep
|turn|63
|
|t:|1779705263
|switch|p2a: Incineroar|Incineroar, F|97/100
|-ability|p2a: Incineroar|Intimidate|boost
|-unboost|p1a: Not a pikey|atk|1
|move|p1a: Not a pikey|Fake Out|p2a: Incineroar
|-damage|p2a: Incineroar|90/100
|
|upkeep
|turn|64
|
|t:|1779705273
|switch|p1a: Drum Drum|Rotom-Wash|67/100 brn
|move|p2a: Incineroar|Parting Shot|p1a: Drum Drum
|-unboost|p1a: Drum Drum|atk|1
|-unboost|p1a: Drum Drum|spa|1
|
|t:|1779705277
|switch|p2a: Alomomola|Alomomola, F|100/100 brn|[from] Parting Shot
|
|-damage|p1a: Drum Drum|61/100 brn|[from] brn
|-damage|p2a: Alomomola|94/100 brn|[from] brn
|upkeep
|turn|65
|
|t:|1779705285
|move|p1a: Drum Drum|Pain Split|p2a: Alomomola
|-sethp|p2a: Alomomola|65/100 brn|[from] move: Pain Split|[silent]
|-sethp|p1a: Drum Drum|100/100 brn|[from] move: Pain Split
|move|p2a: Alomomola|Flip Turn|p1a: Drum Drum
|-resisted|p1a: Drum Drum
|-damage|p1a: Drum Drum|96/100 brn
|
|t:|1779705290
|switch|p2a: Meowscarada|Meowscarada, F|100/100|[from] Flip Turn
|
|-damage|p1a: Drum Drum|90/100 brn|[from] brn
|upkeep
|turn|66
|
|t:|1779705298
|switch|p1a: Boeing|Talonflame, M|74/100
|move|p2a: Meowscarada|Flower Trick|p1a: Boeing
|-start|p2a: Meowscarada|typechange|Grass|[from] ability: Protean
|-resisted|p1a: Boeing
|-crit|p1a: Boeing
|-damage|p1a: Boeing|53/100
|
|upkeep
|turn|67
|
|t:|1779705309
|switch|p2a: Alomomola|Alomomola, F|98/100 brn
|move|p1a: Boeing|Roost|p1a: Boeing
|-heal|p1a: Boeing|100/100
|-singleturn|p1a: Boeing|move: Roost
|
|-damage|p2a: Alomomola|92/100 brn|[from] brn
|upkeep
|turn|68
|
|t:|1779705321
|switch|p1a: I'll be back|Slowking-Galar, M, shiny|100/100
|move|p2a: Alomomola|Flip Turn|p1a: I'll be back
|-damage|p1a: I'll be back|92/100
|
|t:|1779705324
|switch|p2a: Incineroar|Incineroar, F|90/100|[from] Flip Turn
|-ability|p2a: Incineroar|Intimidate|boost
|-unboost|p1a: I'll be back|atk|1
|
|upkeep
|turn|69
|
|t:|1779705332
|switch|p1a: Boeing|Talonflame, M|100/100
|move|p2a: Incineroar|Knock Off|p1a: Boeing
|-damage|p1a: Boeing|73/100
|
|upkeep
|turn|70
|
|t:|1779705340
|move|p1a: Boeing|Defog|p2a: Incineroar
|-unboost|p2a: Incineroar|evasion|1
|move|p2a: Incineroar|Parting Shot|p1a: Boeing
|-unboost|p1a: Boeing|atk|1
|-unboost|p1a: Boeing|spa|1
|
|t:|1779705343
|switch|p2a: Alomomola|Alomomola, F|100/100 brn|[from] Parting Shot
|
|-damage|p2a: Alomomola|94/100 brn|[from] brn
|upkeep
|turn|71
|
|t:|1779705356
|switch|p1a: I'll be back|Slowking-Galar, M, shiny|100/100
|move|p2a: Alomomola|Flip Turn|p1a: I'll be back
|-damage|p1a: I'll be back|92/100
|
|t:|1779705359
|switch|p2a: Incineroar|Incineroar, F|90/100|[from] Flip Turn
|-ability|p2a: Incineroar|Intimidate|boost
|-unboost|p1a: I'll be back|atk|1
|
|upkeep
|turn|72
|
|t:|1779705371
|move|p2a: Incineroar|Knock Off|p1a: I'll be back
|-supereffective|p1a: I'll be back
|-damage|p1a: I'll be back|17/100
|-enditem|p1a: I'll be back|Choice Specs|[from] move: Knock Off|[of] p2a: Incineroar
|move|p1a: I'll be back|Toxic|p2a: Incineroar
|-status|p2a: Incineroar|tox
|
|-damage|p2a: Incineroar|84/100 tox|[from] psn
|upkeep
|turn|73
|
|t:|1779705383
|switch|p1a: Boeing|Talonflame, M|73/100
|move|p2a: Incineroar|Parting Shot|p1a: Boeing
|-unboost|p1a: Boeing|atk|1
|-unboost|p1a: Boeing|spa|1
|
|t:|1779705387
|switch|p2a: Meowstic|Meowstic, M|61/100|[from] Parting Shot
|
|upkeep
|turn|74
|
|t:|1779705393
|switch|p1a: Your Mom|Blissey, F|100/100
|move|p2a: Meowstic|Thunderbolt|p1a: Your Mom
|-damage|p1a: Your Mom|91/100
|
|-heal|p1a: Your Mom|97/100|[from] item: Leftovers
|upkeep
|turn|75
|
|t:|1779705402
|switch|p2a: Alomomola|Alomomola, F|100/100 brn
|move|p1a: Your Mom|Stealth Rock|p2a: Alomomola
|-sidestart|p2: KING丶3266926956今余|move: Stealth Rock
|
|-heal|p1a: Your Mom|100/100|[from] item: Leftovers
|-damage|p2a: Alomomola|94/100 brn|[from] brn
|upkeep
|turn|76
|
|t:|1779705411
|switch|p1a: Drum Drum|Rotom-Wash|90/100 brn
|move|p2a: Alomomola|Wish|p2a: Alomomola
|
|-damage|p1a: Drum Drum|84/100 brn|[from] brn
|-damage|p2a: Alomomola|88/100 brn|[from] brn
|upkeep
|turn|77
|
|t:|1779705418
|move|p1a: Drum Drum|Hydro Pump|p2a: Alomomola
|-resisted|p2a: Alomomola
|-damage|p2a: Alomomola|74/100 brn
|move|p2a: Alomomola|Flip Turn|p1a: Drum Drum
|-resisted|p1a: Drum Drum
|-damage|p1a: Drum Drum|79/100 brn
|
|t:|1779705425
|switch|p2a: Meowstic|Meowstic, M|61/100|[from] Flip Turn
|-damage|p2a: Meowstic|48/100|[from] Stealth Rock
|
|-heal|p2a: Meowstic|100/100|[from] move: Wish|[wisher] Alomomola
|-damage|p1a: Drum Drum|73/100 brn|[from] brn
|upkeep
|turn|78
|
|t:|1779705435
|switch|p1a: I'll be back|Slowking-Galar, M, shiny|50/100
|switch|p2a: Alomomola|Alomomola, F|100/100 brn
|-damage|p2a: Alomomola|88/100 brn|[from] Stealth Rock
|
|-damage|p2a: Alomomola|82/100 brn|[from] brn
|upkeep
|turn|79
|
|t:|1779705444
|move|p2a: Alomomola|Flip Turn|p1a: I'll be back
|-damage|p1a: I'll be back|42/100
|
|t:|1779705449
|switch|p2a: Incineroar|Incineroar, F|84/100 tox|[from] Flip Turn
|-damage|p2a: Incineroar|59/100 tox|[from] Stealth Rock
|-ability|p2a: Incineroar|Intimidate|boost
|-unboost|p1a: I'll be back|atk|1
|move|p1a: I'll be back|Future Sight|p2a: Incineroar
|-start|p1a: I'll be back|move: Future Sight
|
|-damage|p2a: Incineroar|53/100 tox|[from] psn
|upkeep
|turn|80
|
|t:|1779705460
|switch|p1a: Boeing|Talonflame, M|73/100
|move|p2a: Incineroar|Parting Shot|p1a: Boeing
|-unboost|p1a: Boeing|atk|1
|-unboost|p1a: Boeing|spa|1
|
|t:|1779705465
|switch|p2a: Alomomola|Alomomola, F|100/100 brn|[from] Parting Shot
|-damage|p2a: Alomomola|88/100 brn|[from] Stealth Rock
|
|-damage|p2a: Alomomola|82/100 brn|[from] brn
|upkeep
|turn|81
|
|t:|1779705473
|switch|p1a: Drum Drum|Rotom-Wash|73/100 brn
|move|p2a: Alomomola|Flip Turn|p1a: Drum Drum
|-resisted|p1a: Drum Drum
|-damage|p1a: Drum Drum|69/100 brn
|
|t:|1779705479
|switch|p2a: Meowscarada|Meowscarada, F|100/100|[from] Flip Turn
|-damage|p2a: Meowscarada|88/100|[from] Stealth Rock
|
|-end|p2a: Meowscarada|move: Future Sight
|-immune|p2a: Meowscarada
|-damage|p1a: Drum Drum|63/100 brn|[from] brn
|upkeep
|turn|82
|
|t:|1779705489
|switch|p1a: Boeing|Talonflame, M|73/100
|move|p2a: Meowscarada|Flower Trick|p1a: Boeing
|-start|p2a: Meowscarada|typechange|Grass|[from] ability: Protean
|-resisted|p1a: Boeing
|-crit|p1a: Boeing
|-damage|p1a: Boeing|53/100
|
|upkeep
|turn|83
|
|t:|1779705499
|switch|p2a: Alomomola|Alomomola, F|100/100 brn
|-damage|p2a: Alomomola|88/100 brn|[from] Stealth Rock
|move|p1a: Boeing|Roost|p1a: Boeing
|-heal|p1a: Boeing|100/100
|-singleturn|p1a: Boeing|move: Roost
|
|-damage|p2a: Alomomola|82/100 brn|[from] brn
|upkeep
|turn|84
|
|t:|1779705509
|switch|p1a: Not a pikey|Weavile, F|86/100
|-ability|p1a: Not a pikey|Pressure
|move|p2a: Alomomola|Wish|p2a: Alomomola
|
|-damage|p2a: Alomomola|76/100 brn|[from] brn
|upkeep
|turn|85
|inactive|KING丶3266926956今余 has 120 seconds left.
|
|t:|1779705539
|move|p1a: Not a pikey|Fake Out|p2a: Alomomola
|-damage|p2a: Alomomola|64/100 brn
|cant|p2a: Alomomola|flinch
|
|-heal|p2a: Alomomola|100/100 brn|[from] move: Wish|[wisher] Alomomola
|-damage|p2a: Alomomola|94/100 brn|[from] brn
|upkeep
|turn|86
|
|t:|1779705550
|switch|p1a: Drum Drum|Rotom-Wash|63/100 brn
|move|p2a: Alomomola|Wish|p2a: Alomomola
|
|-damage|p1a: Drum Drum|56/100 brn|[from] brn
|-damage|p2a: Alomomola|88/100 brn|[from] brn
|upkeep
|turn|87
|
|t:|1779705561
|move|p1a: Drum Drum|Pain Split|p2a: Alomomola
|-sethp|p2a: Alomomola|60/100 brn|[from] move: Pain Split|[silent]
|-sethp|p1a: Drum Drum|100/100 brn|[from] move: Pain Split
|move|p2a: Alomomola|Mirror Coat||[still]
|-fail|p2a: Alomomola
|
|-heal|p2a: Alomomola|100/100 brn|[from] move: Wish|[wisher] Alomomola
|-damage|p1a: Drum Drum|94/100 brn|[from] brn
|-damage|p2a: Alomomola|94/100 brn|[from] brn
|upkeep
|turn|88
|
|t:|1779705576
|switch|p1a: I'll be back|Slowking-Galar, M, shiny|75/100
|move|p2a: Alomomola|Wish|p2a: Alomomola
|
|-damage|p2a: Alomomola|88/100 brn|[from] brn
|upkeep
|turn|89
|
|t:|1779705583
|move|p2a: Alomomola|Flip Turn|p1a: I'll be back
|-damage|p1a: I'll be back|67/100
|
|t:|1779705587
|switch|p2a: Incineroar|Incineroar, F|53/100 tox|[from] Flip Turn
|-damage|p2a: Incineroar|28/100 tox|[from] Stealth Rock
|-ability|p2a: Incineroar|Intimidate|boost
|-unboost|p1a: I'll be back|atk|1
|move|p1a: I'll be back|Sludge Wave|p2a: Incineroar
|-damage|p2a: Incineroar|0 fnt
|faint|p2a: Incineroar
|
|upkeep
|
|t:|1779705603
|switch|p2a: Meowscarada|Meowscarada, F|88/100
|-damage|p2a: Meowscarada|76/100|[from] Stealth Rock
|turn|90
|
|t:|1779705608
|switch|p1a: Boeing|Talonflame, M|100/100
|move|p2a: Meowscarada|Triple Axel|p1a: Boeing
|-start|p2a: Meowscarada|typechange|Ice|[from] ability: Protean
|-damage|p1a: Boeing|85/100
|-damage|p1a: Boeing|54/100
|-status|p2a: Meowscarada|brn|[from] ability: Flame Body|[of] p1a: Boeing
|-damage|p1a: Boeing|29/100
|-hitcount|p1a: Boeing|3
|
|-damage|p2a: Meowscarada|70/100 brn|[from] brn
|upkeep
|turn|91
|c|☆LuisCADOP|bad move
|
|t:|1779705627
|move|p2a: Meowscarada|Triple Axel|p1a: Boeing
|-damage|p1a: Boeing|22/100
|-damage|p1a: Boeing|6/100
|-damage|p1a: Boeing|0 fnt
|faint|p1a: Boeing
|-hitcount|p1: Boeing|3
|
|-damage|p2a: Meowscarada|64/100 brn|[from] brn
|upkeep
|
|t:|1779705643
|switch|p1a: Not a pikey|Weavile, F|86/100
|-ability|p1a: Not a pikey|Pressure
|turn|92
|
|t:|1779705648
|switch|p2a: Alomomola|Alomomola, F|100/100 brn
|-damage|p2a: Alomomola|88/100 brn|[from] Stealth Rock
|move|p1a: Not a pikey|Fake Out|p2a: Alomomola
|-damage|p2a: Alomomola|77/100 brn
|
|-damage|p2a: Alomomola|71/100 brn|[from] brn
|upkeep
|turn|93
|
|t:|1779705658
|switch|p1a: Drum Drum|Rotom-Wash|94/100 brn
|move|p2a: Alomomola|Wish|p2a: Alomomola
|
|-damage|p1a: Drum Drum|88/100 brn|[from] brn
|-damage|p2a: Alomomola|64/100 brn|[from] brn
|upkeep
|turn|94
|
|t:|1779705665
|switch|p2a: Meowscarada|Meowscarada, F|64/100 brn
|-damage|p2a: Meowscarada|52/100 brn|[from] Stealth Rock
|move|p1a: Drum Drum|Volt Switch|p2a: Meowscarada
|-resisted|p2a: Meowscarada
|-damage|p2a: Meowscarada|33/100 brn
|
|t:|1779705673
|switch|p1a: Not a pikey|Weavile, F|86/100|[from] Volt Switch
|-ability|p1a: Not a pikey|Pressure
|
|-heal|p2a: Meowscarada|100/100 brn|[from] move: Wish|[wisher] Alomomola
|-damage|p2a: Meowscarada|94/100 brn|[from] brn
|upkeep
|turn|95
|
|t:|1779705687
|switch|p2a: Alomomola|Alomomola, F|98/100 brn
|-damage|p2a: Alomomola|85/100 brn|[from] Stealth Rock
|move|p1a: Not a pikey|Fake Out|p2a: Alomomola
|-damage|p2a: Alomomola|74/100 brn
|
|-damage|p2a: Alomomola|68/100 brn|[from] brn
|upkeep
|turn|96
|
|t:|1779705697
|switch|p1a: Drum Drum|Rotom-Wash|88/100 brn
|move|p2a: Alomomola|Flip Turn|p1a: Drum Drum
|-resisted|p1a: Drum Drum
|-damage|p1a: Drum Drum|83/100 brn
|
|t:|1779705700
|switch|p2a: Meowscarada|Meowscarada, F|94/100 brn|[from] Flip Turn
|-damage|p2a: Meowscarada|82/100 brn|[from] Stealth Rock
|
|-damage|p1a: Drum Drum|77/100 brn|[from] brn
|-damage|p2a: Meowscarada|76/100 brn|[from] brn
|upkeep
|turn|97
|
|t:|1779705711
|move|p1a: Drum Drum|Volt Switch|p2a: Meowscarada
|-resisted|p2a: Meowscarada
|-damage|p2a: Meowscarada|55/100 brn
|
|t:|1779705714
|switch|p1a: I'll be back|Slowking-Galar, M, shiny|99/100|[from] Volt Switch
|move|p2a: Meowscarada|Flower Trick|p1a: I'll be back
|-start|p2a: Meowscarada|typechange|Grass|[from] ability: Protean
|-resisted|p1a: I'll be back
|-crit|p1a: I'll be back
|-damage|p1a: I'll be back|80/100
|
|-damage|p2a: Meowscarada|48/100 brn|[from] brn
|upkeep
|turn|98
|
|t:|1779705727
|switch|p2a: Alomomola|Alomomola, F|100/100 brn
|-damage|p2a: Alomomola|88/100 brn|[from] Stealth Rock
|move|p1a: I'll be back|Sludge Wave|p2a: Alomomola
|-damage|p2a: Alomomola|55/100 brn
|
|-damage|p2a: Alomomola|49/100 brn|[from] brn
|upkeep
|turn|99
|
|t:|1779705736
|switch|p1a: Drum Drum|Rotom-Wash|77/100 brn
|move|p2a: Alomomola|Wish|p2a: Alomomola
|
|-damage|p1a: Drum Drum|71/100 brn|[from] brn
|-damage|p2a: Alomomola|42/100 brn|[from] brn
|upkeep
|turn|100
|
|t:|1779705747
|switch|p2a: Meowscarada|Meowscarada, F|48/100 brn
|-damage|p2a: Meowscarada|36/100 brn|[from] Stealth Rock
|move|p1a: Drum Drum|Volt Switch|p2a: Meowscarada
|-resisted|p2a: Meowscarada
|-damage|p2a: Meowscarada|15/100 brn
|
|t:|1779705755
|switch|p1a: Not a pikey|Weavile, F|86/100|[from] Volt Switch
|-ability|p1a: Not a pikey|Pressure
|
|-heal|p2a: Meowscarada|100/100 brn|[from] move: Wish|[wisher] Alomomola
|-damage|p2a: Meowscarada|94/100 brn|[from] brn
|upkeep
|turn|101
|
|t:|1779705764
|switch|p2a: Alomomola|Alomomola, F|76/100 brn
|-damage|p2a: Alomomola|63/100 brn|[from] Stealth Rock
|move|p1a: Not a pikey|Fake Out|p2a: Alomomola
|-damage|p2a: Alomomola|52/100 brn
|
|-damage|p2a: Alomomola|46/100 brn|[from] brn
|upkeep
|turn|102
|
|t:|1779705774
|switch|p1a: Drum Drum|Rotom-Wash|71/100 brn
|move|p2a: Alomomola|Flip Turn|p1a: Drum Drum
|-resisted|p1a: Drum Drum
|-damage|p1a: Drum Drum|67/100 brn
|
|t:|1779705778
|switch|p2a: Meowscarada|Meowscarada, F|94/100 brn|[from] Flip Turn
|-damage|p2a: Meowscarada|82/100 brn|[from] Stealth Rock
|
|-damage|p1a: Drum Drum|60/100 brn|[from] brn
|-damage|p2a: Meowscarada|76/100 brn|[from] brn
|upkeep
|turn|103
|
|t:|1779705786
|move|p1a: Drum Drum|Volt Switch|p2a: Meowscarada
|-resisted|p2a: Meowscarada
|-damage|p2a: Meowscarada|56/100 brn
|
|t:|1779705790
|switch|p1a: I'll be back|Slowking-Galar, M, shiny|100/100|[from] Volt Switch
|move|p2a: Meowscarada|Triple Axel|p1a: I'll be back
|-start|p2a: Meowscarada|typechange|Ice|[from] ability: Protean
|-crit|p1a: I'll be back
|-damage|p1a: I'll be back|90/100
|-hitcount|p1a: I'll be back|1
|
|-damage|p2a: Meowscarada|49/100 brn|[from] brn
|upkeep
|turn|104
|
|t:|1779705802
|move|p2a: Meowscarada|Triple Axel|p1a: I'll be back
|-damage|p1a: I'll be back|83/100
|-damage|p1a: I'll be back|68/100
|-damage|p1a: I'll be back|47/100
|-hitcount|p1a: I'll be back|3
|move|p1a: I'll be back|Future Sight|p2a: Meowscarada
|-start|p1a: I'll be back|move: Future Sight
|
|-damage|p2a: Meowscarada|43/100 brn|[from] brn
|upkeep
|turn|105
|
|t:|1779705812
|switch|p1a: Drum Drum|Rotom-Wash|60/100 brn
|move|p2a: Meowscarada|Triple Axel|p1a: Drum Drum
|-resisted|p1a: Drum Drum
|-damage|p1a: Drum Drum|57/100 brn
|-resisted|p1a: Drum Drum
|-damage|p1a: Drum Drum|50/100 brn
|-resisted|p1a: Drum Drum
|-damage|p1a: Drum Drum|39/100 brn
|-hitcount|p1a: Drum Drum|3
|
|-damage|p1a: Drum Drum|33/100 brn|[from] brn
|-damage|p2a: Meowscarada|37/100 brn|[from] brn
|upkeep
|turn|106
|
|t:|1779705825
|switch|p2a: Meowstic|Meowstic, M|100/100
|-damage|p2a: Meowstic|88/100|[from] Stealth Rock
|move|p1a: Drum Drum|Pain Split|p2a: Meowstic
|-sethp|p2a: Meowstic|58/100|[from] move: Pain Split|[silent]
|-sethp|p1a: Drum Drum|67/100 brn|[from] move: Pain Split
|
|-end|p2a: Meowstic|move: Future Sight
|-resisted|p2a: Meowstic
|-damage|p2a: Meowstic|24/100
|-damage|p1a: Drum Drum|61/100 brn|[from] brn
|upkeep
|turn|107
|
|t:|1779705844
|switch|p1a: I'll be back|Slowking-Galar, M, shiny|80/100
|switch|p2a: Alomomola|Alomomola, F|79/100 brn
|-damage|p2a: Alomomola|67/100 brn|[from] Stealth Rock
|
|-damage|p2a: Alomomola|60/100 brn|[from] brn
|upkeep
|turn|108
|-message|KING丶3266926956今余 forfeited.
|
|win|LuisCADOP
|raw|LuisCADOP's rating: 1298 &rarr; <strong>1323</strong><br />(+25 for winning)
|raw|KING丶3266926956今余's rating: 1303 &rarr; <strong>1283</strong><br />(-20 for losing)
|l|☆KING丶3266926956今余
|player|p2|
|c|☆LuisCADOP|not vad
|c|☆LuisCADOP|bad
|l|☆LuisCADOP
|player|p1|
