|j|☆Kwamz
|j|☆vvff2022
|t:|1779686719
|gametype|singles
|player|p1|Kwamz|2|1425
|player|p2|vvff2022|170|1319
|gen|9
|tier|[Gen 9] OU
|rated|
|rule|HP Percentage Mod: HP is shown in percentages
|rule|Endless Battle Clause: Forcing endless battles is banned
|rule|Species Clause: Limit one of each Pokémon
|rule|OHKO Clause: OHKO moves are banned
|rule|Evasion Items Clause: Evasion items are banned
|rule|Evasion Moves Clause: Evasion moves are banned
|rule|Evasion Abilities Clause: Evasion abilities are banned
|rule|Sleep Moves Clause: Sleep-inducing moves are banned
|clearpoke
|poke|p1|Walking Wake|
|poke|p1|Cinderace, M|
|poke|p1|Wo-Chien|
|poke|p1|Great Tusk|
|poke|p1|Torkoal, M|
|poke|p1|Clefable, F|
|poke|p2|Blaziken, M|
|poke|p2|Iron Hands|
|poke|p2|Hatterene, F|
|poke|p2|Gliscor, M|
|poke|p2|Ogerpon-Wellspring, F|
|poke|p2|Deoxys-Speed|
|teampreview
|
|t:|1779686723
|teamsize|p1|6
|teamsize|p2|6
|start
|switch|p1a: Cinderace|Cinderace, M|100/100
|switch|p2a: Deoxys|Deoxys-Speed|100/100
|-ability|p2a: Deoxys|Pressure
|-item|p1a: Cinderace|Air Balloon
|turn|1
|inactive|Battle timer is ON: inactive players will automatically lose when time's up. (requested by vvff2022)
|
|t:|1779686734
|move|p2a: Deoxys|Reflect|p2a: Deoxys
|-sidestart|p2: vvff2022|Reflect
|move|p1a: Cinderace|Flame Charge|p2a: Deoxys
|-damage|p2a: Deoxys|86/100
|-boost|p1a: Cinderace|spe|1
|
|upkeep
|turn|2
|
|t:|1779686742
|move|p1a: Cinderace|Swords Dance|p1a: Cinderace
|-boost|p1a: Cinderace|atk|2
|move|p2a: Deoxys|Psycho Boost|p1a: Cinderace
|-damage|p1a: Cinderace|38/100
|-unboost|p2a: Deoxys|spa|2
|-enditem|p1a: Cinderace|Air Balloon
|
|upkeep
|turn|3
|
|t:|1779686753
|move|p1a: Cinderace|Pyro Ball|p2a: Deoxys
|-damage|p2a: Deoxys|13/100
|-status|p2a: Deoxys|brn
|move|p2a: Deoxys|Psycho Boost|p1a: Cinderace|[miss]
|-miss|p2a: Deoxys|p1a: Cinderace
|
|-damage|p2a: Deoxys|7/100 brn|[from] brn
|upkeep
|turn|4
|
|t:|1779686779
|switch|p2a: Blaziken|Blaziken, M|100/100
|-item|p2a: Blaziken|Air Balloon
|move|p1a: Cinderace|Flame Charge|p2a: Blaziken
|-resisted|p2a: Blaziken
|-damage|p2a: Blaziken|82/100
|-boost|p1a: Cinderace|spe|1
|-enditem|p2a: Blaziken|Air Balloon
|
|upkeep
|turn|5
|
|t:|1779686789
|move|p2a: Blaziken|Protect|p2a: Blaziken
|-singleturn|p2a: Blaziken|Protect
|move|p1a: Cinderace|Pyro Ball|p2a: Blaziken
|-activate|p2a: Blaziken|move: Protect
|
|-ability|p2a: Blaziken|Speed Boost|boost
|-boost|p2a: Blaziken|spe|1
|upkeep
|turn|6
|
|t:|1779686803
|move|p1a: Cinderace|Pyro Ball|p2a: Blaziken
|-resisted|p2a: Blaziken
|-damage|p2a: Blaziken|39/100
|move|p2a: Blaziken|Close Combat|p1a: Cinderace
|-damage|p1a: Cinderace|0 fnt
|-unboost|p2a: Blaziken|def|1
|-unboost|p2a: Blaziken|spd|1
|faint|p1a: Cinderace
|
|-ability|p2a: Blaziken|Speed Boost|boost
|-boost|p2a: Blaziken|spe|1
|upkeep
|
|t:|1779686822
|switch|p1a: Great Tusk|Great Tusk|100/100
|turn|7
|
|t:|1779686831
|switch|p2a: Ogerpon|Ogerpon-Wellspring, F|100/100
|move|p1a: Great Tusk|Headlong Rush|p2a: Ogerpon
|-resisted|p2a: Ogerpon
|-damage|p2a: Ogerpon|83/100
|-unboost|p1a: Great Tusk|def|1
|-unboost|p1a: Great Tusk|spd|1
|
|upkeep
|turn|8
|
|t:|1779686841
|move|p2a: Ogerpon|Swords Dance|p2a: Ogerpon
|-boost|p2a: Ogerpon|atk|2
|move|p1a: Great Tusk|Stealth Rock|p2a: Ogerpon
|-sidestart|p2: vvff2022|move: Stealth Rock
|
|-sideend|p2: vvff2022|Reflect
|upkeep
|turn|9
|
|t:|1779686847
|move|p2a: Ogerpon|Ivy Cudgel|p1a: Great Tusk|[anim] Ivy Cudgel Water
|-supereffective|p1a: Great Tusk
|-damage|p1a: Great Tusk|0 fnt
|faint|p1a: Great Tusk
|-end|p1a: Great Tusk|Protosynthesis|[silent]
|
|upkeep
|
|t:|1779686854
|switch|p1a: Torkoal|Torkoal, M|100/100
|-weather|SunnyDay|[from] ability: Drought|[of] p1a: Torkoal
|turn|10
|
|t:|1779686858
|move|p2a: Ogerpon|Ivy Cudgel|p1a: Torkoal|[anim] Ivy Cudgel Water
|-supereffective|p1a: Torkoal
|-damage|p1a: Torkoal|5/100
|move|p1a: Torkoal|Will-O-Wisp|p2a: Ogerpon
|-status|p2a: Ogerpon|brn
|
|-weather|SunnyDay|[upkeep]
|-damage|p2a: Ogerpon|77/100 brn|[from] brn
|upkeep
|turn|11
|
|t:|1779686866
|switch|p1a: Clefable|Clefable, F|100/100
|move|p2a: Ogerpon|Trailblaze|p1a: Clefable
|-damage|p1a: Clefable|88/100
|-boost|p2a: Ogerpon|spe|1
|
|-weather|SunnyDay|[upkeep]
|-damage|p2a: Ogerpon|71/100 brn|[from] brn
|upkeep
|turn|12
|inactive|vvff2022 has 120 seconds left.
|
|t:|1779686897
|move|p2a: Ogerpon|Ivy Cudgel|p1a: Clefable|[anim] Ivy Cudgel Water
|-damage|p1a: Clefable|74/100
|move|p1a: Clefable|Moonblast|p2a: Ogerpon
|-damage|p2a: Ogerpon|34/100 brn
|
|-weather|SunnyDay|[upkeep]
|-damage|p2a: Ogerpon|28/100 brn|[from] brn
|upkeep
|turn|13
|inactive|vvff2022 has 120 seconds left.
|
|t:|1779686915
|move|p2a: Ogerpon|Ivy Cudgel|p1a: Clefable|[anim] Ivy Cudgel Water
|-damage|p1a: Clefable|62/100
|move|p1a: Clefable|Calm Mind|p1a: Clefable
|-boost|p1a: Clefable|spa|1
|-boost|p1a: Clefable|spd|1
|
|-weather|SunnyDay|[upkeep]
|-damage|p2a: Ogerpon|22/100 brn|[from] brn
|upkeep
|turn|14
|inactive|vvff2022 has 120 seconds left.
|
|t:|1779686927
|move|p2a: Ogerpon|Ivy Cudgel|p1a: Clefable|[anim] Ivy Cudgel Water
|-damage|p1a: Clefable|49/100
|move|p1a: Clefable|Moonblast|p2a: Ogerpon
|-damage|p2a: Ogerpon|0 fnt
|faint|p2a: Ogerpon
|
|-weather|SunnyDay|[upkeep]
|upkeep
|inactive|vvff2022 has 90 seconds left.
|
|t:|1779686961
|switch|p2a: Blaziken|Blaziken, M|39/100
|-damage|p2a: Blaziken|27/100|[from] Stealth Rock
|turn|15
|
|t:|1779686969
|move|p2a: Blaziken|Flare Blitz|p1a: Clefable
|-damage|p1a: Clefable|0 fnt
|faint|p1a: Clefable
|-damage|p2a: Blaziken|6/100|[from] Recoil
|
|-weather|SunnyDay|[upkeep]
|-ability|p2a: Blaziken|Speed Boost|boost
|-boost|p2a: Blaziken|spe|1
|upkeep
|
|t:|1779686976
|switch|p1a: Walking Wake|Walking Wake|100/100
|-activate|p1a: Walking Wake|ability: Protosynthesis
|-start|p1a: Walking Wake|protosynthesisspe
|turn|16
|
|t:|1779686986
|move|p2a: Blaziken|Protect|p2a: Blaziken
|-singleturn|p2a: Blaziken|Protect
|move|p1a: Walking Wake|Hydro Steam|p2a: Blaziken
|-activate|p2a: Blaziken|move: Protect
|
|-weather|SunnyDay|[upkeep]
|-ability|p2a: Blaziken|Speed Boost|boost
|-boost|p2a: Blaziken|spe|1
|upkeep
|turn|17
|
|t:|1779686994
|move|p2a: Blaziken|Flare Blitz|p1a: Walking Wake
|-resisted|p1a: Walking Wake
|-damage|p1a: Walking Wake|76/100
|-status|p1a: Walking Wake|brn
|-damage|p2a: Blaziken|0 fnt|[from] Recoil
|faint|p2a: Blaziken
|move|p1a: Walking Wake|Hydro Steam|p2: Blaziken|[notarget]
|-fail|p1a: Walking Wake
|
|-weather|none
|-end|p1a: Walking Wake|Protosynthesis
|-damage|p1a: Walking Wake|70/100 brn|[from] brn
|upkeep
|
|t:|1779687016
|switch|p2a: Deoxys|Deoxys-Speed|7/100 brn
|-damage|p2a: Deoxys|0 fnt|[from] Stealth Rock
|faint|p2a: Deoxys
|
|t:|1779687020
|switch|p2a: Hatterene|Hatterene, F|100/100
|-damage|p2a: Hatterene|88/100|[from] Stealth Rock
|turn|18
|
|t:|1779687025
|move|p1a: Walking Wake|Hydro Steam|p2a: Hatterene
|-damage|p2a: Hatterene|31/100
|move|p2a: Hatterene|Calm Mind|p2a: Hatterene
|-boost|p2a: Hatterene|spa|1
|-boost|p2a: Hatterene|spd|1
|
|-heal|p2a: Hatterene|37/100|[from] item: Leftovers
|-damage|p1a: Walking Wake|64/100 brn|[from] brn
|upkeep
|turn|19
|inactive|vvff2022 has 120 seconds left.
|
|t:|1779687035
|-end|p1a: Walking Wake|Protosynthesis|[silent]
|switch|p1a: Torkoal|Torkoal, M|5/100
|-weather|SunnyDay|[from] ability: Drought|[of] p1a: Torkoal
|-terastallize|p2a: Hatterene|Water
|move|p2a: Hatterene|Draining Kiss|p1a: Torkoal
|-resisted|p1a: Torkoal
|-damage|p1a: Torkoal|0 fnt
|-heal|p2a: Hatterene|42/100|[from] drain|[of] p1a: Torkoal
|faint|p1a: Torkoal
|
|-weather|SunnyDay|[upkeep]
|-heal|p2a: Hatterene|48/100|[from] item: Leftovers
|upkeep
|
|t:|1779687054
|switch|p1a: Walking Wake|Walking Wake|64/100 brn
|-activate|p1a: Walking Wake|ability: Protosynthesis
|-start|p1a: Walking Wake|protosynthesisspe
|turn|20
|
|t:|1779687060
|move|p1a: Walking Wake|Hydro Steam|p2a: Hatterene
|-resisted|p2a: Hatterene
|-damage|p2a: Hatterene|19/100
|move|p2a: Hatterene|Draining Kiss|p1a: Walking Wake
|-supereffective|p1a: Walking Wake
|-damage|p1a: Walking Wake|0 fnt
|-heal|p2a: Hatterene|70/100|[from] drain|[of] p1a: Walking Wake
|faint|p1a: Walking Wake
|-end|p1a: Walking Wake|Protosynthesis|[silent]
|
|-weather|SunnyDay|[upkeep]
|-heal|p2a: Hatterene|76/100|[from] item: Leftovers
|upkeep
|
|t:|1779687088
|switch|p1a: Wo-Chien|Wo-Chien|100/100
|-ability|p1a: Wo-Chien|Tablets of Ruin
|turn|21
|
|t:|1779687093
|move|p1a: Wo-Chien|Growth|p1a: Wo-Chien
|-boost|p1a: Wo-Chien|atk|2
|-boost|p1a: Wo-Chien|spa|2
|move|p2a: Hatterene|Draining Kiss|p1a: Wo-Chien
|-supereffective|p1a: Wo-Chien
|-damage|p1a: Wo-Chien|42/100
|-heal|p2a: Hatterene|100/100|[from] drain|[of] p1a: Wo-Chien
|
|-weather|SunnyDay|[upkeep]
|upkeep
|turn|22
|
|t:|1779687101
|move|p1a: Wo-Chien|Giga Drain|p2a: Hatterene
|-supereffective|p2a: Hatterene
|-damage|p2a: Hatterene|0 fnt
|-heal|p1a: Wo-Chien|93/100|[from] drain|[of] p2a: Hatterene
|faint|p2a: Hatterene
|-damage|p1a: Wo-Chien|83/100|[from] item: Life Orb
|
|-weather|SunnyDay|[upkeep]
|upkeep
|
|t:|1779687111
|switch|p2a: Iron Hands|Iron Hands|100/100
|-damage|p2a: Iron Hands|94/100|[from] Stealth Rock
|-enditem|p2a: Iron Hands|Booster Energy
|-activate|p2a: Iron Hands|ability: Quark Drive|[fromitem]
|-start|p2a: Iron Hands|quarkdriveatk
|turn|23
|
|t:|1779687121
|move|p1a: Wo-Chien|Giga Drain|p2a: Iron Hands
|-damage|p2a: Iron Hands|38/100
|-heal|p1a: Wo-Chien|100/100|[from] drain|[of] p2a: Iron Hands
|-damage|p1a: Wo-Chien|91/100|[from] item: Life Orb
|move|p2a: Iron Hands|Ice Punch|p1a: Wo-Chien
|-supereffective|p1a: Wo-Chien
|-damage|p1a: Wo-Chien|30/100
|
|-weather|SunnyDay|[upkeep]
|upkeep
|turn|24
|
|t:|1779687131
|move|p1a: Wo-Chien|Giga Drain|p2a: Iron Hands
|-damage|p2a: Iron Hands|0 fnt
|-heal|p1a: Wo-Chien|57/100|[from] drain|[of] p2a: Iron Hands
|faint|p2a: Iron Hands
|-end|p2a: Iron Hands|Quark Drive|[silent]
|-damage|p1a: Wo-Chien|47/100|[from] item: Life Orb
|
|-weather|SunnyDay|[upkeep]
|upkeep
|
|t:|1779687139
|switch|p2a: Gliscor|Gliscor, M|100/100
|-damage|p2a: Gliscor|88/100|[from] Stealth Rock
|turn|25
|
|t:|1779687149
|move|p1a: Wo-Chien|Giga Drain|p2a: Gliscor
|-damage|p2a: Gliscor|0 fnt
|-heal|p1a: Wo-Chien|94/100|[from] drain|[of] p2a: Gliscor
|faint|p2a: Gliscor
|-damage|p1a: Wo-Chien|84/100|[from] item: Life Orb
|
|win|Kwamz
|raw|Kwamz's rating: 1425 &rarr; <strong>1439</strong><br />(+14 for winning)
|raw|vvff2022's rating: 1319 &rarr; <strong>1305</strong><br />(-14 for losing)
|l|☆vvff2022
|player|p2|
|l|☆Kwamz
|player|p1|
