|j|☆Nuii09
|j|☆wipe your nose
|t:|1779722336
|gametype|singles
|player|p1|Nuii09|baker|1660
|player|p2|wipe your nose|picnicker|1715
|gen|9
|tier|[Gen 9] OU
|rated|
|rule|HP Percentage Mod: HP is shown in percentages
|rule|Endless Battle Clause: Forcing endless battles is banned
|rule|Species Clause: Limit one of each Pokémon
|rule|OHKO Clause: OHKO moves are banned
|rule|Evasion Items Clause: Evasion items are banned
|rule|Evasion Moves Clause: Evasion moves are banned
|rule|Evasion Abilities Clause: Evasion abilities are banned
|rule|Sleep Moves Clause: Sleep-inducing moves are banned
|clearpoke
|poke|p1|Gholdengo|
|poke|p1|Cinderace, F|
|poke|p1|Hydrapple, F|
|poke|p1|Dondozo, M|
|poke|p1|Weezing-Galar, M|
|poke|p1|Ting-Lu|
|poke|p2|Weezing-Galar, F|
|poke|p2|Blissey, F|
|poke|p2|Gliscor, M|
|poke|p2|Dondozo, F|
|poke|p2|Toxapex, M|
|poke|p2|Corviknight, F|
|teampreview
|j| hattybatty304
|inactive|Battle timer is ON: inactive players will automatically lose when time's up. (requested by wipe your nose)
|l| hattybatty304
|
|t:|1779722364
|teamsize|p1|6
|teamsize|p2|6
|start
|switch|p1a: Cinderace|Cinderace, F|100/100
|switch|p2a: Nargacuga|Gliscor, M|100/100
|turn|1
|
|t:|1779722372
|move|p2a: Nargacuga|Protect|p2a: Nargacuga
|-singleturn|p2a: Nargacuga|Protect
|move|p1a: Cinderace|Pyro Ball|p2a: Nargacuga
|-activate|p2a: Nargacuga|move: Protect
|
|-status|p2a: Nargacuga|tox|[from] item: Toxic Orb
|upkeep
|turn|2
|
|t:|1779722376
|move|p1a: Cinderace|U-turn|p2a: Nargacuga
|-start|p1a: Cinderace|typechange|Bug|[from] ability: Libero
|-resisted|p2a: Nargacuga
|-damage|p2a: Nargacuga|86/100 tox
|
|t:|1779722378
|switch|p1a: Hydrapple|Hydrapple, F|100/100|[from] U-turn
|move|p2a: Nargacuga|Knock Off|p1a: Hydrapple
|-damage|p1a: Hydrapple|88/100
|-damage|p2a: Nargacuga|70/100 tox|[from] item: Rocky Helmet|[of] p1a: Hydrapple
|-enditem|p1a: Hydrapple|Rocky Helmet|[from] move: Knock Off|[of] p2a: Nargacuga
|
|-heal|p2a: Nargacuga|82/100 tox|[from] ability: Poison Heal
|upkeep
|turn|3
|
|t:|1779722385
|move|p2a: Nargacuga|Toxic|p1a: Hydrapple
|-status|p1a: Hydrapple|tox
|move|p1a: Hydrapple|Giga Drain|p2a: Nargacuga
|-crit|p2a: Nargacuga
|-damage|p2a: Nargacuga|41/100 tox
|-heal|p1a: Hydrapple|100/100 tox|[from] drain|[of] p2a: Nargacuga
|
|-heal|p2a: Nargacuga|53/100 tox|[from] ability: Poison Heal
|-damage|p1a: Hydrapple|94/100 tox|[from] psn
|upkeep
|turn|4
|
|t:|1779722393
|switch|p2a: Nanika|Blissey, F|100/100
|move|p1a: Hydrapple|Nasty Plot|p1a: Hydrapple
|-boost|p1a: Hydrapple|spa|2
|
|-damage|p1a: Hydrapple|82/100 tox|[from] psn
|upkeep
|turn|5
|
|t:|1779722398
|move|p2a: Nanika|Seismic Toss|p1a: Hydrapple
|-damage|p1a: Hydrapple|58/100 tox
|move|p1a: Hydrapple|Dragon Tail|p2a: Nanika
|-damage|p2a: Nanika|81/100
|drag|p2a: Viper|Weezing-Galar, F|100/100
|-ability|p2a: Viper|Neutralizing Gas
|
|-damage|p1a: Hydrapple|40/100 tox|[from] psn
|upkeep
|turn|6
|
|t:|1779722414
|switch|p1a: Gholdengo|Gholdengo|100/100
|move|p2a: Viper|Strange Steam|p1a: Gholdengo
|-resisted|p1a: Gholdengo
|-damage|p1a: Gholdengo|85/100
|
|upkeep
|turn|7
|
|t:|1779722418
|-end|p2a: Viper|ability: Neutralizing Gas
|switch|p2a: Water Prison|Toxapex, M|100/100
|move|p1a: Gholdengo|Nasty Plot|p1a: Gholdengo
|-boost|p1a: Gholdengo|spa|2
|
|upkeep
|turn|8
|
|t:|1779722426
|move|p1a: Gholdengo|Thunderbolt|p2a: Water Prison
|-supereffective|p2a: Water Prison
|-damage|p2a: Water Prison|28/100
|move|p2a: Water Prison|Surf|p1a: Gholdengo
|-damage|p1a: Gholdengo|54/100
|
|upkeep
|turn|9
|
|t:|1779722435
|switch|p2a: Nanika|Blissey, F|81/100
|move|p1a: Gholdengo|Make It Rain|p2a: Nanika
|-damage|p2a: Nanika|26/100
|-unboost|p1a: Gholdengo|spa|1
|
|-heal|p2a: Nanika|32/100|[from] item: Leftovers
|upkeep
|turn|10
|
|t:|1779722455
|move|p1a: Gholdengo|Recover|p1a: Gholdengo
|-heal|p1a: Gholdengo|100/100
|move|p2a: Nanika|Soft-Boiled|p2a: Nanika
|-heal|p2a: Nanika|82/100
|
|-heal|p2a: Nanika|88/100|[from] item: Leftovers
|upkeep
|turn|11
|
|t:|1779722470
|move|p1a: Gholdengo|Nasty Plot|p1a: Gholdengo
|-boost|p1a: Gholdengo|spa|2
|move|p2a: Nanika|Calm Mind|p2a: Nanika
|-boost|p2a: Nanika|spa|1
|-boost|p2a: Nanika|spd|1
|
|-heal|p2a: Nanika|94/100|[from] item: Leftovers
|upkeep
|turn|12
|j| hattybatty304
|
|t:|1779722479
|switch|p1a: Cinderace|Cinderace, F|100/100
|move|p2a: Nanika|Calm Mind|p2a: Nanika
|-boost|p2a: Nanika|spa|1
|-boost|p2a: Nanika|spd|1
|
|-heal|p2a: Nanika|99/100|[from] item: Leftovers
|upkeep
|turn|13
|l| hattybatty304
|
|t:|1779722483
|switch|p2a: Water Prison|Toxapex, M|61/100
|move|p1a: Cinderace|U-turn|p2a: Water Prison
|-start|p1a: Cinderace|typechange|Bug|[from] ability: Libero
|-resisted|p2a: Water Prison
|-damage|p2a: Water Prison|49/100
|
|t:|1779722490
|switch|p1a: Gholdengo|Gholdengo|100/100|[from] U-turn
|
|upkeep
|turn|14
|
|t:|1779722494
|switch|p2a: Nanika|Blissey, F|99/100
|move|p1a: Gholdengo|Nasty Plot|p1a: Gholdengo
|-boost|p1a: Gholdengo|spa|2
|
|-heal|p2a: Nanika|100/100|[from] item: Leftovers
|upkeep
|turn|15
|
|t:|1779722499
|move|p1a: Gholdengo|Nasty Plot|p1a: Gholdengo
|-boost|p1a: Gholdengo|spa|2
|move|p2a: Nanika|Calm Mind|p2a: Nanika
|-boost|p2a: Nanika|spa|1
|-boost|p2a: Nanika|spd|1
|
|upkeep
|turn|16
|
|t:|1779722501
|-terastallize|p1a: Gholdengo|Steel
|move|p1a: Gholdengo|Make It Rain|p2a: Nanika
|-damage|p2a: Nanika|30/100
|-unboost|p1a: Gholdengo|spa|1
|move|p2a: Nanika|Calm Mind|p2a: Nanika
|-boost|p2a: Nanika|spa|1
|-boost|p2a: Nanika|spd|1
|
|-heal|p2a: Nanika|36/100|[from] item: Leftovers
|upkeep
|turn|17
|j| KIRAXX200
|
|t:|1779722511
|move|p1a: Gholdengo|Make It Rain|p2a: Nanika
|-damage|p2a: Nanika|0 fnt
|-unboost|p1a: Gholdengo|spa|1
|faint|p2a: Nanika
|
|upkeep
|
|t:|1779722525
|switch|p2a: Gobul|Dondozo, F|100/100
|turn|18
|
|t:|1779722528
|-terastallize|p2a: Gobul|Dragon
|move|p1a: Gholdengo|Thunderbolt|p2a: Gobul
|-resisted|p2a: Gobul
|-damage|p2a: Gobul|85/100
|-status|p2a: Gobul|par
|move|p2a: Gobul|Body Press|p1a: Gholdengo
|-supereffective|p1a: Gholdengo
|-damage|p1a: Gholdengo|45/100
|
|-heal|p2a: Gobul|91/100 par|[from] item: Leftovers
|upkeep
|turn|19
|
|t:|1779722538
|switch|p2a: Kushala Daora|Corviknight, F, shiny|100/100
|-ability|p2a: Kushala Daora|Pressure
|move|p1a: Gholdengo|Recover|p1a: Gholdengo
|-heal|p1a: Gholdengo|95/100
|
|upkeep
|turn|20
|
|t:|1779722550
|switch|p2a: Gobul|Dondozo, F, tera:Dragon|91/100 par
|move|p1a: Gholdengo|Thunderbolt|p2a: Gobul
|-resisted|p2a: Gobul
|-damage|p2a: Gobul|75/100 par
|
|-heal|p2a: Gobul|82/100 par|[from] item: Leftovers
|upkeep
|turn|21
|j| hattybatty304
|
|t:|1779722558
|switch|p2a: Kushala Daora|Corviknight, F, shiny|100/100
|-ability|p2a: Kushala Daora|Pressure
|move|p1a: Gholdengo|Make It Rain|p2a: Kushala Daora
|-resisted|p2a: Kushala Daora
|-damage|p2a: Kushala Daora|0 fnt
|-unboost|p1a: Gholdengo|spa|1
|faint|p2a: Kushala Daora
|
|upkeep
|l| hattybatty304
|-message|wipe your nose forfeited.
|
|win|Nuii09
|raw|Nuii09's rating: 1660 &rarr; <strong>1683</strong><br />(+23 for winning)
|raw|wipe your nose's rating: 1715 &rarr; <strong>1692</strong><br />(-23 for losing)
|l|☆wipe your nose
|player|p2|
|l|☆Nuii09
|player|p1|
|l| KIRAXX200
