|j|☆kingmorons
|j|☆Cakdink
|t:|1779596029
|gametype|singles
|player|p1|kingmorons|101|1073
|player|p2|Cakdink|acetrainer-gen4|1055
|gen|9
|tier|[Gen 9] OU
|rated|
|rule|HP Percentage Mod: HP is shown in percentages
|rule|Endless Battle Clause: Forcing endless battles is banned
|rule|Species Clause: Limit one of each Pokémon
|rule|OHKO Clause: OHKO moves are banned
|rule|Evasion Items Clause: Evasion items are banned
|rule|Evasion Moves Clause: Evasion moves are banned
|rule|Evasion Abilities Clause: Evasion abilities are banned
|rule|Sleep Moves Clause: Sleep-inducing moves are banned
|clearpoke
|poke|p1|Cloyster, M|
|poke|p1|Ditto|
|poke|p1|Ceruledge, M|
|poke|p1|Ursaluna, F|
|poke|p1|Meowth, L20, M|
|poke|p1|Vikavolt, M|
|poke|p2|Incineroar, M|
|poke|p2|Rillaboom, F|
|poke|p2|Ogerpon-Wellspring, F|
|poke|p2|Slowking-Galar, M|
|poke|p2|Corviknight, M|
|poke|p2|Kommo-o, M|
|teampreview
|inactive|Battle timer is ON: inactive players will automatically lose when time's up. (requested by Cakdink)
|
|t:|1779596050
|teamsize|p1|6
|teamsize|p2|6
|start
|switch|p1a: Meowth|Meowth, L20, M|100/100
|switch|p2a: Incineroar|Incineroar, M|100/100
|-ability|p2a: Incineroar|Intimidate|boost
|-unboost|p1a: Meowth|atk|1
|turn|1
|
|t:|1779596058
|switch|p1a: Ceruledge|Ceruledge, M|100/100
|move|p2a: Incineroar|Fake Out|p1a: Ceruledge
|-immune|p1a: Ceruledge
|
|upkeep
|turn|2
|
|t:|1779596067
|move|p1a: Ceruledge|Swords Dance|p1a: Ceruledge
|-boost|p1a: Ceruledge|atk|2
|move|p2a: Incineroar|Knock Off|p1a: Ceruledge
|-supereffective|p1a: Ceruledge
|-damage|p1a: Ceruledge|0 fnt
|-enditem|p1a: Ceruledge|Weakness Policy|[from] move: Knock Off|[of] p2a: Incineroar
|faint|p1a: Ceruledge
|
|upkeep
|
|t:|1779596074
|switch|p1a: Meowth|Meowth, L20, M|100/100
|turn|3
|
|t:|1779596077
|move|p2a: Incineroar|Parting Shot|p1a: Meowth
|-unboost|p1a: Meowth|atk|1
|-unboost|p1a: Meowth|spa|1
|
|t:|1779596088
|switch|p2a: Rillaboom|Rillaboom, F|100/100|[from] Parting Shot
|-fieldstart|move: Grassy Terrain|[from] ability: Grassy Surge|[of] p2a: Rillaboom
|move|p1a: Meowth|Endeavor|p2a: Rillaboom
|-damage|p2a: Rillaboom|16/100
|
|-heal|p2a: Rillaboom|22/100|[from] Grassy Terrain
|upkeep
|turn|4
|
|t:|1779596100
|switch|p1a: Vikavolt|Vikavolt, M|100/100
|move|p2a: Rillaboom|Low Kick|p1a: Vikavolt
|-resisted|p1a: Vikavolt
|-damage|p1a: Vikavolt|88/100
|
|-heal|p2a: Rillaboom|28/100|[from] Grassy Terrain
|upkeep
|turn|5
|
|t:|1779596107
|switch|p2a: Corviknight|Corviknight, M|100/100
|-ability|p2a: Corviknight|Pressure
|move|p1a: Vikavolt|Sticky Web|p2a: Corviknight
|-sidestart|p2: Cakdink|move: Sticky Web
|
|upkeep
|turn|6
|
|t:|1779596113
|move|p2a: Corviknight|Defog|p1a: Vikavolt
|-unboost|p1a: Vikavolt|evasion|1
|-sideend|p2: Cakdink|Sticky Web|[from] move: Defog|[of] p2a: Corviknight
|-fieldend|move: Grassy Terrain
|move|p1a: Vikavolt|Discharge|p2a: Corviknight
|-supereffective|p2a: Corviknight
|-damage|p2a: Corviknight|0 fnt
|faint|p2a: Corviknight
|
|upkeep
|
|t:|1779596118
|switch|p2a: Kommo-o|Kommo-o, M|100/100
|turn|7
|
|t:|1779596128
|move|p2a: Kommo-o|Clangorous Soul|p2a: Kommo-o
|-boost|p2a: Kommo-o|atk|1
|-boost|p2a: Kommo-o|def|1
|-boost|p2a: Kommo-o|spa|1
|-boost|p2a: Kommo-o|spd|1
|-boost|p2a: Kommo-o|spe|1
|-damage|p2a: Kommo-o|68/100
|-enditem|p2a: Kommo-o|Throat Spray
|-boost|p2a: Kommo-o|spa|1|[from] item: Throat Spray
|move|p1a: Vikavolt|Air Slash|p2a: Kommo-o
|-supereffective|p2a: Kommo-o
|-damage|p2a: Kommo-o|20/100
|
|upkeep
|turn|8
|
|t:|1779596144
|move|p2a: Kommo-o|Flamethrower|p1a: Vikavolt
|-supereffective|p1a: Vikavolt
|-damage|p1a: Vikavolt|0 fnt
|faint|p1a: Vikavolt
|
|upkeep
|
|t:|1779596148
|switch|p1a: Meowth|Meowth, L20, M|100/100
|turn|9
|
|t:|1779596152
|-terastallize|p2a: Kommo-o|Normal
|move|p1a: Meowth|Fake Out|p2a: Kommo-o
|-damage|p2a: Kommo-o|19/100
|cant|p2a: Kommo-o|flinch
|
|upkeep
|turn|10
|
|t:|1779596160
|move|p2a: Kommo-o|Boomburst|p1a: Meowth
|-enditem|p1a: Meowth|Focus Sash
|-damage|p1a: Meowth|2/100
|move|p1a: Meowth|Endeavor|p2a: Kommo-o
|-damage|p2a: Kommo-o|1/100
|
|upkeep
|turn|11
|
|t:|1779596166
|move|p1a: Meowth|Feint|p2a: Kommo-o
|-crit|p2a: Kommo-o
|-damage|p2a: Kommo-o|0 fnt
|faint|p2a: Kommo-o
|
|upkeep
|
|t:|1779596171
|switch|p2a: Rillaboom|Rillaboom, F|28/100
|-fieldstart|move: Grassy Terrain|[from] ability: Grassy Surge|[of] p2a: Rillaboom
|turn|12
|
|t:|1779596177
|move|p2a: Rillaboom|Grassy Glide|p1a: Meowth
|-damage|p1a: Meowth|0 fnt
|faint|p1a: Meowth
|
|-heal|p2a: Rillaboom|34/100|[from] Grassy Terrain
|upkeep
|
|t:|1779596181
|switch|p1a: Ditto|Ditto|100/100
|-transform|p1a: Ditto|p2a: Rillaboom|[from] ability: Imposter
|turn|13
|
|t:|1779596187
|switch|p2a: Slowking|Slowking-Galar, M|100/100
|move|p1a: Ditto|U-turn|p2a: Slowking
|-damage|p2a: Slowking|76/100
|
|t:|1779596191
|switch|p1a: Ursaluna|Ursaluna, F|100/100|[from] U-turn
|
|-heal|p2a: Slowking|82/100|[from] Grassy Terrain
|-status|p1a: Ursaluna|brn|[from] item: Flame Orb
|upkeep
|turn|14
|
|t:|1779596201
|move|p1a: Ursaluna|Facade|p2a: Slowking
|-damage|p2a: Slowking|0 fnt
|faint|p2a: Slowking
|
|-damage|p1a: Ursaluna|94/100 brn|[from] brn
|upkeep
|
|t:|1779596205
|switch|p2a: Ogerpon|Ogerpon-Wellspring, F|100/100
|turn|15
|
|t:|1779596213
|switch|p1a: Ditto|Ditto|100/100
|-transform|p1a: Ditto|p2a: Ogerpon|[from] ability: Imposter
|move|p2a: Ogerpon|Ivy Cudgel|p1a: Ditto|[anim] Ivy Cudgel Water
|-immune|p1a: Ditto|[from] ability: Water Absorb
|
|upkeep
|turn|16
|
|t:|1779596226
|move|p2a: Ogerpon|U-turn|p1a: Ditto
|-supereffective|p1a: Ditto
|-damage|p1a: Ditto|21/100
|
|t:|1779596230
|switch|p2a: Rillaboom|Rillaboom, F|34/100|[from] U-turn
|move|p1a: Ditto|Swords Dance|p1a: Ditto
|-boost|p1a: Ditto|atk|2
|
|-heal|p1a: Ditto|27/100|[from] Grassy Terrain
|-heal|p2a: Rillaboom|40/100|[from] Grassy Terrain
|upkeep
|turn|17
|
|t:|1779596236
|move|p2a: Rillaboom|Grassy Glide|p1a: Ditto
|-damage|p1a: Ditto|0 fnt
|faint|p1a: Ditto
|
|-heal|p2a: Rillaboom|47/100|[from] Grassy Terrain
|upkeep
|
|t:|1779596240
|switch|p1a: Cloyster|Cloyster, M|100/100
|turn|18
|
|t:|1779596247
|move|p2a: Rillaboom|Wood Hammer|p1a: Cloyster
|-supereffective|p1a: Cloyster
|-enditem|p1a: Cloyster|Focus Sash
|-damage|p1a: Cloyster|1/100
|-damage|p2a: Rillaboom|23/100|[from] Recoil
|move|p1a: Cloyster|Poison Jab|p2a: Rillaboom
|-supereffective|p2a: Rillaboom
|-damage|p2a: Rillaboom|0 fnt
|faint|p2a: Rillaboom
|
|-heal|p1a: Cloyster|7/100|[from] Grassy Terrain
|upkeep
|
|t:|1779596252
|switch|p2a: Incineroar|Incineroar, M|100/100
|-ability|p2a: Incineroar|Intimidate|boost
|-unboost|p1a: Cloyster|atk|1
|turn|19
|
|t:|1779596257
|move|p2a: Incineroar|Fake Out|p1a: Cloyster
|-damage|p1a: Cloyster|0 fnt
|faint|p1a: Cloyster
|
|-fieldend|move: Grassy Terrain
|upkeep
|
|t:|1779596260
|switch|p1a: Ursaluna|Ursaluna, F|94/100 brn
|turn|20
|
|t:|1779596266
|move|p1a: Ursaluna|Drain Punch|p2a: Incineroar
|-supereffective|p2a: Incineroar
|-damage|p2a: Incineroar|7/100
|-heal|p1a: Ursaluna|100/100 brn|[from] drain|[of] p2a: Incineroar
|-enditem|p2a: Incineroar|Sitrus Berry|[eat]
|-heal|p2a: Incineroar|32/100|[from] item: Sitrus Berry
|move|p2a: Incineroar|Parting Shot|p1a: Ursaluna
|-unboost|p1a: Ursaluna|atk|1
|-unboost|p1a: Ursaluna|spa|1
|
|t:|1779596275
|switch|p2a: Ogerpon|Ogerpon-Wellspring, F|100/100|[from] Parting Shot
|
|-damage|p1a: Ursaluna|94/100 brn|[from] brn
|upkeep
|turn|21
|
|t:|1779596279
|move|p2a: Ogerpon|U-turn|p1a: Ursaluna
|-damage|p1a: Ursaluna|70/100 brn
|
|t:|1779596281
|switch|p2a: Incineroar|Incineroar, M|32/100|[from] U-turn
|-ability|p2a: Incineroar|Intimidate|boost
|-unboost|p1a: Ursaluna|atk|1
|move|p1a: Ursaluna|Facade|p2a: Incineroar
|-damage|p2a: Incineroar|0 fnt
|faint|p2a: Incineroar
|
|-damage|p1a: Ursaluna|64/100 brn|[from] brn
|upkeep
|
|t:|1779596283
|switch|p2a: Ogerpon|Ogerpon-Wellspring, F|100/100
|turn|22
|
|t:|1779596288
|move|p2a: Ogerpon|Ivy Cudgel|p1a: Ursaluna|[anim] Ivy Cudgel Water
|-supereffective|p1a: Ursaluna
|-damage|p1a: Ursaluna|0 fnt
|faint|p1a: Ursaluna
|
|win|Cakdink
|raw|kingmorons's rating: 1073 &rarr; <strong>1051</strong><br />(-22 for losing)
|raw|Cakdink's rating: 1055 &rarr; <strong>1088</strong><br />(+33 for winning)
