|j|☆bundyx
|j|☆loongN
|t:|1779703708
|gametype|singles
|player|p1|bundyx|worker|1117
|player|p2|loongN|elesa|1072
|gen|9
|tier|[Gen 9] OU
|rated|
|rule|HP Percentage Mod: HP is shown in percentages
|rule|Endless Battle Clause: Forcing endless battles is banned
|rule|Species Clause: Limit one of each Pokémon
|rule|OHKO Clause: OHKO moves are banned
|rule|Evasion Items Clause: Evasion items are banned
|rule|Evasion Moves Clause: Evasion moves are banned
|rule|Evasion Abilities Clause: Evasion abilities are banned
|rule|Sleep Moves Clause: Sleep-inducing moves are banned
|clearpoke
|poke|p1|Pelipper, M|
|poke|p1|Gliscor, F|
|poke|p1|Slowbro-Galar, F|
|poke|p1|Kingambit, F|
|poke|p1|Quaquaval, F|
|poke|p1|Regieleki|
|poke|p2|Alomomola, F|
|poke|p2|Heatran, F|
|poke|p2|Gholdengo|
|poke|p2|Landorus-Therian, M|
|poke|p2|Lilligant, F|
|poke|p2|Hatterene, F|
|teampreview
|
|t:|1779703726
|teamsize|p1|6
|teamsize|p2|6
|start
|switch|p1a: Gliscor|Gliscor, F|100/100
|switch|p2a: Heatran|Heatran, F|100/100
|-item|p2a: Heatran|Air Balloon
|turn|1
|
|t:|1779703740
|move|p1a: Gliscor|Protect|p1a: Gliscor
|-singleturn|p1a: Gliscor|Protect
|move|p2a: Heatran|Magma Storm|p1a: Gliscor
|-activate|p1a: Gliscor|move: Protect
|
|-status|p1a: Gliscor|tox|[from] item: Toxic Orb
|upkeep
|turn|2
|
|t:|1779703757
|switch|p1a: Pelipper|Pelipper, M, shiny|100/100
|-weather|RainDance|[from] ability: Drizzle|[of] p1a: Pelipper
|move|p2a: Heatran|Magma Storm|p1a: Pelipper|[miss]
|-miss|p2a: Heatran|p1a: Pelipper
|
|-weather|RainDance|[upkeep]
|upkeep
|turn|3
|
|t:|1779703772
|switch|p2a: Alomomola|Alomomola, F|100/100
|move|p1a: Pelipper|Hurricane|p2a: Alomomola
|-damage|p2a: Alomomola|64/100
|-start|p2a: Alomomola|confusion
|
|-weather|RainDance|[upkeep]
|upkeep
|turn|4
|
|t:|1779703789
|-activate|p2a: Alomomola|confusion
|move|p2a: Alomomola|Flip Turn|p1a: Pelipper
|-resisted|p1a: Pelipper
|-crit|p1a: Pelipper
|-damage|p1a: Pelipper|85/100
|
|t:|1779703797
|switch|p2a: Hatterene|Hatterene, F|100/100|[from] Flip Turn
|move|p1a: Pelipper|Hurricane|p2a: Hatterene
|-damage|p2a: Hatterene|76/100
|
|-weather|RainDance|[upkeep]
|upkeep
|turn|5
|
|t:|1779703812
|switch|p1a: Slowbro|Slowbro-Galar, F|100/100
|move|p2a: Hatterene|Nuzzle|p1a: Slowbro
|-damage|p1a: Slowbro|97/100
|-status|p1a: Slowbro|par
|
|-weather|RainDance|[upkeep]
|-heal|p1a: Slowbro|100/100 par|[from] item: Leftovers
|upkeep
|turn|6
|
|t:|1779703829
|switch|p2a: Gholdengo|Gholdengo|100/100
|switch|p1a: Gliscor|Gliscor, F|100/100 tox
|
|-weather|RainDance|[upkeep]
|upkeep
|turn|7
|
|t:|1779703842
|move|p1a: Gliscor|Protect|p1a: Gliscor
|-singleturn|p1a: Gliscor|Protect
|move|p2a: Gholdengo|Dazzling Gleam|p1a: Gliscor
|-activate|p1a: Gliscor|move: Protect
|
|-weather|RainDance|[upkeep]
|upkeep
|turn|8
|
|t:|1779703862
|switch|p2a: Landorus|Landorus-Therian, M|100/100
|-ability|p2a: Landorus|Intimidate|boost
|-unboost|p1a: Gliscor|atk|1
|move|p1a: Gliscor|Knock Off|p2a: Landorus
|-damage|p2a: Landorus|82/100
|-enditem|p2a: Landorus|Life Orb|[from] move: Knock Off|[of] p1a: Gliscor
|
|-weather|RainDance|[upkeep]
|upkeep
|turn|9
|
|t:|1779703874
|move|p1a: Gliscor|Protect|p1a: Gliscor
|-singleturn|p1a: Gliscor|Protect
|move|p2a: Landorus|Taunt|p1a: Gliscor
|-activate|p1a: Gliscor|move: Protect
|
|-weather|none
|upkeep
|turn|10
|
|t:|1779703883
|move|p2a: Landorus|Stealth Rock|p1a: Gliscor
|-sidestart|p1: bundyx|move: Stealth Rock
|move|p1a: Gliscor|Toxic|p2a: Landorus
|-status|p2a: Landorus|tox
|
|-damage|p2a: Landorus|76/100 tox|[from] psn
|upkeep
|turn|11
|
|t:|1779703893
|move|p1a: Gliscor|Protect|p1a: Gliscor
|-singleturn|p1a: Gliscor|Protect
|move|p2a: Landorus|Rock Slide|p1a: Gliscor
|-activate|p1a: Gliscor|move: Protect
|
|-damage|p2a: Landorus|64/100 tox|[from] psn
|upkeep
|turn|12
|
|t:|1779703902
|switch|p2a: Heatran|Heatran, F|100/100
|-item|p2a: Heatran|Air Balloon
|move|p1a: Gliscor|Stealth Rock|p2a: Heatran
|-sidestart|p2: loongN|move: Stealth Rock
|
|upkeep
|turn|13
|
|t:|1779703912
|move|p1a: Gliscor|Protect|p1a: Gliscor
|-singleturn|p1a: Gliscor|Protect
|move|p2a: Heatran|Magma Storm|p1a: Gliscor
|-activate|p1a: Gliscor|move: Protect
|
|upkeep
|turn|14
|
|t:|1779703928
|switch|p1a: Pelipper|Pelipper, M, shiny|85/100
|-damage|p1a: Pelipper|60/100|[from] Stealth Rock
|-weather|RainDance|[from] ability: Drizzle|[of] p1a: Pelipper
|move|p2a: Heatran|Magma Storm|p1a: Pelipper|[miss]
|-miss|p2a: Heatran|p1a: Pelipper
|
|-weather|RainDance|[upkeep]
|upkeep
|turn|15
|
|t:|1779703940
|switch|p2a: Hatterene|Hatterene, F|76/100
|-damage|p2a: Hatterene|64/100|[from] Stealth Rock
|move|p1a: Pelipper|Hurricane|p2a: Hatterene
|-damage|p2a: Hatterene|41/100
|-start|p2a: Hatterene|confusion
|
|-weather|RainDance|[upkeep]
|upkeep
|turn|16
|
|t:|1779703952
|move|p1a: Pelipper|Roost|p1a: Pelipper
|-heal|p1a: Pelipper|100/100
|-singleturn|p1a: Pelipper|move: Roost
|-activate|p2a: Hatterene|confusion
|-damage|p2a: Hatterene|32/100|[from] confusion
|
|-weather|RainDance|[upkeep]
|upkeep
|turn|17
|-message|loongN forfeited.
|
|win|bundyx
|raw|bundyx's rating: 1117 &rarr; <strong>1139</strong><br />(+22 for winning)
|raw|loongN's rating: 1072 &rarr; <strong>1054</strong><br />(-18 for losing)
|l|☆loongN
|player|p2|
|l|☆bundyx
|player|p1|
