|j|☆jessies boyfriend
|j|☆ezequiel_frn
|t:|1779560929
|gametype|singles
|player|p1|jessies boyfriend|brock|1299
|player|p2|ezequiel_frn|101|1317
|gen|9
|tier|[Gen 9] OU
|rated|
|rule|HP Percentage Mod: HP is shown in percentages
|rule|Endless Battle Clause: Forcing endless battles is banned
|rule|Species Clause: Limit one of each Pokémon
|rule|OHKO Clause: OHKO moves are banned
|rule|Evasion Items Clause: Evasion items are banned
|rule|Evasion Moves Clause: Evasion moves are banned
|rule|Evasion Abilities Clause: Evasion abilities are banned
|rule|Sleep Moves Clause: Sleep-inducing moves are banned
|clearpoke
|poke|p1|Houndstone, F|
|poke|p1|Gholdengo|
|poke|p1|Incineroar, F|
|poke|p1|Glimmora, F|
|poke|p1|Forretress, F|
|poke|p1|Scrafty, M|
|poke|p2|Comfey, M|
|poke|p2|Quaquaval, F|
|poke|p2|Iron Moth|
|poke|p2|Hatterene, F|
|poke|p2|Enamorus, F|
|poke|p2|Snorlax, M|
|teampreview
|inactive|Battle timer is ON: inactive players will automatically lose when time's up. (requested by jessies boyfriend)
|
|t:|1779560936
|teamsize|p1|6
|teamsize|p2|6
|start
|switch|p1a: Glimmora|Glimmora, F|100/100
|switch|p2a: Snorlax|Snorlax, M|100/100
|-item|p1a: Glimmora|Air Balloon
|turn|1
|
|t:|1779560943
|switch|p2a: Hatterene|Hatterene, F|100/100
|move|p1a: Glimmora|Mortal Spin|p2a: Hatterene
|-supereffective|p2a: Hatterene
|-damage|p2a: Hatterene|87/100
|-status|p2a: Hatterene|psn
|
|-damage|p2a: Hatterene|74/100 psn|[from] psn
|upkeep
|turn|2
|
|t:|1779560952
|switch|p1a: Incineroar|Incineroar, F|100/100
|-ability|p1a: Incineroar|Intimidate|boost
|-unboost|p2a: Hatterene|atk|1
|move|p2a: Hatterene|Future Sight|p1a: Incineroar
|-start|p2a: Hatterene|move: Future Sight
|
|-damage|p2a: Hatterene|62/100 psn|[from] psn
|upkeep
|turn|3
|
|t:|1779560961
|move|p1a: Incineroar|Flame Charge|p2a: Hatterene
|-damage|p2a: Hatterene|31/100 psn
|-boost|p1a: Incineroar|spe|1
|move|p2a: Hatterene|Nuzzle|p1a: Incineroar
|-damage|p1a: Incineroar|97/100
|-status|p1a: Incineroar|par
|
|-damage|p2a: Hatterene|19/100 psn|[from] psn
|upkeep
|turn|4
|
|t:|1779560973
|cant|p1a: Incineroar|par
|move|p2a: Hatterene|Draining Kiss|p1a: Incineroar
|-damage|p1a: Incineroar|75/100 par
|-heal|p2a: Hatterene|37/100 psn|[from] drain|[of] p1a: Incineroar
|
|-end|p1a: Incineroar|move: Future Sight
|-immune|p1a: Incineroar
|-damage|p2a: Hatterene|24/100 psn|[from] psn
|upkeep
|turn|5
|
|t:|1779560982
|move|p1a: Incineroar|Flame Charge|p2a: Hatterene
|-damage|p2a: Hatterene|0 fnt
|-boost|p1a: Incineroar|spe|1
|faint|p2a: Hatterene
|
|upkeep
|
|t:|1779560989
|switch|p2a: Quaquaval|Quaquaval, F|100/100
|turn|6
|
|t:|1779560996
|switch|p1a: Houndstone|Houndstone, F|100/100
|move|p2a: Quaquaval|Aqua Step|p1a: Houndstone
|-damage|p1a: Houndstone|79/100
|-boost|p2a: Quaquaval|spe|1
|
|-heal|p1a: Houndstone|85/100|[from] item: Leftovers
|upkeep
|turn|7
|
|t:|1779561007
|move|p1a: Houndstone|Protect|p1a: Houndstone
|-singleturn|p1a: Houndstone|Protect
|move|p2a: Quaquaval|Knock Off|p1a: Houndstone
|-activate|p1a: Houndstone|move: Protect
|
|-heal|p1a: Houndstone|91/100|[from] item: Leftovers
|upkeep
|turn|8
|
|t:|1779561026
|switch|p1a: Glimmora|Glimmora, F|100/100
|-item|p1a: Glimmora|Air Balloon
|move|p2a: Quaquaval|Knock Off|p1a: Glimmora
|-damage|p1a: Glimmora|67/100
|-activate|p1a: Glimmora|ability: Toxic Debris
|-sidestart|p2: ezequiel_frn|move: Toxic Spikes
|-enditem|p1a: Glimmora|Air Balloon
|
|upkeep
|turn|9
|
|t:|1779561044
|switch|p1a: Houndstone|Houndstone, F|91/100
|move|p2a: Quaquaval|Aqua Step|p1a: Houndstone
|-damage|p1a: Houndstone|70/100
|-boost|p2a: Quaquaval|spe|1
|
|-heal|p1a: Houndstone|76/100|[from] item: Leftovers
|upkeep
|turn|10
|
|t:|1779561052
|move|p1a: Houndstone|Protect|p1a: Houndstone
|-singleturn|p1a: Houndstone|Protect
|move|p2a: Quaquaval|Knock Off|p1a: Houndstone
|-activate|p1a: Houndstone|move: Protect
|
|-heal|p1a: Houndstone|82/100|[from] item: Leftovers
|upkeep
|turn|11
|
|t:|1779561058
|move|p2a: Quaquaval|Knock Off|p1a: Houndstone
|-supereffective|p1a: Houndstone
|-damage|p1a: Houndstone|39/100
|-enditem|p1a: Houndstone|Leftovers|[from] move: Knock Off|[of] p2a: Quaquaval
|move|p1a: Houndstone|Pain Split|p2a: Quaquaval
|-sethp|p2a: Quaquaval|72/100|[from] move: Pain Split|[silent]
|-sethp|p1a: Houndstone|64/100|[from] move: Pain Split
|
|upkeep
|turn|12
|
|t:|1779561067
|move|p2a: Quaquaval|Aqua Step|p1a: Houndstone
|-damage|p1a: Houndstone|45/100
|-boost|p2a: Quaquaval|spe|1
|move|p1a: Houndstone|Roar|p2a: Quaquaval
|drag|p2a: Snorlax|Snorlax, M|100/100
|-status|p2a: Snorlax|psn
|
|-damage|p2a: Snorlax|88/100 psn|[from] psn
|upkeep
|turn|13
|
|t:|1779561077
|move|p1a: Houndstone|Pain Split|p2a: Snorlax
|-sethp|p2a: Snorlax|59/100 psn|[from] move: Pain Split|[silent]
|-sethp|p1a: Houndstone|89/100|[from] move: Pain Split
|move|p2a: Snorlax|Gunk Shot|p1a: Houndstone
|-resisted|p1a: Houndstone
|-damage|p1a: Houndstone|71/100
|
|-damage|p2a: Snorlax|46/100 psn|[from] psn
|upkeep
|turn|14
|
|t:|1779561088
|switch|p2a: Iron Moth|Iron Moth|100/100
|-sideend|p2: ezequiel_frn|move: Toxic Spikes|[of] p2a: Iron Moth
|-enditem|p2a: Iron Moth|Booster Energy
|-activate|p2a: Iron Moth|ability: Quark Drive|[fromitem]
|-start|p2a: Iron Moth|quarkdrivespe
|move|p1a: Houndstone|Protect||[still]
|-fail|p1a: Houndstone
|
|upkeep
|turn|15
|
|t:|1779561098
|move|p2a: Iron Moth|Fiery Dance|p1a: Houndstone
|-damage|p1a: Houndstone|13/100
|move|p1a: Houndstone|Pain Split|p2a: Iron Moth
|-sethp|p2a: Iron Moth|57/100|[from] move: Pain Split|[silent]
|-sethp|p1a: Houndstone|59/100|[from] move: Pain Split
|
|upkeep
|turn|16
|
|t:|1779561107
|move|p2a: Iron Moth|Sludge Wave|p1a: Houndstone
|-resisted|p1a: Houndstone
|-damage|p1a: Houndstone|45/100
|move|p1a: Houndstone|Roar|p2a: Iron Moth
|-end|p2a: Iron Moth|Quark Drive|[silent]
|drag|p2a: Snorlax|Snorlax, M|46/100 psn
|
|-damage|p2a: Snorlax|34/100 psn|[from] psn
|upkeep
|turn|17
|
|t:|1779561118
|switch|p1a: Glimmora|Glimmora, F|67/100
|switch|p2a: Iron Moth|Iron Moth|57/100
|
|upkeep
|turn|18
|
|t:|1779561125
|move|p2a: Iron Moth|Discharge|p1a: Glimmora
|-damage|p1a: Glimmora|40/100
|move|p1a: Glimmora|Power Gem|p2a: Iron Moth
|-supereffective|p2a: Iron Moth
|-damage|p2a: Iron Moth|0 fnt
|faint|p2a: Iron Moth
|-end|p2a: Iron Moth|Quark Drive|[silent]
|
|upkeep
|
|t:|1779561136
|switch|p2a: Quaquaval|Quaquaval, F|72/100
|turn|19
|
|t:|1779561142
|-terastallize|p1a: Glimmora|Grass
|move|p1a: Glimmora|Energy Ball|p2a: Quaquaval
|-supereffective|p2a: Quaquaval
|-damage|p2a: Quaquaval|0 fnt
|faint|p2a: Quaquaval
|
|upkeep
|
|t:|1779561166
|switch|p2a: Snorlax|Snorlax, M|34/100 psn
|turn|20
|
|t:|1779561175
|move|p1a: Glimmora|Energy Ball|p2a: Snorlax
|-damage|p2a: Snorlax|20/100 psn
|move|p2a: Snorlax|Gunk Shot|p1a: Glimmora
|-supereffective|p1a: Glimmora
|-damage|p1a: Glimmora|0 fnt
|-activate|p1a: Glimmora|ability: Toxic Debris
|-sidestart|p2: ezequiel_frn|move: Toxic Spikes
|faint|p1a: Glimmora
|
|-damage|p2a: Snorlax|7/100 psn|[from] psn
|upkeep
|
|t:|1779561196
|switch|p1a: Houndstone|Houndstone, F|45/100
|turn|21
|
|t:|1779561205
|move|p1a: Houndstone|Phantom Force||[still]
|-prepare|p1a: Houndstone|Phantom Force
|move|p2a: Snorlax|Gunk Shot|p1a: Houndstone|[miss]
|-miss|p2a: Snorlax|p1a: Houndstone
|
|-damage|p2a: Snorlax|0 fnt|[from] psn
|faint|p2a: Snorlax
|upkeep
|
|t:|1779561212
|switch|p2a: Comfey|Comfey, M|100/100
|-status|p2a: Comfey|psn
|turn|22
|
|t:|1779561220
|move|p2a: Comfey|Calm Mind|p2a: Comfey
|-boost|p2a: Comfey|spa|1
|-boost|p2a: Comfey|spd|1
|move|p1a: Houndstone|Phantom Force|p2a: Comfey|[from] lockedmove
|-damage|p2a: Comfey|75/100 psn
|
|-heal|p2a: Comfey|81/100 psn|[from] item: Leftovers
|-damage|p2a: Comfey|69/100 psn|[from] psn
|upkeep
|turn|23
|
|t:|1779561231
|move|p2a: Comfey|Draining Kiss|p1a: Houndstone
|-damage|p1a: Houndstone|37/100
|-heal|p2a: Comfey|76/100 psn|[from] drain|[of] p1a: Houndstone
|move|p1a: Houndstone|Roar|p2a: Comfey
|drag|p2a: Enamorus|Enamorus, F|100/100
|
|upkeep
|turn|24
|
|t:|1779561238
|switch|p2a: Comfey|Comfey, M|76/100 psn
|move|p1a: Houndstone|Pain Split|p2a: Comfey
|-sethp|p2a: Comfey|58/100 psn|[from] move: Pain Split|[silent]
|-sethp|p1a: Houndstone|52/100|[from] move: Pain Split
|
|-heal|p2a: Comfey|65/100 psn|[from] item: Leftovers
|-damage|p2a: Comfey|52/100 psn|[from] psn
|upkeep
|turn|25
|-message|ezequiel_frn forfeited.
|
|win|jessies boyfriend
|raw|jessies boyfriend's rating: 1299 &rarr; <strong>1325</strong><br />(+26 for winning)
|raw|ezequiel_frn's rating: 1317 &rarr; <strong>1296</strong><br />(-21 for losing)
|l|☆ezequiel_frn
|player|p2|
|l|☆jessies boyfriend
|player|p1|
