|j|☆ainasucks
|j|☆Veeriscared
|t:|1779609465
|gametype|singles
|player|p1|ainasucks|169|1227
|player|p2|Veeriscared|102|1186
|gen|9
|tier|[Gen 9] OU
|rated|
|rule|HP Percentage Mod: HP is shown in percentages
|rule|Endless Battle Clause: Forcing endless battles is banned
|rule|Species Clause: Limit one of each Pokémon
|rule|OHKO Clause: OHKO moves are banned
|rule|Evasion Items Clause: Evasion items are banned
|rule|Evasion Moves Clause: Evasion moves are banned
|rule|Evasion Abilities Clause: Evasion abilities are banned
|rule|Sleep Moves Clause: Sleep-inducing moves are banned
|clearpoke
|poke|p1|Regieleki|
|poke|p1|Glastrier|
|poke|p1|Zamazenta-*|
|poke|p1|Darkrai|
|poke|p1|Latias, F|
|poke|p1|Garchomp, F|
|poke|p2|Forretress, M|
|poke|p2|Dragapult, F|
|poke|p2|Hitmonlee, M|
|poke|p2|Mamoswine, F|
|poke|p2|Noivern, M|
|poke|p2|Scizor, F|
|teampreview
|inactive|Battle timer is ON: inactive players will automatically lose when time's up. (requested by Veeriscared)
|
|t:|1779609487
|teamsize|p1|6
|teamsize|p2|6
|start
|switch|p1a: Darkrai|Darkrai|100/100
|switch|p2a: Mamoswine|Mamoswine, F|100/100
|turn|1
|inactive|ainasucks has 120 seconds left.
|
|t:|1779609519
|switch|p2a: Noivern|Noivern, M|100/100
|-item|p1a: Darkrai|Blunder Policy|[from] ability: Frisk|[of] p2a: Noivern
|move|p1a: Darkrai|Nasty Plot|p1a: Darkrai
|-boost|p1a: Darkrai|spa|2
|
|upkeep
|turn|2
|
|t:|1779609527
|move|p1a: Darkrai|Dark Pulse|p2a: Noivern
|-damage|p2a: Noivern|0 fnt
|faint|p2a: Noivern
|
|upkeep
|
|t:|1779609533
|switch|p2a: Hitmonlee|Hitmonlee, M|100/100
|turn|3
|inactive|ainasucks has 120 seconds left.
|
|t:|1779609559
|move|p2a: Hitmonlee|Endure|p2a: Hitmonlee
|-singleturn|p2a: Hitmonlee|move: Endure
|move|p1a: Darkrai|Psychic|p2a: Hitmonlee
|-supereffective|p2a: Hitmonlee
|-activate|p2a: Hitmonlee|move: Endure
|-damage|p2a: Hitmonlee|1/100
|-enditem|p2a: Hitmonlee|Liechi Berry|[eat]
|-boost|p2a: Hitmonlee|atk|1|[from] item: Liechi Berry
|
|upkeep
|turn|4
|
|t:|1779609567
|-terastallize|p1a: Darkrai|Poison
|move|p2a: Hitmonlee|Reversal|p1a: Darkrai
|-resisted|p1a: Darkrai
|-damage|p1a: Darkrai|10/100
|move|p1a: Darkrai|Psychic|p2a: Hitmonlee
|-supereffective|p2a: Hitmonlee
|-damage|p2a: Hitmonlee|0 fnt
|faint|p2a: Hitmonlee
|
|upkeep
|
|t:|1779609574
|switch|p2a: Scizor|Scizor, F|100/100
|turn|5
|inactive|ainasucks has 120 seconds left.
|
|t:|1779609596
|move|p2a: Scizor|Bullet Punch|p1a: Darkrai
|-damage|p1a: Darkrai|0 fnt
|faint|p1a: Darkrai
|
|upkeep
|inactive|ainasucks has 120 seconds left.
|inactive|ainasucks has 90 seconds left.
|inactive|ainasucks has 60 seconds left.
|
|t:|1779609662
|switch|p1a: Zamazenta|Zamazenta|100/100
|-ability|p1a: Zamazenta|Dauntless Shield|boost
|-boost|p1a: Zamazenta|def|1
|turn|6
|
|t:|1779609669
|switch|p2a: Dragapult|Dragapult, F, shiny|100/100
|move|p1a: Zamazenta|Iron Defense|p1a: Zamazenta
|-boost|p1a: Zamazenta|def|2
|
|upkeep
|turn|7
|inactive|ainasucks has 60 seconds left.
|
|t:|1779609697
|move|p2a: Dragapult|Draco Meteor|p1a: Zamazenta
|-damage|p1a: Zamazenta|28/100
|-unboost|p2a: Dragapult|spa|2
|move|p1a: Zamazenta|Crunch|p2a: Dragapult
|-supereffective|p2a: Dragapult
|-damage|p2a: Dragapult|42/100
|
|-heal|p1a: Zamazenta|34/100|[from] item: Leftovers
|upkeep
|turn|8
|inactive|ainasucks has 60 seconds left.
|
|t:|1779609722
|move|p2a: Dragapult|Draco Meteor|p1a: Zamazenta
|-damage|p1a: Zamazenta|0 fnt
|-unboost|p2a: Dragapult|spa|2
|faint|p1a: Zamazenta
|
|upkeep
|
|t:|1779609726
|switch|p1a: Garchomp|Garchomp, F|100/100
|turn|9
|
|t:|1779609741
|switch|p2a: Scizor|Scizor, F|100/100
|move|p1a: Garchomp|Earthquake|p2a: Scizor
|-damage|p2a: Scizor|46/100
|
|upkeep
|turn|10
|
|t:|1779609750
|move|p2a: Scizor|Bullet Punch|p1a: Garchomp
|-damage|p1a: Garchomp|66/100
|-damage|p2a: Scizor|34/100|[from] ability: Rough Skin|[of] p1a: Garchomp
|move|p1a: Garchomp|Earthquake|p2a: Scizor
|-damage|p2a: Scizor|0 fnt
|faint|p2a: Scizor
|
|upkeep
|
|t:|1779609754
|switch|p2a: Mamoswine|Mamoswine, F|100/100
|turn|11
|
|t:|1779609759
|move|p2a: Mamoswine|Ice Shard|p1a: Garchomp
|-supereffective|p1a: Garchomp
|-damage|p1a: Garchomp|0 fnt
|faint|p1a: Garchomp
|-damage|p2a: Mamoswine|91/100|[from] item: Life Orb
|
|upkeep
|
|t:|1779609762
|switch|p1a: Glastrier|Glastrier|100/100
|turn|12
|
|t:|1779609784
|switch|p2a: Forretress|Forretress, M|100/100
|move|p1a: Glastrier|Avalanche|p2a: Forretress
|-resisted|p2a: Forretress
|-damage|p2a: Forretress|90/100
|-enditem|p2a: Forretress|Red Card|[of] p1a: Glastrier
|drag|p1a: Regieleki|Regieleki|100/100
|
|upkeep
|turn|13
|inactive|ainasucks has 90 seconds left.
|
|t:|1779609804
|move|p1a: Regieleki|Volt Switch|p2a: Forretress
|-damage|p2a: Forretress|2/100
|
|t:|1779609810
|switch|p1a: Latias|Latias, F|100/100|[from] Volt Switch
|move|p2a: Forretress|Gyro Ball|p1a: Latias
|-crit|p1a: Latias
|-damage|p1a: Latias|70/100
|
|-heal|p1a: Latias|76/100|[from] item: Leftovers
|upkeep
|turn|14
|
|t:|1779609814
|move|p1a: Latias|Calm Mind|p1a: Latias
|-boost|p1a: Latias|spa|1
|-boost|p1a: Latias|spd|1
|move|p2a: Forretress|Gyro Ball|p1a: Latias
|-damage|p1a: Latias|56/100
|
|-heal|p1a: Latias|62/100|[from] item: Leftovers
|upkeep
|turn|15
|inactive|ainasucks has 90 seconds left.
|
|t:|1779609832
|move|p1a: Latias|Recover|p1a: Latias
|-heal|p1a: Latias|100/100
|move|p2a: Forretress|Gyro Ball|p1a: Latias
|-damage|p1a: Latias|82/100
|
|-heal|p1a: Latias|88/100|[from] item: Leftovers
|upkeep
|turn|16
|
|t:|1779609837
|move|p1a: Latias|Calm Mind|p1a: Latias
|-boost|p1a: Latias|spa|1
|-boost|p1a: Latias|spd|1
|move|p2a: Forretress|Gyro Ball|p1a: Latias
|-crit|p1a: Latias
|-damage|p1a: Latias|60/100
|
|-heal|p1a: Latias|66/100|[from] item: Leftovers
|upkeep
|turn|17
|
|t:|1779609844
|move|p1a: Latias|Calm Mind|p1a: Latias
|-boost|p1a: Latias|spa|1
|-boost|p1a: Latias|spd|1
|move|p2a: Forretress|Gyro Ball|p1a: Latias
|-damage|p1a: Latias|47/100
|
|-heal|p1a: Latias|53/100|[from] item: Leftovers
|upkeep
|turn|18
|
|t:|1779609855
|switch|p2a: Mamoswine|Mamoswine, F|91/100
|move|p1a: Latias|Recover|p1a: Latias
|-heal|p1a: Latias|100/100
|
|upkeep
|turn|19
|
|t:|1779609864
|move|p2a: Mamoswine|Ice Shard|p1a: Latias
|-supereffective|p1a: Latias
|-damage|p1a: Latias|57/100
|-damage|p2a: Mamoswine|81/100|[from] item: Life Orb
|move|p1a: Latias|Chilling Water|p2a: Mamoswine
|-supereffective|p2a: Mamoswine
|-damage|p2a: Mamoswine|0 fnt
|faint|p2a: Mamoswine
|
|-heal|p1a: Latias|63/100|[from] item: Leftovers
|upkeep
|
|t:|1779609868
|switch|p2a: Dragapult|Dragapult, F, shiny|42/100
|turn|20
|
|t:|1779609879
|move|p2a: Dragapult|Draco Meteor|p1a: Latias
|-supereffective|p1a: Latias
|-damage|p1a: Latias|3/100
|-unboost|p2a: Dragapult|spa|2
|move|p1a: Latias|Draco Meteor|p2a: Dragapult|[miss]
|-miss|p1a: Latias|p2a: Dragapult
|
|-heal|p1a: Latias|9/100|[from] item: Leftovers
|upkeep
|turn|21
|
|t:|1779609886
|move|p2a: Dragapult|Draco Meteor|p1a: Latias
|-supereffective|p1a: Latias
|-damage|p1a: Latias|0 fnt
|-unboost|p2a: Dragapult|spa|2
|faint|p1a: Latias
|
|upkeep
|
|t:|1779609888
|switch|p1a: Regieleki|Regieleki|100/100
|turn|22
|
|t:|1779609893
|switch|p2a: Forretress|Forretress, M|2/100
|move|p1a: Regieleki|Thunderbolt|p2a: Forretress
|-damage|p2a: Forretress|0 fnt
|faint|p2a: Forretress
|
|upkeep
|
|t:|1779609898
|switch|p2a: Dragapult|Dragapult, F, shiny|42/100
|turn|23
|
|t:|1779609903
|-terastallize|p2a: Dragapult|Fire
|move|p1a: Regieleki|Thunderbolt|p2a: Dragapult
|-damage|p2a: Dragapult|0 fnt
|faint|p2a: Dragapult
|
|win|ainasucks
|raw|ainasucks's rating: 1252 &rarr; <strong>1272</strong><br />(+20 for winning)
|raw|Veeriscared's rating: 1186 &rarr; <strong>1166</strong><br />(-20 for losing)
|l|☆Veeriscared
|player|p2|
