|j|☆Vini888vi4
|j|☆Exeggy
|t:|1779669827
|gametype|singles
|player|p1|Vini888vi4|101|1199
|player|p2|Exeggy|2|1205
|gen|9
|tier|[Gen 9] OU
|rated|
|rule|HP Percentage Mod: HP is shown in percentages
|rule|Endless Battle Clause: Forcing endless battles is banned
|rule|Species Clause: Limit one of each Pokémon
|rule|OHKO Clause: OHKO moves are banned
|rule|Evasion Items Clause: Evasion items are banned
|rule|Evasion Moves Clause: Evasion moves are banned
|rule|Evasion Abilities Clause: Evasion abilities are banned
|rule|Sleep Moves Clause: Sleep-inducing moves are banned
|clearpoke
|poke|p1|Dragapult, F|
|poke|p1|Enamorus, F|
|poke|p1|Garganacl, F|
|poke|p1|Corviknight, F|
|poke|p1|Heatran, M|
|poke|p1|Toxapex, F|
|poke|p2|Dragonite, F|
|poke|p2|Clefable, F|
|poke|p2|Moltres|
|poke|p2|Chansey, F|
|poke|p2|Hitmonchan, M|
|poke|p2|Gengar, F|
|teampreview
|inactive|Battle timer is ON: inactive players will automatically lose when time's up. (requested by Exeggy)
|
|t:|1779669843
|teamsize|p1|6
|teamsize|p2|6
|start
|switch|p1a: Dragapult|Dragapult, F|100/100
|switch|p2a: Clefable|Clefable, F|100/100
|turn|1
|
|t:|1779669863
|move|p1a: Dragapult|U-turn|p2a: Clefable
|-resisted|p2a: Clefable
|-damage|p2a: Clefable|87/100
|
|t:|1779669867
|switch|p1a: Toxapex|Toxapex, F|100/100|[from] U-turn
|move|p2a: Clefable|Moonblast|p1a: Toxapex
|-resisted|p1a: Toxapex
|-damage|p1a: Toxapex|91/100
|-unboost|p1a: Toxapex|spa|1
|
|-heal|p2a: Clefable|93/100|[from] item: Leftovers
|-heal|p1a: Toxapex|97/100|[from] item: Black Sludge
|upkeep
|turn|2
|
|t:|1779669876
|switch|p2a: Gengar|Gengar, F|100/100
|move|p1a: Toxapex|Toxic Spikes|p2a: Gengar
|-sidestart|p2: Exeggy|move: Toxic Spikes
|
|-heal|p1a: Toxapex|100/100|[from] item: Black Sludge
|upkeep
|turn|3
|
|t:|1779669897
|move|p2a: Gengar|Nasty Plot|p2a: Gengar
|-boost|p2a: Gengar|spa|2
|move|p1a: Toxapex|Toxic|p2a: Gengar
|-immune|p2a: Gengar
|
|upkeep
|turn|4
|
|t:|1779669903
|move|p2a: Gengar|Encore|p1a: Toxapex
|-start|p1a: Toxapex|Encore
|move|p1a: Toxapex|Toxic|p2a: Gengar
|-immune|p2a: Gengar
|
|upkeep
|turn|5
|
|t:|1779669915
|move|p2a: Gengar|Shadow Ball|p1a: Toxapex
|-damage|p1a: Toxapex|44/100
|-unboost|p1a: Toxapex|spd|1
|move|p1a: Toxapex|Toxic|p2a: Gengar
|-immune|p2a: Gengar
|
|-heal|p1a: Toxapex|50/100|[from] item: Black Sludge
|upkeep
|turn|6
|
|t:|1779669922
|move|p2a: Gengar|Shadow Ball|p1a: Toxapex
|-crit|p1a: Toxapex
|-damage|p1a: Toxapex|0 fnt
|faint|p1a: Toxapex
|
|upkeep
|
|t:|1779669926
|switch|p1a: Dragapult|Dragapult, F|100/100
|turn|7
|
|t:|1779669949
|move|p1a: Dragapult|Dragon Darts|p2a: Gengar
|-damage|p2a: Gengar|29/100
|-anim|p1a: Dragapult|Dragon Darts|p2a: Gengar
|-damage|p2a: Gengar|0 fnt
|faint|p2a: Gengar
|
|upkeep
|
|t:|1779669955
|switch|p2a: Moltres|Moltres|100/100
|turn|8
|
|t:|1779669958
|move|p1a: Dragapult|Dragon Darts|p2a: Moltres
|-damage|p2a: Moltres|77/100
|-anim|p1a: Dragapult|Dragon Darts|p2a: Moltres
|-damage|p2a: Moltres|51/100
|move|p2a: Moltres|Flamethrower|p1a: Dragapult
|-resisted|p1a: Dragapult
|-damage|p1a: Dragapult|75/100
|-status|p1a: Dragapult|brn
|
|-damage|p1a: Dragapult|69/100 brn|[from] brn
|upkeep
|turn|9
|
|t:|1779669973
|move|p1a: Dragapult|Dragon Darts|p2a: Moltres
|-damage|p2a: Moltres|38/100
|-anim|p1a: Dragapult|Dragon Darts|p2a: Moltres
|-damage|p2a: Moltres|25/100
|move|p2a: Moltres|Roost|p2a: Moltres
|-heal|p2a: Moltres|75/100
|-singleturn|p2a: Moltres|move: Roost
|
|-damage|p1a: Dragapult|63/100 brn|[from] brn
|upkeep
|turn|10
|
|t:|1779669984
|move|p1a: Dragapult|Dragon Darts|p2a: Moltres
|-damage|p2a: Moltres|63/100
|-anim|p1a: Dragapult|Dragon Darts|p2a: Moltres
|-damage|p2a: Moltres|50/100
|move|p2a: Moltres|Flamethrower|p1a: Dragapult
|-resisted|p1a: Dragapult
|-damage|p1a: Dragapult|36/100 brn
|
|-damage|p1a: Dragapult|30/100 brn|[from] brn
|upkeep
|turn|11
|
|t:|1779669991
|switch|p1a: Heatran|Heatran, M|100/100
|move|p2a: Moltres|Roost|p2a: Moltres
|-heal|p2a: Moltres|99/100
|-singleturn|p2a: Moltres|move: Roost
|
|upkeep
|turn|12
|
|t:|1779670000
|move|p2a: Moltres|U-turn|p1a: Heatran
|-resisted|p1a: Heatran
|-damage|p1a: Heatran|97/100
|
|t:|1779670003
|switch|p2a: Hitmonchan|Hitmonchan, M|100/100|[from] U-turn
|-status|p2a: Hitmonchan|psn
|move|p1a: Heatran|Stealth Rock|p2a: Hitmonchan
|-sidestart|p2: Exeggy|move: Stealth Rock
|
|-heal|p1a: Heatran|100/100|[from] item: Leftovers
|-damage|p2a: Hitmonchan|88/100 psn|[from] psn
|upkeep
|turn|13
|
|t:|1779670014
|move|p1a: Heatran|Magma Storm|p2a: Hitmonchan
|-damage|p2a: Hitmonchan|63/100 psn
|-activate|p2a: Hitmonchan|move: Magma Storm|[of] p1a: Heatran
|move|p2a: Hitmonchan|Rapid Spin|p1a: Heatran
|-resisted|p1a: Heatran
|-damage|p1a: Heatran|96/100
|-boost|p2a: Hitmonchan|spe|1
|-sideend|p2: Exeggy|Toxic Spikes|[from] move: Rapid Spin|[of] p2a: Hitmonchan
|-sideend|p2: Exeggy|Stealth Rock|[from] move: Rapid Spin|[of] p2a: Hitmonchan
|-end|p2a: Hitmonchan|Magma Storm|[partiallytrapped]
|
|-heal|p1a: Heatran|100/100|[from] item: Leftovers
|-damage|p2a: Hitmonchan|50/100 psn|[from] psn
|upkeep
|turn|14
|
|t:|1779670021
|move|p2a: Hitmonchan|Drain Punch|p1a: Heatran
|-supereffective|p1a: Heatran
|-damage|p1a: Heatran|46/100
|-heal|p2a: Hitmonchan|85/100 psn|[from] drain|[of] p1a: Heatran
|move|p1a: Heatran|Stealth Rock|p2a: Hitmonchan
|-sidestart|p2: Exeggy|move: Stealth Rock
|
|-heal|p1a: Heatran|52/100|[from] item: Leftovers
|-damage|p2a: Hitmonchan|73/100 psn|[from] psn
|upkeep
|turn|15
|
|t:|1779670036
|switch|p1a: Corviknight|Corviknight, F|100/100
|-ability|p1a: Corviknight|Pressure
|move|p2a: Hitmonchan|Knock Off|p1a: Corviknight
|-damage|p1a: Corviknight|86/100
|-damage|p2a: Hitmonchan|56/100 psn|[from] item: Rocky Helmet|[of] p1a: Corviknight
|-enditem|p1a: Corviknight|Rocky Helmet|[from] move: Knock Off|[of] p2a: Hitmonchan
|
|-damage|p2a: Hitmonchan|44/100 psn|[from] psn
|upkeep
|turn|16
|
|t:|1779670050
|move|p2a: Hitmonchan|Rapid Spin|p1a: Corviknight
|-resisted|p1a: Corviknight
|-damage|p1a: Corviknight|83/100
|-boost|p2a: Hitmonchan|spe|1
|-sideend|p2: Exeggy|Stealth Rock|[from] move: Rapid Spin|[of] p2a: Hitmonchan
|move|p1a: Corviknight|Bulk Up|p1a: Corviknight
|-boost|p1a: Corviknight|atk|1
|-boost|p1a: Corviknight|def|1
|
|-damage|p2a: Hitmonchan|31/100 psn|[from] psn
|upkeep
|turn|17
|
|t:|1779670058
|move|p2a: Hitmonchan|Drain Punch|p1a: Corviknight
|-damage|p1a: Corviknight|70/100
|-heal|p2a: Hitmonchan|40/100 psn|[from] drain|[of] p1a: Corviknight
|move|p1a: Corviknight|Brave Bird|p2a: Hitmonchan
|-supereffective|p2a: Hitmonchan
|-damage|p2a: Hitmonchan|0 fnt
|faint|p2a: Hitmonchan
|-damage|p1a: Corviknight|60/100|[from] Recoil
|
|upkeep
|
|t:|1779670069
|switch|p2a: Moltres|Moltres|99/100
|turn|18
|
|t:|1779670072
|move|p2a: Moltres|Flamethrower|p1a: Corviknight
|-supereffective|p1a: Corviknight
|-damage|p1a: Corviknight|0 fnt
|faint|p1a: Corviknight
|
|upkeep
|
|t:|1779670075
|switch|p1a: Enamorus|Enamorus, F|100/100
|turn|19
|
|t:|1779670086
|move|p1a: Enamorus|Psychic|p2a: Moltres
|-damage|p2a: Moltres|63/100
|move|p2a: Moltres|U-turn|p1a: Enamorus
|-resisted|p1a: Enamorus
|-damage|p1a: Enamorus|95/100
|
|t:|1779670093
|switch|p2a: Chansey|Chansey, F|100/100|[from] U-turn
|
|upkeep
|turn|20
|
|t:|1779670105
|switch|p1a: Heatran|Heatran, M|52/100
|move|p2a: Chansey|Seismic Toss|p1a: Heatran
|-damage|p1a: Heatran|26/100
|
|-heal|p1a: Heatran|33/100|[from] item: Leftovers
|upkeep
|turn|21
|
|t:|1779670113
|move|p1a: Heatran|Magma Storm|p2a: Chansey
|-damage|p2a: Chansey|86/100
|-activate|p2a: Chansey|move: Magma Storm|[of] p1a: Heatran
|move|p2a: Chansey|Seismic Toss|p1a: Heatran
|-damage|p1a: Heatran|7/100
|
|-heal|p1a: Heatran|13/100|[from] item: Leftovers
|-damage|p2a: Chansey|74/100|[from] move: Magma Storm|[partiallytrapped]
|upkeep
|turn|22
|
|t:|1779670121
|switch|p1a: Garganacl|Garganacl, F|100/100
|move|p2a: Chansey|Seismic Toss|p1a: Garganacl
|-damage|p1a: Garganacl|76/100
|
|-heal|p1a: Garganacl|82/100|[from] item: Leftovers
|-end|p2a: Chansey|Magma Storm|[partiallytrapped]|[silent]
|upkeep
|turn|23
|
|t:|1779670128
|move|p2a: Chansey|Stealth Rock|p1a: Garganacl
|-sidestart|p1: Vini888vi4|move: Stealth Rock
|move|p1a: Garganacl|Curse|p1a: Garganacl
|-unboost|p1a: Garganacl|spe|1
|-boost|p1a: Garganacl|atk|1
|-boost|p1a: Garganacl|def|1
|
|-heal|p1a: Garganacl|88/100|[from] item: Leftovers
|upkeep
|turn|24
|
|t:|1779670139
|move|p2a: Chansey|Seismic Toss|p1a: Garganacl
|-damage|p1a: Garganacl|63/100
|move|p1a: Garganacl|Curse|p1a: Garganacl
|-unboost|p1a: Garganacl|spe|1
|-boost|p1a: Garganacl|atk|1
|-boost|p1a: Garganacl|def|1
|
|-heal|p1a: Garganacl|70/100|[from] item: Leftovers
|upkeep
|turn|25
|
|t:|1779670146
|move|p2a: Chansey|Seismic Toss|p1a: Garganacl
|-damage|p1a: Garganacl|45/100
|move|p1a: Garganacl|Curse|p1a: Garganacl
|-unboost|p1a: Garganacl|spe|1
|-boost|p1a: Garganacl|atk|1
|-boost|p1a: Garganacl|def|1
|
|-heal|p1a: Garganacl|51/100|[from] item: Leftovers
|upkeep
|turn|26
|
|t:|1779670157
|-terastallize|p2a: Chansey|Ghost
|move|p2a: Chansey|Seismic Toss|p1a: Garganacl
|-damage|p1a: Garganacl|26/100
|move|p1a: Garganacl|Recover|p1a: Garganacl
|-heal|p1a: Garganacl|76/100
|
|-heal|p1a: Garganacl|82/100|[from] item: Leftovers
|upkeep
|turn|27
|
|t:|1779670163
|-terastallize|p1a: Garganacl|Water
|move|p2a: Chansey|Seismic Toss|p1a: Garganacl
|-damage|p1a: Garganacl|58/100
|move|p1a: Garganacl|Curse|p1a: Garganacl
|-unboost|p1a: Garganacl|spe|1
|-boost|p1a: Garganacl|atk|1
|-boost|p1a: Garganacl|def|1
|
|-heal|p1a: Garganacl|64/100|[from] item: Leftovers
|upkeep
|turn|28
|
|t:|1779670170
|move|p2a: Chansey|Seismic Toss|p1a: Garganacl
|-damage|p1a: Garganacl|39/100
|move|p1a: Garganacl|Curse|p1a: Garganacl
|-unboost|p1a: Garganacl|spe|1
|-boost|p1a: Garganacl|atk|1
|-boost|p1a: Garganacl|def|1
|
|-heal|p1a: Garganacl|45/100|[from] item: Leftovers
|upkeep
|turn|29
|
|t:|1779670174
|move|p2a: Chansey|Seismic Toss|p1a: Garganacl
|-damage|p1a: Garganacl|21/100
|move|p1a: Garganacl|Recover|p1a: Garganacl
|-heal|p1a: Garganacl|71/100
|
|-heal|p1a: Garganacl|77/100|[from] item: Leftovers
|upkeep
|turn|30
|
|t:|1779670181
|move|p2a: Chansey|Seismic Toss|p1a: Garganacl
|-damage|p1a: Garganacl|52/100
|move|p1a: Garganacl|Recover|p1a: Garganacl
|-heal|p1a: Garganacl|100/100
|
|upkeep
|turn|31
|
|t:|1779670184
|move|p2a: Chansey|Seismic Toss|p1a: Garganacl
|-damage|p1a: Garganacl|76/100
|move|p1a: Garganacl|Curse|p1a: Garganacl
|-unboost|p1a: Garganacl|spe|1
|-boost|p1a: Garganacl|atk|1
|-boost|p1a: Garganacl|def|1
|
|-heal|p1a: Garganacl|82/100|[from] item: Leftovers
|upkeep
|turn|32
|
|t:|1779670189
|move|p2a: Chansey|Seismic Toss|p1a: Garganacl
|-damage|p1a: Garganacl|57/100
|move|p1a: Garganacl|Salt Cure|p2a: Chansey
|-damage|p2a: Chansey|37/100
|-start|p2a: Chansey|Salt Cure
|
|-heal|p1a: Garganacl|63/100|[from] item: Leftovers
|-damage|p2a: Chansey|25/100|[from] Salt Cure
|upkeep
|turn|33
|
|t:|1779670197
|move|p2a: Chansey|Seismic Toss|p1a: Garganacl
|-damage|p1a: Garganacl|39/100
|move|p1a: Garganacl|Recover|p1a: Garganacl
|-heal|p1a: Garganacl|89/100
|
|-heal|p1a: Garganacl|95/100|[from] item: Leftovers
|-damage|p2a: Chansey|12/100|[from] Salt Cure
|upkeep
|turn|34
|
|t:|1779670200
|move|p2a: Chansey|Seismic Toss|p1a: Garganacl
|-damage|p1a: Garganacl|70/100
|move|p1a: Garganacl|Earthquake|p2a: Chansey
|-damage|p2a: Chansey|0 fnt
|faint|p2a: Chansey
|
|-heal|p1a: Garganacl|76/100|[from] item: Leftovers
|upkeep
|
|t:|1779670202
|switch|p2a: Moltres|Moltres|63/100
|turn|35
|
|t:|1779670208
|move|p1a: Garganacl|Salt Cure|p2a: Moltres
|-supereffective|p2a: Moltres
|-damage|p2a: Moltres|0 fnt
|faint|p2a: Moltres
|
|-heal|p1a: Garganacl|82/100|[from] item: Leftovers
|upkeep
|-message|Exeggy forfeited.
|
|win|Vini888vi4
|raw|Vini888vi4's rating: 1199 &rarr; <strong>1224</strong><br />(+25 for winning)
|raw|Exeggy's rating: 1205 &rarr; <strong>1180</strong><br />(-25 for losing)
|l|☆Exeggy
|player|p2|
|l|☆Vini888vi4
|player|p1|
