|j|‽eugieugi
|j|☆Solarwind4334
|t:|1779699616
|gametype|singles
|player|p1|eugieugi|1|1076
|player|p2|Solarwind4334|265|1188
|gen|9
|tier|[Gen 9] OU
|rated|
|rule|HP Percentage Mod: HP is shown in percentages
|rule|Endless Battle Clause: Forcing endless battles is banned
|rule|Species Clause: Limit one of each Pokémon
|rule|OHKO Clause: OHKO moves are banned
|rule|Evasion Items Clause: Evasion items are banned
|rule|Evasion Moves Clause: Evasion moves are banned
|rule|Evasion Abilities Clause: Evasion abilities are banned
|rule|Sleep Moves Clause: Sleep-inducing moves are banned
|clearpoke
|poke|p1|Hitmonlee, M|
|poke|p1|Espeon, M|
|poke|p1|Blastoise, F|
|poke|p1|Thundurus-Therian, M|
|poke|p1|Weezing-Galar, M|
|poke|p1|Barraskewda, M|
|poke|p2|Great Tusk|
|poke|p2|Gholdengo|
|poke|p2|Kingambit, F|
|poke|p2|Raging Bolt|
|poke|p2|Rotom-Wash|
|poke|p2|Iron Valiant|
|teampreview
|inactive|Battle timer is ON: inactive players will automatically lose when time's up. (requested by Solarwind4334)
|inactive|eugieugi has 120 seconds left.
|inactive|eugieugi has 90 seconds left.
|inactive|eugieugi has 60 seconds left.
|
|t:|1779699716
|teamsize|p1|6
|teamsize|p2|6
|start
|switch|p1a: Weezing|Weezing-Galar, M|100/100
|switch|p2a: Great Tusk|Great Tusk|100/100
|turn|1
|inactive|eugieugi has 120 seconds left.
|
|t:|1779699731
|move|p2a: Great Tusk|Stealth Rock|p1a: Weezing
|-sidestart|p1: eugieugi|move: Stealth Rock
|move|p1a: Weezing|Will-O-Wisp|p2a: Great Tusk
|-status|p2a: Great Tusk|brn
|
|-damage|p2a: Great Tusk|94/100 brn|[from] brn
|upkeep
|turn|2
|inactive|eugieugi has 120 seconds left.
|
|t:|1779699748
|move|p2a: Great Tusk|Ice Spinner|p1a: Weezing
|-damage|p1a: Weezing|92/100
|move|p1a: Weezing|Strange Steam|p2a: Great Tusk
|-supereffective|p2a: Great Tusk
|-damage|p2a: Great Tusk|9/100 brn
|
|-damage|p2a: Great Tusk|2/100 brn|[from] brn
|upkeep
|turn|3
|inactive|eugieugi has 120 seconds left.
|
|t:|1779699758
|move|p2a: Great Tusk|Earthquake|p1a: Weezing
|-immune|p1a: Weezing|[from] ability: Levitate
|move|p1a: Weezing|Rain Dance|p1a: Weezing
|-weather|RainDance
|
|-weather|RainDance|[upkeep]
|-damage|p2a: Great Tusk|0 fnt|[from] brn
|faint|p2a: Great Tusk
|-end|p2a: Great Tusk|Protosynthesis|[silent]
|upkeep
|
|t:|1779699767
|switch|p2a: Kingambit|Kingambit, F|100/100
|-activate|p2a: Kingambit|ability: Supreme Overlord
|-start|p2a: Kingambit|fallen1|[silent]
|turn|4
|
|t:|1779699770
|move|p1a: Weezing|Will-O-Wisp|p2a: Kingambit
|-status|p2a: Kingambit|brn
|move|p2a: Kingambit|Swords Dance|p2a: Kingambit
|-boost|p2a: Kingambit|atk|2
|
|-weather|RainDance|[upkeep]
|-damage|p2a: Kingambit|94/100 brn|[from] brn
|upkeep
|turn|5
|
|t:|1779699778
|move|p1a: Weezing|Strange Steam|p2a: Kingambit
|-damage|p2a: Kingambit|58/100 brn
|move|p2a: Kingambit|Swords Dance|p2a: Kingambit
|-boost|p2a: Kingambit|atk|2
|
|-weather|RainDance|[upkeep]
|-heal|p2a: Kingambit|64/100 brn|[from] item: Leftovers
|-damage|p2a: Kingambit|58/100 brn|[from] brn
|upkeep
|turn|6
|
|t:|1779699787
|move|p1a: Weezing|Strange Steam|p2a: Kingambit
|-damage|p2a: Kingambit|23/100 brn
|move|p2a: Kingambit|Iron Head|p1a: Weezing
|-supereffective|p1a: Weezing
|-damage|p1a: Weezing|0 fnt
|faint|p1a: Weezing
|
|-weather|RainDance|[upkeep]
|-heal|p2a: Kingambit|29/100 brn|[from] item: Leftovers
|-damage|p2a: Kingambit|23/100 brn|[from] brn
|upkeep
|
|t:|1779699799
|switch|p1a: Espeon|Espeon, M|100/100
|-damage|p1a: Espeon|88/100|[from] Stealth Rock
|turn|7
|
|t:|1779699806
|move|p2a: Kingambit|Sucker Punch||[still]
|-fail|p2a: Kingambit
|move|p1a: Espeon|Psychic Terrain|p1a: Espeon
|-fieldstart|move: Psychic Terrain
|
|-weather|RainDance|[upkeep]
|-heal|p2a: Kingambit|29/100 brn|[from] item: Leftovers
|-damage|p2a: Kingambit|23/100 brn|[from] brn
|upkeep
|turn|8
|
|t:|1779699815
|switch|p1a: Blastoise|Blastoise, F|100/100
|move|p2a: Kingambit|Iron Head|p1a: Blastoise
|-resisted|p1a: Blastoise
|-damage|p1a: Blastoise|63/100
|
|-weather|RainDance|[upkeep]
|-heal|p2a: Kingambit|29/100 brn|[from] item: Leftovers
|-damage|p2a: Kingambit|23/100 brn|[from] brn
|upkeep
|turn|9
|
|t:|1779699825
|move|p2a: Kingambit|Sucker Punch||[still]
|-fail|p2a: Kingambit
|move|p1a: Blastoise|Shell Smash|p1a: Blastoise
|-unboost|p1a: Blastoise|def|1
|-unboost|p1a: Blastoise|spd|1
|-boost|p1a: Blastoise|atk|2
|-boost|p1a: Blastoise|spa|2
|-boost|p1a: Blastoise|spe|2
|
|-weather|RainDance|[upkeep]
|-heal|p2a: Kingambit|29/100 brn|[from] item: Leftovers
|-damage|p2a: Kingambit|23/100 brn|[from] brn
|upkeep
|turn|10
|
|t:|1779699837
|move|p2a: Kingambit|Sucker Punch|p1a: Blastoise
|-activate|p1a: Blastoise|move: Psychic Terrain
|move|p1a: Blastoise|Aura Sphere|p2a: Kingambit
|-supereffective|p2a: Kingambit
|-damage|p2a: Kingambit|0 fnt
|faint|p2a: Kingambit
|-end|p2a: Kingambit|fallen1|[silent]
|
|-weather|none
|upkeep
|
|t:|1779699852
|switch|p2a: Raging Bolt|Raging Bolt|100/100
|turn|11
|
|t:|1779699861
|move|p1a: Blastoise|Ice Beam|p2a: Raging Bolt
|-supereffective|p2a: Raging Bolt
|-damage|p2a: Raging Bolt|44/100
|move|p2a: Raging Bolt|Dragon Pulse|p1a: Blastoise
|-damage|p1a: Blastoise|0 fnt
|faint|p1a: Blastoise
|
|upkeep
|
|t:|1779699874
|switch|p1a: Espeon|Espeon, M|88/100
|-damage|p1a: Espeon|76/100|[from] Stealth Rock
|turn|12
|
|t:|1779699891
|move|p1a: Espeon|Psychic|p2a: Raging Bolt
|-damage|p2a: Raging Bolt|13/100
|move|p2a: Raging Bolt|Dragon Pulse|p1a: Espeon
|-damage|p1a: Espeon|8/100
|
|upkeep
|turn|13
|
|t:|1779699897
|move|p2a: Raging Bolt|Thunderclap|p1a: Espeon
|-activate|p1a: Espeon|move: Psychic Terrain
|move|p1a: Espeon|Psychic|p2a: Raging Bolt
|-damage|p2a: Raging Bolt|0 fnt
|faint|p2a: Raging Bolt
|-end|p2a: Raging Bolt|Protosynthesis|[silent]
|
|upkeep
|
|t:|1779699904
|switch|p2a: Iron Valiant|Iron Valiant|100/100
|-enditem|p2a: Iron Valiant|Booster Energy
|-activate|p2a: Iron Valiant|ability: Quark Drive|[fromitem]
|-start|p2a: Iron Valiant|quarkdrivespe
|turn|14
|
|t:|1779699913
|move|p2a: Iron Valiant|Knock Off|p1a: Espeon
|-supereffective|p1a: Espeon
|-damage|p1a: Espeon|0 fnt
|-enditem|p1a: Espeon|Terrain Extender|[from] move: Knock Off|[of] p2a: Iron Valiant
|faint|p1a: Espeon
|
|-fieldend|move: Psychic Terrain
|upkeep
|
|t:|1779699921
|switch|p1a: Hitmonlee|Hitmonlee, M|100/100
|-damage|p1a: Hitmonlee|94/100|[from] Stealth Rock
|turn|15
|
|t:|1779699930
|move|p1a: Hitmonlee|Endure|p1a: Hitmonlee
|-singleturn|p1a: Hitmonlee|move: Endure
|move|p2a: Iron Valiant|Close Combat|p1a: Hitmonlee
|-activate|p1a: Hitmonlee|move: Endure
|-damage|p1a: Hitmonlee|1/100
|-unboost|p2a: Iron Valiant|def|1
|-unboost|p2a: Iron Valiant|spd|1
|
|upkeep
|turn|16
|
|t:|1779699944
|-end|p2a: Iron Valiant|Quark Drive|[silent]
|switch|p2a: Gholdengo|Gholdengo|100/100
|move|p1a: Hitmonlee|Endure||[still]
|-fail|p1a: Hitmonlee
|
|upkeep
|turn|17
|
|t:|1779699954
|move|p1a: Hitmonlee|Endure|p1a: Hitmonlee
|-singleturn|p1a: Hitmonlee|move: Endure
|move|p2a: Gholdengo|Shadow Ball|p1a: Hitmonlee
|-activate|p1a: Hitmonlee|move: Endure
|-damage|p1a: Hitmonlee|1/100
|
|upkeep
|turn|18
|
|t:|1779699962
|move|p2a: Gholdengo|Shadow Ball|p1a: Hitmonlee
|-damage|p1a: Hitmonlee|0 fnt
|faint|p1a: Hitmonlee
|
|upkeep
|
|t:|1779699968
|switch|p1a: Thundurus|Thundurus-Therian, M|100/100
|-damage|p1a: Thundurus|76/100|[from] Stealth Rock
|turn|19
|
|t:|1779699976
|move|p1a: Thundurus|Wildbolt Storm|p2a: Gholdengo
|-damage|p2a: Gholdengo|35/100
|-status|p2a: Gholdengo|par
|move|p2a: Gholdengo|Nasty Plot|p2a: Gholdengo
|-boost|p2a: Gholdengo|spa|2
|
|-heal|p2a: Gholdengo|41/100 par|[from] item: Leftovers
|upkeep
|turn|20
|
|t:|1779699987
|move|p1a: Thundurus|Volt Switch|p2a: Gholdengo
|-damage|p2a: Gholdengo|0 fnt
|faint|p2a: Gholdengo
|
|t:|1779699990
|switch|p1a: Barraskewda|Barraskewda, M|100/100|[from] Volt Switch
|-damage|p1a: Barraskewda|88/100|[from] Stealth Rock
|
|upkeep
|
|t:|1779699994
|switch|p2a: Rotom|Rotom-Wash|100/100
|turn|21
|
|t:|1779700002
|move|p1a: Barraskewda|Close Combat|p2a: Rotom
|-crit|p2a: Rotom
|-damage|p2a: Rotom|2/100
|-unboost|p1a: Barraskewda|def|1
|-unboost|p1a: Barraskewda|spd|1
|-damage|p1a: Barraskewda|78/100|[from] item: Life Orb
|move|p2a: Rotom|Will-O-Wisp|p1a: Barraskewda
|-status|p1a: Barraskewda|brn
|
|-heal|p2a: Rotom|8/100|[from] item: Leftovers
|-damage|p1a: Barraskewda|72/100 brn|[from] brn
|upkeep
|turn|22
|
|t:|1779700022
|switch|p2a: Iron Valiant|Iron Valiant|100/100
|move|p1a: Barraskewda|Throat Chop|p2a: Iron Valiant
|-resisted|p2a: Iron Valiant
|-crit|p2a: Iron Valiant
|-damage|p2a: Iron Valiant|90/100
|-start|p2a: Iron Valiant|Throat Chop|[silent]
|-damage|p1a: Barraskewda|62/100 brn|[from] item: Life Orb
|
|-damage|p1a: Barraskewda|56/100 brn|[from] brn
|upkeep
|turn|23
|
|t:|1779700034
|move|p1a: Barraskewda|Waterfall|p2a: Iron Valiant
|-damage|p2a: Iron Valiant|56/100
|-damage|p1a: Barraskewda|47/100 brn|[from] item: Life Orb
|move|p2a: Iron Valiant|Thunderbolt|p1a: Barraskewda
|-supereffective|p1a: Barraskewda
|-damage|p1a: Barraskewda|0 fnt
|faint|p1a: Barraskewda
|
|-end|p2a: Iron Valiant|Throat Chop|[silent]
|upkeep
|
|t:|1779700041
|switch|p1a: Thundurus|Thundurus-Therian, M|76/100
|-damage|p1a: Thundurus|51/100|[from] Stealth Rock
|turn|24
|
|t:|1779700053
|-terastallize|p2a: Iron Valiant|Steel
|move|p2a: Iron Valiant|Moonblast|p1a: Thundurus
|-damage|p1a: Thundurus|15/100
|move|p1a: Thundurus|Wildbolt Storm|p2a: Iron Valiant
|-damage|p2a: Iron Valiant|0 fnt
|faint|p2a: Iron Valiant
|-end|p2a: Iron Valiant|Quark Drive|[silent]
|
|upkeep
|
|t:|1779700059
|switch|p2a: Rotom|Rotom-Wash|8/100
|turn|25
|inactive|eugieugi has 120 seconds left.
|
|t:|1779700094
|move|p1a: Thundurus|Volt Switch|p2a: Rotom
|-damage|p2a: Rotom|0 fnt
|faint|p2a: Rotom
|
|win|eugieugi
|raw|eugieugi's rating: 1076 &rarr; <strong>1114</strong><br />(+38 for winning)
|raw|Solarwind4334's rating: 1188 &rarr; <strong>1155</strong><br />(-33 for losing)
|l|☆Solarwind4334
|player|p2|
|l|‽eugieugi
|player|p1|
