|j|☆purpashroom
|j|☆MaxTitanium6121
|t:|1779691075
|gametype|singles
|player|p1|purpashroom|richboy-gen4|1128
|player|p2|MaxTitanium6121|2|1147
|gen|9
|tier|[Gen 9] OU
|rated|
|rule|HP Percentage Mod: HP is shown in percentages
|rule|Endless Battle Clause: Forcing endless battles is banned
|rule|Species Clause: Limit one of each Pokémon
|rule|OHKO Clause: OHKO moves are banned
|rule|Evasion Items Clause: Evasion items are banned
|rule|Evasion Moves Clause: Evasion moves are banned
|rule|Evasion Abilities Clause: Evasion abilities are banned
|rule|Sleep Moves Clause: Sleep-inducing moves are banned
|clearpoke
|poke|p1|Hatterene, F|
|poke|p1|Reuniclus, M|
|poke|p1|Ursaluna, M|
|poke|p1|Kingambit, M|
|poke|p1|Torkoal, M|
|poke|p1|Farigiraf, M|
|poke|p2|Torterra, M|
|poke|p2|Yanmega, M|
|poke|p2|Bastiodon, M|
|poke|p2|Cinderace, M|
|poke|p2|Samurott-Hisui, M|
|poke|p2|Whimsicott, F|
|teampreview
|inactive|Battle timer is ON: inactive players will automatically lose when time's up. (requested by purpashroom)
|
|t:|1779691086
|teamsize|p1|6
|teamsize|p2|6
|start
|switch|p1a: Hatterene|Hatterene, F|100/100
|switch|p2a: Torterror|Torterra, M|100/100
|turn|1
|
|t:|1779691095
|move|p2a: Torterror|Headlong Rush|p1a: Hatterene
|-damage|p1a: Hatterene|38/100
|-unboost|p2a: Torterror|def|1
|-unboost|p2a: Torterror|spd|1
|move|p1a: Hatterene|Trick Room|p1a: Hatterene
|-fieldstart|move: Trick Room|[of] p1a: Hatterene
|
|-heal|p1a: Hatterene|44/100|[from] item: Leftovers
|upkeep
|turn|2
|
|t:|1779691122
|switch|p1a: Torkoal|Torkoal, M|100/100
|-weather|SunnyDay|[from] ability: Drought|[of] p1a: Torkoal
|move|p2a: Torterror|Headlong Rush|p1a: Torkoal
|-supereffective|p1a: Torkoal
|-damage|p1a: Torkoal|18/100
|-unboost|p2a: Torterror|def|1
|-unboost|p2a: Torterror|spd|1
|
|-weather|SunnyDay|[upkeep]
|upkeep
|turn|3
|
|t:|1779691139
|switch|p2a: Samurott|Samurott-Hisui, M, shiny|100/100
|move|p1a: Torkoal|Flamethrower|p2a: Samurott
|-resisted|p2a: Samurott
|-damage|p2a: Samurott|49/100
|
|-weather|SunnyDay|[upkeep]
|upkeep
|turn|4
|
|t:|1779691148
|move|p2a: Samurott|Aqua Jet|p1a: Torkoal
|-supereffective|p1a: Torkoal
|-damage|p1a: Torkoal|5/100
|move|p1a: Torkoal|Flamethrower|p2a: Samurott
|-resisted|p2a: Samurott
|-damage|p2a: Samurott|0 fnt
|faint|p2a: Samurott
|
|-weather|SunnyDay|[upkeep]
|upkeep
|
|t:|1779691156
|switch|p2a: Mega Yanmega|Yanmega, M|100/100
|turn|5
|
|t:|1779691161
|move|p2a: Mega Yanmega|Quick Attack|p1a: Torkoal
|-damage|p1a: Torkoal|0 fnt
|faint|p1a: Torkoal
|
|-weather|SunnyDay|[upkeep]
|-fieldend|move: Trick Room
|-ability|p2a: Mega Yanmega|Speed Boost|boost
|-boost|p2a: Mega Yanmega|spe|1
|upkeep
|
|t:|1779691174
|switch|p1a: Hatterene|Hatterene, F|44/100
|turn|6
|
|t:|1779691180
|move|p2a: Mega Yanmega|Bug Buzz|p1a: Hatterene
|-damage|p1a: Hatterene|0 fnt
|faint|p1a: Hatterene
|-enditem|p2a: Mega Yanmega|Throat Spray
|-boost|p2a: Mega Yanmega|spa|1|[from] item: Throat Spray
|
|-weather|none
|-ability|p2a: Mega Yanmega|Speed Boost|boost
|-boost|p2a: Mega Yanmega|spe|1
|upkeep
|
|t:|1779691191
|switch|p1a: Reuniclus|Reuniclus, M, shiny|100/100
|turn|7
|
|t:|1779691194
|move|p2a: Mega Yanmega|Bug Buzz|p1a: Reuniclus
|-supereffective|p1a: Reuniclus
|-crit|p1a: Reuniclus
|-damage|p1a: Reuniclus|0 fnt
|faint|p1a: Reuniclus
|
|-ability|p2a: Mega Yanmega|Speed Boost|boost
|-boost|p2a: Mega Yanmega|spe|1
|upkeep
|
|t:|1779691200
|switch|p1a: Farigiraf|Farigiraf, M|100/100
|turn|8
|
|t:|1779691208
|-terastallize|p1a: Farigiraf|Normal
|move|p2a: Mega Yanmega|Bug Buzz|p1a: Farigiraf
|-damage|p1a: Farigiraf|25/100
|move|p1a: Farigiraf|Trick Room|p1a: Farigiraf
|-fieldstart|move: Trick Room|[of] p1a: Farigiraf
|
|-ability|p2a: Mega Yanmega|Speed Boost|boost
|-boost|p2a: Mega Yanmega|spe|1
|upkeep
|turn|9
|
|t:|1779691220
|move|p2a: Mega Yanmega|Quick Attack||[still]
|cant|p1a: Farigiraf|ability: Armor Tail|Quick Attack|[of] p2a: Mega Yanmega
|move|p1a: Farigiraf|Thunderbolt|p2a: Mega Yanmega
|-supereffective|p2a: Mega Yanmega
|-damage|p2a: Mega Yanmega|0 fnt
|faint|p2a: Mega Yanmega
|
|upkeep
|
|t:|1779691239
|switch|p2a: Torterror|Torterra, M|100/100
|turn|10
|
|t:|1779691250
|switch|p1a: Ursaluna|Ursaluna, M|100/100
|move|p2a: Torterror|Headlong Rush|p1a: Ursaluna
|-damage|p1a: Ursaluna|54/100
|-unboost|p2a: Torterror|def|1
|-unboost|p2a: Torterror|spd|1
|
|-status|p1a: Ursaluna|brn|[from] item: Flame Orb
|upkeep
|turn|11
|
|t:|1779691262
|switch|p2a: Cinderace|Cinderace, M|100/100
|move|p1a: Ursaluna|Facade|p2a: Cinderace
|-damage|p2a: Cinderace|0 fnt
|faint|p2a: Cinderace
|
|-damage|p1a: Ursaluna|48/100 brn|[from] brn
|upkeep
|
|t:|1779691271
|switch|p2a: Whimsicott|Whimsicott, F, shiny|100/100
|turn|12
|
|t:|1779691280
|move|p2a: Whimsicott|Stun Spore|p1a: Ursaluna|[miss]
|-miss|p2a: Whimsicott|p1a: Ursaluna
|move|p1a: Ursaluna|Facade|p2a: Whimsicott
|-damage|p2a: Whimsicott|0 fnt
|faint|p2a: Whimsicott
|
|-damage|p1a: Ursaluna|41/100 brn|[from] brn
|-fieldend|move: Trick Room
|upkeep
|
|t:|1779691289
|switch|p2a: Bastiodon|Bastiodon, M|100/100
|turn|13
|
|t:|1779691297
|switch|p1a: Farigiraf|Farigiraf, M, tera:Normal|25/100
|move|p2a: Bastiodon|Iron Defense|p2a: Bastiodon
|-boost|p2a: Bastiodon|def|2
|
|upkeep
|turn|14
|
|t:|1779691304
|move|p2a: Bastiodon|Body Press|p1a: Farigiraf
|-supereffective|p1a: Farigiraf
|-crit|p1a: Farigiraf
|-damage|p1a: Farigiraf|0 fnt
|faint|p1a: Farigiraf
|
|upkeep
|
|t:|1779691313
|switch|p1a: Ursaluna|Ursaluna, M|41/100 brn
|turn|15
|
|t:|1779691318
|move|p2a: Bastiodon|Body Press|p1a: Ursaluna
|-supereffective|p1a: Ursaluna
|-damage|p1a: Ursaluna|0 fnt
|faint|p1a: Ursaluna
|
|upkeep
|
|t:|1779691322
|switch|p1a: Kingambit|Kingambit, M, shiny|100/100
|-activate|p1a: Kingambit|ability: Supreme Overlord
|-start|p1a: Kingambit|fallen5|[silent]
|turn|16
|
|t:|1779691331
|move|p2a: Bastiodon|Body Press|p1a: Kingambit
|-supereffective|p1a: Kingambit
|-damage|p1a: Kingambit|0 fnt
|faint|p1a: Kingambit
|-end|p1a: Kingambit|fallen5|[silent]
|
|win|MaxTitanium6121
|raw|purpashroom's rating: 1128 &rarr; <strong>1104</strong><br />(-24 for losing)
|raw|MaxTitanium6121's rating: 1147 &rarr; <strong>1171</strong><br />(+24 for winning)
|l|☆purpashroom
|player|p1|
