|j|☆tauros3
|j|☆FEDSMOK3R
|t:|1779643433
|gametype|singles
|player|p1|tauros3|swimmer-gen4dp|1519
|player|p2|FEDSMOK3R|flannery|1509
|gen|9
|tier|[Gen 9] OU
|rated|
|rule|HP Percentage Mod: HP is shown in percentages
|rule|Endless Battle Clause: Forcing endless battles is banned
|rule|Species Clause: Limit one of each Pokémon
|rule|OHKO Clause: OHKO moves are banned
|rule|Evasion Items Clause: Evasion items are banned
|rule|Evasion Moves Clause: Evasion moves are banned
|rule|Evasion Abilities Clause: Evasion abilities are banned
|rule|Sleep Moves Clause: Sleep-inducing moves are banned
|clearpoke
|poke|p1|Hatterene, F|
|poke|p1|Cresselia, F|
|poke|p1|Diancie|
|poke|p1|Iron Hands|
|poke|p1|Crawdaunt, F|
|poke|p1|Pelipper, M|
|poke|p2|Kommo-o, M|
|poke|p2|Weezing-Galar, M|
|poke|p2|Iron Valiant|
|poke|p2|Kingambit, M|
|poke|p2|Zapdos|
|poke|p2|Hoopa-Unbound|
|teampreview
|inactive|Battle timer is ON: inactive players will automatically lose when time's up. (requested by FEDSMOK3R)
|inactive|tauros3 also wants the timer to be on.
|
|t:|1779643446
|teamsize|p1|6
|teamsize|p2|6
|start
|switch|p1a: Pink Triangle|Hatterene, F|100/100
|switch|p2a: Fear Innoculum|Hoopa-Unbound|100/100
|turn|1
|
|t:|1779643451
|move|p2a: Fear Innoculum|Knock Off|p1a: Pink Triangle
|-damage|p1a: Pink Triangle|23/100
|-enditem|p1a: Pink Triangle|Focus Sash|[from] move: Knock Off|[of] p2a: Fear Innoculum
|move|p1a: Pink Triangle|Trick Room|p1a: Pink Triangle
|-fieldstart|move: Trick Room|[of] p1a: Pink Triangle
|
|upkeep
|turn|2
|
|t:|1779643457
|move|p1a: Pink Triangle|Dazzling Gleam|p2a: Fear Innoculum
|-supereffective|p2a: Fear Innoculum
|-damage|p2a: Fear Innoculum|55/100
|move|p2a: Fear Innoculum|Knock Off|p1a: Pink Triangle
|-damage|p1a: Pink Triangle|0 fnt
|faint|p1a: Pink Triangle
|
|upkeep
|
|t:|1779643473
|switch|p1a: No Other One|Diancie|100/100
|turn|3
|
|t:|1779643482
|switch|p2a: Belzebong|Weezing-Galar, M|100/100
|-ability|p2a: Belzebong|Neutralizing Gas
|move|p1a: No Other One|Meteor Beam||[still]
|-prepare|p1a: No Other One|Meteor Beam
|-boost|p1a: No Other One|spa|1
|-enditem|p1a: No Other One|Power Herb
|-anim|p1a: No Other One|Meteor Beam|p2a: Belzebong
|-damage|p2a: Belzebong|0 fnt
|faint|p2a: Belzebong
|-end|p2a: Belzebong|ability: Neutralizing Gas
|
|upkeep
|
|t:|1779643486
|switch|p2a: Nailbomb|Kingambit, M, shiny|100/100
|turn|4
|
|t:|1779643493
|-terastallize|p2a: Nailbomb|Ghost
|move|p1a: No Other One|Earth Power|p2a: Nailbomb
|-damage|p2a: Nailbomb|59/100
|move|p2a: Nailbomb|Iron Head|p1a: No Other One
|-supereffective|p1a: No Other One
|-damage|p1a: No Other One|0 fnt
|faint|p1a: No Other One
|
|-heal|p2a: Nailbomb|66/100|[from] item: Leftovers
|upkeep
|
|t:|1779643500
|switch|p1a: Getchoo|Crawdaunt, F|100/100
|turn|5
|
|t:|1779643504
|switch|p2a: Electric Wizard|Zapdos, shiny|100/100
|move|p1a: Getchoo|Crabhammer|p2a: Electric Wizard
|-damage|p2a: Electric Wizard|4/100
|-damage|p1a: Getchoo|90/100|[from] item: Life Orb
|
|-fieldend|move: Trick Room
|upkeep
|turn|6
|
|t:|1779643508
|move|p1a: Getchoo|Aqua Jet|p2a: Electric Wizard
|-damage|p2a: Electric Wizard|0 fnt
|faint|p2a: Electric Wizard
|-damage|p1a: Getchoo|80/100|[from] item: Life Orb
|
|upkeep
|
|t:|1779643510
|switch|p2a: Gojira|Kommo-o, M|100/100
|turn|7
|
|t:|1779643518
|switch|p1a: Butterfly|Cresselia, F|100/100
|move|p2a: Gojira|Bulk Up|p2a: Gojira
|-boost|p2a: Gojira|atk|1
|-boost|p2a: Gojira|def|1
|
|upkeep
|turn|8
|
|t:|1779643533
|move|p2a: Gojira|Dragon Tail|p1a: Butterfly
|-damage|p1a: Butterfly|77/100
|drag|p1a: Across The Sea|Pelipper, M|100/100
|-weather|RainDance|[from] ability: Drizzle|[of] p1a: Across The Sea
|
|-weather|RainDance|[upkeep]
|upkeep
|turn|9
|
|t:|1779643539
|switch|p2a: Fear Innoculum|Hoopa-Unbound|55/100
|move|p1a: Across The Sea|Hurricane|p2a: Fear Innoculum
|-damage|p2a: Fear Innoculum|18/100
|
|-weather|RainDance|[upkeep]
|upkeep
|turn|10
|
|t:|1779643544
|move|p2a: Fear Innoculum|Knock Off|p1a: Across The Sea
|-damage|p1a: Across The Sea|28/100
|-enditem|p1a: Across The Sea|Choice Specs|[from] move: Knock Off|[of] p2a: Fear Innoculum
|move|p1a: Across The Sea|Hurricane|p2a: Fear Innoculum
|-damage|p2a: Fear Innoculum|0 fnt
|faint|p2a: Fear Innoculum
|
|-weather|RainDance|[upkeep]
|upkeep
|
|t:|1779643548
|switch|p2a: René Lévesque|Iron Valiant, shiny|100/100
|-enditem|p2a: René Lévesque|Booster Energy
|-activate|p2a: René Lévesque|ability: Quark Drive|[fromitem]
|-start|p2a: René Lévesque|quarkdrivespe
|turn|11
|
|t:|1779643550
|move|p2a: René Lévesque|Moonblast|p1a: Across The Sea
|-damage|p1a: Across The Sea|0 fnt
|faint|p1a: Across The Sea
|
|-weather|RainDance|[upkeep]
|upkeep
|
|t:|1779643553
|switch|p1a: Butterfly|Cresselia, F|77/100
|turn|12
|
|t:|1779643560
|move|p2a: René Lévesque|Knock Off|p1a: Butterfly
|-supereffective|p1a: Butterfly
|-damage|p1a: Butterfly|47/100
|-enditem|p1a: Butterfly|Mental Herb|[from] move: Knock Off|[of] p2a: René Lévesque
|move|p1a: Butterfly|Psychic|p2a: René Lévesque
|-supereffective|p2a: René Lévesque
|-damage|p2a: René Lévesque|0 fnt
|faint|p2a: René Lévesque
|-end|p2a: René Lévesque|Quark Drive|[silent]
|
|-weather|none
|upkeep
|
|t:|1779643568
|switch|p2a: Nailbomb|Kingambit, M, shiny, tera:Ghost|66/100
|turn|13
|
|t:|1779643571
|-terastallize|p1a: Butterfly|Poison
|move|p2a: Nailbomb|Kowtow Cleave|p1a: Butterfly
|-damage|p1a: Butterfly|19/100
|move|p1a: Butterfly|Trick Room|p1a: Butterfly
|-fieldstart|move: Trick Room|[of] p1a: Butterfly
|
|-heal|p2a: Nailbomb|72/100|[from] item: Leftovers
|upkeep
|turn|14
|
|t:|1779643579
|move|p2a: Nailbomb|Swords Dance|p2a: Nailbomb
|-boost|p2a: Nailbomb|atk|2
|move|p1a: Butterfly|Lunar Dance|p1a: Butterfly
|faint|p1a: Butterfly
|
|-heal|p2a: Nailbomb|78/100|[from] item: Leftovers
|upkeep
|
|t:|1779643582
|switch|p1a: El Scorcho|Iron Hands|100/100
|-enditem|p1a: El Scorcho|Booster Energy
|-activate|p1a: El Scorcho|ability: Quark Drive|[fromitem]
|-start|p1a: El Scorcho|quarkdriveatk
|turn|15
|
|t:|1779643593
|move|p1a: El Scorcho|Wild Charge|p2a: Nailbomb
|-damage|p2a: Nailbomb|25/100
|-damage|p1a: El Scorcho|90/100|[from] Recoil
|move|p2a: Nailbomb|Kowtow Cleave|p1a: El Scorcho
|-resisted|p1a: El Scorcho
|-damage|p1a: El Scorcho|60/100
|
|-heal|p2a: Nailbomb|31/100|[from] item: Leftovers
|upkeep
|turn|16
|
|t:|1779643599
|move|p2a: Nailbomb|Sucker Punch|p1a: El Scorcho
|-resisted|p1a: El Scorcho
|-damage|p1a: El Scorcho|34/100
|move|p1a: El Scorcho|Wild Charge|p2a: Nailbomb
|-damage|p2a: Nailbomb|0 fnt
|faint|p2a: Nailbomb
|-damage|p1a: El Scorcho|29/100|[from] Recoil
|
|upkeep
|
|t:|1779643602
|switch|p2a: Gojira|Kommo-o, M|100/100
|turn|17
|
|t:|1779643604
|move|p1a: El Scorcho|Ice Punch|p2a: Gojira
|-supereffective|p2a: Gojira
|-damage|p2a: Gojira|36/100
|move|p2a: Gojira|Bulk Up|p2a: Gojira
|-boost|p2a: Gojira|atk|1
|-boost|p2a: Gojira|def|1
|
|-heal|p2a: Gojira|42/100|[from] item: Leftovers
|-fieldend|move: Trick Room
|upkeep
|turn|18
|
|t:|1779643608
|move|p2a: Gojira|Drain Punch|p1a: El Scorcho
|-damage|p1a: El Scorcho|0 fnt
|-heal|p2a: Gojira|67/100|[from] drain|[of] p1a: El Scorcho
|faint|p1a: El Scorcho
|-end|p1a: El Scorcho|Quark Drive|[silent]
|
|-heal|p2a: Gojira|73/100|[from] item: Leftovers
|upkeep
|
|t:|1779643611
|switch|p1a: Getchoo|Crawdaunt, F|80/100
|-heal|p1a: Getchoo|100/100|[from] move: Lunar Dance
|turn|19
|
|t:|1779643615
|move|p2a: Gojira|Drain Punch|p1a: Getchoo
|-supereffective|p1a: Getchoo
|-damage|p1a: Getchoo|0 fnt
|-heal|p2a: Gojira|100/100|[from] drain|[of] p1a: Getchoo
|faint|p1a: Getchoo
|
|win|FEDSMOK3R
|raw|tauros3's rating: 1519 &rarr; <strong>1498</strong><br />(-21 for losing)
|raw|FEDSMOK3R's rating: 1509 &rarr; <strong>1530</strong><br />(+21 for winning)
|c|☆FEDSMOK3R|gg
|l|☆tauros3
|player|p1|
|l|☆FEDSMOK3R
|player|p2|
