|j|☆claudechamp
|j|☆accidentalrabies
|t:|1779695825
|gametype|singles
|player|p1|claudechamp|169|1127
|player|p2|accidentalrabies|cynthia-gen4|1138
|gen|9
|tier|[Gen 9] OU
|rated|
|rule|HP Percentage Mod: HP is shown in percentages
|rule|Endless Battle Clause: Forcing endless battles is banned
|rule|Species Clause: Limit one of each Pokémon
|rule|OHKO Clause: OHKO moves are banned
|rule|Evasion Items Clause: Evasion items are banned
|rule|Evasion Moves Clause: Evasion moves are banned
|rule|Evasion Abilities Clause: Evasion abilities are banned
|rule|Sleep Moves Clause: Sleep-inducing moves are banned
|clearpoke
|poke|p1|Gliscor, M|
|poke|p1|Ogerpon, F|
|poke|p1|Walking Wake|
|poke|p1|Blissey, F|
|poke|p1|Corviknight, M|
|poke|p1|Pecharunt|
|poke|p2|Tyranitar, M|
|poke|p2|Excadrill, M|
|poke|p2|Samurott-Hisui, F|
|poke|p2|Rotom-Wash|
|poke|p2|Gliscor, M|
|poke|p2|Goodra-Hisui, F|
|teampreview
|c|☆claudechamp|hf
|inactive|Battle timer is ON: inactive players will automatically lose when time's up. (requested by claudechamp)
|
|t:|1779695832
|teamsize|p1|6
|teamsize|p2|6
|start
|switch|p1a: Gliscor|Gliscor, M|100/100
|switch|p2a: Gliscor|Gliscor, M|100/100
|turn|1
|
|t:|1779695838
|move|p1a: Gliscor|Spikes|p2a: Gliscor
|-sidestart|p2: accidentalrabies|Spikes
|move|p2a: Gliscor|Stealth Rock|p1a: Gliscor
|-sidestart|p1: claudechamp|move: Stealth Rock
|
|-status|p1a: Gliscor|tox|[from] item: Toxic Orb
|-status|p2a: Gliscor|tox|[from] item: Toxic Orb
|upkeep
|turn|2
|
|t:|1779695847
|switch|p2a: Excadrill|Excadrill, M|100/100
|move|p1a: Gliscor|Spikes|p2a: Excadrill
|-sidestart|p2: accidentalrabies|Spikes
|
|upkeep
|turn|3
|
|t:|1779695854
|move|p2a: Excadrill|Rapid Spin|p1a: Gliscor
|-damage|p1a: Gliscor|86/100 tox
|-boost|p2a: Excadrill|spe|1
|-sideend|p2: accidentalrabies|Spikes|[from] move: Rapid Spin|[of] p2a: Excadrill
|move|p1a: Gliscor|Spikes|p2a: Excadrill
|-sidestart|p2: accidentalrabies|Spikes
|
|-heal|p1a: Gliscor|99/100 tox|[from] ability: Poison Heal
|upkeep
|turn|4
|
|t:|1779695866
|switch|p2a: Rotom|Rotom-Wash|100/100
|move|p1a: Gliscor|Earthquake|p2a: Rotom
|-immune|p2a: Rotom|[from] ability: Levitate
|
|-heal|p1a: Gliscor|100/100 tox|[from] ability: Poison Heal
|upkeep
|turn|5
|
|t:|1779695872
|switch|p1a: Ogerpon|Ogerpon, F|100/100
|move|p2a: Rotom|Hydro Pump|p1a: Ogerpon
|-resisted|p1a: Ogerpon
|-damage|p1a: Ogerpon|76/100
|
|upkeep
|turn|6
|
|t:|1779695882
|switch|p2a: Goodra|Goodra-Hisui, F|100/100
|-damage|p2a: Goodra|88/100|[from] Spikes
|move|p1a: Ogerpon|Ivy Cudgel|p2a: Goodra
|-resisted|p2a: Goodra
|-damage|p2a: Goodra|77/100
|
|upkeep
|turn|7
|
|t:|1779695890
|move|p1a: Ogerpon|Knock Off|p2a: Goodra
|-damage|p2a: Goodra|46/100
|-ability|p2a: Goodra|Gooey
|-unboost|p1a: Ogerpon|spe|1
|-ability|p1a: Ogerpon|Defiant|boost
|-boost|p1a: Ogerpon|atk|2
|-enditem|p2a: Goodra|Assault Vest|[from] move: Knock Off|[of] p1a: Ogerpon
|move|p2a: Goodra|Fire Blast|p1a: Ogerpon
|-supereffective|p1a: Ogerpon
|-damage|p1a: Ogerpon|0 fnt
|faint|p1a: Ogerpon
|
|upkeep
|
|t:|1779695895
|switch|p1a: Blissey|Blissey, F|100/100
|turn|8
|
|t:|1779695910
|switch|p2a: Tyranitar|Tyranitar, M|100/100
|-damage|p2a: Tyranitar|88/100|[from] Spikes
|-weather|Sandstorm|[from] ability: Sand Stream|[of] p2a: Tyranitar
|move|p1a: Blissey|Seismic Toss|p2a: Tyranitar
|-damage|p2a: Tyranitar|59/100
|
|-weather|Sandstorm|[upkeep]
|-damage|p1a: Blissey|94/100|[from] Sandstorm
|upkeep
|turn|9
|
|t:|1779695922
|switch|p2a: Excadrill|Excadrill, M|100/100
|switch|p1a: Gliscor|Gliscor, M|100/100 tox
|-damage|p1a: Gliscor|88/100 tox|[from] Stealth Rock
|
|-weather|Sandstorm|[upkeep]
|-heal|p1a: Gliscor|100/100 tox|[from] ability: Poison Heal
|upkeep
|turn|10
|
|t:|1779695934
|switch|p2a: Rotom|Rotom-Wash|100/100
|move|p1a: Gliscor|Earthquake|p2a: Rotom
|-immune|p2a: Rotom|[from] ability: Levitate
|
|-weather|Sandstorm|[upkeep]
|-damage|p2a: Rotom|94/100|[from] Sandstorm
|-heal|p2a: Rotom|100/100|[from] item: Leftovers
|upkeep
|turn|11
|
|t:|1779695939
|switch|p1a: Blissey|Blissey, F|94/100
|move|p2a: Rotom|Hydro Pump|p1a: Blissey|[miss]
|-miss|p2a: Rotom|p1a: Blissey
|
|-weather|Sandstorm|[upkeep]
|-damage|p2a: Rotom|94/100|[from] Sandstorm
|-damage|p1a: Blissey|88/100|[from] Sandstorm
|-heal|p2a: Rotom|100/100|[from] item: Leftovers
|upkeep
|turn|12
|
|t:|1779695946
|switch|p2a: Excadrill|Excadrill, M|100/100
|move|p1a: Blissey|Stealth Rock|p2a: Excadrill
|-sidestart|p2: accidentalrabies|move: Stealth Rock
|
|-weather|none
|upkeep
|turn|13
|
|t:|1779695952
|switch|p1a: Pecharunt|Pecharunt|100/100
|move|p2a: Excadrill|Rapid Spin|p1a: Pecharunt
|-immune|p1a: Pecharunt
|
|upkeep
|turn|14
|
|t:|1779695962
|switch|p2a: Gliscor|Gliscor, M|100/100 tox
|-damage|p2a: Gliscor|88/100 tox|[from] Stealth Rock
|move|p1a: Pecharunt|Foul Play|p2a: Gliscor
|-damage|p2a: Gliscor|71/100 tox
|
|-heal|p2a: Gliscor|84/100 tox|[from] ability: Poison Heal
|upkeep
|turn|15
|
|t:|1779695972
|switch|p1a: Walking Wake|Walking Wake|100/100
|move|p2a: Gliscor|Earthquake|p1a: Walking Wake
|-damage|p1a: Walking Wake|65/100
|
|-heal|p2a: Gliscor|96/100 tox|[from] ability: Poison Heal
|upkeep
|turn|16
|
|t:|1779695982
|switch|p2a: Samurott|Samurott-Hisui, F|100/100
|-damage|p2a: Samurott|88/100|[from] Spikes
|-damage|p2a: Samurott|76/100|[from] Stealth Rock
|move|p1a: Walking Wake|Surf|p2a: Samurott
|-resisted|p2a: Samurott
|-damage|p2a: Samurott|39/100
|
|upkeep
|turn|17
|
|t:|1779695996
|move|p2a: Samurott|Sacred Sword|p1a: Walking Wake
|-damage|p1a: Walking Wake|18/100
|move|p1a: Walking Wake|Surf|p2a: Samurott
|-resisted|p2a: Samurott
|-damage|p2a: Samurott|3/100
|
|upkeep
|turn|18
|
|t:|1779696006
|switch|p2a: Rotom|Rotom-Wash|100/100
|-damage|p2a: Rotom|88/100|[from] Stealth Rock
|-end|p1a: Walking Wake|Protosynthesis|[silent]
|switch|p1a: Pecharunt|Pecharunt|100/100
|
|-heal|p2a: Rotom|94/100|[from] item: Leftovers
|upkeep
|turn|19
|
|t:|1779696018
|move|p1a: Pecharunt|Malignant Chain|p2a: Rotom
|-damage|p2a: Rotom|58/100
|move|p2a: Rotom|Volt Switch|p1a: Pecharunt
|-damage|p1a: Pecharunt|77/100
|
|t:|1779696025
|switch|p2a: Tyranitar|Tyranitar, M|59/100|[from] Volt Switch
|-damage|p2a: Tyranitar|46/100|[from] Spikes
|-damage|p2a: Tyranitar|34/100|[from] Stealth Rock
|-weather|Sandstorm|[from] ability: Sand Stream|[of] p2a: Tyranitar
|
|-weather|Sandstorm|[upkeep]
|-damage|p1a: Pecharunt|71/100|[from] Sandstorm
|upkeep
|turn|20
|
|t:|1779696030
|switch|p2a: Excadrill|Excadrill, M|100/100
|move|p1a: Pecharunt|Parting Shot|p2a: Excadrill
|-unboost|p2a: Excadrill|atk|1
|-unboost|p2a: Excadrill|spa|1
|
|t:|1779696037
|switch|p1a: Walking Wake|Walking Wake|18/100|[from] Parting Shot
|
|-weather|Sandstorm|[upkeep]
|-damage|p1a: Walking Wake|11/100|[from] Sandstorm
|upkeep
|turn|21
|
|t:|1779696045
|move|p2a: Excadrill|Rapid Spin|p1a: Walking Wake
|-damage|p1a: Walking Wake|0 fnt
|-boost|p2a: Excadrill|spe|1
|-sideend|p2: accidentalrabies|Spikes|[from] move: Rapid Spin|[of] p2a: Excadrill
|-sideend|p2: accidentalrabies|Stealth Rock|[from] move: Rapid Spin|[of] p2a: Excadrill
|faint|p1a: Walking Wake
|-end|p1a: Walking Wake|Protosynthesis|[silent]
|
|-weather|Sandstorm|[upkeep]
|upkeep
|
|t:|1779696050
|switch|p1a: Blissey|Blissey, F|88/100
|turn|22
|
|t:|1779696056
|move|p2a: Excadrill|Earthquake|p1a: Blissey
|-damage|p1a: Blissey|49/100
|move|p1a: Blissey|Seismic Toss|p2a: Excadrill
|-damage|p2a: Excadrill|73/100
|
|-weather|Sandstorm|[upkeep]
|-damage|p1a: Blissey|43/100|[from] Sandstorm
|upkeep
|turn|23
|
|t:|1779696066
|-terastallize|p1a: Blissey|Dark
|move|p2a: Excadrill|Iron Head|p1a: Blissey
|-damage|p1a: Blissey|16/100
|move|p1a: Blissey|Soft-Boiled|p1a: Blissey
|-heal|p1a: Blissey|66/100
|
|-weather|none
|upkeep
|turn|24
|
|t:|1779696080
|move|p2a: Excadrill|Swords Dance|p2a: Excadrill
|-boost|p2a: Excadrill|atk|2
|move|p1a: Blissey|Seismic Toss|p2a: Excadrill
|-damage|p2a: Excadrill|45/100
|
|upkeep
|turn|25
|
|t:|1779696090
|switch|p1a: Corviknight|Corviknight, M|100/100
|-ability|p1a: Corviknight|Pressure
|move|p2a: Excadrill|Earthquake|p1a: Corviknight
|-immune|p1a: Corviknight
|
|upkeep
|turn|26
|
|t:|1779696100
|switch|p2a: Goodra|Goodra-Hisui, F|46/100
|move|p1a: Corviknight|Body Press|p2a: Goodra
|-supereffective|p2a: Goodra
|-damage|p2a: Goodra|0 fnt
|-ability|p2a: Goodra|Gooey
|-unboost|p1a: Corviknight|spe|1
|faint|p2a: Goodra
|
|upkeep
|
|t:|1779696111
|switch|p2a: Rotom|Rotom-Wash|58/100
|turn|27
|
|t:|1779696120
|switch|p1a: Blissey|Blissey, F, tera:Dark|66/100
|move|p2a: Rotom|Volt Switch|p1a: Blissey
|-damage|p1a: Blissey|58/100
|
|t:|1779696126
|switch|p2a: Tyranitar|Tyranitar, M|34/100|[from] Volt Switch
|-weather|Sandstorm|[from] ability: Sand Stream|[of] p2a: Tyranitar
|
|-weather|Sandstorm|[upkeep]
|-damage|p1a: Blissey|52/100|[from] Sandstorm
|upkeep
|turn|28
|
|t:|1779696140
|move|p2a: Tyranitar|Earthquake|p1a: Blissey
|-damage|p1a: Blissey|0 fnt
|faint|p1a: Blissey
|
|-weather|Sandstorm|[upkeep]
|upkeep
|
|t:|1779696148
|switch|p1a: Gliscor|Gliscor, M|100/100 tox
|-damage|p1a: Gliscor|88/100 tox|[from] Stealth Rock
|turn|29
|
|t:|1779696158
|switch|p2a: Rotom|Rotom-Wash|58/100
|move|p1a: Gliscor|Spikes|p2a: Rotom
|-sidestart|p2: accidentalrabies|Spikes
|
|-weather|Sandstorm|[upkeep]
|-damage|p2a: Rotom|52/100|[from] Sandstorm
|-heal|p2a: Rotom|58/100|[from] item: Leftovers
|-heal|p1a: Gliscor|100/100 tox|[from] ability: Poison Heal
|upkeep
|turn|30
|
|t:|1779696169
|move|p1a: Gliscor|Earthquake|p2a: Rotom
|-immune|p2a: Rotom|[from] ability: Levitate
|move|p2a: Rotom|Hydro Pump|p1a: Gliscor
|-supereffective|p1a: Gliscor
|-damage|p1a: Gliscor|30/100 tox
|
|-weather|Sandstorm|[upkeep]
|-damage|p2a: Rotom|52/100|[from] Sandstorm
|-heal|p2a: Rotom|58/100|[from] item: Leftovers
|-heal|p1a: Gliscor|43/100 tox|[from] ability: Poison Heal
|upkeep
|turn|31
|
|t:|1779696181
|move|p1a: Gliscor|Earthquake|p2a: Rotom
|-immune|p2a: Rotom|[from] ability: Levitate
|move|p2a: Rotom|Hydro Pump|p1a: Gliscor
|-supereffective|p1a: Gliscor
|-damage|p1a: Gliscor|0 fnt
|faint|p1a: Gliscor
|
|-weather|none
|-heal|p2a: Rotom|65/100|[from] item: Leftovers
|upkeep
|
|t:|1779696188
|switch|p1a: Pecharunt|Pecharunt|71/100
|turn|32
|
|t:|1779696198
|move|p1a: Pecharunt|Malignant Chain|p2a: Rotom
|-damage|p2a: Rotom|31/100
|-status|p2a: Rotom|tox
|-start|p2a: Rotom|confusion|[from] ability: Poison Puppeteer|[of] p1a: Pecharunt
|-activate|p2a: Rotom|confusion
|-damage|p2a: Rotom|26/100 tox|[from] confusion
|
|-heal|p2a: Rotom|33/100 tox|[from] item: Leftovers
|-damage|p2a: Rotom|26/100 tox|[from] psn
|upkeep
|turn|33
|
|t:|1779696209
|switch|p2a: Gliscor|Gliscor, M|96/100 tox
|move|p1a: Pecharunt|Recover|p1a: Pecharunt
|-heal|p1a: Pecharunt|100/100
|
|-heal|p2a: Gliscor|100/100 tox|[from] ability: Poison Heal
|upkeep
|turn|34
|
|t:|1779696218
|move|p2a: Gliscor|Earthquake|p1a: Pecharunt
|-supereffective|p1a: Pecharunt
|-damage|p1a: Pecharunt|70/100
|move|p1a: Pecharunt|Malignant Chain|p2a: Gliscor
|-resisted|p2a: Gliscor
|-damage|p2a: Gliscor|88/100 tox
|
|-heal|p2a: Gliscor|99/100 tox|[from] ability: Poison Heal
|upkeep
|turn|35
|
|t:|1779696229
|move|p2a: Gliscor|Earthquake|p1a: Pecharunt
|-supereffective|p1a: Pecharunt
|-damage|p1a: Pecharunt|38/100
|move|p1a: Pecharunt|Parting Shot|p2a: Gliscor
|-unboost|p2a: Gliscor|atk|1
|-unboost|p2a: Gliscor|spa|1
|
|t:|1779696234
|switch|p1a: Corviknight|Corviknight, M|100/100|[from] Parting Shot
|-ability|p1a: Corviknight|Pressure
|
|-heal|p2a: Gliscor|100/100 tox|[from] ability: Poison Heal
|upkeep
|turn|36
|
|t:|1779696245
|switch|p2a: Rotom|Rotom-Wash|26/100 tox
|move|p1a: Corviknight|Body Press|p2a: Rotom
|-damage|p2a: Rotom|5/100 tox
|
|-heal|p2a: Rotom|11/100 tox|[from] item: Leftovers
|-damage|p2a: Rotom|5/100 tox|[from] psn
|upkeep
|turn|37
|
|t:|1779696253
|switch|p1a: Pecharunt|Pecharunt|38/100
|move|p2a: Rotom|Volt Switch|p1a: Pecharunt
|-damage|p1a: Pecharunt|15/100
|
|t:|1779696260
|switch|p2a: Tyranitar|Tyranitar, M|34/100|[from] Volt Switch
|-damage|p2a: Tyranitar|21/100|[from] Spikes
|-weather|Sandstorm|[from] ability: Sand Stream|[of] p2a: Tyranitar
|
|-weather|Sandstorm|[upkeep]
|-damage|p1a: Pecharunt|9/100|[from] Sandstorm
|upkeep
|turn|38
|
|t:|1779696267
|switch|p1a: Corviknight|Corviknight, M|100/100
|-ability|p1a: Corviknight|Pressure
|-terastallize|p2a: Tyranitar|Dark
|move|p2a: Tyranitar|Knock Off|p1a: Corviknight
|-damage|p1a: Corviknight|22/100
|-enditem|p1a: Corviknight|Heavy-Duty Boots|[from] move: Knock Off|[of] p2a: Tyranitar
|
|-weather|Sandstorm|[upkeep]
|-damage|p2a: Tyranitar|15/100|[from] Sandstorm
|upkeep
|turn|39
|
|t:|1779696280
|move|p2a: Tyranitar|Knock Off|p1a: Corviknight
|-damage|p1a: Corviknight|0 fnt
|faint|p1a: Corviknight
|
|-weather|Sandstorm|[upkeep]
|-damage|p2a: Tyranitar|9/100|[from] Sandstorm
|upkeep
|
|t:|1779696287
|switch|p1a: Pecharunt|Pecharunt|9/100
|turn|40
|
|t:|1779696294
|move|p2a: Tyranitar|Knock Off|p1a: Pecharunt
|-supereffective|p1a: Pecharunt
|-damage|p1a: Pecharunt|0 fnt
|-enditem|p1a: Pecharunt|Heavy-Duty Boots|[from] move: Knock Off|[of] p2a: Tyranitar
|faint|p1a: Pecharunt
|
|win|accidentalrabies
|raw|claudechamp's rating: 1148 &rarr; <strong>1122</strong><br />(-26 for losing)
|raw|accidentalrabies's rating: 1138 &rarr; <strong>1164</strong><br />(+26 for winning)
|c|☆claudechamp|gg
