|j|☆Zovafire
|j|☆Golf2021
|t:|1779666961
|gametype|singles
|player|p1|Zovafire|mina-masters|1467
|player|p2|Golf2021|1|1411
|gen|9
|tier|[Gen 9] OU
|rated|
|rule|HP Percentage Mod: HP is shown in percentages
|rule|Endless Battle Clause: Forcing endless battles is banned
|rule|Species Clause: Limit one of each Pokémon
|rule|OHKO Clause: OHKO moves are banned
|rule|Evasion Items Clause: Evasion items are banned
|rule|Evasion Moves Clause: Evasion moves are banned
|rule|Evasion Abilities Clause: Evasion abilities are banned
|rule|Sleep Moves Clause: Sleep-inducing moves are banned
|clearpoke
|poke|p1|Tornadus-Therian, M|
|poke|p1|Great Tusk|
|poke|p1|Kingambit, F|
|poke|p1|Pecharunt|
|poke|p1|Latios, M|
|poke|p1|Iron Valiant|
|poke|p2|Raging Bolt|
|poke|p2|Zamazenta-*|
|poke|p2|Iron Treads|
|poke|p2|Overqwil, M|
|poke|p2|Greninja-*, M|
|poke|p2|Pelipper, M|
|teampreview
|inactive|Battle timer is ON: inactive players will automatically lose when time's up. (requested by Zovafire)
|
|t:|1779666966
|teamsize|p1|6
|teamsize|p2|6
|start
|switch|p1a: Tornadus|Tornadus-Therian, M|100/100
|switch|p2a: Messenger|Pelipper, M, shiny|100/100
|-weather|RainDance|[from] ability: Drizzle|[of] p2a: Messenger
|turn|1
|
|t:|1779666969
|move|p1a: Tornadus|Knock Off|p2a: Messenger
|-damage|p2a: Messenger|73/100
|-enditem|p2a: Messenger|Damp Rock|[from] move: Knock Off|[of] p1a: Tornadus
|move|p2a: Messenger|U-turn|p1a: Tornadus
|-resisted|p1a: Tornadus
|-damage|p1a: Tornadus|96/100
|
|t:|1779666973
|switch|p2a: Predator|Overqwil, M, shiny|100/100|[from] U-turn
|
|-weather|RainDance|[upkeep]
|upkeep
|turn|2
|
|t:|1779666981
|move|p2a: Predator|Liquidation|p1a: Tornadus
|-damage|p1a: Tornadus|34/100
|-damage|p2a: Predator|91/100|[from] item: Life Orb
|move|p1a: Tornadus|Bleakwind Storm|p2a: Predator
|-damage|p2a: Predator|35/100
|
|-weather|RainDance|[upkeep]
|upkeep
|turn|3
|
|t:|1779666989
|switch|p1a: Latios|Latios, M|100/100
|move|p2a: Predator|Liquidation|p1a: Latios
|-resisted|p1a: Latios
|-damage|p1a: Latios|62/100
|-unboost|p1a: Latios|def|1
|-damage|p2a: Predator|25/100|[from] item: Life Orb
|
|-weather|RainDance|[upkeep]
|upkeep
|turn|4
|
|t:|1779666994
|switch|p1a: Kingambit|Kingambit, F|100/100
|move|p2a: Predator|Crunch|p1a: Kingambit
|-resisted|p1a: Kingambit
|-damage|p1a: Kingambit|80/100
|-damage|p2a: Predator|15/100|[from] item: Life Orb
|
|-weather|RainDance|[upkeep]
|-heal|p1a: Kingambit|86/100|[from] item: Leftovers
|upkeep
|turn|5
|
|t:|1779666996
|move|p1a: Kingambit|Sucker Punch|p2a: Predator
|-resisted|p2a: Predator
|-damage|p2a: Predator|0 fnt
|faint|p2a: Predator
|
|-weather|RainDance|[upkeep]
|-heal|p1a: Kingambit|92/100|[from] item: Leftovers
|upkeep
|-message|Golf2021 forfeited.
|
|win|Zovafire
|raw|Zovafire's rating: 1467 &rarr; <strong>1484</strong><br />(+17 for winning)
|raw|Golf2021's rating: 1411 &rarr; <strong>1394</strong><br />(-17 for losing)
|l|☆Golf2021
|player|p2|
