|j|☆MBlas2002
|j|☆kidanime3
|t:|1779690940
|gametype|singles
|player|p1|MBlas2002|volkner|1375
|player|p2|kidanime3|brock|1375
|gen|9
|tier|[Gen 9] OU
|rated|
|rule|HP Percentage Mod: HP is shown in percentages
|rule|Endless Battle Clause: Forcing endless battles is banned
|rule|Species Clause: Limit one of each Pokémon
|rule|OHKO Clause: OHKO moves are banned
|rule|Evasion Items Clause: Evasion items are banned
|rule|Evasion Moves Clause: Evasion moves are banned
|rule|Evasion Abilities Clause: Evasion abilities are banned
|rule|Sleep Moves Clause: Sleep-inducing moves are banned
|clearpoke
|poke|p1|Tornadus-Therian, M|
|poke|p1|Landorus-Therian, M|
|poke|p1|Chandelure, F|
|poke|p1|Scizor, M|
|poke|p1|Sylveon, F|
|poke|p1|Toxapex, F|
|poke|p2|Kingambit, M|
|poke|p2|Dragapult, M|
|poke|p2|Grimmsnarl, M|
|poke|p2|Ogerpon-Wellspring, F|
|poke|p2|Raging Bolt|
|poke|p2|Darkrai|
|teampreview
|inactive|Battle timer is ON: inactive players will automatically lose when time's up. (requested by MBlas2002)
|
|t:|1779690968
|teamsize|p1|6
|teamsize|p2|6
|start
|switch|p1a: The G.O.A.T.|Sylveon, F, shiny|100/100
|switch|p2a: Raging Bolt|Raging Bolt|100/100
|-enditem|p2a: Raging Bolt|Booster Energy
|-activate|p2a: Raging Bolt|ability: Protosynthesis|[fromitem]
|-start|p2a: Raging Bolt|protosynthesisspa
|turn|1
|
|t:|1779690980
|-end|p2a: Raging Bolt|Protosynthesis|[silent]
|switch|p2a: Grimmsnarl|Grimmsnarl, M, shiny|100/100
|move|p1a: The G.O.A.T.|Hyper Voice|p2a: Grimmsnarl
|-supereffective|p2a: Grimmsnarl
|-damage|p2a: Grimmsnarl|23/100
|
|upkeep
|turn|2
|
|t:|1779691001
|move|p2a: Grimmsnarl|Reflect|p2a: Grimmsnarl
|-sidestart|p2: kidanime3|Reflect
|move|p1a: The G.O.A.T.|Hyper Voice|p2a: Grimmsnarl
|-supereffective|p2a: Grimmsnarl
|-damage|p2a: Grimmsnarl|0 fnt
|faint|p2a: Grimmsnarl
|
|upkeep
|inactive|kidanime3 has 120 seconds left.
|
|t:|1779691016
|switch|p2a: Ogerpon|Ogerpon-Wellspring, F|100/100
|turn|3
|
|t:|1779691031
|switch|p1a: Toxica|Toxapex, F, shiny|100/100
|move|p2a: Ogerpon|Swords Dance|p2a: Ogerpon
|-boost|p2a: Ogerpon|atk|2
|
|upkeep
|turn|4
|inactive|kidanime3 has 120 seconds left.
|
|t:|1779691063
|move|p2a: Ogerpon|Swords Dance|p2a: Ogerpon
|-boost|p2a: Ogerpon|atk|2
|move|p1a: Toxica|Haze|p1a: Toxica
|-clearallboost
|
|upkeep
|turn|5
|
|t:|1779691072
|switch|p2a: Raging Bolt|Raging Bolt|100/100
|move|p1a: Toxica|Toxic|p2a: Raging Bolt
|-status|p2a: Raging Bolt|tox
|
|-damage|p2a: Raging Bolt|94/100 tox|[from] psn
|upkeep
|turn|6
|
|t:|1779691082
|switch|p1a: The G.O.A.T.|Sylveon, F, shiny|100/100
|move|p2a: Raging Bolt|Calm Mind|p2a: Raging Bolt
|-boost|p2a: Raging Bolt|spa|1
|-boost|p2a: Raging Bolt|spd|1
|
|-damage|p2a: Raging Bolt|82/100 tox|[from] psn
|upkeep
|turn|7
|inactive|kidanime3 has 120 seconds left.
|
|t:|1779691110
|-terastallize|p2a: Raging Bolt|Bug
|move|p2a: Raging Bolt|Thunderbolt|p1a: The G.O.A.T.
|-damage|p1a: The G.O.A.T.|56/100
|move|p1a: The G.O.A.T.|Hyper Voice|p2a: Raging Bolt
|-damage|p2a: Raging Bolt|58/100 tox
|
|-heal|p1a: The G.O.A.T.|62/100|[from] item: Leftovers
|-damage|p2a: Raging Bolt|39/100 tox|[from] psn
|upkeep
|turn|8
|
|t:|1779691120
|move|p1a: The G.O.A.T.|Protect|p1a: The G.O.A.T.
|-singleturn|p1a: The G.O.A.T.|Protect
|move|p2a: Raging Bolt|Thunderbolt|p1a: The G.O.A.T.
|-activate|p1a: The G.O.A.T.|move: Protect
|
|-heal|p1a: The G.O.A.T.|69/100|[from] item: Leftovers
|-damage|p2a: Raging Bolt|15/100 tox|[from] psn
|upkeep
|turn|9
|
|t:|1779691125
|move|p2a: Raging Bolt|Thunderbolt|p1a: The G.O.A.T.
|-damage|p1a: The G.O.A.T.|29/100
|move|p1a: The G.O.A.T.|Wish|p1a: The G.O.A.T.
|
|-heal|p1a: The G.O.A.T.|36/100|[from] item: Leftovers
|-damage|p2a: Raging Bolt|0 fnt|[from] psn
|faint|p2a: Raging Bolt
|-end|p2a: Raging Bolt|Protosynthesis|[silent]
|-sideend|p2: kidanime3|Reflect
|upkeep
|inactive|kidanime3 has 120 seconds left.
|
|t:|1779691132
|switch|p2a: Ogerpon|Ogerpon-Wellspring, F|100/100
|turn|10
|
|t:|1779691151
|move|p1a: The G.O.A.T.|Protect|p1a: The G.O.A.T.
|-singleturn|p1a: The G.O.A.T.|Protect
|move|p2a: Ogerpon|Ivy Cudgel|p1a: The G.O.A.T.|[anim] Ivy Cudgel Water
|-activate|p1a: The G.O.A.T.|move: Protect
|
|-heal|p1a: The G.O.A.T.|86/100|[from] move: Wish|[wisher] The G.O.A.T.
|-heal|p1a: The G.O.A.T.|92/100|[from] item: Leftovers
|upkeep
|turn|11
|inactive|kidanime3 has 120 seconds left.
|
|t:|1779691169
|switch|p1a: Toxica|Toxapex, F, shiny|100/100
|move|p2a: Ogerpon|Swords Dance|p2a: Ogerpon
|-boost|p2a: Ogerpon|atk|2
|
|upkeep
|turn|12
|
|t:|1779691179
|move|p2a: Ogerpon|Horn Leech|p1a: Toxica
|-damage|p1a: Toxica|48/100
|move|p1a: Toxica|Haze|p1a: Toxica
|-clearallboost
|
|-heal|p1a: Toxica|54/100|[from] item: Black Sludge
|upkeep
|turn|13
|
|t:|1779691189
|move|p2a: Ogerpon|Horn Leech|p1a: Toxica
|-damage|p1a: Toxica|29/100
|move|p1a: Toxica|Toxic|p2a: Ogerpon
|-status|p2a: Ogerpon|tox
|
|-heal|p1a: Toxica|35/100|[from] item: Black Sludge
|-damage|p2a: Ogerpon|95/100 tox|[from] psn
|upkeep
|turn|14
|
|t:|1779691198
|switch|p2a: Darkrai|Darkrai|100/100
|move|p1a: Toxica|Recover|p1a: Toxica
|-heal|p1a: Toxica|85/100
|
|-heal|p1a: Toxica|92/100|[from] item: Black Sludge
|upkeep
|turn|15
|
|t:|1779691203
|move|p2a: Darkrai|Nasty Plot|p2a: Darkrai
|-boost|p2a: Darkrai|spa|2
|move|p1a: Toxica|Toxic|p2a: Darkrai
|-status|p2a: Darkrai|tox
|
|-heal|p1a: Toxica|98/100|[from] item: Black Sludge
|-damage|p2a: Darkrai|94/100 tox|[from] psn
|upkeep
|turn|16
|
|t:|1779691215
|move|p2a: Darkrai|Dark Pulse|p1a: Toxica
|-damage|p1a: Toxica|18/100
|move|p1a: Toxica|Haze|p1a: Toxica
|-clearallboost
|
|-heal|p1a: Toxica|24/100|[from] item: Black Sludge
|-damage|p2a: Darkrai|82/100 tox|[from] psn
|upkeep
|turn|17
|
|t:|1779691220
|switch|p1a: Almogávar|Scizor, M|100/100
|move|p2a: Darkrai|Dark Pulse|p1a: Almogávar
|-damage|p1a: Almogávar|25/100
|
|-damage|p2a: Darkrai|64/100 tox|[from] psn
|upkeep
|turn|18
|
|t:|1779691227
|move|p1a: Almogávar|Bullet Punch|p2a: Darkrai
|-damage|p2a: Darkrai|17/100 tox
|move|p2a: Darkrai|Dark Pulse|p1a: Almogávar
|-crit|p1a: Almogávar
|-damage|p1a: Almogávar|0 fnt
|faint|p1a: Almogávar
|
|-damage|p2a: Darkrai|0 fnt|[from] psn
|faint|p2a: Darkrai
|upkeep
|
|t:|1779691244
|switch|p2a: Kingambit|Kingambit, M|100/100
|switch|p1a: Toxica|Toxapex, F, shiny|57/100
|-activate|p2a: Kingambit|ability: Supreme Overlord
|-start|p2a: Kingambit|fallen3|[silent]
|turn|19
|
|t:|1779691251
|switch|p1a: Chocolate|Landorus-Therian, M|100/100
|-ability|p1a: Chocolate|Intimidate|boost
|-unboost|p2a: Kingambit|atk|1
|move|p2a: Kingambit|Swords Dance|p2a: Kingambit
|-boost|p2a: Kingambit|atk|2
|
|upkeep
|turn|20
|
|t:|1779691257
|move|p2a: Kingambit|Sucker Punch|p1a: Chocolate
|-damage|p1a: Chocolate|0 fnt
|faint|p1a: Chocolate
|
|upkeep
|
|t:|1779691265
|switch|p1a: Irene|Chandelure, F, shiny|100/100
|turn|21
|
|t:|1779691273
|move|p2a: Kingambit|Sucker Punch||[still]
|-fail|p2a: Kingambit
|move|p1a: Irene|Trick|p2a: Kingambit
|-activate|p1a: Irene|move: Trick|[of] p2a: Kingambit
|-item|p2a: Kingambit|Choice Specs|[from] move: Trick
|-item|p1a: Irene|Black Glasses|[from] move: Trick
|
|upkeep
|turn|22
|
|t:|1779691287
|switch|p1a: Toxica|Toxapex, F, shiny|91/100
|move|p2a: Kingambit|Sucker Punch||[still]
|-fail|p2a: Kingambit
|
|-heal|p1a: Toxica|97/100|[from] item: Black Sludge
|upkeep
|turn|23
|
|t:|1779691305
|-end|p2a: Kingambit|fallen3|[silent]
|switch|p2a: Dragapult|Dragapult, M|100/100
|switch|p1a: The G.O.A.T.|Sylveon, F, shiny|92/100
|
|-heal|p1a: The G.O.A.T.|98/100|[from] item: Leftovers
|upkeep
|turn|24
|
|t:|1779691331
|move|p2a: Dragapult|Body Slam|p1a: The G.O.A.T.
|-damage|p1a: The G.O.A.T.|61/100
|-status|p1a: The G.O.A.T.|par
|-damage|p2a: Dragapult|91/100|[from] item: Life Orb
|cant|p1a: The G.O.A.T.|par
|
|-heal|p1a: The G.O.A.T.|68/100 par|[from] item: Leftovers
|upkeep
|turn|25
|
|t:|1779691340
|move|p2a: Dragapult|Dragon Dance|p2a: Dragapult
|-boost|p2a: Dragapult|atk|1
|-boost|p2a: Dragapult|spe|1
|move|p1a: The G.O.A.T.|Hyper Voice|p2a: Dragapult
|-supereffective|p2a: Dragapult
|-damage|p2a: Dragapult|0 fnt
|faint|p2a: Dragapult
|
|-heal|p1a: The G.O.A.T.|74/100 par|[from] item: Leftovers
|upkeep
|-message|kidanime3 forfeited.
|
|win|MBlas2002
|raw|MBlas2002's rating: 1375 &rarr; <strong>1395</strong><br />(+20 for winning)
|raw|kidanime3's rating: 1375 &rarr; <strong>1355</strong><br />(-20 for losing)
|l|☆kidanime3
|player|p2|
