|j|☆tacoman007
|j|☆summerise
|t:|1779597261
|gametype|singles
|player|p1|tacoman007|hiker-gen4|1354
|player|p2|summerise|bugcatcher-gen4dp|1372
|gen|9
|tier|[Gen 9] OU
|rated|
|rule|HP Percentage Mod: HP is shown in percentages
|rule|Endless Battle Clause: Forcing endless battles is banned
|rule|Species Clause: Limit one of each Pokémon
|rule|OHKO Clause: OHKO moves are banned
|rule|Evasion Items Clause: Evasion items are banned
|rule|Evasion Moves Clause: Evasion moves are banned
|rule|Evasion Abilities Clause: Evasion abilities are banned
|rule|Sleep Moves Clause: Sleep-inducing moves are banned
|clearpoke
|poke|p1|Corviknight, M|
|poke|p1|Greninja-*, F|
|poke|p1|Lokix, F|
|poke|p1|Salazzle, F|
|poke|p1|Clefable, M|
|poke|p1|Slither Wing|
|poke|p2|Darkrai|
|poke|p2|Slowking-Galar, M|
|poke|p2|Ogerpon-Wellspring, F|
|poke|p2|Zapdos-Galar|
|poke|p2|Iron Treads|
|poke|p2|Kyurem|
|teampreview
|inactive|Battle timer is ON: inactive players will automatically lose when time's up. (requested by tacoman007)
|inactive|summerise also wants the timer to be on.
|
|t:|1779597271
|teamsize|p1|6
|teamsize|p2|6
|start
|switch|p1a: Greninja|Greninja, F|100/100
|switch|p2a: Kyurem|Kyurem|100/100
|-ability|p2a: Kyurem|Pressure
|turn|1
|
|t:|1779597299
|move|p1a: Greninja|Spikes|p2a: Kyurem
|-sidestart|p2: summerise|Spikes
|move|p2a: Kyurem|Scale Shot|p1a: Greninja
|-damage|p1a: Greninja|79/100
|-crit|p1a: Greninja
|-damage|p1a: Greninja|50/100
|-damage|p1a: Greninja|29/100
|-damage|p1a: Greninja|6/100
|-damage|p1a: Greninja|0 fnt
|faint|p1a: Greninja
|-hitcount|p1: Greninja|5
|-unboost|p2a: Kyurem|def|1
|-boost|p2a: Kyurem|spe|1
|
|upkeep
|inactive|tacoman007 has 120 seconds left.
|
|t:|1779597314
|switch|p1a: Lokix|Lokix, F|100/100
|turn|2
|
|t:|1779597323
|move|p1a: Lokix|First Impression|p2a: Kyurem
|-damage|p2a: Kyurem|33/100
|move|p2a: Kyurem|Icicle Spear|p1a: Lokix
|-damage|p1a: Lokix|82/100
|-damage|p1a: Lokix|64/100
|-damage|p1a: Lokix|46/100
|-damage|p1a: Lokix|29/100
|-damage|p1a: Lokix|11/100
|-hitcount|p1a: Lokix|5
|
|upkeep
|turn|3
|inactive|tacoman007 has 120 seconds left.
|
|t:|1779597352
|switch|p1a: Slither Wing|Slither Wing|100/100
|-enditem|p1a: Slither Wing|Booster Energy
|-activate|p1a: Slither Wing|ability: Protosynthesis|[fromitem]
|-start|p1a: Slither Wing|protosynthesisspd
|move|p2a: Kyurem|Icicle Spear|p1a: Slither Wing
|-damage|p1a: Slither Wing|88/100
|-damage|p1a: Slither Wing|73/100
|-damage|p1a: Slither Wing|60/100
|-damage|p1a: Slither Wing|45/100
|-hitcount|p1a: Slither Wing|4
|
|upkeep
|turn|4
|inactive|tacoman007 has 120 seconds left.
|
|t:|1779597362
|move|p2a: Kyurem|Icicle Spear|p1a: Slither Wing
|-damage|p1a: Slither Wing|32/100
|-damage|p1a: Slither Wing|17/100
|-damage|p1a: Slither Wing|3/100
|-damage|p1a: Slither Wing|0 fnt
|faint|p1a: Slither Wing
|-end|p1a: Slither Wing|Protosynthesis|[silent]
|-hitcount|p1: Slither Wing|4
|
|upkeep
|
|t:|1779597365
|switch|p1a: Lokix|Lokix, F|11/100
|turn|5
|
|t:|1779597379
|switch|p2a: Slowking|Slowking-Galar, M|100/100
|-damage|p2a: Slowking|88/100|[from] Spikes
|move|p1a: Lokix|First Impression|p2a: Slowking
|-damage|p2a: Slowking|47/100
|-damage|p1a: Lokix|0 fnt|[from] item: Rocky Helmet|[of] p2a: Slowking
|faint|p1a: Lokix
|
|upkeep
|inactive|tacoman007 has 120 seconds left.
|inactive|tacoman007 has 90 seconds left.
|
|t:|1779597424
|switch|p1a: Clefable|Clefable, M|100/100
|turn|6
|inactive|tacoman007 has 90 seconds left.
|
|t:|1779597443
|move|p1a: Clefable|Wish|p1a: Clefable
|move|p2a: Slowking|Sludge Bomb|p1a: Clefable
|-supereffective|p1a: Clefable
|-damage|p1a: Clefable|38/100
|-status|p1a: Clefable|psn
|
|-heal|p1a: Clefable|44/100 psn|[from] item: Leftovers
|upkeep
|turn|7
|inactive|tacoman007 has 90 seconds left.
|inactive|tacoman007 has 60 seconds left.
|
|t:|1779597496
|move|p1a: Clefable|Cosmic Power|p1a: Clefable
|-boost|p1a: Clefable|def|1
|-boost|p1a: Clefable|spd|1
|move|p2a: Slowking|Future Sight|p1a: Clefable
|-start|p2a: Slowking|move: Future Sight
|
|-heal|p1a: Clefable|94/100 psn|[from] move: Wish|[wisher] Clefable
|-heal|p1a: Clefable|99/100 psn|[from] item: Leftovers
|upkeep
|turn|8
|
|t:|1779597517
|move|p1a: Clefable|Wish|p1a: Clefable
|-prepare|p2a: Slowking|Chilly Reception|[premajor]
|move|p2a: Slowking|Chilly Reception|p2a: Slowking
|-weather|Snowscape
|
|t:|1779597519
|switch|p2a: Ogerpon|Ogerpon-Wellspring, F|100/100|[from] Chilly Reception
|-damage|p2a: Ogerpon|88/100|[from] Spikes
|
|-weather|Snowscape|[upkeep]
|-heal|p1a: Clefable|100/100 psn|[from] item: Leftovers
|upkeep
|turn|9
|
|t:|1779597525
|move|p2a: Ogerpon|Taunt|p1a: Clefable
|-start|p1a: Clefable|move: Taunt
|cant|p1a: Clefable|move: Taunt|Cosmic Power
|
|-weather|Snowscape|[upkeep]
|-end|p1a: Clefable|move: Future Sight
|-damage|p1a: Clefable|73/100 psn
|-heal|p1a: Clefable|100/100 psn|[from] move: Wish|[wisher] Clefable
|upkeep
|turn|10
|
|t:|1779597530
|move|p2a: Ogerpon|Swords Dance|p2a: Ogerpon
|-boost|p2a: Ogerpon|atk|2
|move|p1a: Clefable|Alluring Voice|p2a: Ogerpon
|-damage|p2a: Ogerpon|43/100
|-start|p2a: Ogerpon|confusion
|
|-weather|Snowscape|[upkeep]
|upkeep
|turn|11
|
|t:|1779597536
|-activate|p2a: Ogerpon|confusion
|move|p2a: Ogerpon|Ivy Cudgel|p1a: Clefable|[anim] Ivy Cudgel Water
|-damage|p1a: Clefable|18/100 psn
|move|p1a: Clefable|Alluring Voice|p2a: Ogerpon
|-damage|p2a: Ogerpon|2/100
|
|-weather|Snowscape|[upkeep]
|-heal|p1a: Clefable|24/100 psn|[from] item: Leftovers
|-end|p1a: Clefable|move: Taunt
|upkeep
|turn|12
|inactive|tacoman007 has 90 seconds left.
|
|t:|1779597545
|-activate|p2a: Ogerpon|confusion
|move|p2a: Ogerpon|Ivy Cudgel|p1a: Clefable|[anim] Ivy Cudgel Water
|-damage|p1a: Clefable|0 fnt
|faint|p1a: Clefable
|
|-weather|none
|upkeep
|inactive|tacoman007 has 90 seconds left.
|
|t:|1779597560
|switch|p1a: Salazzle|Salazzle, F|100/100
|turn|13
|inactive|tacoman007 has 90 seconds left.
|
|t:|1779597570
|move|p1a: Salazzle|Substitute|p1a: Salazzle
|-start|p1a: Salazzle|Substitute
|-damage|p1a: Salazzle|76/100
|-end|p2a: Ogerpon|confusion
|move|p2a: Ogerpon|Ivy Cudgel|p1a: Salazzle|[anim] Ivy Cudgel Water
|-supereffective|p1a: Salazzle
|-end|p1a: Salazzle|Substitute
|
|-heal|p1a: Salazzle|82/100|[from] item: Leftovers
|upkeep
|turn|14
|
|t:|1779597574
|move|p1a: Salazzle|Toxic|p2a: Ogerpon
|-status|p2a: Ogerpon|tox
|move|p2a: Ogerpon|Ivy Cudgel|p1a: Salazzle|[anim] Ivy Cudgel Water
|-supereffective|p1a: Salazzle
|-damage|p1a: Salazzle|0 fnt
|faint|p1a: Salazzle
|
|-damage|p2a: Ogerpon|0 fnt|[from] psn
|faint|p2a: Ogerpon
|upkeep
|
|t:|1779597579
|switch|p1a: Corviknight|Corviknight, M|100/100
|switch|p2a: Darkrai|Darkrai|100/100
|-damage|p2a: Darkrai|88/100|[from] Spikes
|-ability|p1a: Corviknight|Pressure
|turn|15
|inactive|tacoman007 has 90 seconds left.
|
|t:|1779597605
|-terastallize|p1a: Corviknight|Dark
|move|p2a: Darkrai|Dark Pulse|p1a: Corviknight
|-resisted|p1a: Corviknight
|-damage|p1a: Corviknight|76/100
|move|p1a: Corviknight|Agility|p1a: Corviknight
|-boost|p1a: Corviknight|spe|2
|
|upkeep
|turn|16
|
|t:|1779597615
|switch|p2a: Zapdos|Zapdos-Galar|100/100
|move|p1a: Corviknight|Agility|p1a: Corviknight
|-boost|p1a: Corviknight|spe|2
|
|upkeep
|turn|17
|
|t:|1779597624
|-terastallize|p2a: Zapdos|Fighting
|move|p1a: Corviknight|Bulk Up|p1a: Corviknight
|-boost|p1a: Corviknight|atk|1
|-boost|p1a: Corviknight|def|1
|move|p2a: Zapdos|Close Combat|p1a: Corviknight
|-supereffective|p1a: Corviknight
|-crit|p1a: Corviknight
|-damage|p1a: Corviknight|0 fnt
|-unboost|p2a: Zapdos|def|1
|-unboost|p2a: Zapdos|spd|1
|faint|p1a: Corviknight
|
|win|summerise
|raw|tacoman007's rating: 1354 &rarr; <strong>1335</strong><br />(-19 for losing)
|raw|summerise's rating: 1372 &rarr; <strong>1391</strong><br />(+19 for winning)
|l|☆tacoman007
|player|p1|
|l|☆summerise
|player|p2|
