|j|☆charizardfire2
|j|☆ihymyly
|t:|1779703314
|gametype|singles
|player|p1|charizardfire2|266|1497
|player|p2|ihymyly|266|1513
|gen|9
|tier|[Gen 9] OU
|rated|
|rule|HP Percentage Mod: HP is shown in percentages
|rule|Endless Battle Clause: Forcing endless battles is banned
|rule|Species Clause: Limit one of each Pokémon
|rule|OHKO Clause: OHKO moves are banned
|rule|Evasion Items Clause: Evasion items are banned
|rule|Evasion Moves Clause: Evasion moves are banned
|rule|Evasion Abilities Clause: Evasion abilities are banned
|rule|Sleep Moves Clause: Sleep-inducing moves are banned
|clearpoke
|poke|p1|Skeledirge, M|
|poke|p1|Ogerpon-Wellspring, F|
|poke|p1|Dragapult, M|
|poke|p1|Weezing-Galar, M|
|poke|p1|Ting-Lu|
|poke|p1|Corviknight, M|
|poke|p2|Darkrai|
|poke|p2|Weavile, M|
|poke|p2|Samurott-Hisui, M|
|poke|p2|Latios, M|
|poke|p2|Zapdos|
|poke|p2|Great Tusk|
|teampreview
|
|t:|1779703342
|teamsize|p1|6
|teamsize|p2|6
|start
|switch|p1a: Corviknight|Corviknight, M|100/100
|switch|p2a: Zapdos|Zapdos, shiny|100/100
|-ability|p1a: Corviknight|Pressure
|turn|1
|
|t:|1779703349
|switch|p1a: Ting-Lu|Ting-Lu, shiny|100/100
|-ability|p1a: Ting-Lu|Vessel of Ruin
|move|p2a: Zapdos|Hurricane|p1a: Ting-Lu
|-damage|p1a: Ting-Lu|82/100
|
|-heal|p1a: Ting-Lu|88/100|[from] item: Leftovers
|upkeep
|turn|2
|
|t:|1779703357
|move|p2a: Zapdos|Hurricane|p1a: Ting-Lu|[miss]
|-miss|p2a: Zapdos|p1a: Ting-Lu
|move|p1a: Ting-Lu|Stealth Rock|p2a: Zapdos
|-sidestart|p2: ihymyly|move: Stealth Rock
|
|-heal|p1a: Ting-Lu|94/100|[from] item: Leftovers
|upkeep
|turn|3
|
|t:|1779703413
|move|p2a: Zapdos|Hurricane|p1a: Ting-Lu
|-damage|p1a: Ting-Lu|76/100
|move|p1a: Ting-Lu|Throat Chop|p2a: Zapdos
|-damage|p2a: Zapdos|78/100
|-start|p2a: Zapdos|Throat Chop|[silent]
|
|-heal|p1a: Ting-Lu|83/100|[from] item: Leftovers
|upkeep
|turn|4
|
|t:|1779703422
|move|p2a: Zapdos|Hurricane|p1a: Ting-Lu|[miss]
|-miss|p2a: Zapdos|p1a: Ting-Lu
|move|p1a: Ting-Lu|Throat Chop|p2a: Zapdos
|-damage|p2a: Zapdos|57/100
|-status|p1a: Ting-Lu|par|[from] ability: Static|[of] p2a: Zapdos
|
|-heal|p1a: Ting-Lu|89/100 par|[from] item: Leftovers
|-end|p2a: Zapdos|Throat Chop|[silent]
|upkeep
|turn|5
|
|t:|1779703429
|move|p2a: Zapdos|Hurricane|p1a: Ting-Lu
|-damage|p1a: Ting-Lu|70/100 par
|move|p1a: Ting-Lu|Throat Chop|p2a: Zapdos
|-damage|p2a: Zapdos|36/100
|-start|p2a: Zapdos|Throat Chop|[silent]
|
|-heal|p1a: Ting-Lu|76/100 par|[from] item: Leftovers
|upkeep
|turn|6
|
|t:|1779703435
|move|p2a: Zapdos|Hurricane|p1a: Ting-Lu
|-damage|p1a: Ting-Lu|58/100 par
|move|p1a: Ting-Lu|Earthquake|p2a: Zapdos
|-immune|p2a: Zapdos
|
|-heal|p1a: Ting-Lu|64/100 par|[from] item: Leftovers
|-end|p2a: Zapdos|Throat Chop|[silent]
|upkeep
|turn|7
|
|t:|1779703441
|move|p2a: Zapdos|Hurricane|p1a: Ting-Lu|[miss]
|-miss|p2a: Zapdos|p1a: Ting-Lu
|move|p1a: Ting-Lu|Throat Chop|p2a: Zapdos
|-damage|p2a: Zapdos|15/100
|-start|p2a: Zapdos|Throat Chop|[silent]
|
|-heal|p1a: Ting-Lu|71/100 par|[from] item: Leftovers
|upkeep
|turn|8
|
|t:|1779703445
|move|p2a: Zapdos|Hurricane|p1a: Ting-Lu
|-damage|p1a: Ting-Lu|51/100 par
|move|p1a: Ting-Lu|Earthquake|p2a: Zapdos
|-immune|p2a: Zapdos
|
|-heal|p1a: Ting-Lu|57/100 par|[from] item: Leftovers
|-end|p2a: Zapdos|Throat Chop|[silent]
|upkeep
|turn|9
|
|t:|1779703450
|move|p2a: Zapdos|Hurricane|p1a: Ting-Lu|[miss]
|-miss|p2a: Zapdos|p1a: Ting-Lu
|cant|p1a: Ting-Lu|par
|
|-heal|p1a: Ting-Lu|63/100 par|[from] item: Leftovers
|upkeep
|turn|10
|
|t:|1779703454
|move|p2a: Zapdos|Hurricane|p1a: Ting-Lu
|-damage|p1a: Ting-Lu|42/100 par
|move|p1a: Ting-Lu|Earthquake|p2a: Zapdos
|-immune|p2a: Zapdos
|
|-heal|p1a: Ting-Lu|49/100 par|[from] item: Leftovers
|upkeep
|turn|11
|
|t:|1779703458
|move|p2a: Zapdos|Roost|p2a: Zapdos
|-heal|p2a: Zapdos|65/100
|-singleturn|p2a: Zapdos|move: Roost
|move|p1a: Ting-Lu|Throat Chop|p2a: Zapdos
|-damage|p2a: Zapdos|45/100
|-start|p2a: Zapdos|Throat Chop|[silent]
|
|-heal|p1a: Ting-Lu|55/100 par|[from] item: Leftovers
|upkeep
|turn|12
|inactive|Battle timer is ON: inactive players will automatically lose when time's up. (requested by charizardfire2)
|
|t:|1779703474
|switch|p2a: Great Tusk|Great Tusk|100/100
|move|p1a: Ting-Lu|Throat Chop|p2a: Great Tusk
|-resisted|p2a: Great Tusk
|-damage|p2a: Great Tusk|92/100
|-start|p2a: Great Tusk|Throat Chop|[silent]
|
|-heal|p1a: Ting-Lu|61/100 par|[from] item: Leftovers
|upkeep
|turn|13
|
|t:|1779703482
|move|p2a: Great Tusk|Stealth Rock|p1a: Ting-Lu
|-sidestart|p1: charizardfire2|move: Stealth Rock
|cant|p1a: Ting-Lu|par
|
|-heal|p1a: Ting-Lu|67/100 par|[from] item: Leftovers
|-end|p2a: Great Tusk|Throat Chop|[silent]
|upkeep
|turn|14
|
|t:|1779703487
|move|p2a: Great Tusk|Rapid Spin|p1a: Ting-Lu
|-damage|p1a: Ting-Lu|59/100 par
|-boost|p2a: Great Tusk|spe|1
|-sideend|p2: ihymyly|Stealth Rock|[from] move: Rapid Spin|[of] p2a: Great Tusk
|move|p1a: Ting-Lu|Rest|p1a: Ting-Lu
|-status|p1a: Ting-Lu|slp|[from] move: Rest
|-heal|p1a: Ting-Lu|100/100 slp|[silent]
|
|upkeep
|turn|15
|
|t:|1779703494
|-end|p2a: Great Tusk|Protosynthesis|[silent]
|switch|p2a: Samurott|Samurott-Hisui, M|100/100
|cant|p1a: Ting-Lu|slp
|
|upkeep
|turn|16
|
|t:|1779703509
|switch|p1a: Corviknight|Corviknight, M|100/100
|-damage|p1a: Corviknight|88/100|[from] Stealth Rock
|-ability|p1a: Corviknight|Pressure
|move|p2a: Samurott|Knock Off|p1a: Corviknight
|-damage|p1a: Corviknight|65/100
|-damage|p2a: Samurott|84/100|[from] item: Rocky Helmet|[of] p1a: Corviknight
|-enditem|p1a: Corviknight|Rocky Helmet|[from] move: Knock Off|[of] p2a: Samurott
|
|upkeep
|turn|17
|
|t:|1779703530
|move|p2a: Samurott|Razor Shell|p1a: Corviknight
|-damage|p1a: Corviknight|35/100
|-unboost|p1a: Corviknight|def|1
|move|p1a: Corviknight|Roost|p1a: Corviknight
|-heal|p1a: Corviknight|85/100
|-singleturn|p1a: Corviknight|move: Roost
|
|upkeep
|turn|18
|
|t:|1779703536
|switch|p1a: Ogerpon|Ogerpon-Wellspring, F|100/100
|-damage|p1a: Ogerpon|88/100|[from] Stealth Rock
|move|p2a: Samurott|Ceaseless Edge|p1a: Ogerpon
|-crit|p1a: Ogerpon
|-damage|p1a: Ogerpon|22/100
|-sidestart|p1: charizardfire2|Spikes
|
|upkeep
|turn|19
|
|t:|1779703547
|switch|p2a: Latios|Latios, M|100/100
|move|p1a: Ogerpon|Synthesis|p1a: Ogerpon
|-heal|p1a: Ogerpon|72/100
|
|upkeep
|turn|20
|
|t:|1779703554
|move|p2a: Latios|Calm Mind|p2a: Latios
|-boost|p2a: Latios|spa|1
|-boost|p2a: Latios|spd|1
|move|p1a: Ogerpon|Knock Off|p2a: Latios
|-supereffective|p2a: Latios
|-damage|p2a: Latios|5/100
|-enditem|p2a: Latios|Soul Dew|[from] move: Knock Off|[of] p1a: Ogerpon
|
|upkeep
|turn|21
|
|t:|1779703559
|switch|p1a: Skeledirge|Skeledirge, M|100/100
|move|p2a: Latios|Draco Meteor|p1a: Skeledirge
|-damage|p1a: Skeledirge|52/100
|-unboost|p2a: Latios|spa|2
|
|upkeep
|turn|22
|
|t:|1779703567
|move|p2a: Latios|Recover|p2a: Latios
|-heal|p2a: Latios|55/100
|move|p1a: Skeledirge|Slack Off|p1a: Skeledirge
|-heal|p1a: Skeledirge|100/100
|
|upkeep
|turn|23
|
|t:|1779703572
|switch|p2a: Samurott|Samurott-Hisui, M|84/100
|move|p1a: Skeledirge|Torch Song|p2a: Samurott
|-resisted|p2a: Samurott
|-damage|p2a: Samurott|72/100
|-boost|p1a: Skeledirge|spa|1
|
|upkeep
|turn|24
|
|t:|1779703578
|move|p2a: Samurott|Knock Off|p1a: Skeledirge
|-supereffective|p1a: Skeledirge
|-damage|p1a: Skeledirge|28/100
|-enditem|p1a: Skeledirge|Heavy-Duty Boots|[from] move: Knock Off|[of] p2a: Samurott
|move|p1a: Skeledirge|Will-O-Wisp|p2a: Samurott
|-status|p2a: Samurott|brn
|
|-damage|p2a: Samurott|66/100 brn|[from] brn
|upkeep
|turn|25
|
|t:|1779703584
|switch|p1a: Weezing|Weezing-Galar, M|100/100
|-ability|p1a: Weezing|Neutralizing Gas
|move|p2a: Samurott|Ceaseless Edge|p1a: Weezing
|-resisted|p1a: Weezing
|-damage|p1a: Weezing|95/100
|-sidestart|p1: charizardfire2|Spikes
|
|-damage|p2a: Samurott|60/100 brn|[from] brn
|upkeep
|turn|26
|
|t:|1779703595
|move|p2a: Samurott|Knock Off|p1a: Weezing
|-resisted|p1a: Weezing
|-damage|p1a: Weezing|86/100
|-enditem|p1a: Weezing|Heavy-Duty Boots|[from] move: Knock Off|[of] p2a: Samurott
|move|p1a: Weezing|Defog|p2a: Samurott
|-unboost|p2a: Samurott|evasion|1
|-sideend|p1: charizardfire2|Spikes|[from] move: Defog|[of] p1a: Weezing
|-sideend|p1: charizardfire2|Stealth Rock|[from] move: Defog|[of] p1a: Weezing
|
|-damage|p2a: Samurott|54/100 brn|[from] brn
|upkeep
|turn|27
|
|t:|1779703619
|move|p2a: Samurott|Ceaseless Edge|p1a: Weezing
|-resisted|p1a: Weezing
|-damage|p1a: Weezing|81/100
|-sidestart|p1: charizardfire2|Spikes
|move|p1a: Weezing|Sludge Bomb|p2a: Samurott
|-damage|p2a: Samurott|35/100 brn
|
|-damage|p2a: Samurott|29/100 brn|[from] brn
|upkeep
|turn|28
|
|t:|1779703627
|switch|p2a: Zapdos|Zapdos, shiny|45/100
|move|p1a: Weezing|Sludge Bomb|p2a: Zapdos
|-damage|p2a: Zapdos|20/100
|
|upkeep
|turn|29
|
|t:|1779703657
|-end|p1a: Weezing|ability: Neutralizing Gas
|switch|p1a: Ting-Lu|Ting-Lu, shiny|100/100 slp
|-damage|p1a: Ting-Lu|88/100 slp|[from] Spikes
|-ability|p1a: Ting-Lu|Vessel of Ruin
|move|p2a: Zapdos|Hurricane|p1a: Ting-Lu
|-damage|p1a: Ting-Lu|68/100 slp
|-start|p1a: Ting-Lu|confusion
|
|-heal|p1a: Ting-Lu|74/100 slp|[from] item: Leftovers
|upkeep
|turn|30
|
|t:|1779703670
|move|p2a: Zapdos|Roost|p2a: Zapdos
|-heal|p2a: Zapdos|70/100
|-singleturn|p2a: Zapdos|move: Roost
|cant|p1a: Ting-Lu|slp
|
|-heal|p1a: Ting-Lu|80/100 slp|[from] item: Leftovers
|upkeep
|turn|31
|
|t:|1779703674
|switch|p2a: Great Tusk|Great Tusk|92/100
|-curestatus|p1a: Ting-Lu|slp|[msg]
|-activate|p1a: Ting-Lu|confusion
|move|p1a: Ting-Lu|Throat Chop|p2a: Great Tusk
|-resisted|p2a: Great Tusk
|-damage|p2a: Great Tusk|83/100
|-start|p2a: Great Tusk|Throat Chop|[silent]
|
|-heal|p1a: Ting-Lu|87/100|[from] item: Leftovers
|upkeep
|turn|32
|
|t:|1779703685
|switch|p1a: Ogerpon|Ogerpon-Wellspring, F|72/100
|-damage|p1a: Ogerpon|60/100|[from] Spikes
|move|p2a: Great Tusk|Stealth Rock|p1a: Ogerpon
|-sidestart|p1: charizardfire2|move: Stealth Rock
|
|-end|p2a: Great Tusk|Throat Chop|[silent]
|upkeep
|turn|33
|
|t:|1779703690
|-end|p2a: Great Tusk|Protosynthesis|[silent]
|switch|p2a: Latios|Latios, M|55/100
|move|p1a: Ogerpon|Synthesis|p1a: Ogerpon
|-heal|p1a: Ogerpon|100/100
|
|upkeep
|turn|34
|
|t:|1779703698
|move|p2a: Latios|Recover|p2a: Latios
|-heal|p2a: Latios|100/100
|move|p1a: Ogerpon|Knock Off|p2a: Latios
|-supereffective|p2a: Latios
|-damage|p2a: Latios|37/100
|
|upkeep
|turn|35
|
|t:|1779703704
|move|p2a: Latios|Draco Meteor|p1a: Ogerpon
|-damage|p1a: Ogerpon|39/100
|-unboost|p2a: Latios|spa|2
|move|p1a: Ogerpon|Knock Off|p2a: Latios
|-supereffective|p2a: Latios
|-damage|p2a: Latios|0 fnt
|faint|p2a: Latios
|
|upkeep
|
|t:|1779703717
|switch|p2a: Mr. -ice Guy|Weavile, M|100/100
|-ability|p2a: Mr. -ice Guy|Pressure
|turn|36
|
|t:|1779703735
|switch|p1a: Corviknight|Corviknight, M|85/100
|-damage|p1a: Corviknight|72/100|[from] Stealth Rock
|-ability|p1a: Corviknight|Pressure
|move|p2a: Mr. -ice Guy|Swords Dance|p2a: Mr. -ice Guy
|-boost|p2a: Mr. -ice Guy|atk|2
|
|upkeep
|turn|37
|
|t:|1779703742
|move|p2a: Mr. -ice Guy|Triple Axel|p1a: Corviknight
|-damage|p1a: Corviknight|60/100
|-damage|p1a: Corviknight|35/100
|-crit|p1a: Corviknight
|-damage|p1a: Corviknight|0 fnt
|faint|p1a: Corviknight
|-hitcount|p1: Corviknight|3
|
|upkeep
|
|t:|1779703754
|switch|p1a: Weezing|Weezing-Galar, M|81/100
|-ability|p1a: Weezing|Neutralizing Gas
|-damage|p1a: Weezing|69/100|[from] Spikes
|-damage|p1a: Weezing|57/100|[from] Stealth Rock
|turn|38
|
|t:|1779703760
|move|p2a: Mr. -ice Guy|Triple Axel|p1a: Weezing
|-damage|p1a: Weezing|42/100
|-damage|p1a: Weezing|11/100
|-damage|p1a: Weezing|0 fnt
|faint|p1a: Weezing
|-end|p1a: Weezing|ability: Neutralizing Gas
|-ability|p2a: Mr. -ice Guy|Pressure
|-hitcount|p1: Weezing|3
|
|upkeep
|l|☆charizardfire2
|inactive|charizardfire2 disconnected and has a minute to reconnect!
|player|p1|
|inactive|charizardfire2 has 30 seconds to reconnect!
|inactive|charizardfire2 has 20 seconds to reconnect!
|inactive|charizardfire2 has 15 seconds to reconnect!
|inactive|charizardfire2 has 10 seconds to reconnect!
|inactive|charizardfire2 has 5 seconds to reconnect!
|-message|charizardfire2 lost due to inactivity.
|
|win|ihymyly
|raw|charizardfire2's rating: 1497 &rarr; <strong>1478</strong><br />(-19 for losing)
|raw|ihymyly's rating: 1513 &rarr; <strong>1532</strong><br />(+19 for winning)
|l|☆ihymyly
|player|p2|
