|j|☆R0cK Bottom
|j|☆cat party
|t:|1779655682
|gametype|singles
|player|p1|R0cK Bottom|cliff|1430
|player|p2|cat party|266|1419
|gen|9
|tier|[Gen 9] OU
|rated|
|rule|HP Percentage Mod: HP is shown in percentages
|rule|Endless Battle Clause: Forcing endless battles is banned
|rule|Species Clause: Limit one of each Pokémon
|rule|OHKO Clause: OHKO moves are banned
|rule|Evasion Items Clause: Evasion items are banned
|rule|Evasion Moves Clause: Evasion moves are banned
|rule|Evasion Abilities Clause: Evasion abilities are banned
|rule|Sleep Moves Clause: Sleep-inducing moves are banned
|clearpoke
|poke|p1|Tyranitar, M|
|poke|p1|Excadrill, M|
|poke|p1|Tornadus-Therian, M|
|poke|p1|Hydrapple, M|
|poke|p1|Heatran, M|
|poke|p1|Keldeo-Resolute|
|poke|p2|Hawlucha, F|
|poke|p2|Samurott-Hisui, F|
|poke|p2|Rillaboom, F|
|poke|p2|Gholdengo|
|poke|p2|Kyurem|
|poke|p2|Landorus-Therian, M|
|teampreview
|inactive|Battle timer is ON: inactive players will automatically lose when time's up. (requested by cat party)
|inactive|cat party has 120 seconds left.
|
|t:|1779655713
|teamsize|p1|6
|teamsize|p2|6
|start
|switch|p1a: Keldeo|Keldeo-Resolute|100/100
|switch|p2a: Kyurem|Kyurem|100/100
|-ability|p2a: Kyurem|Pressure
|turn|1
|
|t:|1779655727
|move|p2a: Kyurem|Freeze-Dry|p1a: Keldeo
|-supereffective|p1a: Keldeo
|-damage|p1a: Keldeo|9/100
|move|p1a: Keldeo|Secret Sword|p2a: Kyurem
|-supereffective|p2a: Kyurem
|-damage|p2a: Kyurem|0 fnt
|faint|p2a: Kyurem
|
|upkeep
|
|t:|1779655734
|switch|p2a: Rillaboom|Rillaboom, F|100/100
|-fieldstart|move: Grassy Terrain|[from] ability: Grassy Surge|[of] p2a: Rillaboom
|turn|2
|
|t:|1779655739
|switch|p1a: Heatran|Heatran, M|100/100
|move|p2a: Rillaboom|Grassy Glide|p1a: Heatran
|-resisted|p1a: Heatran
|-damage|p1a: Heatran|92/100
|
|-heal|p1a: Heatran|98/100|[from] Grassy Terrain
|-heal|p1a: Heatran|100/100|[from] item: Leftovers
|upkeep
|turn|3
|
|t:|1779655766
|switch|p2a: Samurott|Samurott-Hisui, F|100/100
|move|p1a: Heatran|Magma Storm|p2a: Samurott
|-resisted|p2a: Samurott
|-damage|p2a: Samurott|86/100
|-activate|p2a: Samurott|move: Magma Storm|[of] p1a: Heatran
|
|-heal|p2a: Samurott|92/100|[from] Grassy Terrain
|-damage|p2a: Samurott|80/100|[from] move: Magma Storm|[partiallytrapped]
|upkeep
|turn|4
|inactive|R0cK Bottom has 120 seconds left.
|
|t:|1779655802
|move|p2a: Samurott|Ceaseless Edge|p1a: Heatran
|-damage|p1a: Heatran|67/100
|-sidestart|p1: R0cK Bottom|Spikes
|move|p1a: Heatran|Stealth Rock|p2a: Samurott
|-sidestart|p2: cat party|move: Stealth Rock
|
|-heal|p2a: Samurott|86/100|[from] Grassy Terrain
|-heal|p1a: Heatran|73/100|[from] Grassy Terrain
|-heal|p1a: Heatran|80/100|[from] item: Leftovers
|-damage|p2a: Samurott|74/100|[from] move: Magma Storm|[partiallytrapped]
|upkeep
|turn|5
|inactive|R0cK Bottom has 120 seconds left.
|inactive|cat party has 120 seconds left.
|
|t:|1779655840
|move|p2a: Samurott|Flip Turn|p1a: Heatran
|-supereffective|p1a: Heatran
|-crit|p1a: Heatran
|-damage|p1a: Heatran|19/100
|
|t:|1779655845
|switch|p2a: Landorus|Landorus-Therian, M|100/100|[from] Flip Turn
|-damage|p2a: Landorus|88/100|[from] Stealth Rock
|-ability|p2a: Landorus|Intimidate|boost
|-unboost|p1a: Heatran|atk|1
|move|p1a: Heatran|Earth Power|p2a: Landorus
|-immune|p2a: Landorus
|
|-heal|p1a: Heatran|25/100|[from] Grassy Terrain
|-heal|p1a: Heatran|31/100|[from] item: Leftovers
|upkeep
|turn|6
|inactive|R0cK Bottom has 120 seconds left.
|
|t:|1779655864
|move|p2a: Landorus|U-turn|p1a: Heatran
|-resisted|p1a: Heatran
|-damage|p1a: Heatran|27/100
|-status|p2a: Landorus|brn|[from] ability: Flame Body|[of] p1a: Heatran
|
|t:|1779655870
|switch|p2a: Samurott|Samurott-Hisui, F|74/100|[from] U-turn
|-damage|p2a: Samurott|61/100|[from] Stealth Rock
|move|p1a: Heatran|Magma Storm|p2a: Samurott
|-resisted|p2a: Samurott
|-damage|p2a: Samurott|46/100
|-activate|p2a: Samurott|move: Magma Storm|[of] p1a: Heatran
|
|-heal|p2a: Samurott|52/100|[from] Grassy Terrain
|-heal|p1a: Heatran|33/100|[from] Grassy Terrain
|-heal|p1a: Heatran|39/100|[from] item: Leftovers
|-damage|p2a: Samurott|40/100|[from] move: Magma Storm|[partiallytrapped]
|-fieldend|move: Grassy Terrain
|upkeep
|turn|7
|inactive|R0cK Bottom has 120 seconds left.
|
|t:|1779655883
|switch|p1a: Hydrapple|Hydrapple, M, shiny|100/100
|-damage|p1a: Hydrapple|88/100|[from] Spikes
|move|p2a: Samurott|Flip Turn|p1a: Hydrapple
|-resisted|p1a: Hydrapple
|-damage|p1a: Hydrapple|85/100
|-damage|p2a: Samurott|23/100|[from] item: Rocky Helmet|[of] p1a: Hydrapple
|inactive|cat party has 120 seconds left.
|-message|cat party forfeited.
|
|win|R0cK Bottom
|raw|R0cK Bottom's rating: 1430 &rarr; <strong>1449</strong><br />(+19 for winning)
|raw|cat party's rating: 1419 &rarr; <strong>1400</strong><br />(-19 for losing)
|l|☆cat party
|player|p2|
