|j|☆MiaTaylor612
|j|☆wanyekestyzesty
|t:|1779684731
|gametype|singles
|player|p1|MiaTaylor612|idol|1435
|player|p2|wanyekestyzesty|grimsley|1426
|gen|9
|tier|[Gen 9] OU
|rated|
|rule|HP Percentage Mod: HP is shown in percentages
|rule|Endless Battle Clause: Forcing endless battles is banned
|rule|Species Clause: Limit one of each Pokémon
|rule|OHKO Clause: OHKO moves are banned
|rule|Evasion Items Clause: Evasion items are banned
|rule|Evasion Moves Clause: Evasion moves are banned
|rule|Evasion Abilities Clause: Evasion abilities are banned
|rule|Sleep Moves Clause: Sleep-inducing moves are banned
|clearpoke
|poke|p1|Ogerpon, F|
|poke|p1|Alomomola, M|
|poke|p1|Great Tusk|
|poke|p1|Landorus-Therian, M|
|poke|p1|Iron Crown|
|poke|p1|Enamorus, F|
|poke|p2|Enamorus, F|
|poke|p2|Great Tusk|
|poke|p2|Iron Crown|
|poke|p2|Lokix, M|
|poke|p2|Alomomola, M|
|poke|p2|Pecharunt|
|teampreview
|inactive|Battle timer is ON: inactive players will automatically lose when time's up. (requested by MiaTaylor612)
|
|t:|1779684765
|teamsize|p1|6
|teamsize|p2|6
|start
|switch|p1a: Iron Crown|Iron Crown|100/100
|switch|p2a: Alomomola|Alomomola, M|100/100
|turn|1
|
|t:|1779684778
|-end|p1a: Iron Crown|Quark Drive|[silent]
|switch|p1a: Alomomola|Alomomola, M|100/100
|move|p2a: Alomomola|Flip Turn|p1a: Alomomola
|-resisted|p1a: Alomomola
|-damage|p1a: Alomomola|94/100
|
|t:|1779684784
|switch|p2a: Lokix|Lokix, M|100/100|[from] Flip Turn
|
|upkeep
|turn|2
|
|t:|1779684789
|move|p2a: Lokix|Knock Off|p1a: Alomomola
|-damage|p1a: Alomomola|44/100
|-enditem|p1a: Alomomola|Assault Vest|[from] move: Knock Off|[of] p2a: Lokix
|move|p1a: Alomomola|Play Rough|p2a: Lokix
|-supereffective|p2a: Lokix
|-damage|p2a: Lokix|49/100
|
|upkeep
|turn|3
|
|t:|1779684797
|switch|p2a: Alomomola|Alomomola, M|100/100
|move|p1a: Alomomola|Flip Turn|p2a: Alomomola
|-resisted|p2a: Alomomola
|-damage|p2a: Alomomola|95/100
|
|t:|1779684802
|switch|p1a: Ogerpon|Ogerpon, F|100/100|[from] Flip Turn
|
|upkeep
|turn|4
|
|t:|1779684805
|switch|p2a: Pecharunt|Pecharunt|100/100
|move|p1a: Ogerpon|U-turn|p2a: Pecharunt
|-resisted|p2a: Pecharunt
|-damage|p2a: Pecharunt|97/100
|
|t:|1779684807
|switch|p1a: Landorus|Landorus-Therian, M|100/100|[from] U-turn
|-ability|p1a: Landorus|Intimidate|boost
|-unboost|p2a: Pecharunt|atk|1
|
|-heal|p2a: Pecharunt|100/100|[from] item: Leftovers
|upkeep
|turn|5
|
|t:|1779684813
|switch|p2a: Alomomola|Alomomola, M|100/100
|move|p1a: Landorus|Earth Power|p2a: Alomomola
|-damage|p2a: Alomomola|82/100
|
|upkeep
|turn|6
|
|t:|1779684817
|move|p1a: Landorus|Stealth Rock|p2a: Alomomola
|-sidestart|p2: wanyekestyzesty|move: Stealth Rock
|move|p2a: Alomomola|Flip Turn|p1a: Landorus
|-supereffective|p1a: Landorus
|-damage|p1a: Landorus|68/100
|-damage|p2a: Alomomola|65/100|[from] item: Rocky Helmet|[of] p1a: Landorus
|
|t:|1779684823
|switch|p2a: Great Tusk|Great Tusk|100/100|[from] Flip Turn
|-damage|p2a: Great Tusk|98/100|[from] Stealth Rock
|
|upkeep
|turn|7
|
|t:|1779684828
|-terastallize|p1a: Landorus|Ghost
|move|p1a: Landorus|Earth Power|p2a: Great Tusk
|-crit|p2a: Great Tusk
|-damage|p2a: Great Tusk|19/100
|move|p2a: Great Tusk|Rapid Spin|p1a: Landorus
|-immune|p1a: Landorus
|
|upkeep
|turn|8
|
|t:|1779684837
|-end|p2a: Great Tusk|Protosynthesis|[silent]
|switch|p2a: Alomomola|Alomomola, M|99/100
|-damage|p2a: Alomomola|86/100|[from] Stealth Rock
|move|p1a: Landorus|Earth Power|p2a: Alomomola
|-damage|p2a: Alomomola|69/100
|
|upkeep
|turn|9
|
|t:|1779684844
|switch|p1a: Ogerpon|Ogerpon, F|100/100
|move|p2a: Alomomola|Flip Turn|p1a: Ogerpon
|-resisted|p1a: Ogerpon
|-damage|p1a: Ogerpon|91/100
|
|t:|1779684852
|switch|p2a: Enamorus|Enamorus, F|100/100|[from] Flip Turn
|-damage|p2a: Enamorus|76/100|[from] Stealth Rock
|
|upkeep
|turn|10
|
|t:|1779684859
|move|p2a: Enamorus|Moonblast|p1a: Ogerpon
|-damage|p1a: Ogerpon|34/100
|move|p1a: Ogerpon|Rock Tomb|p2a: Enamorus
|-supereffective|p2a: Enamorus
|-damage|p2a: Enamorus|0 fnt
|faint|p2a: Enamorus
|
|upkeep
|
|t:|1779684869
|switch|p2a: Alomomola|Alomomola, M|100/100
|-damage|p2a: Alomomola|88/100|[from] Stealth Rock
|turn|11
|
|t:|1779684874
|switch|p1a: Iron Crown|Iron Crown|100/100
|move|p2a: Alomomola|Flip Turn|p1a: Iron Crown
|-damage|p1a: Iron Crown|83/100
|
|t:|1779684883
|switch|p2a: Pecharunt|Pecharunt|100/100|[from] Flip Turn
|-damage|p2a: Pecharunt|88/100|[from] Stealth Rock
|
|-heal|p2a: Pecharunt|94/100|[from] item: Leftovers
|upkeep
|turn|12
|
|t:|1779684887
|move|p1a: Iron Crown|Tachyon Cutter|p2a: Pecharunt
|-crit|p2a: Pecharunt
|-damage|p2a: Pecharunt|35/100
|-damage|p2a: Pecharunt|0 fnt
|faint|p2a: Pecharunt
|-hitcount|p2: Pecharunt|2
|
|upkeep
|
|t:|1779684892
|switch|p2a: Lokix|Lokix, M|49/100
|-damage|p2a: Lokix|24/100|[from] Stealth Rock
|turn|13
|
|t:|1779684899
|-end|p1a: Iron Crown|Quark Drive|[silent]
|switch|p1a: Landorus|Landorus-Therian, M, tera:Ghost|68/100
|-ability|p1a: Landorus|Intimidate|boost
|-unboost|p2a: Lokix|atk|1
|move|p2a: Lokix|First Impression|p1a: Landorus
|-resisted|p1a: Landorus
|-damage|p1a: Landorus|27/100
|-damage|p2a: Lokix|8/100|[from] item: Rocky Helmet|[of] p1a: Landorus
|
|upkeep
|turn|14
|-message|wanyekestyzesty forfeited.
|
|win|MiaTaylor612
|raw|MiaTaylor612's rating: 1435 &rarr; <strong>1454</strong><br />(+19 for winning)
|raw|wanyekestyzesty's rating: 1426 &rarr; <strong>1407</strong><br />(-19 for losing)
|l|☆wanyekestyzesty
|player|p2|
|l|☆MiaTaylor612
|player|p1|
