|j|☆cafepinguino
|j|☆Ohhodoge
|t:|1779714583
|gametype|singles
|player|p1|cafepinguino|morty|1461
|player|p2|Ohhodoge|101|1539
|gen|9
|tier|[Gen 9] OU
|rated|
|rule|HP Percentage Mod: HP is shown in percentages
|rule|Endless Battle Clause: Forcing endless battles is banned
|rule|Species Clause: Limit one of each Pokémon
|rule|OHKO Clause: OHKO moves are banned
|rule|Evasion Items Clause: Evasion items are banned
|rule|Evasion Moves Clause: Evasion moves are banned
|rule|Evasion Abilities Clause: Evasion abilities are banned
|rule|Sleep Moves Clause: Sleep-inducing moves are banned
|clearpoke
|poke|p1|Darkrai|
|poke|p1|Clefable, M|
|poke|p1|Entei|
|poke|p1|Goodra-Hisui, M|
|poke|p1|Ursaluna, M|
|poke|p1|Azumarill, F|
|poke|p2|Great Tusk|
|poke|p2|Hatterene, F|
|poke|p2|Iron Crown|
|poke|p2|Dragonite, M|
|poke|p2|Samurott-Hisui, M|
|poke|p2|Zamazenta-*|
|teampreview
|inactive|Battle timer is ON: inactive players will automatically lose when time's up. (requested by cafepinguino)
|
|t:|1779714597
|teamsize|p1|6
|teamsize|p2|6
|start
|switch|p1a: Clefable|Clefable, M|100/100
|switch|p2a: Iron Crown|Iron Crown|100/100
|turn|1
|
|t:|1779714606
|move|p2a: Iron Crown|Tachyon Cutter|p1a: Clefable
|-supereffective|p1a: Clefable
|-damage|p1a: Clefable|25/100
|-supereffective|p1a: Clefable
|-damage|p1a: Clefable|0 fnt
|faint|p1a: Clefable
|-hitcount|p1: Clefable|2
|
|upkeep
|
|t:|1779714612
|switch|p1a: Entei|Entei|100/100
|turn|2
|
|t:|1779714617
|-end|p2a: Iron Crown|Quark Drive|[silent]
|switch|p2a: Great Tusk|Great Tusk|100/100
|move|p1a: Entei|Sacred Fire|p2a: Great Tusk
|-damage|p2a: Great Tusk|69/100
|
|upkeep
|turn|3
|
|t:|1779714625
|switch|p1a: Azumarill <3|Azumarill, F|100/100
|move|p2a: Great Tusk|Stealth Rock|p1a: Azumarill <3
|-sidestart|p1: cafepinguino|move: Stealth Rock
|
|upkeep
|turn|4
|
|t:|1779714638
|-end|p2a: Great Tusk|Protosynthesis|[silent]
|switch|p2a: Dragonite|Dragonite, M|100/100
|move|p1a: Azumarill <3|Belly Drum|p1a: Azumarill <3
|-damage|p1a: Azumarill <3|50/100
|-setboost|p1a: Azumarill <3|atk|6|[from] move: Belly Drum
|-enditem|p1a: Azumarill <3|Sitrus Berry|[eat]
|-heal|p1a: Azumarill <3|75/100|[from] item: Sitrus Berry
|
|upkeep
|turn|5
|
|t:|1779714644
|move|p2a: Dragonite|Encore|p1a: Azumarill <3
|-start|p1a: Azumarill <3|Encore
|move|p1a: Azumarill <3|Belly Drum||[still]
|-fail|p1a: Azumarill <3
|
|upkeep
|turn|6
|
|t:|1779714650
|switch|p2a: Zamazenta|Zamazenta|100/100
|-ability|p2a: Zamazenta|Dauntless Shield|boost
|-boost|p2a: Zamazenta|def|1
|switch|p1a: Darkrai|Darkrai|100/100
|-damage|p1a: Darkrai|88/100|[from] Stealth Rock
|
|upkeep
|turn|7
|
|t:|1779714657
|move|p2a: Zamazenta|Iron Defense|p2a: Zamazenta
|-boost|p2a: Zamazenta|def|2
|move|p1a: Darkrai|Sludge Bomb|p2a: Zamazenta
|-damage|p2a: Zamazenta|74/100
|
|-heal|p2a: Zamazenta|80/100|[from] item: Leftovers
|upkeep
|turn|8
|
|t:|1779714662
|switch|p1a: Azumarill <3|Azumarill, F|75/100
|-damage|p1a: Azumarill <3|63/100|[from] Stealth Rock
|move|p2a: Zamazenta|Body Press|p1a: Azumarill <3
|-resisted|p1a: Azumarill <3
|-damage|p1a: Azumarill <3|18/100
|
|-heal|p2a: Zamazenta|87/100|[from] item: Leftovers
|upkeep
|turn|9
|
|t:|1779714669
|move|p2a: Zamazenta|Body Press|p1a: Azumarill <3
|-resisted|p1a: Azumarill <3
|-damage|p1a: Azumarill <3|0 fnt
|faint|p1a: Azumarill <3
|
|-heal|p2a: Zamazenta|93/100|[from] item: Leftovers
|upkeep
|
|t:|1779714671
|switch|p1a: Ursaluna|Ursaluna, M|100/100
|-damage|p1a: Ursaluna|94/100|[from] Stealth Rock
|turn|10
|
|t:|1779714676
|move|p1a: Ursaluna|Protect|p1a: Ursaluna
|-singleturn|p1a: Ursaluna|Protect
|move|p2a: Zamazenta|Iron Defense|p2a: Zamazenta
|-boost|p2a: Zamazenta|def|2
|
|-heal|p2a: Zamazenta|99/100|[from] item: Leftovers
|-status|p1a: Ursaluna|brn|[from] item: Flame Orb
|upkeep
|turn|11
|
|t:|1779714685
|-terastallize|p1a: Ursaluna|Ghost
|move|p2a: Zamazenta|Crunch|p1a: Ursaluna
|-supereffective|p1a: Ursaluna
|-damage|p1a: Ursaluna|65/100 brn
|move|p1a: Ursaluna|Facade|p2a: Zamazenta
|-damage|p2a: Zamazenta|74/100
|
|-heal|p2a: Zamazenta|80/100|[from] item: Leftovers
|-damage|p1a: Ursaluna|59/100 brn|[from] brn
|upkeep
|turn|12
|-message|cafepinguino forfeited.
|
|win|Ohhodoge
|raw|cafepinguino's rating: 1461 &rarr; <strong>1445</strong><br />(-16 for losing)
|raw|Ohhodoge's rating: 1539 &rarr; <strong>1555</strong><br />(+16 for winning)
|l|☆cafepinguino
|player|p1|
|l|☆Ohhodoge
|player|p2|
