|j|☆mithology2467
|j|☆Quagsires gf
|t:|1779687557
|gametype|singles
|player|p1|mithology2467|caitlin|1150
|player|p2|Quagsires gf|102|1046
|gen|9
|tier|[Gen 9] OU
|rated|
|rule|HP Percentage Mod: HP is shown in percentages
|rule|Endless Battle Clause: Forcing endless battles is banned
|rule|Species Clause: Limit one of each Pokémon
|rule|OHKO Clause: OHKO moves are banned
|rule|Evasion Items Clause: Evasion items are banned
|rule|Evasion Moves Clause: Evasion moves are banned
|rule|Evasion Abilities Clause: Evasion abilities are banned
|rule|Sleep Moves Clause: Sleep-inducing moves are banned
|clearpoke
|poke|p1|Gliscor, F|
|poke|p1|Decidueye-Hisui, M|
|poke|p1|Iron Boulder|
|poke|p1|Hydreigon, F|
|poke|p1|Primarina, M|
|poke|p1|Zapdos|
|poke|p2|Hypno, F|
|poke|p2|Toxtricity, M|
|poke|p2|Granbull, M|
|poke|p2|Pawmot, M|
|poke|p2|Lilligant-Hisui, F|
|poke|p2|Banette, F|
|teampreview
|inactive|Battle timer is ON: inactive players will automatically lose when time's up. (requested by mithology2467)
|
|t:|1779687570
|teamsize|p1|6
|teamsize|p2|6
|start
|switch|p1a: Decidueye|Decidueye-Hisui, M|100/100
|switch|p2a: Toxtricity|Toxtricity, M|100/100
|turn|1
|
|t:|1779687583
|move|p1a: Decidueye|Triple Arrows|p2a: Toxtricity
|-resisted|p2a: Toxtricity
|-damage|p2a: Toxtricity|74/100
|-unboost|p2a: Toxtricity|def|1
|cant|p2a: Toxtricity|flinch
|
|upkeep
|turn|2
|
|t:|1779687593
|switch|p1a: Gliscor|Gliscor, F|100/100
|move|p2a: Toxtricity|Boomburst|p1a: Gliscor
|-damage|p1a: Gliscor|18/100
|-enditem|p2a: Toxtricity|Throat Spray
|-boost|p2a: Toxtricity|spa|1|[from] item: Throat Spray
|
|-status|p1a: Gliscor|tox|[from] item: Toxic Orb
|upkeep
|turn|3
|
|t:|1779687614
|switch|p1a: Decidueye|Decidueye-Hisui, M|100/100
|switch|p2a: Banette|Banette, F, shiny|100/100
|
|upkeep
|turn|4
|-activate|p2a: Banette|item: Quick Claw
|
|t:|1779687623
|move|p2a: Banette|Confuse Ray|p1a: Decidueye
|-start|p1a: Decidueye|confusion
|-activate|p1a: Decidueye|confusion
|move|p1a: Decidueye|Triple Arrows|p2a: Banette
|-damage|p2a: Banette|37/100
|
|upkeep
|turn|5
|
|t:|1779687636
|switch|p1a: Zapdos|Zapdos|100/100
|switch|p2a: Toxtricity|Toxtricity, M|74/100
|
|upkeep
|turn|6
|
|t:|1779687643
|move|p1a: Zapdos|Hurricane|p2a: Toxtricity
|-resisted|p2a: Toxtricity
|-damage|p2a: Toxtricity|44/100
|-start|p2a: Toxtricity|confusion
|-activate|p2a: Toxtricity|confusion
|move|p2a: Toxtricity|Thief|p1a: Zapdos
|-damage|p1a: Zapdos|87/100
|-enditem|p1a: Zapdos|Leftovers|[silent]|[from] move: Thief|[of] p2a: Toxtricity
|-item|p2a: Toxtricity|Leftovers|[from] move: Thief|[of] p1a: Zapdos
|
|-heal|p2a: Toxtricity|50/100|[from] item: Leftovers
|upkeep
|turn|7
|
|t:|1779687653
|move|p1a: Zapdos|Hurricane|p2a: Toxtricity
|-resisted|p2a: Toxtricity
|-damage|p2a: Toxtricity|19/100
|-activate|p2a: Toxtricity|confusion
|-damage|p2a: Toxtricity|8/100|[from] confusion
|
|-heal|p2a: Toxtricity|15/100|[from] item: Leftovers
|upkeep
|turn|8
|
|t:|1779687659
|move|p1a: Zapdos|Volt Switch|p2a: Toxtricity
|-resisted|p2a: Toxtricity
|-damage|p2a: Toxtricity|0 fnt
|faint|p2a: Toxtricity
|
|t:|1779687662
|switch|p1a: Gliscor|Gliscor, F|18/100 tox|[from] Volt Switch
|
|-heal|p1a: Gliscor|31/100 tox|[from] ability: Poison Heal
|upkeep
|
|t:|1779687665
|switch|p2a: Banette|Banette, F, shiny|37/100
|turn|9
|
|t:|1779687674
|switch|p1a: Decidueye|Decidueye-Hisui, M|100/100
|move|p2a: Banette|Phantom Force||[still]
|-prepare|p2a: Banette|Phantom Force
|
|upkeep
|turn|10
|
|t:|1779687685
|move|p1a: Decidueye|Triple Arrows|p2a: Banette|[miss]
|-miss|p1a: Decidueye|p2a: Banette
|move|p2a: Banette|Phantom Force|p1a: Decidueye|[from] lockedmove
|-damage|p1a: Decidueye|34/100
|
|upkeep
|turn|11
|
|t:|1779687693
|move|p1a: Decidueye|Triple Arrows|p2a: Banette
|-damage|p2a: Banette|0 fnt
|-start|p1a: Decidueye|Disable|Triple Arrows|[from] ability: Cursed Body|[of] p2a: Banette
|faint|p2a: Banette
|
|upkeep
|
|t:|1779687696
|switch|p2a: Lilligant|Lilligant-Hisui, F, shiny|100/100
|turn|12
|
|t:|1779687702
|switch|p1a: Zapdos|Zapdos|87/100
|move|p2a: Lilligant|Victory Dance|p2a: Lilligant
|-boost|p2a: Lilligant|atk|1
|-boost|p2a: Lilligant|def|1
|-boost|p2a: Lilligant|spe|1
|
|upkeep
|turn|13
|
|t:|1779687710
|move|p2a: Lilligant|Leaf Blade|p1a: Zapdos
|-resisted|p1a: Zapdos
|-damage|p1a: Zapdos|39/100
|move|p1a: Zapdos|Hurricane|p2a: Lilligant|[miss]
|-miss|p1a: Zapdos|p2a: Lilligant
|
|upkeep
|turn|14
|
|t:|1779687718
|move|p2a: Lilligant|Leaf Blade|p1a: Zapdos
|-resisted|p1a: Zapdos
|-damage|p1a: Zapdos|0 fnt
|faint|p1a: Zapdos
|
|upkeep
|
|t:|1779687731
|switch|p1a: Iron Boulder|Iron Boulder|100/100
|turn|15
|
|t:|1779687735
|move|p2a: Lilligant|Leaf Blade|p1a: Iron Boulder
|-supereffective|p1a: Iron Boulder
|-crit|p1a: Iron Boulder
|-damage|p1a: Iron Boulder|0 fnt
|faint|p1a: Iron Boulder
|-end|p1a: Iron Boulder|Quark Drive|[silent]
|
|upkeep
|
|t:|1779687739
|switch|p1a: Gliscor|Gliscor, F|31/100 tox
|turn|16
|
|t:|1779687742
|move|p2a: Lilligant|Leaf Blade|p1a: Gliscor
|-damage|p1a: Gliscor|0 fnt
|faint|p1a: Gliscor
|
|upkeep
|
|t:|1779687744
|switch|p1a: Decidueye|Decidueye-Hisui, M|34/100
|turn|17
|
|t:|1779687746
|move|p2a: Lilligant|Leaf Blade|p1a: Decidueye
|-resisted|p1a: Decidueye
|-damage|p1a: Decidueye|0 fnt
|faint|p1a: Decidueye
|
|upkeep
|
|t:|1779687748
|switch|p1a: Primarina|Primarina, M|100/100
|turn|18
|
|t:|1779687749
|move|p2a: Lilligant|Leaf Blade|p1a: Primarina
|-supereffective|p1a: Primarina
|-damage|p1a: Primarina|0 fnt
|faint|p1a: Primarina
|
|upkeep
|
|t:|1779687752
|switch|p1a: Hydreigon|Hydreigon, F|100/100
|turn|19
|
|t:|1779687755
|move|p2a: Lilligant|Metronome|p2a: Lilligant
|move|p2a: Lilligant|Fairy Wind|p1a: Hydreigon|[from] move: Metronome
|-supereffective|p1a: Hydreigon
|-damage|p1a: Hydreigon|77/100
|move|p1a: Hydreigon|Draco Meteor|p2a: Lilligant
|-damage|p2a: Lilligant|15/100
|-unboost|p1a: Hydreigon|spa|2
|
|upkeep
|turn|20
|
|t:|1779687765
|move|p2a: Lilligant|Metronome|p2a: Lilligant
|move|p2a: Lilligant|Dragon Rush|p1a: Hydreigon|[from] move: Metronome|[miss]
|-miss|p2a: Lilligant|p1a: Hydreigon
|move|p1a: Hydreigon|Dark Pulse|p2a: Lilligant
|-resisted|p2a: Lilligant
|-damage|p2a: Lilligant|1/100
|
|upkeep
|turn|21
|
|t:|1779687769
|move|p2a: Lilligant|Victory Dance|p2a: Lilligant
|-boost|p2a: Lilligant|atk|1
|-boost|p2a: Lilligant|def|1
|-boost|p2a: Lilligant|spe|1
|move|p1a: Hydreigon|Focus Energy|p1a: Hydreigon
|-start|p1a: Hydreigon|move: Focus Energy
|
|upkeep
|turn|22
|
|t:|1779687774
|-terastallize|p1a: Hydreigon|Steel
|move|p2a: Lilligant|Metronome|p2a: Lilligant
|move|p2a: Lilligant|Teeter Dance|p1a: Hydreigon|[from] move: Metronome
|-start|p1a: Hydreigon|confusion
|-activate|p1a: Hydreigon|confusion
|move|p1a: Hydreigon|Dark Pulse|p2a: Lilligant
|-resisted|p2a: Lilligant
|-crit|p2a: Lilligant
|-damage|p2a: Lilligant|0 fnt
|faint|p2a: Lilligant
|
|upkeep
|
|t:|1779687787
|switch|p2a: Pawmot|Pawmot, M|100/100
|turn|23
|
|t:|1779687790
|move|p2a: Pawmot|Revival Blessing|p2a: Pawmot
|-enditem|p2a: Pawmot|Leppa Berry|[eat]
|-activate|p2a: Pawmot|item: Leppa Berry|Revival Blessing|[consumed]
|
|t:|1779687794
|-heal|p2: Banette|50/100|[from] move: Revival Blessing
|-activate|p1a: Hydreigon|confusion
|move|p1a: Hydreigon|Draco Meteor|p2a: Pawmot
|-crit|p2a: Pawmot
|-damage|p2a: Pawmot|0 fnt
|-unboost|p1a: Hydreigon|spa|2
|faint|p2a: Pawmot
|
|upkeep
|
|t:|1779687804
|switch|p2a: Granbull|Granbull, M, shiny|100/100
|-ability|p2a: Granbull|Intimidate|boost
|-unboost|p1a: Hydreigon|atk|1
|turn|24
|-activate|p2a: Granbull|item: Quick Claw
|
|t:|1779687810
|move|p2a: Granbull|Mimic|p1a: Hydreigon
|-start|p2a: Granbull|Mimic|Draco Meteor
|-activate|p1a: Hydreigon|confusion
|move|p1a: Hydreigon|Flash Cannon|p2a: Granbull
|-supereffective|p2a: Granbull
|-crit|p2a: Granbull
|-damage|p2a: Granbull|0 fnt
|faint|p2a: Granbull
|
|upkeep
|
|t:|1779687817
|switch|p2a: Banette|Banette, F, shiny|50/100
|turn|25
|
|t:|1779687822
|-end|p1a: Hydreigon|confusion
|move|p1a: Hydreigon|Dark Pulse|p2a: Banette
|-supereffective|p2a: Banette
|-crit|p2a: Banette
|-damage|p2a: Banette|0 fnt
|-start|p1a: Hydreigon|Disable|Dark Pulse|[from] ability: Cursed Body|[of] p2a: Banette
|faint|p2a: Banette
|
|upkeep
|
|t:|1779687826
|switch|p2a: Hypno|Hypno, F, shiny|100/100
|turn|26
|
|t:|1779687832
|move|p1a: Hydreigon|Draco Meteor|p2a: Hypno
|-crit|p2a: Hypno
|-damage|p2a: Hypno|29/100
|-unboost|p1a: Hydreigon|spa|2
|move|p2a: Hypno|Metronome|p2a: Hypno
|move|p2a: Hypno|Low Sweep|p1a: Hydreigon|[from] move: Metronome
|-supereffective|p1a: Hydreigon
|-damage|p1a: Hydreigon|49/100
|-unboost|p1a: Hydreigon|spe|1
|
|upkeep
|turn|27
|
|t:|1779687843
|move|p1a: Hydreigon|Flash Cannon|p2a: Hypno
|-crit|p2a: Hypno
|-damage|p2a: Hypno|0 fnt
|faint|p2a: Hypno
|
|win|mithology2467
|raw|mithology2467's rating: 1150 &rarr; <strong>1168</strong><br />(+18 for winning)
|raw|Quagsires gf's rating: 1046 &rarr; <strong>1034</strong><br />(-12 for losing)
|c|☆mithology2467|Was what those turns
