|j|☆ShakWasTaken
|j|☆outis is peak
|t:|1779691001
|gametype|singles
|player|p1|ShakWasTaken|n|1053
|player|p2|outis is peak|n|1089
|gen|9
|tier|[Gen 9] OU
|rated|
|rule|HP Percentage Mod: HP is shown in percentages
|rule|Endless Battle Clause: Forcing endless battles is banned
|rule|Species Clause: Limit one of each Pokémon
|rule|OHKO Clause: OHKO moves are banned
|rule|Evasion Items Clause: Evasion items are banned
|rule|Evasion Moves Clause: Evasion moves are banned
|rule|Evasion Abilities Clause: Evasion abilities are banned
|rule|Sleep Moves Clause: Sleep-inducing moves are banned
|clearpoke
|poke|p1|Glaceon, F|
|poke|p1|Greninja-*, M|
|poke|p1|Meowscarada, M|
|poke|p1|Garchomp, F|
|poke|p1|Gengar, F|
|poke|p1|Incineroar, F|
|poke|p2|Gallade, M|
|poke|p2|Armarouge, M|
|poke|p2|Haxorus, F|
|poke|p2|Gliscor, M|
|poke|p2|Metagross|
|poke|p2|Azumarill, F|
|teampreview
|
|t:|1779691012
|teamsize|p1|6
|teamsize|p2|6
|start
|switch|p1a: Fleur|Meowscarada, M|100/100
|switch|p2a: Gliscor|Gliscor, M|100/100
|turn|1
|
|t:|1779691023
|move|p1a: Fleur|Triple Axel|p2a: Gliscor
|-start|p1a: Fleur|typechange|Ice|[from] ability: Protean
|-supereffective|p2a: Gliscor
|-damage|p2a: Gliscor|73/100
|-supereffective|p2a: Gliscor
|-damage|p2a: Gliscor|17/100
|-supereffective|p2a: Gliscor
|-damage|p2a: Gliscor|0 fnt
|faint|p2a: Gliscor
|-hitcount|p2: Gliscor|3
|
|upkeep
|
|t:|1779691035
|switch|p2a: Azumarill|Azumarill, F|100/100
|turn|2
|
|t:|1779691055
|move|p1a: Fleur|Triple Axel|p2a: Azumarill
|-resisted|p2a: Azumarill
|-crit|p2a: Azumarill
|-damage|p2a: Azumarill|93/100
|-resisted|p2a: Azumarill
|-damage|p2a: Azumarill|85/100
|-resisted|p2a: Azumarill
|-damage|p2a: Azumarill|70/100
|-hitcount|p2a: Azumarill|3
|move|p2a: Azumarill|Aqua Tail|p1a: Fleur
|-damage|p1a: Fleur|0 fnt
|faint|p1a: Fleur
|
|upkeep
|
|t:|1779691067
|switch|p1a: Gengar|Gengar, F|100/100
|turn|3
|
|t:|1779691077
|move|p1a: Gengar|Sludge Wave|p2a: Azumarill
|-supereffective|p2a: Azumarill
|-damage|p2a: Azumarill|0 fnt
|faint|p2a: Azumarill
|
|upkeep
|
|t:|1779691086
|switch|p2a: Gallade|Gallade, M|100/100
|turn|4
|
|t:|1779691112
|switch|p2a: Metagross|Metagross|100/100
|move|p1a: Gengar|Shadow Ball|p2a: Metagross
|-supereffective|p2a: Metagross
|-damage|p2a: Metagross|18/100
|
|upkeep
|turn|5
|
|t:|1779691123
|move|p1a: Gengar|Shadow Ball|p2a: Metagross
|-supereffective|p2a: Metagross
|-damage|p2a: Metagross|0 fnt
|faint|p2a: Metagross
|
|upkeep
|
|t:|1779691129
|switch|p2a: Haxorus|Haxorus, F|100/100
|-ability|p2a: Haxorus|Mold Breaker
|turn|6
|
|t:|1779691136
|move|p1a: Gengar|Nasty Plot|p1a: Gengar
|-boost|p1a: Gengar|spa|2
|move|p2a: Haxorus|Dragon Dance|p2a: Haxorus
|-boost|p2a: Haxorus|atk|1
|-boost|p2a: Haxorus|spe|1
|
|upkeep
|turn|7
|l|☆ShakWasTaken
|player|p1|
|j|☆ShakWasTaken
|player|p1|ShakWasTaken|n|
|
|t:|1779691188
|move|p2a: Haxorus|Outrage|p1a: Gengar
|-damage|p1a: Gengar|0 fnt
|-start|p2a: Haxorus|Disable|Outrage|[from] ability: Cursed Body|[of] p1a: Gengar
|faint|p1a: Gengar
|
|upkeep
|
|t:|1779691196
|switch|p1a: Garchomp|Garchomp, F|100/100
|turn|8
|
|t:|1779691200
|cant|p2a: Haxorus|Disable|Outrage
|move|p1a: Garchomp|Scale Shot|p2a: Haxorus
|-supereffective|p2a: Haxorus
|-damage|p2a: Haxorus|66/100
|-supereffective|p2a: Haxorus
|-damage|p2a: Haxorus|33/100
|-supereffective|p2a: Haxorus
|-damage|p2a: Haxorus|0 fnt
|faint|p2a: Haxorus
|-hitcount|p2: Haxorus|3
|-unboost|p1a: Garchomp|def|1
|-boost|p1a: Garchomp|spe|1
|
|upkeep
|
|t:|1779691214
|switch|p2a: Gallade|Gallade, M|100/100
|turn|9
|
|t:|1779691222
|switch|p1a: Incineroar|Incineroar, F|100/100
|-ability|p1a: Incineroar|Intimidate|boost
|-unboost|p2a: Gallade|atk|1
|move|p2a: Gallade|Sacred Sword|p1a: Incineroar
|-supereffective|p1a: Incineroar
|-crit|p1a: Incineroar
|-damage|p1a: Incineroar|0 fnt
|faint|p1a: Incineroar
|
|upkeep
|
|t:|1779691239
|switch|p1a: Garchomp|Garchomp, F|100/100
|turn|10
|
|t:|1779691250
|move|p1a: Garchomp|Swords Dance|p1a: Garchomp
|-boost|p1a: Garchomp|atk|2
|move|p2a: Gallade|Sacred Sword|p1a: Garchomp
|-damage|p1a: Garchomp|52/100
|-damage|p2a: Gallade|88/100|[from] ability: Rough Skin|[of] p1a: Garchomp
|
|upkeep
|turn|11
|
|t:|1779691273
|move|p1a: Garchomp|Scale Shot|p2a: Gallade
|-damage|p2a: Gallade|43/100
|-damage|p2a: Gallade|0 fnt
|faint|p2a: Gallade
|-hitcount|p2: Gallade|2
|-unboost|p1a: Garchomp|def|1
|-boost|p1a: Garchomp|spe|1
|
|upkeep
|
|t:|1779691282
|switch|p2a: Armarouge|Armarouge, M|100/100
|turn|12
|
|t:|1779691296
|-terastallize|p2a: Armarouge|Grass
|move|p1a: Garchomp|Scale Shot|p2a: Armarouge
|-damage|p2a: Armarouge|79/100
|-damage|p2a: Armarouge|54/100
|-damage|p2a: Armarouge|32/100
|-damage|p2a: Armarouge|10/100
|-damage|p2a: Armarouge|0 fnt
|faint|p2a: Armarouge
|-hitcount|p2: Armarouge|5
|
|win|ShakWasTaken
|raw|ShakWasTaken's rating: 1053 &rarr; <strong>1088</strong><br />(+35 for winning)
|raw|outis is peak's rating: 1089 &rarr; <strong>1063</strong><br />(-26 for losing)
|l|☆ShakWasTaken
|player|p1|
|l|☆outis is peak
|player|p2|
