|j|☆YonexMiku
|j|☆Shinydragonzord6
|t:|1779712563
|gametype|singles
|player|p1|YonexMiku|elesa-masters|1345
|player|p2|Shinydragonzord6|byron|1376
|gen|9
|tier|[Gen 9] OU
|rated|
|rule|HP Percentage Mod: HP is shown in percentages
|rule|Endless Battle Clause: Forcing endless battles is banned
|rule|Species Clause: Limit one of each Pokémon
|rule|OHKO Clause: OHKO moves are banned
|rule|Evasion Items Clause: Evasion items are banned
|rule|Evasion Moves Clause: Evasion moves are banned
|rule|Evasion Abilities Clause: Evasion abilities are banned
|rule|Sleep Moves Clause: Sleep-inducing moves are banned
|clearpoke
|poke|p1|Gliscor, F|
|poke|p1|Heatran, F|
|poke|p1|Sinistcha|
|poke|p1|Corviknight, M|
|poke|p1|Tentacruel, M|
|poke|p1|Darkrai|
|poke|p2|Iron Moth|
|poke|p2|Iron Valiant|
|poke|p2|Great Tusk|
|poke|p2|Weavile, M|
|poke|p2|Araquanid, F|
|poke|p2|Gholdengo|
|teampreview
|inactive|Battle timer is ON: inactive players will automatically lose when time's up. (requested by YonexMiku)
|
|t:|1779712572
|teamsize|p1|6
|teamsize|p2|6
|start
|switch|p1a: DreamNotFound|Darkrai|100/100
|switch|p2a: Araquanid|Araquanid, F|100/100
|turn|1
|
|t:|1779712579
|move|p1a: DreamNotFound|Knock Off|p2a: Araquanid
|-damage|p2a: Araquanid|54/100
|-enditem|p2a: Araquanid|Custap Berry|[from] move: Knock Off|[of] p1a: DreamNotFound
|move|p2a: Araquanid|Sticky Web|p1a: DreamNotFound
|-sidestart|p1: YonexMiku|move: Sticky Web
|
|upkeep
|turn|2
|
|t:|1779712586
|move|p1a: DreamNotFound|Dark Pulse|p2a: Araquanid
|-damage|p2a: Araquanid|8/100
|move|p2a: Araquanid|Lunge|p1a: DreamNotFound
|-supereffective|p1a: DreamNotFound
|-damage|p1a: DreamNotFound|19/100
|-unboost|p1a: DreamNotFound|atk|1
|
|upkeep
|turn|3
|
|t:|1779712594
|move|p1a: DreamNotFound|Sucker Punch|p2a: Araquanid
|-damage|p2a: Araquanid|0 fnt
|faint|p2a: Araquanid
|
|upkeep
|
|t:|1779712600
|switch|p2a: Iron Moth|Iron Moth|100/100
|-enditem|p2a: Iron Moth|Booster Energy
|-activate|p2a: Iron Moth|ability: Quark Drive|[fromitem]
|-start|p2a: Iron Moth|quarkdrivespa
|turn|4
|
|t:|1779712607
|switch|p1a: Hephaepstein|Heatran, F|100/100
|-activate|p1a: Hephaepstein|move: Sticky Web
|-unboost|p1a: Hephaepstein|spe|1
|move|p2a: Iron Moth|Fiery Dance|p1a: Hephaepstein
|-start|p1a: Hephaepstein|ability: Flash Fire
|
|upkeep
|turn|5
|
|t:|1779712632
|move|p2a: Iron Moth|Psychic|p1a: Hephaepstein
|-resisted|p1a: Hephaepstein
|-damage|p1a: Hephaepstein|85/100
|move|p1a: Hephaepstein|Stealth Rock|p2a: Iron Moth
|-sidestart|p2: Shinydragonzord6|move: Stealth Rock
|
|-heal|p1a: Hephaepstein|91/100|[from] item: Leftovers
|upkeep
|turn|6
|
|t:|1779712641
|-end|p2a: Iron Moth|Quark Drive|[silent]
|switch|p2a: Great Tusk|Great Tusk, shiny|100/100
|-damage|p2a: Great Tusk|98/100|[from] Stealth Rock
|-enditem|p2a: Great Tusk|Booster Energy
|-activate|p2a: Great Tusk|ability: Protosynthesis|[fromitem]
|-start|p2a: Great Tusk|protosynthesisatk
|move|p1a: Hephaepstein|Earth Power|p2a: Great Tusk
|-damage|p2a: Great Tusk|61/100
|
|-heal|p1a: Hephaepstein|97/100|[from] item: Leftovers
|upkeep
|turn|7
|
|t:|1779712653
|-end|p1a: Hephaepstein|ability: Flash Fire|[silent]
|switch|p1a: Charlie Kirsch|Sinistcha|100/100
|move|p2a: Great Tusk|Rapid Spin|p1a: Charlie Kirsch
|-immune|p1a: Charlie Kirsch
|
|upkeep
|turn|8
|
|t:|1779712660
|move|p2a: Great Tusk|Ice Spinner|p1a: Charlie Kirsch
|-supereffective|p1a: Charlie Kirsch
|-damage|p1a: Charlie Kirsch|51/100
|move|p1a: Charlie Kirsch|Matcha Gotcha|p2a: Great Tusk
|-supereffective|p2a: Great Tusk
|-damage|p2a: Great Tusk|0 fnt
|-heal|p1a: Charlie Kirsch|84/100|[from] drain|[of] p2a: Great Tusk
|faint|p2a: Great Tusk
|-end|p2a: Great Tusk|Protosynthesis|[silent]
|
|upkeep
|
|t:|1779712670
|switch|p2a: Weavile|Weavile, M, shiny|100/100
|-damage|p2a: Weavile|76/100|[from] Stealth Rock
|-ability|p2a: Weavile|Pressure
|turn|9
|
|t:|1779712698
|switch|p1a: MEGA KNIGHT|Corviknight, M|100/100
|-ability|p1a: MEGA KNIGHT|Pressure
|move|p2a: Weavile|Knock Off|p1a: MEGA KNIGHT
|-damage|p1a: MEGA KNIGHT|58/100
|-damage|p2a: Weavile|59/100|[from] item: Rocky Helmet|[of] p1a: MEGA KNIGHT
|-enditem|p1a: MEGA KNIGHT|Rocky Helmet|[from] move: Knock Off|[of] p2a: Weavile
|
|upkeep
|turn|10
|
|t:|1779712712
|switch|p2a: Iron Valiant|Iron Valiant, shiny|100/100
|-damage|p2a: Iron Valiant|94/100|[from] Stealth Rock
|-enditem|p2a: Iron Valiant|Booster Energy
|-activate|p2a: Iron Valiant|ability: Quark Drive|[fromitem]
|-start|p2a: Iron Valiant|quarkdrivespa
|move|p1a: MEGA KNIGHT|Roost|p1a: MEGA KNIGHT
|-heal|p1a: MEGA KNIGHT|100/100
|-singleturn|p1a: MEGA KNIGHT|move: Roost
|
|upkeep
|turn|11
|
|t:|1779712734
|switch|p1a: Hephaepstein|Heatran, F|97/100
|-activate|p1a: Hephaepstein|move: Sticky Web
|-unboost|p1a: Hephaepstein|spe|1
|move|p2a: Iron Valiant|Thunderbolt|p1a: Hephaepstein
|-damage|p1a: Hephaepstein|69/100
|
|-heal|p1a: Hephaepstein|76/100|[from] item: Leftovers
|upkeep
|turn|12
|
|t:|1779712749
|-terastallize|p1a: Hephaepstein|Ghost
|move|p2a: Iron Valiant|Shadow Ball|p1a: Hephaepstein
|-supereffective|p1a: Hephaepstein
|-damage|p1a: Hephaepstein|24/100
|move|p1a: Hephaepstein|Magma Storm|p2a: Iron Valiant
|-damage|p2a: Iron Valiant|15/100
|-activate|p2a: Iron Valiant|move: Magma Storm|[of] p1a: Hephaepstein
|
|-heal|p1a: Hephaepstein|31/100|[from] item: Leftovers
|-damage|p2a: Iron Valiant|3/100|[from] move: Magma Storm|[partiallytrapped]
|upkeep
|turn|13
|
|t:|1779712764
|move|p2a: Iron Valiant|Moonblast|p1a: Hephaepstein
|-damage|p1a: Hephaepstein|0 fnt
|faint|p1a: Hephaepstein
|
|-end|p2a: Iron Valiant|Magma Storm|[partiallytrapped]|[silent]
|upkeep
|
|t:|1779712767
|switch|p1a: DreamNotFound|Darkrai|19/100
|-activate|p1a: DreamNotFound|move: Sticky Web
|-unboost|p1a: DreamNotFound|spe|1
|turn|14
|
|t:|1779712774
|move|p1a: DreamNotFound|Sucker Punch|p2a: Iron Valiant
|-resisted|p2a: Iron Valiant
|-damage|p2a: Iron Valiant|0 fnt
|faint|p2a: Iron Valiant
|-end|p2a: Iron Valiant|Quark Drive|[silent]
|
|upkeep
|
|t:|1779712779
|switch|p2a: Gholdengo|Gholdengo|100/100
|-damage|p2a: Gholdengo|94/100|[from] Stealth Rock
|-item|p2a: Gholdengo|Air Balloon
|turn|15
|
|t:|1779712792
|-terastallize|p2a: Gholdengo|Steel
|move|p2a: Gholdengo|Shadow Ball|p1a: DreamNotFound
|-resisted|p1a: DreamNotFound
|-damage|p1a: DreamNotFound|0 fnt
|faint|p1a: DreamNotFound
|
|upkeep
|
|t:|1779712799
|switch|p1a: MEGA KNIGHT|Corviknight, M|100/100
|-ability|p1a: MEGA KNIGHT|Pressure
|turn|16
|
|t:|1779712804
|move|p2a: Gholdengo|Nasty Plot|p2a: Gholdengo
|-boost|p2a: Gholdengo|spa|2
|move|p1a: MEGA KNIGHT|U-turn|p2a: Gholdengo
|-resisted|p2a: Gholdengo
|-damage|p2a: Gholdengo|86/100
|-enditem|p2a: Gholdengo|Air Balloon
|
|t:|1779712818
|switch|p1a: The Squiddler|Tentacruel, M, shiny|100/100|[from] U-turn
|
|upkeep
|turn|17
|
|t:|1779712831
|move|p1a: The Squiddler|Rapid Spin|p2a: Gholdengo
|-resisted|p2a: Gholdengo
|-damage|p2a: Gholdengo|82/100
|-boost|p1a: The Squiddler|spe|1
|-sideend|p1: YonexMiku|Sticky Web|[from] move: Rapid Spin|[of] p1a: The Squiddler
|move|p2a: Gholdengo|Thunderbolt|p1a: The Squiddler
|-supereffective|p1a: The Squiddler
|-damage|p1a: The Squiddler|0 fnt
|faint|p1a: The Squiddler
|
|upkeep
|
|t:|1779712839
|switch|p1a: Gliskibidi|Gliscor, F|100/100
|turn|18
|
|t:|1779712843
|move|p2a: Gholdengo|Make It Rain|p1a: Gliskibidi
|-damage|p1a: Gliskibidi|0 fnt
|-unboost|p2a: Gholdengo|spa|1
|faint|p1a: Gliskibidi
|
|upkeep
|
|t:|1779712851
|switch|p1a: Charlie Kirsch|Sinistcha|84/100
|turn|19
|
|t:|1779712855
|move|p2a: Gholdengo|Shadow Ball|p1a: Charlie Kirsch
|-supereffective|p1a: Charlie Kirsch
|-damage|p1a: Charlie Kirsch|0 fnt
|faint|p1a: Charlie Kirsch
|
|upkeep
|-message|YonexMiku forfeited.
|
|win|Shinydragonzord6
|raw|YonexMiku's rating: 1345 &rarr; <strong>1327</strong><br />(-18 for losing)
|raw|Shinydragonzord6's rating: 1376 &rarr; <strong>1394</strong><br />(+18 for winning)
|l|☆YonexMiku
|player|p1|
