|j|☆bradfish1761
|j|☆AMothersGrief
|t:|1779647183
|gametype|singles
|player|p1|bradfish1761|elesa|1165
|player|p2|AMothersGrief|101|1148
|gen|9
|tier|[Gen 9] OU
|rated|
|rule|HP Percentage Mod: HP is shown in percentages
|rule|Endless Battle Clause: Forcing endless battles is banned
|rule|Species Clause: Limit one of each Pokémon
|rule|OHKO Clause: OHKO moves are banned
|rule|Evasion Items Clause: Evasion items are banned
|rule|Evasion Moves Clause: Evasion moves are banned
|rule|Evasion Abilities Clause: Evasion abilities are banned
|rule|Sleep Moves Clause: Sleep-inducing moves are banned
|clearpoke
|poke|p1|Electrode-Hisui|
|poke|p1|Pelipper, M|
|poke|p1|Garganacl, M|
|poke|p1|Gholdengo|
|poke|p1|Cinderace, F|
|poke|p1|Zamazenta-*|
|poke|p2|Whimsicott, F|
|poke|p2|Honchkrow, F|
|poke|p2|Dragapult, F|
|poke|p2|Houndoom, F|
|poke|p2|Mamoswine, M|
|poke|p2|Galvantula, F|
|teampreview
|inactive|Battle timer is ON: inactive players will automatically lose when time's up. (requested by bradfish1761)
|
|t:|1779647196
|teamsize|p1|6
|teamsize|p2|6
|start
|switch|p1a: Cinderace|Cinderace, F|100/100
|switch|p2a: Kinzo|Galvantula, F|100/100
|turn|1
|
|t:|1779647203
|move|p1a: Cinderace|Pyro Ball|p2a: Kinzo
|-supereffective|p2a: Kinzo
|-enditem|p2a: Kinzo|Focus Sash
|-damage|p2a: Kinzo|1/100
|move|p2a: Kinzo|Thunder|p1a: Cinderace|[miss]
|-miss|p2a: Kinzo|p1a: Cinderace
|
|upkeep
|turn|2
|
|t:|1779647212
|switch|p2a: EVA|Houndoom, F|100/100
|move|p1a: Cinderace|U-turn|p2a: EVA
|-start|p1a: Cinderace|typechange|Bug|[from] ability: Libero
|-damage|p2a: EVA|26/100
|
|t:|1779647218
|switch|p1a: Pelipper|Pelipper, M|100/100|[from] U-turn
|-weather|RainDance|[from] ability: Drizzle|[of] p1a: Pelipper
|
|-weather|RainDance|[upkeep]
|upkeep
|turn|3
|
|t:|1779647223
|move|p2a: EVA|Destiny Bond|p2a: EVA
|-singlemove|p2a: EVA|Destiny Bond
|move|p1a: Pelipper|Hurricane|p2a: EVA
|-damage|p2a: EVA|0 fnt
|faint|p2a: EVA
|-activate|p2a: EVA|move: Destiny Bond
|faint|p1a: Pelipper
|
|-weather|RainDance|[upkeep]
|upkeep
|
|t:|1779647229
|switch|p2a: Kinzo|Galvantula, F|1/100
|switch|p1a: Electrode|Electrode-Hisui|100/100
|turn|4
|
|t:|1779647235
|move|p2a: Kinzo|Bug Buzz|p1a: Electrode
|-supereffective|p1a: Electrode
|-damage|p1a: Electrode|0 fnt
|faint|p1a: Electrode
|
|-weather|RainDance|[upkeep]
|upkeep
|
|t:|1779647243
|switch|p1a: Gholdengo|Gholdengo|100/100
|turn|5
|
|t:|1779647246
|move|p1a: Gholdengo|Shadow Ball|p2a: Kinzo
|-damage|p2a: Kinzo|0 fnt
|faint|p2a: Kinzo
|
|-weather|RainDance|[upkeep]
|upkeep
|
|t:|1779647256
|switch|p2a: Beatrice|Honchkrow, F|100/100
|turn|6
|c|☆bradfish1761|Scarf galv
|
|t:|1779647275
|switch|p1a: Garganacl|Garganacl, M|100/100
|move|p2a: Beatrice|Brave Bird|p1a: Garganacl
|-resisted|p1a: Garganacl
|-crit|p1a: Garganacl
|-damage|p1a: Garganacl|66/100
|-damage|p2a: Beatrice|91/100|[from] Recoil
|
|-weather|RainDance|[upkeep]
|-heal|p1a: Garganacl|72/100|[from] item: Leftovers
|upkeep
|turn|7
|
|t:|1779647285
|switch|p2a: Maria|Whimsicott, F|100/100
|move|p1a: Garganacl|Recover|p1a: Garganacl
|-heal|p1a: Garganacl|100/100
|
|-weather|RainDance|[upkeep]
|upkeep
|turn|8
|
|t:|1779647292
|switch|p1a: Cinderace|Cinderace, F|100/100
|move|p2a: Maria|Encore||[still]
|-fail|p2a: Maria
|
|-weather|RainDance|[upkeep]
|upkeep
|turn|9
|
|t:|1779647298
|move|p2a: Maria|Leech Seed|p1a: Cinderace
|-start|p1a: Cinderace|move: Leech Seed
|move|p1a: Cinderace|Pyro Ball|p2a: Maria
|-supereffective|p2a: Maria
|-damage|p2a: Maria|55/100
|-enditem|p2a: Maria|Eject Button
|
|t:|1779647303
|switch|p2a: Rokkenjima|Mamoswine, M|100/100
|
|-weather|none
|-damage|p1a: Cinderace|88/100|[from] Leech Seed|[of] p2a: Rokkenjima
|upkeep
|turn|10
|
|t:|1779647310
|move|p1a: Cinderace|Will-O-Wisp|p2a: Rokkenjima
|-status|p2a: Rokkenjima|brn
|move|p2a: Rokkenjima|Earthquake|p1a: Cinderace
|-supereffective|p1a: Cinderace
|-damage|p1a: Cinderace|12/100
|
|-damage|p1a: Cinderace|0 fnt|[from] Leech Seed|[of] p2a: Rokkenjima
|faint|p1a: Cinderace
|-damage|p2a: Rokkenjima|94/100 brn|[from] brn
|upkeep
|
|t:|1779647318
|switch|p1a: Zamazenta|Zamazenta|100/100
|-ability|p1a: Zamazenta|Dauntless Shield|boost
|-boost|p1a: Zamazenta|def|1
|turn|11
|
|t:|1779647325
|switch|p2a: Maria|Whimsicott, F|55/100
|move|p1a: Zamazenta|Iron Defense|p1a: Zamazenta
|-boost|p1a: Zamazenta|def|2
|
|upkeep
|turn|12
|
|t:|1779647332
|switch|p1a: Gholdengo|Gholdengo|100/100
|move|p2a: Maria|Encore|p1a: Gholdengo
|-immune|p1a: Gholdengo|[from] ability: Good as Gold
|
|upkeep
|turn|13
|
|t:|1779647338
|switch|p2a: Rokkenjima|Mamoswine, M|94/100 brn
|move|p1a: Gholdengo|Make It Rain|p2a: Rokkenjima
|-supereffective|p2a: Rokkenjima
|-damage|p2a: Rokkenjima|0 fnt
|-unboost|p1a: Gholdengo|spa|1
|faint|p2a: Rokkenjima
|
|upkeep
|
|t:|1779647344
|switch|p2a: Lambdadelta|Dragapult, F|100/100
|turn|14
|
|t:|1779647348
|switch|p1a: Garganacl|Garganacl, M|100/100
|move|p2a: Lambdadelta|Dragon Dance|p2a: Lambdadelta
|-boost|p2a: Lambdadelta|atk|1
|-boost|p2a: Lambdadelta|spe|1
|
|upkeep
|turn|15
|
|t:|1779647363
|move|p2a: Lambdadelta|Dragon Darts|p1a: Garganacl
|-damage|p1a: Garganacl|67/100
|-anim|p2a: Lambdadelta|Dragon Darts|p1a: Garganacl
|-damage|p1a: Garganacl|32/100
|-damage|p2a: Lambdadelta|91/100|[from] item: Life Orb
|move|p1a: Garganacl|Salt Cure|p2a: Lambdadelta
|-damage|p2a: Lambdadelta|73/100
|-start|p2a: Lambdadelta|Salt Cure
|
|-heal|p1a: Garganacl|38/100|[from] item: Leftovers
|-damage|p2a: Lambdadelta|60/100|[from] Salt Cure
|upkeep
|turn|16
|
|t:|1779647371
|switch|p1a: Zamazenta|Zamazenta|100/100
|move|p2a: Lambdadelta|Dragon Darts|p1a: Zamazenta
|-damage|p1a: Zamazenta|48/100
|-anim|p2a: Lambdadelta|Dragon Darts|p1a: Zamazenta
|-damage|p1a: Zamazenta|0 fnt
|faint|p1a: Zamazenta
|-damage|p2a: Lambdadelta|51/100|[from] item: Life Orb
|
|-damage|p2a: Lambdadelta|38/100|[from] Salt Cure
|upkeep
|
|t:|1779647381
|switch|p1a: Garganacl|Garganacl, M|38/100
|turn|17
|
|t:|1779647386
|move|p2a: Lambdadelta|Dragon Darts|p1a: Garganacl
|-crit|p1a: Garganacl
|-damage|p1a: Garganacl|0 fnt
|faint|p1a: Garganacl
|-damage|p2a: Lambdadelta|29/100|[from] item: Life Orb
|
|-damage|p2a: Lambdadelta|16/100|[from] Salt Cure
|upkeep
|
|t:|1779647389
|switch|p1a: Gholdengo|Gholdengo|100/100
|turn|18
|
|t:|1779647415
|-terastallize|p1a: Gholdengo|Water
|move|p2a: Lambdadelta|Phantom Force||[still]
|-prepare|p2a: Lambdadelta|Phantom Force
|move|p1a: Gholdengo|Dazzling Gleam|p2a: Lambdadelta|[miss]
|-miss|p1a: Gholdengo|p2a: Lambdadelta
|
|-damage|p2a: Lambdadelta|4/100|[from] Salt Cure
|upkeep
|turn|19
|
|t:|1779647424
|move|p2a: Lambdadelta|Phantom Force|p1a: Gholdengo|[from] lockedmove
|-damage|p1a: Gholdengo|0 fnt
|faint|p1a: Gholdengo
|-damage|p2a: Lambdadelta|0 fnt|[from] item: Life Orb
|faint|p2a: Lambdadelta
|
|win|AMothersGrief
|raw|bradfish1761's rating: 1165 &rarr; <strong>1139</strong><br />(-26 for losing)
|raw|AMothersGrief's rating: 1148 &rarr; <strong>1174</strong><br />(+26 for winning)
|l|☆bradfish1761
|player|p1|
|l|☆AMothersGrief
|player|p2|
