|j|☆0TheRealAce0
|j|☆habixia
|t:|1779644172
|gametype|singles
|player|p1|0TheRealAce0|102|1496
|player|p2|habixia|2|1519
|gen|9
|tier|[Gen 9] OU
|rated|
|rule|HP Percentage Mod: HP is shown in percentages
|rule|Endless Battle Clause: Forcing endless battles is banned
|rule|Species Clause: Limit one of each Pokémon
|rule|OHKO Clause: OHKO moves are banned
|rule|Evasion Items Clause: Evasion items are banned
|rule|Evasion Moves Clause: Evasion moves are banned
|rule|Evasion Abilities Clause: Evasion abilities are banned
|rule|Sleep Moves Clause: Sleep-inducing moves are banned
|clearpoke
|poke|p1|Ogerpon-Wellspring, F|
|poke|p1|Dragapult, F|
|poke|p1|Great Tusk|
|poke|p1|Zapdos|
|poke|p1|Cinderace, F|
|poke|p1|Kingambit, F|
|poke|p2|Pelipper, F|
|poke|p2|Ogerpon-Wellspring, F|
|poke|p2|Barraskewda, M|
|poke|p2|Revavroom, F|
|poke|p2|Iron Treads|
|poke|p2|Zapdos|
|teampreview
|inactive|Battle timer is ON: inactive players will automatically lose when time's up. (requested by 0TheRealAce0)
|
|t:|1779644182
|teamsize|p1|6
|teamsize|p2|6
|start
|switch|p1a: SpikyBird|Zapdos|100/100
|switch|p2a: Pelipper|Pelipper, F|100/100
|-weather|RainDance|[from] ability: Drizzle|[of] p2a: Pelipper
|turn|1
|
|t:|1779644189
|switch|p1a: PortgusDAce|Cinderace, F|100/100
|switch|p2a: Iron Treads|Iron Treads|100/100
|
|-weather|RainDance|[upkeep]
|upkeep
|turn|2
|
|t:|1779644195
|move|p1a: PortgusDAce|Low Kick|p2a: Iron Treads
|-start|p1a: PortgusDAce|typechange|Fighting|[from] ability: Libero
|-supereffective|p2a: Iron Treads
|-damage|p2a: Iron Treads|0 fnt
|faint|p2a: Iron Treads
|-end|p2a: Iron Treads|Quark Drive|[silent]
|
|-weather|RainDance|[upkeep]
|upkeep
|
|t:|1779644200
|switch|p2a: Zapdos|Zapdos|100/100
|turn|3
|
|t:|1779644203
|switch|p1a: CounterBolt|Great Tusk|100/100
|move|p2a: Zapdos|Hurricane|p1a: CounterBolt
|-supereffective|p1a: CounterBolt
|-damage|p1a: CounterBolt|0 fnt
|faint|p1a: CounterBolt
|-end|p1a: CounterBolt|Protosynthesis|[silent]
|
|-weather|RainDance|[upkeep]
|upkeep
|l|☆habixia
|inactive|habixia disconnected and has a minute to reconnect!
|player|p2|
|
|t:|1779644215
|switch|p1a: DropADraco|Dragapult, F|100/100
|turn|4
|j|☆habixia
|inactive|habixia reconnected and has 150 seconds left.
|player|p2|habixia|2|
|
|t:|1779644223
|move|p1a: DropADraco|Draco Meteor|p2a: Zapdos
|-damage|p2a: Zapdos|2/100
|-unboost|p1a: DropADraco|spa|2
|move|p2a: Zapdos|Hurricane|p1a: DropADraco
|-crit|p1a: DropADraco
|-damage|p1a: DropADraco|0 fnt
|faint|p1a: DropADraco
|
|-weather|RainDance|[upkeep]
|upkeep
|
|t:|1779644228
|switch|p1a: PortgusDAce|Cinderace, F|100/100
|turn|5
|
|t:|1779644231
|switch|p2a: Pelipper|Pelipper, F|100/100
|move|p1a: PortgusDAce|Pyro Ball|p2a: Pelipper
|-resisted|p2a: Pelipper
|-damage|p2a: Pelipper|83/100
|
|-weather|RainDance|[upkeep]
|upkeep
|turn|6
|
|t:|1779644238
|switch|p1a: SpikyBird|Zapdos|100/100
|move|p2a: Pelipper|U-turn|p1a: SpikyBird
|-resisted|p1a: SpikyBird
|-damage|p1a: SpikyBird|98/100
|-status|p2a: Pelipper|par|[from] ability: Static|[of] p1a: SpikyBird
|
|t:|1779644241
|switch|p2a: Barraskewda|Barraskewda, M|100/100|[from] U-turn
|
|-weather|RainDance|[upkeep]
|upkeep
|turn|7
|
|t:|1779644246
|switch|p1a: Dawg|Ogerpon-Wellspring, F|100/100
|move|p2a: Barraskewda|Flip Turn|p1a: Dawg
|-immune|p1a: Dawg|[from] ability: Water Absorb
|
|-weather|RainDance|[upkeep]
|upkeep
|turn|8
|
|t:|1779644255
|switch|p2a: Pelipper|Pelipper, F|83/100 par
|move|p1a: Dawg|Ivy Cudgel|p2a: Pelipper|[anim] Ivy Cudgel Water
|-resisted|p2a: Pelipper
|-damage|p2a: Pelipper|51/100 par
|
|-weather|none
|upkeep
|turn|9
|
|t:|1779644263
|move|p1a: Dawg|Horn Leech|p2a: Pelipper
|-damage|p2a: Pelipper|20/100 par
|cant|p2a: Pelipper|par
|
|upkeep
|turn|10
|
|t:|1779644268
|switch|p2a: Zapdos|Zapdos|2/100
|move|p1a: Dawg|Horn Leech|p2a: Zapdos
|-resisted|p2a: Zapdos
|-damage|p2a: Zapdos|0 fnt
|-status|p1a: Dawg|par|[from] ability: Static|[of] p2a: Zapdos
|faint|p2a: Zapdos
|
|upkeep
|
|t:|1779644272
|switch|p2a: Revavroom|Revavroom, F|100/100
|-item|p2a: Revavroom|Air Balloon
|turn|11
|
|t:|1779644275
|move|p2a: Revavroom|Iron Head|p1a: Dawg
|-resisted|p1a: Dawg
|-damage|p1a: Dawg|73/100 par
|cant|p1a: Dawg|par
|
|upkeep
|turn|12
|
|t:|1779644281
|switch|p1a: PortgusDAce|Cinderace, F|100/100
|move|p2a: Revavroom|Gunk Shot|p1a: PortgusDAce|[miss]
|-miss|p2a: Revavroom|p1a: PortgusDAce
|
|upkeep
|turn|13
|
|t:|1779644286
|switch|p2a: Pelipper|Pelipper, F|20/100 par
|-weather|RainDance|[from] ability: Drizzle|[of] p2a: Pelipper
|move|p1a: PortgusDAce|U-turn|p2a: Pelipper
|-start|p1a: PortgusDAce|typechange|Bug|[from] ability: Libero
|-resisted|p2a: Pelipper
|-damage|p2a: Pelipper|2/100 par
|
|t:|1779644289
|switch|p1a: SpikyBird|Zapdos|98/100|[from] U-turn
|
|-weather|RainDance|[upkeep]
|upkeep
|turn|14
|
|t:|1779644292
|move|p1a: SpikyBird|Volt Switch|p2a: Pelipper
|-supereffective|p2a: Pelipper
|-damage|p2a: Pelipper|0 fnt
|faint|p2a: Pelipper
|
|t:|1779644298
|switch|p1a: PortgusDAce|Cinderace, F|100/100|[from] Volt Switch
|
|-weather|RainDance|[upkeep]
|upkeep
|
|t:|1779644302
|switch|p2a: Barraskewda|Barraskewda, M|100/100
|turn|15
|
|t:|1779644309
|switch|p1a: SpikyBird|Zapdos|98/100
|move|p2a: Barraskewda|Close Combat|p1a: SpikyBird
|-resisted|p1a: SpikyBird
|-damage|p1a: SpikyBird|83/100
|-unboost|p2a: Barraskewda|def|1
|-unboost|p2a: Barraskewda|spd|1
|
|-weather|RainDance|[upkeep]
|upkeep
|turn|16
|
|t:|1779644315
|move|p2a: Barraskewda|Close Combat|p1a: SpikyBird
|-resisted|p1a: SpikyBird
|-damage|p1a: SpikyBird|67/100
|-unboost|p2a: Barraskewda|def|1
|-unboost|p2a: Barraskewda|spd|1
|move|p1a: SpikyBird|Thunder Wave|p2a: Barraskewda
|-status|p2a: Barraskewda|par
|
|-weather|RainDance|[upkeep]
|upkeep
|turn|17
|
|t:|1779644323
|cant|p2a: Barraskewda|par
|move|p1a: SpikyBird|Volt Switch|p2a: Barraskewda
|-supereffective|p2a: Barraskewda
|-damage|p2a: Barraskewda|0 fnt
|faint|p2a: Barraskewda
|
|t:|1779644328
|switch|p1a: PortgusDAce|Cinderace, F|100/100|[from] Volt Switch
|
|-weather|RainDance|[upkeep]
|upkeep
|
|t:|1779644331
|switch|p2a: Revavroom|Revavroom, F|100/100
|-item|p2a: Revavroom|Air Balloon
|turn|18
|
|t:|1779644335
|move|p1a: PortgusDAce|Low Kick|p2a: Revavroom
|-start|p1a: PortgusDAce|typechange|Fighting|[from] ability: Libero
|-damage|p2a: Revavroom|12/100
|-enditem|p2a: Revavroom|Air Balloon
|move|p2a: Revavroom|Shift Gear|p2a: Revavroom
|-boost|p2a: Revavroom|spe|2
|-boost|p2a: Revavroom|atk|1
|
|-weather|RainDance|[upkeep]
|upkeep
|turn|19
|
|t:|1779644342
|move|p2a: Revavroom|Iron Head|p1a: PortgusDAce
|-damage|p1a: PortgusDAce|5/100
|move|p1a: PortgusDAce|Low Kick|p2a: Revavroom
|-damage|p2a: Revavroom|0 fnt
|faint|p2a: Revavroom
|
|-weather|RainDance|[upkeep]
|upkeep
|
|t:|1779644345
|switch|p2a: Ogerpon|Ogerpon-Wellspring, F|100/100
|turn|20
|
|t:|1779644349
|switch|p1a: Dawg|Ogerpon-Wellspring, F|73/100 par
|-terastallize|p2a: Ogerpon|Water
|detailschange|p2a: Ogerpon|Ogerpon-Wellspring-Tera, F, tera:Water
|-ability|p2a: Ogerpon|Embody Aspect (Wellspring)|boost
|-boost|p2a: Ogerpon|spd|1
|move|p2a: Ogerpon|Ivy Cudgel|p1a: Dawg|[anim] Ivy Cudgel Water
|-heal|p1a: Dawg|98/100 par|[from] ability: Water Absorb|[of] p2a: Ogerpon
|
|-weather|none
|upkeep
|turn|21
|
|t:|1779644358
|move|p2a: Ogerpon|Substitute|p2a: Ogerpon
|-start|p2a: Ogerpon|Substitute
|-damage|p2a: Ogerpon|76/100
|cant|p1a: Dawg|par
|
|upkeep
|turn|22
|
|t:|1779644362
|move|p2a: Ogerpon|Power Whip|p1a: Dawg
|-damage|p1a: Dawg|5/100 par
|cant|p1a: Dawg|par
|
|upkeep
|turn|23
|
|t:|1779644367
|move|p2a: Ogerpon|Power Whip|p1a: Dawg
|-damage|p1a: Dawg|0 fnt
|faint|p1a: Dawg
|
|upkeep
|
|t:|1779644373
|switch|p1a: PortgusDAce|Cinderace, F|5/100
|turn|24
|
|t:|1779644378
|move|p1a: PortgusDAce|U-turn|p2a: Ogerpon
|-start|p1a: PortgusDAce|typechange|Bug|[from] ability: Libero
|-end|p2a: Ogerpon|Substitute
|
|t:|1779644384
|switch|p1a: SpikyBird|Zapdos|67/100|[from] U-turn
|move|p2a: Ogerpon|Ivy Cudgel|p1a: SpikyBird|[anim] Ivy Cudgel Water
|-damage|p1a: SpikyBird|5/100
|
|upkeep
|turn|25
|
|t:|1779644389
|move|p2a: Ogerpon|Substitute|p2a: Ogerpon
|-start|p2a: Ogerpon|Substitute
|-damage|p2a: Ogerpon|51/100
|move|p1a: SpikyBird|Volt Switch|p2a: Ogerpon
|-supereffective|p2a: Ogerpon
|-end|p2a: Ogerpon|Substitute
|
|t:|1779644392
|switch|p1a: PortgusDAce|Cinderace, F|5/100|[from] Volt Switch
|
|upkeep
|turn|26
|-message|habixia forfeited.
|
|win|0TheRealAce0
|raw|0TheRealAce0's rating: 1496 &rarr; <strong>1517</strong><br />(+21 for winning)
|raw|habixia's rating: 1519 &rarr; <strong>1498</strong><br />(-21 for losing)
|l|☆habixia
|player|p2|
|l|☆0TheRealAce0
|player|p1|
