|j|☆gardevoirandvapo
|j|☆Flame of death1
|t:|1779629313
|gametype|singles
|player|p1|gardevoirandvapo|169|1085
|player|p2|Flame of death1|unknownf|1204
|gen|9
|tier|[Gen 9] OU
|rated|
|rule|HP Percentage Mod: HP is shown in percentages
|rule|Endless Battle Clause: Forcing endless battles is banned
|rule|Species Clause: Limit one of each Pokémon
|rule|OHKO Clause: OHKO moves are banned
|rule|Evasion Items Clause: Evasion items are banned
|rule|Evasion Moves Clause: Evasion moves are banned
|rule|Evasion Abilities Clause: Evasion abilities are banned
|rule|Sleep Moves Clause: Sleep-inducing moves are banned
|clearpoke
|poke|p1|Tinkaton, F|
|poke|p1|Raichu-Alola, M|
|poke|p1|Smeargle, F|
|poke|p1|Dragapult, M|
|poke|p1|Mismagius, M|
|poke|p1|Mew|
|poke|p2|Ninetales, F|
|poke|p2|Charizard, M|
|poke|p2|Haxorus, M|
|poke|p2|Iron Valiant|
|poke|p2|Great Tusk|
|poke|p2|Rillaboom, M|
|teampreview
|inactive|Battle timer is ON: inactive players will automatically lose when time's up. (requested by Flame of death1)
|
|t:|1779629327
|teamsize|p1|6
|teamsize|p2|6
|start
|switch|p1a: Smeargle|Smeargle, F|100/100
|switch|p2a: Great Tusk|Great Tusk|100/100
|-enditem|p2a: Great Tusk|Booster Energy
|-activate|p2a: Great Tusk|ability: Protosynthesis|[fromitem]
|-start|p2a: Great Tusk|protosynthesisatk
|turn|1
|
|t:|1779629334
|move|p1a: Smeargle|Burning Bulwark|p1a: Smeargle
|-singleturn|p1a: Smeargle|move: Protect
|move|p2a: Great Tusk|Rapid Spin|p1a: Smeargle
|-activate|p1a: Smeargle|move: Protect
|-status|p2a: Great Tusk|brn
|
|-damage|p2a: Great Tusk|94/100 brn|[from] brn
|upkeep
|turn|2
|inactive|gardevoirandvapo has 120 seconds left.
|
|t:|1779629365
|move|p1a: Smeargle|Toxic Spikes|p2a: Great Tusk
|-sidestart|p2: Flame of death1|move: Toxic Spikes
|move|p2a: Great Tusk|Close Combat|p1a: Smeargle
|-supereffective|p1a: Smeargle
|-enditem|p1a: Smeargle|Focus Sash
|-damage|p1a: Smeargle|1/100
|-unboost|p2a: Great Tusk|def|1
|-unboost|p2a: Great Tusk|spd|1
|
|-damage|p2a: Great Tusk|88/100 brn|[from] brn
|upkeep
|turn|3
|inactive|gardevoirandvapo has 120 seconds left.
|
|t:|1779629381
|move|p1a: Smeargle|Burning Bulwark|p1a: Smeargle
|-singleturn|p1a: Smeargle|move: Protect
|move|p2a: Great Tusk|Rapid Spin|p1a: Smeargle
|-activate|p1a: Smeargle|move: Protect
|
|-damage|p2a: Great Tusk|82/100 brn|[from] brn
|upkeep
|turn|4
|inactive|gardevoirandvapo has 120 seconds left.
|
|t:|1779629400
|switch|p1a: Dragapult|Dragapult, M|100/100
|move|p2a: Great Tusk|Rapid Spin|p1a: Dragapult
|-immune|p1a: Dragapult
|
|-damage|p2a: Great Tusk|76/100 brn|[from] brn
|upkeep
|turn|5
|inactive|gardevoirandvapo has 120 seconds left.
|inactive|Flame of death1 has 120 seconds left.
|
|t:|1779629434
|move|p1a: Dragapult|Hex|p2a: Great Tusk
|-damage|p2a: Great Tusk|0 fnt
|faint|p2a: Great Tusk
|-end|p2a: Great Tusk|Protosynthesis|[silent]
|
|upkeep
|inactive|Flame of death1 has 120 seconds left.
|
|t:|1779629448
|switch|p2a: Iron Valiant|Iron Valiant|100/100
|-status|p2a: Iron Valiant|psn
|-enditem|p2a: Iron Valiant|Booster Energy
|-activate|p2a: Iron Valiant|ability: Quark Drive|[fromitem]
|-start|p2a: Iron Valiant|quarkdrivespe
|turn|6
|inactive|gardevoirandvapo has 90 seconds left.
|
|t:|1779629491
|switch|p1a: Smeargle|Smeargle, F|1/100
|move|p2a: Iron Valiant|Moonblast|p1a: Smeargle
|-damage|p1a: Smeargle|0 fnt
|faint|p1a: Smeargle
|
|-damage|p2a: Iron Valiant|88/100 psn|[from] psn
|upkeep
|
|t:|1779629498
|switch|p1a: Tinkaton|Tinkaton, F|100/100
|-ability|p1a: Tinkaton|Mold Breaker
|turn|7
|
|t:|1779629513
|move|p2a: Iron Valiant|Moonblast|p1a: Tinkaton
|-resisted|p1a: Tinkaton
|-damage|p1a: Tinkaton|79/100
|move|p1a: Tinkaton|Stealth Rock|p2a: Iron Valiant
|-sidestart|p2: Flame of death1|move: Stealth Rock
|
|-heal|p1a: Tinkaton|85/100|[from] item: Leftovers
|-damage|p2a: Iron Valiant|76/100 psn|[from] psn
|upkeep
|turn|8
|inactive|gardevoirandvapo has 90 seconds left.
|
|t:|1779629521
|move|p2a: Iron Valiant|Aura Sphere|p1a: Tinkaton
|-crit|p1a: Tinkaton
|-damage|p1a: Tinkaton|37/100
|move|p1a: Tinkaton|Gigaton Hammer|p2a: Iron Valiant
|-supereffective|p2a: Iron Valiant
|-damage|p2a: Iron Valiant|0 fnt
|faint|p2a: Iron Valiant
|-end|p2a: Iron Valiant|Quark Drive|[silent]
|
|-heal|p1a: Tinkaton|44/100|[from] item: Leftovers
|upkeep
|
|t:|1779629529
|switch|p2a: Ninetales|Ninetales, F|100/100
|-status|p2a: Ninetales|psn
|-damage|p2a: Ninetales|76/100 psn|[from] Stealth Rock
|-weather|SunnyDay|[from] ability: Drought|[of] p2a: Ninetales
|turn|9
|inactive|gardevoirandvapo has 90 seconds left.
|
|t:|1779629557
|move|p2a: Ninetales|Flamethrower|p1a: Tinkaton
|-supereffective|p1a: Tinkaton
|-damage|p1a: Tinkaton|0 fnt
|faint|p1a: Tinkaton
|
|-weather|SunnyDay|[upkeep]
|-heal|p2a: Ninetales|82/100 psn|[from] item: Leftovers
|-damage|p2a: Ninetales|69/100 psn|[from] psn
|upkeep
|
|t:|1779629563
|switch|p1a: Mismagius|Mismagius, M, shiny|100/100
|turn|10
|
|t:|1779629579
|switch|p2a: Charizard|Charizard, M|100/100
|-damage|p2a: Charizard|50/100|[from] Stealth Rock
|move|p1a: Mismagius|Hex|p2a: Charizard
|-damage|p2a: Charizard|10/100
|
|-weather|SunnyDay|[upkeep]
|-damage|p2a: Charizard|0 fnt|[from] ability: Solar Power|[of] p2a: Charizard
|faint|p2a: Charizard
|upkeep
|-message|Flame of death1 forfeited.
|
|win|gardevoirandvapo
|raw|gardevoirandvapo's rating: 1085 &rarr; <strong>1121</strong><br />(+36 for winning)
|raw|Flame of death1's rating: 1204 &rarr; <strong>1171</strong><br />(-33 for losing)
|l|☆Flame of death1
|player|p2|
|c|☆gardevoirandvapo|gg
