|j|☆sk_pk123
|j|☆DarkG99
|t:|1779691671
|gametype|singles
|player|p1|sk_pk123|red|1363
|player|p2|DarkG99|karen|1481
|gen|9
|tier|[Gen 9] OU
|rated|
|rule|HP Percentage Mod: HP is shown in percentages
|rule|Endless Battle Clause: Forcing endless battles is banned
|rule|Species Clause: Limit one of each Pokémon
|rule|OHKO Clause: OHKO moves are banned
|rule|Evasion Items Clause: Evasion items are banned
|rule|Evasion Moves Clause: Evasion moves are banned
|rule|Evasion Abilities Clause: Evasion abilities are banned
|rule|Sleep Moves Clause: Sleep-inducing moves are banned
|clearpoke
|poke|p1|Greninja-*, M|
|poke|p1|Pelipper, F|
|poke|p1|Volbeat, L20, M|
|poke|p1|Hitmonlee, M|
|poke|p1|Basculegion, M|
|poke|p1|Walking Wake|
|poke|p2|Kommo-o, M|
|poke|p2|Sinistcha-Masterpiece|
|poke|p2|Ninetales-Alola, F|
|poke|p2|Heatran, M|
|poke|p2|Maushold-Four|
|poke|p2|Ogerpon-Wellspring, F|
|teampreview
|inactive|Battle timer is ON: inactive players will automatically lose when time's up. (requested by sk_pk123)
|
|t:|1779691682
|teamsize|p1|6
|teamsize|p2|6
|start
|switch|p1a: Pelipper|Pelipper, F|100/100
|switch|p2a: Maushold|Maushold-Four|100/100
|-weather|RainDance|[from] ability: Drizzle|[of] p1a: Pelipper
|turn|1
|
|t:|1779691688
|move|p2a: Maushold|Population Bomb|p1a: Pelipper
|-damage|p1a: Pelipper|87/100
|-damage|p1a: Pelipper|75/100
|-damage|p1a: Pelipper|64/100
|-damage|p1a: Pelipper|53/100
|-hitcount|p1a: Pelipper|4
|move|p1a: Pelipper|Weather Ball|p2a: Maushold
|-damage|p2a: Maushold|2/100
|
|-weather|RainDance|[upkeep]
|upkeep
|turn|2
|
|t:|1779691696
|switch|p1a: Basculegion|Basculegion, M, shiny|100/100
|move|p2a: Maushold|Population Bomb|p1a: Basculegion
|-immune|p1a: Basculegion
|
|-weather|RainDance|[upkeep]
|upkeep
|turn|3
|
|t:|1779691699
|switch|p2a: Ninetales|Ninetales-Alola, F|100/100
|-weather|Snowscape|[from] ability: Snow Warning|[of] p2a: Ninetales
|move|p1a: Basculegion|Aqua Jet|p2a: Ninetales
|-crit|p2a: Ninetales
|-damage|p2a: Ninetales|62/100
|
|-weather|Snowscape|[upkeep]
|upkeep
|turn|4
|
|t:|1779691706
|move|p2a: Ninetales|Freeze-Dry|p1a: Basculegion
|-supereffective|p1a: Basculegion
|-damage|p1a: Basculegion|41/100
|move|p1a: Basculegion|Wave Crash|p2a: Ninetales
|-damage|p2a: Ninetales|0 fnt
|faint|p2a: Ninetales
|-damage|p1a: Basculegion|25/100|[from] Recoil
|
|-weather|Snowscape|[upkeep]
|upkeep
|
|t:|1779691716
|switch|p2a: Ogerpon|Ogerpon-Wellspring, F|100/100
|turn|5
|
|t:|1779691721
|switch|p1a: Pelipper|Pelipper, F|53/100
|-weather|RainDance|[from] ability: Drizzle|[of] p1a: Pelipper
|move|p2a: Ogerpon|Trailblaze|p1a: Pelipper
|-damage|p1a: Pelipper|22/100
|-boost|p2a: Ogerpon|spe|1
|
|-weather|RainDance|[upkeep]
|upkeep
|turn|6
|
|t:|1779691727
|move|p2a: Ogerpon|Trailblaze|p1a: Pelipper
|-damage|p1a: Pelipper|0 fnt
|-boost|p2a: Ogerpon|spe|1
|faint|p1a: Pelipper
|
|-weather|RainDance|[upkeep]
|upkeep
|
|t:|1779691731
|switch|p1a: Walking Wake|Walking Wake|100/100
|-enditem|p1a: Walking Wake|Booster Energy
|-activate|p1a: Walking Wake|ability: Protosynthesis|[fromitem]
|-start|p1a: Walking Wake|protosynthesisspa
|turn|7
|
|t:|1779691755
|switch|p2a: Maushold|Maushold-Four|2/100
|move|p1a: Walking Wake|Hurricane|p2a: Maushold
|-damage|p2a: Maushold|0 fnt
|faint|p2a: Maushold
|
|-weather|RainDance|[upkeep]
|upkeep
|
|t:|1779691764
|switch|p2a: Heatran|Heatran, M|100/100
|turn|8
|
|t:|1779691767
|move|p1a: Walking Wake|Weather Ball|p2a: Heatran
|-supereffective|p2a: Heatran
|-damage|p2a: Heatran|0 fnt
|faint|p2a: Heatran
|
|-weather|RainDance|[upkeep]
|upkeep
|
|t:|1779691771
|switch|p2a: Ogerpon|Ogerpon-Wellspring, F|100/100
|turn|9
|
|t:|1779691774
|move|p2a: Ogerpon|Encore|p1a: Walking Wake
|-start|p1a: Walking Wake|Encore
|move|p1a: Walking Wake|Weather Ball|p2a: Ogerpon
|-immune|p2a: Ogerpon|[from] ability: Water Absorb
|
|-weather|RainDance|[upkeep]
|upkeep
|turn|10
|
|t:|1779691781
|-end|p1a: Walking Wake|Protosynthesis|[silent]
|switch|p1a: Basculegion|Basculegion, M, shiny|25/100
|move|p2a: Ogerpon|Swords Dance|p2a: Ogerpon
|-boost|p2a: Ogerpon|atk|2
|
|-weather|RainDance|[upkeep]
|upkeep
|turn|11
|
|t:|1779691795
|move|p1a: Basculegion|Outrage|p2a: Ogerpon
|-damage|p2a: Ogerpon|44/100
|move|p2a: Ogerpon|Trailblaze|p1a: Basculegion
|-supereffective|p1a: Basculegion
|-damage|p1a: Basculegion|0 fnt
|-boost|p2a: Ogerpon|spe|1
|faint|p1a: Basculegion
|
|-weather|RainDance|[upkeep]
|upkeep
|
|t:|1779691800
|switch|p1a: Walking Wake|Walking Wake|100/100
|turn|12
|
|t:|1779691806
|move|p2a: Ogerpon|Trailblaze|p1a: Walking Wake
|-damage|p1a: Walking Wake|38/100
|-boost|p2a: Ogerpon|spe|1
|move|p1a: Walking Wake|Hurricane|p2a: Ogerpon
|-supereffective|p2a: Ogerpon
|-damage|p2a: Ogerpon|0 fnt
|faint|p2a: Ogerpon
|
|-weather|none
|upkeep
|
|t:|1779691812
|switch|p2a: Kommo-o|Kommo-o, M|100/100
|turn|13
|
|t:|1779691815
|move|p1a: Walking Wake|Dragon Pulse|p2a: Kommo-o
|-supereffective|p2a: Kommo-o
|-crit|p2a: Kommo-o
|-damage|p2a: Kommo-o|0 fnt
|faint|p2a: Kommo-o
|
|upkeep
|-message|DarkG99 forfeited.
|
|win|sk_pk123
|raw|sk_pk123's rating: 1363 &rarr; <strong>1390</strong><br />(+27 for winning)
|raw|DarkG99's rating: 1481 &rarr; <strong>1454</strong><br />(-27 for losing)
|l|☆DarkG99
|player|p2|
|l|☆sk_pk123
|player|p1|
