|j|☆critical_32
|j|☆The Name Change
|t:|1779619901
|gametype|singles
|player|p1|critical_32|265|1488
|player|p2|The Name Change|102|1439
|gen|9
|tier|[Gen 9] OU
|rated|
|rule|HP Percentage Mod: HP is shown in percentages
|rule|Endless Battle Clause: Forcing endless battles is banned
|rule|Species Clause: Limit one of each Pokémon
|rule|OHKO Clause: OHKO moves are banned
|rule|Evasion Items Clause: Evasion items are banned
|rule|Evasion Moves Clause: Evasion moves are banned
|rule|Evasion Abilities Clause: Evasion abilities are banned
|rule|Sleep Moves Clause: Sleep-inducing moves are banned
|clearpoke
|poke|p1|Barraskewda, F|
|poke|p1|Basculegion, M|
|poke|p1|Goodra-Hisui, F|
|poke|p1|Blissey, F|
|poke|p1|Conkeldurr, M|
|poke|p1|Pelipper, F|
|poke|p2|Gholdengo|
|poke|p2|Cinderace, F|
|poke|p2|Mandibuzz, F|
|poke|p2|Kyurem|
|poke|p2|Ting-Lu|
|poke|p2|Slowking-Galar, M|
|teampreview
|inactive|Battle timer is ON: inactive players will automatically lose when time's up. (requested by critical_32)
|
|t:|1779619924
|teamsize|p1|6
|teamsize|p2|6
|start
|switch|p1a: Barraskewda|Barraskewda, F|100/100
|switch|p2a: Kyurem|Kyurem|100/100
|-ability|p2a: Kyurem|Pressure
|turn|1
|
|t:|1779619927
|move|p2a: Kyurem|Freeze-Dry|p1a: Barraskewda
|-supereffective|p1a: Barraskewda
|-damage|p1a: Barraskewda|0 fnt
|faint|p1a: Barraskewda
|
|upkeep
|
|t:|1779619931
|switch|p1a: Pelipper|Pelipper, F|100/100
|-weather|RainDance|[from] ability: Drizzle|[of] p1a: Pelipper
|turn|2
|
|t:|1779619936
|switch|p2a: Ting-Lucifer|Ting-Lu|100/100
|-ability|p2a: Ting-Lucifer|Vessel of Ruin
|switch|p1a: Goodra|Goodra-Hisui, F|100/100
|
|-weather|RainDance|[upkeep]
|upkeep
|turn|3
|
|t:|1779619939
|move|p1a: Goodra|Surf|p2a: Ting-Lucifer
|-supereffective|p2a: Ting-Lucifer
|-damage|p2a: Ting-Lucifer|30/100
|-enditem|p2a: Ting-Lucifer|Weakness Policy
|-boost|p2a: Ting-Lucifer|atk|2|[from] item: Weakness Policy
|-boost|p2a: Ting-Lucifer|spa|2|[from] item: Weakness Policy
|move|p2a: Ting-Lucifer|Earthquake|p1a: Goodra
|-supereffective|p1a: Goodra
|-damage|p1a: Goodra|0 fnt
|faint|p1a: Goodra
|
|-weather|RainDance|[upkeep]
|upkeep
|
|t:|1779619954
|switch|p1a: Basculegion|Basculegion, M|100/100
|turn|4
|
|t:|1779619958
|-terastallize|p1a: Basculegion|Water
|move|p1a: Basculegion|Wave Crash|p2a: Ting-Lucifer
|-supereffective|p2a: Ting-Lucifer
|-damage|p2a: Ting-Lucifer|0 fnt
|faint|p2a: Ting-Lucifer
|-damage|p1a: Basculegion|88/100|[from] Recoil
|
|-weather|RainDance|[upkeep]
|upkeep
|
|t:|1779619964
|switch|p2a: Mandibuzz|Mandibuzz, F, shiny|100/100
|turn|5
|
|t:|1779619971
|move|p1a: Basculegion|Wave Crash|p2a: Mandibuzz
|-damage|p2a: Mandibuzz|0 fnt
|-damage|p1a: Basculegion|72/100|[from] item: Rocky Helmet|[of] p2a: Mandibuzz
|faint|p2a: Mandibuzz
|-damage|p1a: Basculegion|36/100|[from] Recoil
|
|-weather|RainDance|[upkeep]
|upkeep
|
|t:|1779619986
|switch|p2a: Slowking|Slowking-Galar, M|100/100
|turn|6
|
|t:|1779619994
|-terastallize|p2a: Slowking|Water
|move|p1a: Basculegion|Wave Crash|p2a: Slowking
|-resisted|p2a: Slowking
|-damage|p2a: Slowking|4/100
|-damage|p1a: Basculegion|3/100|[from] Recoil
|move|p2a: Slowking|Sludge Bomb|p1a: Basculegion
|-damage|p1a: Basculegion|0 fnt
|faint|p1a: Basculegion
|
|-weather|RainDance|[upkeep]
|upkeep
|
|t:|1779620004
|switch|p1a: Blissey|Blissey, F|100/100
|turn|7
|
|t:|1779620008
|switch|p2a: Cinderace|Cinderace, F|100/100
|move|p1a: Blissey|Calm Mind|p1a: Blissey
|-boost|p1a: Blissey|spa|1
|-boost|p1a: Blissey|spd|1
|
|-weather|RainDance|[upkeep]
|upkeep
|turn|8
|
|t:|1779620016
|switch|p1a: Pelipper|Pelipper, F|100/100
|move|p2a: Cinderace|High Jump Kick|p1a: Pelipper
|-start|p2a: Cinderace|typechange|Fighting|[from] ability: Libero
|-resisted|p1a: Pelipper
|-damage|p1a: Pelipper|56/100
|
|-weather|RainDance|[upkeep]
|upkeep
|turn|9
|
|t:|1779620025
|move|p2a: Cinderace|U-turn|p1a: Pelipper
|-resisted|p1a: Pelipper
|-damage|p1a: Pelipper|42/100
|
|t:|1779620031
|switch|p2a: Slowking|Slowking-Galar, M, tera:Water|37/100|[from] U-turn
|move|p1a: Pelipper|Hurricane|p2a: Slowking
|-damage|p2a: Slowking|9/100
|
|-weather|none
|upkeep
|turn|10
|
|t:|1779620038
|switch|p1a: Blissey|Blissey, F|100/100
|switch|p2a: Gholdengo|Gholdengo|100/100
|
|upkeep
|turn|11
|
|t:|1779620043
|move|p2a: Gholdengo|Trick|p1a: Blissey
|-activate|p2a: Gholdengo|move: Trick|[of] p1a: Blissey
|-item|p1a: Blissey|Choice Scarf|[from] move: Trick
|-item|p2a: Gholdengo|Leftovers|[from] move: Trick
|move|p1a: Blissey|Shadow Ball|p2a: Gholdengo
|-supereffective|p2a: Gholdengo
|-damage|p2a: Gholdengo|53/100
|-unboost|p2a: Gholdengo|spd|1
|
|-heal|p2a: Gholdengo|59/100|[from] item: Leftovers
|upkeep
|turn|12
|
|t:|1779620050
|switch|p2a: Cinderace|Cinderace, F|100/100
|move|p1a: Blissey|Shadow Ball|p2a: Cinderace
|-damage|p2a: Cinderace|69/100
|
|upkeep
|turn|13
|
|t:|1779620055
|switch|p1a: Pelipper|Pelipper, F|42/100
|-weather|RainDance|[from] ability: Drizzle|[of] p1a: Pelipper
|move|p2a: Cinderace|Pyro Ball|p1a: Pelipper
|-resisted|p1a: Pelipper
|-damage|p1a: Pelipper|22/100
|
|-weather|RainDance|[upkeep]
|upkeep
|turn|14
|
|t:|1779620062
|move|p2a: Cinderace|U-turn|p1a: Pelipper
|-start|p2a: Cinderace|typechange|Bug|[from] ability: Libero
|-resisted|p1a: Pelipper
|-damage|p1a: Pelipper|0 fnt
|faint|p1a: Pelipper
|
|t:|1779620082
|switch|p2a: Slowking|Slowking-Galar, M, tera:Water|43/100|[from] U-turn
|
|-weather|RainDance|[upkeep]
|upkeep
|
|t:|1779620088
|switch|p1a: Blissey|Blissey, F|100/100
|turn|15
|
|t:|1779620094
|move|p1a: Blissey|Shadow Ball|p2a: Slowking
|-damage|p2a: Slowking|30/100
|-unboost|p2a: Slowking|spd|1
|-prepare|p2a: Slowking|Chilly Reception|[premajor]
|move|p2a: Slowking|Chilly Reception|p2a: Slowking
|-weather|Snowscape
|
|t:|1779620097
|switch|p2a: Kyurem|Kyurem|100/100|[from] Chilly Reception
|-ability|p2a: Kyurem|Pressure
|
|-weather|Snowscape|[upkeep]
|upkeep
|turn|16
|
|t:|1779620105
|move|p2a: Kyurem|Blizzard|p1a: Blissey
|-damage|p1a: Blissey|80/100
|move|p1a: Blissey|Shadow Ball|p2a: Kyurem
|-damage|p2a: Kyurem|79/100
|
|-weather|Snowscape|[upkeep]
|upkeep
|turn|17
|
|t:|1779620110
|move|p2a: Kyurem|Blizzard|p1a: Blissey
|-damage|p1a: Blissey|58/100
|move|p1a: Blissey|Shadow Ball|p2a: Kyurem
|-damage|p2a: Kyurem|58/100
|
|-weather|Snowscape|[upkeep]
|upkeep
|turn|18
|
|t:|1779620114
|move|p2a: Kyurem|Blizzard|p1a: Blissey
|-damage|p1a: Blissey|38/100
|move|p1a: Blissey|Shadow Ball|p2a: Kyurem
|-damage|p2a: Kyurem|38/100
|-unboost|p2a: Kyurem|spd|1
|
|-weather|Snowscape|[upkeep]
|upkeep
|turn|19
|
|t:|1779620121
|switch|p2a: Cinderace|Cinderace, F|69/100
|move|p1a: Blissey|Shadow Ball|p2a: Cinderace
|-damage|p2a: Cinderace|37/100
|
|-weather|none
|upkeep
|turn|20
|
|t:|1779620126
|move|p2a: Cinderace|Pyro Ball|p1a: Blissey
|-damage|p1a: Blissey|0 fnt
|faint|p1a: Blissey
|
|upkeep
|
|t:|1779620129
|switch|p1a: Conkeldurr|Conkeldurr, M|100/100
|turn|21
|
|t:|1779620135
|move|p2a: Cinderace|Pyro Ball|p1a: Conkeldurr
|-damage|p1a: Conkeldurr|49/100
|move|p1a: Conkeldurr|Knock Off|p2a: Cinderace
|-damage|p2a: Cinderace|0 fnt
|-enditem|p2a: Cinderace|Charcoal|[from] move: Knock Off|[of] p1a: Conkeldurr
|faint|p2a: Cinderace
|
|-status|p1a: Conkeldurr|brn|[from] item: Flame Orb
|upkeep
|
|t:|1779620151
|switch|p2a: Slowking|Slowking-Galar, M, tera:Water|63/100
|turn|22
|
|t:|1779620164
|switch|p2a: Kyurem|Kyurem|38/100
|-ability|p2a: Kyurem|Pressure
|move|p1a: Conkeldurr|Drain Punch|p2a: Kyurem
|-supereffective|p2a: Kyurem
|-damage|p2a: Kyurem|0 fnt
|-heal|p1a: Conkeldurr|70/100 brn|[from] drain|[of] p2a: Kyurem
|faint|p2a: Kyurem
|
|-damage|p1a: Conkeldurr|64/100 brn|[from] brn
|upkeep
|
|t:|1779620179
|switch|p2a: Slowking|Slowking-Galar, M, tera:Water|96/100
|turn|23
|
|t:|1779620183
|move|p1a: Conkeldurr|Drain Punch|p2a: Slowking
|-damage|p2a: Slowking|27/100
|-heal|p1a: Conkeldurr|100/100 brn|[from] drain|[of] p2a: Slowking
|move|p2a: Slowking|Psychic Noise|p1a: Conkeldurr
|-supereffective|p1a: Conkeldurr
|-damage|p1a: Conkeldurr|24/100 brn
|-start|p1a: Conkeldurr|move: Heal Block
|
|-damage|p1a: Conkeldurr|18/100 brn|[from] brn
|upkeep
|turn|24
|
|t:|1779620193
|move|p1a: Conkeldurr|Knock Off|p2a: Slowking
|-damage|p2a: Slowking|0 fnt
|-enditem|p2a: Slowking|Heavy-Duty Boots|[from] move: Knock Off|[of] p1a: Conkeldurr
|faint|p2a: Slowking
|
|-damage|p1a: Conkeldurr|11/100 brn|[from] brn
|-end|p1a: Conkeldurr|move: Heal Block
|upkeep
|
|t:|1779620196
|switch|p2a: Gholdengo|Gholdengo|59/100
|turn|25
|
|t:|1779620199
|move|p2a: Gholdengo|Shadow Ball|p1a: Conkeldurr
|-damage|p1a: Conkeldurr|0 fnt
|faint|p1a: Conkeldurr
|
|win|The Name Change
|raw|critical_32's rating: 1488 &rarr; <strong>1465</strong><br />(-23 for losing)
|raw|The Name Change's rating: 1439 &rarr; <strong>1462</strong><br />(+23 for winning)
|l|☆critical_32
|player|p1|
|l|☆The Name Change
|player|p2|
