|j|☆KenjiShiguma
|j|☆GrandeHugh
|t:|1779705229
|gametype|singles
|player|p1|KenjiShiguma|pokemonbreeder-gen4|1130
|player|p2|GrandeHugh|1|1150
|gen|9
|tier|[Gen 9] OU
|rated|
|rule|HP Percentage Mod: HP is shown in percentages
|rule|Endless Battle Clause: Forcing endless battles is banned
|rule|Species Clause: Limit one of each Pokémon
|rule|OHKO Clause: OHKO moves are banned
|rule|Evasion Items Clause: Evasion items are banned
|rule|Evasion Moves Clause: Evasion moves are banned
|rule|Evasion Abilities Clause: Evasion abilities are banned
|rule|Sleep Moves Clause: Sleep-inducing moves are banned
|clearpoke
|poke|p1|Golduck, M|
|poke|p1|Porygon2|
|poke|p1|Gardevoir, F|
|poke|p1|Grumpig, F|
|poke|p1|Toxapex, F|
|poke|p1|Hatterene, F|
|poke|p2|Torkoal, F|
|poke|p2|Great Tusk|
|poke|p2|Lilligant-Hisui, F|
|poke|p2|Garganacl, F|
|poke|p2|Walking Wake|
|poke|p2|Heatran, F|
|teampreview
|inactive|Battle timer is ON: inactive players will automatically lose when time's up. (requested by GrandeHugh)
|
|t:|1779705246
|teamsize|p1|6
|teamsize|p2|6
|start
|switch|p1a: Golduck|Golduck, M|100/100
|switch|p2a: Lilligant|Lilligant-Hisui, F|100/100
|-ability|p1a: Golduck|Cloud Nine
|turn|1
|
|t:|1779705256
|switch|p1a: Toxapex|Toxapex, F|100/100
|-terastallize|p2a: Lilligant|Fighting
|move|p2a: Lilligant|Victory Dance|p2a: Lilligant
|-boost|p2a: Lilligant|atk|1
|-boost|p2a: Lilligant|def|1
|-boost|p2a: Lilligant|spe|1
|
|upkeep
|turn|2
|
|t:|1779705266
|move|p2a: Lilligant|Leaf Blade|p1a: Toxapex
|-damage|p1a: Toxapex|45/100
|-damage|p2a: Lilligant|91/100|[from] item: Life Orb
|move|p1a: Toxapex|Chilling Water|p2a: Lilligant
|-damage|p2a: Lilligant|75/100
|-unboost|p2a: Lilligant|atk|1
|
|upkeep
|turn|3
|
|t:|1779705275
|move|p2a: Lilligant|Victory Dance|p2a: Lilligant
|-boost|p2a: Lilligant|atk|1
|-boost|p2a: Lilligant|def|1
|-boost|p2a: Lilligant|spe|1
|move|p1a: Toxapex|Chilling Water|p2a: Lilligant
|-damage|p2a: Lilligant|59/100
|-unboost|p2a: Lilligant|atk|1
|
|upkeep
|turn|4
|
|t:|1779705282
|move|p2a: Lilligant|Leaf Blade|p1a: Toxapex
|-damage|p1a: Toxapex|11/100
|-damage|p2a: Lilligant|49/100|[from] item: Life Orb
|move|p1a: Toxapex|Chilling Water|p2a: Lilligant
|-damage|p2a: Lilligant|31/100
|-unboost|p2a: Lilligant|atk|1
|
|upkeep
|turn|5
|
|t:|1779705292
|switch|p1a: Porygon2|Porygon2|100/100
|-ability|p1a: Porygon2|Chlorophyll|Trace|[from] ability: Trace|[of] p2a: Lilligant
|move|p2a: Lilligant|Leaf Blade|p1a: Porygon2
|-damage|p1a: Porygon2|75/100
|-damage|p2a: Lilligant|21/100|[from] item: Life Orb
|
|upkeep
|turn|6
|
|t:|1779705302
|switch|p1a: Toxapex|Toxapex, F|45/100
|move|p2a: Lilligant|Close Combat|p1a: Toxapex
|-resisted|p1a: Toxapex
|-damage|p1a: Toxapex|25/100
|-unboost|p2a: Lilligant|def|1
|-unboost|p2a: Lilligant|spd|1
|-damage|p2a: Lilligant|12/100|[from] item: Life Orb
|
|upkeep
|turn|7
|
|t:|1779705312
|switch|p1a: Porygon2|Porygon2|75/100
|-ability|p1a: Porygon2|Chlorophyll|Trace|[from] ability: Trace|[of] p2a: Lilligant
|move|p2a: Lilligant|Leaf Blade|p1a: Porygon2
|-damage|p1a: Porygon2|48/100
|-damage|p2a: Lilligant|2/100|[from] item: Life Orb
|
|upkeep
|turn|8
|
|t:|1779705322
|switch|p1a: Toxapex|Toxapex, F|58/100
|move|p2a: Lilligant|Leaf Blade|p1a: Toxapex
|-damage|p1a: Toxapex|35/100
|-damage|p2a: Lilligant|0 fnt|[from] item: Life Orb
|faint|p2a: Lilligant
|
|upkeep
|
|t:|1779705343
|switch|p2a: Heatran|Heatran, F|100/100
|turn|9
|
|t:|1779705347
|switch|p1a: Golduck|Golduck, M|100/100
|-ability|p1a: Golduck|Cloud Nine
|move|p2a: Heatran|Earth Power|p1a: Golduck
|-damage|p1a: Golduck|71/100
|
|upkeep
|turn|10
|-message|GrandeHugh forfeited.
|
|win|KenjiShiguma
|raw|KenjiShiguma's rating: 1130 &rarr; <strong>1156</strong><br />(+26 for winning)
|raw|GrandeHugh's rating: 1150 &rarr; <strong>1124</strong><br />(-26 for losing)
|l|☆GrandeHugh
|player|p2|
|l|☆KenjiShiguma
|player|p1|
