|j|☆aceman2798
|j|☆suminkwak249
|t:|1779624384
|gametype|singles
|player|p1|aceman2798|sada-ai|1613
|player|p2|suminkwak249|1|1602
|gen|9
|tier|[Gen 9] OU
|rated|
|rule|HP Percentage Mod: HP is shown in percentages
|rule|Endless Battle Clause: Forcing endless battles is banned
|rule|Species Clause: Limit one of each Pokémon
|rule|OHKO Clause: OHKO moves are banned
|rule|Evasion Items Clause: Evasion items are banned
|rule|Evasion Moves Clause: Evasion moves are banned
|rule|Evasion Abilities Clause: Evasion abilities are banned
|rule|Sleep Moves Clause: Sleep-inducing moves are banned
|clearpoke
|poke|p1|Talonflame, M|
|poke|p1|Alomomola, F|
|poke|p1|Slowking-Galar, M|
|poke|p1|Iron Valiant|
|poke|p1|Ogerpon-Cornerstone, F|
|poke|p1|Kleavor, M|
|poke|p2|Torkoal, F|
|poke|p2|Walking Wake|
|poke|p2|Raging Bolt|
|poke|p2|Espeon, M|
|poke|p2|Ceruledge, M|
|poke|p2|Iron Treads|
|teampreview
|
|t:|1779624398
|teamsize|p1|6
|teamsize|p2|6
|start
|switch|p1a: Kleavor|Kleavor, M|100/100
|switch|p2a: Walking Wake|Walking Wake|100/100
|turn|1
|
|t:|1779624402
|switch|p1a: Slowking|Slowking-Galar, M, shiny|100/100
|move|p2a: Walking Wake|Hydro Steam|p1a: Slowking
|-damage|p1a: Slowking|62/100
|
|-heal|p1a: Slowking|68/100|[from] item: Black Sludge
|upkeep
|turn|2
|
|t:|1779624411
|-end|p2a: Walking Wake|Protosynthesis|[silent]
|switch|p2a: Iron Treads|Iron Treads|100/100
|-item|p2a: Iron Treads|Air Balloon
|move|p1a: Slowking|Trick|p2a: Iron Treads
|-activate|p1a: Slowking|move: Trick|[of] p2a: Iron Treads
|-item|p2a: Iron Treads|Black Sludge|[from] move: Trick
|-item|p1a: Slowking|Air Balloon
|-item|p1a: Slowking|Air Balloon|[from] move: Trick
|
|-damage|p2a: Iron Treads|88/100|[from] item: Black Sludge
|upkeep
|turn|3
|
|t:|1779624416
|move|p2a: Iron Treads|Volt Switch|p1a: Slowking
|-damage|p1a: Slowking|62/100
|-enditem|p1a: Slowking|Air Balloon
|
|t:|1779624418
|-end|p2a: Iron Treads|Quark Drive|[silent]
|switch|p2a: Torkoal|Torkoal, F|100/100|[from] Volt Switch
|-weather|SunnyDay|[from] ability: Drought|[of] p2a: Torkoal
|-prepare|p1a: Slowking|Chilly Reception|[premajor]
|move|p1a: Slowking|Chilly Reception|p1a: Slowking
|-weather|Snowscape
|
|t:|1779624422
|switch|p1a: Kleavor|Kleavor, M|100/100|[from] Chilly Reception
|
|-weather|Snowscape|[upkeep]
|upkeep
|turn|4
|
|t:|1779624426
|switch|p2a: Iron Treads|Iron Treads|88/100
|move|p1a: Kleavor|Stone Axe|p2a: Iron Treads
|-resisted|p2a: Iron Treads
|-damage|p2a: Iron Treads|78/100
|-sidestart|p2: suminkwak249|move: Stealth Rock
|
|-weather|Snowscape|[upkeep]
|-damage|p2a: Iron Treads|66/100|[from] item: Black Sludge
|upkeep
|turn|5
|
|t:|1779624436
|switch|p1a: Alomomola|Alomomola, F|100/100
|move|p2a: Iron Treads|Rapid Spin|p1a: Alomomola
|-damage|p1a: Alomomola|92/100
|-boost|p2a: Iron Treads|spe|1
|-sideend|p2: suminkwak249|Stealth Rock|[from] move: Rapid Spin|[of] p2a: Iron Treads
|
|-weather|Snowscape|[upkeep]
|-damage|p2a: Iron Treads|53/100|[from] item: Black Sludge
|upkeep
|turn|6
|
|t:|1779624446
|move|p2a: Iron Treads|Volt Switch|p1a: Alomomola
|-supereffective|p1a: Alomomola
|-damage|p1a: Alomomola|74/100
|
|t:|1779624456
|-end|p2a: Iron Treads|Quark Drive|[silent]
|switch|p2a: Espeon|Espeon, M|100/100|[from] Volt Switch
|move|p1a: Alomomola|Flip Turn|p2a: Espeon
|-damage|p2a: Espeon|86/100
|-enditem|p2a: Espeon|Eject Button
|
|t:|1779624462
|switch|p2a: Torkoal|Torkoal, F|100/100
|-weather|SunnyDay|[from] ability: Drought|[of] p2a: Torkoal
|
|-weather|SunnyDay|[upkeep]
|upkeep
|turn|7
|
|t:|1779624465
|switch|p2a: Ceruledge|Ceruledge, M|100/100
|move|p1a: Alomomola|Flip Turn|p2a: Ceruledge
|-supereffective|p2a: Ceruledge
|-damage|p2a: Ceruledge|83/100
|
|t:|1779624470
|switch|p1a: Kleavor|Kleavor, M|100/100|[from] Flip Turn
|
|-weather|SunnyDay|[upkeep]
|upkeep
|turn|8
|
|t:|1779624490
|-terastallize|p2a: Ceruledge|Grass
|move|p1a: Kleavor|Stone Axe|p2a: Ceruledge
|-damage|p2a: Ceruledge|23/100
|-sidestart|p2: suminkwak249|move: Stealth Rock
|move|p2a: Ceruledge|Bitter Blade|p1a: Kleavor
|-damage|p1a: Kleavor|0 fnt
|-heal|p2a: Ceruledge|65/100|[from] drain|[of] p1a: Kleavor
|faint|p1a: Kleavor
|
|-weather|SunnyDay|[upkeep]
|upkeep
|
|t:|1779624522
|switch|p1a: Talonflame|Talonflame, M|100/100
|turn|9
|
|t:|1779624525
|move|p1a: Talonflame|U-turn|p2a: Ceruledge
|-supereffective|p2a: Ceruledge
|-damage|p2a: Ceruledge|34/100
|
|t:|1779624532
|switch|p1a: Ogerpon|Ogerpon-Cornerstone, F|100/100|[from] U-turn
|move|p2a: Ceruledge|Bitter Blade|p1a: Ogerpon
|-ability|p1a: Ogerpon|Sturdy
|-damage|p1a: Ogerpon|1/100
|-heal|p2a: Ceruledge|78/100|[from] drain|[of] p1a: Ogerpon
|
|-weather|SunnyDay|[upkeep]
|upkeep
|turn|10
|
|t:|1779624541
|switch|p2a: Iron Treads|Iron Treads|53/100
|-damage|p2a: Iron Treads|50/100|[from] Stealth Rock
|move|p1a: Ogerpon|Ivy Cudgel|p2a: Iron Treads|[anim] Ivy Cudgel Rock
|-resisted|p2a: Iron Treads
|-damage|p2a: Iron Treads|39/100
|
|-weather|SunnyDay|[upkeep]
|-damage|p2a: Iron Treads|26/100|[from] item: Black Sludge
|upkeep
|turn|11
|
|t:|1779624546
|move|p1a: Ogerpon|Horn Leech|p2a: Iron Treads
|-damage|p2a: Iron Treads|0 fnt
|-heal|p1a: Ogerpon|15/100|[from] drain|[of] p2a: Iron Treads
|faint|p2a: Iron Treads
|-end|p2a: Iron Treads|Quark Drive|[silent]
|
|-weather|SunnyDay|[upkeep]
|upkeep
|
|t:|1779624551
|switch|p2a: Ceruledge|Ceruledge, M, tera:Grass|78/100
|-damage|p2a: Ceruledge|66/100|[from] Stealth Rock
|turn|12
|inactive|Battle timer is ON: inactive players will automatically lose when time's up. (requested by suminkwak249)
|
|t:|1779624558
|move|p2a: Ceruledge|Shadow Sneak|p1a: Ogerpon
|-damage|p1a: Ogerpon|0 fnt
|faint|p1a: Ogerpon
|
|-weather|SunnyDay|[upkeep]
|upkeep
|inactive|aceman2798 has 120 seconds left.
|
|t:|1779624590
|switch|p1a: Talonflame|Talonflame, M|100/100
|turn|13
|
|t:|1779624593
|move|p2a: Ceruledge|Shadow Sneak|p1a: Talonflame
|-damage|p1a: Talonflame|70/100
|move|p1a: Talonflame|U-turn|p2a: Ceruledge
|-supereffective|p2a: Ceruledge
|-damage|p2a: Ceruledge|38/100
|
|t:|1779624596
|switch|p1a: Alomomola|Alomomola, F|100/100|[from] U-turn
|
|-weather|none
|upkeep
|turn|14
|
|t:|1779624605
|switch|p2a: Espeon|Espeon, M|86/100
|-damage|p2a: Espeon|74/100|[from] Stealth Rock
|move|p1a: Alomomola|Scald|p2a: Espeon
|-crit|p2a: Espeon
|-damage|p2a: Espeon|50/100
|
|upkeep
|turn|15
|
|t:|1779624610
|move|p2a: Espeon|Thunder Wave|p1a: Alomomola
|-status|p1a: Alomomola|par
|cant|p1a: Alomomola|par
|
|upkeep
|turn|16
|
|t:|1779624619
|switch|p2a: Torkoal|Torkoal, F|100/100
|-damage|p2a: Torkoal|76/100|[from] Stealth Rock
|-weather|SunnyDay|[from] ability: Drought|[of] p2a: Torkoal
|cant|p1a: Alomomola|par
|
|-weather|SunnyDay|[upkeep]
|upkeep
|turn|17
|
|t:|1779624624
|move|p1a: Alomomola|Flip Turn|p2a: Torkoal
|-supereffective|p2a: Torkoal
|-damage|p2a: Torkoal|64/100
|
|t:|1779624626
|switch|p1a: Slowking|Slowking-Galar, M, shiny|95/100|[from] Flip Turn
|move|p2a: Torkoal|Rapid Spin|p1a: Slowking
|-damage|p1a: Slowking|85/100
|-boost|p2a: Torkoal|spe|1
|-sideend|p2: suminkwak249|Stealth Rock|[from] move: Rapid Spin|[of] p2a: Torkoal
|
|-weather|SunnyDay|[upkeep]
|upkeep
|turn|18
|
|t:|1779624631
|-prepare|p1a: Slowking|Chilly Reception|[premajor]
|move|p1a: Slowking|Chilly Reception|p1a: Slowking
|-weather|Snowscape
|
|t:|1779624640
|switch|p1a: Iron Valiant|Iron Valiant|100/100|[from] Chilly Reception
|-enditem|p1a: Iron Valiant|Booster Energy
|-activate|p1a: Iron Valiant|ability: Quark Drive|[fromitem]
|-start|p1a: Iron Valiant|quarkdrivespe
|move|p2a: Torkoal|Overheat|p1a: Iron Valiant
|-damage|p1a: Iron Valiant|0 fnt
|-unboost|p2a: Torkoal|spa|2
|faint|p1a: Iron Valiant
|-end|p1a: Iron Valiant|Quark Drive|[silent]
|
|-weather|Snowscape|[upkeep]
|upkeep
|
|t:|1779624648
|switch|p1a: Slowking|Slowking-Galar, M, shiny|100/100
|turn|19
|
|t:|1779624655
|switch|p2a: Espeon|Espeon, M|50/100
|move|p1a: Slowking|Future Sight|p2a: Espeon
|-start|p1a: Slowking|move: Future Sight
|
|-weather|Snowscape|[upkeep]
|upkeep
|turn|20
|
|t:|1779624660
|move|p2a: Espeon|Thunder Wave|p1a: Slowking
|-status|p1a: Slowking|par
|-prepare|p1a: Slowking|Chilly Reception|[premajor]
|move|p1a: Slowking|Chilly Reception|p1a: Slowking
|
|t:|1779624666
|switch|p1a: Alomomola|Alomomola, F|100/100 par|[from] Chilly Reception
|
|-weather|Snowscape|[upkeep]
|upkeep
|turn|21
|
|t:|1779624669
|move|p2a: Espeon|Psychic Noise|p1a: Alomomola
|-damage|p1a: Alomomola|76/100 par
|-start|p1a: Alomomola|move: Heal Block
|move|p1a: Alomomola|Flip Turn|p2a: Espeon
|-damage|p2a: Espeon|35/100
|
|t:|1779624675
|switch|p1a: Slowking|Slowking-Galar, M, shiny|100/100 par|[from] Flip Turn
|
|-weather|Snowscape|[upkeep]
|-end|p2a: Espeon|move: Future Sight
|-resisted|p2a: Espeon
|-damage|p2a: Espeon|12/100
|upkeep
|turn|22
|
|t:|1779624678
|move|p2a: Espeon|Psychic Noise|p1a: Slowking
|-damage|p1a: Slowking|81/100 par
|-start|p1a: Slowking|move: Heal Block
|move|p1a: Slowking|Future Sight|p2a: Espeon
|-start|p1a: Slowking|move: Future Sight
|
|-weather|none
|upkeep
|turn|23
|
|t:|1779624682
|move|p2a: Espeon|Psychic Noise|p1a: Slowking
|-crit|p1a: Slowking
|-damage|p1a: Slowking|55/100 par
|move|p1a: Slowking|Acid Spray|p2a: Espeon
|-damage|p2a: Espeon|0 fnt
|faint|p2a: Espeon
|
|-end|p1a: Slowking|move: Heal Block
|upkeep
|
|t:|1779624684
|switch|p2a: Torkoal|Torkoal, F|64/100
|-weather|SunnyDay|[from] ability: Drought|[of] p2a: Torkoal
|turn|24
|
|t:|1779624689
|-prepare|p1a: Slowking|Chilly Reception|[premajor]
|move|p1a: Slowking|Chilly Reception|p1a: Slowking
|-weather|Snowscape
|
|t:|1779624692
|switch|p1a: Alomomola|Alomomola, F|100/100 par|[from] Chilly Reception
|move|p2a: Torkoal|Overheat|p1a: Alomomola
|-resisted|p1a: Alomomola
|-damage|p1a: Alomomola|80/100 par
|-unboost|p2a: Torkoal|spa|2
|
|-weather|Snowscape|[upkeep]
|-end|p2a: Torkoal|move: Future Sight
|-damage|p2a: Torkoal|9/100
|upkeep
|turn|25
|
|t:|1779624696
|switch|p2a: Raging Bolt|Raging Bolt|100/100
|cant|p1a: Alomomola|par
|
|-weather|Snowscape|[upkeep]
|upkeep
|turn|26
|
|t:|1779624706
|switch|p1a: Slowking|Slowking-Galar, M, shiny|88/100 par
|move|p2a: Raging Bolt|Volt Switch|p1a: Slowking
|-crit|p1a: Slowking
|-damage|p1a: Slowking|39/100 par
|-damage|p2a: Raging Bolt|91/100|[from] item: Life Orb
|
|t:|1779624709
|-end|p2a: Raging Bolt|Protosynthesis|[silent]
|switch|p2a: Ceruledge|Ceruledge, M, tera:Grass|38/100|[from] Volt Switch
|
|-weather|Snowscape|[upkeep]
|upkeep
|turn|27
|
|t:|1779624712
|switch|p1a: Alomomola|Alomomola, F|100/100 par
|move|p2a: Ceruledge|Bitter Blade|p1a: Alomomola
|-resisted|p1a: Alomomola
|-damage|p1a: Alomomola|81/100 par
|-heal|p2a: Ceruledge|53/100|[from] drain|[of] p1a: Alomomola
|
|-weather|Snowscape|[upkeep]
|upkeep
|turn|28
|
|t:|1779624720
|switch|p2a: Raging Bolt|Raging Bolt|91/100
|move|p1a: Alomomola|Flip Turn|p2a: Raging Bolt
|-resisted|p2a: Raging Bolt
|-crit|p2a: Raging Bolt
|-damage|p2a: Raging Bolt|80/100
|
|t:|1779624723
|switch|p1a: Slowking|Slowking-Galar, M, shiny|72/100 par|[from] Flip Turn
|
|-weather|none
|upkeep
|turn|29
|
|t:|1779624727
|move|p2a: Raging Bolt|Dragon Pulse|p1a: Slowking
|-damage|p1a: Slowking|30/100 par
|-damage|p2a: Raging Bolt|70/100|[from] item: Life Orb
|move|p1a: Slowking|Future Sight|p2a: Raging Bolt
|-start|p1a: Slowking|move: Future Sight
|
|upkeep
|turn|30
|
|t:|1779624732
|switch|p1a: Alomomola|Alomomola, F|100/100 par
|move|p2a: Raging Bolt|Volt Switch|p1a: Alomomola
|-supereffective|p1a: Alomomola
|-damage|p1a: Alomomola|12/100 par
|-damage|p2a: Raging Bolt|60/100|[from] item: Life Orb
|
|t:|1779624735
|-end|p2a: Raging Bolt|Protosynthesis|[silent]
|switch|p2a: Torkoal|Torkoal, F|9/100|[from] Volt Switch
|-weather|SunnyDay|[from] ability: Drought|[of] p2a: Torkoal
|
|-weather|SunnyDay|[upkeep]
|upkeep
|turn|31
|
|t:|1779624743
|switch|p1a: Slowking|Slowking-Galar, M, shiny|63/100 par
|move|p2a: Torkoal|Overheat|p1a: Slowking|[miss]
|-miss|p2a: Torkoal|p1a: Slowking
|
|-weather|SunnyDay|[upkeep]
|-end|p2a: Torkoal|move: Future Sight
|-crit|p2a: Torkoal
|-damage|p2a: Torkoal|0 fnt
|faint|p2a: Torkoal
|upkeep
|
|t:|1779624746
|switch|p2a: Walking Wake|Walking Wake|100/100
|-activate|p2a: Walking Wake|ability: Protosynthesis
|-start|p2a: Walking Wake|protosynthesisspa
|turn|32
|
|t:|1779624758
|switch|p1a: Talonflame|Talonflame, M|70/100
|move|p2a: Walking Wake|Hydro Steam|p1a: Talonflame
|-supereffective|p1a: Talonflame
|-damage|p1a: Talonflame|0 fnt
|faint|p1a: Talonflame
|
|-weather|SunnyDay|[upkeep]
|upkeep
|
|t:|1779624762
|switch|p1a: Slowking|Slowking-Galar, M, shiny|96/100 par
|turn|33
|
|t:|1779624764
|move|p2a: Walking Wake|Hydro Steam|p1a: Slowking
|-damage|p1a: Slowking|25/100 par
|-prepare|p1a: Slowking|Chilly Reception|[premajor]
|move|p1a: Slowking|Chilly Reception|p1a: Slowking
|-weather|Snowscape
|-end|p2a: Walking Wake|Protosynthesis
|
|t:|1779624769
|switch|p1a: Alomomola|Alomomola, F|46/100 par|[from] Chilly Reception
|
|-weather|Snowscape|[upkeep]
|upkeep
|turn|34
|
|t:|1779624774
|-end|p2a: Walking Wake|Protosynthesis|[silent]
|switch|p2a: Raging Bolt|Raging Bolt|60/100
|move|p1a: Alomomola|Flip Turn|p2a: Raging Bolt
|-resisted|p2a: Raging Bolt
|-damage|p2a: Raging Bolt|53/100
|
|t:|1779624779
|switch|p1a: Slowking|Slowking-Galar, M, shiny|58/100 par|[from] Flip Turn
|
|-weather|Snowscape|[upkeep]
|upkeep
|turn|35
|
|t:|1779624785
|-terastallize|p1a: Slowking|Poison
|move|p2a: Raging Bolt|Dragon Pulse|p1a: Slowking
|-damage|p1a: Slowking|19/100 par
|-damage|p2a: Raging Bolt|43/100|[from] item: Life Orb
|cant|p1a: Slowking|par
|
|-weather|Snowscape|[upkeep]
|upkeep
|turn|36
|
|t:|1779624793
|switch|p1a: Alomomola|Alomomola, F|79/100 par
|move|p2a: Raging Bolt|Dragon Pulse|p1a: Alomomola
|-damage|p1a: Alomomola|24/100 par
|-damage|p2a: Raging Bolt|33/100|[from] item: Life Orb
|
|-weather|Snowscape|[upkeep]
|upkeep
|turn|37
|
|t:|1779624802
|switch|p1a: Slowking|Slowking-Galar, M, shiny, tera:Poison|52/100 par
|move|p2a: Raging Bolt|Volt Switch|p1a: Slowking
|-damage|p1a: Slowking|20/100 par
|-damage|p2a: Raging Bolt|23/100|[from] item: Life Orb
|
|t:|1779624808
|-end|p2a: Raging Bolt|Protosynthesis|[silent]
|switch|p2a: Walking Wake|Walking Wake|100/100|[from] Volt Switch
|
|-weather|none
|upkeep
|turn|38
|
|t:|1779624810
|switch|p1a: Alomomola|Alomomola, F|57/100 par
|move|p2a: Walking Wake|Dragon Pulse|p1a: Alomomola
|-damage|p1a: Alomomola|3/100 par
|
|upkeep
|turn|39
|
|t:|1779624815
|switch|p1a: Slowking|Slowking-Galar, M, shiny, tera:Poison|53/100 par
|move|p2a: Walking Wake|Dragon Pulse|p1a: Slowking
|-damage|p1a: Slowking|9/100 par
|
|upkeep
|turn|40
|
|t:|1779624818
|switch|p1a: Alomomola|Alomomola, F|36/100 par
|move|p2a: Walking Wake|Dragon Pulse|p1a: Alomomola
|-damage|p1a: Alomomola|0 fnt
|faint|p1a: Alomomola
|
|upkeep
|
|t:|1779624820
|switch|p1a: Slowking|Slowking-Galar, M, shiny, tera:Poison|42/100 par
|turn|41
|
|t:|1779624821
|move|p2a: Walking Wake|Dragon Pulse|p1a: Slowking
|-damage|p1a: Slowking|0 fnt
|faint|p1a: Slowking
|
|win|suminkwak249
|raw|aceman2798's rating: 1613 &rarr; <strong>1592</strong><br />(-21 for losing)
|raw|suminkwak249's rating: 1602 &rarr; <strong>1623</strong><br />(+21 for winning)
|l|☆aceman2798
|player|p1|
|l|☆suminkwak249
|player|p2|
