|j|☆ROLFI03
|j|☆canolex
|t:|1779556199
|gametype|singles
|player|p1|ROLFI03|266|1135
|player|p2|canolex|2|1123
|gen|9
|tier|[Gen 9] OU
|rated|
|rule|HP Percentage Mod: HP is shown in percentages
|rule|Endless Battle Clause: Forcing endless battles is banned
|rule|Species Clause: Limit one of each Pokémon
|rule|OHKO Clause: OHKO moves are banned
|rule|Evasion Items Clause: Evasion items are banned
|rule|Evasion Moves Clause: Evasion moves are banned
|rule|Evasion Abilities Clause: Evasion abilities are banned
|rule|Sleep Moves Clause: Sleep-inducing moves are banned
|clearpoke
|poke|p1|Regidrago|
|poke|p1|Vikavolt, F|
|poke|p1|Azumarill, M|
|poke|p1|Cinccino, M|
|poke|p1|Iron Hands|
|poke|p1|Hatterene, F|
|poke|p2|Serperior, M|
|poke|p2|Sudowoodo, L1, M|
|poke|p2|Deoxys-Defense|
|poke|p2|Trevenant, F|
|poke|p2|Ninetales-Alola, M|
|poke|p2|Malamar, F|
|teampreview
|
|t:|1779556206
|teamsize|p1|6
|teamsize|p2|6
|start
|switch|p1a: Cinccino|Cinccino, M|100/100
|switch|p2a: Sudowoodo|Sudowoodo, L1, M|100/100
|turn|1
|
|t:|1779556213
|move|p1a: Cinccino|Bullet Seed|p2a: Sudowoodo
|-supereffective|p2a: Sudowoodo
|-ability|p2a: Sudowoodo|Sturdy
|-damage|p2a: Sudowoodo|9/100
|-supereffective|p2a: Sudowoodo
|-damage|p2a: Sudowoodo|0 fnt
|faint|p2a: Sudowoodo
|-hitcount|p2: Sudowoodo|2
|
|upkeep
|
|t:|1779556230
|switch|p2a: Deoxys|Deoxys-Defense|100/100
|-ability|p2a: Deoxys|Pressure
|turn|2
|inactive|Battle timer is ON: inactive players will automatically lose when time's up. (requested by ROLFI03)
|
|t:|1779556238
|switch|p1a: Hatterene|Hatterene, F|100/100
|move|p2a: Deoxys|Cosmic Power|p2a: Deoxys
|-boost|p2a: Deoxys|def|1
|-boost|p2a: Deoxys|spd|1
|
|upkeep
|turn|3
|
|t:|1779556247
|switch|p1a: Azumarill|Azumarill, M|100/100
|move|p2a: Deoxys|Cosmic Power|p2a: Deoxys
|-boost|p2a: Deoxys|def|1
|-boost|p2a: Deoxys|spd|1
|
|upkeep
|turn|4
|
|t:|1779556253
|move|p2a: Deoxys|Cosmic Power|p2a: Deoxys
|-boost|p2a: Deoxys|def|1
|-boost|p2a: Deoxys|spd|1
|move|p1a: Azumarill|Knock Off|p2a: Deoxys
|-supereffective|p2a: Deoxys
|-damage|p2a: Deoxys|62/100
|-enditem|p2a: Deoxys|Leftovers|[from] move: Knock Off|[of] p1a: Azumarill
|
|upkeep
|turn|5
|
|t:|1779556260
|switch|p1a: Vikavolt|Vikavolt, F|100/100
|move|p2a: Deoxys|Cosmic Power|p2a: Deoxys
|-boost|p2a: Deoxys|def|1
|-boost|p2a: Deoxys|spd|1
|
|upkeep
|turn|6
|
|t:|1779556266
|move|p2a: Deoxys|Cosmic Power|p2a: Deoxys
|-boost|p2a: Deoxys|def|1
|-boost|p2a: Deoxys|spd|1
|move|p1a: Vikavolt|Bug Buzz|p2a: Deoxys
|-supereffective|p2a: Deoxys
|-damage|p2a: Deoxys|35/100
|
|upkeep
|turn|7
|
|t:|1779556275
|move|p2a: Deoxys|Cosmic Power|p2a: Deoxys
|-boost|p2a: Deoxys|def|1
|-boost|p2a: Deoxys|spd|1
|move|p1a: Vikavolt|Bug Buzz|p2a: Deoxys
|-supereffective|p2a: Deoxys
|-damage|p2a: Deoxys|10/100
|
|upkeep
|turn|8
|
|t:|1779556281
|move|p2a: Deoxys|Recover|p2a: Deoxys
|-heal|p2a: Deoxys|60/100
|move|p1a: Vikavolt|Bug Buzz|p2a: Deoxys
|-supereffective|p2a: Deoxys
|-damage|p2a: Deoxys|38/100
|
|upkeep
|turn|9
|
|t:|1779556286
|move|p2a: Deoxys|Recover|p2a: Deoxys
|-heal|p2a: Deoxys|88/100
|move|p1a: Vikavolt|Bug Buzz|p2a: Deoxys
|-supereffective|p2a: Deoxys
|-damage|p2a: Deoxys|65/100
|
|upkeep
|turn|10
|
|t:|1779556293
|move|p2a: Deoxys|Stored Power|p1a: Vikavolt
|-damage|p1a: Vikavolt|25/100
|-enditem|p1a: Vikavolt|Red Card|[of] p2a: Deoxys
|drag|p2a: Serperior|Serperior, M|100/100
|move|p1a: Vikavolt|Discharge|p2a: Serperior
|-resisted|p2a: Serperior
|-damage|p2a: Serperior|68/100
|-status|p2a: Serperior|par
|
|upkeep
|turn|11
|
|t:|1779556314
|-terastallize|p2a: Serperior|Poison
|move|p2a: Serperior|Substitute|p2a: Serperior
|-start|p2a: Serperior|Substitute
|-damage|p2a: Serperior|43/100 par
|move|p1a: Vikavolt|Bug Buzz|p2a: Serperior
|-resisted|p2a: Serperior
|-damage|p2a: Serperior|7/100 par
|
|upkeep
|turn|12
|
|t:|1779556324
|cant|p2a: Serperior|par
|move|p1a: Vikavolt|Bug Buzz|p2a: Serperior
|-resisted|p2a: Serperior
|-damage|p2a: Serperior|0 fnt
|faint|p2a: Serperior
|
|upkeep
|
|t:|1779556334
|switch|p2a: Deoxys|Deoxys-Defense|65/100
|-ability|p2a: Deoxys|Pressure
|turn|13
|
|t:|1779556339
|move|p2a: Deoxys|Night Shade|p1a: Vikavolt
|-damage|p1a: Vikavolt|0 fnt
|faint|p1a: Vikavolt
|
|upkeep
|inactive|ROLFI03 has 120 seconds left.
|
|t:|1779556381
|switch|p1a: Azumarill|Azumarill, M|100/100
|turn|14
|
|t:|1779556386
|-terastallize|p1a: Azumarill|Water
|move|p2a: Deoxys|Cosmic Power|p2a: Deoxys
|-boost|p2a: Deoxys|def|1
|-boost|p2a: Deoxys|spd|1
|move|p1a: Azumarill|Liquidation|p2a: Deoxys
|-damage|p2a: Deoxys|10/100
|
|upkeep
|turn|15
|
|t:|1779556400
|move|p2a: Deoxys|Recover|p2a: Deoxys
|-heal|p2a: Deoxys|60/100
|move|p1a: Azumarill|Liquidation|p2a: Deoxys
|-damage|p2a: Deoxys|8/100
|-unboost|p2a: Deoxys|def|1
|
|upkeep
|turn|16
|
|t:|1779556410
|move|p2a: Deoxys|Night Shade|p1a: Azumarill
|-damage|p1a: Azumarill|71/100
|move|p1a: Azumarill|Liquidation|p2a: Deoxys
|-damage|p2a: Deoxys|0 fnt
|faint|p2a: Deoxys
|
|upkeep
|
|t:|1779556419
|switch|p2a: Trevenant|Trevenant, F|100/100
|turn|17
|
|t:|1779556440
|switch|p1a: Regidrago|Regidrago|100/100
|move|p2a: Trevenant|Will-O-Wisp|p1a: Regidrago
|-status|p1a: Regidrago|brn
|
|-damage|p1a: Regidrago|94/100 brn|[from] brn
|upkeep
|turn|18
|
|t:|1779556452
|switch|p1a: Cinccino|Cinccino, M|100/100
|move|p2a: Trevenant|Substitute|p2a: Trevenant
|-start|p2a: Trevenant|Substitute
|-damage|p2a: Trevenant|75/100
|
|upkeep
|turn|19
|
|t:|1779556459
|move|p1a: Cinccino|Triple Axel|p2a: Trevenant
|-supereffective|p2a: Trevenant
|-activate|p2a: Trevenant|move: Substitute|[damage]
|-supereffective|p2a: Trevenant
|-end|p2a: Trevenant|Substitute
|-supereffective|p2a: Trevenant
|-damage|p2a: Trevenant|17/100
|-enditem|p2a: Trevenant|Sitrus Berry|[eat]
|-heal|p2a: Trevenant|42/100|[from] item: Sitrus Berry
|-hitcount|p2a: Trevenant|3
|move|p2a: Trevenant|Will-O-Wisp|p1a: Cinccino
|-status|p1a: Cinccino|brn
|
|-damage|p1a: Cinccino|94/100 brn|[from] brn
|upkeep
|turn|20
|
|t:|1779556472
|move|p2a: Trevenant|Protect|p2a: Trevenant
|-singleturn|p2a: Trevenant|Protect
|move|p1a: Cinccino|Triple Axel|p2a: Trevenant
|-activate|p2a: Trevenant|move: Protect
|
|-damage|p1a: Cinccino|88/100 brn|[from] brn
|upkeep
|turn|21
|
|t:|1779556483
|move|p1a: Cinccino|Triple Axel|p2a: Trevenant
|-supereffective|p2a: Trevenant
|-damage|p2a: Trevenant|32/100
|-supereffective|p2a: Trevenant
|-damage|p2a: Trevenant|11/100
|-supereffective|p2a: Trevenant
|-damage|p2a: Trevenant|0 fnt
|faint|p2a: Trevenant
|-hitcount|p2: Trevenant|3
|
|-damage|p1a: Cinccino|82/100 brn|[from] brn
|upkeep
|c|☆ROLFI03|What a nigh mare
|
|t:|1779556493
|switch|p2a: Ninetales|Ninetales-Alola, M|100/100
|-weather|Snowscape|[from] ability: Snow Warning|[of] p2a: Ninetales
|turn|22
|
|t:|1779556501
|move|p1a: Cinccino|Rock Blast|p2a: Ninetales
|-supereffective|p2a: Ninetales
|-damage|p2a: Ninetales|90/100
|-supereffective|p2a: Ninetales
|-damage|p2a: Ninetales|78/100
|-supereffective|p2a: Ninetales
|-damage|p2a: Ninetales|68/100
|-supereffective|p2a: Ninetales
|-damage|p2a: Ninetales|56/100
|-supereffective|p2a: Ninetales
|-damage|p2a: Ninetales|45/100
|-hitcount|p2a: Ninetales|5
|move|p2a: Ninetales|Aurora Veil|p2a: Ninetales
|-sidestart|p2: canolex|move: Aurora Veil
|
|-weather|Snowscape|[upkeep]
|-damage|p1a: Cinccino|76/100 brn|[from] brn
|upkeep
|turn|23
|
|t:|1779556517
|move|p1a: Cinccino|Rock Blast|p2a: Ninetales
|-supereffective|p2a: Ninetales
|-damage|p2a: Ninetales|40/100
|-supereffective|p2a: Ninetales
|-damage|p2a: Ninetales|35/100
|-supereffective|p2a: Ninetales
|-damage|p2a: Ninetales|30/100
|-supereffective|p2a: Ninetales
|-damage|p2a: Ninetales|24/100
|-supereffective|p2a: Ninetales
|-damage|p2a: Ninetales|19/100
|-hitcount|p2a: Ninetales|5
|move|p2a: Ninetales|Blizzard|p1a: Cinccino
|-damage|p1a: Cinccino|0 fnt
|faint|p1a: Cinccino
|
|-weather|Snowscape|[upkeep]
|upkeep
|
|t:|1779556530
|switch|p1a: Hatterene|Hatterene, F|100/100
|turn|24
|
|t:|1779556536
|move|p2a: Ninetales|Blizzard|p1a: Hatterene
|-damage|p1a: Hatterene|57/100
|move|p1a: Hatterene|Mystical Fire|p2a: Ninetales
|-supereffective|p2a: Ninetales
|-damage|p2a: Ninetales|0 fnt
|faint|p2a: Ninetales
|
|-weather|Snowscape|[upkeep]
|-heal|p1a: Hatterene|63/100|[from] item: Leftovers
|upkeep
|
|t:|1779556544
|switch|p2a: Malamar|Malamar, F|100/100
|turn|25
|
|t:|1779556556
|move|p2a: Malamar|Lunge|p1a: Hatterene
|-damage|p1a: Hatterene|37/100
|-unboost|p1a: Hatterene|atk|1
|move|p1a: Hatterene|Nuzzle|p2a: Malamar
|-damage|p2a: Malamar|99/100
|-status|p2a: Malamar|par
|
|-weather|Snowscape|[upkeep]
|-heal|p2a: Malamar|100/100 par|[from] item: Leftovers
|-heal|p1a: Hatterene|43/100|[from] item: Leftovers
|upkeep
|turn|26
|
|t:|1779556578
|move|p2a: Malamar|Substitute|p2a: Malamar
|-start|p2a: Malamar|Substitute
|-damage|p2a: Malamar|76/100 par
|move|p1a: Hatterene|Dazzling Gleam|p2a: Malamar
|-supereffective|p2a: Malamar
|-end|p2a: Malamar|Substitute
|
|-weather|none
|-heal|p2a: Malamar|82/100 par|[from] item: Leftovers
|-heal|p1a: Hatterene|49/100|[from] item: Leftovers
|upkeep
|turn|27
|
|t:|1779556587
|move|p2a: Malamar|Superpower|p1a: Hatterene
|-resisted|p1a: Hatterene
|-damage|p1a: Hatterene|38/100
|-boost|p2a: Malamar|atk|1
|-boost|p2a: Malamar|def|1
|move|p1a: Hatterene|Dazzling Gleam|p2a: Malamar
|-supereffective|p2a: Malamar
|-damage|p2a: Malamar|21/100 par
|
|-heal|p2a: Malamar|27/100 par|[from] item: Leftovers
|-heal|p1a: Hatterene|44/100|[from] item: Leftovers
|upkeep
|turn|28
|
|t:|1779556599
|move|p2a: Malamar|Lunge|p1a: Hatterene
|-damage|p1a: Hatterene|2/100
|-unboost|p1a: Hatterene|atk|1
|move|p1a: Hatterene|Dazzling Gleam|p2a: Malamar
|-supereffective|p2a: Malamar
|-damage|p2a: Malamar|0 fnt
|faint|p2a: Malamar
|
|win|ROLFI03
|raw|ROLFI03's rating: 1135 &rarr; <strong>1159</strong><br />(+24 for winning)
|raw|canolex's rating: 1123 &rarr; <strong>1099</strong><br />(-24 for losing)
|l|☆ROLFI03
|player|p1|
|l|☆canolex
|player|p2|
