|j|☆YoSoyDelBronx
|j|☆prakshep
|t:|1779613940
|gametype|singles
|player|p1|YoSoyDelBronx|noland|1244
|player|p2|prakshep|nate|1320
|gen|9
|tier|[Gen 9] OU
|rated|
|rule|HP Percentage Mod: HP is shown in percentages
|rule|Endless Battle Clause: Forcing endless battles is banned
|rule|Species Clause: Limit one of each Pokémon
|rule|OHKO Clause: OHKO moves are banned
|rule|Evasion Items Clause: Evasion items are banned
|rule|Evasion Moves Clause: Evasion moves are banned
|rule|Evasion Abilities Clause: Evasion abilities are banned
|rule|Sleep Moves Clause: Sleep-inducing moves are banned
|clearpoke
|poke|p1|Ninetales, M|
|poke|p1|Venusaur, M|
|poke|p1|Blaziken, M|
|poke|p1|Walking Wake|
|poke|p1|Scream Tail|
|poke|p1|Great Tusk|
|poke|p2|Cinderace, M|
|poke|p2|Polteageist-Antique|
|poke|p2|Walking Wake|
|poke|p2|Zamazenta-*|
|poke|p2|Maushold-Four|
|poke|p2|Glimmora, M|
|teampreview
|inactive|Battle timer is ON: inactive players will automatically lose when time's up. (requested by prakshep)
|
|t:|1779613954
|teamsize|p1|6
|teamsize|p2|6
|start
|switch|p1a: Scream Tail|Scream Tail|100/100
|switch|p2a: Cinderace|Cinderace, M, shiny|100/100
|-enditem|p1a: Scream Tail|Booster Energy
|-activate|p1a: Scream Tail|ability: Protosynthesis|[fromitem]
|-start|p1a: Scream Tail|protosynthesisspe
|turn|1
|
|t:|1779613963
|move|p1a: Scream Tail|Calm Mind|p1a: Scream Tail
|-boost|p1a: Scream Tail|spa|1
|-boost|p1a: Scream Tail|spd|1
|move|p2a: Cinderace|Pyro Ball|p1a: Scream Tail
|-damage|p1a: Scream Tail|45/100
|
|upkeep
|turn|2
|
|t:|1779613971
|move|p1a: Scream Tail|Psychic Noise|p2a: Cinderace
|-damage|p2a: Cinderace|46/100
|-start|p2a: Cinderace|move: Heal Block
|move|p2a: Cinderace|Pyro Ball|p1a: Scream Tail
|-damage|p1a: Scream Tail|0 fnt
|faint|p1a: Scream Tail
|-end|p1a: Scream Tail|Protosynthesis|[silent]
|
|upkeep
|
|t:|1779613980
|switch|p1a: Blaziken|Blaziken, M|100/100
|-item|p1a: Blaziken|Air Balloon
|turn|3
|
|t:|1779613983
|move|p2a: Cinderace|High Jump Kick|p1a: Blaziken
|-start|p2a: Cinderace|typechange|Fighting|[from] ability: Libero
|-damage|p1a: Blaziken|0 fnt
|-enditem|p1a: Blaziken|Air Balloon
|faint|p1a: Blaziken
|
|-end|p2a: Cinderace|move: Heal Block
|upkeep
|
|t:|1779613993
|switch|p1a: Ninetales|Ninetales, M|100/100
|-weather|SunnyDay|[from] ability: Drought|[of] p1a: Ninetales
|turn|4
|l|☆prakshep
|inactive|prakshep disconnected and has a minute to reconnect!
|player|p2|
|inactive|prakshep has 30 seconds to reconnect!
|j|☆prakshep
|inactive|prakshep reconnected and has 115 seconds left.
|player|p2|prakshep|nate|
|
|t:|1779614032
|move|p2a: Cinderace|High Jump Kick|p1a: Ninetales
|-damage|p1a: Ninetales|22/100
|move|p1a: Ninetales|Will-O-Wisp|p2a: Cinderace
|-status|p2a: Cinderace|brn
|
|-weather|SunnyDay|[upkeep]
|-damage|p2a: Cinderace|40/100 brn|[from] brn
|upkeep
|turn|5
|inactive|prakshep has 120 seconds left.
|
|t:|1779614040
|switch|p1a: Great Tusk|Great Tusk|100/100
|-activate|p1a: Great Tusk|ability: Protosynthesis
|-start|p1a: Great Tusk|protosynthesisspe
|move|p2a: Cinderace|High Jump Kick|p1a: Great Tusk
|-damage|p1a: Great Tusk|82/100
|-damage|p2a: Cinderace|23/100 brn|[from] item: Rocky Helmet|[of] p1a: Great Tusk
|
|-weather|SunnyDay|[upkeep]
|-damage|p2a: Cinderace|17/100 brn|[from] brn
|upkeep
|turn|6
|
|t:|1779614043
|move|p1a: Great Tusk|Bulk Up|p1a: Great Tusk
|-boost|p1a: Great Tusk|atk|1
|-boost|p1a: Great Tusk|def|1
|move|p2a: Cinderace|High Jump Kick|p1a: Great Tusk
|-damage|p1a: Great Tusk|68/100
|-damage|p2a: Cinderace|1/100 brn|[from] item: Rocky Helmet|[of] p1a: Great Tusk
|
|-weather|SunnyDay|[upkeep]
|-damage|p2a: Cinderace|0 fnt|[from] brn
|faint|p2a: Cinderace
|upkeep
|
|t:|1779614058
|switch|p2a: Walking Wake|Walking Wake|100/100
|-activate|p2a: Walking Wake|ability: Protosynthesis
|-start|p2a: Walking Wake|protosynthesisspa
|turn|7
|
|t:|1779614064
|move|p1a: Great Tusk|Headlong Rush|p2a: Walking Wake
|-damage|p2a: Walking Wake|10/100
|-unboost|p1a: Great Tusk|def|1
|-unboost|p1a: Great Tusk|spd|1
|move|p2a: Walking Wake|Hydro Steam|p1a: Great Tusk
|-supereffective|p1a: Great Tusk
|-damage|p1a: Great Tusk|0 fnt
|faint|p1a: Great Tusk
|-end|p1a: Great Tusk|Protosynthesis|[silent]
|
|-weather|SunnyDay|[upkeep]
|upkeep
|
|t:|1779614068
|switch|p1a: Venusaur|Venusaur, M|100/100
|turn|8
|
|t:|1779614076
|move|p1a: Venusaur|Growth|p1a: Venusaur
|-boost|p1a: Venusaur|atk|2
|-boost|p1a: Venusaur|spa|2
|move|p2a: Walking Wake|Hurricane|p1a: Venusaur|[miss]
|-miss|p2a: Walking Wake|p1a: Venusaur
|
|-weather|SunnyDay|[upkeep]
|upkeep
|turn|9
|
|t:|1779614079
|move|p1a: Venusaur|Giga Drain|p2a: Walking Wake
|-damage|p2a: Walking Wake|0 fnt
|faint|p2a: Walking Wake
|-end|p2a: Walking Wake|Protosynthesis|[silent]
|-damage|p1a: Venusaur|91/100|[from] item: Life Orb
|
|-weather|SunnyDay|[upkeep]
|upkeep
|
|t:|1779614105
|switch|p2a: Zamazenta|Zamazenta, shiny|100/100
|-ability|p2a: Zamazenta|Dauntless Shield|boost
|-boost|p2a: Zamazenta|def|1
|turn|10
|
|t:|1779614118
|-terastallize|p2a: Zamazenta|Steel
|move|p1a: Venusaur|Sludge Bomb|p2a: Zamazenta
|-immune|p2a: Zamazenta
|move|p2a: Zamazenta|Iron Defense|p2a: Zamazenta
|-boost|p2a: Zamazenta|def|2
|
|-weather|SunnyDay|[upkeep]
|upkeep
|turn|11
|
|t:|1779614124
|-terastallize|p1a: Venusaur|Fire
|move|p1a: Venusaur|Weather Ball|p2a: Zamazenta
|-supereffective|p2a: Zamazenta
|-damage|p2a: Zamazenta|0 fnt
|faint|p2a: Zamazenta
|-damage|p1a: Venusaur|81/100|[from] item: Life Orb
|
|-weather|none
|upkeep
|
|t:|1779614130
|switch|p2a: Glimmora|Glimmora, M, shiny|100/100
|turn|12
|
|t:|1779614133
|move|p2a: Glimmora|Meteor Beam||[still]
|-prepare|p2a: Glimmora|Meteor Beam
|-boost|p2a: Glimmora|spa|1
|-enditem|p2a: Glimmora|Power Herb
|-anim|p2a: Glimmora|Meteor Beam|p1a: Venusaur
|-supereffective|p1a: Venusaur
|-damage|p1a: Venusaur|0 fnt
|faint|p1a: Venusaur
|
|upkeep
|
|t:|1779614136
|switch|p1a: Ninetales|Ninetales, M|22/100
|-weather|SunnyDay|[from] ability: Drought|[of] p1a: Ninetales
|turn|13
|inactive|prakshep has 120 seconds left.
|
|t:|1779614169
|move|p1a: Ninetales|Healing Wish|p1a: Ninetales
|faint|p1a: Ninetales
|move|p2a: Glimmora|Rock Polish|p2a: Glimmora
|-boost|p2a: Glimmora|spe|2
|
|-weather|SunnyDay|[upkeep]
|upkeep
|
|t:|1779614171
|switch|p1a: Walking Wake|Walking Wake|100/100
|-activate|p1a: Walking Wake|ability: Protosynthesis
|-start|p1a: Walking Wake|protosynthesisspe
|turn|14
|
|t:|1779614177
|move|p2a: Glimmora|Sludge Wave|p1a: Walking Wake
|-damage|p1a: Walking Wake|19/100
|move|p1a: Walking Wake|Hydro Steam|p2a: Glimmora
|-supereffective|p2a: Glimmora
|-damage|p2a: Glimmora|0 fnt
|faint|p2a: Glimmora
|
|-weather|SunnyDay|[upkeep]
|upkeep
|
|t:|1779614185
|switch|p2a: Polteageist|Polteageist-Antique|100/100
|turn|15
|
|t:|1779614187
|move|p1a: Walking Wake|Hydro Steam|p2a: Polteageist
|-enditem|p2a: Polteageist|Focus Sash
|-damage|p2a: Polteageist|1/100
|move|p2a: Polteageist|Shadow Ball|p1a: Walking Wake
|-damage|p1a: Walking Wake|0 fnt
|faint|p1a: Walking Wake
|-end|p1a: Walking Wake|Protosynthesis|[silent]
|
|win|prakshep
|raw|YoSoyDelBronx's rating: 1244 &rarr; <strong>1224</strong><br />(-20 for losing)
|raw|prakshep's rating: 1320 &rarr; <strong>1336</strong><br />(+16 for winning)
|l|☆prakshep
|player|p2|
|l|☆YoSoyDelBronx
|player|p1|
