|j|☆ilovevoltturn
|j|☆Hihealtfu
|t:|1779596143
|gametype|singles
|player|p1|ilovevoltturn|170|1346
|player|p2|Hihealtfu|2|1309
|gen|9
|tier|[Gen 9] OU
|rated|
|rule|HP Percentage Mod: HP is shown in percentages
|rule|Endless Battle Clause: Forcing endless battles is banned
|rule|Species Clause: Limit one of each Pokémon
|rule|OHKO Clause: OHKO moves are banned
|rule|Evasion Items Clause: Evasion items are banned
|rule|Evasion Moves Clause: Evasion moves are banned
|rule|Evasion Abilities Clause: Evasion abilities are banned
|rule|Sleep Moves Clause: Sleep-inducing moves are banned
|clearpoke
|poke|p1|Pelipper, F|
|poke|p1|Crawdaunt, F|
|poke|p1|Deoxys-Speed|
|poke|p1|Alomomola, M|
|poke|p1|Iron Treads|
|poke|p1|Zapdos|
|poke|p2|Kingambit, F|
|poke|p2|Kommo-o, F|
|poke|p2|Iron Valiant|
|poke|p2|Kyurem|
|poke|p2|Iron Treads|
|poke|p2|Iron Crown|
|teampreview
|inactive|Battle timer is ON: inactive players will automatically lose when time's up. (requested by ilovevoltturn)
|
|t:|1779596152
|teamsize|p1|6
|teamsize|p2|6
|start
|switch|p1a: Pelipper|Pelipper, F|100/100
|switch|p2a: Iron Treads|Iron Treads|100/100
|-weather|RainDance|[from] ability: Drizzle|[of] p1a: Pelipper
|-enditem|p2a: Iron Treads|Booster Energy
|-activate|p2a: Iron Treads|ability: Quark Drive|[fromitem]
|-start|p2a: Iron Treads|quarkdrivespe
|turn|1
|
|t:|1779596171
|move|p2a: Iron Treads|Stealth Rock|p1a: Pelipper
|-sidestart|p1: ilovevoltturn|move: Stealth Rock
|move|p1a: Pelipper|U-turn|p2a: Iron Treads
|-resisted|p2a: Iron Treads
|-damage|p2a: Iron Treads|97/100
|
|t:|1779596178
|switch|p1a: Crawdaunt|Crawdaunt, F|100/100|[from] U-turn
|-damage|p1a: Crawdaunt|88/100|[from] Stealth Rock
|
|-weather|RainDance|[upkeep]
|upkeep
|turn|2
|
|t:|1779596192
|-terastallize|p1a: Crawdaunt|Water
|move|p2a: Iron Treads|Earthquake|p1a: Crawdaunt
|-damage|p1a: Crawdaunt|33/100
|move|p1a: Crawdaunt|Crabhammer|p2a: Iron Treads
|-supereffective|p2a: Iron Treads
|-damage|p2a: Iron Treads|0 fnt
|faint|p2a: Iron Treads
|-end|p2a: Iron Treads|Quark Drive|[silent]
|
|-weather|RainDance|[upkeep]
|upkeep
|
|t:|1779596198
|switch|p2a: Kommo-o|Kommo-o, F|100/100
|turn|3
|
|t:|1779596201
|move|p2a: Kommo-o|Substitute|p2a: Kommo-o
|-start|p2a: Kommo-o|Substitute
|-damage|p2a: Kommo-o|75/100
|move|p1a: Crawdaunt|Crabhammer|p2a: Kommo-o
|-resisted|p2a: Kommo-o
|-end|p2a: Kommo-o|Substitute
|
|-weather|RainDance|[upkeep]
|-heal|p2a: Kommo-o|82/100|[from] item: Leftovers
|upkeep
|turn|4
|
|t:|1779596210
|switch|p1a: Pelipper|Pelipper, F|100/100
|move|p2a: Kommo-o|Clangorous Soul|p2a: Kommo-o
|-boost|p2a: Kommo-o|atk|1
|-boost|p2a: Kommo-o|def|1
|-boost|p2a: Kommo-o|spa|1
|-boost|p2a: Kommo-o|spd|1
|-boost|p2a: Kommo-o|spe|1
|-damage|p2a: Kommo-o|49/100
|
|-weather|RainDance|[upkeep]
|-heal|p2a: Kommo-o|55/100|[from] item: Leftovers
|upkeep
|turn|5
|
|t:|1779596223
|switch|p1a: Iron Treads|Iron Treads|100/100
|-damage|p1a: Iron Treads|97/100|[from] Stealth Rock
|-terastallize|p2a: Kommo-o|Ghost
|move|p2a: Kommo-o|Substitute|p2a: Kommo-o
|-start|p2a: Kommo-o|Substitute
|-damage|p2a: Kommo-o|30/100
|
|-weather|none
|-heal|p2a: Kommo-o|36/100|[from] item: Leftovers
|upkeep
|turn|6
|
|t:|1779596235
|move|p2a: Kommo-o|Drain Punch|p1a: Iron Treads
|-supereffective|p1a: Iron Treads
|-damage|p1a: Iron Treads|30/100
|-heal|p2a: Kommo-o|73/100|[from] drain|[of] p1a: Iron Treads
|move|p1a: Iron Treads|Earthquake|p2a: Kommo-o
|-activate|p2a: Kommo-o|move: Substitute|[damage]
|
|-heal|p2a: Kommo-o|79/100|[from] item: Leftovers
|upkeep
|turn|7
|
|t:|1779596240
|move|p2a: Kommo-o|Clangorous Soul|p2a: Kommo-o
|-boost|p2a: Kommo-o|atk|1
|-boost|p2a: Kommo-o|def|1
|-boost|p2a: Kommo-o|spa|1
|-boost|p2a: Kommo-o|spd|1
|-boost|p2a: Kommo-o|spe|1
|-damage|p2a: Kommo-o|47/100
|move|p1a: Iron Treads|Earthquake|p2a: Kommo-o
|-end|p2a: Kommo-o|Substitute
|
|-heal|p2a: Kommo-o|53/100|[from] item: Leftovers
|upkeep
|turn|8
|
|t:|1779596246
|move|p2a: Kommo-o|Substitute|p2a: Kommo-o
|-start|p2a: Kommo-o|Substitute
|-damage|p2a: Kommo-o|28/100
|move|p1a: Iron Treads|Earthquake|p2a: Kommo-o
|-activate|p2a: Kommo-o|move: Substitute|[damage]
|
|-heal|p2a: Kommo-o|34/100|[from] item: Leftovers
|upkeep
|turn|9
|
|t:|1779596249
|move|p2a: Kommo-o|Clangorous Soul|p2a: Kommo-o
|-boost|p2a: Kommo-o|atk|1
|-boost|p2a: Kommo-o|def|1
|-boost|p2a: Kommo-o|spa|1
|-boost|p2a: Kommo-o|spd|1
|-boost|p2a: Kommo-o|spe|1
|-damage|p2a: Kommo-o|1/100
|move|p1a: Iron Treads|Earthquake|p2a: Kommo-o
|-end|p2a: Kommo-o|Substitute
|
|-heal|p2a: Kommo-o|7/100|[from] item: Leftovers
|upkeep
|turn|10
|
|t:|1779596256
|move|p2a: Kommo-o|Drain Punch|p1a: Iron Treads
|-supereffective|p1a: Iron Treads
|-damage|p1a: Iron Treads|0 fnt
|-heal|p2a: Kommo-o|23/100|[from] drain|[of] p1a: Iron Treads
|faint|p1a: Iron Treads
|-end|p1a: Iron Treads|Quark Drive|[silent]
|
|-heal|p2a: Kommo-o|29/100|[from] item: Leftovers
|upkeep
|
|t:|1779596259
|switch|p1a: Crawdaunt|Crawdaunt, F, tera:Water|33/100
|-damage|p1a: Crawdaunt|21/100|[from] Stealth Rock
|turn|11
|
|t:|1779596262
|move|p1a: Crawdaunt|Aqua Jet|p2a: Kommo-o
|-crit|p2a: Kommo-o
|-damage|p2a: Kommo-o|0 fnt
|faint|p2a: Kommo-o
|
|upkeep
|
|t:|1779596268
|switch|p2a: Kyurem|Kyurem|100/100
|-ability|p2a: Kyurem|Pressure
|turn|12
|
|t:|1779596274
|switch|p1a: Deoxys|Deoxys-Speed|100/100
|-damage|p1a: Deoxys|88/100|[from] Stealth Rock
|-ability|p1a: Deoxys|Pressure
|move|p2a: Kyurem|Dragon Dance|p2a: Kyurem
|-boost|p2a: Kyurem|atk|1
|-boost|p2a: Kyurem|spe|1
|
|upkeep
|turn|13
|
|t:|1779596291
|move|p1a: Deoxys|Psycho Boost|p2a: Kyurem
|-damage|p2a: Kyurem|25/100
|-unboost|p1a: Deoxys|spa|2
|-damage|p1a: Deoxys|78/100|[from] item: Life Orb
|move|p2a: Kyurem|Scale Shot|p1a: Deoxys
|-damage|p1a: Deoxys|48/100
|-damage|p1a: Deoxys|20/100
|-damage|p1a: Deoxys|0 fnt
|faint|p1a: Deoxys
|-hitcount|p1: Deoxys|3
|-unboost|p2a: Kyurem|def|1
|-boost|p2a: Kyurem|spe|1
|
|upkeep
|
|t:|1779596298
|switch|p1a: Crawdaunt|Crawdaunt, F, tera:Water|21/100
|-damage|p1a: Crawdaunt|8/100|[from] Stealth Rock
|turn|14
|
|t:|1779596310
|move|p1a: Crawdaunt|Aqua Jet|p2a: Kyurem
|-resisted|p2a: Kyurem
|-damage|p2a: Kyurem|0 fnt
|faint|p2a: Kyurem
|
|upkeep
|
|t:|1779596314
|switch|p2a: Kingambit|Kingambit, F|100/100
|-activate|p2a: Kingambit|ability: Supreme Overlord
|-start|p2a: Kingambit|fallen3|[silent]
|turn|15
|
|t:|1779596318
|move|p1a: Crawdaunt|Aqua Jet|p2a: Kingambit
|-damage|p2a: Kingambit|65/100
|move|p2a: Kingambit|Swords Dance|p2a: Kingambit
|-boost|p2a: Kingambit|atk|2
|
|-heal|p2a: Kingambit|71/100|[from] item: Leftovers
|upkeep
|turn|16
|
|t:|1779596324
|move|p1a: Crawdaunt|Aqua Jet|p2a: Kingambit
|-damage|p2a: Kingambit|30/100
|move|p2a: Kingambit|Sucker Punch||[still]
|-fail|p2a: Kingambit
|
|-heal|p2a: Kingambit|36/100|[from] item: Leftovers
|upkeep
|turn|17
|
|t:|1779596340
|-end|p2a: Kingambit|fallen3|[silent]
|switch|p2a: Iron Crown|Iron Crown|100/100
|-enditem|p2a: Iron Crown|Booster Energy
|-activate|p2a: Iron Crown|ability: Quark Drive|[fromitem]
|-start|p2a: Iron Crown|quarkdrivespe
|move|p1a: Crawdaunt|Aqua Jet|p2a: Iron Crown
|-damage|p2a: Iron Crown|59/100
|
|upkeep
|turn|18
|
|t:|1779596346
|move|p1a: Crawdaunt|Aqua Jet|p2a: Iron Crown
|-damage|p2a: Iron Crown|18/100
|move|p2a: Iron Crown|Psychic Noise|p1a: Crawdaunt
|-damage|p1a: Crawdaunt|0 fnt
|faint|p1a: Crawdaunt
|
|upkeep
|
|t:|1779596357
|switch|p1a: Pelipper|Pelipper, F|100/100
|-weather|RainDance|[from] ability: Drizzle|[of] p1a: Pelipper
|turn|19
|
|t:|1779596360
|move|p2a: Iron Crown|Psychic Noise|p1a: Pelipper
|-damage|p1a: Pelipper|52/100
|-start|p1a: Pelipper|move: Heal Block
|move|p1a: Pelipper|Weather Ball|p2a: Iron Crown
|-damage|p2a: Iron Crown|0 fnt
|faint|p2a: Iron Crown
|-end|p2a: Iron Crown|Quark Drive|[silent]
|
|-weather|RainDance|[upkeep]
|upkeep
|
|t:|1779596366
|switch|p2a: Iron Valiant|Iron Valiant|100/100
|-enditem|p2a: Iron Valiant|Booster Energy
|-activate|p2a: Iron Valiant|ability: Quark Drive|[fromitem]
|-start|p2a: Iron Valiant|quarkdrivespe
|turn|20
|
|t:|1779596372
|switch|p1a: Alomomola|Alomomola, M|100/100
|move|p2a: Iron Valiant|Calm Mind|p2a: Iron Valiant
|-boost|p2a: Iron Valiant|spa|1
|-boost|p2a: Iron Valiant|spd|1
|
|-weather|RainDance|[upkeep]
|upkeep
|turn|21
|
|t:|1779596378
|move|p2a: Iron Valiant|Calm Mind|p2a: Iron Valiant
|-boost|p2a: Iron Valiant|spa|1
|-boost|p2a: Iron Valiant|spd|1
|move|p1a: Alomomola|Flip Turn|p2a: Iron Valiant
|-damage|p2a: Iron Valiant|71/100
|
|t:|1779596381
|switch|p1a: Zapdos|Zapdos|100/100|[from] Flip Turn
|
|-weather|RainDance|[upkeep]
|upkeep
|turn|22
|
|t:|1779596383
|move|p2a: Iron Valiant|Moonblast|p1a: Zapdos
|-crit|p1a: Zapdos
|-damage|p1a: Zapdos|0 fnt
|faint|p1a: Zapdos
|
|-weather|RainDance|[upkeep]
|upkeep
|-message|ilovevoltturn forfeited.
|
|win|Hihealtfu
|raw|ilovevoltturn's rating: 1346 &rarr; <strong>1324</strong><br />(-22 for losing)
|raw|Hihealtfu's rating: 1309 &rarr; <strong>1331</strong><br />(+22 for winning)
|l|☆ilovevoltturn
|player|p1|
|l|☆Hihealtfu
|player|p2|
