|j|☆diav
|j|☆IAmNotAmanda
|t:|1779560087
|gametype|singles
|player|p1|diav|kimonogirl|1501
|player|p2|IAmNotAmanda|iris-gen5bw2|1524
|gen|9
|tier|[Gen 9] OU
|rated|
|rule|HP Percentage Mod: HP is shown in percentages
|rule|Endless Battle Clause: Forcing endless battles is banned
|rule|Species Clause: Limit one of each Pokémon
|rule|OHKO Clause: OHKO moves are banned
|rule|Evasion Items Clause: Evasion items are banned
|rule|Evasion Moves Clause: Evasion moves are banned
|rule|Evasion Abilities Clause: Evasion abilities are banned
|rule|Sleep Moves Clause: Sleep-inducing moves are banned
|clearpoke
|poke|p1|Sableye, F|
|poke|p1|Iron Crown|
|poke|p1|Cinderace, M|
|poke|p1|Primarina, F|
|poke|p1|Landorus-Therian, M|
|poke|p1|Dragapult, M|
|poke|p2|Torkoal, M|
|poke|p2|Iron Valiant|
|poke|p2|Walking Wake|
|poke|p2|Venusaur, F|
|poke|p2|Lilligant-Hisui, F|
|poke|p2|Great Tusk|
|teampreview
|inactive|Battle timer is ON: inactive players will automatically lose when time's up. (requested by IAmNotAmanda)
|inactive|diav also wants the timer to be on.
|
|t:|1779560092
|teamsize|p1|6
|teamsize|p2|6
|start
|switch|p1a: Dragapult|Dragapult, M|100/100
|switch|p2a: Torkoal|Torkoal, M|100/100
|-weather|SunnyDay|[from] ability: Drought|[of] p2a: Torkoal
|turn|1
|j| BiscoitoXDBr
|
|t:|1779560099
|move|p1a: Dragapult|Shadow Ball|p2a: Torkoal
|-damage|p2a: Torkoal|29/100
|move|p2a: Torkoal|Will-O-Wisp|p1a: Dragapult
|-status|p1a: Dragapult|brn
|
|-weather|SunnyDay|[upkeep]
|-damage|p1a: Dragapult|95/100 brn|[from] brn
|upkeep
|turn|2
|
|t:|1779560110
|switch|p2a: Walking Wake|Walking Wake|100/100
|-activate|p2a: Walking Wake|ability: Protosynthesis
|-start|p2a: Walking Wake|protosynthesisspe
|move|p1a: Dragapult|Shadow Ball|p2a: Walking Wake
|-damage|p2a: Walking Wake|45/100
|
|-weather|SunnyDay|[upkeep]
|-damage|p1a: Dragapult|89/100 brn|[from] brn
|upkeep
|turn|3
|j| Kyurem
|
|t:|1779560121
|switch|p1a: Primarina|Primarina, F|100/100
|move|p2a: Walking Wake|Dragon Pulse|p1a: Primarina
|-immune|p1a: Primarina
|
|-weather|SunnyDay|[upkeep]
|upkeep
|turn|4
|
|t:|1779560128
|-end|p2a: Walking Wake|Protosynthesis|[silent]
|switch|p2a: Venusaur|Venusaur, F|100/100
|move|p1a: Primarina|Flip Turn|p2a: Venusaur
|-resisted|p2a: Venusaur
|-damage|p2a: Venusaur|96/100
|
|t:|1779560135
|switch|p1a: Sableye|Sableye, F|100/100|[from] Flip Turn
|
|-weather|SunnyDay|[upkeep]
|upkeep
|turn|5
|
|t:|1779560140
|move|p1a: Sableye|Thunder Wave|p2a: Venusaur
|-status|p2a: Venusaur|par
|move|p2a: Venusaur|Giga Drain|p1a: Sableye
|-damage|p1a: Sableye|56/100
|-heal|p2a: Venusaur|100/100 par|[from] drain|[of] p1a: Sableye
|-damage|p2a: Venusaur|91/100 par|[from] item: Life Orb
|
|-weather|SunnyDay|[upkeep]
|upkeep
|turn|6
|
|t:|1779560151
|switch|p1a: Cinderace|Cinderace, M|100/100
|move|p2a: Venusaur|Sludge Bomb|p1a: Cinderace
|-damage|p1a: Cinderace|38/100
|-damage|p2a: Venusaur|81/100 par|[from] item: Life Orb
|
|-weather|SunnyDay|[upkeep]
|upkeep
|turn|7
|
|t:|1779560159
|move|p1a: Cinderace|Pyro Ball|p2a: Venusaur
|-supereffective|p2a: Venusaur
|-damage|p2a: Venusaur|0 fnt
|faint|p2a: Venusaur
|
|-weather|SunnyDay|[upkeep]
|upkeep
|
|t:|1779560162
|switch|p2a: Walking Wake|Walking Wake|45/100
|-activate|p2a: Walking Wake|ability: Protosynthesis
|-start|p2a: Walking Wake|protosynthesisspe
|turn|8
|
|t:|1779560164
|switch|p1a: Primarina|Primarina, F|100/100
|move|p2a: Walking Wake|Hydro Steam|p1a: Primarina
|-resisted|p1a: Primarina
|-damage|p1a: Primarina|79/100
|-damage|p2a: Walking Wake|35/100|[from] item: Life Orb
|
|-weather|none
|-end|p2a: Walking Wake|Protosynthesis
|upkeep
|turn|9
|
|t:|1779560173
|move|p2a: Walking Wake|Hydro Steam|p1a: Primarina
|-resisted|p1a: Primarina
|-damage|p1a: Primarina|65/100
|-damage|p2a: Walking Wake|25/100|[from] item: Life Orb
|move|p1a: Primarina|Surf|p2a: Walking Wake
|-resisted|p2a: Walking Wake
|-damage|p2a: Walking Wake|13/100
|
|upkeep
|turn|10
|
|t:|1779560180
|move|p2a: Walking Wake|Hydro Steam|p1a: Primarina
|-resisted|p1a: Primarina
|-damage|p1a: Primarina|50/100
|-damage|p2a: Walking Wake|3/100|[from] item: Life Orb
|move|p1a: Primarina|Surf|p2a: Walking Wake
|-resisted|p2a: Walking Wake
|-damage|p2a: Walking Wake|0 fnt
|faint|p2a: Walking Wake
|-end|p2a: Walking Wake|Protosynthesis|[silent]
|
|upkeep
|
|t:|1779560187
|switch|p2a: Lilligant|Lilligant-Hisui, F|100/100
|turn|11
|
|t:|1779560192
|switch|p2a: Torkoal|Torkoal, M|29/100
|-weather|SunnyDay|[from] ability: Drought|[of] p2a: Torkoal
|switch|p1a: Sableye|Sableye, F|56/100
|
|-weather|SunnyDay|[upkeep]
|upkeep
|turn|12
|
|t:|1779560200
|switch|p1a: Cinderace|Cinderace, M|38/100
|move|p2a: Torkoal|Overheat|p1a: Cinderace
|-resisted|p1a: Cinderace
|-damage|p1a: Cinderace|0 fnt
|-unboost|p2a: Torkoal|spa|2
|faint|p1a: Cinderace
|
|-weather|SunnyDay|[upkeep]
|upkeep
|
|t:|1779560203
|switch|p1a: Dragapult|Dragapult, M|89/100 brn
|turn|13
|
|t:|1779560213
|switch|p2a: Great Tusk|Great Tusk|100/100
|-activate|p2a: Great Tusk|ability: Protosynthesis
|-start|p2a: Great Tusk|protosynthesisspe
|move|p1a: Dragapult|Shadow Ball|p2a: Great Tusk
|-damage|p2a: Great Tusk|27/100
|
|-weather|SunnyDay|[upkeep]
|-damage|p1a: Dragapult|83/100 brn|[from] brn
|upkeep
|turn|14
|
|t:|1779560217
|move|p2a: Great Tusk|Ice Spinner|p1a: Dragapult
|-supereffective|p1a: Dragapult
|-damage|p1a: Dragapult|16/100 brn
|move|p1a: Dragapult|Shadow Ball|p2a: Great Tusk
|-damage|p2a: Great Tusk|0 fnt
|faint|p2a: Great Tusk
|-end|p2a: Great Tusk|Protosynthesis|[silent]
|
|-weather|SunnyDay|[upkeep]
|-damage|p1a: Dragapult|10/100 brn|[from] brn
|upkeep
|
|t:|1779560228
|switch|p2a: Lilligant|Lilligant-Hisui, F|100/100
|turn|15
|
|t:|1779560233
|move|p2a: Lilligant|Triple Axel|p1a: Dragapult
|-supereffective|p1a: Dragapult
|-damage|p1a: Dragapult|0 fnt
|faint|p1a: Dragapult
|-hitcount|p1: Dragapult|1
|
|-weather|SunnyDay|[upkeep]
|upkeep
|
|t:|1779560236
|switch|p1a: Sableye|Sableye, F|56/100
|turn|16
|
|t:|1779560242
|move|p1a: Sableye|Will-O-Wisp|p2a: Lilligant
|-status|p2a: Lilligant|brn
|move|p2a: Lilligant|Solar Blade||[still]
|-prepare|p2a: Lilligant|Solar Blade
|-anim|p2a: Lilligant|Solar Blade|p1a: Sableye
|-damage|p1a: Sableye|15/100
|
|-weather|SunnyDay|[upkeep]
|-damage|p2a: Lilligant|94/100 brn|[from] brn
|upkeep
|turn|17
|
|t:|1779560253
|move|p1a: Sableye|Encore|p2a: Lilligant
|-start|p2a: Lilligant|Encore
|move|p2a: Lilligant|Solar Blade||[still]
|-prepare|p2a: Lilligant|Solar Blade
|-anim|p2a: Lilligant|Solar Blade|p1a: Sableye
|-damage|p1a: Sableye|0 fnt
|faint|p1a: Sableye
|
|-weather|SunnyDay|[upkeep]
|-damage|p2a: Lilligant|88/100 brn|[from] brn
|upkeep
|
|t:|1779560260
|switch|p1a: Landorus|Landorus-Therian, M|100/100
|-ability|p1a: Landorus|Intimidate|boost
|-unboost|p2a: Lilligant|atk|1
|turn|18
|
|t:|1779560267
|switch|p1a: Iron Crown|Iron Crown|100/100
|move|p2a: Lilligant|Solar Blade||[still]
|-prepare|p2a: Lilligant|Solar Blade
|-anim|p2a: Lilligant|Solar Blade|p1a: Iron Crown
|-resisted|p1a: Iron Crown
|-damage|p1a: Iron Crown|90/100
|
|-weather|none
|-damage|p2a: Lilligant|82/100 brn|[from] brn
|upkeep
|turn|19
|
|t:|1779560271
|switch|p2a: Torkoal|Torkoal, M|29/100
|-weather|SunnyDay|[from] ability: Drought|[of] p2a: Torkoal
|move|p1a: Iron Crown|Future Sight|p2a: Torkoal
|-start|p1a: Iron Crown|move: Future Sight
|
|-weather|SunnyDay|[upkeep]
|upkeep
|turn|20
|
|t:|1779560274
|move|p1a: Iron Crown|Tachyon Cutter|p2a: Torkoal
|-resisted|p2a: Torkoal
|-damage|p2a: Torkoal|13/100
|-resisted|p2a: Torkoal
|-damage|p2a: Torkoal|0 fnt
|faint|p2a: Torkoal
|-hitcount|p2: Torkoal|2
|
|-weather|SunnyDay|[upkeep]
|upkeep
|
|t:|1779560279
|switch|p2a: Lilligant|Lilligant-Hisui, F|82/100 brn
|turn|21
|
|t:|1779560281
|-end|p1a: Iron Crown|Quark Drive|[silent]
|switch|p1a: Landorus|Landorus-Therian, M|100/100
|-ability|p1a: Landorus|Intimidate|boost
|-unboost|p2a: Lilligant|atk|1
|move|p2a: Lilligant|Close Combat|p1a: Landorus
|-resisted|p1a: Landorus
|-damage|p1a: Landorus|94/100
|-unboost|p2a: Lilligant|def|1
|-unboost|p2a: Lilligant|spd|1
|
|-weather|SunnyDay|[upkeep]
|-end|p2a: Lilligant|move: Future Sight
|-supereffective|p2a: Lilligant
|-damage|p2a: Lilligant|0 fnt
|faint|p2a: Lilligant
|upkeep
|
|t:|1779560284
|switch|p2a: Iron Valiant|Iron Valiant|100/100
|-enditem|p2a: Iron Valiant|Booster Energy
|-activate|p2a: Iron Valiant|ability: Quark Drive|[fromitem]
|-start|p2a: Iron Valiant|quarkdrivespe
|turn|22
|
|t:|1779560289
|move|p2a: Iron Valiant|Swords Dance|p2a: Iron Valiant
|-boost|p2a: Iron Valiant|atk|2
|move|p1a: Landorus|Earth Power|p2a: Iron Valiant
|-damage|p2a: Iron Valiant|47/100
|
|-weather|SunnyDay|[upkeep]
|upkeep
|turn|23
|
|t:|1779560296
|move|p2a: Iron Valiant|Spirit Break|p1a: Landorus
|-damage|p1a: Landorus|40/100
|-unboost|p1a: Landorus|spa|1
|move|p1a: Landorus|Earth Power|p2a: Iron Valiant
|-damage|p2a: Iron Valiant|11/100
|
|-weather|SunnyDay|[upkeep]
|upkeep
|turn|24
|
|t:|1779560303
|move|p2a: Iron Valiant|Spirit Break|p1a: Landorus
|-damage|p1a: Landorus|0 fnt
|faint|p1a: Landorus
|
|-weather|SunnyDay|[upkeep]
|upkeep
|
|t:|1779560305
|switch|p1a: Iron Crown|Iron Crown|90/100
|turn|25
|
|t:|1779560312
|-terastallize|p2a: Iron Valiant|Ghost
|-terastallize|p1a: Iron Crown|Fighting
|move|p2a: Iron Valiant|Shadow Claw|p1a: Iron Crown
|-damage|p1a: Iron Crown|18/100
|move|p1a: Iron Crown|Tachyon Cutter|p2a: Iron Valiant
|-damage|p2a: Iron Valiant|0 fnt
|faint|p2a: Iron Valiant
|-end|p2a: Iron Valiant|Quark Drive|[silent]
|-hitcount|p2: Iron Valiant|1
|
|win|diav
|raw|diav's rating: 1501 &rarr; <strong>1522</strong><br />(+21 for winning)
|raw|IAmNotAmanda's rating: 1524 &rarr; <strong>1503</strong><br />(-21 for losing)
|l|☆IAmNotAmanda
|player|p2|
|l|☆diav
|player|p1|
|l| Kyurem
|l| BiscoitoXDBr
