|j|☆Killar14
|j|☆Literally Trish
|t:|1779641586
|gametype|singles
|player|p1|Killar14|riley|1000
|player|p2|Literally Trish|bianca|1000
|gen|9
|tier|[Gen 9] OU
|rated|
|rule|HP Percentage Mod: HP is shown in percentages
|rule|Endless Battle Clause: Forcing endless battles is banned
|rule|Species Clause: Limit one of each Pokémon
|rule|OHKO Clause: OHKO moves are banned
|rule|Evasion Items Clause: Evasion items are banned
|rule|Evasion Moves Clause: Evasion moves are banned
|rule|Evasion Abilities Clause: Evasion abilities are banned
|rule|Sleep Moves Clause: Sleep-inducing moves are banned
|clearpoke
|poke|p1|Regieleki|
|poke|p1|Moltres|
|poke|p1|Great Tusk|
|poke|p1|Corviknight, F|
|poke|p1|Gastrodon, M|
|poke|p1|Dragapult, F|
|poke|p2|Iron Valiant|
|poke|p2|Fezandipiti, M|
|poke|p2|Empoleon, M|
|poke|p2|Infernape, M|
|poke|p2|Bronzong|
|poke|p2|Rotom-Fan|
|teampreview
|inactive|Battle timer is ON: inactive players will automatically lose when time's up. (requested by Literally Trish)
|
|t:|1779641602
|teamsize|p1|6
|teamsize|p2|6
|start
|switch|p1a: Moltres|Moltres|100/100
|switch|p2a: Abbacchio|Bronzong|100/100
|turn|1
|
|t:|1779641614
|move|p1a: Moltres|Overheat|p2a: Abbacchio
|-supereffective|p2a: Abbacchio
|-damage|p2a: Abbacchio|4/100
|-unboost|p1a: Moltres|spa|2
|move|p2a: Abbacchio|Stealth Rock|p1a: Moltres
|-sidestart|p1: Killar14|move: Stealth Rock
|
|-heal|p2a: Abbacchio|10/100|[from] item: Leftovers
|upkeep
|turn|2
|
|t:|1779641627
|move|p2a: Abbacchio|Protect|p2a: Abbacchio
|-singleturn|p2a: Abbacchio|Protect
|move|p1a: Moltres|U-turn|p2a: Abbacchio
|-activate|p2a: Abbacchio|move: Protect
|
|-heal|p2a: Abbacchio|16/100|[from] item: Leftovers
|upkeep
|turn|3
|
|t:|1779641649
|switch|p2a: Narancia|Rotom-Fan|100/100
|move|p1a: Moltres|U-turn|p2a: Narancia
|-resisted|p2a: Narancia
|-damage|p2a: Narancia|91/100
|
|t:|1779641659
|switch|p1a: Gastrodon|Gastrodon, M|100/100|[from] U-turn
|-damage|p1a: Gastrodon|94/100|[from] Stealth Rock
|
|-heal|p1a: Gastrodon|100/100|[from] item: Leftovers
|upkeep
|turn|4
|
|t:|1779641681
|move|p2a: Narancia|Air Slash|p1a: Gastrodon
|-crit|p1a: Gastrodon
|-damage|p1a: Gastrodon|61/100
|move|p1a: Gastrodon|Ice Beam|p2a: Narancia
|-supereffective|p2a: Narancia
|-damage|p2a: Narancia|40/100
|
|-heal|p1a: Gastrodon|67/100|[from] item: Leftovers
|upkeep
|turn|5
|inactive|Literally Trish has 120 seconds left.
|
|t:|1779641703
|switch|p2a: Bucciarati|Empoleon, M, shiny|100/100
|move|p1a: Gastrodon|Ice Beam|p2a: Bucciarati
|-resisted|p2a: Bucciarati
|-damage|p2a: Bucciarati|96/100
|
|-heal|p2a: Bucciarati|100/100|[from] item: Leftovers
|-heal|p1a: Gastrodon|73/100|[from] item: Leftovers
|upkeep
|turn|6
|inactive|Literally Trish has 120 seconds left.
|
|t:|1779641725
|switch|p1a: Regieleki|Regieleki|100/100
|-damage|p1a: Regieleki|88/100|[from] Stealth Rock
|move|p2a: Bucciarati|Ice Beam|p1a: Regieleki
|-damage|p1a: Regieleki|47/100
|
|upkeep
|turn|7
|inactive|Literally Trish has 120 seconds left.
|
|t:|1779641751
|move|p1a: Regieleki|Thunderbolt|p2a: Bucciarati
|-supereffective|p2a: Bucciarati
|-damage|p2a: Bucciarati|0 fnt
|faint|p2a: Bucciarati
|-damage|p1a: Regieleki|37/100|[from] item: Life Orb
|
|upkeep
|
|t:|1779641759
|switch|p2a: MISTA MISTA|Infernape, M, shiny|100/100
|turn|8
|
|t:|1779641771
|move|p2a: MISTA MISTA|Vacuum Wave|p1a: Regieleki
|-damage|p1a: Regieleki|1/100
|move|p1a: Regieleki|Volt Switch|p2a: MISTA MISTA
|-damage|p2a: MISTA MISTA|12/100
|-damage|p1a: Regieleki|0 fnt|[from] item: Life Orb
|faint|p1a: Regieleki
|
|upkeep
|
|t:|1779641783
|switch|p1a: Dragapult|Dragapult, F|100/100
|-damage|p1a: Dragapult|88/100|[from] Stealth Rock
|turn|9
|inactive|Literally Trish has 120 seconds left.
|
|t:|1779641788
|move|p2a: MISTA MISTA|Overheat|p1a: Dragapult
|-resisted|p1a: Dragapult
|-damage|p1a: Dragapult|22/100
|-unboost|p2a: MISTA MISTA|spa|2
|move|p1a: Dragapult|Dragon Tail|p2a: MISTA MISTA
|-damage|p2a: MISTA MISTA|0 fnt
|faint|p2a: MISTA MISTA
|
|upkeep
|inactive|Literally Trish has 120 seconds left.
|
|t:|1779641806
|switch|p2a: Giorno|Iron Valiant|100/100
|-enditem|p2a: Giorno|Booster Energy
|-activate|p2a: Giorno|ability: Quark Drive|[fromitem]
|-start|p2a: Giorno|quarkdrivespe
|turn|10
|
|t:|1779641818
|switch|p1a: Great Tusk|Great Tusk|100/100
|move|p2a: Giorno|Knock Off|p1a: Great Tusk
|-resisted|p1a: Great Tusk
|-damage|p1a: Great Tusk|92/100
|-enditem|p1a: Great Tusk|Heavy-Duty Boots|[from] move: Knock Off|[of] p2a: Giorno
|
|upkeep
|turn|11
|
|t:|1779641824
|move|p2a: Giorno|Moonblast|p1a: Great Tusk
|-supereffective|p1a: Great Tusk
|-damage|p1a: Great Tusk|0 fnt
|faint|p1a: Great Tusk
|-end|p1a: Great Tusk|Protosynthesis|[silent]
|
|upkeep
|
|t:|1779641830
|switch|p1a: Moltres|Moltres|100/100
|turn|12
|
|t:|1779641850
|move|p2a: Giorno|Knock Off|p1a: Moltres
|-damage|p1a: Moltres|62/100
|-enditem|p1a: Moltres|Heavy-Duty Boots|[from] move: Knock Off|[of] p2a: Giorno
|move|p1a: Moltres|Overheat|p2a: Giorno|[miss]
|-miss|p1a: Moltres|p2a: Giorno
|
|upkeep
|turn|13
|
|t:|1779641862
|move|p2a: Giorno|Knock Off|p1a: Moltres
|-damage|p1a: Moltres|37/100
|move|p1a: Moltres|Overheat|p2a: Giorno
|-damage|p2a: Giorno|0 fnt
|-unboost|p1a: Moltres|spa|2
|faint|p2a: Giorno
|-end|p2a: Giorno|Quark Drive|[silent]
|
|upkeep
|
|t:|1779641870
|switch|p2a: Fugo|Fezandipiti, M|100/100
|turn|14
|
|t:|1779641877
|move|p1a: Moltres|Overheat|p2a: Fugo
|-damage|p2a: Fugo|74/100
|-unboost|p1a: Moltres|spa|2
|move|p2a: Fugo|Beat Up|p1a: Moltres
|-damage|p1a: Moltres|32/100
|-damage|p1a: Moltres|27/100
|-status|p1a: Moltres|tox|[from] ability: Toxic Chain|[of] p2a: Fugo
|-damage|p1a: Moltres|22/100 tox
|-hitcount|p1a: Moltres|3
|
|-damage|p1a: Moltres|16/100 tox|[from] psn
|upkeep
|turn|15
|
|t:|1779641888
|move|p1a: Moltres|U-turn|p2a: Fugo
|-resisted|p2a: Fugo
|-damage|p2a: Fugo|70/100
|
|t:|1779641892
|switch|p1a: Corviknight|Corviknight, F, shiny|100/100|[from] U-turn
|-damage|p1a: Corviknight|88/100|[from] Stealth Rock
|move|p2a: Fugo|Roost|p2a: Fugo
|-heal|p2a: Fugo|100/100
|-singleturn|p2a: Fugo|move: Roost
|
|-heal|p1a: Corviknight|94/100|[from] item: Leftovers
|upkeep
|turn|16
|
|t:|1779641909
|move|p2a: Fugo|U-turn|p1a: Corviknight
|-resisted|p1a: Corviknight
|-damage|p1a: Corviknight|91/100
|
|t:|1779641910
|switch|p2a: Narancia|Rotom-Fan|40/100|[from] U-turn
|move|p1a: Corviknight|Bulk Up|p1a: Corviknight
|-boost|p1a: Corviknight|atk|1
|-boost|p1a: Corviknight|def|1
|
|-heal|p1a: Corviknight|97/100|[from] item: Leftovers
|upkeep
|turn|17
|
|t:|1779641920
|move|p2a: Narancia|Thunderbolt|p1a: Corviknight
|-supereffective|p1a: Corviknight
|-damage|p1a: Corviknight|22/100
|move|p1a: Corviknight|Brave Bird|p2a: Narancia
|-resisted|p2a: Narancia
|-damage|p2a: Narancia|5/100
|-damage|p1a: Corviknight|14/100|[from] Recoil
|
|-heal|p1a: Corviknight|20/100|[from] item: Leftovers
|upkeep
|turn|18
|
|t:|1779641930
|move|p2a: Narancia|Thunderbolt|p1a: Corviknight
|-supereffective|p1a: Corviknight
|-damage|p1a: Corviknight|0 fnt
|faint|p1a: Corviknight
|
|upkeep
|
|t:|1779641935
|switch|p1a: Dragapult|Dragapult, F|22/100
|-damage|p1a: Dragapult|10/100|[from] Stealth Rock
|turn|19
|
|t:|1779641948
|move|p1a: Dragapult|Thunderbolt|p2a: Narancia
|-damage|p2a: Narancia|0 fnt
|faint|p2a: Narancia
|
|upkeep
|
|t:|1779641954
|switch|p2a: Abbacchio|Bronzong|16/100
|turn|20
|
|t:|1779641959
|-terastallize|p2a: Abbacchio|Fighting
|move|p1a: Dragapult|Thunderbolt|p2a: Abbacchio
|-damage|p2a: Abbacchio|0 fnt
|faint|p2a: Abbacchio
|
|upkeep
|
|t:|1779641963
|switch|p2a: Fugo|Fezandipiti, M|100/100
|turn|21
|
|t:|1779641973
|move|p1a: Dragapult|Thunderbolt|p2a: Fugo
|-damage|p2a: Fugo|83/100
|move|p2a: Fugo|Moonblast|p1a: Dragapult
|-supereffective|p1a: Dragapult
|-damage|p1a: Dragapult|0 fnt
|faint|p1a: Dragapult
|
|upkeep
|inactive|Killar14 has 120 seconds left.
|inactive|Killar14 has 90 seconds left.
|
|t:|1779642028
|switch|p1a: Moltres|Moltres|16/100 tox
|-damage|p1a: Moltres|0 fnt|[from] Stealth Rock
|faint|p1a: Moltres
|
|t:|1779642032
|switch|p1a: Gastrodon|Gastrodon, M|73/100
|-damage|p1a: Gastrodon|67/100|[from] Stealth Rock
|turn|22
|
|t:|1779642043
|move|p2a: Fugo|Beat Up|p1a: Gastrodon
|-damage|p1a: Gastrodon|62/100
|-hitcount|p1a: Gastrodon|1
|move|p1a: Gastrodon|Earth Power|p2a: Fugo
|-supereffective|p2a: Fugo
|-damage|p2a: Fugo|42/100
|
|-heal|p1a: Gastrodon|68/100|[from] item: Leftovers
|upkeep
|turn|23
|
|t:|1779642050
|move|p2a: Fugo|Roost|p2a: Fugo
|-heal|p2a: Fugo|92/100
|-singleturn|p2a: Fugo|move: Roost
|move|p1a: Gastrodon|Earth Power|p2a: Fugo
|-supereffective|p2a: Fugo
|-damage|p2a: Fugo|46/100
|
|-heal|p1a: Gastrodon|74/100|[from] item: Leftovers
|upkeep
|turn|24
|
|t:|1779642058
|move|p2a: Fugo|Roost|p2a: Fugo
|-heal|p2a: Fugo|96/100
|-singleturn|p2a: Fugo|move: Roost
|move|p1a: Gastrodon|Earth Power|p2a: Fugo
|-supereffective|p2a: Fugo
|-damage|p2a: Fugo|52/100
|
|-heal|p1a: Gastrodon|81/100|[from] item: Leftovers
|upkeep
|turn|25
|
|t:|1779642066
|move|p2a: Fugo|Beat Up|p1a: Gastrodon
|-damage|p1a: Gastrodon|75/100
|-status|p1a: Gastrodon|tox|[from] ability: Toxic Chain|[of] p2a: Fugo
|-hitcount|p1a: Gastrodon|1
|move|p1a: Gastrodon|Earth Power|p2a: Fugo
|-supereffective|p2a: Fugo
|-damage|p2a: Fugo|12/100
|
|-heal|p1a: Gastrodon|81/100 tox|[from] item: Leftovers
|-damage|p1a: Gastrodon|75/100 tox|[from] psn
|upkeep
|turn|26
|
|t:|1779642077
|move|p2a: Fugo|Roost|p2a: Fugo
|-heal|p2a: Fugo|62/100
|-singleturn|p2a: Fugo|move: Roost
|move|p1a: Gastrodon|Earth Power|p2a: Fugo
|-supereffective|p2a: Fugo
|-damage|p2a: Fugo|16/100
|
|-heal|p1a: Gastrodon|81/100 tox|[from] item: Leftovers
|-damage|p1a: Gastrodon|69/100 tox|[from] psn
|upkeep
|turn|27
|
|t:|1779642086
|move|p2a: Fugo|Roost|p2a: Fugo
|-heal|p2a: Fugo|66/100
|-singleturn|p2a: Fugo|move: Roost
|move|p1a: Gastrodon|Earth Power|p2a: Fugo
|-supereffective|p2a: Fugo
|-damage|p2a: Fugo|22/100
|
|-heal|p1a: Gastrodon|75/100 tox|[from] item: Leftovers
|-damage|p1a: Gastrodon|57/100 tox|[from] psn
|upkeep
|turn|28
|inactive|Killar14 has 120 seconds left.
|
|t:|1779642095
|move|p2a: Fugo|Roost|p2a: Fugo
|-heal|p2a: Fugo|72/100
|-singleturn|p2a: Fugo|move: Roost
|move|p1a: Gastrodon|Earth Power|p2a: Fugo
|-supereffective|p2a: Fugo
|-damage|p2a: Fugo|26/100
|
|-heal|p1a: Gastrodon|63/100 tox|[from] item: Leftovers
|-damage|p1a: Gastrodon|39/100 tox|[from] psn
|upkeep
|turn|29
|
|t:|1779642104
|move|p2a: Fugo|Roost|p2a: Fugo
|-heal|p2a: Fugo|76/100
|-singleturn|p2a: Fugo|move: Roost
|move|p1a: Gastrodon|Earth Power|p2a: Fugo
|-supereffective|p2a: Fugo
|-damage|p2a: Fugo|30/100
|-unboost|p2a: Fugo|spd|1
|
|-heal|p1a: Gastrodon|45/100 tox|[from] item: Leftovers
|-damage|p1a: Gastrodon|14/100 tox|[from] psn
|upkeep
|turn|30
|
|t:|1779642113
|move|p2a: Fugo|Moonblast|p1a: Gastrodon
|-damage|p1a: Gastrodon|0 fnt
|faint|p1a: Gastrodon
|
|win|Literally Trish
|raw|Killar14's rating: 1000 &rarr; <strong>1000</strong><br />(+0 for losing)
|raw|Literally Trish's rating: 1000 &rarr; <strong>1040</strong><br />(+40 for winning)
