|j|☆xuxanchengaloser
|j|☆Sluttina
|t:|1779600440
|gametype|singles
|player|p1|xuxanchengaloser|swimmerf-gen4|1337
|player|p2|Sluttina|1|1389
|gen|9
|tier|[Gen 9] OU
|rated|
|rule|HP Percentage Mod: HP is shown in percentages
|rule|Endless Battle Clause: Forcing endless battles is banned
|rule|Species Clause: Limit one of each Pokémon
|rule|OHKO Clause: OHKO moves are banned
|rule|Evasion Items Clause: Evasion items are banned
|rule|Evasion Moves Clause: Evasion moves are banned
|rule|Evasion Abilities Clause: Evasion abilities are banned
|rule|Sleep Moves Clause: Sleep-inducing moves are banned
|clearpoke
|poke|p1|Kingambit, M|
|poke|p1|Raging Bolt|
|poke|p1|Glimmora, F|
|poke|p1|Meowscarada, M|
|poke|p1|Cinderace, F|
|poke|p1|Ogerpon-Wellspring, F|
|poke|p2|Darkrai|
|poke|p2|Raging Bolt|
|poke|p2|Ogerpon-Wellspring, F|
|poke|p2|Great Tusk|
|poke|p2|Slowking-Galar, F|
|poke|p2|Tornadus-Therian, M|
|teampreview
|inactive|Battle timer is ON: inactive players will automatically lose when time's up. (requested by Sluttina)
|
|t:|1779600468
|teamsize|p1|6
|teamsize|p2|6
|start
|switch|p1a: Meowscarada|Meowscarada, M|100/100
|switch|p2a: Raging Bolt|Raging Bolt|100/100
|turn|1
|
|t:|1779600490
|-end|p2a: Raging Bolt|Protosynthesis|[silent]
|switch|p2a: Slowking|Slowking-Galar, F|100/100
|move|p1a: Meowscarada|Triple Axel|p2a: Slowking
|-start|p1a: Meowscarada|typechange|Ice|[from] ability: Protean
|-damage|p2a: Slowking|93/100
|-damage|p2a: Slowking|78/100
|-damage|p2a: Slowking|56/100
|-hitcount|p2a: Slowking|3
|
|upkeep
|turn|2
|inactive|Sluttina has 120 seconds left.
|
|t:|1779600513
|switch|p1a: Kingambit|Kingambit, M|100/100
|-prepare|p2a: Slowking|Chilly Reception|[premajor]
|move|p2a: Slowking|Chilly Reception|p2a: Slowking
|-weather|Snowscape
|inactive|Sluttina has 120 seconds left.
|
|t:|1779600523
|switch|p2a: Great Tusk|Great Tusk|100/100|[from] Chilly Reception
|
|-weather|Snowscape|[upkeep]
|upkeep
|turn|3
|
|t:|1779600530
|-end|p1a: Kingambit|fallenundefined|[silent]
|switch|p1a: Glimmora|Glimmora, F|100/100
|move|p2a: Great Tusk|Stealth Rock|p1a: Glimmora
|-sidestart|p1: xuxanchengaloser|move: Stealth Rock
|
|-weather|Snowscape|[upkeep]
|upkeep
|turn|4
|
|t:|1779600542
|move|p2a: Great Tusk|Rapid Spin|p1a: Glimmora
|-resisted|p1a: Glimmora
|-damage|p1a: Glimmora|90/100
|-boost|p2a: Great Tusk|spe|1
|-activate|p1a: Glimmora|ability: Toxic Debris
|-sidestart|p2: Sluttina|move: Toxic Spikes
|-sideend|p2: Sluttina|Toxic Spikes|[from] move: Rapid Spin|[of] p2a: Great Tusk
|move|p1a: Glimmora|Mortal Spin|p2a: Great Tusk
|-resisted|p2a: Great Tusk
|-damage|p2a: Great Tusk|98/100
|-status|p2a: Great Tusk|psn
|-sideend|p1: xuxanchengaloser|Stealth Rock|[from] move: Mortal Spin|[of] p1a: Glimmora
|
|-weather|Snowscape|[upkeep]
|-damage|p2a: Great Tusk|86/100 psn|[from] psn
|upkeep
|turn|5
|
|t:|1779600555
|move|p2a: Great Tusk|Earthquake|p1a: Glimmora
|-supereffective|p1a: Glimmora
|-damage|p1a: Glimmora|0 fnt
|-activate|p1a: Glimmora|ability: Toxic Debris
|-sidestart|p2: Sluttina|move: Toxic Spikes
|faint|p1a: Glimmora
|
|-weather|Snowscape|[upkeep]
|-damage|p2a: Great Tusk|73/100 psn|[from] psn
|upkeep
|
|t:|1779600569
|switch|p1a: Ogerpon|Ogerpon-Wellspring, F|100/100
|turn|6
|
|t:|1779600578
|-end|p2a: Great Tusk|Protosynthesis|[silent]
|switch|p2a: Slowking|Slowking-Galar, F|89/100
|-sideend|p2: Sluttina|move: Toxic Spikes|[of] p2a: Slowking
|move|p1a: Ogerpon|Encore||[still]
|-fail|p1a: Ogerpon
|
|-weather|none
|upkeep
|turn|7
|
|t:|1779600587
|move|p1a: Ogerpon|Ivy Cudgel|p2a: Slowking|[anim] Ivy Cudgel Water
|-damage|p2a: Slowking|50/100
|-prepare|p2a: Slowking|Chilly Reception|[premajor]
|move|p2a: Slowking|Chilly Reception|p2a: Slowking
|-weather|Snowscape
|
|t:|1779600593
|switch|p2a: Tornadus|Tornadus-Therian, M|100/100|[from] Chilly Reception
|
|-weather|Snowscape|[upkeep]
|upkeep
|turn|8
|
|t:|1779600600
|move|p1a: Ogerpon|Ivy Cudgel|p2a: Tornadus|[anim] Ivy Cudgel Water
|-damage|p2a: Tornadus|38/100
|move|p2a: Tornadus|Bleakwind Storm|p1a: Ogerpon
|-supereffective|p1a: Ogerpon
|-damage|p1a: Ogerpon|16/100
|-unboost|p1a: Ogerpon|spe|1
|
|-weather|Snowscape|[upkeep]
|upkeep
|turn|9
|
|t:|1779600610
|move|p2a: Tornadus|U-turn|p1a: Ogerpon
|-supereffective|p1a: Ogerpon
|-damage|p1a: Ogerpon|0 fnt
|faint|p1a: Ogerpon
|
|t:|1779600613
|switch|p2a: Slowking|Slowking-Galar, F|83/100|[from] U-turn
|
|-weather|Snowscape|[upkeep]
|upkeep
|
|t:|1779600621
|switch|p1a: Meowscarada|Meowscarada, M|100/100
|turn|10
|
|t:|1779600625
|switch|p2a: Great Tusk|Great Tusk|73/100 psn
|move|p1a: Meowscarada|Knock Off|p2a: Great Tusk
|-start|p1a: Meowscarada|typechange|Dark|[from] ability: Protean
|-resisted|p2a: Great Tusk
|-damage|p2a: Great Tusk|56/100 psn
|-enditem|p2a: Great Tusk|Heavy-Duty Boots|[from] move: Knock Off|[of] p1a: Meowscarada
|
|-weather|Snowscape|[upkeep]
|-damage|p2a: Great Tusk|44/100 psn|[from] psn
|upkeep
|turn|11
|
|t:|1779600653
|switch|p1a: Cinderace|Cinderace, F|100/100
|move|p2a: Great Tusk|Earthquake|p1a: Cinderace
|-supereffective|p1a: Cinderace
|-damage|p1a: Cinderace|0 fnt
|faint|p1a: Cinderace
|
|-weather|none
|-damage|p2a: Great Tusk|31/100 psn|[from] psn
|upkeep
|inactive|xuxanchengaloser has 120 seconds left.
|
|t:|1779600664
|switch|p1a: Meowscarada|Meowscarada, M|100/100
|turn|12
|
|t:|1779600672
|move|p1a: Meowscarada|Knock Off|p2a: Great Tusk
|-start|p1a: Meowscarada|typechange|Dark|[from] ability: Protean
|-resisted|p2a: Great Tusk
|-damage|p2a: Great Tusk|20/100 psn
|move|p2a: Great Tusk|Earthquake|p1a: Meowscarada
|-damage|p1a: Meowscarada|12/100
|
|-damage|p2a: Great Tusk|7/100 psn|[from] psn
|upkeep
|turn|13
|
|t:|1779600683
|move|p1a: Meowscarada|Knock Off|p2a: Great Tusk
|-resisted|p2a: Great Tusk
|-damage|p2a: Great Tusk|0 fnt
|faint|p2a: Great Tusk
|-end|p2a: Great Tusk|Protosynthesis|[silent]
|
|upkeep
|
|t:|1779600695
|switch|p2a: Darkrai|Darkrai|100/100
|turn|14
|
|t:|1779600698
|move|p1a: Meowscarada|Knock Off|p2a: Darkrai
|-resisted|p2a: Darkrai
|-damage|p2a: Darkrai|67/100
|-enditem|p2a: Darkrai|Heavy-Duty Boots|[from] move: Knock Off|[of] p1a: Meowscarada
|move|p2a: Darkrai|Dark Pulse|p1a: Meowscarada
|-resisted|p1a: Meowscarada
|-damage|p1a: Meowscarada|0 fnt
|faint|p1a: Meowscarada
|
|upkeep
|
|t:|1779600708
|switch|p1a: Raging Bolt|Raging Bolt|100/100
|-enditem|p1a: Raging Bolt|Booster Energy
|-activate|p1a: Raging Bolt|ability: Protosynthesis|[fromitem]
|-start|p1a: Raging Bolt|protosynthesisspa
|turn|15
|
|t:|1779600734
|switch|p2a: Slowking|Slowking-Galar, F|100/100
|-terastallize|p1a: Raging Bolt|Fairy
|move|p1a: Raging Bolt|Calm Mind|p1a: Raging Bolt
|-boost|p1a: Raging Bolt|spa|1
|-boost|p1a: Raging Bolt|spd|1
|
|upkeep
|turn|16
|
|t:|1779600745
|move|p1a: Raging Bolt|Thunderclap||[still]
|-fail|p1a: Raging Bolt
|move|p2a: Slowking|Toxic|p1a: Raging Bolt
|-status|p1a: Raging Bolt|tox
|
|-damage|p1a: Raging Bolt|94/100 tox|[from] psn
|upkeep
|turn|17
|
|t:|1779600755
|move|p1a: Raging Bolt|Thunderbolt|p2a: Slowking
|-damage|p2a: Slowking|28/100
|move|p2a: Slowking|Psychic Noise|p1a: Raging Bolt
|-damage|p1a: Raging Bolt|76/100 tox
|-start|p1a: Raging Bolt|move: Heal Block
|
|-damage|p1a: Raging Bolt|64/100 tox|[from] psn
|upkeep
|turn|18
|
|t:|1779600766
|move|p1a: Raging Bolt|Thunderbolt|p2a: Slowking
|-damage|p2a: Slowking|0 fnt
|faint|p2a: Slowking
|
|-damage|p1a: Raging Bolt|45/100 tox|[from] psn
|-end|p1a: Raging Bolt|move: Heal Block
|upkeep
|
|t:|1779600772
|switch|p2a: Ogerpon|Ogerpon-Wellspring, F|100/100
|turn|19
|
|t:|1779600781
|switch|p2a: Raging Bolt|Raging Bolt|100/100
|move|p1a: Raging Bolt|Thunderbolt|p2a: Raging Bolt
|-resisted|p2a: Raging Bolt
|-damage|p2a: Raging Bolt|79/100
|
|-damage|p1a: Raging Bolt|21/100 tox|[from] psn
|upkeep
|turn|20
|
|t:|1779600790
|move|p2a: Raging Bolt|Thunderclap|p1a: Raging Bolt
|-damage|p1a: Raging Bolt|0 fnt
|faint|p1a: Raging Bolt
|-end|p1a: Raging Bolt|Protosynthesis|[silent]
|
|upkeep
|
|t:|1779600795
|switch|p1a: Kingambit|Kingambit, M|100/100
|-activate|p1a: Kingambit|ability: Supreme Overlord
|-start|p1a: Kingambit|fallen5|[silent]
|turn|21
|
|t:|1779600806
|-end|p2a: Raging Bolt|Protosynthesis|[silent]
|switch|p2a: Tornadus|Tornadus-Therian, M|71/100
|move|p1a: Kingambit|Sucker Punch||[still]
|-fail|p1a: Kingambit
|
|upkeep
|turn|22
|
|t:|1779600813
|move|p2a: Tornadus|Focus Blast|p1a: Kingambit
|-supereffective|p1a: Kingambit
|-damage|p1a: Kingambit|28/100
|move|p1a: Kingambit|Kowtow Cleave|p2a: Tornadus
|-damage|p2a: Tornadus|0 fnt
|faint|p2a: Tornadus
|
|upkeep
|
|t:|1779600820
|switch|p2a: Darkrai|Darkrai|67/100
|turn|23
|
|t:|1779600824
|move|p2a: Darkrai|Focus Blast|p1a: Kingambit
|-supereffective|p1a: Kingambit
|-crit|p1a: Kingambit
|-damage|p1a: Kingambit|0 fnt
|faint|p1a: Kingambit
|-end|p1a: Kingambit|fallen5|[silent]
|
|win|Sluttina
|raw|xuxanchengaloser's rating: 1337 &rarr; <strong>1320</strong><br />(-17 for losing)
|raw|Sluttina's rating: 1389 &rarr; <strong>1406</strong><br />(+17 for winning)
|l|☆xuxanchengaloser
|player|p1|
|l|☆Sluttina
|player|p2|
