|j|☆cardinals29
|j|☆momoLFT
|t:|1779633287
|gametype|singles
|player|p1|cardinals29|steven|1426
|player|p2|momoLFT|1|1360
|gen|9
|tier|[Gen 9] OU
|rated|
|rule|HP Percentage Mod: HP is shown in percentages
|rule|Endless Battle Clause: Forcing endless battles is banned
|rule|Species Clause: Limit one of each Pokémon
|rule|OHKO Clause: OHKO moves are banned
|rule|Evasion Items Clause: Evasion items are banned
|rule|Evasion Moves Clause: Evasion moves are banned
|rule|Evasion Abilities Clause: Evasion abilities are banned
|rule|Sleep Moves Clause: Sleep-inducing moves are banned
|clearpoke
|poke|p1|Great Tusk|
|poke|p1|Munkidori, M|
|poke|p1|Hatterene, F|
|poke|p1|Kyurem|
|poke|p1|Tornadus-Therian, M|
|poke|p1|Ogerpon, F|
|poke|p2|Houndoom, F|
|poke|p2|Darkrai|
|poke|p2|Mandibuzz, F|
|poke|p2|Fezandipiti, M|
|poke|p2|Weezing-Galar, F|
|poke|p2|Toxtricity, F|
|teampreview
|
|t:|1779633312
|teamsize|p1|6
|teamsize|p2|6
|start
|switch|p1a: Kyurem|Kyurem|100/100
|switch|p2a: Fezandipiti|Fezandipiti, M|100/100
|-ability|p1a: Kyurem|Pressure
|turn|1
|
|t:|1779633317
|switch|p1a: Munkidori|Munkidori, M|100/100
|move|p2a: Fezandipiti|Poison Jab|p1a: Munkidori
|-resisted|p1a: Munkidori
|-damage|p1a: Munkidori|82/100
|
|upkeep
|turn|2
|
|t:|1779633335
|switch|p2a: Mandibuzz|Mandibuzz, F|100/100
|move|p1a: Munkidori|Sludge Bomb|p2a: Mandibuzz
|-damage|p2a: Mandibuzz|61/100
|
|upkeep
|turn|3
|
|t:|1779633363
|move|p1a: Munkidori|Taunt|p2a: Mandibuzz
|-start|p2a: Mandibuzz|move: Taunt
|cant|p2a: Mandibuzz|move: Taunt|Roost
|
|upkeep
|turn|4
|
|t:|1779633394
|switch|p1a: Kyurem|Kyurem|100/100
|-ability|p1a: Kyurem|Pressure
|move|p2a: Mandibuzz|U-turn|p1a: Kyurem
|-damage|p1a: Kyurem|90/100
|
|t:|1779633406
|switch|p2a: Fezandipiti|Fezandipiti, M|100/100|[from] U-turn
|
|upkeep
|turn|5
|
|t:|1779633418
|switch|p1a: Tornadus|Tornadus-Therian, M|100/100
|move|p2a: Fezandipiti|Poison Jab|p1a: Tornadus
|-damage|p1a: Tornadus|65/100
|-status|p1a: Tornadus|tox|[from] ability: Toxic Chain|[of] p2a: Fezandipiti
|
|-damage|p1a: Tornadus|59/100 tox|[from] psn
|upkeep
|turn|6
|
|t:|1779633424
|move|p1a: Tornadus|U-turn|p2a: Fezandipiti
|-resisted|p2a: Fezandipiti
|-damage|p2a: Fezandipiti|96/100
|
|t:|1779633431
|switch|p1a: Hatterene|Hatterene, F|100/100|[from] U-turn
|move|p2a: Fezandipiti|U-turn|p1a: Hatterene
|-damage|p1a: Hatterene|84/100
|-damage|p2a: Fezandipiti|80/100|[from] item: Rocky Helmet|[of] p1a: Hatterene
|-status|p1a: Hatterene|tox|[from] ability: Toxic Chain|[of] p2a: Fezandipiti
|
|t:|1779633442
|switch|p2a: Toxtricity|Toxtricity, F|100/100|[from] U-turn
|
|-damage|p1a: Hatterene|78/100 tox|[from] psn
|upkeep
|turn|7
|
|t:|1779633448
|move|p2a: Toxtricity|Sludge Bomb|p1a: Hatterene
|-supereffective|p1a: Hatterene
|-damage|p1a: Hatterene|0 fnt
|faint|p1a: Hatterene
|
|upkeep
|
|t:|1779633452
|switch|p1a: Great Tusk|Great Tusk|100/100
|turn|8
|
|t:|1779633460
|switch|p2a: Weezing|Weezing-Galar, F|100/100
|move|p1a: Great Tusk|Stealth Rock|p2a: Weezing
|-sidestart|p2: momoLFT|move: Stealth Rock
|
|upkeep
|turn|9
|
|t:|1779633471
|-end|p1a: Great Tusk|Protosynthesis|[silent]
|switch|p1a: Tornadus|Tornadus-Therian, M|93/100 tox
|move|p2a: Weezing|Defog|p1a: Tornadus
|-unboost|p1a: Tornadus|evasion|1
|-sideend|p2: momoLFT|Stealth Rock|[from] move: Defog|[of] p2a: Weezing
|
|-damage|p1a: Tornadus|87/100 tox|[from] psn
|upkeep
|turn|10
|
|t:|1779633478
|move|p1a: Tornadus|Knock Off|p2a: Weezing
|-resisted|p2a: Weezing
|-damage|p2a: Weezing|94/100
|-damage|p1a: Tornadus|70/100 tox|[from] item: Rocky Helmet|[of] p2a: Weezing
|-enditem|p2a: Weezing|Rocky Helmet|[from] move: Knock Off|[of] p1a: Tornadus
|move|p2a: Weezing|Toxic|p1a: Tornadus
|-fail|p1a: Tornadus|tox
|
|-damage|p1a: Tornadus|58/100 tox|[from] psn
|upkeep
|turn|11
|
|t:|1779633489
|move|p1a: Tornadus|Bleakwind Storm|p2a: Weezing
|-damage|p2a: Weezing|43/100
|move|p2a: Weezing|Strange Steam|p1a: Tornadus
|-damage|p1a: Tornadus|35/100 tox
|
|-damage|p1a: Tornadus|17/100 tox|[from] psn
|upkeep
|turn|12
|
|t:|1779633496
|switch|p2a: Fezandipiti|Fezandipiti, M|80/100
|move|p1a: Tornadus|U-turn|p2a: Fezandipiti
|-resisted|p2a: Fezandipiti
|-damage|p2a: Fezandipiti|76/100
|
|t:|1779633501
|switch|p1a: Great Tusk|Great Tusk|100/100|[from] U-turn
|
|-heal|p2a: Fezandipiti|82/100|[from] item: Leftovers
|upkeep
|turn|13
|
|t:|1779633506
|switch|p2a: Mandibuzz|Mandibuzz, F|61/100
|move|p1a: Great Tusk|Headlong Rush|p2a: Mandibuzz
|-immune|p2a: Mandibuzz
|
|upkeep
|turn|14
|
|t:|1779633515
|move|p1a: Great Tusk|Ice Spinner|p2a: Mandibuzz
|-supereffective|p2a: Mandibuzz
|-crit|p2a: Mandibuzz
|-damage|p2a: Mandibuzz|10/100
|move|p2a: Mandibuzz|Roost|p2a: Mandibuzz
|-heal|p2a: Mandibuzz|60/100
|-singleturn|p2a: Mandibuzz|move: Roost
|
|upkeep
|turn|15
|
|t:|1779633524
|-end|p1a: Great Tusk|Protosynthesis|[silent]
|switch|p1a: Kyurem|Kyurem|90/100
|-ability|p1a: Kyurem|Pressure
|move|p2a: Mandibuzz|Roost|p2a: Mandibuzz
|-heal|p2a: Mandibuzz|100/100
|-singleturn|p2a: Mandibuzz|move: Roost
|
|upkeep
|turn|16
|
|t:|1779633532
|switch|p2a: Fezandipiti|Fezandipiti, M|82/100
|move|p1a: Kyurem|Ice Beam|p2a: Fezandipiti
|-damage|p2a: Fezandipiti|49/100
|
|-heal|p2a: Fezandipiti|55/100|[from] item: Leftovers
|upkeep
|turn|17
|
|t:|1779633541
|move|p2a: Fezandipiti|U-turn|p1a: Kyurem
|-damage|p1a: Kyurem|76/100
|
|t:|1779633568
|switch|p2a: Darkrai|Darkrai|100/100|[from] U-turn
|move|p1a: Kyurem|Earth Power|p2a: Darkrai
|-damage|p2a: Darkrai|54/100
|
|upkeep
|turn|18
|
|t:|1779633582
|move|p2a: Darkrai|Dark Pulse|p1a: Kyurem
|-damage|p1a: Kyurem|44/100
|move|p1a: Kyurem|Ice Beam|p2a: Darkrai
|-damage|p2a: Darkrai|0 fnt
|faint|p2a: Darkrai
|
|upkeep
|
|t:|1779633590
|switch|p2a: Houndoom|Houndoom, F|100/100
|turn|19
|
|t:|1779633593
|move|p2a: Houndoom|Flamethrower|p1a: Kyurem
|-damage|p1a: Kyurem|10/100
|move|p1a: Kyurem|Earth Power|p2a: Houndoom
|-supereffective|p2a: Houndoom
|-damage|p2a: Houndoom|1/100
|
|upkeep
|turn|20
|
|t:|1779633600
|move|p2a: Houndoom|Flamethrower|p1a: Kyurem
|-damage|p1a: Kyurem|0 fnt
|faint|p1a: Kyurem
|
|upkeep
|
|t:|1779633610
|switch|p1a: Munkidori|Munkidori, M|82/100
|turn|21
|
|t:|1779633615
|move|p1a: Munkidori|Sludge Bomb|p2a: Houndoom
|-damage|p2a: Houndoom|0 fnt
|faint|p2a: Houndoom
|
|upkeep
|
|t:|1779633631
|switch|p2a: Fezandipiti|Fezandipiti, M|55/100
|turn|22
|
|t:|1779633642
|move|p1a: Munkidori|Psychic Noise|p2a: Fezandipiti
|-supereffective|p2a: Fezandipiti
|-damage|p2a: Fezandipiti|6/100
|-start|p2a: Fezandipiti|move: Heal Block
|cant|p2a: Fezandipiti|move: Heal Block|Roost
|
|upkeep
|turn|23
|
|t:|1779633649
|move|p1a: Munkidori|Sludge Bomb|p2a: Fezandipiti
|-damage|p2a: Fezandipiti|0 fnt
|faint|p2a: Fezandipiti
|
|upkeep
|
|t:|1779633674
|switch|p2a: Toxtricity|Toxtricity, F|100/100
|turn|24
|
|t:|1779633679
|-terastallize|p2a: Toxtricity|Flying
|move|p2a: Toxtricity|Boomburst|p1a: Munkidori
|-damage|p1a: Munkidori|18/100
|move|p1a: Munkidori|Psychic Noise|p2a: Toxtricity
|-damage|p2a: Toxtricity|72/100
|-start|p2a: Toxtricity|move: Heal Block
|
|upkeep
|turn|25
|
|t:|1779633687
|switch|p1a: Tornadus|Tornadus-Therian, M|50/100 tox
|move|p2a: Toxtricity|Boomburst|p1a: Tornadus
|-damage|p1a: Tornadus|6/100 tox
|
|-damage|p1a: Tornadus|0 fnt|[from] psn
|faint|p1a: Tornadus
|-end|p2a: Toxtricity|move: Heal Block
|upkeep
|
|t:|1779633704
|switch|p1a: Ogerpon|Ogerpon, F|100/100
|turn|26
|
|t:|1779633712
|switch|p2a: Mandibuzz|Mandibuzz, F|100/100
|move|p1a: Ogerpon|U-turn|p2a: Mandibuzz
|-damage|p2a: Mandibuzz|80/100
|
|t:|1779633717
|switch|p1a: Munkidori|Munkidori, M|18/100|[from] U-turn
|
|upkeep
|turn|27
|
|t:|1779633720
|move|p1a: Munkidori|Sludge Bomb|p2a: Mandibuzz
|-damage|p2a: Mandibuzz|41/100
|-status|p2a: Mandibuzz|psn
|move|p2a: Mandibuzz|U-turn|p1a: Munkidori
|-damage|p1a: Munkidori|2/100
|
|t:|1779633727
|switch|p2a: Toxtricity|Toxtricity, F, tera:Flying|72/100|[from] U-turn
|
|upkeep
|turn|28
|
|t:|1779633731
|move|p2a: Toxtricity|Sludge Bomb|p1a: Munkidori
|-resisted|p1a: Munkidori
|-damage|p1a: Munkidori|0 fnt
|faint|p1a: Munkidori
|
|upkeep
|
|t:|1779633734
|switch|p1a: Great Tusk|Great Tusk|100/100
|turn|29
|
|t:|1779633742
|switch|p2a: Weezing|Weezing-Galar, F|43/100
|move|p1a: Great Tusk|Stealth Rock|p2a: Weezing
|-sidestart|p2: momoLFT|move: Stealth Rock
|
|upkeep
|turn|30
|
|t:|1779633748
|move|p1a: Great Tusk|Ice Spinner|p2a: Weezing
|-damage|p2a: Weezing|24/100
|move|p2a: Weezing|Defog|p1a: Great Tusk
|-unboost|p1a: Great Tusk|evasion|1
|-sideend|p2: momoLFT|Stealth Rock|[from] move: Defog|[of] p2a: Weezing
|
|upkeep
|turn|31
|
|t:|1779633752
|move|p1a: Great Tusk|Stealth Rock|p2a: Weezing
|-sidestart|p2: momoLFT|move: Stealth Rock
|move|p2a: Weezing|Will-O-Wisp|p1a: Great Tusk
|-status|p1a: Great Tusk|brn
|
|-damage|p1a: Great Tusk|94/100 brn|[from] brn
|upkeep
|turn|32
|
|t:|1779633755
|-end|p1a: Great Tusk|Protosynthesis|[silent]
|switch|p1a: Ogerpon|Ogerpon, F|100/100
|move|p2a: Weezing|Defog|p1a: Ogerpon
|-unboost|p1a: Ogerpon|evasion|1
|-ability|p1a: Ogerpon|Defiant|boost
|-boost|p1a: Ogerpon|atk|2
|-sideend|p2: momoLFT|Stealth Rock|[from] move: Defog|[of] p2a: Weezing
|
|upkeep
|turn|33
|
|t:|1779633762
|-terastallize|p1a: Ogerpon|Grass
|detailschange|p1a: Ogerpon|Ogerpon-Teal-Tera, F, tera:Grass
|-ability|p1a: Ogerpon|Embody Aspect (Teal)|boost
|-boost|p1a: Ogerpon|spe|1
|move|p1a: Ogerpon|Ivy Cudgel|p2a: Weezing
|-resisted|p2a: Weezing
|-damage|p2a: Weezing|0 fnt
|faint|p2a: Weezing
|
|upkeep
|
|t:|1779633770
|switch|p2a: Toxtricity|Toxtricity, F, tera:Flying|72/100
|turn|34
|
|t:|1779633774
|move|p1a: Ogerpon|Ivy Cudgel|p2a: Toxtricity
|-resisted|p2a: Toxtricity
|-damage|p2a: Toxtricity|0 fnt
|faint|p2a: Toxtricity
|
|upkeep
|-message|momoLFT forfeited.
|
|win|cardinals29
|raw|cardinals29's rating: 1426 &rarr; <strong>1442</strong><br />(+16 for winning)
|raw|momoLFT's rating: 1360 &rarr; <strong>1344</strong><br />(-16 for losing)
|l|☆momoLFT
|player|p2|
|l|☆cardinals29
|player|p1|
