|j|☆Supa Dupa Hoopa
|j|‽arbok fangs
|t:|1779675205
|gametype|singles
|player|p1|Supa Dupa Hoopa|101|1648
|player|p2|arbok fangs|rocketgrunt|1652
|gen|9
|tier|[Gen 9] OU
|rated|
|rule|HP Percentage Mod: HP is shown in percentages
|rule|Endless Battle Clause: Forcing endless battles is banned
|rule|Species Clause: Limit one of each Pokémon
|rule|OHKO Clause: OHKO moves are banned
|rule|Evasion Items Clause: Evasion items are banned
|rule|Evasion Moves Clause: Evasion moves are banned
|rule|Evasion Abilities Clause: Evasion abilities are banned
|rule|Sleep Moves Clause: Sleep-inducing moves are banned
|clearpoke
|poke|p1|Serperior, M|
|poke|p1|Cinderace, F|
|poke|p1|Corviknight, F|
|poke|p1|Alomomola, F|
|poke|p1|Ditto|
|poke|p1|Toxtricity-Low-Key, F|
|poke|p2|Ninetales-Alola, M|
|poke|p2|Klefki, F|
|poke|p2|Maushold-Four|
|poke|p2|Latias, F|
|poke|p2|Okidogi, M|
|poke|p2|Kyurem|
|teampreview
|inactive|Battle timer is ON: inactive players will automatically lose when time's up. (requested by arbok fangs)
|j| dlflf
|
|t:|1779675235
|teamsize|p1|6
|teamsize|p2|6
|start
|switch|p1a: CinderMiss|Cinderace, F|100/100
|switch|p2a: Klefki|Klefki, F|100/100
|turn|1
|
|t:|1779675242
|switch|p1a: Spongebob|Alomomola, F|100/100
|move|p2a: Klefki|Reflect|p2a: Klefki
|-sidestart|p2: arbok fangs|Reflect
|
|upkeep
|turn|2
|
|t:|1779675247
|move|p2a: Klefki|Thunder Wave|p1a: Spongebob
|-status|p1a: Spongebob|par
|move|p1a: Spongebob|Body Slam|p2a: Klefki
|-resisted|p2a: Klefki
|-damage|p2a: Klefki|97/100
|
|upkeep
|turn|3
|
|t:|1779675254
|move|p2a: Klefki|Light Screen|p2a: Klefki
|-sidestart|p2: arbok fangs|move: Light Screen
|move|p1a: Spongebob|Body Slam|p2a: Klefki
|-resisted|p2a: Klefki
|-damage|p2a: Klefki|93/100
|
|upkeep
|turn|4
|
|t:|1779675260
|switch|p2a: Okidogi|Okidogi, M|100/100
|cant|p1a: Spongebob|par
|
|upkeep
|turn|5
|
|t:|1779675266
|move|p2a: Okidogi|Bulk Up|p2a: Okidogi
|-boost|p2a: Okidogi|atk|1
|-boost|p2a: Okidogi|def|1
|move|p1a: Spongebob|Flip Turn|p2a: Okidogi
|-damage|p2a: Okidogi|96/100
|
|t:|1779675273
|switch|p1a: ANOTHER ONE|Toxtricity-Low-Key, F|100/100|[from] Flip Turn
|
|-heal|p2a: Okidogi|100/100|[from] item: Leftovers
|upkeep
|turn|6
|
|t:|1779675285
|move|p1a: ANOTHER ONE|Discharge|p2a: Okidogi
|-damage|p2a: Okidogi|74/100
|-status|p2a: Okidogi|par
|move|p2a: Okidogi|Knock Off|p1a: ANOTHER ONE
|-damage|p1a: ANOTHER ONE|16/100
|-enditem|p1a: ANOTHER ONE|Choice Specs|[from] move: Knock Off|[of] p2a: Okidogi
|
|-heal|p2a: Okidogi|80/100 par|[from] item: Leftovers
|upkeep
|turn|7
|
|t:|1779675294
|switch|p1a: Skarmory-M|Corviknight, F|100/100
|-ability|p1a: Skarmory-M|Pressure
|cant|p2a: Okidogi|par
|
|-heal|p2a: Okidogi|86/100 par|[from] item: Leftovers
|upkeep
|turn|8
|
|t:|1779675301
|move|p1a: Skarmory-M|Bulk Up|p1a: Skarmory-M
|-boost|p1a: Skarmory-M|atk|1
|-boost|p1a: Skarmory-M|def|1
|move|p2a: Okidogi|Knock Off|p1a: Skarmory-M
|-damage|p1a: Skarmory-M|77/100
|-enditem|p1a: Skarmory-M|Leftovers|[from] move: Knock Off|[of] p2a: Okidogi
|
|-heal|p2a: Okidogi|92/100 par|[from] item: Leftovers
|-sideend|p2: arbok fangs|Reflect
|upkeep
|turn|9
|
|t:|1779675310
|move|p1a: Skarmory-M|Body Press|p2a: Okidogi
|-resisted|p2a: Okidogi
|-damage|p2a: Okidogi|82/100 par
|move|p2a: Okidogi|Bulk Up|p2a: Okidogi
|-boost|p2a: Okidogi|atk|1
|-boost|p2a: Okidogi|def|1
|
|-heal|p2a: Okidogi|88/100 par|[from] item: Leftovers
|upkeep
|turn|10
|
|t:|1779675318
|move|p1a: Skarmory-M|Bulk Up|p1a: Skarmory-M
|-boost|p1a: Skarmory-M|atk|1
|-boost|p1a: Skarmory-M|def|1
|move|p2a: Okidogi|Bulk Up|p2a: Okidogi
|-boost|p2a: Okidogi|atk|1
|-boost|p2a: Okidogi|def|1
|
|-heal|p2a: Okidogi|94/100 par|[from] item: Leftovers
|-sideend|p2: arbok fangs|move: Light Screen
|upkeep
|turn|11
|
|t:|1779675325
|move|p1a: Skarmory-M|Bulk Up|p1a: Skarmory-M
|-boost|p1a: Skarmory-M|atk|1
|-boost|p1a: Skarmory-M|def|1
|move|p2a: Okidogi|Bulk Up|p2a: Okidogi
|-boost|p2a: Okidogi|atk|1
|-boost|p2a: Okidogi|def|1
|
|-heal|p2a: Okidogi|100/100 par|[from] item: Leftovers
|upkeep
|turn|12
|
|t:|1779675333
|move|p1a: Skarmory-M|Bulk Up|p1a: Skarmory-M
|-boost|p1a: Skarmory-M|atk|1
|-boost|p1a: Skarmory-M|def|1
|move|p2a: Okidogi|Bulk Up|p2a: Okidogi
|-boost|p2a: Okidogi|atk|1
|-boost|p2a: Okidogi|def|1
|
|upkeep
|turn|13
|
|t:|1779675339
|move|p1a: Skarmory-M|Bulk Up|p1a: Skarmory-M
|-boost|p1a: Skarmory-M|atk|1
|-boost|p1a: Skarmory-M|def|1
|move|p2a: Okidogi|Bulk Up|p2a: Okidogi
|-boost|p2a: Okidogi|atk|1
|-boost|p2a: Okidogi|def|1
|
|upkeep
|turn|14
|
|t:|1779675345
|move|p1a: Skarmory-M|Bulk Up|p1a: Skarmory-M
|-boost|p1a: Skarmory-M|atk|1
|-boost|p1a: Skarmory-M|def|1
|cant|p2a: Okidogi|par
|
|upkeep
|turn|15
|
|t:|1779675353
|move|p1a: Skarmory-M|Body Press|p2a: Okidogi
|-resisted|p2a: Okidogi
|-damage|p2a: Okidogi|90/100 par
|move|p2a: Okidogi|Facade|p1a: Skarmory-M
|-resisted|p1a: Skarmory-M
|-damage|p1a: Skarmory-M|60/100
|
|-heal|p2a: Okidogi|96/100 par|[from] item: Leftovers
|upkeep
|turn|16
|
|t:|1779675362
|move|p1a: Skarmory-M|Roost|p1a: Skarmory-M
|-heal|p1a: Skarmory-M|100/100
|-singleturn|p1a: Skarmory-M|move: Roost
|move|p2a: Okidogi|Facade|p1a: Skarmory-M
|-resisted|p1a: Skarmory-M
|-damage|p1a: Skarmory-M|84/100
|
|-heal|p2a: Okidogi|100/100 par|[from] item: Leftovers
|upkeep
|turn|17
|
|t:|1779675371
|move|p1a: Skarmory-M|Body Press|p2a: Okidogi
|-resisted|p2a: Okidogi
|-damage|p2a: Okidogi|89/100 par
|move|p2a: Okidogi|Facade|p1a: Skarmory-M
|-resisted|p1a: Skarmory-M
|-damage|p1a: Skarmory-M|68/100
|
|-heal|p2a: Okidogi|95/100 par|[from] item: Leftovers
|upkeep
|turn|18
|
|t:|1779675380
|move|p1a: Skarmory-M|Body Press|p2a: Okidogi
|-resisted|p2a: Okidogi
|-damage|p2a: Okidogi|85/100 par
|move|p2a: Okidogi|Facade|p1a: Skarmory-M
|-resisted|p1a: Skarmory-M
|-damage|p1a: Skarmory-M|51/100
|
|-heal|p2a: Okidogi|91/100 par|[from] item: Leftovers
|upkeep
|turn|19
|
|t:|1779675388
|move|p1a: Skarmory-M|Roost|p1a: Skarmory-M
|-heal|p1a: Skarmory-M|100/100
|-singleturn|p1a: Skarmory-M|move: Roost
|move|p2a: Okidogi|Drain Punch|p1a: Skarmory-M
|-supereffective|p1a: Skarmory-M
|-damage|p1a: Skarmory-M|52/100
|-heal|p2a: Okidogi|100/100 par|[from] drain|[of] p1a: Skarmory-M
|
|upkeep
|turn|20
|
|t:|1779675400
|move|p1a: Skarmory-M|Roost|p1a: Skarmory-M
|-heal|p1a: Skarmory-M|100/100
|-singleturn|p1a: Skarmory-M|move: Roost
|move|p2a: Okidogi|Drain Punch|p1a: Skarmory-M
|-supereffective|p1a: Skarmory-M
|-damage|p1a: Skarmory-M|49/100
|
|upkeep
|turn|21
|
|t:|1779675407
|move|p1a: Skarmory-M|Roost|p1a: Skarmory-M
|-heal|p1a: Skarmory-M|99/100
|-singleturn|p1a: Skarmory-M|move: Roost
|move|p2a: Okidogi|Drain Punch|p1a: Skarmory-M
|-supereffective|p1a: Skarmory-M
|-damage|p1a: Skarmory-M|52/100
|
|upkeep
|turn|22
|
|t:|1779675426
|move|p1a: Skarmory-M|Roost|p1a: Skarmory-M
|-heal|p1a: Skarmory-M|100/100
|-singleturn|p1a: Skarmory-M|move: Roost
|move|p2a: Okidogi|Drain Punch|p1a: Skarmory-M
|-supereffective|p1a: Skarmory-M
|-damage|p1a: Skarmory-M|52/100
|
|upkeep
|turn|23
|
|t:|1779675436
|move|p1a: Skarmory-M|Roost|p1a: Skarmory-M
|-heal|p1a: Skarmory-M|100/100
|-singleturn|p1a: Skarmory-M|move: Roost
|cant|p2a: Okidogi|par
|
|upkeep
|turn|24
|l| dlflf
|
|t:|1779675453
|switch|p1a: Mew1.5|Ditto|100/100
|-transform|p1a: Mew1.5|p2a: Okidogi|[from] ability: Imposter
|move|p2a: Okidogi|Knock Off|p1a: Mew1.5
|-resisted|p1a: Mew1.5
|-damage|p1a: Mew1.5|83/100
|-enditem|p1a: Mew1.5|Choice Scarf|[from] move: Knock Off|[of] p2a: Okidogi
|
|upkeep
|turn|25
|
|t:|1779675471
|move|p1a: Mew1.5|Drain Punch|p2a: Okidogi
|-resisted|p2a: Okidogi
|-damage|p2a: Okidogi|82/100 par
|-heal|p1a: Mew1.5|94/100|[from] drain|[of] p2a: Okidogi
|move|p2a: Okidogi|Facade|p1a: Mew1.5
|-damage|p1a: Mew1.5|37/100
|
|-heal|p2a: Okidogi|88/100 par|[from] item: Leftovers
|upkeep
|turn|26
|
|t:|1779675480
|move|p1a: Mew1.5|Facade|p2a: Okidogi
|-damage|p2a: Okidogi|68/100 par
|move|p2a: Okidogi|Facade|p1a: Mew1.5
|-damage|p1a: Mew1.5|0 fnt
|faint|p1a: Mew1.5
|
|-heal|p2a: Okidogi|74/100 par|[from] item: Leftovers
|upkeep
|
|t:|1779675489
|switch|p1a: ANOTHER ONE|Toxtricity-Low-Key, F|16/100
|turn|27
|
|t:|1779675493
|-terastallize|p1a: ANOTHER ONE|Normal
|move|p1a: ANOTHER ONE|Boomburst|p2a: Okidogi
|-damage|p2a: Okidogi|0 fnt
|faint|p2a: Okidogi
|
|upkeep
|
|t:|1779675505
|switch|p2a: Klefki|Klefki, F|93/100
|turn|28
|
|t:|1779675513
|move|p2a: Klefki|Light Screen|p2a: Klefki
|-sidestart|p2: arbok fangs|move: Light Screen
|move|p1a: ANOTHER ONE|Volt Switch|p2a: Klefki
|-damage|p2a: Klefki|75/100
|
|t:|1779675524
|switch|p1a: Spongebob|Alomomola, F|100/100 par|[from] Volt Switch
|
|upkeep
|turn|29
|
|t:|1779675528
|move|p2a: Klefki|Reflect|p2a: Klefki
|-sidestart|p2: arbok fangs|Reflect
|move|p1a: Spongebob|Body Slam|p2a: Klefki
|-resisted|p2a: Klefki
|-damage|p2a: Klefki|71/100
|
|upkeep
|turn|30
|
|t:|1779675535
|switch|p2a: Ninetales|Ninetales-Alola, M|100/100
|-weather|Snowscape|[from] ability: Snow Warning|[of] p2a: Ninetales
|cant|p1a: Spongebob|par
|
|-weather|Snowscape|[upkeep]
|upkeep
|turn|31
|
|t:|1779675541
|move|p2a: Ninetales|Misty Terrain|p2a: Ninetales
|-fieldstart|move: Misty Terrain
|move|p1a: Spongebob|Flip Turn|p2a: Ninetales
|-damage|p2a: Ninetales|94/100
|
|t:|1779675545
|switch|p1a: CinderMiss|Cinderace, F|100/100|[from] Flip Turn
|
|-weather|Snowscape|[upkeep]
|upkeep
|turn|32
|
|t:|1779675550
|move|p1a: CinderMiss|Court Change|p1a: CinderMiss
|-start|p1a: CinderMiss|typechange|Normal|[from] ability: Libero
|-swapsideconditions
|-activate|p1a: CinderMiss|move: Court Change
|move|p2a: Ninetales|Encore|p1a: CinderMiss
|-start|p1a: CinderMiss|Encore
|
|-weather|Snowscape|[upkeep]
|upkeep
|turn|33
|
|t:|1779675557
|switch|p1a: Spongebob|Alomomola, F|100/100 par
|move|p2a: Ninetales|Aurora Veil|p2a: Ninetales
|-sidestart|p2: arbok fangs|move: Aurora Veil
|
|-weather|Snowscape|[upkeep]
|upkeep
|turn|34
|
|t:|1779675562
|switch|p2a: Kyurem|Kyurem, shiny|100/100
|-ability|p2a: Kyurem|Pressure
|cant|p1a: Spongebob|par
|
|-weather|none
|upkeep
|turn|35
|
|t:|1779675568
|move|p2a: Kyurem|Dragon Dance|p2a: Kyurem
|-boost|p2a: Kyurem|atk|1
|-boost|p2a: Kyurem|spe|1
|move|p1a: Spongebob|Flip Turn|p2a: Kyurem
|-resisted|p2a: Kyurem
|-damage|p2a: Kyurem|97/100
|
|t:|1779675574
|switch|p1a: What RU|Serperior, M|100/100|[from] Flip Turn
|
|-sideend|p1: Supa Dupa Hoopa|move: Light Screen
|-fieldend|Misty Terrain
|upkeep
|turn|36
|
|t:|1779675580
|move|p2a: Kyurem|Freeze-Dry|p1a: What RU
|-supereffective|p1a: What RU
|-damage|p1a: What RU|16/100
|move|p1a: What RU|Glare|p2a: Kyurem
|-status|p2a: Kyurem|par
|
|-heal|p1a: What RU|22/100|[from] item: Leftovers
|-sideend|p1: Supa Dupa Hoopa|Reflect
|upkeep
|turn|37
|
|t:|1779675590
|switch|p1a: CinderMiss|Cinderace, F|100/100
|move|p2a: Kyurem|Freeze-Dry|p1a: CinderMiss
|-resisted|p1a: CinderMiss
|-damage|p1a: CinderMiss|73/100
|
|upkeep
|turn|38
|
|t:|1779675602
|move|p1a: CinderMiss|High Jump Kick|p2a: Kyurem
|-start|p1a: CinderMiss|typechange|Fighting|[from] ability: Libero
|-supereffective|p2a: Kyurem
|-damage|p2a: Kyurem|33/100 par
|move|p2a: Kyurem|Earth Power|p1a: CinderMiss
|-damage|p1a: CinderMiss|22/100
|-unboost|p1a: CinderMiss|spd|1
|
|upkeep
|turn|39
|
|t:|1779675611
|move|p1a: CinderMiss|High Jump Kick|p2a: Kyurem
|-supereffective|p2a: Kyurem
|-damage|p2a: Kyurem|0 fnt
|faint|p2a: Kyurem
|
|upkeep
|
|t:|1779675615
|switch|p2a: Latias|Latias, F|100/100
|turn|40
|
|t:|1779675628
|move|p1a: CinderMiss|U-turn|p2a: Latias
|-supereffective|p2a: Latias
|-damage|p2a: Latias|80/100
|-enditem|p2a: Latias|Weakness Policy
|-boost|p2a: Latias|atk|2|[from] item: Weakness Policy
|-boost|p2a: Latias|spa|2|[from] item: Weakness Policy
|
|t:|1779675637
|switch|p1a: ANOTHER ONE|Toxtricity-Low-Key, F, tera:Normal|16/100|[from] U-turn
|move|p2a: Latias|Agility|p2a: Latias
|-boost|p2a: Latias|spe|2
|
|-sideend|p2: arbok fangs|move: Aurora Veil
|upkeep
|turn|41
|
|t:|1779675651
|move|p2a: Latias|Stored Power|p1a: ANOTHER ONE
|-damage|p1a: ANOTHER ONE|0 fnt
|faint|p1a: ANOTHER ONE
|
|upkeep
|
|t:|1779675655
|switch|p1a: Spongebob|Alomomola, F|100/100 par
|turn|42
|
|t:|1779675659
|move|p2a: Latias|Agility|p2a: Latias
|-boost|p2a: Latias|spe|2
|move|p1a: Spongebob|Mirror Coat||[still]
|-fail|p1a: Spongebob
|
|upkeep
|turn|43
|
|t:|1779675664
|move|p2a: Latias|Calm Mind|p2a: Latias
|-boost|p2a: Latias|spa|1
|-boost|p2a: Latias|spd|1
|move|p1a: Spongebob|Mirror Coat||[still]
|-fail|p1a: Spongebob
|
|upkeep
|turn|44
|
|t:|1779675669
|move|p2a: Latias|Stored Power|p1a: Spongebob
|-damage|p1a: Spongebob|0 fnt
|faint|p1a: Spongebob
|
|upkeep
|-message|Supa Dupa Hoopa forfeited.
|
|win|arbok fangs
|raw|Supa Dupa Hoopa's rating: 1648 &rarr; <strong>1628</strong><br />(-20 for losing)
|raw|arbok fangs's rating: 1652 &rarr; <strong>1672</strong><br />(+20 for winning)
|l|☆Supa Dupa Hoopa
|player|p1|
|l|‽arbok fangs
|player|p2|
