|j|☆beebeebaobao
|j|☆difspa
|t:|1779717789
|gametype|singles
|player|p1|beebeebaobao|twins-gen4dp|1590
|player|p2|difspa|266|1608
|gen|9
|tier|[Gen 9] OU
|rated|
|rule|HP Percentage Mod: HP is shown in percentages
|rule|Endless Battle Clause: Forcing endless battles is banned
|rule|Species Clause: Limit one of each Pokémon
|rule|OHKO Clause: OHKO moves are banned
|rule|Evasion Items Clause: Evasion items are banned
|rule|Evasion Moves Clause: Evasion moves are banned
|rule|Evasion Abilities Clause: Evasion abilities are banned
|rule|Sleep Moves Clause: Sleep-inducing moves are banned
|clearpoke
|poke|p1|Rillaboom, M|
|poke|p1|Ursaluna, F|
|poke|p1|Clefable, F|
|poke|p1|Slowking-Galar, M|
|poke|p1|Iron Crown|
|poke|p1|Scizor, F|
|poke|p2|Tyranitar, F|
|poke|p2|Excadrill, M|
|poke|p2|Slowking-Galar, F|
|poke|p2|Dragapult, M|
|poke|p2|Skarmory, F|
|poke|p2|Ogerpon-Wellspring, F|
|teampreview
|
|t:|1779717800
|teamsize|p1|6
|teamsize|p2|6
|start
|switch|p1a: Clefable|Clefable, F|100/100
|switch|p2a: Dragapult|Dragapult, M|100/100
|turn|1
|
|t:|1779717808
|move|p2a: Dragapult|U-turn|p1a: Clefable
|-resisted|p1a: Clefable
|-damage|p1a: Clefable|94/100
|-damage|p2a: Dragapult|84/100|[from] item: Rocky Helmet|[of] p1a: Clefable
|
|t:|1779717812
|switch|p2a: Slowking|Slowking-Galar, F|100/100|[from] U-turn
|move|p1a: Clefable|Stealth Rock|p2a: Slowking
|-sidestart|p2: difspa|move: Stealth Rock
|
|upkeep
|turn|2
|
|t:|1779717822
|switch|p1a: Ursaluna|Ursaluna, F|100/100
|move|p2a: Slowking|Future Sight|p1a: Ursaluna
|-start|p2a: Slowking|move: Future Sight
|
|upkeep
|turn|3
|
|t:|1779717835
|move|p1a: Ursaluna|Bulk Up|p1a: Ursaluna
|-boost|p1a: Ursaluna|atk|1
|-boost|p1a: Ursaluna|def|1
|move|p2a: Slowking|Sludge Bomb|p1a: Ursaluna
|-resisted|p1a: Ursaluna
|-damage|p1a: Ursaluna|90/100
|
|-heal|p1a: Ursaluna|96/100|[from] item: Leftovers
|upkeep
|turn|4
|
|t:|1779717847
|switch|p2a: Dragapult|Dragapult, M|84/100
|move|p1a: Ursaluna|Bulk Up|p1a: Ursaluna
|-boost|p1a: Ursaluna|atk|1
|-boost|p1a: Ursaluna|def|1
|
|-end|p1a: Ursaluna|move: Future Sight
|-damage|p1a: Ursaluna|69/100
|-heal|p1a: Ursaluna|75/100|[from] item: Leftovers
|upkeep
|turn|5
|
|t:|1779717855
|move|p1a: Ursaluna|Protect|p1a: Ursaluna
|-singleturn|p1a: Ursaluna|Protect
|move|p2a: Dragapult|Draco Meteor|p1a: Ursaluna
|-activate|p1a: Ursaluna|move: Protect
|
|-heal|p1a: Ursaluna|81/100|[from] item: Leftovers
|upkeep
|turn|6
|
|t:|1779717862
|move|p2a: Dragapult|Draco Meteor|p1a: Ursaluna
|-damage|p1a: Ursaluna|48/100
|-unboost|p2a: Dragapult|spa|2
|move|p1a: Ursaluna|Ice Punch|p2a: Dragapult
|-supereffective|p2a: Dragapult
|-damage|p2a: Dragapult|0 fnt
|faint|p2a: Dragapult
|
|-heal|p1a: Ursaluna|54/100|[from] item: Leftovers
|upkeep
|
|t:|1779717866
|switch|p2a: Ogerpon|Ogerpon-Wellspring, F|100/100
|-damage|p2a: Ogerpon|88/100|[from] Stealth Rock
|turn|7
|
|t:|1779717872
|switch|p1a: Clefable|Clefable, F|94/100
|move|p2a: Ogerpon|Ivy Cudgel|p1a: Clefable|[anim] Ivy Cudgel Water
|-damage|p1a: Clefable|48/100
|
|upkeep
|turn|8
|
|t:|1779717891
|-terastallize|p2a: Ogerpon|Water
|detailschange|p2a: Ogerpon|Ogerpon-Wellspring-Tera, F, tera:Water
|-ability|p2a: Ogerpon|Embody Aspect (Wellspring)|boost
|-boost|p2a: Ogerpon|spd|1
|move|p2a: Ogerpon|Ivy Cudgel|p1a: Clefable|[anim] Ivy Cudgel Water
|-damage|p1a: Clefable|0 fnt
|faint|p1a: Clefable
|
|upkeep
|
|t:|1779717896
|switch|p1a: Rillaboom|Rillaboom, M|100/100
|-fieldstart|move: Grassy Terrain|[from] ability: Grassy Surge|[of] p1a: Rillaboom
|turn|9
|
|t:|1779717903
|switch|p2a: Skarmory|Skarmory, F|100/100
|-damage|p2a: Skarmory|88/100|[from] Stealth Rock
|move|p1a: Rillaboom|U-turn|p2a: Skarmory
|-resisted|p2a: Skarmory
|-damage|p2a: Skarmory|83/100
|-damage|p1a: Rillaboom|84/100|[from] item: Rocky Helmet|[of] p2a: Skarmory
|
|t:|1779717916
|switch|p1a: Slowking|Slowking-Galar, M|100/100|[from] U-turn
|
|upkeep
|turn|10
|
|t:|1779717922
|move|p2a: Skarmory|Spikes|p1a: Slowking
|-sidestart|p1: beebeebaobao|Spikes
|move|p1a: Slowking|Thunder Wave|p2a: Skarmory
|-status|p2a: Skarmory|par
|
|upkeep
|turn|11
|
|t:|1779717927
|switch|p2a: Slowking|Slowking-Galar, F|100/100
|-damage|p2a: Slowking|88/100|[from] Stealth Rock
|move|p1a: Slowking|Hydro Pump|p2a: Slowking
|-damage|p2a: Slowking|71/100
|
|-heal|p2a: Slowking|77/100|[from] Grassy Terrain
|upkeep
|turn|12
|
|t:|1779717936
|move|p2a: Slowking|Future Sight|p1a: Slowking
|-start|p2a: Slowking|move: Future Sight
|-prepare|p1a: Slowking|Chilly Reception|[premajor]
|move|p1a: Slowking|Chilly Reception|p1a: Slowking
|-weather|Snowscape
|
|t:|1779717939
|switch|p1a: Ursaluna|Ursaluna, F|54/100|[from] Chilly Reception
|-damage|p1a: Ursaluna|42/100|[from] Spikes
|
|-weather|Snowscape|[upkeep]
|-heal|p1a: Ursaluna|48/100|[from] Grassy Terrain
|-heal|p1a: Ursaluna|54/100|[from] item: Leftovers
|-heal|p2a: Slowking|83/100|[from] Grassy Terrain
|upkeep
|turn|13
|
|t:|1779717946
|move|p1a: Ursaluna|High Horsepower|p2a: Slowking
|-supereffective|p2a: Slowking
|-damage|p2a: Slowking|0 fnt
|faint|p2a: Slowking
|
|-weather|Snowscape|[upkeep]
|-heal|p1a: Ursaluna|60/100|[from] Grassy Terrain
|-heal|p1a: Ursaluna|67/100|[from] item: Leftovers
|-fieldend|move: Grassy Terrain
|upkeep
|
|t:|1779717951
|switch|p2a: Ogerpon|Ogerpon-Wellspring-Tera, F, tera:Water|88/100
|-damage|p2a: Ogerpon|76/100|[from] Stealth Rock
|-ability|p2a: Ogerpon|Embody Aspect (Wellspring)|boost
|-boost|p2a: Ogerpon|spd|1
|turn|14
|
|t:|1779717956
|move|p1a: Ursaluna|Protect|p1a: Ursaluna
|-singleturn|p1a: Ursaluna|Protect
|move|p2a: Ogerpon|Knock Off|p1a: Ursaluna
|-activate|p1a: Ursaluna|move: Protect
|
|-weather|Snowscape|[upkeep]
|-end|p1a: Ursaluna|move: Future Sight
|-damage|p1a: Ursaluna|38/100
|-heal|p1a: Ursaluna|44/100|[from] item: Leftovers
|upkeep
|turn|15
|inactive|Battle timer is ON: inactive players will automatically lose when time's up. (requested by difspa)
|
|t:|1779718002
|move|p2a: Ogerpon|Ivy Cudgel|p1a: Ursaluna|[anim] Ivy Cudgel Water
|-supereffective|p1a: Ursaluna
|-damage|p1a: Ursaluna|0 fnt
|faint|p1a: Ursaluna
|
|-weather|Snowscape|[upkeep]
|upkeep
|
|t:|1779718009
|switch|p1a: Rillaboom|Rillaboom, M|84/100
|-damage|p1a: Rillaboom|72/100|[from] Spikes
|-fieldstart|move: Grassy Terrain|[from] ability: Grassy Surge|[of] p1a: Rillaboom
|turn|16
|
|t:|1779718017
|switch|p2a: Skarmory|Skarmory, F|83/100 par
|-damage|p2a: Skarmory|71/100 par|[from] Stealth Rock
|move|p1a: Rillaboom|Grassy Glide|p2a: Skarmory
|-resisted|p2a: Skarmory
|-damage|p2a: Skarmory|63/100 par
|-damage|p1a: Rillaboom|55/100|[from] item: Rocky Helmet|[of] p2a: Skarmory
|
|-weather|none
|-heal|p1a: Rillaboom|61/100|[from] Grassy Terrain
|upkeep
|turn|17
|
|t:|1779718026
|switch|p1a: Scizor|Scizor, F|100/100
|-damage|p1a: Scizor|88/100|[from] Spikes
|move|p2a: Skarmory|Roost|p2a: Skarmory
|-heal|p2a: Skarmory|100/100 par
|-singleturn|p2a: Skarmory|move: Roost
|
|-heal|p1a: Scizor|94/100|[from] Grassy Terrain
|upkeep
|turn|18
|
|t:|1779718035
|move|p1a: Scizor|Knock Off|p2a: Skarmory
|-damage|p2a: Skarmory|71/100 par
|-damage|p1a: Scizor|78/100|[from] item: Rocky Helmet|[of] p2a: Skarmory
|-enditem|p2a: Skarmory|Rocky Helmet|[from] move: Knock Off|[of] p1a: Scizor
|-damage|p1a: Scizor|68/100|[from] item: Life Orb
|move|p2a: Skarmory|Spikes|p1a: Scizor
|-sidestart|p1: beebeebaobao|Spikes
|
|-heal|p1a: Scizor|74/100|[from] Grassy Terrain
|upkeep
|turn|19
|
|t:|1779718041
|move|p1a: Scizor|Swords Dance|p1a: Scizor
|-boost|p1a: Scizor|atk|2
|move|p2a: Skarmory|Whirlwind|p1a: Scizor
|drag|p1a: Rillaboom|Rillaboom, M|61/100
|-damage|p1a: Rillaboom|45/100|[from] Spikes
|
|-heal|p1a: Rillaboom|51/100|[from] Grassy Terrain
|upkeep
|turn|20
|
|t:|1779718049
|move|p1a: Rillaboom|U-turn|p2a: Skarmory
|-resisted|p2a: Skarmory
|-damage|p2a: Skarmory|65/100 par
|
|t:|1779718052
|switch|p1a: Scizor|Scizor, F|74/100|[from] U-turn
|-damage|p1a: Scizor|58/100|[from] Spikes
|move|p2a: Skarmory|Body Press|p1a: Scizor
|-damage|p1a: Scizor|20/100
|
|-heal|p1a: Scizor|26/100|[from] Grassy Terrain
|-fieldend|move: Grassy Terrain
|upkeep
|turn|21
|
|t:|1779718060
|move|p1a: Scizor|Close Combat|p2a: Skarmory
|-damage|p2a: Skarmory|29/100 par
|-unboost|p1a: Scizor|def|1
|-unboost|p1a: Scizor|spd|1
|-damage|p1a: Scizor|16/100|[from] item: Life Orb
|cant|p2a: Skarmory|par
|
|upkeep
|turn|22
|
|t:|1779718069
|move|p1a: Scizor|Close Combat|p2a: Skarmory
|-damage|p2a: Skarmory|0 fnt
|-unboost|p1a: Scizor|def|1
|-unboost|p1a: Scizor|spd|1
|faint|p2a: Skarmory
|-damage|p1a: Scizor|6/100|[from] item: Life Orb
|
|upkeep
|
|t:|1779718076
|switch|p2a: Excadrill|Excadrill, M|100/100
|-damage|p2a: Excadrill|97/100|[from] Stealth Rock
|-item|p2a: Excadrill|Air Balloon
|turn|23
|
|t:|1779718079
|move|p1a: Scizor|Bullet Punch|p2a: Excadrill
|-resisted|p2a: Excadrill
|-damage|p2a: Excadrill|68/100
|-enditem|p2a: Excadrill|Air Balloon
|-damage|p1a: Scizor|0 fnt|[from] item: Life Orb
|faint|p1a: Scizor
|move|p2a: Excadrill|Rapid Spin|p1: Scizor|[notarget]
|-fail|p2a: Excadrill
|
|upkeep
|inactive|beebeebaobao has 120 seconds left.
|
|t:|1779718110
|switch|p1a: Rillaboom|Rillaboom, M|51/100
|-damage|p1a: Rillaboom|35/100|[from] Spikes
|-fieldstart|move: Grassy Terrain|[from] ability: Grassy Surge|[of] p1a: Rillaboom
|turn|24
|inactive|beebeebaobao has 120 seconds left.
|
|t:|1779718128
|switch|p2a: Tyranitar|Tyranitar, F|100/100
|-weather|Sandstorm|[from] ability: Sand Stream|[of] p2a: Tyranitar
|move|p1a: Rillaboom|Grassy Glide|p2a: Tyranitar
|-supereffective|p2a: Tyranitar
|-damage|p2a: Tyranitar|22/100
|
|-weather|Sandstorm|[upkeep]
|-damage|p1a: Rillaboom|29/100|[from] Sandstorm
|-heal|p1a: Rillaboom|35/100|[from] Grassy Terrain
|-heal|p2a: Tyranitar|28/100|[from] Grassy Terrain
|upkeep
|turn|25
|
|t:|1779718137
|move|p1a: Rillaboom|Grassy Glide|p2a: Tyranitar
|-supereffective|p2a: Tyranitar
|-crit|p2a: Tyranitar
|-damage|p2a: Tyranitar|0 fnt
|faint|p2a: Tyranitar
|
|-weather|Sandstorm|[upkeep]
|-damage|p1a: Rillaboom|29/100|[from] Sandstorm
|-heal|p1a: Rillaboom|35/100|[from] Grassy Terrain
|upkeep
|
|t:|1779718141
|switch|p2a: Excadrill|Excadrill, M|68/100
|-damage|p2a: Excadrill|65/100|[from] Stealth Rock
|turn|26
|
|t:|1779718149
|move|p1a: Rillaboom|Grassy Glide|p2a: Excadrill
|-damage|p2a: Excadrill|0 fnt
|faint|p2a: Excadrill
|
|-weather|Sandstorm|[upkeep]
|-damage|p1a: Rillaboom|29/100|[from] Sandstorm
|-heal|p1a: Rillaboom|35/100|[from] Grassy Terrain
|upkeep
|-message|difspa forfeited.
|
|win|beebeebaobao
|raw|beebeebaobao's rating: 1590 &rarr; <strong>1611</strong><br />(+21 for winning)
|raw|difspa's rating: 1608 &rarr; <strong>1587</strong><br />(-21 for losing)
|l|☆difspa
|player|p2|
