|j|☆kleabof
|j|☆CameIIya
|t:|1779688994
|gametype|singles
|player|p1|kleabof|steven|1081
|player|p2|CameIIya|170|1104
|gen|9
|tier|[Gen 9] OU
|rated|
|rule|HP Percentage Mod: HP is shown in percentages
|rule|Endless Battle Clause: Forcing endless battles is banned
|rule|Species Clause: Limit one of each Pokémon
|rule|OHKO Clause: OHKO moves are banned
|rule|Evasion Items Clause: Evasion items are banned
|rule|Evasion Moves Clause: Evasion moves are banned
|rule|Evasion Abilities Clause: Evasion abilities are banned
|rule|Sleep Moves Clause: Sleep-inducing moves are banned
|clearpoke
|poke|p1|Darkrai|
|poke|p1|Ceruledge, M|
|poke|p1|Kingambit, F|
|poke|p1|Dragapult, F|
|poke|p1|Dragonite, M|
|poke|p1|Gholdengo|
|poke|p2|Chandelure, F|
|poke|p2|Gastrodon, F|
|poke|p2|Azumarill, F|
|poke|p2|Scizor, F|
|poke|p2|Corviknight, F|
|poke|p2|Ogerpon-Cornerstone, F|
|teampreview
|
|t:|1779688998
|teamsize|p1|6
|teamsize|p2|6
|start
|switch|p1a: Darkrai|Darkrai, shiny|100/100
|switch|p2a: Azumarill|Azumarill, F|100/100
|turn|1
|inactive|Battle timer is ON: inactive players will automatically lose when time's up. (requested by kleabof)
|
|t:|1779689006
|switch|p1a: Gholdengo|Gholdengo, shiny|100/100
|move|p2a: Azumarill|Liquidation|p1a: Gholdengo
|-damage|p1a: Gholdengo|2/100
|-unboost|p1a: Gholdengo|def|1
|
|upkeep
|turn|2
|
|t:|1779689014
|move|p1a: Gholdengo|Shadow Ball|p2a: Azumarill
|-damage|p2a: Azumarill|57/100
|move|p2a: Azumarill|Liquidation|p1a: Gholdengo
|-damage|p1a: Gholdengo|0 fnt
|faint|p1a: Gholdengo
|
|upkeep
|
|t:|1779689023
|switch|p1a: Dragonite|Dragonite, M, shiny|100/100
|turn|3
|
|t:|1779689027
|move|p1a: Dragonite|Earthquake|p2a: Azumarill
|-damage|p2a: Azumarill|19/100
|move|p2a: Azumarill|Liquidation|p1a: Dragonite
|-resisted|p1a: Dragonite
|-damage|p1a: Dragonite|80/100
|
|upkeep
|turn|4
|
|t:|1779689036
|switch|p2a: Corviknight|Corviknight, F|100/100
|-ability|p2a: Corviknight|Pressure
|move|p1a: Dragonite|Earthquake|p2a: Corviknight
|-immune|p2a: Corviknight
|
|upkeep
|turn|5
|
|t:|1779689045
|move|p1a: Dragonite|Dragon Dance|p1a: Dragonite
|-boost|p1a: Dragonite|atk|1
|-boost|p1a: Dragonite|spe|1
|move|p2a: Corviknight|Brave Bird|p1a: Dragonite
|-damage|p1a: Dragonite|38/100
|-damage|p2a: Corviknight|89/100|[from] Recoil
|
|-heal|p2a: Corviknight|95/100|[from] item: Leftovers
|upkeep
|turn|6
|
|t:|1779689055
|move|p1a: Dragonite|Ice Spinner|p2a: Corviknight
|-damage|p2a: Corviknight|62/100
|move|p2a: Corviknight|Bulk Up|p2a: Corviknight
|-boost|p2a: Corviknight|atk|1
|-boost|p2a: Corviknight|def|1
|
|-heal|p2a: Corviknight|68/100|[from] item: Leftovers
|upkeep
|turn|7
|
|t:|1779689065
|move|p1a: Dragonite|Dragon Dance|p1a: Dragonite
|-boost|p1a: Dragonite|atk|1
|-boost|p1a: Dragonite|spe|1
|move|p2a: Corviknight|Bulk Up|p2a: Corviknight
|-boost|p2a: Corviknight|atk|1
|-boost|p2a: Corviknight|def|1
|
|-heal|p2a: Corviknight|74/100|[from] item: Leftovers
|upkeep
|turn|8
|
|t:|1779689076
|move|p1a: Dragonite|Dragon Dance|p1a: Dragonite
|-boost|p1a: Dragonite|atk|1
|-boost|p1a: Dragonite|spe|1
|move|p2a: Corviknight|Roost|p2a: Corviknight
|-heal|p2a: Corviknight|100/100
|-singleturn|p2a: Corviknight|move: Roost
|
|upkeep
|turn|9
|
|t:|1779689084
|move|p1a: Dragonite|Earthquake|p2a: Corviknight
|-immune|p2a: Corviknight
|move|p2a: Corviknight|Brave Bird|p1a: Dragonite
|-damage|p1a: Dragonite|0 fnt
|faint|p1a: Dragonite
|-damage|p2a: Corviknight|90/100|[from] Recoil
|
|-heal|p2a: Corviknight|97/100|[from] item: Leftovers
|upkeep
|
|t:|1779689095
|switch|p1a: Ceruledge|Ceruledge, M, shiny|100/100
|turn|10
|
|t:|1779689098
|move|p1a: Ceruledge|Poltergeist|p2a: Corviknight
|-activate|p2a: Corviknight|move: Poltergeist|Leftovers
|-damage|p2a: Corviknight|73/100
|move|p2a: Corviknight|Brave Bird|p1a: Ceruledge
|-enditem|p1a: Ceruledge|Focus Sash
|-damage|p1a: Ceruledge|1/100
|-ability|p1a: Ceruledge|Weak Armor|boost
|-unboost|p1a: Ceruledge|def|1
|-boost|p1a: Ceruledge|spe|2
|-damage|p2a: Corviknight|49/100|[from] Recoil
|
|-heal|p2a: Corviknight|56/100|[from] item: Leftovers
|upkeep
|turn|11
|
|t:|1779689113
|move|p1a: Ceruledge|Bitter Blade|p2a: Corviknight
|-supereffective|p2a: Corviknight
|-damage|p2a: Corviknight|21/100
|-heal|p1a: Ceruledge|25/100|[from] drain|[of] p2a: Corviknight
|move|p2a: Corviknight|Brave Bird|p1a: Ceruledge
|-damage|p1a: Ceruledge|0 fnt
|faint|p1a: Ceruledge
|-damage|p2a: Corviknight|15/100|[from] Recoil
|
|-heal|p2a: Corviknight|22/100|[from] item: Leftovers
|upkeep
|
|t:|1779689126
|switch|p1a: Kingambit|Kingambit, F, shiny|100/100
|turn|12
|
|t:|1779689130
|move|p2a: Corviknight|Brave Bird|p1a: Kingambit
|-resisted|p1a: Kingambit
|-damage|p1a: Kingambit|73/100
|-damage|p2a: Corviknight|13/100|[from] Recoil
|move|p1a: Kingambit|Kowtow Cleave|p2a: Corviknight
|-damage|p2a: Corviknight|0 fnt
|faint|p2a: Corviknight
|
|upkeep
|
|t:|1779689146
|switch|p2a: Gastrodon|Gastrodon, F|100/100
|turn|13
|
|t:|1779689152
|-terastallize|p1a: Kingambit|Flying
|move|p1a: Kingambit|Swords Dance|p1a: Kingambit
|-boost|p1a: Kingambit|atk|2
|move|p2a: Gastrodon|Earth Power|p1a: Kingambit
|-immune|p1a: Kingambit
|
|upkeep
|turn|14
|
|t:|1779689160
|move|p1a: Kingambit|Sucker Punch|p2a: Gastrodon
|-damage|p2a: Gastrodon|0 fnt
|faint|p2a: Gastrodon
|
|upkeep
|
|t:|1779689167
|switch|p2a: Chandelure|Chandelure, F|100/100
|turn|15
|
|t:|1779689171
|move|p1a: Kingambit|Sucker Punch||[still]
|-fail|p1a: Kingambit
|move|p2a: Chandelure|Trick|p1a: Kingambit
|-activate|p2a: Chandelure|move: Trick|[of] p1a: Kingambit
|-item|p1a: Kingambit|Choice Scarf|[from] move: Trick
|-item|p2a: Chandelure|Dread Plate|[from] move: Trick
|
|upkeep
|turn|16
|
|t:|1779689183
|move|p2a: Chandelure|Shadow Ball|p1a: Kingambit
|-damage|p1a: Kingambit|29/100
|move|p1a: Kingambit|Kowtow Cleave|p2a: Chandelure
|-supereffective|p2a: Chandelure
|-damage|p2a: Chandelure|0 fnt
|faint|p2a: Chandelure
|
|upkeep
|
|t:|1779689191
|switch|p2a: Scizor|Scizor, F|100/100
|turn|17
|
|t:|1779689198
|move|p2a: Scizor|Bullet Punch|p1a: Kingambit
|-damage|p1a: Kingambit|9/100
|move|p1a: Kingambit|Kowtow Cleave|p2a: Scizor
|-damage|p2a: Scizor|25/100
|
|-heal|p2a: Scizor|31/100|[from] item: Leftovers
|upkeep
|turn|18
|
|t:|1779689208
|switch|p1a: Dragapult|Dragapult, F, shiny|100/100
|move|p2a: Scizor|Bullet Punch|p1a: Dragapult
|-damage|p1a: Dragapult|65/100
|
|-heal|p2a: Scizor|37/100|[from] item: Leftovers
|upkeep
|turn|19
|
|t:|1779689216
|move|p1a: Dragapult|Hex|p2a: Scizor
|-damage|p2a: Scizor|5/100
|move|p2a: Scizor|Knock Off|p1a: Dragapult
|-supereffective|p1a: Dragapult
|-damage|p1a: Dragapult|0 fnt
|-enditem|p1a: Dragapult|Heavy-Duty Boots|[from] move: Knock Off|[of] p2a: Scizor
|faint|p1a: Dragapult
|
|-heal|p2a: Scizor|11/100|[from] item: Leftovers
|upkeep
|
|t:|1779689227
|switch|p1a: Darkrai|Darkrai, shiny|100/100
|turn|20
|
|t:|1779689231
|move|p2a: Scizor|Bullet Punch|p1a: Darkrai
|-damage|p1a: Darkrai|65/100
|move|p1a: Darkrai|Dark Pulse|p2a: Scizor
|-damage|p2a: Scizor|0 fnt
|faint|p2a: Scizor
|
|-heal|p1a: Darkrai|71/100|[from] item: Leftovers
|upkeep
|
|t:|1779689241
|switch|p2a: Ogerpon|Ogerpon-Cornerstone, F|100/100
|turn|21
|
|t:|1779689246
|-terastallize|p2a: Ogerpon|Rock
|detailschange|p2a: Ogerpon|Ogerpon-Cornerstone-Tera, F, tera:Rock
|-ability|p2a: Ogerpon|Embody Aspect (Cornerstone)|boost
|-boost|p2a: Ogerpon|def|1
|move|p1a: Darkrai|Nasty Plot|p1a: Darkrai
|-boost|p1a: Darkrai|spa|2
|move|p2a: Ogerpon|Trailblaze|p1a: Darkrai
|-damage|p1a: Darkrai|33/100
|-boost|p2a: Ogerpon|spe|1
|
|-heal|p1a: Darkrai|39/100|[from] item: Leftovers
|upkeep
|turn|22
|
|t:|1779689260
|move|p2a: Ogerpon|Ivy Cudgel|p1a: Darkrai|[anim] Ivy Cudgel Rock
|-damage|p1a: Darkrai|0 fnt
|faint|p1a: Darkrai
|
|upkeep
|
|t:|1779689266
|switch|p1a: Kingambit|Kingambit, F, shiny, tera:Flying|9/100
|turn|23
|
|t:|1779689269
|move|p1a: Kingambit|Sucker Punch|p2a: Ogerpon
|-damage|p2a: Ogerpon|62/100
|move|p2a: Ogerpon|Horn Leech|p1a: Kingambit
|-resisted|p1a: Kingambit
|-damage|p1a: Kingambit|0 fnt
|-heal|p2a: Ogerpon|67/100|[from] drain|[of] p1a: Kingambit
|faint|p1a: Kingambit
|
|win|CameIIya
|raw|kleabof's rating: 1081 &rarr; <strong>1060</strong><br />(-21 for losing)
|raw|CameIIya's rating: 1104 &rarr; <strong>1127</strong><br />(+23 for winning)
|l|☆CameIIya
|player|p2|
|l|☆kleabof
|player|p1|
