|j|☆Bigger Yeagle
|j|☆DaddyPigIsThiqq
|t:|1779563902
|gametype|singles
|player|p1|Bigger Yeagle|101|1565
|player|p2|DaddyPigIsThiqq|265|1518
|gen|9
|tier|[Gen 9] OU
|rated|
|rule|HP Percentage Mod: HP is shown in percentages
|rule|Endless Battle Clause: Forcing endless battles is banned
|rule|Species Clause: Limit one of each Pokémon
|rule|OHKO Clause: OHKO moves are banned
|rule|Evasion Items Clause: Evasion items are banned
|rule|Evasion Moves Clause: Evasion moves are banned
|rule|Evasion Abilities Clause: Evasion abilities are banned
|rule|Sleep Moves Clause: Sleep-inducing moves are banned
|clearpoke
|poke|p1|Pelipper, F|
|poke|p1|Barraskewda, F|
|poke|p1|Raging Bolt|
|poke|p1|Kingambit, M|
|poke|p1|Dragalge, F|
|poke|p1|Iron Treads|
|poke|p2|Great Tusk|
|poke|p2|Pecharunt|
|poke|p2|Iron Valiant|
|poke|p2|Iron Crown|
|poke|p2|Samurott-Hisui, M|
|poke|p2|Dragonite, M|
|teampreview
|
|t:|1779563916
|teamsize|p1|6
|teamsize|p2|6
|start
|switch|p1a: Pelipper|Pelipper, F|100/100
|switch|p2a: Iron Valiant|Iron Valiant, shiny|100/100
|-weather|RainDance|[from] ability: Drizzle|[of] p1a: Pelipper
|turn|1
|
|t:|1779563922
|switch|p1a: Iron Treads|Iron Treads|100/100
|-enditem|p1a: Iron Treads|Booster Energy
|-activate|p1a: Iron Treads|ability: Quark Drive|[fromitem]
|-start|p1a: Iron Treads|quarkdrivespe
|-terastallize|p2a: Iron Valiant|Fairy
|move|p2a: Iron Valiant|Moonblast|p1a: Iron Treads
|-resisted|p1a: Iron Treads
|-damage|p1a: Iron Treads|43/100
|
|-weather|RainDance|[upkeep]
|upkeep
|turn|2
|
|t:|1779563932
|-end|p2a: Iron Valiant|Quark Drive|[silent]
|switch|p2a: Pecharunt|Pecharunt|100/100
|move|p1a: Iron Treads|Earth Power|p2a: Pecharunt
|-supereffective|p2a: Pecharunt
|-damage|p2a: Pecharunt|54/100
|
|-weather|RainDance|[upkeep]
|upkeep
|turn|3
|
|t:|1779563939
|switch|p2a: Samurott|Samurott-Hisui, M, shiny|100/100
|move|p1a: Iron Treads|Volt Switch|p2a: Samurott
|-supereffective|p2a: Samurott
|-damage|p2a: Samurott|61/100
|
|t:|1779563951
|-end|p1a: Iron Treads|Quark Drive|[silent]
|switch|p1a: Raging Bolt|Raging Bolt|100/100|[from] Volt Switch
|
|-weather|RainDance|[upkeep]
|upkeep
|turn|4
|
|t:|1779563959
|move|p2a: Samurott|Ceaseless Edge|p1a: Raging Bolt
|-damage|p1a: Raging Bolt|48/100
|-sidestart|p1: Bigger Yeagle|Spikes
|move|p1a: Raging Bolt|Draco Meteor|p2a: Samurott|[miss]
|-miss|p1a: Raging Bolt|p2a: Samurott
|
|-weather|RainDance|[upkeep]
|upkeep
|turn|5
|
|t:|1779563977
|-end|p1a: Raging Bolt|Protosynthesis|[silent]
|switch|p1a: Pelipper|Pelipper, F|100/100
|move|p2a: Samurott|Sucker Punch||[still]
|-fail|p2a: Samurott
|
|-weather|RainDance|[upkeep]
|upkeep
|turn|6
|inactive|Battle timer is ON: inactive players will automatically lose when time's up. (requested by DaddyPigIsThiqq)
|
|t:|1779563987
|switch|p2a: Pecharunt|Pecharunt|54/100
|move|p1a: Pelipper|Hurricane|p2a: Pecharunt
|-damage|p2a: Pecharunt|16/100
|
|-weather|RainDance|[upkeep]
|upkeep
|turn|7
|
|t:|1779563992
|switch|p1a: Dragalge|Dragalge, F|100/100
|-damage|p1a: Dragalge|88/100|[from] Spikes
|move|p2a: Pecharunt|Malignant Chain|p1a: Dragalge
|-resisted|p1a: Dragalge
|-damage|p1a: Dragalge|74/100
|
|-weather|RainDance|[upkeep]
|upkeep
|turn|8
|
|t:|1779563997
|move|p2a: Pecharunt|Recover|p2a: Pecharunt
|-heal|p2a: Pecharunt|66/100
|move|p1a: Dragalge|Scald|p2a: Pecharunt
|-damage|p2a: Pecharunt|12/100
|
|-weather|none
|upkeep
|turn|9
|
|t:|1779564015
|switch|p1a: Kingambit|Kingambit, M|100/100
|-damage|p1a: Kingambit|88/100|[from] Spikes
|move|p2a: Pecharunt|Recover|p2a: Pecharunt
|-heal|p2a: Pecharunt|62/100
|
|-heal|p1a: Kingambit|94/100|[from] item: Leftovers
|upkeep
|turn|10
|
|t:|1779564019
|-end|p1a: Kingambit|fallenundefined|[silent]
|switch|p1a: Iron Treads|Iron Treads|43/100
|-damage|p1a: Iron Treads|30/100|[from] Spikes
|move|p2a: Pecharunt|Parting Shot|p1a: Iron Treads
|-unboost|p1a: Iron Treads|atk|1
|-unboost|p1a: Iron Treads|spa|1
|
|t:|1779564027
|switch|p2a: Iron Valiant|Iron Valiant, shiny, tera:Fairy|100/100|[from] Parting Shot
|
|upkeep
|turn|11
|
|t:|1779564035
|move|p2a: Iron Valiant|Moonblast|p1a: Iron Treads
|-resisted|p1a: Iron Treads
|-damage|p1a: Iron Treads|0 fnt
|faint|p1a: Iron Treads
|-end|p1a: Iron Treads|Quark Drive|[silent]
|
|upkeep
|
|t:|1779564037
|switch|p1a: Pelipper|Pelipper, F|100/100
|-weather|RainDance|[from] ability: Drizzle|[of] p1a: Pelipper
|turn|12
|
|t:|1779564044
|switch|p1a: Dragalge|Dragalge, F|74/100
|-damage|p1a: Dragalge|62/100|[from] Spikes
|move|p2a: Iron Valiant|Moonblast|p1a: Dragalge
|-damage|p1a: Dragalge|0 fnt
|faint|p1a: Dragalge
|
|-weather|RainDance|[upkeep]
|upkeep
|
|t:|1779564046
|switch|p1a: Barraskewda|Barraskewda, F|100/100
|-damage|p1a: Barraskewda|88/100|[from] Spikes
|turn|13
|
|t:|1779564052
|-end|p2a: Iron Valiant|Quark Drive|[silent]
|switch|p2a: Pecharunt|Pecharunt|62/100
|move|p1a: Barraskewda|Liquidation|p2a: Pecharunt
|-damage|p2a: Pecharunt|15/100
|-damage|p1a: Barraskewda|72/100|[from] item: Rocky Helmet|[of] p2a: Pecharunt
|
|-weather|RainDance|[upkeep]
|upkeep
|turn|14
|
|t:|1779564059
|move|p1a: Barraskewda|Liquidation|p2a: Pecharunt
|-damage|p2a: Pecharunt|0 fnt
|-damage|p1a: Barraskewda|56/100|[from] item: Rocky Helmet|[of] p2a: Pecharunt
|faint|p2a: Pecharunt
|
|-weather|RainDance|[upkeep]
|upkeep
|
|t:|1779564066
|switch|p2a: Samurott|Samurott-Hisui, M, shiny|61/100
|turn|15
|
|t:|1779564072
|switch|p1a: Raging Bolt|Raging Bolt|48/100
|-damage|p1a: Raging Bolt|36/100|[from] Spikes
|move|p2a: Samurott|Knock Off|p1a: Raging Bolt
|-damage|p1a: Raging Bolt|0 fnt
|-enditem|p1a: Raging Bolt|Choice Specs|[from] move: Knock Off|[of] p2a: Samurott
|faint|p1a: Raging Bolt
|-end|p1a: Raging Bolt|Protosynthesis|[silent]
|
|-weather|RainDance|[upkeep]
|upkeep
|
|t:|1779564076
|switch|p1a: Kingambit|Kingambit, M|94/100
|-damage|p1a: Kingambit|82/100|[from] Spikes
|-activate|p1a: Kingambit|ability: Supreme Overlord
|-start|p1a: Kingambit|fallen3|[silent]
|turn|16
|
|t:|1779564080
|move|p2a: Samurott|Flip Turn|p1a: Kingambit
|-damage|p1a: Kingambit|41/100
|
|t:|1779564083
|switch|p2a: Great Tusk|Great Tusk, shiny|100/100|[from] Flip Turn
|move|p1a: Kingambit|Low Kick|p2a: Great Tusk
|-damage|p2a: Great Tusk|63/100
|
|-weather|RainDance|[upkeep]
|-heal|p1a: Kingambit|47/100|[from] item: Leftovers
|upkeep
|turn|17
|
|t:|1779564088
|-end|p1a: Kingambit|fallen3|[silent]
|switch|p1a: Pelipper|Pelipper, F|100/100
|move|p2a: Great Tusk|Stealth Rock|p1a: Pelipper
|-sidestart|p1: Bigger Yeagle|move: Stealth Rock
|
|-weather|RainDance|[upkeep]
|upkeep
|turn|18
|
|t:|1779564096
|move|p2a: Great Tusk|Ice Spinner|p1a: Pelipper
|-damage|p1a: Pelipper|80/100
|move|p1a: Pelipper|Hurricane|p2a: Great Tusk
|-supereffective|p2a: Great Tusk
|-damage|p2a: Great Tusk|0 fnt
|faint|p2a: Great Tusk
|-end|p2a: Great Tusk|Protosynthesis|[silent]
|
|-weather|RainDance|[upkeep]
|upkeep
|
|t:|1779564101
|switch|p2a: Iron Valiant|Iron Valiant, shiny, tera:Fairy|100/100
|turn|19
|
|t:|1779564105
|switch|p1a: Kingambit|Kingambit, M|47/100
|-damage|p1a: Kingambit|34/100|[from] Spikes
|-damage|p1a: Kingambit|28/100|[from] Stealth Rock
|-activate|p1a: Kingambit|ability: Supreme Overlord
|-start|p1a: Kingambit|fallen3|[silent]
|move|p2a: Iron Valiant|Moonblast|p1a: Kingambit
|-damage|p1a: Kingambit|0 fnt
|faint|p1a: Kingambit
|-end|p1a: Kingambit|fallen3|[silent]
|
|-weather|none
|upkeep
|
|t:|1779564109
|switch|p1a: Pelipper|Pelipper, F|80/100
|-damage|p1a: Pelipper|56/100|[from] Stealth Rock
|-weather|RainDance|[from] ability: Drizzle|[of] p1a: Pelipper
|turn|20
|
|t:|1779564113
|move|p2a: Iron Valiant|Moonblast|p1a: Pelipper
|-damage|p1a: Pelipper|0 fnt
|faint|p1a: Pelipper
|
|-weather|RainDance|[upkeep]
|upkeep
|c|☆DaddyPigIsThiqq|gg
|
|t:|1779564136
|switch|p1a: Barraskewda|Barraskewda, F|56/100
|-damage|p1a: Barraskewda|43/100|[from] Spikes
|-damage|p1a: Barraskewda|31/100|[from] Stealth Rock
|turn|21
|
|t:|1779564140
|-end|p2a: Iron Valiant|Quark Drive|[silent]
|switch|p2a: Iron Crown|Iron Crown|100/100
|move|p1a: Barraskewda|Liquidation|p2a: Iron Crown
|-damage|p2a: Iron Crown|0 fnt
|faint|p2a: Iron Crown
|-end|p2a: Iron Crown|Quark Drive|[silent]
|
|-weather|RainDance|[upkeep]
|upkeep
|
|t:|1779564142
|switch|p2a: Iron Valiant|Iron Valiant, shiny, tera:Fairy|100/100
|turn|22
|inactive|Bigger Yeagle has 120 seconds left.
|
|t:|1779564183
|move|p2a: Iron Valiant|Vacuum Wave|p1a: Barraskewda
|-damage|p1a: Barraskewda|0 fnt
|faint|p1a: Barraskewda
|
|win|DaddyPigIsThiqq
|raw|Bigger Yeagle's rating: 1565 &rarr; <strong>1542</strong><br />(-23 for losing)
|raw|DaddyPigIsThiqq's rating: 1518 &rarr; <strong>1541</strong><br />(+23 for winning)
|l|☆Bigger Yeagle
|player|p1|
