|j|☆Purple Amoonguss
|j|☆greninjio
|t:|1779566551
|gametype|singles
|player|p1|Purple Amoonguss|morty|1580
|player|p2|greninjio|266|1582
|gen|9
|tier|[Gen 9] OU
|rated|
|rule|HP Percentage Mod: HP is shown in percentages
|rule|Endless Battle Clause: Forcing endless battles is banned
|rule|Species Clause: Limit one of each Pokémon
|rule|OHKO Clause: OHKO moves are banned
|rule|Evasion Items Clause: Evasion items are banned
|rule|Evasion Moves Clause: Evasion moves are banned
|rule|Evasion Abilities Clause: Evasion abilities are banned
|rule|Sleep Moves Clause: Sleep-inducing moves are banned
|clearpoke
|poke|p1|Gliscor, M|
|poke|p1|Heatran, M|
|poke|p1|Sinistcha|
|poke|p1|Corviknight, M|
|poke|p1|Tentacruel, M|
|poke|p1|Darkrai|
|poke|p2|Ursaluna, M|
|poke|p2|Dragapult, M|
|poke|p2|Alomomola, M|
|poke|p2|Kingambit, M|
|poke|p2|Great Tusk|
|poke|p2|Moltres|
|teampreview
|inactive|Battle timer is ON: inactive players will automatically lose when time's up. (requested by greninjio)
|
|t:|1779566569
|teamsize|p1|6
|teamsize|p2|6
|start
|switch|p1a: Tentacruel|Tentacruel, M, shiny|100/100
|switch|p2a: Great Tusk|Great Tusk|100/100
|turn|1
|inactive|Purple Amoonguss has 120 seconds left.
|inactive|Purple Amoonguss has 90 seconds left.
|
|t:|1779566637
|switch|p1a: Gliscor|Gliscor, M|100/100
|move|p2a: Great Tusk|Headlong Rush|p1a: Gliscor
|-immune|p1a: Gliscor
|
|-status|p1a: Gliscor|tox|[from] item: Toxic Orb
|upkeep
|turn|2
|inactive|Purple Amoonguss has 90 seconds left.
|inactive|greninjio has 120 seconds left.
|
|t:|1779566669
|-end|p2a: Great Tusk|Protosynthesis|[silent]
|switch|p2a: Kingambit|Kingambit, M|100/100
|switch|p1a: Corviknight|Corviknight, M|100/100
|-ability|p1a: Corviknight|Pressure
|
|upkeep
|turn|3
|
|t:|1779566676
|-end|p2a: Kingambit|fallenundefined|[silent]
|switch|p2a: Moltres|Moltres|100/100
|move|p1a: Corviknight|U-turn|p2a: Moltres
|-resisted|p2a: Moltres
|-damage|p2a: Moltres|97/100
|
|t:|1779566688
|switch|p1a: Tentacruel|Tentacruel, M, shiny|100/100|[from] U-turn
|
|upkeep
|turn|4
|
|t:|1779566700
|switch|p2a: Alomomola|Alomomola, M|100/100
|move|p1a: Tentacruel|Knock Off|p2a: Alomomola
|-damage|p2a: Alomomola|93/100
|-enditem|p2a: Alomomola|Heavy-Duty Boots|[from] move: Knock Off|[of] p1a: Tentacruel
|
|upkeep
|turn|5
|
|t:|1779566707
|move|p1a: Tentacruel|Sludge Bomb|p2a: Alomomola
|-damage|p2a: Alomomola|52/100
|-status|p2a: Alomomola|psn
|move|p2a: Alomomola|Flip Turn|p1a: Tentacruel
|-resisted|p1a: Tentacruel
|-damage|p1a: Tentacruel|88/100
|
|t:|1779566719
|switch|p2a: Kingambit|Kingambit, M|100/100|[from] Flip Turn
|
|upkeep
|turn|6
|
|t:|1779566724
|switch|p1a: Corviknight|Corviknight, M|100/100
|-ability|p1a: Corviknight|Pressure
|move|p2a: Kingambit|Kowtow Cleave|p1a: Corviknight
|-damage|p1a: Corviknight|62/100
|-damage|p2a: Kingambit|84/100|[from] item: Rocky Helmet|[of] p1a: Corviknight
|
|upkeep
|turn|7
|
|t:|1779566739
|-end|p2a: Kingambit|fallenundefined|[silent]
|switch|p2a: Moltres|Moltres|97/100
|move|p1a: Corviknight|Roost|p1a: Corviknight
|-heal|p1a: Corviknight|100/100
|-singleturn|p1a: Corviknight|move: Roost
|
|upkeep
|turn|8
|
|t:|1779566748
|switch|p1a: Heatran|Heatran, M|100/100
|move|p2a: Moltres|U-turn|p1a: Heatran
|-resisted|p1a: Heatran
|-damage|p1a: Heatran|97/100
|
|t:|1779566765
|switch|p2a: Ursaluna|Ursaluna, M|100/100|[from] U-turn
|
|-heal|p1a: Heatran|100/100|[from] item: Leftovers
|-status|p2a: Ursaluna|brn|[from] item: Flame Orb
|upkeep
|turn|9
|
|t:|1779566772
|switch|p1a: Sinistcha|Sinistcha|100/100
|move|p2a: Ursaluna|Headlong Rush|p1a: Sinistcha
|-resisted|p1a: Sinistcha
|-damage|p1a: Sinistcha|58/100
|-unboost|p2a: Ursaluna|def|1
|-unboost|p2a: Ursaluna|spd|1
|
|-damage|p2a: Ursaluna|94/100 brn|[from] brn
|upkeep
|turn|10
|
|t:|1779566792
|switch|p2a: Moltres|Moltres|97/100
|move|p1a: Sinistcha|Strength Sap|p2a: Moltres
|-unboost|p2a: Moltres|atk|1
|-heal|p1a: Sinistcha|100/100
|
|upkeep
|turn|11
|
|t:|1779566800
|switch|p1a: Gliscor|Gliscor, M|100/100 tox
|move|p2a: Moltres|Flamethrower|p1a: Gliscor
|-damage|p1a: Gliscor|63/100 tox
|
|-heal|p1a: Gliscor|75/100 tox|[from] ability: Poison Heal
|upkeep
|turn|12
|
|t:|1779566805
|switch|p2a: Alomomola|Alomomola, M|85/100 psn
|move|p1a: Gliscor|Spikes|p2a: Alomomola
|-sidestart|p2: greninjio|Spikes
|
|-heal|p1a: Gliscor|88/100 tox|[from] ability: Poison Heal
|-damage|p2a: Alomomola|73/100 psn|[from] psn
|upkeep
|turn|13
|
|t:|1779566814
|move|p1a: Gliscor|Spikes|p2a: Alomomola
|-sidestart|p2: greninjio|Spikes
|move|p2a: Alomomola|Flip Turn|p1a: Gliscor
|-supereffective|p1a: Gliscor
|-crit|p1a: Gliscor
|-damage|p1a: Gliscor|50/100 tox
|
|t:|1779566837
|switch|p2a: Dragapult|Dragapult, M|100/100|[from] Flip Turn
|-damage|p2a: Dragapult|84/100|[from] Spikes
|
|-heal|p1a: Gliscor|62/100 tox|[from] ability: Poison Heal
|upkeep
|turn|14
|
|t:|1779566850
|-terastallize|p2a: Dragapult|Ghost
|move|p1a: Gliscor|Protect|p1a: Gliscor
|-singleturn|p1a: Gliscor|Protect
|move|p2a: Dragapult|Shadow Ball|p1a: Gliscor
|-activate|p1a: Gliscor|move: Protect
|
|-heal|p1a: Gliscor|75/100 tox|[from] ability: Poison Heal
|upkeep
|turn|15
|
|t:|1779566871
|-terastallize|p1a: Gliscor|Dark
|move|p2a: Dragapult|Shadow Ball|p1a: Gliscor
|-resisted|p1a: Gliscor
|-damage|p1a: Gliscor|46/100 tox
|move|p1a: Gliscor|Knock Off|p2a: Dragapult
|-supereffective|p2a: Dragapult
|-damage|p2a: Dragapult|0 fnt
|-enditem|p2a: Dragapult|Choice Specs|[from] move: Knock Off|[of] p1a: Gliscor
|faint|p2a: Dragapult
|
|-heal|p1a: Gliscor|58/100 tox|[from] ability: Poison Heal
|upkeep
|
|t:|1779566880
|switch|p2a: Ursaluna|Ursaluna, M|94/100 brn
|-damage|p2a: Ursaluna|78/100 brn|[from] Spikes
|turn|16
|
|t:|1779566884
|switch|p1a: Corviknight|Corviknight, M|100/100
|-ability|p1a: Corviknight|Pressure
|move|p2a: Ursaluna|Swords Dance|p2a: Ursaluna
|-boost|p2a: Ursaluna|atk|2
|
|-damage|p2a: Ursaluna|72/100 brn|[from] brn
|upkeep
|turn|17
|
|t:|1779566889
|move|p2a: Ursaluna|Fire Punch|p1a: Corviknight
|-supereffective|p1a: Corviknight
|-damage|p1a: Corviknight|0 fnt
|-damage|p2a: Ursaluna|55/100 brn|[from] item: Rocky Helmet|[of] p1a: Corviknight
|faint|p1a: Corviknight
|
|-damage|p2a: Ursaluna|49/100 brn|[from] brn
|upkeep
|
|t:|1779566900
|switch|p1a: Tentacruel|Tentacruel, M, shiny|88/100
|turn|18
|inactive|greninjio has 120 seconds left.
|
|t:|1779566938
|switch|p2a: Alomomola|Alomomola, M|100/100 psn
|-damage|p2a: Alomomola|84/100 psn|[from] Spikes
|move|p1a: Tentacruel|Surf|p2a: Alomomola
|-resisted|p2a: Alomomola
|-damage|p2a: Alomomola|63/100 psn
|
|-damage|p2a: Alomomola|50/100 psn|[from] psn
|upkeep
|turn|19
|inactive|greninjio has 120 seconds left.
|
|t:|1779566956
|switch|p2a: Kingambit|Kingambit, M|84/100
|-damage|p2a: Kingambit|67/100|[from] Spikes
|-activate|p2a: Kingambit|ability: Supreme Overlord
|-start|p2a: Kingambit|fallen1|[silent]
|move|p1a: Tentacruel|Sludge Bomb|p2a: Kingambit
|-immune|p2a: Kingambit
|
|upkeep
|turn|20
|inactive|greninjio has 120 seconds left.
|
|t:|1779566969
|switch|p1a: Gliscor|Gliscor, M, tera:Dark|58/100 tox
|move|p2a: Kingambit|Kowtow Cleave|p1a: Gliscor
|-resisted|p1a: Gliscor
|-damage|p1a: Gliscor|30/100 tox
|
|-heal|p1a: Gliscor|43/100 tox|[from] ability: Poison Heal
|upkeep
|turn|21
|inactive|greninjio has 120 seconds left.
|
|t:|1779566980
|-end|p2a: Kingambit|fallen1|[silent]
|switch|p2a: Alomomola|Alomomola, M|83/100 psn
|-damage|p2a: Alomomola|67/100 psn|[from] Spikes
|move|p1a: Gliscor|Earthquake|p2a: Alomomola
|-damage|p2a: Alomomola|51/100 psn
|
|-heal|p1a: Gliscor|55/100 tox|[from] ability: Poison Heal
|-damage|p2a: Alomomola|38/100 psn|[from] psn
|upkeep
|turn|22
|
|t:|1779566986
|move|p1a: Gliscor|Protect|p1a: Gliscor
|-singleturn|p1a: Gliscor|Protect
|move|p2a: Alomomola|Wish|p2a: Alomomola
|
|-heal|p1a: Gliscor|68/100 tox|[from] ability: Poison Heal
|-damage|p2a: Alomomola|26/100 psn|[from] psn
|upkeep
|turn|23
|
|t:|1779566994
|move|p1a: Gliscor|Spikes|p2a: Alomomola
|-sidestart|p2: greninjio|Spikes
|move|p2a: Alomomola|Flip Turn|p1a: Gliscor
|-damage|p1a: Gliscor|54/100 tox
|
|t:|1779567001
|switch|p2a: Ursaluna|Ursaluna, M|49/100 brn|[from] Flip Turn
|-damage|p2a: Ursaluna|24/100 brn|[from] Spikes
|
|-heal|p2a: Ursaluna|86/100 brn|[from] move: Wish|[wisher] Alomomola
|-heal|p1a: Gliscor|66/100 tox|[from] ability: Poison Heal
|-damage|p2a: Ursaluna|80/100 brn|[from] brn
|upkeep
|turn|24
|
|t:|1779567016
|switch|p1a: Sinistcha|Sinistcha|100/100
|move|p2a: Ursaluna|Fire Punch|p1a: Sinistcha
|-supereffective|p1a: Sinistcha
|-damage|p1a: Sinistcha|69/100
|
|-damage|p2a: Ursaluna|74/100 brn|[from] brn
|upkeep
|turn|25
|inactive|greninjio has 120 seconds left.
|
|t:|1779567048
|switch|p2a: Moltres|Moltres|97/100
|move|p1a: Sinistcha|Matcha Gotcha|p2a: Moltres
|-resisted|p2a: Moltres
|-damage|p2a: Moltres|92/100
|-heal|p1a: Sinistcha|72/100|[from] drain|[of] p2a: Moltres
|
|upkeep
|turn|26
|
|t:|1779567058
|switch|p1a: Heatran|Heatran, M|100/100
|move|p2a: Moltres|Brave Bird|p1a: Heatran
|-resisted|p1a: Heatran
|-damage|p1a: Heatran|85/100
|-damage|p2a: Moltres|87/100|[from] Recoil
|
|-heal|p1a: Heatran|91/100|[from] item: Leftovers
|upkeep
|turn|27
|inactive|greninjio has 120 seconds left.
|
|t:|1779567064
|move|p1a: Heatran|Stealth Rock|p2a: Moltres
|-sidestart|p2: greninjio|move: Stealth Rock
|move|p2a: Moltres|U-turn|p1a: Heatran
|-resisted|p1a: Heatran
|-damage|p1a: Heatran|88/100
|
|t:|1779567068
|switch|p2a: Great Tusk|Great Tusk|100/100|[from] U-turn
|
|-heal|p1a: Heatran|94/100|[from] item: Leftovers
|upkeep
|turn|28
|
|t:|1779567083
|move|p2a: Great Tusk|Ice Spinner|p1a: Heatran
|-resisted|p1a: Heatran
|-damage|p1a: Heatran|89/100
|move|p1a: Heatran|Will-O-Wisp|p2a: Great Tusk
|-status|p2a: Great Tusk|brn
|
|-heal|p1a: Heatran|95/100|[from] item: Leftovers
|-damage|p2a: Great Tusk|94/100 brn|[from] brn
|upkeep
|turn|29
|
|t:|1779567088
|switch|p1a: Sinistcha|Sinistcha|72/100
|move|p2a: Great Tusk|Stealth Rock|p1a: Sinistcha
|-sidestart|p1: Purple Amoonguss|move: Stealth Rock
|
|-damage|p2a: Great Tusk|88/100 brn|[from] brn
|upkeep
|turn|30
|-message|greninjio forfeited.
|
|win|Purple Amoonguss
|raw|Purple Amoonguss's rating: 1580 &rarr; <strong>1600</strong><br />(+20 for winning)
|raw|greninjio's rating: 1582 &rarr; <strong>1562</strong><br />(-20 for losing)
|l|☆greninjio
|player|p2|
|l|☆Purple Amoonguss
|player|p1|
