|j|☆smokesniper3
|j|☆Mortifi
|t:|1779645578
|gametype|singles
|player|p1|smokesniper3|veteran|1585
|player|p2|Mortifi|pokemaniac|1619
|gen|9
|tier|[Gen 9] OU
|rated|
|rule|HP Percentage Mod: HP is shown in percentages
|rule|Endless Battle Clause: Forcing endless battles is banned
|rule|Species Clause: Limit one of each Pokémon
|rule|OHKO Clause: OHKO moves are banned
|rule|Evasion Items Clause: Evasion items are banned
|rule|Evasion Moves Clause: Evasion moves are banned
|rule|Evasion Abilities Clause: Evasion abilities are banned
|rule|Sleep Moves Clause: Sleep-inducing moves are banned
|clearpoke
|poke|p1|Indeedee, M|
|poke|p1|Gardevoir, M|
|poke|p1|Iron Crown|
|poke|p1|Hatterene, F|
|poke|p1|Hoopa-Unbound|
|poke|p1|Hawlucha, F|
|poke|p2|Zapdos-Galar|
|poke|p2|Slowking-Galar, F|
|poke|p2|Alomomola, M|
|poke|p2|Great Tusk|
|poke|p2|Weavile, F|
|poke|p2|Skarmory, M|
|teampreview
|
|t:|1779645602
|teamsize|p1|6
|teamsize|p2|6
|start
|switch|p1a: Indeedee|Indeedee, M|100/100
|switch|p2a: Weavile|Weavile, F|100/100
|-ability|p2a: Weavile|Pressure
|-fieldstart|move: Psychic Terrain|[from] ability: Psychic Surge|[of] p1a: Indeedee
|turn|1
|inactive|Battle timer is ON: inactive players will automatically lose when time's up. (requested by Mortifi)
|
|t:|1779645613
|switch|p1a: Hatterene|Hatterene, F|100/100
|move|p2a: Weavile|Knock Off|p1a: Hatterene
|-damage|p1a: Hatterene|42/100
|-enditem|p1a: Hatterene|Eject Button|[from] move: Knock Off|[of] p2a: Weavile
|
|upkeep
|turn|2
|
|t:|1779645628
|switch|p2a: Slowking|Slowking-Galar, F|100/100
|move|p1a: Hatterene|Dazzling Gleam|p2a: Slowking
|-resisted|p2a: Slowking
|-damage|p2a: Slowking|89/100
|
|upkeep
|turn|3
|
|t:|1779645639
|move|p1a: Hatterene|Nuzzle|p2a: Slowking
|-damage|p2a: Slowking|86/100
|-status|p2a: Slowking|par
|move|p2a: Slowking|Sludge Bomb|p1a: Hatterene
|-supereffective|p1a: Hatterene
|-damage|p1a: Hatterene|0 fnt
|faint|p1a: Hatterene
|
|upkeep
|
|t:|1779645651
|switch|p1a: Hoopa|Hoopa-Unbound|100/100
|-enditem|p1a: Hoopa|Psychic Seed
|-boost|p1a: Hoopa|spd|1|[from] item: Psychic Seed
|turn|4
|
|t:|1779645660
|switch|p2a: Skarmory|Skarmory, M|100/100
|move|p1a: Hoopa|Trick Room|p1a: Hoopa
|-fieldstart|move: Trick Room|[of] p1a: Hoopa
|
|upkeep
|turn|5
|
|t:|1779645669
|move|p1a: Hoopa|Expanding Force|p2a: Skarmory
|-resisted|p2a: Skarmory
|-damage|p2a: Skarmory|41/100
|-item|p1a: Hoopa|Rocky Helmet|[from] ability: Magician|[of] p2a: Skarmory
|move|p2a: Skarmory|Whirlwind|p1a: Hoopa
|drag|p1a: Gardevoir|Gardevoir, M|100/100
|-ability|p1a: Gardevoir|Sturdy|Trace|[from] ability: Trace|[of] p2a: Skarmory
|
|upkeep
|turn|6
|
|t:|1779645684
|switch|p1a: Hoopa|Hoopa-Unbound|100/100
|move|p2a: Skarmory|Roost|p2a: Skarmory
|-heal|p2a: Skarmory|91/100
|-singleturn|p2a: Skarmory|move: Roost
|
|upkeep
|turn|7
|
|t:|1779645693
|move|p1a: Hoopa|Expanding Force|p2a: Skarmory
|-resisted|p2a: Skarmory
|-damage|p2a: Skarmory|25/100
|move|p2a: Skarmory|Spikes|p1a: Hoopa
|-sidestart|p1: smokesniper3|Spikes
|
|upkeep
|turn|8
|
|t:|1779645709
|move|p1a: Hoopa|Expanding Force|p2a: Skarmory
|-resisted|p2a: Skarmory
|-damage|p2a: Skarmory|0 fnt
|faint|p2a: Skarmory
|
|-fieldend|move: Trick Room
|-fieldend|move: Psychic Terrain
|upkeep
|
|t:|1779645717
|switch|p2a: Zapdos|Zapdos-Galar|100/100
|turn|9
|
|t:|1779645733
|switch|p1a: Indeedee|Indeedee, M|100/100
|-damage|p1a: Indeedee|88/100|[from] Spikes
|-fieldstart|move: Psychic Terrain|[from] ability: Psychic Surge|[of] p1a: Indeedee
|move|p2a: Zapdos|U-turn|p1a: Indeedee
|-supereffective|p1a: Indeedee
|-damage|p1a: Indeedee|0 fnt
|faint|p1a: Indeedee
|
|t:|1779645751
|switch|p2a: Alomomola|Alomomola, M|100/100|[from] U-turn
|
|upkeep
|
|t:|1779645771
|switch|p1a: Hoopa|Hoopa-Unbound|100/100
|-damage|p1a: Hoopa|88/100|[from] Spikes
|turn|10
|
|t:|1779645782
|move|p1a: Hoopa|Expanding Force|p2a: Alomomola
|-damage|p2a: Alomomola|10/100
|move|p2a: Alomomola|Flip Turn|p1a: Hoopa
|-damage|p1a: Hoopa|71/100
|-damage|p2a: Alomomola|0 fnt|[from] item: Rocky Helmet|[of] p1a: Hoopa
|faint|p2a: Alomomola
|
|upkeep
|
|t:|1779645791
|switch|p2a: Zapdos|Zapdos-Galar|100/100
|turn|11
|
|t:|1779645799
|move|p2a: Zapdos|U-turn|p1a: Hoopa
|-supereffective|p1a: Hoopa
|-crit|p1a: Hoopa
|-damage|p1a: Hoopa|0 fnt
|faint|p1a: Hoopa
|
|t:|1779645814
|switch|p2a: Great Tusk|Great Tusk|100/100|[from] U-turn
|
|upkeep
|
|t:|1779645827
|switch|p1a: Gardevoir|Gardevoir, M|100/100
|-damage|p1a: Gardevoir|88/100|[from] Spikes
|turn|12
|
|t:|1779645839
|move|p1a: Gardevoir|Expanding Force|p2a: Great Tusk
|-supereffective|p2a: Great Tusk
|-damage|p2a: Great Tusk|0 fnt
|faint|p2a: Great Tusk
|-end|p2a: Great Tusk|Protosynthesis|[silent]
|
|upkeep
|
|t:|1779645843
|switch|p2a: Weavile|Weavile, F|100/100
|-ability|p1a: Gardevoir|Pressure|Trace|[from] ability: Trace|[of] p2a: Weavile
|-ability|p1a: Gardevoir|Pressure
|-ability|p2a: Weavile|Pressure
|turn|13
|
|t:|1779645853
|move|p1a: Gardevoir|Expanding Force|p2a: Weavile
|-immune|p2a: Weavile
|move|p2a: Weavile|Ice Spinner|p1a: Gardevoir
|-damage|p1a: Gardevoir|0 fnt
|-fieldend|move: Psychic Terrain
|faint|p1a: Gardevoir
|
|upkeep
|
|t:|1779645861
|switch|p1a: Hawlucha|Hawlucha, F|100/100
|turn|14
|
|t:|1779645872
|-terastallize|p1a: Hawlucha|Electric
|move|p2a: Weavile|Ice Spinner|p1a: Hawlucha
|-damage|p1a: Hawlucha|18/100
|move|p1a: Hawlucha|Close Combat|p2a: Weavile
|-supereffective|p2a: Weavile
|-damage|p2a: Weavile|0 fnt
|-unboost|p1a: Hawlucha|def|1
|-unboost|p1a: Hawlucha|spd|1
|faint|p2a: Weavile
|
|upkeep
|j| hattybatty304
|
|t:|1779645881
|switch|p2a: Zapdos|Zapdos-Galar|100/100
|turn|15
|
|t:|1779645886
|move|p2a: Zapdos|Knock Off|p1a: Hawlucha
|-damage|p1a: Hawlucha|0 fnt
|-enditem|p1a: Hawlucha|Psychic Seed|[from] move: Knock Off|[of] p2a: Zapdos
|faint|p1a: Hawlucha
|
|upkeep
|
|t:|1779645888
|switch|p1a: Iron Crown|Iron Crown|100/100
|-damage|p1a: Iron Crown|88/100|[from] Spikes
|-enditem|p1a: Iron Crown|Booster Energy
|-activate|p1a: Iron Crown|ability: Quark Drive|[fromitem]
|-start|p1a: Iron Crown|quarkdrivespe
|turn|16
|
|t:|1779645897
|move|p1a: Iron Crown|Calm Mind|p1a: Iron Crown
|-boost|p1a: Iron Crown|spa|1
|-boost|p1a: Iron Crown|spd|1
|move|p2a: Zapdos|Thunderous Kick|p1a: Iron Crown
|-damage|p1a: Iron Crown|46/100
|-unboost|p1a: Iron Crown|def|1
|
|upkeep
|turn|17
|
|t:|1779645907
|-terastallize|p2a: Zapdos|Flying
|move|p1a: Iron Crown|Expanding Force|p2a: Zapdos
|-damage|p2a: Zapdos|40/100
|move|p2a: Zapdos|Thunderous Kick|p1a: Iron Crown
|-damage|p1a: Iron Crown|0 fnt
|faint|p1a: Iron Crown
|-end|p1a: Iron Crown|Quark Drive|[silent]
|
|win|Mortifi
|raw|smokesniper3's rating: 1585 &rarr; <strong>1567</strong><br />(-18 for losing)
|raw|Mortifi's rating: 1619 &rarr; <strong>1637</strong><br />(+18 for winning)
|l| hattybatty304
|c|☆smokesniper3|gg
|l|☆Mortifi
|player|p2|
|l|☆smokesniper3
|player|p1|
