|j|☆huuueehueeek
|j|☆mr.peolple
|t:|1779580787
|gametype|singles
|player|p1|huuueehueeek|steven|1177
|player|p2|mr.peolple|supernerd|1177
|gen|9
|tier|[Gen 9] OU
|rated|
|rule|HP Percentage Mod: HP is shown in percentages
|rule|Endless Battle Clause: Forcing endless battles is banned
|rule|Species Clause: Limit one of each Pokémon
|rule|OHKO Clause: OHKO moves are banned
|rule|Evasion Items Clause: Evasion items are banned
|rule|Evasion Moves Clause: Evasion moves are banned
|rule|Evasion Abilities Clause: Evasion abilities are banned
|rule|Sleep Moves Clause: Sleep-inducing moves are banned
|clearpoke
|poke|p1|Suicune|
|poke|p1|Dragonite, M|
|poke|p1|Cinderace, M|
|poke|p1|Zamazenta-*|
|poke|p1|Latias, F|
|poke|p1|Pecharunt|
|poke|p2|Scizor, M|
|poke|p2|Iron Valiant|
|poke|p2|Iron Boulder|
|poke|p2|Greninja-*, M|
|poke|p2|Iron Moth|
|poke|p2|Darkrai|
|teampreview
|inactive|Battle timer is ON: inactive players will automatically lose when time's up. (requested by huuueehueeek)
|inactive|mr.peolple also wants the timer to be on.
|inactive|huuueehueeek has 120 seconds left.
|inactive|huuueehueeek has 90 seconds left.
|
|t:|1779580849
|teamsize|p1|6
|teamsize|p2|6
|start
|switch|p1a: Cinderace|Cinderace, M|100/100
|switch|p2a: Scizor|Scizor, M|100/100
|turn|1
|
|t:|1779580863
|move|p1a: Cinderace|Pyro Ball|p2a: Scizor
|-supereffective|p2a: Scizor
|-damage|p2a: Scizor|0 fnt
|faint|p2a: Scizor
|
|upkeep
|
|t:|1779580868
|switch|p2a: Iron Boulder|Iron Boulder|100/100
|-enditem|p2a: Iron Boulder|Booster Energy
|-activate|p2a: Iron Boulder|ability: Quark Drive|[fromitem]
|-start|p2a: Iron Boulder|quarkdrivespe
|turn|2
|inactive|huuueehueeek has 120 seconds left.
|
|t:|1779580906
|switch|p1a: Pecharunt|Pecharunt|100/100
|move|p2a: Iron Boulder|Swords Dance|p2a: Iron Boulder
|-boost|p2a: Iron Boulder|atk|2
|
|upkeep
|turn|3
|inactive|huuueehueeek has 120 seconds left.
|
|t:|1779580922
|move|p2a: Iron Boulder|Earthquake|p1a: Pecharunt
|-supereffective|p1a: Pecharunt
|-damage|p1a: Pecharunt|36/100
|move|p1a: Pecharunt|Shadow Ball|p2a: Iron Boulder
|-supereffective|p2a: Iron Boulder
|-damage|p2a: Iron Boulder|55/100
|
|upkeep
|turn|4
|
|t:|1779580931
|move|p2a: Iron Boulder|Mighty Cleave|p1a: Pecharunt
|-damage|p1a: Pecharunt|0 fnt
|-damage|p2a: Iron Boulder|39/100|[from] item: Rocky Helmet|[of] p1a: Pecharunt
|faint|p1a: Pecharunt
|
|upkeep
|
|t:|1779580938
|switch|p1a: Zamazenta|Zamazenta|100/100
|-ability|p1a: Zamazenta|Dauntless Shield|boost
|-boost|p1a: Zamazenta|def|1
|turn|5
|
|t:|1779580950
|move|p2a: Iron Boulder|Earthquake|p1a: Zamazenta
|-crit|p1a: Zamazenta
|-damage|p1a: Zamazenta|27/100
|move|p1a: Zamazenta|Body Press|p2a: Iron Boulder
|-damage|p2a: Iron Boulder|0 fnt
|faint|p2a: Iron Boulder
|-end|p2a: Iron Boulder|Quark Drive|[silent]
|
|-heal|p1a: Zamazenta|33/100|[from] item: Leftovers
|upkeep
|
|t:|1779580965
|switch|p2a: Iron Valiant|Iron Valiant|100/100
|-enditem|p2a: Iron Valiant|Booster Energy
|-activate|p2a: Iron Valiant|ability: Quark Drive|[fromitem]
|-start|p2a: Iron Valiant|quarkdrivespe
|turn|6
|
|t:|1779580972
|switch|p1a: Suicune|Suicune, shiny|100/100
|-ability|p1a: Suicune|Pressure
|move|p2a: Iron Valiant|Moonblast|p1a: Suicune
|-damage|p1a: Suicune|67/100
|
|-heal|p1a: Suicune|73/100|[from] item: Leftovers
|upkeep
|turn|7
|
|t:|1779580982
|move|p2a: Iron Valiant|Calm Mind|p2a: Iron Valiant
|-boost|p2a: Iron Valiant|spa|1
|-boost|p2a: Iron Valiant|spd|1
|move|p1a: Suicune|Scald|p2a: Iron Valiant
|-damage|p2a: Iron Valiant|70/100
|-status|p2a: Iron Valiant|brn
|
|-heal|p1a: Suicune|79/100|[from] item: Leftovers
|-damage|p2a: Iron Valiant|64/100 brn|[from] brn
|upkeep
|turn|8
|
|t:|1779580988
|move|p2a: Iron Valiant|Thunderbolt|p1a: Suicune
|-supereffective|p1a: Suicune
|-damage|p1a: Suicune|9/100
|move|p1a: Suicune|Scald|p2a: Iron Valiant
|-damage|p2a: Iron Valiant|36/100 brn
|
|-heal|p1a: Suicune|16/100|[from] item: Leftovers
|-damage|p2a: Iron Valiant|30/100 brn|[from] brn
|upkeep
|turn|9
|
|t:|1779580993
|move|p2a: Iron Valiant|Thunderbolt|p1a: Suicune
|-supereffective|p1a: Suicune
|-damage|p1a: Suicune|0 fnt
|faint|p1a: Suicune
|
|-damage|p2a: Iron Valiant|24/100 brn|[from] brn
|upkeep
|
|t:|1779581002
|switch|p1a: Dragonite|Dragonite, M, shiny|100/100
|turn|10
|
|t:|1779581016
|-end|p2a: Iron Valiant|Quark Drive|[silent]
|switch|p2a: Darkrai|Darkrai|100/100
|move|p1a: Dragonite|Earthquake|p2a: Darkrai
|-damage|p2a: Darkrai|46/100
|
|upkeep
|turn|11
|
|t:|1779581023
|move|p2a: Darkrai|Ice Beam|p1a: Dragonite
|-supereffective|p1a: Dragonite
|-damage|p1a: Dragonite|19/100
|-enditem|p1a: Dragonite|Weakness Policy
|-boost|p1a: Dragonite|atk|2|[from] item: Weakness Policy
|-boost|p1a: Dragonite|spa|2|[from] item: Weakness Policy
|-damage|p2a: Darkrai|36/100|[from] item: Life Orb
|move|p1a: Dragonite|Dragon Dance|p1a: Dragonite
|-boost|p1a: Dragonite|atk|1
|-boost|p1a: Dragonite|spe|1
|
|upkeep
|turn|12
|
|t:|1779581032
|move|p1a: Dragonite|Extreme Speed|p2a: Darkrai
|-damage|p2a: Darkrai|0 fnt
|faint|p2a: Darkrai
|
|upkeep
|
|t:|1779581035
|switch|p2a: Greninja|Greninja, M|100/100
|turn|13
|
|t:|1779581040
|-terastallize|p1a: Dragonite|Normal
|-terastallize|p2a: Greninja|Water
|move|p1a: Dragonite|Extreme Speed|p2a: Greninja
|-damage|p2a: Greninja|0 fnt
|faint|p2a: Greninja
|
|upkeep
|inactive|mr.peolple has 120 seconds left.
|inactive|mr.peolple has 90 seconds left.
|inactive|mr.peolple has 60 seconds left.
|inactive|mr.peolple has 30 seconds left.
|inactive|mr.peolple has 20 seconds left.
|inactive|mr.peolple has 15 seconds left.
|inactive|mr.peolple has 10 seconds left.
|inactive|mr.peolple has 5 seconds left.
|-message|mr.peolple lost due to inactivity.
|
|win|huuueehueeek
|raw|huuueehueeek's rating: 1177 &rarr; <strong>1202</strong><br />(+25 for winning)
|raw|mr.peolple's rating: 1177 &rarr; <strong>1152</strong><br />(-25 for losing)
