|j|☆iwkwjwjwJOJO
|j|☆Joopey
|t:|1779631313
|gametype|singles
|player|p1|iwkwjwjwJOJO|101|1106
|player|p2|Joopey|policeman-gen4|1052
|gen|9
|tier|[Gen 9] OU
|rated|
|rule|HP Percentage Mod: HP is shown in percentages
|rule|Endless Battle Clause: Forcing endless battles is banned
|rule|Species Clause: Limit one of each Pokémon
|rule|OHKO Clause: OHKO moves are banned
|rule|Evasion Items Clause: Evasion items are banned
|rule|Evasion Moves Clause: Evasion moves are banned
|rule|Evasion Abilities Clause: Evasion abilities are banned
|rule|Sleep Moves Clause: Sleep-inducing moves are banned
|clearpoke
|poke|p1|Hatterene, F|
|poke|p1|Kingambit, M|
|poke|p1|Cinccino, M|
|poke|p1|Garchomp, M|
|poke|p1|Umbreon, F|
|poke|p1|Ninetales-Alola, F|
|poke|p2|Gholdengo|
|poke|p2|Clodsire, M|
|poke|p2|Surskit, F|
|poke|p2|Carkol, M|
|poke|p2|Azelf|
|poke|p2|Tauros-Paldea-Blaze, M|
|teampreview
|
|t:|1779631320
|teamsize|p1|6
|teamsize|p2|6
|start
|switch|p1a: Ninetales|Ninetales-Alola, F|100/100
|switch|p2a: Surskit|Surskit, F|100/100
|-weather|Snowscape|[from] ability: Snow Warning|[of] p1a: Ninetales
|-item|p1a: Ninetales|Air Balloon
|turn|1
|
|t:|1779631335
|move|p1a: Ninetales|Aurora Veil|p1a: Ninetales
|-sidestart|p1: iwkwjwjwJOJO|move: Aurora Veil
|move|p2a: Surskit|Pounce|p1a: Ninetales
|-resisted|p1a: Ninetales
|-damage|p1a: Ninetales|99/100
|-unboost|p1a: Ninetales|spe|1
|-enditem|p1a: Ninetales|Air Balloon
|
|-weather|Snowscape|[upkeep]
|upkeep
|turn|2
|
|t:|1779631348
|move|p2a: Surskit|Sticky Web|p1a: Ninetales
|-sidestart|p1: iwkwjwjwJOJO|move: Sticky Web
|move|p1a: Ninetales|Blizzard|p2a: Surskit
|-resisted|p2a: Surskit
|-damage|p2a: Surskit|59/100
|
|-weather|Snowscape|[upkeep]
|upkeep
|turn|3
|
|t:|1779631363
|move|p2a: Surskit|Pounce|p1a: Ninetales
|-resisted|p1a: Ninetales
|-damage|p1a: Ninetales|97/100
|-unboost|p1a: Ninetales|spe|1
|move|p1a: Ninetales|Calm Mind|p1a: Ninetales
|-boost|p1a: Ninetales|spa|1
|-boost|p1a: Ninetales|spd|1
|
|-weather|Snowscape|[upkeep]
|upkeep
|turn|4
|
|t:|1779631377
|move|p2a: Surskit|Pounce|p1a: Ninetales
|-resisted|p1a: Ninetales
|-damage|p1a: Ninetales|96/100
|-unboost|p1a: Ninetales|spe|1
|move|p1a: Ninetales|Calm Mind|p1a: Ninetales
|-boost|p1a: Ninetales|spa|1
|-boost|p1a: Ninetales|spd|1
|
|-weather|Snowscape|[upkeep]
|upkeep
|turn|5
|
|t:|1779631388
|move|p2a: Surskit|Haze|p2a: Surskit
|-clearallboost
|move|p1a: Ninetales|Calm Mind|p1a: Ninetales
|-boost|p1a: Ninetales|spa|1
|-boost|p1a: Ninetales|spd|1
|
|-weather|none
|-sideend|p1: iwkwjwjwJOJO|move: Aurora Veil
|upkeep
|turn|6
|
|t:|1779631397
|move|p1a: Ninetales|Blizzard|p2a: Surskit
|-resisted|p2a: Surskit
|-damage|p2a: Surskit|0 fnt
|faint|p2a: Surskit
|
|upkeep
|
|t:|1779631409
|switch|p2a: Carkol|Carkol, M|100/100
|turn|7
|
|t:|1779631424
|switch|p1a: Garchomp|Garchomp, M|100/100
|-activate|p1a: Garchomp|move: Sticky Web
|-unboost|p1a: Garchomp|spe|1
|move|p2a: Carkol|Rapid Spin|p1a: Garchomp
|-damage|p1a: Garchomp|92/100
|-boost|p2a: Carkol|spe|1
|-damage|p2a: Carkol|88/100|[from] ability: Rough Skin|[of] p1a: Garchomp
|
|upkeep
|turn|8
|
|t:|1779631447
|move|p1a: Garchomp|Earthquake|p2a: Carkol
|-supereffective|p2a: Carkol
|-damage|p2a: Carkol|0 fnt
|faint|p2a: Carkol
|
|upkeep
|
|t:|1779631454
|switch|p2a: Azelf|Azelf|100/100
|turn|9
|
|t:|1779631460
|switch|p1a: Umbreon|Umbreon, F|100/100
|-activate|p1a: Umbreon|move: Sticky Web
|-unboost|p1a: Umbreon|spe|1
|move|p2a: Azelf|Encore||[still]
|-fail|p2a: Azelf
|
|upkeep
|turn|10
|
|t:|1779631469
|switch|p2a: Clodsire|Clodsire, M|100/100
|move|p1a: Umbreon|Lash Out|p2a: Clodsire
|-damage|p2a: Clodsire|81/100
|
|upkeep
|turn|11
|
|t:|1779631484
|switch|p1a: Hatterene|Hatterene, F, shiny|100/100
|-activate|p1a: Hatterene|move: Sticky Web
|-unboost|p1a: Hatterene|spe|1
|move|p2a: Clodsire|Body Slam|p1a: Hatterene
|-damage|p1a: Hatterene|82/100
|
|upkeep
|turn|12
|
|t:|1779631496
|switch|p2a: Gholdengo|Gholdengo|100/100
|-terastallize|p1a: Hatterene|Fire
|move|p1a: Hatterene|Psyshock|p2a: Gholdengo
|-resisted|p2a: Gholdengo
|-damage|p2a: Gholdengo|86/100
|
|-heal|p2a: Gholdengo|92/100|[from] item: Leftovers
|upkeep
|turn|13
|
|t:|1779631515
|switch|p2a: Tauros|Tauros-Paldea-Blaze, M|100/100
|-ability|p2a: Tauros|Intimidate|boost
|-unboost|p1a: Hatterene|atk|1
|move|p1a: Hatterene|Mystical Fire|p2a: Tauros
|-resisted|p2a: Tauros
|-damage|p2a: Tauros|73/100
|-unboost|p2a: Tauros|spa|1
|
|upkeep
|turn|14
|
|t:|1779631527
|move|p2a: Tauros|High Horsepower|p1a: Hatterene
|-supereffective|p1a: Hatterene
|-damage|p1a: Hatterene|22/100
|move|p1a: Hatterene|Psyshock|p2a: Tauros
|-supereffective|p2a: Tauros
|-damage|p2a: Tauros|11/100
|
|upkeep
|turn|15
|
|t:|1779631542
|move|p2a: Tauros|Trailblaze|p1a: Hatterene
|-resisted|p1a: Hatterene
|-damage|p1a: Hatterene|14/100
|-boost|p2a: Tauros|spe|1
|move|p1a: Hatterene|Draining Kiss|p2a: Tauros
|-damage|p2a: Tauros|0 fnt
|-heal|p1a: Hatterene|25/100|[from] drain|[of] p2a: Tauros
|faint|p2a: Tauros
|
|upkeep
|
|t:|1779631555
|switch|p2a: Azelf|Azelf|100/100
|turn|16
|
|t:|1779631563
|move|p2a: Azelf|Mystical Power|p1a: Hatterene
|-damage|p1a: Hatterene|0 fnt
|-boost|p2a: Azelf|spa|1
|faint|p1a: Hatterene
|
|upkeep
|
|t:|1779631576
|switch|p1a: Kingambit|Kingambit, M|100/100
|-activate|p1a: Kingambit|move: Sticky Web
|-unboost|p1a: Kingambit|spe|1
|-activate|p1a: Kingambit|ability: Supreme Overlord
|-start|p1a: Kingambit|fallen1|[silent]
|turn|17
|
|t:|1779631584
|-terastallize|p2a: Azelf|Fairy
|move|p1a: Kingambit|Sucker Punch|p2a: Azelf
|-resisted|p2a: Azelf
|-damage|p2a: Azelf|56/100
|-damage|p1a: Kingambit|91/100|[from] item: Life Orb
|move|p2a: Azelf|Flamethrower|p1a: Kingambit
|-supereffective|p1a: Kingambit
|-damage|p1a: Kingambit|0 fnt
|faint|p1a: Kingambit
|-end|p1a: Kingambit|fallen1|[silent]
|
|-heal|p2a: Azelf|62/100|[from] item: Leftovers
|upkeep
|
|t:|1779631607
|switch|p1a: Cinccino|Cinccino, M|100/100
|-activate|p1a: Cinccino|move: Sticky Web
|-unboost|p1a: Cinccino|spe|1
|turn|18
|
|t:|1779631620
|move|p2a: Azelf|Mystical Power|p1a: Cinccino
|-damage|p1a: Cinccino|0 fnt
|-boost|p2a: Azelf|spa|1
|faint|p1a: Cinccino
|
|-heal|p2a: Azelf|69/100|[from] item: Leftovers
|upkeep
|
|t:|1779631626
|switch|p1a: Umbreon|Umbreon, F|100/100
|-activate|p1a: Umbreon|move: Sticky Web
|-unboost|p1a: Umbreon|spe|1
|turn|19
|
|t:|1779631632
|move|p2a: Azelf|Draining Kiss|p1a: Umbreon
|-supereffective|p1a: Umbreon
|-damage|p1a: Umbreon|35/100
|-heal|p2a: Azelf|100/100|[from] drain|[of] p1a: Umbreon
|move|p1a: Umbreon|Lash Out|p2a: Azelf
|-resisted|p2a: Azelf
|-damage|p2a: Azelf|85/100
|
|-heal|p2a: Azelf|92/100|[from] item: Leftovers
|-heal|p1a: Umbreon|41/100|[from] item: Leftovers
|upkeep
|turn|20
|
|t:|1779631643
|move|p2a: Azelf|Draining Kiss|p1a: Umbreon
|-supereffective|p1a: Umbreon
|-damage|p1a: Umbreon|0 fnt
|-heal|p2a: Azelf|100/100|[from] drain|[of] p1a: Umbreon
|faint|p1a: Umbreon
|
|upkeep
|
|t:|1779631646
|switch|p1a: Ninetales|Ninetales-Alola, F|96/100
|-activate|p1a: Ninetales|move: Sticky Web
|-unboost|p1a: Ninetales|spe|1
|-weather|Snowscape|[from] ability: Snow Warning|[of] p1a: Ninetales
|turn|21
|
|t:|1779631663
|move|p2a: Azelf|Flamethrower|p1a: Ninetales
|-supereffective|p1a: Ninetales
|-damage|p1a: Ninetales|0 fnt
|faint|p1a: Ninetales
|
|-weather|Snowscape|[upkeep]
|upkeep
|
|t:|1779631668
|switch|p1a: Garchomp|Garchomp, M|92/100
|-activate|p1a: Garchomp|move: Sticky Web
|-unboost|p1a: Garchomp|spe|1
|turn|22
|
|t:|1779631675
|move|p2a: Azelf|Mystical Power|p1a: Garchomp|[miss]
|-miss|p2a: Azelf|p1a: Garchomp
|move|p1a: Garchomp|Earthquake|p2a: Azelf
|-immune|p2a: Azelf|[from] ability: Levitate
|
|-weather|Snowscape|[upkeep]
|upkeep
|turn|23
|-message|iwkwjwjwJOJO forfeited.
|
|win|Joopey
|raw|iwkwjwjwJOJO's rating: 1106 &rarr; <strong>1077</strong><br />(-29 for losing)
|raw|Joopey's rating: 1052 &rarr; <strong>1089</strong><br />(+37 for winning)
|l|☆iwkwjwjwJOJO
|player|p1|
|l|☆Joopey
|player|p2|
