|j|☆kronas
|j|☆fallentitansss
|t:|1779631612
|gametype|singles
|player|p1|kronas|102|1246
|player|p2|fallentitansss|1|1245
|gen|9
|tier|[Gen 9] OU
|rated|
|rule|HP Percentage Mod: HP is shown in percentages
|rule|Endless Battle Clause: Forcing endless battles is banned
|rule|Species Clause: Limit one of each Pokémon
|rule|OHKO Clause: OHKO moves are banned
|rule|Evasion Items Clause: Evasion items are banned
|rule|Evasion Moves Clause: Evasion moves are banned
|rule|Evasion Abilities Clause: Evasion abilities are banned
|rule|Sleep Moves Clause: Sleep-inducing moves are banned
|clearpoke
|poke|p1|Zoroark, M|
|poke|p1|Muk, F|
|poke|p1|Hitmonlee, M|
|poke|p1|Skeledirge, M|
|poke|p1|Ditto|
|poke|p1|Okidogi, M|
|poke|p2|Corviknight, F|
|poke|p2|Deoxys-Speed|
|poke|p2|Moltres-Galar|
|poke|p2|Alomomola, M|
|poke|p2|Luxray, F|
|poke|p2|Metagross|
|teampreview
|
|t:|1779631650
|teamsize|p1|6
|teamsize|p2|6
|start
|switch|p1a: Okidogi|Okidogi, M|100/100
|switch|p2a: Luxray|Luxray, F|100/100
|turn|1
|
|t:|1779631659
|move|p2a: Luxray|Psychic Fangs|p1a: Okidogi
|-supereffective|p1a: Okidogi
|-damage|p1a: Okidogi|13/100
|-damage|p2a: Luxray|91/100|[from] item: Life Orb
|move|p1a: Okidogi|Drain Punch|p2a: Luxray
|-damage|p2a: Luxray|33/100
|-heal|p1a: Okidogi|36/100|[from] drain|[of] p2a: Luxray
|
|-heal|p1a: Okidogi|42/100|[from] item: Leftovers
|upkeep
|turn|2
|c|☆fallentitansss|bro
|c|☆fallentitansss|it wouldve killed but
|c|☆fallentitansss|rivarlyy
|c|☆fallentitansss|WHY AM I FEMALE
|
|t:|1779631676
|move|p2a: Luxray|Psychic Fangs|p1a: Okidogi
|-supereffective|p1a: Okidogi
|-damage|p1a: Okidogi|0 fnt
|faint|p1a: Okidogi
|-damage|p2a: Luxray|23/100|[from] item: Life Orb
|
|upkeep
|
|t:|1779631682
|switch|p1a: Hitmonlee|Hitmonlee, M|100/100
|turn|3
|
|t:|1779631694
|switch|p2a: Corviknight|Corviknight, F|100/100
|-ability|p2a: Corviknight|Pressure
|move|p1a: Hitmonlee|Fake Out|p2a: Corviknight
|-enditem|p1a: Hitmonlee|Normal Gem|[from] gem
|-resisted|p2a: Corviknight
|-damage|p2a: Corviknight|95/100
|-damage|p1a: Hitmonlee|84/100|[from] item: Rocky Helmet|[of] p2a: Corviknight
|
|upkeep
|turn|4
|
|t:|1779631698
|move|p1a: Hitmonlee|Knock Off|p2a: Corviknight
|-damage|p2a: Corviknight|72/100
|-damage|p1a: Hitmonlee|67/100|[from] item: Rocky Helmet|[of] p2a: Corviknight
|-enditem|p2a: Corviknight|Rocky Helmet|[from] move: Knock Off|[of] p1a: Hitmonlee
|move|p2a: Corviknight|Body Press|p1a: Hitmonlee
|-damage|p1a: Hitmonlee|9/100
|
|upkeep
|turn|5
|
|t:|1779631707
|switch|p2a: Alomomola|Alomomola, M|100/100
|move|p1a: Hitmonlee|High Jump Kick|p2a: Alomomola
|-damage|p2a: Alomomola|62/100
|-damage|p1a: Hitmonlee|0 fnt|[from] item: Rocky Helmet|[of] p2a: Alomomola
|faint|p1a: Hitmonlee
|
|upkeep
|
|t:|1779631721
|switch|p1a: Muk|Muk, F|100/100
|turn|6
|
|t:|1779631747
|move|p2a: Alomomola|Flip Turn|p1a: Muk
|-damage|p1a: Muk|81/100
|
|t:|1779631758
|switch|p2a: Metagross|Metagross|100/100|[from] Flip Turn
|move|p1a: Muk|Poison Jab|p2a: Metagross
|-immune|p2a: Metagross
|
|upkeep
|turn|7
|
|t:|1779631765
|move|p2a: Metagross|Heavy Slam|p1a: Muk
|-damage|p1a: Muk|0 fnt
|faint|p1a: Muk
|
|upkeep
|
|t:|1779631769
|switch|p1a: Skeledirge|Skeledirge, M|100/100
|turn|8
|
|t:|1779631784
|switch|p2a: Moltres|Moltres-Galar|100/100
|move|p1a: Skeledirge|Night Daze|p2a: Moltres
|-resisted|p2a: Moltres
|-damage|p2a: Moltres|81/100
|
|upkeep
|turn|9
|
|t:|1779631792
|move|p1a: Skeledirge|Sludge Bomb|p2a: Moltres
|-damage|p2a: Moltres|53/100
|-status|p2a: Moltres|psn
|move|p2a: Moltres|Nasty Plot|p2a: Moltres
|-boost|p2a: Moltres|spa|2
|
|-damage|p2a: Moltres|40/100 psn|[from] psn
|upkeep
|turn|10
|
|t:|1779631810
|move|p1a: Skeledirge|Focus Blast|p2a: Moltres
|-damage|p2a: Moltres|8/100 psn
|move|p2a: Moltres|Hurricane|p1a: Skeledirge|[miss]
|-miss|p2a: Moltres|p1a: Skeledirge
|
|-damage|p2a: Moltres|0 fnt|[from] psn
|faint|p2a: Moltres
|upkeep
|
|t:|1779631819
|switch|p2a: Metagross|Metagross|100/100
|turn|11
|
|t:|1779631832
|-terastallize|p2a: Metagross|Steel
|move|p1a: Skeledirge|Night Daze|p2a: Metagross
|-damage|p2a: Metagross|60/100
|move|p2a: Metagross|Heavy Slam|p1a: Skeledirge
|-damage|p1a: Skeledirge|0 fnt
|replace|p1a: Zoroark|Zoroark, M
|-end|p1a: Zoroark|Illusion
|faint|p1a: Zoroark
|
|upkeep
|
|t:|1779631840
|switch|p1a: Skeledirge|Skeledirge, M|100/100
|turn|12
|
|t:|1779631846
|switch|p2a: Alomomola|Alomomola, M|95/100
|move|p1a: Skeledirge|Will-O-Wisp|p2a: Alomomola
|-status|p2a: Alomomola|brn
|
|-damage|p2a: Alomomola|89/100 brn|[from] brn
|upkeep
|turn|13
|
|t:|1779631849
|move|p1a: Skeledirge|Torch Song|p2a: Alomomola
|-resisted|p2a: Alomomola
|-damage|p2a: Alomomola|68/100 brn
|-boost|p1a: Skeledirge|spa|1
|move|p2a: Alomomola|Flip Turn|p1a: Skeledirge
|-supereffective|p1a: Skeledirge
|-damage|p1a: Skeledirge|86/100
|
|t:|1779631855
|switch|p2a: Luxray|Luxray, F|23/100|[from] Flip Turn
|
|-heal|p1a: Skeledirge|92/100|[from] item: Leftovers
|upkeep
|turn|14
|
|t:|1779631864
|move|p2a: Luxray|Supercell Slam|p1a: Skeledirge
|-damage|p1a: Skeledirge|48/100
|-damage|p2a: Luxray|13/100|[from] item: Life Orb
|move|p1a: Skeledirge|Torch Song|p2a: Luxray
|-damage|p2a: Luxray|0 fnt
|-boost|p1a: Skeledirge|spa|1
|faint|p2a: Luxray
|
|-heal|p1a: Skeledirge|54/100|[from] item: Leftovers
|upkeep
|
|t:|1779631868
|switch|p2a: Deoxys|Deoxys-Speed|100/100
|-ability|p2a: Deoxys|Pressure
|turn|15
|
|t:|1779631874
|-terastallize|p1a: Skeledirge|Flying
|move|p2a: Deoxys|Psycho Boost|p1a: Skeledirge
|-damage|p1a: Skeledirge|0 fnt
|-unboost|p2a: Deoxys|spa|2
|faint|p1a: Skeledirge
|
|upkeep
|
|t:|1779631879
|switch|p1a: Ditto|Ditto|100/100
|-transform|p1a: Ditto|p2a: Deoxys|[from] ability: Imposter
|-ability|p1a: Ditto|Pressure
|turn|16
|-message|kronas forfeited.
|
|win|fallentitansss
|raw|kronas's rating: 1246 &rarr; <strong>1221</strong><br />(-25 for losing)
|raw|fallentitansss's rating: 1245 &rarr; <strong>1270</strong><br />(+25 for winning)
|l|☆kronas
|player|p1|
|l|☆fallentitansss
|player|p2|
