|j|☆interceptor_xwing
|j|☆owl_with_scarf
|t:|1779681889
|gametype|singles
|player|p1|interceptor_xwing|265|1585
|player|p2|owl_with_scarf|#owlwithscarf|1693
|gen|9
|tier|[Gen 9] OU
|rated|
|rule|HP Percentage Mod: HP is shown in percentages
|rule|Endless Battle Clause: Forcing endless battles is banned
|rule|Species Clause: Limit one of each Pokémon
|rule|OHKO Clause: OHKO moves are banned
|rule|Evasion Items Clause: Evasion items are banned
|rule|Evasion Moves Clause: Evasion moves are banned
|rule|Evasion Abilities Clause: Evasion abilities are banned
|rule|Sleep Moves Clause: Sleep-inducing moves are banned
|clearpoke
|poke|p1|Ogerpon-Wellspring, F|
|poke|p1|Great Tusk|
|poke|p1|Dondozo, F|
|poke|p1|Tornadus-Therian, M|
|poke|p1|Hatterene, F|
|poke|p1|Heatran, F|
|poke|p2|Diancie|
|poke|p2|Blaziken, M|
|poke|p2|Oricorio-Pom-Pom, F|
|poke|p2|Cinderace, M|
|poke|p2|Regidrago|
|poke|p2|Ursaluna, F|
|teampreview
|inactive|Battle timer is ON: inactive players will automatically lose when time's up. (requested by owl_with_scarf)
|inactive|interceptor_xwing has 120 seconds left.
|
|t:|1779681935
|teamsize|p1|6
|teamsize|p2|6
|start
|switch|p1a: Ogerpon|Ogerpon-Wellspring, F|100/100
|switch|p2a: Cinderace|Cinderace, M|100/100
|turn|1
|inactive|owl_with_scarf has 120 seconds left.
|
|t:|1779681966
|switch|p1a: Great Tusk|Great Tusk|100/100
|move|p2a: Cinderace|Gunk Shot|p1a: Great Tusk|[miss]
|-start|p2a: Cinderace|typechange|Poison|[from] ability: Libero
|-miss|p2a: Cinderace|p1a: Great Tusk
|
|upkeep
|turn|2
|
|t:|1779681972
|switch|p2a: Oricorio|Oricorio-Pom-Pom, F|100/100
|move|p1a: Great Tusk|Stealth Rock|p2a: Oricorio
|-sidestart|p2: owl_with_scarf|move: Stealth Rock
|
|upkeep
|turn|3
|inactive|owl_with_scarf has 120 seconds left.
|
|t:|1779681998
|-end|p1a: Great Tusk|Protosynthesis|[silent]
|switch|p1a: Hatterene|Hatterene, F|100/100
|move|p2a: Oricorio|Quiver Dance|p2a: Oricorio
|-boost|p2a: Oricorio|spa|1
|-boost|p2a: Oricorio|spd|1
|-boost|p2a: Oricorio|spe|1
|
|upkeep
|turn|4
|
|t:|1779682004
|move|p2a: Oricorio|Quiver Dance|p2a: Oricorio
|-boost|p2a: Oricorio|spa|1
|-boost|p2a: Oricorio|spd|1
|-boost|p2a: Oricorio|spe|1
|move|p1a: Hatterene|Mystical Fire|p2a: Oricorio
|-damage|p2a: Oricorio|81/100
|-unboost|p2a: Oricorio|spa|1
|
|-heal|p2a: Oricorio|87/100|[from] item: Leftovers
|upkeep
|turn|5
|
|t:|1779682008
|move|p2a: Oricorio|Quiver Dance|p2a: Oricorio
|-boost|p2a: Oricorio|spa|1
|-boost|p2a: Oricorio|spd|1
|-boost|p2a: Oricorio|spe|1
|move|p1a: Hatterene|Mystical Fire|p2a: Oricorio
|-damage|p2a: Oricorio|71/100
|-unboost|p2a: Oricorio|spa|1
|
|-heal|p2a: Oricorio|77/100|[from] item: Leftovers
|upkeep
|turn|6
|
|t:|1779682011
|move|p2a: Oricorio|Quiver Dance|p2a: Oricorio
|-boost|p2a: Oricorio|spa|1
|-boost|p2a: Oricorio|spd|1
|-boost|p2a: Oricorio|spe|1
|move|p1a: Hatterene|Mystical Fire|p2a: Oricorio
|-damage|p2a: Oricorio|64/100
|-unboost|p2a: Oricorio|spa|1
|
|-heal|p2a: Oricorio|70/100|[from] item: Leftovers
|upkeep
|turn|7
|
|t:|1779682013
|move|p2a: Oricorio|Quiver Dance|p2a: Oricorio
|-boost|p2a: Oricorio|spa|1
|-boost|p2a: Oricorio|spd|1
|-boost|p2a: Oricorio|spe|1
|move|p1a: Hatterene|Mystical Fire|p2a: Oricorio
|-damage|p2a: Oricorio|60/100
|-unboost|p2a: Oricorio|spa|1
|
|-heal|p2a: Oricorio|66/100|[from] item: Leftovers
|upkeep
|turn|8
|
|t:|1779682015
|move|p2a: Oricorio|Quiver Dance|p2a: Oricorio
|-boost|p2a: Oricorio|spa|1
|-boost|p2a: Oricorio|spd|1
|-boost|p2a: Oricorio|spe|1
|move|p1a: Hatterene|Mystical Fire|p2a: Oricorio
|-damage|p2a: Oricorio|55/100
|-unboost|p2a: Oricorio|spa|1
|
|-heal|p2a: Oricorio|62/100|[from] item: Leftovers
|upkeep
|turn|9
|
|t:|1779682030
|move|p2a: Oricorio|Quiver Dance|p2a: Oricorio
|-boost|p2a: Oricorio|spa|1
|-boost|p2a: Oricorio|spd|0
|-boost|p2a: Oricorio|spe|0
|move|p1a: Hatterene|Mystical Fire|p2a: Oricorio
|-damage|p2a: Oricorio|52/100
|-unboost|p2a: Oricorio|spa|1
|
|-heal|p2a: Oricorio|58/100|[from] item: Leftovers
|upkeep
|turn|10
|
|t:|1779682051
|move|p2a: Oricorio|Quiver Dance|p2a: Oricorio
|-boost|p2a: Oricorio|spa|1
|-boost|p2a: Oricorio|spd|0
|-boost|p2a: Oricorio|spe|0
|move|p1a: Hatterene|Mystical Fire|p2a: Oricorio
|-damage|p2a: Oricorio|49/100
|-unboost|p2a: Oricorio|spa|1
|
|-heal|p2a: Oricorio|55/100|[from] item: Leftovers
|upkeep
|turn|11
|
|t:|1779682054
|move|p2a: Oricorio|Quiver Dance|p2a: Oricorio
|-boost|p2a: Oricorio|spa|1
|-boost|p2a: Oricorio|spd|0
|-boost|p2a: Oricorio|spe|0
|move|p1a: Hatterene|Mystical Fire|p2a: Oricorio
|-damage|p2a: Oricorio|45/100
|-unboost|p2a: Oricorio|spa|1
|
|-heal|p2a: Oricorio|51/100|[from] item: Leftovers
|upkeep
|turn|12
|
|t:|1779682056
|move|p2a: Oricorio|Roost|p2a: Oricorio
|-heal|p2a: Oricorio|100/100
|-singleturn|p2a: Oricorio|move: Roost
|move|p1a: Hatterene|Mystical Fire|p2a: Oricorio
|-damage|p2a: Oricorio|91/100
|-unboost|p2a: Oricorio|spa|1
|
|-heal|p2a: Oricorio|98/100|[from] item: Leftovers
|upkeep
|turn|13
|
|t:|1779682064
|switch|p1a: Ogerpon|Ogerpon-Wellspring, F|100/100
|move|p2a: Oricorio|Quiver Dance|p2a: Oricorio
|-boost|p2a: Oricorio|spa|1
|-boost|p2a: Oricorio|spd|0
|-boost|p2a: Oricorio|spe|0
|
|-heal|p2a: Oricorio|100/100|[from] item: Leftovers
|upkeep
|turn|14
|inactive|owl_with_scarf has 120 seconds left.
|
|t:|1779682095
|-terastallize|p1a: Ogerpon|Water
|detailschange|p1a: Ogerpon|Ogerpon-Wellspring-Tera, F, tera:Water
|-ability|p1a: Ogerpon|Embody Aspect (Wellspring)|boost
|-boost|p1a: Ogerpon|spd|1
|move|p2a: Oricorio|Hurricane|p1a: Ogerpon
|-damage|p1a: Ogerpon|59/100
|move|p1a: Ogerpon|Ivy Cudgel|p2a: Oricorio|[anim] Ivy Cudgel Water
|-damage|p2a: Oricorio|25/100
|
|-heal|p2a: Oricorio|32/100|[from] item: Leftovers
|upkeep
|turn|15
|
|t:|1779682108
|move|p2a: Oricorio|Revelation Dance|p1a: Ogerpon
|-supereffective|p1a: Ogerpon
|-damage|p1a: Ogerpon|0 fnt
|faint|p1a: Ogerpon
|detailschange|p1: Ogerpon|Ogerpon-Wellspring, F|[silent]
|
|-heal|p2a: Oricorio|38/100|[from] item: Leftovers
|upkeep
|
|t:|1779682124
|switch|p1a: Heatran|Heatran, F|100/100
|turn|16
|inactive|owl_with_scarf has 120 seconds left.
|
|t:|1779682153
|move|p2a: Oricorio|Roost|p2a: Oricorio
|-heal|p2a: Oricorio|88/100
|-singleturn|p2a: Oricorio|move: Roost
|move|p1a: Heatran|Magma Storm|p2a: Oricorio
|-damage|p2a: Oricorio|67/100
|-activate|p2a: Oricorio|move: Magma Storm|[of] p1a: Heatran
|
|-heal|p2a: Oricorio|73/100|[from] item: Leftovers
|-damage|p2a: Oricorio|61/100|[from] move: Magma Storm|[partiallytrapped]
|upkeep
|turn|17
|
|t:|1779682166
|move|p2a: Oricorio|Quiver Dance|p2a: Oricorio
|-boost|p2a: Oricorio|spa|1
|-boost|p2a: Oricorio|spd|0
|-boost|p2a: Oricorio|spe|0
|move|p1a: Heatran|Flash Cannon|p2a: Oricorio
|-resisted|p2a: Oricorio
|-damage|p2a: Oricorio|54/100
|
|-heal|p2a: Oricorio|60/100|[from] item: Leftovers
|-damage|p2a: Oricorio|47/100|[from] move: Magma Storm|[partiallytrapped]
|upkeep
|turn|18
|
|t:|1779682185
|move|p2a: Oricorio|Quiver Dance|p2a: Oricorio
|-boost|p2a: Oricorio|spa|1
|-boost|p2a: Oricorio|spd|0
|-boost|p2a: Oricorio|spe|0
|move|p1a: Heatran|Earth Power|p2a: Oricorio
|-immune|p2a: Oricorio
|
|-heal|p2a: Oricorio|54/100|[from] item: Leftovers
|-damage|p2a: Oricorio|41/100|[from] move: Magma Storm|[partiallytrapped]
|upkeep
|turn|19
|
|t:|1779682192
|move|p2a: Oricorio|Roost|p2a: Oricorio
|-heal|p2a: Oricorio|91/100
|-singleturn|p2a: Oricorio|move: Roost
|move|p1a: Heatran|Earth Power|p2a: Oricorio
|-supereffective|p2a: Oricorio
|-damage|p2a: Oricorio|66/100
|
|-heal|p2a: Oricorio|73/100|[from] item: Leftovers
|-damage|p2a: Oricorio|60/100|[from] move: Magma Storm|[partiallytrapped]
|upkeep
|turn|20
|
|t:|1779682195
|switch|p1a: Great Tusk|Great Tusk|100/100
|move|p2a: Oricorio|Quiver Dance|p2a: Oricorio
|-boost|p2a: Oricorio|spa|1
|-boost|p2a: Oricorio|spd|0
|-boost|p2a: Oricorio|spe|0
|
|-heal|p2a: Oricorio|66/100|[from] item: Leftovers
|-end|p2a: Oricorio|Magma Storm|[partiallytrapped]|[silent]
|upkeep
|turn|21
|
|t:|1779682199
|move|p2a: Oricorio|Hurricane|p1a: Great Tusk
|-supereffective|p1a: Great Tusk
|-damage|p1a: Great Tusk|0 fnt
|faint|p1a: Great Tusk
|-end|p1a: Great Tusk|Protosynthesis|[silent]
|
|-heal|p2a: Oricorio|73/100|[from] item: Leftovers
|upkeep
|
|t:|1779682203
|switch|p1a: Dondozo|Dondozo, F|100/100
|turn|22
|
|t:|1779682211
|move|p2a: Oricorio|Revelation Dance|p1a: Dondozo
|-supereffective|p1a: Dondozo
|-damage|p1a: Dondozo|62/100
|move|p1a: Dondozo|Wave Crash|p2a: Oricorio
|-damage|p2a: Oricorio|35/100
|-damage|p1a: Dondozo|53/100|[from] Recoil
|
|-heal|p2a: Oricorio|41/100|[from] item: Leftovers
|-heal|p1a: Dondozo|59/100|[from] item: Leftovers
|upkeep
|turn|23
|
|t:|1779682225
|move|p2a: Oricorio|Roost|p2a: Oricorio
|-heal|p2a: Oricorio|91/100
|-singleturn|p2a: Oricorio|move: Roost
|move|p1a: Dondozo|Rest|p1a: Dondozo
|-status|p1a: Dondozo|slp|[from] move: Rest
|-heal|p1a: Dondozo|100/100 slp|[silent]
|
|-heal|p2a: Oricorio|98/100|[from] item: Leftovers
|upkeep
|turn|24
|
|t:|1779682228
|move|p2a: Oricorio|Revelation Dance|p1a: Dondozo
|-supereffective|p1a: Dondozo
|-damage|p1a: Dondozo|61/100 slp
|cant|p1a: Dondozo|slp
|move|p1a: Dondozo|Sleep Talk|p1a: Dondozo
|move|p1a: Dondozo|Wave Crash|p2a: Oricorio|[from] move: Sleep Talk
|-damage|p2a: Oricorio|60/100
|-damage|p1a: Dondozo|52/100 slp|[from] Recoil
|
|-heal|p2a: Oricorio|67/100|[from] item: Leftovers
|-heal|p1a: Dondozo|59/100 slp|[from] item: Leftovers
|upkeep
|turn|25
|
|t:|1779682231
|move|p2a: Oricorio|Revelation Dance|p1a: Dondozo
|-supereffective|p1a: Dondozo
|-crit|p1a: Dondozo
|-damage|p1a: Dondozo|3/100 slp
|cant|p1a: Dondozo|slp
|move|p1a: Dondozo|Sleep Talk|p1a: Dondozo
|move|p1a: Dondozo|Curse|p1a: Dondozo|[from] move: Sleep Talk
|-unboost|p1a: Dondozo|spe|1
|-boost|p1a: Dondozo|atk|1
|-boost|p1a: Dondozo|def|1
|
|-heal|p2a: Oricorio|73/100|[from] item: Leftovers
|-heal|p1a: Dondozo|10/100 slp|[from] item: Leftovers
|upkeep
|turn|26
|
|t:|1779682234
|move|p2a: Oricorio|Revelation Dance|p1a: Dondozo
|-supereffective|p1a: Dondozo
|-damage|p1a: Dondozo|0 fnt
|faint|p1a: Dondozo
|
|-heal|p2a: Oricorio|79/100|[from] item: Leftovers
|upkeep
|
|t:|1779682237
|switch|p1a: Heatran|Heatran, F|100/100
|turn|27
|
|t:|1779682241
|-terastallize|p2a: Oricorio|Fighting
|move|p2a: Oricorio|Revelation Dance|p1a: Heatran
|-supereffective|p1a: Heatran
|-damage|p1a: Heatran|0 fnt
|faint|p1a: Heatran
|
|-heal|p2a: Oricorio|85/100|[from] item: Leftovers
|upkeep
|-message|interceptor_xwing forfeited.
|
|win|owl_with_scarf
|raw|interceptor_xwing's rating: 1585 &rarr; <strong>1572</strong><br />(-13 for losing)
|raw|owl_with_scarf's rating: 1714 &rarr; <strong>1727</strong><br />(+13 for winning)
|l|☆interceptor_xwing
|player|p1|
