|j|☆Camilo10_0706
|j|☆M6F2Y0
|t:|1779596301
|gametype|singles
|player|p1|Camilo10_0706|170|1348
|player|p2|M6F2Y0|ingo|1365
|gen|9
|tier|[Gen 9] OU
|rated|
|rule|HP Percentage Mod: HP is shown in percentages
|rule|Endless Battle Clause: Forcing endless battles is banned
|rule|Species Clause: Limit one of each Pokémon
|rule|OHKO Clause: OHKO moves are banned
|rule|Evasion Items Clause: Evasion items are banned
|rule|Evasion Moves Clause: Evasion moves are banned
|rule|Evasion Abilities Clause: Evasion abilities are banned
|rule|Sleep Moves Clause: Sleep-inducing moves are banned
|clearpoke
|poke|p1|Gholdengo|
|poke|p1|Garchomp, M|
|poke|p1|Tyranitar, F|
|poke|p1|Rillaboom, F|
|poke|p1|Drifblim, M|
|poke|p1|Garganacl, M|
|poke|p2|Sandy Shocks|
|poke|p2|Scizor, M|
|poke|p2|Manaphy|
|poke|p2|Latios, M|
|poke|p2|Ogerpon, F|
|poke|p2|Iron Jugulis|
|teampreview
|inactive|Battle timer is ON: inactive players will automatically lose when time's up. (requested by M6F2Y0)
|
|t:|1779596309
|teamsize|p1|6
|teamsize|p2|6
|start
|switch|p1a: Tyranitar|Tyranitar, F|100/100
|switch|p2a: Sandy Shocks|Sandy Shocks|100/100
|-weather|Sandstorm|[from] ability: Sand Stream|[of] p1a: Tyranitar
|-enditem|p2a: Sandy Shocks|Booster Energy
|-activate|p2a: Sandy Shocks|ability: Protosynthesis|[fromitem]
|-start|p2a: Sandy Shocks|protosynthesisspe
|turn|1
|
|t:|1779596317
|move|p2a: Sandy Shocks|Stealth Rock|p1a: Tyranitar
|-sidestart|p1: Camilo10_0706|move: Stealth Rock
|move|p1a: Tyranitar|Dragon Tail|p2a: Sandy Shocks
|-damage|p2a: Sandy Shocks|79/100
|-end|p2a: Sandy Shocks|Protosynthesis|[silent]
|drag|p2a: Scizor|Scizor, M|100/100
|
|-weather|Sandstorm|[upkeep]
|upkeep
|turn|2
|
|t:|1779596325
|switch|p1a: Garchomp|Garchomp, M|100/100
|-damage|p1a: Garchomp|94/100|[from] Stealth Rock
|move|p2a: Scizor|Close Combat|p1a: Garchomp
|-damage|p1a: Garchomp|65/100
|-unboost|p2a: Scizor|def|1
|-unboost|p2a: Scizor|spd|1
|-damage|p2a: Scizor|88/100|[from] ability: Rough Skin|[of] p1a: Garchomp
|-damage|p2a: Scizor|72/100|[from] item: Rocky Helmet|[of] p1a: Garchomp
|
|-weather|Sandstorm|[upkeep]
|upkeep
|turn|3
|
|t:|1779596343
|switch|p2a: Ogerpon|Ogerpon, F|100/100
|move|p1a: Garchomp|Stealth Rock|p2a: Ogerpon
|-sidestart|p2: M6F2Y0|move: Stealth Rock
|
|-weather|Sandstorm|[upkeep]
|-damage|p2a: Ogerpon|95/100|[from] Sandstorm
|upkeep
|turn|4
|
|t:|1779596349
|move|p2a: Ogerpon|Encore|p1a: Garchomp
|-start|p1a: Garchomp|Encore
|move|p1a: Garchomp|Stealth Rock||[still]
|-fail|p1a: Garchomp
|
|-weather|Sandstorm|[upkeep]
|-damage|p2a: Ogerpon|89/100|[from] Sandstorm
|upkeep
|turn|5
|
|t:|1779596356
|switch|p1a: Gholdengo|Gholdengo|100/100
|-damage|p1a: Gholdengo|94/100|[from] Stealth Rock
|move|p2a: Ogerpon|Swords Dance|p2a: Ogerpon
|-boost|p2a: Ogerpon|atk|2
|
|-weather|none
|upkeep
|turn|6
|
|t:|1779596361
|move|p1a: Gholdengo|Make It Rain|p2a: Ogerpon
|-damage|p2a: Ogerpon|15/100
|-unboost|p1a: Gholdengo|spa|1
|move|p2a: Ogerpon|Ivy Cudgel|p1a: Gholdengo
|-resisted|p1a: Gholdengo
|-damage|p1a: Gholdengo|39/100
|
|upkeep
|turn|7
|
|t:|1779596370
|-terastallize|p2a: Ogerpon|Grass
|detailschange|p2a: Ogerpon|Ogerpon-Teal-Tera, F, tera:Grass
|-ability|p2a: Ogerpon|Embody Aspect (Teal)|boost
|-boost|p2a: Ogerpon|spe|1
|move|p2a: Ogerpon|Ivy Cudgel|p1a: Gholdengo
|-resisted|p1a: Gholdengo
|-damage|p1a: Gholdengo|0 fnt
|faint|p1a: Gholdengo
|
|upkeep
|
|t:|1779596381
|switch|p1a: Rillaboom|Rillaboom, F|100/100
|-damage|p1a: Rillaboom|88/100|[from] Stealth Rock
|-fieldstart|move: Grassy Terrain|[from] ability: Grassy Surge|[of] p1a: Rillaboom
|turn|8
|
|t:|1779596386
|move|p1a: Rillaboom|Grassy Glide|p2a: Ogerpon
|-resisted|p2a: Ogerpon
|-damage|p2a: Ogerpon|0 fnt
|faint|p2a: Ogerpon
|detailschange|p2: Ogerpon|Ogerpon, F|[silent]
|
|-heal|p1a: Rillaboom|94/100|[from] Grassy Terrain
|upkeep
|
|t:|1779596397
|switch|p2a: Iron Jugulis|Iron Jugulis|100/100
|-damage|p2a: Iron Jugulis|76/100|[from] Stealth Rock
|-enditem|p2a: Iron Jugulis|Booster Energy
|-activate|p2a: Iron Jugulis|ability: Quark Drive|[fromitem]
|-start|p2a: Iron Jugulis|quarkdrivespe
|turn|9
|
|t:|1779596401
|switch|p1a: Drifblim|Drifblim, M|100/100
|-damage|p1a: Drifblim|76/100|[from] Stealth Rock
|-enditem|p1a: Drifblim|Grassy Seed
|-boost|p1a: Drifblim|def|1|[from] item: Grassy Seed
|move|p2a: Iron Jugulis|Hurricane|p1a: Drifblim
|-damage|p1a: Drifblim|12/100
|
|upkeep
|turn|10
|
|t:|1779596410
|move|p2a: Iron Jugulis|Dark Pulse|p1a: Drifblim
|-supereffective|p1a: Drifblim
|-damage|p1a: Drifblim|0 fnt
|faint|p1a: Drifblim
|
|upkeep
|inactive|Camilo10_0706 has 120 seconds left.
|
|t:|1779596462
|switch|p1a: Tyranitar|Tyranitar, F|100/100
|-damage|p1a: Tyranitar|88/100|[from] Stealth Rock
|-weather|Sandstorm|[from] ability: Sand Stream|[of] p1a: Tyranitar
|turn|11
|inactive|M6F2Y0 has 120 seconds left.
|
|t:|1779596495
|switch|p1a: Garchomp|Garchomp, M|65/100
|-damage|p1a: Garchomp|59/100|[from] Stealth Rock
|move|p2a: Iron Jugulis|Earth Power|p1a: Garchomp
|-damage|p1a: Garchomp|32/100
|
|-weather|Sandstorm|[upkeep]
|-damage|p2a: Iron Jugulis|69/100|[from] Sandstorm
|-heal|p1a: Garchomp|39/100|[from] Grassy Terrain
|upkeep
|turn|12
|
|t:|1779596505
|move|p2a: Iron Jugulis|Dark Pulse|p1a: Garchomp
|-damage|p1a: Garchomp|1/100
|cant|p1a: Garchomp|flinch
|
|-weather|Sandstorm|[upkeep]
|-damage|p2a: Iron Jugulis|63/100|[from] Sandstorm
|-heal|p1a: Garchomp|7/100|[from] Grassy Terrain
|-fieldend|move: Grassy Terrain
|upkeep
|turn|13
|
|t:|1779596513
|switch|p1a: Tyranitar|Tyranitar, F|88/100
|-damage|p1a: Tyranitar|76/100|[from] Stealth Rock
|move|p2a: Iron Jugulis|Dark Pulse|p1a: Tyranitar
|-resisted|p1a: Tyranitar
|-damage|p1a: Tyranitar|70/100
|
|-weather|Sandstorm|[upkeep]
|-damage|p2a: Iron Jugulis|57/100|[from] Sandstorm
|upkeep
|turn|14
|inactive|Camilo10_0706 has 120 seconds left.
|
|t:|1779596529
|-end|p2a: Iron Jugulis|Quark Drive|[silent]
|switch|p2a: Scizor|Scizor, M|72/100
|-damage|p2a: Scizor|59/100|[from] Stealth Rock
|move|p1a: Tyranitar|Ice Punch|p2a: Scizor
|-resisted|p2a: Scizor
|-damage|p2a: Scizor|45/100
|-status|p2a: Scizor|frz
|-enditem|p2a: Scizor|Sitrus Berry|[eat]
|-heal|p2a: Scizor|70/100 frz|[from] item: Sitrus Berry
|
|-weather|Sandstorm|[upkeep]
|upkeep
|turn|15
|
|t:|1779596539
|switch|p1a: Garchomp|Garchomp, M|7/100
|-damage|p1a: Garchomp|1/100|[from] Stealth Rock
|cant|p2a: Scizor|frz
|
|-weather|none
|upkeep
|turn|16
|
|t:|1779596549
|cant|p2a: Scizor|frz
|move|p1a: Garchomp|Spikes|p2a: Scizor
|-sidestart|p2: M6F2Y0|Spikes
|
|upkeep
|turn|17
|
|t:|1779596554
|cant|p2a: Scizor|frz
|move|p1a: Garchomp|Spikes|p2a: Scizor
|-sidestart|p2: M6F2Y0|Spikes
|
|upkeep
|turn|18
|
|t:|1779596561
|cant|p2a: Scizor|frz
|move|p1a: Garchomp|Spikes|p2a: Scizor
|-sidestart|p2: M6F2Y0|Spikes
|
|upkeep
|turn|19
|
|t:|1779596568
|cant|p2a: Scizor|frz
|move|p1a: Garchomp|Dragon Tail|p2a: Scizor
|-resisted|p2a: Scizor
|-damage|p2a: Scizor|59/100 frz
|drag|p2a: Manaphy|Manaphy|100/100
|-damage|p2a: Manaphy|88/100|[from] Stealth Rock
|-damage|p2a: Manaphy|63/100|[from] Spikes
|
|upkeep
|turn|20
|
|t:|1779596582
|move|p2a: Manaphy|Surf|p1a: Garchomp
|-crit|p1a: Garchomp
|-damage|p1a: Garchomp|0 fnt
|faint|p1a: Garchomp
|
|upkeep
|
|t:|1779596585
|switch|p1a: Rillaboom|Rillaboom, F|94/100
|-damage|p1a: Rillaboom|82/100|[from] Stealth Rock
|-fieldstart|move: Grassy Terrain|[from] ability: Grassy Surge|[of] p1a: Rillaboom
|turn|21
|
|t:|1779596598
|move|p2a: Manaphy|Ice Beam|p1a: Rillaboom
|-supereffective|p1a: Rillaboom
|-damage|p1a: Rillaboom|25/100
|move|p1a: Rillaboom|Drum Beating|p2a: Manaphy
|-supereffective|p2a: Manaphy
|-damage|p2a: Manaphy|0 fnt
|faint|p2a: Manaphy
|
|-heal|p1a: Rillaboom|31/100|[from] Grassy Terrain
|upkeep
|
|t:|1779596608
|switch|p2a: Latios|Latios, M|100/100
|-damage|p2a: Latios|88/100|[from] Stealth Rock
|turn|22
|
|t:|1779596622
|switch|p1a: Tyranitar|Tyranitar, F|70/100
|-damage|p1a: Tyranitar|57/100|[from] Stealth Rock
|-weather|Sandstorm|[from] ability: Sand Stream|[of] p1a: Tyranitar
|move|p2a: Latios|Aura Sphere|p1a: Tyranitar
|-supereffective|p1a: Tyranitar
|-damage|p1a: Tyranitar|23/100
|
|-weather|Sandstorm|[upkeep]
|-damage|p2a: Latios|82/100|[from] Sandstorm
|-heal|p1a: Tyranitar|29/100|[from] Grassy Terrain
|upkeep
|turn|23
|
|t:|1779596634
|switch|p1a: Garganacl|Garganacl, M|100/100
|-damage|p1a: Garganacl|88/100|[from] Stealth Rock
|move|p2a: Latios|Aura Sphere|p1a: Garganacl
|-supereffective|p1a: Garganacl
|-damage|p1a: Garganacl|66/100
|
|-weather|Sandstorm|[upkeep]
|-damage|p2a: Latios|76/100|[from] Sandstorm
|-heal|p1a: Garganacl|73/100|[from] Grassy Terrain
|-heal|p1a: Garganacl|79/100|[from] item: Leftovers
|upkeep
|turn|24
|
|t:|1779596648
|switch|p2a: Sandy Shocks|Sandy Shocks|79/100
|-damage|p2a: Sandy Shocks|72/100|[from] Stealth Rock
|-damage|p2a: Sandy Shocks|48/100|[from] Spikes
|move|p1a: Garganacl|Iron Defense|p1a: Garganacl
|-boost|p1a: Garganacl|def|2
|
|-weather|Sandstorm|[upkeep]
|-heal|p2a: Sandy Shocks|54/100|[from] Grassy Terrain
|-heal|p1a: Garganacl|85/100|[from] Grassy Terrain
|-heal|p1a: Garganacl|91/100|[from] item: Leftovers
|upkeep
|turn|25
|
|t:|1779596663
|move|p2a: Sandy Shocks|Earth Power|p1a: Garganacl
|-supereffective|p1a: Garganacl
|-damage|p1a: Garganacl|51/100
|move|p1a: Garganacl|Salt Cure|p2a: Sandy Shocks
|-resisted|p2a: Sandy Shocks
|-damage|p2a: Sandy Shocks|46/100
|-start|p2a: Sandy Shocks|Salt Cure
|
|-weather|Sandstorm|[upkeep]
|-heal|p2a: Sandy Shocks|53/100|[from] Grassy Terrain
|-heal|p1a: Garganacl|57/100|[from] Grassy Terrain
|-heal|p1a: Garganacl|63/100|[from] item: Leftovers
|-damage|p2a: Sandy Shocks|40/100|[from] Salt Cure
|-fieldend|move: Grassy Terrain
|upkeep
|turn|26
|
|t:|1779596670
|move|p2a: Sandy Shocks|Earth Power|p1a: Garganacl
|-supereffective|p1a: Garganacl
|-damage|p1a: Garganacl|23/100
|move|p1a: Garganacl|Recover|p1a: Garganacl
|-heal|p1a: Garganacl|73/100
|
|-weather|none
|-heal|p1a: Garganacl|79/100|[from] item: Leftovers
|-damage|p2a: Sandy Shocks|28/100|[from] Salt Cure
|upkeep
|turn|27
|
|t:|1779596683
|-terastallize|p1a: Garganacl|Ghost
|move|p2a: Sandy Shocks|Earth Power|p1a: Garganacl
|-damage|p1a: Garganacl|52/100
|move|p1a: Garganacl|Recover|p1a: Garganacl
|-heal|p1a: Garganacl|100/100
|
|-damage|p2a: Sandy Shocks|15/100|[from] Salt Cure
|upkeep
|turn|28
|
|t:|1779596690
|move|p2a: Sandy Shocks|Spikes|p1a: Garganacl
|-sidestart|p1: Camilo10_0706|Spikes
|move|p1a: Garganacl|Salt Cure|p2a: Sandy Shocks
|-resisted|p2a: Sandy Shocks
|-damage|p2a: Sandy Shocks|7/100
|
|-damage|p2a: Sandy Shocks|0 fnt|[from] Salt Cure
|faint|p2a: Sandy Shocks
|-end|p2a: Sandy Shocks|Protosynthesis|[silent]
|upkeep
|
|t:|1779596700
|switch|p2a: Iron Jugulis|Iron Jugulis|57/100
|-damage|p2a: Iron Jugulis|32/100|[from] Stealth Rock
|turn|29
|
|t:|1779596706
|switch|p1a: Tyranitar|Tyranitar, F|29/100
|-damage|p1a: Tyranitar|16/100|[from] Stealth Rock
|-damage|p1a: Tyranitar|4/100|[from] Spikes
|-weather|Sandstorm|[from] ability: Sand Stream|[of] p1a: Tyranitar
|move|p2a: Iron Jugulis|Dark Pulse|p1a: Tyranitar
|-resisted|p1a: Tyranitar
|-damage|p1a: Tyranitar|0 fnt
|faint|p1a: Tyranitar
|
|-weather|Sandstorm|[upkeep]
|-damage|p2a: Iron Jugulis|26/100|[from] Sandstorm
|upkeep
|
|t:|1779596730
|switch|p1a: Garganacl|Garganacl, M, tera:Ghost|100/100
|-damage|p1a: Garganacl|88/100|[from] Stealth Rock
|-damage|p1a: Garganacl|76/100|[from] Spikes
|turn|30
|
|t:|1779596736
|move|p2a: Iron Jugulis|Dark Pulse|p1a: Garganacl
|-supereffective|p1a: Garganacl
|-damage|p1a: Garganacl|21/100
|move|p1a: Garganacl|Recover|p1a: Garganacl
|-heal|p1a: Garganacl|71/100
|
|-weather|Sandstorm|[upkeep]
|-damage|p2a: Iron Jugulis|20/100|[from] Sandstorm
|-damage|p1a: Garganacl|65/100|[from] Sandstorm
|-heal|p1a: Garganacl|71/100|[from] item: Leftovers
|upkeep
|turn|31
|
|t:|1779596749
|move|p2a: Iron Jugulis|Taunt|p1a: Garganacl
|-start|p1a: Garganacl|move: Taunt
|cant|p1a: Garganacl|move: Taunt|Recover
|
|-weather|Sandstorm|[upkeep]
|-damage|p2a: Iron Jugulis|14/100|[from] Sandstorm
|-damage|p1a: Garganacl|65/100|[from] Sandstorm
|-heal|p1a: Garganacl|71/100|[from] item: Leftovers
|upkeep
|turn|32
|
|t:|1779596754
|switch|p1a: Rillaboom|Rillaboom, F|31/100
|-damage|p1a: Rillaboom|18/100|[from] Stealth Rock
|-damage|p1a: Rillaboom|6/100|[from] Spikes
|-fieldstart|move: Grassy Terrain|[from] ability: Grassy Surge|[of] p1a: Rillaboom
|move|p2a: Iron Jugulis|Dark Pulse|p1a: Rillaboom
|-damage|p1a: Rillaboom|0 fnt
|faint|p1a: Rillaboom
|
|-weather|Sandstorm|[upkeep]
|-damage|p2a: Iron Jugulis|8/100|[from] Sandstorm
|upkeep
|
|t:|1779596757
|switch|p1a: Garganacl|Garganacl, M, tera:Ghost|71/100
|-damage|p1a: Garganacl|58/100|[from] Stealth Rock
|-damage|p1a: Garganacl|46/100|[from] Spikes
|turn|33
|
|t:|1779596762
|move|p2a: Iron Jugulis|Dark Pulse|p1a: Garganacl
|-supereffective|p1a: Garganacl
|-damage|p1a: Garganacl|0 fnt
|faint|p1a: Garganacl
|
|win|M6F2Y0
|raw|Camilo10_0706's rating: 1348 &rarr; <strong>1329</strong><br />(-19 for losing)
|raw|M6F2Y0's rating: 1365 &rarr; <strong>1384</strong><br />(+19 for winning)
|l|☆Camilo10_0706
|player|p1|
|l|☆M6F2Y0
|player|p2|
