|j|☆Leon Must Die
|j|☆ghostoftheranch
|t:|1779575605
|gametype|singles
|player|p1|Leon Must Die|ethan|1704
|player|p2|ghostoftheranch|medium|1638
|gen|9
|tier|[Gen 9] OU
|rated|
|rule|HP Percentage Mod: HP is shown in percentages
|rule|Endless Battle Clause: Forcing endless battles is banned
|rule|Species Clause: Limit one of each Pokémon
|rule|OHKO Clause: OHKO moves are banned
|rule|Evasion Items Clause: Evasion items are banned
|rule|Evasion Moves Clause: Evasion moves are banned
|rule|Evasion Abilities Clause: Evasion abilities are banned
|rule|Sleep Moves Clause: Sleep-inducing moves are banned
|clearpoke
|poke|p1|Gliscor, F|
|poke|p1|Deoxys-Speed|
|poke|p1|Hatterene, F|
|poke|p1|Iron Moth|
|poke|p1|Kyurem|
|poke|p1|Zamazenta-*|
|poke|p2|Cramorant, M|
|poke|p2|Gallade, M|
|poke|p2|Kingambit, F|
|poke|p2|Iron Moth|
|poke|p2|Enamorus, F|
|poke|p2|Ogerpon-Cornerstone, F|
|teampreview
|inactive|Battle timer is ON: inactive players will automatically lose when time's up. (requested by Leon Must Die)
|
|t:|1779575652
|teamsize|p1|6
|teamsize|p2|6
|start
|switch|p1a: Deoxys|Deoxys-Speed|100/100
|switch|p2a: Cramorant|Cramorant, M|100/100
|-ability|p1a: Deoxys|Pressure
|turn|1
|
|t:|1779575665
|move|p1a: Deoxys|Light Screen|p1a: Deoxys
|-sidestart|p1: Leon Must Die|move: Light Screen
|move|p2a: Cramorant|Tailwind|p2a: Cramorant
|-sidestart|p2: ghostoftheranch|move: Tailwind
|
|upkeep
|turn|2
|
|t:|1779575668
|move|p2a: Cramorant|Surf|p1a: Deoxys
|-formechange|p2a: Cramorant|Cramorant-Gulping|
|-damage|p1a: Deoxys|77/100
|move|p1a: Deoxys|Reflect|p1a: Deoxys
|-sidestart|p1: Leon Must Die|Reflect
|
|upkeep
|turn|3
|
|t:|1779575681
|move|p2a: Cramorant|Defog|p1a: Deoxys
|-unboost|p1a: Deoxys|evasion|1
|-sideend|p1: Leon Must Die|Reflect
|-sideend|p1: Leon Must Die|move: Light Screen
|move|p1a: Deoxys|Teleport|p1a: Deoxys
|
|t:|1779575684
|switch|p1a: Kyurem|Kyurem|100/100|[from] Teleport
|-ability|p1a: Kyurem|Pressure
|
|upkeep
|turn|4
|
|t:|1779575691
|move|p2a: Cramorant|Surf|p1a: Kyurem
|-resisted|p1a: Kyurem
|-damage|p1a: Kyurem|79/100
|move|p1a: Kyurem|Dragon Dance|p1a: Kyurem
|-boost|p1a: Kyurem|atk|1
|-boost|p1a: Kyurem|spe|1
|
|-sideend|p2: ghostoftheranch|move: Tailwind
|upkeep
|turn|5
|
|t:|1779575697
|move|p1a: Kyurem|Icicle Spear|p2a: Cramorant
|-damage|p2a: Cramorant|58/100
|-damage|p1a: Kyurem|54/100|[from] ability: Gulp Missile|[of] p2a: Cramorant
|-unboost|p1a: Kyurem|def|1
|-formechange|p2a: Cramorant|Cramorant|
|-damage|p2a: Cramorant|14/100
|-damage|p2a: Cramorant|0 fnt
|faint|p2a: Cramorant
|-hitcount|p2: Cramorant|3
|
|upkeep
|inactive|ghostoftheranch has 120 seconds left.
|
|t:|1779575738
|switch|p2a: Iron Moth|Iron Moth|100/100
|-enditem|p2a: Iron Moth|Booster Energy
|-activate|p2a: Iron Moth|ability: Quark Drive|[fromitem]
|-start|p2a: Iron Moth|quarkdrivespe
|turn|6
|
|t:|1779575759
|switch|p1a: Iron Moth|Iron Moth|100/100
|-enditem|p1a: Iron Moth|Booster Energy
|-activate|p1a: Iron Moth|ability: Quark Drive|[fromitem]
|-start|p1a: Iron Moth|quarkdrivespe
|move|p2a: Iron Moth|Fiery Dance|p1a: Iron Moth
|-resisted|p1a: Iron Moth
|-damage|p1a: Iron Moth|78/100
|-boost|p2a: Iron Moth|spa|1
|
|upkeep
|turn|7
|inactive|ghostoftheranch has 120 seconds left.
|
|t:|1779575773
|move|p2a: Iron Moth|Fiery Dance|p1a: Iron Moth
|-resisted|p1a: Iron Moth
|-damage|p1a: Iron Moth|44/100
|-boost|p2a: Iron Moth|spa|1
|move|p1a: Iron Moth|Whirlwind|p2a: Iron Moth
|-end|p2a: Iron Moth|Quark Drive|[silent]
|drag|p2a: Gallade|Gallade, M|100/100
|
|upkeep
|turn|8
|inactive|ghostoftheranch has 120 seconds left.
|j| kanaete onegai
|
|t:|1779575791
|move|p1a: Iron Moth|Sludge Wave|p2a: Gallade
|-damage|p2a: Gallade|47/100
|move|p2a: Gallade|Swords Dance|p2a: Gallade
|-boost|p2a: Gallade|atk|2
|
|upkeep
|turn|9
|
|t:|1779575796
|move|p2a: Gallade|Shadow Sneak|p1a: Iron Moth
|-damage|p1a: Iron Moth|2/100
|move|p1a: Iron Moth|Sludge Wave|p2a: Gallade
|-damage|p2a: Gallade|0 fnt
|faint|p2a: Gallade
|
|upkeep
|
|t:|1779575804
|switch|p2a: Iron Moth|Iron Moth|100/100
|turn|10
|
|t:|1779575817
|move|p1a: Iron Moth|Toxic Spikes|p2a: Iron Moth
|-sidestart|p2: ghostoftheranch|move: Toxic Spikes
|move|p2a: Iron Moth|Fiery Dance|p1a: Iron Moth
|-resisted|p1a: Iron Moth
|-damage|p1a: Iron Moth|0 fnt
|-boost|p2a: Iron Moth|spa|1
|faint|p1a: Iron Moth
|-end|p1a: Iron Moth|Quark Drive|[silent]
|
|upkeep
|
|t:|1779575820
|switch|p1a: Deoxys|Deoxys-Speed|77/100
|-ability|p1a: Deoxys|Pressure
|turn|11
|
|t:|1779575831
|-end|p2a: Iron Moth|Quark Drive|[silent]
|switch|p2a: Kingambit|Kingambit, F|100/100
|-activate|p2a: Kingambit|ability: Supreme Overlord
|-start|p2a: Kingambit|fallen2|[silent]
|move|p1a: Deoxys|Light Screen|p1a: Deoxys
|-sidestart|p1: Leon Must Die|move: Light Screen
|
|upkeep
|turn|12
|
|t:|1779575837
|move|p1a: Deoxys|Reflect|p1a: Deoxys
|-sidestart|p1: Leon Must Die|Reflect
|move|p2a: Kingambit|Swords Dance|p2a: Kingambit
|-boost|p2a: Kingambit|atk|2
|
|upkeep
|turn|13
|
|t:|1779575840
|switch|p1a: Zamazenta|Zamazenta|100/100
|-ability|p1a: Zamazenta|Dauntless Shield|boost
|-boost|p1a: Zamazenta|def|1
|move|p2a: Kingambit|Iron Head|p1a: Zamazenta
|-damage|p1a: Zamazenta|61/100
|-damage|p2a: Kingambit|91/100|[from] item: Life Orb
|
|-heal|p1a: Zamazenta|67/100|[from] item: Leftovers
|upkeep
|turn|14
|
|t:|1779575855
|-terastallize|p2a: Kingambit|Ghost
|move|p1a: Zamazenta|Body Press|p2a: Kingambit
|-immune|p2a: Kingambit
|move|p2a: Kingambit|Swords Dance|p2a: Kingambit
|-boost|p2a: Kingambit|atk|2
|
|-heal|p1a: Zamazenta|74/100|[from] item: Leftovers
|upkeep
|turn|15
|
|t:|1779575864
|move|p1a: Zamazenta|Crunch|p2a: Kingambit
|-supereffective|p2a: Kingambit
|-damage|p2a: Kingambit|50/100
|move|p2a: Kingambit|Iron Head|p1a: Zamazenta
|-damage|p1a: Zamazenta|20/100
|-damage|p2a: Kingambit|40/100|[from] item: Life Orb
|
|-heal|p1a: Zamazenta|26/100|[from] item: Leftovers
|upkeep
|turn|16
|
|t:|1779575893
|move|p2a: Kingambit|Sucker Punch|p1a: Zamazenta
|-resisted|p1a: Zamazenta
|-damage|p1a: Zamazenta|0 fnt
|faint|p1a: Zamazenta
|-damage|p2a: Kingambit|30/100|[from] item: Life Orb
|
|upkeep
|
|t:|1779575898
|switch|p1a: Gliscor|Gliscor, F|100/100
|turn|17
|
|t:|1779575913
|move|p1a: Gliscor|Earthquake|p2a: Kingambit
|-damage|p2a: Kingambit|1/100
|move|p2a: Kingambit|Iron Head|p1a: Gliscor
|-damage|p1a: Gliscor|17/100
|-damage|p2a: Kingambit|0 fnt|[from] item: Life Orb
|faint|p2a: Kingambit
|-end|p2a: Kingambit|fallen2|[silent]
|
|-status|p1a: Gliscor|tox|[from] item: Toxic Orb
|upkeep
|inactive|ghostoftheranch has 120 seconds left.
|
|t:|1779575931
|switch|p2a: Iron Moth|Iron Moth|100/100
|-sideend|p2: ghostoftheranch|move: Toxic Spikes|[of] p2a: Iron Moth
|turn|18
|
|t:|1779575934
|move|p2a: Iron Moth|Fiery Dance|p1a: Gliscor
|-damage|p1a: Gliscor|0 fnt
|-boost|p2a: Iron Moth|spa|1
|faint|p1a: Gliscor
|
|-sideend|p1: Leon Must Die|move: Light Screen
|upkeep
|
|t:|1779575939
|switch|p1a: Deoxys|Deoxys-Speed|77/100
|-ability|p1a: Deoxys|Pressure
|turn|19
|
|t:|1779575942
|move|p1a: Deoxys|Light Screen|p1a: Deoxys
|-sidestart|p1: Leon Must Die|move: Light Screen
|move|p2a: Iron Moth|Fiery Dance|p1a: Deoxys
|-damage|p1a: Deoxys|43/100
|-boost|p2a: Iron Moth|spa|1
|
|-sideend|p1: Leon Must Die|Reflect
|upkeep
|turn|20
|c|☆Leon Must Die|dude
|
|t:|1779575948
|move|p1a: Deoxys|Reflect|p1a: Deoxys
|-sidestart|p1: Leon Must Die|Reflect
|move|p2a: Iron Moth|Fiery Dance|p1a: Deoxys
|-damage|p1a: Deoxys|0 fnt
|faint|p1a: Deoxys
|
|upkeep
|
|t:|1779575951
|switch|p1a: Kyurem|Kyurem|54/100
|-ability|p1a: Kyurem|Pressure
|turn|21
|
|t:|1779575973
|move|p2a: Iron Moth|Fiery Dance|p1a: Kyurem
|-damage|p1a: Kyurem|11/100
|move|p1a: Kyurem|Dragon Dance|p1a: Kyurem
|-boost|p1a: Kyurem|atk|1
|-boost|p1a: Kyurem|spe|1
|
|upkeep
|turn|22
|
|t:|1779575981
|move|p1a: Kyurem|Earth Power|p2a: Iron Moth
|-supereffective|p2a: Iron Moth
|-damage|p2a: Iron Moth|3/100
|move|p2a: Iron Moth|Fiery Dance|p1a: Kyurem
|-damage|p1a: Kyurem|0 fnt
|faint|p1a: Kyurem
|
|upkeep
|
|t:|1779575994
|switch|p1a: Hatterene|Hatterene, F|100/100
|turn|23
|
|t:|1779576004
|move|p2a: Iron Moth|Sludge Wave|p1a: Hatterene
|-supereffective|p1a: Hatterene
|-damage|p1a: Hatterene|0 fnt
|faint|p1a: Hatterene
|
|win|ghostoftheranch
|raw|Leon Must Die's rating: 1704 &rarr; <strong>1680</strong><br />(-24 for losing)
|raw|ghostoftheranch's rating: 1638 &rarr; <strong>1662</strong><br />(+24 for winning)
|l|☆Leon Must Die
|player|p1|
|c|☆ghostoftheranch|gg
|l|☆ghostoftheranch
|player|p2|
