|j|☆mayankreddy_8
|j|☆serginsurge
|t:|1779598735
|gametype|singles
|player|p1|mayankreddy_8|red|1329
|player|p2|serginsurge|101|1384
|gen|9
|tier|[Gen 9] OU
|rated|
|rule|HP Percentage Mod: HP is shown in percentages
|rule|Endless Battle Clause: Forcing endless battles is banned
|rule|Species Clause: Limit one of each Pokémon
|rule|OHKO Clause: OHKO moves are banned
|rule|Evasion Items Clause: Evasion items are banned
|rule|Evasion Moves Clause: Evasion moves are banned
|rule|Evasion Abilities Clause: Evasion abilities are banned
|rule|Sleep Moves Clause: Sleep-inducing moves are banned
|clearpoke
|poke|p1|Kingambit, M|
|poke|p1|Cinderace, M|
|poke|p1|Garchomp, F|
|poke|p1|Metagross|
|poke|p1|Iron Valiant|
|poke|p1|Moltres|
|poke|p2|Dragapult, F|
|poke|p2|Rabsca, F|
|poke|p2|Jolteon, F|
|poke|p2|Amoonguss, M|
|poke|p2|Great Tusk|
|poke|p2|Heatran, F|
|teampreview
|inactive|Battle timer is ON: inactive players will automatically lose when time's up. (requested by serginsurge)
|
|t:|1779598748
|teamsize|p1|6
|teamsize|p2|6
|start
|switch|p1a: Cinderace|Cinderace, M, shiny|100/100
|switch|p2a: Heatran|Heatran, F|100/100
|turn|1
|
|t:|1779598759
|move|p1a: Cinderace|High Jump Kick|p2a: Heatran
|-start|p1a: Cinderace|typechange|Fighting|[from] ability: Libero
|-supereffective|p2a: Heatran
|-damage|p2a: Heatran|0 fnt
|faint|p2a: Heatran
|
|upkeep
|
|t:|1779598769
|switch|p2a: Great Tusk|Great Tusk|100/100
|turn|2
|
|t:|1779598773
|move|p1a: Cinderace|Will-O-Wisp|p2a: Great Tusk
|-status|p2a: Great Tusk|brn
|move|p2a: Great Tusk|Stealth Rock|p1a: Cinderace
|-sidestart|p1: mayankreddy_8|move: Stealth Rock
|
|-damage|p2a: Great Tusk|94/100 brn|[from] brn
|upkeep
|turn|3
|
|t:|1779598783
|move|p1a: Cinderace|Court Change|p1a: Cinderace
|-swapsideconditions
|-activate|p1a: Cinderace|move: Court Change
|move|p2a: Great Tusk|Earthquake|p1a: Cinderace
|-damage|p1a: Cinderace|70/100
|
|-heal|p2a: Great Tusk|100/100 brn|[from] item: Leftovers
|-damage|p2a: Great Tusk|94/100 brn|[from] brn
|upkeep
|turn|4
|
|t:|1779598792
|move|p1a: Cinderace|High Jump Kick|p2a: Great Tusk|[miss]
|-miss|p1a: Cinderace|p2a: Great Tusk
|-damage|p1a: Cinderace|20/100|[from] highjumpkick
|move|p2a: Great Tusk|Rapid Spin|p1a: Cinderace
|-damage|p1a: Cinderace|10/100
|-boost|p2a: Great Tusk|spe|1
|-sideend|p2: serginsurge|Stealth Rock|[from] move: Rapid Spin|[of] p2a: Great Tusk
|
|-heal|p2a: Great Tusk|100/100 brn|[from] item: Leftovers
|-damage|p2a: Great Tusk|94/100 brn|[from] brn
|upkeep
|turn|5
|
|t:|1779598806
|move|p1a: Cinderace|High Jump Kick|p2a: Great Tusk
|-damage|p2a: Great Tusk|62/100 brn
|move|p2a: Great Tusk|Close Combat|p1a: Cinderace
|-damage|p1a: Cinderace|0 fnt
|-unboost|p2a: Great Tusk|def|1
|-unboost|p2a: Great Tusk|spd|1
|faint|p1a: Cinderace
|
|-heal|p2a: Great Tusk|69/100 brn|[from] item: Leftovers
|-damage|p2a: Great Tusk|62/100 brn|[from] brn
|upkeep
|
|t:|1779598816
|switch|p1a: Metagross|Metagross, shiny|100/100
|turn|6
|
|t:|1779598829
|move|p2a: Great Tusk|Earthquake|p1a: Metagross
|-supereffective|p1a: Metagross
|-damage|p1a: Metagross|64/100
|move|p1a: Metagross|Psychic Fangs|p2a: Great Tusk
|-supereffective|p2a: Great Tusk
|-damage|p2a: Great Tusk|0 fnt
|faint|p2a: Great Tusk
|-end|p2a: Great Tusk|Protosynthesis|[silent]
|
|upkeep
|
|t:|1779598843
|switch|p2a: Dragapult|Dragapult, F|100/100
|turn|7
|
|t:|1779598848
|move|p2a: Dragapult|Shadow Ball|p1a: Metagross
|-supereffective|p1a: Metagross
|-damage|p1a: Metagross|10/100
|move|p1a: Metagross|Ice Punch|p2a: Dragapult
|-supereffective|p2a: Dragapult
|-damage|p2a: Dragapult|15/100
|
|upkeep
|turn|8
|
|t:|1779598856
|move|p1a: Metagross|Bullet Punch|p2a: Dragapult
|-damage|p2a: Dragapult|0 fnt
|faint|p2a: Dragapult
|
|upkeep
|
|t:|1779598861
|switch|p2a: Jolteon|Jolteon, F|100/100
|turn|9
|
|t:|1779598887
|move|p2a: Jolteon|Shadow Ball|p1a: Metagross
|-supereffective|p1a: Metagross
|-damage|p1a: Metagross|0 fnt
|faint|p1a: Metagross
|
|upkeep
|
|t:|1779598893
|switch|p1a: Garchomp|Garchomp, F|100/100
|turn|10
|
|t:|1779598903
|switch|p2a: Amoonguss|Amoonguss, M, shiny|100/100
|move|p1a: Garchomp|Swords Dance|p1a: Garchomp
|-boost|p1a: Garchomp|atk|2
|
|upkeep
|turn|11
|inactive|mayankreddy_8 has 120 seconds left.
|
|t:|1779598935
|-terastallize|p2a: Amoonguss|Ground
|move|p1a: Garchomp|Fire Fang|p2a: Amoonguss
|-damage|p2a: Amoonguss|67/100
|move|p2a: Amoonguss|Foul Play|p1a: Garchomp
|-damage|p1a: Garchomp|38/100
|-damage|p2a: Amoonguss|54/100|[from] ability: Rough Skin|[of] p1a: Garchomp
|-damage|p2a: Amoonguss|38/100|[from] item: Rocky Helmet|[of] p1a: Garchomp
|
|upkeep
|turn|12
|inactive|mayankreddy_8 has 120 seconds left.
|
|t:|1779598951
|move|p1a: Garchomp|Outrage|p2a: Amoonguss
|-damage|p2a: Amoonguss|0 fnt
|faint|p2a: Amoonguss
|
|upkeep
|
|t:|1779598959
|switch|p2a: Jolteon|Jolteon, F|100/100
|turn|13
|
|t:|1779598968
|move|p2a: Jolteon|Shadow Ball|p1a: Garchomp
|-damage|p1a: Garchomp|10/100
|move|p1a: Garchomp|Outrage|p2a: Jolteon|[from] lockedmove
|-damage|p2a: Jolteon|0 fnt
|faint|p2a: Jolteon
|
|upkeep
|
|t:|1779598976
|switch|p2a: Rabsca|Rabsca, F|100/100
|turn|14
|inactive|mayankreddy_8 has 120 seconds left.
|inactive|mayankreddy_8 has 90 seconds left.
|
|t:|1779599029
|move|p1a: Garchomp|Outrage|p2a: Rabsca|[from] lockedmove
|-damage|p2a: Rabsca|6/100
|-start|p1a: Garchomp|confusion|[fatigue]
|move|p2a: Rabsca|Revival Blessing|p2a: Rabsca
|-enditem|p2a: Rabsca|Leppa Berry|[eat]
|-activate|p2a: Rabsca|item: Leppa Berry|Revival Blessing|[consumed]
|
|t:|1779599041
|-heal|p2: Great Tusk|50/100|[from] move: Revival Blessing
|
|upkeep
|turn|15
|
|t:|1779599048
|-activate|p1a: Garchomp|confusion
|move|p1a: Garchomp|Outrage|p2a: Rabsca
|-damage|p2a: Rabsca|0 fnt
|faint|p2a: Rabsca
|
|upkeep
|
|t:|1779599054
|switch|p2a: Great Tusk|Great Tusk|50/100
|turn|16
|
|t:|1779599059
|-activate|p1a: Garchomp|confusion
|move|p1a: Garchomp|Outrage|p2a: Great Tusk|[from] lockedmove
|-damage|p2a: Great Tusk|0 fnt
|faint|p2a: Great Tusk
|-end|p2a: Great Tusk|Protosynthesis|[silent]
|
|win|mayankreddy_8
|raw|mayankreddy_8's rating: 1329 &rarr; <strong>1352</strong><br />(+23 for winning)
|raw|serginsurge's rating: 1384 &rarr; <strong>1361</strong><br />(-23 for losing)
|l|☆mayankreddy_8
|player|p1|
|l|☆serginsurge
|player|p2|
