|j|☆hey you're
|j|☆skyrim-alberto
|t:|1779569639
|gametype|singles
|player|p1|hey you're|blackbelt-gen4dp|1475
|player|p2|skyrim-alberto|norman|1473
|gen|9
|tier|[Gen 9] OU
|rated|
|rule|HP Percentage Mod: HP is shown in percentages
|rule|Endless Battle Clause: Forcing endless battles is banned
|rule|Species Clause: Limit one of each Pokémon
|rule|OHKO Clause: OHKO moves are banned
|rule|Evasion Items Clause: Evasion items are banned
|rule|Evasion Moves Clause: Evasion moves are banned
|rule|Evasion Abilities Clause: Evasion abilities are banned
|rule|Sleep Moves Clause: Sleep-inducing moves are banned
|clearpoke
|poke|p1|Moltres|
|poke|p1|Maushold-Four|
|poke|p1|Goodra-Hisui, M|
|poke|p1|Ogerpon-Wellspring, F|
|poke|p1|Gholdengo|
|poke|p1|Deoxys-Speed|
|poke|p2|Mimikyu, M|
|poke|p2|Ursaluna, M|
|poke|p2|Indeedee-F, F|
|poke|p2|Murkrow, F|
|poke|p2|Kyurem|
|poke|p2|Hoopa-Unbound|
|teampreview
|inactive|Battle timer is ON: inactive players will automatically lose when time's up. (requested by hey you're)
|
|t:|1779569647
|teamsize|p1|6
|teamsize|p2|6
|start
|switch|p1a: Deoxys|Deoxys-Speed|100/100
|switch|p2a: Murkrow|Murkrow, F|100/100
|-ability|p1a: Deoxys|Pressure
|turn|1
|j| kanitanku
|
|t:|1779569669
|move|p1a: Deoxys|Thunderbolt|p2a: Murkrow
|-supereffective|p2a: Murkrow
|-damage|p2a: Murkrow|0 fnt
|faint|p2a: Murkrow
|
|upkeep
|
|t:|1779569677
|switch|p2a: Class weirdo|Mimikyu, M|100/100
|turn|2
|
|t:|1779569683
|move|p1a: Deoxys|Knock Off|p2a: Class weirdo
|-activate|p2a: Class weirdo|ability: Disguise
|-damage|p2a: Class weirdo|100/100
|-enditem|p2a: Class weirdo|Red Card|[from] move: Knock Off|[of] p1a: Deoxys
|detailschange|p2a: Class weirdo|Mimikyu-Busted, M
|-damage|p2a: Class weirdo|88/100|[from] pokemon: Mimikyu-Busted
|move|p2a: Class weirdo|Trick Room|p2a: Class weirdo
|-fieldstart|move: Trick Room|[of] p2a: Class weirdo
|
|upkeep
|turn|3
|
|t:|1779569692
|switch|p1a: Moltres|Moltres|100/100
|move|p2a: Class weirdo|Curse|p1a: Moltres
|-start|p1a: Moltres|Curse|[of] p2a: Class weirdo
|-damage|p2a: Class weirdo|38/100
|
|-damage|p1a: Moltres|76/100|[from] Curse
|upkeep
|turn|4
|
|t:|1779569702
|switch|p2a: I hit soft|Ursaluna, M|100/100
|move|p1a: Moltres|U-turn|p2a: I hit soft
|-damage|p2a: I hit soft|89/100
|
|t:|1779569709
|switch|p1a: Gholdengo|Gholdengo|100/100|[from] U-turn
|
|-status|p2a: I hit soft|brn|[from] item: Flame Orb
|upkeep
|turn|5
|
|t:|1779569718
|switch|p1a: Moltres|Moltres|76/100
|-terastallize|p2a: I hit soft|Normal
|move|p2a: I hit soft|Facade|p1a: Moltres
|-damage|p1a: Moltres|0 fnt
|faint|p1a: Moltres
|
|-damage|p2a: I hit soft|83/100 brn|[from] brn
|upkeep
|
|t:|1779569727
|switch|p1a: Gholdengo|Gholdengo|100/100
|turn|6
|
|t:|1779569743
|move|p2a: I hit soft|Headlong Rush|p1a: Gholdengo
|-supereffective|p1a: Gholdengo
|-damage|p1a: Gholdengo|0 fnt
|-unboost|p2a: I hit soft|def|1
|-unboost|p2a: I hit soft|spd|1
|faint|p1a: Gholdengo
|
|-damage|p2a: I hit soft|77/100 brn|[from] brn
|-fieldend|move: Trick Room
|upkeep
|
|t:|1779569746
|switch|p1a: Maushold|Maushold-Four|100/100
|turn|7
|
|t:|1779569757
|move|p1a: Maushold|Population Bomb|p2a: I hit soft
|-damage|p2a: I hit soft|66/100 brn
|-damage|p2a: I hit soft|54/100 brn
|-damage|p2a: I hit soft|43/100 brn
|-damage|p2a: I hit soft|30/100 brn
|-damage|p2a: I hit soft|17/100 brn
|-damage|p2a: I hit soft|5/100 brn
|-damage|p2a: I hit soft|0 fnt
|faint|p2a: I hit soft
|-hitcount|p2: I hit soft|7
|
|upkeep
|
|t:|1779569770
|switch|p2a: Ariana Grande|Indeedee-F, F|100/100
|-fieldstart|move: Psychic Terrain|[from] ability: Psychic Surge|[of] p2a: Ariana Grande
|turn|8
|
|t:|1779569774
|move|p1a: Maushold|Population Bomb|p2a: Ariana Grande
|-damage|p2a: Ariana Grande|90/100
|-damage|p2a: Ariana Grande|80/100
|-damage|p2a: Ariana Grande|69/100
|-damage|p2a: Ariana Grande|59/100
|-damage|p2a: Ariana Grande|49/100
|-damage|p2a: Ariana Grande|39/100
|-damage|p2a: Ariana Grande|29/100
|-damage|p2a: Ariana Grande|19/100
|-damage|p2a: Ariana Grande|9/100
|-damage|p2a: Ariana Grande|0 fnt
|faint|p2a: Ariana Grande
|-hitcount|p2: Ariana Grande|10
|
|upkeep
|
|t:|1779569792
|switch|p2a: Class weirdo|Mimikyu-Busted, M|38/100
|turn|9
|
|t:|1779569796
|move|p1a: Maushold|Bite|p2a: Class weirdo
|-damage|p2a: Class weirdo|17/100
|move|p2a: Class weirdo|Trick Room|p2a: Class weirdo
|-fieldstart|move: Trick Room|[of] p2a: Class weirdo
|
|upkeep
|turn|10
|
|t:|1779569808
|move|p2a: Class weirdo|Curse|p1a: Maushold
|-start|p1a: Maushold|Curse|[of] p2a: Class weirdo
|-damage|p2a: Class weirdo|0 fnt
|faint|p2a: Class weirdo
|move|p1a: Maushold|Encore|p2: Class weirdo|[notarget]
|-fail|p1a: Maushold
|
|-damage|p1a: Maushold|76/100|[from] Curse
|upkeep
|
|t:|1779569818
|switch|p2a: Lord of the Rings|Hoopa-Unbound|100/100
|turn|11
|
|t:|1779569830
|switch|p1a: Deoxys|Deoxys-Speed|100/100
|-ability|p1a: Deoxys|Pressure
|move|p2a: Lord of the Rings|Drain Punch|p1a: Deoxys
|-resisted|p1a: Deoxys
|-damage|p1a: Deoxys|66/100
|-damage|p2a: Lord of the Rings|91/100|[from] item: Life Orb
|
|upkeep
|turn|12
|
|t:|1779569842
|move|p2a: Lord of the Rings|Hyperspace Fury|p1a: Deoxys
|-supereffective|p1a: Deoxys
|-damage|p1a: Deoxys|0 fnt
|-unboost|p2a: Lord of the Rings|def|1
|faint|p1a: Deoxys
|-damage|p2a: Lord of the Rings|81/100|[from] item: Life Orb
|
|-fieldend|move: Psychic Terrain
|upkeep
|
|t:|1779569845
|switch|p1a: Ogerpon|Ogerpon-Wellspring, F|100/100
|turn|13
|
|t:|1779569854
|move|p2a: Lord of the Rings|Hyperspace Fury|p1a: Ogerpon
|-damage|p1a: Ogerpon|0 fnt
|-unboost|p2a: Lord of the Rings|def|1
|faint|p1a: Ogerpon
|-damage|p2a: Lord of the Rings|71/100|[from] item: Life Orb
|
|-fieldend|move: Trick Room
|upkeep
|
|t:|1779569857
|switch|p1a: Maushold|Maushold-Four|76/100
|turn|14
|
|t:|1779569866
|move|p1a: Maushold|Population Bomb|p2a: Lord of the Rings
|-damage|p2a: Lord of the Rings|36/100
|-damage|p2a: Lord of the Rings|0 fnt
|faint|p2a: Lord of the Rings
|-hitcount|p2: Lord of the Rings|2
|
|upkeep
|
|t:|1779569873
|switch|p2a: Kyurem|Kyurem|100/100
|-ability|p2a: Kyurem|Pressure
|turn|15
|
|t:|1779569882
|-terastallize|p1a: Maushold|Normal
|move|p1a: Maushold|Population Bomb|p2a: Kyurem
|-damage|p2a: Kyurem|86/100
|-damage|p2a: Kyurem|73/100
|-damage|p2a: Kyurem|59/100
|-damage|p2a: Kyurem|45/100
|-damage|p2a: Kyurem|29/100
|-damage|p2a: Kyurem|14/100
|-damage|p2a: Kyurem|0 fnt
|faint|p2a: Kyurem
|-hitcount|p2: Kyurem|7
|
|win|hey you're
|raw|hey you&apos;re's rating: 1475 &rarr; <strong>1495</strong><br />(+20 for winning)
|raw|skyrim-alberto's rating: 1473 &rarr; <strong>1453</strong><br />(-20 for losing)
|c|☆hey you're|gg
|l|☆hey you're
|player|p1|
