|j|☆meta fodder
|j|☆tommytt22
|t:|1779699806
|gametype|singles
|player|p1|meta fodder|workerice|1489
|player|p2|tommytt22|shadowtriad|1565
|gen|9
|tier|[Gen 9] OU
|rated|
|rule|HP Percentage Mod: HP is shown in percentages
|rule|Endless Battle Clause: Forcing endless battles is banned
|rule|Species Clause: Limit one of each Pokémon
|rule|OHKO Clause: OHKO moves are banned
|rule|Evasion Items Clause: Evasion items are banned
|rule|Evasion Moves Clause: Evasion moves are banned
|rule|Evasion Abilities Clause: Evasion abilities are banned
|rule|Sleep Moves Clause: Sleep-inducing moves are banned
|clearpoke
|poke|p1|Ninetales-Alola, M|
|poke|p1|Blaziken, F|
|poke|p1|Glimmora, F|
|poke|p1|Iron Valiant|
|poke|p1|Zamazenta-*|
|poke|p1|Dragonite, M|
|poke|p2|Pelipper, F|
|poke|p2|Poliwrath, M|
|poke|p2|Ogerpon-Wellspring, F|
|poke|p2|Iron Treads|
|poke|p2|Bronzong|
|poke|p2|Zamazenta-*|
|teampreview
|inactive|Battle timer is ON: inactive players will automatically lose when time's up. (requested by meta fodder)
|inactive|tommytt22 has 120 seconds left.
|
|t:|1779699840
|teamsize|p1|6
|teamsize|p2|6
|start
|switch|p1a: Glimmora|Glimmora, F|100/100
|switch|p2a: Bronzong|Bronzong|100/100
|turn|1
|
|t:|1779699845
|move|p1a: Glimmora|Stealth Rock|p2a: Bronzong
|-sidestart|p2: tommytt22|move: Stealth Rock
|move|p2a: Bronzong|Psychic Noise|p1a: Glimmora
|-supereffective|p1a: Glimmora
|-damage|p1a: Glimmora|46/100
|-start|p1a: Glimmora|move: Heal Block
|
|upkeep
|turn|2
|
|t:|1779699850
|move|p1a: Glimmora|Meteor Beam||[still]
|-prepare|p1a: Glimmora|Meteor Beam
|-boost|p1a: Glimmora|spa|1
|-enditem|p1a: Glimmora|Power Herb
|-anim|p1a: Glimmora|Meteor Beam|p2a: Bronzong
|-resisted|p2a: Bronzong
|-damage|p2a: Bronzong|59/100
|move|p2a: Bronzong|Psychic Noise|p1a: Glimmora
|-supereffective|p1a: Glimmora
|-damage|p1a: Glimmora|0 fnt
|faint|p1a: Glimmora
|
|-heal|p2a: Bronzong|65/100|[from] item: Leftovers
|upkeep
|
|t:|1779699862
|switch|p1a: Dragonite|Dragonite, M|100/100
|turn|3
|
|t:|1779699870
|move|p1a: Dragonite|Dragon Dance|p1a: Dragonite
|-boost|p1a: Dragonite|atk|1
|-boost|p1a: Dragonite|spe|1
|move|p2a: Bronzong|Gyro Ball|p1a: Dragonite
|-damage|p1a: Dragonite|73/100
|
|-heal|p2a: Bronzong|71/100|[from] item: Leftovers
|upkeep
|turn|4
|
|t:|1779699874
|move|p1a: Dragonite|Fire Punch|p2a: Bronzong
|-supereffective|p2a: Bronzong
|-damage|p2a: Bronzong|18/100
|move|p2a: Bronzong|Gyro Ball|p1a: Dragonite
|-damage|p1a: Dragonite|21/100
|
|-heal|p2a: Bronzong|24/100|[from] item: Leftovers
|upkeep
|turn|5
|
|t:|1779699887
|move|p2a: Bronzong|Protect|p2a: Bronzong
|-singleturn|p2a: Bronzong|Protect
|move|p1a: Dragonite|Fire Punch|p2a: Bronzong
|-activate|p2a: Bronzong|move: Protect
|
|-heal|p2a: Bronzong|30/100|[from] item: Leftovers
|upkeep
|turn|6
|
|t:|1779699902
|switch|p2a: Pelipper|Pelipper, F|100/100
|-damage|p2a: Pelipper|75/100|[from] Stealth Rock
|-weather|RainDance|[from] ability: Drizzle|[of] p2a: Pelipper
|move|p1a: Dragonite|Outrage|p2a: Pelipper
|-damage|p2a: Pelipper|0 fnt
|faint|p2a: Pelipper
|
|-weather|RainDance|[upkeep]
|upkeep
|
|t:|1779699921
|switch|p2a: Iron Treads|Iron Treads|100/100
|-damage|p2a: Iron Treads|97/100|[from] Stealth Rock
|turn|7
|
|t:|1779699924
|move|p1a: Dragonite|Outrage|p2a: Iron Treads|[from] lockedmove
|-resisted|p2a: Iron Treads
|-damage|p2a: Iron Treads|52/100
|move|p2a: Iron Treads|Rapid Spin|p1a: Dragonite
|-damage|p1a: Dragonite|3/100
|-boost|p2a: Iron Treads|spe|1
|-sideend|p2: tommytt22|Stealth Rock|[from] move: Rapid Spin|[of] p2a: Iron Treads
|
|-weather|RainDance|[upkeep]
|-heal|p2a: Iron Treads|58/100|[from] item: Leftovers
|upkeep
|turn|8
|
|t:|1779699939
|move|p2a: Iron Treads|Volt Switch|p1a: Dragonite
|-damage|p1a: Dragonite|0 fnt
|faint|p1a: Dragonite
|
|t:|1779699942
|-end|p2a: Iron Treads|Quark Drive|[silent]
|switch|p2a: Bronzong|Bronzong|30/100|[from] Volt Switch
|
|-weather|RainDance|[upkeep]
|-heal|p2a: Bronzong|37/100|[from] item: Leftovers
|upkeep
|
|t:|1779699949
|switch|p1a: Ninetales|Ninetales-Alola, M|100/100
|-weather|Snowscape|[from] ability: Snow Warning|[of] p1a: Ninetales
|turn|9
|
|t:|1779699954
|move|p1a: Ninetales|Aurora Veil|p1a: Ninetales
|-sidestart|p1: meta fodder|move: Aurora Veil
|move|p2a: Bronzong|Gyro Ball|p1a: Ninetales
|-supereffective|p1a: Ninetales
|-damage|p1a: Ninetales|17/100
|
|-weather|Snowscape|[upkeep]
|-heal|p2a: Bronzong|43/100|[from] item: Leftovers
|upkeep
|turn|10
|
|t:|1779699964
|switch|p1a: Blaziken|Blaziken, F|100/100
|move|p2a: Bronzong|Gyro Ball|p1a: Blaziken
|-resisted|p1a: Blaziken
|-damage|p1a: Blaziken|86/100
|
|-weather|Snowscape|[upkeep]
|-heal|p2a: Bronzong|49/100|[from] item: Leftovers
|upkeep
|turn|11
|
|t:|1779699973
|switch|p2a: Poliwrath|Poliwrath, M|100/100
|move|p1a: Blaziken|Focus Energy|p1a: Blaziken
|-start|p1a: Blaziken|move: Focus Energy
|
|-weather|Snowscape|[upkeep]
|-ability|p1a: Blaziken|Speed Boost|boost
|-boost|p1a: Blaziken|spe|1
|upkeep
|turn|12
|
|t:|1779699981
|move|p1a: Blaziken|Close Combat|p2a: Poliwrath
|-crit|p2a: Poliwrath
|-damage|p2a: Poliwrath|20/100
|-unboost|p1a: Blaziken|def|1
|-unboost|p1a: Blaziken|spd|1
|move|p2a: Poliwrath|Liquidation|p1a: Blaziken
|-supereffective|p1a: Blaziken
|-damage|p1a: Blaziken|0 fnt
|faint|p1a: Blaziken
|-damage|p2a: Poliwrath|10/100|[from] item: Life Orb
|
|-weather|Snowscape|[upkeep]
|upkeep
|
|t:|1779699990
|switch|p1a: Iron Valiant|Iron Valiant|100/100
|-enditem|p1a: Iron Valiant|Booster Energy
|-activate|p1a: Iron Valiant|ability: Quark Drive|[fromitem]
|-start|p1a: Iron Valiant|quarkdrivespe
|turn|13
|
|t:|1779699995
|move|p1a: Iron Valiant|Shadow Ball|p2a: Poliwrath
|-crit|p2a: Poliwrath
|-damage|p2a: Poliwrath|0 fnt
|faint|p2a: Poliwrath
|
|-weather|none
|upkeep
|
|t:|1779700004
|switch|p2a: Bronzong|Bronzong|49/100
|turn|14
|
|t:|1779700022
|-terastallize|p1a: Iron Valiant|Ghost
|move|p1a: Iron Valiant|Shadow Ball|p2a: Bronzong
|-supereffective|p2a: Bronzong
|-damage|p2a: Bronzong|0 fnt
|faint|p2a: Bronzong
|
|upkeep
|
|t:|1779700031
|switch|p2a: Ogerpon|Ogerpon-Wellspring, F|100/100
|turn|15
|
|t:|1779700034
|-terastallize|p2a: Ogerpon|Water
|detailschange|p2a: Ogerpon|Ogerpon-Wellspring-Tera, F, tera:Water
|-ability|p2a: Ogerpon|Embody Aspect (Wellspring)|boost
|-boost|p2a: Ogerpon|spd|1
|move|p1a: Iron Valiant|Moonblast|p2a: Ogerpon
|-damage|p2a: Ogerpon|63/100
|move|p2a: Ogerpon|Ivy Cudgel|p1a: Iron Valiant|[anim] Ivy Cudgel Water
|-crit|p1a: Iron Valiant
|-damage|p1a: Iron Valiant|0 fnt
|faint|p1a: Iron Valiant
|-end|p1a: Iron Valiant|Quark Drive|[silent]
|
|upkeep
|
|t:|1779700042
|switch|p1a: Ninetales|Ninetales-Alola, M|17/100
|-weather|Snowscape|[from] ability: Snow Warning|[of] p1a: Ninetales
|turn|16
|
|t:|1779700047
|move|p2a: Ogerpon|Ivy Cudgel|p1a: Ninetales|[anim] Ivy Cudgel Water
|-damage|p1a: Ninetales|0 fnt
|faint|p1a: Ninetales
|
|-weather|Snowscape|[upkeep]
|-sideend|p1: meta fodder|move: Aurora Veil
|upkeep
|
|t:|1779700051
|switch|p1a: Zamazenta|Zamazenta|100/100
|-ability|p1a: Zamazenta|Dauntless Shield|boost
|-boost|p1a: Zamazenta|def|1
|turn|17
|
|t:|1779700055
|move|p1a: Zamazenta|Iron Defense|p1a: Zamazenta
|-boost|p1a: Zamazenta|def|2
|move|p2a: Ogerpon|Ivy Cudgel|p1a: Zamazenta|[anim] Ivy Cudgel Water
|-damage|p1a: Zamazenta|77/100
|
|-weather|Snowscape|[upkeep]
|-heal|p1a: Zamazenta|83/100|[from] item: Leftovers
|upkeep
|turn|18
|
|t:|1779700060
|move|p1a: Zamazenta|Substitute|p1a: Zamazenta
|-start|p1a: Zamazenta|Substitute
|-damage|p1a: Zamazenta|58/100
|move|p2a: Ogerpon|Ivy Cudgel|p1a: Zamazenta|[anim] Ivy Cudgel Water
|-activate|p1a: Zamazenta|move: Substitute|[damage]
|
|-weather|Snowscape|[upkeep]
|-heal|p1a: Zamazenta|64/100|[from] item: Leftovers
|upkeep
|turn|19
|
|t:|1779700063
|move|p1a: Zamazenta|Body Press|p2a: Ogerpon
|-damage|p2a: Ogerpon|0 fnt
|faint|p2a: Ogerpon
|detailschange|p2: Ogerpon|Ogerpon-Wellspring, F|[silent]
|
|-weather|Snowscape|[upkeep]
|-heal|p1a: Zamazenta|70/100|[from] item: Leftovers
|upkeep
|c|☆tommytt22|gg
|
|t:|1779700074
|switch|p2a: Iron Treads|Iron Treads|58/100
|turn|20
|-message|tommytt22 forfeited.
|
|win|meta fodder
|raw|meta fodder's rating: 1489 &rarr; <strong>1515</strong><br />(+26 for winning)
|raw|tommytt22's rating: 1590 &rarr; <strong>1564</strong><br />(-26 for losing)
|l|☆tommytt22
|player|p2|
|l|☆meta fodder
|player|p1|
