|j|☆Pachirisu28
|j|☆SparkyBoomBoomBoiY
|t:|1779603780
|gametype|singles
|player|p1|Pachirisu28|preschooler|1138
|player|p2|SparkyBoomBoomBoiY|marlon|1059
|gen|9
|tier|[Gen 9] OU
|rated|
|rule|HP Percentage Mod: HP is shown in percentages
|rule|Endless Battle Clause: Forcing endless battles is banned
|rule|Species Clause: Limit one of each Pokémon
|rule|OHKO Clause: OHKO moves are banned
|rule|Evasion Items Clause: Evasion items are banned
|rule|Evasion Moves Clause: Evasion moves are banned
|rule|Evasion Abilities Clause: Evasion abilities are banned
|rule|Sleep Moves Clause: Sleep-inducing moves are banned
|clearpoke
|poke|p1|Landorus-Therian, M|
|poke|p1|Grimmsnarl, M|
|poke|p1|Torkoal, F|
|poke|p1|Walking Wake|
|poke|p1|Gengar, M|
|poke|p1|Dragonite, F|
|poke|p2|Tornadus-Therian, M|
|poke|p2|Tsareena, F|
|poke|p2|Cramorant, F|
|poke|p2|Cryogonal|
|poke|p2|Grafaiai, M|
|poke|p2|Dragapult, M|
|teampreview
|
|t:|1779603793
|teamsize|p1|6
|teamsize|p2|6
|start
|switch|p1a: Landorus|Landorus-Therian, M|100/100
|switch|p2a: Guzzler|Cramorant, F|100/100
|-ability|p1a: Landorus|Intimidate|boost
|-unboost|p2a: Guzzler|atk|1
|turn|1
|
|t:|1779603807
|move|p1a: Landorus|Stone Edge|p2a: Guzzler
|-supereffective|p2a: Guzzler
|-damage|p2a: Guzzler|0 fnt
|faint|p2a: Guzzler
|
|upkeep
|
|t:|1779603819
|switch|p2a: Grafaiai|Grafaiai, M|100/100
|turn|2
|c|☆SparkyBoomBoomBoiY|Was expecting Grimsnarl
|
|t:|1779603846
|switch|p1a: Torkoal|Torkoal, F|100/100
|-weather|SunnyDay|[from] ability: Drought|[of] p1a: Torkoal
|move|p2a: Grafaiai|Taunt|p1a: Torkoal
|-start|p1a: Torkoal|move: Taunt
|
|-weather|SunnyDay|[upkeep]
|upkeep
|turn|3
|inactive|Battle timer is ON: inactive players will automatically lose when time's up. (requested by SparkyBoomBoomBoiY)
|
|t:|1779603915
|move|p2a: Grafaiai|Toxic|p1a: Torkoal
|-status|p1a: Torkoal|tox
|move|p1a: Torkoal|Lava Plume|p2a: Grafaiai
|-damage|p2a: Grafaiai|56/100
|-status|p2a: Grafaiai|brn
|
|-weather|SunnyDay|[upkeep]
|-heal|p2a: Grafaiai|62/100 brn|[from] item: Black Sludge
|-damage|p1a: Torkoal|94/100 tox|[from] psn
|-damage|p2a: Grafaiai|56/100 brn|[from] brn
|upkeep
|turn|4
|
|t:|1779603932
|switch|p1a: Landorus|Landorus-Therian, M|100/100
|-ability|p1a: Landorus|Intimidate|boost
|-unboost|p2a: Grafaiai|atk|1
|move|p2a: Grafaiai|Protect||[still]
|-fail|p2a: Grafaiai
|
|-weather|SunnyDay|[upkeep]
|-heal|p2a: Grafaiai|62/100 brn|[from] item: Black Sludge
|-damage|p2a: Grafaiai|56/100 brn|[from] brn
|upkeep
|turn|5
|
|t:|1779603943
|move|p2a: Grafaiai|Taunt|p1a: Landorus
|-start|p1a: Landorus|move: Taunt
|move|p1a: Landorus|Earthquake|p2a: Grafaiai
|-supereffective|p2a: Grafaiai
|-damage|p2a: Grafaiai|0 fnt
|faint|p2a: Grafaiai
|
|-weather|SunnyDay|[upkeep]
|upkeep
|
|t:|1779603956
|switch|p2a: Cryogonal|Cryogonal, shiny|100/100
|turn|6
|
|t:|1779603966
|switch|p1a: Torkoal|Torkoal, F|94/100 tox
|move|p2a: Cryogonal|Freeze-Dry|p1a: Torkoal
|-resisted|p1a: Torkoal
|-damage|p1a: Torkoal|77/100 tox
|
|-weather|SunnyDay|[upkeep]
|-damage|p1a: Torkoal|71/100 tox|[from] psn
|upkeep
|turn|7
|
|t:|1779603988
|-terastallize|p2a: Cryogonal|Water
|move|p2a: Cryogonal|Flash Cannon|p1a: Torkoal
|-resisted|p1a: Torkoal
|-damage|p1a: Torkoal|57/100 tox
|move|p1a: Torkoal|Stealth Rock|p2a: Cryogonal
|-sidestart|p2: SparkyBoomBoomBoiY|move: Stealth Rock
|
|-weather|SunnyDay|[upkeep]
|-damage|p1a: Torkoal|45/100 tox|[from] psn
|upkeep
|turn|8
|
|t:|1779604007
|switch|p1a: Grimmsnarl|Grimmsnarl, M|100/100
|move|p2a: Cryogonal|Rapid Spin|p1a: Grimmsnarl
|-damage|p1a: Grimmsnarl|93/100
|-boost|p2a: Cryogonal|spe|1
|-sideend|p2: SparkyBoomBoomBoiY|Stealth Rock|[from] move: Rapid Spin|[of] p2a: Cryogonal
|
|-weather|SunnyDay|[upkeep]
|upkeep
|turn|9
|c|☆SparkyBoomBoomBoiY|Bro
|c|☆SparkyBoomBoomBoiY|Top tier rage bait
|c|☆SparkyBoomBoomBoiY|Putting stealth rock on torkoal
|inactive|SparkyBoomBoomBoiY has 120 seconds left.
|
|t:|1779604037
|move|p1a: Grimmsnarl|Light Screen|p1a: Grimmsnarl
|-sidestart|p1: Pachirisu28|move: Light Screen
|move|p2a: Cryogonal|Flash Cannon|p1a: Grimmsnarl
|-supereffective|p1a: Grimmsnarl
|-damage|p1a: Grimmsnarl|67/100
|
|-weather|none
|upkeep
|turn|10
|
|t:|1779604048
|move|p1a: Grimmsnarl|Light Screen||[still]
|-fail|p1a: Grimmsnarl
|move|p2a: Cryogonal|Flash Cannon|p1a: Grimmsnarl
|-supereffective|p1a: Grimmsnarl
|-damage|p1a: Grimmsnarl|42/100
|
|upkeep
|turn|11
|inactive|Pachirisu28 has 120 seconds left.
|
|t:|1779604075
|move|p1a: Grimmsnarl|Reflect|p1a: Grimmsnarl
|-sidestart|p1: Pachirisu28|Reflect
|move|p2a: Cryogonal|Flash Cannon|p1a: Grimmsnarl
|-supereffective|p1a: Grimmsnarl
|-damage|p1a: Grimmsnarl|16/100
|
|upkeep
|turn|12
|
|t:|1779604081
|switch|p1a: Torkoal|Torkoal, F|45/100 tox
|-weather|SunnyDay|[from] ability: Drought|[of] p1a: Torkoal
|move|p2a: Cryogonal|Flash Cannon|p1a: Torkoal
|-resisted|p1a: Torkoal
|-damage|p1a: Torkoal|39/100 tox
|
|-weather|SunnyDay|[upkeep]
|-damage|p1a: Torkoal|32/100 tox|[from] psn
|upkeep
|turn|13
|
|t:|1779604093
|move|p2a: Cryogonal|Rapid Spin|p1a: Torkoal
|-damage|p1a: Torkoal|30/100 tox
|-boost|p2a: Cryogonal|spe|1
|move|p1a: Torkoal|Will-O-Wisp|p2a: Cryogonal
|-status|p2a: Cryogonal|brn
|
|-weather|SunnyDay|[upkeep]
|-damage|p1a: Torkoal|18/100 tox|[from] psn
|-damage|p2a: Cryogonal|95/100 brn|[from] brn
|upkeep
|turn|14
|
|t:|1779604107
|move|p2a: Cryogonal|Flash Cannon|p1a: Torkoal
|-resisted|p1a: Torkoal
|-damage|p1a: Torkoal|12/100 tox
|move|p1a: Torkoal|Stealth Rock|p2a: Cryogonal
|-sidestart|p2: SparkyBoomBoomBoiY|move: Stealth Rock
|
|-weather|SunnyDay|[upkeep]
|-damage|p1a: Torkoal|0 fnt|[from] psn
|faint|p1a: Torkoal
|-damage|p2a: Cryogonal|89/100 brn|[from] brn
|upkeep
|
|t:|1779604117
|switch|p1a: Gengar|Gengar, M|100/100
|turn|15
|
|t:|1779604123
|move|p2a: Cryogonal|Flash Cannon|p1a: Gengar
|-damage|p1a: Gengar|82/100
|-start|p2a: Cryogonal|Disable|Flash Cannon|[from] ability: Cursed Body|[of] p1a: Gengar
|move|p1a: Gengar|Thunderbolt|p2a: Cryogonal
|-supereffective|p2a: Cryogonal
|-damage|p2a: Cryogonal|2/100 brn
|
|-weather|SunnyDay|[upkeep]
|-damage|p2a: Cryogonal|0 fnt|[from] brn
|faint|p2a: Cryogonal
|upkeep
|
|t:|1779604144
|switch|p2a: Dragapult|Dragapult, M|100/100
|-damage|p2a: Dragapult|88/100|[from] Stealth Rock
|turn|16
|
|t:|1779604161
|switch|p1a: Grimmsnarl|Grimmsnarl, M|16/100
|move|p2a: Dragapult|Phantom Force||[still]
|-prepare|p2a: Dragapult|Phantom Force
|
|-weather|SunnyDay|[upkeep]
|-heal|p2a: Dragapult|94/100|[from] item: Leftovers
|-sideend|p1: Pachirisu28|move: Light Screen
|upkeep
|turn|17
|
|t:|1779604176
|move|p1a: Grimmsnarl|Light Screen|p1a: Grimmsnarl
|-sidestart|p1: Pachirisu28|move: Light Screen
|move|p2a: Dragapult|Phantom Force|p1a: Grimmsnarl|[from] lockedmove
|-resisted|p1a: Grimmsnarl
|-damage|p1a: Grimmsnarl|2/100
|
|-weather|SunnyDay|[upkeep]
|-heal|p2a: Dragapult|99/100|[from] item: Leftovers
|upkeep
|turn|18
|
|t:|1779604190
|move|p2a: Dragapult|Sucker Punch|p1a: Grimmsnarl
|-resisted|p1a: Grimmsnarl
|-damage|p1a: Grimmsnarl|0 fnt
|faint|p1a: Grimmsnarl
|
|-weather|SunnyDay|[upkeep]
|-heal|p2a: Dragapult|100/100|[from] item: Leftovers
|-sideend|p1: Pachirisu28|Reflect
|upkeep
|inactive|Pachirisu28 has 120 seconds left.
|
|t:|1779604215
|switch|p1a: Landorus|Landorus-Therian, M|100/100
|-ability|p1a: Landorus|Intimidate|boost
|-unboost|p2a: Dragapult|atk|1
|turn|19
|inactive|Pachirisu28 has 120 seconds left.
|
|t:|1779604230
|switch|p2a: In-the-back|Tornadus-Therian, M|100/100
|-damage|p2a: In-the-back|75/100|[from] Stealth Rock
|move|p1a: Landorus|Crunch|p2a: In-the-back
|-damage|p2a: In-the-back|29/100
|
|-weather|none
|upkeep
|turn|20
|
|t:|1779604247
|move|p1a: Landorus|Crunch|p2a: In-the-back
|-damage|p2a: In-the-back|0 fnt
|faint|p2a: In-the-back
|
|upkeep
|
|t:|1779604252
|switch|p2a: Tsareena|Tsareena, F|100/100
|-damage|p2a: Tsareena|88/100|[from] Stealth Rock
|turn|21
|
|t:|1779604267
|move|p1a: Landorus|Crunch|p2a: Tsareena
|-crit|p2a: Tsareena
|-damage|p2a: Tsareena|31/100
|move|p2a: Tsareena|Triple Axel|p1a: Landorus
|-supereffective|p1a: Landorus
|-damage|p1a: Landorus|67/100
|-supereffective|p1a: Landorus
|-damage|p1a: Landorus|5/100
|-hitcount|p1a: Landorus|2
|
|upkeep
|turn|22
|
|t:|1779604277
|move|p1a: Landorus|Crunch|p2a: Tsareena
|-damage|p2a: Tsareena|0 fnt
|faint|p2a: Tsareena
|
|upkeep
|c|☆SparkyBoomBoomBoiY|This game alwaus on sume bullshit
|c|☆SparkyBoomBoomBoiY|Its called triple axel
|inactive|SparkyBoomBoomBoiY has 120 seconds left.
|c|☆SparkyBoomBoomBoiY|Not Fucking double axel
|
|t:|1779604314
|switch|p2a: Dragapult|Dragapult, M|100/100
|-damage|p2a: Dragapult|88/100|[from] Stealth Rock
|turn|23
|
|t:|1779604323
|move|p2a: Dragapult|Sucker Punch|p1a: Landorus
|-damage|p1a: Landorus|0 fnt
|faint|p1a: Landorus
|
|-heal|p2a: Dragapult|94/100|[from] item: Leftovers
|upkeep
|
|t:|1779604338
|switch|p1a: Dragonite|Dragonite, F, shiny|100/100
|turn|24
|
|t:|1779604345
|-terastallize|p1a: Dragonite|Normal
|move|p2a: Dragapult|Dragon Darts|p1a: Dragonite
|-damage|p1a: Dragonite|87/100
|-anim|p2a: Dragapult|Dragon Darts|p1a: Dragonite
|-damage|p1a: Dragonite|61/100
|move|p1a: Dragonite|Dragon Dance|p1a: Dragonite
|-boost|p1a: Dragonite|atk|1
|-boost|p1a: Dragonite|spe|1
|
|-heal|p2a: Dragapult|99/100|[from] item: Leftovers
|-sideend|p1: Pachirisu28|move: Light Screen
|upkeep
|turn|25
|
|t:|1779604368
|move|p2a: Dragapult|Dragon Darts|p1a: Dragonite
|-damage|p1a: Dragonite|31/100
|-anim|p2a: Dragapult|Dragon Darts|p1a: Dragonite
|-damage|p1a: Dragonite|5/100
|move|p1a: Dragonite|Ice Spinner|p2a: Dragapult
|-supereffective|p2a: Dragapult
|-damage|p2a: Dragapult|0 fnt
|faint|p2a: Dragapult
|
|win|Pachirisu28
|raw|Pachirisu28's rating: 1138 &rarr; <strong>1157</strong><br />(+19 for winning)
|raw|SparkyBoomBoomBoiY's rating: 1059 &rarr; <strong>1044</strong><br />(-15 for losing)
|c|☆SparkyBoomBoomBoiY|Gg
|l|☆Pachirisu28
|player|p1|
