|j|☆vaxanon
|j|☆distantmonk
|t:|1779716521
|gametype|singles
|player|p1|vaxanon|169|1271
|player|p2|distantmonk|li|1316
|gen|9
|tier|[Gen 9] OU
|rated|
|rule|HP Percentage Mod: HP is shown in percentages
|rule|Endless Battle Clause: Forcing endless battles is banned
|rule|Species Clause: Limit one of each Pokémon
|rule|OHKO Clause: OHKO moves are banned
|rule|Evasion Items Clause: Evasion items are banned
|rule|Evasion Moves Clause: Evasion moves are banned
|rule|Evasion Abilities Clause: Evasion abilities are banned
|rule|Sleep Moves Clause: Sleep-inducing moves are banned
|clearpoke
|poke|p1|Meowscarada, F|
|poke|p1|Gastrodon-East, M|
|poke|p1|Ambipom, M|
|poke|p1|Cinderace, M|
|poke|p1|Whimsicott, M|
|poke|p1|Sableye, F|
|poke|p2|Ribombee, F|
|poke|p2|Rillaboom, M|
|poke|p2|Gholdengo|
|poke|p2|Tentacruel, M|
|poke|p2|Weavile, M|
|poke|p2|Ceruledge, F|
|teampreview
|inactive|Battle timer is ON: inactive players will automatically lose when time's up. (requested by distantmonk)
|
|t:|1779716528
|teamsize|p1|6
|teamsize|p2|6
|start
|switch|p1a: Ambipom|Ambipom, M, shiny|100/100
|switch|p2a: Weavile|Weavile, M|100/100
|turn|1
|
|t:|1779716543
|switch|p2a: Ceruledge|Ceruledge, F|100/100
|-terastallize|p1a: Ambipom|Normal
|move|p1a: Ambipom|Fake Out|p2a: Ceruledge
|-immune|p2a: Ceruledge
|
|upkeep
|turn|2
|
|t:|1779716553
|move|p1a: Ambipom|Knock Off|p2a: Ceruledge
|-supereffective|p2a: Ceruledge
|-damage|p2a: Ceruledge|28/100
|-ability|p2a: Ceruledge|Weak Armor|boost
|-unboost|p2a: Ceruledge|def|1
|-boost|p2a: Ceruledge|spe|2
|-enditem|p2a: Ceruledge|Heavy-Duty Boots|[from] move: Knock Off|[of] p1a: Ambipom
|move|p2a: Ceruledge|Bitter Blade|p1a: Ambipom
|-damage|p1a: Ambipom|16/100
|-heal|p2a: Ceruledge|67/100|[from] drain|[of] p1a: Ambipom
|
|upkeep
|turn|3
|
|t:|1779716566
|switch|p1a: Gastrodon|Gastrodon-East, M|100/100
|move|p2a: Ceruledge|Bitter Blade|p1a: Gastrodon
|-resisted|p1a: Gastrodon
|-damage|p1a: Gastrodon|82/100
|-heal|p2a: Ceruledge|79/100|[from] drain|[of] p1a: Gastrodon
|-damage|p2a: Ceruledge|63/100|[from] item: Rocky Helmet|[of] p1a: Gastrodon
|
|upkeep
|turn|4
|
|t:|1779716579
|move|p2a: Ceruledge|Poltergeist|p1a: Gastrodon
|-activate|p1a: Gastrodon|move: Poltergeist|Rocky Helmet
|-damage|p1a: Gastrodon|41/100
|move|p1a: Gastrodon|Chilling Water|p2a: Ceruledge
|-supereffective|p2a: Ceruledge
|-damage|p2a: Ceruledge|25/100
|-unboost|p2a: Ceruledge|atk|1
|
|upkeep
|turn|5
|
|t:|1779716587
|move|p2a: Ceruledge|Poltergeist|p1a: Gastrodon
|-activate|p1a: Gastrodon|move: Poltergeist|Rocky Helmet
|-damage|p1a: Gastrodon|10/100
|move|p1a: Gastrodon|Recover|p1a: Gastrodon
|-heal|p1a: Gastrodon|60/100
|
|upkeep
|turn|6
|
|t:|1779716594
|switch|p2a: Rillaboom|Rillaboom, M|100/100
|-fieldstart|move: Grassy Terrain|[from] ability: Grassy Surge|[of] p2a: Rillaboom
|move|p1a: Gastrodon|Recover|p1a: Gastrodon
|-heal|p1a: Gastrodon|100/100
|
|upkeep
|turn|7
|
|t:|1779716604
|switch|p1a: Meowscarada|Meowscarada, F, shiny|100/100
|move|p2a: Rillaboom|Wood Hammer|p1a: Meowscarada
|-resisted|p1a: Meowscarada
|-damage|p1a: Meowscarada|0 fnt
|faint|p1a: Meowscarada
|-damage|p2a: Rillaboom|76/100|[from] Recoil
|
|-heal|p2a: Rillaboom|83/100|[from] Grassy Terrain
|upkeep
|
|t:|1779716614
|switch|p1a: Ambipom|Ambipom, M, shiny, tera:Normal|16/100
|turn|8
|
|t:|1779716618
|switch|p2a: Ceruledge|Ceruledge, F|25/100
|move|p1a: Ambipom|Fake Out|p2a: Ceruledge
|-immune|p2a: Ceruledge
|
|-heal|p1a: Ambipom|22/100|[from] Grassy Terrain
|-heal|p2a: Ceruledge|31/100|[from] Grassy Terrain
|upkeep
|turn|9
|
|t:|1779716627
|move|p1a: Ambipom|Knock Off|p2a: Ceruledge
|-supereffective|p2a: Ceruledge
|-damage|p2a: Ceruledge|0 fnt
|faint|p2a: Ceruledge
|
|-heal|p1a: Ambipom|28/100|[from] Grassy Terrain
|upkeep
|
|t:|1779716629
|switch|p2a: Rillaboom|Rillaboom, M|83/100
|turn|10
|
|t:|1779716637
|switch|p1a: Cinderace|Cinderace, M, shiny|100/100
|move|p2a: Rillaboom|Grassy Glide|p1a: Cinderace
|-resisted|p1a: Cinderace
|-damage|p1a: Cinderace|61/100
|
|-heal|p1a: Cinderace|67/100|[from] Grassy Terrain
|-heal|p2a: Rillaboom|89/100|[from] Grassy Terrain
|-fieldend|move: Grassy Terrain
|upkeep
|turn|11
|inactive|distantmonk has 120 seconds left.
|inactive|distantmonk has 90 seconds left.
|inactive|distantmonk has 60 seconds left.
|inactive|distantmonk has 30 seconds left.
|inactive|distantmonk has 20 seconds left.
|inactive|distantmonk has 15 seconds left.
|inactive|distantmonk has 10 seconds left.
|inactive|distantmonk has 5 seconds left.
|-message|distantmonk lost due to inactivity.
|
|win|vaxanon
|raw|vaxanon's rating: 1271 &rarr; <strong>1299</strong><br />(+28 for winning)
|raw|distantmonk's rating: 1316 &rarr; <strong>1293</strong><br />(-23 for losing)
|l|☆vaxanon
|player|p1|
