|j|☆claudechamp
|j|☆Hurt she squirt
|t:|1779723562
|gametype|singles
|player|p1|claudechamp|265|1250
|player|p2|Hurt she squirt|266|1298
|gen|9
|tier|[Gen 9] OU
|rated|
|rule|HP Percentage Mod: HP is shown in percentages
|rule|Endless Battle Clause: Forcing endless battles is banned
|rule|Species Clause: Limit one of each Pokémon
|rule|OHKO Clause: OHKO moves are banned
|rule|Evasion Items Clause: Evasion items are banned
|rule|Evasion Moves Clause: Evasion moves are banned
|rule|Evasion Abilities Clause: Evasion abilities are banned
|rule|Sleep Moves Clause: Sleep-inducing moves are banned
|clearpoke
|poke|p1|Gliscor, F|
|poke|p1|Ogerpon, F|
|poke|p1|Walking Wake|
|poke|p1|Blissey, F|
|poke|p1|Corviknight, M|
|poke|p1|Pecharunt|
|poke|p2|Rillaboom, F|
|poke|p2|Zamazenta-*|
|poke|p2|Landorus-Therian, M|
|poke|p2|Weezing-Galar, F|
|poke|p2|Kingambit, F|
|poke|p2|Ogerpon-Wellspring, F|
|teampreview
|c|☆claudechamp|hf
|inactive|Battle timer is ON: inactive players will automatically lose when time's up. (requested by claudechamp)
|
|t:|1779723570
|teamsize|p1|6
|teamsize|p2|6
|start
|switch|p1a: Gliscor|Gliscor, F|100/100
|switch|p2a: RIP BOZO|Weezing-Galar, F|100/100
|-ability|p2a: RIP BOZO|Neutralizing Gas
|turn|1
|
|t:|1779723573
|move|p1a: Gliscor|Protect|p1a: Gliscor
|-singleturn|p1a: Gliscor|Protect
|move|p2a: RIP BOZO|Will-O-Wisp|p1a: Gliscor
|-activate|p1a: Gliscor|move: Protect
|
|-status|p1a: Gliscor|tox|[from] item: Toxic Orb
|upkeep
|turn|2
|
|t:|1779723582
|-end|p2a: RIP BOZO|ability: Neutralizing Gas
|switch|p2a: Tiger King|Landorus-Therian, M|100/100
|-ability|p2a: Tiger King|Intimidate|boost
|-unboost|p1a: Gliscor|atk|1
|move|p1a: Gliscor|Spikes|p2a: Tiger King
|-sidestart|p2: Hurt she squirt|Spikes
|
|upkeep
|turn|3
|
|t:|1779723586
|move|p2a: Tiger King|Grass Knot|p1a: Gliscor
|-damage|p1a: Gliscor|88/100 tox
|move|p1a: Gliscor|Spikes|p2a: Tiger King
|-sidestart|p2: Hurt she squirt|Spikes
|
|-heal|p1a: Gliscor|99/100 tox|[from] ability: Poison Heal
|upkeep
|turn|4
|
|t:|1779723593
|switch|p1a: Walking Wake|Walking Wake|100/100
|move|p2a: Tiger King|U-turn|p1a: Walking Wake
|-damage|p1a: Walking Wake|77/100
|
|t:|1779723604
|switch|p2a: Just a baby|Ogerpon-Wellspring, F|100/100|[from] U-turn
|-damage|p2a: Just a baby|84/100|[from] Spikes
|
|upkeep
|turn|5
|
|t:|1779723612
|-end|p1a: Walking Wake|Protosynthesis|[silent]
|switch|p1a: Pecharunt|Pecharunt|100/100
|move|p2a: Just a baby|Power Whip|p1a: Pecharunt
|-resisted|p1a: Pecharunt
|-damage|p1a: Pecharunt|83/100
|
|upkeep
|turn|6
|
|t:|1779723616
|move|p2a: Just a baby|U-turn|p1a: Pecharunt
|-resisted|p1a: Pecharunt
|-damage|p1a: Pecharunt|80/100
|
|t:|1779723622
|switch|p2a: Tiger King|Landorus-Therian, M|100/100|[from] U-turn
|-ability|p2a: Tiger King|Intimidate|boost
|-unboost|p1a: Pecharunt|atk|1
|move|p1a: Pecharunt|Malignant Chain|p2a: Tiger King
|-resisted|p2a: Tiger King
|-damage|p2a: Tiger King|85/100
|-status|p2a: Tiger King|tox
|-start|p2a: Tiger King|confusion|[from] ability: Poison Puppeteer|[of] p1a: Pecharunt
|
|-damage|p2a: Tiger King|79/100 tox|[from] psn
|upkeep
|turn|7
|
|t:|1779723625
|-activate|p2a: Tiger King|confusion
|move|p2a: Tiger King|Earth Power|p1a: Pecharunt
|-supereffective|p1a: Pecharunt
|-damage|p1a: Pecharunt|20/100
|move|p1a: Pecharunt|Malignant Chain|p2a: Tiger King
|-resisted|p2a: Tiger King
|-damage|p2a: Tiger King|63/100 tox
|
|-damage|p2a: Tiger King|51/100 tox|[from] psn
|upkeep
|turn|8
|
|t:|1779723642
|switch|p1a: Corviknight|Corviknight, M|100/100
|-ability|p1a: Corviknight|Pressure
|-activate|p2a: Tiger King|confusion
|-damage|p2a: Tiger King|40/100 tox|[from] confusion
|
|-damage|p2a: Tiger King|22/100 tox|[from] psn
|upkeep
|turn|9
|
|t:|1779723646
|-activate|p2a: Tiger King|confusion
|-damage|p2a: Tiger King|10/100 tox|[from] confusion
|move|p1a: Corviknight|U-turn|p2a: Tiger King
|-resisted|p2a: Tiger King
|-damage|p2a: Tiger King|3/100 tox
|-damage|p1a: Corviknight|84/100|[from] item: Rocky Helmet|[of] p2a: Tiger King
|
|t:|1779723648
|switch|p1a: Pecharunt|Pecharunt|20/100|[from] U-turn
|
|-damage|p2a: Tiger King|0 fnt|[from] psn
|faint|p2a: Tiger King
|upkeep
|
|t:|1779723662
|switch|p2a: Just a baby|Ogerpon-Wellspring, F|84/100
|-damage|p2a: Just a baby|67/100|[from] Spikes
|turn|10
|
|t:|1779723670
|switch|p1a: Ogerpon|Ogerpon, F|100/100
|move|p2a: Just a baby|Ivy Cudgel|p1a: Ogerpon|[anim] Ivy Cudgel Water
|-resisted|p1a: Ogerpon
|-damage|p1a: Ogerpon|64/100
|
|upkeep
|turn|11
|
|t:|1779723674
|move|p1a: Ogerpon|U-turn|p2a: Just a baby
|-supereffective|p2a: Just a baby
|-damage|p2a: Just a baby|2/100
|
|t:|1779723676
|switch|p1a: Walking Wake|Walking Wake|77/100|[from] U-turn
|move|p2a: Just a baby|U-turn|p1a: Walking Wake
|-damage|p1a: Walking Wake|47/100
|
|t:|1779723681
|switch|p2a: Fortnite Lobby|Rillaboom, F|100/100|[from] U-turn
|-damage|p2a: Fortnite Lobby|84/100|[from] Spikes
|-fieldstart|move: Grassy Terrain|[from] ability: Grassy Surge|[of] p2a: Fortnite Lobby
|
|-heal|p1a: Walking Wake|54/100|[from] Grassy Terrain
|-heal|p2a: Fortnite Lobby|90/100|[from] Grassy Terrain
|upkeep
|turn|12
|
|t:|1779723686
|move|p1a: Walking Wake|Knock Off|p2a: Fortnite Lobby
|-damage|p2a: Fortnite Lobby|71/100
|-enditem|p2a: Fortnite Lobby|Assault Vest|[from] move: Knock Off|[of] p1a: Walking Wake
|move|p2a: Fortnite Lobby|Knock Off|p1a: Walking Wake
|-damage|p1a: Walking Wake|16/100
|-enditem|p1a: Walking Wake|Heavy-Duty Boots|[from] move: Knock Off|[of] p2a: Fortnite Lobby
|
|-heal|p1a: Walking Wake|22/100|[from] Grassy Terrain
|-heal|p2a: Fortnite Lobby|77/100|[from] Grassy Terrain
|upkeep
|turn|13
|
|t:|1779723690
|move|p2a: Fortnite Lobby|Grassy Glide|p1a: Walking Wake
|-damage|p1a: Walking Wake|0 fnt
|faint|p1a: Walking Wake
|-end|p1a: Walking Wake|Protosynthesis|[silent]
|
|-heal|p2a: Fortnite Lobby|83/100|[from] Grassy Terrain
|upkeep
|
|t:|1779723693
|switch|p1a: Pecharunt|Pecharunt|20/100
|turn|14
|
|t:|1779723697
|move|p2a: Fortnite Lobby|Knock Off|p1a: Pecharunt
|-supereffective|p1a: Pecharunt
|-damage|p1a: Pecharunt|0 fnt
|-enditem|p1a: Pecharunt|Heavy-Duty Boots|[from] move: Knock Off|[of] p2a: Fortnite Lobby
|faint|p1a: Pecharunt
|
|-heal|p2a: Fortnite Lobby|89/100|[from] Grassy Terrain
|upkeep
|
|t:|1779723700
|switch|p1a: Blissey|Blissey, F|100/100
|turn|15
|
|t:|1779723703
|move|p2a: Fortnite Lobby|Wood Hammer|p1a: Blissey
|-damage|p1a: Blissey|15/100
|-damage|p2a: Fortnite Lobby|35/100|[from] Recoil
|move|p1a: Blissey|Seismic Toss|p2a: Fortnite Lobby
|-damage|p2a: Fortnite Lobby|6/100
|
|-heal|p2a: Fortnite Lobby|12/100|[from] Grassy Terrain
|-heal|p1a: Blissey|22/100|[from] Grassy Terrain
|-fieldend|move: Grassy Terrain
|upkeep
|turn|16
|
|t:|1779723708
|switch|p1a: Corviknight|Corviknight, M|84/100
|-ability|p1a: Corviknight|Pressure
|move|p2a: Fortnite Lobby|U-turn|p1a: Corviknight
|-resisted|p1a: Corviknight
|-damage|p1a: Corviknight|81/100
|
|t:|1779723711
|switch|p2a: RIP BOZO|Weezing-Galar, F|100/100|[from] U-turn
|-ability|p2a: RIP BOZO|Neutralizing Gas
|
|upkeep
|turn|17
|
|t:|1779723714
|move|p1a: Corviknight|Roost|p1a: Corviknight
|-heal|p1a: Corviknight|100/100
|-singleturn|p1a: Corviknight|move: Roost
|move|p2a: RIP BOZO|Defog|p1a: Corviknight
|-unboost|p1a: Corviknight|evasion|1
|-sideend|p2: Hurt she squirt|Spikes|[from] move: Defog|[of] p2a: RIP BOZO
|
|upkeep
|turn|18
|
|t:|1779723720
|move|p1a: Corviknight|U-turn|p2a: RIP BOZO
|-resisted|p2a: RIP BOZO
|-damage|p2a: RIP BOZO|98/100
|
|t:|1779723725
|switch|p1a: Gliscor|Gliscor, F|99/100 tox|[from] U-turn
|move|p2a: RIP BOZO|Will-O-Wisp||[still]
|-fail|p2a: RIP BOZO
|
|-damage|p1a: Gliscor|94/100 tox|[from] psn
|upkeep
|turn|19
|
|t:|1779723730
|move|p1a: Gliscor|Earthquake|p2a: RIP BOZO
|-supereffective|p2a: RIP BOZO
|-damage|p2a: RIP BOZO|55/100
|move|p2a: RIP BOZO|Strange Steam|p1a: Gliscor
|-damage|p1a: Gliscor|71/100 tox
|
|-damage|p1a: Gliscor|58/100 tox|[from] psn
|upkeep
|turn|20
|
|t:|1779723760
|-terastallize|p2a: RIP BOZO|Grass
|move|p1a: Gliscor|Earthquake|p2a: RIP BOZO
|-resisted|p2a: RIP BOZO
|-damage|p2a: RIP BOZO|44/100
|move|p2a: RIP BOZO|Pain Split|p1a: Gliscor
|-sethp|p1a: Gliscor|50/100 tox|[from] move: Pain Split|[silent]
|-sethp|p2a: RIP BOZO|53/100|[from] move: Pain Split
|
|-damage|p1a: Gliscor|31/100 tox|[from] psn
|upkeep
|turn|21
|
|t:|1779723765
|switch|p1a: Blissey|Blissey, F|22/100
|move|p2a: RIP BOZO|Strange Steam|p1a: Blissey
|-damage|p1a: Blissey|12/100
|
|upkeep
|turn|22
|
|t:|1779723772
|move|p2a: RIP BOZO|Strange Steam|p1a: Blissey
|-damage|p1a: Blissey|4/100
|move|p1a: Blissey|Soft-Boiled|p1a: Blissey
|-heal|p1a: Blissey|54/100
|
|upkeep
|turn|23
|
|t:|1779723777
|move|p2a: RIP BOZO|Will-O-Wisp|p1a: Blissey
|-status|p1a: Blissey|brn
|move|p1a: Blissey|Seismic Toss|p2a: RIP BOZO
|-damage|p2a: RIP BOZO|23/100
|
|-damage|p1a: Blissey|48/100 brn|[from] brn
|upkeep
|turn|24
|
|t:|1779723781
|move|p2a: RIP BOZO|Pain Split|p1a: Blissey
|-sethp|p1a: Blissey|30/100 brn|[from] move: Pain Split|[silent]
|-sethp|p2a: RIP BOZO|58/100|[from] move: Pain Split
|move|p1a: Blissey|Seismic Toss|p2a: RIP BOZO
|-damage|p2a: RIP BOZO|28/100
|
|-damage|p1a: Blissey|24/100 brn|[from] brn
|upkeep
|turn|25
|
|t:|1779723800
|-end|p2a: RIP BOZO|ability: Neutralizing Gas
|switch|p2a: Goobmaxxing|Kingambit, F|100/100
|-activate|p2a: Goobmaxxing|ability: Supreme Overlord
|-start|p2a: Goobmaxxing|fallen1|[silent]
|move|p1a: Blissey|Seismic Toss|p2a: Goobmaxxing
|-damage|p2a: Goobmaxxing|71/100
|
|-damage|p1a: Blissey|18/100 brn|[from] brn
|upkeep
|turn|26
|
|t:|1779723806
|move|p2a: Goobmaxxing|Swords Dance|p2a: Goobmaxxing
|-boost|p2a: Goobmaxxing|atk|2
|move|p1a: Blissey|Soft-Boiled|p1a: Blissey
|-heal|p1a: Blissey|68/100 brn
|
|-damage|p1a: Blissey|61/100 brn|[from] brn
|upkeep
|turn|27
|
|t:|1779723812
|move|p2a: Goobmaxxing|Kowtow Cleave|p1a: Blissey
|-damage|p1a: Blissey|0 fnt
|faint|p1a: Blissey
|
|upkeep
|
|t:|1779723818
|switch|p1a: Corviknight|Corviknight, M|100/100
|-ability|p1a: Corviknight|Pressure
|turn|28
|
|t:|1779723827
|-end|p2a: Goobmaxxing|fallen1|[silent]
|switch|p2a: RIP BOZO|Weezing-Galar, F, tera:Grass|28/100
|-ability|p2a: RIP BOZO|Neutralizing Gas
|move|p1a: Corviknight|U-turn|p2a: RIP BOZO
|-supereffective|p2a: RIP BOZO
|-damage|p2a: RIP BOZO|9/100
|
|t:|1779723837
|switch|p1a: Ogerpon|Ogerpon, F|64/100|[from] U-turn
|
|upkeep
|turn|29
|
|t:|1779723840
|move|p1a: Ogerpon|Ivy Cudgel|p2a: RIP BOZO
|-resisted|p2a: RIP BOZO
|-damage|p2a: RIP BOZO|0 fnt
|faint|p2a: RIP BOZO
|-end|p2a: RIP BOZO|ability: Neutralizing Gas
|
|upkeep
|
|t:|1779723857
|switch|p2a: Goobmaxxing|Kingambit, F|71/100
|-activate|p2a: Goobmaxxing|ability: Supreme Overlord
|-start|p2a: Goobmaxxing|fallen2|[silent]
|turn|30
|
|t:|1779723864
|move|p1a: Ogerpon|U-turn|p2a: Goobmaxxing
|-damage|p2a: Goobmaxxing|50/100
|
|t:|1779723871
|switch|p1a: Corviknight|Corviknight, M|100/100|[from] U-turn
|-ability|p1a: Corviknight|Pressure
|move|p2a: Goobmaxxing|Kowtow Cleave|p1a: Corviknight
|-damage|p1a: Corviknight|63/100
|
|upkeep
|turn|31
|
|t:|1779723879
|-end|p2a: Goobmaxxing|fallen2|[silent]
|switch|p2a: Fortnite Lobby|Rillaboom, F|12/100
|-fieldstart|move: Grassy Terrain|[from] ability: Grassy Surge|[of] p2a: Fortnite Lobby
|move|p1a: Corviknight|Body Press|p2a: Fortnite Lobby
|-damage|p2a: Fortnite Lobby|0 fnt
|faint|p2a: Fortnite Lobby
|
|upkeep
|
|t:|1779723892
|switch|p2a: body like alpha|Zamazenta|100/100
|-ability|p2a: body like alpha|Dauntless Shield|boost
|-boost|p2a: body like alpha|def|1
|turn|32
|
|t:|1779723897
|move|p2a: body like alpha|Iron Defense|p2a: body like alpha
|-boost|p2a: body like alpha|def|2
|move|p1a: Corviknight|Body Press|p2a: body like alpha
|-crit|p2a: body like alpha
|-damage|p2a: body like alpha|71/100
|
|-heal|p2a: body like alpha|77/100|[from] Grassy Terrain
|-heal|p2a: body like alpha|83/100|[from] item: Leftovers
|upkeep
|turn|33
|
|t:|1779723904
|-terastallize|p1a: Corviknight|Ghost
|move|p2a: body like alpha|Iron Defense|p2a: body like alpha
|-boost|p2a: body like alpha|def|2
|move|p1a: Corviknight|Roost|p1a: Corviknight
|-heal|p1a: Corviknight|100/100
|
|-heal|p2a: body like alpha|90/100|[from] Grassy Terrain
|-heal|p2a: body like alpha|96/100|[from] item: Leftovers
|upkeep
|turn|34
|
|t:|1779723912
|move|p2a: body like alpha|Crunch|p1a: Corviknight
|-supereffective|p1a: Corviknight
|-damage|p1a: Corviknight|74/100
|move|p1a: Corviknight|U-turn|p2a: body like alpha
|-resisted|p2a: body like alpha
|-damage|p2a: body like alpha|94/100
|
|t:|1779723925
|switch|p1a: Gliscor|Gliscor, F|31/100 tox|[from] U-turn
|
|-heal|p2a: body like alpha|100/100|[from] Grassy Terrain
|-heal|p1a: Gliscor|44/100 tox|[from] ability: Poison Heal
|upkeep
|turn|35
|
|t:|1779723937
|move|p2a: body like alpha|Body Press|p1a: Gliscor
|-resisted|p1a: Gliscor
|-damage|p1a: Gliscor|1/100 tox
|move|p1a: Gliscor|Earthquake|p2a: body like alpha
|-damage|p2a: body like alpha|96/100
|
|-heal|p2a: body like alpha|100/100|[from] Grassy Terrain
|-heal|p1a: Gliscor|14/100 tox|[from] ability: Poison Heal
|-fieldend|move: Grassy Terrain
|upkeep
|turn|36
|c|☆Hurt she squirt|Gg
|
|t:|1779723950
|move|p2a: body like alpha|Body Press|p1a: Gliscor
|-resisted|p1a: Gliscor
|-damage|p1a: Gliscor|0 fnt
|faint|p1a: Gliscor
|
|upkeep
|
|t:|1779723963
|switch|p1a: Corviknight|Corviknight, M, tera:Ghost|74/100
|-ability|p1a: Corviknight|Pressure
|turn|37
|
|t:|1779723975
|move|p2a: body like alpha|Crunch|p1a: Corviknight
|-supereffective|p1a: Corviknight
|-damage|p1a: Corviknight|46/100
|move|p1a: Corviknight|Body Press|p2a: body like alpha
|-damage|p2a: body like alpha|95/100
|
|-heal|p2a: body like alpha|100/100|[from] item: Leftovers
|upkeep
|turn|38
|
|t:|1779723983
|move|p2a: body like alpha|Crunch|p1a: Corviknight
|-supereffective|p1a: Corviknight
|-damage|p1a: Corviknight|17/100
|-unboost|p1a: Corviknight|def|1
|move|p1a: Corviknight|Roost|p1a: Corviknight
|-heal|p1a: Corviknight|67/100
|
|upkeep
|turn|39
|
|t:|1779723991
|move|p2a: body like alpha|Crunch|p1a: Corviknight
|-supereffective|p1a: Corviknight
|-damage|p1a: Corviknight|28/100
|-unboost|p1a: Corviknight|def|1
|move|p1a: Corviknight|Body Press|p2a: body like alpha
|-damage|p2a: body like alpha|98/100
|
|-heal|p2a: body like alpha|100/100|[from] item: Leftovers
|upkeep
|turn|40
|
|t:|1779723998
|switch|p1a: Ogerpon|Ogerpon, F|64/100
|move|p2a: body like alpha|Crunch|p1a: Ogerpon
|-damage|p1a: Ogerpon|35/100
|
|upkeep
|turn|41
|
|t:|1779724009
|move|p2a: body like alpha|Body Press|p1a: Ogerpon
|-damage|p1a: Ogerpon|0 fnt
|faint|p1a: Ogerpon
|
|upkeep
|
|t:|1779724017
|switch|p1a: Corviknight|Corviknight, M, tera:Ghost|28/100
|-ability|p1a: Corviknight|Pressure
|turn|42
|
|t:|1779724024
|move|p2a: body like alpha|Crunch|p1a: Corviknight
|-supereffective|p1a: Corviknight
|-crit|p1a: Corviknight
|-damage|p1a: Corviknight|0 fnt
|faint|p1a: Corviknight
|
|win|Hurt she squirt
|raw|claudechamp's rating: 1250 &rarr; <strong>1228</strong><br />(-22 for losing)
|raw|Hurt she squirt's rating: 1298 &rarr; <strong>1320</strong><br />(+22 for winning)
|l|☆Hurt she squirt
|player|p2|
|c|☆claudechamp|gg
