|j|☆swatch tower
|j|☆zeta022
|t:|1779702055
|gametype|singles
|player|p1|swatch tower|depotagent|1178
|player|p2|zeta022|sabrina|1171
|gen|9
|tier|[Gen 9] OU
|rated|
|rule|HP Percentage Mod: HP is shown in percentages
|rule|Endless Battle Clause: Forcing endless battles is banned
|rule|Species Clause: Limit one of each Pokémon
|rule|OHKO Clause: OHKO moves are banned
|rule|Evasion Items Clause: Evasion items are banned
|rule|Evasion Moves Clause: Evasion moves are banned
|rule|Evasion Abilities Clause: Evasion abilities are banned
|rule|Sleep Moves Clause: Sleep-inducing moves are banned
|clearpoke
|poke|p1|Golurk|
|poke|p1|Grimmsnarl, M|
|poke|p1|Deoxys-Speed|
|poke|p1|Greninja-*, M|
|poke|p1|Thundurus-Therian, M|
|poke|p1|Corviknight, F|
|poke|p2|Lokix, M|
|poke|p2|Kyurem|
|poke|p2|Slowking-Galar, F|
|poke|p2|Alomomola, M|
|poke|p2|Great Tusk|
|poke|p2|Scizor, F|
|teampreview
|inactive|Battle timer is ON: inactive players will automatically lose when time's up. (requested by zeta022)
|
|t:|1779702072
|teamsize|p1|6
|teamsize|p2|6
|start
|switch|p1a: Thunderstruck|Thundurus-Therian, M|100/100
|switch|p2a: Lokix|Lokix, M|100/100
|turn|1
|
|t:|1779702083
|-terastallize|p2a: Lokix|Bug
|move|p2a: Lokix|First Impression|p1a: Thunderstruck
|-resisted|p1a: Thunderstruck
|-damage|p1a: Thunderstruck|25/100
|move|p1a: Thunderstruck|Volt Switch|p2a: Lokix
|-damage|p2a: Lokix|20/100
|
|t:|1779702092
|switch|p1a: Protein Shake|Greninja, M|100/100|[from] Volt Switch
|
|upkeep
|turn|2
|
|t:|1779702107
|switch|p2a: Slowking|Slowking-Galar, F|100/100
|move|p1a: Protein Shake|Dark Pulse|p2a: Slowking
|-supereffective|p2a: Slowking
|-damage|p2a: Slowking|46/100
|-damage|p1a: Protein Shake|91/100|[from] item: Life Orb
|
|-heal|p2a: Slowking|53/100|[from] item: Leftovers
|upkeep
|turn|3
|
|t:|1779702121
|move|p1a: Protein Shake|Dark Pulse|p2a: Slowking
|-supereffective|p2a: Slowking
|-damage|p2a: Slowking|0 fnt
|faint|p2a: Slowking
|-ability|p1a: Protein Shake|Battle Bond|boost
|-boost|p1a: Protein Shake|atk|1
|-boost|p1a: Protein Shake|spa|1
|-boost|p1a: Protein Shake|spe|1
|-activate|p1a: Protein Shake|ability: Battle Bond
|-damage|p1a: Protein Shake|81/100|[from] item: Life Orb
|
|upkeep
|
|t:|1779702126
|switch|p2a: Lokix|Lokix, M, tera:Bug|20/100
|turn|4
|
|t:|1779702131
|switch|p1a: Corvallius|Corviknight, F|100/100
|-ability|p1a: Corvallius|Pressure
|move|p2a: Lokix|First Impression|p1a: Corvallius
|-resisted|p1a: Corvallius
|-damage|p1a: Corvallius|82/100
|
|-heal|p1a: Corvallius|88/100|[from] item: Leftovers
|upkeep
|turn|5
|
|t:|1779702139
|move|p2a: Lokix|U-turn|p1a: Corvallius
|-resisted|p1a: Corvallius
|-damage|p1a: Corvallius|72/100
|
|t:|1779702144
|switch|p2a: Scizor|Scizor, F|100/100|[from] U-turn
|move|p1a: Corvallius|Bulk Up|p1a: Corvallius
|-boost|p1a: Corvallius|atk|1
|-boost|p1a: Corvallius|def|1
|
|-heal|p1a: Corvallius|78/100|[from] item: Leftovers
|upkeep
|turn|6
|
|t:|1779702151
|move|p1a: Corvallius|Bulk Up|p1a: Corvallius
|-boost|p1a: Corvallius|atk|1
|-boost|p1a: Corvallius|def|1
|move|p2a: Scizor|Swords Dance|p2a: Scizor
|-boost|p2a: Scizor|atk|2
|
|-heal|p1a: Corvallius|85/100|[from] item: Leftovers
|upkeep
|turn|7
|
|t:|1779702156
|move|p1a: Corvallius|Bulk Up|p1a: Corvallius
|-boost|p1a: Corvallius|atk|1
|-boost|p1a: Corvallius|def|1
|move|p2a: Scizor|Swords Dance|p2a: Scizor
|-boost|p2a: Scizor|atk|2
|
|-heal|p1a: Corvallius|91/100|[from] item: Leftovers
|upkeep
|turn|8
|
|t:|1779702160
|move|p1a: Corvallius|Bulk Up|p1a: Corvallius
|-boost|p1a: Corvallius|atk|1
|-boost|p1a: Corvallius|def|1
|move|p2a: Scizor|Swords Dance|p2a: Scizor
|-boost|p2a: Scizor|atk|2
|
|-heal|p1a: Corvallius|97/100|[from] item: Leftovers
|upkeep
|turn|9
|
|t:|1779702163
|move|p2a: Scizor|Bullet Punch|p1a: Corvallius
|-resisted|p1a: Corvallius
|-damage|p1a: Corvallius|74/100
|-damage|p2a: Scizor|91/100|[from] item: Life Orb
|move|p1a: Corvallius|Bulk Up|p1a: Corvallius
|-boost|p1a: Corvallius|atk|1
|-boost|p1a: Corvallius|def|1
|
|-heal|p1a: Corvallius|80/100|[from] item: Leftovers
|upkeep
|turn|10
|
|t:|1779702168
|move|p2a: Scizor|Bullet Punch|p1a: Corvallius
|-resisted|p1a: Corvallius
|-damage|p1a: Corvallius|59/100
|-damage|p2a: Scizor|81/100|[from] item: Life Orb
|move|p1a: Corvallius|Agility|p1a: Corvallius
|-boost|p1a: Corvallius|spe|2
|
|-heal|p1a: Corvallius|66/100|[from] item: Leftovers
|upkeep
|turn|11
|c|☆zeta022|cmon one cirt
|c|☆zeta022|crit
|c|☆zeta022|pleasse
|
|t:|1779702178
|move|p2a: Scizor|Bullet Punch|p1a: Corvallius
|-resisted|p1a: Corvallius
|-damage|p1a: Corvallius|48/100
|-damage|p2a: Scizor|71/100|[from] item: Life Orb
|move|p1a: Corvallius|Agility|p1a: Corvallius
|-boost|p1a: Corvallius|spe|2
|
|-heal|p1a: Corvallius|54/100|[from] item: Leftovers
|upkeep
|turn|12
|c|☆zeta022|please speed i need this
|
|t:|1779702187
|move|p2a: Scizor|Bullet Punch|p1a: Corvallius
|-resisted|p1a: Corvallius
|-damage|p1a: Corvallius|36/100
|-damage|p2a: Scizor|61/100|[from] item: Life Orb
|move|p1a: Corvallius|Roost|p1a: Corvallius
|-heal|p1a: Corvallius|86/100
|-singleturn|p1a: Corvallius|move: Roost
|
|-heal|p1a: Corvallius|92/100|[from] item: Leftovers
|upkeep
|turn|13
|
|t:|1779702191
|move|p2a: Scizor|Bullet Punch|p1a: Corvallius
|-resisted|p1a: Corvallius
|-damage|p1a: Corvallius|72/100
|-damage|p2a: Scizor|51/100|[from] item: Life Orb
|move|p1a: Corvallius|Power Trip|p2a: Scizor
|-damage|p2a: Scizor|0 fnt
|faint|p2a: Scizor
|
|-heal|p1a: Corvallius|78/100|[from] item: Leftovers
|upkeep
|c|☆zeta022|oh no
|inactive|zeta022 has 120 seconds left.
|
|t:|1779702228
|switch|p2a: Kyurem|Kyurem|100/100
|-ability|p2a: Kyurem|Pressure
|turn|14
|
|t:|1779702238
|move|p1a: Corvallius|Power Trip|p2a: Kyurem
|-damage|p2a: Kyurem|0 fnt
|faint|p2a: Kyurem
|
|-heal|p1a: Corvallius|85/100|[from] item: Leftovers
|upkeep
|
|t:|1779702241
|switch|p2a: Alomomola|Alomomola, M|100/100
|turn|15
|c|☆zeta022|gg
|
|t:|1779702246
|move|p1a: Corvallius|Power Trip|p2a: Alomomola
|-damage|p2a: Alomomola|0 fnt
|faint|p2a: Alomomola
|
|-heal|p1a: Corvallius|91/100|[from] item: Leftovers
|upkeep
|
|t:|1779702249
|switch|p2a: Great Tusk|Great Tusk|100/100
|turn|16
|c|☆swatch tower|gg
|
|t:|1779702253
|move|p1a: Corvallius|Power Trip|p2a: Great Tusk
|-resisted|p2a: Great Tusk
|-damage|p2a: Great Tusk|34/100
|-enditem|p2a: Great Tusk|Sitrus Berry|[eat]
|-heal|p2a: Great Tusk|59/100|[from] item: Sitrus Berry
|move|p2a: Great Tusk|Close Combat|p1a: Corvallius
|-damage|p1a: Corvallius|74/100
|-unboost|p2a: Great Tusk|def|1
|-unboost|p2a: Great Tusk|spd|1
|
|-heal|p1a: Corvallius|81/100|[from] item: Leftovers
|upkeep
|turn|17
|c|☆zeta022|i shouldn't have relied on the cri
|
|t:|1779702265
|move|p1a: Corvallius|Power Trip|p2a: Great Tusk
|-resisted|p2a: Great Tusk
|-damage|p2a: Great Tusk|0 fnt
|faint|p2a: Great Tusk
|-end|p2a: Great Tusk|Protosynthesis|[silent]
|
|-heal|p1a: Corvallius|87/100|[from] item: Leftovers
|upkeep
|
|t:|1779702267
|switch|p2a: Lokix|Lokix, M, tera:Bug|20/100
|turn|18
|
|t:|1779702269
|move|p2a: Lokix|First Impression|p1a: Corvallius
|-resisted|p1a: Corvallius
|-damage|p1a: Corvallius|81/100
|move|p1a: Corvallius|Power Trip|p2a: Lokix
|-damage|p2a: Lokix|0 fnt
|faint|p2a: Lokix
|
|win|swatch tower
|raw|swatch tower's rating: 1178 &rarr; <strong>1202</strong><br />(+24 for winning)
|raw|zeta022's rating: 1171 &rarr; <strong>1147</strong><br />(-24 for losing)
