|j|☆x789123
|j|☆MEMEtEam AbuSeR
|t:|1779621463
|gametype|singles
|player|p1|x789123|skierf|1289
|player|p2|MEMEtEam AbuSeR|hilda-wonderlauncher|1258
|gen|9
|tier|[Gen 9] OU
|rated|
|rule|HP Percentage Mod: HP is shown in percentages
|rule|Endless Battle Clause: Forcing endless battles is banned
|rule|Species Clause: Limit one of each Pokémon
|rule|OHKO Clause: OHKO moves are banned
|rule|Evasion Items Clause: Evasion items are banned
|rule|Evasion Moves Clause: Evasion moves are banned
|rule|Evasion Abilities Clause: Evasion abilities are banned
|rule|Sleep Moves Clause: Sleep-inducing moves are banned
|clearpoke
|poke|p1|Avalugg, M|
|poke|p1|Blissey, F|
|poke|p1|Ninetales-Alola, M|
|poke|p1|Dragapult, F|
|poke|p1|Gliscor, F|
|poke|p1|Cinderace, M|
|poke|p2|Torkoal, M|
|poke|p2|Walking Wake|
|poke|p2|Great Tusk|
|poke|p2|Scream Tail|
|poke|p2|Raging Bolt|
|poke|p2|Entei|
|teampreview
|inactive|Battle timer is ON: inactive players will automatically lose when time's up. (requested by x789123)
|
|t:|1779621478
|teamsize|p1|6
|teamsize|p2|6
|start
|switch|p1a: Cinderace|Cinderace, M|100/100
|switch|p2a: Torkoal|Torkoal, M|100/100
|-weather|SunnyDay|[from] ability: Drought|[of] p2a: Torkoal
|turn|1
|
|t:|1779621496
|switch|p2a: Great Tusk|Great Tusk|100/100
|-activate|p2a: Great Tusk|ability: Protosynthesis
|-start|p2a: Great Tusk|protosynthesisatk
|move|p1a: Cinderace|U-turn|p2a: Great Tusk
|-start|p1a: Cinderace|typechange|Bug|[from] ability: Libero
|-resisted|p2a: Great Tusk
|-damage|p2a: Great Tusk|88/100
|
|t:|1779621501
|switch|p1a: Ninetales|Ninetales-Alola, M|100/100|[from] U-turn
|-weather|Snowscape|[from] ability: Snow Warning|[of] p1a: Ninetales
|-end|p2a: Great Tusk|Protosynthesis
|
|-weather|Snowscape|[upkeep]
|upkeep
|turn|2
|
|t:|1779621511
|move|p1a: Ninetales|Moonblast|p2a: Great Tusk
|-supereffective|p2a: Great Tusk
|-damage|p2a: Great Tusk|0 fnt
|faint|p2a: Great Tusk
|-end|p2a: Great Tusk|Protosynthesis|[silent]
|
|-weather|Snowscape|[upkeep]
|upkeep
|
|t:|1779621517
|switch|p2a: Torkoal|Torkoal, M|100/100
|-weather|SunnyDay|[from] ability: Drought|[of] p2a: Torkoal
|turn|3
|c|☆MEMEtEam AbuSeR|yowch
|
|t:|1779621529
|switch|p2a: Entei|Entei|100/100
|move|p1a: Ninetales|Snowscape|p1a: Ninetales
|-weather|Snowscape
|
|-weather|Snowscape|[upkeep]
|upkeep
|turn|4
|
|t:|1779621546
|switch|p1a: Avalugg|Avalugg, M|100/100
|move|p2a: Entei|Sacred Fire|p1a: Avalugg
|-supereffective|p1a: Avalugg
|-damage|p1a: Avalugg|55/100
|
|-weather|Snowscape|[upkeep]
|-heal|p1a: Avalugg|61/100|[from] ability: Ice Body
|upkeep
|turn|5
|
|t:|1779621558
|switch|p2a: Torkoal|Torkoal, M|100/100
|-weather|SunnyDay|[from] ability: Drought|[of] p2a: Torkoal
|move|p1a: Avalugg|Recover|p1a: Avalugg
|-heal|p1a: Avalugg|100/100
|
|-weather|SunnyDay|[upkeep]
|upkeep
|turn|6
|
|t:|1779621566
|move|p1a: Avalugg|Iron Defense|p1a: Avalugg
|-boost|p1a: Avalugg|def|2
|move|p2a: Torkoal|Lava Plume|p1a: Avalugg
|-supereffective|p1a: Avalugg
|-damage|p1a: Avalugg|0 fnt
|faint|p1a: Avalugg
|
|-weather|SunnyDay|[upkeep]
|upkeep
|
|t:|1779621578
|switch|p1a: Ninetales|Ninetales-Alola, M|100/100
|-weather|Snowscape|[from] ability: Snow Warning|[of] p1a: Ninetales
|turn|7
|
|t:|1779621583
|switch|p2a: Scream Tail|Scream Tail|100/100
|move|p1a: Ninetales|Encore||[still]
|-fail|p1a: Ninetales
|
|-weather|Snowscape|[upkeep]
|upkeep
|turn|8
|
|t:|1779621589
|move|p2a: Scream Tail|Stealth Rock|p1a: Ninetales
|-sidestart|p1: x789123|move: Stealth Rock
|move|p1a: Ninetales|Aurora Veil|p1a: Ninetales
|-sidestart|p1: x789123|move: Aurora Veil
|
|-weather|Snowscape|[upkeep]
|upkeep
|turn|9
|
|t:|1779621597
|-end|p2a: Scream Tail|Protosynthesis|[silent]
|switch|p2a: Torkoal|Torkoal, M|100/100
|-weather|SunnyDay|[from] ability: Drought|[of] p2a: Torkoal
|switch|p1a: Cinderace|Cinderace, M|100/100
|
|-weather|SunnyDay|[upkeep]
|upkeep
|turn|10
|
|t:|1779621613
|switch|p2a: Entei|Entei|100/100
|move|p1a: Cinderace|U-turn|p2a: Entei
|-start|p1a: Cinderace|typechange|Bug|[from] ability: Libero
|-resisted|p2a: Entei
|-damage|p2a: Entei|84/100
|
|t:|1779621620
|switch|p1a: Dragapult|Dragapult, F|100/100|[from] U-turn
|
|-weather|SunnyDay|[upkeep]
|upkeep
|turn|11
|
|t:|1779621627
|switch|p2a: Walking Wake|Walking Wake|100/100
|-activate|p2a: Walking Wake|ability: Protosynthesis
|-start|p2a: Walking Wake|protosynthesisspe
|move|p1a: Dragapult|Thunder Wave|p2a: Walking Wake
|-status|p2a: Walking Wake|par
|
|-weather|SunnyDay|[upkeep]
|upkeep
|turn|12
|
|t:|1779621637
|switch|p1a: Ninetales|Ninetales-Alola, M|100/100
|-weather|Snowscape|[from] ability: Snow Warning|[of] p1a: Ninetales
|-end|p2a: Walking Wake|Protosynthesis
|move|p2a: Walking Wake|Draco Meteor|p1a: Ninetales
|-immune|p1a: Ninetales
|
|-weather|Snowscape|[upkeep]
|-sideend|p1: x789123|move: Aurora Veil
|upkeep
|turn|13
|
|t:|1779621648
|-end|p2a: Walking Wake|Protosynthesis|[silent]
|switch|p2a: Torkoal|Torkoal, M|100/100
|-weather|SunnyDay|[from] ability: Drought|[of] p2a: Torkoal
|move|p1a: Ninetales|Aurora Veil||[still]
|-fail|p1a: Ninetales
|
|-weather|SunnyDay|[upkeep]
|upkeep
|turn|14
|
|t:|1779621655
|move|p1a: Ninetales|Snowscape|p1a: Ninetales
|-weather|Snowscape
|move|p2a: Torkoal|Lava Plume|p1a: Ninetales
|-supereffective|p1a: Ninetales
|-damage|p1a: Ninetales|51/100
|
|-weather|Snowscape|[upkeep]
|upkeep
|turn|15
|
|t:|1779621663
|switch|p2a: Scream Tail|Scream Tail|100/100
|move|p1a: Ninetales|Aurora Veil|p1a: Ninetales
|-sidestart|p1: x789123|move: Aurora Veil
|
|-weather|Snowscape|[upkeep]
|upkeep
|turn|16
|
|t:|1779621673
|switch|p1a: Cinderace|Cinderace, M|100/100
|move|p2a: Scream Tail|Wish|p2a: Scream Tail
|
|-weather|Snowscape|[upkeep]
|upkeep
|turn|17
|
|t:|1779621685
|-end|p2a: Scream Tail|Protosynthesis|[silent]
|switch|p2a: Torkoal|Torkoal, M|100/100
|-weather|SunnyDay|[from] ability: Drought|[of] p2a: Torkoal
|move|p1a: Cinderace|U-turn|p2a: Torkoal
|-start|p1a: Cinderace|typechange|Bug|[from] ability: Libero
|-resisted|p2a: Torkoal
|-damage|p2a: Torkoal|92/100
|
|t:|1779621694
|switch|p1a: Gliscor|Gliscor, F|100/100|[from] U-turn
|-damage|p1a: Gliscor|88/100|[from] Stealth Rock
|
|-weather|SunnyDay|[upkeep]
|-heal|p2a: Torkoal|100/100|[from] move: Wish|[wisher] Scream Tail
|-status|p1a: Gliscor|tox|[from] item: Toxic Orb
|upkeep
|turn|18
|
|t:|1779621706
|switch|p2a: Walking Wake|Walking Wake|100/100 par
|-activate|p2a: Walking Wake|ability: Protosynthesis
|-start|p2a: Walking Wake|protosynthesisspe
|move|p1a: Gliscor|Knock Off|p2a: Walking Wake
|-crit|p2a: Walking Wake
|-damage|p2a: Walking Wake|66/100 par
|-enditem|p2a: Walking Wake|Choice Specs|[from] move: Knock Off|[of] p1a: Gliscor
|
|-weather|SunnyDay|[upkeep]
|-heal|p1a: Gliscor|100/100 tox|[from] ability: Poison Heal
|upkeep
|turn|19
|
|t:|1779621718
|switch|p1a: Ninetales|Ninetales-Alola, M|51/100
|-weather|Snowscape|[from] ability: Snow Warning|[of] p1a: Ninetales
|-end|p2a: Walking Wake|Protosynthesis
|move|p2a: Walking Wake|Flamethrower|p1a: Ninetales
|-supereffective|p1a: Ninetales
|-damage|p1a: Ninetales|20/100
|
|-weather|Snowscape|[upkeep]
|-sideend|p1: x789123|move: Aurora Veil
|upkeep
|turn|20
|
|t:|1779621726
|switch|p1a: Gliscor|Gliscor, F|100/100 tox
|-damage|p1a: Gliscor|88/100 tox|[from] Stealth Rock
|move|p2a: Walking Wake|Flamethrower|p1a: Gliscor
|-damage|p1a: Gliscor|62/100 tox
|
|-weather|Snowscape|[upkeep]
|-heal|p1a: Gliscor|74/100 tox|[from] ability: Poison Heal
|upkeep
|turn|21
|
|t:|1779621734
|move|p1a: Gliscor|Protect|p1a: Gliscor
|-singleturn|p1a: Gliscor|Protect
|move|p2a: Walking Wake|Draco Meteor|p1a: Gliscor
|-activate|p1a: Gliscor|move: Protect
|
|-weather|Snowscape|[upkeep]
|-heal|p1a: Gliscor|87/100 tox|[from] ability: Poison Heal
|upkeep
|turn|22
|
|t:|1779621748
|switch|p1a: Blissey|Blissey, F|100/100
|move|p2a: Walking Wake|Hydro Steam|p1a: Blissey
|-damage|p1a: Blissey|88/100
|
|-weather|Snowscape|[upkeep]
|upkeep
|turn|23
|
|t:|1779621759
|-end|p2a: Walking Wake|Protosynthesis|[silent]
|switch|p2a: Torkoal|Torkoal, M|100/100
|-weather|SunnyDay|[from] ability: Drought|[of] p2a: Torkoal
|move|p1a: Blissey|Seismic Toss|p2a: Torkoal
|-damage|p2a: Torkoal|71/100
|
|-weather|SunnyDay|[upkeep]
|upkeep
|turn|24
|
|t:|1779621773
|switch|p2a: Scream Tail|Scream Tail|100/100
|-activate|p2a: Scream Tail|ability: Protosynthesis
|-start|p2a: Scream Tail|protosynthesisspe
|move|p1a: Blissey|Seismic Toss|p2a: Scream Tail
|-damage|p2a: Scream Tail|77/100
|
|-weather|SunnyDay|[upkeep]
|-heal|p2a: Scream Tail|84/100|[from] item: Leftovers
|upkeep
|turn|25
|
|t:|1779621783
|move|p2a: Scream Tail|Wish|p2a: Scream Tail
|move|p1a: Blissey|Calm Mind|p1a: Blissey
|-boost|p1a: Blissey|spa|1
|-boost|p1a: Blissey|spd|1
|
|-weather|SunnyDay|[upkeep]
|-heal|p2a: Scream Tail|90/100|[from] item: Leftovers
|upkeep
|turn|26
|
|t:|1779621791
|-end|p2a: Scream Tail|Protosynthesis|[silent]
|switch|p2a: Entei|Entei|84/100
|move|p1a: Blissey|Calm Mind|p1a: Blissey
|-boost|p1a: Blissey|spa|1
|-boost|p1a: Blissey|spd|1
|
|-weather|SunnyDay|[upkeep]
|-heal|p2a: Entei|100/100|[from] move: Wish|[wisher] Scream Tail
|upkeep
|turn|27
|
|t:|1779621814
|move|p2a: Entei|Stone Edge|p1a: Blissey
|-crit|p1a: Blissey
|-damage|p1a: Blissey|12/100
|move|p1a: Blissey|Seismic Toss|p2a: Entei
|-damage|p2a: Entei|74/100
|
|-weather|SunnyDay|[upkeep]
|upkeep
|turn|28
|
|t:|1779621822
|switch|p1a: Gliscor|Gliscor, F|87/100 tox
|-damage|p1a: Gliscor|74/100 tox|[from] Stealth Rock
|move|p2a: Entei|Stone Edge|p1a: Gliscor
|-damage|p1a: Gliscor|31/100 tox
|
|-weather|SunnyDay|[upkeep]
|-heal|p1a: Gliscor|44/100 tox|[from] ability: Poison Heal
|upkeep
|turn|29
|
|t:|1779621832
|switch|p2a: Walking Wake|Walking Wake|66/100 par
|-activate|p2a: Walking Wake|ability: Protosynthesis
|-start|p2a: Walking Wake|protosynthesisspe
|move|p1a: Gliscor|Protect||[still]
|-fail|p1a: Gliscor
|
|-weather|SunnyDay|[upkeep]
|-heal|p1a: Gliscor|56/100 tox|[from] ability: Poison Heal
|upkeep
|turn|30
|
|t:|1779621841
|switch|p1a: Blissey|Blissey, F|12/100
|move|p2a: Walking Wake|Hydro Steam|p1a: Blissey
|-damage|p1a: Blissey|0 fnt
|faint|p1a: Blissey
|
|-weather|none
|-end|p2a: Walking Wake|Protosynthesis
|upkeep
|
|t:|1779621847
|switch|p1a: Cinderace|Cinderace, M|100/100
|turn|31
|
|t:|1779621851
|-end|p2a: Walking Wake|Protosynthesis|[silent]
|switch|p2a: Torkoal|Torkoal, M|71/100
|-weather|SunnyDay|[from] ability: Drought|[of] p2a: Torkoal
|move|p1a: Cinderace|Court Change|p1a: Cinderace
|-start|p1a: Cinderace|typechange|Normal|[from] ability: Libero
|-swapsideconditions
|-activate|p1a: Cinderace|move: Court Change
|
|-weather|SunnyDay|[upkeep]
|upkeep
|turn|32
|
|t:|1779621863
|move|p1a: Cinderace|Will-O-Wisp|p2a: Torkoal|[miss]
|-miss|p1a: Cinderace|p2a: Torkoal
|move|p2a: Torkoal|Rapid Spin|p1a: Cinderace
|-damage|p1a: Cinderace|87/100
|-boost|p2a: Torkoal|spe|1
|-sideend|p2: MEMEtEam AbuSeR|Stealth Rock|[from] move: Rapid Spin|[of] p2a: Torkoal
|
|-weather|SunnyDay|[upkeep]
|upkeep
|turn|33
|-message|x789123 forfeited.
|
|win|MEMEtEam AbuSeR
|raw|x789123's rating: 1289 &rarr; <strong>1262</strong><br />(-27 for losing)
|raw|MEMEtEam AbuSeR's rating: 1258 &rarr; <strong>1285</strong><br />(+27 for winning)
|l|☆x789123
|player|p1|
|c|☆MEMEtEam AbuSeR|ggs
|l|☆MEMEtEam AbuSeR
|player|p2|
