|j|☆m4 lema
|j|☆stevstacks
|t:|1779701507
|gametype|singles
|player|p1|m4 lema|102|1597
|player|p2|stevstacks|266|1639
|gen|9
|tier|[Gen 9] OU
|rated|
|rule|HP Percentage Mod: HP is shown in percentages
|rule|Endless Battle Clause: Forcing endless battles is banned
|rule|Species Clause: Limit one of each Pokémon
|rule|OHKO Clause: OHKO moves are banned
|rule|Evasion Items Clause: Evasion items are banned
|rule|Evasion Moves Clause: Evasion moves are banned
|rule|Evasion Abilities Clause: Evasion abilities are banned
|rule|Sleep Moves Clause: Sleep-inducing moves are banned
|clearpoke
|poke|p1|Hydrapple, F|
|poke|p1|Primarina, F|
|poke|p1|Clodsire, F|
|poke|p1|Scizor, M|
|poke|p1|Dragapult, F|
|poke|p1|Alomomola, M|
|poke|p2|Torkoal, F|
|poke|p2|Corviknight, M|
|poke|p2|Walking Wake|
|poke|p2|Dragonite, M|
|poke|p2|Great Tusk|
|poke|p2|Zamazenta-*|
|teampreview
|j| Tabata tyrogue
|
|t:|1779701545
|teamsize|p1|6
|teamsize|p2|6
|start
|switch|p1a: Clodsire|Clodsire, F|100/100
|switch|p2a: Great Tusk|Great Tusk, shiny|100/100
|turn|1
|
|t:|1779701550
|switch|p1a: Alomomola|Alomomola, M, shiny|100/100
|move|p2a: Great Tusk|Headlong Rush|p1a: Alomomola
|-damage|p1a: Alomomola|54/100
|-unboost|p2a: Great Tusk|def|1
|-unboost|p2a: Great Tusk|spd|1
|-damage|p2a: Great Tusk|84/100|[from] item: Rocky Helmet|[of] p1a: Alomomola
|-damage|p2a: Great Tusk|74/100|[from] item: Life Orb
|
|upkeep
|turn|2
|
|t:|1779701570
|-terastallize|p2a: Great Tusk|Ground
|move|p2a: Great Tusk|Headlong Rush|p1a: Alomomola
|-damage|p1a: Alomomola|0 fnt
|-unboost|p2a: Great Tusk|def|1
|-unboost|p2a: Great Tusk|spd|1
|-damage|p2a: Great Tusk|58/100|[from] item: Rocky Helmet|[of] p1a: Alomomola
|faint|p1a: Alomomola
|-damage|p2a: Great Tusk|48/100|[from] item: Life Orb
|
|upkeep
|
|t:|1779701580
|switch|p1a: Dragapult|Dragapult, F|100/100
|turn|3
|
|t:|1779701609
|-end|p2a: Great Tusk|Protosynthesis|[silent]
|switch|p2a: Torkoal|Torkoal, F, shiny|100/100
|-weather|SunnyDay|[from] ability: Drought|[of] p2a: Torkoal
|move|p1a: Dragapult|Hex|p2a: Torkoal
|-damage|p2a: Torkoal|76/100
|
|-weather|SunnyDay|[upkeep]
|upkeep
|turn|4
|
|t:|1779701621
|move|p1a: Dragapult|Substitute|p1a: Dragapult
|-start|p1a: Dragapult|Substitute
|-damage|p1a: Dragapult|76/100
|move|p2a: Torkoal|Stealth Rock|p1a: Dragapult
|-sidestart|p1: m4 lema|move: Stealth Rock
|
|-weather|SunnyDay|[upkeep]
|upkeep
|turn|5
|
|t:|1779701628
|move|p1a: Dragapult|Hex|p2a: Torkoal
|-damage|p2a: Torkoal|49/100
|move|p2a: Torkoal|Overheat|p1a: Dragapult
|-resisted|p1a: Dragapult
|-end|p1a: Dragapult|Substitute
|-unboost|p2a: Torkoal|spa|2
|
|-weather|SunnyDay|[upkeep]
|upkeep
|turn|6
|
|t:|1779701635
|switch|p2a: Corviknight|Corviknight, M, shiny|100/100
|-ability|p2a: Corviknight|Pressure
|move|p1a: Dragapult|Substitute|p1a: Dragapult
|-start|p1a: Dragapult|Substitute
|-damage|p1a: Dragapult|51/100
|
|-weather|SunnyDay|[upkeep]
|upkeep
|turn|7
|
|t:|1779701638
|move|p1a: Dragapult|Will-O-Wisp|p2a: Corviknight
|-status|p2a: Corviknight|brn
|move|p2a: Corviknight|Brave Bird|p1a: Dragapult
|-activate|p1a: Dragapult|move: Substitute|[damage]
|-damage|p2a: Corviknight|94/100 brn|[from] Recoil|[of] p1a: Dragapult
|
|-weather|SunnyDay|[upkeep]
|-heal|p2a: Corviknight|99/100 brn|[from] item: Leftovers
|-damage|p2a: Corviknight|94/100 brn|[from] brn
|upkeep
|turn|8
|
|t:|1779701642
|move|p1a: Dragapult|Hex|p2a: Corviknight
|-damage|p2a: Corviknight|53/100 brn
|move|p2a: Corviknight|Brave Bird|p1a: Dragapult
|-end|p1a: Dragapult|Substitute
|-damage|p2a: Corviknight|53/100 brn|[from] Recoil|[of] p1a: Dragapult
|
|-weather|SunnyDay|[upkeep]
|-heal|p2a: Corviknight|59/100 brn|[from] item: Leftovers
|-damage|p2a: Corviknight|53/100 brn|[from] brn
|upkeep
|turn|9
|
|t:|1779701655
|move|p1a: Dragapult|Substitute|p1a: Dragapult
|-start|p1a: Dragapult|Substitute
|-damage|p1a: Dragapult|26/100
|move|p2a: Corviknight|Roost|p2a: Corviknight
|-heal|p2a: Corviknight|100/100 brn
|-singleturn|p2a: Corviknight|move: Roost
|
|-weather|SunnyDay|[upkeep]
|-damage|p2a: Corviknight|94/100 brn|[from] brn
|upkeep
|turn|10
|
|t:|1779701658
|move|p1a: Dragapult|Hex|p2a: Corviknight
|-damage|p2a: Corviknight|57/100 brn
|move|p2a: Corviknight|Brave Bird|p1a: Dragapult
|-activate|p1a: Dragapult|move: Substitute|[damage]
|-damage|p2a: Corviknight|51/100 brn|[from] Recoil|[of] p1a: Dragapult
|
|-weather|none
|-heal|p2a: Corviknight|57/100 brn|[from] item: Leftovers
|-damage|p2a: Corviknight|51/100 brn|[from] brn
|upkeep
|turn|11
|
|t:|1779701665
|move|p1a: Dragapult|Hex|p2a: Corviknight
|-damage|p2a: Corviknight|15/100 brn
|move|p2a: Corviknight|Roost|p2a: Corviknight
|-heal|p2a: Corviknight|65/100 brn
|-singleturn|p2a: Corviknight|move: Roost
|
|-heal|p2a: Corviknight|72/100 brn|[from] item: Leftovers
|-damage|p2a: Corviknight|65/100 brn|[from] brn
|upkeep
|turn|12
|
|t:|1779701675
|move|p1a: Dragapult|Hex|p2a: Corviknight
|-damage|p2a: Corviknight|25/100 brn
|move|p2a: Corviknight|Roost|p2a: Corviknight
|-heal|p2a: Corviknight|75/100 brn
|-singleturn|p2a: Corviknight|move: Roost
|
|-heal|p2a: Corviknight|82/100 brn|[from] item: Leftovers
|-damage|p2a: Corviknight|75/100 brn|[from] brn
|upkeep
|turn|13
|
|t:|1779701686
|move|p1a: Dragapult|Hex|p2a: Corviknight
|-damage|p2a: Corviknight|40/100 brn
|move|p2a: Corviknight|Roost|p2a: Corviknight
|-heal|p2a: Corviknight|90/100 brn
|-singleturn|p2a: Corviknight|move: Roost
|
|-heal|p2a: Corviknight|96/100 brn|[from] item: Leftovers
|-damage|p2a: Corviknight|90/100 brn|[from] brn
|upkeep
|turn|14
|
|t:|1779701696
|switch|p1a: Clodsire|Clodsire, F|100/100
|-damage|p1a: Clodsire|94/100|[from] Stealth Rock
|move|p2a: Corviknight|Roost|p2a: Corviknight
|-heal|p2a: Corviknight|100/100 brn
|-singleturn|p2a: Corviknight|move: Roost
|
|-heal|p1a: Clodsire|100/100|[from] item: Leftovers
|-damage|p2a: Corviknight|94/100 brn|[from] brn
|upkeep
|turn|15
|
|t:|1779701702
|move|p2a: Corviknight|U-turn|p1a: Clodsire
|-resisted|p1a: Clodsire
|-damage|p1a: Clodsire|98/100
|
|t:|1779701704
|switch|p2a: Great Tusk|Great Tusk, shiny, tera:Ground|48/100|[from] U-turn
|move|p1a: Clodsire|Stealth Rock|p2a: Great Tusk
|-sidestart|p2: stevstacks|move: Stealth Rock
|
|-heal|p1a: Clodsire|100/100|[from] item: Leftovers
|upkeep
|turn|16
|
|t:|1779701714
|switch|p1a: Hydrapple|Hydrapple, F|100/100
|move|p2a: Great Tusk|Ice Spinner|p1a: Hydrapple
|-supereffective|p1a: Hydrapple
|-damage|p1a: Hydrapple|20/100
|-damage|p2a: Great Tusk|38/100|[from] item: Life Orb
|
|upkeep
|turn|17
|
|t:|1779701726
|switch|p1a: Scizor|Scizor, M|100/100
|move|p2a: Great Tusk|Headlong Rush|p1a: Scizor
|-crit|p1a: Scizor
|-damage|p1a: Scizor|0 fnt
|-unboost|p2a: Great Tusk|def|1
|-unboost|p2a: Great Tusk|spd|1
|faint|p1a: Scizor
|-damage|p2a: Great Tusk|28/100|[from] item: Life Orb
|
|upkeep
|
|t:|1779701734
|switch|p1a: Dragapult|Dragapult, F|26/100
|turn|18
|
|t:|1779701739
|-end|p2a: Great Tusk|Protosynthesis|[silent]
|switch|p2a: Torkoal|Torkoal, F, shiny|49/100
|-damage|p2a: Torkoal|24/100|[from] Stealth Rock
|-weather|SunnyDay|[from] ability: Drought|[of] p2a: Torkoal
|move|p1a: Dragapult|Hex|p2a: Torkoal
|-damage|p2a: Torkoal|0 fnt
|faint|p2a: Torkoal
|
|-weather|SunnyDay|[upkeep]
|upkeep
|
|t:|1779701743
|switch|p2a: Walking Wake|Walking Wake|100/100
|-damage|p2a: Walking Wake|88/100|[from] Stealth Rock
|-activate|p2a: Walking Wake|ability: Protosynthesis
|-start|p2a: Walking Wake|protosynthesisspe
|turn|19
|
|t:|1779701750
|switch|p1a: Hydrapple|Hydrapple, F|20/100
|move|p2a: Walking Wake|Flamethrower|p1a: Hydrapple
|-damage|p1a: Hydrapple|0 fnt
|faint|p1a: Hydrapple
|
|-weather|SunnyDay|[upkeep]
|upkeep
|
|t:|1779701766
|switch|p1a: Primarina|Primarina, F|100/100
|-damage|p1a: Primarina|88/100|[from] Stealth Rock
|turn|20
|l|☆m4 lema
|player|p1|
|j|☆m4 lema
|player|p1|m4 lema|102|
|
|t:|1779701831
|move|p2a: Walking Wake|Hydro Steam|p1a: Primarina
|-resisted|p1a: Primarina
|-damage|p1a: Primarina|58/100
|move|p1a: Primarina|Calm Mind|p1a: Primarina
|-boost|p1a: Primarina|spa|1
|-boost|p1a: Primarina|spd|1
|
|-weather|SunnyDay|[upkeep]
|-heal|p1a: Primarina|64/100|[from] item: Leftovers
|upkeep
|turn|21
|
|t:|1779701836
|move|p2a: Walking Wake|Hydro Steam|p1a: Primarina
|-resisted|p1a: Primarina
|-damage|p1a: Primarina|44/100
|move|p1a: Primarina|Draining Kiss|p2a: Walking Wake
|-supereffective|p2a: Walking Wake
|-damage|p2a: Walking Wake|9/100
|-heal|p1a: Primarina|99/100|[from] drain|[of] p2a: Walking Wake
|
|-weather|SunnyDay|[upkeep]
|-heal|p1a: Primarina|100/100|[from] item: Leftovers
|upkeep
|turn|22
|
|t:|1779701843
|move|p2a: Walking Wake|Hydro Steam|p1a: Primarina
|-resisted|p1a: Primarina
|-damage|p1a: Primarina|80/100
|move|p1a: Primarina|Calm Mind|p1a: Primarina
|-boost|p1a: Primarina|spa|1
|-boost|p1a: Primarina|spd|1
|
|-weather|SunnyDay|[upkeep]
|-heal|p1a: Primarina|86/100|[from] item: Leftovers
|upkeep
|turn|23
|
|t:|1779701850
|move|p2a: Walking Wake|Hydro Steam|p1a: Primarina
|-resisted|p1a: Primarina
|-damage|p1a: Primarina|70/100
|move|p1a: Primarina|Draining Kiss|p2a: Walking Wake
|-supereffective|p2a: Walking Wake
|-damage|p2a: Walking Wake|0 fnt
|-heal|p1a: Primarina|75/100|[from] drain|[of] p2a: Walking Wake
|faint|p2a: Walking Wake
|-end|p2a: Walking Wake|Protosynthesis|[silent]
|
|-weather|SunnyDay|[upkeep]
|-heal|p1a: Primarina|82/100|[from] item: Leftovers
|upkeep
|
|t:|1779701851
|switch|p2a: Great Tusk|Great Tusk, shiny, tera:Ground|28/100
|-damage|p2a: Great Tusk|22/100|[from] Stealth Rock
|-activate|p2a: Great Tusk|ability: Protosynthesis
|-start|p2a: Great Tusk|protosynthesisatk
|turn|24
|j| jsnsddk
|
|t:|1779701863
|switch|p1a: Clodsire|Clodsire, F|100/100
|-damage|p1a: Clodsire|94/100|[from] Stealth Rock
|move|p2a: Great Tusk|Headlong Rush|p1a: Clodsire
|-supereffective|p1a: Clodsire
|-damage|p1a: Clodsire|0 fnt
|-unboost|p2a: Great Tusk|def|1
|-unboost|p2a: Great Tusk|spd|1
|faint|p1a: Clodsire
|-damage|p2a: Great Tusk|12/100|[from] item: Life Orb
|
|-weather|SunnyDay|[upkeep]
|upkeep
|
|t:|1779701871
|switch|p1a: Dragapult|Dragapult, F|26/100
|turn|25
|
|t:|1779701875
|-end|p2a: Great Tusk|Protosynthesis|[silent]
|switch|p2a: Zamazenta|Zamazenta, shiny|100/100
|-damage|p2a: Zamazenta|94/100|[from] Stealth Rock
|-ability|p2a: Zamazenta|Dauntless Shield|boost
|-boost|p2a: Zamazenta|def|1
|move|p1a: Dragapult|Hex|p2a: Zamazenta
|-damage|p2a: Zamazenta|72/100
|
|-weather|none
|-heal|p2a: Zamazenta|78/100|[from] item: Leftovers
|upkeep
|turn|26
|
|t:|1779701885
|move|p1a: Dragapult|Will-O-Wisp|p2a: Zamazenta
|-status|p2a: Zamazenta|brn
|move|p2a: Zamazenta|Crunch|p1a: Dragapult
|-supereffective|p1a: Dragapult
|-damage|p1a: Dragapult|0 fnt
|faint|p1a: Dragapult
|
|-heal|p2a: Zamazenta|84/100 brn|[from] item: Leftovers
|-damage|p2a: Zamazenta|78/100 brn|[from] brn
|upkeep
|
|t:|1779701888
|switch|p1a: Primarina|Primarina, F|82/100
|-damage|p1a: Primarina|69/100|[from] Stealth Rock
|turn|27
|
|t:|1779701890
|move|p2a: Zamazenta|Body Press|p1a: Primarina
|-resisted|p1a: Primarina
|-damage|p1a: Primarina|57/100
|move|p1a: Primarina|Calm Mind|p1a: Primarina
|-boost|p1a: Primarina|spa|1
|-boost|p1a: Primarina|spd|1
|
|-heal|p2a: Zamazenta|84/100 brn|[from] item: Leftovers
|-heal|p1a: Primarina|63/100|[from] item: Leftovers
|-damage|p2a: Zamazenta|78/100 brn|[from] brn
|upkeep
|turn|28
|
|t:|1779701896
|move|p2a: Zamazenta|Body Press|p1a: Primarina
|-resisted|p1a: Primarina
|-damage|p1a: Primarina|51/100
|move|p1a: Primarina|Calm Mind|p1a: Primarina
|-boost|p1a: Primarina|spa|1
|-boost|p1a: Primarina|spd|1
|
|-heal|p2a: Zamazenta|84/100 brn|[from] item: Leftovers
|-heal|p1a: Primarina|57/100|[from] item: Leftovers
|-damage|p2a: Zamazenta|78/100 brn|[from] brn
|upkeep
|turn|29
|
|t:|1779701901
|move|p2a: Zamazenta|Body Press|p1a: Primarina
|-resisted|p1a: Primarina
|-damage|p1a: Primarina|45/100
|move|p1a: Primarina|Calm Mind|p1a: Primarina
|-boost|p1a: Primarina|spa|1
|-boost|p1a: Primarina|spd|1
|
|-heal|p2a: Zamazenta|84/100 brn|[from] item: Leftovers
|-heal|p1a: Primarina|51/100|[from] item: Leftovers
|-damage|p2a: Zamazenta|78/100 brn|[from] brn
|upkeep
|turn|30
|
|t:|1779701905
|move|p2a: Zamazenta|Body Press|p1a: Primarina
|-resisted|p1a: Primarina
|-damage|p1a: Primarina|40/100
|move|p1a: Primarina|Draining Kiss|p2a: Zamazenta
|-supereffective|p2a: Zamazenta
|-damage|p2a: Zamazenta|0 fnt
|-heal|p1a: Primarina|100/100|[from] drain|[of] p2a: Zamazenta
|faint|p2a: Zamazenta
|
|upkeep
|
|t:|1779701907
|switch|p2a: Great Tusk|Great Tusk, shiny, tera:Ground|12/100
|-damage|p2a: Great Tusk|5/100|[from] Stealth Rock
|turn|31
|
|t:|1779701910
|move|p2a: Great Tusk|Headlong Rush|p1a: Primarina
|-damage|p1a: Primarina|0 fnt
|-unboost|p2a: Great Tusk|def|1
|-unboost|p2a: Great Tusk|spd|1
|faint|p1a: Primarina
|-damage|p2a: Great Tusk|0 fnt|[from] item: Life Orb
|faint|p2a: Great Tusk
|-end|p2a: Great Tusk|Protosynthesis|[silent]
|
|win|stevstacks
|raw|m4 lema's rating: 1597 &rarr; <strong>1579</strong><br />(-18 for losing)
|raw|stevstacks's rating: 1639 &rarr; <strong>1657</strong><br />(+18 for winning)
|l|☆m4 lema
|player|p1|
|l|☆stevstacks
|player|p2|
|l| jsnsddk
|l| Tabata tyrogue
