|j|☆upgrade9
|j|☆Visegrad
|t:|1779649346
|gametype|singles
|player|p1|upgrade9|170|1421
|player|p2|Visegrad|fisherman-gen3|1377
|gen|9
|tier|[Gen 9] OU
|rated|
|rule|HP Percentage Mod: HP is shown in percentages
|rule|Endless Battle Clause: Forcing endless battles is banned
|rule|Species Clause: Limit one of each Pokémon
|rule|OHKO Clause: OHKO moves are banned
|rule|Evasion Items Clause: Evasion items are banned
|rule|Evasion Moves Clause: Evasion moves are banned
|rule|Evasion Abilities Clause: Evasion abilities are banned
|rule|Sleep Moves Clause: Sleep-inducing moves are banned
|clearpoke
|poke|p1|Sceptile, F|
|poke|p1|Enamorus, F|
|poke|p1|Cinderace, M|
|poke|p1|Dondozo, M|
|poke|p1|Iron Valiant|
|poke|p1|Dragapult, F|
|poke|p2|Clodsire, M|
|poke|p2|Garganacl, M|
|poke|p2|Dragapult, F|
|poke|p2|Iron Valiant|
|poke|p2|Corviknight, M|
|poke|p2|Skeledirge, F|
|teampreview
|inactive|Battle timer is ON: inactive players will automatically lose when time's up. (requested by Visegrad)
|
|t:|1779649357
|teamsize|p1|6
|teamsize|p2|6
|start
|switch|p1a: Dragapult|Dragapult, F|100/100
|switch|p2a: Garganacl|Garganacl, M, shiny|100/100
|turn|1
|
|t:|1779649375
|move|p1a: Dragapult|Draco Meteor|p2a: Garganacl
|-damage|p2a: Garganacl|41/100
|-unboost|p1a: Dragapult|spa|2
|move|p2a: Garganacl|Salt Cure|p1a: Dragapult
|-damage|p1a: Dragapult|83/100
|-start|p1a: Dragapult|Salt Cure
|
|-heal|p2a: Garganacl|47/100|[from] item: Leftovers
|-damage|p1a: Dragapult|70/100|[from] Salt Cure
|upkeep
|turn|2
|
|t:|1779649389
|switch|p1a: Isaiah Rashad|Sceptile, F|100/100
|move|p2a: Garganacl|Recover|p2a: Garganacl
|-heal|p2a: Garganacl|97/100
|
|-heal|p2a: Garganacl|100/100|[from] item: Leftovers
|upkeep
|turn|3
|
|t:|1779649399
|switch|p2a: Corviknight|Corviknight, M, shiny|100/100
|-ability|p2a: Corviknight|Pressure
|move|p1a: Isaiah Rashad|Swords Dance|p1a: Isaiah Rashad
|-boost|p1a: Isaiah Rashad|atk|2
|
|upkeep
|turn|4
|
|t:|1779649412
|move|p1a: Isaiah Rashad|Leaf Blade|p2a: Corviknight
|-resisted|p2a: Corviknight
|-damage|p2a: Corviknight|89/100
|-damage|p1a: Isaiah Rashad|84/100|[from] item: Rocky Helmet|[of] p2a: Corviknight
|move|p2a: Corviknight|Iron Defense|p2a: Corviknight
|-boost|p2a: Corviknight|def|2
|
|upkeep
|turn|5
|
|t:|1779649431
|switch|p1a: Dragapult|Dragapult, F|70/100
|move|p2a: Corviknight|Iron Defense|p2a: Corviknight
|-boost|p2a: Corviknight|def|2
|
|upkeep
|turn|6
|
|t:|1779649439
|move|p1a: Dragapult|Flamethrower|p2a: Corviknight
|-supereffective|p2a: Corviknight
|-damage|p2a: Corviknight|10/100
|move|p2a: Corviknight|U-turn|p1a: Dragapult
|-resisted|p1a: Dragapult
|-damage|p1a: Dragapult|60/100
|
|t:|1779649445
|switch|p2a: Garganacl|Garganacl, M, shiny|100/100|[from] U-turn
|
|upkeep
|turn|7
|
|t:|1779649452
|switch|p1a: Isaiah Rashad|Sceptile, F|84/100
|move|p2a: Garganacl|Stealth Rock|p1a: Isaiah Rashad
|-sidestart|p1: upgrade9|move: Stealth Rock
|
|upkeep
|turn|8
|
|t:|1779649471
|switch|p2a: Skeledirge|Skeledirge, F|100/100
|move|p1a: Isaiah Rashad|Swords Dance|p1a: Isaiah Rashad
|-boost|p1a: Isaiah Rashad|atk|2
|
|upkeep
|turn|9
|
|t:|1779649479
|move|p1a: Isaiah Rashad|Earthquake|p2a: Skeledirge
|-supereffective|p2a: Skeledirge
|-damage|p2a: Skeledirge|50/100
|move|p2a: Skeledirge|Will-O-Wisp|p1a: Isaiah Rashad
|-status|p1a: Isaiah Rashad|brn
|
|-damage|p1a: Isaiah Rashad|78/100 brn|[from] brn
|upkeep
|turn|10
|
|t:|1779649489
|move|p1a: Isaiah Rashad|Earthquake|p2a: Skeledirge
|-supereffective|p2a: Skeledirge
|-damage|p2a: Skeledirge|27/100
|move|p2a: Skeledirge|Slack Off|p2a: Skeledirge
|-heal|p2a: Skeledirge|77/100
|
|-damage|p1a: Isaiah Rashad|72/100 brn|[from] brn
|upkeep
|turn|11
|
|t:|1779649497
|switch|p1a: Haiku|Cinderace, M|100/100
|switch|p2a: Corviknight|Corviknight, M, shiny|10/100
|-ability|p2a: Corviknight|Pressure
|
|upkeep
|turn|12
|
|t:|1779649511
|move|p1a: Haiku|Court Change|p1a: Haiku
|-swapsideconditions
|-activate|p1a: Haiku|move: Court Change
|move|p2a: Corviknight|Iron Defense|p2a: Corviknight
|-boost|p2a: Corviknight|def|2
|
|upkeep
|turn|13
|
|t:|1779649518
|move|p1a: Haiku|Pyro Ball|p2a: Corviknight
|-supereffective|p2a: Corviknight
|-damage|p2a: Corviknight|0 fnt
|faint|p2a: Corviknight
|
|upkeep
|
|t:|1779649523
|switch|p2a: Garganacl|Garganacl, M, shiny|100/100
|-damage|p2a: Garganacl|88/100|[from] Stealth Rock
|turn|14
|
|t:|1779649530
|move|p1a: Haiku|Will-O-Wisp|p2a: Garganacl
|-immune|p2a: Garganacl|[from] ability: Purifying Salt
|move|p2a: Garganacl|Stealth Rock|p1a: Haiku
|-sidestart|p1: upgrade9|move: Stealth Rock
|
|-heal|p2a: Garganacl|94/100|[from] item: Leftovers
|upkeep
|turn|15
|
|t:|1779649537
|move|p1a: Haiku|U-turn|p2a: Garganacl
|-damage|p2a: Garganacl|82/100
|
|t:|1779649545
|switch|p1a: Isaiah Rashad|Sceptile, F|72/100 brn|[from] U-turn
|-damage|p1a: Isaiah Rashad|59/100 brn|[from] Stealth Rock
|move|p2a: Garganacl|Salt Cure|p1a: Isaiah Rashad
|-damage|p1a: Isaiah Rashad|38/100 brn
|-start|p1a: Isaiah Rashad|Salt Cure
|
|-heal|p2a: Garganacl|88/100|[from] item: Leftovers
|-damage|p1a: Isaiah Rashad|32/100 brn|[from] brn
|-damage|p1a: Isaiah Rashad|20/100 brn|[from] Salt Cure
|upkeep
|turn|16
|
|t:|1779649559
|switch|p2a: Skeledirge|Skeledirge, F|77/100
|move|p1a: Isaiah Rashad|Leaf Blade|p2a: Skeledirge
|-resisted|p2a: Skeledirge
|-damage|p2a: Skeledirge|69/100
|
|-damage|p1a: Isaiah Rashad|14/100 brn|[from] brn
|-damage|p1a: Isaiah Rashad|1/100 brn|[from] Salt Cure
|upkeep
|turn|17
|
|t:|1779649573
|switch|p1a: Appa|Dondozo, M, shiny|100/100
|-damage|p1a: Appa|88/100|[from] Stealth Rock
|move|p2a: Skeledirge|Torch Song|p1a: Appa
|-resisted|p1a: Appa
|-damage|p1a: Appa|72/100
|-boost|p2a: Skeledirge|spa|1
|
|upkeep
|turn|18
|
|t:|1779649582
|switch|p2a: Clodsire|Clodsire, M|100/100
|move|p1a: Appa|Liquidation|p2a: Clodsire
|-immune|p2a: Clodsire|[from] ability: Water Absorb
|
|upkeep
|turn|19
|
|t:|1779649595
|switch|p1a: Isaiah Rashad|Sceptile, F|1/100 brn
|-damage|p1a: Isaiah Rashad|0 fnt|[from] Stealth Rock
|faint|p1a: Isaiah Rashad
|move|p2a: Clodsire|Toxic|p1: Isaiah Rashad|[notarget]
|-fail|p2a: Clodsire
|
|upkeep
|
|t:|1779649618
|switch|p1a: NickiMinaj|Enamorus, F|100/100
|-damage|p1a: NickiMinaj|76/100|[from] Stealth Rock
|turn|20
|
|t:|1779649629
|move|p1a: NickiMinaj|Earth Power|p2a: Clodsire
|-supereffective|p2a: Clodsire
|-damage|p2a: Clodsire|66/100
|move|p2a: Clodsire|Toxic|p1a: NickiMinaj
|-status|p1a: NickiMinaj|tox
|
|-damage|p1a: NickiMinaj|69/100 tox|[from] psn
|upkeep
|turn|21
|
|t:|1779649641
|move|p1a: NickiMinaj|Earth Power|p2a: Clodsire
|-supereffective|p2a: Clodsire
|-damage|p2a: Clodsire|32/100
|move|p2a: Clodsire|Spikes|p1a: NickiMinaj
|-sidestart|p1: upgrade9|Spikes
|
|-damage|p1a: NickiMinaj|57/100 tox|[from] psn
|upkeep
|turn|22
|
|t:|1779649649
|move|p1a: NickiMinaj|Earth Power|p2a: Clodsire
|-supereffective|p2a: Clodsire
|-damage|p2a: Clodsire|0 fnt
|faint|p2a: Clodsire
|
|-damage|p1a: NickiMinaj|38/100 tox|[from] psn
|upkeep
|
|t:|1779649654
|switch|p2a: Dragapult|Dragapult, F, shiny|100/100
|turn|23
|
|t:|1779649657
|move|p2a: Dragapult|Hex|p1a: NickiMinaj
|-damage|p1a: NickiMinaj|0 fnt
|faint|p1a: NickiMinaj
|
|upkeep
|
|t:|1779649665
|switch|p1a: Iron Valiant|Iron Valiant|100/100
|-damage|p1a: Iron Valiant|94/100|[from] Stealth Rock
|-damage|p1a: Iron Valiant|82/100|[from] Spikes
|-enditem|p1a: Iron Valiant|Booster Energy
|-activate|p1a: Iron Valiant|ability: Quark Drive|[fromitem]
|-start|p1a: Iron Valiant|quarkdrivespe
|turn|24
|
|t:|1779649687
|switch|p2a: Garganacl|Garganacl, M, shiny|88/100
|-damage|p2a: Garganacl|76/100|[from] Stealth Rock
|move|p1a: Iron Valiant|Calm Mind|p1a: Iron Valiant
|-boost|p1a: Iron Valiant|spa|1
|-boost|p1a: Iron Valiant|spd|1
|
|-heal|p2a: Garganacl|82/100|[from] item: Leftovers
|upkeep
|turn|25
|
|t:|1779649696
|move|p1a: Iron Valiant|Moonblast|p2a: Garganacl
|-damage|p2a: Garganacl|34/100
|move|p2a: Garganacl|Salt Cure|p1a: Iron Valiant
|-resisted|p1a: Iron Valiant
|-damage|p1a: Iron Valiant|74/100
|-start|p1a: Iron Valiant|Salt Cure
|
|-heal|p2a: Garganacl|40/100|[from] item: Leftovers
|-damage|p1a: Iron Valiant|61/100|[from] Salt Cure
|upkeep
|turn|26
|
|t:|1779649706
|move|p1a: Iron Valiant|Calm Mind|p1a: Iron Valiant
|-boost|p1a: Iron Valiant|spa|1
|-boost|p1a: Iron Valiant|spd|1
|move|p2a: Garganacl|Salt Cure|p1a: Iron Valiant
|-resisted|p1a: Iron Valiant
|-damage|p1a: Iron Valiant|52/100
|
|-heal|p2a: Garganacl|46/100|[from] item: Leftovers
|-damage|p1a: Iron Valiant|40/100|[from] Salt Cure
|upkeep
|turn|27
|
|t:|1779649714
|move|p1a: Iron Valiant|Moonblast|p2a: Garganacl
|-damage|p2a: Garganacl|0 fnt
|faint|p2a: Garganacl
|
|-damage|p1a: Iron Valiant|27/100|[from] Salt Cure
|upkeep
|
|t:|1779649717
|switch|p2a: Skeledirge|Skeledirge, F|69/100
|turn|28
|
|t:|1779649729
|-terastallize|p1a: Iron Valiant|Electric
|-terastallize|p2a: Skeledirge|Fairy
|move|p1a: Iron Valiant|Thunderbolt|p2a: Skeledirge
|-damage|p2a: Skeledirge|34/100
|move|p2a: Skeledirge|Torch Song|p1a: Iron Valiant
|-damage|p1a: Iron Valiant|0 fnt
|-boost|p2a: Skeledirge|spa|1
|faint|p1a: Iron Valiant
|-end|p1a: Iron Valiant|Quark Drive|[silent]
|
|upkeep
|
|t:|1779649748
|switch|p1a: Haiku|Cinderace, M|100/100
|turn|29
|
|t:|1779649767
|move|p1a: Haiku|Pyro Ball|p2a: Skeledirge
|-damage|p2a: Skeledirge|0 fnt
|faint|p2a: Skeledirge
|
|upkeep
|
|t:|1779649778
|switch|p2a: Iron Valiant|Iron Valiant|100/100
|turn|30
|
|t:|1779649784
|move|p2a: Iron Valiant|Close Combat|p1a: Haiku
|-damage|p1a: Haiku|53/100
|-unboost|p2a: Iron Valiant|def|1
|-unboost|p2a: Iron Valiant|spd|1
|move|p1a: Haiku|Pyro Ball|p2a: Iron Valiant
|-damage|p2a: Iron Valiant|3/100
|
|upkeep
|turn|31
|
|t:|1779649795
|switch|p1a: Dragapult|Dragapult, F|60/100
|-damage|p1a: Dragapult|48/100|[from] Stealth Rock
|-damage|p1a: Dragapult|36/100|[from] Spikes
|move|p2a: Iron Valiant|Close Combat|p1a: Dragapult
|-immune|p1a: Dragapult
|
|upkeep
|turn|32
|
|t:|1779649804
|move|p1a: Dragapult|Shadow Ball|p2a: Iron Valiant
|-damage|p2a: Iron Valiant|0 fnt
|faint|p2a: Iron Valiant
|-end|p2a: Iron Valiant|Quark Drive|[silent]
|
|upkeep
|
|t:|1779649807
|switch|p2a: Dragapult|Dragapult, F, shiny|100/100
|turn|33
|
|t:|1779649810
|move|p2a: Dragapult|Dragon Darts|p1a: Dragapult
|-supereffective|p1a: Dragapult
|-damage|p1a: Dragapult|0 fnt
|faint|p1a: Dragapult
|
|upkeep
|
|t:|1779649816
|switch|p1a: Haiku|Cinderace, M|53/100
|turn|34
|
|t:|1779649822
|move|p2a: Dragapult|Dragon Darts|p1a: Haiku
|-damage|p1a: Haiku|34/100
|-anim|p2a: Dragapult|Dragon Darts|p1a: Haiku
|-damage|p1a: Haiku|16/100
|move|p1a: Haiku|Will-O-Wisp|p2a: Dragapult
|-status|p2a: Dragapult|brn
|
|-damage|p2a: Dragapult|95/100 brn|[from] brn
|upkeep
|turn|35
|
|t:|1779649832
|move|p2a: Dragapult|Hex|p1a: Haiku
|-damage|p1a: Haiku|0 fnt
|faint|p1a: Haiku
|
|-damage|p2a: Dragapult|89/100 brn|[from] brn
|upkeep
|
|t:|1779649837
|switch|p1a: Appa|Dondozo, M, shiny|72/100
|-damage|p1a: Appa|60/100|[from] Stealth Rock
|-damage|p1a: Appa|47/100|[from] Spikes
|turn|36
|
|t:|1779649842
|move|p2a: Dragapult|Will-O-Wisp|p1a: Appa
|-immune|p1a: Appa|[from] ability: Water Veil
|move|p1a: Appa|Outrage|p2a: Dragapult
|-supereffective|p2a: Dragapult
|-damage|p2a: Dragapult|0 fnt
|faint|p2a: Dragapult
|
|win|upgrade9
|raw|upgrade9's rating: 1421 &rarr; <strong>1438</strong><br />(+17 for winning)
|raw|Visegrad's rating: 1377 &rarr; <strong>1360</strong><br />(-17 for losing)
|l|☆Visegrad
|player|p2|
|l|☆upgrade9
|player|p1|
