|j|☆psylxr
|j|☆ur doggo
|t:|1779700905
|gametype|singles
|player|p1|psylxr|1|1647
|player|p2|ur doggo|2|1641
|gen|9
|tier|[Gen 9] OU
|rated|
|rule|HP Percentage Mod: HP is shown in percentages
|rule|Endless Battle Clause: Forcing endless battles is banned
|rule|Species Clause: Limit one of each Pokémon
|rule|OHKO Clause: OHKO moves are banned
|rule|Evasion Items Clause: Evasion items are banned
|rule|Evasion Moves Clause: Evasion moves are banned
|rule|Evasion Abilities Clause: Evasion abilities are banned
|rule|Sleep Moves Clause: Sleep-inducing moves are banned
|clearpoke
|poke|p1|Pelipper, M|
|poke|p1|Raging Bolt|
|poke|p1|Overqwil, M|
|poke|p1|Barraskewda, M|
|poke|p1|Iron Treads|
|poke|p1|Kingambit, M|
|poke|p2|Ninetales, M|
|poke|p2|Walking Wake|
|poke|p2|Great Tusk|
|poke|p2|Cresselia, F|
|poke|p2|Typhlosion-Hisui, M|
|poke|p2|Slither Wing|
|teampreview
|inactive|Battle timer is ON: inactive players will automatically lose when time's up. (requested by psylxr)
|
|t:|1779700928
|teamsize|p1|6
|teamsize|p2|6
|start
|switch|p1a: Flip Flop|Barraskewda, M|100/100
|switch|p2a: Jesus|Walking Wake|100/100
|turn|1
|
|t:|1779700944
|move|p1a: Flip Flop|Flip Turn|p2a: Jesus
|-resisted|p2a: Jesus
|-damage|p2a: Jesus|88/100
|
|t:|1779700955
|switch|p1a: Iron Belly|Iron Treads|100/100|[from] Flip Turn
|-enditem|p1a: Iron Belly|Booster Energy
|-activate|p1a: Iron Belly|ability: Quark Drive|[fromitem]
|-start|p1a: Iron Belly|quarkdrivespe
|move|p2a: Jesus|Hydro Steam|p1a: Iron Belly
|-supereffective|p1a: Iron Belly
|-damage|p1a: Iron Belly|0 fnt
|faint|p1a: Iron Belly
|-end|p1a: Iron Belly|Quark Drive|[silent]
|
|upkeep
|
|t:|1779700957
|switch|p1a: Gulp Gulp|Pelipper, M|100/100
|-weather|RainDance|[from] ability: Drizzle|[of] p1a: Gulp Gulp
|turn|2
|
|t:|1779700966
|move|p2a: Jesus|Draco Meteor|p1a: Gulp Gulp|[miss]
|-miss|p2a: Jesus|p1a: Gulp Gulp
|move|p1a: Gulp Gulp|U-turn|p2a: Jesus
|-damage|p2a: Jesus|77/100
|
|t:|1779700978
|switch|p1a: Raging Neck|Raging Bolt|100/100|[from] U-turn
|-enditem|p1a: Raging Neck|Booster Energy
|-activate|p1a: Raging Neck|ability: Protosynthesis|[fromitem]
|-start|p1a: Raging Neck|protosynthesisspa
|
|-weather|RainDance|[upkeep]
|upkeep
|turn|3
|j| bhybhdd
|
|t:|1779701000
|-terastallize|p1a: Raging Neck|Fairy
|move|p2a: Jesus|Draco Meteor|p1a: Raging Neck
|-immune|p1a: Raging Neck
|move|p1a: Raging Neck|Thunder|p2a: Jesus
|-damage|p2a: Jesus|0 fnt
|faint|p2a: Jesus
|-end|p2a: Jesus|Protosynthesis|[silent]
|
|-weather|RainDance|[upkeep]
|upkeep
|inactive|ur doggo has 120 seconds left.
|
|t:|1779701016
|switch|p2a: Slither Wing|Slither Wing|100/100
|turn|4
|
|t:|1779701030
|move|p2a: Slither Wing|U-turn|p1a: Raging Neck
|-resisted|p1a: Raging Neck
|-damage|p1a: Raging Neck|82/100
|
|t:|1779701037
|-end|p2a: Slither Wing|Protosynthesis|[silent]
|switch|p2a: Cresselia|Cresselia, F|100/100|[from] U-turn
|move|p1a: Raging Neck|Thunder|p2a: Cresselia
|-damage|p2a: Cresselia|54/100
|-enditem|p2a: Cresselia|Eject Button
|inactive|ur doggo has 120 seconds left.
|
|t:|1779701052
|switch|p2a: Ninetales|Ninetales, M|100/100
|-weather|SunnyDay|[from] ability: Drought|[of] p2a: Ninetales
|
|-weather|SunnyDay|[upkeep]
|upkeep
|turn|5
|
|t:|1779701062
|switch|p2a: Cresselia|Cresselia, F|54/100
|move|p1a: Raging Neck|Draco Meteor|p2a: Cresselia|[miss]
|-miss|p1a: Raging Neck|p2a: Cresselia
|
|-weather|SunnyDay|[upkeep]
|upkeep
|turn|6
|
|t:|1779701071
|move|p2a: Cresselia|Moonlight|p2a: Cresselia
|-heal|p2a: Cresselia|100/100
|move|p1a: Raging Neck|Draco Meteor|p2a: Cresselia
|-damage|p2a: Cresselia|41/100
|-unboost|p1a: Raging Neck|spa|2
|
|-weather|SunnyDay|[upkeep]
|upkeep
|turn|7
|l| bhybhdd
|
|t:|1779701073
|-end|p1a: Raging Neck|Protosynthesis|[silent]
|switch|p1a: Gulp Gulp|Pelipper, M|100/100
|-weather|RainDance|[from] ability: Drizzle|[of] p1a: Gulp Gulp
|move|p2a: Cresselia|Thunder Wave|p1a: Gulp Gulp|[miss]
|-miss|p2a: Cresselia|p1a: Gulp Gulp
|
|-weather|RainDance|[upkeep]
|upkeep
|turn|8
|
|t:|1779701080
|move|p2a: Cresselia|Moonlight|p2a: Cresselia
|-heal|p2a: Cresselia|66/100
|move|p1a: Gulp Gulp|Weather Ball|p2a: Cresselia
|-damage|p2a: Cresselia|40/100
|
|-weather|RainDance|[upkeep]
|upkeep
|turn|9
|
|t:|1779701084
|switch|p2a: Ninetales|Ninetales, M|100/100
|-weather|SunnyDay|[from] ability: Drought|[of] p2a: Ninetales
|move|p1a: Gulp Gulp|U-turn|p2a: Ninetales
|-resisted|p2a: Ninetales
|-damage|p2a: Ninetales|93/100
|
|t:|1779701088
|switch|p1a: Flip Flop|Barraskewda, M|100/100|[from] U-turn
|
|-weather|SunnyDay|[upkeep]
|upkeep
|turn|10
|
|t:|1779701094
|move|p1a: Flip Flop|Flip Turn|p2a: Ninetales
|-supereffective|p2a: Ninetales
|-damage|p2a: Ninetales|14/100
|
|t:|1779701097
|switch|p1a: Gulp Gulp|Pelipper, M|100/100|[from] Flip Turn
|-weather|RainDance|[from] ability: Drizzle|[of] p1a: Gulp Gulp
|move|p2a: Ninetales|Will-O-Wisp|p1a: Gulp Gulp
|-status|p1a: Gulp Gulp|brn
|
|-weather|RainDance|[upkeep]
|-damage|p1a: Gulp Gulp|94/100 brn|[from] brn
|upkeep
|turn|11
|
|t:|1779701106
|switch|p2a: Slither Wing|Slither Wing|100/100
|move|p1a: Gulp Gulp|U-turn|p2a: Slither Wing
|-resisted|p2a: Slither Wing
|-damage|p2a: Slither Wing|98/100
|
|t:|1779701124
|switch|p1a: Raging Neck|Raging Bolt, tera:Fairy|82/100|[from] U-turn
|
|-weather|RainDance|[upkeep]
|upkeep
|turn|12
|
|t:|1779701128
|move|p1a: Raging Neck|Thunder|p2a: Slither Wing
|-damage|p2a: Slither Wing|58/100
|-status|p2a: Slither Wing|par
|move|p2a: Slither Wing|U-turn|p1a: Raging Neck
|-resisted|p1a: Raging Neck
|-damage|p1a: Raging Neck|63/100
|j| Tabata tyrogue
|
|t:|1779701138
|-end|p2a: Slither Wing|Protosynthesis|[silent]
|switch|p2a: Cresselia|Cresselia, F|40/100|[from] U-turn
|
|-weather|RainDance|[upkeep]
|upkeep
|turn|13
|
|t:|1779701144
|move|p2a: Cresselia|Moonlight|p2a: Cresselia
|-heal|p2a: Cresselia|65/100
|move|p1a: Raging Neck|Thunder|p2a: Cresselia
|-damage|p2a: Cresselia|29/100
|
|-weather|RainDance|[upkeep]
|upkeep
|turn|14
|
|t:|1779701149
|move|p2a: Cresselia|Thunder Wave|p1a: Raging Neck
|-status|p1a: Raging Neck|par
|move|p1a: Raging Neck|Thunder|p2a: Cresselia
|-damage|p2a: Cresselia|0 fnt
|faint|p2a: Cresselia
|
|-weather|RainDance|[upkeep]
|upkeep
|
|t:|1779701160
|switch|p2a: Ninetales|Ninetales, M|14/100
|-weather|SunnyDay|[from] ability: Drought|[of] p2a: Ninetales
|-activate|p1a: Raging Neck|ability: Protosynthesis
|-start|p1a: Raging Neck|protosynthesisspa
|turn|15
|
|t:|1779701170
|-end|p1a: Raging Neck|Protosynthesis|[silent]
|switch|p1a: Gulp Gulp|Pelipper, M|94/100 brn
|-weather|RainDance|[from] ability: Drizzle|[of] p1a: Gulp Gulp
|move|p2a: Ninetales|Overheat|p1a: Gulp Gulp
|-resisted|p1a: Gulp Gulp
|-damage|p1a: Gulp Gulp|76/100 brn
|-unboost|p2a: Ninetales|spa|2
|
|-weather|RainDance|[upkeep]
|-damage|p1a: Gulp Gulp|70/100 brn|[from] brn
|upkeep
|turn|16
|-message|ur doggo forfeited.
|
|win|psylxr
|raw|psylxr's rating: 1647 &rarr; <strong>1667</strong><br />(+20 for winning)
|raw|ur doggo's rating: 1641 &rarr; <strong>1621</strong><br />(-20 for losing)
|l|☆ur doggo
|player|p2|
|l|☆psylxr
|player|p1|
|l| Tabata tyrogue
