|j|‽Nesugosu
|j|☆buftle
|t:|1779558265
|gametype|singles
|player|p1|Nesugosu|pokemonbreeder-gen4|1205
|player|p2|buftle|swimmer-gen4dp|1238
|gen|9
|tier|[Gen 9] OU
|rated|
|rule|HP Percentage Mod: HP is shown in percentages
|rule|Endless Battle Clause: Forcing endless battles is banned
|rule|Species Clause: Limit one of each Pokémon
|rule|OHKO Clause: OHKO moves are banned
|rule|Evasion Items Clause: Evasion items are banned
|rule|Evasion Moves Clause: Evasion moves are banned
|rule|Evasion Abilities Clause: Evasion abilities are banned
|rule|Sleep Moves Clause: Sleep-inducing moves are banned
|clearpoke
|poke|p1|Lokix, F|
|poke|p1|Alomomola, F|
|poke|p1|Hydrapple, M|
|poke|p1|Cryogonal|
|poke|p1|Arbok, F|
|poke|p1|Arcanine-Hisui, F|
|poke|p2|Dragapult, M|
|poke|p2|Gliscor, M|
|poke|p2|Ogerpon-Wellspring, F|
|poke|p2|Iron Crown|
|poke|p2|Ting-Lu|
|poke|p2|Kingambit, M|
|teampreview
|
|t:|1779558270
|teamsize|p1|6
|teamsize|p2|6
|start
|switch|p1a: Lokix|Lokix, F|100/100
|switch|p2a: Gliscor|Gliscor, M|100/100
|turn|1
|inactive|Battle timer is ON: inactive players will automatically lose when time's up. (requested by Nesugosu)
|
|t:|1779558292
|switch|p1a: Alomomola|Alomomola, F|100/100
|move|p2a: Gliscor|Protect||[still]
|-fail|p2a: Gliscor
|
|-status|p2a: Gliscor|tox|[from] item: Toxic Orb
|upkeep
|turn|2
|
|t:|1779558301
|move|p2a: Gliscor|Toxic|p1a: Alomomola
|-status|p1a: Alomomola|tox
|move|p1a: Alomomola|Wish|p1a: Alomomola
|
|-damage|p1a: Alomomola|94/100 tox|[from] psn
|upkeep
|turn|3
|
|t:|1779558309
|switch|p1a: Cryogonal|Cryogonal|100/100
|move|p2a: Gliscor|Toxic Spikes|p1a: Cryogonal
|-sidestart|p1: Nesugosu|move: Toxic Spikes
|
|upkeep
|turn|4
|
|t:|1779558321
|move|p2a: Gliscor|Protect|p2a: Gliscor
|-singleturn|p2a: Gliscor|Protect
|move|p1a: Cryogonal|Freeze-Dry|p2a: Gliscor
|-activate|p2a: Gliscor|move: Protect
|
|upkeep
|turn|5
|
|t:|1779558334
|switch|p2a: Iron Crown|Iron Crown|100/100
|-enditem|p2a: Iron Crown|Booster Energy
|-activate|p2a: Iron Crown|ability: Quark Drive|[fromitem]
|-start|p2a: Iron Crown|quarkdrivespe
|move|p1a: Cryogonal|Rapid Spin|p2a: Iron Crown
|-resisted|p2a: Iron Crown
|-damage|p2a: Iron Crown|97/100
|-boost|p1a: Cryogonal|spe|1
|-sideend|p1: Nesugosu|Toxic Spikes|[from] move: Rapid Spin|[of] p1a: Cryogonal
|
|upkeep
|turn|6
|
|t:|1779558350
|switch|p1a: Alomomola|Alomomola, F|100/100 tox
|move|p2a: Iron Crown|Calm Mind|p2a: Iron Crown
|-boost|p2a: Iron Crown|spa|1
|-boost|p2a: Iron Crown|spd|1
|
|-damage|p1a: Alomomola|94/100 tox|[from] psn
|upkeep
|turn|7
|
|t:|1779558359
|move|p2a: Iron Crown|Psychic|p1a: Alomomola
|-damage|p1a: Alomomola|15/100 tox
|move|p1a: Alomomola|Flip Turn|p2a: Iron Crown
|-damage|p2a: Iron Crown|81/100
|
|t:|1779558365
|switch|p1a: Lokix|Lokix, F|100/100|[from] Flip Turn
|
|upkeep
|turn|8
|
|t:|1779558370
|-terastallize|p2a: Iron Crown|Fighting
|move|p2a: Iron Crown|Tachyon Cutter|p1a: Lokix
|-damage|p1a: Lokix|31/100
|-damage|p1a: Lokix|0 fnt
|faint|p1a: Lokix
|-hitcount|p1: Lokix|2
|
|upkeep
|
|t:|1779558381
|switch|p1a: Arbok|Arbok, F|100/100
|-ability|p1a: Arbok|Intimidate|boost
|-unboost|p2a: Iron Crown|atk|1
|turn|9
|
|t:|1779558389
|-terastallize|p1a: Arbok|Dragon
|move|p2a: Iron Crown|Psychic|p1a: Arbok
|-damage|p1a: Arbok|13/100
|-unboost|p1a: Arbok|spd|1
|-enditem|p1a: Arbok|Sitrus Berry|[eat]
|-heal|p1a: Arbok|38/100|[from] item: Sitrus Berry
|move|p1a: Arbok|Coil|p1a: Arbok
|-boost|p1a: Arbok|atk|1
|-boost|p1a: Arbok|def|1
|-boost|p1a: Arbok|accuracy|1
|
|upkeep
|turn|10
|
|t:|1779558402
|move|p2a: Iron Crown|Psychic|p1a: Arbok
|-damage|p1a: Arbok|0 fnt
|faint|p1a: Arbok
|
|upkeep
|
|t:|1779558411
|switch|p1a: Hydrapple|Hydrapple, M|100/100
|turn|11
|
|t:|1779558418
|move|p2a: Iron Crown|Tachyon Cutter|p1a: Hydrapple
|-damage|p1a: Hydrapple|67/100
|-damage|p1a: Hydrapple|32/100
|-hitcount|p1a: Hydrapple|2
|move|p1a: Hydrapple|Draco Meteor|p2a: Iron Crown
|-damage|p2a: Iron Crown|36/100
|-unboost|p1a: Hydrapple|spa|2
|-enditem|p1a: Hydrapple|Eject Pack
|
|t:|1779558427
|switch|p1a: Arcanine|Arcanine-Hisui, F|100/100
|
|upkeep
|turn|12
|
|t:|1779558435
|move|p1a: Arcanine|Extreme Speed|p2a: Iron Crown
|-damage|p2a: Iron Crown|12/100
|move|p2a: Iron Crown|Focus Blast|p1a: Arcanine|[miss]
|-miss|p2a: Iron Crown|p1a: Arcanine
|
|upkeep
|turn|13
|
|t:|1779558442
|-end|p2a: Iron Crown|Quark Drive|[silent]
|switch|p2a: Dragapult|Dragapult, M|100/100
|move|p1a: Arcanine|Extreme Speed|p2a: Dragapult
|-immune|p2a: Dragapult
|
|upkeep
|turn|14
|
|t:|1779558450
|switch|p1a: Alomomola|Alomomola, F|48/100 tox
|move|p2a: Dragapult|U-turn|p1a: Alomomola
|-damage|p1a: Alomomola|38/100 tox
|
|t:|1779558452
|switch|p2a: Iron Crown|Iron Crown, tera:Fighting|12/100|[from] U-turn
|
|-damage|p1a: Alomomola|32/100 tox|[from] psn
|upkeep
|turn|15
|
|t:|1779558461
|move|p2a: Iron Crown|Psychic|p1a: Alomomola
|-damage|p1a: Alomomola|0 fnt
|faint|p1a: Alomomola
|
|upkeep
|
|t:|1779558468
|switch|p1a: Arcanine|Arcanine-Hisui, F|100/100
|turn|16
|
|t:|1779558473
|move|p2a: Iron Crown|Tachyon Cutter|p1a: Arcanine
|-damage|p1a: Arcanine|81/100
|-damage|p1a: Arcanine|60/100
|-hitcount|p1a: Arcanine|2
|move|p1a: Arcanine|Head Smash|p2a: Iron Crown
|-resisted|p2a: Iron Crown
|-damage|p2a: Iron Crown|0 fnt
|faint|p2a: Iron Crown
|-end|p2a: Iron Crown|Quark Drive|[silent]
|
|upkeep
|
|t:|1779558477
|switch|p2a: Ogerpon|Ogerpon-Wellspring, F|100/100
|turn|17
|
|t:|1779558487
|move|p2a: Ogerpon|Ivy Cudgel|p1a: Arcanine|[anim] Ivy Cudgel Water
|-supereffective|p1a: Arcanine
|-damage|p1a: Arcanine|0 fnt
|faint|p1a: Arcanine
|
|upkeep
|
|t:|1779558493
|switch|p1a: Cryogonal|Cryogonal|100/100
|turn|18
|
|t:|1779558498
|switch|p2a: Kingambit|Kingambit, M|100/100
|-activate|p2a: Kingambit|ability: Supreme Overlord
|-start|p2a: Kingambit|fallen1|[silent]
|-item|p2a: Kingambit|Air Balloon
|move|p1a: Cryogonal|Freeze-Dry|p2a: Kingambit
|-resisted|p2a: Kingambit
|-damage|p2a: Kingambit|83/100
|-enditem|p2a: Kingambit|Air Balloon
|
|upkeep
|turn|19
|
|t:|1779558509
|switch|p1a: Hydrapple|Hydrapple, M|66/100
|move|p2a: Kingambit|Low Kick|p1a: Hydrapple
|-damage|p1a: Hydrapple|40/100
|
|upkeep
|turn|20
|
|t:|1779558515
|move|p2a: Kingambit|Swords Dance|p2a: Kingambit
|-boost|p2a: Kingambit|atk|2
|move|p1a: Hydrapple|Earth Power|p2a: Kingambit
|-supereffective|p2a: Kingambit
|-damage|p2a: Kingambit|10/100
|
|upkeep
|turn|21
|-message|Nesugosu forfeited.
|
|win|buftle
|raw|Nesugosu's rating: 1205 &rarr; <strong>1182</strong><br />(-23 for losing)
|raw|buftle's rating: 1238 &rarr; <strong>1261</strong><br />(+23 for winning)
|l|‽Nesugosu
|player|p1|
|l|☆buftle
|player|p2|
