|j|☆erjuanzas
|j|☆drstone420
|t:|1779721537
|gametype|singles
|player|p1|erjuanzas|linebacker|1403
|player|p2|drstone420|lucas|1417
|gen|9
|tier|[Gen 9] OU
|rated|
|rule|HP Percentage Mod: HP is shown in percentages
|rule|Endless Battle Clause: Forcing endless battles is banned
|rule|Species Clause: Limit one of each Pokémon
|rule|OHKO Clause: OHKO moves are banned
|rule|Evasion Items Clause: Evasion items are banned
|rule|Evasion Moves Clause: Evasion moves are banned
|rule|Evasion Abilities Clause: Evasion abilities are banned
|rule|Sleep Moves Clause: Sleep-inducing moves are banned
|clearpoke
|poke|p1|Pelipper, M|
|poke|p1|Ludicolo, M|
|poke|p1|Iron Treads|
|poke|p1|Landorus-Therian, M|
|poke|p1|Barraskewda, M|
|poke|p1|Basculegion-F, F|
|poke|p2|Dragonite, F|
|poke|p2|Serperior, M|
|poke|p2|Tyranitar, F|
|poke|p2|Excadrill, M|
|poke|p2|Skeledirge, F|
|poke|p2|Zapdos|
|teampreview
|inactive|Battle timer is ON: inactive players will automatically lose when time's up. (requested by erjuanzas)
|
|t:|1779721544
|teamsize|p1|6
|teamsize|p2|6
|start
|switch|p1a: La cabra|Barraskewda, M|100/100
|switch|p2a: Serperior|Serperior, M, shiny|100/100
|turn|1
|
|t:|1779721551
|-terastallize|p1a: La cabra|Water
|move|p1a: La cabra|Flip Turn|p2a: Serperior
|-resisted|p2a: Serperior
|-damage|p2a: Serperior|61/100
|
|t:|1779721556
|switch|p1a: Chanao|Iron Treads, shiny|100/100|[from] Flip Turn
|move|p2a: Serperior|Glare|p1a: Chanao
|-status|p1a: Chanao|par
|
|-heal|p2a: Serperior|67/100|[from] item: Leftovers
|upkeep
|turn|2
|
|t:|1779721562
|move|p2a: Serperior|Leech Seed|p1a: Chanao
|-start|p1a: Chanao|move: Leech Seed
|cant|p1a: Chanao|par
|
|-heal|p2a: Serperior|73/100|[from] item: Leftovers
|-damage|p1a: Chanao|88/100 par|[from] Leech Seed|[of] p2a: Serperior
|-heal|p2a: Serperior|90/100|[silent]
|upkeep
|turn|3
|
|t:|1779721572
|-end|p1a: Chanao|Quark Drive|[silent]
|switch|p1a: La cabra|Barraskewda, M, tera:Water|100/100
|move|p2a: Serperior|Substitute|p2a: Serperior
|-start|p2a: Serperior|Substitute
|-damage|p2a: Serperior|65/100
|
|-heal|p2a: Serperior|71/100|[from] item: Leftovers
|upkeep
|turn|4
|
|t:|1779721575
|move|p1a: La cabra|Flip Turn|p2a: Serperior
|-resisted|p2a: Serperior
|-end|p2a: Serperior|Substitute
|
|t:|1779721578
|switch|p1a: Chanao|Iron Treads, shiny|88/100 par|[from] Flip Turn
|move|p2a: Serperior|Glare|p1a: Chanao
|-fail|p1a: Chanao|par
|
|-heal|p2a: Serperior|77/100|[from] item: Leftovers
|upkeep
|turn|5
|
|t:|1779721583
|move|p2a: Serperior|Leaf Storm|p1a: Chanao
|-damage|p1a: Chanao|62/100 par
|-boost|p2a: Serperior|spa|2
|move|p1a: Chanao|Volt Switch|p2a: Serperior
|-resisted|p2a: Serperior
|-damage|p2a: Serperior|70/100
|
|t:|1779721589
|-end|p1a: Chanao|Quark Drive|[silent]
|switch|p1a: La cabra|Barraskewda, M, tera:Water|100/100|[from] Volt Switch
|
|-heal|p2a: Serperior|76/100|[from] item: Leftovers
|upkeep
|turn|6
|
|t:|1779721596
|move|p1a: La cabra|Close Combat|p2a: Serperior
|-damage|p2a: Serperior|0 fnt
|-unboost|p1a: La cabra|def|1
|-unboost|p1a: La cabra|spd|1
|faint|p2a: Serperior
|
|upkeep
|
|t:|1779721602
|switch|p2a: Skeledirge|Skeledirge, F|100/100
|turn|7
|
|t:|1779721609
|switch|p1a: Pelipas|Pelipper, M, shiny|100/100
|-weather|RainDance|[from] ability: Drizzle|[of] p1a: Pelipas
|move|p2a: Skeledirge|Will-O-Wisp|p1a: Pelipas|[miss]
|-miss|p2a: Skeledirge|p1a: Pelipas
|
|-weather|RainDance|[upkeep]
|upkeep
|turn|8
|
|t:|1779721612
|switch|p2a: Tyranitar|Tyranitar, F, shiny|100/100
|-weather|Sandstorm|[from] ability: Sand Stream|[of] p2a: Tyranitar
|move|p1a: Pelipas|U-turn|p2a: Tyranitar
|-supereffective|p2a: Tyranitar
|-damage|p2a: Tyranitar|85/100
|
|t:|1779721615
|switch|p1a: La cabra|Barraskewda, M, tera:Water|100/100|[from] U-turn
|
|-weather|Sandstorm|[upkeep]
|-damage|p1a: La cabra|94/100|[from] Sandstorm
|-heal|p2a: Tyranitar|91/100|[from] item: Leftovers
|upkeep
|turn|9
|
|t:|1779721621
|switch|p2a: Skeledirge|Skeledirge, F|100/100
|move|p1a: La cabra|Flip Turn|p2a: Skeledirge
|-supereffective|p2a: Skeledirge
|-damage|p2a: Skeledirge|20/100
|
|t:|1779721626
|switch|p1a: Pelipas|Pelipper, M, shiny|100/100|[from] Flip Turn
|-weather|RainDance|[from] ability: Drizzle|[of] p1a: Pelipas
|
|-weather|RainDance|[upkeep]
|upkeep
|turn|10
|
|t:|1779721630
|switch|p2a: Tyranitar|Tyranitar, F, shiny|91/100
|-weather|Sandstorm|[from] ability: Sand Stream|[of] p2a: Tyranitar
|move|p1a: Pelipas|U-turn|p2a: Tyranitar
|-supereffective|p2a: Tyranitar
|-damage|p2a: Tyranitar|76/100
|
|t:|1779721632
|switch|p1a: La cabra|Barraskewda, M, tera:Water|94/100|[from] U-turn
|
|-weather|Sandstorm|[upkeep]
|-damage|p1a: La cabra|88/100|[from] Sandstorm
|-heal|p2a: Tyranitar|83/100|[from] item: Leftovers
|upkeep
|turn|11
|
|t:|1779721636
|-terastallize|p2a: Tyranitar|Flying
|move|p1a: La cabra|Flip Turn|p2a: Tyranitar
|-damage|p2a: Tyranitar|28/100
|
|t:|1779721640
|switch|p1a: Pelipas|Pelipper, M, shiny|100/100|[from] Flip Turn
|-weather|RainDance|[from] ability: Drizzle|[of] p1a: Pelipas
|move|p2a: Tyranitar|Thunder Wave|p1a: Pelipas
|-status|p1a: Pelipas|par
|
|-weather|RainDance|[upkeep]
|-heal|p2a: Tyranitar|34/100|[from] item: Leftovers
|upkeep
|turn|12
|
|t:|1779721646
|move|p2a: Tyranitar|Stone Edge|p1a: Pelipas|[miss]
|-miss|p2a: Tyranitar|p1a: Pelipas
|move|p1a: Pelipas|U-turn|p2a: Tyranitar
|-resisted|p2a: Tyranitar
|-damage|p2a: Tyranitar|30/100
|
|t:|1779721651
|switch|p1a: La cabra|Barraskewda, M, tera:Water|88/100|[from] U-turn
|
|-weather|RainDance|[upkeep]
|-heal|p2a: Tyranitar|36/100|[from] item: Leftovers
|upkeep
|turn|13
|
|t:|1779721657
|move|p1a: La cabra|Flip Turn|p2a: Tyranitar
|-crit|p2a: Tyranitar
|-damage|p2a: Tyranitar|0 fnt
|faint|p2a: Tyranitar
|c|☆erjuanzas|gg
|
|t:|1779721661
|switch|p1a: Loco|Ludicolo, M, shiny|100/100|[from] Flip Turn
|
|-weather|RainDance|[upkeep]
|upkeep
|-message|drstone420 forfeited.
|
|win|erjuanzas
|raw|erjuanzas's rating: 1403 &rarr; <strong>1424</strong><br />(+21 for winning)
|raw|drstone420's rating: 1417 &rarr; <strong>1396</strong><br />(-21 for losing)
|l|☆drstone420
|player|p2|
|l|☆erjuanzas
|player|p1|
