|j|☆claudechamp
|j|☆lambKitten
|t:|1779724716
|gametype|singles
|player|p1|claudechamp|265|1224
|player|p2|lambKitten|266|1268
|gen|9
|tier|[Gen 9] OU
|rated|
|rule|HP Percentage Mod: HP is shown in percentages
|rule|Endless Battle Clause: Forcing endless battles is banned
|rule|Species Clause: Limit one of each Pokémon
|rule|OHKO Clause: OHKO moves are banned
|rule|Evasion Items Clause: Evasion items are banned
|rule|Evasion Moves Clause: Evasion moves are banned
|rule|Evasion Abilities Clause: Evasion abilities are banned
|rule|Sleep Moves Clause: Sleep-inducing moves are banned
|clearpoke
|poke|p1|Gliscor, M|
|poke|p1|Ogerpon, F|
|poke|p1|Walking Wake|
|poke|p1|Blissey, F|
|poke|p1|Corviknight, F|
|poke|p1|Pecharunt|
|poke|p2|Barraskewda, F|
|poke|p2|Pelipper, M|
|poke|p2|Iron Treads|
|poke|p2|Samurott-Hisui, M|
|poke|p2|Ogerpon-Wellspring, F|
|poke|p2|Raging Bolt|
|teampreview
|c|☆claudechamp|hf
|inactive|Battle timer is ON: inactive players will automatically lose when time's up. (requested by claudechamp)
|
|t:|1779724731
|teamsize|p1|6
|teamsize|p2|6
|start
|switch|p1a: Gliscor|Gliscor, M|100/100
|switch|p2a: Pelipper|Pelipper, M|100/100
|-weather|RainDance|[from] ability: Drizzle|[of] p2a: Pelipper
|turn|1
|
|t:|1779724737
|switch|p1a: Pecharunt|Pecharunt|100/100
|move|p2a: Pelipper|Weather Ball|p1a: Pecharunt
|-crit|p1a: Pecharunt
|-damage|p1a: Pecharunt|25/100
|
|-weather|RainDance|[upkeep]
|upkeep
|turn|2
|
|t:|1779724745
|move|p1a: Pecharunt|Recover|p1a: Pecharunt
|-heal|p1a: Pecharunt|75/100
|move|p2a: Pelipper|U-turn|p1a: Pecharunt
|-resisted|p1a: Pecharunt
|-damage|p1a: Pecharunt|74/100
|
|t:|1779724756
|switch|p2a: Samurott|Samurott-Hisui, M|100/100|[from] U-turn
|
|-weather|RainDance|[upkeep]
|upkeep
|turn|3
|
|t:|1779724762
|move|p2a: Samurott|Knock Off|p1a: Pecharunt
|-supereffective|p1a: Pecharunt
|-damage|p1a: Pecharunt|28/100
|-enditem|p1a: Pecharunt|Heavy-Duty Boots|[from] move: Knock Off|[of] p2a: Samurott
|move|p1a: Pecharunt|Malignant Chain|p2a: Samurott
|-damage|p2a: Samurott|67/100
|-status|p2a: Samurott|tox
|-start|p2a: Samurott|confusion|[from] ability: Poison Puppeteer|[of] p1a: Pecharunt
|
|-weather|RainDance|[upkeep]
|-damage|p2a: Samurott|61/100 tox|[from] psn
|upkeep
|turn|4
|
|t:|1779724768
|-activate|p2a: Samurott|confusion
|move|p2a: Samurott|Ceaseless Edge|p1a: Pecharunt
|-supereffective|p1a: Pecharunt
|-damage|p1a: Pecharunt|0 fnt
|-sidestart|p1: claudechamp|Spikes
|faint|p1a: Pecharunt
|
|-weather|RainDance|[upkeep]
|-damage|p2a: Samurott|49/100 tox|[from] psn
|upkeep
|
|t:|1779724770
|switch|p1a: Ogerpon|Ogerpon, F|100/100
|turn|5
|
|t:|1779724780
|-end|p2a: Samurott|confusion
|move|p2a: Samurott|Sucker Punch|p1a: Ogerpon
|-damage|p1a: Ogerpon|58/100
|move|p1a: Ogerpon|Ivy Cudgel|p2a: Samurott
|-supereffective|p2a: Samurott
|-damage|p2a: Samurott|0 fnt
|faint|p2a: Samurott
|
|-weather|RainDance|[upkeep]
|upkeep
|
|t:|1779724790
|switch|p2a: Barraskewda|Barraskewda, F|100/100
|turn|6
|
|t:|1779724796
|move|p2a: Barraskewda|Ice Fang|p1a: Ogerpon
|-supereffective|p1a: Ogerpon
|-damage|p1a: Ogerpon|0 fnt
|faint|p1a: Ogerpon
|
|-weather|RainDance|[upkeep]
|upkeep
|
|t:|1779724798
|switch|p1a: Walking Wake|Walking Wake|100/100
|turn|7
|
|t:|1779724810
|switch|p2a: Iron Treads|Iron Treads|100/100
|move|p1a: Walking Wake|Draco Meteor|p2a: Iron Treads
|-resisted|p2a: Iron Treads
|-damage|p2a: Iron Treads|56/100
|-unboost|p1a: Walking Wake|spa|2
|
|-weather|RainDance|[upkeep]
|-heal|p2a: Iron Treads|62/100|[from] item: Leftovers
|upkeep
|turn|8
|
|t:|1779724817
|move|p1a: Walking Wake|Surf|p2a: Iron Treads
|-supereffective|p2a: Iron Treads
|-damage|p2a: Iron Treads|0 fnt
|faint|p2a: Iron Treads
|-end|p2a: Iron Treads|Quark Drive|[silent]
|
|-weather|none
|upkeep
|
|t:|1779724827
|switch|p2a: Raging Bolt|Raging Bolt|100/100
|turn|9
|
|t:|1779724831
|-end|p1a: Walking Wake|Protosynthesis|[silent]
|switch|p1a: Blissey|Blissey, F|100/100
|move|p2a: Raging Bolt|Dragon Pulse|p1a: Blissey
|-damage|p1a: Blissey|86/100
|
|upkeep
|turn|10
|
|t:|1779724838
|-end|p2a: Raging Bolt|Protosynthesis|[silent]
|switch|p2a: Pelipper|Pelipper, M|100/100
|-weather|RainDance|[from] ability: Drizzle|[of] p2a: Pelipper
|move|p1a: Blissey|Stealth Rock|p2a: Pelipper
|-sidestart|p2: lambKitten|move: Stealth Rock
|
|-weather|RainDance|[upkeep]
|upkeep
|turn|11
|
|t:|1779724846
|move|p2a: Pelipper|Hurricane|p1a: Blissey
|-damage|p1a: Blissey|74/100
|move|p1a: Blissey|Calm Mind|p1a: Blissey
|-boost|p1a: Blissey|spa|1
|-boost|p1a: Blissey|spd|1
|
|-weather|RainDance|[upkeep]
|upkeep
|turn|12
|
|t:|1779724849
|move|p2a: Pelipper|U-turn|p1a: Blissey
|-damage|p1a: Blissey|64/100
|
|t:|1779724852
|switch|p2a: Ogerpon|Ogerpon-Wellspring, F|100/100|[from] U-turn
|-damage|p2a: Ogerpon|88/100|[from] Stealth Rock
|move|p1a: Blissey|Seismic Toss|p2a: Ogerpon
|-damage|p2a: Ogerpon|55/100
|
|-weather|RainDance|[upkeep]
|upkeep
|turn|13
|
|t:|1779724857
|-terastallize|p2a: Ogerpon|Water
|detailschange|p2a: Ogerpon|Ogerpon-Wellspring-Tera, F, tera:Water
|-ability|p2a: Ogerpon|Embody Aspect (Wellspring)|boost
|-boost|p2a: Ogerpon|spd|1
|move|p2a: Ogerpon|Ivy Cudgel|p1a: Blissey|[anim] Ivy Cudgel Water
|-damage|p1a: Blissey|0 fnt
|faint|p1a: Blissey
|
|-weather|RainDance|[upkeep]
|upkeep
|
|t:|1779724859
|switch|p1a: Walking Wake|Walking Wake|100/100
|turn|14
|
|t:|1779724871
|move|p2a: Ogerpon|Play Rough|p1a: Walking Wake
|-supereffective|p1a: Walking Wake
|-damage|p1a: Walking Wake|29/100
|move|p1a: Walking Wake|Draco Meteor|p2a: Ogerpon
|-damage|p2a: Ogerpon|3/100
|-unboost|p1a: Walking Wake|spa|2
|
|-weather|RainDance|[upkeep]
|upkeep
|turn|15
|
|t:|1779724885
|move|p2a: Ogerpon|Play Rough|p1a: Walking Wake
|-supereffective|p1a: Walking Wake
|-damage|p1a: Walking Wake|0 fnt
|faint|p1a: Walking Wake
|-end|p1a: Walking Wake|Protosynthesis|[silent]
|
|-weather|RainDance|[upkeep]
|upkeep
|
|t:|1779724888
|switch|p1a: Corviknight|Corviknight, F|100/100
|-ability|p1a: Corviknight|Pressure
|turn|16
|
|t:|1779724893
|move|p2a: Ogerpon|Ivy Cudgel|p1a: Corviknight|[anim] Ivy Cudgel Water
|-damage|p1a: Corviknight|30/100
|move|p1a: Corviknight|U-turn|p2a: Ogerpon
|-damage|p2a: Ogerpon|0 fnt
|faint|p2a: Ogerpon
|detailschange|p2: Ogerpon|Ogerpon-Wellspring, F|[silent]
|
|t:|1779724896
|switch|p1a: Gliscor|Gliscor, M|100/100|[from] U-turn
|
|-weather|RainDance|[upkeep]
|-status|p1a: Gliscor|tox|[from] item: Toxic Orb
|upkeep
|
|t:|1779724905
|switch|p2a: Barraskewda|Barraskewda, F|100/100
|-damage|p2a: Barraskewda|88/100|[from] Stealth Rock
|turn|17
|
|t:|1779724909
|-terastallize|p1a: Gliscor|Ghost
|move|p2a: Barraskewda|Ice Fang|p1a: Gliscor
|-damage|p1a: Gliscor|74/100 tox
|move|p1a: Gliscor|Toxic|p2a: Barraskewda
|-status|p2a: Barraskewda|tox
|
|-weather|none
|-damage|p2a: Barraskewda|82/100 tox|[from] psn
|-heal|p1a: Gliscor|86/100 tox|[from] ability: Poison Heal
|upkeep
|turn|18
|
|t:|1779724917
|switch|p2a: Pelipper|Pelipper, M|100/100
|-damage|p2a: Pelipper|75/100|[from] Stealth Rock
|-weather|RainDance|[from] ability: Drizzle|[of] p2a: Pelipper
|move|p1a: Gliscor|Spikes|p2a: Pelipper
|-sidestart|p2: lambKitten|Spikes
|
|-weather|RainDance|[upkeep]
|-heal|p1a: Gliscor|99/100 tox|[from] ability: Poison Heal
|upkeep
|turn|19
|
|t:|1779724923
|move|p1a: Gliscor|Toxic|p2a: Pelipper
|-status|p2a: Pelipper|tox
|move|p2a: Pelipper|Weather Ball|p1a: Gliscor
|-damage|p1a: Gliscor|54/100 tox
|
|-weather|RainDance|[upkeep]
|-heal|p1a: Gliscor|67/100 tox|[from] ability: Poison Heal
|-damage|p2a: Pelipper|69/100 tox|[from] psn
|upkeep
|turn|20
|
|t:|1779724931
|move|p1a: Gliscor|Protect|p1a: Gliscor
|-singleturn|p1a: Gliscor|Protect
|move|p2a: Pelipper|Weather Ball|p1a: Gliscor
|-activate|p1a: Gliscor|move: Protect
|
|-weather|RainDance|[upkeep]
|-heal|p1a: Gliscor|79/100 tox|[from] ability: Poison Heal
|-damage|p2a: Pelipper|57/100 tox|[from] psn
|upkeep
|turn|21
|
|t:|1779724934
|move|p1a: Gliscor|Spikes|p2a: Pelipper
|-sidestart|p2: lambKitten|Spikes
|move|p2a: Pelipper|Weather Ball|p1a: Gliscor
|-damage|p1a: Gliscor|37/100 tox
|
|-weather|RainDance|[upkeep]
|-heal|p1a: Gliscor|49/100 tox|[from] ability: Poison Heal
|-damage|p2a: Pelipper|38/100 tox|[from] psn
|upkeep
|turn|22
|
|t:|1779724939
|move|p1a: Gliscor|Protect|p1a: Gliscor
|-singleturn|p1a: Gliscor|Protect
|move|p2a: Pelipper|U-turn|p1a: Gliscor
|-activate|p1a: Gliscor|move: Protect
|
|-weather|RainDance|[upkeep]
|-heal|p1a: Gliscor|62/100 tox|[from] ability: Poison Heal
|-damage|p2a: Pelipper|14/100 tox|[from] psn
|upkeep
|turn|23
|
|t:|1779724944
|move|p1a: Gliscor|Spikes|p2a: Pelipper
|-sidestart|p2: lambKitten|Spikes
|move|p2a: Pelipper|U-turn|p1a: Gliscor
|-resisted|p1a: Gliscor
|-damage|p1a: Gliscor|58/100 tox
|
|t:|1779724952
|switch|p2a: Raging Bolt|Raging Bolt|100/100|[from] U-turn
|-damage|p2a: Raging Bolt|88/100|[from] Stealth Rock
|-damage|p2a: Raging Bolt|63/100|[from] Spikes
|
|-weather|RainDance|[upkeep]
|-heal|p1a: Gliscor|71/100 tox|[from] ability: Poison Heal
|upkeep
|turn|24
|
|t:|1779724958
|move|p1a: Gliscor|Earthquake|p2a: Raging Bolt
|-supereffective|p2a: Raging Bolt
|-crit|p2a: Raging Bolt
|-damage|p2a: Raging Bolt|0 fnt
|faint|p2a: Raging Bolt
|-end|p2a: Raging Bolt|Protosynthesis|[silent]
|
|-weather|RainDance|[upkeep]
|-heal|p1a: Gliscor|83/100 tox|[from] ability: Poison Heal
|upkeep
|
|t:|1779724961
|switch|p2a: Barraskewda|Barraskewda, F|82/100 tox
|-damage|p2a: Barraskewda|70/100 tox|[from] Stealth Rock
|-damage|p2a: Barraskewda|45/100 tox|[from] Spikes
|turn|25
|
|t:|1779724965
|move|p2a: Barraskewda|Flip Turn|p1a: Gliscor
|-damage|p1a: Gliscor|28/100 tox
|
|t:|1779724969
|switch|p2a: Pelipper|Pelipper, M|14/100 tox|[from] Flip Turn
|-damage|p2a: Pelipper|0 fnt|[from] Stealth Rock
|faint|p2a: Pelipper
|move|p1a: Gliscor|Earthquake|p2: Pelipper|[notarget]
|-fail|p1a: Gliscor
|
|-weather|none
|-heal|p1a: Gliscor|40/100 tox|[from] ability: Poison Heal
|upkeep
|l|☆lambKitten
|inactive|lambKitten disconnected and has a minute to reconnect!
|player|p2|
|j|☆lambKitten
|inactive|lambKitten reconnected and has 110 seconds left.
|player|p2|lambKitten|266|
|
|t:|1779725023
|switch|p2a: Barraskewda|Barraskewda, F|45/100 tox
|-damage|p2a: Barraskewda|33/100 tox|[from] Stealth Rock
|-damage|p2a: Barraskewda|8/100 tox|[from] Spikes
|turn|26
|
|t:|1779725028
|move|p1a: Gliscor|Protect|p1a: Gliscor
|-singleturn|p1a: Gliscor|Protect
|move|p2a: Barraskewda|Flip Turn|p1a: Gliscor
|-activate|p1a: Gliscor|move: Protect
|
|-damage|p2a: Barraskewda|2/100 tox|[from] psn
|-heal|p1a: Gliscor|53/100 tox|[from] ability: Poison Heal
|upkeep
|turn|27
|
|t:|1779725032
|move|p2a: Barraskewda|Flip Turn|p1a: Gliscor
|-damage|p1a: Gliscor|17/100 tox
|move|p1a: Gliscor|Earthquake|p2a: Barraskewda
|-crit|p2a: Barraskewda
|-damage|p2a: Barraskewda|0 fnt
|faint|p2a: Barraskewda
|
|win|claudechamp
|raw|claudechamp's rating: 1248 &rarr; <strong>1274</strong><br />(+26 for winning)
|raw|lambKitten's rating: 1268 &rarr; <strong>1242</strong><br />(-26 for losing)
|c|☆claudechamp|gg
