|j|☆dsekop
|j|☆Mca player 11
|t:|1779712391
|gametype|singles
|player|p1|dsekop|unknown|1525
|player|p2|Mca player 11|lucas|1466
|gen|9
|tier|[Gen 9] OU
|rated|
|rule|HP Percentage Mod: HP is shown in percentages
|rule|Endless Battle Clause: Forcing endless battles is banned
|rule|Species Clause: Limit one of each Pokémon
|rule|OHKO Clause: OHKO moves are banned
|rule|Evasion Items Clause: Evasion items are banned
|rule|Evasion Moves Clause: Evasion moves are banned
|rule|Evasion Abilities Clause: Evasion abilities are banned
|rule|Sleep Moves Clause: Sleep-inducing moves are banned
|clearpoke
|poke|p1|Komala, F|
|poke|p1|Blissey, F|
|poke|p1|Dondozo, M|
|poke|p1|Gliscor, F|
|poke|p1|Clefable, M|
|poke|p1|Toxapex, M|
|poke|p2|Deoxys-Speed|
|poke|p2|Iron Moth|
|poke|p2|Zamazenta-*|
|poke|p2|Gholdengo|
|poke|p2|Rillaboom, M|
|poke|p2|Iron Jugulis|
|teampreview
|inactive|Battle timer is ON: inactive players will automatically lose when time's up. (requested by dsekop)
|
|t:|1779712399
|teamsize|p1|6
|teamsize|p2|6
|start
|switch|p1a: Gliscor|Gliscor, F|100/100
|switch|p2a: Deoxys|Deoxys-Speed|100/100
|-ability|p2a: Deoxys|Pressure
|turn|1
|
|t:|1779712401
|move|p1a: Gliscor|Protect|p1a: Gliscor
|-singleturn|p1a: Gliscor|Protect
|move|p2a: Deoxys|Taunt|p1a: Gliscor
|-activate|p1a: Gliscor|move: Protect
|
|-status|p1a: Gliscor|tox|[from] item: Toxic Orb
|upkeep
|turn|2
|
|t:|1779712405
|move|p2a: Deoxys|Stealth Rock|p1a: Gliscor
|-sidestart|p1: dsekop|move: Stealth Rock
|move|p1a: Gliscor|Knock Off|p2a: Deoxys
|-supereffective|p2a: Deoxys
|-damage|p2a: Deoxys|52/100
|-damage|p1a: Gliscor|84/100 tox|[from] item: Rocky Helmet|[of] p2a: Deoxys
|-enditem|p2a: Deoxys|Rocky Helmet|[from] move: Knock Off|[of] p1a: Gliscor
|
|-heal|p1a: Gliscor|97/100 tox|[from] ability: Poison Heal
|upkeep
|turn|3
|
|t:|1779712422
|move|p2a: Deoxys|Taunt|p1a: Gliscor
|-start|p1a: Gliscor|move: Taunt
|cant|p1a: Gliscor|move: Taunt|Toxic
|
|-heal|p1a: Gliscor|100/100 tox|[from] ability: Poison Heal
|upkeep
|turn|4
|
|t:|1779712424
|move|p2a: Deoxys|Spikes|p1a: Gliscor
|-sidestart|p1: dsekop|Spikes
|move|p1a: Gliscor|Knock Off|p2a: Deoxys
|-supereffective|p2a: Deoxys
|-damage|p2a: Deoxys|17/100
|
|upkeep
|turn|5
|
|t:|1779712427
|move|p2a: Deoxys|Pain Split|p1a: Gliscor
|-sethp|p1a: Gliscor|58/100 tox|[from] move: Pain Split|[silent]
|-sethp|p2a: Deoxys|67/100|[from] move: Pain Split
|move|p1a: Gliscor|Knock Off|p2a: Deoxys
|-supereffective|p2a: Deoxys
|-damage|p2a: Deoxys|34/100
|
|-heal|p1a: Gliscor|70/100 tox|[from] ability: Poison Heal
|-end|p1a: Gliscor|move: Taunt
|upkeep
|turn|6
|
|t:|1779712435
|move|p2a: Deoxys|Pain Split|p1a: Gliscor
|-sethp|p1a: Gliscor|50/100 tox|[from] move: Pain Split|[silent]
|-sethp|p2a: Deoxys|58/100|[from] move: Pain Split
|move|p1a: Gliscor|Knock Off|p2a: Deoxys
|-supereffective|p2a: Deoxys
|-damage|p2a: Deoxys|25/100
|
|-heal|p1a: Gliscor|62/100 tox|[from] ability: Poison Heal
|upkeep
|turn|7
|
|t:|1779712438
|move|p2a: Deoxys|Taunt|p1a: Gliscor
|-start|p1a: Gliscor|move: Taunt
|cant|p1a: Gliscor|move: Taunt|Toxic
|
|-heal|p1a: Gliscor|75/100 tox|[from] ability: Poison Heal
|upkeep
|turn|8
|
|t:|1779712441
|move|p2a: Deoxys|Pain Split|p1a: Gliscor
|-sethp|p1a: Gliscor|48/100 tox|[from] move: Pain Split|[silent]
|-sethp|p2a: Deoxys|56/100|[from] move: Pain Split
|move|p1a: Gliscor|Knock Off|p2a: Deoxys
|-supereffective|p2a: Deoxys
|-damage|p2a: Deoxys|18/100
|
|-heal|p1a: Gliscor|61/100 tox|[from] ability: Poison Heal
|upkeep
|turn|9
|
|t:|1779712445
|switch|p2a: Iron Jugulis|Iron Jugulis|100/100
|-enditem|p2a: Iron Jugulis|Booster Energy
|-activate|p2a: Iron Jugulis|ability: Quark Drive|[fromitem]
|-start|p2a: Iron Jugulis|quarkdrivespe
|move|p1a: Gliscor|Knock Off|p2a: Iron Jugulis
|-resisted|p2a: Iron Jugulis
|-damage|p2a: Iron Jugulis|91/100
|
|-heal|p1a: Gliscor|73/100 tox|[from] ability: Poison Heal
|-end|p1a: Gliscor|move: Taunt
|upkeep
|turn|10
|
|t:|1779712450
|switch|p1a: Toxapex|Toxapex, M|100/100
|move|p2a: Iron Jugulis|Taunt|p1a: Toxapex
|-start|p1a: Toxapex|move: Taunt
|
|upkeep
|turn|11
|
|t:|1779712454
|switch|p1a: Clefable|Clefable, M|100/100
|move|p2a: Iron Jugulis|Knock Off|p1a: Clefable
|-resisted|p1a: Clefable
|-damage|p1a: Clefable|89/100
|
|-damage|p2a: Iron Jugulis|79/100|[from] item: Sticky Barb
|upkeep
|turn|12
|
|t:|1779712461
|move|p2a: Iron Jugulis|Hurricane|p1a: Clefable
|-damage|p1a: Clefable|35/100
|move|p1a: Clefable|Stealth Rock|p2a: Iron Jugulis
|-sidestart|p2: Mca player 11|move: Stealth Rock
|
|-damage|p2a: Iron Jugulis|66/100|[from] item: Sticky Barb
|upkeep
|turn|13
|
|t:|1779712466
|move|p1a: Clefable|Protect|p1a: Clefable
|-singleturn|p1a: Clefable|Protect
|move|p2a: Iron Jugulis|Earth Power|p1a: Clefable
|-activate|p1a: Clefable|move: Protect
|
|-damage|p2a: Iron Jugulis|54/100|[from] item: Sticky Barb
|upkeep
|turn|14
|
|t:|1779712475
|switch|p1a: Toxapex|Toxapex, M|100/100
|move|p2a: Iron Jugulis|Knock Off|p1a: Toxapex
|-damage|p1a: Toxapex|82/100
|-enditem|p1a: Toxapex|Heavy-Duty Boots|[from] move: Knock Off|[of] p2a: Iron Jugulis
|
|-damage|p2a: Iron Jugulis|42/100|[from] item: Sticky Barb
|upkeep
|turn|15
|
|t:|1779712484
|switch|p1a: Komala|Komala, F|100/100
|-ability|p1a: Komala|Comatose
|move|p2a: Iron Jugulis|Earth Power|p1a: Komala
|-damage|p1a: Komala|71/100
|
|-damage|p2a: Iron Jugulis|29/100|[from] item: Sticky Barb
|upkeep
|turn|16
|
|t:|1779712491
|move|p2a: Iron Jugulis|Hurricane|p1a: Komala
|-crit|p1a: Komala
|-damage|p1a: Komala|0 fnt
|faint|p1a: Komala
|
|-damage|p2a: Iron Jugulis|17/100|[from] item: Sticky Barb
|upkeep
|-message|dsekop forfeited.
|
|win|Mca player 11
|raw|dsekop's rating: 1525 &rarr; <strong>1502</strong><br />(-23 for losing)
|raw|Mca player 11's rating: 1466 &rarr; <strong>1489</strong><br />(+23 for winning)
|l|☆dsekop
|player|p1|
|l|☆Mca player 11
|player|p2|
