|j|☆yoribori
|j|☆rockeater9000
|t:|1779579566
|gametype|singles
|player|p1|yoribori|flannery|1632
|player|p2|rockeater9000|102|1620
|gen|9
|tier|[Gen 9] OU
|rated|
|rule|HP Percentage Mod: HP is shown in percentages
|rule|Endless Battle Clause: Forcing endless battles is banned
|rule|Species Clause: Limit one of each Pokémon
|rule|OHKO Clause: OHKO moves are banned
|rule|Evasion Items Clause: Evasion items are banned
|rule|Evasion Moves Clause: Evasion moves are banned
|rule|Evasion Abilities Clause: Evasion abilities are banned
|rule|Sleep Moves Clause: Sleep-inducing moves are banned
|clearpoke
|poke|p1|Tyranitar, M|
|poke|p1|Excadrill, F|
|poke|p1|Rotom-Wash|
|poke|p1|Hydrapple, M|
|poke|p1|Fezandipiti, M|
|poke|p1|Blaziken, M|
|poke|p2|Hydrapple, F|
|poke|p2|Clodsire, F|
|poke|p2|Bronzong|
|poke|p2|Regieleki|
|poke|p2|Pecharunt|
|poke|p2|Walking Wake|
|teampreview
|inactive|Battle timer is ON: inactive players will automatically lose when time's up. (requested by rockeater9000)
|inactive|yoribori also wants the timer to be on.
|j| Federal Government
|inactive|rockeater9000 has 120 seconds left.
|
|t:|1779579601
|teamsize|p1|6
|teamsize|p2|6
|start
|switch|p1a: Fezandipiti|Fezandipiti, M|100/100
|switch|p2a: Regieleki|Regieleki|100/100
|turn|1
|
|t:|1779579607
|move|p2a: Regieleki|Volt Switch|p1a: Fezandipiti
|-damage|p1a: Fezandipiti|72/100
|
|t:|1779579614
|switch|p2a: Bronzong|Bronzong|100/100|[from] Volt Switch
|move|p1a: Fezandipiti|U-turn|p2a: Bronzong
|-damage|p2a: Bronzong|85/100
|
|t:|1779579637
|switch|p1a: Blaziken|Blaziken, M|100/100|[from] U-turn
|
|-heal|p2a: Bronzong|91/100|[from] item: Leftovers
|upkeep
|turn|2
|
|t:|1779579643
|switch|p2a: Hydrapple|Hydrapple, F|100/100
|move|p1a: Blaziken|Flare Blitz|p2a: Hydrapple
|-damage|p2a: Hydrapple|63/100
|-status|p2a: Hydrapple|brn
|-damage|p1a: Blaziken|84/100|[from] item: Rocky Helmet|[of] p2a: Hydrapple
|-damage|p1a: Blaziken|67/100|[from] Recoil
|
|-damage|p2a: Hydrapple|57/100 brn|[from] brn
|-ability|p1a: Blaziken|Speed Boost|boost
|-boost|p1a: Blaziken|spe|1
|upkeep
|turn|3
|inactive|yoribori has 120 seconds left.
|
|t:|1779579675
|switch|p1a: Fezandipiti|Fezandipiti, M|72/100
|move|p2a: Hydrapple|Earth Power|p1a: Fezandipiti
|-supereffective|p1a: Fezandipiti
|-damage|p1a: Fezandipiti|40/100
|
|-damage|p2a: Hydrapple|51/100 brn|[from] brn
|upkeep
|turn|4
|
|t:|1779579680
|switch|p2a: Clodsire|Clodsire, F|100/100
|move|p1a: Fezandipiti|Roost|p1a: Fezandipiti
|-heal|p1a: Fezandipiti|90/100
|-singleturn|p1a: Fezandipiti|move: Roost
|
|upkeep
|turn|5
|j| NoirSoumission
|inactive|yoribori has 120 seconds left.
|
|t:|1779579706
|move|p1a: Fezandipiti|U-turn|p2a: Clodsire
|-resisted|p2a: Clodsire
|-damage|p2a: Clodsire|90/100
|
|t:|1779579708
|switch|p1a: Excadrill|Excadrill, F|100/100|[from] U-turn
|-item|p1a: Excadrill|Air Balloon
|move|p2a: Clodsire|Spikes|p1a: Excadrill
|-sidestart|p1: yoribori|Spikes
|
|-heal|p2a: Clodsire|96/100|[from] item: Leftovers
|upkeep
|turn|6
|
|t:|1779579716
|switch|p2a: Bronzong|Bronzong|91/100
|move|p1a: Excadrill|Rapid Spin|p2a: Bronzong
|-resisted|p2a: Bronzong
|-damage|p2a: Bronzong|82/100
|-boost|p1a: Excadrill|spe|1
|-sideend|p1: yoribori|Spikes|[from] move: Rapid Spin|[of] p1a: Excadrill
|
|-heal|p2a: Bronzong|88/100|[from] item: Leftovers
|upkeep
|turn|7
|inactive|yoribori has 120 seconds left.
|inactive|yoribori has 90 seconds left.
|inactive|yoribori has 60 seconds left.
|
|t:|1779579796
|switch|p1a: Hydrapple|Hydrapple, M|100/100
|move|p2a: Bronzong|Stealth Rock|p1a: Hydrapple
|-sidestart|p1: yoribori|move: Stealth Rock
|
|-heal|p2a: Bronzong|94/100|[from] item: Leftovers
|upkeep
|turn|8
|
|t:|1779579815
|switch|p2a: Clodsire|Clodsire, F|96/100
|move|p1a: Hydrapple|Leaf Storm|p2a: Clodsire|[miss]
|-miss|p1a: Hydrapple|p2a: Clodsire
|
|-heal|p2a: Clodsire|100/100|[from] item: Leftovers
|upkeep
|turn|9
|inactive|yoribori has 60 seconds left.
|
|t:|1779579847
|switch|p1a: Excadrill|Excadrill, F|100/100
|-damage|p1a: Excadrill|97/100|[from] Stealth Rock
|-item|p1a: Excadrill|Air Balloon
|switch|p2a: Bronzong|Bronzong|94/100
|
|-heal|p2a: Bronzong|100/100|[from] item: Leftovers
|upkeep
|turn|10
|
|t:|1779579855
|switch|p1a: Rotom|Rotom-Wash|100/100
|-damage|p1a: Rotom|88/100|[from] Stealth Rock
|move|p2a: Bronzong|Psychic Noise|p1a: Rotom
|-damage|p1a: Rotom|65/100
|-start|p1a: Rotom|move: Heal Block
|
|upkeep
|turn|11
|
|t:|1779579879
|switch|p2a: Regieleki|Regieleki|100/100
|move|p1a: Rotom|Will-O-Wisp|p2a: Regieleki
|-status|p2a: Regieleki|brn
|
|-damage|p2a: Regieleki|95/100 brn|[from] brn
|-end|p1a: Rotom|move: Heal Block
|upkeep
|turn|12
|
|t:|1779579888
|switch|p1a: Excadrill|Excadrill, F|97/100
|-damage|p1a: Excadrill|94/100|[from] Stealth Rock
|-item|p1a: Excadrill|Air Balloon
|move|p2a: Regieleki|Rapid Spin|p1a: Excadrill
|-resisted|p1a: Excadrill
|-damage|p1a: Excadrill|91/100
|-boost|p2a: Regieleki|spe|1
|-enditem|p1a: Excadrill|Air Balloon
|
|-damage|p2a: Regieleki|89/100 brn|[from] brn
|upkeep
|turn|13
|
|t:|1779579891
|switch|p2a: Pecharunt|Pecharunt|100/100
|move|p1a: Excadrill|Rapid Spin|p2a: Pecharunt
|-immune|p2a: Pecharunt
|
|upkeep
|turn|14
|j| Faye Asteria
|
|t:|1779579894
|switch|p2a: Bronzong|Bronzong|100/100
|move|p1a: Excadrill|Rapid Spin|p2a: Bronzong
|-resisted|p2a: Bronzong
|-damage|p2a: Bronzong|91/100
|-boost|p1a: Excadrill|spe|1
|-sideend|p1: yoribori|Stealth Rock|[from] move: Rapid Spin|[of] p1a: Excadrill
|
|-heal|p2a: Bronzong|98/100|[from] item: Leftovers
|upkeep
|turn|15
|
|t:|1779579903
|switch|p1a: Hydrapple|Hydrapple, M|100/100
|move|p2a: Bronzong|Stealth Rock|p1a: Hydrapple
|-sidestart|p1: yoribori|move: Stealth Rock
|
|-heal|p2a: Bronzong|100/100|[from] item: Leftovers
|upkeep
|turn|16
|
|t:|1779579914
|move|p1a: Hydrapple|Leaf Storm|p2a: Bronzong
|-resisted|p2a: Bronzong
|-damage|p2a: Bronzong|65/100
|-unboost|p1a: Hydrapple|spa|2
|move|p2a: Bronzong|Iron Head|p1a: Hydrapple
|-damage|p1a: Hydrapple|83/100
|
|-heal|p2a: Bronzong|71/100|[from] item: Leftovers
|upkeep
|turn|17
|
|t:|1779579920
|switch|p1a: Rotom|Rotom-Wash|65/100
|-damage|p1a: Rotom|53/100|[from] Stealth Rock
|move|p2a: Bronzong|Body Press|p1a: Rotom
|-damage|p1a: Rotom|37/100
|
|-heal|p1a: Rotom|43/100|[from] item: Leftovers
|-heal|p2a: Bronzong|77/100|[from] item: Leftovers
|upkeep
|turn|18
|
|t:|1779579923
|switch|p2a: Regieleki|Regieleki|89/100 brn
|move|p1a: Rotom|Will-O-Wisp|p2a: Regieleki
|-fail|p2a: Regieleki|brn
|
|-heal|p1a: Rotom|49/100|[from] item: Leftovers
|-damage|p2a: Regieleki|83/100 brn|[from] brn
|upkeep
|turn|19
|
|t:|1779579930
|switch|p1a: Excadrill|Excadrill, F|91/100
|-damage|p1a: Excadrill|88/100|[from] Stealth Rock
|move|p2a: Regieleki|Volt Switch|p1a: Excadrill
|-immune|p1a: Excadrill
|
|-damage|p2a: Regieleki|77/100 brn|[from] brn
|upkeep
|turn|20
|
|t:|1779579934
|switch|p2a: Pecharunt|Pecharunt|100/100
|move|p1a: Excadrill|Rapid Spin|p2a: Pecharunt
|-immune|p2a: Pecharunt
|
|upkeep
|turn|21
|
|t:|1779579938
|switch|p2a: Hydrapple|Hydrapple, F|84/100 brn
|move|p1a: Excadrill|Earthquake|p2a: Hydrapple
|-resisted|p2a: Hydrapple
|-damage|p2a: Hydrapple|68/100 brn
|
|-damage|p2a: Hydrapple|62/100 brn|[from] brn
|upkeep
|turn|22
|
|t:|1779579944
|switch|p1a: Fezandipiti|Fezandipiti, M|90/100
|move|p2a: Hydrapple|Earth Power|p1a: Fezandipiti
|-supereffective|p1a: Fezandipiti
|-damage|p1a: Fezandipiti|58/100
|
|-damage|p2a: Hydrapple|56/100 brn|[from] brn
|upkeep
|turn|23
|
|t:|1779579950
|switch|p2a: Pecharunt|Pecharunt|100/100
|move|p1a: Fezandipiti|U-turn|p2a: Pecharunt
|-resisted|p2a: Pecharunt
|-damage|p2a: Pecharunt|99/100
|
|t:|1779579956
|switch|p1a: Excadrill|Excadrill, F|88/100|[from] U-turn
|-damage|p1a: Excadrill|85/100|[from] Stealth Rock
|
|upkeep
|turn|24
|
|t:|1779579962
|move|p1a: Excadrill|Earthquake|p2a: Pecharunt
|-supereffective|p2a: Pecharunt
|-damage|p2a: Pecharunt|44/100
|move|p2a: Pecharunt|Foul Play|p1a: Excadrill
|-damage|p1a: Excadrill|33/100
|
|upkeep
|turn|25
|
|t:|1779579970
|switch|p1a: Tyranitar|Tyranitar, M|100/100
|-damage|p1a: Tyranitar|88/100|[from] Stealth Rock
|-weather|Sandstorm|[from] ability: Sand Stream|[of] p1a: Tyranitar
|switch|p2a: Hydrapple|Hydrapple, F|89/100 brn
|
|-weather|Sandstorm|[upkeep]
|-damage|p2a: Hydrapple|83/100 brn|[from] Sandstorm
|-heal|p1a: Tyranitar|94/100|[from] item: Leftovers
|-damage|p2a: Hydrapple|77/100 brn|[from] brn
|upkeep
|turn|26
|j| simplegent
|
|t:|1779579993
|switch|p2a: Bronzong|Bronzong|77/100
|move|p1a: Tyranitar|Stealth Rock|p2a: Bronzong
|-sidestart|p2: rockeater9000|move: Stealth Rock
|
|-weather|Sandstorm|[upkeep]
|-heal|p1a: Tyranitar|100/100|[from] item: Leftovers
|-heal|p2a: Bronzong|84/100|[from] item: Leftovers
|upkeep
|turn|27
|
|t:|1779580003
|switch|p1a: Rotom|Rotom-Wash|49/100
|-damage|p1a: Rotom|37/100|[from] Stealth Rock
|switch|p2a: Clodsire|Clodsire, F|100/100
|-damage|p2a: Clodsire|94/100|[from] Stealth Rock
|
|-weather|Sandstorm|[upkeep]
|-damage|p1a: Rotom|30/100|[from] Sandstorm
|-heal|p1a: Rotom|37/100|[from] item: Leftovers
|-heal|p2a: Clodsire|100/100|[from] item: Leftovers
|upkeep
|turn|28
|
|t:|1779580017
|switch|p2a: Hydrapple|Hydrapple, F|100/100 brn
|-damage|p2a: Hydrapple|88/100 brn|[from] Stealth Rock
|-terastallize|p1a: Rotom|Steel
|move|p1a: Rotom|Pain Split|p2a: Hydrapple
|-sethp|p2a: Hydrapple|58/100 brn|[from] move: Pain Split|[silent]
|-sethp|p1a: Rotom|78/100|[from] move: Pain Split
|
|-weather|Sandstorm|[upkeep]
|-damage|p2a: Hydrapple|52/100 brn|[from] Sandstorm
|-heal|p1a: Rotom|85/100|[from] item: Leftovers
|-damage|p2a: Hydrapple|46/100 brn|[from] brn
|upkeep
|turn|29
|
|t:|1779580032
|move|p1a: Rotom|Volt Switch|p2a: Hydrapple
|-resisted|p2a: Hydrapple
|-damage|p2a: Hydrapple|40/100 brn
|
|t:|1779580036
|switch|p1a: Fezandipiti|Fezandipiti, M|58/100|[from] Volt Switch
|move|p2a: Hydrapple|Giga Drain|p1a: Fezandipiti
|-resisted|p1a: Fezandipiti
|-damage|p1a: Fezandipiti|48/100
|-heal|p2a: Hydrapple|45/100 brn|[from] drain|[of] p1a: Fezandipiti
|
|-weather|none
|-damage|p2a: Hydrapple|39/100 brn|[from] brn
|upkeep
|turn|30
|
|t:|1779580041
|switch|p2a: Regieleki|Regieleki|77/100 brn
|move|p1a: Fezandipiti|Roost|p1a: Fezandipiti
|-heal|p1a: Fezandipiti|98/100
|-singleturn|p1a: Fezandipiti|move: Roost
|
|-damage|p2a: Regieleki|71/100 brn|[from] brn
|upkeep
|turn|31
|
|t:|1779580044
|move|p2a: Regieleki|Volt Switch|p1a: Fezandipiti
|-damage|p1a: Fezandipiti|73/100
|
|t:|1779580048
|switch|p2a: Clodsire|Clodsire, F|100/100|[from] Volt Switch
|-damage|p2a: Clodsire|94/100|[from] Stealth Rock
|move|p1a: Fezandipiti|U-turn|p2a: Clodsire
|-resisted|p2a: Clodsire
|-damage|p2a: Clodsire|85/100
|
|t:|1779580055
|switch|p1a: Excadrill|Excadrill, F|33/100|[from] U-turn
|-damage|p1a: Excadrill|30/100|[from] Stealth Rock
|
|-heal|p2a: Clodsire|91/100|[from] item: Leftovers
|upkeep
|turn|32
|
|t:|1779580064
|switch|p2a: Hydrapple|Hydrapple, F|72/100 brn
|-damage|p2a: Hydrapple|60/100 brn|[from] Stealth Rock
|move|p1a: Excadrill|Earthquake|p2a: Hydrapple
|-resisted|p2a: Hydrapple
|-damage|p2a: Hydrapple|43/100 brn
|
|-damage|p2a: Hydrapple|37/100 brn|[from] brn
|upkeep
|turn|33
|
|t:|1779580073
|switch|p1a: Fezandipiti|Fezandipiti, M|73/100
|switch|p2a: Clodsire|Clodsire, F|91/100
|-damage|p2a: Clodsire|85/100|[from] Stealth Rock
|
|-heal|p2a: Clodsire|91/100|[from] item: Leftovers
|upkeep
|turn|34
|
|t:|1779580076
|move|p1a: Fezandipiti|U-turn|p2a: Clodsire
|-resisted|p2a: Clodsire
|-damage|p2a: Clodsire|81/100
|
|t:|1779580077
|switch|p1a: Rotom|Rotom-Wash, tera:Steel|85/100|[from] U-turn
|-damage|p1a: Rotom|78/100|[from] Stealth Rock
|move|p2a: Clodsire|Spikes|p1a: Rotom
|-sidestart|p1: yoribori|Spikes
|
|-heal|p1a: Rotom|85/100|[from] item: Leftovers
|-heal|p2a: Clodsire|87/100|[from] item: Leftovers
|upkeep
|turn|35
|
|t:|1779580083
|switch|p2a: Hydrapple|Hydrapple, F|70/100 brn
|-damage|p2a: Hydrapple|58/100 brn|[from] Stealth Rock
|move|p1a: Rotom|Will-O-Wisp|p2a: Hydrapple
|-fail|p2a: Hydrapple|brn
|
|-heal|p1a: Rotom|91/100|[from] item: Leftovers
|-damage|p2a: Hydrapple|52/100 brn|[from] brn
|upkeep
|turn|36
|
|t:|1779580092
|move|p1a: Rotom|Volt Switch|p2a: Hydrapple
|-resisted|p2a: Hydrapple
|-damage|p2a: Hydrapple|46/100 brn
|
|t:|1779580095
|switch|p1a: Fezandipiti|Fezandipiti, M|73/100|[from] Volt Switch
|move|p2a: Hydrapple|Earth Power|p1a: Fezandipiti
|-supereffective|p1a: Fezandipiti
|-crit|p1a: Fezandipiti
|-damage|p1a: Fezandipiti|25/100
|
|-damage|p2a: Hydrapple|40/100 brn|[from] brn
|upkeep
|turn|37
|
|t:|1779580098
|switch|p2a: Clodsire|Clodsire, F|87/100
|-damage|p2a: Clodsire|81/100|[from] Stealth Rock
|move|p1a: Fezandipiti|Roost|p1a: Fezandipiti
|-heal|p1a: Fezandipiti|75/100
|-singleturn|p1a: Fezandipiti|move: Roost
|
|-heal|p2a: Clodsire|87/100|[from] item: Leftovers
|upkeep
|turn|38
|
|t:|1779580102
|move|p1a: Fezandipiti|U-turn|p2a: Clodsire
|-resisted|p2a: Clodsire
|-damage|p2a: Clodsire|77/100
|l| Faye Asteria
|
|t:|1779580107
|switch|p1a: Tyranitar|Tyranitar, M|100/100|[from] U-turn
|-damage|p1a: Tyranitar|88/100|[from] Stealth Rock
|-damage|p1a: Tyranitar|76/100|[from] Spikes
|-weather|Sandstorm|[from] ability: Sand Stream|[of] p1a: Tyranitar
|move|p2a: Clodsire|Spikes|p1a: Tyranitar
|-sidestart|p1: yoribori|Spikes
|
|-weather|Sandstorm|[upkeep]
|-heal|p1a: Tyranitar|82/100|[from] item: Leftovers
|-heal|p2a: Clodsire|84/100|[from] item: Leftovers
|upkeep
|turn|39
|
|t:|1779580115
|move|p1a: Tyranitar|Knock Off|p2a: Clodsire
|-damage|p2a: Clodsire|35/100
|-enditem|p2a: Clodsire|Leftovers|[from] move: Knock Off|[of] p1a: Tyranitar
|move|p2a: Clodsire|Toxic|p1a: Tyranitar
|-status|p1a: Tyranitar|tox
|
|-weather|Sandstorm|[upkeep]
|-heal|p1a: Tyranitar|88/100 tox|[from] item: Leftovers
|-damage|p1a: Tyranitar|82/100 tox|[from] psn
|upkeep
|turn|40
|j| kanaete onegai
|
|t:|1779580124
|move|p1a: Tyranitar|Knock Off|p2a: Clodsire
|-damage|p2a: Clodsire|4/100
|move|p2a: Clodsire|Recover|p2a: Clodsire
|-heal|p2a: Clodsire|54/100
|
|-weather|Sandstorm|[upkeep]
|-heal|p1a: Tyranitar|88/100 tox|[from] item: Leftovers
|-damage|p1a: Tyranitar|76/100 tox|[from] psn
|upkeep
|turn|41
|
|t:|1779580127
|switch|p1a: Excadrill|Excadrill, F|30/100
|-damage|p1a: Excadrill|27/100|[from] Stealth Rock
|-damage|p1a: Excadrill|11/100|[from] Spikes
|move|p2a: Clodsire|Recover|p2a: Clodsire
|-heal|p2a: Clodsire|100/100
|
|-weather|Sandstorm|[upkeep]
|upkeep
|turn|42
|
|t:|1779580132
|switch|p2a: Hydrapple|Hydrapple, F|73/100 brn
|-damage|p2a: Hydrapple|61/100 brn|[from] Stealth Rock
|move|p1a: Excadrill|Earthquake|p2a: Hydrapple
|-resisted|p2a: Hydrapple
|-damage|p2a: Hydrapple|45/100 brn
|
|-weather|none
|-damage|p2a: Hydrapple|39/100 brn|[from] brn
|upkeep
|turn|43
|
|t:|1779580137
|move|p1a: Excadrill|Rock Slide|p2a: Hydrapple
|-damage|p2a: Hydrapple|22/100 brn
|cant|p2a: Hydrapple|flinch
|
|-damage|p2a: Hydrapple|16/100 brn|[from] brn
|upkeep
|turn|44
|
|t:|1779580144
|switch|p2a: Bronzong|Bronzong|84/100
|-damage|p2a: Bronzong|77/100|[from] Stealth Rock
|move|p1a: Excadrill|Rock Slide|p2a: Bronzong
|-resisted|p2a: Bronzong
|-damage|p2a: Bronzong|64/100
|
|-heal|p2a: Bronzong|70/100|[from] item: Leftovers
|upkeep
|turn|45
|
|t:|1779580146
|switch|p2a: Hydrapple|Hydrapple, F|49/100 brn
|-damage|p2a: Hydrapple|37/100 brn|[from] Stealth Rock
|move|p1a: Excadrill|Swords Dance|p1a: Excadrill
|-boost|p1a: Excadrill|atk|2
|
|-damage|p2a: Hydrapple|31/100 brn|[from] brn
|upkeep
|turn|46
|
|t:|1779580150
|-terastallize|p2a: Hydrapple|Steel
|move|p1a: Excadrill|Rock Slide|p2a: Hydrapple|[miss]
|-miss|p1a: Excadrill|p2a: Hydrapple
|move|p2a: Hydrapple|Earth Power|p1a: Excadrill
|-supereffective|p1a: Excadrill
|-crit|p1a: Excadrill
|-damage|p1a: Excadrill|0 fnt
|faint|p1a: Excadrill
|
|-damage|p2a: Hydrapple|25/100 brn|[from] brn
|upkeep
|
|t:|1779580155
|switch|p1a: Blaziken|Blaziken, M|67/100
|-damage|p1a: Blaziken|54/100|[from] Stealth Rock
|-damage|p1a: Blaziken|38/100|[from] Spikes
|turn|47
|
|t:|1779580162
|move|p1a: Blaziken|Close Combat|p2a: Hydrapple
|-supereffective|p2a: Hydrapple
|-damage|p2a: Hydrapple|0 fnt
|-unboost|p1a: Blaziken|def|1
|-unboost|p1a: Blaziken|spd|1
|-damage|p1a: Blaziken|21/100|[from] item: Rocky Helmet|[of] p2a: Hydrapple
|faint|p2a: Hydrapple
|
|-ability|p1a: Blaziken|Speed Boost|boost
|-boost|p1a: Blaziken|spe|1
|upkeep
|
|t:|1779580169
|switch|p2a: Regieleki|Regieleki|71/100 brn
|turn|48
|
|t:|1779580181
|move|p2a: Regieleki|Thunderbolt|p1a: Blaziken
|-damage|p1a: Blaziken|0 fnt
|faint|p1a: Blaziken
|
|-damage|p2a: Regieleki|65/100 brn|[from] brn
|upkeep
|
|t:|1779580184
|switch|p1a: Hydrapple|Hydrapple, M|100/100
|-damage|p1a: Hydrapple|88/100|[from] Stealth Rock
|-damage|p1a: Hydrapple|71/100|[from] Spikes
|turn|49
|j| Faye Asteria
|
|t:|1779580190
|move|p2a: Regieleki|Volt Switch|p1a: Hydrapple
|-resisted|p1a: Hydrapple
|-damage|p1a: Hydrapple|61/100
|
|t:|1779580194
|switch|p2a: Bronzong|Bronzong|70/100|[from] Volt Switch
|-damage|p2a: Bronzong|64/100|[from] Stealth Rock
|move|p1a: Hydrapple|Leaf Storm|p2a: Bronzong
|-resisted|p2a: Bronzong
|-damage|p2a: Bronzong|28/100
|-unboost|p1a: Hydrapple|spa|2
|
|-heal|p2a: Bronzong|34/100|[from] item: Leftovers
|upkeep
|turn|50
|
|t:|1779580206
|switch|p1a: Rotom|Rotom-Wash, tera:Steel|91/100
|-damage|p1a: Rotom|85/100|[from] Stealth Rock
|switch|p2a: Pecharunt|Pecharunt|44/100
|
|-heal|p1a: Rotom|91/100|[from] item: Leftovers
|upkeep
|turn|51
|
|t:|1779580210
|move|p1a: Rotom|Volt Switch|p2a: Pecharunt
|-damage|p2a: Pecharunt|18/100
|
|t:|1779580214
|switch|p1a: Hydrapple|Hydrapple, M|94/100|[from] Volt Switch
|-damage|p1a: Hydrapple|82/100|[from] Stealth Rock
|-damage|p1a: Hydrapple|65/100|[from] Spikes
|move|p2a: Pecharunt|Recover|p2a: Pecharunt
|-heal|p2a: Pecharunt|68/100
|
|upkeep
|turn|52
|
|t:|1779580219
|move|p2a: Pecharunt|Parting Shot|p1a: Hydrapple
|-unboost|p1a: Hydrapple|atk|1
|-unboost|p1a: Hydrapple|spa|1
|
|t:|1779580222
|switch|p2a: Clodsire|Clodsire, F|100/100|[from] Parting Shot
|-damage|p2a: Clodsire|94/100|[from] Stealth Rock
|move|p1a: Hydrapple|Earth Power|p2a: Clodsire
|-supereffective|p2a: Clodsire
|-damage|p2a: Clodsire|43/100
|-unboost|p2a: Clodsire|spd|1
|
|upkeep
|turn|53
|
|t:|1779580226
|switch|p2a: Bronzong|Bronzong|34/100
|-damage|p2a: Bronzong|28/100|[from] Stealth Rock
|move|p1a: Hydrapple|Earth Power|p2a: Bronzong
|-immune|p2a: Bronzong|[from] ability: Levitate
|
|-heal|p2a: Bronzong|34/100|[from] item: Leftovers
|upkeep
|turn|54
|
|t:|1779580237
|switch|p1a: Rotom|Rotom-Wash, tera:Steel|91/100
|-damage|p1a: Rotom|85/100|[from] Stealth Rock
|move|p2a: Bronzong|Psychic Noise|p1a: Rotom
|-resisted|p1a: Rotom
|-damage|p1a: Rotom|74/100
|-start|p1a: Rotom|move: Heal Block
|
|-heal|p2a: Bronzong|40/100|[from] item: Leftovers
|upkeep
|turn|55
|
|t:|1779580243
|switch|p2a: Walking Wake|Walking Wake|100/100
|move|p1a: Rotom|Hydro Pump|p2a: Walking Wake
|-resisted|p2a: Walking Wake
|-crit|p2a: Walking Wake
|-damage|p2a: Walking Wake|83/100
|
|-end|p1a: Rotom|move: Heal Block
|upkeep
|turn|56
|
|t:|1779580247
|switch|p1a: Fezandipiti|Fezandipiti, M|75/100
|move|p2a: Walking Wake|Knock Off|p1a: Fezandipiti
|-resisted|p1a: Fezandipiti
|-damage|p1a: Fezandipiti|66/100
|-enditem|p1a: Fezandipiti|Heavy-Duty Boots|[from] move: Knock Off|[of] p2a: Walking Wake
|
|upkeep
|turn|57
|l| Faye Asteria
|
|t:|1779580256
|-end|p2a: Walking Wake|Protosynthesis|[silent]
|switch|p2a: Clodsire|Clodsire, F|43/100
|-damage|p2a: Clodsire|37/100|[from] Stealth Rock
|move|p1a: Fezandipiti|U-turn|p2a: Clodsire
|-resisted|p2a: Clodsire
|-damage|p2a: Clodsire|27/100
|j| Faye Asteria
|
|t:|1779580273
|switch|p1a: Tyranitar|Tyranitar, M|76/100 tox|[from] U-turn
|-damage|p1a: Tyranitar|63/100 tox|[from] Stealth Rock
|-damage|p1a: Tyranitar|47/100 tox|[from] Spikes
|-weather|Sandstorm|[from] ability: Sand Stream|[of] p1a: Tyranitar
|
|-weather|Sandstorm|[upkeep]
|-heal|p1a: Tyranitar|53/100 tox|[from] item: Leftovers
|-damage|p1a: Tyranitar|47/100 tox|[from] psn
|upkeep
|turn|58
|
|t:|1779580289
|move|p1a: Tyranitar|Knock Off|p2a: Clodsire
|-damage|p2a: Clodsire|0 fnt
|faint|p2a: Clodsire
|
|-weather|Sandstorm|[upkeep]
|-heal|p1a: Tyranitar|53/100 tox|[from] item: Leftovers
|-damage|p1a: Tyranitar|41/100 tox|[from] psn
|upkeep
|
|t:|1779580301
|switch|p2a: Walking Wake|Walking Wake|83/100
|turn|59
|
|t:|1779580304
|move|p2a: Walking Wake|Surf|p1a: Tyranitar
|-supereffective|p1a: Tyranitar
|-damage|p1a: Tyranitar|4/100 tox
|move|p1a: Tyranitar|Knock Off|p2a: Walking Wake
|-damage|p2a: Walking Wake|37/100
|-enditem|p2a: Walking Wake|Heavy-Duty Boots|[from] move: Knock Off|[of] p1a: Tyranitar
|
|-weather|Sandstorm|[upkeep]
|-damage|p2a: Walking Wake|31/100|[from] Sandstorm
|-heal|p1a: Tyranitar|11/100 tox|[from] item: Leftovers
|-damage|p1a: Tyranitar|0 fnt|[from] psn
|faint|p1a: Tyranitar
|upkeep
|
|t:|1779580308
|switch|p1a: Fezandipiti|Fezandipiti, M|66/100
|-damage|p1a: Fezandipiti|54/100|[from] Stealth Rock
|-damage|p1a: Fezandipiti|37/100|[from] Spikes
|turn|60
|
|t:|1779580312
|-end|p2a: Walking Wake|Protosynthesis|[silent]
|switch|p2a: Pecharunt|Pecharunt|68/100
|move|p1a: Fezandipiti|Roost|p1a: Fezandipiti
|-heal|p1a: Fezandipiti|87/100
|-singleturn|p1a: Fezandipiti|move: Roost
|
|-weather|Sandstorm|[upkeep]
|-damage|p1a: Fezandipiti|81/100|[from] Sandstorm
|-damage|p2a: Pecharunt|62/100|[from] Sandstorm
|upkeep
|turn|61
|
|t:|1779580318
|move|p1a: Fezandipiti|Roost|p1a: Fezandipiti
|-heal|p1a: Fezandipiti|100/100
|-singleturn|p1a: Fezandipiti|move: Roost
|move|p2a: Pecharunt|Parting Shot|p1a: Fezandipiti
|-unboost|p1a: Fezandipiti|atk|1
|-unboost|p1a: Fezandipiti|spa|1
|
|t:|1779580321
|switch|p2a: Bronzong|Bronzong|40/100|[from] Parting Shot
|-damage|p2a: Bronzong|34/100|[from] Stealth Rock
|
|-weather|none
|-heal|p2a: Bronzong|40/100|[from] item: Leftovers
|upkeep
|turn|62
|
|t:|1779580323
|move|p1a: Fezandipiti|U-turn|p2a: Bronzong
|-damage|p2a: Bronzong|29/100
|
|t:|1779580325
|switch|p1a: Rotom|Rotom-Wash, tera:Steel|74/100|[from] U-turn
|-damage|p1a: Rotom|68/100|[from] Stealth Rock
|move|p2a: Bronzong|Body Press|p1a: Rotom
|-supereffective|p1a: Rotom
|-damage|p1a: Rotom|35/100
|
|-heal|p1a: Rotom|41/100|[from] item: Leftovers
|-heal|p2a: Bronzong|35/100|[from] item: Leftovers
|upkeep
|turn|63
|
|t:|1779580332
|move|p1a: Rotom|Volt Switch|p2a: Bronzong
|-damage|p2a: Bronzong|19/100
|
|t:|1779580334
|switch|p1a: Hydrapple|Hydrapple, M|98/100|[from] Volt Switch
|-damage|p1a: Hydrapple|86/100|[from] Stealth Rock
|-damage|p1a: Hydrapple|69/100|[from] Spikes
|move|p2a: Bronzong|Body Press|p1a: Hydrapple
|-damage|p1a: Hydrapple|52/100
|
|-heal|p2a: Bronzong|25/100|[from] item: Leftovers
|upkeep
|turn|64
|
|t:|1779580340
|move|p1a: Hydrapple|Leaf Storm|p2a: Bronzong
|-resisted|p2a: Bronzong
|-damage|p2a: Bronzong|0 fnt
|-unboost|p1a: Hydrapple|spa|2
|faint|p2a: Bronzong
|
|upkeep
|
|t:|1779580343
|switch|p2a: Walking Wake|Walking Wake|31/100
|-damage|p2a: Walking Wake|18/100|[from] Stealth Rock
|turn|65
|
|t:|1779580348
|switch|p1a: Fezandipiti|Fezandipiti, M|100/100
|-damage|p1a: Fezandipiti|88/100|[from] Stealth Rock
|-damage|p1a: Fezandipiti|71/100|[from] Spikes
|move|p2a: Walking Wake|Surf|p1a: Fezandipiti
|-crit|p1a: Fezandipiti
|-damage|p1a: Fezandipiti|24/100
|
|upkeep
|turn|66
|
|t:|1779580352
|move|p2a: Walking Wake|Surf|p1a: Fezandipiti
|-damage|p1a: Fezandipiti|0 fnt
|faint|p1a: Fezandipiti
|
|upkeep
|
|t:|1779580356
|switch|p1a: Hydrapple|Hydrapple, M|86/100
|-damage|p1a: Hydrapple|73/100|[from] Stealth Rock
|-damage|p1a: Hydrapple|57/100|[from] Spikes
|turn|67
|
|t:|1779580358
|switch|p1a: Rotom|Rotom-Wash, tera:Steel|41/100
|-damage|p1a: Rotom|35/100|[from] Stealth Rock
|move|p2a: Walking Wake|Dragon Pulse|p1a: Rotom
|-resisted|p1a: Rotom
|-damage|p1a: Rotom|13/100
|
|-heal|p1a: Rotom|19/100|[from] item: Leftovers
|upkeep
|turn|68
|
|t:|1779580361
|move|p2a: Walking Wake|Dragon Pulse|p1a: Rotom
|-resisted|p1a: Rotom
|-damage|p1a: Rotom|0 fnt
|faint|p1a: Rotom
|
|upkeep
|
|t:|1779580362
|switch|p1a: Hydrapple|Hydrapple, M|90/100
|-damage|p1a: Hydrapple|77/100|[from] Stealth Rock
|-damage|p1a: Hydrapple|61/100|[from] Spikes
|turn|69
|
|t:|1779580364
|move|p2a: Walking Wake|Dragon Pulse|p1a: Hydrapple
|-supereffective|p1a: Hydrapple
|-damage|p1a: Hydrapple|0 fnt
|faint|p1a: Hydrapple
|
|win|rockeater9000
|raw|yoribori's rating: 1654 &rarr; <strong>1632</strong><br />(-22 for losing)
|raw|rockeater9000's rating: 1620 &rarr; <strong>1642</strong><br />(+22 for winning)
