|j|☆Rafnaqi
|j|☆zuz lemw
|t:|1779709528
|gametype|singles
|player|p1|Rafnaqi|skyla|1088
|player|p2|zuz lemw|iris|1046
|gen|9
|tier|[Gen 9] OU
|rated|
|rule|HP Percentage Mod: HP is shown in percentages
|rule|Endless Battle Clause: Forcing endless battles is banned
|rule|Species Clause: Limit one of each Pokémon
|rule|OHKO Clause: OHKO moves are banned
|rule|Evasion Items Clause: Evasion items are banned
|rule|Evasion Moves Clause: Evasion moves are banned
|rule|Evasion Abilities Clause: Evasion abilities are banned
|rule|Sleep Moves Clause: Sleep-inducing moves are banned
|clearpoke
|poke|p1|Tsareena, F|
|poke|p1|Glimmora, M|
|poke|p1|Blastoise, M|
|poke|p1|Gliscor, F|
|poke|p1|Dragapult, M|
|poke|p1|Scizor, M|
|poke|p2|Mimikyu, F|
|poke|p2|Primarina, M|
|poke|p2|Diancie|
|poke|p2|Tinkaton, F|
|poke|p2|Sylveon, M|
|poke|p2|Hatterene, F|
|teampreview
|inactive|Battle timer is ON: inactive players will automatically lose when time's up. (requested by zuz lemw)
|inactive|Rafnaqi has 120 seconds left.
|
|t:|1779709576
|teamsize|p1|6
|teamsize|p2|6
|start
|switch|p1a: Gliscor|Gliscor, F|100/100
|switch|p2a: Witchy|Hatterene, F|100/100
|turn|1
|
|t:|1779709583
|switch|p1a: Blastoise|Blastoise, M|100/100
|move|p2a: Witchy|Trick Room|p2a: Witchy
|-fieldstart|move: Trick Room|[of] p2a: Witchy
|
|upkeep
|turn|2
|
|t:|1779709599
|move|p2a: Witchy|Giga Drain|p1a: Blastoise
|-supereffective|p1a: Blastoise
|-damage|p1a: Blastoise|69/100
|move|p1a: Blastoise|Flip Turn|p2a: Witchy
|-damage|p2a: Witchy|84/100
|inactive|Rafnaqi has 120 seconds left.
|
|t:|1779709623
|switch|p1a: Glimmora|Glimmora, M|100/100|[from] Flip Turn
|
|-heal|p2a: Witchy|90/100|[from] item: Leftovers
|upkeep
|turn|3
|
|t:|1779709632
|-terastallize|p2a: Witchy|Steel
|move|p2a: Witchy|Giga Drain|p1a: Glimmora
|-damage|p1a: Glimmora|68/100
|-heal|p2a: Witchy|100/100|[from] drain|[of] p1a: Glimmora
|move|p1a: Glimmora|Sludge Bomb|p2a: Witchy
|-immune|p2a: Witchy
|
|upkeep
|turn|4
|
|t:|1779709642
|switch|p1a: Scizor|Scizor, M|100/100
|move|p2a: Witchy|Giga Drain|p1a: Scizor
|-resisted|p1a: Scizor
|-damage|p1a: Scizor|93/100
|
|upkeep
|turn|5
|inactive|Rafnaqi has 120 seconds left.
|
|t:|1779709666
|switch|p2a: She got a hammer|Tinkaton, F, shiny|100/100
|move|p1a: Scizor|Swords Dance|p1a: Scizor
|-boost|p1a: Scizor|atk|2
|
|-fieldend|move: Trick Room
|upkeep
|turn|6
|inactive|Rafnaqi has 120 seconds left.
|
|t:|1779709686
|move|p2a: She got a hammer|Reflect|p2a: She got a hammer
|-sidestart|p2: zuz lemw|Reflect
|move|p1a: Scizor|Swords Dance|p1a: Scizor
|-boost|p1a: Scizor|atk|2
|
|upkeep
|turn|7
|
|t:|1779709693
|move|p2a: She got a hammer|Stone Edge|p1a: Scizor|[miss]
|-miss|p2a: She got a hammer|p1a: Scizor
|move|p1a: Scizor|Swords Dance|p1a: Scizor
|-boost|p1a: Scizor|atk|2
|
|upkeep
|turn|8
|inactive|Rafnaqi has 120 seconds left.
|
|t:|1779709700
|move|p2a: She got a hammer|Stone Edge|p1a: Scizor
|-damage|p1a: Scizor|72/100
|move|p1a: Scizor|Brick Break|p2a: She got a hammer
|-sideend|p2: zuz lemw|Reflect
|-damage|p2a: She got a hammer|1/100
|
|-heal|p2a: She got a hammer|8/100|[from] item: Leftovers
|upkeep
|turn|9
|
|t:|1779709709
|move|p1a: Scizor|Bullet Punch|p2a: She got a hammer
|-damage|p2a: She got a hammer|0 fnt
|faint|p2a: She got a hammer
|
|upkeep
|
|t:|1779709711
|switch|p2a: Leoawa|Primarina, M|100/100
|turn|10
|
|t:|1779709723
|-terastallize|p1a: Scizor|Steel
|move|p1a: Scizor|Bullet Punch|p2a: Leoawa
|-damage|p2a: Leoawa|0 fnt
|faint|p2a: Leoawa
|
|upkeep
|
|t:|1779709738
|switch|p2a: Witchy|Hatterene, F, tera:Steel|100/100
|turn|11
|
|t:|1779709741
|move|p1a: Scizor|Brick Break|p2a: Witchy
|-supereffective|p2a: Witchy
|-damage|p2a: Witchy|0 fnt
|faint|p2a: Witchy
|
|upkeep
|
|t:|1779709745
|switch|p2a: Saiko|Sylveon, M|100/100
|turn|12
|
|t:|1779709749
|move|p1a: Scizor|Bullet Punch|p2a: Saiko
|-supereffective|p2a: Saiko
|-damage|p2a: Saiko|0 fnt
|faint|p2a: Saiko
|
|upkeep
|
|t:|1779709751
|switch|p2a: Yashimi|Mimikyu, F, shiny|100/100
|turn|13
|
|t:|1779709757
|move|p1a: Scizor|Bullet Punch|p2a: Yashimi
|-activate|p2a: Yashimi|ability: Disguise
|-damage|p2a: Yashimi|100/100
|detailschange|p2a: Yashimi|Mimikyu-Busted, F, shiny
|-damage|p2a: Yashimi|88/100|[from] pokemon: Mimikyu-Busted
|move|p2a: Yashimi|Drain Punch|p1a: Scizor
|-supereffective|p1a: Scizor
|-damage|p1a: Scizor|40/100
|-heal|p2a: Yashimi|100/100|[from] drain|[of] p1a: Scizor
|
|upkeep
|turn|14
|
|t:|1779709768
|move|p1a: Scizor|Bullet Punch|p2a: Yashimi
|-supereffective|p2a: Yashimi
|-damage|p2a: Yashimi|0 fnt
|faint|p2a: Yashimi
|
|upkeep
|
|t:|1779709769
|switch|p2a: Dyan|Diancie|100/100
|turn|15
|
|t:|1779709775
|move|p1a: Scizor|Bullet Punch|p2a: Dyan
|-supereffective|p2a: Dyan
|-damage|p2a: Dyan|0 fnt
|faint|p2a: Dyan
|
|win|Rafnaqi
|raw|Rafnaqi's rating: 1088 &rarr; <strong>1112</strong><br />(+24 for winning)
|raw|zuz lemw's rating: 1046 &rarr; <strong>1031</strong><br />(-15 for losing)
|l|☆zuz lemw
|player|p2|
