|j|☆Thederpa1
|j|☆hide on top10
|t:|1779700405
|gametype|singles
|player|p1|Thederpa1|swimmer-gen4dp|1495
|player|p2|hide on top10|265|1640
|gen|9
|tier|[Gen 9] OU
|rated|
|rule|HP Percentage Mod: HP is shown in percentages
|rule|Endless Battle Clause: Forcing endless battles is banned
|rule|Species Clause: Limit one of each Pokémon
|rule|OHKO Clause: OHKO moves are banned
|rule|Evasion Items Clause: Evasion items are banned
|rule|Evasion Moves Clause: Evasion moves are banned
|rule|Evasion Abilities Clause: Evasion abilities are banned
|rule|Sleep Moves Clause: Sleep-inducing moves are banned
|clearpoke
|poke|p1|Iron Treads|
|poke|p1|Conkeldurr, F|
|poke|p1|Alomomola, F|
|poke|p1|Slowking-Galar, F|
|poke|p1|Darkrai|
|poke|p1|Kyurem|
|poke|p2|Tyranitar, M|
|poke|p2|Excadrill, F|
|poke|p2|Keldeo-Resolute|
|poke|p2|Tornadus-Therian, M|
|poke|p2|Heatran, M|
|poke|p2|Hydrapple, M|
|teampreview
|inactive|Battle timer is ON: inactive players will automatically lose when time's up. (requested by Thederpa1)
|inactive|hide on top10 has 120 seconds left.
|inactive|hide on top10 has 90 seconds left.
|
|t:|1779700502
|teamsize|p1|6
|teamsize|p2|6
|start
|switch|p1a: Iron Treads|Iron Treads|100/100
|switch|p2a: Tornadus|Tornadus-Therian, M|100/100
|-enditem|p1a: Iron Treads|Booster Energy
|-activate|p1a: Iron Treads|ability: Quark Drive|[fromitem]
|-start|p1a: Iron Treads|quarkdrivespe
|turn|1
|
|t:|1779700513
|-end|p1a: Iron Treads|Quark Drive|[silent]
|switch|p1a: Slowking|Slowking-Galar, F|100/100
|move|p2a: Tornadus|Heat Wave|p1a: Slowking|[miss]
|-miss|p2a: Tornadus|p1a: Slowking
|
|upkeep
|turn|2
|
|t:|1779700520
|move|p2a: Tornadus|U-turn|p1a: Slowking
|-damage|p1a: Slowking|86/100
|
|t:|1779700524
|switch|p2a: Heatran|Heatran, M|100/100|[from] U-turn
|-prepare|p1a: Slowking|Chilly Reception|[premajor]
|move|p1a: Slowking|Chilly Reception|p1a: Slowking
|-weather|Snowscape
|
|t:|1779700528
|switch|p1a: Iron Treads|Iron Treads|100/100|[from] Chilly Reception
|
|-weather|Snowscape|[upkeep]
|upkeep
|turn|3
|
|t:|1779700543
|switch|p2a: Hydrapple|Hydrapple, M|100/100
|move|p1a: Iron Treads|Earthquake|p2a: Hydrapple
|-resisted|p2a: Hydrapple
|-damage|p2a: Hydrapple|91/100
|
|-weather|Snowscape|[upkeep]
|upkeep
|turn|4
|
|t:|1779700557
|-terastallize|p1a: Iron Treads|Ghost
|move|p1a: Iron Treads|Stealth Rock|p2a: Hydrapple
|-sidestart|p2: hide on top10|move: Stealth Rock
|move|p2a: Hydrapple|Earth Power|p1a: Iron Treads
|-damage|p1a: Iron Treads|76/100
|
|-weather|Snowscape|[upkeep]
|upkeep
|turn|5
|
|t:|1779700564
|-end|p1a: Iron Treads|Quark Drive|[silent]
|switch|p1a: Slowking|Slowking-Galar, F|100/100
|move|p2a: Hydrapple|Nasty Plot|p2a: Hydrapple
|-boost|p2a: Hydrapple|spa|2
|
|-weather|Snowscape|[upkeep]
|upkeep
|turn|6
|
|t:|1779700585
|switch|p2a: Heatran|Heatran, M|100/100
|-damage|p2a: Heatran|88/100|[from] Stealth Rock
|move|p1a: Slowking|Sludge Bomb|p2a: Heatran
|-immune|p2a: Heatran
|
|-weather|none
|-heal|p2a: Heatran|94/100|[from] item: Leftovers
|upkeep
|turn|7
|
|t:|1779700591
|move|p2a: Heatran|Taunt|p1a: Slowking
|-start|p1a: Slowking|move: Taunt
|cant|p1a: Slowking|move: Taunt|Thunder Wave
|
|-heal|p2a: Heatran|100/100|[from] item: Leftovers
|upkeep
|turn|8
|
|t:|1779700600
|switch|p1a: Alomomola|Alomomola, F|100/100
|move|p2a: Heatran|Magma Storm|p1a: Alomomola
|-resisted|p1a: Alomomola
|-damage|p1a: Alomomola|77/100
|-activate|p1a: Alomomola|move: Magma Storm|[of] p2a: Heatran
|
|-damage|p1a: Alomomola|65/100|[from] move: Magma Storm|[partiallytrapped]
|upkeep
|turn|9
|
|t:|1779700609
|switch|p2a: Hydrapple|Hydrapple, M|100/100
|-damage|p2a: Hydrapple|88/100|[from] Stealth Rock
|move|p1a: Alomomola|Flip Turn|p2a: Hydrapple
|-resisted|p2a: Hydrapple
|-damage|p2a: Hydrapple|86/100
|-damage|p1a: Alomomola|48/100|[from] item: Rocky Helmet|[of] p2a: Hydrapple
|
|t:|1779700612
|switch|p1a: Kyurem|Kyurem|100/100|[from] Flip Turn
|-ability|p1a: Kyurem|Pressure
|
|upkeep
|turn|10
|inactive|hide on top10 has 120 seconds left.
|
|t:|1779700658
|switch|p2a: Tyranitar|Tyranitar, M|100/100
|-damage|p2a: Tyranitar|88/100|[from] Stealth Rock
|-weather|Sandstorm|[from] ability: Sand Stream|[of] p2a: Tyranitar
|move|p1a: Kyurem|Substitute|p1a: Kyurem
|-start|p1a: Kyurem|Substitute
|-damage|p1a: Kyurem|76/100
|
|-weather|Sandstorm|[upkeep]
|-damage|p1a: Kyurem|69/100|[from] Sandstorm
|upkeep
|turn|11
|
|t:|1779700672
|move|p1a: Kyurem|Earth Power|p2a: Tyranitar
|-supereffective|p2a: Tyranitar
|-damage|p2a: Tyranitar|54/100
|-unboost|p2a: Tyranitar|spd|1
|move|p2a: Tyranitar|Knock Off|p1a: Kyurem
|-end|p1a: Kyurem|Substitute
|
|-weather|Sandstorm|[upkeep]
|-damage|p1a: Kyurem|63/100|[from] Sandstorm
|upkeep
|turn|12
|
|t:|1779700689
|switch|p2a: Keldeo|Keldeo-Resolute|100/100
|-damage|p2a: Keldeo|94/100|[from] Stealth Rock
|move|p1a: Kyurem|Earth Power|p2a: Keldeo
|-damage|p2a: Keldeo|66/100
|
|-weather|Sandstorm|[upkeep]
|-damage|p2a: Keldeo|60/100|[from] Sandstorm
|-damage|p1a: Kyurem|57/100|[from] Sandstorm
|upkeep
|turn|13
|
|t:|1779700704
|switch|p1a: Slowking|Slowking-Galar, F|100/100
|move|p2a: Keldeo|Flip Turn|p1a: Slowking
|-damage|p1a: Slowking|85/100
|inactive|hide on top10 has 90 seconds left.
|
|t:|1779700733
|switch|p2a: Excadrill|Excadrill, F|100/100|[from] Flip Turn
|-damage|p2a: Excadrill|97/100|[from] Stealth Rock
|-item|p2a: Excadrill|Air Balloon
|
|-weather|Sandstorm|[upkeep]
|-damage|p1a: Slowking|78/100|[from] Sandstorm
|upkeep
|turn|14
|
|t:|1779700739
|switch|p1a: Alomomola|Alomomola, F|81/100
|move|p2a: Excadrill|Rapid Spin|p1a: Alomomola
|-damage|p1a: Alomomola|71/100
|-boost|p2a: Excadrill|spe|1
|-damage|p2a: Excadrill|81/100|[from] item: Rocky Helmet|[of] p1a: Alomomola
|-sideend|p2: hide on top10|Stealth Rock|[from] move: Rapid Spin|[of] p2a: Excadrill
|
|-weather|none
|upkeep
|turn|15
|inactive|hide on top10 has 90 seconds left.
|
|t:|1779700754
|switch|p2a: Tornadus|Tornadus-Therian, M|100/100
|move|p1a: Alomomola|Flip Turn|p2a: Tornadus
|-damage|p2a: Tornadus|82/100
|
|t:|1779700770
|switch|p1a: Darkrai|Darkrai|100/100|[from] Flip Turn
|
|upkeep
|turn|16
|
|t:|1779700778
|move|p1a: Darkrai|Dark Pulse|p2a: Tornadus
|-damage|p2a: Tornadus|13/100
|move|p2a: Tornadus|U-turn|p1a: Darkrai
|-supereffective|p1a: Darkrai
|-damage|p1a: Darkrai|60/100
|inactive|hide on top10 has 90 seconds left.
|
|t:|1779700790
|switch|p2a: Keldeo|Keldeo-Resolute|60/100|[from] U-turn
|
|upkeep
|turn|17
|inactive|hide on top10 has 90 seconds left.
|
|t:|1779700802
|switch|p1a: Slowking|Slowking-Galar, F|100/100
|move|p2a: Keldeo|Vacuum Wave|p1a: Slowking
|-resisted|p1a: Slowking
|-damage|p1a: Slowking|96/100
|
|upkeep
|turn|18
|inactive|hide on top10 has 90 seconds left.
|
|t:|1779700812
|switch|p2a: Heatran|Heatran, M|100/100
|-prepare|p1a: Slowking|Chilly Reception|[premajor]
|move|p1a: Slowking|Chilly Reception|p1a: Slowking
|-weather|Snowscape
|
|t:|1779700816
|switch|p1a: Iron Treads|Iron Treads, tera:Ghost|76/100|[from] Chilly Reception
|
|-weather|Snowscape|[upkeep]
|upkeep
|turn|19
|
|t:|1779700828
|switch|p2a: Hydrapple|Hydrapple, M|100/100
|move|p1a: Iron Treads|Stealth Rock|p2a: Hydrapple
|-sidestart|p2: hide on top10|move: Stealth Rock
|
|-weather|Snowscape|[upkeep]
|upkeep
|turn|20
|
|t:|1779700834
|-end|p1a: Iron Treads|Quark Drive|[silent]
|switch|p1a: Slowking|Slowking-Galar, F|100/100
|move|p2a: Hydrapple|Nasty Plot|p2a: Hydrapple
|-boost|p2a: Hydrapple|spa|2
|
|-weather|Snowscape|[upkeep]
|upkeep
|turn|21
|
|t:|1779700842
|move|p2a: Hydrapple|Earth Power|p1a: Slowking
|-supereffective|p1a: Slowking
|-damage|p1a: Slowking|40/100
|move|p1a: Slowking|Sludge Bomb|p2a: Hydrapple
|-supereffective|p2a: Hydrapple
|-damage|p2a: Hydrapple|38/100
|
|-weather|Snowscape|[upkeep]
|upkeep
|turn|22
|
|t:|1779700880
|switch|p1a: Alomomola|Alomomola, F|100/100
|move|p2a: Hydrapple|Fickle Beam|p1a: Alomomola|[anim] Fickle Beam All Out
|-activate|p2a: Hydrapple|move: Fickle Beam
|-damage|p1a: Alomomola|0 fnt
|faint|p1a: Alomomola
|
|-weather|none
|upkeep
|
|t:|1779700885
|switch|p1a: Darkrai|Darkrai|60/100
|turn|23
|inactive|hide on top10 has 90 seconds left.
|inactive|hide on top10 has 60 seconds left.
|
|t:|1779700951
|switch|p2a: Heatran|Heatran, M|100/100
|-damage|p2a: Heatran|88/100|[from] Stealth Rock
|move|p1a: Darkrai|Dark Pulse|p2a: Heatran
|-damage|p2a: Heatran|47/100
|
|-heal|p2a: Heatran|53/100|[from] item: Leftovers
|upkeep
|turn|24
|
|t:|1779700969
|switch|p2a: Tornadus|Tornadus-Therian, M|46/100
|move|p1a: Darkrai|Dark Pulse|p2a: Tornadus
|-damage|p2a: Tornadus|0 fnt
|faint|p2a: Tornadus
|
|upkeep
|
|t:|1779700977
|switch|p2a: Keldeo|Keldeo-Resolute|60/100
|-damage|p2a: Keldeo|54/100|[from] Stealth Rock
|turn|25
|
|t:|1779700983
|move|p1a: Darkrai|Dark Pulse|p2a: Keldeo
|-resisted|p2a: Keldeo
|-damage|p2a: Keldeo|16/100
|-ability|p2a: Keldeo|Justified|boost
|-boost|p2a: Keldeo|atk|1
|move|p2a: Keldeo|Flip Turn|p1a: Darkrai
|-damage|p1a: Darkrai|32/100
|
|t:|1779700999
|switch|p2a: Tyranitar|Tyranitar, M|54/100|[from] Flip Turn
|-damage|p2a: Tyranitar|42/100|[from] Stealth Rock
|-weather|Sandstorm|[from] ability: Sand Stream|[of] p2a: Tyranitar
|
|-weather|Sandstorm|[upkeep]
|-damage|p1a: Darkrai|26/100|[from] Sandstorm
|upkeep
|turn|26
|
|t:|1779701006
|switch|p1a: Iron Treads|Iron Treads, tera:Ghost|76/100
|move|p2a: Tyranitar|Knock Off|p1a: Iron Treads
|-supereffective|p1a: Iron Treads
|-damage|p1a: Iron Treads|0 fnt
|faint|p1a: Iron Treads
|-end|p1a: Iron Treads|Quark Drive|[silent]
|
|-weather|Sandstorm|[upkeep]
|upkeep
|
|t:|1779701013
|switch|p1a: Conkeldurr|Conkeldurr, F|100/100
|turn|27
|inactive|hide on top10 has 30 seconds left.
|inactive|hide on top10 has 20 seconds left.
|inactive|hide on top10 has 15 seconds left.
|inactive|hide on top10 has 10 seconds left.
|
|t:|1779701058
|switch|p2a: Hydrapple|Hydrapple, M|72/100
|-damage|p2a: Hydrapple|59/100|[from] Stealth Rock
|move|p1a: Conkeldurr|Mach Punch|p2a: Hydrapple
|-damage|p2a: Hydrapple|45/100
|-damage|p1a: Conkeldurr|84/100|[from] item: Rocky Helmet|[of] p2a: Hydrapple
|
|-weather|Sandstorm|[upkeep]
|-damage|p1a: Conkeldurr|78/100|[from] Sandstorm
|-damage|p2a: Hydrapple|39/100|[from] Sandstorm
|-status|p1a: Conkeldurr|brn|[from] item: Flame Orb
|upkeep
|turn|28
|inactive|hide on top10 has 20 seconds left this turn.
|inactive|hide on top10 has 15 seconds left.
|inactive|hide on top10 has 10 seconds left.
|inactive|hide on top10 has 5 seconds left.
|
|t:|1779701076
|switch|p1a: Slowking|Slowking-Galar, F|73/100
|-terastallize|p2a: Hydrapple|Fairy
|move|p2a: Hydrapple|Giga Drain|p1a: Slowking
|-resisted|p1a: Slowking
|-damage|p1a: Slowking|64/100
|-heal|p2a: Hydrapple|44/100|[from] drain|[of] p1a: Slowking
|
|-weather|Sandstorm|[upkeep]
|-damage|p2a: Hydrapple|38/100|[from] Sandstorm
|-damage|p1a: Slowking|58/100|[from] Sandstorm
|upkeep
|turn|29
|inactive|hide on top10 has 15 seconds left this turn.
|inactive|hide on top10 has 10 seconds left.
|
|t:|1779701081
|switch|p2a: Heatran|Heatran, M|53/100
|-damage|p2a: Heatran|40/100|[from] Stealth Rock
|-prepare|p1a: Slowking|Chilly Reception|[premajor]
|move|p1a: Slowking|Chilly Reception|p1a: Slowking
|-weather|Snowscape
|
|t:|1779701088
|switch|p1a: Kyurem|Kyurem|57/100|[from] Chilly Reception
|-ability|p1a: Kyurem|Pressure
|
|-weather|Snowscape|[upkeep]
|-heal|p2a: Heatran|47/100|[from] item: Leftovers
|upkeep
|turn|30
|inactive|hide on top10 has 25 seconds left this turn.
|inactive|hide on top10 has 20 seconds left.
|inactive|hide on top10 has 15 seconds left.
|inactive|hide on top10 has 10 seconds left.
|
|t:|1779701105
|switch|p2a: Tyranitar|Tyranitar, M|42/100
|-damage|p2a: Tyranitar|30/100|[from] Stealth Rock
|-weather|Sandstorm|[from] ability: Sand Stream|[of] p2a: Tyranitar
|move|p1a: Kyurem|Substitute|p1a: Kyurem
|-start|p1a: Kyurem|Substitute
|-damage|p1a: Kyurem|32/100
|
|-weather|Sandstorm|[upkeep]
|-damage|p1a: Kyurem|26/100|[from] Sandstorm
|upkeep
|turn|31
|inactive|hide on top10 has 20 seconds left this turn.
|inactive|hide on top10 has 15 seconds left.
|inactive|hide on top10 has 10 seconds left.
|inactive|hide on top10 has 5 seconds left.
|
|t:|1779701134
|switch|p2a: Keldeo|Keldeo-Resolute|16/100
|-damage|p2a: Keldeo|10/100|[from] Stealth Rock
|move|p1a: Kyurem|Earth Power|p2a: Keldeo
|-damage|p2a: Keldeo|0 fnt
|faint|p2a: Keldeo
|
|-weather|Sandstorm|[upkeep]
|-damage|p1a: Kyurem|20/100|[from] Sandstorm
|upkeep
|inactive|hide on top10 has 10 seconds left this turn.
|inactive|hide on top10 has 5 seconds left.
|
|t:|1779701142
|switch|p2a: Hydrapple|Hydrapple, M, tera:Fairy|71/100
|-damage|p2a: Hydrapple|59/100|[from] Stealth Rock
|turn|32
|inactive|hide on top10 has 15 seconds left this turn.
|
|t:|1779701152
|move|p1a: Kyurem|Freeze-Dry|p2a: Hydrapple
|-damage|p2a: Hydrapple|28/100
|move|p2a: Hydrapple|Fickle Beam|p1a: Kyurem|[anim] Fickle Beam All Out
|-activate|p2a: Hydrapple|move: Fickle Beam
|-supereffective|p1a: Kyurem
|-end|p1a: Kyurem|Substitute
|
|-weather|Sandstorm|[upkeep]
|-damage|p1a: Kyurem|14/100|[from] Sandstorm
|-damage|p2a: Hydrapple|22/100|[from] Sandstorm
|upkeep
|turn|33
|inactive|hide on top10 has 25 seconds left this turn.
|l|☆Thederpa1
|inactive|Thederpa1 disconnected and has a minute to reconnect!
|player|p1|
|inactive|hide on top10 has 20 seconds left.
|inactive|hide on top10 has 15 seconds left.
|j|☆Thederpa1
|inactive|Thederpa1 reconnected and has 125 seconds left.
|player|p1|Thederpa1|swimmer-gen4dp|
|
|t:|1779701179
|switch|p2a: Heatran|Heatran, M|47/100
|-damage|p2a: Heatran|34/100|[from] Stealth Rock
|move|p1a: Kyurem|Freeze-Dry|p2a: Heatran
|-resisted|p2a: Heatran
|-damage|p2a: Heatran|29/100
|
|-weather|Sandstorm|[upkeep]
|-damage|p1a: Kyurem|8/100|[from] Sandstorm
|-heal|p2a: Heatran|35/100|[from] item: Leftovers
|upkeep
|turn|34
|inactive|hide on top10 has 25 seconds left this turn.
|inactive|hide on top10 has 20 seconds left.
|inactive|hide on top10 has 15 seconds left.
|inactive|hide on top10 has 10 seconds left.
|
|t:|1779701195
|switch|p2a: Hydrapple|Hydrapple, M, tera:Fairy|56/100
|-damage|p2a: Hydrapple|43/100|[from] Stealth Rock
|move|p1a: Kyurem|Earth Power|p2a: Hydrapple
|-damage|p2a: Hydrapple|18/100
|
|-weather|none
|upkeep
|turn|35
|inactive|hide on top10 has 20 seconds left this turn.
|inactive|hide on top10 has 15 seconds left.
|inactive|hide on top10 has 10 seconds left.
|inactive|hide on top10 has 5 seconds left.
|
|t:|1779701211
|move|p1a: Kyurem|Earth Power|p2a: Hydrapple
|-damage|p2a: Hydrapple|0 fnt
|faint|p2a: Hydrapple
|
|upkeep
|inactive|hide on top10 has 10 seconds left this turn.
|inactive|hide on top10 has 5 seconds left.
|
|t:|1779701217
|switch|p2a: Tyranitar|Tyranitar, M|30/100
|-damage|p2a: Tyranitar|17/100|[from] Stealth Rock
|-weather|Sandstorm|[from] ability: Sand Stream|[of] p2a: Tyranitar
|turn|36
|inactive|hide on top10 has 15 seconds left this turn.
|
|t:|1779701220
|move|p1a: Kyurem|Earth Power|p2a: Tyranitar
|-supereffective|p2a: Tyranitar
|-damage|p2a: Tyranitar|0 fnt
|faint|p2a: Tyranitar
|
|-weather|Sandstorm|[upkeep]
|-damage|p1a: Kyurem|1/100|[from] Sandstorm
|upkeep
|inactive|hide on top10 has 20 seconds left this turn.
|
|t:|1779701222
|switch|p2a: Excadrill|Excadrill, F|81/100
|-damage|p2a: Excadrill|78/100|[from] Stealth Rock
|-item|p2a: Excadrill|Air Balloon
|turn|37
|inactive|hide on top10 has 30 seconds left this turn.
|
|t:|1779701229
|move|p2a: Excadrill|Rapid Spin|p1a: Kyurem
|-damage|p1a: Kyurem|0 fnt
|-boost|p2a: Excadrill|spe|1
|-sideend|p2: hide on top10|Stealth Rock|[from] move: Rapid Spin|[of] p2a: Excadrill
|faint|p1a: Kyurem
|
|-weather|Sandstorm|[upkeep]
|upkeep
|
|t:|1779701232
|switch|p1a: Conkeldurr|Conkeldurr, F|78/100 brn
|turn|38
|inactive|hide on top10 has 30 seconds left.
|
|t:|1779701250
|move|p1a: Conkeldurr|Mach Punch|p2a: Excadrill
|-supereffective|p2a: Excadrill
|-damage|p2a: Excadrill|0 fnt
|-enditem|p2a: Excadrill|Air Balloon
|faint|p2a: Excadrill
|
|-weather|Sandstorm|[upkeep]
|-damage|p1a: Conkeldurr|72/100 brn|[from] Sandstorm
|-damage|p1a: Conkeldurr|66/100 brn|[from] brn
|upkeep
|-message|hide on top10 forfeited.
|
|win|Thederpa1
|raw|Thederpa1's rating: 1495 &rarr; <strong>1523</strong><br />(+28 for winning)
|raw|hide on top10's rating: 1640 &rarr; <strong>1612</strong><br />(-28 for losing)
|l|☆hide on top10
|player|p2|
|c|☆Thederpa1|Gg
