|j|☆TWENNY7
|j|☆Dragonking732
|t:|1779600415
|gametype|singles
|player|p1|TWENNY7|hau-stance|1527
|player|p2|Dragonking732|alder|1518
|gen|9
|tier|[Gen 9] OU
|rated|
|rule|HP Percentage Mod: HP is shown in percentages
|rule|Endless Battle Clause: Forcing endless battles is banned
|rule|Species Clause: Limit one of each Pokémon
|rule|OHKO Clause: OHKO moves are banned
|rule|Evasion Items Clause: Evasion items are banned
|rule|Evasion Moves Clause: Evasion moves are banned
|rule|Evasion Abilities Clause: Evasion abilities are banned
|rule|Sleep Moves Clause: Sleep-inducing moves are banned
|clearpoke
|poke|p1|Iron Valiant|
|poke|p1|Tyranitar, F|
|poke|p1|Zapdos|
|poke|p1|Darkrai|
|poke|p1|Okidogi, M|
|poke|p1|Ogerpon, F|
|poke|p2|Skarmory, M|
|poke|p2|Ting-Lu|
|poke|p2|Zamazenta-*|
|poke|p2|Weavile, M|
|poke|p2|Kyurem|
|poke|p2|Slowking-Galar, F|
|teampreview
|inactive|Battle timer is ON: inactive players will automatically lose when time's up. (requested by TWENNY7)
|inactive|Dragonking732 also wants the timer to be on.
|
|t:|1779600429
|teamsize|p1|6
|teamsize|p2|6
|start
|switch|p1a: Zzz|Darkrai|100/100
|switch|p2a: Ting-Lu|Ting-Lu|100/100
|-ability|p2a: Ting-Lu|Vessel of Ruin
|turn|1
|
|t:|1779600432
|move|p1a: Zzz|Trick|p2a: Ting-Lu
|-activate|p1a: Zzz|move: Trick|[of] p2a: Ting-Lu
|-item|p2a: Ting-Lu|Choice Scarf|[from] move: Trick
|-item|p1a: Zzz|Heavy-Duty Boots|[from] move: Trick
|move|p2a: Ting-Lu|Spikes|p1a: Zzz
|-sidestart|p1: TWENNY7|Spikes
|
|upkeep
|turn|2
|
|t:|1779600456
|switch|p1a: PONDER|Ogerpon, F|100/100
|-damage|p1a: PONDER|88/100|[from] Spikes
|move|p2a: Ting-Lu|Spikes|p1a: PONDER
|-sidestart|p1: TWENNY7|Spikes
|
|upkeep
|turn|3
|
|t:|1779600459
|switch|p2a: Skarmory|Skarmory, M|100/100
|move|p1a: PONDER|Spikes|p2a: Skarmory
|-sidestart|p2: Dragonking732|Spikes
|
|upkeep
|turn|4
|
|t:|1779600462
|switch|p1a: SHOXY|Zapdos|100/100
|move|p2a: Skarmory|Stealth Rock|p1a: SHOXY
|-sidestart|p1: TWENNY7|move: Stealth Rock
|
|upkeep
|turn|5
|
|t:|1779600469
|switch|p1a: PONDER|Ogerpon, F|88/100
|-damage|p1a: PONDER|72/100|[from] Spikes
|-damage|p1a: PONDER|59/100|[from] Stealth Rock
|switch|p2a: Kyurem|Kyurem|100/100
|-ability|p2a: Kyurem|Pressure
|
|upkeep
|turn|6
|
|t:|1779600476
|move|p1a: PONDER|Low Kick|p2a: Kyurem
|-supereffective|p2a: Kyurem
|-damage|p2a: Kyurem|26/100
|move|p2a: Kyurem|Ice Beam|p1a: PONDER
|-supereffective|p1a: PONDER
|-damage|p1a: PONDER|0 fnt
|faint|p1a: PONDER
|
|upkeep
|
|t:|1779600483
|switch|p1a: CODE:red|Tyranitar, F, shiny|100/100
|-damage|p1a: CODE:red|84/100|[from] Spikes
|-damage|p1a: CODE:red|72/100|[from] Stealth Rock
|-weather|Sandstorm|[from] ability: Sand Stream|[of] p1a: CODE:red
|turn|7
|
|t:|1779600490
|switch|p2a: Zamazenta|Zamazenta|100/100
|-ability|p2a: Zamazenta|Dauntless Shield|boost
|-boost|p2a: Zamazenta|def|1
|move|p1a: CODE:red|Stealth Rock|p2a: Zamazenta
|-sidestart|p2: Dragonking732|move: Stealth Rock
|
|-weather|Sandstorm|[upkeep]
|-damage|p2a: Zamazenta|94/100|[from] Sandstorm
|upkeep
|turn|8
|
|t:|1779600493
|-terastallize|p1a: CODE:red|Ghost
|move|p2a: Zamazenta|Stone Edge|p1a: CODE:red
|-damage|p1a: CODE:red|45/100
|-enditem|p1a: CODE:red|Red Card|[of] p2a: Zamazenta
|drag|p2a: Slowking|Slowking-Galar, F|100/100
|move|p1a: CODE:red|Knock Off|p2a: Slowking
|-supereffective|p2a: Slowking
|-damage|p2a: Slowking|15/100
|-enditem|p2a: Slowking|Heavy-Duty Boots|[from] move: Knock Off|[of] p1a: CODE:red
|
|-weather|Sandstorm|[upkeep]
|-damage|p1a: CODE:red|39/100|[from] Sandstorm
|-damage|p2a: Slowking|9/100|[from] Sandstorm
|upkeep
|turn|9
|
|t:|1779600501
|switch|p2a: Skarmory|Skarmory, M|100/100
|-damage|p2a: Skarmory|88/100|[from] Stealth Rock
|move|p1a: CODE:red|Ice Beam|p2a: Skarmory
|-damage|p2a: Skarmory|61/100
|
|-weather|Sandstorm|[upkeep]
|-damage|p1a: CODE:red|33/100|[from] Sandstorm
|upkeep
|turn|10
|
|t:|1779600506
|move|p2a: Skarmory|Whirlwind|p1a: CODE:red
|drag|p1a: CASPER|Okidogi, M|100/100
|-damage|p1a: CASPER|84/100|[from] Spikes
|-damage|p1a: CASPER|78/100|[from] Stealth Rock
|
|-weather|Sandstorm|[upkeep]
|-damage|p1a: CASPER|71/100|[from] Sandstorm
|-heal|p1a: CASPER|78/100|[from] item: Leftovers
|upkeep
|turn|11
|
|t:|1779600512
|move|p1a: CASPER|Bulk Up|p1a: CASPER
|-boost|p1a: CASPER|atk|1
|-boost|p1a: CASPER|def|1
|move|p2a: Skarmory|Roost|p2a: Skarmory
|-heal|p2a: Skarmory|100/100
|-singleturn|p2a: Skarmory|move: Roost
|
|-weather|none
|-heal|p1a: CASPER|84/100|[from] item: Leftovers
|upkeep
|turn|12
|
|t:|1779600515
|move|p1a: CASPER|Bulk Up|p1a: CASPER
|-boost|p1a: CASPER|atk|1
|-boost|p1a: CASPER|def|1
|move|p2a: Skarmory|Whirlwind|p1a: CASPER
|-activate|p1a: CASPER|ability: Guard Dog
|
|-heal|p1a: CASPER|90/100|[from] item: Leftovers
|upkeep
|turn|13
|
|t:|1779600540
|switch|p2a: Ting-Lu|Ting-Lu|100/100
|-damage|p2a: Ting-Lu|88/100|[from] Spikes
|-damage|p2a: Ting-Lu|82/100|[from] Stealth Rock
|-ability|p2a: Ting-Lu|Vessel of Ruin
|move|p1a: CASPER|Drain Punch|p2a: Ting-Lu
|-supereffective|p2a: Ting-Lu
|-damage|p2a: Ting-Lu|11/100
|-heal|p1a: CASPER|100/100|[from] drain|[of] p2a: Ting-Lu
|
|upkeep
|turn|14
|
|t:|1779600546
|move|p1a: CASPER|Drain Punch|p2a: Ting-Lu
|-supereffective|p2a: Ting-Lu
|-damage|p2a: Ting-Lu|0 fnt
|faint|p2a: Ting-Lu
|
|upkeep
|
|t:|1779600549
|switch|p2a: Kyurem|Kyurem|26/100
|-ability|p2a: Kyurem|Pressure
|turn|15
|
|t:|1779600553
|move|p2a: Kyurem|Earth Power|p1a: CASPER
|-supereffective|p1a: CASPER
|-damage|p1a: CASPER|52/100
|move|p1a: CASPER|Drain Punch|p2a: Kyurem
|-supereffective|p2a: Kyurem
|-damage|p2a: Kyurem|0 fnt
|-heal|p1a: CASPER|67/100|[from] drain|[of] p2a: Kyurem
|faint|p2a: Kyurem
|
|-heal|p1a: CASPER|73/100|[from] item: Leftovers
|upkeep
|
|t:|1779600559
|switch|p2a: Skarmory|Skarmory, M|100/100
|-damage|p2a: Skarmory|88/100|[from] Stealth Rock
|turn|16
|
|t:|1779600561
|move|p1a: CASPER|Drain Punch|p2a: Skarmory
|-damage|p2a: Skarmory|48/100
|-heal|p1a: CASPER|92/100|[from] drain|[of] p2a: Skarmory
|-damage|p1a: CASPER|75/100|[from] item: Rocky Helmet|[of] p2a: Skarmory
|move|p2a: Skarmory|Brave Bird|p1a: CASPER
|-supereffective|p1a: CASPER
|-damage|p1a: CASPER|45/100
|-damage|p2a: Skarmory|37/100|[from] Recoil
|
|-heal|p1a: CASPER|51/100|[from] item: Leftovers
|upkeep
|turn|17
|
|t:|1779600566
|move|p1a: CASPER|Drain Punch|p2a: Skarmory
|-damage|p2a: Skarmory|3/100
|-heal|p1a: CASPER|67/100|[from] drain|[of] p2a: Skarmory
|-damage|p1a: CASPER|50/100|[from] item: Rocky Helmet|[of] p2a: Skarmory
|move|p2a: Skarmory|Brave Bird|p1a: CASPER
|-supereffective|p1a: CASPER
|-damage|p1a: CASPER|19/100
|-damage|p2a: Skarmory|0 fnt|[from] Recoil
|faint|p2a: Skarmory
|
|-heal|p1a: CASPER|26/100|[from] item: Leftovers
|upkeep
|
|t:|1779600568
|switch|p2a: Zamazenta|Zamazenta|94/100
|turn|18
|
|t:|1779600571
|move|p2a: Zamazenta|Crunch|p1a: CASPER
|-resisted|p1a: CASPER
|-damage|p1a: CASPER|19/100
|-unboost|p1a: CASPER|def|1
|move|p1a: CASPER|Drain Punch|p2a: Zamazenta
|-crit|p2a: Zamazenta
|-damage|p2a: Zamazenta|1/100
|-heal|p1a: CASPER|62/100|[from] drain|[of] p2a: Zamazenta
|
|-heal|p1a: CASPER|68/100|[from] item: Leftovers
|upkeep
|turn|19
|-message|Dragonking732 forfeited.
|
|win|TWENNY7
|raw|TWENNY7's rating: 1527 &rarr; <strong>1546</strong><br />(+19 for winning)
|raw|Dragonking732's rating: 1518 &rarr; <strong>1499</strong><br />(-19 for losing)
|l|☆Dragonking732
|player|p2|
|l|☆TWENNY7
|player|p1|
