|j|☆BiggieChed66
|j|‽Leap Call
|t:|1779675618
|gametype|singles
|player|p1|BiggieChed66|ghetsis-gen5bw|1386
|player|p2|Leap Call|1|1364
|gen|9
|tier|[Gen 9] OU
|rated|
|rule|HP Percentage Mod: HP is shown in percentages
|rule|Endless Battle Clause: Forcing endless battles is banned
|rule|Species Clause: Limit one of each Pokémon
|rule|OHKO Clause: OHKO moves are banned
|rule|Evasion Items Clause: Evasion items are banned
|rule|Evasion Moves Clause: Evasion moves are banned
|rule|Evasion Abilities Clause: Evasion abilities are banned
|rule|Sleep Moves Clause: Sleep-inducing moves are banned
|clearpoke
|poke|p1|Gholdengo|
|poke|p1|Gliscor, F|
|poke|p1|Iron Moth|
|poke|p1|Ogerpon-Wellspring, F|
|poke|p1|Zapdos|
|poke|p1|Quagsire, M|
|poke|p2|Pelipper, F|
|poke|p2|Lokix, M|
|poke|p2|Raging Bolt|
|poke|p2|Overqwil, M|
|poke|p2|Iron Treads|
|poke|p2|Kilowattrel, M|
|teampreview
|
|t:|1779675627
|teamsize|p1|6
|teamsize|p2|6
|start
|switch|p1a: Zapdos|Zapdos, shiny|100/100
|switch|p2a: Pelipper|Pelipper, F|100/100
|-weather|RainDance|[from] ability: Drizzle|[of] p2a: Pelipper
|turn|1
|inactive|Battle timer is ON: inactive players will automatically lose when time's up. (requested by BiggieChed66)
|
|t:|1779675633
|switch|p2a: Iron Treads|Iron Treads|100/100
|-item|p2a: Iron Treads|Air Balloon
|move|p1a: Zapdos|Hurricane|p2a: Iron Treads
|-resisted|p2a: Iron Treads
|-damage|p2a: Iron Treads|59/100
|-enditem|p2a: Iron Treads|Air Balloon
|
|-weather|RainDance|[upkeep]
|upkeep
|turn|2
|
|t:|1779675640
|move|p2a: Iron Treads|Stealth Rock|p1a: Zapdos
|-sidestart|p1: BiggieChed66|move: Stealth Rock
|move|p1a: Zapdos|Hurricane|p2a: Iron Treads
|-resisted|p2a: Iron Treads
|-damage|p2a: Iron Treads|22/100
|
|-weather|RainDance|[upkeep]
|upkeep
|turn|3
|
|t:|1779675645
|move|p2a: Iron Treads|Ice Spinner|p1a: Zapdos
|-supereffective|p1a: Zapdos
|-damage|p1a: Zapdos|40/100
|move|p1a: Zapdos|Hurricane|p2a: Iron Treads
|-resisted|p2a: Iron Treads
|-damage|p2a: Iron Treads|0 fnt
|faint|p2a: Iron Treads
|-end|p2a: Iron Treads|Quark Drive|[silent]
|
|-weather|RainDance|[upkeep]
|upkeep
|
|t:|1779675655
|switch|p2a: Kilowattrel|Kilowattrel, M|100/100
|turn|4
|
|t:|1779675662
|switch|p1a: Quagsire|Quagsire, M, shiny|100/100
|-damage|p1a: Quagsire|94/100|[from] Stealth Rock
|move|p2a: Kilowattrel|Thunder|p1a: Quagsire
|-immune|p1a: Quagsire
|
|-weather|RainDance|[upkeep]
|-heal|p1a: Quagsire|100/100|[from] item: Leftovers
|upkeep
|turn|5
|
|t:|1779675668
|-terastallize|p2a: Kilowattrel|Flying
|move|p2a: Kilowattrel|Hurricane|p1a: Quagsire
|-damage|p1a: Quagsire|2/100
|-damage|p2a: Kilowattrel|91/100|[from] item: Life Orb
|move|p1a: Quagsire|Toxic|p2a: Kilowattrel
|-status|p2a: Kilowattrel|tox
|
|-weather|RainDance|[upkeep]
|-heal|p1a: Quagsire|8/100|[from] item: Leftovers
|-damage|p2a: Kilowattrel|84/100 tox|[from] psn
|upkeep
|turn|6
|
|t:|1779675679
|move|p2a: Kilowattrel|Hurricane|p1a: Quagsire
|-damage|p1a: Quagsire|0 fnt
|faint|p1a: Quagsire
|-damage|p2a: Kilowattrel|75/100 tox|[from] item: Life Orb
|
|-weather|RainDance|[upkeep]
|-damage|p2a: Kilowattrel|62/100 tox|[from] psn
|upkeep
|
|t:|1779675687
|switch|p1a: Gholdengo|Gholdengo|100/100
|-damage|p1a: Gholdengo|94/100|[from] Stealth Rock
|turn|7
|
|t:|1779675691
|move|p1a: Gholdengo|Thunderbolt|p2a: Kilowattrel
|-heal|p2a: Kilowattrel|87/100 tox|[from] ability: Volt Absorb|[of] p1a: Gholdengo
|move|p2a: Kilowattrel|Volt Switch|p1a: Gholdengo
|-damage|p1a: Gholdengo|49/100
|-damage|p2a: Kilowattrel|77/100 tox|[from] item: Life Orb
|
|t:|1779675703
|switch|p2a: Raging Bolt|Raging Bolt|100/100|[from] Volt Switch
|
|-weather|RainDance|[upkeep]
|upkeep
|turn|8
|
|t:|1779675709
|switch|p1a: Zapdos|Zapdos, shiny|40/100
|move|p2a: Raging Bolt|Draco Meteor|p1a: Zapdos
|-damage|p1a: Zapdos|0 fnt
|-unboost|p2a: Raging Bolt|spa|2
|faint|p1a: Zapdos
|
|-weather|none
|upkeep
|
|t:|1779675712
|switch|p1a: Iron Moth|Iron Moth|100/100
|-damage|p1a: Iron Moth|76/100|[from] Stealth Rock
|-enditem|p1a: Iron Moth|Booster Energy
|-activate|p1a: Iron Moth|ability: Quark Drive|[fromitem]
|-start|p1a: Iron Moth|quarkdrivespe
|turn|9
|
|t:|1779675723
|-end|p2a: Raging Bolt|Protosynthesis|[silent]
|switch|p2a: Pelipper|Pelipper, F|100/100
|-weather|RainDance|[from] ability: Drizzle|[of] p2a: Pelipper
|-terastallize|p1a: Iron Moth|Fairy
|move|p1a: Iron Moth|Dazzling Gleam|p2a: Pelipper
|-damage|p2a: Pelipper|65/100
|
|-weather|RainDance|[upkeep]
|upkeep
|turn|10
|
|t:|1779675725
|move|p1a: Iron Moth|Sludge Wave|p2a: Pelipper
|-damage|p2a: Pelipper|18/100
|move|p2a: Pelipper|U-turn|p1a: Iron Moth
|-resisted|p1a: Iron Moth
|-damage|p1a: Iron Moth|69/100
|
|t:|1779675729
|switch|p2a: Overqwil|Overqwil, M|100/100|[from] U-turn
|
|-weather|RainDance|[upkeep]
|upkeep
|turn|11
|
|t:|1779675735
|move|p2a: Overqwil|Liquidation|p1a: Iron Moth
|-damage|p1a: Iron Moth|0 fnt
|faint|p1a: Iron Moth
|-end|p1a: Iron Moth|Quark Drive|[silent]
|-damage|p2a: Overqwil|91/100|[from] item: Life Orb
|
|-weather|RainDance|[upkeep]
|upkeep
|
|t:|1779675738
|switch|p1a: Gliscor|Gliscor, F|100/100
|-damage|p1a: Gliscor|88/100|[from] Stealth Rock
|turn|12
|
|t:|1779675748
|move|p1a: Gliscor|Protect|p1a: Gliscor
|-singleturn|p1a: Gliscor|Protect
|move|p2a: Overqwil|Liquidation|p1a: Gliscor
|-activate|p1a: Gliscor|move: Protect
|
|-weather|RainDance|[upkeep]
|-status|p1a: Gliscor|tox|[from] item: Toxic Orb
|upkeep
|turn|13
|
|t:|1779675752
|move|p2a: Overqwil|Liquidation|p1a: Gliscor
|-supereffective|p1a: Gliscor
|-damage|p1a: Gliscor|27/100 tox
|-damage|p2a: Overqwil|81/100|[from] item: Life Orb
|move|p1a: Gliscor|Earthquake|p2a: Overqwil
|-supereffective|p2a: Overqwil
|-damage|p2a: Overqwil|10/100
|
|-weather|RainDance|[upkeep]
|-heal|p1a: Gliscor|40/100 tox|[from] ability: Poison Heal
|upkeep
|turn|14
|
|t:|1779675764
|move|p1a: Gliscor|Protect|p1a: Gliscor
|-singleturn|p1a: Gliscor|Protect
|move|p2a: Overqwil|Crunch|p1a: Gliscor
|-activate|p1a: Gliscor|move: Protect
|
|-weather|RainDance|[upkeep]
|-heal|p1a: Gliscor|52/100 tox|[from] ability: Poison Heal
|upkeep
|turn|15
|
|t:|1779675770
|switch|p1a: Ogerpon|Ogerpon-Wellspring, F|100/100
|-damage|p1a: Ogerpon|88/100|[from] Stealth Rock
|move|p2a: Overqwil|Liquidation|p1a: Ogerpon
|-heal|p1a: Ogerpon|100/100|[from] ability: Water Absorb|[of] p2a: Overqwil
|
|-weather|RainDance|[upkeep]
|upkeep
|turn|16
|
|t:|1779675777
|move|p2a: Overqwil|Gunk Shot|p1a: Ogerpon|[miss]
|-miss|p2a: Overqwil|p1a: Ogerpon
|move|p1a: Ogerpon|Swords Dance|p1a: Ogerpon
|-boost|p1a: Ogerpon|atk|2
|
|-weather|none
|upkeep
|turn|17
|
|t:|1779675780
|switch|p2a: Pelipper|Pelipper, F|18/100
|-weather|RainDance|[from] ability: Drizzle|[of] p2a: Pelipper
|move|p1a: Ogerpon|Ivy Cudgel|p2a: Pelipper|[anim] Ivy Cudgel Water
|-resisted|p2a: Pelipper
|-damage|p2a: Pelipper|0 fnt
|faint|p2a: Pelipper
|
|-weather|RainDance|[upkeep]
|upkeep
|
|t:|1779675783
|switch|p2a: Overqwil|Overqwil, M|10/100
|turn|18
|
|t:|1779675787
|move|p2a: Overqwil|Gunk Shot|p1a: Ogerpon
|-supereffective|p1a: Ogerpon
|-damage|p1a: Ogerpon|0 fnt
|faint|p1a: Ogerpon
|-damage|p2a: Overqwil|0 fnt|[from] item: Life Orb
|faint|p2a: Overqwil
|
|-weather|RainDance|[upkeep]
|upkeep
|
|t:|1779675809
|switch|p1a: Gholdengo|Gholdengo|49/100
|switch|p2a: Raging Bolt|Raging Bolt|100/100
|-damage|p1a: Gholdengo|43/100|[from] Stealth Rock
|turn|19
|
|t:|1779675812
|move|p1a: Gholdengo|Shadow Ball|p2a: Raging Bolt
|-damage|p2a: Raging Bolt|60/100
|move|p2a: Raging Bolt|Weather Ball|p1a: Gholdengo
|-damage|p1a: Gholdengo|0 fnt
|faint|p1a: Gholdengo
|
|-weather|RainDance|[upkeep]
|upkeep
|
|t:|1779675817
|switch|p1a: Gliscor|Gliscor, F|52/100 tox
|-damage|p1a: Gliscor|40/100 tox|[from] Stealth Rock
|turn|20
|
|t:|1779675821
|move|p1a: Gliscor|Protect|p1a: Gliscor
|-singleturn|p1a: Gliscor|Protect
|move|p2a: Raging Bolt|Weather Ball|p1a: Gliscor
|-activate|p1a: Gliscor|move: Protect
|
|-weather|RainDance|[upkeep]
|-heal|p1a: Gliscor|52/100 tox|[from] ability: Poison Heal
|upkeep
|turn|21
|-message|BiggieChed66 forfeited.
|
|win|Leap Call
|raw|BiggieChed66's rating: 1386 &rarr; <strong>1365</strong><br />(-21 for losing)
|raw|Leap Call's rating: 1364 &rarr; <strong>1385</strong><br />(+21 for winning)
|l|☆BiggieChed66
|player|p1|
|l|‽Leap Call
|player|p2|
