|j|☆raptors in 6
|j|☆KING丶3266926956今余
|t:|1779636473
|gametype|singles
|player|p1|raptors in 6|psychic-gen4|1250
|player|p2|KING丶3266926956今余|dawn|1263
|gen|9
|tier|[Gen 9] OU
|rated|
|rule|HP Percentage Mod: HP is shown in percentages
|rule|Endless Battle Clause: Forcing endless battles is banned
|rule|Species Clause: Limit one of each Pokémon
|rule|OHKO Clause: OHKO moves are banned
|rule|Evasion Items Clause: Evasion items are banned
|rule|Evasion Moves Clause: Evasion moves are banned
|rule|Evasion Abilities Clause: Evasion abilities are banned
|rule|Sleep Moves Clause: Sleep-inducing moves are banned
|clearpoke
|poke|p1|Cramorant, F|
|poke|p1|Gallade, M|
|poke|p1|Kingambit, F|
|poke|p1|Iron Moth|
|poke|p1|Enamorus, F|
|poke|p1|Ogerpon-Cornerstone, F|
|poke|p2|Luxray, M|
|poke|p2|Noctowl, F|
|poke|p2|Alomomola, F|
|poke|p2|Meowstic, M|
|poke|p2|Incineroar, M|
|poke|p2|Meowscarada, F|
|teampreview
|inactive|Battle timer is ON: inactive players will automatically lose when time's up. (requested by KING丶3266926956今余)
|
|t:|1779636480
|teamsize|p1|6
|teamsize|p2|6
|start
|switch|p1a: Ogerpon|Ogerpon-Cornerstone, F|100/100
|switch|p2a: Meowscarada|Meowscarada, F|100/100
|turn|1
|j| biskotaf
|l| biskotaf
|inactive|raptors in 6 has 120 seconds left.
|inactive|raptors in 6 has 90 seconds left.
|
|t:|1779636548
|move|p2a: Meowscarada|Triple Axel|p1a: Ogerpon
|-start|p2a: Meowscarada|typechange|Ice|[from] ability: Protean
|-supereffective|p1a: Ogerpon
|-damage|p1a: Ogerpon|61/100
|-supereffective|p1a: Ogerpon
|-damage|p1a: Ogerpon|0 fnt
|faint|p1a: Ogerpon
|-hitcount|p1: Ogerpon|2
|
|upkeep
|
|t:|1779636556
|switch|p1a: Gallade|Gallade, M|100/100
|turn|2
|
|t:|1779636563
|switch|p2a: Meowstic|Meowstic, M|100/100
|move|p1a: Gallade|Sacred Sword|p2a: Meowstic
|-resisted|p2a: Meowstic
|-damage|p2a: Meowstic|62/100
|
|upkeep
|turn|3
|
|t:|1779636573
|switch|p2a: Alomomola|Alomomola, F|100/100
|move|p1a: Gallade|Swords Dance|p1a: Gallade
|-boost|p1a: Gallade|atk|2
|
|upkeep
|turn|4
|
|t:|1779636580
|move|p1a: Gallade|Sacred Sword|p2a: Alomomola
|-damage|p2a: Alomomola|0 fnt
|faint|p2a: Alomomola
|
|upkeep
|
|t:|1779636588
|switch|p2a: Meowscarada|Meowscarada, F|100/100
|turn|5
|
|t:|1779636592
|move|p2a: Meowscarada|Triple Axel|p1a: Gallade
|-start|p2a: Meowscarada|typechange|Ice|[from] ability: Protean
|-damage|p1a: Gallade|74/100
|-damage|p1a: Gallade|25/100
|-damage|p1a: Gallade|0 fnt
|faint|p1a: Gallade
|-hitcount|p1: Gallade|3
|
|upkeep
|inactive|raptors in 6 has 120 seconds left.
|
|t:|1779636603
|switch|p1a: Iron Moth|Iron Moth|100/100
|-enditem|p1a: Iron Moth|Booster Energy
|-activate|p1a: Iron Moth|ability: Quark Drive|[fromitem]
|-start|p1a: Iron Moth|quarkdrivespe
|turn|6
|
|t:|1779636615
|switch|p2a: Noctowl|Noctowl, F|100/100
|move|p1a: Iron Moth|Fiery Dance|p2a: Noctowl
|-damage|p2a: Noctowl|62/100
|
|upkeep
|turn|7
|
|t:|1779636620
|move|p1a: Iron Moth|Fiery Dance|p2a: Noctowl
|-damage|p2a: Noctowl|18/100
|move|p2a: Noctowl|Hyper Voice|p1a: Iron Moth
|-damage|p1a: Iron Moth|65/100
|
|upkeep
|turn|8
|
|t:|1779636635
|move|p1a: Iron Moth|Fiery Dance|p2a: Noctowl
|-damage|p2a: Noctowl|0 fnt
|-boost|p1a: Iron Moth|spa|1
|faint|p2a: Noctowl
|
|upkeep
|
|t:|1779636639
|switch|p2a: Meowscarada|Meowscarada, F|100/100
|turn|9
|
|t:|1779636642
|move|p2a: Meowscarada|Sucker Punch|p1a: Iron Moth
|-start|p2a: Meowscarada|typechange|Dark|[from] ability: Protean
|-damage|p1a: Iron Moth|0 fnt
|faint|p1a: Iron Moth
|-end|p1a: Iron Moth|Quark Drive|[silent]
|
|upkeep
|
|t:|1779636651
|switch|p1a: Enamorus|Enamorus, F|100/100
|turn|10
|
|t:|1779636658
|switch|p2a: Luxray|Luxray, M|100/100
|move|p1a: Enamorus|Superpower|p2a: Luxray
|-damage|p2a: Luxray|61/100
|-boost|p1a: Enamorus|atk|1
|-boost|p1a: Enamorus|def|1
|
|-status|p2a: Luxray|brn|[from] item: Flame Orb
|upkeep
|turn|11
|
|t:|1779636665
|move|p1a: Enamorus|Earth Power|p2a: Luxray
|-supereffective|p2a: Luxray
|-damage|p2a: Luxray|0 fnt
|faint|p2a: Luxray
|
|upkeep
|
|t:|1779636668
|switch|p2a: Meowscarada|Meowscarada, F|100/100
|turn|12
|
|t:|1779636673
|-terastallize|p1a: Enamorus|Ghost
|move|p2a: Meowscarada|Triple Axel|p1a: Enamorus
|-start|p2a: Meowscarada|typechange|Ice|[from] ability: Protean
|-damage|p1a: Enamorus|85/100
|-damage|p1a: Enamorus|52/100
|-damage|p1a: Enamorus|5/100
|-hitcount|p1a: Enamorus|3
|move|p1a: Enamorus|Superpower|p2a: Meowscarada
|-supereffective|p2a: Meowscarada
|-damage|p2a: Meowscarada|0 fnt
|-boost|p1a: Enamorus|atk|1
|-boost|p1a: Enamorus|def|1
|faint|p2a: Meowscarada
|
|upkeep
|
|t:|1779636688
|switch|p2a: Meowstic|Meowstic, M|62/100
|turn|13
|
|t:|1779636698
|move|p1a: Enamorus|Moonblast|p2a: Meowstic
|-damage|p2a: Meowstic|8/100
|move|p2a: Meowstic|Thunderbolt|p1a: Enamorus
|-damage|p1a: Enamorus|0 fnt
|faint|p1a: Enamorus
|
|upkeep
|
|t:|1779636716
|switch|p1a: Cramorant|Cramorant, F, shiny|100/100
|turn|14
|
|t:|1779636720
|move|p1a: Cramorant|Tailwind|p1a: Cramorant
|-sidestart|p1: raptors in 6|move: Tailwind
|move|p2a: Meowstic|Thunderbolt|p1a: Cramorant
|-supereffective|p1a: Cramorant
|-enditem|p1a: Cramorant|Focus Sash
|-damage|p1a: Cramorant|1/100
|
|upkeep
|turn|15
|
|t:|1779636731
|move|p1a: Cramorant|Surf|p2a: Meowstic
|-formechange|p1a: Cramorant|Cramorant-Gorging|
|-damage|p2a: Meowstic|0 fnt
|faint|p2a: Meowstic
|
|upkeep
|
|t:|1779636733
|switch|p2a: Incineroar|Incineroar, M|100/100
|-ability|p2a: Incineroar|Intimidate|boost
|-unboost|p1a: Cramorant|atk|1
|turn|16
|
|t:|1779636745
|move|p1a: Cramorant|Surf|p2a: Incineroar
|-supereffective|p2a: Incineroar
|-damage|p2a: Incineroar|31/100
|move|p2a: Incineroar|Will-O-Wisp|p1a: Cramorant
|-status|p1a: Cramorant|brn
|
|-damage|p1a: Cramorant|0 fnt|[from] brn
|faint|p1a: Cramorant
|upkeep
|
|t:|1779636752
|switch|p1a: Kingambit|Kingambit, F|100/100
|-activate|p1a: Kingambit|ability: Supreme Overlord
|-start|p1a: Kingambit|fallen5|[silent]
|turn|17
|
|t:|1779636756
|move|p1a: Kingambit|Low Kick|p2a: Incineroar
|-supereffective|p2a: Incineroar
|-damage|p2a: Incineroar|0 fnt
|faint|p2a: Incineroar
|-damage|p1a: Kingambit|91/100|[from] item: Life Orb
|
|win|raptors in 6
|raw|raptors in 6's rating: 1250 &rarr; <strong>1276</strong><br />(+26 for winning)
|raw|KING丶3266926956今余's rating: 1263 &rarr; <strong>1237</strong><br />(-26 for losing)
|l|☆raptors in 6
|player|p1|
|l|☆KING丶3266926956今余
|player|p2|
