|j|☆ju2508
|j|☆bignys900
|t:|1779717238
|gametype|singles
|player|p1|ju2508|101|1139
|player|p2|bignys900|psychicf-gen4|1197
|gen|9
|tier|[Gen 9] OU
|rated|
|rule|HP Percentage Mod: HP is shown in percentages
|rule|Endless Battle Clause: Forcing endless battles is banned
|rule|Species Clause: Limit one of each Pokémon
|rule|OHKO Clause: OHKO moves are banned
|rule|Evasion Items Clause: Evasion items are banned
|rule|Evasion Moves Clause: Evasion moves are banned
|rule|Evasion Abilities Clause: Evasion abilities are banned
|rule|Sleep Moves Clause: Sleep-inducing moves are banned
|clearpoke
|poke|p1|Feraligatr, F|
|poke|p1|Donphan, M|
|poke|p1|Sylveon, M|
|poke|p1|Magneton|
|poke|p1|Serperior, F|
|poke|p1|Flamigo, M|
|poke|p2|Clodsire, M|
|poke|p2|Lokix, F|
|poke|p2|Dragonite, F|
|poke|p2|Meowscarada, F|
|poke|p2|Incineroar, M|
|poke|p2|Empoleon, M|
|teampreview
|inactive|Battle timer is ON: inactive players will automatically lose when time's up. (requested by bignys900)
|
|t:|1779717255
|teamsize|p1|6
|teamsize|p2|6
|start
|switch|p1a: Flamigo|Flamigo, M|100/100
|switch|p2a: Clodsire|Clodsire, M|100/100
|turn|1
|
|t:|1779717262
|move|p1a: Flamigo|Taunt|p2a: Clodsire
|-start|p2a: Clodsire|move: Taunt
|cant|p2a: Clodsire|move: Taunt|Stealth Rock
|
|upkeep
|turn|2
|
|t:|1779717274
|switch|p1a: Feraligatr|Feraligatr, F|100/100
|move|p2a: Clodsire|Body Press|p1a: Feraligatr
|-damage|p1a: Feraligatr|88/100
|
|upkeep
|turn|3
|
|t:|1779717280
|move|p1a: Feraligatr|Liquidation|p2a: Clodsire
|-immune|p2a: Clodsire|[from] ability: Water Absorb
|move|p2a: Clodsire|Body Press|p1a: Feraligatr
|-damage|p1a: Feraligatr|73/100
|
|-end|p2a: Clodsire|move: Taunt
|upkeep
|turn|4
|
|t:|1779717290
|switch|p1a: Donphan|Donphan, M|100/100
|move|p2a: Clodsire|Stealth Rock|p1a: Donphan
|-sidestart|p1: ju2508|move: Stealth Rock
|
|upkeep
|turn|5
|
|t:|1779717295
|move|p1a: Donphan|Stealth Rock|p2a: Clodsire
|-sidestart|p2: bignys900|move: Stealth Rock
|move|p2a: Clodsire|Body Press|p1a: Donphan
|-damage|p1a: Donphan|94/100
|
|-heal|p1a: Donphan|99/100|[from] item: Leftovers
|upkeep
|turn|6
|
|t:|1779717305
|move|p1a: Donphan|Knock Off|p2a: Clodsire
|-damage|p2a: Clodsire|72/100
|-enditem|p2a: Clodsire|Leftovers|[from] move: Knock Off|[of] p1a: Donphan
|move|p2a: Clodsire|Body Press|p1a: Donphan
|-damage|p1a: Donphan|93/100
|
|-heal|p1a: Donphan|99/100|[from] item: Leftovers
|upkeep
|turn|7
|
|t:|1779717321
|switch|p2a: Meowscarada|Meowscarada, F|100/100
|-damage|p2a: Meowscarada|88/100|[from] Stealth Rock
|move|p1a: Donphan|Rapid Spin|p2a: Meowscarada
|-damage|p2a: Meowscarada|68/100
|-boost|p1a: Donphan|spe|1
|-sideend|p1: ju2508|Stealth Rock|[from] move: Rapid Spin|[of] p1a: Donphan
|
|-heal|p1a: Donphan|100/100|[from] item: Leftovers
|upkeep
|turn|8
|
|t:|1779717335
|switch|p1a: Flamigo|Flamigo, M|100/100
|move|p2a: Meowscarada|Flower Trick|p1a: Flamigo
|-start|p2a: Meowscarada|typechange|Grass|[from] ability: Protean
|-resisted|p1a: Flamigo
|-crit|p1a: Flamigo
|-damage|p1a: Flamigo|67/100
|
|upkeep
|turn|9
|
|t:|1779717347
|move|p1a: Flamigo|U-turn|p2a: Meowscarada
|-supereffective|p2a: Meowscarada
|-damage|p2a: Meowscarada|0 fnt
|faint|p2a: Meowscarada
|
|t:|1779717360
|switch|p1a: Donphan|Donphan, M|100/100|[from] U-turn
|
|upkeep
|
|t:|1779717364
|switch|p2a: Empoleon|Empoleon, M|100/100
|-damage|p2a: Empoleon|94/100|[from] Stealth Rock
|turn|10
|
|t:|1779717368
|switch|p1a: Magneton|Magneton|100/100
|move|p2a: Empoleon|Ice Beam|p1a: Magneton
|-resisted|p1a: Magneton
|-damage|p1a: Magneton|84/100
|
|-heal|p2a: Empoleon|100/100|[from] item: Leftovers
|upkeep
|turn|11
|
|t:|1779717385
|move|p1a: Magneton|Thunderbolt|p2a: Empoleon
|-supereffective|p2a: Empoleon
|-damage|p2a: Empoleon|8/100
|move|p2a: Empoleon|Flash Cannon|p1a: Magneton
|-resisted|p1a: Magneton
|-damage|p1a: Magneton|74/100
|
|-heal|p2a: Empoleon|14/100|[from] item: Leftovers
|upkeep
|turn|12
|
|t:|1779717394
|move|p1a: Magneton|Volt Switch|p2a: Empoleon
|-supereffective|p2a: Empoleon
|-damage|p2a: Empoleon|0 fnt
|faint|p2a: Empoleon
|
|t:|1779717408
|switch|p1a: Flamigo|Flamigo, M|67/100|[from] Volt Switch
|
|upkeep
|
|t:|1779717411
|switch|p2a: Incineroar|Incineroar, M|100/100
|-damage|p2a: Incineroar|76/100|[from] Stealth Rock
|-ability|p2a: Incineroar|Intimidate|boost
|-fail|p1a: Flamigo|unboost|Attack|[from] ability: Scrappy|[of] p1a: Flamigo
|turn|13
|
|t:|1779717417
|move|p2a: Incineroar|Fake Out|p1a: Flamigo
|-damage|p1a: Flamigo|50/100
|cant|p1a: Flamigo|flinch
|
|-heal|p2a: Incineroar|82/100|[from] item: Leftovers
|upkeep
|turn|14
|
|t:|1779717426
|move|p1a: Flamigo|Close Combat|p2a: Incineroar
|-supereffective|p2a: Incineroar
|-damage|p2a: Incineroar|0 fnt
|-unboost|p1a: Flamigo|def|1
|-unboost|p1a: Flamigo|spd|1
|faint|p2a: Incineroar
|
|upkeep
|
|t:|1779717430
|switch|p2a: Lokix|Lokix, F|100/100
|-damage|p2a: Lokix|76/100|[from] Stealth Rock
|turn|15
|
|t:|1779717438
|switch|p1a: Donphan|Donphan, M|100/100
|move|p2a: Lokix|First Impression|p1a: Donphan
|-damage|p1a: Donphan|75/100
|
|-heal|p1a: Donphan|81/100|[from] item: Leftovers
|upkeep
|turn|16
|
|t:|1779717447
|-terastallize|p2a: Lokix|Rock
|move|p2a: Lokix|Swords Dance|p2a: Lokix
|-boost|p2a: Lokix|atk|2
|move|p1a: Donphan|Knock Off|p2a: Lokix
|-damage|p2a: Lokix|34/100
|-enditem|p2a: Lokix|Silver Powder|[from] move: Knock Off|[of] p1a: Donphan
|
|-heal|p1a: Donphan|87/100|[from] item: Leftovers
|upkeep
|turn|17
|
|t:|1779717459
|move|p2a: Lokix|Leech Life|p1a: Donphan
|-damage|p1a: Donphan|50/100
|-heal|p2a: Lokix|59/100|[from] drain|[of] p1a: Donphan
|move|p1a: Donphan|Bulldoze|p2a: Lokix
|-supereffective|p2a: Lokix
|-damage|p2a: Lokix|0 fnt
|faint|p2a: Lokix
|
|-heal|p1a: Donphan|56/100|[from] item: Leftovers
|upkeep
|
|t:|1779717468
|switch|p2a: Dragonite|Dragonite, F|100/100
|-damage|p2a: Dragonite|76/100|[from] Stealth Rock
|turn|18
|
|t:|1779717475
|move|p2a: Dragonite|Dragon Dance|p2a: Dragonite
|-boost|p2a: Dragonite|atk|1
|-boost|p2a: Dragonite|spe|1
|move|p1a: Donphan|Knock Off|p2a: Dragonite
|-damage|p2a: Dragonite|45/100
|-enditem|p2a: Dragonite|Leftovers|[from] move: Knock Off|[of] p1a: Donphan
|
|-heal|p1a: Donphan|63/100|[from] item: Leftovers
|upkeep
|turn|19
|
|t:|1779717496
|switch|p1a: Serperior|Serperior, F|100/100
|move|p2a: Dragonite|Ice Spinner|p1a: Serperior
|-supereffective|p1a: Serperior
|-damage|p1a: Serperior|0 fnt
|faint|p1a: Serperior
|
|upkeep
|
|t:|1779717506
|switch|p1a: Sylveon|Sylveon, M|100/100
|turn|20
|
|t:|1779717513
|move|p2a: Dragonite|Extreme Speed|p1a: Sylveon
|-damage|p1a: Sylveon|40/100
|move|p1a: Sylveon|Hyper Voice|p2a: Dragonite
|-supereffective|p2a: Dragonite
|-damage|p2a: Dragonite|0 fnt
|faint|p2a: Dragonite
|
|-heal|p1a: Sylveon|47/100|[from] item: Leftovers
|upkeep
|
|t:|1779717519
|switch|p2a: Clodsire|Clodsire, M|72/100
|-damage|p2a: Clodsire|65/100|[from] Stealth Rock
|turn|21
|
|t:|1779717528
|move|p1a: Sylveon|Hyper Voice|p2a: Clodsire
|-resisted|p2a: Clodsire
|-damage|p2a: Clodsire|55/100
|move|p2a: Clodsire|Haze|p2a: Clodsire
|-clearallboost
|
|-heal|p1a: Sylveon|53/100|[from] item: Leftovers
|upkeep
|turn|22
|
|t:|1779717536
|move|p1a: Sylveon|Wish|p1a: Sylveon
|move|p2a: Clodsire|Toxic Spikes|p1a: Sylveon
|-sidestart|p1: ju2508|move: Toxic Spikes
|
|-heal|p1a: Sylveon|59/100|[from] item: Leftovers
|upkeep
|turn|23
|-message|bignys900 forfeited.
|
|win|ju2508
|raw|ju2508's rating: 1139 &rarr; <strong>1168</strong><br />(+29 for winning)
|raw|bignys900's rating: 1197 &rarr; <strong>1168</strong><br />(-29 for losing)
|l|☆bignys900
|player|p2|
|l|☆ju2508
|player|p1|
