|j|☆Wikdchikn
|j|☆Baron of Banana
|t:|1779625487
|gametype|singles
|player|p1|Wikdchikn|cameraman|1145
|player|p2|Baron of Banana|265|1106
|gen|9
|tier|[Gen 9] OU
|rated|
|rule|HP Percentage Mod: HP is shown in percentages
|rule|Endless Battle Clause: Forcing endless battles is banned
|rule|Species Clause: Limit one of each Pokémon
|rule|OHKO Clause: OHKO moves are banned
|rule|Evasion Items Clause: Evasion items are banned
|rule|Evasion Moves Clause: Evasion moves are banned
|rule|Evasion Abilities Clause: Evasion abilities are banned
|rule|Sleep Moves Clause: Sleep-inducing moves are banned
|clearpoke
|poke|p1|Clodsire, M|
|poke|p1|Cryogonal|
|poke|p1|Zebstrika, M|
|poke|p1|Deoxys-Speed|
|poke|p1|Golem-Alola, M|
|poke|p1|Alomomola, F|
|poke|p2|Cinccino, F|
|poke|p2|Blaziken, M|
|poke|p2|Inteleon, F|
|poke|p2|Serperior, F|
|poke|p2|Corviknight, M|
|poke|p2|Dragapult, F|
|teampreview
|inactive|Battle timer is ON: inactive players will automatically lose when time's up. (requested by Wikdchikn)
|
|t:|1779625508
|teamsize|p1|6
|teamsize|p2|6
|start
|switch|p1a: Deoxys|Deoxys-Speed|100/100
|switch|p2a: Serperior|Serperior, F|100/100
|-ability|p1a: Deoxys|Pressure
|turn|1
|
|t:|1779625514
|move|p1a: Deoxys|Ice Beam|p2a: Serperior
|-supereffective|p2a: Serperior
|-damage|p2a: Serperior|6/100
|move|p2a: Serperior|Glare|p1a: Deoxys
|-status|p1a: Deoxys|par
|
|upkeep
|turn|2
|
|t:|1779625519
|move|p2a: Serperior|Leaf Storm|p1a: Deoxys
|-damage|p1a: Deoxys|15/100 par
|-boost|p2a: Serperior|spa|2
|move|p1a: Deoxys|Ice Beam|p2a: Serperior
|-supereffective|p2a: Serperior
|-damage|p2a: Serperior|0 fnt
|faint|p2a: Serperior
|
|upkeep
|
|t:|1779625526
|switch|p2a: Inteleon|Inteleon, F|100/100
|turn|3
|
|t:|1779625529
|move|p2a: Inteleon|Vacuum Wave|p1a: Deoxys
|-resisted|p1a: Deoxys
|-damage|p1a: Deoxys|3/100 par
|move|p1a: Deoxys|Ice Beam|p2a: Inteleon
|-resisted|p2a: Inteleon
|-damage|p2a: Inteleon|70/100
|
|upkeep
|turn|4
|
|t:|1779625535
|move|p2a: Inteleon|Vacuum Wave|p1a: Deoxys
|-resisted|p1a: Deoxys
|-damage|p1a: Deoxys|0 fnt
|faint|p1a: Deoxys
|
|upkeep
|
|t:|1779625542
|switch|p1a: Zebstrika|Zebstrika, M|100/100
|turn|5
|
|t:|1779625549
|move|p1a: Zebstrika|Supercell Slam|p2a: Inteleon|[miss]
|-miss|p1a: Zebstrika|p2a: Inteleon
|-damage|p1a: Zebstrika|51/100|[from] supercellslam
|move|p2a: Inteleon|Snipe Shot|p1a: Zebstrika
|-crit|p1a: Zebstrika
|-damage|p1a: Zebstrika|0 fnt
|faint|p1a: Zebstrika
|
|upkeep
|
|t:|1779625558
|switch|p1a: Golem|Golem-Alola, M|100/100
|turn|6
|
|t:|1779625561
|-terastallize|p1a: Golem|Bug
|move|p2a: Inteleon|Snipe Shot|p1a: Golem
|-damage|p1a: Golem|57/100
|move|p1a: Golem|Supercell Slam|p2a: Inteleon
|-supereffective|p2a: Inteleon
|-damage|p2a: Inteleon|0 fnt
|faint|p2a: Inteleon
|
|-heal|p1a: Golem|63/100|[from] item: Leftovers
|upkeep
|
|t:|1779625569
|switch|p2a: Blaziken|Blaziken, M|100/100
|turn|7
|
|t:|1779625574
|switch|p1a: Alomomola|Alomomola, F|100/100
|move|p2a: Blaziken|Blaze Kick|p1a: Alomomola
|-resisted|p1a: Alomomola
|-damage|p1a: Alomomola|76/100
|
|-heal|p1a: Alomomola|82/100|[from] item: Leftovers
|-ability|p2a: Blaziken|Speed Boost|boost
|-boost|p2a: Blaziken|spe|1
|upkeep
|turn|8
|
|t:|1779625583
|switch|p2a: Dragapult|Dragapult, F|100/100
|move|p1a: Alomomola|Scald|p2a: Dragapult
|-resisted|p2a: Dragapult
|-damage|p2a: Dragapult|91/100
|
|-heal|p1a: Alomomola|88/100|[from] item: Leftovers
|upkeep
|turn|9
|
|t:|1779625590
|move|p2a: Dragapult|Dragon Dance|p2a: Dragapult
|-boost|p2a: Dragapult|atk|1
|-boost|p2a: Dragapult|spe|1
|move|p1a: Alomomola|Alluring Voice|p2a: Dragapult
|-supereffective|p2a: Dragapult
|-damage|p2a: Dragapult|65/100
|-start|p2a: Dragapult|confusion
|
|-heal|p1a: Alomomola|94/100|[from] item: Leftovers
|upkeep
|turn|10
|
|t:|1779625601
|-activate|p2a: Dragapult|confusion
|-damage|p2a: Dragapult|36/100|[from] confusion
|move|p1a: Alomomola|Scald|p2a: Dragapult
|-resisted|p2a: Dragapult
|-damage|p2a: Dragapult|28/100
|
|-heal|p1a: Alomomola|100/100|[from] item: Leftovers
|upkeep
|turn|11
|
|t:|1779625610
|-activate|p2a: Dragapult|confusion
|-damage|p2a: Dragapult|1/100|[from] confusion
|move|p1a: Alomomola|Scald|p2a: Dragapult
|-resisted|p2a: Dragapult
|-damage|p2a: Dragapult|0 fnt
|faint|p2a: Dragapult
|
|upkeep
|
|t:|1779625614
|switch|p2a: Corviknight|Corviknight, M|100/100
|-ability|p2a: Corviknight|Pressure
|turn|12
|
|t:|1779625620
|move|p2a: Corviknight|Body Press|p1a: Alomomola
|-damage|p1a: Alomomola|82/100
|move|p1a: Alomomola|Flip Turn|p2a: Corviknight
|-damage|p2a: Corviknight|91/100
|
|t:|1779625625
|switch|p1a: Golem|Golem-Alola, M, tera:Bug|63/100|[from] Flip Turn
|
|-heal|p1a: Golem|69/100|[from] item: Leftovers
|upkeep
|turn|13
|
|t:|1779625629
|move|p2a: Corviknight|Brave Bird|p1a: Golem
|-supereffective|p1a: Golem
|-damage|p1a: Golem|3/100
|-damage|p2a: Corviknight|69/100|[from] Recoil
|move|p1a: Golem|Supercell Slam|p2a: Corviknight
|-supereffective|p2a: Corviknight
|-crit|p2a: Corviknight
|-damage|p2a: Corviknight|0 fnt
|faint|p2a: Corviknight
|
|-heal|p1a: Golem|9/100|[from] item: Leftovers
|upkeep
|
|t:|1779625634
|switch|p2a: Blaziken|Blaziken, M|100/100
|turn|14
|
|t:|1779625640
|move|p2a: Blaziken|Brave Bird|p1a: Golem
|-supereffective|p1a: Golem
|-damage|p1a: Golem|0 fnt
|faint|p1a: Golem
|-damage|p2a: Blaziken|97/100|[from] Recoil
|
|-ability|p2a: Blaziken|Speed Boost|boost
|-boost|p2a: Blaziken|spe|1
|upkeep
|
|t:|1779625643
|switch|p1a: Alomomola|Alomomola, F|100/100
|turn|15
|
|t:|1779625647
|move|p2a: Blaziken|Brave Bird|p1a: Alomomola
|-damage|p1a: Alomomola|54/100
|-damage|p2a: Blaziken|70/100|[from] Recoil
|move|p1a: Alomomola|Alluring Voice|p2a: Blaziken
|-damage|p2a: Blaziken|57/100
|
|-heal|p1a: Alomomola|60/100|[from] item: Leftovers
|-ability|p2a: Blaziken|Speed Boost|boost
|-boost|p2a: Blaziken|spe|1
|upkeep
|turn|16
|
|t:|1779625655
|move|p2a: Blaziken|Brave Bird|p1a: Alomomola
|-damage|p1a: Alomomola|14/100
|-damage|p2a: Blaziken|30/100|[from] Recoil
|move|p1a: Alomomola|Flip Turn|p2a: Blaziken
|-supereffective|p2a: Blaziken
|-damage|p2a: Blaziken|0 fnt
|faint|p2a: Blaziken
|
|t:|1779625665
|switch|p1a: Clodsire|Clodsire, M|100/100|[from] Flip Turn
|
|upkeep
|
|t:|1779625669
|switch|p2a: Cinccino|Cinccino, F|100/100
|turn|17
|
|t:|1779625680
|move|p2a: Cinccino|Tail Slap|p1a: Clodsire
|-damage|p1a: Clodsire|82/100
|-damage|p1a: Clodsire|64/100
|-damage|p1a: Clodsire|44/100
|-damage|p1a: Clodsire|25/100
|-damage|p1a: Clodsire|7/100
|-hitcount|p1a: Clodsire|5
|move|p1a: Clodsire|Curse|p1a: Clodsire
|-unboost|p1a: Clodsire|spe|1
|-boost|p1a: Clodsire|atk|1
|-boost|p1a: Clodsire|def|1
|
|-heal|p1a: Clodsire|13/100|[from] item: Black Sludge
|upkeep
|turn|18
|
|t:|1779625695
|move|p2a: Cinccino|Triple Axel|p1a: Clodsire
|-supereffective|p1a: Clodsire
|-damage|p1a: Clodsire|0 fnt
|faint|p1a: Clodsire
|-hitcount|p1: Clodsire|1
|
|upkeep
|
|t:|1779625699
|switch|p1a: Alomomola|Alomomola, F|48/100
|turn|19
|
|t:|1779625704
|switch|p1a: Cryogonal|Cryogonal|100/100
|move|p2a: Cinccino|Tail Slap|p1a: Cryogonal
|-damage|p1a: Cryogonal|79/100
|-damage|p1a: Cryogonal|56/100
|-damage|p1a: Cryogonal|34/100
|-crit|p1a: Cryogonal
|-damage|p1a: Cryogonal|2/100
|-hitcount|p1a: Cryogonal|4
|
|upkeep
|turn|20
|
|t:|1779625713
|move|p2a: Cinccino|Triple Axel|p1a: Cryogonal
|-resisted|p1a: Cryogonal
|-damage|p1a: Cryogonal|0 fnt
|faint|p1a: Cryogonal
|-hitcount|p1: Cryogonal|1
|
|upkeep
|
|t:|1779625716
|switch|p1a: Alomomola|Alomomola, F|81/100
|turn|21
|
|t:|1779625720
|move|p2a: Cinccino|Tail Slap|p1a: Alomomola
|-crit|p1a: Alomomola
|-damage|p1a: Alomomola|63/100
|-damage|p1a: Alomomola|51/100
|-damage|p1a: Alomomola|39/100
|-damage|p1a: Alomomola|26/100
|-hitcount|p1a: Alomomola|4
|move|p1a: Alomomola|Scald|p2a: Cinccino
|-damage|p2a: Cinccino|76/100
|
|-heal|p1a: Alomomola|32/100|[from] item: Leftovers
|upkeep
|turn|22
|-message|Wikdchikn forfeited.
|
|win|Baron of Banana
|raw|Wikdchikn's rating: 1145 &rarr; <strong>1117</strong><br />(-28 for losing)
|raw|Baron of Banana's rating: 1106 &rarr; <strong>1134</strong><br />(+28 for winning)
|l|☆Wikdchikn
|player|p1|
|l|☆Baron of Banana
|player|p2|
