|j|☆Fishbonesjones
|j|☆DexTrainerRed
|t:|1779645503
|gametype|singles
|player|p1|Fishbonesjones|red|1294
|player|p2|DexTrainerRed|ash-kalos|1242
|gen|9
|tier|[Gen 9] OU
|rated|
|rule|HP Percentage Mod: HP is shown in percentages
|rule|Endless Battle Clause: Forcing endless battles is banned
|rule|Species Clause: Limit one of each Pokémon
|rule|OHKO Clause: OHKO moves are banned
|rule|Evasion Items Clause: Evasion items are banned
|rule|Evasion Moves Clause: Evasion moves are banned
|rule|Evasion Abilities Clause: Evasion abilities are banned
|rule|Sleep Moves Clause: Sleep-inducing moves are banned
|clearpoke
|poke|p1|Darkrai|
|poke|p1|Great Tusk|
|poke|p1|Dragonite, F|
|poke|p1|Gholdengo|
|poke|p1|Gliscor, M|
|poke|p1|Zamazenta-*|
|poke|p2|Infernape, M|
|poke|p2|Staraptor, M|
|poke|p2|Torterra, M|
|poke|p2|Empoleon, M|
|poke|p2|Garchomp, F|
|poke|p2|Pikachu, M|
|teampreview
|inactive|Battle timer is ON: inactive players will automatically lose when time's up. (requested by DexTrainerRed)
|
|t:|1779645514
|teamsize|p1|6
|teamsize|p2|6
|start
|switch|p1a: Darkrai|Darkrai|100/100
|switch|p2a: Infernape|Infernape, M|100/100
|turn|1
|
|t:|1779645527
|switch|p1a: Gliscor|Gliscor, M|100/100
|move|p2a: Infernape|Aura Sphere|p1a: Gliscor
|-resisted|p1a: Gliscor
|-damage|p1a: Gliscor|79/100
|
|-status|p1a: Gliscor|tox|[from] item: Toxic Orb
|upkeep
|turn|2
|
|t:|1779645534
|move|p1a: Gliscor|Protect|p1a: Gliscor
|-singleturn|p1a: Gliscor|Protect
|move|p2a: Infernape|Nasty Plot|p2a: Infernape
|-boost|p2a: Infernape|spa|2
|
|-heal|p1a: Gliscor|91/100 tox|[from] ability: Poison Heal
|upkeep
|turn|3
|
|t:|1779645540
|move|p2a: Infernape|Flamethrower|p1a: Gliscor
|-damage|p1a: Gliscor|0 fnt
|faint|p1a: Gliscor
|
|upkeep
|
|t:|1779645546
|switch|p1a: Dragonite|Dragonite, F|100/100
|turn|4
|
|t:|1779645549
|move|p2a: Infernape|Flamethrower|p1a: Dragonite
|-resisted|p1a: Dragonite
|-damage|p1a: Dragonite|81/100
|move|p1a: Dragonite|Dragon Dance|p1a: Dragonite
|-boost|p1a: Dragonite|atk|1
|-boost|p1a: Dragonite|spe|1
|
|upkeep
|turn|5
|
|t:|1779645555
|move|p1a: Dragonite|Earthquake|p2a: Infernape
|-supereffective|p2a: Infernape
|-enditem|p2a: Infernape|Focus Sash
|-damage|p2a: Infernape|1/100
|move|p2a: Infernape|Flamethrower|p1a: Dragonite
|-resisted|p1a: Dragonite
|-damage|p1a: Dragonite|15/100
|
|upkeep
|turn|6
|
|t:|1779645563
|switch|p2a: Staraptor|Staraptor, M|100/100
|move|p1a: Dragonite|Extreme Speed|p2a: Staraptor
|-damage|p2a: Staraptor|28/100
|
|upkeep
|turn|7
|
|t:|1779645573
|switch|p2a: Pikachu|Pikachu, M|100/100
|move|p1a: Dragonite|Extreme Speed|p2a: Pikachu
|-damage|p2a: Pikachu|0 fnt
|faint|p2a: Pikachu
|
|upkeep
|
|t:|1779645582
|switch|p2a: Garchomp|Garchomp, F|100/100
|turn|8
|
|t:|1779645587
|-terastallize|p1a: Dragonite|Steel
|-terastallize|p2a: Garchomp|Steel
|move|p1a: Dragonite|Roost|p1a: Dragonite
|-heal|p1a: Dragonite|65/100
|move|p2a: Garchomp|Swords Dance|p2a: Garchomp
|-boost|p2a: Garchomp|atk|2
|
|upkeep
|turn|9
|
|t:|1779645595
|move|p1a: Dragonite|Earthquake|p2a: Garchomp
|-supereffective|p2a: Garchomp
|-damage|p2a: Garchomp|0 fnt
|faint|p2a: Garchomp
|
|upkeep
|
|t:|1779645602
|switch|p2a: Staraptor|Staraptor, M|28/100
|turn|10
|c|☆Fishbonesjones|Lol
|
|t:|1779645607
|move|p1a: Dragonite|Extreme Speed|p2a: Staraptor
|-damage|p2a: Staraptor|0 fnt
|faint|p2a: Staraptor
|
|upkeep
|
|t:|1779645612
|switch|p2a: Torterra|Torterra, M|100/100
|turn|11
|
|t:|1779645619
|move|p1a: Dragonite|Extreme Speed|p2a: Torterra
|-damage|p2a: Torterra|55/100
|move|p2a: Torterra|Earthquake|p1a: Dragonite
|-supereffective|p1a: Dragonite
|-damage|p1a: Dragonite|0 fnt
|faint|p1a: Dragonite
|
|upkeep
|
|t:|1779645623
|switch|p1a: Darkrai|Darkrai|100/100
|turn|12
|
|t:|1779645628
|switch|p2a: Empoleon|Empoleon, M|100/100
|move|p1a: Darkrai|Ice Beam|p2a: Empoleon
|-resisted|p2a: Empoleon
|-damage|p2a: Empoleon|91/100
|
|upkeep
|turn|13
|
|t:|1779645636
|switch|p1a: Zamazenta|Zamazenta|100/100
|-ability|p1a: Zamazenta|Dauntless Shield|boost
|-boost|p1a: Zamazenta|def|1
|move|p2a: Empoleon|Agility|p2a: Empoleon
|-boost|p2a: Empoleon|spe|2
|
|upkeep
|turn|14
|
|t:|1779645643
|move|p2a: Empoleon|Hydro Pump|p1a: Zamazenta
|-damage|p1a: Zamazenta|45/100
|-damage|p2a: Empoleon|81/100|[from] item: Life Orb
|move|p1a: Zamazenta|Body Press|p2a: Empoleon
|-supereffective|p2a: Empoleon
|-damage|p2a: Empoleon|0 fnt
|faint|p2a: Empoleon
|
|-heal|p1a: Zamazenta|52/100|[from] item: Leftovers
|upkeep
|
|t:|1779645652
|switch|p2a: Torterra|Torterra, M|55/100
|turn|15
|
|t:|1779645660
|move|p1a: Zamazenta|Body Press|p2a: Torterra
|-damage|p2a: Torterra|12/100
|move|p2a: Torterra|Shell Smash|p2a: Torterra
|-unboost|p2a: Torterra|def|1
|-unboost|p2a: Torterra|spd|1
|-boost|p2a: Torterra|atk|2
|-boost|p2a: Torterra|spa|2
|-boost|p2a: Torterra|spe|2
|-enditem|p2a: Torterra|White Herb
|-clearnegativeboost|p2a: Torterra|[silent]
|
|-heal|p1a: Zamazenta|58/100|[from] item: Leftovers
|upkeep
|turn|16
|
|t:|1779645672
|move|p2a: Torterra|Earthquake|p1a: Zamazenta
|-damage|p1a: Zamazenta|9/100
|move|p1a: Zamazenta|Body Press|p2a: Torterra
|-damage|p2a: Torterra|0 fnt
|faint|p2a: Torterra
|
|-heal|p1a: Zamazenta|15/100|[from] item: Leftovers
|upkeep
|
|t:|1779645679
|switch|p2a: Infernape|Infernape, M|1/100
|turn|17
|
|t:|1779645684
|move|p2a: Infernape|Aura Sphere|p1a: Zamazenta
|-crit|p1a: Zamazenta
|-damage|p1a: Zamazenta|0 fnt
|faint|p1a: Zamazenta
|
|upkeep
|
|t:|1779645688
|switch|p1a: Darkrai|Darkrai|100/100
|turn|18
|
|t:|1779645696
|move|p1a: Darkrai|Dark Pulse|p2a: Infernape
|-resisted|p2a: Infernape
|-damage|p2a: Infernape|0 fnt
|faint|p2a: Infernape
|
|win|Fishbonesjones
|raw|Fishbonesjones's rating: 1294 &rarr; <strong>1315</strong><br />(+21 for winning)
|raw|DexTrainerRed's rating: 1242 &rarr; <strong>1221</strong><br />(-21 for losing)
|l|☆DexTrainerRed
|player|p2|
|l|☆Fishbonesjones
|player|p1|
