|j|☆Cooker54
|j|☆sherbieee
|t:|1779667593
|gametype|singles
|player|p1|Cooker54|lyra|1164
|player|p2|sherbieee|265|1163
|gen|9
|tier|[Gen 9] OU
|rated|
|rule|HP Percentage Mod: HP is shown in percentages
|rule|Endless Battle Clause: Forcing endless battles is banned
|rule|Species Clause: Limit one of each Pokémon
|rule|OHKO Clause: OHKO moves are banned
|rule|Evasion Items Clause: Evasion items are banned
|rule|Evasion Moves Clause: Evasion moves are banned
|rule|Evasion Abilities Clause: Evasion abilities are banned
|rule|Sleep Moves Clause: Sleep-inducing moves are banned
|clearpoke
|poke|p1|Glimmora, F|
|poke|p1|Moltres|
|poke|p1|Garganacl, M|
|poke|p1|Dragapult, M|
|poke|p1|Primarina, F|
|poke|p1|Dragonite, M|
|poke|p2|Luvdisc, F|
|poke|p2|Floatzel, F|
|poke|p2|Tandemaus|
|poke|p2|Spewpa, F|
|poke|p2|Bulbasaur, M|
|poke|p2|Mismagius, F|
|teampreview
|inactive|Battle timer is ON: inactive players will automatically lose when time's up. (requested by Cooker54)
|
|t:|1779667613
|teamsize|p1|6
|teamsize|p2|6
|start
|switch|p1a: Glimmora|Glimmora, F|100/100
|switch|p2a: Luvdisc|Luvdisc, F|100/100
|turn|1
|
|t:|1779667625
|-terastallize|p1a: Glimmora|Grass
|move|p2a: Luvdisc|Rain Dance|p2a: Luvdisc
|-weather|RainDance
|move|p1a: Glimmora|Stealth Rock|p2a: Luvdisc
|-sidestart|p2: sherbieee|move: Stealth Rock
|
|-weather|RainDance|[upkeep]
|upkeep
|turn|2
|
|t:|1779667633
|move|p2a: Luvdisc|Whirlpool|p1a: Glimmora
|-resisted|p1a: Glimmora
|-damage|p1a: Glimmora|95/100
|-activate|p1a: Glimmora|move: Whirlpool|[of] p2a: Luvdisc
|move|p1a: Glimmora|Sludge Wave|p2a: Luvdisc
|-damage|p2a: Luvdisc|14/100
|
|-weather|RainDance|[upkeep]
|-heal|p2a: Luvdisc|20/100|[from] item: Leftovers
|-damage|p1a: Glimmora|83/100|[from] move: Whirlpool|[partiallytrapped]
|upkeep
|turn|3
|
|t:|1779667652
|move|p2a: Luvdisc|Wish|p2a: Luvdisc
|move|p1a: Glimmora|Sludge Wave|p2a: Luvdisc
|-damage|p2a: Luvdisc|0 fnt
|faint|p2a: Luvdisc
|
|-weather|RainDance|[upkeep]
|-end|p1a: Glimmora|Whirlpool|[partiallytrapped]|[silent]
|upkeep
|
|t:|1779667656
|switch|p2a: Floatzel|Floatzel, F|100/100
|-damage|p2a: Floatzel|88/100|[from] Stealth Rock
|turn|4
|
|t:|1779667665
|move|p2a: Floatzel|Double-Edge|p1a: Glimmora
|-damage|p1a: Glimmora|25/100
|-damage|p2a: Floatzel|72/100|[from] item: Rocky Helmet|[of] p1a: Glimmora
|-activate|p1a: Glimmora|ability: Toxic Debris
|-sidestart|p2: sherbieee|move: Toxic Spikes
|-damage|p2a: Floatzel|49/100|[from] Recoil
|move|p1a: Glimmora|Sludge Wave|p2a: Floatzel
|-damage|p2a: Floatzel|0 fnt
|faint|p2a: Floatzel
|
|-weather|RainDance|[upkeep]
|upkeep
|
|t:|1779667680
|switch|p2a: Tandemaus|Tandemaus|100/100
|-damage|p2a: Tandemaus|88/100|[from] Stealth Rock
|-status|p2a: Tandemaus|psn
|turn|5
|
|t:|1779667686
|switch|p1a: Dragapult|Dragapult, M|100/100
|move|p2a: Tandemaus|Population Bomb|p1a: Dragapult
|-immune|p1a: Dragapult
|
|-weather|none
|-damage|p2a: Tandemaus|76/100 psn|[from] psn
|upkeep
|turn|6
|
|t:|1779667693
|switch|p2a: Spewpa|Spewpa, F|100/100
|-damage|p2a: Spewpa|76/100|[from] Stealth Rock
|-status|p2a: Spewpa|psn
|move|p1a: Dragapult|Dragon Darts|p2a: Spewpa
|-damage|p2a: Spewpa|60/100 psn
|-anim|p1a: Dragapult|Dragon Darts|p2a: Spewpa
|-damage|p2a: Spewpa|44/100 psn
|
|-activate|p2a: Spewpa|ability: Shed Skin
|-curestatus|p2a: Spewpa|psn|[msg]
|upkeep
|turn|7
|
|t:|1779667711
|switch|p1a: Moltres|Moltres|100/100
|move|p2a: Spewpa|Stun Spore|p1a: Moltres|[miss]
|-miss|p2a: Spewpa|p1a: Moltres
|
|upkeep
|turn|8
|
|t:|1779667717
|move|p1a: Moltres|Flamethrower|p2a: Spewpa
|-supereffective|p2a: Spewpa
|-damage|p2a: Spewpa|0 fnt
|faint|p2a: Spewpa
|
|upkeep
|
|t:|1779667722
|switch|p2a: Mismagius|Mismagius, F|100/100
|-damage|p2a: Mismagius|88/100|[from] Stealth Rock
|turn|9
|c|☆Cooker54|Love spewpa
|
|t:|1779667732
|move|p2a: Mismagius|Nasty Plot|p2a: Mismagius
|-boost|p2a: Mismagius|spa|2
|move|p1a: Moltres|Flamethrower|p2a: Mismagius
|-damage|p2a: Mismagius|30/100
|-status|p2a: Mismagius|brn
|
|-heal|p2a: Mismagius|37/100 brn|[from] item: Leftovers
|-damage|p2a: Mismagius|30/100 brn|[from] brn
|upkeep
|turn|10
|
|t:|1779667742
|move|p2a: Mismagius|Shadow Ball|p1a: Moltres
|-damage|p1a: Moltres|31/100
|move|p1a: Moltres|Flamethrower|p2a: Mismagius
|-damage|p2a: Mismagius|0 fnt
|faint|p2a: Mismagius
|
|upkeep
|
|t:|1779667748
|switch|p2a: Tandemaus|Tandemaus|76/100 psn
|-damage|p2a: Tandemaus|63/100 psn|[from] Stealth Rock
|turn|11
|
|t:|1779667751
|move|p2a: Tandemaus|Switcheroo|p1a: Moltres
|-activate|p2a: Tandemaus|move: Trick|[of] p1a: Moltres
|-item|p1a: Moltres|Choice Scarf|[from] move: Switcheroo
|-item|p2a: Tandemaus|Heavy-Duty Boots|[from] move: Switcheroo
|move|p1a: Moltres|Flamethrower|p2a: Tandemaus
|-damage|p2a: Tandemaus|0 fnt
|faint|p2a: Tandemaus
|
|upkeep
|
|t:|1779667757
|switch|p2a: Bulbasaur|Bulbasaur, M|100/100
|-damage|p2a: Bulbasaur|88/100|[from] Stealth Rock
|-sideend|p2: sherbieee|move: Toxic Spikes|[of] p2a: Bulbasaur
|turn|12
|
|t:|1779667761
|move|p1a: Moltres|Flamethrower|p2a: Bulbasaur
|-supereffective|p2a: Bulbasaur
|-damage|p2a: Bulbasaur|8/100
|-status|p2a: Bulbasaur|brn
|move|p2a: Bulbasaur|Toxic|p1a: Moltres
|-status|p1a: Moltres|tox
|
|-damage|p1a: Moltres|25/100 tox|[from] psn
|-damage|p2a: Bulbasaur|2/100 brn|[from] brn
|upkeep
|turn|13
|-message|sherbieee forfeited.
|
|win|Cooker54
|raw|Cooker54's rating: 1164 &rarr; <strong>1189</strong><br />(+25 for winning)
|raw|sherbieee's rating: 1163 &rarr; <strong>1138</strong><br />(-25 for losing)
|l|☆sherbieee
|player|p2|
|l|☆Cooker54
|player|p1|
