|badge|p2|bronze|gen9ou|100-9
|uhtml|medal-msg|<div class="broadcast-blue">Curious what those medals under the avatar are? PS now has Ladder Seasons! For more information, check out the <a href="https://www.smogon.com/forums/threads/3740067/">thread on Smogon.</a></div>
|j|☆Sovereeign
|j|‽ClRCUS MAXIMUS
|t:|1779717485
|gametype|singles
|player|p1|Sovereeign|morty|1768
|player|p2|ClRCUS MAXIMUS|rood|1841
|gen|9
|tier|[Gen 9] OU
|rated|
|rule|HP Percentage Mod: HP is shown in percentages
|rule|Endless Battle Clause: Forcing endless battles is banned
|rule|Species Clause: Limit one of each Pokémon
|rule|OHKO Clause: OHKO moves are banned
|rule|Evasion Items Clause: Evasion items are banned
|rule|Evasion Moves Clause: Evasion moves are banned
|rule|Evasion Abilities Clause: Evasion abilities are banned
|rule|Sleep Moves Clause: Sleep-inducing moves are banned
|clearpoke
|poke|p1|Dragonite, F|
|poke|p1|Gholdengo|
|poke|p1|Iron Crown|
|poke|p1|Glimmora, M|
|poke|p1|Ting-Lu|
|poke|p1|Ogerpon-Wellspring, F|
|poke|p2|Iron Valiant|
|poke|p2|Ogerpon-Wellspring, F|
|poke|p2|Kingambit, F|
|poke|p2|Great Tusk|
|poke|p2|Zamazenta-*|
|poke|p2|Gholdengo|
|teampreview
|inactive|Battle timer is ON: inactive players will automatically lose when time's up. (requested by Sovereeign)
|
|t:|1779717505
|teamsize|p1|6
|teamsize|p2|6
|start
|switch|p1a: Ogerpon|Ogerpon-Wellspring, F|100/100
|switch|p2a: Gholdengo|Gholdengo, shiny|100/100
|turn|1
|
|t:|1779717531
|switch|p2a: Ogerpon|Ogerpon-Wellspring, F|100/100
|move|p1a: Ogerpon|Ivy Cudgel|p2a: Ogerpon|[anim] Ivy Cudgel Water
|-immune|p2a: Ogerpon|[from] ability: Water Absorb
|
|upkeep
|turn|2
|
|t:|1779717535
|move|p2a: Ogerpon|Power Whip|p1a: Ogerpon
|-damage|p1a: Ogerpon|2/100
|move|p1a: Ogerpon|U-turn|p2a: Ogerpon
|-supereffective|p2a: Ogerpon
|-crit|p2a: Ogerpon
|-damage|p2a: Ogerpon|0 fnt
|faint|p2a: Ogerpon
|
|t:|1779717556
|switch|p1a: Gholdengo|Gholdengo|100/100|[from] U-turn
|
|upkeep
|
|t:|1779717560
|switch|p2a: Great Tusk|Great Tusk, shiny|100/100
|turn|3
|inactive|Sovereeign has 120 seconds left.
|
|t:|1779717582
|switch|p1a: Glimmora|Glimmora, M|100/100
|move|p2a: Great Tusk|Stealth Rock|p1a: Glimmora
|-sidestart|p1: Sovereeign|move: Stealth Rock
|
|upkeep
|turn|4
|
|t:|1779717589
|move|p2a: Great Tusk|Rapid Spin|p1a: Glimmora
|-resisted|p1a: Glimmora
|-damage|p1a: Glimmora|90/100
|-boost|p2a: Great Tusk|spe|1
|-activate|p1a: Glimmora|ability: Toxic Debris
|-sidestart|p2: ClRCUS MAXIMUS|move: Toxic Spikes
|-sideend|p2: ClRCUS MAXIMUS|Toxic Spikes|[from] move: Rapid Spin|[of] p2a: Great Tusk
|move|p1a: Glimmora|Mortal Spin|p2a: Great Tusk
|-resisted|p2a: Great Tusk
|-damage|p2a: Great Tusk|98/100
|-status|p2a: Great Tusk|psn
|-sideend|p1: Sovereeign|Stealth Rock|[from] move: Mortal Spin|[of] p1a: Glimmora
|
|-damage|p2a: Great Tusk|86/100 psn|[from] psn
|upkeep
|turn|5
|inactive|Sovereeign has 120 seconds left.
|
|t:|1779717610
|switch|p1a: Ting-Lu|Ting-Lu|100/100
|-ability|p1a: Ting-Lu|Vessel of Ruin
|move|p2a: Great Tusk|Stealth Rock|p1a: Ting-Lu
|-sidestart|p1: Sovereeign|move: Stealth Rock
|
|-damage|p2a: Great Tusk|73/100 psn|[from] psn
|upkeep
|turn|6
|inactive|Sovereeign has 120 seconds left.
|
|t:|1779717616
|move|p2a: Great Tusk|Headlong Rush|p1a: Ting-Lu
|-damage|p1a: Ting-Lu|65/100
|-unboost|p2a: Great Tusk|def|1
|-unboost|p2a: Great Tusk|spd|1
|-damage|p2a: Great Tusk|57/100 psn|[from] item: Rocky Helmet|[of] p1a: Ting-Lu
|move|p1a: Ting-Lu|Spikes|p2a: Great Tusk
|-sidestart|p2: ClRCUS MAXIMUS|Spikes
|
|-damage|p2a: Great Tusk|44/100 psn|[from] psn
|upkeep
|turn|7
|j| wyjmjl
|inactive|Sovereeign has 120 seconds left.
|
|t:|1779717640
|switch|p1a: Ogerpon|Ogerpon-Wellspring, F|2/100
|-damage|p1a: Ogerpon|0 fnt|[from] Stealth Rock
|faint|p1a: Ogerpon
|move|p2a: Great Tusk|Rapid Spin|p1: Ogerpon|[notarget]
|-fail|p2a: Great Tusk
|
|-damage|p2a: Great Tusk|32/100 psn|[from] psn
|upkeep
|
|t:|1779717649
|switch|p1a: Dragonite|Dragonite, F|100/100
|turn|8
|l|☆Sovereeign
|inactive|Sovereeign disconnected and has a minute to reconnect!
|player|p1|
|j|☆Sovereeign
|inactive|Sovereeign reconnected.
|player|p1|Sovereeign|morty|
|inactive|ClRCUS MAXIMUS has 120 seconds left.
|
|t:|1779717681
|-terastallize|p2a: Great Tusk|Ghost
|move|p1a: Dragonite|Extreme Speed|p2a: Great Tusk
|-immune|p2a: Great Tusk
|move|p2a: Great Tusk|Rapid Spin|p1a: Dragonite
|-damage|p1a: Dragonite|93/100
|-boost|p2a: Great Tusk|spe|1
|-sideend|p2: ClRCUS MAXIMUS|Spikes|[from] move: Rapid Spin|[of] p2a: Great Tusk
|
|-damage|p2a: Great Tusk|20/100 psn|[from] psn
|upkeep
|turn|9
|inactive|Sovereeign has 120 seconds left.
|inactive|ClRCUS MAXIMUS has 120 seconds left.
|
|t:|1779717706
|-end|p2a: Great Tusk|Protosynthesis|[silent]
|switch|p2a: Gholdengo|Gholdengo, shiny|100/100
|switch|p1a: Glimmora|Glimmora, M|90/100
|-damage|p1a: Glimmora|78/100|[from] Stealth Rock
|
|upkeep
|turn|10
|j| bcfhhggghh
|inactive|Sovereeign has 120 seconds left.
|
|t:|1779717721
|switch|p1a: Ting-Lu|Ting-Lu|65/100
|-damage|p1a: Ting-Lu|59/100|[from] Stealth Rock
|-ability|p1a: Ting-Lu|Vessel of Ruin
|move|p2a: Gholdengo|Make It Rain|p1a: Ting-Lu
|-damage|p1a: Ting-Lu|26/100
|-unboost|p2a: Gholdengo|spa|1
|
|upkeep
|turn|11
|inactive|Sovereeign has 120 seconds left.
|
|t:|1779717734
|move|p2a: Gholdengo|Make It Rain|p1a: Ting-Lu
|-damage|p1a: Ting-Lu|1/100
|-unboost|p2a: Gholdengo|spa|1
|move|p1a: Ting-Lu|Earthquake|p2a: Gholdengo
|-supereffective|p2a: Gholdengo
|-damage|p2a: Gholdengo|25/100
|
|upkeep
|turn|12
|inactive|Sovereeign has 120 seconds left.
|inactive|ClRCUS MAXIMUS has 120 seconds left.
|
|t:|1779717756
|move|p2a: Gholdengo|Nasty Plot|p2a: Gholdengo
|-boost|p2a: Gholdengo|spa|2
|move|p1a: Ting-Lu|Earthquake|p2a: Gholdengo
|-supereffective|p2a: Gholdengo
|-damage|p2a: Gholdengo|0 fnt
|faint|p2a: Gholdengo
|
|upkeep
|
|t:|1779717768
|switch|p2a: Zamazenta|Zamazenta, shiny|100/100
|-ability|p2a: Zamazenta|Dauntless Shield|boost
|-boost|p2a: Zamazenta|def|1
|turn|13
|
|t:|1779717777
|move|p2a: Zamazenta|Crunch|p1a: Ting-Lu
|-resisted|p1a: Ting-Lu
|-damage|p1a: Ting-Lu|0 fnt
|-damage|p2a: Zamazenta|84/100|[from] item: Rocky Helmet|[of] p1a: Ting-Lu
|faint|p1a: Ting-Lu
|-damage|p2a: Zamazenta|74/100|[from] item: Life Orb
|
|upkeep
|
|t:|1779717780
|switch|p1a: Gholdengo|Gholdengo|100/100
|-damage|p1a: Gholdengo|94/100|[from] Stealth Rock
|turn|14
|l| wyjmjl
|
|t:|1779717791
|move|p2a: Zamazenta|Crunch|p1a: Gholdengo
|-supereffective|p1a: Gholdengo
|-enditem|p1a: Gholdengo|Colbur Berry|[eat]
|-enditem|p1a: Gholdengo|Colbur Berry|[weaken]
|-damage|p1a: Gholdengo|69/100
|-damage|p2a: Zamazenta|64/100|[from] item: Life Orb
|move|p1a: Gholdengo|Thunder Wave|p2a: Zamazenta
|-status|p2a: Zamazenta|par
|
|upkeep
|turn|15
|
|t:|1779717801
|move|p1a: Gholdengo|Hex|p2a: Zamazenta
|-damage|p2a: Zamazenta|10/100 par
|move|p2a: Zamazenta|Crunch|p1a: Gholdengo
|-supereffective|p1a: Gholdengo
|-damage|p1a: Gholdengo|17/100
|-damage|p2a: Zamazenta|0 fnt|[from] item: Life Orb
|faint|p2a: Zamazenta
|
|upkeep
|inactive|ClRCUS MAXIMUS has 120 seconds left.
|
|t:|1779717816
|switch|p2a: Iron Valiant|Iron Valiant, shiny|100/100
|-enditem|p2a: Iron Valiant|Booster Energy
|-activate|p2a: Iron Valiant|ability: Quark Drive|[fromitem]
|-start|p2a: Iron Valiant|quarkdrivespe
|turn|16
|l| bcfhhggghh
|
|t:|1779717826
|move|p2a: Iron Valiant|Moonblast|p1a: Gholdengo
|-resisted|p1a: Gholdengo
|-damage|p1a: Gholdengo|0 fnt
|faint|p1a: Gholdengo
|
|upkeep
|
|t:|1779717830
|switch|p1a: Iron Crown|Iron Crown|100/100
|-damage|p1a: Iron Crown|94/100|[from] Stealth Rock
|-enditem|p1a: Iron Crown|Booster Energy
|-activate|p1a: Iron Crown|ability: Quark Drive|[fromitem]
|-start|p1a: Iron Crown|quarkdrivespe
|turn|17
|
|t:|1779717846
|move|p2a: Iron Valiant|Focus Blast|p1a: Iron Crown
|-damage|p1a: Iron Crown|40/100
|move|p1a: Iron Crown|Calm Mind|p1a: Iron Crown
|-boost|p1a: Iron Crown|spa|1
|-boost|p1a: Iron Crown|spd|1
|
|upkeep
|turn|18
|
|t:|1779717860
|move|p2a: Iron Valiant|Focus Blast|p1a: Iron Crown
|-damage|p1a: Iron Crown|4/100
|move|p1a: Iron Crown|Tachyon Cutter|p2a: Iron Valiant
|-supereffective|p2a: Iron Valiant
|-damage|p2a: Iron Valiant|0 fnt
|faint|p2a: Iron Valiant
|-end|p2a: Iron Valiant|Quark Drive|[silent]
|-hitcount|p2: Iron Valiant|1
|
|upkeep
|
|t:|1779717864
|switch|p2a: Kingambit|Kingambit, F, shiny|100/100
|-activate|p2a: Kingambit|ability: Supreme Overlord
|-start|p2a: Kingambit|fallen4|[silent]
|turn|19
|
|t:|1779717869
|move|p2a: Kingambit|Sucker Punch|p1a: Iron Crown
|-supereffective|p1a: Iron Crown
|-damage|p1a: Iron Crown|0 fnt
|faint|p1a: Iron Crown
|-end|p1a: Iron Crown|Quark Drive|[silent]
|
|upkeep
|
|t:|1779717874
|switch|p1a: Dragonite|Dragonite, F|93/100
|turn|20
|
|t:|1779717877
|move|p1a: Dragonite|Low Kick|p2a: Kingambit
|-supereffective|p2a: Kingambit
|-damage|p2a: Kingambit|0 fnt
|faint|p2a: Kingambit
|-end|p2a: Kingambit|fallen4|[silent]
|
|upkeep
|
|t:|1779717881
|switch|p2a: Great Tusk|Great Tusk, shiny, tera:Ghost|20/100 psn
|turn|21
|
|t:|1779717885
|-terastallize|p1a: Dragonite|Normal
|move|p2a: Great Tusk|Headlong Rush|p1a: Dragonite
|-damage|p1a: Dragonite|41/100
|-unboost|p2a: Great Tusk|def|1
|-unboost|p2a: Great Tusk|spd|1
|move|p1a: Dragonite|Dragon Tail|p2a: Great Tusk
|-damage|p2a: Great Tusk|0 fnt
|faint|p2a: Great Tusk
|-end|p2a: Great Tusk|Protosynthesis|[silent]
|
|win|Sovereeign
|raw|Sovereeign's rating: 1768 &rarr; <strong>1792</strong><br />(+24 for winning)
|raw|ClRCUS MAXIMUS's rating: 1841 &rarr; <strong>1817</strong><br />(-24 for losing)
|l|‽ClRCUS MAXIMUS
|player|p2|
|l|☆Sovereeign
|player|p1|
