|j|☆prazelt
|j|☆Nertwerve
|t:|1779653512
|gametype|singles
|player|p1|prazelt|red|1083
|player|p2|Nertwerve|waitress-gen4|1077
|gen|9
|tier|[Gen 9] OU
|rated|
|rule|HP Percentage Mod: HP is shown in percentages
|rule|Endless Battle Clause: Forcing endless battles is banned
|rule|Species Clause: Limit one of each Pokémon
|rule|OHKO Clause: OHKO moves are banned
|rule|Evasion Items Clause: Evasion items are banned
|rule|Evasion Moves Clause: Evasion moves are banned
|rule|Evasion Abilities Clause: Evasion abilities are banned
|rule|Sleep Moves Clause: Sleep-inducing moves are banned
|clearpoke
|poke|p1|Staraptor, M|
|poke|p1|Tyranitar, F|
|poke|p1|Lucario, M|
|poke|p1|Milotic, F|
|poke|p1|Hippowdon, F|
|poke|p1|Gardevoir, F|
|poke|p2|Conkeldurr, M|
|poke|p2|Scizor, F|
|poke|p2|Goodra, F|
|poke|p2|Clodsire, F|
|poke|p2|Dudunsparce-*, M|
|poke|p2|Zangoose, F|
|teampreview
|inactive|Battle timer is ON: inactive players will automatically lose when time's up. (requested by Nertwerve)
|inactive|prazelt also wants the timer to be on.
|
|t:|1779653520
|teamsize|p1|6
|teamsize|p2|6
|start
|switch|p1a: Staraptor|Staraptor, M|100/100
|switch|p2a: Loafsire|Clodsire, F|100/100
|turn|1
|
|t:|1779653526
|move|p1a: Staraptor|Double-Edge|p2a: Loafsire
|-enditem|p1a: Staraptor|Normal Gem|[from] gem
|-damage|p2a: Loafsire|0 fnt
|faint|p2a: Loafsire
|-damage|p1a: Staraptor|51/100|[from] Recoil
|
|upkeep
|
|t:|1779653553
|switch|p2a: Duchess|Goodra, F, shiny|100/100
|turn|2
|
|t:|1779653567
|move|p1a: Staraptor|Acrobatics|p2a: Duchess
|-damage|p2a: Duchess|26/100
|-ability|p2a: Duchess|Gooey
|-unboost|p1a: Staraptor|spe|1
|move|p2a: Duchess|Thunderbolt|p1a: Staraptor
|-supereffective|p1a: Staraptor
|-damage|p1a: Staraptor|0 fnt
|faint|p1a: Staraptor
|
|upkeep
|
|t:|1779653596
|switch|p1a: Milotic|Milotic, F|100/100
|turn|3
|
|t:|1779653609
|move|p2a: Duchess|Thunderbolt|p1a: Milotic
|-supereffective|p1a: Milotic
|-damage|p1a: Milotic|56/100
|move|p1a: Milotic|Ice Beam|p2a: Duchess
|-supereffective|p2a: Duchess
|-damage|p2a: Duchess|0 fnt
|faint|p2a: Duchess
|
|-heal|p1a: Milotic|62/100|[from] item: Leftovers
|upkeep
|inactive|Nertwerve has 120 seconds left.
|
|t:|1779653645
|switch|p2a: Scizor|Scizor, F|100/100
|turn|4
|
|t:|1779653652
|move|p1a: Milotic|Scald|p2a: Scizor
|-damage|p2a: Scizor|69/100
|-enditem|p2a: Scizor|Red Card|[of] p1a: Milotic
|drag|p1a: Tyranitar|Tyranitar, F|100/100
|-weather|Sandstorm|[from] ability: Sand Stream|[of] p1a: Tyranitar
|move|p2a: Scizor|Swords Dance|p2a: Scizor
|-boost|p2a: Scizor|atk|2
|
|-weather|Sandstorm|[upkeep]
|upkeep
|turn|5
|inactive|Nertwerve has 120 seconds left.
|
|t:|1779653669
|move|p2a: Scizor|Vacuum Wave|p1a: Tyranitar
|-supereffective|p1a: Tyranitar
|-damage|p1a: Tyranitar|83/100
|move|p1a: Tyranitar|Crunch|p2a: Scizor
|-damage|p2a: Scizor|21/100
|-unboost|p2a: Scizor|def|1
|
|-weather|Sandstorm|[upkeep]
|upkeep
|turn|6
|
|t:|1779653687
|move|p2a: Scizor|Bullet Punch|p1a: Tyranitar
|-supereffective|p1a: Tyranitar
|-damage|p1a: Tyranitar|0 fnt
|faint|p1a: Tyranitar
|
|-weather|Sandstorm|[upkeep]
|upkeep
|
|t:|1779653705
|switch|p1a: Hippowdon|Hippowdon, F|100/100
|turn|7
|
|t:|1779653715
|move|p2a: Scizor|Acrobatics|p1a: Hippowdon
|-damage|p1a: Hippowdon|44/100
|move|p1a: Hippowdon|Earthquake|p2a: Scizor
|-damage|p2a: Scizor|0 fnt
|faint|p2a: Scizor
|
|-weather|Sandstorm|[upkeep]
|-heal|p1a: Hippowdon|50/100|[from] item: Leftovers
|upkeep
|
|t:|1779653725
|switch|p2a: Dudunsparce|Dudunsparce, M|100/100
|turn|8
|
|t:|1779653739
|move|p2a: Dudunsparce|Coil|p2a: Dudunsparce
|-boost|p2a: Dudunsparce|atk|1
|-boost|p2a: Dudunsparce|def|1
|-boost|p2a: Dudunsparce|accuracy|1
|move|p1a: Hippowdon|Earthquake|p2a: Dudunsparce
|-damage|p2a: Dudunsparce|71/100
|
|-weather|none
|-heal|p2a: Dudunsparce|77/100|[from] item: Leftovers
|-heal|p1a: Hippowdon|57/100|[from] item: Leftovers
|upkeep
|turn|9
|inactive|Nertwerve has 120 seconds left.
|
|t:|1779653753
|switch|p1a: Lucario|Lucario, M|100/100
|move|p2a: Dudunsparce|Body Slam|p1a: Lucario
|-resisted|p1a: Lucario
|-damage|p1a: Lucario|64/100
|-status|p1a: Lucario|par
|
|-heal|p2a: Dudunsparce|83/100|[from] item: Leftovers
|upkeep
|turn|10
|
|t:|1779653761
|move|p2a: Dudunsparce|Flamethrower|p1a: Lucario
|-supereffective|p1a: Lucario
|-damage|p1a: Lucario|14/100 par
|-enditem|p1a: Lucario|Salac Berry|[eat]
|-boost|p1a: Lucario|spe|1|[from] item: Salac Berry
|move|p1a: Lucario|Nasty Plot|p1a: Lucario
|-boost|p1a: Lucario|spa|2
|
|-heal|p2a: Dudunsparce|89/100|[from] item: Leftovers
|upkeep
|turn|11
|
|t:|1779653773
|cant|p1a: Lucario|par
|move|p2a: Dudunsparce|Body Slam|p1a: Lucario
|-resisted|p1a: Lucario
|-damage|p1a: Lucario|0 fnt
|faint|p1a: Lucario
|
|-heal|p2a: Dudunsparce|95/100|[from] item: Leftovers
|upkeep
|
|t:|1779653785
|switch|p1a: Milotic|Milotic, F|62/100
|turn|12
|
|t:|1779653795
|move|p1a: Milotic|Recover|p1a: Milotic
|-heal|p1a: Milotic|100/100
|move|p2a: Dudunsparce|Body Slam|p1a: Milotic
|-damage|p1a: Milotic|69/100
|-status|p1a: Milotic|par
|
|-heal|p2a: Dudunsparce|100/100|[from] item: Leftovers
|-heal|p1a: Milotic|75/100 par|[from] item: Leftovers
|upkeep
|turn|13
|
|t:|1779653803
|move|p2a: Dudunsparce|Coil|p2a: Dudunsparce
|-boost|p2a: Dudunsparce|atk|1
|-boost|p2a: Dudunsparce|def|1
|-boost|p2a: Dudunsparce|accuracy|1
|cant|p1a: Milotic|par
|
|-heal|p1a: Milotic|81/100 par|[from] item: Leftovers
|upkeep
|turn|14
|
|t:|1779653814
|move|p2a: Dudunsparce|Body Slam|p1a: Milotic
|-damage|p1a: Milotic|53/100 par
|move|p1a: Milotic|Scald|p2a: Dudunsparce
|-damage|p2a: Dudunsparce|73/100
|
|-heal|p2a: Dudunsparce|79/100|[from] item: Leftovers
|-heal|p1a: Milotic|59/100 par|[from] item: Leftovers
|upkeep
|turn|15
|
|t:|1779653837
|move|p2a: Dudunsparce|Hyper Drill|p1a: Milotic
|-damage|p1a: Milotic|28/100 par
|cant|p1a: Milotic|par
|
|-heal|p2a: Dudunsparce|85/100|[from] item: Leftovers
|-heal|p1a: Milotic|34/100 par|[from] item: Leftovers
|upkeep
|turn|16
|
|t:|1779653846
|move|p2a: Dudunsparce|Coil|p2a: Dudunsparce
|-boost|p2a: Dudunsparce|atk|1
|-boost|p2a: Dudunsparce|def|1
|-boost|p2a: Dudunsparce|accuracy|1
|move|p1a: Milotic|Recover|p1a: Milotic
|-heal|p1a: Milotic|84/100 par
|
|-heal|p2a: Dudunsparce|91/100|[from] item: Leftovers
|-heal|p1a: Milotic|90/100 par|[from] item: Leftovers
|upkeep
|turn|17
|
|t:|1779653853
|move|p2a: Dudunsparce|Body Slam|p1a: Milotic
|-damage|p1a: Milotic|56/100 par
|cant|p1a: Milotic|par
|
|-heal|p2a: Dudunsparce|97/100|[from] item: Leftovers
|-heal|p1a: Milotic|62/100 par|[from] item: Leftovers
|upkeep
|turn|18
|
|t:|1779653860
|move|p2a: Dudunsparce|Body Slam|p1a: Milotic
|-damage|p1a: Milotic|24/100 par
|move|p1a: Milotic|Recover|p1a: Milotic
|-heal|p1a: Milotic|74/100 par
|
|-heal|p2a: Dudunsparce|100/100|[from] item: Leftovers
|-heal|p1a: Milotic|80/100 par|[from] item: Leftovers
|upkeep
|turn|19
|
|t:|1779653867
|move|p2a: Dudunsparce|Body Slam|p1a: Milotic
|-damage|p1a: Milotic|46/100 par
|move|p1a: Milotic|Recover|p1a: Milotic
|-heal|p1a: Milotic|96/100 par
|
|-heal|p1a: Milotic|100/100 par|[from] item: Leftovers
|upkeep
|turn|20
|
|t:|1779653874
|move|p2a: Dudunsparce|Body Slam|p1a: Milotic
|-damage|p1a: Milotic|66/100 par
|move|p1a: Milotic|Scald|p2a: Dudunsparce
|-damage|p2a: Dudunsparce|72/100
|
|-heal|p2a: Dudunsparce|78/100|[from] item: Leftovers
|-heal|p1a: Milotic|72/100 par|[from] item: Leftovers
|upkeep
|turn|21
|
|t:|1779653887
|move|p2a: Dudunsparce|Body Slam|p1a: Milotic
|-damage|p1a: Milotic|38/100 par
|move|p1a: Milotic|Scald|p2a: Dudunsparce
|-damage|p2a: Dudunsparce|49/100
|
|-heal|p2a: Dudunsparce|55/100|[from] item: Leftovers
|-heal|p1a: Milotic|44/100 par|[from] item: Leftovers
|upkeep
|turn|22
|
|t:|1779653896
|move|p2a: Dudunsparce|Hyper Drill|p1a: Milotic
|-damage|p1a: Milotic|2/100 par
|move|p1a: Milotic|Recover|p1a: Milotic
|-heal|p1a: Milotic|52/100 par
|
|-heal|p2a: Dudunsparce|61/100|[from] item: Leftovers
|-heal|p1a: Milotic|58/100 par|[from] item: Leftovers
|upkeep
|turn|23
|
|t:|1779653908
|move|p2a: Dudunsparce|Body Slam|p1a: Milotic
|-damage|p1a: Milotic|25/100 par
|move|p1a: Milotic|Recover|p1a: Milotic
|-heal|p1a: Milotic|75/100 par
|
|-heal|p2a: Dudunsparce|68/100|[from] item: Leftovers
|-heal|p1a: Milotic|81/100 par|[from] item: Leftovers
|upkeep
|turn|24
|
|t:|1779653916
|move|p2a: Dudunsparce|Coil|p2a: Dudunsparce
|-boost|p2a: Dudunsparce|atk|1
|-boost|p2a: Dudunsparce|def|1
|-boost|p2a: Dudunsparce|accuracy|1
|move|p1a: Milotic|Scald|p2a: Dudunsparce
|-damage|p2a: Dudunsparce|43/100
|
|-heal|p2a: Dudunsparce|49/100|[from] item: Leftovers
|-heal|p1a: Milotic|87/100 par|[from] item: Leftovers
|upkeep
|turn|25
|
|t:|1779653932
|-terastallize|p1a: Milotic|Fairy
|move|p2a: Dudunsparce|Body Slam|p1a: Milotic
|-damage|p1a: Milotic|47/100 par
|cant|p1a: Milotic|par
|
|-heal|p2a: Dudunsparce|55/100|[from] item: Leftovers
|-heal|p1a: Milotic|54/100 par|[from] item: Leftovers
|upkeep
|turn|26
|
|t:|1779653945
|move|p2a: Dudunsparce|Body Slam|p1a: Milotic
|-damage|p1a: Milotic|8/100 par
|move|p1a: Milotic|Recover|p1a: Milotic
|-heal|p1a: Milotic|58/100 par
|
|-heal|p2a: Dudunsparce|61/100|[from] item: Leftovers
|-heal|p1a: Milotic|64/100 par|[from] item: Leftovers
|upkeep
|turn|27
|
|t:|1779653952
|move|p2a: Dudunsparce|Body Slam|p1a: Milotic
|-damage|p1a: Milotic|24/100 par
|cant|p1a: Milotic|par
|
|-heal|p2a: Dudunsparce|67/100|[from] item: Leftovers
|-heal|p1a: Milotic|30/100 par|[from] item: Leftovers
|upkeep
|turn|28
|
|t:|1779653958
|move|p2a: Dudunsparce|Body Slam|p1a: Milotic
|-damage|p1a: Milotic|0 fnt
|faint|p1a: Milotic
|
|-heal|p2a: Dudunsparce|73/100|[from] item: Leftovers
|upkeep
|
|t:|1779653962
|switch|p1a: Hippowdon|Hippowdon, F|57/100
|turn|29
|-message|prazelt forfeited.
|
|win|Nertwerve
|raw|prazelt's rating: 1083 &rarr; <strong>1060</strong><br />(-23 for losing)
|raw|Nertwerve's rating: 1077 &rarr; <strong>1106</strong><br />(+29 for winning)
|l|☆prazelt
|player|p1|
