|j|☆Djibril1308
|j|☆PokeAbl05241603t6i
|t:|1779653396
|gametype|singles
|player|p1|Djibril1308|lucas|1109
|player|p2|PokeAbl05241603t6i|102|1042
|gen|9
|tier|[Gen 9] OU
|rated|
|rule|HP Percentage Mod: HP is shown in percentages
|rule|Endless Battle Clause: Forcing endless battles is banned
|rule|Species Clause: Limit one of each Pokémon
|rule|OHKO Clause: OHKO moves are banned
|rule|Evasion Items Clause: Evasion items are banned
|rule|Evasion Moves Clause: Evasion moves are banned
|rule|Evasion Abilities Clause: Evasion abilities are banned
|rule|Sleep Moves Clause: Sleep-inducing moves are banned
|clearpoke
|poke|p1|Greninja-*, M|
|poke|p1|Venusaur, M|
|poke|p1|Iron Valiant|
|poke|p1|Cinderace, M|
|poke|p1|Dragapult, M|
|poke|p1|Iron Hands|
|poke|p2|Glimmora, M|
|poke|p2|Great Tusk|
|poke|p2|Gholdengo|
|poke|p2|Dragapult, F|
|poke|p2|Primarina, M|
|poke|p2|Kingambit, M|
|teampreview
|inactive|Battle timer is ON: inactive players will automatically lose when time's up. (requested by PokeAbl05241603t6i)
|
|t:|1779653402
|teamsize|p1|6
|teamsize|p2|6
|start
|switch|p1a: Eisenhand|Iron Hands|100/100
|switch|p2a: Primarina|Primarina, M|100/100
|-enditem|p1a: Eisenhand|Booster Energy
|-activate|p1a: Eisenhand|ability: Quark Drive|[fromitem]
|-start|p1a: Eisenhand|quarkdriveatk
|turn|1
|
|t:|1779653412
|move|p2a: Primarina|Moonblast|p1a: Eisenhand
|-supereffective|p1a: Eisenhand
|-damage|p1a: Eisenhand|16/100
|-unboost|p1a: Eisenhand|spa|1
|move|p1a: Eisenhand|Thunder Punch|p2a: Primarina
|-supereffective|p2a: Primarina
|-crit|p2a: Primarina
|-damage|p2a: Primarina|0 fnt
|faint|p2a: Primarina
|
|upkeep
|
|t:|1779653418
|switch|p2a: Kingambit|Kingambit, M|100/100
|-activate|p2a: Kingambit|ability: Supreme Overlord
|-start|p2a: Kingambit|fallen1|[silent]
|turn|2
|
|t:|1779653428
|move|p2a: Kingambit|Iron Head|p1a: Eisenhand
|-resisted|p1a: Eisenhand
|-damage|p1a: Eisenhand|2/100
|move|p1a: Eisenhand|Brick Break|p2a: Kingambit
|-supereffective|p2a: Kingambit
|-damage|p2a: Kingambit|0 fnt
|faint|p2a: Kingambit
|-end|p2a: Kingambit|fallen1|[silent]
|
|upkeep
|
|t:|1779653434
|switch|p2a: Great Tusk|Great Tusk|100/100
|turn|3
|
|t:|1779653443
|move|p2a: Great Tusk|Rapid Spin|p1a: Eisenhand
|-damage|p1a: Eisenhand|0 fnt
|-boost|p2a: Great Tusk|spe|1
|faint|p1a: Eisenhand
|-end|p1a: Eisenhand|Quark Drive|[silent]
|
|upkeep
|
|t:|1779653459
|switch|p1a: Eisenkrieger|Iron Valiant|100/100
|-enditem|p1a: Eisenkrieger|Booster Energy
|-activate|p1a: Eisenkrieger|ability: Quark Drive|[fromitem]
|-start|p1a: Eisenkrieger|quarkdrivespe
|turn|4
|
|t:|1779653465
|-terastallize|p2a: Great Tusk|Steel
|move|p2a: Great Tusk|Rapid Spin|p1a: Eisenkrieger
|-damage|p1a: Eisenkrieger|83/100
|-boost|p2a: Great Tusk|spe|1
|move|p1a: Eisenkrieger|Swords Dance|p1a: Eisenkrieger
|-boost|p1a: Eisenkrieger|atk|2
|
|upkeep
|turn|5
|
|t:|1779653477
|move|p2a: Great Tusk|Headlong Rush|p1a: Eisenkrieger
|-damage|p1a: Eisenkrieger|17/100
|-unboost|p2a: Great Tusk|def|1
|-unboost|p2a: Great Tusk|spd|1
|move|p1a: Eisenkrieger|Close Combat|p2a: Great Tusk
|-supereffective|p2a: Great Tusk
|-damage|p2a: Great Tusk|0 fnt
|-unboost|p1a: Eisenkrieger|def|1
|-unboost|p1a: Eisenkrieger|spd|1
|faint|p2a: Great Tusk
|-end|p2a: Great Tusk|Protosynthesis|[silent]
|
|upkeep
|
|t:|1779653482
|switch|p2a: Glimmora|Glimmora, M|100/100
|turn|6
|
|t:|1779653493
|move|p1a: Eisenkrieger|Close Combat|p2a: Glimmora
|-enditem|p2a: Glimmora|Focus Sash
|-damage|p2a: Glimmora|1/100
|-unboost|p1a: Eisenkrieger|def|1
|-unboost|p1a: Eisenkrieger|spd|1
|-activate|p2a: Glimmora|ability: Toxic Debris
|-sidestart|p1: Djibril1308|move: Toxic Spikes
|move|p2a: Glimmora|Power Gem|p1a: Eisenkrieger
|-resisted|p1a: Eisenkrieger
|-damage|p1a: Eisenkrieger|0 fnt
|faint|p1a: Eisenkrieger
|-end|p1a: Eisenkrieger|Quark Drive|[silent]
|
|upkeep
|
|t:|1779653514
|switch|p1a: Liberlo|Cinderace, M|100/100
|turn|7
|
|t:|1779653519
|switch|p2a: Dragapult|Dragapult, F|100/100
|move|p1a: Liberlo|Flame Charge|p2a: Dragapult
|-resisted|p2a: Dragapult
|-damage|p2a: Dragapult|85/100
|-boost|p1a: Liberlo|spe|1
|
|upkeep
|turn|8
|
|t:|1779653534
|move|p2a: Dragapult|Draco Meteor|p1a: Liberlo
|-damage|p1a: Liberlo|37/100
|-unboost|p2a: Dragapult|spa|2
|move|p1a: Liberlo|Pyro Ball|p2a: Dragapult
|-resisted|p2a: Dragapult
|-damage|p2a: Dragapult|50/100
|
|upkeep
|turn|9
|
|t:|1779653545
|move|p2a: Dragapult|Draco Meteor|p1a: Liberlo
|-crit|p1a: Liberlo
|-damage|p1a: Liberlo|0 fnt
|-unboost|p2a: Dragapult|spa|2
|faint|p1a: Liberlo
|
|upkeep
|
|t:|1779653556
|switch|p1a: Katapuldra|Dragapult, M|100/100
|-status|p1a: Katapuldra|psn
|turn|10
|
|t:|1779653567
|switch|p2a: Glimmora|Glimmora, M|1/100
|move|p1a: Katapuldra|Sucker Punch||[still]
|-fail|p1a: Katapuldra
|
|-damage|p1a: Katapuldra|88/100 psn|[from] psn
|upkeep
|turn|11
|
|t:|1779653577
|move|p1a: Katapuldra|Dragon Darts|p2a: Glimmora
|-damage|p2a: Glimmora|0 fnt
|-activate|p2a: Glimmora|ability: Toxic Debris
|-sidestart|p1: Djibril1308|move: Toxic Spikes
|faint|p2a: Glimmora
|
|-damage|p1a: Katapuldra|76/100 psn|[from] psn
|upkeep
|
|t:|1779653582
|switch|p2a: Gholdengo|Gholdengo|100/100
|-item|p2a: Gholdengo|Air Balloon
|turn|12
|
|t:|1779653591
|switch|p2a: Dragapult|Dragapult, F|50/100
|move|p1a: Katapuldra|Sucker Punch||[still]
|-fail|p1a: Katapuldra
|
|-damage|p1a: Katapuldra|64/100 psn|[from] psn
|upkeep
|turn|13
|
|t:|1779653605
|switch|p2a: Gholdengo|Gholdengo|100/100
|-item|p2a: Gholdengo|Air Balloon
|move|p1a: Katapuldra|Phantom Force||[still]
|-prepare|p1a: Katapuldra|Phantom Force
|
|-damage|p1a: Katapuldra|51/100 psn|[from] psn
|upkeep
|turn|14
|
|t:|1779653615
|move|p1a: Katapuldra|Phantom Force|p2a: Gholdengo|[from] lockedmove
|-supereffective|p2a: Gholdengo
|-damage|p2a: Gholdengo|0 fnt
|-enditem|p2a: Gholdengo|Air Balloon
|faint|p2a: Gholdengo
|
|-damage|p1a: Katapuldra|39/100 psn|[from] psn
|upkeep
|
|t:|1779653617
|switch|p2a: Dragapult|Dragapult, F|50/100
|turn|15
|
|t:|1779653628
|move|p1a: Katapuldra|Sucker Punch|p2a: Dragapult
|-supereffective|p2a: Dragapult
|-damage|p2a: Dragapult|0 fnt
|faint|p2a: Dragapult
|
|win|Djibril1308
|raw|Djibril1308's rating: 1109 &rarr; <strong>1129</strong><br />(+20 for winning)
|raw|PokeAbl05241603t6i's rating: 1042 &rarr; <strong>1029</strong><br />(-13 for losing)
