|j|☆xxxduqi
|j|☆rujjtrainer
|t:|1779689672
|gametype|singles
|player|p1|xxxduqi|miku-flying|1318
|player|p2|rujjtrainer|winona|1335
|gen|9
|tier|[Gen 9] OU
|rated|
|rule|HP Percentage Mod: HP is shown in percentages
|rule|Endless Battle Clause: Forcing endless battles is banned
|rule|Species Clause: Limit one of each Pokémon
|rule|OHKO Clause: OHKO moves are banned
|rule|Evasion Items Clause: Evasion items are banned
|rule|Evasion Moves Clause: Evasion moves are banned
|rule|Evasion Abilities Clause: Evasion abilities are banned
|rule|Sleep Moves Clause: Sleep-inducing moves are banned
|clearpoke
|poke|p1|Ogerpon-Wellspring, F|
|poke|p1|Alomomola, M|
|poke|p1|Fezandipiti, M|
|poke|p1|Landorus-Therian, M|
|poke|p1|Kyurem|
|poke|p1|Great Tusk|
|poke|p2|Sinistcha-Masterpiece|
|poke|p2|Scizor, M|
|poke|p2|Lucario, M|
|poke|p2|Arcanine-Hisui, M|
|poke|p2|Hydreigon, M|
|poke|p2|Quaquaval, M|
|teampreview
|inactive|Battle timer is ON: inactive players will automatically lose when time's up. (requested by xxxduqi)
|
|t:|1779689678
|teamsize|p1|6
|teamsize|p2|6
|start
|switch|p1a: 我也不想在这里|Landorus-Therian, M|100/100
|switch|p2a: Sinistcha|Sinistcha-Masterpiece|100/100
|-ability|p1a: 我也不想在这里|Intimidate|boost
|-unboost|p2a: Sinistcha|atk|1
|turn|1
|
|t:|1779689684
|move|p1a: 我也不想在这里|Taunt|p2a: Sinistcha
|-start|p2a: Sinistcha|move: Taunt
|cant|p2a: Sinistcha|move: Taunt|Nasty Plot
|
|upkeep
|turn|2
|
|t:|1779689689
|move|p1a: 我也不想在这里|Stealth Rock|p2a: Sinistcha
|-sidestart|p2: rujjtrainer|move: Stealth Rock
|move|p2a: Sinistcha|Scald|p1a: 我也不想在这里
|-supereffective|p1a: 我也不想在这里
|-damage|p1a: 我也不想在这里|41/100
|
|-heal|p1a: 我也不想在这里|47/100|[from] item: Leftovers
|upkeep
|turn|3
|
|t:|1779689696
|move|p1a: 我也不想在这里|U-turn|p2a: Sinistcha
|-damage|p2a: Sinistcha|77/100
|
|t:|1779689698
|switch|p1a: 伸！张！正↑！E↓！|Ogerpon-Wellspring, F|100/100|[from] U-turn
|move|p2a: Sinistcha|Scald|p1a: 伸！张！正↑！E↓！
|-immune|p1a: 伸！张！正↑！E↓！|[from] ability: Water Absorb
|
|-end|p2a: Sinistcha|move: Taunt
|upkeep
|turn|4
|
|t:|1779689706
|move|p1a: 伸！张！正↑！E↓！|Encore|p2a: Sinistcha
|-start|p2a: Sinistcha|Encore
|move|p2a: Sinistcha|Scald|p1a: 伸！张！正↑！E↓！
|-immune|p1a: 伸！张！正↑！E↓！|[from] ability: Water Absorb
|
|upkeep
|turn|5
|
|t:|1779689714
|switch|p2a: Lucario|Lucario, M|100/100
|-damage|p2a: Lucario|98/100|[from] Stealth Rock
|move|p1a: 伸！张！正↑！E↓！|Swords Dance|p1a: 伸！张！正↑！E↓！
|-boost|p1a: 伸！张！正↑！E↓！|atk|2
|
|upkeep
|turn|6
|
|t:|1779689724
|switch|p1a: 想走也来不及|Fezandipiti, M|100/100
|move|p2a: Lucario|Aura Sphere|p1a: 想走也来不及
|-resisted|p1a: 想走也来不及
|-damage|p1a: 想走也来不及|95/100
|
|upkeep
|turn|7
|
|t:|1779689732
|move|p2a: Lucario|Nasty Plot|p2a: Lucario
|-boost|p2a: Lucario|spa|2
|move|p1a: 想走也来不及|U-turn|p2a: Lucario
|-resisted|p2a: Lucario
|-damage|p2a: Lucario|92/100
|
|t:|1779689736
|switch|p1a: 伸！张！正↑！E↓！|Ogerpon-Wellspring, F|100/100|[from] U-turn
|
|upkeep
|turn|8
|
|t:|1779689743
|switch|p2a: Hydreigon|Hydreigon, M|100/100
|-damage|p2a: Hydreigon|88/100|[from] Stealth Rock
|move|p1a: 伸！张！正↑！E↓！|Encore||[still]
|-fail|p1a: 伸！张！正↑！E↓！
|
|upkeep
|turn|9
|
|t:|1779689750
|switch|p1a: 想走也来不及|Fezandipiti, M|95/100
|move|p2a: Hydreigon|Earth Power|p1a: 想走也来不及
|-supereffective|p1a: 想走也来不及
|-damage|p1a: 想走也来不及|60/100
|
|upkeep
|turn|10
|
|t:|1779689757
|move|p2a: Hydreigon|Earth Power|p1a: 想走也来不及
|-supereffective|p1a: 想走也来不及
|-damage|p1a: 想走也来不及|26/100
|move|p1a: 想走也来不及|U-turn|p2a: Hydreigon
|-supereffective|p2a: Hydreigon
|-damage|p2a: Hydreigon|55/100
|-status|p2a: Hydreigon|tox|[from] ability: Toxic Chain|[of] p1a: 想走也来不及
|
|t:|1779689760
|switch|p1a: 不想在这里|Alomomola, M|100/100|[from] U-turn
|
|-damage|p2a: Hydreigon|49/100 tox|[from] psn
|upkeep
|turn|11
|
|t:|1779689769
|move|p2a: Hydreigon|Draco Meteor|p1a: 不想在这里
|-damage|p1a: 不想在这里|49/100
|-unboost|p2a: Hydreigon|spa|2
|move|p1a: 不想在这里|Wish|p1a: 不想在这里
|
|-damage|p2a: Hydreigon|36/100 tox|[from] psn
|upkeep
|turn|12
|
|t:|1779689779
|switch|p2a: Quaquaval|Quaquaval, M|100/100
|-damage|p2a: Quaquaval|94/100|[from] Stealth Rock
|move|p1a: 不想在这里|Flip Turn|p2a: Quaquaval
|-resisted|p2a: Quaquaval
|-damage|p2a: Quaquaval|83/100
|
|t:|1779689787
|switch|p1a: 想走也来不及|Fezandipiti, M|26/100|[from] Flip Turn
|
|-heal|p1a: 想走也来不及|96/100|[from] move: Wish|[wisher] 不想在这里
|upkeep
|turn|13
|
|t:|1779689794
|move|p2a: Quaquaval|Swords Dance|p2a: Quaquaval
|-boost|p2a: Quaquaval|atk|2
|move|p1a: 想走也来不及|Moonblast|p2a: Quaquaval
|-supereffective|p2a: Quaquaval
|-damage|p2a: Quaquaval|15/100
|
|upkeep
|turn|14
|
|t:|1779689800
|switch|p1a: 伸！张！正↑！E↓！|Ogerpon-Wellspring, F|100/100
|move|p2a: Quaquaval|Aqua Step|p1a: 伸！张！正↑！E↓！
|-immune|p1a: 伸！张！正↑！E↓！|[from] ability: Water Absorb
|
|upkeep
|turn|15
|
|t:|1779689807
|switch|p2a: Sinistcha|Sinistcha-Masterpiece|77/100
|-damage|p2a: Sinistcha|65/100|[from] Stealth Rock
|move|p1a: 伸！张！正↑！E↓！|Horn Leech|p2a: Sinistcha
|-resisted|p2a: Sinistcha
|-damage|p2a: Sinistcha|44/100
|
|upkeep
|turn|16
|
|t:|1779689815
|switch|p1a: 想走也来不及|Fezandipiti, M|96/100
|move|p2a: Sinistcha|Matcha Gotcha|p1a: 想走也来不及|[miss]
|-miss|p2a: Sinistcha|p1a: 想走也来不及
|
|upkeep
|turn|17
|
|t:|1779689822
|move|p1a: 想走也来不及|U-turn|p2a: Sinistcha
|-damage|p2a: Sinistcha|30/100
|
|t:|1779689826
|switch|p1a: 伸！张！正↑！E↓！|Ogerpon-Wellspring, F|100/100|[from] U-turn
|move|p2a: Sinistcha|Scald|p1a: 伸！张！正↑！E↓！
|-immune|p1a: 伸！张！正↑！E↓！|[from] ability: Water Absorb
|
|upkeep
|turn|18
|
|t:|1779689833
|move|p1a: 伸！张！正↑！E↓！|Swords Dance|p1a: 伸！张！正↑！E↓！
|-boost|p1a: 伸！张！正↑！E↓！|atk|2
|move|p2a: Sinistcha|Shadow Ball|p1a: 伸！张！正↑！E↓！
|-damage|p1a: 伸！张！正↑！E↓！|57/100
|
|upkeep
|turn|19
|
|t:|1779689839
|move|p1a: 伸！张！正↑！E↓！|Ivy Cudgel|p2a: Sinistcha|[anim] Ivy Cudgel Water
|-resisted|p2a: Sinistcha
|-damage|p2a: Sinistcha|0 fnt
|faint|p2a: Sinistcha
|
|upkeep
|
|t:|1779689844
|switch|p2a: Hydreigon|Hydreigon, M|36/100 tox
|-damage|p2a: Hydreigon|24/100 tox|[from] Stealth Rock
|turn|20
|
|t:|1779689849
|move|p1a: 伸！张！正↑！E↓！|Ivy Cudgel|p2a: Hydreigon|[anim] Ivy Cudgel Water
|-resisted|p2a: Hydreigon
|-damage|p2a: Hydreigon|0 fnt
|faint|p2a: Hydreigon
|
|upkeep
|
|t:|1779689854
|switch|p2a: Scizor|Scizor, M|100/100
|-damage|p2a: Scizor|88/100|[from] Stealth Rock
|turn|21
|
|t:|1779689858
|-terastallize|p1a: 伸！张！正↑！E↓！|Water
|detailschange|p1a: 伸！张！正↑！E↓！|Ogerpon-Wellspring-Tera, F, tera:Water
|-ability|p1a: 伸！张！正↑！E↓！|Embody Aspect (Wellspring)|boost
|-boost|p1a: 伸！张！正↑！E↓！|spd|1
|-terastallize|p2a: Scizor|Water
|move|p1a: 伸！张！正↑！E↓！|Ivy Cudgel|p2a: Scizor|[anim] Ivy Cudgel Water
|-resisted|p2a: Scizor
|-damage|p2a: Scizor|0 fnt
|faint|p2a: Scizor
|
|upkeep
|
|t:|1779689869
|switch|p2a: Quaquaval|Quaquaval, M|15/100
|-damage|p2a: Quaquaval|9/100|[from] Stealth Rock
|turn|22
|-message|rujjtrainer forfeited.
|
|win|xxxduqi
|raw|xxxduqi's rating: 1318 &rarr; <strong>1339</strong><br />(+21 for winning)
|raw|rujjtrainer's rating: 1335 &rarr; <strong>1314</strong><br />(-21 for losing)
|l|☆rujjtrainer
|player|p2|
|l|☆xxxduqi
|player|p1|
