|j|☆whoaholy
|j|☆AstolfoLover15
|t:|1779631765
|gametype|singles
|player|p1|whoaholy|veteran-gen4|1214
|player|p2|AstolfoLover15|170|1252
|gen|9
|tier|[Gen 9] OU
|rated|
|rule|HP Percentage Mod: HP is shown in percentages
|rule|Endless Battle Clause: Forcing endless battles is banned
|rule|Species Clause: Limit one of each Pokémon
|rule|OHKO Clause: OHKO moves are banned
|rule|Evasion Items Clause: Evasion items are banned
|rule|Evasion Moves Clause: Evasion moves are banned
|rule|Evasion Abilities Clause: Evasion abilities are banned
|rule|Sleep Moves Clause: Sleep-inducing moves are banned
|clearpoke
|poke|p1|Sandaconda, M|
|poke|p1|Tyranitar, M|
|poke|p1|Corviknight, M|
|poke|p1|Excadrill, M|
|poke|p1|Gholdengo|
|poke|p1|Rhyperior, F|
|poke|p2|Gholdengo|
|poke|p2|Ogerpon, F|
|poke|p2|Rillaboom, F|
|poke|p2|Samurott-Hisui, F|
|poke|p2|Glimmora, F|
|poke|p2|Raging Bolt|
|teampreview
|
|t:|1779631772
|teamsize|p1|6
|teamsize|p2|6
|start
|switch|p1a: Sandaconda|Sandaconda, M, shiny|100/100
|switch|p2a: Samurott|Samurott-Hisui, F|100/100
|turn|1
|
|t:|1779631779
|move|p2a: Samurott|Ceaseless Edge|p1a: Sandaconda
|-damage|p1a: Sandaconda|53/100
|-weather|Sandstorm|[from] ability: Sand Spit|[of] p1a: Sandaconda
|-sidestart|p1: whoaholy|Spikes
|move|p1a: Sandaconda|Stealth Rock|p2a: Samurott
|-sidestart|p2: AstolfoLover15|move: Stealth Rock
|
|-weather|Sandstorm|[upkeep]
|-damage|p2a: Samurott|94/100|[from] Sandstorm
|upkeep
|turn|2
|
|t:|1779631788
|move|p2a: Samurott|Knock Off|p1a: Sandaconda
|-damage|p1a: Sandaconda|4/100
|-enditem|p1a: Sandaconda|Smooth Rock|[from] move: Knock Off|[of] p2a: Samurott
|move|p1a: Sandaconda|Earthquake|p2a: Samurott
|-damage|p2a: Samurott|45/100
|
|-weather|Sandstorm|[upkeep]
|-damage|p2a: Samurott|39/100|[from] Sandstorm
|upkeep
|turn|3
|
|t:|1779631804
|move|p2a: Samurott|Flip Turn|p1a: Sandaconda
|-supereffective|p1a: Sandaconda
|-damage|p1a: Sandaconda|0 fnt
|faint|p1a: Sandaconda
|
|t:|1779631808
|switch|p2a: Rillaboom|Rillaboom, F|100/100|[from] Flip Turn
|-damage|p2a: Rillaboom|88/100|[from] Stealth Rock
|-fieldstart|move: Grassy Terrain|[from] ability: Grassy Surge|[of] p2a: Rillaboom
|
|-weather|Sandstorm|[upkeep]
|-damage|p2a: Rillaboom|82/100|[from] Sandstorm
|-heal|p2a: Rillaboom|88/100|[from] Grassy Terrain
|upkeep
|
|t:|1779631817
|switch|p1a: Excadrill|Excadrill, M|100/100
|-damage|p1a: Excadrill|88/100|[from] Spikes
|turn|4
|
|t:|1779631826
|-terastallize|p2a: Rillaboom|Electric
|move|p1a: Excadrill|Poison Jab|p2a: Rillaboom
|-damage|p2a: Rillaboom|42/100
|move|p2a: Rillaboom|High Horsepower|p1a: Excadrill
|-supereffective|p1a: Excadrill
|-damage|p1a: Excadrill|0 fnt
|faint|p1a: Excadrill
|-damage|p2a: Rillaboom|32/100|[from] item: Life Orb
|
|-weather|Sandstorm|[upkeep]
|-damage|p2a: Rillaboom|25/100|[from] Sandstorm
|-heal|p2a: Rillaboom|32/100|[from] Grassy Terrain
|upkeep
|
|t:|1779631843
|switch|p1a: Gholdengo|Gholdengo|100/100
|-damage|p1a: Gholdengo|88/100|[from] Spikes
|turn|5
|inactive|Battle timer is ON: inactive players will automatically lose when time's up. (requested by AstolfoLover15)
|
|t:|1779631873
|move|p1a: Gholdengo|Psychic|p2a: Rillaboom
|-damage|p2a: Rillaboom|0 fnt
|faint|p2a: Rillaboom
|
|-weather|Sandstorm|[upkeep]
|-heal|p1a: Gholdengo|94/100|[from] Grassy Terrain
|upkeep
|
|t:|1779631879
|switch|p2a: Samurott|Samurott-Hisui, F|39/100
|-damage|p2a: Samurott|27/100|[from] Stealth Rock
|turn|6
|
|t:|1779631889
|switch|p1a: Corviknight|Corviknight, M, shiny|100/100
|move|p2a: Samurott|Sucker Punch||[still]
|-fail|p2a: Samurott
|
|-weather|Sandstorm|[upkeep]
|-damage|p2a: Samurott|20/100|[from] Sandstorm
|-heal|p2a: Samurott|27/100|[from] Grassy Terrain
|upkeep
|turn|7
|
|t:|1779631897
|move|p2a: Samurott|Ceaseless Edge|p1a: Corviknight
|-damage|p1a: Corviknight|66/100
|-sidestart|p1: whoaholy|Spikes
|move|p1a: Corviknight|Body Press|p2a: Samurott
|-supereffective|p2a: Samurott
|-damage|p2a: Samurott|0 fnt
|faint|p2a: Samurott
|
|-weather|Sandstorm|[upkeep]
|-heal|p1a: Corviknight|73/100|[from] item: Leftovers
|-fieldend|move: Grassy Terrain
|upkeep
|
|t:|1779631910
|switch|p2a: Raging Bolt|Raging Bolt|100/100
|-damage|p2a: Raging Bolt|88/100|[from] Stealth Rock
|-enditem|p2a: Raging Bolt|Booster Energy
|-activate|p2a: Raging Bolt|ability: Protosynthesis|[fromitem]
|-start|p2a: Raging Bolt|protosynthesisspa
|turn|8
|
|t:|1779631929
|switch|p1a: Rhyperior|Rhyperior, F|100/100
|-damage|p1a: Rhyperior|84/100|[from] Spikes
|move|p2a: Raging Bolt|Dragon Pulse|p1a: Rhyperior
|-damage|p1a: Rhyperior|57/100
|
|-weather|none
|upkeep
|turn|9
|
|t:|1779631939
|-end|p2a: Raging Bolt|Protosynthesis|[silent]
|switch|p2a: Ogerpon|Ogerpon, F|100/100
|-damage|p2a: Ogerpon|88/100|[from] Stealth Rock
|move|p1a: Rhyperior|Outrage|p2a: Ogerpon
|-damage|p2a: Ogerpon|35/100
|
|upkeep
|turn|10
|
|t:|1779631949
|move|p2a: Ogerpon|Ivy Cudgel|p1a: Rhyperior
|-supereffective|p1a: Rhyperior
|-damage|p1a: Rhyperior|0 fnt
|faint|p1a: Rhyperior
|
|upkeep
|
|t:|1779631957
|switch|p1a: Gholdengo|Gholdengo|94/100
|-damage|p1a: Gholdengo|78/100|[from] Spikes
|turn|11
|
|t:|1779631975
|move|p1a: Gholdengo|Shadow Ball|p2a: Ogerpon
|-damage|p2a: Ogerpon|0 fnt
|faint|p2a: Ogerpon
|
|upkeep
|
|t:|1779631981
|switch|p2a: Raging Bolt|Raging Bolt|88/100
|-damage|p2a: Raging Bolt|76/100|[from] Stealth Rock
|turn|12
|
|t:|1779632003
|switch|p1a: Tyranitar|Tyranitar, M|100/100
|-damage|p1a: Tyranitar|84/100|[from] Spikes
|-weather|Sandstorm|[from] ability: Sand Stream|[of] p1a: Tyranitar
|move|p2a: Raging Bolt|Thunderbolt|p1a: Tyranitar
|-damage|p1a: Tyranitar|64/100
|
|-weather|Sandstorm|[upkeep]
|-damage|p2a: Raging Bolt|69/100|[from] Sandstorm
|upkeep
|turn|13
|
|t:|1779632024
|move|p2a: Raging Bolt|Calm Mind|p2a: Raging Bolt
|-boost|p2a: Raging Bolt|spa|1
|-boost|p2a: Raging Bolt|spd|1
|move|p1a: Tyranitar|Earthquake|p2a: Raging Bolt
|-supereffective|p2a: Raging Bolt
|-damage|p2a: Raging Bolt|16/100
|
|-weather|Sandstorm|[upkeep]
|-damage|p2a: Raging Bolt|9/100|[from] Sandstorm
|upkeep
|turn|14
|
|t:|1779632037
|switch|p1a: Corviknight|Corviknight, M, shiny|73/100
|move|p2a: Raging Bolt|Thunderbolt|p1a: Corviknight
|-supereffective|p1a: Corviknight
|-damage|p1a: Corviknight|0 fnt
|faint|p1a: Corviknight
|
|-weather|Sandstorm|[upkeep]
|-damage|p2a: Raging Bolt|3/100|[from] Sandstorm
|upkeep
|
|t:|1779632040
|switch|p1a: Gholdengo|Gholdengo|78/100
|-damage|p1a: Gholdengo|61/100|[from] Spikes
|turn|15
|
|t:|1779632050
|move|p1a: Gholdengo|Shadow Ball|p2a: Raging Bolt
|-damage|p2a: Raging Bolt|0 fnt
|faint|p2a: Raging Bolt
|-end|p2a: Raging Bolt|Protosynthesis|[silent]
|
|-weather|Sandstorm|[upkeep]
|upkeep
|
|t:|1779632055
|switch|p2a: Glimmora|Glimmora, F|100/100
|-damage|p2a: Glimmora|88/100|[from] Stealth Rock
|turn|16
|
|t:|1779632065
|move|p1a: Gholdengo|Shadow Ball|p2a: Glimmora
|-damage|p2a: Glimmora|63/100
|-enditem|p2a: Glimmora|Red Card|[of] p1a: Gholdengo
|drag|p1a: Tyranitar|Tyranitar, M|64/100
|-damage|p1a: Tyranitar|47/100|[from] Spikes
|move|p2a: Glimmora|Earth Power|p1a: Tyranitar
|-supereffective|p1a: Tyranitar
|-damage|p1a: Tyranitar|28/100
|
|-weather|none
|upkeep
|turn|17
|
|t:|1779632094
|switch|p2a: Gholdengo|Gholdengo|100/100
|-damage|p2a: Gholdengo|94/100|[from] Stealth Rock
|move|p1a: Tyranitar|Earthquake|p2a: Gholdengo
|-supereffective|p2a: Gholdengo
|-damage|p2a: Gholdengo|43/100
|
|upkeep
|turn|18
|
|t:|1779632108
|-terastallize|p1a: Tyranitar|Flying
|move|p2a: Gholdengo|Dazzling Gleam|p1a: Tyranitar
|-damage|p1a: Tyranitar|13/100
|move|p1a: Tyranitar|Earthquake|p2a: Gholdengo
|-supereffective|p2a: Gholdengo
|-crit|p2a: Gholdengo
|-damage|p2a: Gholdengo|0 fnt
|faint|p2a: Gholdengo
|
|upkeep
|
|t:|1779632117
|switch|p2a: Glimmora|Glimmora, F|63/100
|-damage|p2a: Glimmora|50/100|[from] Stealth Rock
|turn|19
|c|☆AstolfoLover15|andddd that crit just won you the game
|c|☆AstolfoLover15|nice
|
|t:|1779632128
|move|p2a: Glimmora|Power Gem|p1a: Tyranitar
|-supereffective|p1a: Tyranitar
|-damage|p1a: Tyranitar|0 fnt
|faint|p1a: Tyranitar
|
|upkeep
|
|t:|1779632135
|switch|p1a: Gholdengo|Gholdengo|61/100
|-damage|p1a: Gholdengo|45/100|[from] Spikes
|turn|20
|
|t:|1779632147
|move|p1a: Gholdengo|Make It Rain|p2a: Glimmora
|-supereffective|p2a: Glimmora
|-damage|p2a: Glimmora|0 fnt
|-unboost|p1a: Gholdengo|spa|1
|faint|p2a: Glimmora
|
|win|whoaholy
|raw|whoaholy's rating: 1214 &rarr; <strong>1242</strong><br />(+28 for winning)
|raw|AstolfoLover15's rating: 1252 &rarr; <strong>1224</strong><br />(-28 for losing)
|l|☆AstolfoLover15
|player|p2|
|l|☆whoaholy
|player|p1|
