|j|☆magicsalt
|j|‽WiLDfan4
|t:|1779678558
|gametype|singles
|player|p1|magicsalt|clair|1183
|player|p2|WiLDfan4|102|1128
|gen|9
|tier|[Gen 9] OU
|rated|
|rule|HP Percentage Mod: HP is shown in percentages
|rule|Endless Battle Clause: Forcing endless battles is banned
|rule|Species Clause: Limit one of each Pokémon
|rule|OHKO Clause: OHKO moves are banned
|rule|Evasion Items Clause: Evasion items are banned
|rule|Evasion Moves Clause: Evasion moves are banned
|rule|Evasion Abilities Clause: Evasion abilities are banned
|rule|Sleep Moves Clause: Sleep-inducing moves are banned
|clearpoke
|poke|p1|Salazzle, F|
|poke|p1|Glimmora, M|
|poke|p1|Darkrai|
|poke|p1|Toxapex, M|
|poke|p1|Corviknight, M|
|poke|p1|Blissey, F|
|poke|p2|Ceruledge, M|
|poke|p2|Clefable, F|
|poke|p2|Corviknight, M|
|poke|p2|Clodsire, M|
|poke|p2|Conkeldurr, M|
|poke|p2|Crawdaunt, M|
|teampreview
|l|‽WiLDfan4
|player|p2|
|j|‽WiLDfan4
|player|p2|WiLDfan4|102|
|n|‽WiLDfan4|wildfan4
|inactive|Battle timer is ON: inactive players will automatically lose when time's up. (requested by WiLDfan4)
|
|t:|1779678577
|teamsize|p1|6
|teamsize|p2|6
|start
|switch|p1a: A roc|Glimmora, M, shiny|100/100
|switch|p2a: Clefable|Clefable, F|100/100
|turn|1
|
|t:|1779678591
|move|p1a: A roc|Toxic|p2a: Clefable
|-status|p2a: Clefable|tox
|move|p2a: Clefable|Calm Mind|p2a: Clefable
|-boost|p2a: Clefable|spa|1
|-boost|p2a: Clefable|spd|1
|
|upkeep
|turn|2
|
|t:|1779678615
|switch|p1a: Spikey thingy|Toxapex, M|100/100
|move|p2a: Clefable|Calm Mind|p2a: Clefable
|-boost|p2a: Clefable|spa|1
|-boost|p2a: Clefable|spd|1
|
|upkeep
|turn|3
|
|t:|1779678622
|move|p2a: Clefable|Calm Mind|p2a: Clefable
|-boost|p2a: Clefable|spa|1
|-boost|p2a: Clefable|spd|1
|move|p1a: Spikey thingy|Haze|p1a: Spikey thingy
|-clearallboost
|
|upkeep
|turn|4
|
|t:|1779678630
|move|p2a: Clefable|Calm Mind|p2a: Clefable
|-boost|p2a: Clefable|spa|1
|-boost|p2a: Clefable|spd|1
|move|p1a: Spikey thingy|Infestation|p2a: Clefable
|-resisted|p2a: Clefable
|-damage|p2a: Clefable|99/100 tox
|-activate|p2a: Clefable|move: Infestation|[of] p1a: Spikey thingy
|
|-heal|p2a: Clefable|100/100 tox|[from] item: Leftovers
|upkeep
|turn|5
|
|t:|1779678639
|-terastallize|p2a: Clefable|Psychic
|move|p2a: Clefable|Stored Power|p1a: Spikey thingy
|-supereffective|p1a: Spikey thingy
|-damage|p1a: Spikey thingy|25/100
|move|p1a: Spikey thingy|Haze|p1a: Spikey thingy
|-clearallboost
|
|-heal|p1a: Spikey thingy|32/100|[from] item: Leftovers
|upkeep
|turn|6
|
|t:|1779678652
|switch|p1a: Edgey|Darkrai, shiny|100/100
|move|p2a: Clefable|Stored Power|p1a: Edgey
|-immune|p1a: Edgey
|
|-end|p2a: Clefable|Infestation|[partiallytrapped]|[silent]
|upkeep
|turn|7
|
|t:|1779678659
|move|p1a: Edgey|Shadow Ball|p2a: Clefable
|-supereffective|p2a: Clefable
|-damage|p2a: Clefable|42/100 tox
|move|p2a: Clefable|Draining Kiss|p1a: Edgey
|-supereffective|p1a: Edgey
|-damage|p1a: Edgey|38/100
|-heal|p2a: Clefable|76/100 tox|[from] drain|[of] p1a: Edgey
|
|-heal|p2a: Clefable|82/100 tox|[from] item: Leftovers
|upkeep
|turn|8
|
|t:|1779678675
|move|p1a: Edgey|Dark Pulse|p2a: Clefable
|-supereffective|p2a: Clefable
|-crit|p2a: Clefable
|-damage|p2a: Clefable|0 fnt
|faint|p2a: Clefable
|
|upkeep
|
|t:|1779678681
|switch|p2a: Conkeldurr|Conkeldurr, M|100/100
|turn|9
|
|t:|1779678695
|-terastallize|p1a: Edgey|Ghost
|move|p2a: Conkeldurr|Mach Punch|p1a: Edgey
|-immune|p1a: Edgey
|move|p1a: Edgey|Psychic|p2a: Conkeldurr
|-supereffective|p2a: Conkeldurr
|-damage|p2a: Conkeldurr|20/100
|
|-status|p2a: Conkeldurr|brn|[from] item: Flame Orb
|upkeep
|turn|10
|
|t:|1779678706
|switch|p2a: Crawdaunt|Crawdaunt, M|100/100
|move|p1a: Edgey|Psychic|p2a: Crawdaunt
|-immune|p2a: Crawdaunt
|
|upkeep
|turn|11
|
|t:|1779678727
|switch|p1a: Fatty whopper|Blissey, F|100/100
|move|p2a: Crawdaunt|Knock Off|p1a: Fatty whopper
|-damage|p1a: Fatty whopper|44/100
|-enditem|p1a: Fatty whopper|Leftovers|[from] move: Knock Off|[of] p2a: Crawdaunt
|
|upkeep
|turn|12
|
|t:|1779678740
|move|p1a: Fatty whopper|Protect|p1a: Fatty whopper
|-singleturn|p1a: Fatty whopper|Protect
|move|p2a: Crawdaunt|Liquidation|p1a: Fatty whopper
|-activate|p1a: Fatty whopper|move: Protect
|
|upkeep
|turn|13
|
|t:|1779678752
|switch|p1a: Arkham birbby|Corviknight, M|100/100
|-ability|p1a: Arkham birbby|Unnerve
|move|p2a: Crawdaunt|Dragon Dance|p2a: Crawdaunt
|-boost|p2a: Crawdaunt|atk|1
|-boost|p2a: Crawdaunt|spe|1
|
|upkeep
|turn|14
|
|t:|1779678759
|move|p2a: Crawdaunt|Knock Off|p1a: Arkham birbby
|-damage|p1a: Arkham birbby|19/100
|-enditem|p1a: Arkham birbby|Leftovers|[from] move: Knock Off|[of] p2a: Crawdaunt
|move|p1a: Arkham birbby|Iron Defense|p1a: Arkham birbby
|-boost|p1a: Arkham birbby|def|2
|
|upkeep
|turn|15
|
|t:|1779678767
|move|p2a: Crawdaunt|Liquidation|p1a: Arkham birbby
|-damage|p1a: Arkham birbby|0 fnt
|faint|p1a: Arkham birbby
|
|upkeep
|
|t:|1779678782
|switch|p1a: A roc|Glimmora, M, shiny|100/100
|turn|16
|
|t:|1779678789
|move|p2a: Crawdaunt|Liquidation|p1a: A roc
|-supereffective|p1a: A roc
|-enditem|p1a: A roc|Focus Sash
|-damage|p1a: A roc|1/100
|move|p1a: A roc|Toxic|p2a: Crawdaunt
|-status|p2a: Crawdaunt|tox
|
|-damage|p2a: Crawdaunt|95/100 tox|[from] psn
|upkeep
|turn|17
|
|t:|1779678801
|move|p1a: A roc|Spiky Shield|p1a: A roc
|-singleturn|p1a: A roc|move: Protect
|move|p2a: Crawdaunt|Aqua Jet|p1a: A roc
|-activate|p1a: A roc|move: Protect
|-damage|p2a: Crawdaunt|82/100 tox|[from] Spiky Shield|[of] p1a: A roc
|
|-heal|p2a: Crawdaunt|88/100 tox|[from] item: Leftovers
|-damage|p2a: Crawdaunt|76/100 tox|[from] psn
|upkeep
|turn|18
|
|t:|1779678821
|move|p1a: A roc|Spiky Shield||[still]
|-fail|p1a: A roc
|move|p2a: Crawdaunt|Knock Off|p1a: A roc
|-damage|p1a: A roc|0 fnt
|faint|p1a: A roc
|
|-heal|p2a: Crawdaunt|82/100 tox|[from] item: Leftovers
|-damage|p2a: Crawdaunt|64/100 tox|[from] psn
|upkeep
|
|t:|1779678831
|switch|p1a: Spikey thingy|Toxapex, M|65/100
|turn|19
|
|t:|1779678836
|move|p1a: Spikey thingy|Baneful Bunker|p1a: Spikey thingy
|-singleturn|p1a: Spikey thingy|move: Protect
|move|p2a: Crawdaunt|Knock Off|p1a: Spikey thingy
|-activate|p1a: Spikey thingy|move: Protect
|
|-heal|p2a: Crawdaunt|70/100 tox|[from] item: Leftovers
|-heal|p1a: Spikey thingy|71/100|[from] item: Leftovers
|-damage|p2a: Crawdaunt|46/100 tox|[from] psn
|upkeep
|turn|20
|
|t:|1779678845
|move|p2a: Crawdaunt|Knock Off|p1a: Spikey thingy
|-damage|p1a: Spikey thingy|17/100
|-enditem|p1a: Spikey thingy|Leftovers|[from] move: Knock Off|[of] p2a: Crawdaunt
|move|p1a: Spikey thingy|Recover|p1a: Spikey thingy
|-heal|p1a: Spikey thingy|67/100
|
|-heal|p2a: Crawdaunt|52/100 tox|[from] item: Leftovers
|-damage|p2a: Crawdaunt|22/100 tox|[from] psn
|upkeep
|turn|21
|
|t:|1779678860
|switch|p2a: Conkeldurr|Conkeldurr, M|20/100 brn
|move|p1a: Spikey thingy|Baneful Bunker||[still]
|-fail|p1a: Spikey thingy
|
|-damage|p2a: Conkeldurr|14/100 brn|[from] brn
|upkeep
|turn|22
|
|t:|1779678870
|switch|p1a: Edgey|Darkrai, shiny, tera:Ghost|38/100
|move|p2a: Conkeldurr|Facade|p1a: Edgey
|-immune|p1a: Edgey
|
|-damage|p2a: Conkeldurr|8/100 brn|[from] brn
|upkeep
|turn|23
|
|t:|1779678883
|move|p1a: Edgey|Ice Beam|p2a: Conkeldurr
|-crit|p2a: Conkeldurr
|-damage|p2a: Conkeldurr|0 fnt
|faint|p2a: Conkeldurr
|
|upkeep
|
|t:|1779678889
|switch|p2a: Ceruledge|Ceruledge, M|100/100
|turn|24
|
|t:|1779678893
|move|p2a: Ceruledge|Shadow Sneak|p1a: Edgey
|-supereffective|p1a: Edgey
|-damage|p1a: Edgey|0 fnt
|faint|p1a: Edgey
|
|upkeep
|
|t:|1779678899
|switch|p1a: Fatty whopper|Blissey, F|44/100
|turn|25
|
|t:|1779678904
|move|p2a: Ceruledge|Swords Dance|p2a: Ceruledge
|-boost|p2a: Ceruledge|atk|2
|move|p1a: Fatty whopper|Soft-Boiled|p1a: Fatty whopper
|-heal|p1a: Fatty whopper|94/100
|
|upkeep
|turn|26
|
|t:|1779678912
|switch|p1a: Spikey thingy|Toxapex, M|99/100
|move|p2a: Ceruledge|Swords Dance|p2a: Ceruledge
|-boost|p2a: Ceruledge|atk|2
|
|upkeep
|turn|27
|
|t:|1779678922
|move|p2a: Ceruledge|Poltergeist||[still]
|-fail|p2a: Ceruledge
|move|p1a: Spikey thingy|Haze|p1a: Spikey thingy
|-clearallboost
|
|upkeep
|turn|28
|
|t:|1779678929
|switch|p2a: Clodsire|Clodsire, M|100/100
|move|p1a: Spikey thingy|Infestation|p2a: Clodsire
|-resisted|p2a: Clodsire
|-damage|p2a: Clodsire|99/100
|-activate|p2a: Clodsire|move: Infestation|[of] p1a: Spikey thingy
|
|-heal|p2a: Clodsire|100/100|[from] item: Leftovers
|-damage|p2a: Clodsire|88/100|[from] move: Infestation|[partiallytrapped]
|upkeep
|turn|29
|
|t:|1779678945
|move|p1a: Spikey thingy|Baneful Bunker|p1a: Spikey thingy
|-singleturn|p1a: Spikey thingy|move: Protect
|move|p2a: Clodsire|Curse|p2a: Clodsire
|-unboost|p2a: Clodsire|spe|1
|-boost|p2a: Clodsire|atk|1
|-boost|p2a: Clodsire|def|1
|
|-heal|p2a: Clodsire|94/100|[from] item: Leftovers
|-damage|p2a: Clodsire|82/100|[from] move: Infestation|[partiallytrapped]
|upkeep
|turn|30
|
|t:|1779678955
|move|p1a: Spikey thingy|Haze|p1a: Spikey thingy
|-clearallboost
|move|p2a: Clodsire|Curse|p2a: Clodsire
|-unboost|p2a: Clodsire|spe|1
|-boost|p2a: Clodsire|atk|1
|-boost|p2a: Clodsire|def|1
|
|-heal|p2a: Clodsire|88/100|[from] item: Leftovers
|-damage|p2a: Clodsire|76/100|[from] move: Infestation|[partiallytrapped]
|upkeep
|turn|31
|-message|WiLDfan4 forfeited.
|
|win|magicsalt
|raw|magicsalt's rating: 1183 &rarr; <strong>1204</strong><br />(+21 for winning)
|raw|WiLDfan4's rating: 1128 &rarr; <strong>1107</strong><br />(-21 for losing)
|l|‽WiLDfan4
|player|p2|
