|j|☆ihymyly
|j|☆computerzz
|t:|1779685291
|gametype|singles
|player|p1|ihymyly|266|1497
|player|p2|computerzz|169|1431
|gen|9
|tier|[Gen 9] OU
|rated|
|rule|HP Percentage Mod: HP is shown in percentages
|rule|Endless Battle Clause: Forcing endless battles is banned
|rule|Species Clause: Limit one of each Pokémon
|rule|OHKO Clause: OHKO moves are banned
|rule|Evasion Items Clause: Evasion items are banned
|rule|Evasion Moves Clause: Evasion moves are banned
|rule|Evasion Abilities Clause: Evasion abilities are banned
|rule|Sleep Moves Clause: Sleep-inducing moves are banned
|clearpoke
|poke|p1|Darkrai|
|poke|p1|Skarmory, F|
|poke|p1|Great Tusk|
|poke|p1|Latios, M|
|poke|p1|Weavile, M|
|poke|p1|Ogerpon-Wellspring, F|
|poke|p2|Weavile, F|
|poke|p2|Hatterene, F|
|poke|p2|Primarina, M|
|poke|p2|Moltres|
|poke|p2|Gholdengo|
|poke|p2|Great Tusk|
|teampreview
|inactive|Battle timer is ON: inactive players will automatically lose when time's up. (requested by computerzz)
|
|t:|1779685301
|teamsize|p1|6
|teamsize|p2|6
|start
|switch|p1a: Ogerpon|Ogerpon-Wellspring, F|100/100
|switch|p2a: Primarina|Primarina, M|100/100
|turn|1
|inactive|ihymyly has 120 seconds left.
|
|t:|1779685351
|move|p1a: Ogerpon|Horn Leech|p2a: Primarina
|-supereffective|p2a: Primarina
|-damage|p2a: Primarina|1/100
|move|p2a: Primarina|Moonblast|p1a: Ogerpon
|-damage|p1a: Ogerpon|41/100
|
|upkeep
|turn|2
|
|t:|1779685360
|move|p1a: Ogerpon|Ivy Cudgel|p2a: Primarina|[anim] Ivy Cudgel Water
|-resisted|p2a: Primarina
|-damage|p2a: Primarina|0 fnt
|faint|p2a: Primarina
|
|upkeep
|
|t:|1779685368
|switch|p2a: Weavile|Weavile, F|100/100
|turn|3
|
|t:|1779685378
|switch|p1a: Red Bull|Skarmory, F|100/100
|move|p2a: Weavile|Knock Off|p1a: Red Bull
|-damage|p1a: Red Bull|55/100
|-damage|p2a: Weavile|84/100|[from] item: Rocky Helmet|[of] p1a: Red Bull
|-enditem|p1a: Red Bull|Rocky Helmet|[from] move: Knock Off|[of] p2a: Weavile
|
|upkeep
|turn|4
|
|t:|1779685386
|switch|p2a: Moltres|Moltres|100/100
|move|p1a: Red Bull|Roost|p1a: Red Bull
|-heal|p1a: Red Bull|100/100
|-singleturn|p1a: Red Bull|move: Roost
|
|upkeep
|turn|5
|
|t:|1779685391
|switch|p1a: Latios|Latios, M|100/100
|move|p2a: Moltres|U-turn|p1a: Latios
|-supereffective|p1a: Latios
|-damage|p1a: Latios|57/100
|
|t:|1779685406
|switch|p2a: Weavile|Weavile, F|84/100|[from] U-turn
|
|upkeep
|turn|6
|
|t:|1779685410
|switch|p1a: Red Bull|Skarmory, F|100/100
|move|p2a: Weavile|Triple Axel|p1a: Red Bull
|-damage|p1a: Red Bull|92/100
|-damage|p1a: Red Bull|73/100
|-damage|p1a: Red Bull|47/100
|-hitcount|p1a: Red Bull|3
|
|upkeep
|turn|7
|
|t:|1779685421
|move|p2a: Weavile|Triple Axel|p1a: Red Bull
|-damage|p1a: Red Bull|38/100
|-damage|p1a: Red Bull|19/100
|-damage|p1a: Red Bull|0 fnt
|faint|p1a: Red Bull
|-hitcount|p1: Red Bull|3
|
|upkeep
|
|t:|1779685431
|switch|p1a: almost*evil*jordan|Darkrai, shiny|100/100
|turn|8
|
|t:|1779685452
|move|p1a: almost*evil*jordan|Sludge Bomb|p2a: Weavile
|-damage|p2a: Weavile|45/100
|move|p2a: Weavile|Triple Axel|p1a: almost*evil*jordan
|-damage|p1a: almost*evil*jordan|83/100
|-hitcount|p1a: almost*evil*jordan|1
|
|-heal|p1a: almost*evil*jordan|89/100|[from] item: Leftovers
|upkeep
|turn|9
|
|t:|1779685466
|-terastallize|p1a: almost*evil*jordan|Poison
|move|p2a: Weavile|Triple Axel|p1a: almost*evil*jordan
|-damage|p1a: almost*evil*jordan|72/100
|-damage|p1a: almost*evil*jordan|35/100
|-damage|p1a: almost*evil*jordan|0 fnt
|faint|p1a: almost*evil*jordan
|-hitcount|p1: almost*evil*jordan|3
|
|upkeep
|
|t:|1779685477
|switch|p1a: Primal Schnoz|Great Tusk|100/100
|turn|10
|inactive|computerzz has 120 seconds left.
|l|☆computerzz
|inactive|computerzz disconnected and has a minute to reconnect!
|player|p2|
|inactive|computerzz has 30 seconds to reconnect!
|inactive|computerzz has 20 seconds to reconnect!
|inactive|computerzz has 15 seconds to reconnect!
|inactive|computerzz has 10 seconds to reconnect!
|inactive|computerzz has 5 seconds to reconnect!
|-message|computerzz lost due to inactivity.
|
|win|ihymyly
|raw|ihymyly's rating: 1496 &rarr; <strong>1511</strong><br />(+15 for winning)
|raw|computerzz's rating: 1409 &rarr; <strong>1394</strong><br />(-15 for losing)
|l|☆ihymyly
|player|p1|
