|j|☆Iamgarbageee
|j|☆Ash pikatchu
|t:|1779567322
|gametype|singles
|player|p1|Iamgarbageee|guzma|1226
|player|p2|Ash pikatchu|2|1229
|gen|9
|tier|[Gen 9] OU
|rated|
|rule|HP Percentage Mod: HP is shown in percentages
|rule|Endless Battle Clause: Forcing endless battles is banned
|rule|Species Clause: Limit one of each Pokémon
|rule|OHKO Clause: OHKO moves are banned
|rule|Evasion Items Clause: Evasion items are banned
|rule|Evasion Moves Clause: Evasion moves are banned
|rule|Evasion Abilities Clause: Evasion abilities are banned
|rule|Sleep Moves Clause: Sleep-inducing moves are banned
|clearpoke
|poke|p1|Kyurem|
|poke|p1|Deoxys-Speed|
|poke|p1|Zamazenta-*|
|poke|p1|Glimmora, M|
|poke|p1|Samurott-Hisui, M|
|poke|p1|Meowscarada, F|
|poke|p2|Munchlax, F|
|poke|p2|Clefable, F|
|poke|p2|Haxorus, M|
|poke|p2|Hitmonlee, M|
|poke|p2|Cinderace, M|
|poke|p2|Revavroom, F|
|teampreview
|inactive|Battle timer is ON: inactive players will automatically lose when time's up. (requested by Iamgarbageee)
|
|t:|1779567328
|teamsize|p1|6
|teamsize|p2|6
|start
|switch|p1a: Deoxys|Deoxys-Speed|100/100
|switch|p2a: Clefable|Clefable, F, shiny|100/100
|-ability|p1a: Deoxys|Pressure
|turn|1
|c|☆Iamgarbageee|munchlax?
|
|t:|1779567342
|move|p1a: Deoxys|Taunt|p2a: Clefable
|-start|p2a: Clefable|move: Taunt
|move|p2a: Clefable|Meteor Mash|p1a: Deoxys
|-damage|p1a: Deoxys|41/100
|-boost|p2a: Clefable|atk|1
|
|upkeep
|turn|2
|c|☆Ash pikatchu|Joo hehe
|
|t:|1779567357
|move|p1a: Deoxys|Stealth Rock|p2a: Clefable
|-sidestart|p2: Ash pikatchu|move: Stealth Rock
|move|p2a: Clefable|Meteor Mash|p1a: Deoxys
|-damage|p1a: Deoxys|0 fnt
|-boost|p2a: Clefable|atk|1
|faint|p1a: Deoxys
|
|upkeep
|
|t:|1779567370
|switch|p1a: Glimmora|Glimmora, M|100/100
|turn|3
|c|☆Ash pikatchu|A try
|
|t:|1779567377
|move|p1a: Glimmora|Meteor Beam||[still]
|-prepare|p1a: Glimmora|Meteor Beam
|-boost|p1a: Glimmora|spa|1
|-enditem|p1a: Glimmora|Power Herb
|-anim|p1a: Glimmora|Meteor Beam|p2a: Clefable
|-damage|p2a: Clefable|41/100
|move|p2a: Clefable|Meteor Mash|p1a: Glimmora|[miss]
|-miss|p2a: Clefable|p1a: Glimmora
|
|-end|p2a: Clefable|move: Taunt
|upkeep
|turn|4
|
|t:|1779567388
|move|p1a: Glimmora|Sludge Wave|p2a: Clefable
|-supereffective|p2a: Clefable
|-damage|p2a: Clefable|0 fnt
|faint|p2a: Clefable
|
|upkeep
|
|t:|1779567403
|switch|p2a: Revavroom|Revavroom, F, shiny|100/100
|-damage|p2a: Revavroom|95/100|[from] Stealth Rock
|turn|5
|
|t:|1779567408
|-terastallize|p1a: Glimmora|Flying
|-terastallize|p2a: Revavroom|Flying
|move|p1a: Glimmora|Earth Power|p2a: Revavroom
|-immune|p2a: Revavroom
|move|p2a: Revavroom|Shift Gear|p2a: Revavroom
|-boost|p2a: Revavroom|spe|2
|-boost|p2a: Revavroom|atk|1
|
|upkeep
|turn|6
|
|t:|1779567426
|move|p2a: Revavroom|Iron Head|p1a: Glimmora
|-damage|p1a: Glimmora|0 fnt
|-activate|p1a: Glimmora|ability: Toxic Debris
|-sidestart|p2: Ash pikatchu|move: Toxic Spikes
|faint|p1a: Glimmora
|-damage|p2a: Revavroom|85/100|[from] item: Life Orb
|
|upkeep
|
|t:|1779567436
|switch|p1a: Samurott|Samurott-Hisui, M|100/100
|turn|7
|
|t:|1779567444
|move|p2a: Revavroom|Poison Jab|p1a: Samurott
|-damage|p1a: Samurott|2/100
|-damage|p2a: Revavroom|75/100|[from] item: Life Orb
|move|p1a: Samurott|Ceaseless Edge|p2a: Revavroom|[miss]
|-miss|p1a: Samurott|p2a: Revavroom
|
|upkeep
|turn|8
|
|t:|1779567453
|move|p2a: Revavroom|Poison Jab|p1a: Samurott
|-damage|p1a: Samurott|0 fnt
|faint|p1a: Samurott
|-damage|p2a: Revavroom|65/100|[from] item: Life Orb
|
|upkeep
|
|t:|1779567457
|switch|p1a: Zamazenta|Zamazenta|100/100
|-ability|p1a: Zamazenta|Dauntless Shield|boost
|-boost|p1a: Zamazenta|def|1
|turn|9
|
|t:|1779567472
|move|p2a: Revavroom|Iron Head|p1a: Zamazenta
|-damage|p1a: Zamazenta|51/100
|-damage|p2a: Revavroom|55/100|[from] item: Life Orb
|move|p1a: Zamazenta|Substitute|p1a: Zamazenta
|-start|p1a: Zamazenta|Substitute
|-damage|p1a: Zamazenta|26/100
|
|-heal|p1a: Zamazenta|32/100|[from] item: Leftovers
|upkeep
|turn|10
|
|t:|1779567481
|move|p2a: Revavroom|Iron Head|p1a: Zamazenta
|-end|p1a: Zamazenta|Substitute
|-damage|p2a: Revavroom|45/100|[from] item: Life Orb
|move|p1a: Zamazenta|Iron Defense|p1a: Zamazenta
|-boost|p1a: Zamazenta|def|2
|
|-heal|p1a: Zamazenta|38/100|[from] item: Leftovers
|upkeep
|turn|11
|
|t:|1779567490
|move|p2a: Revavroom|Iron Head|p1a: Zamazenta
|-damage|p1a: Zamazenta|5/100
|-damage|p2a: Revavroom|35/100|[from] item: Life Orb
|move|p1a: Zamazenta|Body Press|p2a: Revavroom
|-resisted|p2a: Revavroom
|-damage|p2a: Revavroom|0 fnt
|faint|p2a: Revavroom
|
|-heal|p1a: Zamazenta|12/100|[from] item: Leftovers
|upkeep
|
|t:|1779567510
|switch|p2a: Munchlax|Munchlax, F, shiny|100/100
|-damage|p2a: Munchlax|88/100|[from] Stealth Rock
|-status|p2a: Munchlax|psn
|turn|12
|
|t:|1779567518
|move|p1a: Zamazenta|Body Press|p2a: Munchlax
|-supereffective|p2a: Munchlax
|-damage|p2a: Munchlax|0 fnt
|faint|p2a: Munchlax
|
|-heal|p1a: Zamazenta|18/100|[from] item: Leftovers
|upkeep
|
|t:|1779567529
|switch|p2a: Cinderace|Cinderace, M, shiny|100/100
|turn|13
|
|t:|1779567536
|move|p1a: Zamazenta|Body Press|p2a: Cinderace
|-damage|p2a: Cinderace|0 fnt
|faint|p2a: Cinderace
|
|-heal|p1a: Zamazenta|24/100|[from] item: Leftovers
|upkeep
|
|t:|1779567545
|switch|p2a: Haxorus|Haxorus, M, shiny|100/100
|-damage|p2a: Haxorus|88/100|[from] Stealth Rock
|-status|p2a: Haxorus|psn
|-ability|p2a: Haxorus|Mold Breaker
|turn|14
|
|t:|1779567557
|move|p1a: Zamazenta|Body Press|p2a: Haxorus
|-damage|p2a: Haxorus|0 fnt
|faint|p2a: Haxorus
|
|-heal|p1a: Zamazenta|30/100|[from] item: Leftovers
|upkeep
|
|t:|1779567563
|switch|p2a: Hitmonlee|Hitmonlee, M, shiny|100/100
|-damage|p2a: Hitmonlee|94/100|[from] Stealth Rock
|-status|p2a: Hitmonlee|psn
|turn|15
|
|t:|1779567574
|move|p1a: Zamazenta|Body Press|p2a: Hitmonlee
|-damage|p2a: Hitmonlee|0 fnt
|faint|p2a: Hitmonlee
|
|win|Iamgarbageee
|raw|Iamgarbageee's rating: 1226 &rarr; <strong>1251</strong><br />(+25 for winning)
|raw|Ash pikatchu's rating: 1229 &rarr; <strong>1204</strong><br />(-25 for losing)
|c|☆Ash pikatchu|Gg
|c|☆Iamgarbageee|ggs
|l|☆Ash pikatchu
|player|p2|
|l|☆Iamgarbageee
|player|p1|
