|j|☆dropafreezedry
|j|☆YumeKasumi76
|t:|1779716213
|gametype|singles
|player|p1|dropafreezedry|palmer|1434
|player|p2|YumeKasumi76|266|1403
|gen|9
|tier|[Gen 9] OU
|rated|
|rule|HP Percentage Mod: HP is shown in percentages
|rule|Endless Battle Clause: Forcing endless battles is banned
|rule|Species Clause: Limit one of each Pokémon
|rule|OHKO Clause: OHKO moves are banned
|rule|Evasion Items Clause: Evasion items are banned
|rule|Evasion Moves Clause: Evasion moves are banned
|rule|Evasion Abilities Clause: Evasion abilities are banned
|rule|Sleep Moves Clause: Sleep-inducing moves are banned
|clearpoke
|poke|p1|Glaceon, F|
|poke|p1|Ninetales-Alola, F|
|poke|p1|Basculegion-F, F|
|poke|p1|Ogerpon-Wellspring, F|
|poke|p1|Iron Treads|
|poke|p1|Weavile, F|
|poke|p2|Dragapult, M|
|poke|p2|Bisharp, F|
|poke|p2|Glimmora, F|
|poke|p2|Entei|
|poke|p2|Braviary-Hisui, M|
|poke|p2|Cloyster, F|
|teampreview
|inactive|Battle timer is ON: inactive players will automatically lose when time's up. (requested by dropafreezedry)
|
|t:|1779716225
|teamsize|p1|6
|teamsize|p2|6
|start
|switch|p1a: Basculegion|Basculegion-F, F|100/100
|switch|p2a: Mentalist|Braviary-Hisui, M|100/100
|turn|1
|
|t:|1779716228
|switch|p2a: Bellator|Bisharp, F, shiny|100/100
|move|p1a: Basculegion|Ice Beam|p2a: Bellator
|-resisted|p2a: Bellator
|-damage|p2a: Bellator|91/100
|
|upkeep
|turn|2
|
|t:|1779716232
|switch|p1a: Iron Treads|Iron Treads|100/100
|-enditem|p1a: Iron Treads|Booster Energy
|-activate|p1a: Iron Treads|ability: Quark Drive|[fromitem]
|-start|p1a: Iron Treads|quarkdriveatk
|move|p2a: Bellator|Stealth Rock|p1a: Iron Treads
|-sidestart|p1: dropafreezedry|move: Stealth Rock
|
|upkeep
|turn|3
|
|t:|1779716237
|switch|p2a: Railgun|Dragapult, M|100/100
|move|p1a: Iron Treads|Rapid Spin|p2a: Railgun
|-immune|p2a: Railgun
|
|upkeep
|turn|4
|
|t:|1779716240
|-terastallize|p1a: Iron Treads|Ground
|move|p2a: Railgun|Reflect|p2a: Railgun
|-sidestart|p2: YumeKasumi76|Reflect
|move|p1a: Iron Treads|Earthquake|p2a: Railgun
|-damage|p2a: Railgun|45/100
|
|upkeep
|turn|5
|
|t:|1779716263
|move|p2a: Railgun|Light Screen|p2a: Railgun
|-sidestart|p2: YumeKasumi76|move: Light Screen
|move|p1a: Iron Treads|Earthquake|p2a: Railgun
|-damage|p2a: Railgun|0 fnt
|faint|p2a: Railgun
|
|upkeep
|
|t:|1779716264
|switch|p2a: Shellussy|Cloyster, F|100/100
|turn|6
|
|t:|1779716272
|move|p1a: Iron Treads|Rapid Spin|p2a: Shellussy
|-damage|p2a: Shellussy|91/100
|-boost|p1a: Iron Treads|spe|1
|-sideend|p1: dropafreezedry|Stealth Rock|[from] move: Rapid Spin|[of] p1a: Iron Treads
|move|p2a: Shellussy|Shell Smash|p2a: Shellussy
|-unboost|p2a: Shellussy|def|1
|-unboost|p2a: Shellussy|spd|1
|-boost|p2a: Shellussy|atk|2
|-boost|p2a: Shellussy|spa|2
|-boost|p2a: Shellussy|spe|2
|-enditem|p2a: Shellussy|White Herb
|-clearnegativeboost|p2a: Shellussy|[silent]
|
|upkeep
|turn|7
|
|t:|1779716277
|move|p2a: Shellussy|Shell Smash|p2a: Shellussy
|-unboost|p2a: Shellussy|def|1
|-unboost|p2a: Shellussy|spd|1
|-boost|p2a: Shellussy|atk|2
|-boost|p2a: Shellussy|spa|2
|-boost|p2a: Shellussy|spe|2
|move|p1a: Iron Treads|Earthquake|p2a: Shellussy
|-damage|p2a: Shellussy|32/100
|
|upkeep
|turn|8
|
|t:|1779716279
|move|p2a: Shellussy|Icicle Spear|p1a: Iron Treads
|-supereffective|p1a: Iron Treads
|-damage|p1a: Iron Treads|31/100
|-supereffective|p1a: Iron Treads
|-damage|p1a: Iron Treads|0 fnt
|faint|p1a: Iron Treads
|-end|p1a: Iron Treads|Quark Drive|[silent]
|-hitcount|p1: Iron Treads|2
|
|upkeep
|
|t:|1779716283
|switch|p1a: Weavile|Weavile, F|100/100
|-ability|p1a: Weavile|Pressure
|turn|9
|
|t:|1779716286
|move|p1a: Weavile|Ice Shard|p2a: Shellussy
|-resisted|p2a: Shellussy
|-damage|p2a: Shellussy|29/100
|move|p2a: Shellussy|Icicle Spear|p1a: Weavile
|-resisted|p1a: Weavile
|-damage|p1a: Weavile|71/100
|-resisted|p1a: Weavile
|-damage|p1a: Weavile|41/100
|-resisted|p1a: Weavile
|-damage|p1a: Weavile|9/100
|-resisted|p1a: Weavile
|-damage|p1a: Weavile|0 fnt
|faint|p1a: Weavile
|-hitcount|p1: Weavile|4
|
|upkeep
|
|t:|1779716293
|switch|p1a: Ogerpon|Ogerpon-Wellspring, F|100/100
|turn|10
|
|t:|1779716295
|move|p2a: Shellussy|Icicle Spear|p1a: Ogerpon
|-damage|p1a: Ogerpon|53/100
|-damage|p1a: Ogerpon|7/100
|-damage|p1a: Ogerpon|0 fnt
|faint|p1a: Ogerpon
|-hitcount|p1: Ogerpon|3
|
|upkeep
|-message|dropafreezedry forfeited.
|
|win|YumeKasumi76
|raw|dropafreezedry's rating: 1434 &rarr; <strong>1412</strong><br />(-22 for losing)
|raw|YumeKasumi76's rating: 1403 &rarr; <strong>1425</strong><br />(+22 for winning)
|l|☆dropafreezedry
|player|p1|
|l|☆YumeKasumi76
|player|p2|
