|j|☆KenjiShiguma
|j|☆NickWithLucario
|t:|1779704087
|gametype|singles
|player|p1|KenjiShiguma|pokemonbreeder-gen4|1051
|player|p2|NickWithLucario|2|1104
|gen|9
|tier|[Gen 9] OU
|rated|
|rule|HP Percentage Mod: HP is shown in percentages
|rule|Endless Battle Clause: Forcing endless battles is banned
|rule|Species Clause: Limit one of each Pokémon
|rule|OHKO Clause: OHKO moves are banned
|rule|Evasion Items Clause: Evasion items are banned
|rule|Evasion Moves Clause: Evasion moves are banned
|rule|Evasion Abilities Clause: Evasion abilities are banned
|rule|Sleep Moves Clause: Sleep-inducing moves are banned
|clearpoke
|poke|p1|Golduck, F|
|poke|p1|Porygon2|
|poke|p1|Gardevoir, M|
|poke|p1|Grumpig, F|
|poke|p1|Toxapex, M|
|poke|p1|Hatterene, F|
|poke|p2|Cacturne, F|
|poke|p2|Mew|
|poke|p2|Kingambit, F|
|poke|p2|Lokix, M|
|poke|p2|Polteageist-Antique|
|poke|p2|Sudowoodo, F|
|teampreview
|inactive|Battle timer is ON: inactive players will automatically lose when time's up. (requested by NickWithLucario)
|
|t:|1779704099
|teamsize|p1|6
|teamsize|p2|6
|start
|switch|p1a: Hatterene|Hatterene, F|100/100
|switch|p2a: Lokix|Lokix, M|100/100
|turn|1
|
|t:|1779704107
|move|p2a: Lokix|First Impression|p1a: Hatterene
|-damage|p1a: Hatterene|42/100
|-damage|p2a: Lokix|91/100|[from] item: Life Orb
|move|p1a: Hatterene|Nuzzle|p2a: Lokix
|-damage|p2a: Lokix|84/100
|-status|p2a: Lokix|par
|
|upkeep
|turn|2
|
|t:|1779704123
|switch|p1a: Toxapex|Toxapex, M|100/100
|move|p2a: Lokix|Swords Dance|p2a: Lokix
|-boost|p2a: Lokix|atk|2
|
|upkeep
|turn|3
|
|t:|1779704133
|move|p2a: Lokix|Sucker Punch|p1a: Toxapex
|-damage|p1a: Toxapex|49/100
|-damage|p2a: Lokix|74/100 par|[from] item: Life Orb
|move|p1a: Toxapex|Chilling Water|p2a: Lokix
|-damage|p2a: Lokix|53/100 par
|-unboost|p2a: Lokix|atk|1
|
|upkeep
|turn|4
|
|t:|1779704145
|switch|p1a: Hatterene|Hatterene, F|42/100
|move|p2a: Lokix|U-turn|p1a: Hatterene
|-damage|p1a: Hatterene|0 fnt
|faint|p1a: Hatterene
|-damage|p2a: Lokix|43/100 par|[from] item: Life Orb
|
|t:|1779704159
|switch|p2a: Sudowoodo|Sudowoodo, F|100/100|[from] U-turn
|
|upkeep
|
|t:|1779704168
|switch|p1a: Golduck|Golduck, F|100/100
|-ability|p1a: Golduck|Cloud Nine
|turn|5
|
|t:|1779704176
|move|p1a: Golduck|Whirlpool|p2a: Sudowoodo
|-supereffective|p2a: Sudowoodo
|-damage|p2a: Sudowoodo|69/100
|-activate|p2a: Sudowoodo|move: Whirlpool|[of] p1a: Golduck
|move|p2a: Sudowoodo|Block|p1a: Golduck
|-activate|p1a: Golduck|trapped
|
|-damage|p2a: Sudowoodo|52/100|[from] move: Whirlpool|[partiallytrapped]
|upkeep
|turn|6
|
|t:|1779704188
|move|p2a: Sudowoodo|Sucker Punch||[still]
|-fail|p2a: Sudowoodo
|move|p1a: Golduck|Encore|p2a: Sudowoodo
|-start|p2a: Sudowoodo|Encore
|
|-damage|p2a: Sudowoodo|36/100|[from] move: Whirlpool|[partiallytrapped]
|upkeep
|turn|7
|
|t:|1779704196
|move|p2a: Sudowoodo|Sucker Punch||[still]
|-fail|p2a: Sudowoodo
|move|p1a: Golduck|Simple Beam|p2a: Sudowoodo
|-ability|p2a: Sudowoodo|Simple|Sturdy|[from] move: Simple Beam
|
|-damage|p2a: Sudowoodo|19/100|[from] move: Whirlpool|[partiallytrapped]
|upkeep
|-enditem|p2a: Sudowoodo|Aguav Berry|[eat]
|-heal|p2a: Sudowoodo|52/100|[from] item: Aguav Berry
|turn|8
|
|t:|1779704209
|move|p2a: Sudowoodo|Sucker Punch||[still]
|-fail|p2a: Sudowoodo
|move|p1a: Golduck|Simple Beam||[still]
|-fail|p1a: Golduck
|
|-damage|p2a: Sudowoodo|36/100|[from] move: Whirlpool|[partiallytrapped]
|upkeep
|turn|9
|
|t:|1779704217
|move|p2a: Sudowoodo|Sucker Punch||[still]
|-fail|p2a: Sudowoodo
|move|p1a: Golduck|Simple Beam||[still]
|-fail|p1a: Golduck
|
|-end|p2a: Sudowoodo|Whirlpool|[partiallytrapped]
|-end|p2a: Sudowoodo|Encore
|upkeep
|turn|10
|
|t:|1779704228
|switch|p2a: Mew|Mew|100/100
|move|p1a: Golduck|Encore||[still]
|-fail|p1a: Golduck
|
|upkeep
|turn|11
|
|t:|1779704236
|move|p1a: Golduck|Simple Beam|p2a: Mew
|-ability|p2a: Mew|Simple|Synchronize|[from] move: Simple Beam
|move|p2a: Mew|Imprison|p2a: Mew
|-start|p2a: Mew|move: Imprison
|
|upkeep
|turn|12
|
|t:|1779704246
|move|p1a: Golduck|Flip Turn|p2a: Mew
|-damage|p2a: Mew|86/100
|
|t:|1779704255
|switch|p1a: Porygon2|Porygon2|100/100|[from] Flip Turn
|-ability|p1a: Porygon2|Simple|Trace|[from] ability: Trace|[of] p2a: Mew
|move|p2a: Mew|Transform|p1a: Porygon2
|-transform|p2a: Mew|p1a: Porygon2
|
|-heal|p2a: Mew|92/100|[from] item: Leftovers
|upkeep
|turn|13
|
|t:|1779704280
|switch|p1a: Gardevoir|Gardevoir, M|100/100
|-ability|p1a: Gardevoir|Simple|Trace|[from] ability: Trace|[of] p2a: Mew
|move|p2a: Mew|Defense Curl|p2a: Mew
|-boost|p2a: Mew|def|2
|
|-heal|p2a: Mew|98/100|[from] item: Leftovers
|upkeep
|turn|14
|
|t:|1779704291
|switch|p2a: Sudowoodo|Sudowoodo, F|36/100
|move|p1a: Gardevoir|Calm Mind|p1a: Gardevoir
|-boost|p1a: Gardevoir|spa|2
|-boost|p1a: Gardevoir|spd|2
|
|upkeep
|turn|15
|
|t:|1779704299
|move|p1a: Gardevoir|Calm Mind|p1a: Gardevoir
|-boost|p1a: Gardevoir|spa|2
|-boost|p1a: Gardevoir|spd|2
|move|p2a: Sudowoodo|Block|p1a: Gardevoir
|-activate|p1a: Gardevoir|trapped
|
|upkeep
|turn|16
|
|t:|1779704317
|switch|p2a: Mew|Mew|98/100
|move|p1a: Gardevoir|Calm Mind|p1a: Gardevoir
|-boost|p1a: Gardevoir|spa|2
|-boost|p1a: Gardevoir|spd|2
|
|-heal|p2a: Mew|100/100|[from] item: Leftovers
|upkeep
|turn|17
|
|t:|1779704329
|move|p1a: Gardevoir|Stored Power|p2a: Mew
|-resisted|p2a: Mew
|-damage|p2a: Mew|0 fnt
|faint|p2a: Mew
|
|upkeep
|
|t:|1779704335
|switch|p2a: Lokix|Lokix, M|43/100 par
|turn|18
|
|t:|1779704340
|-terastallize|p1a: Gardevoir|Fairy
|move|p2a: Lokix|First Impression|p1a: Gardevoir
|-resisted|p1a: Gardevoir
|-damage|p1a: Gardevoir|8/100
|-damage|p2a: Lokix|33/100 par|[from] item: Life Orb
|move|p1a: Gardevoir|Draining Kiss|p2a: Lokix
|-supereffective|p2a: Lokix
|-damage|p2a: Lokix|0 fnt
|-heal|p1a: Gardevoir|33/100|[from] drain|[of] p2a: Lokix
|faint|p2a: Lokix
|
|-heal|p1a: Gardevoir|39/100|[from] item: Leftovers
|upkeep
|
|t:|1779704365
|switch|p2a: Sudowoodo|Sudowoodo, F|36/100
|turn|19
|
|t:|1779704372
|move|p2a: Sudowoodo|Endure|p2a: Sudowoodo
|-singleturn|p2a: Sudowoodo|move: Endure
|move|p1a: Gardevoir|Calm Mind|p1a: Gardevoir
|-boost|p1a: Gardevoir|spa|0
|-boost|p1a: Gardevoir|spd|0
|
|-heal|p1a: Gardevoir|45/100|[from] item: Leftovers
|upkeep
|turn|20
|
|t:|1779704390
|move|p1a: Gardevoir|Draining Kiss|p2a: Sudowoodo
|-damage|p2a: Sudowoodo|0 fnt
|-heal|p1a: Gardevoir|78/100|[from] drain|[of] p2a: Sudowoodo
|faint|p2a: Sudowoodo
|
|-heal|p1a: Gardevoir|84/100|[from] item: Leftovers
|upkeep
|
|t:|1779704400
|switch|p2a: Cacturne|Cacturne, F|100/100
|turn|21
|
|t:|1779704411
|move|p1a: Gardevoir|Draining Kiss|p2a: Cacturne
|-supereffective|p2a: Cacturne
|-damage|p2a: Cacturne|0 fnt
|-heal|p1a: Gardevoir|100/100|[from] drain|[of] p2a: Cacturne
|faint|p2a: Cacturne
|
|upkeep
|
|t:|1779704414
|switch|p2a: Polteageist|Polteageist-Antique|100/100
|turn|22
|
|t:|1779704419
|move|p1a: Gardevoir|Stored Power|p2a: Polteageist
|-damage|p2a: Polteageist|0 fnt
|faint|p2a: Polteageist
|
|upkeep
|
|t:|1779704425
|switch|p2a: Kingambit|Kingambit, F|100/100
|-activate|p2a: Kingambit|ability: Supreme Overlord
|-start|p2a: Kingambit|fallen5|[silent]
|turn|23
|
|t:|1779704433
|move|p1a: Gardevoir|Draining Kiss|p2a: Kingambit
|-damage|p2a: Kingambit|0 fnt
|faint|p2a: Kingambit
|-end|p2a: Kingambit|fallen5|[silent]
|
|win|KenjiShiguma
|raw|KenjiShiguma's rating: 1079 &rarr; <strong>1109</strong><br />(+30 for winning)
|raw|NickWithLucario's rating: 1104 &rarr; <strong>1077</strong><br />(-27 for losing)
|l|☆NickWithLucario
|player|p2|
|l|☆KenjiShiguma
|player|p1|
