|j|☆Top5HottestPicsOf
|j|☆Borincano
|t:|1779564056
|gametype|singles
|player|p1|Top5HottestPicsOf|wicke|1250
|player|p2|Borincano|lucas|1283
|gen|9
|tier|[Gen 9] OU
|rated|
|rule|HP Percentage Mod: HP is shown in percentages
|rule|Endless Battle Clause: Forcing endless battles is banned
|rule|Species Clause: Limit one of each Pokémon
|rule|OHKO Clause: OHKO moves are banned
|rule|Evasion Items Clause: Evasion items are banned
|rule|Evasion Moves Clause: Evasion moves are banned
|rule|Evasion Abilities Clause: Evasion abilities are banned
|rule|Sleep Moves Clause: Sleep-inducing moves are banned
|clearpoke
|poke|p1|Munkidori, M|
|poke|p1|Persian-Alola, F|
|poke|p1|Fezandipiti, M|
|poke|p1|Leafeon, F|
|poke|p1|Dudunsparce-*, M|
|poke|p1|Dragapult, M|
|poke|p2|Metagross|
|poke|p2|Alomomola, F|
|poke|p2|Zamazenta-*|
|poke|p2|Swampert, M|
|poke|p2|Hydreigon, F|
|poke|p2|Regieleki|
|teampreview
|inactive|Battle timer is ON: inactive players will automatically lose when time's up. (requested by Borincano)
|inactive|Top5HottestPicsOf also wants the timer to be on.
|
|t:|1779564062
|teamsize|p1|6
|teamsize|p2|6
|start
|switch|p1a: Dudunsparce|Dudunsparce, M|100/100
|switch|p2a: Regieleki|Regieleki|100/100
|turn|1
|
|t:|1779564070
|move|p2a: Regieleki|Volt Switch|p1a: Dudunsparce
|-damage|p1a: Dudunsparce|51/100
|
|t:|1779564075
|switch|p2a: Swampert|Swampert, M|100/100|[from] Volt Switch
|move|p1a: Dudunsparce|Body Slam|p2a: Swampert
|-damage|p2a: Swampert|69/100
|-status|p2a: Swampert|par
|
|-heal|p2a: Swampert|75/100 par|[from] item: Leftovers
|upkeep
|turn|2
|
|t:|1779564085
|move|p1a: Dudunsparce|Stealth Rock|p2a: Swampert
|-sidestart|p2: Borincano|move: Stealth Rock
|cant|p2a: Swampert|par
|
|-heal|p2a: Swampert|82/100 par|[from] item: Leftovers
|upkeep
|turn|3
|
|t:|1779564089
|move|p1a: Dudunsparce|Roost|p1a: Dudunsparce
|-heal|p1a: Dudunsparce|100/100
|-singleturn|p1a: Dudunsparce|move: Roost
|move|p2a: Swampert|Stealth Rock|p1a: Dudunsparce
|-sidestart|p1: Top5HottestPicsOf|move: Stealth Rock
|
|-heal|p2a: Swampert|88/100 par|[from] item: Leftovers
|upkeep
|turn|4
|
|t:|1779564098
|move|p1a: Dudunsparce|Body Slam|p2a: Swampert
|-damage|p2a: Swampert|55/100 par
|move|p2a: Swampert|Flip Turn|p1a: Dudunsparce
|-damage|p1a: Dudunsparce|76/100
|-damage|p2a: Swampert|38/100 par|[from] item: Rocky Helmet|[of] p1a: Dudunsparce
|
|t:|1779564113
|switch|p2a: Metagross|Metagross|100/100|[from] Flip Turn
|-damage|p2a: Metagross|94/100|[from] Stealth Rock
|
|upkeep
|turn|5
|
|t:|1779564117
|-terastallize|p2a: Metagross|Steel
|move|p2a: Metagross|Heavy Slam|p1a: Dudunsparce
|-damage|p1a: Dudunsparce|0 fnt
|-damage|p2a: Metagross|78/100|[from] item: Rocky Helmet|[of] p1a: Dudunsparce
|faint|p1a: Dudunsparce
|
|upkeep
|
|t:|1779564128
|switch|p1a: Dragapult|Dragapult, M, shiny|100/100
|-damage|p1a: Dragapult|88/100|[from] Stealth Rock
|turn|6
|
|t:|1779564132
|move|p1a: Dragapult|Flamethrower|p2a: Metagross
|-supereffective|p2a: Metagross
|-damage|p2a: Metagross|0 fnt
|faint|p2a: Metagross
|
|upkeep
|
|t:|1779564137
|switch|p2a: Swampert|Swampert, M|38/100 par
|-damage|p2a: Swampert|32/100 par|[from] Stealth Rock
|turn|7
|
|t:|1779564146
|switch|p1a: Persian|Persian-Alola, F|100/100
|-damage|p1a: Persian|88/100|[from] Stealth Rock
|move|p2a: Swampert|Ice Punch|p1a: Persian
|-damage|p1a: Persian|73/100
|
|-heal|p2a: Swampert|38/100 par|[from] item: Leftovers
|upkeep
|turn|8
|
|t:|1779564154
|move|p1a: Persian|Sunny Day|p1a: Persian
|-weather|SunnyDay
|move|p2a: Swampert|Flip Turn|p1a: Persian
|-damage|p1a: Persian|63/100
|
|t:|1779564157
|switch|p2a: Alomomola|Alomomola, F|100/100|[from] Flip Turn
|-damage|p2a: Alomomola|88/100|[from] Stealth Rock
|
|-weather|SunnyDay|[upkeep]
|upkeep
|turn|9
|
|t:|1779564162
|move|p1a: Persian|Parting Shot|p2a: Alomomola
|-unboost|p2a: Alomomola|atk|1
|-unboost|p2a: Alomomola|spa|1
|
|t:|1779564164
|switch|p1a: Leafeon|Leafeon, F|100/100|[from] Parting Shot
|-damage|p1a: Leafeon|88/100|[from] Stealth Rock
|move|p2a: Alomomola|Wish|p2a: Alomomola
|
|-weather|SunnyDay|[upkeep]
|upkeep
|turn|10
|
|t:|1779564170
|switch|p2a: Hydreigon|Hydreigon, F|100/100
|-damage|p2a: Hydreigon|88/100|[from] Stealth Rock
|move|p1a: Leafeon|Swords Dance|p1a: Leafeon
|-boost|p1a: Leafeon|atk|2
|
|-weather|SunnyDay|[upkeep]
|-heal|p2a: Hydreigon|100/100|[from] move: Wish|[wisher] Alomomola
|upkeep
|turn|11
|
|t:|1779564178
|move|p1a: Leafeon|Solar Blade||[still]
|-prepare|p1a: Leafeon|Solar Blade
|-anim|p1a: Leafeon|Solar Blade|p2a: Hydreigon
|-resisted|p2a: Hydreigon
|-damage|p2a: Hydreigon|29/100
|move|p2a: Hydreigon|Fire Blast|p1a: Leafeon
|-supereffective|p1a: Leafeon
|-damage|p1a: Leafeon|0 fnt
|faint|p1a: Leafeon
|
|-weather|SunnyDay|[upkeep]
|upkeep
|
|t:|1779564189
|switch|p1a: Fezandipiti|Fezandipiti, M|100/100
|-damage|p1a: Fezandipiti|88/100|[from] Stealth Rock
|turn|12
|
|t:|1779564197
|switch|p2a: Swampert|Swampert, M|38/100 par
|-damage|p2a: Swampert|32/100 par|[from] Stealth Rock
|move|p1a: Fezandipiti|Sludge Bomb|p2a: Swampert
|-resisted|p2a: Swampert
|-damage|p2a: Swampert|19/100 par
|
|-weather|SunnyDay|[upkeep]
|-heal|p1a: Fezandipiti|94/100|[from] item: Leftovers
|-heal|p2a: Swampert|25/100 par|[from] item: Leftovers
|upkeep
|turn|13
|
|t:|1779564204
|move|p1a: Fezandipiti|Moonblast|p2a: Swampert
|-damage|p2a: Swampert|0 fnt
|faint|p2a: Swampert
|
|-weather|SunnyDay|[upkeep]
|-heal|p1a: Fezandipiti|100/100|[from] item: Leftovers
|upkeep
|
|t:|1779564213
|switch|p2a: Regieleki|Regieleki|100/100
|-damage|p2a: Regieleki|88/100|[from] Stealth Rock
|turn|14
|
|t:|1779564218
|move|p2a: Regieleki|Volt Switch|p1a: Fezandipiti
|-damage|p1a: Fezandipiti|55/100
|
|t:|1779564225
|switch|p2a: Alomomola|Alomomola, F|100/100|[from] Volt Switch
|-damage|p2a: Alomomola|88/100|[from] Stealth Rock
|move|p1a: Fezandipiti|Calm Mind|p1a: Fezandipiti
|-boost|p1a: Fezandipiti|spa|1
|-boost|p1a: Fezandipiti|spd|1
|
|-weather|SunnyDay|[upkeep]
|-heal|p1a: Fezandipiti|61/100|[from] item: Leftovers
|upkeep
|turn|15
|
|t:|1779564235
|move|p1a: Fezandipiti|Calm Mind|p1a: Fezandipiti
|-boost|p1a: Fezandipiti|spa|1
|-boost|p1a: Fezandipiti|spd|1
|move|p2a: Alomomola|Flip Turn|p1a: Fezandipiti
|-damage|p1a: Fezandipiti|52/100
|
|t:|1779564240
|switch|p2a: Regieleki|Regieleki|88/100|[from] Flip Turn
|-damage|p2a: Regieleki|76/100|[from] Stealth Rock
|
|-weather|none
|-heal|p1a: Fezandipiti|59/100|[from] item: Leftovers
|upkeep
|turn|16
|
|t:|1779564247
|move|p2a: Regieleki|Electro Ball|p1a: Fezandipiti
|-crit|p1a: Fezandipiti
|-damage|p1a: Fezandipiti|2/100
|move|p1a: Fezandipiti|Roost|p1a: Fezandipiti
|-heal|p1a: Fezandipiti|52/100
|-singleturn|p1a: Fezandipiti|move: Roost
|
|-heal|p1a: Fezandipiti|58/100|[from] item: Leftovers
|upkeep
|turn|17
|
|t:|1779564252
|move|p2a: Regieleki|Electro Ball|p1a: Fezandipiti
|-damage|p1a: Fezandipiti|39/100
|move|p1a: Fezandipiti|Roost|p1a: Fezandipiti
|-heal|p1a: Fezandipiti|89/100
|-singleturn|p1a: Fezandipiti|move: Roost
|
|-heal|p1a: Fezandipiti|95/100|[from] item: Leftovers
|upkeep
|turn|18
|-message|Borincano forfeited.
|
|win|Top5HottestPicsOf
|raw|Top5HottestPicsOf's rating: 1250 &rarr; <strong>1277</strong><br />(+27 for winning)
|raw|Borincano's rating: 1283 &rarr; <strong>1256</strong><br />(-27 for losing)
|l|☆Borincano
|player|p2|
|l|☆Top5HottestPicsOf
|player|p1|
