|j|☆pa!nfully_0rd1n4ry
|j|☆yggdrass!l
|t:|1779625886
|gametype|singles
|player|p1|pa!nfully_0rd1n4ry|ethan|1417
|player|p2|yggdrass!l|burglar|1393
|gen|9
|tier|[Gen 9] OU
|rated|
|rule|HP Percentage Mod: HP is shown in percentages
|rule|Endless Battle Clause: Forcing endless battles is banned
|rule|Species Clause: Limit one of each Pokémon
|rule|OHKO Clause: OHKO moves are banned
|rule|Evasion Items Clause: Evasion items are banned
|rule|Evasion Moves Clause: Evasion moves are banned
|rule|Evasion Abilities Clause: Evasion abilities are banned
|rule|Sleep Moves Clause: Sleep-inducing moves are banned
|clearpoke
|poke|p1|Samurott-Hisui, M|
|poke|p1|Great Tusk|
|poke|p1|Gholdengo|
|poke|p1|Ogerpon-Wellspring, F|
|poke|p1|Iron Moth|
|poke|p1|Iron Valiant|
|poke|p2|Weavile, M|
|poke|p2|Great Tusk|
|poke|p2|Grimmsnarl, M|
|poke|p2|Iron Hands|
|poke|p2|Registeel|
|poke|p2|Deoxys-Defense|
|teampreview
|
|t:|1779625891
|teamsize|p1|6
|teamsize|p2|6
|start
|switch|p1a: Samurott|Samurott-Hisui, M|100/100
|switch|p2a: 🈯️|Grimmsnarl, M, shiny|100/100
|turn|1
|inactive|Battle timer is ON: inactive players will automatically lose when time's up. (requested by yggdrass!l)
|
|t:|1779625898
|move|p2a: 🈯️|Reflect|p2a: 🈯️
|-sidestart|p2: yggdrass!l|Reflect
|move|p1a: Samurott|Ceaseless Edge|p2a: 🈯️
|-resisted|p2a: 🈯️
|-damage|p2a: 🈯️|93/100
|-sidestart|p2: yggdrass!l|Spikes
|
|upkeep
|turn|2
|
|t:|1779625905
|move|p2a: 🈯️|Light Screen|p2a: 🈯️
|-sidestart|p2: yggdrass!l|move: Light Screen
|move|p1a: Samurott|Ceaseless Edge|p2a: 🈯️
|-resisted|p2a: 🈯️
|-damage|p2a: 🈯️|87/100
|-sidestart|p2: yggdrass!l|Spikes
|
|upkeep
|turn|3
|
|t:|1779625917
|switch|p2a: 🈚️|Iron Hands, shiny|100/100
|-damage|p2a: 🈚️|84/100|[from] Spikes
|-enditem|p2a: 🈚️|Booster Energy
|-activate|p2a: 🈚️|ability: Quark Drive|[fromitem]
|-start|p2a: 🈚️|quarkdrivedef
|move|p1a: Samurott|Ceaseless Edge|p2a: 🈚️
|-resisted|p2a: 🈚️
|-damage|p2a: 🈚️|80/100
|-sidestart|p2: yggdrass!l|Spikes
|
|upkeep
|turn|4
|inactive|pa!nfully_0rd1n4ry has 120 seconds left.
|
|t:|1779625953
|switch|p1a: Great Tusk|Great Tusk|100/100
|move|p2a: 🈚️|Swords Dance|p2a: 🈚️
|-boost|p2a: 🈚️|atk|2
|
|upkeep
|turn|5
|c|☆yggdrass!l|gg
|inactive|pa!nfully_0rd1n4ry has 120 seconds left.
|
|t:|1779625969
|move|p1a: Great Tusk|Headlong Rush|p2a: 🈚️
|-supereffective|p2a: 🈚️
|-damage|p2a: 🈚️|56/100
|-unboost|p1a: Great Tusk|def|1
|-unboost|p1a: Great Tusk|spd|1
|move|p2a: 🈚️|Drain Punch|p1a: Great Tusk
|-damage|p1a: Great Tusk|27/100
|-heal|p2a: 🈚️|83/100|[from] drain|[of] p1a: Great Tusk
|
|upkeep
|turn|6
|
|t:|1779625992
|move|p1a: Great Tusk|Stealth Rock|p2a: 🈚️
|-sidestart|p2: yggdrass!l|move: Stealth Rock
|move|p2a: 🈚️|Drain Punch|p1a: Great Tusk
|-damage|p1a: Great Tusk|0 fnt
|-heal|p2a: 🈚️|92/100|[from] drain|[of] p1a: Great Tusk
|faint|p1a: Great Tusk
|-end|p1a: Great Tusk|Protosynthesis|[silent]
|
|upkeep
|inactive|pa!nfully_0rd1n4ry has 90 seconds left.
|
|t:|1779626014
|switch|p1a: Iron Valiant|Iron Valiant|100/100
|-enditem|p1a: Iron Valiant|Booster Energy
|-activate|p1a: Iron Valiant|ability: Quark Drive|[fromitem]
|-start|p1a: Iron Valiant|quarkdrivespe
|turn|7
|inactive|pa!nfully_0rd1n4ry has 90 seconds left.
|
|t:|1779626020
|move|p1a: Iron Valiant|Encore|p2a: 🈚️
|-start|p2a: 🈚️|Encore
|move|p2a: 🈚️|Drain Punch|p1a: Iron Valiant
|-resisted|p1a: Iron Valiant
|-damage|p1a: Iron Valiant|59/100
|-heal|p2a: 🈚️|100/100|[from] drain|[of] p1a: Iron Valiant
|
|upkeep
|turn|8
|
|t:|1779626028
|-end|p1a: Iron Valiant|Quark Drive|[silent]
|switch|p1a: Gholdengo|Gholdengo|100/100
|-item|p1a: Gholdengo|Air Balloon
|move|p2a: 🈚️|Drain Punch|p1a: Gholdengo
|-immune|p1a: Gholdengo
|
|-sideend|p2: yggdrass!l|Reflect
|upkeep
|turn|9
|inactive|pa!nfully_0rd1n4ry has 90 seconds left.
|
|t:|1779626049
|move|p1a: Gholdengo|Nasty Plot|p1a: Gholdengo
|-boost|p1a: Gholdengo|spa|2
|move|p2a: 🈚️|Drain Punch|p1a: Gholdengo
|-immune|p1a: Gholdengo
|
|-end|p2a: 🈚️|Encore
|-sideend|p2: yggdrass!l|move: Light Screen
|upkeep
|turn|10
|inactive|pa!nfully_0rd1n4ry has 90 seconds left.
|
|t:|1779626063
|move|p1a: Gholdengo|Shadow Ball|p2a: 🈚️
|-damage|p2a: 🈚️|19/100
|-unboost|p2a: 🈚️|spd|1
|move|p2a: 🈚️|Thunder Punch|p1a: Gholdengo
|-damage|p1a: Gholdengo|21/100
|-enditem|p1a: Gholdengo|Air Balloon
|
|upkeep
|turn|11
|inactive|pa!nfully_0rd1n4ry has 90 seconds left.
|
|t:|1779626073
|move|p1a: Gholdengo|Shadow Ball|p2a: 🈚️
|-damage|p2a: 🈚️|0 fnt
|faint|p2a: 🈚️
|-end|p2a: 🈚️|Quark Drive|[silent]
|
|upkeep
|
|t:|1779626083
|switch|p2a: 🈂️|Deoxys-Defense|100/100
|-damage|p2a: 🈂️|75/100|[from] Spikes
|-damage|p2a: 🈂️|63/100|[from] Stealth Rock
|-ability|p2a: 🈂️|Pressure
|turn|12
|
|t:|1779626092
|move|p1a: Gholdengo|Shadow Ball|p2a: 🈂️
|-supereffective|p2a: 🈂️
|-damage|p2a: 🈂️|0 fnt
|faint|p2a: 🈂️
|
|upkeep
|
|t:|1779626097
|switch|p2a: 💮|Weavile, M, shiny|100/100
|-damage|p2a: 💮|76/100|[from] Spikes
|-damage|p2a: 💮|51/100|[from] Stealth Rock
|turn|13
|inactive|pa!nfully_0rd1n4ry has 90 seconds left.
|
|t:|1779626128
|move|p2a: 💮|Knock Off|p1a: Gholdengo
|-supereffective|p1a: Gholdengo
|-damage|p1a: Gholdengo|0 fnt
|faint|p1a: Gholdengo
|
|upkeep
|
|t:|1779626136
|switch|p1a: Iron Moth|Iron Moth|100/100
|-enditem|p1a: Iron Moth|Booster Energy
|-activate|p1a: Iron Moth|ability: Quark Drive|[fromitem]
|-start|p1a: Iron Moth|quarkdrivespe
|turn|14
|
|t:|1779626146
|move|p1a: Iron Moth|Fiery Dance|p2a: 💮
|-supereffective|p2a: 💮
|-damage|p2a: 💮|0 fnt
|-boost|p1a: Iron Moth|spa|1
|faint|p2a: 💮
|
|upkeep
|
|t:|1779626150
|switch|p2a: 🈯️|Grimmsnarl, M, shiny|87/100
|-damage|p2a: 🈯️|62/100|[from] Spikes
|-damage|p2a: 🈯️|49/100|[from] Stealth Rock
|turn|15
|inactive|pa!nfully_0rd1n4ry has 90 seconds left.
|
|t:|1779626167
|move|p2a: 🈯️|Thunder Wave|p1a: Iron Moth|[miss]
|-miss|p2a: 🈯️|p1a: Iron Moth
|move|p1a: Iron Moth|Fiery Dance|p2a: 🈯️
|-damage|p2a: 🈯️|3/100
|
|upkeep
|turn|16
|inactive|pa!nfully_0rd1n4ry has 90 seconds left.
|
|t:|1779626185
|move|p2a: 🈯️|Thunder Wave|p1a: Iron Moth
|-status|p1a: Iron Moth|par
|move|p1a: Iron Moth|Fiery Dance|p2a: 🈯️
|-damage|p2a: 🈯️|0 fnt
|-boost|p1a: Iron Moth|spa|1
|faint|p2a: 🈯️
|
|upkeep
|
|t:|1779626191
|switch|p2a: ㊗️|Great Tusk|100/100
|-damage|p2a: ㊗️|76/100|[from] Spikes
|-damage|p2a: ㊗️|73/100|[from] Stealth Rock
|-enditem|p2a: ㊗️|Booster Energy
|-activate|p2a: ㊗️|ability: Protosynthesis|[fromitem]
|-start|p2a: ㊗️|protosynthesisatk
|turn|17
|inactive|pa!nfully_0rd1n4ry has 90 seconds left.
|
|t:|1779626200
|-terastallize|p1a: Iron Moth|Grass
|move|p2a: ㊗️|Rapid Spin|p1a: Iron Moth
|-damage|p1a: Iron Moth|67/100 par
|-boost|p2a: ㊗️|spe|1
|-sideend|p2: yggdrass!l|Spikes|[from] move: Rapid Spin|[of] p2a: ㊗️
|-sideend|p2: yggdrass!l|Stealth Rock|[from] move: Rapid Spin|[of] p2a: ㊗️
|cant|p1a: Iron Moth|par
|
|upkeep
|turn|18
|
|t:|1779626211
|move|p2a: ㊗️|Ice Spinner|p1a: Iron Moth
|-supereffective|p1a: Iron Moth
|-damage|p1a: Iron Moth|0 fnt
|faint|p1a: Iron Moth
|-end|p1a: Iron Moth|Quark Drive|[silent]
|
|upkeep
|inactive|pa!nfully_0rd1n4ry has 90 seconds left.
|
|t:|1779626246
|switch|p1a: Ogerpon|Ogerpon-Wellspring, F|100/100
|turn|19
|
|t:|1779626251
|move|p2a: ㊗️|Close Combat|p1a: Ogerpon
|-damage|p1a: Ogerpon|0 fnt
|-unboost|p2a: ㊗️|def|1
|-unboost|p2a: ㊗️|spd|1
|faint|p1a: Ogerpon
|
|upkeep
|
|t:|1779626265
|switch|p1a: Samurott|Samurott-Hisui, M|100/100
|turn|20
|
|t:|1779626285
|move|p2a: ㊗️|Close Combat|p1a: Samurott
|-supereffective|p1a: Samurott
|-enditem|p1a: Samurott|Focus Sash
|-damage|p1a: Samurott|1/100
|-unboost|p2a: ㊗️|def|1
|-unboost|p2a: ㊗️|spd|1
|move|p1a: Samurott|Aqua Cutter|p2a: ㊗️
|-supereffective|p2a: ㊗️
|-damage|p2a: ㊗️|0 fnt
|faint|p2a: ㊗️
|-end|p2a: ㊗️|Protosynthesis|[silent]
|
|upkeep
|
|t:|1779626289
|switch|p2a: ⚛️|Registeel, shiny|100/100
|turn|21
|
|t:|1779626299
|move|p1a: Samurott|Knock Off|p2a: ⚛️
|-damage|p2a: ⚛️|70/100
|-damage|p1a: Samurott|0 fnt|[from] item: Rocky Helmet|[of] p2a: ⚛️
|faint|p1a: Samurott
|move|p2a: ⚛️|Iron Defense|p2a: ⚛️
|-boost|p2a: ⚛️|def|2
|
|upkeep
|
|t:|1779626305
|switch|p1a: Iron Valiant|Iron Valiant|59/100
|turn|22
|inactive|pa!nfully_0rd1n4ry has 90 seconds left.
|
|t:|1779626327
|-terastallize|p2a: ⚛️|Ghost
|move|p1a: Iron Valiant|Encore|p2a: ⚛️
|-start|p2a: ⚛️|Encore
|move|p2a: ⚛️|Iron Defense|p2a: ⚛️
|-boost|p2a: ⚛️|def|2
|
|upkeep
|turn|23
|inactive|pa!nfully_0rd1n4ry has 90 seconds left.
|
|t:|1779626351
|move|p1a: Iron Valiant|Moonblast|p2a: ⚛️
|-crit|p2a: ⚛️
|-damage|p2a: ⚛️|36/100
|move|p2a: ⚛️|Iron Defense|p2a: ⚛️
|-boost|p2a: ⚛️|def|2
|
|upkeep
|turn|24
|inactive|yggdrass!l has 120 seconds left.
|inactive|yggdrass!l has 90 seconds left.
|inactive|yggdrass!l has 60 seconds left.
|inactive|yggdrass!l has 30 seconds left.
|inactive|yggdrass!l has 20 seconds left.
|inactive|yggdrass!l has 15 seconds left.
|inactive|yggdrass!l has 10 seconds left.
|inactive|yggdrass!l has 5 seconds left.
|-message|yggdrass!l lost due to inactivity.
|
|win|pa!nfully_0rd1n4ry
|raw|pa!nfully_0rd1n4ry's rating: 1417 &rarr; <strong>1436</strong><br />(+19 for winning)
|raw|yggdrass!l's rating: 1393 &rarr; <strong>1374</strong><br />(-19 for losing)
|l|☆pa!nfully_0rd1n4ry
|player|p1|
