|j|☆Oweiner95
|j|☆Charlotte09
|t:|1779670486
|gametype|singles
|player|p1|Oweiner95|2|1648
|player|p2|Charlotte09|lady|1654
|gen|9
|tier|[Gen 9] OU
|rated|
|rule|HP Percentage Mod: HP is shown in percentages
|rule|Endless Battle Clause: Forcing endless battles is banned
|rule|Species Clause: Limit one of each Pokémon
|rule|OHKO Clause: OHKO moves are banned
|rule|Evasion Items Clause: Evasion items are banned
|rule|Evasion Moves Clause: Evasion moves are banned
|rule|Evasion Abilities Clause: Evasion abilities are banned
|rule|Sleep Moves Clause: Sleep-inducing moves are banned
|clearpoke
|poke|p1|Hawlucha, F|
|poke|p1|Samurott-Hisui, M|
|poke|p1|Rillaboom, M|
|poke|p1|Gholdengo|
|poke|p1|Kyurem|
|poke|p1|Landorus-Therian, M|
|poke|p2|Sylveon, F|
|poke|p2|Iron Moth|
|poke|p2|Ogerpon-Wellspring, F|
|poke|p2|Gholdengo|
|poke|p2|Zapdos|
|poke|p2|Primarina, M|
|teampreview
|inactive|Battle timer is ON: inactive players will automatically lose when time's up. (requested by Oweiner95)
|
|t:|1779670505
|teamsize|p1|6
|teamsize|p2|6
|start
|switch|p1a: Landorus|Landorus-Therian, M|100/100
|switch|p2a: Primarina|Primarina, M|100/100
|-ability|p1a: Landorus|Intimidate|boost
|-unboost|p2a: Primarina|atk|1
|turn|1
|
|t:|1779670512
|move|p1a: Landorus|U-turn|p2a: Primarina
|-resisted|p2a: Primarina
|-damage|p2a: Primarina|88/100
|
|t:|1779670515
|switch|p1a: Rillaboom|Rillaboom, M|100/100|[from] U-turn
|-fieldstart|move: Grassy Terrain|[from] ability: Grassy Surge|[of] p1a: Rillaboom
|move|p2a: Primarina|Psychic Noise|p1a: Rillaboom
|-resisted|p1a: Rillaboom
|-damage|p1a: Rillaboom|77/100
|-start|p1a: Rillaboom|move: Heal Block
|
|-heal|p2a: Primarina|94/100|[from] Grassy Terrain
|upkeep
|turn|2
|
|t:|1779670525
|switch|p2a: Zapdos|Zapdos|100/100
|-ability|p2a: Zapdos|Pressure
|move|p1a: Rillaboom|Wood Hammer|p2a: Zapdos
|-resisted|p2a: Zapdos
|-damage|p2a: Zapdos|68/100
|-damage|p1a: Rillaboom|66/100|[from] Recoil
|
|-end|p1a: Rillaboom|move: Heal Block
|upkeep
|turn|3
|
|t:|1779670536
|switch|p1a: Kyurem|Kyurem|100/100
|-ability|p1a: Kyurem|Pressure
|move|p2a: Zapdos|Hurricane|p1a: Kyurem|[miss]
|-miss|p2a: Zapdos|p1a: Kyurem
|
|upkeep
|turn|4
|
|t:|1779670546
|switch|p2a: Primarina|Primarina, M|94/100
|move|p1a: Kyurem|Freeze-Dry|p2a: Primarina
|-supereffective|p2a: Primarina
|-damage|p2a: Primarina|58/100
|
|-heal|p2a: Primarina|64/100|[from] Grassy Terrain
|upkeep
|turn|5
|
|t:|1779670562
|switch|p1a: Gholdengo|Gholdengo|100/100
|move|p2a: Primarina|Flip Turn|p1a: Gholdengo
|-damage|p1a: Gholdengo|83/100
|
|t:|1779670567
|switch|p2a: Iron Moth|Iron Moth|100/100|[from] Flip Turn
|
|-heal|p1a: Gholdengo|89/100|[from] Grassy Terrain
|-fieldend|move: Grassy Terrain
|upkeep
|turn|6
|
|t:|1779670572
|switch|p1a: Samurott|Samurott-Hisui, M|100/100
|move|p2a: Iron Moth|Fiery Dance|p1a: Samurott
|-resisted|p1a: Samurott
|-damage|p1a: Samurott|85/100
|
|upkeep
|turn|7
|
|t:|1779670578
|-end|p2a: Iron Moth|Quark Drive|[silent]
|switch|p2a: Primarina|Primarina, M|64/100
|move|p1a: Samurott|Ceaseless Edge|p2a: Primarina
|-resisted|p2a: Primarina
|-damage|p2a: Primarina|39/100
|-sidestart|p2: Charlotte09|Spikes
|
|upkeep
|turn|8
|
|t:|1779670585
|move|p1a: Samurott|Flip Turn|p2a: Primarina
|-resisted|p2a: Primarina
|-damage|p2a: Primarina|23/100
|
|t:|1779670587
|switch|p1a: Gholdengo|Gholdengo|89/100|[from] Flip Turn
|move|p2a: Primarina|Moonblast|p1a: Gholdengo
|-resisted|p1a: Gholdengo
|-damage|p1a: Gholdengo|60/100
|
|upkeep
|turn|9
|
|t:|1779670595
|move|p1a: Gholdengo|Shadow Ball|p2a: Primarina
|-damage|p2a: Primarina|3/100
|move|p2a: Primarina|Psychic Noise|p1a: Gholdengo
|-damage|p1a: Gholdengo|16/100
|-start|p1a: Gholdengo|move: Heal Block
|
|upkeep
|turn|10
|
|t:|1779670602
|move|p1a: Gholdengo|Shadow Ball|p2a: Primarina
|-damage|p2a: Primarina|0 fnt
|faint|p2a: Primarina
|
|-end|p1a: Gholdengo|move: Heal Block
|upkeep
|
|t:|1779670608
|switch|p2a: Iron Moth|Iron Moth|100/100
|-damage|p2a: Iron Moth|88/100|[from] Spikes
|turn|11
|
|t:|1779670611
|switch|p1a: Samurott|Samurott-Hisui, M|85/100
|move|p2a: Iron Moth|Energy Ball|p1a: Samurott
|-supereffective|p1a: Samurott
|-damage|p1a: Samurott|41/100
|
|upkeep
|turn|12
|
|t:|1779670617
|switch|p1a: Kyurem|Kyurem|100/100
|-ability|p1a: Kyurem|Pressure
|move|p2a: Iron Moth|Energy Ball|p1a: Kyurem
|-resisted|p1a: Kyurem
|-damage|p1a: Kyurem|89/100
|
|upkeep
|turn|13
|
|t:|1779670628
|-end|p2a: Iron Moth|Quark Drive|[silent]
|switch|p2a: Gholdengo|Gholdengo|100/100
|-damage|p2a: Gholdengo|88/100|[from] Spikes
|move|p1a: Kyurem|Earth Power|p2a: Gholdengo
|-supereffective|p2a: Gholdengo
|-damage|p2a: Gholdengo|40/100
|
|-heal|p2a: Gholdengo|46/100|[from] item: Leftovers
|upkeep
|turn|14
|
|t:|1779670641
|-terastallize|p2a: Gholdengo|Fairy
|move|p1a: Kyurem|Earth Power|p2a: Gholdengo
|-damage|p2a: Gholdengo|24/100
|move|p2a: Gholdengo|Recover|p2a: Gholdengo
|-heal|p2a: Gholdengo|74/100
|
|-heal|p2a: Gholdengo|80/100|[from] item: Leftovers
|upkeep
|turn|15
|
|t:|1779670653
|switch|p1a: Landorus|Landorus-Therian, M|100/100
|-ability|p1a: Landorus|Intimidate|boost
|-unboost|p2a: Gholdengo|atk|1
|move|p2a: Gholdengo|Thunder Wave|p1a: Landorus
|-immune|p1a: Landorus
|
|-heal|p2a: Gholdengo|86/100|[from] item: Leftovers
|upkeep
|turn|16
|
|t:|1779670661
|switch|p2a: Zapdos|Zapdos|68/100
|-ability|p2a: Zapdos|Pressure
|move|p1a: Landorus|Stealth Rock|p2a: Zapdos
|-sidestart|p2: Charlotte09|move: Stealth Rock
|
|upkeep
|turn|17
|
|t:|1779670667
|move|p1a: Landorus|Taunt|p2a: Zapdos
|-start|p2a: Zapdos|move: Taunt
|cant|p2a: Zapdos|move: Taunt|Roost
|
|upkeep
|turn|18
|
|t:|1779670671
|move|p1a: Landorus|Earth Power|p2a: Zapdos
|-immune|p2a: Zapdos
|move|p2a: Zapdos|Hurricane|p1a: Landorus
|-damage|p1a: Landorus|52/100
|
|upkeep
|turn|19
|
|t:|1779670677
|switch|p1a: Kyurem|Kyurem|89/100
|-ability|p1a: Kyurem|Pressure
|move|p2a: Zapdos|Hurricane|p1a: Kyurem|[miss]
|-miss|p2a: Zapdos|p1a: Kyurem
|
|-end|p2a: Zapdos|move: Taunt
|upkeep
|turn|20
|j| simplegent
|
|t:|1779670688
|switch|p2a: Gholdengo|Gholdengo, tera:Fairy|86/100
|-damage|p2a: Gholdengo|74/100|[from] Spikes
|-damage|p2a: Gholdengo|61/100|[from] Stealth Rock
|move|p1a: Kyurem|Ice Beam|p2a: Gholdengo
|-damage|p2a: Gholdengo|27/100
|
|-heal|p2a: Gholdengo|33/100|[from] item: Leftovers
|upkeep
|turn|21
|
|t:|1779670697
|move|p1a: Kyurem|Ice Beam|p2a: Gholdengo
|-damage|p2a: Gholdengo|0 fnt
|faint|p2a: Gholdengo
|
|upkeep
|
|t:|1779670704
|switch|p2a: Sylveon|Sylveon, F|100/100
|-damage|p2a: Sylveon|88/100|[from] Spikes
|-damage|p2a: Sylveon|76/100|[from] Stealth Rock
|turn|22
|
|t:|1779670711
|switch|p1a: Gholdengo|Gholdengo|16/100
|move|p2a: Sylveon|Hyper Voice|p1a: Gholdengo
|-resisted|p1a: Gholdengo
|-damage|p1a: Gholdengo|0 fnt
|faint|p1a: Gholdengo
|
|upkeep
|
|t:|1779670713
|switch|p1a: Rillaboom|Rillaboom, M|66/100
|-fieldstart|move: Grassy Terrain|[from] ability: Grassy Surge|[of] p1a: Rillaboom
|turn|23
|
|t:|1779670720
|switch|p2a: Zapdos|Zapdos|68/100
|-ability|p2a: Zapdos|Pressure
|move|p1a: Rillaboom|Knock Off|p2a: Zapdos
|-damage|p2a: Zapdos|44/100
|-enditem|p2a: Zapdos|Heavy-Duty Boots|[from] move: Knock Off|[of] p1a: Rillaboom
|
|-heal|p1a: Rillaboom|72/100|[from] Grassy Terrain
|upkeep
|turn|24
|
|t:|1779670729
|switch|p1a: Kyurem|Kyurem|89/100
|-ability|p1a: Kyurem|Pressure
|move|p2a: Zapdos|Roost|p2a: Zapdos
|-heal|p2a: Zapdos|94/100
|-singleturn|p2a: Zapdos|move: Roost
|
|-heal|p1a: Kyurem|95/100|[from] Grassy Terrain
|-heal|p2a: Zapdos|99/100|[from] Grassy Terrain
|upkeep
|turn|25
|
|t:|1779670738
|move|p1a: Kyurem|Ice Beam|p2a: Zapdos
|-supereffective|p2a: Zapdos
|-damage|p2a: Zapdos|3/100
|move|p2a: Zapdos|Hurricane|p1a: Kyurem|[miss]
|-miss|p2a: Zapdos|p1a: Kyurem
|
|-heal|p1a: Kyurem|100/100|[from] Grassy Terrain
|upkeep
|turn|26
|
|t:|1779670745
|move|p1a: Kyurem|Freeze-Dry|p2a: Zapdos
|-supereffective|p2a: Zapdos
|-damage|p2a: Zapdos|0 fnt
|faint|p2a: Zapdos
|
|upkeep
|
|t:|1779670749
|switch|p2a: Sylveon|Sylveon, F|76/100
|-damage|p2a: Sylveon|63/100|[from] Spikes
|-damage|p2a: Sylveon|51/100|[from] Stealth Rock
|turn|27
|
|t:|1779670755
|switch|p1a: Landorus|Landorus-Therian, M|52/100
|-ability|p1a: Landorus|Intimidate|boost
|-unboost|p2a: Sylveon|atk|1
|move|p2a: Sylveon|Draining Kiss|p1a: Landorus
|-damage|p1a: Landorus|13/100
|-heal|p2a: Sylveon|85/100|[from] drain|[of] p1a: Landorus
|-damage|p2a: Sylveon|68/100|[from] item: Rocky Helmet|[of] p1a: Landorus
|
|-heal|p2a: Sylveon|74/100|[from] Grassy Terrain
|-fieldend|move: Grassy Terrain
|upkeep
|turn|28
|
|t:|1779670764
|move|p1a: Landorus|Earth Power|p2a: Sylveon
|-damage|p2a: Sylveon|50/100
|-unboost|p2a: Sylveon|spd|1
|move|p2a: Sylveon|Draining Kiss|p1a: Landorus
|-damage|p1a: Landorus|0 fnt
|-heal|p2a: Sylveon|60/100|[from] drain|[of] p1a: Landorus
|-damage|p2a: Sylveon|44/100|[from] item: Rocky Helmet|[of] p1a: Landorus
|faint|p1a: Landorus
|
|upkeep
|
|t:|1779670770
|switch|p1a: Kyurem|Kyurem|100/100
|-ability|p1a: Kyurem|Pressure
|turn|29
|
|t:|1779670776
|move|p1a: Kyurem|Ice Beam|p2a: Sylveon
|-crit|p2a: Sylveon
|-damage|p2a: Sylveon|0 fnt
|faint|p2a: Sylveon
|
|upkeep
|
|t:|1779670781
|switch|p2a: Iron Moth|Iron Moth|88/100
|-damage|p2a: Iron Moth|76/100|[from] Spikes
|-damage|p2a: Iron Moth|51/100|[from] Stealth Rock
|turn|30
|
|t:|1779670786
|move|p2a: Iron Moth|Fiery Dance|p1a: Kyurem
|-damage|p1a: Kyurem|71/100
|-boost|p2a: Iron Moth|spa|1
|move|p1a: Kyurem|Earth Power|p2a: Iron Moth
|-supereffective|p2a: Iron Moth
|-damage|p2a: Iron Moth|0 fnt
|faint|p2a: Iron Moth
|-end|p2a: Iron Moth|Quark Drive|[silent]
|
|upkeep
|-message|Charlotte09 forfeited.
|
|win|Oweiner95
|raw|Oweiner95's rating: 1648 &rarr; <strong>1668</strong><br />(+20 for winning)
|raw|Charlotte09's rating: 1654 &rarr; <strong>1634</strong><br />(-20 for losing)
|c|☆Oweiner95|gg
|l|☆Charlotte09
|player|p2|
|l|☆Oweiner95
|player|p1|
