|j|☆OscarGamble
|j|☆wassou21
|t:|1779657455
|gametype|singles
|player|p1|OscarGamble|170|1539
|player|p2|wassou21|red|1504
|gen|9
|tier|[Gen 9] OU
|rated|
|rule|HP Percentage Mod: HP is shown in percentages
|rule|Endless Battle Clause: Forcing endless battles is banned
|rule|Species Clause: Limit one of each Pokémon
|rule|OHKO Clause: OHKO moves are banned
|rule|Evasion Items Clause: Evasion items are banned
|rule|Evasion Moves Clause: Evasion moves are banned
|rule|Evasion Abilities Clause: Evasion abilities are banned
|rule|Sleep Moves Clause: Sleep-inducing moves are banned
|clearpoke
|poke|p1|Araquanid, M|
|poke|p1|Gholdengo|
|poke|p1|Raging Bolt|
|poke|p1|Dragonite, M|
|poke|p1|Zamazenta-*|
|poke|p1|Ogerpon-Cornerstone, F|
|poke|p2|Araquanid, F|
|poke|p2|Cinderace, M|
|poke|p2|Serperior, F|
|poke|p2|Comfey, F|
|poke|p2|Dragapult, F|
|poke|p2|Bisharp, M|
|teampreview
|inactive|Battle timer is ON: inactive players will automatically lose when time's up. (requested by OscarGamble)
|
|t:|1779657466
|teamsize|p1|6
|teamsize|p2|6
|start
|switch|p1a: Dragonite|Dragonite, M|100/100
|switch|p2a: Araquanid|Araquanid, F|100/100
|turn|1
|
|t:|1779657479
|move|p1a: Dragonite|Dragon Dance|p1a: Dragonite
|-boost|p1a: Dragonite|atk|1
|-boost|p1a: Dragonite|spe|1
|move|p2a: Araquanid|Surf|p1a: Dragonite
|-resisted|p1a: Dragonite
|-damage|p1a: Dragonite|86/100
|
|upkeep
|turn|2
|
|t:|1779657500
|switch|p2a: Comfey|Comfey, F|100/100
|move|p1a: Dragonite|Encore||[still]
|-fail|p1a: Dragonite
|
|upkeep
|turn|3
|inactive|OscarGamble has 120 seconds left.
|
|t:|1779657529
|switch|p1a: Araquanid|Araquanid, M, shiny|100/100
|move|p2a: Comfey|Draining Kiss|p1a: Araquanid
|-damage|p1a: Araquanid|86/100
|
|upkeep
|turn|4
|inactive|OscarGamble has 120 seconds left.
|
|t:|1779657540
|move|p2a: Comfey|Leech Seed|p1a: Araquanid|[miss]
|-miss|p2a: Comfey|p1a: Araquanid
|move|p1a: Araquanid|Surf|p2a: Comfey
|-damage|p2a: Comfey|64/100
|
|-heal|p2a: Comfey|69/100|[from] item: Leftovers
|upkeep
|turn|5
|
|t:|1779657549
|switch|p1a: Ogerpon|Ogerpon-Cornerstone, F|100/100
|move|p2a: Comfey|Calm Mind|p2a: Comfey
|-boost|p2a: Comfey|spa|1
|-boost|p2a: Comfey|spd|1
|
|-heal|p2a: Comfey|75/100|[from] item: Leftovers
|upkeep
|turn|6
|
|t:|1779657557
|move|p2a: Comfey|Draining Kiss|p1a: Ogerpon
|-damage|p1a: Ogerpon|65/100
|-heal|p2a: Comfey|100/100|[from] drain|[of] p1a: Ogerpon
|move|p1a: Ogerpon|Ivy Cudgel|p2a: Comfey|[anim] Ivy Cudgel Rock
|-damage|p2a: Comfey|15/100
|
|-heal|p2a: Comfey|21/100|[from] item: Leftovers
|upkeep
|turn|7
|
|t:|1779657567
|move|p2a: Comfey|Draining Kiss|p1a: Ogerpon
|-damage|p1a: Ogerpon|25/100
|-heal|p2a: Comfey|51/100|[from] drain|[of] p1a: Ogerpon
|move|p1a: Ogerpon|Ivy Cudgel|p2a: Comfey|[anim] Ivy Cudgel Rock
|-damage|p2a: Comfey|0 fnt
|faint|p2a: Comfey
|
|upkeep
|
|t:|1779657575
|switch|p2a: Serperior|Serperior, F|100/100
|turn|8
|
|t:|1779657594
|move|p2a: Serperior|Leaf Storm|p1a: Ogerpon
|-damage|p1a: Ogerpon|0 fnt
|-boost|p2a: Serperior|spa|2
|faint|p1a: Ogerpon
|
|upkeep
|
|t:|1779657597
|switch|p1a: Raging Bolt|Raging Bolt|100/100
|-enditem|p1a: Raging Bolt|Booster Energy
|-activate|p1a: Raging Bolt|ability: Protosynthesis|[fromitem]
|-start|p1a: Raging Bolt|protosynthesisspa
|turn|9
|
|t:|1779657606
|move|p2a: Serperior|Dragon Pulse|p1a: Raging Bolt
|-supereffective|p1a: Raging Bolt
|-damage|p1a: Raging Bolt|17/100
|move|p1a: Raging Bolt|Calm Mind|p1a: Raging Bolt
|-boost|p1a: Raging Bolt|spa|1
|-boost|p1a: Raging Bolt|spd|1
|
|upkeep
|turn|10
|
|t:|1779657613
|-terastallize|p1a: Raging Bolt|Fairy
|move|p2a: Serperior|Dragon Pulse|p1a: Raging Bolt
|-immune|p1a: Raging Bolt
|move|p1a: Raging Bolt|Dragon Pulse|p2a: Serperior
|-damage|p2a: Serperior|0 fnt
|faint|p2a: Serperior
|
|upkeep
|
|t:|1779657624
|switch|p2a: Bisharp|Bisharp, M|100/100
|turn|11
|
|t:|1779657633
|move|p1a: Raging Bolt|Thunderclap||[still]
|-fail|p1a: Raging Bolt
|move|p2a: Bisharp|Swords Dance|p2a: Bisharp
|-boost|p2a: Bisharp|atk|2
|
|upkeep
|turn|12
|
|t:|1779657641
|move|p1a: Raging Bolt|Thunderclap||[still]
|-fail|p1a: Raging Bolt
|move|p2a: Bisharp|Swords Dance|p2a: Bisharp
|-boost|p2a: Bisharp|atk|2
|
|upkeep
|turn|13
|
|t:|1779657647
|move|p1a: Raging Bolt|Thunderclap|p2a: Bisharp
|-damage|p2a: Bisharp|14/100
|move|p2a: Bisharp|Iron Head|p1a: Raging Bolt
|-supereffective|p1a: Raging Bolt
|-damage|p1a: Raging Bolt|0 fnt
|faint|p1a: Raging Bolt
|-end|p1a: Raging Bolt|Protosynthesis|[silent]
|
|upkeep
|
|t:|1779657660
|switch|p1a: Dragonite|Dragonite, M|86/100
|turn|14
|
|t:|1779657666
|move|p1a: Dragonite|Extreme Speed|p2a: Bisharp
|-resisted|p2a: Bisharp
|-damage|p2a: Bisharp|4/100
|move|p2a: Bisharp|Throat Chop|p1a: Dragonite
|-damage|p1a: Dragonite|0 fnt
|faint|p1a: Dragonite
|
|upkeep
|
|t:|1779657674
|switch|p1a: Zamazenta|Zamazenta|100/100
|-ability|p1a: Zamazenta|Dauntless Shield|boost
|-boost|p1a: Zamazenta|def|1
|turn|15
|
|t:|1779657679
|move|p2a: Bisharp|Sucker Punch|p1a: Zamazenta
|-resisted|p1a: Zamazenta
|-damage|p1a: Zamazenta|70/100
|move|p1a: Zamazenta|Close Combat|p2a: Bisharp
|-supereffective|p2a: Bisharp
|-damage|p2a: Bisharp|0 fnt
|-unboost|p1a: Zamazenta|def|1
|-unboost|p1a: Zamazenta|spd|1
|faint|p2a: Bisharp
|
|upkeep
|
|t:|1779657696
|switch|p2a: Araquanid|Araquanid, F|100/100
|turn|16
|
|t:|1779657705
|switch|p1a: Araquanid|Araquanid, M, shiny|86/100
|move|p2a: Araquanid|Surf|p1a: Araquanid
|-resisted|p1a: Araquanid
|-damage|p1a: Araquanid|67/100
|
|upkeep
|turn|17
|
|t:|1779657733
|move|p2a: Araquanid|Sticky Web|p1a: Araquanid
|-sidestart|p1: OscarGamble|move: Sticky Web
|move|p1a: Araquanid|Surf|p2a: Araquanid
|-resisted|p2a: Araquanid
|-damage|p2a: Araquanid|86/100
|
|upkeep
|turn|18
|
|t:|1779657739
|move|p2a: Araquanid|Surf|p1a: Araquanid
|-resisted|p1a: Araquanid
|-damage|p1a: Araquanid|48/100
|move|p1a: Araquanid|Sticky Web|p2a: Araquanid
|-sidestart|p2: wassou21|move: Sticky Web
|
|upkeep
|turn|19
|
|t:|1779657744
|move|p2a: Araquanid|Surf|p1a: Araquanid
|-resisted|p1a: Araquanid
|-damage|p1a: Araquanid|31/100
|move|p1a: Araquanid|Endeavor|p2a: Araquanid
|-damage|p2a: Araquanid|31/100
|
|upkeep
|turn|20
|
|t:|1779657755
|move|p2a: Araquanid|Surf|p1a: Araquanid
|-resisted|p1a: Araquanid
|-damage|p1a: Araquanid|13/100
|move|p1a: Araquanid|Lunge|p2a: Araquanid
|-damage|p2a: Araquanid|11/100
|-unboost|p2a: Araquanid|atk|1
|
|upkeep
|turn|21
|-enditem|p1a: Araquanid|Custap Berry|[eat]
|-activate|p1a: Araquanid|item: Custap Berry|[consumed]
|
|t:|1779657772
|switch|p2a: Dragapult|Dragapult, F|100/100
|-activate|p2a: Dragapult|move: Sticky Web
|-fail|p2a: Dragapult|unboost|[from] ability: Clear Body|[of] p2a: Dragapult
|move|p1a: Araquanid|Lunge|p2a: Dragapult
|-resisted|p2a: Dragapult
|-damage|p2a: Dragapult|87/100
|
|upkeep
|turn|22
|inactive|OscarGamble has 120 seconds left.
|
|t:|1779657807
|move|p2a: Dragapult|Thunderbolt|p1a: Araquanid
|-supereffective|p1a: Araquanid
|-damage|p1a: Araquanid|0 fnt
|faint|p1a: Araquanid
|-damage|p2a: Dragapult|77/100|[from] item: Life Orb
|
|upkeep
|
|t:|1779657812
|switch|p1a: Gholdengo|Gholdengo, shiny|100/100
|-item|p1a: Gholdengo|Air Balloon
|turn|23
|
|t:|1779657823
|-terastallize|p2a: Dragapult|Fire
|move|p2a: Dragapult|Flamethrower|p1a: Gholdengo
|-supereffective|p1a: Gholdengo
|-damage|p1a: Gholdengo|0 fnt
|-enditem|p1a: Gholdengo|Air Balloon
|faint|p1a: Gholdengo
|-damage|p2a: Dragapult|67/100|[from] item: Life Orb
|
|upkeep
|
|t:|1779657831
|switch|p1a: Zamazenta|Zamazenta|70/100
|turn|24
|
|t:|1779657854
|move|p2a: Dragapult|Flamethrower|p1a: Zamazenta
|-damage|p1a: Zamazenta|26/100
|-damage|p2a: Dragapult|57/100|[from] item: Life Orb
|move|p1a: Zamazenta|Close Combat|p2a: Dragapult
|-damage|p2a: Dragapult|0 fnt
|-unboost|p1a: Zamazenta|def|1
|-unboost|p1a: Zamazenta|spd|1
|faint|p2a: Dragapult
|
|upkeep
|
|t:|1779657866
|switch|p2a: Araquanid|Araquanid, F|11/100
|-activate|p2a: Araquanid|move: Sticky Web
|-unboost|p2a: Araquanid|spe|1
|turn|25
|-enditem|p2a: Araquanid|Custap Berry|[eat]
|-activate|p2a: Araquanid|item: Custap Berry|[consumed]
|
|t:|1779657871
|move|p2a: Araquanid|Surf|p1a: Zamazenta
|-damage|p1a: Zamazenta|0 fnt
|faint|p1a: Zamazenta
|
|win|wassou21
|raw|OscarGamble's rating: 1539 &rarr; <strong>1517</strong><br />(-22 for losing)
|raw|wassou21's rating: 1504 &rarr; <strong>1526</strong><br />(+22 for winning)
|c|☆wassou21|gg
|l|☆wassou21
|player|p2|
|l|☆OscarGamble
|player|p1|
