|j|☆smashbros87878
|j|☆The Name Change
|t:|1779687010
|gametype|singles
|player|p1|smashbros87878|marley|1427
|player|p2|The Name Change|lusamine-nihilego|1473
|gen|9
|tier|[Gen 9] OU
|rated|
|rule|HP Percentage Mod: HP is shown in percentages
|rule|Endless Battle Clause: Forcing endless battles is banned
|rule|Species Clause: Limit one of each Pokémon
|rule|OHKO Clause: OHKO moves are banned
|rule|Evasion Items Clause: Evasion items are banned
|rule|Evasion Moves Clause: Evasion moves are banned
|rule|Evasion Abilities Clause: Evasion abilities are banned
|rule|Sleep Moves Clause: Sleep-inducing moves are banned
|clearpoke
|poke|p1|Kingambit, M|
|poke|p1|Kommo-o, F|
|poke|p1|Iron Valiant|
|poke|p1|Kyurem|
|poke|p1|Iron Treads|
|poke|p1|Dragonite, F|
|poke|p2|Pelipper, M|
|poke|p2|Raging Bolt|
|poke|p2|Overqwil, M|
|poke|p2|Barraskewda, F|
|poke|p2|Iron Treads|
|poke|p2|Kingambit, M|
|teampreview
|inactive|Battle timer is ON: inactive players will automatically lose when time's up. (requested by smashbros87878)
|c|☆smashbros87878|glhf
|inactive|smashbros87878 has 120 seconds left.
|inactive|The Name Change has 120 seconds left.
|
|t:|1779687052
|teamsize|p1|6
|teamsize|p2|6
|start
|switch|p1a: Dragonite|Dragonite, F|100/100
|switch|p2a: Pelipper|Pelipper, M|100/100
|-weather|RainDance|[from] ability: Drizzle|[of] p2a: Pelipper
|turn|1
|
|t:|1779687056
|move|p1a: Dragonite|Dragon Dance|p1a: Dragonite
|-boost|p1a: Dragonite|atk|1
|-boost|p1a: Dragonite|spe|1
|move|p2a: Pelipper|U-turn|p1a: Dragonite
|-resisted|p1a: Dragonite
|-damage|p1a: Dragonite|98/100
|
|t:|1779687074
|switch|p2a: Raging Bolt|Raging Bolt|100/100|[from] U-turn
|-enditem|p2a: Raging Bolt|Booster Energy
|-activate|p2a: Raging Bolt|ability: Protosynthesis|[fromitem]
|-start|p2a: Raging Bolt|protosynthesisspa
|
|-weather|RainDance|[upkeep]
|upkeep
|turn|2
|
|t:|1779687089
|-terastallize|p2a: Raging Bolt|Fairy
|move|p1a: Dragonite|Earthquake|p2a: Raging Bolt
|-damage|p2a: Raging Bolt|50/100
|move|p2a: Raging Bolt|Draco Meteor|p1a: Dragonite
|-supereffective|p1a: Dragonite
|-damage|p1a: Dragonite|0 fnt
|-unboost|p2a: Raging Bolt|spa|2
|faint|p1a: Dragonite
|
|-weather|RainDance|[upkeep]
|upkeep
|
|t:|1779687095
|switch|p1a: Kommo-o|Kommo-o, F|100/100
|turn|3
|
|t:|1779687113
|-terastallize|p1a: Kommo-o|Ghost
|move|p1a: Kommo-o|Belly Drum|p1a: Kommo-o
|-damage|p1a: Kommo-o|50/100
|-setboost|p1a: Kommo-o|atk|6|[from] move: Belly Drum
|move|p2a: Raging Bolt|Draco Meteor|p1a: Kommo-o
|-damage|p1a: Kommo-o|4/100
|-unboost|p2a: Raging Bolt|spa|2
|
|-weather|RainDance|[upkeep]
|-heal|p1a: Kommo-o|10/100|[from] item: Leftovers
|upkeep
|turn|4
|
|t:|1779687121
|move|p2a: Raging Bolt|Thunderclap||[still]
|-fail|p2a: Raging Bolt
|move|p1a: Kommo-o|Substitute|p1a: Kommo-o
|-fail|p1a: Kommo-o|move: Substitute|[weak]
|
|-weather|RainDance|[upkeep]
|-heal|p1a: Kommo-o|16/100|[from] item: Leftovers
|upkeep
|turn|5
|
|t:|1779687139
|-end|p2a: Raging Bolt|Protosynthesis|[silent]
|switch|p2a: Iron Treads|Iron Treads|100/100
|-enditem|p2a: Iron Treads|Booster Energy
|-activate|p2a: Iron Treads|ability: Quark Drive|[fromitem]
|-start|p2a: Iron Treads|quarkdrivespe
|move|p1a: Kommo-o|Substitute|p1a: Kommo-o
|-fail|p1a: Kommo-o|move: Substitute|[weak]
|
|-weather|RainDance|[upkeep]
|-heal|p1a: Kommo-o|22/100|[from] item: Leftovers
|upkeep
|turn|6
|
|t:|1779687144
|move|p2a: Iron Treads|Earth Power|p1a: Kommo-o
|-damage|p1a: Kommo-o|0 fnt
|faint|p1a: Kommo-o
|
|-weather|RainDance|[upkeep]
|upkeep
|
|t:|1779687151
|switch|p1a: Kyurem|Kyurem|100/100
|-ability|p1a: Kyurem|Pressure
|turn|7
|
|t:|1779687154
|switch|p1a: Iron Treads|Iron Treads|100/100
|-enditem|p1a: Iron Treads|Booster Energy
|-activate|p1a: Iron Treads|ability: Quark Drive|[fromitem]
|-start|p1a: Iron Treads|quarkdrivespe
|move|p2a: Iron Treads|Steel Beam|p1a: Iron Treads
|-resisted|p1a: Iron Treads
|-damage|p1a: Iron Treads|70/100
|-damage|p2a: Iron Treads|50/100|[from] steelbeam
|
|-weather|RainDance|[upkeep]
|upkeep
|turn|8
|
|t:|1779687163
|move|p1a: Iron Treads|Earthquake|p2a: Iron Treads
|-supereffective|p2a: Iron Treads
|-damage|p2a: Iron Treads|0 fnt
|faint|p2a: Iron Treads
|-end|p2a: Iron Treads|Quark Drive|[silent]
|
|-weather|none
|upkeep
|
|t:|1779687167
|switch|p2a: Pelipper|Pelipper, M|100/100
|-weather|RainDance|[from] ability: Drizzle|[of] p2a: Pelipper
|turn|9
|
|t:|1779687173
|move|p1a: Iron Treads|Stealth Rock|p2a: Pelipper
|-sidestart|p2: The Name Change|move: Stealth Rock
|move|p2a: Pelipper|U-turn|p1a: Iron Treads
|-resisted|p1a: Iron Treads
|-damage|p1a: Iron Treads|67/100
|
|t:|1779687183
|switch|p2a: Overqwil|Overqwil, M|100/100|[from] U-turn
|-damage|p2a: Overqwil|88/100|[from] Stealth Rock
|
|-weather|RainDance|[upkeep]
|upkeep
|turn|10
|
|t:|1779687187
|move|p2a: Overqwil|Liquidation|p1a: Iron Treads
|-supereffective|p1a: Iron Treads
|-damage|p1a: Iron Treads|0 fnt
|faint|p1a: Iron Treads
|-end|p1a: Iron Treads|Quark Drive|[silent]
|-damage|p2a: Overqwil|78/100|[from] item: Life Orb
|
|-weather|RainDance|[upkeep]
|upkeep
|
|t:|1779687193
|switch|p1a: Kyurem|Kyurem|100/100
|-ability|p1a: Kyurem|Pressure
|turn|11
|
|t:|1779687197
|move|p2a: Overqwil|Gunk Shot|p1a: Kyurem
|-damage|p1a: Kyurem|28/100
|-damage|p2a: Overqwil|69/100|[from] item: Life Orb
|move|p1a: Kyurem|Earth Power|p2a: Overqwil
|-supereffective|p2a: Overqwil
|-damage|p2a: Overqwil|0 fnt
|faint|p2a: Overqwil
|
|-weather|RainDance|[upkeep]
|upkeep
|
|t:|1779687205
|switch|p2a: Barraskewda|Barraskewda, F|100/100
|-damage|p2a: Barraskewda|88/100|[from] Stealth Rock
|turn|12
|
|t:|1779687214
|move|p2a: Barraskewda|Liquidation|p1a: Kyurem
|-resisted|p1a: Kyurem
|-damage|p1a: Kyurem|0 fnt
|faint|p1a: Kyurem
|
|-weather|RainDance|[upkeep]
|upkeep
|
|t:|1779687224
|switch|p1a: Kingambit|Kingambit, M|100/100
|-activate|p1a: Kingambit|ability: Supreme Overlord
|-start|p1a: Kingambit|fallen4|[silent]
|turn|13
|
|t:|1779687233
|move|p2a: Barraskewda|Liquidation|p1a: Kingambit
|-damage|p1a: Kingambit|13/100
|move|p1a: Kingambit|Swords Dance|p1a: Kingambit
|-boost|p1a: Kingambit|atk|2
|
|-weather|RainDance|[upkeep]
|-heal|p1a: Kingambit|20/100|[from] item: Leftovers
|upkeep
|turn|14
|
|t:|1779687240
|switch|p2a: Pelipper|Pelipper, M|100/100
|-damage|p2a: Pelipper|76/100|[from] Stealth Rock
|move|p1a: Kingambit|Sucker Punch||[still]
|-fail|p1a: Kingambit
|
|-weather|RainDance|[upkeep]
|-heal|p1a: Kingambit|26/100|[from] item: Leftovers
|upkeep
|turn|15
|
|t:|1779687245
|move|p1a: Kingambit|Sucker Punch|p2a: Pelipper
|-damage|p2a: Pelipper|0 fnt
|faint|p2a: Pelipper
|
|-weather|RainDance|[upkeep]
|-heal|p1a: Kingambit|32/100|[from] item: Leftovers
|upkeep
|
|t:|1779687247
|switch|p2a: Barraskewda|Barraskewda, F|88/100
|-damage|p2a: Barraskewda|75/100|[from] Stealth Rock
|turn|16
|
|t:|1779687252
|move|p2a: Barraskewda|Aqua Jet|p1a: Kingambit
|-damage|p1a: Kingambit|0 fnt
|faint|p1a: Kingambit
|-end|p1a: Kingambit|fallen4|[silent]
|
|-weather|none
|upkeep
|
|t:|1779687254
|switch|p1a: Iron Valiant|Iron Valiant|100/100
|-enditem|p1a: Iron Valiant|Booster Energy
|-activate|p1a: Iron Valiant|ability: Quark Drive|[fromitem]
|-start|p1a: Iron Valiant|quarkdrivespe
|turn|17
|
|t:|1779687258
|move|p2a: Barraskewda|Aqua Jet|p1a: Iron Valiant
|-damage|p1a: Iron Valiant|60/100
|move|p1a: Iron Valiant|Calm Mind|p1a: Iron Valiant
|-boost|p1a: Iron Valiant|spa|1
|-boost|p1a: Iron Valiant|spd|1
|
|upkeep
|turn|18
|
|t:|1779687262
|move|p2a: Barraskewda|Aqua Jet|p1a: Iron Valiant
|-crit|p1a: Iron Valiant
|-damage|p1a: Iron Valiant|0 fnt
|faint|p1a: Iron Valiant
|-end|p1a: Iron Valiant|Quark Drive|[silent]
|
|win|The Name Change
|raw|smashbros87878's rating: 1427 &rarr; <strong>1410</strong><br />(-17 for losing)
|raw|The Name Change's rating: 1482 &rarr; <strong>1499</strong><br />(+17 for winning)
|l|☆smashbros87878
|player|p1|
|l|☆The Name Change
|player|p2|
