|j|☆komisan777
|j|☆SgtBrick14
|t:|1779563752
|gametype|singles
|player|p1|komisan777|dawn|1460
|player|p2|SgtBrick14|pokemonranger|1465
|gen|9
|tier|[Gen 9] OU
|rated|
|rule|HP Percentage Mod: HP is shown in percentages
|rule|Endless Battle Clause: Forcing endless battles is banned
|rule|Species Clause: Limit one of each Pokémon
|rule|OHKO Clause: OHKO moves are banned
|rule|Evasion Items Clause: Evasion items are banned
|rule|Evasion Moves Clause: Evasion moves are banned
|rule|Evasion Abilities Clause: Evasion abilities are banned
|rule|Sleep Moves Clause: Sleep-inducing moves are banned
|clearpoke
|poke|p1|Great Tusk|
|poke|p1|Braviary-Hisui, M|
|poke|p1|Darkrai|
|poke|p1|Dragapult, M|
|poke|p1|Kingambit, M|
|poke|p1|Dragonite, M|
|poke|p2|Lucario, F|
|poke|p2|Greninja-*, M|
|poke|p2|Pelipper, M|
|poke|p2|Gengar, M|
|poke|p2|Cloyster, M|
|poke|p2|Froslass, F|
|teampreview
|
|t:|1779563769
|teamsize|p1|6
|teamsize|p2|6
|start
|switch|p1a: Cosmic Owl|Braviary-Hisui, M|100/100
|switch|p2a: Froslass|Froslass, F|100/100
|turn|1
|
|t:|1779563772
|move|p2a: Froslass|Thunder Wave|p1a: Cosmic Owl
|-status|p1a: Cosmic Owl|par
|move|p1a: Cosmic Owl|Esper Wing|p2a: Froslass
|-damage|p2a: Froslass|19/100
|-boost|p1a: Cosmic Owl|spe|1
|
|upkeep
|turn|2
|
|t:|1779563785
|move|p2a: Froslass|Spikes|p1a: Cosmic Owl
|-sidestart|p1: komisan777|Spikes
|move|p1a: Cosmic Owl|Esper Wing|p2a: Froslass
|-damage|p2a: Froslass|0 fnt
|-boost|p1a: Cosmic Owl|spe|1
|faint|p2a: Froslass
|
|upkeep
|
|t:|1779563792
|switch|p2a: Gengar|Gengar, M|100/100
|turn|3
|
|t:|1779563806
|move|p2a: Gengar|Shadow Ball|p1a: Cosmic Owl
|-supereffective|p1a: Cosmic Owl
|-crit|p1a: Cosmic Owl
|-damage|p1a: Cosmic Owl|0 fnt
|faint|p1a: Cosmic Owl
|
|upkeep
|
|t:|1779563812
|switch|p1a: Yagami|Darkrai, shiny|100/100
|-damage|p1a: Yagami|88/100|[from] Spikes
|turn|4
|
|t:|1779563818
|move|p1a: Yagami|Dark Pulse|p2a: Gengar
|-supereffective|p2a: Gengar
|-enditem|p2a: Gengar|Focus Sash
|-damage|p2a: Gengar|1/100
|-start|p1a: Yagami|Disable|Dark Pulse|[from] ability: Cursed Body|[of] p2a: Gengar
|move|p2a: Gengar|Sludge Wave|p1a: Yagami
|-damage|p1a: Yagami|3/100
|
|upkeep
|turn|5
|
|t:|1779563822
|move|p1a: Yagami|Knock Off|p2a: Gengar
|-supereffective|p2a: Gengar
|-damage|p2a: Gengar|0 fnt
|faint|p2a: Gengar
|
|upkeep
|
|t:|1779563834
|switch|p2a: Cloyster|Cloyster, M|100/100
|turn|6
|
|t:|1779563865
|move|p2a: Cloyster|Ice Shard|p1a: Yagami
|-damage|p1a: Yagami|0 fnt
|faint|p1a: Yagami
|
|upkeep
|
|t:|1779563870
|switch|p1a: Overgod|Kingambit, M, shiny|100/100
|-activate|p1a: Overgod|ability: Supreme Overlord
|-start|p1a: Overgod|fallen2|[silent]
|-item|p1a: Overgod|Air Balloon
|turn|7
|
|t:|1779563882
|switch|p2a: Pelipper|Pelipper, M|100/100
|-weather|RainDance|[from] ability: Drizzle|[of] p2a: Pelipper
|move|p1a: Overgod|Swords Dance|p1a: Overgod
|-boost|p1a: Overgod|atk|2
|
|-weather|RainDance|[upkeep]
|upkeep
|turn|8
|
|t:|1779563893
|move|p1a: Overgod|Iron Head|p2a: Pelipper
|-resisted|p2a: Pelipper
|-damage|p2a: Pelipper|42/100
|move|p2a: Pelipper|Weather Ball|p1a: Overgod
|-damage|p1a: Overgod|27/100
|-enditem|p1a: Overgod|Air Balloon
|
|-weather|RainDance|[upkeep]
|upkeep
|turn|9
|
|t:|1779563898
|move|p1a: Overgod|Sucker Punch|p2a: Pelipper
|-crit|p2a: Pelipper
|-damage|p2a: Pelipper|0 fnt
|faint|p2a: Pelipper
|
|-weather|RainDance|[upkeep]
|upkeep
|
|t:|1779563900
|switch|p2a: Greninja|Greninja, M|100/100
|turn|10
|
|t:|1779563904
|move|p2a: Greninja|Water Shuriken|p1a: Overgod
|-damage|p1a: Overgod|14/100
|-damage|p1a: Overgod|1/100
|-damage|p1a: Overgod|0 fnt
|faint|p1a: Overgod
|-end|p1a: Overgod|fallen2|[silent]
|-ability|p2a: Greninja|Battle Bond|boost
|-boost|p2a: Greninja|atk|1
|-boost|p2a: Greninja|spa|1
|-boost|p2a: Greninja|spe|1
|-activate|p2a: Greninja|ability: Battle Bond
|-hitcount|p1: Overgod|3
|
|-weather|RainDance|[upkeep]
|upkeep
|
|t:|1779563913
|switch|p1a: Leviathan|Dragapult, M, shiny|100/100
|-damage|p1a: Leviathan|88/100|[from] Spikes
|turn|11
|
|t:|1779563917
|move|p2a: Greninja|Dark Pulse|p1a: Leviathan
|-supereffective|p1a: Leviathan
|-damage|p1a: Leviathan|0 fnt
|faint|p1a: Leviathan
|
|-weather|RainDance|[upkeep]
|upkeep
|
|t:|1779563923
|switch|p1a: Tyrant|Dragonite, M, shiny|100/100
|turn|12
|
|t:|1779563926
|move|p2a: Greninja|Ice Beam|p1a: Tyrant
|-supereffective|p1a: Tyrant
|-damage|p1a: Tyrant|9/100
|move|p1a: Tyrant|Scale Shot|p2a: Greninja|[miss]
|-miss|p1a: Tyrant|p2a: Greninja
|
|-weather|RainDance|[upkeep]
|upkeep
|turn|13
|-message|komisan777 forfeited.
|
|win|SgtBrick14
|raw|komisan777's rating: 1460 &rarr; <strong>1440</strong><br />(-20 for losing)
|raw|SgtBrick14's rating: 1465 &rarr; <strong>1485</strong><br />(+20 for winning)
|l|☆komisan777
|player|p1|
|l|☆SgtBrick14
|player|p2|
