|j|☆noob1877
|j|☆lolcano46
|t:|1779657395
|gametype|singles
|player|p1|noob1877|169|1664
|player|p2|lolcano46|fisherman-gen4|1646
|gen|9
|tier|[Gen 9] OU
|rated|
|rule|HP Percentage Mod: HP is shown in percentages
|rule|Endless Battle Clause: Forcing endless battles is banned
|rule|Species Clause: Limit one of each Pokémon
|rule|OHKO Clause: OHKO moves are banned
|rule|Evasion Items Clause: Evasion items are banned
|rule|Evasion Moves Clause: Evasion moves are banned
|rule|Evasion Abilities Clause: Evasion abilities are banned
|rule|Sleep Moves Clause: Sleep-inducing moves are banned
|clearpoke
|poke|p1|Kyurem|
|poke|p1|Gliscor, M|
|poke|p1|Raging Bolt|
|poke|p1|Garganacl, M|
|poke|p1|Hatterene, F|
|poke|p1|Zamazenta-*|
|poke|p2|Azelf|
|poke|p2|Ogerpon-Wellspring, F|
|poke|p2|Scizor, F|
|poke|p2|Gengar, M|
|poke|p2|Raging Bolt|
|poke|p2|Cinderace, M|
|teampreview
|inactive|Battle timer is ON: inactive players will automatically lose when time's up. (requested by lolcano46)
|
|t:|1779657403
|teamsize|p1|6
|teamsize|p2|6
|start
|switch|p1a: Garganacl|Garganacl, M|100/100
|switch|p2a: Cinderace|Cinderace, M|100/100
|turn|1
|
|t:|1779657407
|switch|p2a: Gengar|Gengar, M|100/100
|move|p1a: Garganacl|Protect||[still]
|-fail|p1a: Garganacl
|
|upkeep
|turn|2
|j| DenseColor
|
|t:|1779657411
|switch|p2a: Raging Bolt|Raging Bolt|100/100
|-enditem|p2a: Raging Bolt|Booster Energy
|-activate|p2a: Raging Bolt|ability: Protosynthesis|[fromitem]
|-start|p2a: Raging Bolt|protosynthesisspa
|move|p1a: Garganacl|Salt Cure|p2a: Raging Bolt
|-damage|p2a: Raging Bolt|88/100
|-start|p2a: Raging Bolt|Salt Cure
|
|-damage|p2a: Raging Bolt|75/100|[from] Salt Cure
|upkeep
|turn|3
|
|t:|1779657414
|move|p2a: Raging Bolt|Thunderbolt|p1a: Garganacl
|-damage|p1a: Garganacl|57/100
|move|p1a: Garganacl|Stealth Rock|p2a: Raging Bolt
|-sidestart|p2: lolcano46|move: Stealth Rock
|
|-heal|p1a: Garganacl|63/100|[from] item: Leftovers
|-damage|p2a: Raging Bolt|63/100|[from] Salt Cure
|upkeep
|turn|4
|
|t:|1779657418
|-end|p2a: Raging Bolt|Protosynthesis|[silent]
|switch|p2a: Gengar|Gengar, M|100/100
|-damage|p2a: Gengar|88/100|[from] Stealth Rock
|move|p1a: Garganacl|Recover|p1a: Garganacl
|-heal|p1a: Garganacl|100/100
|
|upkeep
|turn|5
|
|t:|1779657423
|switch|p1a: Kyurem|Kyurem|100/100
|-ability|p1a: Kyurem|Pressure
|move|p2a: Gengar|Trick|p1a: Kyurem
|-activate|p2a: Gengar|move: Trick|[of] p1a: Kyurem
|-item|p1a: Kyurem|Choice Scarf|[from] move: Trick
|-item|p2a: Gengar|Assault Vest|[from] move: Trick
|
|upkeep
|turn|6
|c| DenseColor|gengar in 1600s, interesting
|
|t:|1779657429
|move|p1a: Kyurem|Earth Power|p2a: Gengar
|-supereffective|p2a: Gengar
|-damage|p2a: Gengar|18/100
|move|p2a: Gengar|Sludge Bomb|p1a: Kyurem
|-damage|p1a: Kyurem|65/100
|-status|p1a: Kyurem|psn
|
|-damage|p1a: Kyurem|53/100 psn|[from] psn
|upkeep
|turn|7
|c|☆lolcano46|it's a fun time
|
|t:|1779657439
|switch|p2a: Azelf|Azelf|100/100
|-damage|p2a: Azelf|88/100|[from] Stealth Rock
|move|p1a: Kyurem|Earth Power|p2a: Azelf
|-immune|p2a: Azelf|[from] ability: Levitate
|
|-damage|p1a: Kyurem|40/100 psn|[from] psn
|upkeep
|turn|8
|c| DenseColor|ye
|
|t:|1779657445
|switch|p1a: Hatterene|Hatterene, F|100/100
|move|p2a: Azelf|Flamethrower|p1a: Hatterene
|-damage|p1a: Hatterene|67/100
|
|upkeep
|turn|9
|
|t:|1779657449
|switch|p1a: Garganacl|Garganacl, M|100/100
|move|p2a: Azelf|Flamethrower|p1a: Garganacl
|-resisted|p1a: Garganacl
|-damage|p1a: Garganacl|90/100
|
|-heal|p1a: Garganacl|96/100|[from] item: Leftovers
|upkeep
|turn|10
|
|t:|1779657454
|move|p2a: Azelf|Psychic|p1a: Garganacl
|-damage|p1a: Garganacl|64/100
|move|p1a: Garganacl|Salt Cure|p2a: Azelf
|-damage|p2a: Azelf|66/100
|-start|p2a: Azelf|Salt Cure
|
|-heal|p1a: Garganacl|70/100|[from] item: Leftovers
|-damage|p2a: Azelf|54/100|[from] Salt Cure
|upkeep
|turn|11
|
|t:|1779657458
|move|p2a: Azelf|Psychic|p1a: Garganacl
|-damage|p1a: Garganacl|39/100
|move|p1a: Garganacl|Recover|p1a: Garganacl
|-heal|p1a: Garganacl|89/100
|
|-heal|p1a: Garganacl|95/100|[from] item: Leftovers
|-damage|p2a: Azelf|42/100|[from] Salt Cure
|upkeep
|turn|12
|
|t:|1779657463
|switch|p2a: Ogerpon|Ogerpon-Wellspring, F|100/100
|-damage|p2a: Ogerpon|88/100|[from] Stealth Rock
|move|p1a: Garganacl|Protect||[still]
|-fail|p1a: Garganacl
|
|-heal|p1a: Garganacl|100/100|[from] item: Leftovers
|upkeep
|turn|13
|
|t:|1779657467
|switch|p1a: Zamazenta|Zamazenta|100/100
|-ability|p1a: Zamazenta|Dauntless Shield|boost
|-boost|p1a: Zamazenta|def|1
|move|p2a: Ogerpon|Swords Dance|p2a: Ogerpon
|-boost|p2a: Ogerpon|atk|2
|
|upkeep
|turn|14
|
|t:|1779657470
|move|p1a: Zamazenta|Close Combat|p2a: Ogerpon
|-damage|p2a: Ogerpon|0 fnt
|-unboost|p1a: Zamazenta|def|1
|-unboost|p1a: Zamazenta|spd|1
|faint|p2a: Ogerpon
|
|upkeep
|
|t:|1779657473
|switch|p2a: Scizor|Scizor, F|100/100
|-damage|p2a: Scizor|88/100|[from] Stealth Rock
|turn|15
|
|t:|1779657476
|switch|p1a: Raging Bolt|Raging Bolt|100/100
|move|p2a: Scizor|Knock Off|p1a: Raging Bolt
|-damage|p1a: Raging Bolt|64/100
|-enditem|p1a: Raging Bolt|Choice Specs|[from] move: Knock Off|[of] p2a: Scizor
|
|upkeep
|turn|16
|
|t:|1779657479
|move|p1a: Raging Bolt|Thunderbolt|p2a: Scizor
|-damage|p2a: Scizor|16/100
|move|p2a: Scizor|Close Combat|p1a: Raging Bolt
|-damage|p1a: Raging Bolt|17/100
|-unboost|p2a: Scizor|def|1
|-unboost|p2a: Scizor|spd|1
|
|upkeep
|turn|17
|
|t:|1779657483
|switch|p2a: Cinderace|Cinderace, M|100/100
|move|p1a: Raging Bolt|Thunderclap||[still]
|-fail|p1a: Raging Bolt
|
|upkeep
|turn|18
|
|t:|1779657489
|-end|p1a: Raging Bolt|Protosynthesis|[silent]
|switch|p1a: Garganacl|Garganacl, M|100/100
|move|p2a: Cinderace|Sucker Punch||[still]
|-fail|p2a: Cinderace
|
|upkeep
|turn|19
|
|t:|1779657492
|move|p2a: Cinderace|Court Change|p2a: Cinderace
|-start|p2a: Cinderace|typechange|Normal|[from] ability: Libero
|-swapsideconditions
|-activate|p2a: Cinderace|move: Court Change
|move|p1a: Garganacl|Salt Cure|p2a: Cinderace
|-damage|p2a: Cinderace|79/100
|-start|p2a: Cinderace|Salt Cure
|
|-damage|p2a: Cinderace|67/100|[from] Salt Cure
|upkeep
|turn|20
|
|t:|1779657496
|move|p2a: Cinderace|Pyro Ball|p1a: Garganacl|[miss]
|-miss|p2a: Cinderace|p1a: Garganacl
|move|p1a: Garganacl|Stealth Rock|p2a: Cinderace
|-sidestart|p2: lolcano46|move: Stealth Rock
|
|-damage|p2a: Cinderace|55/100|[from] Salt Cure
|upkeep
|turn|21
|
|t:|1779657499
|move|p2a: Cinderace|Pyro Ball|p1a: Garganacl
|-resisted|p1a: Garganacl
|-damage|p1a: Garganacl|88/100
|move|p1a: Garganacl|Salt Cure|p2a: Cinderace
|-damage|p2a: Cinderace|36/100
|
|-heal|p1a: Garganacl|94/100|[from] item: Leftovers
|-damage|p2a: Cinderace|24/100|[from] Salt Cure
|upkeep
|turn|22
|
|t:|1779657503
|switch|p2a: Raging Bolt|Raging Bolt|63/100
|-damage|p2a: Raging Bolt|50/100|[from] Stealth Rock
|move|p1a: Garganacl|Salt Cure|p2a: Raging Bolt
|-damage|p2a: Raging Bolt|36/100
|-start|p2a: Raging Bolt|Salt Cure
|
|-heal|p1a: Garganacl|99/100|[from] item: Leftovers
|-damage|p2a: Raging Bolt|23/100|[from] Salt Cure
|upkeep
|turn|23
|c|☆lolcano46|u won though lol i couldn't get rid of garg
|c|☆lolcano46|i have problems w garg
|c|☆lolcano46|gg
|c|☆noob1877|gg
|-message|lolcano46 forfeited.
|
|win|noob1877
|raw|noob1877's rating: 1664 &rarr; <strong>1683</strong><br />(+19 for winning)
|raw|lolcano46's rating: 1646 &rarr; <strong>1627</strong><br />(-19 for losing)
|l|☆lolcano46
|player|p2|
|l|☆noob1877
|player|p1|
|c| DenseColor|gg
|l| DenseColor
