|j|☆Seebiii
|j|☆party girl 2004
|t:|1779557543
|gametype|singles
|player|p1|Seebiii|2|1296
|player|p2|party girl 2004|lass-gen4dp|1321
|gen|9
|tier|[Gen 9] OU
|rated|
|rule|HP Percentage Mod: HP is shown in percentages
|rule|Endless Battle Clause: Forcing endless battles is banned
|rule|Species Clause: Limit one of each Pokémon
|rule|OHKO Clause: OHKO moves are banned
|rule|Evasion Items Clause: Evasion items are banned
|rule|Evasion Moves Clause: Evasion moves are banned
|rule|Evasion Abilities Clause: Evasion abilities are banned
|rule|Sleep Moves Clause: Sleep-inducing moves are banned
|clearpoke
|poke|p1|Great Tusk|
|poke|p1|Kingambit, F|
|poke|p1|Ceruledge, F|
|poke|p1|Darkrai|
|poke|p1|Ogerpon, F|
|poke|p1|Walking Wake|
|poke|p2|Mew|
|poke|p2|Emboar, M|
|poke|p2|Serperior, F|
|poke|p2|Enamorus, F|
|poke|p2|Hoopa-Unbound|
|poke|p2|Dragonite, M|
|teampreview
|inactive|Battle timer is ON: inactive players will automatically lose when time's up. (requested by party girl 2004)
|
|t:|1779557550
|teamsize|p1|6
|teamsize|p2|6
|start
|switch|p1a: Great Tusk|Great Tusk|100/100
|switch|p2a: 1111|Mew, shiny|100/100
|-enditem|p1a: Great Tusk|Booster Energy
|-activate|p1a: Great Tusk|ability: Protosynthesis|[fromitem]
|-start|p1a: Great Tusk|protosynthesisdef
|turn|1
|
|t:|1779557558
|move|p2a: 1111|Taunt|p1a: Great Tusk
|-start|p1a: Great Tusk|move: Taunt
|move|p1a: Great Tusk|Knock Off|p2a: 1111
|-supereffective|p2a: 1111
|-enditem|p2a: 1111|Colbur Berry|[eat]
|-enditem|p2a: 1111|Colbur Berry|[weaken]
|-damage|p2a: 1111|76/100
|
|upkeep
|turn|2
|
|t:|1779557571
|-end|p1a: Great Tusk|Protosynthesis|[silent]
|switch|p1a: Ceruledge|Ceruledge, F|100/100
|move|p2a: 1111|Tailwind|p2a: 1111
|-sidestart|p2: party girl 2004|move: Tailwind
|
|upkeep
|turn|3
|
|t:|1779557578
|move|p2a: 1111|Taunt|p1a: Ceruledge
|-start|p1a: Ceruledge|move: Taunt
|cant|p1a: Ceruledge|move: Taunt|Swords Dance
|
|upkeep
|turn|4
|
|t:|1779557584
|switch|p1a: Darkrai|Darkrai|100/100
|move|p2a: 1111|Misty Explosion|p1a: Darkrai
|-supereffective|p1a: Darkrai
|-damage|p1a: Darkrai|44/100
|faint|p2a: 1111
|
|upkeep
|
|t:|1779557604
|switch|p2a: 3333|Serperior, F, shiny|100/100
|turn|5
|
|t:|1779557609
|move|p2a: 3333|Leaf Storm|p1a: Darkrai
|-damage|p1a: Darkrai|0 fnt
|-boost|p2a: 3333|spa|2
|faint|p1a: Darkrai
|
|-sideend|p2: party girl 2004|move: Tailwind
|upkeep
|
|t:|1779557615
|switch|p1a: Ceruledge|Ceruledge, F|100/100
|turn|6
|
|t:|1779557624
|-terastallize|p2a: 3333|Dragon
|move|p2a: 3333|Glare|p1a: Ceruledge
|-status|p1a: Ceruledge|par
|cant|p1a: Ceruledge|par
|
|upkeep
|turn|7
|
|t:|1779557633
|move|p2a: 3333|Dragon Pulse|p1a: Ceruledge
|-damage|p1a: Ceruledge|31/100 par
|move|p1a: Ceruledge|Swords Dance|p1a: Ceruledge
|-boost|p1a: Ceruledge|atk|2
|
|upkeep
|turn|8
|
|t:|1779557640
|move|p1a: Ceruledge|Shadow Sneak|p2a: 3333
|-crit|p2a: 3333
|-damage|p2a: 3333|31/100
|move|p2a: 3333|Leaf Storm|p1a: Ceruledge
|-resisted|p1a: Ceruledge
|-damage|p1a: Ceruledge|0 fnt
|-boost|p2a: 3333|spa|2
|faint|p1a: Ceruledge
|
|upkeep
|
|t:|1779557647
|switch|p1a: Ogerpon|Ogerpon, F|100/100
|turn|9
|
|t:|1779557657
|-terastallize|p1a: Ogerpon|Grass
|detailschange|p1a: Ogerpon|Ogerpon-Teal-Tera, F, tera:Grass
|-ability|p1a: Ogerpon|Embody Aspect (Teal)|boost
|-boost|p1a: Ogerpon|spe|1
|move|p1a: Ogerpon|U-turn|p2a: 3333
|-damage|p2a: 3333|0 fnt
|faint|p2a: 3333
|
|t:|1779557672
|switch|p1a: Great Tusk|Great Tusk|100/100|[from] U-turn
|
|upkeep
|
|t:|1779557676
|switch|p2a: 4444|Enamorus, F|100/100
|turn|10
|
|t:|1779557689
|move|p2a: 4444|Moonblast|p1a: Great Tusk
|-supereffective|p1a: Great Tusk
|-damage|p1a: Great Tusk|0 fnt
|faint|p1a: Great Tusk
|-end|p1a: Great Tusk|Protosynthesis|[silent]
|
|upkeep
|
|t:|1779557694
|switch|p1a: Kingambit|Kingambit, F|100/100
|-activate|p1a: Kingambit|ability: Supreme Overlord
|-start|p1a: Kingambit|fallen3|[silent]
|turn|11
|
|t:|1779557706
|move|p2a: 4444|Mystical Fire|p1a: Kingambit
|-supereffective|p1a: Kingambit
|-damage|p1a: Kingambit|47/100
|-unboost|p1a: Kingambit|spa|1
|move|p1a: Kingambit|Iron Head|p2a: 4444
|-supereffective|p2a: 4444
|-enditem|p2a: 4444|Focus Sash
|-damage|p2a: 4444|1/100
|
|upkeep
|turn|12
|
|t:|1779557718
|move|p1a: Kingambit|Sucker Punch||[still]
|-fail|p1a: Kingambit
|move|p2a: 4444|Tailwind|p2a: 4444
|-sidestart|p2: party girl 2004|move: Tailwind
|
|upkeep
|turn|13
|
|t:|1779557726
|switch|p2a: 2222|Emboar, M, shiny|100/100
|move|p1a: Kingambit|Sucker Punch||[still]
|-fail|p1a: Kingambit
|
|upkeep
|turn|14
|
|t:|1779557737
|-end|p1a: Kingambit|fallen3|[silent]
|switch|p1a: Walking Wake|Walking Wake|100/100
|-enditem|p1a: Walking Wake|Booster Energy
|-activate|p1a: Walking Wake|ability: Protosynthesis|[fromitem]
|-start|p1a: Walking Wake|protosynthesisspe
|move|p2a: 2222|Flare Blitz|p1a: Walking Wake
|-resisted|p1a: Walking Wake
|-damage|p1a: Walking Wake|74/100
|-status|p1a: Walking Wake|brn
|-damage|p2a: 2222|92/100|[from] Recoil
|-damage|p2a: 2222|82/100|[from] item: Life Orb
|
|-damage|p1a: Walking Wake|68/100 brn|[from] brn
|upkeep
|turn|15
|
|t:|1779557756
|move|p1a: Walking Wake|Hydro Pump|p2a: 2222
|-supereffective|p2a: 2222
|-damage|p2a: 2222|0 fnt
|faint|p2a: 2222
|
|-damage|p1a: Walking Wake|61/100 brn|[from] brn
|-sideend|p2: party girl 2004|move: Tailwind
|upkeep
|
|t:|1779557766
|switch|p2a: 6666|Dragonite, M, shiny|100/100
|turn|16
|
|t:|1779557774
|move|p1a: Walking Wake|Flip Turn|p2a: 6666
|-resisted|p2a: 6666
|-damage|p2a: 6666|98/100
|
|t:|1779557780
|-end|p1a: Walking Wake|Protosynthesis|[silent]
|switch|p1a: Kingambit|Kingambit, F|47/100|[from] Flip Turn
|-activate|p1a: Kingambit|ability: Supreme Overlord
|-start|p1a: Kingambit|fallen3|[silent]
|move|p2a: 6666|Dragon Dance|p2a: 6666
|-boost|p2a: 6666|atk|1
|-boost|p2a: 6666|spe|1
|
|upkeep
|turn|17
|
|t:|1779557787
|move|p2a: 6666|Roost|p2a: 6666
|-heal|p2a: 6666|100/100
|-singleturn|p2a: 6666|move: Roost
|move|p1a: Kingambit|Kowtow Cleave|p2a: 6666
|-damage|p2a: 6666|62/100
|
|upkeep
|turn|18
|
|t:|1779557796
|move|p2a: 6666|Fire Punch|p1a: Kingambit
|-supereffective|p1a: Kingambit
|-damage|p1a: Kingambit|0 fnt
|faint|p1a: Kingambit
|-end|p1a: Kingambit|fallen3|[silent]
|
|upkeep
|
|t:|1779557801
|switch|p1a: Ogerpon|Ogerpon-Teal-Tera, F, tera:Grass|100/100
|-ability|p1a: Ogerpon|Embody Aspect (Teal)|boost
|-boost|p1a: Ogerpon|spe|1
|turn|19
|
|t:|1779557811
|move|p1a: Ogerpon|U-turn|p2a: 6666
|-resisted|p2a: 6666
|-damage|p2a: 6666|42/100
|
|t:|1779557815
|switch|p1a: Walking Wake|Walking Wake|61/100 brn|[from] U-turn
|move|p2a: 6666|Fire Punch|p1a: Walking Wake
|-resisted|p1a: Walking Wake
|-damage|p1a: Walking Wake|50/100 brn
|
|-damage|p1a: Walking Wake|44/100 brn|[from] brn
|upkeep
|turn|20
|
|t:|1779557824
|move|p2a: 6666|Dragon Claw|p1a: Walking Wake
|-supereffective|p1a: Walking Wake
|-damage|p1a: Walking Wake|0 fnt
|faint|p1a: Walking Wake
|-end|p1a: Walking Wake|Protosynthesis|[silent]
|
|upkeep
|
|t:|1779557829
|switch|p1a: Ogerpon|Ogerpon-Teal-Tera, F, tera:Grass|100/100
|-ability|p1a: Ogerpon|Embody Aspect (Teal)|boost
|-boost|p1a: Ogerpon|spe|1
|turn|21
|
|t:|1779557835
|move|p1a: Ogerpon|Ivy Cudgel|p2a: 6666
|-resisted|p2a: 6666
|-damage|p2a: 6666|15/100
|move|p2a: 6666|Fire Punch|p1a: Ogerpon
|-supereffective|p1a: Ogerpon
|-damage|p1a: Ogerpon|0 fnt
|faint|p1a: Ogerpon
|detailschange|p1: Ogerpon|Ogerpon, F|[silent]
|
|win|party girl 2004
|raw|Seebiii's rating: 1296 &rarr; <strong>1273</strong><br />(-23 for losing)
|raw|party girl 2004's rating: 1321 &rarr; <strong>1340</strong><br />(+19 for winning)
|l|☆Seebiii
|player|p1|
|l|☆party girl 2004
|player|p2|
