|j|☆deslumbre
|j|☆thatboi9000
|t:|1779586956
|gametype|singles
|player|p1|deslumbre|iris-gen5bw2|1120
|player|p2|thatboi9000|dancer|1123
|gen|9
|tier|[Gen 9] OU
|rated|
|rule|HP Percentage Mod: HP is shown in percentages
|rule|Endless Battle Clause: Forcing endless battles is banned
|rule|Species Clause: Limit one of each Pokémon
|rule|OHKO Clause: OHKO moves are banned
|rule|Evasion Items Clause: Evasion items are banned
|rule|Evasion Moves Clause: Evasion moves are banned
|rule|Evasion Abilities Clause: Evasion abilities are banned
|rule|Sleep Moves Clause: Sleep-inducing moves are banned
|clearpoke
|poke|p1|Primarina, F|
|poke|p1|Mienshao, F|
|poke|p1|Altaria, F|
|poke|p1|Sawsbuck-Autumn, F|
|poke|p1|Goodra, M|
|poke|p1|Delphox, F|
|poke|p2|Tyranitar, F|
|poke|p2|Tornadus-Therian, M|
|poke|p2|Latios, M|
|poke|p2|Slowking, M|
|poke|p2|Kommo-o, F|
|poke|p2|Excadrill, M|
|teampreview
|l|☆deslumbre
|player|p1|
|
|t:|1779586996
|teamsize|p1|6
|teamsize|p2|6
|start
|switch|p1a: Altaria|Altaria, F, shiny|100/100
|switch|p2a: Latios|Latios, M|100/100
|turn|1
|inactive|Battle timer is ON: inactive players will automatically lose when time's up. (requested by thatboi9000)
|inactive|deslumbre has 30 seconds to reconnect!
|j|☆deslumbre
|inactive|deslumbre reconnected and has 120 seconds left.
|player|p1|deslumbre|iris-gen5bw2|
|
|t:|1779587069
|move|p2a: Latios|Luster Purge|p1a: Altaria
|-damage|p1a: Altaria|49/100
|move|p1a: Altaria|Tailwind|p1a: Altaria
|-sidestart|p1: deslumbre|move: Tailwind
|
|-heal|p1a: Altaria|55/100|[from] item: Leftovers
|upkeep
|turn|2
|inactive|thatboi9000 has 120 seconds left.
|
|t:|1779587109
|switch|p1a: Ariel|Primarina, F, shiny|100/100
|move|p2a: Latios|Luster Purge|p1a: Ariel
|-damage|p1a: Ariel|65/100
|
|upkeep
|turn|3
|
|t:|1779587131
|switch|p2a: Slowking|Slowking, M, shiny|100/100
|move|p1a: Ariel|Moonblast|p2a: Slowking
|-damage|p2a: Slowking|59/100
|-unboost|p2a: Slowking|spa|1
|
|-heal|p2a: Slowking|65/100|[from] item: Leftovers
|upkeep
|turn|4
|
|t:|1779587141
|move|p1a: Ariel|Moonblast|p2a: Slowking
|-damage|p2a: Slowking|23/100
|move|p2a: Slowking|Future Sight|p1a: Ariel
|-start|p2a: Slowking|move: Future Sight
|
|-heal|p2a: Slowking|29/100|[from] item: Leftovers
|-sideend|p1: deslumbre|move: Tailwind
|upkeep
|turn|5
|
|t:|1779587152
|switch|p2a: Excadrill|Excadrill, M, shiny|100/100
|move|p1a: Ariel|Moonblast|p2a: Excadrill
|-resisted|p2a: Excadrill
|-damage|p2a: Excadrill|64/100
|-unboost|p2a: Excadrill|spa|1
|
|upkeep
|turn|6
|
|t:|1779587161
|switch|p1a: Goodra|Goodra, M|100/100
|move|p2a: Excadrill|Iron Head|p1a: Goodra
|-damage|p1a: Goodra|52/100
|-ability|p1a: Goodra|Gooey
|-unboost|p2a: Excadrill|spe|1
|-damage|p2a: Excadrill|54/100|[from] item: Life Orb
|
|-end|p1a: Goodra|move: Future Sight
|-damage|p1a: Goodra|17/100
|upkeep
|turn|7
|inactive|thatboi9000 has 120 seconds left.
|
|t:|1779587174
|move|p2a: Excadrill|Earthquake|p1a: Goodra
|-damage|p1a: Goodra|0 fnt
|faint|p1a: Goodra
|-damage|p2a: Excadrill|44/100|[from] item: Life Orb
|
|upkeep
|inactive|deslumbre has 120 seconds left.
|
|t:|1779587200
|switch|p1a: Sawsbuck|Sawsbuck-Autumn, F, shiny|100/100
|turn|8
|
|t:|1779587206
|move|p1a: Sawsbuck|Horn Leech|p2a: Excadrill
|-damage|p2a: Excadrill|0 fnt
|faint|p2a: Excadrill
|
|upkeep
|
|t:|1779587215
|switch|p2a: Latios|Latios, M|100/100
|turn|9
|
|t:|1779587225
|move|p1a: Sawsbuck|Horn Leech|p2a: Latios
|-resisted|p2a: Latios
|-damage|p2a: Latios|76/100
|move|p2a: Latios|Luster Purge|p1a: Sawsbuck
|-damage|p1a: Sawsbuck|13/100
|
|upkeep
|turn|10
|
|t:|1779587234
|move|p1a: Sawsbuck|Horn Leech|p2a: Latios
|-resisted|p2a: Latios
|-damage|p2a: Latios|50/100
|-heal|p1a: Sawsbuck|26/100|[from] drain|[of] p2a: Latios
|move|p2a: Latios|Luster Purge|p1a: Sawsbuck
|-crit|p1a: Sawsbuck
|-damage|p1a: Sawsbuck|0 fnt
|faint|p1a: Sawsbuck
|
|upkeep
|
|t:|1779587257
|switch|p1a: Ariel|Primarina, F, shiny|65/100
|turn|11
|
|t:|1779587266
|move|p2a: Latios|Luster Purge|p1a: Ariel
|-damage|p1a: Ariel|31/100
|-unboost|p1a: Ariel|spd|1
|move|p1a: Ariel|Moonblast|p2a: Latios
|-supereffective|p2a: Latios
|-damage|p2a: Latios|0 fnt
|faint|p2a: Latios
|
|upkeep
|
|t:|1779587270
|switch|p2a: Kommo-o|Kommo-o, F|100/100
|turn|12
|
|t:|1779587291
|move|p2a: Kommo-o|Flash Cannon|p1a: Ariel
|-damage|p1a: Ariel|5/100
|-damage|p2a: Kommo-o|91/100|[from] item: Life Orb
|move|p1a: Ariel|Moonblast|p2a: Kommo-o
|-supereffective|p2a: Kommo-o
|-damage|p2a: Kommo-o|0 fnt
|faint|p2a: Kommo-o
|
|upkeep
|
|t:|1779587298
|switch|p2a: Tyranitar|Tyranitar, F, shiny|100/100
|-weather|Sandstorm|[from] ability: Sand Stream|[of] p2a: Tyranitar
|turn|13
|
|t:|1779587311
|move|p2a: Tyranitar|Earthquake|p1a: Ariel
|-damage|p1a: Ariel|0 fnt
|faint|p1a: Ariel
|
|-weather|Sandstorm|[upkeep]
|upkeep
|
|t:|1779587318
|switch|p1a: Altaria|Altaria, F, shiny|55/100
|turn|14
|
|t:|1779587322
|move|p1a: Altaria|Roost|p1a: Altaria
|-heal|p1a: Altaria|100/100
|-singleturn|p1a: Altaria|move: Roost
|move|p2a: Tyranitar|Knock Off|p1a: Altaria
|-damage|p1a: Altaria|62/100
|-enditem|p1a: Altaria|Leftovers|[from] move: Knock Off|[of] p2a: Tyranitar
|
|-weather|Sandstorm|[upkeep]
|-damage|p1a: Altaria|56/100|[from] Sandstorm
|upkeep
|turn|15
|
|t:|1779587336
|move|p1a: Altaria|Will-O-Wisp|p2a: Tyranitar
|-status|p2a: Tyranitar|brn
|move|p2a: Tyranitar|Earthquake|p1a: Altaria
|-immune|p1a: Altaria
|
|-weather|Sandstorm|[upkeep]
|-damage|p1a: Altaria|50/100|[from] Sandstorm
|-damage|p2a: Tyranitar|94/100 brn|[from] brn
|upkeep
|turn|16
|
|t:|1779587346
|move|p1a: Altaria|Tailwind|p1a: Altaria
|-sidestart|p1: deslumbre|move: Tailwind
|move|p2a: Tyranitar|Earthquake|p1a: Altaria
|-immune|p1a: Altaria
|
|-weather|Sandstorm|[upkeep]
|-damage|p1a: Altaria|44/100|[from] Sandstorm
|-damage|p2a: Tyranitar|88/100 brn|[from] brn
|upkeep
|turn|17
|
|t:|1779587356
|move|p1a: Altaria|Roost|p1a: Altaria
|-heal|p1a: Altaria|94/100
|-singleturn|p1a: Altaria|move: Roost
|move|p2a: Tyranitar|Earthquake|p1a: Altaria
|-damage|p1a: Altaria|82/100
|
|-weather|Sandstorm|[upkeep]
|-damage|p1a: Altaria|76/100|[from] Sandstorm
|-damage|p2a: Tyranitar|82/100 brn|[from] brn
|upkeep
|turn|18
|-message|thatboi9000 forfeited.
|
|win|deslumbre
|raw|deslumbre's rating: 1120 &rarr; <strong>1145</strong><br />(+25 for winning)
|raw|thatboi9000's rating: 1123 &rarr; <strong>1098</strong><br />(-25 for losing)
|l|☆thatboi9000
|player|p2|
|l|☆deslumbre
|player|p1|
