|badge|p2|silver|gen9ou|30-9
|uhtml|medal-msg|<div class="broadcast-blue">Curious what those medals under the avatar are? PS now has Ladder Seasons! For more information, check out the <a href="https://www.smogon.com/forums/threads/3740067/">thread on Smogon.</a></div>
|j|☆omari p
|j|☆slitherwing ily
|t:|1779580980
|gametype|singles
|player|p1|omari p|pokemonrangerf|1763
|player|p2|slitherwing ily|iono-masters|1869
|gen|9
|tier|[Gen 9] OU
|rated|
|rule|HP Percentage Mod: HP is shown in percentages
|rule|Endless Battle Clause: Forcing endless battles is banned
|rule|Species Clause: Limit one of each Pokémon
|rule|OHKO Clause: OHKO moves are banned
|rule|Evasion Items Clause: Evasion items are banned
|rule|Evasion Moves Clause: Evasion moves are banned
|rule|Evasion Abilities Clause: Evasion abilities are banned
|rule|Sleep Moves Clause: Sleep-inducing moves are banned
|clearpoke
|poke|p1|Hoopa|
|poke|p1|Cinderace, M|
|poke|p1|Mandibuzz, F|
|poke|p1|Kyurem|
|poke|p1|Ting-Lu|
|poke|p1|Manaphy|
|poke|p2|Iron Jugulis|
|poke|p2|Deoxys-Speed|
|poke|p2|Ursaluna, F|
|poke|p2|Ceruledge, F|
|poke|p2|Glimmora, F|
|poke|p2|Iron Valiant|
|teampreview
|c|☆slitherwing ily|hf
|j| alter6x
|inactive|Battle timer is ON: inactive players will automatically lose when time's up. (requested by omari p)
|
|t:|1779581003
|teamsize|p1|6
|teamsize|p2|6
|start
|switch|p1a: Ting-Lucifer|Ting-Lu|100/100
|switch|p2a: Deoxys|Deoxys-Speed|100/100
|-ability|p2a: Deoxys|Pressure
|-ability|p1a: Ting-Lucifer|Vessel of Ruin
|turn|1
|
|t:|1779581009
|switch|p2a: Glimmora|Glimmora, F|100/100
|move|p1a: Ting-Lucifer|Earthquake|p2a: Glimmora
|-supereffective|p2a: Glimmora
|-damage|p2a: Glimmora|0 fnt
|-activate|p2a: Glimmora|ability: Toxic Debris
|-sidestart|p1: omari p|move: Toxic Spikes
|faint|p2a: Glimmora
|
|upkeep
|
|t:|1779581017
|switch|p2a: Ursaluna|Ursaluna, F|100/100
|turn|2
|j| NoirSoumission
|
|t:|1779581037
|switch|p1a: Mandibuzz|Mandibuzz, F, shiny|100/100
|move|p2a: Ursaluna|Swords Dance|p2a: Ursaluna
|-boost|p2a: Ursaluna|atk|2
|
|-status|p2a: Ursaluna|brn|[from] item: Flame Orb
|upkeep
|turn|3
|
|t:|1779581040
|switch|p2a: Deoxys|Deoxys-Speed|100/100
|-ability|p2a: Deoxys|Pressure
|move|p1a: Mandibuzz|Foul Play|p2a: Deoxys
|-supereffective|p2a: Deoxys
|-damage|p2a: Deoxys|45/100
|
|upkeep
|turn|4
|
|t:|1779581043
|move|p2a: Deoxys|Reflect|p2a: Deoxys
|-sidestart|p2: slitherwing ily|Reflect
|move|p1a: Mandibuzz|Foul Play|p2a: Deoxys
|-supereffective|p2a: Deoxys
|-damage|p2a: Deoxys|14/100
|
|upkeep
|turn|5
|
|t:|1779581045
|move|p2a: Deoxys|Light Screen|p2a: Deoxys
|-sidestart|p2: slitherwing ily|move: Light Screen
|move|p1a: Mandibuzz|Defog|p2a: Deoxys
|-unboost|p2a: Deoxys|evasion|1
|-sideend|p2: slitherwing ily|Reflect
|-sideend|p2: slitherwing ily|move: Light Screen
|-sideend|p1: omari p|Toxic Spikes|[from] move: Defog|[of] p1a: Mandibuzz
|
|upkeep
|turn|6
|
|t:|1779581048
|move|p2a: Deoxys|Reflect|p2a: Deoxys
|-sidestart|p2: slitherwing ily|Reflect
|move|p1a: Mandibuzz|Foul Play|p2a: Deoxys
|-supereffective|p2a: Deoxys
|-damage|p2a: Deoxys|0 fnt
|faint|p2a: Deoxys
|
|upkeep
|
|t:|1779581054
|switch|p2a: Iron Valiant|Iron Valiant|100/100
|-enditem|p2a: Iron Valiant|Booster Energy
|-activate|p2a: Iron Valiant|ability: Quark Drive|[fromitem]
|-start|p2a: Iron Valiant|quarkdrivespe
|turn|7
|
|t:|1779581056
|move|p2a: Iron Valiant|Calm Mind|p2a: Iron Valiant
|-boost|p2a: Iron Valiant|spa|1
|-boost|p2a: Iron Valiant|spd|1
|move|p1a: Mandibuzz|Toxic|p2a: Iron Valiant
|-status|p2a: Iron Valiant|tox
|
|-damage|p2a: Iron Valiant|94/100 tox|[from] psn
|upkeep
|turn|8
|
|t:|1779581060
|switch|p1a: Hoopa|Hoopa|100/100
|move|p2a: Iron Valiant|Moonblast|p1a: Hoopa
|-damage|p1a: Hoopa|40/100
|
|-damage|p2a: Iron Valiant|82/100 tox|[from] psn
|upkeep
|turn|9
|
|t:|1779581065
|move|p2a: Iron Valiant|Moonblast|p1a: Hoopa
|-damage|p1a: Hoopa|0 fnt
|faint|p1a: Hoopa
|
|-damage|p2a: Iron Valiant|63/100 tox|[from] psn
|upkeep
|
|t:|1779581070
|switch|p1a: Ting-Lucifer|Ting-Lu|100/100
|-ability|p1a: Ting-Lucifer|Vessel of Ruin
|turn|10
|
|t:|1779581072
|-terastallize|p1a: Ting-Lucifer|Steel
|move|p2a: Iron Valiant|Moonblast|p1a: Ting-Lucifer
|-resisted|p1a: Ting-Lucifer
|-damage|p1a: Ting-Lucifer|81/100
|move|p1a: Ting-Lucifer|Stealth Rock|p2a: Iron Valiant
|-sidestart|p2: slitherwing ily|move: Stealth Rock
|
|-damage|p2a: Iron Valiant|38/100 tox|[from] psn
|upkeep
|turn|11
|
|t:|1779581078
|move|p2a: Iron Valiant|Shadow Ball|p1a: Ting-Lucifer
|-damage|p1a: Ting-Lucifer|58/100
|move|p1a: Ting-Lucifer|Earthquake|p2a: Iron Valiant
|-damage|p2a: Iron Valiant|4/100 tox
|
|-damage|p2a: Iron Valiant|0 fnt|[from] psn
|faint|p2a: Iron Valiant
|-end|p2a: Iron Valiant|Quark Drive|[silent]
|upkeep
|
|t:|1779581093
|switch|p2a: Ceruledge|Ceruledge, F|100/100
|-damage|p2a: Ceruledge|76/100|[from] Stealth Rock
|turn|12
|j| Inothtunothtino
|inactive|omari p has 120 seconds left.
|
|t:|1779581137
|switch|p1a: Mandibuzz|Mandibuzz, F, shiny|100/100
|move|p2a: Ceruledge|Bitter Blade|p1a: Mandibuzz
|-damage|p1a: Mandibuzz|70/100
|-heal|p2a: Ceruledge|95/100|[from] drain|[of] p1a: Mandibuzz
|-damage|p2a: Ceruledge|78/100|[from] item: Rocky Helmet|[of] p1a: Mandibuzz
|
|upkeep
|turn|13
|
|t:|1779581143
|switch|p2a: Iron Jugulis|Iron Jugulis|100/100
|-damage|p2a: Iron Jugulis|76/100|[from] Stealth Rock
|-enditem|p2a: Iron Jugulis|Booster Energy
|-activate|p2a: Iron Jugulis|ability: Quark Drive|[fromitem]
|-start|p2a: Iron Jugulis|quarkdrivespe
|move|p1a: Mandibuzz|Foul Play|p2a: Iron Jugulis
|-resisted|p2a: Iron Jugulis
|-damage|p2a: Iron Jugulis|68/100
|
|-sideend|p2: slitherwing ily|Reflect
|upkeep
|turn|14
|
|t:|1779581150
|switch|p1a: Ting-Lucifer|Ting-Lu, tera:Steel|58/100
|-ability|p1a: Ting-Lucifer|Vessel of Ruin
|move|p2a: Iron Jugulis|Hurricane|p1a: Ting-Lucifer
|-resisted|p1a: Ting-Lucifer
|-damage|p1a: Ting-Lucifer|43/100
|
|upkeep
|turn|15
|
|t:|1779581160
|move|p2a: Iron Jugulis|Earth Power|p1a: Ting-Lucifer
|-supereffective|p1a: Ting-Lucifer
|-damage|p1a: Ting-Lucifer|11/100
|-enditem|p1a: Ting-Lucifer|Weakness Policy
|-boost|p1a: Ting-Lucifer|atk|2|[from] item: Weakness Policy
|-boost|p1a: Ting-Lucifer|spa|2|[from] item: Weakness Policy
|move|p1a: Ting-Lucifer|Heavy Slam|p2a: Iron Jugulis
|-damage|p2a: Iron Jugulis|0 fnt
|faint|p2a: Iron Jugulis
|-end|p2a: Iron Jugulis|Quark Drive|[silent]
|
|upkeep
|
|t:|1779581163
|switch|p2a: Ceruledge|Ceruledge, F|78/100
|-damage|p2a: Ceruledge|53/100|[from] Stealth Rock
|turn|16
|
|t:|1779581166
|move|p2a: Ceruledge|Bitter Blade|p1a: Ting-Lucifer
|-supereffective|p1a: Ting-Lucifer
|-damage|p1a: Ting-Lucifer|0 fnt
|-heal|p2a: Ceruledge|61/100|[from] drain|[of] p1a: Ting-Lucifer
|faint|p1a: Ting-Lucifer
|
|upkeep
|c|☆slitherwing ily|gg
|
|t:|1779581170
|switch|p1a: Mandibuzz|Mandibuzz, F, shiny|70/100
|turn|17
|
|t:|1779581173
|move|p2a: Ceruledge|Bitter Blade|p1a: Mandibuzz
|-damage|p1a: Mandibuzz|42/100
|-heal|p2a: Ceruledge|79/100|[from] drain|[of] p1a: Mandibuzz
|-damage|p2a: Ceruledge|62/100|[from] item: Rocky Helmet|[of] p1a: Mandibuzz
|move|p1a: Mandibuzz|Foul Play|p2a: Ceruledge
|-supereffective|p2a: Ceruledge
|-damage|p2a: Ceruledge|0 fnt
|faint|p2a: Ceruledge
|
|upkeep
|
|t:|1779581175
|switch|p2a: Ursaluna|Ursaluna, F|100/100 brn
|-damage|p2a: Ursaluna|94/100 brn|[from] Stealth Rock
|turn|18
|
|t:|1779581177
|move|p1a: Mandibuzz|Foul Play|p2a: Ursaluna
|-damage|p2a: Ursaluna|53/100 brn
|move|p2a: Ursaluna|Facade|p1a: Mandibuzz
|-damage|p1a: Mandibuzz|0 fnt
|-damage|p2a: Ursaluna|36/100 brn|[from] item: Rocky Helmet|[of] p1a: Mandibuzz
|faint|p1a: Mandibuzz
|
|-damage|p2a: Ursaluna|30/100 brn|[from] brn
|upkeep
|
|t:|1779581180
|switch|p1a: Kyurem|Kyurem|100/100
|-ability|p1a: Kyurem|Pressure
|turn|19
|-message|slitherwing ily forfeited.
|
|win|omari p
|raw|omari p's rating: 1763 &rarr; <strong>1789</strong><br />(+26 for winning)
|raw|slitherwing ily's rating: 1869 &rarr; <strong>1843</strong><br />(-26 for losing)
|c|☆omari p|gg
|l|☆slitherwing ily
|player|p2|
|l| alter6x
