|j|☆pointymetagross
|j|☆baansodboi
|t:|1779708232
|gametype|singles
|player|p1|pointymetagross|169|1105
|player|p2|baansodboi|1|1160
|gen|9
|tier|[Gen 9] OU
|rated|
|rule|HP Percentage Mod: HP is shown in percentages
|rule|Endless Battle Clause: Forcing endless battles is banned
|rule|Species Clause: Limit one of each Pokémon
|rule|OHKO Clause: OHKO moves are banned
|rule|Evasion Items Clause: Evasion items are banned
|rule|Evasion Moves Clause: Evasion moves are banned
|rule|Evasion Abilities Clause: Evasion abilities are banned
|rule|Sleep Moves Clause: Sleep-inducing moves are banned
|clearpoke
|poke|p1|Inteleon, F|
|poke|p1|Blaziken, M|
|poke|p1|Iron Valiant|
|poke|p1|Electrode-Hisui|
|poke|p1|Gholdengo|
|poke|p1|Darkrai|
|poke|p2|Veluza, M|
|poke|p2|Staraptor, M|
|poke|p2|Squawkabilly, M|
|poke|p2|Chansey, F|
|poke|p2|Pecharunt|
|poke|p2|Lucario, M|
|teampreview
|inactive|Battle timer is ON: inactive players will automatically lose when time's up. (requested by pointymetagross)
|
|t:|1779708238
|teamsize|p1|6
|teamsize|p2|6
|start
|switch|p1a: FukYaChiknStrips|Electrode-Hisui|100/100
|switch|p2a: Squawkabilly|Squawkabilly, M, shiny|100/100
|-ability|p2a: Squawkabilly|Intimidate|boost
|-unboost|p1a: FukYaChiknStrips|atk|1
|turn|1
|
|t:|1779708244
|-terastallize|p1a: FukYaChiknStrips|Normal
|move|p2a: Squawkabilly|Final Gambit|p1a: FukYaChiknStrips
|-damage|p1a: FukYaChiknStrips|0 fnt
|faint|p2a: Squawkabilly
|faint|p1a: FukYaChiknStrips
|
|upkeep
|c|☆pointymetagross|i was gonna use explode lol
|c|☆baansodboi|LOL
|
|t:|1779708271
|switch|p1a: FukEverything|Inteleon, F, shiny|100/100
|switch|p2a: Veluza|Veluza, M, shiny|100/100
|-ability|p2a: Veluza|Mold Breaker
|turn|2
|
|t:|1779708278
|move|p2a: Veluza|Final Gambit|p1a: FukEverything
|-damage|p1a: FukEverything|0 fnt
|faint|p2a: Veluza
|faint|p1a: FukEverything
|
|upkeep
|
|t:|1779708288
|switch|p1a: FukKingambit|Blaziken, M|100/100
|switch|p2a: Lucario|Lucario, M, shiny|100/100
|turn|3
|
|t:|1779708297
|move|p2a: Lucario|Final Gambit|p1a: FukKingambit
|-damage|p1a: FukKingambit|0 fnt
|faint|p2a: Lucario
|faint|p1a: FukKingambit
|
|upkeep
|
|t:|1779708305
|switch|p2a: Staraptor|Staraptor, M, shiny|100/100
|switch|p1a: FukGreatTusk|Iron Valiant|100/100
|-ability|p2a: Staraptor|Intimidate|boost
|-unboost|p1a: FukGreatTusk|atk|1
|-enditem|p1a: FukGreatTusk|Booster Energy
|-activate|p1a: FukGreatTusk|ability: Quark Drive|[fromitem]
|-start|p1a: FukGreatTusk|quarkdrivespe
|turn|4
|
|t:|1779708323
|switch|p2a: Pecharunt|Pecharunt|100/100
|-item|p2a: Pecharunt|Air Balloon
|move|p1a: FukGreatTusk|Thunder Punch|p2a: Pecharunt
|-damage|p2a: Pecharunt|90/100
|-enditem|p2a: Pecharunt|Air Balloon
|
|upkeep
|turn|5
|
|t:|1779708332
|-end|p1a: FukGreatTusk|Quark Drive|[silent]
|switch|p1a: dumbass|Gholdengo|100/100
|move|p2a: Pecharunt|Toxic|p1a: dumbass
|-immune|p1a: dumbass|[from] ability: Good as Gold
|
|upkeep
|turn|6
|
|t:|1779708341
|switch|p1a: FukYou|Darkrai|100/100
|-terastallize|p2a: Pecharunt|Dark
|move|p2a: Pecharunt|Hex|p1a: FukYou
|-resisted|p1a: FukYou
|-damage|p1a: FukYou|83/100
|
|upkeep
|turn|7
|
|t:|1779708356
|switch|p1a: dumbass|Gholdengo|100/100
|switch|p2a: Chansey|Chansey, F|100/100
|
|upkeep
|turn|8
|
|t:|1779708362
|move|p1a: dumbass|Nasty Plot|p1a: dumbass
|-boost|p1a: dumbass|spa|2
|move|p2a: Chansey|Light Screen|p2a: Chansey
|-sidestart|p2: baansodboi|move: Light Screen
|
|upkeep
|turn|9
|
|t:|1779708378
|move|p1a: dumbass|Make It Rain|p2a: Chansey
|-damage|p2a: Chansey|80/100
|-unboost|p1a: dumbass|spa|1
|-damage|p1a: dumbass|91/100|[from] item: Life Orb
|move|p2a: Chansey|Thunder Wave|p1a: dumbass
|-immune|p1a: dumbass|[from] ability: Good as Gold
|
|upkeep
|turn|10
|
|t:|1779708388
|switch|p2a: Pecharunt|Pecharunt, tera:Dark|90/100
|move|p1a: dumbass|Nasty Plot|p1a: dumbass
|-boost|p1a: dumbass|spa|2
|
|upkeep
|turn|11
|
|t:|1779708399
|move|p2a: Pecharunt|Hex|p1a: dumbass
|-supereffective|p1a: dumbass
|-damage|p1a: dumbass|34/100
|move|p1a: dumbass|Make It Rain|p2a: Pecharunt
|-crit|p2a: Pecharunt
|-damage|p2a: Pecharunt|0 fnt
|-unboost|p1a: dumbass|spa|1
|faint|p2a: Pecharunt
|-damage|p1a: dumbass|24/100|[from] item: Life Orb
|
|upkeep
|
|t:|1779708409
|switch|p2a: Staraptor|Staraptor, M, shiny|100/100
|-ability|p2a: Staraptor|Intimidate|boost
|-unboost|p1a: dumbass|atk|1
|turn|12
|
|t:|1779708415
|move|p2a: Staraptor|Brave Bird|p1a: dumbass
|-resisted|p1a: dumbass
|-damage|p1a: dumbass|0 fnt
|faint|p1a: dumbass
|-damage|p2a: Staraptor|94/100|[from] Recoil
|
|-sideend|p2: baansodboi|move: Light Screen
|upkeep
|
|t:|1779708422
|switch|p1a: FukGreatTusk|Iron Valiant|100/100
|turn|13
|
|t:|1779708426
|move|p2a: Staraptor|Brave Bird|p1a: FukGreatTusk
|-supereffective|p1a: FukGreatTusk
|-damage|p1a: FukGreatTusk|0 fnt
|faint|p1a: FukGreatTusk
|-end|p1a: FukGreatTusk|Quark Drive|[silent]
|-damage|p2a: Staraptor|68/100|[from] Recoil
|
|upkeep
|
|t:|1779708430
|switch|p1a: FukYou|Darkrai|83/100
|turn|14
|
|t:|1779708433
|move|p2a: Staraptor|Brave Bird|p1a: FukYou
|-damage|p1a: FukYou|23/100
|-damage|p2a: Staraptor|53/100|[from] Recoil
|move|p1a: FukYou|Ice Beam|p2a: Staraptor
|-supereffective|p2a: Staraptor
|-damage|p2a: Staraptor|0 fnt
|faint|p2a: Staraptor
|
|upkeep
|
|t:|1779708441
|switch|p2a: Chansey|Chansey, F|80/100
|turn|15
|
|t:|1779708445
|move|p1a: FukYou|Ice Beam|p2a: Chansey
|-damage|p2a: Chansey|68/100
|-status|p2a: Chansey|frz
|cant|p2a: Chansey|frz
|
|upkeep
|turn|16
|
|t:|1779708451
|move|p1a: FukYou|Ice Beam|p2a: Chansey
|-damage|p2a: Chansey|55/100 frz
|cant|p2a: Chansey|frz
|
|upkeep
|turn|17
|c|☆pointymetagross|crazyy
|c|☆baansodboi|wtf
|
|t:|1779708462
|move|p1a: FukYou|Ice Beam|p2a: Chansey
|-damage|p2a: Chansey|43/100 frz
|cant|p2a: Chansey|frz
|
|upkeep
|turn|18
|c|☆baansodboi|DAMNNNN
|
|t:|1779708474
|move|p1a: FukYou|Ice Beam|p2a: Chansey
|-damage|p2a: Chansey|29/100 frz
|cant|p2a: Chansey|frz
|
|upkeep
|turn|19
|c|☆pointymetagross|this is the longest frz chain ive ever seen
|c|☆baansodboi|this fat bicchh isnt thawing lol
|c|☆baansodboi|haha
|
|t:|1779708493
|move|p1a: FukYou|Ice Beam|p2a: Chansey
|-damage|p2a: Chansey|17/100 frz
|cant|p2a: Chansey|frz
|
|upkeep
|turn|20
|c|☆baansodboi|i think fate wants u to win
|c|☆baansodboi|OMG
|c|☆baansodboi|still frozen
|
|t:|1779708503
|move|p1a: FukYou|Ice Beam|p2a: Chansey
|-damage|p2a: Chansey|4/100 frz
|cant|p2a: Chansey|frz
|
|upkeep
|turn|21
|c|☆pointymetagross|no way
|c|☆baansodboi|NO WAY
|c|☆pointymetagross|gg
|
|t:|1779708511
|move|p1a: FukYou|Ice Beam|p2a: Chansey
|-damage|p2a: Chansey|0 fnt
|faint|p2a: Chansey
|
|win|pointymetagross
|raw|pointymetagross's rating: 1105 &rarr; <strong>1134</strong><br />(+29 for winning)
|raw|baansodboi's rating: 1160 &rarr; <strong>1131</strong><br />(-29 for losing)
|c|☆baansodboi|thats nuts
|j| bonczy
|c|☆baansodboi|fking hell
|l|☆baansodboi
|player|p2|
|l|☆pointymetagross
|player|p1|
|l| bonczy
