|j|☆Darby A
|j|☆my shitters
|t:|1779625526
|gametype|singles
|player|p1|Darby A|benga|1319
|player|p2|my shitters|preschooler|1236
|gen|9
|tier|[Gen 9] OU
|rated|
|rule|HP Percentage Mod: HP is shown in percentages
|rule|Endless Battle Clause: Forcing endless battles is banned
|rule|Species Clause: Limit one of each Pokémon
|rule|OHKO Clause: OHKO moves are banned
|rule|Evasion Items Clause: Evasion items are banned
|rule|Evasion Moves Clause: Evasion moves are banned
|rule|Evasion Abilities Clause: Evasion abilities are banned
|rule|Sleep Moves Clause: Sleep-inducing moves are banned
|clearpoke
|poke|p1|Ceruledge, F|
|poke|p1|Clefable, M|
|poke|p1|Great Tusk|
|poke|p1|Ogerpon-Wellspring, F|
|poke|p1|Gliscor, M|
|poke|p1|Kingambit, F|
|poke|p2|Sableye, F|
|poke|p2|Primeape, F|
|poke|p2|Alcremie-Ruby-Swirl, F|
|poke|p2|Ursaring, F|
|poke|p2|Jolteon, F|
|poke|p2|Brute Bonnet|
|teampreview
|inactive|Battle timer is ON: inactive players will automatically lose when time's up. (requested by my shitters)
|
|t:|1779625551
|teamsize|p1|6
|teamsize|p2|6
|start
|switch|p1a: Gliscor|Gliscor, M|100/100
|switch|p2a: Sableye|Sableye, F|100/100
|turn|1
|
|t:|1779625558
|move|p1a: Gliscor|Protect|p1a: Gliscor
|-singleturn|p1a: Gliscor|Protect
|move|p2a: Sableye|Taunt|p1a: Gliscor
|-activate|p1a: Gliscor|move: Protect
|
|-status|p1a: Gliscor|tox|[from] item: Toxic Orb
|upkeep
|turn|2
|
|t:|1779625567
|move|p2a: Sableye|Encore|p1a: Gliscor
|-start|p1a: Gliscor|Encore
|move|p1a: Gliscor|Protect||[still]
|-fail|p1a: Gliscor
|
|upkeep
|turn|3
|
|t:|1779625575
|switch|p1a: Clefable|Clefable, M|100/100
|move|p2a: Sableye|Light Screen|p2a: Sableye
|-sidestart|p2: my shitters|move: Light Screen
|
|upkeep
|turn|4
|
|t:|1779625580
|move|p2a: Sableye|Reflect|p2a: Sableye
|-sidestart|p2: my shitters|Reflect
|move|p1a: Clefable|Moonblast|p2a: Sableye
|-supereffective|p2a: Sableye
|-damage|p2a: Sableye|51/100
|
|upkeep
|turn|5
|
|t:|1779625590
|switch|p2a: Only4CubLinx|Ursaring, F|100/100
|move|p1a: Clefable|Moonblast|p2a: Only4CubLinx
|-damage|p2a: Only4CubLinx|81/100
|
|-status|p2a: Only4CubLinx|brn|[from] item: Flame Orb
|upkeep
|turn|6
|
|t:|1779625595
|move|p2a: Only4CubLinx|Swords Dance|p2a: Only4CubLinx
|-boost|p2a: Only4CubLinx|atk|2
|move|p1a: Clefable|Thunder Wave|p2a: Only4CubLinx|[miss]
|-miss|p1a: Clefable|p2a: Only4CubLinx
|
|-damage|p2a: Only4CubLinx|75/100 brn|[from] brn
|upkeep
|turn|7
|
|t:|1779625606
|move|p2a: Only4CubLinx|Facade|p1a: Clefable
|-damage|p1a: Clefable|24/100
|move|p1a: Clefable|Moonblast|p2a: Only4CubLinx
|-damage|p2a: Only4CubLinx|56/100 brn
|
|-damage|p2a: Only4CubLinx|50/100 brn|[from] brn
|upkeep
|turn|8
|
|t:|1779625621
|switch|p1a: Ceruledge|Ceruledge, F|100/100
|move|p2a: Only4CubLinx|Facade|p1a: Ceruledge
|-immune|p1a: Ceruledge
|
|-damage|p2a: Only4CubLinx|44/100 brn|[from] brn
|upkeep
|turn|9
|
|t:|1779625632
|move|p1a: Ceruledge|Bitter Blade|p2a: Only4CubLinx
|-damage|p2a: Only4CubLinx|6/100 brn
|-damage|p1a: Ceruledge|91/100|[from] item: Life Orb
|move|p2a: Only4CubLinx|Throat Chop|p1a: Ceruledge
|-supereffective|p1a: Ceruledge
|-damage|p1a: Ceruledge|0 fnt
|faint|p1a: Ceruledge
|
|-damage|p2a: Only4CubLinx|0 fnt|[from] brn
|faint|p2a: Only4CubLinx
|upkeep
|
|t:|1779625656
|switch|p1a: Clefable|Clefable, M|24/100
|switch|p2a: Brute Bonnet|Brute Bonnet|100/100
|-enditem|p2a: Brute Bonnet|Booster Energy
|-activate|p2a: Brute Bonnet|ability: Protosynthesis|[fromitem]
|-start|p2a: Brute Bonnet|protosynthesisatk
|turn|10
|
|t:|1779625661
|move|p2a: Brute Bonnet|Seed Bomb|p1a: Clefable
|-damage|p1a: Clefable|0 fnt
|faint|p1a: Clefable
|
|-sideend|p2: my shitters|move: Light Screen
|upkeep
|
|t:|1779625671
|switch|p1a: Kingambit|Kingambit, F|100/100
|-activate|p1a: Kingambit|ability: Supreme Overlord
|-start|p1a: Kingambit|fallen2|[silent]
|turn|11
|
|t:|1779625676
|move|p2a: Brute Bonnet|Close Combat|p1a: Kingambit
|-supereffective|p1a: Kingambit
|-damage|p1a: Kingambit|0 fnt
|-unboost|p2a: Brute Bonnet|def|1
|-unboost|p2a: Brute Bonnet|spd|1
|faint|p1a: Kingambit
|-end|p1a: Kingambit|fallen2|[silent]
|
|-sideend|p2: my shitters|Reflect
|upkeep
|
|t:|1779625686
|switch|p1a: Ogerpon|Ogerpon-Wellspring, F|100/100
|turn|12
|
|t:|1779625694
|move|p1a: Ogerpon|Ivy Cudgel|p2a: Brute Bonnet|[anim] Ivy Cudgel Water
|-resisted|p2a: Brute Bonnet
|-damage|p2a: Brute Bonnet|61/100
|move|p2a: Brute Bonnet|Crunch|p1a: Ogerpon
|-damage|p1a: Ogerpon|19/100
|
|upkeep
|turn|13
|
|t:|1779625698
|move|p2a: Brute Bonnet|Sucker Punch|p1a: Ogerpon
|-damage|p1a: Ogerpon|0 fnt
|faint|p1a: Ogerpon
|
|upkeep
|-message|Darby A forfeited.
|
|win|my shitters
|raw|Darby A's rating: 1319 &rarr; <strong>1294</strong><br />(-25 for losing)
|raw|my shitters's rating: 1236 &rarr; <strong>1267</strong><br />(+31 for winning)
|l|☆Darby A
|player|p1|
|l|☆my shitters
|player|p2|
