|j|☆Hyuyu
|j|☆coverride
|t:|1779649458
|gametype|singles
|player|p1|Hyuyu|2|1362
|player|p2|coverride|2|1321
|gen|9
|tier|[Gen 9] OU
|rated|
|rule|HP Percentage Mod: HP is shown in percentages
|rule|Endless Battle Clause: Forcing endless battles is banned
|rule|Species Clause: Limit one of each Pokémon
|rule|OHKO Clause: OHKO moves are banned
|rule|Evasion Items Clause: Evasion items are banned
|rule|Evasion Moves Clause: Evasion moves are banned
|rule|Evasion Abilities Clause: Evasion abilities are banned
|rule|Sleep Moves Clause: Sleep-inducing moves are banned
|clearpoke
|poke|p1|Gardevoir, F|
|poke|p1|Great Tusk|
|poke|p1|Samurott-Hisui, F|
|poke|p1|Heatran, M|
|poke|p1|Zapdos|
|poke|p1|Azelf|
|poke|p2|Iron Moth|
|poke|p2|Lilligant-Hisui, F|
|poke|p2|Great Tusk|
|poke|p2|Ninetales, M|
|poke|p2|Walking Wake|
|poke|p2|Kingambit, F|
|teampreview
|
|t:|1779649486
|teamsize|p1|6
|teamsize|p2|6
|start
|switch|p1a: Azelf|Azelf|100/100
|switch|p2a: Great Tusk|Great Tusk|100/100
|turn|1
|
|t:|1779649504
|-end|p2a: Great Tusk|Protosynthesis|[silent]
|switch|p2a: Kingambit|Kingambit, F|100/100
|-item|p2a: Kingambit|Air Balloon
|move|p1a: Azelf|Psychic|p2a: Kingambit
|-immune|p2a: Kingambit
|
|upkeep
|turn|2
|
|t:|1779649540
|-end|p2a: Kingambit|fallenundefined|[silent]
|switch|p2a: Ninetales|Ninetales, M|100/100
|-weather|SunnyDay|[from] ability: Drought|[of] p2a: Ninetales
|move|p1a: Azelf|Knock Off|p2a: Ninetales
|-damage|p2a: Ninetales|66/100
|-enditem|p2a: Ninetales|Heat Rock|[from] move: Knock Off|[of] p1a: Azelf
|
|-weather|SunnyDay|[upkeep]
|upkeep
|turn|3
|
|t:|1779649561
|switch|p2a: Walking Wake|Walking Wake|100/100
|-activate|p2a: Walking Wake|ability: Protosynthesis
|-start|p2a: Walking Wake|protosynthesisspe
|move|p1a: Azelf|U-turn|p2a: Walking Wake
|-damage|p2a: Walking Wake|81/100
|
|t:|1779649574
|switch|p1a: Samurott|Samurott-Hisui, F|100/100|[from] U-turn
|
|-weather|SunnyDay|[upkeep]
|upkeep
|turn|4
|
|t:|1779649589
|move|p2a: Walking Wake|Flip Turn|p1a: Samurott
|-resisted|p1a: Samurott
|-damage|p1a: Samurott|95/100
|
|t:|1779649593
|-end|p2a: Walking Wake|Protosynthesis|[silent]
|switch|p2a: Lilligant|Lilligant-Hisui, F|100/100|[from] Flip Turn
|move|p1a: Samurott|Ceaseless Edge|p2a: Lilligant
|-resisted|p2a: Lilligant
|-damage|p2a: Lilligant|79/100
|-sidestart|p2: coverride|Spikes
|
|-weather|SunnyDay|[upkeep]
|upkeep
|turn|5
|
|t:|1779649610
|move|p2a: Lilligant|Swords Dance|p2a: Lilligant
|-boost|p2a: Lilligant|atk|2
|move|p1a: Samurott|Encore|p2a: Lilligant
|-start|p2a: Lilligant|Encore
|
|-weather|SunnyDay|[upkeep]
|upkeep
|turn|6
|
|t:|1779649629
|switch|p2a: Walking Wake|Walking Wake|81/100
|-damage|p2a: Walking Wake|69/100|[from] Spikes
|-activate|p2a: Walking Wake|ability: Protosynthesis
|-start|p2a: Walking Wake|protosynthesisspe
|switch|p1a: Azelf|Azelf|100/100
|
|-weather|SunnyDay|[upkeep]
|upkeep
|turn|7
|
|t:|1779649645
|switch|p1a: Samurott|Samurott-Hisui, F|95/100
|move|p2a: Walking Wake|Hydro Steam|p1a: Samurott
|-resisted|p1a: Samurott
|-damage|p1a: Samurott|30/100
|
|-weather|SunnyDay|[upkeep]
|upkeep
|turn|8
|
|t:|1779649658
|move|p2a: Walking Wake|Hydro Steam|p1a: Samurott
|-resisted|p1a: Samurott
|-damage|p1a: Samurott|0 fnt
|faint|p1a: Samurott
|
|-weather|SunnyDay|[upkeep]
|upkeep
|inactive|Battle timer is ON: inactive players will automatically lose when time's up. (requested by coverride)
|
|t:|1779649701
|switch|p1a: Zapdos|Zapdos|100/100
|turn|9
|inactive|coverride has 120 seconds left.
|inactive|coverride has 90 seconds left.
|inactive|coverride has 60 seconds left.
|inactive|coverride has 30 seconds left.
|inactive|coverride has 20 seconds left.
|inactive|coverride has 15 seconds left.
|inactive|coverride has 10 seconds left.
|inactive|coverride has 5 seconds left.
|-message|coverride lost due to inactivity.
|
|win|Hyuyu
|raw|Hyuyu's rating: 1362 &rarr; <strong>1380</strong><br />(+18 for winning)
|raw|coverride's rating: 1321 &rarr; <strong>1303</strong><br />(-18 for losing)
|l|☆Hyuyu
|player|p1|
|l|☆coverride
|player|p2|
