|j|☆qwerp
|j|☆Akimmanir
|t:|1779626289
|gametype|singles
|player|p1|qwerp|gambler|1465
|player|p2|Akimmanir|red|1474
|gen|9
|tier|[Gen 9] OU
|rated|
|rule|HP Percentage Mod: HP is shown in percentages
|rule|Endless Battle Clause: Forcing endless battles is banned
|rule|Species Clause: Limit one of each Pokémon
|rule|OHKO Clause: OHKO moves are banned
|rule|Evasion Items Clause: Evasion items are banned
|rule|Evasion Moves Clause: Evasion moves are banned
|rule|Evasion Abilities Clause: Evasion abilities are banned
|rule|Sleep Moves Clause: Sleep-inducing moves are banned
|clearpoke
|poke|p1|Charizard, M|
|poke|p1|Great Tusk|
|poke|p1|Zapdos|
|poke|p1|Heatran, M|
|poke|p1|Samurott-Hisui, M|
|poke|p1|Gliscor, M|
|poke|p2|Dragonite, M|
|poke|p2|Hatterene, F|
|poke|p2|Weavile, M|
|poke|p2|Ogerpon-Wellspring, F|
|poke|p2|Kingambit, F|
|poke|p2|Great Tusk|
|teampreview
|inactive|Battle timer is ON: inactive players will automatically lose when time's up. (requested by Akimmanir)
|
|t:|1779626316
|teamsize|p1|6
|teamsize|p2|6
|start
|switch|p1a: Gliscor|Gliscor, M|100/100
|switch|p2a: Hello .RAW-Z|Weavile, M|100/100
|turn|1
|
|t:|1779626320
|move|p1a: Gliscor|Protect|p1a: Gliscor
|-singleturn|p1a: Gliscor|Protect
|move|p2a: Hello .RAW-Z|Swords Dance|p2a: Hello .RAW-Z
|-boost|p2a: Hello .RAW-Z|atk|2
|
|-status|p1a: Gliscor|tox|[from] item: Toxic Orb
|upkeep
|turn|2
|
|t:|1779626328
|-terastallize|p1a: Gliscor|Water
|move|p2a: Hello .RAW-Z|Icicle Crash|p1a: Gliscor|[miss]
|-miss|p2a: Hello .RAW-Z|p1a: Gliscor
|move|p1a: Gliscor|Toxic|p2a: Hello .RAW-Z
|-status|p2a: Hello .RAW-Z|tox
|
|-damage|p2a: Hello .RAW-Z|94/100 tox|[from] psn
|upkeep
|turn|3
|
|t:|1779626332
|move|p2a: Hello .RAW-Z|Swords Dance|p2a: Hello .RAW-Z
|-boost|p2a: Hello .RAW-Z|atk|2
|move|p1a: Gliscor|Knock Off|p2a: Hello .RAW-Z
|-resisted|p2a: Hello .RAW-Z
|-damage|p2a: Hello .RAW-Z|76/100 tox
|-enditem|p2a: Hello .RAW-Z|Focus Sash|[from] move: Knock Off|[of] p1a: Gliscor
|-enditem|p1a: Gliscor|Toxic Orb|[silent]|[from] ability: Pickpocket|[of] p1a: Gliscor
|-item|p2a: Hello .RAW-Z|Toxic Orb|[from] ability: Pickpocket|[of] p1a: Gliscor
|
|-damage|p2a: Hello .RAW-Z|63/100 tox|[from] psn
|upkeep
|turn|4
|
|t:|1779626342
|move|p1a: Gliscor|Protect|p1a: Gliscor
|-singleturn|p1a: Gliscor|Protect
|move|p2a: Hello .RAW-Z|Swords Dance|p2a: Hello .RAW-Z
|-boost|p2a: Hello .RAW-Z|atk|2
|
|-damage|p2a: Hello .RAW-Z|45/100 tox|[from] psn
|upkeep
|turn|5
|
|t:|1779626361
|switch|p1a: Samurott|Samurott-Hisui, M|100/100
|move|p2a: Hello .RAW-Z|Beat Up|p1a: Samurott
|-resisted|p1a: Samurott
|-damage|p1a: Samurott|84/100
|-resisted|p1a: Samurott
|-damage|p1a: Samurott|69/100
|-resisted|p1a: Samurott
|-damage|p1a: Samurott|49/100
|-resisted|p1a: Samurott
|-damage|p1a: Samurott|33/100
|-resisted|p1a: Samurott
|-damage|p1a: Samurott|14/100
|-resisted|p1a: Samurott
|-damage|p1a: Samurott|0 fnt
|faint|p1a: Samurott
|-hitcount|p1: Samurott|6
|
|-damage|p2a: Hello .RAW-Z|21/100 tox|[from] psn
|upkeep
|
|t:|1779626364
|switch|p1a: Gliscor|Gliscor, M, tera:Water|100/100 tox
|turn|6
|
|t:|1779626367
|move|p1a: Gliscor|Protect|p1a: Gliscor
|-singleturn|p1a: Gliscor|Protect
|move|p2a: Hello .RAW-Z|Beat Up|p1a: Gliscor
|-activate|p1a: Gliscor|move: Protect
|
|-damage|p2a: Hello .RAW-Z|0 fnt|[from] psn
|faint|p2a: Hello .RAW-Z
|upkeep
|
|t:|1779626371
|switch|p2a: Maladresse|Ogerpon-Wellspring, F|100/100
|turn|7
|
|t:|1779626386
|move|p2a: Maladresse|Power Whip|p1a: Gliscor
|-supereffective|p1a: Gliscor
|-damage|p1a: Gliscor|15/100 tox
|move|p1a: Gliscor|Toxic|p2a: Maladresse
|-status|p2a: Maladresse|tox
|
|-damage|p2a: Maladresse|95/100 tox|[from] psn
|-heal|p1a: Gliscor|28/100 tox|[from] ability: Poison Heal
|upkeep
|turn|8
|
|t:|1779626391
|move|p2a: Maladresse|Swords Dance|p2a: Maladresse
|-boost|p2a: Maladresse|atk|2
|move|p1a: Gliscor|Knock Off|p2a: Maladresse
|-damage|p2a: Maladresse|76/100 tox
|
|-damage|p2a: Maladresse|64/100 tox|[from] psn
|-heal|p1a: Gliscor|40/100 tox|[from] ability: Poison Heal
|upkeep
|turn|9
|
|t:|1779626394
|move|p1a: Gliscor|Protect|p1a: Gliscor
|-singleturn|p1a: Gliscor|Protect
|move|p2a: Maladresse|Power Whip|p1a: Gliscor
|-activate|p1a: Gliscor|move: Protect
|
|-damage|p2a: Maladresse|46/100 tox|[from] psn
|-heal|p1a: Gliscor|52/100 tox|[from] ability: Poison Heal
|upkeep
|turn|10
|inactive|qwerp has 120 seconds left.
|
|t:|1779626430
|switch|p1a: Heatran|Heatran, M|100/100
|move|p2a: Maladresse|Ivy Cudgel|p1a: Heatran|[anim] Ivy Cudgel Water
|-supereffective|p1a: Heatran
|-damage|p1a: Heatran|0 fnt
|faint|p1a: Heatran
|
|-damage|p2a: Maladresse|22/100 tox|[from] psn
|upkeep
|
|t:|1779626436
|switch|p1a: Gliscor|Gliscor, M, tera:Water|52/100 tox
|turn|11
|
|t:|1779626440
|move|p1a: Gliscor|Protect|p1a: Gliscor
|-singleturn|p1a: Gliscor|Protect
|move|p2a: Maladresse|Power Whip|p1a: Gliscor
|-activate|p1a: Gliscor|move: Protect
|
|-damage|p2a: Maladresse|0 fnt|[from] psn
|faint|p2a: Maladresse
|-heal|p1a: Gliscor|65/100 tox|[from] ability: Poison Heal
|upkeep
|
|t:|1779626459
|switch|p2a: Swish|Dragonite, M|100/100
|turn|12
|inactive|qwerp has 120 seconds left.
|
|t:|1779626493
|move|p2a: Swish|Encore|p1a: Gliscor
|-start|p1a: Gliscor|Encore
|move|p1a: Gliscor|Protect||[still]
|-fail|p1a: Gliscor
|
|-heal|p1a: Gliscor|77/100 tox|[from] ability: Poison Heal
|upkeep
|turn|13
|
|t:|1779626497
|switch|p1a: Great Tusk|Great Tusk|100/100
|move|p2a: Swish|Dragon Dance|p2a: Swish
|-boost|p2a: Swish|atk|1
|-boost|p2a: Swish|spe|1
|
|upkeep
|turn|14
|
|t:|1779626506
|-terastallize|p2a: Swish|Ghost
|move|p2a: Swish|Dragon Dance|p2a: Swish
|-boost|p2a: Swish|atk|1
|-boost|p2a: Swish|spe|1
|move|p1a: Great Tusk|Ice Spinner|p2a: Swish
|-damage|p2a: Swish|87/100
|
|-heal|p2a: Swish|93/100|[from] item: Leftovers
|upkeep
|turn|15
|
|t:|1779626518
|move|p2a: Swish|Encore|p1a: Great Tusk
|-start|p1a: Great Tusk|Encore
|move|p1a: Great Tusk|Ice Spinner|p2a: Swish
|-damage|p2a: Swish|67/100
|
|-heal|p2a: Swish|73/100|[from] item: Leftovers
|upkeep
|turn|16
|
|t:|1779626520
|-end|p1a: Great Tusk|Protosynthesis|[silent]
|switch|p1a: Gliscor|Gliscor, M, tera:Water|77/100 tox
|move|p2a: Swish|Dragon Dance|p2a: Swish
|-boost|p2a: Swish|atk|1
|-boost|p2a: Swish|spe|1
|
|-heal|p2a: Swish|79/100|[from] item: Leftovers
|-heal|p1a: Gliscor|90/100 tox|[from] ability: Poison Heal
|upkeep
|turn|17
|
|t:|1779626524
|move|p2a: Swish|Earthquake|p1a: Gliscor
|-damage|p1a: Gliscor|38/100 tox
|move|p1a: Gliscor|Toxic|p2a: Swish
|-status|p2a: Swish|tox
|
|-heal|p2a: Swish|85/100 tox|[from] item: Leftovers
|-damage|p2a: Swish|79/100 tox|[from] psn
|-heal|p1a: Gliscor|51/100 tox|[from] ability: Poison Heal
|upkeep
|turn|18
|
|t:|1779626530
|move|p2a: Swish|Earthquake|p1a: Gliscor
|-damage|p1a: Gliscor|0 fnt
|faint|p1a: Gliscor
|
|-heal|p2a: Swish|85/100 tox|[from] item: Leftovers
|-damage|p2a: Swish|73/100 tox|[from] psn
|upkeep
|
|t:|1779626533
|switch|p1a: Great Tusk|Great Tusk|100/100
|turn|19
|
|t:|1779626535
|move|p2a: Swish|Ice Spinner|p1a: Great Tusk
|-supereffective|p1a: Great Tusk
|-damage|p1a: Great Tusk|34/100
|move|p1a: Great Tusk|Bulk Up|p1a: Great Tusk
|-boost|p1a: Great Tusk|atk|1
|-boost|p1a: Great Tusk|def|1
|
|-heal|p2a: Swish|79/100 tox|[from] item: Leftovers
|-heal|p1a: Great Tusk|40/100|[from] item: Leftovers
|-damage|p2a: Swish|61/100 tox|[from] psn
|upkeep
|turn|20
|
|t:|1779626539
|move|p2a: Swish|Ice Spinner|p1a: Great Tusk
|-supereffective|p1a: Great Tusk
|-damage|p1a: Great Tusk|0 fnt
|faint|p1a: Great Tusk
|-end|p1a: Great Tusk|Protosynthesis|[silent]
|
|-heal|p2a: Swish|67/100 tox|[from] item: Leftovers
|-damage|p2a: Swish|42/100 tox|[from] psn
|upkeep
|
|t:|1779626542
|switch|p1a: Zapdos|Zapdos|100/100
|turn|21
|
|t:|1779626545
|move|p2a: Swish|Ice Spinner|p1a: Zapdos
|-supereffective|p1a: Zapdos
|-damage|p1a: Zapdos|0 fnt
|faint|p1a: Zapdos
|
|-heal|p2a: Swish|48/100 tox|[from] item: Leftovers
|-damage|p2a: Swish|17/100 tox|[from] psn
|upkeep
|
|t:|1779626547
|switch|p1a: Charizard|Charizard, M|100/100
|turn|22
|
|t:|1779626552
|move|p2a: Swish|Ice Spinner|p1a: Charizard
|-damage|p1a: Charizard|0 fnt
|faint|p1a: Charizard
|
|win|Akimmanir
|raw|qwerp's rating: 1465 &rarr; <strong>1446</strong><br />(-19 for losing)
|raw|Akimmanir's rating: 1474 &rarr; <strong>1493</strong><br />(+19 for winning)
|l|☆qwerp
|player|p1|
|l|☆Akimmanir
|player|p2|
