|j|☆somsleep
|j|☆liannian
|t:|1779588546
|gametype|singles
|player|p1|somsleep|2|1455
|player|p2|liannian|cynthia-gen4|1479
|gen|9
|tier|[Gen 9] OU
|rated|
|rule|HP Percentage Mod: HP is shown in percentages
|rule|Endless Battle Clause: Forcing endless battles is banned
|rule|Species Clause: Limit one of each Pokémon
|rule|OHKO Clause: OHKO moves are banned
|rule|Evasion Items Clause: Evasion items are banned
|rule|Evasion Moves Clause: Evasion moves are banned
|rule|Evasion Abilities Clause: Evasion abilities are banned
|rule|Sleep Moves Clause: Sleep-inducing moves are banned
|clearpoke
|poke|p1|Abomasnow, M|
|poke|p1|Cetitan, M|
|poke|p1|Rotom|
|poke|p1|Illumise, F|
|poke|p1|Keldeo-Resolute|
|poke|p1|Iron Treads|
|poke|p2|Talonflame, M|
|poke|p2|Pelipper, M|
|poke|p2|Hatterene, F|
|poke|p2|Raging Bolt|
|poke|p2|Barraskewda, M|
|poke|p2|Iron Treads|
|teampreview
|inactive|Battle timer is ON: inactive players will automatically lose when time's up. (requested by liannian)
|
|t:|1779588551
|teamsize|p1|6
|teamsize|p2|6
|start
|switch|p1a: Rotom|Rotom|100/100
|switch|p2a: Pelipper|Pelipper, M, shiny|100/100
|-weather|RainDance|[from] ability: Drizzle|[of] p2a: Pelipper
|turn|1
|
|t:|1779588556
|switch|p2a: 工具象|Iron Treads|100/100
|-item|p2a: 工具象|Air Balloon
|move|p1a: Rotom|Trick|p2a: 工具象
|-activate|p1a: Rotom|move: Trick|[of] p2a: 工具象
|-item|p2a: 工具象|Choice Scarf|[from] move: Trick
|-item|p1a: Rotom|Air Balloon
|-item|p1a: Rotom|Air Balloon|[from] move: Trick
|
|-weather|RainDance|[upkeep]
|upkeep
|turn|2
|
|t:|1779588564
|move|p2a: 工具象|Ice Spinner|p1a: Rotom
|-damage|p1a: Rotom|63/100
|-enditem|p1a: Rotom|Air Balloon
|move|p1a: Rotom|Will-O-Wisp|p2a: 工具象|[miss]
|-miss|p1a: Rotom|p2a: 工具象
|
|-weather|RainDance|[upkeep]
|upkeep
|turn|3
|
|t:|1779588568
|-end|p2a: 工具象|Quark Drive|[silent]
|switch|p2a: 工具帽|Hatterene, F, shiny|100/100
|move|p1a: Rotom|Thunder Wave|p2a: 工具帽
|move|p2a: 工具帽|Thunder Wave|p1a: Rotom|[from] ability: Magic Bounce
|-immune|p1a: Rotom
|
|-weather|RainDance|[upkeep]
|upkeep
|turn|4
|
|t:|1779588573
|move|p1a: Rotom|Trick|p2a: 工具帽
|-activate|p1a: Rotom|move: Trick|[of] p2a: 工具帽
|-enditem|p2a: 工具帽|Eject Button|[silent]|[from] move: Trick
|-item|p1a: Rotom|Eject Button|[from] move: Trick
|move|p2a: 工具帽|Psychic Noise|p1a: Rotom
|-damage|p1a: Rotom|12/100
|-start|p1a: Rotom|move: Heal Block
|-enditem|p1a: Rotom|Eject Button
|
|t:|1779588580
|switch|p1a: Iron Treads|Iron Treads|100/100
|-enditem|p1a: Iron Treads|Booster Energy
|-activate|p1a: Iron Treads|ability: Quark Drive|[fromitem]
|-start|p1a: Iron Treads|quarkdrivespe
|
|-weather|RainDance|[upkeep]
|upkeep
|turn|5
|
|t:|1779588585
|switch|p2a: 工具象|Iron Treads|100/100
|move|p1a: Iron Treads|Iron Head|p2a: 工具象
|-resisted|p2a: 工具象
|-damage|p2a: 工具象|82/100
|
|-weather|RainDance|[upkeep]
|upkeep
|turn|6
|
|t:|1779588590
|move|p1a: Iron Treads|Stealth Rock|p2a: 工具象
|-sidestart|p2: liannian|move: Stealth Rock
|move|p2a: 工具象|Stealth Rock|p1a: Iron Treads
|-sidestart|p1: somsleep|move: Stealth Rock
|
|-weather|RainDance|[upkeep]
|upkeep
|turn|7
|
|t:|1779588595
|-end|p2a: 工具象|Quark Drive|[silent]
|switch|p2a: Pelipper|Pelipper, M, shiny|100/100
|-damage|p2a: Pelipper|76/100|[from] Stealth Rock
|move|p1a: Iron Treads|Rapid Spin|p2a: Pelipper
|-damage|p2a: Pelipper|64/100
|-boost|p1a: Iron Treads|spe|1
|-sideend|p1: somsleep|Stealth Rock|[from] move: Rapid Spin|[of] p1a: Iron Treads
|
|-weather|RainDance|[upkeep]
|upkeep
|turn|8
|
|t:|1779588601
|move|p1a: Iron Treads|Iron Head|p2a: Pelipper
|-resisted|p2a: Pelipper
|-damage|p2a: Pelipper|48/100
|move|p2a: Pelipper|U-turn|p1a: Iron Treads
|-resisted|p1a: Iron Treads
|-damage|p1a: Iron Treads|96/100
|
|t:|1779588604
|switch|p2a: 最快的男人|Barraskewda, M, shiny|100/100|[from] U-turn
|-damage|p2a: 最快的男人|88/100|[from] Stealth Rock
|
|-weather|none
|upkeep
|turn|9
|
|t:|1779588608
|move|p1a: Iron Treads|Earthquake|p2a: 最快的男人
|-damage|p2a: 最快的男人|0 fnt
|faint|p2a: 最快的男人
|
|upkeep
|
|t:|1779588613
|switch|p2a: 工具象|Iron Treads|82/100
|-damage|p2a: 工具象|79/100|[from] Stealth Rock
|turn|10
|
|t:|1779588615
|move|p1a: Iron Treads|Earthquake|p2a: 工具象
|-supereffective|p2a: 工具象
|-damage|p2a: 工具象|0 fnt
|faint|p2a: 工具象
|-end|p2a: 工具象|Quark Drive|[silent]
|
|upkeep
|
|t:|1779588620
|switch|p2a: Pelipper|Pelipper, M, shiny|48/100
|-damage|p2a: Pelipper|23/100|[from] Stealth Rock
|-weather|RainDance|[from] ability: Drizzle|[of] p2a: Pelipper
|turn|11
|
|t:|1779588622
|move|p1a: Iron Treads|Iron Head|p2a: Pelipper
|-resisted|p2a: Pelipper
|-damage|p2a: Pelipper|9/100
|move|p2a: Pelipper|Surf|p1a: Iron Treads
|-supereffective|p1a: Iron Treads
|-damage|p1a: Iron Treads|0 fnt
|faint|p1a: Iron Treads
|-end|p1a: Iron Treads|Quark Drive|[silent]
|
|-weather|RainDance|[upkeep]
|upkeep
|
|t:|1779588633
|switch|p1a: Rotom|Rotom|12/100
|turn|12
|
|t:|1779588639
|move|p1a: Rotom|Hex|p2a: Pelipper
|-damage|p2a: Pelipper|0 fnt
|faint|p2a: Pelipper
|
|-weather|RainDance|[upkeep]
|upkeep
|
|t:|1779588642
|switch|p2a: 雷电士兵|Raging Bolt|100/100
|-damage|p2a: 雷电士兵|88/100|[from] Stealth Rock
|turn|13
|
|t:|1779588649
|move|p1a: Rotom|Will-O-Wisp|p2a: 雷电士兵
|-status|p2a: 雷电士兵|brn
|move|p2a: 雷电士兵|Weather Ball|p1a: Rotom
|-damage|p1a: Rotom|0 fnt
|faint|p1a: Rotom
|
|-weather|RainDance|[upkeep]
|-damage|p2a: 雷电士兵|82/100 brn|[from] brn
|upkeep
|
|t:|1779588658
|switch|p1a: Abomasnow|Abomasnow, M, shiny|100/100
|-weather|Snowscape|[from] ability: Snow Warning|[of] p1a: Abomasnow
|turn|14
|
|t:|1779588663
|-terastallize|p2a: 雷电士兵|Fairy
|move|p1a: Abomasnow|Blizzard|p2a: 雷电士兵
|-damage|p2a: 雷电士兵|51/100 brn
|move|p2a: 雷电士兵|Draco Meteor|p1a: Abomasnow
|-damage|p1a: Abomasnow|7/100
|-unboost|p2a: 雷电士兵|spa|2
|
|-weather|Snowscape|[upkeep]
|-damage|p2a: 雷电士兵|45/100 brn|[from] brn
|upkeep
|turn|15
|
|t:|1779588665
|move|p1a: Abomasnow|Aurora Veil|p1a: Abomasnow
|-sidestart|p1: somsleep|move: Aurora Veil
|move|p2a: 雷电士兵|Volt Switch|p1a: Abomasnow
|-resisted|p1a: Abomasnow
|-damage|p1a: Abomasnow|0 fnt
|faint|p1a: Abomasnow
|
|t:|1779588671
|-end|p2a: 雷电士兵|Protosynthesis|[silent]
|switch|p2a: 工具帽|Hatterene, F, shiny|100/100|[from] Volt Switch
|-damage|p2a: 工具帽|88/100|[from] Stealth Rock
|
|-weather|Snowscape|[upkeep]
|upkeep
|
|t:|1779588675
|switch|p1a: Cetitan|Cetitan, M|100/100
|turn|16
|
|t:|1779588678
|move|p1a: Cetitan|Belly Drum|p1a: Cetitan
|-damage|p1a: Cetitan|50/100
|-setboost|p1a: Cetitan|atk|6|[from] move: Belly Drum
|-enditem|p1a: Cetitan|Sitrus Berry|[eat]
|-heal|p1a: Cetitan|75/100|[from] item: Sitrus Berry
|move|p2a: 工具帽|Nuzzle|p1a: Cetitan
|-damage|p1a: Cetitan|74/100
|-status|p1a: Cetitan|par
|
|-weather|Snowscape|[upkeep]
|upkeep
|turn|17
|
|t:|1779588687
|move|p1a: Cetitan|Earthquake|p2a: 工具帽
|-damage|p2a: 工具帽|0 fnt
|faint|p2a: 工具帽
|
|-weather|Snowscape|[upkeep]
|upkeep
|inactive|liannian has 120 seconds left.
|
|t:|1779588717
|switch|p2a: 疾风之翼！|Talonflame, M, shiny|100/100
|-damage|p2a: 疾风之翼！|51/100|[from] Stealth Rock
|turn|18
|
|t:|1779588719
|move|p1a: Cetitan|Ice Shard|p2a: 疾风之翼！
|-damage|p2a: 疾风之翼！|0 fnt
|faint|p2a: 疾风之翼！
|
|-weather|none
|upkeep
|
|t:|1779588722
|switch|p2a: 雷电士兵|Raging Bolt, tera:Fairy|45/100 brn
|-damage|p2a: 雷电士兵|33/100 brn|[from] Stealth Rock
|turn|19
|
|t:|1779588724
|move|p1a: Cetitan|Ice Shard|p2a: 雷电士兵
|-damage|p2a: 雷电士兵|0 fnt
|faint|p2a: 雷电士兵
|-end|p2a: 雷电士兵|Protosynthesis|[silent]
|
|win|somsleep
|raw|somsleep's rating: 1455 &rarr; <strong>1476</strong><br />(+21 for winning)
|raw|liannian's rating: 1479 &rarr; <strong>1458</strong><br />(-21 for losing)
|l|☆liannian
|player|p2|
|l|☆somsleep
|player|p1|
