|j|☆claudechamp
|j|☆Lorenzin
|t:|1779573945
|gametype|singles
|player|p1|claudechamp|101|1210
|player|p2|Lorenzin|n|1236
|gen|9
|tier|[Gen 9] OU
|rated|
|rule|HP Percentage Mod: HP is shown in percentages
|rule|Endless Battle Clause: Forcing endless battles is banned
|rule|Species Clause: Limit one of each Pokémon
|rule|OHKO Clause: OHKO moves are banned
|rule|Evasion Items Clause: Evasion items are banned
|rule|Evasion Moves Clause: Evasion moves are banned
|rule|Evasion Abilities Clause: Evasion abilities are banned
|rule|Sleep Moves Clause: Sleep-inducing moves are banned
|clearpoke
|poke|p1|Gliscor, F|
|poke|p1|Gholdengo|
|poke|p1|Zamazenta-*|
|poke|p1|Blissey, F|
|poke|p1|Skarmory, F|
|poke|p1|Pecharunt|
|poke|p2|Cinderace, M|
|poke|p2|Rillaboom, M|
|poke|p2|Iron Moth|
|poke|p2|Glimmora, M|
|poke|p2|Okidogi, M|
|poke|p2|Rotom-Wash|
|teampreview
|c|☆claudechamp|hf
|inactive|Battle timer is ON: inactive players will automatically lose when time's up. (requested by claudechamp)
|
|t:|1779573949
|teamsize|p1|6
|teamsize|p2|6
|start
|switch|p1a: Skarmory|Skarmory, F|100/100
|switch|p2a: Zoin|Glimmora, M, shiny|100/100
|turn|1
|
|t:|1779573955
|move|p2a: Zoin|Stealth Rock|p1a: Skarmory
|-sidestart|p1: claudechamp|move: Stealth Rock
|move|p1a: Skarmory|Spikes|p2a: Zoin
|-sidestart|p2: Lorenzin|Spikes
|
|upkeep
|turn|2
|
|t:|1779573961
|switch|p2a: Harry Kane|Cinderace, M|100/100
|move|p1a: Skarmory|Spikes|p2a: Harry Kane
|-sidestart|p2: Lorenzin|Spikes
|
|upkeep
|turn|3
|
|t:|1779573970
|switch|p1a: Pecharunt|Pecharunt|100/100
|move|p2a: Harry Kane|Pyro Ball|p1a: Pecharunt
|-damage|p1a: Pecharunt|72/100
|-status|p1a: Pecharunt|brn
|
|-damage|p1a: Pecharunt|66/100 brn|[from] brn
|upkeep
|turn|4
|
|t:|1779573980
|move|p2a: Harry Kane|U-turn|p1a: Pecharunt
|-start|p2a: Harry Kane|typechange|Bug|[from] ability: Libero
|-resisted|p1a: Pecharunt
|-damage|p1a: Pecharunt|62/100 brn
|
|t:|1779573984
|switch|p2a: Zoin|Glimmora, M, shiny|100/100|[from] U-turn
|-damage|p2a: Zoin|84/100|[from] Spikes
|move|p1a: Pecharunt|Recover|p1a: Pecharunt
|-heal|p1a: Pecharunt|100/100 brn
|
|-damage|p1a: Pecharunt|94/100 brn|[from] brn
|upkeep
|turn|5
|
|t:|1779573997
|switch|p1a: Gliscor|Gliscor, F|100/100
|-damage|p1a: Gliscor|88/100|[from] Stealth Rock
|move|p2a: Zoin|Mortal Spin|p1a: Gliscor
|-resisted|p1a: Gliscor
|-damage|p1a: Gliscor|86/100
|-status|p1a: Gliscor|psn
|-sideend|p2: Lorenzin|Spikes|[from] move: Mortal Spin|[of] p2a: Zoin
|
|-heal|p1a: Gliscor|98/100 psn|[from] ability: Poison Heal
|upkeep
|turn|6
|
|t:|1779574015
|switch|p2a: Tanquinho|Rotom-Wash, shiny|100/100
|move|p1a: Gliscor|Swords Dance|p1a: Gliscor
|-boost|p1a: Gliscor|atk|2
|
|-heal|p1a: Gliscor|100/100 psn|[from] ability: Poison Heal
|upkeep
|turn|7
|
|t:|1779574026
|move|p1a: Gliscor|Knock Off|p2a: Tanquinho
|-damage|p2a: Tanquinho|51/100
|-enditem|p2a: Tanquinho|Leftovers|[from] move: Knock Off|[of] p1a: Gliscor
|move|p2a: Tanquinho|Hydro Pump|p1a: Gliscor
|-supereffective|p1a: Gliscor
|-damage|p1a: Gliscor|22/100 psn
|
|-heal|p1a: Gliscor|35/100 psn|[from] ability: Poison Heal
|upkeep
|turn|8
|
|t:|1779574035
|move|p1a: Gliscor|Protect|p1a: Gliscor
|-singleturn|p1a: Gliscor|Protect
|move|p2a: Tanquinho|Hydro Pump|p1a: Gliscor
|-activate|p1a: Gliscor|move: Protect
|
|-heal|p1a: Gliscor|47/100 psn|[from] ability: Poison Heal
|upkeep
|turn|9
|
|t:|1779574046
|-terastallize|p1a: Gliscor|Dark
|move|p1a: Gliscor|Knock Off|p2a: Tanquinho
|-damage|p2a: Tanquinho|9/100
|move|p2a: Tanquinho|Hydro Pump|p1a: Gliscor
|-damage|p1a: Gliscor|9/100 psn
|
|-heal|p1a: Gliscor|21/100 psn|[from] ability: Poison Heal
|upkeep
|turn|10
|
|t:|1779574061
|switch|p2a: Zoin|Glimmora, M, shiny|84/100
|move|p1a: Gliscor|Protect||[still]
|-fail|p1a: Gliscor
|
|-heal|p1a: Gliscor|34/100 psn|[from] ability: Poison Heal
|upkeep
|turn|11
|
|t:|1779574070
|move|p2a: Zoin|Earth Power|p1a: Gliscor
|-damage|p1a: Gliscor|5/100 psn
|move|p1a: Gliscor|Earthquake|p2a: Zoin
|-supereffective|p2a: Zoin
|-damage|p2a: Zoin|0 fnt
|-activate|p2a: Zoin|ability: Toxic Debris
|-sidestart|p1: claudechamp|move: Toxic Spikes
|faint|p2a: Zoin
|
|-heal|p1a: Gliscor|17/100 psn|[from] ability: Poison Heal
|upkeep
|
|t:|1779574090
|switch|p2a: Placa Solar|Iron Moth|100/100
|-enditem|p2a: Placa Solar|Booster Energy
|-activate|p2a: Placa Solar|ability: Quark Drive|[fromitem]
|-start|p2a: Placa Solar|quarkdrivespa
|turn|12
|
|t:|1779574100
|move|p1a: Gliscor|Protect|p1a: Gliscor
|-singleturn|p1a: Gliscor|Protect
|move|p2a: Placa Solar|Fiery Dance|p1a: Gliscor
|-activate|p1a: Gliscor|move: Protect
|
|-heal|p1a: Gliscor|30/100 psn|[from] ability: Poison Heal
|upkeep
|turn|13
|
|t:|1779574109
|switch|p1a: Blissey|Blissey, F|100/100
|move|p2a: Placa Solar|Fiery Dance|p1a: Blissey
|-damage|p1a: Blissey|82/100
|
|upkeep
|turn|14
|
|t:|1779574118
|-end|p2a: Placa Solar|Quark Drive|[silent]
|switch|p2a: Tanquinho|Rotom-Wash, shiny|9/100
|move|p1a: Blissey|Stealth Rock|p2a: Tanquinho
|-sidestart|p2: Lorenzin|move: Stealth Rock
|
|upkeep
|turn|15
|
|t:|1779574124
|move|p2a: Tanquinho|Will-O-Wisp|p1a: Blissey
|-status|p1a: Blissey|brn
|move|p1a: Blissey|Soft-Boiled|p1a: Blissey
|-heal|p1a: Blissey|100/100 brn
|
|-damage|p1a: Blissey|94/100 brn|[from] brn
|upkeep
|turn|16
|
|t:|1779574144
|move|p2a: Tanquinho|Thunderbolt|p1a: Blissey
|-damage|p1a: Blissey|84/100 brn
|move|p1a: Blissey|Shadow Ball|p2a: Tanquinho
|-damage|p2a: Tanquinho|0 fnt
|faint|p2a: Tanquinho
|
|-damage|p1a: Blissey|78/100 brn|[from] brn
|upkeep
|inactive|Lorenzin has 120 seconds left.
|
|t:|1779574161
|switch|p2a: Detona Ralph|Okidogi, M|100/100
|-damage|p2a: Detona Ralph|94/100|[from] Stealth Rock
|turn|17
|inactive|Lorenzin has 120 seconds left.
|
|t:|1779574173
|-curestatus|p1a: Blissey|brn|[from] ability: Natural Cure|[silent]
|switch|p1a: Zamazenta|Zamazenta|100/100
|-ability|p1a: Zamazenta|Dauntless Shield|boost
|-boost|p1a: Zamazenta|def|1
|move|p2a: Detona Ralph|Knock Off|p1a: Zamazenta
|-resisted|p1a: Zamazenta
|-damage|p1a: Zamazenta|90/100
|-status|p1a: Zamazenta|tox|[from] ability: Toxic Chain|[of] p2a: Detona Ralph
|-enditem|p1a: Zamazenta|Heavy-Duty Boots|[from] move: Knock Off|[of] p2a: Detona Ralph
|
|-damage|p1a: Zamazenta|84/100 tox|[from] psn
|upkeep
|turn|18
|inactive|Lorenzin has 120 seconds left.
|
|t:|1779574190
|move|p1a: Zamazenta|Close Combat|p2a: Detona Ralph
|-resisted|p2a: Detona Ralph
|-damage|p2a: Detona Ralph|72/100
|-unboost|p1a: Zamazenta|def|1
|-unboost|p1a: Zamazenta|spd|1
|move|p2a: Detona Ralph|Gunk Shot|p1a: Zamazenta
|-damage|p1a: Zamazenta|24/100 tox
|
|-damage|p1a: Zamazenta|12/100 tox|[from] psn
|upkeep
|turn|19
|inactive|Lorenzin has 120 seconds left.
|
|t:|1779574204
|move|p1a: Zamazenta|Close Combat|p2a: Detona Ralph
|-resisted|p2a: Detona Ralph
|-damage|p2a: Detona Ralph|47/100
|-unboost|p1a: Zamazenta|def|1
|-unboost|p1a: Zamazenta|spd|1
|move|p2a: Detona Ralph|Knock Off|p1a: Zamazenta
|-resisted|p1a: Zamazenta
|-damage|p1a: Zamazenta|0 fnt
|faint|p1a: Zamazenta
|
|upkeep
|
|t:|1779574209
|switch|p1a: Gliscor|Gliscor, F, tera:Dark|30/100 psn
|-damage|p1a: Gliscor|17/100 psn|[from] Stealth Rock
|turn|20
|inactive|Lorenzin has 120 seconds left.
|
|t:|1779574227
|move|p1a: Gliscor|Earthquake|p2a: Detona Ralph
|-supereffective|p2a: Detona Ralph
|-damage|p2a: Detona Ralph|0 fnt
|faint|p2a: Detona Ralph
|
|-heal|p1a: Gliscor|30/100 psn|[from] ability: Poison Heal
|upkeep
|
|t:|1779574234
|switch|p2a: Placa Solar|Iron Moth|100/100
|-damage|p2a: Placa Solar|76/100|[from] Stealth Rock
|turn|21
|inactive|Lorenzin has 120 seconds left.
|
|t:|1779574241
|move|p1a: Gliscor|Protect|p1a: Gliscor
|-singleturn|p1a: Gliscor|Protect
|move|p2a: Placa Solar|Fiery Dance|p1a: Gliscor
|-activate|p1a: Gliscor|move: Protect
|
|-heal|p1a: Gliscor|42/100 psn|[from] ability: Poison Heal
|upkeep
|turn|22
|
|t:|1779574251
|switch|p1a: Blissey|Blissey, F|78/100
|move|p2a: Placa Solar|Dazzling Gleam|p1a: Blissey
|-crit|p1a: Blissey
|-damage|p1a: Blissey|64/100
|
|upkeep
|turn|23
|
|t:|1779574261
|-end|p2a: Placa Solar|Quark Drive|[silent]
|switch|p2a: Harry Kane|Cinderace, M|100/100
|move|p1a: Blissey|Soft-Boiled|p1a: Blissey
|-heal|p1a: Blissey|100/100
|
|upkeep
|turn|24
|
|t:|1779574271
|switch|p1a: Pecharunt|Pecharunt|94/100 brn
|-sideend|p1: claudechamp|move: Toxic Spikes|[of] p1a: Pecharunt
|move|p2a: Harry Kane|Pyro Ball|p1a: Pecharunt
|-damage|p1a: Pecharunt|69/100 brn
|
|-damage|p1a: Pecharunt|63/100 brn|[from] brn
|upkeep
|turn|25
|
|t:|1779574282
|move|p2a: Harry Kane|Sucker Punch||[still]
|-fail|p2a: Harry Kane
|move|p1a: Pecharunt|Recover|p1a: Pecharunt
|-heal|p1a: Pecharunt|100/100 brn
|
|-damage|p1a: Pecharunt|94/100 brn|[from] brn
|upkeep
|turn|26
|
|t:|1779574292
|move|p2a: Harry Kane|Pyro Ball|p1a: Pecharunt
|-damage|p1a: Pecharunt|68/100 brn
|move|p1a: Pecharunt|Parting Shot|p2a: Harry Kane
|-unboost|p2a: Harry Kane|atk|1
|-unboost|p2a: Harry Kane|spa|1
|
|t:|1779574303
|switch|p1a: Gliscor|Gliscor, F, tera:Dark|42/100 psn|[from] Parting Shot
|-damage|p1a: Gliscor|30/100 psn|[from] Stealth Rock
|
|-heal|p1a: Gliscor|42/100 psn|[from] ability: Poison Heal
|upkeep
|turn|27
|
|t:|1779574314
|switch|p2a: Placa Solar|Iron Moth|76/100
|-damage|p2a: Placa Solar|51/100|[from] Stealth Rock
|move|p1a: Gliscor|Earthquake|p2a: Placa Solar
|-supereffective|p2a: Placa Solar
|-damage|p2a: Placa Solar|0 fnt
|faint|p2a: Placa Solar
|-end|p2a: Placa Solar|Quark Drive|[silent]
|
|-heal|p1a: Gliscor|55/100 psn|[from] ability: Poison Heal
|upkeep
|
|t:|1779574327
|switch|p2a: Harry Kane|Cinderace, M|100/100
|turn|28
|
|t:|1779574335
|move|p1a: Gliscor|Protect|p1a: Gliscor
|-singleturn|p1a: Gliscor|Protect
|move|p2a: Harry Kane|Court Change|p2a: Harry Kane
|-start|p2a: Harry Kane|typechange|Normal|[from] ability: Libero
|-swapsideconditions
|-activate|p2a: Harry Kane|move: Court Change
|
|-heal|p1a: Gliscor|67/100 psn|[from] ability: Poison Heal
|upkeep
|turn|29
|
|t:|1779574344
|move|p2a: Harry Kane|Pyro Ball|p1a: Gliscor
|-crit|p1a: Gliscor
|-damage|p1a: Gliscor|21/100 psn
|move|p1a: Gliscor|Knock Off|p2a: Harry Kane
|-damage|p2a: Harry Kane|54/100
|-enditem|p2a: Harry Kane|Heavy-Duty Boots|[from] move: Knock Off|[of] p1a: Gliscor
|
|-heal|p1a: Gliscor|34/100 psn|[from] ability: Poison Heal
|upkeep
|turn|30
|
|t:|1779574355
|switch|p2a: Rei Julian|Rillaboom, M|100/100
|-damage|p2a: Rei Julian|88/100|[from] Stealth Rock
|-fieldstart|move: Grassy Terrain|[from] ability: Grassy Surge|[of] p2a: Rei Julian
|move|p1a: Gliscor|Protect||[still]
|-fail|p1a: Gliscor
|
|-heal|p2a: Rei Julian|94/100|[from] Grassy Terrain
|-heal|p1a: Gliscor|40/100 psn|[from] Grassy Terrain
|-heal|p1a: Gliscor|52/100 psn|[from] ability: Poison Heal
|upkeep
|turn|31
|
|t:|1779574367
|move|p2a: Rei Julian|U-turn|p1a: Gliscor
|-supereffective|p1a: Gliscor
|-damage|p1a: Gliscor|0 fnt
|faint|p1a: Gliscor
|
|t:|1779574371
|switch|p2a: Harry Kane|Cinderace, M|54/100|[from] U-turn
|-damage|p2a: Harry Kane|29/100|[from] Stealth Rock
|
|-heal|p2a: Harry Kane|35/100|[from] Grassy Terrain
|upkeep
|
|t:|1779574380
|switch|p1a: Pecharunt|Pecharunt|68/100 brn
|turn|32
|
|t:|1779574389
|move|p2a: Harry Kane|U-turn|p1a: Pecharunt
|-start|p2a: Harry Kane|typechange|Bug|[from] ability: Libero
|-resisted|p1a: Pecharunt
|-damage|p1a: Pecharunt|64/100 brn
|
|t:|1779574393
|switch|p2a: Rei Julian|Rillaboom, M|94/100|[from] U-turn
|-damage|p2a: Rei Julian|82/100|[from] Stealth Rock
|move|p1a: Pecharunt|Toxic|p2a: Rei Julian
|-status|p2a: Rei Julian|tox
|-start|p2a: Rei Julian|confusion|[from] ability: Poison Puppeteer|[of] p1a: Pecharunt
|
|-heal|p2a: Rei Julian|88/100 tox|[from] Grassy Terrain
|-heal|p1a: Pecharunt|70/100 brn|[from] Grassy Terrain
|-damage|p2a: Rei Julian|82/100 tox|[from] psn
|-damage|p1a: Pecharunt|64/100 brn|[from] brn
|upkeep
|turn|33
|
|t:|1779574408
|-activate|p2a: Rei Julian|confusion
|move|p2a: Rei Julian|Knock Off|p1a: Pecharunt
|-supereffective|p1a: Pecharunt
|-damage|p1a: Pecharunt|16/100 brn
|-enditem|p1a: Pecharunt|Heavy-Duty Boots|[from] move: Knock Off|[of] p2a: Rei Julian
|move|p1a: Pecharunt|Shadow Ball|p2a: Rei Julian
|-damage|p2a: Rei Julian|49/100 tox
|
|-heal|p2a: Rei Julian|55/100 tox|[from] Grassy Terrain
|-heal|p1a: Pecharunt|22/100 brn|[from] Grassy Terrain
|-damage|p2a: Rei Julian|42/100 tox|[from] psn
|-damage|p1a: Pecharunt|16/100 brn|[from] brn
|upkeep
|turn|34
|
|t:|1779574422
|-activate|p2a: Rei Julian|confusion
|move|p2a: Rei Julian|Knock Off|p1a: Pecharunt
|-supereffective|p1a: Pecharunt
|-damage|p1a: Pecharunt|0 fnt
|faint|p1a: Pecharunt
|
|-heal|p2a: Rei Julian|49/100 tox|[from] Grassy Terrain
|-damage|p2a: Rei Julian|30/100 tox|[from] psn
|-fieldend|move: Grassy Terrain
|upkeep
|
|t:|1779574431
|switch|p1a: Skarmory|Skarmory, F|100/100
|turn|35
|
|t:|1779574440
|-activate|p2a: Rei Julian|confusion
|move|p2a: Rei Julian|Knock Off|p1a: Skarmory
|-damage|p1a: Skarmory|67/100
|-enditem|p1a: Skarmory|Heavy-Duty Boots|[from] move: Knock Off|[of] p2a: Rei Julian
|move|p1a: Skarmory|Spikes|p2a: Rei Julian
|-sidestart|p2: Lorenzin|Spikes
|
|-damage|p2a: Rei Julian|5/100 tox|[from] psn
|upkeep
|turn|36
|
|t:|1779574450
|switch|p2a: Harry Kane|Cinderace, M|35/100
|-damage|p2a: Harry Kane|10/100|[from] Stealth Rock
|-damage|p2a: Harry Kane|0 fnt|[from] Spikes
|faint|p2a: Harry Kane
|move|p1a: Skarmory|Roost|p1a: Skarmory
|-heal|p1a: Skarmory|100/100
|-singleturn|p1a: Skarmory|move: Roost
|
|upkeep
|
|t:|1779574471
|switch|p2a: Rei Julian|Rillaboom, M|5/100 tox
|-damage|p2a: Rei Julian|0 fnt|[from] Stealth Rock
|faint|p2a: Rei Julian
|
|win|claudechamp
|raw|claudechamp's rating: 1210 &rarr; <strong>1237</strong><br />(+27 for winning)
|raw|Lorenzin's rating: 1236 &rarr; <strong>1209</strong><br />(-27 for losing)
|c|☆claudechamp|gg
|l|☆Lorenzin
|player|p2|
