|j|☆lousiv
|j|☆ainasucks
|t:|1779611795
|gametype|singles
|player|p1|lousiv|ltsurge|1260
|player|p2|ainasucks|169|1259
|gen|9
|tier|[Gen 9] OU
|rated|
|rule|HP Percentage Mod: HP is shown in percentages
|rule|Endless Battle Clause: Forcing endless battles is banned
|rule|Species Clause: Limit one of each Pokémon
|rule|OHKO Clause: OHKO moves are banned
|rule|Evasion Items Clause: Evasion items are banned
|rule|Evasion Moves Clause: Evasion moves are banned
|rule|Evasion Abilities Clause: Evasion abilities are banned
|rule|Sleep Moves Clause: Sleep-inducing moves are banned
|clearpoke
|poke|p1|Deoxys-Speed|
|poke|p1|Ting-Lu|
|poke|p1|Gholdengo|
|poke|p1|Slowking-Galar, F|
|poke|p1|Alomomola, F|
|poke|p1|Rhyperior, M|
|poke|p2|Regieleki|
|poke|p2|Glastrier|
|poke|p2|Zamazenta-*|
|poke|p2|Darkrai|
|poke|p2|Latias, F|
|poke|p2|Garchomp, M|
|teampreview
|inactive|Battle timer is ON: inactive players will automatically lose when time's up. (requested by lousiv)
|
|t:|1779611806
|teamsize|p1|6
|teamsize|p2|6
|start
|switch|p1a: Rhyperior|Rhyperior, M|100/100
|switch|p2a: Glastrier|Glastrier|100/100
|turn|1
|
|t:|1779611811
|move|p1a: Rhyperior|Stone Edge|p2a: Glastrier
|-supereffective|p2a: Glastrier
|-damage|p2a: Glastrier|0 fnt
|faint|p2a: Glastrier
|
|upkeep
|
|t:|1779611814
|switch|p2a: Garchomp|Garchomp, M|100/100
|turn|2
|
|t:|1779611819
|switch|p1a: Deoxys|Deoxys-Speed|100/100
|-ability|p1a: Deoxys|Pressure
|move|p2a: Garchomp|Earthquake|p1a: Deoxys
|-damage|p1a: Deoxys|25/100
|
|upkeep
|turn|3
|
|t:|1779611822
|move|p2a: Garchomp|Earthquake|p1a: Deoxys
|-damage|p1a: Deoxys|0 fnt
|faint|p1a: Deoxys
|
|upkeep
|
|t:|1779611826
|switch|p1a: Rhyperior|Rhyperior, M|100/100
|turn|4
|
|t:|1779611846
|move|p2a: Garchomp|Earthquake|p1a: Rhyperior
|-supereffective|p1a: Rhyperior
|-damage|p1a: Rhyperior|51/100
|move|p1a: Rhyperior|Ice Punch|p2a: Garchomp
|-supereffective|p2a: Garchomp
|-damage|p2a: Garchomp|0 fnt
|-damage|p1a: Rhyperior|39/100|[from] ability: Rough Skin|[of] p2a: Garchomp
|faint|p2a: Garchomp
|
|upkeep
|
|t:|1779611854
|switch|p2a: Zamazenta|Zamazenta|100/100
|-ability|p2a: Zamazenta|Dauntless Shield|boost
|-boost|p2a: Zamazenta|def|1
|turn|5
|inactive|ainasucks has 120 seconds left.
|inactive|ainasucks has 90 seconds left.
|
|t:|1779611918
|switch|p1a: Slowking|Slowking-Galar, F|100/100
|move|p2a: Zamazenta|Body Press|p1a: Slowking
|-resisted|p1a: Slowking
|-crit|p1a: Slowking
|-damage|p1a: Slowking|77/100
|
|upkeep
|turn|6
|
|t:|1779611924
|move|p2a: Zamazenta|Crunch|p1a: Slowking
|-supereffective|p1a: Slowking
|-damage|p1a: Slowking|33/100
|move|p1a: Slowking|Thunder Wave|p2a: Zamazenta
|-status|p2a: Zamazenta|par
|
|upkeep
|turn|7
|
|t:|1779611930
|switch|p1a: Alomomola|Alomomola, F|100/100
|move|p2a: Zamazenta|Crunch|p1a: Alomomola
|-damage|p1a: Alomomola|90/100
|
|upkeep
|turn|8
|
|t:|1779611936
|cant|p2a: Zamazenta|par
|move|p1a: Alomomola|Wish|p1a: Alomomola
|
|upkeep
|turn|9
|
|t:|1779611940
|move|p2a: Zamazenta|Iron Defense|p2a: Zamazenta
|-boost|p2a: Zamazenta|def|2
|move|p1a: Alomomola|Flip Turn|p2a: Zamazenta
|-damage|p2a: Zamazenta|97/100 par
|
|t:|1779611945
|switch|p1a: Rhyperior|Rhyperior, M|39/100|[from] Flip Turn
|
|-heal|p1a: Rhyperior|100/100|[from] move: Wish|[wisher] Alomomola
|-heal|p2a: Zamazenta|100/100 par|[from] item: Leftovers
|upkeep
|turn|10
|inactive|ainasucks has 120 seconds left.
|
|t:|1779611959
|switch|p1a: Slowking|Slowking-Galar, F|66/100
|cant|p2a: Zamazenta|par
|
|upkeep
|turn|11
|
|t:|1779611966
|move|p2a: Zamazenta|Crunch|p1a: Slowking
|-supereffective|p1a: Slowking
|-damage|p1a: Slowking|22/100
|move|p1a: Slowking|Future Sight|p2a: Zamazenta
|-start|p1a: Slowking|move: Future Sight
|
|upkeep
|turn|12
|
|t:|1779611976
|switch|p1a: Alomomola|Alomomola, F|100/100
|move|p2a: Zamazenta|Body Press|p1a: Alomomola
|-damage|p1a: Alomomola|42/100
|
|upkeep
|turn|13
|
|t:|1779611986
|move|p2a: Zamazenta|Body Press|p1a: Alomomola
|-damage|p1a: Alomomola|0 fnt
|faint|p1a: Alomomola
|
|-end|p2a: Zamazenta|move: Future Sight
|-supereffective|p2a: Zamazenta
|-damage|p2a: Zamazenta|25/100 par
|-heal|p2a: Zamazenta|31/100 par|[from] item: Leftovers
|upkeep
|
|t:|1779611990
|switch|p1a: Gholdengo|Gholdengo|100/100
|-item|p1a: Gholdengo|Air Balloon
|turn|14
|
|t:|1779612007
|move|p1a: Gholdengo|Hex|p2a: Zamazenta
|-damage|p2a: Zamazenta|0 fnt
|faint|p2a: Zamazenta
|
|upkeep
|
|t:|1779612015
|switch|p2a: Darkrai|Darkrai|100/100
|turn|15
|
|t:|1779612020
|switch|p1a: Ting-Lu|Ting-Lu|100/100
|-ability|p1a: Ting-Lu|Vessel of Ruin
|move|p2a: Darkrai|Dark Pulse|p1a: Ting-Lu
|-resisted|p1a: Ting-Lu
|-damage|p1a: Ting-Lu|92/100
|
|-heal|p1a: Ting-Lu|98/100|[from] item: Leftovers
|upkeep
|turn|16
|
|t:|1779612037
|move|p2a: Darkrai|Nasty Plot|p2a: Darkrai
|-boost|p2a: Darkrai|spa|2
|move|p1a: Ting-Lu|Stealth Rock|p2a: Darkrai
|-sidestart|p2: ainasucks|move: Stealth Rock
|
|-heal|p1a: Ting-Lu|100/100|[from] item: Leftovers
|upkeep
|turn|17
|
|t:|1779612047
|move|p2a: Darkrai|Nasty Plot|p2a: Darkrai
|-boost|p2a: Darkrai|spa|2
|move|p1a: Ting-Lu|Whirlwind|p2a: Darkrai
|drag|p2a: Latias|Latias, F|100/100
|-damage|p2a: Latias|88/100|[from] Stealth Rock
|
|-heal|p2a: Latias|94/100|[from] item: Leftovers
|upkeep
|turn|18
|
|t:|1779612055
|move|p2a: Latias|Chilling Water|p1a: Ting-Lu
|-supereffective|p1a: Ting-Lu
|-damage|p1a: Ting-Lu|90/100
|-unboost|p1a: Ting-Lu|atk|1
|move|p1a: Ting-Lu|Ruination|p2a: Latias
|-damage|p2a: Latias|47/100
|
|-heal|p2a: Latias|54/100|[from] item: Leftovers
|-heal|p1a: Ting-Lu|96/100|[from] item: Leftovers
|upkeep
|turn|19
|
|t:|1779612065
|switch|p1a: Slowking|Slowking-Galar, F|55/100
|move|p2a: Latias|Recover|p2a: Latias
|-heal|p2a: Latias|100/100
|
|upkeep
|turn|20
|
|t:|1779612069
|move|p2a: Latias|Draco Meteor|p1a: Slowking
|-damage|p1a: Slowking|29/100
|-unboost|p2a: Latias|spa|2
|-prepare|p1a: Slowking|Chilly Reception|[premajor]
|move|p1a: Slowking|Chilly Reception|p1a: Slowking
|-weather|Snowscape
|
|t:|1779612081
|switch|p1a: Rhyperior|Rhyperior, M|100/100|[from] Chilly Reception
|
|-weather|Snowscape|[upkeep]
|upkeep
|turn|21
|
|t:|1779612090
|move|p2a: Latias|Calm Mind|p2a: Latias
|-boost|p2a: Latias|spa|1
|-boost|p2a: Latias|spd|1
|move|p1a: Rhyperior|Ice Punch|p2a: Latias
|-supereffective|p2a: Latias
|-damage|p2a: Latias|40/100
|
|-weather|Snowscape|[upkeep]
|-heal|p2a: Latias|46/100|[from] item: Leftovers
|upkeep
|turn|22
|
|t:|1779612097
|move|p2a: Latias|Chilling Water|p1a: Rhyperior
|-supereffective|p1a: Rhyperior
|-damage|p1a: Rhyperior|70/100
|-unboost|p1a: Rhyperior|atk|1
|move|p1a: Rhyperior|Ice Punch|p2a: Latias
|-supereffective|p2a: Latias
|-damage|p2a: Latias|2/100
|
|-weather|Snowscape|[upkeep]
|-heal|p2a: Latias|8/100|[from] item: Leftovers
|upkeep
|turn|23
|
|t:|1779612103
|switch|p1a: Slowking|Slowking-Galar, F|62/100
|move|p2a: Latias|Chilling Water|p1a: Slowking
|-damage|p1a: Slowking|57/100
|-unboost|p1a: Slowking|atk|1
|
|-weather|Snowscape|[upkeep]
|-heal|p2a: Latias|14/100|[from] item: Leftovers
|upkeep
|turn|24
|
|t:|1779612119
|move|p2a: Latias|Draco Meteor|p1a: Slowking|[miss]
|-miss|p2a: Latias|p1a: Slowking
|-prepare|p1a: Slowking|Chilly Reception|[premajor]
|move|p1a: Slowking|Chilly Reception|p1a: Slowking
|
|t:|1779612122
|switch|p1a: Ting-Lu|Ting-Lu|96/100|[from] Chilly Reception
|-ability|p1a: Ting-Lu|Vessel of Ruin
|
|-weather|none
|-heal|p2a: Latias|20/100|[from] item: Leftovers
|-heal|p1a: Ting-Lu|100/100|[from] item: Leftovers
|upkeep
|turn|25
|inactive|ainasucks has 120 seconds left.
|inactive|ainasucks has 90 seconds left.
|
|t:|1779612189
|move|p2a: Latias|Chilling Water|p1a: Ting-Lu
|-supereffective|p1a: Ting-Lu
|-damage|p1a: Ting-Lu|93/100
|-unboost|p1a: Ting-Lu|atk|1
|move|p1a: Ting-Lu|Ruination|p2a: Latias
|-damage|p2a: Latias|10/100
|
|-heal|p2a: Latias|16/100|[from] item: Leftovers
|-heal|p1a: Ting-Lu|99/100|[from] item: Leftovers
|upkeep
|turn|26
|
|t:|1779612196
|move|p2a: Latias|Recover|p2a: Latias
|-heal|p2a: Latias|66/100
|move|p1a: Ting-Lu|Whirlwind|p2a: Latias
|drag|p2a: Darkrai|Darkrai|100/100
|-damage|p2a: Darkrai|88/100|[from] Stealth Rock
|
|-heal|p1a: Ting-Lu|100/100|[from] item: Leftovers
|upkeep
|turn|27
|inactive|ainasucks has 90 seconds left.
|
|t:|1779612211
|move|p2a: Darkrai|Nasty Plot|p2a: Darkrai
|-boost|p2a: Darkrai|spa|2
|move|p1a: Ting-Lu|Earthquake|p2a: Darkrai
|-damage|p2a: Darkrai|54/100
|
|upkeep
|turn|28
|
|t:|1779612220
|move|p2a: Darkrai|Dark Pulse|p1a: Ting-Lu
|-resisted|p1a: Ting-Lu
|-damage|p1a: Ting-Lu|82/100
|move|p1a: Ting-Lu|Whirlwind|p2a: Darkrai
|drag|p2a: Latias|Latias, F|66/100
|-damage|p2a: Latias|54/100|[from] Stealth Rock
|
|-heal|p2a: Latias|60/100|[from] item: Leftovers
|-heal|p1a: Ting-Lu|88/100|[from] item: Leftovers
|upkeep
|turn|29
|
|t:|1779612229
|switch|p1a: Gholdengo|Gholdengo|100/100
|-item|p1a: Gholdengo|Air Balloon
|move|p2a: Latias|Draco Meteor|p1a: Gholdengo
|-resisted|p1a: Gholdengo
|-damage|p1a: Gholdengo|78/100
|-unboost|p2a: Latias|spa|2
|-enditem|p1a: Gholdengo|Air Balloon
|
|-heal|p2a: Latias|66/100|[from] item: Leftovers
|upkeep
|turn|30
|inactive|ainasucks has 90 seconds left.
|inactive|ainasucks has 60 seconds left.
|inactive|ainasucks has 30 seconds left.
|inactive|ainasucks has 20 seconds left.
|inactive|ainasucks has 15 seconds left.
|inactive|ainasucks has 10 seconds left.
|inactive|ainasucks has 5 seconds left.
|-message|ainasucks lost due to inactivity.
|
|win|lousiv
|raw|lousiv's rating: 1260 &rarr; <strong>1284</strong><br />(+24 for winning)
|raw|ainasucks's rating: 1252 &rarr; <strong>1228</strong><br />(-24 for losing)
|l|☆lousiv
|player|p1|
