|j|☆Weyselb
|j|☆hillbilly z
|t:|1779571821
|gametype|singles
|player|p1|Weyselb|pokemaniac|1418
|player|p2|hillbilly z|169|1452
|gen|9
|tier|[Gen 9] OU
|rated|
|rule|HP Percentage Mod: HP is shown in percentages
|rule|Endless Battle Clause: Forcing endless battles is banned
|rule|Species Clause: Limit one of each Pokémon
|rule|OHKO Clause: OHKO moves are banned
|rule|Evasion Items Clause: Evasion items are banned
|rule|Evasion Moves Clause: Evasion moves are banned
|rule|Evasion Abilities Clause: Evasion abilities are banned
|rule|Sleep Moves Clause: Sleep-inducing moves are banned
|clearpoke
|poke|p1|Slowking-Galar, M|
|poke|p1|Ogerpon-Wellspring, F|
|poke|p1|Landorus-Therian, M|
|poke|p1|Greninja-*, M|
|poke|p1|Scizor, F|
|poke|p1|Moltres|
|poke|p2|Torkoal, F|
|poke|p2|Scovillain, M|
|poke|p2|Walking Wake|
|poke|p2|Hatterene, F|
|poke|p2|Great Tusk|
|poke|p2|Ceruledge, F|
|teampreview
|inactive|Battle timer is ON: inactive players will automatically lose when time's up. (requested by Weyselb)
|
|t:|1779571830
|teamsize|p1|6
|teamsize|p2|6
|start
|switch|p1a: Landorus|Landorus-Therian, M|100/100
|switch|p2a: Torkoal|Torkoal, F|100/100
|-ability|p1a: Landorus|Intimidate|boost
|-unboost|p2a: Torkoal|atk|1
|-weather|SunnyDay|[from] ability: Drought|[of] p2a: Torkoal
|turn|1
|
|t:|1779571837
|switch|p2a: Hatterene|Hatterene, F|100/100
|move|p1a: Landorus|U-turn|p2a: Hatterene
|-damage|p2a: Hatterene|76/100
|-enditem|p2a: Hatterene|Eject Button
|
|t:|1779571839
|switch|p2a: Walking Wake|Walking Wake|100/100
|-activate|p2a: Walking Wake|ability: Protosynthesis
|-start|p2a: Walking Wake|protosynthesisspa
|
|-weather|SunnyDay|[upkeep]
|upkeep
|turn|2
|
|t:|1779571849
|move|p1a: Landorus|U-turn|p2a: Walking Wake
|-damage|p2a: Walking Wake|71/100
|
|t:|1779571870
|switch|p1a: Scizor|Scizor, F|100/100|[from] U-turn
|move|p2a: Walking Wake|Draco Meteor|p1a: Scizor|[miss]
|-miss|p2a: Walking Wake|p1a: Scizor
|
|-weather|SunnyDay|[upkeep]
|upkeep
|turn|3
|
|t:|1779571877
|-end|p2a: Walking Wake|Protosynthesis|[silent]
|switch|p2a: Don|Great Tusk|100/100
|-activate|p2a: Don|ability: Protosynthesis
|-start|p2a: Don|protosynthesisatk
|move|p1a: Scizor|Knock Off|p2a: Don
|-resisted|p2a: Don
|-damage|p2a: Don|87/100
|-damage|p1a: Scizor|84/100|[from] item: Rocky Helmet|[of] p2a: Don
|-enditem|p2a: Don|Rocky Helmet|[from] move: Knock Off|[of] p1a: Scizor
|
|-weather|SunnyDay|[upkeep]
|upkeep
|turn|4
|
|t:|1779571886
|switch|p1a: Moltres|Moltres|100/100
|move|p2a: Don|Temper Flare|p1a: Moltres
|-resisted|p1a: Moltres
|-damage|p1a: Moltres|84/100
|
|-weather|SunnyDay|[upkeep]
|upkeep
|turn|5
|
|t:|1779571893
|-end|p2a: Don|Protosynthesis|[silent]
|switch|p2a: Hatterene|Hatterene, F|76/100
|move|p1a: Moltres|U-turn|p2a: Hatterene
|-crit|p2a: Hatterene
|-damage|p2a: Hatterene|56/100
|
|t:|1779571898
|switch|p1a: Slowking|Slowking-Galar, M|100/100|[from] U-turn
|
|-weather|SunnyDay|[upkeep]
|upkeep
|turn|6
|
|t:|1779571901
|move|p2a: Hatterene|Psyshock|p1a: Slowking
|-damage|p1a: Slowking|61/100
|-prepare|p1a: Slowking|Chilly Reception|[premajor]
|move|p1a: Slowking|Chilly Reception|p1a: Slowking
|-weather|Snowscape
|
|t:|1779571911
|switch|p1a: Ogerpon|Ogerpon-Wellspring, F|100/100|[from] Chilly Reception
|
|-weather|Snowscape|[upkeep]
|upkeep
|turn|7
|
|t:|1779571914
|move|p1a: Ogerpon|Ivy Cudgel|p2a: Hatterene|[anim] Ivy Cudgel Water
|-damage|p2a: Hatterene|5/100
|move|p2a: Hatterene|Healing Wish|p2a: Hatterene
|faint|p2a: Hatterene
|
|-weather|Snowscape|[upkeep]
|upkeep
|
|t:|1779571923
|switch|p2a: Torkoal|Torkoal, F|100/100
|-weather|SunnyDay|[from] ability: Drought|[of] p2a: Torkoal
|turn|8
|
|t:|1779571933
|move|p1a: Ogerpon|Ivy Cudgel|p2a: Torkoal|[anim] Ivy Cudgel Water
|-supereffective|p2a: Torkoal
|-crit|p2a: Torkoal
|-damage|p2a: Torkoal|28/100
|move|p2a: Torkoal|Flamethrower|p1a: Ogerpon
|-crit|p1a: Ogerpon
|-damage|p1a: Ogerpon|0 fnt
|faint|p1a: Ogerpon
|
|-weather|SunnyDay|[upkeep]
|upkeep
|
|t:|1779571941
|switch|p1a: Slowking|Slowking-Galar, M|95/100
|turn|9
|
|t:|1779571946
|switch|p2a: Don|Great Tusk|87/100
|-heal|p2a: Don|100/100|[from] move: Healing Wish
|-activate|p2a: Don|ability: Protosynthesis
|-start|p2a: Don|protosynthesisatk
|-prepare|p1a: Slowking|Chilly Reception|[premajor]
|move|p1a: Slowking|Chilly Reception|p1a: Slowking
|-weather|Snowscape
|-end|p2a: Don|Protosynthesis
|
|t:|1779571952
|switch|p1a: Moltres|Moltres|84/100|[from] Chilly Reception
|
|-weather|Snowscape|[upkeep]
|upkeep
|turn|10
|
|t:|1779571956
|-end|p2a: Don|Protosynthesis|[silent]
|switch|p2a: Walking Wake|Walking Wake|71/100
|move|p1a: Moltres|U-turn|p2a: Walking Wake
|-damage|p2a: Walking Wake|55/100
|
|t:|1779571959
|switch|p1a: Landorus|Landorus-Therian, M|100/100|[from] U-turn
|-ability|p1a: Landorus|Intimidate|boost
|-unboost|p2a: Walking Wake|atk|1
|
|-weather|Snowscape|[upkeep]
|upkeep
|turn|11
|
|t:|1779571965
|-end|p2a: Walking Wake|Protosynthesis|[silent]
|switch|p2a: Don|Great Tusk|100/100
|move|p1a: Landorus|Grass Knot|p2a: Don
|-supereffective|p2a: Don
|-damage|p2a: Don|19/100
|
|-weather|Snowscape|[upkeep]
|upkeep
|turn|12
|
|t:|1779571970
|-end|p2a: Don|Protosynthesis|[silent]
|switch|p2a: Walking Wake|Walking Wake|55/100
|move|p1a: Landorus|Grass Knot|p2a: Walking Wake
|-damage|p2a: Walking Wake|21/100
|
|-weather|Snowscape|[upkeep]
|upkeep
|turn|13
|
|t:|1779571974
|-end|p2a: Walking Wake|Protosynthesis|[silent]
|switch|p2a: Torkoal|Torkoal, F|28/100
|-weather|SunnyDay|[from] ability: Drought|[of] p2a: Torkoal
|move|p1a: Landorus|Grass Knot|p2a: Torkoal
|-resisted|p2a: Torkoal
|-damage|p2a: Torkoal|16/100
|
|-weather|SunnyDay|[upkeep]
|upkeep
|turn|14
|
|t:|1779571989
|switch|p1a: Scizor|Scizor, F|84/100
|switch|p2a: Walking Wake|Walking Wake|21/100
|-activate|p2a: Walking Wake|ability: Protosynthesis
|-start|p2a: Walking Wake|protosynthesisspa
|
|-weather|SunnyDay|[upkeep]
|upkeep
|turn|15
|
|t:|1779571996
|-end|p2a: Walking Wake|Protosynthesis|[silent]
|switch|p2a: Don|Great Tusk|19/100
|-activate|p2a: Don|ability: Protosynthesis
|-start|p2a: Don|protosynthesisatk
|move|p1a: Scizor|Bullet Punch|p2a: Don
|-crit|p2a: Don
|-damage|p2a: Don|0 fnt
|faint|p2a: Don
|-end|p2a: Don|Protosynthesis|[silent]
|
|-weather|SunnyDay|[upkeep]
|upkeep
|
|t:|1779571999
|switch|p2a: Scovillain|Scovillain, M|100/100
|turn|16
|
|t:|1779572024
|switch|p1a: Moltres|Moltres|84/100
|move|p2a: Scovillain|Growth|p2a: Scovillain
|-boost|p2a: Scovillain|atk|2
|-boost|p2a: Scovillain|spa|2
|
|-weather|SunnyDay|[upkeep]
|upkeep
|turn|17
|
|t:|1779572030
|-terastallize|p2a: Scovillain|Fire
|move|p2a: Scovillain|Flamethrower|p1a: Moltres
|-resisted|p1a: Moltres
|-damage|p1a: Moltres|0 fnt
|faint|p1a: Moltres
|-damage|p2a: Scovillain|91/100|[from] item: Life Orb
|
|-weather|SunnyDay|[upkeep]
|upkeep
|
|t:|1779572040
|switch|p1a: Slowking|Slowking-Galar, M|100/100
|turn|18
|
|t:|1779572048
|move|p2a: Scovillain|Overheat|p1a: Slowking
|-damage|p1a: Slowking|0 fnt
|-unboost|p2a: Scovillain|spa|2
|faint|p1a: Slowking
|-damage|p2a: Scovillain|81/100|[from] item: Life Orb
|
|-weather|SunnyDay|[upkeep]
|upkeep
|inactive|Weyselb has 120 seconds left.
|
|t:|1779572069
|switch|p1a: Landorus|Landorus-Therian, M|100/100
|-ability|p1a: Landorus|Intimidate|boost
|-unboost|p2a: Scovillain|atk|1
|turn|19
|
|t:|1779572072
|move|p2a: Scovillain|Flamethrower|p1a: Landorus
|-damage|p1a: Landorus|0 fnt
|faint|p1a: Landorus
|-damage|p2a: Scovillain|71/100|[from] item: Life Orb
|
|-weather|SunnyDay|[upkeep]
|upkeep
|
|t:|1779572083
|switch|p1a: Greninja|Greninja, M|100/100
|turn|20
|
|t:|1779572086
|-terastallize|p1a: Greninja|Water
|move|p2a: Scovillain|Giga Drain|p1a: Greninja
|-supereffective|p1a: Greninja
|-damage|p1a: Greninja|0 fnt
|-heal|p2a: Scovillain|100/100|[from] drain|[of] p1a: Greninja
|faint|p1a: Greninja
|-damage|p2a: Scovillain|91/100|[from] item: Life Orb
|
|-weather|none
|upkeep
|
|t:|1779572092
|switch|p1a: Scizor|Scizor, F|84/100
|turn|21
|
|t:|1779572095
|move|p2a: Scovillain|Flamethrower|p1a: Scizor
|-supereffective|p1a: Scizor
|-damage|p1a: Scizor|0 fnt
|faint|p1a: Scizor
|-damage|p2a: Scovillain|81/100|[from] item: Life Orb
|
|win|hillbilly z
|raw|Weyselb's rating: 1418 &rarr; <strong>1400</strong><br />(-18 for losing)
|raw|hillbilly z's rating: 1452 &rarr; <strong>1470</strong><br />(+18 for winning)
|l|☆Weyselb
|player|p1|
