|j|☆bjls
|j|☆Teefryingpan
|t:|1779627097
|gametype|singles
|player|p1|bjls|hilda|1557
|player|p2|Teefryingpan|169|1676
|gen|9
|tier|[Gen 9] OU
|rated|
|rule|HP Percentage Mod: HP is shown in percentages
|rule|Endless Battle Clause: Forcing endless battles is banned
|rule|Species Clause: Limit one of each Pokémon
|rule|OHKO Clause: OHKO moves are banned
|rule|Evasion Items Clause: Evasion items are banned
|rule|Evasion Moves Clause: Evasion moves are banned
|rule|Evasion Abilities Clause: Evasion abilities are banned
|rule|Sleep Moves Clause: Sleep-inducing moves are banned
|clearpoke
|poke|p1|Pelipper, M|
|poke|p1|Basculegion, M|
|poke|p1|Iron Jugulis|
|poke|p1|Raging Bolt|
|poke|p1|Iron Treads|
|poke|p1|Kingambit, M|
|poke|p2|Samurott-Hisui, F|
|poke|p2|Dragapult, F|
|poke|p2|Enamorus, F|
|poke|p2|Scizor, F|
|poke|p2|Iron Treads|
|poke|p2|Ogerpon-Wellspring, F|
|teampreview
|inactive|Battle timer is ON: inactive players will automatically lose when time's up. (requested by bjls)
|
|t:|1779627105
|teamsize|p1|6
|teamsize|p2|6
|start
|switch|p1a: 大卫·戴|Pelipper, M|100/100
|switch|p2a: Dragapult|Dragapult, F|100/100
|-weather|RainDance|[from] ability: Drizzle|[of] p1a: 大卫·戴
|turn|1
|
|t:|1779627109
|move|p2a: Dragapult|Draco Meteor|p1a: 大卫·戴
|-damage|p1a: 大卫·戴|0 fnt
|-unboost|p2a: Dragapult|spa|2
|faint|p1a: 大卫·戴
|
|-weather|RainDance|[upkeep]
|upkeep
|
|t:|1779627115
|switch|p1a: 特瓦林|Iron Jugulis|100/100
|-enditem|p1a: 特瓦林|Booster Energy
|-activate|p1a: 特瓦林|ability: Quark Drive|[fromitem]
|-start|p1a: 特瓦林|quarkdrivespe
|turn|2
|
|t:|1779627120
|switch|p2a: Samurott|Samurott-Hisui, F|100/100
|move|p1a: 特瓦林|Dark Pulse|p2a: Samurott
|-resisted|p2a: Samurott
|-damage|p2a: Samurott|68/100
|
|-weather|RainDance|[upkeep]
|upkeep
|turn|3
|
|t:|1779627126
|move|p1a: 特瓦林|Focus Blast|p2a: Samurott
|-supereffective|p2a: Samurott
|-damage|p2a: Samurott|0 fnt
|faint|p2a: Samurott
|
|-weather|RainDance|[upkeep]
|upkeep
|
|t:|1779627131
|switch|p2a: Enamorus|Enamorus, F|100/100
|turn|4
|
|t:|1779627135
|move|p1a: 特瓦林|Hurricane|p2a: Enamorus
|-damage|p2a: Enamorus|24/100
|-start|p2a: Enamorus|confusion
|-activate|p2a: Enamorus|confusion
|move|p2a: Enamorus|Moonblast|p1a: 特瓦林
|-supereffective|p1a: 特瓦林
|-damage|p1a: 特瓦林|0 fnt
|faint|p1a: 特瓦林
|-end|p1a: 特瓦林|Quark Drive|[silent]
|
|-weather|RainDance|[upkeep]
|upkeep
|
|t:|1779627144
|switch|p1a: 驭雷掣电天尊|Raging Bolt|100/100
|-enditem|p1a: 驭雷掣电天尊|Booster Energy
|-activate|p1a: 驭雷掣电天尊|ability: Protosynthesis|[fromitem]
|-start|p1a: 驭雷掣电天尊|protosynthesisspa
|turn|5
|
|t:|1779627148
|switch|p2a: Dragapult|Dragapult, F|100/100
|move|p1a: 驭雷掣电天尊|Weather Ball|p2a: Dragapult
|-resisted|p2a: Dragapult
|-damage|p2a: Dragapult|51/100
|
|-weather|RainDance|[upkeep]
|upkeep
|turn|6
|
|t:|1779627155
|switch|p2a: Iron Treads|Iron Treads|100/100
|-terastallize|p1a: 驭雷掣电天尊|Fairy
|move|p1a: 驭雷掣电天尊|Weather Ball|p2a: Iron Treads
|-supereffective|p2a: Iron Treads
|-damage|p2a: Iron Treads|0 fnt
|faint|p2a: Iron Treads
|-end|p2a: Iron Treads|Quark Drive|[silent]
|
|-weather|RainDance|[upkeep]
|upkeep
|
|t:|1779627162
|switch|p2a: Scizor|Scizor, F|100/100
|turn|7
|
|t:|1779627166
|move|p2a: Scizor|Bullet Punch|p1a: 驭雷掣电天尊
|-supereffective|p1a: 驭雷掣电天尊
|-crit|p1a: 驭雷掣电天尊
|-damage|p1a: 驭雷掣电天尊|0 fnt
|faint|p1a: 驭雷掣电天尊
|-end|p1a: 驭雷掣电天尊|Protosynthesis|[silent]
|
|-weather|RainDance|[upkeep]
|upkeep
|
|t:|1779627168
|switch|p1a: 一汽·大运|Basculegion, M|100/100
|turn|8
|
|t:|1779627174
|switch|p2a: Enamorus|Enamorus, F|24/100
|move|p1a: 一汽·大运|Phantom Force||[still]
|-prepare|p1a: 一汽·大运|Phantom Force
|
|-weather|none
|upkeep
|turn|9
|
|t:|1779627180
|move|p2a: Enamorus|Healing Wish|p2a: Enamorus
|faint|p2a: Enamorus
|move|p1a: 一汽·大运|Phantom Force|p2: Enamorus|[from] lockedmove|[notarget]
|-fail|p1a: 一汽·大运
|
|upkeep
|
|t:|1779627184
|switch|p2a: Dragapult|Dragapult, F|51/100
|-heal|p2a: Dragapult|100/100|[from] move: Healing Wish
|turn|10
|
|t:|1779627186
|move|p2a: Dragapult|Shadow Ball|p1a: 一汽·大运
|-supereffective|p1a: 一汽·大运
|-damage|p1a: 一汽·大运|0 fnt
|faint|p1a: 一汽·大运
|
|upkeep
|
|t:|1779627192
|switch|p1a: 帝车超光所向捷|Iron Treads|100/100
|-enditem|p1a: 帝车超光所向捷|Booster Energy
|-activate|p1a: 帝车超光所向捷|ability: Quark Drive|[fromitem]
|-start|p1a: 帝车超光所向捷|quarkdrivespe
|turn|11
|
|t:|1779627196
|move|p1a: 帝车超光所向捷|Ice Spinner|p2a: Dragapult
|-supereffective|p2a: Dragapult
|-damage|p2a: Dragapult|29/100
|move|p2a: Dragapult|Shadow Ball|p1a: 帝车超光所向捷
|-damage|p1a: 帝车超光所向捷|21/100
|
|upkeep
|turn|12
|
|t:|1779627200
|move|p1a: 帝车超光所向捷|Ice Spinner|p2a: Dragapult
|-supereffective|p2a: Dragapult
|-damage|p2a: Dragapult|0 fnt
|faint|p2a: Dragapult
|
|upkeep
|
|t:|1779627201
|switch|p2a: Ogerpon|Ogerpon-Wellspring, F|100/100
|turn|13
|
|t:|1779627204
|move|p1a: 帝车超光所向捷|Ice Spinner|p2a: Ogerpon
|-damage|p2a: Ogerpon|68/100
|move|p2a: Ogerpon|Ivy Cudgel|p1a: 帝车超光所向捷|[anim] Ivy Cudgel Water
|-supereffective|p1a: 帝车超光所向捷
|-damage|p1a: 帝车超光所向捷|0 fnt
|faint|p1a: 帝车超光所向捷
|-end|p1a: 帝车超光所向捷|Quark Drive|[silent]
|
|upkeep
|
|t:|1779627207
|switch|p1a: 万夫莫敌|Kingambit, M|100/100
|-activate|p1a: 万夫莫敌|ability: Supreme Overlord
|-start|p1a: 万夫莫敌|fallen5|[silent]
|-item|p1a: 万夫莫敌|Air Balloon
|turn|14
|
|t:|1779627209
|-terastallize|p2a: Ogerpon|Water
|detailschange|p2a: Ogerpon|Ogerpon-Wellspring-Tera, F, tera:Water
|-ability|p2a: Ogerpon|Embody Aspect (Wellspring)|boost
|-boost|p2a: Ogerpon|spd|1
|move|p2a: Ogerpon|Ivy Cudgel|p1a: 万夫莫敌|[anim] Ivy Cudgel Water
|-damage|p1a: 万夫莫敌|34/100
|-enditem|p1a: 万夫莫敌|Air Balloon
|move|p1a: 万夫莫敌|Kowtow Cleave|p2a: Ogerpon
|-damage|p2a: Ogerpon|0 fnt
|faint|p2a: Ogerpon
|detailschange|p2: Ogerpon|Ogerpon-Wellspring, F|[silent]
|
|upkeep
|
|t:|1779627216
|switch|p2a: Scizor|Scizor, F|100/100
|turn|15
|
|t:|1779627219
|move|p1a: 万夫莫敌|Kowtow Cleave|p2a: Scizor
|-damage|p2a: Scizor|31/100
|move|p2a: Scizor|Brick Break|p1a: 万夫莫敌
|-supereffective|p1a: 万夫莫敌
|-damage|p1a: 万夫莫敌|0 fnt
|faint|p1a: 万夫莫敌
|-end|p1a: 万夫莫敌|fallen5|[silent]
|
|win|Teefryingpan
|raw|bjls's rating: 1557 &rarr; <strong>1544</strong><br />(-13 for losing)
|raw|Teefryingpan's rating: 1676 &rarr; <strong>1689</strong><br />(+13 for winning)
|l|☆bjls
|player|p1|
