|j|☆my 100lb pug
|j|‽kerom.pk
|t:|1779590570
|gametype|singles
|player|p1|my 100lb pug|266|1644
|player|p2|kerom.pk|169|1578
|gen|9
|tier|[Gen 9] OU
|rated|
|rule|HP Percentage Mod: HP is shown in percentages
|rule|Endless Battle Clause: Forcing endless battles is banned
|rule|Species Clause: Limit one of each Pokémon
|rule|OHKO Clause: OHKO moves are banned
|rule|Evasion Items Clause: Evasion items are banned
|rule|Evasion Moves Clause: Evasion moves are banned
|rule|Evasion Abilities Clause: Evasion abilities are banned
|rule|Sleep Moves Clause: Sleep-inducing moves are banned
|clearpoke
|poke|p1|Delphox, F|
|poke|p1|Raging Bolt|
|poke|p1|Samurott-Hisui, F|
|poke|p1|Hatterene, F|
|poke|p1|Great Tusk|
|poke|p1|Kyurem|
|poke|p2|Clodsire, F|
|poke|p2|Alomomola, M|
|poke|p2|Hydrapple, F|
|poke|p2|Meowscarada, F|
|poke|p2|Primarina, M|
|poke|p2|Weezing-Galar, M|
|teampreview
|j| Easontom
|inactive|Battle timer is ON: inactive players will automatically lose when time's up. (requested by kerom.pk)
|
|t:|1779590627
|teamsize|p1|6
|teamsize|p2|6
|start
|switch|p1a: Kyurem|Kyurem|100/100
|switch|p2a: Meowscarada|Meowscarada, F|100/100
|-ability|p1a: Kyurem|Pressure
|turn|1
|
|t:|1779590646
|move|p2a: Meowscarada|Low Kick|p1a: Kyurem
|-start|p2a: Meowscarada|typechange|Fighting|[from] ability: Protean
|-supereffective|p1a: Kyurem
|-damage|p1a: Kyurem|0 fnt
|faint|p1a: Kyurem
|
|upkeep
|
|t:|1779590653
|switch|p1a: Hatterene|Hatterene, F|100/100
|turn|2
|
|t:|1779590659
|switch|p2a: Alomomola|Alomomola, M|100/100
|move|p1a: Hatterene|Psychic Noise|p2a: Alomomola
|-damage|p2a: Alomomola|64/100
|
|upkeep
|turn|3
|
|t:|1779590668
|move|p2a: Alomomola|Wish|p2a: Alomomola
|move|p1a: Hatterene|Nuzzle|p2a: Alomomola
|-supereffective|p2a: Alomomola
|-damage|p2a: Alomomola|58/100
|
|upkeep
|turn|4
|
|t:|1779590675
|move|p1a: Hatterene|Psychic Noise|p2a: Alomomola
|-damage|p2a: Alomomola|22/100
|move|p2a: Alomomola|Mirror Coat|p1a: Hatterene
|-damage|p1a: Hatterene|0 fnt
|faint|p1a: Hatterene
|
|-heal|p2a: Alomomola|72/100|[from] move: Wish|[wisher] Alomomola
|upkeep
|
|t:|1779590681
|switch|p1a: Delphox|Delphox, F|100/100
|turn|5
|j| kanaete onegai
|
|t:|1779590688
|switch|p1a: Raging Bolt|Raging Bolt|100/100
|-enditem|p1a: Raging Bolt|Booster Energy
|-activate|p1a: Raging Bolt|ability: Protosynthesis|[fromitem]
|-start|p1a: Raging Bolt|protosynthesisspa
|move|p2a: Alomomola|Flip Turn|p1a: Raging Bolt
|-resisted|p1a: Raging Bolt
|-damage|p1a: Raging Bolt|94/100
|
|t:|1779590698
|switch|p2a: Clodsire|Clodsire, F|100/100|[from] Flip Turn
|
|upkeep
|turn|6
|
|t:|1779590703
|-end|p1a: Raging Bolt|Protosynthesis|[silent]
|switch|p1a: Great Tusk|Great Tusk|100/100
|move|p2a: Clodsire|Earthquake|p1a: Great Tusk
|-damage|p1a: Great Tusk|85/100
|
|upkeep
|turn|7
|
|t:|1779590708
|switch|p2a: Alomomola|Alomomola, M|100/100
|move|p1a: Great Tusk|Stealth Rock|p2a: Alomomola
|-sidestart|p2: kerom.pk|move: Stealth Rock
|
|upkeep
|turn|8
|
|t:|1779590718
|move|p1a: Great Tusk|Knock Off|p2a: Alomomola
|-crit|p2a: Alomomola
|-damage|p2a: Alomomola|75/100
|-enditem|p2a: Alomomola|Covert Cloak|[from] move: Knock Off|[of] p1a: Great Tusk
|move|p2a: Alomomola|Flip Turn|p1a: Great Tusk
|-supereffective|p1a: Great Tusk
|-damage|p1a: Great Tusk|66/100
|
|t:|1779590721
|switch|p2a: Primarina|Primarina, M|100/100|[from] Flip Turn
|-damage|p2a: Primarina|88/100|[from] Stealth Rock
|
|-heal|p2a: Primarina|94/100|[from] item: Leftovers
|upkeep
|turn|9
|
|t:|1779590726
|move|p1a: Great Tusk|Headlong Rush|p2a: Primarina
|-damage|p2a: Primarina|48/100
|-unboost|p1a: Great Tusk|def|1
|-unboost|p1a: Great Tusk|spd|1
|move|p2a: Primarina|Whirlpool|p1a: Great Tusk|[miss]
|-miss|p2a: Primarina|p1a: Great Tusk
|
|-heal|p2a: Primarina|54/100|[from] item: Leftovers
|upkeep
|turn|10
|
|t:|1779590733
|move|p2a: Primarina|Protect|p2a: Primarina
|-singleturn|p2a: Primarina|Protect
|move|p1a: Great Tusk|Headlong Rush|p2a: Primarina
|-activate|p2a: Primarina|move: Protect
|
|-heal|p2a: Primarina|60/100|[from] item: Leftovers
|upkeep
|turn|11
|
|t:|1779590735
|move|p1a: Great Tusk|Headlong Rush|p2a: Primarina
|-damage|p2a: Primarina|15/100
|-unboost|p1a: Great Tusk|def|1
|-unboost|p1a: Great Tusk|spd|1
|move|p2a: Primarina|Moonblast|p1a: Great Tusk
|-supereffective|p1a: Great Tusk
|-damage|p1a: Great Tusk|0 fnt
|faint|p1a: Great Tusk
|-end|p1a: Great Tusk|Protosynthesis|[silent]
|
|-heal|p2a: Primarina|21/100|[from] item: Leftovers
|upkeep
|
|t:|1779590743
|switch|p1a: Samurott|Samurott-Hisui, F|100/100
|turn|12
|
|t:|1779590746
|move|p2a: Primarina|Protect|p2a: Primarina
|-singleturn|p2a: Primarina|Protect
|move|p1a: Samurott|Ceaseless Edge|p2a: Primarina
|-activate|p2a: Primarina|move: Protect
|
|-heal|p2a: Primarina|27/100|[from] item: Leftovers
|upkeep
|turn|13
|
|t:|1779590749
|move|p1a: Samurott|Ceaseless Edge|p2a: Primarina
|-resisted|p2a: Primarina
|-damage|p2a: Primarina|7/100
|-sidestart|p2: kerom.pk|Spikes
|move|p2a: Primarina|Moonblast|p1a: Samurott
|-supereffective|p1a: Samurott
|-crit|p1a: Samurott
|-damage|p1a: Samurott|0 fnt
|faint|p1a: Samurott
|
|-heal|p2a: Primarina|13/100|[from] item: Leftovers
|upkeep
|
|t:|1779590759
|switch|p1a: Raging Bolt|Raging Bolt|94/100
|turn|14
|
|t:|1779590765
|move|p1a: Raging Bolt|Thunderclap||[still]
|-fail|p1a: Raging Bolt
|move|p2a: Primarina|Perish Song|p2a: Primarina
|-start|p1a: Raging Bolt|perish3|[silent]
|-start|p2a: Primarina|perish3|[silent]
|-fieldactivate|move: Perish Song
|
|-heal|p2a: Primarina|19/100|[from] item: Leftovers
|-start|p1a: Raging Bolt|perish3
|-start|p2a: Primarina|perish3
|upkeep
|turn|15
|
|t:|1779590770
|move|p2a: Primarina|Protect|p2a: Primarina
|-singleturn|p2a: Primarina|Protect
|move|p1a: Raging Bolt|Thunderclap||[still]
|-fail|p1a: Raging Bolt
|
|-heal|p2a: Primarina|25/100|[from] item: Leftovers
|-start|p1a: Raging Bolt|perish2
|-start|p2a: Primarina|perish2
|upkeep
|turn|16
|
|t:|1779590777
|switch|p2a: Clodsire|Clodsire, F|100/100
|-damage|p2a: Clodsire|94/100|[from] Stealth Rock
|-damage|p2a: Clodsire|82/100|[from] Spikes
|move|p1a: Raging Bolt|Thunderbolt|p2a: Clodsire
|-immune|p2a: Clodsire
|
|-heal|p2a: Clodsire|88/100|[from] item: Leftovers
|-start|p1a: Raging Bolt|perish1
|upkeep
|turn|17
|
|t:|1779590781
|-end|p1a: Raging Bolt|Protosynthesis|[silent]
|switch|p1a: Delphox|Delphox, F|100/100
|move|p2a: Clodsire|Earthquake|p1a: Delphox
|-supereffective|p1a: Delphox
|-damage|p1a: Delphox|24/100
|
|-heal|p2a: Clodsire|94/100|[from] item: Leftovers
|upkeep
|turn|18
|
|t:|1779590792
|switch|p2a: Primarina|Primarina, M|25/100
|-damage|p2a: Primarina|12/100|[from] Stealth Rock
|-damage|p2a: Primarina|0 fnt|[from] Spikes
|faint|p2a: Primarina
|move|p1a: Delphox|Psyshock|p2: Primarina|[notarget]
|-fail|p1a: Delphox
|
|upkeep
|
|t:|1779590794
|switch|p2a: Alomomola|Alomomola, M|100/100
|-damage|p2a: Alomomola|88/100|[from] Stealth Rock
|-damage|p2a: Alomomola|76/100|[from] Spikes
|turn|19
|
|t:|1779590797
|switch|p1a: Raging Bolt|Raging Bolt|94/100
|move|p2a: Alomomola|Flip Turn|p1a: Raging Bolt
|-resisted|p1a: Raging Bolt
|-damage|p1a: Raging Bolt|87/100
|
|t:|1779590804
|switch|p2a: Clodsire|Clodsire, F|94/100|[from] Flip Turn
|-damage|p2a: Clodsire|88/100|[from] Stealth Rock
|-damage|p2a: Clodsire|76/100|[from] Spikes
|
|-heal|p2a: Clodsire|82/100|[from] item: Leftovers
|upkeep
|turn|20
|
|t:|1779590813
|-terastallize|p1a: Raging Bolt|Flying
|move|p1a: Raging Bolt|Calm Mind|p1a: Raging Bolt
|-boost|p1a: Raging Bolt|spa|1
|-boost|p1a: Raging Bolt|spd|1
|move|p2a: Clodsire|Earthquake|p1a: Raging Bolt
|-immune|p1a: Raging Bolt
|
|-heal|p2a: Clodsire|88/100|[from] item: Leftovers
|upkeep
|turn|21
|
|t:|1779590817
|move|p1a: Raging Bolt|Dragon Pulse|p2a: Clodsire
|-damage|p2a: Clodsire|55/100
|move|p2a: Clodsire|Curse|p2a: Clodsire
|-unboost|p2a: Clodsire|spe|1
|-boost|p2a: Clodsire|atk|1
|-boost|p2a: Clodsire|def|1
|
|-heal|p2a: Clodsire|62/100|[from] item: Leftovers
|upkeep
|turn|22
|
|t:|1779590820
|move|p1a: Raging Bolt|Dragon Pulse|p2a: Clodsire
|-damage|p2a: Clodsire|28/100
|move|p2a: Clodsire|Recover|p2a: Clodsire
|-heal|p2a: Clodsire|78/100
|
|-heal|p2a: Clodsire|84/100|[from] item: Leftovers
|upkeep
|turn|23
|
|t:|1779590825
|move|p1a: Raging Bolt|Dragon Pulse|p2a: Clodsire
|-damage|p2a: Clodsire|54/100
|move|p2a: Clodsire|Poison Jab|p1a: Raging Bolt
|-damage|p1a: Raging Bolt|62/100
|
|-heal|p2a: Clodsire|60/100|[from] item: Leftovers
|upkeep
|turn|24
|
|t:|1779590828
|move|p1a: Raging Bolt|Dragon Pulse|p2a: Clodsire
|-damage|p2a: Clodsire|29/100
|move|p2a: Clodsire|Recover|p2a: Clodsire
|-heal|p2a: Clodsire|79/100
|
|-heal|p2a: Clodsire|86/100|[from] item: Leftovers
|upkeep
|turn|25
|
|t:|1779590831
|move|p1a: Raging Bolt|Dragon Pulse|p2a: Clodsire
|-damage|p2a: Clodsire|54/100
|move|p2a: Clodsire|Poison Jab|p1a: Raging Bolt
|-damage|p1a: Raging Bolt|35/100
|-status|p1a: Raging Bolt|psn
|
|-heal|p2a: Clodsire|60/100|[from] item: Leftovers
|-damage|p1a: Raging Bolt|23/100 psn|[from] psn
|upkeep
|turn|26
|
|t:|1779590834
|-end|p1a: Raging Bolt|Protosynthesis|[silent]
|switch|p1a: Delphox|Delphox, F|24/100
|move|p2a: Clodsire|Recover|p2a: Clodsire
|-heal|p2a: Clodsire|100/100
|
|upkeep
|turn|27
|
|t:|1779590838
|move|p1a: Delphox|Psyshock|p2a: Clodsire
|-supereffective|p2a: Clodsire
|-damage|p2a: Clodsire|40/100
|move|p2a: Clodsire|Earthquake|p1a: Delphox
|-supereffective|p1a: Delphox
|-damage|p1a: Delphox|0 fnt
|faint|p1a: Delphox
|
|-heal|p2a: Clodsire|46/100|[from] item: Leftovers
|upkeep
|-message|my 100lb pug forfeited.
|
|win|kerom.pk
|raw|my 100lb pug's rating: 1644 &rarr; <strong>1619</strong><br />(-25 for losing)
|raw|kerom.pk's rating: 1557 &rarr; <strong>1582</strong><br />(+25 for winning)
|l|☆my 100lb pug
|player|p1|
|l|‽kerom.pk
|player|p2|
|l| Easontom
