|j|☆yule_fffffengbo
|j|☆91m
|t:|1779623013
|gametype|singles
|player|p1|yule_fffffengbo|rika|
|player|p2|91m|dawn|
|gen|9
|tier|[Gen 9] OU
|rule|HP Percentage Mod: HP is shown in percentages
|rule|Endless Battle Clause: Forcing endless battles is banned
|rule|Species Clause: Limit one of each Pokémon
|rule|OHKO Clause: OHKO moves are banned
|rule|Evasion Items Clause: Evasion items are banned
|rule|Evasion Moves Clause: Evasion moves are banned
|rule|Evasion Abilities Clause: Evasion abilities are banned
|rule|Sleep Moves Clause: Sleep-inducing moves are banned
|clearpoke
|poke|p1|Pelipper, M|
|poke|p1|Zapdos|
|poke|p1|Corviknight, M|
|poke|p1|Clodsire, M|
|poke|p1|Incineroar, M|
|poke|p1|Barraskewda, M|
|poke|p2|Ursaluna, M|
|poke|p2|Hatterene, F|
|poke|p2|Grimmsnarl, M|
|poke|p2|Cresselia, F|
|poke|p2|Dragonite, M|
|poke|p2|Kleavor, M|
|teampreview
|inactive|Battle timer is ON: inactive players will automatically lose when time's up. (requested by yule_fffffengbo)
|
|t:|1779623040
|teamsize|p1|6
|teamsize|p2|6
|start
|switch|p1a: Pelipper|Pelipper, M, shiny|100/100
|switch|p2a: Hatterene|Hatterene, F|100/100
|-weather|RainDance|[from] ability: Drizzle|[of] p1a: Pelipper
|turn|1
|
|t:|1779623058
|move|p1a: Pelipper|U-turn|p2a: Hatterene
|-damage|p2a: Hatterene|89/100
|
|t:|1779623062
|switch|p1a: Corviknight|Corviknight, M, shiny|100/100|[from] U-turn
|-ability|p1a: Corviknight|Pressure
|move|p2a: Hatterene|Trick Room|p2a: Hatterene
|-fieldstart|move: Trick Room|[of] p2a: Hatterene
|
|-weather|RainDance|[upkeep]
|upkeep
|turn|2
|
|t:|1779623088
|switch|p2a: Cresselia|Cresselia, F, shiny|100/100
|move|p1a: Corviknight|U-turn|p2a: Cresselia
|-supereffective|p2a: Cresselia
|-damage|p2a: Cresselia|85/100
|
|t:|1779623095
|switch|p1a: Incineroar|Incineroar, M, shiny|100/100|[from] U-turn
|-ability|p1a: Incineroar|Intimidate|boost
|-unboost|p2a: Cresselia|atk|1
|
|-weather|RainDance|[upkeep]
|upkeep
|turn|3
|
|t:|1779623105
|move|p1a: Incineroar|Knock Off|p2a: Cresselia
|-supereffective|p2a: Cresselia
|-damage|p2a: Cresselia|48/100
|-enditem|p2a: Cresselia|Mental Herb|[from] move: Knock Off|[of] p1a: Incineroar
|move|p2a: Cresselia|Moonlight|p2a: Cresselia
|-heal|p2a: Cresselia|73/100
|
|-weather|RainDance|[upkeep]
|upkeep
|turn|4
|
|t:|1779623112
|move|p1a: Incineroar|Parting Shot|p2a: Cresselia
|-unboost|p2a: Cresselia|atk|1
|-unboost|p2a: Cresselia|spa|1
|
|t:|1779623117
|switch|p1a: Clodsire|Clodsire, M, shiny|100/100|[from] Parting Shot
|move|p2a: Cresselia|Moonlight|p2a: Cresselia
|-heal|p2a: Cresselia|98/100
|
|-weather|RainDance|[upkeep]
|upkeep
|turn|5
|
|t:|1779623131
|switch|p1a: Corviknight|Corviknight, M, shiny|100/100
|-ability|p1a: Corviknight|Pressure
|switch|p2a: Hatterene|Hatterene, F|89/100
|
|-weather|RainDance|[upkeep]
|-fieldend|move: Trick Room
|upkeep
|turn|6
|
|t:|1779623135
|move|p1a: Corviknight|U-turn|p2a: Hatterene
|-damage|p2a: Hatterene|74/100
|
|t:|1779623139
|switch|p1a: Incineroar|Incineroar, M, shiny|100/100|[from] U-turn
|-ability|p1a: Incineroar|Intimidate|boost
|-unboost|p2a: Hatterene|atk|1
|move|p2a: Hatterene|Mystical Fire|p1a: Incineroar
|-resisted|p1a: Incineroar
|-damage|p1a: Incineroar|93/100
|-unboost|p1a: Incineroar|spa|1
|-damage|p2a: Hatterene|65/100|[from] item: Life Orb
|
|-weather|RainDance|[upkeep]
|upkeep
|turn|7
|
|t:|1779623147
|move|p1a: Incineroar|Knock Off|p2a: Hatterene
|-damage|p2a: Hatterene|20/100
|-enditem|p2a: Hatterene|Life Orb|[from] move: Knock Off|[of] p1a: Incineroar
|move|p2a: Hatterene|Trick Room|p2a: Hatterene
|-fieldstart|move: Trick Room|[of] p2a: Hatterene
|
|-weather|RainDance|[upkeep]
|upkeep
|turn|8
|
|t:|1779623151
|move|p2a: Hatterene|Dazzling Gleam|p1a: Incineroar
|-damage|p1a: Incineroar|54/100
|move|p1a: Incineroar|Parting Shot|p2a: Hatterene
|move|p2a: Hatterene|Parting Shot|p1a: Incineroar|[from] ability: Magic Bounce
|-unboost|p1a: Incineroar|atk|1
|-unboost|p1a: Incineroar|spa|1
|
|t:|1779623165
|switch|p2a: Ursaluna|Ursaluna, M, shiny|100/100|[from] Parting Shot
|
|-weather|none
|-status|p2a: Ursaluna|brn|[from] item: Flame Orb
|upkeep
|turn|9
|
|t:|1779623174
|switch|p1a: Corviknight|Corviknight, M, shiny|100/100
|-ability|p1a: Corviknight|Pressure
|move|p2a: Ursaluna|Facade|p1a: Corviknight
|-resisted|p1a: Corviknight
|-damage|p1a: Corviknight|66/100
|-damage|p2a: Ursaluna|84/100 brn|[from] item: Rocky Helmet|[of] p1a: Corviknight
|
|-damage|p2a: Ursaluna|78/100 brn|[from] brn
|upkeep
|turn|10
|
|t:|1779623201
|move|p1a: Corviknight|Roost|p1a: Corviknight
|-heal|p1a: Corviknight|100/100
|-singleturn|p1a: Corviknight|move: Roost
|move|p2a: Ursaluna|Thunder Punch|p1a: Corviknight
|-damage|p1a: Corviknight|73/100
|-damage|p2a: Ursaluna|61/100 brn|[from] item: Rocky Helmet|[of] p1a: Corviknight
|
|-damage|p2a: Ursaluna|55/100 brn|[from] brn
|upkeep
|turn|11
|
|t:|1779623208
|move|p1a: Corviknight|Roost|p1a: Corviknight
|-heal|p1a: Corviknight|100/100
|-singleturn|p1a: Corviknight|move: Roost
|move|p2a: Ursaluna|Headlong Rush|p1a: Corviknight
|-supereffective|p1a: Corviknight
|-damage|p1a: Corviknight|0 fnt
|-unboost|p2a: Ursaluna|def|1
|-unboost|p2a: Ursaluna|spd|1
|-damage|p2a: Ursaluna|38/100 brn|[from] item: Rocky Helmet|[of] p1a: Corviknight
|faint|p1a: Corviknight
|
|-damage|p2a: Ursaluna|32/100 brn|[from] brn
|-fieldend|move: Trick Room
|upkeep
|
|t:|1779623213
|switch|p1a: Barraskewda|Barraskewda, M, shiny|100/100
|turn|12
|
|t:|1779623222
|switch|p2a: Hatterene|Hatterene, F|20/100
|move|p1a: Barraskewda|Flip Turn|p2a: Hatterene
|-damage|p2a: Hatterene|0 fnt
|faint|p2a: Hatterene
|
|t:|1779623238
|switch|p1a: Pelipper|Pelipper, M, shiny|100/100|[from] Flip Turn
|-weather|RainDance|[from] ability: Drizzle|[of] p1a: Pelipper
|
|-weather|RainDance|[upkeep]
|upkeep
|
|t:|1779623252
|switch|p2a: Kleavor|Kleavor, M, shiny|100/100
|turn|13
|
|t:|1779623256
|switch|p1a: Clodsire|Clodsire, M, shiny|100/100
|move|p2a: Kleavor|Stone Axe|p1a: Clodsire
|-resisted|p1a: Clodsire
|-damage|p1a: Clodsire|68/100
|-sidestart|p1: yule_fffffengbo|move: Stealth Rock
|
|-weather|RainDance|[upkeep]
|-heal|p1a: Clodsire|74/100|[from] item: Leftovers
|upkeep
|turn|14
|
|t:|1779623269
|switch|p2a: Dragonite|Dragonite, M|100/100
|move|p1a: Clodsire|Stealth Rock|p2a: Dragonite
|-sidestart|p2: 91m|move: Stealth Rock
|
|-weather|RainDance|[upkeep]
|-heal|p1a: Clodsire|80/100|[from] item: Leftovers
|upkeep
|turn|15
|
|t:|1779623278
|switch|p1a: Zapdos|Zapdos, shiny|100/100
|-terastallize|p2a: Dragonite|Steel
|move|p2a: Dragonite|Dragon Dance|p2a: Dragonite
|-boost|p2a: Dragonite|atk|1
|-boost|p2a: Dragonite|spe|1
|
|-weather|RainDance|[upkeep]
|upkeep
|turn|16
|
|t:|1779623298
|move|p1a: Zapdos|Thunder|p2a: Dragonite
|-damage|p2a: Dragonite|77/100
|move|p2a: Dragonite|Dragon Dance|p2a: Dragonite
|-boost|p2a: Dragonite|atk|1
|-boost|p2a: Dragonite|spe|1
|
|-weather|RainDance|[upkeep]
|upkeep
|turn|17
|
|t:|1779623310
|move|p2a: Dragonite|Roost|p2a: Dragonite
|-heal|p2a: Dragonite|100/100
|move|p1a: Zapdos|Thunder|p2a: Dragonite
|-damage|p2a: Dragonite|76/100
|-status|p2a: Dragonite|par
|
|-weather|RainDance|[upkeep]
|upkeep
|turn|18
|
|t:|1779623322
|move|p2a: Dragonite|Extreme Speed|p1a: Zapdos
|-damage|p1a: Zapdos|20/100
|move|p1a: Zapdos|Thunder|p2a: Dragonite
|-damage|p2a: Dragonite|29/100 par
|
|-weather|RainDance|[upkeep]
|upkeep
|turn|19
|
|t:|1779623331
|cant|p2a: Dragonite|par
|move|p1a: Zapdos|Thunder|p2a: Dragonite
|-damage|p2a: Dragonite|0 fnt
|faint|p2a: Dragonite
|
|-weather|none
|upkeep
|
|t:|1779623334
|switch|p2a: Kleavor|Kleavor, M, shiny|100/100
|-damage|p2a: Kleavor|75/100|[from] Stealth Rock
|turn|20
|
|t:|1779623341
|switch|p1a: Clodsire|Clodsire, M, shiny|80/100
|-damage|p1a: Clodsire|74/100|[from] Stealth Rock
|move|p2a: Kleavor|Stone Axe|p1a: Clodsire
|-resisted|p1a: Clodsire
|-damage|p1a: Clodsire|44/100
|
|-heal|p1a: Clodsire|50/100|[from] item: Leftovers
|upkeep
|turn|21
|
|t:|1779623345
|move|p2a: Kleavor|Night Slash|p1a: Clodsire
|-damage|p1a: Clodsire|5/100
|move|p1a: Clodsire|Recover|p1a: Clodsire
|-heal|p1a: Clodsire|55/100
|
|-heal|p1a: Clodsire|61/100|[from] item: Leftovers
|upkeep
|turn|22
|
|t:|1779623381
|move|p2a: Kleavor|Stone Axe|p1a: Clodsire|[miss]
|-miss|p2a: Kleavor|p1a: Clodsire
|move|p1a: Clodsire|Recover|p1a: Clodsire
|-heal|p1a: Clodsire|100/100
|
|upkeep
|turn|23
|
|t:|1779623391
|move|p2a: Kleavor|Night Slash|p1a: Clodsire
|-crit|p1a: Clodsire
|-damage|p1a: Clodsire|33/100
|move|p1a: Clodsire|Toxic|p2a: Kleavor
|-status|p2a: Kleavor|tox
|
|-heal|p1a: Clodsire|39/100|[from] item: Leftovers
|-damage|p2a: Kleavor|69/100 tox|[from] psn
|upkeep
|turn|24
|
|t:|1779623398
|switch|p1a: Incineroar|Incineroar, M, shiny|54/100
|-ability|p1a: Incineroar|Intimidate|boost
|-unboost|p2a: Kleavor|atk|1
|move|p2a: Kleavor|Night Slash|p1a: Incineroar
|-resisted|p1a: Incineroar
|-damage|p1a: Incineroar|45/100
|
|-damage|p2a: Kleavor|57/100 tox|[from] psn
|upkeep
|turn|25
|
|t:|1779623403
|switch|p1a: Clodsire|Clodsire, M, shiny|39/100
|-damage|p1a: Clodsire|33/100|[from] Stealth Rock
|move|p2a: Kleavor|Stone Axe|p1a: Clodsire
|-resisted|p1a: Clodsire
|-damage|p1a: Clodsire|10/100
|
|-heal|p1a: Clodsire|17/100|[from] item: Leftovers
|-damage|p2a: Kleavor|39/100 tox|[from] psn
|upkeep
|turn|26
|
|t:|1779623421
|move|p2a: Kleavor|X-Scissor|p1a: Clodsire
|-resisted|p1a: Clodsire
|-damage|p1a: Clodsire|0 fnt
|faint|p1a: Clodsire
|
|-damage|p2a: Kleavor|14/100 tox|[from] psn
|upkeep
|
|t:|1779623426
|switch|p1a: Barraskewda|Barraskewda, M, shiny|100/100
|-damage|p1a: Barraskewda|88/100|[from] Stealth Rock
|turn|27
|
|t:|1779623432
|move|p1a: Barraskewda|Flip Turn|p2a: Kleavor
|-supereffective|p2a: Kleavor
|-damage|p2a: Kleavor|0 fnt
|faint|p2a: Kleavor
|
|t:|1779623444
|switch|p1a: Pelipper|Pelipper, M, shiny|100/100|[from] Flip Turn
|-damage|p1a: Pelipper|76/100|[from] Stealth Rock
|-weather|RainDance|[from] ability: Drizzle|[of] p1a: Pelipper
|
|-weather|RainDance|[upkeep]
|upkeep
|
|t:|1779623448
|switch|p2a: Grimmsnarl|Grimmsnarl, M|100/100
|-damage|p2a: Grimmsnarl|88/100|[from] Stealth Rock
|turn|28
|
|t:|1779623459
|move|p2a: Grimmsnarl|Thunder Wave|p1a: Pelipper
|-status|p1a: Pelipper|par
|move|p1a: Pelipper|U-turn|p2a: Grimmsnarl
|-damage|p2a: Grimmsnarl|77/100
|
|t:|1779623465
|switch|p1a: Zapdos|Zapdos, shiny|20/100|[from] U-turn
|
|-weather|RainDance|[upkeep]
|upkeep
|turn|29
|
|t:|1779623472
|move|p2a: Grimmsnarl|Sucker Punch|p1a: Zapdos
|-damage|p1a: Zapdos|0 fnt
|-status|p2a: Grimmsnarl|par|[from] ability: Static|[of] p1a: Zapdos
|faint|p1a: Zapdos
|
|-weather|RainDance|[upkeep]
|upkeep
|
|t:|1779623480
|switch|p1a: Incineroar|Incineroar, M, shiny|45/100
|-ability|p1a: Incineroar|Intimidate|boost
|-unboost|p2a: Grimmsnarl|atk|1
|turn|30
|
|t:|1779623485
|move|p2a: Grimmsnarl|Reflect|p2a: Grimmsnarl
|-sidestart|p2: 91m|Reflect
|move|p1a: Incineroar|Drain Punch|p2a: Grimmsnarl
|-damage|p2a: Grimmsnarl|65/100 par
|-heal|p1a: Incineroar|51/100|[from] drain|[of] p2a: Grimmsnarl
|
|-weather|RainDance|[upkeep]
|upkeep
|turn|31
|
|t:|1779623494
|move|p2a: Grimmsnarl|Thunder Wave|p1a: Incineroar
|-hint|Since gen 7, Dark is immune to Prankster moves.
|-immune|p1a: Incineroar
|move|p1a: Incineroar|Drain Punch|p2a: Grimmsnarl
|-damage|p2a: Grimmsnarl|52/100 par
|-heal|p1a: Incineroar|57/100|[from] drain|[of] p2a: Grimmsnarl
|
|-weather|RainDance|[upkeep]
|upkeep
|turn|32
|
|t:|1779623504
|switch|p2a: Cresselia|Cresselia, F, shiny|98/100
|-damage|p2a: Cresselia|86/100|[from] Stealth Rock
|move|p1a: Incineroar|Drain Punch|p2a: Cresselia
|-resisted|p2a: Cresselia
|-damage|p2a: Cresselia|84/100
|-heal|p1a: Incineroar|59/100|[from] drain|[of] p2a: Cresselia
|
|-weather|RainDance|[upkeep]
|upkeep
|turn|33
|
|t:|1779623517
|move|p1a: Incineroar|Knock Off|p2a: Cresselia
|-supereffective|p2a: Cresselia
|-damage|p2a: Cresselia|71/100
|move|p2a: Cresselia|Trick Room|p2a: Cresselia
|-fieldstart|move: Trick Room|[of] p2a: Cresselia
|
|-weather|RainDance|[upkeep]
|upkeep
|turn|34
|
|t:|1779623525
|move|p1a: Incineroar|Drain Punch|p2a: Cresselia
|-resisted|p2a: Cresselia
|-damage|p2a: Cresselia|68/100
|-heal|p1a: Incineroar|60/100|[from] drain|[of] p2a: Cresselia
|move|p2a: Cresselia|Moonlight|p2a: Cresselia
|-heal|p2a: Cresselia|93/100
|
|-weather|none
|upkeep
|turn|35
|
|t:|1779623530
|move|p1a: Incineroar|Drain Punch|p2a: Cresselia
|-resisted|p2a: Cresselia
|-damage|p2a: Cresselia|91/100
|-heal|p1a: Incineroar|62/100|[from] drain|[of] p2a: Cresselia
|move|p2a: Cresselia|Ice Beam|p1a: Incineroar
|-resisted|p1a: Incineroar
|-damage|p1a: Incineroar|54/100
|
|upkeep
|turn|36
|
|t:|1779623544
|move|p1a: Incineroar|Drain Punch|p2a: Cresselia
|-resisted|p2a: Cresselia
|-damage|p2a: Cresselia|88/100
|-heal|p1a: Incineroar|55/100|[from] drain|[of] p2a: Cresselia
|move|p2a: Cresselia|Lunar Dance|p2a: Cresselia
|faint|p2a: Cresselia
|
|upkeep
|
|t:|1779623547
|switch|p2a: Ursaluna|Ursaluna, M, shiny|32/100 brn
|-heal|p2a: Ursaluna|100/100|[from] move: Lunar Dance
|-damage|p2a: Ursaluna|94/100|[from] Stealth Rock
|turn|37
|
|t:|1779623566
|-terastallize|p1a: Incineroar|Grass
|move|p2a: Ursaluna|Facade|p1a: Incineroar
|-damage|p1a: Incineroar|27/100
|move|p1a: Incineroar|Knock Off|p2a: Ursaluna
|-damage|p2a: Ursaluna|81/100
|-enditem|p2a: Ursaluna|Flame Orb|[from] move: Knock Off|[of] p1a: Incineroar
|
|-sideend|p2: 91m|Reflect
|-fieldend|move: Trick Room
|upkeep
|turn|38
|
|t:|1779623577
|move|p1a: Incineroar|Drain Punch|p2a: Ursaluna
|-supereffective|p2a: Ursaluna
|-damage|p2a: Ursaluna|55/100
|-heal|p1a: Incineroar|42/100|[from] drain|[of] p2a: Ursaluna
|move|p2a: Ursaluna|Shadow Claw|p1a: Incineroar
|-crit|p1a: Incineroar
|-damage|p1a: Incineroar|13/100
|
|upkeep
|turn|39
|
|t:|1779623581
|move|p1a: Incineroar|Drain Punch|p2a: Ursaluna
|-supereffective|p2a: Ursaluna
|-damage|p2a: Ursaluna|26/100
|-heal|p1a: Incineroar|30/100|[from] drain|[of] p2a: Ursaluna
|move|p2a: Ursaluna|Facade|p1a: Incineroar
|-damage|p1a: Incineroar|1/100
|
|upkeep
|turn|40
|
|t:|1779623585
|switch|p2a: Grimmsnarl|Grimmsnarl, M|52/100 par
|-damage|p2a: Grimmsnarl|40/100 par|[from] Stealth Rock
|move|p1a: Incineroar|Drain Punch|p2a: Grimmsnarl
|-crit|p2a: Grimmsnarl
|-damage|p2a: Grimmsnarl|7/100 par
|-heal|p1a: Incineroar|18/100|[from] drain|[of] p2a: Grimmsnarl
|
|upkeep
|turn|41
|
|t:|1779623589
|switch|p1a: Pelipper|Pelipper, M, shiny|76/100 par
|-damage|p1a: Pelipper|51/100 par|[from] Stealth Rock
|-weather|RainDance|[from] ability: Drizzle|[of] p1a: Pelipper
|move|p2a: Grimmsnarl|Sucker Punch||[still]
|-fail|p2a: Grimmsnarl
|
|-weather|RainDance|[upkeep]
|upkeep
|turn|42
|
|t:|1779623593
|move|p2a: Grimmsnarl|Reflect|p2a: Grimmsnarl
|-sidestart|p2: 91m|Reflect
|move|p1a: Pelipper|Roost|p1a: Pelipper
|-heal|p1a: Pelipper|100/100 par
|-singleturn|p1a: Pelipper|move: Roost
|
|-weather|RainDance|[upkeep]
|upkeep
|turn|43
|
|t:|1779623597
|move|p2a: Grimmsnarl|Sucker Punch|p1a: Pelipper
|-damage|p1a: Pelipper|72/100 par
|move|p1a: Pelipper|U-turn|p2a: Grimmsnarl
|-damage|p2a: Grimmsnarl|0 fnt
|faint|p2a: Grimmsnarl
|
|t:|1779623600
|switch|p1a: Barraskewda|Barraskewda, M, shiny|88/100|[from] U-turn
|-damage|p1a: Barraskewda|76/100|[from] Stealth Rock
|
|-weather|RainDance|[upkeep]
|upkeep
|
|t:|1779623602
|switch|p2a: Ursaluna|Ursaluna, M, shiny|26/100
|-damage|p2a: Ursaluna|20/100|[from] Stealth Rock
|turn|44
|
|t:|1779623607
|move|p1a: Barraskewda|Aqua Jet|p2a: Ursaluna
|-supereffective|p2a: Ursaluna
|-damage|p2a: Ursaluna|0 fnt
|faint|p2a: Ursaluna
|
|win|yule_fffffengbo
