|j|☆kznoy
|j|☆AirForceThree
|t:|1779702260
|gametype|singles
|player|p1|kznoy|silver|1114
|player|p2|AirForceThree|unknownf|1079
|gen|9
|tier|[Gen 9] OU
|rated|
|rule|HP Percentage Mod: HP is shown in percentages
|rule|Endless Battle Clause: Forcing endless battles is banned
|rule|Species Clause: Limit one of each Pokémon
|rule|OHKO Clause: OHKO moves are banned
|rule|Evasion Items Clause: Evasion items are banned
|rule|Evasion Moves Clause: Evasion moves are banned
|rule|Evasion Abilities Clause: Evasion abilities are banned
|rule|Sleep Moves Clause: Sleep-inducing moves are banned
|clearpoke
|poke|p1|Pecharunt|
|poke|p1|Metagross|
|poke|p1|Haxorus, M|
|poke|p1|Quaquaval, M|
|poke|p1|Pawmot, M|
|poke|p1|Meowscarada, M|
|poke|p2|Polteageist-Antique|
|poke|p2|Zoroark, M|
|poke|p2|Regieleki|
|poke|p2|Blastoise, M|
|poke|p2|Drakloak, M|
|poke|p2|Slowbro, M|
|teampreview
|
|t:|1779702267
|teamsize|p1|6
|teamsize|p2|6
|start
|switch|p1a: Metagross|Metagross, shiny|100/100
|switch|p2a: Vengeance plot|Polteageist-Antique, shiny|100/100
|-item|p1a: Metagross|Air Balloon
|turn|1
|c|☆AirForceThree|Gl
|
|t:|1779702275
|move|p2a: Vengeance plot|Shell Smash|p2a: Vengeance plot
|-unboost|p2a: Vengeance plot|def|1
|-unboost|p2a: Vengeance plot|spd|1
|-boost|p2a: Vengeance plot|atk|2
|-boost|p2a: Vengeance plot|spa|2
|-boost|p2a: Vengeance plot|spe|2
|move|p1a: Metagross|Stealth Rock|p2a: Vengeance plot
|-sidestart|p2: AirForceThree|move: Stealth Rock
|
|upkeep
|turn|2
|
|t:|1779702284
|move|p2a: Vengeance plot|Shell Smash|p2a: Vengeance plot
|-unboost|p2a: Vengeance plot|def|1
|-unboost|p2a: Vengeance plot|spd|1
|-boost|p2a: Vengeance plot|atk|2
|-boost|p2a: Vengeance plot|spa|2
|-boost|p2a: Vengeance plot|spe|2
|move|p1a: Metagross|Meteor Mash|p2a: Vengeance plot
|-enditem|p2a: Vengeance plot|Focus Sash
|-damage|p2a: Vengeance plot|1/100
|-boost|p1a: Metagross|atk|1
|-ability|p2a: Vengeance plot|Weak Armor|boost
|-unboost|p2a: Vengeance plot|def|1
|-boost|p2a: Vengeance plot|spe|2
|
|upkeep
|turn|3
|
|t:|1779702299
|move|p2a: Vengeance plot|Stored Power|p1a: Metagross
|-resisted|p1a: Metagross
|-damage|p1a: Metagross|43/100
|-enditem|p1a: Metagross|Air Balloon
|move|p1a: Metagross|Meteor Mash|p2a: Vengeance plot
|-damage|p2a: Vengeance plot|0 fnt
|faint|p2a: Vengeance plot
|
|upkeep
|
|t:|1779702309
|switch|p2a: GlobGoGabGalab|Slowbro, M|100/100
|-damage|p2a: GlobGoGabGalab|88/100|[from] Stealth Rock
|turn|4
|
|t:|1779702316
|move|p2a: GlobGoGabGalab|Dark Pulse|p1a: Metagross
|-supereffective|p1a: Metagross
|-damage|p1a: Metagross|0 fnt
|faint|p1a: Metagross
|
|upkeep
|
|t:|1779702327
|switch|p1a: Meowscarada|Meowscarada, M, shiny|100/100
|turn|5
|
|t:|1779702336
|move|p1a: Meowscarada|Energy Ball|p2a: GlobGoGabGalab
|-start|p1a: Meowscarada|typechange|Grass|[from] ability: Protean
|-damage|p2a: GlobGoGabGalab|36/100
|-unboost|p2a: GlobGoGabGalab|spd|1
|replace|p2a: VRC user|Zoroark, M
|-end|p2a: VRC user|Illusion
|move|p2a: VRC user|Flamethrower|p1a: Meowscarada
|-supereffective|p1a: Meowscarada
|-damage|p1a: Meowscarada|12/100
|
|upkeep
|turn|6
|
|t:|1779702349
|move|p1a: Meowscarada|Energy Ball|p2a: VRC user
|-damage|p2a: VRC user|0 fnt
|faint|p2a: VRC user
|
|upkeep
|
|t:|1779702354
|switch|p2a: Reverse flash|Regieleki|100/100
|-damage|p2a: Reverse flash|88/100|[from] Stealth Rock
|turn|7
|
|t:|1779702373
|move|p2a: Reverse flash|Acrobatics|p1a: Meowscarada
|-supereffective|p1a: Meowscarada
|-damage|p1a: Meowscarada|0 fnt
|faint|p1a: Meowscarada
|
|upkeep
|
|t:|1779702386
|switch|p1a: Pecharunt|Pecharunt|100/100
|turn|8
|
|t:|1779702391
|move|p2a: Reverse flash|Light Screen|p2a: Reverse flash
|-sidestart|p2: AirForceThree|move: Light Screen
|move|p1a: Pecharunt|Malignant Chain|p2a: Reverse flash
|-crit|p2a: Reverse flash
|-damage|p2a: Reverse flash|12/100
|-status|p2a: Reverse flash|tox
|-start|p2a: Reverse flash|confusion|[from] ability: Poison Puppeteer|[of] p1a: Pecharunt
|
|-damage|p2a: Reverse flash|6/100 tox|[from] psn
|upkeep
|turn|9
|
|t:|1779702401
|move|p1a: Pecharunt|Protect|p1a: Pecharunt
|-singleturn|p1a: Pecharunt|Protect
|-activate|p2a: Reverse flash|confusion
|move|p2a: Reverse flash|Body Slam|p1a: Pecharunt
|-activate|p1a: Pecharunt|move: Protect
|
|-damage|p2a: Reverse flash|0 fnt|[from] psn
|faint|p2a: Reverse flash
|upkeep
|
|t:|1779702405
|switch|p2a: Panzer|Blastoise, M, shiny|100/100
|-damage|p2a: Panzer|88/100|[from] Stealth Rock
|turn|10
|
|t:|1779702414
|move|p1a: Pecharunt|Malignant Chain|p2a: Panzer
|-damage|p2a: Panzer|75/100
|-status|p2a: Panzer|tox
|-start|p2a: Panzer|confusion|[from] ability: Poison Puppeteer|[of] p1a: Pecharunt
|-activate|p2a: Panzer|confusion
|-damage|p2a: Panzer|67/100 tox|[from] confusion
|
|-damage|p2a: Panzer|61/100 tox|[from] psn
|upkeep
|turn|11
|
|t:|1779702426
|move|p1a: Pecharunt|Protect|p1a: Pecharunt
|-singleturn|p1a: Pecharunt|Protect
|-end|p2a: Panzer|confusion
|move|p2a: Panzer|Body Press|p1a: Pecharunt
|-activate|p1a: Pecharunt|move: Protect
|
|-damage|p2a: Panzer|48/100 tox|[from] psn
|upkeep
|turn|12
|
|t:|1779702435
|move|p1a: Pecharunt|Parting Shot|p2a: Panzer
|-unboost|p2a: Panzer|atk|1
|-unboost|p2a: Panzer|spa|1
|
|t:|1779702438
|switch|p1a: Haxorus|Haxorus, M, shiny|100/100|[from] Parting Shot
|-ability|p1a: Haxorus|Mold Breaker
|move|p2a: Panzer|Flash Cannon|p1a: Haxorus
|-damage|p1a: Haxorus|83/100
|
|-damage|p2a: Panzer|30/100 tox|[from] psn
|-sideend|p2: AirForceThree|move: Light Screen
|upkeep
|turn|13
|
|t:|1779702454
|switch|p1a: Quaquaval|Quaquaval, M|100/100
|move|p2a: Panzer|Blizzard|p1a: Quaquaval|[miss]
|-miss|p2a: Panzer|p1a: Quaquaval
|
|-damage|p2a: Panzer|5/100 tox|[from] psn
|upkeep
|turn|14
|
|t:|1779702462
|move|p1a: Quaquaval|Aqua Step|p2a: Panzer
|-resisted|p2a: Panzer
|-damage|p2a: Panzer|0 fnt
|-boost|p1a: Quaquaval|spe|1
|faint|p2a: Panzer
|-ability|p1a: Quaquaval|Moxie|boost
|-boost|p1a: Quaquaval|atk|1
|
|upkeep
|
|t:|1779702466
|switch|p2a: GlobGoGabGalab|Slowbro, M|100/100
|-damage|p2a: GlobGoGabGalab|88/100|[from] Stealth Rock
|turn|15
|
|t:|1779702487
|move|p1a: Quaquaval|Air Slash|p2a: GlobGoGabGalab|[miss]
|-miss|p1a: Quaquaval|p2a: GlobGoGabGalab
|move|p2a: GlobGoGabGalab|Blizzard|p1a: Quaquaval|[miss]
|-miss|p2a: GlobGoGabGalab|p1a: Quaquaval
|
|-heal|p2a: GlobGoGabGalab|94/100|[from] item: Leftovers
|upkeep
|turn|16
|
|t:|1779702504
|move|p1a: Quaquaval|Air Slash|p2a: GlobGoGabGalab
|-damage|p2a: GlobGoGabGalab|77/100
|move|p2a: GlobGoGabGalab|Blizzard|p1a: Quaquaval
|-resisted|p1a: Quaquaval
|-damage|p1a: Quaquaval|76/100
|
|-heal|p2a: GlobGoGabGalab|83/100|[from] item: Leftovers
|upkeep
|turn|17
|
|t:|1779702514
|move|p1a: Quaquaval|Ice Spinner|p2a: GlobGoGabGalab
|-resisted|p2a: GlobGoGabGalab
|-damage|p2a: GlobGoGabGalab|68/100
|move|p2a: GlobGoGabGalab|Body Press|p1a: Quaquaval
|-damage|p1a: Quaquaval|42/100
|
|-heal|p2a: GlobGoGabGalab|74/100|[from] item: Leftovers
|upkeep
|turn|18
|
|t:|1779702523
|move|p1a: Quaquaval|Aqua Step|p2a: GlobGoGabGalab
|-resisted|p2a: GlobGoGabGalab
|-damage|p2a: GlobGoGabGalab|54/100
|-boost|p1a: Quaquaval|spe|1
|move|p2a: GlobGoGabGalab|Body Press|p1a: Quaquaval
|-damage|p1a: Quaquaval|10/100
|
|-heal|p2a: GlobGoGabGalab|60/100|[from] item: Leftovers
|upkeep
|turn|19
|
|t:|1779702533
|move|p1a: Quaquaval|Brick Break|p2a: GlobGoGabGalab
|-resisted|p2a: GlobGoGabGalab
|-damage|p2a: GlobGoGabGalab|35/100
|move|p2a: GlobGoGabGalab|Body Press|p1a: Quaquaval
|-damage|p1a: Quaquaval|0 fnt
|faint|p1a: Quaquaval
|
|-heal|p2a: GlobGoGabGalab|41/100|[from] item: Leftovers
|upkeep
|
|t:|1779702542
|switch|p1a: Pecharunt|Pecharunt|100/100
|turn|20
|
|t:|1779702548
|move|p1a: Pecharunt|Malignant Chain|p2a: GlobGoGabGalab
|-damage|p2a: GlobGoGabGalab|2/100
|move|p2a: GlobGoGabGalab|Calm Mind|p2a: GlobGoGabGalab
|-boost|p2a: GlobGoGabGalab|spa|1
|-boost|p2a: GlobGoGabGalab|spd|1
|
|-heal|p2a: GlobGoGabGalab|8/100|[from] item: Leftovers
|upkeep
|turn|21
|
|t:|1779702558
|move|p1a: Pecharunt|Malignant Chain|p2a: GlobGoGabGalab
|-damage|p2a: GlobGoGabGalab|0 fnt
|faint|p2a: GlobGoGabGalab
|
|upkeep
|
|t:|1779702565
|switch|p2a: Airforce 2|Drakloak, M|100/100
|-damage|p2a: Airforce 2|88/100|[from] Stealth Rock
|turn|22
|
|t:|1779702572
|move|p1a: Pecharunt|Protect|p1a: Pecharunt
|-singleturn|p1a: Pecharunt|Protect
|move|p2a: Airforce 2|Curse|p1a: Pecharunt
|-start|p1a: Pecharunt|Curse|[of] p2a: Airforce 2
|-damage|p2a: Airforce 2|38/100
|
|-damage|p1a: Pecharunt|75/100|[from] Curse
|upkeep
|turn|23
|
|t:|1779702580
|move|p2a: Airforce 2|Draco Meteor|p1a: Pecharunt
|-damage|p1a: Pecharunt|32/100
|-unboost|p2a: Airforce 2|spa|2
|move|p1a: Pecharunt|Malignant Chain|p2a: Airforce 2
|-resisted|p2a: Airforce 2
|-damage|p2a: Airforce 2|18/100
|
|-heal|p1a: Pecharunt|38/100|[from] item: Black Sludge
|-damage|p1a: Pecharunt|13/100|[from] Curse
|upkeep
|turn|24
|
|t:|1779702592
|move|p2a: Airforce 2|Protect|p2a: Airforce 2
|-singleturn|p2a: Airforce 2|Protect
|move|p1a: Pecharunt|Parting Shot|p2a: Airforce 2
|-activate|p2a: Airforce 2|move: Protect
|
|-heal|p1a: Pecharunt|19/100|[from] item: Black Sludge
|-damage|p1a: Pecharunt|0 fnt|[from] Curse
|faint|p1a: Pecharunt
|upkeep
|
|t:|1779702602
|switch|p1a: Pawmot|Pawmot, M, shiny|100/100
|turn|25
|
|t:|1779702608
|-terastallize|p1a: Pawmot|Fairy
|move|p1a: Pawmot|Play Rough|p2a: Airforce 2
|-supereffective|p2a: Airforce 2
|-damage|p2a: Airforce 2|0 fnt
|faint|p2a: Airforce 2
|
|win|kznoy
|raw|kznoy's rating: 1114 &rarr; <strong>1136</strong><br />(+22 for winning)
|raw|AirForceThree's rating: 1079 &rarr; <strong>1059</strong><br />(-20 for losing)
|l|☆AirForceThree
|player|p2|
|l|☆kznoy
|player|p1|
