|j|☆jxnpm80
|j|☆Team10thPlanet
|t:|1779644705
|gametype|singles
|player|p1|jxnpm80|steven|1529
|player|p2|Team10thPlanet|veteran|1515
|gen|9
|tier|[Gen 9] OU
|rated|
|rule|HP Percentage Mod: HP is shown in percentages
|rule|Endless Battle Clause: Forcing endless battles is banned
|rule|Species Clause: Limit one of each Pokémon
|rule|OHKO Clause: OHKO moves are banned
|rule|Evasion Items Clause: Evasion items are banned
|rule|Evasion Moves Clause: Evasion moves are banned
|rule|Evasion Abilities Clause: Evasion abilities are banned
|rule|Sleep Moves Clause: Sleep-inducing moves are banned
|clearpoke
|poke|p1|Drifblim, F|
|poke|p1|Alomomola, F|
|poke|p1|Iron Treads|
|poke|p1|Clefable, F|
|poke|p1|Kyurem|
|poke|p1|Moltres|
|poke|p2|Zamazenta-*|
|poke|p2|Dragonite, M|
|poke|p2|Araquanid, M|
|poke|p2|Iron Treads|
|poke|p2|Raikou|
|poke|p2|Enamorus, F|
|teampreview
|
|t:|1779644712
|teamsize|p1|6
|teamsize|p2|6
|start
|switch|p1a: Kyurem|Kyurem|100/100
|switch|p2a: Diego ⚡️|Raikou|100/100
|-ability|p2a: Diego ⚡️|Pressure
|-ability|p1a: Kyurem|Pressure
|turn|1
|
|t:|1779644722
|move|p2a: Diego ⚡️|Aura Sphere|p1a: Kyurem
|-supereffective|p1a: Kyurem
|-damage|p1a: Kyurem|34/100
|move|p1a: Kyurem|Substitute|p1a: Kyurem
|-start|p1a: Kyurem|Substitute
|-damage|p1a: Kyurem|9/100
|
|-heal|p1a: Kyurem|15/100|[from] item: Leftovers
|upkeep
|turn|2
|
|t:|1779644733
|move|p1a: Kyurem|Protect|p1a: Kyurem
|-singleturn|p1a: Kyurem|Protect
|move|p2a: Diego ⚡️|Aura Sphere|p1a: Kyurem
|-activate|p1a: Kyurem|move: Protect
|
|-heal|p1a: Kyurem|21/100|[from] item: Leftovers
|upkeep
|turn|3
|
|t:|1779644748
|move|p2a: Diego ⚡️|Aura Sphere|p1a: Kyurem
|-supereffective|p1a: Kyurem
|-end|p1a: Kyurem|Substitute
|move|p1a: Kyurem|Earth Power|p2a: Diego ⚡️
|-supereffective|p2a: Diego ⚡️
|-damage|p2a: Diego ⚡️|37/100
|-unboost|p2a: Diego ⚡️|spd|1
|
|-heal|p1a: Kyurem|27/100|[from] item: Leftovers
|upkeep
|turn|4
|
|t:|1779644760
|move|p1a: Kyurem|Protect|p1a: Kyurem
|-singleturn|p1a: Kyurem|Protect
|move|p2a: Diego ⚡️|Aura Sphere|p1a: Kyurem
|-activate|p1a: Kyurem|move: Protect
|
|-heal|p1a: Kyurem|33/100|[from] item: Leftovers
|upkeep
|turn|5
|
|t:|1779644768
|switch|p1a: Drifblim|Drifblim, F|100/100
|move|p2a: Diego ⚡️|Aura Sphere|p1a: Drifblim
|-immune|p1a: Drifblim
|
|upkeep
|turn|6
|c|☆Team10thPlanet|yo
|c|☆Team10thPlanet|that cry is crazy
|c|☆Team10thPlanet|l
|c|☆Team10thPlanet|battle cry
|
|t:|1779644801
|switch|p2a: Iron Treads|Iron Treads|100/100
|-enditem|p2a: Iron Treads|Booster Energy
|-activate|p2a: Iron Treads|ability: Quark Drive|[fromitem]
|-start|p2a: Iron Treads|quarkdrivespe
|move|p1a: Drifblim|Shadow Ball|p2a: Iron Treads
|-damage|p2a: Iron Treads|63/100
|-unboost|p2a: Iron Treads|spd|1
|
|upkeep
|turn|7
|
|t:|1779644815
|move|p1a: Drifblim|Endure|p1a: Drifblim
|-singleturn|p1a: Drifblim|move: Endure
|move|p2a: Iron Treads|Knock Off|p1a: Drifblim
|-supereffective|p1a: Drifblim
|-damage|p1a: Drifblim|13/100
|-enditem|p1a: Drifblim|Weakness Policy
|-boost|p1a: Drifblim|atk|2|[from] item: Weakness Policy
|-boost|p1a: Drifblim|spa|2|[from] item: Weakness Policy
|
|upkeep
|turn|8
|
|t:|1779644825
|move|p1a: Drifblim|Shadow Ball|p2a: Iron Treads
|-damage|p2a: Iron Treads|0 fnt
|faint|p2a: Iron Treads
|-end|p2a: Iron Treads|Quark Drive|[silent]
|
|upkeep
|
|t:|1779644840
|switch|p2a: Johnny Tsunami 🌊|Araquanid, M|100/100
|turn|9
|
|t:|1779644847
|move|p1a: Drifblim|Acrobatics|p2a: Johnny Tsunami 🌊
|-supereffective|p2a: Johnny Tsunami 🌊
|-damage|p2a: Johnny Tsunami 🌊|0 fnt
|faint|p2a: Johnny Tsunami 🌊
|
|upkeep
|
|t:|1779644853
|switch|p2a: Fat Boy|Dragonite, M, shiny|100/100
|turn|10
|
|t:|1779644877
|-terastallize|p2a: Fat Boy|Normal
|move|p1a: Drifblim|Explosion|p2a: Fat Boy
|-damage|p2a: Fat Boy|41/100
|faint|p1a: Drifblim
|move|p2a: Fat Boy|Outrage|p1: Drifblim|[notarget]
|-fail|p2a: Fat Boy
|
|upkeep
|
|t:|1779644895
|switch|p1a: Kyurem|Kyurem|33/100
|-ability|p1a: Kyurem|Pressure
|turn|11
|
|t:|1779644926
|move|p1a: Kyurem|Freeze-Dry|p2a: Fat Boy
|-damage|p2a: Fat Boy|8/100
|move|p2a: Fat Boy|Outrage|p1a: Kyurem
|-supereffective|p1a: Kyurem
|-damage|p1a: Kyurem|0 fnt
|faint|p1a: Kyurem
|
|upkeep
|
|t:|1779644949
|switch|p1a: Iron Treads|Iron Treads|100/100
|turn|12
|
|t:|1779644954
|move|p1a: Iron Treads|Rapid Spin|p2a: Fat Boy
|-damage|p2a: Fat Boy|0 fnt
|-boost|p1a: Iron Treads|spe|1
|faint|p2a: Fat Boy
|
|upkeep
|
|t:|1779644968
|switch|p2a: Zamazenta|Zamazenta|100/100
|-ability|p2a: Zamazenta|Dauntless Shield|boost
|-boost|p2a: Zamazenta|def|1
|turn|13
|
|t:|1779644975
|move|p1a: Iron Treads|Volt Switch|p2a: Zamazenta
|-damage|p2a: Zamazenta|90/100
|
|t:|1779644978
|-end|p1a: Iron Treads|Quark Drive|[silent]
|switch|p1a: Alomomola|Alomomola, F|100/100|[from] Volt Switch
|move|p2a: Zamazenta|Close Combat|p1a: Alomomola
|-damage|p1a: Alomomola|51/100
|-unboost|p2a: Zamazenta|def|1
|-unboost|p2a: Zamazenta|spd|1
|-damage|p2a: Zamazenta|74/100|[from] item: Rocky Helmet|[of] p1a: Alomomola
|
|upkeep
|turn|14
|
|t:|1779645004
|move|p2a: Zamazenta|Close Combat|p1a: Alomomola
|-damage|p1a: Alomomola|5/100
|-unboost|p2a: Zamazenta|def|1
|-unboost|p2a: Zamazenta|spd|1
|-damage|p2a: Zamazenta|57/100|[from] item: Rocky Helmet|[of] p1a: Alomomola
|move|p1a: Alomomola|Flip Turn|p2a: Zamazenta
|-damage|p2a: Zamazenta|38/100
|
|t:|1779645010
|switch|p1a: Moltres|Moltres|100/100|[from] Flip Turn
|
|upkeep
|turn|15
|
|t:|1779645040
|move|p2a: Zamazenta|Close Combat|p1a: Moltres
|-resisted|p1a: Moltres
|-damage|p1a: Moltres|57/100
|-unboost|p2a: Zamazenta|def|1
|-unboost|p2a: Zamazenta|spd|1
|-status|p2a: Zamazenta|brn|[from] ability: Flame Body|[of] p1a: Moltres
|move|p1a: Moltres|Flamethrower|p2a: Zamazenta
|-damage|p2a: Zamazenta|0 fnt
|faint|p2a: Zamazenta
|
|upkeep
|
|t:|1779645066
|switch|p2a: Diego ⚡️|Raikou|37/100
|-ability|p2a: Diego ⚡️|Pressure
|turn|16
|
|t:|1779645073
|switch|p1a: Iron Treads|Iron Treads|100/100
|move|p2a: Diego ⚡️|Scald|p1a: Iron Treads
|-supereffective|p1a: Iron Treads
|-damage|p1a: Iron Treads|0 fnt
|faint|p1a: Iron Treads
|-end|p1a: Iron Treads|Quark Drive|[silent]
|
|upkeep
|
|t:|1779645079
|switch|p1a: Alomomola|Alomomola, F|39/100
|turn|17
|
|t:|1779645087
|switch|p2a: Enamorus|Enamorus, F|100/100
|move|p1a: Alomomola|Flip Turn|p2a: Enamorus
|-damage|p2a: Enamorus|78/100
|
|t:|1779645091
|switch|p1a: Moltres|Moltres|57/100|[from] Flip Turn
|
|upkeep
|turn|18
|j| himejijou
|
|t:|1779645123
|switch|p2a: Diego ⚡️|Raikou|37/100
|-ability|p2a: Diego ⚡️|Pressure
|move|p1a: Moltres|Flamethrower|p2a: Diego ⚡️
|-damage|p2a: Diego ⚡️|0 fnt
|faint|p2a: Diego ⚡️
|
|upkeep
|
|t:|1779645135
|switch|p2a: Enamorus|Enamorus, F|78/100
|turn|19
|
|t:|1779645146
|move|p2a: Enamorus|Moonblast|p1a: Moltres
|-resisted|p1a: Moltres
|-damage|p1a: Moltres|39/100
|move|p1a: Moltres|Flamethrower|p2a: Enamorus
|-damage|p2a: Enamorus|29/100
|
|upkeep
|turn|20
|-message|Team10thPlanet forfeited.
|
|win|jxnpm80
|raw|jxnpm80's rating: 1529 &rarr; <strong>1548</strong><br />(+19 for winning)
|raw|Team10thPlanet's rating: 1515 &rarr; <strong>1496</strong><br />(-19 for losing)
|l|☆Team10thPlanet
|player|p2|
|l| himejijou
