|j|☆artsitodla
|j|‽DevotedToaster
|t:|1779571662
|gametype|singles
|player|p1|artsitodla|red|1315
|player|p2|DevotedToaster|2|1294
|gen|9
|tier|[Gen 9] OU
|rated|
|rule|HP Percentage Mod: HP is shown in percentages
|rule|Endless Battle Clause: Forcing endless battles is banned
|rule|Species Clause: Limit one of each Pokémon
|rule|OHKO Clause: OHKO moves are banned
|rule|Evasion Items Clause: Evasion items are banned
|rule|Evasion Moves Clause: Evasion moves are banned
|rule|Evasion Abilities Clause: Evasion abilities are banned
|rule|Sleep Moves Clause: Sleep-inducing moves are banned
|clearpoke
|poke|p1|Garchomp, M|
|poke|p1|Rillaboom, M|
|poke|p1|Iron Valiant|
|poke|p1|Meowscarada, F|
|poke|p1|Greninja-*, M|
|poke|p1|Corviknight, M|
|poke|p2|Glimmora, M|
|poke|p2|Tyranitar, F|
|poke|p2|Conkeldurr, M|
|poke|p2|Sudowoodo, L1, M|
|poke|p2|Ceruledge, M|
|poke|p2|Hippowdon, F|
|teampreview
|inactive|Battle timer is ON: inactive players will automatically lose when time's up. (requested by artsitodla)
|
|t:|1779571671
|teamsize|p1|6
|teamsize|p2|6
|start
|switch|p1a: follador|Garchomp, M, shiny|100/100
|switch|p2a: Sudowoodo|Sudowoodo, L1, M|100/100
|turn|1
|
|t:|1779571678
|move|p1a: follador|Earthquake|p2a: Sudowoodo
|-supereffective|p2a: Sudowoodo
|-ability|p2a: Sudowoodo|Sturdy
|-damage|p2a: Sudowoodo|9/100
|move|p2a: Sudowoodo|Endeavor|p1a: follador
|-damage|p1a: follador|1/100
|-damage|p2a: Sudowoodo|0 fnt|[from] ability: Rough Skin|[of] p1a: follador
|faint|p2a: Sudowoodo
|
|upkeep
|
|t:|1779571692
|switch|p2a: Conkeldurr|Conkeldurr, M|100/100
|turn|2
|
|t:|1779571697
|move|p2a: Conkeldurr|Mach Punch|p1a: follador
|-damage|p1a: follador|0 fnt
|-damage|p2a: Conkeldurr|88/100|[from] ability: Rough Skin|[of] p1a: follador
|-damage|p2a: Conkeldurr|72/100|[from] item: Rocky Helmet|[of] p1a: follador
|faint|p1a: follador
|
|-status|p2a: Conkeldurr|brn|[from] item: Flame Orb
|upkeep
|
|t:|1779571709
|switch|p1a: sir frog|Greninja, M|100/100
|turn|3
|
|t:|1779571714
|move|p2a: Conkeldurr|Mach Punch|p1a: sir frog
|-supereffective|p1a: sir frog
|-enditem|p1a: sir frog|Focus Sash
|-damage|p1a: sir frog|1/100
|move|p1a: sir frog|Dark Pulse|p2a: Conkeldurr
|-resisted|p2a: Conkeldurr
|-damage|p2a: Conkeldurr|49/100 brn
|
|-damage|p2a: Conkeldurr|43/100 brn|[from] brn
|upkeep
|turn|4
|
|t:|1779571729
|move|p1a: sir frog|Water Shuriken|p2a: Conkeldurr
|-damage|p2a: Conkeldurr|34/100 brn
|-damage|p2a: Conkeldurr|25/100 brn
|-damage|p2a: Conkeldurr|16/100 brn
|-damage|p2a: Conkeldurr|6/100 brn
|-hitcount|p2a: Conkeldurr|4
|move|p2a: Conkeldurr|Mach Punch|p1a: sir frog
|-supereffective|p1a: sir frog
|-damage|p1a: sir frog|0 fnt
|faint|p1a: sir frog
|
|-damage|p2a: Conkeldurr|0 fnt|[from] brn
|faint|p2a: Conkeldurr
|upkeep
|
|t:|1779571749
|switch|p1a: frikitona|Meowscarada, F|100/100
|switch|p2a: Ceruledge|Ceruledge, M|100/100
|turn|5
|
|t:|1779571756
|-terastallize|p1a: frikitona|Dark
|move|p1a: frikitona|Knock Off|p2a: Ceruledge
|-supereffective|p2a: Ceruledge
|-enditem|p2a: Ceruledge|Focus Sash
|-damage|p2a: Ceruledge|1/100
|-ability|p2a: Ceruledge|Weak Armor|boost
|-unboost|p2a: Ceruledge|def|1
|-boost|p2a: Ceruledge|spe|2
|move|p2a: Ceruledge|Swords Dance|p2a: Ceruledge
|-boost|p2a: Ceruledge|atk|2
|
|upkeep
|turn|6
|
|t:|1779571768
|move|p2a: Ceruledge|Bitter Blade|p1a: frikitona
|-damage|p1a: frikitona|0 fnt
|-heal|p2a: Ceruledge|51/100|[from] drain|[of] p1a: frikitona
|faint|p1a: frikitona
|
|upkeep
|
|t:|1779571772
|switch|p1a: gardeIAvoir|Iron Valiant|100/100
|-enditem|p1a: gardeIAvoir|Booster Energy
|-activate|p1a: gardeIAvoir|ability: Quark Drive|[fromitem]
|-start|p1a: gardeIAvoir|quarkdrivespe
|turn|7
|
|t:|1779571789
|move|p2a: Ceruledge|Shadow Sneak|p1a: gardeIAvoir
|-damage|p1a: gardeIAvoir|45/100
|move|p1a: gardeIAvoir|Psyshock|p2a: Ceruledge
|-damage|p2a: Ceruledge|0 fnt
|faint|p2a: Ceruledge
|
|upkeep
|inactive|DevotedToaster has 120 seconds left.
|
|t:|1779571809
|switch|p2a: Glimmora|Glimmora, M|100/100
|turn|8
|l|☆artsitodla
|inactive|artsitodla disconnected and has a minute to reconnect!
|player|p1|
|inactive|artsitodla has 30 seconds to reconnect!
|inactive|artsitodla has 20 seconds to reconnect!
|j|☆artsitodla
|inactive|artsitodla reconnected and has 110 seconds left.
|player|p1|artsitodla|red|
|
|t:|1779571854
|switch|p2a: Tyranitar|Tyranitar, F|100/100
|-weather|Sandstorm|[from] ability: Sand Stream|[of] p2a: Tyranitar
|move|p1a: gardeIAvoir|Psyshock|p2a: Tyranitar
|-immune|p2a: Tyranitar
|
|-weather|Sandstorm|[upkeep]
|-damage|p1a: gardeIAvoir|39/100|[from] Sandstorm
|upkeep
|turn|9
|
|t:|1779571865
|move|p1a: gardeIAvoir|Moonblast|p2a: Tyranitar
|-supereffective|p2a: Tyranitar
|-damage|p2a: Tyranitar|66/100
|move|p2a: Tyranitar|Stone Edge|p1a: gardeIAvoir
|-resisted|p1a: gardeIAvoir
|-damage|p1a: gardeIAvoir|6/100
|
|-weather|Sandstorm|[upkeep]
|-damage|p1a: gardeIAvoir|0 fnt|[from] Sandstorm
|faint|p1a: gardeIAvoir
|-end|p1a: gardeIAvoir|Quark Drive|[silent]
|upkeep
|
|t:|1779571869
|switch|p1a: marango|Rillaboom, M|100/100
|-fieldstart|move: Grassy Terrain|[from] ability: Grassy Surge|[of] p1a: marango
|turn|10
|
|t:|1779571890
|-terastallize|p2a: Tyranitar|Ghost
|move|p1a: marango|Drum Beating|p2a: Tyranitar
|-damage|p2a: Tyranitar|12/100
|-unboost|p2a: Tyranitar|spe|1
|-damage|p1a: marango|91/100|[from] item: Life Orb
|move|p2a: Tyranitar|Knock Off|p1a: marango
|-crit|p1a: marango
|-damage|p1a: marango|18/100
|-enditem|p1a: marango|Life Orb|[from] move: Knock Off|[of] p2a: Tyranitar
|
|-weather|Sandstorm|[upkeep]
|-damage|p1a: marango|11/100|[from] Sandstorm
|-damage|p2a: Tyranitar|5/100|[from] Sandstorm
|-heal|p1a: marango|18/100|[from] Grassy Terrain
|-heal|p2a: Tyranitar|12/100|[from] Grassy Terrain
|upkeep
|turn|11
|inactive|DevotedToaster has 120 seconds left.
|
|t:|1779571909
|move|p1a: marango|Knock Off|p2a: Tyranitar
|-supereffective|p2a: Tyranitar
|-damage|p2a: Tyranitar|0 fnt
|-enditem|p2a: Tyranitar|Assault Vest|[from] move: Knock Off|[of] p1a: marango
|faint|p2a: Tyranitar
|
|-weather|Sandstorm|[upkeep]
|-damage|p1a: marango|11/100|[from] Sandstorm
|-heal|p1a: marango|18/100|[from] Grassy Terrain
|upkeep
|inactive|DevotedToaster has 120 seconds left.
|
|t:|1779571915
|switch|p2a: Glimmora|Glimmora, M|100/100
|turn|12
|
|t:|1779571921
|move|p2a: Glimmora|Mortal Spin|p1a: marango
|-supereffective|p1a: marango
|-damage|p1a: marango|2/100
|-status|p1a: marango|psn
|move|p1a: marango|High Horsepower|p2a: Glimmora
|-supereffective|p2a: Glimmora
|-enditem|p2a: Glimmora|Focus Sash
|-damage|p2a: Glimmora|1/100
|-activate|p2a: Glimmora|ability: Toxic Debris
|-sidestart|p1: artsitodla|move: Toxic Spikes
|
|-weather|none
|-heal|p2a: Glimmora|7/100|[from] Grassy Terrain
|-heal|p1a: marango|8/100 psn|[from] Grassy Terrain
|-damage|p1a: marango|0 fnt|[from] psn
|faint|p1a: marango
|upkeep
|
|t:|1779571935
|switch|p1a: itachi|Corviknight, M|100/100
|turn|13
|
|t:|1779571943
|move|p2a: Glimmora|Mortal Spin|p1a: itachi
|-immune|p1a: itachi
|move|p1a: itachi|Brave Bird|p2a: Glimmora
|-resisted|p2a: Glimmora
|-damage|p2a: Glimmora|0 fnt
|-activate|p2a: Glimmora|ability: Toxic Debris
|-sidestart|p1: artsitodla|move: Toxic Spikes
|faint|p2a: Glimmora
|-damage|p1a: itachi|99/100|[from] Recoil
|
|upkeep
|
|t:|1779571949
|switch|p2a: Hippowdon|Hippowdon, F|100/100
|-weather|Sandstorm|[from] ability: Sand Stream|[of] p2a: Hippowdon
|turn|14
|
|t:|1779571958
|move|p1a: itachi|Brave Bird|p2a: Hippowdon
|-damage|p2a: Hippowdon|78/100
|-damage|p1a: itachi|91/100|[from] Recoil
|move|p2a: Hippowdon|Stealth Rock|p1a: itachi
|-sidestart|p1: artsitodla|move: Stealth Rock
|
|-weather|Sandstorm|[upkeep]
|-heal|p2a: Hippowdon|85/100|[from] Grassy Terrain
|-heal|p2a: Hippowdon|91/100|[from] item: Leftovers
|-fieldend|move: Grassy Terrain
|upkeep
|turn|15
|
|t:|1779571969
|move|p1a: itachi|Brave Bird|p2a: Hippowdon
|-damage|p2a: Hippowdon|71/100
|-damage|p1a: itachi|84/100|[from] Recoil
|move|p2a: Hippowdon|Whirlwind||[still]
|-fail|p2a: Hippowdon
|
|-weather|Sandstorm|[upkeep]
|-heal|p2a: Hippowdon|77/100|[from] item: Leftovers
|upkeep
|turn|16
|
|t:|1779571978
|move|p1a: itachi|Brave Bird|p2a: Hippowdon
|-damage|p2a: Hippowdon|55/100
|-damage|p1a: itachi|76/100|[from] Recoil
|move|p2a: Hippowdon|Stealth Rock||[still]
|-fail|p2a: Hippowdon
|
|-weather|Sandstorm|[upkeep]
|-heal|p2a: Hippowdon|61/100|[from] item: Leftovers
|upkeep
|turn|17
|
|t:|1779571988
|move|p1a: itachi|Brave Bird|p2a: Hippowdon
|-damage|p2a: Hippowdon|38/100
|-damage|p1a: itachi|68/100|[from] Recoil
|move|p2a: Hippowdon|Slack Off|p2a: Hippowdon
|-heal|p2a: Hippowdon|89/100
|
|-weather|Sandstorm|[upkeep]
|-heal|p2a: Hippowdon|95/100|[from] item: Leftovers
|upkeep
|turn|18
|
|t:|1779571999
|move|p1a: itachi|Brave Bird|p2a: Hippowdon
|-damage|p2a: Hippowdon|73/100
|-damage|p1a: itachi|61/100|[from] Recoil
|move|p2a: Hippowdon|Stealth Rock||[still]
|-fail|p2a: Hippowdon
|
|-weather|none
|-heal|p2a: Hippowdon|79/100|[from] item: Leftovers
|upkeep
|turn|19
|
|t:|1779572007
|move|p1a: itachi|Brave Bird|p2a: Hippowdon
|-damage|p2a: Hippowdon|57/100
|-damage|p1a: itachi|53/100|[from] Recoil
|move|p2a: Hippowdon|Stealth Rock||[still]
|-fail|p2a: Hippowdon
|
|-heal|p2a: Hippowdon|64/100|[from] item: Leftovers
|upkeep
|turn|20
|
|t:|1779572013
|move|p1a: itachi|Roost|p1a: itachi
|-heal|p1a: itachi|100/100
|-singleturn|p1a: itachi|move: Roost
|move|p2a: Hippowdon|Slack Off|p2a: Hippowdon
|-heal|p2a: Hippowdon|100/100
|
|upkeep
|turn|21
|
|t:|1779572025
|move|p1a: itachi|Brave Bird|p2a: Hippowdon
|-damage|p2a: Hippowdon|78/100
|-damage|p1a: itachi|92/100|[from] Recoil
|move|p2a: Hippowdon|Stealth Rock||[still]
|-fail|p2a: Hippowdon
|
|-heal|p2a: Hippowdon|84/100|[from] item: Leftovers
|upkeep
|turn|22
|
|t:|1779572031
|move|p1a: itachi|U-turn|p2a: Hippowdon
|-damage|p2a: Hippowdon|74/100
|move|p2a: Hippowdon|Stealth Rock||[still]
|-fail|p2a: Hippowdon
|
|-heal|p2a: Hippowdon|81/100|[from] item: Leftovers
|upkeep
|turn|23
|
|t:|1779572041
|move|p1a: itachi|U-turn|p2a: Hippowdon
|-damage|p2a: Hippowdon|72/100
|move|p2a: Hippowdon|Stealth Rock||[still]
|-fail|p2a: Hippowdon
|
|-heal|p2a: Hippowdon|78/100|[from] item: Leftovers
|upkeep
|turn|24
|
|t:|1779572049
|move|p1a: itachi|U-turn|p2a: Hippowdon
|-damage|p2a: Hippowdon|69/100
|move|p2a: Hippowdon|Stealth Rock||[still]
|-fail|p2a: Hippowdon
|
|-heal|p2a: Hippowdon|75/100|[from] item: Leftovers
|upkeep
|turn|25
|
|t:|1779572058
|move|p1a: itachi|U-turn|p2a: Hippowdon
|-damage|p2a: Hippowdon|66/100
|move|p2a: Hippowdon|Stealth Rock||[still]
|-fail|p2a: Hippowdon
|
|-heal|p2a: Hippowdon|72/100|[from] item: Leftovers
|upkeep
|turn|26
|l|☆artsitodla
|inactive|artsitodla disconnected and has a minute to reconnect!
|player|p1|
|j|☆artsitodla
|inactive|artsitodla reconnected and has 125 seconds left.
|player|p1|artsitodla|red|
|
|t:|1779572086
|move|p1a: itachi|Brave Bird|p2a: Hippowdon
|-damage|p2a: Hippowdon|50/100
|-damage|p1a: itachi|85/100|[from] Recoil
|move|p2a: Hippowdon|Stealth Rock||[still]
|-fail|p2a: Hippowdon
|
|-heal|p2a: Hippowdon|57/100|[from] item: Leftovers
|upkeep
|turn|27
|
|t:|1779572093
|move|p1a: itachi|Brave Bird|p2a: Hippowdon
|-damage|p2a: Hippowdon|36/100
|-damage|p1a: itachi|78/100|[from] Recoil
|move|p2a: Hippowdon|Whirlwind||[still]
|-fail|p2a: Hippowdon
|
|-heal|p2a: Hippowdon|42/100|[from] item: Leftovers
|upkeep
|turn|28
|
|t:|1779572102
|move|p1a: itachi|Brave Bird|p2a: Hippowdon
|-damage|p2a: Hippowdon|21/100
|-damage|p1a: itachi|70/100|[from] Recoil
|move|p2a: Hippowdon|Slack Off|p2a: Hippowdon
|-heal|p2a: Hippowdon|71/100
|
|-heal|p2a: Hippowdon|78/100|[from] item: Leftovers
|upkeep
|turn|29
|
|t:|1779572111
|move|p1a: itachi|Brave Bird|p2a: Hippowdon
|-damage|p2a: Hippowdon|55/100
|-damage|p1a: itachi|63/100|[from] Recoil
|move|p2a: Hippowdon|Whirlwind||[still]
|-fail|p2a: Hippowdon
|
|-heal|p2a: Hippowdon|61/100|[from] item: Leftovers
|upkeep
|turn|30
|
|t:|1779572117
|move|p1a: itachi|Roost|p1a: itachi
|-heal|p1a: itachi|100/100
|-singleturn|p1a: itachi|move: Roost
|move|p2a: Hippowdon|Whirlwind||[still]
|-fail|p2a: Hippowdon
|
|-heal|p2a: Hippowdon|68/100|[from] item: Leftovers
|upkeep
|turn|31
|
|t:|1779572125
|move|p1a: itachi|U-turn|p2a: Hippowdon
|-damage|p2a: Hippowdon|60/100
|move|p2a: Hippowdon|Whirlwind||[still]
|-fail|p2a: Hippowdon
|
|-heal|p2a: Hippowdon|66/100|[from] item: Leftovers
|upkeep
|turn|32
|
|t:|1779572133
|move|p1a: itachi|U-turn|p2a: Hippowdon
|-damage|p2a: Hippowdon|57/100
|move|p2a: Hippowdon|Whirlwind||[still]
|-fail|p2a: Hippowdon
|
|-heal|p2a: Hippowdon|63/100|[from] item: Leftovers
|upkeep
|turn|33
|
|t:|1779572139
|move|p1a: itachi|U-turn|p2a: Hippowdon
|-damage|p2a: Hippowdon|55/100
|move|p2a: Hippowdon|Whirlwind||[still]
|-fail|p2a: Hippowdon
|
|-heal|p2a: Hippowdon|61/100|[from] item: Leftovers
|upkeep
|turn|34
|
|t:|1779572146
|move|p1a: itachi|U-turn|p2a: Hippowdon
|-damage|p2a: Hippowdon|53/100
|move|p2a: Hippowdon|Whirlwind||[still]
|-fail|p2a: Hippowdon
|
|-heal|p2a: Hippowdon|59/100|[from] item: Leftovers
|upkeep
|turn|35
|
|t:|1779572154
|move|p1a: itachi|Brave Bird|p2a: Hippowdon
|-damage|p2a: Hippowdon|38/100
|-damage|p1a: itachi|93/100|[from] Recoil
|move|p2a: Hippowdon|Stealth Rock||[still]
|-fail|p2a: Hippowdon
|
|-heal|p2a: Hippowdon|44/100|[from] item: Leftovers
|upkeep
|turn|36
|
|t:|1779572163
|move|p1a: itachi|U-turn|p2a: Hippowdon
|-crit|p2a: Hippowdon
|-damage|p2a: Hippowdon|32/100
|move|p2a: Hippowdon|Stealth Rock||[still]
|-fail|p2a: Hippowdon
|
|-heal|p2a: Hippowdon|38/100|[from] item: Leftovers
|upkeep
|turn|37
|
|t:|1779572171
|move|p1a: itachi|Brave Bird|p2a: Hippowdon
|-damage|p2a: Hippowdon|16/100
|-damage|p1a: itachi|85/100|[from] Recoil
|move|p2a: Hippowdon|Slack Off|p2a: Hippowdon
|-heal|p2a: Hippowdon|66/100
|
|-heal|p2a: Hippowdon|72/100|[from] item: Leftovers
|upkeep
|turn|38
|
|t:|1779572181
|move|p1a: itachi|U-turn|p2a: Hippowdon
|-damage|p2a: Hippowdon|64/100
|move|p2a: Hippowdon|Stealth Rock||[still]
|-fail|p2a: Hippowdon
|
|-heal|p2a: Hippowdon|70/100|[from] item: Leftovers
|upkeep
|turn|39
|
|t:|1779572189
|move|p1a: itachi|U-turn|p2a: Hippowdon
|-damage|p2a: Hippowdon|62/100
|move|p2a: Hippowdon|Stealth Rock||[still]
|-fail|p2a: Hippowdon
|
|-heal|p2a: Hippowdon|68/100|[from] item: Leftovers
|upkeep
|turn|40
|
|t:|1779572197
|move|p1a: itachi|U-turn|p2a: Hippowdon
|-damage|p2a: Hippowdon|60/100
|move|p2a: Hippowdon|Stealth Rock||[still]
|-fail|p2a: Hippowdon
|
|-heal|p2a: Hippowdon|66/100|[from] item: Leftovers
|upkeep
|turn|41
|
|t:|1779572207
|move|p1a: itachi|U-turn|p2a: Hippowdon
|-damage|p2a: Hippowdon|57/100
|move|p2a: Hippowdon|Stealth Rock||[still]
|-fail|p2a: Hippowdon
|
|-heal|p2a: Hippowdon|63/100|[from] item: Leftovers
|upkeep
|turn|42
|
|t:|1779572213
|move|p1a: itachi|U-turn|p2a: Hippowdon
|-damage|p2a: Hippowdon|55/100
|move|p2a: Hippowdon|Whirlwind||[still]
|-fail|p2a: Hippowdon
|
|-heal|p2a: Hippowdon|62/100|[from] item: Leftovers
|upkeep
|turn|43
|
|t:|1779572221
|move|p1a: itachi|U-turn|p2a: Hippowdon
|-damage|p2a: Hippowdon|53/100
|move|p2a: Hippowdon|Whirlwind||[still]
|-fail|p2a: Hippowdon
|
|-heal|p2a: Hippowdon|59/100|[from] item: Leftovers
|upkeep
|turn|44
|
|t:|1779572226
|move|p1a: itachi|Brave Bird|p2a: Hippowdon
|-damage|p2a: Hippowdon|36/100
|-damage|p1a: itachi|77/100|[from] Recoil
|move|p2a: Hippowdon|Whirlwind||[still]
|-fail|p2a: Hippowdon
|
|-heal|p2a: Hippowdon|42/100|[from] item: Leftovers
|upkeep
|turn|45
|
|t:|1779572236
|move|p1a: itachi|U-turn|p2a: Hippowdon
|-damage|p2a: Hippowdon|34/100
|move|p2a: Hippowdon|Whirlwind||[still]
|-fail|p2a: Hippowdon
|
|-heal|p2a: Hippowdon|40/100|[from] item: Leftovers
|upkeep
|turn|46
|
|t:|1779572240
|move|p1a: itachi|U-turn|p2a: Hippowdon
|-damage|p2a: Hippowdon|32/100
|move|p2a: Hippowdon|Slack Off|p2a: Hippowdon
|-heal|p2a: Hippowdon|82/100
|
|-heal|p2a: Hippowdon|88/100|[from] item: Leftovers
|upkeep
|turn|47
|
|t:|1779572246
|move|p1a: itachi|Brave Bird|p2a: Hippowdon
|-damage|p2a: Hippowdon|67/100
|-damage|p1a: itachi|70/100|[from] Recoil
|move|p2a: Hippowdon|Whirlwind||[still]
|-fail|p2a: Hippowdon
|
|-heal|p2a: Hippowdon|73/100|[from] item: Leftovers
|upkeep
|turn|48
|
|t:|1779572254
|move|p1a: itachi|U-turn|p2a: Hippowdon
|-damage|p2a: Hippowdon|64/100
|move|p2a: Hippowdon|Whirlwind||[still]
|-fail|p2a: Hippowdon
|
|-heal|p2a: Hippowdon|70/100|[from] item: Leftovers
|upkeep
|turn|49
|
|t:|1779572261
|move|p1a: itachi|U-turn|p2a: Hippowdon
|-crit|p2a: Hippowdon
|-damage|p2a: Hippowdon|58/100
|move|p2a: Hippowdon|Whirlwind||[still]
|-fail|p2a: Hippowdon
|
|-heal|p2a: Hippowdon|65/100|[from] item: Leftovers
|upkeep
|turn|50
|
|t:|1779572267
|move|p1a: itachi|U-turn|p2a: Hippowdon
|-damage|p2a: Hippowdon|56/100
|move|p2a: Hippowdon|Whirlwind||[still]
|-fail|p2a: Hippowdon
|
|-heal|p2a: Hippowdon|63/100|[from] item: Leftovers
|upkeep
|turn|51
|
|t:|1779572274
|move|p1a: itachi|U-turn|p2a: Hippowdon
|-damage|p2a: Hippowdon|54/100
|move|p2a: Hippowdon|Whirlwind||[still]
|-fail|p2a: Hippowdon
|
|-heal|p2a: Hippowdon|60/100|[from] item: Leftovers
|upkeep
|turn|52
|
|t:|1779572280
|move|p1a: itachi|Roost|p1a: itachi
|-heal|p1a: itachi|100/100
|-singleturn|p1a: itachi|move: Roost
|move|p2a: Hippowdon|Whirlwind||[still]
|-fail|p2a: Hippowdon
|
|-heal|p2a: Hippowdon|66/100|[from] item: Leftovers
|upkeep
|turn|53
|
|t:|1779572285
|move|p1a: itachi|U-turn|p2a: Hippowdon
|-damage|p2a: Hippowdon|58/100
|move|p2a: Hippowdon|Whirlwind||[still]
|-fail|p2a: Hippowdon
|
|-heal|p2a: Hippowdon|64/100|[from] item: Leftovers
|upkeep
|turn|54
|
|t:|1779572290
|move|p1a: itachi|U-turn|p2a: Hippowdon
|-damage|p2a: Hippowdon|55/100
|move|p2a: Hippowdon|Whirlwind||[still]
|-fail|p2a: Hippowdon
|
|-heal|p2a: Hippowdon|61/100|[from] item: Leftovers
|upkeep
|turn|55
|
|t:|1779572295
|move|p1a: itachi|Brave Bird|p2a: Hippowdon
|-damage|p2a: Hippowdon|39/100
|-damage|p1a: itachi|93/100|[from] Recoil
|move|p2a: Hippowdon|Whirlwind||[still]
|-fail|p2a: Hippowdon
|
|-heal|p2a: Hippowdon|45/100|[from] item: Leftovers
|upkeep
|turn|56
|
|t:|1779572303
|move|p1a: itachi|U-turn|p2a: Hippowdon
|-damage|p2a: Hippowdon|37/100
|move|p2a: Hippowdon|Whirlwind||[still]
|-fail|p2a: Hippowdon
|
|-heal|p2a: Hippowdon|43/100|[from] item: Leftovers
|upkeep
|turn|57
|
|t:|1779572310
|move|p1a: itachi|Brave Bird|p2a: Hippowdon
|-damage|p2a: Hippowdon|20/100
|-damage|p1a: itachi|85/100|[from] Recoil
|move|p2a: Hippowdon|Whirlwind||[still]
|-fail|p2a: Hippowdon
|
|-heal|p2a: Hippowdon|26/100|[from] item: Leftovers
|upkeep
|turn|58
|
|t:|1779572318
|move|p1a: itachi|Brave Bird|p2a: Hippowdon
|-damage|p2a: Hippowdon|6/100
|-damage|p1a: itachi|78/100|[from] Recoil
|move|p2a: Hippowdon|Slack Off|p2a: Hippowdon
|-heal|p2a: Hippowdon|56/100
|
|-heal|p2a: Hippowdon|62/100|[from] item: Leftovers
|upkeep
|turn|59
|
|t:|1779572327
|move|p1a: itachi|U-turn|p2a: Hippowdon
|-damage|p2a: Hippowdon|54/100
|move|p2a: Hippowdon|Earthquake|p1a: itachi
|-immune|p1a: itachi
|
|-heal|p2a: Hippowdon|60/100|[from] item: Leftovers
|upkeep
|turn|60
|
|t:|1779572334
|move|p1a: itachi|U-turn|p2a: Hippowdon
|-damage|p2a: Hippowdon|51/100
|move|p2a: Hippowdon|Whirlwind||[still]
|-fail|p2a: Hippowdon
|
|-heal|p2a: Hippowdon|58/100|[from] item: Leftovers
|upkeep
|turn|61
|
|t:|1779572341
|move|p1a: itachi|U-turn|p2a: Hippowdon
|-damage|p2a: Hippowdon|49/100
|move|p2a: Hippowdon|Whirlwind||[still]
|-fail|p2a: Hippowdon
|
|-heal|p2a: Hippowdon|55/100|[from] item: Leftovers
|upkeep
|turn|62
|
|t:|1779572354
|move|p1a: itachi|U-turn|p2a: Hippowdon
|-damage|p2a: Hippowdon|47/100
|move|p2a: Hippowdon|Whirlwind||[still]
|-fail|p2a: Hippowdon
|
|-heal|p2a: Hippowdon|53/100|[from] item: Leftovers
|upkeep
|turn|63
|
|t:|1779572360
|move|p1a: itachi|U-turn|p2a: Hippowdon
|-damage|p2a: Hippowdon|44/100
|move|p2a: Hippowdon|Whirlwind||[still]
|-fail|p2a: Hippowdon
|
|-heal|p2a: Hippowdon|50/100|[from] item: Leftovers
|upkeep
|turn|64
|
|t:|1779572366
|move|p1a: itachi|U-turn|p2a: Hippowdon
|-damage|p2a: Hippowdon|41/100
|move|p2a: Hippowdon|Whirlwind||[still]
|-fail|p2a: Hippowdon
|
|-heal|p2a: Hippowdon|48/100|[from] item: Leftovers
|upkeep
|turn|65
|
|t:|1779572379
|move|p1a: itachi|U-turn|p2a: Hippowdon
|-damage|p2a: Hippowdon|39/100
|move|p2a: Hippowdon|Whirlwind||[still]
|-fail|p2a: Hippowdon
|
|-heal|p2a: Hippowdon|45/100|[from] item: Leftovers
|upkeep
|turn|66
|
|t:|1779572385
|move|p1a: itachi|U-turn|p2a: Hippowdon
|-damage|p2a: Hippowdon|37/100
|move|p2a: Hippowdon|Whirlwind||[still]
|-fail|p2a: Hippowdon
|
|-heal|p2a: Hippowdon|43/100|[from] item: Leftovers
|upkeep
|turn|67
|
|t:|1779572388
|move|p1a: itachi|Brave Bird|p2a: Hippowdon
|-damage|p2a: Hippowdon|21/100
|-damage|p1a: itachi|70/100|[from] Recoil
|move|p2a: Hippowdon|Slack Off|p2a: Hippowdon
|-heal|p2a: Hippowdon|71/100
|
|-heal|p2a: Hippowdon|77/100|[from] item: Leftovers
|upkeep
|turn|68
|
|t:|1779572396
|move|p1a: itachi|Brave Bird|p2a: Hippowdon
|-damage|p2a: Hippowdon|57/100
|-damage|p1a: itachi|63/100|[from] Recoil
|move|p2a: Hippowdon|Earthquake|p1a: itachi
|-immune|p1a: itachi
|
|-heal|p2a: Hippowdon|63/100|[from] item: Leftovers
|upkeep
|turn|69
|
|t:|1779572408
|move|p1a: itachi|Brave Bird|p2a: Hippowdon
|-damage|p2a: Hippowdon|40/100
|-damage|p1a: itachi|55/100|[from] Recoil
|move|p2a: Hippowdon|Slack Off|p2a: Hippowdon
|-heal|p2a: Hippowdon|90/100
|
|-heal|p2a: Hippowdon|97/100|[from] item: Leftovers
|upkeep
|turn|70
|
|t:|1779572414
|move|p1a: itachi|Brave Bird|p2a: Hippowdon
|-damage|p2a: Hippowdon|76/100
|-damage|p1a: itachi|48/100|[from] Recoil
|move|p2a: Hippowdon|Earthquake|p1a: itachi
|-immune|p1a: itachi
|
|-heal|p2a: Hippowdon|82/100|[from] item: Leftovers
|upkeep
|turn|71
|
|t:|1779572420
|move|p1a: itachi|Roost|p1a: itachi
|-heal|p1a: itachi|98/100
|-singleturn|p1a: itachi|move: Roost
|move|p2a: Hippowdon|Earthquake|p1a: itachi
|-supereffective|p1a: itachi
|-damage|p1a: itachi|50/100
|
|-heal|p2a: Hippowdon|88/100|[from] item: Leftovers
|upkeep
|turn|72
|
|t:|1779572430
|move|p1a: itachi|Brave Bird|p2a: Hippowdon
|-damage|p2a: Hippowdon|66/100
|-damage|p1a: itachi|42/100|[from] Recoil
|move|p2a: Hippowdon|Stealth Rock||[still]
|-fail|p2a: Hippowdon
|
|-heal|p2a: Hippowdon|72/100|[from] item: Leftovers
|upkeep
|turn|73
|
|t:|1779572436
|move|p1a: itachi|Roost|p1a: itachi
|-heal|p1a: itachi|92/100
|-singleturn|p1a: itachi|move: Roost
|move|p2a: Hippowdon|Earthquake|p1a: itachi
|-supereffective|p1a: itachi
|-damage|p1a: itachi|45/100
|
|-heal|p2a: Hippowdon|79/100|[from] item: Leftovers
|upkeep
|turn|74
|
|t:|1779572444
|move|p1a: itachi|Defog|p2a: Hippowdon
|-unboost|p2a: Hippowdon|evasion|1
|-sideend|p1: artsitodla|Toxic Spikes|[from] move: Defog|[of] p1a: itachi
|-sideend|p1: artsitodla|Stealth Rock|[from] move: Defog|[of] p1a: itachi
|move|p2a: Hippowdon|Earthquake|p1a: itachi
|-immune|p1a: itachi
|
|-heal|p2a: Hippowdon|85/100|[from] item: Leftovers
|upkeep
|turn|75
|
|t:|1779572451
|move|p1a: itachi|Defog|p2a: Hippowdon
|-unboost|p2a: Hippowdon|evasion|1
|move|p2a: Hippowdon|Earthquake|p1a: itachi
|-immune|p1a: itachi
|
|-heal|p2a: Hippowdon|91/100|[from] item: Leftovers
|upkeep
|turn|76
|
|t:|1779572456
|move|p1a: itachi|Defog|p2a: Hippowdon
|-unboost|p2a: Hippowdon|evasion|1
|move|p2a: Hippowdon|Whirlwind||[still]
|-fail|p2a: Hippowdon
|
|-heal|p2a: Hippowdon|97/100|[from] item: Leftovers
|upkeep
|turn|77
|
|t:|1779572463
|move|p1a: itachi|Defog|p2a: Hippowdon
|-unboost|p2a: Hippowdon|evasion|1
|move|p2a: Hippowdon|Whirlwind||[still]
|-fail|p2a: Hippowdon
|
|-heal|p2a: Hippowdon|100/100|[from] item: Leftovers
|upkeep
|turn|78
|
|t:|1779572468
|move|p1a: itachi|Defog|p2a: Hippowdon
|-unboost|p2a: Hippowdon|evasion|1
|move|p2a: Hippowdon|Earthquake|p1a: itachi
|-immune|p1a: itachi
|
|upkeep
|turn|79
|
|t:|1779572472
|move|p1a: itachi|Defog|p2a: Hippowdon
|-unboost|p2a: Hippowdon|evasion|1
|move|p2a: Hippowdon|Stealth Rock|p1a: itachi
|-sidestart|p1: artsitodla|move: Stealth Rock
|
|upkeep
|turn|80
|
|t:|1779572478
|move|p1a: itachi|Defog|p2a: Hippowdon
|-unboost|p2a: Hippowdon|evasion|0
|-sideend|p1: artsitodla|Stealth Rock|[from] move: Defog|[of] p1a: itachi
|move|p2a: Hippowdon|Stealth Rock|p1a: itachi
|-sidestart|p1: artsitodla|move: Stealth Rock
|
|upkeep
|turn|81
|
|t:|1779572483
|move|p1a: itachi|Defog|p2a: Hippowdon
|-unboost|p2a: Hippowdon|evasion|0
|-sideend|p1: artsitodla|Stealth Rock|[from] move: Defog|[of] p1a: itachi
|move|p2a: Hippowdon|Stealth Rock|p1a: itachi
|-sidestart|p1: artsitodla|move: Stealth Rock
|
|upkeep
|turn|82
|
|t:|1779572486
|move|p1a: itachi|Defog|p2a: Hippowdon
|-unboost|p2a: Hippowdon|evasion|0
|-sideend|p1: artsitodla|Stealth Rock|[from] move: Defog|[of] p1a: itachi
|move|p2a: Hippowdon|Stealth Rock|p1a: itachi
|-sidestart|p1: artsitodla|move: Stealth Rock
|
|upkeep
|turn|83
|
|t:|1779572494
|move|p1a: itachi|Roost|p1a: itachi
|-heal|p1a: itachi|95/100
|-singleturn|p1a: itachi|move: Roost
|move|p2a: Hippowdon|Earthquake|p1a: itachi
|-supereffective|p1a: itachi
|-damage|p1a: itachi|53/100
|
|upkeep
|turn|84
|
|t:|1779572503
|move|p1a: itachi|Defog|p2a: Hippowdon
|-unboost|p2a: Hippowdon|evasion|0
|-sideend|p1: artsitodla|Stealth Rock|[from] move: Defog|[of] p1a: itachi
|move|p2a: Hippowdon|Stealth Rock|p1a: itachi
|-sidestart|p1: artsitodla|move: Stealth Rock
|
|upkeep
|turn|85
|
|t:|1779572507
|move|p1a: itachi|Defog|p2a: Hippowdon
|-unboost|p2a: Hippowdon|evasion|0
|-sideend|p1: artsitodla|Stealth Rock|[from] move: Defog|[of] p1a: itachi
|move|p2a: Hippowdon|Stealth Rock|p1a: itachi
|-sidestart|p1: artsitodla|move: Stealth Rock
|
|upkeep
|turn|86
|
|t:|1779572512
|move|p1a: itachi|Defog|p2a: Hippowdon
|-unboost|p2a: Hippowdon|evasion|0
|-sideend|p1: artsitodla|Stealth Rock|[from] move: Defog|[of] p1a: itachi
|move|p2a: Hippowdon|Earthquake|p1a: itachi
|-immune|p1a: itachi
|
|upkeep
|turn|87
|
|t:|1779572514
|move|p1a: itachi|Defog||[still]
|-unboost|p2a: Hippowdon|evasion|0
|-fail|p1a: itachi
|move|p2a: Hippowdon|Stealth Rock|p1a: itachi
|-sidestart|p1: artsitodla|move: Stealth Rock
|
|upkeep
|turn|88
|
|t:|1779572518
|move|p1a: itachi|Defog|p2a: Hippowdon
|-unboost|p2a: Hippowdon|evasion|0
|-sideend|p1: artsitodla|Stealth Rock|[from] move: Defog|[of] p1a: itachi
|move|p2a: Hippowdon|Stealth Rock|p1a: itachi
|-sidestart|p1: artsitodla|move: Stealth Rock
|
|upkeep
|turn|89
|
|t:|1779572521
|move|p1a: itachi|Defog|p2a: Hippowdon
|-unboost|p2a: Hippowdon|evasion|0
|-sideend|p1: artsitodla|Stealth Rock|[from] move: Defog|[of] p1a: itachi
|move|p2a: Hippowdon|Stealth Rock|p1a: itachi
|-sidestart|p1: artsitodla|move: Stealth Rock
|
|upkeep
|turn|90
|
|t:|1779572527
|move|p1a: itachi|Defog|p2a: Hippowdon
|-unboost|p2a: Hippowdon|evasion|0
|-sideend|p1: artsitodla|Stealth Rock|[from] move: Defog|[of] p1a: itachi
|move|p2a: Hippowdon|Stealth Rock|p1a: itachi
|-sidestart|p1: artsitodla|move: Stealth Rock
|
|upkeep
|turn|91
|
|t:|1779572530
|move|p1a: itachi|Roost|p1a: itachi
|-heal|p1a: itachi|100/100
|-singleturn|p1a: itachi|move: Roost
|move|p2a: Hippowdon|Stealth Rock||[still]
|-fail|p2a: Hippowdon
|
|upkeep
|turn|92
|
|t:|1779572537
|move|p1a: itachi|Defog|p2a: Hippowdon
|-unboost|p2a: Hippowdon|evasion|0
|-sideend|p1: artsitodla|Stealth Rock|[from] move: Defog|[of] p1a: itachi
|move|p2a: Hippowdon|Stealth Rock|p1a: itachi
|-sidestart|p1: artsitodla|move: Stealth Rock
|
|upkeep
|turn|93
|
|t:|1779572544
|move|p1a: itachi|Defog|p2a: Hippowdon
|-unboost|p2a: Hippowdon|evasion|0
|-sideend|p1: artsitodla|Stealth Rock|[from] move: Defog|[of] p1a: itachi
|move|p2a: Hippowdon|Stealth Rock|p1a: itachi
|-sidestart|p1: artsitodla|move: Stealth Rock
|
|upkeep
|turn|94
|
|t:|1779572547
|move|p1a: itachi|Defog|p2a: Hippowdon
|-unboost|p2a: Hippowdon|evasion|0
|-sideend|p1: artsitodla|Stealth Rock|[from] move: Defog|[of] p1a: itachi
|move|p2a: Hippowdon|Stealth Rock|p1a: itachi
|-sidestart|p1: artsitodla|move: Stealth Rock
|
|upkeep
|turn|95
|
|t:|1779572551
|move|p1a: itachi|Defog|p2a: Hippowdon
|-unboost|p2a: Hippowdon|evasion|0
|-sideend|p1: artsitodla|Stealth Rock|[from] move: Defog|[of] p1a: itachi
|move|p2a: Hippowdon|Stealth Rock|p1a: itachi
|-sidestart|p1: artsitodla|move: Stealth Rock
|
|upkeep
|turn|96
|
|t:|1779572558
|move|p1a: itachi|Defog|p2a: Hippowdon
|-unboost|p2a: Hippowdon|evasion|0
|-sideend|p1: artsitodla|Stealth Rock|[from] move: Defog|[of] p1a: itachi
|move|p2a: Hippowdon|Earthquake|p1a: itachi
|-immune|p1a: itachi
|
|upkeep
|turn|97
|l|☆artsitodla
|inactive|artsitodla disconnected and has a minute to reconnect!
|player|p1|
|j|☆artsitodla
|inactive|artsitodla reconnected and has 125 seconds left.
|player|p1|artsitodla|red|
|
|t:|1779572586
|move|p1a: itachi|Defog||[still]
|-unboost|p2a: Hippowdon|evasion|0
|-fail|p1a: itachi
|move|p2a: Hippowdon|Earthquake|p1a: itachi
|-immune|p1a: itachi
|
|upkeep
|turn|98
|
|t:|1779572591
|move|p1a: itachi|Defog||[still]
|-unboost|p2a: Hippowdon|evasion|0
|-fail|p1a: itachi
|move|p2a: Hippowdon|Earthquake|p1a: itachi
|-immune|p1a: itachi
|
|upkeep
|turn|99
|
|t:|1779572594
|move|p1a: itachi|Defog||[still]
|-unboost|p2a: Hippowdon|evasion|0
|-fail|p1a: itachi
|move|p2a: Hippowdon|Earthquake|p1a: itachi
|-immune|p1a: itachi
|
|upkeep
|turn|100
|
|t:|1779572602
|move|p1a: itachi|Roost||[still]
|-fail|p1a: itachi|heal
|move|p2a: Hippowdon|Earthquake|p1a: itachi
|-immune|p1a: itachi
|
|upkeep
|turn|101
|
|t:|1779572608
|-activate|p1a: itachi|move: Struggle
|move|p1a: itachi|Struggle|p2a: Hippowdon
|-damage|p2a: Hippowdon|94/100
|-damage|p1a: itachi|75/100|[from] recoil
|move|p2a: Hippowdon|Earthquake|p1a: itachi
|-immune|p1a: itachi
|
|-heal|p2a: Hippowdon|100/100|[from] item: Leftovers
|upkeep
|turn|102
|
|t:|1779572614
|-activate|p1a: itachi|move: Struggle
|move|p1a: itachi|Struggle|p2a: Hippowdon
|-damage|p2a: Hippowdon|94/100
|-damage|p1a: itachi|50/100|[from] recoil
|-activate|p2a: Hippowdon|move: Struggle
|move|p2a: Hippowdon|Struggle|p1a: itachi
|-damage|p1a: itachi|43/100
|-damage|p2a: Hippowdon|78/100|[from] item: Rocky Helmet|[of] p1a: itachi
|-damage|p2a: Hippowdon|53/100|[from] recoil
|
|-heal|p2a: Hippowdon|59/100|[from] item: Leftovers
|upkeep
|turn|103
|
|t:|1779572625
|-activate|p1a: itachi|move: Struggle
|move|p1a: itachi|Struggle|p2a: Hippowdon
|-damage|p2a: Hippowdon|53/100
|-damage|p1a: itachi|18/100|[from] recoil
|-activate|p2a: Hippowdon|move: Struggle
|move|p2a: Hippowdon|Struggle|p1a: itachi
|-damage|p1a: itachi|11/100
|-damage|p2a: Hippowdon|37/100|[from] item: Rocky Helmet|[of] p1a: itachi
|-damage|p2a: Hippowdon|11/100|[from] recoil
|
|-heal|p2a: Hippowdon|18/100|[from] item: Leftovers
|upkeep
|turn|104
|
|t:|1779572631
|-activate|p1a: itachi|move: Struggle
|move|p1a: itachi|Struggle|p2a: Hippowdon
|-damage|p2a: Hippowdon|11/100
|-damage|p1a: itachi|0 fnt|[from] recoil
|faint|p1a: itachi
|
|win|DevotedToaster
|raw|artsitodla's rating: 1315 &rarr; <strong>1294</strong><br />(-21 for losing)
|raw|DevotedToaster's rating: 1294 &rarr; <strong>1321</strong><br />(+27 for winning)
|l|‽DevotedToaster
|player|p2|
|l|☆artsitodla
|player|p1|
