|j|☆zNoctem
|j|☆EeveeFanBuri
|t:|1779566603
|gametype|singles
|player|p1|zNoctem|will|1351
|player|p2|EeveeFanBuri|170|1333
|gen|9
|tier|[Gen 9] OU
|rated|
|rule|HP Percentage Mod: HP is shown in percentages
|rule|Endless Battle Clause: Forcing endless battles is banned
|rule|Species Clause: Limit one of each Pokémon
|rule|OHKO Clause: OHKO moves are banned
|rule|Evasion Items Clause: Evasion items are banned
|rule|Evasion Moves Clause: Evasion moves are banned
|rule|Evasion Abilities Clause: Evasion abilities are banned
|rule|Sleep Moves Clause: Sleep-inducing moves are banned
|clearpoke
|poke|p1|Ursaluna, M|
|poke|p1|Garchomp, M|
|poke|p1|Latias, F|
|poke|p1|Goodra-Hisui, M|
|poke|p1|Glimmora, M|
|poke|p1|Ninetales-Alola, F|
|poke|p2|Thundurus-Therian, M|
|poke|p2|Hatterene, F|
|poke|p2|Politoed, M|
|poke|p2|Lycanroc-Dusk, F|
|poke|p2|Umbreon, M|
|poke|p2|Salamence, M|
|teampreview
|
|t:|1779566608
|teamsize|p1|6
|teamsize|p2|6
|start
|switch|p1a: Glimmora|Glimmora, M|100/100
|switch|p2a: PoliGOAT|Politoed, M, shiny|100/100
|-item|p1a: Glimmora|Air Balloon
|-weather|RainDance|[from] ability: Drizzle|[of] p2a: PoliGOAT
|turn|1
|
|t:|1779566614
|move|p1a: Glimmora|Mortal Spin|p2a: PoliGOAT
|-damage|p2a: PoliGOAT|92/100
|-status|p2a: PoliGOAT|psn
|move|p2a: PoliGOAT|Weather Ball|p1a: Glimmora
|-supereffective|p1a: Glimmora
|-damage|p1a: Glimmora|0 fnt
|-enditem|p1a: Glimmora|Air Balloon
|faint|p1a: Glimmora
|
|-weather|RainDance|[upkeep]
|-damage|p2a: PoliGOAT|79/100 psn|[from] psn
|upkeep
|
|t:|1779566625
|switch|p1a: Ninetales|Ninetales-Alola, F|100/100
|-weather|Snowscape|[from] ability: Snow Warning|[of] p1a: Ninetales
|turn|2
|
|t:|1779566640
|move|p1a: Ninetales|Aurora Veil|p1a: Ninetales
|-sidestart|p1: zNoctem|move: Aurora Veil
|move|p2a: PoliGOAT|Earth Power|p1a: Ninetales
|-damage|p1a: Ninetales|88/100
|
|-weather|Snowscape|[upkeep]
|-damage|p2a: PoliGOAT|67/100 psn|[from] psn
|upkeep
|turn|3
|
|t:|1779566651
|switch|p1a: Latias|Latias, F|100/100
|move|p2a: PoliGOAT|Encore||[still]
|-fail|p2a: PoliGOAT
|
|-weather|Snowscape|[upkeep]
|-damage|p2a: PoliGOAT|54/100 psn|[from] psn
|upkeep
|turn|4
|
|t:|1779566658
|move|p2a: PoliGOAT|Encore||[still]
|-fail|p2a: PoliGOAT
|move|p1a: Latias|Calm Mind|p1a: Latias
|-boost|p1a: Latias|spa|1
|-boost|p1a: Latias|spd|1
|
|-weather|Snowscape|[upkeep]
|-damage|p2a: PoliGOAT|42/100 psn|[from] psn
|upkeep
|turn|5
|
|t:|1779566666
|move|p2a: PoliGOAT|Encore|p1a: Latias
|-start|p1a: Latias|Encore
|move|p1a: Latias|Calm Mind|p1a: Latias
|-boost|p1a: Latias|spa|1
|-boost|p1a: Latias|spd|1
|
|-weather|Snowscape|[upkeep]
|-damage|p2a: PoliGOAT|29/100 psn|[from] psn
|upkeep
|turn|6
|
|t:|1779566674
|move|p2a: PoliGOAT|Haze|p2a: PoliGOAT
|-clearallboost
|move|p1a: Latias|Calm Mind|p1a: Latias
|-boost|p1a: Latias|spa|1
|-boost|p1a: Latias|spd|1
|
|-weather|none
|-damage|p2a: PoliGOAT|17/100 psn|[from] psn
|upkeep
|turn|7
|
|t:|1779566683
|move|p2a: PoliGOAT|Haze|p2a: PoliGOAT
|-clearallboost
|move|p1a: Latias|Calm Mind|p1a: Latias
|-boost|p1a: Latias|spa|1
|-boost|p1a: Latias|spd|1
|
|-damage|p2a: PoliGOAT|4/100 psn|[from] psn
|-end|p1a: Latias|Encore
|upkeep
|turn|8
|
|t:|1779566696
|switch|p1a: Ursaluna|Ursaluna, M|100/100
|move|p2a: PoliGOAT|Haze|p2a: PoliGOAT
|-clearallboost
|
|-damage|p2a: PoliGOAT|0 fnt|[from] psn
|faint|p2a: PoliGOAT
|-status|p1a: Ursaluna|brn|[from] item: Flame Orb
|upkeep
|
|t:|1779566706
|switch|p2a: Ollie|Umbreon, M, shiny|100/100
|turn|9
|
|t:|1779566710
|move|p2a: Ollie|Foul Play|p1a: Ursaluna
|-damage|p1a: Ursaluna|81/100 brn
|move|p1a: Ursaluna|Facade|p2a: Ollie
|-damage|p2a: Ollie|0 fnt
|faint|p2a: Ollie
|
|-damage|p1a: Ursaluna|75/100 brn|[from] brn
|-sideend|p1: zNoctem|move: Aurora Veil
|upkeep
|
|t:|1779566719
|switch|p2a: Sky|Lycanroc-Dusk, F, shiny|100/100
|turn|10
|
|t:|1779566727
|move|p2a: Sky|Close Combat|p1a: Ursaluna
|-supereffective|p1a: Ursaluna
|-damage|p1a: Ursaluna|4/100 brn
|-unboost|p2a: Sky|def|1
|-unboost|p2a: Sky|spd|1
|move|p1a: Ursaluna|Headlong Rush|p2a: Sky
|-supereffective|p2a: Sky
|-enditem|p2a: Sky|Focus Sash
|-damage|p2a: Sky|1/100
|-unboost|p1a: Ursaluna|def|1
|-unboost|p1a: Ursaluna|spd|1
|
|-damage|p1a: Ursaluna|0 fnt|[from] brn
|faint|p1a: Ursaluna
|upkeep
|
|t:|1779566741
|switch|p1a: Goodra|Goodra-Hisui, M|100/100
|turn|11
|
|t:|1779566748
|move|p2a: Sky|Close Combat|p1a: Goodra
|-supereffective|p1a: Goodra
|-damage|p1a: Goodra|5/100
|-unboost|p2a: Sky|def|1
|-unboost|p2a: Sky|spd|1
|move|p1a: Goodra|Flash Cannon|p2a: Sky
|-supereffective|p2a: Sky
|-damage|p2a: Sky|0 fnt
|faint|p2a: Sky
|
|upkeep
|
|t:|1779566758
|switch|p2a: Tsundere-Therian|Thundurus-Therian, M, shiny|100/100
|turn|12
|
|t:|1779566762
|move|p2a: Tsundere-Therian|Dark Pulse|p1a: Goodra
|-damage|p1a: Goodra|0 fnt
|faint|p1a: Goodra
|
|upkeep
|
|t:|1779566766
|switch|p1a: Ninetales|Ninetales-Alola, F|88/100
|-weather|Snowscape|[from] ability: Snow Warning|[of] p1a: Ninetales
|turn|13
|
|t:|1779566772
|switch|p2a: BOING|Hatterene, F, shiny|100/100
|move|p1a: Ninetales|Aurora Veil|p1a: Ninetales
|-sidestart|p1: zNoctem|move: Aurora Veil
|
|-weather|Snowscape|[upkeep]
|upkeep
|turn|14
|
|t:|1779566779
|switch|p1a: Garchomp|Garchomp, M|100/100
|move|p2a: BOING|Draining Kiss|p1a: Garchomp
|-supereffective|p1a: Garchomp
|-crit|p1a: Garchomp
|-damage|p1a: Garchomp|15/100
|-damage|p2a: BOING|88/100|[from] ability: Rough Skin|[of] p1a: Garchomp
|-damage|p2a: BOING|72/100|[from] item: Rocky Helmet|[of] p1a: Garchomp
|
|-weather|Snowscape|[upkeep]
|upkeep
|turn|15
|
|t:|1779566788
|move|p1a: Garchomp|Iron Head|p2a: BOING
|-supereffective|p2a: BOING
|-damage|p2a: BOING|0 fnt
|faint|p2a: BOING
|
|-weather|Snowscape|[upkeep]
|upkeep
|
|t:|1779566792
|switch|p2a: Growling Moon|Salamence, M, shiny|100/100
|turn|16
|
|t:|1779566800
|-terastallize|p2a: Growling Moon|Flying
|move|p2a: Growling Moon|Dragon Dance|p2a: Growling Moon
|-boost|p2a: Growling Moon|atk|1
|-boost|p2a: Growling Moon|spe|1
|move|p1a: Garchomp|Scale Shot|p2a: Growling Moon
|-crit|p2a: Growling Moon
|-damage|p2a: Growling Moon|71/100
|-damage|p2a: Growling Moon|52/100
|-hitcount|p2a: Growling Moon|2
|-unboost|p1a: Garchomp|def|1
|-boost|p1a: Garchomp|spe|1
|
|-weather|Snowscape|[upkeep]
|upkeep
|turn|17
|
|t:|1779566813
|move|p2a: Growling Moon|Dual Wingbeat|p1a: Garchomp
|-damage|p1a: Garchomp|0 fnt
|-damage|p2a: Growling Moon|39/100|[from] ability: Rough Skin|[of] p1a: Garchomp
|-damage|p2a: Growling Moon|23/100|[from] item: Rocky Helmet|[of] p1a: Garchomp
|faint|p1a: Garchomp
|-ability|p2a: Growling Moon|Moxie|boost
|-boost|p2a: Growling Moon|atk|1
|-hitcount|p1: Garchomp|1
|
|-weather|none
|upkeep
|
|t:|1779566825
|switch|p1a: Ninetales|Ninetales-Alola, F|88/100
|-weather|Snowscape|[from] ability: Snow Warning|[of] p1a: Ninetales
|turn|18
|
|t:|1779566833
|move|p2a: Growling Moon|Dual Wingbeat|p1a: Ninetales
|-damage|p1a: Ninetales|61/100
|-damage|p1a: Ninetales|34/100
|-hitcount|p1a: Ninetales|2
|move|p1a: Ninetales|Blizzard|p2a: Growling Moon
|-supereffective|p2a: Growling Moon
|-damage|p2a: Growling Moon|0 fnt
|faint|p2a: Growling Moon
|
|-weather|Snowscape|[upkeep]
|upkeep
|
|t:|1779566837
|switch|p2a: Tsundere-Therian|Thundurus-Therian, M, shiny|100/100
|turn|19
|
|t:|1779566854
|move|p2a: Tsundere-Therian|Sludge Wave|p1a: Ninetales
|-supereffective|p1a: Ninetales
|-damage|p1a: Ninetales|0 fnt
|faint|p1a: Ninetales
|
|-weather|Snowscape|[upkeep]
|upkeep
|
|t:|1779566858
|switch|p1a: Latias|Latias, F|100/100
|turn|20
|
|t:|1779566865
|-terastallize|p1a: Latias|Electric
|move|p2a: Tsundere-Therian|Sludge Wave|p1a: Latias
|-damage|p1a: Latias|87/100
|move|p1a: Latias|Calm Mind|p1a: Latias
|-boost|p1a: Latias|spa|1
|-boost|p1a: Latias|spd|1
|
|-weather|Snowscape|[upkeep]
|-heal|p1a: Latias|93/100|[from] item: Leftovers
|-sideend|p1: zNoctem|move: Aurora Veil
|upkeep
|turn|21
|
|t:|1779566875
|move|p2a: Tsundere-Therian|Sludge Wave|p1a: Latias
|-damage|p1a: Latias|73/100
|move|p1a: Latias|Calm Mind|p1a: Latias
|-boost|p1a: Latias|spa|1
|-boost|p1a: Latias|spd|1
|
|-weather|Snowscape|[upkeep]
|-heal|p1a: Latias|79/100|[from] item: Leftovers
|upkeep
|turn|22
|
|t:|1779566879
|move|p2a: Tsundere-Therian|Sludge Wave|p1a: Latias
|-damage|p1a: Latias|63/100
|move|p1a: Latias|Psychic|p2a: Tsundere-Therian
|-damage|p2a: Tsundere-Therian|0 fnt
|faint|p2a: Tsundere-Therian
|
|win|zNoctem
|raw|zNoctem's rating: 1351 &rarr; <strong>1370</strong><br />(+19 for winning)
|raw|EeveeFanBuri's rating: 1333 &rarr; <strong>1314</strong><br />(-19 for losing)
|l|☆EeveeFanBuri
|player|p2|
|l|☆zNoctem
|player|p1|
