|j|☆haricane
|j|☆BodeDaGod
|t:|1779718270
|gametype|singles
|player|p1|haricane|hilbert|1328
|player|p2|BodeDaGod|cowgirl|1342
|gen|9
|tier|[Gen 9] OU
|rated|
|rule|HP Percentage Mod: HP is shown in percentages
|rule|Endless Battle Clause: Forcing endless battles is banned
|rule|Species Clause: Limit one of each Pokémon
|rule|OHKO Clause: OHKO moves are banned
|rule|Evasion Items Clause: Evasion items are banned
|rule|Evasion Moves Clause: Evasion moves are banned
|rule|Evasion Abilities Clause: Evasion abilities are banned
|rule|Sleep Moves Clause: Sleep-inducing moves are banned
|clearpoke
|poke|p1|Iron Thorns|
|poke|p1|Dragapult, M|
|poke|p1|Latias, F|
|poke|p1|Pawmot, M|
|poke|p1|Noivern, M|
|poke|p1|Armarouge, M|
|poke|p2|Samurott-Hisui, M|
|poke|p2|Kingambit, F|
|poke|p2|Iron Moth|
|poke|p2|Iron Valiant|
|poke|p2|Moltres-Galar|
|poke|p2|Torterra, F|
|teampreview
|inactive|Battle timer is ON: inactive players will automatically lose when time's up. (requested by haricane)
|
|t:|1779718280
|teamsize|p1|6
|teamsize|p2|6
|start
|switch|p1a: Latias|Latias, F|100/100
|switch|p2a: Samurott|Samurott-Hisui, M|100/100
|turn|1
|
|t:|1779718288
|move|p1a: Latias|Agility|p1a: Latias
|-boost|p1a: Latias|spe|2
|move|p2a: Samurott|Ceaseless Edge|p1a: Latias
|-supereffective|p1a: Latias
|-damage|p1a: Latias|0 fnt
|-sidestart|p1: haricane|Spikes
|faint|p1a: Latias
|
|upkeep
|
|t:|1779718297
|switch|p1a: Noivern|Noivern, M|100/100
|-item|p2a: Samurott|Focus Sash|[from] ability: Frisk|[of] p1a: Noivern
|turn|2
|
|t:|1779718313
|move|p1a: Noivern|Switcheroo|p2a: Samurott
|-activate|p1a: Noivern|move: Trick|[of] p2a: Samurott
|-item|p2a: Samurott|Choice Specs|[from] move: Switcheroo
|-item|p1a: Noivern|Focus Sash|[from] move: Switcheroo
|move|p2a: Samurott|Ceaseless Edge|p1a: Noivern
|-damage|p1a: Noivern|46/100
|-sidestart|p1: haricane|Spikes
|
|upkeep
|turn|3
|
|t:|1779718331
|move|p1a: Noivern|Defog|p2a: Samurott
|-unboost|p2a: Samurott|evasion|1
|-sideend|p1: haricane|Spikes|[from] move: Defog|[of] p1a: Noivern
|move|p2a: Samurott|Ceaseless Edge|p1a: Noivern
|-damage|p1a: Noivern|0 fnt
|-sidestart|p1: haricane|Spikes
|faint|p1a: Noivern
|
|upkeep
|
|t:|1779718344
|switch|p1a: Pawmot|Pawmot, M, shiny|100/100
|-damage|p1a: Pawmot|88/100|[from] Spikes
|turn|4
|
|t:|1779718348
|move|p1a: Pawmot|Revival Blessing|p1a: Pawmot
|-enditem|p1a: Pawmot|Leppa Berry|[eat]
|-activate|p1a: Pawmot|item: Leppa Berry|Revival Blessing|[consumed]
|
|t:|1779718352
|-heal|p1: Latias|50/100|[from] move: Revival Blessing
|move|p2a: Samurott|Ceaseless Edge|p1a: Pawmot
|-resisted|p1a: Pawmot
|-damage|p1a: Pawmot|45/100
|-sidestart|p1: haricane|Spikes
|
|upkeep
|turn|5
|
|t:|1779718359
|move|p1a: Pawmot|Revival Blessing|p1a: Pawmot
|
|t:|1779718361
|-heal|p1: Noivern|50/100|[from] move: Revival Blessing
|move|p2a: Samurott|Ceaseless Edge|p1a: Pawmot
|-resisted|p1a: Pawmot
|-damage|p1a: Pawmot|5/100
|-sidestart|p1: haricane|Spikes
|
|upkeep
|turn|6
|
|t:|1779718368
|move|p1a: Pawmot|Thunder Punch|p2a: Samurott
|-supereffective|p2a: Samurott
|-damage|p2a: Samurott|0 fnt
|faint|p2a: Samurott
|
|upkeep
|
|t:|1779718383
|switch|p2a: Kingambit|Kingambit, F|100/100
|-activate|p2a: Kingambit|ability: Supreme Overlord
|-start|p2a: Kingambit|fallen1|[silent]
|-item|p2a: Kingambit|Air Balloon
|turn|7
|
|t:|1779718394
|move|p1a: Pawmot|Mach Punch|p2a: Kingambit
|-supereffective|p2a: Kingambit
|-damage|p2a: Kingambit|34/100
|-enditem|p2a: Kingambit|Air Balloon
|move|p2a: Kingambit|Swords Dance|p2a: Kingambit
|-boost|p2a: Kingambit|atk|2
|
|upkeep
|turn|8
|
|t:|1779718401
|move|p1a: Pawmot|Mach Punch|p2a: Kingambit
|-supereffective|p2a: Kingambit
|-damage|p2a: Kingambit|0 fnt
|faint|p2a: Kingambit
|-end|p2a: Kingambit|fallen1|[silent]
|
|upkeep
|
|t:|1779718405
|switch|p2a: Iron Valiant|Iron Valiant|100/100
|-enditem|p2a: Iron Valiant|Booster Energy
|-activate|p2a: Iron Valiant|ability: Quark Drive|[fromitem]
|-start|p2a: Iron Valiant|quarkdrivespe
|turn|9
|
|t:|1779718410
|move|p1a: Pawmot|Mach Punch|p2a: Iron Valiant
|-resisted|p2a: Iron Valiant
|-damage|p2a: Iron Valiant|87/100
|move|p2a: Iron Valiant|Moonblast|p1a: Pawmot
|-supereffective|p1a: Pawmot
|-damage|p1a: Pawmot|0 fnt
|faint|p1a: Pawmot
|
|upkeep
|
|t:|1779718421
|switch|p1a: Armarouge|Armarouge, M, shiny|100/100
|-damage|p1a: Armarouge|76/100|[from] Spikes
|turn|10
|inactive|BodeDaGod has 120 seconds left.
|
|t:|1779718462
|move|p1a: Armarouge|Endure|p1a: Armarouge
|-singleturn|p1a: Armarouge|move: Endure
|move|p2a: Iron Valiant|Knock Off|p1a: Armarouge
|-supereffective|p1a: Armarouge
|-damage|p1a: Armarouge|22/100
|-ability|p1a: Armarouge|Weak Armor|boost
|-unboost|p1a: Armarouge|def|1
|-boost|p1a: Armarouge|spe|2
|-enditem|p1a: Armarouge|Custap Berry|[from] move: Knock Off|[of] p2a: Iron Valiant
|
|upkeep
|turn|11
|inactive|haricane has 120 seconds left.
|
|t:|1779718511
|move|p1a: Armarouge|Endure|p1a: Armarouge
|-singleturn|p1a: Armarouge|move: Endure
|move|p2a: Iron Valiant|Moonblast|p1a: Armarouge
|-resisted|p1a: Armarouge
|-activate|p1a: Armarouge|move: Endure
|-damage|p1a: Armarouge|1/100
|
|upkeep
|turn|12
|
|t:|1779718523
|move|p2a: Iron Valiant|Moonblast|p1a: Armarouge
|-resisted|p1a: Armarouge
|-crit|p1a: Armarouge
|-damage|p1a: Armarouge|0 fnt
|faint|p1a: Armarouge
|
|upkeep
|
|t:|1779718535
|switch|p1a: Dragapult|Dragapult, M|100/100
|-damage|p1a: Dragapult|76/100|[from] Spikes
|turn|13
|
|t:|1779718541
|-terastallize|p1a: Dragapult|Fairy
|move|p2a: Iron Valiant|Moonblast|p1a: Dragapult
|-damage|p1a: Dragapult|18/100
|-enditem|p1a: Dragapult|Red Card|[of] p2a: Iron Valiant
|-end|p2a: Iron Valiant|Quark Drive|[silent]
|drag|p2a: Moltres|Moltres-Galar|100/100
|move|p1a: Dragapult|Dragon Dance|p1a: Dragapult
|-boost|p1a: Dragapult|atk|1
|-boost|p1a: Dragapult|spe|1
|
|upkeep
|turn|14
|inactive|BodeDaGod has 120 seconds left.
|
|t:|1779718556
|move|p1a: Dragapult|Dragon Darts|p2a: Moltres
|-damage|p2a: Moltres|57/100
|-anim|p1a: Dragapult|Dragon Darts|p2a: Moltres
|-damage|p2a: Moltres|16/100
|-enditem|p2a: Moltres|Sitrus Berry|[eat]
|-heal|p2a: Moltres|41/100|[from] item: Sitrus Berry
|-ability|p2a: Moltres|Berserk|boost
|-boost|p2a: Moltres|spa|1
|move|p2a: Moltres|Fiery Wrath|p1a: Dragapult
|-resisted|p1a: Dragapult
|-damage|p1a: Dragapult|0 fnt
|faint|p1a: Dragapult
|
|upkeep
|inactive|haricane has 90 seconds left.
|
|t:|1779718602
|switch|p1a: Noivern|Noivern, M|50/100
|turn|15
|inactive|BodeDaGod has 120 seconds left.
|
|t:|1779718624
|move|p1a: Noivern|Defog|p2a: Moltres
|-unboost|p2a: Moltres|evasion|1
|-sideend|p1: haricane|Spikes|[from] move: Defog|[of] p1a: Noivern
|move|p2a: Moltres|Agility|p2a: Moltres
|-boost|p2a: Moltres|spe|2
|
|upkeep
|turn|16
|
|t:|1779718644
|move|p2a: Moltres|Fiery Wrath|p1a: Noivern
|-damage|p1a: Noivern|0 fnt
|faint|p1a: Noivern
|
|upkeep
|
|t:|1779718648
|switch|p1a: Iron Thorns|Iron Thorns, shiny|100/100
|-enditem|p1a: Iron Thorns|Booster Energy
|-activate|p1a: Iron Thorns|ability: Quark Drive|[fromitem]
|-start|p1a: Iron Thorns|quarkdriveatk
|turn|17
|
|t:|1779718658
|move|p2a: Moltres|Fiery Wrath|p1a: Iron Thorns
|-damage|p1a: Iron Thorns|32/100
|move|p1a: Iron Thorns|Ice Punch|p2a: Moltres
|-supereffective|p2a: Moltres
|-damage|p2a: Moltres|0 fnt
|faint|p2a: Moltres
|
|upkeep
|inactive|BodeDaGod has 120 seconds left.
|
|t:|1779718676
|switch|p2a: Iron Valiant|Iron Valiant|87/100
|turn|18
|inactive|haricane has 90 seconds left.
|inactive|BodeDaGod has 120 seconds left.
|
|t:|1779718703
|move|p2a: Iron Valiant|Moonblast|p1a: Iron Thorns
|-damage|p1a: Iron Thorns|0 fnt
|faint|p1a: Iron Thorns
|-end|p1a: Iron Thorns|Quark Drive|[silent]
|
|upkeep
|
|t:|1779718707
|switch|p1a: Latias|Latias, F|50/100
|turn|19
|
|t:|1779718718
|move|p2a: Iron Valiant|Knock Off|p1a: Latias
|-supereffective|p1a: Latias
|-damage|p1a: Latias|0 fnt
|-enditem|p1a: Latias|Weakness Policy|[from] move: Knock Off|[of] p2a: Iron Valiant
|faint|p1a: Latias
|
|win|BodeDaGod
|raw|haricane's rating: 1328 &rarr; <strong>1309</strong><br />(-19 for losing)
|raw|BodeDaGod's rating: 1342 &rarr; <strong>1361</strong><br />(+19 for winning)
|l|☆haricane
|player|p1|
