|j|☆Iker69420
|j|☆outis is peak
|t:|1779691681
|gametype|singles
|player|p1|Iker69420|170|1130
|player|p2|outis is peak|n|1094
|gen|9
|tier|[Gen 9] OU
|rated|
|rule|HP Percentage Mod: HP is shown in percentages
|rule|Endless Battle Clause: Forcing endless battles is banned
|rule|Species Clause: Limit one of each Pokémon
|rule|OHKO Clause: OHKO moves are banned
|rule|Evasion Items Clause: Evasion items are banned
|rule|Evasion Moves Clause: Evasion moves are banned
|rule|Evasion Abilities Clause: Evasion abilities are banned
|rule|Sleep Moves Clause: Sleep-inducing moves are banned
|clearpoke
|poke|p1|Torkoal, M|
|poke|p1|Walking Wake|
|poke|p1|Great Tusk|
|poke|p1|Ceruledge, M|
|poke|p1|Dragapult, F|
|poke|p1|Raging Bolt|
|poke|p2|Gallade, M|
|poke|p2|Armarouge, F|
|poke|p2|Haxorus, F|
|poke|p2|Gliscor, F|
|poke|p2|Metagross|
|poke|p2|Azumarill, F|
|teampreview
|
|t:|1779691688
|teamsize|p1|6
|teamsize|p2|6
|start
|switch|p1a: Torkoal|Torkoal, M|100/100
|switch|p2a: Azumarill|Azumarill, F|100/100
|-weather|SunnyDay|[from] ability: Drought|[of] p1a: Torkoal
|turn|1
|inactive|Battle timer is ON: inactive players will automatically lose when time's up. (requested by Iker69420)
|inactive|outis is peak has 120 seconds left.
|
|t:|1779691744
|move|p2a: Azumarill|Play Rough|p1a: Torkoal
|-resisted|p1a: Torkoal
|-damage|p1a: Torkoal|84/100
|-unboost|p1a: Torkoal|atk|1
|move|p1a: Torkoal|Stealth Rock|p2a: Azumarill
|-sidestart|p2: outis is peak|move: Stealth Rock
|
|-weather|SunnyDay|[upkeep]
|upkeep
|turn|2
|
|t:|1779691757
|move|p2a: Azumarill|Play Rough|p1a: Torkoal
|-resisted|p1a: Torkoal
|-damage|p1a: Torkoal|66/100
|move|p1a: Torkoal|Lava Plume|p2a: Azumarill
|-resisted|p2a: Azumarill
|-damage|p2a: Azumarill|83/100
|-status|p2a: Azumarill|brn
|
|-weather|SunnyDay|[upkeep]
|-damage|p2a: Azumarill|76/100 brn|[from] brn
|upkeep
|turn|3
|
|t:|1779691774
|switch|p1a: Ceruledge|Ceruledge, M|100/100
|move|p2a: Azumarill|Play Rough|p1a: Ceruledge
|-resisted|p1a: Ceruledge
|-damage|p1a: Ceruledge|77/100
|-ability|p1a: Ceruledge|Weak Armor|boost
|-unboost|p1a: Ceruledge|def|1
|-boost|p1a: Ceruledge|spe|2
|
|-weather|SunnyDay|[upkeep]
|-damage|p2a: Azumarill|70/100 brn|[from] brn
|upkeep
|turn|4
|
|t:|1779691790
|move|p1a: Ceruledge|Swords Dance|p1a: Ceruledge
|-boost|p1a: Ceruledge|atk|2
|move|p2a: Azumarill|Aqua Tail|p1a: Ceruledge
|-supereffective|p1a: Ceruledge
|-damage|p1a: Ceruledge|6/100
|-ability|p1a: Ceruledge|Weak Armor|boost
|-unboost|p1a: Ceruledge|def|1
|-boost|p1a: Ceruledge|spe|2
|
|-weather|SunnyDay|[upkeep]
|-damage|p2a: Azumarill|64/100 brn|[from] brn
|upkeep
|turn|5
|inactive|Iker69420 has 120 seconds left.
|
|t:|1779691841
|move|p2a: Azumarill|Aqua Jet|p1a: Ceruledge
|-supereffective|p1a: Ceruledge
|-damage|p1a: Ceruledge|0 fnt
|faint|p1a: Ceruledge
|
|-weather|SunnyDay|[upkeep]
|-damage|p2a: Azumarill|58/100 brn|[from] brn
|upkeep
|
|t:|1779691848
|switch|p1a: Dragapult|Dragapult, F|100/100
|turn|6
|
|t:|1779691853
|move|p1a: Dragapult|Hex|p2a: Azumarill
|-damage|p2a: Azumarill|5/100 brn
|move|p2a: Azumarill|Play Rough|p1a: Dragapult
|-supereffective|p1a: Dragapult
|-damage|p1a: Dragapult|13/100
|
|-weather|SunnyDay|[upkeep]
|-damage|p2a: Azumarill|0 fnt|[from] brn
|faint|p2a: Azumarill
|upkeep
|
|t:|1779691863
|switch|p2a: Haxorus|Haxorus, F|100/100
|-damage|p2a: Haxorus|88/100|[from] Stealth Rock
|-ability|p2a: Haxorus|Mold Breaker
|turn|7
|
|t:|1779691871
|-terastallize|p2a: Haxorus|Fairy
|move|p1a: Dragapult|Thunder Wave|p2a: Haxorus
|-status|p2a: Haxorus|par
|move|p2a: Haxorus|Dragon Dance|p2a: Haxorus
|-boost|p2a: Haxorus|atk|1
|-boost|p2a: Haxorus|spe|1
|
|-weather|SunnyDay|[upkeep]
|upkeep
|turn|8
|
|t:|1779691882
|move|p1a: Dragapult|Hex|p2a: Haxorus
|-damage|p2a: Haxorus|3/100 par
|move|p2a: Haxorus|Dragon Claw|p1a: Dragapult
|-supereffective|p1a: Dragapult
|-damage|p1a: Dragapult|0 fnt
|faint|p1a: Dragapult
|
|-weather|none
|upkeep
|
|t:|1779691887
|switch|p1a: Torkoal|Torkoal, M|66/100
|-weather|SunnyDay|[from] ability: Drought|[of] p1a: Torkoal
|turn|9
|
|t:|1779691902
|cant|p2a: Haxorus|par
|move|p1a: Torkoal|Lava Plume|p2a: Haxorus
|-damage|p2a: Haxorus|0 fnt
|faint|p2a: Haxorus
|
|-weather|SunnyDay|[upkeep]
|upkeep
|
|t:|1779691912
|switch|p2a: Gallade|Gallade, M|100/100
|-damage|p2a: Gallade|94/100|[from] Stealth Rock
|turn|10
|
|t:|1779691918
|move|p2a: Gallade|Swords Dance|p2a: Gallade
|-boost|p2a: Gallade|atk|2
|move|p1a: Torkoal|Lava Plume|p2a: Gallade
|-crit|p2a: Gallade
|-damage|p2a: Gallade|37/100
|
|-weather|SunnyDay|[upkeep]
|upkeep
|turn|11
|
|t:|1779691926
|move|p2a: Gallade|Sacred Sword|p1a: Torkoal
|-damage|p1a: Torkoal|0 fnt
|faint|p1a: Torkoal
|
|-weather|SunnyDay|[upkeep]
|upkeep
|
|t:|1779691930
|switch|p1a: Walking Wake|Walking Wake|100/100
|-activate|p1a: Walking Wake|ability: Protosynthesis
|-start|p1a: Walking Wake|protosynthesisspe
|turn|12
|
|t:|1779691937
|move|p1a: Walking Wake|Hydro Steam|p2a: Gallade
|-damage|p2a: Gallade|0 fnt
|faint|p2a: Gallade
|
|-weather|SunnyDay|[upkeep]
|upkeep
|
|t:|1779691944
|switch|p2a: Metagross|Metagross|100/100
|-damage|p2a: Metagross|94/100|[from] Stealth Rock
|turn|13
|
|t:|1779691950
|move|p1a: Walking Wake|Hydro Steam|p2a: Metagross
|-crit|p2a: Metagross
|-damage|p2a: Metagross|0 fnt
|faint|p2a: Metagross
|
|-weather|SunnyDay|[upkeep]
|upkeep
|
|t:|1779691957
|switch|p2a: Gliscor|Gliscor, F|100/100
|-damage|p2a: Gliscor|88/100|[from] Stealth Rock
|turn|14
|
|t:|1779691965
|move|p1a: Walking Wake|Hydro Steam|p2a: Gliscor
|-supereffective|p2a: Gliscor
|-damage|p2a: Gliscor|0 fnt
|faint|p2a: Gliscor
|
|-weather|SunnyDay|[upkeep]
|upkeep
|-message|outis is peak forfeited.
|
|win|Iker69420
|raw|Iker69420's rating: 1130 &rarr; <strong>1152</strong><br />(+22 for winning)
|raw|outis is peak's rating: 1094 &rarr; <strong>1072</strong><br />(-22 for losing)
|l|☆outis is peak
|player|p2|
|l|☆Iker69420
|player|p1|
