|inactive|Battle timer is ON: inactive players will automatically lose when time's up.
|t:|1779650726
|gametype|singles
|player|p1|linesll|2|
|player|p2|truthankamon|dancer|
|gen|9
|tier|[Gen 9] OU
|rule|HP Percentage Mod: HP is shown in percentages
|rule|Endless Battle Clause: Forcing endless battles is banned
|rule|Species Clause: Limit one of each Pokémon
|rule|OHKO Clause: OHKO moves are banned
|rule|Evasion Items Clause: Evasion items are banned
|rule|Evasion Moves Clause: Evasion moves are banned
|rule|Evasion Abilities Clause: Evasion abilities are banned
|rule|Sleep Moves Clause: Sleep-inducing moves are banned
|clearpoke
|poke|p1|Ogerpon-Wellspring, F|
|poke|p1|Great Tusk|
|poke|p1|Slowking-Galar, M|
|poke|p1|Kingambit, F|
|poke|p1|Alomomola, M|
|poke|p1|Latios, M|
|poke|p2|Gholdengo|
|poke|p2|Darkrai|
|poke|p2|Clefable, F|
|poke|p2|Ting-Lu|
|poke|p2|Dragonite, F|
|poke|p2|Pecharunt|
|teampreview
|c|☆truthankamon|hf
|inactive|linesll has 270 seconds left.
|inactive|truthankamon has 270 seconds left.
|inactive|truthankamon has 240 seconds left.
|
|t:|1779650798
|teamsize|p1|6
|teamsize|p2|6
|start
|switch|p1a: Slowking|Slowking-Galar, M|100/100
|switch|p2a: Darkrai|Darkrai|100/100
|turn|1
|
|t:|1779650805
|move|p2a: Darkrai|Knock Off|p1a: Slowking
|-supereffective|p1a: Slowking
|-damage|p1a: Slowking|39/100
|-enditem|p1a: Slowking|Heavy-Duty Boots|[from] move: Knock Off|[of] p2a: Darkrai
|-prepare|p1a: Slowking|Chilly Reception|[premajor]
|move|p1a: Slowking|Chilly Reception|p1a: Slowking
|-weather|Snowscape
|inactive|linesll has 270 seconds left.
|
|t:|1779650839
|switch|p1a: Kingambit|Kingambit, F|100/100|[from] Chilly Reception
|
|-weather|Snowscape|[upkeep]
|upkeep
|turn|2
|
|t:|1779650848
|switch|p2a: Dragonite|Dragonite, F|100/100
|-terastallize|p1a: Kingambit|Flying
|move|p1a: Kingambit|Low Kick|p2a: Dragonite
|-resisted|p2a: Dragonite
|-damage|p2a: Dragonite|88/100
|
|-weather|Snowscape|[upkeep]
|upkeep
|turn|3
|
|t:|1779650872
|move|p2a: Dragonite|Extreme Speed|p1a: Kingambit
|-damage|p1a: Kingambit|77/100
|move|p1a: Kingambit|Iron Head|p2a: Dragonite
|-damage|p2a: Dragonite|32/100
|
|-weather|Snowscape|[upkeep]
|-heal|p1a: Kingambit|83/100|[from] item: Leftovers
|upkeep
|turn|4
|inactive|truthankamon has 270 seconds left.
|
|t:|1779650895
|move|p2a: Dragonite|Extreme Speed|p1a: Kingambit
|-damage|p1a: Kingambit|58/100
|move|p1a: Kingambit|Iron Head|p2a: Dragonite
|-damage|p2a: Dragonite|0 fnt
|faint|p2a: Dragonite
|
|-weather|Snowscape|[upkeep]
|-heal|p1a: Kingambit|64/100|[from] item: Leftovers
|upkeep
|
|t:|1779650900
|switch|p2a: Darkrai|Darkrai|100/100
|turn|5
|
|t:|1779650912
|-end|p1a: Kingambit|fallenundefined|[silent]
|switch|p1a: Slowking|Slowking-Galar, M|73/100
|move|p2a: Darkrai|Ice Beam|p1a: Slowking
|-damage|p1a: Slowking|54/100
|
|-weather|none
|upkeep
|turn|6
|
|t:|1779650927
|switch|p2a: Ting-Lu|Ting-Lu|100/100
|-ability|p2a: Ting-Lu|Vessel of Ruin
|move|p1a: Slowking|Sludge Bomb|p2a: Ting-Lu
|-resisted|p2a: Ting-Lu
|-damage|p2a: Ting-Lu|93/100
|-status|p2a: Ting-Lu|psn
|-enditem|p2a: Ting-Lu|Red Card|[of] p1a: Slowking
|drag|p1a: Latios|Latios, M|100/100
|
|-damage|p2a: Ting-Lu|80/100 psn|[from] psn
|upkeep
|turn|7
|
|t:|1779650942
|move|p1a: Latios|Trick|p2a: Ting-Lu
|-activate|p1a: Latios|move: Trick|[of] p2a: Ting-Lu
|-item|p2a: Ting-Lu|Choice Scarf|[from] move: Trick
|-enditem|p1a: Latios|Choice Scarf|[silent]|[from] move: Trick
|move|p2a: Ting-Lu|Stealth Rock|p1a: Latios
|-sidestart|p1: linesll|move: Stealth Rock
|
|-damage|p2a: Ting-Lu|68/100 psn|[from] psn
|upkeep
|turn|8
|inactive|linesll has 270 seconds left.
|
|t:|1779650964
|switch|p2a: Darkrai|Darkrai|100/100
|move|p1a: Latios|Psychic Noise|p2a: Darkrai
|-immune|p2a: Darkrai
|
|upkeep
|turn|9
|
|t:|1779650977
|switch|p1a: Slowking|Slowking-Galar, M|87/100
|-damage|p1a: Slowking|75/100|[from] Stealth Rock
|move|p2a: Darkrai|Dark Pulse|p1a: Slowking
|-supereffective|p1a: Slowking
|-damage|p1a: Slowking|24/100
|
|upkeep
|turn|10
|
|t:|1779650990
|switch|p1a: Alomomola|Alomomola, M|100/100
|-damage|p1a: Alomomola|88/100|[from] Stealth Rock
|move|p2a: Darkrai|Knock Off|p1a: Alomomola
|-crit|p1a: Alomomola
|-damage|p1a: Alomomola|63/100
|-enditem|p1a: Alomomola|Red Card|[from] move: Knock Off|[of] p2a: Darkrai
|
|upkeep
|turn|11
|
|t:|1779651001
|move|p2a: Darkrai|Dark Pulse|p1a: Alomomola
|-damage|p1a: Alomomola|25/100
|move|p1a: Alomomola|Wish|p1a: Alomomola
|
|upkeep
|turn|12
|
|t:|1779651013
|move|p1a: Alomomola|Protect|p1a: Alomomola
|-singleturn|p1a: Alomomola|Protect
|move|p2a: Darkrai|Dark Pulse|p1a: Alomomola
|-activate|p1a: Alomomola|move: Protect
|
|-heal|p1a: Alomomola|75/100|[from] move: Wish|[wisher] Alomomola
|upkeep
|turn|13
|
|t:|1779651019
|move|p2a: Darkrai|Thunder Wave|p1a: Alomomola
|-status|p1a: Alomomola|par
|move|p1a: Alomomola|Wish|p1a: Alomomola
|
|upkeep
|turn|14
|
|t:|1779651024
|move|p2a: Darkrai|Dark Pulse|p1a: Alomomola
|-damage|p1a: Alomomola|38/100 par
|cant|p1a: Alomomola|flinch
|
|-heal|p1a: Alomomola|88/100 par|[from] move: Wish|[wisher] Alomomola
|upkeep
|turn|15
|
|t:|1779651030
|move|p2a: Darkrai|Dark Pulse|p1a: Alomomola
|-damage|p1a: Alomomola|51/100 par
|move|p1a: Alomomola|Wish|p1a: Alomomola
|
|upkeep
|turn|16
|
|t:|1779651035
|move|p2a: Darkrai|Dark Pulse|p1a: Alomomola
|-damage|p1a: Alomomola|12/100 par
|cant|p1a: Alomomola|par
|
|-heal|p1a: Alomomola|62/100 par|[from] move: Wish|[wisher] Alomomola
|upkeep
|turn|17
|
|t:|1779651043
|move|p2a: Darkrai|Dark Pulse|p1a: Alomomola
|-damage|p1a: Alomomola|24/100 par
|move|p1a: Alomomola|Wish|p1a: Alomomola
|
|upkeep
|turn|18
|
|t:|1779651049
|switch|p1a: Ogerpon|Ogerpon-Wellspring, F|100/100
|-damage|p1a: Ogerpon|88/100|[from] Stealth Rock
|move|p2a: Darkrai|Dark Pulse|p1a: Ogerpon
|-damage|p1a: Ogerpon|35/100
|
|-heal|p1a: Ogerpon|100/100|[from] move: Wish|[wisher] Alomomola
|upkeep
|turn|19
|
|t:|1779651057
|switch|p1a: Slowking|Slowking-Galar, M|57/100
|-damage|p1a: Slowking|45/100|[from] Stealth Rock
|move|p2a: Darkrai|Thunder Wave|p1a: Slowking
|-status|p1a: Slowking|par
|
|upkeep
|turn|20
|
|t:|1779651072
|switch|p1a: Great Tusk|Great Tusk|100/100
|-damage|p1a: Great Tusk|98/100|[from] Stealth Rock
|move|p2a: Darkrai|Dark Pulse|p1a: Great Tusk
|-resisted|p1a: Great Tusk
|-damage|p1a: Great Tusk|69/100
|
|upkeep
|turn|21
|
|t:|1779651080
|-end|p1a: Great Tusk|Protosynthesis|[silent]
|switch|p1a: Alomomola|Alomomola, M|57/100 par
|-damage|p1a: Alomomola|45/100 par|[from] Stealth Rock
|move|p2a: Darkrai|Ice Beam|p1a: Alomomola
|-resisted|p1a: Alomomola
|-damage|p1a: Alomomola|31/100 par
|
|upkeep
|turn|22
|
|t:|1779651100
|move|p2a: Darkrai|Dark Pulse|p1a: Alomomola
|-damage|p1a: Alomomola|0 fnt
|faint|p1a: Alomomola
|
|upkeep
|inactive|linesll has 270 seconds left.
|
|t:|1779651123
|switch|p1a: Kingambit|Kingambit, F, tera:Flying|64/100
|-damage|p1a: Kingambit|39/100|[from] Stealth Rock
|-activate|p1a: Kingambit|ability: Supreme Overlord
|-start|p1a: Kingambit|fallen1|[silent]
|turn|23
|inactive|linesll has 270 seconds left.
|
|t:|1779651149
|move|p1a: Kingambit|Sucker Punch|p2a: Darkrai
|-resisted|p2a: Darkrai
|-damage|p2a: Darkrai|71/100
|move|p2a: Darkrai|Ice Beam|p1a: Kingambit
|-supereffective|p1a: Kingambit
|-damage|p1a: Kingambit|0 fnt
|faint|p1a: Kingambit
|-end|p1a: Kingambit|fallen1|[silent]
|
|upkeep
|
|t:|1779651154
|switch|p1a: Latios|Latios, M|100/100
|-damage|p1a: Latios|88/100|[from] Stealth Rock
|turn|24
|inactive|linesll has 270 seconds left.
|
|t:|1779651162
|move|p2a: Darkrai|Dark Pulse|p1a: Latios
|-supereffective|p1a: Latios
|-damage|p1a: Latios|0 fnt
|faint|p1a: Latios
|
|upkeep
|inactive|linesll has 270 seconds left.
|
|t:|1779651169
|switch|p1a: Slowking|Slowking-Galar, M|78/100 par
|-damage|p1a: Slowking|66/100 par|[from] Stealth Rock
|turn|25
|
|t:|1779651171
|move|p2a: Darkrai|Dark Pulse|p1a: Slowking
|-supereffective|p1a: Slowking
|-damage|p1a: Slowking|17/100 par
|cant|p1a: Slowking|par
|
|upkeep
|turn|26
|
|t:|1779651175
|move|p2a: Darkrai|Dark Pulse|p1a: Slowking
|-supereffective|p1a: Slowking
|-damage|p1a: Slowking|0 fnt
|faint|p1a: Slowking
|
|upkeep
|
|t:|1779651176
|switch|p1a: Ogerpon|Ogerpon-Wellspring, F|100/100
|-damage|p1a: Ogerpon|88/100|[from] Stealth Rock
|turn|27
|
|t:|1779651181
|move|p2a: Darkrai|Dark Pulse|p1a: Ogerpon
|-damage|p1a: Ogerpon|41/100
|move|p1a: Ogerpon|Ivy Cudgel|p2a: Darkrai|[anim] Ivy Cudgel Water
|-damage|p2a: Darkrai|0 fnt
|faint|p2a: Darkrai
|
|upkeep
|
|t:|1779651199
|switch|p2a: Gholdengo|Gholdengo|100/100
|turn|28
|
|t:|1779651205
|move|p2a: Gholdengo|Shadow Ball|p1a: Ogerpon
|-damage|p1a: Ogerpon|0 fnt
|faint|p1a: Ogerpon
|
|upkeep
|
|t:|1779651208
|switch|p1a: Great Tusk|Great Tusk|69/100
|-damage|p1a: Great Tusk|66/100|[from] Stealth Rock
|turn|29
|
|t:|1779651213
|switch|p2a: Pecharunt|Pecharunt|100/100
|move|p1a: Great Tusk|Earthquake|p2a: Pecharunt
|-supereffective|p2a: Pecharunt
|-damage|p2a: Pecharunt|46/100
|
|upkeep
|turn|30
|
|t:|1779651222
|move|p2a: Pecharunt|Malignant Chain|p1a: Great Tusk
|-resisted|p1a: Great Tusk
|-damage|p1a: Great Tusk|45/100
|-status|p1a: Great Tusk|tox
|-start|p1a: Great Tusk|confusion|[from] ability: Poison Puppeteer|[of] p2a: Pecharunt
|-activate|p1a: Great Tusk|confusion
|move|p1a: Great Tusk|Earthquake|p2a: Pecharunt
|-supereffective|p2a: Pecharunt
|-crit|p2a: Pecharunt
|-damage|p2a: Pecharunt|0 fnt
|faint|p2a: Pecharunt
|
|-damage|p1a: Great Tusk|38/100 tox|[from] psn
|upkeep
|
|t:|1779651224
|switch|p2a: Gholdengo|Gholdengo|100/100
|turn|31
|
|t:|1779651228
|move|p2a: Gholdengo|Make It Rain|p1a: Great Tusk
|-damage|p1a: Great Tusk|0 fnt
|-unboost|p2a: Gholdengo|spa|1
|faint|p1a: Great Tusk
|-end|p1a: Great Tusk|Protosynthesis|[silent]
|
|win|truthankamon
|c|☆truthankamon|gg
