|j|☆Shabreen
|j|☆Hakaanik
|t:|1779568113
|gametype|singles
|player|p1|Shabreen|caitlin|1107
|player|p2|Hakaanik|266|1062
|gen|9
|tier|[Gen 9] OU
|rated|
|rule|HP Percentage Mod: HP is shown in percentages
|rule|Endless Battle Clause: Forcing endless battles is banned
|rule|Species Clause: Limit one of each Pokémon
|rule|OHKO Clause: OHKO moves are banned
|rule|Evasion Items Clause: Evasion items are banned
|rule|Evasion Moves Clause: Evasion moves are banned
|rule|Evasion Abilities Clause: Evasion abilities are banned
|rule|Sleep Moves Clause: Sleep-inducing moves are banned
|clearpoke
|poke|p1|Kommo-o, F|
|poke|p1|Zamazenta-*|
|poke|p1|Gliscor, M|
|poke|p1|Cinderace, F|
|poke|p1|Deoxys-Speed|
|poke|p1|Meowscarada, F|
|poke|p2|Clodsire, F|
|poke|p2|Corviknight, M|
|poke|p2|Dragonite, M|
|poke|p2|Quagsire, F|
|poke|p2|Dondozo, M|
|poke|p2|Dragapult, M|
|teampreview
|
|t:|1779568132
|teamsize|p1|6
|teamsize|p2|6
|start
|switch|p1a: Deoxys|Deoxys-Speed|100/100
|switch|p2a: Clodsire|Clodsire, F|100/100
|-ability|p1a: Deoxys|Pressure
|turn|1
|
|t:|1779568158
|move|p1a: Deoxys|Taunt|p2a: Clodsire
|-start|p2a: Clodsire|move: Taunt
|cant|p2a: Clodsire|move: Taunt|Toxic
|
|upkeep
|turn|2
|
|t:|1779568184
|switch|p2a: Quagsire|Quagsire, F|100/100
|move|p1a: Deoxys|Cosmic Power|p1a: Deoxys
|-boost|p1a: Deoxys|def|1
|-boost|p1a: Deoxys|spd|1
|
|upkeep
|turn|3
|
|t:|1779568193
|move|p1a: Deoxys|Taunt|p2a: Quagsire
|-start|p2a: Quagsire|move: Taunt
|cant|p2a: Quagsire|move: Taunt|Toxic
|
|upkeep
|turn|4
|
|t:|1779568202
|move|p1a: Deoxys|Cosmic Power|p1a: Deoxys
|-boost|p1a: Deoxys|def|1
|-boost|p1a: Deoxys|spd|1
|move|p2a: Quagsire|Earthquake|p1a: Deoxys
|-damage|p1a: Deoxys|75/100
|
|upkeep
|turn|5
|
|t:|1779568210
|move|p1a: Deoxys|Cosmic Power|p1a: Deoxys
|-boost|p1a: Deoxys|def|1
|-boost|p1a: Deoxys|spd|1
|move|p2a: Quagsire|Earthquake|p1a: Deoxys
|-damage|p1a: Deoxys|49/100
|
|-end|p2a: Quagsire|move: Taunt
|upkeep
|turn|6
|
|t:|1779568218
|move|p1a: Deoxys|Taunt|p2a: Quagsire
|-start|p2a: Quagsire|move: Taunt
|move|p2a: Quagsire|Earthquake|p1a: Deoxys
|-damage|p1a: Deoxys|25/100
|
|upkeep
|turn|7
|
|t:|1779568226
|move|p1a: Deoxys|Recover|p1a: Deoxys
|-heal|p1a: Deoxys|75/100
|move|p2a: Quagsire|Earthquake|p1a: Deoxys
|-damage|p1a: Deoxys|49/100
|
|upkeep
|turn|8
|
|t:|1779568238
|move|p1a: Deoxys|Cosmic Power|p1a: Deoxys
|-boost|p1a: Deoxys|def|1
|-boost|p1a: Deoxys|spd|1
|move|p2a: Quagsire|Earthquake|p1a: Deoxys
|-damage|p1a: Deoxys|23/100
|
|-end|p2a: Quagsire|move: Taunt
|upkeep
|turn|9
|
|t:|1779568248
|-terastallize|p1a: Deoxys|Flying
|move|p1a: Deoxys|Taunt|p2a: Quagsire
|-start|p2a: Quagsire|move: Taunt
|cant|p2a: Quagsire|move: Taunt|Toxic
|
|upkeep
|turn|10
|
|t:|1779568258
|move|p1a: Deoxys|Recover|p1a: Deoxys
|-heal|p1a: Deoxys|73/100
|move|p2a: Quagsire|Earthquake|p1a: Deoxys
|-immune|p1a: Deoxys
|
|upkeep
|turn|11
|
|t:|1779568264
|move|p1a: Deoxys|Cosmic Power|p1a: Deoxys
|-boost|p1a: Deoxys|def|1
|-boost|p1a: Deoxys|spd|1
|move|p2a: Quagsire|Waterfall|p1a: Deoxys
|-damage|p1a: Deoxys|52/100
|
|-end|p2a: Quagsire|move: Taunt
|upkeep
|turn|12
|
|t:|1779568274
|move|p1a: Deoxys|Taunt|p2a: Quagsire
|-start|p2a: Quagsire|move: Taunt
|cant|p2a: Quagsire|move: Taunt|Toxic
|
|upkeep
|turn|13
|
|t:|1779568286
|move|p1a: Deoxys|Recover|p1a: Deoxys
|-heal|p1a: Deoxys|100/100
|move|p2a: Quagsire|Waterfall|p1a: Deoxys
|-damage|p1a: Deoxys|80/100
|
|upkeep
|turn|14
|
|t:|1779568307
|move|p1a: Deoxys|Stored Power|p2a: Quagsire
|-damage|p2a: Quagsire|18/100
|move|p2a: Quagsire|Waterfall|p1a: Deoxys
|-damage|p1a: Deoxys|58/100
|
|-heal|p2a: Quagsire|24/100|[from] item: Leftovers
|-end|p2a: Quagsire|move: Taunt
|upkeep
|turn|15
|inactive|Battle timer is ON: inactive players will automatically lose when time's up. (requested by Shabreen)
|
|t:|1779568336
|move|p1a: Deoxys|Stored Power|p2a: Quagsire
|-damage|p2a: Quagsire|0 fnt
|faint|p2a: Quagsire
|
|upkeep
|
|t:|1779568342
|switch|p2a: Dragapult|Dragapult, M|100/100
|turn|16
|
|t:|1779568354
|move|p2a: Dragapult|Draco Meteor|p1a: Deoxys
|-damage|p1a: Deoxys|26/100
|-unboost|p2a: Dragapult|spa|2
|move|p1a: Deoxys|Stored Power|p2a: Dragapult
|-damage|p2a: Dragapult|7/100
|
|upkeep
|turn|17
|
|t:|1779568364
|move|p2a: Dragapult|Draco Meteor|p1a: Deoxys
|-damage|p1a: Deoxys|12/100
|-unboost|p2a: Dragapult|spa|2
|move|p1a: Deoxys|Recover|p1a: Deoxys
|-heal|p1a: Deoxys|62/100
|
|upkeep
|turn|18
|
|t:|1779568376
|-terastallize|p2a: Dragapult|Ghost
|move|p2a: Dragapult|Draco Meteor|p1a: Deoxys
|-damage|p1a: Deoxys|51/100
|-unboost|p2a: Dragapult|spa|2
|move|p1a: Deoxys|Cosmic Power|p1a: Deoxys
|-boost|p1a: Deoxys|def|1
|-boost|p1a: Deoxys|spd|1
|
|upkeep
|turn|19
|-message|Hakaanik forfeited.
|
|win|Shabreen
|raw|Shabreen's rating: 1107 &rarr; <strong>1129</strong><br />(+22 for winning)
|raw|Hakaanik's rating: 1062 &rarr; <strong>1045</strong><br />(-17 for losing)
|l|☆Hakaanik
|player|p2|
