|j|☆nowaymarioyahoo
|j|☆stevstacks
|t:|1779696914
|gametype|singles
|player|p1|nowaymarioyahoo|miku-water|1471
|player|p2|stevstacks|266|1626
|gen|9
|tier|[Gen 9] OU
|rated|
|rule|HP Percentage Mod: HP is shown in percentages
|rule|Endless Battle Clause: Forcing endless battles is banned
|rule|Species Clause: Limit one of each Pokémon
|rule|OHKO Clause: OHKO moves are banned
|rule|Evasion Items Clause: Evasion items are banned
|rule|Evasion Moves Clause: Evasion moves are banned
|rule|Evasion Abilities Clause: Evasion abilities are banned
|rule|Sleep Moves Clause: Sleep-inducing moves are banned
|clearpoke
|poke|p1|Araquanid, F|
|poke|p1|Iron Treads|
|poke|p1|Ceruledge, M|
|poke|p1|Slowking-Galar, M|
|poke|p1|Thundurus-Therian, M|
|poke|p1|Hoopa-Unbound|
|poke|p2|Torkoal, F|
|poke|p2|Corviknight, F|
|poke|p2|Walking Wake|
|poke|p2|Dragonite, F|
|poke|p2|Great Tusk|
|poke|p2|Zamazenta-*|
|teampreview
|inactive|Battle timer is ON: inactive players will automatically lose when time's up. (requested by nowaymarioyahoo)
|
|t:|1779696923
|teamsize|p1|6
|teamsize|p2|6
|start
|switch|p1a: Bro|Slowking-Galar, M|100/100
|switch|p2a: Great Tusk|Great Tusk, shiny|100/100
|turn|1
|
|t:|1779696926
|switch|p1a: Spooder|Araquanid, F|100/100
|move|p2a: Great Tusk|Knock Off|p1a: Spooder
|-damage|p1a: Spooder|57/100
|-enditem|p1a: Spooder|Custap Berry|[from] move: Knock Off|[of] p2a: Great Tusk
|-damage|p2a: Great Tusk|91/100|[from] item: Life Orb
|
|upkeep
|turn|2
|
|t:|1779696935
|move|p2a: Great Tusk|Headlong Rush|p1a: Spooder
|-resisted|p1a: Spooder
|-damage|p1a: Spooder|13/100
|-unboost|p2a: Great Tusk|def|1
|-unboost|p2a: Great Tusk|spd|1
|-damage|p2a: Great Tusk|81/100|[from] item: Life Orb
|move|p1a: Spooder|Liquidation|p2a: Great Tusk
|-supereffective|p2a: Great Tusk
|-damage|p2a: Great Tusk|0 fnt
|faint|p2a: Great Tusk
|-end|p2a: Great Tusk|Protosynthesis|[silent]
|
|upkeep
|
|t:|1779696942
|switch|p2a: Zamazenta|Zamazenta, shiny|100/100
|-ability|p2a: Zamazenta|Dauntless Shield|boost
|-boost|p2a: Zamazenta|def|1
|turn|3
|
|t:|1779696945
|switch|p1a: Bro|Slowking-Galar, M|100/100
|move|p2a: Zamazenta|Substitute|p2a: Zamazenta
|-start|p2a: Zamazenta|Substitute
|-damage|p2a: Zamazenta|75/100
|
|-heal|p2a: Zamazenta|82/100|[from] item: Leftovers
|upkeep
|turn|4
|
|t:|1779696947
|move|p2a: Zamazenta|Crunch|p1a: Bro
|-supereffective|p1a: Bro
|-damage|p1a: Bro|56/100
|move|p1a: Bro|Psychic Noise|p2a: Zamazenta
|-supereffective|p2a: Zamazenta
|-damage|p2a: Zamazenta|39/100
|-start|p2a: Zamazenta|move: Heal Block
|
|upkeep
|turn|5
|
|t:|1779696950
|-terastallize|p2a: Zamazenta|Fire
|move|p2a: Zamazenta|Crunch|p1a: Bro
|-supereffective|p1a: Bro
|-damage|p1a: Bro|14/100
|move|p1a: Bro|Psychic Noise|p2a: Zamazenta
|-damage|p2a: Zamazenta|16/100
|
|-end|p2a: Zamazenta|move: Heal Block
|upkeep
|turn|6
|
|t:|1779696965
|switch|p1a: Spooder|Araquanid, F|13/100
|move|p2a: Zamazenta|Iron Defense|p2a: Zamazenta
|-boost|p2a: Zamazenta|def|2
|
|-heal|p2a: Zamazenta|22/100|[from] item: Leftovers
|upkeep
|turn|7
|
|t:|1779696970
|move|p2a: Zamazenta|Iron Defense|p2a: Zamazenta
|-boost|p2a: Zamazenta|def|2
|move|p1a: Spooder|Liquidation|p2a: Zamazenta
|-supereffective|p2a: Zamazenta
|-activate|p2a: Zamazenta|move: Substitute|[damage]
|
|-heal|p2a: Zamazenta|28/100|[from] item: Leftovers
|upkeep
|turn|8
|
|t:|1779696976
|move|p2a: Zamazenta|Body Press|p1a: Spooder
|-resisted|p1a: Spooder
|-damage|p1a: Spooder|0 fnt
|faint|p1a: Spooder
|
|-heal|p2a: Zamazenta|35/100|[from] item: Leftovers
|upkeep
|
|t:|1779696984
|switch|p1a: Bro|Slowking-Galar, M|47/100
|turn|9
|
|t:|1779696989
|move|p2a: Zamazenta|Crunch|p1a: Bro
|-supereffective|p1a: Bro
|-damage|p1a: Bro|9/100
|-unboost|p1a: Bro|def|1
|move|p1a: Bro|Psychic Noise|p2a: Zamazenta
|-damage|p2a: Zamazenta|11/100
|-start|p2a: Zamazenta|move: Heal Block
|
|upkeep
|turn|10
|
|t:|1779696997
|switch|p1a: Twin Towers|Ceruledge, M|100/100
|move|p2a: Zamazenta|Body Press|p1a: Twin Towers
|-immune|p1a: Twin Towers
|
|-end|p2a: Zamazenta|move: Heal Block
|upkeep
|turn|11
|
|t:|1779697010
|move|p2a: Zamazenta|Crunch|p1a: Twin Towers
|-supereffective|p1a: Twin Towers
|-damage|p1a: Twin Towers|43/100
|-ability|p1a: Twin Towers|Weak Armor|boost
|-unboost|p1a: Twin Towers|def|1
|-boost|p1a: Twin Towers|spe|2
|move|p1a: Twin Towers|Swords Dance|p1a: Twin Towers
|-boost|p1a: Twin Towers|atk|2
|
|-heal|p2a: Zamazenta|17/100|[from] item: Leftovers
|upkeep
|turn|12
|
|t:|1779697014
|move|p1a: Twin Towers|Close Combat|p2a: Zamazenta
|-end|p2a: Zamazenta|Substitute
|-unboost|p1a: Twin Towers|def|1
|-unboost|p1a: Twin Towers|spd|1
|move|p2a: Zamazenta|Crunch|p1a: Twin Towers
|-supereffective|p1a: Twin Towers
|-damage|p1a: Twin Towers|0 fnt
|faint|p1a: Twin Towers
|
|-heal|p2a: Zamazenta|23/100|[from] item: Leftovers
|upkeep
|
|t:|1779697017
|switch|p1a: Bro|Slowking-Galar, M|42/100
|turn|13
|
|t:|1779697021
|-terastallize|p1a: Bro|Water
|move|p2a: Zamazenta|Crunch|p1a: Bro
|-damage|p1a: Bro|23/100
|move|p1a: Bro|Psychic Noise|p2a: Zamazenta
|-damage|p2a: Zamazenta|0 fnt
|faint|p2a: Zamazenta
|
|upkeep
|
|t:|1779697026
|switch|p2a: Dragonite|Dragonite, F, shiny|100/100
|turn|14
|
|t:|1779697028
|move|p2a: Dragonite|Dragon Dance|p2a: Dragonite
|-boost|p2a: Dragonite|atk|1
|-boost|p2a: Dragonite|spe|1
|move|p1a: Bro|Thunder Wave|p2a: Dragonite
|-status|p2a: Dragonite|par
|
|upkeep
|turn|15
|
|t:|1779697031
|switch|p1a: Iron Balls|Iron Treads|100/100
|move|p2a: Dragonite|Dragon Dance|p2a: Dragonite
|-boost|p2a: Dragonite|atk|1
|-boost|p2a: Dragonite|spe|1
|
|upkeep
|turn|16
|
|t:|1779697034
|move|p1a: Iron Balls|Ice Spinner|p2a: Dragonite
|-supereffective|p2a: Dragonite
|-damage|p2a: Dragonite|64/100 par
|move|p2a: Dragonite|Earthquake|p1a: Iron Balls
|-supereffective|p1a: Iron Balls
|-damage|p1a: Iron Balls|0 fnt
|faint|p1a: Iron Balls
|-end|p1a: Iron Balls|Quark Drive|[silent]
|
|-heal|p2a: Dragonite|70/100 par|[from] item: Leftovers
|upkeep
|
|t:|1779697038
|switch|p1a: Unlimited powerrrr|Hoopa-Unbound|100/100
|turn|17
|
|t:|1779697039
|move|p1a: Unlimited powerrrr|Hyperspace Fury|p2a: Dragonite
|-crit|p2a: Dragonite
|-damage|p2a: Dragonite|0 fnt
|-unboost|p1a: Unlimited powerrrr|def|1
|faint|p2a: Dragonite
|
|upkeep
|
|t:|1779697044
|switch|p2a: Torkoal|Torkoal, F, shiny|100/100
|-weather|SunnyDay|[from] ability: Drought|[of] p2a: Torkoal
|turn|18
|
|t:|1779697054
|switch|p1a: Bro|Slowking-Galar, M, tera:Water|56/100
|move|p2a: Torkoal|Stealth Rock|p1a: Bro
|-sidestart|p1: nowaymarioyahoo|move: Stealth Rock
|
|-weather|SunnyDay|[upkeep]
|upkeep
|turn|19
|
|t:|1779697056
|move|p2a: Torkoal|Will-O-Wisp|p1a: Bro
|-status|p1a: Bro|brn
|-prepare|p1a: Bro|Chilly Reception|[premajor]
|move|p1a: Bro|Chilly Reception|p1a: Bro
|-weather|Snowscape
|
|t:|1779697059
|switch|p1a: BBL Knights|Thundurus-Therian, M|100/100|[from] Chilly Reception
|-damage|p1a: BBL Knights|76/100|[from] Stealth Rock
|
|-weather|Snowscape|[upkeep]
|-heal|p1a: BBL Knights|82/100|[from] item: Leftovers
|upkeep
|turn|20
|
|t:|1779697066
|move|p1a: BBL Knights|Nasty Plot|p1a: BBL Knights
|-boost|p1a: BBL Knights|spa|2
|move|p2a: Torkoal|Overheat|p1a: BBL Knights
|-damage|p1a: BBL Knights|26/100
|-unboost|p2a: Torkoal|spa|2
|
|-weather|Snowscape|[upkeep]
|-heal|p1a: BBL Knights|32/100|[from] item: Leftovers
|upkeep
|turn|21
|
|t:|1779697069
|switch|p2a: Corviknight|Corviknight, F, shiny|100/100
|-ability|p2a: Corviknight|Pressure
|move|p1a: BBL Knights|Thunderbolt|p2a: Corviknight
|-supereffective|p2a: Corviknight
|-damage|p2a: Corviknight|0 fnt
|faint|p2a: Corviknight
|
|-weather|Snowscape|[upkeep]
|-heal|p1a: BBL Knights|38/100|[from] item: Leftovers
|upkeep
|
|t:|1779697071
|switch|p2a: Torkoal|Torkoal, F, shiny|100/100
|-weather|SunnyDay|[from] ability: Drought|[of] p2a: Torkoal
|turn|22
|
|t:|1779697072
|move|p1a: BBL Knights|Thunderbolt|p2a: Torkoal
|-damage|p2a: Torkoal|17/100
|move|p2a: Torkoal|Overheat|p1a: BBL Knights|[miss]
|-miss|p2a: Torkoal|p1a: BBL Knights
|
|-weather|SunnyDay|[upkeep]
|-heal|p1a: BBL Knights|44/100|[from] item: Leftovers
|upkeep
|turn|23
|
|t:|1779697076
|move|p1a: BBL Knights|Thunderbolt|p2a: Torkoal
|-damage|p2a: Torkoal|0 fnt
|faint|p2a: Torkoal
|
|-weather|SunnyDay|[upkeep]
|-heal|p1a: BBL Knights|50/100|[from] item: Leftovers
|upkeep
|
|t:|1779697077
|switch|p2a: Walking Wake|Walking Wake|100/100
|-activate|p2a: Walking Wake|ability: Protosynthesis
|-start|p2a: Walking Wake|protosynthesisspe
|turn|24
|
|t:|1779697080
|move|p2a: Walking Wake|Hydro Steam|p1a: BBL Knights
|-damage|p1a: BBL Knights|0 fnt
|faint|p1a: BBL Knights
|
|-weather|SunnyDay|[upkeep]
|upkeep
|
|t:|1779697082
|switch|p1a: Bro|Slowking-Galar, M, tera:Water|89/100 brn
|turn|25
|
|t:|1779697084
|move|p2a: Walking Wake|Hydro Steam|p1a: Bro
|-resisted|p1a: Bro
|-damage|p1a: Bro|68/100 brn
|-prepare|p1a: Bro|Chilly Reception|[premajor]
|move|p1a: Bro|Chilly Reception|p1a: Bro
|-weather|Snowscape
|-end|p2a: Walking Wake|Protosynthesis
|
|t:|1779697087
|switch|p1a: Unlimited powerrrr|Hoopa-Unbound|100/100|[from] Chilly Reception
|-damage|p1a: Unlimited powerrrr|88/100|[from] Stealth Rock
|
|-weather|Snowscape|[upkeep]
|upkeep
|turn|26
|
|t:|1779697092
|move|p2a: Walking Wake|Hydro Steam|p1a: Unlimited powerrrr
|-damage|p1a: Unlimited powerrrr|42/100
|move|p1a: Unlimited powerrrr|Knock Off|p2a: Walking Wake
|-damage|p2a: Walking Wake|7/100
|-enditem|p2a: Walking Wake|Mystic Water|[from] move: Knock Off|[of] p1a: Unlimited powerrrr
|
|-weather|Snowscape|[upkeep]
|upkeep
|turn|27
|
|t:|1779697096
|move|p2a: Walking Wake|Hydro Steam|p1a: Unlimited powerrrr
|-damage|p1a: Unlimited powerrrr|4/100
|move|p1a: Unlimited powerrrr|Knock Off|p2a: Walking Wake
|-damage|p2a: Walking Wake|0 fnt
|faint|p2a: Walking Wake
|-end|p2a: Walking Wake|Protosynthesis|[silent]
|
|win|nowaymarioyahoo
|raw|nowaymarioyahoo's rating: 1471 &rarr; <strong>1499</strong><br />(+28 for winning)
|raw|stevstacks's rating: 1626 &rarr; <strong>1598</strong><br />(-28 for losing)
|c|☆nowaymarioyahoo|Gg
|l|☆stevstacks
|player|p2|
|l|☆nowaymarioyahoo
|player|p1|
