|j|☆frin2607
|j|☆claudechamp
|t:|1779682160
|gametype|singles
|player|p1|frin2607|2|1289
|player|p2|claudechamp|170|1320
|gen|9
|tier|[Gen 9] OU
|rated|
|rule|HP Percentage Mod: HP is shown in percentages
|rule|Endless Battle Clause: Forcing endless battles is banned
|rule|Species Clause: Limit one of each Pokémon
|rule|OHKO Clause: OHKO moves are banned
|rule|Evasion Items Clause: Evasion items are banned
|rule|Evasion Moves Clause: Evasion moves are banned
|rule|Evasion Abilities Clause: Evasion abilities are banned
|rule|Sleep Moves Clause: Sleep-inducing moves are banned
|clearpoke
|poke|p1|Ursaluna, F|
|poke|p1|Hatterene, F|
|poke|p1|Iron Hands|
|poke|p1|Hoopa-Unbound|
|poke|p1|Indeedee, M|
|poke|p1|Volcanion|
|poke|p2|Gliscor, M|
|poke|p2|Ogerpon, F|
|poke|p2|Walking Wake|
|poke|p2|Blissey, F|
|poke|p2|Corviknight, M|
|poke|p2|Pecharunt|
|teampreview
|inactive|Battle timer is ON: inactive players will automatically lose when time's up. (requested by frin2607)
|c|☆claudechamp|hf
|inactive|claudechamp also wants the timer to be on.
|c|☆frin2607|gl
|
|t:|1779682180
|teamsize|p1|6
|teamsize|p2|6
|start
|switch|p1a: Hoopa|Hoopa-Unbound|100/100
|switch|p2a: Gliscor|Gliscor, M|100/100
|turn|1
|
|t:|1779682183
|move|p2a: Gliscor|Spikes|p1a: Hoopa
|-sidestart|p1: frin2607|Spikes
|move|p1a: Hoopa|Trick Room|p1a: Hoopa
|-fieldstart|move: Trick Room|[of] p1a: Hoopa
|
|-status|p2a: Gliscor|tox|[from] item: Toxic Orb
|upkeep
|turn|2
|
|t:|1779682188
|switch|p1a: Hatterene|Hatterene, F|100/100
|-damage|p1a: Hatterene|88/100|[from] Spikes
|move|p2a: Gliscor|Spikes|p1a: Hatterene
|move|p1a: Hatterene|Spikes|p2a: Gliscor|[from] ability: Magic Bounce
|-sidestart|p2: claudechamp|Spikes
|
|upkeep
|turn|3
|
|t:|1779682198
|move|p1a: Hatterene|Dazzling Gleam|p2a: Gliscor
|-damage|p2a: Gliscor|47/100 tox
|-damage|p1a: Hatterene|78/100|[from] item: Life Orb
|move|p2a: Gliscor|Earthquake|p1a: Hatterene
|-damage|p1a: Hatterene|40/100
|
|-heal|p2a: Gliscor|60/100 tox|[from] ability: Poison Heal
|upkeep
|turn|4
|
|t:|1779682216
|switch|p1a: Ursaluna|Ursaluna, F|100/100
|-damage|p1a: Ursaluna|88/100|[from] Spikes
|move|p2a: Gliscor|Protect||[still]
|-fail|p2a: Gliscor
|
|-heal|p2a: Gliscor|72/100 tox|[from] ability: Poison Heal
|-status|p1a: Ursaluna|brn|[from] item: Flame Orb
|upkeep
|turn|5
|
|t:|1779682222
|switch|p1a: Indeedee|Indeedee, M|100/100
|-damage|p1a: Indeedee|88/100|[from] Spikes
|-fieldstart|move: Psychic Terrain|[from] ability: Psychic Surge|[of] p1a: Indeedee
|move|p2a: Gliscor|Earthquake|p1a: Indeedee
|-damage|p1a: Indeedee|18/100
|
|-heal|p2a: Gliscor|85/100 tox|[from] ability: Poison Heal
|-fieldend|move: Trick Room
|upkeep
|turn|6
|
|t:|1779682231
|move|p1a: Indeedee|Expanding Force|p2a: Gliscor
|-damage|p2a: Gliscor|20/100 tox
|move|p2a: Gliscor|Earthquake|p1a: Indeedee
|-damage|p1a: Indeedee|0 fnt
|faint|p1a: Indeedee
|
|-heal|p2a: Gliscor|33/100 tox|[from] ability: Poison Heal
|upkeep
|
|t:|1779682234
|switch|p1a: Hoopa|Hoopa-Unbound|100/100
|-damage|p1a: Hoopa|88/100|[from] Spikes
|turn|7
|
|t:|1779682241
|move|p2a: Gliscor|Earthquake|p1a: Hoopa
|-damage|p1a: Hoopa|55/100
|move|p1a: Hoopa|Trick Room|p1a: Hoopa
|-fieldstart|move: Trick Room|[of] p1a: Hoopa
|
|-heal|p2a: Gliscor|45/100 tox|[from] ability: Poison Heal
|upkeep
|turn|8
|
|t:|1779682246
|move|p1a: Hoopa|Expanding Force|p2a: Gliscor
|-damage|p2a: Gliscor|0 fnt
|faint|p2a: Gliscor
|
|upkeep
|
|t:|1779682253
|switch|p2a: Blissey|Blissey, F|100/100
|turn|9
|
|t:|1779682257
|move|p2a: Blissey|Seismic Toss|p1a: Hoopa
|-damage|p1a: Hoopa|27/100
|move|p1a: Hoopa|Hyperspace Fury|p2a: Blissey
|-damage|p2a: Blissey|48/100
|-unboost|p1a: Hoopa|def|1
|-enditem|p1a: Hoopa|Eject Pack
|
|t:|1779682265
|switch|p1a: Iron Hands|Iron Hands|100/100
|-damage|p1a: Iron Hands|88/100|[from] Spikes
|-enditem|p1a: Iron Hands|Booster Energy
|-activate|p1a: Iron Hands|ability: Quark Drive|[fromitem]
|-start|p1a: Iron Hands|quarkdriveatk
|
|upkeep
|turn|10
|
|t:|1779682268
|switch|p2a: Pecharunt|Pecharunt|100/100
|move|p1a: Iron Hands|Swords Dance|p1a: Iron Hands
|-boost|p1a: Iron Hands|atk|2
|
|upkeep
|turn|11
|
|t:|1779682276
|move|p1a: Iron Hands|Wild Charge|p2a: Pecharunt
|-damage|p2a: Pecharunt|31/100
|-damage|p1a: Iron Hands|75/100|[from] Recoil
|move|p2a: Pecharunt|Malignant Chain|p1a: Iron Hands
|-damage|p1a: Iron Hands|49/100
|
|-fieldend|move: Trick Room
|upkeep
|turn|12
|
|t:|1779682298
|-end|p1a: Iron Hands|Quark Drive|[silent]
|switch|p1a: Ursaluna|Ursaluna, F|88/100 brn
|-damage|p1a: Ursaluna|76/100 brn|[from] Spikes
|move|p2a: Pecharunt|Malignant Chain|p1a: Ursaluna
|-resisted|p1a: Ursaluna
|-damage|p1a: Ursaluna|63/100 brn
|
|-damage|p1a: Ursaluna|57/100 brn|[from] brn
|-fieldend|move: Psychic Terrain
|upkeep
|turn|13
|
|t:|1779682306
|move|p2a: Pecharunt|Malignant Chain|p1a: Ursaluna
|-resisted|p1a: Ursaluna
|-damage|p1a: Ursaluna|43/100 brn
|move|p1a: Ursaluna|Fire Punch|p2a: Pecharunt
|-damage|p2a: Pecharunt|9/100
|
|-damage|p1a: Ursaluna|37/100 brn|[from] brn
|upkeep
|turn|14
|
|t:|1779682315
|move|p2a: Pecharunt|Recover|p2a: Pecharunt
|-heal|p2a: Pecharunt|59/100
|move|p1a: Ursaluna|Fire Punch|p2a: Pecharunt
|-damage|p2a: Pecharunt|37/100
|
|-damage|p1a: Ursaluna|31/100 brn|[from] brn
|upkeep
|turn|15
|
|t:|1779682323
|move|p2a: Pecharunt|Foul Play|p1a: Ursaluna
|-damage|p1a: Ursaluna|3/100 brn
|move|p1a: Ursaluna|Headlong Rush|p2a: Pecharunt
|-supereffective|p2a: Pecharunt
|-crit|p2a: Pecharunt
|-damage|p2a: Pecharunt|0 fnt
|-unboost|p1a: Ursaluna|def|1
|-unboost|p1a: Ursaluna|spd|1
|faint|p2a: Pecharunt
|
|-damage|p1a: Ursaluna|0 fnt|[from] brn
|faint|p1a: Ursaluna
|upkeep
|
|t:|1779682334
|switch|p2a: Walking Wake|Walking Wake|100/100
|switch|p1a: Hoopa|Hoopa-Unbound|27/100
|-damage|p1a: Hoopa|15/100|[from] Spikes
|turn|16
|
|t:|1779682342
|move|p2a: Walking Wake|Surf|p1a: Hoopa
|-damage|p1a: Hoopa|0 fnt
|faint|p1a: Hoopa
|
|upkeep
|
|t:|1779682346
|switch|p1a: Volcanion|Volcanion|100/100
|-damage|p1a: Volcanion|88/100|[from] Spikes
|turn|17
|
|t:|1779682353
|move|p2a: Walking Wake|Surf|p1a: Volcanion
|-heal|p1a: Volcanion|100/100|[from] ability: Water Absorb|[of] p2a: Walking Wake
|move|p1a: Volcanion|Sludge Bomb|p2a: Walking Wake
|-damage|p2a: Walking Wake|43/100
|
|upkeep
|turn|18
|
|t:|1779682359
|switch|p1a: Hatterene|Hatterene, F|40/100
|-damage|p1a: Hatterene|28/100|[from] Spikes
|move|p2a: Walking Wake|Draco Meteor|p1a: Hatterene
|-immune|p1a: Hatterene
|
|upkeep
|turn|19
|
|t:|1779682362
|move|p2a: Walking Wake|Surf|p1a: Hatterene
|-damage|p1a: Hatterene|0 fnt
|faint|p1a: Hatterene
|
|upkeep
|
|t:|1779682366
|switch|p1a: Volcanion|Volcanion|100/100
|-damage|p1a: Volcanion|88/100|[from] Spikes
|turn|20
|
|t:|1779682370
|move|p2a: Walking Wake|Draco Meteor|p1a: Volcanion|[miss]
|-miss|p2a: Walking Wake|p1a: Volcanion
|move|p1a: Volcanion|Sludge Bomb|p2a: Walking Wake
|-damage|p2a: Walking Wake|0 fnt
|faint|p2a: Walking Wake
|-end|p2a: Walking Wake|Protosynthesis|[silent]
|
|upkeep
|
|t:|1779682374
|switch|p2a: Blissey|Blissey, F|48/100
|turn|21
|
|t:|1779682383
|switch|p1a: Iron Hands|Iron Hands|49/100
|-damage|p1a: Iron Hands|36/100|[from] Spikes
|move|p2a: Blissey|Seismic Toss|p1a: Iron Hands
|-damage|p1a: Iron Hands|17/100
|
|upkeep
|turn|22
|
|t:|1779682393
|move|p2a: Blissey|Seismic Toss|p1a: Iron Hands
|-damage|p1a: Iron Hands|0 fnt
|faint|p1a: Iron Hands
|-end|p1a: Iron Hands|Quark Drive|[silent]
|
|upkeep
|
|t:|1779682396
|switch|p1a: Volcanion|Volcanion|88/100
|-damage|p1a: Volcanion|76/100|[from] Spikes
|turn|23
|
|t:|1779682402
|move|p1a: Volcanion|Flamethrower|p2a: Blissey
|-damage|p2a: Blissey|25/100
|move|p2a: Blissey|Seismic Toss|p1a: Volcanion
|-damage|p1a: Volcanion|48/100
|
|upkeep
|turn|24
|
|t:|1779682413
|move|p1a: Volcanion|Flamethrower|p2a: Blissey
|-damage|p2a: Blissey|2/100
|move|p2a: Blissey|Soft-Boiled|p2a: Blissey
|-heal|p2a: Blissey|52/100
|
|upkeep
|turn|25
|c|☆frin2607|gg
|-message|frin2607 forfeited.
|
|win|claudechamp
|raw|frin2607's rating: 1289 &rarr; <strong>1266</strong><br />(-23 for losing)
|raw|claudechamp's rating: 1320 &rarr; <strong>1338</strong><br />(+18 for winning)
|c|☆claudechamp|gg
|l|☆frin2607
|player|p1|
