|j|☆yoony1
|j|☆DishanMax
|t:|1779612709
|gametype|singles
|player|p1|yoony1|plasmagrunt-gen5bw|1468
|player|p2|DishanMax|266|1485
|gen|9
|tier|[Gen 9] OU
|rated|
|rule|HP Percentage Mod: HP is shown in percentages
|rule|Endless Battle Clause: Forcing endless battles is banned
|rule|Species Clause: Limit one of each Pokémon
|rule|OHKO Clause: OHKO moves are banned
|rule|Evasion Items Clause: Evasion items are banned
|rule|Evasion Moves Clause: Evasion moves are banned
|rule|Evasion Abilities Clause: Evasion abilities are banned
|rule|Sleep Moves Clause: Sleep-inducing moves are banned
|clearpoke
|poke|p1|Gholdengo|
|poke|p1|Samurott-Hisui, M|
|poke|p1|Meowscarada, M|
|poke|p1|Great Tusk|
|poke|p1|Skarmory, F|
|poke|p1|Slowking-Galar, L99, F|
|poke|p2|Sinistcha|
|poke|p2|Primarina, F|
|poke|p2|Corviknight, M|
|poke|p2|Arcanine-Hisui, M|
|poke|p2|Latios, M|
|poke|p2|Great Tusk|
|teampreview
|inactive|Battle timer is ON: inactive players will automatically lose when time's up. (requested by DishanMax)
|
|t:|1779612722
|teamsize|p1|6
|teamsize|p2|6
|start
|switch|p1a: Samurott|Samurott-Hisui, M|100/100
|switch|p2a: Arcanine|Arcanine-Hisui, M|100/100
|turn|1
|
|t:|1779612734
|move|p2a: Arcanine|Wild Charge|p1a: Samurott
|-supereffective|p1a: Samurott
|-damage|p1a: Samurott|32/100
|move|p1a: Samurott|Razor Shell|p2a: Arcanine
|-supereffective|p2a: Arcanine
|-damage|p2a: Arcanine|0 fnt
|faint|p2a: Arcanine
|
|upkeep
|
|t:|1779612751
|switch|p2a: Primarina|Primarina, F|100/100
|turn|2
|
|t:|1779612755
|switch|p1a: Slowking|Slowking-Galar, L99, F|100/100
|move|p2a: Primarina|Moonblast|p1a: Slowking
|-resisted|p1a: Slowking
|-damage|p1a: Slowking|83/100
|
|upkeep
|turn|3
|
|t:|1779612769
|switch|p2a: Corviknight|Corviknight, M|100/100
|move|p1a: Slowking|Future Sight|p2a: Corviknight
|-start|p1a: Slowking|move: Future Sight
|
|upkeep
|turn|4
|
|t:|1779612778
|move|p2a: Corviknight|Bulk Up|p2a: Corviknight
|-boost|p2a: Corviknight|atk|1
|-boost|p2a: Corviknight|def|1
|move|p1a: Slowking|Thunder Wave|p2a: Corviknight
|-status|p2a: Corviknight|par
|
|upkeep
|turn|5
|
|t:|1779612788
|switch|p1a: Skarmory|Skarmory, F|100/100
|move|p2a: Corviknight|Bulk Up|p2a: Corviknight
|-boost|p2a: Corviknight|atk|1
|-boost|p2a: Corviknight|def|1
|
|-end|p2a: Corviknight|move: Future Sight
|-resisted|p2a: Corviknight
|-crit|p2a: Corviknight
|-damage|p2a: Corviknight|79/100 par
|-heal|p2a: Corviknight|85/100 par|[from] item: Leftovers
|upkeep
|turn|6
|
|t:|1779612793
|move|p2a: Corviknight|Brave Bird|p1a: Skarmory
|-resisted|p1a: Skarmory
|-damage|p1a: Skarmory|79/100
|-damage|p2a: Corviknight|68/100 par|[from] item: Rocky Helmet|[of] p1a: Skarmory
|-damage|p2a: Corviknight|62/100 par|[from] Recoil
|move|p1a: Skarmory|Whirlwind|p2a: Corviknight
|drag|p2a: Sinistcha|Sinistcha|100/100
|
|upkeep
|turn|7
|
|t:|1779612819
|move|p2a: Sinistcha|Shadow Ball|p1a: Skarmory
|-damage|p1a: Skarmory|37/100
|move|p1a: Skarmory|Brave Bird|p2a: Sinistcha
|-supereffective|p2a: Sinistcha
|-damage|p2a: Sinistcha|57/100
|-damage|p1a: Skarmory|21/100|[from] item: Rocky Helmet|[of] p2a: Sinistcha
|-damage|p1a: Skarmory|6/100|[from] Recoil
|
|upkeep
|turn|8
|
|t:|1779612829
|switch|p1a: Meowscarada|Meowscarada, M|100/100
|move|p2a: Sinistcha|Strength Sap|p1a: Meowscarada
|-unboost|p1a: Meowscarada|atk|1
|-heal|p2a: Sinistcha|100/100
|
|upkeep
|turn|9
|inactive|yoony1 has 120 seconds left.
|
|t:|1779612848
|switch|p2a: Corviknight|Corviknight, M|62/100 par
|move|p1a: Meowscarada|Knock Off|p2a: Corviknight
|-start|p1a: Meowscarada|typechange|Dark|[from] ability: Protean
|-damage|p2a: Corviknight|36/100 par
|-enditem|p2a: Corviknight|Leftovers|[from] move: Knock Off|[of] p1a: Meowscarada
|
|upkeep
|turn|10
|inactive|yoony1 has 120 seconds left.
|
|t:|1779612863
|move|p1a: Meowscarada|U-turn|p2a: Corviknight
|-resisted|p2a: Corviknight
|-damage|p2a: Corviknight|33/100 par
|
|t:|1779612865
|switch|p1a: Skarmory|Skarmory, F|6/100|[from] U-turn
|move|p2a: Corviknight|Roost|p2a: Corviknight
|-heal|p2a: Corviknight|83/100 par
|-singleturn|p2a: Corviknight|move: Roost
|
|upkeep
|turn|11
|
|t:|1779612874
|move|p1a: Skarmory|Roost|p1a: Skarmory
|-heal|p1a: Skarmory|56/100
|-singleturn|p1a: Skarmory|move: Roost
|move|p2a: Corviknight|Brave Bird|p1a: Skarmory
|-resisted|p1a: Skarmory
|-damage|p1a: Skarmory|45/100
|-damage|p2a: Corviknight|66/100 par|[from] item: Rocky Helmet|[of] p1a: Skarmory
|-damage|p2a: Corviknight|63/100 par|[from] Recoil
|
|upkeep
|turn|12
|
|t:|1779612880
|move|p1a: Skarmory|Roost|p1a: Skarmory
|-heal|p1a: Skarmory|95/100
|-singleturn|p1a: Skarmory|move: Roost
|move|p2a: Corviknight|Roost|p2a: Corviknight
|-heal|p2a: Corviknight|100/100 par
|-singleturn|p2a: Corviknight|move: Roost
|
|upkeep
|turn|13
|
|t:|1779612884
|move|p1a: Skarmory|Stealth Rock|p2a: Corviknight
|-sidestart|p2: DishanMax|move: Stealth Rock
|cant|p2a: Corviknight|par
|
|upkeep
|turn|14
|
|t:|1779612890
|cant|p2a: Corviknight|par
|move|p1a: Skarmory|Whirlwind|p2a: Corviknight
|drag|p2a: Sinistcha|Sinistcha|100/100
|-damage|p2a: Sinistcha|88/100|[from] Stealth Rock
|
|upkeep
|turn|15
|
|t:|1779612897
|switch|p1a: Meowscarada|Meowscarada, M|100/100
|move|p2a: Sinistcha|Shadow Ball|p1a: Meowscarada
|-resisted|p1a: Meowscarada
|-damage|p1a: Meowscarada|77/100
|
|upkeep
|turn|16
|
|t:|1779612908
|switch|p2a: Corviknight|Corviknight, M|100/100 par
|-damage|p2a: Corviknight|88/100 par|[from] Stealth Rock
|move|p1a: Meowscarada|Triple Axel|p2a: Corviknight|[miss]
|-start|p1a: Meowscarada|typechange|Ice|[from] ability: Protean
|-miss|p1a: Meowscarada|p2a: Corviknight
|
|upkeep
|turn|17
|
|t:|1779612937
|move|p1a: Meowscarada|U-turn|p2a: Corviknight
|-resisted|p2a: Corviknight
|-damage|p2a: Corviknight|84/100 par
|
|t:|1779612940
|switch|p1a: Skarmory|Skarmory, F|95/100|[from] U-turn
|cant|p2a: Corviknight|par
|
|upkeep
|turn|18
|
|t:|1779612947
|move|p2a: Corviknight|Brave Bird|p1a: Skarmory
|-resisted|p1a: Skarmory
|-damage|p1a: Skarmory|85/100
|-damage|p2a: Corviknight|67/100 par|[from] item: Rocky Helmet|[of] p1a: Skarmory
|-damage|p2a: Corviknight|65/100 par|[from] Recoil
|move|p1a: Skarmory|Whirlwind|p2a: Corviknight
|drag|p2a: Sinistcha|Sinistcha|88/100
|-damage|p2a: Sinistcha|76/100|[from] Stealth Rock
|
|upkeep
|turn|19
|
|t:|1779612964
|switch|p1a: Meowscarada|Meowscarada, M|77/100
|move|p2a: Sinistcha|Strength Sap|p1a: Meowscarada
|-unboost|p1a: Meowscarada|atk|1
|-heal|p2a: Sinistcha|100/100
|
|upkeep
|turn|20
|
|t:|1779612974
|switch|p2a: Corviknight|Corviknight, M|65/100 par
|-damage|p2a: Corviknight|52/100 par|[from] Stealth Rock
|move|p1a: Meowscarada|Triple Axel|p2a: Corviknight
|-start|p1a: Meowscarada|typechange|Ice|[from] ability: Protean
|-damage|p2a: Corviknight|47/100 par
|-damage|p2a: Corviknight|37/100 par
|-damage|p2a: Corviknight|21/100 par
|-hitcount|p2a: Corviknight|3
|
|upkeep
|turn|21
|
|t:|1779612981
|switch|p1a: Skarmory|Skarmory, F|85/100
|move|p2a: Corviknight|Roost|p2a: Corviknight
|-heal|p2a: Corviknight|71/100 par
|-singleturn|p2a: Corviknight|move: Roost
|
|upkeep
|turn|22
|
|t:|1779612987
|cant|p2a: Corviknight|par
|move|p1a: Skarmory|Whirlwind|p2a: Corviknight
|drag|p2a: Primarina|Primarina, F|100/100
|-damage|p2a: Primarina|88/100|[from] Stealth Rock
|
|upkeep
|turn|23
|
|t:|1779612994
|switch|p1a: Slowking|Slowking-Galar, L99, F|100/100
|move|p2a: Primarina|Psychic Noise|p1a: Slowking
|-damage|p1a: Slowking|73/100
|-start|p1a: Slowking|move: Heal Block
|
|upkeep
|turn|24
|
|t:|1779613003
|switch|p2a: Corviknight|Corviknight, M|71/100 par
|-damage|p2a: Corviknight|59/100 par|[from] Stealth Rock
|-prepare|p1a: Slowking|Chilly Reception|[premajor]
|move|p1a: Slowking|Chilly Reception|p1a: Slowking
|-weather|Snowscape
|
|t:|1779613009
|switch|p1a: Skarmory|Skarmory, F|85/100|[from] Chilly Reception
|
|-weather|Snowscape|[upkeep]
|upkeep
|turn|25
|
|t:|1779613015
|move|p2a: Corviknight|Roost|p2a: Corviknight
|-heal|p2a: Corviknight|100/100 par
|-singleturn|p2a: Corviknight|move: Roost
|move|p1a: Skarmory|Whirlwind|p2a: Corviknight
|drag|p2a: Great Tusk|Great Tusk|100/100
|
|-weather|Snowscape|[upkeep]
|upkeep
|turn|26
|
|t:|1779613030
|move|p2a: Great Tusk|Rapid Spin|p1a: Skarmory
|-resisted|p1a: Skarmory
|-damage|p1a: Skarmory|80/100
|-boost|p2a: Great Tusk|spe|1
|-damage|p2a: Great Tusk|84/100|[from] item: Rocky Helmet|[of] p1a: Skarmory
|-sideend|p2: DishanMax|Stealth Rock|[from] move: Rapid Spin|[of] p2a: Great Tusk
|move|p1a: Skarmory|Brave Bird|p2a: Great Tusk
|-supereffective|p2a: Great Tusk
|-damage|p2a: Great Tusk|37/100
|-damage|p1a: Skarmory|62/100|[from] Recoil
|
|-weather|Snowscape|[upkeep]
|upkeep
|turn|27
|
|t:|1779613044
|move|p2a: Great Tusk|Stone Edge|p1a: Skarmory
|-damage|p1a: Skarmory|40/100
|move|p1a: Skarmory|Stealth Rock|p2a: Great Tusk
|-sidestart|p2: DishanMax|move: Stealth Rock
|
|-weather|Snowscape|[upkeep]
|upkeep
|turn|28
|
|t:|1779613052
|move|p2a: Great Tusk|Rapid Spin|p1a: Skarmory
|-resisted|p1a: Skarmory
|-damage|p1a: Skarmory|35/100
|-boost|p2a: Great Tusk|spe|1
|-damage|p2a: Great Tusk|20/100|[from] item: Rocky Helmet|[of] p1a: Skarmory
|-sideend|p2: DishanMax|Stealth Rock|[from] move: Rapid Spin|[of] p2a: Great Tusk
|move|p1a: Skarmory|Roost|p1a: Skarmory
|-heal|p1a: Skarmory|85/100
|-singleturn|p1a: Skarmory|move: Roost
|
|-weather|none
|upkeep
|turn|29
|
|t:|1779613064
|move|p2a: Great Tusk|Stone Edge|p1a: Skarmory|[miss]
|-miss|p2a: Great Tusk|p1a: Skarmory
|move|p1a: Skarmory|Stealth Rock|p2a: Great Tusk
|-sidestart|p2: DishanMax|move: Stealth Rock
|
|upkeep
|turn|30
|
|t:|1779613072
|move|p2a: Great Tusk|Rapid Spin|p1a: Skarmory
|-resisted|p1a: Skarmory
|-crit|p1a: Skarmory
|-damage|p1a: Skarmory|78/100
|-boost|p2a: Great Tusk|spe|1
|-damage|p2a: Great Tusk|4/100|[from] item: Rocky Helmet|[of] p1a: Skarmory
|-sideend|p2: DishanMax|Stealth Rock|[from] move: Rapid Spin|[of] p2a: Great Tusk
|move|p1a: Skarmory|Stealth Rock|p2a: Great Tusk
|-sidestart|p2: DishanMax|move: Stealth Rock
|
|upkeep
|turn|31
|
|t:|1779613082
|move|p2a: Great Tusk|Stone Edge|p1a: Skarmory
|-crit|p1a: Skarmory
|-damage|p1a: Skarmory|46/100
|move|p1a: Skarmory|Stealth Rock||[still]
|-fail|p1a: Skarmory
|
|upkeep
|turn|32
|
|t:|1779613089
|move|p2a: Great Tusk|Rapid Spin|p1a: Skarmory
|-resisted|p1a: Skarmory
|-damage|p1a: Skarmory|41/100
|-boost|p2a: Great Tusk|spe|1
|-damage|p2a: Great Tusk|0 fnt|[from] item: Rocky Helmet|[of] p1a: Skarmory
|faint|p2a: Great Tusk
|-end|p2a: Great Tusk|Protosynthesis|[silent]
|move|p1a: Skarmory|Roost|p1a: Skarmory
|-heal|p1a: Skarmory|91/100
|-singleturn|p1a: Skarmory|move: Roost
|
|upkeep
|
|t:|1779613100
|switch|p2a: Latios|Latios, M|100/100
|-damage|p2a: Latios|88/100|[from] Stealth Rock
|turn|33
|inactive|yoony1 has 120 seconds left.
|
|t:|1779613133
|switch|p1a: Slowking|Slowking-Galar, L99, F|100/100
|move|p2a: Latios|Thunderbolt|p1a: Slowking
|-damage|p1a: Slowking|73/100
|
|upkeep
|turn|34
|inactive|yoony1 has 120 seconds left.
|
|t:|1779613144
|switch|p2a: Corviknight|Corviknight, M|100/100 par
|-damage|p2a: Corviknight|88/100 par|[from] Stealth Rock
|-prepare|p1a: Slowking|Chilly Reception|[premajor]
|move|p1a: Slowking|Chilly Reception|p1a: Slowking
|-weather|Snowscape
|inactive|yoony1 has 120 seconds left.
|
|t:|1779613154
|switch|p1a: Skarmory|Skarmory, F|91/100|[from] Chilly Reception
|
|-weather|Snowscape|[upkeep]
|upkeep
|turn|35
|
|t:|1779613161
|cant|p2a: Corviknight|par
|move|p1a: Skarmory|Whirlwind|p2a: Corviknight
|drag|p2a: Latios|Latios, M|88/100
|-damage|p2a: Latios|76/100|[from] Stealth Rock
|
|-weather|Snowscape|[upkeep]
|upkeep
|turn|36
|
|t:|1779613169
|switch|p1a: Slowking|Slowking-Galar, L99, F|100/100
|move|p2a: Latios|Draco Meteor|p1a: Slowking
|-damage|p1a: Slowking|40/100
|-unboost|p2a: Latios|spa|2
|
|-weather|Snowscape|[upkeep]
|upkeep
|turn|37
|
|t:|1779613183
|move|p2a: Latios|Draco Meteor|p1a: Slowking
|-damage|p1a: Slowking|9/100
|-unboost|p2a: Latios|spa|2
|-prepare|p1a: Slowking|Chilly Reception|[premajor]
|move|p1a: Slowking|Chilly Reception|p1a: Slowking
|inactive|yoony1 has 120 seconds left.
|
|t:|1779613202
|switch|p1a: Samurott|Samurott-Hisui, M|32/100|[from] Chilly Reception
|
|-weather|Snowscape|[upkeep]
|upkeep
|turn|38
|
|t:|1779613211
|switch|p2a: Corviknight|Corviknight, M|88/100 par
|-damage|p2a: Corviknight|75/100 par|[from] Stealth Rock
|move|p1a: Samurott|Ceaseless Edge|p2a: Corviknight
|-damage|p2a: Corviknight|37/100 par
|-sidestart|p2: DishanMax|Spikes
|
|-weather|none
|upkeep
|turn|39
|
|t:|1779613222
|switch|p1a: Skarmory|Skarmory, F|91/100
|move|p2a: Corviknight|Brave Bird|p1a: Skarmory
|-resisted|p1a: Skarmory
|-damage|p1a: Skarmory|81/100
|-damage|p2a: Corviknight|21/100 par|[from] item: Rocky Helmet|[of] p1a: Skarmory
|-damage|p2a: Corviknight|18/100 par|[from] Recoil
|
|upkeep
|turn|40
|
|t:|1779613230
|move|p2a: Corviknight|Roost|p2a: Corviknight
|-heal|p2a: Corviknight|68/100 par
|-singleturn|p2a: Corviknight|move: Roost
|move|p1a: Skarmory|Whirlwind|p2a: Corviknight
|drag|p2a: Primarina|Primarina, F|88/100
|-damage|p2a: Primarina|76/100|[from] Stealth Rock
|-damage|p2a: Primarina|63/100|[from] Spikes
|
|upkeep
|turn|41
|
|t:|1779613240
|switch|p1a: Slowking|Slowking-Galar, L99, F|43/100
|move|p2a: Primarina|Moonblast|p1a: Slowking
|-resisted|p1a: Slowking
|-damage|p1a: Slowking|27/100
|
|upkeep
|turn|42
|
|t:|1779613259
|move|p2a: Primarina|Psychic Noise|p1a: Slowking
|-damage|p1a: Slowking|0 fnt
|faint|p1a: Slowking
|
|upkeep
|inactive|yoony1 has 120 seconds left.
|
|t:|1779613277
|switch|p1a: Meowscarada|Meowscarada, M|77/100
|turn|43
|
|t:|1779613288
|switch|p2a: Corviknight|Corviknight, M|68/100 par
|-damage|p2a: Corviknight|55/100 par|[from] Stealth Rock
|move|p1a: Meowscarada|Flower Trick|p2a: Corviknight
|-start|p1a: Meowscarada|typechange|Grass|[from] ability: Protean
|-resisted|p2a: Corviknight
|-crit|p2a: Corviknight
|-damage|p2a: Corviknight|46/100 par
|
|upkeep
|turn|44
|
|t:|1779613295
|switch|p1a: Skarmory|Skarmory, F|81/100
|cant|p2a: Corviknight|par
|
|upkeep
|turn|45
|
|t:|1779613299
|move|p2a: Corviknight|Roost|p2a: Corviknight
|-heal|p2a: Corviknight|96/100 par
|-singleturn|p2a: Corviknight|move: Roost
|move|p1a: Skarmory|Whirlwind|p2a: Corviknight
|drag|p2a: Sinistcha|Sinistcha|100/100
|-damage|p2a: Sinistcha|88/100|[from] Stealth Rock
|-damage|p2a: Sinistcha|76/100|[from] Spikes
|
|upkeep
|turn|46
|
|t:|1779613310
|switch|p1a: Samurott|Samurott-Hisui, M|32/100
|move|p2a: Sinistcha|Strength Sap|p1a: Samurott
|-unboost|p1a: Samurott|atk|1
|-heal|p2a: Sinistcha|100/100
|
|upkeep
|turn|47
|
|t:|1779613325
|move|p1a: Samurott|Ceaseless Edge|p2a: Sinistcha
|-supereffective|p2a: Sinistcha
|-damage|p2a: Sinistcha|59/100
|-damage|p1a: Samurott|15/100|[from] item: Rocky Helmet|[of] p2a: Sinistcha
|-sidestart|p2: DishanMax|Spikes
|move|p2a: Sinistcha|Calm Mind|p2a: Sinistcha
|-boost|p2a: Sinistcha|spa|1
|-boost|p2a: Sinistcha|spd|1
|
|upkeep
|turn|48
|
|t:|1779613336
|move|p1a: Samurott|Ceaseless Edge|p2a: Sinistcha
|-supereffective|p2a: Sinistcha
|-damage|p2a: Sinistcha|21/100
|-damage|p1a: Samurott|0 fnt|[from] item: Rocky Helmet|[of] p2a: Sinistcha
|faint|p1a: Samurott
|move|p2a: Sinistcha|Strength Sap|p1: Samurott|[notarget]
|-fail|p2a: Sinistcha
|
|upkeep
|
|t:|1779613344
|switch|p1a: Meowscarada|Meowscarada, M|77/100
|turn|49
|
|t:|1779613349
|-terastallize|p2a: Sinistcha|Water
|move|p1a: Meowscarada|Knock Off|p2a: Sinistcha
|-start|p1a: Meowscarada|typechange|Dark|[from] ability: Protean
|-damage|p2a: Sinistcha|0 fnt
|-damage|p1a: Meowscarada|61/100|[from] item: Rocky Helmet|[of] p2a: Sinistcha
|-enditem|p2a: Sinistcha|Rocky Helmet|[from] move: Knock Off|[of] p1a: Meowscarada
|faint|p2a: Sinistcha
|
|upkeep
|-message|DishanMax forfeited.
|
|win|yoony1
|raw|yoony1's rating: 1468 &rarr; <strong>1489</strong><br />(+21 for winning)
|raw|DishanMax's rating: 1485 &rarr; <strong>1464</strong><br />(-21 for losing)
|l|☆DishanMax
|player|p2|
|l|☆yoony1
|player|p1|
