|j|☆claudechamp
|j|☆blueThe12thman
|t:|1779681705
|gametype|singles
|player|p1|claudechamp|170|1353
|player|p2|blueThe12thman|silver|1406
|gen|9
|tier|[Gen 9] OU
|rated|
|rule|HP Percentage Mod: HP is shown in percentages
|rule|Endless Battle Clause: Forcing endless battles is banned
|rule|Species Clause: Limit one of each Pokémon
|rule|OHKO Clause: OHKO moves are banned
|rule|Evasion Items Clause: Evasion items are banned
|rule|Evasion Moves Clause: Evasion moves are banned
|rule|Evasion Abilities Clause: Evasion abilities are banned
|rule|Sleep Moves Clause: Sleep-inducing moves are banned
|clearpoke
|poke|p1|Gliscor, M|
|poke|p1|Ogerpon, F|
|poke|p1|Walking Wake|
|poke|p1|Blissey, F|
|poke|p1|Corviknight, F|
|poke|p1|Pecharunt|
|poke|p2|Kingambit, M|
|poke|p2|Ursaluna, F|
|poke|p2|Dragapult, F|
|poke|p2|Manaphy|
|poke|p2|Glimmora, M|
|poke|p2|Zamazenta-*|
|teampreview
|c|☆claudechamp|hf
|c|☆blueThe12thman|hf
|inactive|Battle timer is ON: inactive players will automatically lose when time's up. (requested by claudechamp)
|
|t:|1779681716
|teamsize|p1|6
|teamsize|p2|6
|start
|switch|p1a: Gliscor|Gliscor, M|100/100
|switch|p2a: Manaphy|Manaphy|100/100
|turn|1
|
|t:|1779681721
|move|p2a: Manaphy|Substitute|p2a: Manaphy
|-start|p2a: Manaphy|Substitute
|-damage|p2a: Manaphy|76/100
|move|p1a: Gliscor|Spikes|p2a: Manaphy
|-sidestart|p2: blueThe12thman|Spikes
|
|-heal|p2a: Manaphy|82/100|[from] item: Leftovers
|-status|p1a: Gliscor|tox|[from] item: Toxic Orb
|upkeep
|turn|2
|
|t:|1779681735
|switch|p1a: Blissey|Blissey, F|100/100
|move|p2a: Manaphy|Tail Glow|p2a: Manaphy
|-boost|p2a: Manaphy|spa|3
|
|-heal|p2a: Manaphy|88/100|[from] item: Leftovers
|upkeep
|turn|3
|
|t:|1779681746
|move|p2a: Manaphy|Hydro Pump|p1a: Blissey|[miss]
|-miss|p2a: Manaphy|p1a: Blissey
|move|p1a: Blissey|Seismic Toss|p2a: Manaphy
|-end|p2a: Manaphy|Substitute
|
|-heal|p2a: Manaphy|94/100|[from] item: Leftovers
|upkeep
|turn|4
|
|t:|1779681754
|switch|p2a: Ursaluna|Ursaluna, F|100/100
|-damage|p2a: Ursaluna|88/100|[from] Spikes
|move|p1a: Blissey|Seismic Toss|p2a: Ursaluna
|-damage|p2a: Ursaluna|63/100
|
|-status|p2a: Ursaluna|brn|[from] item: Flame Orb
|upkeep
|turn|5
|
|t:|1779681765
|move|p2a: Ursaluna|Trailblaze|p1a: Blissey
|-crit|p1a: Blissey
|-damage|p1a: Blissey|57/100
|-boost|p2a: Ursaluna|spe|1
|move|p1a: Blissey|Stealth Rock|p2a: Ursaluna
|-sidestart|p2: blueThe12thman|move: Stealth Rock
|
|-damage|p2a: Ursaluna|57/100 brn|[from] brn
|upkeep
|turn|6
|
|t:|1779681778
|move|p2a: Ursaluna|Facade|p1a: Blissey
|-damage|p1a: Blissey|0 fnt
|faint|p1a: Blissey
|
|-damage|p2a: Ursaluna|51/100 brn|[from] brn
|upkeep
|
|t:|1779681780
|switch|p1a: Ogerpon|Ogerpon, F|100/100
|turn|7
|
|t:|1779681797
|move|p1a: Ogerpon|Ivy Cudgel|p2a: Ursaluna
|-supereffective|p2a: Ursaluna
|-damage|p2a: Ursaluna|0 fnt
|faint|p2a: Ursaluna
|
|upkeep
|
|t:|1779681812
|switch|p2a: Dragapult|Dragapult, F|100/100
|-damage|p2a: Dragapult|88/100|[from] Spikes
|-damage|p2a: Dragapult|76/100|[from] Stealth Rock
|turn|8
|
|t:|1779681823
|move|p2a: Dragapult|Draco Meteor|p1a: Ogerpon
|-damage|p1a: Ogerpon|20/100
|-unboost|p2a: Dragapult|spa|2
|-damage|p2a: Dragapult|66/100|[from] item: Life Orb
|move|p1a: Ogerpon|Ivy Cudgel|p2a: Dragapult
|-resisted|p2a: Dragapult
|-damage|p2a: Dragapult|31/100
|
|upkeep
|turn|9
|
|t:|1779681835
|switch|p1a: Corviknight|Corviknight, F|100/100
|-ability|p1a: Corviknight|Pressure
|move|p2a: Dragapult|Shadow Ball|p1a: Corviknight
|-damage|p1a: Corviknight|77/100
|-unboost|p1a: Corviknight|spd|1
|-damage|p2a: Dragapult|21/100|[from] item: Life Orb
|
|upkeep
|turn|10
|
|t:|1779681849
|move|p2a: Dragapult|Fire Blast|p1a: Corviknight
|-supereffective|p1a: Corviknight
|-damage|p1a: Corviknight|13/100
|-damage|p2a: Dragapult|11/100|[from] item: Life Orb
|move|p1a: Corviknight|U-turn|p2a: Dragapult
|-resisted|p2a: Dragapult
|-damage|p2a: Dragapult|0 fnt
|faint|p2a: Dragapult
|
|t:|1779681852
|switch|p1a: Ogerpon|Ogerpon, F|20/100|[from] U-turn
|
|upkeep
|inactive|blueThe12thman has 120 seconds left.
|
|t:|1779681877
|switch|p2a: Kingambit|Kingambit, M|100/100
|-damage|p2a: Kingambit|88/100|[from] Spikes
|-damage|p2a: Kingambit|82/100|[from] Stealth Rock
|-activate|p2a: Kingambit|ability: Supreme Overlord
|-start|p2a: Kingambit|fallen2|[silent]
|turn|11
|inactive|blueThe12thman has 120 seconds left.
|
|t:|1779681889
|move|p2a: Kingambit|Sucker Punch|p1a: Ogerpon
|-damage|p1a: Ogerpon|0 fnt
|faint|p1a: Ogerpon
|
|-heal|p2a: Kingambit|88/100|[from] item: Leftovers
|upkeep
|
|t:|1779681892
|switch|p1a: Gliscor|Gliscor, M|100/100 tox
|turn|12
|
|t:|1779681905
|-end|p2a: Kingambit|fallen2|[silent]
|switch|p2a: Zamazenta|Zamazenta|100/100
|-damage|p2a: Zamazenta|88/100|[from] Spikes
|-damage|p2a: Zamazenta|82/100|[from] Stealth Rock
|-ability|p2a: Zamazenta|Dauntless Shield|boost
|-boost|p2a: Zamazenta|def|1
|move|p1a: Gliscor|Earthquake|p2a: Zamazenta
|-damage|p2a: Zamazenta|60/100
|
|upkeep
|turn|13
|
|t:|1779681919
|move|p2a: Zamazenta|Light Screen|p2a: Zamazenta
|-sidestart|p2: blueThe12thman|move: Light Screen
|move|p1a: Gliscor|Earthquake|p2a: Zamazenta
|-damage|p2a: Zamazenta|38/100
|
|upkeep
|turn|14
|
|t:|1779681924
|move|p2a: Zamazenta|Reflect|p2a: Zamazenta
|-sidestart|p2: blueThe12thman|Reflect
|move|p1a: Gliscor|Earthquake|p2a: Zamazenta
|-damage|p2a: Zamazenta|28/100
|
|upkeep
|turn|15
|
|t:|1779681930
|move|p2a: Zamazenta|Ice Fang|p1a: Gliscor
|-supereffective|p1a: Gliscor
|-damage|p1a: Gliscor|29/100 tox
|move|p1a: Gliscor|Spikes|p2a: Zamazenta
|-sidestart|p2: blueThe12thman|Spikes
|
|-heal|p1a: Gliscor|42/100 tox|[from] ability: Poison Heal
|upkeep
|turn|16
|
|t:|1779681938
|switch|p1a: Pecharunt|Pecharunt|100/100
|move|p2a: Zamazenta|Ice Fang|p1a: Pecharunt
|-damage|p1a: Pecharunt|90/100
|
|upkeep
|turn|17
|
|t:|1779681946
|switch|p2a: Kingambit|Kingambit, M|88/100
|-damage|p2a: Kingambit|72/100|[from] Spikes
|-damage|p2a: Kingambit|66/100|[from] Stealth Rock
|-activate|p2a: Kingambit|ability: Supreme Overlord
|-start|p2a: Kingambit|fallen2|[silent]
|move|p1a: Pecharunt|Parting Shot|p2a: Kingambit
|-unboost|p2a: Kingambit|atk|1
|-unboost|p2a: Kingambit|spa|1
|
|t:|1779681950
|switch|p1a: Walking Wake|Walking Wake|100/100|[from] Parting Shot
|
|-heal|p2a: Kingambit|72/100|[from] item: Leftovers
|upkeep
|turn|18
|inactive|blueThe12thman has 120 seconds left.
|
|t:|1779681987
|-terastallize|p2a: Kingambit|Fairy
|move|p1a: Walking Wake|Surf|p2a: Kingambit
|-damage|p2a: Kingambit|49/100
|move|p2a: Kingambit|Swords Dance|p2a: Kingambit
|-boost|p2a: Kingambit|atk|2
|
|-heal|p2a: Kingambit|55/100|[from] item: Leftovers
|upkeep
|turn|19
|inactive|blueThe12thman has 120 seconds left.
|
|t:|1779681997
|move|p1a: Walking Wake|Surf|p2a: Kingambit
|-damage|p2a: Kingambit|31/100
|move|p2a: Kingambit|Kowtow Cleave|p1a: Walking Wake
|-damage|p1a: Walking Wake|8/100
|
|-heal|p2a: Kingambit|37/100|[from] item: Leftovers
|upkeep
|turn|20
|
|t:|1779682013
|move|p2a: Kingambit|Sucker Punch|p1a: Walking Wake
|-damage|p1a: Walking Wake|0 fnt
|faint|p1a: Walking Wake
|-end|p1a: Walking Wake|Protosynthesis|[silent]
|
|-heal|p2a: Kingambit|43/100|[from] item: Leftovers
|-sideend|p2: blueThe12thman|move: Light Screen
|upkeep
|
|t:|1779682018
|switch|p1a: Pecharunt|Pecharunt|90/100
|turn|21
|
|t:|1779682028
|move|p2a: Kingambit|Sucker Punch|p1a: Pecharunt
|-supereffective|p1a: Pecharunt
|-damage|p1a: Pecharunt|20/100
|move|p1a: Pecharunt|Malignant Chain|p2a: Kingambit
|-supereffective|p2a: Kingambit
|-damage|p2a: Kingambit|0 fnt
|faint|p2a: Kingambit
|-end|p2a: Kingambit|fallen2|[silent]
|
|-sideend|p2: blueThe12thman|Reflect
|upkeep
|
|t:|1779682045
|switch|p2a: Glimmora|Glimmora, M|100/100
|-damage|p2a: Glimmora|84/100|[from] Spikes
|-damage|p2a: Glimmora|72/100|[from] Stealth Rock
|turn|22
|
|t:|1779682048
|-terastallize|p1a: Pecharunt|Dark
|move|p2a: Glimmora|Power Gem|p1a: Pecharunt
|-crit|p1a: Pecharunt
|-damage|p1a: Pecharunt|0 fnt
|faint|p1a: Pecharunt
|
|upkeep
|
|t:|1779682053
|switch|p1a: Gliscor|Gliscor, M|42/100 tox
|turn|23
|
|t:|1779682063
|move|p1a: Gliscor|Protect|p1a: Gliscor
|-singleturn|p1a: Gliscor|Protect
|move|p2a: Glimmora|Power Gem|p1a: Gliscor
|-activate|p1a: Gliscor|move: Protect
|
|-heal|p1a: Gliscor|54/100 tox|[from] ability: Poison Heal
|upkeep
|turn|24
|
|t:|1779682069
|move|p2a: Glimmora|Stealth Rock|p1a: Gliscor
|-sidestart|p1: claudechamp|move: Stealth Rock
|move|p1a: Gliscor|Spikes|p2a: Glimmora
|-sidestart|p2: blueThe12thman|Spikes
|
|-heal|p1a: Gliscor|67/100 tox|[from] ability: Poison Heal
|upkeep
|turn|25
|
|t:|1779682073
|move|p1a: Gliscor|Protect|p1a: Gliscor
|-singleturn|p1a: Gliscor|Protect
|move|p2a: Glimmora|Mortal Spin|p1a: Gliscor
|-activate|p1a: Gliscor|move: Protect
|
|-heal|p1a: Gliscor|79/100 tox|[from] ability: Poison Heal
|upkeep
|turn|26
|
|t:|1779682081
|move|p2a: Glimmora|Mortal Spin|p1a: Gliscor
|-resisted|p1a: Gliscor
|-damage|p1a: Gliscor|77/100 tox
|-sideend|p2: blueThe12thman|Spikes|[from] move: Mortal Spin|[of] p2a: Glimmora
|-sideend|p2: blueThe12thman|Stealth Rock|[from] move: Mortal Spin|[of] p2a: Glimmora
|move|p1a: Gliscor|Earthquake|p2a: Glimmora
|-supereffective|p2a: Glimmora
|-damage|p2a: Glimmora|0 fnt
|-activate|p2a: Glimmora|ability: Toxic Debris
|-sidestart|p1: claudechamp|move: Toxic Spikes
|faint|p2a: Glimmora
|
|-heal|p1a: Gliscor|89/100 tox|[from] ability: Poison Heal
|upkeep
|
|t:|1779682093
|switch|p2a: Manaphy|Manaphy|94/100
|turn|27
|
|t:|1779682101
|move|p2a: Manaphy|Hydro Pump|p1a: Gliscor
|-supereffective|p1a: Gliscor
|-damage|p1a: Gliscor|11/100 tox
|move|p1a: Gliscor|Earthquake|p2a: Manaphy
|-damage|p2a: Manaphy|62/100
|
|-heal|p2a: Manaphy|68/100|[from] item: Leftovers
|-heal|p1a: Gliscor|23/100 tox|[from] ability: Poison Heal
|upkeep
|turn|28
|
|t:|1779682108
|move|p2a: Manaphy|Alluring Voice|p1a: Gliscor
|-damage|p1a: Gliscor|3/100 tox
|move|p1a: Gliscor|Earthquake|p2a: Manaphy
|-damage|p2a: Manaphy|38/100
|
|-heal|p2a: Manaphy|44/100|[from] item: Leftovers
|-heal|p1a: Gliscor|16/100 tox|[from] ability: Poison Heal
|upkeep
|turn|29
|
|t:|1779682116
|switch|p1a: Corviknight|Corviknight, F|13/100
|-ability|p1a: Corviknight|Pressure
|move|p2a: Manaphy|Alluring Voice|p1a: Corviknight
|-resisted|p1a: Corviknight
|-damage|p1a: Corviknight|0 fnt
|faint|p1a: Corviknight
|
|-heal|p2a: Manaphy|50/100|[from] item: Leftovers
|upkeep
|
|t:|1779682122
|switch|p1a: Gliscor|Gliscor, M|16/100 tox
|-damage|p1a: Gliscor|3/100 tox|[from] Stealth Rock
|turn|30
|
|t:|1779682129
|move|p2a: Manaphy|Alluring Voice|p1a: Gliscor
|-damage|p1a: Gliscor|0 fnt
|faint|p1a: Gliscor
|
|win|blueThe12thman
|raw|claudechamp's rating: 1336 &rarr; <strong>1320</strong><br />(-16 for losing)
|raw|blueThe12thman's rating: 1406 &rarr; <strong>1422</strong><br />(+16 for winning)
|c|☆claudechamp|gg
|c|☆blueThe12thman|gg
|l|☆blueThe12thman
|player|p2|
|l|☆claudechamp
|player|p1|
