|j|☆Infinitepi
|j|☆mikael_ita
|t:|1779636168
|gametype|singles
|player|p1|Infinitepi|dahlia|1210
|player|p2|mikael_ita|265|1201
|gen|9
|tier|[Gen 9] OU
|rated|
|rule|HP Percentage Mod: HP is shown in percentages
|rule|Endless Battle Clause: Forcing endless battles is banned
|rule|Species Clause: Limit one of each Pokémon
|rule|OHKO Clause: OHKO moves are banned
|rule|Evasion Items Clause: Evasion items are banned
|rule|Evasion Moves Clause: Evasion moves are banned
|rule|Evasion Abilities Clause: Evasion abilities are banned
|rule|Sleep Moves Clause: Sleep-inducing moves are banned
|clearpoke
|poke|p1|Electrode-Hisui|
|poke|p1|Pawmot, F|
|poke|p1|Oricorio-Pom-Pom, F|
|poke|p1|Iron Thorns|
|poke|p1|Sandy Shocks|
|poke|p1|Rotom|
|poke|p2|Cinderace, F|
|poke|p2|Zoroark-Hisui, M|
|poke|p2|Ogerpon-Wellspring, F|
|poke|p2|Iron Valiant|
|poke|p2|Dragonite, M|
|poke|p2|Kingambit, M|
|teampreview
|inactive|Battle timer is ON: inactive players will automatically lose when time's up. (requested by mikael_ita)
|
|t:|1779636172
|teamsize|p1|6
|teamsize|p2|6
|start
|switch|p1a: Electrode|Electrode-Hisui|100/100
|switch|p2a: Cinderace|Cinderace, F|100/100
|turn|1
|
|t:|1779636178
|move|p1a: Electrode|Stun Spore|p2a: Cinderace
|-status|p2a: Cinderace|par
|cant|p2a: Cinderace|par
|
|upkeep
|turn|2
|
|t:|1779636184
|move|p1a: Electrode|Taunt|p2a: Cinderace
|-start|p2a: Cinderace|move: Taunt
|move|p2a: Cinderace|U-turn|p1a: Electrode
|-start|p2a: Cinderace|typechange|Bug|[from] ability: Libero
|-supereffective|p1a: Electrode
|-damage|p1a: Electrode|0 fnt
|faint|p1a: Electrode
|
|t:|1779636192
|switch|p2a: Dragonite|Dragonite, M|100/100|[from] U-turn
|
|upkeep
|
|t:|1779636206
|switch|p1a: Oricorio|Oricorio-Pom-Pom, F|100/100
|turn|3
|
|t:|1779636214
|switch|p2a: Cinderace|Cinderace, F|100/100 par
|move|p1a: Oricorio|Quiver Dance|p1a: Oricorio
|-boost|p1a: Oricorio|spa|1
|-boost|p1a: Oricorio|spd|1
|-boost|p1a: Oricorio|spe|1
|
|upkeep
|turn|4
|
|t:|1779636226
|move|p1a: Oricorio|Revelation Dance|p2a: Cinderace
|-damage|p2a: Cinderace|16/100 par
|move|p2a: Cinderace|Pyro Ball|p1a: Oricorio
|-damage|p1a: Oricorio|2/100
|
|upkeep
|turn|5
|
|t:|1779636249
|move|p1a: Oricorio|Quiver Dance|p1a: Oricorio
|-boost|p1a: Oricorio|spa|1
|-boost|p1a: Oricorio|spd|1
|-boost|p1a: Oricorio|spe|1
|move|p2a: Cinderace|U-turn|p1a: Oricorio
|-start|p2a: Cinderace|typechange|Bug|[from] ability: Libero
|-resisted|p1a: Oricorio
|-damage|p1a: Oricorio|0 fnt
|faint|p1a: Oricorio
|
|t:|1779636257
|switch|p2a: Dragonite|Dragonite, M|100/100|[from] U-turn
|
|upkeep
|
|t:|1779636262
|switch|p1a: Iron Thorns|Iron Thorns|100/100
|turn|6
|
|t:|1779636275
|-terastallize|p1a: Iron Thorns|Bug
|move|p2a: Dragonite|Dragon Dance|p2a: Dragonite
|-boost|p2a: Dragonite|atk|1
|-boost|p2a: Dragonite|spe|1
|move|p1a: Iron Thorns|Dragon Dance|p1a: Iron Thorns
|-boost|p1a: Iron Thorns|atk|1
|-boost|p1a: Iron Thorns|spe|1
|
|upkeep
|turn|7
|
|t:|1779636286
|move|p2a: Dragonite|Dragon Claw|p1a: Iron Thorns
|-damage|p1a: Iron Thorns|42/100
|move|p1a: Iron Thorns|Rock Blast|p2a: Dragonite
|-supereffective|p2a: Dragonite
|-damage|p2a: Dragonite|76/100
|-enditem|p2a: Dragonite|Weakness Policy
|-boost|p2a: Dragonite|atk|2|[from] item: Weakness Policy
|-boost|p2a: Dragonite|spa|2|[from] item: Weakness Policy
|-supereffective|p2a: Dragonite
|-damage|p2a: Dragonite|30/100
|-supereffective|p2a: Dragonite
|-damage|p2a: Dragonite|0 fnt
|faint|p2a: Dragonite
|-hitcount|p2: Dragonite|3
|
|upkeep
|
|t:|1779636305
|switch|p2a: Kingambit|Kingambit, M|100/100
|turn|8
|
|t:|1779636310
|move|p1a: Iron Thorns|Pin Missile|p2a: Kingambit
|-resisted|p2a: Kingambit
|-damage|p2a: Kingambit|76/100
|replace|p2a: Zoroark|Zoroark-Hisui, M
|-end|p2a: Zoroark|Illusion
|-resisted|p2a: Zoroark
|-damage|p2a: Zoroark|54/100
|-resisted|p2a: Zoroark
|-damage|p2a: Zoroark|30/100
|-resisted|p2a: Zoroark
|-damage|p2a: Zoroark|6/100
|-resisted|p2a: Zoroark
|-damage|p2a: Zoroark|0 fnt
|faint|p2a: Zoroark
|-hitcount|p2: Zoroark|5
|
|upkeep
|-message|mikael_ita forfeited.
|
|win|Infinitepi
|raw|Infinitepi's rating: 1210 &rarr; <strong>1234</strong><br />(+24 for winning)
|raw|mikael_ita's rating: 1201 &rarr; <strong>1177</strong><br />(-24 for losing)
|l|☆mikael_ita
|player|p2|
|c|☆Infinitepi|ggs
