|j|☆lolcano46
|j|☆my 100lb pug
|t:|1779576121
|gametype|singles
|player|p1|lolcano46|fisherman-gen4|1638
|player|p2|my 100lb pug|101|1599
|gen|9
|tier|[Gen 9] OU
|rated|
|rule|HP Percentage Mod: HP is shown in percentages
|rule|Endless Battle Clause: Forcing endless battles is banned
|rule|Species Clause: Limit one of each Pokémon
|rule|OHKO Clause: OHKO moves are banned
|rule|Evasion Items Clause: Evasion items are banned
|rule|Evasion Moves Clause: Evasion moves are banned
|rule|Evasion Abilities Clause: Evasion abilities are banned
|rule|Sleep Moves Clause: Sleep-inducing moves are banned
|clearpoke
|poke|p1|Azelf|
|poke|p1|Ogerpon-Wellspring, F|
|poke|p1|Scizor, F|
|poke|p1|Gengar, M|
|poke|p1|Raging Bolt|
|poke|p1|Cinderace, M|
|poke|p2|Delphox, F|
|poke|p2|Raging Bolt|
|poke|p2|Samurott-Hisui, M|
|poke|p2|Hatterene, F|
|poke|p2|Great Tusk|
|poke|p2|Kyurem|
|teampreview
|inactive|Battle timer is ON: inactive players will automatically lose when time's up. (requested by lolcano46)
|inactive|my 100lb pug has 120 seconds left.
|
|t:|1779576153
|teamsize|p1|6
|teamsize|p2|6
|start
|switch|p1a: Cinderace|Cinderace, M|100/100
|switch|p2a: Samurott|Samurott-Hisui, M|100/100
|turn|1
|
|t:|1779576167
|move|p2a: Samurott|Ceaseless Edge|p1a: Cinderace
|-crit|p1a: Cinderace
|-damage|p1a: Cinderace|6/100
|-sidestart|p1: lolcano46|Spikes
|move|p1a: Cinderace|Will-O-Wisp|p2a: Samurott
|-status|p2a: Samurott|brn
|
|-damage|p2a: Samurott|94/100 brn|[from] brn
|upkeep
|turn|2
|
|t:|1779576175
|move|p1a: Cinderace|Sucker Punch|p2a: Samurott
|-start|p1a: Cinderace|typechange|Dark|[from] ability: Libero
|-resisted|p2a: Samurott
|-damage|p2a: Samurott|73/100 brn
|move|p2a: Samurott|Ceaseless Edge|p1a: Cinderace
|-resisted|p1a: Cinderace
|-damage|p1a: Cinderace|0 fnt
|-sidestart|p1: lolcano46|Spikes
|faint|p1a: Cinderace
|
|-damage|p2a: Samurott|67/100 brn|[from] brn
|upkeep
|
|t:|1779576178
|switch|p1a: Azelf|Azelf|100/100
|turn|3
|
|t:|1779576182
|-terastallize|p1a: Azelf|Fairy
|move|p2a: Samurott|Ceaseless Edge|p1a: Azelf
|-resisted|p1a: Azelf
|-damage|p1a: Azelf|82/100
|-sidestart|p1: lolcano46|Spikes
|move|p1a: Azelf|Dazzling Gleam|p2a: Samurott
|-supereffective|p2a: Samurott
|-damage|p2a: Samurott|0 fnt
|faint|p2a: Samurott
|
|upkeep
|
|t:|1779576190
|switch|p2a: Hatterene|Hatterene, F|100/100
|turn|4
|
|t:|1779576194
|switch|p1a: Gengar|Gengar, M|100/100
|-damage|p1a: Gengar|76/100|[from] Spikes
|move|p2a: Hatterene|Nuzzle|p1a: Gengar
|-damage|p1a: Gengar|68/100
|-status|p1a: Gengar|par
|
|upkeep
|turn|5
|
|t:|1779576203
|switch|p2a: Kyurem|Kyurem|100/100
|-ability|p2a: Kyurem|Pressure
|move|p1a: Gengar|Trick|p2a: Kyurem
|-activate|p1a: Gengar|move: Trick|[of] p2a: Kyurem
|-item|p2a: Kyurem|Choice Scarf|[from] move: Trick
|-item|p1a: Gengar|Heavy-Duty Boots|[from] move: Trick
|
|upkeep
|turn|6
|
|t:|1779576213
|move|p2a: Kyurem|Freeze-Dry|p1a: Gengar
|-damage|p1a: Gengar|7/100 par
|move|p1a: Gengar|Thunder Wave|p2a: Kyurem|[miss]
|-miss|p1a: Gengar|p2a: Kyurem
|
|upkeep
|turn|7
|
|t:|1779576220
|move|p2a: Kyurem|Freeze-Dry|p1a: Gengar
|-damage|p1a: Gengar|0 fnt
|faint|p1a: Gengar
|
|upkeep
|
|t:|1779576222
|switch|p1a: Scizor|Scizor, F|100/100
|-damage|p1a: Scizor|76/100|[from] Spikes
|turn|8
|
|t:|1779576233
|switch|p2a: Great Tusk|Great Tusk|100/100
|move|p1a: Scizor|Knock Off|p2a: Great Tusk
|-resisted|p2a: Great Tusk
|-crit|p2a: Great Tusk
|-damage|p2a: Great Tusk|84/100
|-enditem|p2a: Great Tusk|Heavy-Duty Boots|[from] move: Knock Off|[of] p1a: Scizor
|
|upkeep
|turn|9
|
|t:|1779576238
|switch|p1a: Azelf|Azelf, tera:Fairy|82/100
|move|p2a: Great Tusk|Stealth Rock|p1a: Azelf
|-sidestart|p1: lolcano46|move: Stealth Rock
|
|upkeep
|turn|10
|
|t:|1779576246
|-end|p2a: Great Tusk|Protosynthesis|[silent]
|switch|p2a: Hatterene|Hatterene, F|100/100
|move|p1a: Azelf|Dazzling Gleam|p2a: Hatterene
|-damage|p2a: Hatterene|73/100
|
|upkeep
|turn|11
|
|t:|1779576248
|move|p1a: Azelf|Dazzling Gleam|p2a: Hatterene
|-damage|p2a: Hatterene|47/100
|move|p2a: Hatterene|Nuzzle|p1a: Azelf
|-damage|p1a: Azelf|76/100
|-status|p1a: Azelf|par
|
|upkeep
|turn|12
|
|t:|1779576251
|move|p1a: Azelf|Dazzling Gleam|p2a: Hatterene
|-crit|p2a: Hatterene
|-damage|p2a: Hatterene|0 fnt
|faint|p2a: Hatterene
|
|upkeep
|
|t:|1779576258
|switch|p2a: Delphox|Delphox, F|100/100
|turn|13
|
|t:|1779576265
|move|p2a: Delphox|Psyshock|p1a: Azelf
|-damage|p1a: Azelf|0 fnt
|faint|p1a: Azelf
|
|upkeep
|
|t:|1779576268
|switch|p1a: Ogerpon|Ogerpon-Wellspring, F|100/100
|-damage|p1a: Ogerpon|76/100|[from] Spikes
|-damage|p1a: Ogerpon|63/100|[from] Stealth Rock
|turn|14
|
|t:|1779576273
|switch|p2a: Kyurem|Kyurem|100/100
|-ability|p2a: Kyurem|Pressure
|move|p1a: Ogerpon|Play Rough|p2a: Kyurem
|-supereffective|p2a: Kyurem
|-damage|p2a: Kyurem|33/100
|
|upkeep
|turn|15
|
|t:|1779576275
|switch|p1a: Scizor|Scizor, F|76/100
|-damage|p1a: Scizor|51/100|[from] Spikes
|-damage|p1a: Scizor|39/100|[from] Stealth Rock
|move|p2a: Kyurem|Freeze-Dry|p1a: Scizor
|-resisted|p1a: Scizor
|-damage|p1a: Scizor|13/100
|
|upkeep
|turn|16
|
|t:|1779576280
|switch|p2a: Great Tusk|Great Tusk|84/100
|switch|p1a: Ogerpon|Ogerpon-Wellspring, F|63/100
|-damage|p1a: Ogerpon|38/100|[from] Spikes
|-damage|p1a: Ogerpon|26/100|[from] Stealth Rock
|
|upkeep
|turn|17
|
|t:|1779576295
|move|p1a: Ogerpon|Horn Leech|p2a: Great Tusk
|-supereffective|p2a: Great Tusk
|-damage|p2a: Great Tusk|28/100
|-heal|p1a: Ogerpon|66/100|[from] drain|[of] p2a: Great Tusk
|move|p2a: Great Tusk|Knock Off|p1a: Ogerpon
|-damage|p1a: Ogerpon|42/100
|
|upkeep
|turn|18
|
|t:|1779576302
|-end|p2a: Great Tusk|Protosynthesis|[silent]
|switch|p2a: Raging Bolt|Raging Bolt|100/100
|-enditem|p2a: Raging Bolt|Booster Energy
|-activate|p2a: Raging Bolt|ability: Protosynthesis|[fromitem]
|-start|p2a: Raging Bolt|protosynthesisspa
|move|p1a: Ogerpon|Play Rough|p2a: Raging Bolt
|-supereffective|p2a: Raging Bolt
|-damage|p2a: Raging Bolt|40/100
|
|upkeep
|turn|19
|
|t:|1779576307
|move|p2a: Raging Bolt|Thunderclap|p1a: Ogerpon
|-damage|p1a: Ogerpon|0 fnt
|faint|p1a: Ogerpon
|
|upkeep
|
|t:|1779576309
|switch|p1a: Raging Bolt|Raging Bolt|100/100
|-damage|p1a: Raging Bolt|75/100|[from] Spikes
|-damage|p1a: Raging Bolt|63/100|[from] Stealth Rock
|-enditem|p1a: Raging Bolt|Booster Energy
|-activate|p1a: Raging Bolt|ability: Protosynthesis|[fromitem]
|-start|p1a: Raging Bolt|protosynthesisspa
|turn|20
|
|t:|1779576313
|move|p1a: Raging Bolt|Dragon Pulse|p2a: Raging Bolt
|-supereffective|p2a: Raging Bolt
|-damage|p2a: Raging Bolt|0 fnt
|faint|p2a: Raging Bolt
|-end|p2a: Raging Bolt|Protosynthesis|[silent]
|
|upkeep
|
|t:|1779576318
|switch|p2a: Kyurem|Kyurem|33/100
|-ability|p2a: Kyurem|Pressure
|turn|21
|
|t:|1779576325
|move|p1a: Raging Bolt|Thunderclap|p2a: Kyurem
|-resisted|p2a: Kyurem
|-damage|p2a: Kyurem|7/100
|move|p2a: Kyurem|Freeze-Dry|p1a: Raging Bolt
|-supereffective|p1a: Raging Bolt
|-damage|p1a: Raging Bolt|0 fnt
|faint|p1a: Raging Bolt
|-end|p1a: Raging Bolt|Protosynthesis|[silent]
|
|upkeep
|-message|lolcano46 forfeited.
|
|win|my 100lb pug
|raw|lolcano46's rating: 1638 &rarr; <strong>1616</strong><br />(-22 for losing)
|raw|my 100lb pug's rating: 1599 &rarr; <strong>1621</strong><br />(+22 for winning)
|l|☆lolcano46
|player|p1|
|l|☆my 100lb pug
|player|p2|
