|j|☆NebulaTrainer
|j|☆Mr Tpen
|t:|1779631741
|gametype|singles
|player|p1|NebulaTrainer|cynthia-gen4|1516
|player|p2|Mr Tpen|102|1602
|gen|9
|tier|[Gen 9] OU
|rated|
|rule|HP Percentage Mod: HP is shown in percentages
|rule|Endless Battle Clause: Forcing endless battles is banned
|rule|Species Clause: Limit one of each Pokémon
|rule|OHKO Clause: OHKO moves are banned
|rule|Evasion Items Clause: Evasion items are banned
|rule|Evasion Moves Clause: Evasion moves are banned
|rule|Evasion Abilities Clause: Evasion abilities are banned
|rule|Sleep Moves Clause: Sleep-inducing moves are banned
|clearpoke
|poke|p1|Tornadus-Therian, M|
|poke|p1|Heatran, M|
|poke|p1|Hippowdon, M|
|poke|p1|Keldeo-Resolute|
|poke|p1|Excadrill, M|
|poke|p1|Hydrapple, F|
|poke|p2|Gliscor, M|
|poke|p2|Gholdengo|
|poke|p2|Dragonite, M|
|poke|p2|Ting-Lu|
|poke|p2|Darkrai|
|poke|p2|Zamazenta-*|
|teampreview
|inactive|Battle timer is ON: inactive players will automatically lose when time's up. (requested by Mr Tpen)
|j| gym by
|
|t:|1779631759
|teamsize|p1|6
|teamsize|p2|6
|start
|switch|p1a: Keldeo|Keldeo-Resolute, shiny|100/100
|switch|p2a: Gliscor|Gliscor, M|100/100
|turn|1
|
|t:|1779631772
|move|p2a: Gliscor|Protect|p2a: Gliscor
|-singleturn|p2a: Gliscor|Protect
|move|p1a: Keldeo|Hydro Pump|p2a: Gliscor
|-activate|p2a: Gliscor|move: Protect
|
|-status|p2a: Gliscor|tox|[from] item: Toxic Orb
|upkeep
|turn|2
|
|t:|1779631781
|switch|p2a: Dragonite|Dragonite, M|100/100
|move|p1a: Keldeo|Hydro Pump|p2a: Dragonite
|-resisted|p2a: Dragonite
|-damage|p2a: Dragonite|80/100
|
|upkeep
|turn|3
|
|t:|1779631788
|switch|p1a: Hippowdon|Hippowdon, M, shiny|100/100
|-weather|Sandstorm|[from] ability: Sand Stream|[of] p1a: Hippowdon
|move|p2a: Dragonite|Roost|p2a: Dragonite
|-heal|p2a: Dragonite|100/100
|-singleturn|p2a: Dragonite|move: Roost
|
|-weather|Sandstorm|[upkeep]
|-damage|p2a: Dragonite|94/100|[from] Sandstorm
|upkeep
|turn|4
|
|t:|1779631798
|switch|p2a: Gliscor|Gliscor, M|100/100 tox
|move|p1a: Hippowdon|Stealth Rock|p2a: Gliscor
|-sidestart|p2: Mr Tpen|move: Stealth Rock
|
|-weather|Sandstorm|[upkeep]
|upkeep
|turn|5
|
|t:|1779631806
|move|p2a: Gliscor|Toxic|p1a: Hippowdon|[miss]
|-miss|p2a: Gliscor|p1a: Hippowdon
|move|p1a: Hippowdon|Whirlwind|p2a: Gliscor
|drag|p2a: Dragonite|Dragonite, M|94/100
|
|-weather|Sandstorm|[upkeep]
|-damage|p2a: Dragonite|88/100|[from] Sandstorm
|upkeep
|turn|6
|
|t:|1779631815
|switch|p2a: Gliscor|Gliscor, M|100/100 tox
|-damage|p2a: Gliscor|88/100 tox|[from] Stealth Rock
|switch|p1a: Keldeo|Keldeo-Resolute, shiny|100/100
|
|-weather|Sandstorm|[upkeep]
|-damage|p1a: Keldeo|94/100|[from] Sandstorm
|-heal|p2a: Gliscor|100/100 tox|[from] ability: Poison Heal
|upkeep
|turn|7
|l| gym by
|
|t:|1779631825
|move|p2a: Gliscor|Protect|p2a: Gliscor
|-singleturn|p2a: Gliscor|Protect
|move|p1a: Keldeo|Icy Wind|p2a: Gliscor
|-activate|p2a: Gliscor|move: Protect
|
|-weather|Sandstorm|[upkeep]
|-damage|p1a: Keldeo|88/100|[from] Sandstorm
|upkeep
|turn|8
|
|t:|1779631836
|switch|p2a: Gholdengo|Gholdengo|100/100
|-damage|p2a: Gholdengo|94/100|[from] Stealth Rock
|move|p1a: Keldeo|Icy Wind|p2a: Gholdengo
|-resisted|p2a: Gholdengo
|-damage|p2a: Gholdengo|78/100
|-unboost|p2a: Gholdengo|spe|1
|
|-weather|Sandstorm|[upkeep]
|-damage|p1a: Keldeo|82/100|[from] Sandstorm
|upkeep
|turn|9
|
|t:|1779631850
|switch|p1a: Tornadus|Tornadus-Therian, M, shiny|100/100
|move|p2a: Gholdengo|Shadow Ball|p1a: Tornadus
|-damage|p1a: Tornadus|73/100
|-unboost|p1a: Tornadus|spd|1
|
|-weather|Sandstorm|[upkeep]
|-damage|p1a: Tornadus|67/100|[from] Sandstorm
|upkeep
|turn|10
|
|t:|1779631860
|switch|p2a: Gliscor|Gliscor, M|100/100 tox
|-damage|p2a: Gliscor|88/100 tox|[from] Stealth Rock
|move|p1a: Tornadus|U-turn|p2a: Gliscor
|-resisted|p2a: Gliscor
|-damage|p2a: Gliscor|84/100 tox
|
|t:|1779631867
|switch|p1a: Keldeo|Keldeo-Resolute, shiny|82/100|[from] U-turn
|
|-weather|none
|-heal|p2a: Gliscor|97/100 tox|[from] ability: Poison Heal
|upkeep
|turn|11
|
|t:|1779631873
|move|p2a: Gliscor|Protect|p2a: Gliscor
|-singleturn|p2a: Gliscor|Protect
|move|p1a: Keldeo|Icy Wind|p2a: Gliscor
|-activate|p2a: Gliscor|move: Protect
|
|-heal|p2a: Gliscor|100/100 tox|[from] ability: Poison Heal
|upkeep
|turn|12
|
|t:|1779631884
|switch|p1a: Heatran|Heatran, M, shiny|100/100
|move|p2a: Gliscor|Toxic|p1a: Heatran
|-immune|p1a: Heatran
|
|upkeep
|turn|13
|
|t:|1779631893
|switch|p1a: Hydrapple|Hydrapple, F, shiny|100/100
|move|p2a: Gliscor|Spikes|p1a: Hydrapple
|-sidestart|p1: NebulaTrainer|Spikes
|
|upkeep
|turn|14
|
|t:|1779631899
|move|p2a: Gliscor|Toxic|p1a: Hydrapple
|-status|p1a: Hydrapple|tox
|move|p1a: Hydrapple|Nasty Plot|p1a: Hydrapple
|-boost|p1a: Hydrapple|spa|2
|
|-damage|p1a: Hydrapple|94/100 tox|[from] psn
|upkeep
|turn|15
|
|t:|1779631909
|switch|p2a: Gholdengo|Gholdengo|78/100
|-damage|p2a: Gholdengo|72/100|[from] Stealth Rock
|move|p1a: Hydrapple|Giga Drain|p2a: Gholdengo
|-resisted|p2a: Gholdengo
|-damage|p2a: Gholdengo|27/100
|-heal|p1a: Hydrapple|100/100 tox|[from] drain|[of] p2a: Gholdengo
|
|-damage|p1a: Hydrapple|88/100 tox|[from] psn
|upkeep
|turn|16
|
|t:|1779631922
|switch|p2a: Darkrai|Darkrai|100/100
|move|p1a: Hydrapple|Giga Drain|p2a: Darkrai
|-damage|p2a: Darkrai|0 fnt
|-heal|p1a: Hydrapple|100/100 tox|[from] drain|[of] p2a: Darkrai
|faint|p2a: Darkrai
|
|-damage|p1a: Hydrapple|82/100 tox|[from] psn
|upkeep
|
|t:|1779631928
|switch|p2a: Zamazenta|Zamazenta|100/100
|-ability|p2a: Zamazenta|Dauntless Shield|boost
|-boost|p2a: Zamazenta|def|1
|turn|17
|
|t:|1779631935
|move|p2a: Zamazenta|Ice Fang|p1a: Hydrapple
|-supereffective|p1a: Hydrapple
|-damage|p1a: Hydrapple|20/100 tox
|move|p1a: Hydrapple|Giga Drain|p2a: Zamazenta
|-damage|p2a: Zamazenta|23/100
|-heal|p1a: Hydrapple|50/100 tox|[from] drain|[of] p2a: Zamazenta
|
|-damage|p1a: Hydrapple|25/100 tox|[from] psn
|upkeep
|turn|18
|
|t:|1779631945
|switch|p1a: Hippowdon|Hippowdon, M, shiny|100/100
|-damage|p1a: Hippowdon|88/100|[from] Spikes
|-weather|Sandstorm|[from] ability: Sand Stream|[of] p1a: Hippowdon
|move|p2a: Zamazenta|Close Combat|p1a: Hippowdon
|-damage|p1a: Hippowdon|55/100
|-unboost|p2a: Zamazenta|def|1
|-unboost|p2a: Zamazenta|spd|1
|
|-weather|Sandstorm|[upkeep]
|-damage|p2a: Zamazenta|17/100|[from] Sandstorm
|upkeep
|turn|19
|
|t:|1779631957
|switch|p2a: Gliscor|Gliscor, M|100/100 tox
|-damage|p2a: Gliscor|88/100 tox|[from] Stealth Rock
|move|p1a: Hippowdon|Slack Off|p1a: Hippowdon
|-heal|p1a: Hippowdon|100/100
|
|-weather|Sandstorm|[upkeep]
|-heal|p2a: Gliscor|100/100 tox|[from] ability: Poison Heal
|upkeep
|turn|20
|
|t:|1779631967
|switch|p1a: Hydrapple|Hydrapple, F, shiny|59/100 tox
|move|p2a: Gliscor|Spikes|p1a: Hydrapple
|-sidestart|p1: NebulaTrainer|Spikes
|
|-weather|Sandstorm|[upkeep]
|-damage|p1a: Hydrapple|52/100 tox|[from] Sandstorm
|-damage|p1a: Hydrapple|46/100 tox|[from] psn
|upkeep
|turn|21
|
|t:|1779631977
|switch|p1a: Keldeo|Keldeo-Resolute, shiny|82/100
|-damage|p1a: Keldeo|66/100|[from] Spikes
|move|p2a: Gliscor|Earthquake|p1a: Keldeo
|-damage|p1a: Keldeo|31/100
|
|-weather|Sandstorm|[upkeep]
|-damage|p1a: Keldeo|25/100|[from] Sandstorm
|upkeep
|turn|22
|
|t:|1779631988
|move|p2a: Gliscor|Protect|p2a: Gliscor
|-singleturn|p2a: Gliscor|Protect
|move|p1a: Keldeo|Icy Wind|p2a: Gliscor
|-activate|p2a: Gliscor|move: Protect
|
|-weather|Sandstorm|[upkeep]
|-damage|p1a: Keldeo|18/100|[from] Sandstorm
|upkeep
|turn|23
|
|t:|1779631997
|switch|p2a: Ting-Lu|Ting-Lu|100/100
|-damage|p2a: Ting-Lu|94/100|[from] Stealth Rock
|-ability|p2a: Ting-Lu|Vessel of Ruin
|move|p1a: Keldeo|Icy Wind|p2a: Ting-Lu
|-supereffective|p2a: Ting-Lu
|-damage|p2a: Ting-Lu|71/100
|-unboost|p2a: Ting-Lu|spe|1
|
|-weather|Sandstorm|[upkeep]
|-damage|p1a: Keldeo|12/100|[from] Sandstorm
|-heal|p2a: Ting-Lu|77/100|[from] item: Leftovers
|upkeep
|turn|24
|
|t:|1779632010
|move|p1a: Keldeo|Icy Wind|p2a: Ting-Lu
|-supereffective|p2a: Ting-Lu
|-damage|p2a: Ting-Lu|54/100
|-unboost|p2a: Ting-Lu|spe|1
|move|p2a: Ting-Lu|Stealth Rock|p1a: Keldeo
|-sidestart|p1: NebulaTrainer|move: Stealth Rock
|
|-weather|Sandstorm|[upkeep]
|-damage|p1a: Keldeo|6/100|[from] Sandstorm
|-heal|p2a: Ting-Lu|60/100|[from] item: Leftovers
|upkeep
|turn|25
|
|t:|1779632020
|move|p1a: Keldeo|Icy Wind|p2a: Ting-Lu
|-supereffective|p2a: Ting-Lu
|-damage|p2a: Ting-Lu|37/100
|-unboost|p2a: Ting-Lu|spe|1
|move|p2a: Ting-Lu|Earthquake|p1a: Keldeo
|-damage|p1a: Keldeo|0 fnt
|faint|p1a: Keldeo
|
|-weather|none
|-heal|p2a: Ting-Lu|43/100|[from] item: Leftovers
|upkeep
|
|t:|1779632033
|switch|p1a: Hydrapple|Hydrapple, F, shiny|79/100 tox
|turn|26
|
|t:|1779632039
|move|p1a: Hydrapple|Fickle Beam|p2a: Ting-Lu
|-damage|p2a: Ting-Lu|24/100
|move|p2a: Ting-Lu|Ruination|p1a: Hydrapple
|-damage|p1a: Hydrapple|40/100 tox
|
|-heal|p2a: Ting-Lu|31/100|[from] item: Leftovers
|-damage|p1a: Hydrapple|34/100 tox|[from] psn
|upkeep
|turn|27
|
|t:|1779632051
|move|p1a: Hydrapple|Giga Drain|p2a: Ting-Lu
|-supereffective|p2a: Ting-Lu
|-damage|p2a: Ting-Lu|0 fnt
|-heal|p1a: Hydrapple|52/100 tox|[from] drain|[of] p2a: Ting-Lu
|faint|p2a: Ting-Lu
|
|-damage|p1a: Hydrapple|40/100 tox|[from] psn
|upkeep
|
|t:|1779632055
|switch|p2a: Gholdengo|Gholdengo|27/100
|-damage|p2a: Gholdengo|20/100|[from] Stealth Rock
|turn|28
|
|t:|1779632062
|switch|p1a: Heatran|Heatran, M, shiny|100/100
|-damage|p1a: Heatran|84/100|[from] Spikes
|-damage|p1a: Heatran|71/100|[from] Stealth Rock
|move|p2a: Gholdengo|Trick|p1a: Heatran
|-activate|p2a: Gholdengo|move: Trick|[of] p1a: Heatran
|-item|p1a: Heatran|Choice Scarf|[from] move: Trick
|-item|p2a: Gholdengo|Leftovers|[from] move: Trick
|
|-heal|p2a: Gholdengo|27/100|[from] item: Leftovers
|upkeep
|turn|29
|
|t:|1779632073
|move|p2a: Gholdengo|Recover|p2a: Gholdengo
|-heal|p2a: Gholdengo|77/100
|move|p1a: Heatran|Taunt|p2a: Gholdengo
|-immune|p2a: Gholdengo|[from] ability: Good as Gold
|
|-heal|p2a: Gholdengo|83/100|[from] item: Leftovers
|upkeep
|turn|30
|
|t:|1779632081
|move|p2a: Gholdengo|Shadow Ball|p1a: Heatran
|-damage|p1a: Heatran|47/100
|move|p1a: Heatran|Taunt|p2a: Gholdengo
|-immune|p2a: Gholdengo|[from] ability: Good as Gold
|
|-heal|p2a: Gholdengo|89/100|[from] item: Leftovers
|upkeep
|turn|31
|
|t:|1779632095
|switch|p1a: Hippowdon|Hippowdon, M, shiny|100/100
|-damage|p1a: Hippowdon|84/100|[from] Spikes
|-damage|p1a: Hippowdon|78/100|[from] Stealth Rock
|-weather|Sandstorm|[from] ability: Sand Stream|[of] p1a: Hippowdon
|move|p2a: Gholdengo|Shadow Ball|p1a: Hippowdon
|-damage|p1a: Hippowdon|35/100
|
|-weather|Sandstorm|[upkeep]
|-heal|p2a: Gholdengo|95/100|[from] item: Leftovers
|upkeep
|turn|32
|
|t:|1779632107
|switch|p1a: Heatran|Heatran, M, shiny|47/100
|-damage|p1a: Heatran|31/100|[from] Spikes
|-damage|p1a: Heatran|18/100|[from] Stealth Rock
|move|p2a: Gholdengo|Shadow Ball|p1a: Heatran
|-damage|p1a: Heatran|0 fnt
|faint|p1a: Heatran
|
|-weather|Sandstorm|[upkeep]
|-heal|p2a: Gholdengo|100/100|[from] item: Leftovers
|upkeep
|
|t:|1779632125
|switch|p1a: Excadrill|Excadrill, M, shiny|100/100
|-damage|p1a: Excadrill|84/100|[from] Spikes
|-damage|p1a: Excadrill|81/100|[from] Stealth Rock
|turn|33
|
|t:|1779632131
|switch|p2a: Gliscor|Gliscor, M|100/100 tox
|-damage|p2a: Gliscor|88/100 tox|[from] Stealth Rock
|move|p1a: Excadrill|Swords Dance|p1a: Excadrill
|-boost|p1a: Excadrill|atk|2
|
|-weather|Sandstorm|[upkeep]
|-heal|p1a: Excadrill|87/100|[from] item: Leftovers
|-heal|p2a: Gliscor|100/100 tox|[from] ability: Poison Heal
|upkeep
|turn|34
|
|t:|1779632142
|move|p2a: Gliscor|Protect|p2a: Gliscor
|-singleturn|p2a: Gliscor|Protect
|move|p1a: Excadrill|Iron Head|p2a: Gliscor
|-activate|p2a: Gliscor|move: Protect
|
|-weather|Sandstorm|[upkeep]
|-heal|p1a: Excadrill|93/100|[from] item: Leftovers
|upkeep
|turn|35
|
|t:|1779632150
|move|p1a: Excadrill|Iron Head|p2a: Gliscor
|-damage|p2a: Gliscor|51/100 tox
|move|p2a: Gliscor|Earthquake|p1a: Excadrill
|-supereffective|p1a: Excadrill
|-damage|p1a: Excadrill|2/100
|
|-weather|Sandstorm|[upkeep]
|-heal|p1a: Excadrill|8/100|[from] item: Leftovers
|-heal|p2a: Gliscor|64/100 tox|[from] ability: Poison Heal
|upkeep
|turn|36
|
|t:|1779632159
|move|p1a: Excadrill|Iron Head|p2a: Gliscor
|-damage|p2a: Gliscor|10/100 tox
|cant|p2a: Gliscor|flinch
|
|-weather|Sandstorm|[upkeep]
|-heal|p1a: Excadrill|14/100|[from] item: Leftovers
|-heal|p2a: Gliscor|22/100 tox|[from] ability: Poison Heal
|upkeep
|turn|37
|
|t:|1779632168
|move|p2a: Gliscor|Protect|p2a: Gliscor
|-singleturn|p2a: Gliscor|Protect
|move|p1a: Excadrill|Iron Head|p2a: Gliscor
|-activate|p2a: Gliscor|move: Protect
|
|-weather|Sandstorm|[upkeep]
|-heal|p1a: Excadrill|20/100|[from] item: Leftovers
|-heal|p2a: Gliscor|35/100 tox|[from] ability: Poison Heal
|upkeep
|turn|38
|
|t:|1779632179
|switch|p2a: Zamazenta|Zamazenta|17/100
|move|p1a: Excadrill|Iron Head|p2a: Zamazenta
|-damage|p2a: Zamazenta|0 fnt
|faint|p2a: Zamazenta
|
|-weather|none
|-heal|p1a: Excadrill|26/100|[from] item: Leftovers
|upkeep
|
|t:|1779632183
|switch|p2a: Dragonite|Dragonite, M|88/100
|turn|39
|
|t:|1779632203
|switch|p1a: Hippowdon|Hippowdon, M, shiny|35/100
|-damage|p1a: Hippowdon|19/100|[from] Spikes
|-damage|p1a: Hippowdon|13/100|[from] Stealth Rock
|-weather|Sandstorm|[from] ability: Sand Stream|[of] p1a: Hippowdon
|-terastallize|p2a: Dragonite|Normal
|move|p2a: Dragonite|Extreme Speed|p1a: Hippowdon
|-damage|p1a: Hippowdon|0 fnt
|faint|p1a: Hippowdon
|
|-weather|Sandstorm|[upkeep]
|-damage|p2a: Dragonite|82/100|[from] Sandstorm
|upkeep
|inactive|NebulaTrainer has 120 seconds left.
|
|t:|1779632224
|switch|p1a: Hydrapple|Hydrapple, F, shiny|73/100 tox
|turn|40
|
|t:|1779632228
|switch|p2a: Gholdengo|Gholdengo|100/100
|-damage|p2a: Gholdengo|94/100|[from] Stealth Rock
|-terastallize|p1a: Hydrapple|Fairy
|move|p1a: Hydrapple|Fickle Beam|p2a: Gholdengo
|-resisted|p2a: Gholdengo
|-damage|p2a: Gholdengo|69/100
|
|-weather|Sandstorm|[upkeep]
|-damage|p1a: Hydrapple|67/100 tox|[from] Sandstorm
|-heal|p2a: Gholdengo|75/100|[from] item: Leftovers
|-damage|p1a: Hydrapple|61/100 tox|[from] psn
|upkeep
|turn|41
|
|t:|1779632246
|switch|p1a: Tornadus|Tornadus-Therian, M, shiny|99/100
|-damage|p1a: Tornadus|75/100|[from] Stealth Rock
|move|p2a: Gholdengo|Shadow Ball|p1a: Tornadus
|-damage|p1a: Tornadus|48/100
|
|-weather|Sandstorm|[upkeep]
|-damage|p1a: Tornadus|42/100|[from] Sandstorm
|-heal|p2a: Gholdengo|81/100|[from] item: Leftovers
|upkeep
|turn|42
|c|☆NebulaTrainer|Wow excellent battle
|
|t:|1779632257
|move|p1a: Tornadus|Heat Wave|p2a: Gholdengo
|-supereffective|p2a: Gholdengo
|-damage|p2a: Gholdengo|26/100
|-status|p2a: Gholdengo|brn
|move|p2a: Gholdengo|Make It Rain|p1a: Tornadus
|-damage|p1a: Tornadus|0 fnt
|-unboost|p2a: Gholdengo|spa|1
|faint|p1a: Tornadus
|
|-weather|Sandstorm|[upkeep]
|-heal|p2a: Gholdengo|32/100 brn|[from] item: Leftovers
|-damage|p2a: Gholdengo|26/100 brn|[from] brn
|upkeep
|inactive|NebulaTrainer has 120 seconds left.
|
|t:|1779632273
|switch|p1a: Excadrill|Excadrill, M, shiny|26/100
|-damage|p1a: Excadrill|9/100|[from] Spikes
|-damage|p1a: Excadrill|6/100|[from] Stealth Rock
|turn|43
|inactive|NebulaTrainer has 120 seconds left.
|
|t:|1779632279
|switch|p2a: Gliscor|Gliscor, M|35/100 tox
|-damage|p2a: Gliscor|22/100 tox|[from] Stealth Rock
|move|p1a: Excadrill|Iron Head|p2a: Gliscor
|-damage|p2a: Gliscor|0 fnt
|faint|p2a: Gliscor
|
|-weather|Sandstorm|[upkeep]
|-heal|p1a: Excadrill|12/100|[from] item: Leftovers
|upkeep
|
|t:|1779632281
|switch|p2a: Dragonite|Dragonite, M, tera:Normal|82/100
|turn|44
|
|t:|1779632293
|move|p2a: Dragonite|Extreme Speed|p1a: Excadrill
|-resisted|p1a: Excadrill
|-damage|p1a: Excadrill|0 fnt
|faint|p1a: Excadrill
|
|-weather|Sandstorm|[upkeep]
|-damage|p2a: Dragonite|76/100|[from] Sandstorm
|upkeep
|
|t:|1779632301
|switch|p1a: Hydrapple|Hydrapple, F, shiny, tera:Fairy|94/100 tox
|turn|45
|
|t:|1779632304
|move|p2a: Dragonite|Extreme Speed|p1a: Hydrapple
|-damage|p1a: Hydrapple|62/100 tox
|move|p1a: Hydrapple|Fickle Beam|p2a: Dragonite|[anim] Fickle Beam All Out
|-activate|p1a: Hydrapple|move: Fickle Beam
|-damage|p2a: Dragonite|0 fnt
|faint|p2a: Dragonite
|
|-weather|Sandstorm|[upkeep]
|-damage|p1a: Hydrapple|56/100 tox|[from] Sandstorm
|-damage|p1a: Hydrapple|49/100 tox|[from] psn
|upkeep
|
|t:|1779632306
|switch|p2a: Gholdengo|Gholdengo|26/100 brn
|-damage|p2a: Gholdengo|20/100 brn|[from] Stealth Rock
|turn|46
|
|t:|1779632318
|move|p2a: Gholdengo|Make It Rain|p1a: Hydrapple
|-supereffective|p1a: Hydrapple
|-damage|p1a: Hydrapple|0 fnt
|-unboost|p2a: Gholdengo|spa|1
|faint|p1a: Hydrapple
|
|win|Mr Tpen
|raw|NebulaTrainer's rating: 1516 &rarr; <strong>1501</strong><br />(-15 for losing)
|raw|Mr Tpen's rating: 1602 &rarr; <strong>1617</strong><br />(+15 for winning)
|j| ameneiro
|c|☆NebulaTrainer|Gg
|c|☆Mr Tpen|gg
|c|☆NebulaTrainer|☺️
|l|☆Mr Tpen
|player|p2|
|c|☆NebulaTrainer|excellent battle
|c|☆NebulaTrainer|hace fun
|l| ameneiro
|l|☆NebulaTrainer
|player|p1|
|j| ameneiro
|l| ameneiro
