|j|☆dstj
|j|☆The ZU Wanderer
|t:|1779604020
|gametype|singles
|player|p1|dstj|dawn|1167
|player|p2|The ZU Wanderer|roughneck|1219
|gen|9
|tier|[Gen 9] OU
|rated|
|rule|HP Percentage Mod: HP is shown in percentages
|rule|Endless Battle Clause: Forcing endless battles is banned
|rule|Species Clause: Limit one of each Pokémon
|rule|OHKO Clause: OHKO moves are banned
|rule|Evasion Items Clause: Evasion items are banned
|rule|Evasion Moves Clause: Evasion moves are banned
|rule|Evasion Abilities Clause: Evasion abilities are banned
|rule|Sleep Moves Clause: Sleep-inducing moves are banned
|clearpoke
|poke|p1|Gholdengo|
|poke|p1|Kingambit, F|
|poke|p1|Ogerpon-Wellspring, F|
|poke|p1|Ting-Lu|
|poke|p1|Zamazenta-*|
|poke|p1|Cinderace, M|
|poke|p2|Komala, F|
|poke|p2|Mesprit|
|poke|p2|Spiritomb, F|
|poke|p2|Poliwrath, M|
|poke|p2|Sandaconda, F|
|poke|p2|Tauros, M|
|teampreview
|
|t:|1779604024
|teamsize|p1|6
|teamsize|p2|6
|start
|switch|p1a: Gholdengo|Gholdengo|100/100
|switch|p2a: Spiritomb|Spiritomb, F, shiny|100/100
|turn|1
|
|t:|1779604030
|switch|p2a: Komala|Komala, F, shiny|100/100
|-ability|p2a: Komala|Comatose
|-terastallize|p1a: Gholdengo|Fairy
|move|p1a: Gholdengo|Dazzling Gleam|p2a: Komala
|-damage|p2a: Komala|71/100
|
|upkeep
|turn|2
|inactive|Battle timer is ON: inactive players will automatically lose when time's up. (requested by The ZU Wanderer)
|
|t:|1779604042
|switch|p1a: Cinderace|Cinderace, M|100/100
|move|p2a: Komala|Knock Off|p1a: Cinderace
|-damage|p1a: Cinderace|55/100
|-enditem|p1a: Cinderace|Choice Scarf|[from] move: Knock Off|[of] p2a: Komala
|
|upkeep
|turn|3
|
|t:|1779604048
|switch|p2a: Poliwrath|Poliwrath, M, shiny|100/100
|move|p1a: Cinderace|High Jump Kick|p2a: Poliwrath
|-start|p1a: Cinderace|typechange|Fighting|[from] ability: Libero
|-damage|p2a: Poliwrath|39/100
|
|upkeep
|turn|4
|
|t:|1779604056
|switch|p2a: Spiritomb|Spiritomb, F, shiny|100/100
|move|p1a: Cinderace|High Jump Kick|p2a: Spiritomb
|-immune|p2a: Spiritomb
|-damage|p1a: Cinderace|5/100|[from] highjumpkick
|
|upkeep
|turn|5
|
|t:|1779604067
|switch|p1a: Ting-Lu|Ting-Lu|100/100
|-ability|p1a: Ting-Lu|Vessel of Ruin
|move|p2a: Spiritomb|Foul Play|p1a: Ting-Lu
|-resisted|p1a: Ting-Lu
|-damage|p1a: Ting-Lu|86/100
|
|upkeep
|turn|6
|
|t:|1779604077
|move|p1a: Ting-Lu|Heavy Slam|p2a: Spiritomb
|-damage|p2a: Spiritomb|71/100
|move|p2a: Spiritomb|Will-O-Wisp|p1a: Ting-Lu
|-status|p1a: Ting-Lu|brn
|
|-damage|p1a: Ting-Lu|80/100 brn|[from] brn
|upkeep
|turn|7
|
|t:|1779604084
|move|p1a: Ting-Lu|Ruination|p2a: Spiritomb
|-damage|p2a: Spiritomb|36/100
|move|p2a: Spiritomb|Pain Split|p1a: Ting-Lu
|-sethp|p1a: Ting-Lu|52/100 brn|[from] move: Pain Split|[silent]
|-sethp|p2a: Spiritomb|78/100|[from] move: Pain Split
|
|-damage|p1a: Ting-Lu|46/100 brn|[from] brn
|upkeep
|turn|8
|
|t:|1779604100
|switch|p1a: Gholdengo|Gholdengo, tera:Fairy|100/100
|switch|p2a: Komala|Komala, F, shiny|71/100
|-ability|p2a: Komala|Comatose
|
|upkeep
|turn|9
|
|t:|1779604113
|move|p1a: Gholdengo|Make It Rain|p2a: Komala
|-damage|p2a: Komala|26/100
|-unboost|p1a: Gholdengo|spa|1
|move|p2a: Komala|Knock Off|p1a: Gholdengo
|-resisted|p1a: Gholdengo
|-damage|p1a: Gholdengo|82/100
|-enditem|p1a: Gholdengo|Choice Scarf|[from] move: Knock Off|[of] p2a: Komala
|
|upkeep
|turn|10
|
|t:|1779604130
|move|p1a: Gholdengo|Make It Rain|p2a: Komala
|-damage|p2a: Komala|0 fnt
|-unboost|p1a: Gholdengo|spa|1
|faint|p2a: Komala
|
|upkeep
|
|t:|1779604137
|switch|p2a: Mesprit|Mesprit, shiny|100/100
|turn|11
|
|t:|1779604143
|-terastallize|p2a: Mesprit|Electric
|move|p1a: Gholdengo|Trick|p2a: Mesprit
|-activate|p1a: Gholdengo|move: Trick|[of] p2a: Mesprit
|-enditem|p2a: Mesprit|Leftovers|[silent]|[from] move: Trick
|-item|p1a: Gholdengo|Leftovers|[from] move: Trick
|move|p2a: Mesprit|Stealth Rock|p1a: Gholdengo
|-sidestart|p1: dstj|move: Stealth Rock
|
|-heal|p1a: Gholdengo|88/100|[from] item: Leftovers
|upkeep
|turn|12
|
|t:|1779604155
|switch|p1a: Ting-Lu|Ting-Lu|46/100 brn
|-damage|p1a: Ting-Lu|40/100 brn|[from] Stealth Rock
|-ability|p1a: Ting-Lu|Vessel of Ruin
|move|p2a: Mesprit|Thunderbolt|p1a: Ting-Lu
|-immune|p1a: Ting-Lu
|
|-damage|p1a: Ting-Lu|34/100 brn|[from] brn
|upkeep
|turn|13
|
|t:|1779604165
|switch|p2a: Poliwrath|Poliwrath, M, shiny|39/100
|move|p1a: Ting-Lu|Earthquake|p2a: Poliwrath
|-damage|p2a: Poliwrath|17/100
|
|-damage|p1a: Ting-Lu|27/100 brn|[from] brn
|upkeep
|turn|14
|
|t:|1779604173
|switch|p1a: Cinderace|Cinderace, M|5/100
|-damage|p1a: Cinderace|0 fnt|[from] Stealth Rock
|faint|p1a: Cinderace
|move|p2a: Poliwrath|Drain Punch|p1: Cinderace|[notarget]
|-fail|p2a: Poliwrath
|
|upkeep
|
|t:|1779604179
|switch|p1a: Gholdengo|Gholdengo, tera:Fairy|88/100
|-damage|p1a: Gholdengo|75/100|[from] Stealth Rock
|turn|15
|
|t:|1779604184
|switch|p2a: Sandaconda|Sandaconda, F, shiny|100/100
|move|p1a: Gholdengo|Dazzling Gleam|p2a: Sandaconda
|-damage|p2a: Sandaconda|61/100
|
|-heal|p1a: Gholdengo|82/100|[from] item: Leftovers
|upkeep
|turn|16
|
|t:|1779604192
|move|p1a: Gholdengo|Make It Rain|p2a: Sandaconda
|-damage|p2a: Sandaconda|3/100
|-unboost|p1a: Gholdengo|spa|1
|move|p2a: Sandaconda|Earthquake|p1a: Gholdengo
|-damage|p1a: Gholdengo|44/100
|
|-heal|p1a: Gholdengo|50/100|[from] item: Leftovers
|upkeep
|turn|17
|
|t:|1779604201
|switch|p2a: Mesprit|Mesprit, shiny, tera:Electric|100/100
|move|p1a: Gholdengo|Dazzling Gleam|p2a: Mesprit
|-damage|p2a: Mesprit|73/100
|
|-heal|p1a: Gholdengo|56/100|[from] item: Leftovers
|upkeep
|turn|18
|
|t:|1779604211
|switch|p1a: Ting-Lu|Ting-Lu|27/100 brn
|-damage|p1a: Ting-Lu|21/100 brn|[from] Stealth Rock
|-ability|p1a: Ting-Lu|Vessel of Ruin
|move|p2a: Mesprit|Ice Beam|p1a: Ting-Lu
|-supereffective|p1a: Ting-Lu
|-damage|p1a: Ting-Lu|3/100 brn
|
|-damage|p1a: Ting-Lu|0 fnt|[from] brn
|faint|p1a: Ting-Lu
|upkeep
|
|t:|1779604219
|switch|p1a: Gholdengo|Gholdengo, tera:Fairy|56/100
|-damage|p1a: Gholdengo|44/100|[from] Stealth Rock
|turn|19
|
|t:|1779604224
|move|p1a: Gholdengo|Dazzling Gleam|p2a: Mesprit
|-damage|p2a: Mesprit|33/100
|move|p2a: Mesprit|Thunderbolt|p1a: Gholdengo
|-damage|p1a: Gholdengo|0 fnt
|faint|p1a: Gholdengo
|
|upkeep
|
|t:|1779604231
|switch|p1a: Ogerpon|Ogerpon-Wellspring, F|100/100
|-damage|p1a: Ogerpon|88/100|[from] Stealth Rock
|turn|20
|
|t:|1779604241
|switch|p2a: Sandaconda|Sandaconda, F, shiny|3/100
|move|p1a: Ogerpon|Ivy Cudgel|p2a: Sandaconda|[anim] Ivy Cudgel Water
|-supereffective|p2a: Sandaconda
|-damage|p2a: Sandaconda|0 fnt
|faint|p2a: Sandaconda
|
|upkeep
|
|t:|1779604247
|switch|p2a: Tauros|Tauros, M, shiny|100/100
|turn|21
|
|t:|1779604250
|move|p1a: Ogerpon|Spiky Shield|p1a: Ogerpon
|-singleturn|p1a: Ogerpon|move: Protect
|move|p2a: Tauros|Body Slam|p1a: Ogerpon
|-activate|p1a: Ogerpon|move: Protect
|-damage|p2a: Tauros|88/100|[from] Spiky Shield|[of] p1a: Ogerpon
|
|upkeep
|turn|22
|
|t:|1779604269
|move|p1a: Ogerpon|Ivy Cudgel|p2a: Tauros|[anim] Ivy Cudgel Water
|-damage|p2a: Tauros|18/100
|move|p2a: Tauros|Body Slam|p1a: Ogerpon
|-damage|p1a: Ogerpon|26/100
|
|upkeep
|turn|23
|
|t:|1779604278
|move|p1a: Ogerpon|Ivy Cudgel|p2a: Tauros|[anim] Ivy Cudgel Water
|-damage|p2a: Tauros|0 fnt
|faint|p2a: Tauros
|
|upkeep
|
|t:|1779604282
|switch|p2a: Spiritomb|Spiritomb, F, shiny|78/100
|turn|24
|
|t:|1779604286
|move|p1a: Ogerpon|Ivy Cudgel|p2a: Spiritomb|[anim] Ivy Cudgel Water
|-damage|p2a: Spiritomb|32/100
|move|p2a: Spiritomb|Foul Play|p1a: Ogerpon
|-damage|p1a: Ogerpon|0 fnt
|faint|p1a: Ogerpon
|
|upkeep
|
|t:|1779604293
|switch|p1a: Kingambit|Kingambit, F|100/100
|-damage|p1a: Kingambit|94/100|[from] Stealth Rock
|-activate|p1a: Kingambit|ability: Supreme Overlord
|-start|p1a: Kingambit|fallen4|[silent]
|turn|25
|
|t:|1779604298
|switch|p2a: Mesprit|Mesprit, shiny, tera:Electric|33/100
|move|p1a: Kingambit|Kowtow Cleave|p2a: Mesprit
|-damage|p2a: Mesprit|0 fnt
|faint|p2a: Mesprit
|
|upkeep
|
|t:|1779604304
|switch|p2a: Poliwrath|Poliwrath, M, shiny|17/100
|turn|26
|
|t:|1779604310
|move|p1a: Kingambit|Sucker Punch||[still]
|-fail|p1a: Kingambit
|move|p2a: Poliwrath|Bulk Up|p2a: Poliwrath
|-boost|p2a: Poliwrath|atk|1
|-boost|p2a: Poliwrath|def|1
|
|upkeep
|turn|27
|
|t:|1779604316
|-end|p1a: Kingambit|fallen4|[silent]
|switch|p1a: Zamazenta|Zamazenta|100/100
|-damage|p1a: Zamazenta|94/100|[from] Stealth Rock
|-ability|p1a: Zamazenta|Dauntless Shield|boost
|-boost|p1a: Zamazenta|def|1
|move|p2a: Poliwrath|Encore||[still]
|-fail|p2a: Poliwrath
|
|upkeep
|turn|28
|
|t:|1779604324
|switch|p2a: Spiritomb|Spiritomb, F, shiny|32/100
|move|p1a: Zamazenta|Body Press|p2a: Spiritomb
|-immune|p2a: Spiritomb
|
|upkeep
|turn|29
|
|t:|1779604331
|switch|p1a: Kingambit|Kingambit, F|94/100
|-damage|p1a: Kingambit|88/100|[from] Stealth Rock
|-activate|p1a: Kingambit|ability: Supreme Overlord
|-start|p1a: Kingambit|fallen4|[silent]
|move|p2a: Spiritomb|Pain Split|p1a: Kingambit
|-sethp|p1a: Kingambit|56/100|[from] move: Pain Split|[silent]
|-sethp|p2a: Spiritomb|75/100|[from] move: Pain Split
|
|upkeep
|turn|30
|
|t:|1779604340
|move|p1a: Kingambit|Kowtow Cleave|p2a: Spiritomb
|-damage|p2a: Spiritomb|24/100
|move|p2a: Spiritomb|Will-O-Wisp|p1a: Kingambit
|-status|p1a: Kingambit|brn
|
|-damage|p1a: Kingambit|50/100 brn|[from] brn
|upkeep
|turn|31
|
|t:|1779604347
|switch|p2a: Poliwrath|Poliwrath, M, shiny|17/100
|move|p1a: Kingambit|Kowtow Cleave|p2a: Poliwrath
|-resisted|p2a: Poliwrath
|-damage|p2a: Poliwrath|2/100
|
|-damage|p1a: Kingambit|44/100 brn|[from] brn
|upkeep
|turn|32
|
|t:|1779604357
|move|p2a: Poliwrath|Bulk Up|p2a: Poliwrath
|-boost|p2a: Poliwrath|atk|1
|-boost|p2a: Poliwrath|def|1
|move|p1a: Kingambit|Kowtow Cleave|p2a: Poliwrath
|-resisted|p2a: Poliwrath
|-damage|p2a: Poliwrath|0 fnt
|faint|p2a: Poliwrath
|
|-damage|p1a: Kingambit|38/100 brn|[from] brn
|upkeep
|-message|The ZU Wanderer forfeited.
|
|win|dstj
|raw|dstj's rating: 1167 &rarr; <strong>1196</strong><br />(+29 for winning)
|raw|The ZU Wanderer's rating: 1219 &rarr; <strong>1190</strong><br />(-29 for losing)
|l|☆The ZU Wanderer
|player|p2|
|l|☆dstj
|player|p1|
