|j|☆Welivein2093
|j|☆A Humble Duck
|t:|1779684968
|gametype|singles
|player|p1|Welivein2093|pokemonranger-gen4|1079
|player|p2|A Humble Duck|brycenman|1074
|gen|9
|tier|[Gen 9] OU
|rated|
|rule|HP Percentage Mod: HP is shown in percentages
|rule|Endless Battle Clause: Forcing endless battles is banned
|rule|Species Clause: Limit one of each Pokémon
|rule|OHKO Clause: OHKO moves are banned
|rule|Evasion Items Clause: Evasion items are banned
|rule|Evasion Moves Clause: Evasion moves are banned
|rule|Evasion Abilities Clause: Evasion abilities are banned
|rule|Sleep Moves Clause: Sleep-inducing moves are banned
|clearpoke
|poke|p1|Glimmora, F|
|poke|p1|Iron Valiant|
|poke|p1|Arcanine-Hisui, M|
|poke|p1|Salamence, F|
|poke|p1|Samurott-Hisui, F|
|poke|p1|Porygon-Z|
|poke|p2|Samurott-Hisui, M|
|poke|p2|Gholdengo|
|poke|p2|Great Tusk|
|poke|p2|Dragapult, M|
|poke|p2|Tyranitar, M|
|poke|p2|Gliscor, F|
|teampreview
|
|t:|1779684979
|teamsize|p1|6
|teamsize|p2|6
|start
|switch|p1a: Samurott|Samurott-Hisui, F, shiny|100/100
|switch|p2a: Samurott|Samurott-Hisui, M|100/100
|turn|1
|
|t:|1779685000
|switch|p2a: Great Tusk|Great Tusk|100/100
|move|p1a: Samurott|Sacred Sword|p2a: Great Tusk
|-damage|p2a: Great Tusk|72/100
|
|upkeep
|turn|2
|
|t:|1779685012
|move|p2a: Great Tusk|Headlong Rush|p1a: Samurott
|-damage|p1a: Samurott|14/100
|-unboost|p2a: Great Tusk|def|1
|-unboost|p2a: Great Tusk|spd|1
|move|p1a: Samurott|Aqua Cutter|p2a: Great Tusk
|-supereffective|p2a: Great Tusk
|-damage|p2a: Great Tusk|0 fnt
|faint|p2a: Great Tusk
|-end|p2a: Great Tusk|Protosynthesis|[silent]
|
|upkeep
|
|t:|1779685028
|switch|p2a: Samurott|Samurott-Hisui, M|100/100
|turn|3
|
|t:|1779685032
|switch|p1a: Iron Valiant|Iron Valiant|100/100
|-enditem|p1a: Iron Valiant|Booster Energy
|-activate|p1a: Iron Valiant|ability: Quark Drive|[fromitem]
|-start|p1a: Iron Valiant|quarkdrivespe
|move|p2a: Samurott|Ceaseless Edge|p1a: Iron Valiant
|-resisted|p1a: Iron Valiant
|-damage|p1a: Iron Valiant|90/100
|-sidestart|p1: Welivein2093|Spikes
|
|upkeep
|turn|4
|
|t:|1779685063
|switch|p2a: Gholdengo|Gholdengo|100/100
|-item|p2a: Gholdengo|Air Balloon
|move|p1a: Iron Valiant|Moonblast|p2a: Gholdengo
|-resisted|p2a: Gholdengo
|-damage|p2a: Gholdengo|78/100
|-enditem|p2a: Gholdengo|Air Balloon
|
|upkeep
|turn|5
|
|t:|1779685078
|-end|p1a: Iron Valiant|Quark Drive|[silent]
|switch|p1a: Porygon-Z|Porygon-Z|100/100
|-damage|p1a: Porygon-Z|88/100|[from] Spikes
|-ability|p1a: Porygon-Z|Download|boost
|-boost|p1a: Porygon-Z|spa|1
|move|p2a: Gholdengo|Make It Rain|p1a: Porygon-Z
|-damage|p1a: Porygon-Z|19/100
|-unboost|p2a: Gholdengo|spa|1
|
|upkeep
|turn|6
|
|t:|1779685111
|switch|p2a: Tyranitar|Tyranitar, M|100/100
|-weather|Sandstorm|[from] ability: Sand Stream|[of] p2a: Tyranitar
|move|p1a: Porygon-Z|Dark Pulse|p2a: Tyranitar
|-resisted|p2a: Tyranitar
|-damage|p2a: Tyranitar|92/100
|
|-weather|Sandstorm|[upkeep]
|-damage|p1a: Porygon-Z|13/100|[from] Sandstorm
|-heal|p2a: Tyranitar|98/100|[from] item: Leftovers
|upkeep
|turn|7
|
|t:|1779685127
|switch|p1a: Iron Valiant|Iron Valiant|90/100
|-damage|p1a: Iron Valiant|77/100|[from] Spikes
|move|p2a: Tyranitar|Knock Off|p1a: Iron Valiant
|-resisted|p1a: Iron Valiant
|-damage|p1a: Iron Valiant|68/100
|
|-weather|Sandstorm|[upkeep]
|-damage|p1a: Iron Valiant|62/100|[from] Sandstorm
|-heal|p2a: Tyranitar|100/100|[from] item: Leftovers
|upkeep
|turn|8
|
|t:|1779685149
|switch|p2a: Gholdengo|Gholdengo|78/100
|move|p1a: Iron Valiant|Moonblast|p2a: Gholdengo
|-resisted|p2a: Gholdengo
|-crit|p2a: Gholdengo
|-damage|p2a: Gholdengo|43/100
|
|-weather|Sandstorm|[upkeep]
|-damage|p1a: Iron Valiant|56/100|[from] Sandstorm
|upkeep
|turn|9
|
|t:|1779685171
|-end|p1a: Iron Valiant|Quark Drive|[silent]
|switch|p1a: Samurott|Samurott-Hisui, F, shiny|14/100
|-damage|p1a: Samurott|1/100|[from] Spikes
|move|p2a: Gholdengo|Make It Rain|p1a: Samurott
|-resisted|p1a: Samurott
|-damage|p1a: Samurott|0 fnt
|-unboost|p2a: Gholdengo|spa|1
|faint|p1a: Samurott
|
|-weather|Sandstorm|[upkeep]
|upkeep
|
|t:|1779685185
|switch|p1a: Arcanine|Arcanine-Hisui, M|100/100
|-damage|p1a: Arcanine|88/100|[from] Spikes
|-ability|p1a: Arcanine|Intimidate|boost
|-unboost|p2a: Gholdengo|atk|1
|turn|10
|
|t:|1779685212
|switch|p2a: Samurott|Samurott-Hisui, M|100/100
|move|p1a: Arcanine|Flare Blitz|p2a: Samurott
|-resisted|p2a: Samurott
|-damage|p2a: Samurott|54/100
|-damage|p1a: Arcanine|73/100|[from] Recoil
|-damage|p1a: Arcanine|63/100|[from] item: Life Orb
|
|-weather|none
|upkeep
|turn|11
|
|t:|1779685224
|move|p2a: Samurott|Aqua Jet|p1a: Arcanine
|-supereffective|p1a: Arcanine
|-damage|p1a: Arcanine|0 fnt
|faint|p1a: Arcanine
|
|upkeep
|
|t:|1779685229
|switch|p1a: Salamence|Salamence, F|100/100
|-ability|p1a: Salamence|Intimidate|boost
|-unboost|p2a: Samurott|atk|1
|turn|12
|
|t:|1779685262
|switch|p2a: Tyranitar|Tyranitar, M|100/100
|-weather|Sandstorm|[from] ability: Sand Stream|[of] p2a: Tyranitar
|move|p1a: Salamence|Dragon Dance|p1a: Salamence
|-boost|p1a: Salamence|atk|1
|-boost|p1a: Salamence|spe|1
|
|-weather|Sandstorm|[upkeep]
|-damage|p1a: Salamence|94/100|[from] Sandstorm
|upkeep
|turn|13
|
|t:|1779685273
|move|p1a: Salamence|Iron Head|p2a: Tyranitar
|-supereffective|p2a: Tyranitar
|-damage|p2a: Tyranitar|29/100
|cant|p2a: Tyranitar|flinch
|
|-weather|Sandstorm|[upkeep]
|-damage|p1a: Salamence|88/100|[from] Sandstorm
|-heal|p2a: Tyranitar|35/100|[from] item: Leftovers
|upkeep
|turn|14
|
|t:|1779685306
|switch|p2a: Samurott|Samurott-Hisui, M|54/100
|move|p1a: Salamence|Dragon Claw|p2a: Samurott
|-damage|p2a: Samurott|0 fnt
|faint|p2a: Samurott
|
|-weather|Sandstorm|[upkeep]
|-damage|p1a: Salamence|82/100|[from] Sandstorm
|upkeep
|
|t:|1779685315
|switch|p2a: Gliscor|Gliscor, F|100/100
|turn|15
|
|t:|1779685321
|move|p2a: Gliscor|Protect|p2a: Gliscor
|-singleturn|p2a: Gliscor|Protect
|move|p1a: Salamence|Crunch|p2a: Gliscor
|-activate|p2a: Gliscor|move: Protect
|
|-weather|Sandstorm|[upkeep]
|-damage|p1a: Salamence|76/100|[from] Sandstorm
|-status|p2a: Gliscor|tox|[from] item: Toxic Orb
|upkeep
|turn|16
|
|t:|1779685354
|move|p1a: Salamence|Dragon Claw|p2a: Gliscor
|-damage|p2a: Gliscor|60/100 tox
|move|p2a: Gliscor|Knock Off|p1a: Salamence
|-damage|p1a: Salamence|51/100
|-enditem|p1a: Salamence|White Herb|[from] move: Knock Off|[of] p2a: Gliscor
|
|-weather|none
|-heal|p2a: Gliscor|73/100 tox|[from] ability: Poison Heal
|upkeep
|turn|17
|
|t:|1779685370
|switch|p2a: Dragapult|Dragapult, M|100/100
|move|p1a: Salamence|Dragon Dance|p1a: Salamence
|-boost|p1a: Salamence|atk|1
|-boost|p1a: Salamence|spe|1
|
|upkeep
|turn|18
|
|t:|1779685380
|move|p1a: Salamence|Dragon Claw|p2a: Dragapult
|-supereffective|p2a: Dragapult
|-damage|p2a: Dragapult|0 fnt
|faint|p2a: Dragapult
|
|upkeep
|
|t:|1779685386
|switch|p2a: Tyranitar|Tyranitar, M|35/100
|-weather|Sandstorm|[from] ability: Sand Stream|[of] p2a: Tyranitar
|turn|19
|
|t:|1779685390
|move|p1a: Salamence|Iron Head|p2a: Tyranitar
|-supereffective|p2a: Tyranitar
|-damage|p2a: Tyranitar|0 fnt
|faint|p2a: Tyranitar
|
|-weather|Sandstorm|[upkeep]
|-damage|p1a: Salamence|45/100|[from] Sandstorm
|upkeep
|
|t:|1779685396
|switch|p2a: Gliscor|Gliscor, F|73/100 tox
|turn|20
|
|t:|1779685400
|move|p1a: Salamence|Dragon Claw|p2a: Gliscor
|-crit|p2a: Gliscor
|-damage|p2a: Gliscor|0 fnt
|faint|p2a: Gliscor
|
|-weather|Sandstorm|[upkeep]
|-damage|p1a: Salamence|39/100|[from] Sandstorm
|upkeep
|
|t:|1779685406
|switch|p2a: Gholdengo|Gholdengo|43/100
|turn|21
|
|t:|1779685411
|move|p1a: Salamence|Crunch|p2a: Gholdengo
|-supereffective|p2a: Gholdengo
|-damage|p2a: Gholdengo|0 fnt
|faint|p2a: Gholdengo
|
|win|Welivein2093
|raw|Welivein2093's rating: 1079 &rarr; <strong>1107</strong><br />(+28 for winning)
|raw|A Humble Duck's rating: 1074 &rarr; <strong>1053</strong><br />(-21 for losing)
|l|☆A Humble Duck
|player|p2|
|l|☆Welivein2093
|player|p1|
