|j|☆LetsgoBrandonJ
|j|☆AmonacookieCutter
|t:|1779569303
|gametype|singles
|player|p1|LetsgoBrandonJ|palmer|1712
|player|p2|AmonacookieCutter|cyclist-gen4|1658
|gen|9
|tier|[Gen 9] OU
|rated|
|rule|HP Percentage Mod: HP is shown in percentages
|rule|Endless Battle Clause: Forcing endless battles is banned
|rule|Species Clause: Limit one of each Pokémon
|rule|OHKO Clause: OHKO moves are banned
|rule|Evasion Items Clause: Evasion items are banned
|rule|Evasion Moves Clause: Evasion moves are banned
|rule|Evasion Abilities Clause: Evasion abilities are banned
|rule|Sleep Moves Clause: Sleep-inducing moves are banned
|clearpoke
|poke|p1|Tyranitar, M|
|poke|p1|Excadrill, F|
|poke|p1|Keldeo-Resolute|
|poke|p1|Tornadus-Therian, M|
|poke|p1|Heatran, F|
|poke|p1|Hydrapple, M|
|poke|p2|Hawlucha, F|
|poke|p2|Samurott-Hisui, F|
|poke|p2|Rillaboom, F|
|poke|p2|Gholdengo|
|poke|p2|Kyurem|
|poke|p2|Landorus-Therian, M|
|teampreview
|inactive|Battle timer is ON: inactive players will automatically lose when time's up. (requested by AmonacookieCutter)
|inactive|LetsgoBrandonJ also wants the timer to be on.
|
|t:|1779569319
|teamsize|p1|6
|teamsize|p2|6
|start
|switch|p1a: Tornadus|Tornadus-Therian, M|100/100
|switch|p2a: Landorus|Landorus-Therian, M|100/100
|-ability|p2a: Landorus|Intimidate|boost
|-unboost|p1a: Tornadus|atk|1
|turn|1
|l|☆LetsgoBrandonJ
|inactive|LetsgoBrandonJ disconnected and has a minute to reconnect!
|player|p1|
|j|☆LetsgoBrandonJ
|inactive|LetsgoBrandonJ reconnected and has 120 seconds left.
|player|p1|LetsgoBrandonJ|palmer|
|
|t:|1779569350
|move|p1a: Tornadus|Bleakwind Storm|p2a: Landorus
|-damage|p2a: Landorus|60/100
|move|p2a: Landorus|Stealth Rock|p1a: Tornadus
|-sidestart|p1: LetsgoBrandonJ|move: Stealth Rock
|
|upkeep
|turn|2
|
|t:|1779569357
|move|p1a: Tornadus|Bleakwind Storm|p2a: Landorus
|-damage|p2a: Landorus|21/100
|move|p2a: Landorus|U-turn|p1a: Tornadus
|-resisted|p1a: Tornadus
|-damage|p1a: Tornadus|90/100
|
|t:|1779569361
|switch|p2a: Kyurem|Kyurem|100/100|[from] U-turn
|-ability|p2a: Kyurem|Pressure
|
|upkeep
|turn|3
|
|t:|1779569372
|move|p1a: Tornadus|U-turn|p2a: Kyurem
|-damage|p2a: Kyurem|91/100
|
|t:|1779569375
|switch|p1a: Tyranitar|Tyranitar, M|100/100|[from] U-turn
|-damage|p1a: Tyranitar|88/100|[from] Stealth Rock
|-weather|Sandstorm|[from] ability: Sand Stream|[of] p1a: Tyranitar
|move|p2a: Kyurem|Freeze-Dry|p1a: Tyranitar
|-damage|p1a: Tyranitar|64/100
|
|-weather|Sandstorm|[upkeep]
|-damage|p2a: Kyurem|85/100|[from] Sandstorm
|upkeep
|turn|4
|
|t:|1779569395
|move|p2a: Kyurem|Focus Blast|p1a: Tyranitar|[miss]
|-miss|p2a: Kyurem|p1a: Tyranitar
|move|p1a: Tyranitar|Knock Off|p2a: Kyurem
|-damage|p2a: Kyurem|3/100
|-enditem|p2a: Kyurem|Assault Vest|[from] move: Knock Off|[of] p1a: Tyranitar
|
|-weather|Sandstorm|[upkeep]
|-damage|p2a: Kyurem|0 fnt|[from] Sandstorm
|faint|p2a: Kyurem
|upkeep
|
|t:|1779569399
|switch|p2a: Rillaboom|Rillaboom, F|100/100
|-fieldstart|move: Grassy Terrain|[from] ability: Grassy Surge|[of] p2a: Rillaboom
|turn|5
|
|t:|1779569412
|switch|p1a: Hydrapple|Hydrapple, M|100/100
|-damage|p1a: Hydrapple|88/100|[from] Stealth Rock
|move|p2a: Rillaboom|Wood Hammer|p1a: Hydrapple
|-resisted|p1a: Hydrapple
|-damage|p1a: Hydrapple|77/100
|-damage|p2a: Rillaboom|84/100|[from] item: Rocky Helmet|[of] p1a: Hydrapple
|-damage|p2a: Rillaboom|80/100|[from] Recoil
|
|-weather|Sandstorm|[upkeep]
|-damage|p2a: Rillaboom|74/100|[from] Sandstorm
|-damage|p1a: Hydrapple|71/100|[from] Sandstorm
|-heal|p2a: Rillaboom|80/100|[from] Grassy Terrain
|-heal|p1a: Hydrapple|77/100|[from] Grassy Terrain
|upkeep
|turn|6
|
|t:|1779569426
|switch|p2a: Gholdengo|Gholdengo|100/100
|move|p1a: Hydrapple|Fickle Beam|p2a: Gholdengo|[anim] Fickle Beam All Out
|-activate|p1a: Hydrapple|move: Fickle Beam
|-resisted|p2a: Gholdengo
|-damage|p2a: Gholdengo|64/100
|
|-weather|Sandstorm|[upkeep]
|-damage|p1a: Hydrapple|71/100|[from] Sandstorm
|-heal|p2a: Gholdengo|70/100|[from] Grassy Terrain
|-heal|p1a: Hydrapple|77/100|[from] Grassy Terrain
|upkeep
|turn|7
|
|t:|1779569437
|switch|p1a: Heatran|Heatran, F|100/100
|-damage|p1a: Heatran|88/100|[from] Stealth Rock
|move|p2a: Gholdengo|Shadow Ball|p1a: Heatran
|-damage|p1a: Heatran|62/100
|
|-weather|none
|-heal|p2a: Gholdengo|76/100|[from] Grassy Terrain
|-heal|p1a: Heatran|69/100|[from] Grassy Terrain
|-heal|p1a: Heatran|75/100|[from] item: Leftovers
|upkeep
|turn|8
|
|t:|1779569449
|switch|p2a: Samurott|Samurott-Hisui, F|100/100
|move|p1a: Heatran|Magma Storm|p2a: Samurott
|-resisted|p2a: Samurott
|-damage|p2a: Samurott|86/100
|-activate|p2a: Samurott|move: Magma Storm|[of] p1a: Heatran
|
|-heal|p2a: Samurott|92/100|[from] Grassy Terrain
|-heal|p1a: Heatran|81/100|[from] Grassy Terrain
|-heal|p1a: Heatran|87/100|[from] item: Leftovers
|-damage|p2a: Samurott|79/100|[from] move: Magma Storm|[partiallytrapped]
|upkeep
|turn|9
|inactive|LetsgoBrandonJ has 120 seconds left.
|inactive|LetsgoBrandonJ has 90 seconds left.
|
|t:|1779569505
|switch|p1a: Tornadus|Tornadus-Therian, M|100/100
|move|p2a: Samurott|Ceaseless Edge|p1a: Tornadus
|-damage|p1a: Tornadus|56/100
|-sidestart|p1: LetsgoBrandonJ|Spikes
|
|-heal|p2a: Samurott|86/100|[from] Grassy Terrain
|-end|p2a: Samurott|Magma Storm|[partiallytrapped]|[silent]
|-fieldend|move: Grassy Terrain
|upkeep
|turn|10
|inactive|LetsgoBrandonJ has 90 seconds left.
|
|t:|1779569515
|move|p1a: Tornadus|U-turn|p2a: Samurott
|-supereffective|p2a: Samurott
|-damage|p2a: Samurott|50/100
|
|t:|1779569519
|switch|p1a: Hydrapple|Hydrapple, M|100/100|[from] U-turn
|-damage|p1a: Hydrapple|88/100|[from] Stealth Rock
|-damage|p1a: Hydrapple|76/100|[from] Spikes
|move|p2a: Samurott|Knock Off|p1a: Hydrapple
|-damage|p1a: Hydrapple|55/100
|-damage|p2a: Samurott|33/100|[from] item: Rocky Helmet|[of] p1a: Hydrapple
|-enditem|p1a: Hydrapple|Rocky Helmet|[from] move: Knock Off|[of] p2a: Samurott
|
|upkeep
|turn|11
|
|t:|1779569531
|move|p2a: Samurott|Ceaseless Edge|p1a: Hydrapple
|-damage|p1a: Hydrapple|31/100
|-sidestart|p1: LetsgoBrandonJ|Spikes
|move|p1a: Hydrapple|Giga Drain|p2a: Samurott
|-supereffective|p2a: Samurott
|-damage|p2a: Samurott|0 fnt
|-heal|p1a: Hydrapple|46/100|[from] drain|[of] p2a: Samurott
|faint|p2a: Samurott
|
|upkeep
|
|t:|1779569540
|switch|p2a: Rillaboom|Rillaboom, F|80/100
|-fieldstart|move: Grassy Terrain|[from] ability: Grassy Surge|[of] p2a: Rillaboom
|turn|12
|
|t:|1779569546
|move|p2a: Rillaboom|Swords Dance|p2a: Rillaboom
|-boost|p2a: Rillaboom|atk|2
|move|p1a: Hydrapple|Giga Drain|p2a: Rillaboom
|-resisted|p2a: Rillaboom
|-damage|p2a: Rillaboom|56/100
|-heal|p1a: Hydrapple|57/100|[from] drain|[of] p2a: Rillaboom
|
|-heal|p2a: Rillaboom|63/100|[from] Grassy Terrain
|-heal|p1a: Hydrapple|63/100|[from] Grassy Terrain
|upkeep
|turn|13
|
|t:|1779569556
|move|p2a: Rillaboom|Wood Hammer|p1a: Hydrapple
|-resisted|p1a: Hydrapple
|-crit|p1a: Hydrapple
|-damage|p1a: Hydrapple|26/100
|-damage|p2a: Rillaboom|49/100|[from] Recoil
|move|p1a: Hydrapple|Fickle Beam|p2a: Rillaboom|[anim] Fickle Beam All Out
|-activate|p1a: Hydrapple|move: Fickle Beam
|-damage|p2a: Rillaboom|0 fnt
|faint|p2a: Rillaboom
|
|-heal|p1a: Hydrapple|32/100|[from] Grassy Terrain
|upkeep
|
|t:|1779569558
|switch|p2a: Hawlucha|Hawlucha, F|100/100
|-enditem|p2a: Hawlucha|Grassy Seed
|-boost|p2a: Hawlucha|def|1|[from] item: Grassy Seed
|turn|14
|inactive|LetsgoBrandonJ has 120 seconds left.
|
|t:|1779569585
|switch|p1a: Tornadus|Tornadus-Therian, M|89/100
|move|p2a: Hawlucha|Swords Dance|p2a: Hawlucha
|-boost|p2a: Hawlucha|atk|2
|
|upkeep
|turn|15
|
|t:|1779569598
|move|p2a: Hawlucha|Acrobatics|p1a: Tornadus
|-damage|p1a: Tornadus|0 fnt
|faint|p1a: Tornadus
|
|upkeep
|
|t:|1779569605
|switch|p1a: Tyranitar|Tyranitar, M|64/100
|-damage|p1a: Tyranitar|51/100|[from] Stealth Rock
|-damage|p1a: Tyranitar|35/100|[from] Spikes
|-weather|Sandstorm|[from] ability: Sand Stream|[of] p1a: Tyranitar
|turn|16
|
|t:|1779569621
|move|p2a: Hawlucha|Acrobatics|p1a: Tyranitar
|-resisted|p1a: Tyranitar
|-damage|p1a: Tyranitar|0 fnt
|faint|p1a: Tyranitar
|
|-weather|Sandstorm|[upkeep]
|-damage|p2a: Hawlucha|94/100|[from] Sandstorm
|-fieldend|move: Grassy Terrain
|upkeep
|
|t:|1779569630
|switch|p1a: Excadrill|Excadrill, F|100/100
|-damage|p1a: Excadrill|97/100|[from] Stealth Rock
|-item|p1a: Excadrill|Air Balloon
|turn|17
|
|t:|1779569639
|-terastallize|p1a: Excadrill|Ghost
|move|p2a: Hawlucha|Low Kick|p1a: Excadrill
|-immune|p1a: Excadrill
|move|p1a: Excadrill|Rapid Spin|p2a: Hawlucha
|-damage|p2a: Hawlucha|78/100
|-boost|p1a: Excadrill|spe|1
|-sideend|p1: LetsgoBrandonJ|Spikes|[from] move: Rapid Spin|[of] p1a: Excadrill
|-sideend|p1: LetsgoBrandonJ|Stealth Rock|[from] move: Rapid Spin|[of] p1a: Excadrill
|
|-weather|Sandstorm|[upkeep]
|-damage|p2a: Hawlucha|72/100|[from] Sandstorm
|upkeep
|turn|18
|
|t:|1779569653
|move|p1a: Excadrill|Iron Head|p2a: Hawlucha
|-damage|p2a: Hawlucha|32/100
|cant|p2a: Hawlucha|flinch
|
|-weather|Sandstorm|[upkeep]
|-damage|p2a: Hawlucha|26/100|[from] Sandstorm
|upkeep
|turn|19
|
|t:|1779569662
|-terastallize|p2a: Hawlucha|Steel
|move|p1a: Excadrill|Iron Head|p2a: Hawlucha
|-resisted|p2a: Hawlucha
|-damage|p2a: Hawlucha|5/100
|move|p2a: Hawlucha|Acrobatics|p1a: Excadrill
|-damage|p1a: Excadrill|0 fnt
|-enditem|p1a: Excadrill|Air Balloon
|faint|p1a: Excadrill
|
|-weather|Sandstorm|[upkeep]
|upkeep
|
|t:|1779569674
|switch|p1a: Keldeo|Keldeo-Resolute|100/100
|turn|20
|
|t:|1779569678
|move|p1a: Keldeo|Vacuum Wave|p2a: Hawlucha
|-supereffective|p2a: Hawlucha
|-damage|p2a: Hawlucha|0 fnt
|faint|p2a: Hawlucha
|
|-weather|none
|upkeep
|
|t:|1779569684
|switch|p2a: Gholdengo|Gholdengo|76/100
|turn|21
|
|t:|1779569687
|switch|p1a: Heatran|Heatran, F|87/100
|move|p2a: Gholdengo|Trick|p1a: Heatran
|-activate|p2a: Gholdengo|move: Trick|[of] p1a: Heatran
|-item|p1a: Heatran|Choice Scarf|[from] move: Trick
|-item|p2a: Gholdengo|Leftovers|[from] move: Trick
|
|-heal|p2a: Gholdengo|82/100|[from] item: Leftovers
|upkeep
|turn|22
|
|t:|1779569696
|move|p1a: Heatran|Magma Storm|p2a: Gholdengo|[miss]
|-miss|p1a: Heatran|p2a: Gholdengo
|move|p2a: Gholdengo|Shadow Ball|p1a: Heatran
|-damage|p1a: Heatran|62/100
|
|-heal|p2a: Gholdengo|88/100|[from] item: Leftovers
|upkeep
|turn|23
|
|t:|1779569705
|switch|p2a: Landorus|Landorus-Therian, M|21/100
|-ability|p2a: Landorus|Intimidate|boost
|-unboost|p1a: Heatran|atk|1
|move|p1a: Heatran|Magma Storm|p2a: Landorus
|-damage|p2a: Landorus|0 fnt
|faint|p2a: Landorus
|
|upkeep
|-message|AmonacookieCutter forfeited.
|
|win|LetsgoBrandonJ
|raw|LetsgoBrandonJ's rating: 1712 &rarr; <strong>1729</strong><br />(+17 for winning)
|raw|AmonacookieCutter's rating: 1658 &rarr; <strong>1641</strong><br />(-17 for losing)
|l|☆AmonacookieCutter
|player|p2|
|l|☆LetsgoBrandonJ
|player|p1|
