|j|☆the hatefull 6
|j|☆Morceguinhoir
|t:|1779627755
|gametype|singles
|player|p1|the hatefull 6|gentleman|1129
|player|p2|Morceguinhoir|n|1120
|gen|9
|tier|[Gen 9] OU
|rated|
|rule|HP Percentage Mod: HP is shown in percentages
|rule|Endless Battle Clause: Forcing endless battles is banned
|rule|Species Clause: Limit one of each Pokémon
|rule|OHKO Clause: OHKO moves are banned
|rule|Evasion Items Clause: Evasion items are banned
|rule|Evasion Moves Clause: Evasion moves are banned
|rule|Evasion Abilities Clause: Evasion abilities are banned
|rule|Sleep Moves Clause: Sleep-inducing moves are banned
|clearpoke
|poke|p1|Salazzle, F|
|poke|p1|Lokix, F|
|poke|p1|Mimikyu, M|
|poke|p1|Toxtricity, M|
|poke|p1|Inteleon, F|
|poke|p1|Vileplume, F|
|poke|p2|Sableye, M|
|poke|p2|Gardevoir, F|
|poke|p2|Indeedee-F, F|
|poke|p2|Venusaur, F|
|poke|p2|Torkoal, M|
|poke|p2|Ceruledge, M|
|teampreview
|
|t:|1779627759
|teamsize|p1|6
|teamsize|p2|6
|start
|switch|p1a: Inteleon|Inteleon, F|100/100
|switch|p2a: Sableye|Sableye, M|100/100
|turn|1
|
|t:|1779627771
|move|p2a: Sableye|Light Screen|p2a: Sableye
|-sidestart|p2: Morceguinhoir|move: Light Screen
|move|p1a: Inteleon|Flip Turn|p2a: Sableye
|-damage|p2a: Sableye|85/100
|
|t:|1779627784
|switch|p1a: Toxtricity|Toxtricity, M|100/100|[from] Flip Turn
|
|upkeep
|turn|2
|
|t:|1779627793
|move|p2a: Sableye|Will-O-Wisp|p1a: Toxtricity
|-status|p1a: Toxtricity|brn
|move|p1a: Toxtricity|Volt Switch|p2a: Sableye
|-damage|p2a: Sableye|41/100
|
|t:|1779627802
|switch|p1a: Mimikyu|Mimikyu, M|100/100|[from] Volt Switch
|
|upkeep
|turn|3
|
|t:|1779627811
|switch|p2a: Indeedee|Indeedee-F, F|100/100
|-fieldstart|move: Psychic Terrain|[from] ability: Psychic Surge|[of] p2a: Indeedee
|move|p1a: Mimikyu|Swords Dance|p1a: Mimikyu
|-boost|p1a: Mimikyu|atk|2
|
|upkeep
|turn|4
|
|t:|1779627819
|move|p1a: Mimikyu|Swords Dance|p1a: Mimikyu
|-boost|p1a: Mimikyu|atk|2
|move|p2a: Indeedee|Psychic|p1a: Mimikyu
|-activate|p1a: Mimikyu|ability: Disguise
|-damage|p1a: Mimikyu|100/100
|detailschange|p1a: Mimikyu|Mimikyu-Busted, M
|-damage|p1a: Mimikyu|88/100|[from] pokemon: Mimikyu-Busted
|
|upkeep
|turn|5
|
|t:|1779627829
|move|p1a: Mimikyu|Play Rough|p2a: Indeedee
|-damage|p2a: Indeedee|0 fnt
|faint|p2a: Indeedee
|-damage|p1a: Mimikyu|78/100|[from] item: Life Orb
|
|upkeep
|
|t:|1779627838
|switch|p2a: Sableye|Sableye, M|41/100
|turn|6
|
|t:|1779627842
|move|p2a: Sableye|Reflect|p2a: Sableye
|-sidestart|p2: Morceguinhoir|Reflect
|move|p1a: Mimikyu|Play Rough|p2a: Sableye
|-supereffective|p2a: Sableye
|-damage|p2a: Sableye|0 fnt
|faint|p2a: Sableye
|-damage|p1a: Mimikyu|68/100|[from] item: Life Orb
|
|upkeep
|
|t:|1779627853
|switch|p2a: Gardevoir|Gardevoir, F|100/100
|turn|7
|
|t:|1779627863
|move|p2a: Gardevoir|Expanding Force|p1a: Mimikyu
|-damage|p1a: Mimikyu|0 fnt
|faint|p1a: Mimikyu
|
|-fieldend|move: Psychic Terrain
|upkeep
|
|t:|1779627879
|switch|p1a: Vileplume|Vileplume, F|100/100
|-ability|p2a: Gardevoir|Effect Spore|Trace|[from] ability: Trace|[of] p1a: Vileplume
|turn|8
|
|t:|1779627886
|move|p2a: Gardevoir|Expanding Force|p1a: Vileplume
|-supereffective|p1a: Vileplume
|-damage|p1a: Vileplume|41/100
|move|p1a: Vileplume|Toxic|p2a: Gardevoir
|-status|p2a: Gardevoir|tox
|
|-heal|p1a: Vileplume|47/100|[from] item: Leftovers
|-damage|p2a: Gardevoir|94/100 tox|[from] psn
|-sideend|p2: Morceguinhoir|move: Light Screen
|upkeep
|turn|9
|
|t:|1779627896
|switch|p1a: Lokix|Lokix, F|100/100
|move|p2a: Gardevoir|Expanding Force|p1a: Lokix
|-immune|p1a: Lokix
|
|-damage|p2a: Gardevoir|82/100 tox|[from] psn
|upkeep
|turn|10
|
|t:|1779627911
|switch|p2a: Ceruledge|Ceruledge, M|100/100
|-terastallize|p1a: Lokix|Dark
|move|p1a: Lokix|Knock Off|p2a: Ceruledge
|-supereffective|p2a: Ceruledge
|-damage|p2a: Ceruledge|0 fnt
|-enditem|p2a: Ceruledge|Life Orb|[from] move: Knock Off|[of] p1a: Lokix
|faint|p2a: Ceruledge
|-damage|p1a: Lokix|91/100|[from] item: Life Orb
|
|upkeep
|-message|Morceguinhoir forfeited.
|
|win|the hatefull 6
|raw|the hatefull 6's rating: 1129 &rarr; <strong>1153</strong><br />(+24 for winning)
|raw|Morceguinhoir's rating: 1120 &rarr; <strong>1096</strong><br />(-24 for losing)
|l|☆Morceguinhoir
|player|p2|
|l|☆the hatefull 6
|player|p1|
