|j|☆Jaum04
|j|☆jessies boyfriend
|t:|1779576268
|gametype|singles
|player|p1|Jaum04|marshal|1324
|player|p2|jessies boyfriend|brock|1331
|gen|9
|tier|[Gen 9] OU
|rated|
|rule|HP Percentage Mod: HP is shown in percentages
|rule|Endless Battle Clause: Forcing endless battles is banned
|rule|Species Clause: Limit one of each Pokémon
|rule|OHKO Clause: OHKO moves are banned
|rule|Evasion Items Clause: Evasion items are banned
|rule|Evasion Moves Clause: Evasion moves are banned
|rule|Evasion Abilities Clause: Evasion abilities are banned
|rule|Sleep Moves Clause: Sleep-inducing moves are banned
|clearpoke
|poke|p1|Weezing-Galar, M|
|poke|p1|Ogerpon, F|
|poke|p1|Skarmory, M|
|poke|p1|Alomomola, M|
|poke|p1|Clodsire, F|
|poke|p1|Hydreigon, M|
|poke|p2|Houndstone, M|
|poke|p2|Gholdengo|
|poke|p2|Incineroar, F|
|poke|p2|Glimmora, F|
|poke|p2|Forretress, M|
|poke|p2|Scrafty, F|
|teampreview
|inactive|Battle timer is ON: inactive players will automatically lose when time's up. (requested by jessies boyfriend)
|
|t:|1779576279
|teamsize|p1|6
|teamsize|p2|6
|start
|switch|p1a: Endless Nameless|Clodsire, F|100/100
|switch|p2a: Forretress|Forretress, M|100/100
|turn|1
|
|t:|1779576306
|switch|p1a: Hybrid|Hydreigon, M|100/100
|move|p2a: Forretress|Stealth Rock|p1a: Hybrid
|-sidestart|p1: Jaum04|move: Stealth Rock
|
|upkeep
|turn|2
|
|t:|1779576315
|move|p1a: Hybrid|Fire Blast|p2a: Forretress
|-supereffective|p2a: Forretress
|-ability|p2a: Forretress|Sturdy
|-damage|p2a: Forretress|1/100
|move|p2a: Forretress|Pain Split|p1a: Hybrid
|-sethp|p1a: Hybrid|51/100|[from] move: Pain Split|[silent]
|-sethp|p2a: Forretress|47/100|[from] move: Pain Split
|
|upkeep
|turn|3
|
|t:|1779576326
|switch|p2a: Incineroar|Incineroar, F|100/100
|-ability|p2a: Incineroar|Intimidate|boost
|-unboost|p1a: Hybrid|atk|1
|move|p1a: Hybrid|Fire Blast|p2a: Incineroar
|-resisted|p2a: Incineroar
|-damage|p2a: Incineroar|82/100
|
|upkeep
|turn|4
|
|t:|1779576340
|switch|p1a: Sentinel|Weezing-Galar, M|100/100
|-ability|p1a: Sentinel|Neutralizing Gas
|move|p2a: Incineroar|Knock Off|p1a: Sentinel
|-resisted|p1a: Sentinel
|-damage|p1a: Sentinel|83/100
|-enditem|p1a: Sentinel|Heavy-Duty Boots|[from] move: Knock Off|[of] p2a: Incineroar
|
|upkeep
|turn|5
|
|t:|1779576350
|move|p2a: Incineroar|U-turn|p1a: Sentinel
|-resisted|p1a: Sentinel
|-damage|p1a: Sentinel|80/100
|
|t:|1779576361
|switch|p2a: Glimmora|Glimmora, F|100/100|[from] U-turn
|-item|p2a: Glimmora|Air Balloon
|move|p1a: Sentinel|Defog|p2a: Glimmora
|-unboost|p2a: Glimmora|evasion|1
|-sideend|p1: Jaum04|Stealth Rock|[from] move: Defog|[of] p1a: Sentinel
|
|upkeep
|turn|6
|
|t:|1779576377
|-end|p1a: Sentinel|ability: Neutralizing Gas
|switch|p1a: Pisces|Alomomola, M, shiny|100/100
|move|p2a: Glimmora|Power Gem|p1a: Pisces
|-damage|p1a: Pisces|82/100
|
|upkeep
|turn|7
|
|t:|1779576385
|move|p2a: Glimmora|Mortal Spin|p1a: Pisces
|-damage|p1a: Pisces|78/100
|-status|p1a: Pisces|psn
|move|p1a: Pisces|Flip Turn|p2a: Glimmora
|-supereffective|p2a: Glimmora
|-damage|p2a: Glimmora|66/100
|-activate|p2a: Glimmora|ability: Toxic Debris
|-sidestart|p1: Jaum04|move: Toxic Spikes
|-enditem|p2a: Glimmora|Air Balloon
|
|t:|1779576395
|switch|p1a: Endless Nameless|Clodsire, F|100/100|[from] Flip Turn
|-sideend|p1: Jaum04|move: Toxic Spikes|[of] p1a: Endless Nameless
|
|upkeep
|turn|8
|
|t:|1779576408
|switch|p2a: Forretress|Forretress, M|47/100
|move|p1a: Endless Nameless|Stealth Rock|p2a: Forretress
|-sidestart|p2: jessies boyfriend|move: Stealth Rock
|
|upkeep
|turn|9
|
|t:|1779576414
|move|p2a: Forretress|Pain Split|p1a: Endless Nameless
|-sethp|p1a: Endless Nameless|68/100|[from] move: Pain Split|[silent]
|-sethp|p2a: Forretress|89/100|[from] move: Pain Split
|move|p1a: Endless Nameless|Earthquake|p2a: Forretress
|-damage|p2a: Forretress|74/100
|
|upkeep
|turn|10
|
|t:|1779576426
|switch|p1a: Hybrid|Hydreigon, M|51/100
|move|p2a: Forretress|Rapid Spin|p1a: Hybrid
|-damage|p1a: Hybrid|39/100
|-boost|p2a: Forretress|spe|1
|-sideend|p2: jessies boyfriend|Stealth Rock|[from] move: Rapid Spin|[of] p2a: Forretress
|
|upkeep
|turn|11
|
|t:|1779576435
|switch|p2a: Incineroar|Incineroar, F|82/100
|-ability|p2a: Incineroar|Intimidate|boost
|-unboost|p1a: Hybrid|atk|1
|move|p1a: Hybrid|Draco Meteor|p2a: Incineroar
|-damage|p2a: Incineroar|12/100
|-unboost|p1a: Hybrid|spa|2
|
|upkeep
|turn|12
|
|t:|1779576451
|switch|p2a: Scrafty|Scrafty, F, shiny|100/100
|-ability|p2a: Scrafty|Intimidate|boost
|-unboost|p1a: Hybrid|atk|1
|move|p1a: Hybrid|Draco Meteor|p2a: Scrafty
|-damage|p2a: Scrafty|70/100
|-unboost|p1a: Hybrid|spa|2
|
|upkeep
|turn|13
|
|t:|1779576471
|switch|p1a: Raptor|Skarmory, M|100/100
|switch|p2a: Gholdengo|Gholdengo|100/100
|
|upkeep
|turn|14
|
|t:|1779576478
|switch|p1a: Pisces|Alomomola, M, shiny|100/100 psn
|move|p2a: Gholdengo|Nasty Plot|p2a: Gholdengo
|-boost|p2a: Gholdengo|spa|2
|
|-damage|p1a: Pisces|88/100 psn|[from] psn
|upkeep
|turn|15
|
|t:|1779576487
|-terastallize|p2a: Gholdengo|Ghost
|move|p2a: Gholdengo|Hex|p1a: Pisces
|-damage|p1a: Pisces|11/100 psn
|move|p1a: Pisces|Mirror Coat|p2a: Gholdengo
|-damage|p2a: Gholdengo|0 fnt
|faint|p2a: Gholdengo
|
|-damage|p1a: Pisces|0 fnt|[from] psn
|faint|p1a: Pisces
|upkeep
|
|t:|1779576516
|switch|p2a: Houndstone|Houndstone, M|100/100
|switch|p1a: Anonymous|Ogerpon, F|100/100
|turn|16
|
|t:|1779576530
|switch|p2a: Incineroar|Incineroar, F|12/100
|-ability|p2a: Incineroar|Intimidate|boost
|-unboost|p1a: Anonymous|atk|1
|-ability|p1a: Anonymous|Defiant|boost
|-boost|p1a: Anonymous|atk|2
|move|p1a: Anonymous|U-turn|p2a: Incineroar
|-damage|p2a: Incineroar|0 fnt
|faint|p2a: Incineroar
|inactive|Jaum04 has 120 seconds left.
|
|t:|1779576545
|switch|p1a: Raptor|Skarmory, M|100/100|[from] U-turn
|
|upkeep
|
|t:|1779576550
|switch|p2a: Forretress|Forretress, M|74/100
|turn|17
|
|t:|1779576554
|move|p1a: Raptor|Spikes|p2a: Forretress
|-sidestart|p2: jessies boyfriend|Spikes
|move|p2a: Forretress|Stealth Rock|p1a: Raptor
|-sidestart|p1: Jaum04|move: Stealth Rock
|
|upkeep
|turn|18
|
|t:|1779576563
|move|p1a: Raptor|Body Press|p2a: Forretress
|-damage|p2a: Forretress|55/100
|move|p2a: Forretress|Rapid Spin|p1a: Raptor
|-resisted|p1a: Raptor
|-damage|p1a: Raptor|98/100
|-boost|p2a: Forretress|spe|1
|-damage|p2a: Forretress|39/100|[from] item: Rocky Helmet|[of] p1a: Raptor
|-sideend|p2: jessies boyfriend|Spikes|[from] move: Rapid Spin|[of] p2a: Forretress
|
|upkeep
|turn|19
|
|t:|1779576579
|move|p1a: Raptor|Roost|p1a: Raptor
|-heal|p1a: Raptor|100/100
|-singleturn|p1a: Raptor|move: Roost
|move|p2a: Forretress|Pain Split|p1a: Raptor
|-sethp|p1a: Raptor|72/100|[from] move: Pain Split|[silent]
|-sethp|p2a: Forretress|63/100|[from] move: Pain Split
|
|upkeep
|turn|20
|
|t:|1779576588
|move|p1a: Raptor|Spikes|p2a: Forretress
|-sidestart|p2: jessies boyfriend|Spikes
|move|p2a: Forretress|Spikes|p1a: Raptor
|-sidestart|p1: Jaum04|Spikes
|
|upkeep
|turn|21
|
|t:|1779576594
|move|p1a: Raptor|Spikes|p2a: Forretress
|-sidestart|p2: jessies boyfriend|Spikes
|move|p2a: Forretress|Spikes|p1a: Raptor
|-sidestart|p1: Jaum04|Spikes
|
|upkeep
|turn|22
|
|t:|1779576601
|move|p1a: Raptor|Spikes|p2a: Forretress
|-sidestart|p2: jessies boyfriend|Spikes
|move|p2a: Forretress|Rapid Spin|p1a: Raptor
|-resisted|p1a: Raptor
|-damage|p1a: Raptor|69/100
|-boost|p2a: Forretress|spe|1
|-damage|p2a: Forretress|47/100|[from] item: Rocky Helmet|[of] p1a: Raptor
|-sideend|p2: jessies boyfriend|Spikes|[from] move: Rapid Spin|[of] p2a: Forretress
|
|upkeep
|turn|23
|
|t:|1779576610
|switch|p2a: Glimmora|Glimmora, F|66/100
|switch|p1a: Sentinel|Weezing-Galar, M|80/100
|-ability|p1a: Sentinel|Neutralizing Gas
|-damage|p1a: Sentinel|67/100|[from] Stealth Rock
|-damage|p1a: Sentinel|51/100|[from] Spikes
|
|upkeep
|turn|24
|
|t:|1779576622
|-end|p1a: Sentinel|ability: Neutralizing Gas
|switch|p1a: Endless Nameless|Clodsire, F|68/100
|move|p2a: Glimmora|Power Gem|p1a: Endless Nameless
|-resisted|p1a: Endless Nameless
|-damage|p1a: Endless Nameless|58/100
|
|upkeep
|turn|25
|
|t:|1779576637
|switch|p2a: Houndstone|Houndstone, M|100/100
|move|p1a: Endless Nameless|Earthquake|p2a: Houndstone
|-damage|p2a: Houndstone|73/100
|
|-heal|p2a: Houndstone|79/100|[from] item: Leftovers
|upkeep
|turn|26
|
|t:|1779576646
|move|p1a: Endless Nameless|Toxic|p2a: Houndstone
|-status|p2a: Houndstone|tox
|move|p2a: Houndstone|Roar|p1a: Endless Nameless
|drag|p1a: Hybrid|Hydreigon, M|39/100
|-damage|p1a: Hybrid|26/100|[from] Stealth Rock
|
|-heal|p2a: Houndstone|85/100 tox|[from] item: Leftovers
|-damage|p2a: Houndstone|79/100 tox|[from] psn
|upkeep
|turn|27
|
|t:|1779576656
|move|p1a: Hybrid|Fire Blast|p2a: Houndstone|[miss]
|-miss|p1a: Hybrid|p2a: Houndstone
|move|p2a: Houndstone|Roar|p1a: Hybrid
|drag|p1a: Raptor|Skarmory, M|69/100
|-damage|p1a: Raptor|56/100|[from] Stealth Rock
|
|-heal|p2a: Houndstone|85/100 tox|[from] item: Leftovers
|-damage|p2a: Houndstone|73/100 tox|[from] psn
|upkeep
|turn|28
|
|t:|1779576678
|move|p1a: Raptor|Roost|p1a: Raptor
|-heal|p1a: Raptor|100/100
|-singleturn|p1a: Raptor|move: Roost
|move|p2a: Houndstone|Roar|p1a: Raptor
|drag|p1a: Hybrid|Hydreigon, M|26/100
|-damage|p1a: Hybrid|14/100|[from] Stealth Rock
|
|-heal|p2a: Houndstone|79/100 tox|[from] item: Leftovers
|-damage|p2a: Houndstone|60/100 tox|[from] psn
|upkeep
|turn|29
|
|t:|1779576692
|move|p2a: Houndstone|Protect|p2a: Houndstone
|-singleturn|p2a: Houndstone|Protect
|move|p1a: Hybrid|Fire Blast|p2a: Houndstone
|-activate|p2a: Houndstone|move: Protect
|
|-heal|p2a: Houndstone|66/100 tox|[from] item: Leftovers
|-damage|p2a: Houndstone|42/100 tox|[from] psn
|upkeep
|turn|30
|
|t:|1779576708
|switch|p1a: Endless Nameless|Clodsire, F|58/100
|move|p2a: Houndstone|Roar|p1a: Endless Nameless
|drag|p1a: Anonymous|Ogerpon, F|100/100
|-damage|p1a: Anonymous|88/100|[from] Stealth Rock
|-damage|p1a: Anonymous|72/100|[from] Spikes
|
|-heal|p2a: Houndstone|48/100 tox|[from] item: Leftovers
|-damage|p2a: Houndstone|18/100 tox|[from] psn
|upkeep
|turn|31
|
|t:|1779576721
|move|p1a: Anonymous|U-turn|p2a: Houndstone
|-resisted|p2a: Houndstone
|-damage|p2a: Houndstone|10/100 tox
|
|t:|1779576727
|switch|p1a: Raptor|Skarmory, M|100/100|[from] U-turn
|-damage|p1a: Raptor|88/100|[from] Stealth Rock
|move|p2a: Houndstone|Pain Split|p1a: Raptor
|-sethp|p1a: Raptor|49/100|[from] move: Pain Split|[silent]
|-sethp|p2a: Houndstone|44/100 tox|[from] move: Pain Split
|
|-heal|p2a: Houndstone|50/100 tox|[from] item: Leftovers
|-damage|p2a: Houndstone|14/100 tox|[from] psn
|upkeep
|turn|32
|
|t:|1779576740
|move|p1a: Raptor|Roost|p1a: Raptor
|-heal|p1a: Raptor|99/100
|-singleturn|p1a: Raptor|move: Roost
|move|p2a: Houndstone|Pain Split|p1a: Raptor
|-sethp|p1a: Raptor|57/100|[from] move: Pain Split|[silent]
|-sethp|p2a: Houndstone|51/100 tox|[from] move: Pain Split
|
|-heal|p2a: Houndstone|57/100 tox|[from] item: Leftovers
|-damage|p2a: Houndstone|15/100 tox|[from] psn
|upkeep
|turn|33
|
|t:|1779576751
|move|p1a: Raptor|Roost|p1a: Raptor
|-heal|p1a: Raptor|100/100
|-singleturn|p1a: Raptor|move: Roost
|move|p2a: Houndstone|Pain Split|p1a: Raptor
|-sethp|p1a: Raptor|58/100|[from] move: Pain Split|[silent]
|-sethp|p2a: Houndstone|52/100 tox|[from] move: Pain Split
|
|-heal|p2a: Houndstone|58/100 tox|[from] item: Leftovers
|-damage|p2a: Houndstone|10/100 tox|[from] psn
|upkeep
|turn|34
|
|t:|1779576765
|move|p1a: Raptor|Roost|p1a: Raptor
|-heal|p1a: Raptor|100/100
|-singleturn|p1a: Raptor|move: Roost
|move|p2a: Houndstone|Pain Split|p1a: Raptor
|-sethp|p1a: Raptor|56/100|[from] move: Pain Split|[silent]
|-sethp|p2a: Houndstone|49/100 tox|[from] move: Pain Split
|
|-heal|p2a: Houndstone|56/100 tox|[from] item: Leftovers
|-damage|p2a: Houndstone|1/100 tox|[from] psn
|upkeep
|turn|35
|
|t:|1779576784
|switch|p2a: Glimmora|Glimmora, F|66/100
|move|p1a: Raptor|Roost|p1a: Raptor
|-heal|p1a: Raptor|100/100
|-singleturn|p1a: Raptor|move: Roost
|
|upkeep
|turn|36
|
|t:|1779576792
|move|p2a: Glimmora|Power Gem|p1a: Raptor
|-damage|p1a: Raptor|53/100
|move|p1a: Raptor|Body Press|p2a: Glimmora
|-damage|p2a: Glimmora|35/100
|-activate|p2a: Glimmora|ability: Toxic Debris
|-sidestart|p1: Jaum04|move: Toxic Spikes
|
|upkeep
|turn|37
|
|t:|1779576810
|move|p2a: Glimmora|Power Gem|p1a: Raptor
|-damage|p1a: Raptor|2/100
|move|p1a: Raptor|Body Press|p2a: Glimmora
|-damage|p2a: Glimmora|5/100
|-activate|p2a: Glimmora|ability: Toxic Debris
|-sidestart|p1: Jaum04|move: Toxic Spikes
|
|upkeep
|turn|38
|
|t:|1779576820
|move|p2a: Glimmora|Power Gem|p1a: Raptor
|-crit|p1a: Raptor
|-damage|p1a: Raptor|0 fnt
|faint|p1a: Raptor
|
|upkeep
|inactive|Jaum04 has 120 seconds left.
|
|t:|1779576836
|switch|p1a: Endless Nameless|Clodsire, F|58/100
|-sideend|p1: Jaum04|move: Toxic Spikes|[of] p1a: Endless Nameless
|turn|39
|inactive|Jaum04 has 120 seconds left.
|
|t:|1779576847
|switch|p2a: Forretress|Forretress, M|47/100
|move|p1a: Endless Nameless|Earthquake|p2a: Forretress
|-damage|p2a: Forretress|31/100
|
|upkeep
|turn|40
|
|t:|1779576858
|move|p2a: Forretress|Pain Split|p1a: Endless Nameless
|-sethp|p1a: Endless Nameless|41/100|[from] move: Pain Split|[silent]
|-sethp|p2a: Forretress|53/100|[from] move: Pain Split
|move|p1a: Endless Nameless|Recover|p1a: Endless Nameless
|-heal|p1a: Endless Nameless|91/100
|
|upkeep
|turn|41
|
|t:|1779576866
|switch|p1a: Hybrid|Hydreigon, M|14/100
|-damage|p1a: Hybrid|2/100|[from] Stealth Rock
|move|p2a: Forretress|Rapid Spin|p1a: Hybrid
|-damage|p1a: Hybrid|0 fnt
|-boost|p2a: Forretress|spe|1
|faint|p1a: Hybrid
|
|upkeep
|
|t:|1779576876
|switch|p1a: Sentinel|Weezing-Galar, M|51/100
|-ability|p1a: Sentinel|Neutralizing Gas
|-damage|p1a: Sentinel|39/100|[from] Stealth Rock
|-damage|p1a: Sentinel|22/100|[from] Spikes
|turn|42
|
|t:|1779576886
|switch|p2a: Houndstone|Houndstone, M|1/100 tox
|move|p1a: Sentinel|Defog|p2a: Houndstone
|-unboost|p2a: Houndstone|evasion|1
|-sideend|p1: Jaum04|Spikes|[from] move: Defog|[of] p1a: Sentinel
|-sideend|p1: Jaum04|Stealth Rock|[from] move: Defog|[of] p1a: Sentinel
|
|-heal|p2a: Houndstone|7/100 tox|[from] item: Leftovers
|-damage|p2a: Houndstone|1/100 tox|[from] psn
|upkeep
|turn|43
|
|t:|1779576903
|move|p1a: Sentinel|Pain Split|p2a: Houndstone
|-sethp|p2a: Houndstone|11/100 tox|[from] move: Pain Split|[silent]
|-sethp|p1a: Sentinel|12/100|[from] move: Pain Split
|move|p2a: Houndstone|Roar|p1a: Sentinel
|-end|p1a: Sentinel|ability: Neutralizing Gas
|drag|p1a: Endless Nameless|Clodsire, F|91/100
|
|-heal|p2a: Houndstone|17/100 tox|[from] item: Leftovers
|-damage|p2a: Houndstone|5/100 tox|[from] psn
|upkeep
|turn|44
|inactive|Jaum04 has 120 seconds left.
|
|t:|1779576919
|move|p2a: Houndstone|Pain Split|p1a: Endless Nameless
|-sethp|p1a: Endless Nameless|47/100|[from] move: Pain Split|[silent]
|-sethp|p2a: Houndstone|63/100 tox|[from] move: Pain Split
|move|p1a: Endless Nameless|Stealth Rock|p2a: Houndstone
|-sidestart|p2: jessies boyfriend|move: Stealth Rock
|
|-heal|p2a: Houndstone|69/100 tox|[from] item: Leftovers
|-damage|p2a: Houndstone|51/100 tox|[from] psn
|upkeep
|turn|45
|inactive|Jaum04 has 120 seconds left.
|
|t:|1779576930
|switch|p2a: Scrafty|Scrafty, F, shiny|70/100
|-damage|p2a: Scrafty|64/100|[from] Stealth Rock
|-ability|p2a: Scrafty|Intimidate|boost
|-unboost|p1a: Endless Nameless|atk|1
|move|p1a: Endless Nameless|Recover|p1a: Endless Nameless
|-heal|p1a: Endless Nameless|97/100
|
|upkeep
|turn|46
|
|t:|1779576939
|move|p2a: Scrafty|Knock Off|p1a: Endless Nameless
|-damage|p1a: Endless Nameless|59/100
|-enditem|p1a: Endless Nameless|Heavy-Duty Boots|[from] move: Knock Off|[of] p2a: Scrafty
|move|p1a: Endless Nameless|Toxic|p2a: Scrafty
|-status|p2a: Scrafty|tox
|
|-damage|p2a: Scrafty|58/100 tox|[from] psn
|upkeep
|turn|47
|inactive|Jaum04 has 120 seconds left.
|
|t:|1779576956
|switch|p2a: Forretress|Forretress, M|53/100
|move|p1a: Endless Nameless|Recover|p1a: Endless Nameless
|-heal|p1a: Endless Nameless|100/100
|
|upkeep
|turn|48
|
|t:|1779576962
|switch|p1a: Anonymous|Ogerpon, F|72/100
|move|p2a: Forretress|Rapid Spin|p1a: Anonymous
|-damage|p1a: Anonymous|58/100
|-boost|p2a: Forretress|spe|1
|-sideend|p2: jessies boyfriend|Stealth Rock|[from] move: Rapid Spin|[of] p2a: Forretress
|
|upkeep
|turn|49
|
|t:|1779576975
|move|p1a: Anonymous|Knock Off|p2a: Forretress
|-damage|p2a: Forretress|25/100
|-enditem|p2a: Forretress|Heavy-Duty Boots|[from] move: Knock Off|[of] p1a: Anonymous
|move|p2a: Forretress|Rapid Spin|p1a: Anonymous
|-damage|p1a: Anonymous|44/100
|-boost|p2a: Forretress|spe|1
|
|upkeep
|turn|50
|
|t:|1779576985
|switch|p1a: Endless Nameless|Clodsire, F|100/100
|move|p2a: Forretress|Pain Split|p1a: Endless Nameless
|-sethp|p1a: Endless Nameless|60/100|[from] move: Pain Split|[silent]
|-sethp|p2a: Forretress|78/100|[from] move: Pain Split
|
|upkeep
|turn|51
|
|t:|1779576995
|switch|p1a: Anonymous|Ogerpon, F|44/100
|move|p2a: Forretress|Stealth Rock|p1a: Anonymous
|-sidestart|p1: Jaum04|move: Stealth Rock
|
|upkeep
|turn|52
|
|t:|1779577002
|move|p1a: Anonymous|Rock Tomb|p2a: Forretress
|-damage|p2a: Forretress|62/100
|-unboost|p2a: Forretress|spe|1
|move|p2a: Forretress|Rapid Spin|p1a: Anonymous
|-damage|p1a: Anonymous|30/100
|-boost|p2a: Forretress|spe|1
|
|upkeep
|turn|53
|-message|Jaum04 forfeited.
|
|win|jessies boyfriend
|raw|Jaum04's rating: 1324 &rarr; <strong>1304</strong><br />(-20 for losing)
|raw|jessies boyfriend's rating: 1331 &rarr; <strong>1351</strong><br />(+20 for winning)
|l|☆Jaum04
|player|p1|
|l|☆jessies boyfriend
|player|p2|
