|j|☆fregene97
|j|☆emellano
|t:|1779558649
|gametype|singles
|player|p1|fregene97|camper|1402
|player|p2|emellano|170|1401
|gen|9
|tier|[Gen 9] OU
|rated|
|rule|HP Percentage Mod: HP is shown in percentages
|rule|Endless Battle Clause: Forcing endless battles is banned
|rule|Species Clause: Limit one of each Pokémon
|rule|OHKO Clause: OHKO moves are banned
|rule|Evasion Items Clause: Evasion items are banned
|rule|Evasion Moves Clause: Evasion moves are banned
|rule|Evasion Abilities Clause: Evasion abilities are banned
|rule|Sleep Moves Clause: Sleep-inducing moves are banned
|clearpoke
|poke|p1|Politoed, F|
|poke|p1|Comfey, F|
|poke|p1|Gengar, F|
|poke|p1|Maushold-Four|
|poke|p1|Cloyster, F|
|poke|p1|Entei|
|poke|p2|Ninetales-Alola, F|
|poke|p2|Weavile, F|
|poke|p2|Haxorus, F|
|poke|p2|Inteleon, F|
|poke|p2|Iron Treads|
|poke|p2|Ceruledge, F|
|teampreview
|inactive|Battle timer is ON: inactive players will automatically lose when time's up. (requested by fregene97)
|
|t:|1779558668
|teamsize|p1|6
|teamsize|p2|6
|start
|switch|p1a: Gengar|Gengar, F|100/100
|switch|p2a: Ninetales|Ninetales-Alola, F|100/100
|-weather|Snowscape|[from] ability: Snow Warning|[of] p2a: Ninetales
|turn|1
|
|t:|1779558675
|switch|p2a: Iron Treads|Iron Treads|100/100
|-enditem|p2a: Iron Treads|Booster Energy
|-activate|p2a: Iron Treads|ability: Quark Drive|[fromitem]
|-start|p2a: Iron Treads|quarkdrivespe
|move|p1a: Gengar|Sludge Bomb|p2a: Iron Treads
|-immune|p2a: Iron Treads
|
|-weather|Snowscape|[upkeep]
|upkeep
|turn|2
|
|t:|1779558695
|-terastallize|p1a: Gengar|Ghost
|move|p2a: Iron Treads|Stealth Rock|p1a: Gengar
|-sidestart|p1: fregene97|move: Stealth Rock
|move|p1a: Gengar|Curse|p2a: Iron Treads
|-start|p2a: Iron Treads|Curse|[of] p1a: Gengar
|-damage|p1a: Gengar|51/100
|
|-weather|Snowscape|[upkeep]
|-damage|p2a: Iron Treads|76/100|[from] Curse
|upkeep
|turn|3
|
|t:|1779558707
|move|p2a: Iron Treads|Knock Off|p1a: Gengar
|-supereffective|p1a: Gengar
|-damage|p1a: Gengar|0 fnt
|-enditem|p1a: Gengar|Expert Belt|[from] move: Knock Off|[of] p2a: Iron Treads
|faint|p1a: Gengar
|
|-weather|Snowscape|[upkeep]
|-damage|p2a: Iron Treads|51/100|[from] Curse
|upkeep
|
|t:|1779558713
|switch|p1a: Cloyster|Cloyster, F|100/100
|-damage|p1a: Cloyster|76/100|[from] Stealth Rock
|turn|4
|
|t:|1779558717
|move|p2a: Iron Treads|Knock Off|p1a: Cloyster
|-damage|p1a: Cloyster|57/100
|-enditem|p1a: Cloyster|Loaded Dice|[from] move: Knock Off|[of] p2a: Iron Treads
|move|p1a: Cloyster|Shell Smash|p1a: Cloyster
|-unboost|p1a: Cloyster|def|1
|-unboost|p1a: Cloyster|spd|1
|-boost|p1a: Cloyster|atk|2
|-boost|p1a: Cloyster|spa|2
|-boost|p1a: Cloyster|spe|2
|
|-weather|Snowscape|[upkeep]
|-damage|p2a: Iron Treads|26/100|[from] Curse
|upkeep
|turn|5
|
|t:|1779558724
|move|p2a: Iron Treads|Earthquake|p1a: Cloyster
|-damage|p1a: Cloyster|20/100
|move|p1a: Cloyster|Icicle Spear|p2a: Iron Treads
|-damage|p2a: Iron Treads|3/100
|-damage|p2a: Iron Treads|0 fnt
|faint|p2a: Iron Treads
|-end|p2a: Iron Treads|Quark Drive|[silent]
|-hitcount|p2: Iron Treads|2
|
|-weather|none
|upkeep
|
|t:|1779558737
|switch|p2a: Ceruledge|Ceruledge, F|100/100
|-item|p2a: Ceruledge|Air Balloon
|turn|6
|
|t:|1779558740
|move|p2a: Ceruledge|Shadow Sneak|p1a: Cloyster
|-damage|p1a: Cloyster|0 fnt
|faint|p1a: Cloyster
|
|upkeep
|
|t:|1779558743
|switch|p1a: Politoed|Politoed, F, shiny|100/100
|-damage|p1a: Politoed|88/100|[from] Stealth Rock
|turn|7
|
|t:|1779558751
|switch|p2a: Inteleon|Inteleon, F|100/100
|move|p1a: Politoed|Surf|p2a: Inteleon
|-resisted|p2a: Inteleon
|-damage|p2a: Inteleon|81/100
|
|upkeep
|turn|8
|
|t:|1779558754
|move|p2a: Inteleon|Light Screen|p2a: Inteleon
|-sidestart|p2: emellano|move: Light Screen
|move|p1a: Politoed|Perish Song|p1a: Politoed
|-start|p1a: Politoed|perish3|[silent]
|-start|p2a: Inteleon|perish3|[silent]
|-fieldactivate|move: Perish Song
|
|-start|p2a: Inteleon|perish3
|-start|p1a: Politoed|perish3
|upkeep
|turn|9
|
|t:|1779558759
|move|p2a: Inteleon|Taunt|p1a: Politoed
|-start|p1a: Politoed|move: Taunt
|move|p1a: Politoed|Surf|p2a: Inteleon
|-resisted|p2a: Inteleon
|-damage|p2a: Inteleon|70/100
|
|-start|p2a: Inteleon|perish2
|-start|p1a: Politoed|perish2
|upkeep
|turn|10
|
|t:|1779558762
|move|p2a: Inteleon|Reflect|p2a: Inteleon
|-sidestart|p2: emellano|Reflect
|move|p1a: Politoed|Surf|p2a: Inteleon
|-resisted|p2a: Inteleon
|-damage|p2a: Inteleon|60/100
|
|-start|p2a: Inteleon|perish1
|-start|p1a: Politoed|perish1
|upkeep
|turn|11
|
|t:|1779558768
|switch|p2a: Haxorus|Haxorus, F|100/100
|-ability|p2a: Haxorus|Mold Breaker
|move|p1a: Politoed|Surf|p2a: Haxorus
|-resisted|p2a: Haxorus
|-damage|p2a: Haxorus|90/100
|
|-end|p1a: Politoed|move: Taunt
|-start|p1a: Politoed|perish0
|faint|p1a: Politoed
|upkeep
|
|t:|1779558774
|switch|p1a: Comfey|Comfey, F|100/100
|turn|12
|
|t:|1779558779
|-terastallize|p2a: Haxorus|Steel
|move|p1a: Comfey|Calm Mind|p1a: Comfey
|-boost|p1a: Comfey|spa|1
|-boost|p1a: Comfey|spd|1
|move|p2a: Haxorus|Dragon Dance|p2a: Haxorus
|-boost|p2a: Haxorus|atk|1
|-boost|p2a: Haxorus|spe|1
|
|upkeep
|turn|13
|
|t:|1779558786
|move|p2a: Haxorus|Iron Head|p1a: Comfey
|-supereffective|p1a: Comfey
|-damage|p1a: Comfey|0 fnt
|faint|p1a: Comfey
|
|upkeep
|
|t:|1779558788
|switch|p1a: Entei|Entei|100/100
|-damage|p1a: Entei|76/100|[from] Stealth Rock
|-item|p1a: Entei|Air Balloon
|turn|14
|
|t:|1779558791
|move|p2a: Haxorus|Earthquake|p1a: Entei
|-immune|p1a: Entei
|move|p1a: Entei|Sacred Fire|p2a: Haxorus
|-supereffective|p2a: Haxorus
|-damage|p2a: Haxorus|30/100
|-status|p2a: Haxorus|brn
|-enditem|p2a: Haxorus|Lum Berry|[eat]
|-curestatus|p2a: Haxorus|brn|[msg]
|
|upkeep
|turn|15
|
|t:|1779558797
|move|p2a: Haxorus|Outrage|p1a: Entei
|-damage|p1a: Entei|0 fnt
|-enditem|p1a: Entei|Air Balloon
|faint|p1a: Entei
|
|-sideend|p2: emellano|move: Light Screen
|upkeep
|
|t:|1779558800
|switch|p1a: Maushold|Maushold-Four|100/100
|-damage|p1a: Maushold|88/100|[from] Stealth Rock
|turn|16
|
|t:|1779558804
|move|p2a: Haxorus|Outrage|p1a: Maushold|[from] lockedmove
|-damage|p1a: Maushold|0 fnt
|faint|p1a: Maushold
|
|win|emellano
|raw|fregene97's rating: 1402 &rarr; <strong>1382</strong><br />(-20 for losing)
|raw|emellano's rating: 1401 &rarr; <strong>1421</strong><br />(+20 for winning)
|l|☆fregene97
|player|p1|
|l|☆emellano
|player|p2|
