|j|☆tympole mybeloved
|j|☆brutalshaman
|t:|1779688153
|gametype|singles
|player|p1|tympole mybeloved|pokemonranger-gen4|1367
|player|p2|brutalshaman|102|1368
|gen|9
|tier|[Gen 9] OU
|rated|
|rule|HP Percentage Mod: HP is shown in percentages
|rule|Endless Battle Clause: Forcing endless battles is banned
|rule|Species Clause: Limit one of each Pokémon
|rule|OHKO Clause: OHKO moves are banned
|rule|Evasion Items Clause: Evasion items are banned
|rule|Evasion Moves Clause: Evasion moves are banned
|rule|Evasion Abilities Clause: Evasion abilities are banned
|rule|Sleep Moves Clause: Sleep-inducing moves are banned
|clearpoke
|poke|p1|Great Tusk|
|poke|p1|Dragonite, F|
|poke|p1|Arcanine-Hisui, M|
|poke|p1|Corviknight, M|
|poke|p1|Alomomola, F|
|poke|p1|Primarina, F|
|poke|p2|Pelipper, F|
|poke|p2|Beartic, M|
|poke|p2|Barraskewda, F|
|poke|p2|Ogerpon-Wellspring, F|
|poke|p2|Zapdos|
|poke|p2|Hatterene, F|
|teampreview
|inactive|Battle timer is ON: inactive players will automatically lose when time's up. (requested by tympole mybeloved)
|
|t:|1779688176
|teamsize|p1|6
|teamsize|p2|6
|start
|switch|p1a: Arcanine|Arcanine-Hisui, M|100/100
|switch|p2a: Ogerpon|Ogerpon-Wellspring, F|100/100
|turn|1
|
|t:|1779688193
|switch|p2a: Pelipper|Pelipper, F|100/100
|-weather|RainDance|[from] ability: Drizzle|[of] p2a: Pelipper
|-terastallize|p1a: Arcanine|Normal
|move|p1a: Arcanine|Head Smash|p2a: Pelipper
|-supereffective|p2a: Pelipper
|-damage|p2a: Pelipper|0 fnt
|faint|p2a: Pelipper
|
|-weather|RainDance|[upkeep]
|upkeep
|
|t:|1779688213
|switch|p2a: Zapdos|Zapdos|100/100
|turn|2
|
|t:|1779688219
|switch|p1a: Corviknight|Corviknight, M|100/100
|-ability|p1a: Corviknight|Pressure
|move|p2a: Zapdos|Hurricane|p1a: Corviknight
|-resisted|p1a: Corviknight
|-damage|p1a: Corviknight|73/100
|
|-weather|RainDance|[upkeep]
|upkeep
|turn|3
|
|t:|1779688237
|move|p2a: Zapdos|Weather Ball|p1a: Corviknight
|-damage|p1a: Corviknight|27/100
|move|p1a: Corviknight|U-turn|p2a: Zapdos
|-resisted|p2a: Zapdos
|-damage|p2a: Zapdos|92/100
|
|t:|1779688254
|switch|p1a: Arcanine|Arcanine-Hisui, M, tera:Normal|100/100|[from] U-turn
|
|-weather|RainDance|[upkeep]
|upkeep
|turn|4
|
|t:|1779688268
|move|p1a: Arcanine|Head Smash|p2a: Zapdos
|-supereffective|p2a: Zapdos
|-damage|p2a: Zapdos|0 fnt
|faint|p2a: Zapdos
|
|-weather|RainDance|[upkeep]
|upkeep
|
|t:|1779688271
|switch|p2a: Beartic|Beartic, M|100/100
|turn|5
|
|t:|1779688282
|switch|p2a: Ogerpon|Ogerpon-Wellspring, F|100/100
|switch|p1a: Corviknight|Corviknight, M|27/100
|-ability|p1a: Corviknight|Pressure
|
|-weather|RainDance|[upkeep]
|upkeep
|turn|6
|
|t:|1779688292
|switch|p1a: Alomomola|Alomomola, F|100/100
|move|p2a: Ogerpon|Ivy Cudgel|p1a: Alomomola|[anim] Ivy Cudgel Water
|-resisted|p1a: Alomomola
|-damage|p1a: Alomomola|69/100
|
|-weather|RainDance|[upkeep]
|upkeep
|turn|7
|
|t:|1779688300
|move|p1a: Alomomola|Protect|p1a: Alomomola
|-singleturn|p1a: Alomomola|Protect
|move|p2a: Ogerpon|Power Whip|p1a: Alomomola
|-activate|p1a: Alomomola|move: Protect
|
|-weather|RainDance|[upkeep]
|upkeep
|turn|8
|
|t:|1779688308
|switch|p1a: Corviknight|Corviknight, M|27/100
|-ability|p1a: Corviknight|Pressure
|move|p2a: Ogerpon|Encore||[still]
|-fail|p2a: Ogerpon
|
|-weather|none
|upkeep
|turn|9
|
|t:|1779688319
|move|p2a: Ogerpon|Power Whip|p1a: Corviknight
|-resisted|p1a: Corviknight
|-damage|p1a: Corviknight|17/100
|-damage|p2a: Ogerpon|84/100|[from] item: Rocky Helmet|[of] p1a: Corviknight
|move|p1a: Corviknight|Roost|p1a: Corviknight
|-heal|p1a: Corviknight|67/100
|-singleturn|p1a: Corviknight|move: Roost
|
|upkeep
|turn|10
|
|t:|1779688329
|switch|p2a: Beartic|Beartic, M|100/100
|move|p1a: Corviknight|U-turn|p2a: Beartic
|-damage|p2a: Beartic|83/100
|
|t:|1779688337
|switch|p1a: Arcanine|Arcanine-Hisui, M, tera:Normal|100/100|[from] U-turn
|
|upkeep
|turn|11
|
|t:|1779688346
|-terastallize|p2a: Beartic|Ground
|move|p1a: Arcanine|Flare Blitz|p2a: Beartic
|-damage|p2a: Beartic|0 fnt
|faint|p2a: Beartic
|
|upkeep
|
|t:|1779688352
|switch|p2a: Barraskewda|Barraskewda, F|100/100
|turn|12
|
|t:|1779688356
|switch|p1a: Alomomola|Alomomola, F|100/100
|move|p2a: Barraskewda|Close Combat|p1a: Alomomola
|-damage|p1a: Alomomola|66/100
|-unboost|p2a: Barraskewda|def|1
|-unboost|p2a: Barraskewda|spd|1
|
|upkeep
|turn|13
|-message|brutalshaman forfeited.
|
|win|tympole mybeloved
|raw|tympole mybeloved's rating: 1367 &rarr; <strong>1387</strong><br />(+20 for winning)
|raw|brutalshaman's rating: 1368 &rarr; <strong>1348</strong><br />(-20 for losing)
|l|☆brutalshaman
|player|p2|
|l|☆tympole mybeloved
|player|p1|
