|j|☆Jeffthe1st
|j|☆Underquill
|t:|1779621444
|gametype|singles
|player|p1|Jeffthe1st|170|1357
|player|p2|Underquill|102|1325
|gen|9
|tier|[Gen 9] OU
|rated|
|rule|HP Percentage Mod: HP is shown in percentages
|rule|Endless Battle Clause: Forcing endless battles is banned
|rule|Species Clause: Limit one of each Pokémon
|rule|OHKO Clause: OHKO moves are banned
|rule|Evasion Items Clause: Evasion items are banned
|rule|Evasion Moves Clause: Evasion moves are banned
|rule|Evasion Abilities Clause: Evasion abilities are banned
|rule|Sleep Moves Clause: Sleep-inducing moves are banned
|clearpoke
|poke|p1|Hydrapple, F|
|poke|p1|Dondozo, F|
|poke|p1|Clodsire, M|
|poke|p1|Moltres|
|poke|p1|Great Tusk|
|poke|p1|Blissey, F|
|poke|p2|Garganacl, M|
|poke|p2|Tyranitar, F|
|poke|p2|Probopass, M|
|poke|p2|Excadrill, F|
|poke|p2|Clefable, M|
|poke|p2|Mandibuzz, F|
|teampreview
|inactive|Battle timer is ON: inactive players will automatically lose when time's up. (requested by Underquill)
|
|t:|1779621466
|teamsize|p1|6
|teamsize|p2|6
|start
|switch|p1a: Clodsire|Clodsire, M|100/100
|switch|p2a: Tyranitar|Tyranitar, F|100/100
|-weather|Sandstorm|[from] ability: Sand Stream|[of] p2a: Tyranitar
|turn|1
|
|t:|1779621479
|switch|p1a: Great Tusk|Great Tusk|100/100
|move|p2a: Tyranitar|Earthquake|p1a: Great Tusk
|-damage|p1a: Great Tusk|84/100
|
|-weather|Sandstorm|[upkeep]
|upkeep
|turn|2
|
|t:|1779621493
|switch|p2a: Mandibuzz|Mandibuzz, F|100/100
|move|p1a: Great Tusk|Knock Off|p2a: Mandibuzz
|-resisted|p2a: Mandibuzz
|-damage|p2a: Mandibuzz|92/100
|-damage|p1a: Great Tusk|67/100|[from] item: Rocky Helmet|[of] p2a: Mandibuzz
|-enditem|p2a: Mandibuzz|Rocky Helmet|[from] move: Knock Off|[of] p1a: Great Tusk
|
|-weather|Sandstorm|[upkeep]
|upkeep
|turn|3
|
|t:|1779621502
|-end|p1a: Great Tusk|Protosynthesis|[silent]
|switch|p1a: Dondozo|Dondozo, F|100/100
|move|p2a: Mandibuzz|Toxic|p1a: Dondozo
|-status|p1a: Dondozo|tox
|
|-weather|Sandstorm|[upkeep]
|-damage|p1a: Dondozo|94/100 tox|[from] Sandstorm
|-heal|p1a: Dondozo|100/100 tox|[from] item: Leftovers
|-damage|p1a: Dondozo|94/100 tox|[from] psn
|upkeep
|turn|4
|
|t:|1779621506
|move|p2a: Mandibuzz|Foul Play|p1a: Dondozo
|-damage|p1a: Dondozo|79/100 tox
|move|p1a: Dondozo|Avalanche|p2a: Mandibuzz
|-supereffective|p2a: Mandibuzz
|-crit|p2a: Mandibuzz
|-damage|p2a: Mandibuzz|47/100
|
|-weather|Sandstorm|[upkeep]
|-damage|p1a: Dondozo|72/100 tox|[from] Sandstorm
|-heal|p1a: Dondozo|79/100 tox|[from] item: Leftovers
|-damage|p1a: Dondozo|66/100 tox|[from] psn
|upkeep
|turn|5
|
|t:|1779621514
|move|p2a: Mandibuzz|Roost|p2a: Mandibuzz
|-heal|p2a: Mandibuzz|97/100
|-singleturn|p2a: Mandibuzz|move: Roost
|move|p1a: Dondozo|Avalanche|p2a: Mandibuzz
|-damage|p2a: Mandibuzz|89/100
|
|-weather|Sandstorm|[upkeep]
|-damage|p1a: Dondozo|60/100 tox|[from] Sandstorm
|-heal|p1a: Dondozo|66/100 tox|[from] item: Leftovers
|-damage|p1a: Dondozo|48/100 tox|[from] psn
|upkeep
|turn|6
|
|t:|1779621526
|switch|p2a: Probopass|Probopass, M|100/100
|move|p1a: Dondozo|Rest|p1a: Dondozo
|-status|p1a: Dondozo|slp|[from] move: Rest
|-heal|p1a: Dondozo|100/100 slp|[silent]
|
|-weather|Sandstorm|[upkeep]
|-damage|p1a: Dondozo|94/100 slp|[from] Sandstorm
|-heal|p1a: Dondozo|100/100 slp|[from] item: Leftovers
|upkeep
|turn|7
|
|t:|1779621532
|switch|p1a: Clodsire|Clodsire, M|100/100
|move|p2a: Probopass|Iron Defense|p2a: Probopass
|-boost|p2a: Probopass|def|2
|
|-weather|Sandstorm|[upkeep]
|upkeep
|turn|8
|
|t:|1779621542
|move|p2a: Probopass|Flash Cannon|p1a: Clodsire
|-damage|p1a: Clodsire|80/100
|move|p1a: Clodsire|Spikes|p2a: Probopass
|-sidestart|p2: Underquill|Spikes
|
|-weather|none
|upkeep
|turn|9
|
|t:|1779621549
|switch|p2a: Tyranitar|Tyranitar, F|100/100
|-damage|p2a: Tyranitar|88/100|[from] Spikes
|-weather|Sandstorm|[from] ability: Sand Stream|[of] p2a: Tyranitar
|move|p1a: Clodsire|Spikes|p2a: Tyranitar
|-sidestart|p2: Underquill|Spikes
|
|-weather|Sandstorm|[upkeep]
|upkeep
|turn|10
|
|t:|1779621556
|switch|p1a: Dondozo|Dondozo, F|100/100 slp
|move|p2a: Tyranitar|Ice Punch|p1a: Dondozo
|-resisted|p1a: Dondozo
|-damage|p1a: Dondozo|95/100 slp
|
|-weather|Sandstorm|[upkeep]
|-damage|p1a: Dondozo|88/100 slp|[from] Sandstorm
|-heal|p1a: Dondozo|95/100 slp|[from] item: Leftovers
|upkeep
|turn|11
|
|t:|1779621564
|switch|p2a: Garganacl|Garganacl, M|100/100
|-damage|p2a: Garganacl|84/100|[from] Spikes
|cant|p1a: Dondozo|slp
|move|p1a: Dondozo|Sleep Talk|p1a: Dondozo
|move|p1a: Dondozo|Rest||[from] move: Sleep Talk|[still]
|-fail|p1a: Dondozo
|
|-weather|Sandstorm|[upkeep]
|-damage|p1a: Dondozo|88/100 slp|[from] Sandstorm
|-heal|p2a: Garganacl|90/100|[from] item: Leftovers
|-heal|p1a: Dondozo|95/100 slp|[from] item: Leftovers
|upkeep
|turn|12
|
|t:|1779621577
|move|p2a: Garganacl|Salt Cure|p1a: Dondozo
|-crit|p1a: Dondozo
|-damage|p1a: Dondozo|85/100 slp
|-start|p1a: Dondozo|Salt Cure
|cant|p1a: Dondozo|slp
|move|p1a: Dondozo|Sleep Talk|p1a: Dondozo
|move|p1a: Dondozo|Avalanche|p2a: Garganacl|[from] move: Sleep Talk
|-damage|p2a: Garganacl|76/100
|
|-weather|Sandstorm|[upkeep]
|-damage|p1a: Dondozo|79/100 slp|[from] Sandstorm
|-heal|p2a: Garganacl|82/100|[from] item: Leftovers
|-heal|p1a: Dondozo|85/100 slp|[from] item: Leftovers
|-damage|p1a: Dondozo|61/100 slp|[from] Salt Cure
|upkeep
|turn|13
|
|t:|1779621590
|switch|p1a: Clodsire|Clodsire, M|80/100
|move|p2a: Garganacl|Body Press|p1a: Clodsire
|-resisted|p1a: Clodsire
|-damage|p1a: Clodsire|63/100
|
|-weather|Sandstorm|[upkeep]
|-heal|p2a: Garganacl|88/100|[from] item: Leftovers
|upkeep
|turn|14
|
|t:|1779621595
|move|p2a: Garganacl|Salt Cure|p1a: Clodsire
|-resisted|p1a: Clodsire
|-damage|p1a: Clodsire|55/100
|-start|p1a: Clodsire|Salt Cure
|move|p1a: Clodsire|Recover|p1a: Clodsire
|-heal|p1a: Clodsire|100/100
|
|-weather|Sandstorm|[upkeep]
|-heal|p2a: Garganacl|95/100|[from] item: Leftovers
|-damage|p1a: Clodsire|88/100|[from] Salt Cure
|upkeep
|turn|15
|
|t:|1779621603
|switch|p2a: Excadrill|Excadrill, F|100/100
|-item|p2a: Excadrill|Air Balloon
|switch|p1a: Hydrapple|Hydrapple, F|100/100
|
|-weather|Sandstorm|[upkeep]
|-damage|p1a: Hydrapple|94/100|[from] Sandstorm
|upkeep
|turn|16
|
|t:|1779621610
|switch|p2a: Mandibuzz|Mandibuzz, F|89/100
|move|p1a: Hydrapple|Leaf Storm|p2a: Mandibuzz
|-resisted|p2a: Mandibuzz
|-damage|p2a: Mandibuzz|52/100
|-unboost|p1a: Hydrapple|spa|2
|-damage|p1a: Hydrapple|85/100|[from] item: Life Orb
|
|-weather|none
|upkeep
|turn|17
|
|t:|1779621617
|switch|p1a: Dondozo|Dondozo, F|61/100 slp
|move|p2a: Mandibuzz|Roost|p2a: Mandibuzz
|-heal|p2a: Mandibuzz|100/100
|-singleturn|p2a: Mandibuzz|move: Roost
|
|-heal|p1a: Dondozo|67/100 slp|[from] item: Leftovers
|upkeep
|turn|18
|
|t:|1779621626
|switch|p2a: Tyranitar|Tyranitar, F|88/100
|-damage|p2a: Tyranitar|72/100|[from] Spikes
|-weather|Sandstorm|[from] ability: Sand Stream|[of] p2a: Tyranitar
|-curestatus|p1a: Dondozo|slp|[msg]
|move|p1a: Dondozo|Rest|p1a: Dondozo
|-status|p1a: Dondozo|slp|[from] move: Rest
|-heal|p1a: Dondozo|100/100 slp|[silent]
|
|-weather|Sandstorm|[upkeep]
|-damage|p1a: Dondozo|94/100 slp|[from] Sandstorm
|-heal|p1a: Dondozo|100/100 slp|[from] item: Leftovers
|upkeep
|turn|19
|
|t:|1779621634
|move|p2a: Tyranitar|Knock Off|p1a: Dondozo
|-damage|p1a: Dondozo|76/100 slp
|-enditem|p1a: Dondozo|Leftovers|[from] move: Knock Off|[of] p2a: Tyranitar
|cant|p1a: Dondozo|slp
|move|p1a: Dondozo|Sleep Talk|p1a: Dondozo
|move|p1a: Dondozo|Rest||[from] move: Sleep Talk|[still]
|-fail|p1a: Dondozo
|
|-weather|Sandstorm|[upkeep]
|-damage|p1a: Dondozo|70/100 slp|[from] Sandstorm
|upkeep
|turn|20
|
|t:|1779621644
|switch|p2a: Garganacl|Garganacl, M|95/100
|-damage|p2a: Garganacl|78/100|[from] Spikes
|cant|p1a: Dondozo|slp
|move|p1a: Dondozo|Sleep Talk|p1a: Dondozo
|move|p1a: Dondozo|Avalanche|p2a: Garganacl|[from] move: Sleep Talk
|-damage|p2a: Garganacl|71/100
|
|-weather|Sandstorm|[upkeep]
|-damage|p1a: Dondozo|64/100 slp|[from] Sandstorm
|-heal|p2a: Garganacl|77/100|[from] item: Leftovers
|upkeep
|turn|21
|
|t:|1779621654
|switch|p1a: Hydrapple|Hydrapple, F|100/100
|move|p2a: Garganacl|Salt Cure|p1a: Hydrapple
|-damage|p1a: Hydrapple|90/100
|-start|p1a: Hydrapple|Salt Cure
|
|-weather|Sandstorm|[upkeep]
|-damage|p1a: Hydrapple|84/100|[from] Sandstorm
|-heal|p2a: Garganacl|84/100|[from] item: Leftovers
|-damage|p1a: Hydrapple|72/100|[from] Salt Cure
|upkeep
|turn|22
|
|t:|1779621658
|move|p2a: Garganacl|Protect|p2a: Garganacl
|-singleturn|p2a: Garganacl|Protect
|move|p1a: Hydrapple|Nasty Plot|p1a: Hydrapple
|-boost|p1a: Hydrapple|spa|2
|
|-weather|Sandstorm|[upkeep]
|-damage|p1a: Hydrapple|66/100|[from] Sandstorm
|-heal|p2a: Garganacl|90/100|[from] item: Leftovers
|-damage|p1a: Hydrapple|54/100|[from] Salt Cure
|upkeep
|turn|23
|
|t:|1779621664
|switch|p2a: Clefable|Clefable, M|100/100
|-damage|p2a: Clefable|84/100|[from] Spikes
|move|p1a: Hydrapple|Leaf Storm|p2a: Clefable
|-damage|p2a: Clefable|25/100
|-unboost|p1a: Hydrapple|spa|2
|-damage|p1a: Hydrapple|44/100|[from] item: Life Orb
|
|-weather|Sandstorm|[upkeep]
|-damage|p1a: Hydrapple|38/100|[from] Sandstorm
|-damage|p1a: Hydrapple|25/100|[from] Salt Cure
|upkeep
|turn|24
|
|t:|1779621676
|switch|p1a: Dondozo|Dondozo, F|64/100 slp
|move|p2a: Clefable|Moonblast|p1a: Dondozo
|-damage|p1a: Dondozo|33/100 slp
|
|-weather|Sandstorm|[upkeep]
|-damage|p1a: Dondozo|26/100 slp|[from] Sandstorm
|upkeep
|turn|25
|
|t:|1779621682
|switch|p1a: Clodsire|Clodsire, M|88/100
|move|p2a: Clefable|Wish|p2a: Clefable
|
|-weather|none
|upkeep
|turn|26
|
|t:|1779621688
|move|p2a: Clefable|Flamethrower|p1a: Clodsire
|-damage|p1a: Clodsire|77/100
|move|p1a: Clodsire|Spikes|p2a: Clefable
|-sidestart|p2: Underquill|Spikes
|
|-heal|p2a: Clefable|75/100|[from] move: Wish|[wisher] Clefable
|upkeep
|turn|27
|
|t:|1779621692
|switch|p2a: Tyranitar|Tyranitar, F|72/100
|-damage|p2a: Tyranitar|47/100|[from] Spikes
|-weather|Sandstorm|[from] ability: Sand Stream|[of] p2a: Tyranitar
|move|p1a: Clodsire|Toxic|p2a: Tyranitar
|-status|p2a: Tyranitar|tox
|
|-weather|Sandstorm|[upkeep]
|-damage|p2a: Tyranitar|40/100 tox|[from] psn
|upkeep
|turn|28
|
|t:|1779621701
|switch|p1a: Dondozo|Dondozo, F|26/100 slp
|move|p2a: Tyranitar|Knock Off|p1a: Dondozo
|-damage|p1a: Dondozo|11/100 slp
|
|-weather|Sandstorm|[upkeep]
|-damage|p1a: Dondozo|4/100 slp|[from] Sandstorm
|-damage|p2a: Tyranitar|28/100 tox|[from] psn
|upkeep
|turn|29
|
|t:|1779621714
|switch|p2a: Excadrill|Excadrill, F|100/100
|-item|p2a: Excadrill|Air Balloon
|switch|p1a: Hydrapple|Hydrapple, F|59/100
|
|-weather|Sandstorm|[upkeep]
|-damage|p1a: Hydrapple|53/100|[from] Sandstorm
|upkeep
|turn|30
|
|t:|1779621722
|move|p2a: Excadrill|Rapid Spin|p1a: Hydrapple
|-damage|p1a: Hydrapple|39/100
|-boost|p2a: Excadrill|spe|1
|-sideend|p2: Underquill|Spikes|[from] move: Rapid Spin|[of] p2a: Excadrill
|move|p1a: Hydrapple|Leaf Storm|p2a: Excadrill
|-damage|p2a: Excadrill|0 fnt
|-unboost|p1a: Hydrapple|spa|2
|-enditem|p2a: Excadrill|Air Balloon
|faint|p2a: Excadrill
|-damage|p1a: Hydrapple|29/100|[from] item: Life Orb
|
|-weather|Sandstorm|[upkeep]
|-damage|p1a: Hydrapple|23/100|[from] Sandstorm
|upkeep
|
|t:|1779621736
|switch|p2a: Clefable|Clefable, M|75/100
|turn|31
|
|t:|1779621741
|switch|p1a: Blissey|Blissey, F|100/100
|move|p2a: Clefable|Wish|p2a: Clefable
|
|-weather|Sandstorm|[upkeep]
|-damage|p1a: Blissey|94/100|[from] Sandstorm
|upkeep
|turn|32
|
|t:|1779621746
|switch|p2a: Tyranitar|Tyranitar, F|28/100 tox
|move|p1a: Blissey|Stealth Rock|p2a: Tyranitar
|-sidestart|p2: Underquill|move: Stealth Rock
|
|-weather|Sandstorm|[upkeep]
|-damage|p1a: Blissey|88/100|[from] Sandstorm
|-heal|p2a: Tyranitar|80/100 tox|[from] move: Wish|[wisher] Clefable
|-damage|p2a: Tyranitar|74/100 tox|[from] psn
|upkeep
|turn|33
|
|t:|1779621762
|switch|p1a: Great Tusk|Great Tusk|67/100
|move|p2a: Tyranitar|Knock Off|p1a: Great Tusk
|-resisted|p1a: Great Tusk
|-damage|p1a: Great Tusk|56/100
|-damage|p2a: Tyranitar|58/100 tox|[from] item: Rocky Helmet|[of] p1a: Great Tusk
|-enditem|p1a: Great Tusk|Rocky Helmet|[from] move: Knock Off|[of] p2a: Tyranitar
|
|-weather|Sandstorm|[upkeep]
|-damage|p2a: Tyranitar|45/100 tox|[from] psn
|upkeep
|turn|34
|
|t:|1779621771
|switch|p2a: Mandibuzz|Mandibuzz, F|100/100
|-damage|p2a: Mandibuzz|76/100|[from] Stealth Rock
|move|p1a: Great Tusk|Earthquake|p2a: Mandibuzz
|-immune|p2a: Mandibuzz
|
|-weather|none
|upkeep
|turn|35
|
|t:|1779621790
|-end|p1a: Great Tusk|Protosynthesis|[silent]
|switch|p1a: Clodsire|Clodsire, M|77/100
|move|p2a: Mandibuzz|Toxic|p1a: Clodsire
|-immune|p1a: Clodsire
|
|upkeep
|turn|36
|
|t:|1779621795
|move|p2a: Mandibuzz|Defog|p1a: Clodsire
|-unboost|p1a: Clodsire|evasion|1
|-sideend|p2: Underquill|Stealth Rock|[from] move: Defog|[of] p2a: Mandibuzz
|move|p1a: Clodsire|Spikes|p2a: Mandibuzz
|-sidestart|p2: Underquill|Spikes
|
|upkeep
|turn|37
|
|t:|1779621801
|switch|p2a: Tyranitar|Tyranitar, F|45/100 tox
|-damage|p2a: Tyranitar|33/100 tox|[from] Spikes
|-weather|Sandstorm|[from] ability: Sand Stream|[of] p2a: Tyranitar
|move|p1a: Clodsire|Toxic|p2a: Tyranitar
|-fail|p2a: Tyranitar|tox
|
|-weather|Sandstorm|[upkeep]
|-damage|p2a: Tyranitar|27/100 tox|[from] psn
|upkeep
|turn|38
|
|t:|1779621807
|switch|p2a: Probopass|Probopass, M|100/100
|-damage|p2a: Probopass|88/100|[from] Spikes
|switch|p1a: Great Tusk|Great Tusk|56/100
|
|-weather|Sandstorm|[upkeep]
|-heal|p2a: Probopass|94/100|[from] item: Leftovers
|upkeep
|turn|39
|
|t:|1779621814
|-terastallize|p2a: Probopass|Flying
|move|p1a: Great Tusk|Earthquake|p2a: Probopass
|-immune|p2a: Probopass
|move|p2a: Probopass|Iron Defense|p2a: Probopass
|-boost|p2a: Probopass|def|2
|
|-weather|Sandstorm|[upkeep]
|-heal|p2a: Probopass|100/100|[from] item: Leftovers
|upkeep
|turn|40
|
|t:|1779621825
|-end|p1a: Great Tusk|Protosynthesis|[silent]
|switch|p1a: Clodsire|Clodsire, M|77/100
|move|p2a: Probopass|Iron Defense|p2a: Probopass
|-boost|p2a: Probopass|def|2
|
|-weather|Sandstorm|[upkeep]
|upkeep
|turn|41
|
|t:|1779621834
|switch|p2a: Garganacl|Garganacl, M|90/100
|-damage|p2a: Garganacl|77/100|[from] Spikes
|move|p1a: Clodsire|Toxic|p2a: Garganacl
|-immune|p2a: Garganacl|[from] ability: Purifying Salt
|
|-weather|Sandstorm|[upkeep]
|-heal|p2a: Garganacl|84/100|[from] item: Leftovers
|upkeep
|turn|42
|
|t:|1779621843
|move|p2a: Garganacl|Salt Cure|p1a: Clodsire
|-resisted|p1a: Clodsire
|-damage|p1a: Clodsire|70/100
|-start|p1a: Clodsire|Salt Cure
|move|p1a: Clodsire|Earthquake|p2a: Garganacl
|-supereffective|p2a: Garganacl
|-damage|p2a: Garganacl|57/100
|
|-weather|Sandstorm|[upkeep]
|-heal|p2a: Garganacl|63/100|[from] item: Leftovers
|-damage|p1a: Clodsire|57/100|[from] Salt Cure
|upkeep
|turn|43
|
|t:|1779621850
|switch|p1a: Hydrapple|Hydrapple, F|56/100
|move|p2a: Garganacl|Recover|p2a: Garganacl
|-heal|p2a: Garganacl|100/100
|
|-weather|Sandstorm|[upkeep]
|-damage|p1a: Hydrapple|50/100|[from] Sandstorm
|upkeep
|turn|44
|
|t:|1779621856
|switch|p1a: Great Tusk|Great Tusk|56/100
|switch|p2a: Probopass|Probopass, M, tera:Flying|100/100
|
|-weather|none
|upkeep
|turn|45
|
|t:|1779621860
|move|p1a: Great Tusk|Ice Spinner|p2a: Probopass
|-supereffective|p2a: Probopass
|-damage|p2a: Probopass|64/100
|move|p2a: Probopass|Body Press|p1a: Great Tusk
|-damage|p1a: Great Tusk|43/100
|
|-heal|p2a: Probopass|70/100|[from] item: Leftovers
|upkeep
|turn|46
|
|t:|1779621868
|move|p1a: Great Tusk|Ice Spinner|p2a: Probopass
|-supereffective|p2a: Probopass
|-damage|p2a: Probopass|34/100
|move|p2a: Probopass|Body Press|p1a: Great Tusk
|-damage|p1a: Great Tusk|31/100
|
|-heal|p2a: Probopass|40/100|[from] item: Leftovers
|upkeep
|turn|47
|
|t:|1779621878
|switch|p2a: Tyranitar|Tyranitar, F|27/100 tox
|-damage|p2a: Tyranitar|15/100 tox|[from] Spikes
|-weather|Sandstorm|[from] ability: Sand Stream|[of] p2a: Tyranitar
|move|p1a: Great Tusk|Ice Spinner|p2a: Tyranitar
|-damage|p2a: Tyranitar|0 fnt
|faint|p2a: Tyranitar
|
|-weather|Sandstorm|[upkeep]
|upkeep
|
|t:|1779621884
|switch|p2a: Garganacl|Garganacl, M|100/100
|-damage|p2a: Garganacl|88/100|[from] Spikes
|turn|48
|
|t:|1779621889
|move|p2a: Garganacl|Protect|p2a: Garganacl
|-singleturn|p2a: Garganacl|Protect
|move|p1a: Great Tusk|Earthquake|p2a: Garganacl
|-activate|p2a: Garganacl|move: Protect
|
|-weather|Sandstorm|[upkeep]
|-heal|p2a: Garganacl|94/100|[from] item: Leftovers
|upkeep
|turn|49
|
|t:|1779621894
|switch|p2a: Mandibuzz|Mandibuzz, F|76/100
|move|p1a: Great Tusk|Earthquake|p2a: Mandibuzz
|-immune|p2a: Mandibuzz
|
|-weather|Sandstorm|[upkeep]
|upkeep
|turn|50
|
|t:|1779621900
|move|p1a: Great Tusk|Ice Spinner|p2a: Mandibuzz
|-supereffective|p2a: Mandibuzz
|-damage|p2a: Mandibuzz|49/100
|move|p2a: Mandibuzz|Foul Play|p1a: Great Tusk
|-resisted|p1a: Great Tusk
|-damage|p1a: Great Tusk|22/100
|
|-weather|Sandstorm|[upkeep]
|upkeep
|turn|51
|
|t:|1779621905
|move|p1a: Great Tusk|Ice Spinner|p2a: Mandibuzz
|-supereffective|p2a: Mandibuzz
|-damage|p2a: Mandibuzz|21/100
|move|p2a: Mandibuzz|Roost|p2a: Mandibuzz
|-heal|p2a: Mandibuzz|71/100
|-singleturn|p2a: Mandibuzz|move: Roost
|
|-weather|Sandstorm|[upkeep]
|upkeep
|turn|52
|
|t:|1779621914
|-end|p1a: Great Tusk|Protosynthesis|[silent]
|switch|p1a: Clodsire|Clodsire, M|57/100
|move|p2a: Mandibuzz|Foul Play|p1a: Clodsire
|-damage|p1a: Clodsire|31/100
|
|-weather|Sandstorm|[upkeep]
|upkeep
|turn|53
|
|t:|1779621921
|switch|p2a: Garganacl|Garganacl, M|94/100
|-damage|p2a: Garganacl|82/100|[from] Spikes
|move|p1a: Clodsire|Recover|p1a: Clodsire
|-heal|p1a: Clodsire|81/100
|
|-weather|Sandstorm|[upkeep]
|-heal|p2a: Garganacl|88/100|[from] item: Leftovers
|upkeep
|turn|54
|
|t:|1779621935
|move|p2a: Garganacl|Salt Cure|p1a: Clodsire
|-resisted|p1a: Clodsire
|-damage|p1a: Clodsire|73/100
|-start|p1a: Clodsire|Salt Cure
|move|p1a: Clodsire|Spikes|p2a: Garganacl
|-sidestart|p2: Underquill|Spikes
|
|-weather|none
|-heal|p2a: Garganacl|94/100|[from] item: Leftovers
|-damage|p1a: Clodsire|60/100|[from] Salt Cure
|upkeep
|turn|55
|
|t:|1779621941
|move|p2a: Garganacl|Body Press|p1a: Clodsire
|-resisted|p1a: Clodsire
|-damage|p1a: Clodsire|44/100
|move|p1a: Clodsire|Recover|p1a: Clodsire
|-heal|p1a: Clodsire|94/100
|
|-heal|p2a: Garganacl|100/100|[from] item: Leftovers
|-damage|p1a: Clodsire|82/100|[from] Salt Cure
|upkeep
|turn|56
|
|t:|1779621947
|switch|p1a: Hydrapple|Hydrapple, F|83/100
|move|p2a: Garganacl|Body Press|p1a: Hydrapple
|-damage|p1a: Hydrapple|61/100
|
|upkeep
|turn|57
|
|t:|1779621955
|move|p2a: Garganacl|Protect|p2a: Garganacl
|-singleturn|p2a: Garganacl|Protect
|move|p1a: Hydrapple|Nasty Plot|p1a: Hydrapple
|-boost|p1a: Hydrapple|spa|2
|
|upkeep
|turn|58
|-message|Underquill forfeited.
|
|win|Jeffthe1st
|raw|Jeffthe1st's rating: 1357 &rarr; <strong>1375</strong><br />(+18 for winning)
|raw|Underquill's rating: 1325 &rarr; <strong>1307</strong><br />(-18 for losing)
|l|☆Underquill
|player|p2|
|c|☆Jeffthe1st|gg
|l|☆Jeffthe1st
|player|p1|
