|j|☆lockheedmarlin
|j|☆Kourkrang2
|t:|1779675858
|gametype|singles
|player|p1|lockheedmarlin|169|1085
|player|p2|Kourkrang2|170|1070
|gen|9
|tier|[Gen 9] OU
|rated|
|rule|HP Percentage Mod: HP is shown in percentages
|rule|Endless Battle Clause: Forcing endless battles is banned
|rule|Species Clause: Limit one of each Pokémon
|rule|OHKO Clause: OHKO moves are banned
|rule|Evasion Items Clause: Evasion items are banned
|rule|Evasion Moves Clause: Evasion moves are banned
|rule|Evasion Abilities Clause: Evasion abilities are banned
|rule|Sleep Moves Clause: Sleep-inducing moves are banned
|clearpoke
|poke|p1|Spidops, M|
|poke|p1|Hydreigon, F|
|poke|p1|Great Tusk|
|poke|p1|Tornadus-Therian, M|
|poke|p1|Alomomola, F|
|poke|p1|Cinderace, F|
|poke|p2|Glimmora, M|
|poke|p2|Hawlucha, M|
|poke|p2|Sableye, M|
|poke|p2|Zoroark-Hisui, M|
|poke|p2|Lurantis, F|
|poke|p2|Greninja-*, M|
|teampreview
|inactive|Battle timer is ON: inactive players will automatically lose when time's up. (requested by lockheedmarlin)
|inactive|Kourkrang2 also wants the timer to be on.
|
|t:|1779675886
|teamsize|p1|6
|teamsize|p2|6
|start
|switch|p1a: EVIL J0RDAN|Hydreigon, F|100/100
|switch|p2a: Florence Mathis|Glimmora, M, shiny|100/100
|turn|1
|
|t:|1779675899
|move|p1a: EVIL J0RDAN|Flash Cannon|p2a: Florence Mathis
|-supereffective|p2a: Florence Mathis
|-damage|p2a: Florence Mathis|30/100
|move|p2a: Florence Mathis|Spikes|p1a: EVIL J0RDAN
|-sidestart|p1: lockheedmarlin|Spikes
|
|upkeep
|turn|2
|
|t:|1779675916
|switch|p2a: Florent Mathis|Lurantis, F|100/100
|move|p1a: EVIL J0RDAN|Flash Cannon|p2a: Florent Mathis
|-crit|p2a: Florent Mathis
|-damage|p2a: Florent Mathis|59/100
|
|upkeep
|turn|3
|
|t:|1779675927
|switch|p1a: Widebody Hellcat|Spidops, M, shiny|100/100
|-damage|p1a: Widebody Hellcat|88/100|[from] Spikes
|move|p2a: Florent Mathis|Superpower|p1a: Widebody Hellcat
|-resisted|p1a: Widebody Hellcat
|-damage|p1a: Widebody Hellcat|73/100
|-boost|p2a: Florent Mathis|atk|1
|-boost|p2a: Florent Mathis|def|1
|
|upkeep
|turn|4
|
|t:|1779675937
|move|p1a: Widebody Hellcat|First Impression|p2a: Florent Mathis
|-supereffective|p2a: Florent Mathis
|-damage|p2a: Florent Mathis|0 fnt
|faint|p2a: Florent Mathis
|
|upkeep
|
|t:|1779675942
|switch|p2a: Macron|Sableye, M, shiny|100/100
|turn|5
|
|t:|1779675947
|switch|p1a: EVIL J0RDAN|Hydreigon, F|100/100
|move|p2a: Macron|Encore|p1a: EVIL J0RDAN
|-hint|Since gen 7, Dark is immune to Prankster moves.
|-immune|p1a: EVIL J0RDAN
|
|upkeep
|turn|6
|
|t:|1779675955
|move|p1a: EVIL J0RDAN|Dark Pulse|p2a: Macron
|-damage|p2a: Macron|61/100
|move|p2a: Macron|Knock Off|p1a: EVIL J0RDAN
|-resisted|p1a: EVIL J0RDAN
|-damage|p1a: EVIL J0RDAN|86/100
|-enditem|p1a: EVIL J0RDAN|Choice Scarf|[from] move: Knock Off|[of] p2a: Macron
|
|-heal|p2a: Macron|67/100|[from] item: Leftovers
|upkeep
|turn|7
|
|t:|1779675970
|switch|p2a: Florence Mathis|Glimmora, M, shiny|30/100
|move|p1a: EVIL J0RDAN|Dark Pulse|p2a: Florence Mathis
|-damage|p2a: Florence Mathis|0 fnt
|faint|p2a: Florence Mathis
|
|upkeep
|
|t:|1779675980
|switch|p2a: THE GOAT|Greninja, M|100/100
|turn|8
|
|t:|1779675988
|move|p2a: THE GOAT|U-turn|p1a: EVIL J0RDAN
|-supereffective|p1a: EVIL J0RDAN
|-damage|p1a: EVIL J0RDAN|54/100
|
|t:|1779675992
|switch|p2a: Macron|Sableye, M, shiny|67/100|[from] U-turn
|move|p1a: EVIL J0RDAN|Draco Meteor|p2a: Macron
|-damage|p2a: Macron|0 fnt
|-unboost|p1a: EVIL J0RDAN|spa|2
|faint|p2a: Macron
|
|upkeep
|
|t:|1779676005
|switch|p2a: THE GOAT|Greninja, M|100/100
|turn|9
|
|t:|1779676013
|switch|p1a: Big Back|Alomomola, F|100/100
|-damage|p1a: Big Back|88/100|[from] Spikes
|move|p2a: THE GOAT|Ice Beam|p1a: Big Back
|-resisted|p1a: Big Back
|-damage|p1a: Big Back|74/100
|-damage|p2a: THE GOAT|91/100|[from] item: Life Orb
|
|upkeep
|turn|10
|
|t:|1779676024
|move|p2a: THE GOAT|Dark Pulse|p1a: Big Back
|-crit|p1a: Big Back
|-damage|p1a: Big Back|12/100
|-damage|p2a: THE GOAT|81/100|[from] item: Life Orb
|move|p1a: Big Back|Light Screen|p1a: Big Back
|-sidestart|p1: lockheedmarlin|move: Light Screen
|
|upkeep
|turn|11
|
|t:|1779676043
|switch|p1a: EVIL J0RDAN|Hydreigon, F|54/100
|move|p2a: THE GOAT|Dark Pulse|p1a: EVIL J0RDAN
|-resisted|p1a: EVIL J0RDAN
|-damage|p1a: EVIL J0RDAN|39/100
|-damage|p2a: THE GOAT|71/100|[from] item: Life Orb
|
|upkeep
|turn|12
|
|t:|1779676054
|-terastallize|p2a: THE GOAT|Ice
|move|p2a: THE GOAT|Ice Beam|p1a: EVIL J0RDAN
|-supereffective|p1a: EVIL J0RDAN
|-damage|p1a: EVIL J0RDAN|0 fnt
|faint|p1a: EVIL J0RDAN
|-ability|p2a: THE GOAT|Battle Bond|boost
|-boost|p2a: THE GOAT|atk|1
|-boost|p2a: THE GOAT|spa|1
|-boost|p2a: THE GOAT|spe|1
|-activate|p2a: THE GOAT|ability: Battle Bond
|-damage|p2a: THE GOAT|61/100|[from] item: Life Orb
|
|upkeep
|
|t:|1779676062
|switch|p1a: Ronaldino|Cinderace, F|100/100
|-damage|p1a: Ronaldino|88/100|[from] Spikes
|turn|13
|
|t:|1779676071
|move|p2a: THE GOAT|Surf|p1a: Ronaldino
|-supereffective|p1a: Ronaldino
|-damage|p1a: Ronaldino|0 fnt
|faint|p1a: Ronaldino
|-damage|p2a: THE GOAT|51/100|[from] item: Life Orb
|
|upkeep
|
|t:|1779676076
|switch|p1a: Fatty Lou|Tornadus-Therian, M|100/100
|turn|14
|
|t:|1779676081
|move|p2a: THE GOAT|Ice Beam|p1a: Fatty Lou
|-supereffective|p1a: Fatty Lou
|-damage|p1a: Fatty Lou|13/100
|-damage|p2a: THE GOAT|42/100|[from] item: Life Orb
|move|p1a: Fatty Lou|Heat Wave|p2a: THE GOAT
|-supereffective|p2a: THE GOAT
|-damage|p2a: THE GOAT|0 fnt
|faint|p2a: THE GOAT
|
|-sideend|p1: lockheedmarlin|move: Light Screen
|upkeep
|
|t:|1779676089
|switch|p2a: Francis Ngannou|Hawlucha, M, shiny|100/100
|turn|15
|
|t:|1779676097
|move|p2a: Francis Ngannou|Close Combat|p1a: Fatty Lou
|-resisted|p1a: Fatty Lou
|-damage|p1a: Fatty Lou|0 fnt
|-unboost|p2a: Francis Ngannou|def|1
|-unboost|p2a: Francis Ngannou|spd|1
|faint|p1a: Fatty Lou
|-enditem|p2a: Francis Ngannou|White Herb
|-clearnegativeboost|p2a: Francis Ngannou|[silent]
|
|upkeep
|
|t:|1779676107
|switch|p1a: Big Back|Alomomola, F|12/100
|-damage|p1a: Big Back|0 fnt|[from] Spikes
|faint|p1a: Big Back
|
|t:|1779676108
|switch|p1a: Alright Tusk|Great Tusk|100/100
|turn|16
|
|t:|1779676119
|-terastallize|p1a: Alright Tusk|Grass
|move|p2a: Francis Ngannou|Swords Dance|p2a: Francis Ngannou
|-boost|p2a: Francis Ngannou|atk|2
|move|p1a: Alright Tusk|Ice Spinner|p2a: Francis Ngannou
|-supereffective|p2a: Francis Ngannou
|-damage|p2a: Francis Ngannou|15/100
|
|upkeep
|turn|17
|
|t:|1779676130
|move|p2a: Francis Ngannou|Acrobatics|p1a: Alright Tusk
|-supereffective|p1a: Alright Tusk
|-damage|p1a: Alright Tusk|0 fnt
|faint|p1a: Alright Tusk
|-end|p1a: Alright Tusk|Protosynthesis|[silent]
|
|upkeep
|
|t:|1779676132
|switch|p1a: Widebody Hellcat|Spidops, M, shiny|73/100
|-damage|p1a: Widebody Hellcat|61/100|[from] Spikes
|turn|18
|
|t:|1779676139
|move|p1a: Widebody Hellcat|First Impression|p2a: Francis Ngannou
|-resisted|p2a: Francis Ngannou
|-damage|p2a: Francis Ngannou|0 fnt
|faint|p2a: Francis Ngannou
|
|upkeep
|
|t:|1779676143
|switch|p2a: Jul|Zoroark-Hisui, M, shiny|100/100
|turn|19
|
|t:|1779676150
|move|p1a: Widebody Hellcat|First Impression||[still]
|-hint|First Impression only works on your first turn out.
|-fail|p1a: Widebody Hellcat
|move|p2a: Jul|Trick|p1a: Widebody Hellcat
|-activate|p2a: Jul|move: Trick|[of] p1a: Widebody Hellcat
|-item|p1a: Widebody Hellcat|Toxic Orb|[from] move: Trick
|-item|p2a: Jul|Choice Band|[from] move: Trick
|
|-status|p1a: Widebody Hellcat|tox|[from] item: Toxic Orb
|upkeep
|turn|20
|c|☆Kourkrang2|spidops choice ?
|
|t:|1779676173
|move|p2a: Jul|Trick|p1a: Widebody Hellcat
|-activate|p2a: Jul|move: Trick|[of] p1a: Widebody Hellcat
|-item|p1a: Widebody Hellcat|Choice Band|[from] move: Trick
|-item|p2a: Jul|Toxic Orb|[from] move: Trick
|move|p1a: Widebody Hellcat|Knock Off|p2a: Jul
|-supereffective|p2a: Jul
|-damage|p2a: Jul|0 fnt
|-enditem|p2a: Jul|Toxic Orb|[from] move: Knock Off|[of] p1a: Widebody Hellcat
|faint|p2a: Jul
|
|win|lockheedmarlin
|raw|lockheedmarlin's rating: 1085 &rarr; <strong>1111</strong><br />(+26 for winning)
|raw|Kourkrang2's rating: 1070 &rarr; <strong>1050</strong><br />(-20 for losing)
|c|☆lockheedmarlin|Agency classic
|c|☆Kourkrang2|lol I missclicked
|c|☆lockheedmarlin|Gg
|c|☆Kourkrang2|ggs
