|j|☆vaxanon
|j|☆Uncle Dre
|t:|1779636207
|gametype|singles
|player|p1|vaxanon|2|1127
|player|p2|Uncle Dre|red|1143
|gen|9
|tier|[Gen 9] OU
|rated|
|rule|HP Percentage Mod: HP is shown in percentages
|rule|Endless Battle Clause: Forcing endless battles is banned
|rule|Species Clause: Limit one of each Pokémon
|rule|OHKO Clause: OHKO moves are banned
|rule|Evasion Items Clause: Evasion items are banned
|rule|Evasion Moves Clause: Evasion moves are banned
|rule|Evasion Abilities Clause: Evasion abilities are banned
|rule|Sleep Moves Clause: Sleep-inducing moves are banned
|clearpoke
|poke|p1|Meowscarada, F|
|poke|p1|Gastrodon-East, M|
|poke|p1|Ambipom, M|
|poke|p1|Cinderace, M|
|poke|p1|Whimsicott, M|
|poke|p1|Sableye, F|
|poke|p2|Pelipper, F|
|poke|p2|Barraskewda, M|
|poke|p2|Quagsire, M|
|poke|p2|Tentacruel, F|
|poke|p2|Ogerpon-Wellspring, F|
|poke|p2|Walking Wake|
|teampreview
|inactive|Battle timer is ON: inactive players will automatically lose when time's up. (requested by vaxanon)
|
|t:|1779636215
|teamsize|p1|6
|teamsize|p2|6
|start
|switch|p1a: Ambipom|Ambipom, M, shiny|100/100
|switch|p2a: Pelipper|Pelipper, F, shiny|100/100
|-weather|RainDance|[from] ability: Drizzle|[of] p2a: Pelipper
|turn|1
|
|t:|1779636228
|switch|p2a: Quagsire|Quagsire, M, shiny|100/100
|-terastallize|p1a: Ambipom|Normal
|move|p1a: Ambipom|Fake Out|p2a: Quagsire
|-damage|p2a: Quagsire|70/100
|
|-weather|RainDance|[upkeep]
|-heal|p2a: Quagsire|76/100|[from] item: Leftovers
|upkeep
|turn|2
|
|t:|1779636240
|move|p1a: Ambipom|Double Hit|p2a: Quagsire
|-damage|p2a: Quagsire|50/100
|-damage|p2a: Quagsire|24/100
|-hitcount|p2a: Quagsire|2
|move|p2a: Quagsire|Stealth Rock|p1a: Ambipom
|-sidestart|p1: vaxanon|move: Stealth Rock
|
|-weather|RainDance|[upkeep]
|-heal|p2a: Quagsire|30/100|[from] item: Leftovers
|upkeep
|turn|3
|
|t:|1779636267
|move|p1a: Ambipom|Double Hit|p2a: Quagsire
|-damage|p2a: Quagsire|4/100
|-damage|p2a: Quagsire|0 fnt
|faint|p2a: Quagsire
|-hitcount|p2: Quagsire|2
|
|-weather|RainDance|[upkeep]
|upkeep
|
|t:|1779636277
|switch|p2a: Barraskewda|Barraskewda, M, shiny|100/100
|turn|4
|
|t:|1779636285
|switch|p1a: Gastrodon|Gastrodon-East, M|100/100
|-damage|p1a: Gastrodon|94/100|[from] Stealth Rock
|move|p2a: Barraskewda|Liquidation|p1a: Gastrodon
|-ability|p1a: Gastrodon|Storm Drain|boost
|-boost|p1a: Gastrodon|spa|1
|
|-weather|RainDance|[upkeep]
|upkeep
|turn|5
|
|t:|1779636296
|switch|p2a: Ogerpon|Ogerpon-Wellspring, F|100/100
|move|p1a: Gastrodon|Earth Power|p2a: Ogerpon
|-resisted|p2a: Ogerpon
|-damage|p2a: Ogerpon|75/100
|
|-weather|RainDance|[upkeep]
|upkeep
|turn|6
|
|t:|1779636315
|switch|p1a: Cinderace|Cinderace, M, shiny|100/100
|-terastallize|p2a: Ogerpon|Water
|detailschange|p2a: Ogerpon|Ogerpon-Wellspring-Tera, F, tera:Water
|-ability|p2a: Ogerpon|Embody Aspect (Wellspring)|boost
|-boost|p2a: Ogerpon|spd|1
|move|p2a: Ogerpon|Swords Dance|p2a: Ogerpon
|-boost|p2a: Ogerpon|atk|2
|
|-weather|RainDance|[upkeep]
|upkeep
|turn|7
|
|t:|1779636327
|move|p1a: Cinderace|Court Change|p1a: Cinderace
|-start|p1a: Cinderace|typechange|Normal|[from] ability: Libero
|-swapsideconditions
|-activate|p1a: Cinderace|move: Court Change
|move|p2a: Ogerpon|Ivy Cudgel|p1a: Cinderace|[anim] Ivy Cudgel Water
|-damage|p1a: Cinderace|0 fnt
|faint|p1a: Cinderace
|
|-weather|RainDance|[upkeep]
|upkeep
|
|t:|1779636337
|switch|p1a: Whimsicott|Whimsicott, M|100/100
|turn|8
|
|t:|1779636344
|move|p1a: Whimsicott|Switcheroo||[still]
|-fail|p1a: Whimsicott
|move|p2a: Ogerpon|Ivy Cudgel|p1a: Whimsicott|[anim] Ivy Cudgel Water
|-resisted|p1a: Whimsicott
|-damage|p1a: Whimsicott|0 fnt
|faint|p1a: Whimsicott
|
|-weather|none
|upkeep
|
|t:|1779636352
|switch|p1a: Ambipom|Ambipom, M, shiny, tera:Normal|100/100
|turn|9
|
|t:|1779636356
|move|p1a: Ambipom|Fake Out|p2a: Ogerpon
|-damage|p2a: Ogerpon|18/100
|cant|p2a: Ogerpon|flinch
|
|upkeep
|turn|10
|
|t:|1779636362
|move|p1a: Ambipom|U-turn|p2a: Ogerpon
|-damage|p2a: Ogerpon|0 fnt
|faint|p2a: Ogerpon
|detailschange|p2: Ogerpon|Ogerpon-Wellspring, F|[silent]
|
|t:|1779636369
|switch|p1a: Sableye|Sableye, F|100/100|[from] U-turn
|
|upkeep
|
|t:|1779636374
|switch|p2a: Pelipper|Pelipper, F, shiny|100/100
|-damage|p2a: Pelipper|76/100|[from] Stealth Rock
|-weather|RainDance|[from] ability: Drizzle|[of] p2a: Pelipper
|turn|11
|
|t:|1779636386
|switch|p2a: Tentacruel|Tentacruel, F, shiny|100/100
|move|p1a: Sableye|Knock Off|p2a: Tentacruel
|-damage|p2a: Tentacruel|79/100
|-enditem|p2a: Tentacruel|Heavy-Duty Boots|[from] move: Knock Off|[of] p1a: Sableye
|
|-weather|RainDance|[upkeep]
|upkeep
|turn|12
|
|t:|1779636397
|move|p1a: Sableye|Thunder Wave|p2a: Tentacruel
|-status|p2a: Tentacruel|par
|move|p2a: Tentacruel|Surf|p1a: Sableye
|-damage|p1a: Sableye|41/100
|
|-weather|RainDance|[upkeep]
|-heal|p1a: Sableye|47/100|[from] item: Leftovers
|upkeep
|turn|13
|
|t:|1779636408
|switch|p1a: Gastrodon|Gastrodon-East, M|94/100
|move|p2a: Tentacruel|Surf|p1a: Gastrodon
|-ability|p1a: Gastrodon|Storm Drain|boost
|-boost|p1a: Gastrodon|spa|1
|
|-weather|RainDance|[upkeep]
|upkeep
|turn|14
|
|t:|1779636416
|move|p2a: Tentacruel|Rapid Spin|p1a: Gastrodon
|-damage|p1a: Gastrodon|89/100
|-boost|p2a: Tentacruel|spe|1
|-damage|p2a: Tentacruel|62/100 par|[from] item: Rocky Helmet|[of] p1a: Gastrodon
|-sideend|p2: Uncle Dre|Stealth Rock|[from] move: Rapid Spin|[of] p2a: Tentacruel
|move|p1a: Gastrodon|Ice Beam|p2a: Tentacruel
|-resisted|p2a: Tentacruel
|-damage|p2a: Tentacruel|51/100 par
|
|-weather|RainDance|[upkeep]
|upkeep
|turn|15
|
|t:|1779636431
|switch|p2a: Pelipper|Pelipper, F, shiny|76/100
|move|p1a: Gastrodon|Stealth Rock|p2a: Pelipper
|-sidestart|p2: Uncle Dre|move: Stealth Rock
|
|-weather|RainDance|[upkeep]
|upkeep
|turn|16
|
|t:|1779636443
|move|p2a: Pelipper|Hurricane|p1a: Gastrodon
|-damage|p1a: Gastrodon|55/100
|-start|p1a: Gastrodon|confusion
|-activate|p1a: Gastrodon|confusion
|-damage|p1a: Gastrodon|50/100|[from] confusion
|
|-weather|RainDance|[upkeep]
|upkeep
|turn|17
|
|t:|1779636452
|switch|p2a: Tentacruel|Tentacruel, F, shiny|51/100 par
|-damage|p2a: Tentacruel|39/100 par|[from] Stealth Rock
|-activate|p1a: Gastrodon|confusion
|move|p1a: Gastrodon|Ice Beam|p2a: Tentacruel
|-resisted|p2a: Tentacruel
|-damage|p2a: Tentacruel|26/100 par
|
|-weather|RainDance|[upkeep]
|upkeep
|turn|18
|
|t:|1779636462
|switch|p1a: Ambipom|Ambipom, M, shiny, tera:Normal|100/100
|move|p2a: Tentacruel|Rapid Spin|p1a: Ambipom
|-damage|p1a: Ambipom|87/100
|-boost|p2a: Tentacruel|spe|1
|-sideend|p2: Uncle Dre|Stealth Rock|[from] move: Rapid Spin|[of] p2a: Tentacruel
|
|-weather|none
|upkeep
|turn|19
|
|t:|1779636477
|move|p1a: Ambipom|Fake Out|p2a: Tentacruel
|-damage|p2a: Tentacruel|0 fnt
|faint|p2a: Tentacruel
|
|upkeep
|
|t:|1779636483
|switch|p2a: Pelipper|Pelipper, F, shiny|76/100
|-weather|RainDance|[from] ability: Drizzle|[of] p2a: Pelipper
|turn|20
|
|t:|1779636496
|move|p1a: Ambipom|Double Hit|p2a: Pelipper
|-damage|p2a: Pelipper|34/100
|-damage|p2a: Pelipper|0 fnt
|faint|p2a: Pelipper
|-hitcount|p2: Pelipper|2
|
|-weather|RainDance|[upkeep]
|upkeep
|
|t:|1779636508
|switch|p2a: Walking Wake|Walking Wake|100/100
|turn|21
|
|t:|1779636520
|switch|p1a: Gastrodon|Gastrodon-East, M|50/100
|move|p2a: Walking Wake|Flip Turn|p1a: Gastrodon
|-ability|p1a: Gastrodon|Storm Drain|boost
|-boost|p1a: Gastrodon|spa|1
|
|-weather|RainDance|[upkeep]
|upkeep
|turn|22
|
|t:|1779636528
|-end|p2a: Walking Wake|Protosynthesis|[silent]
|switch|p2a: Barraskewda|Barraskewda, M, shiny|100/100
|move|p1a: Gastrodon|Recover|p1a: Gastrodon
|-heal|p1a: Gastrodon|100/100
|
|-weather|RainDance|[upkeep]
|upkeep
|turn|23
|
|t:|1779636536
|move|p2a: Barraskewda|Psychic Fangs|p1a: Gastrodon
|-damage|p1a: Gastrodon|68/100
|-damage|p2a: Barraskewda|84/100|[from] item: Rocky Helmet|[of] p1a: Gastrodon
|move|p1a: Gastrodon|Stealth Rock|p2a: Barraskewda
|-sidestart|p2: Uncle Dre|move: Stealth Rock
|
|-weather|RainDance|[upkeep]
|upkeep
|turn|24
|-message|Uncle Dre forfeited.
|
|win|vaxanon
|raw|vaxanon's rating: 1127 &rarr; <strong>1153</strong><br />(+26 for winning)
|raw|Uncle Dre's rating: 1143 &rarr; <strong>1117</strong><br />(-26 for losing)
|l|☆Uncle Dre
|player|p2|
|l|☆vaxanon
|player|p1|
