|j|☆CIodSuspectTest
|j|☆yeetoo
|t:|1779638625
|gametype|singles
|player|p1|CIodSuspectTest|170|1388
|player|p2|yeetoo|youngster|1392
|gen|9
|tier|[Gen 9] OU
|rated|
|rule|HP Percentage Mod: HP is shown in percentages
|rule|Endless Battle Clause: Forcing endless battles is banned
|rule|Species Clause: Limit one of each Pokémon
|rule|OHKO Clause: OHKO moves are banned
|rule|Evasion Items Clause: Evasion items are banned
|rule|Evasion Moves Clause: Evasion moves are banned
|rule|Evasion Abilities Clause: Evasion abilities are banned
|rule|Sleep Moves Clause: Sleep-inducing moves are banned
|clearpoke
|poke|p1|Zoroark-Hisui, M|
|poke|p1|Zamazenta-*|
|poke|p1|Clodsire, F|
|poke|p1|Ogerpon-Wellspring, F|
|poke|p1|Cinderace, F|
|poke|p1|Deoxys-Speed|
|poke|p2|Zapdos-Galar|
|poke|p2|Haxorus, F|
|poke|p2|Swampert, M|
|poke|p2|Electrode-Hisui|
|poke|p2|Meloetta|
|poke|p2|Entei|
|teampreview
|
|t:|1779638633
|teamsize|p1|6
|teamsize|p2|6
|start
|switch|p1a: Deoxys|Deoxys-Speed|100/100
|switch|p2a: Haxorus|Haxorus, F|100/100
|-ability|p1a: Deoxys|Pressure
|-ability|p2a: Haxorus|Mold Breaker
|turn|1
|inactive|Battle timer is ON: inactive players will automatically lose when time's up. (requested by CIodSuspectTest)
|
|t:|1779638660
|-terastallize|p1a: Deoxys|Steel
|move|p2a: Haxorus|First Impression|p1a: Deoxys
|-resisted|p1a: Deoxys
|-damage|p1a: Deoxys|75/100
|move|p1a: Deoxys|Ice Beam|p2a: Haxorus
|-supereffective|p2a: Haxorus
|-damage|p2a: Haxorus|0 fnt
|faint|p2a: Haxorus
|-damage|p1a: Deoxys|66/100|[from] item: Life Orb
|
|upkeep
|
|t:|1779638676
|switch|p2a: Swampert|Swampert, M|100/100
|turn|2
|
|t:|1779638678
|switch|p1a: Ogerpon|Ogerpon-Wellspring, F|100/100
|move|p2a: Swampert|Earthquake|p1a: Ogerpon
|-resisted|p1a: Ogerpon
|-damage|p1a: Ogerpon|69/100
|
|upkeep
|turn|3
|inactive|yeetoo has 120 seconds left.
|
|t:|1779638714
|switch|p2a: Electrode|Electrode-Hisui|100/100
|move|p1a: Ogerpon|U-turn|p2a: Electrode
|-supereffective|p2a: Electrode
|-damage|p2a: Electrode|0 fnt
|-damage|p1a: Ogerpon|44/100|[from] ability: Aftermath|[of] p2a: Electrode
|faint|p2a: Electrode
|
|t:|1779638724
|switch|p1a: Clodsire|Clodsire, F|100/100|[from] U-turn
|-item|p1a: Clodsire|Air Balloon
|
|upkeep
|
|t:|1779638728
|switch|p2a: Swampert|Swampert, M|100/100
|turn|4
|
|t:|1779638730
|move|p1a: Clodsire|Will-O-Wisp|p2a: Swampert
|-status|p2a: Swampert|brn
|move|p2a: Swampert|Knock Off|p1a: Clodsire
|-supereffective|p1a: Clodsire
|-damage|p1a: Clodsire|30/100
|replace|p1a: Zoroark|Zoroark-Hisui, M, shiny
|-end|p1a: Zoroark|Illusion
|-enditem|p1a: Zoroark|Air Balloon
|
|-damage|p2a: Swampert|94/100 brn|[from] brn
|upkeep
|turn|5
|
|t:|1779638741
|switch|p1a: Ogerpon|Ogerpon-Wellspring, F|44/100
|move|p2a: Swampert|Earthquake|p1a: Ogerpon
|-resisted|p1a: Ogerpon
|-damage|p1a: Ogerpon|28/100
|
|-damage|p2a: Swampert|88/100 brn|[from] brn
|upkeep
|turn|6
|
|t:|1779638749
|switch|p2a: Zapdos|Zapdos-Galar|100/100
|move|p1a: Ogerpon|Ivy Cudgel|p2a: Zapdos|[anim] Ivy Cudgel Water
|-damage|p2a: Zapdos|28/100
|
|upkeep
|turn|7
|
|t:|1779638755
|move|p1a: Ogerpon|Ivy Cudgel|p2a: Zapdos|[anim] Ivy Cudgel Water
|-damage|p2a: Zapdos|0 fnt
|faint|p2a: Zapdos
|
|upkeep
|
|t:|1779638761
|switch|p2a: Entei|Entei|100/100
|turn|8
|
|t:|1779638766
|switch|p1a: Clodsire|Clodsire, F|30/100
|move|p2a: Entei|Extreme Speed|p1a: Clodsire
|-immune|p1a: Clodsire
|
|upkeep
|turn|9
|
|t:|1779638774
|switch|p2a: Meloetta|Meloetta|100/100
|move|p1a: Clodsire|Hex|p2a: Meloetta
|-immune|p2a: Meloetta
|
|upkeep
|turn|10
|
|t:|1779638780
|move|p1a: Clodsire|Will-O-Wisp|p2a: Meloetta
|-status|p2a: Meloetta|brn
|move|p2a: Meloetta|Psychic|p1a: Clodsire
|-damage|p1a: Clodsire|0 fnt
|replace|p1a: Zoroark|Zoroark-Hisui, M, shiny
|-end|p1a: Zoroark|Illusion
|faint|p1a: Zoroark
|
|-damage|p2a: Meloetta|94/100 brn|[from] brn
|upkeep
|
|t:|1779638790
|switch|p1a: Ogerpon|Ogerpon-Wellspring, F|28/100
|turn|11
|
|t:|1779638805
|move|p1a: Ogerpon|Horn Leech|p2a: Meloetta
|-damage|p2a: Meloetta|39/100 brn
|-heal|p1a: Ogerpon|59/100|[from] drain|[of] p2a: Meloetta
|move|p2a: Meloetta|Psychic|p1a: Ogerpon
|-damage|p1a: Ogerpon|7/100
|-unboost|p1a: Ogerpon|spd|1
|
|-damage|p2a: Meloetta|33/100 brn|[from] brn
|upkeep
|turn|12
|
|t:|1779638817
|move|p2a: Meloetta|Quick Attack|p1a: Ogerpon
|-damage|p1a: Ogerpon|0 fnt
|faint|p1a: Ogerpon
|
|-damage|p2a: Meloetta|27/100 brn|[from] brn
|upkeep
|
|t:|1779638820
|switch|p1a: gay lil chud|Cinderace, F|100/100
|turn|13
|
|t:|1779638837
|move|p1a: gay lil chud|U-turn|p2a: Meloetta
|-start|p1a: gay lil chud|typechange|Bug|[from] ability: Libero
|-supereffective|p2a: Meloetta
|-damage|p2a: Meloetta|0 fnt
|faint|p2a: Meloetta
|
|t:|1779638840
|switch|p1a: Deoxys|Deoxys-Speed, tera:Steel|66/100|[from] U-turn
|-ability|p1a: Deoxys|Pressure
|
|upkeep
|c|☆yeetoo|lol
|c|☆yeetoo|cinderace is a gay lil chud
|
|t:|1779638855
|switch|p2a: Swampert|Swampert, M|88/100 brn
|turn|14
|
|t:|1779638858
|move|p1a: Deoxys|Psycho Boost|p2a: Swampert
|-damage|p2a: Swampert|44/100 brn
|-unboost|p1a: Deoxys|spa|2
|-damage|p1a: Deoxys|56/100|[from] item: Life Orb
|move|p2a: Swampert|Earthquake|p1a: Deoxys
|-supereffective|p1a: Deoxys
|-damage|p1a: Deoxys|0 fnt
|faint|p1a: Deoxys
|
|-damage|p2a: Swampert|38/100 brn|[from] brn
|upkeep
|
|t:|1779638866
|switch|p1a: gay lil chud|Cinderace, F|100/100
|turn|15
|
|t:|1779638873
|move|p1a: gay lil chud|U-turn|p2a: Swampert
|-start|p1a: gay lil chud|typechange|Bug|[from] ability: Libero
|-crit|p2a: Swampert
|-damage|p2a: Swampert|0 fnt
|faint|p2a: Swampert
|
|t:|1779638877
|switch|p1a: Clodsire|Clodsire, F|100/100|[from] U-turn
|
|upkeep
|
|t:|1779638880
|switch|p2a: Entei|Entei|100/100
|turn|16
|
|t:|1779638883
|move|p2a: Entei|Stomping Tantrum|p1a: Clodsire
|-supereffective|p1a: Clodsire
|-damage|p1a: Clodsire|49/100
|move|p1a: Clodsire|Toxic|p2a: Entei
|-status|p2a: Entei|tox
|
|-heal|p1a: Clodsire|55/100|[from] item: Leftovers
|-damage|p2a: Entei|94/100 tox|[from] psn
|upkeep
|turn|17
|c|☆yeetoo|ggs
|-message|yeetoo forfeited.
|
|win|CIodSuspectTest
|raw|CIodSuspectTest's rating: 1388 &rarr; <strong>1410</strong><br />(+22 for winning)
|raw|yeetoo's rating: 1415 &rarr; <strong>1393</strong><br />(-22 for losing)
|l|☆yeetoo
|player|p2|
|l|☆CIodSuspectTest
|player|p1|
