|j|☆ghvby
|j|☆Twisted Divinity
|t:|1779596949
|gametype|singles
|player|p1|ghvby|steven|1458
|player|p2|Twisted Divinity|acerola-masters|1517
|gen|9
|tier|[Gen 9] OU
|rated|
|rule|HP Percentage Mod: HP is shown in percentages
|rule|Endless Battle Clause: Forcing endless battles is banned
|rule|Species Clause: Limit one of each Pokémon
|rule|OHKO Clause: OHKO moves are banned
|rule|Evasion Items Clause: Evasion items are banned
|rule|Evasion Moves Clause: Evasion moves are banned
|rule|Evasion Abilities Clause: Evasion abilities are banned
|rule|Sleep Moves Clause: Sleep-inducing moves are banned
|clearpoke
|poke|p1|Dragapult, M|
|poke|p1|Great Tusk|
|poke|p1|Kingambit, M|
|poke|p1|Alomomola, F|
|poke|p1|Clodsire, M|
|poke|p1|Latios, M|
|poke|p2|Wo-Chien|
|poke|p2|Torkoal, M|
|poke|p2|Cinderace, F|
|poke|p2|Great Tusk|
|poke|p2|Walking Wake|
|poke|p2|Clefable, F|
|teampreview
|inactive|Battle timer is ON: inactive players will automatically lose when time's up. (requested by Twisted Divinity)
|
|t:|1779596968
|teamsize|p1|6
|teamsize|p2|6
|start
|switch|p1a: Latios|Latios, M|100/100
|switch|p2a: Chuck Norris Kick|Cinderace, F|100/100
|-item|p2a: Chuck Norris Kick|Air Balloon
|turn|1
|
|t:|1779596976
|switch|p2a: Let's Larp|Clefable, F|100/100
|move|p1a: Latios|Draco Meteor|p2a: Let's Larp
|-immune|p2a: Let's Larp
|
|upkeep
|turn|2
|
|t:|1779596986
|switch|p1a: Alomomola|Alomomola, F|100/100
|move|p2a: Let's Larp|Moonblast|p1a: Alomomola
|-damage|p1a: Alomomola|86/100
|
|upkeep
|turn|3
|
|t:|1779597002
|switch|p2a: The Sun Is So Loud|Torkoal, M|100/100
|-weather|SunnyDay|[from] ability: Drought|[of] p2a: The Sun Is So Loud
|switch|p1a: Clodsire|Clodsire, M|100/100
|
|-weather|SunnyDay|[upkeep]
|upkeep
|turn|4
|
|t:|1779597013
|switch|p2a: Great Tuskarus|Great Tusk, shiny|100/100
|-activate|p2a: Great Tuskarus|ability: Protosynthesis
|-start|p2a: Great Tuskarus|protosynthesisspe
|move|p1a: Clodsire|Toxic|p2a: Great Tuskarus
|-status|p2a: Great Tuskarus|tox
|
|-weather|SunnyDay|[upkeep]
|-damage|p2a: Great Tuskarus|94/100 tox|[from] psn
|upkeep
|turn|5
|
|t:|1779597020
|switch|p1a: Alomomola|Alomomola, F|100/100
|move|p2a: Great Tuskarus|Stealth Rock|p1a: Alomomola
|-sidestart|p1: ghvby|move: Stealth Rock
|
|-weather|SunnyDay|[upkeep]
|-damage|p2a: Great Tuskarus|82/100 tox|[from] psn
|upkeep
|turn|6
|
|t:|1779597025
|-end|p2a: Great Tuskarus|Protosynthesis|[silent]
|switch|p2a: Wo Chienuenly|Wo-Chien|100/100
|-ability|p2a: Wo Chienuenly|Tablets of Ruin
|move|p1a: Alomomola|Flip Turn|p2a: Wo Chienuenly
|-resisted|p2a: Wo Chienuenly
|-damage|p2a: Wo Chienuenly|98/100
|
|t:|1779597034
|switch|p1a: Dragapult|Dragapult, M|100/100|[from] Flip Turn
|
|-weather|SunnyDay|[upkeep]
|upkeep
|turn|7
|
|t:|1779597038
|switch|p2a: Let's Larp|Clefable, F|100/100
|move|p1a: Dragapult|U-turn|p2a: Let's Larp
|-resisted|p2a: Let's Larp
|-damage|p2a: Let's Larp|93/100
|
|t:|1779597043
|switch|p1a: Clodsire|Clodsire, M|100/100|[from] U-turn
|-damage|p1a: Clodsire|94/100|[from] Stealth Rock
|
|-weather|SunnyDay|[upkeep]
|-heal|p1a: Clodsire|100/100|[from] item: Leftovers
|upkeep
|turn|8
|
|t:|1779597057
|switch|p2a: Chuck Norris Kick|Cinderace, F|100/100
|-item|p2a: Chuck Norris Kick|Air Balloon
|move|p1a: Clodsire|Stealth Rock|p2a: Chuck Norris Kick
|-sidestart|p2: Twisted Divinity|move: Stealth Rock
|
|-weather|SunnyDay|[upkeep]
|upkeep
|turn|9
|
|t:|1779597062
|switch|p1a: Alomomola|Alomomola, F|100/100
|-damage|p1a: Alomomola|88/100|[from] Stealth Rock
|move|p2a: Chuck Norris Kick|Flame Charge|p1a: Alomomola
|-resisted|p1a: Alomomola
|-damage|p1a: Alomomola|74/100
|-boost|p2a: Chuck Norris Kick|spe|1
|
|-weather|SunnyDay|[upkeep]
|upkeep
|turn|10
|
|t:|1779597070
|switch|p2a: Wo Chienuenly|Wo-Chien|98/100
|-damage|p2a: Wo Chienuenly|85/100|[from] Stealth Rock
|-ability|p2a: Wo Chienuenly|Tablets of Ruin
|move|p1a: Alomomola|Flip Turn|p2a: Wo Chienuenly
|-resisted|p2a: Wo Chienuenly
|-damage|p2a: Wo Chienuenly|82/100
|
|t:|1779597081
|switch|p1a: Dragapult|Dragapult, M|100/100|[from] Flip Turn
|
|-weather|none
|upkeep
|turn|11
|
|t:|1779597086
|move|p1a: Dragapult|U-turn|p2a: Wo Chienuenly
|-supereffective|p2a: Wo Chienuenly
|-damage|p2a: Wo Chienuenly|27/100
|
|t:|1779597095
|switch|p1a: Alomomola|Alomomola, F|100/100|[from] U-turn
|-damage|p1a: Alomomola|88/100|[from] Stealth Rock
|move|p2a: Wo Chienuenly|Knock Off|p1a: Alomomola
|-damage|p1a: Alomomola|56/100
|-enditem|p1a: Alomomola|Assault Vest|[from] move: Knock Off|[of] p2a: Wo Chienuenly
|-damage|p2a: Wo Chienuenly|17/100|[from] item: Life Orb
|
|upkeep
|turn|12
|
|t:|1779597107
|move|p2a: Wo Chienuenly|Giga Drain|p1a: Alomomola
|-supereffective|p1a: Alomomola
|-damage|p1a: Alomomola|0 fnt
|-heal|p2a: Wo Chienuenly|65/100|[from] drain|[of] p1a: Alomomola
|faint|p1a: Alomomola
|-damage|p2a: Wo Chienuenly|55/100|[from] item: Life Orb
|
|upkeep
|
|t:|1779597115
|switch|p1a: Latios|Latios, M|100/100
|-damage|p1a: Latios|88/100|[from] Stealth Rock
|turn|13
|
|t:|1779597124
|move|p1a: Latios|Ice Beam|p2a: Wo Chienuenly
|-supereffective|p2a: Wo Chienuenly
|-damage|p2a: Wo Chienuenly|0 fnt
|faint|p2a: Wo Chienuenly
|
|upkeep
|
|t:|1779597127
|switch|p2a: The Sun Is So Loud|Torkoal, M|100/100
|-damage|p2a: The Sun Is So Loud|76/100|[from] Stealth Rock
|-weather|SunnyDay|[from] ability: Drought|[of] p2a: The Sun Is So Loud
|turn|14
|
|t:|1779597136
|switch|p1a: Clodsire|Clodsire, M|100/100
|-damage|p1a: Clodsire|94/100|[from] Stealth Rock
|move|p2a: The Sun Is So Loud|Rapid Spin|p1a: Clodsire
|-damage|p1a: Clodsire|82/100
|-boost|p2a: The Sun Is So Loud|spe|1
|-sideend|p2: Twisted Divinity|Stealth Rock|[from] move: Rapid Spin|[of] p2a: The Sun Is So Loud
|
|-weather|SunnyDay|[upkeep]
|-heal|p1a: Clodsire|88/100|[from] item: Leftovers
|upkeep
|turn|15
|
|t:|1779597141
|switch|p2a: Great Tuskarus|Great Tusk, shiny|82/100 tox
|-activate|p2a: Great Tuskarus|ability: Protosynthesis
|-start|p2a: Great Tuskarus|protosynthesisspe
|move|p1a: Clodsire|Stealth Rock|p2a: Great Tuskarus
|-sidestart|p2: Twisted Divinity|move: Stealth Rock
|
|-weather|SunnyDay|[upkeep]
|-heal|p1a: Clodsire|95/100|[from] item: Leftovers
|-damage|p2a: Great Tuskarus|76/100 tox|[from] psn
|upkeep
|turn|16
|
|t:|1779597155
|move|p2a: Great Tuskarus|Ice Spinner|p1a: Clodsire
|-supereffective|p1a: Clodsire
|-crit|p1a: Clodsire
|-damage|p1a: Clodsire|23/100
|move|p1a: Clodsire|Earthquake|p2a: Great Tuskarus
|-crit|p2a: Great Tuskarus
|-damage|p2a: Great Tuskarus|49/100 tox
|
|-weather|SunnyDay|[upkeep]
|-heal|p1a: Clodsire|29/100|[from] item: Leftovers
|-damage|p2a: Great Tuskarus|37/100 tox|[from] psn
|upkeep
|turn|17
|
|t:|1779597166
|switch|p1a: Kingambit|Kingambit, M|100/100
|-damage|p1a: Kingambit|94/100|[from] Stealth Rock
|-activate|p1a: Kingambit|ability: Supreme Overlord
|-start|p1a: Kingambit|fallen1|[silent]
|move|p2a: Great Tuskarus|Rapid Spin|p1a: Kingambit
|-resisted|p1a: Kingambit
|-damage|p1a: Kingambit|89/100
|-boost|p2a: Great Tuskarus|spe|1
|-sideend|p2: Twisted Divinity|Stealth Rock|[from] move: Rapid Spin|[of] p2a: Great Tuskarus
|
|-weather|SunnyDay|[upkeep]
|-damage|p2a: Great Tuskarus|18/100 tox|[from] psn
|upkeep
|turn|18
|
|t:|1779597170
|move|p1a: Kingambit|Sucker Punch|p2a: Great Tuskarus
|-resisted|p2a: Great Tuskarus
|-damage|p2a: Great Tuskarus|3/100 tox
|-damage|p1a: Kingambit|72/100|[from] item: Rocky Helmet|[of] p2a: Great Tuskarus
|move|p2a: Great Tuskarus|Headlong Rush|p1a: Kingambit
|-supereffective|p1a: Kingambit
|-damage|p1a: Kingambit|0 fnt
|-unboost|p2a: Great Tuskarus|def|1
|-unboost|p2a: Great Tuskarus|spd|1
|faint|p1a: Kingambit
|-end|p1a: Kingambit|fallen1|[silent]
|
|-weather|SunnyDay|[upkeep]
|-damage|p2a: Great Tuskarus|0 fnt|[from] psn
|faint|p2a: Great Tuskarus
|-end|p2a: Great Tuskarus|Protosynthesis|[silent]
|upkeep
|
|t:|1779597177
|switch|p2a: MAXIMUM OUTPUT|Walking Wake|100/100
|switch|p1a: Clodsire|Clodsire, M|29/100
|-damage|p1a: Clodsire|23/100|[from] Stealth Rock
|-activate|p2a: MAXIMUM OUTPUT|ability: Protosynthesis
|-start|p2a: MAXIMUM OUTPUT|protosynthesisspe
|turn|19
|
|t:|1779597183
|move|p2a: MAXIMUM OUTPUT|Flamethrower|p1a: Clodsire
|-crit|p1a: Clodsire
|-damage|p1a: Clodsire|0 fnt
|faint|p1a: Clodsire
|
|-weather|SunnyDay|[upkeep]
|upkeep
|
|t:|1779597187
|switch|p1a: Latios|Latios, M|88/100
|-damage|p1a: Latios|76/100|[from] Stealth Rock
|turn|20
|
|t:|1779597193
|-end|p2a: MAXIMUM OUTPUT|Protosynthesis|[silent]
|switch|p2a: Let's Larp|Clefable, F|93/100
|move|p1a: Latios|Luster Purge|p2a: Let's Larp
|-damage|p2a: Let's Larp|46/100
|
|-weather|SunnyDay|[upkeep]
|upkeep
|turn|21
|
|t:|1779597200
|move|p1a: Latios|Luster Purge|p2a: Let's Larp
|-damage|p2a: Let's Larp|2/100
|move|p2a: Let's Larp|Moonblast|p1a: Latios
|-supereffective|p1a: Latios
|-damage|p1a: Latios|4/100
|-unboost|p1a: Latios|spa|1
|
|-weather|none
|upkeep
|turn|22
|
|t:|1779597205
|move|p1a: Latios|Luster Purge|p2a: Let's Larp
|-damage|p2a: Let's Larp|0 fnt
|faint|p2a: Let's Larp
|
|upkeep
|
|t:|1779597208
|switch|p2a: The Sun Is So Loud|Torkoal, M|76/100
|-weather|SunnyDay|[from] ability: Drought|[of] p2a: The Sun Is So Loud
|turn|23
|
|t:|1779597211
|switch|p1a: Great Tusk|Great Tusk|100/100
|-damage|p1a: Great Tusk|98/100|[from] Stealth Rock
|-activate|p1a: Great Tusk|ability: Protosynthesis
|-start|p1a: Great Tusk|protosynthesisspe
|move|p2a: The Sun Is So Loud|Rapid Spin|p1a: Great Tusk
|-damage|p1a: Great Tusk|91/100
|-boost|p2a: The Sun Is So Loud|spe|1
|
|-weather|SunnyDay|[upkeep]
|upkeep
|turn|24
|
|t:|1779597215
|move|p1a: Great Tusk|Rapid Spin|p2a: The Sun Is So Loud
|-damage|p2a: The Sun Is So Loud|65/100
|-boost|p1a: Great Tusk|spe|1
|-sideend|p1: ghvby|Stealth Rock|[from] move: Rapid Spin|[of] p1a: Great Tusk
|move|p2a: The Sun Is So Loud|Overheat|p1a: Great Tusk
|-damage|p1a: Great Tusk|20/100
|-unboost|p2a: The Sun Is So Loud|spa|2
|
|-weather|SunnyDay|[upkeep]
|upkeep
|turn|25
|
|t:|1779597227
|move|p1a: Great Tusk|Headlong Rush|p2a: The Sun Is So Loud
|-supereffective|p2a: The Sun Is So Loud
|-damage|p2a: The Sun Is So Loud|0 fnt
|-unboost|p1a: Great Tusk|def|1
|-unboost|p1a: Great Tusk|spd|1
|faint|p2a: The Sun Is So Loud
|
|-weather|SunnyDay|[upkeep]
|upkeep
|
|t:|1779597228
|switch|p2a: Chuck Norris Kick|Cinderace, F|100/100
|-item|p2a: Chuck Norris Kick|Air Balloon
|turn|26
|
|t:|1779597234
|move|p1a: Great Tusk|Headlong Rush|p2a: Chuck Norris Kick
|-immune|p2a: Chuck Norris Kick
|move|p2a: Chuck Norris Kick|Flame Charge|p1a: Great Tusk
|-damage|p1a: Great Tusk|0 fnt
|-boost|p2a: Chuck Norris Kick|spe|1
|faint|p1a: Great Tusk
|-end|p1a: Great Tusk|Protosynthesis|[silent]
|
|-weather|SunnyDay|[upkeep]
|upkeep
|
|t:|1779597238
|switch|p1a: Dragapult|Dragapult, M|100/100
|turn|27
|
|t:|1779597244
|move|p2a: Chuck Norris Kick|Pyro Ball|p1a: Dragapult
|-resisted|p1a: Dragapult
|-damage|p1a: Dragapult|46/100
|move|p1a: Dragapult|Draco Meteor|p2a: Chuck Norris Kick
|-damage|p2a: Chuck Norris Kick|24/100
|-unboost|p1a: Dragapult|spa|2
|-enditem|p2a: Chuck Norris Kick|Air Balloon
|
|-weather|SunnyDay|[upkeep]
|upkeep
|turn|28
|
|t:|1779597256
|move|p2a: Chuck Norris Kick|Pyro Ball|p1a: Dragapult
|-resisted|p1a: Dragapult
|-damage|p1a: Dragapult|0 fnt
|faint|p1a: Dragapult
|
|-weather|SunnyDay|[upkeep]
|upkeep
|c|☆Twisted Divinity|gg
|
|t:|1779597260
|switch|p1a: Latios|Latios, M|4/100
|turn|29
|
|t:|1779597265
|move|p2a: Chuck Norris Kick|Flame Charge|p1a: Latios
|-resisted|p1a: Latios
|-damage|p1a: Latios|0 fnt
|-boost|p2a: Chuck Norris Kick|spe|1
|faint|p1a: Latios
|
|win|Twisted Divinity
|raw|ghvby's rating: 1458 &rarr; <strong>1441</strong><br />(-17 for losing)
|raw|Twisted Divinity's rating: 1517 &rarr; <strong>1534</strong><br />(+17 for winning)
|l|☆ghvby
|player|p1|
|l|☆Twisted Divinity
|player|p2|
