|j|☆AllHailDudunsparce
|j|☆Flari64
|inactive|Battle timer is ON: inactive players will automatically lose when time's up.
|t:|1779591254
|gametype|singles
|player|p1|AllHailDudunsparce|elesa-masters|
|player|p2|Flari64|miku-ghost|
|gen|9
|tier|[Gen 9] OU
|rated|Tournament battle
|rule|HP Percentage Mod: HP is shown in percentages
|rule|Endless Battle Clause: Forcing endless battles is banned
|rule|Species Clause: Limit one of each Pokémon
|rule|OHKO Clause: OHKO moves are banned
|rule|Evasion Items Clause: Evasion items are banned
|rule|Evasion Moves Clause: Evasion moves are banned
|rule|Evasion Abilities Clause: Evasion abilities are banned
|rule|Sleep Moves Clause: Sleep-inducing moves are banned
|raw|<div class="infobox"><details class="readmore"><summary><strong>15 custom rules:</strong></summary> -burmy, -caterpie, -combee, -kricketot, -magikarp, -scatterbug, -sunkern, -tynamo, -typenull, -weedle, -wurmple, -cosmog, -blipbug, -snom, -wynaut</details></div>
|clearpoke
|poke|p1|Glimmet, F|
|poke|p1|Dudunsparce-*, F|
|poke|p1|Larvitar, F|
|poke|p2|Seedot, M|
|poke|p2|Bisharp, M|
|poke|p2|Meditite, F|
|teampreview
|j|*Lady Monita 
|inactive|AllHailDudunsparce also wants the timer to be on.
|j| Btd6 theme team
|l| Btd6 theme team
|c|☆Flari64|nice dudunsparce
|
|t:|1779591280
|teamsize|p1|3
|teamsize|p2|3
|start
|switch|p1a: God|Dudunsparce-Three-Segment, F|100/100
|switch|p2a: Meditite|Meditite, F, shiny|100/100
|turn|1
|
|t:|1779591285
|-terastallize|p1a: God|Ghost
|move|p2a: Meditite|Fake Out|p1a: God
|-immune|p1a: God
|move|p1a: God|Glare|p2a: Meditite
|-status|p2a: Meditite|par
|
|upkeep
|turn|2
|inactive|Flari64 has 120 seconds left.
|c|☆Flari64|i have had a severe and continuous lapse in judgement
|c|☆AllHailDudunsparce|same
|
|t:|1779591337
|move|p2a: Meditite|Bullet Punch|p1a: God
|-damage|p1a: God|91/100
|move|p1a: God|Headbutt|p2a: Meditite
|-crit|p2a: Meditite
|-damage|p2a: Meditite|48/100 par
|
|-heal|p1a: God|98/100|[from] item: Leftovers
|upkeep
|turn|3
|
|t:|1779591350
|cant|p2a: Meditite|par
|move|p1a: God|Headbutt|p2a: Meditite
|-damage|p2a: Meditite|13/100 par
|
|-heal|p1a: God|100/100|[from] item: Leftovers
|upkeep
|turn|4
|
|t:|1779591352
|cant|p2a: Meditite|par
|move|p1a: God|Headbutt|p2a: Meditite
|-damage|p2a: Meditite|0 fnt
|faint|p2a: Meditite
|
|upkeep
|
|t:|1779591354
|switch|p2a: Bisharp|Bisharp, M, shiny|100/100
|turn|5
|inactive|Flari64 has 120 seconds left.
|
|t:|1779591365
|-terastallize|p2a: Bisharp|Dark
|move|p2a: Bisharp|Lash Out|p1a: God
|-supereffective|p1a: God
|-damage|p1a: God|28/100
|move|p1a: God|Glare|p2a: Bisharp
|-status|p2a: Bisharp|par
|
|-heal|p1a: God|34/100|[from] item: Leftovers
|upkeep
|turn|6
|
|t:|1779591369
|move|p2a: Bisharp|Sucker Punch||[still]
|-fail|p2a: Bisharp
|move|p1a: God|Roost|p1a: God
|-heal|p1a: God|84/100
|
|-heal|p1a: God|91/100|[from] item: Leftovers
|upkeep
|turn|7
|
|t:|1779591371
|move|p2a: Bisharp|Sucker Punch|p1a: God
|-supereffective|p1a: God
|-damage|p1a: God|25/100
|move|p1a: God|Headbutt|p2a: Bisharp
|-damage|p2a: Bisharp|83/100 par
|
|-heal|p1a: God|32/100|[from] item: Leftovers
|upkeep
|turn|8
|
|t:|1779591373
|move|p1a: God|Roost|p1a: God
|-heal|p1a: God|82/100
|move|p2a: Bisharp|Lash Out|p1a: God
|-supereffective|p1a: God
|-damage|p1a: God|17/100
|
|-heal|p1a: God|23/100|[from] item: Leftovers
|upkeep
|turn|9
|
|t:|1779591375
|move|p2a: Bisharp|Sucker Punch||[still]
|-fail|p2a: Bisharp
|move|p1a: God|Roost|p1a: God
|-heal|p1a: God|73/100
|
|-heal|p1a: God|80/100|[from] item: Leftovers
|upkeep
|turn|10
|
|t:|1779591377
|cant|p2a: Bisharp|par
|move|p1a: God|Roost|p1a: God
|-heal|p1a: God|100/100
|
|upkeep
|turn|11
|
|t:|1779591380
|move|p2a: Bisharp|Sucker Punch|p1a: God
|-supereffective|p1a: God
|-damage|p1a: God|33/100
|move|p1a: God|Headbutt|p2a: Bisharp
|-damage|p2a: Bisharp|67/100 par
|
|-heal|p1a: God|39/100|[from] item: Leftovers
|upkeep
|turn|12
|
|t:|1779591382
|move|p1a: God|Roost|p1a: God
|-heal|p1a: God|89/100
|move|p2a: Bisharp|Lash Out|p1a: God
|-supereffective|p1a: God
|-damage|p1a: God|17/100
|
|-heal|p1a: God|23/100|[from] item: Leftovers
|upkeep
|turn|13
|
|t:|1779591384
|move|p1a: God|Roost|p1a: God
|-heal|p1a: God|73/100
|move|p2a: Bisharp|Lash Out|p1a: God
|-supereffective|p1a: God
|-damage|p1a: God|3/100
|
|-heal|p1a: God|9/100|[from] item: Leftovers
|upkeep
|turn|14
|
|t:|1779591393
|switch|p1a: Larvitar|Larvitar, F|100/100
|cant|p2a: Bisharp|par
|
|upkeep
|turn|15
|
|t:|1779591401
|switch|p2a: ball|Seedot, M, shiny|100/100
|move|p1a: Larvitar|Earthquake|p2a: ball
|-resisted|p2a: ball
|-damage|p2a: ball|53/100
|
|upkeep
|turn|16
|
|t:|1779591405
|switch|p1a: Glimmet|Glimmet, F|100/100
|move|p2a: ball|Endeavor|p1a: Glimmet
|-damage|p1a: Glimmet|39/100
|-activate|p1a: Glimmet|ability: Toxic Debris
|-sidestart|p2: Flari64|move: Toxic Spikes
|
|upkeep
|turn|17
|inactive|AllHailDudunsparce has 120 seconds left.
|
|t:|1779591440
|move|p2a: ball|Explosion|p1a: Glimmet
|-resisted|p1a: Glimmet
|-damage|p1a: Glimmet|7/100
|-activate|p1a: Glimmet|ability: Toxic Debris
|-sidestart|p2: Flari64|move: Toxic Spikes
|faint|p2a: ball
|move|p1a: Glimmet|Sludge Wave|p2: ball|[notarget]
|-fail|p1a: Glimmet
|
|upkeep
|
|t:|1779591442
|switch|p2a: Bisharp|Bisharp, M, shiny, tera:Dark|67/100 par
|turn|18
|inactive|Flari64 has 120 seconds left.
|
|t:|1779591475
|move|p1a: Glimmet|Dazzling Gleam|p2a: Bisharp
|-supereffective|p2a: Bisharp
|-damage|p2a: Bisharp|19/100 par
|move|p2a: Bisharp|Iron Head|p1a: Glimmet
|-supereffective|p1a: Glimmet
|-damage|p1a: Glimmet|0 fnt
|faint|p1a: Glimmet
|
|upkeep
|c|☆Flari64|oh.
|
|t:|1779591483
|switch|p1a: Larvitar|Larvitar, F|100/100
|turn|19
|
|t:|1779591490
|cant|p2a: Bisharp|par
|move|p1a: Larvitar|Earthquake|p2a: Bisharp
|-damage|p2a: Bisharp|0 fnt
|faint|p2a: Bisharp
|
|win|AllHailDudunsparce
|n|☆AllHailDudunsparce|allhaildudunsparce
|n|☆Flari64|flari64
|n|*Lady Monita |ladymonita
|c|☆AllHailDudunsparce|gg
|c|☆Flari64|gg
