|j|☆firewall1234
|j|☆ghostoftheranch
|t:|1779645347
|gametype|singles
|player|p1|firewall1234|hugh|1619
|player|p2|ghostoftheranch|medium|1589
|gen|9
|tier|[Gen 9] OU
|rated|
|rule|HP Percentage Mod: HP is shown in percentages
|rule|Endless Battle Clause: Forcing endless battles is banned
|rule|Species Clause: Limit one of each Pokémon
|rule|OHKO Clause: OHKO moves are banned
|rule|Evasion Items Clause: Evasion items are banned
|rule|Evasion Moves Clause: Evasion moves are banned
|rule|Evasion Abilities Clause: Evasion abilities are banned
|rule|Sleep Moves Clause: Sleep-inducing moves are banned
|clearpoke
|poke|p1|Hatterene, F|
|poke|p1|Great Tusk|
|poke|p1|Tornadus-Therian, M|
|poke|p1|Kyurem|
|poke|p1|Slowking-Galar, F|
|poke|p1|Kingambit, F|
|poke|p2|Cramorant, M|
|poke|p2|Gallade, M|
|poke|p2|Kingambit, F|
|poke|p2|Iron Moth|
|poke|p2|Enamorus, F|
|poke|p2|Ogerpon-Cornerstone, F|
|teampreview
|inactive|Battle timer is ON: inactive players will automatically lose when time's up. (requested by firewall1234)
|
|t:|1779645388
|teamsize|p1|6
|teamsize|p2|6
|start
|switch|p1a: Kyurem|Kyurem|100/100
|switch|p2a: Cramorant|Cramorant, M|100/100
|-ability|p1a: Kyurem|Pressure
|turn|1
|
|t:|1779645397
|move|p1a: Kyurem|Freeze-Dry|p2a: Cramorant
|-supereffective|p2a: Cramorant
|-enditem|p2a: Cramorant|Focus Sash
|-damage|p2a: Cramorant|1/100
|move|p2a: Cramorant|Tailwind|p2a: Cramorant
|-sidestart|p2: ghostoftheranch|move: Tailwind
|
|upkeep
|turn|2
|
|t:|1779645403
|move|p2a: Cramorant|Surf|p1a: Kyurem
|-formechange|p2a: Cramorant|Cramorant-Gorging|
|-resisted|p1a: Kyurem
|-damage|p1a: Kyurem|82/100
|move|p1a: Kyurem|Freeze-Dry|p2a: Cramorant
|-supereffective|p2a: Cramorant
|-damage|p2a: Cramorant|0 fnt
|-damage|p1a: Kyurem|57/100|[from] ability: Gulp Missile|[of] p2a: Cramorant
|-status|p1a: Kyurem|par
|-formechange|p2a: Cramorant|Cramorant|
|faint|p2a: Cramorant
|
|upkeep
|
|t:|1779645425
|switch|p2a: Kingambit|Kingambit, F|100/100
|-activate|p2a: Kingambit|ability: Supreme Overlord
|-start|p2a: Kingambit|fallen1|[silent]
|turn|3
|inactive|ghostoftheranch has 120 seconds left.
|inactive|ghostoftheranch has 90 seconds left.
|
|t:|1779645476
|switch|p1a: Great Tusk|Great Tusk|100/100
|move|p2a: Kingambit|Swords Dance|p2a: Kingambit
|-boost|p2a: Kingambit|atk|2
|
|upkeep
|turn|4
|
|t:|1779645484
|-terastallize|p2a: Kingambit|Ghost
|move|p2a: Kingambit|Iron Head|p1a: Great Tusk
|-crit|p1a: Great Tusk
|-damage|p1a: Great Tusk|0 fnt
|-damage|p2a: Kingambit|84/100|[from] item: Rocky Helmet|[of] p1a: Great Tusk
|faint|p1a: Great Tusk
|-end|p1a: Great Tusk|Protosynthesis|[silent]
|-damage|p2a: Kingambit|74/100|[from] item: Life Orb
|
|-sideend|p2: ghostoftheranch|move: Tailwind
|upkeep
|
|t:|1779645504
|switch|p1a: Kingambit|Kingambit, F, shiny|100/100
|-activate|p1a: Kingambit|ability: Supreme Overlord
|-start|p1a: Kingambit|fallen1|[silent]
|turn|5
|
|t:|1779645518
|move|p2a: Kingambit|Low Kick|p1a: Kingambit
|-supereffective|p1a: Kingambit
|-damage|p1a: Kingambit|0 fnt
|faint|p1a: Kingambit
|-end|p1a: Kingambit|fallen1|[silent]
|-damage|p2a: Kingambit|64/100|[from] item: Life Orb
|
|upkeep
|-message|firewall1234 forfeited.
|
|win|ghostoftheranch
|raw|firewall1234's rating: 1619 &rarr; <strong>1597</strong><br />(-22 for losing)
|raw|ghostoftheranch's rating: 1589 &rarr; <strong>1611</strong><br />(+22 for winning)
|l|☆firewall1234
|player|p1|
