|j|☆lol_nymbus
|j|☆gsw (blue)
|t:|1779648806
|gametype|singles
|player|p1|lol_nymbus|266|1192
|player|p2|gsw (blue)|ghetsis|1213
|gen|9
|tier|[Gen 9] OU
|rated|
|rule|HP Percentage Mod: HP is shown in percentages
|rule|Endless Battle Clause: Forcing endless battles is banned
|rule|Species Clause: Limit one of each Pokémon
|rule|OHKO Clause: OHKO moves are banned
|rule|Evasion Items Clause: Evasion items are banned
|rule|Evasion Moves Clause: Evasion moves are banned
|rule|Evasion Abilities Clause: Evasion abilities are banned
|rule|Sleep Moves Clause: Sleep-inducing moves are banned
|clearpoke
|poke|p1|Torkoal, M|
|poke|p1|Raging Bolt|
|poke|p1|Walking Wake|
|poke|p1|Great Tusk|
|poke|p1|Hatterene, F|
|poke|p1|Slither Wing|
|poke|p2|Regieleki|
|poke|p2|Pincurchin, F|
|poke|p2|Deoxys-Speed|
|poke|p2|Zamazenta-*|
|poke|p2|Glimmora, M|
|poke|p2|Zoroark-Hisui, F|
|teampreview
|inactive|Battle timer is ON: inactive players will automatically lose when time's up. (requested by gsw (blue))
|
|t:|1779648828
|teamsize|p1|6
|teamsize|p2|6
|start
|switch|p1a: Slither Wing|Slither Wing, shiny|100/100
|switch|p2a: Glimmora|Glimmora, M|100/100
|turn|1
|
|t:|1779648839
|move|p2a: Glimmora|Meteor Beam||[still]
|-prepare|p2a: Glimmora|Meteor Beam
|-boost|p2a: Glimmora|spa|1
|-enditem|p2a: Glimmora|Power Herb
|-anim|p2a: Glimmora|Meteor Beam|p1a: Slither Wing|[miss]
|-miss|p2a: Glimmora|p1a: Slither Wing
|move|p1a: Slither Wing|U-turn|p2a: Glimmora
|-resisted|p2a: Glimmora
|-damage|p2a: Glimmora|80/100
|-activate|p2a: Glimmora|ability: Toxic Debris
|-sidestart|p1: lol_nymbus|move: Toxic Spikes
|
|t:|1779648855
|-end|p1a: Slither Wing|Protosynthesis|[silent]
|switch|p1a: Great Tusk|Great Tusk, shiny|100/100|[from] U-turn
|-status|p1a: Great Tusk|psn
|
|-damage|p1a: Great Tusk|88/100 psn|[from] psn
|upkeep
|turn|2
|
|t:|1779648873
|move|p2a: Glimmora|Stealth Rock|p1a: Great Tusk
|-sidestart|p1: lol_nymbus|move: Stealth Rock
|move|p1a: Great Tusk|Rapid Spin|p2a: Glimmora
|-resisted|p2a: Glimmora
|-damage|p2a: Glimmora|69/100
|-boost|p1a: Great Tusk|spe|1
|-activate|p2a: Glimmora|ability: Toxic Debris
|-sidestart|p1: lol_nymbus|move: Toxic Spikes
|-sideend|p1: lol_nymbus|Toxic Spikes|[from] move: Rapid Spin|[of] p1a: Great Tusk
|-sideend|p1: lol_nymbus|Stealth Rock|[from] move: Rapid Spin|[of] p1a: Great Tusk
|
|-damage|p1a: Great Tusk|76/100 psn|[from] psn
|upkeep
|turn|3
|inactive|gsw (blue) has 120 seconds left.
|
|t:|1779648923
|move|p1a: Great Tusk|Headlong Rush|p2a: Glimmora
|-supereffective|p2a: Glimmora
|-damage|p2a: Glimmora|0 fnt
|-unboost|p1a: Great Tusk|def|1
|-unboost|p1a: Great Tusk|spd|1
|-activate|p2a: Glimmora|ability: Toxic Debris
|-sidestart|p1: lol_nymbus|move: Toxic Spikes
|faint|p2a: Glimmora
|
|-damage|p1a: Great Tusk|63/100 psn|[from] psn
|upkeep
|
|t:|1779648928
|switch|p2a: Pincurchin|Pincurchin, F|100/100
|turn|4
|
|t:|1779648939
|move|p1a: Great Tusk|Rapid Spin|p2a: Pincurchin
|-damage|p2a: Pincurchin|63/100
|-boost|p1a: Great Tusk|spe|1
|replace|p2a: Zoroark|Zoroark-Hisui, F
|-end|p2a: Zoroark|Illusion
|-sideend|p1: lol_nymbus|Toxic Spikes|[from] move: Rapid Spin|[of] p1a: Great Tusk
|move|p2a: Zoroark|Trick|p1a: Great Tusk
|-activate|p2a: Zoroark|move: Trick|[of] p1a: Great Tusk
|-item|p1a: Great Tusk|Ring Target|[from] move: Trick
|-item|p2a: Zoroark|Assault Vest|[from] move: Trick
|
|-damage|p1a: Great Tusk|51/100 psn|[from] psn
|upkeep
|turn|5
|inactive|gsw (blue) has 120 seconds left.
|
|t:|1779648955
|move|p1a: Great Tusk|Headlong Rush|p2a: Zoroark
|-damage|p2a: Zoroark|0 fnt
|-unboost|p1a: Great Tusk|def|1
|-unboost|p1a: Great Tusk|spd|1
|faint|p2a: Zoroark
|
|-damage|p1a: Great Tusk|39/100 psn|[from] psn
|upkeep
|inactive|gsw (blue) has 120 seconds left.
|
|t:|1779648961
|switch|p2a: Pincurchin|Pincurchin, F|100/100
|turn|6
|
|t:|1779648969
|move|p1a: Great Tusk|Headlong Rush|p2a: Pincurchin
|-supereffective|p2a: Pincurchin
|-damage|p2a: Pincurchin|0 fnt
|-unboost|p1a: Great Tusk|def|1
|-unboost|p1a: Great Tusk|spd|1
|faint|p2a: Pincurchin
|
|-damage|p1a: Great Tusk|26/100 psn|[from] psn
|upkeep
|
|t:|1779648974
|switch|p2a: Regieleki|Regieleki|100/100
|turn|7
|
|t:|1779648978
|move|p1a: Great Tusk|Headlong Rush|p2a: Regieleki
|-supereffective|p2a: Regieleki
|-damage|p2a: Regieleki|0 fnt
|-unboost|p1a: Great Tusk|def|1
|-unboost|p1a: Great Tusk|spd|1
|faint|p2a: Regieleki
|
|-damage|p1a: Great Tusk|14/100 psn|[from] psn
|upkeep
|-message|gsw (blue) forfeited.
|
|win|lol_nymbus
|raw|lol_nymbus's rating: 1192 &rarr; <strong>1219</strong><br />(+27 for winning)
|raw|gsw (blue)'s rating: 1213 &rarr; <strong>1186</strong><br />(-27 for losing)
|l|☆gsw (blue)
|player|p2|
