|j|☆hiro1911
|j|☆haiirsniff
|t:|1779629157
|gametype|singles
|player|p1|hiro1911|gentleman-gen4|1070
|player|p2|haiirsniff|jasmine|1077
|gen|9
|tier|[Gen 9] OU
|rated|
|rule|HP Percentage Mod: HP is shown in percentages
|rule|Endless Battle Clause: Forcing endless battles is banned
|rule|Species Clause: Limit one of each Pokémon
|rule|OHKO Clause: OHKO moves are banned
|rule|Evasion Items Clause: Evasion items are banned
|rule|Evasion Moves Clause: Evasion moves are banned
|rule|Evasion Abilities Clause: Evasion abilities are banned
|rule|Sleep Moves Clause: Sleep-inducing moves are banned
|clearpoke
|poke|p1|Flareon, F|
|poke|p1|Leafeon, M|
|poke|p1|Glaceon, M|
|poke|p1|Espeon, F|
|poke|p1|Umbreon, M|
|poke|p1|Sylveon, F|
|poke|p2|Haxorus, F|
|poke|p2|Samurott-Hisui, M|
|poke|p2|Slowking-Galar, F|
|poke|p2|Zamazenta-*|
|poke|p2|Enamorus, F|
|poke|p2|Iron Treads|
|teampreview
|inactive|Battle timer is ON: inactive players will automatically lose when time's up. (requested by hiro1911)
|
|t:|1779629165
|teamsize|p1|6
|teamsize|p2|6
|start
|switch|p1a: Espeon|Espeon, F|100/100
|switch|p2a: Iron Treads|Iron Treads|100/100
|turn|1
|
|t:|1779629172
|move|p1a: Espeon|Reflect|p1a: Espeon
|-sidestart|p1: hiro1911|Reflect
|move|p2a: Iron Treads|Volt Switch|p1a: Espeon
|-damage|p1a: Espeon|88/100
|
|t:|1779629176
|-end|p2a: Iron Treads|Quark Drive|[silent]
|switch|p2a: Samurott|Samurott-Hisui, M|100/100|[from] Volt Switch
|
|upkeep
|turn|2
|
|t:|1779629183
|move|p1a: Espeon|Light Screen|p1a: Espeon
|-sidestart|p1: hiro1911|move: Light Screen
|move|p2a: Samurott|Ceaseless Edge|p1a: Espeon
|-supereffective|p1a: Espeon
|-damage|p1a: Espeon|12/100
|-sidestart|p1: hiro1911|Spikes
|
|upkeep
|turn|3
|
|t:|1779629192
|switch|p1a: Sylveon|Sylveon, F, shiny|100/100
|-damage|p1a: Sylveon|88/100|[from] Spikes
|move|p2a: Samurott|Swords Dance|p2a: Samurott
|-boost|p2a: Samurott|atk|2
|
|upkeep
|turn|4
|
|t:|1779629200
|-terastallize|p1a: Sylveon|Fairy
|move|p2a: Samurott|Razor Shell|p1a: Sylveon
|-damage|p1a: Sylveon|23/100
|-unboost|p1a: Sylveon|def|1
|move|p1a: Sylveon|Hyper Voice|p2a: Samurott
|-supereffective|p2a: Samurott
|-enditem|p2a: Samurott|Focus Sash
|-damage|p2a: Samurott|1/100
|
|upkeep
|turn|5
|inactive|hiro1911 has 120 seconds left.
|
|t:|1779629234
|switch|p1a: Leafeon|Leafeon, M|100/100
|-damage|p1a: Leafeon|88/100|[from] Spikes
|move|p2a: Samurott|Ceaseless Edge|p1a: Leafeon
|-damage|p1a: Leafeon|45/100
|-sidestart|p1: hiro1911|Spikes
|
|upkeep
|turn|6
|inactive|hiro1911 has 120 seconds left.
|
|t:|1779629245
|move|p2a: Samurott|Sucker Punch||[still]
|-fail|p2a: Samurott
|move|p1a: Leafeon|Leech Seed|p2a: Samurott
|-start|p2a: Samurott|move: Leech Seed
|
|-damage|p2a: Samurott|0 fnt|[from] Leech Seed|[of] p1a: Leafeon
|-heal|p1a: Leafeon|46/100|[silent]
|faint|p2a: Samurott
|upkeep
|
|t:|1779629253
|switch|p2a: Haxorus|Haxorus, F|100/100
|-ability|p2a: Haxorus|Mold Breaker
|turn|7
|
|t:|1779629259
|move|p2a: Haxorus|First Impression|p1a: Leafeon
|-supereffective|p1a: Leafeon
|-damage|p1a: Leafeon|1/100
|move|p1a: Leafeon|Sunny Day|p1a: Leafeon
|-weather|SunnyDay
|
|-weather|SunnyDay|[upkeep]
|upkeep
|turn|8
|
|t:|1779629273
|switch|p2a: Iron Treads|Iron Treads|100/100
|move|p1a: Leafeon|Leech Seed|p2a: Iron Treads
|-start|p2a: Iron Treads|move: Leech Seed
|
|-weather|SunnyDay|[upkeep]
|-damage|p2a: Iron Treads|88/100|[from] Leech Seed|[of] p1a: Leafeon
|-heal|p1a: Leafeon|18/100|[silent]
|-sideend|p1: hiro1911|Reflect
|upkeep
|turn|9
|
|t:|1779629283
|move|p1a: Leafeon|Solar Blade||[still]
|-prepare|p1a: Leafeon|Solar Blade
|-anim|p1a: Leafeon|Solar Blade|p2a: Iron Treads
|-damage|p2a: Iron Treads|43/100
|move|p2a: Iron Treads|Rapid Spin|p1a: Leafeon
|-damage|p1a: Leafeon|7/100
|-boost|p2a: Iron Treads|spe|1
|-end|p2a: Iron Treads|Leech Seed|[from] move: Rapid Spin|[of] p2a: Iron Treads
|
|-weather|SunnyDay|[upkeep]
|-heal|p2a: Iron Treads|50/100|[from] item: Leftovers
|-sideend|p1: hiro1911|move: Light Screen
|upkeep
|turn|10
|
|t:|1779629297
|move|p1a: Leafeon|Leech Seed|p2a: Iron Treads
|-start|p2a: Iron Treads|move: Leech Seed
|move|p2a: Iron Treads|Rapid Spin|p1a: Leafeon
|-damage|p1a: Leafeon|0 fnt
|-boost|p2a: Iron Treads|spe|1
|-end|p2a: Iron Treads|Leech Seed|[from] move: Rapid Spin|[of] p2a: Iron Treads
|faint|p1a: Leafeon
|
|-weather|SunnyDay|[upkeep]
|-heal|p2a: Iron Treads|56/100|[from] item: Leftovers
|upkeep
|
|t:|1779629308
|switch|p1a: Flareon|Flareon, F|100/100
|-damage|p1a: Flareon|84/100|[from] Spikes
|turn|11
|
|t:|1779629322
|move|p2a: Iron Treads|Earthquake|p1a: Flareon
|-supereffective|p1a: Flareon
|-damage|p1a: Flareon|0 fnt
|faint|p1a: Flareon
|
|-weather|SunnyDay|[upkeep]
|-heal|p2a: Iron Treads|62/100|[from] item: Leftovers
|upkeep
|
|t:|1779629331
|switch|p1a: Espeon|Espeon, F|12/100
|-damage|p1a: Espeon|0 fnt|[from] Spikes
|faint|p1a: Espeon
|
|t:|1779629337
|switch|p1a: Sylveon|Sylveon, F, shiny, tera:Fairy|23/100
|-damage|p1a: Sylveon|7/100|[from] Spikes
|turn|12
|
|t:|1779629345
|move|p2a: Iron Treads|Volt Switch|p1a: Sylveon
|-damage|p1a: Sylveon|0 fnt
|faint|p1a: Sylveon
|
|t:|1779629349
|-end|p2a: Iron Treads|Quark Drive|[silent]
|switch|p2a: Haxorus|Haxorus, F|100/100|[from] Volt Switch
|-ability|p2a: Haxorus|Mold Breaker
|
|-weather|SunnyDay|[upkeep]
|upkeep
|
|t:|1779629356
|switch|p1a: Umbreon|Umbreon, M, shiny|100/100
|-damage|p1a: Umbreon|84/100|[from] Spikes
|turn|13
|
|t:|1779629370
|move|p2a: Haxorus|Outrage|p1a: Umbreon
|-damage|p1a: Umbreon|5/100
|move|p1a: Umbreon|Foul Play|p2a: Haxorus
|-damage|p2a: Haxorus|32/100
|
|-weather|SunnyDay|[upkeep]
|upkeep
|turn|14
|
|t:|1779629379
|move|p2a: Haxorus|Outrage|p1a: Umbreon|[from] lockedmove
|-damage|p1a: Umbreon|0 fnt
|faint|p1a: Umbreon
|-start|p2a: Haxorus|confusion|[fatigue]
|
|-weather|none
|upkeep
|
|t:|1779629386
|switch|p1a: Glaceon|Glaceon, M, shiny|100/100
|-damage|p1a: Glaceon|84/100|[from] Spikes
|turn|15
|
|t:|1779629395
|-activate|p2a: Haxorus|confusion
|move|p2a: Haxorus|Outrage|p1a: Glaceon
|-damage|p1a: Glaceon|0 fnt
|faint|p1a: Glaceon
|
|win|haiirsniff
|raw|hiro1911's rating: 1070 &rarr; <strong>1050</strong><br />(-20 for losing)
|raw|haiirsniff's rating: 1077 &rarr; <strong>1105</strong><br />(+28 for winning)
|l|☆haiirsniff
|player|p2|
|l|☆hiro1911
|player|p1|
