|j|☆gummiworm
|j|☆Pavel17g
|t:|1779658929
|gametype|singles
|player|p1|gummiworm|102|1142
|player|p2|Pavel17g|1|1124
|gen|9
|tier|[Gen 9] OU
|rated|
|rule|HP Percentage Mod: HP is shown in percentages
|rule|Endless Battle Clause: Forcing endless battles is banned
|rule|Species Clause: Limit one of each Pokémon
|rule|OHKO Clause: OHKO moves are banned
|rule|Evasion Items Clause: Evasion items are banned
|rule|Evasion Moves Clause: Evasion moves are banned
|rule|Evasion Abilities Clause: Evasion abilities are banned
|rule|Sleep Moves Clause: Sleep-inducing moves are banned
|clearpoke
|poke|p1|Regieleki|
|poke|p1|Regidrago|
|poke|p1|Regirock|
|poke|p1|Regice|
|poke|p1|Registeel|
|poke|p1|Regigigas|
|poke|p2|Glimmora, M|
|poke|p2|Dragapult, F|
|poke|p2|Incineroar, M|
|poke|p2|Corviknight, F|
|poke|p2|Rillaboom, F|
|poke|p2|Milotic, F|
|teampreview
|
|t:|1779658938
|teamsize|p1|6
|teamsize|p2|6
|start
|switch|p1a: Registeel|Registeel|100/100
|switch|p2a: Curry|Incineroar, M|100/100
|-ability|p2a: Curry|Intimidate|boost
|-fail|p1a: Registeel|unboost|[from] ability: Clear Body|[of] p1a: Registeel
|turn|1
|inactive|Battle timer is ON: inactive players will automatically lose when time's up. (requested by Pavel17g)
|
|t:|1779658947
|move|p2a: Curry|Flare Blitz|p1a: Registeel
|-supereffective|p1a: Registeel
|-damage|p1a: Registeel|22/100
|-status|p1a: Registeel|brn
|-damage|p2a: Curry|77/100|[from] Recoil
|move|p1a: Registeel|Thunder Wave|p2a: Curry
|-status|p2a: Curry|par
|
|-heal|p1a: Registeel|29/100 brn|[from] item: Leftovers
|-heal|p2a: Curry|83/100 par|[from] item: Leftovers
|-damage|p1a: Registeel|22/100 brn|[from] brn
|upkeep
|turn|2
|
|t:|1779658953
|switch|p1a: Regirock|Regirock|100/100
|cant|p2a: Curry|par
|
|-heal|p2a: Curry|89/100 par|[from] item: Leftovers
|upkeep
|turn|3
|
|t:|1779658959
|switch|p2a: Paco|Glimmora, M|100/100
|move|p1a: Regirock|Body Press|p2a: Paco
|-damage|p2a: Paco|54/100
|-activate|p2a: Paco|ability: Toxic Debris
|-sidestart|p1: gummiworm|move: Toxic Spikes
|
|upkeep
|turn|4
|
|t:|1779658971
|switch|p1a: Registeel|Registeel|22/100 brn
|move|p2a: Paco|Stealth Rock|p1a: Registeel
|-sidestart|p1: gummiworm|move: Stealth Rock
|
|-heal|p1a: Registeel|29/100 brn|[from] item: Leftovers
|-damage|p1a: Registeel|22/100 brn|[from] brn
|upkeep
|turn|5
|
|t:|1779658975
|move|p2a: Paco|Earth Power|p1a: Registeel
|-supereffective|p1a: Registeel
|-damage|p1a: Registeel|0 fnt
|faint|p1a: Registeel
|
|upkeep
|
|t:|1779658980
|switch|p1a: Regice|Regice|100/100
|turn|6
|
|t:|1779658985
|move|p2a: Paco|Mortal Spin|p1a: Regice
|-damage|p1a: Regice|95/100
|-status|p1a: Regice|psn
|move|p1a: Regice|Snowscape|p1a: Regice
|-weather|Snowscape
|
|-weather|Snowscape|[upkeep]
|-heal|p1a: Regice|100/100 psn|[from] ability: Ice Body
|-damage|p1a: Regice|88/100 psn|[from] psn
|upkeep
|turn|7
|
|t:|1779658998
|switch|p2a: Corviknight|Corviknight, F|100/100
|move|p1a: Regice|Blizzard|p2a: Corviknight
|-damage|p2a: Corviknight|66/100
|
|-weather|Snowscape|[upkeep]
|-heal|p1a: Regice|94/100 psn|[from] ability: Ice Body
|-damage|p1a: Regice|82/100 psn|[from] psn
|upkeep
|turn|8
|
|t:|1779659005
|move|p2a: Corviknight|Roost|p2a: Corviknight
|-heal|p2a: Corviknight|100/100
|-singleturn|p2a: Corviknight|move: Roost
|move|p1a: Regice|Zap Cannon|p2a: Corviknight|[miss]
|-miss|p1a: Regice|p2a: Corviknight
|
|-weather|Snowscape|[upkeep]
|-heal|p1a: Regice|88/100 psn|[from] ability: Ice Body
|-damage|p1a: Regice|75/100 psn|[from] psn
|upkeep
|turn|9
|
|t:|1779659011
|move|p2a: Corviknight|Steel Wing|p1a: Regice
|-supereffective|p1a: Regice
|-damage|p1a: Regice|45/100 psn
|move|p1a: Regice|Zap Cannon|p2a: Corviknight|[miss]
|-miss|p1a: Regice|p2a: Corviknight
|
|-weather|Snowscape|[upkeep]
|-heal|p1a: Regice|51/100 psn|[from] ability: Ice Body
|-damage|p1a: Regice|39/100 psn|[from] psn
|upkeep
|turn|10
|
|t:|1779659028
|move|p2a: Corviknight|Steel Wing|p1a: Regice
|-supereffective|p1a: Regice
|-damage|p1a: Regice|7/100 psn
|move|p1a: Regice|Zap Cannon|p2a: Corviknight|[miss]
|-miss|p1a: Regice|p2a: Corviknight
|
|-weather|none
|-damage|p1a: Regice|0 fnt|[from] psn
|faint|p1a: Regice
|upkeep
|
|t:|1779659030
|switch|p1a: Regieleki|Regieleki|100/100
|-status|p1a: Regieleki|psn
|-damage|p1a: Regieleki|88/100 psn|[from] Stealth Rock
|turn|11
|
|t:|1779659037
|switch|p2a: Dragapult|Dragapult, F|100/100
|move|p1a: Regieleki|Charge Beam|p2a: Dragapult
|-resisted|p2a: Dragapult
|-damage|p2a: Dragapult|73/100
|-boost|p1a: Regieleki|spa|1
|
|-damage|p1a: Regieleki|76/100 psn|[from] psn
|upkeep
|turn|12
|
|t:|1779659047
|move|p1a: Regieleki|Volt Switch|p2a: Dragapult
|-resisted|p2a: Dragapult
|-damage|p2a: Dragapult|19/100
|
|t:|1779659050
|switch|p1a: Regigigas|Regigigas|100/100|[from] Volt Switch
|-status|p1a: Regigigas|psn
|-damage|p1a: Regigigas|88/100 psn|[from] Stealth Rock
|-start|p1a: Regigigas|ability: Slow Start
|move|p2a: Dragapult|Phantom Force||[still]
|-prepare|p2a: Dragapult|Phantom Force
|
|-heal|p1a: Regigigas|94/100 psn|[from] item: Leftovers
|-damage|p1a: Regigigas|82/100 psn|[from] psn
|upkeep
|turn|13
|
|t:|1779659054
|move|p2a: Dragapult|Phantom Force|p1a: Regigigas|[from] lockedmove
|-immune|p1a: Regigigas
|move|p1a: Regigigas|Heavy Slam|p2a: Dragapult
|-damage|p2a: Dragapult|0 fnt
|faint|p2a: Dragapult
|
|-heal|p1a: Regigigas|88/100 psn|[from] item: Leftovers
|-damage|p1a: Regigigas|75/100 psn|[from] psn
|upkeep
|
|t:|1779659058
|switch|p2a: Curry|Incineroar, M|89/100 par
|-ability|p2a: Curry|Intimidate|boost
|-unboost|p1a: Regigigas|atk|1
|turn|14
|
|t:|1779659063
|move|p1a: Regigigas|Protect|p1a: Regigigas
|-singleturn|p1a: Regigigas|Protect
|move|p2a: Curry|Fake Out|p1a: Regigigas
|-activate|p1a: Regigigas|move: Protect
|
|-heal|p1a: Regigigas|81/100 psn|[from] item: Leftovers
|-heal|p2a: Curry|95/100 par|[from] item: Leftovers
|-damage|p1a: Regigigas|69/100 psn|[from] psn
|upkeep
|turn|15
|
|t:|1779659068
|move|p1a: Regigigas|Substitute|p1a: Regigigas
|-start|p1a: Regigigas|Substitute
|-damage|p1a: Regigigas|44/100 psn
|move|p2a: Curry|Parting Shot|p1a: Regigigas
|-unboost|p1a: Regigigas|atk|1
|-unboost|p1a: Regigigas|spa|1
|
|t:|1779659078
|switch|p2a: Jorge|Milotic, F|100/100|[from] Parting Shot
|
|-heal|p1a: Regigigas|50/100 psn|[from] item: Leftovers
|-damage|p1a: Regigigas|38/100 psn|[from] psn
|upkeep
|turn|16
|
|t:|1779659080
|move|p2a: Jorge|Scald|p1a: Regigigas
|-activate|p1a: Regigigas|move: Substitute|[damage]
|move|p1a: Regigigas|Body Slam|p2a: Jorge
|-damage|p2a: Jorge|92/100
|
|-heal|p2a: Jorge|98/100|[from] item: Leftovers
|-heal|p1a: Regigigas|44/100 psn|[from] item: Leftovers
|-damage|p1a: Regigigas|31/100 psn|[from] psn
|upkeep
|turn|17
|
|t:|1779659089
|move|p2a: Jorge|Scald|p1a: Regigigas
|-end|p1a: Regigigas|Substitute
|move|p1a: Regigigas|Body Slam|p2a: Jorge
|-damage|p2a: Jorge|89/100
|-status|p2a: Jorge|par
|
|-heal|p1a: Regigigas|37/100 psn|[from] item: Leftovers
|-heal|p2a: Jorge|95/100 par|[from] item: Leftovers
|-damage|p1a: Regigigas|25/100 psn|[from] psn
|-end|p1a: Regigigas|Slow Start
|upkeep
|turn|18
|
|t:|1779659096
|switch|p2a: Curry|Incineroar, M|95/100 par
|-ability|p2a: Curry|Intimidate|boost
|-unboost|p1a: Regigigas|atk|1
|move|p1a: Regigigas|Body Slam|p2a: Curry
|-damage|p2a: Curry|78/100 par
|
|-heal|p1a: Regigigas|31/100 psn|[from] item: Leftovers
|-heal|p2a: Curry|84/100 par|[from] item: Leftovers
|-damage|p1a: Regigigas|18/100 psn|[from] psn
|upkeep
|turn|19
|
|t:|1779659098
|move|p1a: Regigigas|Body Slam|p2a: Curry
|-damage|p2a: Curry|68/100 par
|move|p2a: Curry|Knock Off|p1a: Regigigas
|-damage|p1a: Regigigas|0 fnt
|-enditem|p1a: Regigigas|Leftovers|[from] move: Knock Off|[of] p2a: Curry
|faint|p1a: Regigigas
|-end|p1a: Regigigas|Slow Start|[silent]
|
|-heal|p2a: Curry|74/100 par|[from] item: Leftovers
|upkeep
|
|t:|1779659101
|switch|p1a: Regieleki|Regieleki|76/100 psn
|-damage|p1a: Regieleki|64/100 psn|[from] Stealth Rock
|turn|20
|
|t:|1779659108
|move|p1a: Regieleki|Volt Switch|p2a: Curry
|-damage|p2a: Curry|29/100 par
|
|t:|1779659111
|switch|p1a: Regirock|Regirock|100/100|[from] Volt Switch
|-status|p1a: Regirock|psn
|-damage|p1a: Regirock|88/100 psn|[from] Stealth Rock
|move|p2a: Curry|Knock Off|p1a: Regirock
|-damage|p1a: Regirock|69/100 psn
|-enditem|p1a: Regirock|Leftovers|[from] move: Knock Off|[of] p2a: Curry
|
|-heal|p2a: Curry|35/100 par|[from] item: Leftovers
|-damage|p1a: Regirock|57/100 psn|[from] psn
|upkeep
|turn|21
|
|t:|1779659126
|switch|p2a: Corviknight|Corviknight, F|100/100
|move|p1a: Regirock|Iron Defense|p1a: Regirock
|-boost|p1a: Regirock|def|2
|
|-damage|p1a: Regirock|44/100 psn|[from] psn
|upkeep
|turn|22
|
|t:|1779659130
|move|p2a: Corviknight|Steel Wing|p1a: Regirock
|-supereffective|p1a: Regirock
|-damage|p1a: Regirock|34/100 psn
|move|p1a: Regirock|Rest|p1a: Regirock
|-status|p1a: Regirock|slp|[from] move: Rest
|-heal|p1a: Regirock|100/100 slp|[silent]
|
|upkeep
|turn|23
|
|t:|1779659146
|switch|p2a: Paco|Glimmora, M|54/100
|cant|p1a: Regirock|slp
|move|p1a: Regirock|Sleep Talk|p1a: Regirock
|move|p1a: Regirock|Iron Defense|p1a: Regirock|[from] move: Sleep Talk
|-boost|p1a: Regirock|def|2
|
|upkeep
|turn|24
|
|t:|1779659160
|-terastallize|p1a: Regirock|Fighting
|move|p2a: Paco|Earth Power|p1a: Regirock
|-damage|p1a: Regirock|76/100 slp
|cant|p1a: Regirock|slp
|move|p1a: Regirock|Sleep Talk|p1a: Regirock
|move|p1a: Regirock|Body Press|p2a: Paco|[from] move: Sleep Talk
|-damage|p2a: Paco|0 fnt
|-activate|p2a: Paco|ability: Toxic Debris
|-sidestart|p1: gummiworm|move: Toxic Spikes
|faint|p2a: Paco
|
|upkeep
|
|t:|1779659172
|switch|p2a: Jorge|Milotic, F|95/100 par
|turn|25
|
|t:|1779659175
|-terastallize|p2a: Jorge|Water
|-curestatus|p1a: Regirock|slp|[msg]
|move|p1a: Regirock|Body Press|p2a: Jorge
|-damage|p2a: Jorge|0 fnt
|faint|p2a: Jorge
|
|upkeep
|-message|Pavel17g forfeited.
|
|win|gummiworm
|raw|gummiworm's rating: 1142 &rarr; <strong>1166</strong><br />(+24 for winning)
|raw|Pavel17g's rating: 1124 &rarr; <strong>1100</strong><br />(-24 for losing)
|l|☆Pavel17g
|player|p2|
|l|☆gummiworm
|player|p1|
