|j|☆PickaxeDevil
|j|☆naerzar
|t:|1779628221
|gametype|singles
|player|p1|PickaxeDevil|266|1384
|player|p2|naerzar|karen|1427
|gen|9
|tier|[Gen 9] OU
|rated|
|rule|HP Percentage Mod: HP is shown in percentages
|rule|Endless Battle Clause: Forcing endless battles is banned
|rule|Species Clause: Limit one of each Pokémon
|rule|OHKO Clause: OHKO moves are banned
|rule|Evasion Items Clause: Evasion items are banned
|rule|Evasion Moves Clause: Evasion moves are banned
|rule|Evasion Abilities Clause: Evasion abilities are banned
|rule|Sleep Moves Clause: Sleep-inducing moves are banned
|clearpoke
|poke|p1|Pelipper, M|
|poke|p1|Kingdra, F|
|poke|p1|Great Tusk|
|poke|p1|Raging Bolt|
|poke|p1|Gholdengo|
|poke|p1|Ogerpon-Wellspring, F|
|poke|p2|Corviknight, F|
|poke|p2|Arcanine-Hisui, M|
|poke|p2|Dragapult, M|
|poke|p2|Umbreon, F|
|poke|p2|Iron Treads|
|poke|p2|Iron Valiant|
|teampreview
|
|t:|1779628236
|teamsize|p1|6
|teamsize|p2|6
|start
|switch|p1a: Great Tusk|Great Tusk|100/100
|switch|p2a: Iron Valiant|Iron Valiant|100/100
|-enditem|p2a: Iron Valiant|Booster Energy
|-activate|p2a: Iron Valiant|ability: Quark Drive|[fromitem]
|-start|p2a: Iron Valiant|quarkdrivespe
|-enditem|p1a: Great Tusk|Booster Energy
|-activate|p1a: Great Tusk|ability: Protosynthesis|[fromitem]
|-start|p1a: Great Tusk|protosynthesisatk
|turn|1
|
|t:|1779628263
|-end|p1a: Great Tusk|Protosynthesis|[silent]
|switch|p1a: Pelipper|Pelipper, M|100/100
|-weather|RainDance|[from] ability: Drizzle|[of] p1a: Pelipper
|move|p2a: Iron Valiant|Calm Mind|p2a: Iron Valiant
|-boost|p2a: Iron Valiant|spa|1
|-boost|p2a: Iron Valiant|spd|1
|
|-weather|RainDance|[upkeep]
|upkeep
|turn|2
|
|t:|1779628277
|switch|p1a: Great Tusk|Great Tusk|100/100
|move|p2a: Iron Valiant|Moonblast|p1a: Great Tusk
|-supereffective|p1a: Great Tusk
|-damage|p1a: Great Tusk|0 fnt
|faint|p1a: Great Tusk
|-end|p1a: Great Tusk|Protosynthesis|[silent]
|
|-weather|RainDance|[upkeep]
|upkeep
|
|t:|1779628284
|switch|p1a: Ogerpon|Ogerpon-Wellspring, F|100/100
|turn|3
|
|t:|1779628292
|move|p2a: Iron Valiant|Moonblast|p1a: Ogerpon
|-damage|p1a: Ogerpon|22/100
|move|p1a: Ogerpon|Ivy Cudgel|p2a: Iron Valiant|[anim] Ivy Cudgel Water
|-crit|p2a: Iron Valiant
|-damage|p2a: Iron Valiant|0 fnt
|faint|p2a: Iron Valiant
|-end|p2a: Iron Valiant|Quark Drive|[silent]
|
|-weather|RainDance|[upkeep]
|upkeep
|
|t:|1779628299
|switch|p2a: Dragapult|Dragapult, M|100/100
|turn|4
|
|t:|1779628307
|move|p2a: Dragapult|U-turn|p1a: Ogerpon
|-supereffective|p1a: Ogerpon
|-damage|p1a: Ogerpon|0 fnt
|faint|p1a: Ogerpon
|
|t:|1779628318
|switch|p2a: Umbreon|Umbreon, F|100/100|[from] U-turn
|
|-weather|RainDance|[upkeep]
|upkeep
|
|t:|1779628322
|switch|p1a: Kingdra|Kingdra, F|100/100
|turn|5
|
|t:|1779628325
|-terastallize|p1a: Kingdra|Water
|move|p1a: Kingdra|Weather Ball|p2a: Umbreon
|-damage|p2a: Umbreon|20/100
|-damage|p1a: Kingdra|91/100|[from] item: Life Orb
|move|p2a: Umbreon|Toxic|p1a: Kingdra
|-status|p1a: Kingdra|tox
|
|-weather|RainDance|[upkeep]
|-heal|p2a: Umbreon|26/100|[from] item: Leftovers
|-damage|p1a: Kingdra|84/100 tox|[from] psn
|upkeep
|turn|6
|
|t:|1779628336
|switch|p1a: Raging Bolt|Raging Bolt|100/100
|move|p2a: Umbreon|Protect||[still]
|-fail|p2a: Umbreon
|
|-weather|RainDance|[upkeep]
|-heal|p2a: Umbreon|32/100|[from] item: Leftovers
|upkeep
|turn|7
|
|t:|1779628340
|-end|p1a: Raging Bolt|Protosynthesis|[silent]
|switch|p1a: Gholdengo|Gholdengo|100/100
|move|p2a: Umbreon|Wish|p2a: Umbreon
|
|-weather|RainDance|[upkeep]
|-heal|p2a: Umbreon|38/100|[from] item: Leftovers
|upkeep
|turn|8
|
|t:|1779628351
|move|p2a: Umbreon|Protect|p2a: Umbreon
|-singleturn|p2a: Umbreon|Protect
|move|p1a: Gholdengo|Make It Rain|p2a: Umbreon
|-activate|p2a: Umbreon|move: Protect
|
|-weather|none
|-heal|p2a: Umbreon|88/100|[from] move: Wish|[wisher] Umbreon
|-heal|p2a: Umbreon|94/100|[from] item: Leftovers
|upkeep
|turn|9
|
|t:|1779628357
|switch|p1a: Pelipper|Pelipper, M|100/100
|-weather|RainDance|[from] ability: Drizzle|[of] p1a: Pelipper
|move|p2a: Umbreon|Foul Play|p1a: Pelipper
|-damage|p1a: Pelipper|86/100
|
|-weather|RainDance|[upkeep]
|-heal|p2a: Umbreon|100/100|[from] item: Leftovers
|upkeep
|turn|10
|
|t:|1779628365
|move|p2a: Umbreon|Toxic|p1a: Pelipper
|-status|p1a: Pelipper|tox
|move|p1a: Pelipper|U-turn|p2a: Umbreon
|-supereffective|p2a: Umbreon
|-damage|p2a: Umbreon|88/100
|
|t:|1779628368
|switch|p1a: Kingdra|Kingdra, F, tera:Water|84/100 tox|[from] U-turn
|
|-weather|RainDance|[upkeep]
|-heal|p2a: Umbreon|94/100|[from] item: Leftovers
|-damage|p1a: Kingdra|78/100 tox|[from] psn
|upkeep
|turn|11
|
|t:|1779628374
|move|p2a: Umbreon|Protect|p2a: Umbreon
|-singleturn|p2a: Umbreon|Protect
|move|p1a: Kingdra|Weather Ball|p2a: Umbreon
|-activate|p2a: Umbreon|move: Protect
|
|-weather|RainDance|[upkeep]
|-heal|p2a: Umbreon|100/100|[from] item: Leftovers
|-damage|p1a: Kingdra|66/100 tox|[from] psn
|upkeep
|turn|12
|
|t:|1779628380
|move|p1a: Kingdra|Weather Ball|p2a: Umbreon
|-damage|p2a: Umbreon|27/100
|-damage|p1a: Kingdra|56/100 tox|[from] item: Life Orb
|move|p2a: Umbreon|Wish|p2a: Umbreon
|
|-weather|RainDance|[upkeep]
|-heal|p2a: Umbreon|33/100|[from] item: Leftovers
|-damage|p1a: Kingdra|37/100 tox|[from] psn
|upkeep
|turn|13
|
|t:|1779628385
|switch|p1a: Gholdengo|Gholdengo|100/100
|move|p2a: Umbreon|Protect||[still]
|-fail|p2a: Umbreon
|
|-weather|RainDance|[upkeep]
|-heal|p2a: Umbreon|83/100|[from] move: Wish|[wisher] Umbreon
|-heal|p2a: Umbreon|89/100|[from] item: Leftovers
|upkeep
|turn|14
|
|t:|1779628388
|move|p1a: Gholdengo|Trick|p2a: Umbreon
|-activate|p1a: Gholdengo|move: Trick|[of] p2a: Umbreon
|-item|p2a: Umbreon|Choice Scarf|[from] move: Trick
|-item|p1a: Gholdengo|Leftovers|[from] move: Trick
|move|p2a: Umbreon|Foul Play|p1a: Gholdengo
|-supereffective|p1a: Gholdengo
|-damage|p1a: Gholdengo|62/100
|
|-weather|RainDance|[upkeep]
|-heal|p1a: Gholdengo|68/100|[from] item: Leftovers
|upkeep
|turn|15
|
|t:|1779628399
|switch|p1a: Raging Bolt|Raging Bolt|100/100
|move|p2a: Umbreon|Foul Play|p1a: Raging Bolt
|-damage|p1a: Raging Bolt|81/100
|
|-weather|RainDance|[upkeep]
|-heal|p1a: Raging Bolt|87/100|[from] item: Leftovers
|upkeep
|turn|16
|
|t:|1779628403
|switch|p2a: Iron Treads|Iron Treads|100/100
|move|p1a: Raging Bolt|Weather Ball|p2a: Iron Treads
|-supereffective|p2a: Iron Treads
|-damage|p2a: Iron Treads|6/100
|
|-weather|none
|-heal|p2a: Iron Treads|12/100|[from] item: Leftovers
|-heal|p1a: Raging Bolt|93/100|[from] item: Leftovers
|upkeep
|turn|17
|
|t:|1779628421
|-end|p1a: Raging Bolt|Protosynthesis|[silent]
|switch|p1a: Pelipper|Pelipper, M|86/100 tox
|-weather|RainDance|[from] ability: Drizzle|[of] p1a: Pelipper
|move|p2a: Iron Treads|Stealth Rock|p1a: Pelipper
|-sidestart|p1: PickaxeDevil|move: Stealth Rock
|
|-weather|RainDance|[upkeep]
|-heal|p2a: Iron Treads|19/100|[from] item: Leftovers
|-damage|p1a: Pelipper|79/100 tox|[from] psn
|upkeep
|turn|18
|
|t:|1779628432
|move|p2a: Iron Treads|Knock Off|p1a: Pelipper
|-damage|p1a: Pelipper|60/100 tox
|-enditem|p1a: Pelipper|Damp Rock|[from] move: Knock Off|[of] p2a: Iron Treads
|move|p1a: Pelipper|Weather Ball|p2a: Iron Treads
|-supereffective|p2a: Iron Treads
|-damage|p2a: Iron Treads|0 fnt
|faint|p2a: Iron Treads
|-end|p2a: Iron Treads|Quark Drive|[silent]
|
|-weather|RainDance|[upkeep]
|-damage|p1a: Pelipper|47/100 tox|[from] psn
|upkeep
|
|t:|1779628452
|switch|p2a: Arcanine|Arcanine-Hisui, M|100/100
|turn|19
|
|t:|1779628455
|-terastallize|p2a: Arcanine|Normal
|move|p2a: Arcanine|Extreme Speed|p1a: Pelipper
|-damage|p1a: Pelipper|4/100 tox
|move|p1a: Pelipper|Weather Ball|p2a: Arcanine
|-damage|p2a: Arcanine|39/100
|
|-weather|RainDance|[upkeep]
|-damage|p1a: Pelipper|0 fnt|[from] psn
|faint|p1a: Pelipper
|upkeep
|
|t:|1779628461
|switch|p1a: Gholdengo|Gholdengo|68/100
|-damage|p1a: Gholdengo|62/100|[from] Stealth Rock
|turn|20
|
|t:|1779628467
|switch|p2a: Umbreon|Umbreon, F|89/100
|move|p1a: Gholdengo|Make It Rain|p2a: Umbreon
|-damage|p2a: Umbreon|48/100
|-unboost|p1a: Gholdengo|spa|1
|
|-weather|RainDance|[upkeep]
|-heal|p1a: Gholdengo|68/100|[from] item: Leftovers
|upkeep
|turn|21
|
|t:|1779628483
|switch|p1a: Raging Bolt|Raging Bolt|93/100
|-damage|p1a: Raging Bolt|81/100|[from] Stealth Rock
|move|p2a: Umbreon|Wish|p2a: Umbreon
|
|-weather|RainDance|[upkeep]
|-heal|p1a: Raging Bolt|87/100|[from] item: Leftovers
|upkeep
|turn|22
|
|t:|1779628490
|move|p2a: Umbreon|Wish||[still]
|-fail|p2a: Umbreon
|move|p1a: Raging Bolt|Thunder|p2a: Umbreon
|-damage|p2a: Umbreon|5/100
|
|-weather|RainDance|[upkeep]
|-heal|p2a: Umbreon|55/100|[from] move: Wish|[wisher] Umbreon
|-heal|p1a: Raging Bolt|93/100|[from] item: Leftovers
|upkeep
|turn|23
|
|t:|1779628496
|move|p2a: Umbreon|Wish|p2a: Umbreon
|move|p1a: Raging Bolt|Thunder|p2a: Umbreon
|-damage|p2a: Umbreon|16/100
|
|-weather|RainDance|[upkeep]
|-heal|p1a: Raging Bolt|99/100|[from] item: Leftovers
|upkeep
|turn|24
|
|t:|1779628501
|move|p2a: Umbreon|Wish||[still]
|-fail|p2a: Umbreon
|move|p1a: Raging Bolt|Thunder|p2a: Umbreon
|-damage|p2a: Umbreon|0 fnt
|faint|p2a: Umbreon
|
|-weather|none
|-heal|p1a: Raging Bolt|100/100|[from] item: Leftovers
|upkeep
|
|t:|1779628507
|switch|p2a: Dragapult|Dragapult, M|100/100
|turn|25
|
|t:|1779628510
|move|p2a: Dragapult|Draco Meteor|p1a: Raging Bolt|[miss]
|-miss|p2a: Dragapult|p1a: Raging Bolt
|move|p1a: Raging Bolt|Draco Meteor|p2a: Dragapult
|-supereffective|p2a: Dragapult
|-damage|p2a: Dragapult|0 fnt
|-unboost|p1a: Raging Bolt|spa|2
|faint|p2a: Dragapult
|
|upkeep
|
|t:|1779628516
|switch|p2a: Arcanine|Arcanine-Hisui, M, tera:Normal|39/100
|turn|26
|
|t:|1779628521
|-end|p1a: Raging Bolt|Protosynthesis|[silent]
|switch|p1a: Kingdra|Kingdra, F, tera:Water|37/100 tox
|-damage|p1a: Kingdra|25/100 tox|[from] Stealth Rock
|move|p2a: Arcanine|Head Smash|p1a: Kingdra|[miss]
|-miss|p2a: Arcanine|p1a: Kingdra
|
|-damage|p1a: Kingdra|19/100 tox|[from] psn
|upkeep
|turn|27
|
|t:|1779628533
|switch|p2a: Corviknight|Corviknight, F|100/100
|-ability|p2a: Corviknight|Pressure
|move|p1a: Kingdra|Dragon Pulse|p2a: Corviknight
|-resisted|p2a: Corviknight
|-damage|p2a: Corviknight|76/100
|-damage|p1a: Kingdra|9/100 tox|[from] item: Life Orb
|
|-damage|p1a: Kingdra|0 fnt|[from] psn
|faint|p1a: Kingdra
|upkeep
|
|t:|1779628537
|switch|p1a: Raging Bolt|Raging Bolt|100/100
|-damage|p1a: Raging Bolt|88/100|[from] Stealth Rock
|turn|28
|
|t:|1779628541
|move|p1a: Raging Bolt|Thunder|p2a: Corviknight
|-supereffective|p2a: Corviknight
|-damage|p2a: Corviknight|0 fnt
|faint|p2a: Corviknight
|
|-heal|p1a: Raging Bolt|94/100|[from] item: Leftovers
|upkeep
|
|t:|1779628546
|switch|p2a: Arcanine|Arcanine-Hisui, M, tera:Normal|39/100
|turn|29
|
|t:|1779628557
|move|p1a: Raging Bolt|Thunderclap|p2a: Arcanine
|-damage|p2a: Arcanine|0 fnt
|faint|p2a: Arcanine
|
|win|PickaxeDevil
|raw|PickaxeDevil's rating: 1384 &rarr; <strong>1406</strong><br />(+22 for winning)
|raw|naerzar's rating: 1427 &rarr; <strong>1405</strong><br />(-22 for losing)
|l|☆PickaxeDevil
|player|p1|
