|j|☆silky2smooth
|j|☆jasperthedog
|t:|1779630220
|gametype|singles
|player|p1|silky2smooth|steven|1482
|player|p2|jasperthedog|169|1446
|gen|9
|tier|[Gen 9] OU
|rated|
|rule|HP Percentage Mod: HP is shown in percentages
|rule|Endless Battle Clause: Forcing endless battles is banned
|rule|Species Clause: Limit one of each Pokémon
|rule|OHKO Clause: OHKO moves are banned
|rule|Evasion Items Clause: Evasion items are banned
|rule|Evasion Moves Clause: Evasion moves are banned
|rule|Evasion Abilities Clause: Evasion abilities are banned
|rule|Sleep Moves Clause: Sleep-inducing moves are banned
|clearpoke
|poke|p1|Torkoal, F|
|poke|p1|Walking Wake|
|poke|p1|Slither Wing|
|poke|p1|Venusaur, F|
|poke|p1|Hatterene, F|
|poke|p1|Chesnaught, F|
|poke|p2|Corviknight, F|
|poke|p2|Tyranitar, F|
|poke|p2|Ditto|
|poke|p2|Zapdos|
|poke|p2|Kingambit, M|
|poke|p2|Hoopa-Unbound|
|teampreview
|
|t:|1779630241
|teamsize|p1|6
|teamsize|p2|6
|start
|switch|p1a: Torkoal|Torkoal, F|100/100
|switch|p2a: Zapdos|Zapdos|100/100
|-weather|SunnyDay|[from] ability: Drought|[of] p1a: Torkoal
|turn|1
|
|t:|1779630247
|move|p2a: Zapdos|Volt Switch|p1a: Torkoal
|-damage|p1a: Torkoal|68/100
|
|t:|1779630251
|switch|p2a: Tyranitar|Tyranitar, F|100/100|[from] Volt Switch
|-weather|Sandstorm|[from] ability: Sand Stream|[of] p2a: Tyranitar
|move|p1a: Torkoal|Stealth Rock|p2a: Tyranitar
|-sidestart|p2: jasperthedog|move: Stealth Rock
|
|-weather|Sandstorm|[upkeep]
|-damage|p1a: Torkoal|62/100|[from] Sandstorm
|upkeep
|turn|2
|
|t:|1779630268
|switch|p1a: Chesnaught|Chesnaught, F|100/100
|move|p2a: Tyranitar|Ice Punch|p1a: Chesnaught
|-supereffective|p1a: Chesnaught
|-damage|p1a: Chesnaught|69/100
|-status|p1a: Chesnaught|frz
|-damage|p2a: Tyranitar|84/100|[from] item: Rocky Helmet|[of] p1a: Chesnaught
|
|-weather|Sandstorm|[upkeep]
|-damage|p1a: Chesnaught|63/100 frz|[from] Sandstorm
|upkeep
|turn|3
|inactive|Battle timer is ON: inactive players will automatically lose when time's up. (requested by silky2smooth)
|
|t:|1779630302
|switch|p1a: Torkoal|Torkoal, F|62/100
|-weather|SunnyDay|[from] ability: Drought|[of] p1a: Torkoal
|switch|p2a: Zapdos|Zapdos|100/100
|
|-weather|SunnyDay|[upkeep]
|upkeep
|turn|4
|
|t:|1779630318
|switch|p1a: Slither Wing|Slither Wing|100/100
|-activate|p1a: Slither Wing|ability: Protosynthesis
|-start|p1a: Slither Wing|protosynthesisatk
|move|p2a: Zapdos|Volt Switch|p1a: Slither Wing
|-damage|p1a: Slither Wing|74/100
|inactive|jasperthedog has 120 seconds left.
|
|t:|1779630356
|switch|p2a: Corviknight|Corviknight, F|100/100|[from] Volt Switch
|-damage|p2a: Corviknight|88/100|[from] Stealth Rock
|
|-weather|SunnyDay|[upkeep]
|upkeep
|turn|5
|inactive|jasperthedog has 120 seconds left.
|
|t:|1779630374
|move|p1a: Slither Wing|Temper Flare|p2a: Corviknight
|-supereffective|p2a: Corviknight
|-damage|p2a: Corviknight|16/100
|-damage|p1a: Slither Wing|58/100|[from] item: Rocky Helmet|[of] p2a: Corviknight
|move|p2a: Corviknight|Defog|p1a: Slither Wing
|-unboost|p1a: Slither Wing|evasion|1
|-sideend|p2: jasperthedog|Stealth Rock|[from] move: Defog|[of] p2a: Corviknight
|
|-weather|SunnyDay|[upkeep]
|upkeep
|turn|6
|inactive|jasperthedog has 120 seconds left.
|
|t:|1779630403
|move|p1a: Slither Wing|Close Combat|p2a: Corviknight
|-damage|p2a: Corviknight|0 fnt
|-unboost|p1a: Slither Wing|def|1
|-unboost|p1a: Slither Wing|spd|1
|-damage|p1a: Slither Wing|41/100|[from] item: Rocky Helmet|[of] p2a: Corviknight
|faint|p2a: Corviknight
|
|-weather|SunnyDay|[upkeep]
|upkeep
|
|t:|1779630417
|switch|p2a: Ditto|Ditto|100/100
|-transform|p2a: Ditto|p1a: Slither Wing|[from] ability: Imposter
|turn|7
|
|t:|1779630436
|-end|p1a: Slither Wing|Protosynthesis|[silent]
|switch|p1a: Hatterene|Hatterene, F|100/100
|move|p2a: Ditto|Close Combat|p1a: Hatterene
|-resisted|p1a: Hatterene
|-damage|p1a: Hatterene|87/100
|-unboost|p2a: Ditto|def|1
|-unboost|p2a: Ditto|spd|1
|-damage|p2a: Ditto|84/100|[from] item: Rocky Helmet|[of] p1a: Hatterene
|
|-weather|SunnyDay|[upkeep]
|upkeep
|turn|8
|inactive|jasperthedog has 90 seconds left.
|inactive|silky2smooth has 120 seconds left.
|
|t:|1779630468
|-end|p2a: Ditto|Protosynthesis|[silent]
|switch|p2a: Tyranitar|Tyranitar, F|84/100
|-weather|Sandstorm|[from] ability: Sand Stream|[of] p2a: Tyranitar
|move|p1a: Hatterene|Nuzzle|p2a: Tyranitar
|-damage|p2a: Tyranitar|81/100
|-status|p2a: Tyranitar|par
|
|-weather|Sandstorm|[upkeep]
|-damage|p1a: Hatterene|81/100|[from] Sandstorm
|upkeep
|turn|9
|inactive|silky2smooth has 120 seconds left.
|inactive|jasperthedog has 90 seconds left.
|
|t:|1779630485
|switch|p1a: Torkoal|Torkoal, F|62/100
|-weather|SunnyDay|[from] ability: Drought|[of] p1a: Torkoal
|cant|p2a: Tyranitar|par
|
|-weather|SunnyDay|[upkeep]
|upkeep
|turn|10
|inactive|jasperthedog has 90 seconds left.
|inactive|jasperthedog has 60 seconds left.
|
|t:|1779630547
|cant|p2a: Tyranitar|par
|move|p1a: Torkoal|Stealth Rock|p2a: Tyranitar
|-sidestart|p2: jasperthedog|move: Stealth Rock
|
|-weather|SunnyDay|[upkeep]
|upkeep
|turn|11
|inactive|silky2smooth has 120 seconds left.
|
|t:|1779630558
|switch|p1a: Walking Wake|Walking Wake|100/100
|-activate|p1a: Walking Wake|ability: Protosynthesis
|-start|p1a: Walking Wake|protosynthesisspe
|cant|p2a: Tyranitar|par
|
|-weather|SunnyDay|[upkeep]
|upkeep
|turn|12
|inactive|silky2smooth has 120 seconds left.
|
|t:|1779630574
|switch|p2a: Ditto|Ditto|84/100
|-damage|p2a: Ditto|71/100|[from] Stealth Rock
|-transform|p2a: Ditto|p1a: Walking Wake|[from] ability: Imposter
|move|p1a: Walking Wake|Hydro Steam|p2a: Ditto
|-resisted|p2a: Ditto
|-damage|p2a: Ditto|42/100
|
|-weather|SunnyDay|[upkeep]
|upkeep
|turn|13
|inactive|silky2smooth has 120 seconds left.
|
|t:|1779630593
|-end|p1a: Walking Wake|Protosynthesis|[silent]
|switch|p1a: Venusaur|Venusaur, F|100/100
|move|p2a: Ditto|Draco Meteor|p1a: Venusaur
|-damage|p1a: Venusaur|16/100
|-unboost|p2a: Ditto|spa|2
|
|-weather|SunnyDay|[upkeep]
|upkeep
|turn|14
|inactive|silky2smooth has 120 seconds left.
|
|t:|1779630608
|switch|p1a: Hatterene|Hatterene, F|81/100
|-end|p2a: Ditto|Protosynthesis|[silent]
|switch|p2a: Tyranitar|Tyranitar, F|81/100 par
|-damage|p2a: Tyranitar|69/100 par|[from] Stealth Rock
|-weather|Sandstorm|[from] ability: Sand Stream|[of] p2a: Tyranitar
|
|-weather|Sandstorm|[upkeep]
|-damage|p1a: Hatterene|75/100|[from] Sandstorm
|upkeep
|turn|15
|inactive|silky2smooth has 120 seconds left.
|
|t:|1779630626
|move|p1a: Hatterene|Healing Wish|p1a: Hatterene
|faint|p1a: Hatterene
|move|p2a: Tyranitar|Knock Off|p1: Hatterene|[notarget]
|-fail|p2a: Tyranitar
|
|-weather|Sandstorm|[upkeep]
|upkeep
|
|t:|1779630633
|switch|p1a: Chesnaught|Chesnaught, F|63/100 frz
|-heal|p1a: Chesnaught|100/100|[from] move: Healing Wish
|turn|16
|inactive|jasperthedog has 60 seconds left.
|inactive|jasperthedog has 30 seconds left.
|inactive|jasperthedog has 20 seconds left.
|inactive|jasperthedog has 15 seconds left.
|inactive|jasperthedog has 10 seconds left.
|inactive|jasperthedog has 5 seconds left.
|-message|jasperthedog lost due to inactivity.
|
|win|silky2smooth
|raw|silky2smooth's rating: 1482 &rarr; <strong>1500</strong><br />(+18 for winning)
|raw|jasperthedog's rating: 1446 &rarr; <strong>1428</strong><br />(-18 for losing)
|l|☆jasperthedog
|player|p2|
