|j|☆hey you're
|j|☆YeatLover267
|t:|1779569900
|gametype|singles
|player|p1|hey you're|blackbelt-gen4dp|1495
|player|p2|YeatLover267|backersf|1442
|gen|9
|tier|[Gen 9] OU
|rated|
|rule|HP Percentage Mod: HP is shown in percentages
|rule|Endless Battle Clause: Forcing endless battles is banned
|rule|Species Clause: Limit one of each Pokémon
|rule|OHKO Clause: OHKO moves are banned
|rule|Evasion Items Clause: Evasion items are banned
|rule|Evasion Moves Clause: Evasion moves are banned
|rule|Evasion Abilities Clause: Evasion abilities are banned
|rule|Sleep Moves Clause: Sleep-inducing moves are banned
|clearpoke
|poke|p1|Moltres|
|poke|p1|Maushold-Four|
|poke|p1|Goodra-Hisui, F|
|poke|p1|Ogerpon-Wellspring, F|
|poke|p1|Gholdengo|
|poke|p1|Deoxys-Speed|
|poke|p2|Toucannon, F|
|poke|p2|Great Tusk|
|poke|p2|Iron Crown|
|poke|p2|Pecharunt|
|poke|p2|Walking Wake|
|poke|p2|Raging Bolt|
|teampreview
|inactive|Battle timer is ON: inactive players will automatically lose when time's up. (requested by hey you're)
|
|t:|1779569911
|teamsize|p1|6
|teamsize|p2|6
|start
|switch|p1a: Deoxys|Deoxys-Speed|100/100
|switch|p2a: Walking Wake|Walking Wake|100/100
|-ability|p1a: Deoxys|Pressure
|turn|1
|
|t:|1779569916
|-terastallize|p1a: Deoxys|Psychic
|move|p2a: Walking Wake|Flip Turn|p1a: Deoxys
|-damage|p1a: Deoxys|73/100
|
|t:|1779569919
|-end|p2a: Walking Wake|Protosynthesis|[silent]
|switch|p2a: Iron Crown|Iron Crown|100/100|[from] Flip Turn
|move|p1a: Deoxys|Psycho Boost|p2a: Iron Crown
|-resisted|p2a: Iron Crown
|-damage|p2a: Iron Crown|80/100
|-unboost|p1a: Deoxys|spa|2
|
|upkeep
|turn|2
|
|t:|1779569925
|switch|p1a: Gholdengo|Gholdengo|100/100
|move|p2a: Iron Crown|Volt Switch|p1a: Gholdengo
|-damage|p1a: Gholdengo|58/100
|
|t:|1779569927
|-end|p2a: Iron Crown|Quark Drive|[silent]
|switch|p2a: Walking Wake|Walking Wake|100/100|[from] Volt Switch
|
|upkeep
|turn|3
|
|t:|1779569931
|switch|p1a: Ogerpon|Ogerpon-Wellspring, F|100/100
|-terastallize|p2a: Walking Wake|Fire
|move|p2a: Walking Wake|Flamethrower|p1a: Ogerpon
|-damage|p1a: Ogerpon|49/100
|
|upkeep
|turn|4
|
|t:|1779569936
|switch|p1a: Goodra|Goodra-Hisui, F|100/100
|move|p2a: Walking Wake|Flamethrower|p1a: Goodra
|-damage|p1a: Goodra|79/100
|
|upkeep
|turn|5
|
|t:|1779569940
|-end|p2a: Walking Wake|Protosynthesis|[silent]
|switch|p2a: Raging Bolt|Raging Bolt|100/100
|-enditem|p2a: Raging Bolt|Booster Energy
|-activate|p2a: Raging Bolt|ability: Protosynthesis|[fromitem]
|-start|p2a: Raging Bolt|protosynthesisspa
|move|p1a: Goodra|Dragon Tail|p2a: Raging Bolt
|-supereffective|p2a: Raging Bolt
|-damage|p2a: Raging Bolt|65/100
|-end|p2a: Raging Bolt|Protosynthesis|[silent]
|drag|p2a: Great Tusk|Great Tusk|100/100
|
|upkeep
|turn|6
|
|t:|1779569946
|-end|p2a: Great Tusk|Protosynthesis|[silent]
|switch|p2a: Raging Bolt|Raging Bolt|65/100
|move|p1a: Goodra|Ice Beam|p2a: Raging Bolt
|-supereffective|p2a: Raging Bolt
|-crit|p2a: Raging Bolt
|-damage|p2a: Raging Bolt|0 fnt
|faint|p2a: Raging Bolt
|-end|p2a: Raging Bolt|Protosynthesis|[silent]
|
|upkeep
|
|t:|1779569948
|switch|p2a: Great Tusk|Great Tusk|100/100
|turn|7
|
|t:|1779569951
|switch|p1a: Moltres|Moltres|100/100
|move|p2a: Great Tusk|Close Combat|p1a: Moltres
|-resisted|p1a: Moltres
|-damage|p1a: Moltres|79/100
|-unboost|p2a: Great Tusk|def|1
|-unboost|p2a: Great Tusk|spd|1
|
|upkeep
|turn|8
|
|t:|1779569954
|-end|p2a: Great Tusk|Protosynthesis|[silent]
|switch|p2a: Walking Wake|Walking Wake, tera:Fire|100/100
|move|p1a: Moltres|U-turn|p2a: Walking Wake
|-resisted|p2a: Walking Wake
|-damage|p2a: Walking Wake|93/100
|
|t:|1779569957
|switch|p1a: Goodra|Goodra-Hisui, F|79/100|[from] U-turn
|
|upkeep
|turn|9
|
|t:|1779569959
|move|p2a: Walking Wake|Flip Turn|p1a: Goodra
|-resisted|p1a: Goodra
|-damage|p1a: Goodra|71/100
|
|t:|1779569962
|-end|p2a: Walking Wake|Protosynthesis|[silent]
|switch|p2a: Pecharunt|Pecharunt|100/100|[from] Flip Turn
|move|p1a: Goodra|Draco Meteor|p2a: Pecharunt
|-damage|p2a: Pecharunt|17/100
|-unboost|p1a: Goodra|spa|2
|
|-heal|p2a: Pecharunt|23/100|[from] item: Leftovers
|upkeep
|turn|10
|
|t:|1779569973
|switch|p1a: Gholdengo|Gholdengo|58/100
|move|p2a: Pecharunt|Shadow Ball|p1a: Gholdengo
|-supereffective|p1a: Gholdengo
|-damage|p1a: Gholdengo|0 fnt
|faint|p1a: Gholdengo
|
|-heal|p2a: Pecharunt|28/100|[from] item: Leftovers
|upkeep
|
|t:|1779569976
|switch|p1a: Deoxys|Deoxys-Speed, tera:Psychic|73/100
|-ability|p1a: Deoxys|Pressure
|turn|11
|
|t:|1779569980
|switch|p2a: Toucannon|Toucannon, F, shiny|100/100
|move|p1a: Deoxys|Knock Off|p2a: Toucannon
|-damage|p2a: Toucannon|81/100
|-enditem|p2a: Toucannon|Assault Vest|[from] move: Knock Off|[of] p1a: Deoxys
|
|upkeep
|turn|12
|
|t:|1779569986
|move|p1a: Deoxys|Thunderbolt|p2a: Toucannon
|-supereffective|p2a: Toucannon
|-damage|p2a: Toucannon|5/100
|-status|p2a: Toucannon|par
|move|p2a: Toucannon|U-turn|p1a: Deoxys
|-supereffective|p1a: Deoxys
|-crit|p1a: Deoxys
|-damage|p1a: Deoxys|0 fnt
|faint|p1a: Deoxys
|
|t:|1779569991
|switch|p2a: Iron Crown|Iron Crown|80/100|[from] U-turn
|
|upkeep
|
|t:|1779569999
|switch|p1a: Goodra|Goodra-Hisui, F|71/100
|turn|13
|
|t:|1779570001
|move|p2a: Iron Crown|Sacred Sword|p1a: Goodra
|-supereffective|p1a: Goodra
|-damage|p1a: Goodra|41/100
|move|p1a: Goodra|Flamethrower|p2a: Iron Crown
|-supereffective|p2a: Iron Crown
|-damage|p2a: Iron Crown|13/100
|
|upkeep
|turn|14
|
|t:|1779570006
|move|p2a: Iron Crown|Sacred Sword|p1a: Goodra
|-supereffective|p1a: Goodra
|-damage|p1a: Goodra|12/100
|move|p1a: Goodra|Ice Beam|p2a: Iron Crown
|-resisted|p2a: Iron Crown
|-damage|p2a: Iron Crown|0 fnt
|faint|p2a: Iron Crown
|-end|p2a: Iron Crown|Quark Drive|[silent]
|
|upkeep
|
|t:|1779570011
|switch|p2a: Walking Wake|Walking Wake, tera:Fire|93/100
|turn|15
|
|t:|1779570014
|move|p2a: Walking Wake|Flamethrower|p1a: Goodra
|-crit|p1a: Goodra
|-damage|p1a: Goodra|0 fnt
|faint|p1a: Goodra
|
|upkeep
|
|t:|1779570019
|switch|p1a: Maushold|Maushold-Four|100/100
|turn|16
|
|t:|1779570025
|-end|p2a: Walking Wake|Protosynthesis|[silent]
|switch|p2a: Toucannon|Toucannon, F, shiny|5/100 par
|move|p1a: Maushold|Tidy Up|p1a: Maushold
|-boost|p1a: Maushold|atk|1
|-boost|p1a: Maushold|spe|1
|
|upkeep
|turn|17
|
|t:|1779570033
|-singleturn|p2a: Toucannon|move: Beak Blast
|move|p1a: Maushold|Bite|p2a: Toucannon
|-damage|p2a: Toucannon|0 fnt
|-status|p1a: Maushold|brn
|faint|p2a: Toucannon
|
|-damage|p1a: Maushold|94/100 brn|[from] brn
|upkeep
|
|t:|1779570041
|switch|p2a: Great Tusk|Great Tusk|100/100
|turn|18
|
|t:|1779570044
|move|p1a: Maushold|Population Bomb|p2a: Great Tusk
|-damage|p2a: Great Tusk|95/100
|-damage|p2a: Great Tusk|88/100
|-damage|p2a: Great Tusk|82/100
|-damage|p2a: Great Tusk|75/100
|-damage|p2a: Great Tusk|70/100
|-damage|p2a: Great Tusk|64/100
|-damage|p2a: Great Tusk|57/100
|-damage|p2a: Great Tusk|51/100
|-damage|p2a: Great Tusk|45/100
|-damage|p2a: Great Tusk|39/100
|-hitcount|p2a: Great Tusk|10
|move|p2a: Great Tusk|Rapid Spin|p1a: Maushold
|-damage|p1a: Maushold|66/100 brn
|-boost|p2a: Great Tusk|spe|1
|
|-heal|p2a: Great Tusk|46/100|[from] item: Leftovers
|-damage|p1a: Maushold|60/100 brn|[from] brn
|upkeep
|turn|19
|
|t:|1779570055
|move|p1a: Maushold|Population Bomb|p2a: Great Tusk
|-damage|p2a: Great Tusk|39/100
|-crit|p2a: Great Tusk
|-damage|p2a: Great Tusk|30/100
|-damage|p2a: Great Tusk|24/100
|-damage|p2a: Great Tusk|18/100
|-damage|p2a: Great Tusk|12/100
|-damage|p2a: Great Tusk|5/100
|-damage|p2a: Great Tusk|0 fnt
|faint|p2a: Great Tusk
|-end|p2a: Great Tusk|Protosynthesis|[silent]
|-hitcount|p2: Great Tusk|7
|
|-damage|p1a: Maushold|53/100 brn|[from] brn
|upkeep
|
|t:|1779570062
|switch|p2a: Walking Wake|Walking Wake, tera:Fire|93/100
|turn|20
|
|t:|1779570069
|move|p1a: Maushold|Population Bomb|p2a: Walking Wake
|-damage|p2a: Walking Wake|84/100
|-damage|p2a: Walking Wake|75/100
|-damage|p2a: Walking Wake|66/100
|-damage|p2a: Walking Wake|56/100
|-damage|p2a: Walking Wake|48/100
|-damage|p2a: Walking Wake|39/100
|-damage|p2a: Walking Wake|30/100
|-damage|p2a: Walking Wake|20/100
|-damage|p2a: Walking Wake|11/100
|-damage|p2a: Walking Wake|3/100
|-hitcount|p2a: Walking Wake|10
|move|p2a: Walking Wake|Flamethrower|p1a: Maushold
|-damage|p1a: Maushold|0 fnt
|faint|p1a: Maushold
|
|upkeep
|
|t:|1779570073
|switch|p1a: Moltres|Moltres|79/100
|turn|21
|
|t:|1779570076
|-end|p2a: Walking Wake|Protosynthesis|[silent]
|switch|p2a: Pecharunt|Pecharunt|28/100
|move|p1a: Moltres|U-turn|p2a: Pecharunt
|-resisted|p2a: Pecharunt
|-damage|p2a: Pecharunt|26/100
|
|t:|1779570077
|switch|p1a: Ogerpon|Ogerpon-Wellspring, F|49/100|[from] U-turn
|
|-heal|p2a: Pecharunt|32/100|[from] item: Leftovers
|upkeep
|turn|22
|
|t:|1779570082
|move|p1a: Ogerpon|Knock Off|p2a: Pecharunt
|-supereffective|p2a: Pecharunt
|-damage|p2a: Pecharunt|0 fnt
|-enditem|p2a: Pecharunt|Leftovers|[from] move: Knock Off|[of] p1a: Ogerpon
|faint|p2a: Pecharunt
|
|upkeep
|
|t:|1779570083
|switch|p2a: Walking Wake|Walking Wake, tera:Fire|3/100
|turn|23
|
|t:|1779570085
|move|p2a: Walking Wake|Draco Meteor|p1a: Ogerpon
|-damage|p1a: Ogerpon|0 fnt
|-unboost|p2a: Walking Wake|spa|2
|faint|p1a: Ogerpon
|
|upkeep
|
|t:|1779570087
|switch|p1a: Moltres|Moltres|79/100
|turn|24
|
|t:|1779570089
|move|p2a: Walking Wake|Draco Meteor|p1a: Moltres|[miss]
|-miss|p2a: Walking Wake|p1a: Moltres
|move|p1a: Moltres|U-turn|p2a: Walking Wake
|-resisted|p2a: Walking Wake
|-damage|p2a: Walking Wake|0 fnt
|faint|p2a: Walking Wake
|-end|p2a: Walking Wake|Protosynthesis|[silent]
|
|win|hey you're
|raw|hey you&apos;re's rating: 1495 &rarr; <strong>1512</strong><br />(+17 for winning)
|raw|YeatLover267's rating: 1442 &rarr; <strong>1425</strong><br />(-17 for losing)
|l|☆YeatLover267
|player|p2|
|c|☆hey you're|gg
|l|☆hey you're
|player|p1|
