|j|☆Shulkou
|j|☆ju2508
|t:|1779710922
|gametype|singles
|player|p1|Shulkou|volkner|1097
|player|p2|ju2508|1|1062
|gen|9
|tier|[Gen 9] OU
|rated|
|rule|HP Percentage Mod: HP is shown in percentages
|rule|Endless Battle Clause: Forcing endless battles is banned
|rule|Species Clause: Limit one of each Pokémon
|rule|OHKO Clause: OHKO moves are banned
|rule|Evasion Items Clause: Evasion items are banned
|rule|Evasion Moves Clause: Evasion moves are banned
|rule|Evasion Abilities Clause: Evasion abilities are banned
|rule|Sleep Moves Clause: Sleep-inducing moves are banned
|clearpoke
|poke|p1|Great Tusk|
|poke|p1|Corviknight, M|
|poke|p1|Ninetales-Alola, F|
|poke|p1|Toxtricity-Low-Key, F|
|poke|p1|Meowscarada, F|
|poke|p1|Arcanine-Hisui, M|
|poke|p2|Feraligatr, M|
|poke|p2|Donphan, F|
|poke|p2|Sylveon, M|
|poke|p2|Magneton|
|poke|p2|Serperior, M|
|poke|p2|Flamigo, F|
|teampreview
|inactive|Battle timer is ON: inactive players will automatically lose when time's up. (requested by ju2508)
|
|t:|1779710946
|teamsize|p1|6
|teamsize|p2|6
|start
|switch|p1a: Makyo|Meowscarada, F|100/100
|switch|p2a: Donphan|Donphan, F|100/100
|turn|1
|
|t:|1779710954
|move|p1a: Makyo|Flower Trick|p2a: Donphan
|-start|p1a: Makyo|typechange|Grass|[from] ability: Protean
|-supereffective|p2a: Donphan
|-crit|p2a: Donphan
|-damage|p2a: Donphan|41/100
|move|p2a: Donphan|Stealth Rock|p1a: Makyo
|-sidestart|p1: Shulkou|move: Stealth Rock
|
|-heal|p2a: Donphan|47/100|[from] item: Leftovers
|upkeep
|turn|2
|
|t:|1779710969
|switch|p2a: Magneton|Magneton|100/100
|move|p1a: Makyo|Flower Trick|p2a: Magneton
|-resisted|p2a: Magneton
|-crit|p2a: Magneton
|-damage|p2a: Magneton|82/100
|
|upkeep
|turn|3
|
|t:|1779710978
|move|p1a: Makyo|U-turn|p2a: Magneton
|-resisted|p2a: Magneton
|-damage|p2a: Magneton|74/100
|
|t:|1779710981
|switch|p1a: Shikiko|Arcanine-Hisui, M, shiny|100/100|[from] U-turn
|move|p2a: Magneton|Tri Attack|p1a: Shikiko
|-resisted|p1a: Shikiko
|-damage|p1a: Shikiko|84/100
|
|upkeep
|turn|4
|
|t:|1779710992
|switch|p2a: Donphan|Donphan, F|47/100
|move|p1a: Shikiko|Substitute|p1a: Shikiko
|-start|p1a: Shikiko|Substitute
|-damage|p1a: Shikiko|59/100
|
|-heal|p2a: Donphan|54/100|[from] item: Leftovers
|upkeep
|turn|5
|
|t:|1779711001
|move|p1a: Shikiko|Flare Blitz|p2a: Donphan
|-crit|p2a: Donphan
|-damage|p2a: Donphan|3/100
|move|p2a: Donphan|Bulldoze|p1a: Shikiko
|-supereffective|p1a: Shikiko
|-crit|p1a: Shikiko
|-end|p1a: Shikiko|Substitute
|
|-heal|p2a: Donphan|9/100|[from] item: Leftovers
|upkeep
|turn|6
|
|t:|1779711010
|move|p1a: Shikiko|Flare Blitz|p2a: Donphan
|-damage|p2a: Donphan|0 fnt
|faint|p2a: Donphan
|
|upkeep
|
|t:|1779711017
|switch|p2a: Flamigo|Flamigo, F|100/100
|turn|7
|
|t:|1779711029
|switch|p1a: Dark Bird|Corviknight, M, shiny|100/100
|-damage|p1a: Dark Bird|88/100|[from] Stealth Rock
|move|p2a: Flamigo|Close Combat|p1a: Dark Bird
|-damage|p1a: Dark Bird|45/100
|-unboost|p2a: Flamigo|def|1
|-unboost|p2a: Flamigo|spd|1
|-damage|p2a: Flamigo|84/100|[from] item: Rocky Helmet|[of] p1a: Dark Bird
|
|upkeep
|turn|8
|
|t:|1779711040
|switch|p2a: Magneton|Magneton|74/100
|move|p1a: Dark Bird|Defog|p2a: Magneton
|-unboost|p2a: Magneton|evasion|1
|-sideend|p1: Shulkou|Stealth Rock|[from] move: Defog|[of] p1a: Dark Bird
|
|upkeep
|turn|9
|
|t:|1779711049
|move|p2a: Magneton|Volt Switch|p1a: Dark Bird
|-supereffective|p1a: Dark Bird
|-damage|p1a: Dark Bird|0 fnt
|faint|p1a: Dark Bird
|
|t:|1779711054
|switch|p2a: Flamigo|Flamigo, F|84/100|[from] Volt Switch
|
|upkeep
|
|t:|1779711061
|switch|p1a: Makyo|Meowscarada, F|100/100
|turn|10
|
|t:|1779711065
|move|p2a: Flamigo|U-turn|p1a: Makyo
|-supereffective|p1a: Makyo
|-damage|p1a: Makyo|0 fnt
|faint|p1a: Makyo
|
|t:|1779711075
|switch|p2a: Serperior|Serperior, M|100/100|[from] U-turn
|
|upkeep
|
|t:|1779711084
|switch|p1a: Kyumei|Ninetales-Alola, F, shiny|100/100
|-weather|Snowscape|[from] ability: Snow Warning|[of] p1a: Kyumei
|turn|11
|
|t:|1779711090
|move|p2a: Serperior|Taunt|p1a: Kyumei
|-start|p1a: Kyumei|move: Taunt
|move|p1a: Kyumei|Blizzard|p2a: Serperior
|-supereffective|p2a: Serperior
|-damage|p2a: Serperior|0 fnt
|faint|p2a: Serperior
|
|-weather|Snowscape|[upkeep]
|upkeep
|
|t:|1779711099
|switch|p2a: Magneton|Magneton|74/100
|turn|12
|
|t:|1779711118
|switch|p1a: Spin Ike|Great Tusk|100/100
|-enditem|p1a: Spin Ike|Booster Energy
|-activate|p1a: Spin Ike|ability: Protosynthesis|[fromitem]
|-start|p1a: Spin Ike|protosynthesisatk
|move|p2a: Magneton|Flash Cannon|p1a: Spin Ike
|-damage|p1a: Spin Ike|52/100
|-unboost|p1a: Spin Ike|spd|1
|
|-weather|Snowscape|[upkeep]
|upkeep
|turn|13
|inactive|Shulkou has 120 seconds left.
|
|t:|1779711143
|switch|p2a: Flamigo|Flamigo, F|84/100
|move|p1a: Spin Ike|Brick Break|p2a: Flamigo
|-resisted|p2a: Flamigo
|-damage|p2a: Flamigo|47/100
|
|-weather|Snowscape|[upkeep]
|upkeep
|turn|14
|inactive|Shulkou has 120 seconds left.
|
|t:|1779711155
|move|p2a: Flamigo|Brave Bird|p1a: Spin Ike
|-supereffective|p1a: Spin Ike
|-damage|p1a: Spin Ike|0 fnt
|faint|p1a: Spin Ike
|-end|p1a: Spin Ike|Protosynthesis|[silent]
|-damage|p2a: Flamigo|27/100|[from] Recoil
|
|-weather|Snowscape|[upkeep]
|upkeep
|inactive|Shulkou has 120 seconds left.
|
|t:|1779711161
|switch|p1a: Raisena|Toxtricity-Low-Key, F|100/100
|turn|15
|
|t:|1779711167
|move|p2a: Flamigo|Brave Bird|p1a: Raisena
|-resisted|p1a: Raisena
|-damage|p1a: Raisena|68/100
|-damage|p2a: Flamigo|17/100|[from] Recoil
|move|p1a: Raisena|Overdrive|p2a: Flamigo
|-supereffective|p2a: Flamigo
|-damage|p2a: Flamigo|0 fnt
|faint|p2a: Flamigo
|-enditem|p1a: Raisena|Throat Spray
|-boost|p1a: Raisena|spa|1|[from] item: Throat Spray
|
|-weather|none
|upkeep
|
|t:|1779711180
|switch|p2a: Magneton|Magneton|74/100
|turn|16
|
|t:|1779711184
|move|p1a: Raisena|Overdrive|p2a: Magneton
|-resisted|p2a: Magneton
|-damage|p2a: Magneton|43/100
|move|p2a: Magneton|Tri Attack|p1a: Raisena
|-damage|p1a: Raisena|21/100
|
|upkeep
|turn|17
|
|t:|1779711197
|move|p1a: Raisena|Psychic Noise|p2a: Magneton
|-resisted|p2a: Magneton
|-damage|p2a: Magneton|24/100
|-start|p2a: Magneton|move: Heal Block
|move|p2a: Magneton|Tri Attack|p1a: Raisena
|-damage|p1a: Raisena|0 fnt
|faint|p1a: Raisena
|
|upkeep
|
|t:|1779711211
|switch|p1a: Shikiko|Arcanine-Hisui, M, shiny|59/100
|turn|18
|
|t:|1779711215
|move|p1a: Shikiko|Flare Blitz|p2a: Magneton
|-supereffective|p2a: Magneton
|-damage|p2a: Magneton|0 fnt
|faint|p2a: Magneton
|
|upkeep
|
|t:|1779711221
|switch|p2a: Feraligatr|Feraligatr, M|100/100
|turn|19
|
|t:|1779711238
|-terastallize|p1a: Shikiko|Electric
|move|p1a: Shikiko|Wild Charge|p2a: Feraligatr
|-supereffective|p2a: Feraligatr
|-damage|p2a: Feraligatr|9/100
|move|p2a: Feraligatr|Liquidation|p1a: Shikiko
|-damage|p1a: Shikiko|0 fnt
|faint|p1a: Shikiko
|
|upkeep
|
|t:|1779711246
|switch|p1a: Kyumei|Ninetales-Alola, F, shiny|100/100
|-weather|Snowscape|[from] ability: Snow Warning|[of] p1a: Kyumei
|turn|20
|
|t:|1779711255
|move|p1a: Kyumei|Blizzard|p2a: Feraligatr
|-resisted|p2a: Feraligatr
|-damage|p2a: Feraligatr|0 fnt
|faint|p2a: Feraligatr
|
|-weather|Snowscape|[upkeep]
|upkeep
|
|t:|1779711261
|switch|p2a: Sylveon|Sylveon, M|100/100
|turn|21
|
|t:|1779711264
|move|p1a: Kyumei|Aurora Veil|p1a: Kyumei
|-sidestart|p1: Shulkou|move: Aurora Veil
|move|p2a: Sylveon|Calm Mind|p2a: Sylveon
|-boost|p2a: Sylveon|spa|1
|-boost|p2a: Sylveon|spd|1
|
|-weather|Snowscape|[upkeep]
|upkeep
|turn|22
|
|t:|1779711273
|move|p1a: Kyumei|Moonblast|p2a: Sylveon
|-crit|p2a: Sylveon
|-damage|p2a: Sylveon|66/100
|move|p2a: Sylveon|Calm Mind|p2a: Sylveon
|-boost|p2a: Sylveon|spa|1
|-boost|p2a: Sylveon|spd|1
|
|-weather|Snowscape|[upkeep]
|-heal|p2a: Sylveon|72/100|[from] item: Leftovers
|upkeep
|turn|23
|
|t:|1779711284
|move|p1a: Kyumei|Blizzard|p2a: Sylveon
|-damage|p2a: Sylveon|60/100
|move|p2a: Sylveon|Calm Mind|p2a: Sylveon
|-boost|p2a: Sylveon|spa|1
|-boost|p2a: Sylveon|spd|1
|
|-weather|Snowscape|[upkeep]
|-heal|p2a: Sylveon|66/100|[from] item: Leftovers
|upkeep
|turn|24
|
|t:|1779711294
|move|p2a: Sylveon|Protect|p2a: Sylveon
|-singleturn|p2a: Sylveon|Protect
|move|p1a: Kyumei|Psyshock|p2a: Sylveon
|-activate|p2a: Sylveon|move: Protect
|
|-weather|none
|-heal|p2a: Sylveon|72/100|[from] item: Leftovers
|upkeep
|turn|25
|
|t:|1779711303
|move|p1a: Kyumei|Psyshock|p2a: Sylveon
|-damage|p2a: Sylveon|42/100
|move|p2a: Sylveon|Calm Mind|p2a: Sylveon
|-boost|p2a: Sylveon|spa|1
|-boost|p2a: Sylveon|spd|1
|
|-heal|p2a: Sylveon|48/100|[from] item: Leftovers
|upkeep
|turn|26
|
|t:|1779711315
|move|p2a: Sylveon|Protect|p2a: Sylveon
|-singleturn|p2a: Sylveon|Protect
|move|p1a: Kyumei|Psyshock|p2a: Sylveon
|-activate|p2a: Sylveon|move: Protect
|
|-heal|p2a: Sylveon|54/100|[from] item: Leftovers
|upkeep
|turn|27
|
|t:|1779711324
|move|p1a: Kyumei|Psyshock|p2a: Sylveon
|-damage|p2a: Sylveon|24/100
|move|p2a: Sylveon|Wish|p2a: Sylveon
|
|-heal|p2a: Sylveon|30/100|[from] item: Leftovers
|upkeep
|turn|28
|
|t:|1779711331
|move|p2a: Sylveon|Protect|p2a: Sylveon
|-singleturn|p2a: Sylveon|Protect
|move|p1a: Kyumei|Blizzard|p2a: Sylveon
|-activate|p2a: Sylveon|move: Protect
|
|-heal|p2a: Sylveon|80/100|[from] move: Wish|[wisher] Sylveon
|-heal|p2a: Sylveon|86/100|[from] item: Leftovers
|-sideend|p1: Shulkou|move: Aurora Veil
|upkeep
|turn|29
|
|t:|1779711341
|move|p1a: Kyumei|Psyshock|p2a: Sylveon
|-damage|p2a: Sylveon|56/100
|move|p2a: Sylveon|Hyper Voice|p1a: Kyumei
|-damage|p1a: Kyumei|0 fnt
|faint|p1a: Kyumei
|
|win|ju2508
|raw|Shulkou's rating: 1097 &rarr; <strong>1070</strong><br />(-27 for losing)
|raw|ju2508's rating: 1062 &rarr; <strong>1096</strong><br />(+34 for winning)
|l|☆Shulkou
|player|p1|
|l|☆ju2508
|player|p2|
