|j|☆Dragonite carry
|j|☆hillbilly z
|t:|1779599286
|gametype|singles
|player|p1|Dragonite carry|265|1472
|player|p2|hillbilly z|266|1451
|gen|9
|tier|[Gen 9] OU
|rated|
|rule|HP Percentage Mod: HP is shown in percentages
|rule|Endless Battle Clause: Forcing endless battles is banned
|rule|Species Clause: Limit one of each Pokémon
|rule|OHKO Clause: OHKO moves are banned
|rule|Evasion Items Clause: Evasion items are banned
|rule|Evasion Moves Clause: Evasion moves are banned
|rule|Evasion Abilities Clause: Evasion abilities are banned
|rule|Sleep Moves Clause: Sleep-inducing moves are banned
|clearpoke
|poke|p1|Dragonite, M|
|poke|p1|Iron Valiant|
|poke|p1|Iron Moth|
|poke|p1|Primarina, F|
|poke|p1|Ogerpon-Cornerstone, F|
|poke|p1|Zapdos|
|poke|p2|Torkoal, F|
|poke|p2|Scovillain, F|
|poke|p2|Walking Wake|
|poke|p2|Hatterene, F|
|poke|p2|Great Tusk|
|poke|p2|Ceruledge, M|
|teampreview
|
|t:|1779599289
|teamsize|p1|6
|teamsize|p2|6
|start
|switch|p1a: Ogerpon|Ogerpon-Cornerstone, F|100/100
|switch|p2a: Torkoal|Torkoal, F|100/100
|-weather|SunnyDay|[from] ability: Drought|[of] p2a: Torkoal
|turn|1
|inactive|Battle timer is ON: inactive players will automatically lose when time's up. (requested by hillbilly z)
|inactive|Dragonite carry also wants the timer to be on.
|
|t:|1779599311
|switch|p2a: Hatterene|Hatterene, F|100/100
|move|p1a: Ogerpon|Ivy Cudgel|p2a: Hatterene|[anim] Ivy Cudgel Rock
|-damage|p2a: Hatterene|48/100
|-enditem|p2a: Hatterene|Eject Button
|
|t:|1779599313
|switch|p2a: Ceruledge|Ceruledge, M|100/100
|
|-weather|SunnyDay|[upkeep]
|upkeep
|turn|2
|
|t:|1779599319
|move|p1a: Ogerpon|Ivy Cudgel|p2a: Ceruledge|[anim] Ivy Cudgel Rock
|-supereffective|p2a: Ceruledge
|-enditem|p2a: Ceruledge|Focus Sash
|-damage|p2a: Ceruledge|1/100
|-ability|p2a: Ceruledge|Weak Armor|boost
|-unboost|p2a: Ceruledge|def|1
|-boost|p2a: Ceruledge|spe|2
|move|p2a: Ceruledge|Bitter Blade|p1a: Ogerpon
|-ability|p1a: Ogerpon|Sturdy
|-damage|p1a: Ogerpon|1/100
|-heal|p2a: Ceruledge|52/100|[from] drain|[of] p1a: Ogerpon
|
|-weather|SunnyDay|[upkeep]
|upkeep
|turn|3
|
|t:|1779599322
|move|p2a: Ceruledge|Shadow Sneak|p1a: Ogerpon
|-damage|p1a: Ogerpon|0 fnt
|faint|p1a: Ogerpon
|
|-weather|SunnyDay|[upkeep]
|upkeep
|
|t:|1779599328
|switch|p1a: Primarina|Primarina, F|100/100
|turn|4
|
|t:|1779599331
|move|p2a: Ceruledge|Solar Blade||[still]
|-prepare|p2a: Ceruledge|Solar Blade
|-anim|p2a: Ceruledge|Solar Blade|p1a: Primarina
|-supereffective|p1a: Primarina
|-damage|p1a: Primarina|0 fnt
|faint|p1a: Primarina
|
|-weather|SunnyDay|[upkeep]
|upkeep
|
|t:|1779599335
|switch|p1a: Iron Valiant|Iron Valiant|100/100
|-enditem|p1a: Iron Valiant|Booster Energy
|-activate|p1a: Iron Valiant|ability: Quark Drive|[fromitem]
|-start|p1a: Iron Valiant|quarkdrivespe
|turn|5
|
|t:|1779599340
|move|p1a: Iron Valiant|Knock Off|p2a: Ceruledge
|-supereffective|p2a: Ceruledge
|-crit|p2a: Ceruledge
|-damage|p2a: Ceruledge|0 fnt
|faint|p2a: Ceruledge
|
|-weather|SunnyDay|[upkeep]
|upkeep
|
|t:|1779599342
|switch|p2a: Torkoal|Torkoal, F|100/100
|turn|6
|
|t:|1779599348
|-end|p1a: Iron Valiant|Quark Drive|[silent]
|switch|p1a: Zapdos|Zapdos|100/100
|move|p2a: Torkoal|Flamethrower|p1a: Zapdos
|-damage|p1a: Zapdos|35/100
|
|-weather|SunnyDay|[upkeep]
|upkeep
|turn|7
|
|t:|1779599354
|move|p1a: Zapdos|Thunder Wave|p2a: Torkoal
|-status|p2a: Torkoal|par
|move|p2a: Torkoal|Flamethrower|p1a: Zapdos
|-damage|p1a: Zapdos|0 fnt
|faint|p1a: Zapdos
|
|-weather|SunnyDay|[upkeep]
|upkeep
|
|t:|1779599365
|switch|p1a: Iron Moth|Iron Moth|100/100
|-enditem|p1a: Iron Moth|Booster Energy
|-activate|p1a: Iron Moth|ability: Quark Drive|[fromitem]
|-start|p1a: Iron Moth|quarkdrivespa
|turn|8
|
|t:|1779599366
|move|p1a: Iron Moth|Fiery Dance|p2a: Torkoal
|-resisted|p2a: Torkoal
|-damage|p2a: Torkoal|50/100 par
|-boost|p1a: Iron Moth|spa|1
|move|p2a: Torkoal|Earthquake|p1a: Iron Moth
|-supereffective|p1a: Iron Moth
|-damage|p1a: Iron Moth|0 fnt
|faint|p1a: Iron Moth
|-end|p1a: Iron Moth|Quark Drive|[silent]
|
|-weather|none
|upkeep
|
|t:|1779599372
|switch|p1a: Dragonite|Dragonite, M|100/100
|turn|9
|
|t:|1779599375
|switch|p2a: Don|Great Tusk|100/100
|move|p1a: Dragonite|Dragon Dance|p1a: Dragonite
|-boost|p1a: Dragonite|atk|1
|-boost|p1a: Dragonite|spe|1
|
|upkeep
|turn|10
|
|t:|1779599377
|-terastallize|p1a: Dragonite|Normal
|move|p1a: Dragonite|Dragon Dance|p1a: Dragonite
|-boost|p1a: Dragonite|atk|1
|-boost|p1a: Dragonite|spe|1
|move|p2a: Don|Ice Spinner|p1a: Dragonite
|-damage|p1a: Dragonite|84/100
|
|upkeep
|turn|11
|
|t:|1779599388
|move|p1a: Dragonite|Ice Spinner|p2a: Don
|-supereffective|p2a: Don
|-damage|p2a: Don|4/100
|-damage|p1a: Dragonite|68/100|[from] item: Rocky Helmet|[of] p2a: Don
|move|p2a: Don|Headlong Rush|p1a: Dragonite
|-damage|p1a: Dragonite|3/100
|-unboost|p2a: Don|def|1
|-unboost|p2a: Don|spd|1
|
|upkeep
|turn|12
|
|t:|1779599399
|-end|p2a: Don|Protosynthesis|[silent]
|switch|p2a: Torkoal|Torkoal, F|50/100 par
|-weather|SunnyDay|[from] ability: Drought|[of] p2a: Torkoal
|move|p1a: Dragonite|Extreme Speed|p2a: Torkoal
|-damage|p2a: Torkoal|0 fnt
|faint|p2a: Torkoal
|
|-weather|SunnyDay|[upkeep]
|upkeep
|
|t:|1779599400
|switch|p2a: Scovillain|Scovillain, F|100/100
|turn|13
|
|t:|1779599405
|switch|p2a: Don|Great Tusk|4/100
|-activate|p2a: Don|ability: Protosynthesis
|-start|p2a: Don|protosynthesisatk
|move|p1a: Dragonite|Extreme Speed|p2a: Don
|-damage|p2a: Don|0 fnt
|-damage|p1a: Dragonite|0 fnt|[from] item: Rocky Helmet|[of] p2a: Don
|faint|p2a: Don
|-end|p2a: Don|Protosynthesis|[silent]
|faint|p1a: Dragonite
|
|-weather|SunnyDay|[upkeep]
|upkeep
|
|t:|1779599407
|switch|p2a: Scovillain|Scovillain, F|100/100
|switch|p1a: Iron Valiant|Iron Valiant|100/100
|turn|14
|
|t:|1779599411
|move|p2a: Scovillain|Flamethrower|p1a: Iron Valiant
|-damage|p1a: Iron Valiant|0 fnt
|faint|p1a: Iron Valiant
|-end|p1a: Iron Valiant|Quark Drive|[silent]
|-damage|p2a: Scovillain|91/100|[from] item: Life Orb
|
|win|hillbilly z
|raw|Dragonite carry's rating: 1472 &rarr; <strong>1451</strong><br />(-21 for losing)
|raw|hillbilly z's rating: 1451 &rarr; <strong>1472</strong><br />(+21 for winning)
|l|☆Dragonite carry
|player|p1|
|l|☆hillbilly z
|player|p2|
