|j|☆DopeyDawg
|j|☆secretcelery
|t:|1779628439
|gametype|singles
|player|p1|DopeyDawg|170|1233
|player|p2|secretcelery|101|1221
|gen|9
|tier|[Gen 9] OU
|rated|
|rule|HP Percentage Mod: HP is shown in percentages
|rule|Endless Battle Clause: Forcing endless battles is banned
|rule|Species Clause: Limit one of each Pokémon
|rule|OHKO Clause: OHKO moves are banned
|rule|Evasion Items Clause: Evasion items are banned
|rule|Evasion Moves Clause: Evasion moves are banned
|rule|Evasion Abilities Clause: Evasion abilities are banned
|rule|Sleep Moves Clause: Sleep-inducing moves are banned
|clearpoke
|poke|p1|Zoroark, F|
|poke|p1|Ninetales, F|
|poke|p1|Quaquaval, M|
|poke|p1|Venusaur, M|
|poke|p1|Toxapex, F|
|poke|p1|Garchomp, M|
|poke|p2|Empoleon, M|
|poke|p2|Mandibuzz, F|
|poke|p2|Mamoswine, M|
|poke|p2|Ribombee, F|
|poke|p2|Kingambit, M|
|poke|p2|Weezing-Galar, M|
|teampreview
|inactive|Battle timer is ON: inactive players will automatically lose when time's up. (requested by DopeyDawg)
|inactive|DopeyDawg has 120 seconds left.
|inactive|DopeyDawg has 90 seconds left.
|
|t:|1779628505
|teamsize|p1|6
|teamsize|p2|6
|start
|switch|p1a: Toxapex|Toxapex, F|100/100
|switch|p2a: Kyleigh|Ribombee, F, shiny|100/100
|turn|1
|
|t:|1779628514
|move|p2a: Kyleigh|Sticky Web|p1a: Toxapex
|-sidestart|p1: DopeyDawg|move: Sticky Web
|move|p1a: Toxapex|Sludge Bomb|p2a: Kyleigh
|-supereffective|p2a: Kyleigh
|-damage|p2a: Kyleigh|5/100
|
|upkeep
|turn|2
|
|t:|1779628528
|switch|p2a: Big Boy|Kingambit, M, shiny|100/100
|move|p1a: Toxapex|Sludge Bomb|p2a: Big Boy
|-immune|p2a: Big Boy
|
|upkeep
|turn|3
|
|t:|1779628535
|move|p1a: Toxapex|Focus Blast|p2a: Big Boy
|-supereffective|p2a: Big Boy
|-damage|p2a: Big Boy|0 fnt
|faint|p2a: Big Boy
|-end|p2a: Big Boy|fallenundefined|[silent]
|
|upkeep
|
|t:|1779628539
|switch|p2a: Doug Dimmadome|Weezing-Galar, M, shiny|100/100
|turn|4
|c|☆secretcelery|me when I get zoroark’d
|inactive|DopeyDawg has 120 seconds left.
|
|t:|1779628578
|move|p1a: Toxapex|Flamethrower|p2a: Doug Dimmadome
|-damage|p2a: Doug Dimmadome|60/100
|move|p2a: Doug Dimmadome|Strange Steam|p1a: Toxapex
|-supereffective|p1a: Toxapex
|-enditem|p1a: Toxapex|Focus Sash
|-damage|p1a: Toxapex|1/100
|replace|p1a: Zoroark|Zoroark, F
|-end|p1a: Zoroark|Illusion
|
|-heal|p2a: Doug Dimmadome|66/100|[from] item: Black Sludge
|upkeep
|turn|5
|inactive|DopeyDawg has 120 seconds left.
|
|t:|1779628594
|move|p1a: Zoroark|Flamethrower|p2a: Doug Dimmadome
|-damage|p2a: Doug Dimmadome|29/100
|move|p2a: Doug Dimmadome|Sludge Wave|p1a: Zoroark
|-damage|p1a: Zoroark|0 fnt
|faint|p1a: Zoroark
|
|-heal|p2a: Doug Dimmadome|35/100|[from] item: Black Sludge
|upkeep
|inactive|DopeyDawg has 90 seconds left.
|
|t:|1779628629
|switch|p1a: Quaquaval|Quaquaval, M|100/100
|-activate|p1a: Quaquaval|move: Sticky Web
|-unboost|p1a: Quaquaval|spe|1
|turn|6
|inactive|secretcelery has 120 seconds left.
|
|t:|1779628661
|move|p1a: Quaquaval|Aqua Step|p2a: Doug Dimmadome
|-damage|p2a: Doug Dimmadome|3/100
|-boost|p1a: Quaquaval|spe|1
|move|p2a: Doug Dimmadome|Strange Steam|p1a: Quaquaval
|-supereffective|p1a: Quaquaval
|-damage|p1a: Quaquaval|0 fnt
|faint|p1a: Quaquaval
|
|-heal|p2a: Doug Dimmadome|9/100|[from] item: Black Sludge
|upkeep
|inactive|DopeyDawg has 90 seconds left.
|inactive|DopeyDawg has 60 seconds left.
|
|t:|1779628718
|switch|p1a: Ninetales|Ninetales, F|100/100
|-activate|p1a: Ninetales|move: Sticky Web
|-unboost|p1a: Ninetales|spe|1
|-weather|SunnyDay|[from] ability: Drought|[of] p1a: Ninetales
|turn|7
|inactive|secretcelery has 120 seconds left.
|
|t:|1779628739
|switch|p2a: Amanda Bynes|Mandibuzz, F|100/100
|move|p1a: Ninetales|Weather Ball|p2a: Amanda Bynes
|-damage|p2a: Amanda Bynes|61/100
|
|-weather|SunnyDay|[upkeep]
|upkeep
|turn|8
|inactive|secretcelery has 120 seconds left.
|
|t:|1779628752
|move|p1a: Ninetales|Weather Ball|p2a: Amanda Bynes
|-damage|p2a: Amanda Bynes|22/100
|move|p2a: Amanda Bynes|Tailwind|p2a: Amanda Bynes
|-sidestart|p2: secretcelery|move: Tailwind
|
|-weather|SunnyDay|[upkeep]
|upkeep
|turn|9
|
|t:|1779628758
|move|p2a: Amanda Bynes|Roost|p2a: Amanda Bynes
|-heal|p2a: Amanda Bynes|72/100
|-singleturn|p2a: Amanda Bynes|move: Roost
|move|p1a: Ninetales|Weather Ball|p2a: Amanda Bynes
|-crit|p2a: Amanda Bynes
|-damage|p2a: Amanda Bynes|14/100
|
|-weather|SunnyDay|[upkeep]
|upkeep
|turn|10
|inactive|DopeyDawg has 60 seconds left.
|
|t:|1779628766
|move|p2a: Amanda Bynes|Toxic|p1a: Ninetales
|-status|p1a: Ninetales|tox
|move|p1a: Ninetales|Weather Ball|p2a: Amanda Bynes
|-damage|p2a: Amanda Bynes|0 fnt
|faint|p2a: Amanda Bynes
|
|-weather|SunnyDay|[upkeep]
|-damage|p1a: Ninetales|94/100 tox|[from] psn
|upkeep
|
|t:|1779628769
|switch|p2a: Marty|Mamoswine, M|100/100
|turn|11
|inactive|DopeyDawg has 60 seconds left.
|
|t:|1779628786
|move|p2a: Marty|Earthquake|p1a: Ninetales
|-supereffective|p1a: Ninetales
|-damage|p1a: Ninetales|0 fnt
|faint|p1a: Ninetales
|
|-weather|SunnyDay|[upkeep]
|-sideend|p2: secretcelery|move: Tailwind
|upkeep
|inactive|DopeyDawg has 60 seconds left.
|
|t:|1779628798
|switch|p1a: Venusaur|Venusaur, M|100/100
|-activate|p1a: Venusaur|move: Sticky Web
|-unboost|p1a: Venusaur|spe|1
|turn|12
|inactive|DopeyDawg has 60 seconds left.
|
|t:|1779628806
|move|p1a: Venusaur|Growth|p1a: Venusaur
|-boost|p1a: Venusaur|atk|2
|-boost|p1a: Venusaur|spa|2
|move|p2a: Marty|Icicle Spear|p1a: Venusaur
|-supereffective|p1a: Venusaur
|-damage|p1a: Venusaur|79/100
|-supereffective|p1a: Venusaur
|-damage|p1a: Venusaur|54/100
|-supereffective|p1a: Venusaur
|-damage|p1a: Venusaur|31/100
|-hitcount|p1a: Venusaur|3
|
|-weather|SunnyDay|[upkeep]
|-heal|p1a: Venusaur|37/100|[from] item: Leftovers
|upkeep
|turn|13
|inactive|DopeyDawg has 60 seconds left.
|
|t:|1779628819
|-terastallize|p2a: Marty|Ice
|move|p1a: Venusaur|Solar Beam||[still]
|-prepare|p1a: Venusaur|Solar Beam
|-anim|p1a: Venusaur|Solar Beam|p2a: Marty
|-damage|p2a: Marty|54/100
|move|p2a: Marty|Icicle Spear|p1a: Venusaur
|-supereffective|p1a: Venusaur
|-damage|p1a: Venusaur|4/100
|-supereffective|p1a: Venusaur
|-damage|p1a: Venusaur|0 fnt
|faint|p1a: Venusaur
|-hitcount|p1: Venusaur|2
|
|-weather|SunnyDay|[upkeep]
|upkeep
|inactive|DopeyDawg has 60 seconds left.
|
|t:|1779628833
|switch|p1a: Garchomp|Garchomp, M|100/100
|-activate|p1a: Garchomp|move: Sticky Web
|-unboost|p1a: Garchomp|spe|1
|turn|14
|c|☆secretcelery|Assault vest mamoswine set go brrrr
|inactive|DopeyDawg has 60 seconds left.
|
|t:|1779628842
|-terastallize|p1a: Garchomp|Steel
|move|p2a: Marty|Ice Shard|p1a: Garchomp
|-resisted|p1a: Garchomp
|-damage|p1a: Garchomp|87/100
|move|p1a: Garchomp|Scale Shot|p2a: Marty
|-damage|p2a: Marty|38/100
|-damage|p2a: Marty|23/100
|-damage|p2a: Marty|8/100
|-damage|p2a: Marty|0 fnt
|faint|p2a: Marty
|-hitcount|p2: Marty|4
|-unboost|p1a: Garchomp|def|1
|-boost|p1a: Garchomp|spe|1
|
|-weather|none
|upkeep
|
|t:|1779628849
|switch|p2a: Tricycle|Empoleon, M, shiny|100/100
|turn|15
|c|☆secretcelery|You win rip
|c|☆secretcelery|Ggs!
|c|☆DopeyDawg|Brrrrr
|inactive|DopeyDawg has 60 seconds left.
|
|t:|1779628865
|move|p1a: Garchomp|Earthquake|p2a: Tricycle
|-supereffective|p2a: Tricycle
|-damage|p2a: Tricycle|0 fnt
|faint|p2a: Tricycle
|
|upkeep
|c|☆DopeyDawg|Gg
|-message|secretcelery forfeited.
|
|win|DopeyDawg
|raw|DopeyDawg's rating: 1233 &rarr; <strong>1257</strong><br />(+24 for winning)
|raw|secretcelery's rating: 1221 &rarr; <strong>1197</strong><br />(-24 for losing)
|l|☆secretcelery
|player|p2|
|l|☆DopeyDawg
|player|p1|
