|j|☆NotreDamedelaMer
|j|☆YoSoyDelBronx
|t:|1779631619
|gametype|singles
|player|p1|NotreDamedelaMer|veteranf|1310
|player|p2|YoSoyDelBronx|noland|1326
|gen|9
|tier|[Gen 9] OU
|rated|
|rule|HP Percentage Mod: HP is shown in percentages
|rule|Endless Battle Clause: Forcing endless battles is banned
|rule|Species Clause: Limit one of each Pokémon
|rule|OHKO Clause: OHKO moves are banned
|rule|Evasion Items Clause: Evasion items are banned
|rule|Evasion Moves Clause: Evasion moves are banned
|rule|Evasion Abilities Clause: Evasion abilities are banned
|rule|Sleep Moves Clause: Sleep-inducing moves are banned
|clearpoke
|poke|p1|Ribombee, F|
|poke|p1|Lokix, M|
|poke|p1|Great Tusk|
|poke|p1|Raging Bolt|
|poke|p1|Gholdengo|
|poke|p1|Iron Moth|
|poke|p2|Ninetales, M|
|poke|p2|Venusaur, F|
|poke|p2|Walking Wake|
|poke|p2|Scream Tail|
|poke|p2|Great Tusk|
|poke|p2|Golem-Alola, M|
|teampreview
|inactive|Battle timer is ON: inactive players will automatically lose when time's up. (requested by NotreDamedelaMer)
|
|t:|1779631634
|teamsize|p1|6
|teamsize|p2|6
|start
|switch|p1a: Great Tusk|Great Tusk, shiny|100/100
|switch|p2a: Scream Tail|Scream Tail|100/100
|-enditem|p2a: Scream Tail|Booster Energy
|-activate|p2a: Scream Tail|ability: Protosynthesis|[fromitem]
|-start|p2a: Scream Tail|protosynthesisspe
|-enditem|p1a: Great Tusk|Booster Energy
|-activate|p1a: Great Tusk|ability: Protosynthesis|[fromitem]
|-start|p1a: Great Tusk|protosynthesisatk
|turn|1
|
|t:|1779631648
|-end|p1a: Great Tusk|Protosynthesis|[silent]
|switch|p1a: Iron Moth|Iron Moth, shiny|100/100
|-enditem|p1a: Iron Moth|Booster Energy
|-activate|p1a: Iron Moth|ability: Quark Drive|[fromitem]
|-start|p1a: Iron Moth|quarkdrivespa
|move|p2a: Scream Tail|Calm Mind|p2a: Scream Tail
|-boost|p2a: Scream Tail|spa|1
|-boost|p2a: Scream Tail|spd|1
|
|upkeep
|turn|2
|
|t:|1779631653
|move|p2a: Scream Tail|Psychic Noise|p1a: Iron Moth
|-supereffective|p1a: Iron Moth
|-damage|p1a: Iron Moth|28/100
|-start|p1a: Iron Moth|move: Heal Block
|move|p1a: Iron Moth|Sludge Wave|p2a: Scream Tail
|-supereffective|p2a: Scream Tail
|-damage|p2a: Scream Tail|30/100
|
|upkeep
|turn|3
|
|t:|1779631663
|-end|p1a: Iron Moth|Quark Drive|[silent]
|switch|p1a: Lokix|Lokix, M, shiny|100/100
|move|p2a: Scream Tail|Boomburst|p1a: Lokix
|-damage|p1a: Lokix|11/100
|
|upkeep
|turn|4
|
|t:|1779631669
|-end|p2a: Scream Tail|Protosynthesis|[silent]
|switch|p2a: Great Tusk|Great Tusk|100/100
|move|p1a: Lokix|Sucker Punch||[still]
|-fail|p1a: Lokix
|
|upkeep
|turn|5
|
|t:|1779631673
|switch|p1a: Gholdengo|Gholdengo, shiny|100/100
|-item|p1a: Gholdengo|Air Balloon
|move|p2a: Great Tusk|Bulk Up|p2a: Great Tusk
|-boost|p2a: Great Tusk|atk|1
|-boost|p2a: Great Tusk|def|1
|
|upkeep
|turn|6
|
|t:|1779631678
|move|p2a: Great Tusk|Ice Spinner|p1a: Gholdengo
|-resisted|p1a: Gholdengo
|-damage|p1a: Gholdengo|80/100
|-enditem|p1a: Gholdengo|Air Balloon
|move|p1a: Gholdengo|Psyshock|p2a: Great Tusk
|-supereffective|p2a: Great Tusk
|-damage|p2a: Great Tusk|77/100
|
|upkeep
|turn|7
|
|t:|1779631687
|move|p2a: Great Tusk|Bulk Up|p2a: Great Tusk
|-boost|p2a: Great Tusk|atk|1
|-boost|p2a: Great Tusk|def|1
|move|p1a: Gholdengo|Dazzling Gleam|p2a: Great Tusk
|-supereffective|p2a: Great Tusk
|-damage|p2a: Great Tusk|0 fnt
|faint|p2a: Great Tusk
|-end|p2a: Great Tusk|Protosynthesis|[silent]
|
|upkeep
|
|t:|1779631697
|switch|p2a: Hustle Hard|Golem-Alola, M, shiny|100/100
|turn|8
|
|t:|1779631709
|-terastallize|p2a: Hustle Hard|Electric
|move|p1a: Gholdengo|Shadow Ball|p2a: Hustle Hard
|-damage|p2a: Hustle Hard|36/100
|move|p2a: Hustle Hard|Supercell Slam|p1a: Gholdengo
|-damage|p1a: Gholdengo|0 fnt
|faint|p1a: Gholdengo
|
|upkeep
|
|t:|1779631720
|switch|p1a: Lokix|Lokix, M, shiny|11/100
|turn|9
|
|t:|1779631722
|move|p1a: Lokix|Leech Life|p2a: Hustle Hard
|-crit|p2a: Hustle Hard
|-damage|p2a: Hustle Hard|0 fnt
|-heal|p1a: Lokix|30/100|[from] drain|[of] p2a: Hustle Hard
|faint|p2a: Hustle Hard
|-damage|p1a: Lokix|20/100|[from] item: Life Orb
|
|upkeep
|
|t:|1779631729
|switch|p2a: Scream Tail|Scream Tail|30/100
|turn|10
|
|t:|1779631734
|move|p2a: Scream Tail|Boomburst|p1a: Lokix
|-damage|p1a: Lokix|0 fnt
|faint|p1a: Lokix
|
|upkeep
|
|t:|1779631740
|switch|p1a: Ribombee|Ribombee, F, shiny|100/100
|turn|11
|
|t:|1779631747
|move|p1a: Ribombee|Sticky Web|p2a: Scream Tail
|-sidestart|p2: YoSoyDelBronx|move: Sticky Web
|move|p2a: Scream Tail|Fire Blast|p1a: Ribombee|[miss]
|-miss|p2a: Scream Tail|p1a: Ribombee
|
|upkeep
|turn|12
|
|t:|1779631751
|move|p1a: Ribombee|Stun Spore|p2a: Scream Tail
|-status|p2a: Scream Tail|par
|move|p2a: Scream Tail|Boomburst|p1a: Ribombee
|-damage|p1a: Ribombee|41/100
|
|upkeep
|turn|13
|
|t:|1779631754
|move|p1a: Ribombee|Moonblast|p2a: Scream Tail
|-damage|p2a: Scream Tail|0 fnt
|faint|p2a: Scream Tail
|-end|p2a: Scream Tail|Protosynthesis|[silent]
|
|upkeep
|
|t:|1779631757
|switch|p2a: Ninetales|Ninetales, M|100/100
|-activate|p2a: Ninetales|move: Sticky Web
|-unboost|p2a: Ninetales|spe|1
|-weather|SunnyDay|[from] ability: Drought|[of] p2a: Ninetales
|turn|14
|
|t:|1779631764
|move|p1a: Ribombee|Stun Spore|p2a: Ninetales
|-status|p2a: Ninetales|par
|move|p2a: Ninetales|Weather Ball|p1a: Ribombee
|-supereffective|p1a: Ribombee
|-damage|p1a: Ribombee|0 fnt
|faint|p1a: Ribombee
|
|-weather|SunnyDay|[upkeep]
|upkeep
|
|t:|1779631767
|switch|p1a: Great Tusk|Great Tusk, shiny|100/100
|-activate|p1a: Great Tusk|ability: Protosynthesis
|-start|p1a: Great Tusk|protosynthesisatk
|turn|15
|
|t:|1779631771
|move|p1a: Great Tusk|Rapid Spin|p2a: Ninetales
|-damage|p2a: Ninetales|70/100 par
|-boost|p1a: Great Tusk|spe|1
|move|p2a: Ninetales|Will-O-Wisp|p1a: Great Tusk
|-status|p1a: Great Tusk|brn
|
|-weather|SunnyDay|[upkeep]
|-damage|p1a: Great Tusk|94/100 brn|[from] brn
|upkeep
|turn|16
|
|t:|1779631778
|move|p1a: Great Tusk|Headlong Rush|p2a: Ninetales
|-supereffective|p2a: Ninetales
|-damage|p2a: Ninetales|0 fnt
|-unboost|p1a: Great Tusk|def|1
|-unboost|p1a: Great Tusk|spd|1
|faint|p2a: Ninetales
|
|-weather|SunnyDay|[upkeep]
|-damage|p1a: Great Tusk|88/100 brn|[from] brn
|upkeep
|
|t:|1779631781
|switch|p2a: Walking Wake|Walking Wake|100/100
|-activate|p2a: Walking Wake|move: Sticky Web
|-unboost|p2a: Walking Wake|spe|1
|-activate|p2a: Walking Wake|ability: Protosynthesis
|-start|p2a: Walking Wake|protosynthesisspa
|turn|17
|
|t:|1779631787
|move|p1a: Great Tusk|Close Combat|p2a: Walking Wake
|-damage|p2a: Walking Wake|60/100
|-unboost|p1a: Great Tusk|def|1
|-unboost|p1a: Great Tusk|spd|1
|move|p2a: Walking Wake|Hydro Steam|p1a: Great Tusk
|-supereffective|p1a: Great Tusk
|-damage|p1a: Great Tusk|0 fnt
|faint|p1a: Great Tusk
|-end|p1a: Great Tusk|Protosynthesis|[silent]
|
|-weather|SunnyDay|[upkeep]
|upkeep
|
|t:|1779631791
|switch|p1a: Iron Moth|Iron Moth, shiny|28/100
|turn|18
|
|t:|1779631797
|-terastallize|p1a: Iron Moth|Fairy
|move|p1a: Iron Moth|Dazzling Gleam|p2a: Walking Wake
|-supereffective|p2a: Walking Wake
|-damage|p2a: Walking Wake|0 fnt
|faint|p2a: Walking Wake
|-end|p2a: Walking Wake|Protosynthesis|[silent]
|
|-weather|SunnyDay|[upkeep]
|upkeep
|
|t:|1779631798
|switch|p2a: Venusaur|Venusaur, F|100/100
|-activate|p2a: Venusaur|move: Sticky Web
|-unboost|p2a: Venusaur|spe|1
|turn|19
|
|t:|1779631802
|move|p2a: Venusaur|Sludge Bomb|p1a: Iron Moth
|-supereffective|p1a: Iron Moth
|-damage|p1a: Iron Moth|0 fnt
|faint|p1a: Iron Moth
|-end|p1a: Iron Moth|Quark Drive|[silent]
|-damage|p2a: Venusaur|91/100|[from] item: Life Orb
|
|-weather|SunnyDay|[upkeep]
|upkeep
|
|t:|1779631804
|switch|p1a: Raging Bolt|Raging Bolt|100/100
|-activate|p1a: Raging Bolt|ability: Protosynthesis
|-start|p1a: Raging Bolt|protosynthesisspa
|turn|20
|
|t:|1779631808
|move|p2a: Venusaur|Growth|p2a: Venusaur
|-boost|p2a: Venusaur|atk|2
|-boost|p2a: Venusaur|spa|2
|move|p1a: Raging Bolt|Dragon Pulse|p2a: Venusaur
|-damage|p2a: Venusaur|14/100
|
|-weather|SunnyDay|[upkeep]
|upkeep
|turn|21
|
|t:|1779631812
|move|p1a: Raging Bolt|Thunderclap|p2a: Venusaur
|-resisted|p2a: Venusaur
|-damage|p2a: Venusaur|0 fnt
|faint|p2a: Venusaur
|
|win|NotreDamedelaMer
|raw|NotreDamedelaMer's rating: 1310 &rarr; <strong>1331</strong><br />(+21 for winning)
|raw|YoSoyDelBronx's rating: 1326 &rarr; <strong>1305</strong><br />(-21 for losing)
|l|☆NotreDamedelaMer
|player|p1|
|l|☆YoSoyDelBronx
|player|p2|
