|inactive|Battle timer is ON: inactive players will automatically lose when time's up.
|t:|1779567959
|gametype|singles
|player|p1|Scoptile|2|
|player|p2|Hydra_Y21|169|
|gen|9
|tier|[Gen 9] OU
|rule|HP Percentage Mod: HP is shown in percentages
|rule|Endless Battle Clause: Forcing endless battles is banned
|rule|Species Clause: Limit one of each Pokémon
|rule|OHKO Clause: OHKO moves are banned
|rule|Evasion Items Clause: Evasion items are banned
|rule|Evasion Moves Clause: Evasion moves are banned
|rule|Evasion Abilities Clause: Evasion abilities are banned
|rule|Sleep Moves Clause: Sleep-inducing moves are banned
|clearpoke
|poke|p1|Dragonite, F|
|poke|p1|Hatterene, F|
|poke|p1|Weavile, M|
|poke|p1|Ogerpon-Wellspring, F|
|poke|p1|Kingambit, F|
|poke|p1|Great Tusk|
|poke|p2|Cinderace, M|
|poke|p2|Hatterene, F|
|poke|p2|Tornadus-Therian, M|
|poke|p2|Great Tusk|
|poke|p2|Kyurem|
|poke|p2|Pecharunt|
|teampreview
|inactive|Scoptile has 270 seconds left.
|inactive|Hydra_Y21 has 270 seconds left.
|c|☆Scoptile|hf
|inactive|Scoptile has 240 seconds left.
|c|☆Hydra_Y21|u2
|inactive|Scoptile has 210 seconds left.
|
|t:|1779568056
|teamsize|p1|6
|teamsize|p2|6
|start
|switch|p1a: Weavile|Weavile, M|100/100
|switch|p2a: Cinderace|Cinderace, M|100/100
|turn|1
|inactive|Scoptile has 270 seconds left.
|
|t:|1779568089
|move|p1a: Weavile|Beat Up|p2a: Cinderace
|-damage|p2a: Cinderace|88/100
|-damage|p2a: Cinderace|78/100
|-damage|p2a: Cinderace|64/100
|-damage|p2a: Cinderace|51/100
|-damage|p2a: Cinderace|38/100
|-damage|p2a: Cinderace|25/100
|-hitcount|p2a: Cinderace|6
|move|p2a: Cinderace|Pyro Ball|p1a: Weavile
|-supereffective|p1a: Weavile
|-enditem|p1a: Weavile|Focus Sash
|-damage|p1a: Weavile|1/100
|
|upkeep
|turn|2
|inactive|Scoptile has 240 seconds left.
|
|t:|1779568118
|switch|p2a: Great Tusk|Great Tusk|100/100
|move|p1a: Weavile|Beat Up|p2a: Great Tusk
|-resisted|p2a: Great Tusk
|-damage|p2a: Great Tusk|97/100
|-resisted|p2a: Great Tusk
|-damage|p2a: Great Tusk|95/100
|-resisted|p2a: Great Tusk
|-damage|p2a: Great Tusk|91/100
|-resisted|p2a: Great Tusk
|-damage|p2a: Great Tusk|88/100
|-resisted|p2a: Great Tusk
|-damage|p2a: Great Tusk|85/100
|-resisted|p2a: Great Tusk
|-damage|p2a: Great Tusk|81/100
|-hitcount|p2a: Great Tusk|6
|
|upkeep
|turn|3
|
|t:|1779568127
|-end|p2a: Great Tusk|Protosynthesis|[silent]
|switch|p2a: Hatterene|Hatterene, F|100/100
|move|p1a: Weavile|Icicle Crash|p2a: Hatterene
|-damage|p2a: Hatterene|63/100
|
|upkeep
|turn|4
|inactive|Scoptile has 240 seconds left.
|
|t:|1779568144
|move|p1a: Weavile|Icicle Crash|p2a: Hatterene
|-damage|p2a: Hatterene|26/100
|cant|p2a: Hatterene|flinch
|
|upkeep
|turn|5
|
|t:|1779568160
|move|p1a: Weavile|Icicle Crash|p2a: Hatterene|[miss]
|-miss|p1a: Weavile|p2a: Hatterene
|move|p2a: Hatterene|Nuzzle|p1a: Weavile
|-crit|p1a: Weavile
|-damage|p1a: Weavile|0 fnt
|faint|p1a: Weavile
|
|upkeep
|inactive|Scoptile has 210 seconds left.
|inactive|Scoptile has 180 seconds left.
|
|t:|1779568217
|switch|p1a: Ogerpon|Ogerpon-Wellspring, F|100/100
|turn|6
|
|t:|1779568223
|switch|p2a: Pecharunt|Pecharunt|100/100
|move|p1a: Ogerpon|Ivy Cudgel|p2a: Pecharunt|[anim] Ivy Cudgel Water
|-crit|p2a: Pecharunt
|-damage|p2a: Pecharunt|61/100
|
|upkeep
|turn|7
|inactive|Scoptile has 180 seconds left.
|inactive|Scoptile has 150 seconds left.
|
|t:|1779568284
|move|p1a: Ogerpon|Swords Dance|p1a: Ogerpon
|-boost|p1a: Ogerpon|atk|2
|move|p2a: Pecharunt|Recover|p2a: Pecharunt
|-heal|p2a: Pecharunt|100/100
|
|upkeep
|turn|8
|inactive|Scoptile has 120 seconds left.
|inactive|Hydra_Y21 has 270 seconds left.
|
|t:|1779568333
|move|p1a: Ogerpon|Ivy Cudgel|p2a: Pecharunt|[anim] Ivy Cudgel Water
|-damage|p2a: Pecharunt|43/100
|move|p2a: Pecharunt|Foul Play|p1a: Ogerpon
|-crit|p1a: Ogerpon
|-damage|p1a: Ogerpon|0 fnt
|faint|p1a: Ogerpon
|
|upkeep
|c|☆Hydra_Y21|mb
|
|t:|1779568343
|switch|p1a: Great Tusk|Great Tusk|100/100
|turn|9
|inactive|Scoptile has 90 seconds left.
|
|t:|1779568382
|switch|p2a: Hatterene|Hatterene, F|26/100
|move|p1a: Great Tusk|Ice Spinner|p2a: Hatterene
|-damage|p2a: Hatterene|4/100
|-damage|p1a: Great Tusk|84/100|[from] item: Rocky Helmet|[of] p2a: Hatterene
|
|upkeep
|turn|10
|
|t:|1779568396
|switch|p2a: Pecharunt|Pecharunt|43/100
|move|p1a: Great Tusk|Rapid Spin|p2a: Pecharunt
|-immune|p2a: Pecharunt
|
|upkeep
|turn|11
|
|t:|1779568405
|switch|p2a: Hatterene|Hatterene, F|4/100
|move|p1a: Great Tusk|Rapid Spin|p2a: Hatterene
|-damage|p2a: Hatterene|0 fnt
|-boost|p1a: Great Tusk|spe|1
|-damage|p1a: Great Tusk|67/100|[from] item: Rocky Helmet|[of] p2a: Hatterene
|faint|p2a: Hatterene
|
|upkeep
|
|t:|1779568414
|switch|p2a: Tornadus|Tornadus-Therian, M|100/100
|turn|12
|
|t:|1779568437
|-end|p1a: Great Tusk|Protosynthesis|[silent]
|switch|p1a: Hatterene|Hatterene, F|100/100
|move|p2a: Tornadus|Bleakwind Storm|p1a: Hatterene
|-damage|p1a: Hatterene|64/100
|-unboost|p1a: Hatterene|spe|1
|
|upkeep
|turn|13
|
|t:|1779568451
|move|p2a: Tornadus|Knock Off|p1a: Hatterene
|-damage|p1a: Hatterene|47/100
|-damage|p2a: Tornadus|84/100|[from] item: Rocky Helmet|[of] p1a: Hatterene
|-enditem|p1a: Hatterene|Rocky Helmet|[from] move: Knock Off|[of] p2a: Tornadus
|move|p1a: Hatterene|Nuzzle|p2a: Tornadus
|-supereffective|p2a: Tornadus
|-damage|p2a: Tornadus|76/100
|-status|p2a: Tornadus|par
|
|upkeep
|turn|14
|inactive|Scoptile has 90 seconds left.
|
|t:|1779568469
|move|p2a: Tornadus|U-turn|p1a: Hatterene
|-damage|p1a: Hatterene|36/100
|
|t:|1779568470
|switch|p2a: Pecharunt|Pecharunt|43/100|[from] U-turn
|move|p1a: Hatterene|Healing Wish|p1a: Hatterene
|faint|p1a: Hatterene
|
|upkeep
|
|t:|1779568480
|switch|p1a: Great Tusk|Great Tusk|67/100
|-heal|p1a: Great Tusk|100/100|[from] move: Healing Wish
|turn|15
|
|t:|1779568490
|move|p1a: Great Tusk|Headlong Rush|p2a: Pecharunt
|-supereffective|p2a: Pecharunt
|-damage|p2a: Pecharunt|0 fnt
|-unboost|p1a: Great Tusk|def|1
|-unboost|p1a: Great Tusk|spd|1
|faint|p2a: Pecharunt
|
|upkeep
|
|t:|1779568494
|switch|p2a: Kyurem|Kyurem|100/100
|-ability|p2a: Kyurem|Pressure
|turn|16
|inactive|Scoptile has 90 seconds left.
|
|t:|1779568529
|move|p2a: Kyurem|Earth Power|p1a: Great Tusk
|-damage|p1a: Great Tusk|51/100
|move|p1a: Great Tusk|Close Combat|p2a: Kyurem
|-supereffective|p2a: Kyurem
|-damage|p2a: Kyurem|0 fnt
|-unboost|p1a: Great Tusk|def|1
|-unboost|p1a: Great Tusk|spd|1
|faint|p2a: Kyurem
|
|upkeep
|
|t:|1779568553
|switch|p2a: Great Tusk|Great Tusk|81/100
|turn|17
|
|t:|1779568569
|move|p2a: Great Tusk|Ice Spinner|p1a: Great Tusk
|-supereffective|p1a: Great Tusk
|-damage|p1a: Great Tusk|0 fnt
|faint|p1a: Great Tusk
|-end|p1a: Great Tusk|Protosynthesis|[silent]
|
|upkeep
|inactive|Scoptile has 60 seconds left.
|
|t:|1779568590
|switch|p1a: Dragonite|Dragonite, F|100/100
|turn|18
|inactive|Scoptile has 60 seconds left.
|
|t:|1779568620
|-terastallize|p1a: Dragonite|Ghost
|move|p2a: Great Tusk|Rapid Spin|p1a: Dragonite
|-immune|p1a: Dragonite
|move|p1a: Dragonite|Dragon Dance|p1a: Dragonite
|-boost|p1a: Dragonite|atk|1
|-boost|p1a: Dragonite|spe|1
|
|upkeep
|turn|19
|
|t:|1779568628
|move|p1a: Dragonite|Encore|p2a: Great Tusk
|-start|p2a: Great Tusk|Encore
|move|p2a: Great Tusk|Rapid Spin|p1a: Dragonite
|-immune|p1a: Dragonite
|
|upkeep
|turn|20
|
|t:|1779568633
|-end|p2a: Great Tusk|Protosynthesis|[silent]
|switch|p2a: Tornadus|Tornadus-Therian, M|100/100 par
|move|p1a: Dragonite|Dragon Dance|p1a: Dragonite
|-boost|p1a: Dragonite|atk|1
|-boost|p1a: Dragonite|spe|1
|
|upkeep
|turn|21
|
|t:|1779568636
|move|p1a: Dragonite|Ice Spinner|p2a: Tornadus
|-supereffective|p2a: Tornadus
|-damage|p2a: Tornadus|0 fnt
|faint|p2a: Tornadus
|
|upkeep
|
|t:|1779568640
|switch|p2a: Great Tusk|Great Tusk|81/100
|turn|22
|
|t:|1779568644
|move|p1a: Dragonite|Ice Spinner|p2a: Great Tusk
|-supereffective|p2a: Great Tusk
|-damage|p2a: Great Tusk|0 fnt
|faint|p2a: Great Tusk
|-end|p2a: Great Tusk|Protosynthesis|[silent]
|
|upkeep
|
|t:|1779568646
|switch|p2a: Cinderace|Cinderace, M|25/100
|turn|23
|
|t:|1779568649
|move|p2a: Cinderace|Sucker Punch|p1a: Dragonite
|-start|p2a: Cinderace|typechange|Dark|[from] ability: Libero
|-supereffective|p1a: Dragonite
|-damage|p1a: Dragonite|45/100
|move|p1a: Dragonite|Ice Spinner|p2a: Cinderace
|-damage|p2a: Cinderace|0 fnt
|faint|p2a: Cinderace
|
|win|Scoptile
