|j|☆OP Earthquakes
|j|☆healorant
|t:|1779646413
|gametype|singles
|player|p1|OP Earthquakes|giovanni-masters|1642
|player|p2|healorant|alder|1714
|gen|9
|tier|[Gen 9] OU
|rated|
|rule|HP Percentage Mod: HP is shown in percentages
|rule|Endless Battle Clause: Forcing endless battles is banned
|rule|Species Clause: Limit one of each Pokémon
|rule|OHKO Clause: OHKO moves are banned
|rule|Evasion Items Clause: Evasion items are banned
|rule|Evasion Moves Clause: Evasion moves are banned
|rule|Evasion Abilities Clause: Evasion abilities are banned
|rule|Sleep Moves Clause: Sleep-inducing moves are banned
|clearpoke
|poke|p1|Tyranitar, M|
|poke|p1|Pawmot, M|
|poke|p1|Kyurem|
|poke|p1|Excadrill, M|
|poke|p1|Hawlucha, M|
|poke|p1|Grimmsnarl, M|
|poke|p2|Rillaboom, F|
|poke|p2|Volcanion|
|poke|p2|Kingambit, F|
|poke|p2|Great Tusk|
|poke|p2|Slowking-Galar, F|
|poke|p2|Zamazenta-*|
|teampreview
|inactive|Battle timer is ON: inactive players will automatically lose when time's up. (requested by OP Earthquakes)
|
|t:|1779646420
|teamsize|p1|6
|teamsize|p2|6
|start
|switch|p1a: Toshiro|Kyurem, shiny|100/100
|switch|p2a: Slowking|Slowking-Galar, F|100/100
|-ability|p1a: Toshiro|Pressure
|turn|1
|
|t:|1779646423
|move|p1a: Toshiro|Earth Power|p2a: Slowking
|-supereffective|p2a: Slowking
|-damage|p2a: Slowking|49/100
|-unboost|p2a: Slowking|spd|1
|move|p2a: Slowking|Toxic Spikes|p1a: Toshiro
|-sidestart|p1: OP Earthquakes|move: Toxic Spikes
|
|upkeep
|turn|2
|
|t:|1779646428
|switch|p2a: Zamazenta|Zamazenta|100/100
|-ability|p2a: Zamazenta|Dauntless Shield|boost
|-boost|p2a: Zamazenta|def|1
|move|p1a: Toshiro|Freeze-Dry|p2a: Zamazenta
|-damage|p2a: Zamazenta|72/100
|
|-heal|p2a: Zamazenta|78/100|[from] item: Leftovers
|upkeep
|turn|3
|
|t:|1779646433
|switch|p1a: Itachi|Hawlucha, M, shiny|100/100
|-ability|p1a: Itachi|Mold Breaker
|move|p2a: Zamazenta|Body Press|p1a: Itachi
|-resisted|p1a: Itachi
|-damage|p1a: Itachi|63/100
|-enditem|p1a: Itachi|Red Card|[of] p2a: Zamazenta
|drag|p2a: Kingambit|Kingambit, F|100/100
|
|upkeep
|turn|4
|j| 54 Insane Rats
|
|t:|1779646437
|-end|p2a: Kingambit|fallenundefined|[silent]
|switch|p2a: Slowking|Slowking-Galar, F|82/100
|move|p1a: Itachi|Defog|p2a: Slowking
|-unboost|p2a: Slowking|evasion|1
|-sideend|p1: OP Earthquakes|Toxic Spikes|[from] move: Defog|[of] p1a: Itachi
|
|upkeep
|turn|5
|
|t:|1779646442
|move|p1a: Itachi|Swords Dance|p1a: Itachi
|-boost|p1a: Itachi|atk|2
|move|p2a: Slowking|Toxic Spikes|p1a: Itachi
|-sidestart|p1: OP Earthquakes|move: Toxic Spikes
|
|upkeep
|turn|6
|
|t:|1779646446
|switch|p2a: Kingambit|Kingambit, F|100/100
|move|p1a: Itachi|Brave Bird|p2a: Kingambit
|-resisted|p2a: Kingambit
|-damage|p2a: Kingambit|64/100
|-damage|p1a: Itachi|48/100|[from] Recoil
|
|-heal|p2a: Kingambit|70/100|[from] item: Leftovers
|upkeep
|turn|7
|
|t:|1779646452
|move|p1a: Itachi|Brave Bird|p2a: Kingambit
|-resisted|p2a: Kingambit
|-crit|p2a: Kingambit
|-damage|p2a: Kingambit|14/100
|-damage|p1a: Itachi|24/100|[from] Recoil
|move|p2a: Kingambit|Iron Head|p1a: Itachi
|-damage|p1a: Itachi|0 fnt
|faint|p1a: Itachi
|
|-heal|p2a: Kingambit|20/100|[from] item: Leftovers
|upkeep
|
|t:|1779646464
|switch|p1a: Porunga|Pawmot, M|100/100
|-status|p1a: Porunga|psn
|turn|8
|
|t:|1779646467
|-end|p2a: Kingambit|fallenundefined|[silent]
|switch|p2a: Great Tusk|Great Tusk|100/100
|move|p1a: Porunga|Revival Blessing|p1a: Porunga
|-enditem|p1a: Porunga|Leppa Berry|[eat]
|-activate|p1a: Porunga|item: Leppa Berry|Revival Blessing|[consumed]
|
|t:|1779646472
|-heal|p1: Itachi|50/100|[from] move: Revival Blessing
|
|-damage|p1a: Porunga|88/100 psn|[from] psn
|upkeep
|turn|9
|
|t:|1779646494
|switch|p1a: Grimmsnarl|Grimmsnarl, M|100/100
|-status|p1a: Grimmsnarl|psn
|move|p2a: Great Tusk|Rapid Spin|p1a: Grimmsnarl
|-damage|p1a: Grimmsnarl|82/100 psn
|-boost|p2a: Great Tusk|spe|1
|
|-damage|p1a: Grimmsnarl|69/100 psn|[from] psn
|upkeep
|turn|10
|
|t:|1779646499
|move|p1a: Grimmsnarl|Reflect|p1a: Grimmsnarl
|-sidestart|p1: OP Earthquakes|Reflect
|move|p2a: Great Tusk|Knock Off|p1a: Grimmsnarl
|-resisted|p1a: Grimmsnarl
|-damage|p1a: Grimmsnarl|65/100 psn
|-enditem|p1a: Grimmsnarl|Light Clay|[from] move: Knock Off|[of] p2a: Great Tusk
|
|-damage|p1a: Grimmsnarl|52/100 psn|[from] psn
|upkeep
|turn|11
|
|t:|1779646503
|switch|p1a: Itachi|Hawlucha, M, shiny|50/100
|-ability|p1a: Itachi|Mold Breaker
|move|p2a: Great Tusk|Stealth Rock|p1a: Itachi
|-sidestart|p1: OP Earthquakes|move: Stealth Rock
|
|upkeep
|turn|12
|
|t:|1779646509
|-end|p2a: Great Tusk|Protosynthesis|[silent]
|switch|p2a: Kingambit|Kingambit, F|20/100
|move|p1a: Itachi|Defog|p2a: Kingambit
|-unboost|p2a: Kingambit|evasion|1
|-sideend|p1: OP Earthquakes|Toxic Spikes|[from] move: Defog|[of] p1a: Itachi
|-sideend|p1: OP Earthquakes|Stealth Rock|[from] move: Defog|[of] p1a: Itachi
|
|-heal|p2a: Kingambit|26/100|[from] item: Leftovers
|upkeep
|turn|13
|
|t:|1779646526
|-end|p2a: Kingambit|fallenundefined|[silent]
|switch|p2a: Volcanion|Volcanion|100/100
|move|p1a: Itachi|Swords Dance|p1a: Itachi
|-boost|p1a: Itachi|atk|2
|
|upkeep
|turn|14
|
|t:|1779646530
|move|p1a: Itachi|Brave Bird|p2a: Volcanion
|-damage|p2a: Volcanion|16/100
|-damage|p1a: Itachi|19/100|[from] Recoil
|move|p2a: Volcanion|Flamethrower|p1a: Itachi
|-damage|p1a: Itachi|0 fnt
|faint|p1a: Itachi
|
|-heal|p2a: Volcanion|22/100|[from] item: Leftovers
|upkeep
|
|t:|1779646534
|switch|p1a: Toshiro|Kyurem, shiny|100/100
|-ability|p1a: Toshiro|Pressure
|turn|15
|
|t:|1779646537
|move|p2a: Volcanion|Protect|p2a: Volcanion
|-singleturn|p2a: Volcanion|Protect
|move|p1a: Toshiro|Earth Power|p2a: Volcanion
|-activate|p2a: Volcanion|move: Protect
|
|-heal|p2a: Volcanion|28/100|[from] item: Leftovers
|upkeep
|turn|16
|
|t:|1779646542
|switch|p2a: Slowking|Slowking-Galar, F|100/100
|move|p1a: Toshiro|Earth Power|p2a: Slowking
|-supereffective|p2a: Slowking
|-damage|p2a: Slowking|51/100
|
|upkeep
|turn|17
|
|t:|1779646553
|-terastallize|p1a: Toshiro|Ghost
|move|p1a: Toshiro|Shadow Ball|p2a: Slowking
|-supereffective|p2a: Slowking
|-damage|p2a: Slowking|0 fnt
|faint|p2a: Slowking
|
|-sideend|p1: OP Earthquakes|Reflect
|upkeep
|
|t:|1779646563
|switch|p2a: Rillaboom|Rillaboom, F|100/100
|-fieldstart|move: Grassy Terrain|[from] ability: Grassy Surge|[of] p2a: Rillaboom
|turn|18
|
|t:|1779646566
|-terastallize|p2a: Rillaboom|Dark
|move|p1a: Toshiro|Freeze-Dry|p2a: Rillaboom
|-damage|p2a: Rillaboom|50/100
|move|p2a: Rillaboom|Knock Off|p1a: Toshiro
|-supereffective|p1a: Toshiro
|-damage|p1a: Toshiro|8/100
|-enditem|p1a: Toshiro|Expert Belt|[from] move: Knock Off|[of] p2a: Rillaboom
|
|-heal|p1a: Toshiro|14/100|[from] Grassy Terrain
|-heal|p2a: Rillaboom|56/100|[from] Grassy Terrain
|upkeep
|turn|19
|
|t:|1779646581
|switch|p1a: The sandstorm|Tyranitar, M, shiny|100/100
|-weather|Sandstorm|[from] ability: Sand Stream|[of] p1a: The sandstorm
|move|p2a: Rillaboom|Grassy Glide|p1a: The sandstorm
|-supereffective|p1a: The sandstorm
|-damage|p1a: The sandstorm|45/100
|
|-weather|Sandstorm|[upkeep]
|-damage|p2a: Rillaboom|50/100|[from] Sandstorm
|-heal|p2a: Rillaboom|56/100|[from] Grassy Terrain
|-heal|p1a: The sandstorm|51/100|[from] Grassy Terrain
|upkeep
|turn|20
|
|t:|1779646587
|switch|p1a: Toshiro|Kyurem, shiny, tera:Ghost|14/100
|-ability|p1a: Toshiro|Pressure
|move|p2a: Rillaboom|Grassy Glide|p1a: Toshiro
|-damage|p1a: Toshiro|0 fnt
|faint|p1a: Toshiro
|
|-weather|Sandstorm|[upkeep]
|-damage|p2a: Rillaboom|50/100|[from] Sandstorm
|-heal|p2a: Rillaboom|56/100|[from] Grassy Terrain
|upkeep
|
|t:|1779646589
|switch|p1a: OP|Excadrill, M|100/100
|turn|21
|
|t:|1779646595
|switch|p2a: Volcanion|Volcanion|28/100
|move|p1a: OP|Iron Head|p2a: Volcanion
|-resisted|p2a: Volcanion
|-damage|p2a: Volcanion|13/100
|
|-weather|Sandstorm|[upkeep]
|-damage|p2a: Volcanion|7/100|[from] Sandstorm
|-heal|p2a: Volcanion|13/100|[from] Grassy Terrain
|-heal|p2a: Volcanion|19/100|[from] item: Leftovers
|upkeep
|turn|22
|
|t:|1779646613
|move|p1a: OP|Iron Head|p2a: Volcanion
|-resisted|p2a: Volcanion
|-damage|p2a: Volcanion|3/100
|cant|p2a: Volcanion|flinch
|
|-weather|Sandstorm|[upkeep]
|-damage|p2a: Volcanion|0 fnt|[from] Sandstorm
|faint|p2a: Volcanion
|-fieldend|move: Grassy Terrain
|upkeep
|
|t:|1779646624
|switch|p2a: Great Tusk|Great Tusk|100/100
|turn|23
|
|t:|1779646642
|switch|p1a: Grimmsnarl|Grimmsnarl, M|52/100 psn
|move|p2a: Great Tusk|Stealth Rock|p1a: Grimmsnarl
|-sidestart|p1: OP Earthquakes|move: Stealth Rock
|
|-weather|Sandstorm|[upkeep]
|-damage|p1a: Grimmsnarl|46/100 psn|[from] Sandstorm
|-damage|p1a: Grimmsnarl|34/100 psn|[from] psn
|upkeep
|turn|24
|
|t:|1779646655
|move|p1a: Grimmsnarl|Reflect|p1a: Grimmsnarl
|-sidestart|p1: OP Earthquakes|Reflect
|move|p2a: Great Tusk|Rapid Spin|p1a: Grimmsnarl
|-damage|p1a: Grimmsnarl|24/100 psn
|-boost|p2a: Great Tusk|spe|1
|
|-weather|Sandstorm|[upkeep]
|-damage|p1a: Grimmsnarl|18/100 psn|[from] Sandstorm
|-damage|p1a: Grimmsnarl|6/100 psn|[from] psn
|upkeep
|turn|25
|inactive|OP Earthquakes has 120 seconds left.
|
|t:|1779646687
|switch|p1a: Porunga|Pawmot, M|88/100 psn
|-damage|p1a: Porunga|82/100 psn|[from] Stealth Rock
|move|p2a: Great Tusk|Rapid Spin|p1a: Porunga
|-damage|p1a: Porunga|73/100 psn
|-boost|p2a: Great Tusk|spe|1
|
|-weather|Sandstorm|[upkeep]
|-damage|p1a: Porunga|67/100 psn|[from] Sandstorm
|-damage|p1a: Porunga|54/100 psn|[from] psn
|upkeep
|turn|26
|inactive|OP Earthquakes has 120 seconds left.
|
|t:|1779646698
|switch|p1a: Grimmsnarl|Grimmsnarl, M|6/100 psn
|-damage|p1a: Grimmsnarl|0 fnt|[from] Stealth Rock
|faint|p1a: Grimmsnarl
|move|p2a: Great Tusk|Headlong Rush|p1: Grimmsnarl|[notarget]
|-fail|p2a: Great Tusk
|
|-weather|none
|upkeep
|inactive|OP Earthquakes has 120 seconds left.
|
|t:|1779646705
|switch|p1a: The sandstorm|Tyranitar, M, shiny|51/100
|-damage|p1a: The sandstorm|38/100|[from] Stealth Rock
|-weather|Sandstorm|[from] ability: Sand Stream|[of] p1a: The sandstorm
|turn|27
|
|t:|1779646713
|move|p2a: Great Tusk|Headlong Rush|p1a: The sandstorm
|-supereffective|p1a: The sandstorm
|-damage|p1a: The sandstorm|6/100
|-unboost|p2a: Great Tusk|def|1
|-unboost|p2a: Great Tusk|spd|1
|move|p1a: The sandstorm|Ice Beam|p2a: Great Tusk
|-supereffective|p2a: Great Tusk
|-damage|p2a: Great Tusk|7/100
|
|-weather|Sandstorm|[upkeep]
|upkeep
|turn|28
|inactive|OP Earthquakes has 120 seconds left.
|c|☆healorant|wtf
|c|☆OP Earthquakes|aint no way bro
|c|☆OP Earthquakes|u got spd
|c|☆healorant|that would have done 64 with no reflect
|inactive|healorant has 120 seconds left.
|c|☆healorant|are you max max?
|c|☆OP Earthquakes|bro
|c|☆OP Earthquakes|do
|c|☆OP Earthquakes|u
|inactive|OP Earthquakes has 90 seconds left.
|c|☆OP Earthquakes|have spd
|c|☆healorant|max hp
|c|☆OP Earthquakes|,
|c|☆healorant|now tell about that ttar wtf
|c|☆OP Earthquakes|its just def spa and hp
|inactive|OP Earthquakes has 60 seconds left.
|c|☆OP Earthquakes|thas crazy
|c|☆OP Earthquakes|I will say
|c|☆OP Earthquakes|u certainly know
|c|☆OP Earthquakes|how to apply pressure
|c|☆OP Earthquakes|with poison
|inactive|OP Earthquakes has 30 seconds left.
|c|☆OP Earthquakes|didnt like that
|c|☆OP Earthquakes|gg
|c|☆healorant|ty
|c|☆healorant|gg
|-message|OP Earthquakes forfeited.
|
|win|healorant
|raw|OP Earthquakes's rating: 1642 &rarr; <strong>1626</strong><br />(-16 for losing)
|raw|healorant's rating: 1714 &rarr; <strong>1730</strong><br />(+16 for winning)
|l|☆OP Earthquakes
|player|p1|
|l|☆healorant
|player|p2|
|l| 54 Insane Rats
