|j|☆itstheboyjay
|j|☆Hi672948328
|t:|1779603518
|gametype|singles
|player|p1|itstheboyjay|palmer|1145
|player|p2|Hi672948328|169|1140
|gen|9
|tier|[Gen 9] OU
|rated|
|rule|HP Percentage Mod: HP is shown in percentages
|rule|Endless Battle Clause: Forcing endless battles is banned
|rule|Species Clause: Limit one of each Pokémon
|rule|OHKO Clause: OHKO moves are banned
|rule|Evasion Items Clause: Evasion items are banned
|rule|Evasion Moves Clause: Evasion moves are banned
|rule|Evasion Abilities Clause: Evasion abilities are banned
|rule|Sleep Moves Clause: Sleep-inducing moves are banned
|clearpoke
|poke|p1|Vaporeon, M|
|poke|p1|Flareon, F|
|poke|p1|Sylveon, M|
|poke|p1|Leafeon, F|
|poke|p1|Espeon, F|
|poke|p1|Umbreon, M|
|poke|p2|Great Tusk|
|poke|p2|Ninetales, M|
|poke|p2|Dragonite, F|
|poke|p2|Corviknight, M|
|poke|p2|Ogerpon-Wellspring, F|
|poke|p2|Raging Bolt|
|teampreview
|
|t:|1779603538
|teamsize|p1|6
|teamsize|p2|6
|start
|switch|p1a: Espeon|Espeon, F, shiny|100/100
|switch|p2a: Ninetales|Ninetales, M|100/100
|-weather|SunnyDay|[from] ability: Drought|[of] p2a: Ninetales
|turn|1
|
|t:|1779603549
|switch|p2a: Raging Bolt|Raging Bolt|100/100
|-activate|p2a: Raging Bolt|ability: Protosynthesis
|-start|p2a: Raging Bolt|protosynthesisspa
|move|p1a: Espeon|Power Gem|p2a: Raging Bolt
|-damage|p2a: Raging Bolt|76/100
|
|-weather|SunnyDay|[upkeep]
|upkeep
|turn|2
|
|t:|1779603561
|move|p1a: Espeon|Psychic|p2a: Raging Bolt
|-damage|p2a: Raging Bolt|30/100
|move|p2a: Raging Bolt|Calm Mind|p2a: Raging Bolt
|-boost|p2a: Raging Bolt|spa|1
|-boost|p2a: Raging Bolt|spd|1
|
|-weather|SunnyDay|[upkeep]
|upkeep
|turn|3
|
|t:|1779603570
|move|p2a: Raging Bolt|Thunderclap|p1a: Espeon
|-damage|p1a: Espeon|53/100
|move|p1a: Espeon|Draining Kiss|p2a: Raging Bolt
|-supereffective|p2a: Raging Bolt
|-damage|p2a: Raging Bolt|9/100
|-heal|p1a: Espeon|76/100|[from] drain|[of] p2a: Raging Bolt
|
|-weather|SunnyDay|[upkeep]
|upkeep
|turn|4
|
|t:|1779603580
|move|p2a: Raging Bolt|Thunderclap|p1a: Espeon
|-damage|p1a: Espeon|22/100
|move|p1a: Espeon|Draining Kiss|p2a: Raging Bolt
|-supereffective|p2a: Raging Bolt
|-damage|p2a: Raging Bolt|0 fnt
|-heal|p1a: Espeon|31/100|[from] drain|[of] p2a: Raging Bolt
|faint|p2a: Raging Bolt
|-end|p2a: Raging Bolt|Protosynthesis|[silent]
|
|-weather|SunnyDay|[upkeep]
|upkeep
|
|t:|1779603593
|switch|p2a: Corviknight|Corviknight, M|100/100
|-ability|p2a: Corviknight|Pressure
|turn|5
|
|t:|1779603601
|move|p1a: Espeon|Power Gem|p2a: Corviknight
|-damage|p2a: Corviknight|78/100
|move|p2a: Corviknight|U-turn|p1a: Espeon
|-supereffective|p1a: Espeon
|-damage|p1a: Espeon|0 fnt
|faint|p1a: Espeon
|
|t:|1779603611
|switch|p2a: Great Tusk|Great Tusk|100/100|[from] U-turn
|-activate|p2a: Great Tusk|ability: Protosynthesis
|-start|p2a: Great Tusk|protosynthesisatk
|
|-weather|SunnyDay|[upkeep]
|upkeep
|
|t:|1779603633
|switch|p1a: Sylveon|Sylveon, M|100/100
|turn|6
|
|t:|1779603641
|-end|p2a: Great Tusk|Protosynthesis|[silent]
|switch|p2a: Corviknight|Corviknight, M|78/100
|-ability|p2a: Corviknight|Pressure
|move|p1a: Sylveon|Double-Edge|p2a: Corviknight
|-resisted|p2a: Corviknight
|-damage|p2a: Corviknight|50/100
|-damage|p1a: Sylveon|84/100|[from] item: Rocky Helmet|[of] p2a: Corviknight
|-damage|p1a: Sylveon|75/100|[from] Recoil
|
|-weather|SunnyDay|[upkeep]
|upkeep
|turn|7
|
|t:|1779603653
|switch|p1a: Leafeon|Leafeon, F, shiny|100/100
|move|p2a: Corviknight|Roost|p2a: Corviknight
|-heal|p2a: Corviknight|100/100
|-singleturn|p2a: Corviknight|move: Roost
|
|-weather|SunnyDay|[upkeep]
|upkeep
|turn|8
|
|t:|1779603667
|move|p1a: Leafeon|Leech Seed|p2a: Corviknight
|-start|p2a: Corviknight|move: Leech Seed
|move|p2a: Corviknight|Brave Bird|p1a: Leafeon
|-supereffective|p1a: Leafeon
|-damage|p1a: Leafeon|59/100
|-damage|p2a: Corviknight|84/100|[from] item: Rocky Helmet|[of] p1a: Leafeon
|-damage|p2a: Corviknight|72/100|[from] Recoil
|
|-weather|none
|-damage|p2a: Corviknight|60/100|[from] Leech Seed|[of] p1a: Leafeon
|-heal|p1a: Leafeon|74/100|[silent]
|upkeep
|turn|9
|
|t:|1779603681
|move|p1a: Leafeon|Knock Off|p2a: Corviknight
|-damage|p2a: Corviknight|47/100
|-damage|p1a: Leafeon|57/100|[from] item: Rocky Helmet|[of] p2a: Corviknight
|-enditem|p2a: Corviknight|Rocky Helmet|[from] move: Knock Off|[of] p1a: Leafeon
|move|p2a: Corviknight|U-turn|p1a: Leafeon
|-supereffective|p1a: Leafeon
|-damage|p1a: Leafeon|39/100
|-damage|p2a: Corviknight|30/100|[from] item: Rocky Helmet|[of] p1a: Leafeon
|
|t:|1779603689
|switch|p2a: Ninetales|Ninetales, M|100/100|[from] U-turn
|-weather|SunnyDay|[from] ability: Drought|[of] p2a: Ninetales
|
|-weather|SunnyDay|[upkeep]
|upkeep
|turn|10
|
|t:|1779603705
|switch|p1a: Flareon|Flareon, F, shiny|100/100
|move|p2a: Ninetales|Will-O-Wisp|p1a: Flareon
|-start|p1a: Flareon|ability: Flash Fire
|
|-weather|SunnyDay|[upkeep]
|upkeep
|turn|11
|
|t:|1779603714
|move|p2a: Ninetales|Scorching Sands|p1a: Flareon
|-supereffective|p1a: Flareon
|-damage|p1a: Flareon|74/100
|move|p1a: Flareon|Overheat|p2a: Ninetales
|-resisted|p2a: Ninetales
|-crit|p2a: Ninetales
|-damage|p2a: Ninetales|0 fnt
|-unboost|p1a: Flareon|spa|2
|faint|p2a: Ninetales
|
|-weather|SunnyDay|[upkeep]
|upkeep
|
|t:|1779603733
|switch|p2a: Great Tusk|Great Tusk|100/100
|-activate|p2a: Great Tusk|ability: Protosynthesis
|-start|p2a: Great Tusk|protosynthesisatk
|turn|12
|
|t:|1779603741
|-end|p1a: Flareon|ability: Flash Fire|[silent]
|switch|p1a: Leafeon|Leafeon, F, shiny|39/100
|move|p2a: Great Tusk|Rapid Spin|p1a: Leafeon
|-damage|p1a: Leafeon|25/100
|-boost|p2a: Great Tusk|spe|1
|-damage|p2a: Great Tusk|84/100|[from] item: Rocky Helmet|[of] p1a: Leafeon
|
|-weather|SunnyDay|[upkeep]
|upkeep
|turn|13
|
|t:|1779603754
|-terastallize|p1a: Leafeon|Water
|move|p2a: Great Tusk|Ice Spinner|p1a: Leafeon
|-resisted|p1a: Leafeon
|-damage|p1a: Leafeon|15/100
|-damage|p2a: Great Tusk|67/100|[from] item: Rocky Helmet|[of] p1a: Leafeon
|move|p1a: Leafeon|Synthesis|p1a: Leafeon
|-heal|p1a: Leafeon|81/100
|
|-weather|SunnyDay|[upkeep]
|upkeep
|turn|14
|
|t:|1779603766
|-end|p2a: Great Tusk|Protosynthesis|[silent]
|switch|p2a: Corviknight|Corviknight, M|30/100
|-ability|p2a: Corviknight|Pressure
|move|p1a: Leafeon|Leech Seed|p2a: Corviknight
|-start|p2a: Corviknight|move: Leech Seed
|
|-weather|SunnyDay|[upkeep]
|-damage|p2a: Corviknight|18/100|[from] Leech Seed|[of] p1a: Leafeon
|-heal|p1a: Leafeon|96/100|[silent]
|upkeep
|turn|15
|
|t:|1779603776
|switch|p1a: Flareon|Flareon, F, shiny|74/100
|move|p2a: Corviknight|Roost|p2a: Corviknight
|-heal|p2a: Corviknight|68/100
|-singleturn|p2a: Corviknight|move: Roost
|
|-weather|SunnyDay|[upkeep]
|-damage|p2a: Corviknight|55/100|[from] Leech Seed|[of] p1a: Flareon
|-heal|p1a: Flareon|92/100|[silent]
|upkeep
|turn|16
|
|t:|1779603792
|move|p2a: Corviknight|U-turn|p1a: Flareon
|-resisted|p1a: Flareon
|-damage|p1a: Flareon|79/100
|
|t:|1779603805
|switch|p2a: Dragonite|Dragonite, F|100/100|[from] U-turn
|move|p1a: Flareon|Alluring Voice|p2a: Dragonite
|-supereffective|p2a: Dragonite
|-damage|p2a: Dragonite|60/100
|
|-weather|none
|upkeep
|turn|17
|
|t:|1779603820
|switch|p1a: Vaporeon|Vaporeon, M, shiny|100/100
|-terastallize|p2a: Dragonite|Normal
|move|p2a: Dragonite|Dragon Dance|p2a: Dragonite
|-boost|p2a: Dragonite|atk|1
|-boost|p2a: Dragonite|spe|1
|
|upkeep
|turn|18
|
|t:|1779603832
|switch|p1a: Leafeon|Leafeon, F, shiny, tera:Water|96/100
|move|p2a: Dragonite|Dragon Dance|p2a: Dragonite
|-boost|p2a: Dragonite|atk|1
|-boost|p2a: Dragonite|spe|1
|
|upkeep
|turn|19
|
|t:|1779603843
|move|p2a: Dragonite|Extreme Speed|p1a: Leafeon
|-damage|p1a: Leafeon|38/100
|-damage|p2a: Dragonite|44/100|[from] item: Rocky Helmet|[of] p1a: Leafeon
|move|p1a: Leafeon|Synthesis|p1a: Leafeon
|-heal|p1a: Leafeon|88/100
|
|upkeep
|turn|20
|
|t:|1779603858
|move|p2a: Dragonite|Dragon Dance|p2a: Dragonite
|-boost|p2a: Dragonite|atk|1
|-boost|p2a: Dragonite|spe|1
|move|p1a: Leafeon|Leech Seed|p2a: Dragonite
|-start|p2a: Dragonite|move: Leech Seed
|
|-damage|p2a: Dragonite|31/100|[from] Leech Seed|[of] p1a: Leafeon
|-heal|p1a: Leafeon|99/100|[silent]
|upkeep
|turn|21
|
|t:|1779603871
|move|p2a: Dragonite|Extreme Speed|p1a: Leafeon
|-damage|p1a: Leafeon|28/100
|-damage|p2a: Dragonite|15/100|[from] item: Rocky Helmet|[of] p1a: Leafeon
|move|p1a: Leafeon|Knock Off|p2a: Dragonite
|-damage|p2a: Dragonite|0 fnt
|-enditem|p2a: Dragonite|Heavy-Duty Boots|[from] move: Knock Off|[of] p1a: Leafeon
|faint|p2a: Dragonite
|
|upkeep
|
|t:|1779603881
|switch|p2a: Corviknight|Corviknight, M|55/100
|-ability|p2a: Corviknight|Pressure
|turn|22
|
|t:|1779603892
|move|p1a: Leafeon|Synthesis|p1a: Leafeon
|-heal|p1a: Leafeon|78/100
|move|p2a: Corviknight|Roost|p2a: Corviknight
|-heal|p2a: Corviknight|100/100
|-singleturn|p2a: Corviknight|move: Roost
|
|upkeep
|turn|23
|
|t:|1779603913
|switch|p1a: Vaporeon|Vaporeon, M, shiny|100/100
|move|p2a: Corviknight|Taunt|p1a: Vaporeon
|-start|p1a: Vaporeon|move: Taunt
|
|upkeep
|turn|24
|
|t:|1779603926
|move|p1a: Vaporeon|Blizzard|p2a: Corviknight|[miss]
|-miss|p1a: Vaporeon|p2a: Corviknight
|move|p2a: Corviknight|Brave Bird|p1a: Vaporeon
|-damage|p1a: Vaporeon|50/100
|-damage|p2a: Corviknight|84/100|[from] Recoil
|
|upkeep
|turn|25
|
|t:|1779603939
|move|p1a: Vaporeon|Blizzard|p2a: Corviknight
|-damage|p2a: Corviknight|52/100
|move|p2a: Corviknight|U-turn|p1a: Vaporeon
|-damage|p1a: Vaporeon|31/100
|
|t:|1779603947
|switch|p2a: Ogerpon|Ogerpon-Wellspring, F|100/100|[from] U-turn
|
|-end|p1a: Vaporeon|move: Taunt
|upkeep
|turn|26
|
|t:|1779603955
|move|p2a: Ogerpon|Knock Off|p1a: Vaporeon
|-damage|p1a: Vaporeon|0 fnt
|-enditem|p1a: Vaporeon|Choice Scarf|[from] move: Knock Off|[of] p2a: Ogerpon
|faint|p1a: Vaporeon
|
|upkeep
|
|t:|1779603962
|switch|p1a: Sylveon|Sylveon, M|75/100
|turn|27
|
|t:|1779603977
|move|p2a: Ogerpon|Knock Off|p1a: Sylveon
|-resisted|p1a: Sylveon
|-damage|p1a: Sylveon|52/100
|-enditem|p1a: Sylveon|Choice Band|[from] move: Knock Off|[of] p2a: Ogerpon
|move|p1a: Sylveon|Double-Edge|p2a: Ogerpon
|-damage|p2a: Ogerpon|30/100
|-damage|p1a: Sylveon|34/100|[from] Recoil
|
|upkeep
|turn|28
|
|t:|1779603988
|move|p1a: Sylveon|Quick Attack|p2a: Ogerpon
|-damage|p2a: Ogerpon|6/100
|move|p2a: Ogerpon|Horn Leech|p1a: Sylveon
|-damage|p1a: Sylveon|0 fnt
|-heal|p2a: Ogerpon|29/100|[from] drain|[of] p1a: Sylveon
|faint|p1a: Sylveon
|
|upkeep
|
|t:|1779604000
|switch|p1a: Leafeon|Leafeon, F, shiny, tera:Water|78/100
|turn|29
|
|t:|1779604007
|switch|p1a: Flareon|Flareon, F, shiny|79/100
|move|p2a: Ogerpon|Horn Leech|p1a: Flareon
|-resisted|p1a: Flareon
|-damage|p1a: Flareon|40/100
|-heal|p2a: Ogerpon|46/100|[from] drain|[of] p1a: Flareon
|
|upkeep
|turn|30
|
|t:|1779604017
|move|p2a: Ogerpon|Ivy Cudgel|p1a: Flareon|[anim] Ivy Cudgel Water
|-supereffective|p1a: Flareon
|-damage|p1a: Flareon|0 fnt
|faint|p1a: Flareon
|
|upkeep
|
|t:|1779604023
|switch|p1a: Leafeon|Leafeon, F, shiny, tera:Water|78/100
|turn|31
|
|t:|1779604027
|move|p2a: Ogerpon|Horn Leech|p1a: Leafeon
|-supereffective|p1a: Leafeon
|-crit|p1a: Leafeon
|-damage|p1a: Leafeon|0 fnt
|-heal|p2a: Ogerpon|90/100|[from] drain|[of] p1a: Leafeon
|-damage|p2a: Ogerpon|73/100|[from] item: Rocky Helmet|[of] p1a: Leafeon
|faint|p1a: Leafeon
|
|upkeep
|
|t:|1779604037
|switch|p1a: Umbreon|Umbreon, M, shiny|100/100
|turn|32
|
|t:|1779604042
|move|p2a: Ogerpon|Ivy Cudgel|p1a: Umbreon|[anim] Ivy Cudgel Water
|-damage|p1a: Umbreon|46/100
|move|p1a: Umbreon|Curse|p1a: Umbreon
|-unboost|p1a: Umbreon|spe|1
|-boost|p1a: Umbreon|atk|1
|-boost|p1a: Umbreon|def|1
|
|upkeep
|turn|33
|
|t:|1779604051
|move|p2a: Ogerpon|Ivy Cudgel|p1a: Umbreon|[anim] Ivy Cudgel Water
|-damage|p1a: Umbreon|12/100
|move|p1a: Umbreon|Moonlight|p1a: Umbreon
|-heal|p1a: Umbreon|62/100
|
|upkeep
|turn|34
|
|t:|1779604064
|switch|p2a: Corviknight|Corviknight, M|52/100
|-ability|p2a: Corviknight|Pressure
|move|p1a: Umbreon|Moonlight|p1a: Umbreon
|-heal|p1a: Umbreon|100/100
|
|upkeep
|turn|35
|
|t:|1779604073
|move|p2a: Corviknight|Taunt|p1a: Umbreon
|-start|p1a: Umbreon|move: Taunt
|cant|p1a: Umbreon|move: Taunt|Curse
|
|upkeep
|turn|36
|
|t:|1779604079
|move|p2a: Corviknight|U-turn|p1a: Umbreon
|-supereffective|p1a: Umbreon
|-damage|p1a: Umbreon|84/100
|
|t:|1779604082
|switch|p2a: Great Tusk|Great Tusk|67/100|[from] U-turn
|move|p1a: Umbreon|Crunch|p2a: Great Tusk
|-resisted|p2a: Great Tusk
|-damage|p2a: Great Tusk|51/100
|
|upkeep
|turn|37
|
|t:|1779604091
|move|p2a: Great Tusk|Close Combat|p1a: Umbreon
|-supereffective|p1a: Umbreon
|-damage|p1a: Umbreon|7/100
|-unboost|p2a: Great Tusk|def|1
|-unboost|p2a: Great Tusk|spd|1
|move|p1a: Umbreon|Double Kick|p2a: Great Tusk
|-crit|p2a: Great Tusk
|-damage|p2a: Great Tusk|33/100
|-damage|p2a: Great Tusk|21/100
|-hitcount|p2a: Great Tusk|2
|
|-end|p1a: Umbreon|move: Taunt
|upkeep
|turn|38
|
|t:|1779604104
|move|p2a: Great Tusk|Close Combat|p1a: Umbreon
|-supereffective|p1a: Umbreon
|-damage|p1a: Umbreon|0 fnt
|-unboost|p2a: Great Tusk|def|1
|-unboost|p2a: Great Tusk|spd|1
|faint|p1a: Umbreon
|
|win|Hi672948328
|raw|itstheboyjay's rating: 1145 &rarr; <strong>1120</strong><br />(-25 for losing)
|raw|Hi672948328's rating: 1140 &rarr; <strong>1165</strong><br />(+25 for winning)
|l|☆Hi672948328
|player|p2|
|l|☆itstheboyjay
|player|p1|
