|badge|p2|bronze|gen9ou|100-9
|uhtml|medal-msg|<div class="broadcast-blue">Curious what those medals under the avatar are? PS now has Ladder Seasons! For more information, check out the <a href="https://www.smogon.com/forums/threads/3740067/">thread on Smogon.</a></div>
|j|☆OP Earthquakes
|j|‽ClRCUS MAXIMUS
|t:|1779654967
|gametype|singles
|player|p1|OP Earthquakes|giovanni-masters|1657
|player|p2|ClRCUS MAXIMUS|rood|1775
|gen|9
|tier|[Gen 9] OU
|rated|
|rule|HP Percentage Mod: HP is shown in percentages
|rule|Endless Battle Clause: Forcing endless battles is banned
|rule|Species Clause: Limit one of each Pokémon
|rule|OHKO Clause: OHKO moves are banned
|rule|Evasion Items Clause: Evasion items are banned
|rule|Evasion Moves Clause: Evasion moves are banned
|rule|Evasion Abilities Clause: Evasion abilities are banned
|rule|Sleep Moves Clause: Sleep-inducing moves are banned
|clearpoke
|poke|p1|Tyranitar, F|
|poke|p1|Pawmot, F|
|poke|p1|Kyurem|
|poke|p1|Excadrill, F|
|poke|p1|Hawlucha, M|
|poke|p1|Greninja-*, M|
|poke|p2|Zamazenta-*|
|poke|p2|Kingambit, F|
|poke|p2|Dragonite, M|
|poke|p2|Hatterene, F|
|poke|p2|Great Tusk|
|poke|p2|Gholdengo|
|teampreview
|inactive|Battle timer is ON: inactive players will automatically lose when time's up. (requested by OP Earthquakes)
|inactive|OP Earthquakes has 120 seconds left.
|j| FaronAan
|inactive|OP Earthquakes has 90 seconds left.
|
|t:|1779655032
|teamsize|p1|6
|teamsize|p2|6
|start
|switch|p1a: Greninja|Greninja, M|100/100
|switch|p2a: Zamazenta|Zamazenta, shiny|100/100
|-ability|p2a: Zamazenta|Dauntless Shield|boost
|-boost|p2a: Zamazenta|def|1
|turn|1
|
|t:|1779655041
|switch|p1a: Itachi|Hawlucha, M, shiny|100/100
|-ability|p1a: Itachi|Mold Breaker
|move|p2a: Zamazenta|Close Combat|p1a: Itachi
|-resisted|p1a: Itachi
|-damage|p1a: Itachi|59/100
|-unboost|p2a: Zamazenta|def|1
|-unboost|p2a: Zamazenta|spd|1
|-enditem|p1a: Itachi|Red Card|[of] p2a: Zamazenta
|drag|p2a: Dragonite|Dragonite, M, shiny|100/100
|
|upkeep
|turn|2
|
|t:|1779655047
|switch|p1a: The sandstorm|Tyranitar, F, shiny|100/100
|-weather|Sandstorm|[from] ability: Sand Stream|[of] p1a: The sandstorm
|switch|p2a: Zamazenta|Zamazenta, shiny|100/100
|
|-weather|Sandstorm|[upkeep]
|-damage|p2a: Zamazenta|95/100|[from] Sandstorm
|upkeep
|turn|3
|
|t:|1779655052
|-terastallize|p1a: The sandstorm|Ghost
|move|p2a: Zamazenta|Close Combat|p1a: The sandstorm
|-immune|p1a: The sandstorm
|move|p1a: The sandstorm|Thunder Wave|p2a: Zamazenta
|-status|p2a: Zamazenta|par
|
|-weather|Sandstorm|[upkeep]
|-damage|p2a: Zamazenta|89/100 par|[from] Sandstorm
|-damage|p1a: The sandstorm|94/100|[from] Sandstorm
|upkeep
|turn|4
|
|t:|1779655059
|switch|p1a: Toshiro|Kyurem, shiny|100/100
|-ability|p1a: Toshiro|Pressure
|move|p2a: Zamazenta|Reflect|p2a: Zamazenta
|-sidestart|p2: ClRCUS MAXIMUS|Reflect
|
|-weather|Sandstorm|[upkeep]
|-damage|p1a: Toshiro|94/100|[from] Sandstorm
|-damage|p2a: Zamazenta|83/100 par|[from] Sandstorm
|upkeep
|turn|5
|
|t:|1779655064
|switch|p1a: Itachi|Hawlucha, M, shiny|59/100
|-ability|p1a: Itachi|Mold Breaker
|move|p2a: Zamazenta|Light Screen|p2a: Zamazenta
|-sidestart|p2: ClRCUS MAXIMUS|move: Light Screen
|
|-weather|Sandstorm|[upkeep]
|-damage|p1a: Itachi|53/100|[from] Sandstorm
|-damage|p2a: Zamazenta|77/100 par|[from] Sandstorm
|upkeep
|turn|6
|
|t:|1779655067
|move|p1a: Itachi|Defog|p2a: Zamazenta
|-unboost|p2a: Zamazenta|evasion|1
|-sideend|p2: ClRCUS MAXIMUS|Reflect
|-sideend|p2: ClRCUS MAXIMUS|move: Light Screen
|cant|p2a: Zamazenta|par
|
|-weather|Sandstorm|[upkeep]
|-damage|p1a: Itachi|47/100|[from] Sandstorm
|-damage|p2a: Zamazenta|71/100 par|[from] Sandstorm
|upkeep
|turn|7
|
|t:|1779655070
|move|p1a: Itachi|Brave Bird|p2a: Zamazenta
|-supereffective|p2a: Zamazenta
|-damage|p2a: Zamazenta|0 fnt
|faint|p2a: Zamazenta
|-damage|p1a: Itachi|21/100|[from] Recoil
|
|-weather|Sandstorm|[upkeep]
|-damage|p1a: Itachi|15/100|[from] Sandstorm
|upkeep
|
|t:|1779655077
|switch|p2a: Gholdengo|Gholdengo|100/100
|turn|8
|
|t:|1779655081
|switch|p1a: OP|Excadrill, F|100/100
|move|p2a: Gholdengo|Make It Rain|p1a: OP
|-resisted|p1a: OP
|-damage|p1a: OP|42/100
|-unboost|p2a: Gholdengo|spa|1
|
|-weather|Sandstorm|[upkeep]
|upkeep
|turn|9
|
|t:|1779655089
|switch|p2a: Great Tusk|Great Tusk, shiny|100/100
|-enditem|p2a: Great Tusk|Booster Energy
|-activate|p2a: Great Tusk|ability: Protosynthesis|[fromitem]
|-start|p2a: Great Tusk|protosynthesisatk
|move|p1a: OP|Iron Head|p2a: Great Tusk
|-damage|p2a: Great Tusk|53/100
|
|-weather|none
|upkeep
|turn|10
|
|t:|1779655097
|switch|p1a: Greninja|Greninja, M|100/100
|move|p2a: Great Tusk|Ice Spinner|p1a: Greninja
|-resisted|p1a: Greninja
|-damage|p1a: Greninja|71/100
|
|upkeep
|turn|11
|
|t:|1779655101
|move|p1a: Greninja|Surf|p2a: Great Tusk
|-start|p1a: Greninja|typechange|Water|[from] ability: Protean
|-supereffective|p2a: Great Tusk
|-damage|p2a: Great Tusk|0 fnt
|faint|p2a: Great Tusk
|-end|p2a: Great Tusk|Protosynthesis|[silent]
|
|upkeep
|
|t:|1779655111
|switch|p2a: Dragonite|Dragonite, M, shiny|100/100
|turn|12
|
|t:|1779655117
|switch|p1a: The sandstorm|Tyranitar, F, shiny, tera:Ghost|94/100
|-weather|Sandstorm|[from] ability: Sand Stream|[of] p1a: The sandstorm
|switch|p2a: Gholdengo|Gholdengo|100/100
|
|-weather|Sandstorm|[upkeep]
|-damage|p1a: The sandstorm|88/100|[from] Sandstorm
|upkeep
|turn|13
|
|t:|1779655123
|switch|p1a: Itachi|Hawlucha, M, shiny|15/100
|-ability|p1a: Itachi|Mold Breaker
|move|p2a: Gholdengo|Make It Rain|p1a: Itachi
|-damage|p1a: Itachi|0 fnt
|-unboost|p2a: Gholdengo|spa|1
|faint|p1a: Itachi
|
|-weather|Sandstorm|[upkeep]
|upkeep
|
|t:|1779655127
|switch|p1a: Greninja|Greninja, M|71/100
|turn|14
|
|t:|1779655140
|switch|p2a: Kingambit|Kingambit, F, shiny|100/100
|-activate|p2a: Kingambit|ability: Supreme Overlord
|-start|p2a: Kingambit|fallen2|[silent]
|move|p1a: Greninja|Surf|p2a: Kingambit
|-start|p1a: Greninja|typechange|Water|[from] ability: Protean
|-damage|p2a: Kingambit|60/100
|
|-weather|Sandstorm|[upkeep]
|-damage|p1a: Greninja|65/100|[from] Sandstorm
|upkeep
|turn|15
|
|t:|1779655164
|switch|p1a: Porunga|Pawmot, F|100/100
|move|p2a: Kingambit|Kowtow Cleave|p1a: Porunga
|-resisted|p1a: Porunga
|-damage|p1a: Porunga|62/100
|
|-weather|Sandstorm|[upkeep]
|-damage|p1a: Porunga|55/100|[from] Sandstorm
|upkeep
|turn|16
|
|t:|1779655170
|move|p1a: Porunga|Revival Blessing|p1a: Porunga
|-enditem|p1a: Porunga|Leppa Berry|[eat]
|-activate|p1a: Porunga|item: Leppa Berry|Revival Blessing|[consumed]
|
|t:|1779655172
|-heal|p1: Itachi|50/100|[from] move: Revival Blessing
|move|p2a: Kingambit|Kowtow Cleave|p1a: Porunga
|-resisted|p1a: Porunga
|-damage|p1a: Porunga|15/100
|
|-weather|Sandstorm|[upkeep]
|-damage|p1a: Porunga|9/100|[from] Sandstorm
|upkeep
|turn|17
|
|t:|1779655185
|switch|p1a: Greninja|Greninja, M|65/100
|-end|p2a: Kingambit|fallen2|[silent]
|switch|p2a: Gholdengo|Gholdengo|100/100
|
|-weather|Sandstorm|[upkeep]
|-damage|p1a: Greninja|59/100|[from] Sandstorm
|upkeep
|turn|18
|
|t:|1779655194
|move|p1a: Greninja|Surf|p2a: Gholdengo
|-start|p1a: Greninja|typechange|Water|[from] ability: Protean
|-damage|p2a: Gholdengo|55/100
|move|p2a: Gholdengo|Thunderbolt|p1a: Greninja
|-supereffective|p1a: Greninja
|-damage|p1a: Greninja|0 fnt
|faint|p1a: Greninja
|
|-weather|Sandstorm|[upkeep]
|upkeep
|inactive|OP Earthquakes has 120 seconds left.
|inactive|OP Earthquakes has 90 seconds left.
|inactive|OP Earthquakes has 60 seconds left.
|
|t:|1779655294
|switch|p1a: OP|Excadrill, F|42/100
|turn|19
|
|t:|1779655318
|move|p1a: OP|Earthquake|p2a: Gholdengo
|-supereffective|p2a: Gholdengo
|-damage|p2a: Gholdengo|0 fnt
|faint|p2a: Gholdengo
|
|-weather|none
|upkeep
|
|t:|1779655328
|switch|p2a: Dragonite|Dragonite, M, shiny|100/100
|turn|20
|
|t:|1779655334
|switch|p1a: The sandstorm|Tyranitar, F, shiny, tera:Ghost|88/100
|-weather|Sandstorm|[from] ability: Sand Stream|[of] p1a: The sandstorm
|switch|p2a: Kingambit|Kingambit, F, shiny|60/100
|-activate|p2a: Kingambit|ability: Supreme Overlord
|-start|p2a: Kingambit|fallen3|[silent]
|
|-weather|Sandstorm|[upkeep]
|-damage|p1a: The sandstorm|82/100|[from] Sandstorm
|upkeep
|turn|21
|inactive|OP Earthquakes has 60 seconds left.
|inactive|ClRCUS MAXIMUS has 120 seconds left.
|
|t:|1779655368
|switch|p1a: Itachi|Hawlucha, M, shiny|50/100
|-ability|p1a: Itachi|Mold Breaker
|-terastallize|p2a: Kingambit|Flying
|move|p2a: Kingambit|Kowtow Cleave|p1a: Itachi
|-resisted|p1a: Itachi
|-damage|p1a: Itachi|2/100
|
|-weather|Sandstorm|[upkeep]
|-damage|p1a: Itachi|0 fnt|[from] Sandstorm
|-damage|p2a: Kingambit|54/100|[from] Sandstorm
|faint|p1a: Itachi
|upkeep
|
|t:|1779655371
|switch|p1a: Toshiro|Kyurem, shiny|94/100
|-ability|p1a: Toshiro|Pressure
|turn|22
|
|t:|1779655378
|-end|p2a: Kingambit|fallen3|[silent]
|switch|p2a: Hatterene|Hatterene, F, shiny|100/100
|move|p1a: Toshiro|Freeze-Dry|p2a: Hatterene
|-damage|p2a: Hatterene|56/100
|
|-weather|Sandstorm|[upkeep]
|-damage|p1a: Toshiro|88/100|[from] Sandstorm
|-damage|p2a: Hatterene|50/100|[from] Sandstorm
|-heal|p2a: Hatterene|56/100|[from] item: Leftovers
|upkeep
|turn|23
|
|t:|1779655383
|move|p1a: Toshiro|Shadow Ball|p2a: Hatterene
|-supereffective|p2a: Hatterene
|-damage|p2a: Hatterene|0 fnt
|faint|p2a: Hatterene
|
|-weather|Sandstorm|[upkeep]
|-damage|p1a: Toshiro|82/100|[from] Sandstorm
|upkeep
|
|t:|1779655392
|switch|p2a: Dragonite|Dragonite, M, shiny|100/100
|turn|24
|
|t:|1779655395
|switch|p2a: Kingambit|Kingambit, F, shiny, tera:Flying|54/100
|-activate|p2a: Kingambit|ability: Supreme Overlord
|-start|p2a: Kingambit|fallen4|[silent]
|move|p1a: Toshiro|Freeze-Dry|p2a: Kingambit
|-supereffective|p2a: Kingambit
|-damage|p2a: Kingambit|0 fnt
|faint|p2a: Kingambit
|-end|p2a: Kingambit|fallen4|[silent]
|
|-weather|Sandstorm|[upkeep]
|-damage|p1a: Toshiro|76/100|[from] Sandstorm
|upkeep
|
|t:|1779655398
|switch|p2a: Dragonite|Dragonite, M, shiny|100/100
|turn|25
|
|t:|1779655401
|move|p1a: Toshiro|Freeze-Dry|p2a: Dragonite
|-supereffective|p2a: Dragonite
|-damage|p2a: Dragonite|0 fnt
|faint|p2a: Dragonite
|
|win|OP Earthquakes
|raw|OP Earthquakes's rating: 1657 &rarr; <strong>1684</strong><br />(+27 for winning)
|raw|ClRCUS MAXIMUS's rating: 1775 &rarr; <strong>1748</strong><br />(-27 for losing)
|l| FaronAan
|l|‽ClRCUS MAXIMUS
|player|p2|
|l|☆OP Earthquakes
|player|p1|
