|j|☆BigPapaPickle1995
|j|☆sk_brother
|t:|1779560282
|gametype|singles
|player|p1|BigPapaPickle1995|wallace|1118
|player|p2|sk_brother|170|1073
|gen|9
|tier|[Gen 9] OU
|rated|
|rule|HP Percentage Mod: HP is shown in percentages
|rule|Endless Battle Clause: Forcing endless battles is banned
|rule|Species Clause: Limit one of each Pokémon
|rule|OHKO Clause: OHKO moves are banned
|rule|Evasion Items Clause: Evasion items are banned
|rule|Evasion Moves Clause: Evasion moves are banned
|rule|Evasion Abilities Clause: Evasion abilities are banned
|rule|Sleep Moves Clause: Sleep-inducing moves are banned
|clearpoke
|poke|p1|Lycanroc-Dusk, M|
|poke|p1|Infernape, M|
|poke|p1|Mew|
|poke|p1|Dugtrio, M|
|poke|p1|Tinkaton, F|
|poke|p1|Morpeko, F|
|poke|p2|Mimikyu, M|
|poke|p2|Tinkaton, F|
|poke|p2|Gliscor, M|
|poke|p2|Incineroar, M|
|poke|p2|Raging Bolt|
|poke|p2|Kingambit, M|
|teampreview
|inactive|Battle timer is ON: inactive players will automatically lose when time's up. (requested by BigPapaPickle1995)
|
|t:|1779560300
|teamsize|p1|6
|teamsize|p2|6
|start
|switch|p1a: Puar|Mew, shiny|100/100
|switch|p2a: Tinkaton|Tinkaton, F, shiny|100/100
|-ability|p2a: Tinkaton|Mold Breaker
|-item|p2a: Tinkaton|Air Balloon
|turn|1
|
|t:|1779560326
|move|p2a: Tinkaton|Stealth Rock|p1a: Puar
|-sidestart|p1: BigPapaPickle1995|move: Stealth Rock
|move|p1a: Puar|Will-O-Wisp|p2a: Tinkaton
|-status|p2a: Tinkaton|brn
|
|-damage|p2a: Tinkaton|94/100 brn|[from] brn
|upkeep
|turn|2
|
|t:|1779560335
|switch|p2a: Kingambit|Kingambit, M, shiny|100/100
|move|p1a: Puar|Toxic Spikes|p2a: Kingambit
|-sidestart|p2: sk_brother|move: Toxic Spikes
|
|upkeep
|turn|3
|
|t:|1779560355
|-terastallize|p1a: Puar|Normal
|move|p2a: Kingambit|Sucker Punch||[still]
|-fail|p2a: Kingambit
|move|p1a: Puar|Toxic Spikes|p2a: Kingambit
|-sidestart|p2: sk_brother|move: Toxic Spikes
|
|upkeep
|turn|4
|
|t:|1779560361
|move|p2a: Kingambit|Sucker Punch||[still]
|-fail|p2a: Kingambit
|move|p1a: Puar|Tailwind|p1a: Puar
|-sidestart|p1: BigPapaPickle1995|move: Tailwind
|
|upkeep
|turn|5
|
|t:|1779560379
|switch|p1a: Yamcha|Lycanroc-Dusk, M, shiny|100/100
|-damage|p1a: Yamcha|88/100|[from] Stealth Rock
|move|p2a: Kingambit|Kowtow Cleave|p1a: Yamcha
|-crit|p1a: Yamcha
|-damage|p1a: Yamcha|0 fnt
|faint|p1a: Yamcha
|
|upkeep
|
|t:|1779560388
|switch|p1a: Krillin|Dugtrio, M|100/100
|-damage|p1a: Krillin|94/100|[from] Stealth Rock
|turn|6
|inactive|sk_brother has 120 seconds left.
|inactive|sk_brother has 90 seconds left.
|inactive|sk_brother has 60 seconds left.
|
|t:|1779560497
|-end|p2a: Kingambit|fallenundefined|[silent]
|switch|p2a: Raging Bolt|Raging Bolt|100/100
|-status|p2a: Raging Bolt|tox
|move|p1a: Krillin|Earthquake|p2a: Raging Bolt
|-supereffective|p2a: Raging Bolt
|-damage|p2a: Raging Bolt|0 fnt
|faint|p2a: Raging Bolt
|-end|p2a: Raging Bolt|Protosynthesis|[silent]
|
|upkeep
|
|t:|1779560506
|switch|p2a: Kingambit|Kingambit, M, shiny|100/100
|-activate|p2a: Kingambit|ability: Supreme Overlord
|-start|p2a: Kingambit|fallen1|[silent]
|turn|7
|
|t:|1779560515
|move|p1a: Krillin|Earthquake|p2a: Kingambit
|-supereffective|p2a: Kingambit
|-damage|p2a: Kingambit|8/100
|move|p2a: Kingambit|Kowtow Cleave|p1a: Krillin
|-damage|p1a: Krillin|0 fnt
|faint|p1a: Krillin
|
|-sideend|p1: BigPapaPickle1995|move: Tailwind
|upkeep
|
|t:|1779560523
|switch|p1a: Bulma|Tinkaton, F|100/100
|-damage|p1a: Bulma|94/100|[from] Stealth Rock
|-ability|p1a: Bulma|Mold Breaker
|-item|p1a: Bulma|Air Balloon
|turn|8
|inactive|sk_brother has 60 seconds left.
|
|t:|1779560536
|-end|p2a: Kingambit|fallen1|[silent]
|switch|p2a: Incineroar|Incineroar, M, shiny|100/100
|-ability|p2a: Incineroar|Intimidate|boost
|-unboost|p1a: Bulma|atk|1
|move|p1a: Bulma|Fake Out|p2a: Incineroar
|-damage|p2a: Incineroar|94/100
|
|upkeep
|turn|9
|inactive|sk_brother has 60 seconds left.
|
|t:|1779560563
|switch|p1a: Launch|Morpeko, F|100/100
|-damage|p1a: Launch|88/100|[from] Stealth Rock
|move|p2a: Incineroar|Flare Blitz|p1a: Launch
|-damage|p1a: Launch|0 fnt
|faint|p1a: Launch
|-damage|p2a: Incineroar|75/100|[from] Recoil
|
|upkeep
|inactive|BigPapaPickle1995 has 120 seconds left.
|
|t:|1779560574
|switch|p1a: goku|Infernape, M|100/100
|-damage|p1a: goku|88/100|[from] Stealth Rock
|turn|10
|inactive|sk_brother has 60 seconds left.
|
|t:|1779560613
|switch|p2a: Gliscor|Gliscor, M, shiny|100/100
|move|p1a: goku|Aura Sphere|p2a: Gliscor
|-resisted|p2a: Gliscor
|-damage|p2a: Gliscor|78/100
|
|-status|p2a: Gliscor|tox|[from] item: Toxic Orb
|upkeep
|turn|11
|inactive|BigPapaPickle1995 has 120 seconds left.
|
|t:|1779560628
|switch|p1a: Puar|Mew, shiny, tera:Normal|100/100
|-damage|p1a: Puar|88/100|[from] Stealth Rock
|move|p2a: Gliscor|Toxic|p1a: Puar
|-status|p1a: Puar|tox
|-activate|p1a: Puar|ability: Synchronize
|-fail|p2a: Gliscor|tox
|
|-heal|p1a: Puar|94/100 tox|[from] item: Leftovers
|-heal|p2a: Gliscor|90/100 tox|[from] ability: Poison Heal
|-damage|p1a: Puar|88/100 tox|[from] psn
|upkeep
|turn|12
|inactive|BigPapaPickle1995 has 120 seconds left.
|inactive|sk_brother has 30 seconds left.
|
|t:|1779560655
|move|p2a: Gliscor|Earthquake|p1a: Puar
|-damage|p1a: Puar|58/100 tox
|move|p1a: Puar|Tailwind|p1a: Puar
|-sidestart|p1: BigPapaPickle1995|move: Tailwind
|
|-heal|p1a: Puar|64/100 tox|[from] item: Leftovers
|-damage|p1a: Puar|51/100 tox|[from] psn
|-heal|p2a: Gliscor|100/100 tox|[from] ability: Poison Heal
|upkeep
|turn|13
|inactive|BigPapaPickle1995 has 120 seconds left.
|inactive|sk_brother has 30 seconds left.
|
|t:|1779560669
|move|p1a: Puar|Psychic|p2a: Gliscor
|-damage|p2a: Gliscor|64/100 tox
|move|p2a: Gliscor|Toxic|p1a: Puar
|-fail|p1a: Puar|tox
|
|-heal|p1a: Puar|58/100 tox|[from] item: Leftovers
|-damage|p1a: Puar|39/100 tox|[from] psn
|-heal|p2a: Gliscor|76/100 tox|[from] ability: Poison Heal
|upkeep
|turn|14
|inactive|BigPapaPickle1995 has 120 seconds left.
|inactive|sk_brother has 30 seconds left.
|
|t:|1779560681
|-terastallize|p2a: Gliscor|Ground
|move|p1a: Puar|Psychic|p2a: Gliscor
|-damage|p2a: Gliscor|40/100 tox
|move|p2a: Gliscor|Earthquake|p1a: Puar
|-damage|p1a: Puar|0 fnt
|faint|p1a: Puar
|
|-heal|p2a: Gliscor|52/100 tox|[from] ability: Poison Heal
|upkeep
|inactive|BigPapaPickle1995 has 120 seconds left.
|
|t:|1779560690
|switch|p1a: Bulma|Tinkaton, F|94/100
|-damage|p1a: Bulma|88/100|[from] Stealth Rock
|-ability|p1a: Bulma|Mold Breaker
|-item|p1a: Bulma|Air Balloon
|turn|15
|inactive|BigPapaPickle1995 has 120 seconds left.
|
|t:|1779560708
|move|p1a: Bulma|Fake Out|p2a: Gliscor
|-damage|p2a: Gliscor|47/100 tox
|cant|p2a: Gliscor|flinch
|
|-heal|p2a: Gliscor|59/100 tox|[from] ability: Poison Heal
|-sideend|p1: BigPapaPickle1995|move: Tailwind
|upkeep
|turn|16
|inactive|BigPapaPickle1995 has 120 seconds left.
|
|t:|1779560716
|move|p2a: Gliscor|U-turn|p1a: Bulma
|-resisted|p1a: Bulma
|-damage|p1a: Bulma|84/100
|-enditem|p1a: Bulma|Air Balloon
|
|t:|1779560722
|switch|p2a: Incineroar|Incineroar, M, shiny|75/100|[from] U-turn
|-ability|p2a: Incineroar|Intimidate|boost
|-unboost|p1a: Bulma|atk|1
|move|p1a: Bulma|Gigaton Hammer|p2a: Incineroar
|-resisted|p2a: Incineroar
|-damage|p2a: Incineroar|59/100
|
|upkeep
|turn|17
|
|t:|1779560730
|switch|p1a: goku|Infernape, M|88/100
|-damage|p1a: goku|76/100|[from] Stealth Rock
|move|p2a: Incineroar|Flare Blitz|p1a: goku
|-resisted|p1a: goku
|-damage|p1a: goku|29/100
|-damage|p2a: Incineroar|47/100|[from] Recoil
|
|upkeep
|turn|18
|
|t:|1779560749
|move|p1a: goku|Aura Sphere|p2a: Incineroar
|-supereffective|p2a: Incineroar
|-damage|p2a: Incineroar|0 fnt
|faint|p2a: Incineroar
|
|upkeep
|
|t:|1779560768
|switch|p2a: Gliscor|Gliscor, M, shiny, tera:Ground|59/100 tox
|turn|19
|
|t:|1779560775
|move|p1a: goku|Fire Blast|p2a: Gliscor
|-damage|p2a: Gliscor|0 fnt
|faint|p2a: Gliscor
|
|upkeep
|
|t:|1779560781
|switch|p2a: Mimikyu|Mimikyu, M, shiny|100/100
|-status|p2a: Mimikyu|tox
|turn|20
|
|t:|1779560788
|move|p1a: goku|Scorching Sands|p2a: Mimikyu
|-activate|p2a: Mimikyu|ability: Disguise
|-damage|p2a: Mimikyu|100/100 tox
|detailschange|p2a: Mimikyu|Mimikyu-Busted, M, shiny
|-damage|p2a: Mimikyu|88/100 tox|[from] pokemon: Mimikyu-Busted
|move|p2a: Mimikyu|Play Rough|p1a: goku
|-damage|p1a: goku|0 fnt
|faint|p1a: goku
|-damage|p2a: Mimikyu|78/100 tox|[from] item: Life Orb
|
|-damage|p2a: Mimikyu|72/100 tox|[from] psn
|upkeep
|
|t:|1779560800
|switch|p1a: Bulma|Tinkaton, F|84/100
|-damage|p1a: Bulma|78/100|[from] Stealth Rock
|-ability|p1a: Bulma|Mold Breaker
|turn|21
|inactive|sk_brother has 60 seconds left.
|
|t:|1779560813
|move|p2a: Mimikyu|Shadow Claw|p1a: Bulma
|-damage|p1a: Bulma|36/100
|-damage|p2a: Mimikyu|62/100 tox|[from] item: Life Orb
|move|p1a: Bulma|Swords Dance|p1a: Bulma
|-boost|p1a: Bulma|atk|2
|
|-damage|p2a: Mimikyu|50/100 tox|[from] psn
|upkeep
|turn|22
|inactive|sk_brother has 60 seconds left.
|
|t:|1779560824
|move|p2a: Mimikyu|Shadow Claw|p1a: Bulma
|-damage|p1a: Bulma|0 fnt
|faint|p1a: Bulma
|-damage|p2a: Mimikyu|40/100 tox|[from] item: Life Orb
|
|win|sk_brother
|raw|BigPapaPickle1995's rating: 1118 &rarr; <strong>1090</strong><br />(-28 for losing)
|raw|sk_brother's rating: 1073 &rarr; <strong>1106</strong><br />(+33 for winning)
|l|☆BigPapaPickle1995
|player|p1|
|l|☆sk_brother
|player|p2|
