|j|☆Thatguyhere_15
|j|☆Nertwerve
|t:|1779680306
|gametype|singles
|player|p1|Thatguyhere_15|steven|1169
|player|p2|Nertwerve|waitress-gen4|1111
|gen|9
|tier|[Gen 9] OU
|rated|
|rule|HP Percentage Mod: HP is shown in percentages
|rule|Endless Battle Clause: Forcing endless battles is banned
|rule|Species Clause: Limit one of each Pokémon
|rule|OHKO Clause: OHKO moves are banned
|rule|Evasion Items Clause: Evasion items are banned
|rule|Evasion Moves Clause: Evasion moves are banned
|rule|Evasion Abilities Clause: Evasion abilities are banned
|rule|Sleep Moves Clause: Sleep-inducing moves are banned
|clearpoke
|poke|p1|Dusknoir, M|
|poke|p1|Milotic, F|
|poke|p1|Goodra, F|
|poke|p1|Salamence, M|
|poke|p1|Slowking, M|
|poke|p1|Lucario, F|
|poke|p2|Conkeldurr, M|
|poke|p2|Scizor, F|
|poke|p2|Goodra, F|
|poke|p2|Clodsire, F|
|poke|p2|Dudunsparce-*, F|
|poke|p2|Zangoose, M|
|teampreview
|inactive|Battle timer is ON: inactive players will automatically lose when time's up. (requested by Nertwerve)
|inactive|Thatguyhere_15 also wants the timer to be on.
|
|t:|1779680318
|teamsize|p1|6
|teamsize|p2|6
|start
|switch|p1a: Dusknoir|Dusknoir, M|100/100
|switch|p2a: Loafsire|Clodsire, F|100/100
|-ability|p1a: Dusknoir|Pressure
|turn|1
|
|t:|1779680326
|move|p1a: Dusknoir|Will-O-Wisp|p2a: Loafsire
|-status|p2a: Loafsire|brn
|move|p2a: Loafsire|Toxic Spikes|p1a: Dusknoir
|-sidestart|p1: Thatguyhere_15|move: Toxic Spikes
|
|-damage|p2a: Loafsire|94/100 brn|[from] brn
|upkeep
|turn|2
|
|t:|1779680334
|move|p1a: Dusknoir|Earthquake|p2a: Loafsire
|-supereffective|p2a: Loafsire
|-damage|p2a: Loafsire|26/100 brn
|move|p2a: Loafsire|Toxic Spikes|p1a: Dusknoir
|-sidestart|p1: Thatguyhere_15|move: Toxic Spikes
|
|-heal|p2a: Loafsire|32/100 brn|[from] item: Black Sludge
|-damage|p2a: Loafsire|26/100 brn|[from] brn
|upkeep
|turn|3
|inactive|Nertwerve has 120 seconds left.
|
|t:|1779680373
|move|p1a: Dusknoir|Earthquake|p2a: Loafsire
|-supereffective|p2a: Loafsire
|-damage|p2a: Loafsire|0 fnt
|faint|p2a: Loafsire
|
|upkeep
|
|t:|1779680389
|switch|p2a: Hercules|Conkeldurr, M, shiny|100/100
|turn|4
|
|t:|1779680399
|move|p2a: Hercules|Knock Off|p1a: Dusknoir
|-supereffective|p1a: Dusknoir
|-damage|p1a: Dusknoir|32/100
|-enditem|p1a: Dusknoir|Leftovers|[from] move: Knock Off|[of] p2a: Hercules
|move|p1a: Dusknoir|Earthquake|p2a: Hercules
|-damage|p2a: Hercules|66/100
|
|-status|p2a: Hercules|brn|[from] item: Flame Orb
|upkeep
|turn|5
|
|t:|1779680408
|move|p1a: Dusknoir|Shadow Sneak|p2a: Hercules
|-damage|p2a: Hercules|46/100 brn
|move|p2a: Hercules|Knock Off|p1a: Dusknoir
|-supereffective|p1a: Dusknoir
|-damage|p1a: Dusknoir|0 fnt
|faint|p1a: Dusknoir
|
|-damage|p2a: Hercules|40/100 brn|[from] brn
|upkeep
|
|t:|1779680421
|switch|p1a: Milotic|Milotic, F|100/100
|-status|p1a: Milotic|tox
|turn|6
|inactive|Nertwerve has 120 seconds left.
|
|t:|1779680440
|move|p1a: Milotic|Draining Kiss|p2a: Hercules
|-supereffective|p2a: Hercules
|-damage|p2a: Hercules|0 fnt
|faint|p2a: Hercules
|
|-damage|p1a: Milotic|94/100 tox|[from] psn
|upkeep
|
|t:|1779680458
|switch|p2a: Scizor|Scizor, F|100/100
|turn|7
|
|t:|1779680463
|move|p1a: Milotic|Scald|p2a: Scizor
|-damage|p2a: Scizor|54/100
|-status|p2a: Scizor|brn
|-enditem|p2a: Scizor|Red Card|[of] p1a: Milotic
|drag|p1a: Salamence|Salamence, M|100/100
|move|p2a: Scizor|Swords Dance|p2a: Scizor
|-boost|p2a: Scizor|atk|2
|
|-damage|p2a: Scizor|48/100 brn|[from] brn
|upkeep
|turn|8
|inactive|Nertwerve has 120 seconds left.
|
|t:|1779680477
|move|p1a: Salamence|Dragon Dance|p1a: Salamence
|-boost|p1a: Salamence|atk|1
|-boost|p1a: Salamence|spe|1
|move|p2a: Scizor|Knock Off|p1a: Salamence
|-damage|p1a: Salamence|58/100
|-enditem|p1a: Salamence|Heavy-Duty Boots|[from] move: Knock Off|[of] p2a: Scizor
|
|-damage|p2a: Scizor|42/100 brn|[from] brn
|upkeep
|turn|9
|inactive|Nertwerve has 120 seconds left.
|
|t:|1779680491
|move|p2a: Scizor|Bullet Punch|p1a: Salamence
|-damage|p1a: Salamence|14/100
|move|p1a: Salamence|Dual Wingbeat|p2a: Scizor
|-damage|p2a: Scizor|0 fnt
|faint|p2a: Scizor
|-ability|p1a: Salamence|Moxie|boost
|-boost|p1a: Salamence|atk|1
|-hitcount|p2: Scizor|1
|
|upkeep
|
|t:|1779680503
|switch|p2a: Zangoose|Zangoose, M|100/100
|turn|10
|
|t:|1779680512
|move|p2a: Zangoose|Detect|p2a: Zangoose
|-singleturn|p2a: Zangoose|Protect
|move|p1a: Salamence|Dual Wingbeat|p2a: Zangoose
|-activate|p2a: Zangoose|move: Protect
|
|-status|p2a: Zangoose|tox|[from] item: Toxic Orb
|upkeep
|turn|11
|
|t:|1779680521
|move|p2a: Zangoose|Quick Attack|p1a: Salamence
|-damage|p1a: Salamence|0 fnt
|faint|p1a: Salamence
|
|-damage|p2a: Zangoose|95/100 tox|[from] psn
|upkeep
|
|t:|1779680529
|switch|p1a: Milotic|Milotic, F|94/100 tox
|turn|12
|
|t:|1779680538
|move|p2a: Zangoose|Facade|p1a: Milotic
|-damage|p1a: Milotic|0 fnt
|faint|p1a: Milotic
|
|-damage|p2a: Zangoose|83/100 tox|[from] psn
|upkeep
|
|t:|1779680562
|switch|p1a: Slowking|Slowking, M|100/100
|-status|p1a: Slowking|tox
|turn|13
|
|t:|1779680573
|move|p2a: Zangoose|Knock Off|p1a: Slowking
|-supereffective|p1a: Slowking
|-damage|p1a: Slowking|0 fnt
|-enditem|p1a: Slowking|Leftovers|[from] move: Knock Off|[of] p2a: Zangoose
|faint|p1a: Slowking
|
|-damage|p2a: Zangoose|65/100 tox|[from] psn
|upkeep
|inactive|Thatguyhere_15 has 120 seconds left.
|
|t:|1779680592
|switch|p1a: Goodra|Goodra, F|100/100
|-status|p1a: Goodra|tox
|turn|14
|
|t:|1779680610
|move|p2a: Zangoose|Quick Attack|p1a: Goodra
|-crit|p1a: Goodra
|-damage|p1a: Goodra|41/100 tox
|-ability|p1a: Goodra|Gooey
|-unboost|p2a: Zangoose|spe|1
|move|p1a: Goodra|Dragon Pulse|p2a: Zangoose
|-damage|p2a: Zangoose|0 fnt
|faint|p2a: Zangoose
|
|-damage|p1a: Goodra|35/100 tox|[from] psn
|upkeep
|
|t:|1779680629
|switch|p2a: Dudunsparce|Dudunsparce, F|100/100
|turn|15
|
|t:|1779680638
|move|p1a: Goodra|Sludge Bomb|p2a: Dudunsparce
|-damage|p2a: Dudunsparce|71/100
|-status|p2a: Dudunsparce|psn
|move|p2a: Dudunsparce|Coil|p2a: Dudunsparce
|-boost|p2a: Dudunsparce|atk|1
|-boost|p2a: Dudunsparce|def|1
|-boost|p2a: Dudunsparce|accuracy|1
|
|-heal|p2a: Dudunsparce|77/100 psn|[from] item: Leftovers
|-damage|p1a: Goodra|23/100 tox|[from] psn
|-damage|p2a: Dudunsparce|65/100 psn|[from] psn
|upkeep
|turn|16
|
|t:|1779680651
|move|p1a: Goodra|Dragon Pulse|p2a: Dudunsparce
|-damage|p2a: Dudunsparce|25/100 psn
|move|p2a: Dudunsparce|Body Slam|p1a: Goodra
|-damage|p1a: Goodra|0 fnt
|-ability|p1a: Goodra|Gooey
|-unboost|p2a: Dudunsparce|spe|1
|faint|p1a: Goodra
|
|-heal|p2a: Dudunsparce|31/100 psn|[from] item: Leftovers
|-damage|p2a: Dudunsparce|18/100 psn|[from] psn
|upkeep
|
|t:|1779680664
|switch|p1a: Lucario|Lucario, F|100/100
|turn|17
|
|t:|1779680680
|-terastallize|p2a: Dudunsparce|Ground
|move|p1a: Lucario|Calm Mind|p1a: Lucario
|-boost|p1a: Lucario|spa|1
|-boost|p1a: Lucario|spd|1
|move|p2a: Dudunsparce|Flamethrower|p1a: Lucario
|-supereffective|p1a: Lucario
|-damage|p1a: Lucario|64/100
|
|-heal|p2a: Dudunsparce|24/100 psn|[from] item: Leftovers
|-damage|p2a: Dudunsparce|12/100 psn|[from] psn
|upkeep
|turn|18
|
|t:|1779680697
|move|p1a: Lucario|Flash Cannon|p2a: Dudunsparce
|-damage|p2a: Dudunsparce|0 fnt
|faint|p2a: Dudunsparce
|
|upkeep
|
|t:|1779680700
|switch|p2a: Duchess|Goodra, F, shiny|100/100
|turn|19
|
|t:|1779680707
|move|p1a: Lucario|Flash Cannon|p2a: Duchess
|-damage|p2a: Duchess|59/100
|move|p2a: Duchess|Fire Blast|p1a: Lucario
|-supereffective|p1a: Lucario
|-damage|p1a: Lucario|0 fnt
|faint|p1a: Lucario
|
|win|Nertwerve
|raw|Thatguyhere_15's rating: 1169 &rarr; <strong>1140</strong><br />(-29 for losing)
|raw|Nertwerve's rating: 1111 &rarr; <strong>1140</strong><br />(+29 for winning)
|l|☆Thatguyhere_15
|player|p1|
|c|☆Nertwerve|gg
