|j|‽oscarguille8
|j|‽monfernep
|t:|1779651878
|gametype|singles
|player|p1|oscarguille8|nate|1292
|player|p2|monfernep|skyla|1348
|gen|9
|tier|[Gen 9] OU
|rated|
|rule|HP Percentage Mod: HP is shown in percentages
|rule|Endless Battle Clause: Forcing endless battles is banned
|rule|Species Clause: Limit one of each Pokémon
|rule|OHKO Clause: OHKO moves are banned
|rule|Evasion Items Clause: Evasion items are banned
|rule|Evasion Moves Clause: Evasion moves are banned
|rule|Evasion Abilities Clause: Evasion abilities are banned
|rule|Sleep Moves Clause: Sleep-inducing moves are banned
|clearpoke
|poke|p1|Garganacl, F|
|poke|p1|Dragapult, M|
|poke|p1|Rotom-Wash|
|poke|p1|Great Tusk|
|poke|p1|Kingambit, M|
|poke|p1|Kyurem|
|poke|p2|Iron Crown|
|poke|p2|Slowbro-Galar, M|
|poke|p2|Weavile, F|
|poke|p2|Arboliva, F|
|poke|p2|Mandibuzz, F|
|poke|p2|Sandy Shocks|
|teampreview
|inactive|Battle timer is ON: inactive players will automatically lose when time's up. (requested by oscarguille8)
|
|t:|1779651901
|teamsize|p1|6
|teamsize|p2|6
|start
|switch|p1a: Rotom|Rotom-Wash, shiny|100/100
|switch|p2a: Slowbro|Slowbro-Galar, M|100/100
|turn|1
|
|t:|1779651929
|switch|p2a: Sandy Shocks|Sandy Shocks|100/100
|move|p1a: Rotom|Trick|p2a: Sandy Shocks
|-activate|p1a: Rotom|move: Trick|[of] p2a: Sandy Shocks
|-item|p2a: Sandy Shocks|Choice Scarf|[from] move: Trick
|-item|p1a: Rotom|Choice Specs|[from] move: Trick
|
|upkeep
|turn|2
|
|t:|1779651947
|switch|p1a: Great Tusk|Great Tusk, shiny|100/100
|move|p2a: Sandy Shocks|Volt Switch|p1a: Great Tusk
|-immune|p1a: Great Tusk
|
|upkeep
|turn|3
|
|t:|1779651953
|-end|p2a: Sandy Shocks|Protosynthesis|[silent]
|switch|p2a: Mandibuzz|Mandibuzz, F|100/100
|move|p1a: Great Tusk|Knock Off|p2a: Mandibuzz
|-resisted|p2a: Mandibuzz
|-damage|p2a: Mandibuzz|91/100
|-enditem|p2a: Mandibuzz|Heavy-Duty Boots|[from] move: Knock Off|[of] p1a: Great Tusk
|
|upkeep
|turn|4
|
|t:|1779651969
|move|p1a: Great Tusk|Stealth Rock|p2a: Mandibuzz
|-sidestart|p2: monfernep|move: Stealth Rock
|move|p2a: Mandibuzz|Roost|p2a: Mandibuzz
|-heal|p2a: Mandibuzz|100/100
|-singleturn|p2a: Mandibuzz|move: Roost
|
|upkeep
|turn|5
|
|t:|1779651977
|-end|p1a: Great Tusk|Protosynthesis|[silent]
|switch|p1a: Rotom|Rotom-Wash, shiny|100/100
|move|p2a: Mandibuzz|Defog|p1a: Rotom
|-unboost|p1a: Rotom|evasion|1
|-sideend|p2: monfernep|Stealth Rock|[from] move: Defog|[of] p2a: Mandibuzz
|
|upkeep
|turn|6
|
|t:|1779651985
|switch|p2a: Sandy Shocks|Sandy Shocks|100/100
|move|p1a: Rotom|Hydro Pump|p2a: Sandy Shocks
|-supereffective|p2a: Sandy Shocks
|-damage|p2a: Sandy Shocks|0 fnt
|faint|p2a: Sandy Shocks
|-end|p2a: Sandy Shocks|Protosynthesis|[silent]
|
|upkeep
|
|t:|1779651994
|switch|p2a: Arboliva|Arboliva, F|100/100
|turn|7
|
|t:|1779652002
|switch|p1a: Kingambit|Kingambit, M|100/100
|move|p2a: Arboliva|Leech Seed|p1a: Kingambit|[miss]
|-miss|p2a: Arboliva|p1a: Kingambit
|
|upkeep
|turn|8
|
|t:|1779652008
|move|p1a: Kingambit|Kowtow Cleave|p2a: Arboliva
|-damage|p2a: Arboliva|41/100
|-fieldstart|move: Grassy Terrain|[from] ability: Seed Sower|[of] p2a: Arboliva
|-enditem|p2a: Arboliva|Grassy Seed
|-boost|p2a: Arboliva|def|1|[from] item: Grassy Seed
|move|p2a: Arboliva|Leech Seed|p1a: Kingambit
|-start|p1a: Kingambit|move: Leech Seed
|
|-heal|p2a: Arboliva|47/100|[from] Grassy Terrain
|-damage|p1a: Kingambit|88/100|[from] Leech Seed|[of] p2a: Arboliva
|-heal|p2a: Arboliva|61/100|[silent]
|upkeep
|turn|9
|
|t:|1779652019
|-end|p1a: Kingambit|fallenundefined|[silent]
|switch|p1a: Kyurem|Kyurem|100/100
|-ability|p1a: Kyurem|Pressure
|move|p2a: Arboliva|Earth Power|p1a: Kyurem
|-damage|p1a: Kyurem|74/100
|
|-heal|p1a: Kyurem|80/100|[from] Grassy Terrain
|-heal|p2a: Arboliva|67/100|[from] Grassy Terrain
|upkeep
|turn|10
|
|t:|1779652036
|switch|p2a: Iron Crown|Iron Crown|100/100
|move|p1a: Kyurem|Icicle Spear|p2a: Iron Crown
|-resisted|p2a: Iron Crown
|-damage|p2a: Iron Crown|93/100
|-resisted|p2a: Iron Crown
|-damage|p2a: Iron Crown|86/100
|-resisted|p2a: Iron Crown
|-damage|p2a: Iron Crown|79/100
|-resisted|p2a: Iron Crown
|-damage|p2a: Iron Crown|72/100
|-resisted|p2a: Iron Crown
|-damage|p2a: Iron Crown|65/100
|-hitcount|p2a: Iron Crown|5
|
|-heal|p2a: Iron Crown|71/100|[from] Grassy Terrain
|-heal|p1a: Kyurem|86/100|[from] Grassy Terrain
|upkeep
|turn|11
|
|t:|1779652053
|switch|p1a: Rotom|Rotom-Wash, shiny|100/100
|move|p2a: Iron Crown|Volt Switch|p1a: Rotom
|-damage|p1a: Rotom|80/100
|
|t:|1779652059
|-end|p2a: Iron Crown|Quark Drive|[silent]
|switch|p2a: Arboliva|Arboliva, F|67/100|[from] Volt Switch
|
|-heal|p2a: Arboliva|73/100|[from] Grassy Terrain
|upkeep
|turn|12
|
|t:|1779652066
|move|p1a: Rotom|Trick|p2a: Arboliva
|-activate|p1a: Rotom|move: Trick|[of] p2a: Arboliva
|-item|p2a: Arboliva|Choice Specs|[from] move: Trick
|-enditem|p1a: Rotom|Choice Specs|[silent]|[from] move: Trick
|move|p2a: Arboliva|Giga Drain|p1a: Rotom
|-supereffective|p1a: Rotom
|-damage|p1a: Rotom|0 fnt
|-heal|p2a: Arboliva|100/100|[from] drain|[of] p1a: Rotom
|faint|p1a: Rotom
|
|-fieldend|move: Grassy Terrain
|upkeep
|
|t:|1779652074
|switch|p1a: Kyurem|Kyurem|86/100
|-ability|p1a: Kyurem|Pressure
|turn|13
|
|t:|1779652078
|switch|p2a: Iron Crown|Iron Crown|71/100
|move|p1a: Kyurem|Dragon Dance|p1a: Kyurem
|-boost|p1a: Kyurem|atk|1
|-boost|p1a: Kyurem|spe|1
|
|upkeep
|turn|14
|
|t:|1779652084
|move|p1a: Kyurem|Icicle Spear|p2a: Iron Crown
|-resisted|p2a: Iron Crown
|-damage|p2a: Iron Crown|61/100
|-resisted|p2a: Iron Crown
|-damage|p2a: Iron Crown|51/100
|-resisted|p2a: Iron Crown
|-damage|p2a: Iron Crown|41/100
|-resisted|p2a: Iron Crown
|-damage|p2a: Iron Crown|30/100
|-hitcount|p2a: Iron Crown|4
|move|p2a: Iron Crown|Tachyon Cutter|p1a: Kyurem
|-supereffective|p1a: Kyurem
|-damage|p1a: Kyurem|32/100
|-supereffective|p1a: Kyurem
|-damage|p1a: Kyurem|0 fnt
|faint|p1a: Kyurem
|-hitcount|p1: Kyurem|2
|
|upkeep
|
|t:|1779652098
|switch|p1a: Dragapult|Dragapult, M, shiny|100/100
|turn|15
|
|t:|1779652103
|move|p2a: Iron Crown|Tachyon Cutter|p1a: Dragapult
|-damage|p1a: Dragapult|61/100
|-damage|p1a: Dragapult|26/100
|-hitcount|p1a: Dragapult|2
|move|p1a: Dragapult|Shadow Ball|p2a: Iron Crown
|-supereffective|p2a: Iron Crown
|-damage|p2a: Iron Crown|0 fnt
|faint|p2a: Iron Crown
|-end|p2a: Iron Crown|Quark Drive|[silent]
|
|upkeep
|
|t:|1779652112
|switch|p2a: Arboliva|Arboliva, F|100/100
|turn|16
|
|t:|1779652121
|switch|p1a: Great Tusk|Great Tusk, shiny|100/100
|move|p2a: Arboliva|Earth Power|p1a: Great Tusk
|-damage|p1a: Great Tusk|47/100
|
|upkeep
|turn|17
|
|t:|1779652133
|-end|p1a: Great Tusk|Protosynthesis|[silent]
|switch|p1a: Dragapult|Dragapult, M, shiny|26/100
|switch|p2a: Mandibuzz|Mandibuzz, F|100/100
|
|upkeep
|turn|18
|inactive|monfernep has 120 seconds left.
|
|t:|1779652164
|move|p1a: Dragapult|Draco Meteor|p2a: Mandibuzz
|-damage|p2a: Mandibuzz|38/100
|-unboost|p1a: Dragapult|spa|2
|move|p2a: Mandibuzz|Foul Play|p1a: Dragapult
|-supereffective|p1a: Dragapult
|-damage|p1a: Dragapult|0 fnt
|faint|p1a: Dragapult
|
|upkeep
|
|t:|1779652174
|switch|p1a: Garganacl|Garganacl, F, shiny|100/100
|turn|19
|inactive|monfernep has 120 seconds left.
|inactive|monfernep has 90 seconds left.
|
|t:|1779652243
|move|p2a: Mandibuzz|Iron Defense|p2a: Mandibuzz
|-boost|p2a: Mandibuzz|def|2
|move|p1a: Garganacl|Iron Defense|p1a: Garganacl
|-boost|p1a: Garganacl|def|2
|
|upkeep
|turn|20
|
|t:|1779652249
|move|p2a: Mandibuzz|Roost|p2a: Mandibuzz
|-heal|p2a: Mandibuzz|88/100
|-singleturn|p2a: Mandibuzz|move: Roost
|move|p1a: Garganacl|Salt Cure|p2a: Mandibuzz
|-damage|p2a: Mandibuzz|83/100
|-start|p2a: Mandibuzz|Salt Cure
|
|-damage|p2a: Mandibuzz|70/100|[from] Salt Cure
|upkeep
|turn|21
|
|t:|1779652257
|switch|p2a: Arboliva|Arboliva, F|100/100
|move|p1a: Garganacl|Iron Defense|p1a: Garganacl
|-boost|p1a: Garganacl|def|2
|
|upkeep
|turn|22
|
|t:|1779652266
|-terastallize|p2a: Arboliva|Fire
|-terastallize|p1a: Garganacl|Ghost
|move|p2a: Arboliva|Giga Drain|p1a: Garganacl
|-damage|p1a: Garganacl|71/100
|move|p1a: Garganacl|Body Press|p2a: Arboliva
|-damage|p2a: Arboliva|28/100
|-fieldstart|move: Grassy Terrain|[from] ability: Seed Sower|[of] p2a: Arboliva
|
|-heal|p2a: Arboliva|34/100|[from] Grassy Terrain
|-heal|p1a: Garganacl|77/100|[from] Grassy Terrain
|-heal|p1a: Garganacl|83/100|[from] item: Leftovers
|upkeep
|turn|23
|
|t:|1779652280
|move|p2a: Arboliva|Giga Drain|p1a: Garganacl
|-damage|p1a: Garganacl|44/100
|-heal|p2a: Arboliva|56/100|[from] drain|[of] p1a: Garganacl
|move|p1a: Garganacl|Salt Cure|p2a: Arboliva
|-supereffective|p2a: Arboliva
|-damage|p2a: Arboliva|27/100
|-start|p2a: Arboliva|Salt Cure
|
|-heal|p2a: Arboliva|33/100|[from] Grassy Terrain
|-heal|p1a: Garganacl|51/100|[from] Grassy Terrain
|-heal|p1a: Garganacl|57/100|[from] item: Leftovers
|-damage|p2a: Arboliva|20/100|[from] Salt Cure
|upkeep
|turn|24
|
|t:|1779652291
|move|p2a: Arboliva|Giga Drain|p1a: Garganacl
|-damage|p1a: Garganacl|14/100
|-heal|p2a: Arboliva|45/100|[from] drain|[of] p1a: Garganacl
|move|p1a: Garganacl|Recover|p1a: Garganacl
|-heal|p1a: Garganacl|64/100
|
|-heal|p2a: Arboliva|51/100|[from] Grassy Terrain
|-heal|p1a: Garganacl|70/100|[from] Grassy Terrain
|-heal|p1a: Garganacl|76/100|[from] item: Leftovers
|-damage|p2a: Arboliva|38/100|[from] Salt Cure
|upkeep
|turn|25
|inactive|monfernep has 90 seconds left.
|
|t:|1779652329
|move|p2a: Arboliva|Giga Drain|p1a: Garganacl
|-damage|p1a: Garganacl|34/100
|-heal|p2a: Arboliva|62/100|[from] drain|[of] p1a: Garganacl
|move|p1a: Garganacl|Recover|p1a: Garganacl
|-heal|p1a: Garganacl|84/100
|
|-heal|p2a: Arboliva|68/100|[from] Grassy Terrain
|-heal|p1a: Garganacl|91/100|[from] Grassy Terrain
|-heal|p1a: Garganacl|97/100|[from] item: Leftovers
|-damage|p2a: Arboliva|55/100|[from] Salt Cure
|upkeep
|turn|26
|
|t:|1779652340
|move|p2a: Arboliva|Giga Drain|p1a: Garganacl
|-damage|p1a: Garganacl|57/100
|-heal|p2a: Arboliva|78/100|[from] drain|[of] p1a: Garganacl
|move|p1a: Garganacl|Body Press|p2a: Arboliva
|-damage|p2a: Arboliva|12/100
|
|-heal|p2a: Arboliva|19/100|[from] Grassy Terrain
|-heal|p1a: Garganacl|63/100|[from] Grassy Terrain
|-heal|p1a: Garganacl|69/100|[from] item: Leftovers
|-damage|p2a: Arboliva|6/100|[from] Salt Cure
|-fieldend|move: Grassy Terrain
|upkeep
|turn|27
|
|t:|1779652352
|switch|p2a: Slowbro|Slowbro-Galar, M|100/100
|move|p1a: Garganacl|Recover|p1a: Garganacl
|-heal|p1a: Garganacl|100/100
|
|upkeep
|turn|28
|inactive|monfernep has 90 seconds left.
|
|t:|1779652368
|switch|p2a: Weavile|Weavile, F|100/100
|-ability|p2a: Weavile|Pressure
|move|p1a: Garganacl|Salt Cure|p2a: Weavile
|-supereffective|p2a: Weavile
|-crit|p2a: Weavile
|-damage|p2a: Weavile|28/100
|-start|p2a: Weavile|Salt Cure
|
|-damage|p2a: Weavile|15/100|[from] Salt Cure
|upkeep
|turn|29
|
|t:|1779652384
|move|p2a: Weavile|Knock Off|p1a: Garganacl
|-supereffective|p1a: Garganacl
|-damage|p1a: Garganacl|67/100
|-enditem|p1a: Garganacl|Leftovers|[from] move: Knock Off|[of] p2a: Weavile
|move|p1a: Garganacl|Iron Defense|p1a: Garganacl
|-boost|p1a: Garganacl|def|2
|
|-damage|p2a: Weavile|3/100|[from] Salt Cure
|upkeep
|turn|30
|
|t:|1779652398
|move|p2a: Weavile|Knock Off|p1a: Garganacl
|-supereffective|p1a: Garganacl
|-damage|p1a: Garganacl|49/100
|move|p1a: Garganacl|Recover|p1a: Garganacl
|-heal|p1a: Garganacl|99/100
|
|-damage|p2a: Weavile|0 fnt|[from] Salt Cure
|faint|p2a: Weavile
|upkeep
|
|t:|1779652402
|switch|p2a: Arboliva|Arboliva, F, tera:Fire|6/100
|turn|31
|
|t:|1779652408
|move|p2a: Arboliva|Leech Seed|p1a: Garganacl
|-start|p1a: Garganacl|move: Leech Seed
|move|p1a: Garganacl|Salt Cure|p2a: Arboliva
|-supereffective|p2a: Arboliva
|-damage|p2a: Arboliva|0 fnt
|-fieldstart|move: Grassy Terrain|[from] ability: Seed Sower|[of] p2a: Arboliva
|faint|p2a: Arboliva
|
|-heal|p1a: Garganacl|100/100|[from] Grassy Terrain
|upkeep
|
|t:|1779652413
|switch|p2a: Slowbro|Slowbro-Galar, M|100/100
|turn|32
|
|t:|1779652419
|move|p1a: Garganacl|Salt Cure|p2a: Slowbro
|-damage|p2a: Slowbro|91/100
|-start|p2a: Slowbro|Salt Cure
|move|p2a: Slowbro|Shell Side Arm|p1a: Garganacl|[anim] Shell Side Arm Special
|-resisted|p1a: Garganacl
|-damage|p1a: Garganacl|90/100
|-hint|Special Shell Side Arm
|
|-heal|p1a: Garganacl|96/100|[from] Grassy Terrain
|-heal|p2a: Slowbro|97/100|[from] Grassy Terrain
|-damage|p1a: Garganacl|84/100|[from] Leech Seed|[of] p2a: Slowbro
|-heal|p2a: Slowbro|100/100|[silent]
|-damage|p2a: Slowbro|88/100|[from] Salt Cure
|upkeep
|turn|33
|
|t:|1779652432
|move|p1a: Garganacl|Body Press|p2a: Slowbro
|-resisted|p2a: Slowbro
|-damage|p2a: Slowbro|70/100
|move|p2a: Slowbro|Shell Side Arm|p1a: Garganacl|[anim] Shell Side Arm Special
|-resisted|p1a: Garganacl
|-damage|p1a: Garganacl|74/100
|-hint|Special Shell Side Arm
|
|-heal|p1a: Garganacl|80/100|[from] Grassy Terrain
|-heal|p2a: Slowbro|76/100|[from] Grassy Terrain
|-damage|p1a: Garganacl|67/100|[from] Leech Seed|[of] p2a: Slowbro
|-heal|p2a: Slowbro|89/100|[silent]
|-damage|p2a: Slowbro|77/100|[from] Salt Cure
|upkeep
|turn|34
|
|t:|1779652452
|move|p1a: Garganacl|Recover|p1a: Garganacl
|-heal|p1a: Garganacl|100/100
|move|p2a: Slowbro|Ice Beam|p1a: Garganacl
|-damage|p1a: Garganacl|87/100
|
|-heal|p1a: Garganacl|93/100|[from] Grassy Terrain
|-heal|p2a: Slowbro|83/100|[from] Grassy Terrain
|-damage|p1a: Garganacl|81/100|[from] Leech Seed|[of] p2a: Slowbro
|-heal|p2a: Slowbro|95/100|[silent]
|-damage|p2a: Slowbro|83/100|[from] Salt Cure
|upkeep
|turn|35
|inactive|monfernep has 120 seconds left.
|
|t:|1779652476
|switch|p1a: Kingambit|Kingambit, M|88/100
|-activate|p1a: Kingambit|ability: Supreme Overlord
|-start|p1a: Kingambit|fallen3|[silent]
|move|p2a: Slowbro|Ice Beam|p1a: Kingambit
|-resisted|p1a: Kingambit
|-crit|p1a: Kingambit
|-damage|p1a: Kingambit|73/100
|
|-heal|p1a: Kingambit|79/100|[from] Grassy Terrain
|-heal|p2a: Slowbro|89/100|[from] Grassy Terrain
|-damage|p2a: Slowbro|77/100|[from] Salt Cure
|-fieldend|move: Grassy Terrain
|upkeep
|turn|36
|
|t:|1779652487
|switch|p2a: Mandibuzz|Mandibuzz, F|70/100
|move|p1a: Kingambit|Kowtow Cleave|p2a: Mandibuzz
|-resisted|p2a: Mandibuzz
|-damage|p2a: Mandibuzz|46/100
|
|upkeep
|turn|37
|
|t:|1779652494
|move|p2a: Mandibuzz|Iron Defense|p2a: Mandibuzz
|-boost|p2a: Mandibuzz|def|2
|move|p1a: Kingambit|Swords Dance|p1a: Kingambit
|-boost|p1a: Kingambit|atk|2
|
|upkeep
|turn|38
|
|t:|1779652501
|-end|p1a: Kingambit|fallen3|[silent]
|switch|p1a: Garganacl|Garganacl, F, shiny, tera:Ghost|81/100
|move|p2a: Mandibuzz|Roost|p2a: Mandibuzz
|-heal|p2a: Mandibuzz|96/100
|-singleturn|p2a: Mandibuzz|move: Roost
|
|upkeep
|turn|39
|
|t:|1779652508
|move|p2a: Mandibuzz|Foul Play|p1a: Garganacl
|-supereffective|p1a: Garganacl
|-damage|p1a: Garganacl|40/100
|move|p1a: Garganacl|Salt Cure|p2a: Mandibuzz
|-supereffective|p2a: Mandibuzz
|-damage|p2a: Mandibuzz|86/100
|-start|p2a: Mandibuzz|Salt Cure
|
|-damage|p2a: Mandibuzz|74/100|[from] Salt Cure
|upkeep
|turn|40
|
|t:|1779652519
|switch|p1a: Great Tusk|Great Tusk, shiny|47/100
|move|p2a: Mandibuzz|Foul Play|p1a: Great Tusk
|-resisted|p1a: Great Tusk
|-damage|p1a: Great Tusk|38/100
|
|-damage|p2a: Mandibuzz|61/100|[from] Salt Cure
|upkeep
|turn|41
|
|t:|1779652528
|move|p1a: Great Tusk|Stealth Rock|p2a: Mandibuzz
|-sidestart|p2: monfernep|move: Stealth Rock
|move|p2a: Mandibuzz|Roost|p2a: Mandibuzz
|-heal|p2a: Mandibuzz|100/100
|-singleturn|p2a: Mandibuzz|move: Roost
|
|-damage|p2a: Mandibuzz|88/100|[from] Salt Cure
|upkeep
|turn|42
|
|t:|1779652536
|move|p1a: Great Tusk|Rapid Spin|p2a: Mandibuzz
|-damage|p2a: Mandibuzz|83/100
|-boost|p1a: Great Tusk|spe|1
|move|p2a: Mandibuzz|Defog|p1a: Great Tusk
|-unboost|p1a: Great Tusk|evasion|1
|-sideend|p2: monfernep|Stealth Rock|[from] move: Defog|[of] p2a: Mandibuzz
|
|-damage|p2a: Mandibuzz|71/100|[from] Salt Cure
|upkeep
|turn|43
|
|t:|1779652544
|switch|p2a: Slowbro|Slowbro-Galar, M|100/100
|move|p1a: Great Tusk|Knock Off|p2a: Slowbro
|-supereffective|p2a: Slowbro
|-damage|p2a: Slowbro|62/100
|-enditem|p2a: Slowbro|Heavy-Duty Boots|[from] move: Knock Off|[of] p1a: Great Tusk
|
|upkeep
|turn|44
|
|t:|1779652555
|switch|p2a: Mandibuzz|Mandibuzz, F|71/100
|move|p1a: Great Tusk|Earthquake|p2a: Mandibuzz
|-immune|p2a: Mandibuzz
|
|upkeep
|turn|45
|
|t:|1779652566
|move|p1a: Great Tusk|Stealth Rock|p2a: Mandibuzz
|-sidestart|p2: monfernep|move: Stealth Rock
|move|p2a: Mandibuzz|Foul Play|p1a: Great Tusk
|-resisted|p1a: Great Tusk
|-damage|p1a: Great Tusk|28/100
|
|upkeep
|turn|46
|
|t:|1779652572
|-end|p1a: Great Tusk|Protosynthesis|[silent]
|switch|p1a: Kingambit|Kingambit, M|79/100
|-activate|p1a: Kingambit|ability: Supreme Overlord
|-start|p1a: Kingambit|fallen3|[silent]
|move|p2a: Mandibuzz|Defog|p1a: Kingambit
|-unboost|p1a: Kingambit|evasion|1
|-sideend|p2: monfernep|Stealth Rock|[from] move: Defog|[of] p2a: Mandibuzz
|
|upkeep
|turn|47
|
|t:|1779652581
|move|p2a: Mandibuzz|Iron Defense|p2a: Mandibuzz
|-boost|p2a: Mandibuzz|def|2
|move|p1a: Kingambit|Swords Dance|p1a: Kingambit
|-boost|p1a: Kingambit|atk|2
|
|upkeep
|turn|48
|
|t:|1779652587
|move|p2a: Mandibuzz|Foul Play|p1a: Kingambit
|-resisted|p1a: Kingambit
|-damage|p1a: Kingambit|37/100
|move|p1a: Kingambit|Iron Head|p2a: Mandibuzz
|-damage|p2a: Mandibuzz|30/100
|
|upkeep
|turn|49
|
|t:|1779652609
|move|p2a: Mandibuzz|Foul Play|p1a: Kingambit
|-resisted|p1a: Kingambit
|-damage|p1a: Kingambit|0 fnt
|faint|p1a: Kingambit
|-end|p1a: Kingambit|fallen3|[silent]
|
|upkeep
|
|t:|1779652613
|switch|p1a: Garganacl|Garganacl, F, shiny, tera:Ghost|40/100
|turn|50
|
|t:|1779652616
|move|p2a: Mandibuzz|Foul Play|p1a: Garganacl
|-supereffective|p1a: Garganacl
|-damage|p1a: Garganacl|0 fnt
|faint|p1a: Garganacl
|
|upkeep
|-message|oscarguille8 forfeited.
|
|win|monfernep
|raw|oscarguille8's rating: 1292 &rarr; <strong>1271</strong><br />(-21 for losing)
|raw|monfernep's rating: 1348 &rarr; <strong>1365</strong><br />(+17 for winning)
|l|‽oscarguille8
|player|p1|
