|j|☆ghuhjhjlhgh
|j|☆panzershock
|t:|1779618813
|gametype|singles
|player|p1|ghuhjhjlhgh|170|1180
|player|p2|panzershock|266|1218
|gen|9
|tier|[Gen 9] OU
|rated|
|rule|HP Percentage Mod: HP is shown in percentages
|rule|Endless Battle Clause: Forcing endless battles is banned
|rule|Species Clause: Limit one of each Pokémon
|rule|OHKO Clause: OHKO moves are banned
|rule|Evasion Items Clause: Evasion items are banned
|rule|Evasion Moves Clause: Evasion moves are banned
|rule|Evasion Abilities Clause: Evasion abilities are banned
|rule|Sleep Moves Clause: Sleep-inducing moves are banned
|clearpoke
|poke|p1|Latias, F|
|poke|p1|Samurott-Hisui, M|
|poke|p1|Kommo-o, F|
|poke|p1|Ogerpon-Wellspring, F|
|poke|p1|Iron Moth|
|poke|p1|Weezing-Galar, F|
|poke|p2|Vespiquen, F|
|poke|p2|Piloswine, F|
|poke|p2|Trevenant, F|
|poke|p2|Cyclizar, M|
|poke|p2|Delphox, M|
|poke|p2|Crawdaunt, M|
|teampreview
|
|t:|1779618839
|teamsize|p1|6
|teamsize|p2|6
|start
|switch|p1a: Samurott|Samurott-Hisui, M|100/100
|switch|p2a: Piloswine|Piloswine, F|100/100
|turn|1
|
|t:|1779618857
|move|p1a: Samurott|Ceaseless Edge|p2a: Piloswine
|-damage|p2a: Piloswine|73/100
|-sidestart|p2: panzershock|Spikes
|move|p2a: Piloswine|Earthquake|p1a: Samurott
|-damage|p1a: Samurott|43/100
|
|upkeep
|turn|2
|
|t:|1779618867
|move|p1a: Samurott|Ceaseless Edge|p2a: Piloswine
|-damage|p2a: Piloswine|43/100
|-sidestart|p2: panzershock|Spikes
|move|p2a: Piloswine|Stealth Rock|p1a: Samurott
|-sidestart|p1: ghuhjhjlhgh|move: Stealth Rock
|
|upkeep
|turn|3
|
|t:|1779618873
|move|p1a: Samurott|Aqua Cutter|p2a: Piloswine
|-supereffective|p2a: Piloswine
|-damage|p2a: Piloswine|0 fnt
|faint|p2a: Piloswine
|
|upkeep
|
|t:|1779618878
|switch|p2a: Cyclizar|Cyclizar, M|100/100
|turn|4
|
|t:|1779618883
|move|p2a: Cyclizar|Rapid Spin|p1a: Samurott
|-damage|p1a: Samurott|19/100
|-boost|p2a: Cyclizar|spe|1
|-sideend|p2: panzershock|Spikes|[from] move: Rapid Spin|[of] p2a: Cyclizar
|move|p1a: Samurott|Ceaseless Edge|p2a: Cyclizar
|-damage|p2a: Cyclizar|17/100
|-sidestart|p2: panzershock|Spikes
|
|upkeep
|turn|5
|
|t:|1779618895
|move|p1a: Samurott|Aqua Jet|p2a: Cyclizar
|-resisted|p2a: Cyclizar
|-damage|p2a: Cyclizar|2/100
|move|p2a: Cyclizar|Rapid Spin|p1a: Samurott
|-damage|p1a: Samurott|0 fnt
|-boost|p2a: Cyclizar|spe|1
|-sideend|p2: panzershock|Spikes|[from] move: Rapid Spin|[of] p2a: Cyclizar
|faint|p1a: Samurott
|
|upkeep
|
|t:|1779618903
|switch|p1a: Weezing|Weezing-Galar, F|100/100
|-damage|p1a: Weezing|88/100|[from] Stealth Rock
|turn|6
|
|t:|1779618911
|move|p2a: Cyclizar|Endeavor|p1a: Weezing
|-damage|p1a: Weezing|1/100
|move|p1a: Weezing|Defog|p2a: Cyclizar
|-unboost|p2a: Cyclizar|evasion|1
|-sideend|p1: ghuhjhjlhgh|Stealth Rock|[from] move: Defog|[of] p1a: Weezing
|
|-heal|p1a: Weezing|7/100|[from] item: Black Sludge
|upkeep
|turn|7
|
|t:|1779618924
|move|p2a: Cyclizar|Rapid Spin|p1a: Weezing
|-damage|p1a: Weezing|0 fnt
|-boost|p2a: Cyclizar|spe|1
|faint|p1a: Weezing
|
|upkeep
|
|t:|1779618940
|switch|p1a: Ogerpon|Ogerpon-Wellspring, F|100/100
|turn|8
|
|t:|1779618944
|move|p2a: Cyclizar|Endeavor|p1a: Ogerpon
|-damage|p1a: Ogerpon|1/100
|move|p1a: Ogerpon|U-turn|p2a: Cyclizar
|-damage|p2a: Cyclizar|0 fnt
|faint|p2a: Cyclizar
|
|t:|1779618954
|switch|p1a: Kommo-o|Kommo-o, F|100/100|[from] U-turn
|
|upkeep
|
|t:|1779618958
|switch|p2a: Delphox|Delphox, M|100/100
|turn|9
|
|t:|1779618965
|-terastallize|p1a: Kommo-o|Normal
|move|p2a: Delphox|Psychic Noise|p1a: Kommo-o
|-immune|p1a: Kommo-o|[from] ability: Soundproof
|move|p1a: Kommo-o|Clangorous Soul|p1a: Kommo-o
|-boost|p1a: Kommo-o|atk|1
|-boost|p1a: Kommo-o|def|1
|-boost|p1a: Kommo-o|spa|1
|-boost|p1a: Kommo-o|spd|1
|-boost|p1a: Kommo-o|spe|1
|-damage|p1a: Kommo-o|68/100
|-enditem|p1a: Kommo-o|Throat Spray
|-boost|p1a: Kommo-o|spa|1|[from] item: Throat Spray
|
|upkeep
|turn|10
|
|t:|1779618977
|move|p1a: Kommo-o|Boomburst|p2a: Delphox
|-damage|p2a: Delphox|0 fnt
|faint|p2a: Delphox
|
|upkeep
|
|t:|1779618981
|switch|p2a: Trevenant|Trevenant, F|100/100
|turn|11
|
|t:|1779618984
|move|p1a: Kommo-o|Flamethrower|p2a: Trevenant
|-supereffective|p2a: Trevenant
|-damage|p2a: Trevenant|0 fnt
|faint|p2a: Trevenant
|
|upkeep
|-message|panzershock forfeited.
|
|win|ghuhjhjlhgh
|raw|ghuhjhjlhgh's rating: 1180 &rarr; <strong>1208</strong><br />(+28 for winning)
|raw|panzershock's rating: 1218 &rarr; <strong>1190</strong><br />(-28 for losing)
|l|☆panzershock
|player|p2|
|l|☆ghuhjhjlhgh
|player|p1|
