|j|☆A05236
|j|☆Abyssal Bot
|t:|1779566184
|gametype|singles
|player|p1|A05236|265|
|player|p2|Abyssal Bot|supernerd|
|teamsize|p1|6
|teamsize|p2|6
|gen|9
|tier|[Gen 9] OU
|rule|Species Clause: Limit one of each Pokémon
|rule|OHKO Clause: OHKO moves are banned
|rule|Evasion Items Clause: Evasion items are banned
|rule|Evasion Moves Clause: Evasion moves are banned
|rule|Endless Battle Clause: Forcing endless battles is banned
|rule|HP Percentage Mod: HP is shown in percentages
|rule|Sleep Moves Clause: Sleep-inducing moves are banned
|clearpoke
|poke|p1|Espeon, M|
|poke|p1|Azumarill, M|
|poke|p1|Altaria, F|
|poke|p1|Minun, M|
|poke|p1|Hitmonlee, M|
|poke|p1|Mew|
|poke|p2|Gholdengo|
|poke|p2|Ting-Lu|
|poke|p2|Deoxys-Speed|
|poke|p2|Garganacl, F|
|poke|p2|Ogerpon, F|
|poke|p2|Gliscor, F|
|teampreview
|c|☆Abyssal Bot|Good Luck and Have Fun my Friend!
|inactive|Battle timer is ON: inactive players will automatically lose when time's up. (requested by Abyssal Bot)
|j|*Turbo Bottttt
|
|t:|1779566191
|start
|switch|p1a: Mew|Mew|100/100
|switch|p2a: Gholdengo|Gholdengo|100/100
|turn|1
|
|t:|1779566202
|switch|p1a: Altaria|Altaria, F|100/100
|move|p2a: Gholdengo|Hex|p1a: Altaria
|-damage|p1a: Altaria|82/100
|
|upkeep
|turn|2
|
|t:|1779566208
|move|p2a: Gholdengo|Thunder Wave|p1a: Altaria|[miss]
|-miss|p2a: Gholdengo|p1a: Altaria
|move|p1a: Altaria|Fire Blast|p2a: Gholdengo
|-supereffective|p2a: Gholdengo
|-damage|p2a: Gholdengo|45/100
|
|upkeep
|turn|3
|c|☆Abyssal Bot|;-;
|
|t:|1779566211
|move|p2a: Gholdengo|Hex|p1a: Altaria
|-damage|p1a: Altaria|63/100
|move|p1a: Altaria|Fire Blast|p2a: Gholdengo
|-supereffective|p2a: Gholdengo
|-crit|p2a: Gholdengo
|-damage|p2a: Gholdengo|0
|faint|p2a: Gholdengo
|
|upkeep
|c|☆Abyssal Bot|Oh crap, that crit...
|
|t:|1779566211
|switch|p2a: Garganacl|Garganacl, F|100/100
|turn|4
|
|t:|1779566219
|switch|p1a: Espeon|Espeon, M|100/100
|move|p2a: Garganacl|Stealth Rock|p1a: Espeon
|move|p1a: Espeon|Stealth Rock|p2a: Garganacl|[from]ability: Magic Bounce
|-sidestart|p2: Abyssal Bot|move: Stealth Rock
|
|upkeep
|turn|5
|
|t:|1779566225
|switch|p2a: Ting-Lu|Ting-Lu|100/100
|-ability|p2a: Ting-Lu|Vessel of Ruin
|move|p1a: Espeon|Reflect|p1a: Espeon
|-sidestart|p1: A05236|Reflect
|
|upkeep
|turn|6
|
|t:|1779566228
|move|p1a: Espeon|Light Screen|p1a: Espeon
|-sidestart|p1: A05236|move: Light Screen
|move|p2a: Ting-Lu|Earthquake|p1a: Espeon
|-damage|p1a: Espeon|71/100
|
|upkeep
|turn|7
|
|t:|1779566233
|switch|p1a: Mew|Mew|100/100
|move|p2a: Ting-Lu|Spikes|p1a: Mew
|-sidestart|p1: A05236|Spikes
|
|upkeep
|turn|8
|
|t:|1779566235
|move|p1a: Mew|Grassy Terrain|p1a: Mew
|-fieldstart|move: Grassy Terrain
|move|p2a: Ting-Lu|Earthquake|p1a: Mew
|-damage|p1a: Mew|95/100
|
|-heal|p1a: Mew|100/100|[from] Grassy Terrain
|upkeep
|turn|9
|
|t:|1779566240
|move|p1a: Mew|Calm Mind|p1a: Mew
|-boost|p1a: Mew|spa|1
|-boost|p1a: Mew|spd|1
|move|p2a: Ting-Lu|Spikes|p1a: Mew
|-sidestart|p1: A05236|Spikes
|
|upkeep
|turn|10
|
|t:|1779566243
|move|p1a: Mew|Giga Drain|p2a: Ting-Lu
|-supereffective|p2a: Ting-Lu
|-damage|p2a: Ting-Lu|72/100
|move|p2a: Ting-Lu|Whirlwind|p1a: Mew
|drag|p1a: Minun|Minun, M|100/100
|-damage|p1a: Minun|84/100|[from] Spikes|[of] p2a: Ting-Lu
|
|-heal|p1a: Minun|90/100|[from] Grassy Terrain
|-heal|p2a: Ting-Lu|78/100|[from] Grassy Terrain
|upkeep
|turn|11
|
|t:|1779566251
|switch|p1a: Hitmonlee|Hitmonlee, M|100/100
|-damage|p1a: Hitmonlee|84/100|[from] Spikes|[of] p2a: Ting-Lu
|-enditem|p1a: Hitmonlee|Grassy Seed
|-boost|p1a: Hitmonlee|def|1|[from] item: Grassy Seed
|move|p2a: Ting-Lu|Earthquake|p1a: Hitmonlee
|-damage|p1a: Hitmonlee|73/100
|
|-heal|p1a: Hitmonlee|79/100|[from] Grassy Terrain
|-heal|p2a: Ting-Lu|85/100|[from] Grassy Terrain
|upkeep
|turn|12
|
|t:|1779566253
|switch|p2a: Deoxys|Deoxys-Speed|100/100
|-ability|p2a: Deoxys|Pressure
|move|p1a: Hitmonlee|Rapid Spin|p2a: Deoxys
|-damage|p2a: Deoxys|71/100
|-boost|p1a: Hitmonlee|spe|1
|-sideend|p1: A05236|Spikes|[from] move: Rapid Spin|[of] p1a: Hitmonlee
|
|-heal|p1a: Hitmonlee|85/100|[from] Grassy Terrain
|-heal|p2a: Deoxys|78/100|[from] Grassy Terrain
|-sideend|p1: A05236|Reflect
|upkeep
|turn|13
|
|t:|1779566259
|move|p1a: Hitmonlee|Knock Off|p2a: Deoxys
|-supereffective|p2a: Deoxys
|-crit|p2a: Deoxys
|-damage|p2a: Deoxys|0
|-enditem|p2a: Deoxys|Heavy-Duty Boots|[from] move: Knock Off|[of] p1a: Hitmonlee
|faint|p2a: Deoxys
|
|-heal|p1a: Hitmonlee|91/100|[from] Grassy Terrain
|-sideend|p1: A05236|move: Light Screen
|upkeep
|c|☆Abyssal Bot|Oh crap, that crit...
|
|t:|1779566259
|switch|p2a: Gliscor|Gliscor, F|100/100
|-damage|p2a: Gliscor|88/100|[from] Stealth Rock|[of] p1: Espeon
|turn|14
|
|t:|1779566263
|move|p2a: Gliscor|Protect|p2a: Gliscor
|-singleturn|p2a: Gliscor|Protect
|move|p1a: Hitmonlee|Knock Off|p2a: Gliscor
|-activate|p2a: Gliscor|move: Protect
|
|-heal|p1a: Hitmonlee|98/100|[from] Grassy Terrain
|-status|p2a: Gliscor|tox|[from] item: Toxic Orb
|upkeep
|turn|15
|
|t:|1779566269
|switch|p1a: Altaria|Altaria, F|63/100
|move|p2a: Gliscor|Toxic|p1a: Altaria
|-status|p1a: Altaria|tox
|
|-heal|p2a: Gliscor|100/100 tox|[from] ability: Poison Heal
|-damage|p1a: Altaria|57/100 tox|[from] psn|[of] p2a: Gliscor
|-fieldend|move: Grassy Terrain
|upkeep
|turn|16
|
|t:|1779566273
|switch|p2a: Garganacl|Garganacl, F|100/100
|-damage|p2a: Garganacl|88/100|[from] Stealth Rock|[of] p1: Espeon
|move|p1a: Altaria|Ice Beam|p2a: Garganacl
|-damage|p2a: Garganacl|70/100
|
|-heal|p2a: Garganacl|76/100|[from] item: Leftovers
|-damage|p1a: Altaria|45/100 tox|[from] psn|[of] p2: Gliscor
|upkeep
|turn|17
|
|t:|1779566282
|-curestatus|p1a: Altaria|tox|[from] ability: Natural Cure
|switch|p1a: Espeon|Espeon, M|71/100
|move|p2a: Garganacl|Stealth Rock|p1a: Espeon
|move|p1a: Espeon|Stealth Rock||[from]ability: Magic Bounce|[still]
|-fail|p1a: Espeon
|
|-heal|p2a: Garganacl|82/100|[from] item: Leftovers
|upkeep
|turn|18
|
|t:|1779566286
|switch|p2a: Ting-Lu|Ting-Lu|85/100
|-ability|p2a: Ting-Lu|Vessel of Ruin
|move|p1a: Espeon|Reflect|p1a: Espeon
|-sidestart|p1: A05236|Reflect
|
|upkeep
|turn|19
|
|t:|1779566307
|switch|p1a: Mew|Mew|100/100
|move|p2a: Ting-Lu|Earthquake|p1a: Mew
|-damage|p1a: Mew|89/100
|
|upkeep
|turn|20
|
|t:|1779566309
|move|p1a: Mew|Grassy Terrain|p1a: Mew
|-fieldstart|move: Grassy Terrain
|move|p2a: Ting-Lu|Spikes|p1a: Mew
|-sidestart|p1: A05236|Spikes
|
|-heal|p1a: Mew|95/100|[from] Grassy Terrain
|-heal|p2a: Ting-Lu|91/100|[from] Grassy Terrain
|upkeep
|turn|21
|
|t:|1779566313
|switch|p1a: Hitmonlee|Hitmonlee, M|98/100
|-damage|p1a: Hitmonlee|85/100|[from] Spikes|[of] p2a: Ting-Lu
|move|p2a: Ting-Lu|Earthquake|p1a: Hitmonlee
|-damage|p1a: Hitmonlee|69/100
|
|-heal|p1a: Hitmonlee|75/100|[from] Grassy Terrain
|-heal|p2a: Ting-Lu|97/100|[from] Grassy Terrain
|upkeep
|turn|22
|
|t:|1779566315
|switch|p2a: Gliscor|Gliscor, F|100/100 tox
|-damage|p2a: Gliscor|88/100 tox|[from] Stealth Rock|[of] p1: Espeon
|move|p1a: Hitmonlee|Rapid Spin|p2a: Gliscor
|-damage|p2a: Gliscor|74/100 tox
|-boost|p1a: Hitmonlee|spe|1
|-sideend|p1: A05236|Spikes|[from] move: Rapid Spin|[of] p1a: Hitmonlee
|
|-heal|p1a: Hitmonlee|81/100|[from] Grassy Terrain
|-heal|p2a: Gliscor|86/100 tox|[from] ability: Poison Heal
|upkeep
|turn|23
|
|t:|1779566319
|move|p1a: Hitmonlee|Bulk Up|p1a: Hitmonlee
|-boost|p1a: Hitmonlee|atk|1
|-boost|p1a: Hitmonlee|def|1
|move|p2a: Gliscor|U-turn|p1a: Hitmonlee
|-resisted|p1a: Hitmonlee
|-damage|p1a: Hitmonlee|76/100
|
|t:|1779566319
|switch|p2a: Ogerpon|Ogerpon, F|100/100|[from] U-turn
|
|-heal|p1a: Hitmonlee|82/100|[from] Grassy Terrain
|upkeep
|turn|24
|
|t:|1779566325
|move|p1a: Hitmonlee|High Jump Kick|p2a: Ogerpon|[miss]
|-miss|p1a: Hitmonlee|p2a: Ogerpon
|-damage|p1a: Hitmonlee|32/100|[from] highjumpkick
|move|p2a: Ogerpon|Encore|p1a: Hitmonlee
|-start|p1a: Hitmonlee|Encore
|
|-heal|p1a: Hitmonlee|39/100|[from] Grassy Terrain
|upkeep
|turn|25
|c|☆Abyssal Bot|I had warned you about hax!! HAHAHA
|
|t:|1779566328
|move|p1a: Hitmonlee|High Jump Kick|p2a: Ogerpon
|-damage|p2a: Ogerpon|0
|faint|p2a: Ogerpon
|
|-heal|p1a: Hitmonlee|45/100|[from] Grassy Terrain
|-sideend|p1: A05236|Reflect
|upkeep
|
|t:|1779566328
|switch|p2a: Gliscor|Gliscor, F|86/100 tox
|-damage|p2a: Gliscor|74/100 tox|[from] Stealth Rock|[of] p1: Espeon
|turn|26
|
|t:|1779566333
|move|p1a: Hitmonlee|High Jump Kick|p2a: Gliscor
|-resisted|p2a: Gliscor
|-damage|p2a: Gliscor|32/100 tox
|move|p2a: Gliscor|Toxic|p1a: Hitmonlee
|-status|p1a: Hitmonlee|tox
|
|-heal|p1a: Hitmonlee|51/100 tox|[from] Grassy Terrain
|-damage|p1a: Hitmonlee|45/100 tox|[from] psn|[of] p2a: Gliscor
|-heal|p2a: Gliscor|45/100 tox|[from] ability: Poison Heal
|upkeep
|turn|27
|
|t:|1779566337
|move|p2a: Gliscor|Protect|p2a: Gliscor
|-singleturn|p2a: Gliscor|Protect
|move|p1a: Hitmonlee|High Jump Kick|p2a: Gliscor
|-activate|p2a: Gliscor|move: Protect
|-damage|p1a: Hitmonlee|0 tox|[from] highjumpkick
|faint|p1a: Hitmonlee
|
|-heal|p2a: Gliscor|57/100 tox|[from] ability: Poison Heal
|-fieldend|move: Grassy Terrain
|upkeep
|
|t:|1779566360
|switch|p1a: Mew|Mew|95/100
|turn|28
|
|t:|1779566362
|switch|p2a: Ting-Lu|Ting-Lu|97/100
|-ability|p2a: Ting-Lu|Vessel of Ruin
|move|p1a: Mew|Calm Mind|p1a: Mew
|-boost|p1a: Mew|spa|1
|-boost|p1a: Mew|spd|1
|
|upkeep
|turn|29
|
|t:|1779566365
|move|p1a: Mew|Grassy Terrain|p1a: Mew
|-fieldstart|move: Grassy Terrain
|move|p2a: Ting-Lu|Spikes|p1a: Mew
|-sidestart|p1: A05236|Spikes
|
|-heal|p1a: Mew|100/100|[from] Grassy Terrain
|-heal|p2a: Ting-Lu|100/100|[from] Grassy Terrain
|upkeep
|turn|30
|
|t:|1779566367
|move|p1a: Mew|Giga Drain|p2a: Ting-Lu
|-supereffective|p2a: Ting-Lu
|-damage|p2a: Ting-Lu|72/100
|move|p2a: Ting-Lu|Spikes|p1a: Mew
|-sidestart|p1: A05236|Spikes
|
|-heal|p2a: Ting-Lu|78/100|[from] Grassy Terrain
|upkeep
|turn|31
|
|t:|1779566369
|move|p1a: Mew|Giga Drain|p2a: Ting-Lu
|-supereffective|p2a: Ting-Lu
|-damage|p2a: Ting-Lu|52/100
|move|p2a: Ting-Lu|Whirlwind|p1a: Mew
|drag|p1a: Azumarill|Azumarill, M|100/100
|-damage|p1a: Azumarill|84/100|[from] Spikes|[of] p2a: Ting-Lu
|
|-heal|p1a: Azumarill|90/100|[from] Grassy Terrain
|-heal|p2a: Ting-Lu|58/100|[from] Grassy Terrain
|upkeep
|turn|32
|
|t:|1779566375
|switch|p2a: Gliscor|Gliscor, F|57/100 tox
|-damage|p2a: Gliscor|45/100 tox|[from] Stealth Rock|[of] p1: Espeon
|move|p1a: Azumarill|Play Rough|p2a: Gliscor
|-damage|p2a: Gliscor|0 tox
|faint|p2a: Gliscor
|
|-heal|p1a: Azumarill|96/100|[from] Grassy Terrain
|upkeep
|
|t:|1779566375
|switch|p2a: Garganacl|Garganacl, F|82/100
|-damage|p2a: Garganacl|70/100|[from] Stealth Rock|[of] p1: Espeon
|turn|33
|
|t:|1779566385
|switch|p1a: Espeon|Espeon, M|71/100
|-damage|p1a: Espeon|54/100|[from] Spikes|[of] p2: Ting-Lu
|move|p2a: Garganacl|Stealth Rock|p1a: Espeon
|move|p1a: Espeon|Stealth Rock||[from]ability: Magic Bounce|[still]
|-fail|p1a: Espeon
|
|-heal|p1a: Espeon|60/100|[from] Grassy Terrain
|-heal|p2a: Garganacl|76/100|[from] Grassy Terrain
|-heal|p2a: Garganacl|82/100|[from] item: Leftovers
|upkeep
|turn|34
|
|t:|1779566388
|move|p1a: Espeon|Reflect|p1a: Espeon
|-sidestart|p1: A05236|Reflect
|move|p2a: Garganacl|Stealth Rock|p1a: Espeon
|move|p1a: Espeon|Stealth Rock||[from]ability: Magic Bounce|[still]
|-fail|p1a: Espeon
|
|-heal|p1a: Espeon|66/100|[from] Grassy Terrain
|-heal|p2a: Garganacl|89/100|[from] Grassy Terrain
|-heal|p2a: Garganacl|95/100|[from] item: Leftovers
|upkeep
|turn|35
|
|t:|1779566389
|move|p2a: Garganacl|Protect|p2a: Garganacl
|-singleturn|p2a: Garganacl|Protect
|move|p1a: Espeon|Psychic Noise|p2a: Garganacl
|-activate|p2a: Garganacl|move: Protect
|
|-heal|p1a: Espeon|72/100|[from] Grassy Terrain
|-heal|p2a: Garganacl|100/100|[from] Grassy Terrain
|upkeep
|turn|36
|
|t:|1779566393
|move|p1a: Espeon|Psychic Noise|p2a: Garganacl
|-damage|p2a: Garganacl|74/100
|-start|p2a: Garganacl|move: Heal Block
|move|p2a: Garganacl|Salt Cure|p1a: Espeon
|-damage|p1a: Espeon|61/100
|-start|p1a: Espeon|Salt Cure
|
|-heal|p1a: Espeon|67/100|[from] Grassy Terrain
|-damage|p1a: Espeon|55/100|[from] Salt Cure|[of] p2a: Garganacl
|-fieldend|move: Grassy Terrain
|upkeep
|turn|37
|
|t:|1779566400
|move|p2a: Garganacl|Protect|p2a: Garganacl
|-singleturn|p2a: Garganacl|Protect
|move|p1a: Espeon|Psychic Noise|p2a: Garganacl
|-activate|p2a: Garganacl|move: Protect
|
|-damage|p1a: Espeon|42/100|[from] Salt Cure|[of] p2a: Garganacl
|-end|p2a: Garganacl|move: Heal Block
|upkeep
|turn|38
|
|t:|1779566403
|move|p1a: Espeon|Psychic Noise|p2a: Garganacl
|-damage|p2a: Garganacl|48/100
|-start|p2a: Garganacl|move: Heal Block
|move|p2a: Garganacl|Stealth Rock|p1a: Espeon
|move|p1a: Espeon|Stealth Rock||[from]ability: Magic Bounce|[still]
|-fail|p1a: Espeon
|
|-damage|p1a: Espeon|30/100|[from] Salt Cure|[of] p2a: Garganacl
|upkeep
|turn|39
|
|t:|1779566406
|move|p1a: Espeon|Psychic Noise|p2a: Garganacl
|-damage|p2a: Garganacl|21/100
|move|p2a: Garganacl|Stealth Rock|p1a: Espeon
|move|p1a: Espeon|Stealth Rock||[from]ability: Magic Bounce|[still]
|-fail|p1a: Espeon
|
|-damage|p1a: Espeon|18/100|[from] Salt Cure|[of] p2a: Garganacl
|-end|p2a: Garganacl|move: Heal Block
|upkeep
|turn|40
|
|t:|1779566409
|move|p1a: Espeon|Psychic Noise|p2a: Garganacl
|-damage|p2a: Garganacl|0
|faint|p2a: Garganacl
|
|-damage|p1a: Espeon|6/100|[from] Salt Cure|[of] p2: Garganacl
|upkeep
|
|t:|1779566409
|switch|p2a: Ting-Lu|Ting-Lu|58/100
|-ability|p2a: Ting-Lu|Vessel of Ruin
|turn|41
|
|t:|1779566412
|move|p1a: Espeon|Reflect||[still]
|-fail|p1a: Espeon
|move|p2a: Ting-Lu|Earthquake|p1a: Espeon
|-damage|p1a: Espeon|0
|faint|p1a: Espeon
|
|-sideend|p1: A05236|Reflect
|upkeep
|
|t:|1779566415
|switch|p1a: Azumarill|Azumarill, M|96/100
|-damage|p1a: Azumarill|80/100|[from] Spikes|[of] p2a: Ting-Lu
|turn|42
|
|t:|1779566417
|move|p1a: Azumarill|Play Rough|p2a: Ting-Lu
|-supereffective|p2a: Ting-Lu
|-damage|p2a: Ting-Lu|0
|faint|p2a: Ting-Lu
|
|win|A05236
|c|☆Abyssal Bot|Well Played.
|l|☆Abyssal Bot
|player|p2|
|l|*Turbo Bottttt
