|badge|p2|silver|gen9ubers|30-9
|uhtml|medal-msg|<div class="broadcast-blue">Curious what those medals under the avatar are? PS now has Ladder Seasons! For more information, check out the <a href="https://www.smogon.com/forums/threads/3740067/">thread on Smogon.</a></div>
|j|☆jojosworld
|j|☆Thajester
|t:|1779598371
|gametype|singles
|player|p1|jojosworld|bellelba|1555
|player|p2|Thajester|265|1642
|gen|9
|tier|[Gen 9] OU
|rated|
|rule|HP Percentage Mod: HP is shown in percentages
|rule|Endless Battle Clause: Forcing endless battles is banned
|rule|Species Clause: Limit one of each Pokémon
|rule|OHKO Clause: OHKO moves are banned
|rule|Evasion Items Clause: Evasion items are banned
|rule|Evasion Moves Clause: Evasion moves are banned
|rule|Evasion Abilities Clause: Evasion abilities are banned
|rule|Sleep Moves Clause: Sleep-inducing moves are banned
|clearpoke
|poke|p1|Corviknight, F|
|poke|p1|Alomomola, F|
|poke|p1|Lokix, F|
|poke|p1|Slowking-Galar, F|
|poke|p1|Dragapult, F|
|poke|p1|Fezandipiti, M|
|poke|p2|Ribombee, M|
|poke|p2|Lokix, M|
|poke|p2|Great Tusk|
|poke|p2|Raging Bolt|
|poke|p2|Gholdengo|
|poke|p2|Iron Moth|
|teampreview
|inactive|Battle timer is ON: inactive players will automatically lose when time's up. (requested by jojosworld)
|
|t:|1779598390
|teamsize|p1|6
|teamsize|p2|6
|start
|switch|p1a: Fezandipiti|Fezandipiti, M|100/100
|switch|p2a: Ribombee|Ribombee, M, shiny|100/100
|turn|1
|
|t:|1779598393
|move|p2a: Ribombee|Sticky Web|p1a: Fezandipiti
|-sidestart|p1: jojosworld|move: Sticky Web
|move|p1a: Fezandipiti|Beat Up|p2a: Ribombee
|-resisted|p2a: Ribombee
|-damage|p2a: Ribombee|97/100
|-resisted|p2a: Ribombee
|-damage|p2a: Ribombee|93/100
|-resisted|p2a: Ribombee
|-damage|p2a: Ribombee|89/100
|-resisted|p2a: Ribombee
|-damage|p2a: Ribombee|87/100
|-resisted|p2a: Ribombee
|-damage|p2a: Ribombee|82/100
|-resisted|p2a: Ribombee
|-damage|p2a: Ribombee|79/100
|-hitcount|p2a: Ribombee|6
|
|upkeep
|turn|2
|
|t:|1779598399
|move|p2a: Ribombee|Stun Spore|p1a: Fezandipiti
|-status|p1a: Fezandipiti|par
|cant|p1a: Fezandipiti|par
|
|upkeep
|turn|3
|
|t:|1779598403
|move|p2a: Ribombee|Moonblast|p1a: Fezandipiti
|-resisted|p1a: Fezandipiti
|-damage|p1a: Fezandipiti|87/100 par
|move|p1a: Fezandipiti|Play Rough|p2a: Ribombee
|-damage|p2a: Ribombee|10/100
|
|upkeep
|turn|4
|
|t:|1779598407
|move|p2a: Ribombee|Moonblast|p1a: Fezandipiti
|-resisted|p1a: Fezandipiti
|-damage|p1a: Fezandipiti|74/100 par
|-unboost|p1a: Fezandipiti|spa|1
|move|p1a: Fezandipiti|Roost|p1a: Fezandipiti
|-heal|p1a: Fezandipiti|100/100 par
|-singleturn|p1a: Fezandipiti|move: Roost
|
|upkeep
|turn|5
|
|t:|1779598410
|move|p2a: Ribombee|Moonblast|p1a: Fezandipiti
|-resisted|p1a: Fezandipiti
|-damage|p1a: Fezandipiti|87/100 par
|-unboost|p1a: Fezandipiti|spa|1
|move|p1a: Fezandipiti|U-turn|p2a: Ribombee
|-resisted|p2a: Ribombee
|-damage|p2a: Ribombee|0 fnt
|faint|p2a: Ribombee
|
|t:|1779598415
|switch|p1a: Slowking|Slowking-Galar, F, shiny|100/100|[from] U-turn
|
|upkeep
|inactive|Thajester has 120 seconds left.
|
|t:|1779598457
|switch|p2a: Lokix|Lokix, M, shiny|100/100
|turn|6
|
|t:|1779598479
|switch|p1a: Corviknight|Corviknight, F, shiny|100/100
|-ability|p1a: Corviknight|Pressure
|move|p2a: Lokix|Swords Dance|p2a: Lokix
|-boost|p2a: Lokix|atk|2
|
|upkeep
|turn|7
|
|t:|1779598488
|-terastallize|p2a: Lokix|Dark
|move|p2a: Lokix|Knock Off|p1a: Corviknight
|-damage|p1a: Corviknight|4/100
|-damage|p2a: Lokix|84/100|[from] item: Rocky Helmet|[of] p1a: Corviknight
|-enditem|p1a: Corviknight|Rocky Helmet|[from] move: Knock Off|[of] p2a: Lokix
|-damage|p2a: Lokix|74/100|[from] item: Life Orb
|move|p1a: Corviknight|Defog|p2a: Lokix
|-unboost|p2a: Lokix|evasion|1
|-sideend|p1: jojosworld|Sticky Web|[from] move: Defog|[of] p1a: Corviknight
|
|upkeep
|turn|8
|
|t:|1779598497
|move|p2a: Lokix|Knock Off|p1a: Corviknight
|-crit|p1a: Corviknight
|-damage|p1a: Corviknight|0 fnt
|faint|p1a: Corviknight
|-damage|p2a: Lokix|64/100|[from] item: Life Orb
|
|upkeep
|
|t:|1779598500
|switch|p1a: Lokix|Lokix, F, shiny|100/100
|turn|9
|
|t:|1779598503
|switch|p2a: Great Tusk|Great Tusk, shiny|100/100
|-enditem|p2a: Great Tusk|Booster Energy
|-activate|p2a: Great Tusk|ability: Protosynthesis|[fromitem]
|-start|p2a: Great Tusk|protosynthesisatk
|move|p1a: Lokix|First Impression|p2a: Great Tusk
|-resisted|p2a: Great Tusk
|-damage|p2a: Great Tusk|55/100
|
|upkeep
|turn|10
|
|t:|1779598510
|switch|p1a: Alomomola|Alomomola, F, shiny|100/100
|move|p2a: Great Tusk|Head Smash|p1a: Alomomola
|-damage|p1a: Alomomola|53/100
|-damage|p2a: Great Tusk|21/100|[from] Recoil
|
|upkeep
|turn|11
|inactive|jojosworld has 120 seconds left.
|inactive|jojosworld has 90 seconds left.
|inactive|jojosworld has 60 seconds left.
|inactive|jojosworld has 30 seconds left.
|j| bumsama
|inactive|jojosworld has 20 seconds left.
|inactive|jojosworld has 15 seconds left.
|inactive|jojosworld has 10 seconds left.
|inactive|jojosworld has 5 seconds left.
|-message|jojosworld lost due to inactivity.
|
|win|Thajester
|raw|jojosworld's rating: 1555 &rarr; <strong>1540</strong><br />(-15 for losing)
|raw|Thajester's rating: 1642 &rarr; <strong>1657</strong><br />(+15 for winning)
|l|☆Thajester
|player|p2|
|l| bumsama
