|j|☆R0cK Bottom
|j|☆tboc13
|t:|1779688796
|gametype|singles
|player|p1|R0cK Bottom|cliff|1372
|player|p2|tboc13|dawn|1529
|gen|9
|tier|[Gen 9] OU
|rated|
|rule|HP Percentage Mod: HP is shown in percentages
|rule|Endless Battle Clause: Forcing endless battles is banned
|rule|Species Clause: Limit one of each Pokémon
|rule|OHKO Clause: OHKO moves are banned
|rule|Evasion Items Clause: Evasion items are banned
|rule|Evasion Moves Clause: Evasion moves are banned
|rule|Evasion Abilities Clause: Evasion abilities are banned
|rule|Sleep Moves Clause: Sleep-inducing moves are banned
|clearpoke
|poke|p1|Dragonite, M|
|poke|p1|Hatterene, F|
|poke|p1|Gholdengo|
|poke|p1|Excadrill, M|
|poke|p1|Kyurem|
|poke|p1|Iron Moth|
|poke|p2|Kyurem|
|poke|p2|Weavile, F|
|poke|p2|Dragapult, F|
|poke|p2|Hatterene, F|
|poke|p2|Corviknight, F|
|poke|p2|Gliscor, F|
|teampreview
|inactive|Battle timer is ON: inactive players will automatically lose when time's up. (requested by tboc13)
|
|t:|1779688814
|teamsize|p1|6
|teamsize|p2|6
|start
|switch|p1a: Excadrill|Excadrill, M, shiny|100/100
|switch|p2a: Kyurem|Kyurem|100/100
|-ability|p1a: Excadrill|Mold Breaker
|-ability|p2a: Kyurem|Pressure
|turn|1
|
|t:|1779688823
|switch|p2a: Gliscor|Gliscor, F|100/100
|move|p1a: Excadrill|Stealth Rock|p2a: Gliscor
|-sidestart|p2: tboc13|move: Stealth Rock
|
|-status|p2a: Gliscor|tox|[from] item: Toxic Orb
|upkeep
|turn|2
|
|t:|1779688834
|switch|p1a: Kyurem|Kyurem, shiny|100/100
|-ability|p1a: Kyurem|Pressure
|move|p2a: Gliscor|Earthquake|p1a: Kyurem
|-damage|p1a: Kyurem|70/100
|
|upkeep
|turn|3
|
|t:|1779688843
|switch|p2a: Hatterene|Hatterene, F|100/100
|-damage|p2a: Hatterene|88/100|[from] Stealth Rock
|move|p1a: Kyurem|Dragon Dance|p1a: Kyurem
|-boost|p1a: Kyurem|atk|1
|-boost|p1a: Kyurem|spe|1
|
|upkeep
|turn|4
|
|t:|1779688853
|move|p1a: Kyurem|Icicle Spear|p2a: Hatterene
|-damage|p2a: Hatterene|72/100
|-damage|p2a: Hatterene|56/100
|-damage|p2a: Hatterene|38/100
|-damage|p2a: Hatterene|20/100
|-damage|p2a: Hatterene|4/100
|-hitcount|p2a: Hatterene|5
|move|p2a: Hatterene|Nuzzle|p1a: Kyurem
|-resisted|p1a: Kyurem
|-damage|p1a: Kyurem|68/100
|-status|p1a: Kyurem|par
|
|upkeep
|turn|5
|
|t:|1779688866
|move|p1a: Kyurem|Icicle Spear|p2a: Hatterene
|-damage|p2a: Hatterene|0 fnt
|faint|p2a: Hatterene
|-hitcount|p2: Hatterene|1
|
|upkeep
|
|t:|1779688868
|switch|p2a: Dragapult|Dragapult, F|100/100
|turn|6
|inactive|R0cK Bottom has 120 seconds left.
|
|t:|1779688906
|move|p2a: Dragapult|Draco Meteor|p1a: Kyurem|[miss]
|-miss|p2a: Dragapult|p1a: Kyurem
|move|p1a: Kyurem|Icicle Spear|p2a: Dragapult
|-supereffective|p2a: Dragapult
|-damage|p2a: Dragapult|50/100
|-supereffective|p2a: Dragapult
|-damage|p2a: Dragapult|3/100
|-supereffective|p2a: Dragapult
|-damage|p2a: Dragapult|0 fnt
|faint|p2a: Dragapult
|-hitcount|p2: Dragapult|3
|
|upkeep
|
|t:|1779688919
|switch|p2a: Kyurem|Kyurem|100/100
|-damage|p2a: Kyurem|76/100|[from] Stealth Rock
|-ability|p2a: Kyurem|Pressure
|turn|7
|
|t:|1779688926
|switch|p1a: Hatterene|Hatterene, F|100/100
|move|p2a: Kyurem|Draco Meteor|p1a: Hatterene
|-immune|p1a: Hatterene
|
|upkeep
|turn|8
|
|t:|1779688935
|switch|p2a: Gliscor|Gliscor, F|100/100 tox
|-damage|p2a: Gliscor|88/100 tox|[from] Stealth Rock
|move|p1a: Hatterene|Calm Mind|p1a: Hatterene
|-boost|p1a: Hatterene|spa|1
|-boost|p1a: Hatterene|spd|1
|
|-heal|p2a: Gliscor|100/100 tox|[from] ability: Poison Heal
|upkeep
|turn|9
|
|t:|1779688951
|move|p2a: Gliscor|Knock Off|p1a: Hatterene
|-damage|p1a: Hatterene|83/100
|-enditem|p1a: Hatterene|Leftovers|[from] move: Knock Off|[of] p2a: Gliscor
|move|p1a: Hatterene|Draining Kiss|p2a: Gliscor
|-damage|p2a: Gliscor|68/100 tox
|-heal|p1a: Hatterene|100/100|[from] drain|[of] p2a: Gliscor
|
|-heal|p2a: Gliscor|80/100 tox|[from] ability: Poison Heal
|upkeep
|turn|10
|
|t:|1779688962
|move|p2a: Gliscor|Earthquake|p1a: Hatterene
|-damage|p1a: Hatterene|71/100
|move|p1a: Hatterene|Psychic Noise|p2a: Gliscor
|-damage|p2a: Gliscor|30/100 tox
|-start|p2a: Gliscor|move: Heal Block
|
|upkeep
|turn|11
|
|t:|1779688971
|move|p2a: Gliscor|Earthquake|p1a: Hatterene
|-damage|p1a: Hatterene|46/100
|move|p1a: Hatterene|Draining Kiss|p2a: Gliscor
|-damage|p2a: Gliscor|0 fnt
|-heal|p1a: Hatterene|70/100|[from] drain|[of] p2a: Gliscor
|faint|p2a: Gliscor
|
|upkeep
|-message|tboc13 forfeited.
|
|win|R0cK Bottom
|raw|R0cK Bottom's rating: 1372 &rarr; <strong>1400</strong><br />(+28 for winning)
|raw|tboc13's rating: 1529 &rarr; <strong>1501</strong><br />(-28 for losing)
|l|☆tboc13
|player|p2|
