|badge|p2|bronze|gen9ou|100-9
|badge|p2|bronze|gen9randombattle|100-9
|uhtml|medal-msg|<div class="broadcast-blue">Curious what those medals under the avatar are? PS now has Ladder Seasons! For more information, check out the <a href="https://www.smogon.com/forums/threads/3740067/">thread on Smogon.</a></div>
|j|☆goodnightnite
|j|☆portobellomushroom
|t:|1779686237
|gametype|singles
|player|p1|goodnightnite|miku-water|1642
|player|p2|portobellomushroom|turo-ai|1798
|gen|9
|tier|[Gen 9] OU
|rated|
|rule|HP Percentage Mod: HP is shown in percentages
|rule|Endless Battle Clause: Forcing endless battles is banned
|rule|Species Clause: Limit one of each Pokémon
|rule|OHKO Clause: OHKO moves are banned
|rule|Evasion Items Clause: Evasion items are banned
|rule|Evasion Moves Clause: Evasion moves are banned
|rule|Evasion Abilities Clause: Evasion abilities are banned
|rule|Sleep Moves Clause: Sleep-inducing moves are banned
|clearpoke
|poke|p1|Ribombee, F|
|poke|p1|Lokix, M|
|poke|p1|Great Tusk|
|poke|p1|Raging Bolt|
|poke|p1|Gholdengo|
|poke|p1|Iron Moth|
|poke|p2|Glimmora, F|
|poke|p2|Polteageist|
|poke|p2|Deoxys-Speed|
|poke|p2|Great Tusk|
|poke|p2|Dragonite, F|
|poke|p2|Iron Valiant|
|teampreview
|inactive|Battle timer is ON: inactive players will automatically lose when time's up. (requested by portobellomushroom)
|inactive|goodnightnite also wants the timer to be on.
|
|t:|1779686248
|teamsize|p1|6
|teamsize|p2|6
|start
|switch|p1a: Great Tusk|Great Tusk, shiny|100/100
|switch|p2a: glim glam|Glimmora, F|100/100
|-enditem|p1a: Great Tusk|Booster Energy
|-activate|p1a: Great Tusk|ability: Protosynthesis|[fromitem]
|-start|p1a: Great Tusk|protosynthesisatk
|turn|1
|
|t:|1779686253
|move|p1a: Great Tusk|Headlong Rush|p2a: glim glam
|-supereffective|p2a: glim glam
|-enditem|p2a: glim glam|Focus Sash
|-damage|p2a: glim glam|1/100
|-unboost|p1a: Great Tusk|def|1
|-unboost|p1a: Great Tusk|spd|1
|-activate|p2a: glim glam|ability: Toxic Debris
|-sidestart|p1: goodnightnite|move: Toxic Spikes
|move|p2a: glim glam|Stealth Rock|p1a: Great Tusk
|-sidestart|p1: goodnightnite|move: Stealth Rock
|
|upkeep
|turn|2
|
|t:|1779686256
|switch|p2a: drank|Polteageist|100/100
|move|p1a: Great Tusk|Headlong Rush|p2a: drank
|-enditem|p2a: drank|Focus Sash
|-damage|p2a: drank|1/100
|-unboost|p1a: Great Tusk|def|1
|-unboost|p1a: Great Tusk|spd|1
|-ability|p2a: drank|Weak Armor|boost
|-unboost|p2a: drank|def|1
|-boost|p2a: drank|spe|2
|
|upkeep
|turn|3
|j| oophyte
|
|t:|1779686266
|move|p2a: drank|Shadow Ball|p1a: Great Tusk
|-damage|p1a: Great Tusk|0 fnt
|faint|p1a: Great Tusk
|-end|p1a: Great Tusk|Protosynthesis|[silent]
|
|upkeep
|
|t:|1779686276
|switch|p1a: Iron Moth|Iron Moth, shiny|100/100
|-sideend|p1: goodnightnite|move: Toxic Spikes|[of] p1a: Iron Moth
|-damage|p1a: Iron Moth|76/100|[from] Stealth Rock
|-enditem|p1a: Iron Moth|Booster Energy
|-activate|p1a: Iron Moth|ability: Quark Drive|[fromitem]
|-start|p1a: Iron Moth|quarkdrivespa
|turn|4
|
|t:|1779686283
|move|p2a: drank|Shadow Ball|p1a: Iron Moth
|-damage|p1a: Iron Moth|29/100
|move|p1a: Iron Moth|Fiery Dance|p2a: drank
|-damage|p2a: drank|0 fnt
|-boost|p1a: Iron Moth|spa|1
|faint|p2a: drank
|
|upkeep
|
|t:|1779686294
|switch|p2a: liting mcgoo|Deoxys-Speed|100/100
|-ability|p2a: liting mcgoo|Pressure
|turn|5
|
|t:|1779686298
|move|p2a: liting mcgoo|Shadow Ball|p1a: Iron Moth
|-damage|p1a: Iron Moth|0 fnt
|faint|p1a: Iron Moth
|-end|p1a: Iron Moth|Quark Drive|[silent]
|-damage|p2a: liting mcgoo|91/100|[from] item: Life Orb
|
|upkeep
|
|t:|1779686302
|switch|p1a: Ribombee|Ribombee, F, shiny|100/100
|-damage|p1a: Ribombee|76/100|[from] Stealth Rock
|turn|6
|
|t:|1779686305
|move|p2a: liting mcgoo|Psycho Boost|p1a: Ribombee|[miss]
|-miss|p2a: liting mcgoo|p1a: Ribombee
|move|p1a: Ribombee|Stun Spore|p2a: liting mcgoo
|-status|p2a: liting mcgoo|par
|
|upkeep
|turn|7
|
|t:|1779686308
|move|p1a: Ribombee|Sticky Web|p2a: liting mcgoo
|-sidestart|p2: portobellomushroom|move: Sticky Web
|move|p2a: liting mcgoo|Psycho Boost|p1a: Ribombee|[miss]
|-miss|p2a: liting mcgoo|p1a: Ribombee
|
|upkeep
|turn|8
|c|☆goodnightnite|mb
|
|t:|1779686316
|move|p1a: Ribombee|Moonblast|p2a: liting mcgoo
|-damage|p2a: liting mcgoo|33/100 par
|-unboost|p2a: liting mcgoo|spa|1
|move|p2a: liting mcgoo|Psycho Boost|p1a: Ribombee|[miss]
|-miss|p2a: liting mcgoo|p1a: Ribombee
|
|upkeep
|turn|9
|
|t:|1779686322
|move|p1a: Ribombee|Moonblast|p2a: liting mcgoo
|-damage|p2a: liting mcgoo|0 fnt
|faint|p2a: liting mcgoo
|
|upkeep
|
|t:|1779686330
|switch|p2a: Dnite|Dragonite, F|100/100
|turn|10
|
|t:|1779686337
|-terastallize|p2a: Dnite|Normal
|move|p2a: Dnite|Extreme Speed|p1a: Ribombee
|-damage|p1a: Ribombee|0 fnt
|faint|p1a: Ribombee
|
|upkeep
|
|t:|1779686343
|switch|p1a: Gholdengo|Gholdengo, shiny|100/100
|-damage|p1a: Gholdengo|94/100|[from] Stealth Rock
|-item|p1a: Gholdengo|Air Balloon
|turn|11
|
|t:|1779686352
|switch|p2a: great donphan|Great Tusk|100/100
|-activate|p2a: great donphan|move: Sticky Web
|-unboost|p2a: great donphan|spe|1
|-enditem|p2a: great donphan|Booster Energy
|-activate|p2a: great donphan|ability: Protosynthesis|[fromitem]
|-start|p2a: great donphan|protosynthesisatk
|move|p1a: Gholdengo|Nasty Plot|p1a: Gholdengo
|-boost|p1a: Gholdengo|spa|2
|
|upkeep
|turn|12
|
|t:|1779686356
|move|p1a: Gholdengo|Shadow Ball|p2a: great donphan
|-damage|p2a: great donphan|0 fnt
|faint|p2a: great donphan
|-end|p2a: great donphan|Protosynthesis|[silent]
|
|upkeep
|
|t:|1779686361
|switch|p2a: which set?|Iron Valiant|100/100
|-activate|p2a: which set?|move: Sticky Web
|-unboost|p2a: which set?|spe|1
|-enditem|p2a: which set?|Booster Energy
|-activate|p2a: which set?|ability: Quark Drive|[fromitem]
|-start|p2a: which set?|quarkdriveatk
|turn|13
|
|t:|1779686367
|move|p1a: Gholdengo|Shadow Ball|p2a: which set?
|-damage|p2a: which set?|0 fnt
|faint|p2a: which set?
|-end|p2a: which set?|Quark Drive|[silent]
|
|upkeep
|-message|portobellomushroom forfeited.
|
|win|goodnightnite
|raw|goodnightnite's rating: 1642 &rarr; <strong>1670</strong><br />(+28 for winning)
|raw|portobellomushroom's rating: 1798 &rarr; <strong>1770</strong><br />(-28 for losing)
|l|☆portobellomushroom
|player|p2|
|l|☆goodnightnite
|player|p1|
|l| oophyte
