|j|☆A05236
|j|☆Abyssal Bot
|t:|1779659973
|gametype|singles
|player|p1|A05236|265|
|player|p2|Abyssal Bot|supernerd|
|teamsize|p1|6
|teamsize|p2|6
|gen|9
|tier|[Gen 9] OU
|rule|Species Clause: Limit one of each Pokémon
|rule|OHKO Clause: OHKO moves are banned
|rule|Evasion Items Clause: Evasion items are banned
|rule|Evasion Moves Clause: Evasion moves are banned
|rule|Endless Battle Clause: Forcing endless battles is banned
|rule|HP Percentage Mod: HP is shown in percentages
|rule|Sleep Moves Clause: Sleep-inducing moves are banned
|clearpoke
|poke|p1|Blissey, F|
|poke|p1|Milotic, F|
|poke|p1|Gengar, F|
|poke|p1|Darkrai|
|poke|p1|Torkoal, F|
|poke|p1|Zapdos|
|poke|p2|Gholdengo|
|poke|p2|Ting-Lu|
|poke|p2|Deoxys-Speed|
|poke|p2|Garganacl, M|
|poke|p2|Ogerpon, F|
|poke|p2|Gliscor, F|
|teampreview
|c|☆Abyssal Bot|Good Luck and Have Fun my Friend!
|inactive|Battle timer is ON: inactive players will automatically lose when time's up. (requested by Abyssal Bot)
|j|*Turbo Bottttt
|
|t:|1779659987
|start
|switch|p1a: Blissey|Blissey, F|100/100
|switch|p2a: Garganacl|Garganacl, M|100/100
|turn|1
|
|t:|1779659990
|switch|p2a: Gholdengo|Gholdengo|100/100
|move|p1a: Blissey|Rain Dance|p1a: Blissey
|-weather|Rain Dance
|
|-weather|Rain Dance|[upkeep]
|upkeep
|turn|2
|
|t:|1779659992
|move|p2a: Gholdengo|Focus Blast|p1a: Blissey
|-supereffective|p1a: Blissey
|-damage|p1a: Blissey|74/100
|move|p1a: Blissey|Thunder|p2a: Gholdengo
|-damage|p2a: Gholdengo|74/100
|-status|p2a: Gholdengo|par
|
|-weather|Rain Dance|[upkeep]
|upkeep
|turn|3
|
|t:|1779659996
|switch|p1a: Zapdos|Zapdos|100/100
|-ability|p1a: Zapdos|Pressure
|cant|p2a: Gholdengo|par
|
|-weather|Rain Dance|[upkeep]
|upkeep
|turn|4
|
|t:|1779659998
|switch|p2a: Gliscor|Gliscor, F|100/100
|move|p1a: Zapdos|Weather Ball|p2a: Gliscor
|-supereffective|p2a: Gliscor
|-damage|p2a: Gliscor|0
|faint|p2a: Gliscor
|
|-weather|Rain Dance|[upkeep]
|upkeep
|
|t:|1779659998
|switch|p2a: Ting-Lu|Ting-Lu|100/100
|-ability|p2a: Ting-Lu|Vessel of Ruin
|turn|5
|
|t:|1779660001
|move|p1a: Zapdos|Weather Ball|p2a: Ting-Lu
|-supereffective|p2a: Ting-Lu
|-damage|p2a: Ting-Lu|51/100
|move|p2a: Ting-Lu|Spikes|p1a: Zapdos
|-sidestart|p1: A05236|Spikes
|
|-weather|Rain Dance|[upkeep]
|upkeep
|turn|6
|
|t:|1779660004
|move|p1a: Zapdos|Weather Ball|p2a: Ting-Lu
|-supereffective|p2a: Ting-Lu
|-damage|p2a: Ting-Lu|0
|faint|p2a: Ting-Lu
|
|-weather|Rain Dance|[upkeep]
|upkeep
|
|t:|1779660004
|switch|p2a: Gholdengo|Gholdengo|74/100 par
|turn|7
|
|t:|1779660007
|move|p1a: Zapdos|Weather Ball|p2a: Gholdengo
|-damage|p2a: Gholdengo|16/100 par
|cant|p2a: Gholdengo|par
|
|-weather|Rain Dance|[upkeep]
|upkeep
|turn|8
|
|t:|1779660011
|move|p1a: Zapdos|Weather Ball|p2a: Gholdengo
|-damage|p2a: Gholdengo|0 par
|faint|p2a: Gholdengo
|
|-weather|none
|upkeep
|
|t:|1779660011
|switch|p2a: Garganacl|Garganacl, M|100/100
|turn|9
|
|t:|1779660015
|switch|p1a: Blissey|Blissey, F|74/100
|-damage|p1a: Blissey|61/100|[from] Spikes|[of] p2: Ting-Lu
|move|p2a: Garganacl|Salt Cure|p1a: Blissey
|-damage|p1a: Blissey|48/100
|-start|p1a: Blissey|Salt Cure
|
|-damage|p1a: Blissey|35/100|[from] Salt Cure|[of] p2a: Garganacl
|upkeep
|turn|10
|
|t:|1779660019
|move|p1a: Blissey|Rain Dance|p1a: Blissey
|-weather|Rain Dance
|move|p2a: Garganacl|Salt Cure|p1a: Blissey
|-damage|p1a: Blissey|23/100
|
|-weather|Rain Dance|[upkeep]
|-damage|p1a: Blissey|10/100|[from] Salt Cure|[of] p2a: Garganacl
|upkeep
|turn|11
|
|t:|1779660022
|move|p2a: Garganacl|Protect|p2a: Garganacl
|-singleturn|p2a: Garganacl|Protect
|move|p1a: Blissey|Thunder|p2a: Garganacl
|-activate|p2a: Garganacl|move: Protect
|
|-weather|Rain Dance|[upkeep]
|-damage|p1a: Blissey|0|[from] Salt Cure|[of] p2a: Garganacl
|faint|p1a: Blissey
|upkeep
|
|t:|1779660026
|switch|p1a: Zapdos|Zapdos|100/100
|-ability|p1a: Zapdos|Pressure
|turn|12
|
|t:|1779660032
|move|p1a: Zapdos|Thunder|p2a: Garganacl
|-damage|p2a: Garganacl|39/100
|move|p2a: Garganacl|Stealth Rock|p1a: Zapdos
|-sidestart|p1: A05236|move: Stealth Rock
|
|-weather|Rain Dance|[upkeep]
|-heal|p2a: Garganacl|45/100|[from] item: Leftovers
|upkeep
|turn|13
|
|t:|1779660036
|move|p2a: Garganacl|Protect|p2a: Garganacl
|-singleturn|p2a: Garganacl|Protect
|move|p1a: Zapdos|Thunder|p2a: Garganacl
|-activate|p2a: Garganacl|move: Protect
|
|-weather|Rain Dance|[upkeep]
|-heal|p2a: Garganacl|51/100|[from] item: Leftovers
|upkeep
|turn|14
|
|t:|1779660038
|move|p1a: Zapdos|Thunder|p2a: Garganacl
|-damage|p2a: Garganacl|0
|faint|p2a: Garganacl
|
|-weather|Rain Dance|[upkeep]
|upkeep
|
|t:|1779660038
|switch|p2a: Deoxys|Deoxys-Speed|100/100
|-ability|p2a: Deoxys|Pressure
|turn|15
|
|t:|1779660053
|move|p2a: Deoxys|Psycho Boost|p1a: Zapdos
|-damage|p1a: Zapdos|40/100
|-unboost|p2a: Deoxys|spa|2
|move|p1a: Zapdos|Thunder|p2a: Deoxys
|-damage|p2a: Deoxys|0
|faint|p2a: Deoxys
|
|-weather|Rain Dance|[upkeep]
|upkeep
|
|t:|1779660053
|switch|p2a: Ogerpon|Ogerpon, F|100/100
|turn|16
|
|t:|1779660066
|move|p2a: Ogerpon|Encore|p1a: Zapdos
|-start|p1a: Zapdos|Encore
|move|p1a: Zapdos|Thunder|p2a: Ogerpon
|-resisted|p2a: Ogerpon
|-damage|p2a: Ogerpon|60/100
|
|-weather|Rain Dance|[upkeep]
|upkeep
|turn|17
|
|t:|1779660069
|move|p2a: Ogerpon|Encore||[still]
|-fail|p2a: Ogerpon
|move|p1a: Zapdos|Thunder|p2a: Ogerpon
|-resisted|p2a: Ogerpon
|-damage|p2a: Ogerpon|22/100
|
|-weather|none
|upkeep
|turn|18
|
|t:|1779660073
|move|p2a: Ogerpon|Encore||[still]
|-fail|p2a: Ogerpon
|move|p1a: Zapdos|Thunder|p2a: Ogerpon|[miss]
|-miss|p1a: Zapdos|p2a: Ogerpon
|
|-end|p1a: Zapdos|Encore
|upkeep
|turn|19
|c|☆Abyssal Bot|I had warned you about hax!! HAHAHA
|
|t:|1779660077
|switch|p1a: Torkoal|Torkoal, F|100/100
|-weather|Sunny Day|[from] ability: Drought|[of] p1a: Torkoal
|move|p2a: Ogerpon|Encore||[still]
|-fail|p2a: Ogerpon
|
|-weather|Sunny Day|[upkeep]
|upkeep
|turn|20
|
|t:|1779660081
|move|p2a: Ogerpon|Ivy Cudgel|p1a: Torkoal
|-resisted|p1a: Torkoal
|-damage|p1a: Torkoal|87/100
|move|p1a: Torkoal|Lava Plume|p2a: Ogerpon
|-supereffective|p2a: Ogerpon
|-damage|p2a: Ogerpon|0
|faint|p2a: Ogerpon
|
|win|A05236
|c|☆Abyssal Bot|Oh, I lost. Good Game.
|l|☆Abyssal Bot
|player|p2|
|l|*Turbo Bottttt
