|j|☆Spongenoodles
|j|☆YumeKasumi76
|t:|1779691199
|gametype|singles
|player|p1|Spongenoodles|red|1355
|player|p2|YumeKasumi76|101|1328
|gen|9
|tier|[Gen 9] OU
|rated|
|rule|HP Percentage Mod: HP is shown in percentages
|rule|Endless Battle Clause: Forcing endless battles is banned
|rule|Species Clause: Limit one of each Pokémon
|rule|OHKO Clause: OHKO moves are banned
|rule|Evasion Items Clause: Evasion items are banned
|rule|Evasion Moves Clause: Evasion moves are banned
|rule|Evasion Abilities Clause: Evasion abilities are banned
|rule|Sleep Moves Clause: Sleep-inducing moves are banned
|clearpoke
|poke|p1|Alomomola, M|
|poke|p1|Torkoal, M|
|poke|p1|Walking Wake|
|poke|p1|Corviknight, M|
|poke|p1|Hatterene, F|
|poke|p1|Great Tusk|
|poke|p2|Dragapult, M|
|poke|p2|Bisharp, F|
|poke|p2|Glimmora, F|
|poke|p2|Entei|
|poke|p2|Braviary-Hisui, M|
|poke|p2|Cloyster, F|
|teampreview
|inactive|Battle timer is ON: inactive players will automatically lose when time's up. (requested by YumeKasumi76)
|
|t:|1779691208
|teamsize|p1|6
|teamsize|p2|6
|start
|switch|p1a: Alomomola|Alomomola, M|100/100
|switch|p2a: Hikari|Glimmora, F|100/100
|turn|1
|
|t:|1779691216
|move|p2a: Hikari|Mortal Spin|p1a: Alomomola
|-crit|p1a: Alomomola
|-damage|p1a: Alomomola|94/100
|-status|p1a: Alomomola|psn
|move|p1a: Alomomola|Scald|p2a: Hikari
|-supereffective|p2a: Hikari
|-damage|p2a: Hikari|61/100
|-status|p2a: Hikari|brn
|
|-damage|p1a: Alomomola|81/100 psn|[from] psn
|-damage|p2a: Hikari|55/100 brn|[from] brn
|upkeep
|turn|2
|
|t:|1779691220
|move|p2a: Hikari|Meteor Beam||[still]
|-prepare|p2a: Hikari|Meteor Beam
|-boost|p2a: Hikari|spa|1
|-enditem|p2a: Hikari|Power Herb
|-anim|p2a: Hikari|Meteor Beam|p1a: Alomomola
|-damage|p1a: Alomomola|36/100 psn
|move|p1a: Alomomola|Scald|p2a: Hikari
|-supereffective|p2a: Hikari
|-damage|p2a: Hikari|19/100 brn
|
|-damage|p1a: Alomomola|24/100 psn|[from] psn
|-damage|p2a: Hikari|13/100 brn|[from] brn
|upkeep
|turn|3
|
|t:|1779691239
|switch|p1a: Walking Wake|Walking Wake|100/100
|move|p2a: Hikari|Meteor Beam||[still]
|-prepare|p2a: Hikari|Meteor Beam
|-boost|p2a: Hikari|spa|1
|
|-damage|p2a: Hikari|7/100 brn|[from] brn
|upkeep
|turn|4
|
|t:|1779691247
|move|p1a: Walking Wake|Flamethrower|p2a: Hikari
|-resisted|p2a: Hikari
|-damage|p2a: Hikari|0 fnt
|faint|p2a: Hikari
|
|upkeep
|
|t:|1779691249
|switch|p2a: Railgun|Dragapult, M|100/100
|turn|5
|
|t:|1779691256
|-end|p1a: Walking Wake|Protosynthesis|[silent]
|switch|p1a: Hatterene|Hatterene, F|100/100
|move|p2a: Railgun|Light Screen|p2a: Railgun
|-sidestart|p2: YumeKasumi76|move: Light Screen
|
|upkeep
|turn|6
|
|t:|1779691261
|switch|p2a: Bellator|Bisharp, F, shiny|100/100
|move|p1a: Hatterene|Nuzzle|p2a: Bellator
|-damage|p2a: Bellator|97/100
|-status|p2a: Bellator|par
|
|upkeep
|turn|7
|
|t:|1779691265
|cant|p2a: Bellator|par
|move|p1a: Hatterene|Mystical Fire|p2a: Bellator
|-supereffective|p2a: Bellator
|-damage|p2a: Bellator|78/100 par
|-unboost|p2a: Bellator|spa|1
|-ability|p2a: Bellator|Defiant|boost
|-boost|p2a: Bellator|atk|2
|
|upkeep
|turn|8
|
|t:|1779691270
|switch|p1a: Torkoal|Torkoal, M|100/100
|-weather|SunnyDay|[from] ability: Drought|[of] p1a: Torkoal
|move|p2a: Bellator|Swords Dance|p2a: Bellator
|-boost|p2a: Bellator|atk|2
|
|-weather|SunnyDay|[upkeep]
|upkeep
|turn|9
|
|t:|1779691277
|move|p2a: Bellator|Sucker Punch|p1a: Torkoal
|-damage|p1a: Torkoal|25/100
|move|p1a: Torkoal|Body Press|p2a: Bellator
|-supereffective|p2a: Bellator
|-damage|p2a: Bellator|10/100 par
|
|-weather|SunnyDay|[upkeep]
|upkeep
|turn|10
|
|t:|1779691287
|switch|p1a: Great Tusk|Great Tusk|100/100
|-activate|p1a: Great Tusk|ability: Protosynthesis
|-start|p1a: Great Tusk|protosynthesisatk
|cant|p2a: Bellator|par
|
|-weather|SunnyDay|[upkeep]
|upkeep
|turn|11
|
|t:|1779691293
|switch|p2a: Railgun|Dragapult, M|100/100
|move|p1a: Great Tusk|Temper Flare|p2a: Railgun
|-resisted|p2a: Railgun
|-damage|p2a: Railgun|71/100
|
|-weather|SunnyDay|[upkeep]
|upkeep
|turn|12
|
|t:|1779691300
|move|p2a: Railgun|Reflect|p2a: Railgun
|-sidestart|p2: YumeKasumi76|Reflect
|move|p1a: Great Tusk|Ice Spinner|p2a: Railgun
|-supereffective|p2a: Railgun
|-damage|p2a: Railgun|25/100
|
|-weather|SunnyDay|[upkeep]
|-sideend|p2: YumeKasumi76|move: Light Screen
|upkeep
|turn|13
|
|t:|1779691305
|move|p2a: Railgun|Light Screen|p2a: Railgun
|-sidestart|p2: YumeKasumi76|move: Light Screen
|move|p1a: Great Tusk|Ice Spinner|p2a: Railgun
|-supereffective|p2a: Railgun
|-damage|p2a: Railgun|0 fnt
|faint|p2a: Railgun
|
|-weather|SunnyDay|[upkeep]
|upkeep
|
|t:|1779691307
|switch|p2a: Shellussy|Cloyster, F|100/100
|turn|14
|
|t:|1779691319
|-end|p1a: Great Tusk|Protosynthesis|[silent]
|switch|p1a: Corviknight|Corviknight, M|100/100
|-ability|p1a: Corviknight|Pressure
|move|p2a: Shellussy|Shell Smash|p2a: Shellussy
|-unboost|p2a: Shellussy|def|1
|-unboost|p2a: Shellussy|spd|1
|-boost|p2a: Shellussy|atk|2
|-boost|p2a: Shellussy|spa|2
|-boost|p2a: Shellussy|spe|2
|-enditem|p2a: Shellussy|White Herb
|-clearnegativeboost|p2a: Shellussy|[silent]
|
|-weather|SunnyDay|[upkeep]
|upkeep
|turn|15
|
|t:|1779691322
|move|p2a: Shellussy|Shell Smash|p2a: Shellussy
|-unboost|p2a: Shellussy|def|1
|-unboost|p2a: Shellussy|spd|1
|-boost|p2a: Shellussy|atk|2
|-boost|p2a: Shellussy|spa|2
|-boost|p2a: Shellussy|spe|2
|move|p1a: Corviknight|Defog|p2a: Shellussy
|-unboost|p2a: Shellussy|evasion|1
|-sideend|p2: YumeKasumi76|Reflect
|-sideend|p2: YumeKasumi76|move: Light Screen
|
|-weather|none
|upkeep
|turn|16
|
|t:|1779691325
|move|p2a: Shellussy|Icicle Spear|p1a: Corviknight
|-damage|p1a: Corviknight|81/100
|-damage|p1a: Corviknight|59/100
|-damage|p1a: Corviknight|39/100
|-damage|p1a: Corviknight|17/100
|-damage|p1a: Corviknight|0 fnt
|faint|p1a: Corviknight
|-hitcount|p1: Corviknight|5
|
|upkeep
|
|t:|1779691330
|switch|p1a: Torkoal|Torkoal, M|25/100
|-weather|SunnyDay|[from] ability: Drought|[of] p1a: Torkoal
|turn|17
|
|t:|1779691333
|move|p2a: Shellussy|Icicle Spear|p1a: Torkoal
|-resisted|p1a: Torkoal
|-damage|p1a: Torkoal|12/100
|-resisted|p1a: Torkoal
|-damage|p1a: Torkoal|0 fnt
|faint|p1a: Torkoal
|-hitcount|p1: Torkoal|2
|
|-weather|SunnyDay|[upkeep]
|upkeep
|
|t:|1779691341
|switch|p1a: Great Tusk|Great Tusk|100/100
|-activate|p1a: Great Tusk|ability: Protosynthesis
|-start|p1a: Great Tusk|protosynthesisatk
|turn|18
|
|t:|1779691349
|-terastallize|p1a: Great Tusk|Ice
|move|p2a: Shellussy|Icicle Spear|p1a: Great Tusk
|-resisted|p1a: Great Tusk
|-damage|p1a: Great Tusk|88/100
|-resisted|p1a: Great Tusk
|-damage|p1a: Great Tusk|75/100
|-resisted|p1a: Great Tusk
|-damage|p1a: Great Tusk|64/100
|-resisted|p1a: Great Tusk
|-damage|p1a: Great Tusk|51/100
|-resisted|p1a: Great Tusk
|-damage|p1a: Great Tusk|39/100
|-hitcount|p1a: Great Tusk|5
|move|p1a: Great Tusk|Temper Flare|p2a: Shellussy
|-damage|p2a: Shellussy|34/100
|
|-weather|SunnyDay|[upkeep]
|upkeep
|turn|19
|
|t:|1779691355
|move|p2a: Shellussy|Icicle Spear|p1a: Great Tusk
|-resisted|p1a: Great Tusk
|-damage|p1a: Great Tusk|27/100
|-resisted|p1a: Great Tusk
|-damage|p1a: Great Tusk|14/100
|-resisted|p1a: Great Tusk
|-damage|p1a: Great Tusk|2/100
|-resisted|p1a: Great Tusk
|-damage|p1a: Great Tusk|0 fnt
|faint|p1a: Great Tusk
|-end|p1a: Great Tusk|Protosynthesis|[silent]
|-hitcount|p1: Great Tusk|4
|
|-weather|SunnyDay|[upkeep]
|upkeep
|
|t:|1779691357
|switch|p1a: Walking Wake|Walking Wake|100/100
|-activate|p1a: Walking Wake|ability: Protosynthesis
|-start|p1a: Walking Wake|protosynthesisspa
|turn|20
|
|t:|1779691361
|move|p2a: Shellussy|Icicle Spear|p1a: Walking Wake
|-damage|p1a: Walking Wake|60/100
|-damage|p1a: Walking Wake|25/100
|-damage|p1a: Walking Wake|0 fnt
|faint|p1a: Walking Wake
|-end|p1a: Walking Wake|Protosynthesis|[silent]
|-hitcount|p1: Walking Wake|3
|
|-weather|SunnyDay|[upkeep]
|upkeep
|
|t:|1779691363
|switch|p1a: Hatterene|Hatterene, F|100/100
|turn|21
|
|t:|1779691365
|move|p2a: Shellussy|Icicle Spear|p1a: Hatterene
|-damage|p1a: Hatterene|65/100
|-damage|p1a: Hatterene|24/100
|-damage|p1a: Hatterene|0 fnt
|faint|p1a: Hatterene
|-hitcount|p1: Hatterene|3
|
|-weather|SunnyDay|[upkeep]
|upkeep
|-message|Spongenoodles forfeited.
|
|win|YumeKasumi76
|raw|Spongenoodles's rating: 1355 &rarr; <strong>1333</strong><br />(-22 for losing)
|raw|YumeKasumi76's rating: 1328 &rarr; <strong>1350</strong><br />(+22 for winning)
|l|☆Spongenoodles
|player|p1|
|l|☆YumeKasumi76
|player|p2|
