|j|☆PikachuRTM
|j|☆thegreatestnone
|t:|1779556485
|gametype|singles
|player|p1|PikachuRTM|lance|1460
|player|p2|thegreatestnone|170|1508
|gen|9
|tier|[Gen 9] OU
|rated|
|rule|HP Percentage Mod: HP is shown in percentages
|rule|Endless Battle Clause: Forcing endless battles is banned
|rule|Species Clause: Limit one of each Pokémon
|rule|OHKO Clause: OHKO moves are banned
|rule|Evasion Items Clause: Evasion items are banned
|rule|Evasion Moves Clause: Evasion moves are banned
|rule|Evasion Abilities Clause: Evasion abilities are banned
|rule|Sleep Moves Clause: Sleep-inducing moves are banned
|clearpoke
|poke|p1|Pikachu, M|
|poke|p1|Dragapult, M|
|poke|p1|Samurott-Hisui, M|
|poke|p1|Weezing-Galar, M|
|poke|p1|Corviknight, M|
|poke|p1|Landorus-Therian, M|
|poke|p2|Politoed, F|
|poke|p2|Crawdaunt, M|
|poke|p2|Pelipper, F|
|poke|p2|Iron Valiant|
|poke|p2|Azumarill, F|
|poke|p2|Regieleki|
|teampreview
|
|t:|1779556496
|teamsize|p1|6
|teamsize|p2|6
|start
|switch|p1a: The Smoke|Weezing-Galar, M|100/100
|switch|p2a: Pelipper|Pelipper, F|100/100
|-ability|p1a: The Smoke|Neutralizing Gas
|turn|1
|
|t:|1779556501
|move|p2a: Pelipper|Hydro Pump|p1a: The Smoke|[miss]
|-miss|p2a: Pelipper|p1a: The Smoke
|move|p1a: The Smoke|Sludge Bomb|p2a: Pelipper
|-damage|p2a: Pelipper|62/100
|
|upkeep
|turn|2
|inactive|Battle timer is ON: inactive players will automatically lose when time's up. (requested by PikachuRTM)
|
|t:|1779556508
|move|p2a: Pelipper|Hydro Pump|p1a: The Smoke
|-damage|p1a: The Smoke|0 fnt
|faint|p1a: The Smoke
|-end|p1a: The Smoke|ability: Neutralizing Gas
|-weather|RainDance|[from] ability: Drizzle|[of] p2a: Pelipper
|
|-weather|RainDance|[upkeep]
|upkeep
|
|t:|1779556511
|switch|p1a: Sam|Samurott-Hisui, M|100/100
|turn|3
|
|t:|1779556521
|switch|p2a: Iron Valiant|Iron Valiant|100/100
|move|p1a: Sam|Ceaseless Edge|p2a: Iron Valiant
|-resisted|p2a: Iron Valiant
|-damage|p2a: Iron Valiant|87/100
|-sidestart|p2: thegreatestnone|Spikes
|
|-weather|RainDance|[upkeep]
|upkeep
|turn|4
|
|t:|1779556527
|switch|p1a: Lando|Landorus-Therian, M|100/100
|-ability|p1a: Lando|Intimidate|boost
|-unboost|p2a: Iron Valiant|atk|1
|-terastallize|p2a: Iron Valiant|Water
|move|p2a: Iron Valiant|Liquidation|p1a: Lando
|-supereffective|p1a: Lando
|-damage|p1a: Lando|0 fnt
|faint|p1a: Lando
|
|-weather|RainDance|[upkeep]
|upkeep
|
|t:|1779556533
|switch|p1a: Liftoff|Dragapult, M, shiny|100/100
|turn|5
|
|t:|1779556538
|-end|p2a: Iron Valiant|Quark Drive|[silent]
|switch|p2a: Crawdaunt|Crawdaunt, M|100/100
|-damage|p2a: Crawdaunt|88/100|[from] Spikes
|move|p1a: Liftoff|Dragon Darts|p2a: Crawdaunt
|-crit|p2a: Crawdaunt
|-damage|p2a: Crawdaunt|42/100
|-anim|p1a: Liftoff|Dragon Darts|p2a: Crawdaunt
|-damage|p2a: Crawdaunt|10/100
|-damage|p1a: Liftoff|91/100|[from] item: Life Orb
|
|-weather|RainDance|[upkeep]
|upkeep
|turn|6
|
|t:|1779556540
|move|p2a: Crawdaunt|Aqua Jet|p1a: Liftoff
|-resisted|p1a: Liftoff
|-damage|p1a: Liftoff|48/100
|move|p1a: Liftoff|Dragon Darts|p2a: Crawdaunt
|-damage|p2a: Crawdaunt|0 fnt
|faint|p2a: Crawdaunt
|-damage|p1a: Liftoff|38/100|[from] item: Life Orb
|
|-weather|none
|upkeep
|
|t:|1779556545
|switch|p2a: Pelipper|Pelipper, F|62/100
|-weather|RainDance|[from] ability: Drizzle|[of] p2a: Pelipper
|turn|7
|
|t:|1779556552
|switch|p2a: Azumarill|Azumarill, F|100/100
|-damage|p2a: Azumarill|88/100|[from] Spikes
|move|p1a: Liftoff|Dragon Darts|p2a: Azumarill
|-immune|p2a: Azumarill
|
|-weather|RainDance|[upkeep]
|upkeep
|turn|8
|
|t:|1779556556
|move|p1a: Liftoff|Shadow Ball|p2a: Azumarill
|-damage|p2a: Azumarill|42/100
|-enditem|p2a: Azumarill|Sitrus Berry|[eat]
|-heal|p2a: Azumarill|67/100|[from] item: Sitrus Berry
|-damage|p1a: Liftoff|28/100|[from] item: Life Orb
|move|p2a: Azumarill|Belly Drum|p2a: Azumarill
|-damage|p2a: Azumarill|17/100
|-setboost|p2a: Azumarill|atk|6|[from] move: Belly Drum
|
|-weather|RainDance|[upkeep]
|upkeep
|turn|9
|
|t:|1779556561
|move|p2a: Azumarill|Aqua Jet|p1a: Liftoff
|-resisted|p1a: Liftoff
|-damage|p1a: Liftoff|0 fnt
|faint|p1a: Liftoff
|
|-weather|RainDance|[upkeep]
|upkeep
|
|t:|1779556564
|switch|p1a: Sam|Samurott-Hisui, M|100/100
|turn|10
|
|t:|1779556567
|move|p2a: Azumarill|Aqua Jet|p1a: Sam
|-resisted|p1a: Sam
|-damage|p1a: Sam|15/100
|move|p1a: Sam|Ceaseless Edge|p2a: Azumarill
|-resisted|p2a: Azumarill
|-damage|p2a: Azumarill|0 fnt
|-sidestart|p2: thegreatestnone|Spikes
|faint|p2a: Azumarill
|
|-weather|RainDance|[upkeep]
|upkeep
|
|t:|1779556574
|switch|p2a: Iron Valiant|Iron Valiant, tera:Water|87/100
|-damage|p2a: Iron Valiant|70/100|[from] Spikes
|turn|11
|
|t:|1779556578
|move|p1a: Sam|Sucker Punch|p2a: Iron Valiant
|-crit|p2a: Iron Valiant
|-damage|p2a: Iron Valiant|8/100
|move|p2a: Iron Valiant|Liquidation|p1a: Sam
|-resisted|p1a: Sam
|-damage|p1a: Sam|0 fnt
|faint|p1a: Sam
|
|-weather|none
|upkeep
|
|t:|1779556581
|switch|p1a: Aegir|Corviknight, M|100/100
|-ability|p1a: Aegir|Pressure
|turn|12
|
|t:|1779556587
|move|p2a: Iron Valiant|Liquidation|p1a: Aegir
|-damage|p1a: Aegir|38/100
|-unboost|p1a: Aegir|def|1
|move|p1a: Aegir|Agility|p1a: Aegir
|-boost|p1a: Aegir|spe|2
|
|-heal|p1a: Aegir|44/100|[from] item: Leftovers
|upkeep
|turn|13
|
|t:|1779556601
|move|p1a: Aegir|Power Trip|p2a: Iron Valiant
|-damage|p2a: Iron Valiant|0 fnt
|faint|p2a: Iron Valiant
|-end|p2a: Iron Valiant|Quark Drive|[silent]
|
|-heal|p1a: Aegir|50/100|[from] item: Leftovers
|upkeep
|
|t:|1779556605
|switch|p2a: Politoed|Politoed, F|100/100
|-damage|p2a: Politoed|84/100|[from] Spikes
|-weather|RainDance|[from] ability: Drizzle|[of] p2a: Politoed
|turn|14
|
|t:|1779556608
|move|p1a: Aegir|Roost|p1a: Aegir
|-heal|p1a: Aegir|99/100
|-singleturn|p1a: Aegir|move: Roost
|move|p2a: Politoed|Surf|p1a: Aegir
|-damage|p1a: Aegir|60/100
|
|-weather|RainDance|[upkeep]
|-heal|p1a: Aegir|66/100|[from] item: Leftovers
|upkeep
|turn|15
|
|t:|1779556614
|move|p1a: Aegir|Bulk Up|p1a: Aegir
|-boost|p1a: Aegir|atk|1
|-boost|p1a: Aegir|def|1
|move|p2a: Politoed|Encore|p1a: Aegir
|-start|p1a: Aegir|Encore
|
|-weather|RainDance|[upkeep]
|-heal|p1a: Aegir|72/100|[from] item: Leftovers
|upkeep
|turn|16
|
|t:|1779556617
|move|p1a: Aegir|Bulk Up|p1a: Aegir
|-boost|p1a: Aegir|atk|1
|-boost|p1a: Aegir|def|1
|move|p2a: Politoed|Surf|p1a: Aegir
|-damage|p1a: Aegir|36/100
|
|-weather|RainDance|[upkeep]
|-heal|p1a: Aegir|42/100|[from] item: Leftovers
|upkeep
|turn|17
|
|t:|1779556619
|move|p1a: Aegir|Bulk Up|p1a: Aegir
|-boost|p1a: Aegir|atk|1
|-boost|p1a: Aegir|def|1
|move|p2a: Politoed|Surf|p1a: Aegir
|-damage|p1a: Aegir|7/100
|
|-weather|RainDance|[upkeep]
|-heal|p1a: Aegir|13/100|[from] item: Leftovers
|upkeep
|turn|18
|
|t:|1779556621
|move|p1a: Aegir|Bulk Up|p1a: Aegir
|-boost|p1a: Aegir|atk|1
|-boost|p1a: Aegir|def|1
|move|p2a: Politoed|Surf|p1a: Aegir
|-damage|p1a: Aegir|0 fnt
|faint|p1a: Aegir
|
|-weather|RainDance|[upkeep]
|upkeep
|
|t:|1779556623
|switch|p1a: Derrick|Pikachu, M|100/100
|turn|19
|
|t:|1779556626
|move|p1a: Derrick|Thunderbolt|p2a: Politoed
|-supereffective|p2a: Politoed
|-damage|p2a: Politoed|12/100
|move|p2a: Politoed|Surf|p1a: Derrick
|-damage|p1a: Derrick|0 fnt
|faint|p1a: Derrick
|
|win|thegreatestnone
|raw|PikachuRTM's rating: 1460 &rarr; <strong>1443</strong><br />(-17 for losing)
|raw|thegreatestnone's rating: 1508 &rarr; <strong>1525</strong><br />(+17 for winning)
|l|☆PikachuRTM
|player|p1|
|l|☆thegreatestnone
|player|p2|
