|j|☆wuxinshushu1
|j|☆BiggieChed66
|t:|1779681722
|gametype|singles
|player|p1|wuxinshushu1|hiker-gen4|1404
|player|p2|BiggieChed66|ghetsis-gen5bw|1381
|gen|9
|tier|[Gen 9] OU
|rated|
|rule|HP Percentage Mod: HP is shown in percentages
|rule|Endless Battle Clause: Forcing endless battles is banned
|rule|Species Clause: Limit one of each Pokémon
|rule|OHKO Clause: OHKO moves are banned
|rule|Evasion Items Clause: Evasion items are banned
|rule|Evasion Moves Clause: Evasion moves are banned
|rule|Evasion Abilities Clause: Evasion abilities are banned
|rule|Sleep Moves Clause: Sleep-inducing moves are banned
|clearpoke
|poke|p1|Corviknight, M|
|poke|p1|Clodsire, M|
|poke|p1|Alomomola, F|
|poke|p1|Sinistcha-Masterpiece|
|poke|p1|Gliscor, F|
|poke|p1|Blissey, F|
|poke|p2|Gholdengo|
|poke|p2|Gliscor, F|
|poke|p2|Iron Moth|
|poke|p2|Ogerpon-Wellspring, F|
|poke|p2|Zapdos|
|poke|p2|Clodsire, M|
|teampreview
|inactive|Battle timer is ON: inactive players will automatically lose when time's up. (requested by BiggieChed66)
|
|t:|1779681733
|teamsize|p1|6
|teamsize|p2|6
|start
|switch|p1a: Gliscor|Gliscor, F|100/100
|switch|p2a: Clodsire|Clodsire, M, shiny|100/100
|turn|1
|
|t:|1779681741
|move|p1a: Gliscor|Taunt|p2a: Clodsire
|-start|p2a: Clodsire|move: Taunt
|cant|p2a: Clodsire|move: Taunt|Stealth Rock
|
|-status|p1a: Gliscor|tox|[from] item: Toxic Orb
|upkeep
|turn|2
|
|t:|1779681749
|switch|p2a: Ogerpon|Ogerpon-Wellspring, F|100/100
|move|p1a: Gliscor|Knock Off|p2a: Ogerpon
|-damage|p2a: Ogerpon|81/100
|
|upkeep
|turn|3
|
|t:|1779681756
|move|p2a: Ogerpon|Swords Dance|p2a: Ogerpon
|-boost|p2a: Ogerpon|atk|2
|move|p1a: Gliscor|Toxic|p2a: Ogerpon
|-status|p2a: Ogerpon|tox
|
|-damage|p2a: Ogerpon|75/100 tox|[from] psn
|upkeep
|turn|4
|
|t:|1779681766
|switch|p1a: Sinistcha|Sinistcha-Masterpiece|100/100
|move|p2a: Ogerpon|Ivy Cudgel|p1a: Sinistcha|[anim] Ivy Cudgel Water
|-resisted|p1a: Sinistcha
|-damage|p1a: Sinistcha|59/100
|
|-heal|p1a: Sinistcha|66/100|[from] item: Leftovers
|-damage|p2a: Ogerpon|63/100 tox|[from] psn
|upkeep
|turn|5
|
|t:|1779681776
|move|p2a: Ogerpon|Knock Off|p1a: Sinistcha
|-supereffective|p1a: Sinistcha
|-damage|p1a: Sinistcha|0 fnt
|-enditem|p1a: Sinistcha|Leftovers|[from] move: Knock Off|[of] p2a: Ogerpon
|faint|p1a: Sinistcha
|
|-damage|p2a: Ogerpon|45/100 tox|[from] psn
|upkeep
|
|t:|1779681785
|switch|p1a: Alomomola|Alomomola, F|100/100
|turn|6
|
|t:|1779681789
|move|p1a: Alomomola|Protect|p1a: Alomomola
|-singleturn|p1a: Alomomola|Protect
|move|p2a: Ogerpon|Horn Leech|p1a: Alomomola
|-activate|p1a: Alomomola|move: Protect
|
|-damage|p2a: Ogerpon|21/100 tox|[from] psn
|upkeep
|turn|7
|
|t:|1779681801
|switch|p1a: Corviknight|Corviknight, M|100/100
|-ability|p1a: Corviknight|Pressure
|move|p2a: Ogerpon|Ivy Cudgel|p1a: Corviknight|[anim] Ivy Cudgel Water
|-crit|p1a: Corviknight
|-damage|p1a: Corviknight|1/100
|
|-heal|p1a: Corviknight|8/100|[from] item: Leftovers
|-damage|p2a: Ogerpon|0 fnt|[from] psn
|faint|p2a: Ogerpon
|upkeep
|
|t:|1779681812
|switch|p2a: Zapdos|Zapdos, shiny|100/100
|turn|8
|
|t:|1779681819
|switch|p1a: Gliscor|Gliscor, F|100/100 tox
|move|p2a: Zapdos|Hurricane|p1a: Gliscor|[miss]
|-miss|p2a: Zapdos|p1a: Gliscor
|
|upkeep
|turn|9
|
|t:|1779681829
|switch|p2a: Iron Moth|Iron Moth|100/100
|-enditem|p2a: Iron Moth|Booster Energy
|-activate|p2a: Iron Moth|ability: Quark Drive|[fromitem]
|-start|p2a: Iron Moth|quarkdrivespe
|move|p1a: Gliscor|Knock Off|p2a: Iron Moth
|-damage|p2a: Iron Moth|80/100
|
|upkeep
|turn|10
|
|t:|1779681843
|switch|p1a: Clodsire|Clodsire, M|100/100
|-terastallize|p2a: Iron Moth|Fairy
|move|p2a: Iron Moth|Substitute|p2a: Iron Moth
|-start|p2a: Iron Moth|Substitute
|-damage|p2a: Iron Moth|55/100
|
|upkeep
|turn|11
|
|t:|1779681857
|move|p2a: Iron Moth|Fiery Dance|p1a: Clodsire
|-damage|p1a: Clodsire|78/100
|-boost|p2a: Iron Moth|spa|1
|move|p1a: Clodsire|Spikes|p2a: Iron Moth
|-sidestart|p2: BiggieChed66|Spikes
|
|-heal|p1a: Clodsire|84/100|[from] item: Leftovers
|upkeep
|turn|12
|
|t:|1779681868
|move|p2a: Iron Moth|Fiery Dance|p1a: Clodsire
|-damage|p1a: Clodsire|63/100
|move|p1a: Clodsire|Poison Jab|p2a: Iron Moth
|-supereffective|p2a: Iron Moth
|-end|p2a: Iron Moth|Substitute
|
|-heal|p1a: Clodsire|69/100|[from] item: Leftovers
|upkeep
|turn|13
|
|t:|1779681879
|move|p2a: Iron Moth|Fiery Dance|p1a: Clodsire
|-damage|p1a: Clodsire|47/100
|move|p1a: Clodsire|Spikes|p2a: Iron Moth
|-sidestart|p2: BiggieChed66|Spikes
|
|-heal|p1a: Clodsire|53/100|[from] item: Leftovers
|upkeep
|turn|14
|
|t:|1779681887
|move|p2a: Iron Moth|Fiery Dance|p1a: Clodsire
|-damage|p1a: Clodsire|32/100
|-boost|p2a: Iron Moth|spa|1
|move|p1a: Clodsire|Recover|p1a: Clodsire
|-heal|p1a: Clodsire|82/100
|
|-heal|p1a: Clodsire|88/100|[from] item: Leftovers
|upkeep
|turn|15
|
|t:|1779681897
|move|p2a: Iron Moth|Fiery Dance|p1a: Clodsire
|-damage|p1a: Clodsire|68/100
|move|p1a: Clodsire|Poison Jab|p2a: Iron Moth
|-supereffective|p2a: Iron Moth
|-damage|p2a: Iron Moth|0 fnt
|faint|p2a: Iron Moth
|-end|p2a: Iron Moth|Quark Drive|[silent]
|
|-heal|p1a: Clodsire|75/100|[from] item: Leftovers
|upkeep
|
|t:|1779681902
|switch|p2a: Clodsire|Clodsire, M, shiny|100/100
|turn|16
|
|t:|1779681915
|switch|p1a: Corviknight|Corviknight, M|8/100
|-ability|p1a: Corviknight|Pressure
|move|p2a: Clodsire|Stealth Rock|p1a: Corviknight
|-sidestart|p1: wuxinshushu1|move: Stealth Rock
|
|-heal|p1a: Corviknight|14/100|[from] item: Leftovers
|upkeep
|turn|17
|
|t:|1779681925
|switch|p2a: Zapdos|Zapdos, shiny|100/100
|move|p1a: Corviknight|Roost|p1a: Corviknight
|-heal|p1a: Corviknight|64/100
|-singleturn|p1a: Corviknight|move: Roost
|
|-heal|p1a: Corviknight|70/100|[from] item: Leftovers
|upkeep
|turn|18
|
|t:|1779681941
|switch|p1a: Blissey|Blissey, F|100/100
|-damage|p1a: Blissey|88/100|[from] Stealth Rock
|move|p2a: Zapdos|Hurricane|p1a: Blissey
|-damage|p1a: Blissey|69/100
|
|-heal|p1a: Blissey|75/100|[from] item: Leftovers
|upkeep
|turn|19
|
|t:|1779681951
|move|p2a: Zapdos|Volt Switch|p1a: Blissey
|-damage|p1a: Blissey|63/100
|
|t:|1779681954
|switch|p2a: Gliscor|Gliscor, F|100/100|[from] Volt Switch
|move|p1a: Blissey|Stealth Rock|p2a: Gliscor
|-sidestart|p2: BiggieChed66|move: Stealth Rock
|
|-heal|p1a: Blissey|69/100|[from] item: Leftovers
|-status|p2a: Gliscor|tox|[from] item: Toxic Orb
|upkeep
|turn|20
|
|t:|1779681965
|move|p2a: Gliscor|Knock Off|p1a: Blissey
|-damage|p1a: Blissey|50/100
|-enditem|p1a: Blissey|Leftovers|[from] move: Knock Off|[of] p2a: Gliscor
|move|p1a: Blissey|Soft-Boiled|p1a: Blissey
|-heal|p1a: Blissey|99/100
|
|upkeep
|turn|21
|
|t:|1779681972
|switch|p1a: Gliscor|Gliscor, F|100/100 tox
|-damage|p1a: Gliscor|88/100 tox|[from] Stealth Rock
|move|p2a: Gliscor|Toxic|p1a: Gliscor
|-fail|p1a: Gliscor|tox
|
|-heal|p1a: Gliscor|100/100 tox|[from] ability: Poison Heal
|upkeep
|turn|22
|
|t:|1779681983
|move|p1a: Gliscor|Taunt|p2a: Gliscor
|-start|p2a: Gliscor|move: Taunt
|move|p2a: Gliscor|Knock Off|p1a: Gliscor
|-damage|p1a: Gliscor|85/100 tox
|-enditem|p1a: Gliscor|Toxic Orb|[from] move: Knock Off|[of] p2a: Gliscor
|
|-heal|p1a: Gliscor|97/100 tox|[from] ability: Poison Heal
|upkeep
|turn|23
|
|t:|1779681997
|switch|p2a: Zapdos|Zapdos, shiny|100/100
|move|p1a: Gliscor|Knock Off|p2a: Zapdos
|-damage|p2a: Zapdos|73/100
|-enditem|p2a: Zapdos|Heavy-Duty Boots|[from] move: Knock Off|[of] p1a: Gliscor
|
|-heal|p1a: Gliscor|100/100 tox|[from] ability: Poison Heal
|upkeep
|turn|24
|
|t:|1779682006
|move|p2a: Zapdos|Hurricane|p1a: Gliscor|[miss]
|-miss|p2a: Zapdos|p1a: Gliscor
|move|p1a: Gliscor|Toxic|p2a: Zapdos
|-status|p2a: Zapdos|tox
|
|-damage|p2a: Zapdos|67/100 tox|[from] psn
|upkeep
|turn|25
|
|t:|1779682016
|move|p1a: Gliscor|Protect|p1a: Gliscor
|-singleturn|p1a: Gliscor|Protect
|move|p2a: Zapdos|Hurricane|p1a: Gliscor
|-activate|p1a: Gliscor|move: Protect
|
|-damage|p2a: Zapdos|54/100 tox|[from] psn
|upkeep
|turn|26
|-message|BiggieChed66 forfeited.
|
|win|wuxinshushu1
|raw|wuxinshushu1's rating: 1404 &rarr; <strong>1423</strong><br />(+19 for winning)
|raw|BiggieChed66's rating: 1381 &rarr; <strong>1362</strong><br />(-19 for losing)
|l|☆BiggieChed66
|player|p2|
|l|☆wuxinshushu1
|player|p1|
