|inactive|Battle timer is ON: inactive players will automatically lose when time's up.
|t:|1779644741
|gametype|singles
|player|p1|clean|#wcop2026ussouth2|
|player|p2|Ainzcrad|#wcop2026netherlands2|
|gen|9
|tier|[Gen 9] OU
|rule|HP Percentage Mod: HP is shown in percentages
|rule|Endless Battle Clause: Forcing endless battles is banned
|rule|Species Clause: Limit one of each Pokémon
|rule|OHKO Clause: OHKO moves are banned
|rule|Evasion Items Clause: Evasion items are banned
|rule|Evasion Moves Clause: Evasion moves are banned
|rule|Evasion Abilities Clause: Evasion abilities are banned
|rule|Sleep Moves Clause: Sleep-inducing moves are banned
|clearpoke
|poke|p1|Samurott-Hisui, F|
|poke|p1|Great Tusk|
|poke|p1|Hatterene, F|
|poke|p1|Gholdengo|
|poke|p1|Kyurem|
|poke|p1|Dragonite, F|
|poke|p2|Ninetales, F|
|poke|p2|Great Tusk|
|poke|p2|Walking Wake|
|poke|p2|Raging Bolt|
|poke|p2|Hatterene, F|
|poke|p2|Venusaur, F|
|teampreview
|inactive|clean also wants the timer to be on.
|c|☆Ainzcrad|hfhf
|c|☆clean|u2
|inactive|clean has 270 seconds left.
|inactive|clean has 240 seconds left.
|
|t:|1779644811
|teamsize|p1|6
|teamsize|p2|6
|start
|switch|p1a: Samurott|Samurott-Hisui, F|100/100
|switch|p2a: Ninetales|Ninetales, F|100/100
|-weather|SunnyDay|[from] ability: Drought|[of] p2a: Ninetales
|turn|1
|inactive|Ainzcrad has 270 seconds left.
|
|t:|1779644850
|switch|p2a: Hatterene|Hatterene, F|100/100
|move|p1a: Samurott|Ceaseless Edge|p2a: Hatterene
|-damage|p2a: Hatterene|64/100
|-sidestart|p2: Ainzcrad|Spikes
|-enditem|p2a: Hatterene|Eject Button
|
|t:|1779644852
|switch|p2a: Walking Wake|Walking Wake|100/100
|-damage|p2a: Walking Wake|88/100|[from] Spikes
|-activate|p2a: Walking Wake|ability: Protosynthesis
|-start|p2a: Walking Wake|protosynthesisspa
|
|-weather|SunnyDay|[upkeep]
|upkeep
|turn|2
|c|+blittius|Good Luck. Clean Cuts.
|inactive|Ainzcrad has 270 seconds left.
|
|t:|1779644866
|move|p2a: Walking Wake|Dragon Pulse|p1a: Samurott
|-damage|p1a: Samurott|39/100
|move|p1a: Samurott|Ceaseless Edge|p2a: Walking Wake
|-damage|p2a: Walking Wake|45/100
|-sidestart|p2: Ainzcrad|Spikes
|
|-weather|SunnyDay|[upkeep]
|upkeep
|turn|3
|
|t:|1779644879
|-end|p2a: Walking Wake|Protosynthesis|[silent]
|switch|p2a: Venusaur|Venusaur, F|100/100
|-damage|p2a: Venusaur|84/100|[from] Spikes
|switch|p1a: Hatterene|Hatterene, F|100/100
|
|-weather|SunnyDay|[upkeep]
|upkeep
|turn|4
|inactive|clean has 270 seconds left.
|inactive|clean has 240 seconds left.
|
|t:|1779644940
|switch|p1a: Dragonite|Dragonite, F|100/100
|move|p2a: Venusaur|Sludge Bomb|p1a: Dragonite
|-damage|p1a: Dragonite|76/100
|-damage|p2a: Venusaur|74/100|[from] item: Life Orb
|
|-weather|SunnyDay|[upkeep]
|upkeep
|turn|5
|inactive|clean has 240 seconds left.
|
|t:|1779644953
|switch|p2a: Great Tusk|Great Tusk|100/100
|-damage|p2a: Great Tusk|84/100|[from] Spikes
|-activate|p2a: Great Tusk|ability: Protosynthesis
|-start|p2a: Great Tusk|protosynthesisspe
|move|p1a: Dragonite|Roost|p1a: Dragonite
|-heal|p1a: Dragonite|100/100
|-singleturn|p1a: Dragonite|move: Roost
|
|-weather|SunnyDay|[upkeep]
|upkeep
|turn|6
|
|t:|1779644958
|switch|p1a: Hatterene|Hatterene, F|100/100
|move|p2a: Great Tusk|Rapid Spin|p1a: Hatterene
|-damage|p1a: Hatterene|87/100
|-boost|p2a: Great Tusk|spe|1
|-damage|p2a: Great Tusk|67/100|[from] item: Rocky Helmet|[of] p1a: Hatterene
|-sideend|p2: Ainzcrad|Spikes|[from] move: Rapid Spin|[of] p2a: Great Tusk
|
|-weather|SunnyDay|[upkeep]
|upkeep
|turn|7
|
|t:|1779644973
|-end|p2a: Great Tusk|Protosynthesis|[silent]
|switch|p2a: Ninetales|Ninetales, F|100/100
|move|p1a: Hatterene|Psychic Noise|p2a: Ninetales
|-damage|p2a: Ninetales|68/100
|-start|p2a: Ninetales|move: Heal Block
|
|-weather|SunnyDay|[upkeep]
|upkeep
|turn|8
|
|t:|1779644982
|move|p2a: Ninetales|Weather Ball|p1a: Hatterene
|-damage|p1a: Hatterene|43/100
|move|p1a: Hatterene|Draining Kiss|p2a: Ninetales
|-resisted|p2a: Ninetales
|-damage|p2a: Ninetales|57/100
|-heal|p1a: Hatterene|53/100|[from] drain|[of] p2a: Ninetales
|
|-weather|none
|-end|p2a: Ninetales|move: Heal Block
|upkeep
|turn|9
|
|t:|1779644993
|switch|p2a: Hatterene|Hatterene, F|64/100
|move|p1a: Hatterene|Draining Kiss|p2a: Hatterene
|-damage|p2a: Hatterene|41/100
|-heal|p1a: Hatterene|71/100|[from] drain|[of] p2a: Hatterene
|
|upkeep
|turn|10
|
|t:|1779645003
|switch|p2a: Ninetales|Ninetales, F|57/100
|-weather|SunnyDay|[from] ability: Drought|[of] p2a: Ninetales
|move|p1a: Hatterene|Draining Kiss|p2a: Ninetales
|-resisted|p2a: Ninetales
|-damage|p2a: Ninetales|46/100
|-heal|p1a: Hatterene|80/100|[from] drain|[of] p2a: Ninetales
|
|-weather|SunnyDay|[upkeep]
|upkeep
|turn|11
|inactive|clean has 270 seconds left.
|
|t:|1779645017
|switch|p1a: Samurott|Samurott-Hisui, F|39/100
|move|p2a: Ninetales|Weather Ball|p1a: Samurott
|-resisted|p1a: Samurott
|-damage|p1a: Samurott|25/100
|
|-weather|SunnyDay|[upkeep]
|upkeep
|turn|12
|inactive|clean has 270 seconds left.
|
|t:|1779645032
|switch|p2a: Great Tusk|Great Tusk|67/100
|-activate|p2a: Great Tusk|ability: Protosynthesis
|-start|p2a: Great Tusk|protosynthesisspe
|move|p1a: Samurott|Flip Turn|p2a: Great Tusk
|-supereffective|p2a: Great Tusk
|-damage|p2a: Great Tusk|51/100
|-damage|p1a: Samurott|9/100|[from] item: Rocky Helmet|[of] p2a: Great Tusk
|inactive|clean has 270 seconds left.
|
|t:|1779645047
|switch|p1a: Kyurem|Kyurem|100/100|[from] Flip Turn
|-ability|p1a: Kyurem|Pressure
|
|-weather|SunnyDay|[upkeep]
|upkeep
|turn|13
|
|t:|1779645060
|-end|p2a: Great Tusk|Protosynthesis|[silent]
|switch|p2a: Hatterene|Hatterene, F|41/100
|move|p1a: Kyurem|Freeze-Dry|p2a: Hatterene
|-crit|p2a: Hatterene
|-damage|p2a: Hatterene|0 fnt
|faint|p2a: Hatterene
|
|-weather|SunnyDay|[upkeep]
|upkeep
|
|t:|1779645062
|switch|p2a: Walking Wake|Walking Wake|45/100
|-activate|p2a: Walking Wake|ability: Protosynthesis
|-start|p2a: Walking Wake|protosynthesisspa
|turn|14
|
|t:|1779645067
|switch|p1a: Samurott|Samurott-Hisui, F|9/100
|move|p2a: Walking Wake|Hydro Steam|p1a: Samurott
|-resisted|p1a: Samurott
|-damage|p1a: Samurott|0 fnt
|faint|p1a: Samurott
|
|-weather|SunnyDay|[upkeep]
|upkeep
|
|t:|1779645092
|switch|p1a: Kyurem|Kyurem|100/100
|-ability|p1a: Kyurem|Pressure
|turn|15
|
|t:|1779645107
|move|p1a: Kyurem|Freeze-Dry|p2a: Walking Wake
|-supereffective|p2a: Walking Wake
|-damage|p2a: Walking Wake|0 fnt
|faint|p2a: Walking Wake
|-end|p2a: Walking Wake|Protosynthesis|[silent]
|
|-weather|SunnyDay|[upkeep]
|upkeep
|
|t:|1779645115
|switch|p2a: Venusaur|Venusaur, F|74/100
|turn|16
|
|t:|1779645121
|move|p2a: Venusaur|Sludge Bomb|p1a: Kyurem
|-damage|p1a: Kyurem|46/100
|-status|p1a: Kyurem|psn
|-damage|p2a: Venusaur|64/100|[from] item: Life Orb
|move|p1a: Kyurem|Icicle Spear|p2a: Venusaur
|-supereffective|p2a: Venusaur
|-damage|p2a: Venusaur|34/100
|-supereffective|p2a: Venusaur
|-damage|p2a: Venusaur|7/100
|-supereffective|p2a: Venusaur
|-damage|p2a: Venusaur|0 fnt
|faint|p2a: Venusaur
|-hitcount|p2: Venusaur|3
|
|-weather|SunnyDay|[upkeep]
|-damage|p1a: Kyurem|33/100 psn|[from] psn
|upkeep
|
|t:|1779645126
|switch|p2a: Ninetales|Ninetales, F|46/100
|turn|17
|
|t:|1779645152
|switch|p1a: Hatterene|Hatterene, F|80/100
|move|p2a: Ninetales|Weather Ball|p1a: Hatterene
|-damage|p1a: Hatterene|36/100
|
|-weather|none
|upkeep
|turn|18
|
|t:|1779645164
|move|p2a: Ninetales|Healing Wish|p2a: Ninetales
|faint|p2a: Ninetales
|move|p1a: Hatterene|Psychic Noise|p2: Ninetales|[notarget]
|-fail|p1a: Hatterene
|
|upkeep
|
|t:|1779645184
|switch|p2a: Great Tusk|Great Tusk|51/100
|-heal|p2a: Great Tusk|100/100|[from] move: Healing Wish
|turn|19
|inactive|clean has 270 seconds left.
|
|t:|1779645209
|move|p2a: Great Tusk|Headlong Rush|p1a: Hatterene
|-damage|p1a: Hatterene|0 fnt
|-unboost|p2a: Great Tusk|def|1
|-unboost|p2a: Great Tusk|spd|1
|-damage|p2a: Great Tusk|84/100|[from] item: Rocky Helmet|[of] p1a: Hatterene
|faint|p1a: Hatterene
|
|upkeep
|inactive|clean has 270 seconds left.
|
|t:|1779645215
|switch|p1a: Kyurem|Kyurem|33/100 psn
|-ability|p1a: Kyurem|Pressure
|turn|20
|
|t:|1779645224
|move|p1a: Kyurem|Freeze-Dry|p2a: Great Tusk
|-supereffective|p2a: Great Tusk
|-damage|p2a: Great Tusk|0 fnt
|faint|p2a: Great Tusk
|-end|p2a: Great Tusk|Protosynthesis|[silent]
|
|-damage|p1a: Kyurem|21/100 psn|[from] psn
|upkeep
|
|t:|1779645225
|switch|p2a: Raging Bolt|Raging Bolt|100/100
|turn|21
|
|t:|1779645230
|switch|p1a: Gholdengo|Gholdengo|100/100
|move|p2a: Raging Bolt|Thunderclap||[still]
|-fail|p2a: Raging Bolt
|
|upkeep
|turn|22
|
|t:|1779645238
|move|p1a: Gholdengo|Trick|p2a: Raging Bolt
|-activate|p1a: Gholdengo|move: Trick|[of] p2a: Raging Bolt
|-item|p2a: Raging Bolt|Choice Scarf|[from] move: Trick
|-item|p1a: Gholdengo|Leftovers|[from] move: Trick
|move|p2a: Raging Bolt|Dragon Pulse|p1a: Gholdengo
|-resisted|p1a: Gholdengo
|-damage|p1a: Gholdengo|71/100
|
|-heal|p1a: Gholdengo|77/100|[from] item: Leftovers
|upkeep
|turn|23
|
|t:|1779645242
|move|p2a: Raging Bolt|Dragon Pulse|p1a: Gholdengo
|-resisted|p1a: Gholdengo
|-damage|p1a: Gholdengo|47/100
|move|p1a: Gholdengo|Shadow Ball|p2a: Raging Bolt
|-damage|p2a: Raging Bolt|59/100
|
|-heal|p1a: Gholdengo|53/100|[from] item: Leftovers
|upkeep
|turn|24
|
|t:|1779645245
|move|p2a: Raging Bolt|Dragon Pulse|p1a: Gholdengo
|-resisted|p1a: Gholdengo
|-damage|p1a: Gholdengo|22/100
|move|p1a: Gholdengo|Recover|p1a: Gholdengo
|-heal|p1a: Gholdengo|73/100
|
|-heal|p1a: Gholdengo|79/100|[from] item: Leftovers
|upkeep
|turn|25
|c|☆Ainzcrad|gg
|-message|Ainzcrad forfeited.
|
|win|clean
|c|☆clean|gg
|player|p1|
|player|p2|
