|j|☆kkkkjhhhkk
|j|☆magikarp190
|t:|1779647185
|gametype|singles
|player|p1|kkkkjhhhkk|265|1153
|player|p2|magikarp190|170|1118
|gen|9
|tier|[Gen 9] OU
|rated|
|rule|HP Percentage Mod: HP is shown in percentages
|rule|Endless Battle Clause: Forcing endless battles is banned
|rule|Species Clause: Limit one of each Pokémon
|rule|OHKO Clause: OHKO moves are banned
|rule|Evasion Items Clause: Evasion items are banned
|rule|Evasion Moves Clause: Evasion moves are banned
|rule|Evasion Abilities Clause: Evasion abilities are banned
|rule|Sleep Moves Clause: Sleep-inducing moves are banned
|clearpoke
|poke|p1|Gliscor, M|
|poke|p1|Iron Valiant|
|poke|p1|Cinderace, M|
|poke|p1|Dondozo, M|
|poke|p1|Moltres-Galar|
|poke|p1|Slowking-Galar, M|
|poke|p2|Kingambit, M|
|poke|p2|Gothita, M|
|poke|p2|Tentacruel, F|
|poke|p2|Fraxure, F|
|poke|p2|Gallade, M|
|poke|p2|Muk, M|
|teampreview
|inactive|Battle timer is ON: inactive players will automatically lose when time's up. (requested by kkkkjhhhkk)
|
|t:|1779647192
|teamsize|p1|6
|teamsize|p2|6
|start
|switch|p1a: Gliscor|Gliscor, M|100/100
|switch|p2a: Tentacruel|Tentacruel, F|100/100
|turn|1
|
|t:|1779647199
|move|p1a: Gliscor|Protect|p1a: Gliscor
|-singleturn|p1a: Gliscor|Protect
|move|p2a: Tentacruel|Surf|p1a: Gliscor
|-activate|p1a: Gliscor|move: Protect
|
|-status|p1a: Gliscor|tox|[from] item: Toxic Orb
|upkeep
|turn|2
|
|t:|1779647208
|move|p2a: Tentacruel|Toxic Spikes|p1a: Gliscor
|-sidestart|p1: kkkkjhhhkk|move: Toxic Spikes
|move|p1a: Gliscor|Knock Off|p2a: Tentacruel
|-damage|p2a: Tentacruel|82/100
|-enditem|p2a: Tentacruel|Black Sludge|[from] move: Knock Off|[of] p1a: Gliscor
|
|upkeep
|turn|3
|
|t:|1779647216
|switch|p1a: Slowking|Slowking-Galar, M|100/100
|-sideend|p1: kkkkjhhhkk|move: Toxic Spikes|[of] p1a: Slowking
|move|p2a: Tentacruel|Surf|p1a: Slowking
|-damage|p1a: Slowking|85/100
|
|upkeep
|turn|4
|
|t:|1779647222
|switch|p2a: Kingambit|Kingambit, M|100/100
|move|p1a: Slowking|Future Sight|p2a: Kingambit
|-start|p1a: Slowking|move: Future Sight
|
|upkeep
|turn|5
|
|t:|1779647234
|switch|p1a: Gliscor|Gliscor, M|100/100 tox
|move|p2a: Kingambit|Kowtow Cleave|p1a: Gliscor
|-damage|p1a: Gliscor|57/100 tox
|
|-heal|p1a: Gliscor|70/100 tox|[from] ability: Poison Heal
|upkeep
|turn|6
|
|t:|1779647253
|-end|p2a: Kingambit|fallenundefined|[silent]
|switch|p2a: Tentacruel|Tentacruel, F|82/100
|move|p1a: Gliscor|Knock Off|p2a: Tentacruel
|-damage|p2a: Tentacruel|70/100
|
|-end|p2a: Tentacruel|move: Future Sight
|-supereffective|p2a: Tentacruel
|-damage|p2a: Tentacruel|0 fnt
|faint|p2a: Tentacruel
|-heal|p1a: Gliscor|82/100 tox|[from] ability: Poison Heal
|upkeep
|
|t:|1779647264
|switch|p2a: Fraxure|Fraxure, F|100/100
|-ability|p2a: Fraxure|Mold Breaker
|turn|7
|
|t:|1779647268
|move|p2a: Fraxure|Dragon Dance|p2a: Fraxure
|-boost|p2a: Fraxure|atk|1
|-boost|p2a: Fraxure|spe|1
|move|p1a: Gliscor|Swords Dance|p1a: Gliscor
|-boost|p1a: Gliscor|atk|2
|
|-heal|p1a: Gliscor|95/100 tox|[from] ability: Poison Heal
|upkeep
|turn|8
|
|t:|1779647277
|move|p2a: Fraxure|Dragon Dance|p2a: Fraxure
|-boost|p2a: Fraxure|atk|1
|-boost|p2a: Fraxure|spe|1
|move|p1a: Gliscor|Knock Off|p2a: Fraxure
|-damage|p2a: Fraxure|57/100
|-enditem|p2a: Fraxure|Eviolite|[from] move: Knock Off|[of] p1a: Gliscor
|
|-heal|p1a: Gliscor|100/100 tox|[from] ability: Poison Heal
|upkeep
|turn|9
|
|t:|1779647287
|move|p2a: Fraxure|Aqua Tail|p1a: Gliscor
|-supereffective|p1a: Gliscor
|-damage|p1a: Gliscor|5/100 tox
|move|p1a: Gliscor|Dual Wingbeat|p2a: Fraxure
|-damage|p2a: Fraxure|15/100
|-damage|p2a: Fraxure|0 fnt
|faint|p2a: Fraxure
|-hitcount|p2: Fraxure|2
|
|-heal|p1a: Gliscor|18/100 tox|[from] ability: Poison Heal
|upkeep
|
|t:|1779647293
|switch|p2a: Kingambit|Kingambit, M|100/100
|-activate|p2a: Kingambit|ability: Supreme Overlord
|-start|p2a: Kingambit|fallen2|[silent]
|turn|10
|
|t:|1779647307
|switch|p1a: Dondozo|Dondozo, M|100/100
|move|p2a: Kingambit|Swords Dance|p2a: Kingambit
|-boost|p2a: Kingambit|atk|2
|
|upkeep
|turn|11
|
|t:|1779647314
|move|p2a: Kingambit|Kowtow Cleave|p1a: Dondozo
|-damage|p1a: Dondozo|67/100
|move|p1a: Dondozo|Waterfall|p2a: Kingambit
|-damage|p2a: Kingambit|81/100
|
|-heal|p1a: Dondozo|73/100|[from] item: Leftovers
|upkeep
|turn|12
|
|t:|1779647322
|move|p2a: Kingambit|Iron Head|p1a: Dondozo
|-resisted|p1a: Dondozo
|-damage|p1a: Dondozo|59/100
|move|p1a: Dondozo|Waterfall|p2a: Kingambit
|-damage|p2a: Kingambit|62/100
|
|-heal|p1a: Dondozo|66/100|[from] item: Leftovers
|upkeep
|turn|13
|
|t:|1779647331
|-end|p2a: Kingambit|fallen2|[silent]
|switch|p2a: Gothita|Gothita, M|100/100
|-item|p1a: Dondozo|Leftovers|[from] ability: Frisk|[of] p2a: Gothita
|move|p1a: Dondozo|Waterfall|p2a: Gothita
|-damage|p2a: Gothita|78/100
|
|-heal|p1a: Dondozo|72/100|[from] item: Leftovers
|upkeep
|turn|14
|l|☆magikarp190
|inactive|magikarp190 disconnected and has a minute to reconnect!
|player|p2|
|inactive|magikarp190 has 30 seconds to reconnect!
|inactive|magikarp190 has 20 seconds to reconnect!
|inactive|magikarp190 has 15 seconds to reconnect!
|inactive|magikarp190 has 10 seconds to reconnect!
|inactive|magikarp190 has 5 seconds to reconnect!
|-message|magikarp190 lost due to inactivity.
|
|win|kkkkjhhhkk
|raw|kkkkjhhhkk's rating: 1153 &rarr; <strong>1175</strong><br />(+22 for winning)
|raw|magikarp190's rating: 1118 &rarr; <strong>1096</strong><br />(-22 for losing)
|l|☆kkkkjhhhkk
|player|p1|
