|j|☆BerTheBlackestOne
|j|☆pnb246
|t:|1779559816
|gametype|singles
|player|p1|BerTheBlackestOne|samsonoak|1232
|player|p2|pnb246|iris-gen5bw2|1262
|gen|9
|tier|[Gen 9] OU
|rated|
|rule|HP Percentage Mod: HP is shown in percentages
|rule|Endless Battle Clause: Forcing endless battles is banned
|rule|Species Clause: Limit one of each Pokémon
|rule|OHKO Clause: OHKO moves are banned
|rule|Evasion Items Clause: Evasion items are banned
|rule|Evasion Moves Clause: Evasion moves are banned
|rule|Evasion Abilities Clause: Evasion abilities are banned
|rule|Sleep Moves Clause: Sleep-inducing moves are banned
|clearpoke
|poke|p1|Mareanie, M|
|poke|p1|Hawlucha, M|
|poke|p1|Dudunsparce-*, F|
|poke|p1|Scream Tail|
|poke|p1|Gligar, F|
|poke|p1|Crocalor, M|
|poke|p2|Ting-Lu|
|poke|p2|Slowking-Galar, F|
|poke|p2|Kyurem|
|poke|p2|Gholdengo|
|poke|p2|Ogerpon-Wellspring, F|
|poke|p2|Alomomola, M|
|teampreview
|inactive|Battle timer is ON: inactive players will automatically lose when time's up. (requested by pnb246)
|inactive|BerTheBlackestOne has 120 seconds left.
|
|t:|1779559851
|teamsize|p1|6
|teamsize|p2|6
|start
|switch|p1a: Lambidinha|Gligar, F|100/100
|switch|p2a: Ogerpon|Ogerpon-Wellspring, F|100/100
|turn|1
|
|t:|1779559862
|switch|p1a: Vares Prime|Mareanie, M|100/100
|move|p2a: Ogerpon|Substitute|p2a: Ogerpon
|-start|p2a: Ogerpon|Substitute
|-damage|p2a: Ogerpon|76/100
|
|upkeep
|turn|2
|
|t:|1779559870
|move|p2a: Ogerpon|Swords Dance|p2a: Ogerpon
|-boost|p2a: Ogerpon|atk|2
|move|p1a: Vares Prime|Surf|p2a: Ogerpon
|-heal|p2a: Ogerpon|100/100|[from] ability: Water Absorb|[of] p1a: Vares Prime
|
|upkeep
|turn|3
|
|t:|1779559875
|move|p2a: Ogerpon|Swords Dance|p2a: Ogerpon
|-boost|p2a: Ogerpon|atk|2
|move|p1a: Vares Prime|Haze|p1a: Vares Prime
|-clearallboost
|
|upkeep
|turn|4
|
|t:|1779559898
|move|p2a: Ogerpon|Swords Dance|p2a: Ogerpon
|-boost|p2a: Ogerpon|atk|2
|move|p1a: Vares Prime|Haze|p1a: Vares Prime
|-clearallboost
|
|upkeep
|turn|5
|c|☆BerTheBlackestOne|HOLA HERMANOOOO
|c|☆BerTheBlackestOne|COMO ESTAS
|c|☆BerTheBlackestOne|BUENASSS
|
|t:|1779559913
|move|p2a: Ogerpon|Swords Dance|p2a: Ogerpon
|-boost|p2a: Ogerpon|atk|2
|move|p1a: Vares Prime|Toxic||[still]
|-fail|p1a: Vares Prime
|
|upkeep
|turn|6
|
|t:|1779559917
|move|p2a: Ogerpon|Horn Leech|p1a: Vares Prime
|-crit|p1a: Vares Prime
|-damage|p1a: Vares Prime|0 fnt
|faint|p1a: Vares Prime
|
|upkeep
|
|t:|1779559927
|switch|p1a: Porradillas|Hawlucha, M, shiny|100/100
|turn|7
|
|t:|1779559930
|move|p2a: Ogerpon|Ivy Cudgel|p1a: Porradillas|[anim] Ivy Cudgel Water
|-crit|p1a: Porradillas
|-enditem|p1a: Porradillas|Focus Sash
|-damage|p1a: Porradillas|1/100
|move|p1a: Porradillas|Acrobatics|p2a: Ogerpon
|-supereffective|p2a: Ogerpon
|-end|p2a: Ogerpon|Substitute
|
|upkeep
|turn|8
|
|t:|1779559938
|switch|p2a: Alomomola|Alomomola, M|100/100
|move|p1a: Porradillas|Acrobatics|p2a: Alomomola
|-damage|p2a: Alomomola|70/100
|
|upkeep
|turn|9
|
|t:|1779559962
|move|p1a: Porradillas|Acrobatics|p2a: Alomomola
|-damage|p2a: Alomomola|41/100
|move|p2a: Alomomola|Flip Turn|p1a: Porradillas
|-damage|p1a: Porradillas|0 fnt
|faint|p1a: Porradillas
|
|t:|1779559966
|switch|p2a: Ogerpon|Ogerpon-Wellspring, F|100/100|[from] Flip Turn
|
|upkeep
|
|t:|1779559975
|switch|p1a: LindinhoDeMais|Dudunsparce, F|100/100
|turn|10
|
|t:|1779559980
|move|p2a: Ogerpon|Substitute|p2a: Ogerpon
|-start|p2a: Ogerpon|Substitute
|-damage|p2a: Ogerpon|76/100
|move|p1a: LindinhoDeMais|Coil|p1a: LindinhoDeMais
|-boost|p1a: LindinhoDeMais|atk|1
|-boost|p1a: LindinhoDeMais|def|1
|-boost|p1a: LindinhoDeMais|accuracy|1
|
|upkeep
|turn|11
|
|t:|1779559985
|move|p2a: Ogerpon|Swords Dance|p2a: Ogerpon
|-boost|p2a: Ogerpon|atk|2
|move|p1a: LindinhoDeMais|Coil|p1a: LindinhoDeMais
|-boost|p1a: LindinhoDeMais|atk|1
|-boost|p1a: LindinhoDeMais|def|1
|-boost|p1a: LindinhoDeMais|accuracy|1
|
|upkeep
|turn|12
|
|t:|1779559990
|-terastallize|p2a: Ogerpon|Water
|detailschange|p2a: Ogerpon|Ogerpon-Wellspring-Tera, F, tera:Water
|-ability|p2a: Ogerpon|Embody Aspect (Wellspring)|boost
|-boost|p2a: Ogerpon|spd|1
|move|p2a: Ogerpon|Ivy Cudgel|p1a: LindinhoDeMais|[anim] Ivy Cudgel Water
|-crit|p1a: LindinhoDeMais
|-damage|p1a: LindinhoDeMais|0 fnt
|faint|p1a: LindinhoDeMais
|
|upkeep
|-message|BerTheBlackestOne forfeited.
|
|win|pnb246
|raw|BerTheBlackestOne's rating: 1232 &rarr; <strong>1209</strong><br />(-23 for losing)
|raw|pnb246's rating: 1262 &rarr; <strong>1285</strong><br />(+23 for winning)
|l|☆BerTheBlackestOne
|player|p1|
|l|☆pnb246
|player|p2|
