|j|☆tauros3
|j|☆manabi.portoviejo
|t:|1779648842
|gametype|singles
|player|p1|tauros3|swimmer-gen4dp|1515
|player|p2|manabi.portoviejo|266|1450
|gen|9
|tier|[Gen 9] OU
|rated|
|rule|HP Percentage Mod: HP is shown in percentages
|rule|Endless Battle Clause: Forcing endless battles is banned
|rule|Species Clause: Limit one of each Pokémon
|rule|OHKO Clause: OHKO moves are banned
|rule|Evasion Items Clause: Evasion items are banned
|rule|Evasion Moves Clause: Evasion moves are banned
|rule|Evasion Abilities Clause: Evasion abilities are banned
|rule|Sleep Moves Clause: Sleep-inducing moves are banned
|clearpoke
|poke|p1|Pelipper, F|
|poke|p1|Barraskewda, M|
|poke|p1|Tornadus-Therian, M|
|poke|p1|Raging Bolt|
|poke|p1|Toxicroak, F|
|poke|p1|Iron Treads|
|poke|p2|Manaphy|
|poke|p2|Pelipper, F|
|poke|p2|Klefki, F|
|poke|p2|Ogerpon-Wellspring, F|
|poke|p2|Barraskewda, M|
|poke|p2|Zapdos|
|teampreview
|inactive|Battle timer is ON: inactive players will automatically lose when time's up. (requested by tauros3)
|
|t:|1779648855
|teamsize|p1|6
|teamsize|p2|6
|start
|switch|p1a: Iron Treads|Iron Treads|100/100
|switch|p2a: Klefki|Klefki, F|100/100
|turn|1
|
|t:|1779648860
|move|p2a: Klefki|Reflect|p2a: Klefki
|-sidestart|p2: manabi.portoviejo|Reflect
|move|p1a: Iron Treads|Stealth Rock|p2a: Klefki
|-sidestart|p2: manabi.portoviejo|move: Stealth Rock
|
|upkeep
|turn|2
|
|t:|1779648864
|move|p2a: Klefki|Light Screen|p2a: Klefki
|-sidestart|p2: manabi.portoviejo|move: Light Screen
|move|p1a: Iron Treads|Earthquake|p2a: Klefki
|-supereffective|p2a: Klefki
|-damage|p2a: Klefki|70/100
|
|upkeep
|turn|3
|
|t:|1779648869
|switch|p2a: Pelipper|Pelipper, F|100/100
|-damage|p2a: Pelipper|76/100|[from] Stealth Rock
|-weather|RainDance|[from] ability: Drizzle|[of] p2a: Pelipper
|move|p1a: Iron Treads|Earthquake|p2a: Pelipper
|-immune|p2a: Pelipper
|
|-weather|RainDance|[upkeep]
|upkeep
|turn|4
|
|t:|1779648878
|switch|p2a: Manaphy|Manaphy|100/100
|-damage|p2a: Manaphy|88/100|[from] Stealth Rock
|move|p1a: Iron Treads|Volt Switch|p2a: Manaphy
|-supereffective|p2a: Manaphy
|-enditem|p2a: Manaphy|Wacan Berry|[eat]
|-enditem|p2a: Manaphy|Wacan Berry|[weaken]
|-damage|p2a: Manaphy|83/100
|
|t:|1779648883
|-end|p1a: Iron Treads|Quark Drive|[silent]
|switch|p1a: Toxicroak|Toxicroak, F|100/100|[from] Volt Switch
|
|-weather|RainDance|[upkeep]
|upkeep
|turn|5
|
|t:|1779648888
|move|p2a: Manaphy|Tail Glow|p2a: Manaphy
|-boost|p2a: Manaphy|spa|3
|move|p1a: Toxicroak|Encore|p2a: Manaphy
|-start|p2a: Manaphy|Encore
|
|-weather|RainDance|[upkeep]
|upkeep
|turn|6
|
|t:|1779648895
|switch|p2a: Zapdos|Zapdos|100/100
|move|p1a: Toxicroak|Toxic|p2a: Zapdos
|-status|p2a: Zapdos|tox
|
|-weather|RainDance|[upkeep]
|-damage|p2a: Zapdos|94/100 tox|[from] psn
|upkeep
|turn|7
|
|t:|1779648900
|switch|p1a: Iron Treads|Iron Treads|100/100
|move|p2a: Zapdos|Hurricane|p1a: Iron Treads
|-resisted|p1a: Iron Treads
|-damage|p1a: Iron Treads|76/100
|
|-weather|RainDance|[upkeep]
|-heal|p1a: Iron Treads|82/100|[from] item: Leftovers
|-damage|p2a: Zapdos|82/100 tox|[from] psn
|upkeep
|turn|8
|
|t:|1779648906
|switch|p2a: Ogerpon|Ogerpon-Wellspring, F|100/100
|-damage|p2a: Ogerpon|88/100|[from] Stealth Rock
|move|p1a: Iron Treads|Volt Switch|p2a: Ogerpon
|-damage|p2a: Ogerpon|82/100
|
|t:|1779648913
|-end|p1a: Iron Treads|Quark Drive|[silent]
|switch|p1a: Toxicroak|Toxicroak, F|100/100|[from] Volt Switch
|
|-weather|RainDance|[upkeep]
|-sideend|p2: manabi.portoviejo|Reflect
|upkeep
|turn|9
|
|t:|1779648919
|switch|p2a: Manaphy|Manaphy|83/100
|-damage|p2a: Manaphy|71/100|[from] Stealth Rock
|move|p1a: Toxicroak|Knock Off|p2a: Manaphy
|-damage|p2a: Manaphy|57/100
|
|-weather|RainDance|[upkeep]
|-sideend|p2: manabi.portoviejo|move: Light Screen
|upkeep
|turn|10
|
|t:|1779648927
|move|p2a: Manaphy|Tail Glow|p2a: Manaphy
|-boost|p2a: Manaphy|spa|3
|move|p1a: Toxicroak|Drain Punch|p2a: Manaphy
|-damage|p2a: Manaphy|35/100
|
|-weather|none
|upkeep
|turn|11
|
|t:|1779648933
|switch|p1a: Iron Treads|Iron Treads|82/100
|move|p2a: Manaphy|Ice Beam|p1a: Iron Treads
|-damage|p1a: Iron Treads|29/100
|
|-heal|p1a: Iron Treads|35/100|[from] item: Leftovers
|upkeep
|turn|12
|
|t:|1779648938
|switch|p2a: Pelipper|Pelipper, F|76/100
|-damage|p2a: Pelipper|51/100|[from] Stealth Rock
|-weather|RainDance|[from] ability: Drizzle|[of] p2a: Pelipper
|move|p1a: Iron Treads|Volt Switch|p2a: Pelipper
|-supereffective|p2a: Pelipper
|-damage|p2a: Pelipper|0 fnt
|faint|p2a: Pelipper
|
|t:|1779648947
|-end|p1a: Iron Treads|Quark Drive|[silent]
|switch|p1a: Tornadus|Tornadus-Therian, M|100/100|[from] Volt Switch
|
|-weather|RainDance|[upkeep]
|upkeep
|-message|manabi.portoviejo forfeited.
|
|win|tauros3
|raw|tauros3's rating: 1515 &rarr; <strong>1531</strong><br />(+16 for winning)
|raw|manabi.portoviejo's rating: 1450 &rarr; <strong>1434</strong><br />(-16 for losing)
|l|☆manabi.portoviejo
|player|p2|
|l|☆tauros3
|player|p1|
