|j|☆WEED4NOZE
|j|☆Phuc.n
|t:|1779724508
|gametype|singles
|player|p1|WEED4NOZE|theroyal|1358
|player|p2|Phuc.n|169|1318
|gen|9
|tier|[Gen 9] OU
|rated|
|rule|HP Percentage Mod: HP is shown in percentages
|rule|Endless Battle Clause: Forcing endless battles is banned
|rule|Species Clause: Limit one of each Pokémon
|rule|OHKO Clause: OHKO moves are banned
|rule|Evasion Items Clause: Evasion items are banned
|rule|Evasion Moves Clause: Evasion moves are banned
|rule|Evasion Abilities Clause: Evasion abilities are banned
|rule|Sleep Moves Clause: Sleep-inducing moves are banned
|clearpoke
|poke|p1|Slowking-Galar, M|
|poke|p1|Glastrier|
|poke|p1|Ting-Lu|
|poke|p1|Hatterene, F|
|poke|p1|Magnezone|
|poke|p1|Dondozo, F|
|poke|p2|Incineroar, M|
|poke|p2|Sinistcha-Masterpiece|
|poke|p2|Empoleon, M|
|poke|p2|Ninetales-Alola, F|
|poke|p2|Staraptor, M|
|poke|p2|Garchomp, M|
|teampreview
|c|☆WEED4NOZE|hf
|
|t:|1779724558
|teamsize|p1|6
|teamsize|p2|6
|start
|switch|p1a: Ting-Lu|Ting-Lu|100/100
|switch|p2a: Empoleon|Empoleon, M|100/100
|-ability|p1a: Ting-Lu|Vessel of Ruin
|turn|1
|
|t:|1779724582
|switch|p2a: Staraptor|Staraptor, M|100/100
|switch|p1a: Dondozo|Dondozo, F|100/100
|
|upkeep
|turn|2
|
|t:|1779724602
|switch|p1a: Magnezone|Magnezone|100/100
|move|p2a: Staraptor|U-turn|p1a: Magnezone
|-resisted|p1a: Magnezone
|-damage|p1a: Magnezone|91/100
|
|t:|1779724609
|switch|p2a: Garchomp|Garchomp, M|100/100|[from] U-turn
|
|-heal|p1a: Magnezone|97/100|[from] item: Leftovers
|upkeep
|turn|3
|
|t:|1779724653
|switch|p1a: Ting-Lu|Ting-Lu|100/100
|-ability|p1a: Ting-Lu|Vessel of Ruin
|move|p2a: Garchomp|Earthquake|p1a: Ting-Lu
|-damage|p1a: Ting-Lu|81/100
|
|-heal|p1a: Ting-Lu|87/100|[from] item: Leftovers
|upkeep
|turn|4
|
|t:|1779724663
|switch|p2a: Staraptor|Staraptor, M|100/100
|switch|p1a: Hatterene|Hatterene, F|100/100
|
|upkeep
|turn|5
|
|t:|1779724674
|switch|p1a: Magnezone|Magnezone|97/100
|move|p2a: Staraptor|U-turn|p1a: Magnezone
|-resisted|p1a: Magnezone
|-damage|p1a: Magnezone|87/100
|
|t:|1779724682
|switch|p2a: Garchomp|Garchomp, M|100/100|[from] U-turn
|
|-heal|p1a: Magnezone|93/100|[from] item: Leftovers
|upkeep
|turn|6
|
|t:|1779724695
|switch|p1a: Dondozo|Dondozo, F|100/100
|move|p2a: Garchomp|Swords Dance|p2a: Garchomp
|-boost|p2a: Garchomp|atk|2
|
|upkeep
|turn|7
|
|t:|1779724713
|switch|p2a: Sinistcha|Sinistcha-Masterpiece|100/100
|move|p1a: Dondozo|Liquidation|p2a: Sinistcha
|-resisted|p2a: Sinistcha
|-damage|p2a: Sinistcha|85/100
|
|upkeep
|turn|8
|
|t:|1779724722
|switch|p1a: Slowking|Slowking-Galar, M|100/100
|move|p2a: Sinistcha|Calm Mind|p2a: Sinistcha
|-boost|p2a: Sinistcha|spa|1
|-boost|p2a: Sinistcha|spd|1
|
|upkeep
|turn|9
|
|t:|1779724729
|move|p2a: Sinistcha|Shadow Ball|p1a: Slowking
|-supereffective|p1a: Slowking
|-damage|p1a: Slowking|27/100
|move|p1a: Slowking|Trick Room|p1a: Slowking
|-fieldstart|move: Trick Room|[of] p1a: Slowking
|
|upkeep
|turn|10
|
|t:|1779724746
|move|p1a: Slowking|Sludge Wave|p2a: Sinistcha
|-damage|p2a: Sinistcha|43/100
|move|p2a: Sinistcha|Calm Mind|p2a: Sinistcha
|-boost|p2a: Sinistcha|spa|1
|-boost|p2a: Sinistcha|spd|1
|
|upkeep
|turn|11
|
|t:|1779724752
|move|p1a: Slowking|Sludge Wave|p2a: Sinistcha
|-damage|p2a: Sinistcha|14/100
|move|p2a: Sinistcha|Strength Sap|p1a: Slowking
|-unboost|p1a: Slowking|atk|1
|-heal|p2a: Sinistcha|53/100
|
|upkeep
|turn|12
|
|t:|1779724759
|move|p1a: Slowking|Sludge Wave|p2a: Sinistcha
|-damage|p2a: Sinistcha|23/100
|move|p2a: Sinistcha|Matcha Gotcha|p1a: Slowking
|-resisted|p1a: Slowking
|-damage|p1a: Slowking|2/100
|-heal|p2a: Sinistcha|37/100|[from] drain|[of] p1a: Slowking
|
|upkeep
|turn|13
|
|t:|1779724768
|move|p1a: Slowking|Sludge Wave|p2a: Sinistcha
|-damage|p2a: Sinistcha|8/100
|move|p2a: Sinistcha|Shadow Ball|p1a: Slowking
|-supereffective|p1a: Slowking
|-damage|p1a: Slowking|0 fnt
|faint|p1a: Slowking
|
|-fieldend|move: Trick Room
|upkeep
|
|t:|1779724776
|switch|p1a: Hatterene|Hatterene, F|100/100
|turn|14
|
|t:|1779724779
|move|p2a: Sinistcha|Shadow Ball|p1a: Hatterene
|-supereffective|p1a: Hatterene
|-enditem|p1a: Hatterene|Focus Sash
|-damage|p1a: Hatterene|1/100
|move|p1a: Hatterene|Trick Room|p1a: Hatterene
|-fieldstart|move: Trick Room|[of] p1a: Hatterene
|
|upkeep
|turn|15
|
|t:|1779724787
|move|p1a: Hatterene|Gravity|p1a: Hatterene
|-fieldstart|move: Gravity
|move|p2a: Sinistcha|Shadow Ball|p1a: Hatterene
|-supereffective|p1a: Hatterene
|-damage|p1a: Hatterene|0 fnt
|faint|p1a: Hatterene
|
|upkeep
|
|t:|1779724793
|switch|p1a: Glastrier|Glastrier|100/100
|turn|16
|
|t:|1779724800
|switch|p2a: Incineroar|Incineroar, M|100/100
|-ability|p2a: Incineroar|Intimidate|boost
|-unboost|p1a: Glastrier|atk|1
|move|p1a: Glastrier|High Horsepower|p2a: Incineroar
|-supereffective|p2a: Incineroar
|-damage|p2a: Incineroar|43/100
|-enditem|p2a: Incineroar|Sitrus Berry|[eat]
|-heal|p2a: Incineroar|68/100|[from] item: Sitrus Berry
|
|upkeep
|turn|17
|
|t:|1779724828
|switch|p1a: Dondozo|Dondozo, F|100/100
|move|p2a: Incineroar|Fake Out|p1a: Dondozo
|-damage|p1a: Dondozo|91/100
|-damage|p2a: Incineroar|52/100|[from] item: Rocky Helmet|[of] p1a: Dondozo
|
|upkeep
|turn|18
|
|t:|1779724842
|switch|p2a: Empoleon|Empoleon, M|100/100
|move|p1a: Dondozo|Liquidation|p2a: Empoleon
|-resisted|p2a: Empoleon
|-damage|p2a: Empoleon|80/100
|
|-heal|p2a: Empoleon|86/100|[from] item: Leftovers
|-fieldend|move: Trick Room
|upkeep
|turn|19
|
|t:|1779724867
|move|p2a: Empoleon|Flash Cannon|p1a: Dondozo
|-resisted|p1a: Dondozo
|-damage|p1a: Dondozo|72/100
|move|p1a: Dondozo|Earthquake|p2a: Empoleon
|-supereffective|p2a: Empoleon
|-damage|p2a: Empoleon|23/100
|
|-heal|p2a: Empoleon|29/100|[from] item: Leftovers
|-fieldend|move: Gravity
|upkeep
|turn|20
|
|t:|1779724878
|switch|p2a: Staraptor|Staraptor, M|100/100
|move|p1a: Dondozo|Liquidation|p2a: Staraptor
|-damage|p2a: Staraptor|37/100
|-unboost|p2a: Staraptor|def|1
|
|upkeep
|turn|21
|
|t:|1779724885
|switch|p1a: Magnezone|Magnezone|93/100
|move|p2a: Staraptor|U-turn|p1a: Magnezone
|-resisted|p1a: Magnezone
|-damage|p1a: Magnezone|83/100
|
|t:|1779724892
|switch|p2a: Garchomp|Garchomp, M|100/100|[from] U-turn
|
|-heal|p1a: Magnezone|89/100|[from] item: Leftovers
|upkeep
|turn|22
|
|t:|1779724901
|switch|p1a: Ting-Lu|Ting-Lu|87/100
|-ability|p1a: Ting-Lu|Vessel of Ruin
|move|p2a: Garchomp|Earthquake|p1a: Ting-Lu
|-damage|p1a: Ting-Lu|64/100
|
|-heal|p1a: Ting-Lu|70/100|[from] item: Leftovers
|upkeep
|turn|23
|
|t:|1779724910
|move|p2a: Garchomp|Swords Dance|p2a: Garchomp
|-boost|p2a: Garchomp|atk|2
|move|p1a: Ting-Lu|Stealth Rock|p2a: Garchomp
|-sidestart|p2: Phuc.n|move: Stealth Rock
|
|-heal|p1a: Ting-Lu|76/100|[from] item: Leftovers
|upkeep
|turn|24
|
|t:|1779724916
|switch|p1a: Dondozo|Dondozo, F|72/100
|move|p2a: Garchomp|Earthquake|p1a: Dondozo
|-damage|p1a: Dondozo|38/100
|
|upkeep
|turn|25
|
|t:|1779724925
|move|p2a: Garchomp|Swords Dance|p2a: Garchomp
|-boost|p2a: Garchomp|atk|2
|move|p1a: Dondozo|Rest|p1a: Dondozo
|-status|p1a: Dondozo|slp|[from] move: Rest
|-heal|p1a: Dondozo|100/100 slp|[silent]
|
|upkeep
|turn|26
|
|t:|1779724934
|switch|p2a: Sinistcha|Sinistcha-Masterpiece|8/100
|-damage|p2a: Sinistcha|0 fnt|[from] Stealth Rock
|faint|p2a: Sinistcha
|cant|p1a: Dondozo|slp
|move|p1a: Dondozo|Sleep Talk|p1a: Dondozo
|move|p1a: Dondozo|Liquidation|p2: Sinistcha|[from] move: Sleep Talk|[notarget]
|-fail|p1a: Dondozo
|
|upkeep
|
|t:|1779724937
|switch|p2a: Ninetales|Ninetales-Alola, F|100/100
|-damage|p2a: Ninetales|75/100|[from] Stealth Rock
|-weather|Snowscape|[from] ability: Snow Warning|[of] p2a: Ninetales
|turn|27
|
|t:|1779724947
|switch|p1a: Magnezone|Magnezone|89/100
|move|p2a: Ninetales|Freeze-Dry|p1a: Magnezone
|-resisted|p1a: Magnezone
|-damage|p1a: Magnezone|80/100
|
|-weather|Snowscape|[upkeep]
|-heal|p1a: Magnezone|86/100|[from] item: Leftovers
|upkeep
|turn|28
|
|t:|1779724984
|switch|p2a: Garchomp|Garchomp, M|100/100
|-damage|p2a: Garchomp|94/100|[from] Stealth Rock
|switch|p1a: Glastrier|Glastrier|100/100
|
|-weather|Snowscape|[upkeep]
|upkeep
|turn|29
|
|t:|1779725008
|-terastallize|p2a: Garchomp|Fire
|move|p2a: Garchomp|Swords Dance|p2a: Garchomp
|-boost|p2a: Garchomp|atk|2
|move|p1a: Glastrier|Icicle Crash|p2a: Garchomp
|-resisted|p2a: Garchomp
|-damage|p2a: Garchomp|70/100
|
|-weather|Snowscape|[upkeep]
|upkeep
|turn|30
|
|t:|1779725022
|move|p2a: Garchomp|Fire Fang|p1a: Glastrier
|-supereffective|p1a: Glastrier
|-damage|p1a: Glastrier|40/100
|move|p1a: Glastrier|High Horsepower|p2a: Garchomp
|-supereffective|p2a: Garchomp
|-damage|p2a: Garchomp|0 fnt
|-damage|p1a: Glastrier|28/100|[from] ability: Rough Skin|[of] p2a: Garchomp
|faint|p2a: Garchomp
|-ability|p1a: Glastrier|Chilling Neigh|boost
|-boost|p1a: Glastrier|atk|1
|
|-weather|Snowscape|[upkeep]
|upkeep
|
|t:|1779725034
|switch|p2a: Ninetales|Ninetales-Alola, F|75/100
|-damage|p2a: Ninetales|50/100|[from] Stealth Rock
|turn|31
|
|t:|1779725039
|switch|p1a: Magnezone|Magnezone|86/100
|move|p2a: Ninetales|Aurora Veil|p2a: Ninetales
|-sidestart|p2: Phuc.n|move: Aurora Veil
|
|-weather|none
|-heal|p1a: Magnezone|92/100|[from] item: Leftovers
|upkeep
|turn|32
|
|t:|1779725046
|move|p2a: Ninetales|Moonblast|p1a: Magnezone
|-resisted|p1a: Magnezone
|-damage|p1a: Magnezone|77/100
|move|p1a: Magnezone|Volt Switch|p2a: Ninetales
|-damage|p2a: Ninetales|31/100
|
|t:|1779725053
|switch|p1a: Glastrier|Glastrier|28/100|[from] Volt Switch
|
|upkeep
|turn|33
|
|t:|1779725074
|move|p2a: Ninetales|Moonblast|p1a: Glastrier
|-damage|p1a: Glastrier|0 fnt
|faint|p1a: Glastrier
|
|upkeep
|
|t:|1779725078
|switch|p1a: Magnezone|Magnezone|77/100
|turn|34
|
|t:|1779725087
|move|p2a: Ninetales|Moonblast|p1a: Magnezone
|-resisted|p1a: Magnezone
|-damage|p1a: Magnezone|63/100
|move|p1a: Magnezone|Iron Defense|p1a: Magnezone
|-boost|p1a: Magnezone|def|2
|
|-heal|p1a: Magnezone|69/100|[from] item: Leftovers
|upkeep
|turn|35
|
|t:|1779725096
|move|p2a: Ninetales|Moonblast|p1a: Magnezone
|-resisted|p1a: Magnezone
|-damage|p1a: Magnezone|56/100
|move|p1a: Magnezone|Iron Defense|p1a: Magnezone
|-boost|p1a: Magnezone|def|2
|
|-heal|p1a: Magnezone|62/100|[from] item: Leftovers
|upkeep
|turn|36
|
|t:|1779725104
|switch|p2a: Incineroar|Incineroar, M|52/100
|-damage|p2a: Incineroar|27/100|[from] Stealth Rock
|-ability|p2a: Incineroar|Intimidate|boost
|-unboost|p1a: Magnezone|atk|1
|move|p1a: Magnezone|Body Press|p2a: Incineroar
|-supereffective|p2a: Incineroar
|-damage|p2a: Incineroar|0 fnt
|faint|p2a: Incineroar
|
|-heal|p1a: Magnezone|68/100|[from] item: Leftovers
|upkeep
|
|t:|1779725110
|switch|p2a: Staraptor|Staraptor, M|37/100
|-damage|p2a: Staraptor|12/100|[from] Stealth Rock
|turn|37
|
|t:|1779725124
|move|p2a: Staraptor|Close Combat|p1a: Magnezone
|-supereffective|p1a: Magnezone
|-damage|p1a: Magnezone|47/100
|-unboost|p2a: Staraptor|def|1
|-unboost|p2a: Staraptor|spd|1
|move|p1a: Magnezone|Body Press|p2a: Staraptor
|-damage|p2a: Staraptor|0 fnt
|faint|p2a: Staraptor
|
|-heal|p1a: Magnezone|53/100|[from] item: Leftovers
|upkeep
|
|t:|1779725129
|switch|p2a: Empoleon|Empoleon, M|29/100
|-damage|p2a: Empoleon|23/100|[from] Stealth Rock
|turn|38
|
|t:|1779725137
|move|p2a: Empoleon|Hydro Pump|p1a: Magnezone|[miss]
|-miss|p2a: Empoleon|p1a: Magnezone
|move|p1a: Magnezone|Body Press|p2a: Empoleon
|-supereffective|p2a: Empoleon
|-damage|p2a: Empoleon|0 fnt
|faint|p2a: Empoleon
|
|-heal|p1a: Magnezone|59/100|[from] item: Leftovers
|-sideend|p2: Phuc.n|move: Aurora Veil
|upkeep
|
|t:|1779725139
|switch|p2a: Ninetales|Ninetales-Alola, F|31/100
|-damage|p2a: Ninetales|6/100|[from] Stealth Rock
|-weather|Snowscape|[from] ability: Snow Warning|[of] p2a: Ninetales
|turn|39
|
|t:|1779725149
|move|p2a: Ninetales|Blizzard|p1a: Magnezone
|-resisted|p1a: Magnezone
|-damage|p1a: Magnezone|41/100
|move|p1a: Magnezone|Body Press|p2a: Ninetales
|-damage|p2a: Ninetales|0 fnt
|faint|p2a: Ninetales
|
|win|WEED4NOZE
|raw|WEED4NOZE's rating: 1358 &rarr; <strong>1376</strong><br />(+18 for winning)
|raw|Phuc.n's rating: 1318 &rarr; <strong>1300</strong><br />(-18 for losing)
|c|☆WEED4NOZE|gg
|l|☆Phuc.n
|player|p2|
|l|☆WEED4NOZE
|player|p1|
