|j|☆EdgarOfAstora
|j|☆trickytrickydicky
|t:|1779701749
|gametype|singles
|player|p1|EdgarOfAstora|palmer|1142
|player|p2|trickytrickydicky|102|1102
|gen|9
|tier|[Gen 9] OU
|rated|
|rule|HP Percentage Mod: HP is shown in percentages
|rule|Endless Battle Clause: Forcing endless battles is banned
|rule|Species Clause: Limit one of each Pokémon
|rule|OHKO Clause: OHKO moves are banned
|rule|Evasion Items Clause: Evasion items are banned
|rule|Evasion Moves Clause: Evasion moves are banned
|rule|Evasion Abilities Clause: Evasion abilities are banned
|rule|Sleep Moves Clause: Sleep-inducing moves are banned
|clearpoke
|poke|p1|Vikavolt, F|
|poke|p1|Zoroark-Hisui, M|
|poke|p1|Mew|
|poke|p1|Metagross|
|poke|p1|Mimikyu, F|
|poke|p1|Hoopa-Unbound|
|poke|p2|Kommo-o, M|
|poke|p2|Iron Valiant|
|poke|p2|Great Tusk|
|poke|p2|Kingambit, F|
|poke|p2|Gholdengo|
|poke|p2|Ogerpon-Wellspring, F|
|teampreview
|inactive|Battle timer is ON: inactive players will automatically lose when time's up. (requested by trickytrickydicky)
|inactive|EdgarOfAstora has 120 seconds left.
|
|t:|1779701805
|teamsize|p1|6
|teamsize|p2|6
|start
|switch|p1a: Vikavolt|Vikavolt, F, shiny|100/100
|switch|p2a: Kommo-o|Kommo-o, M|100/100
|turn|1
|
|t:|1779701809
|move|p2a: Kommo-o|Clangorous Soul|p2a: Kommo-o
|-boost|p2a: Kommo-o|atk|1
|-boost|p2a: Kommo-o|def|1
|-boost|p2a: Kommo-o|spa|1
|-boost|p2a: Kommo-o|spd|1
|-boost|p2a: Kommo-o|spe|1
|-damage|p2a: Kommo-o|68/100
|-enditem|p2a: Kommo-o|Throat Spray
|-boost|p2a: Kommo-o|spa|1|[from] item: Throat Spray
|move|p1a: Vikavolt|Air Slash|p2a: Kommo-o
|-supereffective|p2a: Kommo-o
|-damage|p2a: Kommo-o|17/100
|
|upkeep
|turn|2
|
|t:|1779701821
|move|p2a: Kommo-o|Flamethrower|p1a: Vikavolt
|-supereffective|p1a: Vikavolt
|-damage|p1a: Vikavolt|0 fnt
|faint|p1a: Vikavolt
|
|upkeep
|
|t:|1779701828
|switch|p1a: Metagross|Metagross|100/100
|turn|3
|
|t:|1779701833
|-terastallize|p1a: Metagross|Water
|move|p2a: Kommo-o|Flamethrower|p1a: Metagross
|-resisted|p1a: Metagross
|-damage|p1a: Metagross|84/100
|move|p1a: Metagross|Psychic Fangs|p2a: Kommo-o
|-supereffective|p2a: Kommo-o
|-damage|p2a: Kommo-o|0 fnt
|faint|p2a: Kommo-o
|
|upkeep
|
|t:|1779701843
|switch|p2a: Ogerpon|Ogerpon-Wellspring, F|100/100
|turn|4
|
|t:|1779701847
|move|p2a: Ogerpon|Power Whip|p1a: Metagross
|-supereffective|p1a: Metagross
|-damage|p1a: Metagross|0 fnt
|faint|p1a: Metagross
|
|upkeep
|
|t:|1779701855
|switch|p1a: Mimikyu|Mimikyu, F, shiny|100/100
|turn|5
|
|t:|1779701860
|move|p2a: Ogerpon|Power Whip|p1a: Mimikyu|[miss]
|-miss|p2a: Ogerpon|p1a: Mimikyu
|move|p1a: Mimikyu|Leech Life|p2a: Ogerpon
|-supereffective|p2a: Ogerpon
|-damage|p2a: Ogerpon|40/100
|
|upkeep
|turn|6
|
|t:|1779701867
|move|p2a: Ogerpon|Power Whip|p1a: Mimikyu
|-activate|p1a: Mimikyu|ability: Disguise
|-damage|p1a: Mimikyu|100/100
|detailschange|p1a: Mimikyu|Mimikyu-Busted, F, shiny
|-damage|p1a: Mimikyu|88/100|[from] pokemon: Mimikyu-Busted
|move|p1a: Mimikyu|Leech Life|p2a: Ogerpon
|-supereffective|p2a: Ogerpon
|-damage|p2a: Ogerpon|0 fnt
|-heal|p1a: Mimikyu|100/100|[from] drain|[of] p2a: Ogerpon
|faint|p2a: Ogerpon
|
|upkeep
|
|t:|1779701879
|switch|p2a: Gholdengo|Gholdengo|100/100
|turn|7
|
|t:|1779701890
|switch|p1a: Hoopa|Hoopa-Unbound|100/100
|move|p2a: Gholdengo|Make It Rain|p1a: Hoopa
|-damage|p1a: Hoopa|12/100
|-unboost|p2a: Gholdengo|spa|1
|
|upkeep
|turn|8
|
|t:|1779701898
|move|p2a: Gholdengo|Make It Rain|p1a: Hoopa
|-damage|p1a: Hoopa|0 fnt
|-unboost|p2a: Gholdengo|spa|1
|faint|p1a: Hoopa
|
|upkeep
|
|t:|1779701901
|switch|p1a: Mimikyu|Mimikyu-Busted, F, shiny|100/100
|turn|9
|
|t:|1779701906
|move|p1a: Mimikyu|Dark Pulse|p2a: Gholdengo
|-supereffective|p2a: Gholdengo
|-damage|p2a: Gholdengo|41/100
|move|p2a: Gholdengo|Make It Rain|p1a: Mimikyu
|-damage|p1a: Mimikyu|2/100
|-unboost|p2a: Gholdengo|spa|1
|replace|p1a: Zoroark|Zoroark-Hisui, M
|-end|p1a: Zoroark|Illusion
|
|upkeep
|turn|10
|
|t:|1779701915
|move|p1a: Zoroark|Flamethrower|p2a: Gholdengo
|-supereffective|p2a: Gholdengo
|-crit|p2a: Gholdengo
|-damage|p2a: Gholdengo|0 fnt
|faint|p2a: Gholdengo
|
|upkeep
|
|t:|1779701921
|switch|p2a: Iron Valiant|Iron Valiant|100/100
|-enditem|p2a: Iron Valiant|Booster Energy
|-activate|p2a: Iron Valiant|ability: Quark Drive|[fromitem]
|-start|p2a: Iron Valiant|quarkdrivespe
|turn|11
|
|t:|1779701928
|move|p2a: Iron Valiant|Knock Off|p1a: Zoroark
|-supereffective|p1a: Zoroark
|-damage|p1a: Zoroark|0 fnt
|-enditem|p1a: Zoroark|Focus Sash|[from] move: Knock Off|[of] p2a: Iron Valiant
|faint|p1a: Zoroark
|
|upkeep
|
|t:|1779701945
|switch|p1a: Mew|Mew|100/100
|turn|12
|
|t:|1779701949
|move|p2a: Iron Valiant|Knock Off|p1a: Mew
|-supereffective|p1a: Mew
|-damage|p1a: Mew|45/100
|-enditem|p1a: Mew|Mental Herb|[from] move: Knock Off|[of] p2a: Iron Valiant
|move|p1a: Mew|Transform|p2a: Iron Valiant
|-transform|p1a: Mew|p2a: Iron Valiant
|
|upkeep
|turn|13
|
|t:|1779701957
|move|p2a: Iron Valiant|Spirit Break|p1a: Mew
|-supereffective|p1a: Mew
|-damage|p1a: Mew|0 fnt
|faint|p1a: Mew
|-end|p1a: Mew|Quark Drive|[silent]
|
|upkeep
|
|t:|1779701960
|switch|p1a: Mimikyu|Mimikyu-Busted, F, shiny|100/100
|turn|14
|
|t:|1779701965
|move|p2a: Iron Valiant|Spirit Break|p1a: Mimikyu
|-damage|p1a: Mimikyu|38/100
|-unboost|p1a: Mimikyu|spa|1
|move|p1a: Mimikyu|Play Rough|p2a: Iron Valiant
|-supereffective|p2a: Iron Valiant
|-damage|p2a: Iron Valiant|2/100
|
|upkeep
|turn|15
|
|t:|1779701973
|move|p2a: Iron Valiant|Spirit Break|p1a: Mimikyu
|-damage|p1a: Mimikyu|0 fnt
|faint|p1a: Mimikyu
|
|win|trickytrickydicky
|raw|EdgarOfAstora's rating: 1142 &rarr; <strong>1114</strong><br />(-28 for losing)
|raw|trickytrickydicky's rating: 1102 &rarr; <strong>1130</strong><br />(+28 for winning)
|l|☆trickytrickydicky
|player|p2|
