|j|☆LucarioLikesLemons
|j|☆BloodyBill
|t:|1779575125
|gametype|singles
|player|p1|LucarioLikesLemons|ethan|1114
|player|p2|BloodyBill|ltsurge|1134
|gen|9
|tier|[Gen 9] OU
|rated|
|rule|HP Percentage Mod: HP is shown in percentages
|rule|Endless Battle Clause: Forcing endless battles is banned
|rule|Species Clause: Limit one of each Pokémon
|rule|OHKO Clause: OHKO moves are banned
|rule|Evasion Items Clause: Evasion items are banned
|rule|Evasion Moves Clause: Evasion moves are banned
|rule|Evasion Abilities Clause: Evasion abilities are banned
|rule|Sleep Moves Clause: Sleep-inducing moves are banned
|clearpoke
|poke|p1|Rillaboom, M|
|poke|p1|Iron Moth|
|poke|p1|Gholdengo|
|poke|p1|Ribombee, M|
|poke|p1|Rotom-Wash|
|poke|p1|Great Tusk|
|poke|p2|Excadrill, M|
|poke|p2|Golem, M|
|poke|p2|Sandslash, M|
|poke|p2|Tyranitar, M|
|poke|p2|Landorus-Therian, M|
|poke|p2|Hippowdon, M|
|teampreview
|inactive|Battle timer is ON: inactive players will automatically lose when time's up. (requested by BloodyBill)
|
|t:|1779575134
|teamsize|p1|6
|teamsize|p2|6
|start
|switch|p1a: QuiverInFear|Ribombee, M|100/100
|switch|p2a: Gritty|Hippowdon, M|100/100
|-weather|Sandstorm|[from] ability: Sand Stream|[of] p2a: Gritty
|turn|1
|
|t:|1779575140
|move|p1a: QuiverInFear|Sticky Web|p2a: Gritty
|-sidestart|p2: BloodyBill|move: Sticky Web
|move|p2a: Gritty|Stealth Rock|p1a: QuiverInFear
|-sidestart|p1: LucarioLikesLemons|move: Stealth Rock
|
|-weather|Sandstorm|[upkeep]
|-damage|p1a: QuiverInFear|94/100|[from] Sandstorm
|upkeep
|turn|2
|
|t:|1779575144
|move|p1a: QuiverInFear|Stun Spore|p2a: Gritty
|-status|p2a: Gritty|par
|cant|p2a: Gritty|par
|
|-weather|Sandstorm|[upkeep]
|-damage|p1a: QuiverInFear|88/100|[from] Sandstorm
|upkeep
|turn|3
|
|t:|1779575148
|move|p1a: QuiverInFear|Quiver Dance|p1a: QuiverInFear
|-boost|p1a: QuiverInFear|spa|1
|-boost|p1a: QuiverInFear|spd|1
|-boost|p1a: QuiverInFear|spe|1
|cant|p2a: Gritty|par
|
|-weather|Sandstorm|[upkeep]
|-damage|p1a: QuiverInFear|82/100|[from] Sandstorm
|upkeep
|turn|4
|
|t:|1779575154
|move|p1a: QuiverInFear|Quiver Dance|p1a: QuiverInFear
|-boost|p1a: QuiverInFear|spa|1
|-boost|p1a: QuiverInFear|spd|1
|-boost|p1a: QuiverInFear|spe|1
|cant|p2a: Gritty|par
|
|-weather|Sandstorm|[upkeep]
|-damage|p1a: QuiverInFear|76/100|[from] Sandstorm
|upkeep
|turn|5
|
|t:|1779575156
|move|p1a: QuiverInFear|Moonblast|p2a: Gritty
|-damage|p2a: Gritty|22/100 par
|-unboost|p2a: Gritty|spa|1
|cant|p2a: Gritty|par
|
|-weather|Sandstorm|[upkeep]
|-damage|p1a: QuiverInFear|70/100|[from] Sandstorm
|upkeep
|turn|6
|
|t:|1779575161
|move|p1a: QuiverInFear|Moonblast|p2a: Gritty
|-damage|p2a: Gritty|0 fnt
|faint|p2a: Gritty
|
|-weather|Sandstorm|[upkeep]
|-damage|p1a: QuiverInFear|64/100|[from] Sandstorm
|upkeep
|
|t:|1779575165
|switch|p2a: MVP|Golem, M|100/100
|-activate|p2a: MVP|move: Sticky Web
|-unboost|p2a: MVP|spe|1
|turn|7
|
|t:|1779575172
|move|p1a: QuiverInFear|Moonblast|p2a: MVP
|-damage|p2a: MVP|25/100
|-unboost|p2a: MVP|spa|1
|move|p2a: MVP|Flail|p1a: QuiverInFear
|-damage|p1a: QuiverInFear|9/100
|
|-weather|Sandstorm|[upkeep]
|-damage|p1a: QuiverInFear|2/100|[from] Sandstorm
|upkeep
|turn|8
|-enditem|p2a: MVP|Custap Berry|[eat]
|-activate|p2a: MVP|item: Custap Berry|[consumed]
|
|t:|1779575182
|move|p2a: MVP|Flail|p1a: QuiverInFear
|-damage|p1a: QuiverInFear|0 fnt
|faint|p1a: QuiverInFear
|
|-weather|none
|upkeep
|
|t:|1779575196
|switch|p1a: Tusken|Great Tusk|100/100
|-damage|p1a: Tusken|98/100|[from] Stealth Rock
|-enditem|p1a: Tusken|Booster Energy
|-activate|p1a: Tusken|ability: Protosynthesis|[fromitem]
|-start|p1a: Tusken|protosynthesisatk
|turn|9
|
|t:|1779575206
|move|p1a: Tusken|Rapid Spin|p2a: MVP
|-resisted|p2a: MVP
|-damage|p2a: MVP|16/100
|-boost|p1a: Tusken|spe|1
|-sideend|p1: LucarioLikesLemons|Stealth Rock|[from] move: Rapid Spin|[of] p1a: Tusken
|move|p2a: MVP|Explosion|p1a: Tusken
|-damage|p1a: Tusken|36/100
|faint|p2a: MVP
|
|upkeep
|
|t:|1779575219
|switch|p2a: Sonic|Sandslash, M|100/100
|-activate|p2a: Sonic|move: Sticky Web
|-unboost|p2a: Sonic|spe|1
|turn|10
|
|t:|1779575227
|move|p1a: Tusken|Ice Spinner|p2a: Sonic
|-supereffective|p2a: Sonic
|-damage|p2a: Sonic|17/100
|move|p2a: Sonic|Counter|p1a: Tusken
|-damage|p1a: Tusken|0 fnt
|faint|p1a: Tusken
|-end|p1a: Tusken|Protosynthesis|[silent]
|
|upkeep
|
|t:|1779575232
|switch|p1a: MOTHerfreaker|Iron Moth|100/100
|-enditem|p1a: MOTHerfreaker|Booster Energy
|-activate|p1a: MOTHerfreaker|ability: Quark Drive|[fromitem]
|-start|p1a: MOTHerfreaker|quarkdrivespe
|turn|11
|
|t:|1779575236
|switch|p2a: Reptar|Tyranitar, M|100/100
|-activate|p2a: Reptar|move: Sticky Web
|-unboost|p2a: Reptar|spe|1
|-weather|Sandstorm|[from] ability: Sand Stream|[of] p2a: Reptar
|move|p1a: MOTHerfreaker|Fiery Dance|p2a: Reptar
|-resisted|p2a: Reptar
|-damage|p2a: Reptar|86/100
|
|-weather|Sandstorm|[upkeep]
|-damage|p1a: MOTHerfreaker|94/100|[from] Sandstorm
|upkeep
|turn|12
|
|t:|1779575244
|-terastallize|p1a: MOTHerfreaker|Grass
|move|p1a: MOTHerfreaker|Energy Ball|p2a: Reptar
|-supereffective|p2a: Reptar
|-damage|p2a: Reptar|28/100
|move|p2a: Reptar|Earthquake|p1a: MOTHerfreaker
|-resisted|p1a: MOTHerfreaker
|-damage|p1a: MOTHerfreaker|64/100
|
|-weather|Sandstorm|[upkeep]
|-damage|p1a: MOTHerfreaker|58/100|[from] Sandstorm
|upkeep
|turn|13
|
|t:|1779575251
|-terastallize|p2a: Reptar|Fire
|move|p1a: MOTHerfreaker|Energy Ball|p2a: Reptar
|-resisted|p2a: Reptar
|-crit|p2a: Reptar
|-damage|p2a: Reptar|0 fnt
|faint|p2a: Reptar
|
|-weather|Sandstorm|[upkeep]
|-damage|p1a: MOTHerfreaker|52/100|[from] Sandstorm
|upkeep
|
|t:|1779575259
|switch|p2a: Ouch!|Excadrill, M|100/100
|-activate|p2a: Ouch!|move: Sticky Web
|-unboost|p2a: Ouch!|spe|1
|turn|14
|
|t:|1779575264
|move|p1a: MOTHerfreaker|Fiery Dance|p2a: Ouch!
|-supereffective|p2a: Ouch!
|-enditem|p2a: Ouch!|Focus Sash
|-damage|p2a: Ouch!|1/100
|-boost|p1a: MOTHerfreaker|spa|1
|move|p2a: Ouch!|Rapid Spin|p1a: MOTHerfreaker
|-damage|p1a: MOTHerfreaker|20/100
|-boost|p2a: Ouch!|spe|1
|-sideend|p2: BloodyBill|Sticky Web|[from] move: Rapid Spin|[of] p2a: Ouch!
|
|-weather|Sandstorm|[upkeep]
|-damage|p1a: MOTHerfreaker|14/100|[from] Sandstorm
|upkeep
|turn|15
|
|t:|1779575276
|move|p2a: Ouch!|Rapid Spin|p1a: MOTHerfreaker
|-damage|p1a: MOTHerfreaker|0 fnt
|-boost|p2a: Ouch!|spe|1
|faint|p1a: MOTHerfreaker
|-end|p1a: MOTHerfreaker|Quark Drive|[silent]
|
|-weather|none
|upkeep
|
|t:|1779575279
|switch|p1a: Monkers|Rillaboom, M|100/100
|-fieldstart|move: Grassy Terrain|[from] ability: Grassy Surge|[of] p1a: Monkers
|turn|16
|
|t:|1779575285
|move|p1a: Monkers|Grassy Glide|p2a: Ouch!
|-damage|p2a: Ouch!|0 fnt
|faint|p2a: Ouch!
|-damage|p1a: Monkers|91/100|[from] item: Life Orb
|
|-heal|p1a: Monkers|97/100|[from] Grassy Terrain
|upkeep
|
|t:|1779575289
|switch|p2a: Norris|Landorus-Therian, M|100/100
|-ability|p2a: Norris|Intimidate|boost
|-unboost|p1a: Monkers|atk|1
|turn|17
|
|t:|1779575293
|switch|p1a: CheeseStick|Gholdengo|100/100
|-item|p1a: CheeseStick|Air Balloon
|move|p2a: Norris|Fly||[still]
|-prepare|p2a: Norris|Fly
|
|upkeep
|turn|18
|
|t:|1779575301
|move|p2a: Norris|Fly|p1a: CheeseStick|[from] lockedmove
|-resisted|p1a: CheeseStick
|-damage|p1a: CheeseStick|61/100
|-enditem|p1a: CheeseStick|Air Balloon
|move|p1a: CheeseStick|Make It Rain|p2a: Norris
|-damage|p2a: Norris|20/100
|-unboost|p1a: CheeseStick|spa|1
|
|-heal|p1a: CheeseStick|67/100|[from] Grassy Terrain
|upkeep
|turn|19
|
|t:|1779575308
|switch|p2a: Sonic|Sandslash, M|17/100
|move|p1a: CheeseStick|Make It Rain|p2a: Sonic
|-damage|p2a: Sonic|0 fnt
|-unboost|p1a: CheeseStick|spa|1
|faint|p2a: Sonic
|
|-heal|p1a: CheeseStick|73/100|[from] Grassy Terrain
|upkeep
|
|t:|1779575312
|switch|p2a: Norris|Landorus-Therian, M|20/100
|-ability|p2a: Norris|Intimidate|boost
|-unboost|p1a: CheeseStick|atk|1
|turn|20
|-message|BloodyBill forfeited.
|
|win|LucarioLikesLemons
|raw|LucarioLikesLemons's rating: 1114 &rarr; <strong>1140</strong><br />(+26 for winning)
|raw|BloodyBill's rating: 1134 &rarr; <strong>1108</strong><br />(-26 for losing)
|l|☆BloodyBill
|player|p2|
|l|☆LucarioLikesLemons
|player|p1|
