|j|☆neo_yuji
|j|☆BreninLogan
|t:|1779656067
|gametype|singles
|player|p1|neo_yuji|pokemaniac|1117
|player|p2|BreninLogan|blue|1170
|gen|9
|tier|[Gen 9] OU
|rated|
|rule|HP Percentage Mod: HP is shown in percentages
|rule|Endless Battle Clause: Forcing endless battles is banned
|rule|Species Clause: Limit one of each Pokémon
|rule|OHKO Clause: OHKO moves are banned
|rule|Evasion Items Clause: Evasion items are banned
|rule|Evasion Moves Clause: Evasion moves are banned
|rule|Evasion Abilities Clause: Evasion abilities are banned
|rule|Sleep Moves Clause: Sleep-inducing moves are banned
|clearpoke
|poke|p1|Zamazenta-*|
|poke|p1|Pecharunt|
|poke|p1|Enamorus, F|
|poke|p1|Goodra-Hisui, F|
|poke|p1|Glimmora, F|
|poke|p1|Dragapult, F|
|poke|p2|Jolteon, M|
|poke|p2|Slowking-Galar, M|
|poke|p2|Ogerpon-Wellspring, F|
|poke|p2|Moltres|
|poke|p2|Hydrapple, M|
|poke|p2|Kingambit, M|
|teampreview
|inactive|Battle timer is ON: inactive players will automatically lose when time's up. (requested by neo_yuji)
|inactive|BreninLogan has 120 seconds left.
|
|t:|1779656098
|teamsize|p1|6
|teamsize|p2|6
|start
|switch|p1a: Dragapult|Dragapult, F|100/100
|switch|p2a: Slowking|Slowking-Galar, M|100/100
|turn|1
|inactive|neo_yuji has 120 seconds left.
|
|t:|1779656135
|move|p1a: Dragapult|Thunderbolt|p2a: Slowking
|-damage|p2a: Slowking|85/100
|move|p2a: Slowking|Ice Beam|p1a: Dragapult
|-supereffective|p1a: Dragapult
|-damage|p1a: Dragapult|61/100
|
|upkeep
|turn|2
|
|t:|1779656141
|move|p1a: Dragapult|U-turn|p2a: Slowking
|-damage|p2a: Slowking|66/100
|
|t:|1779656144
|switch|p1a: Goodra|Goodra-Hisui, F|100/100|[from] U-turn
|-prepare|p2a: Slowking|Chilly Reception|[premajor]
|move|p2a: Slowking|Chilly Reception|p2a: Slowking
|-weather|Snowscape
|inactive|BreninLogan has 120 seconds left.
|
|t:|1779656175
|switch|p2a: Jolteon|Jolteon, M|100/100|[from] Chilly Reception
|
|-weather|Snowscape|[upkeep]
|upkeep
|turn|3
|inactive|BreninLogan has 120 seconds left.
|
|t:|1779656186
|move|p2a: Jolteon|Calm Mind|p2a: Jolteon
|-boost|p2a: Jolteon|spa|1
|-boost|p2a: Jolteon|spd|1
|move|p1a: Goodra|Draco Meteor|p2a: Jolteon
|-damage|p2a: Jolteon|49/100
|-unboost|p1a: Goodra|spa|2
|
|-weather|Snowscape|[upkeep]
|upkeep
|turn|4
|
|t:|1779656201
|switch|p1a: Dragapult|Dragapult, F|61/100
|move|p2a: Jolteon|Calm Mind|p2a: Jolteon
|-boost|p2a: Jolteon|spa|1
|-boost|p2a: Jolteon|spd|1
|
|-weather|Snowscape|[upkeep]
|upkeep
|turn|5
|
|t:|1779656211
|-terastallize|p2a: Jolteon|Fairy
|move|p1a: Dragapult|Flamethrower|p2a: Jolteon
|-crit|p2a: Jolteon
|-damage|p2a: Jolteon|0 fnt
|faint|p2a: Jolteon
|
|-weather|Snowscape|[upkeep]
|upkeep
|
|t:|1779656219
|switch|p2a: Kingambit|Kingambit, M|100/100
|-activate|p2a: Kingambit|ability: Supreme Overlord
|-start|p2a: Kingambit|fallen1|[silent]
|turn|6
|c|☆neo_yuji|Wow
|
|t:|1779656229
|switch|p1a: Enamorus|Enamorus, F|100/100
|move|p2a: Kingambit|Swords Dance|p2a: Kingambit
|-boost|p2a: Kingambit|atk|2
|
|-weather|none
|upkeep
|turn|7
|
|t:|1779656234
|move|p1a: Enamorus|Superpower|p2a: Kingambit
|-supereffective|p2a: Kingambit
|-damage|p2a: Kingambit|11/100
|-boost|p1a: Enamorus|atk|1
|-boost|p1a: Enamorus|def|1
|move|p2a: Kingambit|Iron Head|p1a: Enamorus
|-supereffective|p1a: Enamorus
|-damage|p1a: Enamorus|0 fnt
|faint|p1a: Enamorus
|
|-heal|p2a: Kingambit|17/100|[from] item: Leftovers
|upkeep
|
|t:|1779656241
|switch|p1a: Glimmora|Glimmora, F|100/100
|turn|8
|
|t:|1779656254
|move|p1a: Glimmora|Energy Ball|p2a: Kingambit
|-resisted|p2a: Kingambit
|-damage|p2a: Kingambit|1/100
|move|p2a: Kingambit|Iron Head|p1a: Glimmora
|-supereffective|p1a: Glimmora
|-damage|p1a: Glimmora|0 fnt
|-activate|p1a: Glimmora|ability: Toxic Debris
|-sidestart|p2: BreninLogan|move: Toxic Spikes
|faint|p1a: Glimmora
|
|-heal|p2a: Kingambit|7/100|[from] item: Leftovers
|upkeep
|
|t:|1779656263
|switch|p1a: Zamazenta|Zamazenta|100/100
|-ability|p1a: Zamazenta|Dauntless Shield|boost
|-boost|p1a: Zamazenta|def|1
|turn|9
|
|t:|1779656270
|move|p2a: Kingambit|Sucker Punch|p1a: Zamazenta
|-resisted|p1a: Zamazenta
|-damage|p1a: Zamazenta|76/100
|move|p1a: Zamazenta|Body Press|p2a: Kingambit
|-supereffective|p2a: Kingambit
|-damage|p2a: Kingambit|0 fnt
|faint|p2a: Kingambit
|-end|p2a: Kingambit|fallen1|[silent]
|
|upkeep
|
|t:|1779656277
|switch|p2a: Slowking|Slowking-Galar, M|99/100
|-sideend|p2: BreninLogan|move: Toxic Spikes|[of] p2a: Slowking
|turn|10
|
|t:|1779656283
|move|p1a: Zamazenta|Crunch|p2a: Slowking
|-supereffective|p2a: Slowking
|-damage|p2a: Slowking|54/100
|move|p2a: Slowking|Toxic|p1a: Zamazenta
|-status|p1a: Zamazenta|tox
|
|-damage|p1a: Zamazenta|70/100 tox|[from] psn
|upkeep
|turn|11
|
|t:|1779656297
|move|p1a: Zamazenta|Crunch|p2a: Slowking
|-supereffective|p2a: Slowking
|-damage|p2a: Slowking|9/100
|move|p2a: Slowking|Future Sight|p1a: Zamazenta
|-start|p2a: Slowking|move: Future Sight
|
|-damage|p1a: Zamazenta|58/100 tox|[from] psn
|upkeep
|turn|12
|
|t:|1779656317
|move|p1a: Zamazenta|Body Press|p2a: Slowking
|-resisted|p2a: Slowking
|-damage|p2a: Slowking|0 fnt
|faint|p2a: Slowking
|
|-damage|p1a: Zamazenta|40/100 tox|[from] psn
|upkeep
|
|t:|1779656326
|switch|p2a: Moltres|Moltres|100/100
|turn|13
|
|t:|1779656335
|move|p1a: Zamazenta|Body Press|p2a: Moltres
|-resisted|p2a: Moltres
|-damage|p2a: Moltres|82/100
|move|p2a: Moltres|Flamethrower|p1a: Zamazenta
|-damage|p1a: Zamazenta|15/100 tox
|
|-end|p1a: Zamazenta|move: Future Sight
|-supereffective|p1a: Zamazenta
|-damage|p1a: Zamazenta|0 fnt
|faint|p1a: Zamazenta
|upkeep
|
|t:|1779656341
|switch|p1a: Pecharunt|Pecharunt|100/100
|turn|14
|c|☆neo_yuji|Full assault vest tesm
|c|☆neo_yuji|it’s still winnable
|inactive|BreninLogan has 120 seconds left.
|
|t:|1779656371
|move|p2a: Moltres|Will-O-Wisp|p1a: Pecharunt
|-status|p1a: Pecharunt|brn
|move|p1a: Pecharunt|Malignant Chain|p2a: Moltres
|-damage|p2a: Moltres|37/100
|
|-damage|p1a: Pecharunt|94/100 brn|[from] brn
|upkeep
|turn|15
|inactive|BreninLogan has 120 seconds left.
|
|t:|1779656381
|move|p2a: Moltres|Roost|p2a: Moltres
|-heal|p2a: Moltres|87/100
|-singleturn|p2a: Moltres|move: Roost
|move|p1a: Pecharunt|Malignant Chain|p2a: Moltres
|-damage|p2a: Moltres|40/100
|-status|p2a: Moltres|tox
|-start|p2a: Moltres|confusion|[from] ability: Poison Puppeteer|[of] p1a: Pecharunt
|
|-damage|p2a: Moltres|34/100 tox|[from] psn
|-damage|p1a: Pecharunt|88/100 brn|[from] brn
|upkeep
|turn|16
|inactive|BreninLogan has 120 seconds left.
|
|t:|1779656411
|-activate|p2a: Moltres|confusion
|move|p2a: Moltres|Roost|p2a: Moltres
|-heal|p2a: Moltres|85/100 tox
|-singleturn|p2a: Moltres|move: Roost
|move|p1a: Pecharunt|Hex|p2a: Moltres
|-damage|p2a: Moltres|23/100 tox
|
|-damage|p2a: Moltres|11/100 tox|[from] psn
|-damage|p1a: Pecharunt|82/100 brn|[from] brn
|upkeep
|turn|17
|
|t:|1779656418
|-activate|p2a: Moltres|confusion
|move|p2a: Moltres|Flamethrower|p1a: Pecharunt
|-damage|p1a: Pecharunt|56/100 brn
|move|p1a: Pecharunt|Hex|p2a: Moltres
|-damage|p2a: Moltres|0 fnt
|faint|p2a: Moltres
|
|-damage|p1a: Pecharunt|50/100 brn|[from] brn
|upkeep
|
|t:|1779656429
|switch|p2a: Ogerpon|Ogerpon-Wellspring, F|100/100
|turn|18
|
|t:|1779656437
|-terastallize|p1a: Pecharunt|Poison
|move|p2a: Ogerpon|Ivy Cudgel|p1a: Pecharunt|[anim] Ivy Cudgel Water
|-damage|p1a: Pecharunt|12/100 brn
|move|p1a: Pecharunt|Malignant Chain|p2a: Ogerpon
|-supereffective|p2a: Ogerpon
|-damage|p2a: Ogerpon|0 fnt
|faint|p2a: Ogerpon
|
|-damage|p1a: Pecharunt|6/100 brn|[from] brn
|upkeep
|
|t:|1779656444
|switch|p2a: Hydrapple|Hydrapple, M|100/100
|turn|19
|
|t:|1779656452
|move|p1a: Pecharunt|Malignant Chain|p2a: Hydrapple
|-supereffective|p2a: Hydrapple
|-damage|p2a: Hydrapple|0 fnt
|faint|p2a: Hydrapple
|
|win|neo_yuji
|raw|neo_yuji's rating: 1117 &rarr; <strong>1146</strong><br />(+29 for winning)
|raw|BreninLogan's rating: 1170 &rarr; <strong>1141</strong><br />(-29 for losing)
|c|☆neo_yuji|Gh
|c|☆neo_yuji|gg
|l|☆BreninLogan
|player|p2|
