|j|☆fregene97
|j|☆Titanosaurus
|t:|1779621688
|gametype|singles
|player|p1|fregene97|cyclist-gen4|1352
|player|p2|Titanosaurus|byron|1365
|gen|9
|tier|[Gen 9] OU
|rated|
|rule|HP Percentage Mod: HP is shown in percentages
|rule|Endless Battle Clause: Forcing endless battles is banned
|rule|Species Clause: Limit one of each Pokémon
|rule|OHKO Clause: OHKO moves are banned
|rule|Evasion Items Clause: Evasion items are banned
|rule|Evasion Moves Clause: Evasion moves are banned
|rule|Evasion Abilities Clause: Evasion abilities are banned
|rule|Sleep Moves Clause: Sleep-inducing moves are banned
|clearpoke
|poke|p1|Kingambit, M|
|poke|p1|Iron Valiant|
|poke|p1|Glimmora, F|
|poke|p1|Raging Bolt|
|poke|p1|Chandelure, F|
|poke|p1|Cloyster, F|
|poke|p2|Politoed, M|
|poke|p2|Zapdos|
|poke|p2|Clodsire, F|
|poke|p2|Corviknight, M|
|poke|p2|Barraskewda, F|
|poke|p2|Kingambit, F|
|teampreview
|inactive|Battle timer is ON: inactive players will automatically lose when time's up. (requested by fregene97)
|inactive|Titanosaurus has 120 seconds left.
|
|t:|1779621740
|teamsize|p1|6
|teamsize|p2|6
|start
|switch|p1a: Glimmora|Glimmora, F|100/100
|switch|p2a: Politoed|Politoed, M|100/100
|-weather|RainDance|[from] ability: Drizzle|[of] p2a: Politoed
|turn|1
|
|t:|1779621757
|move|p1a: Glimmora|Meteor Beam||[still]
|-prepare|p1a: Glimmora|Meteor Beam
|-boost|p1a: Glimmora|spa|1
|-enditem|p1a: Glimmora|Power Herb
|-anim|p1a: Glimmora|Meteor Beam|p2a: Politoed
|-damage|p2a: Politoed|43/100
|move|p2a: Politoed|Surf|p1a: Glimmora
|-supereffective|p1a: Glimmora
|-damage|p1a: Glimmora|0 fnt
|faint|p1a: Glimmora
|
|-weather|RainDance|[upkeep]
|upkeep
|
|t:|1779621765
|switch|p1a: Cloyster|Cloyster, F, shiny|100/100
|turn|2
|
|t:|1779621774
|switch|p2a: Corviknight|Corviknight, M|100/100
|move|p1a: Cloyster|Shell Smash|p1a: Cloyster
|-unboost|p1a: Cloyster|def|1
|-unboost|p1a: Cloyster|spd|1
|-boost|p1a: Cloyster|atk|2
|-boost|p1a: Cloyster|spa|2
|-boost|p1a: Cloyster|spe|2
|
|-weather|RainDance|[upkeep]
|upkeep
|turn|3
|
|t:|1779621804
|move|p1a: Cloyster|Icicle Spear|p2a: Corviknight
|-crit|p2a: Corviknight
|-damage|p2a: Corviknight|78/100
|-damage|p2a: Corviknight|60/100
|-damage|p2a: Corviknight|45/100
|-damage|p2a: Corviknight|28/100
|-damage|p2a: Corviknight|12/100
|-hitcount|p2a: Corviknight|5
|-damage|p1a: Cloyster|91/100|[from] item: Life Orb
|move|p2a: Corviknight|Body Press|p1a: Cloyster
|-supereffective|p1a: Cloyster
|-damage|p1a: Cloyster|29/100
|
|-weather|RainDance|[upkeep]
|upkeep
|turn|4
|
|t:|1779621817
|move|p1a: Cloyster|Icicle Spear|p2a: Corviknight
|-damage|p2a: Corviknight|0 fnt
|faint|p2a: Corviknight
|-hitcount|p2: Corviknight|1
|-damage|p1a: Cloyster|19/100|[from] item: Life Orb
|
|-weather|RainDance|[upkeep]
|upkeep
|
|t:|1779621820
|switch|p2a: Barraskewda|Barraskewda, F|100/100
|turn|5
|
|t:|1779621825
|move|p1a: Cloyster|Ice Shard|p2a: Barraskewda
|-resisted|p2a: Barraskewda
|-damage|p2a: Barraskewda|54/100
|-damage|p1a: Cloyster|9/100|[from] item: Life Orb
|move|p2a: Barraskewda|Liquidation|p1a: Cloyster
|-resisted|p1a: Cloyster
|-crit|p1a: Cloyster
|-damage|p1a: Cloyster|0 fnt
|faint|p1a: Cloyster
|
|-weather|RainDance|[upkeep]
|upkeep
|
|t:|1779621829
|switch|p1a: Raging Bolt|Raging Bolt|100/100
|-enditem|p1a: Raging Bolt|Booster Energy
|-activate|p1a: Raging Bolt|ability: Protosynthesis|[fromitem]
|-start|p1a: Raging Bolt|protosynthesisspa
|turn|6
|
|t:|1779621833
|switch|p2a: Clodsire|Clodsire, F|100/100
|move|p1a: Raging Bolt|Dragon Pulse|p2a: Clodsire
|-damage|p2a: Clodsire|67/100
|
|-weather|RainDance|[upkeep]
|-heal|p2a: Clodsire|74/100|[from] item: Leftovers
|upkeep
|turn|7
|
|t:|1779621836
|-end|p1a: Raging Bolt|Protosynthesis|[silent]
|switch|p1a: Kingambit|Kingambit, M|100/100
|-activate|p1a: Kingambit|ability: Supreme Overlord
|-start|p1a: Kingambit|fallen2|[silent]
|move|p2a: Clodsire|Toxic|p1a: Kingambit
|-immune|p1a: Kingambit
|
|-weather|RainDance|[upkeep]
|-heal|p2a: Clodsire|80/100|[from] item: Leftovers
|upkeep
|turn|8
|
|t:|1779621840
|switch|p2a: Zapdos|Zapdos|100/100
|-terastallize|p1a: Kingambit|Ghost
|move|p1a: Kingambit|Swords Dance|p1a: Kingambit
|-boost|p1a: Kingambit|atk|2
|
|-weather|none
|upkeep
|turn|9
|
|t:|1779621854
|switch|p2a: Politoed|Politoed, M|43/100
|-weather|RainDance|[from] ability: Drizzle|[of] p2a: Politoed
|move|p1a: Kingambit|Kowtow Cleave|p2a: Politoed
|-damage|p2a: Politoed|0 fnt
|faint|p2a: Politoed
|
|-weather|RainDance|[upkeep]
|upkeep
|
|t:|1779621859
|switch|p2a: Kingambit|Kingambit, F|100/100
|-activate|p2a: Kingambit|ability: Supreme Overlord
|-start|p2a: Kingambit|fallen2|[silent]
|turn|10
|inactive|fregene97 has 120 seconds left.
|
|t:|1779621891
|move|p1a: Kingambit|Kowtow Cleave|p2a: Kingambit
|-resisted|p2a: Kingambit
|-damage|p2a: Kingambit|60/100
|move|p2a: Kingambit|Kowtow Cleave|p1a: Kingambit
|-supereffective|p1a: Kingambit
|-damage|p1a: Kingambit|0 fnt
|faint|p1a: Kingambit
|-end|p1a: Kingambit|fallen2|[silent]
|
|-weather|RainDance|[upkeep]
|-heal|p2a: Kingambit|66/100|[from] item: Leftovers
|upkeep
|
|t:|1779621895
|switch|p1a: Raging Bolt|Raging Bolt|100/100
|turn|11
|
|t:|1779621905
|move|p1a: Raging Bolt|Calm Mind|p1a: Raging Bolt
|-boost|p1a: Raging Bolt|spa|1
|-boost|p1a: Raging Bolt|spd|1
|move|p2a: Kingambit|Kowtow Cleave|p1a: Raging Bolt
|-damage|p1a: Raging Bolt|45/100
|
|-weather|RainDance|[upkeep]
|-heal|p2a: Kingambit|72/100|[from] item: Leftovers
|upkeep
|turn|12
|
|t:|1779621909
|-end|p2a: Kingambit|fallen2|[silent]
|switch|p2a: Clodsire|Clodsire, F|80/100
|move|p1a: Raging Bolt|Thunderclap||[still]
|-fail|p1a: Raging Bolt
|
|-weather|RainDance|[upkeep]
|-heal|p2a: Clodsire|86/100|[from] item: Leftovers
|upkeep
|turn|13
|
|t:|1779621914
|move|p1a: Raging Bolt|Dragon Pulse|p2a: Clodsire
|-damage|p2a: Clodsire|47/100
|move|p2a: Clodsire|Toxic|p1a: Raging Bolt
|-status|p1a: Raging Bolt|tox
|
|-weather|RainDance|[upkeep]
|-heal|p2a: Clodsire|53/100|[from] item: Leftovers
|-damage|p1a: Raging Bolt|39/100 tox|[from] psn
|upkeep
|turn|14
|
|t:|1779621917
|move|p1a: Raging Bolt|Dragon Pulse|p2a: Clodsire
|-damage|p2a: Clodsire|9/100
|move|p2a: Clodsire|Recover|p2a: Clodsire
|-heal|p2a: Clodsire|59/100
|
|-weather|RainDance|[upkeep]
|-heal|p2a: Clodsire|66/100|[from] item: Leftovers
|-damage|p1a: Raging Bolt|27/100 tox|[from] psn
|upkeep
|turn|15
|
|t:|1779621920
|move|p1a: Raging Bolt|Dragon Pulse|p2a: Clodsire
|-damage|p2a: Clodsire|25/100
|move|p2a: Clodsire|Recover|p2a: Clodsire
|-heal|p2a: Clodsire|75/100
|
|-weather|RainDance|[upkeep]
|-heal|p2a: Clodsire|82/100|[from] item: Leftovers
|-damage|p1a: Raging Bolt|8/100 tox|[from] psn
|upkeep
|turn|16
|
|t:|1779621923
|move|p1a: Raging Bolt|Dragon Pulse|p2a: Clodsire
|-damage|p2a: Clodsire|44/100
|move|p2a: Clodsire|Recover|p2a: Clodsire
|-heal|p2a: Clodsire|94/100
|
|-weather|none
|-heal|p2a: Clodsire|100/100|[from] item: Leftovers
|-damage|p1a: Raging Bolt|0 fnt|[from] psn
|faint|p1a: Raging Bolt
|-end|p1a: Raging Bolt|Protosynthesis|[silent]
|upkeep
|
|t:|1779621926
|switch|p1a: Chandelure|Chandelure, F|100/100
|turn|17
|
|t:|1779621929
|move|p1a: Chandelure|Psychic|p2a: Clodsire
|-supereffective|p2a: Clodsire
|-damage|p2a: Clodsire|66/100
|move|p2a: Clodsire|Toxic|p1a: Chandelure
|-status|p1a: Chandelure|tox
|
|-heal|p2a: Clodsire|72/100|[from] item: Leftovers
|-damage|p1a: Chandelure|94/100 tox|[from] psn
|upkeep
|turn|18
|
|t:|1779621932
|switch|p2a: Kingambit|Kingambit, F|72/100
|-activate|p2a: Kingambit|ability: Supreme Overlord
|-start|p2a: Kingambit|fallen2|[silent]
|move|p1a: Chandelure|Psychic|p2a: Kingambit
|-immune|p2a: Kingambit
|
|-heal|p2a: Kingambit|78/100|[from] item: Leftovers
|-damage|p1a: Chandelure|82/100 tox|[from] psn
|upkeep
|turn|19
|
|t:|1779621938
|switch|p1a: Iron Valiant|Iron Valiant|100/100
|-enditem|p1a: Iron Valiant|Booster Energy
|-activate|p1a: Iron Valiant|ability: Quark Drive|[fromitem]
|-start|p1a: Iron Valiant|quarkdrivespe
|-end|p2a: Kingambit|fallen2|[silent]
|switch|p2a: Clodsire|Clodsire, F|72/100
|
|-heal|p2a: Clodsire|79/100|[from] item: Leftovers
|upkeep
|turn|20
|
|t:|1779621943
|-end|p1a: Iron Valiant|Quark Drive|[silent]
|switch|p1a: Chandelure|Chandelure, F|82/100 tox
|move|p2a: Clodsire|Toxic|p1a: Chandelure
|-fail|p1a: Chandelure|tox
|
|-heal|p2a: Clodsire|85/100|[from] item: Leftovers
|-damage|p1a: Chandelure|76/100 tox|[from] psn
|upkeep
|turn|21
|
|t:|1779621951
|switch|p2a: Zapdos|Zapdos|100/100
|move|p1a: Chandelure|Dark Pulse|p2a: Zapdos
|-damage|p2a: Zapdos|64/100
|
|-damage|p1a: Chandelure|64/100 tox|[from] psn
|upkeep
|turn|22
|
|t:|1779621956
|move|p2a: Zapdos|Thunderbolt|p1a: Chandelure
|-crit|p1a: Chandelure
|-damage|p1a: Chandelure|0 fnt
|faint|p1a: Chandelure
|
|upkeep
|
|t:|1779621958
|switch|p1a: Iron Valiant|Iron Valiant|100/100
|turn|23
|
|t:|1779621960
|move|p2a: Zapdos|Thunderbolt|p1a: Iron Valiant
|-damage|p1a: Iron Valiant|6/100
|move|p1a: Iron Valiant|Swords Dance|p1a: Iron Valiant
|-boost|p1a: Iron Valiant|atk|2
|
|upkeep
|turn|24
|-message|fregene97 forfeited.
|
|win|Titanosaurus
|raw|fregene97's rating: 1332 &rarr; <strong>1314</strong><br />(-18 for losing)
|raw|Titanosaurus's rating: 1365 &rarr; <strong>1383</strong><br />(+18 for winning)
|l|☆fregene97
|player|p1|
|l|☆Titanosaurus
|player|p2|
