|j|☆chrisfeb1992
|j|☆xxxduqi
|t:|1779590242
|gametype|singles
|player|p1|chrisfeb1992|101|1310
|player|p2|xxxduqi|miku-flying|1309
|gen|9
|tier|[Gen 9] OU
|rated|
|rule|HP Percentage Mod: HP is shown in percentages
|rule|Endless Battle Clause: Forcing endless battles is banned
|rule|Species Clause: Limit one of each Pokémon
|rule|OHKO Clause: OHKO moves are banned
|rule|Evasion Items Clause: Evasion items are banned
|rule|Evasion Moves Clause: Evasion moves are banned
|rule|Evasion Abilities Clause: Evasion abilities are banned
|rule|Sleep Moves Clause: Sleep-inducing moves are banned
|clearpoke
|poke|p1|Ceruledge, F|
|poke|p1|Ribombee, M|
|poke|p1|Ursaluna, F|
|poke|p1|Darkrai|
|poke|p1|Iron Treads|
|poke|p1|Regieleki|
|poke|p2|Gliscor, M|
|poke|p2|Serperior, F|
|poke|p2|Alomomola, M|
|poke|p2|Garganacl, M|
|poke|p2|Iron Valiant|
|poke|p2|Cinderace, M|
|teampreview
|inactive|Battle timer is ON: inactive players will automatically lose when time's up. (requested by xxxduqi)
|
|t:|1779590256
|teamsize|p1|6
|teamsize|p2|6
|start
|switch|p1a: Regieleki|Regieleki|100/100
|switch|p2a: Cinderace|Cinderace, M|100/100
|turn|1
|
|t:|1779590266
|move|p1a: Regieleki|Thunderbolt|p2a: Cinderace
|-damage|p2a: Cinderace|3/100
|-status|p2a: Cinderace|par
|cant|p2a: Cinderace|par
|
|upkeep
|turn|2
|
|t:|1779590275
|switch|p1a: Ursaluna|Ursaluna, F|100/100
|switch|p2a: Gliscor|Gliscor, M|100/100
|
|-status|p2a: Gliscor|tox|[from] item: Toxic Orb
|-status|p1a: Ursaluna|brn|[from] item: Flame Orb
|upkeep
|turn|3
|
|t:|1779590288
|switch|p2a: Cinderace|Cinderace, M|3/100 par
|move|p1a: Ursaluna|Swords Dance|p1a: Ursaluna
|-boost|p1a: Ursaluna|atk|2
|
|-damage|p1a: Ursaluna|94/100 brn|[from] brn
|upkeep
|turn|4
|
|t:|1779590297
|move|p1a: Ursaluna|Trailblaze|p2a: Cinderace
|-resisted|p2a: Cinderace
|-damage|p2a: Cinderace|0 fnt
|-boost|p1a: Ursaluna|spe|1
|faint|p2a: Cinderace
|
|-damage|p1a: Ursaluna|88/100 brn|[from] brn
|upkeep
|
|t:|1779590299
|switch|p2a: Iron Valiant|Iron Valiant|100/100
|-enditem|p2a: Iron Valiant|Booster Energy
|-activate|p2a: Iron Valiant|ability: Quark Drive|[fromitem]
|-start|p2a: Iron Valiant|quarkdrivespe
|turn|5
|
|t:|1779590319
|switch|p1a: Ceruledge|Ceruledge, F|100/100
|move|p2a: Iron Valiant|Moonblast|p1a: Ceruledge
|-resisted|p1a: Ceruledge
|-damage|p1a: Ceruledge|75/100
|
|upkeep
|turn|6
|
|t:|1779590326
|move|p2a: Iron Valiant|Substitute|p2a: Iron Valiant
|-start|p2a: Iron Valiant|Substitute
|-damage|p2a: Iron Valiant|76/100
|move|p1a: Ceruledge|Bitter Blade|p2a: Iron Valiant
|-end|p2a: Iron Valiant|Substitute
|-heal|p1a: Ceruledge|87/100|[from] drain|[of] p2a: Iron Valiant
|
|upkeep
|turn|7
|
|t:|1779590334
|-end|p2a: Iron Valiant|Quark Drive|[silent]
|switch|p2a: Gliscor|Gliscor, M|100/100 tox
|move|p1a: Ceruledge|Bitter Blade|p2a: Gliscor
|-damage|p2a: Gliscor|67/100 tox
|-heal|p1a: Ceruledge|100/100|[from] drain|[of] p2a: Gliscor
|
|-heal|p2a: Gliscor|79/100 tox|[from] ability: Poison Heal
|upkeep
|turn|8
|
|t:|1779590345
|-terastallize|p1a: Ceruledge|Ghost
|move|p1a: Ceruledge|Swords Dance|p1a: Ceruledge
|-boost|p1a: Ceruledge|atk|2
|move|p2a: Gliscor|Toxic|p1a: Ceruledge
|-status|p1a: Ceruledge|tox
|
|-damage|p1a: Ceruledge|94/100 tox|[from] psn
|-heal|p2a: Gliscor|92/100 tox|[from] ability: Poison Heal
|upkeep
|turn|9
|
|t:|1779590356
|switch|p2a: 盐亡|Garganacl, M|100/100
|move|p1a: Ceruledge|Swords Dance|p1a: Ceruledge
|-boost|p1a: Ceruledge|atk|2
|
|-damage|p1a: Ceruledge|82/100 tox|[from] psn
|upkeep
|turn|10
|
|t:|1779590364
|move|p2a: 盐亡|Protect|p2a: 盐亡
|-singleturn|p2a: 盐亡|Protect
|move|p1a: Ceruledge|Poltergeist|p2a: 盐亡
|-activate|p2a: 盐亡|move: Protect
|
|-damage|p1a: Ceruledge|63/100 tox|[from] psn
|upkeep
|turn|11
|
|t:|1779590373
|move|p1a: Ceruledge|Bitter Blade|p2a: 盐亡
|-resisted|p2a: 盐亡
|-crit|p2a: 盐亡
|-damage|p2a: 盐亡|32/100
|-heal|p1a: Ceruledge|100/100 tox|[from] drain|[of] p2a: 盐亡
|move|p2a: 盐亡|Curse|p2a: 盐亡
|-unboost|p2a: 盐亡|spe|1
|-boost|p2a: 盐亡|atk|1
|-boost|p2a: 盐亡|def|1
|
|-heal|p2a: 盐亡|38/100|[from] item: Leftovers
|-damage|p1a: Ceruledge|76/100 tox|[from] psn
|upkeep
|turn|12
|
|t:|1779590387
|move|p2a: 盐亡|Protect|p2a: 盐亡
|-singleturn|p2a: 盐亡|Protect
|move|p1a: Ceruledge|Bitter Blade|p2a: 盐亡
|-activate|p2a: 盐亡|move: Protect
|
|-heal|p2a: 盐亡|44/100|[from] item: Leftovers
|-damage|p1a: Ceruledge|45/100 tox|[from] psn
|upkeep
|turn|13
|
|t:|1779590397
|move|p1a: Ceruledge|Bitter Blade|p2a: 盐亡
|-resisted|p2a: 盐亡
|-crit|p2a: 盐亡
|-damage|p2a: 盐亡|0 fnt
|-heal|p1a: Ceruledge|74/100 tox|[from] drain|[of] p2a: 盐亡
|faint|p2a: 盐亡
|
|-damage|p1a: Ceruledge|37/100 tox|[from] psn
|upkeep
|
|t:|1779590407
|switch|p2a: Gliscor|Gliscor, M|92/100 tox
|turn|14
|
|t:|1779590410
|move|p2a: Gliscor|Protect|p2a: Gliscor
|-singleturn|p2a: Gliscor|Protect
|move|p1a: Ceruledge|Bitter Blade|p2a: Gliscor
|-activate|p2a: Gliscor|move: Protect
|
|-damage|p1a: Ceruledge|0 fnt|[from] psn
|faint|p1a: Ceruledge
|-heal|p2a: Gliscor|100/100 tox|[from] ability: Poison Heal
|upkeep
|
|t:|1779590424
|switch|p1a: Ursaluna|Ursaluna, F|88/100 brn
|turn|15
|
|t:|1779590451
|switch|p2a: Serperior|Serperior, F|100/100
|move|p1a: Ursaluna|Facade|p2a: Serperior
|-damage|p2a: Serperior|1/100
|
|-heal|p2a: Serperior|7/100|[from] item: Leftovers
|-damage|p1a: Ursaluna|82/100 brn|[from] brn
|upkeep
|turn|16
|
|t:|1779590460
|switch|p1a: Iron Treads|Iron Treads|100/100
|-enditem|p1a: Iron Treads|Booster Energy
|-activate|p1a: Iron Treads|ability: Quark Drive|[fromitem]
|-start|p1a: Iron Treads|quarkdrivespe
|move|p2a: Serperior|Leaf Storm|p1a: Iron Treads
|-damage|p1a: Iron Treads|46/100
|-boost|p2a: Serperior|spa|2
|
|-heal|p2a: Serperior|13/100|[from] item: Leftovers
|upkeep
|turn|17
|
|t:|1779590473
|switch|p2a: Alomomola|Alomomola, M|100/100
|move|p1a: Iron Treads|Stealth Rock|p2a: Alomomola
|-sidestart|p2: xxxduqi|move: Stealth Rock
|
|upkeep
|turn|18
|
|t:|1779590479
|move|p1a: Iron Treads|Volt Switch|p2a: Alomomola
|-supereffective|p2a: Alomomola
|-damage|p2a: Alomomola|84/100
|
|t:|1779590484
|-end|p1a: Iron Treads|Quark Drive|[silent]
|switch|p1a: Ursaluna|Ursaluna, F|82/100 brn|[from] Volt Switch
|move|p2a: Alomomola|Wish|p2a: Alomomola
|
|-damage|p1a: Ursaluna|75/100 brn|[from] brn
|upkeep
|turn|19
|
|t:|1779590492
|move|p1a: Ursaluna|Swords Dance|p1a: Ursaluna
|-boost|p1a: Ursaluna|atk|2
|move|p2a: Alomomola|Flip Turn|p1a: Ursaluna
|-supereffective|p1a: Ursaluna
|-damage|p1a: Ursaluna|54/100 brn
|
|t:|1779590497
|switch|p2a: Serperior|Serperior, F|13/100|[from] Flip Turn
|-damage|p2a: Serperior|1/100|[from] Stealth Rock
|
|-heal|p2a: Serperior|76/100|[from] move: Wish|[wisher] Alomomola
|-heal|p2a: Serperior|83/100|[from] item: Leftovers
|-damage|p1a: Ursaluna|48/100 brn|[from] brn
|upkeep
|turn|20
|
|t:|1779590510
|switch|p1a: Iron Treads|Iron Treads|46/100
|move|p2a: Serperior|Leaf Storm|p1a: Iron Treads
|-damage|p1a: Iron Treads|0 fnt
|-boost|p2a: Serperior|spa|2
|faint|p1a: Iron Treads
|-end|p1a: Iron Treads|Quark Drive|[silent]
|
|-heal|p2a: Serperior|89/100|[from] item: Leftovers
|upkeep
|
|t:|1779590520
|switch|p1a: Ribombee|Ribombee, M|100/100
|turn|21
|
|t:|1779590524
|move|p1a: Ribombee|Moonblast|p2a: Serperior
|-damage|p2a: Serperior|48/100
|-boost|p2a: Serperior|spa|1
|move|p2a: Serperior|Substitute|p2a: Serperior
|-start|p2a: Serperior|Substitute
|-damage|p2a: Serperior|23/100
|
|-heal|p2a: Serperior|30/100|[from] item: Leftovers
|upkeep
|turn|22
|
|t:|1779590534
|move|p1a: Ribombee|Moonblast|p2a: Serperior
|-end|p2a: Serperior|Substitute
|move|p2a: Serperior|Leech Seed|p1a: Ribombee
|-start|p1a: Ribombee|move: Leech Seed
|
|-heal|p2a: Serperior|36/100|[from] item: Leftovers
|-damage|p1a: Ribombee|88/100|[from] Leech Seed|[of] p2a: Serperior
|-heal|p2a: Serperior|45/100|[silent]
|upkeep
|turn|23
|
|t:|1779590544
|move|p1a: Ribombee|Quiver Dance|p1a: Ribombee
|-boost|p1a: Ribombee|spa|1
|-boost|p1a: Ribombee|spd|1
|-boost|p1a: Ribombee|spe|1
|move|p2a: Serperior|Leaf Storm|p1a: Ribombee
|-resisted|p1a: Ribombee
|-damage|p1a: Ribombee|35/100
|-boost|p2a: Serperior|spa|2
|
|-heal|p2a: Serperior|51/100|[from] item: Leftovers
|-damage|p1a: Ribombee|22/100|[from] Leech Seed|[of] p2a: Serperior
|-heal|p2a: Serperior|60/100|[silent]
|upkeep
|turn|24
|
|t:|1779590558
|-terastallize|p2a: Serperior|Fire
|move|p1a: Ribombee|Moonblast|p2a: Serperior
|-resisted|p2a: Serperior
|-damage|p2a: Serperior|29/100
|move|p2a: Serperior|Leaf Storm|p1a: Ribombee
|-resisted|p1a: Ribombee
|-crit|p1a: Ribombee
|-damage|p1a: Ribombee|0 fnt
|-boost|p2a: Serperior|spa|1
|faint|p1a: Ribombee
|
|-heal|p2a: Serperior|36/100|[from] item: Leftovers
|upkeep
|
|t:|1779590572
|switch|p1a: Regieleki|Regieleki|100/100
|turn|25
|
|t:|1779590577
|switch|p2a: Gliscor|Gliscor, M|100/100 tox
|-damage|p2a: Gliscor|88/100 tox|[from] Stealth Rock
|move|p1a: Regieleki|Volt Switch|p2a: Gliscor
|-immune|p2a: Gliscor
|
|-heal|p2a: Gliscor|100/100 tox|[from] ability: Poison Heal
|upkeep
|turn|26
|
|t:|1779590589
|switch|p1a: Ursaluna|Ursaluna, F|48/100 brn
|move|p2a: Gliscor|Knock Off|p1a: Ursaluna
|-damage|p1a: Ursaluna|34/100 brn
|-enditem|p1a: Ursaluna|Flame Orb|[from] move: Knock Off|[of] p2a: Gliscor
|
|-damage|p1a: Ursaluna|28/100 brn|[from] brn
|upkeep
|turn|27
|
|t:|1779590598
|move|p2a: Gliscor|Knock Off|p1a: Ursaluna
|-damage|p1a: Ursaluna|18/100 brn
|move|p1a: Ursaluna|Facade|p2a: Gliscor
|-damage|p2a: Gliscor|30/100 tox
|
|-heal|p2a: Gliscor|42/100 tox|[from] ability: Poison Heal
|-damage|p1a: Ursaluna|12/100 brn|[from] brn
|upkeep
|turn|28
|
|t:|1779590610
|move|p2a: Gliscor|Protect|p2a: Gliscor
|-singleturn|p2a: Gliscor|Protect
|move|p1a: Ursaluna|Facade|p2a: Gliscor
|-activate|p2a: Gliscor|move: Protect
|
|-heal|p2a: Gliscor|55/100 tox|[from] ability: Poison Heal
|-damage|p1a: Ursaluna|6/100 brn|[from] brn
|upkeep
|turn|29
|
|t:|1779590620
|switch|p2a: Alomomola|Alomomola, M|100/100
|switch|p1a: Darkrai|Darkrai|100/100
|
|upkeep
|turn|30
|
|t:|1779590627
|move|p1a: Darkrai|Trick|p2a: Alomomola
|-activate|p1a: Darkrai|move: Trick|[of] p2a: Alomomola
|-item|p2a: Alomomola|Choice Scarf|[from] move: Trick
|-item|p1a: Darkrai|Heavy-Duty Boots|[from] move: Trick
|move|p2a: Alomomola|Wish|p2a: Alomomola
|
|upkeep
|turn|31
|
|t:|1779590635
|switch|p2a: Iron Valiant|Iron Valiant|76/100
|-damage|p2a: Iron Valiant|69/100|[from] Stealth Rock
|move|p1a: Darkrai|Dark Pulse|p2a: Iron Valiant
|-resisted|p2a: Iron Valiant
|-damage|p2a: Iron Valiant|46/100
|
|-heal|p2a: Iron Valiant|100/100|[from] move: Wish|[wisher] Alomomola
|upkeep
|turn|32
|
|t:|1779590646
|move|p1a: Darkrai|Sludge Bomb|p2a: Iron Valiant
|-supereffective|p2a: Iron Valiant
|-damage|p2a: Iron Valiant|0 fnt
|faint|p2a: Iron Valiant
|-end|p2a: Iron Valiant|Quark Drive|[silent]
|
|upkeep
|
|t:|1779590652
|switch|p2a: Alomomola|Alomomola, M|100/100
|-damage|p2a: Alomomola|88/100|[from] Stealth Rock
|turn|33
|
|t:|1779590657
|move|p1a: Darkrai|Dark Pulse|p2a: Alomomola
|-damage|p2a: Alomomola|56/100
|move|p2a: Alomomola|Wish|p2a: Alomomola
|
|upkeep
|turn|34
|
|t:|1779590662
|switch|p2a: Gliscor|Gliscor, M|55/100 tox
|-damage|p2a: Gliscor|42/100 tox|[from] Stealth Rock
|move|p1a: Darkrai|Dark Pulse|p2a: Gliscor
|-damage|p2a: Gliscor|2/100 tox
|
|-heal|p2a: Gliscor|78/100 tox|[from] move: Wish|[wisher] Alomomola
|-heal|p2a: Gliscor|90/100 tox|[from] ability: Poison Heal
|upkeep
|turn|35
|
|t:|1779590673
|move|p2a: Gliscor|Protect|p2a: Gliscor
|-singleturn|p2a: Gliscor|Protect
|move|p1a: Darkrai|Ice Beam|p2a: Gliscor
|-activate|p2a: Gliscor|move: Protect
|
|-heal|p2a: Gliscor|100/100 tox|[from] ability: Poison Heal
|upkeep
|turn|36
|-message|xxxduqi forfeited.
|
|win|chrisfeb1992
|raw|chrisfeb1992's rating: 1310 &rarr; <strong>1330</strong><br />(+20 for winning)
|raw|xxxduqi's rating: 1309 &rarr; <strong>1289</strong><br />(-20 for losing)
|l|☆xxxduqi
|player|p2|
