|j|☆magicsalt
|j|☆Nikfire48
|t:|1779683478
|gametype|singles
|player|p1|magicsalt|clair|1188
|player|p2|Nikfire48|1|1149
|gen|9
|tier|[Gen 9] OU
|rated|
|rule|HP Percentage Mod: HP is shown in percentages
|rule|Endless Battle Clause: Forcing endless battles is banned
|rule|Species Clause: Limit one of each Pokémon
|rule|OHKO Clause: OHKO moves are banned
|rule|Evasion Items Clause: Evasion items are banned
|rule|Evasion Moves Clause: Evasion moves are banned
|rule|Evasion Abilities Clause: Evasion abilities are banned
|rule|Sleep Moves Clause: Sleep-inducing moves are banned
|clearpoke
|poke|p1|Garganacl, F|
|poke|p1|Gholdengo|
|poke|p1|Skarmory, M|
|poke|p1|Glimmora, F|
|poke|p1|Salazzle, F|
|poke|p1|Gliscor, M|
|poke|p2|Garganacl, M|
|poke|p2|Dondozo, M|
|poke|p2|Ting-Lu|
|poke|p2|Weezing-Galar, F|
|poke|p2|Alomomola, F|
|poke|p2|Gliscor, M|
|teampreview
|inactive|Battle timer is ON: inactive players will automatically lose when time's up. (requested by Nikfire48)
|
|t:|1779683489
|teamsize|p1|6
|teamsize|p2|6
|start
|switch|p1a: Skarmory|Skarmory, M|100/100
|switch|p2a: Ting-Lu|Ting-Lu|100/100
|-ability|p2a: Ting-Lu|Vessel of Ruin
|turn|1
|
|t:|1779683499
|move|p1a: Skarmory|Taunt|p2a: Ting-Lu
|-start|p2a: Ting-Lu|move: Taunt
|move|p2a: Ting-Lu|Sand Tomb|p1a: Skarmory
|-immune|p1a: Skarmory
|
|upkeep
|turn|2
|
|t:|1779683508
|move|p1a: Skarmory|Spikes|p2a: Ting-Lu
|-sidestart|p2: Nikfire48|Spikes
|move|p2a: Ting-Lu|Ruination|p1a: Skarmory
|-damage|p1a: Skarmory|50/100
|
|upkeep
|turn|3
|
|t:|1779683515
|move|p1a: Skarmory|Spikes|p2a: Ting-Lu
|-sidestart|p2: Nikfire48|Spikes
|move|p2a: Ting-Lu|Ruination|p1a: Skarmory
|-damage|p1a: Skarmory|26/100
|
|-end|p2a: Ting-Lu|move: Taunt
|upkeep
|turn|4
|
|t:|1779683524
|move|p1a: Skarmory|Rest|p1a: Skarmory
|-status|p1a: Skarmory|slp|[from] move: Rest
|-heal|p1a: Skarmory|100/100 slp|[silent]
|-enditem|p1a: Skarmory|Chesto Berry|[eat]
|-curestatus|p1a: Skarmory|slp|[msg]
|move|p2a: Ting-Lu|Payback|p1a: Skarmory
|-damage|p1a: Skarmory|70/100
|
|upkeep
|turn|5
|
|t:|1779683534
|move|p2a: Ting-Lu|Ruination|p1a: Skarmory
|-damage|p1a: Skarmory|35/100
|move|p1a: Skarmory|Whirlwind|p2a: Ting-Lu
|drag|p2a: Garganacl|Garganacl, M|100/100
|-damage|p2a: Garganacl|84/100|[from] Spikes
|
|upkeep
|turn|6
|
|t:|1779683543
|move|p1a: Skarmory|Rest|p1a: Skarmory
|-status|p1a: Skarmory|slp|[from] move: Rest
|-heal|p1a: Skarmory|100/100 slp|[silent]
|move|p2a: Garganacl|Salt Cure|p1a: Skarmory
|-damage|p1a: Skarmory|92/100 slp
|-start|p1a: Skarmory|Salt Cure
|
|-damage|p1a: Skarmory|67/100 slp|[from] Salt Cure
|upkeep
|turn|7
|
|t:|1779683561
|switch|p1a: Chonky roc|Garganacl, F|100/100
|move|p2a: Garganacl|Iron Defense|p2a: Garganacl
|-boost|p2a: Garganacl|def|2
|
|upkeep
|turn|8
|
|t:|1779683569
|move|p2a: Garganacl|Body Press|p1a: Chonky roc
|-supereffective|p1a: Chonky roc
|-damage|p1a: Chonky roc|34/100
|move|p1a: Chonky roc|Salt Cure|p2a: Garganacl
|-damage|p2a: Garganacl|79/100
|-start|p2a: Garganacl|Salt Cure
|
|-heal|p1a: Chonky roc|40/100|[from] item: Leftovers
|-damage|p2a: Garganacl|67/100|[from] Salt Cure
|upkeep
|turn|9
|
|t:|1779683582
|-terastallize|p1a: Chonky roc|Ghost
|move|p2a: Garganacl|Salt Cure|p1a: Chonky roc
|-damage|p1a: Chonky roc|31/100
|-start|p1a: Chonky roc|Salt Cure
|move|p1a: Chonky roc|Recover|p1a: Chonky roc
|-heal|p1a: Chonky roc|81/100
|
|-heal|p1a: Chonky roc|87/100|[from] item: Leftovers
|-damage|p2a: Garganacl|54/100|[from] Salt Cure
|-damage|p1a: Chonky roc|75/100|[from] Salt Cure
|upkeep
|turn|10
|
|t:|1779683594
|move|p2a: Garganacl|Recover|p2a: Garganacl
|-heal|p2a: Garganacl|100/100
|move|p1a: Chonky roc|Iron Defense|p1a: Chonky roc
|-boost|p1a: Chonky roc|def|2
|
|-heal|p1a: Chonky roc|81/100|[from] item: Leftovers
|-damage|p1a: Chonky roc|69/100|[from] Salt Cure
|-damage|p2a: Garganacl|88/100|[from] Salt Cure
|upkeep
|turn|11
|
|t:|1779683609
|switch|p2a: Weezing|Weezing-Galar, F|100/100
|-ability|p2a: Weezing|Neutralizing Gas
|-damage|p2a: Weezing|84/100|[from] Spikes
|move|p1a: Chonky roc|Iron Defense|p1a: Chonky roc
|-boost|p1a: Chonky roc|def|2
|
|-heal|p2a: Weezing|90/100|[from] item: Leftovers
|-heal|p1a: Chonky roc|75/100|[from] item: Leftovers
|-damage|p1a: Chonky roc|63/100|[from] Salt Cure
|upkeep
|turn|12
|
|t:|1779683625
|move|p2a: Weezing|Toxic|p1a: Chonky roc
|-status|p1a: Chonky roc|tox
|move|p1a: Chonky roc|Body Press|p2a: Weezing
|-resisted|p2a: Weezing
|-damage|p2a: Weezing|76/100
|
|-heal|p2a: Weezing|82/100|[from] item: Leftovers
|-heal|p1a: Chonky roc|69/100 tox|[from] item: Leftovers
|-damage|p1a: Chonky roc|63/100 tox|[from] psn
|-damage|p1a: Chonky roc|50/100 tox|[from] Salt Cure
|upkeep
|turn|13
|
|t:|1779683638
|move|p2a: Weezing|Defog|p1a: Chonky roc
|-unboost|p1a: Chonky roc|evasion|1
|-sideend|p2: Nikfire48|Spikes|[from] move: Defog|[of] p2a: Weezing
|move|p1a: Chonky roc|Salt Cure|p2a: Weezing
|-damage|p2a: Weezing|69/100
|-start|p2a: Weezing|Salt Cure
|
|-heal|p2a: Weezing|75/100|[from] item: Leftovers
|-heal|p1a: Chonky roc|56/100 tox|[from] item: Leftovers
|-damage|p1a: Chonky roc|44/100 tox|[from] psn
|-damage|p2a: Weezing|63/100|[from] Salt Cure
|-damage|p1a: Chonky roc|32/100 tox|[from] Salt Cure
|upkeep
|turn|14
|
|t:|1779683657
|-end|p2a: Weezing|ability: Neutralizing Gas
|switch|p2a: Alomomola|Alomomola, F|100/100
|move|p1a: Chonky roc|Recover|p1a: Chonky roc
|-heal|p1a: Chonky roc|82/100 tox
|
|-heal|p1a: Chonky roc|88/100 tox|[from] item: Leftovers
|-damage|p1a: Chonky roc|69/100 tox|[from] psn
|-damage|p1a: Chonky roc|57/100 tox|[from] Salt Cure
|upkeep
|turn|15
|
|t:|1779683671
|move|p2a: Alomomola|Flip Turn|p1a: Chonky roc
|-damage|p1a: Chonky roc|53/100 tox
|
|t:|1779683674
|switch|p2a: Weezing|Weezing-Galar, F|63/100|[from] Flip Turn
|-ability|p2a: Weezing|Neutralizing Gas
|move|p1a: Chonky roc|Salt Cure|p2a: Weezing
|-damage|p2a: Weezing|52/100
|-start|p2a: Weezing|Salt Cure
|
|-heal|p2a: Weezing|58/100|[from] item: Leftovers
|-heal|p1a: Chonky roc|59/100 tox|[from] item: Leftovers
|-damage|p1a: Chonky roc|35/100 tox|[from] psn
|-damage|p2a: Weezing|45/100|[from] Salt Cure
|-damage|p1a: Chonky roc|22/100 tox|[from] Salt Cure
|upkeep
|turn|16
|
|t:|1779683689
|-end|p2a: Weezing|ability: Neutralizing Gas
|switch|p2a: Alomomola|Alomomola, F|100/100
|switch|p1a: Skarmory|Skarmory, M|67/100 slp
|
|upkeep
|turn|17
|
|t:|1779683701
|cant|p1a: Skarmory|slp
|move|p2a: Alomomola|Wish|p2a: Alomomola
|
|upkeep
|turn|18
|
|t:|1779683706
|cant|p1a: Skarmory|slp
|move|p2a: Alomomola|Flip Turn|p1a: Skarmory
|-damage|p1a: Skarmory|58/100 slp
|
|t:|1779683711
|switch|p2a: Weezing|Weezing-Galar, F|45/100|[from] Flip Turn
|-ability|p2a: Weezing|Neutralizing Gas
|
|-heal|p2a: Weezing|100/100|[from] move: Wish|[wisher] Alomomola
|upkeep
|turn|19
|
|t:|1779683722
|-curestatus|p1a: Skarmory|slp|[msg]
|move|p1a: Skarmory|Spikes|p2a: Weezing
|-sidestart|p2: Nikfire48|Spikes
|move|p2a: Weezing|Will-O-Wisp|p1a: Skarmory
|-status|p1a: Skarmory|brn
|
|-damage|p1a: Skarmory|52/100 brn|[from] brn
|upkeep
|turn|20
|
|t:|1779683732
|switch|p1a: Gold ahh thing|Gholdengo|100/100
|move|p2a: Weezing|Defog|p1a: Gold ahh thing
|-unboost|p1a: Gold ahh thing|evasion|1
|-sideend|p2: Nikfire48|Spikes|[from] move: Defog|[of] p2a: Weezing
|
|upkeep
|turn|21
|
|t:|1779683750
|move|p1a: Gold ahh thing|Make It Rain|p2a: Weezing
|-supereffective|p2a: Weezing
|-crit|p2a: Weezing
|-damage|p2a: Weezing|0 fnt
|-unboost|p1a: Gold ahh thing|spa|1
|faint|p2a: Weezing
|-end|p2a: Weezing|ability: Neutralizing Gas
|
|upkeep
|
|t:|1779683758
|switch|p2a: Dondozo|Dondozo, M, shiny|100/100
|turn|22
|
|t:|1779683765
|switch|p1a: Skarmory|Skarmory, M|52/100 brn
|move|p2a: Dondozo|Earthquake|p1a: Skarmory
|-immune|p1a: Skarmory
|
|-damage|p1a: Skarmory|46/100 brn|[from] brn
|upkeep
|turn|23
|
|t:|1779683774
|move|p1a: Skarmory|Rest|p1a: Skarmory
|-status|p1a: Skarmory|slp|[from] move: Rest
|-heal|p1a: Skarmory|100/100 slp|[silent]
|move|p2a: Dondozo|Curse|p2a: Dondozo
|-unboost|p2a: Dondozo|spe|1
|-boost|p2a: Dondozo|atk|1
|-boost|p2a: Dondozo|def|1
|
|upkeep
|turn|24
|
|t:|1779683786
|cant|p1a: Skarmory|slp
|move|p2a: Dondozo|Curse|p2a: Dondozo
|-unboost|p2a: Dondozo|spe|1
|-boost|p2a: Dondozo|atk|1
|-boost|p2a: Dondozo|def|1
|
|upkeep
|turn|25
|
|t:|1779683793
|move|p2a: Dondozo|Liquidation|p1a: Skarmory
|-damage|p1a: Skarmory|51/100 slp
|cant|p1a: Skarmory|slp
|
|upkeep
|turn|26
|
|t:|1779683805
|move|p2a: Dondozo|Curse|p2a: Dondozo
|-unboost|p2a: Dondozo|spe|1
|-boost|p2a: Dondozo|atk|1
|-boost|p2a: Dondozo|def|1
|-curestatus|p1a: Skarmory|slp|[msg]
|move|p1a: Skarmory|Whirlwind|p2a: Dondozo
|drag|p2a: Alomomola|Alomomola, F|100/100
|
|upkeep
|turn|27
|
|t:|1779683817
|switch|p2a: Dondozo|Dondozo, M, shiny|100/100
|move|p1a: Skarmory|Spikes|p2a: Dondozo
|-sidestart|p2: Nikfire48|Spikes
|
|upkeep
|turn|28
|
|t:|1779683825
|move|p2a: Dondozo|Liquidation|p1a: Skarmory
|-damage|p1a: Skarmory|29/100
|move|p1a: Skarmory|Whirlwind|p2a: Dondozo
|drag|p2a: Gliscor|Gliscor, M|100/100
|
|-status|p2a: Gliscor|tox|[from] item: Toxic Orb
|upkeep
|turn|29
|
|t:|1779683838
|move|p2a: Gliscor|Facade|p1a: Skarmory
|-resisted|p1a: Skarmory
|-damage|p1a: Skarmory|19/100
|move|p1a: Skarmory|Taunt|p2a: Gliscor
|-start|p2a: Gliscor|move: Taunt
|
|upkeep
|turn|30
|
|t:|1779683845
|move|p2a: Gliscor|Facade|p1a: Skarmory
|-resisted|p1a: Skarmory
|-damage|p1a: Skarmory|10/100
|move|p1a: Skarmory|Rest|p1a: Skarmory
|-status|p1a: Skarmory|slp|[from] move: Rest
|-heal|p1a: Skarmory|100/100 slp|[silent]
|
|upkeep
|turn|31
|
|t:|1779683855
|switch|p2a: Dondozo|Dondozo, M, shiny|100/100
|-damage|p2a: Dondozo|88/100|[from] Spikes
|cant|p1a: Skarmory|slp
|
|-heal|p2a: Dondozo|94/100|[from] item: Leftovers
|upkeep
|turn|32
|
|t:|1779683865
|move|p2a: Dondozo|Curse|p2a: Dondozo
|-unboost|p2a: Dondozo|spe|1
|-boost|p2a: Dondozo|atk|1
|-boost|p2a: Dondozo|def|1
|cant|p1a: Skarmory|slp
|
|-heal|p2a: Dondozo|99/100|[from] item: Leftovers
|upkeep
|turn|33
|
|t:|1779683874
|move|p2a: Dondozo|Liquidation|p1a: Skarmory
|-damage|p1a: Skarmory|63/100 slp
|-curestatus|p1a: Skarmory|slp|[msg]
|move|p1a: Skarmory|Whirlwind|p2a: Dondozo
|drag|p2a: Gliscor|Gliscor, M|100/100 tox
|
|upkeep
|turn|34
|
|t:|1779683884
|move|p2a: Gliscor|Facade|p1a: Skarmory
|-resisted|p1a: Skarmory
|-damage|p1a: Skarmory|54/100
|move|p1a: Skarmory|Spikes|p2a: Gliscor
|-sidestart|p2: Nikfire48|Spikes
|
|upkeep
|turn|35
|
|t:|1779683892
|switch|p2a: Dondozo|Dondozo, M, shiny|99/100
|-damage|p2a: Dondozo|84/100|[from] Spikes
|move|p1a: Skarmory|Spikes|p2a: Dondozo
|-sidestart|p2: Nikfire48|Spikes
|
|-heal|p2a: Dondozo|90/100|[from] item: Leftovers
|upkeep
|turn|36
|
|t:|1779683902
|move|p2a: Dondozo|Liquidation|p1a: Skarmory
|-damage|p1a: Skarmory|29/100
|move|p1a: Skarmory|Whirlwind|p2a: Dondozo
|drag|p2a: Alomomola|Alomomola, F|100/100
|
|upkeep
|turn|37
|
|t:|1779683912
|move|p2a: Alomomola|Flip Turn|p1a: Skarmory
|-damage|p1a: Skarmory|20/100
|
|t:|1779683916
|switch|p2a: Ting-Lu|Ting-Lu|100/100|[from] Flip Turn
|-damage|p2a: Ting-Lu|76/100|[from] Spikes
|-ability|p2a: Ting-Lu|Vessel of Ruin
|move|p1a: Skarmory|Whirlwind|p2a: Ting-Lu
|drag|p2a: Gliscor|Gliscor, M|100/100 tox
|
|upkeep
|turn|38
|
|t:|1779683927
|move|p2a: Gliscor|Facade|p1a: Skarmory
|-resisted|p1a: Skarmory
|-damage|p1a: Skarmory|11/100
|move|p1a: Skarmory|Whirlwind|p2a: Gliscor
|drag|p2a: Dondozo|Dondozo, M, shiny|90/100
|-damage|p2a: Dondozo|65/100|[from] Spikes
|
|-heal|p2a: Dondozo|71/100|[from] item: Leftovers
|upkeep
|turn|39
|
|t:|1779683938
|move|p1a: Skarmory|Rest|p1a: Skarmory
|-status|p1a: Skarmory|slp|[from] move: Rest
|-heal|p1a: Skarmory|100/100 slp|[silent]
|move|p2a: Dondozo|Liquidation|p1a: Skarmory
|-damage|p1a: Skarmory|79/100 slp
|
|-heal|p2a: Dondozo|77/100|[from] item: Leftovers
|upkeep
|turn|40
|
|t:|1779683950
|switch|p1a: Smaller roc|Glimmora, F, shiny|100/100
|move|p2a: Dondozo|Curse|p2a: Dondozo
|-unboost|p2a: Dondozo|spe|1
|-boost|p2a: Dondozo|atk|1
|-boost|p2a: Dondozo|def|1
|
|-heal|p2a: Dondozo|83/100|[from] item: Leftovers
|upkeep
|turn|41
|
|t:|1779683960
|move|p1a: Smaller roc|Toxic|p2a: Dondozo
|-status|p2a: Dondozo|tox
|move|p2a: Dondozo|Liquidation|p1a: Smaller roc
|-supereffective|p1a: Smaller roc
|-enditem|p1a: Smaller roc|Focus Sash
|-damage|p1a: Smaller roc|1/100
|
|-heal|p2a: Dondozo|89/100 tox|[from] item: Leftovers
|-damage|p2a: Dondozo|83/100 tox|[from] psn
|upkeep
|turn|42
|
|t:|1779683972
|move|p1a: Smaller roc|Spiky Shield|p1a: Smaller roc
|-singleturn|p1a: Smaller roc|move: Protect
|move|p2a: Dondozo|Liquidation|p1a: Smaller roc
|-activate|p1a: Smaller roc|move: Protect
|-damage|p2a: Dondozo|71/100 tox|[from] Spiky Shield|[of] p1a: Smaller roc
|
|-heal|p2a: Dondozo|77/100 tox|[from] item: Leftovers
|-damage|p2a: Dondozo|65/100 tox|[from] psn
|upkeep
|turn|43
|
|t:|1779683982
|move|p1a: Smaller roc|Stealth Rock|p2a: Dondozo
|-sidestart|p2: Nikfire48|move: Stealth Rock
|move|p2a: Dondozo|Curse|p2a: Dondozo
|-unboost|p2a: Dondozo|spe|1
|-boost|p2a: Dondozo|atk|1
|-boost|p2a: Dondozo|def|1
|
|-heal|p2a: Dondozo|71/100 tox|[from] item: Leftovers
|-damage|p2a: Dondozo|52/100 tox|[from] psn
|upkeep
|turn|44
|
|t:|1779683992
|move|p1a: Smaller roc|Spiky Shield|p1a: Smaller roc
|-singleturn|p1a: Smaller roc|move: Protect
|move|p2a: Dondozo|Curse|p2a: Dondozo
|-unboost|p2a: Dondozo|spe|1
|-boost|p2a: Dondozo|atk|1
|-boost|p2a: Dondozo|def|1
|
|-heal|p2a: Dondozo|58/100 tox|[from] item: Leftovers
|-damage|p2a: Dondozo|34/100 tox|[from] psn
|upkeep
|turn|45
|
|t:|1779684013
|move|p1a: Smaller roc|Mortal Spin|p2a: Dondozo
|-damage|p2a: Dondozo|32/100 tox
|move|p2a: Dondozo|Liquidation|p1a: Smaller roc
|-supereffective|p1a: Smaller roc
|-damage|p1a: Smaller roc|0 fnt
|faint|p1a: Smaller roc
|
|-heal|p2a: Dondozo|38/100 tox|[from] item: Leftovers
|-damage|p2a: Dondozo|7/100 tox|[from] psn
|upkeep
|
|t:|1779684027
|switch|p1a: Gold ahh thing|Gholdengo|100/100
|turn|46
|
|t:|1779684034
|switch|p2a: Alomomola|Alomomola, F|100/100
|move|p1a: Gold ahh thing|Shadow Ball|p2a: Alomomola
|-damage|p2a: Alomomola|49/100
|
|upkeep
|turn|47
|
|t:|1779684043
|switch|p2a: Garganacl|Garganacl, M|88/100
|-damage|p2a: Garganacl|63/100|[from] Spikes
|-damage|p2a: Garganacl|51/100|[from] Stealth Rock
|move|p1a: Gold ahh thing|Thunderbolt|p2a: Garganacl
|-damage|p2a: Garganacl|29/100
|
|upkeep
|turn|48
|
|t:|1779684053
|move|p1a: Gold ahh thing|Make It Rain|p2a: Garganacl
|-supereffective|p2a: Garganacl
|-damage|p2a: Garganacl|0 fnt
|-unboost|p1a: Gold ahh thing|spa|1
|faint|p2a: Garganacl
|
|upkeep
|-message|Nikfire48 forfeited.
|
|win|magicsalt
|raw|magicsalt's rating: 1188 &rarr; <strong>1210</strong><br />(+22 for winning)
|raw|Nikfire48's rating: 1149 &rarr; <strong>1127</strong><br />(-22 for losing)
|l|☆Nikfire48
|player|p2|
