|j|☆razielso
|j|☆Txnz
|t:|1779588681
|gametype|singles
|player|p1|razielso|169|1070
|player|p2|Txnz|dancer|1075
|gen|9
|tier|[Gen 9] OU
|rated|
|rule|HP Percentage Mod: HP is shown in percentages
|rule|Endless Battle Clause: Forcing endless battles is banned
|rule|Species Clause: Limit one of each Pokémon
|rule|OHKO Clause: OHKO moves are banned
|rule|Evasion Items Clause: Evasion items are banned
|rule|Evasion Moves Clause: Evasion moves are banned
|rule|Evasion Abilities Clause: Evasion abilities are banned
|rule|Sleep Moves Clause: Sleep-inducing moves are banned
|clearpoke
|poke|p1|Slaking, F|
|poke|p1|Scizor, M|
|poke|p1|Vileplume, M|
|poke|p1|Ceruledge, F|
|poke|p1|Tinkaton, F|
|poke|p1|Noivern, M|
|poke|p2|Deoxys-Speed|
|poke|p2|Glimmora, M|
|poke|p2|Zamazenta-*|
|poke|p2|Iron Hands|
|poke|p2|Ceruledge, M|
|poke|p2|Iron Valiant|
|teampreview
|
|t:|1779588689
|teamsize|p1|6
|teamsize|p2|6
|start
|switch|p1a: Tinkaton|Tinkaton, F|100/100
|switch|p2a: Deoxys|Deoxys-Speed|100/100
|-ability|p2a: Deoxys|Pressure
|turn|1
|
|t:|1779588700
|move|p2a: Deoxys|Reflect|p2a: Deoxys
|-sidestart|p2: Txnz|Reflect
|move|p1a: Tinkaton|Fling|p2a: Deoxys
|-supereffective|p2a: Deoxys
|-damage|p2a: Deoxys|93/100
|-status|p2a: Deoxys|brn
|-enditem|p1a: Tinkaton|Flame Orb|[from] move: Fling
|
|-damage|p2a: Deoxys|87/100 brn|[from] brn
|upkeep
|turn|2
|
|t:|1779588712
|switch|p2a: Glimmora|Glimmora, M|100/100
|move|p1a: Tinkaton|Draining Kiss|p2a: Glimmora
|-resisted|p2a: Glimmora
|-damage|p2a: Glimmora|93/100
|-enditem|p2a: Glimmora|Red Card|[of] p1a: Tinkaton
|drag|p1a: Vileplume|Vileplume, M|100/100
|-item|p1a: Vileplume|Air Balloon
|
|upkeep
|turn|3
|
|t:|1779588727
|move|p2a: Glimmora|Spikes|p1a: Vileplume
|-sidestart|p1: razielso|Spikes
|move|p1a: Vileplume|Giga Drain|p2a: Glimmora
|-damage|p2a: Glimmora|52/100
|
|upkeep
|turn|4
|
|t:|1779588745
|move|p2a: Glimmora|Spikes|p1a: Vileplume
|-sidestart|p1: razielso|Spikes
|move|p1a: Vileplume|Giga Drain|p2a: Glimmora
|-damage|p2a: Glimmora|6/100
|
|upkeep
|turn|5
|
|t:|1779588752
|move|p2a: Glimmora|Spikes|p1a: Vileplume
|-sidestart|p1: razielso|Spikes
|move|p1a: Vileplume|Sludge Wave|p2a: Glimmora
|-resisted|p2a: Glimmora
|-damage|p2a: Glimmora|0 fnt
|faint|p2a: Glimmora
|
|upkeep
|
|t:|1779588762
|switch|p2a: Iron Valiant|Iron Valiant, shiny|100/100
|-enditem|p2a: Iron Valiant|Booster Energy
|-activate|p2a: Iron Valiant|ability: Quark Drive|[fromitem]
|-start|p2a: Iron Valiant|quarkdrivespe
|turn|6
|
|t:|1779588777
|move|p2a: Iron Valiant|Calm Mind|p2a: Iron Valiant
|-boost|p2a: Iron Valiant|spa|1
|-boost|p2a: Iron Valiant|spd|1
|move|p1a: Vileplume|Sludge Wave|p2a: Iron Valiant
|-supereffective|p2a: Iron Valiant
|-damage|p2a: Iron Valiant|0 fnt
|faint|p2a: Iron Valiant
|-end|p2a: Iron Valiant|Quark Drive|[silent]
|
|upkeep
|
|t:|1779588786
|switch|p2a: Ceruledge|Ceruledge, M|100/100
|turn|7
|
|t:|1779588793
|-terastallize|p1a: Vileplume|Poison
|move|p2a: Ceruledge|Swords Dance|p2a: Ceruledge
|-boost|p2a: Ceruledge|atk|2
|move|p1a: Vileplume|Acid Spray|p2a: Ceruledge
|-resisted|p2a: Ceruledge
|-damage|p2a: Ceruledge|77/100
|-unboost|p2a: Ceruledge|spd|2
|
|upkeep
|turn|8
|
|t:|1779588808
|move|p2a: Ceruledge|Poltergeist|p1a: Vileplume
|-activate|p1a: Vileplume|move: Poltergeist|Air Balloon
|-damage|p1a: Vileplume|0 fnt
|-enditem|p1a: Vileplume|Air Balloon
|faint|p1a: Vileplume
|-damage|p2a: Ceruledge|67/100|[from] item: Life Orb
|
|-sideend|p2: Txnz|Reflect
|upkeep
|
|t:|1779588823
|switch|p1a: Noivern|Noivern, M|100/100
|turn|9
|
|t:|1779588836
|move|p2a: Ceruledge|Shadow Sneak|p1a: Noivern
|-damage|p1a: Noivern|25/100
|-damage|p2a: Ceruledge|57/100|[from] item: Life Orb
|move|p1a: Noivern|Air Slash|p2a: Ceruledge
|-damage|p2a: Ceruledge|0 fnt
|faint|p2a: Ceruledge
|
|upkeep
|
|t:|1779588846
|switch|p2a: Deoxys|Deoxys-Speed|87/100 brn
|-ability|p2a: Deoxys|Pressure
|turn|10
|
|t:|1779588851
|move|p2a: Deoxys|Reflect|p2a: Deoxys
|-sidestart|p2: Txnz|Reflect
|move|p1a: Noivern|Defog|p2a: Deoxys
|-unboost|p2a: Deoxys|evasion|1
|-sideend|p2: Txnz|Reflect
|-sideend|p1: razielso|Spikes|[from] move: Defog|[of] p1a: Noivern
|
|-damage|p2a: Deoxys|81/100 brn|[from] brn
|upkeep
|turn|11
|
|t:|1779588865
|move|p2a: Deoxys|Taunt|p1a: Noivern
|-start|p1a: Noivern|move: Taunt
|move|p1a: Noivern|Draco Meteor|p2a: Deoxys
|-damage|p2a: Deoxys|10/100 brn
|-unboost|p1a: Noivern|spa|2
|
|-damage|p2a: Deoxys|4/100 brn|[from] brn
|upkeep
|turn|12
|
|t:|1779588876
|move|p2a: Deoxys|Reflect|p2a: Deoxys
|-sidestart|p2: Txnz|Reflect
|move|p1a: Noivern|Air Slash|p2a: Deoxys
|-damage|p2a: Deoxys|0 fnt
|faint|p2a: Deoxys
|
|upkeep
|
|t:|1779588885
|switch|p2a: Iron Hands|Iron Hands, shiny|100/100
|-enditem|p2a: Iron Hands|Booster Energy
|-activate|p2a: Iron Hands|ability: Quark Drive|[fromitem]
|-start|p2a: Iron Hands|quarkdriveatk
|turn|13
|
|t:|1779588897
|switch|p1a: Tinkaton|Tinkaton, F|100/100
|move|p2a: Iron Hands|Supercell Slam|p1a: Tinkaton
|-damage|p1a: Tinkaton|18/100
|
|upkeep
|turn|14
|
|t:|1779588912
|move|p1a: Tinkaton|Play Rough|p2a: Iron Hands
|-supereffective|p2a: Iron Hands
|-damage|p2a: Iron Hands|84/100
|move|p2a: Iron Hands|Supercell Slam|p1a: Tinkaton
|-damage|p1a: Tinkaton|0 fnt
|faint|p1a: Tinkaton
|
|upkeep
|
|t:|1779588928
|switch|p1a: Scizor|Scizor, M|100/100
|turn|15
|
|t:|1779588939
|move|p1a: Scizor|Swords Dance|p1a: Scizor
|-boost|p1a: Scizor|atk|2
|move|p2a: Iron Hands|Close Combat|p1a: Scizor
|-damage|p1a: Scizor|0 fnt
|-unboost|p2a: Iron Hands|def|1
|-unboost|p2a: Iron Hands|spd|1
|faint|p1a: Scizor
|
|upkeep
|
|t:|1779588949
|switch|p1a: Noivern|Noivern, M|25/100
|turn|16
|
|t:|1779588955
|move|p1a: Noivern|Air Slash|p2a: Iron Hands
|-damage|p2a: Iron Hands|33/100
|move|p2a: Iron Hands|Ice Punch|p1a: Noivern
|-supereffective|p1a: Noivern
|-damage|p1a: Noivern|0 fnt
|faint|p1a: Noivern
|
|upkeep
|
|t:|1779588963
|switch|p1a: Slaking|Slaking, F|100/100
|turn|17
|
|t:|1779588973
|move|p1a: Slaking|Double-Edge|p2a: Iron Hands
|-damage|p2a: Iron Hands|0 fnt
|faint|p2a: Iron Hands
|-end|p2a: Iron Hands|Quark Drive|[silent]
|-damage|p1a: Slaking|91/100|[from] Recoil
|
|upkeep
|
|t:|1779588979
|switch|p2a: Zamazenta|Zamazenta|100/100
|-ability|p2a: Zamazenta|Dauntless Shield|boost
|-boost|p2a: Zamazenta|def|1
|turn|18
|
|t:|1779588985
|switch|p1a: Ceruledge|Ceruledge, F|100/100
|move|p2a: Zamazenta|Iron Defense|p2a: Zamazenta
|-boost|p2a: Zamazenta|def|2
|
|upkeep
|turn|19
|
|t:|1779588994
|move|p1a: Ceruledge|Destiny Bond|p1a: Ceruledge
|-singlemove|p1a: Ceruledge|Destiny Bond
|move|p2a: Zamazenta|Roar|p1a: Ceruledge
|drag|p1a: Slaking|Slaking, F|91/100
|
|-sideend|p2: Txnz|Reflect
|upkeep
|turn|20
|
|t:|1779589007
|move|p1a: Slaking|Sucker Punch|p2a: Zamazenta
|-resisted|p2a: Zamazenta
|-damage|p2a: Zamazenta|96/100
|move|p2a: Zamazenta|Body Press|p1a: Slaking
|-supereffective|p1a: Slaking
|-damage|p1a: Slaking|0 fnt
|faint|p1a: Slaking
|
|-heal|p2a: Zamazenta|100/100|[from] item: Leftovers
|upkeep
|
|t:|1779589018
|switch|p1a: Ceruledge|Ceruledge, F|100/100
|turn|21
|
|t:|1779589025
|move|p2a: Zamazenta|Heavy Slam|p1a: Ceruledge
|-resisted|p1a: Ceruledge
|-crit|p1a: Ceruledge
|-damage|p1a: Ceruledge|77/100
|move|p1a: Ceruledge|Destiny Bond|p1a: Ceruledge
|-singlemove|p1a: Ceruledge|Destiny Bond
|
|upkeep
|turn|22
|
|t:|1779589034
|move|p2a: Zamazenta|Heavy Slam|p1a: Ceruledge
|-resisted|p1a: Ceruledge
|-damage|p1a: Ceruledge|62/100
|move|p1a: Ceruledge|Poltergeist|p2a: Zamazenta
|-activate|p2a: Zamazenta|move: Poltergeist|Leftovers
|-damage|p2a: Zamazenta|79/100
|-damage|p1a: Ceruledge|52/100|[from] item: Life Orb
|
|-heal|p2a: Zamazenta|85/100|[from] item: Leftovers
|upkeep
|turn|23
|
|t:|1779589046
|move|p2a: Zamazenta|Heavy Slam|p1a: Ceruledge
|-resisted|p1a: Ceruledge
|-damage|p1a: Ceruledge|38/100
|move|p1a: Ceruledge|Bitter Blade|p2a: Zamazenta
|-damage|p2a: Zamazenta|65/100
|-heal|p1a: Ceruledge|49/100|[from] drain|[of] p2a: Zamazenta
|-damage|p1a: Ceruledge|39/100|[from] item: Life Orb
|
|-heal|p2a: Zamazenta|72/100|[from] item: Leftovers
|upkeep
|turn|24
|
|t:|1779589060
|move|p2a: Zamazenta|Heavy Slam|p1a: Ceruledge
|-resisted|p1a: Ceruledge
|-damage|p1a: Ceruledge|25/100
|move|p1a: Ceruledge|Bitter Blade|p2a: Zamazenta
|-damage|p2a: Zamazenta|54/100
|-heal|p1a: Ceruledge|35/100|[from] drain|[of] p2a: Zamazenta
|-damage|p1a: Ceruledge|25/100|[from] item: Life Orb
|
|-heal|p2a: Zamazenta|60/100|[from] item: Leftovers
|upkeep
|turn|25
|
|t:|1779589071
|move|p2a: Zamazenta|Heavy Slam|p1a: Ceruledge
|-resisted|p1a: Ceruledge
|-damage|p1a: Ceruledge|11/100
|move|p1a: Ceruledge|Bitter Blade|p2a: Zamazenta
|-damage|p2a: Zamazenta|41/100
|-heal|p1a: Ceruledge|22/100|[from] drain|[of] p2a: Zamazenta
|-damage|p1a: Ceruledge|12/100|[from] item: Life Orb
|
|-heal|p2a: Zamazenta|47/100|[from] item: Leftovers
|upkeep
|turn|26
|
|t:|1779589083
|move|p2a: Zamazenta|Heavy Slam|p1a: Ceruledge
|-resisted|p1a: Ceruledge
|-crit|p1a: Ceruledge
|-damage|p1a: Ceruledge|0 fnt
|faint|p1a: Ceruledge
|
|win|Txnz
|raw|razielso's rating: 1070 &rarr; <strong>1050</strong><br />(-20 for losing)
|raw|Txnz's rating: 1075 &rarr; <strong>1103</strong><br />(+28 for winning)
