|j|☆fallentitansss
|j|☆YoSoyDelBronx
|t:|1779631891
|gametype|singles
|player|p1|fallentitansss|1|1270
|player|p2|YoSoyDelBronx|noland|1305
|gen|9
|tier|[Gen 9] OU
|rated|
|rule|HP Percentage Mod: HP is shown in percentages
|rule|Endless Battle Clause: Forcing endless battles is banned
|rule|Species Clause: Limit one of each Pokémon
|rule|OHKO Clause: OHKO moves are banned
|rule|Evasion Items Clause: Evasion items are banned
|rule|Evasion Moves Clause: Evasion moves are banned
|rule|Evasion Abilities Clause: Evasion abilities are banned
|rule|Sleep Moves Clause: Sleep-inducing moves are banned
|clearpoke
|poke|p1|Corviknight, F|
|poke|p1|Deoxys-Speed|
|poke|p1|Moltres-Galar|
|poke|p1|Alomomola, M|
|poke|p1|Luxray, M|
|poke|p1|Metagross|
|poke|p2|Ninetales, F|
|poke|p2|Venusaur, F|
|poke|p2|Walking Wake|
|poke|p2|Scream Tail|
|poke|p2|Great Tusk|
|poke|p2|Golem-Alola, M|
|teampreview
|inactive|Battle timer is ON: inactive players will automatically lose when time's up. (requested by YoSoyDelBronx)
|
|t:|1779631930
|teamsize|p1|6
|teamsize|p2|6
|start
|switch|p1a: Metagross|Metagross|100/100
|switch|p2a: Scream Tail|Scream Tail|100/100
|-enditem|p2a: Scream Tail|Booster Energy
|-activate|p2a: Scream Tail|ability: Protosynthesis|[fromitem]
|-start|p2a: Scream Tail|protosynthesisspe
|turn|1
|
|t:|1779631937
|move|p2a: Scream Tail|Calm Mind|p2a: Scream Tail
|-boost|p2a: Scream Tail|spa|1
|-boost|p2a: Scream Tail|spd|1
|move|p1a: Metagross|Heavy Slam|p2a: Scream Tail
|-supereffective|p2a: Scream Tail
|-crit|p2a: Scream Tail
|-damage|p2a: Scream Tail|0 fnt
|faint|p2a: Scream Tail
|-end|p2a: Scream Tail|Protosynthesis|[silent]
|
|upkeep
|c|☆fallentitansss|huh
|
|t:|1779631945
|switch|p2a: Hustle Hard|Golem-Alola, M, shiny|100/100
|turn|2
|c|☆fallentitansss|did blud forget hes fairy
|
|t:|1779631960
|move|p1a: Metagross|Ice Punch|p2a: Hustle Hard
|-damage|p2a: Hustle Hard|76/100
|move|p2a: Hustle Hard|Earthquake|p1a: Metagross
|-supereffective|p1a: Metagross
|-damage|p1a: Metagross|22/100
|
|upkeep
|turn|3
|
|t:|1779631969
|move|p1a: Metagross|Bullet Punch|p2a: Hustle Hard
|-damage|p2a: Hustle Hard|55/100
|move|p2a: Hustle Hard|Earthquake|p1a: Metagross
|-supereffective|p1a: Metagross
|-damage|p1a: Metagross|0 fnt
|faint|p1a: Metagross
|
|upkeep
|
|t:|1779631973
|switch|p1a: Luxray|Luxray, M|100/100
|turn|4
|
|t:|1779631988
|switch|p1a: Moltres|Moltres-Galar|100/100
|move|p2a: Hustle Hard|Earthquake|p1a: Moltres
|-immune|p1a: Moltres
|
|upkeep
|turn|5
|
|t:|1779631992
|switch|p2a: Ninetales|Ninetales, F|100/100
|-weather|SunnyDay|[from] ability: Drought|[of] p2a: Ninetales
|move|p1a: Moltres|Agility|p1a: Moltres
|-boost|p1a: Moltres|spe|2
|
|-weather|SunnyDay|[upkeep]
|upkeep
|turn|6
|
|t:|1779631996
|move|p1a: Moltres|Nasty Plot|p1a: Moltres
|-boost|p1a: Moltres|spa|2
|move|p2a: Ninetales|Encore|p1a: Moltres
|-start|p1a: Moltres|Encore
|
|-weather|SunnyDay|[upkeep]
|upkeep
|turn|7
|
|t:|1779632001
|switch|p1a: Alomomola|Alomomola, M|100/100
|switch|p2a: Hustle Hard|Golem-Alola, M, shiny|55/100
|
|-weather|SunnyDay|[upkeep]
|upkeep
|turn|8
|
|t:|1779632007
|-terastallize|p2a: Hustle Hard|Electric
|move|p1a: Alomomola|Flip Turn|p2a: Hustle Hard
|-damage|p2a: Hustle Hard|49/100
|
|t:|1779632018
|switch|p1a: Moltres|Moltres-Galar|100/100|[from] Flip Turn
|move|p2a: Hustle Hard|Supercell Slam|p1a: Moltres
|-supereffective|p1a: Moltres
|-damage|p1a: Moltres|0 fnt
|faint|p1a: Moltres
|
|-weather|SunnyDay|[upkeep]
|upkeep
|
|t:|1779632029
|switch|p1a: Luxray|Luxray, M|100/100
|turn|9
|
|t:|1779632043
|move|p1a: Luxray|Psychic Fangs|p2a: Hustle Hard
|-damage|p2a: Hustle Hard|16/100
|-damage|p1a: Luxray|91/100|[from] item: Life Orb
|move|p2a: Hustle Hard|Supercell Slam|p1a: Luxray
|-resisted|p1a: Luxray
|-damage|p1a: Luxray|12/100
|
|-weather|SunnyDay|[upkeep]
|upkeep
|turn|10
|
|t:|1779632057
|move|p1a: Luxray|Psychic Fangs|p2a: Hustle Hard
|-damage|p2a: Hustle Hard|0 fnt
|faint|p2a: Hustle Hard
|-damage|p1a: Luxray|2/100|[from] item: Life Orb
|
|-weather|SunnyDay|[upkeep]
|upkeep
|
|t:|1779632062
|switch|p2a: Great Tusk|Great Tusk|100/100
|-activate|p2a: Great Tusk|ability: Protosynthesis
|-start|p2a: Great Tusk|protosynthesisspe
|turn|11
|
|t:|1779632073
|switch|p1a: Corviknight|Corviknight, F|100/100
|-ability|p1a: Corviknight|Pressure
|move|p2a: Great Tusk|Bulk Up|p2a: Great Tusk
|-boost|p2a: Great Tusk|atk|1
|-boost|p2a: Great Tusk|def|1
|
|-weather|SunnyDay|[upkeep]
|upkeep
|turn|12
|
|t:|1779632082
|move|p2a: Great Tusk|Knock Off|p1a: Corviknight
|-damage|p1a: Corviknight|74/100
|-damage|p2a: Great Tusk|84/100|[from] item: Rocky Helmet|[of] p1a: Corviknight
|-enditem|p1a: Corviknight|Rocky Helmet|[from] move: Knock Off|[of] p2a: Great Tusk
|move|p1a: Corviknight|Iron Defense|p1a: Corviknight
|-boost|p1a: Corviknight|def|2
|
|-weather|none
|-end|p2a: Great Tusk|Protosynthesis
|upkeep
|turn|13
|
|t:|1779632101
|-end|p2a: Great Tusk|Protosynthesis|[silent]
|switch|p2a: Ninetales|Ninetales, F|100/100
|-weather|SunnyDay|[from] ability: Drought|[of] p2a: Ninetales
|move|p1a: Corviknight|Body Press|p2a: Ninetales
|-damage|p2a: Ninetales|30/100
|
|-weather|SunnyDay|[upkeep]
|upkeep
|turn|14
|
|t:|1779632106
|switch|p1a: Alomomola|Alomomola, M|100/100
|move|p2a: Ninetales|Will-O-Wisp|p1a: Alomomola
|-status|p1a: Alomomola|brn
|
|-weather|SunnyDay|[upkeep]
|-damage|p1a: Alomomola|94/100 brn|[from] brn
|upkeep
|turn|15
|
|t:|1779632113
|switch|p2a: Venusaur|Venusaur, F|100/100
|move|p1a: Alomomola|Flip Turn|p2a: Venusaur
|-resisted|p2a: Venusaur
|-damage|p2a: Venusaur|98/100
|
|t:|1779632125
|switch|p1a: Corviknight|Corviknight, F|74/100|[from] Flip Turn
|-ability|p1a: Corviknight|Pressure
|
|-weather|SunnyDay|[upkeep]
|upkeep
|turn|16
|
|t:|1779632130
|move|p2a: Venusaur|Weather Ball|p1a: Corviknight
|-supereffective|p1a: Corviknight
|-damage|p1a: Corviknight|0 fnt
|faint|p1a: Corviknight
|-damage|p2a: Venusaur|88/100|[from] item: Life Orb
|
|-weather|SunnyDay|[upkeep]
|upkeep
|
|t:|1779632137
|switch|p1a: Luxray|Luxray, M|2/100
|turn|17
|
|t:|1779632140
|move|p2a: Venusaur|Giga Drain|p1a: Luxray
|-damage|p1a: Luxray|0 fnt
|-heal|p2a: Venusaur|89/100|[from] drain|[of] p1a: Luxray
|faint|p1a: Luxray
|-damage|p2a: Venusaur|79/100|[from] item: Life Orb
|
|-weather|SunnyDay|[upkeep]
|upkeep
|
|t:|1779632142
|switch|p1a: Deoxys|Deoxys-Speed|100/100
|-ability|p1a: Deoxys|Pressure
|turn|18
|
|t:|1779632145
|move|p2a: Venusaur|Sludge Bomb|p1a: Deoxys
|-damage|p1a: Deoxys|19/100
|-status|p1a: Deoxys|psn
|-damage|p2a: Venusaur|69/100|[from] item: Life Orb
|move|p1a: Deoxys|Psycho Boost|p2a: Venusaur
|-supereffective|p2a: Venusaur
|-damage|p2a: Venusaur|0 fnt
|-unboost|p1a: Deoxys|spa|2
|faint|p2a: Venusaur
|
|-weather|SunnyDay|[upkeep]
|-damage|p1a: Deoxys|7/100 psn|[from] psn
|upkeep
|
|t:|1779632150
|switch|p2a: Great Tusk|Great Tusk|84/100
|-activate|p2a: Great Tusk|ability: Protosynthesis
|-start|p2a: Great Tusk|protosynthesisspe
|turn|19
|
|t:|1779632155
|move|p1a: Deoxys|Psycho Boost|p2a: Great Tusk|[miss]
|-miss|p1a: Deoxys|p2a: Great Tusk
|move|p2a: Great Tusk|Rapid Spin|p1a: Deoxys
|-damage|p1a: Deoxys|0 fnt
|-boost|p2a: Great Tusk|spe|1
|faint|p1a: Deoxys
|
|-weather|SunnyDay|[upkeep]
|upkeep
|-message|fallentitansss forfeited.
|
|win|YoSoyDelBronx
|raw|fallentitansss's rating: 1270 &rarr; <strong>1248</strong><br />(-22 for losing)
|raw|YoSoyDelBronx's rating: 1305 &rarr; <strong>1323</strong><br />(+18 for winning)
|l|☆fallentitansss
|player|p1|
|l|☆YoSoyDelBronx
|player|p2|
