|inactive|Battle timer is ON: inactive players will automatically lose when time's up.
|t:|1779573182
|gametype|singles
|player|p1|Silent Waltzz|#wcop2026africa2|
|player|p2|KeshBa45|red|
|gen|9
|tier|[Gen 9] OU
|rule|HP Percentage Mod: HP is shown in percentages
|rule|Endless Battle Clause: Forcing endless battles is banned
|rule|Species Clause: Limit one of each Pokémon
|rule|OHKO Clause: OHKO moves are banned
|rule|Evasion Items Clause: Evasion items are banned
|rule|Evasion Moves Clause: Evasion moves are banned
|rule|Evasion Abilities Clause: Evasion abilities are banned
|rule|Sleep Moves Clause: Sleep-inducing moves are banned
|clearpoke
|poke|p1|Dragonite, M|
|poke|p1|Ogerpon-Wellspring, F|
|poke|p1|Ting-Lu|
|poke|p1|Gholdengo|
|poke|p1|Glimmora, F|
|poke|p1|Iron Crown|
|poke|p2|Tinkaton, F|
|poke|p2|Samurott-Hisui, M|
|poke|p2|Sinistcha|
|poke|p2|Gliscor, M|
|poke|p2|Moltres|
|poke|p2|Zamazenta-*|
|teampreview
|c|☆Silent Waltzz|hf bro
|inactive|Silent Waltzz has 270 seconds left.
|inactive|KeshBa45 has 270 seconds left.
|
|t:|1779573222
|teamsize|p1|6
|teamsize|p2|6
|start
|switch|p1a: Glimmora|Glimmora, F|100/100
|switch|p2a: Tinkaton|Tinkaton, F|100/100
|-ability|p2a: Tinkaton|Mold Breaker
|-item|p2a: Tinkaton|Air Balloon
|turn|1
|inactive|Silent Waltzz has 270 seconds left.
|inactive|KeshBa45 has 270 seconds left.
|
|t:|1779573269
|switch|p1a: Ting-Lu|Ting-Lu|100/100
|-ability|p1a: Ting-Lu|Vessel of Ruin
|move|p2a: Tinkaton|Stealth Rock|p1a: Ting-Lu
|-sidestart|p1: Silent Waltzz|move: Stealth Rock
|
|upkeep
|turn|2
|inactive|Silent Waltzz has 270 seconds left.
|inactive|KeshBa45 has 270 seconds left.
|
|t:|1779573284
|switch|p2a: Samurott|Samurott-Hisui, M|100/100
|move|p1a: Ting-Lu|Ruination|p2a: Samurott
|-damage|p2a: Samurott|51/100
|
|upkeep
|turn|3
|inactive|Silent Waltzz has 270 seconds left.
|
|t:|1779573296
|move|p2a: Samurott|Razor Shell|p1a: Ting-Lu
|-supereffective|p1a: Ting-Lu
|-damage|p1a: Ting-Lu|33/100
|-damage|p2a: Samurott|34/100|[from] item: Rocky Helmet|[of] p1a: Ting-Lu
|move|p1a: Ting-Lu|Earthquake|p2a: Samurott
|-damage|p2a: Samurott|0 fnt
|faint|p2a: Samurott
|
|upkeep
|inactive|KeshBa45 has 240 seconds left.
|
|t:|1779573333
|switch|p2a: Zamazenta|Zamazenta|100/100
|-ability|p2a: Zamazenta|Dauntless Shield|boost
|-boost|p2a: Zamazenta|def|1
|turn|4
|inactive|Silent Waltzz has 270 seconds left.
|
|t:|1779573362
|move|p2a: Zamazenta|Close Combat|p1a: Ting-Lu
|-supereffective|p1a: Ting-Lu
|-damage|p1a: Ting-Lu|0 fnt
|-unboost|p2a: Zamazenta|def|1
|-unboost|p2a: Zamazenta|spd|1
|-damage|p2a: Zamazenta|84/100|[from] item: Rocky Helmet|[of] p1a: Ting-Lu
|faint|p1a: Ting-Lu
|
|upkeep
|
|t:|1779573376
|switch|p1a: Gholdengo|Gholdengo|100/100
|-damage|p1a: Gholdengo|94/100|[from] Stealth Rock
|turn|5
|
|t:|1779573394
|switch|p2a: Gliscor|Gliscor, M|100/100
|move|p1a: Gholdengo|Thunder Wave|p2a: Gliscor
|-immune|p2a: Gliscor
|
|-status|p2a: Gliscor|tox|[from] item: Toxic Orb
|upkeep
|turn|6
|inactive|Silent Waltzz has 270 seconds left.
|
|t:|1779573410
|move|p1a: Gholdengo|Hex|p2a: Gliscor
|-damage|p2a: Gliscor|47/100 tox
|move|p2a: Gliscor|Earthquake|p1a: Gholdengo
|-supereffective|p1a: Gholdengo
|-damage|p1a: Gholdengo|42/100
|
|-heal|p2a: Gliscor|59/100 tox|[from] ability: Poison Heal
|upkeep
|turn|7
|inactive|Silent Waltzz has 270 seconds left.
|
|t:|1779573422
|-terastallize|p1a: Gholdengo|Flying
|move|p1a: Gholdengo|Recover|p1a: Gholdengo
|-heal|p1a: Gholdengo|92/100
|move|p2a: Gliscor|Earthquake|p1a: Gholdengo
|-immune|p1a: Gholdengo
|
|-heal|p2a: Gliscor|72/100 tox|[from] ability: Poison Heal
|upkeep
|turn|8
|inactive|Silent Waltzz has 270 seconds left.
|inactive|KeshBa45 has 240 seconds left.
|
|t:|1779573446
|move|p2a: Gliscor|Protect|p2a: Gliscor
|-singleturn|p2a: Gliscor|Protect
|move|p1a: Gholdengo|Hex|p2a: Gliscor
|-activate|p2a: Gliscor|move: Protect
|
|-heal|p2a: Gliscor|84/100 tox|[from] ability: Poison Heal
|upkeep
|turn|9
|inactive|KeshBa45 has 240 seconds left.
|
|t:|1779573477
|switch|p2a: Tinkaton|Tinkaton, F|100/100
|-ability|p2a: Tinkaton|Mold Breaker
|-item|p2a: Tinkaton|Air Balloon
|move|p1a: Gholdengo|Thunder Wave|p2a: Tinkaton
|-status|p2a: Tinkaton|par
|
|upkeep
|turn|10
|
|t:|1779573487
|switch|p1a: Ogerpon|Ogerpon-Wellspring, F|100/100
|-damage|p1a: Ogerpon|88/100|[from] Stealth Rock
|move|p2a: Tinkaton|Thunder Wave|p1a: Ogerpon
|-status|p1a: Ogerpon|par
|
|upkeep
|turn|11
|
|t:|1779573504
|switch|p1a: Glimmora|Glimmora, F|100/100
|-damage|p1a: Glimmora|88/100|[from] Stealth Rock
|switch|p2a: Sinistcha|Sinistcha|100/100
|
|upkeep
|turn|12
|inactive|KeshBa45 has 210 seconds left.
|
|t:|1779573531
|switch|p2a: Zamazenta|Zamazenta|84/100
|move|p1a: Glimmora|Meteor Beam||[still]
|-prepare|p1a: Glimmora|Meteor Beam
|-boost|p1a: Glimmora|spa|1
|-enditem|p1a: Glimmora|Power Herb
|-anim|p1a: Glimmora|Meteor Beam|p2a: Zamazenta|[miss]
|-miss|p1a: Glimmora|p2a: Zamazenta
|
|upkeep
|turn|13
|inactive|KeshBa45 has 210 seconds left.
|inactive|KeshBa45 has 180 seconds left.
|
|t:|1779573577
|-terastallize|p2a: Zamazenta|Steel
|move|p2a: Zamazenta|Heavy Slam|p1a: Glimmora
|-supereffective|p1a: Glimmora
|-damage|p1a: Glimmora|0 fnt
|-activate|p1a: Glimmora|ability: Toxic Debris
|-sidestart|p2: KeshBa45|move: Toxic Spikes
|faint|p1a: Glimmora
|
|upkeep
|inactive|Silent Waltzz has 270 seconds left.
|inactive|Silent Waltzz has 240 seconds left.
|inactive|Silent Waltzz has 210 seconds left.
|
|t:|1779573678
|switch|p1a: Gholdengo|Gholdengo, tera:Flying|92/100
|-damage|p1a: Gholdengo|67/100|[from] Stealth Rock
|turn|14
|inactive|KeshBa45 has 180 seconds left.
|inactive|KeshBa45 has 150 seconds left.
|inactive|KeshBa45 has 120 seconds left.
|
|t:|1779573750
|switch|p2a: Tinkaton|Tinkaton, F|100/100 par
|-ability|p2a: Tinkaton|Mold Breaker
|-item|p2a: Tinkaton|Air Balloon
|move|p1a: Gholdengo|Recover|p1a: Gholdengo
|-heal|p1a: Gholdengo|100/100
|
|upkeep
|turn|15
|inactive|KeshBa45 has 120 seconds left.
|
|t:|1779573759
|switch|p1a: Ogerpon|Ogerpon-Wellspring, F|88/100 par
|-damage|p1a: Ogerpon|76/100 par|[from] Stealth Rock
|move|p2a: Tinkaton|Gigaton Hammer|p1a: Ogerpon
|-resisted|p1a: Ogerpon
|-damage|p1a: Ogerpon|43/100 par
|
|upkeep
|turn|16
|inactive|Silent Waltzz has 210 seconds left.
|inactive|KeshBa45 has 120 seconds left.
|
|t:|1779573781
|switch|p2a: Sinistcha|Sinistcha|100/100
|move|p1a: Ogerpon|Ivy Cudgel|p2a: Sinistcha|[anim] Ivy Cudgel Water
|-resisted|p2a: Sinistcha
|-crit|p2a: Sinistcha
|-damage|p2a: Sinistcha|65/100
|
|upkeep
|turn|17
|inactive|Silent Waltzz has 210 seconds left.
|
|t:|1779573791
|switch|p1a: Gholdengo|Gholdengo, tera:Flying|100/100
|-damage|p1a: Gholdengo|76/100|[from] Stealth Rock
|move|p2a: Sinistcha|Hex|p1a: Gholdengo
|-damage|p1a: Gholdengo|52/100
|
|upkeep
|turn|18
|inactive|KeshBa45 has 120 seconds left.
|
|t:|1779573801
|switch|p2a: Moltres|Moltres|100/100
|move|p1a: Gholdengo|Hex|p2a: Moltres
|-damage|p2a: Moltres|77/100
|
|upkeep
|turn|19
|
|t:|1779573810
|move|p1a: Gholdengo|Thunder Wave|p2a: Moltres
|-status|p2a: Moltres|par
|cant|p2a: Moltres|par
|
|upkeep
|turn|20
|
|t:|1779573815
|move|p1a: Gholdengo|Recover|p1a: Gholdengo
|-heal|p1a: Gholdengo|100/100
|move|p2a: Moltres|Roost|p2a: Moltres
|-heal|p2a: Moltres|100/100 par
|-singleturn|p2a: Moltres|move: Roost
|
|upkeep
|turn|21
|
|t:|1779573822
|move|p1a: Gholdengo|Hex|p2a: Moltres
|-damage|p2a: Moltres|53/100 par
|move|p2a: Moltres|U-turn|p1a: Gholdengo
|-resisted|p1a: Gholdengo
|-damage|p1a: Gholdengo|96/100
|
|t:|1779573825
|switch|p2a: Tinkaton|Tinkaton, F|100/100 par|[from] U-turn
|-ability|p2a: Tinkaton|Mold Breaker
|-item|p2a: Tinkaton|Air Balloon
|
|upkeep
|turn|22
|inactive|KeshBa45 has 150 seconds left.
|
|t:|1779573834
|switch|p1a: Ogerpon|Ogerpon-Wellspring, F|43/100 par
|-damage|p1a: Ogerpon|31/100 par|[from] Stealth Rock
|move|p2a: Tinkaton|Gigaton Hammer|p1a: Ogerpon
|-resisted|p1a: Ogerpon
|-damage|p1a: Ogerpon|0 fnt
|faint|p1a: Ogerpon
|
|upkeep
|
|t:|1779573839
|switch|p1a: Iron Crown|Iron Crown|100/100
|-damage|p1a: Iron Crown|94/100|[from] Stealth Rock
|-enditem|p1a: Iron Crown|Booster Energy
|-activate|p1a: Iron Crown|ability: Quark Drive|[fromitem]
|-start|p1a: Iron Crown|quarkdrivespe
|turn|23
|
|t:|1779573848
|switch|p2a: Gliscor|Gliscor, M|84/100 tox
|move|p1a: Iron Crown|Tachyon Cutter|p2a: Gliscor
|-damage|p2a: Gliscor|61/100 tox
|-damage|p2a: Gliscor|37/100 tox
|-hitcount|p2a: Gliscor|2
|
|-heal|p2a: Gliscor|49/100 tox|[from] ability: Poison Heal
|upkeep
|turn|24
|inactive|KeshBa45 has 150 seconds left.
|
|t:|1779573881
|move|p1a: Iron Crown|Calm Mind|p1a: Iron Crown
|-boost|p1a: Iron Crown|spa|1
|-boost|p1a: Iron Crown|spd|1
|move|p2a: Gliscor|Earthquake|p1a: Iron Crown
|-supereffective|p1a: Iron Crown
|-damage|p1a: Iron Crown|27/100
|
|-heal|p2a: Gliscor|62/100 tox|[from] ability: Poison Heal
|upkeep
|turn|25
|inactive|Silent Waltzz has 270 seconds left.
|inactive|KeshBa45 has 120 seconds left.
|inactive|Silent Waltzz has 240 seconds left.
|inactive|KeshBa45 has 90 seconds left.
|
|t:|1779573964
|move|p2a: Gliscor|Protect|p2a: Gliscor
|-singleturn|p2a: Gliscor|Protect
|move|p1a: Iron Crown|Calm Mind|p1a: Iron Crown
|-boost|p1a: Iron Crown|spa|1
|-boost|p1a: Iron Crown|spd|1
|
|-heal|p2a: Gliscor|74/100 tox|[from] ability: Poison Heal
|upkeep
|turn|26
|
|t:|1779573970
|switch|p2a: Sinistcha|Sinistcha|65/100
|move|p1a: Iron Crown|Tachyon Cutter|p2a: Sinistcha
|-damage|p2a: Sinistcha|7/100
|-damage|p2a: Sinistcha|0 fnt
|faint|p2a: Sinistcha
|-hitcount|p2: Sinistcha|2
|
|upkeep
|
|t:|1779573973
|switch|p2a: Gliscor|Gliscor, M|74/100 tox
|turn|27
|
|t:|1779573987
|move|p2a: Gliscor|Protect|p2a: Gliscor
|-singleturn|p2a: Gliscor|Protect
|move|p1a: Iron Crown|Calm Mind|p1a: Iron Crown
|-boost|p1a: Iron Crown|spa|1
|-boost|p1a: Iron Crown|spd|1
|
|-heal|p2a: Gliscor|87/100 tox|[from] ability: Poison Heal
|upkeep
|turn|28
|
|t:|1779574007
|move|p1a: Iron Crown|Tachyon Cutter|p2a: Gliscor
|-damage|p2a: Gliscor|31/100 tox
|-damage|p2a: Gliscor|0 fnt
|faint|p2a: Gliscor
|-hitcount|p2: Gliscor|2
|
|upkeep
|
|t:|1779574013
|switch|p2a: Zamazenta|Zamazenta, tera:Steel|84/100
|turn|29
|
|t:|1779574024
|move|p1a: Iron Crown|Focus Blast|p2a: Zamazenta|[miss]
|-miss|p1a: Iron Crown|p2a: Zamazenta
|move|p2a: Zamazenta|Crunch|p1a: Iron Crown
|-supereffective|p1a: Iron Crown
|-damage|p1a: Iron Crown|0 fnt
|faint|p1a: Iron Crown
|-end|p1a: Iron Crown|Quark Drive|[silent]
|
|upkeep
|inactive|Silent Waltzz has 270 seconds left.
|c|+zoyotte|kesh i got ya
|c|+zoyotte|keshba45: hf
|inactive|Silent Waltzz has 240 seconds left.
|
|t:|1779574079
|switch|p1a: Gholdengo|Gholdengo, tera:Flying|96/100
|-damage|p1a: Gholdengo|71/100|[from] Stealth Rock
|turn|30
|inactive|Silent Waltzz has 210 seconds left.
|inactive|KeshBa45 has 60 seconds left.
|inactive|Silent Waltzz has 180 seconds left.
|
|t:|1779574152
|move|p2a: Zamazenta|Stone Edge|p1a: Gholdengo|[miss]
|-miss|p2a: Zamazenta|p1a: Gholdengo
|move|p1a: Gholdengo|Hex|p2a: Zamazenta
|-damage|p2a: Zamazenta|59/100
|
|upkeep
|turn|31
|c|+Micciu|trahis pas silebt
|
|t:|1779574175
|move|p2a: Zamazenta|Stone Edge|p1a: Gholdengo|[miss]
|-miss|p2a: Zamazenta|p1a: Gholdengo
|move|p1a: Gholdengo|Thunder Wave|p2a: Zamazenta
|-status|p2a: Zamazenta|par
|
|upkeep
|turn|32
|c|+zoyotte|?
|c|+zoyotte|la honte
|c|+zoyotte|micciu il a volé avant ou pas
|inactive|Silent Waltzz has 150 seconds left.
|c|☆Silent Waltzz|what a wierd ahh game
|c|+Micciu|jsp je suis encore en lice
|c|+Micciu|mdrrrr
|c|+zoyotte|keshba45: jv t'attraper silent
|c|+zoyotte|?!
|inactive|KeshBa45 has 60 seconds left.
|c|☆Silent Waltzz|je miss pas fb je win on the spot
|inactive|KeshBa45 has 30 seconds left.
|inactive|KeshBa45 has 20 seconds left.
|inactive|KeshBa45 has 15 seconds left.
|c|+zoyotte|pour changer LMAOO
|
|t:|1779574263
|switch|p2a: Tinkaton|Tinkaton, F|100/100 par
|-ability|p2a: Tinkaton|Mold Breaker
|-item|p2a: Tinkaton|Air Balloon
|move|p1a: Gholdengo|Hex|p2a: Tinkaton
|-damage|p2a: Tinkaton|46/100 par
|-enditem|p2a: Tinkaton|Air Balloon
|
|upkeep
|turn|33
|inactive|KeshBa45 has 25 seconds left this turn.
|inactive|KeshBa45 has 20 seconds left.
|-message|KeshBa45 forfeited.
|
|win|Silent Waltzz
|player|p2|
|c|+zoyotte|keshba45: gg
|c|☆Silent Waltzz|plus jamais je click fb contre des africain
|c|☆Silent Waltzz|atroce
|player|p1|
