|j|☆Scizorag
|j|☆timlikerich123
|t:|1779596790
|gametype|singles
|player|p1|Scizorag|1|1393
|player|p2|timlikerich123|169|1388
|gen|9
|tier|[Gen 9] OU
|rated|
|rule|HP Percentage Mod: HP is shown in percentages
|rule|Endless Battle Clause: Forcing endless battles is banned
|rule|Species Clause: Limit one of each Pokémon
|rule|OHKO Clause: OHKO moves are banned
|rule|Evasion Items Clause: Evasion items are banned
|rule|Evasion Moves Clause: Evasion moves are banned
|rule|Evasion Abilities Clause: Evasion abilities are banned
|rule|Sleep Moves Clause: Sleep-inducing moves are banned
|clearpoke
|poke|p1|Scizor, F|
|poke|p1|Primarina, M|
|poke|p1|Ting-Lu|
|poke|p1|Tornadus-Therian, M|
|poke|p1|Dragapult, F|
|poke|p1|Cinderace, F|
|poke|p2|Ursaluna, M|
|poke|p2|Hatterene, F|
|poke|p2|Grimmsnarl, M|
|poke|p2|Kingambit, F|
|poke|p2|Cinderace, F|
|poke|p2|Cloyster, F|
|teampreview
|
|t:|1779596794
|teamsize|p1|6
|teamsize|p2|6
|start
|switch|p1a: Scizor|Scizor, F|100/100
|switch|p2a: Cloyster|Cloyster, F|100/100
|turn|1
|
|t:|1779596797
|move|p1a: Scizor|Bullet Punch|p2a: Cloyster
|-damage|p2a: Cloyster|53/100
|move|p2a: Cloyster|Shell Smash|p2a: Cloyster
|-unboost|p2a: Cloyster|def|1
|-unboost|p2a: Cloyster|spd|1
|-boost|p2a: Cloyster|atk|2
|-boost|p2a: Cloyster|spa|2
|-boost|p2a: Cloyster|spe|2
|
|upkeep
|turn|2
|
|t:|1779596807
|switch|p2a: Cinderace|Cinderace, F|100/100
|move|p1a: Scizor|Bullet Punch|p2a: Cinderace
|-resisted|p2a: Cinderace
|-damage|p2a: Cinderace|66/100
|
|upkeep
|turn|3
|
|t:|1779596815
|switch|p1a: Primarina|Primarina, M|100/100
|move|p2a: Cinderace|Pyro Ball|p1a: Primarina
|-resisted|p1a: Primarina
|-damage|p1a: Primarina|77/100
|
|-heal|p1a: Primarina|83/100|[from] item: Leftovers
|upkeep
|turn|4
|
|t:|1779596821
|switch|p2a: Grimmsnarl|Grimmsnarl, M|100/100
|move|p1a: Primarina|Substitute|p1a: Primarina
|-start|p1a: Primarina|Substitute
|-damage|p1a: Primarina|58/100
|
|-heal|p1a: Primarina|65/100|[from] item: Leftovers
|upkeep
|turn|5
|
|t:|1779596826
|move|p1a: Primarina|Calm Mind|p1a: Primarina
|-boost|p1a: Primarina|spa|1
|-boost|p1a: Primarina|spd|1
|move|p2a: Grimmsnarl|Play Rough|p1a: Primarina
|-end|p1a: Primarina|Substitute
|
|-heal|p1a: Primarina|71/100|[from] item: Leftovers
|upkeep
|turn|6
|
|t:|1779596833
|-terastallize|p1a: Primarina|Steel
|move|p2a: Grimmsnarl|Taunt|p1a: Primarina
|-start|p1a: Primarina|move: Taunt
|cant|p1a: Primarina|move: Taunt|Substitute
|
|-heal|p1a: Primarina|77/100|[from] item: Leftovers
|upkeep
|turn|7
|
|t:|1779596838
|move|p2a: Grimmsnarl|Light Screen|p2a: Grimmsnarl
|-sidestart|p2: timlikerich123|move: Light Screen
|move|p1a: Primarina|Draining Kiss|p2a: Grimmsnarl
|-supereffective|p2a: Grimmsnarl
|-damage|p2a: Grimmsnarl|69/100
|-heal|p1a: Primarina|100/100|[from] drain|[of] p2a: Grimmsnarl
|
|upkeep
|turn|8
|
|t:|1779596841
|move|p2a: Grimmsnarl|Reflect|p2a: Grimmsnarl
|-sidestart|p2: timlikerich123|Reflect
|move|p1a: Primarina|Draining Kiss|p2a: Grimmsnarl
|-supereffective|p2a: Grimmsnarl
|-damage|p2a: Grimmsnarl|37/100
|
|-end|p1a: Primarina|move: Taunt
|upkeep
|turn|9
|
|t:|1779596843
|move|p2a: Grimmsnarl|Taunt|p1a: Primarina
|-start|p1a: Primarina|move: Taunt
|move|p1a: Primarina|Draining Kiss|p2a: Grimmsnarl
|-supereffective|p2a: Grimmsnarl
|-damage|p2a: Grimmsnarl|6/100
|
|upkeep
|turn|10
|
|t:|1779596847
|switch|p2a: Hatterene|Hatterene, F|100/100
|move|p1a: Primarina|Draining Kiss|p2a: Hatterene
|-damage|p2a: Hatterene|85/100
|
|-heal|p2a: Hatterene|91/100|[from] item: Leftovers
|upkeep
|turn|11
|
|t:|1779596854
|move|p1a: Primarina|Psychic Noise|p2a: Hatterene
|-damage|p2a: Hatterene|68/100
|-start|p2a: Hatterene|move: Heal Block
|move|p2a: Hatterene|Nuzzle|p1a: Primarina
|-damage|p1a: Primarina|96/100
|-status|p1a: Primarina|par
|
|-heal|p1a: Primarina|100/100 par|[from] item: Leftovers
|-end|p1a: Primarina|move: Taunt
|upkeep
|turn|12
|
|t:|1779596866
|cant|p1a: Primarina|par
|move|p2a: Hatterene|Trick Room|p2a: Hatterene
|-fieldstart|move: Trick Room|[of] p2a: Hatterene
|
|-end|p2a: Hatterene|move: Heal Block
|upkeep
|turn|13
|
|t:|1779596871
|switch|p2a: Ursaluna|Ursaluna, M|100/100
|cant|p1a: Primarina|par
|
|-status|p2a: Ursaluna|brn|[from] item: Flame Orb
|upkeep
|turn|14
|
|t:|1779596892
|switch|p1a: Tornadus|Tornadus-Therian, M|100/100
|move|p2a: Ursaluna|Fire Punch|p1a: Tornadus
|-damage|p1a: Tornadus|47/100
|
|-damage|p2a: Ursaluna|94/100 brn|[from] brn
|-sideend|p2: timlikerich123|move: Light Screen
|upkeep
|turn|15
|
|t:|1779596902
|switch|p1a: Primarina|Primarina, M, tera:Steel|100/100 par
|move|p2a: Ursaluna|Facade|p1a: Primarina
|-resisted|p1a: Primarina
|-damage|p1a: Primarina|52/100 par
|
|-heal|p1a: Primarina|58/100 par|[from] item: Leftovers
|-damage|p2a: Ursaluna|88/100 brn|[from] brn
|-sideend|p2: timlikerich123|Reflect
|upkeep
|turn|16
|
|t:|1779596907
|move|p1a: Primarina|Psychic Noise|p2a: Ursaluna
|-supereffective|p2a: Ursaluna
|-damage|p2a: Ursaluna|31/100 brn
|-start|p2a: Ursaluna|move: Heal Block
|move|p2a: Ursaluna|Facade|p1a: Primarina
|-resisted|p1a: Primarina
|-damage|p1a: Primarina|3/100 par
|
|-heal|p1a: Primarina|9/100 par|[from] item: Leftovers
|-damage|p2a: Ursaluna|24/100 brn|[from] brn
|-fieldend|move: Trick Room
|upkeep
|turn|17
|
|t:|1779596916
|move|p2a: Ursaluna|Facade|p1a: Primarina
|-resisted|p1a: Primarina
|-damage|p1a: Primarina|0 fnt
|faint|p1a: Primarina
|
|-damage|p2a: Ursaluna|18/100 brn|[from] brn
|-end|p2a: Ursaluna|move: Heal Block
|upkeep
|
|t:|1779596919
|switch|p1a: Scizor|Scizor, F|100/100
|turn|18
|
|t:|1779596929
|switch|p2a: Kingambit|Kingambit, F|100/100
|move|p1a: Scizor|Bullet Punch|p2a: Kingambit
|-resisted|p2a: Kingambit
|-damage|p2a: Kingambit|82/100
|
|-heal|p2a: Kingambit|88/100|[from] item: Leftovers
|upkeep
|turn|19
|
|t:|1779596933
|switch|p1a: Ting-Lu|Ting-Lu|100/100
|-ability|p1a: Ting-Lu|Vessel of Ruin
|move|p2a: Kingambit|Swords Dance|p2a: Kingambit
|-boost|p2a: Kingambit|atk|2
|
|-heal|p2a: Kingambit|94/100|[from] item: Leftovers
|upkeep
|turn|20
|
|t:|1779596945
|-terastallize|p2a: Kingambit|Ghost
|move|p2a: Kingambit|Iron Head|p1a: Ting-Lu
|-damage|p1a: Ting-Lu|47/100
|move|p1a: Ting-Lu|Whirlwind|p2a: Kingambit
|-end|p2a: Kingambit|fallenundefined|[silent]
|drag|p2a: Cloyster|Cloyster, F|53/100
|
|-heal|p1a: Ting-Lu|53/100|[from] item: Leftovers
|upkeep
|turn|21
|inactive|Battle timer is ON: inactive players will automatically lose when time's up. (requested by Scizorag)
|
|t:|1779596951
|switch|p1a: Scizor|Scizor, F|100/100
|move|p2a: Cloyster|Shell Smash|p2a: Cloyster
|-unboost|p2a: Cloyster|def|1
|-unboost|p2a: Cloyster|spd|1
|-boost|p2a: Cloyster|atk|2
|-boost|p2a: Cloyster|spa|2
|-boost|p2a: Cloyster|spe|2
|
|upkeep
|turn|22
|
|t:|1779596961
|switch|p2a: Kingambit|Kingambit, F, tera:Ghost|94/100
|move|p1a: Scizor|Bullet Punch|p2a: Kingambit
|-damage|p2a: Kingambit|57/100
|
|-heal|p2a: Kingambit|63/100|[from] item: Leftovers
|upkeep
|turn|23
|
|t:|1779596971
|switch|p1a: Tornadus|Tornadus-Therian, M|80/100
|move|p2a: Kingambit|Swords Dance|p2a: Kingambit
|-boost|p2a: Kingambit|atk|2
|
|-heal|p2a: Kingambit|69/100|[from] item: Leftovers
|upkeep
|turn|24
|
|t:|1779596983
|move|p1a: Tornadus|Knock Off|p2a: Kingambit
|-supereffective|p2a: Kingambit
|-damage|p2a: Kingambit|40/100
|-enditem|p2a: Kingambit|Leftovers|[from] move: Knock Off|[of] p1a: Tornadus
|move|p2a: Kingambit|Kowtow Cleave|p1a: Tornadus
|-damage|p1a: Tornadus|0 fnt
|faint|p1a: Tornadus
|
|upkeep
|
|t:|1779596994
|switch|p1a: Cinderace|Cinderace, F|100/100
|turn|25
|
|t:|1779596997
|move|p1a: Cinderace|Sucker Punch|p2a: Kingambit
|-start|p1a: Cinderace|typechange|Dark|[from] ability: Libero
|-supereffective|p2a: Kingambit
|-damage|p2a: Kingambit|0 fnt
|faint|p2a: Kingambit
|-end|p2a: Kingambit|fallenundefined|[silent]
|
|upkeep
|
|t:|1779597002
|switch|p2a: Grimmsnarl|Grimmsnarl, M|6/100
|turn|26
|
|t:|1779597027
|move|p1a: Cinderace|Sucker Punch||[still]
|-fail|p1a: Cinderace
|move|p2a: Grimmsnarl|Reflect|p2a: Grimmsnarl
|-sidestart|p2: timlikerich123|Reflect
|
|upkeep
|turn|27
|
|t:|1779597030
|move|p2a: Grimmsnarl|Light Screen|p2a: Grimmsnarl
|-sidestart|p2: timlikerich123|move: Light Screen
|move|p1a: Cinderace|Court Change|p1a: Cinderace
|-swapsideconditions
|-activate|p1a: Cinderace|move: Court Change
|
|upkeep
|turn|28
|
|t:|1779597038
|move|p2a: Grimmsnarl|Reflect|p2a: Grimmsnarl
|-sidestart|p2: timlikerich123|Reflect
|move|p1a: Cinderace|Pyro Ball|p2a: Grimmsnarl
|-damage|p2a: Grimmsnarl|0 fnt
|faint|p2a: Grimmsnarl
|
|upkeep
|
|t:|1779597046
|switch|p2a: Hatterene|Hatterene, F|68/100
|turn|29
|
|t:|1779597051
|move|p1a: Cinderace|Pyro Ball|p2a: Hatterene
|-damage|p2a: Hatterene|51/100
|move|p2a: Hatterene|Nuzzle|p1a: Cinderace
|-damage|p1a: Cinderace|97/100
|-status|p1a: Cinderace|par
|
|-heal|p2a: Hatterene|57/100|[from] item: Leftovers
|upkeep
|turn|30
|
|t:|1779597056
|move|p1a: Cinderace|Pyro Ball|p2a: Hatterene
|-damage|p2a: Hatterene|40/100
|move|p2a: Hatterene|Trick Room|p2a: Hatterene
|-fieldstart|move: Trick Room|[of] p2a: Hatterene
|
|-heal|p2a: Hatterene|46/100|[from] item: Leftovers
|upkeep
|turn|31
|
|t:|1779597059
|move|p2a: Hatterene|Calm Mind|p2a: Hatterene
|-boost|p2a: Hatterene|spa|1
|-boost|p2a: Hatterene|spd|1
|move|p1a: Cinderace|Pyro Ball|p2a: Hatterene|[miss]
|-miss|p1a: Cinderace|p2a: Hatterene
|
|-heal|p2a: Hatterene|52/100|[from] item: Leftovers
|upkeep
|turn|32
|
|t:|1779597062
|move|p2a: Hatterene|Draining Kiss|p1a: Cinderace
|-supereffective|p1a: Cinderace
|-damage|p1a: Cinderace|45/100 par
|-heal|p2a: Hatterene|89/100|[from] drain|[of] p1a: Cinderace
|move|p1a: Cinderace|Pyro Ball|p2a: Hatterene
|-damage|p2a: Hatterene|73/100
|
|-heal|p2a: Hatterene|79/100|[from] item: Leftovers
|upkeep
|turn|33
|
|t:|1779597066
|move|p2a: Hatterene|Calm Mind|p2a: Hatterene
|-boost|p2a: Hatterene|spa|1
|-boost|p2a: Hatterene|spd|1
|move|p1a: Cinderace|Pyro Ball|p2a: Hatterene
|-damage|p2a: Hatterene|62/100
|
|-heal|p2a: Hatterene|68/100|[from] item: Leftovers
|-sideend|p1: Scizorag|Reflect
|upkeep
|turn|34
|
|t:|1779597075
|move|p2a: Hatterene|Draining Kiss|p1a: Cinderace
|-supereffective|p1a: Cinderace
|-damage|p1a: Cinderace|0 fnt
|-heal|p2a: Hatterene|99/100|[from] drain|[of] p1a: Cinderace
|faint|p1a: Cinderace
|
|-heal|p2a: Hatterene|100/100|[from] item: Leftovers
|-sideend|p1: Scizorag|move: Light Screen
|-fieldend|move: Trick Room
|upkeep
|
|t:|1779597077
|switch|p1a: Scizor|Scizor, F|100/100
|turn|35
|
|t:|1779597080
|move|p1a: Scizor|Bullet Punch|p2a: Hatterene
|-supereffective|p2a: Hatterene
|-damage|p2a: Hatterene|55/100
|move|p2a: Hatterene|Nuzzle|p1a: Scizor
|-damage|p1a: Scizor|96/100
|-status|p1a: Scizor|par
|
|-heal|p2a: Hatterene|61/100|[from] item: Leftovers
|-sideend|p2: timlikerich123|Reflect
|upkeep
|turn|36
|
|t:|1779597101
|move|p1a: Scizor|Bullet Punch|p2a: Hatterene
|-supereffective|p2a: Hatterene
|-damage|p2a: Hatterene|0 fnt
|faint|p2a: Hatterene
|
|upkeep
|
|t:|1779597111
|switch|p2a: Cinderace|Cinderace, F|66/100
|turn|37
|
|t:|1779597115
|switch|p1a: Dragapult|Dragapult, F|100/100
|move|p2a: Cinderace|Pyro Ball|p1a: Dragapult|[miss]
|-miss|p2a: Cinderace|p1a: Dragapult
|
|upkeep
|turn|38
|
|t:|1779597124
|move|p2a: Cinderace|Sucker Punch|p1a: Dragapult
|-start|p2a: Cinderace|typechange|Dark|[from] ability: Libero
|-supereffective|p1a: Dragapult
|-crit|p1a: Dragapult
|-damage|p1a: Dragapult|0 fnt
|faint|p1a: Dragapult
|
|upkeep
|
|t:|1779597127
|switch|p1a: Ting-Lu|Ting-Lu|53/100
|-ability|p1a: Ting-Lu|Vessel of Ruin
|turn|39
|
|t:|1779597129
|move|p2a: Cinderace|High Jump Kick|p1a: Ting-Lu
|-supereffective|p1a: Ting-Lu
|-damage|p1a: Ting-Lu|9/100
|move|p1a: Ting-Lu|Earthquake|p2a: Cinderace
|-damage|p2a: Cinderace|10/100
|
|-heal|p1a: Ting-Lu|15/100|[from] item: Leftovers
|upkeep
|turn|40
|
|t:|1779597141
|move|p2a: Cinderace|High Jump Kick|p1a: Ting-Lu|[miss]
|-miss|p2a: Cinderace|p1a: Ting-Lu
|-damage|p2a: Cinderace|0 fnt|[from] highjumpkick
|faint|p2a: Cinderace
|move|p1a: Ting-Lu|Earthquake|p2: Cinderace|[notarget]
|-fail|p1a: Ting-Lu
|
|-heal|p1a: Ting-Lu|21/100|[from] item: Leftovers
|upkeep
|
|t:|1779597154
|switch|p2a: Cloyster|Cloyster, F|53/100
|turn|41
|
|t:|1779597158
|move|p2a: Cloyster|Razor Shell|p1a: Ting-Lu
|-supereffective|p1a: Ting-Lu
|-crit|p1a: Ting-Lu
|-damage|p1a: Ting-Lu|0 fnt
|faint|p1a: Ting-Lu
|
|upkeep
|
|t:|1779597162
|switch|p1a: Scizor|Scizor, F|96/100 par
|turn|42
|
|t:|1779597165
|cant|p1a: Scizor|par
|move|p2a: Cloyster|Razor Shell|p1a: Scizor
|-damage|p1a: Scizor|60/100 par
|-unboost|p1a: Scizor|def|1
|
|upkeep
|turn|43
|
|t:|1779597170
|cant|p1a: Scizor|par
|move|p2a: Cloyster|Razor Shell|p1a: Scizor
|-damage|p1a: Scizor|1/100 par
|
|upkeep
|turn|44
|
|t:|1779597174
|move|p1a: Scizor|Bullet Punch|p2a: Cloyster
|-damage|p2a: Cloyster|11/100
|move|p2a: Cloyster|Razor Shell|p1a: Scizor
|-damage|p1a: Scizor|0 fnt
|faint|p1a: Scizor
|
|win|timlikerich123
|raw|Scizorag's rating: 1393 &rarr; <strong>1373</strong><br />(-20 for losing)
|raw|timlikerich123's rating: 1388 &rarr; <strong>1408</strong><br />(+20 for winning)
|c|☆timlikerich123|LOLLLOOP;
|c|☆timlikerich123|LMFAOOOOO
|c|☆timlikerich123|2 PARAS SAVED ME
|c|☆Scizorag|yep
|c|☆timlikerich123|thanks for the elo gang <3333
|l|☆Scizorag
|player|p1|
