|j|☆fhhvcgvb
|j|☆trickytrickydicky
|t:|1779684917
|gametype|singles
|player|p1|fhhvcgvb|169|1119
|player|p2|trickytrickydicky|102|1051
|gen|9
|tier|[Gen 9] OU
|rated|
|rule|HP Percentage Mod: HP is shown in percentages
|rule|Endless Battle Clause: Forcing endless battles is banned
|rule|Species Clause: Limit one of each Pokémon
|rule|OHKO Clause: OHKO moves are banned
|rule|Evasion Items Clause: Evasion items are banned
|rule|Evasion Moves Clause: Evasion moves are banned
|rule|Evasion Abilities Clause: Evasion abilities are banned
|rule|Sleep Moves Clause: Sleep-inducing moves are banned
|clearpoke
|poke|p1|Hatterene, F|
|poke|p1|Volcanion|
|poke|p1|Iron Hands|
|poke|p1|Gengar, M|
|poke|p1|Glastrier|
|poke|p1|Ursaluna, F|
|poke|p2|Iron Valiant|
|poke|p2|Great Tusk|
|poke|p2|Kingambit, F|
|poke|p2|Gholdengo|
|poke|p2|Ogerpon-Wellspring, F|
|poke|p2|Moltres-Galar|
|teampreview
|
|t:|1779684922
|teamsize|p1|6
|teamsize|p2|6
|start
|switch|p1a: Gengar|Gengar, M|100/100
|switch|p2a: Ogerpon|Ogerpon-Wellspring, F|100/100
|turn|1
|
|t:|1779684931
|move|p1a: Gengar|Clear Smog|p2a: Ogerpon
|-supereffective|p2a: Ogerpon
|-damage|p2a: Ogerpon|38/100
|-clearboost|p2a: Ogerpon
|move|p2a: Ogerpon|Ivy Cudgel|p1a: Gengar|[anim] Ivy Cudgel Water
|-damage|p1a: Gengar|0 fnt
|faint|p1a: Gengar
|
|upkeep
|
|t:|1779684944
|switch|p1a: Volcanion|Volcanion|100/100
|turn|2
|
|t:|1779684953
|move|p2a: Ogerpon|Horn Leech|p1a: Volcanion
|-damage|p1a: Volcanion|64/100
|-heal|p2a: Ogerpon|60/100|[from] drain|[of] p1a: Volcanion
|move|p1a: Volcanion|Sludge Bomb|p2a: Ogerpon
|-supereffective|p2a: Ogerpon
|-damage|p2a: Ogerpon|0 fnt
|faint|p2a: Ogerpon
|
|upkeep
|
|t:|1779684966
|switch|p2a: Gholdengo|Gholdengo|100/100
|turn|3
|
|t:|1779684973
|move|p2a: Gholdengo|Focus Blast|p1a: Volcanion
|-damage|p1a: Volcanion|22/100
|move|p1a: Volcanion|Flamethrower|p2a: Gholdengo
|-supereffective|p2a: Gholdengo
|-damage|p2a: Gholdengo|0 fnt
|faint|p2a: Gholdengo
|
|upkeep
|
|t:|1779684981
|switch|p2a: Kingambit|Kingambit, F|100/100
|-activate|p2a: Kingambit|ability: Supreme Overlord
|-start|p2a: Kingambit|fallen2|[silent]
|turn|4
|
|t:|1779684990
|switch|p1a: Iron Hands|Iron Hands|100/100
|move|p2a: Kingambit|Kowtow Cleave|p1a: Iron Hands
|-resisted|p1a: Iron Hands
|-damage|p1a: Iron Hands|81/100
|
|upkeep
|turn|5
|
|t:|1779685003
|-end|p2a: Kingambit|fallen2|[silent]
|switch|p2a: Galarian Moltres|Moltres-Galar|100/100
|move|p1a: Iron Hands|Ice Punch|p2a: Galarian Moltres
|-supereffective|p2a: Galarian Moltres
|-crit|p2a: Galarian Moltres
|-damage|p2a: Galarian Moltres|0 fnt
|faint|p2a: Galarian Moltres
|
|upkeep
|
|t:|1779685010
|switch|p2a: Great Tusk|Great Tusk|100/100
|turn|6
|
|t:|1779685021
|-end|p1a: Iron Hands|Quark Drive|[silent]
|switch|p1a: Volcanion|Volcanion|22/100
|move|p2a: Great Tusk|Earthquake|p1a: Volcanion
|-supereffective|p1a: Volcanion
|-enditem|p1a: Volcanion|Shuca Berry|[eat]
|-enditem|p1a: Volcanion|Shuca Berry|[weaken]
|-damage|p1a: Volcanion|0 fnt
|faint|p1a: Volcanion
|
|upkeep
|
|t:|1779685034
|switch|p1a: Hatterene|Hatterene, F|100/100
|turn|7
|
|t:|1779685040
|move|p2a: Great Tusk|Earthquake|p1a: Hatterene
|-damage|p1a: Hatterene|53/100
|move|p1a: Hatterene|Trick Room|p1a: Hatterene
|-fieldstart|move: Trick Room|[of] p1a: Hatterene
|
|upkeep
|turn|8
|
|t:|1779685047
|move|p1a: Hatterene|Draining Kiss|p2a: Great Tusk
|-supereffective|p2a: Great Tusk
|-damage|p2a: Great Tusk|27/100
|-heal|p1a: Hatterene|100/100|[from] drain|[of] p2a: Great Tusk
|move|p2a: Great Tusk|Earthquake|p1a: Hatterene
|-damage|p1a: Hatterene|49/100
|
|-heal|p2a: Great Tusk|33/100|[from] item: Leftovers
|upkeep
|turn|9
|
|t:|1779685058
|move|p1a: Hatterene|Draining Kiss|p2a: Great Tusk
|-supereffective|p2a: Great Tusk
|-damage|p2a: Great Tusk|0 fnt
|-heal|p1a: Hatterene|88/100|[from] drain|[of] p2a: Great Tusk
|faint|p2a: Great Tusk
|-end|p2a: Great Tusk|Protosynthesis|[silent]
|
|upkeep
|
|t:|1779685064
|switch|p2a: Iron Valiant|Iron Valiant|100/100
|turn|10
|
|t:|1779685069
|move|p1a: Hatterene|Draining Kiss|p2a: Iron Valiant
|-supereffective|p2a: Iron Valiant
|-damage|p2a: Iron Valiant|16/100
|-heal|p1a: Hatterene|100/100|[from] drain|[of] p2a: Iron Valiant
|move|p2a: Iron Valiant|Moonblast|p1a: Hatterene
|-damage|p1a: Hatterene|40/100
|-damage|p2a: Iron Valiant|7/100|[from] item: Life Orb
|
|upkeep
|turn|11
|
|t:|1779685081
|move|p1a: Hatterene|Mystical Fire|p2a: Iron Valiant
|-damage|p2a: Iron Valiant|0 fnt
|faint|p2a: Iron Valiant
|-end|p2a: Iron Valiant|Quark Drive|[silent]
|
|-fieldend|move: Trick Room
|upkeep
|
|t:|1779685086
|switch|p2a: Kingambit|Kingambit, F|100/100
|-activate|p2a: Kingambit|ability: Supreme Overlord
|-start|p2a: Kingambit|fallen5|[silent]
|turn|12
|
|t:|1779685093
|move|p2a: Kingambit|Iron Head|p1a: Hatterene
|-supereffective|p1a: Hatterene
|-damage|p1a: Hatterene|0 fnt
|faint|p1a: Hatterene
|
|upkeep
|
|t:|1779685098
|switch|p1a: Iron Hands|Iron Hands|81/100
|turn|13
|
|t:|1779685103
|move|p2a: Kingambit|Kowtow Cleave|p1a: Iron Hands
|-resisted|p1a: Iron Hands
|-damage|p1a: Iron Hands|56/100
|move|p1a: Iron Hands|Drain Punch|p2a: Kingambit
|-supereffective|p2a: Kingambit
|-damage|p2a: Kingambit|0 fnt
|-heal|p1a: Iron Hands|94/100|[from] drain|[of] p2a: Kingambit
|faint|p2a: Kingambit
|-end|p2a: Kingambit|fallen5|[silent]
|
|win|fhhvcgvb
|raw|fhhvcgvb's rating: 1119 &rarr; <strong>1139</strong><br />(+20 for winning)
|raw|trickytrickydicky's rating: 1051 &rarr; <strong>1037</strong><br />(-14 for losing)
|l|☆trickytrickydicky
|player|p2|
|l|☆fhhvcgvb
|player|p1|
