|j|☆bobbydolphins99
|j|☆The Boy Saviour
|t:|1779605648
|gametype|singles
|player|p1|bobbydolphins99|fantina|1113
|player|p2|The Boy Saviour|dancer|1157
|gen|9
|tier|[Gen 9] OU
|rated|
|rule|HP Percentage Mod: HP is shown in percentages
|rule|Endless Battle Clause: Forcing endless battles is banned
|rule|Species Clause: Limit one of each Pokémon
|rule|OHKO Clause: OHKO moves are banned
|rule|Evasion Items Clause: Evasion items are banned
|rule|Evasion Moves Clause: Evasion moves are banned
|rule|Evasion Abilities Clause: Evasion abilities are banned
|rule|Sleep Moves Clause: Sleep-inducing moves are banned
|clearpoke
|poke|p1|Bastiodon, M|
|poke|p1|Gholdengo|
|poke|p1|Dragonite, F|
|poke|p1|Alomomola, F|
|poke|p1|Kingambit, F|
|poke|p1|Tsareena, F|
|poke|p2|Hatterene, F|
|poke|p2|Cresselia, F|
|poke|p2|Ursaluna, M|
|poke|p2|Iron Hands|
|poke|p2|Hoopa-Unbound|
|poke|p2|Porygon2|
|teampreview
|inactive|Battle timer is ON: inactive players will automatically lose when time's up. (requested by The Boy Saviour)
|c|☆The Boy Saviour|Tf
|c|☆The Boy Saviour|Glhf
|c|☆bobbydolphins99|u 2
|
|t:|1779605682
|teamsize|p1|6
|teamsize|p2|6
|start
|switch|p1a: Kingambit|Kingambit, F|100/100
|switch|p2a: Khonshu|Cresselia, F|100/100
|turn|1
|
|t:|1779605687
|move|p1a: Kingambit|Kowtow Cleave|p2a: Khonshu
|-supereffective|p2a: Khonshu
|-damage|p2a: Khonshu|11/100
|move|p2a: Khonshu|Trick Room|p2a: Khonshu
|-fieldstart|move: Trick Room|[of] p2a: Khonshu
|
|upkeep
|turn|2
|
|t:|1779605694
|move|p1a: Kingambit|Sucker Punch||[still]
|-fail|p1a: Kingambit
|move|p2a: Khonshu|Lunar Dance|p2a: Khonshu
|faint|p2a: Khonshu
|
|upkeep
|
|t:|1779605712
|switch|p2a: Who am I|Iron Hands|100/100
|-enditem|p2a: Who am I|Booster Energy
|-activate|p2a: Who am I|ability: Quark Drive|[fromitem]
|-start|p2a: Who am I|quarkdriveatk
|turn|3
|
|t:|1779605721
|-end|p1a: Kingambit|fallenundefined|[silent]
|switch|p1a: Gholdengo|Gholdengo|100/100
|move|p2a: Who am I|Swords Dance|p2a: Who am I
|-boost|p2a: Who am I|atk|2
|
|upkeep
|turn|4
|
|t:|1779605725
|move|p2a: Who am I|Thunder Punch|p1a: Gholdengo
|-damage|p1a: Gholdengo|0 fnt
|faint|p1a: Gholdengo
|
|upkeep
|
|t:|1779605737
|switch|p1a: Bastiodon|Bastiodon, M|100/100
|turn|5
|
|t:|1779605742
|-terastallize|p1a: Bastiodon|Fairy
|move|p2a: Who am I|Drain Punch|p1a: Bastiodon
|-resisted|p1a: Bastiodon
|-damage|p1a: Bastiodon|63/100
|move|p1a: Bastiodon|Curse|p1a: Bastiodon
|-unboost|p1a: Bastiodon|spe|1
|-boost|p1a: Bastiodon|atk|1
|-boost|p1a: Bastiodon|def|1
|
|-heal|p1a: Bastiodon|69/100|[from] item: Leftovers
|-fieldend|move: Trick Room
|upkeep
|turn|6
|
|t:|1779605747
|move|p2a: Who am I|Thunder Punch|p1a: Bastiodon
|-damage|p1a: Bastiodon|20/100
|move|p1a: Bastiodon|Curse|p1a: Bastiodon
|-unboost|p1a: Bastiodon|spe|1
|-boost|p1a: Bastiodon|atk|1
|-boost|p1a: Bastiodon|def|1
|
|-heal|p1a: Bastiodon|26/100|[from] item: Leftovers
|upkeep
|turn|7
|
|t:|1779605752
|move|p2a: Who am I|Thunder Punch|p1a: Bastiodon
|-damage|p1a: Bastiodon|0 fnt
|faint|p1a: Bastiodon
|
|upkeep
|
|t:|1779605756
|switch|p1a: Dragonite|Dragonite, F|100/100
|turn|8
|
|t:|1779605759
|-terastallize|p2a: Who am I|Flying
|move|p1a: Dragonite|Dragon Dance|p1a: Dragonite
|-boost|p1a: Dragonite|atk|1
|-boost|p1a: Dragonite|spe|1
|move|p2a: Who am I|Ice Punch|p1a: Dragonite
|-supereffective|p1a: Dragonite
|-damage|p1a: Dragonite|0 fnt
|faint|p1a: Dragonite
|
|upkeep
|
|t:|1779605763
|switch|p1a: Kingambit|Kingambit, F|100/100
|-activate|p1a: Kingambit|ability: Supreme Overlord
|-start|p1a: Kingambit|fallen3|[silent]
|turn|9
|
|t:|1779605770
|move|p1a: Kingambit|Kowtow Cleave|p2a: Who am I
|-damage|p2a: Who am I|50/100
|move|p2a: Who am I|Drain Punch|p1a: Kingambit
|-supereffective|p1a: Kingambit
|-crit|p1a: Kingambit
|-damage|p1a: Kingambit|0 fnt
|-heal|p2a: Who am I|89/100|[from] drain|[of] p1a: Kingambit
|faint|p1a: Kingambit
|-end|p1a: Kingambit|fallen3|[silent]
|
|upkeep
|
|t:|1779605772
|switch|p1a: Alomomola|Alomomola, F|100/100
|turn|10
|
|t:|1779605776
|move|p1a: Alomomola|Wish|p1a: Alomomola
|move|p2a: Who am I|Thunder Punch|p1a: Alomomola
|-supereffective|p1a: Alomomola
|-damage|p1a: Alomomola|0 fnt
|-damage|p2a: Who am I|73/100|[from] item: Rocky Helmet|[of] p1a: Alomomola
|faint|p1a: Alomomola
|
|upkeep
|
|t:|1779605778
|switch|p1a: Tsareena|Tsareena, F|100/100
|turn|11
|
|t:|1779605782
|move|p1a: Tsareena|Knock Off|p2a: Who am I
|-damage|p2a: Who am I|59/100
|move|p2a: Who am I|Ice Punch|p1a: Tsareena
|-supereffective|p1a: Tsareena
|-damage|p1a: Tsareena|0 fnt
|faint|p1a: Tsareena
|
|win|The Boy Saviour
|raw|bobbydolphins99's rating: 1113 &rarr; <strong>1091</strong><br />(-22 for losing)
|raw|The Boy Saviour's rating: 1157 &rarr; <strong>1179</strong><br />(+22 for winning)
|c|☆The Boy Saviour|Ggwp
|c|☆bobbydolphins99|:(
|c|☆bobbydolphins99|u well played
|c|☆bobbydolphins99|me not so much
|c|☆bobbydolphins99|gg
|c|☆The Boy Saviour|nah u played fine
|c|☆bobbydolphins99|5-0 :(
|c|☆The Boy Saviour|atleast u got cresselia tho
|c|☆bobbydolphins99|yea
|l|☆The Boy Saviour
|player|p2|
|l|☆bobbydolphins99
|player|p1|
