|j|‽aaagislash
|j|☆goodnightnite
|t:|1779614627
|gametype|singles
|player|p1|aaagislash|102|1425
|player|p2|goodnightnite|miku-water|1566
|gen|9
|tier|[Gen 9] OU
|rated|
|rule|HP Percentage Mod: HP is shown in percentages
|rule|Endless Battle Clause: Forcing endless battles is banned
|rule|Species Clause: Limit one of each Pokémon
|rule|OHKO Clause: OHKO moves are banned
|rule|Evasion Items Clause: Evasion items are banned
|rule|Evasion Moves Clause: Evasion moves are banned
|rule|Evasion Abilities Clause: Evasion abilities are banned
|rule|Sleep Moves Clause: Sleep-inducing moves are banned
|clearpoke
|poke|p1|Venomoth, F|
|poke|p1|Ribombee, M|
|poke|p1|Pelipper, F|
|poke|p1|Vivillon, M|
|poke|p1|Talonflame, M|
|poke|p1|Espeon, M|
|poke|p2|Hoopa|
|poke|p2|Cinderace, M|
|poke|p2|Mandibuzz, F|
|poke|p2|Kyurem|
|poke|p2|Ting-Lu|
|poke|p2|Manaphy|
|teampreview
|inactive|Battle timer is ON: inactive players will automatically lose when time's up. (requested by goodnightnite)
|
|t:|1779614658
|teamsize|p1|6
|teamsize|p2|6
|start
|switch|p1a: Talonflame|Talonflame, M|100/100
|switch|p2a: Ting-Lucifer|Ting-Lu|100/100
|-ability|p2a: Ting-Lucifer|Vessel of Ruin
|turn|1
|
|t:|1779614665
|move|p1a: Talonflame|U-turn|p2a: Ting-Lucifer
|-supereffective|p2a: Ting-Lucifer
|-damage|p2a: Ting-Lucifer|85/100
|-enditem|p2a: Ting-Lucifer|Weakness Policy
|-boost|p2a: Ting-Lucifer|atk|2|[from] item: Weakness Policy
|-boost|p2a: Ting-Lucifer|spa|2|[from] item: Weakness Policy
|
|t:|1779614668
|switch|p1a: Pelipper|Pelipper, F|100/100|[from] U-turn
|-weather|RainDance|[from] ability: Drizzle|[of] p1a: Pelipper
|move|p2a: Ting-Lucifer|Stone Edge|p1a: Pelipper
|-supereffective|p1a: Pelipper
|-damage|p1a: Pelipper|0 fnt
|faint|p1a: Pelipper
|
|-weather|RainDance|[upkeep]
|upkeep
|
|t:|1779614676
|switch|p1a: Espeon|Espeon, M|100/100
|turn|2
|
|t:|1779614686
|-terastallize|p1a: Espeon|Water
|move|p1a: Espeon|Weather Ball|p2a: Ting-Lucifer
|-supereffective|p2a: Ting-Lucifer
|-damage|p2a: Ting-Lucifer|0 fnt
|faint|p2a: Ting-Lucifer
|
|-weather|RainDance|[upkeep]
|upkeep
|
|t:|1779614692
|switch|p2a: Kyurem|Kyurem|100/100
|-ability|p2a: Kyurem|Pressure
|turn|3
|
|t:|1779614696
|move|p2a: Kyurem|Freeze-Dry|p1a: Espeon
|-supereffective|p1a: Espeon
|-damage|p1a: Espeon|0 fnt
|faint|p1a: Espeon
|
|-weather|RainDance|[upkeep]
|upkeep
|
|t:|1779614704
|switch|p1a: Vivillon|Vivillon, M|100/100
|turn|4
|
|t:|1779614707
|move|p2a: Kyurem|Freeze-Dry|p1a: Vivillon
|-supereffective|p1a: Vivillon
|-enditem|p1a: Vivillon|Focus Sash
|-damage|p1a: Vivillon|1/100
|move|p1a: Vivillon|Stun Spore|p2a: Kyurem
|-status|p2a: Kyurem|par
|
|-weather|RainDance|[upkeep]
|upkeep
|turn|5
|
|t:|1779614712
|move|p1a: Vivillon|Hurricane|p2a: Kyurem
|-damage|p2a: Kyurem|60/100 par
|cant|p2a: Kyurem|par
|
|-weather|RainDance|[upkeep]
|upkeep
|turn|6
|
|t:|1779614717
|move|p1a: Vivillon|Hurricane|p2a: Kyurem
|-damage|p2a: Kyurem|18/100 par
|move|p2a: Kyurem|Freeze-Dry|p1a: Vivillon
|-supereffective|p1a: Vivillon
|-damage|p1a: Vivillon|0 fnt
|faint|p1a: Vivillon
|
|-weather|RainDance|[upkeep]
|upkeep
|
|t:|1779614725
|switch|p1a: Venomoth|Venomoth, F|100/100
|turn|7
|
|t:|1779614728
|move|p1a: Venomoth|Quiver Dance|p1a: Venomoth
|-boost|p1a: Venomoth|spa|1
|-boost|p1a: Venomoth|spd|1
|-boost|p1a: Venomoth|spe|1
|move|p2a: Kyurem|Freeze-Dry|p1a: Venomoth
|-damage|p1a: Venomoth|64/100
|
|-weather|RainDance|[upkeep]
|upkeep
|turn|8
|
|t:|1779614731
|move|p1a: Venomoth|Quiver Dance|p1a: Venomoth
|-boost|p1a: Venomoth|spa|1
|-boost|p1a: Venomoth|spd|1
|-boost|p1a: Venomoth|spe|1
|move|p2a: Kyurem|Freeze-Dry|p1a: Venomoth
|-damage|p1a: Venomoth|36/100
|-status|p1a: Venomoth|frz
|
|-weather|none
|upkeep
|turn|9
|
|t:|1779614739
|cant|p1a: Venomoth|frz
|move|p2a: Kyurem|Freeze-Dry|p1a: Venomoth
|-damage|p1a: Venomoth|11/100 frz
|
|upkeep
|turn|10
|
|t:|1779614744
|cant|p1a: Venomoth|frz
|move|p2a: Kyurem|Freeze-Dry|p1a: Venomoth
|-damage|p1a: Venomoth|0 fnt
|faint|p1a: Venomoth
|
|upkeep
|
|t:|1779614750
|switch|p1a: Talonflame|Talonflame, M|100/100
|turn|11
|
|t:|1779614752
|move|p1a: Talonflame|Air Slash|p2a: Kyurem
|-damage|p2a: Kyurem|0 fnt
|faint|p2a: Kyurem
|
|upkeep
|
|t:|1779614761
|switch|p2a: Mandibuzz|Mandibuzz, F, shiny|100/100
|turn|12
|
|t:|1779614765
|move|p1a: Talonflame|Air Slash|p2a: Mandibuzz
|-damage|p2a: Mandibuzz|65/100
|move|p2a: Mandibuzz|Toxic|p1a: Talonflame
|-status|p1a: Talonflame|tox
|
|-damage|p1a: Talonflame|94/100 tox|[from] psn
|upkeep
|turn|13
|
|t:|1779614770
|move|p1a: Talonflame|Air Slash|p2a: Mandibuzz
|-crit|p2a: Mandibuzz
|-damage|p2a: Mandibuzz|6/100
|move|p2a: Mandibuzz|Roost|p2a: Mandibuzz
|-heal|p2a: Mandibuzz|56/100
|-singleturn|p2a: Mandibuzz|move: Roost
|
|-damage|p1a: Talonflame|82/100 tox|[from] psn
|upkeep
|turn|14
|
|t:|1779614774
|move|p1a: Talonflame|Air Slash|p2a: Mandibuzz
|-damage|p2a: Mandibuzz|18/100
|cant|p2a: Mandibuzz|flinch
|
|-damage|p1a: Talonflame|64/100 tox|[from] psn
|upkeep
|turn|15
|
|t:|1779614778
|move|p1a: Talonflame|Air Slash|p2a: Mandibuzz
|-damage|p2a: Mandibuzz|0 fnt
|faint|p2a: Mandibuzz
|
|-damage|p1a: Talonflame|40/100 tox|[from] psn
|upkeep
|
|t:|1779614782
|switch|p2a: Manaphy|Manaphy|100/100
|turn|16
|
|t:|1779614787
|move|p1a: Talonflame|Air Slash|p2a: Manaphy
|-damage|p2a: Manaphy|66/100
|move|p2a: Manaphy|Take Heart|p2a: Manaphy
|-boost|p2a: Manaphy|spa|1
|-boost|p2a: Manaphy|spd|1
|
|-heal|p2a: Manaphy|72/100|[from] item: Leftovers
|-damage|p1a: Talonflame|10/100 tox|[from] psn
|upkeep
|turn|17
|
|t:|1779614795
|move|p1a: Talonflame|Air Slash|p2a: Manaphy
|-damage|p2a: Manaphy|47/100
|move|p2a: Manaphy|Take Heart|p2a: Manaphy
|-boost|p2a: Manaphy|spa|1
|-boost|p2a: Manaphy|spd|1
|
|-heal|p2a: Manaphy|53/100|[from] item: Leftovers
|-damage|p1a: Talonflame|0 fnt|[from] psn
|faint|p1a: Talonflame
|upkeep
|
|t:|1779614797
|switch|p1a: Ribombee|Ribombee, M|100/100
|turn|18
|
|t:|1779614801
|move|p1a: Ribombee|Quiver Dance|p1a: Ribombee
|-boost|p1a: Ribombee|spa|1
|-boost|p1a: Ribombee|spd|1
|-boost|p1a: Ribombee|spe|1
|move|p2a: Manaphy|Scald|p1a: Ribombee
|-damage|p1a: Ribombee|38/100
|
|-heal|p1a: Ribombee|44/100|[from] item: Leftovers
|-heal|p2a: Manaphy|59/100|[from] item: Leftovers
|upkeep
|turn|19
|
|t:|1779614806
|move|p1a: Ribombee|Quiver Dance|p1a: Ribombee
|-boost|p1a: Ribombee|spa|1
|-boost|p1a: Ribombee|spd|1
|-boost|p1a: Ribombee|spe|1
|move|p2a: Manaphy|Scald|p1a: Ribombee
|-damage|p1a: Ribombee|0 fnt
|faint|p1a: Ribombee
|
|win|goodnightnite
|raw|aaagislash's rating: 1425 &rarr; <strong>1413</strong><br />(-12 for losing)
|raw|goodnightnite's rating: 1566 &rarr; <strong>1578</strong><br />(+12 for winning)
|l|‽aaagislash
|player|p1|
|l|☆goodnightnite
|player|p2|
