|j|☆Ballerr
|j|‽aaagislash
|t:|1779703482
|gametype|singles
|player|p1|Ballerr|miku-ground|1442
|player|p2|aaagislash|1|1499
|gen|9
|tier|[Gen 9] OU
|rated|
|rule|HP Percentage Mod: HP is shown in percentages
|rule|Endless Battle Clause: Forcing endless battles is banned
|rule|Species Clause: Limit one of each Pokémon
|rule|OHKO Clause: OHKO moves are banned
|rule|Evasion Items Clause: Evasion items are banned
|rule|Evasion Moves Clause: Evasion moves are banned
|rule|Evasion Abilities Clause: Evasion abilities are banned
|rule|Sleep Moves Clause: Sleep-inducing moves are banned
|clearpoke
|poke|p1|Entei|
|poke|p1|Gliscor, F|
|poke|p1|Great Tusk|
|poke|p1|Dragapult, F|
|poke|p1|Samurott-Hisui, F|
|poke|p1|Weezing-Galar, M|
|poke|p2|Kommo-o, M|
|poke|p2|Moltres|
|poke|p2|Iron Valiant|
|poke|p2|Meowscarada, F|
|poke|p2|Scizor, F|
|poke|p2|Great Tusk|
|teampreview
|
|t:|1779703525
|teamsize|p1|6
|teamsize|p2|6
|start
|switch|p1a: Dragapult|Dragapult, F|100/100
|switch|p2a: Meowscarada|Meowscarada, F|100/100
|turn|1
|
|t:|1779703536
|switch|p1a: Weezing|Weezing-Galar, M|100/100
|-ability|p1a: Weezing|Neutralizing Gas
|-terastallize|p2a: Meowscarada|Ghost
|move|p2a: Meowscarada|Sucker Punch||[still]
|-fail|p2a: Meowscarada
|
|upkeep
|turn|2
|
|t:|1779703558
|switch|p2a: Moltres|Moltres|100/100
|move|p1a: Weezing|Toxic Spikes|p2a: Moltres
|-sidestart|p2: aaagislash|move: Toxic Spikes
|
|upkeep
|turn|3
|
|t:|1779703583
|-end|p1a: Weezing|ability: Neutralizing Gas
|switch|p1a: Samurott|Samurott-Hisui, F|100/100
|move|p2a: Moltres|Hurricane|p1a: Samurott
|-damage|p1a: Samurott|39/100
|-damage|p2a: Moltres|91/100|[from] item: Life Orb
|
|upkeep
|turn|4
|
|t:|1779703596
|move|p2a: Moltres|Hurricane|p1a: Samurott
|-damage|p1a: Samurott|0 fnt
|faint|p1a: Samurott
|-damage|p2a: Moltres|81/100|[from] item: Life Orb
|
|upkeep
|
|t:|1779703602
|switch|p1a: Entei|Entei|100/100
|turn|5
|
|t:|1779703607
|switch|p2a: Kommo-o|Kommo-o, M|100/100
|-status|p2a: Kommo-o|psn
|move|p1a: Entei|Stone Edge|p2a: Kommo-o
|-resisted|p2a: Kommo-o
|-damage|p2a: Kommo-o|79/100 psn
|
|-damage|p2a: Kommo-o|67/100 psn|[from] psn
|upkeep
|turn|6
|
|t:|1779703627
|switch|p1a: Weezing|Weezing-Galar, M|100/100
|-ability|p1a: Weezing|Neutralizing Gas
|move|p2a: Kommo-o|Stealth Rock|p1a: Weezing
|-sidestart|p1: Ballerr|move: Stealth Rock
|
|-damage|p2a: Kommo-o|54/100 psn|[from] psn
|upkeep
|turn|7
|
|t:|1779703639
|switch|p2a: Moltres|Moltres|81/100
|move|p1a: Weezing|Sludge Bomb|p2a: Moltres
|-damage|p2a: Moltres|46/100
|
|upkeep
|turn|8
|
|t:|1779703652
|move|p2a: Moltres|Agility|p2a: Moltres
|-boost|p2a: Moltres|spe|2
|move|p1a: Weezing|Sludge Bomb|p2a: Moltres
|-damage|p2a: Moltres|12/100
|-status|p2a: Moltres|psn
|
|-damage|p2a: Moltres|0 fnt|[from] psn
|faint|p2a: Moltres
|upkeep
|-message|aaagislash forfeited.
|
|win|Ballerr
|raw|Ballerr's rating: 1442 &rarr; <strong>1465</strong><br />(+23 for winning)
|raw|aaagislash's rating: 1499 &rarr; <strong>1476</strong><br />(-23 for losing)
|l|‽aaagislash
|player|p2|
