|j|☆RadGiraffe
|j|☆DenchestYoungG
|t:|1779657818
|gametype|singles
|player|p1|RadGiraffe|acetrainerf-gen4dp|1332
|player|p2|DenchestYoungG|266|1352
|gen|9
|tier|[Gen 9] OU
|rated|
|rule|HP Percentage Mod: HP is shown in percentages
|rule|Endless Battle Clause: Forcing endless battles is banned
|rule|Species Clause: Limit one of each Pokémon
|rule|OHKO Clause: OHKO moves are banned
|rule|Evasion Items Clause: Evasion items are banned
|rule|Evasion Moves Clause: Evasion moves are banned
|rule|Evasion Abilities Clause: Evasion abilities are banned
|rule|Sleep Moves Clause: Sleep-inducing moves are banned
|clearpoke
|poke|p1|Pelipper, F|
|poke|p1|Hatterene, F|
|poke|p1|Iron Treads|
|poke|p1|Toxicroak, F|
|poke|p1|Barraskewda, F|
|poke|p1|Zapdos|
|poke|p2|Enamorus, F|
|poke|p2|Kyurem|
|poke|p2|Polteageist-Antique|
|poke|p2|Iron Crown|
|poke|p2|Araquanid, F|
|poke|p2|Deoxys-Speed|
|teampreview
|inactive|Battle timer is ON: inactive players will automatically lose when time's up. (requested by RadGiraffe)
|
|t:|1779657828
|teamsize|p1|6
|teamsize|p2|6
|start
|switch|p1a: Pelipper|Pelipper, F|100/100
|switch|p2a: Deoxys|Deoxys-Speed|100/100
|-ability|p2a: Deoxys|Pressure
|-weather|RainDance|[from] ability: Drizzle|[of] p1a: Pelipper
|turn|1
|
|t:|1779657833
|move|p2a: Deoxys|Reflect|p2a: Deoxys
|-sidestart|p2: DenchestYoungG|Reflect
|move|p1a: Pelipper|U-turn|p2a: Deoxys
|-supereffective|p2a: Deoxys
|-damage|p2a: Deoxys|88/100
|
|t:|1779657838
|switch|p1a: Barraskewda|Barraskewda, F|100/100|[from] U-turn
|
|-weather|RainDance|[upkeep]
|upkeep
|turn|2
|
|t:|1779657842
|move|p1a: Barraskewda|Flip Turn|p2a: Deoxys
|-damage|p2a: Deoxys|46/100
|
|t:|1779657844
|switch|p1a: Zapdos|Zapdos|100/100|[from] Flip Turn
|move|p2a: Deoxys|Light Screen|p2a: Deoxys
|-sidestart|p2: DenchestYoungG|move: Light Screen
|
|-weather|RainDance|[upkeep]
|upkeep
|turn|3
|
|t:|1779657851
|move|p2a: Deoxys|Stealth Rock|p1a: Zapdos
|-sidestart|p1: RadGiraffe|move: Stealth Rock
|move|p1a: Zapdos|Hurricane|p2a: Deoxys
|-damage|p2a: Deoxys|0 fnt
|faint|p2a: Deoxys
|
|-weather|RainDance|[upkeep]
|upkeep
|
|t:|1779657864
|switch|p2a: Kyurem|Kyurem|100/100
|-ability|p2a: Kyurem|Pressure
|turn|4
|
|t:|1779657871
|switch|p1a: Toxicroak|Toxicroak, F|100/100
|-damage|p1a: Toxicroak|94/100|[from] Stealth Rock
|move|p2a: Kyurem|Dragon Dance|p2a: Kyurem
|-boost|p2a: Kyurem|atk|1
|-boost|p2a: Kyurem|spe|1
|
|-weather|RainDance|[upkeep]
|-heal|p1a: Toxicroak|100/100|[from] ability: Dry Skin
|upkeep
|turn|5
|
|t:|1779657882
|move|p2a: Kyurem|Icicle Spear|p1a: Toxicroak
|-damage|p1a: Toxicroak|81/100
|-damage|p1a: Toxicroak|61/100
|-damage|p1a: Toxicroak|43/100
|-damage|p1a: Toxicroak|24/100
|-damage|p1a: Toxicroak|7/100
|-hitcount|p1a: Toxicroak|5
|move|p1a: Toxicroak|Toxic|p2a: Kyurem
|-status|p2a: Kyurem|tox
|
|-weather|RainDance|[upkeep]
|-heal|p1a: Toxicroak|20/100|[from] ability: Dry Skin
|-damage|p2a: Kyurem|94/100 tox|[from] psn
|upkeep
|turn|6
|
|t:|1779657890
|move|p2a: Kyurem|Dragon Dance|p2a: Kyurem
|-boost|p2a: Kyurem|atk|1
|-boost|p2a: Kyurem|spe|1
|move|p1a: Toxicroak|Drain Punch|p2a: Kyurem
|-supereffective|p2a: Kyurem
|-damage|p2a: Kyurem|66/100 tox
|-heal|p1a: Toxicroak|35/100|[from] drain|[of] p2a: Kyurem
|
|-weather|RainDance|[upkeep]
|-heal|p1a: Toxicroak|47/100|[from] ability: Dry Skin
|-damage|p2a: Kyurem|54/100 tox|[from] psn
|upkeep
|turn|7
|
|t:|1779657897
|move|p2a: Kyurem|Icicle Spear|p1a: Toxicroak
|-damage|p1a: Toxicroak|25/100
|-damage|p1a: Toxicroak|0 fnt
|faint|p1a: Toxicroak
|-hitcount|p1: Toxicroak|2
|
|-weather|RainDance|[upkeep]
|-damage|p2a: Kyurem|35/100 tox|[from] psn
|upkeep
|
|t:|1779657906
|switch|p1a: Hatterene|Hatterene, F|100/100
|-damage|p1a: Hatterene|88/100|[from] Stealth Rock
|turn|8
|
|t:|1779657913
|move|p2a: Kyurem|Icicle Spear|p1a: Hatterene
|-damage|p1a: Hatterene|63/100
|-damage|p1a: Hatterene|38/100
|-damage|p1a: Hatterene|13/100
|-damage|p1a: Hatterene|0 fnt
|faint|p1a: Hatterene
|-hitcount|p1: Hatterene|4
|
|-weather|none
|-damage|p2a: Kyurem|11/100 tox|[from] psn
|-sideend|p2: DenchestYoungG|Reflect
|upkeep
|
|t:|1779657918
|switch|p1a: Barraskewda|Barraskewda, F|100/100
|-damage|p1a: Barraskewda|88/100|[from] Stealth Rock
|turn|9
|
|t:|1779657921
|-terastallize|p1a: Barraskewda|Water
|move|p1a: Barraskewda|Aqua Jet|p2a: Kyurem
|-resisted|p2a: Kyurem
|-damage|p2a: Kyurem|0 fnt
|faint|p2a: Kyurem
|
|-sideend|p2: DenchestYoungG|move: Light Screen
|upkeep
|
|t:|1779657932
|switch|p2a: Araquanid|Araquanid, F|100/100
|turn|10
|
|t:|1779657940
|switch|p1a: Pelipper|Pelipper, F|100/100
|-damage|p1a: Pelipper|76/100|[from] Stealth Rock
|-weather|RainDance|[from] ability: Drizzle|[of] p1a: Pelipper
|move|p2a: Araquanid|Sticky Web|p1a: Pelipper
|-sidestart|p1: RadGiraffe|move: Sticky Web
|
|-weather|RainDance|[upkeep]
|upkeep
|turn|11
|
|t:|1779657949
|switch|p2a: Iron Crown|Iron Crown|100/100
|move|p1a: Pelipper|Hurricane|p2a: Iron Crown
|-resisted|p2a: Iron Crown
|-damage|p2a: Iron Crown|87/100
|
|-weather|RainDance|[upkeep]
|upkeep
|turn|12
|
|t:|1779657952
|switch|p1a: Iron Treads|Iron Treads|100/100
|-damage|p1a: Iron Treads|98/100|[from] Stealth Rock
|-activate|p1a: Iron Treads|move: Sticky Web
|-unboost|p1a: Iron Treads|spe|1
|move|p2a: Iron Crown|Calm Mind|p2a: Iron Crown
|-boost|p2a: Iron Crown|spa|1
|-boost|p2a: Iron Crown|spd|1
|
|-weather|RainDance|[upkeep]
|-heal|p1a: Iron Treads|100/100|[from] item: Leftovers
|upkeep
|turn|13
|
|t:|1779657959
|move|p2a: Iron Crown|Calm Mind|p2a: Iron Crown
|-boost|p2a: Iron Crown|spa|1
|-boost|p2a: Iron Crown|spd|1
|move|p1a: Iron Treads|Rapid Spin|p2a: Iron Crown
|-resisted|p2a: Iron Crown
|-damage|p2a: Iron Crown|82/100
|-boost|p1a: Iron Treads|spe|1
|-sideend|p1: RadGiraffe|Stealth Rock|[from] move: Rapid Spin|[of] p1a: Iron Treads
|-sideend|p1: RadGiraffe|Sticky Web|[from] move: Rapid Spin|[of] p1a: Iron Treads
|
|-weather|RainDance|[upkeep]
|upkeep
|turn|14
|
|t:|1779657967
|move|p2a: Iron Crown|Calm Mind|p2a: Iron Crown
|-boost|p2a: Iron Crown|spa|1
|-boost|p2a: Iron Crown|spd|1
|move|p1a: Iron Treads|Stealth Rock|p2a: Iron Crown
|-sidestart|p2: DenchestYoungG|move: Stealth Rock
|
|-weather|RainDance|[upkeep]
|upkeep
|turn|15
|
|t:|1779657971
|move|p2a: Iron Crown|Calm Mind|p2a: Iron Crown
|-boost|p2a: Iron Crown|spa|1
|-boost|p2a: Iron Crown|spd|1
|move|p1a: Iron Treads|Earthquake|p2a: Iron Crown
|-supereffective|p2a: Iron Crown
|-damage|p2a: Iron Crown|34/100
|-enditem|p2a: Iron Crown|Weakness Policy
|-boost|p2a: Iron Crown|atk|2|[from] item: Weakness Policy
|-boost|p2a: Iron Crown|spa|2|[from] item: Weakness Policy
|
|-weather|RainDance|[upkeep]
|upkeep
|turn|16
|
|t:|1779657985
|move|p2a: Iron Crown|Tachyon Cutter|p1a: Iron Treads
|-resisted|p1a: Iron Treads
|-damage|p1a: Iron Treads|64/100
|-resisted|p1a: Iron Treads
|-damage|p1a: Iron Treads|29/100
|-hitcount|p1a: Iron Treads|2
|move|p1a: Iron Treads|Earthquake|p2a: Iron Crown
|-supereffective|p2a: Iron Crown
|-crit|p2a: Iron Crown
|-damage|p2a: Iron Crown|0 fnt
|faint|p2a: Iron Crown
|-end|p2a: Iron Crown|Quark Drive|[silent]
|
|-weather|RainDance|[upkeep]
|-heal|p1a: Iron Treads|35/100|[from] item: Leftovers
|upkeep
|
|t:|1779657995
|switch|p2a: Araquanid|Araquanid, F|100/100
|-damage|p2a: Araquanid|76/100|[from] Stealth Rock
|turn|17
|
|t:|1779658003
|move|p1a: Iron Treads|Rapid Spin|p2a: Araquanid
|-damage|p2a: Araquanid|63/100
|-boost|p1a: Iron Treads|spe|1
|move|p2a: Araquanid|Sticky Web|p1a: Iron Treads
|-sidestart|p1: RadGiraffe|move: Sticky Web
|
|-weather|none
|-heal|p1a: Iron Treads|41/100|[from] item: Leftovers
|upkeep
|turn|18
|
|t:|1779658008
|move|p1a: Iron Treads|Rapid Spin|p2a: Araquanid
|-damage|p2a: Araquanid|50/100
|-boost|p1a: Iron Treads|spe|1
|-sideend|p1: RadGiraffe|Sticky Web|[from] move: Rapid Spin|[of] p1a: Iron Treads
|move|p2a: Araquanid|Liquidation|p1a: Iron Treads
|-supereffective|p1a: Iron Treads
|-damage|p1a: Iron Treads|0 fnt
|faint|p1a: Iron Treads
|-end|p1a: Iron Treads|Quark Drive|[silent]
|
|upkeep
|
|t:|1779658014
|switch|p1a: Zapdos|Zapdos|100/100
|turn|19
|
|t:|1779658017
|move|p1a: Zapdos|Volt Switch|p2a: Araquanid
|-supereffective|p2a: Araquanid
|-damage|p2a: Araquanid|0 fnt
|faint|p2a: Araquanid
|
|t:|1779658026
|switch|p1a: Pelipper|Pelipper, F|76/100|[from] Volt Switch
|-weather|RainDance|[from] ability: Drizzle|[of] p1a: Pelipper
|
|-weather|RainDance|[upkeep]
|upkeep
|l|☆DenchestYoungG
|inactive|DenchestYoungG disconnected and has a minute to reconnect!
|player|p2|
|j|☆DenchestYoungG
|inactive|DenchestYoungG reconnected and has 135 seconds left.
|player|p2|DenchestYoungG|266|
|inactive|DenchestYoungG has 120 seconds left.
|
|t:|1779658058
|switch|p2a: Polteageist|Polteageist-Antique|100/100
|-damage|p2a: Polteageist|88/100|[from] Stealth Rock
|turn|20
|
|t:|1779658070
|move|p2a: Polteageist|Shell Smash|p2a: Polteageist
|-unboost|p2a: Polteageist|def|1
|-unboost|p2a: Polteageist|spd|1
|-boost|p2a: Polteageist|atk|2
|-boost|p2a: Polteageist|spa|2
|-boost|p2a: Polteageist|spe|2
|-enditem|p2a: Polteageist|White Herb
|-clearnegativeboost|p2a: Polteageist|[silent]
|move|p1a: Pelipper|Knock Off|p2a: Polteageist
|-supereffective|p2a: Polteageist
|-damage|p2a: Polteageist|58/100
|-start|p1a: Pelipper|Disable|Knock Off|[from] ability: Cursed Body|[of] p2a: Polteageist
|
|-weather|RainDance|[upkeep]
|upkeep
|turn|21
|
|t:|1779658076
|move|p2a: Polteageist|Strength Sap|p1a: Pelipper
|-unboost|p1a: Pelipper|atk|1
|-heal|p2a: Polteageist|100/100
|move|p1a: Pelipper|U-turn|p2a: Polteageist
|-resisted|p2a: Polteageist
|-damage|p2a: Polteageist|95/100
|
|t:|1779658083
|switch|p1a: Barraskewda|Barraskewda, F, tera:Water|88/100|[from] U-turn
|
|-weather|RainDance|[upkeep]
|upkeep
|turn|22
|
|t:|1779658089
|move|p1a: Barraskewda|Liquidation|p2a: Polteageist
|-damage|p2a: Polteageist|0 fnt
|-start|p1a: Barraskewda|Disable|Liquidation|[from] ability: Cursed Body|[of] p2a: Polteageist
|faint|p2a: Polteageist
|
|-weather|RainDance|[upkeep]
|upkeep
|
|t:|1779658091
|switch|p2a: Enamorus|Enamorus, F|100/100
|-damage|p2a: Enamorus|76/100|[from] Stealth Rock
|turn|23
|
|t:|1779658097
|switch|p1a: Zapdos|Zapdos|100/100
|-terastallize|p2a: Enamorus|Fairy
|move|p2a: Enamorus|Moonblast|p1a: Zapdos
|-damage|p1a: Zapdos|0 fnt
|faint|p1a: Zapdos
|
|-weather|RainDance|[upkeep]
|upkeep
|
|t:|1779658101
|switch|p1a: Barraskewda|Barraskewda, F, tera:Water|88/100
|turn|24
|
|t:|1779658104
|move|p1a: Barraskewda|Liquidation|p2a: Enamorus
|-damage|p2a: Enamorus|0 fnt
|faint|p2a: Enamorus
|
|win|RadGiraffe
|raw|RadGiraffe's rating: 1332 &rarr; <strong>1353</strong><br />(+21 for winning)
|raw|DenchestYoungG's rating: 1352 &rarr; <strong>1331</strong><br />(-21 for losing)
|c|☆RadGiraffe|Gg
|l|☆DenchestYoungG
|player|p2|
|l|☆RadGiraffe
|player|p1|
