|j|☆amir.wp2
|j|☆sanguchitoo
|t:|1779648780
|gametype|singles
|player|p1|amir.wp2|265|1000
|player|p2|sanguchitoo|hilbert-wonderlauncher|1036
|gen|9
|tier|[Gen 9] OU
|rated|
|rule|HP Percentage Mod: HP is shown in percentages
|rule|Endless Battle Clause: Forcing endless battles is banned
|rule|Species Clause: Limit one of each Pokémon
|rule|OHKO Clause: OHKO moves are banned
|rule|Evasion Items Clause: Evasion items are banned
|rule|Evasion Moves Clause: Evasion moves are banned
|rule|Evasion Abilities Clause: Evasion abilities are banned
|rule|Sleep Moves Clause: Sleep-inducing moves are banned
|clearpoke
|poke|p1|Scizor, F|
|poke|p1|Dragapult, M|
|poke|p1|Talonflame, M|
|poke|p1|Eelektross, F|
|poke|p1|Lurantis, M|
|poke|p1|Primarina, F|
|poke|p2|Minior-Orange|
|poke|p2|Araquanid, M|
|poke|p2|Revavroom, M|
|poke|p2|Exeggutor, M|
|poke|p2|Klefki, M|
|poke|p2|Oricorio-Pom-Pom, M|
|teampreview
|
|t:|1779648799
|teamsize|p1|6
|teamsize|p2|6
|start
|switch|p1a: Zuko|Talonflame, M, shiny|100/100
|switch|p2a: Revavroom|Revavroom, M|100/100
|turn|1
|inactive|Battle timer is ON: inactive players will automatically lose when time's up. (requested by sanguchitoo)
|
|t:|1779648806
|move|p2a: Revavroom|Shift Gear|p2a: Revavroom
|-boost|p2a: Revavroom|spe|2
|-boost|p2a: Revavroom|atk|1
|move|p1a: Zuko|Heat Wave|p2a: Revavroom
|-supereffective|p2a: Revavroom
|-damage|p2a: Revavroom|16/100
|-status|p2a: Revavroom|brn
|
|-damage|p2a: Revavroom|10/100 brn|[from] brn
|upkeep
|turn|2
|
|t:|1779648816
|move|p2a: Revavroom|Poison Jab|p1a: Zuko
|-damage|p1a: Zuko|72/100
|move|p1a: Zuko|Heat Wave|p2a: Revavroom
|-supereffective|p2a: Revavroom
|-damage|p2a: Revavroom|0 fnt
|faint|p2a: Revavroom
|
|upkeep
|
|t:|1779648827
|switch|p2a: Oricorio|Oricorio-Pom-Pom, M|100/100
|turn|3
|
|t:|1779648836
|move|p2a: Oricorio|Revelation Dance|p1a: Zuko
|-supereffective|p1a: Zuko
|-damage|p1a: Zuko|0 fnt
|faint|p1a: Zuko
|
|upkeep
|
|t:|1779648843
|switch|p1a: Scizor|Scizor, F|100/100
|turn|4
|
|t:|1779648851
|move|p2a: Oricorio|Revelation Dance|p1a: Scizor
|-damage|p1a: Scizor|58/100
|move|p1a: Scizor|Swords Dance|p1a: Scizor
|-boost|p1a: Scizor|atk|2
|-activate|p2a: Oricorio|ability: Dancer
|move|p2a: Oricorio|Swords Dance|p2a: Oricorio|[from] ability: Dancer
|-boost|p2a: Oricorio|atk|2
|
|upkeep
|turn|5
|
|t:|1779648867
|move|p2a: Oricorio|Revelation Dance|p1a: Scizor
|-damage|p1a: Scizor|10/100
|move|p1a: Scizor|Lunge|p2a: Oricorio
|-resisted|p2a: Oricorio
|-damage|p2a: Oricorio|16/100
|-unboost|p2a: Oricorio|atk|1
|
|upkeep
|turn|6
|
|t:|1779648883
|switch|p1a: SayWordToFolk|Lurantis, M|100/100
|move|p2a: Oricorio|Revelation Dance|p1a: SayWordToFolk
|-resisted|p1a: SayWordToFolk
|-damage|p1a: SayWordToFolk|78/100
|
|upkeep
|turn|7
|
|t:|1779648892
|move|p2a: Oricorio|Roost|p2a: Oricorio
|-heal|p2a: Oricorio|66/100
|-singleturn|p2a: Oricorio|move: Roost
|move|p1a: SayWordToFolk|Giga Drain|p2a: Oricorio
|-damage|p2a: Oricorio|26/100
|-heal|p1a: SayWordToFolk|97/100|[from] drain|[of] p2a: Oricorio
|
|upkeep
|turn|8
|
|t:|1779648900
|move|p2a: Oricorio|Roost|p2a: Oricorio
|-heal|p2a: Oricorio|76/100
|-singleturn|p2a: Oricorio|move: Roost
|move|p1a: SayWordToFolk|Leaf Blade|p2a: Oricorio
|-crit|p2a: Oricorio
|-damage|p2a: Oricorio|0 fnt
|faint|p2a: Oricorio
|
|upkeep
|
|t:|1779648916
|switch|p2a: Araquanid|Araquanid, M|100/100
|turn|9
|
|t:|1779648923
|move|p1a: SayWordToFolk|Leaf Blade|p2a: Araquanid
|-damage|p2a: Araquanid|61/100
|move|p2a: Araquanid|Leech Life|p1a: SayWordToFolk
|-supereffective|p1a: SayWordToFolk
|-damage|p1a: SayWordToFolk|28/100
|-heal|p2a: Araquanid|92/100|[from] drain|[of] p1a: SayWordToFolk
|
|-heal|p2a: Araquanid|98/100|[from] item: Leftovers
|upkeep
|turn|10
|
|t:|1779648939
|switch|p1a: Eelektross|Eelektross, F|100/100
|move|p2a: Araquanid|Leech Life|p1a: Eelektross
|-damage|p1a: Eelektross|71/100
|-heal|p2a: Araquanid|100/100|[from] drain|[of] p1a: Eelektross
|
|upkeep
|turn|11
|
|t:|1779648962
|move|p1a: Eelektross|Zap Cannon|p2a: Araquanid
|-supereffective|p2a: Araquanid
|-damage|p2a: Araquanid|38/100
|-status|p2a: Araquanid|par
|move|p2a: Araquanid|Poison Jab|p1a: Eelektross
|-damage|p1a: Eelektross|52/100
|-status|p1a: Eelektross|psn
|
|-heal|p2a: Araquanid|44/100 par|[from] item: Leftovers
|-damage|p1a: Eelektross|39/100 psn|[from] psn
|upkeep
|turn|12
|
|t:|1779648974
|switch|p2a: Exeggutor|Exeggutor, M|100/100
|move|p1a: Eelektross|Supercell Slam|p2a: Exeggutor
|-resisted|p2a: Exeggutor
|-damage|p2a: Exeggutor|73/100
|
|-damage|p1a: Eelektross|27/100 psn|[from] psn
|upkeep
|turn|13
|
|t:|1779648983
|move|p2a: Exeggutor|Calm Mind|p2a: Exeggutor
|-boost|p2a: Exeggutor|spa|1
|-boost|p2a: Exeggutor|spd|1
|move|p1a: Eelektross|Drain Punch|p2a: Exeggutor
|-resisted|p2a: Exeggutor
|-damage|p2a: Exeggutor|60/100
|-heal|p1a: Eelektross|34/100 psn|[from] drain|[of] p2a: Exeggutor
|
|-damage|p1a: Eelektross|22/100 psn|[from] psn
|upkeep
|turn|14
|
|t:|1779648996
|switch|p1a: Scizor|Scizor, F|10/100
|move|p2a: Exeggutor|Calm Mind|p2a: Exeggutor
|-boost|p2a: Exeggutor|spa|1
|-boost|p2a: Exeggutor|spd|1
|
|upkeep
|turn|15
|
|t:|1779649014
|-terastallize|p2a: Exeggutor|Poison
|move|p1a: Scizor|Iron Head|p2a: Exeggutor
|-damage|p2a: Exeggutor|25/100
|-enditem|p2a: Exeggutor|Sitrus Berry|[eat]
|-heal|p2a: Exeggutor|50/100|[from] item: Sitrus Berry
|move|p2a: Exeggutor|Stored Power|p1a: Scizor
|-resisted|p1a: Scizor
|-damage|p1a: Scizor|0 fnt
|faint|p1a: Scizor
|
|upkeep
|c|☆amir.wp2|ur team is so cool lol
|
|t:|1779649026
|switch|p1a: UMADBRO?|Dragapult, M|100/100
|turn|16
|
|t:|1779649035
|move|p1a: UMADBRO?|Flamethrower|p2a: Exeggutor
|-damage|p2a: Exeggutor|39/100
|move|p2a: Exeggutor|Stored Power|p1a: UMADBRO?
|-damage|p1a: UMADBRO?|0 fnt
|faint|p1a: UMADBRO?
|
|-item|p2a: Exeggutor|Sitrus Berry|[from] ability: Harvest
|upkeep
|-enditem|p2a: Exeggutor|Sitrus Berry|[eat]
|-heal|p2a: Exeggutor|64/100|[from] item: Sitrus Berry
|c|☆amir.wp2|WTFFFFFF
|
|t:|1779649046
|switch|p1a: SayWordToFolk|Lurantis, M|28/100
|turn|17
|
|t:|1779649050
|move|p1a: SayWordToFolk|Giga Drain|p2a: Exeggutor
|-resisted|p2a: Exeggutor
|-damage|p2a: Exeggutor|58/100
|-heal|p1a: SayWordToFolk|33/100|[from] drain|[of] p2a: Exeggutor
|move|p2a: Exeggutor|Sludge Bomb|p1a: SayWordToFolk
|-supereffective|p1a: SayWordToFolk
|-damage|p1a: SayWordToFolk|0 fnt
|faint|p1a: SayWordToFolk
|
|upkeep
|
|t:|1779649061
|switch|p1a: Primarina|Primarina, F, shiny|100/100
|turn|18
|
|t:|1779649064
|move|p1a: Primarina|Ice Beam|p2a: Exeggutor
|-damage|p2a: Exeggutor|41/100
|move|p2a: Exeggutor|Sludge Bomb|p1a: Primarina
|-supereffective|p1a: Primarina
|-damage|p1a: Primarina|0 fnt
|faint|p1a: Primarina
|
|-item|p2a: Exeggutor|Sitrus Berry|[from] ability: Harvest
|upkeep
|-enditem|p2a: Exeggutor|Sitrus Berry|[eat]
|-heal|p2a: Exeggutor|66/100|[from] item: Sitrus Berry
|c|☆amir.wp2|Proper lad
|
|t:|1779649079
|switch|p1a: Eelektross|Eelektross, F|22/100 psn
|turn|19
|
|t:|1779649086
|move|p2a: Exeggutor|Giga Drain|p1a: Eelektross
|-damage|p1a: Eelektross|0 fnt
|-heal|p2a: Exeggutor|76/100|[from] drain|[of] p1a: Eelektross
|faint|p1a: Eelektross
|
|win|sanguchitoo
|raw|amir.wp2's rating: 1000 &rarr; <strong>1000</strong><br />(+0 for losing)
|raw|sanguchitoo's rating: 1036 &rarr; <strong>1067</strong><br />(+31 for winning)
|c|☆sanguchitoo|gg
|c|☆amir.wp2|ggs man
|l|☆amir.wp2
|player|p1|
|l|☆sanguchitoo
|player|p2|
|j|☆sanguchitoo
|player|p2|sanguchitoo|hilbert-wonderlauncher|
