|j|☆hiplk
|j|☆shuay7
|t:|1779613978
|gametype|singles
|player|p1|hiplk|169|1447
|player|p2|shuay7|2|1409
|gen|9
|tier|[Gen 9] OU
|rated|
|rule|HP Percentage Mod: HP is shown in percentages
|rule|Endless Battle Clause: Forcing endless battles is banned
|rule|Species Clause: Limit one of each Pokémon
|rule|OHKO Clause: OHKO moves are banned
|rule|Evasion Items Clause: Evasion items are banned
|rule|Evasion Moves Clause: Evasion moves are banned
|rule|Evasion Abilities Clause: Evasion abilities are banned
|rule|Sleep Moves Clause: Sleep-inducing moves are banned
|clearpoke
|poke|p1|Kyurem|
|poke|p1|Iron Moth|
|poke|p1|Rillaboom, F|
|poke|p1|Iron Valiant|
|poke|p1|Gholdengo|
|poke|p1|Ting-Lu|
|poke|p2|Volcanion|
|poke|p2|Pelipper, F|
|poke|p2|Iron Treads|
|poke|p2|Overqwil, F|
|poke|p2|Iron Valiant|
|poke|p2|Ogerpon, F|
|teampreview
|inactive|Battle timer is ON: inactive players will automatically lose when time's up. (requested by shuay7)
|
|t:|1779613992
|teamsize|p1|6
|teamsize|p2|6
|start
|switch|p1a: Kyurem|Kyurem|100/100
|switch|p2a: Pelipper|Pelipper, F|100/100
|-ability|p1a: Kyurem|Pressure
|-weather|RainDance|[from] ability: Drizzle|[of] p2a: Pelipper
|turn|1
|
|t:|1779613997
|switch|p2a: Iron Treads|Iron Treads|100/100
|-enditem|p2a: Iron Treads|Booster Energy
|-activate|p2a: Iron Treads|ability: Quark Drive|[fromitem]
|-start|p2a: Iron Treads|quarkdrivespe
|move|p1a: Kyurem|Freeze-Dry|p2a: Iron Treads
|-damage|p2a: Iron Treads|26/100
|
|-weather|RainDance|[upkeep]
|upkeep
|turn|2
|
|t:|1779614010
|switch|p1a: Rillaboom|Rillaboom, F|100/100
|-fieldstart|move: Grassy Terrain|[from] ability: Grassy Surge|[of] p1a: Rillaboom
|move|p2a: Iron Treads|Steel Beam|p1a: Rillaboom
|-damage|p1a: Rillaboom|39/100
|-damage|p2a: Iron Treads|0 fnt|[from] steelbeam
|faint|p2a: Iron Treads
|-end|p2a: Iron Treads|Quark Drive|[silent]
|
|-weather|RainDance|[upkeep]
|-heal|p1a: Rillaboom|45/100|[from] Grassy Terrain
|upkeep
|
|t:|1779614017
|switch|p2a: Pelipper|Pelipper, F|100/100
|turn|3
|
|t:|1779614031
|move|p1a: Rillaboom|Wood Hammer|p2a: Pelipper
|-damage|p2a: Pelipper|0 fnt
|faint|p2a: Pelipper
|-damage|p1a: Rillaboom|20/100|[from] Recoil
|
|-weather|RainDance|[upkeep]
|-heal|p1a: Rillaboom|26/100|[from] Grassy Terrain
|upkeep
|
|t:|1779614034
|switch|p2a: Iron Valiant|Iron Valiant|100/100
|turn|4
|
|t:|1779614052
|switch|p1a: Gholdengo|Gholdengo|100/100
|-enditem|p1a: Gholdengo|Grassy Seed
|-boost|p1a: Gholdengo|def|1|[from] item: Grassy Seed
|move|p2a: Iron Valiant|Psyshock|p1a: Gholdengo
|-resisted|p1a: Gholdengo
|-damage|p1a: Gholdengo|91/100
|
|-weather|RainDance|[upkeep]
|-heal|p1a: Gholdengo|97/100|[from] Grassy Terrain
|upkeep
|turn|5
|
|t:|1779614063
|-end|p2a: Iron Valiant|Quark Drive|[silent]
|switch|p2a: Volcanion|Volcanion|100/100
|move|p1a: Gholdengo|Shadow Ball|p2a: Volcanion
|-damage|p2a: Volcanion|67/100
|-unboost|p2a: Volcanion|spd|1
|
|-weather|RainDance|[upkeep]
|-heal|p1a: Gholdengo|100/100|[from] Grassy Terrain
|-heal|p2a: Volcanion|73/100|[from] Grassy Terrain
|upkeep
|turn|6
|
|t:|1779614077
|switch|p1a: Ting-Lu|Ting-Lu|100/100
|-ability|p1a: Ting-Lu|Vessel of Ruin
|move|p2a: Volcanion|Steam Eruption|p1a: Ting-Lu
|-supereffective|p1a: Ting-Lu
|-crit|p1a: Ting-Lu
|-damage|p1a: Ting-Lu|0 fnt
|faint|p1a: Ting-Lu
|
|-weather|RainDance|[upkeep]
|-heal|p2a: Volcanion|79/100|[from] Grassy Terrain
|-fieldend|move: Grassy Terrain
|upkeep
|inactive|hiplk has 120 seconds left.
|
|t:|1779614099
|switch|p1a: Kyurem|Kyurem|100/100
|-ability|p1a: Kyurem|Pressure
|turn|7
|inactive|hiplk has 120 seconds left.
|
|t:|1779614119
|-terastallize|p2a: Volcanion|Water
|move|p1a: Kyurem|Draco Meteor|p2a: Volcanion
|-damage|p2a: Volcanion|0 fnt
|-unboost|p1a: Kyurem|spa|2
|faint|p2a: Volcanion
|
|-weather|RainDance|[upkeep]
|upkeep
|
|t:|1779614123
|switch|p2a: Iron Valiant|Iron Valiant|100/100
|turn|8
|inactive|hiplk has 120 seconds left.
|
|t:|1779614137
|switch|p1a: Gholdengo|Gholdengo|100/100
|move|p2a: Iron Valiant|Thunderbolt|p1a: Gholdengo
|-damage|p1a: Gholdengo|60/100
|
|-weather|none
|upkeep
|turn|9
|
|t:|1779614142
|move|p2a: Iron Valiant|Thunderbolt|p1a: Gholdengo
|-damage|p1a: Gholdengo|13/100
|move|p1a: Gholdengo|Make It Rain|p2a: Iron Valiant
|-supereffective|p2a: Iron Valiant
|-damage|p2a: Iron Valiant|0 fnt
|-unboost|p1a: Gholdengo|spa|1
|faint|p2a: Iron Valiant
|-end|p2a: Iron Valiant|Quark Drive|[silent]
|
|upkeep
|
|t:|1779614147
|switch|p2a: Overqwil|Overqwil, F|100/100
|turn|10
|
|t:|1779614161
|move|p2a: Overqwil|Crunch|p1a: Gholdengo
|-supereffective|p1a: Gholdengo
|-damage|p1a: Gholdengo|0 fnt
|faint|p1a: Gholdengo
|-damage|p2a: Overqwil|91/100|[from] item: Life Orb
|
|upkeep
|
|t:|1779614175
|switch|p1a: Iron Valiant|Iron Valiant|100/100
|-enditem|p1a: Iron Valiant|Booster Energy
|-activate|p1a: Iron Valiant|ability: Quark Drive|[fromitem]
|-start|p1a: Iron Valiant|quarkdrivespe
|turn|11
|
|t:|1779614179
|move|p1a: Iron Valiant|Encore|p2a: Overqwil
|-start|p2a: Overqwil|Encore
|move|p2a: Overqwil|Crunch|p1a: Iron Valiant
|-resisted|p1a: Iron Valiant
|-damage|p1a: Iron Valiant|86/100
|-damage|p2a: Overqwil|81/100|[from] item: Life Orb
|
|upkeep
|turn|12
|
|t:|1779614185
|switch|p2a: Ogerpon|Ogerpon, F|100/100
|move|p1a: Iron Valiant|Swords Dance|p1a: Iron Valiant
|-boost|p1a: Iron Valiant|atk|2
|
|upkeep
|turn|13
|
|t:|1779614197
|move|p1a: Iron Valiant|Close Combat|p2a: Ogerpon
|-damage|p2a: Ogerpon|0 fnt
|-unboost|p1a: Iron Valiant|def|1
|-unboost|p1a: Iron Valiant|spd|1
|faint|p2a: Ogerpon
|
|upkeep
|
|t:|1779614200
|switch|p2a: Overqwil|Overqwil, F|81/100
|turn|14
|
|t:|1779614210
|move|p1a: Iron Valiant|Close Combat|p2a: Overqwil
|-damage|p2a: Overqwil|0 fnt
|-unboost|p1a: Iron Valiant|def|1
|-unboost|p1a: Iron Valiant|spd|1
|faint|p2a: Overqwil
|
|win|hiplk
|raw|hiplk's rating: 1447 &rarr; <strong>1465</strong><br />(+18 for winning)
|raw|shuay7's rating: 1409 &rarr; <strong>1391</strong><br />(-18 for losing)
|l|☆shuay7
|player|p2|
|l|☆hiplk
|player|p1|
