|j|☆TheLump
|j|☆MoondropSoulHeart
|t:|1779624220
|gametype|singles
|player|p1|TheLump|2|1142
|player|p2|MoondropSoulHeart|giovanni|1203
|gen|9
|tier|[Gen 9] OU
|rated|
|rule|HP Percentage Mod: HP is shown in percentages
|rule|Endless Battle Clause: Forcing endless battles is banned
|rule|Species Clause: Limit one of each Pokémon
|rule|OHKO Clause: OHKO moves are banned
|rule|Evasion Items Clause: Evasion items are banned
|rule|Evasion Moves Clause: Evasion moves are banned
|rule|Evasion Abilities Clause: Evasion abilities are banned
|rule|Sleep Moves Clause: Sleep-inducing moves are banned
|clearpoke
|poke|p1|Torkoal, F|
|poke|p1|Weepinbell, M|
|poke|p1|Slither Wing|
|poke|p1|Iron Moth|
|poke|p1|Exeggutor, M|
|poke|p1|Victreebel, M|
|poke|p2|Greedent, F|
|poke|p2|Ceruledge, M|
|poke|p2|Poliwrath, F|
|poke|p2|Reuniclus, M|
|poke|p2|Regice|
|poke|p2|Iron Jugulis|
|teampreview
|
|t:|1779624240
|teamsize|p1|6
|teamsize|p2|6
|start
|switch|p1a: Torkoal|Torkoal, F, shiny|100/100
|switch|p2a: Poliwrath|Poliwrath, F|100/100
|-weather|SunnyDay|[from] ability: Drought|[of] p1a: Torkoal
|turn|1
|
|t:|1779624316
|move|p2a: Poliwrath|Rain Dance|p2a: Poliwrath
|-weather|RainDance
|move|p1a: Torkoal|Will-O-Wisp|p2a: Poliwrath
|-status|p2a: Poliwrath|brn
|
|-weather|RainDance|[upkeep]
|-damage|p2a: Poliwrath|94/100 brn|[from] brn
|upkeep
|turn|2
|
|t:|1779624344
|switch|p2a: Iron Jugulis|Iron Jugulis|100/100
|-enditem|p2a: Iron Jugulis|Booster Energy
|-activate|p2a: Iron Jugulis|ability: Quark Drive|[fromitem]
|-start|p2a: Iron Jugulis|quarkdrivespe
|move|p1a: Torkoal|Stealth Rock|p2a: Iron Jugulis
|-sidestart|p2: MoondropSoulHeart|move: Stealth Rock
|
|-weather|RainDance|[upkeep]
|upkeep
|turn|3
|
|t:|1779624350
|switch|p1a: Slither Wing|Slither Wing, shiny|100/100
|move|p2a: Iron Jugulis|Earth Power|p1a: Slither Wing
|-resisted|p1a: Slither Wing
|-damage|p1a: Slither Wing|91/100
|
|-weather|RainDance|[upkeep]
|upkeep
|turn|4
|
|t:|1779624352
|move|p1a: Slither Wing|First Impression|p2a: Iron Jugulis
|-damage|p2a: Iron Jugulis|50/100
|move|p2a: Iron Jugulis|Air Slash|p1a: Slither Wing
|-supereffective|p1a: Slither Wing
|-damage|p1a: Slither Wing|0 fnt
|faint|p1a: Slither Wing
|-end|p1a: Slither Wing|Protosynthesis|[silent]
|
|-weather|RainDance|[upkeep]
|upkeep
|
|t:|1779624358
|switch|p1a: Torkoal|Torkoal, F, shiny|100/100
|-weather|SunnyDay|[from] ability: Drought|[of] p1a: Torkoal
|turn|5
|
|t:|1779624361
|-terastallize|p2a: Iron Jugulis|Ground
|move|p2a: Iron Jugulis|Earth Power|p1a: Torkoal
|-supereffective|p1a: Torkoal
|-damage|p1a: Torkoal|25/100
|move|p1a: Torkoal|Lava Plume|p2a: Iron Jugulis
|-damage|p2a: Iron Jugulis|7/100
|
|-weather|SunnyDay|[upkeep]
|upkeep
|turn|6
|
|t:|1779624369
|switch|p1a: Macrophylla|Weepinbell, M|100/100
|move|p2a: Iron Jugulis|Earth Power|p1a: Macrophylla
|-damage|p1a: Macrophylla|57/100
|
|-weather|SunnyDay|[upkeep]
|upkeep
|turn|7
|
|t:|1779624397
|move|p2a: Iron Jugulis|Heat Wave|p1a: Macrophylla
|-supereffective|p1a: Macrophylla
|-damage|p1a: Macrophylla|0 fnt
|faint|p1a: Macrophylla
|
|-weather|SunnyDay|[upkeep]
|upkeep
|
|t:|1779624401
|switch|p1a: Lowi Trusmadi|Victreebel, M, shiny|100/100
|turn|8
|
|t:|1779624425
|move|p1a: Lowi Trusmadi|Giga Drain|p2a: Iron Jugulis
|-supereffective|p2a: Iron Jugulis
|-damage|p2a: Iron Jugulis|0 fnt
|faint|p2a: Iron Jugulis
|-end|p2a: Iron Jugulis|Quark Drive|[silent]
|
|-weather|SunnyDay|[upkeep]
|upkeep
|
|t:|1779624429
|switch|p2a: Ceruledge|Ceruledge, M|100/100
|-damage|p2a: Ceruledge|75/100|[from] Stealth Rock
|turn|9
|
|t:|1779624453
|move|p1a: Lowi Trusmadi|Weather Ball|p2a: Ceruledge
|-resisted|p2a: Ceruledge
|-damage|p2a: Ceruledge|53/100
|move|p2a: Ceruledge|Bitter Blade|p1a: Lowi Trusmadi
|-supereffective|p1a: Lowi Trusmadi
|-damage|p1a: Lowi Trusmadi|0 fnt
|-heal|p2a: Ceruledge|99/100|[from] drain|[of] p1a: Lowi Trusmadi
|faint|p1a: Lowi Trusmadi
|
|-weather|SunnyDay|[upkeep]
|upkeep
|
|t:|1779624456
|switch|p1a: Exeggutor|Exeggutor, M|100/100
|turn|10
|
|t:|1779624477
|-terastallize|p1a: Exeggutor|Dragon
|move|p2a: Ceruledge|Bitter Blade|p1a: Exeggutor
|-resisted|p1a: Exeggutor
|-damage|p1a: Exeggutor|45/100
|-heal|p2a: Ceruledge|100/100|[from] drain|[of] p1a: Exeggutor
|-enditem|p1a: Exeggutor|Sitrus Berry|[eat]
|-heal|p1a: Exeggutor|70/100|[from] item: Sitrus Berry
|move|p1a: Exeggutor|Psychic Noise|p2a: Ceruledge
|-damage|p2a: Ceruledge|60/100
|-start|p2a: Ceruledge|move: Heal Block
|
|-weather|SunnyDay|[upkeep]
|-item|p1a: Exeggutor|Sitrus Berry|[from] ability: Harvest
|upkeep
|turn|11
|
|t:|1779624488
|switch|p2a: Poliwrath|Poliwrath, F|94/100 brn
|-damage|p2a: Poliwrath|88/100 brn|[from] Stealth Rock
|move|p1a: Exeggutor|Psychic Noise|p2a: Poliwrath
|-supereffective|p2a: Poliwrath
|-damage|p2a: Poliwrath|4/100 brn
|-start|p2a: Poliwrath|move: Heal Block
|
|-weather|SunnyDay|[upkeep]
|-damage|p2a: Poliwrath|0 fnt|[from] brn
|faint|p2a: Poliwrath
|upkeep
|
|t:|1779624490
|switch|p2a: Regice|Regice|100/100
|-damage|p2a: Regice|76/100|[from] Stealth Rock
|turn|12
|
|t:|1779624494
|move|p1a: Exeggutor|Calm Mind|p1a: Exeggutor
|-boost|p1a: Exeggutor|spa|1
|-boost|p1a: Exeggutor|spd|1
|move|p2a: Regice|Ice Beam|p1a: Exeggutor
|-supereffective|p1a: Exeggutor
|-damage|p1a: Exeggutor|0 fnt
|faint|p1a: Exeggutor
|
|-weather|none
|upkeep
|
|t:|1779624497
|switch|p1a: Torkoal|Torkoal, F, shiny|25/100
|-weather|SunnyDay|[from] ability: Drought|[of] p1a: Torkoal
|turn|13
|
|t:|1779624508
|move|p2a: Regice|Ice Beam|p1a: Torkoal
|-resisted|p1a: Torkoal
|-crit|p1a: Torkoal
|-damage|p1a: Torkoal|0 fnt
|faint|p1a: Torkoal
|
|-weather|SunnyDay|[upkeep]
|upkeep
|
|t:|1779624535
|switch|p1a: Iron Moth|Iron Moth|100/100
|-enditem|p1a: Iron Moth|Booster Energy
|-activate|p1a: Iron Moth|ability: Quark Drive|[fromitem]
|-start|p1a: Iron Moth|quarkdrivespe
|turn|14
|
|t:|1779624538
|move|p1a: Iron Moth|Fiery Dance|p2a: Regice
|-supereffective|p2a: Regice
|-damage|p2a: Regice|14/100
|move|p2a: Regice|Ice Beam|p1a: Iron Moth
|-resisted|p1a: Iron Moth
|-damage|p1a: Iron Moth|77/100
|
|-weather|SunnyDay|[upkeep]
|upkeep
|turn|15
|
|t:|1779624542
|move|p1a: Iron Moth|Fiery Dance|p2a: Regice
|-supereffective|p2a: Regice
|-crit|p2a: Regice
|-damage|p2a: Regice|0 fnt
|-boost|p1a: Iron Moth|spa|1
|faint|p2a: Regice
|
|-weather|SunnyDay|[upkeep]
|upkeep
|
|t:|1779624545
|switch|p2a: Greedent|Greedent, F|100/100
|-damage|p2a: Greedent|88/100|[from] Stealth Rock
|turn|16
|
|t:|1779624548
|move|p1a: Iron Moth|Fiery Dance|p2a: Greedent
|-damage|p2a: Greedent|0 fnt
|faint|p2a: Greedent
|
|-weather|SunnyDay|[upkeep]
|upkeep
|
|t:|1779624552
|switch|p2a: Reuniclus|Reuniclus, M|100/100
|turn|17
|
|t:|1779624555
|move|p1a: Iron Moth|Fiery Dance|p2a: Reuniclus
|-damage|p2a: Reuniclus|22/100
|-boost|p1a: Iron Moth|spa|1
|move|p2a: Reuniclus|Trick Room|p2a: Reuniclus
|-fieldstart|move: Trick Room|[of] p2a: Reuniclus
|
|-weather|SunnyDay|[upkeep]
|upkeep
|turn|18
|
|t:|1779624558
|move|p2a: Reuniclus|Psychic|p1a: Iron Moth
|-supereffective|p1a: Iron Moth
|-damage|p1a: Iron Moth|0 fnt
|faint|p1a: Iron Moth
|-end|p1a: Iron Moth|Quark Drive|[silent]
|
|win|MoondropSoulHeart
|raw|TheLump's rating: 1142 &rarr; <strong>1121</strong><br />(-21 for losing)
|raw|MoondropSoulHeart's rating: 1203 &rarr; <strong>1224</strong><br />(+21 for winning)
|l|☆TheLump
|player|p1|
|l|☆MoondropSoulHeart
|player|p2|
