|j|☆Abigcamel
|j|☆Bordercauley
|t:|1779627290
|gametype|singles
|player|p1|Abigcamel|morty|1510
|player|p2|Bordercauley|bugsy|1499
|gen|9
|tier|[Gen 9] OU
|rated|
|rule|HP Percentage Mod: HP is shown in percentages
|rule|Endless Battle Clause: Forcing endless battles is banned
|rule|Species Clause: Limit one of each Pokémon
|rule|OHKO Clause: OHKO moves are banned
|rule|Evasion Items Clause: Evasion items are banned
|rule|Evasion Moves Clause: Evasion moves are banned
|rule|Evasion Abilities Clause: Evasion abilities are banned
|rule|Sleep Moves Clause: Sleep-inducing moves are banned
|clearpoke
|poke|p1|Hoopa|
|poke|p1|Cinderace, M|
|poke|p1|Mandibuzz, F|
|poke|p1|Kyurem|
|poke|p1|Ting-Lu|
|poke|p1|Manaphy|
|poke|p2|Meowscarada, F|
|poke|p2|Pelipper, M|
|poke|p2|Quaquaval, M|
|poke|p2|Sinistcha|
|poke|p2|Kilowattrel, F|
|poke|p2|Kingdra, M|
|teampreview
|inactive|Battle timer is ON: inactive players will automatically lose when time's up. (requested by Abigcamel)
|
|t:|1779627303
|teamsize|p1|6
|teamsize|p2|6
|start
|switch|p1a: Kyurem|Kyurem|100/100
|switch|p2a: Cat|Meowscarada, F|100/100
|-ability|p1a: Kyurem|Pressure
|turn|1
|
|t:|1779627307
|move|p1a: Kyurem|Freeze-Dry|p2a: Cat
|-supereffective|p2a: Cat
|-enditem|p2a: Cat|Focus Sash
|-damage|p2a: Cat|1/100
|move|p2a: Cat|Taunt|p1a: Kyurem
|-start|p1a: Kyurem|move: Taunt
|
|upkeep
|turn|2
|
|t:|1779627313
|move|p1a: Kyurem|Freeze-Dry|p2a: Cat
|-supereffective|p2a: Cat
|-damage|p2a: Cat|0 fnt
|faint|p2a: Cat
|
|upkeep
|
|t:|1779627318
|switch|p2a: Bird|Pelipper, M|100/100
|-weather|RainDance|[from] ability: Drizzle|[of] p2a: Bird
|turn|3
|
|t:|1779627322
|move|p1a: Kyurem|Freeze-Dry|p2a: Bird
|-supereffective|p2a: Bird
|-damage|p2a: Bird|0 fnt
|faint|p2a: Bird
|
|-weather|RainDance|[upkeep]
|upkeep
|
|t:|1779627325
|switch|p2a: Seahorse|Kingdra, M|100/100
|turn|4
|
|t:|1779627330
|switch|p1a: Hoopa|Hoopa|100/100
|move|p2a: Seahorse|Wave Crash|p1a: Hoopa
|-damage|p1a: Hoopa|0 fnt
|faint|p1a: Hoopa
|-damage|p2a: Seahorse|63/100|[from] Recoil
|-damage|p2a: Seahorse|53/100|[from] item: Life Orb
|
|-weather|RainDance|[upkeep]
|upkeep
|
|t:|1779627339
|switch|p1a: Manaphy|Manaphy|100/100
|turn|5
|
|t:|1779627345
|move|p2a: Seahorse|Draco Meteor|p1a: Manaphy
|-damage|p1a: Manaphy|35/100
|-unboost|p2a: Seahorse|spa|2
|-damage|p2a: Seahorse|43/100|[from] item: Life Orb
|move|p1a: Manaphy|Alluring Voice|p2a: Seahorse
|-supereffective|p2a: Seahorse
|-damage|p2a: Seahorse|0 fnt
|faint|p2a: Seahorse
|
|-weather|RainDance|[upkeep]
|-heal|p1a: Manaphy|41/100|[from] item: Leftovers
|upkeep
|
|t:|1779627350
|switch|p2a: Duck|Quaquaval, M|100/100
|turn|6
|
|t:|1779627356
|switch|p1a: Mandibuzz|Mandibuzz, F, shiny|100/100
|-terastallize|p2a: Duck|Fairy
|move|p2a: Duck|Aqua Step|p1a: Mandibuzz
|-damage|p1a: Mandibuzz|66/100
|-boost|p2a: Duck|spe|1
|-damage|p2a: Duck|84/100|[from] item: Rocky Helmet|[of] p1a: Mandibuzz
|
|-weather|RainDance|[upkeep]
|-heal|p2a: Duck|90/100|[from] item: Leftovers
|upkeep
|turn|7
|
|t:|1779627361
|move|p2a: Duck|Bulk Up|p2a: Duck
|-boost|p2a: Duck|atk|1
|-boost|p2a: Duck|def|1
|move|p1a: Mandibuzz|Toxic|p2a: Duck
|-status|p2a: Duck|tox
|
|-weather|RainDance|[upkeep]
|-heal|p2a: Duck|96/100 tox|[from] item: Leftovers
|-damage|p2a: Duck|90/100 tox|[from] psn
|upkeep
|turn|8
|
|t:|1779627367
|move|p2a: Duck|Close Combat|p1a: Mandibuzz
|-damage|p1a: Mandibuzz|13/100
|-unboost|p2a: Duck|def|1
|-unboost|p2a: Duck|spd|1
|-damage|p2a: Duck|74/100 tox|[from] item: Rocky Helmet|[of] p1a: Mandibuzz
|move|p1a: Mandibuzz|Roost|p1a: Mandibuzz
|-heal|p1a: Mandibuzz|63/100
|-singleturn|p1a: Mandibuzz|move: Roost
|
|-weather|RainDance|[upkeep]
|-heal|p2a: Duck|80/100 tox|[from] item: Leftovers
|-damage|p2a: Duck|68/100 tox|[from] psn
|upkeep
|turn|9
|
|t:|1779627372
|move|p2a: Duck|Aqua Step|p1a: Mandibuzz
|-damage|p1a: Mandibuzz|15/100
|-boost|p2a: Duck|spe|1
|-damage|p2a: Duck|51/100 tox|[from] item: Rocky Helmet|[of] p1a: Mandibuzz
|move|p1a: Mandibuzz|Roost|p1a: Mandibuzz
|-heal|p1a: Mandibuzz|65/100
|-singleturn|p1a: Mandibuzz|move: Roost
|
|-weather|RainDance|[upkeep]
|-heal|p2a: Duck|57/100 tox|[from] item: Leftovers
|-damage|p2a: Duck|39/100 tox|[from] psn
|upkeep
|turn|10
|
|t:|1779627378
|move|p2a: Duck|Ice Spinner|p1a: Mandibuzz
|-supereffective|p1a: Mandibuzz
|-damage|p1a: Mandibuzz|17/100
|-damage|p2a: Duck|23/100 tox|[from] item: Rocky Helmet|[of] p1a: Mandibuzz
|move|p1a: Mandibuzz|Roost|p1a: Mandibuzz
|-heal|p1a: Mandibuzz|67/100
|-singleturn|p1a: Mandibuzz|move: Roost
|
|-weather|none
|-heal|p2a: Duck|29/100 tox|[from] item: Leftovers
|-damage|p2a: Duck|4/100 tox|[from] psn
|upkeep
|turn|11
|
|t:|1779627381
|move|p2a: Duck|Close Combat|p1a: Mandibuzz
|-damage|p1a: Mandibuzz|18/100
|-unboost|p2a: Duck|def|1
|-unboost|p2a: Duck|spd|1
|-damage|p2a: Duck|0 fnt|[from] item: Rocky Helmet|[of] p1a: Mandibuzz
|faint|p2a: Duck
|move|p1a: Mandibuzz|Roost|p1a: Mandibuzz
|-heal|p1a: Mandibuzz|68/100
|-singleturn|p1a: Mandibuzz|move: Roost
|
|upkeep
|
|t:|1779627384
|switch|p2a: Bird2|Kilowattrel, F|100/100
|turn|12
|
|t:|1779627389
|switch|p1a: Ting-Lucifer|Ting-Lu|100/100
|-ability|p1a: Ting-Lucifer|Vessel of Ruin
|move|p2a: Bird2|Hurricane|p1a: Ting-Lucifer
|-damage|p1a: Ting-Lucifer|65/100
|
|upkeep
|turn|13
|
|t:|1779627401
|switch|p2a: Tea|Sinistcha|100/100
|move|p1a: Ting-Lucifer|Heavy Slam|p2a: Tea
|-damage|p2a: Tea|72/100
|
|-heal|p2a: Tea|78/100|[from] item: Leftovers
|upkeep
|turn|14
|
|t:|1779627403
|move|p2a: Tea|Calm Mind|p2a: Tea
|-boost|p2a: Tea|spa|1
|-boost|p2a: Tea|spd|1
|move|p1a: Ting-Lucifer|Heavy Slam|p2a: Tea
|-damage|p2a: Tea|47/100
|
|-heal|p2a: Tea|53/100|[from] item: Leftovers
|upkeep
|turn|15
|
|t:|1779627405
|move|p2a: Tea|Strength Sap|p1a: Ting-Lucifer
|-unboost|p1a: Ting-Lucifer|atk|1
|-heal|p2a: Tea|100/100
|move|p1a: Ting-Lucifer|Heavy Slam|p2a: Tea
|-damage|p2a: Tea|80/100
|
|-heal|p2a: Tea|86/100|[from] item: Leftovers
|upkeep
|turn|16
|
|t:|1779627411
|switch|p1a: Mandibuzz|Mandibuzz, F, shiny|68/100
|move|p2a: Tea|Calm Mind|p2a: Tea
|-boost|p2a: Tea|spa|1
|-boost|p2a: Tea|spd|1
|
|-heal|p2a: Tea|92/100|[from] item: Leftovers
|upkeep
|turn|17
|
|t:|1779627419
|switch|p2a: Bird2|Kilowattrel, F|100/100
|move|p1a: Mandibuzz|Toxic|p2a: Bird2
|-status|p2a: Bird2|tox
|
|-damage|p2a: Bird2|94/100 tox|[from] psn
|upkeep
|turn|18
|
|t:|1779627424
|switch|p1a: Ting-Lucifer|Ting-Lu|65/100
|-ability|p1a: Ting-Lucifer|Vessel of Ruin
|move|p2a: Bird2|Hurricane|p1a: Ting-Lucifer|[miss]
|-miss|p2a: Bird2|p1a: Ting-Lucifer
|
|-damage|p2a: Bird2|82/100 tox|[from] psn
|upkeep
|turn|19
|
|t:|1779627429
|move|p2a: Bird2|Hurricane|p1a: Ting-Lucifer|[miss]
|-miss|p2a: Bird2|p1a: Ting-Lucifer
|move|p1a: Ting-Lucifer|Stealth Rock|p2a: Bird2
|-sidestart|p2: Bordercauley|move: Stealth Rock
|
|-damage|p2a: Bird2|64/100 tox|[from] psn
|upkeep
|turn|20
|-message|Bordercauley forfeited.
|
|win|Abigcamel
|raw|Abigcamel's rating: 1510 &rarr; <strong>1529</strong><br />(+19 for winning)
|raw|Bordercauley's rating: 1499 &rarr; <strong>1480</strong><br />(-19 for losing)
|l|☆Bordercauley
|player|p2|
|l|☆Abigcamel
|player|p1|
