|j|☆MBlas2002
|j|☆LSWilson
|t:|1779607023
|gametype|singles
|player|p1|MBlas2002|volkner|1398
|player|p2|LSWilson|steven|1404
|gen|9
|tier|[Gen 9] OU
|rated|
|rule|HP Percentage Mod: HP is shown in percentages
|rule|Endless Battle Clause: Forcing endless battles is banned
|rule|Species Clause: Limit one of each Pokémon
|rule|OHKO Clause: OHKO moves are banned
|rule|Evasion Items Clause: Evasion items are banned
|rule|Evasion Moves Clause: Evasion moves are banned
|rule|Evasion Abilities Clause: Evasion abilities are banned
|rule|Sleep Moves Clause: Sleep-inducing moves are banned
|clearpoke
|poke|p1|Tornadus-Therian, M|
|poke|p1|Landorus-Therian, M|
|poke|p1|Chandelure, F|
|poke|p1|Scizor, M|
|poke|p1|Sylveon, F|
|poke|p1|Toxapex, F|
|poke|p2|Weavile, M|
|poke|p2|Raging Bolt|
|poke|p2|Heatran, F|
|poke|p2|Weezing-Galar, M|
|poke|p2|Landorus-Therian, M|
|poke|p2|Ogerpon-Wellspring, F|
|teampreview
|inactive|Battle timer is ON: inactive players will automatically lose when time's up. (requested by MBlas2002)
|inactive|LSWilson has 120 seconds left.
|
|t:|1779607070
|teamsize|p1|6
|teamsize|p2|6
|start
|switch|p1a: Almogávar|Scizor, M|100/100
|switch|p2a: Heatran|Heatran, F|100/100
|turn|1
|
|t:|1779607084
|switch|p1a: Irene|Chandelure, F, shiny|100/100
|move|p2a: Heatran|Stealth Rock|p1a: Irene
|-sidestart|p1: MBlas2002|move: Stealth Rock
|
|upkeep
|turn|2
|
|t:|1779607090
|move|p1a: Irene|Shadow Ball|p2a: Heatran
|-damage|p2a: Heatran|51/100
|move|p2a: Heatran|Earth Power|p1a: Irene
|-supereffective|p1a: Irene
|-damage|p1a: Irene|45/100
|
|-heal|p2a: Heatran|57/100|[from] item: Leftovers
|upkeep
|turn|3
|
|t:|1779607100
|switch|p1a: Chocolate|Landorus-Therian, M|100/100
|-ability|p1a: Chocolate|Intimidate|boost
|-unboost|p2a: Heatran|atk|1
|move|p2a: Heatran|Earth Power|p1a: Chocolate
|-immune|p1a: Chocolate
|
|-heal|p2a: Heatran|64/100|[from] item: Leftovers
|upkeep
|turn|4
|
|t:|1779607110
|switch|p2a: Landorus|Landorus-Therian, M|100/100
|-ability|p2a: Landorus|Intimidate|boost
|-unboost|p1a: Chocolate|atk|1
|move|p1a: Chocolate|Earthquake|p2a: Landorus
|-immune|p2a: Landorus
|
|upkeep
|turn|5
|
|t:|1779607115
|move|p1a: Chocolate|Stealth Rock|p2a: Landorus
|-sidestart|p2: LSWilson|move: Stealth Rock
|move|p2a: Landorus|U-turn|p1a: Chocolate
|-resisted|p1a: Chocolate
|-damage|p1a: Chocolate|85/100
|
|t:|1779607120
|switch|p2a: Ogerpon|Ogerpon-Wellspring, F|100/100|[from] U-turn
|-damage|p2a: Ogerpon|88/100|[from] Stealth Rock
|
|upkeep
|turn|6
|
|t:|1779607126
|move|p2a: Ogerpon|Swords Dance|p2a: Ogerpon
|-boost|p2a: Ogerpon|atk|2
|move|p1a: Chocolate|U-turn|p2a: Ogerpon
|-supereffective|p2a: Ogerpon
|-damage|p2a: Ogerpon|45/100
|
|t:|1779607129
|switch|p1a: Cierzo|Tornadus-Therian, M|100/100|[from] U-turn
|-damage|p1a: Cierzo|75/100|[from] Stealth Rock
|
|upkeep
|turn|7
|
|t:|1779607134
|move|p1a: Cierzo|Bleakwind Storm|p2a: Ogerpon
|-supereffective|p2a: Ogerpon
|-damage|p2a: Ogerpon|0 fnt
|faint|p2a: Ogerpon
|
|upkeep
|
|t:|1779607146
|switch|p2a: Weavile|Weavile, M|100/100
|-damage|p2a: Weavile|76/100|[from] Stealth Rock
|-ability|p2a: Weavile|Pressure
|turn|8
|
|t:|1779607153
|switch|p1a: Almogávar|Scizor, M|100/100
|-damage|p1a: Almogávar|88/100|[from] Stealth Rock
|move|p2a: Weavile|Knock Off|p1a: Almogávar
|-damage|p1a: Almogávar|24/100
|-damage|p2a: Weavile|59/100|[from] item: Rocky Helmet|[of] p1a: Almogávar
|-enditem|p1a: Almogávar|Rocky Helmet|[from] move: Knock Off|[of] p2a: Weavile
|
|upkeep
|turn|9
|
|t:|1779607159
|switch|p2a: Heatran|Heatran, F|64/100
|-damage|p2a: Heatran|51/100|[from] Stealth Rock
|move|p1a: Almogávar|Bullet Punch|p2a: Heatran
|-resisted|p2a: Heatran
|-damage|p2a: Heatran|43/100
|
|-heal|p2a: Heatran|50/100|[from] item: Leftovers
|upkeep
|turn|10
|
|t:|1779607168
|switch|p1a: Chocolate|Landorus-Therian, M|85/100
|-ability|p1a: Chocolate|Intimidate|boost
|-unboost|p2a: Heatran|atk|1
|move|p2a: Heatran|Earth Power|p1a: Chocolate
|-immune|p1a: Chocolate
|
|-heal|p2a: Heatran|56/100|[from] item: Leftovers
|upkeep
|turn|11
|
|t:|1779607175
|move|p2a: Heatran|Protect|p2a: Heatran
|-singleturn|p2a: Heatran|Protect
|move|p1a: Chocolate|Stone Edge|p2a: Heatran
|-activate|p2a: Heatran|move: Protect
|
|-heal|p2a: Heatran|62/100|[from] item: Leftovers
|upkeep
|turn|12
|
|t:|1779607181
|switch|p2a: Landorus|Landorus-Therian, M|100/100
|-damage|p2a: Landorus|88/100|[from] Stealth Rock
|-ability|p2a: Landorus|Intimidate|boost
|-unboost|p1a: Chocolate|atk|1
|move|p1a: Chocolate|U-turn|p2a: Landorus
|-resisted|p2a: Landorus
|-damage|p2a: Landorus|80/100
|
|t:|1779607185
|switch|p1a: Cierzo|Tornadus-Therian, M|100/100|[from] U-turn
|-damage|p1a: Cierzo|75/100|[from] Stealth Rock
|
|upkeep
|turn|13
|
|t:|1779607189
|move|p1a: Cierzo|Icy Wind|p2a: Landorus
|-supereffective|p2a: Landorus
|-damage|p2a: Landorus|39/100
|-unboost|p2a: Landorus|spe|1
|move|p2a: Landorus|Stone Edge|p1a: Cierzo
|-supereffective|p1a: Cierzo
|-crit|p1a: Cierzo
|-damage|p1a: Cierzo|0 fnt
|faint|p1a: Cierzo
|
|upkeep
|c|☆LSWilson|funny set
|
|t:|1779607204
|switch|p1a: Irene|Chandelure, F, shiny|45/100
|-damage|p1a: Irene|20/100|[from] Stealth Rock
|turn|14
|
|t:|1779607213
|switch|p2a: Heatran|Heatran, F|62/100
|-damage|p2a: Heatran|50/100|[from] Stealth Rock
|move|p1a: Irene|Shadow Ball|p2a: Heatran
|-damage|p2a: Heatran|0 fnt
|faint|p2a: Heatran
|
|upkeep
|
|t:|1779607224
|switch|p2a: Weavile|Weavile, M|59/100
|-damage|p2a: Weavile|34/100|[from] Stealth Rock
|-ability|p2a: Weavile|Pressure
|turn|15
|
|t:|1779607232
|move|p2a: Weavile|Knock Off|p1a: Irene
|-supereffective|p1a: Irene
|-damage|p1a: Irene|0 fnt
|-enditem|p1a: Irene|Choice Specs|[from] move: Knock Off|[of] p2a: Weavile
|faint|p1a: Irene
|
|upkeep
|
|t:|1779607239
|switch|p1a: Almogávar|Scizor, M|24/100
|-damage|p1a: Almogávar|11/100|[from] Stealth Rock
|turn|16
|
|t:|1779607243
|switch|p2a: Raging Bolt|Raging Bolt|100/100
|-damage|p2a: Raging Bolt|88/100|[from] Stealth Rock
|move|p1a: Almogávar|Bullet Punch|p2a: Raging Bolt
|-resisted|p2a: Raging Bolt
|-damage|p2a: Raging Bolt|74/100
|
|upkeep
|turn|17
|
|t:|1779607265
|switch|p1a: The G.O.A.T.|Sylveon, F, shiny|100/100
|-damage|p1a: The G.O.A.T.|88/100|[from] Stealth Rock
|move|p2a: Raging Bolt|Draco Meteor|p1a: The G.O.A.T.
|-immune|p1a: The G.O.A.T.
|
|-heal|p1a: The G.O.A.T.|94/100|[from] item: Leftovers
|upkeep
|turn|18
|
|t:|1779607277
|-end|p2a: Raging Bolt|Protosynthesis|[silent]
|switch|p2a: Weezing|Weezing-Galar, M|100/100
|-ability|p2a: Weezing|Neutralizing Gas
|-damage|p2a: Weezing|88/100|[from] Stealth Rock
|move|p1a: The G.O.A.T.|Wish|p1a: The G.O.A.T.
|
|-heal|p1a: The G.O.A.T.|99/100|[from] item: Leftovers
|upkeep
|turn|19
|
|t:|1779607290
|switch|p1a: Chocolate|Landorus-Therian, M|85/100
|move|p2a: Weezing|Will-O-Wisp|p1a: Chocolate
|-status|p1a: Chocolate|brn
|
|-heal|p1a: Chocolate|100/100 brn|[from] move: Wish|[wisher] The G.O.A.T.
|-damage|p1a: Chocolate|95/100 brn|[from] brn
|upkeep
|turn|20
|
|t:|1779607298
|move|p1a: Chocolate|Earthquake|p2a: Weezing
|-supereffective|p2a: Weezing
|-damage|p2a: Weezing|49/100
|move|p2a: Weezing|Defog|p1a: Chocolate
|-unboost|p1a: Chocolate|evasion|1
|-sideend|p1: MBlas2002|Stealth Rock|[from] move: Defog|[of] p2a: Weezing
|-sideend|p2: LSWilson|Stealth Rock|[from] move: Defog|[of] p2a: Weezing
|
|-damage|p1a: Chocolate|89/100 brn|[from] brn
|upkeep
|turn|21
|
|t:|1779607305
|move|p1a: Chocolate|Stealth Rock|p2a: Weezing
|-sidestart|p2: LSWilson|move: Stealth Rock
|move|p2a: Weezing|Strange Steam|p1a: Chocolate
|-damage|p1a: Chocolate|48/100 brn
|-start|p1a: Chocolate|confusion
|
|-damage|p1a: Chocolate|42/100 brn|[from] brn
|upkeep
|turn|22
|
|t:|1779607313
|switch|p1a: The G.O.A.T.|Sylveon, F, shiny|99/100
|move|p2a: Weezing|Defog|p1a: The G.O.A.T.
|-unboost|p1a: The G.O.A.T.|evasion|1
|-sideend|p2: LSWilson|Stealth Rock|[from] move: Defog|[of] p2a: Weezing
|
|-heal|p1a: The G.O.A.T.|100/100|[from] item: Leftovers
|upkeep
|turn|23
|
|t:|1779607319
|move|p2a: Weezing|Strange Steam|p1a: The G.O.A.T.
|-damage|p1a: The G.O.A.T.|86/100
|move|p1a: The G.O.A.T.|Wish|p1a: The G.O.A.T.
|
|-heal|p1a: The G.O.A.T.|92/100|[from] item: Leftovers
|upkeep
|turn|24
|
|t:|1779607335
|move|p2a: Weezing|Will-O-Wisp|p1a: The G.O.A.T.
|-status|p1a: The G.O.A.T.|brn
|move|p1a: The G.O.A.T.|Psyshock|p2a: Weezing
|-supereffective|p2a: Weezing
|-damage|p2a: Weezing|22/100
|
|-heal|p1a: The G.O.A.T.|100/100 brn|[from] move: Wish|[wisher] The G.O.A.T.
|-damage|p1a: The G.O.A.T.|94/100 brn|[from] brn
|upkeep
|turn|25
|
|t:|1779607360
|move|p2a: Weezing|Flamethrower|p1a: The G.O.A.T.
|-damage|p1a: The G.O.A.T.|84/100 brn
|move|p1a: The G.O.A.T.|Hyper Voice|p2a: Weezing
|-damage|p2a: Weezing|0 fnt
|faint|p2a: Weezing
|-end|p2a: Weezing|ability: Neutralizing Gas
|
|-heal|p1a: The G.O.A.T.|90/100 brn|[from] item: Leftovers
|-damage|p1a: The G.O.A.T.|84/100 brn|[from] brn
|upkeep
|
|t:|1779607364
|switch|p2a: Landorus|Landorus-Therian, M|39/100
|-ability|p2a: Landorus|Intimidate|boost
|-unboost|p1a: The G.O.A.T.|atk|1
|turn|26
|
|t:|1779607371
|switch|p1a: Chocolate|Landorus-Therian, M|42/100 brn
|-ability|p1a: Chocolate|Intimidate|boost
|-unboost|p2a: Landorus|atk|1
|move|p2a: Landorus|U-turn|p1a: Chocolate
|-resisted|p1a: Chocolate
|-damage|p1a: Chocolate|32/100 brn
|
|t:|1779607374
|switch|p2a: Weavile|Weavile, M|34/100|[from] U-turn
|-ability|p2a: Weavile|Pressure
|
|-damage|p1a: Chocolate|27/100 brn|[from] brn
|upkeep
|turn|27
|
|t:|1779607382
|move|p2a: Weavile|Knock Off|p1a: Chocolate
|-damage|p1a: Chocolate|0 fnt
|-enditem|p1a: Chocolate|Heavy-Duty Boots|[from] move: Knock Off|[of] p2a: Weavile
|faint|p1a: Chocolate
|
|upkeep
|
|t:|1779607386
|switch|p1a: Almogávar|Scizor, M|11/100
|turn|28
|
|t:|1779607396
|switch|p2a: Raging Bolt|Raging Bolt|74/100
|-terastallize|p1a: Almogávar|Steel
|move|p1a: Almogávar|Bullet Punch|p2a: Raging Bolt
|-resisted|p2a: Raging Bolt
|-damage|p2a: Raging Bolt|55/100
|
|upkeep
|turn|29
|
|t:|1779607406
|switch|p1a: The G.O.A.T.|Sylveon, F, shiny|84/100 brn
|move|p2a: Raging Bolt|Volt Switch|p1a: The G.O.A.T.
|-damage|p1a: The G.O.A.T.|50/100 brn
|
|t:|1779607409
|-end|p2a: Raging Bolt|Protosynthesis|[silent]
|switch|p2a: Landorus|Landorus-Therian, M|39/100|[from] Volt Switch
|-ability|p2a: Landorus|Intimidate|boost
|-unboost|p1a: The G.O.A.T.|atk|1
|
|-heal|p1a: The G.O.A.T.|56/100 brn|[from] item: Leftovers
|-damage|p1a: The G.O.A.T.|50/100 brn|[from] brn
|upkeep
|turn|30
|
|t:|1779607415
|move|p2a: Landorus|Earthquake|p1a: The G.O.A.T.
|-damage|p1a: The G.O.A.T.|0 fnt
|faint|p1a: The G.O.A.T.
|
|upkeep
|
|t:|1779607418
|switch|p1a: Toxica|Toxapex, F, shiny|100/100
|turn|31
|
|t:|1779607425
|move|p2a: Landorus|Earthquake|p1a: Toxica
|-supereffective|p1a: Toxica
|-damage|p1a: Toxica|27/100
|move|p1a: Toxica|Chilling Water|p2a: Landorus
|-supereffective|p2a: Landorus
|-damage|p2a: Landorus|25/100
|-unboost|p2a: Landorus|atk|1
|
|-heal|p1a: Toxica|34/100|[from] item: Black Sludge
|upkeep
|turn|32
|
|t:|1779607441
|move|p2a: Landorus|Earthquake|p1a: Toxica
|-supereffective|p1a: Toxica
|-damage|p1a: Toxica|0 fnt
|faint|p1a: Toxica
|
|upkeep
|
|t:|1779607443
|switch|p1a: Almogávar|Scizor, M, tera:Steel|11/100
|turn|33
|
|t:|1779607457
|move|p1a: Almogávar|Bullet Punch|p2a: Landorus
|-damage|p2a: Landorus|0 fnt
|faint|p2a: Landorus
|
|upkeep
|
|t:|1779607460
|switch|p2a: Weavile|Weavile, M|34/100
|-ability|p2a: Weavile|Pressure
|turn|34
|
|t:|1779607467
|-terastallize|p2a: Weavile|Ice
|move|p2a: Weavile|Ice Shard|p1a: Almogávar
|-resisted|p1a: Almogávar
|-damage|p1a: Almogávar|0 fnt
|faint|p1a: Almogávar
|
|win|LSWilson
|raw|MBlas2002's rating: 1398 &rarr; <strong>1378</strong><br />(-20 for losing)
|raw|LSWilson's rating: 1404 &rarr; <strong>1424</strong><br />(+20 for winning)
|l|☆LSWilson
|player|p2|
|l|☆MBlas2002
|player|p1|
