|j|☆kopv
|j|☆kanitanku
|t:|1779575621
|gametype|singles
|player|p1|kopv|bugcatcher-gen4dp|1436
|player|p2|kanitanku|170|1471
|gen|9
|tier|[Gen 9] OU
|rated|
|rule|HP Percentage Mod: HP is shown in percentages
|rule|Endless Battle Clause: Forcing endless battles is banned
|rule|Species Clause: Limit one of each Pokémon
|rule|OHKO Clause: OHKO moves are banned
|rule|Evasion Items Clause: Evasion items are banned
|rule|Evasion Moves Clause: Evasion moves are banned
|rule|Evasion Abilities Clause: Evasion abilities are banned
|rule|Sleep Moves Clause: Sleep-inducing moves are banned
|clearpoke
|poke|p1|Pelipper, M|
|poke|p1|Barraskewda, M|
|poke|p1|Iron Treads|
|poke|p1|Bruxish, M|
|poke|p1|Raging Bolt|
|poke|p1|Enamorus, F|
|poke|p2|Torkoal, M|
|poke|p2|Hatterene, F|
|poke|p2|Porygon2|
|poke|p2|Ursaluna, F|
|poke|p2|Iron Hands|
|poke|p2|Brute Bonnet|
|teampreview
|
|t:|1779575635
|teamsize|p1|6
|teamsize|p2|6
|start
|switch|p1a: Pelipper|Pelipper, M|100/100
|switch|p2a: Hatterene|Hatterene, F|100/100
|-weather|RainDance|[from] ability: Drizzle|[of] p1a: Pelipper
|turn|1
|
|t:|1779575641
|move|p1a: Pelipper|U-turn|p2a: Hatterene
|-damage|p2a: Hatterene|93/100
|
|t:|1779575651
|switch|p1a: Iron Treads|Iron Treads|100/100|[from] U-turn
|move|p2a: Hatterene|Trick Room|p2a: Hatterene
|-fieldstart|move: Trick Room|[of] p2a: Hatterene
|
|-weather|RainDance|[upkeep]
|upkeep
|turn|2
|
|t:|1779575657
|switch|p2a: Ursaluna|Ursaluna, F|100/100
|move|p1a: Iron Treads|Stealth Rock|p2a: Ursaluna
|-sidestart|p2: kanitanku|move: Stealth Rock
|
|-weather|RainDance|[upkeep]
|-status|p2a: Ursaluna|brn|[from] item: Flame Orb
|upkeep
|turn|3
|inactive|Battle timer is ON: inactive players will automatically lose when time's up. (requested by kanitanku)
|
|t:|1779575700
|move|p2a: Ursaluna|Headlong Rush|p1a: Iron Treads
|-supereffective|p1a: Iron Treads
|-damage|p1a: Iron Treads|0 fnt
|-unboost|p2a: Ursaluna|def|1
|-unboost|p2a: Ursaluna|spd|1
|faint|p1a: Iron Treads
|-end|p1a: Iron Treads|Quark Drive|[silent]
|
|-weather|RainDance|[upkeep]
|-damage|p2a: Ursaluna|94/100 brn|[from] brn
|upkeep
|
|t:|1779575706
|switch|p1a: 'Ello gov'na|Bruxish, M|100/100
|turn|4
|
|t:|1779575718
|switch|p2a: Brute Bonnet|Brute Bonnet|100/100
|-damage|p2a: Brute Bonnet|88/100|[from] Stealth Rock
|-terastallize|p1a: 'Ello gov'na|Water
|move|p1a: 'Ello gov'na|Aqua Jet|p2a: Brute Bonnet
|-resisted|p2a: Brute Bonnet
|-damage|p2a: Brute Bonnet|65/100
|
|-weather|RainDance|[upkeep]
|upkeep
|turn|5
|
|t:|1779575726
|switch|p1a: Enamorus|Enamorus, F|100/100
|move|p2a: Brute Bonnet|Crunch|p1a: Enamorus
|-resisted|p1a: Enamorus
|-damage|p1a: Enamorus|57/100
|-damage|p2a: Brute Bonnet|55/100|[from] item: Life Orb
|
|-weather|RainDance|[upkeep]
|-fieldend|move: Trick Room
|upkeep
|turn|6
|
|t:|1779575743
|-end|p2a: Brute Bonnet|Protosynthesis|[silent]
|switch|p2a: Porygon2|Porygon2|100/100
|-damage|p2a: Porygon2|88/100|[from] Stealth Rock
|-ability|p2a: Porygon2|Download|boost
|-boost|p2a: Porygon2|atk|1
|move|p1a: Enamorus|Moonblast|p2a: Porygon2
|-damage|p2a: Porygon2|53/100
|
|-weather|RainDance|[upkeep]
|upkeep
|turn|7
|
|t:|1779575753
|switch|p1a: Raging Bolt|Raging Bolt|100/100
|move|p2a: Porygon2|Trick Room|p2a: Porygon2
|-fieldstart|move: Trick Room|[of] p2a: Porygon2
|
|-weather|RainDance|[upkeep]
|upkeep
|turn|8
|
|t:|1779575759
|move|p2a: Porygon2|Ice Beam|p1a: Raging Bolt
|-supereffective|p1a: Raging Bolt
|-damage|p1a: Raging Bolt|43/100
|move|p1a: Raging Bolt|Weather Ball|p2a: Porygon2
|-damage|p2a: Porygon2|12/100
|
|-weather|none
|-heal|p1a: Raging Bolt|49/100|[from] item: Leftovers
|upkeep
|turn|9
|
|t:|1779575769
|move|p2a: Porygon2|Thunderbolt|p1a: Raging Bolt
|-resisted|p1a: Raging Bolt
|-damage|p1a: Raging Bolt|42/100
|move|p1a: Raging Bolt|Thunder|p2a: Porygon2
|-damage|p2a: Porygon2|0 fnt
|faint|p2a: Porygon2
|
|-heal|p1a: Raging Bolt|48/100|[from] item: Leftovers
|upkeep
|
|t:|1779575780
|switch|p2a: Brute Bonnet|Brute Bonnet|55/100
|-damage|p2a: Brute Bonnet|43/100|[from] Stealth Rock
|turn|10
|
|t:|1779575800
|-end|p1a: Raging Bolt|Protosynthesis|[silent]
|switch|p1a: Pelipper|Pelipper, M|100/100
|-weather|RainDance|[from] ability: Drizzle|[of] p1a: Pelipper
|move|p2a: Brute Bonnet|Crunch|p1a: Pelipper
|-damage|p1a: Pelipper|54/100
|-damage|p2a: Brute Bonnet|33/100|[from] item: Life Orb
|
|-weather|RainDance|[upkeep]
|upkeep
|turn|11
|
|t:|1779575821
|move|p2a: Brute Bonnet|Crunch|p1a: Pelipper
|-damage|p1a: Pelipper|9/100
|-damage|p2a: Brute Bonnet|23/100|[from] item: Life Orb
|move|p1a: Pelipper|U-turn|p2a: Brute Bonnet
|-supereffective|p2a: Brute Bonnet
|-damage|p2a: Brute Bonnet|0 fnt
|faint|p2a: Brute Bonnet
|-end|p2a: Brute Bonnet|Protosynthesis|[silent]
|
|t:|1779575830
|switch|p1a: 'Ello gov'na|Bruxish, M, tera:Water|100/100|[from] U-turn
|
|-weather|RainDance|[upkeep]
|-fieldend|move: Trick Room
|upkeep
|
|t:|1779575842
|switch|p2a: Hatterene|Hatterene, F|93/100
|-damage|p2a: Hatterene|81/100|[from] Stealth Rock
|turn|12
|
|t:|1779575847
|-terastallize|p2a: Hatterene|Water
|move|p1a: 'Ello gov'na|Wave Crash|p2a: Hatterene
|-resisted|p2a: Hatterene
|-damage|p2a: Hatterene|13/100
|-damage|p1a: 'Ello gov'na|75/100|[from] Recoil
|move|p2a: Hatterene|Trick Room|p2a: Hatterene
|-fieldstart|move: Trick Room|[of] p2a: Hatterene
|
|-weather|RainDance|[upkeep]
|upkeep
|turn|13
|
|t:|1779575862
|switch|p1a: Raging Bolt|Raging Bolt|48/100
|move|p2a: Hatterene|Psychic|p1a: Raging Bolt
|-damage|p1a: Raging Bolt|10/100
|
|-weather|RainDance|[upkeep]
|-heal|p1a: Raging Bolt|17/100|[from] item: Leftovers
|upkeep
|turn|14
|
|t:|1779575874
|move|p1a: Raging Bolt|Weather Ball|p2a: Hatterene
|-resisted|p2a: Hatterene
|-damage|p2a: Hatterene|0 fnt
|faint|p2a: Hatterene
|
|-weather|RainDance|[upkeep]
|-heal|p1a: Raging Bolt|23/100|[from] item: Leftovers
|upkeep
|
|t:|1779575878
|switch|p2a: Ursaluna|Ursaluna, F|94/100 brn
|-damage|p2a: Ursaluna|88/100 brn|[from] Stealth Rock
|turn|15
|
|t:|1779575890
|move|p2a: Ursaluna|Facade|p1a: Raging Bolt
|-damage|p1a: Raging Bolt|0 fnt
|faint|p1a: Raging Bolt
|-end|p1a: Raging Bolt|Protosynthesis|[silent]
|
|-weather|RainDance|[upkeep]
|-damage|p2a: Ursaluna|82/100 brn|[from] brn
|upkeep
|
|t:|1779575899
|switch|p1a: Barraskewda|Barraskewda, M|100/100
|turn|16
|
|t:|1779575906
|move|p2a: Ursaluna|Facade|p1a: Barraskewda
|-damage|p1a: Barraskewda|0 fnt
|faint|p1a: Barraskewda
|
|-weather|RainDance|[upkeep]
|-damage|p2a: Ursaluna|76/100 brn|[from] brn
|-fieldend|move: Trick Room
|upkeep
|
|t:|1779575908
|switch|p1a: 'Ello gov'na|Bruxish, M, tera:Water|75/100
|turn|17
|
|t:|1779575922
|move|p1a: 'Ello gov'na|Flip Turn|p2a: Ursaluna
|-supereffective|p2a: Ursaluna
|-damage|p2a: Ursaluna|0 fnt
|faint|p2a: Ursaluna
|
|t:|1779575926
|switch|p1a: Enamorus|Enamorus, F|57/100|[from] Flip Turn
|
|-weather|none
|upkeep
|
|t:|1779575941
|switch|p2a: Torkoal|Torkoal, M|100/100
|-damage|p2a: Torkoal|75/100|[from] Stealth Rock
|-weather|SunnyDay|[from] ability: Drought|[of] p2a: Torkoal
|turn|18
|
|t:|1779575946
|move|p1a: Enamorus|Earth Power|p2a: Torkoal
|-supereffective|p2a: Torkoal
|-damage|p2a: Torkoal|0 fnt
|faint|p2a: Torkoal
|
|-weather|SunnyDay|[upkeep]
|upkeep
|
|t:|1779575948
|switch|p2a: Iron Hands|Iron Hands|100/100
|-damage|p2a: Iron Hands|94/100|[from] Stealth Rock
|-enditem|p2a: Iron Hands|Booster Energy
|-activate|p2a: Iron Hands|ability: Quark Drive|[fromitem]
|-start|p2a: Iron Hands|quarkdriveatk
|turn|19
|
|t:|1779575958
|move|p1a: Enamorus|Earth Power|p2a: Iron Hands
|-supereffective|p2a: Iron Hands
|-damage|p2a: Iron Hands|31/100
|-unboost|p2a: Iron Hands|spd|1
|move|p2a: Iron Hands|Thunder Punch|p1a: Enamorus
|-supereffective|p1a: Enamorus
|-damage|p1a: Enamorus|0 fnt
|faint|p1a: Enamorus
|
|-weather|SunnyDay|[upkeep]
|upkeep
|
|t:|1779575962
|switch|p1a: Pelipper|Pelipper, M|9/100
|-weather|RainDance|[from] ability: Drizzle|[of] p1a: Pelipper
|turn|20
|
|t:|1779575969
|move|p1a: Pelipper|U-turn|p2a: Iron Hands
|-resisted|p2a: Iron Hands
|-damage|p2a: Iron Hands|28/100
|
|t:|1779575973
|switch|p1a: 'Ello gov'na|Bruxish, M, tera:Water|75/100|[from] U-turn
|move|p2a: Iron Hands|Thunder Punch|p1a: 'Ello gov'na
|-supereffective|p1a: 'Ello gov'na
|-damage|p1a: 'Ello gov'na|0 fnt
|faint|p1a: 'Ello gov'na
|
|-weather|RainDance|[upkeep]
|upkeep
|
|t:|1779575978
|switch|p1a: Pelipper|Pelipper, M|9/100
|turn|21
|
|t:|1779575980
|move|p1a: Pelipper|Hurricane|p2a: Iron Hands
|-damage|p2a: Iron Hands|0 fnt
|faint|p2a: Iron Hands
|-end|p2a: Iron Hands|Quark Drive|[silent]
|
|win|kopv
|raw|kopv's rating: 1436 &rarr; <strong>1458</strong><br />(+22 for winning)
|raw|kanitanku's rating: 1471 &rarr; <strong>1449</strong><br />(-22 for losing)
|l|☆kanitanku
|player|p2|
|l|☆kopv
|player|p1|
