|inactive|Battle timer is ON: inactive players will automatically lose when time's up.
|t:|1779649784
|gametype|singles
|player|p1|j0natthan|miku-psychic|
|player|p2|Skirk|lady|
|gen|9
|tier|[Gen 9] OU
|rule|HP Percentage Mod: HP is shown in percentages
|rule|Endless Battle Clause: Forcing endless battles is banned
|rule|Species Clause: Limit one of each Pokémon
|rule|OHKO Clause: OHKO moves are banned
|rule|Evasion Items Clause: Evasion items are banned
|rule|Evasion Moves Clause: Evasion moves are banned
|rule|Evasion Abilities Clause: Evasion abilities are banned
|rule|Sleep Moves Clause: Sleep-inducing moves are banned
|clearpoke
|poke|p1|Basculegion, M|
|poke|p1|Scizor, M|
|poke|p1|Raging Bolt|
|poke|p1|Pelipper, M|
|poke|p1|Iron Treads|
|poke|p1|Samurott-Hisui, M|
|poke|p2|Ceruledge, F|
|poke|p2|Dragonite, M|
|poke|p2|Glimmora, F|
|poke|p2|Enamorus, F|
|poke|p2|Kingambit, F|
|poke|p2|Zamazenta-*|
|teampreview
|c|☆j0natthan|Hf
|c|☆Skirk|hf
|inactive|Skirk has 270 seconds left.
|inactive|Skirk has 240 seconds left.
|
|t:|1779649866
|teamsize|p1|6
|teamsize|p2|6
|start
|switch|p1a: Iron Treads|Iron Treads|100/100
|switch|p2a: Glimmora|Glimmora, F|100/100
|turn|1
|
|t:|1779649877
|-terastallize|p2a: Glimmora|Ghost
|move|p1a: Iron Treads|Steel Beam|p2a: Glimmora
|-damage|p2a: Glimmora|29/100
|-damage|p1a: Iron Treads|50/100|[from] steelbeam
|-enditem|p2a: Glimmora|Red Card|[of] p1a: Iron Treads
|-end|p1a: Iron Treads|Quark Drive|[silent]
|drag|p1a: Pelipper|Pelipper, M|100/100
|-weather|RainDance|[from] ability: Drizzle|[of] p1a: Pelipper
|move|p2a: Glimmora|Stealth Rock|p1a: Pelipper
|-sidestart|p1: j0natthan|move: Stealth Rock
|
|-weather|RainDance|[upkeep]
|upkeep
|turn|2
|inactive|Skirk has 270 seconds left.
|
|t:|1779649907
|switch|p1a: Iron Treads|Iron Treads|50/100
|-damage|p1a: Iron Treads|47/100|[from] Stealth Rock
|move|p2a: Glimmora|Spikes|p1a: Iron Treads
|-sidestart|p1: j0natthan|Spikes
|
|-weather|RainDance|[upkeep]
|upkeep
|turn|3
|inactive|Skirk has 270 seconds left.
|inactive|Skirk has 240 seconds left.
|
|t:|1779649960
|switch|p2a: Enamorus|Enamorus, F|100/100
|move|p1a: Iron Treads|Stealth Rock|p2a: Enamorus
|-sidestart|p2: Skirk|move: Stealth Rock
|
|-weather|RainDance|[upkeep]
|upkeep
|turn|4
|inactive|Skirk has 210 seconds left.
|
|t:|1779649992
|move|p2a: Enamorus|Healing Wish|p2a: Enamorus
|faint|p2a: Enamorus
|move|p1a: Iron Treads|Thunder|p2: Enamorus|[notarget]
|-fail|p1a: Iron Treads
|
|-weather|RainDance|[upkeep]
|upkeep
|
|t:|1779650002
|switch|p2a: Zamazenta|Zamazenta|100/100
|-damage|p2a: Zamazenta|94/100|[from] Stealth Rock
|-ability|p2a: Zamazenta|Dauntless Shield|boost
|-boost|p2a: Zamazenta|def|1
|turn|5
|
|t:|1779650008
|move|p2a: Zamazenta|Close Combat|p1a: Iron Treads
|-supereffective|p1a: Iron Treads
|-damage|p1a: Iron Treads|0 fnt
|-unboost|p2a: Zamazenta|def|1
|-unboost|p2a: Zamazenta|spd|1
|faint|p1a: Iron Treads
|-end|p1a: Iron Treads|Quark Drive|[silent]
|
|-weather|RainDance|[upkeep]
|upkeep
|
|t:|1779650014
|switch|p1a: Basculegion|Basculegion, M|100/100
|-damage|p1a: Basculegion|88/100|[from] Stealth Rock
|-damage|p1a: Basculegion|76/100|[from] Spikes
|turn|6
|
|t:|1779650023
|move|p1a: Basculegion|Flip Turn|p2a: Zamazenta
|-damage|p2a: Zamazenta|43/100
|
|t:|1779650026
|switch|p1a: Pelipper|Pelipper, M|100/100|[from] Flip Turn
|-damage|p1a: Pelipper|76/100|[from] Stealth Rock
|move|p2a: Zamazenta|Reflect|p2a: Zamazenta
|-sidestart|p2: Skirk|Reflect
|
|-weather|RainDance|[upkeep]
|upkeep
|turn|7
|
|t:|1779650033
|move|p2a: Zamazenta|Light Screen|p2a: Zamazenta
|-sidestart|p2: Skirk|move: Light Screen
|move|p1a: Pelipper|Hurricane|p2a: Zamazenta
|-supereffective|p2a: Zamazenta
|-damage|p2a: Zamazenta|0 fnt
|faint|p2a: Zamazenta
|
|-weather|RainDance|[upkeep]
|upkeep
|inactive|Skirk has 210 seconds left.
|
|t:|1779650080
|switch|p2a: Kingambit|Kingambit, F|100/100
|-damage|p2a: Kingambit|94/100|[from] Stealth Rock
|-activate|p2a: Kingambit|ability: Supreme Overlord
|-start|p2a: Kingambit|fallen2|[silent]
|turn|8
|
|t:|1779650087
|move|p2a: Kingambit|Swords Dance|p2a: Kingambit
|-boost|p2a: Kingambit|atk|2
|move|p1a: Pelipper|Knock Off|p2a: Kingambit
|-resisted|p2a: Kingambit
|-damage|p2a: Kingambit|91/100
|-enditem|p2a: Kingambit|Black Glasses|[from] move: Knock Off|[of] p1a: Pelipper
|
|-weather|none
|upkeep
|turn|9
|
|t:|1779650098
|move|p2a: Kingambit|Kowtow Cleave|p1a: Pelipper
|-damage|p1a: Pelipper|0 fnt
|faint|p1a: Pelipper
|
|upkeep
|inactive|j0natthan has 270 seconds left.
|
|t:|1779650128
|switch|p1a: Samurott|Samurott-Hisui, M|100/100
|-damage|p1a: Samurott|88/100|[from] Stealth Rock
|-damage|p1a: Samurott|76/100|[from] Spikes
|turn|10
|
|t:|1779650138
|move|p1a: Samurott|Aqua Cutter|p2a: Kingambit
|-damage|p2a: Kingambit|57/100
|move|p2a: Kingambit|Kowtow Cleave|p1a: Samurott
|-resisted|p1a: Samurott
|-damage|p1a: Samurott|0 fnt
|faint|p1a: Samurott
|
|upkeep
|
|t:|1779650145
|switch|p1a: Scizor|Scizor, M|100/100
|-damage|p1a: Scizor|88/100|[from] Stealth Rock
|-damage|p1a: Scizor|76/100|[from] Spikes
|turn|11
|inactive|Skirk has 210 seconds left.
|
|t:|1779650164
|move|p2a: Kingambit|Sucker Punch|p1a: Scizor
|-damage|p1a: Scizor|0 fnt
|faint|p1a: Scizor
|
|upkeep
|
|t:|1779650166
|switch|p1a: Raging Bolt|Raging Bolt|100/100
|-damage|p1a: Raging Bolt|88/100|[from] Stealth Rock
|-damage|p1a: Raging Bolt|76/100|[from] Spikes
|turn|12
|
|t:|1779650173
|move|p1a: Raging Bolt|Volt Switch|p2a: Kingambit
|-damage|p2a: Kingambit|23/100
|
|t:|1779650176
|-end|p1a: Raging Bolt|Protosynthesis|[silent]
|switch|p1a: Basculegion|Basculegion, M|76/100|[from] Volt Switch
|-damage|p1a: Basculegion|63/100|[from] Stealth Rock
|-damage|p1a: Basculegion|51/100|[from] Spikes
|move|p2a: Kingambit|Kowtow Cleave|p1a: Basculegion
|-supereffective|p1a: Basculegion
|-damage|p1a: Basculegion|0 fnt
|faint|p1a: Basculegion
|
|upkeep
|c|☆j0natthan|gg 
|
|t:|1779650180
|switch|p1a: Raging Bolt|Raging Bolt|76/100
|-damage|p1a: Raging Bolt|64/100|[from] Stealth Rock
|-damage|p1a: Raging Bolt|51/100|[from] Spikes
|turn|13
|c|☆Skirk|gg
|
|t:|1779650187
|move|p2a: Kingambit|Sucker Punch|p1a: Raging Bolt
|-damage|p1a: Raging Bolt|0 fnt
|faint|p1a: Raging Bolt
|-end|p1a: Raging Bolt|Protosynthesis|[silent]
|
|win|Skirk
