|j|☆cheeseguy43
|j|☆YoSoyDelBronx
|t:|1779629868
|gametype|singles
|player|p1|cheeseguy43|cynthia-gen4|1368
|player|p2|YoSoyDelBronx|noland|1296
|gen|9
|tier|[Gen 9] OU
|rated|
|rule|HP Percentage Mod: HP is shown in percentages
|rule|Endless Battle Clause: Forcing endless battles is banned
|rule|Species Clause: Limit one of each Pokémon
|rule|OHKO Clause: OHKO moves are banned
|rule|Evasion Items Clause: Evasion items are banned
|rule|Evasion Moves Clause: Evasion moves are banned
|rule|Evasion Abilities Clause: Evasion abilities are banned
|rule|Sleep Moves Clause: Sleep-inducing moves are banned
|clearpoke
|poke|p1|Clodsire, F|
|poke|p1|Toxapex, M|
|poke|p1|Corviknight, F|
|poke|p1|Dondozo, M|
|poke|p1|Clefable, F|
|poke|p1|Gliscor, M|
|poke|p2|Ninetales, F|
|poke|p2|Venusaur, M|
|poke|p2|Emboar, F|
|poke|p2|Walking Wake|
|poke|p2|Scream Tail|
|poke|p2|Great Tusk|
|teampreview
|inactive|Battle timer is ON: inactive players will automatically lose when time's up. (requested by cheeseguy43)
|
|t:|1779629873
|teamsize|p1|6
|teamsize|p2|6
|start
|switch|p1a: nothing new there|Gliscor, M|100/100
|switch|p2a: Scream Tail|Scream Tail|100/100
|-enditem|p2a: Scream Tail|Booster Energy
|-activate|p2a: Scream Tail|ability: Protosynthesis|[fromitem]
|-start|p2a: Scream Tail|protosynthesisspe
|turn|1
|
|t:|1779629876
|move|p2a: Scream Tail|Calm Mind|p2a: Scream Tail
|-boost|p2a: Scream Tail|spa|1
|-boost|p2a: Scream Tail|spd|1
|move|p1a: nothing new there|Toxic|p2a: Scream Tail
|-status|p2a: Scream Tail|tox
|
|-damage|p2a: Scream Tail|94/100 tox|[from] psn
|-status|p1a: nothing new there|tox|[from] item: Toxic Orb
|upkeep
|turn|2
|
|t:|1779629885
|switch|p1a: did you calc that?|Clodsire, F|100/100
|move|p2a: Scream Tail|Psychic Noise|p1a: did you calc that?
|-supereffective|p1a: did you calc that?
|-damage|p1a: did you calc that?|72/100
|-start|p1a: did you calc that?|move: Heal Block
|
|-damage|p2a: Scream Tail|82/100 tox|[from] psn
|upkeep
|turn|3
|
|t:|1779629890
|move|p2a: Scream Tail|Psychic Noise|p1a: did you calc that?
|-supereffective|p1a: did you calc that?
|-damage|p1a: did you calc that?|47/100
|move|p1a: did you calc that?|Poison Jab|p2a: Scream Tail
|-supereffective|p2a: Scream Tail
|-damage|p2a: Scream Tail|45/100 tox
|
|-damage|p2a: Scream Tail|26/100 tox|[from] psn
|-end|p1a: did you calc that?|move: Heal Block
|upkeep
|turn|4
|
|t:|1779629911
|-end|p2a: Scream Tail|Protosynthesis|[silent]
|switch|p2a: Emboar|Emboar, F|100/100
|switch|p1a: per my last turn|Corviknight, F|100/100
|-ability|p1a: per my last turn|Pressure
|
|upkeep
|turn|5
|
|t:|1779629921
|switch|p1a: keep trying|Dondozo, M|100/100
|move|p2a: Emboar|Wild Charge|p1a: keep trying
|-supereffective|p1a: keep trying
|-damage|p1a: keep trying|73/100
|-damage|p2a: Emboar|92/100|[from] Recoil
|
|-heal|p1a: keep trying|79/100|[from] item: Leftovers
|upkeep
|turn|6
|
|t:|1779629928
|move|p2a: Emboar|Wild Charge|p1a: keep trying
|-supereffective|p1a: keep trying
|-damage|p1a: keep trying|54/100
|-damage|p2a: Emboar|85/100|[from] Recoil
|move|p1a: keep trying|Waterfall|p2a: Emboar
|-supereffective|p2a: Emboar
|-damage|p2a: Emboar|18/100
|
|-heal|p1a: keep trying|60/100|[from] item: Leftovers
|upkeep
|turn|7
|
|t:|1779629937
|move|p2a: Emboar|Wild Charge|p1a: keep trying
|-supereffective|p1a: keep trying
|-crit|p1a: keep trying
|-damage|p1a: keep trying|21/100
|-damage|p2a: Emboar|6/100|[from] Recoil
|move|p1a: keep trying|Curse|p1a: keep trying
|-unboost|p1a: keep trying|spe|1
|-boost|p1a: keep trying|atk|1
|-boost|p1a: keep trying|def|1
|
|-heal|p1a: keep trying|27/100|[from] item: Leftovers
|upkeep
|turn|8
|
|t:|1779629941
|move|p2a: Emboar|Wild Charge|p1a: keep trying
|-supereffective|p1a: keep trying
|-damage|p1a: keep trying|10/100
|-damage|p2a: Emboar|1/100|[from] Recoil
|move|p1a: keep trying|Waterfall|p2a: Emboar
|-supereffective|p2a: Emboar
|-damage|p2a: Emboar|0 fnt
|faint|p2a: Emboar
|
|-heal|p1a: keep trying|16/100|[from] item: Leftovers
|upkeep
|
|t:|1779629950
|switch|p2a: Venusaur|Venusaur, M|100/100
|turn|9
|
|t:|1779629953
|move|p2a: Venusaur|Giga Drain|p1a: keep trying
|-supereffective|p1a: keep trying
|-damage|p1a: keep trying|0 fnt
|faint|p1a: keep trying
|-damage|p2a: Venusaur|91/100|[from] item: Life Orb
|
|upkeep
|
|t:|1779629958
|switch|p1a: per my last turn|Corviknight, F|100/100
|-ability|p1a: per my last turn|Pressure
|turn|10
|
|t:|1779629962
|switch|p2a: Scream Tail|Scream Tail|26/100 tox
|move|p1a: per my last turn|Brave Bird|p2a: Scream Tail
|-damage|p2a: Scream Tail|0 fnt
|faint|p2a: Scream Tail
|-end|p2a: Scream Tail|Protosynthesis|[silent]
|-damage|p1a: per my last turn|92/100|[from] Recoil
|
|-heal|p1a: per my last turn|98/100|[from] item: Leftovers
|upkeep
|
|t:|1779629966
|switch|p2a: Ninetales|Ninetales, F|100/100
|-weather|SunnyDay|[from] ability: Drought|[of] p2a: Ninetales
|turn|11
|
|t:|1779629973
|switch|p1a: take your time|Toxapex, M|100/100
|move|p2a: Ninetales|Will-O-Wisp|p1a: take your time
|-status|p1a: take your time|brn
|
|-weather|SunnyDay|[upkeep]
|-damage|p1a: take your time|94/100 brn|[from] brn
|upkeep
|turn|12
|
|t:|1779629979
|switch|p2a: Venusaur|Venusaur, M|91/100
|move|p1a: take your time|Infestation|p2a: Venusaur
|-damage|p2a: Venusaur|88/100
|-activate|p2a: Venusaur|move: Infestation|[of] p1a: take your time
|
|-weather|SunnyDay|[upkeep]
|-heal|p1a: take your time|100/100 brn|[from] item: Leftovers
|-damage|p1a: take your time|94/100 brn|[from] brn
|-damage|p2a: Venusaur|75/100|[from] move: Infestation|[partiallytrapped]
|upkeep
|turn|13
|
|t:|1779629984
|move|p1a: take your time|Baneful Bunker|p1a: take your time
|-singleturn|p1a: take your time|move: Protect
|move|p2a: Venusaur|Growth|p2a: Venusaur
|-boost|p2a: Venusaur|atk|2
|-boost|p2a: Venusaur|spa|2
|
|-weather|SunnyDay|[upkeep]
|-heal|p1a: take your time|100/100 brn|[from] item: Leftovers
|-damage|p1a: take your time|94/100 brn|[from] brn
|-damage|p2a: Venusaur|63/100|[from] move: Infestation|[partiallytrapped]
|upkeep
|turn|14
|
|t:|1779629988
|move|p2a: Venusaur|Giga Drain|p1a: take your time
|-damage|p1a: take your time|25/100 brn
|-heal|p2a: Venusaur|98/100|[from] drain|[of] p1a: take your time
|-damage|p2a: Venusaur|88/100|[from] item: Life Orb
|move|p1a: take your time|Poison Jab|p2a: Venusaur
|-damage|p2a: Venusaur|76/100
|
|-weather|SunnyDay|[upkeep]
|-heal|p1a: take your time|31/100 brn|[from] item: Leftovers
|-damage|p1a: take your time|25/100 brn|[from] brn
|-damage|p2a: Venusaur|64/100|[from] move: Infestation|[partiallytrapped]
|upkeep
|turn|15
|
|t:|1779629997
|switch|p1a: per my last turn|Corviknight, F|98/100
|-ability|p1a: per my last turn|Pressure
|move|p2a: Venusaur|Growth|p2a: Venusaur
|-boost|p2a: Venusaur|atk|2
|-boost|p2a: Venusaur|spa|2
|
|-weather|SunnyDay|[upkeep]
|-heal|p1a: per my last turn|100/100|[from] item: Leftovers
|-end|p2a: Venusaur|Infestation|[partiallytrapped]|[silent]
|upkeep
|turn|16
|
|t:|1779630003
|move|p2a: Venusaur|Weather Ball|p1a: per my last turn
|-supereffective|p1a: per my last turn
|-crit|p1a: per my last turn
|-damage|p1a: per my last turn|0 fnt
|faint|p1a: per my last turn
|-damage|p2a: Venusaur|54/100|[from] item: Life Orb
|
|-weather|SunnyDay|[upkeep]
|upkeep
|
|t:|1779630024
|switch|p1a: did you calc that?|Clodsire, F|47/100
|turn|17
|
|t:|1779630027
|switch|p1a: nothing new there|Gliscor, M|100/100 tox
|move|p2a: Venusaur|Giga Drain|p1a: nothing new there
|-damage|p1a: nothing new there|0 fnt
|-heal|p2a: Venusaur|100/100|[from] drain|[of] p1a: nothing new there
|faint|p1a: nothing new there
|-damage|p2a: Venusaur|91/100|[from] item: Life Orb
|
|-weather|SunnyDay|[upkeep]
|upkeep
|c|☆YoSoyDelBronx|XD
|
|t:|1779630036
|switch|p1a: love this for you|Clefable, F|100/100
|turn|18
|
|t:|1779630041
|-terastallize|p1a: love this for you|Water
|move|p2a: Venusaur|Sludge Bomb|p1a: love this for you
|-damage|p1a: love this for you|0 fnt
|faint|p1a: love this for you
|-damage|p2a: Venusaur|81/100|[from] item: Life Orb
|
|-weather|none
|upkeep
|-message|cheeseguy43 forfeited.
|
|win|YoSoyDelBronx
|raw|cheeseguy43's rating: 1368 &rarr; <strong>1344</strong><br />(-24 for losing)
|raw|YoSoyDelBronx's rating: 1296 &rarr; <strong>1326</strong><br />(+30 for winning)
|l|☆cheeseguy43
|player|p1|
