|j|☆evil inter
|j|☆Brooklyn Cafe
|t:|1779717792
|gametype|singles
|player|p1|evil inter|leaf-masters2|1354
|player|p2|Brooklyn Cafe|hexmaniac-gen6|1404
|gen|9
|tier|[Gen 9] OU
|rated|
|rule|HP Percentage Mod: HP is shown in percentages
|rule|Endless Battle Clause: Forcing endless battles is banned
|rule|Species Clause: Limit one of each Pokémon
|rule|OHKO Clause: OHKO moves are banned
|rule|Evasion Items Clause: Evasion items are banned
|rule|Evasion Moves Clause: Evasion moves are banned
|rule|Evasion Abilities Clause: Evasion abilities are banned
|rule|Sleep Moves Clause: Sleep-inducing moves are banned
|clearpoke
|poke|p1|Jirachi|
|poke|p1|Cinderace, M|
|poke|p1|Gholdengo|
|poke|p1|Zamazenta-*|
|poke|p1|Raging Bolt|
|poke|p1|Ogerpon-Wellspring, F|
|poke|p2|Weezing-Galar, M|
|poke|p2|Ogerpon, F|
|poke|p2|Skarmory, M|
|poke|p2|Alomomola, M|
|poke|p2|Clodsire, M|
|poke|p2|Hydreigon, M|
|teampreview
|inactive|Battle timer is ON: inactive players will automatically lose when time's up. (requested by evil inter)
|inactive|Brooklyn Cafe also wants the timer to be on.
|
|t:|1779717805
|teamsize|p1|6
|teamsize|p2|6
|start
|switch|p1a: Ace|Cinderace, M|100/100
|switch|p2a: Cáncer core|Hydreigon, M, shiny|100/100
|turn|1
|
|t:|1779717813
|move|p1a: Ace|U-turn|p2a: Cáncer core
|-start|p1a: Ace|typechange|Bug|[from] ability: Libero
|-supereffective|p2a: Cáncer core
|-damage|p2a: Cáncer core|33/100
|
|t:|1779717820
|switch|p1a: Nostra|Jirachi, shiny|100/100|[from] U-turn
|move|p2a: Cáncer core|Draco Meteor|p1a: Nostra
|-resisted|p1a: Nostra
|-damage|p1a: Nostra|48/100
|-unboost|p2a: Cáncer core|spa|2
|
|upkeep
|turn|2
|
|t:|1779717829
|switch|p2a: Raptor|Skarmory, M, shiny|100/100
|move|p1a: Nostra|Meteor Beam||[still]
|-prepare|p1a: Nostra|Meteor Beam
|-boost|p1a: Nostra|spa|1
|-enditem|p1a: Nostra|Power Herb
|-anim|p1a: Nostra|Meteor Beam|p2a: Raptor
|-damage|p2a: Raptor|21/100
|
|upkeep
|turn|3
|
|t:|1779717836
|switch|p2a: Pure Nirvana|Clodsire, M, shiny|100/100
|move|p1a: Nostra|Aura Sphere|p2a: Pure Nirvana
|-resisted|p2a: Pure Nirvana
|-crit|p2a: Pure Nirvana
|-damage|p2a: Pure Nirvana|92/100
|
|upkeep
|turn|4
|
|t:|1779717847
|move|p1a: Nostra|Psyshock|p2a: Pure Nirvana
|-supereffective|p2a: Pure Nirvana
|-damage|p2a: Pure Nirvana|17/100
|move|p2a: Pure Nirvana|Earthquake|p1a: Nostra
|-supereffective|p1a: Nostra
|-damage|p1a: Nostra|0 fnt
|faint|p1a: Nostra
|
|upkeep
|
|t:|1779717855
|switch|p1a: Gold|Gholdengo|100/100
|-item|p1a: Gold|Air Balloon
|turn|5
|
|t:|1779717860
|move|p1a: Gold|Shadow Ball|p2a: Pure Nirvana
|-crit|p2a: Pure Nirvana
|-damage|p2a: Pure Nirvana|0 fnt
|faint|p2a: Pure Nirvana
|
|upkeep
|
|t:|1779717864
|switch|p2a: Cáncer core|Hydreigon, M, shiny|33/100
|turn|6
|
|t:|1779717874
|switch|p1a: Za|Zamazenta|100/100
|-ability|p1a: Za|Dauntless Shield|boost
|-boost|p1a: Za|def|1
|move|p2a: Cáncer core|Dark Pulse|p1a: Za
|-resisted|p1a: Za
|-damage|p1a: Za|74/100
|
|upkeep
|turn|7
|
|t:|1779717880
|switch|p2a: Me when 💀💀💀|Weezing-Galar, M, shiny|100/100
|-ability|p2a: Me when 💀💀💀|Neutralizing Gas
|move|p1a: Za|Ice Fang|p2a: Me when 💀💀💀
|-damage|p2a: Me when 💀💀💀|87/100
|
|upkeep
|turn|8
|
|t:|1779717889
|move|p1a: Za|Heavy Slam|p2a: Me when 💀💀💀
|-supereffective|p2a: Me when 💀💀💀
|-damage|p2a: Me when 💀💀💀|32/100
|move|p2a: Me when 💀💀💀|Will-O-Wisp|p1a: Za
|-status|p1a: Za|brn
|
|-damage|p1a: Za|68/100 brn|[from] brn
|upkeep
|turn|9
|
|t:|1779717893
|switch|p1a: Gold|Gholdengo|100/100
|-item|p1a: Gold|Air Balloon
|move|p2a: Me when 💀💀💀|Pain Split|p1a: Gold
|-sethp|p1a: Gold|64/100|[from] move: Pain Split|[silent]
|-sethp|p2a: Me when 💀💀💀|73/100|[from] move: Pain Split
|
|upkeep
|turn|10
|
|t:|1779717897
|-end|p2a: Me when 💀💀💀|ability: Neutralizing Gas
|switch|p2a: Heart|Alomomola, M, shiny|100/100
|move|p1a: Gold|Make It Rain|p2a: Heart
|-resisted|p2a: Heart
|-damage|p2a: Heart|88/100
|-unboost|p1a: Gold|spa|1
|
|upkeep
|turn|11
|
|t:|1779717914
|switch|p2a: Dream|Ogerpon, F|100/100
|move|p1a: Gold|Recover|p1a: Gold
|-heal|p1a: Gold|100/100
|
|upkeep
|turn|12
|
|t:|1779717922
|switch|p1a: Za|Zamazenta|68/100 brn
|move|p2a: Dream|U-turn|p1a: Za
|-resisted|p1a: Za
|-damage|p1a: Za|53/100 brn
|
|t:|1779717932
|switch|p2a: Me when 💀💀💀|Weezing-Galar, M, shiny|73/100|[from] U-turn
|-ability|p2a: Me when 💀💀💀|Neutralizing Gas
|
|-damage|p1a: Za|47/100 brn|[from] brn
|upkeep
|turn|13
|
|t:|1779717935
|move|p1a: Za|Heavy Slam|p2a: Me when 💀💀💀
|-supereffective|p2a: Me when 💀💀💀
|-damage|p2a: Me when 💀💀💀|48/100
|move|p2a: Me when 💀💀💀|Sludge Bomb|p1a: Za
|-damage|p1a: Za|23/100 brn
|
|-damage|p1a: Za|17/100 brn|[from] brn
|upkeep
|turn|14
|
|t:|1779717943
|-end|p2a: Me when 💀💀💀|ability: Neutralizing Gas
|switch|p2a: Raptor|Skarmory, M, shiny|21/100
|move|p1a: Za|Heavy Slam|p2a: Raptor
|-resisted|p2a: Raptor
|-damage|p2a: Raptor|16/100
|-damage|p1a: Za|0 fnt|[from] item: Rocky Helmet|[of] p2a: Raptor
|faint|p1a: Za
|
|upkeep
|
|t:|1779717950
|switch|p1a: Ace|Cinderace, M|100/100
|turn|15
|
|t:|1779717953
|move|p1a: Ace|Pyro Ball|p2a: Raptor
|-supereffective|p2a: Raptor
|-damage|p2a: Raptor|0 fnt
|faint|p2a: Raptor
|
|upkeep
|
|t:|1779717971
|switch|p2a: Me when 💀💀💀|Weezing-Galar, M, shiny|48/100
|-ability|p2a: Me when 💀💀💀|Neutralizing Gas
|turn|16
|
|t:|1779717985
|move|p1a: Ace|Pyro Ball|p2a: Me when 💀💀💀
|-damage|p2a: Me when 💀💀💀|19/100
|move|p2a: Me when 💀💀💀|Pain Split|p1a: Ace
|-sethp|p1a: Ace|59/100|[from] move: Pain Split|[silent]
|-sethp|p2a: Me when 💀💀💀|63/100|[from] move: Pain Split
|
|upkeep
|turn|17
|
|t:|1779717989
|move|p1a: Ace|U-turn|p2a: Me when 💀💀💀
|-resisted|p2a: Me when 💀💀💀
|-damage|p2a: Me when 💀💀💀|60/100
|
|t:|1779717991
|switch|p1a: Gold|Gholdengo|100/100|[from] U-turn
|-item|p1a: Gold|Air Balloon
|move|p2a: Me when 💀💀💀|Sludge Bomb|p1a: Gold
|-immune|p1a: Gold
|
|upkeep
|turn|18
|
|t:|1779717996
|-end|p2a: Me when 💀💀💀|ability: Neutralizing Gas
|switch|p2a: Heart|Alomomola, M, shiny|100/100
|move|p1a: Gold|Nasty Plot|p1a: Gold
|-boost|p1a: Gold|spa|2
|
|upkeep
|turn|19
|
|t:|1779718001
|move|p1a: Gold|Nasty Plot|p1a: Gold
|-boost|p1a: Gold|spa|2
|move|p2a: Heart|Flip Turn|p1a: Gold
|-damage|p1a: Gold|89/100
|-enditem|p1a: Gold|Air Balloon
|
|t:|1779718004
|switch|p2a: Cáncer core|Hydreigon, M, shiny|33/100|[from] Flip Turn
|
|upkeep
|turn|20
|
|t:|1779718007
|-terastallize|p1a: Gold|Fairy
|move|p2a: Cáncer core|Dark Pulse|p1a: Gold
|-resisted|p1a: Gold
|-damage|p1a: Gold|58/100
|move|p1a: Gold|Shadow Ball|p2a: Cáncer core
|-resisted|p2a: Cáncer core
|-damage|p2a: Cáncer core|0 fnt
|faint|p2a: Cáncer core
|
|upkeep
|
|t:|1779718012
|switch|p2a: Dream|Ogerpon, F|100/100
|turn|21
|
|t:|1779718017
|-terastallize|p2a: Dream|Grass
|detailschange|p2a: Dream|Ogerpon-Teal-Tera, F, tera:Grass
|-ability|p2a: Dream|Embody Aspect (Teal)|boost
|-boost|p2a: Dream|spe|1
|move|p2a: Dream|Ivy Cudgel|p1a: Gold
|-crit|p1a: Gold
|-damage|p1a: Gold|0 fnt
|faint|p1a: Gold
|
|upkeep
|
|t:|1779718024
|switch|p1a: Ace|Cinderace, M|59/100
|turn|22
|
|t:|1779718027
|switch|p2a: Me when 💀💀💀|Weezing-Galar, M, shiny|60/100
|-ability|p2a: Me when 💀💀💀|Neutralizing Gas
|move|p1a: Ace|Pyro Ball|p2a: Me when 💀💀💀
|-damage|p2a: Me when 💀💀💀|27/100
|
|upkeep
|turn|23
|
|t:|1779718029
|move|p1a: Ace|Pyro Ball|p2a: Me when 💀💀💀
|-damage|p2a: Me when 💀💀💀|0 fnt
|faint|p2a: Me when 💀💀💀
|-end|p2a: Me when 💀💀💀|ability: Neutralizing Gas
|
|upkeep
|
|t:|1779718032
|switch|p2a: Dream|Ogerpon-Teal-Tera, F, tera:Grass|100/100
|-ability|p2a: Dream|Embody Aspect (Teal)|boost
|-boost|p2a: Dream|spe|1
|turn|24
|
|t:|1779718035
|move|p2a: Dream|Rock Tomb|p1a: Ace
|-supereffective|p1a: Ace
|-damage|p1a: Ace|0 fnt
|faint|p1a: Ace
|
|upkeep
|
|t:|1779718040
|switch|p1a: Bolt|Raging Bolt|100/100
|turn|25
|
|t:|1779718042
|switch|p2a: Heart|Alomomola, M, shiny|100/100
|move|p1a: Bolt|Draco Meteor|p2a: Heart|[miss]
|-miss|p1a: Bolt|p2a: Heart
|
|upkeep
|turn|26
|
|t:|1779718047
|-end|p1a: Bolt|Protosynthesis|[silent]
|switch|p1a: Pon|Ogerpon-Wellspring, F|100/100
|move|p2a: Heart|Mirror Coat||[still]
|-fail|p2a: Heart
|
|upkeep
|turn|27
|
|t:|1779718050
|move|p1a: Pon|Swords Dance|p1a: Pon
|-boost|p1a: Pon|atk|2
|move|p2a: Heart|Play Rough|p1a: Pon
|-damage|p1a: Pon|78/100
|
|upkeep
|turn|28
|
|t:|1779718051
|move|p1a: Pon|Horn Leech|p2a: Heart
|-supereffective|p2a: Heart
|-crit|p2a: Heart
|-damage|p2a: Heart|0 fnt
|-heal|p1a: Pon|100/100|[from] drain|[of] p2a: Heart
|faint|p2a: Heart
|
|upkeep
|
|t:|1779718054
|switch|p2a: Dream|Ogerpon-Teal-Tera, F, tera:Grass|100/100
|-ability|p2a: Dream|Embody Aspect (Teal)|boost
|-boost|p2a: Dream|spe|1
|turn|29
|
|t:|1779718057
|move|p2a: Dream|Ivy Cudgel|p1a: Pon
|-crit|p1a: Pon
|-damage|p1a: Pon|0 fnt
|faint|p1a: Pon
|
|upkeep
|
|t:|1779718061
|switch|p1a: Bolt|Raging Bolt|100/100
|turn|30
|
|t:|1779718062
|move|p2a: Dream|Ivy Cudgel|p1a: Bolt
|-resisted|p1a: Bolt
|-damage|p1a: Bolt|52/100
|move|p1a: Bolt|Draco Meteor|p2a: Dream
|-damage|p2a: Dream|0 fnt
|-unboost|p1a: Bolt|spa|2
|faint|p2a: Dream
|detailschange|p2: Dream|Ogerpon, F|[silent]
|
|win|evil inter
|raw|evil inter's rating: 1354 &rarr; <strong>1377</strong><br />(+23 for winning)
|raw|Brooklyn Cafe's rating: 1404 &rarr; <strong>1381</strong><br />(-23 for losing)
|l|☆evil inter
|player|p1|
