|badge|p1|bronze|gen9ou|100-9
|uhtml|medal-msg|<div class="broadcast-blue">Curious what those medals under the avatar are? PS now has Ladder Seasons! For more information, check out the <a href="https://www.smogon.com/forums/threads/3740067/">thread on Smogon.</a></div>
|j|☆slitherwing ily ><
|j|☆OP Earthquakes
|t:|1779652834
|gametype|singles
|player|p1|slitherwing ily ><|iono-masters|1796
|player|p2|OP Earthquakes|giovanni-masters|1652
|gen|9
|tier|[Gen 9] OU
|rated|
|rule|HP Percentage Mod: HP is shown in percentages
|rule|Endless Battle Clause: Forcing endless battles is banned
|rule|Species Clause: Limit one of each Pokémon
|rule|OHKO Clause: OHKO moves are banned
|rule|Evasion Items Clause: Evasion items are banned
|rule|Evasion Moves Clause: Evasion moves are banned
|rule|Evasion Abilities Clause: Evasion abilities are banned
|rule|Sleep Moves Clause: Sleep-inducing moves are banned
|clearpoke
|poke|p1|Great Tusk|
|poke|p1|Kingambit, F|
|poke|p1|Raging Bolt|
|poke|p1|Walking Wake|
|poke|p1|Ninetales, F|
|poke|p1|Ceruledge, M|
|poke|p2|Tyranitar, F|
|poke|p2|Pawmot, M|
|poke|p2|Kyurem|
|poke|p2|Excadrill, M|
|poke|p2|Hawlucha, M|
|poke|p2|Grimmsnarl, M|
|teampreview
|inactive|Battle timer is ON: inactive players will automatically lose when time's up. (requested by OP Earthquakes)
|c|☆slitherwing ily ><|hf
|c|☆OP Earthquakes|GLHF
|inactive|OP Earthquakes has 120 seconds left.
|c|☆OP Earthquakes|broooo
|c|☆OP Earthquakes|were u tilting?
|c|☆slitherwing ily ><|very much
|c|☆OP Earthquakes|ack
|
|t:|1779652888
|teamsize|p1|6
|teamsize|p2|6
|start
|switch|p1a: nah i'd spin|Great Tusk|100/100
|switch|p2a: Grimmsnarl|Grimmsnarl, M|100/100
|turn|1
|
|t:|1779652895
|move|p2a: Grimmsnarl|Reflect|p2a: Grimmsnarl
|-sidestart|p2: OP Earthquakes|Reflect
|move|p1a: nah i'd spin|Headlong Rush|p2a: Grimmsnarl
|-damage|p2a: Grimmsnarl|52/100
|-unboost|p1a: nah i'd spin|def|1
|-unboost|p1a: nah i'd spin|spd|1
|
|upkeep
|turn|2
|
|t:|1779652906
|-terastallize|p1a: nah i'd spin|Fighting
|move|p2a: Grimmsnarl|Light Screen|p2a: Grimmsnarl
|-sidestart|p2: OP Earthquakes|move: Light Screen
|move|p1a: nah i'd spin|Close Combat|p2a: Grimmsnarl
|-damage|p2a: Grimmsnarl|0 fnt
|-unboost|p1a: nah i'd spin|def|1
|-unboost|p1a: nah i'd spin|spd|1
|faint|p2a: Grimmsnarl
|
|upkeep
|
|t:|1779652917
|switch|p2a: Toshiro|Kyurem, shiny|100/100
|-ability|p2a: Toshiro|Pressure
|turn|3
|
|t:|1779652924
|-end|p1a: nah i'd spin|Protosynthesis|[silent]
|switch|p1a: 2.f4|Kingambit, F|100/100
|-item|p1a: 2.f4|Air Balloon
|-terastallize|p2a: Toshiro|Ghost
|move|p2a: Toshiro|Earth Power|p1a: 2.f4
|-immune|p1a: 2.f4
|
|upkeep
|turn|4
|j| KIRAXX200
|
|t:|1779652930
|move|p2a: Toshiro|Freeze-Dry|p1a: 2.f4
|-resisted|p1a: 2.f4
|-damage|p1a: 2.f4|79/100
|-enditem|p1a: 2.f4|Air Balloon
|move|p1a: 2.f4|Kowtow Cleave|p2a: Toshiro
|-supereffective|p2a: Toshiro
|-damage|p2a: Toshiro|52/100
|
|upkeep
|turn|5
|
|t:|1779652933
|move|p2a: Toshiro|Earth Power|p1a: 2.f4
|-supereffective|p1a: 2.f4
|-damage|p1a: 2.f4|0 fnt
|faint|p1a: 2.f4
|-end|p1a: 2.f4|fallenundefined|[silent]
|
|upkeep
|
|t:|1779652937
|switch|p1a: Red judas|Ceruledge, M|100/100
|-item|p1a: Red judas|Air Balloon
|turn|6
|
|t:|1779652940
|move|p2a: Toshiro|Shadow Ball|p1a: Red judas
|-supereffective|p1a: Red judas
|-damage|p1a: Red judas|0 fnt
|-enditem|p1a: Red judas|Air Balloon
|faint|p1a: Red judas
|
|upkeep
|c|☆slitherwing ily ><|im stupid
|c|☆OP Earthquakes|lol
|c|☆OP Earthquakes|happens
|
|t:|1779652951
|switch|p1a: nah i'd spin|Great Tusk, tera:Fighting|100/100
|turn|7
|
|t:|1779652956
|move|p2a: Toshiro|Shadow Ball|p1a: nah i'd spin
|-damage|p1a: nah i'd spin|61/100
|move|p1a: nah i'd spin|Headlong Rush|p2a: Toshiro
|-damage|p2a: Toshiro|22/100
|-unboost|p1a: nah i'd spin|def|1
|-unboost|p1a: nah i'd spin|spd|1
|
|upkeep
|turn|8
|
|t:|1779652965
|-end|p1a: nah i'd spin|Protosynthesis|[silent]
|switch|p1a: Naruto|Ninetales, F|100/100
|-weather|SunnyDay|[from] ability: Drought|[of] p1a: Naruto
|move|p2a: Toshiro|Earth Power|p1a: Naruto
|-supereffective|p1a: Naruto
|-damage|p1a: Naruto|2/100
|
|-weather|SunnyDay|[upkeep]
|-sideend|p2: OP Earthquakes|Reflect
|upkeep
|turn|9
|
|t:|1779652969
|switch|p2a: The sandstorm|Tyranitar, F, shiny|100/100
|-weather|Sandstorm|[from] ability: Sand Stream|[of] p2a: The sandstorm
|move|p1a: Naruto|Healing Wish|p1a: Naruto
|faint|p1a: Naruto
|
|-weather|Sandstorm|[upkeep]
|-sideend|p2: OP Earthquakes|move: Light Screen
|upkeep
|j| xrootz
|
|t:|1779652974
|switch|p1a: nah i'd spin|Great Tusk, tera:Fighting|61/100
|-heal|p1a: nah i'd spin|100/100|[from] move: Healing Wish
|turn|10
|c|☆OP Earthquakes|huge
|
|t:|1779652988
|switch|p2a: Itachi|Hawlucha, M, shiny|100/100
|-ability|p2a: Itachi|Mold Breaker
|move|p1a: nah i'd spin|Ice Spinner|p2a: Itachi
|-supereffective|p2a: Itachi
|-damage|p2a: Itachi|14/100
|-enditem|p2a: Itachi|Red Card|[of] p1a: nah i'd spin
|-end|p1a: nah i'd spin|Protosynthesis|[silent]
|drag|p1a: Resevoir slogs|Walking Wake|100/100
|
|-weather|Sandstorm|[upkeep]
|-damage|p2a: Itachi|8/100|[from] Sandstorm
|-damage|p1a: Resevoir slogs|94/100|[from] Sandstorm
|upkeep
|turn|11
|
|t:|1779652996
|switch|p2a: Toshiro|Kyurem, shiny, tera:Ghost|22/100
|-ability|p2a: Toshiro|Pressure
|move|p1a: Resevoir slogs|Hydro Steam|p2a: Toshiro
|-crit|p2a: Toshiro
|-damage|p2a: Toshiro|0 fnt
|faint|p2a: Toshiro
|
|-weather|Sandstorm|[upkeep]
|-damage|p1a: Resevoir slogs|88/100|[from] Sandstorm
|upkeep
|
|t:|1779652998
|switch|p2a: OP|Excadrill, M|100/100
|turn|12
|
|t:|1779653003
|move|p2a: OP|Earthquake|p1a: Resevoir slogs
|-damage|p1a: Resevoir slogs|0 fnt
|faint|p1a: Resevoir slogs
|-end|p1a: Resevoir slogs|Protosynthesis|[silent]
|
|-weather|Sandstorm|[upkeep]
|upkeep
|
|t:|1779653011
|switch|p1a: Angry Nut|Raging Bolt|100/100
|-item|p1a: Angry Nut|Air Balloon
|turn|13
|
|t:|1779653016
|switch|p2a: Porunga|Pawmot, M|100/100
|-end|p1a: Angry Nut|Protosynthesis|[silent]
|switch|p1a: nah i'd spin|Great Tusk, tera:Fighting|100/100
|
|-weather|Sandstorm|[upkeep]
|-damage|p2a: Porunga|94/100|[from] Sandstorm
|-damage|p1a: nah i'd spin|94/100|[from] Sandstorm
|upkeep
|turn|14
|
|t:|1779653019
|move|p2a: Porunga|Revival Blessing|p2a: Porunga
|-enditem|p2a: Porunga|Leppa Berry|[eat]
|-activate|p2a: Porunga|item: Leppa Berry|Revival Blessing|[consumed]
|
|t:|1779653023
|-heal|p2: Grimmsnarl|50/100|[from] move: Revival Blessing
|move|p1a: nah i'd spin|Rapid Spin|p2a: Porunga
|-damage|p2a: Porunga|72/100
|-boost|p1a: nah i'd spin|spe|1
|
|-weather|Sandstorm|[upkeep]
|-damage|p1a: nah i'd spin|88/100|[from] Sandstorm
|-damage|p2a: Porunga|66/100|[from] Sandstorm
|upkeep
|turn|15
|
|t:|1779653032
|switch|p2a: Grimmsnarl|Grimmsnarl, M|50/100
|move|p1a: nah i'd spin|Headlong Rush|p2a: Grimmsnarl
|-damage|p2a: Grimmsnarl|0 fnt
|-unboost|p1a: nah i'd spin|def|1
|-unboost|p1a: nah i'd spin|spd|1
|faint|p2a: Grimmsnarl
|
|-weather|Sandstorm|[upkeep]
|-damage|p1a: nah i'd spin|82/100|[from] Sandstorm
|upkeep
|j| FaronAan
|
|t:|1779653037
|switch|p2a: OP|Excadrill, M|100/100
|turn|16
|
|t:|1779653049
|-end|p1a: nah i'd spin|Protosynthesis|[silent]
|switch|p1a: Angry Nut|Raging Bolt|100/100
|-item|p1a: Angry Nut|Air Balloon
|move|p2a: OP|Iron Head|p1a: Angry Nut
|-resisted|p1a: Angry Nut
|-damage|p1a: Angry Nut|66/100
|-enditem|p1a: Angry Nut|Air Balloon
|
|-weather|none
|upkeep
|turn|17
|
|t:|1779653056
|switch|p2a: The sandstorm|Tyranitar, F, shiny|100/100
|-weather|Sandstorm|[from] ability: Sand Stream|[of] p2a: The sandstorm
|move|p1a: Angry Nut|Weather Ball|p2a: The sandstorm
|-damage|p2a: The sandstorm|75/100
|
|-weather|Sandstorm|[upkeep]
|-damage|p1a: Angry Nut|60/100|[from] Sandstorm
|upkeep
|turn|18
|
|t:|1779653062
|switch|p2a: OP|Excadrill, M|100/100
|move|p1a: Angry Nut|Weather Ball|p2a: OP
|-resisted|p2a: OP
|-damage|p2a: OP|87/100
|
|-weather|Sandstorm|[upkeep]
|-damage|p1a: Angry Nut|54/100|[from] Sandstorm
|upkeep
|turn|19
|
|t:|1779653064
|move|p2a: OP|Earthquake|p1a: Angry Nut
|-supereffective|p1a: Angry Nut
|-damage|p1a: Angry Nut|0 fnt
|faint|p1a: Angry Nut
|-end|p1a: Angry Nut|Protosynthesis|[silent]
|
|-weather|Sandstorm|[upkeep]
|upkeep
|c|☆slitherwing ily ><|gg
|
|t:|1779653067
|switch|p1a: nah i'd spin|Great Tusk, tera:Fighting|82/100
|turn|20
|l| xrootz
|c|☆OP Earthquakes|gg
|
|t:|1779653070
|move|p2a: OP|Earthquake|p1a: nah i'd spin
|-damage|p1a: nah i'd spin|16/100
|move|p1a: nah i'd spin|Headlong Rush|p2a: OP
|-supereffective|p2a: OP
|-damage|p2a: OP|0 fnt
|-unboost|p1a: nah i'd spin|def|1
|-unboost|p1a: nah i'd spin|spd|1
|faint|p2a: OP
|
|-weather|Sandstorm|[upkeep]
|-damage|p1a: nah i'd spin|10/100|[from] Sandstorm
|upkeep
|
|t:|1779653073
|switch|p2a: Itachi|Hawlucha, M, shiny|8/100
|-ability|p2a: Itachi|Mold Breaker
|turn|21
|
|t:|1779653075
|move|p2a: Itachi|Brave Bird|p1a: nah i'd spin
|-supereffective|p1a: nah i'd spin
|-damage|p1a: nah i'd spin|0 fnt
|faint|p1a: nah i'd spin
|-end|p1a: nah i'd spin|Protosynthesis|[silent]
|-damage|p2a: Itachi|4/100|[from] Recoil
|
|win|OP Earthquakes
|raw|slitherwing ily &gt;&lt;'s rating: 1796 &rarr; <strong>1768</strong><br />(-28 for losing)
|raw|OP Earthquakes's rating: 1652 &rarr; <strong>1680</strong><br />(+28 for winning)
|l|☆slitherwing ily ><
|player|p1|
