|j|☆TheMudkipLegend
|j|☆jan jakkusu
|t:|1779620884
|gametype|singles
|player|p1|TheMudkipLegend|265|1392
|player|p2|jan jakkusu|101|1429
|gen|9
|tier|[Gen 9] OU
|rated|
|rule|HP Percentage Mod: HP is shown in percentages
|rule|Endless Battle Clause: Forcing endless battles is banned
|rule|Species Clause: Limit one of each Pokémon
|rule|OHKO Clause: OHKO moves are banned
|rule|Evasion Items Clause: Evasion items are banned
|rule|Evasion Moves Clause: Evasion moves are banned
|rule|Evasion Abilities Clause: Evasion abilities are banned
|rule|Sleep Moves Clause: Sleep-inducing moves are banned
|clearpoke
|poke|p1|Glimmora, M|
|poke|p1|Dragonite, M|
|poke|p1|Landorus-Therian, M|
|poke|p1|Cinderace, M|
|poke|p1|Serperior, F|
|poke|p1|Gholdengo|
|poke|p2|Heatran, F|
|poke|p2|Ogerpon-Wellspring, F|
|poke|p2|Great Tusk|
|poke|p2|Kommo-o, F|
|poke|p2|Corviknight, M|
|poke|p2|Sinistcha-Masterpiece|
|teampreview
|inactive|Battle timer is ON: inactive players will automatically lose when time's up. (requested by TheMudkipLegend)
|
|t:|1779620906
|teamsize|p1|6
|teamsize|p2|6
|start
|switch|p1a: Landorus|Landorus-Therian, M|100/100
|switch|p2a: Ogerpon|Ogerpon-Wellspring, F|100/100
|-ability|p1a: Landorus|Intimidate|boost
|-unboost|p2a: Ogerpon|atk|1
|turn|1
|
|t:|1779620914
|move|p2a: Ogerpon|Ivy Cudgel|p1a: Landorus|[anim] Ivy Cudgel Water
|-supereffective|p1a: Landorus
|-crit|p1a: Landorus
|-damage|p1a: Landorus|0 fnt
|faint|p1a: Landorus
|
|upkeep
|
|t:|1779620928
|switch|p1a: Serperior|Serperior, F|100/100
|turn|2
|
|t:|1779620934
|switch|p2a: Heatran|Heatran, F|100/100
|move|p1a: Serperior|Glare|p2a: Heatran
|-status|p2a: Heatran|par
|
|upkeep
|turn|3
|
|t:|1779620950
|switch|p1a: Glimmora|Glimmora, M|100/100
|move|p2a: Heatran|Magma Storm|p1a: Glimmora
|-resisted|p1a: Glimmora
|-crit|p1a: Glimmora
|-damage|p1a: Glimmora|49/100
|-activate|p1a: Glimmora|move: Magma Storm|[of] p2a: Heatran
|
|-damage|p1a: Glimmora|37/100|[from] move: Magma Storm|[partiallytrapped]
|upkeep
|turn|4
|
|t:|1779620959
|move|p1a: Glimmora|Earth Power|p2a: Heatran
|-supereffective|p2a: Heatran
|-damage|p2a: Heatran|5/100 par
|-unboost|p2a: Heatran|spd|1
|cant|p2a: Heatran|par
|
|-heal|p2a: Heatran|12/100 par|[from] item: Leftovers
|-damage|p1a: Glimmora|24/100|[from] move: Magma Storm|[partiallytrapped]
|upkeep
|turn|5
|
|t:|1779620968
|move|p2a: Heatran|Protect|p2a: Heatran
|-singleturn|p2a: Heatran|Protect
|move|p1a: Glimmora|Power Gem|p2a: Heatran
|-activate|p2a: Heatran|move: Protect
|
|-heal|p2a: Heatran|18/100 par|[from] item: Leftovers
|-damage|p1a: Glimmora|12/100|[from] move: Magma Storm|[partiallytrapped]
|upkeep
|turn|6
|
|t:|1779620982
|move|p2a: Heatran|Protect|p2a: Heatran
|-singleturn|p2a: Heatran|Protect
|move|p1a: Glimmora|Power Gem|p2a: Heatran
|-activate|p2a: Heatran|move: Protect
|
|-heal|p2a: Heatran|24/100 par|[from] item: Leftovers
|-damage|p1a: Glimmora|0 fnt|[from] move: Magma Storm|[partiallytrapped]
|faint|p1a: Glimmora
|upkeep
|
|t:|1779620998
|switch|p1a: Dragonite|Dragonite, M|100/100
|turn|7
|
|t:|1779621004
|switch|p2a: Corviknight|Corviknight, M|100/100
|-ability|p2a: Corviknight|Pressure
|move|p1a: Dragonite|Dragon Dance|p1a: Dragonite
|-boost|p1a: Dragonite|atk|1
|-boost|p1a: Dragonite|spe|1
|
|upkeep
|turn|8
|
|t:|1779621017
|move|p1a: Dragonite|Ice Spinner|p2a: Corviknight
|-damage|p2a: Corviknight|60/100
|move|p2a: Corviknight|Iron Defense|p2a: Corviknight
|-boost|p2a: Corviknight|def|2
|
|-heal|p2a: Corviknight|66/100|[from] item: Leftovers
|upkeep
|turn|9
|
|t:|1779621023
|move|p1a: Dragonite|Ice Spinner|p2a: Corviknight
|-damage|p2a: Corviknight|47/100
|move|p2a: Corviknight|U-turn|p1a: Dragonite
|-resisted|p1a: Dragonite
|-damage|p1a: Dragonite|97/100
|
|t:|1779621047
|switch|p2a: Sinistcha|Sinistcha-Masterpiece|100/100|[from] U-turn
|
|upkeep
|turn|10
|
|t:|1779621060
|move|p1a: Dragonite|Ice Spinner|p2a: Sinistcha
|-supereffective|p2a: Sinistcha
|-damage|p2a: Sinistcha|36/100
|move|p2a: Sinistcha|Strength Sap|p1a: Dragonite
|-unboost|p1a: Dragonite|atk|1
|-heal|p2a: Sinistcha|100/100
|
|upkeep
|turn|11
|
|t:|1779621070
|switch|p1a: Gholdengo|Gholdengo|100/100
|move|p2a: Sinistcha|Strength Sap|p1a: Gholdengo
|-immune|p1a: Gholdengo|[from] ability: Good as Gold
|
|upkeep
|turn|12
|
|t:|1779621077
|switch|p2a: Kommo-o|Kommo-o, F|100/100
|move|p1a: Gholdengo|Shadow Ball|p2a: Kommo-o
|-immune|p2a: Kommo-o|[from] ability: Bulletproof
|
|upkeep
|turn|13
|
|t:|1779621092
|switch|p1a: Dragonite|Dragonite, M|97/100
|switch|p2a: Heatran|Heatran, F|24/100 par
|
|-heal|p2a: Heatran|30/100 par|[from] item: Leftovers
|upkeep
|turn|14
|
|t:|1779621104
|move|p1a: Dragonite|Dragon Dance|p1a: Dragonite
|-boost|p1a: Dragonite|atk|1
|-boost|p1a: Dragonite|spe|1
|move|p2a: Heatran|Magma Storm|p1a: Dragonite|[miss]
|-miss|p2a: Heatran|p1a: Dragonite
|
|-heal|p2a: Heatran|36/100 par|[from] item: Leftovers
|upkeep
|turn|15
|
|t:|1779621113
|switch|p2a: Corviknight|Corviknight, M|47/100
|-ability|p2a: Corviknight|Pressure
|move|p1a: Dragonite|Ice Spinner|p2a: Corviknight
|-damage|p2a: Corviknight|6/100
|
|-heal|p2a: Corviknight|12/100|[from] item: Leftovers
|upkeep
|turn|16
|
|t:|1779621122
|move|p1a: Dragonite|Ice Spinner|p2a: Corviknight
|-damage|p2a: Corviknight|0 fnt
|faint|p2a: Corviknight
|
|upkeep
|
|t:|1779621125
|switch|p2a: Sinistcha|Sinistcha-Masterpiece|100/100
|turn|17
|
|t:|1779621131
|switch|p1a: Gholdengo|Gholdengo|100/100
|move|p2a: Sinistcha|Calm Mind|p2a: Sinistcha
|-boost|p2a: Sinistcha|spa|1
|-boost|p2a: Sinistcha|spd|1
|
|upkeep
|turn|18
|
|t:|1779621149
|-terastallize|p2a: Sinistcha|Water
|move|p1a: Gholdengo|Trick|p2a: Sinistcha
|-activate|p1a: Gholdengo|move: Trick|[of] p2a: Sinistcha
|-item|p2a: Sinistcha|Choice Scarf|[from] move: Trick
|-item|p1a: Gholdengo|Leftovers|[from] move: Trick
|move|p2a: Sinistcha|Calm Mind|p2a: Sinistcha
|-boost|p2a: Sinistcha|spa|1
|-boost|p2a: Sinistcha|spd|1
|
|upkeep
|turn|19
|
|t:|1779621160
|switch|p2a: Kommo-o|Kommo-o, F|100/100
|move|p1a: Gholdengo|Thunderbolt|p2a: Kommo-o
|-resisted|p2a: Kommo-o
|-damage|p2a: Kommo-o|84/100
|
|upkeep
|turn|20
|
|t:|1779621170
|move|p2a: Kommo-o|Clangorous Soul|p2a: Kommo-o
|-boost|p2a: Kommo-o|atk|1
|-boost|p2a: Kommo-o|def|1
|-boost|p2a: Kommo-o|spa|1
|-boost|p2a: Kommo-o|spd|1
|-boost|p2a: Kommo-o|spe|1
|-damage|p2a: Kommo-o|51/100
|-enditem|p2a: Kommo-o|Throat Spray
|-boost|p2a: Kommo-o|spa|1|[from] item: Throat Spray
|move|p1a: Gholdengo|Make It Rain|p2a: Kommo-o
|-damage|p2a: Kommo-o|6/100
|-unboost|p1a: Gholdengo|spa|1
|
|upkeep
|turn|21
|
|t:|1779621184
|move|p2a: Kommo-o|Clanging Scales|p1a: Gholdengo
|-resisted|p1a: Gholdengo
|-damage|p1a: Gholdengo|46/100
|-unboost|p2a: Kommo-o|def|1
|move|p1a: Gholdengo|Thunderbolt|p2a: Kommo-o
|-resisted|p2a: Kommo-o
|-damage|p2a: Kommo-o|0 fnt
|faint|p2a: Kommo-o
|
|-heal|p1a: Gholdengo|52/100|[from] item: Leftovers
|upkeep
|-message|jan jakkusu forfeited.
|
|win|TheMudkipLegend
|raw|TheMudkipLegend's rating: 1392 &rarr; <strong>1414</strong><br />(+22 for winning)
|raw|jan jakkusu's rating: 1429 &rarr; <strong>1407</strong><br />(-22 for losing)
|l|☆jan jakkusu
|player|p2|
|l|☆TheMudkipLegend
|player|p1|
