|j|☆Slyki
|j|‽AtharvXYZ
|t:|1779609669
|gametype|singles
|player|p1|Slyki|sightseerf|1079
|player|p2|AtharvXYZ|dawn|1123
|gen|9
|tier|[Gen 9] OU
|rated|
|rule|HP Percentage Mod: HP is shown in percentages
|rule|Endless Battle Clause: Forcing endless battles is banned
|rule|Species Clause: Limit one of each Pokémon
|rule|OHKO Clause: OHKO moves are banned
|rule|Evasion Items Clause: Evasion items are banned
|rule|Evasion Moves Clause: Evasion moves are banned
|rule|Evasion Abilities Clause: Evasion abilities are banned
|rule|Sleep Moves Clause: Sleep-inducing moves are banned
|clearpoke
|poke|p1|Goodra-Hisui, F|
|poke|p1|Dragapult, F|
|poke|p1|Mew|
|poke|p1|Tsareena, F|
|poke|p1|Pelipper, F|
|poke|p1|Flygon, F|
|poke|p2|Blastoise, F|
|poke|p2|Heracross, M|
|poke|p2|Tyranitar, F|
|poke|p2|Gengar, F|
|poke|p2|Dragonite, F|
|poke|p2|Garchomp, M|
|teampreview
|
|t:|1779609681
|teamsize|p1|6
|teamsize|p2|6
|start
|switch|p1a: Aqua|Pelipper, F|100/100
|switch|p2a: Heracross|Heracross, M, shiny|100/100
|-weather|RainDance|[from] ability: Drizzle|[of] p1a: Aqua
|turn|1
|
|t:|1779609693
|move|p2a: Heracross|Protect|p2a: Heracross
|-singleturn|p2a: Heracross|Protect
|move|p1a: Aqua|Hurricane|p2a: Heracross
|-activate|p2a: Heracross|move: Protect
|
|-weather|RainDance|[upkeep]
|-status|p2a: Heracross|brn|[from] item: Flame Orb
|upkeep
|turn|2
|
|t:|1779609702
|-terastallize|p2a: Heracross|Rock
|move|p2a: Heracross|Facade|p1a: Aqua
|-damage|p1a: Aqua|47/100
|move|p1a: Aqua|Hurricane|p2a: Heracross
|-resisted|p2a: Heracross
|-damage|p2a: Heracross|80/100 brn
|
|-weather|RainDance|[upkeep]
|-damage|p2a: Heracross|74/100 brn|[from] brn
|upkeep
|turn|3
|
|t:|1779609711
|switch|p1a: Dragapult|Dragapult, F|100/100
|move|p2a: Heracross|Facade|p1a: Dragapult
|-immune|p1a: Dragapult
|
|-weather|RainDance|[upkeep]
|-damage|p2a: Heracross|68/100 brn|[from] brn
|upkeep
|turn|4
|
|t:|1779609720
|move|p2a: Heracross|Protect|p2a: Heracross
|-singleturn|p2a: Heracross|Protect
|move|p1a: Dragapult|U-turn|p2a: Heracross
|-activate|p2a: Heracross|move: Protect
|
|-weather|RainDance|[upkeep]
|-damage|p2a: Heracross|62/100 brn|[from] brn
|upkeep
|turn|5
|
|t:|1779609728
|switch|p2a: Blastoise|Blastoise, F|100/100
|move|p1a: Dragapult|U-turn|p2a: Blastoise
|-damage|p2a: Blastoise|79/100
|
|t:|1779609733
|switch|p1a: Raiden|Tsareena, F, shiny|100/100|[from] U-turn
|
|-weather|RainDance|[upkeep]
|-heal|p2a: Blastoise|85/100|[from] ability: Rain Dish
|-heal|p2a: Blastoise|91/100|[from] item: Leftovers
|upkeep
|turn|6
|
|t:|1779609749
|move|p2a: Blastoise|Ice Beam|p1a: Raiden
|-supereffective|p1a: Raiden
|-damage|p1a: Raiden|46/100
|move|p1a: Raiden|U-turn|p2a: Blastoise
|-damage|p2a: Blastoise|67/100
|
|t:|1779609757
|switch|p1a: Mew|Mew|100/100|[from] U-turn
|
|-weather|RainDance|[upkeep]
|-heal|p2a: Blastoise|73/100|[from] ability: Rain Dish
|-heal|p2a: Blastoise|79/100|[from] item: Leftovers
|upkeep
|turn|7
|
|t:|1779609760
|move|p1a: Mew|Toxic|p2a: Blastoise|[miss]
|-miss|p1a: Mew|p2a: Blastoise
|move|p2a: Blastoise|Surf|p1a: Mew
|-damage|p1a: Mew|63/100
|
|-weather|RainDance|[upkeep]
|-heal|p2a: Blastoise|86/100|[from] ability: Rain Dish
|-heal|p2a: Blastoise|92/100|[from] item: Leftovers
|upkeep
|turn|8
|
|t:|1779609766
|move|p1a: Mew|Light Screen|p1a: Mew
|-sidestart|p1: Slyki|move: Light Screen
|move|p2a: Blastoise|Crunch|p1a: Mew
|-supereffective|p1a: Mew
|-crit|p1a: Mew
|-damage|p1a: Mew|25/100
|
|-weather|none
|-heal|p2a: Blastoise|98/100|[from] item: Leftovers
|upkeep
|turn|9
|
|t:|1779609776
|move|p1a: Mew|Toxic|p2a: Blastoise|[miss]
|-miss|p1a: Mew|p2a: Blastoise
|move|p2a: Blastoise|Crunch|p1a: Mew
|-supereffective|p1a: Mew
|-damage|p1a: Mew|0 fnt
|faint|p1a: Mew
|
|-heal|p2a: Blastoise|100/100|[from] item: Leftovers
|upkeep
|
|t:|1779609797
|switch|p1a: Dragapult|Dragapult, F|100/100
|turn|10
|
|t:|1779609800
|move|p1a: Dragapult|Dragon Dance|p1a: Dragapult
|-boost|p1a: Dragapult|atk|1
|-boost|p1a: Dragapult|spe|1
|move|p2a: Blastoise|Ice Beam|p1a: Dragapult
|-supereffective|p1a: Dragapult
|-damage|p1a: Dragapult|65/100
|-status|p1a: Dragapult|frz
|-enditem|p1a: Dragapult|Lum Berry|[eat]
|-curestatus|p1a: Dragapult|frz|[msg]
|
|upkeep
|turn|11
|
|t:|1779609812
|move|p1a: Dragapult|Dragon Darts|p2a: Blastoise
|-damage|p2a: Blastoise|60/100
|-anim|p1a: Dragapult|Dragon Darts|p2a: Blastoise
|-damage|p2a: Blastoise|24/100
|move|p2a: Blastoise|Ice Beam|p1a: Dragapult
|-supereffective|p1a: Dragapult
|-damage|p1a: Dragapult|32/100
|
|-heal|p2a: Blastoise|30/100|[from] item: Leftovers
|upkeep
|turn|12
|
|t:|1779609820
|move|p1a: Dragapult|Dragon Darts|p2a: Blastoise
|-damage|p2a: Blastoise|0 fnt
|faint|p2a: Blastoise
|
|upkeep
|
|t:|1779609824
|switch|p2a: Tyranitar|Tyranitar, F|100/100
|-weather|Sandstorm|[from] ability: Sand Stream|[of] p2a: Tyranitar
|turn|13
|
|t:|1779609829
|move|p1a: Dragapult|U-turn|p2a: Tyranitar
|-supereffective|p2a: Tyranitar
|-damage|p2a: Tyranitar|41/100
|
|t:|1779609833
|switch|p1a: Goodra|Goodra-Hisui, F|100/100|[from] U-turn
|move|p2a: Tyranitar|Foul Play|p1a: Goodra
|-crit|p1a: Goodra
|-damage|p1a: Goodra|56/100
|
|-weather|Sandstorm|[upkeep]
|-heal|p2a: Tyranitar|47/100|[from] item: Leftovers
|upkeep
|turn|14
|
|t:|1779609842
|move|p2a: Tyranitar|Earthquake|p1a: Goodra
|-supereffective|p1a: Goodra
|-damage|p1a: Goodra|0 fnt
|faint|p1a: Goodra
|
|-weather|Sandstorm|[upkeep]
|-heal|p2a: Tyranitar|53/100|[from] item: Leftovers
|upkeep
|
|t:|1779609845
|switch|p1a: In Memoriam|Flygon, F|100/100
|turn|15
|
|t:|1779609856
|switch|p2a: Gengar|Gengar, F, shiny|100/100
|move|p1a: In Memoriam|Dragon Dance|p1a: In Memoriam
|-boost|p1a: In Memoriam|atk|1
|-boost|p1a: In Memoriam|spe|1
|
|-weather|Sandstorm|[upkeep]
|-damage|p2a: Gengar|94/100|[from] Sandstorm
|-heal|p2a: Gengar|100/100|[from] item: Leftovers
|-sideend|p1: Slyki|move: Light Screen
|upkeep
|turn|16
|
|t:|1779609862
|move|p1a: In Memoriam|Earthquake|p2a: Gengar
|-supereffective|p2a: Gengar
|-damage|p2a: Gengar|0 fnt
|-start|p1a: In Memoriam|Disable|Earthquake|[from] ability: Cursed Body|[of] p2a: Gengar
|faint|p2a: Gengar
|
|-weather|Sandstorm|[upkeep]
|upkeep
|
|t:|1779609867
|switch|p2a: Dragonite|Dragonite, F|100/100
|turn|17
|
|t:|1779609873
|move|p1a: In Memoriam|Outrage|p2a: Dragonite
|-supereffective|p2a: Dragonite
|-damage|p2a: Dragonite|0 fnt
|faint|p2a: Dragonite
|
|-weather|none
|upkeep
|
|t:|1779609877
|switch|p2a: Garchomp|Garchomp, M, shiny|100/100
|turn|18
|
|t:|1779609881
|move|p1a: In Memoriam|Outrage|p2a: Garchomp|[from] lockedmove
|-supereffective|p2a: Garchomp
|-damage|p2a: Garchomp|0 fnt
|-damage|p1a: In Memoriam|88/100|[from] ability: Rough Skin|[of] p2a: Garchomp
|faint|p2a: Garchomp
|-start|p1a: In Memoriam|confusion|[fatigue]
|
|upkeep
|
|t:|1779609886
|switch|p2a: Heracross|Heracross, M, shiny, tera:Rock|62/100 brn
|turn|19
|
|t:|1779609893
|-activate|p1a: In Memoriam|confusion
|-damage|p1a: In Memoriam|63/100|[from] confusion
|move|p2a: Heracross|Facade|p1a: In Memoriam
|-damage|p1a: In Memoriam|0 fnt
|faint|p1a: In Memoriam
|
|-damage|p2a: Heracross|56/100 brn|[from] brn
|upkeep
|
|t:|1779609899
|switch|p1a: Aqua|Pelipper, F|47/100
|-weather|RainDance|[from] ability: Drizzle|[of] p1a: Aqua
|turn|20
|
|t:|1779609903
|move|p2a: Heracross|Facade|p1a: Aqua
|-damage|p1a: Aqua|0 fnt
|faint|p1a: Aqua
|
|-weather|RainDance|[upkeep]
|-damage|p2a: Heracross|50/100 brn|[from] brn
|upkeep
|
|t:|1779609907
|switch|p1a: Dragapult|Dragapult, F|32/100
|turn|21
|
|t:|1779609913
|switch|p2a: Tyranitar|Tyranitar, F|53/100
|-weather|Sandstorm|[from] ability: Sand Stream|[of] p2a: Tyranitar
|move|p1a: Dragapult|Dragon Darts|p2a: Tyranitar
|-damage|p2a: Tyranitar|30/100
|-anim|p1a: Dragapult|Dragon Darts|p2a: Tyranitar
|-crit|p2a: Tyranitar
|-damage|p2a: Tyranitar|0 fnt
|faint|p2a: Tyranitar
|
|-weather|Sandstorm|[upkeep]
|-damage|p1a: Dragapult|26/100|[from] Sandstorm
|upkeep
|
|t:|1779609920
|switch|p2a: Heracross|Heracross, M, shiny, tera:Rock|50/100 brn
|turn|22
|
|t:|1779609924
|move|p1a: Dragapult|Dragon Darts|p2a: Heracross
|-damage|p2a: Heracross|15/100 brn
|-anim|p1a: Dragapult|Dragon Darts|p2a: Heracross
|-damage|p2a: Heracross|0 fnt
|faint|p2a: Heracross
|
|win|Slyki
|raw|Slyki's rating: 1079 &rarr; <strong>1111</strong><br />(+32 for winning)
|raw|AtharvXYZ's rating: 1123 &rarr; <strong>1095</strong><br />(-28 for losing)
|l|☆Slyki
|player|p1|
|l|‽AtharvXYZ
|player|p2|
