|j|☆alt1 lord greed
|j|☆Davetron3030
|t:|1779710642
|gametype|singles
|player|p1|alt1 lord greed|265|1474
|player|p2|Davetron3030|dancer|1542
|gen|9
|tier|[Gen 9] OU
|rated|
|rule|HP Percentage Mod: HP is shown in percentages
|rule|Endless Battle Clause: Forcing endless battles is banned
|rule|Species Clause: Limit one of each Pokémon
|rule|OHKO Clause: OHKO moves are banned
|rule|Evasion Items Clause: Evasion items are banned
|rule|Evasion Moves Clause: Evasion moves are banned
|rule|Evasion Abilities Clause: Evasion abilities are banned
|rule|Sleep Moves Clause: Sleep-inducing moves are banned
|clearpoke
|poke|p1|Glastrier|
|poke|p1|Slowking-Galar, F|
|poke|p1|Heatran, F|
|poke|p1|Tornadus-Therian, M|
|poke|p1|Hydrapple, F|
|poke|p1|Great Tusk|
|poke|p2|Great Tusk|
|poke|p2|Iron Crown|
|poke|p2|Iron Valiant|
|poke|p2|Latios, M|
|poke|p2|Ogerpon-Wellspring, F|
|poke|p2|Samurott-Hisui, M|
|teampreview
|inactive|Battle timer is ON: inactive players will automatically lose when time's up. (requested by alt1 lord greed)
|inactive|alt1 lord greed has 120 seconds left.
|l|☆Davetron3030
|inactive|Davetron3030 disconnected and has a minute to reconnect!
|player|p2|
|
|t:|1779710678
|teamsize|p1|6
|teamsize|p2|6
|start
|switch|p1a: Great Tusk|Great Tusk|100/100
|switch|p2a: Samurott|Samurott-Hisui, M|100/100
|turn|1
|j|☆Davetron3030
|inactive|Davetron3030 reconnected and has 145 seconds left.
|player|p2|Davetron3030|dancer|
|
|t:|1779710690
|move|p1a: Great Tusk|Close Combat|p2a: Samurott
|-supereffective|p2a: Samurott
|-enditem|p2a: Samurott|Focus Sash
|-damage|p2a: Samurott|1/100
|-unboost|p1a: Great Tusk|def|1
|-unboost|p1a: Great Tusk|spd|1
|move|p2a: Samurott|Aqua Cutter|p1a: Great Tusk
|-supereffective|p1a: Great Tusk
|-damage|p1a: Great Tusk|5/100
|
|upkeep
|turn|2
|
|t:|1779710700
|-end|p1a: Great Tusk|Protosynthesis|[silent]
|switch|p1a: Tornadus|Tornadus-Therian, M|100/100
|move|p2a: Samurott|Sucker Punch||[still]
|-fail|p2a: Samurott
|
|upkeep
|turn|3
|
|t:|1779710707
|switch|p2a: Iron Crown|Iron Crown|100/100
|move|p1a: Tornadus|Knock Off|p2a: Iron Crown
|-supereffective|p2a: Iron Crown
|-damage|p2a: Iron Crown|56/100
|-enditem|p2a: Iron Crown|Assault Vest|[from] move: Knock Off|[of] p1a: Tornadus
|
|upkeep
|turn|4
|
|t:|1779710715
|move|p1a: Tornadus|Heat Wave|p2a: Iron Crown
|-supereffective|p2a: Iron Crown
|-damage|p2a: Iron Crown|6/100
|move|p2a: Iron Crown|Volt Switch|p1a: Tornadus
|-supereffective|p1a: Tornadus
|-damage|p1a: Tornadus|52/100
|
|t:|1779710721
|-end|p2a: Iron Crown|Quark Drive|[silent]
|switch|p2a: Latios|Latios, M|100/100|[from] Volt Switch
|
|upkeep
|turn|5
|
|t:|1779710730
|switch|p2a: Samurott|Samurott-Hisui, M|1/100
|move|p1a: Tornadus|Taunt|p2a: Samurott
|-start|p2a: Samurott|move: Taunt
|
|upkeep
|turn|6
|
|t:|1779710736
|move|p2a: Samurott|Sucker Punch|p1a: Tornadus
|-damage|p1a: Tornadus|13/100
|move|p1a: Tornadus|Knock Off|p2a: Samurott
|-resisted|p2a: Samurott
|-damage|p2a: Samurott|0 fnt
|faint|p2a: Samurott
|
|upkeep
|
|t:|1779710744
|switch|p2a: Latios|Latios, M|100/100
|turn|7
|
|t:|1779710749
|switch|p1a: Great Tusk|Great Tusk|5/100
|move|p2a: Latios|Luster Purge|p1a: Great Tusk
|-supereffective|p1a: Great Tusk
|-damage|p1a: Great Tusk|0 fnt
|faint|p1a: Great Tusk
|-end|p1a: Great Tusk|Protosynthesis|[silent]
|
|upkeep
|
|t:|1779710750
|switch|p1a: Glastrier|Glastrier|100/100
|turn|8
|-activate|p1a: Glastrier|item: Quick Claw
|
|t:|1779710761
|switch|p2a: Iron Crown|Iron Crown|6/100
|move|p1a: Glastrier|Icicle Crash|p2a: Iron Crown
|-resisted|p2a: Iron Crown
|-damage|p2a: Iron Crown|0 fnt
|faint|p2a: Iron Crown
|-end|p2a: Iron Crown|Quark Drive|[silent]
|-ability|p1a: Glastrier|Chilling Neigh|boost
|-boost|p1a: Glastrier|atk|1
|
|upkeep
|
|t:|1779710771
|switch|p2a: Iron Valiant|Iron Valiant|100/100
|turn|9
|
|t:|1779710775
|switch|p1a: Slowking|Slowking-Galar, F|100/100
|move|p2a: Iron Valiant|Moonblast|p1a: Slowking
|-resisted|p1a: Slowking
|-damage|p1a: Slowking|81/100
|
|upkeep
|turn|10
|
|t:|1779710782
|-end|p2a: Iron Valiant|Quark Drive|[silent]
|switch|p2a: Great Tusk|Great Tusk|100/100
|move|p1a: Slowking|Sludge Bomb|p2a: Great Tusk
|-resisted|p2a: Great Tusk
|-damage|p2a: Great Tusk|77/100
|-status|p2a: Great Tusk|psn
|
|-damage|p2a: Great Tusk|64/100 psn|[from] psn
|upkeep
|turn|11
|
|t:|1779710792
|switch|p1a: Heatran|Heatran, F, shiny|100/100
|move|p2a: Great Tusk|Stealth Rock|p1a: Heatran
|-sidestart|p1: alt1 lord greed|move: Stealth Rock
|
|-damage|p2a: Great Tusk|52/100 psn|[from] psn
|upkeep
|turn|12
|
|t:|1779710800
|switch|p1a: Tornadus|Tornadus-Therian, M|47/100
|move|p2a: Great Tusk|Ice Spinner|p1a: Tornadus
|-supereffective|p1a: Tornadus
|-damage|p1a: Tornadus|0 fnt
|faint|p1a: Tornadus
|
|-damage|p2a: Great Tusk|39/100 psn|[from] psn
|upkeep
|
|t:|1779710805
|switch|p1a: Hydrapple|Hydrapple, F, shiny|100/100
|-damage|p1a: Hydrapple|88/100|[from] Stealth Rock
|turn|13
|
|t:|1779710819
|-terastallize|p1a: Hydrapple|Dark
|move|p2a: Great Tusk|Ice Spinner|p1a: Hydrapple
|-damage|p1a: Hydrapple|70/100
|move|p1a: Hydrapple|Earth Power|p2a: Great Tusk
|-damage|p2a: Great Tusk|0 fnt
|faint|p2a: Great Tusk
|-end|p2a: Great Tusk|Protosynthesis|[silent]
|
|upkeep
|inactive|Davetron3030 has 120 seconds left.
|l|☆Davetron3030
|inactive|Davetron3030 disconnected and has a minute to reconnect!
|player|p2|
|inactive|Davetron3030 has 30 seconds to reconnect!
|inactive|Davetron3030 has 20 seconds to reconnect!
|inactive|Davetron3030 has 15 seconds to reconnect!
|inactive|Davetron3030 has 10 seconds to reconnect!
|inactive|Davetron3030 has 5 seconds to reconnect!
|-message|Davetron3030 lost due to inactivity.
|
|win|alt1 lord greed
|raw|alt1 lord greed's rating: 1474 &rarr; <strong>1498</strong><br />(+24 for winning)
|raw|Davetron3030's rating: 1542 &rarr; <strong>1518</strong><br />(-24 for losing)
|l|☆alt1 lord greed
|player|p1|
