|j|☆phap'a
|j|☆kishuu10
|t:|1779697566
|gametype|singles
|player|p1|phap'a|dawn|1182
|player|p2|kishuu10|cynthia-gen7|1231
|gen|9
|tier|[Gen 9] OU
|rated|
|rule|HP Percentage Mod: HP is shown in percentages
|rule|Endless Battle Clause: Forcing endless battles is banned
|rule|Species Clause: Limit one of each Pokémon
|rule|OHKO Clause: OHKO moves are banned
|rule|Evasion Items Clause: Evasion items are banned
|rule|Evasion Moves Clause: Evasion moves are banned
|rule|Evasion Abilities Clause: Evasion abilities are banned
|rule|Sleep Moves Clause: Sleep-inducing moves are banned
|clearpoke
|poke|p1|Iron Treads|
|poke|p1|Samurott-Hisui, M|
|poke|p1|Iron Moth|
|poke|p1|Kyurem|
|poke|p1|Ting-Lu|
|poke|p1|Deoxys-Speed|
|poke|p2|Slowking-Galar, M|
|poke|p2|Great Tusk|
|poke|p2|Kyurem|
|poke|p2|Kingambit, M|
|poke|p2|Cinderace, M|
|poke|p2|Zapdos|
|teampreview
|inactive|Battle timer is ON: inactive players will automatically lose when time's up. (requested by kishuu10)
|c|☆phap'a|GLHF
|
|t:|1779697588
|teamsize|p1|6
|teamsize|p2|6
|start
|switch|p1a: Deoxys|Deoxys-Speed|100/100
|switch|p2a: Great Tusk|Great Tusk|100/100
|-ability|p1a: Deoxys|Pressure
|turn|1
|inactive|phap'a has 120 seconds left.
|c|☆kishuu10|Whats GLHF
|c|☆phap'a|cynthia looks mad good in that fit
|c|☆phap'a|GLHF = "Good luck, have fun"
|c|☆kishuu10|Oh do you want
|c|☆kishuu10|It
|inactive|phap'a has 90 seconds left.
|c|☆phap'a|idk, dude...do i?
|
|t:|1779697660
|move|p1a: Deoxys|Psycho Boost|p2a: Great Tusk
|-supereffective|p2a: Great Tusk
|-damage|p2a: Great Tusk|0 fnt
|-unboost|p1a: Deoxys|spa|2
|faint|p2a: Great Tusk
|-end|p2a: Great Tusk|Protosynthesis|[silent]
|
|upkeep
|c|☆kishuu10|If you want say me i will give you that avatar
|
|t:|1779697679
|switch|p2a: Kingambit|Kingambit, M|100/100
|-activate|p2a: Kingambit|ability: Supreme Overlord
|-start|p2a: Kingambit|fallen1|[silent]
|turn|2
|inactive|phap'a has 90 seconds left.
|c|☆phap'a|ok, let's stay focused
|c|☆kishuu10|Ok
|c|☆phap'a|i just like yakking in the chat
|
|t:|1779697701
|move|p2a: Kingambit|Sucker Punch||[still]
|-fail|p2a: Kingambit
|move|p1a: Deoxys|Reflect|p1a: Deoxys
|-sidestart|p1: phap'a|Reflect
|
|upkeep
|turn|3
|
|t:|1779697705
|move|p1a: Deoxys|Light Screen|p1a: Deoxys
|-sidestart|p1: phap'a|move: Light Screen
|move|p2a: Kingambit|Low Kick|p1a: Deoxys
|-resisted|p1a: Deoxys
|-damage|p1a: Deoxys|89/100
|
|upkeep
|turn|4
|
|t:|1779697708
|move|p1a: Deoxys|Thunder Wave|p2a: Kingambit|[miss]
|-miss|p1a: Deoxys|p2a: Kingambit
|move|p2a: Kingambit|Low Kick|p1a: Deoxys
|-resisted|p1a: Deoxys
|-damage|p1a: Deoxys|78/100
|
|upkeep
|turn|5
|
|t:|1779697722
|move|p1a: Deoxys|Thunder Wave|p2a: Kingambit
|-status|p2a: Kingambit|par
|cant|p2a: Kingambit|par
|
|upkeep
|turn|6
|
|t:|1779697728
|switch|p1a: Samurott|Samurott-Hisui, M|100/100
|cant|p2a: Kingambit|par
|
|upkeep
|turn|7
|
|t:|1779697734
|-terastallize|p2a: Kingambit|Ghost
|move|p1a: Samurott|Sacred Sword|p2a: Kingambit
|-immune|p2a: Kingambit
|move|p2a: Kingambit|Low Kick|p1a: Samurott
|-supereffective|p1a: Samurott
|-damage|p1a: Samurott|55/100
|
|upkeep
|turn|8
|
|t:|1779697742
|move|p1a: Samurott|Ceaseless Edge|p2a: Kingambit
|-supereffective|p2a: Kingambit
|-damage|p2a: Kingambit|15/100 par
|-sidestart|p2: kishuu10|Spikes
|-damage|p1a: Samurott|45/100|[from] item: Life Orb
|cant|p2a: Kingambit|par
|
|-heal|p2a: Kingambit|21/100 par|[from] item: Leftovers
|upkeep
|turn|9
|
|t:|1779697752
|move|p1a: Samurott|Ceaseless Edge|p2a: Kingambit
|-supereffective|p2a: Kingambit
|-damage|p2a: Kingambit|0 fnt
|-sidestart|p2: kishuu10|Spikes
|faint|p2a: Kingambit
|-end|p2a: Kingambit|fallen1|[silent]
|-damage|p1a: Samurott|35/100|[from] item: Life Orb
|
|-sideend|p1: phap'a|Reflect
|upkeep
|
|t:|1779697755
|switch|p2a: Cinderace|Cinderace, M|100/100
|turn|10
|
|t:|1779697761
|move|p2a: Cinderace|U-turn|p1a: Samurott
|-supereffective|p1a: Samurott
|-damage|p1a: Samurott|0 fnt
|faint|p1a: Samurott
|
|t:|1779697763
|switch|p2a: Zapdos|Zapdos, shiny|100/100|[from] U-turn
|
|-sideend|p1: phap'a|move: Light Screen
|upkeep
|
|t:|1779697767
|switch|p1a: Kyurem|Kyurem|100/100
|-ability|p1a: Kyurem|Pressure
|turn|11
|
|t:|1779697770
|move|p1a: Kyurem|Dragon Dance|p1a: Kyurem
|-boost|p1a: Kyurem|atk|1
|-boost|p1a: Kyurem|spe|1
|move|p2a: Zapdos|Hurricane|p1a: Kyurem|[miss]
|-miss|p2a: Zapdos|p1a: Kyurem
|
|upkeep
|turn|12
|
|t:|1779697775
|move|p1a: Kyurem|Icicle Spear|p2a: Zapdos
|-supereffective|p2a: Zapdos
|-damage|p2a: Zapdos|66/100
|-supereffective|p2a: Zapdos
|-damage|p2a: Zapdos|36/100
|-supereffective|p2a: Zapdos
|-damage|p2a: Zapdos|6/100
|-supereffective|p2a: Zapdos
|-damage|p2a: Zapdos|0 fnt
|faint|p2a: Zapdos
|-hitcount|p2: Zapdos|4
|
|upkeep
|
|t:|1779697780
|switch|p2a: Slowking|Slowking-Galar, M|100/100
|-damage|p2a: Slowking|84/100|[from] Spikes
|turn|13
|
|t:|1779697785
|move|p1a: Kyurem|Earth Power|p2a: Slowking
|-supereffective|p2a: Slowking
|-damage|p2a: Slowking|54/100
|move|p2a: Slowking|Future Sight|p1a: Kyurem
|-start|p2a: Slowking|move: Future Sight
|
|upkeep
|turn|14
|
|t:|1779697790
|move|p1a: Kyurem|Icicle Spear|p2a: Slowking
|-damage|p2a: Slowking|35/100
|-damage|p2a: Slowking|14/100
|-damage|p2a: Slowking|0 fnt
|faint|p2a: Slowking
|-hitcount|p2: Slowking|3
|
|upkeep
|
|t:|1779697795
|switch|p2a: Cinderace|Cinderace, M|100/100
|turn|15
|
|t:|1779697798
|move|p1a: Kyurem|Earth Power|p2a: Cinderace
|-supereffective|p2a: Cinderace
|-damage|p2a: Cinderace|37/100
|move|p2a: Cinderace|Pyro Ball|p1a: Kyurem
|-damage|p1a: Kyurem|53/100
|
|-end|p1a: Kyurem|move: Future Sight
|-damage|p1a: Kyurem|11/100
|upkeep
|turn|16
|
|t:|1779697803
|move|p1a: Kyurem|Earth Power|p2a: Cinderace
|-supereffective|p2a: Cinderace
|-damage|p2a: Cinderace|0 fnt
|faint|p2a: Cinderace
|
|upkeep
|
|t:|1779697806
|switch|p2a: Kyurem|Kyurem|100/100
|-damage|p2a: Kyurem|84/100|[from] Spikes
|-ability|p2a: Kyurem|Pressure
|turn|17
|c|☆kishuu10|Gg
|c|☆phap'a|gg
|c|☆phap'a|let's be frank, we both get schooled by cynthia
|
|t:|1779697831
|move|p1a: Kyurem|Icicle Spear|p2a: Kyurem
|-damage|p2a: Kyurem|62/100
|-damage|p2a: Kyurem|42/100
|-damage|p2a: Kyurem|22/100
|-damage|p2a: Kyurem|0 fnt
|faint|p2a: Kyurem
|-hitcount|p2: Kyurem|4
|
|win|phap'a
|raw|phap&apos;a's rating: 1182 &rarr; <strong>1211</strong><br />(+29 for winning)
|raw|kishuu10's rating: 1231 &rarr; <strong>1202</strong><br />(-29 for losing)
|l|☆kishuu10
|player|p2|
|c|☆phap'a|take care
