|j|☆fadingstrawberry
|j|☆SgtBrick14
|t:|1779663914
|gametype|singles
|player|p1|fadingstrawberry|may-masters|1453
|player|p2|SgtBrick14|pokemonranger|1419
|gen|9
|tier|[Gen 9] OU
|rated|
|rule|HP Percentage Mod: HP is shown in percentages
|rule|Endless Battle Clause: Forcing endless battles is banned
|rule|Species Clause: Limit one of each Pokémon
|rule|OHKO Clause: OHKO moves are banned
|rule|Evasion Items Clause: Evasion items are banned
|rule|Evasion Moves Clause: Evasion moves are banned
|rule|Evasion Abilities Clause: Evasion abilities are banned
|rule|Sleep Moves Clause: Sleep-inducing moves are banned
|clearpoke
|poke|p1|Pelipper, F|
|poke|p1|Ludicolo, F|
|poke|p1|Iron Treads|
|poke|p1|Barraskewda, F|
|poke|p1|Basculegion-F, F|
|poke|p1|Overqwil, M|
|poke|p2|Hatterene, F|
|poke|p2|Kleavor, M|
|poke|p2|Dragapult, M|
|poke|p2|Gengar, F|
|poke|p2|Kingambit, M|
|poke|p2|Blaziken, M|
|teampreview
|
|t:|1779663918
|teamsize|p1|6
|teamsize|p2|6
|start
|switch|p1a: Pelipper|Pelipper, F|100/100
|switch|p2a: Kleavor|Kleavor, M|100/100
|-weather|RainDance|[from] ability: Drizzle|[of] p1a: Pelipper
|turn|1
|
|t:|1779663928
|move|p2a: Kleavor|Stone Axe|p1a: Pelipper
|-supereffective|p1a: Pelipper
|-damage|p1a: Pelipper|11/100
|-sidestart|p1: fadingstrawberry|move: Stealth Rock
|move|p1a: Pelipper|Weather Ball|p2a: Kleavor
|-supereffective|p2a: Kleavor
|-damage|p2a: Kleavor|0 fnt
|faint|p2a: Kleavor
|
|-weather|RainDance|[upkeep]
|upkeep
|inactive|Battle timer is ON: inactive players will automatically lose when time's up. (requested by fadingstrawberry)
|
|t:|1779663941
|switch|p2a: Gengar|Gengar, F|100/100
|turn|2
|
|t:|1779663945
|switch|p1a: Iron Treads|Iron Treads|100/100
|-damage|p1a: Iron Treads|97/100|[from] Stealth Rock
|move|p2a: Gengar|Shadow Ball|p1a: Iron Treads
|-damage|p1a: Iron Treads|74/100
|
|-weather|RainDance|[upkeep]
|upkeep
|turn|3
|
|t:|1779663949
|move|p2a: Gengar|Shadow Ball|p1a: Iron Treads
|-crit|p1a: Iron Treads
|-damage|p1a: Iron Treads|40/100
|-unboost|p1a: Iron Treads|spd|1
|move|p1a: Iron Treads|Earthquake|p2a: Gengar
|-supereffective|p2a: Gengar
|-enditem|p2a: Gengar|Focus Sash
|-damage|p2a: Gengar|1/100
|
|-weather|RainDance|[upkeep]
|upkeep
|turn|4
|
|t:|1779663955
|-end|p1a: Iron Treads|Quark Drive|[silent]
|switch|p1a: Overqwil|Overqwil, M|100/100
|-damage|p1a: Overqwil|88/100|[from] Stealth Rock
|move|p2a: Gengar|Shadow Ball|p1a: Overqwil
|-resisted|p1a: Overqwil
|-damage|p1a: Overqwil|50/100
|
|-weather|RainDance|[upkeep]
|upkeep
|turn|5
|
|t:|1779663969
|move|p1a: Overqwil|Liquidation|p2a: Gengar
|-damage|p2a: Gengar|0 fnt
|-start|p1a: Overqwil|Disable|Liquidation|[from] ability: Cursed Body|[of] p2a: Gengar
|faint|p2a: Gengar
|-damage|p1a: Overqwil|40/100|[from] item: Life Orb
|
|-weather|RainDance|[upkeep]
|upkeep
|
|t:|1779663985
|switch|p2a: Dragapult|Dragapult, M|100/100
|turn|6
|
|t:|1779663987
|move|p1a: Overqwil|Crunch|p2a: Dragapult
|-supereffective|p2a: Dragapult
|-enditem|p2a: Dragapult|Focus Sash
|-damage|p2a: Dragapult|1/100
|-damage|p1a: Overqwil|30/100|[from] item: Life Orb
|move|p2a: Dragapult|Dragon Dance|p2a: Dragapult
|-boost|p2a: Dragapult|atk|1
|-boost|p2a: Dragapult|spe|1
|
|-weather|RainDance|[upkeep]
|upkeep
|turn|7
|
|t:|1779663991
|move|p2a: Dragapult|Sucker Punch|p1a: Overqwil
|-resisted|p1a: Overqwil
|-damage|p1a: Overqwil|8/100
|move|p1a: Overqwil|Crunch|p2a: Dragapult
|-supereffective|p2a: Dragapult
|-crit|p2a: Dragapult
|-damage|p2a: Dragapult|0 fnt
|faint|p2a: Dragapult
|-damage|p1a: Overqwil|0 fnt|[from] item: Life Orb
|faint|p1a: Overqwil
|
|-weather|RainDance|[upkeep]
|upkeep
|
|t:|1779664005
|switch|p2a: Blaziken|Blaziken, M|100/100
|switch|p1a: Iron Treads|Iron Treads|40/100
|-damage|p1a: Iron Treads|37/100|[from] Stealth Rock
|turn|8
|
|t:|1779664012
|move|p2a: Blaziken|Swords Dance|p2a: Blaziken
|-boost|p2a: Blaziken|atk|2
|move|p1a: Iron Treads|Rapid Spin|p2a: Blaziken
|-damage|p2a: Blaziken|73/100
|-boost|p1a: Iron Treads|spe|1
|-sideend|p1: fadingstrawberry|Stealth Rock|[from] move: Rapid Spin|[of] p1a: Iron Treads
|
|-weather|none
|-ability|p2a: Blaziken|Speed Boost|boost
|-boost|p2a: Blaziken|spe|1
|upkeep
|turn|9
|
|t:|1779664016
|move|p2a: Blaziken|Knock Off|p1a: Iron Treads
|-damage|p1a: Iron Treads|0 fnt
|-enditem|p1a: Iron Treads|Assault Vest|[from] move: Knock Off|[of] p2a: Blaziken
|faint|p1a: Iron Treads
|-end|p1a: Iron Treads|Quark Drive|[silent]
|
|-ability|p2a: Blaziken|Speed Boost|boost
|-boost|p2a: Blaziken|spe|1
|upkeep
|
|t:|1779664018
|switch|p1a: Pelipper|Pelipper, F|11/100
|-weather|RainDance|[from] ability: Drizzle|[of] p1a: Pelipper
|turn|10
|
|t:|1779664021
|move|p2a: Blaziken|Knock Off|p1a: Pelipper
|-damage|p1a: Pelipper|0 fnt
|-enditem|p1a: Pelipper|Damp Rock|[from] move: Knock Off|[of] p2a: Blaziken
|faint|p1a: Pelipper
|
|-weather|RainDance|[upkeep]
|-ability|p2a: Blaziken|Speed Boost|boost
|-boost|p2a: Blaziken|spe|1
|upkeep
|
|t:|1779664032
|switch|p1a: Barraskewda|Barraskewda, F|100/100
|turn|11
|
|t:|1779664048
|move|p1a: Barraskewda|Flip Turn|p2a: Blaziken
|-supereffective|p2a: Blaziken
|-damage|p2a: Blaziken|0 fnt
|faint|p2a: Blaziken
|
|t:|1779664056
|switch|p1a: Ludicolo|Ludicolo, F|100/100|[from] Flip Turn
|
|-weather|RainDance|[upkeep]
|upkeep
|
|t:|1779664067
|switch|p2a: Hatterene|Hatterene, F|100/100
|turn|12
|
|t:|1779664071
|move|p1a: Ludicolo|Hydro Pump|p2a: Hatterene
|-enditem|p2a: Hatterene|Focus Sash
|-damage|p2a: Hatterene|1/100
|-damage|p1a: Ludicolo|91/100|[from] item: Life Orb
|move|p2a: Hatterene|Trick Room|p2a: Hatterene
|-fieldstart|move: Trick Room|[of] p2a: Hatterene
|
|-weather|RainDance|[upkeep]
|upkeep
|turn|13
|
|t:|1779664075
|move|p2a: Hatterene|Misty Explosion|p1a: Ludicolo
|-damage|p1a: Ludicolo|24/100
|faint|p2a: Hatterene
|move|p1a: Ludicolo|Giga Drain|p2: Hatterene|[notarget]
|-fail|p1a: Ludicolo
|
|-weather|RainDance|[upkeep]
|upkeep
|
|t:|1779664084
|switch|p2a: Kingambit|Kingambit, M|100/100
|-activate|p2a: Kingambit|ability: Supreme Overlord
|-start|p2a: Kingambit|fallen5|[silent]
|turn|14
|
|t:|1779664086
|move|p2a: Kingambit|Kowtow Cleave|p1a: Ludicolo
|-damage|p1a: Ludicolo|0 fnt
|faint|p1a: Ludicolo
|-damage|p2a: Kingambit|91/100|[from] item: Life Orb
|
|-weather|RainDance|[upkeep]
|upkeep
|
|t:|1779664097
|switch|p1a: Basculegion|Basculegion-F, F|100/100
|turn|15
|
|t:|1779664102
|-terastallize|p1a: Basculegion|Electric
|move|p2a: Kingambit|Kowtow Cleave|p1a: Basculegion
|-damage|p1a: Basculegion|0 fnt
|faint|p1a: Basculegion
|-damage|p2a: Kingambit|81/100|[from] item: Life Orb
|
|-weather|RainDance|[upkeep]
|upkeep
|
|t:|1779664106
|switch|p1a: Barraskewda|Barraskewda, F|100/100
|turn|16
|
|t:|1779664109
|-terastallize|p2a: Kingambit|Dark
|move|p2a: Kingambit|Sucker Punch|p1a: Barraskewda
|-damage|p1a: Barraskewda|0 fnt
|faint|p1a: Barraskewda
|-damage|p2a: Kingambit|71/100|[from] item: Life Orb
|
|win|SgtBrick14
|raw|fadingstrawberry's rating: 1453 &rarr; <strong>1431</strong><br />(-22 for losing)
|raw|SgtBrick14's rating: 1419 &rarr; <strong>1441</strong><br />(+22 for winning)
|l|☆SgtBrick14
|player|p2|
