|j|☆ohko by scald
|j|☆keirimm
|t:|1779560404
|gametype|singles
|player|p1|ohko by scald|roxie-masters|1522
|player|p2|keirimm|rocketgruntf|1574
|gen|9
|tier|[Gen 9] OU
|rated|
|rule|HP Percentage Mod: HP is shown in percentages
|rule|Endless Battle Clause: Forcing endless battles is banned
|rule|Species Clause: Limit one of each Pokémon
|rule|OHKO Clause: OHKO moves are banned
|rule|Evasion Items Clause: Evasion items are banned
|rule|Evasion Moves Clause: Evasion moves are banned
|rule|Evasion Abilities Clause: Evasion abilities are banned
|rule|Sleep Moves Clause: Sleep-inducing moves are banned
|clearpoke
|poke|p1|Zamazenta-*|
|poke|p1|Kingambit, F|
|poke|p1|Samurott-Hisui, F|
|poke|p1|Landorus-Therian, M|
|poke|p1|Iron Valiant|
|poke|p1|Toxtricity, F|
|poke|p2|Iron Valiant|
|poke|p2|Excadrill, M|
|poke|p2|Tyranitar, M|
|poke|p2|Tornadus-Therian, M|
|poke|p2|Ogerpon-Cornerstone, F|
|poke|p2|Toxapex, M|
|teampreview
|inactive|Battle timer is ON: inactive players will automatically lose when time's up. (requested by ohko by scald)
|inactive|ohko by scald has 120 seconds left.
|
|t:|1779560445
|teamsize|p1|6
|teamsize|p2|6
|start
|switch|p1a: Samurott|Samurott-Hisui, F|100/100
|switch|p2a: Tyranitar|Tyranitar, M, shiny|100/100
|-weather|Sandstorm|[from] ability: Sand Stream|[of] p2a: Tyranitar
|turn|1
|
|t:|1779560451
|switch|p2a: Toxapex|Toxapex, M, shiny|100/100
|move|p1a: Samurott|Ceaseless Edge|p2a: Toxapex
|-damage|p2a: Toxapex|65/100
|-sidestart|p2: keirimm|Spikes
|-enditem|p2a: Toxapex|Eject Button
|
|t:|1779560453
|switch|p2a: Iron Valiant|Iron Valiant, shiny|100/100
|-damage|p2a: Iron Valiant|88/100|[from] Spikes
|
|-weather|Sandstorm|[upkeep]
|-damage|p2a: Iron Valiant|82/100|[from] Sandstorm
|-damage|p1a: Samurott|94/100|[from] Sandstorm
|upkeep
|turn|2
|
|t:|1779560483
|move|p2a: Iron Valiant|Moonblast|p1a: Samurott
|-supereffective|p1a: Samurott
|-damage|p1a: Samurott|0 fnt
|faint|p1a: Samurott
|
|-weather|Sandstorm|[upkeep]
|-damage|p2a: Iron Valiant|76/100|[from] Sandstorm
|upkeep
|inactive|ohko by scald has 120 seconds left.
|j| FaronAan
|
|t:|1779560507
|switch|p1a: Toxtricity|Toxtricity, F|100/100
|turn|3
|
|t:|1779560523
|-end|p2a: Iron Valiant|Quark Drive|[silent]
|switch|p2a: Excadrill|Excadrill, M, shiny|100/100
|-damage|p2a: Excadrill|88/100|[from] Spikes
|move|p1a: Toxtricity|Drain Punch|p2a: Excadrill
|-supereffective|p2a: Excadrill
|-damage|p2a: Excadrill|33/100
|-damage|p1a: Toxtricity|91/100|[from] item: Life Orb
|
|-weather|Sandstorm|[upkeep]
|-damage|p1a: Toxtricity|84/100|[from] Sandstorm
|-heal|p2a: Excadrill|39/100|[from] item: Leftovers
|upkeep
|turn|4
|
|t:|1779560536
|switch|p1a: Landorus|Landorus-Therian, M|100/100
|-ability|p1a: Landorus|Intimidate|boost
|-unboost|p2a: Excadrill|atk|1
|move|p2a: Excadrill|Rapid Spin|p1a: Landorus
|-damage|p1a: Landorus|88/100
|-boost|p2a: Excadrill|spe|1
|-damage|p2a: Excadrill|23/100|[from] item: Rocky Helmet|[of] p1a: Landorus
|-sideend|p2: keirimm|Spikes|[from] move: Rapid Spin|[of] p2a: Excadrill
|
|-weather|Sandstorm|[upkeep]
|-heal|p2a: Excadrill|29/100|[from] item: Leftovers
|upkeep
|turn|5
|
|t:|1779560549
|switch|p2a: Tornadus|Tornadus-Therian, M, shiny|100/100
|move|p1a: Landorus|Stealth Rock|p2a: Tornadus
|-sidestart|p2: keirimm|move: Stealth Rock
|
|-weather|Sandstorm|[upkeep]
|-damage|p2a: Tornadus|94/100|[from] Sandstorm
|upkeep
|turn|6
|j| Kyurem
|
|t:|1779560573
|-terastallize|p2a: Tornadus|Flying
|move|p2a: Tornadus|Bleakwind Storm|p1a: Landorus
|-damage|p1a: Landorus|0 fnt
|faint|p1a: Landorus
|
|-weather|Sandstorm|[upkeep]
|-damage|p2a: Tornadus|88/100|[from] Sandstorm
|upkeep
|inactive|ohko by scald has 90 seconds left.
|
|t:|1779560618
|switch|p1a: Iron Valiant|Iron Valiant|100/100
|-enditem|p1a: Iron Valiant|Booster Energy
|-activate|p1a: Iron Valiant|ability: Quark Drive|[fromitem]
|-start|p1a: Iron Valiant|quarkdrivespe
|turn|7
|
|t:|1779560628
|move|p1a: Iron Valiant|Thunderbolt|p2a: Tornadus
|-supereffective|p2a: Tornadus
|-damage|p2a: Tornadus|20/100
|move|p2a: Tornadus|Bleakwind Storm|p1a: Iron Valiant|[miss]
|-miss|p2a: Tornadus|p1a: Iron Valiant
|
|-weather|Sandstorm|[upkeep]
|-damage|p1a: Iron Valiant|94/100|[from] Sandstorm
|-damage|p2a: Tornadus|14/100|[from] Sandstorm
|upkeep
|turn|8
|
|t:|1779560638
|switch|p2a: Toxapex|Toxapex, M, shiny|98/100
|-damage|p2a: Toxapex|86/100|[from] Stealth Rock
|move|p1a: Iron Valiant|Moonblast|p2a: Toxapex
|-resisted|p2a: Toxapex
|-damage|p2a: Toxapex|68/100
|
|-weather|none
|upkeep
|turn|9
|
|t:|1779560645
|switch|p2a: Tyranitar|Tyranitar, M, shiny|100/100
|-damage|p2a: Tyranitar|88/100|[from] Stealth Rock
|-weather|Sandstorm|[from] ability: Sand Stream|[of] p2a: Tyranitar
|move|p1a: Iron Valiant|Calm Mind|p1a: Iron Valiant
|-boost|p1a: Iron Valiant|spa|1
|-boost|p1a: Iron Valiant|spd|1
|
|-weather|Sandstorm|[upkeep]
|-damage|p1a: Iron Valiant|88/100|[from] Sandstorm
|upkeep
|turn|10
|
|t:|1779560652
|switch|p2a: Toxapex|Toxapex, M, shiny|100/100
|-damage|p2a: Toxapex|88/100|[from] Stealth Rock
|move|p1a: Iron Valiant|Moonblast|p2a: Toxapex
|-resisted|p2a: Toxapex
|-damage|p2a: Toxapex|62/100
|
|-weather|Sandstorm|[upkeep]
|-damage|p1a: Iron Valiant|82/100|[from] Sandstorm
|-damage|p2a: Toxapex|56/100|[from] Sandstorm
|upkeep
|turn|11
|inactive|ohko by scald has 90 seconds left.
|
|t:|1779560661
|move|p1a: Iron Valiant|Psyshock|p2a: Toxapex
|-supereffective|p2a: Toxapex
|-damage|p2a: Toxapex|2/100
|move|p2a: Toxapex|Haze|p2a: Toxapex
|-clearallboost
|
|-weather|Sandstorm|[upkeep]
|-damage|p1a: Iron Valiant|76/100|[from] Sandstorm
|-damage|p2a: Toxapex|0 fnt|[from] Sandstorm
|faint|p2a: Toxapex
|upkeep
|
|t:|1779560665
|switch|p2a: Excadrill|Excadrill, M, shiny|29/100
|-damage|p2a: Excadrill|26/100|[from] Stealth Rock
|turn|12
|
|t:|1779560679
|move|p2a: Excadrill|Earthquake|p1a: Iron Valiant
|-damage|p1a: Iron Valiant|0 fnt
|faint|p1a: Iron Valiant
|-end|p1a: Iron Valiant|Quark Drive|[silent]
|
|-weather|Sandstorm|[upkeep]
|-heal|p2a: Excadrill|32/100|[from] item: Leftovers
|upkeep
|
|t:|1779560685
|switch|p1a: Zamazenta|Zamazenta|100/100
|-ability|p1a: Zamazenta|Dauntless Shield|boost
|-boost|p1a: Zamazenta|def|1
|turn|13
|
|t:|1779560696
|move|p2a: Excadrill|Rapid Spin|p1a: Zamazenta
|-damage|p1a: Zamazenta|90/100
|-boost|p2a: Excadrill|spe|1
|-sideend|p2: keirimm|Stealth Rock|[from] move: Rapid Spin|[of] p2a: Excadrill
|move|p1a: Zamazenta|Body Press|p2a: Excadrill
|-supereffective|p2a: Excadrill
|-damage|p2a: Excadrill|0 fnt
|faint|p2a: Excadrill
|
|-weather|Sandstorm|[upkeep]
|-damage|p1a: Zamazenta|84/100|[from] Sandstorm
|-heal|p1a: Zamazenta|90/100|[from] item: Leftovers
|upkeep
|
|t:|1779560700
|switch|p2a: Tornadus|Tornadus-Therian, M, shiny, tera:Flying|47/100
|turn|14
|
|t:|1779560716
|move|p1a: Zamazenta|Body Press|p2a: Tornadus
|-resisted|p2a: Tornadus
|-damage|p2a: Tornadus|14/100
|move|p2a: Tornadus|Bleakwind Storm|p1a: Zamazenta
|-supereffective|p1a: Zamazenta
|-damage|p1a: Zamazenta|0 fnt
|faint|p1a: Zamazenta
|
|-weather|Sandstorm|[upkeep]
|-damage|p2a: Tornadus|8/100|[from] Sandstorm
|upkeep
|
|t:|1779560719
|switch|p1a: Toxtricity|Toxtricity, F|84/100
|turn|15
|
|t:|1779560723
|move|p2a: Tornadus|Bleakwind Storm|p1a: Toxtricity
|-resisted|p1a: Toxtricity
|-damage|p1a: Toxtricity|11/100
|move|p1a: Toxtricity|Shift Gear|p1a: Toxtricity
|-boost|p1a: Toxtricity|spe|2
|-boost|p1a: Toxtricity|atk|1
|
|-weather|Sandstorm|[upkeep]
|-damage|p1a: Toxtricity|5/100|[from] Sandstorm
|-damage|p2a: Tornadus|2/100|[from] Sandstorm
|upkeep
|turn|16
|
|t:|1779560733
|move|p1a: Toxtricity|Drain Punch|p2a: Tornadus
|-resisted|p2a: Tornadus
|-damage|p2a: Tornadus|0 fnt
|-heal|p1a: Toxtricity|5/100|[from] drain|[of] p2a: Tornadus
|faint|p2a: Tornadus
|-damage|p1a: Toxtricity|0 fnt|[from] item: Life Orb
|faint|p1a: Toxtricity
|
|-weather|none
|upkeep
|
|t:|1779560740
|switch|p2a: Iron Valiant|Iron Valiant, shiny|76/100
|switch|p1a: Kingambit|Kingambit, F|100/100
|-activate|p1a: Kingambit|ability: Supreme Overlord
|-start|p1a: Kingambit|fallen5|[silent]
|turn|17
|inactive|ohko by scald has 120 seconds left.
|
|t:|1779560748
|-terastallize|p1a: Kingambit|Ghost
|move|p2a: Iron Valiant|Moonblast|p1a: Kingambit
|-damage|p1a: Kingambit|35/100
|move|p1a: Kingambit|Iron Head|p2a: Iron Valiant
|-supereffective|p2a: Iron Valiant
|-damage|p2a: Iron Valiant|0 fnt
|faint|p2a: Iron Valiant
|-end|p2a: Iron Valiant|Quark Drive|[silent]
|
|-heal|p1a: Kingambit|41/100|[from] item: Leftovers
|upkeep
|
|t:|1779560752
|switch|p2a: Ogerpon|Ogerpon-Cornerstone, F|100/100
|turn|18
|
|t:|1779560759
|move|p2a: Ogerpon|Knock Off|p1a: Kingambit
|-supereffective|p1a: Kingambit
|-damage|p1a: Kingambit|0 fnt
|-enditem|p1a: Kingambit|Leftovers|[from] move: Knock Off|[of] p2a: Ogerpon
|faint|p1a: Kingambit
|-end|p1a: Kingambit|fallen5|[silent]
|
|win|keirimm
|raw|ohko by scald's rating: 1522 &rarr; <strong>1505</strong><br />(-17 for losing)
|raw|keirimm's rating: 1574 &rarr; <strong>1591</strong><br />(+17 for winning)
|l|☆keirimm
|player|p2|
|l|☆ohko by scald
|player|p1|
|l| FaronAan
