|j|☆owl_with_scarf
|j|‽Alakazam darnold
|t:|1779677913
|gametype|singles
|player|p1|owl_with_scarf|#owlwithscarf|1535
|player|p2|Alakazam darnold|li|1431
|gen|9
|tier|[Gen 9] OU
|rated|
|rule|HP Percentage Mod: HP is shown in percentages
|rule|Endless Battle Clause: Forcing endless battles is banned
|rule|Species Clause: Limit one of each Pokémon
|rule|OHKO Clause: OHKO moves are banned
|rule|Evasion Items Clause: Evasion items are banned
|rule|Evasion Moves Clause: Evasion moves are banned
|rule|Evasion Abilities Clause: Evasion abilities are banned
|rule|Sleep Moves Clause: Sleep-inducing moves are banned
|clearpoke
|poke|p1|Keldeo-Resolute|
|poke|p1|Tyranitar, M|
|poke|p1|Mandibuzz, F|
|poke|p1|Zamazenta-*|
|poke|p1|Iron Thorns|
|poke|p1|Palossand, M|
|poke|p2|Ting-Lu|
|poke|p2|Dragonite, M|
|poke|p2|Volcanion|
|poke|p2|Zamazenta-*|
|poke|p2|Regieleki|
|poke|p2|Iron Crown|
|teampreview
|inactive|Battle timer is ON: inactive players will automatically lose when time's up. (requested by owl_with_scarf)
|
|t:|1779677918
|teamsize|p1|6
|teamsize|p2|6
|start
|switch|p1a: Tyranitar|Tyranitar, M|100/100
|switch|p2a: Iron Crown|Iron Crown|100/100
|-weather|Sandstorm|[from] ability: Sand Stream|[of] p1a: Tyranitar
|turn|1
|
|t:|1779677925
|-terastallize|p2a: Iron Crown|Steel
|move|p2a: Iron Crown|Tachyon Cutter|p1a: Tyranitar
|-supereffective|p1a: Tyranitar
|-damage|p1a: Tyranitar|73/100
|-supereffective|p1a: Tyranitar
|-damage|p1a: Tyranitar|46/100
|-hitcount|p1a: Tyranitar|2
|move|p1a: Tyranitar|Knock Off|p2a: Iron Crown
|-damage|p2a: Iron Crown|45/100
|-enditem|p2a: Iron Crown|Choice Specs|[from] move: Knock Off|[of] p1a: Tyranitar
|
|-weather|Sandstorm|[upkeep]
|upkeep
|turn|2
|
|t:|1779677933
|move|p2a: Iron Crown|Tachyon Cutter|p1a: Tyranitar
|-supereffective|p1a: Tyranitar
|-damage|p1a: Tyranitar|25/100
|-supereffective|p1a: Tyranitar
|-damage|p1a: Tyranitar|6/100
|-hitcount|p1a: Tyranitar|2
|move|p1a: Tyranitar|Earthquake|p2a: Iron Crown
|-supereffective|p2a: Iron Crown
|-damage|p2a: Iron Crown|0 fnt
|faint|p2a: Iron Crown
|-end|p2a: Iron Crown|Quark Drive|[silent]
|
|-weather|Sandstorm|[upkeep]
|upkeep
|
|t:|1779677942
|switch|p2a: Ting-Lu|Ting-Lu|100/100
|-ability|p2a: Ting-Lu|Vessel of Ruin
|turn|3
|
|t:|1779677946
|move|p1a: Tyranitar|Knock Off|p2a: Ting-Lu
|-resisted|p2a: Ting-Lu
|-damage|p2a: Ting-Lu|89/100
|-enditem|p2a: Ting-Lu|Leftovers|[from] move: Knock Off|[of] p1a: Tyranitar
|move|p2a: Ting-Lu|Earthquake|p1a: Tyranitar
|-supereffective|p1a: Tyranitar
|-damage|p1a: Tyranitar|0 fnt
|faint|p1a: Tyranitar
|
|-weather|Sandstorm|[upkeep]
|upkeep
|
|t:|1779677949
|switch|p1a: Keldeo|Keldeo-Resolute|100/100
|turn|4
|
|t:|1779677951
|move|p1a: Keldeo|Calm Mind|p1a: Keldeo
|-boost|p1a: Keldeo|spa|1
|-boost|p1a: Keldeo|spd|1
|move|p2a: Ting-Lu|Whirlwind|p1a: Keldeo
|drag|p1a: Iron Thorns|Iron Thorns|100/100
|
|-weather|Sandstorm|[upkeep]
|upkeep
|turn|5
|
|t:|1779677956
|-terastallize|p1a: Iron Thorns|Bug
|move|p1a: Iron Thorns|Dragon Dance|p1a: Iron Thorns
|-boost|p1a: Iron Thorns|atk|1
|-boost|p1a: Iron Thorns|spe|1
|move|p2a: Ting-Lu|Stealth Rock|p1a: Iron Thorns
|-sidestart|p1: owl_with_scarf|move: Stealth Rock
|
|-weather|none
|upkeep
|turn|6
|
|t:|1779677959
|move|p1a: Iron Thorns|Pin Missile|p2a: Ting-Lu
|-supereffective|p2a: Ting-Lu
|-damage|p2a: Ting-Lu|63/100
|-supereffective|p2a: Ting-Lu
|-damage|p2a: Ting-Lu|40/100
|-supereffective|p2a: Ting-Lu
|-damage|p2a: Ting-Lu|16/100
|-supereffective|p2a: Ting-Lu
|-damage|p2a: Ting-Lu|0 fnt
|faint|p2a: Ting-Lu
|-hitcount|p2: Ting-Lu|4
|
|upkeep
|
|t:|1779677967
|switch|p2a: Regieleki|Regieleki|100/100
|turn|7
|
|t:|1779677976
|move|p2a: Regieleki|Volt Switch|p1a: Iron Thorns
|-damage|p1a: Iron Thorns|54/100
|
|t:|1779677979
|switch|p2a: Dragonite|Dragonite, M|100/100|[from] Volt Switch
|move|p1a: Iron Thorns|Pin Missile|p2a: Dragonite
|-resisted|p2a: Dragonite
|-crit|p2a: Dragonite
|-damage|p2a: Dragonite|93/100
|-resisted|p2a: Dragonite
|-damage|p2a: Dragonite|83/100
|-resisted|p2a: Dragonite
|-damage|p2a: Dragonite|72/100
|-resisted|p2a: Dragonite
|-damage|p2a: Dragonite|63/100
|-resisted|p2a: Dragonite
|-damage|p2a: Dragonite|53/100
|-hitcount|p2a: Dragonite|5
|
|upkeep
|turn|8
|
|t:|1779677984
|move|p1a: Iron Thorns|Rock Blast|p2a: Dragonite
|-supereffective|p2a: Dragonite
|-damage|p2a: Dragonite|9/100
|-supereffective|p2a: Dragonite
|-damage|p2a: Dragonite|0 fnt
|faint|p2a: Dragonite
|-hitcount|p2: Dragonite|2
|
|upkeep
|
|t:|1779677987
|switch|p2a: Zamazenta|Zamazenta|100/100
|-ability|p2a: Zamazenta|Dauntless Shield|boost
|-boost|p2a: Zamazenta|def|1
|turn|9
|
|t:|1779677990
|-end|p1a: Iron Thorns|Quark Drive|[silent]
|switch|p1a: Palossand|Palossand, M|100/100
|-damage|p1a: Palossand|94/100|[from] Stealth Rock
|move|p2a: Zamazenta|Stone Edge|p1a: Palossand|[miss]
|-miss|p2a: Zamazenta|p1a: Palossand
|
|-heal|p1a: Palossand|100/100|[from] item: Leftovers
|upkeep
|turn|10
|
|t:|1779677994
|move|p2a: Zamazenta|Crunch|p1a: Palossand
|-supereffective|p1a: Palossand
|-damage|p1a: Palossand|50/100
|-damage|p2a: Zamazenta|91/100|[from] item: Life Orb
|move|p1a: Palossand|Scorching Sands|p2a: Zamazenta
|-damage|p2a: Zamazenta|67/100
|-status|p2a: Zamazenta|brn
|
|-heal|p1a: Palossand|57/100|[from] item: Leftovers
|-damage|p2a: Zamazenta|61/100 brn|[from] brn
|upkeep
|turn|11
|
|t:|1779677998
|switch|p2a: Volcanion|Volcanion|100/100
|move|p1a: Palossand|Shore Up|p1a: Palossand
|-heal|p1a: Palossand|100/100
|
|upkeep
|turn|12
|
|t:|1779678005
|switch|p1a: Keldeo|Keldeo-Resolute|100/100
|-damage|p1a: Keldeo|94/100|[from] Stealth Rock
|move|p2a: Volcanion|Fire Spin|p1a: Keldeo|[miss]
|-miss|p2a: Volcanion|p1a: Keldeo
|
|-heal|p1a: Keldeo|100/100|[from] item: Leftovers
|upkeep
|turn|13
|
|t:|1779678008
|switch|p2a: Zamazenta|Zamazenta|61/100 brn
|move|p1a: Keldeo|Calm Mind|p1a: Keldeo
|-boost|p1a: Keldeo|spa|1
|-boost|p1a: Keldeo|spd|1
|
|-damage|p2a: Zamazenta|55/100 brn|[from] brn
|upkeep
|turn|14
|
|t:|1779678011
|move|p2a: Zamazenta|Close Combat|p1a: Keldeo
|-crit|p1a: Keldeo
|-damage|p1a: Keldeo|44/100
|-unboost|p2a: Zamazenta|def|1
|-unboost|p2a: Zamazenta|spd|1
|-damage|p2a: Zamazenta|45/100 brn|[from] item: Life Orb
|move|p1a: Keldeo|Surf|p2a: Zamazenta
|-damage|p2a: Zamazenta|0 fnt
|faint|p2a: Zamazenta
|
|-heal|p1a: Keldeo|50/100|[from] item: Leftovers
|upkeep
|
|t:|1779678016
|switch|p2a: Regieleki|Regieleki|100/100
|turn|15
|
|t:|1779678017
|move|p1a: Keldeo|Vacuum Wave|p2a: Regieleki
|-damage|p2a: Regieleki|38/100
|move|p2a: Regieleki|Electro Ball|p1a: Keldeo
|-supereffective|p1a: Keldeo
|-damage|p1a: Keldeo|0 fnt
|faint|p1a: Keldeo
|
|upkeep
|
|t:|1779678020
|switch|p1a: Palossand|Palossand, M|100/100
|-damage|p1a: Palossand|94/100|[from] Stealth Rock
|turn|16
|inactive|Alakazam darnold has 120 seconds left.
|inactive|Alakazam darnold has 90 seconds left.
|inactive|Alakazam darnold has 60 seconds left.
|inactive|Alakazam darnold has 30 seconds left.
|inactive|Alakazam darnold has 20 seconds left.
|inactive|Alakazam darnold has 15 seconds left.
|inactive|Alakazam darnold has 10 seconds left.
|inactive|Alakazam darnold has 5 seconds left.
|-message|Alakazam darnold lost due to inactivity.
|
|win|owl_with_scarf
|raw|owl_with_scarf's rating: 1535 &rarr; <strong>1549</strong><br />(+14 for winning)
|raw|Alakazam darnold's rating: 1431 &rarr; <strong>1417</strong><br />(-14 for losing)
|l|☆owl_with_scarf
|player|p1|
|l|‽Alakazam darnold
|player|p2|
