|j|☆Laban1024
|j|☆BlabberSaur
|t:|1779652640
|gametype|singles
|player|p1|Laban1024|koga|
|player|p2|BlabberSaur|wallace|
|gen|9
|tier|[Gen 9] OU
|rule|HP Percentage Mod: HP is shown in percentages
|rule|Endless Battle Clause: Forcing endless battles is banned
|rule|Species Clause: Limit one of each Pokémon
|rule|OHKO Clause: OHKO moves are banned
|rule|Evasion Items Clause: Evasion items are banned
|rule|Evasion Moves Clause: Evasion moves are banned
|rule|Evasion Abilities Clause: Evasion abilities are banned
|rule|Sleep Moves Clause: Sleep-inducing moves are banned
|clearpoke
|poke|p1|Torkoal, M|
|poke|p1|Ceruledge, M|
|poke|p1|Lilligant-Hisui, F|
|poke|p1|Walking Wake|
|poke|p1|Raging Bolt|
|poke|p1|Great Tusk|
|poke|p2|Gliscor, M|
|poke|p2|Dragapult, F|
|poke|p2|Blaziken, F|
|poke|p2|Garganacl, M|
|poke|p2|Zamazenta-*|
|poke|p2|Kingambit, F|
|teampreview
|inactive|Battle timer is ON: inactive players will automatically lose when time's up. (requested by BlabberSaur)
|
|t:|1779652656
|teamsize|p1|6
|teamsize|p2|6
|start
|switch|p1a: Torkoal|Torkoal, M|100/100
|switch|p2a: Blaziken|Blaziken, F|100/100
|-weather|SunnyDay|[from] ability: Drought|[of] p1a: Torkoal
|turn|1
|
|t:|1779652674
|move|p2a: Blaziken|Close Combat|p1a: Torkoal
|-damage|p1a: Torkoal|53/100
|-unboost|p2a: Blaziken|def|1
|-unboost|p2a: Blaziken|spd|1
|-damage|p2a: Blaziken|91/100|[from] item: Life Orb
|move|p1a: Torkoal|Clear Smog|p2a: Blaziken
|-damage|p2a: Blaziken|66/100
|-clearboost|p2a: Blaziken
|
|-weather|SunnyDay|[upkeep]
|-ability|p2a: Blaziken|Speed Boost|boost
|-boost|p2a: Blaziken|spe|1
|upkeep
|turn|2
|
|t:|1779652688
|move|p2a: Blaziken|Thunder Punch|p1a: Torkoal
|-damage|p1a: Torkoal|31/100
|-damage|p2a: Blaziken|56/100|[from] item: Life Orb
|move|p1a: Torkoal|Clear Smog|p2a: Blaziken
|-damage|p2a: Blaziken|39/100
|-clearboost|p2a: Blaziken
|
|-weather|SunnyDay|[upkeep]
|-ability|p2a: Blaziken|Speed Boost|boost
|-boost|p2a: Blaziken|spe|1
|upkeep
|turn|3
|
|t:|1779652699
|move|p2a: Blaziken|Close Combat|p1a: Torkoal
|-damage|p1a: Torkoal|0 fnt
|-unboost|p2a: Blaziken|def|1
|-unboost|p2a: Blaziken|spd|1
|faint|p1a: Torkoal
|-damage|p2a: Blaziken|29/100|[from] item: Life Orb
|
|-weather|SunnyDay|[upkeep]
|-ability|p2a: Blaziken|Speed Boost|boost
|-boost|p2a: Blaziken|spe|1
|upkeep
|
|t:|1779652703
|switch|p1a: Lilligant|Lilligant-Hisui, F|100/100
|turn|4
|
|t:|1779652710
|move|p2a: Blaziken|Protect|p2a: Blaziken
|-singleturn|p2a: Blaziken|Protect
|move|p1a: Lilligant|Triple Axel|p2a: Blaziken
|-activate|p2a: Blaziken|move: Protect
|
|-weather|SunnyDay|[upkeep]
|-ability|p2a: Blaziken|Speed Boost|boost
|-boost|p2a: Blaziken|spe|1
|upkeep
|turn|5
|c|☆Laban1024|i forget im not meant to do that
|
|t:|1779652729
|move|p2a: Blaziken|Flare Blitz|p1a: Lilligant
|-supereffective|p1a: Lilligant
|-damage|p1a: Lilligant|0 fnt
|faint|p1a: Lilligant
|-damage|p2a: Blaziken|0 fnt|[from] Recoil
|faint|p2a: Blaziken
|
|-weather|SunnyDay|[upkeep]
|upkeep
|c|☆Laban1024|i should lock in
|inactive|BlabberSaur has 270 seconds left.
|
|t:|1779652758
|switch|p1a: Great Tusk|Great Tusk|100/100
|switch|p2a: Garganacl|Garganacl, M|100/100
|-activate|p1a: Great Tusk|ability: Protosynthesis
|-start|p1a: Great Tusk|protosynthesisatk
|turn|6
|inactive|BlabberSaur has 270 seconds left.
|
|t:|1779652773
|switch|p2a: Gliscor|Gliscor, M|100/100
|move|p1a: Great Tusk|Headlong Rush|p2a: Gliscor
|-immune|p2a: Gliscor
|
|-weather|SunnyDay|[upkeep]
|-status|p2a: Gliscor|tox|[from] item: Toxic Orb
|upkeep
|turn|7
|inactive|BlabberSaur has 270 seconds left.
|c|☆Laban1024|i was 2 seconds away from clicking ice spinner
|c|☆Laban1024|im instincit maxxing now
|
|t:|1779652796
|move|p1a: Great Tusk|Ice Spinner|p2a: Gliscor
|-supereffective|p2a: Gliscor
|-damage|p2a: Gliscor|0 fnt
|faint|p2a: Gliscor
|
|-weather|SunnyDay|[upkeep]
|upkeep
|c|☆Laban1024|haah
|
|t:|1779652805
|switch|p2a: Zamazenta|Zamazenta|100/100
|-ability|p2a: Zamazenta|Dauntless Shield|boost
|-boost|p2a: Zamazenta|def|1
|turn|8
|
|t:|1779652816
|move|p2a: Zamazenta|Play Rough|p1a: Great Tusk
|-supereffective|p1a: Great Tusk
|-damage|p1a: Great Tusk|61/100
|move|p1a: Great Tusk|Bulk Up|p1a: Great Tusk
|-boost|p1a: Great Tusk|atk|1
|-boost|p1a: Great Tusk|def|1
|
|-weather|none
|-end|p1a: Great Tusk|Protosynthesis
|upkeep
|turn|9
|
|t:|1779652824
|move|p2a: Zamazenta|Iron Defense|p2a: Zamazenta
|-boost|p2a: Zamazenta|def|2
|move|p1a: Great Tusk|Headlong Rush|p2a: Zamazenta
|-damage|p2a: Zamazenta|65/100
|-unboost|p1a: Great Tusk|def|1
|-unboost|p1a: Great Tusk|spd|1
|
|upkeep
|turn|10
|
|t:|1779652830
|move|p2a: Zamazenta|Body Press|p1a: Great Tusk
|-damage|p1a: Great Tusk|4/100
|move|p1a: Great Tusk|Headlong Rush|p2a: Zamazenta
|-damage|p2a: Zamazenta|34/100
|-unboost|p1a: Great Tusk|def|1
|-unboost|p1a: Great Tusk|spd|1
|
|upkeep
|turn|11
|
|t:|1779652837
|move|p2a: Zamazenta|Body Press|p1a: Great Tusk
|-crit|p1a: Great Tusk
|-damage|p1a: Great Tusk|0 fnt
|faint|p1a: Great Tusk
|-end|p1a: Great Tusk|Protosynthesis|[silent]
|
|upkeep
|
|t:|1779652840
|switch|p1a: Raging Bolt|Raging Bolt|100/100
|-item|p1a: Raging Bolt|Air Balloon
|turn|12
|
|t:|1779652844
|move|p2a: Zamazenta|Play Rough|p1a: Raging Bolt
|-supereffective|p1a: Raging Bolt
|-damage|p1a: Raging Bolt|57/100
|-enditem|p1a: Raging Bolt|Air Balloon
|move|p1a: Raging Bolt|Thunderbolt|p2a: Zamazenta
|-damage|p2a: Zamazenta|0 fnt
|faint|p2a: Zamazenta
|
|upkeep
|
|t:|1779652851
|switch|p2a: Dragapult|Dragapult, F|100/100
|turn|13
|
|t:|1779652862
|-terastallize|p1a: Raging Bolt|Electric
|move|p2a: Dragapult|Draco Meteor|p1a: Raging Bolt
|-damage|p1a: Raging Bolt|0 fnt
|-unboost|p2a: Dragapult|spa|2
|faint|p1a: Raging Bolt
|-end|p1a: Raging Bolt|Protosynthesis|[silent]
|
|upkeep
|
|t:|1779652867
|switch|p1a: Ceruledge|Ceruledge, M|100/100
|turn|14
|
|t:|1779652874
|switch|p2a: Garganacl|Garganacl, M|100/100
|move|p1a: Ceruledge|Swords Dance|p1a: Ceruledge
|-boost|p1a: Ceruledge|atk|2
|
|upkeep
|turn|15
|
|t:|1779652880
|-terastallize|p2a: Garganacl|Flying
|move|p1a: Ceruledge|Close Combat|p2a: Garganacl
|-resisted|p2a: Garganacl
|-damage|p2a: Garganacl|77/100
|-unboost|p1a: Ceruledge|def|1
|-unboost|p1a: Ceruledge|spd|1
|move|p2a: Garganacl|Iron Defense|p2a: Garganacl
|-boost|p2a: Garganacl|def|2
|
|-heal|p2a: Garganacl|83/100|[from] item: Leftovers
|upkeep
|turn|16
|
|t:|1779652886
|move|p1a: Ceruledge|Bitter Blade|p2a: Garganacl
|-damage|p2a: Garganacl|56/100
|move|p2a: Garganacl|Salt Cure|p1a: Ceruledge
|-supereffective|p1a: Ceruledge
|-damage|p1a: Ceruledge|42/100
|-start|p1a: Ceruledge|Salt Cure
|-ability|p1a: Ceruledge|Weak Armor|boost
|-unboost|p1a: Ceruledge|def|1
|-boost|p1a: Ceruledge|spe|2
|
|-heal|p2a: Garganacl|62/100|[from] item: Leftovers
|-damage|p1a: Ceruledge|30/100|[from] Salt Cure
|upkeep
|turn|17
|
|t:|1779652893
|move|p1a: Ceruledge|Bitter Blade|p2a: Garganacl
|-damage|p2a: Garganacl|33/100
|-heal|p1a: Ceruledge|47/100|[from] drain|[of] p2a: Garganacl
|move|p2a: Garganacl|Recover|p2a: Garganacl
|-heal|p2a: Garganacl|84/100
|
|-heal|p2a: Garganacl|90/100|[from] item: Leftovers
|-damage|p1a: Ceruledge|35/100|[from] Salt Cure
|upkeep
|turn|18
|
|t:|1779652899
|move|p1a: Ceruledge|Bitter Blade|p2a: Garganacl
|-damage|p2a: Garganacl|59/100
|-heal|p1a: Ceruledge|54/100|[from] drain|[of] p2a: Garganacl
|move|p2a: Garganacl|Salt Cure|p1a: Ceruledge
|-supereffective|p1a: Ceruledge
|-damage|p1a: Ceruledge|0 fnt
|faint|p1a: Ceruledge
|
|-heal|p2a: Garganacl|66/100|[from] item: Leftovers
|upkeep
|
|t:|1779652903
|switch|p1a: Walking Wake|Walking Wake|100/100
|turn|19
|
|t:|1779652912
|move|p1a: Walking Wake|Dragon Pulse|p2a: Garganacl
|-damage|p2a: Garganacl|9/100
|move|p2a: Garganacl|Salt Cure|p1a: Walking Wake
|-damage|p1a: Walking Wake|85/100
|-start|p1a: Walking Wake|Salt Cure
|
|-heal|p2a: Garganacl|15/100|[from] item: Leftovers
|-damage|p1a: Walking Wake|60/100|[from] Salt Cure
|upkeep
|turn|20
|
|t:|1779652921
|move|p1a: Walking Wake|Dragon Pulse|p2a: Garganacl
|-damage|p2a: Garganacl|0 fnt
|faint|p2a: Garganacl
|
|-damage|p1a: Walking Wake|35/100|[from] Salt Cure
|upkeep
|
|t:|1779652925
|switch|p2a: Kingambit|Kingambit, F|100/100
|-activate|p2a: Kingambit|ability: Supreme Overlord
|-start|p2a: Kingambit|fallen4|[silent]
|turn|21
|
|t:|1779652926
|move|p1a: Walking Wake|Dragon Pulse|p2a: Kingambit
|-resisted|p2a: Kingambit
|-damage|p2a: Kingambit|65/100
|move|p2a: Kingambit|Kowtow Cleave|p1a: Walking Wake
|-damage|p1a: Walking Wake|0 fnt
|faint|p1a: Walking Wake
|-end|p1a: Walking Wake|Protosynthesis|[silent]
|
|win|BlabberSaur
