|j|☆ZeemeerminGeertJan
|j|☆hypervortex77
|t:|1779616349
|gametype|singles
|player|p1|ZeemeerminGeertJan|266|1555
|player|p2|hypervortex77|gentleman-gen4dp|1624
|gen|9
|tier|[Gen 9] OU
|rated|
|rule|HP Percentage Mod: HP is shown in percentages
|rule|Endless Battle Clause: Forcing endless battles is banned
|rule|Species Clause: Limit one of each Pokémon
|rule|OHKO Clause: OHKO moves are banned
|rule|Evasion Items Clause: Evasion items are banned
|rule|Evasion Moves Clause: Evasion moves are banned
|rule|Evasion Abilities Clause: Evasion abilities are banned
|rule|Sleep Moves Clause: Sleep-inducing moves are banned
|clearpoke
|poke|p1|Cramorant, M|
|poke|p1|Gallade, M|
|poke|p1|Kingambit, F|
|poke|p1|Iron Moth|
|poke|p1|Enamorus, F|
|poke|p1|Ogerpon-Cornerstone, F|
|poke|p2|Corviknight, M|
|poke|p2|Dragonite, M|
|poke|p2|Scizor, M|
|poke|p2|Iron Moth|
|poke|p2|Kingambit, F|
|poke|p2|Zamazenta-*|
|teampreview
|inactive|Battle timer is ON: inactive players will automatically lose when time's up. (requested by ZeemeerminGeertJan)
|
|t:|1779616361
|teamsize|p1|6
|teamsize|p2|6
|start
|switch|p1a: Cramorant|Cramorant, M, shiny|100/100
|switch|p2a: Dragonite|Dragonite, M, shiny|100/100
|turn|1
|inactive|hypervortex77 has 120 seconds left.
|
|t:|1779616417
|move|p1a: Cramorant|Tailwind|p1a: Cramorant
|-sidestart|p1: ZeemeerminGeertJan|move: Tailwind
|move|p2a: Dragonite|Dragon Dance|p2a: Dragonite
|-boost|p2a: Dragonite|atk|1
|-boost|p2a: Dragonite|spe|1
|
|upkeep
|turn|2
|
|t:|1779616420
|move|p2a: Dragonite|Extreme Speed|p1a: Cramorant
|-damage|p1a: Cramorant|8/100
|move|p1a: Cramorant|Surf|p2a: Dragonite
|-formechange|p1a: Cramorant|Cramorant-Gorging|
|-resisted|p2a: Dragonite
|-damage|p2a: Dragonite|90/100
|
|upkeep
|turn|3
|
|t:|1779616427
|move|p1a: Cramorant|Surf|p2a: Dragonite
|-resisted|p2a: Dragonite
|-damage|p2a: Dragonite|71/100
|move|p2a: Dragonite|Dragon Dance|p2a: Dragonite
|-boost|p2a: Dragonite|atk|1
|-boost|p2a: Dragonite|spe|1
|
|upkeep
|turn|4
|
|t:|1779616430
|move|p2a: Dragonite|Extreme Speed|p1a: Cramorant
|-damage|p1a: Cramorant|0 fnt
|-damage|p2a: Dragonite|46/100|[from] ability: Gulp Missile|[of] p1a: Cramorant
|-status|p2a: Dragonite|par
|-enditem|p2a: Dragonite|Lum Berry|[eat]
|-curestatus|p2a: Dragonite|par|[msg]
|-formechange|p1a: Cramorant|Cramorant|
|faint|p1a: Cramorant
|
|-sideend|p1: ZeemeerminGeertJan|move: Tailwind
|upkeep
|
|t:|1779616441
|switch|p1a: Ogerpon|Ogerpon-Cornerstone, F|100/100
|turn|5
|
|t:|1779616444
|move|p2a: Dragonite|Earthquake|p1a: Ogerpon
|-crit|p1a: Ogerpon
|-ability|p1a: Ogerpon|Sturdy
|-damage|p1a: Ogerpon|1/100
|move|p1a: Ogerpon|Ivy Cudgel|p2a: Dragonite|[anim] Ivy Cudgel Rock
|-supereffective|p2a: Dragonite
|-damage|p2a: Dragonite|0 fnt
|faint|p2a: Dragonite
|
|upkeep
|
|t:|1779616445
|switch|p2a: Scizor|Scizor, M|100/100
|turn|6
|
|t:|1779616456
|move|p1a: Ogerpon|Ivy Cudgel|p2a: Scizor|[anim] Ivy Cudgel Rock
|-damage|p2a: Scizor|42/100
|move|p2a: Scizor|Swords Dance|p2a: Scizor
|-boost|p2a: Scizor|atk|2
|
|upkeep
|turn|7
|
|t:|1779616464
|move|p2a: Scizor|Bullet Punch|p1a: Ogerpon
|-supereffective|p1a: Ogerpon
|-damage|p1a: Ogerpon|0 fnt
|faint|p1a: Ogerpon
|-damage|p2a: Scizor|32/100|[from] item: Life Orb
|
|upkeep
|
|t:|1779616476
|switch|p1a: Iron Moth|Iron Moth|100/100
|-enditem|p1a: Iron Moth|Booster Energy
|-activate|p1a: Iron Moth|ability: Quark Drive|[fromitem]
|-start|p1a: Iron Moth|quarkdrivespe
|turn|8
|
|t:|1779616478
|-terastallize|p2a: Scizor|Normal
|move|p2a: Scizor|Quick Attack|p1a: Iron Moth
|-damage|p1a: Iron Moth|0 fnt
|faint|p1a: Iron Moth
|-end|p1a: Iron Moth|Quark Drive|[silent]
|-damage|p2a: Scizor|22/100|[from] item: Life Orb
|
|upkeep
|
|t:|1779616489
|switch|p1a: Kingambit|Kingambit, F|100/100
|-activate|p1a: Kingambit|ability: Supreme Overlord
|-start|p1a: Kingambit|fallen3|[silent]
|turn|9
|
|t:|1779616493
|move|p1a: Kingambit|Sucker Punch|p2a: Scizor
|-damage|p2a: Scizor|0 fnt
|faint|p2a: Scizor
|-damage|p1a: Kingambit|91/100|[from] item: Life Orb
|
|upkeep
|
|t:|1779616497
|switch|p2a: Zamazenta|Zamazenta|100/100
|-ability|p2a: Zamazenta|Dauntless Shield|boost
|-boost|p2a: Zamazenta|def|1
|turn|10
|
|t:|1779616502
|-end|p1a: Kingambit|fallen3|[silent]
|switch|p1a: Gallade|Gallade, M|100/100
|move|p2a: Zamazenta|Body Press|p1a: Gallade
|-resisted|p1a: Gallade
|-damage|p1a: Gallade|50/100
|
|upkeep
|turn|11
|
|t:|1779616504
|move|p2a: Zamazenta|Body Press|p1a: Gallade
|-resisted|p1a: Gallade
|-crit|p1a: Gallade
|-damage|p1a: Gallade|0 fnt
|faint|p1a: Gallade
|
|upkeep
|
|t:|1779616506
|switch|p1a: Enamorus|Enamorus, F|100/100
|turn|12
|
|t:|1779616511
|switch|p2a: Kingambit|Kingambit, F|100/100
|-activate|p2a: Kingambit|ability: Supreme Overlord
|-start|p2a: Kingambit|fallen2|[silent]
|move|p1a: Enamorus|Moonblast|p2a: Kingambit
|-damage|p2a: Kingambit|50/100
|
|upkeep
|turn|13
|
|t:|1779616517
|move|p2a: Kingambit|Sucker Punch|p1a: Enamorus
|-resisted|p1a: Enamorus
|-damage|p1a: Enamorus|48/100
|-damage|p2a: Kingambit|40/100|[from] item: Life Orb
|move|p1a: Enamorus|Superpower|p2a: Kingambit
|-supereffective|p2a: Kingambit
|-damage|p2a: Kingambit|0 fnt
|-boost|p1a: Enamorus|atk|1
|-boost|p1a: Enamorus|def|1
|faint|p2a: Kingambit
|-end|p2a: Kingambit|fallen2|[silent]
|
|upkeep
|
|t:|1779616519
|switch|p2a: Iron Moth|Iron Moth|100/100
|-enditem|p2a: Iron Moth|Booster Energy
|-activate|p2a: Iron Moth|ability: Quark Drive|[fromitem]
|-start|p2a: Iron Moth|quarkdrivespa
|turn|14
|
|t:|1779616528
|-terastallize|p1a: Enamorus|Ghost
|move|p2a: Iron Moth|Sludge Wave|p1a: Enamorus
|-resisted|p1a: Enamorus
|-damage|p1a: Enamorus|0 fnt
|faint|p1a: Enamorus
|
|upkeep
|
|t:|1779616534
|switch|p1a: Kingambit|Kingambit, F|91/100
|-activate|p1a: Kingambit|ability: Supreme Overlord
|-start|p1a: Kingambit|fallen5|[silent]
|turn|15
|
|t:|1779616537
|move|p1a: Kingambit|Sucker Punch||[still]
|-fail|p1a: Kingambit
|move|p2a: Iron Moth|Substitute|p2a: Iron Moth
|-start|p2a: Iron Moth|Substitute
|-damage|p2a: Iron Moth|76/100
|
|upkeep
|turn|16
|-message|ZeemeerminGeertJan forfeited.
|
|win|hypervortex77
|raw|ZeemeerminGeertJan's rating: 1555 &rarr; <strong>1539</strong><br />(-16 for losing)
|raw|hypervortex77's rating: 1624 &rarr; <strong>1640</strong><br />(+16 for winning)
|l|☆ZeemeerminGeertJan
|player|p1|
|l|☆hypervortex77
|player|p2|
