|j|☆ilikepros_12
|j|☆zxhmir
|t:|1779635663
|gametype|singles
|player|p1|ilikepros_12|265|1083
|player|p2|zxhmir|iris-gen5bw2|1070
|gen|9
|tier|[Gen 9] OU
|rated|
|rule|HP Percentage Mod: HP is shown in percentages
|rule|Endless Battle Clause: Forcing endless battles is banned
|rule|Species Clause: Limit one of each Pokémon
|rule|OHKO Clause: OHKO moves are banned
|rule|Evasion Items Clause: Evasion items are banned
|rule|Evasion Moves Clause: Evasion moves are banned
|rule|Evasion Abilities Clause: Evasion abilities are banned
|rule|Sleep Moves Clause: Sleep-inducing moves are banned
|clearpoke
|poke|p1|Hatterene, F|
|poke|p1|Deoxys-Defense|
|poke|p1|Alomomola, M|
|poke|p1|Garganacl, M|
|poke|p1|Sableye, M|
|poke|p1|Corviknight, F|
|poke|p2|Ceruledge, M|
|poke|p2|Greninja-*, M|
|poke|p2|Gallade, M|
|poke|p2|Ribombee, M|
|poke|p2|Cinderace, M|
|poke|p2|Pawmot, F|
|teampreview
|
|t:|1779635680
|teamsize|p1|6
|teamsize|p2|6
|start
|switch|p1a: Unkillable|Deoxys-Defense|100/100
|switch|p2a: Ceruledge|Ceruledge, M|100/100
|-ability|p1a: Unkillable|Pressure
|turn|1
|l|☆ilikepros_12
|player|p1|
|j|☆ilikepros_12
|player|p1|ilikepros_12|265|
|l|☆ilikepros_12
|player|p1|
|inactive|Battle timer is ON: inactive players will automatically lose when time's up. (requested by zxhmir)
|j|☆ilikepros_12
|inactive|ilikepros_12 reconnected and has 150 seconds left.
|player|p1|ilikepros_12|265|
|
|t:|1779635731
|switch|p1a: Garganacl|Garganacl, M|100/100
|move|p2a: Ceruledge|Shadow Sneak|p1a: Garganacl
|-damage|p1a: Garganacl|95/100
|
|-heal|p1a: Garganacl|100/100|[from] item: Leftovers
|upkeep
|turn|2
|
|t:|1779635748
|switch|p2a: Gallade|Gallade, M|100/100
|move|p1a: Garganacl|Salt Cure|p2a: Gallade
|-resisted|p2a: Gallade
|-damage|p2a: Gallade|88/100
|-start|p2a: Gallade|Salt Cure
|
|-damage|p2a: Gallade|76/100|[from] Salt Cure
|upkeep
|turn|3
|
|t:|1779635760
|move|p1a: Garganacl|Protect|p1a: Garganacl
|-singleturn|p1a: Garganacl|Protect
|move|p2a: Gallade|Swords Dance|p2a: Gallade
|-boost|p2a: Gallade|atk|2
|
|-damage|p2a: Gallade|63/100|[from] Salt Cure
|upkeep
|turn|4
|
|t:|1779635772
|switch|p1a: Sableye|Sableye, M|100/100
|move|p2a: Gallade|Sacred Sword|p1a: Sableye
|-immune|p1a: Sableye
|
|-damage|p2a: Gallade|51/100|[from] Salt Cure
|upkeep
|turn|5
|
|t:|1779635786
|move|p2a: Gallade|Aqua Cutter|p1a: Sableye
|-damage|p1a: Sableye|3/100
|move|p1a: Sableye|Foul Play|p2a: Gallade
|-damage|p2a: Gallade|0 fnt
|faint|p2a: Gallade
|
|-heal|p1a: Sableye|10/100|[from] item: Leftovers
|upkeep
|
|t:|1779635796
|switch|p2a: Ribombee|Ribombee, M|100/100
|turn|6
|
|t:|1779635802
|switch|p1a: Hatterene|Hatterene, F|100/100
|move|p2a: Ribombee|Moonblast|p1a: Hatterene
|-damage|p1a: Hatterene|51/100
|
|-heal|p1a: Hatterene|57/100|[from] item: Leftovers
|upkeep
|turn|7
|
|t:|1779635817
|move|p2a: Ribombee|Quiver Dance|p2a: Ribombee
|-boost|p2a: Ribombee|spa|1
|-boost|p2a: Ribombee|spd|1
|-boost|p2a: Ribombee|spe|1
|move|p1a: Hatterene|Trick Room|p1a: Hatterene
|-fieldstart|move: Trick Room|[of] p1a: Hatterene
|
|-heal|p1a: Hatterene|63/100|[from] item: Leftovers
|upkeep
|turn|8
|
|t:|1779635826
|move|p1a: Hatterene|Mystical Fire|p2a: Ribombee
|-supereffective|p2a: Ribombee
|-damage|p2a: Ribombee|36/100
|-unboost|p2a: Ribombee|spa|1
|move|p2a: Ribombee|Moonblast|p1a: Hatterene
|-damage|p1a: Hatterene|15/100
|-unboost|p1a: Hatterene|spa|1
|
|-heal|p1a: Hatterene|21/100|[from] item: Leftovers
|upkeep
|turn|9
|
|t:|1779635845
|move|p1a: Hatterene|Mystical Fire|p2a: Ribombee
|-supereffective|p2a: Ribombee
|-damage|p2a: Ribombee|0 fnt
|faint|p2a: Ribombee
|
|-heal|p1a: Hatterene|27/100|[from] item: Leftovers
|upkeep
|
|t:|1779635855
|switch|p2a: Ceruledge|Ceruledge, M|100/100
|turn|10
|l|☆ilikepros_12
|inactive|ilikepros_12 disconnected and has a minute to reconnect!
|player|p1|
|j|☆ilikepros_12
|inactive|ilikepros_12 reconnected and has 130 seconds left.
|player|p1|ilikepros_12|265|
|
|t:|1779635882
|move|p2a: Ceruledge|Shadow Sneak|p1a: Hatterene
|-supereffective|p1a: Hatterene
|-damage|p1a: Hatterene|0 fnt
|faint|p1a: Hatterene
|
|upkeep
|
|t:|1779635886
|switch|p1a: Garganacl|Garganacl, M|100/100
|turn|11
|
|t:|1779635902
|switch|p2a: Greninja|Greninja, M|100/100
|move|p1a: Garganacl|Salt Cure|p2a: Greninja
|-damage|p2a: Greninja|73/100
|-start|p2a: Greninja|Salt Cure
|
|-damage|p2a: Greninja|48/100|[from] Salt Cure
|-fieldend|move: Trick Room
|upkeep
|turn|12
|
|t:|1779635917
|-terastallize|p2a: Greninja|Water
|move|p1a: Garganacl|Protect|p1a: Garganacl
|-singleturn|p1a: Garganacl|Protect
|move|p2a: Greninja|Water Shuriken|p1a: Garganacl
|-activate|p1a: Garganacl|move: Protect
|
|-damage|p2a: Greninja|23/100|[from] Salt Cure
|upkeep
|turn|13
|inactive|zxhmir has 120 seconds left.
|
|t:|1779635953
|switch|p1a: Alomomola|Alomomola, M|100/100
|move|p2a: Greninja|Water Shuriken|p1a: Alomomola
|-resisted|p1a: Alomomola
|-damage|p1a: Alomomola|93/100
|-resisted|p1a: Alomomola
|-damage|p1a: Alomomola|86/100
|-resisted|p1a: Alomomola
|-damage|p1a: Alomomola|79/100
|-hitcount|p1a: Alomomola|3
|-damage|p2a: Greninja|13/100|[from] item: Life Orb
|
|-heal|p1a: Alomomola|85/100|[from] item: Leftovers
|-damage|p2a: Greninja|0 fnt|[from] Salt Cure
|faint|p2a: Greninja
|upkeep
|l|☆ilikepros_12
|inactive|ilikepros_12 disconnected and has a minute to reconnect!
|player|p1|
|
|t:|1779635970
|switch|p2a: Pawmot|Pawmot, F|100/100
|turn|14
|j|☆ilikepros_12
|inactive|ilikepros_12 reconnected and has 135 seconds left.
|player|p1|ilikepros_12|265|
|
|t:|1779635984
|move|p1a: Alomomola|Protect|p1a: Alomomola
|-singleturn|p1a: Alomomola|Protect
|move|p2a: Pawmot|Revival Blessing|p2a: Pawmot
|-enditem|p2a: Pawmot|Leppa Berry|[eat]
|-activate|p2a: Pawmot|item: Leppa Berry|Revival Blessing|[consumed]
|
|t:|1779635992
|-heal|p2: Gallade|50/100|[from] move: Revival Blessing
|
|-heal|p1a: Alomomola|91/100|[from] item: Leftovers
|upkeep
|turn|15
|
|t:|1779636005
|switch|p1a: Garganacl|Garganacl, M|100/100
|move|p2a: Pawmot|Thunderbolt|p1a: Garganacl
|-damage|p1a: Garganacl|81/100
|
|-heal|p1a: Garganacl|87/100|[from] item: Leftovers
|upkeep
|turn|16
|
|t:|1779636020
|move|p2a: Pawmot|Revival Blessing|p2a: Pawmot
|
|t:|1779636023
|-heal|p2: Greninja|50/100|[from] move: Revival Blessing
|move|p1a: Garganacl|Stealth Rock|p2a: Pawmot
|-sidestart|p2: zxhmir|move: Stealth Rock
|
|-heal|p1a: Garganacl|93/100|[from] item: Leftovers
|upkeep
|turn|17
|inactive|zxhmir has 120 seconds left.
|
|t:|1779636034
|move|p2a: Pawmot|Mach Punch|p1a: Garganacl
|-supereffective|p1a: Garganacl
|-damage|p1a: Garganacl|68/100
|move|p1a: Garganacl|Salt Cure|p2a: Pawmot
|-resisted|p2a: Pawmot
|-damage|p2a: Pawmot|89/100
|-start|p2a: Pawmot|Salt Cure
|
|-heal|p1a: Garganacl|74/100|[from] item: Leftovers
|-damage|p2a: Pawmot|77/100|[from] Salt Cure
|upkeep
|turn|18
|inactive|zxhmir has 120 seconds left.
|
|t:|1779636048
|move|p1a: Garganacl|Protect|p1a: Garganacl
|-singleturn|p1a: Garganacl|Protect
|move|p2a: Pawmot|Thunderbolt|p1a: Garganacl
|-activate|p1a: Garganacl|move: Protect
|
|-heal|p1a: Garganacl|80/100|[from] item: Leftovers
|-damage|p2a: Pawmot|64/100|[from] Salt Cure
|upkeep
|turn|19
|inactive|zxhmir has 120 seconds left.
|
|t:|1779636061
|move|p2a: Pawmot|Ice Punch|p1a: Garganacl
|-damage|p1a: Garganacl|65/100
|move|p1a: Garganacl|Salt Cure|p2a: Pawmot
|-resisted|p2a: Pawmot
|-damage|p2a: Pawmot|52/100
|
|-heal|p1a: Garganacl|71/100|[from] item: Leftovers
|-damage|p2a: Pawmot|40/100|[from] Salt Cure
|upkeep
|turn|20
|inactive|zxhmir has 120 seconds left.
|
|t:|1779636074
|move|p1a: Garganacl|Protect|p1a: Garganacl
|-singleturn|p1a: Garganacl|Protect
|move|p2a: Pawmot|Mach Punch|p1a: Garganacl
|-activate|p1a: Garganacl|move: Protect
|
|-heal|p1a: Garganacl|77/100|[from] item: Leftovers
|-damage|p2a: Pawmot|28/100|[from] Salt Cure
|upkeep
|turn|21
|inactive|zxhmir has 120 seconds left.
|
|t:|1779636088
|move|p2a: Pawmot|Mach Punch|p1a: Garganacl
|-supereffective|p1a: Garganacl
|-damage|p1a: Garganacl|50/100
|move|p1a: Garganacl|Salt Cure|p2a: Pawmot
|-resisted|p2a: Pawmot
|-damage|p2a: Pawmot|17/100
|
|-heal|p1a: Garganacl|57/100|[from] item: Leftovers
|-damage|p2a: Pawmot|4/100|[from] Salt Cure
|upkeep
|turn|22
|inactive|zxhmir has 120 seconds left.
|
|t:|1779636100
|move|p1a: Garganacl|Protect|p1a: Garganacl
|-singleturn|p1a: Garganacl|Protect
|move|p2a: Pawmot|Mach Punch|p1a: Garganacl
|-activate|p1a: Garganacl|move: Protect
|
|-heal|p1a: Garganacl|63/100|[from] item: Leftovers
|-damage|p2a: Pawmot|0 fnt|[from] Salt Cure
|faint|p2a: Pawmot
|upkeep
|inactive|zxhmir has 120 seconds left.
|
|t:|1779636109
|switch|p2a: Gallade|Gallade, M|50/100
|-enditem|p2a: Gallade|Sitrus Berry|[eat]
|-heal|p2a: Gallade|75/100|[from] item: Sitrus Berry
|-damage|p2a: Gallade|69/100|[from] Stealth Rock
|turn|23
|inactive|zxhmir has 120 seconds left.
|
|t:|1779636126
|switch|p1a: Sableye|Sableye, M|10/100
|move|p2a: Gallade|Swords Dance|p2a: Gallade
|-boost|p2a: Gallade|atk|2
|
|-heal|p1a: Sableye|16/100|[from] item: Leftovers
|upkeep
|turn|24
|inactive|zxhmir has 120 seconds left.
|
|t:|1779636137
|move|p1a: Sableye|Will-O-Wisp|p2a: Gallade
|-status|p2a: Gallade|brn
|move|p2a: Gallade|Aqua Cutter|p1a: Sableye
|-crit|p1a: Sableye
|-damage|p1a: Sableye|0 fnt
|faint|p1a: Sableye
|
|-damage|p2a: Gallade|63/100 brn|[from] brn
|upkeep
|
|t:|1779636147
|switch|p1a: Alomomola|Alomomola, M|100/100
|turn|25
|
|t:|1779636160
|move|p2a: Gallade|Sacred Sword|p1a: Alomomola
|-damage|p1a: Alomomola|59/100
|move|p1a: Alomomola|Liquidation|p2a: Gallade
|-crit|p2a: Gallade
|-damage|p2a: Gallade|0 fnt
|faint|p2a: Gallade
|
|-heal|p1a: Alomomola|65/100|[from] item: Leftovers
|upkeep
|inactive|zxhmir has 120 seconds left.
|
|t:|1779636172
|switch|p2a: Greninja|Greninja, M|50/100
|-damage|p2a: Greninja|38/100|[from] Stealth Rock
|turn|26
|inactive|zxhmir has 120 seconds left.
|
|t:|1779636183
|move|p2a: Greninja|Dark Pulse|p1a: Alomomola
|-damage|p1a: Alomomola|11/100
|-damage|p2a: Greninja|28/100|[from] item: Life Orb
|cant|p1a: Alomomola|flinch
|
|-heal|p1a: Alomomola|17/100|[from] item: Leftovers
|upkeep
|turn|27
|inactive|zxhmir has 120 seconds left.
|
|t:|1779636193
|move|p1a: Alomomola|Protect|p1a: Alomomola
|-singleturn|p1a: Alomomola|Protect
|move|p2a: Greninja|Dark Pulse|p1a: Alomomola
|-activate|p1a: Alomomola|move: Protect
|
|-heal|p1a: Alomomola|23/100|[from] item: Leftovers
|upkeep
|turn|28
|l|☆ilikepros_12
|inactive|ilikepros_12 disconnected and has a minute to reconnect!
|player|p1|
|j|☆ilikepros_12
|inactive|ilikepros_12 reconnected and has 125 seconds left.
|player|p1|ilikepros_12|265|
|inactive|ilikepros_12 has 120 seconds left.
|
|t:|1779636232
|switch|p1a: Garganacl|Garganacl, M|63/100
|move|p2a: Greninja|Dark Pulse|p1a: Garganacl
|-damage|p1a: Garganacl|24/100
|-damage|p2a: Greninja|18/100|[from] item: Life Orb
|
|-heal|p1a: Garganacl|30/100|[from] item: Leftovers
|upkeep
|turn|29
|inactive|ilikepros_12 has 120 seconds left.
|inactive|zxhmir has 120 seconds left.
|
|t:|1779636257
|switch|p1a: Alomomola|Alomomola, M|56/100
|move|p2a: Greninja|Dark Pulse|p1a: Alomomola
|-damage|p1a: Alomomola|6/100
|-damage|p2a: Greninja|9/100|[from] item: Life Orb
|
|-heal|p1a: Alomomola|12/100|[from] item: Leftovers
|upkeep
|turn|30
|inactive|ilikepros_12 has 120 seconds left.
|inactive|zxhmir has 120 seconds left.
|
|t:|1779636271
|move|p1a: Alomomola|Protect|p1a: Alomomola
|-singleturn|p1a: Alomomola|Protect
|move|p2a: Greninja|Dark Pulse|p1a: Alomomola
|-activate|p1a: Alomomola|move: Protect
|
|-heal|p1a: Alomomola|18/100|[from] item: Leftovers
|upkeep
|turn|31
|inactive|ilikepros_12 has 120 seconds left.
|inactive|zxhmir has 120 seconds left.
|
|t:|1779636280
|switch|p1a: Corviknight|Corviknight, F|100/100
|-ability|p1a: Corviknight|Pressure
|move|p2a: Greninja|Dark Pulse|p1a: Corviknight
|-damage|p1a: Corviknight|58/100
|-damage|p2a: Greninja|0 fnt|[from] item: Life Orb
|faint|p2a: Greninja
|
|-heal|p1a: Corviknight|64/100|[from] item: Leftovers
|upkeep
|inactive|zxhmir has 120 seconds left.
|
|t:|1779636298
|switch|p2a: Cinderace|Cinderace, M|100/100
|-damage|p2a: Cinderace|76/100|[from] Stealth Rock
|turn|32
|
|t:|1779636316
|-terastallize|p1a: Corviknight|Flying
|move|p2a: Cinderace|High Jump Kick|p1a: Corviknight
|-start|p2a: Cinderace|typechange|Fighting|[from] ability: Libero
|-resisted|p1a: Corviknight
|-damage|p1a: Corviknight|45/100
|move|p1a: Corviknight|Drill Peck|p2a: Cinderace
|-supereffective|p2a: Cinderace
|-damage|p2a: Cinderace|0 fnt
|faint|p2a: Cinderace
|
|-heal|p1a: Corviknight|51/100|[from] item: Leftovers
|upkeep
|l|☆ilikepros_12
|inactive|ilikepros_12 disconnected and has a minute to reconnect!
|player|p1|
|inactive|zxhmir has 90 seconds left.
|
|t:|1779636342
|switch|p2a: Ceruledge|Ceruledge, M|100/100
|-damage|p2a: Ceruledge|76/100|[from] Stealth Rock
|turn|33
|j|☆ilikepros_12
|inactive|ilikepros_12 reconnected and has 140 seconds left.
|player|p1|ilikepros_12|265|
|
|t:|1779636349
|move|p2a: Ceruledge|Bitter Blade|p1a: Corviknight
|-damage|p1a: Corviknight|23/100
|-heal|p2a: Ceruledge|95/100|[from] drain|[of] p1a: Corviknight
|move|p1a: Corviknight|Roost|p1a: Corviknight
|-heal|p1a: Corviknight|73/100
|-hint|If a Terastallized Pokemon uses Roost, it remains Flying-type.
|
|-heal|p1a: Corviknight|79/100|[from] item: Leftovers
|upkeep
|turn|34
|l|☆ilikepros_12
|inactive|ilikepros_12 disconnected and has a minute to reconnect!
|player|p1|
|j|☆ilikepros_12
|inactive|ilikepros_12 reconnected and has 125 seconds left.
|player|p1|ilikepros_12|265|
|
|t:|1779636372
|switch|p1a: Alomomola|Alomomola, M|52/100
|move|p2a: Ceruledge|Bitter Blade|p1a: Alomomola
|-resisted|p1a: Alomomola
|-damage|p1a: Alomomola|36/100
|-heal|p2a: Ceruledge|100/100|[from] drain|[of] p1a: Alomomola
|
|-heal|p1a: Alomomola|42/100|[from] item: Leftovers
|upkeep
|turn|35
|inactive|zxhmir has 90 seconds left.
|inactive|ilikepros_12 has 120 seconds left.
|
|t:|1779636393
|switch|p1a: Corviknight|Corviknight, F, tera:Flying|79/100
|-ability|p1a: Corviknight|Pressure
|move|p2a: Ceruledge|Close Combat|p1a: Corviknight
|-resisted|p1a: Corviknight
|-damage|p1a: Corviknight|66/100
|-unboost|p2a: Ceruledge|def|1
|-unboost|p2a: Ceruledge|spd|1
|
|-heal|p1a: Corviknight|73/100|[from] item: Leftovers
|upkeep
|turn|36
|inactive|ilikepros_12 has 120 seconds left.
|inactive|zxhmir has 90 seconds left.
|
|t:|1779636407
|switch|p1a: Alomomola|Alomomola, M|76/100
|move|p2a: Ceruledge|Bitter Blade|p1a: Alomomola
|-resisted|p1a: Alomomola
|-damage|p1a: Alomomola|61/100
|
|-heal|p1a: Alomomola|67/100|[from] item: Leftovers
|upkeep
|turn|37
|-message|zxhmir forfeited.
|
|win|ilikepros_12
|raw|ilikepros_12's rating: 1083 &rarr; <strong>1110</strong><br />(+27 for winning)
|raw|zxhmir's rating: 1070 &rarr; <strong>1050</strong><br />(-20 for losing)
|l|☆zxhmir
|player|p2|
