|j|☆CugikiJL
|j|☆luketheidiot
|t:|1779636084
|gametype|singles
|player|p1|CugikiJL|waiter|1086
|player|p2|luketheidiot|iris-gen5bw2|1116
|gen|9
|tier|[Gen 9] OU
|rated|
|rule|HP Percentage Mod: HP is shown in percentages
|rule|Endless Battle Clause: Forcing endless battles is banned
|rule|Species Clause: Limit one of each Pokémon
|rule|OHKO Clause: OHKO moves are banned
|rule|Evasion Items Clause: Evasion items are banned
|rule|Evasion Moves Clause: Evasion moves are banned
|rule|Evasion Abilities Clause: Evasion abilities are banned
|rule|Sleep Moves Clause: Sleep-inducing moves are banned
|clearpoke
|poke|p1|Hatterene, F|
|poke|p1|Great Tusk|
|poke|p1|Tornadus-Therian, M|
|poke|p1|Kyurem|
|poke|p1|Slowking-Galar, F|
|poke|p1|Samurott-Hisui, M|
|poke|p2|Lucario, M|
|poke|p2|Staraptor, F|
|poke|p2|Wugtrio, M|
|poke|p2|Tyranitar, F|
|poke|p2|Excadrill, M|
|poke|p2|Houndstone, F|
|teampreview
|inactive|Battle timer is ON: inactive players will automatically lose when time's up. (requested by luketheidiot)
|
|t:|1779636094
|teamsize|p1|6
|teamsize|p2|6
|start
|switch|p1a: Samurott|Samurott-Hisui, M|100/100
|switch|p2a: Lucario|Lucario, M|100/100
|turn|1
|
|t:|1779636102
|move|p2a: Lucario|Final Gambit|p1a: Samurott
|-damage|p1a: Samurott|11/100
|faint|p2a: Lucario
|move|p1a: Samurott|Flip Turn|p2: Lucario|[notarget]
|-fail|p1a: Samurott
|
|upkeep
|
|t:|1779636112
|switch|p2a: Staraptor|Staraptor, F|100/100
|turn|2
|
|t:|1779636117
|move|p2a: Staraptor|U-turn|p1a: Samurott
|-supereffective|p1a: Samurott
|-damage|p1a: Samurott|0 fnt
|faint|p1a: Samurott
|
|t:|1779636125
|switch|p2a: Wugtrio|Wugtrio, M|100/100|[from] U-turn
|
|upkeep
|
|t:|1779636137
|switch|p1a: Hatterene|Hatterene, F|100/100
|turn|3
|
|t:|1779636155
|move|p2a: Wugtrio|Triple Dive|p1a: Hatterene
|-damage|p1a: Hatterene|89/100
|-damage|p2a: Wugtrio|84/100|[from] item: Rocky Helmet|[of] p1a: Hatterene
|-damage|p1a: Hatterene|78/100
|-damage|p2a: Wugtrio|67/100|[from] item: Rocky Helmet|[of] p1a: Hatterene
|-damage|p1a: Hatterene|67/100
|-damage|p2a: Wugtrio|51/100|[from] item: Rocky Helmet|[of] p1a: Hatterene
|-hitcount|p1a: Hatterene|3
|move|p1a: Hatterene|Nuzzle|p2a: Wugtrio
|-supereffective|p2a: Wugtrio
|-damage|p2a: Wugtrio|28/100
|-status|p2a: Wugtrio|par
|-ability|p2a: Wugtrio|Gooey
|-unboost|p1a: Hatterene|spe|1
|
|upkeep
|turn|4
|
|t:|1779636163
|move|p2a: Wugtrio|Triple Dive|p1a: Hatterene
|-damage|p1a: Hatterene|56/100
|-damage|p2a: Wugtrio|12/100 par|[from] item: Rocky Helmet|[of] p1a: Hatterene
|-damage|p1a: Hatterene|46/100
|-damage|p2a: Wugtrio|0 fnt|[from] item: Rocky Helmet|[of] p1a: Hatterene
|faint|p2a: Wugtrio
|-hitcount|p1a: Hatterene|2
|move|p1a: Hatterene|Psychic Noise|p2: Wugtrio|[notarget]
|-fail|p1a: Hatterene
|
|upkeep
|
|t:|1779636176
|switch|p2a: Tyranitar|Tyranitar, F|100/100
|-weather|Sandstorm|[from] ability: Sand Stream|[of] p2a: Tyranitar
|turn|5
|
|t:|1779636183
|move|p2a: Tyranitar|Knock Off|p1a: Hatterene
|-damage|p1a: Hatterene|0 fnt
|-damage|p2a: Tyranitar|84/100|[from] item: Rocky Helmet|[of] p1a: Hatterene
|-enditem|p1a: Hatterene|Rocky Helmet|[from] move: Knock Off|[of] p2a: Tyranitar
|faint|p1a: Hatterene
|
|-weather|Sandstorm|[upkeep]
|upkeep
|
|t:|1779636189
|switch|p1a: Great Tusk|Great Tusk|100/100
|turn|6
|
|t:|1779636195
|switch|p2a: Houndstone|Houndstone, F|100/100
|move|p1a: Great Tusk|Stealth Rock|p2a: Houndstone
|-sidestart|p2: luketheidiot|move: Stealth Rock
|
|-weather|Sandstorm|[upkeep]
|upkeep
|turn|7
|
|t:|1779636203
|move|p2a: Houndstone|Poltergeist|p1a: Great Tusk
|-activate|p1a: Great Tusk|move: Poltergeist|Rocky Helmet
|-damage|p1a: Great Tusk|65/100
|move|p1a: Great Tusk|Ice Spinner|p2a: Houndstone
|-damage|p2a: Houndstone|68/100
|
|-weather|Sandstorm|[upkeep]
|upkeep
|turn|8
|
|t:|1779636216
|move|p2a: Houndstone|Play Rough|p1a: Great Tusk
|-supereffective|p1a: Great Tusk
|-damage|p1a: Great Tusk|23/100
|-damage|p2a: Houndstone|51/100|[from] item: Rocky Helmet|[of] p1a: Great Tusk
|move|p1a: Great Tusk|Stealth Rock||[still]
|-fail|p1a: Great Tusk
|
|-weather|Sandstorm|[upkeep]
|upkeep
|turn|9
|
|t:|1779636222
|move|p2a: Houndstone|Play Rough|p1a: Great Tusk
|-supereffective|p1a: Great Tusk
|-damage|p1a: Great Tusk|0 fnt
|-damage|p2a: Houndstone|35/100|[from] item: Rocky Helmet|[of] p1a: Great Tusk
|faint|p1a: Great Tusk
|-end|p1a: Great Tusk|Protosynthesis|[silent]
|
|-weather|Sandstorm|[upkeep]
|upkeep
|
|t:|1779636233
|switch|p1a: Tornadus|Tornadus-Therian, M|100/100
|turn|10
|
|t:|1779636238
|move|p2a: Houndstone|Poltergeist|p1a: Tornadus
|-activate|p1a: Tornadus|move: Poltergeist|Assault Vest
|-damage|p1a: Tornadus|31/100
|move|p1a: Tornadus|Knock Off|p2a: Houndstone
|-supereffective|p2a: Houndstone
|-damage|p2a: Houndstone|0 fnt
|-enditem|p2a: Houndstone|Wide Lens|[from] move: Knock Off|[of] p1a: Tornadus
|faint|p2a: Houndstone
|
|-weather|Sandstorm|[upkeep]
|-damage|p1a: Tornadus|25/100|[from] Sandstorm
|upkeep
|
|t:|1779636246
|switch|p2a: Excadrill|Excadrill, M|100/100
|-damage|p2a: Excadrill|97/100|[from] Stealth Rock
|turn|11
|
|t:|1779636260
|move|p2a: Excadrill|Iron Head|p1a: Tornadus
|-damage|p1a: Tornadus|0 fnt
|faint|p1a: Tornadus
|-damage|p2a: Excadrill|88/100|[from] item: Life Orb
|
|-weather|Sandstorm|[upkeep]
|upkeep
|
|t:|1779636262
|switch|p1a: Slowking|Slowking-Galar, F|100/100
|turn|12
|
|t:|1779636266
|-terastallize|p1a: Slowking|Grass
|move|p2a: Excadrill|Earthquake|p1a: Slowking
|-resisted|p1a: Slowking
|-damage|p1a: Slowking|74/100
|-damage|p2a: Excadrill|78/100|[from] item: Life Orb
|-prepare|p1a: Slowking|Chilly Reception|[premajor]
|move|p1a: Slowking|Chilly Reception|p1a: Slowking
|-weather|Snowscape
|
|t:|1779636271
|switch|p1a: Kyurem|Kyurem|100/100|[from] Chilly Reception
|-ability|p1a: Kyurem|Pressure
|
|-weather|Snowscape|[upkeep]
|upkeep
|turn|13
|
|t:|1779636282
|switch|p2a: Tyranitar|Tyranitar, F|84/100
|-damage|p2a: Tyranitar|72/100|[from] Stealth Rock
|-weather|Sandstorm|[from] ability: Sand Stream|[of] p2a: Tyranitar
|move|p1a: Kyurem|Blizzard|p2a: Tyranitar
|-damage|p2a: Tyranitar|15/100
|
|-weather|Sandstorm|[upkeep]
|-damage|p1a: Kyurem|94/100|[from] Sandstorm
|upkeep
|turn|14
|
|t:|1779636286
|move|p1a: Kyurem|Blizzard|p2a: Tyranitar|[miss]
|-miss|p1a: Kyurem|p2a: Tyranitar
|move|p2a: Tyranitar|Knock Off|p1a: Kyurem
|-damage|p1a: Kyurem|43/100
|-enditem|p1a: Kyurem|Choice Specs|[from] move: Knock Off|[of] p2a: Tyranitar
|
|-weather|Sandstorm|[upkeep]
|-damage|p1a: Kyurem|37/100|[from] Sandstorm
|upkeep
|turn|15
|
|t:|1779636290
|move|p1a: Kyurem|Ice Beam|p2a: Tyranitar
|-damage|p2a: Tyranitar|0 fnt
|faint|p2a: Tyranitar
|
|-weather|Sandstorm|[upkeep]
|-damage|p1a: Kyurem|31/100|[from] Sandstorm
|upkeep
|
|t:|1779636293
|switch|p2a: Excadrill|Excadrill, M|78/100
|-damage|p2a: Excadrill|75/100|[from] Stealth Rock
|turn|16
|
|t:|1779636295
|switch|p1a: Slowking|Slowking-Galar, F, tera:Grass|100/100
|move|p2a: Excadrill|Iron Head|p1a: Slowking
|-damage|p1a: Slowking|62/100
|-damage|p2a: Excadrill|65/100|[from] item: Life Orb
|
|-weather|Sandstorm|[upkeep]
|-damage|p1a: Slowking|55/100|[from] Sandstorm
|-damage|p1a: Slowking|43/100|[from] item: Black Sludge
|upkeep
|turn|17
|
|t:|1779636304
|move|p2a: Excadrill|Poison Jab|p1a: Slowking
|-supereffective|p1a: Slowking
|-damage|p1a: Slowking|0 fnt
|faint|p1a: Slowking
|-damage|p2a: Excadrill|55/100|[from] item: Life Orb
|
|-weather|Sandstorm|[upkeep]
|upkeep
|
|t:|1779636306
|switch|p1a: Kyurem|Kyurem|31/100
|-ability|p1a: Kyurem|Pressure
|turn|18
|
|t:|1779636308
|move|p2a: Excadrill|Iron Head|p1a: Kyurem
|-supereffective|p1a: Kyurem
|-damage|p1a: Kyurem|0 fnt
|faint|p1a: Kyurem
|-damage|p2a: Excadrill|45/100|[from] item: Life Orb
|
|win|luketheidiot
|raw|CugikiJL's rating: 1086 &rarr; <strong>1065</strong><br />(-21 for losing)
|raw|luketheidiot's rating: 1116 &rarr; <strong>1139</strong><br />(+23 for winning)
|l|☆CugikiJL
|player|p1|
|l|☆luketheidiot
|player|p2|
