|j|☆Dubyaz13
|j|☆ghvby
|t:|1779595618
|gametype|singles
|player|p1|Dubyaz13|linebacker|1362
|player|p2|ghvby|steven|1394
|gen|9
|tier|[Gen 9] OU
|rated|
|rule|HP Percentage Mod: HP is shown in percentages
|rule|Endless Battle Clause: Forcing endless battles is banned
|rule|Species Clause: Limit one of each Pokémon
|rule|OHKO Clause: OHKO moves are banned
|rule|Evasion Items Clause: Evasion items are banned
|rule|Evasion Moves Clause: Evasion moves are banned
|rule|Evasion Abilities Clause: Evasion abilities are banned
|rule|Sleep Moves Clause: Sleep-inducing moves are banned
|clearpoke
|poke|p1|Dragonite, F|
|poke|p1|Samurott-Hisui, F|
|poke|p1|Gholdengo|
|poke|p1|Pecharunt|
|poke|p1|Walking Wake|
|poke|p1|Ting-Lu|
|poke|p2|Dragapult, M|
|poke|p2|Great Tusk|
|poke|p2|Kingambit, M|
|poke|p2|Alomomola, M|
|poke|p2|Clodsire, M|
|poke|p2|Latios, M|
|teampreview
|
|t:|1779595637
|teamsize|p1|6
|teamsize|p2|6
|start
|switch|p1a: Samurott|Samurott-Hisui, F|100/100
|switch|p2a: Alomomola|Alomomola, M|100/100
|turn|1
|
|t:|1779595644
|move|p1a: Samurott|Ceaseless Edge|p2a: Alomomola
|-damage|p2a: Alomomola|69/100
|-sidestart|p2: ghvby|Spikes
|move|p2a: Alomomola|Flip Turn|p1a: Samurott
|-resisted|p1a: Samurott
|-damage|p1a: Samurott|91/100
|
|t:|1779595650
|switch|p2a: Great Tusk|Great Tusk|100/100|[from] Flip Turn
|-damage|p2a: Great Tusk|88/100|[from] Spikes
|-enditem|p2a: Great Tusk|Booster Energy
|-activate|p2a: Great Tusk|ability: Protosynthesis|[fromitem]
|-start|p2a: Great Tusk|protosynthesisatk
|
|upkeep
|turn|2
|
|t:|1779595663
|move|p2a: Great Tusk|Ice Spinner|p1a: Samurott
|-resisted|p1a: Samurott
|-damage|p1a: Samurott|69/100
|move|p1a: Samurott|Flip Turn|p2a: Great Tusk
|-supereffective|p2a: Great Tusk
|-damage|p2a: Great Tusk|54/100
|
|t:|1779595669
|switch|p1a: Walking Wake|Walking Wake|100/100|[from] Flip Turn
|
|upkeep
|turn|3
|
|t:|1779595686
|-end|p2a: Great Tusk|Protosynthesis|[silent]
|switch|p2a: Alomomola|Alomomola, M|100/100
|-damage|p2a: Alomomola|88/100|[from] Spikes
|move|p1a: Walking Wake|Flip Turn|p2a: Alomomola
|-resisted|p2a: Alomomola
|-crit|p2a: Alomomola
|-damage|p2a: Alomomola|79/100
|
|t:|1779595692
|-end|p1a: Walking Wake|Protosynthesis|[silent]
|switch|p1a: Samurott|Samurott-Hisui, F|69/100|[from] Flip Turn
|
|upkeep
|turn|4
|
|t:|1779595703
|move|p1a: Samurott|Knock Off|p2a: Alomomola
|-damage|p2a: Alomomola|46/100
|-enditem|p2a: Alomomola|Assault Vest|[from] move: Knock Off|[of] p1a: Samurott
|move|p2a: Alomomola|Flip Turn|p1a: Samurott
|-resisted|p1a: Samurott
|-damage|p1a: Samurott|59/100
|
|t:|1779595707
|switch|p2a: Great Tusk|Great Tusk|54/100|[from] Flip Turn
|-damage|p2a: Great Tusk|41/100|[from] Spikes
|
|upkeep
|turn|5
|
|t:|1779595715
|switch|p1a: Pecharunt|Pecharunt|100/100
|move|p2a: Great Tusk|Rapid Spin|p1a: Pecharunt
|-immune|p1a: Pecharunt
|
|upkeep
|turn|6
|
|t:|1779595743
|switch|p1a: Ting-Lu|Ting-Lu|100/100
|-ability|p1a: Ting-Lu|Vessel of Ruin
|move|p2a: Great Tusk|Headlong Rush|p1a: Ting-Lu
|-damage|p1a: Ting-Lu|68/100
|-unboost|p2a: Great Tusk|def|1
|-unboost|p2a: Great Tusk|spd|1
|
|-heal|p1a: Ting-Lu|74/100|[from] item: Leftovers
|upkeep
|turn|7
|
|t:|1779595746
|move|p2a: Great Tusk|Rapid Spin|p1a: Ting-Lu
|-damage|p1a: Ting-Lu|64/100
|-boost|p2a: Great Tusk|spe|1
|-sideend|p2: ghvby|Spikes|[from] move: Rapid Spin|[of] p2a: Great Tusk
|move|p1a: Ting-Lu|Stealth Rock|p2a: Great Tusk
|-sidestart|p2: ghvby|move: Stealth Rock
|
|-heal|p1a: Ting-Lu|70/100|[from] item: Leftovers
|upkeep
|turn|8
|
|t:|1779595762
|move|p2a: Great Tusk|Rapid Spin|p1a: Ting-Lu
|-damage|p1a: Ting-Lu|60/100
|-boost|p2a: Great Tusk|spe|1
|-sideend|p2: ghvby|Stealth Rock|[from] move: Rapid Spin|[of] p2a: Great Tusk
|move|p1a: Ting-Lu|Earthquake|p2a: Great Tusk
|-damage|p2a: Great Tusk|1/100
|
|-heal|p1a: Ting-Lu|67/100|[from] item: Leftovers
|upkeep
|turn|9
|
|t:|1779595777
|-end|p2a: Great Tusk|Protosynthesis|[silent]
|switch|p2a: Dragapult|Dragapult, M|100/100
|move|p1a: Ting-Lu|Whirlwind|p2a: Dragapult
|drag|p2a: Great Tusk|Great Tusk|1/100
|
|-heal|p1a: Ting-Lu|73/100|[from] item: Leftovers
|upkeep
|turn|10
|
|t:|1779595780
|move|p2a: Great Tusk|Ice Spinner|p1a: Ting-Lu
|-supereffective|p1a: Ting-Lu
|-crit|p1a: Ting-Lu
|-damage|p1a: Ting-Lu|24/100
|move|p1a: Ting-Lu|Whirlwind|p2a: Great Tusk
|-end|p2a: Great Tusk|Protosynthesis|[silent]
|drag|p2a: Alomomola|Alomomola, M|80/100
|
|-heal|p1a: Ting-Lu|30/100|[from] item: Leftovers
|upkeep
|turn|11
|
|t:|1779595802
|move|p2a: Alomomola|Liquidation|p1a: Ting-Lu
|-supereffective|p1a: Ting-Lu
|-damage|p1a: Ting-Lu|3/100
|-unboost|p1a: Ting-Lu|def|1
|move|p1a: Ting-Lu|Stealth Rock|p2a: Alomomola
|-sidestart|p2: ghvby|move: Stealth Rock
|
|-heal|p1a: Ting-Lu|9/100|[from] item: Leftovers
|upkeep
|turn|12
|
|t:|1779595810
|switch|p1a: Walking Wake|Walking Wake|100/100
|move|p2a: Alomomola|Liquidation|p1a: Walking Wake
|-resisted|p1a: Walking Wake
|-damage|p1a: Walking Wake|94/100
|-unboost|p1a: Walking Wake|def|1
|
|upkeep
|turn|13
|
|t:|1779595813
|move|p1a: Walking Wake|Draco Meteor|p2a: Alomomola
|-damage|p2a: Alomomola|34/100
|-unboost|p1a: Walking Wake|spa|2
|move|p2a: Alomomola|Mirror Coat|p1a: Walking Wake
|-damage|p1a: Walking Wake|0 fnt
|faint|p1a: Walking Wake
|-end|p1a: Walking Wake|Protosynthesis|[silent]
|
|upkeep
|
|t:|1779595816
|switch|p1a: Samurott|Samurott-Hisui, F|59/100
|turn|14
|
|t:|1779595836
|switch|p2a: Great Tusk|Great Tusk|1/100
|-damage|p2a: Great Tusk|0 fnt|[from] Stealth Rock
|faint|p2a: Great Tusk
|-end|p2a: Great Tusk|Protosynthesis|[silent]
|move|p1a: Samurott|Ceaseless Edge|p2: Great Tusk|[notarget]
|-fail|p1a: Samurott
|
|upkeep
|inactive|Battle timer is ON: inactive players will automatically lose when time's up. (requested by Dubyaz13)
|
|t:|1779595846
|switch|p2a: Latios|Latios, M|100/100
|-damage|p2a: Latios|88/100|[from] Stealth Rock
|turn|15
|
|t:|1779595853
|move|p2a: Latios|Draco Meteor|p1a: Samurott
|-damage|p1a: Samurott|0 fnt
|-unboost|p2a: Latios|spa|2
|faint|p1a: Samurott
|
|upkeep
|
|t:|1779595861
|switch|p1a: Gholdengo|Gholdengo|100/100
|turn|16
|
|t:|1779595876
|switch|p2a: Alomomola|Alomomola, M|67/100
|-damage|p2a: Alomomola|55/100|[from] Stealth Rock
|move|p1a: Gholdengo|Shadow Ball|p2a: Alomomola
|-crit|p2a: Alomomola
|-damage|p2a: Alomomola|7/100
|
|upkeep
|turn|17
|
|t:|1779595880
|switch|p2a: Clodsire|Clodsire, M|100/100
|-damage|p2a: Clodsire|94/100|[from] Stealth Rock
|move|p1a: Gholdengo|Shadow Ball|p2a: Clodsire
|-damage|p2a: Clodsire|72/100
|
|-heal|p2a: Clodsire|78/100|[from] item: Leftovers
|upkeep
|turn|18
|
|t:|1779595887
|switch|p1a: Ting-Lu|Ting-Lu|9/100
|-ability|p1a: Ting-Lu|Vessel of Ruin
|move|p2a: Clodsire|Toxic|p1a: Ting-Lu
|-status|p1a: Ting-Lu|tox
|
|-heal|p1a: Ting-Lu|16/100 tox|[from] item: Leftovers
|-heal|p2a: Clodsire|85/100|[from] item: Leftovers
|-damage|p1a: Ting-Lu|9/100 tox|[from] psn
|upkeep
|turn|19
|
|t:|1779595891
|switch|p2a: Latios|Latios, M|88/100
|-damage|p2a: Latios|76/100|[from] Stealth Rock
|move|p1a: Ting-Lu|Whirlwind|p2a: Latios
|drag|p2a: Alomomola|Alomomola, M|41/100
|-damage|p2a: Alomomola|28/100|[from] Stealth Rock
|
|-heal|p1a: Ting-Lu|16/100 tox|[from] item: Leftovers
|-damage|p1a: Ting-Lu|3/100 tox|[from] psn
|upkeep
|turn|20
|
|t:|1779595896
|move|p2a: Alomomola|Aqua Jet|p1a: Ting-Lu
|-supereffective|p1a: Ting-Lu
|-damage|p1a: Ting-Lu|0 fnt
|faint|p1a: Ting-Lu
|
|upkeep
|
|t:|1779595907
|switch|p1a: Gholdengo|Gholdengo|100/100
|turn|21
|
|t:|1779595925
|switch|p2a: Clodsire|Clodsire, M|85/100
|-damage|p2a: Clodsire|78/100|[from] Stealth Rock
|move|p1a: Gholdengo|Shadow Ball|p2a: Clodsire
|-damage|p2a: Clodsire|55/100
|
|-heal|p2a: Clodsire|61/100|[from] item: Leftovers
|upkeep
|turn|22
|
|t:|1779595931
|switch|p1a: Pecharunt|Pecharunt|100/100
|move|p2a: Clodsire|Recover|p2a: Clodsire
|-heal|p2a: Clodsire|100/100
|
|upkeep
|turn|23
|
|t:|1779595948
|switch|p1a: Dragonite|Dragonite, F|100/100
|move|p2a: Clodsire|Stealth Rock|p1a: Dragonite
|-sidestart|p1: Dubyaz13|move: Stealth Rock
|
|upkeep
|turn|24
|
|t:|1779595954
|switch|p1a: Gholdengo|Gholdengo|100/100
|-damage|p1a: Gholdengo|94/100|[from] Stealth Rock
|move|p2a: Clodsire|Toxic|p1a: Gholdengo
|-immune|p1a: Gholdengo|[from] ability: Good as Gold
|
|upkeep
|turn|25
|
|t:|1779595956
|move|p1a: Gholdengo|Trick|p2a: Clodsire
|-activate|p1a: Gholdengo|move: Trick|[of] p2a: Clodsire
|-item|p2a: Clodsire|Choice Scarf|[from] move: Trick
|-item|p1a: Gholdengo|Leftovers|[from] move: Trick
|move|p2a: Clodsire|Earthquake|p1a: Gholdengo
|-supereffective|p1a: Gholdengo
|-crit|p1a: Gholdengo
|-damage|p1a: Gholdengo|9/100
|
|-heal|p1a: Gholdengo|15/100|[from] item: Leftovers
|upkeep
|turn|26
|
|t:|1779595985
|switch|p2a: Dragapult|Dragapult, M|100/100
|move|p1a: Gholdengo|Recover|p1a: Gholdengo
|-heal|p1a: Gholdengo|65/100
|
|-heal|p1a: Gholdengo|71/100|[from] item: Leftovers
|upkeep
|turn|27
|inactive|Dubyaz13 has 120 seconds left.
|
|t:|1779596012
|switch|p1a: Dragonite|Dragonite, F|100/100
|move|p2a: Dragapult|U-turn|p1a: Dragonite
|-resisted|p1a: Dragonite
|-damage|p1a: Dragonite|97/100
|
|t:|1779596015
|switch|p2a: Latios|Latios, M|76/100|[from] U-turn
|-damage|p2a: Latios|64/100|[from] Stealth Rock
|
|upkeep
|turn|28
|inactive|Dubyaz13 has 120 seconds left.
|
|t:|1779596025
|-terastallize|p2a: Latios|Dragon
|-terastallize|p1a: Dragonite|Normal
|move|p2a: Latios|Draco Meteor|p1a: Dragonite
|-damage|p1a: Dragonite|0 fnt
|-unboost|p2a: Latios|spa|2
|faint|p1a: Dragonite
|
|upkeep
|inactive|Dubyaz13 has 120 seconds left.
|
|t:|1779596032
|switch|p1a: Gholdengo|Gholdengo|71/100
|-damage|p1a: Gholdengo|65/100|[from] Stealth Rock
|turn|29
|inactive|Dubyaz13 has 120 seconds left.
|
|t:|1779596046
|switch|p2a: Clodsire|Clodsire, M|100/100
|-damage|p2a: Clodsire|94/100|[from] Stealth Rock
|move|p1a: Gholdengo|Make It Rain|p2a: Clodsire
|-damage|p2a: Clodsire|63/100
|-unboost|p1a: Gholdengo|spa|1
|
|-heal|p1a: Gholdengo|71/100|[from] item: Leftovers
|upkeep
|turn|30
|-message|Dubyaz13 forfeited.
|
|win|ghvby
|raw|Dubyaz13's rating: 1362 &rarr; <strong>1344</strong><br />(-18 for losing)
|raw|ghvby's rating: 1394 &rarr; <strong>1412</strong><br />(+18 for winning)
|l|☆Dubyaz13
|player|p1|
|l|☆ghvby
|player|p2|
