|j|☆hillbilly z
|j|☆Princessjosie1001!
|t:|1779572112
|gametype|singles
|player|p1|hillbilly z|169|1470
|player|p2|Princessjosie1001!|nurse|1487
|gen|9
|tier|[Gen 9] OU
|rated|
|rule|HP Percentage Mod: HP is shown in percentages
|rule|Endless Battle Clause: Forcing endless battles is banned
|rule|Species Clause: Limit one of each Pokémon
|rule|OHKO Clause: OHKO moves are banned
|rule|Evasion Items Clause: Evasion items are banned
|rule|Evasion Moves Clause: Evasion moves are banned
|rule|Evasion Abilities Clause: Evasion abilities are banned
|rule|Sleep Moves Clause: Sleep-inducing moves are banned
|clearpoke
|poke|p1|Torkoal, F|
|poke|p1|Scovillain, F|
|poke|p1|Walking Wake|
|poke|p1|Hatterene, F|
|poke|p1|Great Tusk|
|poke|p1|Ceruledge, M|
|poke|p2|Polteageist|
|poke|p2|Cloyster, F|
|poke|p2|Salazzle, F|
|poke|p2|Espeon, F|
|poke|p2|Alcremie, F|
|poke|p2|Dragonite, F|
|teampreview
|inactive|Battle timer is ON: inactive players will automatically lose when time's up. (requested by hillbilly z)
|
|t:|1779572120
|teamsize|p1|6
|teamsize|p2|6
|start
|switch|p1a: Torkoal|Torkoal, F|100/100
|switch|p2a: No hazard allowed|Espeon, F|100/100
|-weather|SunnyDay|[from] ability: Drought|[of] p1a: Torkoal
|turn|1
|
|t:|1779572132
|switch|p1a: Hatterene|Hatterene, F|100/100
|move|p2a: No hazard allowed|Trick|p1a: Hatterene
|-activate|p2a: No hazard allowed|move: Trick|[of] p1a: Hatterene
|-item|p1a: Hatterene|Choice Scarf|[from] move: Trick
|-item|p2a: No hazard allowed|Eject Button|[from] move: Trick
|
|-weather|SunnyDay|[upkeep]
|upkeep
|turn|2
|
|t:|1779572139
|move|p2a: No hazard allowed|Shadow Ball|p1a: Hatterene
|-supereffective|p1a: Hatterene
|-damage|p1a: Hatterene|45/100
|-unboost|p1a: Hatterene|spd|1
|move|p1a: Hatterene|Mystical Fire|p2a: No hazard allowed
|-damage|p2a: No hazard allowed|53/100
|-unboost|p2a: No hazard allowed|spa|1
|-enditem|p2a: No hazard allowed|Eject Button
|
|t:|1779572151
|switch|p2a: Dragonite|Dragonite, F|100/100
|
|-weather|SunnyDay|[upkeep]
|upkeep
|turn|3
|
|t:|1779572156
|switch|p1a: Don|Great Tusk|100/100
|-activate|p1a: Don|ability: Protosynthesis
|-start|p1a: Don|protosynthesisatk
|move|p2a: Dragonite|Dragon Dance|p2a: Dragonite
|-boost|p2a: Dragonite|atk|1
|-boost|p2a: Dragonite|spe|1
|
|-weather|SunnyDay|[upkeep]
|upkeep
|turn|4
|
|t:|1779572168
|move|p2a: Dragonite|Earthquake|p1a: Don
|-damage|p1a: Don|56/100
|move|p1a: Don|Ice Spinner|p2a: Dragonite
|-supereffective|p2a: Dragonite
|-damage|p2a: Dragonite|14/100
|-enditem|p2a: Dragonite|Weakness Policy
|-boost|p2a: Dragonite|atk|2|[from] item: Weakness Policy
|-boost|p2a: Dragonite|spa|2|[from] item: Weakness Policy
|
|-weather|SunnyDay|[upkeep]
|upkeep
|turn|5
|
|t:|1779572178
|-end|p1a: Don|Protosynthesis|[silent]
|switch|p1a: Hatterene|Hatterene, F|45/100
|move|p2a: Dragonite|Earthquake|p1a: Hatterene
|-damage|p1a: Hatterene|0 fnt
|faint|p1a: Hatterene
|
|-weather|SunnyDay|[upkeep]
|upkeep
|
|t:|1779572180
|switch|p1a: Ceruledge|Ceruledge, M|100/100
|turn|6
|
|t:|1779572189
|-terastallize|p2a: Dragonite|Normal
|move|p2a: Dragonite|Dragon Claw|p1a: Ceruledge
|-enditem|p1a: Ceruledge|Focus Sash
|-damage|p1a: Ceruledge|1/100
|-ability|p1a: Ceruledge|Weak Armor|boost
|-unboost|p1a: Ceruledge|def|1
|-boost|p1a: Ceruledge|spe|2
|move|p1a: Ceruledge|Swords Dance|p1a: Ceruledge
|-boost|p1a: Ceruledge|atk|2
|
|-weather|SunnyDay|[upkeep]
|upkeep
|turn|7
|
|t:|1779572201
|move|p1a: Ceruledge|Bitter Blade|p2a: Dragonite
|-damage|p2a: Dragonite|0 fnt
|-heal|p1a: Ceruledge|9/100|[from] drain|[of] p2a: Dragonite
|faint|p2a: Dragonite
|
|-weather|SunnyDay|[upkeep]
|upkeep
|
|t:|1779572207
|switch|p2a: Cloyster|Cloyster, F|100/100
|turn|8
|
|t:|1779572216
|move|p1a: Ceruledge|Shadow Sneak|p2a: Cloyster
|-damage|p2a: Cloyster|65/100
|move|p2a: Cloyster|Ice Shard|p1a: Ceruledge
|-resisted|p1a: Ceruledge
|-damage|p1a: Ceruledge|0 fnt
|faint|p1a: Ceruledge
|
|-weather|none
|upkeep
|
|t:|1779572223
|switch|p1a: Torkoal|Torkoal, F|100/100
|-weather|SunnyDay|[from] ability: Drought|[of] p1a: Torkoal
|turn|9
|
|t:|1779572227
|switch|p2a: No hazard allowed|Espeon, F|53/100
|move|p1a: Torkoal|Flamethrower|p2a: No hazard allowed
|-damage|p2a: No hazard allowed|0 fnt
|faint|p2a: No hazard allowed
|
|-weather|SunnyDay|[upkeep]
|upkeep
|
|t:|1779572238
|switch|p2a: Polteageist|Polteageist|100/100
|turn|10
|
|t:|1779572241
|move|p2a: Polteageist|Shell Smash|p2a: Polteageist
|-unboost|p2a: Polteageist|def|1
|-unboost|p2a: Polteageist|spd|1
|-boost|p2a: Polteageist|atk|2
|-boost|p2a: Polteageist|spa|2
|-boost|p2a: Polteageist|spe|2
|move|p1a: Torkoal|Clear Smog|p2a: Polteageist
|-resisted|p2a: Polteageist
|-damage|p2a: Polteageist|89/100
|-clearboost|p2a: Polteageist
|
|-weather|SunnyDay|[upkeep]
|upkeep
|turn|11
|
|t:|1779572251
|switch|p1a: Scovillain|Scovillain, F|100/100
|move|p2a: Polteageist|Shell Smash|p2a: Polteageist
|-unboost|p2a: Polteageist|def|1
|-unboost|p2a: Polteageist|spd|1
|-boost|p2a: Polteageist|atk|2
|-boost|p2a: Polteageist|spa|2
|-boost|p2a: Polteageist|spe|2
|
|-weather|SunnyDay|[upkeep]
|upkeep
|turn|12
|
|t:|1779572260
|move|p1a: Scovillain|Flamethrower|p2a: Polteageist
|-damage|p2a: Polteageist|0 fnt
|faint|p2a: Polteageist
|-damage|p1a: Scovillain|91/100|[from] item: Life Orb
|
|-weather|SunnyDay|[upkeep]
|upkeep
|
|t:|1779572266
|switch|p2a: Salazzle|Salazzle, F|100/100
|turn|13
|
|t:|1779572272
|move|p1a: Scovillain|Overheat|p2a: Salazzle
|-resisted|p2a: Salazzle
|-enditem|p2a: Salazzle|Focus Sash
|-damage|p2a: Salazzle|1/100
|-unboost|p1a: Scovillain|spa|2
|-damage|p1a: Scovillain|81/100|[from] item: Life Orb
|move|p2a: Salazzle|Agility|p2a: Salazzle
|-boost|p2a: Salazzle|spe|2
|
|-weather|SunnyDay|[upkeep]
|upkeep
|turn|14
|
|t:|1779572283
|switch|p1a: Don|Great Tusk|56/100
|-activate|p1a: Don|ability: Protosynthesis
|-start|p1a: Don|protosynthesisatk
|move|p2a: Salazzle|Sludge Wave|p1a: Don
|-resisted|p1a: Don
|-damage|p1a: Don|20/100
|
|-weather|SunnyDay|[upkeep]
|upkeep
|turn|15
|
|t:|1779572291
|move|p2a: Salazzle|Flamethrower|p1a: Don
|-damage|p1a: Don|0 fnt
|faint|p1a: Don
|-end|p1a: Don|Protosynthesis|[silent]
|
|-weather|SunnyDay|[upkeep]
|upkeep
|
|t:|1779572301
|switch|p1a: Torkoal|Torkoal, F|100/100
|turn|16
|
|t:|1779572304
|move|p2a: Salazzle|Sludge Wave|p1a: Torkoal
|-damage|p1a: Torkoal|42/100
|move|p1a: Torkoal|Flamethrower|p2a: Salazzle
|-resisted|p2a: Salazzle
|-damage|p2a: Salazzle|0 fnt
|faint|p2a: Salazzle
|
|-weather|none
|upkeep
|
|t:|1779572311
|switch|p2a: Alcremie|Alcremie, F|100/100
|turn|17
|
|t:|1779572315
|switch|p1a: Walking Wake|Walking Wake|100/100
|move|p2a: Alcremie|Calm Mind|p2a: Alcremie
|-boost|p2a: Alcremie|spa|1
|-boost|p2a: Alcremie|spd|1
|
|upkeep
|turn|18
|
|t:|1779572322
|-end|p1a: Walking Wake|Protosynthesis|[silent]
|switch|p1a: Torkoal|Torkoal, F|42/100
|-weather|SunnyDay|[from] ability: Drought|[of] p1a: Torkoal
|move|p2a: Alcremie|Calm Mind|p2a: Alcremie
|-boost|p2a: Alcremie|spa|1
|-boost|p2a: Alcremie|spd|1
|
|-weather|SunnyDay|[upkeep]
|upkeep
|turn|19
|
|t:|1779572329
|move|p2a: Alcremie|Psychic|p1a: Torkoal
|-damage|p1a: Torkoal|0 fnt
|faint|p1a: Torkoal
|-damage|p2a: Alcremie|91/100|[from] item: Life Orb
|
|-weather|SunnyDay|[upkeep]
|upkeep
|
|t:|1779572333
|switch|p1a: Walking Wake|Walking Wake|100/100
|-activate|p1a: Walking Wake|ability: Protosynthesis
|-start|p1a: Walking Wake|protosynthesisspa
|turn|20
|
|t:|1779572341
|move|p1a: Walking Wake|Hydro Steam|p2a: Alcremie
|-damage|p2a: Alcremie|25/100
|move|p2a: Alcremie|Draining Kiss|p1a: Walking Wake
|-supereffective|p1a: Walking Wake
|-damage|p1a: Walking Wake|0 fnt
|-heal|p2a: Alcremie|100/100|[from] drain|[of] p1a: Walking Wake
|faint|p1a: Walking Wake
|-end|p1a: Walking Wake|Protosynthesis|[silent]
|-damage|p2a: Alcremie|91/100|[from] item: Life Orb
|
|-weather|SunnyDay|[upkeep]
|upkeep
|
|t:|1779572344
|switch|p1a: Scovillain|Scovillain, F|81/100
|turn|21
|
|t:|1779572353
|-terastallize|p1a: Scovillain|Fire
|move|p1a: Scovillain|Overheat|p2a: Alcremie
|-damage|p2a: Alcremie|14/100
|-unboost|p1a: Scovillain|spa|2
|-damage|p1a: Scovillain|71/100|[from] item: Life Orb
|move|p2a: Alcremie|Psychic|p1a: Scovillain
|-damage|p1a: Scovillain|0 fnt
|faint|p1a: Scovillain
|-damage|p2a: Alcremie|4/100|[from] item: Life Orb
|
|win|Princessjosie1001!
|raw|hillbilly z's rating: 1470 &rarr; <strong>1451</strong><br />(-19 for losing)
|raw|Princessjosie1001!'s rating: 1487 &rarr; <strong>1506</strong><br />(+19 for winning)
|l|☆hillbilly z
|player|p1|
|l|☆Princessjosie1001!
|player|p2|
