|j|☆Almighty astraeus
|j|☆succ euphoria
|t:|1779658626
|gametype|singles
|player|p1|Almighty astraeus|266|1105
|player|p2|succ euphoria|170|1137
|gen|9
|tier|[Gen 9] OU
|rated|
|rule|HP Percentage Mod: HP is shown in percentages
|rule|Endless Battle Clause: Forcing endless battles is banned
|rule|Species Clause: Limit one of each Pokémon
|rule|OHKO Clause: OHKO moves are banned
|rule|Evasion Items Clause: Evasion items are banned
|rule|Evasion Moves Clause: Evasion moves are banned
|rule|Evasion Abilities Clause: Evasion abilities are banned
|rule|Sleep Moves Clause: Sleep-inducing moves are banned
|clearpoke
|poke|p1|Araquanid, M|
|poke|p1|Ariados, M|
|poke|p1|Galvantula, M|
|poke|p1|Excadrill, M|
|poke|p1|Noivern, M|
|poke|p1|Arcanine-Hisui, M|
|poke|p2|Ceruledge, F|
|poke|p2|Enamorus, F|
|poke|p2|Deoxys-Speed|
|poke|p2|Ogerpon-Wellspring, F|
|poke|p2|Great Tusk|
|poke|p2|Magnezone|
|teampreview
|
|t:|1779658642
|teamsize|p1|6
|teamsize|p2|6
|start
|switch|p1a: Faba|Araquanid, M, shiny|100/100
|switch|p2a: Magnezone|Magnezone|100/100
|turn|1
|
|t:|1779658648
|move|p2a: Magnezone|Volt Switch|p1a: Faba
|-supereffective|p1a: Faba
|-damage|p1a: Faba|40/100
|
|t:|1779658654
|switch|p2a: Enamorus|Enamorus, F|100/100|[from] Volt Switch
|move|p1a: Faba|Liquidation|p2a: Enamorus
|-damage|p2a: Enamorus|0 fnt
|faint|p2a: Enamorus
|
|upkeep
|
|t:|1779658661
|switch|p2a: Magnezone|Magnezone|100/100
|turn|2
|
|t:|1779658669
|switch|p1a: Simon|Excadrill, M, shiny|100/100
|-ability|p1a: Simon|Mold Breaker
|move|p2a: Magnezone|Thunderbolt|p1a: Simon
|-immune|p1a: Simon
|
|upkeep
|turn|3
|
|t:|1779658684
|switch|p2a: Great Tusk|Great Tusk|100/100
|move|p1a: Simon|Earthquake|p2a: Great Tusk
|-damage|p2a: Great Tusk|75/100
|
|upkeep
|turn|4
|
|t:|1779658690
|move|p1a: Simon|Stealth Rock|p2a: Great Tusk
|-sidestart|p2: succ euphoria|move: Stealth Rock
|move|p2a: Great Tusk|Stealth Rock|p1a: Simon
|-sidestart|p1: Almighty astraeus|move: Stealth Rock
|
|upkeep
|turn|5
|
|t:|1779658694
|move|p1a: Simon|Rapid Spin|p2a: Great Tusk
|-damage|p2a: Great Tusk|66/100
|-boost|p1a: Simon|spe|1
|-damage|p1a: Simon|84/100|[from] item: Rocky Helmet|[of] p2a: Great Tusk
|-sideend|p1: Almighty astraeus|Stealth Rock|[from] move: Rapid Spin|[of] p1a: Simon
|move|p2a: Great Tusk|Rapid Spin|p1a: Simon
|-resisted|p1a: Simon
|-damage|p1a: Simon|73/100
|-boost|p2a: Great Tusk|spe|1
|-sideend|p2: succ euphoria|Stealth Rock|[from] move: Rapid Spin|[of] p2a: Great Tusk
|
|upkeep
|turn|6
|
|t:|1779658701
|switch|p1a: Dick|Noivern, M|100/100
|move|p2a: Great Tusk|Stealth Rock|p1a: Dick
|-sidestart|p1: Almighty astraeus|move: Stealth Rock
|
|upkeep
|turn|7
|
|t:|1779658709
|-end|p2a: Great Tusk|Protosynthesis|[silent]
|switch|p2a: Magnezone|Magnezone|100/100
|move|p1a: Dick|Boomburst|p2a: Magnezone
|-resisted|p2a: Magnezone
|-damage|p2a: Magnezone|73/100
|-enditem|p1a: Dick|Throat Spray
|-boost|p1a: Dick|spa|1|[from] item: Throat Spray
|
|upkeep
|turn|8
|
|t:|1779658724
|move|p1a: Dick|Flamethrower|p2a: Magnezone
|-supereffective|p2a: Magnezone
|-damage|p2a: Magnezone|0 fnt
|faint|p2a: Magnezone
|
|upkeep
|
|t:|1779658730
|switch|p2a: Deoxys|Deoxys-Speed|100/100
|-ability|p2a: Deoxys|Pressure
|turn|9
|
|t:|1779658740
|move|p2a: Deoxys|Psycho Boost|p1a: Dick
|-damage|p1a: Dick|0 fnt
|-unboost|p2a: Deoxys|spa|2
|faint|p1a: Dick
|-damage|p2a: Deoxys|91/100|[from] item: Life Orb
|
|upkeep
|
|t:|1779658747
|switch|p1a: Simon|Excadrill, M, shiny|73/100
|-ability|p1a: Simon|Mold Breaker
|turn|10
|
|t:|1779658750
|move|p2a: Deoxys|Superpower|p1a: Simon
|-supereffective|p1a: Simon
|-damage|p1a: Simon|0 fnt
|-unboost|p2a: Deoxys|atk|1
|-unboost|p2a: Deoxys|def|1
|faint|p1a: Simon
|-damage|p2a: Deoxys|81/100|[from] item: Life Orb
|
|upkeep
|
|t:|1779658760
|switch|p1a: Spike|Arcanine-Hisui, M|100/100
|-damage|p1a: Spike|76/100|[from] Stealth Rock
|turn|11
|
|t:|1779658765
|switch|p2a: Great Tusk|Great Tusk|66/100
|move|p1a: Spike|Flare Blitz|p2a: Great Tusk
|-damage|p2a: Great Tusk|38/100
|-damage|p1a: Spike|59/100|[from] item: Rocky Helmet|[of] p2a: Great Tusk
|
|upkeep
|turn|12
|
|t:|1779658773
|-terastallize|p1a: Spike|Fire
|move|p1a: Spike|Flare Blitz|p2a: Great Tusk
|-damage|p2a: Great Tusk|0 fnt
|-damage|p1a: Spike|42/100|[from] item: Rocky Helmet|[of] p2a: Great Tusk
|faint|p2a: Great Tusk
|-end|p2a: Great Tusk|Protosynthesis|[silent]
|
|upkeep
|
|t:|1779658785
|switch|p2a: Ogerpon|Ogerpon-Wellspring, F|100/100
|turn|13
|
|t:|1779658788
|move|p1a: Spike|Flare Blitz|p2a: Ogerpon
|-damage|p2a: Ogerpon|10/100
|-status|p2a: Ogerpon|brn
|move|p2a: Ogerpon|Ivy Cudgel|p1a: Spike|[anim] Ivy Cudgel Water
|-supereffective|p1a: Spike
|-crit|p1a: Spike
|-damage|p1a: Spike|0 fnt
|faint|p1a: Spike
|
|-damage|p2a: Ogerpon|4/100 brn|[from] brn
|upkeep
|
|t:|1779658795
|switch|p1a: Faba|Araquanid, M, shiny|40/100
|-damage|p1a: Faba|15/100|[from] Stealth Rock
|turn|14
|
|t:|1779658799
|move|p2a: Ogerpon|Horn Leech|p1a: Faba
|-damage|p1a: Faba|0 fnt
|-heal|p2a: Ogerpon|11/100 brn|[from] drain|[of] p1a: Faba
|faint|p1a: Faba
|
|-damage|p2a: Ogerpon|5/100 brn|[from] brn
|upkeep
|
|t:|1779658802
|switch|p1a: Ari|Ariados, M|100/100
|-damage|p1a: Ari|76/100|[from] Stealth Rock
|turn|15
|
|t:|1779658811
|move|p2a: Ogerpon|Ivy Cudgel|p1a: Ari|[anim] Ivy Cudgel Water
|-damage|p1a: Ari|34/100
|move|p1a: Ari|Trailblaze|p2a: Ogerpon
|-crit|p2a: Ogerpon
|-damage|p2a: Ogerpon|0 fnt
|-boost|p1a: Ari|spe|1
|faint|p2a: Ogerpon
|
|upkeep
|
|t:|1779658827
|switch|p2a: Ceruledge|Ceruledge, F|100/100
|turn|16
|
|t:|1779658836
|move|p2a: Ceruledge|Bitter Blade|p1a: Ari
|-supereffective|p1a: Ari
|-damage|p1a: Ari|0 fnt
|faint|p1a: Ari
|
|upkeep
|
|t:|1779658838
|switch|p1a: Zpidy|Galvantula, M, shiny|100/100
|-damage|p1a: Zpidy|76/100|[from] Stealth Rock
|turn|17
|
|t:|1779658844
|move|p1a: Zpidy|Thunder|p2a: Ceruledge
|-damage|p2a: Ceruledge|14/100
|move|p2a: Ceruledge|Bitter Blade|p1a: Zpidy
|-supereffective|p1a: Zpidy
|-damage|p1a: Zpidy|0 fnt
|-heal|p2a: Ceruledge|50/100|[from] drain|[of] p1a: Zpidy
|faint|p1a: Zpidy
|
|win|succ euphoria
|raw|Almighty astraeus's rating: 1105 &rarr; <strong>1082</strong><br />(-23 for losing)
|raw|succ euphoria's rating: 1137 &rarr; <strong>1160</strong><br />(+23 for winning)
|l|☆Almighty astraeus
|player|p1|
|l|☆succ euphoria
|player|p2|
