|j|☆Firebro2026
|j|☆osaragiiscute
|t:|1779677502
|gametype|singles
|player|p1|Firebro2026|benga|1228
|player|p2|osaragiiscute|wallace|1272
|gen|9
|tier|[Gen 9] OU
|rated|
|rule|HP Percentage Mod: HP is shown in percentages
|rule|Endless Battle Clause: Forcing endless battles is banned
|rule|Species Clause: Limit one of each Pokémon
|rule|OHKO Clause: OHKO moves are banned
|rule|Evasion Items Clause: Evasion items are banned
|rule|Evasion Moves Clause: Evasion moves are banned
|rule|Evasion Abilities Clause: Evasion abilities are banned
|rule|Sleep Moves Clause: Sleep-inducing moves are banned
|clearpoke
|poke|p1|Iron Crown|
|poke|p1|Deoxys-Speed|
|poke|p1|Armarouge, M|
|poke|p1|Ogerpon, F|
|poke|p1|Samurott-Hisui, M|
|poke|p1|Iron Valiant|
|poke|p2|Meowscarada, F|
|poke|p2|Spidops, M|
|poke|p2|Armarouge, M|
|poke|p2|Maushold-Four|
|poke|p2|Gholdengo|
|poke|p2|Grafaiai, M|
|teampreview
|inactive|Battle timer is ON: inactive players will automatically lose when time's up. (requested by osaragiiscute)
|
|t:|1779677509
|teamsize|p1|6
|teamsize|p2|6
|start
|switch|p1a: Deoxys|Deoxys-Speed|100/100
|switch|p2a: Anki|Spidops, M|100/100
|-ability|p1a: Deoxys|Pressure
|turn|1
|
|t:|1779677515
|move|p2a: Anki|First Impression|p1a: Deoxys
|-supereffective|p1a: Deoxys
|-damage|p1a: Deoxys|0 fnt
|faint|p1a: Deoxys
|
|upkeep
|
|t:|1779677524
|switch|p1a: Armarouge|Armarouge, M, shiny|100/100
|turn|2
|
|t:|1779677528
|switch|p2a: Goka|Armarouge, M|100/100
|move|p1a: Armarouge|Psychic Terrain|p1a: Armarouge
|-fieldstart|move: Psychic Terrain
|
|upkeep
|turn|3
|
|t:|1779677548
|switch|p1a: Samurott|Samurott-Hisui, M, shiny|100/100
|move|p2a: Goka|Clear Smog|p1a: Samurott
|-damage|p1a: Samurott|72/100
|-clearboost|p1a: Samurott
|
|upkeep
|turn|4
|
|t:|1779677561
|switch|p2a: Anki|Spidops, M|100/100
|move|p1a: Samurott|Ceaseless Edge|p2a: Anki|[miss]
|-miss|p1a: Samurott|p2a: Anki
|
|upkeep
|turn|5
|
|t:|1779677575
|switch|p2a: Dian|Meowscarada, F|100/100
|move|p1a: Samurott|Ceaseless Edge|p2a: Dian
|-resisted|p2a: Dian
|-damage|p2a: Dian|65/100
|-sidestart|p2: osaragiiscute|Spikes
|
|upkeep
|turn|6
|inactive|osaragiiscute has 120 seconds left.
|
|t:|1779677598
|move|p2a: Dian|Knock Off|p1a: Samurott
|-start|p2a: Dian|typechange|Dark|[from] ability: Protean
|-resisted|p1a: Samurott
|-damage|p1a: Samurott|42/100
|-damage|p2a: Dian|48/100|[from] item: Rocky Helmet|[of] p1a: Samurott
|-enditem|p1a: Samurott|Rocky Helmet|[from] move: Knock Off|[of] p2a: Dian
|move|p1a: Samurott|Ceaseless Edge|p2a: Dian
|-resisted|p2a: Dian
|-damage|p2a: Dian|13/100
|-sidestart|p2: osaragiiscute|Spikes
|
|-fieldend|move: Psychic Terrain
|upkeep
|turn|7
|inactive|osaragiiscute has 120 seconds left.
|
|t:|1779677609
|move|p1a: Samurott|Sucker Punch|p2a: Dian
|-resisted|p2a: Dian
|-damage|p2a: Dian|0 fnt
|faint|p2a: Dian
|
|upkeep
|
|t:|1779677612
|switch|p2a: Anki|Spidops, M|100/100
|turn|8
|
|t:|1779677616
|move|p2a: Anki|First Impression|p1a: Samurott
|-supereffective|p1a: Samurott
|-damage|p1a: Samurott|0 fnt
|faint|p1a: Samurott
|
|upkeep
|
|t:|1779677620
|switch|p1a: Armarouge|Armarouge, M, shiny|100/100
|turn|9
|
|t:|1779677626
|move|p1a: Armarouge|Psychic Terrain|p1a: Armarouge
|-fieldstart|move: Psychic Terrain
|move|p2a: Anki|Sticky Web|p1a: Armarouge
|-sidestart|p1: Firebro2026|move: Sticky Web
|
|upkeep
|turn|10
|
|t:|1779677631
|switch|p2a: Goka|Armarouge, M|100/100
|-damage|p2a: Goka|84/100|[from] Spikes
|move|p1a: Armarouge|Expanding Force|p2a: Goka
|-resisted|p2a: Goka
|-damage|p2a: Goka|55/100
|
|upkeep
|turn|11
|
|t:|1779677645
|move|p1a: Armarouge|Expanding Force|p2a: Goka
|-resisted|p2a: Goka
|-damage|p2a: Goka|21/100
|move|p2a: Goka|Dragon Pulse|p1a: Armarouge
|-damage|p1a: Armarouge|57/100
|
|upkeep
|turn|12
|
|t:|1779677653
|move|p1a: Armarouge|Expanding Force|p2a: Goka
|-resisted|p2a: Goka
|-damage|p2a: Goka|0 fnt
|faint|p2a: Goka
|
|upkeep
|
|t:|1779677670
|switch|p2a: Blast|Maushold-Four|100/100
|-damage|p2a: Blast|84/100|[from] Spikes
|turn|13
|
|t:|1779677678
|move|p1a: Armarouge|Endure|p1a: Armarouge
|-singleturn|p1a: Armarouge|move: Endure
|move|p2a: Blast|Population Bomb|p1a: Armarouge
|-damage|p1a: Armarouge|46/100
|-ability|p1a: Armarouge|Weak Armor|boost
|-unboost|p1a: Armarouge|def|1
|-boost|p1a: Armarouge|spe|2
|-damage|p1a: Armarouge|27/100
|-ability|p1a: Armarouge|Weak Armor|boost
|-unboost|p1a: Armarouge|def|1
|-boost|p1a: Armarouge|spe|2
|-damage|p1a: Armarouge|4/100
|-ability|p1a: Armarouge|Weak Armor|boost
|-unboost|p1a: Armarouge|def|1
|-boost|p1a: Armarouge|spe|2
|-activate|p1a: Armarouge|move: Endure
|-damage|p1a: Armarouge|1/100
|-ability|p1a: Armarouge|Weak Armor|boost
|-unboost|p1a: Armarouge|def|1
|-activate|p1a: Armarouge|move: Endure
|-damage|p1a: Armarouge|1/100
|-ability|p1a: Armarouge|Weak Armor|boost
|-unboost|p1a: Armarouge|def|1
|-activate|p1a: Armarouge|move: Endure
|-damage|p1a: Armarouge|1/100
|-ability|p1a: Armarouge|Weak Armor|boost
|-unboost|p1a: Armarouge|def|1
|-activate|p1a: Armarouge|move: Endure
|-damage|p1a: Armarouge|1/100
|-activate|p1a: Armarouge|move: Endure
|-damage|p1a: Armarouge|1/100
|-activate|p1a: Armarouge|move: Endure
|-damage|p1a: Armarouge|1/100
|-activate|p1a: Armarouge|move: Endure
|-damage|p1a: Armarouge|1/100
|-hitcount|p1a: Armarouge|10
|
|-fieldend|move: Psychic Terrain
|upkeep
|turn|14
|
|t:|1779677696
|switch|p2a: Koga|Gholdengo|100/100
|-damage|p2a: Koga|84/100|[from] Spikes
|move|p1a: Armarouge|Armor Cannon|p2a: Koga
|-supereffective|p2a: Koga
|-damage|p2a: Koga|0 fnt
|-unboost|p1a: Armarouge|spd|1
|faint|p2a: Koga
|
|upkeep
|
|t:|1779677707
|switch|p2a: Anki|Spidops, M|100/100
|turn|15
|
|t:|1779677711
|move|p2a: Anki|First Impression|p1a: Armarouge
|-damage|p1a: Armarouge|0 fnt
|faint|p1a: Armarouge
|
|upkeep
|
|t:|1779677719
|switch|p1a: Iron Crown|Iron Crown|100/100
|-activate|p1a: Iron Crown|move: Sticky Web
|-unboost|p1a: Iron Crown|spe|1
|-enditem|p1a: Iron Crown|Booster Energy
|-activate|p1a: Iron Crown|ability: Quark Drive|[fromitem]
|-start|p1a: Iron Crown|quarkdrivespa
|turn|16
|
|t:|1779677725
|move|p1a: Iron Crown|Agility|p1a: Iron Crown
|-boost|p1a: Iron Crown|spe|2
|move|p2a: Anki|Circle Throw|p1a: Iron Crown
|-damage|p1a: Iron Crown|84/100
|-end|p1a: Iron Crown|Quark Drive|[silent]
|drag|p1a: Ogerpon|Ogerpon, F|100/100
|-activate|p1a: Ogerpon|move: Sticky Web
|-unboost|p1a: Ogerpon|spe|1
|-ability|p1a: Ogerpon|Defiant|boost
|-boost|p1a: Ogerpon|atk|2
|
|upkeep
|turn|17
|
|t:|1779677736
|-terastallize|p1a: Ogerpon|Grass
|detailschange|p1a: Ogerpon|Ogerpon-Teal-Tera, F, tera:Grass
|-ability|p1a: Ogerpon|Embody Aspect (Teal)|boost
|-boost|p1a: Ogerpon|spe|1
|move|p1a: Ogerpon|Ivy Cudgel|p2a: Anki
|-resisted|p2a: Anki
|-damage|p2a: Anki|0 fnt
|faint|p2a: Anki
|
|upkeep
|
|t:|1779677747
|switch|p2a: Blast|Maushold-Four|84/100
|-damage|p2a: Blast|67/100|[from] Spikes
|turn|18
|
|t:|1779677752
|move|p2a: Blast|Population Bomb|p1a: Ogerpon
|-damage|p1a: Ogerpon|85/100
|-damage|p1a: Ogerpon|72/100
|-damage|p1a: Ogerpon|58/100
|-damage|p1a: Ogerpon|44/100
|-crit|p1a: Ogerpon
|-damage|p1a: Ogerpon|23/100
|-damage|p1a: Ogerpon|8/100
|-damage|p1a: Ogerpon|0 fnt
|faint|p1a: Ogerpon
|detailschange|p1: Ogerpon|Ogerpon, F|[silent]
|-hitcount|p1: Ogerpon|7
|
|upkeep
|
|t:|1779677755
|switch|p1a: Iron Valiant|Iron Valiant, shiny|100/100
|-activate|p1a: Iron Valiant|move: Sticky Web
|-unboost|p1a: Iron Valiant|spe|1
|-enditem|p1a: Iron Valiant|Booster Energy
|-activate|p1a: Iron Valiant|ability: Quark Drive|[fromitem]
|-start|p1a: Iron Valiant|quarkdrivespa
|turn|19
|
|t:|1779677761
|-terastallize|p2a: Blast|Ghost
|move|p2a: Blast|Tidy Up|p2a: Blast
|-sideend|p2: osaragiiscute|Spikes
|-sideend|p1: Firebro2026|Sticky Web
|-activate|p2a: Blast|move: Tidy Up
|-boost|p2a: Blast|atk|1
|-boost|p2a: Blast|spe|1
|move|p1a: Iron Valiant|Aura Sphere|p2a: Blast
|-immune|p2a: Blast
|
|upkeep
|turn|20
|
|t:|1779677770
|move|p2a: Blast|Population Bomb|p1a: Iron Valiant
|-damage|p1a: Iron Valiant|79/100
|-damage|p1a: Iron Valiant|59/100
|-damage|p1a: Iron Valiant|36/100
|-damage|p1a: Iron Valiant|15/100
|-damage|p1a: Iron Valiant|0 fnt
|faint|p1a: Iron Valiant
|-end|p1a: Iron Valiant|Quark Drive|[silent]
|-hitcount|p1: Iron Valiant|5
|
|upkeep
|
|t:|1779677772
|switch|p1a: Iron Crown|Iron Crown|84/100
|turn|21
|
|t:|1779677784
|move|p2a: Blast|Bite|p1a: Iron Crown
|-supereffective|p1a: Iron Crown
|-damage|p1a: Iron Crown|18/100
|cant|p1a: Iron Crown|flinch
|
|upkeep
|turn|22
|
|t:|1779677790
|move|p2a: Blast|Bite|p1a: Iron Crown
|-supereffective|p1a: Iron Crown
|-damage|p1a: Iron Crown|0 fnt
|faint|p1a: Iron Crown
|-end|p1a: Iron Crown|Quark Drive|[silent]
|
|win|osaragiiscute
|raw|Firebro2026's rating: 1228 &rarr; <strong>1206</strong><br />(-22 for losing)
|raw|osaragiiscute's rating: 1272 &rarr; <strong>1294</strong><br />(+22 for winning)
|l|☆Firebro2026
|player|p1|
|l|☆osaragiiscute
|player|p2|
