|j|☆brodiewhat
|j|☆Nickthenickthenick
|t:|1779714250
|gametype|singles
|player|p1|brodiewhat|fisherman-gen4|1356
|player|p2|Nickthenickthenick|101|1366
|gen|9
|tier|[Gen 9] OU
|rated|
|rule|HP Percentage Mod: HP is shown in percentages
|rule|Endless Battle Clause: Forcing endless battles is banned
|rule|Species Clause: Limit one of each Pokémon
|rule|OHKO Clause: OHKO moves are banned
|rule|Evasion Items Clause: Evasion items are banned
|rule|Evasion Moves Clause: Evasion moves are banned
|rule|Evasion Abilities Clause: Evasion abilities are banned
|rule|Sleep Moves Clause: Sleep-inducing moves are banned
|clearpoke
|poke|p1|Maushold|
|poke|p1|Regieleki|
|poke|p1|Ogerpon-Wellspring, F|
|poke|p1|Slowking-Galar, F|
|poke|p1|Meowscarada, F|
|poke|p1|Sableye, M|
|poke|p2|Raikou|
|poke|p2|Entei|
|poke|p2|Suicune|
|poke|p2|Tyranitar, M|
|poke|p2|Porygon2|
|poke|p2|Espeon, F|
|teampreview
|inactive|Battle timer is ON: inactive players will automatically lose when time's up. (requested by brodiewhat)
|
|t:|1779714267
|teamsize|p1|6
|teamsize|p2|6
|start
|switch|p1a: Maushold|Maushold|100/100
|switch|p2a: Tyranitar|Tyranitar, M|100/100
|-weather|Sandstorm|[from] ability: Sand Stream|[of] p2a: Tyranitar
|turn|1
|
|t:|1779714276
|switch|p2a: Entei|Entei|100/100
|-ability|p2a: Entei|Pressure
|move|p1a: Maushold|Low Kick|p2a: Entei
|-damage|p2a: Entei|84/100
|
|-weather|Sandstorm|[upkeep]
|-damage|p1a: Maushold|94/100|[from] Sandstorm
|-damage|p2a: Entei|78/100|[from] Sandstorm
|upkeep
|turn|2
|
|t:|1779714282
|switch|p1a: Sableye|Sableye, M|100/100
|move|p2a: Entei|Sacred Fire|p1a: Sableye
|-damage|p1a: Sableye|60/100
|
|-weather|Sandstorm|[upkeep]
|-damage|p2a: Entei|72/100|[from] Sandstorm
|-damage|p1a: Sableye|54/100|[from] Sandstorm
|upkeep
|turn|3
|
|t:|1779714290
|move|p2a: Entei|Sacred Fire|p1a: Sableye
|-damage|p1a: Sableye|18/100
|move|p1a: Sableye|Knock Off|p2a: Entei
|-damage|p2a: Entei|55/100
|-enditem|p2a: Entei|Heavy-Duty Boots|[from] move: Knock Off|[of] p1a: Sableye
|
|-weather|Sandstorm|[upkeep]
|-damage|p2a: Entei|49/100|[from] Sandstorm
|-damage|p1a: Sableye|12/100|[from] Sandstorm
|upkeep
|turn|4
|
|t:|1779714301
|move|p1a: Sableye|Recover|p1a: Sableye
|-heal|p1a: Sableye|62/100
|move|p2a: Entei|Sacred Fire|p1a: Sableye
|-damage|p1a: Sableye|21/100
|
|-weather|Sandstorm|[upkeep]
|-damage|p2a: Entei|43/100|[from] Sandstorm
|-damage|p1a: Sableye|15/100|[from] Sandstorm
|upkeep
|turn|5
|
|t:|1779714317
|move|p1a: Sableye|Recover|p1a: Sableye
|-heal|p1a: Sableye|65/100
|move|p2a: Entei|Sacred Fire|p1a: Sableye
|-damage|p1a: Sableye|29/100
|
|-weather|none
|upkeep
|turn|6
|
|t:|1779714324
|move|p2a: Entei|Sacred Fire|p1a: Sableye
|-damage|p1a: Sableye|0 fnt
|faint|p1a: Sableye
|
|upkeep
|
|t:|1779714328
|switch|p1a: Regieleki|Regieleki|100/100
|turn|7
|
|t:|1779714331
|switch|p2a: Tyranitar|Tyranitar, M|100/100
|-weather|Sandstorm|[from] ability: Sand Stream|[of] p2a: Tyranitar
|move|p1a: Regieleki|Volt Switch|p2a: Tyranitar
|-crit|p2a: Tyranitar
|-damage|p2a: Tyranitar|61/100
|
|t:|1779714333
|switch|p1a: Maushold|Maushold|94/100|[from] Volt Switch
|
|-weather|Sandstorm|[upkeep]
|-damage|p1a: Maushold|88/100|[from] Sandstorm
|-heal|p2a: Tyranitar|67/100|[from] item: Leftovers
|upkeep
|turn|8
|
|t:|1779714342
|move|p1a: Maushold|Tidy Up|p1a: Maushold
|-boost|p1a: Maushold|atk|1
|-boost|p1a: Maushold|spe|1
|move|p2a: Tyranitar|Stealth Rock|p1a: Maushold
|-sidestart|p1: brodiewhat|move: Stealth Rock
|
|-weather|Sandstorm|[upkeep]
|-damage|p1a: Maushold|82/100|[from] Sandstorm
|-heal|p2a: Tyranitar|73/100|[from] item: Leftovers
|upkeep
|turn|9
|
|t:|1779714351
|switch|p2a: Porygon2|Porygon2|100/100
|-ability|p2a: Porygon2|Technician|Trace|[from] ability: Trace|[of] p1a: Maushold
|move|p1a: Maushold|Population Bomb|p2a: Porygon2
|-damage|p2a: Porygon2|92/100
|-hitcount|p2a: Porygon2|1
|
|-weather|Sandstorm|[upkeep]
|-damage|p1a: Maushold|76/100|[from] Sandstorm
|-damage|p2a: Porygon2|86/100|[from] Sandstorm
|upkeep
|turn|10
|l|☆brodiewhat
|inactive|brodiewhat disconnected and has a minute to reconnect!
|player|p1|
|
|t:|1779714364
|-terastallize|p1a: Maushold|Normal
|-terastallize|p2a: Porygon2|Ghost
|move|p1a: Maushold|Population Bomb|p2a: Porygon2
|-immune|p2a: Porygon2
|move|p2a: Porygon2|Foul Play|p1a: Maushold
|-damage|p1a: Maushold|15/100
|
|-weather|Sandstorm|[upkeep]
|-damage|p1a: Maushold|9/100|[from] Sandstorm
|-damage|p2a: Porygon2|80/100|[from] Sandstorm
|upkeep
|turn|11
|j|☆brodiewhat
|inactive|brodiewhat reconnected and has 145 seconds left.
|player|p1|brodiewhat|fisherman-gen4|
|
|t:|1779714375
|move|p1a: Maushold|Bite|p2a: Porygon2
|-supereffective|p2a: Porygon2
|-damage|p2a: Porygon2|48/100
|move|p2a: Porygon2|Foul Play|p1a: Maushold
|-damage|p1a: Maushold|0 fnt
|faint|p1a: Maushold
|
|-weather|none
|upkeep
|
|t:|1779714386
|switch|p1a: Ogerpon|Ogerpon-Wellspring, F|100/100
|-damage|p1a: Ogerpon|88/100|[from] Stealth Rock
|turn|12
|
|t:|1779714391
|move|p1a: Ogerpon|Swords Dance|p1a: Ogerpon
|-boost|p1a: Ogerpon|atk|2
|move|p2a: Porygon2|Foul Play|p1a: Ogerpon
|-damage|p1a: Ogerpon|51/100
|
|upkeep
|turn|13
|
|t:|1779714397
|move|p1a: Ogerpon|Horn Leech|p2a: Porygon2
|-damage|p2a: Porygon2|16/100
|-heal|p1a: Ogerpon|68/100|[from] drain|[of] p2a: Porygon2
|move|p2a: Porygon2|Thunder Wave|p1a: Ogerpon
|-status|p1a: Ogerpon|par
|
|upkeep
|turn|14
|
|t:|1779714403
|move|p2a: Porygon2|Recover|p2a: Porygon2
|-heal|p2a: Porygon2|66/100
|move|p1a: Ogerpon|Horn Leech|p2a: Porygon2
|-damage|p2a: Porygon2|32/100
|-heal|p1a: Ogerpon|86/100 par|[from] drain|[of] p2a: Porygon2
|
|upkeep
|turn|15
|
|t:|1779714409
|move|p2a: Porygon2|Recover|p2a: Porygon2
|-heal|p2a: Porygon2|82/100
|move|p1a: Ogerpon|Horn Leech|p2a: Porygon2
|-damage|p2a: Porygon2|47/100
|-heal|p1a: Ogerpon|100/100 par|[from] drain|[of] p2a: Porygon2
|
|upkeep
|turn|16
|
|t:|1779714414
|move|p2a: Porygon2|Recover|p2a: Porygon2
|-heal|p2a: Porygon2|97/100
|move|p1a: Ogerpon|Ivy Cudgel|p2a: Porygon2|[anim] Ivy Cudgel Water
|-crit|p2a: Porygon2
|-damage|p2a: Porygon2|26/100
|
|upkeep
|turn|17
|
|t:|1779714419
|move|p2a: Porygon2|Recover|p2a: Porygon2
|-heal|p2a: Porygon2|76/100
|move|p1a: Ogerpon|Ivy Cudgel|p2a: Porygon2|[anim] Ivy Cudgel Water
|-damage|p2a: Porygon2|30/100
|
|upkeep
|turn|18
|
|t:|1779714423
|move|p2a: Porygon2|Recover|p2a: Porygon2
|-heal|p2a: Porygon2|80/100
|move|p1a: Ogerpon|Ivy Cudgel|p2a: Porygon2|[anim] Ivy Cudgel Water
|-damage|p2a: Porygon2|36/100
|
|upkeep
|turn|19
|
|t:|1779714428
|move|p2a: Porygon2|Recover|p2a: Porygon2
|-heal|p2a: Porygon2|86/100
|move|p1a: Ogerpon|Ivy Cudgel|p2a: Porygon2|[anim] Ivy Cudgel Water
|-damage|p2a: Porygon2|41/100
|
|upkeep
|turn|20
|
|t:|1779714432
|move|p2a: Porygon2|Recover|p2a: Porygon2
|-heal|p2a: Porygon2|91/100
|move|p1a: Ogerpon|Ivy Cudgel|p2a: Porygon2|[anim] Ivy Cudgel Water
|-damage|p2a: Porygon2|46/100
|
|upkeep
|turn|21
|c|☆Nickthenickthenick|i,ome tp åara
|
|t:|1779714438
|move|p2a: Porygon2|Recover|p2a: Porygon2
|-heal|p2a: Porygon2|96/100
|move|p1a: Ogerpon|Ivy Cudgel|p2a: Porygon2|[anim] Ivy Cudgel Water
|-crit|p2a: Porygon2
|-damage|p2a: Porygon2|26/100
|
|upkeep
|turn|22
|c|☆Nickthenickthenick|HAHAHA
|
|t:|1779714446
|move|p2a: Porygon2|Foul Play|p1a: Ogerpon
|-damage|p1a: Ogerpon|61/100 par
|cant|p1a: Ogerpon|par
|
|upkeep
|turn|23
|c|☆brodiewhat|sorry bro
|
|t:|1779714450
|move|p2a: Porygon2|Foul Play|p1a: Ogerpon
|-damage|p1a: Ogerpon|24/100 par
|move|p1a: Ogerpon|Synthesis|p1a: Ogerpon
|-heal|p1a: Ogerpon|74/100 par
|
|upkeep
|turn|24
|
|t:|1779714454
|move|p2a: Porygon2|Foul Play|p1a: Ogerpon
|-damage|p1a: Ogerpon|35/100 par
|move|p1a: Ogerpon|Synthesis|p1a: Ogerpon
|-heal|p1a: Ogerpon|85/100 par
|
|upkeep
|turn|25
|
|t:|1779714457
|move|p2a: Porygon2|Foul Play|p1a: Ogerpon
|-damage|p1a: Ogerpon|42/100 par
|move|p1a: Ogerpon|Synthesis|p1a: Ogerpon
|-heal|p1a: Ogerpon|92/100 par
|
|upkeep
|turn|26
|
|t:|1779714461
|move|p2a: Porygon2|Foul Play|p1a: Ogerpon
|-damage|p1a: Ogerpon|54/100 par
|move|p1a: Ogerpon|Synthesis|p1a: Ogerpon
|-heal|p1a: Ogerpon|100/100 par
|
|upkeep
|turn|27
|
|t:|1779714463
|move|p2a: Porygon2|Foul Play|p1a: Ogerpon
|-damage|p1a: Ogerpon|62/100 par
|move|p1a: Ogerpon|Horn Leech|p2a: Porygon2
|-damage|p2a: Porygon2|0 fnt
|-heal|p1a: Ogerpon|75/100 par|[from] drain|[of] p2a: Porygon2
|faint|p2a: Porygon2
|
|upkeep
|c|☆Nickthenickthenick|yeahe on in 11
|c|☆Nickthenickthenick|make sens
|inactive|Nickthenickthenick has 120 seconds left.
|c|☆Nickthenickthenick|that is like less than 1 in a million
|
|t:|1779714516
|switch|p2a: Espeon|Espeon, F|100/100
|turn|28
|
|t:|1779714525
|move|p2a: Espeon|Psychic Noise|p1a: Ogerpon
|-damage|p1a: Ogerpon|38/100 par
|-start|p1a: Ogerpon|move: Heal Block
|cant|p1a: Ogerpon|move: Heal Block|Horn Leech
|
|upkeep
|turn|29
|inactive|Nickthenickthenick has 120 seconds left.
|
|t:|1779714532
|move|p2a: Espeon|Psychic Noise|p1a: Ogerpon
|-damage|p1a: Ogerpon|0 fnt
|faint|p1a: Ogerpon
|
|upkeep
|c|☆brodiewhat|also its definitely not less than 1 in a million lol
|c|☆brodiewhat|what u on about
|inactive|brodiewhat has 120 seconds left.
|
|t:|1779714564
|switch|p1a: Regieleki|Regieleki|100/100
|-damage|p1a: Regieleki|88/100|[from] Stealth Rock
|turn|30
|
|t:|1779714578
|move|p1a: Regieleki|Thunderbolt|p2a: Espeon
|-damage|p2a: Espeon|0 fnt
|faint|p2a: Espeon
|
|upkeep
|
|t:|1779714581
|switch|p2a: Tyranitar|Tyranitar, M|73/100
|-weather|Sandstorm|[from] ability: Sand Stream|[of] p2a: Tyranitar
|turn|31
|
|t:|1779714598
|move|p1a: Regieleki|Thunderbolt|p2a: Tyranitar
|-damage|p2a: Tyranitar|38/100
|move|p2a: Tyranitar|Knock Off|p1a: Regieleki
|-damage|p1a: Regieleki|11/100
|-enditem|p1a: Regieleki|Choice Specs|[from] move: Knock Off|[of] p2a: Tyranitar
|
|-weather|Sandstorm|[upkeep]
|-damage|p1a: Regieleki|5/100|[from] Sandstorm
|-heal|p2a: Tyranitar|44/100|[from] item: Leftovers
|upkeep
|turn|32
|c|☆Nickthenickthenick|on
|c|☆Nickthenickthenick|one in 10000
|
|t:|1779714620
|move|p1a: Regieleki|Rapid Spin|p2a: Tyranitar
|-resisted|p2a: Tyranitar
|-damage|p2a: Tyranitar|40/100
|-boost|p1a: Regieleki|spe|1
|-sideend|p1: brodiewhat|Stealth Rock|[from] move: Rapid Spin|[of] p1a: Regieleki
|move|p2a: Tyranitar|Knock Off|p1a: Regieleki
|-damage|p1a: Regieleki|0 fnt
|faint|p1a: Regieleki
|
|-weather|Sandstorm|[upkeep]
|-heal|p2a: Tyranitar|46/100|[from] item: Leftovers
|upkeep
|
|t:|1779714624
|switch|p1a: Meowscarada|Meowscarada, F|100/100
|turn|33
|c|☆brodiewhat|you have no idea how odds work
|
|t:|1779714642
|move|p1a: Meowscarada|Flower Trick|p2a: Tyranitar
|-start|p1a: Meowscarada|typechange|Grass|[from] ability: Protean
|-supereffective|p2a: Tyranitar
|-crit|p2a: Tyranitar
|-damage|p2a: Tyranitar|0 fnt
|faint|p2a: Tyranitar
|
|-weather|Sandstorm|[upkeep]
|-damage|p1a: Meowscarada|94/100|[from] Sandstorm
|upkeep
|c|☆Nickthenickthenick|okey what is the chance of fliipping head 12 out 13 times
|c|☆brodiewhat|para is not a 50% chance
|inactive|Nickthenickthenick has 120 seconds left.
|inactive|Nickthenickthenick has 90 seconds left.
|inactive|Nickthenickthenick has 60 seconds left.
|inactive|Nickthenickthenick has 30 seconds left.
|inactive|Nickthenickthenick has 20 seconds left.
|
|t:|1779714769
|switch|p2a: Entei|Entei|43/100
|-ability|p2a: Entei|Pressure
|turn|34
|inactive|Nickthenickthenick has 30 seconds left this turn.
|
|t:|1779714784
|move|p1a: Meowscarada|Flower Trick|p2a: Entei
|-resisted|p2a: Entei
|-crit|p2a: Entei
|-damage|p2a: Entei|19/100
|move|p2a: Entei|Sacred Fire|p1a: Meowscarada
|-supereffective|p1a: Meowscarada
|-damage|p1a: Meowscarada|0 fnt
|faint|p1a: Meowscarada
|
|-weather|Sandstorm|[upkeep]
|-damage|p2a: Entei|13/100|[from] Sandstorm
|upkeep
|
|t:|1779714790
|switch|p1a: Slowking|Slowking-Galar, F|100/100
|turn|35
|
|t:|1779714796
|move|p2a: Entei|Scorching Sands|p1a: Slowking
|-supereffective|p1a: Slowking
|-damage|p1a: Slowking|88/100
|move|p1a: Slowking|Sludge Bomb|p2a: Entei
|-damage|p2a: Entei|0 fnt
|faint|p2a: Entei
|
|-weather|none
|upkeep
|
|t:|1779714801
|switch|p2a: Suicune|Suicune|100/100
|-ability|p2a: Suicune|Pressure
|turn|36
|
|t:|1779714805
|move|p2a: Suicune|Substitute|p2a: Suicune
|-start|p2a: Suicune|Substitute
|-damage|p2a: Suicune|75/100
|move|p1a: Slowking|Sludge Bomb|p2a: Suicune
|-activate|p2a: Suicune|move: Substitute|[damage]
|
|-heal|p2a: Suicune|82/100|[from] item: Leftovers
|upkeep
|turn|37
|
|t:|1779714810
|move|p2a: Suicune|Calm Mind|p2a: Suicune
|-boost|p2a: Suicune|spa|1
|-boost|p2a: Suicune|spd|1
|move|p1a: Slowking|Psychic Noise|p2a: Suicune
|-damage|p2a: Suicune|69/100
|-start|p2a: Suicune|move: Heal Block
|
|upkeep
|turn|38
|
|t:|1779714814
|move|p2a: Suicune|Calm Mind|p2a: Suicune
|-boost|p2a: Suicune|spa|1
|-boost|p2a: Suicune|spd|1
|move|p1a: Slowking|Psychic Noise|p2a: Suicune
|-damage|p2a: Suicune|60/100
|
|-end|p2a: Suicune|move: Heal Block
|upkeep
|turn|39
|
|t:|1779714822
|move|p2a: Suicune|Calm Mind|p2a: Suicune
|-boost|p2a: Suicune|spa|1
|-boost|p2a: Suicune|spd|1
|move|p1a: Slowking|Psychic Noise|p2a: Suicune
|-damage|p2a: Suicune|52/100
|-start|p2a: Suicune|move: Heal Block
|
|upkeep
|turn|40
|
|t:|1779714825
|move|p2a: Suicune|Scald|p1a: Slowking
|-damage|p1a: Slowking|59/100
|move|p1a: Slowking|Psychic Noise|p2a: Suicune
|-damage|p2a: Suicune|44/100
|
|-end|p2a: Suicune|move: Heal Block
|upkeep
|turn|41
|
|t:|1779714829
|move|p2a: Suicune|Scald|p1a: Slowking
|-damage|p1a: Slowking|27/100
|move|p1a: Slowking|Psychic Noise|p2a: Suicune
|-damage|p2a: Suicune|36/100
|-start|p2a: Suicune|move: Heal Block
|
|upkeep
|turn|42
|
|t:|1779714831
|move|p2a: Suicune|Scald|p1a: Slowking
|-damage|p1a: Slowking|0 fnt
|faint|p1a: Slowking
|
|win|Nickthenickthenick
|raw|brodiewhat's rating: 1356 &rarr; <strong>1337</strong><br />(-19 for losing)
|raw|Nickthenickthenick's rating: 1366 &rarr; <strong>1385</strong><br />(+19 for winning)
|c|☆Nickthenickthenick|gg lucker
|l|☆Nickthenickthenick
|player|p2|
|c|☆brodiewhat|?
|l|☆brodiewhat
|player|p1|
