|j|☆miscellandorus-t
|j|☆kopv
|t:|1779577190
|gametype|singles
|player|p1|miscellandorus-t|1|1394
|player|p2|kopv|bugcatcher-gen4dp|1481
|gen|9
|tier|[Gen 9] OU
|rated|
|rule|HP Percentage Mod: HP is shown in percentages
|rule|Endless Battle Clause: Forcing endless battles is banned
|rule|Species Clause: Limit one of each Pokémon
|rule|OHKO Clause: OHKO moves are banned
|rule|Evasion Items Clause: Evasion items are banned
|rule|Evasion Moves Clause: Evasion moves are banned
|rule|Evasion Abilities Clause: Evasion abilities are banned
|rule|Sleep Moves Clause: Sleep-inducing moves are banned
|clearpoke
|poke|p1|Gliscor, F|
|poke|p1|Alomomola, M|
|poke|p1|Tinkaton, F|
|poke|p1|Bellibolt, F|
|poke|p1|Cyclizar, F|
|poke|p1|Orthworm, F|
|poke|p2|Pelipper, F|
|poke|p2|Barraskewda, F|
|poke|p2|Iron Treads|
|poke|p2|Bruxish, F|
|poke|p2|Raging Bolt|
|poke|p2|Enamorus, F|
|teampreview
|
|t:|1779577196
|teamsize|p1|6
|teamsize|p2|6
|start
|switch|p1a: Tinkaton|Tinkaton, F|100/100
|switch|p2a: Pelipper|Pelipper, F|100/100
|-ability|p1a: Tinkaton|Mold Breaker
|-weather|RainDance|[from] ability: Drizzle|[of] p2a: Pelipper
|turn|1
|
|t:|1779577208
|move|p1a: Tinkaton|Knock Off|p2a: Pelipper
|-damage|p2a: Pelipper|87/100
|-enditem|p2a: Pelipper|Damp Rock|[from] move: Knock Off|[of] p1a: Tinkaton
|move|p2a: Pelipper|U-turn|p1a: Tinkaton
|-resisted|p1a: Tinkaton
|-damage|p1a: Tinkaton|97/100
|
|t:|1779577217
|switch|p2a: Barraskewda|Barraskewda, F|100/100|[from] U-turn
|
|-weather|RainDance|[upkeep]
|upkeep
|turn|2
|
|t:|1779577224
|switch|p1a: Alomomola|Alomomola, M|100/100
|move|p2a: Barraskewda|Flip Turn|p1a: Alomomola
|-resisted|p1a: Alomomola
|-damage|p1a: Alomomola|78/100
|-damage|p2a: Barraskewda|91/100|[from] item: Life Orb
|
|t:|1779577226
|switch|p2a: Raging Bolt|Raging Bolt|100/100|[from] Flip Turn
|
|-weather|RainDance|[upkeep]
|upkeep
|turn|3
|
|t:|1779577232
|switch|p1a: Bellibolt|Bellibolt, F|100/100
|move|p2a: Raging Bolt|Weather Ball|p1a: Bellibolt
|-damage|p1a: Bellibolt|62/100
|-start|p1a: Bellibolt|Charge|Weather Ball|[from] ability: Electromorphosis
|
|-weather|RainDance|[upkeep]
|upkeep
|turn|4
|
|t:|1779577245
|move|p2a: Raging Bolt|Draco Meteor|p1a: Bellibolt
|-damage|p1a: Bellibolt|12/100
|-unboost|p2a: Raging Bolt|spa|2
|-start|p1a: Bellibolt|Charge|Draco Meteor|[from] ability: Electromorphosis
|move|p1a: Bellibolt|Slack Off|p1a: Bellibolt
|-heal|p1a: Bellibolt|62/100
|
|-weather|RainDance|[upkeep]
|upkeep
|turn|5
|
|t:|1779577263
|-end|p2a: Raging Bolt|Protosynthesis|[silent]
|switch|p2a: 'Ello gov'na|Bruxish, F|100/100
|move|p1a: Bellibolt|Slack Off|p1a: Bellibolt
|-heal|p1a: Bellibolt|100/100
|
|-weather|RainDance|[upkeep]
|upkeep
|turn|6
|
|t:|1779577274
|switch|p1a: Alomomola|Alomomola, M|100/100
|-terastallize|p2a: 'Ello gov'na|Water
|move|p2a: 'Ello gov'na|Wave Crash|p1a: Alomomola
|-resisted|p1a: Alomomola
|-damage|p1a: Alomomola|44/100
|-damage|p2a: 'Ello gov'na|69/100|[from] Recoil
|
|-weather|RainDance|[upkeep]
|upkeep
|turn|7
|
|t:|1779577281
|move|p1a: Alomomola|Protect|p1a: Alomomola
|-singleturn|p1a: Alomomola|Protect
|move|p2a: 'Ello gov'na|Wave Crash|p1a: Alomomola
|-activate|p1a: Alomomola|move: Protect
|
|-weather|RainDance|[upkeep]
|upkeep
|turn|8
|
|t:|1779577293
|switch|p1a: Cyclizar|Cyclizar, F|100/100
|move|p2a: 'Ello gov'na|Wave Crash|p1a: Cyclizar
|-resisted|p1a: Cyclizar
|-damage|p1a: Cyclizar|0 fnt
|faint|p1a: Cyclizar
|-damage|p2a: 'Ello gov'na|35/100|[from] Recoil
|
|-weather|none
|upkeep
|
|t:|1779577314
|switch|p1a: Gliscor|Gliscor, F|100/100
|turn|9
|
|t:|1779577326
|move|p1a: Gliscor|Substitute|p1a: Gliscor
|-start|p1a: Gliscor|Substitute
|-damage|p1a: Gliscor|75/100
|move|p2a: 'Ello gov'na|Wave Crash|p1a: Gliscor
|-supereffective|p1a: Gliscor
|-end|p1a: Gliscor|Substitute
|-damage|p2a: 'Ello gov'na|25/100|[from] Recoil|[of] p1a: Gliscor
|
|-status|p1a: Gliscor|tox|[from] item: Toxic Orb
|upkeep
|turn|10
|
|t:|1779577340
|switch|p2a: Pelipper|Pelipper, F|87/100
|-weather|RainDance|[from] ability: Drizzle|[of] p2a: Pelipper
|move|p1a: Gliscor|Substitute|p1a: Gliscor
|-start|p1a: Gliscor|Substitute
|-damage|p1a: Gliscor|50/100 tox
|
|-weather|RainDance|[upkeep]
|-heal|p1a: Gliscor|63/100 tox|[from] ability: Poison Heal
|upkeep
|turn|11
|
|t:|1779577345
|move|p1a: Gliscor|Protect|p1a: Gliscor
|-singleturn|p1a: Gliscor|Protect
|move|p2a: Pelipper|Hurricane|p1a: Gliscor
|-activate|p1a: Gliscor|move: Protect
|
|-weather|RainDance|[upkeep]
|-heal|p1a: Gliscor|75/100 tox|[from] ability: Poison Heal
|upkeep
|turn|12
|
|t:|1779577361
|move|p1a: Gliscor|Toxic|p2a: Pelipper|[miss]
|-miss|p1a: Gliscor|p2a: Pelipper
|move|p2a: Pelipper|Hurricane|p1a: Gliscor
|-end|p1a: Gliscor|Substitute
|
|-weather|RainDance|[upkeep]
|-heal|p1a: Gliscor|88/100 tox|[from] ability: Poison Heal
|upkeep
|turn|13
|
|t:|1779577373
|switch|p2a: Barraskewda|Barraskewda, F|91/100
|move|p1a: Gliscor|Substitute|p1a: Gliscor
|-start|p1a: Gliscor|Substitute
|-damage|p1a: Gliscor|63/100 tox
|
|-weather|RainDance|[upkeep]
|-heal|p1a: Gliscor|75/100 tox|[from] ability: Poison Heal
|upkeep
|turn|14
|l|☆miscellandorus-t
|player|p1|
|j|☆miscellandorus-t
|player|p1|miscellandorus-t|1|
|
|t:|1779577409
|move|p2a: Barraskewda|Liquidation|p1a: Gliscor
|-supereffective|p1a: Gliscor
|-end|p1a: Gliscor|Substitute
|-damage|p2a: Barraskewda|81/100|[from] item: Life Orb
|move|p1a: Gliscor|Toxic|p2a: Barraskewda
|-status|p2a: Barraskewda|tox
|
|-weather|none
|-damage|p2a: Barraskewda|75/100 tox|[from] psn
|-heal|p1a: Gliscor|88/100 tox|[from] ability: Poison Heal
|upkeep
|turn|15
|
|t:|1779577416
|move|p1a: Gliscor|Protect|p1a: Gliscor
|-singleturn|p1a: Gliscor|Protect
|move|p2a: Barraskewda|Flip Turn|p1a: Gliscor
|-activate|p1a: Gliscor|move: Protect
|
|-damage|p2a: Barraskewda|62/100 tox|[from] psn
|-heal|p1a: Gliscor|100/100 tox|[from] ability: Poison Heal
|upkeep
|turn|16
|
|t:|1779577428
|switch|p2a: Pelipper|Pelipper, F|87/100
|-weather|RainDance|[from] ability: Drizzle|[of] p2a: Pelipper
|-terastallize|p1a: Gliscor|Dragon
|move|p1a: Gliscor|Substitute|p1a: Gliscor
|-start|p1a: Gliscor|Substitute
|-damage|p1a: Gliscor|75/100 tox
|
|-weather|RainDance|[upkeep]
|-heal|p1a: Gliscor|88/100 tox|[from] ability: Poison Heal
|upkeep
|turn|17
|
|t:|1779577433
|move|p1a: Gliscor|Toxic|p2a: Pelipper
|-status|p2a: Pelipper|tox
|move|p2a: Pelipper|Hurricane|p1a: Gliscor
|-end|p1a: Gliscor|Substitute
|
|-weather|RainDance|[upkeep]
|-heal|p1a: Gliscor|100/100 tox|[from] ability: Poison Heal
|-damage|p2a: Pelipper|81/100 tox|[from] psn
|upkeep
|turn|18
|
|t:|1779577448
|move|p1a: Gliscor|Substitute|p1a: Gliscor
|-start|p1a: Gliscor|Substitute
|-damage|p1a: Gliscor|75/100 tox
|move|p2a: Pelipper|Hurricane|p1a: Gliscor
|-end|p1a: Gliscor|Substitute
|
|-weather|RainDance|[upkeep]
|-heal|p1a: Gliscor|88/100 tox|[from] ability: Poison Heal
|-damage|p2a: Pelipper|68/100 tox|[from] psn
|upkeep
|turn|19
|
|t:|1779577460
|switch|p2a: Iron Treads|Iron Treads|100/100
|move|p1a: Gliscor|Substitute|p1a: Gliscor
|-start|p1a: Gliscor|Substitute
|-damage|p1a: Gliscor|63/100 tox
|
|-weather|RainDance|[upkeep]
|-heal|p1a: Gliscor|75/100 tox|[from] ability: Poison Heal
|upkeep
|turn|20
|
|t:|1779577468
|move|p1a: Gliscor|Protect|p1a: Gliscor
|-singleturn|p1a: Gliscor|Protect
|move|p2a: Iron Treads|Rapid Spin|p1a: Gliscor
|-activate|p1a: Gliscor|move: Protect
|
|-weather|none
|-heal|p1a: Gliscor|88/100 tox|[from] ability: Poison Heal
|upkeep
|turn|21
|
|t:|1779577471
|move|p2a: Iron Treads|Iron Head|p1a: Gliscor
|-activate|p1a: Gliscor|move: Substitute|[damage]
|move|p1a: Gliscor|Earthquake|p2a: Iron Treads
|-supereffective|p2a: Iron Treads
|-damage|p2a: Iron Treads|48/100
|
|-heal|p2a: Iron Treads|55/100|[from] item: Leftovers
|-heal|p1a: Gliscor|100/100 tox|[from] ability: Poison Heal
|upkeep
|turn|22
|
|t:|1779577477
|move|p2a: Iron Treads|Rapid Spin|p1a: Gliscor
|-end|p1a: Gliscor|Substitute
|-boost|p2a: Iron Treads|spe|1
|move|p1a: Gliscor|Substitute|p1a: Gliscor
|-start|p1a: Gliscor|Substitute
|-damage|p1a: Gliscor|75/100 tox
|
|-heal|p2a: Iron Treads|61/100|[from] item: Leftovers
|-heal|p1a: Gliscor|88/100 tox|[from] ability: Poison Heal
|upkeep
|turn|23
|
|t:|1779577482
|move|p2a: Iron Treads|Stealth Rock|p1a: Gliscor
|-sidestart|p1: miscellandorus-t|move: Stealth Rock
|move|p1a: Gliscor|Earthquake|p2a: Iron Treads
|-supereffective|p2a: Iron Treads
|-damage|p2a: Iron Treads|8/100
|
|-heal|p2a: Iron Treads|14/100|[from] item: Leftovers
|-heal|p1a: Gliscor|100/100 tox|[from] ability: Poison Heal
|upkeep
|turn|24
|
|t:|1779577487
|move|p2a: Iron Treads|Iron Head|p1a: Gliscor
|-activate|p1a: Gliscor|move: Substitute|[damage]
|move|p1a: Gliscor|Earthquake|p2a: Iron Treads
|-supereffective|p2a: Iron Treads
|-damage|p2a: Iron Treads|0 fnt
|faint|p2a: Iron Treads
|-end|p2a: Iron Treads|Quark Drive|[silent]
|
|upkeep
|
|t:|1779577493
|switch|p2a: Pelipper|Pelipper, F|68/100 tox
|-weather|RainDance|[from] ability: Drizzle|[of] p2a: Pelipper
|turn|25
|
|t:|1779577497
|move|p1a: Gliscor|Protect|p1a: Gliscor
|-singleturn|p1a: Gliscor|Protect
|move|p2a: Pelipper|U-turn|p1a: Gliscor
|-activate|p1a: Gliscor|move: Protect
|
|-weather|RainDance|[upkeep]
|-damage|p2a: Pelipper|62/100 tox|[from] psn
|upkeep
|turn|26
|
|t:|1779577504
|move|p1a: Gliscor|Toxic|p2a: Pelipper
|-fail|p2a: Pelipper|tox
|move|p2a: Pelipper|U-turn|p1a: Gliscor
|-end|p1a: Gliscor|Substitute
|
|t:|1779577509
|switch|p2a: Enamorus|Enamorus, F|100/100|[from] U-turn
|
|-weather|RainDance|[upkeep]
|upkeep
|turn|27
|
|t:|1779577513
|switch|p1a: Tinkaton|Tinkaton, F|97/100
|-ability|p1a: Tinkaton|Mold Breaker
|move|p2a: Enamorus|Moonblast|p1a: Tinkaton
|-resisted|p1a: Tinkaton
|-crit|p1a: Tinkaton
|-damage|p1a: Tinkaton|61/100
|
|-weather|RainDance|[upkeep]
|upkeep
|turn|28
|
|t:|1779577524
|switch|p2a: Raging Bolt|Raging Bolt|100/100
|move|p1a: Tinkaton|Stealth Rock|p2a: Raging Bolt
|-sidestart|p2: kopv|move: Stealth Rock
|
|-weather|RainDance|[upkeep]
|upkeep
|turn|29
|
|t:|1779577560
|move|p1a: Tinkaton|Knock Off|p2a: Raging Bolt
|-damage|p2a: Raging Bolt|83/100
|-enditem|p2a: Raging Bolt|Leftovers|[from] move: Knock Off|[of] p1a: Tinkaton
|move|p2a: Raging Bolt|Thunder|p1a: Tinkaton
|-damage|p1a: Tinkaton|1/100
|
|-weather|none
|upkeep
|turn|30
|
|t:|1779577570
|move|p1a: Tinkaton|Encore|p2a: Raging Bolt
|-start|p2a: Raging Bolt|Encore
|move|p2a: Raging Bolt|Thunder|p1a: Tinkaton
|-damage|p1a: Tinkaton|0 fnt
|faint|p1a: Tinkaton
|
|upkeep
|
|t:|1779577576
|switch|p1a: Bellibolt|Bellibolt, F|100/100
|turn|31
|
|t:|1779577586
|move|p2a: Raging Bolt|Thunder|p1a: Bellibolt
|-resisted|p1a: Bellibolt
|-damage|p1a: Bellibolt|79/100
|-start|p1a: Bellibolt|Charge|Thunder|[from] ability: Electromorphosis
|move|p1a: Bellibolt|Toxic|p2a: Raging Bolt
|-status|p2a: Raging Bolt|tox
|
|-damage|p2a: Raging Bolt|77/100 tox|[from] psn
|upkeep
|turn|32
|
|t:|1779577597
|move|p2a: Raging Bolt|Thunder|p1a: Bellibolt|[miss]
|-miss|p2a: Raging Bolt|p1a: Bellibolt
|move|p1a: Bellibolt|Parabolic Charge|p2a: Raging Bolt
|-resisted|p2a: Raging Bolt
|-damage|p2a: Raging Bolt|67/100 tox
|-heal|p1a: Bellibolt|84/100|[from] drain|[of] p2a: Raging Bolt
|-end|p1a: Bellibolt|Charge|[silent]
|
|-damage|p2a: Raging Bolt|54/100 tox|[from] psn
|-end|p2a: Raging Bolt|Encore
|upkeep
|turn|33
|
|t:|1779577600
|-end|p2a: Raging Bolt|Protosynthesis|[silent]
|switch|p2a: Pelipper|Pelipper, F|62/100 tox
|-damage|p2a: Pelipper|37/100 tox|[from] Stealth Rock
|-weather|RainDance|[from] ability: Drizzle|[of] p2a: Pelipper
|move|p1a: Bellibolt|Slack Off|p1a: Bellibolt
|-heal|p1a: Bellibolt|100/100
|
|-weather|RainDance|[upkeep]
|-damage|p2a: Pelipper|31/100 tox|[from] psn
|upkeep
|turn|34
|
|t:|1779577606
|move|p1a: Bellibolt|Parabolic Charge|p2a: Pelipper
|-supereffective|p2a: Pelipper
|-damage|p2a: Pelipper|0 fnt
|faint|p2a: Pelipper
|
|-weather|RainDance|[upkeep]
|upkeep
|
|t:|1779577620
|switch|p2a: Barraskewda|Barraskewda, F|62/100 tox
|-damage|p2a: Barraskewda|50/100 tox|[from] Stealth Rock
|turn|35
|
|t:|1779577650
|switch|p1a: Alomomola|Alomomola, M|77/100
|move|p2a: Barraskewda|Liquidation|p1a: Alomomola
|-resisted|p1a: Alomomola
|-damage|p1a: Alomomola|46/100
|-damage|p2a: Barraskewda|40/100 tox|[from] item: Life Orb
|
|-weather|RainDance|[upkeep]
|-damage|p2a: Barraskewda|34/100 tox|[from] psn
|upkeep
|turn|36
|
|t:|1779577659
|move|p2a: Barraskewda|Liquidation|p1a: Alomomola
|-resisted|p1a: Alomomola
|-damage|p1a: Alomomola|18/100
|-damage|p2a: Barraskewda|24/100 tox|[from] item: Life Orb
|move|p1a: Alomomola|Wish|p1a: Alomomola
|
|-weather|RainDance|[upkeep]
|-damage|p2a: Barraskewda|12/100 tox|[from] psn
|upkeep
|turn|37
|
|t:|1779577671
|move|p1a: Alomomola|Protect|p1a: Alomomola
|-singleturn|p1a: Alomomola|Protect
|move|p2a: Barraskewda|Liquidation|p1a: Alomomola
|-activate|p1a: Alomomola|move: Protect
|
|-weather|none
|-heal|p1a: Alomomola|68/100|[from] move: Wish|[wisher] Alomomola
|-damage|p2a: Barraskewda|0 fnt|[from] psn
|faint|p2a: Barraskewda
|upkeep
|
|t:|1779577675
|switch|p2a: Enamorus|Enamorus, F|100/100
|-damage|p2a: Enamorus|76/100|[from] Stealth Rock
|turn|38
|
|t:|1779577694
|move|p2a: Enamorus|Moonblast|p1a: Alomomola
|-damage|p1a: Alomomola|24/100
|-unboost|p1a: Alomomola|spa|1
|move|p1a: Alomomola|Flip Turn|p2a: Enamorus
|-damage|p2a: Enamorus|51/100
|
|t:|1779577700
|switch|p1a: Orthworm|Orthworm, F|100/100|[from] Flip Turn
|-damage|p1a: Orthworm|94/100|[from] Stealth Rock
|
|upkeep
|turn|39
|
|t:|1779577707
|switch|p2a: 'Ello gov'na|Bruxish, F, tera:Water|25/100
|-damage|p2a: 'Ello gov'na|12/100|[from] Stealth Rock
|move|p1a: Orthworm|Heavy Slam|p2a: 'Ello gov'na
|-resisted|p2a: 'Ello gov'na
|-damage|p2a: 'Ello gov'na|0 fnt
|faint|p2a: 'Ello gov'na
|
|upkeep
|
|t:|1779577712
|switch|p2a: Raging Bolt|Raging Bolt|54/100 tox
|-damage|p2a: Raging Bolt|42/100 tox|[from] Stealth Rock
|turn|40
|
|t:|1779577719
|switch|p1a: Bellibolt|Bellibolt, F|100/100
|move|p2a: Raging Bolt|Draco Meteor|p1a: Bellibolt
|-damage|p1a: Bellibolt|52/100
|-unboost|p2a: Raging Bolt|spa|2
|-start|p1a: Bellibolt|Charge|Draco Meteor|[from] ability: Electromorphosis
|
|-damage|p2a: Raging Bolt|36/100 tox|[from] psn
|upkeep
|turn|41
|-message|kopv forfeited.
|
|win|miscellandorus-t
|raw|miscellandorus-t's rating: 1394 &rarr; <strong>1419</strong><br />(+25 for winning)
|raw|kopv's rating: 1481 &rarr; <strong>1456</strong><br />(-25 for losing)
|l|☆kopv
|player|p2|
|l|☆miscellandorus-t
|player|p1|
