|j|☆PrestigeCivilian
|j|☆GUABEA
|t:|1779636143
|gametype|singles
|player|p1|PrestigeCivilian|bellelba|
|player|p2|GUABEA|169|
|gen|9
|tier|[Gen 9] OU
|rule|HP Percentage Mod: HP is shown in percentages
|rule|Endless Battle Clause: Forcing endless battles is banned
|rule|Species Clause: Limit one of each Pokémon
|rule|OHKO Clause: OHKO moves are banned
|rule|Evasion Items Clause: Evasion items are banned
|rule|Evasion Moves Clause: Evasion moves are banned
|rule|Evasion Abilities Clause: Evasion abilities are banned
|rule|Sleep Moves Clause: Sleep-inducing moves are banned
|clearpoke
|poke|p1|Cinccino, F|
|poke|p1|Great Tusk|
|poke|p1|Raging Bolt|
|poke|p1|Basculegion-F, F|
|poke|p1|Iron Crown|
|poke|p1|Whimsicott, F|
|poke|p2|Keldeo-Resolute|
|poke|p2|Landorus-Therian, M|
|poke|p2|Rhyperior, M|
|poke|p2|Latios, M|
|poke|p2|Goodra-Hisui, M|
|poke|p2|Rabsca, F|
|teampreview
|j| ItsMeFiery
|j| Vinkun9746
|c|☆PrestigeCivilian|tera ghost basculegion
|c| Vinkun9746|scary
|c| Vinkun9746|go gelo
|j| xlbxrt
|c|☆GUABEA|Tera water rhyperior
|j| firstle
|c| Vinkun9746|cincinno wooooow
|
|t:|1779636237
|teamsize|p1|6
|teamsize|p2|6
|start
|switch|p1a: CottonProducer|Whimsicott, F|100/100
|switch|p2a: Reese|Keldeo-Resolute|100/100
|turn|1
|n| xlbxrt|xlbxrt
|c| xlbxrt|Skerii
|c| Vinkun9746|N|GGA
|
|t:|1779636246
|switch|p2a: Yesu|Goodra-Hisui, M|100/100
|move|p1a: CottonProducer|Light Screen|p1a: CottonProducer
|-sidestart|p1: PrestigeCivilian|move: Light Screen
|
|upkeep
|turn|2
|
|t:|1779636254
|move|p1a: CottonProducer|U-turn|p2a: Yesu
|-resisted|p2a: Yesu
|-crit|p2a: Yesu
|-damage|p2a: Yesu|93/100
|c| Vinkun9746|oh no
|
|t:|1779636262
|switch|p1a: Address Me|Great Tusk|100/100|[from] U-turn
|move|p2a: Yesu|Flamethrower|p1a: Address Me
|-damage|p1a: Address Me|82/100
|
|upkeep
|turn|3
|
|t:|1779636270
|switch|p2a: Reese|Keldeo-Resolute|100/100
|move|p1a: Address Me|Stealth Rock|p2a: Reese
|-sidestart|p2: GUABEA|move: Stealth Rock
|
|upkeep
|turn|4
|c| Vinkun9746|why is there an elephant in the room
|
|t:|1779636277
|-end|p1a: Address Me|Protosynthesis|[silent]
|switch|p1a: Blue Ranger|Iron Crown|100/100
|move|p2a: Reese|Hydro Pump|p1a: Blue Ranger|[miss]
|-miss|p2a: Reese|p1a: Blue Ranger
|
|upkeep
|turn|5
|
|t:|1779636285
|switch|p2a: Yesu|Goodra-Hisui, M|93/100
|-damage|p2a: Yesu|87/100|[from] Stealth Rock
|move|p1a: Blue Ranger|Psychic Noise|p2a: Yesu
|-resisted|p2a: Yesu
|-damage|p2a: Yesu|81/100
|-start|p2a: Yesu|move: Heal Block
|
|upkeep
|turn|6
|
|t:|1779636295
|move|p1a: Blue Ranger|Volt Switch|p2a: Yesu
|-resisted|p2a: Yesu
|-damage|p2a: Yesu|77/100
|
|t:|1779636299
|-end|p1a: Blue Ranger|Quark Drive|[silent]
|switch|p1a: Address Me|Great Tusk|82/100|[from] Volt Switch
|move|p2a: Yesu|Flamethrower|p1a: Address Me
|-damage|p1a: Address Me|63/100
|
|-end|p2a: Yesu|move: Heal Block
|upkeep
|turn|7
|c| Vinkun9746|grabe galing
|
|t:|1779636313
|switch|p2a: Mahal|Rhyperior, M|100/100
|-damage|p2a: Mahal|94/100|[from] Stealth Rock
|move|p1a: Address Me|Headlong Rush|p2a: Mahal
|-supereffective|p2a: Mahal
|-crit|p2a: Mahal
|-damage|p2a: Mahal|18/100
|-unboost|p1a: Address Me|def|1
|-unboost|p1a: Address Me|spd|1
|-enditem|p2a: Mahal|Weakness Policy
|-boost|p2a: Mahal|atk|2|[from] item: Weakness Policy
|-boost|p2a: Mahal|spa|2|[from] item: Weakness Policy
|
|upkeep
|turn|8
|
|t:|1779636325
|move|p1a: Address Me|Headlong Rush|p2a: Mahal
|-supereffective|p2a: Mahal
|-damage|p2a: Mahal|0 fnt
|-unboost|p1a: Address Me|def|1
|-unboost|p1a: Address Me|spd|1
|faint|p2a: Mahal
|
|-sideend|p1: PrestigeCivilian|move: Light Screen
|upkeep
|c| xlbxrt|nagwawala
|c| Vinkun9746|skt
|c| Vinkun9746|grabe
|c| Vinkun9746|bilis ah
|
|t:|1779636334
|switch|p2a: Reese|Keldeo-Resolute|100/100
|-damage|p2a: Reese|94/100|[from] Stealth Rock
|turn|9
|
|t:|1779636339
|-end|p1a: Address Me|Protosynthesis|[silent]
|switch|p1a: Blue Ranger|Iron Crown|100/100
|move|p2a: Reese|Hydro Pump|p1a: Blue Ranger
|-damage|p1a: Blue Ranger|72/100
|
|upkeep
|turn|10
|
|t:|1779636348
|switch|p2a: Yesu|Goodra-Hisui, M|77/100
|-damage|p2a: Yesu|71/100|[from] Stealth Rock
|move|p1a: Blue Ranger|Psychic Noise|p2a: Yesu
|-resisted|p2a: Yesu
|-damage|p2a: Yesu|64/100
|-start|p2a: Yesu|move: Heal Block
|
|upkeep
|turn|11
|
|t:|1779636364
|move|p1a: Blue Ranger|Volt Switch|p2a: Yesu
|-resisted|p2a: Yesu
|-damage|p2a: Yesu|60/100
|
|t:|1779636370
|-end|p1a: Blue Ranger|Quark Drive|[silent]
|switch|p1a: Tax Collector|Basculegion-F, F|100/100|[from] Volt Switch
|move|p2a: Yesu|Flamethrower|p1a: Tax Collector
|-resisted|p1a: Tax Collector
|-damage|p1a: Tax Collector|85/100
|
|-end|p2a: Yesu|move: Heal Block
|upkeep
|turn|12
|
|t:|1779636383
|-terastallize|p1a: Tax Collector|Ghost
|move|p1a: Tax Collector|Shadow Ball|p2a: Yesu
|-damage|p2a: Yesu|32/100
|move|p2a: Yesu|Thunderbolt|p1a: Tax Collector
|-damage|p1a: Tax Collector|52/100
|
|upkeep
|turn|13
|
|t:|1779636397
|switch|p1a: Blue Ranger|Iron Crown|72/100
|move|p2a: Yesu|Flash Cannon|p1a: Blue Ranger
|-resisted|p1a: Blue Ranger
|-damage|p1a: Blue Ranger|61/100
|-unboost|p1a: Blue Ranger|spd|1
|
|upkeep
|turn|14
|
|t:|1779636406
|switch|p2a: Asawa ko|Latios, M|100/100
|-damage|p2a: Asawa ko|88/100|[from] Stealth Rock
|move|p1a: Blue Ranger|Focus Blast|p2a: Asawa ko|[miss]
|-miss|p1a: Blue Ranger|p2a: Asawa ko
|
|upkeep
|turn|15
|c| Vinkun9746|focus miss
|c| xlbxrt|Ahahahahha
|
|t:|1779636422
|move|p2a: Asawa ko|Draco Meteor|p1a: Blue Ranger|[miss]
|-miss|p2a: Asawa ko|p1a: Blue Ranger
|move|p1a: Blue Ranger|Volt Switch|p2a: Asawa ko
|-resisted|p2a: Asawa ko
|-damage|p2a: Asawa ko|79/100
|c| Vinkun9746|draco miss
|
|t:|1779636429
|-end|p1a: Blue Ranger|Quark Drive|[silent]
|switch|p1a: CottonProducer|Whimsicott, F|100/100|[from] Volt Switch
|
|upkeep
|turn|16
|c| xlbxrt|Tie lang pala
|
|t:|1779636436
|switch|p2a: Yesu|Goodra-Hisui, M|32/100
|-damage|p2a: Yesu|26/100|[from] Stealth Rock
|move|p1a: CottonProducer|Light Screen|p1a: CottonProducer
|-sidestart|p1: PrestigeCivilian|move: Light Screen
|
|upkeep
|turn|17
|c| Vinkun9746|sheesh
|
|t:|1779636446
|move|p1a: CottonProducer|U-turn|p2a: Yesu
|-resisted|p2a: Yesu
|-damage|p2a: Yesu|22/100
|
|t:|1779636459
|switch|p1a: Address Me|Great Tusk|63/100|[from] U-turn
|move|p2a: Yesu|Flamethrower|p1a: Address Me
|-damage|p1a: Address Me|44/100
|-status|p1a: Address Me|brn
|
|-damage|p1a: Address Me|37/100 brn|[from] brn
|upkeep
|turn|18
|c| Vinkun9746|burnik
|
|t:|1779636471
|switch|p2a: Babe|Landorus-Therian, M|100/100
|-damage|p2a: Babe|88/100|[from] Stealth Rock
|-ability|p2a: Babe|Intimidate|boost
|-unboost|p1a: Address Me|atk|1
|move|p1a: Address Me|Headlong Rush|p2a: Babe
|-immune|p2a: Babe
|
|-damage|p1a: Address Me|31/100 brn|[from] brn
|upkeep
|turn|19
|
|t:|1779636482
|move|p1a: Address Me|Ice Spinner|p2a: Babe
|-supereffective|p2a: Babe
|-damage|p2a: Babe|51/100
|-damage|p1a: Address Me|15/100 brn|[from] item: Rocky Helmet|[of] p2a: Babe
|move|p2a: Babe|Earthquake|p1a: Address Me
|-damage|p1a: Address Me|0 fnt
|faint|p1a: Address Me
|-end|p1a: Address Me|Protosynthesis|[silent]
|
|upkeep
|
|t:|1779636496
|switch|p1a: Tax Collector|Basculegion-F, F, tera:Ghost|52/100
|turn|20
|c| Vinkun9746|may ice spinner yun astig
|
|t:|1779636505
|switch|p2a: Yesu|Goodra-Hisui, M|22/100
|-damage|p2a: Yesu|16/100|[from] Stealth Rock
|move|p1a: Tax Collector|Ice Beam|p2a: Yesu
|-damage|p2a: Yesu|2/100
|
|upkeep
|turn|21
|
|t:|1779636511
|move|p1a: Tax Collector|Ice Beam|p2a: Yesu
|-damage|p2a: Yesu|0 fnt
|faint|p2a: Yesu
|
|upkeep
|
|t:|1779636517
|switch|p2a: Reac|Rabsca, F|100/100
|turn|22
|
|t:|1779636522
|move|p1a: Tax Collector|Ice Beam|p2a: Reac
|-crit|p2a: Reac
|-damage|p2a: Reac|58/100
|move|p2a: Reac|Revival Blessing|p2a: Reac
|
|t:|1779636528
|-heal|p2: Yesu|50/100|[from] move: Revival Blessing
|
|upkeep
|turn|23
|
|t:|1779636539
|switch|p2a: Yesu|Goodra-Hisui, M|50/100
|-damage|p2a: Yesu|44/100|[from] Stealth Rock
|move|p1a: Tax Collector|Ice Beam|p2a: Yesu
|-damage|p2a: Yesu|31/100
|
|-sideend|p1: PrestigeCivilian|move: Light Screen
|upkeep
|turn|24
|
|t:|1779636548
|switch|p1a: CottonProducer|Whimsicott, F|100/100
|move|p2a: Yesu|Flash Cannon|p1a: CottonProducer
|-supereffective|p1a: CottonProducer
|-damage|p1a: CottonProducer|0 fnt
|faint|p1a: CottonProducer
|
|upkeep
|c| Vinkun9746|sheesh
|
|t:|1779636557
|switch|p1a: Blue Ranger|Iron Crown|61/100
|turn|25
|c| xlbxrt|Sakit sheehs
|
|t:|1779636561
|move|p1a: Blue Ranger|Focus Blast|p2a: Yesu|[miss]
|-miss|p1a: Blue Ranger|p2a: Yesu
|move|p2a: Yesu|Flamethrower|p1a: Blue Ranger
|-supereffective|p1a: Blue Ranger
|-damage|p1a: Blue Ranger|29/100
|
|upkeep
|turn|26
|c| Vinkun9746|focus miss
|
|t:|1779636570
|move|p1a: Blue Ranger|Focus Blast|p2a: Yesu
|-supereffective|p2a: Yesu
|-damage|p2a: Yesu|2/100
|move|p2a: Yesu|Flamethrower|p1a: Blue Ranger
|-supereffective|p1a: Blue Ranger
|-damage|p1a: Blue Ranger|0 fnt
|faint|p1a: Blue Ranger
|-end|p1a: Blue Ranger|Quark Drive|[silent]
|
|upkeep
|
|t:|1779636576
|switch|p1a: CottonPicker|Cinccino, F|100/100
|turn|27
|c| Vinkun9746|ahhhhhh
|c| Vinkun9746|kaya may cotton producer
|
|t:|1779636587
|switch|p2a: Asawa ko|Latios, M|79/100
|-damage|p2a: Asawa ko|67/100|[from] Stealth Rock
|move|p1a: CottonPicker|Play Rough|p2a: Asawa ko
|-supereffective|p2a: Asawa ko
|-damage|p2a: Asawa ko|0 fnt
|faint|p2a: Asawa ko
|
|upkeep
|c| xlbxrt|Ahahahahahha wala sa side mo ung luck lourd now ah
|
|t:|1779636596
|switch|p2a: Babe|Landorus-Therian, M|51/100
|-damage|p2a: Babe|38/100|[from] Stealth Rock
|-ability|p2a: Babe|Intimidate|boost
|-unboost|p1a: CottonPicker|atk|1
|turn|28
|
|t:|1779636601
|move|p1a: CottonPicker|Triple Axel|p2a: Babe|[miss]
|-miss|p1a: CottonPicker|p2a: Babe
|move|p2a: Babe|Earthquake|p1a: CottonPicker
|-damage|p1a: CottonPicker|7/100
|
|upkeep
|turn|29
|c| Vinkun9746|lmao
|
|t:|1779636608
|move|p1a: CottonPicker|Triple Axel|p2a: Babe
|-supereffective|p2a: Babe
|-damage|p2a: Babe|10/100
|-damage|p1a: CottonPicker|0 fnt|[from] item: Rocky Helmet|[of] p2a: Babe
|faint|p1a: CottonPicker
|-hitcount|p2a: Babe|1
|move|p2a: Babe|Stone Edge|p1: CottonPicker|[notarget]
|-fail|p2a: Babe
|
|upkeep
|
|t:|1779636615
|switch|p1a: Tax Collector|Basculegion-F, F, tera:Ghost|52/100
|turn|30
|c| Vinkun9746|kekw
|
|t:|1779636621
|switch|p2a: Reese|Keldeo-Resolute|94/100
|-damage|p2a: Reese|88/100|[from] Stealth Rock
|move|p1a: Tax Collector|Shadow Ball|p2a: Reese
|-crit|p2a: Reese
|-damage|p2a: Reese|0 fnt
|faint|p2a: Reese
|
|upkeep
|
|t:|1779636629
|switch|p2a: Yesu|Goodra-Hisui, M|2/100
|-damage|p2a: Yesu|0 fnt|[from] Stealth Rock
|faint|p2a: Yesu
|c| xlbxrt|Uyyy swerteee
|
|t:|1779636635
|switch|p2a: Reac|Rabsca, F|58/100
|turn|31
|
|t:|1779636641
|move|p1a: Tax Collector|Shadow Ball|p2a: Reac
|-supereffective|p2a: Reac
|-damage|p2a: Reac|0 fnt
|faint|p2a: Reac
|
|upkeep
|c| Vinkun9746|go landot
|
|t:|1779636651
|switch|p2a: Babe|Landorus-Therian, M|10/100
|-damage|p2a: Babe|0 fnt|[from] Stealth Rock
|faint|p2a: Babe
|
|win|PrestigeCivilian
|c| Vinkun9746|nooo
