|j|‽acerrillo6970
|j|☆rujjtrainer
|t:|1779697497
|gametype|singles
|player|p1|acerrillo6970|2|1293
|player|p2|rujjtrainer|winona|1314
|gen|9
|tier|[Gen 9] OU
|rated|
|rule|HP Percentage Mod: HP is shown in percentages
|rule|Endless Battle Clause: Forcing endless battles is banned
|rule|Species Clause: Limit one of each Pokémon
|rule|OHKO Clause: OHKO moves are banned
|rule|Evasion Items Clause: Evasion items are banned
|rule|Evasion Moves Clause: Evasion moves are banned
|rule|Evasion Abilities Clause: Evasion abilities are banned
|rule|Sleep Moves Clause: Sleep-inducing moves are banned
|clearpoke
|poke|p1|Flamigo, F|
|poke|p1|Tentacruel, F|
|poke|p1|Meowscarada, F|
|poke|p1|Comfey, M|
|poke|p1|Cramorant, M|
|poke|p1|Lokix, M|
|poke|p2|Sinistcha-Masterpiece|
|poke|p2|Gastrodon, F|
|poke|p2|Braviary, M|
|poke|p2|Lucario, M|
|poke|p2|Ceruledge, M|
|poke|p2|Hydreigon, M|
|teampreview
|inactive|Battle timer is ON: inactive players will automatically lose when time's up. (requested by acerrillo6970)
|
|t:|1779697506
|teamsize|p1|6
|teamsize|p2|6
|start
|switch|p1a: Lokix|Lokix, M|100/100
|switch|p2a: Braviary|Braviary, M|100/100
|turn|1
|inactive|rujjtrainer has 120 seconds left.
|
|t:|1779697536
|move|p1a: Lokix|First Impression|p2a: Braviary
|-resisted|p2a: Braviary
|-damage|p2a: Braviary|30/100
|-damage|p1a: Lokix|91/100|[from] item: Life Orb
|move|p2a: Braviary|Brave Bird|p1a: Lokix
|-supereffective|p1a: Lokix
|-damage|p1a: Lokix|0 fnt
|faint|p1a: Lokix
|-damage|p2a: Braviary|5/100|[from] Recoil
|
|upkeep
|l|☆rujjtrainer
|inactive|rujjtrainer disconnected and has a minute to reconnect!
|player|p2|
|
|t:|1779697552
|switch|p1a: Flamigo|Flamigo, F|100/100
|turn|2
|inactive|rujjtrainer has 30 seconds to reconnect!
|j|☆rujjtrainer
|inactive|rujjtrainer reconnected and has 105 seconds left.
|player|p2|rujjtrainer|winona|
|
|t:|1779697587
|move|p1a: Flamigo|U-turn|p2a: Braviary
|-resisted|p2a: Braviary
|-damage|p2a: Braviary|0 fnt
|faint|p2a: Braviary
|
|t:|1779697593
|switch|p1a: Meowscarada|Meowscarada, F|100/100|[from] U-turn
|
|upkeep
|
|t:|1779697601
|switch|p2a: Gastrodon|Gastrodon, F|100/100
|turn|3
|
|t:|1779697606
|-terastallize|p2a: Gastrodon|Poison
|move|p1a: Meowscarada|Flower Trick|p2a: Gastrodon
|-start|p1a: Meowscarada|typechange|Grass|[from] ability: Protean
|-resisted|p2a: Gastrodon
|-crit|p2a: Gastrodon
|-damage|p2a: Gastrodon|63/100
|move|p2a: Gastrodon|Sludge Wave|p1a: Meowscarada
|-supereffective|p1a: Meowscarada
|-damage|p1a: Meowscarada|0 fnt
|faint|p1a: Meowscarada
|
|upkeep
|
|t:|1779697624
|switch|p1a: Flamigo|Flamigo, F|100/100
|turn|4
|
|t:|1779697638
|move|p1a: Flamigo|Brave Bird|p2a: Gastrodon
|-damage|p2a: Gastrodon|0 fnt
|faint|p2a: Gastrodon
|-damage|p1a: Flamigo|76/100|[from] Recoil
|
|upkeep
|
|t:|1779697645
|switch|p2a: Hydreigon|Hydreigon, M|100/100
|turn|5
|
|t:|1779697652
|move|p1a: Flamigo|Brave Bird|p2a: Hydreigon
|-damage|p2a: Hydreigon|29/100
|-damage|p1a: Flamigo|51/100|[from] Recoil
|move|p2a: Hydreigon|Draco Meteor|p1a: Flamigo
|-damage|p1a: Flamigo|0 fnt
|-unboost|p2a: Hydreigon|spa|2
|faint|p1a: Flamigo
|
|upkeep
|
|t:|1779697659
|switch|p1a: Cramorant|Cramorant, M|100/100
|turn|6
|
|t:|1779697667
|move|p2a: Hydreigon|Draco Meteor|p1a: Cramorant
|-damage|p1a: Cramorant|55/100
|-unboost|p2a: Hydreigon|spa|2
|move|p1a: Cramorant|Surf|p2a: Hydreigon
|-formechange|p1a: Cramorant|Cramorant-Gulping|
|-resisted|p2a: Hydreigon
|-damage|p2a: Hydreigon|13/100
|
|-heal|p1a: Cramorant|61/100|[from] item: Leftovers
|upkeep
|turn|7
|
|t:|1779697676
|move|p2a: Hydreigon|Draco Meteor|p1a: Cramorant
|-damage|p1a: Cramorant|33/100
|-unboost|p2a: Hydreigon|spa|2
|-damage|p2a: Hydreigon|0 fnt|[from] ability: Gulp Missile|[of] p1a: Cramorant
|-formechange|p1a: Cramorant|Cramorant|
|faint|p2a: Hydreigon
|move|p1a: Cramorant|Surf|p2: Hydreigon|[notarget]
|-fail|p1a: Cramorant
|
|-heal|p1a: Cramorant|39/100|[from] item: Leftovers
|upkeep
|
|t:|1779697691
|switch|p2a: Lucario|Lucario, M|100/100
|turn|8
|
|t:|1779697699
|move|p2a: Lucario|Shadow Ball|p1a: Cramorant
|-damage|p1a: Cramorant|0 fnt
|faint|p1a: Cramorant
|-damage|p2a: Lucario|91/100|[from] item: Life Orb
|
|upkeep
|
|t:|1779697707
|switch|p1a: Tentacruel|Tentacruel, F|100/100
|turn|9
|
|t:|1779697712
|move|p2a: Lucario|Nasty Plot|p2a: Lucario
|-boost|p2a: Lucario|spa|2
|move|p1a: Tentacruel|Surf|p2a: Lucario
|-damage|p2a: Lucario|40/100
|
|upkeep
|turn|10
|
|t:|1779697719
|move|p2a: Lucario|Aura Sphere|p1a: Tentacruel
|-resisted|p1a: Tentacruel
|-damage|p1a: Tentacruel|52/100
|-damage|p2a: Lucario|30/100|[from] item: Life Orb
|move|p1a: Tentacruel|Surf|p2a: Lucario
|-damage|p2a: Lucario|0 fnt
|faint|p2a: Lucario
|
|-heal|p1a: Tentacruel|58/100|[from] item: Black Sludge
|upkeep
|
|t:|1779697729
|switch|p2a: Ceruledge|Ceruledge, M|100/100
|turn|11
|
|t:|1779697742
|move|p2a: Ceruledge|Poltergeist|p1a: Tentacruel
|-activate|p1a: Tentacruel|move: Poltergeist|Black Sludge
|-damage|p1a: Tentacruel|0 fnt
|faint|p1a: Tentacruel
|
|upkeep
|
|t:|1779697746
|switch|p1a: Comfey|Comfey, M|100/100
|turn|12
|
|t:|1779697751
|-terastallize|p1a: Comfey|Ground
|move|p2a: Ceruledge|Poltergeist|p1a: Comfey
|-activate|p1a: Comfey|move: Poltergeist|Fairy Feather
|-damage|p1a: Comfey|16/100
|move|p1a: Comfey|Calm Mind|p1a: Comfey
|-boost|p1a: Comfey|spa|1
|-boost|p1a: Comfey|spd|1
|
|upkeep
|turn|13
|-message|acerrillo6970 forfeited.
|
|win|rujjtrainer
|raw|acerrillo6970's rating: 1293 &rarr; <strong>1270</strong><br />(-23 for losing)
|raw|rujjtrainer's rating: 1314 &rarr; <strong>1333</strong><br />(+19 for winning)
|l|‽acerrillo6970
|player|p1|
|l|☆rujjtrainer
|player|p2|
