|j|☆gabrielpixelmon
|j|☆jrbeann
|t:|1779620802
|gametype|singles
|player|p1|gabrielpixelmon|aaron|1070
|player|p2|jrbeann|170|1110
|gen|9
|tier|[Gen 9] OU
|rated|
|rule|HP Percentage Mod: HP is shown in percentages
|rule|Endless Battle Clause: Forcing endless battles is banned
|rule|Species Clause: Limit one of each Pokémon
|rule|OHKO Clause: OHKO moves are banned
|rule|Evasion Items Clause: Evasion items are banned
|rule|Evasion Moves Clause: Evasion moves are banned
|rule|Evasion Abilities Clause: Evasion abilities are banned
|rule|Sleep Moves Clause: Sleep-inducing moves are banned
|clearpoke
|poke|p1|Weavile, F|
|poke|p1|Arcanine-Hisui, F|
|poke|p1|Lycanroc-Dusk, M|
|poke|p1|Great Tusk|
|poke|p1|Kingambit, M|
|poke|p1|Landorus-Therian, M|
|poke|p2|Kyurem|
|poke|p2|Corviknight, F|
|poke|p2|Ting-Lu|
|poke|p2|Dondozo, F|
|poke|p2|Slowking-Galar, F|
|poke|p2|Cinderace, M|
|teampreview
|
|t:|1779620817
|teamsize|p1|6
|teamsize|p2|6
|start
|switch|p1a: Arcanine|Arcanine-Hisui, F|100/100
|switch|p2a: Slowking|Slowking-Galar, F|100/100
|turn|1
|
|t:|1779620828
|switch|p2a: Ting-Lu|Ting-Lu|100/100
|-ability|p2a: Ting-Lu|Vessel of Ruin
|move|p1a: Arcanine|Close Combat|p2a: Ting-Lu
|-supereffective|p2a: Ting-Lu
|-damage|p2a: Ting-Lu|42/100
|-unboost|p1a: Arcanine|def|1
|-unboost|p1a: Arcanine|spd|1
|
|-heal|p2a: Ting-Lu|48/100|[from] item: Leftovers
|upkeep
|turn|2
|
|t:|1779620841
|switch|p2a: Slowking|Slowking-Galar, F|100/100
|move|p1a: Arcanine|Close Combat|p2a: Slowking
|-resisted|p2a: Slowking
|-damage|p2a: Slowking|91/100
|-unboost|p1a: Arcanine|def|1
|-unboost|p1a: Arcanine|spd|1
|
|upkeep
|turn|3
|
|t:|1779620860
|switch|p1a: Landorus|Landorus-Therian, M|100/100
|-ability|p1a: Landorus|Intimidate|boost
|-unboost|p2a: Slowking|atk|1
|move|p2a: Slowking|Future Sight|p1a: Landorus
|-start|p2a: Slowking|move: Future Sight
|
|upkeep
|turn|4
|
|t:|1779620868
|move|p1a: Landorus|Earthquake|p2a: Slowking
|-supereffective|p2a: Slowking
|-enditem|p2a: Slowking|Shuca Berry|[eat]
|-enditem|p2a: Slowking|Shuca Berry|[weaken]
|-damage|p2a: Slowking|56/100
|move|p2a: Slowking|Ice Beam|p1a: Landorus
|-supereffective|p1a: Landorus
|-damage|p1a: Landorus|7/100
|
|-heal|p1a: Landorus|13/100|[from] item: Leftovers
|upkeep
|turn|5
|
|t:|1779620881
|switch|p2a: Corviknight|Corviknight, F|100/100
|-ability|p2a: Corviknight|Pressure
|move|p1a: Landorus|Stealth Rock|p2a: Corviknight
|-sidestart|p2: jrbeann|move: Stealth Rock
|
|-end|p1a: Landorus|move: Future Sight
|-damage|p1a: Landorus|0 fnt
|faint|p1a: Landorus
|upkeep
|
|t:|1779620893
|switch|p1a: Arcanine|Arcanine-Hisui, F|100/100
|turn|6
|
|t:|1779620898
|switch|p2a: Dondozo|Dondozo, F|100/100
|-damage|p2a: Dondozo|88/100|[from] Stealth Rock
|move|p1a: Arcanine|Flare Blitz|p2a: Dondozo
|-resisted|p2a: Dondozo
|-damage|p2a: Dondozo|61/100
|
|-heal|p2a: Dondozo|67/100|[from] item: Leftovers
|upkeep
|turn|7
|
|t:|1779620913
|switch|p1a: Great Tusk|Great Tusk|100/100
|-enditem|p1a: Great Tusk|Booster Energy
|-activate|p1a: Great Tusk|ability: Protosynthesis|[fromitem]
|-start|p1a: Great Tusk|protosynthesisatk
|move|p2a: Dondozo|Waterfall|p1a: Great Tusk
|-supereffective|p1a: Great Tusk
|-damage|p1a: Great Tusk|63/100
|
|-heal|p2a: Dondozo|73/100|[from] item: Leftovers
|upkeep
|turn|8
|
|t:|1779620927
|move|p1a: Great Tusk|Close Combat|p2a: Dondozo
|-crit|p2a: Dondozo
|-damage|p2a: Dondozo|0 fnt
|-unboost|p1a: Great Tusk|def|1
|-unboost|p1a: Great Tusk|spd|1
|faint|p2a: Dondozo
|
|upkeep
|c|☆jrbeann|...
|
|t:|1779620950
|switch|p2a: Kyurem|Kyurem|100/100
|-damage|p2a: Kyurem|75/100|[from] Stealth Rock
|-ability|p2a: Kyurem|Pressure
|turn|9
|
|t:|1779620962
|move|p2a: Kyurem|Freeze-Dry|p1a: Great Tusk
|-supereffective|p1a: Great Tusk
|-damage|p1a: Great Tusk|0 fnt
|faint|p1a: Great Tusk
|-end|p1a: Great Tusk|Protosynthesis|[silent]
|
|-heal|p2a: Kyurem|82/100|[from] item: Leftovers
|upkeep
|
|t:|1779620971
|switch|p1a: Arcanine|Arcanine-Hisui, F|100/100
|turn|10
|
|t:|1779620975
|move|p2a: Kyurem|Protect|p2a: Kyurem
|-singleturn|p2a: Kyurem|Protect
|move|p1a: Arcanine|Flare Blitz|p2a: Kyurem
|-activate|p2a: Kyurem|move: Protect
|
|-heal|p2a: Kyurem|88/100|[from] item: Leftovers
|upkeep
|turn|11
|
|t:|1779620985
|move|p2a: Kyurem|Earth Power|p1a: Arcanine
|-supereffective|p1a: Arcanine
|-damage|p1a: Arcanine|0 fnt
|faint|p1a: Arcanine
|
|-heal|p2a: Kyurem|94/100|[from] item: Leftovers
|upkeep
|
|t:|1779621002
|switch|p1a: Weavile|Weavile, F|100/100
|-ability|p1a: Weavile|Pressure
|turn|12
|
|t:|1779621008
|move|p1a: Weavile|Triple Axel|p2a: Kyurem
|-damage|p2a: Kyurem|84/100
|-damage|p2a: Kyurem|66/100
|-damage|p2a: Kyurem|37/100
|-hitcount|p2a: Kyurem|3
|move|p2a: Kyurem|Earth Power|p1a: Weavile
|-damage|p1a: Weavile|56/100
|-unboost|p1a: Weavile|spd|1
|
|-heal|p2a: Kyurem|44/100|[from] item: Leftovers
|upkeep
|turn|13
|
|t:|1779621024
|switch|p2a: Corviknight|Corviknight, F|100/100
|-damage|p2a: Corviknight|88/100|[from] Stealth Rock
|-ability|p2a: Corviknight|Pressure
|move|p1a: Weavile|Triple Axel|p2a: Corviknight
|-damage|p2a: Corviknight|82/100
|-damage|p1a: Weavile|40/100|[from] item: Rocky Helmet|[of] p2a: Corviknight
|-damage|p2a: Corviknight|69/100
|-damage|p1a: Weavile|23/100|[from] item: Rocky Helmet|[of] p2a: Corviknight
|-damage|p2a: Corviknight|51/100
|-damage|p1a: Weavile|7/100|[from] item: Rocky Helmet|[of] p2a: Corviknight
|-hitcount|p2a: Corviknight|3
|
|upkeep
|turn|14
|
|t:|1779621043
|move|p1a: Weavile|Knock Off|p2a: Corviknight
|-damage|p2a: Corviknight|23/100
|-damage|p1a: Weavile|0 fnt|[from] item: Rocky Helmet|[of] p2a: Corviknight
|faint|p1a: Weavile
|move|p2a: Corviknight|Roost|p2a: Corviknight
|-heal|p2a: Corviknight|73/100
|-singleturn|p2a: Corviknight|move: Roost
|
|upkeep
|
|t:|1779621053
|switch|p1a: Kingambit|Kingambit, M|100/100
|-activate|p1a: Kingambit|ability: Supreme Overlord
|-start|p1a: Kingambit|fallen4|[silent]
|turn|15
|
|t:|1779621060
|move|p1a: Kingambit|Sucker Punch|p2a: Corviknight
|-damage|p2a: Corviknight|28/100
|-damage|p1a: Kingambit|84/100|[from] item: Rocky Helmet|[of] p2a: Corviknight
|move|p2a: Corviknight|U-turn|p1a: Kingambit
|-damage|p1a: Kingambit|73/100
|
|t:|1779621063
|switch|p2a: Cinderace|Cinderace, M|100/100|[from] U-turn
|
|upkeep
|turn|16
|
|t:|1779621076
|move|p1a: Kingambit|Sucker Punch||[still]
|-fail|p1a: Kingambit
|move|p2a: Cinderace|Will-O-Wisp|p1a: Kingambit
|-status|p1a: Kingambit|brn
|
|-damage|p1a: Kingambit|66/100 brn|[from] brn
|upkeep
|turn|17
|
|t:|1779621092
|-terastallize|p1a: Kingambit|Dark
|move|p2a: Cinderace|Court Change|p2a: Cinderace
|-swapsideconditions
|-activate|p2a: Cinderace|move: Court Change
|move|p1a: Kingambit|Kowtow Cleave|p2a: Cinderace
|-damage|p2a: Cinderace|30/100
|
|-damage|p1a: Kingambit|60/100 brn|[from] brn
|upkeep
|turn|18
|
|t:|1779621103
|switch|p2a: Kyurem|Kyurem|44/100
|-ability|p2a: Kyurem|Pressure
|move|p1a: Kingambit|Kowtow Cleave|p2a: Kyurem
|-damage|p2a: Kyurem|0 fnt
|faint|p2a: Kyurem
|
|-damage|p1a: Kingambit|54/100 brn|[from] brn
|upkeep
|
|t:|1779621108
|switch|p2a: Ting-Lu|Ting-Lu|48/100
|-ability|p2a: Ting-Lu|Vessel of Ruin
|turn|19
|
|t:|1779621121
|move|p1a: Kingambit|Sucker Punch|p2a: Ting-Lu
|-resisted|p2a: Ting-Lu
|-damage|p2a: Ting-Lu|36/100
|move|p2a: Ting-Lu|Earthquake|p1a: Kingambit
|-damage|p1a: Kingambit|26/100 brn
|
|-heal|p2a: Ting-Lu|42/100|[from] item: Leftovers
|-damage|p1a: Kingambit|20/100 brn|[from] brn
|upkeep
|turn|20
|
|t:|1779621132
|move|p1a: Kingambit|Iron Head|p2a: Ting-Lu
|-damage|p2a: Ting-Lu|25/100
|move|p2a: Ting-Lu|Rest|p2a: Ting-Lu
|-status|p2a: Ting-Lu|slp|[from] move: Rest
|-heal|p2a: Ting-Lu|100/100 slp|[silent]
|
|-damage|p1a: Kingambit|13/100 brn|[from] brn
|upkeep
|turn|21
|
|t:|1779621143
|move|p1a: Kingambit|Sucker Punch||[still]
|-fail|p1a: Kingambit
|cant|p2a: Ting-Lu|slp
|move|p2a: Ting-Lu|Sleep Talk|p2a: Ting-Lu
|move|p2a: Ting-Lu|Rest||[from] move: Sleep Talk|[still]
|-fail|p2a: Ting-Lu
|
|-damage|p1a: Kingambit|7/100 brn|[from] brn
|upkeep
|turn|22
|
|t:|1779621157
|move|p1a: Kingambit|Sucker Punch||[still]
|-fail|p1a: Kingambit
|cant|p2a: Ting-Lu|slp
|move|p2a: Ting-Lu|Sleep Talk|p2a: Ting-Lu
|move|p2a: Ting-Lu|Payback|p1a: Kingambit|[from] move: Sleep Talk
|-resisted|p1a: Kingambit
|-damage|p1a: Kingambit|0 fnt
|faint|p1a: Kingambit
|-end|p1a: Kingambit|fallen4|[silent]
|
|upkeep
|
|t:|1779621169
|switch|p1a: Lycanroc|Lycanroc-Dusk, M|100/100
|-damage|p1a: Lycanroc|88/100|[from] Stealth Rock
|turn|23
|
|t:|1779621180
|move|p1a: Lycanroc|Stone Edge|p2a: Ting-Lu
|-resisted|p2a: Ting-Lu
|-damage|p2a: Ting-Lu|82/100 slp
|-damage|p1a: Lycanroc|78/100|[from] item: Life Orb
|-curestatus|p2a: Ting-Lu|slp|[msg]
|move|p2a: Ting-Lu|Earthquake|p1a: Lycanroc
|-supereffective|p1a: Lycanroc
|-damage|p1a: Lycanroc|0 fnt
|faint|p1a: Lycanroc
|
|win|jrbeann
|raw|gabrielpixelmon's rating: 1070 &rarr; <strong>1052</strong><br />(-18 for losing)
|raw|jrbeann's rating: 1110 &rarr; <strong>1132</strong><br />(+22 for winning)
|l|☆gabrielpixelmon
|player|p1|
|l|☆jrbeann
|player|p2|
