|j|☆shuay7
|j|‽mynamejeff99
|t:|1779597745
|gametype|singles
|player|p1|shuay7|101|1313
|player|p2|mynamejeff99|266|1279
|gen|9
|tier|[Gen 9] OU
|rated|
|rule|HP Percentage Mod: HP is shown in percentages
|rule|Endless Battle Clause: Forcing endless battles is banned
|rule|Species Clause: Limit one of each Pokémon
|rule|OHKO Clause: OHKO moves are banned
|rule|Evasion Items Clause: Evasion items are banned
|rule|Evasion Moves Clause: Evasion moves are banned
|rule|Evasion Abilities Clause: Evasion abilities are banned
|rule|Sleep Moves Clause: Sleep-inducing moves are banned
|clearpoke
|poke|p1|Volcanion|
|poke|p1|Pelipper, F|
|poke|p1|Iron Treads|
|poke|p1|Overqwil, M|
|poke|p1|Iron Valiant|
|poke|p1|Ogerpon, F|
|poke|p2|Hoopa|
|poke|p2|Cinderace, F|
|poke|p2|Mandibuzz, F|
|poke|p2|Kyurem|
|poke|p2|Ting-Lu|
|poke|p2|Manaphy|
|teampreview
|inactive|Battle timer is ON: inactive players will automatically lose when time's up. (requested by mynamejeff99)
|
|t:|1779597755
|teamsize|p1|6
|teamsize|p2|6
|start
|switch|p1a: Pelipper|Pelipper, F|100/100
|switch|p2a: Manaphy|Manaphy|100/100
|-weather|RainDance|[from] ability: Drizzle|[of] p1a: Pelipper
|turn|1
|
|t:|1779597777
|move|p2a: Manaphy|Take Heart|p2a: Manaphy
|-boost|p2a: Manaphy|spa|1
|-boost|p2a: Manaphy|spd|1
|move|p1a: Pelipper|U-turn|p2a: Manaphy
|-damage|p2a: Manaphy|93/100
|
|t:|1779597780
|switch|p1a: Ogerpon|Ogerpon, F|100/100|[from] U-turn
|
|-weather|RainDance|[upkeep]
|-heal|p2a: Manaphy|99/100|[from] item: Leftovers
|upkeep
|turn|2
|
|t:|1779597801
|switch|p2a: Mandibuzz|Mandibuzz, F, shiny|100/100
|move|p1a: Ogerpon|Ivy Cudgel|p2a: Mandibuzz
|-resisted|p2a: Mandibuzz
|-damage|p2a: Mandibuzz|80/100
|
|-weather|RainDance|[upkeep]
|upkeep
|turn|3
|inactive|mynamejeff99 has 120 seconds left.
|
|t:|1779597830
|switch|p1a: Iron Treads|Iron Treads|100/100
|-enditem|p1a: Iron Treads|Booster Energy
|-activate|p1a: Iron Treads|ability: Quark Drive|[fromitem]
|-start|p1a: Iron Treads|quarkdrivespe
|move|p2a: Mandibuzz|Foul Play|p1a: Iron Treads
|-damage|p1a: Iron Treads|71/100
|
|-weather|RainDance|[upkeep]
|upkeep
|turn|4
|
|t:|1779597843
|switch|p2a: Ting-Lu|Ting-Lu|100/100
|-ability|p2a: Ting-Lu|Vessel of Ruin
|move|p1a: Iron Treads|Stealth Rock|p2a: Ting-Lu
|-sidestart|p2: mynamejeff99|move: Stealth Rock
|
|-weather|RainDance|[upkeep]
|upkeep
|turn|5
|
|t:|1779597851
|-end|p1a: Iron Treads|Quark Drive|[silent]
|switch|p1a: Volcanion|Volcanion|100/100
|move|p2a: Ting-Lu|Earthquake|p1a: Volcanion
|-supereffective|p1a: Volcanion
|-damage|p1a: Volcanion|20/100
|
|-weather|RainDance|[upkeep]
|upkeep
|turn|6
|inactive|mynamejeff99 has 120 seconds left.
|
|t:|1779597883
|switch|p2a: Kyurem|Kyurem|100/100
|-damage|p2a: Kyurem|76/100|[from] Stealth Rock
|-ability|p2a: Kyurem|Pressure
|move|p1a: Volcanion|Steam Eruption|p2a: Kyurem
|-resisted|p2a: Kyurem
|-damage|p2a: Kyurem|10/100
|
|-weather|RainDance|[upkeep]
|upkeep
|turn|7
|
|t:|1779597890
|move|p2a: Kyurem|Freeze-Dry|p1a: Volcanion
|-damage|p1a: Volcanion|0 fnt
|faint|p1a: Volcanion
|
|-weather|RainDance|[upkeep]
|upkeep
|
|t:|1779597907
|switch|p1a: Overqwil|Overqwil, M|100/100
|turn|8
|
|t:|1779597927
|move|p1a: Overqwil|Liquidation|p2a: Kyurem
|-resisted|p2a: Kyurem
|-damage|p2a: Kyurem|0 fnt
|faint|p2a: Kyurem
|-damage|p1a: Overqwil|91/100|[from] item: Life Orb
|
|-weather|none
|upkeep
|
|t:|1779597936
|switch|p2a: Cinderace|Cinderace, F|100/100
|-damage|p2a: Cinderace|76/100|[from] Stealth Rock
|turn|9
|
|t:|1779597950
|move|p2a: Cinderace|U-turn|p1a: Overqwil
|-start|p2a: Cinderace|typechange|Bug|[from] ability: Libero
|-damage|p1a: Overqwil|49/100
|
|t:|1779597955
|switch|p2a: Mandibuzz|Mandibuzz, F, shiny|80/100|[from] U-turn
|-damage|p2a: Mandibuzz|55/100|[from] Stealth Rock
|move|p1a: Overqwil|Liquidation|p2a: Mandibuzz
|-damage|p2a: Mandibuzz|35/100
|-damage|p1a: Overqwil|33/100|[from] item: Rocky Helmet|[of] p2a: Mandibuzz
|-damage|p1a: Overqwil|23/100|[from] item: Life Orb
|
|upkeep
|turn|10
|
|t:|1779597958
|move|p1a: Overqwil|Gunk Shot|p2a: Mandibuzz|[miss]
|-miss|p1a: Overqwil|p2a: Mandibuzz
|move|p2a: Mandibuzz|Roost|p2a: Mandibuzz
|-heal|p2a: Mandibuzz|85/100
|-singleturn|p2a: Mandibuzz|move: Roost
|
|upkeep
|turn|11
|inactive|mynamejeff99 has 120 seconds left.
|
|t:|1779597963
|move|p1a: Overqwil|Gunk Shot|p2a: Mandibuzz
|-damage|p2a: Mandibuzz|43/100
|-status|p2a: Mandibuzz|psn
|-damage|p1a: Overqwil|13/100|[from] item: Life Orb
|move|p2a: Mandibuzz|Foul Play|p1a: Overqwil
|-resisted|p1a: Overqwil
|-damage|p1a: Overqwil|0 fnt
|faint|p1a: Overqwil
|
|-damage|p2a: Mandibuzz|31/100 psn|[from] psn
|upkeep
|
|t:|1779597983
|switch|p1a: Pelipper|Pelipper, F|100/100
|-weather|RainDance|[from] ability: Drizzle|[of] p1a: Pelipper
|turn|12
|inactive|mynamejeff99 has 120 seconds left.
|
|t:|1779597999
|move|p1a: Pelipper|Hurricane|p2a: Mandibuzz
|-damage|p2a: Mandibuzz|0 fnt
|faint|p2a: Mandibuzz
|
|-weather|RainDance|[upkeep]
|upkeep
|inactive|mynamejeff99 has 120 seconds left.
|
|t:|1779598013
|switch|p2a: Ting-Lu|Ting-Lu|100/100
|-damage|p2a: Ting-Lu|94/100|[from] Stealth Rock
|-ability|p2a: Ting-Lu|Vessel of Ruin
|turn|13
|
|t:|1779598017
|move|p1a: Pelipper|Surf|p2a: Ting-Lu
|-supereffective|p2a: Ting-Lu
|-damage|p2a: Ting-Lu|29/100
|-enditem|p2a: Ting-Lu|Weakness Policy
|-boost|p2a: Ting-Lu|atk|2|[from] item: Weakness Policy
|-boost|p2a: Ting-Lu|spa|2|[from] item: Weakness Policy
|move|p2a: Ting-Lu|Stone Edge|p1a: Pelipper
|-supereffective|p1a: Pelipper
|-crit|p1a: Pelipper
|-damage|p1a: Pelipper|0 fnt
|faint|p1a: Pelipper
|
|-weather|RainDance|[upkeep]
|upkeep
|
|t:|1779598038
|switch|p1a: Ogerpon|Ogerpon, F|100/100
|turn|14
|
|t:|1779598043
|move|p1a: Ogerpon|Ivy Cudgel|p2a: Ting-Lu
|-supereffective|p2a: Ting-Lu
|-damage|p2a: Ting-Lu|0 fnt
|faint|p2a: Ting-Lu
|
|-weather|RainDance|[upkeep]
|upkeep
|
|t:|1779598052
|switch|p2a: Manaphy|Manaphy|99/100
|-damage|p2a: Manaphy|87/100|[from] Stealth Rock
|turn|15
|
|t:|1779598066
|switch|p1a: Iron Treads|Iron Treads|71/100
|-terastallize|p2a: Manaphy|Poison
|move|p2a: Manaphy|Tail Glow|p2a: Manaphy
|-boost|p2a: Manaphy|spa|3
|
|-weather|RainDance|[upkeep]
|-heal|p2a: Manaphy|93/100|[from] item: Leftovers
|upkeep
|turn|16
|
|t:|1779598072
|move|p1a: Iron Treads|Earth Power|p2a: Manaphy
|-supereffective|p2a: Manaphy
|-damage|p2a: Manaphy|38/100
|move|p2a: Manaphy|Scald|p1a: Iron Treads
|-supereffective|p1a: Iron Treads
|-damage|p1a: Iron Treads|0 fnt
|faint|p1a: Iron Treads
|-end|p1a: Iron Treads|Quark Drive|[silent]
|
|-weather|RainDance|[upkeep]
|-heal|p2a: Manaphy|44/100|[from] item: Leftovers
|upkeep
|
|t:|1779598100
|switch|p1a: Iron Valiant|Iron Valiant|100/100
|turn|17
|
|t:|1779598103
|move|p1a: Iron Valiant|Psyshock|p2a: Manaphy
|-supereffective|p2a: Manaphy
|-damage|p2a: Manaphy|0 fnt
|faint|p2a: Manaphy
|
|-weather|RainDance|[upkeep]
|upkeep
|
|t:|1779598108
|switch|p2a: Cinderace|Cinderace, F|76/100
|-damage|p2a: Cinderace|51/100|[from] Stealth Rock
|turn|18
|
|t:|1779598121
|move|p2a: Cinderace|Pyro Ball|p1a: Iron Valiant
|-damage|p1a: Iron Valiant|53/100
|-status|p1a: Iron Valiant|brn
|move|p1a: Iron Valiant|Psyshock|p2a: Cinderace
|-damage|p2a: Cinderace|0 fnt
|faint|p2a: Cinderace
|
|-weather|RainDance|[upkeep]
|-damage|p1a: Iron Valiant|47/100 brn|[from] brn
|upkeep
|l|‽mynamejeff99
|inactive|mynamejeff99 disconnected and has a minute to reconnect!
|player|p2|
|inactive|mynamejeff99 has 30 seconds to reconnect!
|inactive|mynamejeff99 has 20 seconds to reconnect!
|inactive|mynamejeff99 has 15 seconds to reconnect!
|inactive|mynamejeff99 has 10 seconds to reconnect!
|inactive|mynamejeff99 has 5 seconds to reconnect!
|-message|mynamejeff99 lost due to inactivity.
|
|win|shuay7
|raw|shuay7's rating: 1313 &rarr; <strong>1331</strong><br />(+18 for winning)
|raw|mynamejeff99's rating: 1279 &rarr; <strong>1256</strong><br />(-23 for losing)
|l|☆shuay7
|player|p1|
