|j|☆immaterial-light
|j|☆fregene97
|t:|1779656086
|gametype|singles
|player|p1|immaterial-light|2|1404
|player|p2|fregene97|hiker-gen4|1400
|gen|9
|tier|[Gen 9] OU
|rated|
|rule|HP Percentage Mod: HP is shown in percentages
|rule|Endless Battle Clause: Forcing endless battles is banned
|rule|Species Clause: Limit one of each Pokémon
|rule|OHKO Clause: OHKO moves are banned
|rule|Evasion Items Clause: Evasion items are banned
|rule|Evasion Moves Clause: Evasion moves are banned
|rule|Evasion Abilities Clause: Evasion abilities are banned
|rule|Sleep Moves Clause: Sleep-inducing moves are banned
|clearpoke
|poke|p1|Cresselia, F|
|poke|p1|Hatterene, F|
|poke|p1|Iron Hands|
|poke|p1|Ursaluna, M|
|poke|p1|Torkoal, M|
|poke|p1|Porygon2|
|poke|p2|Pikachu-Alola, M|
|poke|p2|Dragapult, F|
|poke|p2|Slowking, F|
|poke|p2|Tsareena, F|
|poke|p2|Pelipper, M|
|poke|p2|Flygon, F|
|teampreview
|inactive|Battle timer is ON: inactive players will automatically lose when time's up. (requested by immaterial-light)
|
|t:|1779656111
|teamsize|p1|6
|teamsize|p2|6
|start
|switch|p1a: Porygon2|Porygon2|100/100
|switch|p2a: Pikachu|Pikachu-Alola, M|100/100
|-ability|p1a: Porygon2|Download|boost
|-boost|p1a: Porygon2|atk|1
|turn|1
|
|t:|1779656116
|move|p2a: Pikachu|Nasty Plot|p2a: Pikachu
|-boost|p2a: Pikachu|spa|2
|move|p1a: Porygon2|Trick Room|p1a: Porygon2
|-fieldstart|move: Trick Room|[of] p1a: Porygon2
|
|upkeep
|turn|2
|
|t:|1779656122
|move|p1a: Porygon2|Hyper Beam|p2a: Pikachu
|-damage|p2a: Pikachu|0 fnt
|-mustrecharge|p1a: Porygon2
|faint|p2a: Pikachu
|
|upkeep
|
|t:|1779656129
|switch|p2a: Slowking|Slowking, F|100/100
|turn|3
|
|t:|1779656135
|move|p2a: Slowking|Reflect|p2a: Slowking
|-sidestart|p2: fregene97|Reflect
|cant|p1a: Porygon2|recharge
|
|upkeep
|turn|4
|
|t:|1779656148
|move|p2a: Slowking|Future Sight|p1a: Porygon2
|-start|p2a: Slowking|move: Future Sight
|move|p1a: Porygon2|Shadow Ball|p2a: Slowking
|-supereffective|p2a: Slowking
|-damage|p2a: Slowking|68/100
|
|upkeep
|turn|5
|
|t:|1779656154
|switch|p1a: Hatterene|Hatterene, F|100/100
|move|p2a: Slowking|Light Screen|p2a: Slowking
|-sidestart|p2: fregene97|move: Light Screen
|
|-fieldend|move: Trick Room
|upkeep
|turn|6
|
|t:|1779656159
|-prepare|p2a: Slowking|Chilly Reception|[premajor]
|move|p2a: Slowking|Chilly Reception|p2a: Slowking
|-weather|Snowscape
|
|t:|1779656163
|switch|p2a: Pelipper|Pelipper, M|100/100|[from] Chilly Reception
|-weather|RainDance|[from] ability: Drizzle|[of] p2a: Pelipper
|move|p1a: Hatterene|Trick Room|p1a: Hatterene
|-fieldstart|move: Trick Room|[of] p1a: Hatterene
|
|-weather|RainDance|[upkeep]
|-end|p1a: Hatterene|move: Future Sight
|-resisted|p1a: Hatterene
|-damage|p1a: Hatterene|78/100
|upkeep
|turn|7
|
|t:|1779656171
|move|p1a: Hatterene|Psychic Noise|p2a: Pelipper
|-damage|p2a: Pelipper|70/100
|-start|p2a: Pelipper|move: Heal Block
|move|p2a: Pelipper|Hurricane|p1a: Hatterene
|-damage|p1a: Hatterene|43/100
|
|-weather|RainDance|[upkeep]
|upkeep
|turn|8
|
|t:|1779656175
|switch|p1a: Torkoal|Torkoal, M|100/100
|-weather|SunnyDay|[from] ability: Drought|[of] p1a: Torkoal
|move|p2a: Pelipper|Hurricane|p1a: Torkoal|[miss]
|-miss|p2a: Pelipper|p1a: Torkoal
|
|-weather|SunnyDay|[upkeep]
|-end|p2a: Pelipper|move: Heal Block
|upkeep
|turn|9
|
|t:|1779656187
|-terastallize|p1a: Torkoal|Fire
|move|p1a: Torkoal|Eruption|p2a: Pelipper
|-resisted|p2a: Pelipper
|-damage|p2a: Pelipper|0 fnt
|faint|p2a: Pelipper
|
|-weather|SunnyDay|[upkeep]
|upkeep
|
|t:|1779656195
|switch|p2a: Slowking|Slowking, F|100/100
|turn|10
|
|t:|1779656201
|switch|p1a: Hatterene|Hatterene, F|43/100
|move|p2a: Slowking|Future Sight|p1a: Hatterene
|-start|p2a: Slowking|move: Future Sight
|
|-weather|SunnyDay|[upkeep]
|-sideend|p2: fregene97|Reflect
|-fieldend|move: Trick Room
|upkeep
|turn|11
|
|t:|1779656206
|move|p2a: Slowking|Reflect|p2a: Slowking
|-sidestart|p2: fregene97|Reflect
|move|p1a: Hatterene|Trick Room|p1a: Hatterene
|-fieldstart|move: Trick Room|[of] p1a: Hatterene
|
|-weather|SunnyDay|[upkeep]
|upkeep
|turn|12
|
|t:|1779656215
|switch|p1a: Porygon2|Porygon2|100/100
|-ability|p1a: Porygon2|Download|boost
|-boost|p1a: Porygon2|atk|1
|-prepare|p2a: Slowking|Chilly Reception|[premajor]
|move|p2a: Slowking|Chilly Reception|p2a: Slowking
|-weather|Snowscape
|
|t:|1779656219
|switch|p2a: Tsareena|Tsareena, F, shiny|100/100|[from] Chilly Reception
|
|-weather|Snowscape|[upkeep]
|-end|p1a: Porygon2|move: Future Sight
|-damage|p1a: Porygon2|74/100
|-sideend|p2: fregene97|move: Light Screen
|upkeep
|turn|13
|
|t:|1779656226
|switch|p1a: Hatterene|Hatterene, F|43/100
|move|p2a: Tsareena|Knock Off|p1a: Hatterene
|-damage|p1a: Hatterene|8/100
|-enditem|p1a: Hatterene|Focus Sash|[from] move: Knock Off|[of] p2a: Tsareena
|
|-weather|Snowscape|[upkeep]
|upkeep
|turn|14
|
|t:|1779656231
|move|p1a: Hatterene|Healing Wish|p1a: Hatterene
|faint|p1a: Hatterene
|move|p2a: Tsareena|U-turn|p1: Hatterene|[notarget]
|-fail|p2a: Tsareena
|
|-weather|Snowscape|[upkeep]
|upkeep
|
|t:|1779656232
|switch|p1a: Torkoal|Torkoal, M, tera:Fire|100/100
|-weather|SunnyDay|[from] ability: Drought|[of] p1a: Torkoal
|turn|15
|
|t:|1779656239
|switch|p2a: Flygon|Flygon, F|100/100
|move|p1a: Torkoal|Eruption|p2a: Flygon
|-resisted|p2a: Flygon
|-damage|p2a: Flygon|0 fnt
|faint|p2a: Flygon
|
|-weather|SunnyDay|[upkeep]
|-fieldend|move: Trick Room
|upkeep
|
|t:|1779656242
|switch|p2a: Dragapult|Dragapult, F|100/100
|turn|16
|
|t:|1779656247
|switch|p1a: Porygon2|Porygon2|74/100
|-heal|p1a: Porygon2|100/100|[from] move: Healing Wish
|-ability|p1a: Porygon2|Download|boost
|-boost|p1a: Porygon2|atk|1
|move|p2a: Dragapult|Dragon Dance|p2a: Dragapult
|-boost|p2a: Dragapult|atk|1
|-boost|p2a: Dragapult|spe|1
|
|-weather|SunnyDay|[upkeep]
|upkeep
|turn|17
|
|t:|1779656254
|-terastallize|p2a: Dragapult|Dragon
|move|p2a: Dragapult|Dragon Darts|p1a: Porygon2
|-damage|p1a: Porygon2|65/100
|-anim|p2a: Dragapult|Dragon Darts|p1a: Porygon2
|-damage|p1a: Porygon2|30/100
|move|p1a: Porygon2|Trick Room|p1a: Porygon2
|-fieldstart|move: Trick Room|[of] p1a: Porygon2
|
|-weather|SunnyDay|[upkeep]
|upkeep
|turn|18
|
|t:|1779656261
|move|p1a: Porygon2|Hyper Beam|p2a: Dragapult
|-enditem|p2a: Dragapult|Focus Sash
|-damage|p2a: Dragapult|1/100
|-mustrecharge|p1a: Porygon2
|move|p2a: Dragapult|Dragon Darts|p1a: Porygon2
|-damage|p1a: Porygon2|0 fnt
|faint|p1a: Porygon2
|
|-weather|SunnyDay|[upkeep]
|-sideend|p2: fregene97|Reflect
|upkeep
|
|t:|1779656267
|switch|p1a: Torkoal|Torkoal, M, tera:Fire|100/100
|turn|19
|
|t:|1779656269
|move|p1a: Torkoal|Eruption|p2a: Dragapult
|-resisted|p2a: Dragapult
|-damage|p2a: Dragapult|0 fnt
|faint|p2a: Dragapult
|
|-weather|none
|upkeep
|-message|fregene97 forfeited.
|
|win|immaterial-light
|raw|immaterial-light's rating: 1404 &rarr; <strong>1424</strong><br />(+20 for winning)
|raw|fregene97's rating: 1400 &rarr; <strong>1380</strong><br />(-20 for losing)
|l|☆fregene97
|player|p2|
|l|☆immaterial-light
|player|p1|
