|j|☆prakshep
|j|‽theoddkeystone
|t:|1779649400
|gametype|singles
|player|p1|prakshep|nate|1397
|player|p2|theoddkeystone|bruno-gen2|1427
|gen|9
|tier|[Gen 9] OU
|rated|
|rule|HP Percentage Mod: HP is shown in percentages
|rule|Endless Battle Clause: Forcing endless battles is banned
|rule|Species Clause: Limit one of each Pokémon
|rule|OHKO Clause: OHKO moves are banned
|rule|Evasion Items Clause: Evasion items are banned
|rule|Evasion Moves Clause: Evasion moves are banned
|rule|Evasion Abilities Clause: Evasion abilities are banned
|rule|Sleep Moves Clause: Sleep-inducing moves are banned
|clearpoke
|poke|p1|Cinderace, F|
|poke|p1|Polteageist-Antique|
|poke|p1|Walking Wake|
|poke|p1|Zamazenta-*|
|poke|p1|Maushold-Four|
|poke|p1|Glimmora, F|
|poke|p2|Torkoal, F|
|poke|p2|Typhlosion, M|
|poke|p2|Walking Wake|
|poke|p2|Poliwrath, M|
|poke|p2|Ninetales, M|
|poke|p2|Brute Bonnet|
|teampreview
|inactive|Battle timer is ON: inactive players will automatically lose when time's up. (requested by prakshep)
|
|t:|1779649414
|teamsize|p1|6
|teamsize|p2|6
|start
|switch|p1a: Cinderace|Cinderace, F, shiny|100/100
|switch|p2a: Poliwrath|Poliwrath, M|100/100
|turn|1
|
|t:|1779649418
|move|p1a: Cinderace|High Jump Kick|p2a: Poliwrath
|-start|p1a: Cinderace|typechange|Fighting|[from] ability: Libero
|-damage|p2a: Poliwrath|37/100
|move|p2a: Poliwrath|Liquidation|p1a: Cinderace
|-damage|p1a: Cinderace|46/100
|
|upkeep
|turn|2
|
|t:|1779649429
|switch|p2a: Ninetales|Ninetales, M|100/100
|-weather|SunnyDay|[from] ability: Drought|[of] p2a: Ninetales
|move|p1a: Cinderace|High Jump Kick|p2a: Ninetales
|-damage|p2a: Ninetales|1/100
|
|-weather|SunnyDay|[upkeep]
|upkeep
|turn|3
|
|t:|1779649434
|move|p1a: Cinderace|Pyro Ball|p2a: Ninetales
|-resisted|p2a: Ninetales
|-damage|p2a: Ninetales|0 fnt
|faint|p2a: Ninetales
|
|-weather|SunnyDay|[upkeep]
|upkeep
|
|t:|1779649445
|switch|p2a: Brute Bonnet|Brute Bonnet|100/100
|-activate|p2a: Brute Bonnet|ability: Protosynthesis
|-start|p2a: Brute Bonnet|protosynthesisatk
|turn|4
|
|t:|1779649451
|move|p2a: Brute Bonnet|Sucker Punch|p1a: Cinderace
|-resisted|p1a: Cinderace
|-crit|p1a: Cinderace
|-damage|p1a: Cinderace|0 fnt
|faint|p1a: Cinderace
|
|-weather|SunnyDay|[upkeep]
|upkeep
|
|t:|1779649455
|switch|p1a: Zamazenta|Zamazenta, shiny|100/100
|-ability|p1a: Zamazenta|Dauntless Shield|boost
|-boost|p1a: Zamazenta|def|1
|turn|5
|
|t:|1779649482
|-end|p2a: Brute Bonnet|Protosynthesis|[silent]
|switch|p2a: Torkoal|Torkoal, F|100/100
|move|p1a: Zamazenta|Iron Defense|p1a: Zamazenta
|-boost|p1a: Zamazenta|def|2
|
|-weather|SunnyDay|[upkeep]
|upkeep
|turn|6
|
|t:|1779649485
|move|p1a: Zamazenta|Body Press|p2a: Torkoal
|-damage|p2a: Torkoal|49/100
|move|p2a: Torkoal|Will-O-Wisp|p1a: Zamazenta
|-status|p1a: Zamazenta|brn
|
|-weather|none
|-damage|p1a: Zamazenta|94/100 brn|[from] brn
|upkeep
|turn|7
|
|t:|1779649490
|move|p1a: Zamazenta|Iron Defense|p1a: Zamazenta
|-boost|p1a: Zamazenta|def|2
|move|p2a: Torkoal|Stealth Rock|p1a: Zamazenta
|-sidestart|p1: prakshep|move: Stealth Rock
|
|-heal|p1a: Zamazenta|100/100 brn|[from] item: Leftovers
|-damage|p1a: Zamazenta|94/100 brn|[from] brn
|upkeep
|turn|8
|
|t:|1779649493
|switch|p2a: Poliwrath|Poliwrath, M|37/100
|move|p1a: Zamazenta|Iron Defense|p1a: Zamazenta
|-boost|p1a: Zamazenta|def|1
|
|-heal|p1a: Zamazenta|100/100 brn|[from] item: Leftovers
|-damage|p1a: Zamazenta|94/100 brn|[from] brn
|upkeep
|turn|9
|
|t:|1779649496
|move|p1a: Zamazenta|Body Press|p2a: Poliwrath
|-damage|p2a: Poliwrath|0 fnt
|faint|p2a: Poliwrath
|
|-heal|p1a: Zamazenta|100/100 brn|[from] item: Leftovers
|-damage|p1a: Zamazenta|94/100 brn|[from] brn
|upkeep
|
|t:|1779649500
|switch|p2a: Torkoal|Torkoal, F|49/100
|-weather|SunnyDay|[from] ability: Drought|[of] p2a: Torkoal
|turn|10
|
|t:|1779649502
|move|p1a: Zamazenta|Body Press|p2a: Torkoal
|-damage|p2a: Torkoal|8/100
|move|p2a: Torkoal|Lava Plume|p1a: Zamazenta
|-damage|p1a: Zamazenta|58/100 brn
|
|-weather|SunnyDay|[upkeep]
|-heal|p1a: Zamazenta|65/100 brn|[from] item: Leftovers
|-damage|p1a: Zamazenta|58/100 brn|[from] brn
|upkeep
|turn|11
|
|t:|1779649509
|switch|p2a: Walking Wake|Walking Wake|100/100
|-activate|p2a: Walking Wake|ability: Protosynthesis
|-start|p2a: Walking Wake|protosynthesisspa
|move|p1a: Zamazenta|Body Press|p2a: Walking Wake
|-damage|p2a: Walking Wake|11/100
|
|-weather|SunnyDay|[upkeep]
|-heal|p1a: Zamazenta|65/100 brn|[from] item: Leftovers
|-damage|p1a: Zamazenta|58/100 brn|[from] brn
|upkeep
|turn|12
|
|t:|1779649511
|move|p1a: Zamazenta|Body Press|p2a: Walking Wake
|-damage|p2a: Walking Wake|0 fnt
|faint|p2a: Walking Wake
|-end|p2a: Walking Wake|Protosynthesis|[silent]
|
|-weather|SunnyDay|[upkeep]
|-heal|p1a: Zamazenta|65/100 brn|[from] item: Leftovers
|-damage|p1a: Zamazenta|58/100 brn|[from] brn
|upkeep
|
|t:|1779649521
|switch|p2a: Typhlosion|Typhlosion, M|100/100
|turn|13
|
|t:|1779649523
|move|p1a: Zamazenta|Body Press|p2a: Typhlosion
|-damage|p2a: Typhlosion|0 fnt
|faint|p2a: Typhlosion
|
|-weather|SunnyDay|[upkeep]
|-heal|p1a: Zamazenta|65/100 brn|[from] item: Leftovers
|-damage|p1a: Zamazenta|58/100 brn|[from] brn
|upkeep
|
|t:|1779649525
|switch|p2a: Brute Bonnet|Brute Bonnet|100/100
|-activate|p2a: Brute Bonnet|ability: Protosynthesis
|-start|p2a: Brute Bonnet|protosynthesisatk
|turn|14
|
|t:|1779649528
|-terastallize|p2a: Brute Bonnet|Grass
|move|p1a: Zamazenta|Body Press|p2a: Brute Bonnet
|-damage|p2a: Brute Bonnet|24/100
|move|p2a: Brute Bonnet|Growth|p2a: Brute Bonnet
|-boost|p2a: Brute Bonnet|atk|2
|-boost|p2a: Brute Bonnet|spa|2
|
|-weather|none
|-end|p2a: Brute Bonnet|Protosynthesis
|-heal|p1a: Zamazenta|65/100 brn|[from] item: Leftovers
|-damage|p1a: Zamazenta|58/100 brn|[from] brn
|upkeep
|turn|15
|-message|theoddkeystone forfeited.
|
|win|prakshep
|raw|prakshep's rating: 1397 &rarr; <strong>1419</strong><br />(+22 for winning)
|raw|theoddkeystone's rating: 1427 &rarr; <strong>1405</strong><br />(-22 for losing)
|l|‽theoddkeystone
|player|p2|
|l|☆prakshep
|player|p1|
