|j|☆Doloris114
|j|‽InkwellRans
|t:|1779600899
|gametype|singles
|player|p1|Doloris114|2|1161
|player|p2|InkwellRans|hilbert|1196
|gen|9
|tier|[Gen 9] OU
|rated|
|rule|HP Percentage Mod: HP is shown in percentages
|rule|Endless Battle Clause: Forcing endless battles is banned
|rule|Species Clause: Limit one of each Pokémon
|rule|OHKO Clause: OHKO moves are banned
|rule|Evasion Items Clause: Evasion items are banned
|rule|Evasion Moves Clause: Evasion moves are banned
|rule|Evasion Abilities Clause: Evasion abilities are banned
|rule|Sleep Moves Clause: Sleep-inducing moves are banned
|clearpoke
|poke|p1|Pelipper, F|
|poke|p1|Basculegion, M|
|poke|p1|Zapdos|
|poke|p1|Greninja-*, M|
|poke|p1|Glimmora, F|
|poke|p1|Serperior, M|
|poke|p2|Weezing-Galar, F|
|poke|p2|Ninetales, F|
|poke|p2|Sylveon, F|
|poke|p2|Serperior, F|
|poke|p2|Dragonite, M|
|poke|p2|Mimikyu, F|
|teampreview
|
|t:|1779600903
|teamsize|p1|6
|teamsize|p2|6
|start
|switch|p1a: Glimmora|Glimmora, F|100/100
|switch|p2a: Dragonite|Dragonite, M|100/100
|turn|1
|inactive|Battle timer is ON: inactive players will automatically lose when time's up. (requested by InkwellRans)
|
|t:|1779600910
|move|p1a: Glimmora|Power Gem|p2a: Dragonite
|-supereffective|p2a: Dragonite
|-damage|p2a: Dragonite|0 fnt
|faint|p2a: Dragonite
|
|upkeep
|
|t:|1779600917
|switch|p2a: Serperior|Serperior, F|100/100
|turn|2
|
|t:|1779600921
|-terastallize|p2a: Serperior|Dragon
|move|p2a: Serperior|Leaf Storm|p1a: Glimmora|[miss]
|-miss|p2a: Serperior|p1a: Glimmora
|move|p1a: Glimmora|Sludge Bomb|p2a: Serperior
|-damage|p2a: Serperior|32/100
|
|upkeep
|turn|3
|
|t:|1779600930
|move|p2a: Serperior|Leaf Storm|p1a: Glimmora|[miss]
|-miss|p2a: Serperior|p1a: Glimmora
|move|p1a: Glimmora|Sludge Bomb|p2a: Serperior
|-damage|p2a: Serperior|0 fnt
|faint|p2a: Serperior
|
|upkeep
|
|t:|1779600937
|switch|p2a: Ninetales|Ninetales, F|100/100
|-weather|SunnyDay|[from] ability: Drought|[of] p2a: Ninetales
|turn|4
|
|t:|1779600941
|move|p2a: Ninetales|Flamethrower|p1a: Glimmora
|-resisted|p1a: Glimmora
|-damage|p1a: Glimmora|66/100
|move|p1a: Glimmora|Earth Power|p2a: Ninetales
|-supereffective|p2a: Ninetales
|-damage|p2a: Ninetales|22/100
|
|-weather|SunnyDay|[upkeep]
|upkeep
|turn|5
|
|t:|1779600950
|move|p2a: Ninetales|Flamethrower|p1a: Glimmora
|-resisted|p1a: Glimmora
|-damage|p1a: Glimmora|28/100
|move|p1a: Glimmora|Earth Power|p2a: Ninetales
|-supereffective|p2a: Ninetales
|-damage|p2a: Ninetales|0 fnt
|faint|p2a: Ninetales
|
|-weather|SunnyDay|[upkeep]
|upkeep
|
|t:|1779600956
|switch|p2a: Mimikyu|Mimikyu, F|100/100
|turn|6
|
|t:|1779600963
|move|p2a: Mimikyu|Swords Dance|p2a: Mimikyu
|-boost|p2a: Mimikyu|atk|2
|move|p1a: Glimmora|Sludge Bomb|p2a: Mimikyu
|-activate|p2a: Mimikyu|ability: Disguise
|-damage|p2a: Mimikyu|100/100
|-status|p2a: Mimikyu|psn
|detailschange|p2a: Mimikyu|Mimikyu-Busted, F
|-damage|p2a: Mimikyu|88/100 psn|[from] pokemon: Mimikyu-Busted
|
|-weather|SunnyDay|[upkeep]
|-damage|p2a: Mimikyu|76/100 psn|[from] psn
|upkeep
|turn|7
|
|t:|1779600976
|move|p2a: Mimikyu|Shadow Sneak|p1a: Glimmora
|-crit|p1a: Glimmora
|-damage|p1a: Glimmora|0 fnt
|faint|p1a: Glimmora
|
|-weather|SunnyDay|[upkeep]
|-damage|p2a: Mimikyu|63/100 psn|[from] psn
|upkeep
|
|t:|1779600985
|switch|p1a: Serperior|Serperior, M, shiny|100/100
|turn|8
|
|t:|1779600991
|move|p1a: Serperior|Synthesis|p1a: Serperior
|-fail|p1a: Serperior|heal
|move|p2a: Mimikyu|Drain Punch|p1a: Serperior
|-crit|p1a: Serperior
|-damage|p1a: Serperior|35/100
|-heal|p2a: Mimikyu|100/100 psn|[from] drain|[of] p1a: Serperior
|
|-weather|none
|-heal|p1a: Serperior|41/100|[from] item: Leftovers
|-damage|p2a: Mimikyu|88/100 psn|[from] psn
|upkeep
|turn|9
|
|t:|1779601005
|move|p1a: Serperior|Leaf Storm|p2a: Mimikyu
|-damage|p2a: Mimikyu|44/100 psn
|-boost|p1a: Serperior|spa|2
|move|p2a: Mimikyu|Play Rough|p1a: Serperior
|-damage|p1a: Serperior|0 fnt
|faint|p1a: Serperior
|
|-damage|p2a: Mimikyu|32/100 psn|[from] psn
|upkeep
|
|t:|1779601017
|switch|p1a: Pelipper|Pelipper, F|100/100
|-weather|RainDance|[from] ability: Drizzle|[of] p1a: Pelipper
|turn|10
|
|t:|1779601022
|move|p2a: Mimikyu|Drain Punch|p1a: Pelipper
|-resisted|p1a: Pelipper
|-damage|p1a: Pelipper|73/100
|-heal|p2a: Mimikyu|50/100 psn|[from] drain|[of] p1a: Pelipper
|move|p1a: Pelipper|Hurricane|p2a: Mimikyu
|-damage|p2a: Mimikyu|0 fnt
|faint|p2a: Mimikyu
|
|-weather|RainDance|[upkeep]
|upkeep
|
|t:|1779601027
|switch|p2a: Sylveon|Sylveon, F|100/100
|turn|11
|
|t:|1779601035
|move|p1a: Pelipper|Weather Ball|p2a: Sylveon
|-damage|p2a: Sylveon|60/100
|move|p2a: Sylveon|Calm Mind|p2a: Sylveon
|-boost|p2a: Sylveon|spa|1
|-boost|p2a: Sylveon|spd|1
|
|-weather|RainDance|[upkeep]
|-heal|p2a: Sylveon|66/100|[from] item: Leftovers
|upkeep
|turn|12
|
|t:|1779601045
|switch|p1a: Greninja|Greninja, M|100/100
|move|p2a: Sylveon|Calm Mind|p2a: Sylveon
|-boost|p2a: Sylveon|spa|1
|-boost|p2a: Sylveon|spd|1
|
|-weather|RainDance|[upkeep]
|-heal|p2a: Sylveon|72/100|[from] item: Leftovers
|upkeep
|turn|13
|
|t:|1779601056
|move|p1a: Greninja|Surf|p2a: Sylveon
|-damage|p2a: Sylveon|48/100
|-damage|p1a: Greninja|91/100|[from] item: Life Orb
|move|p2a: Sylveon|Draining Kiss|p1a: Greninja
|-supereffective|p1a: Greninja
|-damage|p1a: Greninja|0 fnt
|-heal|p2a: Sylveon|98/100|[from] drain|[of] p1a: Greninja
|faint|p1a: Greninja
|
|-weather|RainDance|[upkeep]
|-heal|p2a: Sylveon|100/100|[from] item: Leftovers
|upkeep
|
|t:|1779601068
|switch|p1a: Basculegion|Basculegion, M, shiny|100/100
|turn|14
|
|t:|1779601072
|-terastallize|p1a: Basculegion|Water
|move|p1a: Basculegion|Wave Crash|p2a: Sylveon
|-damage|p2a: Sylveon|0 fnt
|faint|p2a: Sylveon
|-damage|p1a: Basculegion|67/100|[from] Recoil
|
|-weather|RainDance|[upkeep]
|upkeep
|-message|InkwellRans forfeited.
|
|win|Doloris114
|raw|Doloris114's rating: 1161 &rarr; <strong>1189</strong><br />(+28 for winning)
|raw|InkwellRans's rating: 1196 &rarr; <strong>1168</strong><br />(-28 for losing)
|l|‽InkwellRans
|player|p2|
|l|☆Doloris114
|player|p1|
