|j|☆VelvetLeveilleur
|j|☆Hawesome
|t:|1779564659
|gametype|singles
|player|p1|VelvetLeveilleur|hilda|1169
|player|p2|Hawesome|2|1148
|gen|9
|tier|[Gen 9] OU
|rated|
|rule|HP Percentage Mod: HP is shown in percentages
|rule|Endless Battle Clause: Forcing endless battles is banned
|rule|Species Clause: Limit one of each Pokémon
|rule|OHKO Clause: OHKO moves are banned
|rule|Evasion Items Clause: Evasion items are banned
|rule|Evasion Moves Clause: Evasion moves are banned
|rule|Evasion Abilities Clause: Evasion abilities are banned
|rule|Sleep Moves Clause: Sleep-inducing moves are banned
|clearpoke
|poke|p1|Iron Moth|
|poke|p1|Gliscor, F|
|poke|p1|Hatterene, F|
|poke|p1|Ogerpon-Wellspring, F|
|poke|p1|Raging Bolt|
|poke|p1|Zamazenta-*|
|poke|p2|Milotic, F|
|poke|p2|Zapdos-Galar|
|poke|p2|Pecharunt|
|poke|p2|Ting-Lu|
|poke|p2|Great Tusk|
|poke|p2|Dragapult, M|
|teampreview
|
|t:|1779564674
|teamsize|p1|6
|teamsize|p2|6
|start
|switch|p1a: Zamazenta|Zamazenta|100/100
|switch|p2a: Pecharunt|Pecharunt|100/100
|-ability|p1a: Zamazenta|Dauntless Shield|boost
|-boost|p1a: Zamazenta|def|1
|turn|1
|
|t:|1779564686
|move|p1a: Zamazenta|Light Screen|p1a: Zamazenta
|-sidestart|p1: VelvetLeveilleur|move: Light Screen
|move|p2a: Pecharunt|Malignant Chain|p1a: Zamazenta
|-damage|p1a: Zamazenta|89/100
|
|upkeep
|turn|2
|
|t:|1779564692
|move|p1a: Zamazenta|Reflect|p1a: Zamazenta
|-sidestart|p1: VelvetLeveilleur|Reflect
|move|p2a: Pecharunt|Malignant Chain|p1a: Zamazenta
|-damage|p1a: Zamazenta|77/100
|
|upkeep
|turn|3
|inactive|Battle timer is ON: inactive players will automatically lose when time's up. (requested by Hawesome)
|
|t:|1779564708
|switch|p1a: Gliscor|Gliscor, F|100/100
|move|p2a: Pecharunt|Malignant Chain|p1a: Gliscor
|-resisted|p1a: Gliscor
|-damage|p1a: Gliscor|90/100
|-status|p1a: Gliscor|tox
|-start|p1a: Gliscor|confusion|[from] ability: Poison Puppeteer|[of] p2a: Pecharunt
|
|-heal|p1a: Gliscor|100/100 tox|[from] ability: Poison Heal
|upkeep
|turn|4
|
|t:|1779564720
|switch|p2a: Ting-Lu|Ting-Lu|100/100
|-ability|p2a: Ting-Lu|Vessel of Ruin
|-activate|p1a: Gliscor|confusion
|move|p1a: Gliscor|Agility|p1a: Gliscor
|-boost|p1a: Gliscor|spe|2
|
|upkeep
|turn|5
|
|t:|1779564738
|-activate|p1a: Gliscor|confusion
|move|p1a: Gliscor|Swords Dance|p1a: Gliscor
|-boost|p1a: Gliscor|atk|2
|move|p2a: Ting-Lu|Stealth Rock|p1a: Gliscor
|-sidestart|p1: VelvetLeveilleur|move: Stealth Rock
|
|upkeep
|turn|6
|
|t:|1779564745
|-activate|p1a: Gliscor|confusion
|move|p1a: Gliscor|Earthquake|p2a: Ting-Lu
|-damage|p2a: Ting-Lu|56/100
|move|p2a: Ting-Lu|Whirlwind|p1a: Gliscor
|drag|p1a: Raging Bolt|Raging Bolt|100/100
|-damage|p1a: Raging Bolt|88/100|[from] Stealth Rock
|-enditem|p1a: Raging Bolt|Booster Energy
|-activate|p1a: Raging Bolt|ability: Protosynthesis|[fromitem]
|-start|p1a: Raging Bolt|protosynthesisspa
|
|-heal|p2a: Ting-Lu|62/100|[from] item: Leftovers
|upkeep
|turn|7
|
|t:|1779564760
|move|p1a: Raging Bolt|Calm Mind|p1a: Raging Bolt
|-boost|p1a: Raging Bolt|spa|1
|-boost|p1a: Raging Bolt|spd|1
|move|p2a: Ting-Lu|Earthquake|p1a: Raging Bolt
|-supereffective|p1a: Raging Bolt
|-damage|p1a: Raging Bolt|52/100
|
|-heal|p2a: Ting-Lu|69/100|[from] item: Leftovers
|upkeep
|turn|8
|
|t:|1779564768
|move|p1a: Raging Bolt|Dragon Pulse|p2a: Ting-Lu
|-damage|p2a: Ting-Lu|20/100
|move|p2a: Ting-Lu|Whirlwind|p1a: Raging Bolt
|-end|p1a: Raging Bolt|Protosynthesis|[silent]
|drag|p1a: Ogerpon|Ogerpon-Wellspring, F|100/100
|-damage|p1a: Ogerpon|88/100|[from] Stealth Rock
|
|-heal|p2a: Ting-Lu|26/100|[from] item: Leftovers
|-sideend|p1: VelvetLeveilleur|move: Light Screen
|upkeep
|turn|9
|
|t:|1779564785
|switch|p2a: Zapdos|Zapdos-Galar|100/100
|move|p1a: Ogerpon|Trailblaze|p2a: Zapdos
|-resisted|p2a: Zapdos
|-damage|p2a: Zapdos|81/100
|-boost|p1a: Ogerpon|spe|1
|
|-sideend|p1: VelvetLeveilleur|Reflect
|upkeep
|turn|10
|
|t:|1779564794
|move|p1a: Ogerpon|Ivy Cudgel|p2a: Zapdos|[anim] Ivy Cudgel Water
|-damage|p2a: Zapdos|6/100
|move|p2a: Zapdos|Brave Bird|p1a: Ogerpon
|-supereffective|p1a: Ogerpon
|-damage|p1a: Ogerpon|0 fnt
|faint|p1a: Ogerpon
|-damage|p2a: Zapdos|0 fnt|[from] Recoil
|faint|p2a: Zapdos
|
|upkeep
|
|t:|1779564817
|switch|p2a: Milotic|Milotic, F|100/100
|switch|p1a: Zamazenta|Zamazenta|77/100
|-damage|p1a: Zamazenta|71/100|[from] Stealth Rock
|turn|11
|
|t:|1779564828
|-terastallize|p2a: Milotic|Fairy
|move|p1a: Zamazenta|Light Screen|p1a: Zamazenta
|-sidestart|p1: VelvetLeveilleur|move: Light Screen
|move|p2a: Milotic|Alluring Voice|p1a: Zamazenta
|-supereffective|p1a: Zamazenta
|-damage|p1a: Zamazenta|47/100
|
|upkeep
|turn|12
|
|t:|1779564842
|move|p1a: Zamazenta|Reflect|p1a: Zamazenta
|-sidestart|p1: VelvetLeveilleur|Reflect
|move|p2a: Milotic|Dragon Tail|p1a: Zamazenta
|-damage|p1a: Zamazenta|44/100
|drag|p1a: Iron Moth|Iron Moth|100/100
|-damage|p1a: Iron Moth|76/100|[from] Stealth Rock
|-enditem|p1a: Iron Moth|Booster Energy
|-activate|p1a: Iron Moth|ability: Quark Drive|[fromitem]
|-start|p1a: Iron Moth|quarkdrivespe
|
|upkeep
|turn|13
|
|t:|1779564856
|switch|p2a: Pecharunt|Pecharunt|100/100
|move|p1a: Iron Moth|Toxic Spikes|p2a: Pecharunt
|-sidestart|p2: Hawesome|move: Toxic Spikes
|
|upkeep
|turn|14
|
|t:|1779564870
|move|p2a: Pecharunt|Parting Shot|p1a: Iron Moth
|-unboost|p1a: Iron Moth|atk|1
|-unboost|p1a: Iron Moth|spa|1
|
|t:|1779564872
|switch|p2a: Milotic|Milotic, F, tera:Fairy|100/100|[from] Parting Shot
|move|p1a: Iron Moth|Whirlwind|p2a: Milotic
|drag|p2a: Great Tusk|Great Tusk|100/100
|
|upkeep
|turn|15
|
|t:|1779564884
|move|p1a: Iron Moth|Toxic Spikes|p2a: Great Tusk
|-sidestart|p2: Hawesome|move: Toxic Spikes
|move|p2a: Great Tusk|Headlong Rush|p1a: Iron Moth
|-supereffective|p1a: Iron Moth
|-damage|p1a: Iron Moth|0 fnt
|-unboost|p2a: Great Tusk|def|1
|-unboost|p2a: Great Tusk|spd|1
|faint|p1a: Iron Moth
|-end|p1a: Iron Moth|Quark Drive|[silent]
|
|upkeep
|
|t:|1779564894
|switch|p1a: Hatterene|Hatterene, F|100/100
|-damage|p1a: Hatterene|88/100|[from] Stealth Rock
|turn|16
|
|t:|1779564898
|move|p2a: Great Tusk|Rapid Spin|p1a: Hatterene
|-damage|p1a: Hatterene|80/100
|-boost|p2a: Great Tusk|spe|1
|-sideend|p2: Hawesome|Toxic Spikes|[from] move: Rapid Spin|[of] p2a: Great Tusk
|move|p1a: Hatterene|Calm Mind|p1a: Hatterene
|-boost|p1a: Hatterene|spa|1
|-boost|p1a: Hatterene|spd|1
|
|-heal|p1a: Hatterene|86/100|[from] item: Leftovers
|upkeep
|turn|17
|
|t:|1779564907
|move|p2a: Great Tusk|Knock Off|p1a: Hatterene
|-damage|p1a: Hatterene|72/100
|-enditem|p1a: Hatterene|Leftovers|[from] move: Knock Off|[of] p2a: Great Tusk
|move|p1a: Hatterene|Draining Kiss|p2a: Great Tusk
|-supereffective|p2a: Great Tusk
|-damage|p2a: Great Tusk|0 fnt
|-heal|p1a: Hatterene|100/100|[from] drain|[of] p2a: Great Tusk
|faint|p2a: Great Tusk
|-end|p2a: Great Tusk|Protosynthesis|[silent]
|
|upkeep
|
|t:|1779564918
|switch|p2a: Pecharunt|Pecharunt|100/100
|turn|18
|
|t:|1779564924
|move|p2a: Pecharunt|Malignant Chain|p1a: Hatterene
|-supereffective|p1a: Hatterene
|-damage|p1a: Hatterene|78/100
|move|p1a: Hatterene|Mystical Fire|p2a: Pecharunt
|-damage|p2a: Pecharunt|64/100
|-unboost|p2a: Pecharunt|spa|1
|
|-sideend|p1: VelvetLeveilleur|move: Light Screen
|upkeep
|turn|19
|
|t:|1779564937
|move|p2a: Pecharunt|Recover|p2a: Pecharunt
|-heal|p2a: Pecharunt|100/100
|move|p1a: Hatterene|Stored Power|p2a: Pecharunt
|-supereffective|p2a: Pecharunt
|-damage|p2a: Pecharunt|20/100
|
|-sideend|p1: VelvetLeveilleur|Reflect
|upkeep
|turn|20
|
|t:|1779564949
|switch|p2a: Ting-Lu|Ting-Lu|26/100
|-ability|p2a: Ting-Lu|Vessel of Ruin
|move|p1a: Hatterene|Calm Mind|p1a: Hatterene
|-boost|p1a: Hatterene|spa|1
|-boost|p1a: Hatterene|spd|1
|
|-heal|p2a: Ting-Lu|32/100|[from] item: Leftovers
|upkeep
|turn|21
|
|t:|1779564959
|move|p1a: Hatterene|Draining Kiss|p2a: Ting-Lu
|-supereffective|p2a: Ting-Lu
|-damage|p2a: Ting-Lu|0 fnt
|-heal|p1a: Hatterene|100/100|[from] drain|[of] p2a: Ting-Lu
|faint|p2a: Ting-Lu
|
|upkeep
|
|t:|1779564967
|switch|p2a: Dragapult|Dragapult, M|100/100
|turn|22
|
|t:|1779564970
|move|p2a: Dragapult|Shadow Ball|p1a: Hatterene
|-supereffective|p1a: Hatterene
|-damage|p1a: Hatterene|49/100
|move|p1a: Hatterene|Draining Kiss|p2a: Dragapult
|-supereffective|p2a: Dragapult
|-damage|p2a: Dragapult|0 fnt
|-heal|p1a: Hatterene|100/100|[from] drain|[of] p2a: Dragapult
|faint|p2a: Dragapult
|
|upkeep
|
|t:|1779564975
|switch|p2a: Milotic|Milotic, F, tera:Fairy|100/100
|turn|23
|-message|Hawesome forfeited.
|
|win|VelvetLeveilleur
|raw|VelvetLeveilleur's rating: 1169 &rarr; <strong>1192</strong><br />(+23 for winning)
|raw|Hawesome's rating: 1148 &rarr; <strong>1125</strong><br />(-23 for losing)
|l|☆Hawesome
|player|p2|
