|j|☆Five Knight
|j|☆Rajang915
|t:|1779708221
|gametype|singles
|player|p1|Five Knight|red|1117
|player|p2|Rajang915|juggler|1068
|gen|9
|tier|[Gen 9] OU
|rated|
|rule|HP Percentage Mod: HP is shown in percentages
|rule|Endless Battle Clause: Forcing endless battles is banned
|rule|Species Clause: Limit one of each Pokémon
|rule|OHKO Clause: OHKO moves are banned
|rule|Evasion Items Clause: Evasion items are banned
|rule|Evasion Moves Clause: Evasion moves are banned
|rule|Evasion Abilities Clause: Evasion abilities are banned
|rule|Sleep Moves Clause: Sleep-inducing moves are banned
|clearpoke
|poke|p1|Charizard, M|
|poke|p1|Greninja-*, M|
|poke|p1|Lucario, M|
|poke|p1|Gardevoir, F|
|poke|p1|Ampharos, M|
|poke|p1|Garchomp, M|
|poke|p2|Ting-Lu|
|poke|p2|Corviknight, F|
|poke|p2|Toxapex, F|
|poke|p2|Clodsire, M|
|poke|p2|Dragalge, M|
|poke|p2|Kingambit, M|
|teampreview
|inactive|Battle timer is ON: inactive players will automatically lose when time's up. (requested by Five Knight)
|
|t:|1779708225
|teamsize|p1|6
|teamsize|p2|6
|start
|switch|p1a: Garchomp|Garchomp, M|100/100
|switch|p2a: Ting-Lu|Ting-Lu, shiny|100/100
|-ability|p2a: Ting-Lu|Vessel of Ruin
|turn|1
|
|t:|1779708233
|move|p1a: Garchomp|Stealth Rock|p2a: Ting-Lu
|-sidestart|p2: Rajang915|move: Stealth Rock
|move|p2a: Ting-Lu|Stealth Rock|p1a: Garchomp
|-sidestart|p1: Five Knight|move: Stealth Rock
|
|upkeep
|turn|2
|
|t:|1779708240
|switch|p1a: Greninja|Greninja, M|100/100
|-damage|p1a: Greninja|88/100|[from] Stealth Rock
|move|p2a: Ting-Lu|Spikes|p1a: Greninja
|-sidestart|p1: Five Knight|Spikes
|
|upkeep
|turn|3
|
|t:|1779708248
|move|p1a: Greninja|Hydro Pump|p2a: Ting-Lu
|-start|p1a: Greninja|typechange|Water|[from] ability: Protean
|-supereffective|p2a: Ting-Lu
|-damage|p2a: Ting-Lu|16/100
|move|p2a: Ting-Lu|Spikes|p1a: Greninja
|-sidestart|p1: Five Knight|Spikes
|
|-heal|p2a: Ting-Lu|23/100|[from] item: Leftovers
|upkeep
|turn|4
|
|t:|1779708260
|move|p1a: Greninja|Hydro Pump|p2a: Ting-Lu
|-supereffective|p2a: Ting-Lu
|-crit|p2a: Ting-Lu
|-damage|p2a: Ting-Lu|0 fnt
|faint|p2a: Ting-Lu
|
|upkeep
|
|t:|1779708270
|switch|p2a: Corviknight|Corviknight, F, shiny|100/100
|-ability|p2a: Corviknight|Pressure
|turn|5
|
|t:|1779708276
|switch|p1a: Charizard|Charizard, M|100/100
|move|p2a: Corviknight|Brave Bird|p1a: Charizard
|-damage|p1a: Charizard|51/100
|-damage|p2a: Corviknight|88/100|[from] Recoil
|
|upkeep
|turn|6
|
|t:|1779708285
|move|p1a: Charizard|Flamethrower|p2a: Corviknight
|-supereffective|p2a: Corviknight
|-damage|p2a: Corviknight|4/100
|move|p2a: Corviknight|U-turn|p1a: Charizard
|-resisted|p1a: Charizard
|-damage|p1a: Charizard|46/100
|
|t:|1779708291
|switch|p2a: Toxapex|Toxapex, F|100/100|[from] U-turn
|-damage|p2a: Toxapex|88/100|[from] Stealth Rock
|
|-heal|p2a: Toxapex|94/100|[from] item: Leftovers
|upkeep
|turn|7
|
|t:|1779708297
|switch|p1a: Ampharos|Ampharos, M|100/100
|-damage|p1a: Ampharos|88/100|[from] Stealth Rock
|-damage|p1a: Ampharos|72/100|[from] Spikes
|move|p2a: Toxapex|Hydro Pump|p1a: Ampharos|[miss]
|-miss|p2a: Toxapex|p1a: Ampharos
|
|-heal|p2a: Toxapex|100/100|[from] item: Leftovers
|upkeep
|turn|8
|
|t:|1779708306
|move|p1a: Ampharos|Thunderbolt|p2a: Toxapex
|-supereffective|p2a: Toxapex
|-damage|p2a: Toxapex|29/100
|move|p2a: Toxapex|Toxic Spikes|p1a: Ampharos
|-sidestart|p1: Five Knight|move: Toxic Spikes
|
|-heal|p2a: Toxapex|35/100|[from] item: Leftovers
|upkeep
|turn|9
|
|t:|1779708322
|move|p1a: Ampharos|Volt Switch|p2a: Toxapex
|-supereffective|p2a: Toxapex
|-damage|p2a: Toxapex|0 fnt
|faint|p2a: Toxapex
|
|t:|1779708335
|switch|p1a: Charizard|Charizard, M|46/100|[from] Volt Switch
|
|upkeep
|
|t:|1779708339
|switch|p2a: Clodsire|Clodsire, M, shiny|100/100
|-damage|p2a: Clodsire|94/100|[from] Stealth Rock
|turn|10
|
|t:|1779708350
|switch|p1a: Garchomp|Garchomp, M|100/100
|-damage|p1a: Garchomp|94/100|[from] Stealth Rock
|-damage|p1a: Garchomp|78/100|[from] Spikes
|-status|p1a: Garchomp|psn
|move|p2a: Clodsire|Toxic||[still]
|-fail|p2a: Clodsire
|
|-heal|p2a: Clodsire|100/100|[from] item: Black Sludge
|-damage|p1a: Garchomp|65/100 psn|[from] psn
|upkeep
|turn|11
|
|t:|1779708361
|move|p1a: Garchomp|Earthquake|p2a: Clodsire
|-supereffective|p2a: Clodsire
|-damage|p2a: Clodsire|9/100
|move|p2a: Clodsire|Earthquake|p1a: Garchomp
|-damage|p1a: Garchomp|50/100 psn
|
|-heal|p2a: Clodsire|15/100|[from] item: Black Sludge
|-damage|p1a: Garchomp|38/100 psn|[from] psn
|upkeep
|turn|12
|
|t:|1779708369
|move|p1a: Garchomp|Earthquake|p2a: Clodsire
|-supereffective|p2a: Clodsire
|-damage|p2a: Clodsire|0 fnt
|faint|p2a: Clodsire
|
|-damage|p1a: Garchomp|25/100 psn|[from] psn
|upkeep
|
|t:|1779708376
|switch|p2a: Corviknight|Corviknight, F, shiny|4/100
|-ability|p2a: Corviknight|Pressure
|turn|13
|
|t:|1779708381
|move|p1a: Garchomp|Fire Fang|p2a: Corviknight
|-supereffective|p2a: Corviknight
|-damage|p2a: Corviknight|0 fnt
|faint|p2a: Corviknight
|
|-damage|p1a: Garchomp|13/100 psn|[from] psn
|upkeep
|
|t:|1779708388
|switch|p2a: Dragalge|Dragalge, M, shiny|100/100
|-damage|p2a: Dragalge|88/100|[from] Stealth Rock
|turn|14
|
|t:|1779708395
|move|p1a: Garchomp|Draco Meteor|p2a: Dragalge
|-supereffective|p2a: Dragalge
|-damage|p2a: Dragalge|23/100
|-unboost|p1a: Garchomp|spa|2
|move|p2a: Dragalge|Dragon Tail|p1a: Garchomp|[miss]
|-miss|p2a: Dragalge|p1a: Garchomp
|
|-damage|p1a: Garchomp|1/100 psn|[from] psn
|upkeep
|turn|15
|
|t:|1779708408
|-terastallize|p2a: Dragalge|Ghost
|move|p1a: Garchomp|Earthquake|p2a: Dragalge
|-damage|p2a: Dragalge|0 fnt
|faint|p2a: Dragalge
|
|-damage|p1a: Garchomp|0 fnt|[from] psn
|faint|p1a: Garchomp
|upkeep
|
|t:|1779708417
|switch|p1a: Charizard|Charizard, M|46/100
|switch|p2a: Kingambit|Kingambit, M|100/100
|-damage|p2a: Kingambit|94/100|[from] Stealth Rock
|-activate|p2a: Kingambit|ability: Supreme Overlord
|-start|p2a: Kingambit|fallen5|[silent]
|turn|16
|
|t:|1779708428
|move|p2a: Kingambit|Sucker Punch|p1a: Charizard
|-damage|p1a: Charizard|0 fnt
|faint|p1a: Charizard
|
|upkeep
|
|t:|1779708435
|switch|p1a: Gardevoir|Gardevoir, F|100/100
|-damage|p1a: Gardevoir|88/100|[from] Stealth Rock
|-damage|p1a: Gardevoir|72/100|[from] Spikes
|-status|p1a: Gardevoir|psn
|-ability|p1a: Gardevoir|Supreme Overlord|Trace|[from] ability: Trace|[of] p2a: Kingambit
|-activate|p1a: Gardevoir|ability: Supreme Overlord
|-start|p1a: Gardevoir|fallen2|[silent]
|turn|17
|
|t:|1779708444
|move|p1a: Gardevoir|Focus Blast|p2a: Kingambit|[miss]
|-miss|p1a: Gardevoir|p2a: Kingambit
|move|p2a: Kingambit|Swords Dance|p2a: Kingambit
|-boost|p2a: Kingambit|atk|2
|
|-damage|p1a: Gardevoir|59/100 psn|[from] psn
|upkeep
|turn|18
|
|t:|1779708455
|move|p1a: Gardevoir|Focus Blast|p2a: Kingambit
|-supereffective|p2a: Kingambit
|-damage|p2a: Kingambit|0 fnt
|faint|p2a: Kingambit
|-end|p2a: Kingambit|fallen5|[silent]
|
|win|Five Knight
|raw|Five Knight's rating: 1117 &rarr; <strong>1138</strong><br />(+21 for winning)
|raw|Rajang915's rating: 1068 &rarr; <strong>1051</strong><br />(-17 for losing)
|l|☆Five Knight
|player|p1|
|l|☆Rajang915
|player|p2|
