|j|☆ykurryt
|j|☆partypluto
|t:|1779691627
|gametype|singles
|player|p1|ykurryt|266|1105
|player|p2|partypluto|265|1136
|gen|9
|tier|[Gen 9] OU
|rated|
|rule|HP Percentage Mod: HP is shown in percentages
|rule|Endless Battle Clause: Forcing endless battles is banned
|rule|Species Clause: Limit one of each Pokémon
|rule|OHKO Clause: OHKO moves are banned
|rule|Evasion Items Clause: Evasion items are banned
|rule|Evasion Moves Clause: Evasion moves are banned
|rule|Evasion Abilities Clause: Evasion abilities are banned
|rule|Sleep Moves Clause: Sleep-inducing moves are banned
|clearpoke
|poke|p1|Ceruledge, F|
|poke|p1|Samurott-Hisui, M|
|poke|p1|Dragonite, M|
|poke|p1|Iron Valiant|
|poke|p1|Pawmot, F|
|poke|p1|Glimmora, F|
|poke|p2|Incineroar, M|
|poke|p2|Meowscarada, F|
|poke|p2|Garchomp, F|
|poke|p2|Iron Valiant|
|poke|p2|Rotom-Wash|
|poke|p2|Clefable, F|
|teampreview
|
|t:|1779691647
|teamsize|p1|6
|teamsize|p2|6
|start
|switch|p1a: Glimmora|Glimmora, F|100/100
|switch|p2a: Battle Beast|Incineroar, M, shiny|100/100
|-ability|p2a: Battle Beast|Intimidate|boost
|-unboost|p1a: Glimmora|atk|1
|turn|1
|
|t:|1779691659
|move|p1a: Glimmora|Spikes|p2a: Battle Beast
|-sidestart|p2: partypluto|Spikes
|move|p2a: Battle Beast|Will-O-Wisp|p1a: Glimmora
|-status|p1a: Glimmora|brn
|
|-damage|p1a: Glimmora|94/100 brn|[from] brn
|upkeep
|turn|2
|
|t:|1779691666
|move|p1a: Glimmora|Spikes|p2a: Battle Beast
|-sidestart|p2: partypluto|Spikes
|move|p2a: Battle Beast|Parting Shot|p1a: Glimmora
|-unboost|p1a: Glimmora|atk|1
|-unboost|p1a: Glimmora|spa|1
|
|t:|1779691672
|switch|p2a: Garland|Garchomp, F|100/100|[from] Parting Shot
|-damage|p2a: Garland|84/100|[from] Spikes
|
|-damage|p1a: Glimmora|88/100 brn|[from] brn
|upkeep
|turn|3
|
|t:|1779691681
|move|p2a: Garland|Swords Dance|p2a: Garland
|-boost|p2a: Garland|atk|2
|move|p1a: Glimmora|Spikes|p2a: Garland
|-sidestart|p2: partypluto|Spikes
|
|-damage|p1a: Glimmora|82/100 brn|[from] brn
|upkeep
|turn|4
|
|t:|1779691687
|move|p2a: Garland|Earthquake|p1a: Glimmora
|-supereffective|p1a: Glimmora
|-damage|p1a: Glimmora|0 fnt
|-activate|p1a: Glimmora|ability: Toxic Debris
|-sidestart|p2: partypluto|move: Toxic Spikes
|faint|p1a: Glimmora
|
|upkeep
|
|t:|1779691695
|switch|p1a: Dragonite|Dragonite, M|100/100
|turn|5
|
|t:|1779691700
|-terastallize|p1a: Dragonite|Normal
|move|p2a: Garland|Scale Shot|p1a: Dragonite
|-damage|p1a: Dragonite|87/100
|-damage|p1a: Dragonite|57/100
|-damage|p1a: Dragonite|27/100
|-damage|p1a: Dragonite|0 fnt
|faint|p1a: Dragonite
|-hitcount|p1: Dragonite|4
|-unboost|p2a: Garland|def|1
|-boost|p2a: Garland|spe|1
|
|upkeep
|
|t:|1779691715
|switch|p1a: Ceruledge|Ceruledge, F|100/100
|turn|6
|
|t:|1779691724
|move|p2a: Garland|Earthquake|p1a: Ceruledge
|-supereffective|p1a: Ceruledge
|-enditem|p1a: Ceruledge|Focus Sash
|-damage|p1a: Ceruledge|1/100
|-ability|p1a: Ceruledge|Weak Armor|boost
|-unboost|p1a: Ceruledge|def|1
|-boost|p1a: Ceruledge|spe|2
|move|p1a: Ceruledge|Swords Dance|p1a: Ceruledge
|-boost|p1a: Ceruledge|atk|2
|
|upkeep
|turn|7
|
|t:|1779691741
|move|p1a: Ceruledge|Bitter Blade|p2a: Garland
|-resisted|p2a: Garland
|-damage|p2a: Garland|15/100
|-heal|p1a: Ceruledge|43/100|[from] drain|[of] p2a: Garland
|-damage|p1a: Ceruledge|31/100|[from] ability: Rough Skin|[of] p2a: Garland
|move|p2a: Garland|Earthquake|p1a: Ceruledge
|-supereffective|p1a: Ceruledge
|-damage|p1a: Ceruledge|0 fnt
|faint|p1a: Ceruledge
|
|upkeep
|
|t:|1779691757
|switch|p1a: Samurott|Samurott-Hisui, M|100/100
|turn|8
|
|t:|1779691766
|move|p2a: Garland|Scale Shot|p1a: Samurott
|-damage|p1a: Samurott|69/100
|-damage|p1a: Samurott|36/100
|-damage|p1a: Samurott|0 fnt
|faint|p1a: Samurott
|-hitcount|p1: Samurott|3
|-unboost|p2a: Garland|def|1
|-boost|p2a: Garland|spe|1
|
|upkeep
|-message|ykurryt forfeited.
|
|win|partypluto
|raw|ykurryt's rating: 1105 &rarr; <strong>1082</strong><br />(-23 for losing)
|raw|partypluto's rating: 1136 &rarr; <strong>1159</strong><br />(+23 for winning)
|l|☆ykurryt
|player|p1|
