|j|☆ahjskahskjah
|j|☆Charlotte09
|t:|1779569393
|gametype|singles
|player|p1|ahjskahskjah|plasmagrunt-gen5bw|1666
|player|p2|Charlotte09|lady|1662
|gen|9
|tier|[Gen 9] OU
|rated|
|rule|HP Percentage Mod: HP is shown in percentages
|rule|Endless Battle Clause: Forcing endless battles is banned
|rule|Species Clause: Limit one of each Pokémon
|rule|OHKO Clause: OHKO moves are banned
|rule|Evasion Items Clause: Evasion items are banned
|rule|Evasion Moves Clause: Evasion moves are banned
|rule|Evasion Abilities Clause: Evasion abilities are banned
|rule|Sleep Moves Clause: Sleep-inducing moves are banned
|clearpoke
|poke|p1|Dragonite, F|
|poke|p1|Clefable, F|
|poke|p1|Gliscor, F|
|poke|p1|Dondozo, F|
|poke|p1|Ogerpon, F|
|poke|p1|Gholdengo|
|poke|p2|Slowking-Galar, M|
|poke|p2|Raging Bolt|
|poke|p2|Regieleki|
|poke|p2|Rillaboom, M|
|poke|p2|Great Tusk|
|poke|p2|Kyurem|
|teampreview
|inactive|Battle timer is ON: inactive players will automatically lose when time's up. (requested by ahjskahskjah)
|
|t:|1779569417
|teamsize|p1|6
|teamsize|p2|6
|start
|switch|p1a: Clefable|Clefable, F|100/100
|switch|p2a: Raging Bolt|Raging Bolt|100/100
|turn|1
|
|t:|1779569427
|-end|p2a: Raging Bolt|Protosynthesis|[silent]
|switch|p2a: Slowking|Slowking-Galar, M|100/100
|move|p1a: Clefable|Stealth Rock|p2a: Slowking
|-sidestart|p2: Charlotte09|move: Stealth Rock
|
|upkeep
|turn|2
|
|t:|1779569434
|switch|p1a: Gholdengo|Gholdengo|100/100
|move|p2a: Slowking|Trick|p1a: Gholdengo
|-immune|p1a: Gholdengo|[from] ability: Good as Gold
|
|upkeep
|turn|3
|
|t:|1779569443
|move|p1a: Gholdengo|Nasty Plot|p1a: Gholdengo
|-boost|p1a: Gholdengo|spa|2
|-prepare|p2a: Slowking|Chilly Reception|[premajor]
|move|p2a: Slowking|Chilly Reception|p2a: Slowking
|-weather|Snowscape
|
|t:|1779569449
|switch|p2a: Great Tusk|Great Tusk|100/100|[from] Chilly Reception
|-damage|p2a: Great Tusk|98/100|[from] Stealth Rock
|
|-weather|Snowscape|[upkeep]
|upkeep
|turn|4
|
|t:|1779569455
|-terastallize|p1a: Gholdengo|Water
|move|p2a: Great Tusk|Stealth Rock|p1a: Gholdengo
|-sidestart|p1: ahjskahskjah|move: Stealth Rock
|move|p1a: Gholdengo|Make It Rain|p2a: Great Tusk
|-damage|p2a: Great Tusk|0 fnt
|-unboost|p1a: Gholdengo|spa|1
|faint|p2a: Great Tusk
|-end|p2a: Great Tusk|Protosynthesis|[silent]
|
|-weather|Snowscape|[upkeep]
|upkeep
|
|t:|1779569463
|switch|p2a: Rillaboom|Rillaboom, M|100/100
|-damage|p2a: Rillaboom|88/100|[from] Stealth Rock
|-fieldstart|move: Grassy Terrain|[from] ability: Grassy Surge|[of] p2a: Rillaboom
|turn|5
|
|t:|1779569470
|switch|p1a: Dragonite|Dragonite, F|100/100
|move|p2a: Rillaboom|U-turn|p1a: Dragonite
|-resisted|p1a: Dragonite
|-damage|p1a: Dragonite|91/100
|j| Inothtunothtino
|
|t:|1779569484
|switch|p2a: Kyurem|Kyurem|100/100|[from] U-turn
|-damage|p2a: Kyurem|76/100|[from] Stealth Rock
|-ability|p2a: Kyurem|Pressure
|
|-weather|Snowscape|[upkeep]
|-heal|p2a: Kyurem|82/100|[from] Grassy Terrain
|upkeep
|turn|6
|
|t:|1779569493
|switch|p1a: Dondozo|Dondozo, F, shiny|100/100
|move|p2a: Kyurem|Dragon Dance|p2a: Kyurem
|-boost|p2a: Kyurem|atk|1
|-boost|p2a: Kyurem|spe|1
|
|-weather|Snowscape|[upkeep]
|-heal|p2a: Kyurem|88/100|[from] Grassy Terrain
|upkeep
|turn|7
|
|t:|1779569501
|move|p2a: Kyurem|Earth Power|p1a: Dondozo
|-damage|p1a: Dondozo|75/100
|-unboost|p1a: Dondozo|spd|1
|move|p1a: Dondozo|Curse|p1a: Dondozo
|-unboost|p1a: Dondozo|spe|1
|-boost|p1a: Dondozo|atk|1
|-boost|p1a: Dondozo|def|1
|
|-weather|none
|-heal|p2a: Kyurem|94/100|[from] Grassy Terrain
|-heal|p1a: Dondozo|81/100|[from] Grassy Terrain
|upkeep
|turn|8
|
|t:|1779569510
|move|p2a: Kyurem|Earth Power|p1a: Dondozo
|-damage|p1a: Dondozo|42/100
|move|p1a: Dondozo|Curse|p1a: Dondozo
|-unboost|p1a: Dondozo|spe|1
|-boost|p1a: Dondozo|atk|1
|-boost|p1a: Dondozo|def|1
|
|-heal|p2a: Kyurem|99/100|[from] Grassy Terrain
|-heal|p1a: Dondozo|48/100|[from] Grassy Terrain
|upkeep
|turn|9
|
|t:|1779569522
|-terastallize|p2a: Kyurem|Water
|move|p2a: Kyurem|Earth Power|p1a: Dondozo
|-damage|p1a: Dondozo|4/100
|move|p1a: Dondozo|Rest|p1a: Dondozo
|-status|p1a: Dondozo|slp|[from] move: Rest
|-heal|p1a: Dondozo|100/100 slp|[silent]
|
|-heal|p2a: Kyurem|100/100|[from] Grassy Terrain
|-fieldend|move: Grassy Terrain
|upkeep
|turn|10
|
|t:|1779569531
|move|p2a: Kyurem|Earth Power|p1a: Dondozo
|-damage|p1a: Dondozo|61/100 slp
|cant|p1a: Dondozo|slp
|move|p1a: Dondozo|Sleep Talk|p1a: Dondozo
|move|p1a: Dondozo|Rest||[from] move: Sleep Talk|[still]
|-fail|p1a: Dondozo
|
|upkeep
|turn|11
|
|t:|1779569538
|move|p2a: Kyurem|Earth Power|p1a: Dondozo
|-damage|p1a: Dondozo|23/100 slp
|cant|p1a: Dondozo|slp
|move|p1a: Dondozo|Sleep Talk|p1a: Dondozo
|move|p1a: Dondozo|Waterfall|p2a: Kyurem|[from] move: Sleep Talk
|-resisted|p2a: Kyurem
|-damage|p2a: Kyurem|74/100
|
|upkeep
|turn|12
|
|t:|1779569552
|move|p2a: Kyurem|Earth Power|p1a: Dondozo
|-damage|p1a: Dondozo|0 fnt
|faint|p1a: Dondozo
|
|upkeep
|inactive|ahjskahskjah has 120 seconds left.
|inactive|ahjskahskjah has 90 seconds left.
|
|t:|1779569614
|switch|p1a: Clefable|Clefable, F|100/100
|turn|13
|
|t:|1779569622
|move|p2a: Kyurem|Dragon Dance|p2a: Kyurem
|-boost|p2a: Kyurem|atk|1
|-boost|p2a: Kyurem|spe|1
|move|p1a: Clefable|Knock Off|p2a: Kyurem
|-damage|p2a: Kyurem|60/100
|-enditem|p2a: Kyurem|Loaded Dice|[from] move: Knock Off|[of] p1a: Clefable
|
|upkeep
|turn|14
|
|t:|1779569628
|move|p2a: Kyurem|Icicle Spear|p1a: Clefable
|-damage|p1a: Clefable|83/100
|-damage|p1a: Clefable|65/100
|-damage|p1a: Clefable|47/100
|-damage|p1a: Clefable|28/100
|-damage|p1a: Clefable|9/100
|-hitcount|p1a: Clefable|5
|move|p1a: Clefable|Moonblast|p2a: Kyurem
|-damage|p2a: Kyurem|31/100
|-unboost|p2a: Kyurem|spa|1
|
|upkeep
|turn|15
|
|t:|1779569640
|move|p2a: Kyurem|Icicle Spear|p1a: Clefable
|-damage|p1a: Clefable|0 fnt
|faint|p1a: Clefable
|-hitcount|p1: Clefable|1
|
|upkeep
|
|t:|1779569644
|switch|p1a: Dragonite|Dragonite, F|91/100
|turn|16
|
|t:|1779569647
|move|p1a: Dragonite|Extreme Speed|p2a: Kyurem
|-damage|p2a: Kyurem|3/100
|move|p2a: Kyurem|Icicle Spear|p1a: Dragonite
|-supereffective|p1a: Dragonite
|-damage|p1a: Dragonite|0 fnt
|faint|p1a: Dragonite
|-hitcount|p1: Dragonite|1
|
|upkeep
|
|t:|1779569650
|switch|p1a: Gholdengo|Gholdengo, tera:Water|100/100
|turn|17
|
|t:|1779569655
|move|p2a: Kyurem|Scale Shot|p1a: Gholdengo
|-damage|p1a: Gholdengo|82/100
|-damage|p1a: Gholdengo|65/100
|-hitcount|p1a: Gholdengo|2
|-unboost|p2a: Kyurem|def|1
|-boost|p2a: Kyurem|spe|1
|move|p1a: Gholdengo|Shadow Ball|p2a: Kyurem
|-damage|p2a: Kyurem|0 fnt
|faint|p2a: Kyurem
|
|upkeep
|
|t:|1779569666
|switch|p2a: Rillaboom|Rillaboom, M|88/100
|-damage|p2a: Rillaboom|76/100|[from] Stealth Rock
|-fieldstart|move: Grassy Terrain|[from] ability: Grassy Surge|[of] p2a: Rillaboom
|turn|18
|
|t:|1779569683
|move|p2a: Rillaboom|Grassy Glide|p1a: Gholdengo
|-supereffective|p1a: Gholdengo
|-damage|p1a: Gholdengo|0 fnt
|faint|p1a: Gholdengo
|
|-heal|p2a: Rillaboom|82/100|[from] Grassy Terrain
|upkeep
|
|t:|1779569686
|switch|p1a: Gliscor|Gliscor, F|100/100
|-damage|p1a: Gliscor|88/100|[from] Stealth Rock
|turn|19
|
|t:|1779569692
|move|p2a: Rillaboom|Grassy Glide|p1a: Gliscor
|-damage|p1a: Gliscor|41/100
|move|p1a: Gliscor|Toxic|p2a: Rillaboom
|-status|p2a: Rillaboom|tox
|
|-heal|p2a: Rillaboom|88/100 tox|[from] Grassy Terrain
|-damage|p2a: Rillaboom|82/100 tox|[from] psn
|-status|p1a: Gliscor|tox|[from] item: Toxic Orb
|upkeep
|turn|20
|
|t:|1779569702
|switch|p2a: Raging Bolt|Raging Bolt|100/100
|-damage|p2a: Raging Bolt|88/100|[from] Stealth Rock
|move|p1a: Gliscor|Protect||[still]
|-fail|p1a: Gliscor
|
|-heal|p2a: Raging Bolt|94/100|[from] Grassy Terrain
|-heal|p1a: Gliscor|53/100 tox|[from] ability: Poison Heal
|upkeep
|turn|21
|
|t:|1779569710
|move|p1a: Gliscor|Protect|p1a: Gliscor
|-singleturn|p1a: Gliscor|Protect
|move|p2a: Raging Bolt|Draco Meteor|p1a: Gliscor
|-activate|p1a: Gliscor|move: Protect
|
|-heal|p2a: Raging Bolt|100/100|[from] Grassy Terrain
|-heal|p1a: Gliscor|66/100 tox|[from] ability: Poison Heal
|upkeep
|turn|22
|
|t:|1779569718
|move|p1a: Gliscor|Toxic|p2a: Raging Bolt
|-status|p2a: Raging Bolt|tox
|move|p2a: Raging Bolt|Draco Meteor|p1a: Gliscor
|-damage|p1a: Gliscor|0 fnt
|-unboost|p2a: Raging Bolt|spa|2
|faint|p1a: Gliscor
|
|-damage|p2a: Raging Bolt|94/100 tox|[from] psn
|-fieldend|move: Grassy Terrain
|upkeep
|
|t:|1779569720
|switch|p1a: Ogerpon|Ogerpon, F|100/100
|turn|23
|
|t:|1779569728
|move|p1a: Ogerpon|Leech Seed|p2a: Raging Bolt
|-start|p2a: Raging Bolt|move: Leech Seed
|move|p2a: Raging Bolt|Draco Meteor|p1a: Ogerpon
|-damage|p1a: Ogerpon|29/100
|-unboost|p2a: Raging Bolt|spa|2
|
|-damage|p2a: Raging Bolt|82/100 tox|[from] Leech Seed|[of] p1a: Ogerpon
|-heal|p1a: Ogerpon|47/100|[silent]
|-damage|p2a: Raging Bolt|70/100 tox|[from] psn
|upkeep
|turn|24
|
|t:|1779569737
|move|p1a: Ogerpon|Ivy Cudgel|p2a: Raging Bolt
|-resisted|p2a: Raging Bolt
|-crit|p2a: Raging Bolt
|-damage|p2a: Raging Bolt|40/100 tox
|move|p2a: Raging Bolt|Draco Meteor|p1a: Ogerpon
|-damage|p1a: Ogerpon|0 fnt
|-unboost|p2a: Raging Bolt|spa|2
|faint|p1a: Ogerpon
|
|win|Charlotte09
|raw|ahjskahskjah's rating: 1666 &rarr; <strong>1646</strong><br />(-20 for losing)
|raw|Charlotte09's rating: 1662 &rarr; <strong>1682</strong><br />(+20 for winning)
|l|☆ahjskahskjah
|player|p1|
|l|☆Charlotte09
|player|p2|
