|j|☆blah0blah1blah2
|j|☆dranzerzx
|t:|1779713401
|gametype|singles
|player|p1|blah0blah1blah2|1|1403
|player|p2|dranzerzx|pokemaniac|1425
|gen|9
|tier|[Gen 9] OU
|rated|
|rule|HP Percentage Mod: HP is shown in percentages
|rule|Endless Battle Clause: Forcing endless battles is banned
|rule|Species Clause: Limit one of each Pokémon
|rule|OHKO Clause: OHKO moves are banned
|rule|Evasion Items Clause: Evasion items are banned
|rule|Evasion Moves Clause: Evasion moves are banned
|rule|Evasion Abilities Clause: Evasion abilities are banned
|rule|Sleep Moves Clause: Sleep-inducing moves are banned
|clearpoke
|poke|p1|Regidrago|
|poke|p1|Regieleki|
|poke|p1|Iron Treads|
|poke|p1|Primarina, F|
|poke|p1|Dragonite, M|
|poke|p1|Azelf|
|poke|p2|Garchomp, M|
|poke|p2|Darkrai|
|poke|p2|Gholdengo|
|poke|p2|Ogerpon-Wellspring, F|
|poke|p2|Iron Valiant|
|poke|p2|Iron Treads|
|teampreview
|inactive|Battle timer is ON: inactive players will automatically lose when time's up. (requested by blah0blah1blah2)
|
|t:|1779713421
|teamsize|p1|6
|teamsize|p2|6
|start
|switch|p1a: Regidrago|Regidrago|100/100
|switch|p2a: Ogerpon|Ogerpon-Wellspring, F|100/100
|turn|1
|
|t:|1779713425
|switch|p2a: Iron Valiant|Iron Valiant|100/100
|-enditem|p2a: Iron Valiant|Booster Energy
|-activate|p2a: Iron Valiant|ability: Quark Drive|[fromitem]
|-start|p2a: Iron Valiant|quarkdrivespe
|move|p1a: Regidrago|Dragon Energy|p2a: Iron Valiant
|-immune|p2a: Iron Valiant
|
|upkeep
|turn|2
|
|t:|1779713430
|switch|p1a: Primarina|Primarina, F|100/100
|move|p2a: Iron Valiant|Moonblast|p1a: Primarina
|-damage|p1a: Primarina|76/100
|
|upkeep
|turn|3
|
|t:|1779713437
|move|p2a: Iron Valiant|Thunderbolt|p1a: Primarina
|-supereffective|p1a: Primarina
|-damage|p1a: Primarina|41/100
|move|p1a: Primarina|Moonblast|p2a: Iron Valiant
|-supereffective|p2a: Iron Valiant
|-damage|p2a: Iron Valiant|0 fnt
|faint|p2a: Iron Valiant
|-end|p2a: Iron Valiant|Quark Drive|[silent]
|
|upkeep
|
|t:|1779713441
|switch|p2a: Ogerpon|Ogerpon-Wellspring, F|100/100
|turn|4
|
|t:|1779713464
|switch|p1a: Dragonite|Dragonite, M|100/100
|move|p2a: Ogerpon|Ivy Cudgel|p1a: Dragonite|[anim] Ivy Cudgel Water
|-resisted|p1a: Dragonite
|-damage|p1a: Dragonite|87/100
|
|upkeep
|turn|5
|
|t:|1779713475
|switch|p2a: Gholdengo|Gholdengo|100/100
|-item|p2a: Gholdengo|Air Balloon
|move|p1a: Dragonite|Dragon Dance|p1a: Dragonite
|-boost|p1a: Dragonite|atk|1
|-boost|p1a: Dragonite|spe|1
|
|upkeep
|turn|6
|
|t:|1779713488
|switch|p1a: Primarina|Primarina, F|41/100
|move|p2a: Gholdengo|Thunder Wave|p1a: Primarina
|-status|p1a: Primarina|par
|
|upkeep
|turn|7
|
|t:|1779713495
|move|p2a: Gholdengo|Hex|p1a: Primarina
|-damage|p1a: Primarina|10/100 par
|move|p1a: Primarina|Flip Turn|p2a: Gholdengo
|-damage|p2a: Gholdengo|85/100
|-enditem|p2a: Gholdengo|Air Balloon
|inactive|blah0blah1blah2 has 120 seconds left.
|
|t:|1779713521
|switch|p1a: Iron Treads|Iron Treads|100/100|[from] Flip Turn
|
|upkeep
|turn|8
|
|t:|1779713534
|switch|p2a: Ogerpon|Ogerpon-Wellspring, F|100/100
|move|p1a: Iron Treads|Earthquake|p2a: Ogerpon
|-resisted|p2a: Ogerpon
|-damage|p2a: Ogerpon|78/100
|
|upkeep
|turn|9
|
|t:|1779713541
|switch|p2a: Garchomp|Garchomp, M|100/100
|-end|p1a: Iron Treads|Quark Drive|[silent]
|switch|p1a: Primarina|Primarina, F|10/100 par
|
|upkeep
|turn|10
|
|t:|1779713544
|move|p2a: Garchomp|Earthquake|p1a: Primarina
|-damage|p1a: Primarina|0 fnt
|faint|p1a: Primarina
|
|upkeep
|
|t:|1779713549
|switch|p1a: Regidrago|Regidrago|100/100
|turn|11
|
|t:|1779713556
|-terastallize|p1a: Regidrago|Dragon
|move|p1a: Regidrago|Dragon Energy|p2a: Garchomp
|-supereffective|p2a: Garchomp
|-damage|p2a: Garchomp|0 fnt
|faint|p2a: Garchomp
|
|upkeep
|
|t:|1779713559
|switch|p2a: Gholdengo|Gholdengo|85/100
|turn|12
|
|t:|1779713572
|switch|p1a: Dragonite|Dragonite, M|87/100
|move|p2a: Gholdengo|Hex|p1a: Dragonite
|-damage|p1a: Dragonite|56/100
|
|upkeep
|turn|13
|
|t:|1779713580
|move|p1a: Dragonite|Earthquake|p2a: Gholdengo
|-supereffective|p2a: Gholdengo
|-damage|p2a: Gholdengo|26/100
|move|p2a: Gholdengo|Thunder Wave|p1a: Dragonite
|-status|p1a: Dragonite|par
|
|upkeep
|turn|14
|
|t:|1779713590
|switch|p1a: Iron Treads|Iron Treads|100/100
|move|p2a: Gholdengo|Recover|p2a: Gholdengo
|-heal|p2a: Gholdengo|76/100
|
|upkeep
|turn|15
|
|t:|1779713596
|switch|p2a: Iron Treads|Iron Treads|100/100
|move|p1a: Iron Treads|Earthquake|p2a: Iron Treads
|-supereffective|p2a: Iron Treads
|-damage|p2a: Iron Treads|40/100
|
|-heal|p2a: Iron Treads|46/100|[from] item: Leftovers
|upkeep
|turn|16
|
|t:|1779713603
|move|p1a: Iron Treads|Earthquake|p2a: Iron Treads
|-supereffective|p2a: Iron Treads
|-damage|p2a: Iron Treads|0 fnt
|faint|p2a: Iron Treads
|-end|p2a: Iron Treads|Quark Drive|[silent]
|
|upkeep
|
|t:|1779713610
|switch|p2a: Ogerpon|Ogerpon-Wellspring, F|78/100
|turn|17
|
|t:|1779713616
|move|p2a: Ogerpon|Swords Dance|p2a: Ogerpon
|-boost|p2a: Ogerpon|atk|2
|move|p1a: Iron Treads|Stealth Rock|p2a: Ogerpon
|-sidestart|p2: dranzerzx|move: Stealth Rock
|
|upkeep
|turn|18
|
|t:|1779713623
|move|p2a: Ogerpon|Trailblaze|p1a: Iron Treads
|-damage|p1a: Iron Treads|62/100
|-boost|p2a: Ogerpon|spe|1
|-damage|p2a: Ogerpon|62/100|[from] item: Rocky Helmet|[of] p1a: Iron Treads
|move|p1a: Iron Treads|Earthquake|p2a: Ogerpon
|-resisted|p2a: Ogerpon
|-damage|p2a: Ogerpon|41/100
|
|upkeep
|turn|19
|
|t:|1779713633
|move|p2a: Ogerpon|Trailblaze|p1a: Iron Treads
|-damage|p1a: Iron Treads|24/100
|-boost|p2a: Ogerpon|spe|1
|-damage|p2a: Ogerpon|24/100|[from] item: Rocky Helmet|[of] p1a: Iron Treads
|move|p1a: Iron Treads|Earthquake|p2a: Ogerpon
|-resisted|p2a: Ogerpon
|-damage|p2a: Ogerpon|3/100
|
|upkeep
|turn|20
|
|t:|1779713637
|move|p2a: Ogerpon|Trailblaze|p1a: Iron Treads
|-damage|p1a: Iron Treads|0 fnt
|-boost|p2a: Ogerpon|spe|1
|-damage|p2a: Ogerpon|0 fnt|[from] item: Rocky Helmet|[of] p1a: Iron Treads
|faint|p1a: Iron Treads
|-end|p1a: Iron Treads|Quark Drive|[silent]
|faint|p2a: Ogerpon
|
|upkeep
|
|t:|1779713649
|switch|p2a: Gholdengo|Gholdengo|76/100
|switch|p1a: Azelf|Azelf|100/100
|-damage|p2a: Gholdengo|70/100|[from] Stealth Rock
|turn|21
|
|t:|1779713660
|move|p1a: Azelf|Trick|p2a: Gholdengo
|-immune|p2a: Gholdengo|[from] ability: Good as Gold
|move|p2a: Gholdengo|Hex|p1a: Azelf
|-supereffective|p1a: Azelf
|-damage|p1a: Azelf|14/100
|
|upkeep
|turn|22
|
|t:|1779713666
|move|p1a: Azelf|Psychic|p2a: Gholdengo
|-resisted|p2a: Gholdengo
|-damage|p2a: Gholdengo|48/100
|move|p2a: Gholdengo|Hex|p1a: Azelf
|-supereffective|p1a: Azelf
|-damage|p1a: Azelf|0 fnt
|faint|p1a: Azelf
|
|upkeep
|
|t:|1779713669
|switch|p1a: Regieleki|Regieleki|100/100
|turn|23
|
|t:|1779713672
|move|p1a: Regieleki|Thunderbolt|p2a: Gholdengo
|-damage|p2a: Gholdengo|0 fnt
|faint|p2a: Gholdengo
|-damage|p1a: Regieleki|91/100|[from] item: Life Orb
|
|upkeep
|
|t:|1779713675
|switch|p2a: Darkrai|Darkrai|100/100
|turn|24
|
|t:|1779713680
|move|p1a: Regieleki|Light Screen|p1a: Regieleki
|-sidestart|p1: blah0blah1blah2|move: Light Screen
|move|p2a: Darkrai|Dark Pulse|p1a: Regieleki
|-damage|p1a: Regieleki|46/100
|
|upkeep
|turn|25
|
|t:|1779713684
|move|p1a: Regieleki|Thunderbolt|p2a: Darkrai
|-damage|p2a: Darkrai|0 fnt
|faint|p2a: Darkrai
|-damage|p1a: Regieleki|36/100|[from] item: Life Orb
|
|win|blah0blah1blah2
|raw|blah0blah1blah2's rating: 1403 &rarr; <strong>1424</strong><br />(+21 for winning)
|raw|dranzerzx's rating: 1425 &rarr; <strong>1404</strong><br />(-21 for losing)
|l|☆dranzerzx
|player|p2|
|l|☆blah0blah1blah2
|player|p1|
