|j|☆DAVID-JD0
|j|☆npctypebeat
|t:|1779656911
|gametype|singles
|player|p1|DAVID-JD0|palmer|1102
|player|p2|npctypebeat|101|1138
|gen|9
|tier|[Gen 9] OU
|rated|
|rule|HP Percentage Mod: HP is shown in percentages
|rule|Endless Battle Clause: Forcing endless battles is banned
|rule|Species Clause: Limit one of each Pokémon
|rule|OHKO Clause: OHKO moves are banned
|rule|Evasion Items Clause: Evasion items are banned
|rule|Evasion Moves Clause: Evasion moves are banned
|rule|Evasion Abilities Clause: Evasion abilities are banned
|rule|Sleep Moves Clause: Sleep-inducing moves are banned
|clearpoke
|poke|p1|Hydreigon, M|
|poke|p1|Clodsire, M|
|poke|p1|Espeon, F|
|poke|p1|Corviknight, M|
|poke|p1|Blaziken, M|
|poke|p1|Dragonite, M|
|poke|p2|Gliscor, F|
|poke|p2|Ogerpon, F|
|poke|p2|Walking Wake|
|poke|p2|Blissey, F|
|poke|p2|Corviknight, F|
|poke|p2|Pecharunt|
|teampreview
|c|☆npctypebeat|hf
|inactive|Battle timer is ON: inactive players will automatically lose when time's up. (requested by DAVID-JD0)
|
|t:|1779656921
|teamsize|p1|6
|teamsize|p2|6
|start
|switch|p1a: Blaziken|Blaziken, M|100/100
|switch|p2a: Gliscor|Gliscor, F|100/100
|turn|1
|inactive|npctypebeat also wants the timer to be on.
|
|t:|1779656931
|move|p1a: Blaziken|Protect|p1a: Blaziken
|-singleturn|p1a: Blaziken|Protect
|move|p2a: Gliscor|Spikes|p1a: Blaziken
|-sidestart|p1: DAVID-JD0|Spikes
|
|-ability|p1a: Blaziken|Speed Boost|boost
|-boost|p1a: Blaziken|spe|1
|-status|p2a: Gliscor|tox|[from] item: Toxic Orb
|upkeep
|turn|2
|
|t:|1779656939
|switch|p1a: Hydreigon|Hydreigon, M|100/100
|move|p2a: Gliscor|Earthquake|p1a: Hydreigon
|-immune|p1a: Hydreigon|[from] ability: Levitate
|
|upkeep
|turn|3
|
|t:|1779656945
|move|p1a: Hydreigon|Nasty Plot|p1a: Hydreigon
|-boost|p1a: Hydreigon|spa|2
|move|p2a: Gliscor|Toxic|p1a: Hydreigon
|-status|p1a: Hydreigon|tox
|
|-damage|p1a: Hydreigon|94/100 tox|[from] psn
|upkeep
|turn|4
|
|t:|1779656951
|move|p1a: Hydreigon|Dark Pulse|p2a: Gliscor
|-damage|p2a: Gliscor|32/100 tox
|move|p2a: Gliscor|Earthquake|p1a: Hydreigon
|-immune|p1a: Hydreigon|[from] ability: Levitate
|
|-damage|p1a: Hydreigon|82/100 tox|[from] psn
|-heal|p2a: Gliscor|45/100 tox|[from] ability: Poison Heal
|upkeep
|turn|5
|
|t:|1779656958
|switch|p2a: Blissey|Blissey, F|100/100
|move|p1a: Hydreigon|Nasty Plot|p1a: Hydreigon
|-boost|p1a: Hydreigon|spa|2
|
|-damage|p1a: Hydreigon|64/100 tox|[from] psn
|upkeep
|turn|6
|
|t:|1779656962
|move|p1a: Hydreigon|Dragon Pulse|p2a: Blissey
|-damage|p2a: Blissey|60/100
|move|p2a: Blissey|Seismic Toss|p1a: Hydreigon
|-damage|p1a: Hydreigon|33/100 tox
|
|-damage|p1a: Hydreigon|8/100 tox|[from] psn
|upkeep
|turn|7
|
|t:|1779656970
|move|p1a: Hydreigon|Dark Pulse|p2a: Blissey
|-damage|p2a: Blissey|23/100
|move|p2a: Blissey|Seismic Toss|p1a: Hydreigon
|-damage|p1a: Hydreigon|0 fnt
|faint|p1a: Hydreigon
|
|upkeep
|
|t:|1779656979
|switch|p1a: Dragonite|Dragonite, M|100/100
|turn|8
|
|t:|1779656984
|move|p1a: Dragonite|Dragon Dance|p1a: Dragonite
|-boost|p1a: Dragonite|atk|1
|-boost|p1a: Dragonite|spe|1
|move|p2a: Blissey|Soft-Boiled|p2a: Blissey
|-heal|p2a: Blissey|73/100
|
|upkeep
|turn|9
|
|t:|1779656989
|move|p1a: Dragonite|Dragon Dance|p1a: Dragonite
|-boost|p1a: Dragonite|atk|1
|-boost|p1a: Dragonite|spe|1
|move|p2a: Blissey|Seismic Toss|p1a: Dragonite
|-damage|p1a: Dragonite|70/100
|
|upkeep
|turn|10
|
|t:|1779657001
|move|p1a: Dragonite|Dragon Claw|p2a: Blissey
|-damage|p2a: Blissey|0 fnt
|faint|p2a: Blissey
|
|upkeep
|
|t:|1779657005
|switch|p2a: Pecharunt|Pecharunt|100/100
|turn|11
|
|t:|1779657011
|move|p1a: Dragonite|Dragon Claw|p2a: Pecharunt
|-damage|p2a: Pecharunt|56/100
|move|p2a: Pecharunt|Foul Play|p1a: Dragonite
|-damage|p1a: Dragonite|0 fnt
|faint|p1a: Dragonite
|
|upkeep
|
|t:|1779657024
|switch|p1a: Clodsire|Clodsire, M|100/100
|-damage|p1a: Clodsire|88/100|[from] Spikes
|turn|12
|
|t:|1779657028
|switch|p2a: Gliscor|Gliscor, F|45/100 tox
|move|p1a: Clodsire|Earthquake|p2a: Gliscor
|-immune|p2a: Gliscor
|
|-heal|p1a: Clodsire|94/100|[from] item: Leftovers
|-heal|p2a: Gliscor|57/100 tox|[from] ability: Poison Heal
|upkeep
|turn|13
|-message|DAVID-JD0 forfeited.
|
|win|npctypebeat
|raw|DAVID-JD0's rating: 1102 &rarr; <strong>1081</strong><br />(-21 for losing)
|raw|npctypebeat's rating: 1161 &rarr; <strong>1182</strong><br />(+21 for winning)
|l|☆DAVID-JD0
|player|p1|
|c|☆npctypebeat|gg
