|j|☆Bluedabo VGC
|j|☆the hatefull 6
|t:|1779627931
|gametype|singles
|player|p1|Bluedabo VGC|preschooler|1151
|player|p2|the hatefull 6|gentleman|1153
|gen|9
|tier|[Gen 9] OU
|rated|
|rule|HP Percentage Mod: HP is shown in percentages
|rule|Endless Battle Clause: Forcing endless battles is banned
|rule|Species Clause: Limit one of each Pokémon
|rule|OHKO Clause: OHKO moves are banned
|rule|Evasion Items Clause: Evasion items are banned
|rule|Evasion Moves Clause: Evasion moves are banned
|rule|Evasion Abilities Clause: Evasion abilities are banned
|rule|Sleep Moves Clause: Sleep-inducing moves are banned
|clearpoke
|poke|p1|Alomomola, F|
|poke|p1|Chandelure, M|
|poke|p1|Weezing-Galar, F|
|poke|p1|Torterra, M|
|poke|p1|Iron Treads|
|poke|p1|Dragonite, F|
|poke|p2|Salazzle, F|
|poke|p2|Lokix, F|
|poke|p2|Mimikyu, M|
|poke|p2|Toxtricity, M|
|poke|p2|Inteleon, F|
|poke|p2|Vileplume, F|
|teampreview
|
|t:|1779627938
|teamsize|p1|6
|teamsize|p2|6
|start
|switch|p1a: Weezing|Weezing-Galar, F|100/100
|switch|p2a: Toxtricity|Toxtricity, M|100/100
|-ability|p1a: Weezing|Neutralizing Gas
|turn|1
|
|t:|1779627951
|move|p2a: Toxtricity|Overdrive|p1a: Weezing
|-damage|p1a: Weezing|22/100
|move|p1a: Weezing|Will-O-Wisp|p2a: Toxtricity|[miss]
|-miss|p1a: Weezing|p2a: Toxtricity
|
|upkeep
|turn|2
|
|t:|1779627960
|-end|p1a: Weezing|ability: Neutralizing Gas
|switch|p1a: Torterra|Torterra, M|100/100
|move|p2a: Toxtricity|Overdrive|p1a: Torterra
|-immune|p1a: Torterra
|
|upkeep
|turn|3
|
|t:|1779627969
|switch|p2a: Vileplume|Vileplume, F|100/100
|move|p1a: Torterra|Earthquake|p2a: Vileplume
|-damage|p2a: Vileplume|51/100
|
|-heal|p2a: Vileplume|58/100|[from] item: Leftovers
|upkeep
|turn|4
|
|t:|1779627977
|move|p1a: Torterra|Shell Smash|p1a: Torterra
|-unboost|p1a: Torterra|def|1
|-unboost|p1a: Torterra|spd|1
|-boost|p1a: Torterra|atk|2
|-boost|p1a: Torterra|spa|2
|-boost|p1a: Torterra|spe|2
|move|p2a: Vileplume|Strength Sap|p1a: Torterra
|-unboost|p1a: Torterra|atk|1
|-heal|p2a: Vileplume|100/100
|
|upkeep
|turn|5
|
|t:|1779627988
|move|p1a: Torterra|Earthquake|p2a: Vileplume
|-damage|p2a: Vileplume|28/100
|move|p2a: Vileplume|Energy Ball|p1a: Torterra
|-damage|p1a: Torterra|39/100
|
|-heal|p2a: Vileplume|34/100|[from] item: Leftovers
|upkeep
|turn|6
|
|t:|1779627997
|move|p1a: Torterra|Earthquake|p2a: Vileplume
|-damage|p2a: Vileplume|0 fnt
|faint|p2a: Vileplume
|
|upkeep
|
|t:|1779628002
|switch|p2a: Mimikyu|Mimikyu, M|100/100
|turn|7
|
|t:|1779628010
|move|p1a: Torterra|Earthquake|p2a: Mimikyu
|-activate|p2a: Mimikyu|ability: Disguise
|-damage|p2a: Mimikyu|100/100
|detailschange|p2a: Mimikyu|Mimikyu-Busted, M
|-damage|p2a: Mimikyu|88/100|[from] pokemon: Mimikyu-Busted
|move|p2a: Mimikyu|Play Rough|p1a: Torterra
|-damage|p1a: Torterra|0 fnt
|faint|p1a: Torterra
|-damage|p2a: Mimikyu|78/100|[from] item: Life Orb
|
|upkeep
|
|t:|1779628018
|switch|p1a: Alomomola|Alomomola, F|100/100
|turn|8
|
|t:|1779628030
|move|p1a: Alomomola|Aqua Jet|p2a: Mimikyu
|-damage|p2a: Mimikyu|52/100
|move|p2a: Mimikyu|Swords Dance|p2a: Mimikyu
|-boost|p2a: Mimikyu|atk|2
|
|upkeep
|turn|9
|
|t:|1779628038
|move|p1a: Alomomola|Aqua Jet|p2a: Mimikyu
|-damage|p2a: Mimikyu|25/100
|move|p2a: Mimikyu|Swords Dance|p2a: Mimikyu
|-boost|p2a: Mimikyu|atk|2
|
|upkeep
|turn|10
|
|t:|1779628046
|move|p1a: Alomomola|Aqua Jet|p2a: Mimikyu
|-crit|p2a: Mimikyu
|-damage|p2a: Mimikyu|0 fnt
|faint|p2a: Mimikyu
|
|upkeep
|
|t:|1779628053
|switch|p2a: Toxtricity|Toxtricity, M|100/100
|turn|11
|
|t:|1779628057
|-terastallize|p2a: Toxtricity|Normal
|move|p2a: Toxtricity|Boomburst|p1a: Alomomola
|-damage|p1a: Alomomola|0 fnt
|faint|p1a: Alomomola
|
|upkeep
|
|t:|1779628064
|switch|p1a: Iron Treads|Iron Treads|100/100
|-enditem|p1a: Iron Treads|Booster Energy
|-activate|p1a: Iron Treads|ability: Quark Drive|[fromitem]
|-start|p1a: Iron Treads|quarkdrivespe
|turn|12
|
|t:|1779628072
|switch|p2a: Inteleon|Inteleon, F|100/100
|-terastallize|p1a: Iron Treads|Ghost
|move|p1a: Iron Treads|Ice Spinner|p2a: Inteleon
|-resisted|p2a: Inteleon
|-damage|p2a: Inteleon|79/100
|
|upkeep
|turn|13
|
|t:|1779628084
|move|p1a: Iron Treads|Stealth Rock|p2a: Inteleon
|-sidestart|p2: the hatefull 6|move: Stealth Rock
|move|p2a: Inteleon|Snipe Shot|p1a: Iron Treads
|-damage|p1a: Iron Treads|19/100
|
|upkeep
|turn|14
|
|t:|1779628090
|move|p1a: Iron Treads|High Horsepower|p2a: Inteleon
|-damage|p2a: Inteleon|0 fnt
|faint|p2a: Inteleon
|
|upkeep
|
|t:|1779628101
|switch|p2a: Lokix|Lokix, F|100/100
|-damage|p2a: Lokix|76/100|[from] Stealth Rock
|turn|15
|
|t:|1779628106
|move|p2a: Lokix|First Impression|p1a: Iron Treads
|-resisted|p1a: Iron Treads
|-damage|p1a: Iron Treads|0 fnt
|faint|p1a: Iron Treads
|-end|p1a: Iron Treads|Quark Drive|[silent]
|-damage|p2a: Lokix|66/100|[from] item: Life Orb
|
|upkeep
|
|t:|1779628110
|switch|p1a: Dragonite|Dragonite, F|100/100
|turn|16
|
|t:|1779628126
|move|p2a: Lokix|Knock Off|p1a: Dragonite
|-damage|p1a: Dragonite|63/100
|-enditem|p1a: Dragonite|Loaded Dice|[from] move: Knock Off|[of] p2a: Lokix
|-damage|p2a: Lokix|56/100|[from] item: Life Orb
|move|p1a: Dragonite|Dragon Dance|p1a: Dragonite
|-boost|p1a: Dragonite|atk|1
|-boost|p1a: Dragonite|spe|1
|
|upkeep
|turn|17
|
|t:|1779628134
|move|p2a: Lokix|Sucker Punch|p1a: Dragonite
|-damage|p1a: Dragonite|12/100
|-damage|p2a: Lokix|46/100|[from] item: Life Orb
|move|p1a: Dragonite|Scale Shot|p2a: Lokix
|-damage|p2a: Lokix|14/100
|-damage|p2a: Lokix|0 fnt
|faint|p2a: Lokix
|-hitcount|p2: Lokix|2
|-unboost|p1a: Dragonite|def|1
|-boost|p1a: Dragonite|spe|1
|
|upkeep
|
|t:|1779628147
|switch|p2a: Toxtricity|Toxtricity, M, tera:Normal|100/100
|-damage|p2a: Toxtricity|88/100|[from] Stealth Rock
|turn|18
|
|t:|1779628153
|move|p1a: Dragonite|Scale Shot|p2a: Toxtricity|[miss]
|-miss|p1a: Dragonite|p2a: Toxtricity
|move|p2a: Toxtricity|Boomburst|p1a: Dragonite
|-damage|p1a: Dragonite|0 fnt
|faint|p1a: Dragonite
|
|upkeep
|
|t:|1779628159
|switch|p1a: Chandelure|Chandelure, M|100/100
|turn|19
|
|t:|1779628164
|switch|p2a: Salazzle|Salazzle, F|100/100
|move|p1a: Chandelure|Flamethrower|p2a: Salazzle
|-resisted|p2a: Salazzle
|-damage|p2a: Salazzle|54/100
|
|upkeep
|turn|20
|
|t:|1779628172
|switch|p1a: Weezing|Weezing-Galar, F|22/100
|-ability|p1a: Weezing|Neutralizing Gas
|move|p2a: Salazzle|Toxic|p1a: Weezing
|-immune|p1a: Weezing
|
|upkeep
|turn|21
|
|t:|1779628185
|move|p2a: Salazzle|Sludge Wave|p1a: Weezing
|-damage|p1a: Weezing|0 fnt
|faint|p1a: Weezing
|-end|p1a: Weezing|ability: Neutralizing Gas
|
|upkeep
|
|t:|1779628188
|switch|p1a: Chandelure|Chandelure, M|100/100
|turn|22
|
|t:|1779628192
|move|p1a: Chandelure|Shadow Ball|p2a: Salazzle
|-damage|p2a: Salazzle|0 fnt
|faint|p2a: Salazzle
|
|upkeep
|
|t:|1779628197
|switch|p2a: Toxtricity|Toxtricity, M, tera:Normal|88/100
|-damage|p2a: Toxtricity|76/100|[from] Stealth Rock
|turn|23
|
|t:|1779628203
|move|p1a: Chandelure|Shadow Ball|p2a: Toxtricity
|-immune|p2a: Toxtricity
|move|p2a: Toxtricity|Overdrive|p1a: Chandelure
|-damage|p1a: Chandelure|0 fnt
|faint|p1a: Chandelure
|
|win|the hatefull 6
|raw|Bluedabo VGC's rating: 1151 &rarr; <strong>1126</strong><br />(-25 for losing)
|raw|the hatefull 6's rating: 1153 &rarr; <strong>1178</strong><br />(+25 for winning)
|c|☆Bluedabo VGC|GG wp
|c|☆the hatefull 6|Gg
|l|☆Bluedabo VGC
|player|p1|
|l|☆the hatefull 6
|player|p2|
|j|☆the hatefull 6
|player|p2|the hatefull 6|gentleman|
|l|☆the hatefull 6
|player|p2|
