|j|☆PokemonTrainerLYT
|j|☆darretyle
|t:|1779696380
|gametype|singles
|player|p1|PokemonTrainerLYT|170|1443
|player|p2|darretyle|bugcatcher-gen4dp|1556
|gen|9
|tier|[Gen 9] OU
|rated|
|rule|HP Percentage Mod: HP is shown in percentages
|rule|Endless Battle Clause: Forcing endless battles is banned
|rule|Species Clause: Limit one of each Pokémon
|rule|OHKO Clause: OHKO moves are banned
|rule|Evasion Items Clause: Evasion items are banned
|rule|Evasion Moves Clause: Evasion moves are banned
|rule|Evasion Abilities Clause: Evasion abilities are banned
|rule|Sleep Moves Clause: Sleep-inducing moves are banned
|clearpoke
|poke|p1|Pelipper, F|
|poke|p1|Basculegion, M|
|poke|p1|Kingdra, F|
|poke|p1|Raging Bolt|
|poke|p1|Iron Treads|
|poke|p1|Kingambit, F|
|poke|p2|Zamazenta-*|
|poke|p2|Darkrai|
|poke|p2|Ting-Lu|
|poke|p2|Goodra-Hisui, F|
|poke|p2|Skeledirge, M|
|poke|p2|Corviknight, M|
|teampreview
|
|t:|1779696391
|teamsize|p1|6
|teamsize|p2|6
|start
|switch|p1a: Pelipper|Pelipper, F, shiny|100/100
|switch|p2a: Goodra|Goodra-Hisui, F|100/100
|-weather|RainDance|[from] ability: Drizzle|[of] p1a: Pelipper
|turn|1
|
|t:|1779696393
|move|p2a: Goodra|Draco Meteor|p1a: Pelipper
|-damage|p1a: Pelipper|0 fnt
|-unboost|p2a: Goodra|spa|2
|faint|p1a: Pelipper
|
|-weather|RainDance|[upkeep]
|upkeep
|
|t:|1779696406
|switch|p1a: Basculegion|Basculegion, M, shiny|100/100
|turn|2
|
|t:|1779696431
|switch|p2a: Corviknight|Corviknight, M|100/100
|move|p1a: Basculegion|Wave Crash|p2a: Corviknight
|-damage|p2a: Corviknight|14/100
|-damage|p1a: Basculegion|84/100|[from] item: Rocky Helmet|[of] p2a: Corviknight
|-damage|p1a: Basculegion|54/100|[from] Recoil
|
|-weather|RainDance|[upkeep]
|upkeep
|turn|3
|
|t:|1779696437
|move|p1a: Basculegion|Wave Crash|p2a: Corviknight
|-damage|p2a: Corviknight|0 fnt
|-damage|p1a: Basculegion|38/100|[from] item: Rocky Helmet|[of] p2a: Corviknight
|faint|p2a: Corviknight
|-damage|p1a: Basculegion|33/100|[from] Recoil
|
|-weather|RainDance|[upkeep]
|upkeep
|
|t:|1779696440
|switch|p2a: Darkrai|Darkrai|100/100
|turn|4
|
|t:|1779696442
|move|p2a: Darkrai|Sucker Punch|p1a: Basculegion
|-supereffective|p1a: Basculegion
|-damage|p1a: Basculegion|0 fnt
|faint|p1a: Basculegion
|
|-weather|RainDance|[upkeep]
|upkeep
|
|t:|1779696446
|switch|p1a: Kingambit|Kingambit, F, shiny|100/100
|-activate|p1a: Kingambit|ability: Supreme Overlord
|-start|p1a: Kingambit|fallen2|[silent]
|turn|5
|
|t:|1779696449
|move|p2a: Darkrai|Swords Dance|p2a: Darkrai
|-boost|p2a: Darkrai|atk|2
|move|p1a: Kingambit|Low Kick|p2a: Darkrai
|-supereffective|p2a: Darkrai
|-damage|p2a: Darkrai|0 fnt
|faint|p2a: Darkrai
|
|-weather|RainDance|[upkeep]
|upkeep
|
|t:|1779696454
|switch|p2a: Zamazenta|Zamazenta|100/100
|-ability|p2a: Zamazenta|Dauntless Shield|boost
|-boost|p2a: Zamazenta|def|1
|turn|6
|
|t:|1779696460
|-end|p1a: Kingambit|fallen2|[silent]
|switch|p1a: Kingdra|Kingdra, F, shiny|100/100
|move|p2a: Zamazenta|Close Combat|p1a: Kingdra
|-damage|p1a: Kingdra|0 fnt
|-unboost|p2a: Zamazenta|def|1
|-unboost|p2a: Zamazenta|spd|1
|faint|p1a: Kingdra
|
|-weather|RainDance|[upkeep]
|upkeep
|
|t:|1779696465
|switch|p1a: Raging Bolt|Raging Bolt|100/100
|turn|7
|
|t:|1779696479
|switch|p2a: Ting-Lu|Ting-Lu|100/100
|-ability|p2a: Ting-Lu|Vessel of Ruin
|move|p1a: Raging Bolt|Weather Ball|p2a: Ting-Lu
|-supereffective|p2a: Ting-Lu
|-damage|p2a: Ting-Lu|63/100
|
|-weather|RainDance|[upkeep]
|upkeep
|turn|8
|
|t:|1779696490
|switch|p2a: Goodra|Goodra-Hisui, F|100/100
|-terastallize|p1a: Raging Bolt|Bug
|move|p1a: Raging Bolt|Weather Ball|p2a: Goodra
|-resisted|p2a: Goodra
|-damage|p2a: Goodra|79/100
|
|-weather|none
|upkeep
|turn|9
|
|t:|1779696494
|move|p1a: Raging Bolt|Draco Meteor|p2a: Goodra
|-damage|p2a: Goodra|31/100
|-unboost|p1a: Raging Bolt|spa|2
|move|p2a: Goodra|Fire Blast|p1a: Raging Bolt
|-supereffective|p1a: Raging Bolt
|-damage|p1a: Raging Bolt|30/100
|
|upkeep
|turn|10
|
|t:|1779696499
|-end|p1a: Raging Bolt|Protosynthesis|[silent]
|switch|p1a: Kingambit|Kingambit, F, shiny|100/100
|-activate|p1a: Kingambit|ability: Supreme Overlord
|-start|p1a: Kingambit|fallen3|[silent]
|move|p2a: Goodra|Fire Blast|p1a: Kingambit
|-supereffective|p1a: Kingambit
|-damage|p1a: Kingambit|0 fnt
|faint|p1a: Kingambit
|-end|p1a: Kingambit|fallen3|[silent]
|
|upkeep
|
|t:|1779696506
|switch|p1a: Iron Treads|Iron Treads, shiny|100/100
|turn|11
|
|t:|1779696510
|switch|p2a: Zamazenta|Zamazenta|100/100
|move|p1a: Iron Treads|Knock Off|p2a: Zamazenta
|-resisted|p2a: Zamazenta
|-damage|p2a: Zamazenta|90/100
|-enditem|p2a: Zamazenta|Choice Band|[from] move: Knock Off|[of] p1a: Iron Treads
|
|upkeep
|turn|12
|
|t:|1779696525
|-end|p1a: Iron Treads|Quark Drive|[silent]
|switch|p1a: Raging Bolt|Raging Bolt, tera:Bug|30/100
|move|p2a: Zamazenta|Close Combat|p1a: Raging Bolt
|-resisted|p1a: Raging Bolt
|-damage|p1a: Raging Bolt|0 fnt
|-unboost|p2a: Zamazenta|def|1
|-unboost|p2a: Zamazenta|spd|1
|faint|p1a: Raging Bolt
|-end|p1a: Raging Bolt|Protosynthesis|[silent]
|
|upkeep
|
|t:|1779696527
|switch|p1a: Iron Treads|Iron Treads, shiny|100/100
|turn|13
|-message|PokemonTrainerLYT forfeited.
|
|win|darretyle
|raw|PokemonTrainerLYT's rating: 1443 &rarr; <strong>1429</strong><br />(-14 for losing)
|raw|darretyle's rating: 1556 &rarr; <strong>1570</strong><br />(+14 for winning)
|l|☆PokemonTrainerLYT
|player|p1|
|l|☆darretyle
|player|p2|
