|j|☆barrman1313
|j|☆fallentitansss
|t:|1779581662
|gametype|singles
|player|p1|barrman1313|janitor|1312
|player|p2|fallentitansss|102|1329
|gen|9
|tier|[Gen 9] OU
|rated|
|rule|HP Percentage Mod: HP is shown in percentages
|rule|Endless Battle Clause: Forcing endless battles is banned
|rule|Species Clause: Limit one of each Pokémon
|rule|OHKO Clause: OHKO moves are banned
|rule|Evasion Items Clause: Evasion items are banned
|rule|Evasion Moves Clause: Evasion moves are banned
|rule|Evasion Abilities Clause: Evasion abilities are banned
|rule|Sleep Moves Clause: Sleep-inducing moves are banned
|clearpoke
|poke|p1|Hatterene, F|
|poke|p1|Pelipper, F|
|poke|p1|Hariyama, M|
|poke|p1|Cresselia, F|
|poke|p1|Ursaluna, F|
|poke|p1|Porygon2|
|poke|p2|Gholdengo|
|poke|p2|Hoopa-Unbound|
|poke|p2|Corviknight, F|
|poke|p2|Garchomp, F|
|poke|p2|Darkrai|
|poke|p2|Weezing, M|
|teampreview
|
|t:|1779581682
|teamsize|p1|6
|teamsize|p2|6
|start
|switch|p1a: Porygon2|Porygon2|100/100
|switch|p2a: Weezing|Weezing, M|100/100
|-ability|p2a: Weezing|Neutralizing Gas
|-item|p2a: Weezing|Air Balloon
|turn|1
|
|t:|1779581689
|move|p2a: Weezing|Toxic|p1a: Porygon2
|-status|p1a: Porygon2|tox
|move|p1a: Porygon2|Trick Room|p1a: Porygon2
|-fieldstart|move: Trick Room|[of] p1a: Porygon2
|
|-damage|p1a: Porygon2|94/100 tox|[from] psn
|upkeep
|turn|2
|
|t:|1779581710
|switch|p1a: Pelipper|Pelipper, F|100/100
|-end|p2a: Weezing|ability: Neutralizing Gas
|-weather|RainDance|[from] ability: Drizzle|[of] p1a: Pelipper
|switch|p2a: Hoopa|Hoopa-Unbound|100/100
|
|-weather|RainDance|[upkeep]
|upkeep
|turn|3
|
|t:|1779581714
|-terastallize|p1a: Pelipper|Water
|move|p1a: Pelipper|Weather Ball|p2a: Hoopa
|-damage|p2a: Hoopa|37/100
|move|p2a: Hoopa|Future Sight|p1a: Pelipper
|-start|p2a: Hoopa|move: Future Sight
|
|-weather|RainDance|[upkeep]
|upkeep
|turn|4
|c|☆fallentitansss|tera
|c|☆fallentitansss|interesting
|
|t:|1779581749
|move|p1a: Pelipper|Weather Ball|p2a: Hoopa
|-damage|p2a: Hoopa|0 fnt
|faint|p2a: Hoopa
|
|-weather|RainDance|[upkeep]
|upkeep
|
|t:|1779581768
|switch|p2a: Corviknight|Corviknight, F|100/100
|-ability|p2a: Corviknight|Pressure
|turn|5
|
|t:|1779581773
|move|p1a: Pelipper|Weather Ball|p2a: Corviknight
|-damage|p2a: Corviknight|0 fnt
|faint|p2a: Corviknight
|
|-weather|RainDance|[upkeep]
|-end|p1a: Pelipper|move: Future Sight
|-damage|p1a: Pelipper|0 fnt
|faint|p1a: Pelipper
|-fieldend|move: Trick Room
|upkeep
|c|☆fallentitansss|holy shit
|c|☆barrman1313|Really thought it would kill this thing has been nuking things so i had to see
|c|☆barrman1313|Lol
|c|☆barrman1313|Specs
|c|☆fallentitansss|modest?
|c|☆barrman1313|The hoopa i mean
|c|☆barrman1313|And i think so ill check
|c|☆fallentitansss|im av hoppa
|c|☆barrman1313|Ya i figured when it lived lol
|c|☆barrman1313|And its quiet
|c|☆barrman1313|Down in speed for the trick room part
|c|☆fallentitansss|ic
|
|t:|1779581866
|switch|p2a: Darkrai|Darkrai|100/100
|switch|p1a: Porygon2|Porygon2|94/100 tox
|-ability|p1a: Porygon2|Download|boost
|-boost|p1a: Porygon2|atk|1
|turn|6
|
|t:|1779581868
|move|p2a: Darkrai|Focus Blast|p1a: Porygon2
|-supereffective|p1a: Porygon2
|-damage|p1a: Porygon2|19/100 tox
|move|p1a: Porygon2|Trick Room|p1a: Porygon2
|-fieldstart|move: Trick Room|[of] p1a: Porygon2
|
|-weather|none
|-damage|p1a: Porygon2|13/100 tox|[from] psn
|upkeep
|turn|7
|
|t:|1779581882
|switch|p1a: Hariyama|Hariyama, M|100/100
|switch|p2a: Gholdengo|Gholdengo|100/100
|
|upkeep
|turn|8
|
|t:|1779581892
|switch|p2a: Weezing|Weezing, M|100/100
|-ability|p2a: Weezing|Neutralizing Gas
|-item|p2a: Weezing|Air Balloon
|move|p1a: Hariyama|Belly Drum|p1a: Hariyama
|-damage|p1a: Hariyama|50/100
|-setboost|p1a: Hariyama|atk|6|[from] move: Belly Drum
|-enditem|p1a: Hariyama|Sitrus Berry|[eat]
|-heal|p1a: Hariyama|75/100|[from] item: Sitrus Berry
|
|upkeep
|turn|9
|
|t:|1779581905
|-terastallize|p2a: Weezing|Flying
|move|p1a: Hariyama|Knock Off|p2a: Weezing
|-damage|p2a: Weezing|5/100
|-enditem|p2a: Weezing|Air Balloon
|move|p2a: Weezing|Clear Smog|p1a: Hariyama
|-damage|p1a: Hariyama|60/100
|-clearboost|p1a: Hariyama
|
|upkeep
|turn|10
|
|t:|1779581915
|move|p1a: Hariyama|Belly Drum|p1a: Hariyama
|-damage|p1a: Hariyama|10/100
|-setboost|p1a: Hariyama|atk|6|[from] move: Belly Drum
|move|p2a: Weezing|Toxic|p1a: Hariyama
|-status|p1a: Hariyama|tox
|
|-damage|p1a: Hariyama|4/100 tox|[from] psn
|-fieldend|move: Trick Room
|upkeep
|turn|11
|
|t:|1779581926
|switch|p1a: Hatterene|Hatterene, F|100/100
|move|p2a: Weezing|Clear Smog|p1a: Hatterene
|-supereffective|p1a: Hatterene
|-damage|p1a: Hatterene|72/100
|-clearboost|p1a: Hatterene
|
|upkeep
|turn|12
|
|t:|1779581929
|move|p2a: Weezing|Gunk Shot|p1a: Hatterene
|-supereffective|p1a: Hatterene
|-damage|p1a: Hatterene|0 fnt
|faint|p1a: Hatterene
|
|upkeep
|c|☆barrman1313|Damn!
|
|t:|1779581942
|switch|p1a: Cresselia|Cresselia, F|100/100
|turn|13
|
|t:|1779581947
|move|p2a: Weezing|Toxic|p1a: Cresselia|[miss]
|-miss|p2a: Weezing|p1a: Cresselia
|move|p1a: Cresselia|Trick Room|p1a: Cresselia
|-fieldstart|move: Trick Room|[of] p1a: Cresselia
|
|upkeep
|turn|14
|c|☆fallentitansss|90% MISSING
|
|t:|1779581959
|move|p2a: Weezing|Pain Split|p1a: Cresselia
|-sethp|p1a: Cresselia|52/100|[from] move: Pain Split|[silent]
|-sethp|p2a: Weezing|69/100|[from] move: Pain Split
|move|p1a: Cresselia|Lunar Dance|p1a: Cresselia
|faint|p1a: Cresselia
|
|upkeep
|
|t:|1779581972
|switch|p1a: Porygon2|Porygon2|13/100 tox
|-heal|p1a: Porygon2|100/100|[from] move: Lunar Dance
|turn|15
|
|t:|1779581977
|move|p1a: Porygon2|Ice Beam|p2a: Weezing
|-supereffective|p2a: Weezing
|-damage|p2a: Weezing|0 fnt
|faint|p2a: Weezing
|-end|p2a: Weezing|ability: Neutralizing Gas
|
|upkeep
|
|t:|1779581982
|switch|p2a: Gholdengo|Gholdengo|100/100
|turn|16
|
|t:|1779582002
|switch|p1a: Hariyama|Hariyama, M|4/100 tox
|move|p2a: Gholdengo|Nasty Plot|p2a: Gholdengo
|-boost|p2a: Gholdengo|spa|2
|
|-damage|p1a: Hariyama|0 fnt|[from] psn
|faint|p1a: Hariyama
|upkeep
|
|t:|1779582010
|switch|p1a: Ursaluna|Ursaluna, F|100/100
|turn|17
|
|t:|1779582020
|move|p1a: Ursaluna|Headlong Rush|p2a: Gholdengo
|-supereffective|p2a: Gholdengo
|-damage|p2a: Gholdengo|0 fnt
|-unboost|p1a: Ursaluna|def|1
|-unboost|p1a: Ursaluna|spd|1
|faint|p2a: Gholdengo
|
|-fieldend|move: Trick Room
|-status|p1a: Ursaluna|brn|[from] item: Flame Orb
|upkeep
|
|t:|1779582025
|switch|p2a: Darkrai|Darkrai|100/100
|turn|18
|
|t:|1779582034
|switch|p1a: Porygon2|Porygon2|100/100
|-ability|p1a: Porygon2|Download|boost
|-boost|p1a: Porygon2|atk|1
|move|p2a: Darkrai|Dark Pulse|p1a: Porygon2
|-crit|p1a: Porygon2
|-damage|p1a: Porygon2|34/100
|
|upkeep
|turn|19
|c|☆barrman1313|Gg
|c|☆barrman1313|Wp
|c|☆fallentitansss|gg
|
|t:|1779582044
|move|p2a: Darkrai|Dark Pulse|p1a: Porygon2
|-damage|p1a: Porygon2|0 fnt
|faint|p1a: Porygon2
|
|upkeep
|
|t:|1779582049
|switch|p1a: Ursaluna|Ursaluna, F|100/100 brn
|turn|20
|
|t:|1779582051
|move|p2a: Darkrai|Dark Pulse|p1a: Ursaluna
|-damage|p1a: Ursaluna|45/100 brn
|move|p1a: Ursaluna|Facade|p2a: Darkrai
|-damage|p2a: Darkrai|0 fnt
|faint|p2a: Darkrai
|
|-damage|p1a: Ursaluna|39/100 brn|[from] brn
|upkeep
|
|t:|1779582056
|switch|p2a: Garchomp|Garchomp, F|100/100
|turn|21
|c|☆fallentitansss|hm
|
|t:|1779582062
|move|p2a: Garchomp|Earthquake|p1a: Ursaluna
|-damage|p1a: Ursaluna|10/100 brn
|move|p1a: Ursaluna|Facade|p2a: Garchomp
|-damage|p2a: Garchomp|28/100
|-damage|p1a: Ursaluna|0 fnt|[from] ability: Rough Skin|[of] p2a: Garchomp
|faint|p1a: Ursaluna
|
|win|fallentitansss
|raw|barrman1313's rating: 1312 &rarr; <strong>1293</strong><br />(-19 for losing)
|raw|fallentitansss's rating: 1329 &rarr; <strong>1348</strong><br />(+19 for winning)
|l|☆fallentitansss
|player|p2|
|c|☆barrman1313|Thats crazy
|l|☆barrman1313
|player|p1|
