|j|☆pa!nfully_0rd1n4ry
|j|‽aaagislash
|t:|1779631078
|gametype|singles
|player|p1|pa!nfully_0rd1n4ry|ethan|1494
|player|p2|aaagislash|102|1457
|gen|9
|tier|[Gen 9] OU
|rated|
|rule|HP Percentage Mod: HP is shown in percentages
|rule|Endless Battle Clause: Forcing endless battles is banned
|rule|Species Clause: Limit one of each Pokémon
|rule|OHKO Clause: OHKO moves are banned
|rule|Evasion Items Clause: Evasion items are banned
|rule|Evasion Moves Clause: Evasion moves are banned
|rule|Evasion Abilities Clause: Evasion abilities are banned
|rule|Sleep Moves Clause: Sleep-inducing moves are banned
|clearpoke
|poke|p1|Samurott-Hisui, F|
|poke|p1|Great Tusk|
|poke|p1|Gholdengo|
|poke|p1|Ogerpon-Wellspring, F|
|poke|p1|Iron Moth|
|poke|p1|Iron Valiant|
|poke|p2|Wigglytuff, M|
|poke|p2|Empoleon, F|
|poke|p2|Smeargle, F|
|poke|p2|Falinks|
|poke|p2|Rabsca, F|
|poke|p2|Cresselia, F|
|teampreview
|inactive|Battle timer is ON: inactive players will automatically lose when time's up. (requested by pa!nfully_0rd1n4ry)
|
|t:|1779631151
|teamsize|p1|6
|teamsize|p2|6
|start
|switch|p1a: Samurott|Samurott-Hisui, F|100/100
|switch|p2a: Smeargle|Smeargle, F|100/100
|turn|1
|
|t:|1779631158
|move|p1a: Samurott|Ceaseless Edge|p2a: Smeargle
|-damage|p2a: Smeargle|38/100
|-sidestart|p2: aaagislash|Spikes
|move|p2a: Smeargle|Sticky Web|p1a: Samurott
|-sidestart|p1: pa!nfully_0rd1n4ry|move: Sticky Web
|
|upkeep
|turn|2
|
|t:|1779631175
|switch|p2a: Falinks|Falinks|100/100
|-damage|p2a: Falinks|88/100|[from] Spikes
|move|p1a: Samurott|Knock Off|p2a: Falinks
|-resisted|p2a: Falinks
|-damage|p2a: Falinks|65/100
|-enditem|p2a: Falinks|Choice Band|[from] move: Knock Off|[of] p1a: Samurott
|
|upkeep
|turn|3
|
|t:|1779631200
|move|p1a: Samurott|Aqua Cutter|p2a: Falinks
|-damage|p2a: Falinks|20/100
|move|p2a: Falinks|Close Combat|p1a: Samurott
|-supereffective|p1a: Samurott
|-enditem|p1a: Samurott|Focus Sash
|-damage|p1a: Samurott|1/100
|-unboost|p2a: Falinks|def|1
|-unboost|p2a: Falinks|spd|1
|
|upkeep
|turn|4
|
|t:|1779631215
|move|p1a: Samurott|Ceaseless Edge|p2a: Falinks
|-resisted|p2a: Falinks
|-damage|p2a: Falinks|0 fnt
|-sidestart|p2: aaagislash|Spikes
|faint|p2a: Falinks
|
|upkeep
|
|t:|1779631222
|switch|p2a: Cresselia|Cresselia, F|100/100
|turn|5
|
|t:|1779631231
|move|p1a: Samurott|Knock Off|p2a: Cresselia
|-supereffective|p2a: Cresselia
|-damage|p2a: Cresselia|50/100
|-enditem|p2a: Cresselia|Mental Herb|[from] move: Knock Off|[of] p1a: Samurott
|move|p2a: Cresselia|Trick Room|p2a: Cresselia
|-fieldstart|move: Trick Room|[of] p2a: Cresselia
|
|upkeep
|turn|6
|inactive|pa!nfully_0rd1n4ry has 120 seconds left.
|
|t:|1779631266
|move|p1a: Samurott|Sucker Punch||[still]
|-fail|p1a: Samurott
|move|p2a: Cresselia|Lunar Dance|p2a: Cresselia
|faint|p2a: Cresselia
|
|upkeep
|
|t:|1779631270
|switch|p2a: Smeargle|Smeargle, F|38/100
|-heal|p2a: Smeargle|100/100|[from] move: Lunar Dance
|-damage|p2a: Smeargle|84/100|[from] Spikes
|turn|7
|
|t:|1779631280
|switch|p1a: Great Tusk|Great Tusk|100/100
|-activate|p1a: Great Tusk|move: Sticky Web
|-unboost|p1a: Great Tusk|spe|1
|-enditem|p1a: Great Tusk|Booster Energy
|-activate|p1a: Great Tusk|ability: Protosynthesis|[fromitem]
|-start|p1a: Great Tusk|protosynthesisatk
|move|p2a: Smeargle|Court Change|p2a: Smeargle
|-swapsideconditions
|-activate|p2a: Smeargle|move: Court Change
|
|upkeep
|turn|8
|
|t:|1779631291
|switch|p2a: Wigglytuff|Wigglytuff, M|100/100
|-activate|p2a: Wigglytuff|move: Sticky Web
|-unboost|p2a: Wigglytuff|spe|1
|-ability|p2a: Wigglytuff|Competitive|boost
|-boost|p2a: Wigglytuff|spa|2
|move|p1a: Great Tusk|Rapid Spin|p2a: Wigglytuff
|-crit|p2a: Wigglytuff
|-damage|p2a: Wigglytuff|61/100
|-boost|p1a: Great Tusk|spe|1
|-sideend|p1: pa!nfully_0rd1n4ry|Spikes|[from] move: Rapid Spin|[of] p1a: Great Tusk
|
|upkeep
|turn|9
|inactive|pa!nfully_0rd1n4ry has 120 seconds left.
|c|☆pa!nfully_0rd1n4ry|wait this is just that one pokeaim team
|c|☆pa!nfully_0rd1n4ry|or blunder
|inactive|pa!nfully_0rd1n4ry has 90 seconds left.
|c|☆pa!nfully_0rd1n4ry|i forgot
|
|t:|1779631363
|-end|p1a: Great Tusk|Protosynthesis|[silent]
|switch|p1a: Samurott|Samurott-Hisui, F|1/100
|move|p2a: Wigglytuff|Fire Blast|p1a: Samurott
|-resisted|p1a: Samurott
|-damage|p1a: Samurott|0 fnt
|faint|p1a: Samurott
|
|-fieldend|move: Trick Room
|upkeep
|inactive|pa!nfully_0rd1n4ry has 60 seconds left.
|
|t:|1779631380
|switch|p1a: Iron Moth|Iron Moth|100/100
|-enditem|p1a: Iron Moth|Booster Energy
|-activate|p1a: Iron Moth|ability: Quark Drive|[fromitem]
|-start|p1a: Iron Moth|quarkdrivespe
|turn|10
|inactive|pa!nfully_0rd1n4ry has 60 seconds left.
|inactive|aaagislash has 120 seconds left.
|inactive|pa!nfully_0rd1n4ry has 30 seconds left.
|inactive|pa!nfully_0rd1n4ry has 20 seconds left.
|inactive|pa!nfully_0rd1n4ry has 15 seconds left.
|
|t:|1779631432
|-end|p1a: Iron Moth|Quark Drive|[silent]
|switch|p1a: Iron Valiant|Iron Valiant|100/100
|-enditem|p1a: Iron Valiant|Booster Energy
|-activate|p1a: Iron Valiant|ability: Quark Drive|[fromitem]
|-start|p1a: Iron Valiant|quarkdrivespe
|switch|p2a: Empoleon|Empoleon, F|100/100
|-activate|p2a: Empoleon|move: Sticky Web
|-unboost|p2a: Empoleon|spe|1
|-ability|p2a: Empoleon|Competitive|boost
|-boost|p2a: Empoleon|spa|2
|
|upkeep
|turn|11
|inactive|pa!nfully_0rd1n4ry has 25 seconds left this turn.
|inactive|pa!nfully_0rd1n4ry has 20 seconds left.
|inactive|pa!nfully_0rd1n4ry has 15 seconds left.
|
|t:|1779631447
|switch|p2a: Rabsca|Rabsca, F|100/100
|move|p1a: Iron Valiant|Close Combat|p2a: Rabsca
|-resisted|p2a: Rabsca
|-damage|p2a: Rabsca|89/100
|-unboost|p1a: Iron Valiant|def|1
|-unboost|p1a: Iron Valiant|spd|1
|
|upkeep
|turn|12
|inactive|pa!nfully_0rd1n4ry has 25 seconds left this turn.
|inactive|pa!nfully_0rd1n4ry has 20 seconds left.
|
|t:|1779631455
|move|p1a: Iron Valiant|Knock Off|p2a: Rabsca
|-supereffective|p2a: Rabsca
|-damage|p2a: Rabsca|40/100
|-enditem|p2a: Rabsca|Heavy-Duty Boots|[from] move: Knock Off|[of] p1a: Iron Valiant
|move|p2a: Rabsca|Trick Room|p2a: Rabsca
|-fieldstart|move: Trick Room|[of] p2a: Rabsca
|
|upkeep
|turn|13
|inactive|pa!nfully_0rd1n4ry has 30 seconds left this turn.
|inactive|pa!nfully_0rd1n4ry has 20 seconds left.
|inactive|aaagislash has 120 seconds left.
|inactive|pa!nfully_0rd1n4ry has 15 seconds left.
|inactive|pa!nfully_0rd1n4ry has 10 seconds left.
|
|t:|1779631476
|-end|p1a: Iron Valiant|Quark Drive|[silent]
|switch|p1a: Gholdengo|Gholdengo|100/100
|-item|p1a: Gholdengo|Air Balloon
|move|p2a: Rabsca|Revival Blessing|p2a: Rabsca
|
|t:|1779631491
|-heal|p2: Falinks|50/100|[from] move: Revival Blessing
|
|upkeep
|turn|14
|inactive|pa!nfully_0rd1n4ry has 25 seconds left this turn.
|inactive|pa!nfully_0rd1n4ry has 20 seconds left.
|
|t:|1779631499
|switch|p2a: Empoleon|Empoleon, F|100/100
|-activate|p2a: Empoleon|move: Sticky Web
|-unboost|p2a: Empoleon|spe|1
|-ability|p2a: Empoleon|Competitive|boost
|-boost|p2a: Empoleon|spa|2
|move|p1a: Gholdengo|Shadow Ball|p2a: Empoleon
|-damage|p2a: Empoleon|60/100
|
|upkeep
|turn|15
|inactive|pa!nfully_0rd1n4ry has 30 seconds left this turn.
|inactive|aaagislash has 120 seconds left.
|inactive|pa!nfully_0rd1n4ry has 20 seconds left.
|inactive|pa!nfully_0rd1n4ry has 15 seconds left.
|
|t:|1779631516
|switch|p1a: Ogerpon|Ogerpon-Wellspring, F|100/100
|-terastallize|p2a: Empoleon|Steel
|move|p2a: Empoleon|Steel Beam|p1a: Ogerpon
|-resisted|p1a: Ogerpon
|-damage|p1a: Ogerpon|0 fnt
|-damage|p2a: Empoleon|10/100|[from] steelbeam
|faint|p1a: Ogerpon
|
|upkeep
|inactive|pa!nfully_0rd1n4ry has 20 seconds left this turn.
|inactive|pa!nfully_0rd1n4ry has 15 seconds left.
|inactive|pa!nfully_0rd1n4ry has 10 seconds left.
|inactive|pa!nfully_0rd1n4ry has 5 seconds left.
|
|t:|1779631533
|switch|p1a: Iron Moth|Iron Moth|100/100
|turn|16
|inactive|pa!nfully_0rd1n4ry has 15 seconds left this turn.
|inactive|aaagislash has 120 seconds left.
|
|t:|1779631544
|-terastallize|p1a: Iron Moth|Grass
|move|p2a: Empoleon|Steel Beam|p1a: Iron Moth
|-damage|p1a: Iron Moth|0 fnt
|-damage|p2a: Empoleon|0 fnt|[from] steelbeam
|faint|p2a: Empoleon
|faint|p1a: Iron Moth
|-end|p1a: Iron Moth|Quark Drive|[silent]
|
|-fieldend|move: Trick Room
|upkeep
|inactive|pa!nfully_0rd1n4ry has 20 seconds left this turn.
|inactive|pa!nfully_0rd1n4ry has 15 seconds left.
|inactive|aaagislash has 120 seconds left.
|inactive|pa!nfully_0rd1n4ry has 10 seconds left.
|inactive|pa!nfully_0rd1n4ry has 5 seconds left.
|
|t:|1779631567
|switch|p1a: Gholdengo|Gholdengo|100/100
|switch|p2a: Wigglytuff|Wigglytuff, M|61/100
|-item|p1a: Gholdengo|Air Balloon
|-activate|p2a: Wigglytuff|move: Sticky Web
|-unboost|p2a: Wigglytuff|spe|1
|-ability|p2a: Wigglytuff|Competitive|boost
|-boost|p2a: Wigglytuff|spa|2
|turn|17
|inactive|pa!nfully_0rd1n4ry has 15 seconds left this turn.
|inactive|pa!nfully_0rd1n4ry has 10 seconds left.
|
|t:|1779631573
|move|p1a: Gholdengo|Make It Rain|p2a: Wigglytuff
|-supereffective|p2a: Wigglytuff
|-damage|p2a: Wigglytuff|0 fnt
|-unboost|p1a: Gholdengo|spa|1
|faint|p2a: Wigglytuff
|
|upkeep
|
|t:|1779631577
|switch|p2a: Smeargle|Smeargle, F|84/100
|-activate|p2a: Smeargle|move: Sticky Web
|-unboost|p2a: Smeargle|spe|1
|turn|18
|inactive|pa!nfully_0rd1n4ry has 25 seconds left this turn.
|inactive|pa!nfully_0rd1n4ry has 20 seconds left.
|
|t:|1779631583
|move|p1a: Gholdengo|Focus Blast|p2a: Smeargle
|-supereffective|p2a: Smeargle
|-damage|p2a: Smeargle|0 fnt
|faint|p2a: Smeargle
|
|upkeep
|
|t:|1779631586
|switch|p2a: Rabsca|Rabsca, F|40/100
|-activate|p2a: Rabsca|move: Sticky Web
|-unboost|p2a: Rabsca|spe|1
|turn|19
|inactive|pa!nfully_0rd1n4ry has 30 seconds left.
|
|t:|1779631591
|move|p1a: Gholdengo|Shadow Ball|p2a: Rabsca
|-supereffective|p2a: Rabsca
|-damage|p2a: Rabsca|0 fnt
|faint|p2a: Rabsca
|
|upkeep
|c|☆pa!nfully_0rd1n4ry|gg
|-message|aaagislash forfeited.
|
|win|pa!nfully_0rd1n4ry
|raw|pa!nfully_0rd1n4ry's rating: 1494 &rarr; <strong>1512</strong><br />(+18 for winning)
|raw|aaagislash's rating: 1457 &rarr; <strong>1439</strong><br />(-18 for losing)
|l|‽aaagislash
|player|p2|
|l|☆pa!nfully_0rd1n4ry
|player|p1|
