|j|☆kingmorons
|j|☆pekkitou
|t:|1779658596
|gametype|singles
|player|p1|kingmorons|1|1131
|player|p2|pekkitou|101|1132
|gen|9
|tier|[Gen 9] OU
|rated|
|rule|HP Percentage Mod: HP is shown in percentages
|rule|Endless Battle Clause: Forcing endless battles is banned
|rule|Species Clause: Limit one of each Pokémon
|rule|OHKO Clause: OHKO moves are banned
|rule|Evasion Items Clause: Evasion items are banned
|rule|Evasion Moves Clause: Evasion moves are banned
|rule|Evasion Abilities Clause: Evasion abilities are banned
|rule|Sleep Moves Clause: Sleep-inducing moves are banned
|clearpoke
|poke|p1|Cloyster, M|
|poke|p1|Ditto|
|poke|p1|Ceruledge, M|
|poke|p1|Ursaluna, F|
|poke|p1|Meowth, L20, F|
|poke|p1|Weezing-Galar, F|
|poke|p2|Cobalion|
|poke|p2|Corviknight, F|
|poke|p2|Goodra-Hisui, F|
|poke|p2|Lucario, F|
|poke|p2|Klefki, M|
|poke|p2|Tinkaton, F|
|teampreview
|inactive|Battle timer is ON: inactive players will automatically lose when time's up. (requested by pekkitou)
|
|t:|1779658606
|teamsize|p1|6
|teamsize|p2|6
|start
|switch|p1a: Weezing|Weezing-Galar, F|100/100
|switch|p2a: Cobalion|Cobalion|100/100
|-ability|p1a: Weezing|Neutralizing Gas
|turn|1
|
|t:|1779658622
|move|p2a: Cobalion|Thunder Wave|p1a: Weezing
|-status|p1a: Weezing|par
|move|p1a: Weezing|Flamethrower|p2a: Cobalion
|-supereffective|p2a: Cobalion
|-damage|p2a: Cobalion|40/100
|
|upkeep
|turn|2
|
|t:|1779658632
|move|p2a: Cobalion|Volt Switch|p1a: Weezing
|-damage|p1a: Weezing|79/100 par
|
|t:|1779658637
|switch|p2a: Goodra|Goodra-Hisui, F|100/100|[from] Volt Switch
|move|p1a: Weezing|Flamethrower|p2a: Goodra
|-damage|p2a: Goodra|88/100
|-status|p2a: Goodra|brn
|
|-damage|p2a: Goodra|82/100 brn|[from] brn
|upkeep
|turn|3
|
|t:|1779658659
|-end|p1a: Weezing|ability: Neutralizing Gas
|switch|p1a: Meowth|Meowth, L20, F|100/100
|move|p2a: Goodra|Flash Cannon|p1a: Meowth
|-enditem|p1a: Meowth|Focus Sash
|-damage|p1a: Meowth|2/100
|
|-damage|p2a: Goodra|76/100 brn|[from] brn
|upkeep
|turn|4
|
|t:|1779658681
|move|p2a: Goodra|Flamethrower|p1a: Meowth
|-damage|p1a: Meowth|0 fnt
|faint|p1a: Meowth
|
|-damage|p2a: Goodra|70/100 brn|[from] brn
|upkeep
|
|t:|1779658691
|switch|p1a: Ursaluna|Ursaluna, F|100/100
|turn|5
|
|t:|1779658699
|switch|p2a: Corviknight|Corviknight, F|100/100
|-ability|p2a: Corviknight|Pressure
|move|p1a: Ursaluna|Swords Dance|p1a: Ursaluna
|-boost|p1a: Ursaluna|atk|2
|
|-status|p1a: Ursaluna|brn|[from] item: Flame Orb
|upkeep
|turn|6
|
|t:|1779658710
|move|p1a: Ursaluna|Facade|p2a: Corviknight
|-resisted|p2a: Corviknight
|-damage|p2a: Corviknight|22/100
|move|p2a: Corviknight|U-turn|p1a: Ursaluna
|-damage|p1a: Ursaluna|90/100 brn
|
|t:|1779658723
|switch|p2a: Cobalion|Cobalion|40/100|[from] U-turn
|
|-damage|p1a: Ursaluna|83/100 brn|[from] brn
|upkeep
|turn|7
|
|t:|1779658732
|switch|p1a: Ditto|Ditto|100/100
|-transform|p1a: Ditto|p2a: Cobalion|[from] ability: Imposter
|move|p2a: Cobalion|Body Press|p1a: Ditto
|-supereffective|p1a: Ditto
|-damage|p1a: Ditto|36/100
|
|upkeep
|turn|8
|
|t:|1779658753
|switch|p2a: Corviknight|Corviknight, F|22/100
|-ability|p2a: Corviknight|Pressure
|move|p1a: Ditto|Body Press|p2a: Corviknight
|-damage|p2a: Corviknight|0 fnt
|faint|p2a: Corviknight
|
|upkeep
|inactive|pekkitou has 120 seconds left.
|
|t:|1779658773
|switch|p2a: Cobalion|Cobalion|40/100
|turn|9
|
|t:|1779658779
|move|p2a: Cobalion|Body Press|p1a: Ditto
|-supereffective|p1a: Ditto
|-damage|p1a: Ditto|0 fnt
|faint|p1a: Ditto
|
|upkeep
|
|t:|1779658786
|switch|p1a: Weezing|Weezing-Galar, F|79/100 par
|-ability|p1a: Weezing|Neutralizing Gas
|turn|10
|
|t:|1779658802
|switch|p2a: Lucario|Lucario, F|100/100
|move|p1a: Weezing|Flamethrower|p2a: Lucario
|-supereffective|p2a: Lucario
|-damage|p2a: Lucario|12/100
|
|upkeep
|turn|11
|
|t:|1779658816
|move|p2a: Lucario|Earthquake|p1a: Weezing
|-supereffective|p1a: Weezing
|-damage|p1a: Weezing|0 fnt
|faint|p1a: Weezing
|-end|p1a: Weezing|ability: Neutralizing Gas
|-damage|p2a: Lucario|2/100|[from] item: Life Orb
|
|upkeep
|
|t:|1779658820
|switch|p1a: Ceruledge|Ceruledge, M|100/100
|turn|12
|
|t:|1779658827
|move|p1a: Ceruledge|Endure|p1a: Ceruledge
|-singleturn|p1a: Ceruledge|move: Endure
|move|p2a: Lucario|Swords Dance|p2a: Lucario
|-boost|p2a: Lucario|atk|2
|
|upkeep
|turn|13
|
|t:|1779658847
|switch|p1a: Ursaluna|Ursaluna, F|83/100 brn
|move|p2a: Lucario|Swords Dance|p2a: Lucario
|-boost|p2a: Lucario|atk|2
|
|-damage|p1a: Ursaluna|77/100 brn|[from] brn
|upkeep
|turn|14
|
|t:|1779658860
|move|p2a: Lucario|Earthquake|p1a: Ursaluna
|-damage|p1a: Ursaluna|0 fnt
|faint|p1a: Ursaluna
|-damage|p2a: Lucario|0 fnt|[from] item: Life Orb
|faint|p2a: Lucario
|
|upkeep
|
|t:|1779658867
|switch|p2a: Klefki|Klefki, M|100/100
|switch|p1a: Ceruledge|Ceruledge, M|100/100
|-item|p2a: Klefki|Air Balloon
|turn|15
|
|t:|1779658882
|move|p2a: Klefki|Thunder Wave|p1a: Ceruledge
|-status|p1a: Ceruledge|par
|move|p1a: Ceruledge|Swords Dance|p1a: Ceruledge
|-boost|p1a: Ceruledge|atk|2
|
|upkeep
|turn|16
|
|t:|1779658891
|-terastallize|p2a: Klefki|Ghost
|move|p2a: Klefki|Foul Play|p1a: Ceruledge
|-supereffective|p1a: Ceruledge
|-damage|p1a: Ceruledge|0 fnt
|faint|p1a: Ceruledge
|
|upkeep
|
|t:|1779658896
|switch|p1a: Cloyster|Cloyster, M|100/100
|turn|17
|
|t:|1779658900
|move|p2a: Klefki|Thunder Wave|p1a: Cloyster
|-status|p1a: Cloyster|par
|move|p1a: Cloyster|Shell Smash|p1a: Cloyster
|-unboost|p1a: Cloyster|def|1
|-unboost|p1a: Cloyster|spd|1
|-boost|p1a: Cloyster|atk|2
|-boost|p1a: Cloyster|spa|2
|-boost|p1a: Cloyster|spe|2
|
|upkeep
|turn|18
|
|t:|1779658906
|move|p1a: Cloyster|Icicle Spear|p2a: Klefki
|-damage|p2a: Klefki|80/100
|-enditem|p2a: Klefki|Air Balloon
|-damage|p2a: Klefki|60/100
|-damage|p2a: Klefki|42/100
|-damage|p2a: Klefki|23/100
|-damage|p2a: Klefki|2/100
|-hitcount|p2a: Klefki|5
|move|p2a: Klefki|Foul Play|p1a: Cloyster
|-damage|p1a: Cloyster|26/100 par
|
|upkeep
|turn|19
|
|t:|1779658927
|cant|p1a: Cloyster|par
|move|p2a: Klefki|Play Rough|p1a: Cloyster
|-damage|p1a: Cloyster|0 fnt
|faint|p1a: Cloyster
|
|win|pekkitou
|raw|kingmorons's rating: 1131 &rarr; <strong>1106</strong><br />(-25 for losing)
|raw|pekkitou's rating: 1132 &rarr; <strong>1157</strong><br />(+25 for winning)
|c|☆pekkitou|ggs
|l|☆kingmorons
|player|p1|
|l|☆pekkitou
|player|p2|
