|inactive|Battle timer is ON: inactive players will automatically lose when time's up.
|t:|1779655714
|gametype|singles
|player|p1|ONLY PLAYING FADED|#omclihearttakers|
|player|p2|Kasp u_u|#wcop2026europe2|
|gen|9
|tier|[Gen 9] OU
|rule|HP Percentage Mod: HP is shown in percentages
|rule|Endless Battle Clause: Forcing endless battles is banned
|rule|Species Clause: Limit one of each Pokémon
|rule|OHKO Clause: OHKO moves are banned
|rule|Evasion Items Clause: Evasion items are banned
|rule|Evasion Moves Clause: Evasion moves are banned
|rule|Evasion Abilities Clause: Evasion abilities are banned
|rule|Sleep Moves Clause: Sleep-inducing moves are banned
|clearpoke
|poke|p1|Dragonite, F|
|poke|p1|Gliscor, F|
|poke|p1|Great Tusk|
|poke|p1|Walking Wake|
|poke|p1|Gholdengo|
|poke|p1|Samurott-Hisui, F|
|poke|p2|Gliscor, M|
|poke|p2|Weezing-Galar, F|
|poke|p2|Corviknight, M|
|poke|p2|Suicune|
|poke|p2|Sinistcha|
|poke|p2|Garganacl, M|
|teampreview
|c|☆Kasp u_u|glhf
|c|☆ONLY PLAYING FADED|hf
|inactive|Kasp u_u has 270 seconds left.
|
|t:|1779655750
|teamsize|p1|6
|teamsize|p2|6
|start
|switch|p1a: Walking Wake|Walking Wake|100/100
|switch|p2a: Weezing|Weezing-Galar, F|100/100
|-ability|p2a: Weezing|Neutralizing Gas
|turn|1
|inactive|Kasp u_u has 270 seconds left.
|
|t:|1779655784
|move|p1a: Walking Wake|Substitute|p1a: Walking Wake
|-start|p1a: Walking Wake|Substitute
|-damage|p1a: Walking Wake|76/100
|move|p2a: Weezing|Will-O-Wisp||[still]
|-fail|p2a: Weezing
|
|-heal|p1a: Walking Wake|82/100|[from] item: Leftovers
|upkeep
|turn|2
|inactive|Kasp u_u has 270 seconds left.
|
|t:|1779655794
|-end|p2a: Weezing|ability: Neutralizing Gas
|switch|p2a: Sinistcha|Sinistcha|100/100
|move|p1a: Walking Wake|Scald|p2a: Sinistcha
|-resisted|p2a: Sinistcha
|-damage|p2a: Sinistcha|77/100
|
|-heal|p1a: Walking Wake|88/100|[from] item: Leftovers
|upkeep
|turn|3
|inactive|Kasp u_u has 270 seconds left.
|inactive|Kasp u_u has 240 seconds left.
|
|t:|1779655854
|switch|p2a: Corviknight|Corviknight, M|100/100
|-ability|p2a: Corviknight|Pressure
|move|p1a: Walking Wake|Knock Off|p2a: Corviknight
|-damage|p2a: Corviknight|91/100
|-damage|p1a: Walking Wake|72/100|[from] item: Rocky Helmet|[of] p2a: Corviknight
|-enditem|p2a: Corviknight|Rocky Helmet|[from] move: Knock Off|[of] p1a: Walking Wake
|
|-heal|p1a: Walking Wake|78/100|[from] item: Leftovers
|upkeep
|turn|4
|inactive|Kasp u_u has 210 seconds left.
|
|t:|1779655894
|switch|p2a: Sinistcha|Sinistcha|77/100
|move|p1a: Walking Wake|Scald|p2a: Sinistcha
|-resisted|p2a: Sinistcha
|-damage|p2a: Sinistcha|52/100
|
|-heal|p1a: Walking Wake|84/100|[from] item: Leftovers
|upkeep
|turn|5
|
|t:|1779655918
|move|p1a: Walking Wake|Scald|p2a: Sinistcha
|-resisted|p2a: Sinistcha
|-damage|p2a: Sinistcha|28/100
|move|p2a: Sinistcha|Matcha Gotcha|p1a: Walking Wake
|-end|p1a: Walking Wake|Substitute
|-heal|p2a: Sinistcha|40/100|[from] drain|[of] p1a: Walking Wake
|
|-heal|p1a: Walking Wake|90/100|[from] item: Leftovers
|upkeep
|turn|6
|
|t:|1779655932
|move|p1a: Walking Wake|Draco Meteor|p2a: Sinistcha
|-damage|p2a: Sinistcha|0 fnt
|-unboost|p1a: Walking Wake|spa|2
|faint|p2a: Sinistcha
|
|-heal|p1a: Walking Wake|96/100|[from] item: Leftovers
|upkeep
|inactive|Kasp u_u has 180 seconds left.
|
|t:|1779655980
|switch|p2a: Gliscor|Gliscor, M|100/100
|turn|7
|
|t:|1779655993
|-end|p1a: Walking Wake|Protosynthesis|[silent]
|switch|p1a: Great Tusk|Great Tusk|100/100
|move|p2a: Gliscor|Protect||[still]
|-fail|p2a: Gliscor
|
|-status|p2a: Gliscor|tox|[from] item: Toxic Orb
|upkeep
|turn|8
|
|t:|1779656001
|move|p1a: Great Tusk|Ice Spinner|p2a: Gliscor
|-supereffective|p2a: Gliscor
|-damage|p2a: Gliscor|5/100 tox
|move|p2a: Gliscor|Toxic|p1a: Great Tusk
|-status|p1a: Great Tusk|tox
|
|-damage|p1a: Great Tusk|94/100 tox|[from] psn
|-heal|p2a: Gliscor|18/100 tox|[from] ability: Poison Heal
|upkeep
|turn|9
|
|t:|1779656005
|move|p2a: Gliscor|Protect|p2a: Gliscor
|-singleturn|p2a: Gliscor|Protect
|move|p1a: Great Tusk|Ice Spinner|p2a: Gliscor
|-activate|p2a: Gliscor|move: Protect
|
|-damage|p1a: Great Tusk|82/100 tox|[from] psn
|-heal|p2a: Gliscor|30/100 tox|[from] ability: Poison Heal
|upkeep
|turn|10
|
|t:|1779656012
|switch|p2a: Corviknight|Corviknight, M|91/100
|-ability|p2a: Corviknight|Pressure
|move|p1a: Great Tusk|Close Combat|p2a: Corviknight
|-damage|p2a: Corviknight|48/100
|-unboost|p1a: Great Tusk|def|1
|-unboost|p1a: Great Tusk|spd|1
|
|-damage|p1a: Great Tusk|63/100 tox|[from] psn
|upkeep
|turn|11
|inactive|ONLY PLAYING FADED has 270 seconds left.
|
|t:|1779656060
|-end|p1a: Great Tusk|Protosynthesis|[silent]
|switch|p1a: Walking Wake|Walking Wake|96/100
|move|p2a: Corviknight|Roost|p2a: Corviknight
|-heal|p2a: Corviknight|98/100
|-singleturn|p2a: Corviknight|move: Roost
|
|-heal|p1a: Walking Wake|100/100|[from] item: Leftovers
|upkeep
|turn|12
|inactive|Kasp u_u has 180 seconds left.
|
|t:|1779656077
|move|p1a: Walking Wake|Scald|p2a: Corviknight
|-damage|p2a: Corviknight|55/100
|move|p2a: Corviknight|Iron Defense|p2a: Corviknight
|-boost|p2a: Corviknight|def|2
|
|upkeep
|turn|13
|inactive|Kasp u_u has 180 seconds left.
|
|t:|1779656102
|move|p1a: Walking Wake|Scald|p2a: Corviknight
|-damage|p2a: Corviknight|17/100
|move|p2a: Corviknight|Roost|p2a: Corviknight
|-heal|p2a: Corviknight|67/100
|-singleturn|p2a: Corviknight|move: Roost
|
|upkeep
|turn|14
|
|t:|1779656109
|move|p1a: Walking Wake|Scald|p2a: Corviknight
|-damage|p2a: Corviknight|26/100
|-status|p2a: Corviknight|brn
|move|p2a: Corviknight|Roost|p2a: Corviknight
|-heal|p2a: Corviknight|76/100 brn
|-singleturn|p2a: Corviknight|move: Roost
|
|-damage|p2a: Corviknight|70/100 brn|[from] brn
|upkeep
|turn|15
|
|t:|1779656128
|-end|p1a: Walking Wake|Protosynthesis|[silent]
|switch|p1a: Gholdengo|Gholdengo|100/100
|move|p2a: Corviknight|Roost|p2a: Corviknight
|-heal|p2a: Corviknight|100/100 brn
|-singleturn|p2a: Corviknight|move: Roost
|
|-damage|p2a: Corviknight|94/100 brn|[from] brn
|upkeep
|turn|16
|inactive|Kasp u_u has 180 seconds left.
|inactive|ONLY PLAYING FADED has 240 seconds left.
|
|t:|1779656149
|switch|p2a: Garganacl|Garganacl, M|100/100
|move|p1a: Gholdengo|Shadow Ball|p2a: Garganacl
|-damage|p2a: Garganacl|85/100
|-unboost|p2a: Garganacl|spd|1
|
|-heal|p2a: Garganacl|91/100|[from] item: Leftovers
|upkeep
|turn|17
|
|t:|1779656155
|switch|p1a: Great Tusk|Great Tusk|63/100 tox
|move|p2a: Garganacl|Stealth Rock|p1a: Great Tusk
|-sidestart|p1: ONLY PLAYING FADED|move: Stealth Rock
|
|-heal|p2a: Garganacl|97/100|[from] item: Leftovers
|-damage|p1a: Great Tusk|57/100 tox|[from] psn
|upkeep
|turn|18
|
|t:|1779656162
|move|p2a: Garganacl|Protect|p2a: Garganacl
|-singleturn|p2a: Garganacl|Protect
|move|p1a: Great Tusk|Rapid Spin|p2a: Garganacl
|-activate|p2a: Garganacl|move: Protect
|
|-heal|p2a: Garganacl|100/100|[from] item: Leftovers
|-damage|p1a: Great Tusk|45/100 tox|[from] psn
|upkeep
|turn|19
|inactive|ONLY PLAYING FADED has 240 seconds left.
|inactive|Kasp u_u has 180 seconds left.
|
|t:|1779656192
|move|p1a: Great Tusk|Close Combat|p2a: Garganacl
|-supereffective|p2a: Garganacl
|-damage|p2a: Garganacl|17/100
|-unboost|p1a: Great Tusk|def|1
|-unboost|p1a: Great Tusk|spd|1
|move|p2a: Garganacl|Stealth Rock||[still]
|-fail|p2a: Garganacl
|
|-heal|p2a: Garganacl|23/100|[from] item: Leftovers
|-damage|p1a: Great Tusk|26/100 tox|[from] psn
|upkeep
|turn|20
|inactive|ONLY PLAYING FADED has 240 seconds left.
|
|t:|1779656204
|-end|p1a: Great Tusk|Protosynthesis|[silent]
|switch|p1a: Samurott|Samurott-Hisui, F|100/100
|-damage|p1a: Samurott|88/100|[from] Stealth Rock
|move|p2a: Garganacl|Protect||[still]
|-fail|p2a: Garganacl
|
|-heal|p2a: Garganacl|29/100|[from] item: Leftovers
|upkeep
|turn|21
|inactive|ONLY PLAYING FADED has 240 seconds left.
|
|t:|1779656226
|move|p2a: Garganacl|Protect|p2a: Garganacl
|-singleturn|p2a: Garganacl|Protect
|move|p1a: Samurott|Knock Off|p2a: Garganacl
|-activate|p2a: Garganacl|move: Protect
|
|-heal|p2a: Garganacl|35/100|[from] item: Leftovers
|upkeep
|turn|22
|
|t:|1779656245
|move|p1a: Samurott|Knock Off|p2a: Garganacl
|-damage|p2a: Garganacl|8/100
|-enditem|p2a: Garganacl|Leftovers|[from] move: Knock Off|[of] p1a: Samurott
|move|p2a: Garganacl|Recover|p2a: Garganacl
|-heal|p2a: Garganacl|58/100
|
|upkeep
|turn|23
|
|t:|1779656268
|move|p2a: Garganacl|Protect|p2a: Garganacl
|-singleturn|p2a: Garganacl|Protect
|move|p1a: Samurott|Flip Turn|p2a: Garganacl
|-activate|p2a: Garganacl|move: Protect
|
|upkeep
|turn|24
|
|t:|1779656281
|move|p1a: Samurott|Flip Turn|p2a: Garganacl
|-supereffective|p2a: Garganacl
|-damage|p2a: Garganacl|25/100
|
|t:|1779656284
|switch|p1a: Gliscor|Gliscor, F|100/100|[from] Flip Turn
|-damage|p1a: Gliscor|88/100|[from] Stealth Rock
|move|p2a: Garganacl|Salt Cure|p1a: Gliscor
|-damage|p1a: Gliscor|78/100
|-start|p1a: Gliscor|Salt Cure
|
|-damage|p1a: Gliscor|66/100|[from] Salt Cure
|-status|p1a: Gliscor|tox|[from] item: Toxic Orb
|upkeep
|turn|25
|
|t:|1779656293
|move|p1a: Gliscor|Stealth Rock|p2a: Garganacl
|-sidestart|p2: Kasp u_u|move: Stealth Rock
|move|p2a: Garganacl|Recover|p2a: Garganacl
|-heal|p2a: Garganacl|75/100
|
|-heal|p1a: Gliscor|78/100 tox|[from] ability: Poison Heal
|-damage|p1a: Gliscor|66/100 tox|[from] Salt Cure
|upkeep
|turn|26
|
|t:|1779656299
|move|p1a: Gliscor|Earthquake|p2a: Garganacl
|-supereffective|p2a: Garganacl
|-damage|p2a: Garganacl|31/100
|move|p2a: Garganacl|Recover|p2a: Garganacl
|-heal|p2a: Garganacl|81/100
|
|-heal|p1a: Gliscor|78/100 tox|[from] ability: Poison Heal
|-damage|p1a: Gliscor|66/100 tox|[from] Salt Cure
|upkeep
|turn|27
|
|t:|1779656305
|switch|p2a: Gliscor|Gliscor, M|30/100 tox
|-damage|p2a: Gliscor|18/100 tox|[from] Stealth Rock
|move|p1a: Gliscor|Earthquake|p2a: Gliscor
|-immune|p2a: Gliscor
|
|-heal|p1a: Gliscor|78/100 tox|[from] ability: Poison Heal
|-heal|p2a: Gliscor|30/100 tox|[from] ability: Poison Heal
|-damage|p1a: Gliscor|66/100 tox|[from] Salt Cure
|upkeep
|turn|28
|inactive|Kasp u_u has 210 seconds left.
|
|t:|1779656330
|switch|p1a: Great Tusk|Great Tusk|26/100 tox
|-damage|p1a: Great Tusk|23/100 tox|[from] Stealth Rock
|move|p2a: Gliscor|Spikes|p1a: Great Tusk
|-sidestart|p1: ONLY PLAYING FADED|Spikes
|
|-damage|p1a: Great Tusk|17/100 tox|[from] psn
|-heal|p2a: Gliscor|43/100 tox|[from] ability: Poison Heal
|upkeep
|turn|29
|
|t:|1779656340
|move|p2a: Gliscor|Protect|p2a: Gliscor
|-singleturn|p2a: Gliscor|Protect
|move|p1a: Great Tusk|Rapid Spin|p2a: Gliscor
|-activate|p2a: Gliscor|move: Protect
|
|-damage|p1a: Great Tusk|5/100 tox|[from] psn
|-heal|p2a: Gliscor|55/100 tox|[from] ability: Poison Heal
|upkeep
|turn|30
|inactive|Kasp u_u has 210 seconds left.
|
|t:|1779656360
|move|p2a: Gliscor|Protect||[still]
|-fail|p2a: Gliscor
|move|p1a: Great Tusk|Rapid Spin|p2a: Gliscor
|-damage|p2a: Gliscor|40/100 tox
|-boost|p1a: Great Tusk|spe|1
|-sideend|p1: ONLY PLAYING FADED|Spikes|[from] move: Rapid Spin|[of] p1a: Great Tusk
|-sideend|p1: ONLY PLAYING FADED|Stealth Rock|[from] move: Rapid Spin|[of] p1a: Great Tusk
|
|-damage|p1a: Great Tusk|0 fnt|[from] psn
|faint|p1a: Great Tusk
|-end|p1a: Great Tusk|Protosynthesis|[silent]
|-heal|p2a: Gliscor|52/100 tox|[from] ability: Poison Heal
|upkeep
|
|t:|1779656364
|switch|p1a: Walking Wake|Walking Wake|100/100
|turn|31
|inactive|Kasp u_u has 210 seconds left.
|
|t:|1779656377
|move|p1a: Walking Wake|Substitute|p1a: Walking Wake
|-start|p1a: Walking Wake|Substitute
|-damage|p1a: Walking Wake|76/100
|move|p2a: Gliscor|Earthquake|p1a: Walking Wake
|-end|p1a: Walking Wake|Substitute
|
|-heal|p1a: Walking Wake|82/100|[from] item: Leftovers
|-heal|p2a: Gliscor|65/100 tox|[from] ability: Poison Heal
|upkeep
|turn|32
|inactive|ONLY PLAYING FADED has 270 seconds left.
|
|t:|1779656396
|move|p2a: Gliscor|Protect|p2a: Gliscor
|-singleturn|p2a: Gliscor|Protect
|move|p1a: Walking Wake|Substitute|p1a: Walking Wake
|-start|p1a: Walking Wake|Substitute
|-damage|p1a: Walking Wake|57/100
|
|-heal|p1a: Walking Wake|63/100|[from] item: Leftovers
|-heal|p2a: Gliscor|77/100 tox|[from] ability: Poison Heal
|upkeep
|turn|33
|
|t:|1779656404
|-terastallize|p2a: Gliscor|Steel
|move|p1a: Walking Wake|Scald|p2a: Gliscor
|-damage|p2a: Gliscor|42/100 tox
|move|p2a: Gliscor|Earthquake|p1a: Walking Wake
|-end|p1a: Walking Wake|Substitute
|
|-heal|p1a: Walking Wake|70/100|[from] item: Leftovers
|-heal|p2a: Gliscor|55/100 tox|[from] ability: Poison Heal
|upkeep
|turn|34
|
|t:|1779656418
|move|p1a: Walking Wake|Scald|p2a: Gliscor
|-damage|p2a: Gliscor|21/100 tox
|move|p2a: Gliscor|Earthquake|p1a: Walking Wake
|-damage|p1a: Walking Wake|34/100
|
|-heal|p1a: Walking Wake|40/100|[from] item: Leftovers
|-heal|p2a: Gliscor|33/100 tox|[from] ability: Poison Heal
|upkeep
|turn|35
|inactive|ONLY PLAYING FADED has 270 seconds left.
|
|t:|1779656447
|move|p2a: Gliscor|Protect|p2a: Gliscor
|-singleturn|p2a: Gliscor|Protect
|move|p1a: Walking Wake|Substitute|p1a: Walking Wake
|-start|p1a: Walking Wake|Substitute
|-damage|p1a: Walking Wake|15/100
|
|-heal|p1a: Walking Wake|21/100|[from] item: Leftovers
|-heal|p2a: Gliscor|46/100 tox|[from] ability: Poison Heal
|upkeep
|turn|36
|
|t:|1779656451
|move|p1a: Walking Wake|Scald|p2a: Gliscor
|-damage|p2a: Gliscor|8/100 tox
|move|p2a: Gliscor|Earthquake|p1a: Walking Wake
|-end|p1a: Walking Wake|Substitute
|
|-heal|p1a: Walking Wake|28/100|[from] item: Leftovers
|-heal|p2a: Gliscor|20/100 tox|[from] ability: Poison Heal
|upkeep
|turn|37
|
|t:|1779656463
|move|p1a: Walking Wake|Scald|p2a: Gliscor
|-damage|p2a: Gliscor|0 fnt
|faint|p2a: Gliscor
|
|-heal|p1a: Walking Wake|34/100|[from] item: Leftovers
|upkeep
|
|t:|1779656466
|switch|p2a: Weezing|Weezing-Galar, F|100/100
|-ability|p2a: Weezing|Neutralizing Gas
|-damage|p2a: Weezing|88/100|[from] Stealth Rock
|turn|38
|
|t:|1779656474
|move|p1a: Walking Wake|Substitute|p1a: Walking Wake
|-start|p1a: Walking Wake|Substitute
|-damage|p1a: Walking Wake|9/100
|move|p2a: Weezing|Sludge Bomb|p1a: Walking Wake
|-end|p1a: Walking Wake|Substitute
|
|-heal|p1a: Walking Wake|15/100|[from] item: Leftovers
|-heal|p2a: Weezing|94/100|[from] item: Leftovers
|upkeep
|turn|39
|inactive|ONLY PLAYING FADED has 270 seconds left.
|inactive|ONLY PLAYING FADED has 240 seconds left.
|
|t:|1779656549
|move|p1a: Walking Wake|Scald|p2a: Weezing
|-damage|p2a: Weezing|30/100
|move|p2a: Weezing|Will-O-Wisp|p1a: Walking Wake|[miss]
|-miss|p2a: Weezing|p1a: Walking Wake
|
|-heal|p1a: Walking Wake|21/100|[from] item: Leftovers
|-heal|p2a: Weezing|36/100|[from] item: Leftovers
|upkeep
|turn|40
|inactive|Kasp u_u has 270 seconds left.
|
|t:|1779656570
|move|p1a: Walking Wake|Scald|p2a: Weezing
|-damage|p2a: Weezing|0 fnt
|faint|p2a: Weezing
|-end|p2a: Weezing|ability: Neutralizing Gas
|
|-heal|p1a: Walking Wake|28/100|[from] item: Leftovers
|upkeep
|inactive|Kasp u_u has 240 seconds left.
|
|t:|1779656603
|switch|p2a: Garganacl|Garganacl, M|81/100
|-damage|p2a: Garganacl|69/100|[from] Stealth Rock
|turn|41
|inactive|ONLY PLAYING FADED has 240 seconds left.
|
|t:|1779656615
|move|p1a: Walking Wake|Substitute|p1a: Walking Wake
|-start|p1a: Walking Wake|Substitute
|-damage|p1a: Walking Wake|3/100
|move|p2a: Garganacl|Salt Cure|p1a: Walking Wake
|-activate|p1a: Walking Wake|move: Substitute|[damage]
|
|-heal|p1a: Walking Wake|9/100|[from] item: Leftovers
|upkeep
|turn|42
|
|t:|1779656619
|move|p1a: Walking Wake|Scald|p2a: Garganacl
|-supereffective|p2a: Garganacl
|-damage|p2a: Garganacl|14/100
|move|p2a: Garganacl|Salt Cure|p1a: Walking Wake
|-end|p1a: Walking Wake|Substitute
|
|-heal|p1a: Walking Wake|15/100|[from] item: Leftovers
|upkeep
|turn|43
|
|t:|1779656626
|move|p1a: Walking Wake|Scald|p2a: Garganacl
|-supereffective|p2a: Garganacl
|-damage|p2a: Garganacl|0 fnt
|faint|p2a: Garganacl
|
|-heal|p1a: Walking Wake|21/100|[from] item: Leftovers
|upkeep
|
|t:|1779656627
|switch|p2a: Corviknight|Corviknight, M|94/100 brn
|-damage|p2a: Corviknight|82/100 brn|[from] Stealth Rock
|-ability|p2a: Corviknight|Pressure
|turn|44
|inactive|ONLY PLAYING FADED has 240 seconds left.
|inactive|ONLY PLAYING FADED has 210 seconds left.
|inactive|ONLY PLAYING FADED has 180 seconds left.
|
|t:|1779656722
|move|p1a: Walking Wake|Scald|p2a: Corviknight
|-damage|p2a: Corviknight|45/100 brn
|move|p2a: Corviknight|Body Press|p1a: Walking Wake
|-damage|p1a: Walking Wake|7/100
|
|-heal|p1a: Walking Wake|13/100|[from] item: Leftovers
|-damage|p2a: Corviknight|39/100 brn|[from] brn
|upkeep
|turn|45
|
|t:|1779656730
|move|p1a: Walking Wake|Scald|p2a: Corviknight
|-crit|p2a: Corviknight
|-damage|p2a: Corviknight|0 fnt
|faint|p2a: Corviknight
|
|-heal|p1a: Walking Wake|19/100|[from] item: Leftovers
|upkeep
|
|t:|1779656733
|switch|p2a: Suicune|Suicune|100/100
|-damage|p2a: Suicune|88/100|[from] Stealth Rock
|-ability|p2a: Suicune|Pressure
|turn|46
|
|t:|1779656742
|move|p1a: Walking Wake|Knock Off|p2a: Suicune
|-damage|p2a: Suicune|76/100
|-enditem|p2a: Suicune|Leftovers|[from] move: Knock Off|[of] p1a: Walking Wake
|move|p2a: Suicune|Calm Mind|p2a: Suicune
|-boost|p2a: Suicune|spa|1
|-boost|p2a: Suicune|spd|1
|
|-heal|p1a: Walking Wake|25/100|[from] item: Leftovers
|upkeep
|turn|47
|inactive|ONLY PLAYING FADED has 180 seconds left.
|
|t:|1779656771
|move|p1a: Walking Wake|Scald|p2a: Suicune
|-resisted|p2a: Suicune
|-damage|p2a: Suicune|67/100
|move|p2a: Suicune|Substitute|p2a: Suicune
|-start|p2a: Suicune|Substitute
|-damage|p2a: Suicune|42/100
|
|-heal|p1a: Walking Wake|31/100|[from] item: Leftovers
|upkeep
|turn|48
|
|t:|1779656781
|move|p1a: Walking Wake|Draco Meteor|p2a: Suicune
|-end|p2a: Suicune|Substitute
|-unboost|p1a: Walking Wake|spa|2
|move|p2a: Suicune|Calm Mind|p2a: Suicune
|-boost|p2a: Suicune|spa|1
|-boost|p2a: Suicune|spd|1
|
|-heal|p1a: Walking Wake|38/100|[from] item: Leftovers
|upkeep
|turn|49
|inactive|ONLY PLAYING FADED has 180 seconds left.
|
|t:|1779656797
|move|p2a: Suicune|Protect|p2a: Suicune
|-singleturn|p2a: Suicune|Protect
|move|p1a: Walking Wake|Scald|p2a: Suicune
|-activate|p2a: Suicune|move: Protect
|
|-heal|p1a: Walking Wake|44/100|[from] item: Leftovers
|upkeep
|turn|50
|inactive|ONLY PLAYING FADED has 180 seconds left.
|
|t:|1779656826
|move|p1a: Walking Wake|Draco Meteor|p2a: Suicune
|-damage|p2a: Suicune|28/100
|-unboost|p1a: Walking Wake|spa|2
|move|p2a: Suicune|Substitute|p2a: Suicune
|-start|p2a: Suicune|Substitute
|-damage|p2a: Suicune|3/100
|
|-heal|p1a: Walking Wake|50/100|[from] item: Leftovers
|upkeep
|turn|51
|
|t:|1779656839
|move|p1a: Walking Wake|Knock Off|p2a: Suicune
|-activate|p2a: Suicune|move: Substitute|[damage]
|move|p2a: Suicune|Scald|p1a: Walking Wake
|-resisted|p1a: Walking Wake
|-damage|p1a: Walking Wake|35/100
|
|-heal|p1a: Walking Wake|42/100|[from] item: Leftovers
|upkeep
|turn|52
|
|t:|1779656841
|move|p1a: Walking Wake|Knock Off|p2a: Suicune
|-activate|p2a: Suicune|move: Substitute|[damage]
|move|p2a: Suicune|Scald|p1a: Walking Wake
|-resisted|p1a: Walking Wake
|-damage|p1a: Walking Wake|26/100
|
|-heal|p1a: Walking Wake|32/100|[from] item: Leftovers
|upkeep
|turn|53
|
|t:|1779656844
|move|p1a: Walking Wake|Knock Off|p2a: Suicune
|-activate|p2a: Suicune|move: Substitute|[damage]
|move|p2a: Suicune|Scald|p1a: Walking Wake
|-resisted|p1a: Walking Wake
|-damage|p1a: Walking Wake|19/100
|-status|p1a: Walking Wake|brn
|
|-heal|p1a: Walking Wake|25/100 brn|[from] item: Leftovers
|-damage|p1a: Walking Wake|19/100 brn|[from] brn
|upkeep
|turn|54
|
|t:|1779656856
|move|p1a: Walking Wake|Knock Off|p2a: Suicune
|-end|p2a: Suicune|Substitute
|move|p2a: Suicune|Scald|p1a: Walking Wake
|-resisted|p1a: Walking Wake
|-damage|p1a: Walking Wake|5/100 brn
|
|-heal|p1a: Walking Wake|11/100 brn|[from] item: Leftovers
|-damage|p1a: Walking Wake|5/100 brn|[from] brn
|upkeep
|turn|55
|
|t:|1779656858
|move|p1a: Walking Wake|Knock Off|p2a: Suicune
|-damage|p2a: Suicune|0 fnt
|faint|p2a: Suicune
|
|win|ONLY PLAYING FADED
|c|☆Kasp u_u|gg
|c|☆ONLY PLAYING FADED|gg
|player|p2|
