|j|☆superstar
|j|☆Mortifi
|t:|1779653220
|gametype|singles
|player|p1|superstar|169|1657
|player|p2|Mortifi|pokemaniac|1596
|gen|9
|tier|[Gen 9] OU
|rated|
|rule|HP Percentage Mod: HP is shown in percentages
|rule|Endless Battle Clause: Forcing endless battles is banned
|rule|Species Clause: Limit one of each Pokémon
|rule|OHKO Clause: OHKO moves are banned
|rule|Evasion Items Clause: Evasion items are banned
|rule|Evasion Moves Clause: Evasion moves are banned
|rule|Evasion Abilities Clause: Evasion abilities are banned
|rule|Sleep Moves Clause: Sleep-inducing moves are banned
|clearpoke
|poke|p1|Araquanid, F|
|poke|p1|Pecharunt|
|poke|p1|Gholdengo|
|poke|p1|Ogerpon-Wellspring, F|
|poke|p1|Raging Bolt|
|poke|p1|Kingambit, M|
|poke|p2|Zapdos-Galar|
|poke|p2|Slowking-Galar, M|
|poke|p2|Alomomola, F|
|poke|p2|Great Tusk|
|poke|p2|Weavile, F|
|poke|p2|Skarmory, F|
|teampreview
|inactive|Battle timer is ON: inactive players will automatically lose when time's up. (requested by Mortifi)
|
|t:|1779653241
|teamsize|p1|6
|teamsize|p2|6
|start
|switch|p1a: Araquanid|Araquanid, F|100/100
|switch|p2a: Slowking|Slowking-Galar, M|100/100
|turn|1
|
|t:|1779653252
|move|p1a: Araquanid|Sticky Web|p2a: Slowking
|-sidestart|p2: Mortifi|move: Sticky Web
|move|p2a: Slowking|Thunder Wave|p1a: Araquanid
|-status|p1a: Araquanid|par
|
|upkeep
|turn|2
|inactive|superstar has 120 seconds left.
|
|t:|1779653295
|switch|p2a: Alomomola|Alomomola, F|100/100
|-activate|p2a: Alomomola|move: Sticky Web
|-unboost|p2a: Alomomola|spe|1
|cant|p1a: Araquanid|par
|
|upkeep
|turn|3
|
|t:|1779653302
|move|p2a: Alomomola|Acrobatics|p1a: Araquanid
|-supereffective|p1a: Araquanid
|-damage|p1a: Araquanid|56/100 par
|move|p1a: Araquanid|Surf|p2a: Alomomola
|-resisted|p2a: Alomomola
|-damage|p2a: Alomomola|76/100
|
|upkeep
|turn|4
|
|t:|1779653308
|move|p2a: Alomomola|Wish|p2a: Alomomola
|move|p1a: Araquanid|Endeavor|p2a: Alomomola
|-damage|p2a: Alomomola|41/100
|
|upkeep
|turn|5
|
|t:|1779653320
|move|p2a: Alomomola|Protect|p2a: Alomomola
|-singleturn|p2a: Alomomola|Protect
|cant|p1a: Araquanid|par
|
|-heal|p2a: Alomomola|91/100|[from] move: Wish|[wisher] Alomomola
|upkeep
|turn|6
|
|t:|1779653328
|switch|p1a: Raging Bolt|Raging Bolt|100/100
|-enditem|p1a: Raging Bolt|Booster Energy
|-activate|p1a: Raging Bolt|ability: Protosynthesis|[fromitem]
|-start|p1a: Raging Bolt|protosynthesisspa
|move|p2a: Alomomola|Wish|p2a: Alomomola
|
|upkeep
|turn|7
|
|t:|1779653350
|switch|p2a: Slowking|Slowking-Galar, M|100/100
|move|p1a: Raging Bolt|Dragon Pulse|p2a: Slowking
|-damage|p2a: Slowking|61/100
|
|-heal|p2a: Slowking|100/100|[from] move: Wish|[wisher] Alomomola
|upkeep
|turn|8
|
|t:|1779653358
|move|p1a: Raging Bolt|Calm Mind|p1a: Raging Bolt
|-boost|p1a: Raging Bolt|spa|1
|-boost|p1a: Raging Bolt|spd|1
|move|p2a: Slowking|Sludge Bomb|p1a: Raging Bolt
|-damage|p1a: Raging Bolt|80/100
|-status|p1a: Raging Bolt|psn
|
|-damage|p1a: Raging Bolt|68/100 psn|[from] psn
|upkeep
|turn|9
|inactive|superstar has 120 seconds left.
|
|t:|1779653401
|move|p1a: Raging Bolt|Thunderbolt|p2a: Slowking
|-damage|p2a: Slowking|39/100
|move|p2a: Slowking|Future Sight|p1a: Raging Bolt
|-start|p2a: Slowking|move: Future Sight
|
|-damage|p1a: Raging Bolt|56/100 psn|[from] psn
|upkeep
|turn|10
|
|t:|1779653417
|move|p1a: Raging Bolt|Dragon Pulse|p2a: Slowking
|-damage|p2a: Slowking|0 fnt
|faint|p2a: Slowking
|
|-damage|p1a: Raging Bolt|43/100 psn|[from] psn
|upkeep
|
|t:|1779653429
|switch|p2a: Great Tusk|Great Tusk|100/100
|turn|11
|
|t:|1779653443
|move|p2a: Great Tusk|Headlong Rush|p1a: Raging Bolt
|-supereffective|p1a: Raging Bolt
|-damage|p1a: Raging Bolt|0 fnt
|-unboost|p2a: Great Tusk|def|1
|-unboost|p2a: Great Tusk|spd|1
|faint|p1a: Raging Bolt
|-end|p1a: Raging Bolt|Protosynthesis|[silent]
|
|-hint|Future Sight did not hit because the target is fainted.
|upkeep
|
|t:|1779653452
|switch|p1a: Pecharunt|Pecharunt|100/100
|turn|12
|
|t:|1779653461
|move|p1a: Pecharunt|Shadow Ball|p2a: Great Tusk
|-damage|p2a: Great Tusk|28/100
|-unboost|p2a: Great Tusk|spd|1
|move|p2a: Great Tusk|Headlong Rush|p1a: Pecharunt
|-supereffective|p1a: Pecharunt
|-damage|p1a: Pecharunt|2/100
|-unboost|p2a: Great Tusk|def|1
|-unboost|p2a: Great Tusk|spd|1
|
|upkeep
|turn|13
|
|t:|1779653481
|-end|p2a: Great Tusk|Protosynthesis|[silent]
|switch|p2a: Zapdos|Zapdos-Galar|100/100
|move|p1a: Pecharunt|Shadow Ball|p2a: Zapdos
|-damage|p2a: Zapdos|63/100
|
|upkeep
|turn|14
|
|t:|1779653490
|switch|p1a: Araquanid|Araquanid, F|56/100 par
|move|p2a: Zapdos|Knock Off|p1a: Araquanid
|-damage|p1a: Araquanid|20/100 par
|-enditem|p1a: Araquanid|Custap Berry|[from] move: Knock Off|[of] p2a: Zapdos
|
|upkeep
|turn|15
|
|t:|1779653500
|move|p2a: Zapdos|Thunderous Kick|p1a: Araquanid
|-resisted|p1a: Araquanid
|-damage|p1a: Araquanid|0 fnt
|faint|p1a: Araquanid
|
|upkeep
|
|t:|1779653502
|switch|p1a: Ogerpon|Ogerpon-Wellspring, F|100/100
|turn|16
|
|t:|1779653511
|switch|p2a: Skarmory|Skarmory, F|100/100
|move|p1a: Ogerpon|Ivy Cudgel|p2a: Skarmory|[anim] Ivy Cudgel Water
|-damage|p2a: Skarmory|67/100
|
|upkeep
|turn|17
|
|t:|1779653519
|switch|p1a: Gholdengo|Gholdengo|100/100
|-item|p1a: Gholdengo|Air Balloon
|move|p2a: Skarmory|Brave Bird|p1a: Gholdengo
|-resisted|p1a: Gholdengo
|-damage|p1a: Gholdengo|81/100
|-enditem|p1a: Gholdengo|Air Balloon
|-damage|p2a: Skarmory|61/100|[from] Recoil
|
|upkeep
|turn|18
|
|t:|1779653531
|switch|p2a: Alomomola|Alomomola, F|100/100
|-activate|p2a: Alomomola|move: Sticky Web
|-unboost|p2a: Alomomola|spe|1
|move|p1a: Gholdengo|Shadow Ball|p2a: Alomomola
|-damage|p2a: Alomomola|63/100
|
|upkeep
|turn|19
|
|t:|1779653543
|move|p1a: Gholdengo|Nasty Plot|p1a: Gholdengo
|-boost|p1a: Gholdengo|spa|2
|move|p2a: Alomomola|Flip Turn|p1a: Gholdengo
|-crit|p1a: Gholdengo
|-damage|p1a: Gholdengo|54/100
|
|t:|1779653553
|switch|p2a: Zapdos|Zapdos-Galar|63/100|[from] Flip Turn
|
|upkeep
|turn|20
|
|t:|1779653566
|-terastallize|p1a: Gholdengo|Fairy
|move|p2a: Zapdos|Knock Off|p1a: Gholdengo
|-resisted|p1a: Gholdengo
|-damage|p1a: Gholdengo|41/100
|move|p1a: Gholdengo|Shadow Ball|p2a: Zapdos
|-damage|p2a: Zapdos|0 fnt
|faint|p2a: Zapdos
|
|upkeep
|
|t:|1779653581
|switch|p2a: Great Tusk|Great Tusk|28/100
|turn|21
|
|t:|1779653601
|move|p2a: Great Tusk|Headlong Rush|p1a: Gholdengo
|-damage|p1a: Gholdengo|0 fnt
|-unboost|p2a: Great Tusk|def|1
|-unboost|p2a: Great Tusk|spd|1
|faint|p1a: Gholdengo
|
|upkeep
|
|t:|1779653604
|switch|p1a: Ogerpon|Ogerpon-Wellspring, F|100/100
|turn|22
|
|t:|1779653612
|-end|p2a: Great Tusk|Protosynthesis|[silent]
|switch|p2a: Alomomola|Alomomola, F|97/100
|-activate|p2a: Alomomola|move: Sticky Web
|-unboost|p2a: Alomomola|spe|1
|move|p1a: Ogerpon|Ivy Cudgel|p2a: Alomomola|[anim] Ivy Cudgel Water
|-resisted|p2a: Alomomola
|-damage|p2a: Alomomola|80/100
|
|upkeep
|turn|23
|
|t:|1779653629
|switch|p2a: Skarmory|Skarmory, F|61/100
|move|p1a: Ogerpon|Swords Dance|p1a: Ogerpon
|-boost|p1a: Ogerpon|atk|2
|
|upkeep
|turn|24
|
|t:|1779653644
|-terastallize|p2a: Skarmory|Dragon
|move|p1a: Ogerpon|Ivy Cudgel|p2a: Skarmory|[anim] Ivy Cudgel Water
|-resisted|p2a: Skarmory
|-damage|p2a: Skarmory|25/100
|move|p2a: Skarmory|Roost|p2a: Skarmory
|-heal|p2a: Skarmory|75/100
|
|upkeep
|turn|25
|
|t:|1779653670
|move|p1a: Ogerpon|Play Rough|p2a: Skarmory
|-supereffective|p2a: Skarmory
|-damage|p2a: Skarmory|0 fnt
|-damage|p1a: Ogerpon|84/100|[from] item: Rocky Helmet|[of] p2a: Skarmory
|faint|p2a: Skarmory
|
|upkeep
|
|t:|1779653680
|switch|p2a: Alomomola|Alomomola, F|100/100
|-activate|p2a: Alomomola|move: Sticky Web
|-unboost|p2a: Alomomola|spe|1
|turn|26
|
|t:|1779653695
|move|p1a: Ogerpon|Swords Dance|p1a: Ogerpon
|-boost|p1a: Ogerpon|atk|2
|move|p2a: Alomomola|Acrobatics|p1a: Ogerpon
|-supereffective|p1a: Ogerpon
|-damage|p1a: Ogerpon|32/100
|
|upkeep
|turn|27
|
|t:|1779653701
|move|p1a: Ogerpon|Horn Leech|p2a: Alomomola
|-supereffective|p2a: Alomomola
|-damage|p2a: Alomomola|0 fnt
|-heal|p1a: Ogerpon|100/100|[from] drain|[of] p2a: Alomomola
|faint|p2a: Alomomola
|
|upkeep
|-message|Mortifi forfeited.
|
|win|superstar
|raw|superstar's rating: 1657 &rarr; <strong>1674</strong><br />(+17 for winning)
|raw|Mortifi's rating: 1596 &rarr; <strong>1579</strong><br />(-17 for losing)
|l|☆Mortifi
|player|p2|
|l|☆superstar
|player|p1|
