|j|☆MichaelDestroyedU
|j|☆nerdish2
|t:|1779653894
|gametype|singles
|player|p1|MichaelDestroyedU|iris-gen5bw2|1218
|player|p2|nerdish2|2|1259
|gen|9
|tier|[Gen 9] OU
|rated|
|rule|HP Percentage Mod: HP is shown in percentages
|rule|Endless Battle Clause: Forcing endless battles is banned
|rule|Species Clause: Limit one of each Pokémon
|rule|OHKO Clause: OHKO moves are banned
|rule|Evasion Items Clause: Evasion items are banned
|rule|Evasion Moves Clause: Evasion moves are banned
|rule|Evasion Abilities Clause: Evasion abilities are banned
|rule|Sleep Moves Clause: Sleep-inducing moves are banned
|clearpoke
|poke|p1|Clefable, F|
|poke|p1|Ninetales, F|
|poke|p1|Gardevoir, F|
|poke|p1|Glimmora, F|
|poke|p1|Hatterene, F|
|poke|p1|Garchomp, F|
|poke|p2|Dondozo, M|
|poke|p2|Pecharunt|
|poke|p2|Great Tusk|
|poke|p2|Kingambit, M|
|poke|p2|Zamazenta-*|
|poke|p2|Moltres|
|teampreview
|c|☆MichaelDestroyedU|Glhf
|
|t:|1779653909
|teamsize|p1|6
|teamsize|p2|6
|start
|switch|p1a: GarDIVAr|Gardevoir, F, shiny|100/100
|switch|p2a: Great Tusk|Great Tusk|100/100
|turn|1
|
|t:|1779653918
|-terastallize|p2a: Great Tusk|Steel
|move|p2a: Great Tusk|Stealth Rock|p1a: GarDIVAr
|-sidestart|p1: MichaelDestroyedU|move: Stealth Rock
|move|p1a: GarDIVAr|Psychic|p2a: Great Tusk
|-resisted|p2a: Great Tusk
|-damage|p2a: Great Tusk|44/100
|
|upkeep
|turn|2
|
|t:|1779653929
|move|p2a: Great Tusk|Headlong Rush|p1a: GarDIVAr
|-damage|p1a: GarDIVAr|28/100
|-unboost|p2a: Great Tusk|def|1
|-unboost|p2a: Great Tusk|spd|1
|move|p1a: GarDIVAr|Psychic|p2a: Great Tusk
|-resisted|p2a: Great Tusk
|-damage|p2a: Great Tusk|0 fnt
|faint|p2a: Great Tusk
|-end|p2a: Great Tusk|Protosynthesis|[silent]
|
|upkeep
|
|t:|1779653943
|switch|p2a: Pecharunt|Pecharunt|100/100
|turn|3
|
|t:|1779653951
|switch|p1a: Hatteriana Grande|Hatterene, F, shiny|100/100
|-damage|p1a: Hatteriana Grande|88/100|[from] Stealth Rock
|move|p2a: Pecharunt|Malignant Chain|p1a: Hatteriana Grande
|-supereffective|p1a: Hatteriana Grande
|-damage|p1a: Hatteriana Grande|34/100
|
|upkeep
|turn|4
|
|t:|1779653963
|switch|p1a: Glimmerina Garlica|Glimmora, F|100/100
|-damage|p1a: Glimmerina Garlica|88/100|[from] Stealth Rock
|-item|p1a: Glimmerina Garlica|Air Balloon
|move|p2a: Pecharunt|Malignant Chain|p1a: Glimmerina Garlica
|-resisted|p1a: Glimmerina Garlica
|-damage|p1a: Glimmerina Garlica|82/100
|-enditem|p1a: Glimmerina Garlica|Air Balloon
|
|upkeep
|turn|5
|
|t:|1779653979
|move|p2a: Pecharunt|Foul Play|p1a: Glimmerina Garlica
|-damage|p1a: Glimmerina Garlica|70/100
|move|p1a: Glimmerina Garlica|Toxic|p2a: Pecharunt
|-status|p2a: Pecharunt|tox
|
|-damage|p2a: Pecharunt|94/100 tox|[from] psn
|upkeep
|turn|6
|
|t:|1779653996
|move|p2a: Pecharunt|Parting Shot|p1a: Glimmerina Garlica
|-unboost|p1a: Glimmerina Garlica|atk|1
|-unboost|p1a: Glimmerina Garlica|spa|1
|
|t:|1779654000
|switch|p2a: Dondozo|Dondozo, M|100/100|[from] Parting Shot
|move|p1a: Glimmerina Garlica|Mortal Spin|p2a: Dondozo
|-damage|p2a: Dondozo|97/100
|-status|p2a: Dondozo|psn
|-sideend|p1: MichaelDestroyedU|Stealth Rock|[from] move: Mortal Spin|[of] p1a: Glimmerina Garlica
|
|-heal|p2a: Dondozo|100/100 psn|[from] item: Leftovers
|-damage|p2a: Dondozo|88/100 psn|[from] psn
|upkeep
|turn|7
|
|t:|1779654011
|switch|p1a: Fre Sha Vacado|Clefable, F, shiny|100/100
|move|p2a: Dondozo|Waterfall|p1a: Fre Sha Vacado
|-damage|p1a: Fre Sha Vacado|79/100
|
|-heal|p1a: Fre Sha Vacado|85/100|[from] item: Leftovers
|-heal|p2a: Dondozo|94/100 psn|[from] item: Leftovers
|-damage|p2a: Dondozo|82/100 psn|[from] psn
|upkeep
|turn|8
|
|t:|1779654020
|move|p1a: Fre Sha Vacado|Wish|p1a: Fre Sha Vacado
|move|p2a: Dondozo|Curse|p2a: Dondozo
|-unboost|p2a: Dondozo|spe|1
|-boost|p2a: Dondozo|atk|1
|-boost|p2a: Dondozo|def|1
|
|-heal|p1a: Fre Sha Vacado|91/100|[from] item: Leftovers
|-heal|p2a: Dondozo|88/100 psn|[from] item: Leftovers
|-damage|p2a: Dondozo|75/100 psn|[from] psn
|upkeep
|turn|9
|
|t:|1779654030
|move|p1a: Fre Sha Vacado|Copycat|p1a: Fre Sha Vacado
|move|p1a: Fre Sha Vacado|Curse|p1a: Fre Sha Vacado|[from] move: Copycat
|-unboost|p1a: Fre Sha Vacado|spe|1
|-boost|p1a: Fre Sha Vacado|atk|1
|-boost|p1a: Fre Sha Vacado|def|1
|move|p2a: Dondozo|Curse|p2a: Dondozo
|-unboost|p2a: Dondozo|spe|1
|-boost|p2a: Dondozo|atk|1
|-boost|p2a: Dondozo|def|1
|
|-heal|p1a: Fre Sha Vacado|100/100|[from] move: Wish|[wisher] Fre Sha Vacado
|-heal|p2a: Dondozo|81/100 psn|[from] item: Leftovers
|-damage|p2a: Dondozo|69/100 psn|[from] psn
|upkeep
|turn|10
|
|t:|1779654044
|move|p1a: Fre Sha Vacado|Cosmic Power|p1a: Fre Sha Vacado
|-boost|p1a: Fre Sha Vacado|def|1
|-boost|p1a: Fre Sha Vacado|spd|1
|move|p2a: Dondozo|Curse|p2a: Dondozo
|-unboost|p2a: Dondozo|spe|1
|-boost|p2a: Dondozo|atk|1
|-boost|p2a: Dondozo|def|1
|
|-heal|p2a: Dondozo|75/100 psn|[from] item: Leftovers
|-damage|p2a: Dondozo|63/100 psn|[from] psn
|upkeep
|turn|11
|
|t:|1779654055
|move|p1a: Fre Sha Vacado|Cosmic Power|p1a: Fre Sha Vacado
|-boost|p1a: Fre Sha Vacado|def|1
|-boost|p1a: Fre Sha Vacado|spd|1
|move|p2a: Dondozo|Waterfall|p1a: Fre Sha Vacado
|-damage|p1a: Fre Sha Vacado|81/100
|
|-heal|p1a: Fre Sha Vacado|87/100|[from] item: Leftovers
|-heal|p2a: Dondozo|69/100 psn|[from] item: Leftovers
|-damage|p2a: Dondozo|56/100 psn|[from] psn
|upkeep
|turn|12
|
|t:|1779654063
|move|p1a: Fre Sha Vacado|Copycat|p1a: Fre Sha Vacado
|move|p1a: Fre Sha Vacado|Waterfall|p2a: Dondozo|[from] move: Copycat
|-resisted|p2a: Dondozo
|-damage|p2a: Dondozo|54/100 psn
|move|p2a: Dondozo|Rest|p2a: Dondozo
|-status|p2a: Dondozo|slp|[from] move: Rest
|-heal|p2a: Dondozo|100/100 slp|[silent]
|
|-heal|p1a: Fre Sha Vacado|93/100|[from] item: Leftovers
|upkeep
|turn|13
|
|t:|1779654077
|move|p1a: Fre Sha Vacado|Wish|p1a: Fre Sha Vacado
|cant|p2a: Dondozo|slp
|move|p2a: Dondozo|Sleep Talk|p2a: Dondozo
|move|p2a: Dondozo|Waterfall|p1a: Fre Sha Vacado|[from] move: Sleep Talk
|-damage|p1a: Fre Sha Vacado|72/100
|
|-heal|p1a: Fre Sha Vacado|78/100|[from] item: Leftovers
|upkeep
|turn|14
|
|t:|1779654090
|switch|p1a: GarDIVAr|Gardevoir, F, shiny|28/100
|-ability|p1a: GarDIVAr|Unaware|Trace|[from] ability: Trace|[of] p2a: Dondozo
|cant|p2a: Dondozo|slp
|move|p2a: Dondozo|Sleep Talk|p2a: Dondozo
|move|p2a: Dondozo|Waterfall|p1a: GarDIVAr|[from] move: Sleep Talk
|-damage|p1a: GarDIVAr|0 fnt
|faint|p1a: GarDIVAr
|
|upkeep
|
|t:|1779654105
|switch|p1a: Nine-Finger-Combo|Ninetales, F, shiny|100/100
|-weather|SunnyDay|[from] ability: Drought|[of] p1a: Nine-Finger-Combo
|turn|15
|
|t:|1779654110
|move|p1a: Nine-Finger-Combo|Solar Beam||[still]
|-prepare|p1a: Nine-Finger-Combo|Solar Beam
|-anim|p1a: Nine-Finger-Combo|Solar Beam|p2a: Dondozo
|-supereffective|p2a: Dondozo
|-damage|p2a: Dondozo|43/100 slp
|-curestatus|p2a: Dondozo|slp|[msg]
|move|p2a: Dondozo|Sleep Talk||[still]
|-fail|p2a: Dondozo
|
|-weather|SunnyDay|[upkeep]
|-heal|p2a: Dondozo|49/100|[from] item: Leftovers
|upkeep
|turn|16
|
|t:|1779654121
|switch|p2a: Moltres|Moltres|100/100
|move|p1a: Nine-Finger-Combo|Solar Beam||[still]
|-prepare|p1a: Nine-Finger-Combo|Solar Beam
|-anim|p1a: Nine-Finger-Combo|Solar Beam|p2a: Moltres
|-resisted|p2a: Moltres
|-crit|p2a: Moltres
|-damage|p2a: Moltres|90/100
|
|-weather|SunnyDay|[upkeep]
|upkeep
|turn|17
|
|t:|1779654134
|switch|p1a: Glimmerina Garlica|Glimmora, F|70/100
|move|p2a: Moltres|Roar|p1a: Glimmerina Garlica
|drag|p1a: Hatteriana Grande|Hatterene, F, shiny|34/100
|
|-weather|SunnyDay|[upkeep]
|upkeep
|turn|18
|
|t:|1779654144
|move|p2a: Moltres|Flamethrower|p1a: Hatteriana Grande
|-damage|p1a: Hatteriana Grande|0 fnt
|faint|p1a: Hatteriana Grande
|
|-weather|SunnyDay|[upkeep]
|upkeep
|
|t:|1779654148
|switch|p1a: Glimmerina Garlica|Glimmora, F|70/100
|turn|19
|
|t:|1779654158
|switch|p2a: Kingambit|Kingambit, M|100/100
|-activate|p2a: Kingambit|ability: Supreme Overlord
|-start|p2a: Kingambit|fallen1|[silent]
|move|p1a: Glimmerina Garlica|Power Gem|p2a: Kingambit
|-resisted|p2a: Kingambit
|-crit|p2a: Kingambit
|-damage|p2a: Kingambit|71/100
|
|-weather|none
|-heal|p2a: Kingambit|77/100|[from] item: Leftovers
|upkeep
|turn|20
|
|t:|1779654168
|move|p1a: Glimmerina Garlica|Toxic|p2a: Kingambit
|-status|p2a: Kingambit|tox
|move|p2a: Kingambit|Swords Dance|p2a: Kingambit
|-boost|p2a: Kingambit|atk|2
|
|-heal|p2a: Kingambit|83/100 tox|[from] item: Leftovers
|-damage|p2a: Kingambit|77/100 tox|[from] psn
|upkeep
|turn|21
|
|t:|1779654177
|switch|p1a: Fre Sha Vacado|Clefable, F, shiny|78/100
|move|p2a: Kingambit|Kowtow Cleave|p1a: Fre Sha Vacado
|-resisted|p1a: Fre Sha Vacado
|-damage|p1a: Fre Sha Vacado|57/100
|
|-heal|p2a: Kingambit|83/100 tox|[from] item: Leftovers
|-heal|p1a: Fre Sha Vacado|63/100|[from] item: Leftovers
|-damage|p2a: Kingambit|71/100 tox|[from] psn
|upkeep
|turn|22
|
|t:|1779654185
|-terastallize|p1a: Fre Sha Vacado|Steel
|move|p2a: Kingambit|Iron Head|p1a: Fre Sha Vacado
|-resisted|p1a: Fre Sha Vacado
|-damage|p1a: Fre Sha Vacado|44/100
|move|p1a: Fre Sha Vacado|Wish|p1a: Fre Sha Vacado
|
|-heal|p2a: Kingambit|77/100 tox|[from] item: Leftovers
|-heal|p1a: Fre Sha Vacado|50/100|[from] item: Leftovers
|-damage|p2a: Kingambit|58/100 tox|[from] psn
|upkeep
|turn|23
|
|t:|1779654195
|move|p1a: Fre Sha Vacado|Protect|p1a: Fre Sha Vacado
|-singleturn|p1a: Fre Sha Vacado|Protect
|move|p2a: Kingambit|Kowtow Cleave|p1a: Fre Sha Vacado
|-activate|p1a: Fre Sha Vacado|move: Protect
|
|-heal|p1a: Fre Sha Vacado|100/100|[from] move: Wish|[wisher] Fre Sha Vacado
|-heal|p2a: Kingambit|64/100 tox|[from] item: Leftovers
|-damage|p2a: Kingambit|40/100 tox|[from] psn
|upkeep
|turn|24
|
|t:|1779654204
|move|p2a: Kingambit|Kowtow Cleave|p1a: Fre Sha Vacado
|-damage|p1a: Fre Sha Vacado|62/100
|move|p1a: Fre Sha Vacado|Wish|p1a: Fre Sha Vacado
|
|-heal|p2a: Kingambit|46/100 tox|[from] item: Leftovers
|-heal|p1a: Fre Sha Vacado|68/100|[from] item: Leftovers
|-damage|p2a: Kingambit|15/100 tox|[from] psn
|upkeep
|turn|25
|
|t:|1779654268
|-end|p2a: Kingambit|fallen1|[silent]
|switch|p2a: Moltres|Moltres|90/100
|switch|p1a: Garchompita|Garchomp, F|100/100
|
|upkeep
|turn|26
|inactive|Battle timer is ON: inactive players will automatically lose when time's up. (requested by nerdish2)
|
|t:|1779654278
|move|p1a: Garchompita|Dragon Claw|p2a: Moltres
|-damage|p2a: Moltres|56/100
|move|p2a: Moltres|Roar|p1a: Garchompita
|drag|p1a: Nine-Finger-Combo|Ninetales, F, shiny|100/100
|-weather|SunnyDay|[from] ability: Drought|[of] p1a: Nine-Finger-Combo
|
|-weather|SunnyDay|[upkeep]
|upkeep
|turn|27
|
|t:|1779654290
|move|p1a: Nine-Finger-Combo|Shadow Ball|p2a: Moltres
|-damage|p2a: Moltres|36/100
|move|p2a: Moltres|U-turn|p1a: Nine-Finger-Combo
|-resisted|p1a: Nine-Finger-Combo
|-damage|p1a: Nine-Finger-Combo|91/100
|
|t:|1779654297
|switch|p2a: Dondozo|Dondozo, M|49/100|[from] U-turn
|
|-weather|SunnyDay|[upkeep]
|-heal|p2a: Dondozo|55/100|[from] item: Leftovers
|upkeep
|turn|28
|
|t:|1779654310
|switch|p2a: Pecharunt|Pecharunt|94/100 tox
|move|p1a: Nine-Finger-Combo|Solar Beam||[still]
|-prepare|p1a: Nine-Finger-Combo|Solar Beam
|-anim|p1a: Nine-Finger-Combo|Solar Beam|p2a: Pecharunt
|-resisted|p2a: Pecharunt
|-damage|p2a: Pecharunt|78/100 tox
|
|-weather|SunnyDay|[upkeep]
|-damage|p2a: Pecharunt|72/100 tox|[from] psn
|upkeep
|turn|29
|
|t:|1779654323
|move|p1a: Nine-Finger-Combo|Flamethrower|p2a: Pecharunt
|-damage|p2a: Pecharunt|20/100 tox
|move|p2a: Pecharunt|Malignant Chain|p1a: Nine-Finger-Combo
|-damage|p1a: Nine-Finger-Combo|54/100
|-status|p1a: Nine-Finger-Combo|tox
|-start|p1a: Nine-Finger-Combo|confusion|[from] ability: Poison Puppeteer|[of] p2a: Pecharunt
|
|-weather|SunnyDay|[upkeep]
|-damage|p1a: Nine-Finger-Combo|48/100 tox|[from] psn
|-damage|p2a: Pecharunt|8/100 tox|[from] psn
|upkeep
|turn|30
|
|t:|1779654334
|-activate|p1a: Nine-Finger-Combo|confusion
|move|p1a: Nine-Finger-Combo|Flamethrower|p2a: Pecharunt
|-damage|p2a: Pecharunt|0 fnt
|faint|p2a: Pecharunt
|
|-weather|none
|-damage|p1a: Nine-Finger-Combo|36/100 tox|[from] psn
|upkeep
|
|t:|1779654342
|switch|p2a: Zamazenta|Zamazenta|100/100
|-ability|p2a: Zamazenta|Dauntless Shield|boost
|-boost|p2a: Zamazenta|def|1
|turn|31
|
|t:|1779654347
|move|p2a: Zamazenta|Iron Defense|p2a: Zamazenta
|-boost|p2a: Zamazenta|def|2
|-activate|p1a: Nine-Finger-Combo|confusion
|move|p1a: Nine-Finger-Combo|Will-O-Wisp|p2a: Zamazenta
|-status|p2a: Zamazenta|brn
|
|-damage|p1a: Nine-Finger-Combo|19/100 tox|[from] psn
|-damage|p2a: Zamazenta|94/100 brn|[from] brn
|upkeep
|turn|32
|
|t:|1779654355
|move|p2a: Zamazenta|Iron Defense|p2a: Zamazenta
|-boost|p2a: Zamazenta|def|2
|-activate|p1a: Nine-Finger-Combo|confusion
|move|p1a: Nine-Finger-Combo|Flamethrower|p2a: Zamazenta
|-damage|p2a: Zamazenta|69/100 brn
|
|-heal|p2a: Zamazenta|75/100 brn|[from] item: Leftovers
|-damage|p1a: Nine-Finger-Combo|0 fnt|[from] psn
|faint|p1a: Nine-Finger-Combo
|-damage|p2a: Zamazenta|69/100 brn|[from] brn
|upkeep
|
|t:|1779654367
|switch|p1a: Fre Sha Vacado|Clefable, F, shiny, tera:Steel|68/100
|turn|33
|
|t:|1779654373
|move|p2a: Zamazenta|Body Press|p1a: Fre Sha Vacado
|-supereffective|p1a: Fre Sha Vacado
|-damage|p1a: Fre Sha Vacado|43/100
|move|p1a: Fre Sha Vacado|Wish|p1a: Fre Sha Vacado
|
|-heal|p2a: Zamazenta|75/100 brn|[from] item: Leftovers
|-heal|p1a: Fre Sha Vacado|49/100|[from] item: Leftovers
|-damage|p2a: Zamazenta|69/100 brn|[from] brn
|upkeep
|turn|34
|
|t:|1779654381
|move|p1a: Fre Sha Vacado|Protect|p1a: Fre Sha Vacado
|-singleturn|p1a: Fre Sha Vacado|Protect
|move|p2a: Zamazenta|Roar|p1a: Fre Sha Vacado
|drag|p1a: Glimmerina Garlica|Glimmora, F|70/100
|
|-heal|p1a: Glimmerina Garlica|100/100|[from] move: Wish|[wisher] Fre Sha Vacado
|-heal|p2a: Zamazenta|75/100 brn|[from] item: Leftovers
|-damage|p2a: Zamazenta|69/100 brn|[from] brn
|upkeep
|turn|35
|c|☆MichaelDestroyedU|Since when does roar bypass protect?
|c|☆MichaelDestroyedU|Lol
|
|t:|1779654406
|move|p2a: Zamazenta|Body Press|p1a: Glimmerina Garlica
|-damage|p1a: Glimmerina Garlica|51/100
|move|p1a: Glimmerina Garlica|Sludge Bomb|p2a: Zamazenta
|-damage|p2a: Zamazenta|36/100 brn
|
|-heal|p2a: Zamazenta|42/100 brn|[from] item: Leftovers
|-damage|p2a: Zamazenta|36/100 brn|[from] brn
|upkeep
|turn|36
|c|☆nerdish2|always did trust
|c|☆MichaelDestroyedU|Lol
|
|t:|1779654421
|move|p2a: Zamazenta|Body Press|p1a: Glimmerina Garlica
|-damage|p1a: Glimmerina Garlica|0 fnt
|faint|p1a: Glimmerina Garlica
|
|-heal|p2a: Zamazenta|42/100 brn|[from] item: Leftovers
|-damage|p2a: Zamazenta|36/100 brn|[from] brn
|upkeep
|
|t:|1779654425
|switch|p1a: Fre Sha Vacado|Clefable, F, shiny, tera:Steel|49/100
|turn|37
|
|t:|1779654431
|move|p2a: Zamazenta|Body Press|p1a: Fre Sha Vacado
|-supereffective|p1a: Fre Sha Vacado
|-damage|p1a: Fre Sha Vacado|24/100
|move|p1a: Fre Sha Vacado|Wish|p1a: Fre Sha Vacado
|
|-heal|p2a: Zamazenta|42/100 brn|[from] item: Leftovers
|-heal|p1a: Fre Sha Vacado|30/100|[from] item: Leftovers
|-damage|p2a: Zamazenta|36/100 brn|[from] brn
|upkeep
|turn|38
|
|t:|1779654438
|move|p1a: Fre Sha Vacado|Protect|p1a: Fre Sha Vacado
|-singleturn|p1a: Fre Sha Vacado|Protect
|move|p2a: Zamazenta|Roar|p1a: Fre Sha Vacado
|drag|p1a: Garchompita|Garchomp, F|100/100
|
|-heal|p2a: Zamazenta|42/100 brn|[from] item: Leftovers
|-damage|p2a: Zamazenta|36/100 brn|[from] brn
|upkeep
|turn|39
|c|☆nerdish2|again is crazy
|
|t:|1779654455
|move|p2a: Zamazenta|Body Press|p1a: Garchompita
|-damage|p1a: Garchompita|55/100
|-damage|p2a: Zamazenta|24/100 brn|[from] ability: Rough Skin|[of] p1a: Garchompita
|move|p1a: Garchompita|Dragon Claw|p2a: Zamazenta
|-damage|p2a: Zamazenta|14/100 brn
|
|-heal|p2a: Zamazenta|21/100 brn|[from] item: Leftovers
|-damage|p2a: Zamazenta|14/100 brn|[from] brn
|upkeep
|turn|40
|
|t:|1779654465
|move|p2a: Zamazenta|Body Press|p1a: Garchompita
|-damage|p1a: Garchompita|4/100
|-damage|p2a: Zamazenta|2/100 brn|[from] ability: Rough Skin|[of] p1a: Garchompita
|move|p1a: Garchompita|Dragon Claw|p2a: Zamazenta
|-damage|p2a: Zamazenta|0 fnt
|faint|p2a: Zamazenta
|
|upkeep
|c|☆MichaelDestroyedU|Shhh
|
|t:|1779654475
|switch|p2a: Kingambit|Kingambit, M|15/100 tox
|-activate|p2a: Kingambit|ability: Supreme Overlord
|-start|p2a: Kingambit|fallen3|[silent]
|turn|41
|
|t:|1779654486
|move|p2a: Kingambit|Sucker Punch|p1a: Garchompita
|-damage|p1a: Garchompita|0 fnt
|-damage|p2a: Kingambit|3/100 tox|[from] ability: Rough Skin|[of] p1a: Garchompita
|faint|p1a: Garchompita
|
|-heal|p2a: Kingambit|9/100 tox|[from] item: Leftovers
|-damage|p2a: Kingambit|3/100 tox|[from] psn
|upkeep
|
|t:|1779654488
|switch|p1a: Fre Sha Vacado|Clefable, F, shiny, tera:Steel|30/100
|turn|42
|
|t:|1779654504
|move|p1a: Fre Sha Vacado|Protect|p1a: Fre Sha Vacado
|-singleturn|p1a: Fre Sha Vacado|Protect
|move|p2a: Kingambit|Kowtow Cleave|p1a: Fre Sha Vacado
|-activate|p1a: Fre Sha Vacado|move: Protect
|
|-heal|p2a: Kingambit|9/100 tox|[from] item: Leftovers
|-heal|p1a: Fre Sha Vacado|37/100|[from] item: Leftovers
|-damage|p2a: Kingambit|0 fnt|[from] psn
|faint|p2a: Kingambit
|-end|p2a: Kingambit|fallen3|[silent]
|upkeep
|
|t:|1779654513
|switch|p2a: Moltres|Moltres|36/100
|turn|43
|
|t:|1779654516
|move|p2a: Moltres|Flamethrower|p1a: Fre Sha Vacado
|-supereffective|p1a: Fre Sha Vacado
|-damage|p1a: Fre Sha Vacado|0 fnt
|faint|p1a: Fre Sha Vacado
|
|win|nerdish2
|raw|MichaelDestroyedU's rating: 1218 &rarr; <strong>1196</strong><br />(-22 for losing)
|raw|nerdish2's rating: 1259 &rarr; <strong>1281</strong><br />(+22 for winning)
|c|☆MichaelDestroyedU|Gg
|l|☆MichaelDestroyedU
|player|p1|
|c|☆nerdish2|gg
