|j|☆Xiguana
|j|☆zzwwyy
|t:|1779612402
|gametype|singles
|player|p1|Xiguana|102|1370
|player|p2|zzwwyy|twins-gen4dp|1321
|gen|9
|tier|[Gen 9] OU
|rated|
|rule|HP Percentage Mod: HP is shown in percentages
|rule|Endless Battle Clause: Forcing endless battles is banned
|rule|Species Clause: Limit one of each Pokémon
|rule|OHKO Clause: OHKO moves are banned
|rule|Evasion Items Clause: Evasion items are banned
|rule|Evasion Moves Clause: Evasion moves are banned
|rule|Evasion Abilities Clause: Evasion abilities are banned
|rule|Sleep Moves Clause: Sleep-inducing moves are banned
|clearpoke
|poke|p1|Zamazenta-*|
|poke|p1|Dragapult, F|
|poke|p1|Pecharunt|
|poke|p1|Ogerpon-Wellspring, F|
|poke|p1|Iron Treads|
|poke|p1|Kingambit, F|
|poke|p2|Slowbro, F|
|poke|p2|Blaziken, M|
|poke|p2|Kyurem|
|poke|p2|Glimmora, F|
|poke|p2|Ditto|
|poke|p2|Rillaboom, F|
|teampreview
|inactive|Battle timer is ON: inactive players will automatically lose when time's up. (requested by zzwwyy)
|
|t:|1779612421
|teamsize|p1|6
|teamsize|p2|6
|start
|switch|p1a: Iron Treads|Iron Treads|100/100
|switch|p2a: Ditto|Ditto|100/100
|-transform|p2a: Ditto|p1a: Iron Treads|[from] ability: Imposter
|-enditem|p1a: Iron Treads|Booster Energy
|-activate|p1a: Iron Treads|ability: Quark Drive|[fromitem]
|-start|p1a: Iron Treads|quarkdrivespe
|turn|1
|
|t:|1779612445
|move|p1a: Iron Treads|Earthquake|p2a: Ditto
|-supereffective|p2a: Ditto
|-damage|p2a: Ditto|6/100
|move|p2a: Ditto|Earthquake|p1a: Iron Treads
|-supereffective|p1a: Iron Treads
|-damage|p1a: Iron Treads|8/100
|
|upkeep
|turn|2
|
|t:|1779612454
|move|p2a: Ditto|Earthquake|p1a: Iron Treads
|-supereffective|p1a: Iron Treads
|-damage|p1a: Iron Treads|0 fnt
|faint|p1a: Iron Treads
|-end|p1a: Iron Treads|Quark Drive|[silent]
|
|upkeep
|inactive|Xiguana has 120 seconds left.
|
|t:|1779612474
|switch|p1a: Ogerpon|Ogerpon-Wellspring, F|100/100
|turn|3
|
|t:|1779612484
|-end|p2a: Ditto|Quark Drive|[silent]
|switch|p2a: Glimmora|Glimmora, F|100/100
|move|p1a: Ogerpon|Substitute|p1a: Ogerpon
|-start|p1a: Ogerpon|Substitute
|-damage|p1a: Ogerpon|76/100
|
|upkeep
|turn|4
|
|t:|1779612499
|move|p1a: Ogerpon|Swords Dance|p1a: Ogerpon
|-boost|p1a: Ogerpon|atk|2
|move|p2a: Glimmora|Power Gem|p1a: Ogerpon
|-end|p1a: Ogerpon|Substitute
|
|upkeep
|turn|5
|l|☆zzwwyy
|inactive|zzwwyy disconnected and has a minute to reconnect!
|player|p2|
|
|t:|1779612513
|move|p1a: Ogerpon|Ivy Cudgel|p2a: Glimmora|[anim] Ivy Cudgel Water
|-supereffective|p2a: Glimmora
|-damage|p2a: Glimmora|0 fnt
|-activate|p2a: Glimmora|ability: Toxic Debris
|-sidestart|p1: Xiguana|move: Toxic Spikes
|faint|p2a: Glimmora
|
|upkeep
|j|☆zzwwyy
|inactive|zzwwyy reconnected and has 140 seconds left.
|player|p2|zzwwyy|twins-gen4dp|
|inactive|zzwwyy has 120 seconds left.
|
|t:|1779612557
|switch|p2a: Blaziken|Blaziken, M|100/100
|turn|6
|
|t:|1779612576
|move|p1a: Ogerpon|Ivy Cudgel|p2a: Blaziken|[anim] Ivy Cudgel Water
|-supereffective|p2a: Blaziken
|-damage|p2a: Blaziken|0 fnt
|faint|p2a: Blaziken
|
|upkeep
|
|t:|1779612581
|switch|p2a: Rillaboom|Rillaboom, F|100/100
|-fieldstart|move: Grassy Terrain|[from] ability: Grassy Surge|[of] p2a: Rillaboom
|turn|7
|inactive|Xiguana has 120 seconds left.
|
|t:|1779612614
|switch|p1a: Zamazenta|Zamazenta|100/100
|-status|p1a: Zamazenta|psn
|-ability|p1a: Zamazenta|Dauntless Shield|boost
|-boost|p1a: Zamazenta|def|1
|-terastallize|p2a: Rillaboom|Grass
|move|p2a: Rillaboom|Grassy Glide|p1a: Zamazenta
|-damage|p1a: Zamazenta|55/100 psn
|
|-heal|p1a: Zamazenta|61/100 psn|[from] Grassy Terrain
|-damage|p1a: Zamazenta|49/100 psn|[from] psn
|upkeep
|turn|8
|inactive|zzwwyy has 120 seconds left.
|inactive|Xiguana has 120 seconds left.
|
|t:|1779612627
|move|p2a: Rillaboom|Grassy Glide|p1a: Zamazenta
|-damage|p1a: Zamazenta|4/100 psn
|move|p1a: Zamazenta|Reflect|p1a: Zamazenta
|-sidestart|p1: Xiguana|Reflect
|
|-heal|p1a: Zamazenta|10/100 psn|[from] Grassy Terrain
|-damage|p1a: Zamazenta|0 fnt|[from] psn
|faint|p1a: Zamazenta
|upkeep
|inactive|Xiguana has 120 seconds left.
|
|t:|1779612633
|switch|p1a: Pecharunt|Pecharunt|100/100
|-sideend|p1: Xiguana|move: Toxic Spikes|[of] p1a: Pecharunt
|turn|9
|
|t:|1779612640
|switch|p2a: Slowbro|Slowbro, F|100/100
|move|p1a: Pecharunt|Malignant Chain|p2a: Slowbro
|-damage|p2a: Slowbro|69/100
|
|-heal|p2a: Slowbro|75/100|[from] Grassy Terrain
|upkeep
|turn|10
|inactive|Xiguana has 120 seconds left.
|
|t:|1779612655
|move|p1a: Pecharunt|Shadow Ball|p2a: Slowbro
|-supereffective|p2a: Slowbro
|-damage|p2a: Slowbro|18/100
|move|p2a: Slowbro|Future Sight|p1a: Pecharunt
|-start|p2a: Slowbro|move: Future Sight
|
|-heal|p2a: Slowbro|24/100|[from] Grassy Terrain
|upkeep
|turn|11
|
|t:|1779612662
|move|p1a: Pecharunt|Shadow Ball|p2a: Slowbro
|-supereffective|p2a: Slowbro
|-damage|p2a: Slowbro|0 fnt
|faint|p2a: Slowbro
|
|-fieldend|move: Grassy Terrain
|upkeep
|
|t:|1779612665
|switch|p2a: Kyurem|Kyurem|100/100
|-ability|p2a: Kyurem|Pressure
|turn|12
|
|t:|1779612681
|switch|p1a: Ogerpon|Ogerpon-Wellspring, F|76/100
|move|p2a: Kyurem|Substitute|p2a: Kyurem
|-start|p2a: Kyurem|Substitute
|-damage|p2a: Kyurem|75/100
|
|-end|p1a: Ogerpon|move: Future Sight
|-damage|p1a: Ogerpon|26/100
|-heal|p2a: Kyurem|82/100|[from] item: Leftovers
|upkeep
|turn|13
|
|t:|1779612690
|move|p2a: Kyurem|Protect|p2a: Kyurem
|-singleturn|p2a: Kyurem|Protect
|move|p1a: Ogerpon|Ivy Cudgel|p2a: Kyurem|[anim] Ivy Cudgel Water
|-activate|p2a: Kyurem|move: Protect
|
|-heal|p2a: Kyurem|88/100|[from] item: Leftovers
|upkeep
|turn|14
|
|t:|1779612697
|move|p1a: Ogerpon|Ivy Cudgel|p2a: Kyurem|[anim] Ivy Cudgel Water
|-resisted|p2a: Kyurem
|-crit|p2a: Kyurem
|-end|p2a: Kyurem|Substitute
|move|p2a: Kyurem|Freeze-Dry|p1a: Ogerpon
|-supereffective|p1a: Ogerpon
|-damage|p1a: Ogerpon|0 fnt
|faint|p1a: Ogerpon
|
|-heal|p2a: Kyurem|94/100|[from] item: Leftovers
|upkeep
|inactive|Xiguana has 120 seconds left.
|
|t:|1779612726
|switch|p1a: Dragapult|Dragapult, F|100/100
|turn|15
|
|t:|1779612732
|move|p2a: Kyurem|Protect|p2a: Kyurem
|-singleturn|p2a: Kyurem|Protect
|move|p1a: Dragapult|Dragon Darts|p2a: Kyurem
|-activate|p2a: Kyurem|move: Protect
|
|-heal|p2a: Kyurem|99/100|[from] item: Leftovers
|-sideend|p1: Xiguana|Reflect
|upkeep
|turn|16
|
|t:|1779612740
|move|p1a: Dragapult|Substitute|p1a: Dragapult
|-start|p1a: Dragapult|Substitute
|-damage|p1a: Dragapult|76/100
|move|p2a: Kyurem|Freeze-Dry|p1a: Dragapult
|-supereffective|p1a: Dragapult
|-end|p1a: Dragapult|Substitute
|
|-heal|p1a: Dragapult|82/100|[from] item: Leftovers
|-heal|p2a: Kyurem|100/100|[from] item: Leftovers
|upkeep
|turn|17
|
|t:|1779612749
|-terastallize|p1a: Dragapult|Dragon
|move|p1a: Dragapult|Dragon Darts|p2a: Kyurem
|-supereffective|p2a: Kyurem
|-damage|p2a: Kyurem|27/100
|-anim|p1a: Dragapult|Dragon Darts|p2a: Kyurem
|-supereffective|p2a: Kyurem
|-damage|p2a: Kyurem|0 fnt
|faint|p2a: Kyurem
|
|-heal|p1a: Dragapult|88/100|[from] item: Leftovers
|upkeep
|
|t:|1779612755
|switch|p2a: Ditto|Ditto|6/100
|-transform|p2a: Ditto|p1a: Dragapult|[from] ability: Imposter
|-start|p2a: Ditto|typechange|Dragon/Ghost|[silent]
|turn|18
|
|t:|1779612774
|switch|p2a: Rillaboom|Rillaboom, F, tera:Grass|100/100
|-fieldstart|move: Grassy Terrain|[from] ability: Grassy Surge|[of] p2a: Rillaboom
|switch|p1a: Pecharunt|Pecharunt|100/100
|
|upkeep
|turn|19
|
|t:|1779612793
|move|p1a: Pecharunt|Malignant Chain|p2a: Rillaboom
|-supereffective|p2a: Rillaboom
|-damage|p2a: Rillaboom|12/100
|move|p2a: Rillaboom|Wood Hammer|p1a: Pecharunt
|-resisted|p1a: Pecharunt
|-damage|p1a: Pecharunt|45/100
|-damage|p2a: Rillaboom|0 fnt|[from] Recoil
|faint|p2a: Rillaboom
|
|-heal|p1a: Pecharunt|51/100|[from] Grassy Terrain
|-heal|p1a: Pecharunt|57/100|[from] item: Leftovers
|upkeep
|
|t:|1779612799
|switch|p2a: Ditto|Ditto|6/100
|-transform|p2a: Ditto|p1a: Pecharunt|[from] ability: Imposter
|turn|20
|-message|zzwwyy forfeited.
|
|win|Xiguana
|raw|Xiguana's rating: 1370 &rarr; <strong>1387</strong><br />(+17 for winning)
|raw|zzwwyy's rating: 1321 &rarr; <strong>1304</strong><br />(-17 for losing)
|l|☆zzwwyy
|player|p2|
|l|☆Xiguana
|player|p1|
