|j|☆athrel
|j|☆welovevaporeon
|t:|1779682211
|gametype|singles
|player|p1|athrel|102|1377
|player|p2|welovevaporeon|zinnia|1503
|gen|9
|tier|[Gen 9] OU
|rated|
|rule|HP Percentage Mod: HP is shown in percentages
|rule|Endless Battle Clause: Forcing endless battles is banned
|rule|Species Clause: Limit one of each Pokémon
|rule|OHKO Clause: OHKO moves are banned
|rule|Evasion Items Clause: Evasion items are banned
|rule|Evasion Moves Clause: Evasion moves are banned
|rule|Evasion Abilities Clause: Evasion abilities are banned
|rule|Sleep Moves Clause: Sleep-inducing moves are banned
|clearpoke
|poke|p1|Kyurem|
|poke|p1|Araquanid, M|
|poke|p1|Ceruledge, F|
|poke|p1|Rillaboom, F|
|poke|p1|Gholdengo|
|poke|p1|Iron Treads|
|poke|p2|Iron Valiant|
|poke|p2|Slowking-Galar, M|
|poke|p2|Regieleki|
|poke|p2|Meowscarada, F|
|poke|p2|Moltres|
|poke|p2|Great Tusk|
|teampreview
|
|t:|1779682230
|teamsize|p1|6
|teamsize|p2|6
|start
|switch|p1a: Rillaboom|Rillaboom, F|100/100
|switch|p2a: Moltres|Moltres|100/100
|-fieldstart|move: Grassy Terrain|[from] ability: Grassy Surge|[of] p1a: Rillaboom
|turn|1
|
|t:|1779682236
|switch|p1a: Araquanid|Araquanid, M|100/100
|move|p2a: Moltres|U-turn|p1a: Araquanid
|-damage|p1a: Araquanid|83/100
|
|t:|1779682248
|switch|p2a: Honored1|Regieleki, shiny|100/100|[from] U-turn
|
|-heal|p1a: Araquanid|89/100|[from] Grassy Terrain
|upkeep
|turn|2
|
|t:|1779682256
|switch|p1a: Iron Treads|Iron Treads|100/100
|move|p2a: Honored1|Electro Ball|p1a: Iron Treads
|-immune|p1a: Iron Treads
|
|upkeep
|turn|3
|inactive|Battle timer is ON: inactive players will automatically lose when time's up. (requested by welovevaporeon)
|
|t:|1779682265
|switch|p2a: Moltres|Moltres|100/100
|move|p1a: Iron Treads|Stealth Rock|p2a: Moltres
|-sidestart|p2: welovevaporeon|move: Stealth Rock
|
|upkeep
|turn|4
|
|t:|1779682274
|move|p1a: Iron Treads|Volt Switch|p2a: Moltres
|-supereffective|p2a: Moltres
|-damage|p2a: Moltres|75/100
|
|t:|1779682280
|-end|p1a: Iron Treads|Quark Drive|[silent]
|switch|p1a: Araquanid|Araquanid, M|89/100|[from] Volt Switch
|move|p2a: Moltres|U-turn|p1a: Araquanid
|-damage|p1a: Araquanid|70/100
|inactive|welovevaporeon has 120 seconds left.
|
|t:|1779682331
|switch|p2a: Gary|Meowscarada, F, shiny|100/100|[from] U-turn
|-damage|p2a: Gary|88/100|[from] Stealth Rock
|
|-heal|p2a: Gary|94/100|[from] Grassy Terrain
|-heal|p1a: Araquanid|76/100|[from] Grassy Terrain
|upkeep
|turn|5
|
|t:|1779682348
|move|p2a: Gary|U-turn|p1a: Araquanid
|-start|p2a: Gary|typechange|Bug|[from] ability: Protean
|-damage|p1a: Araquanid|40/100
|
|t:|1779682354
|switch|p2a: Slowking|Slowking-Galar, M|100/100|[from] U-turn
|move|p1a: Araquanid|Endeavor|p2a: Slowking
|-damage|p2a: Slowking|35/100
|
|-heal|p1a: Araquanid|46/100|[from] Grassy Terrain
|-heal|p2a: Slowking|41/100|[from] Grassy Terrain
|-fieldend|move: Grassy Terrain
|upkeep
|turn|6
|
|t:|1779682364
|move|p1a: Araquanid|Liquidation|p2a: Slowking
|-damage|p2a: Slowking|0 fnt
|faint|p2a: Slowking
|
|upkeep
|
|t:|1779682374
|switch|p2a: Gary|Meowscarada, F, shiny|94/100
|-damage|p2a: Gary|82/100|[from] Stealth Rock
|turn|7
|
|t:|1779682382
|move|p2a: Gary|Flower Trick|p1a: Araquanid
|-start|p2a: Gary|typechange|Grass|[from] ability: Protean
|-crit|p1a: Araquanid
|-damage|p1a: Araquanid|0 fnt
|faint|p1a: Araquanid
|
|upkeep
|
|t:|1779682394
|switch|p1a: Kyurem|Kyurem|100/100
|-ability|p1a: Kyurem|Pressure
|turn|8
|inactive|welovevaporeon has 120 seconds left.
|
|t:|1779682415
|switch|p2a: Great Tusk|Great Tusk|100/100
|move|p1a: Kyurem|Ice Beam|p2a: Great Tusk
|-supereffective|p2a: Great Tusk
|-damage|p2a: Great Tusk|0 fnt
|faint|p2a: Great Tusk
|-end|p2a: Great Tusk|Protosynthesis|[silent]
|
|upkeep
|
|t:|1779682420
|switch|p2a: Iron Valiant|Iron Valiant|100/100
|-damage|p2a: Iron Valiant|94/100|[from] Stealth Rock
|-enditem|p2a: Iron Valiant|Booster Energy
|-activate|p2a: Iron Valiant|ability: Quark Drive|[fromitem]
|-start|p2a: Iron Valiant|quarkdrivespe
|turn|9
|
|t:|1779682433
|switch|p1a: Gholdengo|Gholdengo|100/100
|move|p2a: Iron Valiant|Calm Mind|p2a: Iron Valiant
|-boost|p2a: Iron Valiant|spa|1
|-boost|p2a: Iron Valiant|spd|1
|
|upkeep
|turn|10
|
|t:|1779682442
|-terastallize|p2a: Iron Valiant|Ghost
|move|p2a: Iron Valiant|Shadow Ball|p1a: Gholdengo
|-supereffective|p1a: Gholdengo
|-damage|p1a: Gholdengo|0 fnt
|faint|p1a: Gholdengo
|
|upkeep
|
|t:|1779682470
|switch|p1a: Rillaboom|Rillaboom, F|100/100
|-fieldstart|move: Grassy Terrain|[from] ability: Grassy Surge|[of] p1a: Rillaboom
|turn|11
|
|t:|1779682482
|-end|p2a: Iron Valiant|Quark Drive|[silent]
|switch|p2a: Moltres|Moltres|75/100
|move|p1a: Rillaboom|Grassy Glide|p2a: Moltres
|-resisted|p2a: Moltres
|-damage|p2a: Moltres|68/100
|
|upkeep
|turn|12
|
|t:|1779682497
|switch|p2a: Honored1|Regieleki, shiny|100/100
|-damage|p2a: Honored1|88/100|[from] Stealth Rock
|move|p1a: Rillaboom|Knock Off|p2a: Honored1
|-damage|p2a: Honored1|13/100
|-enditem|p2a: Honored1|Choice Specs|[from] move: Knock Off|[of] p1a: Rillaboom
|
|-heal|p2a: Honored1|19/100|[from] Grassy Terrain
|upkeep
|turn|13
|
|t:|1779682501
|move|p1a: Rillaboom|Grassy Glide|p2a: Honored1
|-damage|p2a: Honored1|0 fnt
|faint|p2a: Honored1
|
|upkeep
|
|t:|1779682510
|switch|p2a: Gary|Meowscarada, F, shiny|82/100
|-damage|p2a: Gary|70/100|[from] Stealth Rock
|turn|14
|
|t:|1779682516
|move|p2a: Gary|Triple Axel|p1a: Rillaboom
|-start|p2a: Gary|typechange|Ice|[from] ability: Protean
|-supereffective|p1a: Rillaboom
|-damage|p1a: Rillaboom|84/100
|-supereffective|p1a: Rillaboom
|-crit|p1a: Rillaboom
|-damage|p1a: Rillaboom|36/100
|-supereffective|p1a: Rillaboom
|-damage|p1a: Rillaboom|0 fnt
|faint|p1a: Rillaboom
|-hitcount|p1: Rillaboom|3
|
|-heal|p2a: Gary|76/100|[from] Grassy Terrain
|upkeep
|
|t:|1779682521
|switch|p1a: Ceruledge|Ceruledge, F|100/100
|turn|15
|
|t:|1779682542
|switch|p2a: Moltres|Moltres|68/100
|move|p1a: Ceruledge|Swords Dance|p1a: Ceruledge
|-boost|p1a: Ceruledge|atk|2
|
|-fieldend|move: Grassy Terrain
|upkeep
|turn|16
|
|t:|1779682550
|move|p1a: Ceruledge|Bitter Blade|p2a: Moltres
|-resisted|p2a: Moltres
|-damage|p2a: Moltres|29/100
|-damage|p1a: Ceruledge|91/100|[from] item: Life Orb
|move|p2a: Moltres|Flamethrower|p1a: Ceruledge
|-start|p1a: Ceruledge|ability: Flash Fire
|
|upkeep
|turn|17
|
|t:|1779682559
|move|p1a: Ceruledge|Bitter Blade|p2a: Moltres
|-resisted|p2a: Moltres
|-damage|p2a: Moltres|0 fnt
|-heal|p1a: Ceruledge|100/100|[from] drain|[of] p2a: Moltres
|faint|p2a: Moltres
|-damage|p1a: Ceruledge|91/100|[from] item: Life Orb
|
|upkeep
|
|t:|1779682562
|switch|p2a: Gary|Meowscarada, F, shiny|76/100
|-damage|p2a: Gary|64/100|[from] Stealth Rock
|turn|18
|
|t:|1779682606
|-end|p1a: Ceruledge|ability: Flash Fire|[silent]
|switch|p1a: Iron Treads|Iron Treads|100/100
|move|p2a: Gary|U-turn|p1a: Iron Treads
|-start|p2a: Gary|typechange|Bug|[from] ability: Protean
|-resisted|p1a: Iron Treads
|-damage|p1a: Iron Treads|89/100
|
|t:|1779682611
|switch|p2a: Iron Valiant|Iron Valiant, tera:Ghost|94/100|[from] U-turn
|-damage|p2a: Iron Valiant|82/100|[from] Stealth Rock
|
|-heal|p1a: Iron Treads|96/100|[from] item: Leftovers
|upkeep
|turn|19
|
|t:|1779682622
|move|p2a: Iron Valiant|Shadow Ball|p1a: Iron Treads
|-damage|p1a: Iron Treads|51/100
|move|p1a: Iron Treads|Volt Switch|p2a: Iron Valiant
|-damage|p2a: Iron Valiant|61/100
|
|t:|1779682625
|-end|p1a: Iron Treads|Quark Drive|[silent]
|switch|p1a: Kyurem|Kyurem|100/100|[from] Volt Switch
|-ability|p1a: Kyurem|Pressure
|
|upkeep
|turn|20
|
|t:|1779682630
|move|p2a: Iron Valiant|Moonblast|p1a: Kyurem
|-supereffective|p1a: Kyurem
|-damage|p1a: Kyurem|8/100
|move|p1a: Kyurem|Ice Beam|p2a: Iron Valiant
|-damage|p2a: Iron Valiant|0 fnt
|faint|p2a: Iron Valiant
|-end|p2a: Iron Valiant|Quark Drive|[silent]
|
|upkeep
|
|t:|1779682635
|switch|p2a: Gary|Meowscarada, F, shiny|64/100
|-damage|p2a: Gary|51/100|[from] Stealth Rock
|turn|21
|
|t:|1779682649
|move|p2a: Gary|Knock Off|p1a: Kyurem
|-start|p2a: Gary|typechange|Dark|[from] ability: Protean
|-damage|p1a: Kyurem|0 fnt
|-enditem|p1a: Kyurem|Choice Specs|[from] move: Knock Off|[of] p2a: Gary
|faint|p1a: Kyurem
|
|upkeep
|
|t:|1779682654
|switch|p1a: Ceruledge|Ceruledge, F|91/100
|turn|22
|
|t:|1779682658
|-terastallize|p1a: Ceruledge|Grass
|move|p2a: Gary|Knock Off|p1a: Ceruledge
|-damage|p1a: Ceruledge|24/100
|-enditem|p1a: Ceruledge|Life Orb|[from] move: Knock Off|[of] p2a: Gary
|move|p1a: Ceruledge|Close Combat|p2a: Gary
|-supereffective|p2a: Gary
|-damage|p2a: Gary|0 fnt
|-unboost|p1a: Ceruledge|def|1
|-unboost|p1a: Ceruledge|spd|1
|faint|p2a: Gary
|
|win|athrel
|raw|athrel's rating: 1377 &rarr; <strong>1404</strong><br />(+27 for winning)
|raw|welovevaporeon's rating: 1503 &rarr; <strong>1476</strong><br />(-27 for losing)
|c|☆welovevaporeon|chud
|c|☆athrel|lmoa
|l|☆athrel
|player|p1|
|l|☆welovevaporeon
|player|p2|
