|j|☆greattrainer123
|j|☆lousiv
|t:|1779595400
|gametype|singles
|player|p1|greattrainer123|2|1386
|player|p2|lousiv|volkner|1341
|gen|9
|tier|[Gen 9] OU
|rated|
|rule|HP Percentage Mod: HP is shown in percentages
|rule|Endless Battle Clause: Forcing endless battles is banned
|rule|Species Clause: Limit one of each Pokémon
|rule|OHKO Clause: OHKO moves are banned
|rule|Evasion Items Clause: Evasion items are banned
|rule|Evasion Moves Clause: Evasion moves are banned
|rule|Evasion Abilities Clause: Evasion abilities are banned
|rule|Sleep Moves Clause: Sleep-inducing moves are banned
|clearpoke
|poke|p1|Kingambit, F|
|poke|p1|Ditto|
|poke|p1|Hatterene, F|
|poke|p1|Ursaluna, F|
|poke|p1|Deoxys-Defense|
|poke|p1|Regieleki|
|poke|p2|Deoxys-Speed|
|poke|p2|Gliscor, M|
|poke|p2|Gholdengo|
|poke|p2|Scrafty, F|
|poke|p2|Clefable, F|
|poke|p2|Great Tusk|
|teampreview
|inactive|Battle timer is ON: inactive players will automatically lose when time's up. (requested by greattrainer123)
|
|t:|1779595410
|teamsize|p1|6
|teamsize|p2|6
|start
|switch|p1a: Hatterene|Hatterene, F|100/100
|switch|p2a: Deoxys|Deoxys-Speed|100/100
|-ability|p2a: Deoxys|Pressure
|turn|1
|
|t:|1779595414
|move|p2a: Deoxys|Knock Off|p1a: Hatterene
|-damage|p1a: Hatterene|73/100
|-enditem|p1a: Hatterene|Focus Sash|[from] move: Knock Off|[of] p2a: Deoxys
|move|p1a: Hatterene|Trick Room|p1a: Hatterene
|-fieldstart|move: Trick Room|[of] p1a: Hatterene
|
|upkeep
|turn|2
|
|t:|1779595423
|switch|p2a: Gliscor|Gliscor, M|100/100
|move|p1a: Hatterene|Mystical Fire|p2a: Gliscor
|-damage|p2a: Gliscor|77/100
|-unboost|p2a: Gliscor|spa|1
|
|-status|p2a: Gliscor|tox|[from] item: Toxic Orb
|upkeep
|turn|3
|
|t:|1779595426
|move|p2a: Gliscor|Protect|p2a: Gliscor
|-singleturn|p2a: Gliscor|Protect
|move|p1a: Hatterene|Psychic Noise|p2a: Gliscor
|-activate|p2a: Gliscor|move: Protect
|
|-heal|p2a: Gliscor|89/100 tox|[from] ability: Poison Heal
|upkeep
|turn|4
|
|t:|1779595433
|switch|p2a: Scrafty|Scrafty, F|100/100
|-ability|p2a: Scrafty|Intimidate|boost
|-unboost|p1a: Hatterene|atk|1
|move|p1a: Hatterene|Psychic Noise|p2a: Scrafty
|-immune|p2a: Scrafty
|
|upkeep
|turn|5
|
|t:|1779595441
|switch|p2a: Clefable|Clefable, F|100/100
|move|p1a: Hatterene|Mystical Fire|p2a: Clefable
|-damage|p2a: Clefable|72/100
|-unboost|p2a: Clefable|spa|1
|
|-heal|p2a: Clefable|78/100|[from] item: Leftovers
|-fieldend|move: Trick Room
|upkeep
|turn|6
|l|☆lousiv
|inactive|lousiv disconnected and has a minute to reconnect!
|player|p2|
|j|☆lousiv
|inactive|lousiv reconnected and has 135 seconds left.
|player|p2|lousiv|volkner|
|
|t:|1779595461
|move|p2a: Clefable|Knock Off|p1a: Hatterene
|-damage|p1a: Hatterene|62/100
|move|p1a: Hatterene|Trick Room|p1a: Hatterene
|-fieldstart|move: Trick Room|[of] p1a: Hatterene
|
|-heal|p2a: Clefable|84/100|[from] item: Leftovers
|upkeep
|turn|7
|
|t:|1779595466
|move|p1a: Hatterene|Psychic Noise|p2a: Clefable
|-damage|p2a: Clefable|42/100
|-start|p2a: Clefable|move: Heal Block
|move|p2a: Clefable|Moonblast|p1a: Hatterene
|-damage|p1a: Hatterene|38/100
|-unboost|p1a: Hatterene|spa|1
|
|upkeep
|turn|8
|
|t:|1779595477
|move|p1a: Hatterene|Psychic Noise|p2a: Clefable
|-damage|p2a: Clefable|16/100
|move|p2a: Clefable|Moonblast|p1a: Hatterene
|-damage|p1a: Hatterene|15/100
|
|-end|p2a: Clefable|move: Heal Block
|upkeep
|turn|9
|
|t:|1779595484
|switch|p2a: Gholdengo|Gholdengo|100/100
|-item|p2a: Gholdengo|Air Balloon
|move|p1a: Hatterene|Psychic Noise|p2a: Gholdengo
|-resisted|p2a: Gholdengo
|-damage|p2a: Gholdengo|85/100
|-start|p2a: Gholdengo|move: Heal Block
|-enditem|p2a: Gholdengo|Air Balloon
|
|upkeep
|turn|10
|
|t:|1779595492
|move|p1a: Hatterene|Mystical Fire|p2a: Gholdengo
|-supereffective|p2a: Gholdengo
|-damage|p2a: Gholdengo|45/100
|-unboost|p2a: Gholdengo|spa|1
|move|p2a: Gholdengo|Make It Rain|p1a: Hatterene
|-supereffective|p1a: Hatterene
|-damage|p1a: Hatterene|0 fnt
|-unboost|p2a: Gholdengo|spa|1
|faint|p1a: Hatterene
|
|-end|p2a: Gholdengo|move: Heal Block
|-fieldend|move: Trick Room
|upkeep
|
|t:|1779595503
|switch|p1a: Regieleki|Regieleki|100/100
|turn|11
|
|t:|1779595509
|switch|p2a: Great Tusk|Great Tusk|100/100
|move|p1a: Regieleki|Reflect|p1a: Regieleki
|-sidestart|p1: greattrainer123|Reflect
|
|upkeep
|turn|12
|
|t:|1779595514
|move|p1a: Regieleki|Light Screen|p1a: Regieleki
|-sidestart|p1: greattrainer123|move: Light Screen
|move|p2a: Great Tusk|Stealth Rock|p1a: Regieleki
|-sidestart|p1: greattrainer123|move: Stealth Rock
|
|upkeep
|turn|13
|
|t:|1779595519
|move|p1a: Regieleki|Rapid Spin|p2a: Great Tusk
|-damage|p2a: Great Tusk|93/100
|-boost|p1a: Regieleki|spe|1
|-sideend|p1: greattrainer123|Stealth Rock|[from] move: Rapid Spin|[of] p1a: Regieleki
|move|p2a: Great Tusk|Rapid Spin|p1a: Regieleki
|-damage|p1a: Regieleki|86/100
|-boost|p2a: Great Tusk|spe|1
|
|upkeep
|turn|14
|
|t:|1779595523
|switch|p1a: Deoxys|Deoxys-Defense|100/100
|-ability|p1a: Deoxys|Pressure
|move|p2a: Great Tusk|Headlong Rush|p1a: Deoxys
|-damage|p1a: Deoxys|76/100
|-unboost|p2a: Great Tusk|def|1
|-unboost|p2a: Great Tusk|spd|1
|
|upkeep
|turn|15
|
|t:|1779595529
|-end|p2a: Great Tusk|Protosynthesis|[silent]
|switch|p2a: Scrafty|Scrafty, F|100/100
|-ability|p2a: Scrafty|Intimidate|boost
|-unboost|p1a: Deoxys|atk|1
|move|p1a: Deoxys|Trick Room|p1a: Deoxys
|-fieldstart|move: Trick Room|[of] p1a: Deoxys
|
|upkeep
|turn|16
|
|t:|1779595532
|move|p2a: Scrafty|Bulk Up|p2a: Scrafty
|-boost|p2a: Scrafty|atk|1
|-boost|p2a: Scrafty|def|1
|move|p1a: Deoxys|Teleport|p1a: Deoxys
|
|t:|1779595535
|switch|p1a: Ursaluna|Ursaluna, F|100/100|[from] Teleport
|
|-status|p1a: Ursaluna|brn|[from] item: Flame Orb
|upkeep
|turn|17
|
|t:|1779595548
|-terastallize|p1a: Ursaluna|Ground
|move|p1a: Ursaluna|Headlong Rush|p2a: Scrafty
|-damage|p2a: Scrafty|10/100
|-unboost|p1a: Ursaluna|def|1
|-unboost|p1a: Ursaluna|spd|1
|move|p2a: Scrafty|Drain Punch|p1a: Ursaluna
|-damage|p1a: Ursaluna|76/100 brn
|-heal|p2a: Scrafty|27/100|[from] drain|[of] p1a: Ursaluna
|
|-heal|p2a: Scrafty|33/100|[from] item: Leftovers
|-damage|p1a: Ursaluna|70/100 brn|[from] brn
|upkeep
|turn|18
|
|t:|1779595558
|switch|p2a: Clefable|Clefable, F|16/100
|move|p1a: Ursaluna|Facade|p2a: Clefable
|-damage|p2a: Clefable|0 fnt
|faint|p2a: Clefable
|
|-damage|p1a: Ursaluna|64/100 brn|[from] brn
|-sideend|p1: greattrainer123|Reflect
|upkeep
|
|t:|1779595566
|switch|p2a: Gliscor|Gliscor, M|89/100 tox
|turn|19
|
|t:|1779595569
|move|p2a: Gliscor|Protect|p2a: Gliscor
|-singleturn|p2a: Gliscor|Protect
|move|p1a: Ursaluna|Facade|p2a: Gliscor
|-activate|p2a: Gliscor|move: Protect
|
|-heal|p2a: Gliscor|100/100 tox|[from] ability: Poison Heal
|-damage|p1a: Ursaluna|58/100 brn|[from] brn
|-sideend|p1: greattrainer123|move: Light Screen
|-fieldend|move: Trick Room
|upkeep
|turn|20
|
|t:|1779595575
|switch|p1a: Deoxys|Deoxys-Defense|76/100
|-ability|p1a: Deoxys|Pressure
|move|p2a: Gliscor|Spikes|p1a: Deoxys
|-sidestart|p1: greattrainer123|Spikes
|
|upkeep
|turn|21
|
|t:|1779595578
|move|p2a: Gliscor|Toxic|p1a: Deoxys
|-status|p1a: Deoxys|tox
|move|p1a: Deoxys|Trick Room|p1a: Deoxys
|-fieldstart|move: Trick Room|[of] p1a: Deoxys
|
|-damage|p1a: Deoxys|70/100 tox|[from] psn
|upkeep
|turn|22
|
|t:|1779595587
|move|p2a: Gliscor|Knock Off|p1a: Deoxys
|-supereffective|p1a: Deoxys
|-enditem|p1a: Deoxys|Colbur Berry|[eat]
|-enditem|p1a: Deoxys|Colbur Berry|[weaken]
|-damage|p1a: Deoxys|54/100 tox
|move|p1a: Deoxys|Teleport|p1a: Deoxys
|
|t:|1779595592
|switch|p1a: Ursaluna|Ursaluna, F, tera:Ground|58/100 brn|[from] Teleport
|-damage|p1a: Ursaluna|45/100 brn|[from] Spikes
|
|-damage|p1a: Ursaluna|39/100 brn|[from] brn
|upkeep
|turn|23
|
|t:|1779595596
|move|p2a: Gliscor|Protect|p2a: Gliscor
|-singleturn|p2a: Gliscor|Protect
|move|p1a: Ursaluna|Facade|p2a: Gliscor
|-activate|p2a: Gliscor|move: Protect
|
|-damage|p1a: Ursaluna|33/100 brn|[from] brn
|upkeep
|turn|24
|
|t:|1779595605
|switch|p2a: Gholdengo|Gholdengo|45/100
|move|p1a: Ursaluna|Headlong Rush|p2a: Gholdengo
|-supereffective|p2a: Gholdengo
|-damage|p2a: Gholdengo|0 fnt
|-unboost|p1a: Ursaluna|def|1
|-unboost|p1a: Ursaluna|spd|1
|faint|p2a: Gholdengo
|
|-damage|p1a: Ursaluna|27/100 brn|[from] brn
|upkeep
|
|t:|1779595609
|switch|p2a: Gliscor|Gliscor, M|100/100 tox
|turn|25
|
|t:|1779595613
|switch|p1a: Deoxys|Deoxys-Defense|54/100 tox
|-damage|p1a: Deoxys|41/100 tox|[from] Spikes
|-ability|p1a: Deoxys|Pressure
|move|p2a: Gliscor|Protect||[still]
|-fail|p2a: Gliscor
|
|-damage|p1a: Deoxys|35/100 tox|[from] psn
|-fieldend|move: Trick Room
|upkeep
|turn|26
|
|t:|1779595618
|move|p2a: Gliscor|Spikes|p1a: Deoxys
|-sidestart|p1: greattrainer123|Spikes
|move|p1a: Deoxys|Trick Room|p1a: Deoxys
|-fieldstart|move: Trick Room|[of] p1a: Deoxys
|
|-damage|p1a: Deoxys|24/100 tox|[from] psn
|upkeep
|turn|27
|
|t:|1779595622
|move|p2a: Gliscor|Spikes|p1a: Deoxys
|-sidestart|p1: greattrainer123|Spikes
|move|p1a: Deoxys|Teleport|p1a: Deoxys
|
|t:|1779595627
|switch|p1a: Ursaluna|Ursaluna, F, tera:Ground|27/100 brn|[from] Teleport
|-damage|p1a: Ursaluna|2/100 brn|[from] Spikes
|
|-damage|p1a: Ursaluna|0 fnt|[from] brn
|faint|p1a: Ursaluna
|upkeep
|
|t:|1779595640
|switch|p1a: Ditto|Ditto|100/100
|-damage|p1a: Ditto|76/100|[from] Spikes
|-transform|p1a: Ditto|p2a: Gliscor|[from] ability: Imposter
|turn|28
|
|t:|1779595646
|move|p2a: Gliscor|Knock Off|p1a: Ditto
|-damage|p1a: Ditto|55/100
|-enditem|p1a: Ditto|Choice Scarf|[from] move: Knock Off|[of] p2a: Gliscor
|move|p1a: Ditto|Spikes|p2a: Gliscor
|-sidestart|p2: lousiv|Spikes
|
|upkeep
|turn|29
|
|t:|1779595653
|switch|p2a: Great Tusk|Great Tusk|93/100
|move|p1a: Ditto|Spikes|p2a: Great Tusk
|-sidestart|p2: lousiv|Spikes
|
|upkeep
|turn|30
|
|t:|1779595663
|move|p1a: Ditto|Toxic|p2a: Great Tusk
|-status|p2a: Great Tusk|tox
|move|p2a: Great Tusk|Rapid Spin|p1a: Ditto
|-damage|p1a: Ditto|40/100
|-boost|p2a: Great Tusk|spe|1
|-sideend|p2: lousiv|Spikes|[from] move: Rapid Spin|[of] p2a: Great Tusk
|
|-damage|p2a: Great Tusk|86/100 tox|[from] psn
|-fieldend|move: Trick Room
|upkeep
|turn|31
|
|t:|1779595676
|switch|p1a: Deoxys|Deoxys-Defense|24/100 tox
|-damage|p1a: Deoxys|0 fnt|[from] Spikes
|faint|p1a: Deoxys
|move|p2a: Great Tusk|Rapid Spin|p1: Deoxys|[notarget]
|-fail|p2a: Great Tusk
|
|-damage|p2a: Great Tusk|74/100 tox|[from] psn
|upkeep
|
|t:|1779595684
|switch|p1a: Regieleki|Regieleki|86/100
|-damage|p1a: Regieleki|61/100|[from] Spikes
|turn|32
|
|t:|1779595691
|move|p1a: Regieleki|Rapid Spin|p2a: Great Tusk
|-damage|p2a: Great Tusk|67/100 tox
|-boost|p1a: Regieleki|spe|1
|-sideend|p1: greattrainer123|Spikes|[from] move: Rapid Spin|[of] p1a: Regieleki
|move|p2a: Great Tusk|Headlong Rush|p1a: Regieleki
|-supereffective|p1a: Regieleki
|-damage|p1a: Regieleki|0 fnt
|-unboost|p2a: Great Tusk|def|1
|-unboost|p2a: Great Tusk|spd|1
|faint|p1a: Regieleki
|
|-damage|p2a: Great Tusk|48/100 tox|[from] psn
|upkeep
|
|t:|1779595699
|switch|p1a: Ditto|Ditto|40/100
|-transform|p1a: Ditto|p2a: Great Tusk|[from] ability: Imposter
|turn|33
|
|t:|1779595705
|move|p1a: Ditto|Ice Spinner|p2a: Great Tusk
|-supereffective|p2a: Great Tusk
|-damage|p2a: Great Tusk|0 fnt
|faint|p2a: Great Tusk
|-end|p2a: Great Tusk|Protosynthesis|[silent]
|
|upkeep
|
|t:|1779595711
|switch|p2a: Deoxys|Deoxys-Speed|100/100
|-ability|p2a: Deoxys|Pressure
|turn|34
|
|t:|1779595716
|-end|p1a: Ditto|Protosynthesis|[silent]
|switch|p1a: Kingambit|Kingambit, F|100/100
|-activate|p1a: Kingambit|ability: Supreme Overlord
|-start|p1a: Kingambit|fallen4|[silent]
|move|p2a: Deoxys|Psycho Boost|p1a: Kingambit
|-immune|p1a: Kingambit
|
|upkeep
|turn|35
|
|t:|1779595727
|-terastallize|p2a: Deoxys|Fighting
|move|p2a: Deoxys|Superpower|p1a: Kingambit
|-supereffective|p1a: Kingambit
|-damage|p1a: Kingambit|0 fnt
|-unboost|p2a: Deoxys|atk|1
|-unboost|p2a: Deoxys|def|1
|faint|p1a: Kingambit
|-end|p1a: Kingambit|fallen4|[silent]
|
|upkeep
|
|t:|1779595731
|switch|p1a: Ditto|Ditto|40/100
|-transform|p1a: Ditto|p2a: Deoxys|[from] ability: Imposter
|-ability|p1a: Ditto|Pressure
|-start|p1a: Ditto|typechange|Psychic|[silent]
|turn|36
|
|t:|1779595741
|move|p2a: Deoxys|Knock Off|p1a: Ditto
|-supereffective|p1a: Ditto
|-damage|p1a: Ditto|0 fnt
|faint|p1a: Ditto
|
|win|lousiv
|raw|greattrainer123's rating: 1386 &rarr; <strong>1363</strong><br />(-23 for losing)
|raw|lousiv's rating: 1341 &rarr; <strong>1364</strong><br />(+23 for winning)
|l|☆greattrainer123
|player|p1|
|l|☆lousiv
|player|p2|
