|j|☆aakpokemonmaster
|j|☆Ct3tha
|t:|1779586831
|gametype|singles
|player|p1|aakpokemonmaster|blackbelt-gen4dp|1100
|player|p2|Ct3tha|101|1081
|gen|9
|tier|[Gen 9] OU
|rated|
|rule|HP Percentage Mod: HP is shown in percentages
|rule|Endless Battle Clause: Forcing endless battles is banned
|rule|Species Clause: Limit one of each Pokémon
|rule|OHKO Clause: OHKO moves are banned
|rule|Evasion Items Clause: Evasion items are banned
|rule|Evasion Moves Clause: Evasion moves are banned
|rule|Evasion Abilities Clause: Evasion abilities are banned
|rule|Sleep Moves Clause: Sleep-inducing moves are banned
|clearpoke
|poke|p1|Kingambit, F|
|poke|p1|Landorus-Therian, M|
|poke|p1|Azumarill, M|
|poke|p1|Dragapult, M|
|poke|p1|Toxapex, M|
|poke|p1|Garchomp, F|
|poke|p2|Noctowl, F|
|poke|p2|Darkrai|
|poke|p2|Dragonite, F|
|poke|p2|Gholdengo|
|poke|p2|Ting-Lu|
|poke|p2|Meowscarada, M|
|teampreview
|
|t:|1779586836
|teamsize|p1|6
|teamsize|p2|6
|start
|switch|p1a: Garchomp|Garchomp, F|100/100
|switch|p2a: Noctowl|Noctowl, F|100/100
|turn|1
|
|t:|1779586843
|move|p2a: Noctowl|Moonblast|p1a: Garchomp
|-supereffective|p1a: Garchomp
|-damage|p1a: Garchomp|17/100
|move|p1a: Garchomp|Dragon Tail|p2a: Noctowl
|-damage|p2a: Noctowl|45/100
|drag|p2a: Meowscarada|Meowscarada, M|100/100
|
|upkeep
|turn|2
|inactive|Battle timer is ON: inactive players will automatically lose when time's up. (requested by Ct3tha)
|
|t:|1779586856
|switch|p1a: Coco|Azumarill, M|100/100
|move|p2a: Meowscarada|U-turn|p1a: Coco
|-start|p2a: Meowscarada|typechange|Bug|[from] ability: Protean
|-resisted|p1a: Coco
|-damage|p1a: Coco|80/100
|
|t:|1779586861
|switch|p2a: Noctowl|Noctowl, F|45/100|[from] U-turn
|
|-heal|p1a: Coco|86/100|[from] item: Leftovers
|upkeep
|turn|3
|
|t:|1779586869
|move|p2a: Noctowl|Moonblast|p1a: Coco
|-damage|p1a: Coco|45/100
|move|p1a: Coco|Aqua Ring|p1a: Coco
|-start|p1a: Coco|Aqua Ring
|
|-heal|p1a: Coco|51/100|[from] item: Leftovers
|-heal|p1a: Coco|57/100|[from] Aqua Ring
|upkeep
|turn|4
|
|t:|1779586880
|move|p2a: Noctowl|Moonblast|p1a: Coco
|-damage|p1a: Coco|23/100
|move|p1a: Coco|Ice Spinner|p2a: Noctowl
|-supereffective|p2a: Noctowl
|-damage|p2a: Noctowl|12/100
|
|-heal|p1a: Coco|29/100|[from] item: Leftovers
|-heal|p1a: Coco|35/100|[from] Aqua Ring
|upkeep
|turn|5
|
|t:|1779586889
|move|p1a: Coco|Aqua Jet|p2a: Noctowl
|-damage|p2a: Noctowl|0 fnt
|faint|p2a: Noctowl
|
|-heal|p1a: Coco|41/100|[from] item: Leftovers
|-heal|p1a: Coco|47/100|[from] Aqua Ring
|upkeep
|
|t:|1779586906
|switch|p2a: Darkrai|Darkrai|100/100
|turn|6
|
|t:|1779586911
|move|p2a: Darkrai|Sludge Bomb|p1a: Coco
|-supereffective|p1a: Coco
|-damage|p1a: Coco|0 fnt
|faint|p1a: Coco
|-damage|p2a: Darkrai|91/100|[from] item: Life Orb
|
|upkeep
|
|t:|1779586918
|switch|p1a: Maude|Toxapex, M|100/100
|turn|7
|
|t:|1779586921
|move|p2a: Darkrai|Knock Off|p1a: Maude
|-damage|p1a: Maude|71/100
|-enditem|p1a: Maude|Black Sludge|[from] move: Knock Off|[of] p2a: Darkrai
|-damage|p2a: Darkrai|81/100|[from] item: Life Orb
|move|p1a: Maude|Toxic|p2a: Darkrai
|-status|p2a: Darkrai|tox
|
|-damage|p2a: Darkrai|75/100 tox|[from] psn
|upkeep
|turn|8
|
|t:|1779586931
|move|p2a: Darkrai|Will-O-Wisp|p1a: Maude
|-status|p1a: Maude|brn
|move|p1a: Maude|Recover|p1a: Maude
|-heal|p1a: Maude|100/100 brn
|
|-damage|p2a: Darkrai|62/100 tox|[from] psn
|-damage|p1a: Maude|94/100 brn|[from] brn
|upkeep
|turn|9
|
|t:|1779586941
|move|p1a: Maude|Baneful Bunker|p1a: Maude
|-singleturn|p1a: Maude|move: Protect
|move|p2a: Darkrai|Dark Pulse|p1a: Maude
|-activate|p1a: Maude|move: Protect
|
|-damage|p2a: Darkrai|44/100 tox|[from] psn
|-damage|p1a: Maude|88/100 brn|[from] brn
|upkeep
|turn|10
|
|t:|1779586950
|move|p2a: Darkrai|Dark Pulse|p1a: Maude
|-damage|p1a: Maude|49/100 brn
|-damage|p2a: Darkrai|34/100 tox|[from] item: Life Orb
|move|p1a: Maude|Recover|p1a: Maude
|-heal|p1a: Maude|99/100 brn
|
|-damage|p2a: Darkrai|10/100 tox|[from] psn
|-damage|p1a: Maude|93/100 brn|[from] brn
|upkeep
|turn|11
|
|t:|1779586960
|move|p2a: Darkrai|Dark Pulse|p1a: Maude
|-damage|p1a: Maude|56/100 brn
|-damage|p2a: Darkrai|0 fnt|[from] item: Life Orb
|faint|p2a: Darkrai
|move|p1a: Maude|Ice Beam|p2: Darkrai|[notarget]
|-fail|p1a: Maude
|
|-damage|p1a: Maude|49/100 brn|[from] brn
|upkeep
|
|t:|1779586966
|switch|p2a: Gholdengo|Gholdengo|100/100
|turn|12
|
|t:|1779586972
|move|p2a: Gholdengo|Focus Blast|p1a: Maude
|-resisted|p1a: Maude
|-damage|p1a: Maude|32/100 brn
|move|p1a: Maude|Ice Beam|p2a: Gholdengo
|-resisted|p2a: Gholdengo
|-damage|p2a: Gholdengo|94/100
|
|-damage|p1a: Maude|26/100 brn|[from] brn
|upkeep
|turn|13
|
|t:|1779586985
|move|p2a: Gholdengo|Make It Rain|p1a: Maude
|-resisted|p1a: Maude
|-damage|p1a: Maude|0 fnt
|-unboost|p2a: Gholdengo|spa|1
|faint|p1a: Maude
|
|upkeep
|
|t:|1779586994
|switch|p1a: Garchomp|Garchomp, F|17/100
|turn|14
|
|t:|1779587000
|switch|p2a: Ting-Lu|Ting-Lu|100/100
|-ability|p2a: Ting-Lu|Vessel of Ruin
|move|p1a: Garchomp|Dragon Tail|p2a: Ting-Lu
|-damage|p2a: Ting-Lu|85/100
|drag|p2a: Dragonite|Dragonite, F|100/100
|
|upkeep
|turn|15
|
|t:|1779587012
|switch|p2a: Ting-Lu|Ting-Lu|85/100
|-ability|p2a: Ting-Lu|Vessel of Ruin
|move|p1a: Garchomp|Dragon Tail|p2a: Ting-Lu
|-damage|p2a: Ting-Lu|72/100
|drag|p2a: Gholdengo|Gholdengo|94/100
|
|upkeep
|turn|16
|
|t:|1779587022
|switch|p2a: Ting-Lu|Ting-Lu|72/100
|-ability|p2a: Ting-Lu|Vessel of Ruin
|move|p1a: Garchomp|Earthquake|p2a: Ting-Lu
|-damage|p2a: Ting-Lu|50/100
|
|upkeep
|turn|17
|
|t:|1779587029
|move|p2a: Ting-Lu|Stealth Rock|p1a: Garchomp
|-sidestart|p1: aakpokemonmaster|move: Stealth Rock
|move|p1a: Garchomp|Dragon Tail|p2a: Ting-Lu
|-damage|p2a: Ting-Lu|36/100
|drag|p2a: Meowscarada|Meowscarada, M|100/100
|
|upkeep
|turn|18
|
|t:|1779587041
|switch|p1a: Tigrou|Landorus-Therian, M|100/100
|-damage|p1a: Tigrou|88/100|[from] Stealth Rock
|-ability|p1a: Tigrou|Intimidate|boost
|-unboost|p2a: Meowscarada|atk|1
|move|p2a: Meowscarada|U-turn|p1a: Tigrou
|-start|p2a: Meowscarada|typechange|Bug|[from] ability: Protean
|-resisted|p1a: Tigrou
|-damage|p1a: Tigrou|70/100
|
|t:|1779587045
|switch|p2a: Ting-Lu|Ting-Lu|36/100|[from] U-turn
|-ability|p2a: Ting-Lu|Vessel of Ruin
|
|-heal|p1a: Tigrou|76/100|[from] item: Leftovers
|upkeep
|turn|19
|
|t:|1779587060
|move|p1a: Tigrou|Brick Break|p2a: Ting-Lu
|-supereffective|p2a: Ting-Lu
|-damage|p2a: Ting-Lu|9/100
|move|p2a: Ting-Lu|Spikes|p1a: Tigrou
|-sidestart|p1: aakpokemonmaster|Spikes
|
|-heal|p1a: Tigrou|82/100|[from] item: Leftovers
|upkeep
|turn|20
|
|t:|1779587068
|move|p1a: Tigrou|Brick Break|p2a: Ting-Lu
|-supereffective|p2a: Ting-Lu
|-damage|p2a: Ting-Lu|0 fnt
|faint|p2a: Ting-Lu
|
|-heal|p1a: Tigrou|88/100|[from] item: Leftovers
|upkeep
|
|t:|1779587070
|switch|p2a: Meowscarada|Meowscarada, M|100/100
|turn|21
|
|t:|1779587083
|move|p2a: Meowscarada|Triple Axel|p1a: Tigrou
|-start|p2a: Meowscarada|typechange|Ice|[from] ability: Protean
|-supereffective|p1a: Tigrou
|-damage|p1a: Tigrou|27/100
|-supereffective|p1a: Tigrou
|-damage|p1a: Tigrou|0 fnt
|faint|p1a: Tigrou
|-hitcount|p1: Tigrou|2
|
|upkeep
|
|t:|1779587092
|switch|p1a: Abortion|Dragapult, M|100/100
|-damage|p1a: Abortion|88/100|[from] Stealth Rock
|-damage|p1a: Abortion|76/100|[from] Spikes
|turn|22
|
|t:|1779587103
|switch|p2a: Gholdengo|Gholdengo|94/100
|move|p1a: Abortion|Phantom Force||[still]
|-prepare|p1a: Abortion|Phantom Force
|
|upkeep
|turn|23
|
|t:|1779587112
|switch|p2a: Meowscarada|Meowscarada, M|100/100
|move|p1a: Abortion|Phantom Force|p2a: Meowscarada|[from] lockedmove
|-resisted|p2a: Meowscarada
|-damage|p2a: Meowscarada|50/100
|-damage|p1a: Abortion|66/100|[from] item: Life Orb
|
|upkeep
|turn|24
|
|t:|1779587120
|move|p1a: Abortion|Phantom Force||[still]
|-prepare|p1a: Abortion|Phantom Force
|move|p2a: Meowscarada|Knock Off|p1a: Abortion|[miss]
|-start|p2a: Meowscarada|typechange|Dark|[from] ability: Protean
|-miss|p2a: Meowscarada|p1a: Abortion
|
|upkeep
|turn|25
|
|t:|1779587127
|move|p1a: Abortion|Phantom Force|p2a: Meowscarada|[from] lockedmove
|-resisted|p2a: Meowscarada
|-damage|p2a: Meowscarada|4/100
|-damage|p1a: Abortion|56/100|[from] item: Life Orb
|move|p2a: Meowscarada|Knock Off|p1a: Abortion
|-supereffective|p1a: Abortion
|-damage|p1a: Abortion|0 fnt
|-enditem|p1a: Abortion|Life Orb|[from] move: Knock Off|[of] p2a: Meowscarada
|faint|p1a: Abortion
|
|upkeep
|
|t:|1779587141
|switch|p1a: Garchomp|Garchomp, F|17/100
|-damage|p1a: Garchomp|11/100|[from] Stealth Rock
|-damage|p1a: Garchomp|0 fnt|[from] Spikes
|faint|p1a: Garchomp
|
|t:|1779587147
|switch|p1a: Gaylord|Kingambit, F|100/100
|-damage|p1a: Gaylord|94/100|[from] Stealth Rock
|-activate|p1a: Gaylord|ability: Supreme Overlord
|-start|p1a: Gaylord|fallen5|[silent]
|-item|p1a: Gaylord|Air Balloon
|turn|26
|
|t:|1779587163
|-terastallize|p1a: Gaylord|Dark
|move|p2a: Meowscarada|Knock Off|p1a: Gaylord
|-resisted|p1a: Gaylord
|-damage|p1a: Gaylord|72/100
|-enditem|p1a: Gaylord|Air Balloon
|move|p1a: Gaylord|Shadow Claw|p2a: Meowscarada
|-resisted|p2a: Meowscarada
|-damage|p2a: Meowscarada|0 fnt
|faint|p2a: Meowscarada
|
|upkeep
|
|t:|1779587173
|switch|p2a: Gholdengo|Gholdengo|94/100
|turn|27
|
|t:|1779587177
|move|p1a: Gaylord|Sucker Punch||[still]
|-fail|p1a: Gaylord
|move|p2a: Gholdengo|Thunder Wave|p1a: Gaylord
|-status|p1a: Gaylord|par
|
|upkeep
|turn|28
|
|t:|1779587183
|move|p1a: Gaylord|Sucker Punch|p2a: Gholdengo
|-supereffective|p2a: Gholdengo
|-damage|p2a: Gholdengo|0 fnt
|faint|p2a: Gholdengo
|
|upkeep
|
|t:|1779587186
|switch|p2a: Dragonite|Dragonite, F|100/100
|turn|29
|
|t:|1779587191
|move|p2a: Dragonite|Dragon Dance|p2a: Dragonite
|-boost|p2a: Dragonite|atk|1
|-boost|p2a: Dragonite|spe|1
|move|p1a: Gaylord|Stone Edge|p2a: Dragonite
|-supereffective|p2a: Dragonite
|-damage|p2a: Dragonite|35/100
|
|upkeep
|turn|30
|
|t:|1779587199
|-terastallize|p2a: Dragonite|Normal
|move|p2a: Dragonite|Extreme Speed|p1a: Gaylord
|-damage|p1a: Gaylord|20/100 par
|move|p1a: Gaylord|Sucker Punch||[still]
|-fail|p1a: Gaylord
|
|upkeep
|turn|31
|-message|aakpokemonmaster forfeited.
|
|win|Ct3tha
|raw|aakpokemonmaster's rating: 1100 &rarr; <strong>1074</strong><br />(-26 for losing)
|raw|Ct3tha's rating: 1081 &rarr; <strong>1110</strong><br />(+29 for winning)
|l|☆aakpokemonmaster
|player|p1|
|l|☆Ct3tha
|player|p2|
