|j|☆thebacchusbraviary
|j|☆frin2607
|t:|1779596710
|gametype|singles
|player|p1|thebacchusbraviary|winona|1421
|player|p2|frin2607|ingo|1383
|gen|9
|tier|[Gen 9] OU
|rated|
|rule|HP Percentage Mod: HP is shown in percentages
|rule|Endless Battle Clause: Forcing endless battles is banned
|rule|Species Clause: Limit one of each Pokémon
|rule|OHKO Clause: OHKO moves are banned
|rule|Evasion Items Clause: Evasion items are banned
|rule|Evasion Moves Clause: Evasion moves are banned
|rule|Evasion Abilities Clause: Evasion abilities are banned
|rule|Sleep Moves Clause: Sleep-inducing moves are banned
|clearpoke
|poke|p1|Talonflame, M|
|poke|p1|Tyranitar, F|
|poke|p1|Electivire, M|
|poke|p1|Milotic, F|
|poke|p1|Goodra-Hisui, F|
|poke|p1|Sinistcha|
|poke|p2|Ursaluna, F|
|poke|p2|Hatterene, F|
|poke|p2|Iron Hands|
|poke|p2|Ninetales-Alola, F|
|poke|p2|Cresselia, F|
|poke|p2|Enamorus-Therian, F|
|teampreview
|inactive|Battle timer is ON: inactive players will automatically lose when time's up. (requested by thebacchusbraviary)
|inactive|frin2607 has 120 seconds left.
|
|t:|1779596749
|teamsize|p1|6
|teamsize|p2|6
|start
|switch|p1a: Tyranitar|Tyranitar, F|100/100
|switch|p2a: Hatterene|Hatterene, F|100/100
|-weather|Sandstorm|[from] ability: Sand Stream|[of] p1a: Tyranitar
|turn|1
|
|t:|1779596759
|move|p1a: Tyranitar|Knock Off|p2a: Hatterene
|-damage|p2a: Hatterene|37/100
|-enditem|p2a: Hatterene|Focus Sash|[from] move: Knock Off|[of] p1a: Tyranitar
|move|p2a: Hatterene|Trick Room|p2a: Hatterene
|-fieldstart|move: Trick Room|[of] p2a: Hatterene
|
|-weather|Sandstorm|[upkeep]
|-damage|p2a: Hatterene|31/100|[from] Sandstorm
|upkeep
|turn|2
|
|t:|1779596784
|switch|p2a: Ninetales|Ninetales-Alola, F|100/100
|-weather|Snowscape|[from] ability: Snow Warning|[of] p2a: Ninetales
|move|p1a: Tyranitar|Knock Off|p2a: Ninetales
|-resisted|p2a: Ninetales
|-damage|p2a: Ninetales|76/100
|-enditem|p2a: Ninetales|Light Clay|[from] move: Knock Off|[of] p1a: Tyranitar
|
|-weather|Snowscape|[upkeep]
|upkeep
|turn|3
|
|t:|1779596789
|switch|p1a: Talonflame|Talonflame, M|100/100
|move|p2a: Ninetales|Aurora Veil|p2a: Ninetales
|-sidestart|p2: frin2607|move: Aurora Veil
|
|-weather|Snowscape|[upkeep]
|upkeep
|turn|4
|
|t:|1779596807
|switch|p2a: Ursaluna|Ursaluna, F|100/100
|move|p1a: Talonflame|Defog|p2a: Ursaluna
|-unboost|p2a: Ursaluna|evasion|1
|-sideend|p2: frin2607|move: Aurora Veil
|
|-weather|Snowscape|[upkeep]
|-status|p2a: Ursaluna|brn|[from] item: Flame Orb
|upkeep
|turn|5
|
|t:|1779596820
|switch|p1a: Sinistcha|Sinistcha|100/100
|move|p2a: Ursaluna|Swords Dance|p2a: Ursaluna
|-boost|p2a: Ursaluna|atk|2
|
|-weather|Snowscape|[upkeep]
|-damage|p2a: Ursaluna|94/100 brn|[from] brn
|-fieldend|move: Trick Room
|upkeep
|turn|6
|
|t:|1779596827
|move|p1a: Sinistcha|Matcha Gotcha|p2a: Ursaluna
|-supereffective|p2a: Ursaluna
|-damage|p2a: Ursaluna|23/100 brn
|move|p2a: Ursaluna|Fire Punch|p1a: Sinistcha
|-supereffective|p1a: Sinistcha
|-crit|p1a: Sinistcha
|-damage|p1a: Sinistcha|0 fnt
|faint|p1a: Sinistcha
|
|-weather|none
|-damage|p2a: Ursaluna|17/100 brn|[from] brn
|upkeep
|
|t:|1779596834
|switch|p1a: Electivire|Electivire, M|100/100
|turn|7
|
|t:|1779596842
|switch|p2a: Hatterene|Hatterene, F|31/100
|move|p1a: Electivire|Ice Punch|p2a: Hatterene
|-damage|p2a: Hatterene|3/100
|-status|p2a: Hatterene|frz
|
|upkeep
|turn|8
|
|t:|1779596846
|move|p1a: Electivire|Ice Punch|p2a: Hatterene
|-crit|p2a: Hatterene
|-damage|p2a: Hatterene|0 fnt
|faint|p2a: Hatterene
|
|upkeep
|
|t:|1779596848
|switch|p2a: Cresselia|Cresselia, F|100/100
|turn|9
|
|t:|1779596853
|switch|p1a: Tyranitar|Tyranitar, F|100/100
|-weather|Sandstorm|[from] ability: Sand Stream|[of] p1a: Tyranitar
|move|p2a: Cresselia|Trick Room|p2a: Cresselia
|-fieldstart|move: Trick Room|[of] p2a: Cresselia
|
|-weather|Sandstorm|[upkeep]
|-damage|p2a: Cresselia|94/100|[from] Sandstorm
|upkeep
|turn|10
|
|t:|1779596861
|move|p1a: Tyranitar|Knock Off|p2a: Cresselia
|-supereffective|p2a: Cresselia
|-damage|p2a: Cresselia|34/100
|-enditem|p2a: Cresselia|Mental Herb|[from] move: Knock Off|[of] p1a: Tyranitar
|move|p2a: Cresselia|Lunar Dance|p2a: Cresselia
|faint|p2a: Cresselia
|
|-weather|Sandstorm|[upkeep]
|upkeep
|
|t:|1779596868
|switch|p2a: Ursaluna|Ursaluna, F|17/100 brn
|-heal|p2a: Ursaluna|100/100|[from] move: Lunar Dance
|turn|11
|
|t:|1779596890
|move|p2a: Ursaluna|Headlong Rush|p1a: Tyranitar
|-supereffective|p1a: Tyranitar
|-damage|p1a: Tyranitar|0 fnt
|-unboost|p2a: Ursaluna|def|1
|-unboost|p2a: Ursaluna|spd|1
|faint|p1a: Tyranitar
|
|-weather|Sandstorm|[upkeep]
|-status|p2a: Ursaluna|brn|[from] item: Flame Orb
|upkeep
|
|t:|1779596894
|switch|p1a: Milotic|Milotic, F|100/100
|turn|12
|
|t:|1779596912
|-terastallize|p2a: Ursaluna|Normal
|move|p2a: Ursaluna|Facade|p1a: Milotic
|-damage|p1a: Milotic|0 fnt
|faint|p1a: Milotic
|
|-weather|Sandstorm|[upkeep]
|-damage|p2a: Ursaluna|94/100 brn|[from] Sandstorm
|-damage|p2a: Ursaluna|88/100 brn|[from] brn
|upkeep
|
|t:|1779596923
|switch|p1a: Goodra|Goodra-Hisui, F|100/100
|turn|13
|
|t:|1779596928
|switch|p1a: Talonflame|Talonflame, M|100/100
|move|p2a: Ursaluna|Fire Punch|p1a: Talonflame
|-resisted|p1a: Talonflame
|-damage|p1a: Talonflame|67/100
|
|-weather|none
|-damage|p2a: Ursaluna|82/100 brn|[from] brn
|-fieldend|move: Trick Room
|upkeep
|turn|14
|
|t:|1779596949
|switch|p2a: Enamorus|Enamorus-Therian, F|100/100
|move|p1a: Talonflame|Brave Bird|p2a: Enamorus
|-damage|p2a: Enamorus|63/100
|-damage|p1a: Talonflame|52/100|[from] Recoil
|
|upkeep
|turn|15
|inactive|frin2607 has 120 seconds left.
|
|t:|1779596976
|switch|p1a: Electivire|Electivire, M|100/100
|move|p2a: Enamorus|Moonblast|p1a: Electivire
|-damage|p1a: Electivire|0 fnt
|faint|p1a: Electivire
|
|upkeep
|-message|thebacchusbraviary forfeited.
|
|win|frin2607
|raw|thebacchusbraviary's rating: 1421 &rarr; <strong>1399</strong><br />(-22 for losing)
|raw|frin2607's rating: 1383 &rarr; <strong>1405</strong><br />(+22 for winning)
|l|☆thebacchusbraviary
|player|p1|
|l|☆frin2607
|player|p2|
