|j|☆FP.//06
|j|☆Ballerr
|t:|1779684465
|gametype|singles
|player|p1|FP.//06|lucas|1467
|player|p2|Ballerr|miku-ground|1519
|gen|9
|tier|[Gen 9] OU
|rated|
|rule|HP Percentage Mod: HP is shown in percentages
|rule|Endless Battle Clause: Forcing endless battles is banned
|rule|Species Clause: Limit one of each Pokémon
|rule|OHKO Clause: OHKO moves are banned
|rule|Evasion Items Clause: Evasion items are banned
|rule|Evasion Moves Clause: Evasion moves are banned
|rule|Evasion Abilities Clause: Evasion abilities are banned
|rule|Sleep Moves Clause: Sleep-inducing moves are banned
|clearpoke
|poke|p1|Landorus-Therian, M|
|poke|p1|Glimmora, M|
|poke|p1|Zamazenta-*|
|poke|p1|Gholdengo|
|poke|p1|Kyurem|
|poke|p1|Kingambit, M|
|poke|p2|Entei|
|poke|p2|Alomomola, M|
|poke|p2|Tornadus-Therian, M|
|poke|p2|Great Tusk|
|poke|p2|Dragapult, F|
|poke|p2|Kingambit, M|
|teampreview
|inactive|Battle timer is ON: inactive players will automatically lose when time's up. (requested by FP.//06)
|inactive|Ballerr has 120 seconds left.
|
|t:|1779684518
|teamsize|p1|6
|teamsize|p2|6
|start
|switch|p1a: Landorus|Landorus-Therian, M|100/100
|switch|p2a: Alomomola|Alomomola, M|100/100
|-ability|p1a: Landorus|Intimidate|boost
|-unboost|p2a: Alomomola|atk|1
|turn|1
|
|t:|1779684523
|move|p1a: Landorus|Stealth Rock|p2a: Alomomola
|-sidestart|p2: Ballerr|move: Stealth Rock
|move|p2a: Alomomola|Scald|p1a: Landorus
|-supereffective|p1a: Landorus
|-damage|p1a: Landorus|71/100
|-status|p1a: Landorus|brn
|
|-damage|p1a: Landorus|65/100 brn|[from] brn
|upkeep
|turn|2
|
|t:|1779684527
|move|p1a: Landorus|U-turn|p2a: Alomomola
|-damage|p2a: Alomomola|93/100
|
|t:|1779684529
|switch|p1a: Glimmora|Glimmora, M|100/100|[from] U-turn
|move|p2a: Alomomola|Flip Turn|p1a: Glimmora
|-supereffective|p1a: Glimmora
|-damage|p1a: Glimmora|74/100
|-activate|p1a: Glimmora|ability: Toxic Debris
|-sidestart|p2: Ballerr|move: Toxic Spikes
|
|t:|1779684533
|switch|p2a: Great Tusk|Great Tusk|100/100|[from] Flip Turn
|
|upkeep
|turn|3
|
|t:|1779684541
|-terastallize|p1a: Glimmora|Fairy
|move|p1a: Glimmora|Dazzling Gleam|p2a: Great Tusk
|-supereffective|p2a: Great Tusk
|-damage|p2a: Great Tusk|0 fnt
|faint|p2a: Great Tusk
|-end|p2a: Great Tusk|Protosynthesis|[silent]
|
|upkeep
|
|t:|1779684563
|switch|p2a: Entei|Entei|100/100
|-damage|p2a: Entei|75/100|[from] Stealth Rock
|-status|p2a: Entei|psn
|turn|4
|
|t:|1779684568
|switch|p1a: Landorus|Landorus-Therian, M|65/100 brn
|-ability|p1a: Landorus|Intimidate|boost
|-fail|p2a: Entei|unboost|Attack|[from] ability: Inner Focus|[of] p2a: Entei
|move|p2a: Entei|Sacred Fire|p1a: Landorus
|-damage|p1a: Landorus|0 fnt
|faint|p1a: Landorus
|
|-damage|p2a: Entei|63/100 psn|[from] psn
|upkeep
|
|t:|1779684575
|switch|p1a: Glimmora|Glimmora, M, tera:Fairy|74/100
|turn|5
|
|t:|1779684581
|switch|p2a: Alomomola|Alomomola, M|100/100
|-damage|p2a: Alomomola|88/100|[from] Stealth Rock
|-status|p2a: Alomomola|psn
|move|p1a: Glimmora|Earth Power|p2a: Alomomola
|-damage|p2a: Alomomola|71/100 psn
|
|-damage|p2a: Alomomola|59/100 psn|[from] psn
|upkeep
|turn|6
|
|t:|1779684589
|move|p1a: Glimmora|Earth Power|p2a: Alomomola
|-damage|p2a: Alomomola|45/100 psn
|move|p2a: Alomomola|Scald|p1a: Glimmora
|-damage|p1a: Glimmora|58/100
|-status|p1a: Glimmora|brn
|
|-damage|p2a: Alomomola|33/100 psn|[from] psn
|-damage|p1a: Glimmora|51/100 brn|[from] brn
|upkeep
|turn|7
|
|t:|1779684596
|switch|p1a: Kyurem|Kyurem|100/100
|-ability|p1a: Kyurem|Pressure
|switch|p2a: Tornadus|Tornadus-Therian, M|100/100
|-damage|p2a: Tornadus|76/100|[from] Stealth Rock
|
|upkeep
|turn|8
|
|t:|1779684605
|-terastallize|p2a: Tornadus|Steel
|move|p2a: Tornadus|Knock Off|p1a: Kyurem
|-damage|p1a: Kyurem|82/100
|-enditem|p1a: Kyurem|Loaded Dice|[from] move: Knock Off|[of] p2a: Tornadus
|move|p1a: Kyurem|Icicle Spear|p2a: Tornadus
|-resisted|p2a: Tornadus
|-damage|p2a: Tornadus|67/100
|-resisted|p2a: Tornadus
|-damage|p2a: Tornadus|58/100
|-hitcount|p2a: Tornadus|2
|
|upkeep
|turn|9
|
|t:|1779684616
|move|p2a: Tornadus|U-turn|p1a: Kyurem
|-damage|p1a: Kyurem|68/100
|
|t:|1779684624
|switch|p2a: Alomomola|Alomomola, M|66/100 psn|[from] U-turn
|-damage|p2a: Alomomola|54/100 psn|[from] Stealth Rock
|move|p1a: Kyurem|Dragon Dance|p1a: Kyurem
|-boost|p1a: Kyurem|atk|1
|-boost|p1a: Kyurem|spe|1
|
|-damage|p2a: Alomomola|41/100 psn|[from] psn
|upkeep
|turn|10
|
|t:|1779684630
|move|p1a: Kyurem|Scale Shot|p2a: Alomomola
|-damage|p2a: Alomomola|25/100 psn
|-damage|p2a: Alomomola|9/100 psn
|-hitcount|p2a: Alomomola|2
|-unboost|p1a: Kyurem|def|1
|-boost|p1a: Kyurem|spe|1
|move|p2a: Alomomola|Play Rough|p1a: Kyurem
|-supereffective|p1a: Kyurem
|-damage|p1a: Kyurem|22/100
|
|-damage|p2a: Alomomola|0 fnt|[from] psn
|faint|p2a: Alomomola
|upkeep
|
|t:|1779684642
|switch|p2a: Entei|Entei|63/100 psn
|-damage|p2a: Entei|38/100 psn|[from] Stealth Rock
|turn|11
|
|t:|1779684658
|move|p2a: Entei|Extreme Speed|p1a: Kyurem
|-damage|p1a: Kyurem|0 fnt
|faint|p1a: Kyurem
|
|-damage|p2a: Entei|26/100 psn|[from] psn
|upkeep
|
|t:|1779684662
|switch|p1a: Zamazenta|Zamazenta|100/100
|-ability|p1a: Zamazenta|Dauntless Shield|boost
|-boost|p1a: Zamazenta|def|1
|turn|12
|
|t:|1779684670
|switch|p2a: Dragapult|Dragapult, F|100/100
|-damage|p2a: Dragapult|88/100|[from] Stealth Rock
|-status|p2a: Dragapult|psn
|move|p1a: Zamazenta|Body Press|p2a: Dragapult
|-immune|p2a: Dragapult
|
|-damage|p2a: Dragapult|76/100 psn|[from] psn
|upkeep
|turn|13
|
|t:|1779684677
|switch|p1a: Glimmora|Glimmora, M, tera:Fairy|51/100 brn
|move|p2a: Dragapult|Will-O-Wisp|p1a: Glimmora
|-fail|p1a: Glimmora|brn
|
|-damage|p2a: Dragapult|64/100 psn|[from] psn
|-damage|p1a: Glimmora|45/100 brn|[from] brn
|upkeep
|turn|14
|
|t:|1779684680
|move|p1a: Glimmora|Dazzling Gleam|p2a: Dragapult
|-supereffective|p2a: Dragapult
|-damage|p2a: Dragapult|0 fnt
|faint|p2a: Dragapult
|
|-damage|p1a: Glimmora|39/100 brn|[from] brn
|upkeep
|
|t:|1779684684
|switch|p2a: Tornadus|Tornadus-Therian, M, tera:Steel|91/100
|-damage|p2a: Tornadus|85/100|[from] Stealth Rock
|turn|15
|
|t:|1779684687
|move|p1a: Glimmora|Dazzling Gleam|p2a: Tornadus
|-resisted|p2a: Tornadus
|-damage|p2a: Tornadus|62/100
|move|p2a: Tornadus|Bleakwind Storm|p1a: Glimmora
|-damage|p1a: Glimmora|0 fnt
|faint|p1a: Glimmora
|
|upkeep
|
|t:|1779684691
|switch|p1a: Zamazenta|Zamazenta|100/100
|turn|16
|
|t:|1779684698
|move|p1a: Zamazenta|Body Press|p2a: Tornadus
|-supereffective|p2a: Tornadus
|-damage|p2a: Tornadus|0 fnt
|-damage|p1a: Zamazenta|84/100|[from] item: Rocky Helmet|[of] p2a: Tornadus
|faint|p2a: Tornadus
|
|-heal|p1a: Zamazenta|90/100|[from] item: Leftovers
|upkeep
|-message|Ballerr forfeited.
|
|win|FP.//06
|raw|FP.&#x2f;&#x2f;06's rating: 1467 &rarr; <strong>1490</strong><br />(+23 for winning)
|raw|Ballerr's rating: 1519 &rarr; <strong>1496</strong><br />(-23 for losing)
|l|☆Ballerr
|player|p2|
|l|☆FP.//06
|player|p1|
