|j|☆caudillocarnico
|j|☆gabirelfatias
|t:|1779645285
|gametype|singles
|player|p1|caudillocarnico|youngcouple-gen4dp|1128
|player|p2|gabirelfatias|hilbert|1073
|gen|9
|tier|[Gen 9] OU
|rated|
|rule|HP Percentage Mod: HP is shown in percentages
|rule|Endless Battle Clause: Forcing endless battles is banned
|rule|Species Clause: Limit one of each Pokémon
|rule|OHKO Clause: OHKO moves are banned
|rule|Evasion Items Clause: Evasion items are banned
|rule|Evasion Moves Clause: Evasion moves are banned
|rule|Evasion Abilities Clause: Evasion abilities are banned
|rule|Sleep Moves Clause: Sleep-inducing moves are banned
|clearpoke
|poke|p1|Shieldon, F|
|poke|p1|Vileplume, F|
|poke|p1|Qwilfish-Hisui, M|
|poke|p1|Bellibolt, M|
|poke|p1|Excadrill, M|
|poke|p1|Magmortar, M|
|poke|p2|Sceptile, M|
|poke|p2|Rhyperior, F|
|poke|p2|Milotic, F|
|poke|p2|Oinkologne, M|
|poke|p2|Incineroar, M|
|poke|p2|Corviknight, M|
|teampreview
|inactive|Battle timer is ON: inactive players will automatically lose when time's up. (requested by caudillocarnico)
|
|t:|1779645316
|teamsize|p1|6
|teamsize|p2|6
|start
|switch|p1a: Shieldon|Shieldon, F|100/100
|switch|p2a: Corviknight|Corviknight, M|100/100
|turn|1
|
|t:|1779645330
|move|p2a: Corviknight|Iron Head|p1a: Shieldon
|-damage|p1a: Shieldon|69/100
|-damage|p2a: Corviknight|84/100|[from] item: Rocky Helmet|[of] p1a: Shieldon
|cant|p1a: Shieldon|flinch
|
|upkeep
|turn|2
|
|t:|1779645337
|move|p2a: Corviknight|Iron Head|p1a: Shieldon
|-damage|p1a: Shieldon|41/100
|-damage|p2a: Corviknight|67/100|[from] item: Rocky Helmet|[of] p1a: Shieldon
|move|p1a: Shieldon|Stealth Rock|p2a: Corviknight
|-sidestart|p2: gabirelfatias|move: Stealth Rock
|
|upkeep
|turn|3
|
|t:|1779645350
|move|p2a: Corviknight|Defog|p1a: Shieldon
|-unboost|p1a: Shieldon|evasion|1
|-sideend|p2: gabirelfatias|Stealth Rock|[from] move: Defog|[of] p2a: Corviknight
|move|p1a: Shieldon|Roar|p2a: Corviknight
|drag|p2a: GATÃO|Incineroar, M|100/100
|-ability|p2a: GATÃO|Intimidate|boost
|-unboost|p1a: Shieldon|atk|1
|
|upkeep
|turn|4
|
|t:|1779645369
|move|p2a: GATÃO|Flare Blitz|p1a: Shieldon
|-damage|p1a: Shieldon|0 fnt
|-damage|p2a: GATÃO|84/100|[from] item: Rocky Helmet|[of] p1a: Shieldon
|faint|p1a: Shieldon
|-damage|p2a: GATÃO|75/100|[from] Recoil
|-damage|p2a: GATÃO|65/100|[from] item: Life Orb
|
|upkeep
|
|t:|1779645381
|switch|p1a: Bellibolt|Bellibolt, M|100/100
|turn|5
|
|t:|1779645387
|move|p2a: GATÃO|Parting Shot|p1a: Bellibolt
|-unboost|p1a: Bellibolt|atk|1
|-unboost|p1a: Bellibolt|spa|1
|
|t:|1779645391
|switch|p2a: Rhyanny|Rhyperior, F|100/100|[from] Parting Shot
|move|p1a: Bellibolt|Parabolic Charge|p2a: Rhyanny
|-immune|p2a: Rhyanny
|
|upkeep
|turn|6
|
|t:|1779645400
|switch|p1a: Vileplume|Vileplume, F, shiny|100/100
|move|p2a: Rhyanny|Earthquake|p1a: Vileplume
|-damage|p1a: Vileplume|30/100
|
|-heal|p1a: Vileplume|36/100|[from] item: Leftovers
|upkeep
|turn|7
|
|t:|1779645414
|move|p1a: Vileplume|Energy Ball|p2a: Rhyanny
|-supereffective|p2a: Rhyanny
|-damage|p2a: Rhyanny|0 fnt
|faint|p2a: Rhyanny
|
|-heal|p1a: Vileplume|42/100|[from] item: Leftovers
|upkeep
|
|t:|1779645420
|switch|p2a: Corviknight|Corviknight, M|67/100
|turn|8
|
|t:|1779645430
|move|p2a: Corviknight|Dual Wingbeat|p1a: Vileplume
|-supereffective|p1a: Vileplume
|-damage|p1a: Vileplume|2/100
|-status|p2a: Corviknight|slp|[from] ability: Effect Spore|[of] p1a: Vileplume
|-hitcount|p1a: Vileplume|1
|move|p1a: Vileplume|Teeter Dance|p2a: Corviknight
|-start|p2a: Corviknight|confusion
|
|-heal|p1a: Vileplume|8/100|[from] item: Leftovers
|upkeep
|turn|9
|
|t:|1779645447
|switch|p2a: filipi|Sceptile, M|100/100
|move|p1a: Vileplume|Energy Ball|p2a: filipi
|-resisted|p2a: filipi
|-damage|p2a: filipi|77/100
|
|-heal|p1a: Vileplume|14/100|[from] item: Leftovers
|upkeep
|turn|10
|
|t:|1779645456
|move|p1a: Vileplume|Protect|p1a: Vileplume
|-singleturn|p1a: Vileplume|Protect
|move|p2a: filipi|Roar|p1a: Vileplume
|-enditem|p2a: filipi|Throat Spray
|-boost|p2a: filipi|spa|1|[from] item: Throat Spray
|drag|p1a: Magmortar|Magmortar, M|100/100
|
|upkeep
|turn|11
|
|t:|1779645471
|-terastallize|p2a: filipi|Rock
|move|p2a: filipi|Acrobatics|p1a: Magmortar
|-damage|p1a: Magmortar|53/100
|move|p1a: Magmortar|Flamethrower|p2a: filipi
|-resisted|p2a: filipi
|-damage|p2a: filipi|44/100
|
|upkeep
|turn|12
|
|t:|1779645485
|move|p1a: Magmortar|Scorching Sands|p2a: filipi
|-supereffective|p2a: filipi
|-damage|p2a: filipi|0 fnt
|faint|p2a: filipi
|
|upkeep
|
|t:|1779645492
|switch|p2a: Gay Gyarados|Milotic, F, shiny|100/100
|turn|13
|
|t:|1779645506
|move|p1a: Magmortar|Scorching Sands|p2a: Gay Gyarados
|-crit|p2a: Gay Gyarados
|-damage|p2a: Gay Gyarados|75/100
|-status|p2a: Gay Gyarados|brn
|move|p2a: Gay Gyarados|Scald|p1a: Magmortar
|-supereffective|p1a: Magmortar
|-damage|p1a: Magmortar|7/100
|
|-damage|p2a: Gay Gyarados|69/100 brn|[from] brn
|upkeep
|turn|14
|
|t:|1779645516
|move|p1a: Magmortar|Scorching Sands|p2a: Gay Gyarados
|-damage|p2a: Gay Gyarados|52/100 brn
|move|p2a: Gay Gyarados|Scald|p1a: Magmortar
|-supereffective|p1a: Magmortar
|-damage|p1a: Magmortar|0 fnt
|faint|p1a: Magmortar
|
|-damage|p2a: Gay Gyarados|46/100 brn|[from] brn
|upkeep
|
|t:|1779645520
|switch|p1a: Bellibolt|Bellibolt, M|100/100
|turn|15
|
|t:|1779645525
|switch|p2a: Corviknight|Corviknight, M|67/100 slp
|-terastallize|p1a: Bellibolt|Electric
|move|p1a: Bellibolt|Discharge|p2a: Corviknight
|-supereffective|p2a: Corviknight
|-damage|p2a: Corviknight|0 fnt
|faint|p2a: Corviknight
|
|upkeep
|
|t:|1779645537
|switch|p2a: GATÃO|Incineroar, M|65/100
|-ability|p2a: GATÃO|Intimidate|boost
|-unboost|p1a: Bellibolt|atk|1
|turn|16
|
|t:|1779645542
|move|p2a: GATÃO|Fake Out|p1a: Bellibolt
|-damage|p1a: Bellibolt|83/100
|-start|p1a: Bellibolt|Charge|Fake Out|[from] ability: Electromorphosis
|-damage|p2a: GATÃO|55/100|[from] item: Life Orb
|cant|p1a: Bellibolt|flinch
|-end|p1a: Bellibolt|Charge|[silent]
|
|upkeep
|turn|17
|
|t:|1779645559
|move|p2a: GATÃO|Flare Blitz|p1a: Bellibolt
|-damage|p1a: Bellibolt|11/100
|-start|p1a: Bellibolt|Charge|Flare Blitz|[from] ability: Electromorphosis
|-damage|p2a: GATÃO|30/100|[from] Recoil
|-damage|p2a: GATÃO|20/100|[from] item: Life Orb
|move|p1a: Bellibolt|Discharge|p2a: GATÃO
|-damage|p2a: GATÃO|0 fnt
|faint|p2a: GATÃO
|-end|p1a: Bellibolt|Charge|[silent]
|
|upkeep
|
|t:|1779645578
|switch|p2a: porquinho|Oinkologne, M, shiny|100/100
|turn|18
|
|t:|1779645586
|move|p2a: porquinho|Stuff Cheeks|p2a: porquinho
|-boost|p2a: porquinho|def|2
|-enditem|p2a: porquinho|Salac Berry|[eat]
|-boost|p2a: porquinho|spe|1|[from] item: Salac Berry
|move|p1a: Bellibolt|Discharge|p2a: porquinho
|-damage|p2a: porquinho|19/100
|
|upkeep
|turn|19
|
|t:|1779645596
|move|p2a: porquinho|Thief|p1a: Bellibolt
|-damage|p1a: Bellibolt|0 fnt
|-enditem|p1a: Bellibolt|Choice Specs|[silent]|[from] move: Thief|[of] p2a: porquinho
|-item|p2a: porquinho|Choice Specs|[from] move: Thief|[of] p1a: Bellibolt
|faint|p1a: Bellibolt
|
|upkeep
|
|t:|1779645602
|switch|p1a: Qwilfish|Qwilfish-Hisui, M|100/100
|-ability|p1a: Qwilfish|Intimidate|boost
|-unboost|p2a: porquinho|atk|1
|turn|20
|
|t:|1779645610
|move|p2a: porquinho|Body Press|p1a: Qwilfish
|-crit|p1a: Qwilfish
|-damage|p1a: Qwilfish|62/100
|move|p1a: Qwilfish|Throat Chop|p2a: porquinho
|-damage|p2a: porquinho|0 fnt
|faint|p2a: porquinho
|
|upkeep
|
|t:|1779645616
|switch|p2a: Gay Gyarados|Milotic, F, shiny|46/100 brn
|turn|21
|
|t:|1779645621
|move|p1a: Qwilfish|Throat Chop|p2a: Gay Gyarados
|-damage|p2a: Gay Gyarados|27/100 brn
|-start|p2a: Gay Gyarados|Throat Chop|[silent]
|move|p2a: Gay Gyarados|Ice Beam|p1a: Qwilfish
|-damage|p1a: Qwilfish|42/100
|
|-damage|p2a: Gay Gyarados|21/100 brn|[from] brn
|upkeep
|turn|22
|
|t:|1779645627
|move|p1a: Qwilfish|Throat Chop|p2a: Gay Gyarados
|-damage|p2a: Gay Gyarados|2/100 brn
|move|p2a: Gay Gyarados|Recover|p2a: Gay Gyarados
|-heal|p2a: Gay Gyarados|52/100 brn
|
|-damage|p2a: Gay Gyarados|45/100 brn|[from] brn
|-end|p2a: Gay Gyarados|Throat Chop|[silent]
|upkeep
|turn|23
|
|t:|1779645632
|move|p1a: Qwilfish|Throat Chop|p2a: Gay Gyarados
|-damage|p2a: Gay Gyarados|27/100 brn
|-start|p2a: Gay Gyarados|Throat Chop|[silent]
|move|p2a: Gay Gyarados|Recover|p2a: Gay Gyarados
|-heal|p2a: Gay Gyarados|77/100 brn
|
|-damage|p2a: Gay Gyarados|71/100 brn|[from] brn
|upkeep
|turn|24
|
|t:|1779645635
|move|p1a: Qwilfish|Throat Chop|p2a: Gay Gyarados
|-damage|p2a: Gay Gyarados|54/100 brn
|move|p2a: Gay Gyarados|Ice Beam|p1a: Qwilfish
|-damage|p1a: Qwilfish|22/100
|-status|p1a: Qwilfish|frz
|
|-damage|p2a: Gay Gyarados|47/100 brn|[from] brn
|-end|p2a: Gay Gyarados|Throat Chop|[silent]
|upkeep
|turn|25
|
|t:|1779645641
|cant|p1a: Qwilfish|frz
|move|p2a: Gay Gyarados|Recover|p2a: Gay Gyarados
|-heal|p2a: Gay Gyarados|97/100 brn
|
|-damage|p2a: Gay Gyarados|91/100 brn|[from] brn
|upkeep
|turn|26
|
|t:|1779645645
|cant|p1a: Qwilfish|frz
|move|p2a: Gay Gyarados|Scald|p1a: Qwilfish
|-damage|p1a: Qwilfish|0 fnt
|faint|p1a: Qwilfish
|
|-damage|p2a: Gay Gyarados|85/100 brn|[from] brn
|upkeep
|
|t:|1779645652
|switch|p1a: Vileplume|Vileplume, F, shiny|14/100
|turn|27
|
|t:|1779645655
|move|p1a: Vileplume|Protect|p1a: Vileplume
|-singleturn|p1a: Vileplume|Protect
|move|p2a: Gay Gyarados|Ice Beam|p1a: Vileplume
|-activate|p1a: Vileplume|move: Protect
|
|-heal|p1a: Vileplume|20/100|[from] item: Leftovers
|-damage|p2a: Gay Gyarados|79/100 brn|[from] brn
|upkeep
|turn|28
|
|t:|1779645659
|move|p2a: Gay Gyarados|Ice Beam|p1a: Vileplume
|-supereffective|p1a: Vileplume
|-damage|p1a: Vileplume|0 fnt
|faint|p1a: Vileplume
|
|-damage|p2a: Gay Gyarados|73/100 brn|[from] brn
|upkeep
|
|t:|1779645660
|switch|p1a: Excadrill|Excadrill, M|100/100
|-ability|p1a: Excadrill|Mold Breaker
|turn|29
|
|t:|1779645670
|move|p1a: Excadrill|Hone Claws|p1a: Excadrill
|-boost|p1a: Excadrill|atk|1
|-boost|p1a: Excadrill|accuracy|1
|move|p2a: Gay Gyarados|Scald|p1a: Excadrill
|-supereffective|p1a: Excadrill
|-damage|p1a: Excadrill|30/100
|
|-damage|p2a: Gay Gyarados|67/100 brn|[from] brn
|upkeep
|turn|30
|
|t:|1779645673
|move|p1a: Excadrill|Earthquake|p2a: Gay Gyarados
|-damage|p2a: Gay Gyarados|0 fnt
|faint|p2a: Gay Gyarados
|-damage|p1a: Excadrill|20/100|[from] item: Life Orb
|
|win|caudillocarnico
|raw|caudillocarnico's rating: 1128 &rarr; <strong>1149</strong><br />(+21 for winning)
|raw|gabirelfatias's rating: 1073 &rarr; <strong>1055</strong><br />(-18 for losing)
|l|☆gabirelfatias
|player|p2|
|l|☆caudillocarnico
|player|p1|
