|j|☆hz ataturk
|j|☆volkron zz
|t:|1779657217
|gametype|singles
|player|p1|hz ataturk|1|1235
|player|p2|volkron zz|unknownf|1216
|gen|9
|tier|[Gen 9] OU
|rated|
|rule|HP Percentage Mod: HP is shown in percentages
|rule|Endless Battle Clause: Forcing endless battles is banned
|rule|Species Clause: Limit one of each Pokémon
|rule|OHKO Clause: OHKO moves are banned
|rule|Evasion Items Clause: Evasion items are banned
|rule|Evasion Moves Clause: Evasion moves are banned
|rule|Evasion Abilities Clause: Evasion abilities are banned
|rule|Sleep Moves Clause: Sleep-inducing moves are banned
|clearpoke
|poke|p1|Regieleki|
|poke|p1|Alomomola, F|
|poke|p1|Heatran, F|
|poke|p1|Cinderace, M|
|poke|p1|Iron Valiant|
|poke|p1|Corviknight, F|
|poke|p2|Flapple, M|
|poke|p2|Meowstic, M|
|poke|p2|Enamorus, F|
|poke|p2|Ursaluna, M|
|poke|p2|Regieleki|
|poke|p2|Slowking-Galar, F|
|teampreview
|inactive|Battle timer is ON: inactive players will automatically lose when time's up. (requested by volkron zz)
|inactive|hz ataturk also wants the timer to be on.
|
|t:|1779657233
|teamsize|p1|6
|teamsize|p2|6
|start
|switch|p1a: Regieleki|Regieleki|100/100
|switch|p2a: Enamorus|Enamorus, F|100/100
|turn|1
|
|t:|1779657252
|switch|p2a: Ursaluna|Ursaluna, M|100/100
|move|p1a: Regieleki|Thunderbolt|p2a: Ursaluna
|-immune|p2a: Ursaluna
|
|-status|p2a: Ursaluna|brn|[from] item: Flame Orb
|upkeep
|turn|2
|
|t:|1779657272
|switch|p1a: Corviknight|Corviknight, F|100/100
|-ability|p1a: Corviknight|Pressure
|move|p2a: Ursaluna|Facade|p1a: Corviknight
|-resisted|p1a: Corviknight
|-damage|p1a: Corviknight|63/100
|-damage|p2a: Ursaluna|84/100 brn|[from] item: Rocky Helmet|[of] p1a: Corviknight
|
|-damage|p2a: Ursaluna|78/100 brn|[from] brn
|upkeep
|turn|3
|inactive|hz ataturk has 120 seconds left.
|
|t:|1779657296
|move|p1a: Corviknight|U-turn|p2a: Ursaluna
|-damage|p2a: Ursaluna|68/100 brn
|
|t:|1779657321
|switch|p1a: Heatran|Heatran, F|100/100|[from] U-turn
|move|p2a: Ursaluna|Fire Punch|p1a: Heatran
|-start|p1a: Heatran|ability: Flash Fire
|
|-damage|p2a: Ursaluna|62/100 brn|[from] brn
|upkeep
|turn|4
|
|t:|1779657337
|-end|p1a: Heatran|ability: Flash Fire|[silent]
|switch|p1a: Corviknight|Corviknight, F|63/100
|-ability|p1a: Corviknight|Pressure
|move|p2a: Ursaluna|Headlong Rush|p1a: Corviknight
|-immune|p1a: Corviknight
|
|-damage|p2a: Ursaluna|56/100 brn|[from] brn
|upkeep
|turn|5
|inactive|hz ataturk has 90 seconds left.
|
|t:|1779657362
|move|p1a: Corviknight|Brave Bird|p2a: Ursaluna
|-damage|p2a: Ursaluna|28/100 brn
|-damage|p1a: Corviknight|52/100|[from] Recoil
|move|p2a: Ursaluna|Facade|p1a: Corviknight
|-resisted|p1a: Corviknight
|-damage|p1a: Corviknight|15/100
|-damage|p2a: Ursaluna|12/100 brn|[from] item: Rocky Helmet|[of] p1a: Corviknight
|
|-damage|p2a: Ursaluna|6/100 brn|[from] brn
|upkeep
|turn|6
|
|t:|1779657375
|switch|p2a: Slowking|Slowking-Galar, F|100/100
|move|p1a: Corviknight|U-turn|p2a: Slowking
|-damage|p2a: Slowking|85/100
|
|t:|1779657393
|switch|p1a: Heatran|Heatran, F|100/100|[from] U-turn
|
|upkeep
|turn|7
|
|t:|1779657416
|move|p1a: Heatran|Magma Storm|p2a: Slowking|[miss]
|-miss|p1a: Heatran|p2a: Slowking
|move|p2a: Slowking|Thunder Wave|p1a: Heatran|[miss]
|-miss|p2a: Slowking|p1a: Heatran
|
|upkeep
|turn|8
|
|t:|1779657424
|move|p1a: Heatran|Magma Storm|p2a: Slowking
|-damage|p2a: Slowking|59/100
|-activate|p2a: Slowking|move: Magma Storm|[of] p1a: Heatran
|move|p2a: Slowking|Thunder Wave|p1a: Heatran
|-status|p1a: Heatran|par
|
|-damage|p2a: Slowking|47/100|[from] move: Magma Storm|[partiallytrapped]
|upkeep
|turn|9
|
|t:|1779657437
|cant|p1a: Heatran|par
|-prepare|p2a: Slowking|Chilly Reception|[premajor]
|move|p2a: Slowking|Chilly Reception|p2a: Slowking
|-weather|Snowscape
|
|t:|1779657447
|switch|p2a: Meowstic|Meowstic, M|100/100|[from] Chilly Reception
|
|-weather|Snowscape|[upkeep]
|upkeep
|turn|10
|
|t:|1779657467
|switch|p1a: Alomomola|Alomomola, F|100/100
|move|p2a: Meowstic|Gravity|p2a: Meowstic
|-fieldstart|move: Gravity
|
|-weather|Snowscape|[upkeep]
|upkeep
|turn|11
|
|t:|1779657481
|switch|p2a: Flapple|Flapple, M|100/100
|move|p1a: Alomomola|Flip Turn|p2a: Flapple
|-resisted|p2a: Flapple
|-damage|p2a: Flapple|94/100
|
|t:|1779657492
|switch|p1a: Cinderace|Cinderace, M|100/100|[from] Flip Turn
|
|-weather|Snowscape|[upkeep]
|upkeep
|turn|12
|inactive|hz ataturk has 60 seconds left.
|
|t:|1779657514
|move|p2a: Flapple|Sucker Punch|p1a: Cinderace
|-damage|p1a: Cinderace|53/100
|move|p1a: Cinderace|U-turn|p2a: Flapple
|-start|p1a: Cinderace|typechange|Bug|[from] ability: Libero
|-supereffective|p2a: Flapple
|-damage|p2a: Flapple|0 fnt
|faint|p2a: Flapple
|
|t:|1779657522
|switch|p1a: Regieleki|Regieleki|100/100|[from] U-turn
|
|-weather|Snowscape|[upkeep]
|upkeep
|
|t:|1779657530
|switch|p2a: Slowking|Slowking-Galar, F|80/100
|turn|13
|
|t:|1779657536
|move|p1a: Regieleki|Volt Switch|p2a: Slowking
|-damage|p2a: Slowking|56/100
|inactive|hz ataturk has 60 seconds left.
|
|t:|1779657549
|switch|p1a: Alomomola|Alomomola, F|100/100|[from] Volt Switch
|move|p2a: Slowking|Future Sight|p1a: Alomomola
|-start|p2a: Slowking|move: Future Sight
|
|-weather|none
|upkeep
|turn|14
|inactive|hz ataturk has 60 seconds left.
|
|t:|1779657565
|move|p1a: Alomomola|Scald|p2a: Slowking
|-damage|p2a: Slowking|48/100
|-status|p2a: Slowking|brn
|-prepare|p2a: Slowking|Chilly Reception|[premajor]
|move|p2a: Slowking|Chilly Reception|p2a: Slowking
|-weather|Snowscape
|
|t:|1779657568
|switch|p2a: Regieleki|Regieleki|100/100|[from] Chilly Reception
|
|-weather|Snowscape|[upkeep]
|-fieldend|move: Gravity
|upkeep
|turn|15
|
|t:|1779657575
|-terastallize|p2a: Regieleki|Electric
|move|p1a: Alomomola|Protect|p1a: Alomomola
|-singleturn|p1a: Alomomola|Protect
|move|p2a: Regieleki|Volt Switch|p1a: Alomomola
|-activate|p1a: Alomomola|move: Protect
|
|-weather|Snowscape|[upkeep]
|-end|p1a: Alomomola|move: Future Sight
|-damage|p1a: Alomomola|50/100
|upkeep
|turn|16
|inactive|hz ataturk has 60 seconds left.
|
|t:|1779657605
|switch|p1a: Corviknight|Corviknight, F|15/100
|-ability|p1a: Corviknight|Pressure
|move|p2a: Regieleki|Volt Switch|p1a: Corviknight
|-supereffective|p1a: Corviknight
|-damage|p1a: Corviknight|0 fnt
|faint|p1a: Corviknight
|
|t:|1779657615
|switch|p2a: Enamorus|Enamorus, F|100/100|[from] Volt Switch
|
|-weather|Snowscape|[upkeep]
|upkeep
|
|t:|1779657623
|switch|p1a: Regieleki|Regieleki|100/100
|turn|17
|inactive|hz ataturk has 60 seconds left.
|
|t:|1779657631
|switch|p2a: Ursaluna|Ursaluna, M|6/100 brn
|move|p1a: Regieleki|Volt Switch|p2a: Ursaluna
|-immune|p2a: Ursaluna
|
|-weather|Snowscape|[upkeep]
|-damage|p2a: Ursaluna|0 fnt|[from] brn
|faint|p2a: Ursaluna
|upkeep
|
|t:|1779657642
|switch|p2a: Meowstic|Meowstic, M|100/100
|turn|18
|
|t:|1779657652
|move|p2a: Meowstic|Gravity|p2a: Meowstic
|-fieldstart|move: Gravity
|move|p1a: Regieleki|Volt Switch|p2a: Meowstic
|-damage|p2a: Meowstic|66/100
|-enditem|p2a: Meowstic|Eject Button
|
|t:|1779657657
|switch|p2a: Regieleki|Regieleki, tera:Electric|100/100
|
|-weather|none
|upkeep
|turn|19
|
|t:|1779657673
|switch|p1a: Heatran|Heatran, F|100/100 par
|move|p2a: Regieleki|Thunder|p1a: Heatran
|-damage|p1a: Heatran|16/100 par
|
|-heal|p1a: Heatran|22/100 par|[from] item: Leftovers
|upkeep
|turn|20
|
|t:|1779657682
|move|p2a: Regieleki|Thunder|p1a: Heatran
|-damage|p1a: Heatran|0 fnt
|faint|p1a: Heatran
|
|upkeep
|
|t:|1779657686
|switch|p1a: Iron Valiant|Iron Valiant|100/100
|-enditem|p1a: Iron Valiant|Booster Energy
|-activate|p1a: Iron Valiant|ability: Quark Drive|[fromitem]
|-start|p1a: Iron Valiant|quarkdrivespe
|turn|21
|
|t:|1779657706
|move|p2a: Regieleki|Thunder|p1a: Iron Valiant
|-crit|p1a: Iron Valiant
|-damage|p1a: Iron Valiant|0 fnt
|faint|p1a: Iron Valiant
|-end|p1a: Iron Valiant|Quark Drive|[silent]
|
|upkeep
|inactive|hz ataturk has 60 seconds left.
|
|t:|1779657719
|switch|p1a: Regieleki|Regieleki|100/100
|turn|22
|
|t:|1779657724
|move|p2a: Regieleki|Thunder|p1a: Regieleki
|-resisted|p1a: Regieleki
|-damage|p1a: Regieleki|0 fnt
|faint|p1a: Regieleki
|
|-fieldend|move: Gravity
|upkeep
|-message|hz ataturk forfeited.
|
|win|volkron zz
|raw|hz ataturk's rating: 1235 &rarr; <strong>1209</strong><br />(-26 for losing)
|raw|volkron zz's rating: 1216 &rarr; <strong>1242</strong><br />(+26 for winning)
|l|☆hz ataturk
|player|p1|
|l|☆volkron zz
|player|p2|
