|j|☆banjo guro
|j|☆Sappy6754
|t:|1779707620
|gametype|singles
|player|p1|banjo guro|erika|1398
|player|p2|Sappy6754|lucas|1343
|gen|9
|tier|[Gen 9] OU
|rated|
|rule|HP Percentage Mod: HP is shown in percentages
|rule|Endless Battle Clause: Forcing endless battles is banned
|rule|Species Clause: Limit one of each Pokémon
|rule|OHKO Clause: OHKO moves are banned
|rule|Evasion Items Clause: Evasion items are banned
|rule|Evasion Moves Clause: Evasion moves are banned
|rule|Evasion Abilities Clause: Evasion abilities are banned
|rule|Sleep Moves Clause: Sleep-inducing moves are banned
|clearpoke
|poke|p1|Garganacl, F|
|poke|p1|Mimikyu, F|
|poke|p1|Chimecho, M|
|poke|p1|Serperior, M|
|poke|p1|Polteageist|
|poke|p1|Maushold|
|poke|p2|Pincurchin, F|
|poke|p2|Iron Thorns|
|poke|p2|Regieleki|
|poke|p2|Hawlucha, M|
|poke|p2|Iron Valiant|
|poke|p2|Kingambit, M|
|teampreview
|inactive|Battle timer is ON: inactive players will automatically lose when time's up. (requested by banjo guro)
|
|t:|1779707629
|teamsize|p1|6
|teamsize|p2|6
|start
|switch|p1a: Polteageist|Polteageist|100/100
|switch|p2a: Pincurchin|Pincurchin, F|100/100
|-fieldstart|move: Electric Terrain|[from] ability: Electric Surge|[of] p2a: Pincurchin
|turn|1
|
|t:|1779707647
|move|p1a: Polteageist|Shell Smash|p1a: Polteageist
|-unboost|p1a: Polteageist|def|1
|-unboost|p1a: Polteageist|spd|1
|-boost|p1a: Polteageist|atk|2
|-boost|p1a: Polteageist|spa|2
|-boost|p1a: Polteageist|spe|2
|move|p2a: Pincurchin|Memento|p1a: Polteageist
|-unboost|p1a: Polteageist|atk|2
|-unboost|p1a: Polteageist|spa|2
|faint|p2a: Pincurchin
|
|upkeep
|
|t:|1779707659
|switch|p2a: Kingambit|Kingambit, M|100/100
|-activate|p2a: Kingambit|ability: Supreme Overlord
|-start|p2a: Kingambit|fallen1|[silent]
|-item|p2a: Kingambit|Air Balloon
|turn|2
|
|t:|1779707669
|move|p1a: Polteageist|Shadow Ball|p2a: Kingambit
|-resisted|p2a: Kingambit
|-damage|p2a: Kingambit|75/100
|-unboost|p2a: Kingambit|spd|1
|-enditem|p2a: Kingambit|Air Balloon
|move|p2a: Kingambit|Kowtow Cleave|p1a: Polteageist
|-supereffective|p1a: Polteageist
|-enditem|p1a: Polteageist|Focus Sash
|-damage|p1a: Polteageist|1/100
|-ability|p1a: Polteageist|Weak Armor|boost
|-unboost|p1a: Polteageist|def|1
|-boost|p1a: Polteageist|spe|2
|
|upkeep
|turn|3
|inactive|Sappy6754 has 120 seconds left.
|
|t:|1779707703
|move|p1a: Polteageist|Strength Sap|p2a: Kingambit
|-unboost|p2a: Kingambit|atk|1
|-heal|p1a: Polteageist|100/100
|move|p2a: Kingambit|Kowtow Cleave|p1a: Polteageist
|-supereffective|p1a: Polteageist
|-damage|p1a: Polteageist|0 fnt
|faint|p1a: Polteageist
|
|upkeep
|
|t:|1779707713
|switch|p1a: Chimecho|Chimecho, M|100/100
|turn|4
|inactive|Sappy6754 has 120 seconds left.
|
|t:|1779707724
|-terastallize|p1a: Chimecho|Electric
|move|p2a: Kingambit|Sucker Punch||[still]
|-fail|p2a: Kingambit
|move|p1a: Chimecho|Cosmic Power|p1a: Chimecho
|-boost|p1a: Chimecho|def|1
|-boost|p1a: Chimecho|spd|1
|
|upkeep
|turn|5
|
|t:|1779707731
|move|p2a: Kingambit|Kowtow Cleave|p1a: Chimecho
|-damage|p1a: Chimecho|73/100
|move|p1a: Chimecho|Cosmic Power|p1a: Chimecho
|-boost|p1a: Chimecho|def|1
|-boost|p1a: Chimecho|spd|1
|
|-heal|p1a: Chimecho|79/100|[from] item: Leftovers
|upkeep
|turn|6
|inactive|Sappy6754 has 120 seconds left.
|
|t:|1779707756
|move|p2a: Kingambit|Kowtow Cleave|p1a: Chimecho
|-crit|p1a: Chimecho
|-damage|p1a: Chimecho|0 fnt
|faint|p1a: Chimecho
|
|upkeep
|
|t:|1779707763
|switch|p1a: Garganacl|Garganacl, F|100/100
|turn|7
|
|t:|1779707768
|move|p2a: Kingambit|Iron Head|p1a: Garganacl
|-supereffective|p1a: Garganacl
|-damage|p1a: Garganacl|55/100
|cant|p1a: Garganacl|flinch
|
|-heal|p1a: Garganacl|61/100|[from] item: Leftovers
|upkeep
|turn|8
|
|t:|1779707774
|move|p2a: Kingambit|Iron Head|p1a: Garganacl
|-supereffective|p1a: Garganacl
|-damage|p1a: Garganacl|13/100
|move|p1a: Garganacl|Body Press|p2a: Kingambit
|-supereffective|p2a: Kingambit
|-damage|p2a: Kingambit|0 fnt
|faint|p2a: Kingambit
|-end|p2a: Kingambit|fallen1|[silent]
|
|-heal|p1a: Garganacl|20/100|[from] item: Leftovers
|-fieldend|move: Electric Terrain
|upkeep
|
|t:|1779707780
|switch|p2a: Regieleki|Regieleki|100/100
|turn|9
|
|t:|1779707785
|move|p2a: Regieleki|Supercell Slam|p1a: Garganacl
|-damage|p1a: Garganacl|0 fnt
|faint|p1a: Garganacl
|-damage|p2a: Regieleki|91/100|[from] item: Life Orb
|
|upkeep
|
|t:|1779707791
|switch|p1a: Maushold|Maushold|100/100
|turn|10
|
|t:|1779707808
|-terastallize|p2a: Regieleki|Electric
|move|p2a: Regieleki|Supercell Slam|p1a: Maushold
|-damage|p1a: Maushold|0 fnt
|faint|p1a: Maushold
|-damage|p2a: Regieleki|81/100|[from] item: Life Orb
|
|upkeep
|-message|banjo guro forfeited.
|
|win|Sappy6754
|raw|banjo guro's rating: 1398 &rarr; <strong>1375</strong><br />(-23 for losing)
|raw|Sappy6754's rating: 1343 &rarr; <strong>1366</strong><br />(+23 for winning)
|l|☆banjo guro
|player|p1|
|l|☆Sappy6754
|player|p2|
