|j|☆30delta
|j|☆vuuy678jht68j
|t:|1779595368
|gametype|singles
|player|p1|30delta|rocketgrunt|1330
|player|p2|vuuy678jht68j|101|1395
|gen|9
|tier|[Gen 9] OU
|rated|
|rule|HP Percentage Mod: HP is shown in percentages
|rule|Endless Battle Clause: Forcing endless battles is banned
|rule|Species Clause: Limit one of each Pokémon
|rule|OHKO Clause: OHKO moves are banned
|rule|Evasion Items Clause: Evasion items are banned
|rule|Evasion Moves Clause: Evasion moves are banned
|rule|Evasion Abilities Clause: Evasion abilities are banned
|rule|Sleep Moves Clause: Sleep-inducing moves are banned
|clearpoke
|poke|p1|Garchomp, F|
|poke|p1|Azumarill, M|
|poke|p1|Hoopa-Unbound|
|poke|p1|Weavile, M|
|poke|p1|Gyarados, F|
|poke|p1|Serperior, F|
|poke|p2|Ceruledge, F|
|poke|p2|Ogerpon-Wellspring, F|
|poke|p2|Dragonite, M|
|poke|p2|Iron Treads|
|poke|p2|Hatterene, F|
|poke|p2|Zamazenta-*|
|teampreview
|inactive|Battle timer is ON: inactive players will automatically lose when time's up. (requested by 30delta)
|
|t:|1779595375
|teamsize|p1|6
|teamsize|p2|6
|start
|switch|p1a: Garchomp|Garchomp, F|100/100
|switch|p2a: Iron Treads|Iron Treads|100/100
|-enditem|p2a: Iron Treads|Booster Energy
|-activate|p2a: Iron Treads|ability: Quark Drive|[fromitem]
|-start|p2a: Iron Treads|quarkdriveatk
|turn|1
|
|t:|1779595378
|move|p2a: Iron Treads|Ice Spinner|p1a: Garchomp
|-supereffective|p1a: Garchomp
|-damage|p1a: Garchomp|15/100
|-damage|p2a: Iron Treads|88/100|[from] ability: Rough Skin|[of] p1a: Garchomp
|-damage|p2a: Iron Treads|72/100|[from] item: Rocky Helmet|[of] p1a: Garchomp
|move|p1a: Garchomp|Stealth Rock|p2a: Iron Treads
|-sidestart|p2: vuuy678jht68j|move: Stealth Rock
|
|upkeep
|turn|2
|
|t:|1779595389
|move|p2a: Iron Treads|Ice Spinner|p1a: Garchomp
|-supereffective|p1a: Garchomp
|-damage|p1a: Garchomp|0 fnt
|-damage|p2a: Iron Treads|59/100|[from] ability: Rough Skin|[of] p1a: Garchomp
|-damage|p2a: Iron Treads|43/100|[from] item: Rocky Helmet|[of] p1a: Garchomp
|faint|p1a: Garchomp
|
|upkeep
|
|t:|1779595399
|switch|p1a: Gyarados|Gyarados, F|100/100
|turn|3
|
|t:|1779595407
|switch|p1a: Azumarill|Azumarill, M|100/100
|move|p2a: Iron Treads|Rapid Spin|p1a: Azumarill
|-damage|p1a: Azumarill|72/100
|-boost|p2a: Iron Treads|spe|1
|-sideend|p2: vuuy678jht68j|Stealth Rock|[from] move: Rapid Spin|[of] p2a: Iron Treads
|
|upkeep
|turn|4
|
|t:|1779595412
|-end|p2a: Iron Treads|Quark Drive|[silent]
|switch|p2a: Ogerpon|Ogerpon-Wellspring, F|100/100
|move|p1a: Azumarill|Belly Drum|p1a: Azumarill
|-damage|p1a: Azumarill|22/100
|-setboost|p1a: Azumarill|atk|6|[from] move: Belly Drum
|-enditem|p1a: Azumarill|Sitrus Berry|[eat]
|-heal|p1a: Azumarill|47/100|[from] item: Sitrus Berry
|
|upkeep
|turn|5
|
|t:|1779595419
|-terastallize|p1a: Azumarill|Steel
|move|p2a: Ogerpon|Power Whip|p1a: Azumarill|[miss]
|-miss|p2a: Ogerpon|p1a: Azumarill
|move|p1a: Azumarill|Play Rough|p2a: Ogerpon
|-damage|p2a: Ogerpon|0 fnt
|faint|p2a: Ogerpon
|
|upkeep
|
|t:|1779595427
|switch|p2a: Dragonite|Dragonite, M|100/100
|turn|6
|
|t:|1779595437
|move|p1a: Azumarill|Aqua Jet|p2a: Dragonite
|-resisted|p2a: Dragonite
|-damage|p2a: Dragonite|70/100
|move|p2a: Dragonite|Earthquake|p1a: Azumarill
|-supereffective|p1a: Azumarill
|-damage|p1a: Azumarill|0 fnt
|faint|p1a: Azumarill
|
|upkeep
|
|t:|1779595441
|switch|p1a: Weavile|Weavile, M|100/100
|-ability|p1a: Weavile|Pressure
|turn|7
|
|t:|1779595451
|move|p1a: Weavile|Triple Axel|p2a: Dragonite
|-supereffective|p2a: Dragonite
|-damage|p2a: Dragonite|10/100
|-supereffective|p2a: Dragonite
|-damage|p2a: Dragonite|0 fnt
|faint|p2a: Dragonite
|-hitcount|p2: Dragonite|2
|
|upkeep
|
|t:|1779595463
|switch|p2a: Ceruledge|Ceruledge, F|100/100
|turn|8
|
|t:|1779595480
|switch|p1a: Gyarados|Gyarados, F|100/100
|move|p2a: Ceruledge|Bitter Blade|p1a: Gyarados
|-resisted|p1a: Gyarados
|-damage|p1a: Gyarados|76/100
|
|upkeep
|turn|9
|
|t:|1779595493
|-terastallize|p2a: Ceruledge|Fairy
|move|p2a: Ceruledge|Swords Dance|p2a: Ceruledge
|-boost|p2a: Ceruledge|atk|2
|move|p1a: Gyarados|Substitute|p1a: Gyarados
|-start|p1a: Gyarados|Substitute
|-damage|p1a: Gyarados|52/100
|
|upkeep
|turn|10
|
|t:|1779595501
|move|p2a: Ceruledge|Bitter Blade|p1a: Gyarados
|-resisted|p1a: Gyarados
|-crit|p1a: Gyarados
|-end|p1a: Gyarados|Substitute
|move|p1a: Gyarados|Dragon Dance|p1a: Gyarados
|-boost|p1a: Gyarados|atk|1
|-boost|p1a: Gyarados|spe|1
|
|upkeep
|turn|11
|
|t:|1779595510
|move|p1a: Gyarados|Waterfall|p2a: Ceruledge
|-damage|p2a: Ceruledge|12/100
|-ability|p2a: Ceruledge|Weak Armor|boost
|-unboost|p2a: Ceruledge|def|1
|-boost|p2a: Ceruledge|spe|2
|move|p2a: Ceruledge|Bitter Blade|p1a: Gyarados
|-resisted|p1a: Gyarados
|-damage|p1a: Gyarados|0 fnt
|-heal|p2a: Ceruledge|41/100|[from] drain|[of] p1a: Gyarados
|faint|p1a: Gyarados
|
|upkeep
|
|t:|1779595524
|switch|p1a: Weavile|Weavile, M|100/100
|-ability|p1a: Weavile|Pressure
|turn|12
|
|t:|1779595528
|move|p1a: Weavile|Ice Shard|p2a: Ceruledge
|-damage|p2a: Ceruledge|0 fnt
|faint|p2a: Ceruledge
|
|upkeep
|inactive|vuuy678jht68j has 120 seconds left.
|
|t:|1779595561
|switch|p2a: Zamazenta|Zamazenta|100/100
|-ability|p2a: Zamazenta|Dauntless Shield|boost
|-boost|p2a: Zamazenta|def|1
|turn|13
|
|t:|1779595586
|switch|p1a: Hoopa|Hoopa-Unbound|100/100
|move|p2a: Zamazenta|Heavy Slam|p1a: Hoopa
|-damage|p1a: Hoopa|82/100
|-damage|p2a: Zamazenta|91/100|[from] item: Life Orb
|
|upkeep
|turn|14
|
|t:|1779595601
|move|p2a: Zamazenta|Close Combat|p1a: Hoopa
|-damage|p1a: Hoopa|0 fnt
|-unboost|p2a: Zamazenta|def|1
|-unboost|p2a: Zamazenta|spd|1
|faint|p1a: Hoopa
|-damage|p2a: Zamazenta|81/100|[from] item: Life Orb
|
|upkeep
|
|t:|1779595612
|switch|p1a: Serperior|Serperior, F|100/100
|turn|15
|
|t:|1779595618
|move|p1a: Serperior|Leaf Storm|p2a: Zamazenta|[miss]
|-miss|p1a: Serperior|p2a: Zamazenta
|move|p2a: Zamazenta|Close Combat|p1a: Serperior
|-damage|p1a: Serperior|1/100
|-unboost|p2a: Zamazenta|def|1
|-unboost|p2a: Zamazenta|spd|1
|-damage|p2a: Zamazenta|71/100|[from] item: Life Orb
|
|upkeep
|turn|16
|
|t:|1779595627
|switch|p2a: Iron Treads|Iron Treads|43/100
|move|p1a: Serperior|Leaf Storm|p2a: Iron Treads
|-damage|p2a: Iron Treads|0 fnt
|-boost|p1a: Serperior|spa|2
|faint|p2a: Iron Treads
|-end|p2a: Iron Treads|Quark Drive|[silent]
|
|upkeep
|
|t:|1779595637
|switch|p2a: Hatterene|Hatterene, F|100/100
|turn|17
|
|t:|1779595652
|move|p1a: Serperior|Leaf Storm|p2a: Hatterene
|-damage|p2a: Hatterene|39/100
|-boost|p1a: Serperior|spa|2
|move|p2a: Hatterene|Mystical Fire|p1a: Serperior
|-supereffective|p1a: Serperior
|-crit|p1a: Serperior
|-damage|p1a: Serperior|0 fnt
|faint|p1a: Serperior
|
|upkeep
|
|t:|1779595656
|switch|p1a: Weavile|Weavile, M|100/100
|-ability|p1a: Weavile|Pressure
|turn|18
|
|t:|1779595661
|move|p1a: Weavile|Triple Axel|p2a: Hatterene
|-crit|p2a: Hatterene
|-damage|p2a: Hatterene|16/100
|-damage|p2a: Hatterene|0 fnt
|faint|p2a: Hatterene
|-hitcount|p2: Hatterene|2
|
|upkeep
|
|t:|1779595663
|switch|p2a: Zamazenta|Zamazenta|71/100
|turn|19
|
|t:|1779595669
|move|p2a: Zamazenta|Heavy Slam|p1a: Weavile
|-supereffective|p1a: Weavile
|-damage|p1a: Weavile|0 fnt
|faint|p1a: Weavile
|-damage|p2a: Zamazenta|61/100|[from] item: Life Orb
|
|win|vuuy678jht68j
|raw|30delta's rating: 1309 &rarr; <strong>1294</strong><br />(-15 for losing)
|raw|vuuy678jht68j's rating: 1395 &rarr; <strong>1410</strong><br />(+15 for winning)
|l|☆30delta
|player|p1|
|l|☆vuuy678jht68j
|player|p2|
