|j|☆ChudleyDw1irks67
|j|☆SquidWoomy
|t:|1779698087
|gametype|singles
|player|p1|ChudleyDw1irks67|pokefan-gen4|1028
|player|p2|SquidWoomy|flannery|1000
|gen|9
|tier|[Gen 9] OU
|rated|
|rule|HP Percentage Mod: HP is shown in percentages
|rule|Endless Battle Clause: Forcing endless battles is banned
|rule|Species Clause: Limit one of each Pokémon
|rule|OHKO Clause: OHKO moves are banned
|rule|Evasion Items Clause: Evasion items are banned
|rule|Evasion Moves Clause: Evasion moves are banned
|rule|Evasion Abilities Clause: Evasion abilities are banned
|rule|Sleep Moves Clause: Sleep-inducing moves are banned
|clearpoke
|poke|p1|Exeggutor-Alola, F|
|poke|p1|Slowking-Galar, F|
|poke|p1|Torkoal, F|
|poke|p1|Ursaluna, M|
|poke|p1|Hatterene, F|
|poke|p1|Great Tusk|
|poke|p2|Clefable, M|
|poke|p2|Dragapult, M|
|poke|p2|Regieleki|
|poke|p2|Garganacl, M|
|poke|p2|Maushold-Four|
|poke|p2|Slowking-Galar, F|
|teampreview
|
|t:|1779698096
|teamsize|p1|6
|teamsize|p2|6
|start
|switch|p1a: Hatterene|Hatterene, F|100/100
|switch|p2a: Maushold|Maushold-Four|100/100
|turn|1
|
|t:|1779698102
|move|p2a: Maushold|Tidy Up|p2a: Maushold
|-boost|p2a: Maushold|atk|1
|-boost|p2a: Maushold|spe|1
|move|p1a: Hatterene|Trick Room|p1a: Hatterene
|-fieldstart|move: Trick Room|[of] p1a: Hatterene
|
|upkeep
|turn|2
|
|t:|1779698109
|move|p1a: Hatterene|Draining Kiss|p2a: Maushold
|-damage|p2a: Maushold|65/100
|move|p2a: Maushold|Population Bomb|p1a: Hatterene
|-damage|p1a: Hatterene|82/100
|-damage|p1a: Hatterene|61/100
|-damage|p1a: Hatterene|41/100
|-damage|p1a: Hatterene|22/100
|-damage|p1a: Hatterene|0 fnt
|faint|p1a: Hatterene
|-hitcount|p1: Hatterene|5
|
|upkeep
|c|☆ChudleyDw1irks67|watashiwa
|
|t:|1779698116
|switch|p1a: Ursaluna|Ursaluna, M|100/100
|turn|3
|
|t:|1779698129
|move|p1a: Ursaluna|Headlong Rush|p2a: Maushold
|-crit|p2a: Maushold
|-damage|p2a: Maushold|0 fnt
|-unboost|p1a: Ursaluna|def|1
|-unboost|p1a: Ursaluna|spd|1
|faint|p2a: Maushold
|
|-status|p1a: Ursaluna|brn|[from] item: Flame Orb
|upkeep
|c|☆ChudleyDw1irks67|I don't quite get stayin in ther
|c|☆ChudleyDw1irks67|but
|c|☆ChudleyDw1irks67|I mean
|c|☆ChudleyDw1irks67|like if u wanna sack it
|
|t:|1779698141
|switch|p2a: Slowking|Slowking-Galar, F|100/100
|turn|4
|c|☆ChudleyDw1irks67|ig that works
|
|t:|1779698146
|-terastallize|p2a: Slowking|Fairy
|move|p2a: Slowking|Eerie Spell|p1a: Ursaluna
|-damage|p1a: Ursaluna|46/100 brn
|-activate|p1a: Ursaluna|move: Eerie Spell|Headlong Rush|3
|move|p1a: Ursaluna|Headlong Rush|p2a: Slowking
|-crit|p2a: Slowking
|-damage|p2a: Slowking|0 fnt
|-unboost|p1a: Ursaluna|def|1
|-unboost|p1a: Ursaluna|spd|1
|faint|p2a: Slowking
|
|-damage|p1a: Ursaluna|40/100 brn|[from] brn
|upkeep
|
|t:|1779698156
|switch|p2a: Garganacl|Garganacl, M, shiny|100/100
|turn|5
|c|☆ChudleyDw1irks67|woulda have ohkoed
|
|t:|1779698168
|move|p2a: Garganacl|Body Press|p1a: Ursaluna
|-supereffective|p1a: Ursaluna
|-damage|p1a: Ursaluna|0 fnt
|faint|p1a: Ursaluna
|
|-fieldend|move: Trick Room
|upkeep
|c|☆ChudleyDw1irks67|entire team is slow ig
|
|t:|1779698184
|switch|p1a: Exeggutor|Exeggutor-Alola, F|100/100
|turn|6
|
|t:|1779698192
|switch|p2a: Dragapult|Dragapult, M|100/100
|move|p1a: Exeggutor|Giga Drain|p2a: Dragapult
|-resisted|p2a: Dragapult
|-crit|p2a: Dragapult
|-damage|p2a: Dragapult|74/100
|
|upkeep
|turn|7
|
|t:|1779698204
|-terastallize|p1a: Exeggutor|Grass
|move|p2a: Dragapult|Dragon Darts|p1a: Exeggutor
|-damage|p1a: Exeggutor|75/100
|-anim|p2a: Dragapult|Dragon Darts|p1a: Exeggutor
|-damage|p1a: Exeggutor|51/100
|move|p1a: Exeggutor|Draco Meteor|p2a: Dragapult
|-supereffective|p2a: Dragapult
|-damage|p2a: Dragapult|0 fnt
|-unboost|p1a: Exeggutor|spa|2
|faint|p2a: Dragapult
|
|upkeep
|c|☆ChudleyDw1irks67|ez!
|c|☆ChudleyDw1irks67|yapaks
|inactive|Battle timer is ON: inactive players will automatically lose when time's up. (requested by ChudleyDw1irks67)
|
|t:|1779698243
|switch|p2a: Regieleki|Regieleki, shiny|100/100
|-item|p2a: Regieleki|Air Balloon
|turn|8
|c|☆ChudleyDw1irks67|take ur sweet time!
|
|t:|1779698251
|switch|p1a: Great Tusk|Great Tusk|100/100
|move|p2a: Regieleki|Ancient Power|p1a: Great Tusk
|-resisted|p1a: Great Tusk
|-damage|p1a: Great Tusk|94/100
|
|upkeep
|turn|9
|
|t:|1779698260
|move|p2a: Regieleki|Hyper Beam|p1a: Great Tusk
|-damage|p1a: Great Tusk|30/100
|-mustrecharge|p2a: Regieleki
|move|p1a: Great Tusk|Headlong Rush|p2a: Regieleki
|-immune|p2a: Regieleki
|
|upkeep
|turn|10
|c|☆ChudleyDw1irks67|y does it do that
|c|☆ChudleyDw1irks67|omds
|c|☆ChudleyDw1irks67|I misslcik
|c|☆ChudleyDw1irks67|ten lag
|c|☆ChudleyDw1irks67|then I can't undo
|n|!ChudleyDw1irks67|chudleydw1irks67
|
|t:|1779698279
|-end|p1a: Great Tusk|Protosynthesis|[silent]
|switch|p1a: Slowking|Slowking-Galar, F|100/100
|cant|p2a: Regieleki|recharge
|
|upkeep
|turn|11
|
|t:|1779698284
|move|p2a: Regieleki|Thunderbolt|p1a: Slowking
|-damage|p1a: Slowking|60/100
|move|p1a: Slowking|Trick Room|p1a: Slowking
|-fieldstart|move: Trick Room|[of] p1a: Slowking
|
|-heal|p1a: Slowking|66/100|[from] item: Leftovers
|upkeep
|turn|12
|
|t:|1779698300
|switch|p1a: Exeggutor|Exeggutor-Alola, F, tera:Grass|51/100
|move|p2a: Regieleki|Hyper Beam|p1a: Exeggutor
|-damage|p1a: Exeggutor|6/100
|-mustrecharge|p2a: Regieleki
|-enditem|p1a: Exeggutor|Sitrus Berry|[eat]
|-heal|p1a: Exeggutor|31/100|[from] item: Sitrus Berry
|
|-item|p1a: Exeggutor|Sitrus Berry|[from] ability: Harvest
|upkeep
|-enditem|p1a: Exeggutor|Sitrus Berry|[eat]
|-heal|p1a: Exeggutor|56/100|[from] item: Sitrus Berry
|turn|13
|
|t:|1779698305
|move|p1a: Exeggutor|Giga Drain|p2a: Regieleki
|-damage|p2a: Regieleki|11/100
|-heal|p1a: Exeggutor|97/100|[from] drain|[of] p2a: Regieleki
|-enditem|p2a: Regieleki|Air Balloon
|cant|p2a: Regieleki|recharge
|
|upkeep
|turn|14
|
|t:|1779698325
|move|p1a: Exeggutor|Giga Drain|p2a: Regieleki
|-damage|p2a: Regieleki|0 fnt
|-heal|p1a: Exeggutor|100/100|[from] drain|[of] p2a: Regieleki
|faint|p2a: Regieleki
|
|upkeep
|
|t:|1779698328
|switch|p2a: Clefable|Clefable, M|100/100
|turn|15
|
|t:|1779698340
|switch|p1a: Slowking|Slowking-Galar, F|99/100
|move|p2a: Clefable|Cosmic Power|p2a: Clefable
|-boost|p2a: Clefable|def|1
|-boost|p2a: Clefable|spd|1
|
|-heal|p1a: Slowking|100/100|[from] item: Leftovers
|-fieldend|move: Trick Room
|upkeep
|turn|16
|
|t:|1779698360
|move|p2a: Clefable|Cosmic Power|p2a: Clefable
|-boost|p2a: Clefable|def|1
|-boost|p2a: Clefable|spd|1
|move|p1a: Slowking|Trick Room|p1a: Slowking
|-fieldstart|move: Trick Room|[of] p1a: Slowking
|
|upkeep
|turn|17
|
|t:|1779698372
|-prepare|p1a: Slowking|Chilly Reception|[premajor]
|move|p1a: Slowking|Chilly Reception|p1a: Slowking
|-weather|Snowscape
|
|t:|1779698376
|switch|p1a: Torkoal|Torkoal, F|100/100|[from] Chilly Reception
|-weather|SunnyDay|[from] ability: Drought|[of] p1a: Torkoal
|move|p2a: Clefable|Cosmic Power|p2a: Clefable
|-boost|p2a: Clefable|def|1
|-boost|p2a: Clefable|spd|1
|
|-weather|SunnyDay|[upkeep]
|upkeep
|turn|18
|
|t:|1779698384
|switch|p1a: Great Tusk|Great Tusk|30/100
|-activate|p1a: Great Tusk|ability: Protosynthesis
|-start|p1a: Great Tusk|protosynthesisatk
|move|p2a: Clefable|Cosmic Power|p2a: Clefable
|-boost|p2a: Clefable|def|1
|-boost|p2a: Clefable|spd|1
|
|-weather|SunnyDay|[upkeep]
|upkeep
|turn|19
|
|t:|1779698394
|move|p2a: Clefable|Stored Power|p1a: Great Tusk
|-supereffective|p1a: Great Tusk
|-damage|p1a: Great Tusk|0 fnt
|faint|p1a: Great Tusk
|-end|p1a: Great Tusk|Protosynthesis|[silent]
|
|-weather|SunnyDay|[upkeep]
|upkeep
|
|t:|1779698405
|switch|p1a: Torkoal|Torkoal, F|100/100
|turn|20
|
|t:|1779698416
|move|p1a: Torkoal|Eruption|p2a: Clefable
|-damage|p2a: Clefable|73/100
|move|p2a: Clefable|Cosmic Power|p2a: Clefable
|-boost|p2a: Clefable|def|1
|-boost|p2a: Clefable|spd|1
|
|-weather|SunnyDay|[upkeep]
|-heal|p2a: Clefable|79/100|[from] item: Leftovers
|-fieldend|move: Trick Room
|upkeep
|turn|21
|
|t:|1779698423
|move|p2a: Clefable|Stored Power|p1a: Torkoal
|-damage|p1a: Torkoal|32/100
|move|p1a: Torkoal|Eruption|p2a: Clefable
|-crit|p2a: Clefable
|-damage|p2a: Clefable|41/100
|
|-weather|SunnyDay|[upkeep]
|-heal|p2a: Clefable|47/100|[from] item: Leftovers
|upkeep
|turn|22
|-message|ChudleyDw1irks67 forfeited.
|
|win|SquidWoomy
