|j|☆Mdavis
|j|‽ekekdkdmdmwksl
|t:|1779696251
|gametype|singles
|player|p1|Mdavis|palmer|1334
|player|p2|ekekdkdmdmwksl|2|1298
|gen|9
|tier|[Gen 9] OU
|rated|
|rule|HP Percentage Mod: HP is shown in percentages
|rule|Endless Battle Clause: Forcing endless battles is banned
|rule|Species Clause: Limit one of each Pokémon
|rule|OHKO Clause: OHKO moves are banned
|rule|Evasion Items Clause: Evasion items are banned
|rule|Evasion Moves Clause: Evasion moves are banned
|rule|Evasion Abilities Clause: Evasion abilities are banned
|rule|Sleep Moves Clause: Sleep-inducing moves are banned
|clearpoke
|poke|p1|Gliscor, F|
|poke|p1|Blissey, F|
|poke|p1|Gholdengo|
|poke|p1|Garganacl, M|
|poke|p1|Moltres|
|poke|p1|Kingambit, F|
|poke|p2|Infernape, M|
|poke|p2|Ceruledge, M|
|poke|p2|Hatterene, F|
|poke|p2|Tyranitar, M|
|poke|p2|Excadrill, F|
|poke|p2|Darkrai|
|teampreview
|inactive|Battle timer is ON: inactive players will automatically lose when time's up. (requested by ekekdkdmdmwksl)
|
|t:|1779696268
|teamsize|p1|6
|teamsize|p2|6
|start
|switch|p1a: Gliscor|Gliscor, F|100/100
|switch|p2a: Hatterene|Hatterene, F|100/100
|turn|1
|
|t:|1779696273
|move|p1a: Gliscor|Protect|p1a: Gliscor
|-singleturn|p1a: Gliscor|Protect
|move|p2a: Hatterene|Calm Mind|p2a: Hatterene
|-boost|p2a: Hatterene|spa|1
|-boost|p2a: Hatterene|spd|1
|
|-status|p1a: Gliscor|tox|[from] item: Toxic Orb
|upkeep
|turn|2
|
|t:|1779696278
|move|p1a: Gliscor|Earthquake|p2a: Hatterene
|-damage|p2a: Hatterene|62/100
|move|p2a: Hatterene|Mystical Fire|p1a: Gliscor
|-damage|p1a: Gliscor|61/100 tox
|-unboost|p1a: Gliscor|spa|1
|
|-heal|p2a: Hatterene|68/100|[from] item: Leftovers
|-heal|p1a: Gliscor|73/100 tox|[from] ability: Poison Heal
|upkeep
|turn|3
|
|t:|1779696282
|move|p1a: Gliscor|Earthquake|p2a: Hatterene
|-damage|p2a: Hatterene|33/100
|move|p2a: Hatterene|Draining Kiss|p1a: Gliscor
|-damage|p1a: Gliscor|27/100 tox
|-heal|p2a: Hatterene|81/100|[from] drain|[of] p1a: Gliscor
|
|-heal|p2a: Hatterene|87/100|[from] item: Leftovers
|-heal|p1a: Gliscor|39/100 tox|[from] ability: Poison Heal
|upkeep
|turn|4
|
|t:|1779696290
|move|p1a: Gliscor|Earthquake|p2a: Hatterene
|-damage|p2a: Hatterene|51/100
|move|p2a: Hatterene|Calm Mind|p2a: Hatterene
|-boost|p2a: Hatterene|spa|1
|-boost|p2a: Hatterene|spd|1
|
|-heal|p2a: Hatterene|57/100|[from] item: Leftovers
|-heal|p1a: Gliscor|52/100 tox|[from] ability: Poison Heal
|upkeep
|turn|5
|
|t:|1779696300
|move|p1a: Gliscor|Protect|p1a: Gliscor
|-singleturn|p1a: Gliscor|Protect
|move|p2a: Hatterene|Draining Kiss|p1a: Gliscor
|-activate|p1a: Gliscor|move: Protect
|
|-heal|p2a: Hatterene|63/100|[from] item: Leftovers
|-heal|p1a: Gliscor|64/100 tox|[from] ability: Poison Heal
|upkeep
|turn|6
|
|t:|1779696313
|switch|p1a: Moltres|Moltres|100/100
|move|p2a: Hatterene|Draining Kiss|p1a: Moltres
|-resisted|p1a: Moltres
|-damage|p1a: Moltres|78/100
|-heal|p2a: Hatterene|89/100|[from] drain|[of] p1a: Moltres
|
|-heal|p2a: Hatterene|95/100|[from] item: Leftovers
|upkeep
|turn|7
|
|t:|1779696317
|move|p2a: Hatterene|Psyshock|p1a: Moltres
|-damage|p1a: Moltres|29/100
|move|p1a: Moltres|Roar|p2a: Hatterene
|move|p2a: Hatterene|Roar|p1a: Moltres|[from] ability: Magic Bounce
|drag|p1a: Gholdengo|Gholdengo|100/100
|
|-heal|p2a: Hatterene|100/100|[from] item: Leftovers
|upkeep
|turn|8
|
|t:|1779696324
|move|p1a: Gholdengo|Make It Rain|p2a: Hatterene
|-supereffective|p2a: Hatterene
|-damage|p2a: Hatterene|30/100
|-unboost|p1a: Gholdengo|spa|1
|move|p2a: Hatterene|Mystical Fire|p1a: Gholdengo
|-supereffective|p1a: Gholdengo
|-damage|p1a: Gholdengo|0 fnt
|faint|p1a: Gholdengo
|
|-heal|p2a: Hatterene|36/100|[from] item: Leftovers
|upkeep
|
|t:|1779696340
|switch|p1a: Gliscor|Gliscor, F|64/100 tox
|turn|9
|
|t:|1779696352
|move|p1a: Gliscor|Earthquake|p2a: Hatterene
|-damage|p2a: Hatterene|0 fnt
|faint|p2a: Hatterene
|
|-heal|p1a: Gliscor|77/100 tox|[from] ability: Poison Heal
|upkeep
|
|t:|1779696370
|switch|p2a: Darkrai|Darkrai|100/100
|turn|10
|
|t:|1779696375
|switch|p1a: Blissey|Blissey, F|100/100
|move|p2a: Darkrai|Dark Pulse|p1a: Blissey
|-damage|p1a: Blissey|83/100
|
|upkeep
|turn|11
|
|t:|1779696379
|move|p2a: Darkrai|Dark Pulse|p1a: Blissey
|-crit|p1a: Blissey
|-damage|p1a: Blissey|58/100
|cant|p1a: Blissey|flinch
|
|upkeep
|turn|12
|
|t:|1779696386
|switch|p2a: Excadrill|Excadrill, F|100/100
|move|p1a: Blissey|Thunder Wave|p2a: Excadrill
|-immune|p2a: Excadrill
|
|upkeep
|turn|13
|
|t:|1779696398
|switch|p1a: Gliscor|Gliscor, F|77/100 tox
|move|p2a: Excadrill|Iron Head|p1a: Gliscor
|-damage|p1a: Gliscor|31/100 tox
|
|-heal|p1a: Gliscor|43/100 tox|[from] ability: Poison Heal
|upkeep
|turn|14
|
|t:|1779696416
|-terastallize|p2a: Excadrill|Flying
|move|p2a: Excadrill|Iron Head|p1a: Gliscor
|-damage|p1a: Gliscor|2/100 tox
|move|p1a: Gliscor|Earthquake|p2a: Excadrill
|-immune|p2a: Excadrill
|
|-heal|p1a: Gliscor|15/100 tox|[from] ability: Poison Heal
|upkeep
|turn|15
|
|t:|1779696429
|switch|p1a: Moltres|Moltres|29/100
|move|p2a: Excadrill|Iron Head|p1a: Moltres
|-resisted|p1a: Moltres
|-damage|p1a: Moltres|6/100
|-status|p2a: Excadrill|brn|[from] ability: Flame Body|[of] p1a: Moltres
|
|-damage|p2a: Excadrill|94/100 brn|[from] brn
|upkeep
|turn|16
|
|t:|1779696434
|move|p2a: Excadrill|Iron Head|p1a: Moltres
|-resisted|p1a: Moltres
|-damage|p1a: Moltres|0 fnt
|faint|p1a: Moltres
|
|-damage|p2a: Excadrill|88/100 brn|[from] brn
|upkeep
|
|t:|1779696444
|switch|p1a: Garganacl|Garganacl, M|100/100
|turn|17
|
|t:|1779696449
|move|p2a: Excadrill|Iron Head|p1a: Garganacl
|-supereffective|p1a: Garganacl
|-damage|p1a: Garganacl|62/100
|move|p1a: Garganacl|Salt Cure|p2a: Excadrill
|-supereffective|p2a: Excadrill
|-crit|p2a: Excadrill
|-damage|p2a: Excadrill|33/100 brn
|-start|p2a: Excadrill|Salt Cure
|
|-heal|p1a: Garganacl|69/100|[from] item: Leftovers
|-damage|p2a: Excadrill|27/100 brn|[from] brn
|-damage|p2a: Excadrill|15/100 brn|[from] Salt Cure
|upkeep
|turn|18
|
|t:|1779696458
|-terastallize|p1a: Garganacl|Ghost
|move|p2a: Excadrill|Iron Head|p1a: Garganacl
|-damage|p1a: Garganacl|51/100
|move|p1a: Garganacl|Stealth Rock|p2a: Excadrill
|-sidestart|p2: ekekdkdmdmwksl|move: Stealth Rock
|
|-heal|p1a: Garganacl|57/100|[from] item: Leftovers
|-damage|p2a: Excadrill|9/100 brn|[from] brn
|-damage|p2a: Excadrill|0 fnt|[from] Salt Cure
|faint|p2a: Excadrill
|upkeep
|inactive|ekekdkdmdmwksl has 120 seconds left.
|
|t:|1779696491
|switch|p2a: Tyranitar|Tyranitar, M|100/100
|-damage|p2a: Tyranitar|88/100|[from] Stealth Rock
|-weather|Sandstorm|[from] ability: Sand Stream|[of] p2a: Tyranitar
|turn|19
|
|t:|1779696498
|switch|p1a: Kingambit|Kingambit, F|100/100
|-activate|p1a: Kingambit|ability: Supreme Overlord
|-start|p1a: Kingambit|fallen2|[silent]
|move|p2a: Tyranitar|Knock Off|p1a: Kingambit
|-resisted|p1a: Kingambit
|-damage|p1a: Kingambit|83/100
|-enditem|p1a: Kingambit|Leftovers|[from] move: Knock Off|[of] p2a: Tyranitar
|
|-weather|Sandstorm|[upkeep]
|-heal|p2a: Tyranitar|94/100|[from] item: Leftovers
|upkeep
|turn|20
|
|t:|1779696505
|move|p2a: Tyranitar|Thunder Wave|p1a: Kingambit
|-status|p1a: Kingambit|par
|move|p1a: Kingambit|Iron Head|p2a: Tyranitar
|-supereffective|p2a: Tyranitar
|-damage|p2a: Tyranitar|10/100
|
|-weather|Sandstorm|[upkeep]
|-heal|p2a: Tyranitar|16/100|[from] item: Leftovers
|upkeep
|turn|21
|
|t:|1779696510
|move|p2a: Tyranitar|Stealth Rock|p1a: Kingambit
|-sidestart|p1: Mdavis|move: Stealth Rock
|move|p1a: Kingambit|Iron Head|p2a: Tyranitar
|-supereffective|p2a: Tyranitar
|-damage|p2a: Tyranitar|0 fnt
|faint|p2a: Tyranitar
|
|-weather|Sandstorm|[upkeep]
|upkeep
|
|t:|1779696519
|switch|p2a: Infernape|Infernape, M|100/100
|-damage|p2a: Infernape|88/100|[from] Stealth Rock
|turn|22
|
|t:|1779696528
|move|p1a: Kingambit|Sucker Punch||[still]
|-fail|p1a: Kingambit
|move|p2a: Infernape|Nasty Plot|p2a: Infernape
|-boost|p2a: Infernape|spa|2
|
|-weather|Sandstorm|[upkeep]
|-damage|p2a: Infernape|82/100|[from] Sandstorm
|upkeep
|turn|23
|
|t:|1779696534
|move|p2a: Infernape|Vacuum Wave|p1a: Kingambit
|-supereffective|p1a: Kingambit
|-damage|p1a: Kingambit|0 fnt
|faint|p1a: Kingambit
|-end|p1a: Kingambit|fallen2|[silent]
|
|-weather|none
|upkeep
|
|t:|1779696539
|switch|p1a: Garganacl|Garganacl, M, tera:Ghost|57/100
|-damage|p1a: Garganacl|45/100|[from] Stealth Rock
|turn|24
|
|t:|1779696542
|move|p2a: Infernape|Fire Blast|p1a: Garganacl
|-damage|p1a: Garganacl|0 fnt
|faint|p1a: Garganacl
|
|upkeep
|-message|Mdavis forfeited.
|
|win|ekekdkdmdmwksl
|raw|Mdavis's rating: 1334 &rarr; <strong>1312</strong><br />(-22 for losing)
|raw|ekekdkdmdmwksl's rating: 1298 &rarr; <strong>1326</strong><br />(+28 for winning)
|l|☆Mdavis
|player|p1|
|l|‽ekekdkdmdmwksl
|player|p2|
