|j|☆marcus goobrelius
|j|☆shadowisp
|t:|1779724710
|gametype|singles
|player|p1|marcus goobrelius|flint|1303
|player|p2|shadowisp|170|1314
|gen|9
|tier|[Gen 9] OU
|rated|
|rule|HP Percentage Mod: HP is shown in percentages
|rule|Endless Battle Clause: Forcing endless battles is banned
|rule|Species Clause: Limit one of each Pokémon
|rule|OHKO Clause: OHKO moves are banned
|rule|Evasion Items Clause: Evasion items are banned
|rule|Evasion Moves Clause: Evasion moves are banned
|rule|Evasion Abilities Clause: Evasion abilities are banned
|rule|Sleep Moves Clause: Sleep-inducing moves are banned
|clearpoke
|poke|p1|Crawdaunt, M|
|poke|p1|Hatterene, F|
|poke|p1|Porygon2|
|poke|p1|Cresselia, F|
|poke|p1|Iron Hands|
|poke|p1|Volcanion|
|poke|p2|Ogerpon-Wellspring, F|
|poke|p2|Garganacl, M|
|poke|p2|Weezing-Galar, F|
|poke|p2|Samurott-Hisui, F|
|poke|p2|Dragapult, M|
|poke|p2|Slither Wing|
|teampreview
|inactive|Battle timer is ON: inactive players will automatically lose when time's up. (requested by shadowisp)
|inactive|marcus goobrelius has 120 seconds left.
|
|t:|1779724759
|teamsize|p1|6
|teamsize|p2|6
|start
|switch|p1a: Yike Tyson|Iron Hands|100/100
|switch|p2a: Samurott|Samurott-Hisui, F|100/100
|-enditem|p1a: Yike Tyson|Booster Energy
|-activate|p1a: Yike Tyson|ability: Quark Drive|[fromitem]
|-start|p1a: Yike Tyson|quarkdriveatk
|turn|1
|
|t:|1779724771
|move|p2a: Samurott|Flip Turn|p1a: Yike Tyson
|-damage|p1a: Yike Tyson|83/100
|
|t:|1779724774
|switch|p2a: Weezing|Weezing-Galar, F|100/100|[from] Flip Turn
|move|p1a: Yike Tyson|Wild Charge|p2a: Weezing
|-damage|p2a: Weezing|51/100
|-damage|p1a: Yike Tyson|75/100|[from] Recoil
|
|-heal|p2a: Weezing|57/100|[from] item: Leftovers
|upkeep
|turn|2
|
|t:|1779724791
|-end|p1a: Yike Tyson|Quark Drive|[silent]
|switch|p1a: Your mom|Volcanion|100/100
|move|p2a: Weezing|Strange Steam|p1a: Your mom|[miss]
|-miss|p2a: Weezing|p1a: Your mom
|
|-heal|p2a: Weezing|63/100|[from] item: Leftovers
|upkeep
|turn|3
|inactive|marcus goobrelius has 120 seconds left.
|
|t:|1779724836
|move|p2a: Weezing|Pain Split|p1a: Your mom
|-sethp|p1a: Your mom|79/100|[from] move: Pain Split|[silent]
|-sethp|p2a: Weezing|86/100|[from] move: Pain Split
|move|p1a: Your mom|Flamethrower|p2a: Weezing
|-damage|p2a: Weezing|0 fnt
|faint|p2a: Weezing
|
|upkeep
|
|t:|1779724845
|switch|p2a: Dragapult|Dragapult, M|100/100
|turn|4
|
|t:|1779724853
|move|p2a: Dragapult|Thunder Wave|p1a: Your mom|[miss]
|-miss|p2a: Dragapult|p1a: Your mom
|move|p1a: Your mom|Flamethrower|p2a: Dragapult
|-resisted|p2a: Dragapult
|-damage|p2a: Dragapult|40/100
|
|upkeep
|turn|5
|inactive|marcus goobrelius has 120 seconds left.
|
|t:|1779724864
|move|p2a: Dragapult|Dragon Darts|p1a: Your mom
|-damage|p1a: Your mom|63/100
|-anim|p2a: Dragapult|Dragon Darts|p1a: Your mom
|-damage|p1a: Your mom|47/100
|move|p1a: Your mom|Flamethrower|p2a: Dragapult
|-resisted|p2a: Dragapult
|-damage|p2a: Dragapult|0 fnt
|faint|p2a: Dragapult
|
|upkeep
|
|t:|1779724875
|switch|p2a: Garganacl|Garganacl, M|100/100
|turn|6
|inactive|marcus goobrelius has 120 seconds left.
|
|t:|1779724895
|switch|p1a: Yike Tyson|Iron Hands|75/100
|move|p2a: Garganacl|Salt Cure|p1a: Yike Tyson
|-resisted|p1a: Yike Tyson
|-damage|p1a: Yike Tyson|71/100
|-start|p1a: Yike Tyson|Salt Cure
|
|-damage|p1a: Yike Tyson|59/100|[from] Salt Cure
|upkeep
|turn|7
|inactive|marcus goobrelius has 120 seconds left.
|
|t:|1779724907
|move|p2a: Garganacl|Protect|p2a: Garganacl
|-singleturn|p2a: Garganacl|Protect
|move|p1a: Yike Tyson|Swords Dance|p1a: Yike Tyson
|-boost|p1a: Yike Tyson|atk|2
|
|-damage|p1a: Yike Tyson|46/100|[from] Salt Cure
|upkeep
|turn|8
|
|t:|1779724925
|move|p2a: Garganacl|Stealth Rock|p1a: Yike Tyson
|-sidestart|p1: marcus goobrelius|move: Stealth Rock
|move|p1a: Yike Tyson|Drain Punch|p2a: Garganacl
|-supereffective|p2a: Garganacl
|-damage|p2a: Garganacl|0 fnt
|-heal|p1a: Yike Tyson|86/100|[from] drain|[of] p2a: Garganacl
|faint|p2a: Garganacl
|
|-damage|p1a: Yike Tyson|73/100|[from] Salt Cure
|upkeep
|
|t:|1779724939
|switch|p2a: Ogerpon|Ogerpon-Wellspring, F|100/100
|turn|9
|
|t:|1779724944
|move|p2a: Ogerpon|Play Rough|p1a: Yike Tyson
|-supereffective|p1a: Yike Tyson
|-damage|p1a: Yike Tyson|28/100
|move|p1a: Yike Tyson|Drain Punch|p2a: Ogerpon
|-damage|p2a: Ogerpon|0 fnt
|-heal|p1a: Yike Tyson|58/100|[from] drain|[of] p2a: Ogerpon
|faint|p2a: Ogerpon
|
|-damage|p1a: Yike Tyson|46/100|[from] Salt Cure
|upkeep
|-message|shadowisp forfeited.
|
|win|marcus goobrelius
|raw|marcus goobrelius's rating: 1303 &rarr; <strong>1324</strong><br />(+21 for winning)
|raw|shadowisp's rating: 1314 &rarr; <strong>1293</strong><br />(-21 for losing)
|l|☆shadowisp
|player|p2|
