|j|☆thebacchusbraviary
|j|☆greattrainer123
|t:|1779603456
|gametype|singles
|player|p1|thebacchusbraviary|winona|1353
|player|p2|greattrainer123|2|1320
|gen|9
|tier|[Gen 9] OU
|rated|
|rule|HP Percentage Mod: HP is shown in percentages
|rule|Endless Battle Clause: Forcing endless battles is banned
|rule|Species Clause: Limit one of each Pokémon
|rule|OHKO Clause: OHKO moves are banned
|rule|Evasion Items Clause: Evasion items are banned
|rule|Evasion Moves Clause: Evasion moves are banned
|rule|Evasion Abilities Clause: Evasion abilities are banned
|rule|Sleep Moves Clause: Sleep-inducing moves are banned
|clearpoke
|poke|p1|Talonflame, F|
|poke|p1|Tyranitar, M|
|poke|p1|Dragalge, M|
|poke|p1|Milotic, M|
|poke|p1|Tauros-Paldea-Aqua, M|
|poke|p1|Sinistcha|
|poke|p2|Deoxys-Speed|
|poke|p2|Alomomola, M|
|poke|p2|Zamazenta-*|
|poke|p2|Slowking-Galar, M|
|poke|p2|Cinderace, M|
|poke|p2|Ditto|
|teampreview
|inactive|Battle timer is ON: inactive players will automatically lose when time's up. (requested by thebacchusbraviary)
|
|t:|1779603477
|teamsize|p1|6
|teamsize|p2|6
|start
|switch|p1a: Tyranitar|Tyranitar, M|100/100
|switch|p2a: Deoxys|Deoxys-Speed|100/100
|-ability|p2a: Deoxys|Pressure
|-weather|Sandstorm|[from] ability: Sand Stream|[of] p1a: Tyranitar
|turn|1
|
|t:|1779603489
|move|p2a: Deoxys|Trick|p1a: Tyranitar
|-activate|p2a: Deoxys|move: Trick|[of] p1a: Tyranitar
|-item|p1a: Tyranitar|Choice Specs|[from] move: Trick
|-item|p2a: Deoxys|Assault Vest|[from] move: Trick
|move|p1a: Tyranitar|Knock Off|p2a: Deoxys
|-supereffective|p2a: Deoxys
|-damage|p2a: Deoxys|0 fnt
|-enditem|p2a: Deoxys|Assault Vest|[from] move: Knock Off|[of] p1a: Tyranitar
|faint|p2a: Deoxys
|
|-weather|Sandstorm|[upkeep]
|upkeep
|
|t:|1779603497
|switch|p2a: Zamazenta|Zamazenta|100/100
|-ability|p2a: Zamazenta|Dauntless Shield|boost
|-boost|p2a: Zamazenta|def|1
|turn|2
|
|t:|1779603509
|switch|p1a: Sinistcha|Sinistcha|100/100
|-terastallize|p2a: Zamazenta|Fighting
|move|p2a: Zamazenta|Close Combat|p1a: Sinistcha
|-immune|p1a: Sinistcha
|
|-weather|Sandstorm|[upkeep]
|-damage|p2a: Zamazenta|94/100|[from] Sandstorm
|-damage|p1a: Sinistcha|94/100|[from] Sandstorm
|upkeep
|turn|3
|
|t:|1779603515
|switch|p2a: Slowking|Slowking-Galar, M|100/100
|move|p1a: Sinistcha|Matcha Gotcha|p2a: Slowking
|-resisted|p2a: Slowking
|-damage|p2a: Slowking|89/100
|-heal|p1a: Sinistcha|100/100|[from] drain|[of] p2a: Slowking
|
|-weather|Sandstorm|[upkeep]
|-damage|p1a: Sinistcha|94/100|[from] Sandstorm
|-damage|p2a: Slowking|82/100|[from] Sandstorm
|-heal|p2a: Slowking|89/100|[from] item: Leftovers
|upkeep
|turn|4
|
|t:|1779603519
|switch|p1a: Tyranitar|Tyranitar, M|100/100
|move|p2a: Slowking|Future Sight|p1a: Tyranitar
|-start|p2a: Slowking|move: Future Sight
|
|-weather|Sandstorm|[upkeep]
|-damage|p2a: Slowking|82/100|[from] Sandstorm
|-heal|p2a: Slowking|89/100|[from] item: Leftovers
|upkeep
|turn|5
|
|t:|1779603523
|switch|p2a: Alomomola|Alomomola, M|100/100
|move|p1a: Tyranitar|Knock Off|p2a: Alomomola
|-damage|p2a: Alomomola|68/100
|-enditem|p2a: Alomomola|Red Card|[from] move: Knock Off|[of] p1a: Tyranitar
|
|-weather|none
|upkeep
|turn|6
|
|t:|1779603537
|move|p2a: Alomomola|Wish|p2a: Alomomola
|move|p1a: Tyranitar|Knock Off|p2a: Alomomola
|-damage|p2a: Alomomola|48/100
|
|-end|p1a: Tyranitar|move: Future Sight
|-immune|p1a: Tyranitar
|upkeep
|turn|7
|
|t:|1779603545
|switch|p1a: Sinistcha|Sinistcha|94/100
|move|p2a: Alomomola|Protect||[still]
|-fail|p2a: Alomomola
|
|-heal|p2a: Alomomola|98/100|[from] move: Wish|[wisher] Alomomola
|upkeep
|turn|8
|
|t:|1779603552
|switch|p2a: Slowking|Slowking-Galar, M|100/100
|move|p1a: Sinistcha|Matcha Gotcha|p2a: Slowking
|-resisted|p2a: Slowking
|-damage|p2a: Slowking|87/100
|-heal|p1a: Sinistcha|100/100|[from] drain|[of] p2a: Slowking
|
|-heal|p2a: Slowking|93/100|[from] item: Leftovers
|upkeep
|turn|9
|
|t:|1779603558
|move|p1a: Sinistcha|Shadow Ball|p2a: Slowking
|-supereffective|p2a: Slowking
|-damage|p2a: Slowking|42/100
|move|p2a: Slowking|Future Sight|p1a: Sinistcha
|-start|p2a: Slowking|move: Future Sight
|
|-heal|p2a: Slowking|48/100|[from] item: Leftovers
|upkeep
|turn|10
|
|t:|1779603571
|switch|p2a: Cinderace|Cinderace, M|100/100
|move|p1a: Sinistcha|Shadow Ball|p2a: Cinderace
|-damage|p2a: Cinderace|38/100
|
|upkeep
|turn|11
|
|t:|1779603580
|switch|p1a: Milotic|Milotic, M|100/100
|move|p2a: Cinderace|Substitute|p2a: Cinderace
|-start|p2a: Cinderace|Substitute
|-damage|p2a: Cinderace|13/100
|
|-end|p1a: Milotic|move: Future Sight
|-damage|p1a: Milotic|76/100
|-heal|p1a: Milotic|82/100|[from] item: Leftovers
|upkeep
|turn|12
|
|t:|1779603585
|move|p2a: Cinderace|Will-O-Wisp|p1a: Milotic
|-status|p1a: Milotic|brn
|move|p1a: Milotic|Scald|p2a: Cinderace
|-supereffective|p2a: Cinderace
|-end|p2a: Cinderace|Substitute
|
|-heal|p1a: Milotic|88/100 brn|[from] item: Leftovers
|-damage|p1a: Milotic|82/100 brn|[from] brn
|upkeep
|turn|13
|-message|greattrainer123 forfeited.
|
|win|thebacchusbraviary
|raw|thebacchusbraviary's rating: 1353 &rarr; <strong>1371</strong><br />(+18 for winning)
|raw|greattrainer123's rating: 1320 &rarr; <strong>1302</strong><br />(-18 for losing)
|l|☆greattrainer123
|player|p2|
|l|☆thebacchusbraviary
|player|p1|
