|j|☆tu125
|j|☆skyrim-alberto
|t:|1779569356
|gametype|singles
|player|p1|tu125|102|1376
|player|p2|skyrim-alberto|norman|1458
|gen|9
|tier|[Gen 9] OU
|rated|
|rule|HP Percentage Mod: HP is shown in percentages
|rule|Endless Battle Clause: Forcing endless battles is banned
|rule|Species Clause: Limit one of each Pokémon
|rule|OHKO Clause: OHKO moves are banned
|rule|Evasion Items Clause: Evasion items are banned
|rule|Evasion Moves Clause: Evasion moves are banned
|rule|Evasion Abilities Clause: Evasion abilities are banned
|rule|Sleep Moves Clause: Sleep-inducing moves are banned
|clearpoke
|poke|p1|Regieleki|
|poke|p1|Ogerpon-Wellspring, F|
|poke|p1|Kyurem|
|poke|p1|Landorus-Therian, M|
|poke|p1|Iron Moth|
|poke|p1|Iron Valiant|
|poke|p2|Mimikyu, M|
|poke|p2|Ursaluna, M|
|poke|p2|Indeedee-F, F|
|poke|p2|Murkrow, F|
|poke|p2|Kyurem|
|poke|p2|Hoopa-Unbound|
|teampreview
|
|t:|1779569370
|teamsize|p1|6
|teamsize|p2|6
|start
|switch|p1a: Regieleki|Regieleki|100/100
|switch|p2a: Murkrow|Murkrow, F|100/100
|turn|1
|
|t:|1779569382
|move|p2a: Murkrow|Tailwind|p2a: Murkrow
|-sidestart|p2: skyrim-alberto|move: Tailwind
|move|p1a: Regieleki|Thunder Wave|p2a: Murkrow
|-status|p2a: Murkrow|par
|
|upkeep
|turn|2
|
|t:|1779569394
|switch|p2a: Kyurem|Kyurem|100/100
|-ability|p2a: Kyurem|Pressure
|move|p1a: Regieleki|Thunder Cage|p2a: Kyurem
|-resisted|p2a: Kyurem
|-damage|p2a: Kyurem|79/100
|-activate|p2a: Kyurem|move: Thunder Cage|[of] p1a: Regieleki
|
|-damage|p2a: Kyurem|66/100|[from] move: Thunder Cage|[partiallytrapped]
|upkeep
|turn|3
|
|t:|1779569411
|move|p1a: Regieleki|Thunder Wave|p2a: Kyurem
|-status|p2a: Kyurem|par
|move|p2a: Kyurem|Earth Power|p1a: Regieleki
|-supereffective|p1a: Regieleki
|-damage|p1a: Regieleki|3/100
|
|-damage|p2a: Kyurem|54/100 par|[from] move: Thunder Cage|[partiallytrapped]
|upkeep
|turn|4
|
|t:|1779569422
|move|p1a: Regieleki|Light Screen|p1a: Regieleki
|-sidestart|p1: tu125|move: Light Screen
|cant|p2a: Kyurem|par
|
|-damage|p2a: Kyurem|42/100 par|[from] move: Thunder Cage|[partiallytrapped]
|-sideend|p2: skyrim-alberto|move: Tailwind
|upkeep
|turn|5
|
|t:|1779569431
|move|p1a: Regieleki|Reflect|p1a: Regieleki
|-sidestart|p1: tu125|Reflect
|move|p2a: Kyurem|Icicle Spear|p1a: Regieleki
|-crit|p1a: Regieleki
|-damage|p1a: Regieleki|0 fnt
|faint|p1a: Regieleki
|-hitcount|p1: Regieleki|1
|
|-end|p2a: Kyurem|Thunder Cage|[partiallytrapped]|[silent]
|upkeep
|
|t:|1779569435
|switch|p1a: Kyurem|Kyurem|100/100
|-ability|p1a: Kyurem|Pressure
|turn|6
|
|t:|1779569448
|switch|p2a: Class weirdo|Mimikyu, M|100/100
|move|p1a: Kyurem|Dragon Dance|p1a: Kyurem
|-boost|p1a: Kyurem|atk|1
|-boost|p1a: Kyurem|spe|1
|
|upkeep
|turn|7
|
|t:|1779569455
|move|p1a: Kyurem|Icicle Spear|p2a: Class weirdo
|-activate|p2a: Class weirdo|ability: Disguise
|-damage|p2a: Class weirdo|100/100
|detailschange|p2a: Class weirdo|Mimikyu-Busted, M
|-damage|p2a: Class weirdo|88/100|[from] pokemon: Mimikyu-Busted
|-damage|p2a: Class weirdo|67/100
|-damage|p2a: Class weirdo|46/100
|-damage|p2a: Class weirdo|27/100
|-hitcount|p2a: Class weirdo|4
|-enditem|p2a: Class weirdo|Red Card|[of] p1a: Kyurem
|drag|p1a: Ogerpon|Ogerpon-Wellspring, F|100/100
|move|p2a: Class weirdo|Trick Room|p2a: Class weirdo
|-fieldstart|move: Trick Room|[of] p2a: Class weirdo
|
|upkeep
|turn|8
|
|t:|1779569471
|switch|p2a: I hit soft|Ursaluna, M|100/100
|move|p1a: Ogerpon|Ivy Cudgel|p2a: I hit soft|[anim] Ivy Cudgel Water
|-supereffective|p2a: I hit soft
|-damage|p2a: I hit soft|19/100
|
|-status|p2a: I hit soft|brn|[from] item: Flame Orb
|upkeep
|turn|9
|
|t:|1779569485
|switch|p1a: Landorus|Landorus-Therian, M|100/100
|-ability|p1a: Landorus|Intimidate|boost
|-unboost|p2a: I hit soft|atk|1
|move|p2a: I hit soft|Facade|p1a: Landorus
|-damage|p1a: Landorus|62/100
|
|-damage|p2a: I hit soft|13/100 brn|[from] brn
|upkeep
|turn|10
|
|t:|1779569498
|-terastallize|p2a: I hit soft|Normal
|move|p2a: I hit soft|Facade|p1a: Landorus
|-damage|p1a: Landorus|5/100
|move|p1a: Landorus|Earthquake|p2a: I hit soft
|-damage|p2a: I hit soft|0 fnt
|faint|p2a: I hit soft
|
|upkeep
|inactive|Battle timer is ON: inactive players will automatically lose when time's up. (requested by tu125)
|
|t:|1779569512
|switch|p2a: Lord of the Rings|Hoopa-Unbound|100/100
|turn|11
|
|t:|1779569520
|move|p2a: Lord of the Rings|Expanding Force|p1a: Landorus
|-crit|p1a: Landorus
|-damage|p1a: Landorus|0 fnt
|faint|p1a: Landorus
|-damage|p2a: Lord of the Rings|91/100|[from] item: Life Orb
|
|-sideend|p1: tu125|move: Light Screen
|-fieldend|move: Trick Room
|upkeep
|
|t:|1779569528
|switch|p1a: Iron Valiant|Iron Valiant|100/100
|-enditem|p1a: Iron Valiant|Booster Energy
|-activate|p1a: Iron Valiant|ability: Quark Drive|[fromitem]
|-start|p1a: Iron Valiant|quarkdrivespe
|turn|12
|
|t:|1779569534
|switch|p2a: Class weirdo|Mimikyu-Busted, M|27/100
|move|p1a: Iron Valiant|Moonblast|p2a: Class weirdo
|-damage|p2a: Class weirdo|0 fnt
|faint|p2a: Class weirdo
|
|-sideend|p1: tu125|Reflect
|upkeep
|
|t:|1779569545
|switch|p2a: Ariana Grande|Indeedee-F, F|100/100
|-fieldstart|move: Psychic Terrain|[from] ability: Psychic Surge|[of] p2a: Ariana Grande
|turn|13
|
|t:|1779569550
|move|p1a: Iron Valiant|Moonblast|p2a: Ariana Grande
|-damage|p2a: Ariana Grande|57/100
|move|p2a: Ariana Grande|Trick Room|p2a: Ariana Grande
|-fieldstart|move: Trick Room|[of] p2a: Ariana Grande
|
|upkeep
|turn|14
|
|t:|1779569556
|move|p2a: Ariana Grande|Healing Wish|p2a: Ariana Grande
|faint|p2a: Ariana Grande
|move|p1a: Iron Valiant|Moonblast|p2: Ariana Grande|[notarget]
|-fail|p1a: Iron Valiant
|
|upkeep
|
|t:|1779569561
|switch|p2a: Lord of the Rings|Hoopa-Unbound|91/100
|-heal|p2a: Lord of the Rings|100/100|[from] move: Healing Wish
|turn|15
|
|t:|1779569567
|-terastallize|p1a: Iron Valiant|Fairy
|move|p2a: Lord of the Rings|Expanding Force|p1a: Iron Valiant
|-damage|p1a: Iron Valiant|0 fnt
|faint|p1a: Iron Valiant
|-end|p1a: Iron Valiant|Quark Drive|[silent]
|-damage|p2a: Lord of the Rings|91/100|[from] item: Life Orb
|
|upkeep
|
|t:|1779569573
|switch|p1a: Kyurem|Kyurem|100/100
|-ability|p1a: Kyurem|Pressure
|turn|16
|
|t:|1779569579
|move|p2a: Lord of the Rings|Expanding Force|p1a: Kyurem
|-damage|p1a: Kyurem|0 fnt
|faint|p1a: Kyurem
|-damage|p2a: Lord of the Rings|81/100|[from] item: Life Orb
|
|upkeep
|
|t:|1779569583
|switch|p1a: Iron Moth|Iron Moth|100/100
|-enditem|p1a: Iron Moth|Booster Energy
|-activate|p1a: Iron Moth|ability: Quark Drive|[fromitem]
|-start|p1a: Iron Moth|quarkdrivespe
|turn|17
|
|t:|1779569589
|move|p2a: Lord of the Rings|Expanding Force|p1a: Iron Moth
|-supereffective|p1a: Iron Moth
|-damage|p1a: Iron Moth|0 fnt
|faint|p1a: Iron Moth
|-end|p1a: Iron Moth|Quark Drive|[silent]
|-damage|p2a: Lord of the Rings|71/100|[from] item: Life Orb
|
|-fieldend|move: Trick Room
|-fieldend|move: Psychic Terrain
|upkeep
|
|t:|1779569591
|switch|p1a: Ogerpon|Ogerpon-Wellspring, F|100/100
|turn|18
|
|t:|1779569599
|move|p1a: Ogerpon|Swords Dance|p1a: Ogerpon
|-boost|p1a: Ogerpon|atk|2
|move|p2a: Lord of the Rings|Trick Room|p2a: Lord of the Rings
|-fieldstart|move: Trick Room|[of] p2a: Lord of the Rings
|
|upkeep
|turn|19
|
|t:|1779569606
|move|p2a: Lord of the Rings|Hyperspace Fury|p1a: Ogerpon
|-damage|p1a: Ogerpon|0 fnt
|-unboost|p2a: Lord of the Rings|def|1
|faint|p1a: Ogerpon
|-damage|p2a: Lord of the Rings|61/100|[from] item: Life Orb
|
|win|skyrim-alberto
|raw|tu125's rating: 1376 &rarr; <strong>1361</strong><br />(-15 for losing)
|raw|skyrim-alberto's rating: 1458 &rarr; <strong>1473</strong><br />(+15 for winning)
|l|☆tu125
|player|p1|
|l|☆skyrim-alberto
|player|p2|
