|j|☆Kis Vegallomas
|j|☆nakuhara
|t:|1779574821
|gametype|singles
|player|p1|Kis Vegallomas|169|1346
|player|p2|nakuhara|lucas|1372
|gen|9
|tier|[Gen 9] OU
|rated|
|rule|HP Percentage Mod: HP is shown in percentages
|rule|Endless Battle Clause: Forcing endless battles is banned
|rule|Species Clause: Limit one of each Pokémon
|rule|OHKO Clause: OHKO moves are banned
|rule|Evasion Items Clause: Evasion items are banned
|rule|Evasion Moves Clause: Evasion moves are banned
|rule|Evasion Abilities Clause: Evasion abilities are banned
|rule|Sleep Moves Clause: Sleep-inducing moves are banned
|clearpoke
|poke|p1|Primeape, F|
|poke|p1|Skarmory, M|
|poke|p1|Slowking-Galar, M|
|poke|p1|Whimsicott, F|
|poke|p1|Regidrago|
|poke|p1|Ditto|
|poke|p2|Zamazenta-*|
|poke|p2|Corviknight, F|
|poke|p2|Raging Bolt|
|poke|p2|Dragapult, M|
|poke|p2|Fezandipiti, M|
|poke|p2|Clodsire, F|
|teampreview
|
|t:|1779574828
|teamsize|p1|6
|teamsize|p2|6
|start
|switch|p1a: Primeape|Primeape, F|100/100
|switch|p2a: Dragapult|Dragapult, M|100/100
|turn|1
|
|t:|1779574839
|switch|p1a: Slowking|Slowking-Galar, M|100/100
|move|p2a: Dragapult|U-turn|p1a: Slowking
|-damage|p1a: Slowking|83/100
|inactive|Battle timer is ON: inactive players will automatically lose when time's up. (requested by Kis Vegallomas)
|
|t:|1779574848
|switch|p2a: Clodsire|Clodsire, F|100/100|[from] U-turn
|
|-heal|p1a: Slowking|89/100|[from] item: Black Sludge
|upkeep
|turn|2
|
|t:|1779574855
|-prepare|p1a: Slowking|Chilly Reception|[premajor]
|move|p1a: Slowking|Chilly Reception|p1a: Slowking
|-weather|Snowscape
|
|t:|1779574859
|switch|p1a: Skarmory|Skarmory, M|100/100|[from] Chilly Reception
|move|p2a: Clodsire|Earthquake|p1a: Skarmory
|-immune|p1a: Skarmory
|
|-weather|Snowscape|[upkeep]
|upkeep
|turn|3
|
|t:|1779574868
|switch|p1a: Whimsicott|Whimsicott, F|100/100
|move|p2a: Clodsire|Stealth Rock|p1a: Whimsicott
|-sidestart|p1: Kis Vegallomas|move: Stealth Rock
|
|-weather|Snowscape|[upkeep]
|upkeep
|turn|4
|
|t:|1779574875
|move|p1a: Whimsicott|Encore|p2a: Clodsire
|-start|p2a: Clodsire|Encore
|move|p2a: Clodsire|Stealth Rock||[still]
|-fail|p2a: Clodsire
|
|-weather|Snowscape|[upkeep]
|upkeep
|turn|5
|
|t:|1779574883
|switch|p2a: Fezandipiti|Fezandipiti, M|100/100
|move|p1a: Whimsicott|U-turn|p2a: Fezandipiti
|-resisted|p2a: Fezandipiti
|-damage|p2a: Fezandipiti|98/100
|
|t:|1779574889
|switch|p1a: Slowking|Slowking-Galar, M|100/100|[from] U-turn
|-damage|p1a: Slowking|88/100|[from] Stealth Rock
|
|-weather|Snowscape|[upkeep]
|-heal|p2a: Fezandipiti|100/100|[from] item: Leftovers
|-heal|p1a: Slowking|94/100|[from] item: Black Sludge
|upkeep
|turn|6
|
|t:|1779574898
|move|p2a: Fezandipiti|Beat Up|p1a: Slowking
|-supereffective|p1a: Slowking
|-damage|p1a: Slowking|87/100
|-supereffective|p1a: Slowking
|-damage|p1a: Slowking|79/100
|-supereffective|p1a: Slowking
|-damage|p1a: Slowking|73/100
|-supereffective|p1a: Slowking
|-damage|p1a: Slowking|64/100
|-supereffective|p1a: Slowking
|-damage|p1a: Slowking|58/100
|-supereffective|p1a: Slowking
|-damage|p1a: Slowking|48/100
|-hitcount|p1a: Slowking|6
|move|p1a: Slowking|Thunder Wave|p2a: Fezandipiti|[miss]
|-miss|p1a: Slowking|p2a: Fezandipiti
|
|-weather|none
|-heal|p1a: Slowking|55/100|[from] item: Black Sludge
|upkeep
|turn|7
|
|t:|1779574914
|move|p2a: Fezandipiti|Beat Up|p1a: Slowking
|-supereffective|p1a: Slowking
|-damage|p1a: Slowking|47/100
|-supereffective|p1a: Slowking
|-damage|p1a: Slowking|40/100
|-supereffective|p1a: Slowking
|-damage|p1a: Slowking|34/100
|-supereffective|p1a: Slowking
|-damage|p1a: Slowking|25/100
|-supereffective|p1a: Slowking
|-damage|p1a: Slowking|19/100
|-supereffective|p1a: Slowking
|-damage|p1a: Slowking|9/100
|-hitcount|p1a: Slowking|6
|-prepare|p1a: Slowking|Chilly Reception|[premajor]
|move|p1a: Slowking|Chilly Reception|p1a: Slowking
|-weather|Snowscape
|
|t:|1779574925
|switch|p1a: Skarmory|Skarmory, M|100/100|[from] Chilly Reception
|-damage|p1a: Skarmory|88/100|[from] Stealth Rock
|
|-weather|Snowscape|[upkeep]
|upkeep
|turn|8
|
|t:|1779574935
|switch|p2a: Raging Bolt|Raging Bolt|100/100
|move|p1a: Skarmory|Swords Dance|p1a: Skarmory
|-boost|p1a: Skarmory|atk|2
|
|-weather|Snowscape|[upkeep]
|upkeep
|turn|9
|
|t:|1779574951
|switch|p1a: Whimsicott|Whimsicott, F|100/100
|-damage|p1a: Whimsicott|88/100|[from] Stealth Rock
|move|p2a: Raging Bolt|Thunder|p1a: Whimsicott
|-resisted|p1a: Whimsicott
|-damage|p1a: Whimsicott|48/100
|
|-weather|Snowscape|[upkeep]
|-heal|p1a: Whimsicott|54/100|[from] item: Leftovers
|upkeep
|turn|10
|
|t:|1779574966
|-end|p2a: Raging Bolt|Protosynthesis|[silent]
|switch|p2a: Fezandipiti|Fezandipiti, M|100/100
|move|p1a: Whimsicott|Leech Seed|p2a: Fezandipiti
|-start|p2a: Fezandipiti|move: Leech Seed
|
|-weather|Snowscape|[upkeep]
|-heal|p1a: Whimsicott|60/100|[from] item: Leftovers
|-damage|p2a: Fezandipiti|88/100|[from] Leech Seed|[of] p1a: Whimsicott
|-heal|p1a: Whimsicott|75/100|[silent]
|upkeep
|turn|11
|
|t:|1779574975
|move|p1a: Whimsicott|U-turn|p2a: Fezandipiti
|-resisted|p2a: Fezandipiti
|-damage|p2a: Fezandipiti|86/100
|
|t:|1779574978
|switch|p1a: Primeape|Primeape, F|100/100|[from] U-turn
|-damage|p1a: Primeape|95/100|[from] Stealth Rock
|move|p2a: Fezandipiti|U-turn|p1a: Primeape
|-resisted|p1a: Primeape
|-damage|p1a: Primeape|85/100
|
|t:|1779574991
|switch|p2a: Dragapult|Dragapult, M|100/100|[from] U-turn
|
|-weather|none
|upkeep
|turn|12
|
|t:|1779574998
|switch|p1a: Slowking|Slowking-Galar, M|43/100
|-damage|p1a: Slowking|30/100|[from] Stealth Rock
|move|p2a: Dragapult|Draco Meteor|p1a: Slowking|[miss]
|-miss|p2a: Dragapult|p1a: Slowking
|
|-heal|p1a: Slowking|36/100|[from] item: Black Sludge
|upkeep
|turn|13
|
|t:|1779575008
|switch|p1a: Whimsicott|Whimsicott, F|75/100
|-damage|p1a: Whimsicott|62/100|[from] Stealth Rock
|move|p2a: Dragapult|Draco Meteor|p1a: Whimsicott
|-immune|p1a: Whimsicott
|
|-heal|p1a: Whimsicott|68/100|[from] item: Leftovers
|upkeep
|turn|14
|
|t:|1779575018
|switch|p2a: Fezandipiti|Fezandipiti, M|86/100
|move|p1a: Whimsicott|Leech Seed|p2a: Fezandipiti
|-start|p2a: Fezandipiti|move: Leech Seed
|
|-heal|p1a: Whimsicott|75/100|[from] item: Leftovers
|-heal|p2a: Fezandipiti|92/100|[from] item: Leftovers
|-damage|p2a: Fezandipiti|79/100|[from] Leech Seed|[of] p1a: Whimsicott
|-heal|p1a: Whimsicott|89/100|[silent]
|upkeep
|turn|15
|
|t:|1779575029
|switch|p1a: Primeape|Primeape, F|85/100
|-damage|p1a: Primeape|79/100|[from] Stealth Rock
|move|p2a: Fezandipiti|Beat Up|p1a: Primeape
|-resisted|p1a: Primeape
|-damage|p1a: Primeape|77/100
|-resisted|p1a: Primeape
|-damage|p1a: Primeape|75/100
|-resisted|p1a: Primeape
|-damage|p1a: Primeape|74/100
|-resisted|p1a: Primeape
|-damage|p1a: Primeape|72/100
|-resisted|p1a: Primeape
|-damage|p1a: Primeape|70/100
|-resisted|p1a: Primeape
|-damage|p1a: Primeape|68/100
|-hitcount|p1a: Primeape|6
|
|-heal|p2a: Fezandipiti|85/100|[from] item: Leftovers
|-damage|p2a: Fezandipiti|73/100|[from] Leech Seed|[of] p1a: Primeape
|-heal|p1a: Primeape|82/100|[silent]
|upkeep
|turn|16
|
|t:|1779575047
|move|p2a: Fezandipiti|U-turn|p1a: Primeape
|-resisted|p1a: Primeape
|-damage|p1a: Primeape|72/100
|
|t:|1779575057
|switch|p2a: Corviknight|Corviknight, F|100/100|[from] U-turn
|move|p1a: Primeape|Rage Fist|p2a: Corviknight
|-damage|p2a: Corviknight|54/100
|-damage|p1a: Primeape|56/100|[from] item: Rocky Helmet|[of] p2a: Corviknight
|
|upkeep
|turn|17
|
|t:|1779575069
|move|p1a: Primeape|Bulk Up|p1a: Primeape
|-boost|p1a: Primeape|atk|1
|-boost|p1a: Primeape|def|1
|move|p2a: Corviknight|Body Press|p1a: Primeape
|-damage|p1a: Primeape|39/100
|
|upkeep
|turn|18
|
|t:|1779575077
|-terastallize|p1a: Primeape|Ghost
|move|p1a: Primeape|Drain Punch|p2a: Corviknight
|-crit|p2a: Corviknight
|-damage|p2a: Corviknight|17/100
|-heal|p1a: Primeape|61/100|[from] drain|[of] p2a: Corviknight
|-damage|p1a: Primeape|45/100|[from] item: Rocky Helmet|[of] p2a: Corviknight
|move|p2a: Corviknight|Iron Defense|p2a: Corviknight
|-boost|p2a: Corviknight|def|2
|
|upkeep
|turn|19
|
|t:|1779575091
|move|p1a: Primeape|Taunt|p2a: Corviknight
|-start|p2a: Corviknight|move: Taunt
|cant|p2a: Corviknight|move: Taunt|Roost
|
|upkeep
|turn|20
|
|t:|1779575101
|switch|p2a: Zamazenta|Zamazenta|100/100
|-ability|p2a: Zamazenta|Dauntless Shield|boost
|-boost|p2a: Zamazenta|def|1
|move|p1a: Primeape|Rage Fist|p2a: Zamazenta
|-damage|p2a: Zamazenta|0 fnt
|faint|p2a: Zamazenta
|
|upkeep
|
|t:|1779575113
|switch|p2a: Dragapult|Dragapult, M|100/100
|turn|21
|
|t:|1779575116
|switch|p1a: Whimsicott|Whimsicott, F|89/100
|-damage|p1a: Whimsicott|77/100|[from] Stealth Rock
|move|p2a: Dragapult|Shadow Ball|p1a: Whimsicott
|-damage|p1a: Whimsicott|1/100
|
|-heal|p1a: Whimsicott|8/100|[from] item: Leftovers
|upkeep
|turn|22
|
|t:|1779575128
|switch|p2a: Corviknight|Corviknight, F|17/100
|move|p1a: Whimsicott|Leech Seed|p2a: Corviknight
|-start|p2a: Corviknight|move: Leech Seed
|
|-heal|p1a: Whimsicott|14/100|[from] item: Leftovers
|-damage|p2a: Corviknight|4/100|[from] Leech Seed|[of] p1a: Whimsicott
|-heal|p1a: Whimsicott|29/100|[silent]
|upkeep
|turn|23
|
|t:|1779575137
|move|p1a: Whimsicott|Moonblast|p2a: Corviknight
|-resisted|p2a: Corviknight
|-damage|p2a: Corviknight|0 fnt
|faint|p2a: Corviknight
|
|-heal|p1a: Whimsicott|35/100|[from] item: Leftovers
|upkeep
|
|t:|1779575149
|switch|p2a: Clodsire|Clodsire, F|100/100
|turn|24
|
|t:|1779575153
|move|p1a: Whimsicott|Leech Seed|p2a: Clodsire
|-start|p2a: Clodsire|move: Leech Seed
|move|p2a: Clodsire|Poison Jab|p1a: Whimsicott
|-supereffective|p1a: Whimsicott
|-damage|p1a: Whimsicott|0 fnt
|faint|p1a: Whimsicott
|
|upkeep
|
|t:|1779575167
|switch|p1a: Primeape|Primeape, F, tera:Ghost|45/100
|-damage|p1a: Primeape|33/100|[from] Stealth Rock
|turn|25
|
|t:|1779575189
|move|p1a: Primeape|Rage Fist|p2a: Clodsire
|-damage|p2a: Clodsire|0 fnt
|faint|p2a: Clodsire
|
|upkeep
|
|t:|1779575196
|switch|p2a: Dragapult|Dragapult, M|100/100
|turn|26
|
|t:|1779575201
|switch|p1a: Slowking|Slowking-Galar, M|70/100
|-damage|p1a: Slowking|57/100|[from] Stealth Rock
|move|p2a: Dragapult|Shadow Ball|p1a: Slowking
|-supereffective|p1a: Slowking
|-damage|p1a: Slowking|0 fnt
|faint|p1a: Slowking
|
|upkeep
|
|t:|1779575214
|switch|p1a: Ditto|Ditto|100/100
|-damage|p1a: Ditto|88/100|[from] Stealth Rock
|-transform|p1a: Ditto|p2a: Dragapult|[from] ability: Imposter
|turn|27
|
|t:|1779575221
|switch|p2a: Fezandipiti|Fezandipiti, M|73/100
|move|p1a: Ditto|Shadow Ball|p2a: Fezandipiti
|-damage|p2a: Fezandipiti|52/100
|
|-heal|p2a: Fezandipiti|58/100|[from] item: Leftovers
|upkeep
|turn|28
|
|t:|1779575232
|switch|p1a: Skarmory|Skarmory, M|88/100
|-damage|p1a: Skarmory|76/100|[from] Stealth Rock
|move|p2a: Fezandipiti|Play Rough|p1a: Skarmory|[miss]
|-miss|p2a: Fezandipiti|p1a: Skarmory
|
|-heal|p2a: Fezandipiti|64/100|[from] item: Leftovers
|upkeep
|turn|29
|
|t:|1779575242
|move|p2a: Fezandipiti|Roost|p2a: Fezandipiti
|-heal|p2a: Fezandipiti|100/100
|-singleturn|p2a: Fezandipiti|move: Roost
|move|p1a: Skarmory|Swords Dance|p1a: Skarmory
|-boost|p1a: Skarmory|atk|2
|
|upkeep
|turn|30
|
|t:|1779575251
|switch|p2a: Raging Bolt|Raging Bolt|100/100
|move|p1a: Skarmory|Brave Bird|p2a: Raging Bolt
|-resisted|p2a: Raging Bolt
|-damage|p2a: Raging Bolt|63/100
|-damage|p1a: Skarmory|58/100|[from] Recoil
|
|-heal|p2a: Raging Bolt|69/100|[from] item: Leftovers
|upkeep
|turn|31
|
|t:|1779575262
|switch|p1a: Ditto|Ditto|88/100
|-damage|p1a: Ditto|76/100|[from] Stealth Rock
|-transform|p1a: Ditto|p2a: Raging Bolt|[from] ability: Imposter
|move|p2a: Raging Bolt|Dragon Pulse|p1a: Ditto
|-supereffective|p1a: Ditto
|-damage|p1a: Ditto|0 fnt
|faint|p1a: Ditto
|-end|p1a: Ditto|Protosynthesis|[silent]
|
|-heal|p2a: Raging Bolt|75/100|[from] item: Leftovers
|upkeep
|
|t:|1779575276
|switch|p1a: Regidrago|Regidrago|100/100
|-damage|p1a: Regidrago|88/100|[from] Stealth Rock
|turn|32
|
|t:|1779575282
|-terastallize|p2a: Raging Bolt|Fairy
|move|p1a: Regidrago|Ancient Power|p2a: Raging Bolt
|-damage|p2a: Raging Bolt|52/100
|move|p2a: Raging Bolt|Dragon Pulse|p1a: Regidrago
|-supereffective|p1a: Regidrago
|-damage|p1a: Regidrago|0 fnt
|faint|p1a: Regidrago
|
|-heal|p2a: Raging Bolt|58/100|[from] item: Leftovers
|upkeep
|
|t:|1779575288
|switch|p1a: Primeape|Primeape, F, tera:Ghost|33/100
|-damage|p1a: Primeape|20/100|[from] Stealth Rock
|turn|33
|
|t:|1779575297
|move|p2a: Raging Bolt|Thunderclap|p1a: Primeape
|-damage|p1a: Primeape|0 fnt
|faint|p1a: Primeape
|
|-heal|p2a: Raging Bolt|64/100|[from] item: Leftovers
|upkeep
|-message|Kis Vegallomas forfeited.
|
|win|nakuhara
|raw|Kis Vegallomas's rating: 1346 &rarr; <strong>1327</strong><br />(-19 for losing)
|raw|nakuhara's rating: 1372 &rarr; <strong>1391</strong><br />(+19 for winning)
|l|☆Kis Vegallomas
|player|p1|
|l|☆nakuhara
|player|p2|
