|badge|p2|bronze|gen9ou|100-9
|uhtml|medal-msg|<div class="broadcast-blue">Curious what those medals under the avatar are? PS now has Ladder Seasons! For more information, check out the <a href="https://www.smogon.com/forums/threads/3740067/">thread on Smogon.</a></div>
|j|☆Sovereeign
|j|☆slitherwing ily ><
|t:|1779655702
|gametype|singles
|player|p1|Sovereeign|morty|1690
|player|p2|slitherwing ily ><|iono-masters|1776
|gen|9
|tier|[Gen 9] OU
|rated|
|rule|HP Percentage Mod: HP is shown in percentages
|rule|Endless Battle Clause: Forcing endless battles is banned
|rule|Species Clause: Limit one of each Pokémon
|rule|OHKO Clause: OHKO moves are banned
|rule|Evasion Items Clause: Evasion items are banned
|rule|Evasion Moves Clause: Evasion moves are banned
|rule|Evasion Abilities Clause: Evasion abilities are banned
|rule|Sleep Moves Clause: Sleep-inducing moves are banned
|clearpoke
|poke|p1|Dragonite, F|
|poke|p1|Gholdengo|
|poke|p1|Iron Crown|
|poke|p1|Glimmora, M|
|poke|p1|Ting-Lu|
|poke|p1|Ogerpon-Wellspring, F|
|poke|p2|Iron Jugulis|
|poke|p2|Deoxys-Speed|
|poke|p2|Ogerpon-Wellspring, F|
|poke|p2|Ceruledge, F|
|poke|p2|Glimmora, F|
|poke|p2|Kommo-o, F|
|teampreview
|inactive|Battle timer is ON: inactive players will automatically lose when time's up. (requested by Sovereeign)
|l|☆Sovereeign
|inactive|Sovereeign disconnected and has a minute to reconnect!
|player|p1|
|j|☆Sovereeign
|inactive|Sovereeign reconnected and has 125 seconds left.
|player|p1|Sovereeign|morty|
|inactive|Sovereeign has 120 seconds left.
|
|t:|1779655738
|teamsize|p1|6
|teamsize|p2|6
|start
|switch|p1a: Glimmora|Glimmora, M|100/100
|switch|p2a: Deoxys|Deoxys-Speed|100/100
|-ability|p2a: Deoxys|Pressure
|turn|1
|j| consoleconsolev5
|
|t:|1779655748
|switch|p1a: Gholdengo|Gholdengo|100/100
|move|p2a: Deoxys|Light Screen|p2a: Deoxys
|-sidestart|p2: slitherwing ily ><|move: Light Screen
|
|upkeep
|turn|2
|
|t:|1779655752
|move|p2a: Deoxys|Reflect|p2a: Deoxys
|-sidestart|p2: slitherwing ily ><|Reflect
|move|p1a: Gholdengo|Thunder Wave|p2a: Deoxys
|-status|p2a: Deoxys|par
|
|upkeep
|turn|3
|n| consoleconsel|consoleconsolev5
|
|t:|1779655764
|cant|p2a: Deoxys|par
|move|p1a: Gholdengo|Hex|p2a: Deoxys
|-supereffective|p2a: Deoxys
|-damage|p2a: Deoxys|27/100 par
|
|upkeep
|turn|4
|
|t:|1779655775
|cant|p2a: Deoxys|par
|move|p1a: Gholdengo|Hex|p2a: Deoxys
|-supereffective|p2a: Deoxys
|-damage|p2a: Deoxys|0 fnt
|faint|p2a: Deoxys
|
|upkeep
|
|t:|1779655779
|switch|p2a: Ceruledge|Ceruledge, F|100/100
|turn|5
|c|☆Sovereeign|Mb lol
|c|☆slitherwing ily ><|alg
|
|t:|1779655793
|switch|p1a: Ting-Lu|Ting-Lu|100/100
|-ability|p1a: Ting-Lu|Vessel of Ruin
|move|p2a: Ceruledge|Poltergeist|p1a: Ting-Lu
|-activate|p1a: Ting-Lu|move: Poltergeist|Rocky Helmet
|-resisted|p1a: Ting-Lu
|-damage|p1a: Ting-Lu|81/100
|
|upkeep
|turn|6
|
|t:|1779655804
|move|p2a: Ceruledge|Swords Dance|p2a: Ceruledge
|-boost|p2a: Ceruledge|atk|2
|move|p1a: Ting-Lu|Whirlwind|p2a: Ceruledge
|drag|p2a: Iron Jugulis|Iron Jugulis|100/100
|-enditem|p2a: Iron Jugulis|Booster Energy
|-activate|p2a: Iron Jugulis|ability: Quark Drive|[fromitem]
|-start|p2a: Iron Jugulis|quarkdrivespe
|
|upkeep
|turn|7
|
|t:|1779655809
|move|p2a: Iron Jugulis|Taunt|p1a: Ting-Lu
|-start|p1a: Ting-Lu|move: Taunt
|cant|p1a: Ting-Lu|move: Taunt|Spikes
|
|upkeep
|turn|8
|
|t:|1779655812
|move|p2a: Iron Jugulis|Hurricane|p1a: Ting-Lu|[miss]
|-miss|p2a: Iron Jugulis|p1a: Ting-Lu
|move|p1a: Ting-Lu|Ruination|p2a: Iron Jugulis|[miss]
|-miss|p1a: Ting-Lu|p2a: Iron Jugulis
|
|-sideend|p2: slitherwing ily ><|move: Light Screen
|upkeep
|turn|9
|
|t:|1779655822
|move|p2a: Iron Jugulis|Hurricane|p1a: Ting-Lu|[miss]
|-miss|p2a: Iron Jugulis|p1a: Ting-Lu
|move|p1a: Ting-Lu|Ruination|p2a: Iron Jugulis
|-damage|p2a: Iron Jugulis|51/100
|
|-end|p1a: Ting-Lu|move: Taunt
|-sideend|p2: slitherwing ily ><|Reflect
|upkeep
|turn|10
|
|t:|1779655828
|move|p2a: Iron Jugulis|Hurricane|p1a: Ting-Lu
|-damage|p1a: Ting-Lu|56/100
|move|p1a: Ting-Lu|Ruination|p2a: Iron Jugulis
|-damage|p2a: Iron Jugulis|26/100
|
|upkeep
|turn|11
|
|t:|1779655833
|move|p2a: Iron Jugulis|Taunt|p1a: Ting-Lu
|-start|p1a: Ting-Lu|move: Taunt
|cant|p1a: Ting-Lu|move: Taunt|Whirlwind
|
|upkeep
|turn|12
|
|t:|1779655860
|switch|p1a: Dragonite|Dragonite, F|100/100
|move|p2a: Iron Jugulis|Hurricane|p1a: Dragonite
|-damage|p1a: Dragonite|76/100
|
|upkeep
|turn|13
|
|t:|1779655873
|move|p1a: Dragonite|Extreme Speed|p2a: Iron Jugulis
|-damage|p2a: Iron Jugulis|0 fnt
|faint|p2a: Iron Jugulis
|-end|p2a: Iron Jugulis|Quark Drive|[silent]
|
|upkeep
|
|t:|1779655877
|switch|p2a: Glimmora|Glimmora, F|100/100
|turn|14
|
|t:|1779655882
|switch|p1a: Ting-Lu|Ting-Lu|56/100
|-ability|p1a: Ting-Lu|Vessel of Ruin
|move|p2a: Glimmora|Meteor Beam||[still]
|-prepare|p2a: Glimmora|Meteor Beam
|-boost|p2a: Glimmora|spa|1
|-enditem|p2a: Glimmora|Power Herb
|-anim|p2a: Glimmora|Meteor Beam|p1a: Ting-Lu
|-resisted|p1a: Ting-Lu
|-damage|p1a: Ting-Lu|36/100
|
|upkeep
|turn|15
|
|t:|1779655891
|move|p2a: Glimmora|Mortal Spin|p1a: Ting-Lu
|-resisted|p1a: Ting-Lu
|-damage|p1a: Ting-Lu|34/100
|-status|p1a: Ting-Lu|psn
|-damage|p2a: Glimmora|84/100|[from] item: Rocky Helmet|[of] p1a: Ting-Lu
|move|p1a: Ting-Lu|Earthquake|p2a: Glimmora
|-supereffective|p2a: Glimmora
|-damage|p2a: Glimmora|0 fnt
|-activate|p2a: Glimmora|ability: Toxic Debris
|-sidestart|p1: Sovereeign|move: Toxic Spikes
|faint|p2a: Glimmora
|
|-damage|p1a: Ting-Lu|22/100 psn|[from] psn
|upkeep
|
|t:|1779655897
|switch|p2a: Ogerpon|Ogerpon-Wellspring, F|100/100
|turn|16
|
|t:|1779655903
|switch|p1a: Glimmora|Glimmora, M|100/100
|-sideend|p1: Sovereeign|move: Toxic Spikes|[of] p1a: Glimmora
|move|p2a: Ogerpon|Trailblaze|p1a: Glimmora
|-damage|p1a: Glimmora|67/100
|-boost|p2a: Ogerpon|spe|1
|-activate|p1a: Glimmora|ability: Toxic Debris
|-sidestart|p2: slitherwing ily ><|move: Toxic Spikes
|
|upkeep
|turn|17
|
|t:|1779655910
|switch|p1a: Ogerpon|Ogerpon-Wellspring, F|100/100
|move|p2a: Ogerpon|Ivy Cudgel|p1a: Ogerpon|[anim] Ivy Cudgel Water
|-immune|p1a: Ogerpon|[from] ability: Water Absorb
|
|upkeep
|turn|18
|
|t:|1779655916
|move|p2a: Ogerpon|Swords Dance|p2a: Ogerpon
|-boost|p2a: Ogerpon|atk|2
|move|p1a: Ogerpon|U-turn|p2a: Ogerpon
|-supereffective|p2a: Ogerpon
|-damage|p2a: Ogerpon|29/100
|
|t:|1779655921
|switch|p1a: Dragonite|Dragonite, F|76/100|[from] U-turn
|
|upkeep
|turn|19
|
|t:|1779655927
|move|p1a: Dragonite|Extreme Speed|p2a: Ogerpon
|-damage|p2a: Ogerpon|0 fnt
|faint|p2a: Ogerpon
|
|upkeep
|
|t:|1779655929
|switch|p2a: Ceruledge|Ceruledge, F|100/100
|-status|p2a: Ceruledge|psn
|turn|20
|-message|slitherwing ily >< forfeited.
|
|win|Sovereeign
|raw|Sovereeign's rating: 1690 &rarr; <strong>1715</strong><br />(+25 for winning)
|raw|slitherwing ily &gt;&lt;'s rating: 1776 &rarr; <strong>1751</strong><br />(-25 for losing)
|l|☆slitherwing ily ><
|player|p2|
