|j|☆HugoLeGoomer
|j|☆claudechamp
|t:|1779725058
|gametype|singles
|player|p1|HugoLeGoomer|veteran|1263
|player|p2|claudechamp|265|1274
|gen|9
|tier|[Gen 9] OU
|rated|
|rule|HP Percentage Mod: HP is shown in percentages
|rule|Endless Battle Clause: Forcing endless battles is banned
|rule|Species Clause: Limit one of each Pokémon
|rule|OHKO Clause: OHKO moves are banned
|rule|Evasion Items Clause: Evasion items are banned
|rule|Evasion Moves Clause: Evasion moves are banned
|rule|Evasion Abilities Clause: Evasion abilities are banned
|rule|Sleep Moves Clause: Sleep-inducing moves are banned
|clearpoke
|poke|p1|Enamorus, F|
|poke|p1|Skuntank, F|
|poke|p1|Palossand, F|
|poke|p1|Mew|
|poke|p1|Pelipper, F|
|poke|p1|Cramorant, M|
|poke|p2|Gliscor, M|
|poke|p2|Ogerpon, F|
|poke|p2|Walking Wake|
|poke|p2|Blissey, F|
|poke|p2|Corviknight, F|
|poke|p2|Pecharunt|
|teampreview
|c|☆claudechamp|hf
|inactive|Battle timer is ON: inactive players will automatically lose when time's up. (requested by claudechamp)
|
|t:|1779725068
|teamsize|p1|6
|teamsize|p2|6
|start
|switch|p1a: Skuntank|Skuntank, F|100/100
|switch|p2a: Gliscor|Gliscor, M|100/100
|turn|1
|
|t:|1779725071
|move|p1a: Skuntank|Knock Off|p2a: Gliscor
|-damage|p2a: Gliscor|70/100
|-enditem|p2a: Gliscor|Toxic Orb|[from] move: Knock Off|[of] p1a: Skuntank
|move|p2a: Gliscor|Spikes|p1a: Skuntank
|-sidestart|p1: HugoLeGoomer|Spikes
|
|upkeep
|turn|2
|
|t:|1779725078
|move|p1a: Skuntank|Toxic Spikes|p2a: Gliscor
|-sidestart|p2: claudechamp|move: Toxic Spikes
|move|p2a: Gliscor|Spikes|p1a: Skuntank
|-sidestart|p1: HugoLeGoomer|Spikes
|
|upkeep
|turn|3
|
|t:|1779725081
|move|p1a: Skuntank|Toxic Spikes|p2a: Gliscor
|-sidestart|p2: claudechamp|move: Toxic Spikes
|move|p2a: Gliscor|Earthquake|p1a: Skuntank
|-supereffective|p1a: Skuntank
|-damage|p1a: Skuntank|18/100
|
|-heal|p1a: Skuntank|24/100|[from] item: Leftovers
|upkeep
|turn|4
|
|t:|1779725086
|move|p1a: Skuntank|Sucker Punch|p2a: Gliscor
|-damage|p2a: Gliscor|45/100
|move|p2a: Gliscor|Earthquake|p1a: Skuntank
|-supereffective|p1a: Skuntank
|-damage|p1a: Skuntank|0 fnt
|faint|p1a: Skuntank
|
|upkeep
|
|t:|1779725093
|switch|p1a: Enamorus|Enamorus, F|100/100
|turn|5
|
|t:|1779725096
|switch|p2a: Blissey|Blissey, F|100/100
|move|p1a: Enamorus|Moonblast|p2a: Blissey
|-damage|p2a: Blissey|76/100
|-unboost|p2a: Blissey|spa|1
|
|upkeep
|turn|6
|
|t:|1779725107
|switch|p1a: Mew|Mew|100/100
|-damage|p1a: Mew|84/100|[from] Spikes
|move|p2a: Blissey|Stealth Rock|p1a: Mew
|-sidestart|p1: HugoLeGoomer|move: Stealth Rock
|
|-heal|p1a: Mew|90/100|[from] item: Leftovers
|upkeep
|turn|7
|
|t:|1779725112
|switch|p2a: Pecharunt|Pecharunt|100/100
|-sideend|p2: claudechamp|move: Toxic Spikes|[of] p2a: Pecharunt
|move|p1a: Mew|Calm Mind|p1a: Mew
|-boost|p1a: Mew|spa|1
|-boost|p1a: Mew|spd|1
|
|-heal|p1a: Mew|96/100|[from] item: Leftovers
|upkeep
|turn|8
|
|t:|1779725116
|move|p1a: Mew|Calm Mind|p1a: Mew
|-boost|p1a: Mew|spa|1
|-boost|p1a: Mew|spd|1
|move|p2a: Pecharunt|Malignant Chain|p1a: Mew
|-damage|p1a: Mew|82/100
|-status|p1a: Mew|tox
|-activate|p1a: Mew|ability: Synchronize
|-immune|p2a: Pecharunt
|-start|p1a: Mew|confusion|[from] ability: Poison Puppeteer|[of] p2a: Pecharunt
|
|-heal|p1a: Mew|88/100 tox|[from] item: Leftovers
|-damage|p1a: Mew|82/100 tox|[from] psn
|upkeep
|turn|9
|
|t:|1779725121
|-activate|p1a: Mew|confusion
|move|p1a: Mew|Stored Power|p2a: Pecharunt
|-supereffective|p2a: Pecharunt
|-crit|p2a: Pecharunt
|-damage|p2a: Pecharunt|0 fnt
|faint|p2a: Pecharunt
|
|-heal|p1a: Mew|88/100 tox|[from] item: Leftovers
|-damage|p1a: Mew|76/100 tox|[from] psn
|upkeep
|
|t:|1779725124
|switch|p2a: Blissey|Blissey, F|76/100
|turn|10
|
|t:|1779725127
|-activate|p1a: Mew|confusion
|-damage|p1a: Mew|70/100 tox|[from] confusion
|move|p2a: Blissey|Seismic Toss|p1a: Mew
|-damage|p1a: Mew|46/100 tox
|
|-heal|p1a: Mew|52/100 tox|[from] item: Leftovers
|-damage|p1a: Mew|33/100 tox|[from] psn
|upkeep
|turn|11
|
|t:|1779725132
|-activate|p1a: Mew|confusion
|-damage|p1a: Mew|27/100 tox|[from] confusion
|move|p2a: Blissey|Seismic Toss|p1a: Mew
|-damage|p1a: Mew|2/100 tox
|
|-heal|p1a: Mew|8/100 tox|[from] item: Leftovers
|-damage|p1a: Mew|0 fnt|[from] psn
|faint|p1a: Mew
|upkeep
|
|t:|1779725136
|switch|p1a: Palossand|Palossand, F|100/100
|turn|12
|
|t:|1779725140
|switch|p2a: Walking Wake|Walking Wake|100/100
|move|p1a: Palossand|Stealth Rock|p2a: Walking Wake
|-sidestart|p2: claudechamp|move: Stealth Rock
|
|upkeep
|turn|13
|
|t:|1779725145
|move|p2a: Walking Wake|Surf|p1a: Palossand
|-supereffective|p1a: Palossand
|-damage|p1a: Palossand|2/100
|-ability|p1a: Palossand|Water Compaction|boost
|-boost|p1a: Palossand|def|2
|move|p1a: Palossand|Scorching Sands|p2a: Walking Wake
|-damage|p2a: Walking Wake|74/100
|-status|p2a: Walking Wake|brn
|
|-damage|p2a: Walking Wake|68/100 brn|[from] brn
|upkeep
|turn|14
|
|t:|1779725155
|switch|p1a: Pelipper|Pelipper, F|100/100
|-damage|p1a: Pelipper|76/100|[from] Stealth Rock
|-weather|RainDance|[from] ability: Drizzle|[of] p1a: Pelipper
|move|p2a: Walking Wake|Surf|p1a: Pelipper
|-resisted|p1a: Pelipper
|-damage|p1a: Pelipper|26/100
|
|-weather|RainDance|[upkeep]
|-damage|p2a: Walking Wake|62/100 brn|[from] brn
|upkeep
|turn|15
|-message|HugoLeGoomer forfeited.
|
|win|claudechamp
|raw|HugoLeGoomer's rating: 1263 &rarr; <strong>1239</strong><br />(-24 for losing)
|raw|claudechamp's rating: 1274 &rarr; <strong>1298</strong><br />(+24 for winning)
|l|☆HugoLeGoomer
|player|p1|
|c|☆claudechamp|gg
|l|☆claudechamp
|player|p2|
