|j|☆hannibaltest
|j|☆Ak444me
|t:|1779567976
|gametype|singles
|player|p1|hannibaltest|blaine|1194
|player|p2|Ak444me|elesa|1188
|gen|9
|tier|[Gen 9] OU
|rated|
|rule|HP Percentage Mod: HP is shown in percentages
|rule|Endless Battle Clause: Forcing endless battles is banned
|rule|Species Clause: Limit one of each Pokémon
|rule|OHKO Clause: OHKO moves are banned
|rule|Evasion Items Clause: Evasion items are banned
|rule|Evasion Moves Clause: Evasion moves are banned
|rule|Evasion Abilities Clause: Evasion abilities are banned
|rule|Sleep Moves Clause: Sleep-inducing moves are banned
|clearpoke
|poke|p1|Ribombee, F|
|poke|p1|Cinderace, M|
|poke|p1|Kingambit, M|
|poke|p1|Empoleon, M|
|poke|p1|Slowking-Galar, M|
|poke|p1|Wigglytuff, M|
|poke|p2|Walking Wake|
|poke|p2|Raging Bolt|
|poke|p2|Ninetales, M|
|poke|p2|Comfey, M|
|poke|p2|Lilligant-Hisui, F|
|poke|p2|Hatterene, F|
|teampreview
|inactive|Battle timer is ON: inactive players will automatically lose when time's up. (requested by hannibaltest)
|
|t:|1779567980
|teamsize|p1|6
|teamsize|p2|6
|start
|switch|p1a: Ribombee|Ribombee, F|100/100
|switch|p2a: Ninetales|Ninetales, M|100/100
|-weather|SunnyDay|[from] ability: Drought|[of] p2a: Ninetales
|turn|1
|
|t:|1779567986
|switch|p2a: Hatterene|Hatterene, F|100/100
|move|p1a: Ribombee|Sticky Web|p2a: Hatterene
|move|p2a: Hatterene|Sticky Web|p1a: Ribombee|[from] ability: Magic Bounce
|-sidestart|p1: hannibaltest|move: Sticky Web
|
|-weather|SunnyDay|[upkeep]
|upkeep
|turn|2
|
|t:|1779567995
|move|p1a: Ribombee|Light Screen|p1a: Ribombee
|-sidestart|p1: hannibaltest|move: Light Screen
|move|p2a: Hatterene|Nuzzle|p1a: Ribombee
|-damage|p1a: Ribombee|94/100
|-enditem|p1a: Ribombee|Eject Button
|
|t:|1779568007
|switch|p1a: Kozuki Oden|Kingambit, M|100/100
|-activate|p1a: Kozuki Oden|move: Sticky Web
|-unboost|p1a: Kozuki Oden|spe|1
|-ability|p1a: Kozuki Oden|Defiant|boost
|-boost|p1a: Kozuki Oden|atk|2
|
|-weather|SunnyDay|[upkeep]
|upkeep
|turn|3
|
|t:|1779568031
|move|p2a: Hatterene|Nuzzle|p1a: Kozuki Oden
|-damage|p1a: Kozuki Oden|97/100
|-status|p1a: Kozuki Oden|par
|cant|p1a: Kozuki Oden|par
|
|-weather|SunnyDay|[upkeep]
|upkeep
|turn|4
|
|t:|1779568038
|switch|p2a: Lilligant|Lilligant-Hisui, F|100/100
|move|p1a: Kozuki Oden|Kowtow Cleave|p2a: Lilligant
|-resisted|p2a: Lilligant
|-damage|p2a: Lilligant|29/100
|
|-weather|SunnyDay|[upkeep]
|upkeep
|turn|5
|
|t:|1779568046
|move|p1a: Kozuki Oden|Sucker Punch|p2a: Lilligant
|-resisted|p2a: Lilligant
|-damage|p2a: Lilligant|0 fnt
|faint|p2a: Lilligant
|
|-weather|SunnyDay|[upkeep]
|upkeep
|
|t:|1779568049
|switch|p2a: Walking Wake|Walking Wake|100/100
|-activate|p2a: Walking Wake|ability: Protosynthesis
|-start|p2a: Walking Wake|protosynthesisspe
|turn|6
|
|t:|1779568055
|move|p2a: Walking Wake|Flamethrower|p1a: Kozuki Oden
|-supereffective|p1a: Kozuki Oden
|-damage|p1a: Kozuki Oden|51/100 par
|move|p1a: Kozuki Oden|Kowtow Cleave|p2a: Walking Wake
|-damage|p2a: Walking Wake|0 fnt
|faint|p2a: Walking Wake
|-end|p2a: Walking Wake|Protosynthesis|[silent]
|
|-weather|SunnyDay|[upkeep]
|-sideend|p1: hannibaltest|move: Light Screen
|upkeep
|
|t:|1779568061
|switch|p2a: Raging Bolt|Raging Bolt|100/100
|-activate|p2a: Raging Bolt|ability: Protosynthesis
|-start|p2a: Raging Bolt|protosynthesisspa
|turn|7
|
|t:|1779568070
|move|p2a: Raging Bolt|Weather Ball|p1a: Kozuki Oden
|-supereffective|p1a: Kozuki Oden
|-damage|p1a: Kozuki Oden|0 fnt
|faint|p1a: Kozuki Oden
|-damage|p2a: Raging Bolt|91/100|[from] item: Life Orb
|
|-weather|SunnyDay|[upkeep]
|upkeep
|
|t:|1779568079
|switch|p1a: Slowking|Slowking-Galar, M|100/100
|-activate|p1a: Slowking|move: Sticky Web
|-unboost|p1a: Slowking|spe|1
|turn|8
|
|t:|1779568085
|move|p2a: Raging Bolt|Weather Ball|p1a: Slowking
|-damage|p1a: Slowking|46/100
|-damage|p2a: Raging Bolt|81/100|[from] item: Life Orb
|move|p1a: Slowking|Trick Room|p1a: Slowking
|-fieldstart|move: Trick Room|[of] p1a: Slowking
|
|-weather|none
|-end|p2a: Raging Bolt|Protosynthesis
|-heal|p1a: Slowking|52/100|[from] item: Leftovers
|upkeep
|turn|9
|
|t:|1779568101
|switch|p1a: Cinderace|Cinderace, M|100/100
|move|p2a: Raging Bolt|Thunderbolt|p1a: Cinderace
|-damage|p1a: Cinderace|4/100
|-damage|p2a: Raging Bolt|71/100|[from] item: Life Orb
|
|upkeep
|turn|10
|
|t:|1779568106
|move|p2a: Raging Bolt|Thunderclap|p1a: Cinderace
|-damage|p1a: Cinderace|0 fnt
|faint|p1a: Cinderace
|-damage|p2a: Raging Bolt|61/100|[from] item: Life Orb
|
|upkeep
|
|t:|1779568111
|switch|p1a: Wigglytuff|Wigglytuff, M|100/100
|-activate|p1a: Wigglytuff|move: Sticky Web
|-unboost|p1a: Wigglytuff|spe|1
|-ability|p1a: Wigglytuff|Competitive|boost
|-boost|p1a: Wigglytuff|spa|2
|turn|11
|
|t:|1779568118
|-terastallize|p2a: Raging Bolt|Fairy
|move|p1a: Wigglytuff|Alluring Voice|p2a: Raging Bolt
|-damage|p2a: Raging Bolt|2/100
|move|p2a: Raging Bolt|Thunderbolt|p1a: Wigglytuff
|-damage|p1a: Wigglytuff|12/100
|-damage|p2a: Raging Bolt|0 fnt|[from] item: Life Orb
|faint|p2a: Raging Bolt
|-end|p2a: Raging Bolt|Protosynthesis|[silent]
|
|upkeep
|
|t:|1779568122
|switch|p2a: Ninetales|Ninetales, M|100/100
|-weather|SunnyDay|[from] ability: Drought|[of] p2a: Ninetales
|turn|12
|
|t:|1779568148
|switch|p2a: Hatterene|Hatterene, F|100/100
|move|p1a: Wigglytuff|Hyper Voice|p2a: Hatterene
|-damage|p2a: Hatterene|42/100
|
|-weather|SunnyDay|[upkeep]
|-fieldend|move: Trick Room
|upkeep
|turn|13
|
|t:|1779568154
|move|p2a: Hatterene|Psychic Noise|p1a: Wigglytuff
|-damage|p1a: Wigglytuff|0 fnt
|faint|p1a: Wigglytuff
|
|-weather|SunnyDay|[upkeep]
|upkeep
|
|t:|1779568159
|switch|p1a: Ribombee|Ribombee, F|94/100
|-activate|p1a: Ribombee|move: Sticky Web
|-unboost|p1a: Ribombee|spe|1
|turn|14
|
|t:|1779568166
|move|p1a: Ribombee|Moonblast|p2a: Hatterene
|-damage|p2a: Hatterene|20/100
|move|p2a: Hatterene|Psychic Noise|p1a: Ribombee
|-damage|p1a: Ribombee|26/100
|
|-weather|SunnyDay|[upkeep]
|upkeep
|turn|15
|
|t:|1779568175
|move|p1a: Ribombee|Moonblast|p2a: Hatterene
|-damage|p2a: Hatterene|0 fnt
|faint|p2a: Hatterene
|
|-weather|SunnyDay|[upkeep]
|upkeep
|
|t:|1779568178
|switch|p2a: Comfey|Comfey, M|100/100
|turn|16
|
|t:|1779568183
|move|p2a: Comfey|Growth|p2a: Comfey
|-boost|p2a: Comfey|atk|2
|-boost|p2a: Comfey|spa|2
|move|p1a: Ribombee|Light Screen|p1a: Ribombee
|-sidestart|p1: hannibaltest|move: Light Screen
|
|-weather|SunnyDay|[upkeep]
|upkeep
|turn|17
|
|t:|1779568188
|switch|p1a: Happy Feet|Empoleon, M|100/100
|-activate|p1a: Happy Feet|move: Sticky Web
|-unboost|p1a: Happy Feet|spe|1
|-ability|p1a: Happy Feet|Competitive|boost
|-boost|p1a: Happy Feet|spa|2
|move|p2a: Comfey|Growth|p2a: Comfey
|-boost|p2a: Comfey|atk|2
|-boost|p2a: Comfey|spa|2
|
|-weather|SunnyDay|[upkeep]
|upkeep
|turn|18
|
|t:|1779568194
|move|p2a: Comfey|Stored Power|p1a: Happy Feet
|-resisted|p1a: Happy Feet
|-damage|p1a: Happy Feet|80/100
|move|p1a: Happy Feet|Flash Cannon|p2a: Comfey
|-supereffective|p2a: Comfey
|-damage|p2a: Comfey|0 fnt
|faint|p2a: Comfey
|
|-weather|SunnyDay|[upkeep]
|upkeep
|
|t:|1779568196
|switch|p2a: Ninetales|Ninetales, M|100/100
|turn|19
|-message|Ak444me forfeited.
|
|win|hannibaltest
|raw|hannibaltest's rating: 1194 &rarr; <strong>1219</strong><br />(+25 for winning)
|raw|Ak444me's rating: 1188 &rarr; <strong>1163</strong><br />(-25 for losing)
|l|☆Ak444me
|player|p2|
|l|☆hannibaltest
|player|p1|
