|j|☆rigozuculento7u7
|j|☆greysay
|t:|1779661710
|gametype|singles
|player|p1|rigozuculento7u7|li|1121
|player|p2|greysay|dragontamer|1066
|gen|9
|tier|[Gen 9] OU
|rated|
|rule|HP Percentage Mod: HP is shown in percentages
|rule|Endless Battle Clause: Forcing endless battles is banned
|rule|Species Clause: Limit one of each Pokémon
|rule|OHKO Clause: OHKO moves are banned
|rule|Evasion Items Clause: Evasion items are banned
|rule|Evasion Moves Clause: Evasion moves are banned
|rule|Evasion Abilities Clause: Evasion abilities are banned
|rule|Sleep Moves Clause: Sleep-inducing moves are banned
|clearpoke
|poke|p1|Banette, M|
|poke|p1|Hypno, M|
|poke|p1|Meganium, M|
|poke|p1|Ambipom, M|
|poke|p1|Camerupt, F|
|poke|p1|Altaria, M|
|poke|p2|Grafaiai, M|
|poke|p2|Eiscue, M|
|poke|p2|Goodra-Hisui, M|
|poke|p2|Primarina, F|
|poke|p2|Chesnaught, M|
|poke|p2|Ambipom, F|
|teampreview
|
|t:|1779661718
|teamsize|p1|6
|teamsize|p2|6
|start
|switch|p1a: Hypno|Hypno, M|100/100
|switch|p2a: Grafaiai|Grafaiai, M|100/100
|-activate|p1a: Hypno|ability: Forewarn|Cross Poison|[of] p2a: Grafaiai
|turn|1
|c|☆greysay|love your team and avatar
|
|t:|1779661736
|move|p2a: Grafaiai|Knock Off|p1a: Hypno
|-supereffective|p1a: Hypno
|-damage|p1a: Hypno|37/100
|-enditem|p1a: Hypno|Assault Vest|[from] move: Knock Off|[of] p2a: Grafaiai
|move|p1a: Hypno|Knock Off|p2a: Grafaiai
|-damage|p2a: Grafaiai|68/100
|-enditem|p2a: Grafaiai|Black Sludge|[from] move: Knock Off|[of] p1a: Hypno
|
|upkeep
|turn|2
|c|☆rigozuculento7u7|thx bro<3
|
|t:|1779661796
|move|p2a: Grafaiai|Knock Off|p1a: Hypno
|-supereffective|p1a: Hypno
|-damage|p1a: Hypno|0 fnt
|faint|p1a: Hypno
|
|upkeep
|
|t:|1779661800
|switch|p1a: Ambipom|Ambipom, M|100/100
|turn|3
|
|t:|1779661805
|move|p1a: Ambipom|Fake Out|p2a: Grafaiai
|-damage|p2a: Grafaiai|20/100
|cant|p2a: Grafaiai|flinch
|
|upkeep
|turn|4
|
|t:|1779661810
|move|p1a: Ambipom|Triple Axel|p2a: Grafaiai
|-damage|p2a: Grafaiai|5/100
|-damage|p2a: Grafaiai|0 fnt
|faint|p2a: Grafaiai
|-hitcount|p2: Grafaiai|2
|
|upkeep
|
|t:|1779661819
|switch|p2a: Goodra|Goodra-Hisui, M|100/100
|turn|5
|
|t:|1779661892
|switch|p1a: Camerupt|Camerupt, F|100/100
|move|p2a: Goodra|Acid Armor|p2a: Goodra
|-boost|p2a: Goodra|def|2
|
|upkeep
|turn|6
|
|t:|1779661916
|-terastallize|p2a: Goodra|Flying
|move|p2a: Goodra|Body Press|p1a: Camerupt
|-damage|p1a: Camerupt|38/100
|-damage|p2a: Goodra|84/100|[from] item: Rocky Helmet|[of] p1a: Camerupt
|move|p1a: Camerupt|Earthquake|p2a: Goodra
|-immune|p2a: Goodra
|
|-heal|p2a: Goodra|90/100|[from] item: Leftovers
|upkeep
|turn|7
|
|t:|1779661928
|switch|p1a: Banette|Banette, M|100/100
|move|p2a: Goodra|Body Press|p1a: Banette
|-immune|p1a: Banette
|
|-heal|p2a: Goodra|96/100|[from] item: Leftovers
|upkeep
|turn|8
|
|t:|1779661942
|-terastallize|p1a: Banette|Ghost
|move|p1a: Banette|Poltergeist|p2a: Goodra
|-activate|p2a: Goodra|move: Poltergeist|Leftovers
|-damage|p2a: Goodra|57/100
|move|p2a: Goodra|Dragon Tail|p1a: Banette|[miss]
|-miss|p2a: Goodra|p1a: Banette
|
|-heal|p2a: Goodra|63/100|[from] item: Leftovers
|upkeep
|turn|9
|
|t:|1779661951
|switch|p1a: Camerupt|Camerupt, F|38/100
|move|p2a: Goodra|Dragon Tail|p1a: Camerupt
|-damage|p1a: Camerupt|11/100
|-damage|p2a: Goodra|47/100|[from] item: Rocky Helmet|[of] p1a: Camerupt
|drag|p1a: Banette|Banette, M, tera:Ghost|100/100
|
|-heal|p2a: Goodra|53/100|[from] item: Leftovers
|upkeep
|turn|10
|
|t:|1779661963
|switch|p1a: Camerupt|Camerupt, F|11/100
|move|p2a: Goodra|Acid Armor|p2a: Goodra
|-boost|p2a: Goodra|def|2
|
|-heal|p2a: Goodra|59/100|[from] item: Leftovers
|upkeep
|turn|11
|
|t:|1779661970
|move|p2a: Goodra|Sludge Wave|p1a: Camerupt
|-resisted|p1a: Camerupt
|-damage|p1a: Camerupt|0 fnt
|faint|p1a: Camerupt
|
|-heal|p2a: Goodra|65/100|[from] item: Leftovers
|upkeep
|
|t:|1779661974
|switch|p1a: Ambipom|Ambipom, M|100/100
|turn|12
|
|t:|1779661978
|move|p1a: Ambipom|Fake Out|p2a: Goodra
|-damage|p2a: Goodra|58/100
|-ability|p2a: Goodra|Gooey
|-unboost|p1a: Ambipom|spe|1
|cant|p2a: Goodra|flinch
|
|-heal|p2a: Goodra|64/100|[from] item: Leftovers
|upkeep
|turn|13
|
|t:|1779661987
|move|p1a: Ambipom|Triple Axel|p2a: Goodra
|-supereffective|p2a: Goodra
|-damage|p2a: Goodra|60/100
|-ability|p2a: Goodra|Gooey
|-unboost|p1a: Ambipom|spe|1
|-supereffective|p2a: Goodra
|-damage|p2a: Goodra|51/100
|-ability|p2a: Goodra|Gooey
|-unboost|p1a: Ambipom|spe|1
|-supereffective|p2a: Goodra
|-damage|p2a: Goodra|38/100
|-ability|p2a: Goodra|Gooey
|-unboost|p1a: Ambipom|spe|1
|-hitcount|p2a: Goodra|3
|move|p2a: Goodra|Body Press|p1a: Ambipom
|-supereffective|p1a: Ambipom
|-damage|p1a: Ambipom|0 fnt
|faint|p1a: Ambipom
|
|-heal|p2a: Goodra|44/100|[from] item: Leftovers
|upkeep
|-message|rigozuculento7u7 forfeited.
|
|win|greysay
|raw|rigozuculento7u7's rating: 1121 &rarr; <strong>1092</strong><br />(-29 for losing)
|raw|greysay's rating: 1066 &rarr; <strong>1101</strong><br />(+35 for winning)
|l|☆rigozuculento7u7
|player|p1|
|l|☆greysay
|player|p2|
