|j|☆KingNothing_32
|j|☆claudechamp
|t:|1779574840
|gametype|singles
|player|p1|KingNothing_32|colress|1144
|player|p2|claudechamp|101|1209
|gen|9
|tier|[Gen 9] OU
|rated|
|rule|HP Percentage Mod: HP is shown in percentages
|rule|Endless Battle Clause: Forcing endless battles is banned
|rule|Species Clause: Limit one of each Pokémon
|rule|OHKO Clause: OHKO moves are banned
|rule|Evasion Items Clause: Evasion items are banned
|rule|Evasion Moves Clause: Evasion moves are banned
|rule|Evasion Abilities Clause: Evasion abilities are banned
|rule|Sleep Moves Clause: Sleep-inducing moves are banned
|clearpoke
|poke|p1|Pelipper, F|
|poke|p1|Hatterene, F|
|poke|p1|Iron Treads|
|poke|p1|Toxicroak, M|
|poke|p1|Barraskewda, M|
|poke|p1|Zapdos|
|poke|p2|Gliscor, F|
|poke|p2|Ogerpon, F|
|poke|p2|Walking Wake|
|poke|p2|Blissey, F|
|poke|p2|Corviknight, F|
|poke|p2|Pecharunt|
|teampreview
|c|☆claudechamp|hf
|inactive|Battle timer is ON: inactive players will automatically lose when time's up. (requested by claudechamp)
|c|☆KingNothing_32|u2
|
|t:|1779574862
|teamsize|p1|6
|teamsize|p2|6
|start
|switch|p1a: labomba|Iron Treads|100/100
|switch|p2a: Gliscor|Gliscor, F|100/100
|turn|1
|
|t:|1779574870
|move|p1a: labomba|Stealth Rock|p2a: Gliscor
|-sidestart|p2: claudechamp|move: Stealth Rock
|move|p2a: Gliscor|Spikes|p1a: labomba
|-sidestart|p1: KingNothing_32|Spikes
|
|-status|p2a: Gliscor|tox|[from] item: Toxic Orb
|upkeep
|turn|2
|
|t:|1779574879
|move|p1a: labomba|Rapid Spin|p2a: Gliscor
|-damage|p2a: Gliscor|90/100 tox
|-boost|p1a: labomba|spe|1
|-sideend|p1: KingNothing_32|Spikes|[from] move: Rapid Spin|[of] p1a: labomba
|move|p2a: Gliscor|Spikes|p1a: labomba
|-sidestart|p1: KingNothing_32|Spikes
|
|-heal|p2a: Gliscor|100/100 tox|[from] ability: Poison Heal
|upkeep
|turn|3
|
|t:|1779574886
|move|p1a: labomba|Rapid Spin|p2a: Gliscor
|-damage|p2a: Gliscor|91/100 tox
|-boost|p1a: labomba|spe|1
|-sideend|p1: KingNothing_32|Spikes|[from] move: Rapid Spin|[of] p1a: labomba
|move|p2a: Gliscor|Earthquake|p1a: labomba
|-supereffective|p1a: labomba
|-damage|p1a: labomba|47/100
|
|-heal|p1a: labomba|53/100|[from] item: Leftovers
|-heal|p2a: Gliscor|100/100 tox|[from] ability: Poison Heal
|upkeep
|turn|4
|
|t:|1779574897
|-end|p1a: labomba|Quark Drive|[silent]
|switch|p1a: the taste of water|Pelipper, F|100/100
|-weather|RainDance|[from] ability: Drizzle|[of] p1a: the taste of water
|move|p2a: Gliscor|Earthquake|p1a: the taste of water
|-immune|p1a: the taste of water
|
|-weather|RainDance|[upkeep]
|upkeep
|turn|5
|
|t:|1779574908
|switch|p2a: Blissey|Blissey, F|100/100
|move|p1a: the taste of water|Surf|p2a: Blissey
|-damage|p2a: Blissey|86/100
|
|-weather|RainDance|[upkeep]
|upkeep
|turn|6
|
|t:|1779574925
|switch|p1a: joyboy|Toxicroak, M|100/100
|move|p2a: Blissey|Stealth Rock|p1a: joyboy
|-sidestart|p1: KingNothing_32|move: Stealth Rock
|
|-weather|RainDance|[upkeep]
|upkeep
|turn|7
|
|t:|1779574936
|switch|p2a: Walking Wake|Walking Wake|100/100
|move|p1a: joyboy|Knock Off|p2a: Walking Wake
|-damage|p2a: Walking Wake|75/100
|-enditem|p2a: Walking Wake|Heavy-Duty Boots|[from] move: Knock Off|[of] p1a: joyboy
|
|-weather|RainDance|[upkeep]
|upkeep
|turn|8
|
|t:|1779574944
|move|p2a: Walking Wake|Surf|p1a: joyboy
|-immune|p1a: joyboy|[from] ability: Dry Skin
|move|p1a: joyboy|Toxic|p2a: Walking Wake
|-status|p2a: Walking Wake|tox
|
|-weather|RainDance|[upkeep]
|-damage|p2a: Walking Wake|69/100 tox|[from] psn
|upkeep
|turn|9
|
|t:|1779574956
|move|p2a: Walking Wake|Draco Meteor|p1a: joyboy
|-damage|p1a: joyboy|19/100
|-unboost|p2a: Walking Wake|spa|2
|move|p1a: joyboy|Drain Punch|p2a: Walking Wake
|-damage|p2a: Walking Wake|42/100 tox
|-heal|p1a: joyboy|32/100|[from] drain|[of] p2a: Walking Wake
|
|-weather|RainDance|[upkeep]
|-heal|p1a: joyboy|44/100|[from] ability: Dry Skin
|-damage|p2a: Walking Wake|30/100 tox|[from] psn
|upkeep
|turn|10
|
|t:|1779574982
|move|p2a: Walking Wake|Draco Meteor|p1a: joyboy
|-damage|p1a: joyboy|0 fnt
|-unboost|p2a: Walking Wake|spa|2
|faint|p1a: joyboy
|
|-weather|RainDance|[upkeep]
|-damage|p2a: Walking Wake|11/100 tox|[from] psn
|upkeep
|inactive|KingNothing_32 has 120 seconds left.
|
|t:|1779575002
|switch|p1a: labomba|Iron Treads|53/100
|-damage|p1a: labomba|50/100|[from] Stealth Rock
|turn|11
|inactive|KingNothing_32 has 120 seconds left.
|
|t:|1779575008
|move|p2a: Walking Wake|Surf|p1a: labomba
|-supereffective|p1a: labomba
|-damage|p1a: labomba|12/100
|move|p1a: labomba|Rapid Spin|p2a: Walking Wake
|-damage|p2a: Walking Wake|0 fnt
|-boost|p1a: labomba|spe|1
|-sideend|p1: KingNothing_32|Stealth Rock|[from] move: Rapid Spin|[of] p1a: labomba
|faint|p2a: Walking Wake
|-end|p2a: Walking Wake|Protosynthesis|[silent]
|
|-weather|none
|-heal|p1a: labomba|18/100|[from] item: Leftovers
|upkeep
|
|t:|1779575011
|switch|p2a: Blissey|Blissey, F|86/100
|turn|12
|
|t:|1779575019
|move|p1a: labomba|Volt Switch|p2a: Blissey
|-damage|p2a: Blissey|83/100
|
|t:|1779575022
|-end|p1a: labomba|Quark Drive|[silent]
|switch|p1a: the taste of water|Pelipper, F|100/100|[from] Volt Switch
|-weather|RainDance|[from] ability: Drizzle|[of] p1a: the taste of water
|move|p2a: Blissey|Seismic Toss|p1a: the taste of water
|-damage|p1a: the taste of water|70/100
|
|-weather|RainDance|[upkeep]
|upkeep
|turn|13
|
|t:|1779575029
|move|p2a: Blissey|Stealth Rock|p1a: the taste of water
|-sidestart|p1: KingNothing_32|move: Stealth Rock
|move|p1a: the taste of water|U-turn|p2a: Blissey
|-damage|p2a: Blissey|74/100
|c|☆KingNothing_32|!dt blissey
|c|☆KingNothing_32|/raw <div class="message"><ul class="utilichart"><li class="result"><span class="col numcol">RU</span> <span class="col iconcol"><psicon pokemon="blissey"/></span> <span class="col pokemonnamecol" style="white-space:nowrap"><a href="https://dex.pokemonshowdown.com/pokemon/blissey" target="_blank">Blissey</a></span> <span class="col typecol"><img src="https://play.pokemonshowdown.com/sprites/types/Normal.png" alt="Normal" height="14" width="32"></span> <span style="float:left;min-height:26px"><span class="col twoabilitycol">Natural Cure<br />Serene Grace</span><span class="col abilitycol"><em>Healer</em></span></span><span style="float:left;min-height:26px"><span class="col statcol"><em>HP</em><br />255</span> <span class="col statcol"><em>Atk</em><br />10</span> <span class="col statcol"><em>Def</em><br />10</span> <span class="col statcol"><em>SpA</em><br />75</span> <span class="col statcol"><em>SpD</em><br />135</span> <span class="col statcol"><em>Spe</em><br />55</span> <span class="col bstcol"><em>BST<br />540</em></span> </span></li><li style="clear:both"></li></ul></div>
|c|☆KingNothing_32|/raw <font size="1"><font color="#686868">Dex#:</font> 242&nbsp;|&ThickSpace;<font color="#686868">Gen:</font> 2&nbsp;|&ThickSpace;<font color="#686868">Height:</font> 1.5 m&nbsp;|&ThickSpace;<font color="#686868">Weight:</font> 46.8 kg <em>(60 BP)</em>&nbsp;|&ThickSpace;<font color="#686868">Dex Colour:</font> Pink&nbsp;|&ThickSpace;<font color="#686868">Egg Group(s):</font> Fairy&nbsp;|&ThickSpace;<font color="#686868">Pre-Evolution:</font> Chansey&nbsp;|&ThickSpace;<font color="#686868">Does Not Evolve</font></font>

|
|t:|1779575041
|switch|p1a: In The Name of God|Barraskewda, M, shiny|100/100|[from] U-turn
|-damage|p1a: In The Name of God|88/100|[from] Stealth Rock
|
|-weather|RainDance|[upkeep]
|upkeep
|turn|14
|
|t:|1779575047
|-terastallize|p1a: In The Name of God|Water
|move|p1a: In The Name of God|Liquidation|p2a: Blissey
|-damage|p2a: Blissey|0 fnt
|faint|p2a: Blissey
|
|-weather|RainDance|[upkeep]
|upkeep
|
|t:|1779575050
|switch|p2a: Ogerpon|Ogerpon, F|100/100
|turn|15
|
|t:|1779575058
|switch|p1a: bbygrl|Hatterene, F|100/100
|-damage|p1a: bbygrl|88/100|[from] Stealth Rock
|move|p2a: Ogerpon|Ivy Cudgel|p1a: bbygrl
|-damage|p1a: bbygrl|42/100
|-enditem|p1a: bbygrl|Eject Button
|
|t:|1779575065
|switch|p1a: Freak'd Out|Zapdos|100/100
|-damage|p1a: Freak'd Out|76/100|[from] Stealth Rock
|
|-weather|RainDance|[upkeep]
|upkeep
|turn|16
|
|t:|1779575068
|move|p2a: Ogerpon|Ivy Cudgel|p1a: Freak'd Out
|-resisted|p1a: Freak'd Out
|-damage|p1a: Freak'd Out|44/100
|move|p1a: Freak'd Out|Hurricane|p2a: Ogerpon
|-supereffective|p2a: Ogerpon
|-damage|p2a: Ogerpon|0 fnt
|faint|p2a: Ogerpon
|
|-weather|RainDance|[upkeep]
|upkeep
|
|t:|1779575071
|switch|p2a: Gliscor|Gliscor, F|100/100 tox
|-damage|p2a: Gliscor|88/100 tox|[from] Stealth Rock
|turn|17
|c|☆KingNothing_32|!dt pecharunt
|c|☆KingNothing_32|/raw <div class="message"><ul class="utilichart"><li class="result"><span class="col numcol">OU</span> <span class="col iconcol"><psicon pokemon="pecharunt"/></span> <span class="col pokemonnamecol" style="white-space:nowrap"><a href="https://dex.pokemonshowdown.com/pokemon/pecharunt" target="_blank">Pecharunt</a></span> <span class="col typecol"><img src="https://play.pokemonshowdown.com/sprites/types/Poison.png" alt="Poison" height="14" width="32"><img src="https://play.pokemonshowdown.com/sprites/types/Ghost.png" alt="Ghost" height="14" width="32"></span> <span style="float:left;min-height:26px"><span class="col abilitycol">Poison Puppeteer</span><span class="col abilitycol"></span></span><span style="float:left;min-height:26px"><span class="col statcol"><em>HP</em><br />88</span> <span class="col statcol"><em>Atk</em><br />88</span> <span class="col statcol"><em>Def</em><br />160</span> <span class="col statcol"><em>SpA</em><br />88</span> <span class="col statcol"><em>SpD</em><br />88</span> <span class="col statcol"><em>Spe</em><br />88</span> <span class="col bstcol"><em>BST<br />600</em></span> </span></li><li style="clear:both"></li></ul></div>
|c|☆KingNothing_32|/raw <font size="1"><font color="#686868">Dex#:</font> 1025&nbsp;|&ThickSpace;<font color="#686868">Gen:</font> 9&nbsp;|&ThickSpace;<font color="#686868">Height:</font> 0.3 m&nbsp;|&ThickSpace;<font color="#686868">Weight:</font> 0.3 kg <em>(20 BP)</em>&nbsp;|&ThickSpace;<font color="#686868">Dex Colour:</font> Purple&nbsp;|&ThickSpace;<font color="#686868">Egg Group(s):</font> Undiscovered&nbsp;|&ThickSpace;<font color="#686868">Does Not Evolve</font></font>

|
|t:|1779575100
|switch|p1a: bbygrl|Hatterene, F|42/100
|-damage|p1a: bbygrl|30/100|[from] Stealth Rock
|move|p2a: Gliscor|Protect||[still]
|-fail|p2a: Gliscor
|
|-weather|RainDance|[upkeep]
|-heal|p2a: Gliscor|100/100 tox|[from] ability: Poison Heal
|upkeep
|turn|18
|
|t:|1779575108
|move|p2a: Gliscor|Earthquake|p1a: bbygrl
|-damage|p1a: bbygrl|0 fnt
|faint|p1a: bbygrl
|
|-weather|RainDance|[upkeep]
|upkeep
|
|t:|1779575118
|switch|p1a: labomba|Iron Treads|18/100
|-damage|p1a: labomba|15/100|[from] Stealth Rock
|turn|19
|
|t:|1779575121
|-terastallize|p2a: Gliscor|Ghost
|move|p1a: labomba|Rapid Spin|p2a: Gliscor
|-immune|p2a: Gliscor
|move|p2a: Gliscor|Earthquake|p1a: labomba
|-supereffective|p1a: labomba
|-damage|p1a: labomba|0 fnt
|faint|p1a: labomba
|-end|p1a: labomba|Quark Drive|[silent]
|
|-weather|none
|upkeep
|
|t:|1779575126
|switch|p1a: the taste of water|Pelipper, F|70/100
|-damage|p1a: the taste of water|45/100|[from] Stealth Rock
|-weather|RainDance|[from] ability: Drizzle|[of] p1a: the taste of water
|turn|20
|
|t:|1779575134
|move|p2a: Gliscor|Toxic|p1a: the taste of water
|-status|p1a: the taste of water|tox
|move|p1a: the taste of water|Hurricane|p2a: Gliscor
|-damage|p2a: Gliscor|70/100 tox
|
|-weather|RainDance|[upkeep]
|-heal|p2a: Gliscor|82/100 tox|[from] ability: Poison Heal
|-damage|p1a: the taste of water|39/100 tox|[from] psn
|upkeep
|turn|21
|
|t:|1779575140
|move|p2a: Gliscor|Protect|p2a: Gliscor
|-singleturn|p2a: Gliscor|Protect
|move|p1a: the taste of water|Hurricane|p2a: Gliscor
|-activate|p2a: Gliscor|move: Protect
|
|-weather|RainDance|[upkeep]
|-heal|p2a: Gliscor|95/100 tox|[from] ability: Poison Heal
|-damage|p1a: the taste of water|26/100 tox|[from] psn
|upkeep
|turn|22
|
|t:|1779575144
|move|p2a: Gliscor|Spikes|p1a: the taste of water
|-sidestart|p1: KingNothing_32|Spikes
|move|p1a: the taste of water|Hurricane|p2a: Gliscor
|-damage|p2a: Gliscor|66/100 tox
|-start|p2a: Gliscor|confusion
|
|-weather|RainDance|[upkeep]
|-heal|p2a: Gliscor|78/100 tox|[from] ability: Poison Heal
|-damage|p1a: the taste of water|8/100 tox|[from] psn
|upkeep
|turn|23
|
|t:|1779575150
|-activate|p2a: Gliscor|confusion
|move|p2a: Gliscor|Protect|p2a: Gliscor
|-singleturn|p2a: Gliscor|Protect
|move|p1a: the taste of water|Hurricane|p2a: Gliscor
|-activate|p2a: Gliscor|move: Protect
|
|-weather|RainDance|[upkeep]
|-heal|p2a: Gliscor|91/100 tox|[from] ability: Poison Heal
|-damage|p1a: the taste of water|0 fnt|[from] psn
|faint|p1a: the taste of water
|upkeep
|
|t:|1779575161
|switch|p1a: In The Name of God|Barraskewda, M, shiny, tera:Water|88/100
|-damage|p1a: In The Name of God|76/100|[from] Stealth Rock
|-damage|p1a: In The Name of God|64/100|[from] Spikes
|turn|24
|
|t:|1779575167
|move|p1a: In The Name of God|Liquidation|p2a: Gliscor
|-damage|p2a: Gliscor|0 fnt
|faint|p2a: Gliscor
|
|-weather|RainDance|[upkeep]
|upkeep
|
|t:|1779575172
|switch|p2a: Pecharunt|Pecharunt|100/100
|turn|25
|
|t:|1779575180
|move|p1a: In The Name of God|Liquidation|p2a: Pecharunt
|-damage|p2a: Pecharunt|37/100
|move|p2a: Pecharunt|Malignant Chain|p1a: In The Name of God
|-crit|p1a: In The Name of God
|-damage|p1a: In The Name of God|0 fnt
|faint|p1a: In The Name of God
|
|-weather|RainDance|[upkeep]
|upkeep
|
|t:|1779575186
|switch|p1a: Freak'd Out|Zapdos|44/100
|-damage|p1a: Freak'd Out|19/100|[from] Stealth Rock
|turn|26
|
|t:|1779575191
|move|p1a: Freak'd Out|Thunder|p2a: Pecharunt
|-damage|p2a: Pecharunt|0 fnt
|faint|p2a: Pecharunt
|
|-weather|RainDance|[upkeep]
|upkeep
|
|t:|1779575198
|switch|p2a: Corviknight|Corviknight, F|100/100
|-ability|p2a: Corviknight|Pressure
|turn|27
|
|t:|1779575205
|move|p1a: Freak'd Out|Thunder|p2a: Corviknight
|-supereffective|p2a: Corviknight
|-damage|p2a: Corviknight|0 fnt
|faint|p2a: Corviknight
|
|win|KingNothing_32
|raw|KingNothing_32's rating: 1144 &rarr; <strong>1172</strong><br />(+28 for winning)
|raw|claudechamp's rating: 1183 &rarr; <strong>1155</strong><br />(-28 for losing)
|c|☆claudechamp|gg
|c|☆KingNothing_32|gg
