|j|☆ancientatom1
|j|☆backw1thm1lk
|t:|1779613773
|gametype|singles
|player|p1|ancientatom1|265|1533
|player|p2|backw1thm1lk|101|1489
|gen|9
|tier|[Gen 9] OU
|rated|
|rule|HP Percentage Mod: HP is shown in percentages
|rule|Endless Battle Clause: Forcing endless battles is banned
|rule|Species Clause: Limit one of each Pokémon
|rule|OHKO Clause: OHKO moves are banned
|rule|Evasion Items Clause: Evasion items are banned
|rule|Evasion Moves Clause: Evasion moves are banned
|rule|Evasion Abilities Clause: Evasion abilities are banned
|rule|Sleep Moves Clause: Sleep-inducing moves are banned
|clearpoke
|poke|p1|Iron Moth|
|poke|p1|Gliscor, M|
|poke|p1|Hatterene, F|
|poke|p1|Ogerpon-Wellspring, F|
|poke|p1|Raging Bolt|
|poke|p1|Zamazenta-*|
|poke|p2|Araquanid, M|
|poke|p2|Kingambit, F|
|poke|p2|Dragalge, M|
|poke|p2|Cinderace, M|
|poke|p2|Serperior, F|
|poke|p2|Sandy Shocks|
|teampreview
|inactive|Battle timer is ON: inactive players will automatically lose when time's up. (requested by ancientatom1)
|
|t:|1779613793
|teamsize|p1|6
|teamsize|p2|6
|start
|switch|p1a: Carbuncle8Itself|Ogerpon-Wellspring, F|100/100
|switch|p2a: Dragalge|Dragalge, M|100/100
|turn|1
|
|t:|1779613801
|switch|p1a: ILuvSippinPiss|Gliscor, M|100/100
|move|p2a: Dragalge|Sludge Bomb|p1a: ILuvSippinPiss
|-resisted|p1a: ILuvSippinPiss
|-damage|p1a: ILuvSippinPiss|62/100
|
|-status|p1a: ILuvSippinPiss|tox|[from] item: Toxic Orb
|upkeep
|turn|2
|
|t:|1779613810
|move|p1a: ILuvSippinPiss|Agility|p1a: ILuvSippinPiss
|-boost|p1a: ILuvSippinPiss|spe|2
|move|p2a: Dragalge|Hydro Pump|p1a: ILuvSippinPiss
|-supereffective|p1a: ILuvSippinPiss
|-damage|p1a: ILuvSippinPiss|0 fnt
|faint|p1a: ILuvSippinPiss
|
|upkeep
|
|t:|1779613816
|switch|p1a: Big Zam|Zamazenta|100/100
|-ability|p1a: Big Zam|Dauntless Shield|boost
|-boost|p1a: Big Zam|def|1
|turn|3
|
|t:|1779613821
|move|p1a: Big Zam|Light Screen|p1a: Big Zam
|-sidestart|p1: ancientatom1|move: Light Screen
|move|p2a: Dragalge|Sludge Bomb|p1a: Big Zam
|-damage|p1a: Big Zam|79/100
|-status|p1a: Big Zam|psn
|
|-damage|p1a: Big Zam|67/100 psn|[from] psn
|upkeep
|turn|4
|
|t:|1779613834
|move|p1a: Big Zam|Reflect|p1a: Big Zam
|-sidestart|p1: ancientatom1|Reflect
|move|p2a: Dragalge|Sludge Bomb|p1a: Big Zam
|-damage|p1a: Big Zam|46/100 psn
|
|-damage|p1a: Big Zam|33/100 psn|[from] psn
|upkeep
|turn|5
|
|t:|1779613842
|switch|p1a: Spoofy|Hatterene, F|100/100
|move|p2a: Dragalge|Sludge Bomb|p1a: Spoofy
|-supereffective|p1a: Spoofy
|-damage|p1a: Spoofy|41/100
|
|-heal|p1a: Spoofy|47/100|[from] item: Leftovers
|upkeep
|turn|6
|
|t:|1779613851
|move|p2a: Dragalge|Sludge Bomb|p1a: Spoofy
|-supereffective|p1a: Spoofy
|-damage|p1a: Spoofy|0 fnt
|faint|p1a: Spoofy
|
|upkeep
|
|t:|1779613855
|switch|p1a: Sh*tOnThePresident|Iron Moth|100/100
|-enditem|p1a: Sh*tOnThePresident|Booster Energy
|-activate|p1a: Sh*tOnThePresident|ability: Quark Drive|[fromitem]
|-start|p1a: Sh*tOnThePresident|quarkdrivespe
|turn|7
|
|t:|1779613863
|move|p1a: Sh*tOnThePresident|Fiery Dance|p2a: Dragalge
|-resisted|p2a: Dragalge
|-damage|p2a: Dragalge|89/100
|move|p2a: Dragalge|Hydro Pump|p1a: Sh*tOnThePresident
|-supereffective|p1a: Sh*tOnThePresident
|-damage|p1a: Sh*tOnThePresident|68/100
|
|upkeep
|turn|8
|
|t:|1779613869
|move|p1a: Sh*tOnThePresident|Fiery Dance|p2a: Dragalge
|-resisted|p2a: Dragalge
|-damage|p2a: Dragalge|77/100
|move|p2a: Dragalge|Hydro Pump|p1a: Sh*tOnThePresident|[miss]
|-miss|p2a: Dragalge|p1a: Sh*tOnThePresident
|
|upkeep
|turn|9
|
|t:|1779613875
|move|p1a: Sh*tOnThePresident|Fiery Dance|p2a: Dragalge
|-resisted|p2a: Dragalge
|-damage|p2a: Dragalge|66/100
|-boost|p1a: Sh*tOnThePresident|spa|1
|move|p2a: Dragalge|Hydro Pump|p1a: Sh*tOnThePresident
|-supereffective|p1a: Sh*tOnThePresident
|-damage|p1a: Sh*tOnThePresident|33/100
|
|upkeep
|turn|10
|
|t:|1779613886
|-terastallize|p1a: Sh*tOnThePresident|Ghost
|move|p1a: Sh*tOnThePresident|Fiery Dance|p2a: Dragalge
|-resisted|p2a: Dragalge
|-damage|p2a: Dragalge|48/100
|-boost|p1a: Sh*tOnThePresident|spa|1
|move|p2a: Dragalge|Hydro Pump|p1a: Sh*tOnThePresident
|-damage|p1a: Sh*tOnThePresident|17/100
|
|-sideend|p1: ancientatom1|move: Light Screen
|upkeep
|turn|11
|
|t:|1779613898
|move|p1a: Sh*tOnThePresident|Fiery Dance|p2a: Dragalge
|-resisted|p2a: Dragalge
|-damage|p2a: Dragalge|25/100
|move|p2a: Dragalge|Sludge Bomb|p1a: Sh*tOnThePresident
|-resisted|p1a: Sh*tOnThePresident
|-damage|p1a: Sh*tOnThePresident|0 fnt
|faint|p1a: Sh*tOnThePresident
|-end|p1a: Sh*tOnThePresident|Quark Drive|[silent]
|
|-sideend|p1: ancientatom1|Reflect
|upkeep
|-message|ancientatom1 forfeited.
|
|win|backw1thm1lk
|raw|ancientatom1's rating: 1533 &rarr; <strong>1510</strong><br />(-23 for losing)
|raw|backw1thm1lk's rating: 1489 &rarr; <strong>1512</strong><br />(+23 for winning)
|l|☆ancientatom1
|player|p1|
|l|☆backw1thm1lk
|player|p2|
