|j|☆Sam77200
|j|☆Shoulchaco
|t:|1779635423
|gametype|singles
|player|p1|Sam77200|266|1195
|player|p2|Shoulchaco|blackbelt-gen4dp|1145
|gen|9
|tier|[Gen 9] OU
|rated|
|rule|HP Percentage Mod: HP is shown in percentages
|rule|Endless Battle Clause: Forcing endless battles is banned
|rule|Species Clause: Limit one of each Pokémon
|rule|OHKO Clause: OHKO moves are banned
|rule|Evasion Items Clause: Evasion items are banned
|rule|Evasion Moves Clause: Evasion moves are banned
|rule|Evasion Abilities Clause: Evasion abilities are banned
|rule|Sleep Moves Clause: Sleep-inducing moves are banned
|clearpoke
|poke|p1|Torkoal, F|
|poke|p1|Great Tusk|
|poke|p1|Walking Wake|
|poke|p1|Gliscor, M|
|poke|p1|Ceruledge, F|
|poke|p1|Dragapult, F|
|poke|p2|Pelipper, M|
|poke|p2|Barraskewda, F|
|poke|p2|Iron Treads|
|poke|p2|Basculegion-F, F|
|poke|p2|Zapdos|
|poke|p2|Deoxys-Speed|
|teampreview
|c|☆Shoulchaco|Weather battle btw
|
|t:|1779635451
|teamsize|p1|6
|teamsize|p2|6
|start
|switch|p1a: Dragapult|Dragapult, F, shiny|100/100
|switch|p2a: Estoura But|Barraskewda, F, shiny|100/100
|turn|1
|inactive|Battle timer is ON: inactive players will automatically lose when time's up. (requested by Sam77200)
|inactiveoff|Battle timer is now OFF.
|
|t:|1779635463
|move|p1a: Dragapult|Draco Meteor|p2a: Estoura But
|-damage|p2a: Estoura But|0 fnt
|-unboost|p1a: Dragapult|spa|2
|faint|p2a: Estoura But
|-damage|p1a: Dragapult|91/100|[from] item: Life Orb
|
|upkeep
|
|t:|1779635475
|switch|p2a: Pirarucu 2|Basculegion-F, F|100/100
|turn|2
|
|t:|1779635482
|switch|p1a: Gliscor|Gliscor, M, shiny|100/100
|switch|p2a: Pepino|Pelipper, M, shiny|100/100
|-weather|RainDance|[from] ability: Drizzle|[of] p2a: Pepino
|
|-weather|RainDance|[upkeep]
|-status|p1a: Gliscor|tox|[from] item: Toxic Orb
|upkeep
|turn|3
|
|t:|1779635492
|switch|p2a: Velocidade|Deoxys-Speed, shiny|100/100
|-ability|p2a: Velocidade|Pressure
|move|p1a: Gliscor|Knock Off|p2a: Velocidade
|-supereffective|p2a: Velocidade
|-damage|p2a: Velocidade|27/100
|-enditem|p2a: Velocidade|Focus Sash|[from] move: Knock Off|[of] p1a: Gliscor
|
|-weather|RainDance|[upkeep]
|upkeep
|turn|4
|
|t:|1779635502
|move|p2a: Velocidade|Taunt|p1a: Gliscor
|-start|p1a: Gliscor|move: Taunt
|move|p1a: Gliscor|Knock Off|p2a: Velocidade
|-supereffective|p2a: Velocidade
|-damage|p2a: Velocidade|0 fnt
|faint|p2a: Velocidade
|
|-weather|RainDance|[upkeep]
|upkeep
|
|t:|1779635511
|switch|p2a: Zelefante metal|Iron Treads, shiny|100/100
|-enditem|p2a: Zelefante metal|Booster Energy
|-activate|p2a: Zelefante metal|ability: Quark Drive|[fromitem]
|-start|p2a: Zelefante metal|quarkdrivespe
|turn|5
|
|t:|1779635518
|move|p2a: Zelefante metal|Ice Spinner|p1a: Gliscor
|-supereffective|p1a: Gliscor
|-damage|p1a: Gliscor|29/100 tox
|move|p1a: Gliscor|Earthquake|p2a: Zelefante metal
|-supereffective|p2a: Zelefante metal
|-damage|p2a: Zelefante metal|35/100
|
|-weather|RainDance|[upkeep]
|-heal|p1a: Gliscor|42/100 tox|[from] ability: Poison Heal
|upkeep
|turn|6
|
|t:|1779635529
|switch|p1a: Torkoal|Torkoal, F, shiny|100/100
|-weather|SunnyDay|[from] ability: Drought|[of] p1a: Torkoal
|move|p2a: Zelefante metal|Ice Spinner|p1a: Torkoal
|-resisted|p1a: Torkoal
|-damage|p1a: Torkoal|93/100
|
|-weather|SunnyDay|[upkeep]
|upkeep
|turn|7
|
|t:|1779635539
|move|p2a: Zelefante metal|Earthquake|p1a: Torkoal
|-supereffective|p1a: Torkoal
|-crit|p1a: Torkoal
|-damage|p1a: Torkoal|18/100
|move|p1a: Torkoal|Stealth Rock|p2a: Zelefante metal
|-sidestart|p2: Shoulchaco|move: Stealth Rock
|
|-weather|SunnyDay|[upkeep]
|upkeep
|turn|8
|
|t:|1779635548
|switch|p1a: Gliscor|Gliscor, M, shiny|42/100 tox
|move|p2a: Zelefante metal|Earthquake|p1a: Gliscor
|-immune|p1a: Gliscor
|
|-weather|SunnyDay|[upkeep]
|-heal|p1a: Gliscor|54/100 tox|[from] ability: Poison Heal
|upkeep
|turn|9
|
|t:|1779635557
|move|p1a: Gliscor|Protect|p1a: Gliscor
|-singleturn|p1a: Gliscor|Protect
|move|p2a: Zelefante metal|Rapid Spin|p1a: Gliscor
|-activate|p1a: Gliscor|move: Protect
|
|-weather|SunnyDay|[upkeep]
|-heal|p1a: Gliscor|67/100 tox|[from] ability: Poison Heal
|upkeep
|turn|10
|
|t:|1779635566
|move|p2a: Zelefante metal|Ice Spinner|p1a: Gliscor
|-supereffective|p1a: Gliscor
|-damage|p1a: Gliscor|2/100 tox
|move|p1a: Gliscor|Earthquake|p2a: Zelefante metal
|-supereffective|p2a: Zelefante metal
|-damage|p2a: Zelefante metal|0 fnt
|faint|p2a: Zelefante metal
|-end|p2a: Zelefante metal|Quark Drive|[silent]
|
|-weather|SunnyDay|[upkeep]
|-heal|p1a: Gliscor|15/100 tox|[from] ability: Poison Heal
|upkeep
|
|t:|1779635580
|switch|p2a: Pepino|Pelipper, M, shiny|100/100
|-damage|p2a: Pepino|76/100|[from] Stealth Rock
|-weather|RainDance|[from] ability: Drizzle|[of] p2a: Pepino
|turn|11
|
|t:|1779635587
|move|p1a: Gliscor|Knock Off|p2a: Pepino
|-damage|p2a: Pepino|55/100
|-enditem|p2a: Pepino|Damp Rock|[from] move: Knock Off|[of] p1a: Gliscor
|move|p2a: Pepino|Roost|p2a: Pepino
|-heal|p2a: Pepino|100/100
|-singleturn|p2a: Pepino|move: Roost
|
|-weather|RainDance|[upkeep]
|-heal|p1a: Gliscor|27/100 tox|[from] ability: Poison Heal
|upkeep
|turn|12
|
|t:|1779635598
|move|p1a: Gliscor|Protect|p1a: Gliscor
|-singleturn|p1a: Gliscor|Protect
|move|p2a: Pepino|Weather Ball|p1a: Gliscor
|-activate|p1a: Gliscor|move: Protect
|
|-weather|RainDance|[upkeep]
|-heal|p1a: Gliscor|39/100 tox|[from] ability: Poison Heal
|upkeep
|turn|13
|
|t:|1779635608
|switch|p1a: Walking Wake|Walking Wake|100/100
|move|p2a: Pepino|Hurricane|p1a: Walking Wake
|-damage|p1a: Walking Wake|56/100
|
|-weather|RainDance|[upkeep]
|upkeep
|turn|14
|
|t:|1779635619
|move|p1a: Walking Wake|Draco Meteor|p2a: Pepino
|-damage|p2a: Pepino|0 fnt
|-unboost|p1a: Walking Wake|spa|2
|faint|p2a: Pepino
|
|-weather|RainDance|[upkeep]
|upkeep
|
|t:|1779635626
|switch|p2a: Zap Zap|Zapdos, shiny|100/100
|-damage|p2a: Zap Zap|76/100|[from] Stealth Rock
|turn|15
|
|t:|1779635636
|-end|p1a: Walking Wake|Protosynthesis|[silent]
|switch|p1a: Gliscor|Gliscor, M, shiny|39/100 tox
|move|p2a: Zap Zap|Hurricane|p1a: Gliscor
|-damage|p1a: Gliscor|0 fnt
|faint|p1a: Gliscor
|
|-weather|RainDance|[upkeep]
|-heal|p2a: Zap Zap|82/100|[from] item: Leftovers
|upkeep
|
|t:|1779635646
|switch|p1a: Torkoal|Torkoal, F, shiny|18/100
|-weather|SunnyDay|[from] ability: Drought|[of] p1a: Torkoal
|turn|16
|
|t:|1779635656
|move|p2a: Zap Zap|Ancient Power|p1a: Torkoal
|-supereffective|p1a: Torkoal
|-damage|p1a: Torkoal|0 fnt
|faint|p1a: Torkoal
|
|-weather|SunnyDay|[upkeep]
|-heal|p2a: Zap Zap|88/100|[from] item: Leftovers
|upkeep
|
|t:|1779635666
|switch|p1a: Walking Wake|Walking Wake|56/100
|-activate|p1a: Walking Wake|ability: Protosynthesis
|-start|p1a: Walking Wake|protosynthesisspe
|turn|17
|
|t:|1779635671
|move|p1a: Walking Wake|Hydro Steam|p2a: Zap Zap
|-damage|p2a: Zap Zap|0 fnt
|faint|p2a: Zap Zap
|
|-weather|SunnyDay|[upkeep]
|upkeep
|
|t:|1779635677
|switch|p2a: Pirarucu 2|Basculegion-F, F|100/100
|-damage|p2a: Pirarucu 2|88/100|[from] Stealth Rock
|turn|18
|
|t:|1779635689
|-end|p1a: Walking Wake|Protosynthesis|[silent]
|switch|p1a: Great Tusk|Great Tusk|100/100
|-activate|p1a: Great Tusk|ability: Protosynthesis
|-start|p1a: Great Tusk|protosynthesisspe
|move|p2a: Pirarucu 2|Ice Beam|p1a: Great Tusk
|-supereffective|p1a: Great Tusk
|-damage|p1a: Great Tusk|0 fnt
|faint|p1a: Great Tusk
|-end|p1a: Great Tusk|Protosynthesis|[silent]
|
|-weather|SunnyDay|[upkeep]
|upkeep
|
|t:|1779635700
|switch|p1a: Dragapult|Dragapult, F, shiny|91/100
|turn|19
|
|t:|1779635704
|move|p1a: Dragapult|Shadow Ball|p2a: Pirarucu 2
|-supereffective|p2a: Pirarucu 2
|-damage|p2a: Pirarucu 2|0 fnt
|faint|p2a: Pirarucu 2
|-damage|p1a: Dragapult|81/100|[from] item: Life Orb
|
|win|Sam77200
|raw|Sam77200's rating: 1195 &rarr; <strong>1216</strong><br />(+21 for winning)
|raw|Shoulchaco's rating: 1145 &rarr; <strong>1124</strong><br />(-21 for losing)
|l|☆Shoulchaco
|player|p2|
|l|☆Sam77200
|player|p1|
