|j|☆fadingstrawberry
|j|☆iChamak
|t:|1779664603
|gametype|singles
|player|p1|fadingstrawberry|may-masters|1450
|player|p2|iChamak|169|1496
|gen|9
|tier|[Gen 9] OU
|rated|
|rule|HP Percentage Mod: HP is shown in percentages
|rule|Endless Battle Clause: Forcing endless battles is banned
|rule|Species Clause: Limit one of each Pokémon
|rule|OHKO Clause: OHKO moves are banned
|rule|Evasion Items Clause: Evasion items are banned
|rule|Evasion Moves Clause: Evasion moves are banned
|rule|Evasion Abilities Clause: Evasion abilities are banned
|rule|Sleep Moves Clause: Sleep-inducing moves are banned
|clearpoke
|poke|p1|Pelipper, M|
|poke|p1|Ludicolo, M|
|poke|p1|Iron Treads|
|poke|p1|Barraskewda, F|
|poke|p1|Basculegion-F, F|
|poke|p1|Overqwil, M|
|poke|p2|Kyurem|
|poke|p2|Cinderace, M|
|poke|p2|Tornadus-Therian, M|
|poke|p2|Hatterene, F|
|poke|p2|Great Tusk|
|poke|p2|Kingambit, F|
|teampreview
|inactive|Battle timer is ON: inactive players will automatically lose when time's up. (requested by iChamak)
|
|t:|1779664608
|teamsize|p1|6
|teamsize|p2|6
|start
|switch|p1a: Pelipper|Pelipper, M|100/100
|switch|p2a: Kyurem|Kyurem|100/100
|-ability|p2a: Kyurem|Pressure
|-weather|RainDance|[from] ability: Drizzle|[of] p1a: Pelipper
|turn|1
|
|t:|1779664615
|switch|p1a: Iron Treads|Iron Treads|100/100
|move|p2a: Kyurem|Freeze-Dry|p1a: Iron Treads
|-damage|p1a: Iron Treads|67/100
|
|-weather|RainDance|[upkeep]
|upkeep
|turn|2
|
|t:|1779664620
|switch|p2a: Tornadus|Tornadus-Therian, M|100/100
|move|p1a: Iron Treads|Iron Head|p2a: Tornadus
|-damage|p2a: Tornadus|65/100
|
|-weather|RainDance|[upkeep]
|upkeep
|turn|3
|
|t:|1779664625
|move|p2a: Tornadus|Knock Off|p1a: Iron Treads
|-damage|p1a: Iron Treads|51/100
|-enditem|p1a: Iron Treads|Assault Vest|[from] move: Knock Off|[of] p2a: Tornadus
|move|p1a: Iron Treads|Volt Switch|p2a: Tornadus
|-supereffective|p2a: Tornadus
|-damage|p2a: Tornadus|49/100
|
|t:|1779664633
|-end|p1a: Iron Treads|Quark Drive|[silent]
|switch|p1a: Ludicolo|Ludicolo, M|100/100|[from] Volt Switch
|
|-weather|RainDance|[upkeep]
|upkeep
|turn|4
|
|t:|1779664645
|switch|p2a: Kingambit|Kingambit, F|100/100
|move|p1a: Ludicolo|Hydro Pump|p2a: Kingambit
|-damage|p2a: Kingambit|11/100
|-damage|p1a: Ludicolo|91/100|[from] item: Life Orb
|
|-weather|RainDance|[upkeep]
|-heal|p2a: Kingambit|18/100|[from] item: Leftovers
|upkeep
|turn|5
|
|t:|1779664652
|move|p2a: Kingambit|Sucker Punch|p1a: Ludicolo
|-damage|p1a: Ludicolo|33/100
|move|p1a: Ludicolo|Giga Drain|p2a: Kingambit
|-resisted|p2a: Kingambit
|-damage|p2a: Kingambit|0 fnt
|-heal|p1a: Ludicolo|44/100|[from] drain|[of] p2a: Kingambit
|faint|p2a: Kingambit
|-end|p2a: Kingambit|fallenundefined|[silent]
|-damage|p1a: Ludicolo|34/100|[from] item: Life Orb
|
|-weather|RainDance|[upkeep]
|upkeep
|
|t:|1779664660
|switch|p2a: Tornadus|Tornadus-Therian, M|82/100
|turn|6
|
|t:|1779664665
|move|p1a: Ludicolo|Hydro Pump|p2a: Tornadus|[miss]
|-miss|p1a: Ludicolo|p2a: Tornadus
|move|p2a: Tornadus|U-turn|p1a: Ludicolo
|-supereffective|p1a: Ludicolo
|-damage|p1a: Ludicolo|0 fnt
|faint|p1a: Ludicolo
|
|t:|1779664671
|switch|p2a: Hatterene|Hatterene, F|100/100|[from] U-turn
|
|-weather|RainDance|[upkeep]
|upkeep
|
|t:|1779664676
|switch|p1a: Overqwil|Overqwil, M|100/100
|turn|7
|
|t:|1779664682
|switch|p2a: Great Tusk|Great Tusk|100/100
|move|p1a: Overqwil|Swords Dance|p1a: Overqwil
|-boost|p1a: Overqwil|atk|2
|
|-weather|RainDance|[upkeep]
|upkeep
|turn|8
|
|t:|1779664692
|-terastallize|p2a: Great Tusk|Dragon
|move|p1a: Overqwil|Liquidation|p2a: Great Tusk
|-resisted|p2a: Great Tusk
|-damage|p2a: Great Tusk|69/100
|-damage|p1a: Overqwil|84/100|[from] item: Rocky Helmet|[of] p2a: Great Tusk
|-damage|p1a: Overqwil|74/100|[from] item: Life Orb
|move|p2a: Great Tusk|Headlong Rush|p1a: Overqwil
|-supereffective|p1a: Overqwil
|-damage|p1a: Overqwil|0 fnt
|-unboost|p2a: Great Tusk|def|1
|-unboost|p2a: Great Tusk|spd|1
|faint|p1a: Overqwil
|
|-weather|none
|upkeep
|
|t:|1779664698
|switch|p1a: Pelipper|Pelipper, M|100/100
|-weather|RainDance|[from] ability: Drizzle|[of] p1a: Pelipper
|turn|9
|
|t:|1779664703
|move|p2a: Great Tusk|Stealth Rock|p1a: Pelipper
|-sidestart|p1: fadingstrawberry|move: Stealth Rock
|move|p1a: Pelipper|U-turn|p2a: Great Tusk
|-damage|p2a: Great Tusk|60/100
|-damage|p1a: Pelipper|84/100|[from] item: Rocky Helmet|[of] p2a: Great Tusk
|
|t:|1779664713
|switch|p1a: Basculegion|Basculegion-F, F|100/100|[from] U-turn
|-damage|p1a: Basculegion|88/100|[from] Stealth Rock
|
|-weather|RainDance|[upkeep]
|upkeep
|turn|10
|
|t:|1779664719
|-end|p2a: Great Tusk|Protosynthesis|[silent]
|switch|p2a: Tornadus|Tornadus-Therian, M|100/100
|move|p1a: Basculegion|Shadow Ball|p2a: Tornadus
|-damage|p2a: Tornadus|68/100
|-damage|p1a: Basculegion|78/100|[from] item: Life Orb
|
|-weather|RainDance|[upkeep]
|upkeep
|turn|11
|
|t:|1779664724
|move|p1a: Basculegion|Ice Beam|p2a: Tornadus
|-supereffective|p2a: Tornadus
|-damage|p2a: Tornadus|18/100
|-damage|p1a: Basculegion|68/100|[from] item: Life Orb
|move|p2a: Tornadus|Knock Off|p1a: Basculegion
|-supereffective|p1a: Basculegion
|-damage|p1a: Basculegion|16/100
|-enditem|p1a: Basculegion|Life Orb|[from] move: Knock Off|[of] p2a: Tornadus
|
|-weather|RainDance|[upkeep]
|upkeep
|turn|12
|
|t:|1779664733
|switch|p2a: Cinderace|Cinderace, M|100/100
|move|p1a: Basculegion|Surf|p2a: Cinderace
|-supereffective|p2a: Cinderace
|-damage|p2a: Cinderace|0 fnt
|faint|p2a: Cinderace
|
|-weather|RainDance|[upkeep]
|upkeep
|
|t:|1779664740
|switch|p2a: Tornadus|Tornadus-Therian, M|52/100
|turn|13
|
|t:|1779664747
|switch|p2a: Kyurem|Kyurem|100/100
|-ability|p2a: Kyurem|Pressure
|move|p1a: Basculegion|Ice Beam|p2a: Kyurem
|-damage|p2a: Kyurem|74/100
|
|-weather|RainDance|[upkeep]
|upkeep
|turn|14
|
|t:|1779664751
|move|p1a: Basculegion|Shadow Ball|p2a: Kyurem
|-damage|p2a: Kyurem|40/100
|move|p2a: Kyurem|Freeze-Dry|p1a: Basculegion
|-supereffective|p1a: Basculegion
|-damage|p1a: Basculegion|0 fnt
|faint|p1a: Basculegion
|
|-weather|RainDance|[upkeep]
|upkeep
|
|t:|1779664755
|switch|p1a: Barraskewda|Barraskewda, F|100/100
|-damage|p1a: Barraskewda|88/100|[from] Stealth Rock
|turn|15
|
|t:|1779664766
|switch|p2a: Great Tusk|Great Tusk, tera:Dragon|60/100
|move|p1a: Barraskewda|Close Combat|p2a: Great Tusk
|-damage|p2a: Great Tusk|20/100
|-unboost|p1a: Barraskewda|def|1
|-unboost|p1a: Barraskewda|spd|1
|-damage|p1a: Barraskewda|72/100|[from] item: Rocky Helmet|[of] p2a: Great Tusk
|
|-weather|RainDance|[upkeep]
|upkeep
|turn|16
|
|t:|1779664775
|-end|p2a: Great Tusk|Protosynthesis|[silent]
|switch|p2a: Tornadus|Tornadus-Therian, M|85/100
|move|p1a: Barraskewda|Close Combat|p2a: Tornadus
|-resisted|p2a: Tornadus
|-damage|p2a: Tornadus|49/100
|-unboost|p1a: Barraskewda|def|1
|-unboost|p1a: Barraskewda|spd|1
|
|-weather|none
|upkeep
|turn|17
|
|t:|1779664781
|switch|p1a: Pelipper|Pelipper, M|84/100
|-damage|p1a: Pelipper|59/100|[from] Stealth Rock
|-weather|RainDance|[from] ability: Drizzle|[of] p1a: Pelipper
|move|p2a: Tornadus|Heat Wave|p1a: Pelipper
|-resisted|p1a: Pelipper
|-damage|p1a: Pelipper|51/100
|
|-weather|RainDance|[upkeep]
|upkeep
|turn|18
|
|t:|1779664784
|move|p2a: Tornadus|Bleakwind Storm|p1a: Pelipper
|-crit|p1a: Pelipper
|-damage|p1a: Pelipper|0 fnt
|faint|p1a: Pelipper
|
|-weather|RainDance|[upkeep]
|upkeep
|
|t:|1779664789
|switch|p1a: Iron Treads|Iron Treads|51/100
|-damage|p1a: Iron Treads|48/100|[from] Stealth Rock
|turn|19
|
|t:|1779664799
|move|p2a: Tornadus|U-turn|p1a: Iron Treads
|-resisted|p1a: Iron Treads
|-damage|p1a: Iron Treads|42/100
|
|t:|1779664801
|switch|p2a: Great Tusk|Great Tusk, tera:Dragon|20/100|[from] U-turn
|move|p1a: Iron Treads|Rapid Spin|p2a: Great Tusk
|-damage|p2a: Great Tusk|12/100
|-boost|p1a: Iron Treads|spe|1
|-damage|p1a: Iron Treads|25/100|[from] item: Rocky Helmet|[of] p2a: Great Tusk
|-sideend|p1: fadingstrawberry|Stealth Rock|[from] move: Rapid Spin|[of] p1a: Iron Treads
|
|-weather|RainDance|[upkeep]
|upkeep
|turn|20
|
|t:|1779664806
|-end|p2a: Great Tusk|Protosynthesis|[silent]
|switch|p2a: Tornadus|Tornadus-Therian, M|82/100
|move|p1a: Iron Treads|Earthquake|p2a: Tornadus
|-immune|p2a: Tornadus
|
|-weather|RainDance|[upkeep]
|upkeep
|turn|21
|
|t:|1779664812
|move|p1a: Iron Treads|Volt Switch|p2a: Tornadus
|-supereffective|p2a: Tornadus
|-damage|p2a: Tornadus|68/100
|
|t:|1779664814
|-end|p1a: Iron Treads|Quark Drive|[silent]
|switch|p1a: Barraskewda|Barraskewda, F|72/100|[from] Volt Switch
|move|p2a: Tornadus|Heat Wave|p1a: Barraskewda
|-resisted|p1a: Barraskewda
|-damage|p1a: Barraskewda|58/100
|
|-weather|RainDance|[upkeep]
|upkeep
|turn|22
|
|t:|1779664820
|switch|p2a: Great Tusk|Great Tusk, tera:Dragon|12/100
|-terastallize|p1a: Barraskewda|Water
|move|p1a: Barraskewda|Liquidation|p2a: Great Tusk
|-resisted|p2a: Great Tusk
|-damage|p2a: Great Tusk|0 fnt
|-damage|p1a: Barraskewda|42/100|[from] item: Rocky Helmet|[of] p2a: Great Tusk
|faint|p2a: Great Tusk
|-end|p2a: Great Tusk|Protosynthesis|[silent]
|
|-weather|RainDance|[upkeep]
|upkeep
|
|t:|1779664829
|switch|p2a: Hatterene|Hatterene, F|100/100
|turn|23
|
|t:|1779664846
|move|p1a: Barraskewda|Liquidation|p2a: Hatterene
|-damage|p2a: Hatterene|0 fnt
|faint|p2a: Hatterene
|
|-weather|RainDance|[upkeep]
|upkeep
|
|t:|1779664849
|switch|p2a: Kyurem|Kyurem|40/100
|-ability|p2a: Kyurem|Pressure
|turn|24
|
|t:|1779664851
|move|p1a: Barraskewda|Liquidation|p2a: Kyurem
|-resisted|p2a: Kyurem
|-damage|p2a: Kyurem|0 fnt
|faint|p2a: Kyurem
|
|-weather|none
|upkeep
|
|t:|1779664853
|switch|p2a: Tornadus|Tornadus-Therian, M|100/100
|turn|25
|
|t:|1779664855
|move|p1a: Barraskewda|Liquidation|p2a: Tornadus
|-damage|p2a: Tornadus|0 fnt
|faint|p2a: Tornadus
|
|win|fadingstrawberry
|raw|fadingstrawberry's rating: 1450 &rarr; <strong>1473</strong><br />(+23 for winning)
|raw|iChamak's rating: 1496 &rarr; <strong>1473</strong><br />(-23 for losing)
|l|☆iChamak
|player|p2|
