|j|☆8i9o0po
|j|☆AkioKira
|t:|1779634909
|gametype|singles
|player|p1|8i9o0po|102|1149
|player|p2|AkioKira|miku-ground|1154
|gen|9
|tier|[Gen 9] OU
|rated|
|rule|HP Percentage Mod: HP is shown in percentages
|rule|Endless Battle Clause: Forcing endless battles is banned
|rule|Species Clause: Limit one of each Pokémon
|rule|OHKO Clause: OHKO moves are banned
|rule|Evasion Items Clause: Evasion items are banned
|rule|Evasion Moves Clause: Evasion moves are banned
|rule|Evasion Abilities Clause: Evasion abilities are banned
|rule|Sleep Moves Clause: Sleep-inducing moves are banned
|clearpoke
|poke|p1|Pecharunt|
|poke|p1|Corviknight, M|
|poke|p1|Meowscarada, F|
|poke|p1|Raging Bolt|
|poke|p1|Heatran, F|
|poke|p1|Galvantula, F|
|poke|p2|Wattrel, F|
|poke|p2|Pelipper, F|
|poke|p2|Barraskewda, F|
|poke|p2|Overqwil, M|
|poke|p2|Kingambit, M|
|poke|p2|Raging Bolt|
|teampreview
|
|t:|1779634926
|teamsize|p1|6
|teamsize|p2|6
|start
|switch|p1a: Galvantula|Galvantula, F|100/100
|switch|p2a: Wattrel|Wattrel, F|100/100
|turn|1
|inactive|Battle timer is ON: inactive players will automatically lose when time's up. (requested by 8i9o0po)
|
|t:|1779634943
|move|p1a: Galvantula|Sticky Web|p2a: Wattrel
|-sidestart|p2: AkioKira|move: Sticky Web
|move|p2a: Wattrel|Tailwind|p2a: Wattrel
|-sidestart|p2: AkioKira|move: Tailwind
|-start|p2a: Wattrel|Charge|Tailwind|[from] ability: Wind Power
|
|upkeep
|turn|2
|
|t:|1779634953
|move|p2a: Wattrel|Hurricane|p1a: Galvantula
|-damage|p1a: Galvantula|42/100
|-start|p1a: Galvantula|confusion
|-activate|p1a: Galvantula|confusion
|move|p1a: Galvantula|Infestation|p2a: Wattrel
|-resisted|p2a: Wattrel
|-damage|p2a: Wattrel|89/100
|-activate|p2a: Wattrel|move: Infestation|[of] p1a: Galvantula
|
|-damage|p2a: Wattrel|77/100|[from] move: Infestation|[partiallytrapped]
|upkeep
|turn|3
|
|t:|1779634976
|switch|p1a: Raging Bolt|Raging Bolt|100/100
|move|p2a: Wattrel|Hurricane|p1a: Raging Bolt
|-resisted|p1a: Raging Bolt
|-damage|p1a: Raging Bolt|87/100
|
|-end|p2a: Wattrel|Infestation|[partiallytrapped]|[silent]
|upkeep
|turn|4
|
|t:|1779635005
|switch|p2a: Overqwil|Overqwil, M|100/100
|-activate|p2a: Overqwil|move: Sticky Web
|-unboost|p2a: Overqwil|spe|1
|move|p1a: Raging Bolt|Calm Mind|p1a: Raging Bolt
|-boost|p1a: Raging Bolt|spa|1
|-boost|p1a: Raging Bolt|spd|1
|
|-sideend|p2: AkioKira|move: Tailwind
|upkeep
|turn|5
|inactive|AkioKira has 120 seconds left.
|
|t:|1779635047
|move|p1a: Raging Bolt|Thunderbolt|p2a: Overqwil
|-damage|p2a: Overqwil|0 fnt
|faint|p2a: Overqwil
|-damage|p1a: Raging Bolt|77/100|[from] item: Life Orb
|
|upkeep
|inactive|AkioKira has 90 seconds left.
|
|t:|1779635058
|switch|p2a: Pelipper|Pelipper, F|100/100
|-weather|RainDance|[from] ability: Drizzle|[of] p2a: Pelipper
|turn|6
|inactive|AkioKira has 90 seconds left.
|
|t:|1779635073
|move|p2a: Pelipper|Ice Beam|p1a: Raging Bolt
|-supereffective|p1a: Raging Bolt
|-damage|p1a: Raging Bolt|50/100
|move|p1a: Raging Bolt|Thunderbolt|p2a: Pelipper
|-supereffective|p2a: Pelipper
|-damage|p2a: Pelipper|0 fnt
|faint|p2a: Pelipper
|-damage|p1a: Raging Bolt|40/100|[from] item: Life Orb
|
|-weather|RainDance|[upkeep]
|upkeep
|
|t:|1779635089
|switch|p2a: Kingambit|Kingambit, M|100/100
|-activate|p2a: Kingambit|move: Sticky Web
|-unboost|p2a: Kingambit|spe|1
|-activate|p2a: Kingambit|ability: Supreme Overlord
|-start|p2a: Kingambit|fallen2|[silent]
|turn|7
|
|t:|1779635098
|move|p2a: Kingambit|Sucker Punch|p1a: Raging Bolt
|-damage|p1a: Raging Bolt|0 fnt
|faint|p1a: Raging Bolt
|-end|p1a: Raging Bolt|Protosynthesis|[silent]
|
|-weather|RainDance|[upkeep]
|upkeep
|
|t:|1779635107
|switch|p1a: Meowscarada|Meowscarada, F|100/100
|turn|8
|inactive|AkioKira has 90 seconds left.
|
|t:|1779635122
|-end|p2a: Kingambit|fallen2|[silent]
|switch|p2a: Wattrel|Wattrel, F|77/100
|-terastallize|p1a: Meowscarada|Fairy
|move|p1a: Meowscarada|Knock Off|p2a: Wattrel
|-damage|p2a: Wattrel|0 fnt
|-enditem|p2a: Wattrel|Focus Sash|[from] move: Knock Off|[of] p1a: Meowscarada
|faint|p2a: Wattrel
|
|-weather|RainDance|[upkeep]
|upkeep
|inactive|AkioKira has 60 seconds left.
|
|t:|1779635154
|switch|p2a: Kingambit|Kingambit, M|100/100
|-activate|p2a: Kingambit|move: Sticky Web
|-unboost|p2a: Kingambit|spe|1
|-activate|p2a: Kingambit|ability: Supreme Overlord
|-start|p2a: Kingambit|fallen3|[silent]
|turn|9
|inactive|AkioKira has 60 seconds left.
|
|t:|1779635170
|move|p1a: Meowscarada|Knock Off|p2a: Kingambit
|-resisted|p2a: Kingambit
|-damage|p2a: Kingambit|83/100
|-enditem|p2a: Kingambit|Leftovers|[from] move: Knock Off|[of] p1a: Meowscarada
|move|p2a: Kingambit|Iron Head|p1a: Meowscarada
|-supereffective|p1a: Meowscarada
|-damage|p1a: Meowscarada|0 fnt
|faint|p1a: Meowscarada
|
|-weather|RainDance|[upkeep]
|upkeep
|
|t:|1779635180
|switch|p1a: Heatran|Heatran, F|100/100
|turn|10
|inactive|AkioKira has 60 seconds left.
|
|t:|1779635197
|-terastallize|p2a: Kingambit|Dark
|move|p1a: Heatran|Earth Power|p2a: Kingambit
|-damage|p2a: Kingambit|50/100
|move|p2a: Kingambit|Swords Dance|p2a: Kingambit
|-boost|p2a: Kingambit|atk|2
|
|-weather|none
|upkeep
|turn|11
|
|t:|1779635213
|move|p2a: Kingambit|Sucker Punch|p1a: Heatran
|-damage|p1a: Heatran|0 fnt
|faint|p1a: Heatran
|
|upkeep
|
|t:|1779635219
|switch|p1a: Pecharunt|Pecharunt|100/100
|turn|12
|
|t:|1779635224
|move|p1a: Pecharunt|Malignant Chain|p2a: Kingambit
|-damage|p2a: Kingambit|19/100
|move|p2a: Kingambit|Kowtow Cleave|p1a: Pecharunt
|-supereffective|p1a: Pecharunt
|-damage|p1a: Pecharunt|0 fnt
|faint|p1a: Pecharunt
|
|upkeep
|
|t:|1779635232
|switch|p1a: Galvantula|Galvantula, F|42/100
|turn|13
|
|t:|1779635240
|move|p2a: Kingambit|Sucker Punch||[still]
|-fail|p2a: Kingambit
|move|p1a: Galvantula|Thunder Wave|p2a: Kingambit
|-status|p2a: Kingambit|par
|
|upkeep
|turn|14
|
|t:|1779635250
|move|p2a: Kingambit|Sucker Punch|p1a: Galvantula
|-damage|p1a: Galvantula|0 fnt
|faint|p1a: Galvantula
|
|upkeep
|
|t:|1779635255
|switch|p1a: Corviknight|Corviknight, M|100/100
|-ability|p1a: Corviknight|Pressure
|turn|15
|
|t:|1779635261
|move|p2a: Kingambit|Sucker Punch||[still]
|-fail|p2a: Kingambit
|move|p1a: Corviknight|Tailwind|p1a: Corviknight
|-sidestart|p1: 8i9o0po|move: Tailwind
|
|upkeep
|turn|16
|
|t:|1779635268
|cant|p2a: Kingambit|par
|move|p1a: Corviknight|Brave Bird|p2a: Kingambit
|-damage|p2a: Kingambit|0 fnt
|faint|p2a: Kingambit
|-end|p2a: Kingambit|fallen3|[silent]
|-damage|p1a: Corviknight|94/100|[from] Recoil
|
|upkeep
|
|t:|1779635285
|switch|p2a: Barraskewda|Barraskewda, F|100/100
|-activate|p2a: Barraskewda|move: Sticky Web
|-unboost|p2a: Barraskewda|spe|1
|turn|17
|
|t:|1779635290
|move|p1a: Corviknight|Brave Bird|p2a: Barraskewda
|-damage|p2a: Barraskewda|32/100
|-damage|p1a: Corviknight|79/100|[from] Recoil
|move|p2a: Barraskewda|Liquidation|p1a: Corviknight
|-damage|p1a: Corviknight|18/100
|-damage|p2a: Barraskewda|16/100|[from] item: Rocky Helmet|[of] p1a: Corviknight
|
|upkeep
|turn|18
|
|t:|1779635300
|move|p1a: Corviknight|Roost|p1a: Corviknight
|-heal|p1a: Corviknight|68/100
|-singleturn|p1a: Corviknight|move: Roost
|move|p2a: Barraskewda|Liquidation|p1a: Corviknight
|-damage|p1a: Corviknight|9/100
|-damage|p2a: Barraskewda|0 fnt|[from] item: Rocky Helmet|[of] p1a: Corviknight
|faint|p2a: Barraskewda
|
|-sideend|p1: 8i9o0po|move: Tailwind
|upkeep
|c|☆8i9o0po|国家
|
|t:|1779635323
|switch|p2a: Raging Bolt|Raging Bolt|100/100
|-activate|p2a: Raging Bolt|move: Sticky Web
|-unboost|p2a: Raging Bolt|spe|1
|-enditem|p2a: Raging Bolt|Booster Energy
|-activate|p2a: Raging Bolt|ability: Protosynthesis|[fromitem]
|-start|p2a: Raging Bolt|protosynthesisspa
|turn|19
|
|t:|1779635329
|move|p1a: Corviknight|Roost|p1a: Corviknight
|-heal|p1a: Corviknight|59/100
|-singleturn|p1a: Corviknight|move: Roost
|move|p2a: Raging Bolt|Thunder|p1a: Corviknight
|-damage|p1a: Corviknight|0 fnt
|faint|p1a: Corviknight
|
|win|AkioKira
|raw|8i9o0po's rating: 1149 &rarr; <strong>1124</strong><br />(-25 for losing)
|raw|AkioKira's rating: 1154 &rarr; <strong>1179</strong><br />(+25 for winning)
|l|☆8i9o0po
|player|p1|
