|j|☆Minnesotaaa
|j|☆xmati
|t:|1779717507
|gametype|singles
|player|p1|Minnesotaaa|blue|1204
|player|p2|xmati|1|1194
|gen|9
|tier|[Gen 9] OU
|rated|
|rule|HP Percentage Mod: HP is shown in percentages
|rule|Endless Battle Clause: Forcing endless battles is banned
|rule|Species Clause: Limit one of each Pokémon
|rule|OHKO Clause: OHKO moves are banned
|rule|Evasion Items Clause: Evasion items are banned
|rule|Evasion Moves Clause: Evasion moves are banned
|rule|Evasion Abilities Clause: Evasion abilities are banned
|rule|Sleep Moves Clause: Sleep-inducing moves are banned
|clearpoke
|poke|p1|Ribombee, M|
|poke|p1|Kingambit, F|
|poke|p1|Empoleon, M|
|poke|p1|Serperior, F|
|poke|p1|Milotic, M|
|poke|p1|Cinderace, F|
|poke|p2|Alomomola, M|
|poke|p2|Gogoat, M|
|poke|p2|Toxapex, F|
|poke|p2|Gliscor, M|
|poke|p2|Corviknight, M|
|poke|p2|Scovillain, F|
|teampreview
|inactive|Battle timer is ON: inactive players will automatically lose when time's up. (requested by Minnesotaaa)
|
|t:|1779717519
|teamsize|p1|6
|teamsize|p2|6
|start
|switch|p1a: Ribombee|Ribombee, M|100/100
|switch|p2a: Toxapex|Toxapex, F|100/100
|turn|1
|
|t:|1779717525
|move|p1a: Ribombee|Sticky Web|p2a: Toxapex
|-sidestart|p2: xmati|move: Sticky Web
|move|p2a: Toxapex|Toxic|p1a: Ribombee
|-status|p1a: Ribombee|tox
|
|-damage|p1a: Ribombee|94/100 tox|[from] psn
|upkeep
|turn|2
|
|t:|1779717546
|switch|p1a: Cinderace|Cinderace, F|100/100
|move|p2a: Toxapex|Chilling Water|p1a: Cinderace
|-supereffective|p1a: Cinderace
|-damage|p1a: Cinderace|68/100
|-unboost|p1a: Cinderace|atk|1
|
|upkeep
|turn|3
|
|t:|1779717554
|switch|p2a: Corviknight|Corviknight, M|100/100
|move|p1a: Cinderace|Court Change|p1a: Cinderace
|-start|p1a: Cinderace|typechange|Normal|[from] ability: Libero
|-swapsideconditions
|-activate|p1a: Cinderace|move: Court Change
|
|upkeep
|turn|4
|
|t:|1779717567
|move|p1a: Cinderace|Pyro Ball|p2a: Corviknight
|-supereffective|p2a: Corviknight
|-damage|p2a: Corviknight|58/100
|move|p2a: Corviknight|Iron Defense|p2a: Corviknight
|-boost|p2a: Corviknight|def|2
|
|-heal|p2a: Corviknight|64/100|[from] item: Leftovers
|upkeep
|turn|5
|
|t:|1779717575
|move|p1a: Cinderace|Pyro Ball|p2a: Corviknight
|-supereffective|p2a: Corviknight
|-damage|p2a: Corviknight|41/100
|move|p2a: Corviknight|Roost|p2a: Corviknight
|-heal|p2a: Corviknight|91/100
|-singleturn|p2a: Corviknight|move: Roost
|
|-heal|p2a: Corviknight|97/100|[from] item: Leftovers
|upkeep
|turn|6
|
|t:|1779717580
|switch|p1a: Milotic|Milotic, M|100/100
|-activate|p1a: Milotic|move: Sticky Web
|-unboost|p1a: Milotic|spe|1
|-ability|p1a: Milotic|Competitive|boost
|-boost|p1a: Milotic|spa|2
|move|p2a: Corviknight|Iron Defense|p2a: Corviknight
|-boost|p2a: Corviknight|def|2
|
|-heal|p2a: Corviknight|100/100|[from] item: Leftovers
|upkeep
|turn|7
|
|t:|1779717591
|move|p2a: Corviknight|Agility|p2a: Corviknight
|-boost|p2a: Corviknight|spe|2
|move|p1a: Milotic|Scald|p2a: Corviknight
|-damage|p2a: Corviknight|64/100
|-status|p2a: Corviknight|brn
|
|-heal|p2a: Corviknight|70/100 brn|[from] item: Leftovers
|-damage|p2a: Corviknight|64/100 brn|[from] brn
|upkeep
|turn|8
|
|t:|1779717602
|move|p2a: Corviknight|Agility|p2a: Corviknight
|-boost|p2a: Corviknight|spe|2
|move|p1a: Milotic|Scald|p2a: Corviknight
|-damage|p2a: Corviknight|28/100 brn
|
|-heal|p2a: Corviknight|34/100 brn|[from] item: Leftovers
|-damage|p2a: Corviknight|28/100 brn|[from] brn
|upkeep
|turn|9
|
|t:|1779717608
|move|p2a: Corviknight|Roost|p2a: Corviknight
|-heal|p2a: Corviknight|78/100 brn
|-singleturn|p2a: Corviknight|move: Roost
|move|p1a: Milotic|Scald|p2a: Corviknight
|-damage|p2a: Corviknight|39/100 brn
|
|-heal|p2a: Corviknight|45/100 brn|[from] item: Leftovers
|-damage|p2a: Corviknight|39/100 brn|[from] brn
|upkeep
|turn|10
|
|t:|1779717614
|move|p2a: Corviknight|Roost|p2a: Corviknight
|-heal|p2a: Corviknight|89/100 brn
|-singleturn|p2a: Corviknight|move: Roost
|move|p1a: Milotic|Scald|p2a: Corviknight
|-damage|p2a: Corviknight|52/100 brn
|
|-heal|p2a: Corviknight|58/100 brn|[from] item: Leftovers
|-damage|p2a: Corviknight|52/100 brn|[from] brn
|upkeep
|turn|11
|
|t:|1779717624
|switch|p1a: Ribombee|Ribombee, M|94/100 tox
|-activate|p1a: Ribombee|move: Sticky Web
|-unboost|p1a: Ribombee|spe|1
|move|p2a: Corviknight|Roost|p2a: Corviknight
|-heal|p2a: Corviknight|100/100 brn
|-singleturn|p2a: Corviknight|move: Roost
|
|-damage|p1a: Ribombee|88/100 tox|[from] psn
|-damage|p2a: Corviknight|94/100 brn|[from] brn
|upkeep
|turn|12
|
|t:|1779717632
|move|p2a: Corviknight|Iron Defense|p2a: Corviknight
|-boost|p2a: Corviknight|def|2
|move|p1a: Ribombee|Moonblast|p2a: Corviknight
|-resisted|p2a: Corviknight
|-damage|p2a: Corviknight|79/100 brn
|
|-heal|p2a: Corviknight|85/100 brn|[from] item: Leftovers
|-damage|p1a: Ribombee|76/100 tox|[from] psn
|-damage|p2a: Corviknight|79/100 brn|[from] brn
|upkeep
|turn|13
|
|t:|1779717638
|move|p2a: Corviknight|Agility|p2a: Corviknight
|-boost|p2a: Corviknight|spe|2
|move|p1a: Ribombee|Moonblast|p2a: Corviknight
|-resisted|p2a: Corviknight
|-damage|p2a: Corviknight|64/100 brn
|-ability|p2a: Corviknight|Mirror Armor
|-unboost|p1a: Ribombee|spa|1
|
|-heal|p2a: Corviknight|70/100 brn|[from] item: Leftovers
|-damage|p1a: Ribombee|58/100 tox|[from] psn
|-damage|p2a: Corviknight|64/100 brn|[from] brn
|upkeep
|turn|14
|
|t:|1779717642
|move|p2a: Corviknight|Power Trip|p1a: Ribombee
|-resisted|p1a: Ribombee
|-damage|p1a: Ribombee|33/100 tox
|move|p1a: Ribombee|Moonblast|p2a: Corviknight
|-resisted|p2a: Corviknight
|-damage|p2a: Corviknight|53/100 brn
|-ability|p2a: Corviknight|Mirror Armor
|-unboost|p1a: Ribombee|spa|1
|
|-heal|p2a: Corviknight|60/100 brn|[from] item: Leftovers
|-damage|p1a: Ribombee|8/100 tox|[from] psn
|-damage|p2a: Corviknight|53/100 brn|[from] brn
|upkeep
|turn|15
|
|t:|1779717653
|move|p2a: Corviknight|Power Trip|p1a: Ribombee
|-resisted|p1a: Ribombee
|-damage|p1a: Ribombee|0 fnt
|faint|p1a: Ribombee
|
|-heal|p2a: Corviknight|60/100 brn|[from] item: Leftovers
|-damage|p2a: Corviknight|53/100 brn|[from] brn
|upkeep
|inactive|Minnesotaaa has 120 seconds left.
|inactive|Minnesotaaa has 90 seconds left.
|
|t:|1779717711
|switch|p1a: Serperior|Serperior, F|100/100
|-activate|p1a: Serperior|move: Sticky Web
|-boost|p1a: Serperior|spe|1
|turn|16
|
|t:|1779717716
|move|p2a: Corviknight|Power Trip|p1a: Serperior
|-damage|p1a: Serperior|74/100
|move|p1a: Serperior|Leech Seed|p2a: Corviknight
|-start|p2a: Corviknight|move: Leech Seed
|
|-heal|p2a: Corviknight|60/100 brn|[from] item: Leftovers
|-heal|p1a: Serperior|80/100|[from] item: Leftovers
|-damage|p2a: Corviknight|47/100 brn|[from] Leech Seed|[of] p1a: Serperior
|-heal|p1a: Serperior|95/100|[silent]
|-damage|p2a: Corviknight|41/100 brn|[from] brn
|upkeep
|turn|17
|
|t:|1779717730
|switch|p2a: Gogoat|Gogoat, M|100/100
|switch|p1a: Milotic|Milotic, M|100/100
|-activate|p1a: Milotic|move: Sticky Web
|-unboost|p1a: Milotic|spe|1
|-ability|p1a: Milotic|Competitive|boost
|-boost|p1a: Milotic|spa|2
|
|upkeep
|turn|18
|
|t:|1779717747
|switch|p1a: Cinderace|Cinderace, F|68/100
|move|p2a: Gogoat|Horn Leech|p1a: Cinderace
|-resisted|p1a: Cinderace
|-damage|p1a: Cinderace|49/100
|
|upkeep
|turn|19
|
|t:|1779717755
|switch|p2a: Toxapex|Toxapex, F|100/100
|move|p1a: Cinderace|Pyro Ball|p2a: Toxapex
|-resisted|p2a: Toxapex
|-damage|p2a: Toxapex|82/100
|
|-heal|p2a: Toxapex|88/100|[from] item: Black Sludge
|upkeep
|turn|20
|
|t:|1779717767
|move|p1a: Cinderace|U-turn|p2a: Toxapex
|-start|p1a: Cinderace|typechange|Bug|[from] ability: Libero
|-resisted|p2a: Toxapex
|-damage|p2a: Toxapex|76/100
|
|t:|1779717777
|switch|p1a: Kingambit|Kingambit, F|100/100|[from] U-turn
|-activate|p1a: Kingambit|move: Sticky Web
|-unboost|p1a: Kingambit|spe|1
|-ability|p1a: Kingambit|Defiant|boost
|-boost|p1a: Kingambit|atk|2
|move|p2a: Toxapex|Toxic|p1a: Kingambit
|-immune|p1a: Kingambit
|
|-heal|p2a: Toxapex|82/100|[from] item: Black Sludge
|upkeep
|turn|21
|
|t:|1779717784
|move|p2a: Toxapex|Chilling Water|p1a: Kingambit
|-damage|p1a: Kingambit|90/100
|-unboost|p1a: Kingambit|atk|1
|-ability|p1a: Kingambit|Defiant|boost
|-boost|p1a: Kingambit|atk|2
|move|p1a: Kingambit|Kowtow Cleave|p2a: Toxapex
|-damage|p2a: Toxapex|0 fnt
|faint|p2a: Toxapex
|
|upkeep
|
|t:|1779717799
|switch|p2a: Gliscor|Gliscor, M|100/100
|turn|22
|
|t:|1779717817
|move|p1a: Kingambit|Sucker Punch||[still]
|-fail|p1a: Kingambit
|move|p2a: Gliscor|Substitute|p2a: Gliscor
|-start|p2a: Gliscor|Substitute
|-damage|p2a: Gliscor|76/100
|
|-status|p2a: Gliscor|tox|[from] item: Toxic Orb
|upkeep
|turn|23
|l|☆xmati
|inactive|xmati disconnected and has a minute to reconnect!
|player|p2|
|inactive|xmati has 30 seconds to reconnect!
|inactive|xmati has 20 seconds to reconnect!
|inactive|xmati has 15 seconds to reconnect!
|inactive|xmati has 10 seconds to reconnect!
|inactive|xmati has 5 seconds to reconnect!
|-message|xmati lost due to inactivity.
|
|win|Minnesotaaa
|raw|Minnesotaaa's rating: 1204 &rarr; <strong>1228</strong><br />(+24 for winning)
|raw|xmati's rating: 1194 &rarr; <strong>1170</strong><br />(-24 for losing)
|l|☆Minnesotaaa
|player|p1|
