|j|☆magicsalt
|j|☆abbynch
|t:|1779679465
|gametype|singles
|player|p1|magicsalt|clair|1204
|player|p2|abbynch|cynthia-gen4|1284
|gen|9
|tier|[Gen 9] OU
|rated|
|rule|HP Percentage Mod: HP is shown in percentages
|rule|Endless Battle Clause: Forcing endless battles is banned
|rule|Species Clause: Limit one of each Pokémon
|rule|OHKO Clause: OHKO moves are banned
|rule|Evasion Items Clause: Evasion items are banned
|rule|Evasion Moves Clause: Evasion moves are banned
|rule|Evasion Abilities Clause: Evasion abilities are banned
|rule|Sleep Moves Clause: Sleep-inducing moves are banned
|clearpoke
|poke|p1|Salazzle, F|
|poke|p1|Glimmora, M|
|poke|p1|Darkrai|
|poke|p1|Toxapex, F|
|poke|p1|Corviknight, F|
|poke|p1|Blissey, F|
|poke|p2|Gholdengo|
|poke|p2|Gliscor, F|
|poke|p2|Slither Wing|
|poke|p2|Ogerpon-Wellspring, F|
|poke|p2|Scizor, F|
|poke|p2|Iron Valiant|
|teampreview
|
|t:|1779679474
|teamsize|p1|6
|teamsize|p2|6
|start
|switch|p1a: A roc|Glimmora, M, shiny|100/100
|switch|p2a: Gliscor|Gliscor, F|100/100
|turn|1
|
|t:|1779679481
|move|p1a: A roc|Stealth Rock|p2a: Gliscor
|-sidestart|p2: abbynch|move: Stealth Rock
|move|p2a: Gliscor|Swords Dance|p2a: Gliscor
|-boost|p2a: Gliscor|atk|2
|
|-status|p2a: Gliscor|tox|[from] item: Toxic Orb
|upkeep
|turn|2
|
|t:|1779679493
|switch|p1a: Arkham birbby|Corviknight, F|100/100
|-ability|p1a: Arkham birbby|Unnerve
|move|p2a: Gliscor|Swords Dance|p2a: Gliscor
|-boost|p2a: Gliscor|atk|2
|
|upkeep
|turn|3
|
|t:|1779679508
|switch|p2a: Ogerpon|Ogerpon-Wellspring, F|100/100
|-damage|p2a: Ogerpon|88/100|[from] Stealth Rock
|move|p1a: Arkham birbby|Iron Defense|p1a: Arkham birbby
|-boost|p1a: Arkham birbby|def|2
|
|upkeep
|turn|4
|
|t:|1779679517
|move|p2a: Ogerpon|Knock Off|p1a: Arkham birbby
|-damage|p1a: Arkham birbby|84/100
|-enditem|p1a: Arkham birbby|Leftovers|[from] move: Knock Off|[of] p2a: Ogerpon
|move|p1a: Arkham birbby|Iron Defense|p1a: Arkham birbby
|-boost|p1a: Arkham birbby|def|2
|
|upkeep
|turn|5
|
|t:|1779679524
|move|p2a: Ogerpon|Ivy Cudgel|p1a: Arkham birbby|[anim] Ivy Cudgel Water
|-damage|p1a: Arkham birbby|68/100
|move|p1a: Arkham birbby|Iron Defense|p1a: Arkham birbby
|-boost|p1a: Arkham birbby|def|2
|
|upkeep
|turn|6
|
|t:|1779679529
|move|p2a: Ogerpon|Ivy Cudgel|p1a: Arkham birbby|[anim] Ivy Cudgel Water
|-crit|p1a: Arkham birbby
|-damage|p1a: Arkham birbby|1/100
|move|p1a: Arkham birbby|Body Press|p2a: Ogerpon
|-damage|p2a: Ogerpon|0 fnt
|faint|p2a: Ogerpon
|
|upkeep
|
|t:|1779679542
|switch|p2a: Scizor|Scizor, F|100/100
|-damage|p2a: Scizor|88/100|[from] Stealth Rock
|turn|7
|
|t:|1779679562
|switch|p1a: Spikey thingy|Toxapex, F|100/100
|move|p2a: Scizor|Bullet Punch|p1a: Spikey thingy
|-resisted|p1a: Spikey thingy
|-damage|p1a: Spikey thingy|92/100
|
|-heal|p2a: Scizor|94/100|[from] item: Leftovers
|-heal|p1a: Spikey thingy|98/100|[from] item: Leftovers
|upkeep
|turn|8
|
|t:|1779679571
|move|p2a: Scizor|Knock Off|p1a: Spikey thingy
|-damage|p1a: Spikey thingy|80/100
|-enditem|p1a: Spikey thingy|Leftovers|[from] move: Knock Off|[of] p2a: Scizor
|move|p1a: Spikey thingy|Infestation|p2a: Scizor
|-resisted|p2a: Scizor
|-damage|p2a: Scizor|93/100
|-activate|p2a: Scizor|move: Infestation|[of] p1a: Spikey thingy
|
|-heal|p2a: Scizor|99/100|[from] item: Leftovers
|-damage|p2a: Scizor|86/100|[from] move: Infestation|[partiallytrapped]
|upkeep
|turn|9
|
|t:|1779679585
|move|p1a: Spikey thingy|Baneful Bunker|p1a: Spikey thingy
|-singleturn|p1a: Spikey thingy|move: Protect
|move|p2a: Scizor|Swords Dance|p2a: Scizor
|-boost|p2a: Scizor|atk|2
|
|-heal|p2a: Scizor|92/100|[from] item: Leftovers
|-damage|p2a: Scizor|80/100|[from] move: Infestation|[partiallytrapped]
|upkeep
|turn|10
|
|t:|1779679593
|move|p2a: Scizor|Swords Dance|p2a: Scizor
|-boost|p2a: Scizor|atk|2
|move|p1a: Spikey thingy|Haze|p1a: Spikey thingy
|-clearallboost
|
|-heal|p2a: Scizor|86/100|[from] item: Leftovers
|-damage|p2a: Scizor|73/100|[from] move: Infestation|[partiallytrapped]
|upkeep
|turn|11
|
|t:|1779679611
|move|p2a: Scizor|Swords Dance|p2a: Scizor
|-boost|p2a: Scizor|atk|2
|move|p1a: Spikey thingy|Haze|p1a: Spikey thingy
|-clearallboost
|
|-heal|p2a: Scizor|80/100|[from] item: Leftovers
|-damage|p2a: Scizor|67/100|[from] move: Infestation|[partiallytrapped]
|upkeep
|turn|12
|
|t:|1779679621
|move|p2a: Scizor|Aerial Ace|p1a: Spikey thingy
|-damage|p1a: Spikey thingy|63/100
|move|p1a: Spikey thingy|Haze|p1a: Spikey thingy
|-clearallboost
|
|-heal|p2a: Scizor|73/100|[from] item: Leftovers
|-end|p2a: Scizor|Infestation|[partiallytrapped]
|upkeep
|turn|13
|
|t:|1779679629
|switch|p2a: Gholdengo|Gholdengo|100/100
|-damage|p2a: Gholdengo|94/100|[from] Stealth Rock
|-item|p2a: Gholdengo|Air Balloon
|move|p1a: Spikey thingy|Infestation|p2a: Gholdengo
|-resisted|p2a: Gholdengo
|-damage|p2a: Gholdengo|94/100
|-activate|p2a: Gholdengo|move: Infestation|[of] p1a: Spikey thingy
|-enditem|p2a: Gholdengo|Air Balloon
|
|-damage|p2a: Gholdengo|81/100|[from] move: Infestation|[partiallytrapped]
|upkeep
|turn|14
|
|t:|1779679641
|move|p2a: Gholdengo|Nasty Plot|p2a: Gholdengo
|-boost|p2a: Gholdengo|spa|2
|move|p1a: Spikey thingy|Recover|p1a: Spikey thingy
|-heal|p1a: Spikey thingy|100/100
|
|-damage|p2a: Gholdengo|69/100|[from] move: Infestation|[partiallytrapped]
|upkeep
|turn|15
|
|t:|1779679651
|move|p1a: Spikey thingy|Baneful Bunker|p1a: Spikey thingy
|-singleturn|p1a: Spikey thingy|move: Protect
|move|p2a: Gholdengo|Thunderbolt|p1a: Spikey thingy
|-activate|p1a: Spikey thingy|move: Protect
|
|-damage|p2a: Gholdengo|57/100|[from] move: Infestation|[partiallytrapped]
|upkeep
|turn|16
|
|t:|1779679695
|switch|p1a: Arkham birbby|Corviknight, F|1/100
|-ability|p1a: Arkham birbby|Unnerve
|move|p2a: Gholdengo|Thunderbolt|p1a: Arkham birbby
|-supereffective|p1a: Arkham birbby
|-damage|p1a: Arkham birbby|0 fnt
|faint|p1a: Arkham birbby
|
|-end|p2a: Gholdengo|Infestation|[partiallytrapped]|[silent]
|upkeep
|
|t:|1779679707
|switch|p1a: Edgey|Darkrai, shiny|100/100
|turn|17
|
|t:|1779679713
|-terastallize|p2a: Gholdengo|Steel
|move|p1a: Edgey|Dark Pulse|p2a: Gholdengo
|-crit|p2a: Gholdengo
|-damage|p2a: Gholdengo|0 fnt
|faint|p2a: Gholdengo
|
|upkeep
|
|t:|1779679719
|switch|p2a: Slither Wing|Slither Wing|100/100
|-damage|p2a: Slither Wing|88/100|[from] Stealth Rock
|-enditem|p2a: Slither Wing|Booster Energy
|-activate|p2a: Slither Wing|ability: Protosynthesis|[fromitem]
|-start|p2a: Slither Wing|protosynthesisatk
|turn|18
|
|t:|1779679746
|-terastallize|p1a: Edgey|Ghost
|move|p2a: Slither Wing|First Impression|p1a: Edgey
|-resisted|p1a: Edgey
|-damage|p1a: Edgey|52/100
|move|p1a: Edgey|Psychic|p2a: Slither Wing
|-supereffective|p2a: Slither Wing
|-damage|p2a: Slither Wing|28/100
|
|upkeep
|turn|19
|
|t:|1779679753
|move|p1a: Edgey|Psychic|p2a: Slither Wing
|-supereffective|p2a: Slither Wing
|-damage|p2a: Slither Wing|0 fnt
|faint|p2a: Slither Wing
|-end|p2a: Slither Wing|Protosynthesis|[silent]
|
|upkeep
|
|t:|1779679763
|switch|p2a: Scizor|Scizor, F|73/100
|-damage|p2a: Scizor|61/100|[from] Stealth Rock
|turn|20
|
|t:|1779679775
|move|p1a: Edgey|Dark Pulse|p2a: Scizor
|-damage|p2a: Scizor|16/100
|cant|p2a: Scizor|flinch
|
|-heal|p2a: Scizor|22/100|[from] item: Leftovers
|upkeep
|turn|21
|
|t:|1779679781
|move|p2a: Scizor|Bullet Punch|p1a: Edgey
|-damage|p1a: Edgey|17/100
|move|p1a: Edgey|Dark Pulse|p2a: Scizor
|-damage|p2a: Scizor|0 fnt
|faint|p2a: Scizor
|
|upkeep
|
|t:|1779679788
|switch|p2a: Iron Valiant|Iron Valiant|100/100
|-damage|p2a: Iron Valiant|94/100|[from] Stealth Rock
|-enditem|p2a: Iron Valiant|Booster Energy
|-activate|p2a: Iron Valiant|ability: Quark Drive|[fromitem]
|-start|p2a: Iron Valiant|quarkdrivespe
|turn|22
|
|t:|1779679797
|move|p2a: Iron Valiant|Moonblast|p1a: Edgey
|-damage|p1a: Edgey|0 fnt
|faint|p1a: Edgey
|
|upkeep
|
|t:|1779679805
|switch|p1a: A roc|Glimmora, M, shiny|100/100
|turn|23
|
|t:|1779679813
|move|p2a: Iron Valiant|Drain Punch|p1a: A roc
|-damage|p1a: A roc|62/100
|-heal|p2a: Iron Valiant|100/100|[from] drain|[of] p1a: A roc
|move|p1a: A roc|Toxic|p2a: Iron Valiant
|-status|p2a: Iron Valiant|tox
|
|-damage|p2a: Iron Valiant|94/100 tox|[from] psn
|upkeep
|turn|24
|
|t:|1779679823
|move|p1a: A roc|Spiky Shield|p1a: A roc
|-singleturn|p1a: A roc|move: Protect
|move|p2a: Iron Valiant|Drain Punch|p1a: A roc
|-activate|p1a: A roc|move: Protect
|-damage|p2a: Iron Valiant|82/100 tox|[from] Spiky Shield|[of] p1a: A roc
|
|-damage|p2a: Iron Valiant|69/100 tox|[from] psn
|upkeep
|turn|25
|
|t:|1779679834
|move|p2a: Iron Valiant|Drain Punch|p1a: A roc
|-damage|p1a: A roc|21/100
|-heal|p2a: Iron Valiant|96/100 tox|[from] drain|[of] p1a: A roc
|move|p1a: A roc|Mortal Spin|p2a: Iron Valiant
|-supereffective|p2a: Iron Valiant
|-damage|p2a: Iron Valiant|77/100 tox
|
|-damage|p2a: Iron Valiant|58/100 tox|[from] psn
|upkeep
|turn|26
|
|t:|1779679842
|move|p1a: A roc|Spiky Shield|p1a: A roc
|-singleturn|p1a: A roc|move: Protect
|move|p2a: Iron Valiant|Drain Punch|p1a: A roc
|-activate|p1a: A roc|move: Protect
|-damage|p2a: Iron Valiant|46/100 tox|[from] Spiky Shield|[of] p1a: A roc
|
|-damage|p2a: Iron Valiant|21/100 tox|[from] psn
|upkeep
|turn|27
|
|t:|1779679869
|move|p2a: Iron Valiant|Drain Punch|p1a: A roc
|-damage|p1a: A roc|0 fnt
|-heal|p2a: Iron Valiant|34/100 tox|[from] drain|[of] p1a: A roc
|faint|p1a: A roc
|
|-damage|p2a: Iron Valiant|3/100 tox|[from] psn
|upkeep
|
|t:|1779679879
|switch|p1a: Thirst trap|Salazzle, F|100/100
|turn|28
|
|t:|1779679885
|move|p1a: Thirst trap|Protect|p1a: Thirst trap
|-singleturn|p1a: Thirst trap|Protect
|move|p2a: Iron Valiant|Destiny Bond|p2a: Iron Valiant
|-singlemove|p2a: Iron Valiant|Destiny Bond
|
|-damage|p2a: Iron Valiant|0 fnt|[from] psn
|faint|p2a: Iron Valiant
|-end|p2a: Iron Valiant|Quark Drive|[silent]
|upkeep
|
|t:|1779679893
|switch|p2a: Gliscor|Gliscor, F|100/100 tox
|-damage|p2a: Gliscor|88/100 tox|[from] Stealth Rock
|turn|29
|
|t:|1779679901
|move|p1a: Thirst trap|Overheat|p2a: Gliscor
|-damage|p2a: Gliscor|47/100 tox
|-unboost|p1a: Thirst trap|spa|2
|move|p2a: Gliscor|Swords Dance|p2a: Gliscor
|-boost|p2a: Gliscor|atk|2
|
|-heal|p2a: Gliscor|60/100 tox|[from] ability: Poison Heal
|upkeep
|turn|30
|
|t:|1779679910
|move|p1a: Thirst trap|Overheat|p2a: Gliscor
|-damage|p2a: Gliscor|40/100 tox
|-unboost|p1a: Thirst trap|spa|2
|move|p2a: Gliscor|Swords Dance|p2a: Gliscor
|-boost|p2a: Gliscor|atk|2
|
|-heal|p2a: Gliscor|52/100 tox|[from] ability: Poison Heal
|upkeep
|turn|31
|
|t:|1779679921
|move|p1a: Thirst trap|Overheat|p2a: Gliscor
|-damage|p2a: Gliscor|38/100 tox
|-unboost|p1a: Thirst trap|spa|2
|move|p2a: Gliscor|Swords Dance|p2a: Gliscor
|-boost|p2a: Gliscor|atk|2
|
|-heal|p2a: Gliscor|50/100 tox|[from] ability: Poison Heal
|upkeep
|turn|32
|
|t:|1779679929
|move|p2a: Gliscor|Protect|p2a: Gliscor
|-singleturn|p2a: Gliscor|Protect
|move|p1a: Thirst trap|Overheat|p2a: Gliscor
|-activate|p2a: Gliscor|move: Protect
|
|-heal|p2a: Gliscor|63/100 tox|[from] ability: Poison Heal
|upkeep
|turn|33
|
|t:|1779679936
|move|p1a: Thirst trap|Protect|p1a: Thirst trap
|-singleturn|p1a: Thirst trap|Protect
|move|p2a: Gliscor|Earthquake|p1a: Thirst trap
|-activate|p1a: Thirst trap|move: Protect
|
|-heal|p2a: Gliscor|75/100 tox|[from] ability: Poison Heal
|upkeep
|turn|34
|
|t:|1779679945
|move|p1a: Thirst trap|Protect|p1a: Thirst trap
|-singleturn|p1a: Thirst trap|Protect
|move|p2a: Gliscor|Protect||[still]
|-fail|p2a: Gliscor
|
|-heal|p2a: Gliscor|88/100 tox|[from] ability: Poison Heal
|upkeep
|turn|35
|
|t:|1779679951
|move|p1a: Thirst trap|Overheat|p2a: Gliscor
|-damage|p2a: Gliscor|76/100 tox
|move|p2a: Gliscor|Earthquake|p1a: Thirst trap
|-supereffective|p1a: Thirst trap
|-enditem|p1a: Thirst trap|Focus Sash
|-damage|p1a: Thirst trap|1/100
|
|-heal|p2a: Gliscor|88/100 tox|[from] ability: Poison Heal
|upkeep
|turn|36
|
|t:|1779679960
|move|p2a: Gliscor|Protect|p2a: Gliscor
|-singleturn|p2a: Gliscor|Protect
|move|p1a: Thirst trap|Endeavor|p2a: Gliscor
|-activate|p2a: Gliscor|move: Protect
|
|-heal|p2a: Gliscor|100/100 tox|[from] ability: Poison Heal
|upkeep
|turn|37
|
|t:|1779679968
|move|p1a: Thirst trap|Endeavor|p2a: Gliscor
|-damage|p2a: Gliscor|1/100 tox
|move|p2a: Gliscor|Earthquake|p1a: Thirst trap
|-supereffective|p1a: Thirst trap
|-damage|p1a: Thirst trap|0 fnt
|faint|p1a: Thirst trap
|
|-heal|p2a: Gliscor|13/100 tox|[from] ability: Poison Heal
|upkeep
|
|t:|1779679977
|switch|p1a: Fatty whopper|Blissey, F|100/100
|turn|38
|
|t:|1779679982
|move|p2a: Gliscor|Protect|p2a: Gliscor
|-singleturn|p2a: Gliscor|Protect
|move|p1a: Fatty whopper|Seismic Toss|p2a: Gliscor
|-activate|p2a: Gliscor|move: Protect
|
|-heal|p2a: Gliscor|26/100 tox|[from] ability: Poison Heal
|upkeep
|turn|39
|
|t:|1779679992
|move|p2a: Gliscor|Protect||[still]
|-fail|p2a: Gliscor
|move|p1a: Fatty whopper|Seismic Toss|p2a: Gliscor
|-damage|p2a: Gliscor|0 fnt
|faint|p2a: Gliscor
|
|win|magicsalt
|raw|magicsalt's rating: 1204 &rarr; <strong>1235</strong><br />(+31 for winning)
|raw|abbynch's rating: 1284 &rarr; <strong>1253</strong><br />(-31 for losing)
|l|☆abbynch
|player|p2|
