|inactive|Battle timer is ON: inactive players will automatically lose when time's up.
|t:|1779646231
|gametype|singles
|player|p1|Cow|#wcop2026uk2|
|player|p2|LegitlyIzOP|lucas|
|gen|9
|tier|[Gen 9] OU
|rule|HP Percentage Mod: HP is shown in percentages
|rule|Endless Battle Clause: Forcing endless battles is banned
|rule|Species Clause: Limit one of each Pokémon
|rule|OHKO Clause: OHKO moves are banned
|rule|Evasion Items Clause: Evasion items are banned
|rule|Evasion Moves Clause: Evasion moves are banned
|rule|Evasion Abilities Clause: Evasion abilities are banned
|rule|Sleep Moves Clause: Sleep-inducing moves are banned
|clearpoke
|poke|p1|Iron Treads|
|poke|p1|Zamazenta-*|
|poke|p1|Meowscarada, F|
|poke|p1|Raging Bolt|
|poke|p1|Zapdos|
|poke|p1|Slowking-Galar, F|
|poke|p2|Rillaboom, F|
|poke|p2|Raging Bolt|
|poke|p2|Hatterene, F|
|poke|p2|Iron Treads|
|poke|p2|Zamazenta-*|
|poke|p2|Serperior, M|
|teampreview
|c|☆LegitlyIzOP|hf
|c|☆Cow|hf
|inactive|Cow has 270 seconds left.
|inactive|LegitlyIzOP has 270 seconds left.
|inactive|Cow has 240 seconds left.
|inactive|LegitlyIzOP has 240 seconds left.
|c|+zRyan74|nooooo
|
|t:|1779646300
|teamsize|p1|6
|teamsize|p2|6
|start
|switch|p1a: Meowscarada|Meowscarada, F|100/100
|switch|p2a: Iron Treads|Iron Treads|100/100
|-enditem|p2a: Iron Treads|Booster Energy
|-activate|p2a: Iron Treads|ability: Quark Drive|[fromitem]
|-start|p2a: Iron Treads|quarkdrivespe
|turn|1
|c|+zRyan74|not my 2 sons playing eachother
|
|t:|1779646315
|move|p2a: Iron Treads|Steel Beam|p1a: Meowscarada
|-damage|p1a: Meowscarada|9/100
|-damage|p2a: Iron Treads|50/100|[from] steelbeam
|move|p1a: Meowscarada|Flower Trick|p2a: Iron Treads
|-start|p1a: Meowscarada|typechange|Grass|[from] ability: Protean
|-crit|p2a: Iron Treads
|-damage|p2a: Iron Treads|0 fnt
|faint|p2a: Iron Treads
|-end|p2a: Iron Treads|Quark Drive|[silent]
|
|upkeep
|c|☆Cow|zryan74
|inactive|LegitlyIzOP has 270 seconds left.
|c|☆Cow|ur not the king of the jungle
|c|+zRyan74|yeah i am
|c|☆Cow|ur the king of the dinner room
|
|t:|1779646353
|switch|p2a: Zamazenta|Zamazenta|100/100
|-ability|p2a: Zamazenta|Dauntless Shield|boost
|-boost|p2a: Zamazenta|def|1
|turn|2
|c|+zRyan74|im a man of many talents young one
|
|t:|1779646365
|switch|p1a: Zamazenta|Zamazenta|100/100
|-ability|p1a: Zamazenta|Dauntless Shield|boost
|-boost|p1a: Zamazenta|def|1
|move|p2a: Zamazenta|Substitute|p2a: Zamazenta
|-start|p2a: Zamazenta|Substitute
|-damage|p2a: Zamazenta|75/100
|
|-heal|p2a: Zamazenta|82/100|[from] item: Leftovers
|upkeep
|turn|3
|
|t:|1779646371
|move|p2a: Zamazenta|Iron Defense|p2a: Zamazenta
|-boost|p2a: Zamazenta|def|2
|move|p1a: Zamazenta|Roar|p2a: Zamazenta
|drag|p2a: Hatterene|Hatterene, F, shiny|100/100
|
|upkeep
|turn|4
|
|t:|1779646391
|switch|p1a: Zapdos|Zapdos|100/100
|switch|p2a: Rillaboom|Rillaboom, F|100/100
|-fieldstart|move: Grassy Terrain|[from] ability: Grassy Surge|[of] p2a: Rillaboom
|
|upkeep
|turn|5
|c|+zRyan74|legitlyIzntOP
|inactive|LegitlyIzOP has 270 seconds left.
|
|t:|1779646425
|switch|p2a: Raging Bolt|Raging Bolt|100/100
|move|p1a: Zapdos|Hurricane|p2a: Raging Bolt|[miss]
|-miss|p1a: Zapdos|p2a: Raging Bolt
|
|upkeep
|turn|6
|
|t:|1779646433
|move|p1a: Zapdos|Volt Switch|p2a: Raging Bolt
|-resisted|p2a: Raging Bolt
|-crit|p2a: Raging Bolt
|-damage|p2a: Raging Bolt|89/100
|
|t:|1779646436
|switch|p1a: Iron Treads|Iron Treads|100/100|[from] Volt Switch
|move|p2a: Raging Bolt|Calm Mind|p2a: Raging Bolt
|-boost|p2a: Raging Bolt|spa|1
|-boost|p2a: Raging Bolt|spd|1
|
|-heal|p2a: Raging Bolt|95/100|[from] Grassy Terrain
|-heal|p2a: Raging Bolt|100/100|[from] item: Leftovers
|upkeep
|turn|7
|inactive|LegitlyIzOP has 270 seconds left.
|
|t:|1779646463
|move|p1a: Iron Treads|Ice Spinner|p2a: Raging Bolt
|-supereffective|p2a: Raging Bolt
|-damage|p2a: Raging Bolt|77/100
|-fieldend|move: Grassy Terrain
|move|p2a: Raging Bolt|Calm Mind|p2a: Raging Bolt
|-boost|p2a: Raging Bolt|spa|1
|-boost|p2a: Raging Bolt|spd|1
|
|-heal|p2a: Raging Bolt|83/100|[from] item: Leftovers
|upkeep
|turn|8
|
|t:|1779646469
|-terastallize|p2a: Raging Bolt|Bug
|move|p1a: Iron Treads|Earthquake|p2a: Raging Bolt
|-resisted|p2a: Raging Bolt
|-damage|p2a: Raging Bolt|70/100
|move|p2a: Raging Bolt|Dragon Pulse|p1a: Iron Treads
|-resisted|p1a: Iron Treads
|-damage|p1a: Iron Treads|55/100
|
|-heal|p2a: Raging Bolt|76/100|[from] item: Leftovers
|upkeep
|turn|9
|inactive|LegitlyIzOP has 270 seconds left.
|
|t:|1779646485
|move|p1a: Iron Treads|Stealth Rock|p2a: Raging Bolt
|-sidestart|p2: LegitlyIzOP|move: Stealth Rock
|move|p2a: Raging Bolt|Dragon Pulse|p1a: Iron Treads
|-resisted|p1a: Iron Treads
|-damage|p1a: Iron Treads|13/100
|
|-heal|p2a: Raging Bolt|83/100|[from] item: Leftovers
|upkeep
|turn|10
|c|☆Cow|up is up
|inactive|LegitlyIzOP has 270 seconds left.
|
|t:|1779646496
|move|p1a: Iron Treads|Ice Spinner|p2a: Raging Bolt
|-damage|p2a: Raging Bolt|70/100
|move|p2a: Raging Bolt|Calm Mind|p2a: Raging Bolt
|-boost|p2a: Raging Bolt|spa|1
|-boost|p2a: Raging Bolt|spd|1
|
|-heal|p2a: Raging Bolt|76/100|[from] item: Leftovers
|upkeep
|turn|11
|
|t:|1779646506
|move|p1a: Iron Treads|Ice Spinner|p2a: Raging Bolt
|-damage|p2a: Raging Bolt|63/100
|move|p2a: Raging Bolt|Calm Mind|p2a: Raging Bolt
|-boost|p2a: Raging Bolt|spa|1
|-boost|p2a: Raging Bolt|spd|1
|
|-heal|p2a: Raging Bolt|70/100|[from] item: Leftovers
|upkeep
|turn|12
|
|t:|1779646509
|move|p1a: Iron Treads|Ice Spinner|p2a: Raging Bolt
|-damage|p2a: Raging Bolt|57/100
|move|p2a: Raging Bolt|Calm Mind|p2a: Raging Bolt
|-boost|p2a: Raging Bolt|spa|1
|-boost|p2a: Raging Bolt|spd|1
|
|-heal|p2a: Raging Bolt|63/100|[from] item: Leftovers
|upkeep
|turn|13
|
|t:|1779646512
|move|p1a: Iron Treads|Ice Spinner|p2a: Raging Bolt
|-crit|p2a: Raging Bolt
|-damage|p2a: Raging Bolt|45/100
|move|p2a: Raging Bolt|Dragon Pulse|p1a: Iron Treads
|-resisted|p1a: Iron Treads
|-damage|p1a: Iron Treads|0 fnt
|faint|p1a: Iron Treads
|-end|p1a: Iron Treads|Quark Drive|[silent]
|
|-heal|p2a: Raging Bolt|51/100|[from] item: Leftovers
|upkeep
|
|t:|1779646529
|switch|p1a: Meowscarada|Meowscarada, F|9/100
|turn|14
|
|t:|1779646547
|move|p2a: Raging Bolt|Thunderclap|p1a: Meowscarada
|-resisted|p1a: Meowscarada
|-damage|p1a: Meowscarada|0 fnt
|faint|p1a: Meowscarada
|
|-heal|p2a: Raging Bolt|58/100|[from] item: Leftovers
|upkeep
|
|t:|1779646550
|switch|p1a: Slowking|Slowking-Galar, F|100/100
|turn|15
|
|t:|1779646557
|move|p2a: Raging Bolt|Thunderbolt|p1a: Slowking
|-damage|p1a: Slowking|9/100
|move|p1a: Slowking|Thunder Wave|p2a: Raging Bolt
|-status|p2a: Raging Bolt|par
|
|-heal|p2a: Raging Bolt|64/100 par|[from] item: Leftovers
|upkeep
|turn|16
|
|t:|1779646565
|cant|p2a: Raging Bolt|par
|-prepare|p1a: Slowking|Chilly Reception|[premajor]
|move|p1a: Slowking|Chilly Reception|p1a: Slowking
|-weather|Snowscape
|
|t:|1779646572
|switch|p1a: Zamazenta|Zamazenta|100/100|[from] Chilly Reception
|
|-weather|Snowscape|[upkeep]
|-heal|p2a: Raging Bolt|70/100 par|[from] item: Leftovers
|upkeep
|turn|17
|
|t:|1779646577
|move|p2a: Raging Bolt|Thunderclap||[still]
|-fail|p2a: Raging Bolt
|move|p1a: Zamazenta|Roar|p2a: Raging Bolt
|-end|p2a: Raging Bolt|Protosynthesis|[silent]
|drag|p2a: Rillaboom|Rillaboom, F|100/100
|-damage|p2a: Rillaboom|88/100|[from] Stealth Rock
|-fieldstart|move: Grassy Terrain|[from] ability: Grassy Surge|[of] p2a: Rillaboom
|
|-weather|Snowscape|[upkeep]
|-heal|p2a: Rillaboom|94/100|[from] Grassy Terrain
|upkeep
|turn|18
|c|☆LegitlyIzOP|wait
|c|☆LegitlyIzOP|no
|c|☆LegitlyIzOP|i didnt
|c|☆LegitlyIzOP|MEAN TO CLICK THAT
|c|☆LegitlyIzOP|FUCK
|c|+zRyan74|u fucking suck
|c|☆Cow|been there
|c|☆LegitlyIzOP|i literally thought i clicked tbolt
|c|☆LegitlyIzOP|AHHHHHHHHHHHHHHH
|
|t:|1779646600
|move|p1a: Zamazenta|Body Press|p2a: Rillaboom
|-damage|p2a: Rillaboom|55/100
|move|p2a: Rillaboom|Knock Off|p1a: Zamazenta
|-resisted|p1a: Zamazenta
|-damage|p1a: Zamazenta|83/100
|-enditem|p1a: Zamazenta|Leftovers|[from] move: Knock Off|[of] p2a: Rillaboom
|-damage|p2a: Rillaboom|45/100|[from] item: Life Orb
|
|-weather|Snowscape|[upkeep]
|-heal|p1a: Zamazenta|90/100|[from] Grassy Terrain
|-heal|p2a: Rillaboom|51/100|[from] Grassy Terrain
|upkeep
|turn|19
|c|+zRyan74|legitlyIzBlind
|
|t:|1779646610
|switch|p2a: Raging Bolt|Raging Bolt, tera:Bug|70/100 par
|-damage|p2a: Raging Bolt|45/100 par|[from] Stealth Rock
|move|p1a: Zamazenta|Iron Defense|p1a: Zamazenta
|-boost|p1a: Zamazenta|def|2
|
|-weather|Snowscape|[upkeep]
|-heal|p1a: Zamazenta|96/100|[from] Grassy Terrain
|-heal|p2a: Raging Bolt|51/100 par|[from] Grassy Terrain
|-heal|p2a: Raging Bolt|57/100 par|[from] item: Leftovers
|upkeep
|turn|20
|
|t:|1779646621
|move|p1a: Zamazenta|Body Press|p2a: Raging Bolt
|-resisted|p2a: Raging Bolt
|-damage|p2a: Raging Bolt|38/100 par
|cant|p2a: Raging Bolt|par
|
|-weather|none
|-heal|p1a: Zamazenta|100/100|[from] Grassy Terrain
|-heal|p2a: Raging Bolt|44/100 par|[from] Grassy Terrain
|-heal|p2a: Raging Bolt|50/100 par|[from] item: Leftovers
|upkeep
|turn|21
|
|t:|1779646643
|move|p1a: Zamazenta|Iron Defense|p1a: Zamazenta
|-boost|p1a: Zamazenta|def|2
|move|p2a: Raging Bolt|Thunderbolt|p1a: Zamazenta
|-damage|p1a: Zamazenta|62/100
|
|-heal|p1a: Zamazenta|69/100|[from] Grassy Terrain
|-heal|p2a: Raging Bolt|56/100 par|[from] Grassy Terrain
|-heal|p2a: Raging Bolt|62/100 par|[from] item: Leftovers
|-fieldend|move: Grassy Terrain
|upkeep
|turn|22
|
|t:|1779646659
|move|p1a: Zamazenta|Body Press|p2a: Raging Bolt
|-resisted|p2a: Raging Bolt
|-damage|p2a: Raging Bolt|34/100 par
|move|p2a: Raging Bolt|Thunderbolt|p1a: Zamazenta
|-damage|p1a: Zamazenta|31/100
|
|-heal|p2a: Raging Bolt|40/100 par|[from] item: Leftovers
|upkeep
|turn|23
|
|t:|1779646672
|move|p1a: Zamazenta|Body Press|p2a: Raging Bolt
|-resisted|p2a: Raging Bolt
|-damage|p2a: Raging Bolt|11/100 par
|move|p2a: Raging Bolt|Thunderbolt|p1a: Zamazenta
|-damage|p1a: Zamazenta|0 fnt
|faint|p1a: Zamazenta
|
|-heal|p2a: Raging Bolt|17/100 par|[from] item: Leftovers
|upkeep
|
|t:|1779646680
|switch|p1a: Zapdos|Zapdos|100/100
|turn|24
|
|t:|1779646687
|move|p2a: Raging Bolt|Thunderclap|p1a: Zapdos
|-damage|p1a: Zapdos|67/100
|move|p1a: Zapdos|Heat Wave|p2a: Raging Bolt|[miss]
|-miss|p1a: Zapdos|p2a: Raging Bolt
|
|-heal|p2a: Raging Bolt|23/100 par|[from] item: Leftovers
|upkeep
|turn|25
|
|t:|1779646693
|move|p1a: Zapdos|Roost|p1a: Zapdos
|-heal|p1a: Zapdos|100/100
|-singleturn|p1a: Zapdos|move: Roost
|move|p2a: Raging Bolt|Calm Mind|p2a: Raging Bolt
|-boost|p2a: Raging Bolt|spa|1
|-boost|p2a: Raging Bolt|spd|1
|
|-heal|p2a: Raging Bolt|29/100 par|[from] item: Leftovers
|upkeep
|turn|26
|
|t:|1779646700
|move|p2a: Raging Bolt|Thunderclap|p1a: Zapdos
|-damage|p1a: Zapdos|45/100
|move|p1a: Zapdos|Heat Wave|p2a: Raging Bolt
|-supereffective|p2a: Raging Bolt
|-damage|p2a: Raging Bolt|0 fnt
|faint|p2a: Raging Bolt
|-end|p2a: Raging Bolt|Protosynthesis|[silent]
|
|upkeep
|inactive|LegitlyIzOP has 270 seconds left.
|
|t:|1779646735
|switch|p2a: Rillaboom|Rillaboom, F|51/100
|-damage|p2a: Rillaboom|39/100|[from] Stealth Rock
|-fieldstart|move: Grassy Terrain|[from] ability: Grassy Surge|[of] p2a: Rillaboom
|turn|27
|inactive|LegitlyIzOP has 270 seconds left.
|
|t:|1779646750
|move|p1a: Zapdos|Heat Wave|p2a: Rillaboom
|-supereffective|p2a: Rillaboom
|-damage|p2a: Rillaboom|0 fnt
|faint|p2a: Rillaboom
|
|upkeep
|
|t:|1779646752
|switch|p2a: Hatterene|Hatterene, F, shiny|100/100
|-damage|p2a: Hatterene|88/100|[from] Stealth Rock
|-enditem|p2a: Hatterene|Grassy Seed
|-boost|p2a: Hatterene|def|1|[from] item: Grassy Seed
|turn|28
|
|t:|1779646764
|move|p1a: Zapdos|Hurricane|p2a: Hatterene
|-damage|p2a: Hatterene|29/100
|move|p2a: Hatterene|Calm Mind|p2a: Hatterene
|-boost|p2a: Hatterene|spa|1
|-boost|p2a: Hatterene|spd|1
|
|-heal|p2a: Hatterene|35/100|[from] Grassy Terrain
|upkeep
|turn|29
|inactive|LegitlyIzOP has 270 seconds left.
|inactive|Cow has 270 seconds left.
|
|t:|1779646807
|move|p1a: Zapdos|Hurricane|p2a: Hatterene
|-damage|p2a: Hatterene|0 fnt
|faint|p2a: Hatterene
|
|upkeep
|inactive|LegitlyIzOP has 270 seconds left.
|c|☆LegitlyIzOP|that missclick sucked bad lol
|c|☆Cow|yeah for sure
|
|t:|1779646824
|switch|p2a: Zamazenta|Zamazenta|82/100
|-damage|p2a: Zamazenta|75/100|[from] Stealth Rock
|turn|30
|
|t:|1779646831
|move|p2a: Zamazenta|Substitute|p2a: Zamazenta
|-start|p2a: Zamazenta|Substitute
|-damage|p2a: Zamazenta|50/100
|move|p1a: Zapdos|Volt Switch|p2a: Zamazenta
|-end|p2a: Zamazenta|Substitute
|inactive|Cow has 270 seconds left.
|
|t:|1779646851
|switch|p1a: Raging Bolt|Raging Bolt|100/100|[from] Volt Switch
|-enditem|p1a: Raging Bolt|Booster Energy
|-activate|p1a: Raging Bolt|ability: Protosynthesis|[fromitem]
|-start|p1a: Raging Bolt|protosynthesisspa
|
|-heal|p2a: Zamazenta|57/100|[from] Grassy Terrain
|-heal|p2a: Zamazenta|63/100|[from] item: Leftovers
|upkeep
|turn|31
|inactive|LegitlyIzOP has 270 seconds left.
|
|t:|1779646869
|move|p2a: Zamazenta|Iron Defense|p2a: Zamazenta
|-boost|p2a: Zamazenta|def|2
|move|p1a: Raging Bolt|Dragon Pulse|p2a: Zamazenta
|-damage|p2a: Zamazenta|13/100
|
|-heal|p2a: Zamazenta|19/100|[from] Grassy Terrain
|-heal|p2a: Zamazenta|25/100|[from] item: Leftovers
|-fieldend|move: Grassy Terrain
|upkeep
|turn|32
|
|t:|1779646880
|-terastallize|p1a: Raging Bolt|Fairy
|move|p2a: Zamazenta|Body Press|p1a: Raging Bolt
|-resisted|p1a: Raging Bolt
|-damage|p1a: Raging Bolt|70/100
|move|p1a: Raging Bolt|Dragon Pulse|p2a: Zamazenta
|-damage|p2a: Zamazenta|0 fnt
|faint|p2a: Zamazenta
|
|upkeep
|
|t:|1779646884
|switch|p2a: Serperior|Serperior, M|100/100
|-damage|p2a: Serperior|88/100|[from] Stealth Rock
|turn|33
|
|t:|1779646886
|move|p2a: Serperior|Leaf Storm|p1a: Raging Bolt
|-damage|p1a: Raging Bolt|23/100
|-boost|p2a: Serperior|spa|2
|move|p1a: Raging Bolt|Dragon Pulse|p2a: Serperior
|-damage|p2a: Serperior|12/100
|
|upkeep
|turn|34
|
|t:|1779646893
|move|p1a: Raging Bolt|Thunderclap|p2a: Serperior
|-resisted|p2a: Serperior
|-damage|p2a: Serperior|0 fnt
|faint|p2a: Serperior
|
|win|Cow
|c|☆LegitlyIzOP|gg
|c|☆Cow|sorry about the missclick
|c|☆Cow|gg
|c|☆LegitlyIzOP|np
