|j|☆JsKari
|j|☆Cheesefriezz
|t:|1779589679
|gametype|singles
|player|p1|JsKari|1|1044
|player|p2|Cheesefriezz|n|1076
|gen|9
|tier|[Gen 9] OU
|rated|
|rule|HP Percentage Mod: HP is shown in percentages
|rule|Endless Battle Clause: Forcing endless battles is banned
|rule|Species Clause: Limit one of each Pokémon
|rule|OHKO Clause: OHKO moves are banned
|rule|Evasion Items Clause: Evasion items are banned
|rule|Evasion Moves Clause: Evasion moves are banned
|rule|Evasion Abilities Clause: Evasion abilities are banned
|rule|Sleep Moves Clause: Sleep-inducing moves are banned
|clearpoke
|poke|p1|Ogerpon-Wellspring, F|
|poke|p1|Rillaboom, F|
|poke|p1|Iron Moth|
|poke|p1|Alomomola, M|
|poke|p1|Great Tusk|
|poke|p1|Glastrier|
|poke|p2|Samurott-Hisui, M|
|poke|p2|Leafeon, M|
|poke|p2|Moltres|
|poke|p2|Ninetales, F|
|poke|p2|Kommo-o, M|
|poke|p2|Krookodile, F|
|teampreview
|inactive|Battle timer is ON: inactive players will automatically lose when time's up. (requested by JsKari)
|
|t:|1779589682
|teamsize|p1|6
|teamsize|p2|6
|start
|switch|p1a: Glastrier|Glastrier|100/100
|switch|p2a: Gabriel|Krookodile, F|100/100
|-ability|p2a: Gabriel|Intimidate|boost
|-unboost|p1a: Glastrier|atk|1
|turn|1
|
|t:|1779589688
|move|p2a: Gabriel|Stealth Rock|p1a: Glastrier
|-sidestart|p1: JsKari|move: Stealth Rock
|move|p1a: Glastrier|Icicle Crash|p2a: Gabriel
|-supereffective|p2a: Gabriel
|-damage|p2a: Gabriel|19/100
|
|-heal|p2a: Gabriel|25/100|[from] item: Leftovers
|upkeep
|turn|2
|
|t:|1779589700
|move|p2a: Gabriel|Knock Off|p1a: Glastrier
|-damage|p1a: Glastrier|70/100
|-enditem|p1a: Glastrier|Assault Vest|[from] move: Knock Off|[of] p2a: Gabriel
|move|p1a: Glastrier|Icicle Crash|p2a: Gabriel
|-supereffective|p2a: Gabriel
|-damage|p2a: Gabriel|0 fnt
|faint|p2a: Gabriel
|-ability|p1a: Glastrier|Chilling Neigh|boost
|-boost|p1a: Glastrier|atk|1
|
|upkeep
|
|t:|1779589705
|switch|p2a: six tails|Ninetales, F, shiny|100/100
|-weather|SunnyDay|[from] ability: Drought|[of] p2a: six tails
|turn|3
|
|t:|1779589719
|move|p2a: six tails|Will-O-Wisp|p1a: Glastrier
|-status|p1a: Glastrier|brn
|move|p1a: Glastrier|High Horsepower|p2a: six tails
|-supereffective|p2a: six tails
|-damage|p2a: six tails|45/100
|
|-weather|SunnyDay|[upkeep]
|-damage|p1a: Glastrier|64/100 brn|[from] brn
|upkeep
|turn|4
|
|t:|1779589727
|move|p2a: six tails|Weather Ball|p1a: Glastrier
|-supereffective|p1a: Glastrier
|-damage|p1a: Glastrier|0 fnt
|faint|p1a: Glastrier
|
|-weather|SunnyDay|[upkeep]
|upkeep
|
|t:|1779589734
|switch|p1a: Great Tusk|Great Tusk|100/100
|-damage|p1a: Great Tusk|98/100|[from] Stealth Rock
|-activate|p1a: Great Tusk|ability: Protosynthesis
|-start|p1a: Great Tusk|protosynthesisatk
|turn|5
|
|t:|1779589741
|move|p2a: six tails|Will-O-Wisp|p1a: Great Tusk
|-status|p1a: Great Tusk|brn
|move|p1a: Great Tusk|Earthquake|p2a: six tails
|-supereffective|p2a: six tails
|-crit|p2a: six tails
|-damage|p2a: six tails|0 fnt
|faint|p2a: six tails
|
|-weather|SunnyDay|[upkeep]
|-damage|p1a: Great Tusk|91/100 brn|[from] brn
|upkeep
|
|t:|1779589745
|switch|p2a: Melo|Leafeon, M, shiny|100/100
|turn|6
|
|t:|1779589760
|move|p2a: Melo|Swords Dance|p2a: Melo
|-boost|p2a: Melo|atk|2
|move|p1a: Great Tusk|Close Combat|p2a: Melo
|-crit|p2a: Melo
|-damage|p2a: Melo|39/100
|-unboost|p1a: Great Tusk|def|1
|-unboost|p1a: Great Tusk|spd|1
|
|-weather|SunnyDay|[upkeep]
|-damage|p1a: Great Tusk|85/100 brn|[from] brn
|upkeep
|turn|7
|
|t:|1779589769
|move|p2a: Melo|Leaf Blade|p1a: Great Tusk
|-supereffective|p1a: Great Tusk
|-damage|p1a: Great Tusk|0 fnt
|faint|p1a: Great Tusk
|-end|p1a: Great Tusk|Protosynthesis|[silent]
|-damage|p2a: Melo|29/100|[from] item: Life Orb
|
|-weather|SunnyDay|[upkeep]
|upkeep
|
|t:|1779589777
|switch|p1a: Iron Moth|Iron Moth|100/100
|-damage|p1a: Iron Moth|76/100|[from] Stealth Rock
|-enditem|p1a: Iron Moth|Booster Energy
|-activate|p1a: Iron Moth|ability: Quark Drive|[fromitem]
|-start|p1a: Iron Moth|quarkdrivespa
|turn|8
|
|t:|1779589787
|move|p2a: Melo|Knock Off|p1a: Iron Moth
|-damage|p1a: Iron Moth|0 fnt
|faint|p1a: Iron Moth
|-end|p1a: Iron Moth|Quark Drive|[silent]
|-damage|p2a: Melo|19/100|[from] item: Life Orb
|
|-weather|SunnyDay|[upkeep]
|upkeep
|
|t:|1779589797
|switch|p1a: Ogerpon|Ogerpon-Wellspring, F|100/100
|-damage|p1a: Ogerpon|88/100|[from] Stealth Rock
|turn|9
|
|t:|1779589802
|move|p2a: Melo|X-Scissor|p1a: Ogerpon
|-supereffective|p1a: Ogerpon
|-damage|p1a: Ogerpon|0 fnt
|faint|p1a: Ogerpon
|-damage|p2a: Melo|9/100|[from] item: Life Orb
|
|-weather|SunnyDay|[upkeep]
|upkeep
|
|t:|1779589809
|switch|p1a: Alomomola|Alomomola, M|100/100
|-damage|p1a: Alomomola|88/100|[from] Stealth Rock
|turn|10
|
|t:|1779589817
|move|p2a: Melo|Leaf Blade|p1a: Alomomola
|-supereffective|p1a: Alomomola
|-damage|p1a: Alomomola|0 fnt
|faint|p1a: Alomomola
|-damage|p2a: Melo|0 fnt|[from] item: Life Orb
|faint|p2a: Melo
|
|-weather|none
|upkeep
|
|t:|1779589827
|switch|p2a: Supa Hot Fire|Moltres|100/100
|switch|p1a: Rillaboom|Rillaboom, F, shiny|100/100
|-damage|p1a: Rillaboom|88/100|[from] Stealth Rock
|-fieldstart|move: Grassy Terrain|[from] ability: Grassy Surge|[of] p1a: Rillaboom
|turn|11
|
|t:|1779589835
|move|p1a: Rillaboom|Fake Out|p2a: Supa Hot Fire
|-damage|p2a: Supa Hot Fire|88/100
|cant|p2a: Supa Hot Fire|flinch
|
|-heal|p1a: Rillaboom|94/100|[from] Grassy Terrain
|upkeep
|turn|12
|
|t:|1779589850
|move|p1a: Rillaboom|Drum Beating|p2a: Supa Hot Fire
|-resisted|p2a: Supa Hot Fire
|-damage|p2a: Supa Hot Fire|75/100
|-unboost|p2a: Supa Hot Fire|spe|1
|move|p2a: Supa Hot Fire|Flamethrower|p1a: Rillaboom
|-supereffective|p1a: Rillaboom
|-damage|p1a: Rillaboom|0 fnt
|faint|p1a: Rillaboom
|
|win|Cheesefriezz
|raw|JsKari's rating: 1044 &rarr; <strong>1029</strong><br />(-15 for losing)
|raw|Cheesefriezz's rating: 1076 &rarr; <strong>1102</strong><br />(+26 for winning)
|l|☆JsKari
|player|p1|
