|j|☆trululu245
|j|☆baltrobalatrez
|t:|1779564251
|gametype|singles
|player|p1|trululu245|hilbert|1084
|player|p2|baltrobalatrez|harlequin|1013
|gen|9
|tier|[Gen 9] OU
|rated|
|rule|HP Percentage Mod: HP is shown in percentages
|rule|Endless Battle Clause: Forcing endless battles is banned
|rule|Species Clause: Limit one of each Pokémon
|rule|OHKO Clause: OHKO moves are banned
|rule|Evasion Items Clause: Evasion items are banned
|rule|Evasion Moves Clause: Evasion moves are banned
|rule|Evasion Abilities Clause: Evasion abilities are banned
|rule|Sleep Moves Clause: Sleep-inducing moves are banned
|clearpoke
|poke|p1|Lucario, M|
|poke|p1|Serperior, M|
|poke|p1|Empoleon, F|
|poke|p1|Snorlax, F|
|poke|p1|Hatterene, F|
|poke|p1|Zapdos|
|poke|p2|Gastrodon-East, F|
|poke|p2|Pelipper, M|
|poke|p2|Goodra, F|
|poke|p2|Samurott-Hisui, M|
|poke|p2|Manaphy|
|poke|p2|Ogerpon-Wellspring, F|
|teampreview
|inactive|Battle timer is ON: inactive players will automatically lose when time's up. (requested by trululu245)
|
|t:|1779564256
|teamsize|p1|6
|teamsize|p2|6
|start
|switch|p1a: Serperior|Serperior, M|100/100
|switch|p2a: majora´s mask|Ogerpon-Wellspring, F|100/100
|turn|1
|c|☆baltrobalatrez|gl hf
|
|t:|1779564264
|move|p1a: Serperior|Leaf Storm|p2a: majora´s mask|[miss]
|-miss|p1a: Serperior|p2a: majora´s mask
|move|p2a: majora´s mask|U-turn|p1a: Serperior
|-supereffective|p1a: Serperior
|-damage|p1a: Serperior|45/100
|
|t:|1779564279
|switch|p2a: fat bird|Pelipper, M|100/100|[from] U-turn
|-weather|RainDance|[from] ability: Drizzle|[of] p2a: fat bird
|
|-weather|RainDance|[upkeep]
|-heal|p1a: Serperior|51/100|[from] item: Leftovers
|upkeep
|turn|2
|
|t:|1779564292
|-terastallize|p2a: fat bird|Flying
|move|p1a: Serperior|Leaf Storm|p2a: fat bird
|-resisted|p2a: fat bird
|-damage|p2a: fat bird|57/100
|-boost|p1a: Serperior|spa|2
|move|p2a: fat bird|Hurricane|p1a: Serperior
|-supereffective|p1a: Serperior
|-damage|p1a: Serperior|0 fnt
|faint|p1a: Serperior
|
|-weather|RainDance|[upkeep]
|upkeep
|
|t:|1779564302
|switch|p1a: Zapdos|Zapdos|100/100
|turn|3
|
|t:|1779564312
|switch|p2a: gastrogoat|Gastrodon-East, F|100/100
|move|p1a: Zapdos|Volt Switch|p2a: gastrogoat
|-immune|p2a: gastrogoat
|
|-weather|RainDance|[upkeep]
|upkeep
|turn|4
|
|t:|1779564330
|move|p1a: Zapdos|Hurricane|p2a: gastrogoat
|-damage|p2a: gastrogoat|53/100
|move|p2a: gastrogoat|Substitute|p2a: gastrogoat
|-start|p2a: gastrogoat|Substitute
|-damage|p2a: gastrogoat|28/100
|
|-weather|RainDance|[upkeep]
|-heal|p2a: gastrogoat|34/100|[from] item: Leftovers
|upkeep
|turn|5
|
|t:|1779564349
|move|p1a: Zapdos|Hurricane|p2a: gastrogoat
|-end|p2a: gastrogoat|Substitute
|move|p2a: gastrogoat|Hydro Pump|p1a: Zapdos
|-damage|p1a: Zapdos|13/100
|
|-weather|none
|-heal|p2a: gastrogoat|41/100|[from] item: Leftovers
|upkeep
|turn|6
|
|t:|1779564369
|switch|p2a: mamasita|Goodra, F|100/100
|move|p1a: Zapdos|Roost|p1a: Zapdos
|-heal|p1a: Zapdos|63/100
|-singleturn|p1a: Zapdos|move: Roost
|
|upkeep
|turn|7
|
|t:|1779564384
|switch|p1a: Hatterene|Hatterene, F, shiny|100/100
|move|p2a: mamasita|Knock Off|p1a: Hatterene
|-damage|p1a: Hatterene|81/100
|-enditem|p1a: Hatterene|Fairy Feather|[from] move: Knock Off|[of] p2a: mamasita
|
|upkeep
|turn|8
|inactive|baltrobalatrez has 120 seconds left.
|
|t:|1779564409
|switch|p2a: aku|Samurott-Hisui, M|100/100
|move|p1a: Hatterene|Future Sight|p2a: aku
|-start|p1a: Hatterene|move: Future Sight
|
|upkeep
|turn|9
|inactive|baltrobalatrez has 120 seconds left.
|
|t:|1779564422
|switch|p1a: Zapdos|Zapdos|63/100
|move|p2a: aku|Ceaseless Edge|p1a: Zapdos
|-damage|p1a: Zapdos|7/100
|-sidestart|p1: trululu245|Spikes
|
|upkeep
|turn|10
|inactive|baltrobalatrez has 120 seconds left.
|
|t:|1779564435
|move|p1a: Zapdos|Hurricane|p2a: aku|[miss]
|-miss|p1a: Zapdos|p2a: aku
|move|p2a: aku|Flip Turn|p1a: Zapdos
|-damage|p1a: Zapdos|0 fnt
|-status|p2a: aku|par|[from] ability: Static|[of] p1a: Zapdos
|faint|p1a: Zapdos
|inactive|baltrobalatrez has 120 seconds left.
|
|t:|1779564447
|switch|p2a: gastrogoat|Gastrodon-East, F|41/100|[from] Flip Turn
|
|-end|p2a: gastrogoat|move: Future Sight
|-damage|p2a: gastrogoat|0 fnt
|faint|p2a: gastrogoat
|upkeep
|
|t:|1779564456
|switch|p1a: Lucario|Lucario, M|100/100
|switch|p2a: fat bird|Pelipper, M, tera:Flying|57/100
|-damage|p1a: Lucario|88/100|[from] Spikes
|-weather|RainDance|[from] ability: Drizzle|[of] p2a: fat bird
|turn|11
|inactive|baltrobalatrez has 120 seconds left.
|
|t:|1779564470
|move|p1a: Lucario|Metronome|p1a: Lucario
|move|p1a: Lucario|Jaw Lock|p2a: fat bird|[from] move: Metronome
|-damage|p2a: fat bird|31/100
|-activate|p1a: Lucario|trapped
|-activate|p2a: fat bird|trapped
|move|p2a: fat bird|Hurricane|p1a: Lucario
|-damage|p1a: Lucario|9/100
|
|-weather|RainDance|[upkeep]
|upkeep
|turn|12
|inactive|baltrobalatrez has 120 seconds left.
|
|t:|1779564483
|move|p1a: Lucario|Metronome|p1a: Lucario
|move|p1a: Lucario|Flame Wheel|p2a: fat bird|[from] move: Metronome
|-damage|p2a: fat bird|22/100
|move|p2a: fat bird|Hurricane|p1a: Lucario
|-damage|p1a: Lucario|0 fnt
|faint|p1a: Lucario
|
|-weather|RainDance|[upkeep]
|upkeep
|
|t:|1779564493
|switch|p1a: Empoleon|Empoleon, F|100/100
|turn|13
|inactive|baltrobalatrez has 120 seconds left.
|
|t:|1779564506
|switch|p2a: majora´s mask|Ogerpon-Wellspring, F|100/100
|move|p1a: Empoleon|Waterfall|p2a: majora´s mask
|-immune|p2a: majora´s mask|[from] ability: Water Absorb
|
|-weather|RainDance|[upkeep]
|upkeep
|turn|14
|inactive|baltrobalatrez has 120 seconds left.
|
|t:|1779564519
|move|p2a: majora´s mask|Spiky Shield|p2a: majora´s mask
|-singleturn|p2a: majora´s mask|move: Protect
|move|p1a: Empoleon|Stealth Rock|p2a: majora´s mask
|-sidestart|p2: baltrobalatrez|move: Stealth Rock
|
|-weather|RainDance|[upkeep]
|upkeep
|turn|15
|
|t:|1779564528
|switch|p1a: Hatterene|Hatterene, F, shiny|81/100
|-damage|p1a: Hatterene|69/100|[from] Spikes
|move|p2a: majora´s mask|Spiky Shield||[still]
|-fail|p2a: majora´s mask
|
|-weather|none
|upkeep
|turn|16
|
|t:|1779564536
|move|p2a: majora´s mask|Stomping Tantrum|p1a: Hatterene
|-damage|p1a: Hatterene|31/100
|move|p1a: Hatterene|Future Sight|p2a: majora´s mask
|-start|p1a: Hatterene|move: Future Sight
|
|upkeep
|turn|17
|
|t:|1779564548
|move|p2a: majora´s mask|Horn Leech|p1a: Hatterene
|-damage|p1a: Hatterene|1/100
|move|p1a: Hatterene|Pain Split|p2a: majora´s mask
|-sethp|p2a: majora´s mask|51/100|[from] move: Pain Split|[silent]
|-sethp|p1a: Hatterene|48/100|[from] move: Pain Split
|
|upkeep
|turn|18
|
|t:|1779564556
|move|p2a: majora´s mask|Horn Leech|p1a: Hatterene
|-damage|p1a: Hatterene|17/100
|-heal|p2a: majora´s mask|67/100|[from] drain|[of] p1a: Hatterene
|move|p1a: Hatterene|Trick Room|p1a: Hatterene
|-fieldstart|move: Trick Room|[of] p1a: Hatterene
|
|-end|p2a: majora´s mask|move: Future Sight
|-damage|p2a: majora´s mask|13/100
|upkeep
|turn|19
|
|t:|1779564565
|move|p2a: majora´s mask|Spiky Shield|p2a: majora´s mask
|-singleturn|p2a: majora´s mask|move: Protect
|move|p1a: Hatterene|Future Sight|p2a: majora´s mask
|-start|p1a: Hatterene|move: Future Sight
|
|upkeep
|turn|20
|
|t:|1779564577
|switch|p1a: Snorlax|Snorlax, F, shiny|100/100
|-damage|p1a: Snorlax|88/100|[from] Spikes
|move|p2a: majora´s mask|Spiky Shield||[still]
|-fail|p2a: majora´s mask
|
|upkeep
|turn|21
|
|t:|1779564584
|move|p1a: Snorlax|Curse|p1a: Snorlax
|-unboost|p1a: Snorlax|spe|1
|-boost|p1a: Snorlax|atk|1
|-boost|p1a: Snorlax|def|1
|move|p2a: majora´s mask|Stomping Tantrum|p1a: Snorlax
|-damage|p1a: Snorlax|57/100
|
|-end|p2a: majora´s mask|move: Future Sight
|-damage|p2a: majora´s mask|0 fnt
|faint|p2a: majora´s mask
|upkeep
|
|t:|1779564595
|switch|p2a: fat bird|Pelipper, M, tera:Flying|22/100
|-weather|RainDance|[from] ability: Drizzle|[of] p2a: fat bird
|turn|22
|
|t:|1779564604
|move|p1a: Snorlax|Curse|p1a: Snorlax
|-unboost|p1a: Snorlax|spe|1
|-boost|p1a: Snorlax|atk|1
|-boost|p1a: Snorlax|def|1
|move|p2a: fat bird|Hurricane|p1a: Snorlax
|-damage|p1a: Snorlax|35/100
|-enditem|p1a: Snorlax|Figy Berry|[eat]
|-heal|p1a: Snorlax|68/100|[from] item: Figy Berry
|
|-weather|RainDance|[upkeep]
|-fieldend|move: Trick Room
|upkeep
|turn|23
|
|t:|1779564618
|move|p2a: fat bird|Hurricane|p1a: Snorlax
|-damage|p1a: Snorlax|47/100
|move|p1a: Snorlax|Heat Crash|p2a: fat bird
|-damage|p2a: fat bird|0 fnt
|faint|p2a: fat bird
|
|-weather|RainDance|[upkeep]
|upkeep
|
|t:|1779564633
|switch|p2a: el bebe|Manaphy|100/100
|turn|24
|
|t:|1779564642
|move|p2a: el bebe|Heart Swap|p1a: Snorlax
|-swapboost|p2a: el bebe|p1a: Snorlax|[from] move: Heart Swap
|move|p1a: Snorlax|Recycle|p1a: Snorlax
|-item|p1a: Snorlax|Figy Berry|[from] move: Recycle
|-enditem|p1a: Snorlax|Figy Berry|[eat]
|-heal|p1a: Snorlax|80/100|[from] item: Figy Berry
|
|-weather|RainDance|[upkeep]
|upkeep
|turn|25
|
|t:|1779564661
|-terastallize|p1a: Snorlax|Ghost
|move|p2a: el bebe|Scald|p1a: Snorlax
|-damage|p1a: Snorlax|60/100
|move|p1a: Snorlax|Gunk Shot|p2a: el bebe
|-damage|p2a: el bebe|87/100
|
|-weather|RainDance|[upkeep]
|upkeep
|turn|26
|
|t:|1779564673
|move|p2a: el bebe|Ice Beam|p1a: Snorlax
|-damage|p1a: Snorlax|49/100
|move|p1a: Snorlax|Gunk Shot|p2a: el bebe
|-damage|p2a: el bebe|73/100
|
|-weather|none
|upkeep
|turn|27
|
|t:|1779564683
|move|p2a: el bebe|Ice Beam|p1a: Snorlax
|-damage|p1a: Snorlax|40/100
|move|p1a: Snorlax|Recycle|p1a: Snorlax
|-item|p1a: Snorlax|Figy Berry|[from] move: Recycle
|-enditem|p1a: Snorlax|Figy Berry|[eat]
|-heal|p1a: Snorlax|73/100|[from] item: Figy Berry
|
|upkeep
|turn|28
|
|t:|1779564699
|move|p2a: el bebe|Scald|p1a: Snorlax
|-damage|p1a: Snorlax|61/100
|move|p1a: Snorlax|Recycle|p1a: Snorlax
|-item|p1a: Snorlax|Figy Berry|[from] move: Recycle
|
|upkeep
|turn|29
|
|t:|1779564708
|move|p2a: el bebe|Scald|p1a: Snorlax
|-damage|p1a: Snorlax|47/100
|-enditem|p1a: Snorlax|Figy Berry|[eat]
|-heal|p1a: Snorlax|80/100|[from] item: Figy Berry
|move|p1a: Snorlax|Gunk Shot|p2a: el bebe
|-damage|p2a: el bebe|58/100
|
|upkeep
|turn|30
|
|t:|1779564716
|move|p2a: el bebe|Scald|p1a: Snorlax
|-damage|p1a: Snorlax|67/100
|move|p1a: Snorlax|Recycle|p1a: Snorlax
|-item|p1a: Snorlax|Figy Berry|[from] move: Recycle
|
|upkeep
|turn|31
|
|t:|1779564724
|move|p2a: el bebe|Scald|p1a: Snorlax
|-damage|p1a: Snorlax|53/100
|move|p1a: Snorlax|Curse|p2a: el bebe
|-start|p2a: el bebe|Curse|[of] p1a: Snorlax
|-damage|p1a: Snorlax|3/100
|-enditem|p1a: Snorlax|Figy Berry|[eat]
|-heal|p1a: Snorlax|36/100|[from] item: Figy Berry
|
|-damage|p2a: el bebe|33/100|[from] Curse
|upkeep
|turn|32
|
|t:|1779564734
|move|p2a: el bebe|Scald|p1a: Snorlax
|-damage|p1a: Snorlax|22/100
|move|p1a: Snorlax|Recycle|p1a: Snorlax
|-item|p1a: Snorlax|Figy Berry|[from] move: Recycle
|-enditem|p1a: Snorlax|Figy Berry|[eat]
|-heal|p1a: Snorlax|55/100|[from] item: Figy Berry
|
|-damage|p2a: el bebe|8/100|[from] Curse
|upkeep
|turn|33
|c|☆baltrobalatrez|how the fuck did you not burn yet
|
|t:|1779564758
|move|p2a: el bebe|Scald|p1a: Snorlax
|-damage|p1a: Snorlax|43/100
|move|p1a: Snorlax|Recycle|p1a: Snorlax
|-item|p1a: Snorlax|Figy Berry|[from] move: Recycle
|-enditem|p1a: Snorlax|Figy Berry|[eat]
|-heal|p1a: Snorlax|76/100|[from] item: Figy Berry
|
|-damage|p2a: el bebe|0 fnt|[from] Curse
|faint|p2a: el bebe
|upkeep
|inactive|baltrobalatrez has 120 seconds left.
|
|t:|1779564783
|switch|p2a: aku|Samurott-Hisui, M|100/100 par
|-damage|p2a: aku|88/100 par|[from] Stealth Rock
|turn|34
|
|t:|1779564792
|cant|p2a: aku|par
|move|p1a: Snorlax|Recycle|p1a: Snorlax
|-item|p1a: Snorlax|Figy Berry|[from] move: Recycle
|
|upkeep
|turn|35
|
|t:|1779564798
|cant|p2a: aku|par
|move|p1a: Snorlax|Gunk Shot|p2a: aku
|-crit|p2a: aku
|-damage|p2a: aku|30/100 par
|
|upkeep
|turn|36
|
|t:|1779564804
|cant|p2a: aku|par
|move|p1a: Snorlax|Gunk Shot|p2a: aku
|-damage|p2a: aku|0 fnt
|faint|p2a: aku
|
|upkeep
|c|☆baltrobalatrez|how!??!?!?!?
|inactive|baltrobalatrez has 120 seconds left.
|c|☆baltrobalatrez|first you pokemon doesn't burn and know three paralisis!?!??
|
|t:|1779564835
|switch|p2a: mamasita|Goodra, F|100/100
|-damage|p2a: mamasita|88/100|[from] Stealth Rock
|turn|37
|
|t:|1779564847
|move|p2a: mamasita|Scald|p1a: Snorlax
|-damage|p1a: Snorlax|64/100
|-status|p1a: Snorlax|brn
|move|p1a: Snorlax|Curse|p2a: mamasita
|-start|p2a: mamasita|Curse|[of] p1a: Snorlax
|-damage|p1a: Snorlax|14/100 brn
|-enditem|p1a: Snorlax|Figy Berry|[eat]
|-heal|p1a: Snorlax|47/100 brn|[from] item: Figy Berry
|
|-damage|p1a: Snorlax|41/100 brn|[from] brn
|-damage|p2a: mamasita|63/100|[from] Curse
|upkeep
|turn|38
|
|t:|1779564859
|move|p2a: mamasita|Knock Off|p1a: Snorlax
|-supereffective|p1a: Snorlax
|-damage|p1a: Snorlax|14/100 brn
|move|p1a: Snorlax|Recycle|p1a: Snorlax
|-item|p1a: Snorlax|Figy Berry|[from] move: Recycle
|-enditem|p1a: Snorlax|Figy Berry|[eat]
|-heal|p1a: Snorlax|47/100 brn|[from] item: Figy Berry
|
|-damage|p1a: Snorlax|41/100 brn|[from] brn
|-damage|p2a: mamasita|38/100|[from] Curse
|upkeep
|turn|39
|
|t:|1779564868
|move|p2a: mamasita|Knock Off|p1a: Snorlax
|-supereffective|p1a: Snorlax
|-damage|p1a: Snorlax|12/100 brn
|move|p1a: Snorlax|Recycle|p1a: Snorlax
|-item|p1a: Snorlax|Figy Berry|[from] move: Recycle
|-enditem|p1a: Snorlax|Figy Berry|[eat]
|-heal|p1a: Snorlax|45/100 brn|[from] item: Figy Berry
|
|-damage|p1a: Snorlax|39/100 brn|[from] brn
|-damage|p2a: mamasita|13/100|[from] Curse
|upkeep
|turn|40
|
|t:|1779564879
|move|p2a: mamasita|Knock Off|p1a: Snorlax
|-supereffective|p1a: Snorlax
|-damage|p1a: Snorlax|11/100 brn
|move|p1a: Snorlax|Gunk Shot|p2a: mamasita
|-damage|p2a: mamasita|0 fnt
|faint|p2a: mamasita
|
|win|trululu245
