|badge|p2|bronze|gen9randombattle|100-9
|uhtml|medal-msg|<div class="broadcast-blue">Curious what those medals under the avatar are? PS now has Ladder Seasons! For more information, check out the <a href="https://www.smogon.com/forums/threads/3740067/">thread on Smogon.</a></div>
|j|☆HoshinoRiko
|j|☆Gloriousplays
|t:|1779625469
|gametype|singles
|player|p1|HoshinoRiko|marnie-masters3|1402
|player|p2|Gloriousplays|101|1480
|gen|9
|tier|[Gen 9] OU
|rated|
|rule|HP Percentage Mod: HP is shown in percentages
|rule|Endless Battle Clause: Forcing endless battles is banned
|rule|Species Clause: Limit one of each Pokémon
|rule|OHKO Clause: OHKO moves are banned
|rule|Evasion Items Clause: Evasion items are banned
|rule|Evasion Moves Clause: Evasion moves are banned
|rule|Evasion Abilities Clause: Evasion abilities are banned
|rule|Sleep Moves Clause: Sleep-inducing moves are banned
|clearpoke
|poke|p1|Raging Bolt|
|poke|p1|Rillaboom, F|
|poke|p1|Pecharunt|
|poke|p1|Sinistcha|
|poke|p1|Maushold|
|poke|p1|Iron Boulder|
|poke|p2|Zamazenta-*|
|poke|p2|Iron Hands|
|poke|p2|Ceruledge, F|
|poke|p2|Iron Valiant|
|poke|p2|Deoxys-Speed|
|poke|p2|Glimmora, F|
|teampreview
|
|t:|1779625494
|teamsize|p1|6
|teamsize|p2|6
|start
|switch|p1a: Iron Boulder|Iron Boulder|100/100
|switch|p2a: Deoxys|Deoxys-Speed|100/100
|-ability|p2a: Deoxys|Pressure
|-enditem|p1a: Iron Boulder|Booster Energy
|-activate|p1a: Iron Boulder|ability: Quark Drive|[fromitem]
|-start|p1a: Iron Boulder|quarkdrivespe
|turn|1
|inactive|Battle timer is ON: inactive players will automatically lose when time's up. (requested by HoshinoRiko)
|
|t:|1779625524
|move|p1a: Iron Boulder|Mighty Cleave|p2a: Deoxys
|-crit|p2a: Deoxys
|-damage|p2a: Deoxys|10/100
|move|p2a: Deoxys|Reflect|p2a: Deoxys
|-sidestart|p2: Gloriousplays|Reflect
|
|upkeep
|turn|2
|
|t:|1779625550
|switch|p2a: Glimmora|Glimmora, F|100/100
|move|p1a: Iron Boulder|Brick Break|p2a: Glimmora
|-sideend|p2: Gloriousplays|Reflect
|-damage|p2a: Glimmora|83/100
|-activate|p2a: Glimmora|ability: Toxic Debris
|-sidestart|p1: HoshinoRiko|move: Toxic Spikes
|-enditem|p2a: Glimmora|Red Card|[of] p1a: Iron Boulder
|-end|p1a: Iron Boulder|Quark Drive|[silent]
|drag|p1a: Rillaboom|Rillaboom, F|100/100
|-status|p1a: Rillaboom|psn
|-fieldstart|move: Grassy Terrain|[from] ability: Grassy Surge|[of] p1a: Rillaboom
|
|-heal|p2a: Glimmora|89/100|[from] Grassy Terrain
|-damage|p1a: Rillaboom|88/100 psn|[from] psn
|upkeep
|turn|3
|inactive|Gloriousplays has 120 seconds left.
|
|t:|1779625588
|move|p1a: Rillaboom|Wood Hammer|p2a: Glimmora
|-damage|p2a: Glimmora|5/100
|-activate|p2a: Glimmora|ability: Toxic Debris
|-sidestart|p1: HoshinoRiko|move: Toxic Spikes
|-damage|p1a: Rillaboom|58/100 psn|[from] Recoil
|-damage|p1a: Rillaboom|48/100 psn|[from] item: Life Orb
|move|p2a: Glimmora|Stealth Rock|p1a: Rillaboom
|-sidestart|p1: HoshinoRiko|move: Stealth Rock
|
|-heal|p1a: Rillaboom|54/100 psn|[from] Grassy Terrain
|-heal|p2a: Glimmora|12/100|[from] Grassy Terrain
|-damage|p1a: Rillaboom|42/100 psn|[from] psn
|upkeep
|turn|4
|
|t:|1779625600
|move|p1a: Rillaboom|Grassy Glide|p2a: Glimmora
|-damage|p2a: Glimmora|0 fnt
|faint|p2a: Glimmora
|-damage|p1a: Rillaboom|32/100 psn|[from] item: Life Orb
|
|-heal|p1a: Rillaboom|38/100 psn|[from] Grassy Terrain
|-damage|p1a: Rillaboom|26/100 psn|[from] psn
|upkeep
|
|t:|1779625619
|switch|p2a: Ceruledge|Ceruledge, F|100/100
|turn|5
|
|t:|1779625629
|move|p2a: Ceruledge|Shadow Sneak|p1a: Rillaboom
|-damage|p1a: Rillaboom|0 fnt
|faint|p1a: Rillaboom
|-damage|p2a: Ceruledge|91/100|[from] item: Life Orb
|
|-heal|p2a: Ceruledge|97/100|[from] Grassy Terrain
|upkeep
|
|t:|1779625639
|switch|p1a: Maushold|Maushold|100/100
|-status|p1a: Maushold|tox
|-damage|p1a: Maushold|88/100 tox|[from] Stealth Rock
|turn|6
|
|t:|1779625658
|switch|p2a: Zamazenta|Zamazenta|100/100
|-ability|p2a: Zamazenta|Dauntless Shield|boost
|-boost|p2a: Zamazenta|def|1
|move|p1a: Maushold|Tidy Up|p1a: Maushold
|-sideend|p1: HoshinoRiko|Toxic Spikes
|-sideend|p1: HoshinoRiko|Stealth Rock
|-activate|p1a: Maushold|move: Tidy Up
|-boost|p1a: Maushold|atk|1
|-boost|p1a: Maushold|spe|1
|
|-heal|p1a: Maushold|94/100 tox|[from] Grassy Terrain
|-damage|p1a: Maushold|88/100 tox|[from] psn
|-fieldend|move: Grassy Terrain
|upkeep
|turn|7
|
|t:|1779625670
|-terastallize|p2a: Zamazenta|Steel
|move|p1a: Maushold|Thunder Wave|p2a: Zamazenta
|-status|p2a: Zamazenta|par
|move|p2a: Zamazenta|Body Press|p1a: Maushold
|-supereffective|p1a: Maushold
|-damage|p1a: Maushold|0 fnt
|faint|p1a: Maushold
|
|upkeep
|
|t:|1779625679
|switch|p1a: Pecharunt|Pecharunt|100/100
|turn|8
|
|t:|1779625684
|move|p1a: Pecharunt|Nasty Plot|p1a: Pecharunt
|-boost|p1a: Pecharunt|spa|2
|move|p2a: Zamazenta|Heavy Slam|p1a: Pecharunt
|-damage|p1a: Pecharunt|72/100
|
|upkeep
|turn|9
|
|t:|1779625694
|move|p1a: Pecharunt|Nasty Plot|p1a: Pecharunt
|-boost|p1a: Pecharunt|spa|2
|cant|p2a: Zamazenta|par
|
|upkeep
|turn|10
|
|t:|1779625704
|move|p1a: Pecharunt|Shadow Ball|p2a: Zamazenta
|-damage|p2a: Zamazenta|32/100 par
|move|p2a: Zamazenta|Roar|p1a: Pecharunt
|drag|p1a: Iron Boulder|Iron Boulder|100/100
|
|-heal|p2a: Zamazenta|38/100 par|[from] item: Leftovers
|upkeep
|turn|11
|
|t:|1779625713
|move|p1a: Iron Boulder|Brick Break|p2a: Zamazenta
|-supereffective|p2a: Zamazenta
|-damage|p2a: Zamazenta|11/100 par
|cant|p2a: Zamazenta|par
|
|-heal|p2a: Zamazenta|17/100 par|[from] item: Leftovers
|upkeep
|turn|12
|
|t:|1779625726
|move|p1a: Iron Boulder|Brick Break|p2a: Zamazenta
|-supereffective|p2a: Zamazenta
|-damage|p2a: Zamazenta|0 fnt
|faint|p2a: Zamazenta
|
|upkeep
|
|t:|1779625737
|switch|p2a: Deoxys|Deoxys-Speed|10/100
|-ability|p2a: Deoxys|Pressure
|turn|13
|
|t:|1779625746
|move|p2a: Deoxys|Light Screen|p2a: Deoxys
|-sidestart|p2: Gloriousplays|move: Light Screen
|move|p1a: Iron Boulder|Mighty Cleave|p2a: Deoxys
|-damage|p2a: Deoxys|0 fnt
|faint|p2a: Deoxys
|
|upkeep
|
|t:|1779625772
|switch|p2a: Iron Hands|Iron Hands|100/100
|-enditem|p2a: Iron Hands|Booster Energy
|-activate|p2a: Iron Hands|ability: Quark Drive|[fromitem]
|-start|p2a: Iron Hands|quarkdriveatk
|turn|14
|
|t:|1779625787
|-terastallize|p1a: Iron Boulder|Flying
|move|p1a: Iron Boulder|Zen Headbutt|p2a: Iron Hands
|-supereffective|p2a: Iron Hands
|-damage|p2a: Iron Hands|40/100
|move|p2a: Iron Hands|Supercell Slam|p1a: Iron Boulder
|-supereffective|p1a: Iron Boulder
|-damage|p1a: Iron Boulder|0 fnt
|faint|p1a: Iron Boulder
|-end|p1a: Iron Boulder|Quark Drive|[silent]
|
|upkeep
|
|t:|1779625810
|switch|p1a: Sinistcha|Sinistcha|100/100
|turn|15
|
|t:|1779625819
|move|p2a: Iron Hands|Ice Punch|p1a: Sinistcha
|-supereffective|p1a: Sinistcha
|-damage|p1a: Sinistcha|46/100
|move|p1a: Sinistcha|Strength Sap|p2a: Iron Hands
|-unboost|p2a: Iron Hands|atk|1
|-heal|p1a: Sinistcha|100/100
|
|upkeep
|turn|16
|
|t:|1779625832
|move|p2a: Iron Hands|Ice Punch|p1a: Sinistcha
|-supereffective|p1a: Sinistcha
|-damage|p1a: Sinistcha|61/100
|move|p1a: Sinistcha|Calm Mind|p1a: Sinistcha
|-boost|p1a: Sinistcha|spa|1
|-boost|p1a: Sinistcha|spd|1
|
|upkeep
|turn|17
|
|t:|1779625838
|-end|p2a: Iron Hands|Quark Drive|[silent]
|switch|p2a: Ceruledge|Ceruledge, F|97/100
|move|p1a: Sinistcha|Strength Sap|p2a: Ceruledge
|-unboost|p2a: Ceruledge|atk|1
|-heal|p1a: Sinistcha|100/100
|
|upkeep
|turn|18
|
|t:|1779625852
|switch|p2a: Iron Hands|Iron Hands|40/100
|move|p1a: Sinistcha|Calm Mind|p1a: Sinistcha
|-boost|p1a: Sinistcha|spa|1
|-boost|p1a: Sinistcha|spd|1
|
|upkeep
|turn|19
|
|t:|1779625858
|move|p2a: Iron Hands|Ice Punch|p1a: Sinistcha
|-supereffective|p1a: Sinistcha
|-crit|p1a: Sinistcha
|-damage|p1a: Sinistcha|39/100
|move|p1a: Sinistcha|Strength Sap|p2a: Iron Hands
|-unboost|p2a: Iron Hands|atk|1
|-heal|p1a: Sinistcha|100/100
|
|upkeep
|turn|20
|
|t:|1779625874
|move|p2a: Iron Hands|Ice Punch|p1a: Sinistcha
|-supereffective|p1a: Sinistcha
|-damage|p1a: Sinistcha|74/100
|move|p1a: Sinistcha|Shadow Ball|p2a: Iron Hands
|-damage|p2a: Iron Hands|10/100
|
|-sideend|p2: Gloriousplays|move: Light Screen
|upkeep
|turn|21
|
|t:|1779625884
|move|p2a: Iron Hands|Ice Punch|p1a: Sinistcha
|-supereffective|p1a: Sinistcha
|-damage|p1a: Sinistcha|43/100
|move|p1a: Sinistcha|Strength Sap|p2a: Iron Hands
|-unboost|p2a: Iron Hands|atk|1
|-heal|p1a: Sinistcha|100/100
|
|upkeep
|turn|22
|
|t:|1779625894
|move|p2a: Iron Hands|Ice Punch|p1a: Sinistcha
|-supereffective|p1a: Sinistcha
|-damage|p1a: Sinistcha|81/100
|move|p1a: Sinistcha|Shadow Ball|p2a: Iron Hands
|-damage|p2a: Iron Hands|0 fnt
|faint|p2a: Iron Hands
|-end|p2a: Iron Hands|Quark Drive|[silent]
|
|upkeep
|
|t:|1779625899
|switch|p2a: Ceruledge|Ceruledge, F|97/100
|turn|23
|
|t:|1779625904
|move|p2a: Ceruledge|Poltergeist|p1a: Sinistcha
|-activate|p1a: Sinistcha|move: Poltergeist|Mental Herb
|-supereffective|p1a: Sinistcha
|-damage|p1a: Sinistcha|0 fnt
|faint|p1a: Sinistcha
|-damage|p2a: Ceruledge|87/100|[from] item: Life Orb
|
|upkeep
|
|t:|1779625920
|switch|p1a: Raging Bolt|Raging Bolt|100/100
|turn|24
|
|t:|1779625929
|move|p2a: Ceruledge|Poltergeist|p1a: Raging Bolt
|-activate|p1a: Raging Bolt|move: Poltergeist|Assault Vest
|-damage|p1a: Raging Bolt|37/100
|-damage|p2a: Ceruledge|77/100|[from] item: Life Orb
|move|p1a: Raging Bolt|Thunderbolt|p2a: Ceruledge
|-damage|p2a: Ceruledge|12/100
|
|upkeep
|turn|25
|
|t:|1779625937
|move|p1a: Raging Bolt|Thunderclap||[still]
|-fail|p1a: Raging Bolt
|move|p2a: Ceruledge|Swords Dance|p2a: Ceruledge
|-boost|p2a: Ceruledge|atk|2
|
|upkeep
|turn|26
|
|t:|1779625944
|move|p2a: Ceruledge|Shadow Sneak|p1a: Raging Bolt
|-damage|p1a: Raging Bolt|0 fnt
|faint|p1a: Raging Bolt
|-end|p1a: Raging Bolt|Protosynthesis|[silent]
|-damage|p2a: Ceruledge|2/100|[from] item: Life Orb
|
|upkeep
|
|t:|1779625948
|switch|p1a: Pecharunt|Pecharunt|72/100
|turn|27
|
|t:|1779625957
|move|p2a: Ceruledge|Shadow Sneak|p1a: Pecharunt
|-supereffective|p1a: Pecharunt
|-damage|p1a: Pecharunt|8/100
|-damage|p2a: Ceruledge|0 fnt|[from] item: Life Orb
|faint|p2a: Ceruledge
|move|p1a: Pecharunt|Shadow Ball|p2: Ceruledge|[notarget]
|-fail|p1a: Pecharunt
|
|upkeep
|
|t:|1779625960
|switch|p2a: Iron Valiant|Iron Valiant|100/100
|-enditem|p2a: Iron Valiant|Booster Energy
|-activate|p2a: Iron Valiant|ability: Quark Drive|[fromitem]
|-start|p2a: Iron Valiant|quarkdrivespe
|turn|28
|c|☆Gloriousplays|gg
|c|☆Gloriousplays|buddy
|
|t:|1779625968
|move|p2a: Iron Valiant|Thunderbolt|p1a: Pecharunt
|-damage|p1a: Pecharunt|0 fnt
|faint|p1a: Pecharunt
|
|win|Gloriousplays
|raw|HoshinoRiko's rating: 1402 &rarr; <strong>1386</strong><br />(-16 for losing)
|raw|Gloriousplays's rating: 1480 &rarr; <strong>1496</strong><br />(+16 for winning)
|l|☆Gloriousplays
|player|p2|
|l|☆HoshinoRiko
|player|p1|
