|j|☆draconotmeteor
|j|☆Gulptubus
|t:|1779704046
|gametype|singles
|player|p1|draconotmeteor|shauntal|1404
|player|p2|Gulptubus|pokemonranger-gen4|1519
|gen|9
|tier|[Gen 9] OU
|rated|
|rule|HP Percentage Mod: HP is shown in percentages
|rule|Endless Battle Clause: Forcing endless battles is banned
|rule|Species Clause: Limit one of each Pokémon
|rule|OHKO Clause: OHKO moves are banned
|rule|Evasion Items Clause: Evasion items are banned
|rule|Evasion Moves Clause: Evasion moves are banned
|rule|Evasion Abilities Clause: Evasion abilities are banned
|rule|Sleep Moves Clause: Sleep-inducing moves are banned
|clearpoke
|poke|p1|Corviknight, F|
|poke|p1|Ting-Lu|
|poke|p1|Slowking-Galar, F|
|poke|p1|Kyurem|
|poke|p1|Garganacl, F|
|poke|p1|Iron Valiant|
|poke|p2|Zamazenta-*|
|poke|p2|Zoroark-Hisui, F|
|poke|p2|Hoopa-Unbound|
|poke|p2|Iron Treads|
|poke|p2|Hydrapple, F|
|poke|p2|Iron Moth|
|teampreview
|
|t:|1779704064
|teamsize|p1|6
|teamsize|p2|6
|start
|switch|p1a: Kyurem|Kyurem|100/100
|switch|p2a: Iron Treads|Iron Treads|100/100
|-ability|p1a: Kyurem|Pressure
|turn|1
|
|t:|1779704070
|switch|p2a: Hoopa|Hoopa-Unbound|100/100
|move|p1a: Kyurem|Protect||[still]
|-fail|p1a: Kyurem
|
|upkeep
|turn|2
|
|t:|1779704073
|move|p1a: Kyurem|Protect|p1a: Kyurem
|-singleturn|p1a: Kyurem|Protect
|move|p2a: Hoopa|Knock Off|p1a: Kyurem
|-activate|p1a: Kyurem|move: Protect
|
|upkeep
|turn|3
|
|t:|1779704077
|switch|p1a: Corviknight|Corviknight, F|100/100
|-ability|p1a: Corviknight|Pressure
|move|p2a: Hoopa|Drain Punch|p1a: Corviknight
|-damage|p1a: Corviknight|85/100
|-damage|p2a: Hoopa|84/100|[from] item: Rocky Helmet|[of] p1a: Corviknight
|
|upkeep
|turn|4
|
|t:|1779704084
|move|p2a: Hoopa|Thunderbolt|p1a: Corviknight
|-supereffective|p1a: Corviknight
|-damage|p1a: Corviknight|12/100
|move|p1a: Corviknight|U-turn|p2a: Hoopa
|-supereffective|p2a: Hoopa
|-damage|p2a: Hoopa|20/100
|
|t:|1779704096
|switch|p1a: Kyurem|Kyurem|100/100|[from] U-turn
|-ability|p1a: Kyurem|Pressure
|
|upkeep
|turn|5
|
|t:|1779704101
|-terastallize|p1a: Kyurem|Ground
|move|p1a: Kyurem|Earth Power|p2a: Hoopa
|-damage|p2a: Hoopa|0 fnt
|faint|p2a: Hoopa
|
|upkeep
|
|t:|1779704106
|switch|p2a: Iron Treads|Iron Treads|100/100
|turn|6
|
|t:|1779704109
|move|p1a: Kyurem|Protect|p1a: Kyurem
|-singleturn|p1a: Kyurem|Protect
|move|p2a: Iron Treads|Grass Knot|p1a: Kyurem
|-activate|p1a: Kyurem|move: Protect
|
|upkeep
|turn|7
|
|t:|1779704115
|switch|p1a: Slowking|Slowking-Galar, F|100/100
|move|p2a: Iron Treads|Grass Knot|p1a: Slowking
|-resisted|p1a: Slowking
|-damage|p1a: Slowking|88/100
|
|upkeep
|turn|8
|
|t:|1779704121
|switch|p2a: Iron Treads|Iron Treads|100/100
|-prepare|p1a: Slowking|Chilly Reception|[premajor]
|move|p1a: Slowking|Chilly Reception|p1a: Slowking
|-weather|Snowscape
|
|t:|1779704125
|switch|p1a: Iron Valiant|Iron Valiant|100/100|[from] Chilly Reception
|
|-weather|Snowscape|[upkeep]
|upkeep
|turn|9
|
|t:|1779704133
|-end|p2a: Iron Treads|Quark Drive|[silent]
|switch|p2a: Iron Treads|Iron Treads|100/100
|move|p1a: Iron Valiant|Trick|p2a: Iron Treads
|-activate|p1a: Iron Valiant|move: Trick|[of] p2a: Iron Treads
|-item|p2a: Iron Treads|Choice Specs|[from] move: Trick
|-item|p1a: Iron Valiant|Choice Specs|[from] move: Trick
|
|-weather|Snowscape|[upkeep]
|upkeep
|turn|10
|
|t:|1779704142
|-end|p1a: Iron Valiant|Quark Drive|[silent]
|switch|p1a: Garganacl|Garganacl, F|100/100
|move|p2a: Iron Treads|Shadow Ball|p1a: Garganacl
|-damage|p1a: Garganacl|78/100
|
|-weather|Snowscape|[upkeep]
|-heal|p1a: Garganacl|84/100|[from] item: Leftovers
|upkeep
|turn|11
|
|t:|1779704150
|switch|p2a: Iron Treads|Iron Treads|100/100
|move|p1a: Garganacl|Stealth Rock|p2a: Iron Treads
|-sidestart|p2: Gulptubus|move: Stealth Rock
|
|-weather|Snowscape|[upkeep]
|-heal|p1a: Garganacl|91/100|[from] item: Leftovers
|upkeep
|turn|12
|
|t:|1779704152
|move|p1a: Garganacl|Protect|p1a: Garganacl
|-singleturn|p1a: Garganacl|Protect
|move|p2a: Iron Treads|Stealth Rock|p1a: Garganacl
|-sidestart|p1: draconotmeteor|move: Stealth Rock
|
|-weather|none
|-heal|p1a: Garganacl|97/100|[from] item: Leftovers
|upkeep
|turn|13
|
|t:|1779704154
|move|p2a: Iron Treads|Rapid Spin|p1a: Garganacl
|-resisted|p1a: Garganacl
|-damage|p1a: Garganacl|93/100
|-boost|p2a: Iron Treads|spe|1
|-sideend|p2: Gulptubus|Stealth Rock|[from] move: Rapid Spin|[of] p2a: Iron Treads
|move|p1a: Garganacl|Salt Cure|p2a: Iron Treads
|-resisted|p2a: Iron Treads
|-damage|p2a: Iron Treads|98/100
|-start|p2a: Iron Treads|Salt Cure
|
|-heal|p2a: Iron Treads|100/100|[from] item: Leftovers
|-heal|p1a: Garganacl|99/100|[from] item: Leftovers
|-damage|p2a: Iron Treads|76/100|[from] Salt Cure
|upkeep
|turn|14
|
|t:|1779704157
|move|p2a: Iron Treads|Earthquake|p1a: Garganacl
|-supereffective|p1a: Garganacl
|-damage|p1a: Garganacl|50/100
|move|p1a: Garganacl|Stealth Rock|p2a: Iron Treads
|-sidestart|p2: Gulptubus|move: Stealth Rock
|
|-heal|p2a: Iron Treads|82/100|[from] item: Leftovers
|-heal|p1a: Garganacl|56/100|[from] item: Leftovers
|-damage|p2a: Iron Treads|57/100|[from] Salt Cure
|upkeep
|turn|15
|
|t:|1779704160
|move|p1a: Garganacl|Protect|p1a: Garganacl
|-singleturn|p1a: Garganacl|Protect
|move|p2a: Iron Treads|Rapid Spin|p1a: Garganacl
|-activate|p1a: Garganacl|move: Protect
|
|-heal|p2a: Iron Treads|63/100|[from] item: Leftovers
|-heal|p1a: Garganacl|62/100|[from] item: Leftovers
|-damage|p2a: Iron Treads|38/100|[from] Salt Cure
|upkeep
|turn|16
|
|t:|1779704162
|move|p2a: Iron Treads|Rapid Spin|p1a: Garganacl
|-resisted|p1a: Garganacl
|-damage|p1a: Garganacl|58/100
|-boost|p2a: Iron Treads|spe|1
|-sideend|p2: Gulptubus|Stealth Rock|[from] move: Rapid Spin|[of] p2a: Iron Treads
|move|p1a: Garganacl|Recover|p1a: Garganacl
|-heal|p1a: Garganacl|100/100
|
|-heal|p2a: Iron Treads|44/100|[from] item: Leftovers
|-damage|p2a: Iron Treads|19/100|[from] Salt Cure
|upkeep
|turn|17
|
|t:|1779704169
|-end|p2a: Iron Treads|Quark Drive|[silent]
|switch|p2a: Iron Treads|Iron Treads|100/100
|move|p1a: Garganacl|Stealth Rock|p2a: Iron Treads
|-sidestart|p2: Gulptubus|move: Stealth Rock
|
|upkeep
|turn|18
|
|t:|1779704173
|move|p1a: Garganacl|Protect|p1a: Garganacl
|-singleturn|p1a: Garganacl|Protect
|move|p2a: Iron Treads|Trick|p1a: Garganacl
|-activate|p1a: Garganacl|move: Protect
|
|upkeep
|turn|19
|
|t:|1779704178
|switch|p2a: Iron Moth|Iron Moth|100/100
|-damage|p2a: Iron Moth|76/100|[from] Stealth Rock
|switch|p1a: Corviknight|Corviknight, F|12/100
|-damage|p1a: Corviknight|0 fnt|[from] Stealth Rock
|faint|p1a: Corviknight
|
|upkeep
|
|t:|1779704182
|switch|p1a: Slowking|Slowking-Galar, F|100/100
|-damage|p1a: Slowking|88/100|[from] Stealth Rock
|turn|20
|
|t:|1779704188
|-end|p2a: Iron Moth|Quark Drive|[silent]
|switch|p2a: Iron Treads|Iron Treads|19/100
|-damage|p2a: Iron Treads|16/100|[from] Stealth Rock
|move|p1a: Slowking|Thunder Wave|p2a: Iron Treads
|-immune|p2a: Iron Treads
|
|-heal|p2a: Iron Treads|22/100|[from] item: Leftovers
|upkeep
|turn|21
|
|t:|1779704192
|move|p2a: Iron Treads|Rapid Spin|p1a: Slowking
|-damage|p1a: Slowking|75/100
|-boost|p2a: Iron Treads|spe|1
|-sideend|p2: Gulptubus|Stealth Rock|[from] move: Rapid Spin|[of] p2a: Iron Treads
|-prepare|p1a: Slowking|Chilly Reception|[premajor]
|move|p1a: Slowking|Chilly Reception|p1a: Slowking
|-weather|Snowscape
|
|t:|1779704196
|switch|p1a: Garganacl|Garganacl, F|100/100|[from] Chilly Reception
|-damage|p1a: Garganacl|88/100|[from] Stealth Rock
|
|-weather|Snowscape|[upkeep]
|-heal|p2a: Iron Treads|28/100|[from] item: Leftovers
|-heal|p1a: Garganacl|94/100|[from] item: Leftovers
|upkeep
|turn|22
|
|t:|1779704198
|move|p2a: Iron Treads|Earthquake|p1a: Garganacl
|-supereffective|p1a: Garganacl
|-damage|p1a: Garganacl|47/100
|move|p1a: Garganacl|Salt Cure|p2a: Iron Treads
|-resisted|p2a: Iron Treads
|-damage|p2a: Iron Treads|26/100
|-start|p2a: Iron Treads|Salt Cure
|
|-weather|Snowscape|[upkeep]
|-heal|p2a: Iron Treads|32/100|[from] item: Leftovers
|-heal|p1a: Garganacl|53/100|[from] item: Leftovers
|-damage|p2a: Iron Treads|7/100|[from] Salt Cure
|upkeep
|turn|23
|
|t:|1779704201
|move|p2a: Iron Treads|Earthquake|p1a: Garganacl
|-supereffective|p1a: Garganacl
|-damage|p1a: Garganacl|0 fnt
|faint|p1a: Garganacl
|
|-weather|Snowscape|[upkeep]
|-heal|p2a: Iron Treads|13/100|[from] item: Leftovers
|-damage|p2a: Iron Treads|0 fnt|[from] Salt Cure
|faint|p2a: Iron Treads
|-end|p2a: Iron Treads|Quark Drive|[silent]
|upkeep
|
|t:|1779704209
|switch|p2a: Iron Moth|Iron Moth|100/100
|switch|p1a: Iron Valiant|Iron Valiant|100/100
|-damage|p1a: Iron Valiant|94/100|[from] Stealth Rock
|turn|24
|
|t:|1779704213
|-end|p1a: Iron Valiant|Quark Drive|[silent]
|switch|p1a: Slowking|Slowking-Galar, F|100/100
|-damage|p1a: Slowking|88/100|[from] Stealth Rock
|move|p2a: Iron Moth|Shadow Ball|p1a: Slowking
|-supereffective|p1a: Slowking
|-damage|p1a: Slowking|16/100
|
|-weather|Snowscape|[upkeep]
|upkeep
|turn|25
|
|t:|1779704218
|switch|p1a: Ting-Lu|Ting-Lu|100/100
|-damage|p1a: Ting-Lu|94/100|[from] Stealth Rock
|-ability|p1a: Ting-Lu|Vessel of Ruin
|move|p2a: Iron Moth|Shadow Ball|p1a: Ting-Lu
|-resisted|p1a: Ting-Lu
|-damage|p1a: Ting-Lu|81/100
|
|-weather|none
|-heal|p1a: Ting-Lu|87/100|[from] item: Leftovers
|upkeep
|turn|26
|
|t:|1779704220
|switch|p2a: Zamazenta|Zamazenta|100/100
|-ability|p2a: Zamazenta|Dauntless Shield|boost
|-boost|p2a: Zamazenta|def|1
|move|p1a: Ting-Lu|Stealth Rock|p2a: Zamazenta
|-sidestart|p2: Gulptubus|move: Stealth Rock
|
|-heal|p1a: Ting-Lu|94/100|[from] item: Leftovers
|upkeep
|turn|27
|
|t:|1779704225
|move|p2a: Zamazenta|Roar|p1a: Ting-Lu
|drag|p1a: Kyurem|Kyurem, tera:Ground|100/100
|-damage|p1a: Kyurem|94/100|[from] Stealth Rock
|-ability|p1a: Kyurem|Pressure
|
|-heal|p1a: Kyurem|100/100|[from] item: Leftovers
|upkeep
|turn|28
|
|t:|1779704230
|move|p1a: Kyurem|Protect|p1a: Kyurem
|-singleturn|p1a: Kyurem|Protect
|move|p2a: Zamazenta|Close Combat|p1a: Kyurem
|-activate|p1a: Kyurem|move: Protect
|
|upkeep
|turn|29
|
|t:|1779704234
|switch|p1a: Iron Valiant|Iron Valiant|94/100
|-damage|p1a: Iron Valiant|88/100|[from] Stealth Rock
|move|p2a: Zamazenta|Roar|p1a: Iron Valiant
|-end|p1a: Iron Valiant|Quark Drive|[silent]
|drag|p1a: Slowking|Slowking-Galar, F|50/100
|-damage|p1a: Slowking|37/100|[from] Stealth Rock
|
|upkeep
|turn|30
|
|t:|1779704241
|move|p2a: Zamazenta|Crunch|p1a: Slowking
|-supereffective|p1a: Slowking
|-enditem|p1a: Slowking|Colbur Berry|[eat]
|-enditem|p1a: Slowking|Colbur Berry|[weaken]
|-damage|p1a: Slowking|8/100
|-damage|p2a: Zamazenta|91/100|[from] item: Life Orb
|-prepare|p1a: Slowking|Chilly Reception|[premajor]
|move|p1a: Slowking|Chilly Reception|p1a: Slowking
|-weather|Snowscape
|
|t:|1779704244
|switch|p1a: Iron Valiant|Iron Valiant|88/100|[from] Chilly Reception
|-damage|p1a: Iron Valiant|82/100|[from] Stealth Rock
|
|-weather|Snowscape|[upkeep]
|upkeep
|turn|31
|
|t:|1779704248
|move|p2a: Zamazenta|Heavy Slam|p1a: Iron Valiant
|-supereffective|p1a: Iron Valiant
|-damage|p1a: Iron Valiant|0 fnt
|faint|p1a: Iron Valiant
|-end|p1a: Iron Valiant|Quark Drive|[silent]
|-damage|p2a: Zamazenta|81/100|[from] item: Life Orb
|
|-weather|Snowscape|[upkeep]
|upkeep
|
|t:|1779704253
|switch|p1a: Slowking|Slowking-Galar, F|41/100
|-damage|p1a: Slowking|29/100|[from] Stealth Rock
|turn|32
|
|t:|1779704256
|switch|p1a: Ting-Lu|Ting-Lu|94/100
|-damage|p1a: Ting-Lu|87/100|[from] Stealth Rock
|-ability|p1a: Ting-Lu|Vessel of Ruin
|move|p2a: Zamazenta|Crunch|p1a: Ting-Lu
|-resisted|p1a: Ting-Lu
|-damage|p1a: Ting-Lu|80/100
|-unboost|p1a: Ting-Lu|def|1
|-damage|p2a: Zamazenta|71/100|[from] item: Life Orb
|
|-weather|Snowscape|[upkeep]
|-heal|p1a: Ting-Lu|86/100|[from] item: Leftovers
|upkeep
|turn|33
|
|t:|1779704260
|move|p2a: Zamazenta|Crunch|p1a: Ting-Lu
|-resisted|p1a: Ting-Lu
|-damage|p1a: Ting-Lu|74/100
|-damage|p2a: Zamazenta|61/100|[from] item: Life Orb
|move|p1a: Ting-Lu|Whirlwind|p2a: Zamazenta
|drag|p2a: Iron Moth|Iron Moth|100/100
|-damage|p2a: Iron Moth|88/100|[from] Stealth Rock
|
|-weather|Snowscape|[upkeep]
|-heal|p1a: Ting-Lu|80/100|[from] item: Leftovers
|upkeep
|turn|34
|
|t:|1779704272
|move|p2a: Iron Moth|Grass Knot|p1a: Ting-Lu
|-supereffective|p1a: Ting-Lu
|-damage|p1a: Ting-Lu|27/100
|move|p1a: Ting-Lu|Earthquake|p2a: Iron Moth
|-damage|p2a: Iron Moth|17/100
|replace|p2a: Zoroark|Zoroark-Hisui, F
|-end|p2a: Zoroark|Illusion
|
|-weather|none
|-heal|p1a: Ting-Lu|33/100|[from] item: Leftovers
|upkeep
|turn|35
|
|t:|1779704276
|move|p2a: Zoroark|Grass Knot|p1a: Ting-Lu
|-supereffective|p1a: Ting-Lu
|-damage|p1a: Ting-Lu|0 fnt
|faint|p1a: Ting-Lu
|
|upkeep
|
|t:|1779704277
|switch|p1a: Slowking|Slowking-Galar, F|62/100
|-damage|p1a: Slowking|49/100|[from] Stealth Rock
|turn|36
|
|t:|1779704290
|move|p2a: Zoroark|Grass Knot|p1a: Slowking
|-resisted|p1a: Slowking
|-damage|p1a: Slowking|38/100
|move|p1a: Slowking|Thunder Wave|p2a: Zoroark
|-status|p2a: Zoroark|par
|
|upkeep
|turn|37
|
|t:|1779704293
|move|p2a: Zoroark|Grass Knot|p1a: Slowking
|-resisted|p1a: Slowking
|-damage|p1a: Slowking|26/100
|-prepare|p1a: Slowking|Chilly Reception|[premajor]
|move|p1a: Slowking|Chilly Reception|p1a: Slowking
|-weather|Snowscape
|
|t:|1779704295
|switch|p1a: Kyurem|Kyurem, tera:Ground|100/100|[from] Chilly Reception
|-damage|p1a: Kyurem|94/100|[from] Stealth Rock
|-ability|p1a: Kyurem|Pressure
|
|-weather|Snowscape|[upkeep]
|-heal|p1a: Kyurem|100/100|[from] item: Leftovers
|upkeep
|turn|38
|
|t:|1779704300
|move|p1a: Kyurem|Substitute|p1a: Kyurem
|-start|p1a: Kyurem|Substitute
|-damage|p1a: Kyurem|75/100
|move|p2a: Zoroark|Grass Knot|p1a: Kyurem
|-supereffective|p1a: Kyurem
|-end|p1a: Kyurem|Substitute
|
|-weather|Snowscape|[upkeep]
|-heal|p1a: Kyurem|82/100|[from] item: Leftovers
|upkeep
|turn|39
|
|t:|1779704307
|move|p1a: Kyurem|Substitute|p1a: Kyurem
|-start|p1a: Kyurem|Substitute
|-damage|p1a: Kyurem|57/100
|cant|p2a: Zoroark|par
|
|-weather|Snowscape|[upkeep]
|-heal|p1a: Kyurem|63/100|[from] item: Leftovers
|upkeep
|turn|40
|
|t:|1779704312
|move|p1a: Kyurem|Protect|p1a: Kyurem
|-singleturn|p1a: Kyurem|Protect
|move|p2a: Zoroark|Grass Knot|p1a: Kyurem
|-activate|p1a: Kyurem|move: Protect
|
|-weather|Snowscape|[upkeep]
|-heal|p1a: Kyurem|69/100|[from] item: Leftovers
|upkeep
|turn|41
|
|t:|1779704314
|move|p1a: Kyurem|Freeze-Dry|p2a: Zoroark
|-damage|p2a: Zoroark|0 fnt
|faint|p2a: Zoroark
|
|-weather|none
|-heal|p1a: Kyurem|75/100|[from] item: Leftovers
|upkeep
|
|t:|1779704322
|switch|p2a: Zamazenta|Zamazenta|61/100
|-damage|p2a: Zamazenta|55/100|[from] Stealth Rock
|turn|42
|
|t:|1779704327
|move|p1a: Kyurem|Earth Power|p2a: Zamazenta
|-damage|p2a: Zamazenta|15/100
|move|p2a: Zamazenta|Roar|p1a: Kyurem
|drag|p1a: Slowking|Slowking-Galar, F|59/100
|-damage|p1a: Slowking|47/100|[from] Stealth Rock
|
|upkeep
|turn|43
|
|t:|1779704332
|move|p2a: Zamazenta|Crunch|p1a: Slowking
|-supereffective|p1a: Slowking
|-damage|p1a: Slowking|0 fnt
|faint|p1a: Slowking
|-damage|p2a: Zamazenta|5/100|[from] item: Life Orb
|
|upkeep
|
|t:|1779704334
|switch|p1a: Kyurem|Kyurem, tera:Ground|75/100
|-damage|p1a: Kyurem|69/100|[from] Stealth Rock
|-ability|p1a: Kyurem|Pressure
|turn|44
|
|t:|1779704336
|move|p1a: Kyurem|Protect|p1a: Kyurem
|-singleturn|p1a: Kyurem|Protect
|move|p2a: Zamazenta|Close Combat|p1a: Kyurem
|-activate|p1a: Kyurem|move: Protect
|
|-heal|p1a: Kyurem|75/100|[from] item: Leftovers
|upkeep
|turn|45
|
|t:|1779704338
|move|p2a: Zamazenta|Close Combat|p1a: Kyurem
|-damage|p1a: Kyurem|12/100
|-unboost|p2a: Zamazenta|def|1
|-unboost|p2a: Zamazenta|spd|1
|-damage|p2a: Zamazenta|0 fnt|[from] item: Life Orb
|faint|p2a: Zamazenta
|move|p1a: Kyurem|Substitute|p1a: Kyurem
|-fail|p1a: Kyurem|move: Substitute|[weak]
|
|-heal|p1a: Kyurem|18/100|[from] item: Leftovers
|upkeep
|
|t:|1779704344
|switch|p2a: Iron Moth|Iron Moth|76/100
|-damage|p2a: Iron Moth|51/100|[from] Stealth Rock
|turn|46
|
|t:|1779704348
|move|p2a: Iron Moth|Fiery Dance|p1a: Kyurem
|-damage|p1a: Kyurem|0 fnt
|faint|p1a: Kyurem
|
|win|Gulptubus
|raw|draconotmeteor's rating: 1423 &rarr; <strong>1408</strong><br />(-15 for losing)
|raw|Gulptubus's rating: 1519 &rarr; <strong>1534</strong><br />(+15 for winning)
|c|☆Gulptubus|gg
