|j|☆npctypebeat
|j|☆Fug bc ddhgufy
|t:|1779590283
|gametype|singles
|player|p1|npctypebeat|2|1134
|player|p2|Fug bc ddhgufy|dragontamer|1044
|gen|9
|tier|[Gen 9] OU
|rated|
|rule|HP Percentage Mod: HP is shown in percentages
|rule|Endless Battle Clause: Forcing endless battles is banned
|rule|Species Clause: Limit one of each Pokémon
|rule|OHKO Clause: OHKO moves are banned
|rule|Evasion Items Clause: Evasion items are banned
|rule|Evasion Moves Clause: Evasion moves are banned
|rule|Evasion Abilities Clause: Evasion abilities are banned
|rule|Sleep Moves Clause: Sleep-inducing moves are banned
|clearpoke
|poke|p1|Gliscor, M|
|poke|p1|Ogerpon, F|
|poke|p1|Walking Wake|
|poke|p1|Blissey, F|
|poke|p1|Corviknight, F|
|poke|p1|Pecharunt|
|poke|p2|Maushold-Four|
|poke|p2|Ribombee, M|
|poke|p2|Breloom, M|
|poke|p2|Cinccino, M|
|poke|p2|Grafaiai, M|
|poke|p2|Ursaluna, F|
|teampreview
|c|☆npctypebeat|hf
|
|t:|1779590305
|teamsize|p1|6
|teamsize|p2|6
|start
|switch|p1a: Gliscor|Gliscor, M|100/100
|switch|p2a: Ribombee|Ribombee, M|100/100
|turn|1
|inactive|Battle timer is ON: inactive players will automatically lose when time's up. (requested by npctypebeat)
|inactive|npctypebeat has 120 seconds left.
|inactive|npctypebeat has 90 seconds left.
|
|t:|1779590371
|move|p2a: Ribombee|Sticky Web|p1a: Gliscor
|-sidestart|p1: npctypebeat|move: Sticky Web
|move|p1a: Gliscor|Spikes|p2a: Ribombee
|-sidestart|p2: Fug bc ddhgufy|Spikes
|
|-status|p1a: Gliscor|tox|[from] item: Toxic Orb
|upkeep
|turn|2
|inactive|Fug bc ddhgufy has 120 seconds left.
|
|t:|1779590414
|switch|p2a: Breloom|Breloom, M|100/100
|-damage|p2a: Breloom|88/100|[from] Spikes
|move|p1a: Gliscor|Spikes|p2a: Breloom
|-sidestart|p2: Fug bc ddhgufy|Spikes
|
|upkeep
|turn|3
|
|t:|1779590433
|move|p2a: Breloom|Bulk Up|p2a: Breloom
|-boost|p2a: Breloom|atk|1
|-boost|p2a: Breloom|def|1
|move|p1a: Gliscor|Spikes|p2a: Breloom
|-sidestart|p2: Fug bc ddhgufy|Spikes
|
|upkeep
|turn|4
|
|t:|1779590447
|switch|p2a: Cinccino|Cinccino, M|100/100
|-damage|p2a: Cinccino|76/100|[from] Spikes
|move|p1a: Gliscor|Earthquake|p2a: Cinccino
|-damage|p2a: Cinccino|15/100
|
|upkeep
|turn|5
|inactive|npctypebeat has 120 seconds left.
|
|t:|1779590464
|switch|p1a: Blissey|Blissey, F|100/100
|move|p2a: Cinccino|Tidy Up|p2a: Cinccino
|-sideend|p2: Fug bc ddhgufy|Spikes
|-sideend|p1: npctypebeat|Sticky Web
|-activate|p2a: Cinccino|move: Tidy Up
|-boost|p2a: Cinccino|atk|1
|-boost|p2a: Cinccino|spe|1
|
|upkeep
|turn|6
|inactive|npctypebeat has 120 seconds left.
|
|t:|1779590475
|move|p2a: Cinccino|Hyper Voice|p1a: Blissey
|-damage|p1a: Blissey|93/100
|move|p1a: Blissey|Seismic Toss|p2a: Cinccino
|-damage|p2a: Cinccino|0 fnt
|faint|p2a: Cinccino
|
|upkeep
|
|t:|1779590484
|switch|p2a: Breloom|Breloom, M|88/100
|turn|7
|
|t:|1779590496
|move|p2a: Breloom|Stun Spore|p1a: Blissey
|-status|p1a: Blissey|par
|move|p1a: Blissey|Seismic Toss|p2a: Breloom
|-damage|p2a: Breloom|50/100
|
|upkeep
|turn|8
|inactive|npctypebeat has 120 seconds left.
|
|t:|1779590513
|move|p2a: Breloom|Bulk Up|p2a: Breloom
|-boost|p2a: Breloom|atk|1
|-boost|p2a: Breloom|def|1
|move|p1a: Blissey|Seismic Toss|p2a: Breloom
|-damage|p2a: Breloom|12/100
|
|upkeep
|turn|9
|inactive|npctypebeat has 120 seconds left.
|
|t:|1779590526
|move|p2a: Breloom|Bulldoze|p1a: Blissey
|-damage|p1a: Blissey|43/100 par
|-unboost|p1a: Blissey|spe|1
|move|p1a: Blissey|Seismic Toss|p2a: Breloom
|-damage|p2a: Breloom|0 fnt
|faint|p2a: Breloom
|
|upkeep
|
|t:|1779590533
|switch|p2a: Grafaiai|Grafaiai, M|100/100
|turn|10
|
|t:|1779590540
|move|p2a: Grafaiai|Nasty Plot|p2a: Grafaiai
|-boost|p2a: Grafaiai|spa|2
|move|p1a: Blissey|Stealth Rock|p2a: Grafaiai
|-sidestart|p2: Fug bc ddhgufy|move: Stealth Rock
|
|upkeep
|turn|11
|
|t:|1779590553
|-curestatus|p1a: Blissey|par|[from] ability: Natural Cure|[silent]
|switch|p1a: Walking Wake|Walking Wake|100/100
|move|p2a: Grafaiai|Gunk Shot|p1a: Walking Wake
|-damage|p1a: Walking Wake|47/100
|
|upkeep
|turn|12
|inactive|npctypebeat has 120 seconds left.
|
|t:|1779590595
|move|p1a: Walking Wake|Surf|p2a: Grafaiai
|-damage|p2a: Grafaiai|19/100
|move|p2a: Grafaiai|Shadow Claw|p1a: Walking Wake
|-crit|p1a: Walking Wake
|-damage|p1a: Walking Wake|12/100
|
|upkeep
|turn|13
|inactive|npctypebeat has 90 seconds left.
|
|t:|1779590629
|move|p1a: Walking Wake|Surf|p2a: Grafaiai
|-damage|p2a: Grafaiai|0 fnt
|faint|p2a: Grafaiai
|
|upkeep
|inactive|Fug bc ddhgufy has 120 seconds left.
|inactive|Fug bc ddhgufy has 90 seconds left.
|inactive|Fug bc ddhgufy has 60 seconds left.
|
|t:|1779590730
|switch|p2a: Ribombee|Ribombee, M|100/100
|-damage|p2a: Ribombee|75/100|[from] Stealth Rock
|turn|14
|inactive|npctypebeat has 90 seconds left.
|
|t:|1779590738
|move|p2a: Ribombee|Sticky Web|p1a: Walking Wake
|-sidestart|p1: npctypebeat|move: Sticky Web
|move|p1a: Walking Wake|Surf|p2a: Ribombee
|-damage|p2a: Ribombee|6/100
|
|upkeep
|turn|15
|inactive|npctypebeat has 90 seconds left.
|
|t:|1779590753
|move|p2a: Ribombee|Sticky Web||[still]
|-fail|p2a: Ribombee
|move|p1a: Walking Wake|Surf|p2a: Ribombee
|-crit|p2a: Ribombee
|-damage|p2a: Ribombee|0 fnt
|faint|p2a: Ribombee
|
|upkeep
|
|t:|1779590758
|switch|p2a: Maushold|Maushold-Four|100/100
|-damage|p2a: Maushold|88/100|[from] Stealth Rock
|turn|16
|
|t:|1779590765
|move|p1a: Walking Wake|Surf|p2a: Maushold
|-damage|p2a: Maushold|24/100
|move|p2a: Maushold|Population Bomb|p1a: Walking Wake
|-damage|p1a: Walking Wake|0 fnt
|faint|p1a: Walking Wake
|-end|p1a: Walking Wake|Protosynthesis|[silent]
|-hitcount|p1: Walking Wake|1
|
|upkeep
|
|t:|1779590773
|switch|p1a: Ogerpon|Ogerpon, F|100/100
|turn|17
|
|t:|1779590778
|move|p1a: Ogerpon|Ivy Cudgel|p2a: Maushold
|-damage|p2a: Maushold|0 fnt
|faint|p2a: Maushold
|
|upkeep
|
|t:|1779590781
|switch|p2a: Ursaluna|Ursaluna, F|100/100
|-damage|p2a: Ursaluna|94/100|[from] Stealth Rock
|turn|18
|
|t:|1779590808
|move|p1a: Ogerpon|Ivy Cudgel|p2a: Ursaluna
|-supereffective|p2a: Ursaluna
|-damage|p2a: Ursaluna|42/100
|move|p2a: Ursaluna|Bulk Up|p2a: Ursaluna
|-boost|p2a: Ursaluna|atk|1
|-boost|p2a: Ursaluna|def|1
|
|-heal|p2a: Ursaluna|48/100|[from] item: Leftovers
|upkeep
|turn|19
|inactive|npctypebeat has 90 seconds left.
|
|t:|1779590829
|move|p1a: Ogerpon|Ivy Cudgel|p2a: Ursaluna
|-supereffective|p2a: Ursaluna
|-damage|p2a: Ursaluna|13/100
|move|p2a: Ursaluna|Cross Chop|p1a: Ogerpon|[miss]
|-miss|p2a: Ursaluna|p1a: Ogerpon
|
|-heal|p2a: Ursaluna|19/100|[from] item: Leftovers
|upkeep
|turn|20
|inactive|npctypebeat has 90 seconds left.
|
|t:|1779590843
|move|p1a: Ogerpon|Ivy Cudgel|p2a: Ursaluna
|-supereffective|p2a: Ursaluna
|-damage|p2a: Ursaluna|0 fnt
|faint|p2a: Ursaluna
|
|win|npctypebeat
|raw|npctypebeat's rating: 1090 &rarr; <strong>1113</strong><br />(+23 for winning)
|raw|Fug bc ddhgufy's rating: 1044 &rarr; <strong>1030</strong><br />(-14 for losing)
|c|☆npctypebeat|gg
