|j|☆ssjemeraldgr
|j|☆claudechamp
|t:|1779580012
|gametype|singles
|player|p1|ssjemeraldgr|palmer|1250
|player|p2|claudechamp|101|1291
|gen|9
|tier|[Gen 9] OU
|rated|
|rule|HP Percentage Mod: HP is shown in percentages
|rule|Endless Battle Clause: Forcing endless battles is banned
|rule|Species Clause: Limit one of each Pokémon
|rule|OHKO Clause: OHKO moves are banned
|rule|Evasion Items Clause: Evasion items are banned
|rule|Evasion Moves Clause: Evasion moves are banned
|rule|Evasion Abilities Clause: Evasion abilities are banned
|rule|Sleep Moves Clause: Sleep-inducing moves are banned
|clearpoke
|poke|p1|Cinderace, F|
|poke|p1|Zapdos|
|poke|p1|Garganacl, M|
|poke|p1|Glimmora, F|
|poke|p1|Donphan, M|
|poke|p1|Latias, F|
|poke|p2|Corviknight, M|
|poke|p2|Ting-Lu|
|poke|p2|Kyurem|
|poke|p2|Dondozo, F|
|poke|p2|Slowking-Galar, M|
|poke|p2|Cinderace, F|
|teampreview
|inactive|Battle timer is ON: inactive players will automatically lose when time's up. (requested by ssjemeraldgr)
|c|☆claudechamp|hf
|inactive|claudechamp also wants the timer to be on.
|
|t:|1779580023
|teamsize|p1|6
|teamsize|p2|6
|start
|switch|p1a: Cinderace|Cinderace, F|100/100
|switch|p2a: Cinderace|Cinderace, F|100/100
|turn|1
|
|t:|1779580034
|switch|p2a: Kyurem|Kyurem|100/100
|-ability|p2a: Kyurem|Pressure
|move|p1a: Cinderace|Gunk Shot|p2a: Kyurem
|-start|p1a: Cinderace|typechange|Poison|[from] ability: Libero
|-damage|p2a: Kyurem|57/100
|-status|p2a: Kyurem|psn
|
|-heal|p2a: Kyurem|63/100 psn|[from] item: Leftovers
|-damage|p2a: Kyurem|51/100 psn|[from] psn
|upkeep
|turn|2
|
|t:|1779580043
|-terastallize|p2a: Kyurem|Ground
|move|p2a: Kyurem|Earth Power|p1a: Cinderace
|-supereffective|p1a: Cinderace
|-damage|p1a: Cinderace|0 fnt
|faint|p1a: Cinderace
|
|-heal|p2a: Kyurem|57/100 psn|[from] item: Leftovers
|-damage|p2a: Kyurem|45/100 psn|[from] psn
|upkeep
|
|t:|1779580050
|switch|p1a: Glimmora|Glimmora, F|100/100
|turn|3
|
|t:|1779580054
|move|p2a: Kyurem|Freeze-Dry|p1a: Glimmora
|-damage|p1a: Glimmora|63/100
|move|p1a: Glimmora|Energy Ball|p2a: Kyurem
|-supereffective|p2a: Kyurem
|-damage|p2a: Kyurem|0 fnt
|faint|p2a: Kyurem
|
|upkeep
|
|t:|1779580062
|switch|p2a: Slowking|Slowking-Galar, M|100/100
|turn|4
|
|t:|1779580070
|switch|p1a: Garganacl|Garganacl, M|100/100
|move|p2a: Slowking|Future Sight|p1a: Garganacl
|-start|p2a: Slowking|move: Future Sight
|
|upkeep
|turn|5
|
|t:|1779580077
|move|p1a: Garganacl|Salt Cure|p2a: Slowking
|-damage|p2a: Slowking|91/100
|-start|p2a: Slowking|Salt Cure
|move|p2a: Slowking|Ice Beam|p1a: Garganacl
|-damage|p1a: Garganacl|84/100
|
|-heal|p1a: Garganacl|90/100|[from] item: Leftovers
|-damage|p2a: Slowking|78/100|[from] Salt Cure
|upkeep
|turn|6
|
|t:|1779580085
|move|p1a: Garganacl|Salt Cure|p2a: Slowking
|-damage|p2a: Slowking|68/100
|-prepare|p2a: Slowking|Chilly Reception|[premajor]
|move|p2a: Slowking|Chilly Reception|p2a: Slowking
|-weather|Snowscape
|
|t:|1779580091
|switch|p2a: Ting-Lu|Ting-Lu|100/100|[from] Chilly Reception
|-ability|p2a: Ting-Lu|Vessel of Ruin
|
|-weather|Snowscape|[upkeep]
|-end|p1a: Garganacl|move: Future Sight
|-damage|p1a: Garganacl|63/100
|-heal|p1a: Garganacl|69/100|[from] item: Leftovers
|upkeep
|turn|7
|
|t:|1779580101
|switch|p1a: Latias|Latias, F|100/100
|move|p2a: Ting-Lu|Earthquake|p1a: Latias
|-immune|p1a: Latias|[from] ability: Levitate
|
|-weather|Snowscape|[upkeep]
|upkeep
|turn|8
|
|t:|1779580110
|move|p1a: Latias|Tailwind|p1a: Latias
|-sidestart|p1: ssjemeraldgr|move: Tailwind
|move|p2a: Ting-Lu|Payback|p1a: Latias
|-supereffective|p1a: Latias
|-damage|p1a: Latias|33/100
|
|-weather|Snowscape|[upkeep]
|upkeep
|turn|9
|
|t:|1779580118
|move|p1a: Latias|Draining Kiss|p2a: Ting-Lu
|-supereffective|p2a: Ting-Lu
|-damage|p2a: Ting-Lu|89/100
|-heal|p1a: Latias|47/100|[from] drain|[of] p2a: Ting-Lu
|move|p2a: Ting-Lu|Payback|p1a: Latias
|-supereffective|p1a: Latias
|-damage|p1a: Latias|0 fnt
|faint|p1a: Latias
|
|-weather|Snowscape|[upkeep]
|-heal|p2a: Ting-Lu|95/100|[from] item: Leftovers
|upkeep
|
|t:|1779580127
|switch|p1a: Glimmora|Glimmora, F|63/100
|turn|10
|
|t:|1779580136
|move|p1a: Glimmora|Dazzling Gleam|p2a: Ting-Lu
|-supereffective|p2a: Ting-Lu
|-damage|p2a: Ting-Lu|72/100
|move|p2a: Ting-Lu|Earthquake|p1a: Glimmora
|-supereffective|p1a: Glimmora
|-damage|p1a: Glimmora|0 fnt
|-activate|p1a: Glimmora|ability: Toxic Debris
|-sidestart|p2: claudechamp|move: Toxic Spikes
|faint|p1a: Glimmora
|
|-weather|none
|-heal|p2a: Ting-Lu|79/100|[from] item: Leftovers
|upkeep
|
|t:|1779580143
|switch|p1a: Garganacl|Garganacl, M|69/100
|turn|11
|
|t:|1779580148
|-terastallize|p1a: Garganacl|Water
|move|p1a: Garganacl|Salt Cure|p2a: Ting-Lu
|-resisted|p2a: Ting-Lu
|-damage|p2a: Ting-Lu|75/100
|-start|p2a: Ting-Lu|Salt Cure
|move|p2a: Ting-Lu|Earthquake|p1a: Garganacl
|-damage|p1a: Garganacl|46/100
|
|-heal|p1a: Garganacl|52/100|[from] item: Leftovers
|-heal|p2a: Ting-Lu|81/100|[from] item: Leftovers
|-damage|p2a: Ting-Lu|68/100|[from] Salt Cure
|-sideend|p1: ssjemeraldgr|move: Tailwind
|upkeep
|turn|12
|
|t:|1779580156
|switch|p2a: Slowking|Slowking-Galar, M|100/100
|-sideend|p2: claudechamp|move: Toxic Spikes|[of] p2a: Slowking
|move|p1a: Garganacl|Recover|p1a: Garganacl
|-heal|p1a: Garganacl|100/100
|
|upkeep
|turn|13
|
|t:|1779580162
|move|p1a: Garganacl|Salt Cure|p2a: Slowking
|-damage|p2a: Slowking|91/100
|-start|p2a: Slowking|Salt Cure
|move|p2a: Slowking|Future Sight|p1a: Garganacl
|-start|p2a: Slowking|move: Future Sight
|
|-damage|p2a: Slowking|79/100|[from] Salt Cure
|upkeep
|turn|14
|
|t:|1779580168
|move|p1a: Garganacl|Ice Punch|p2a: Slowking
|-damage|p2a: Slowking|65/100
|-status|p2a: Slowking|frz
|-prepare|p2a: Slowking|Chilly Reception|[premajor]
|cant|p2a: Slowking|frz
|
|-damage|p2a: Slowking|53/100 frz|[from] Salt Cure
|upkeep
|turn|15
|
|t:|1779580177
|switch|p2a: Ting-Lu|Ting-Lu|68/100
|-ability|p2a: Ting-Lu|Vessel of Ruin
|move|p1a: Garganacl|Salt Cure|p2a: Ting-Lu
|-resisted|p2a: Ting-Lu
|-damage|p2a: Ting-Lu|65/100
|-start|p2a: Ting-Lu|Salt Cure
|
|-end|p1a: Garganacl|move: Future Sight
|-damage|p1a: Garganacl|74/100
|-heal|p2a: Ting-Lu|71/100|[from] item: Leftovers
|-heal|p1a: Garganacl|80/100|[from] item: Leftovers
|-damage|p2a: Ting-Lu|58/100|[from] Salt Cure
|upkeep
|turn|16
|
|t:|1779580185
|move|p2a: Ting-Lu|Rest|p2a: Ting-Lu
|-status|p2a: Ting-Lu|slp|[from] move: Rest
|-heal|p2a: Ting-Lu|100/100 slp|[silent]
|move|p1a: Garganacl|Ice Punch|p2a: Ting-Lu
|-supereffective|p2a: Ting-Lu
|-crit|p2a: Ting-Lu
|-damage|p2a: Ting-Lu|74/100 slp
|
|-heal|p2a: Ting-Lu|81/100 slp|[from] item: Leftovers
|-heal|p1a: Garganacl|86/100|[from] item: Leftovers
|-damage|p2a: Ting-Lu|68/100 slp|[from] Salt Cure
|upkeep
|turn|17
|
|t:|1779580193
|switch|p2a: Slowking|Slowking-Galar, M|86/100 frz
|move|p1a: Garganacl|Ice Punch|p2a: Slowking
|-damage|p2a: Slowking|74/100 frz
|
|-heal|p1a: Garganacl|93/100|[from] item: Leftovers
|upkeep
|turn|18
|
|t:|1779580198
|move|p1a: Garganacl|Salt Cure|p2a: Slowking
|-damage|p2a: Slowking|64/100 frz
|-start|p2a: Slowking|Salt Cure
|-curestatus|p2a: Slowking|frz|[msg]
|move|p2a: Slowking|Future Sight|p1a: Garganacl
|-start|p2a: Slowking|move: Future Sight
|
|-heal|p1a: Garganacl|99/100|[from] item: Leftovers
|-damage|p2a: Slowking|51/100|[from] Salt Cure
|upkeep
|turn|19
|
|t:|1779580208
|move|p1a: Garganacl|Ice Punch|p2a: Slowking
|-damage|p2a: Slowking|40/100
|-prepare|p2a: Slowking|Chilly Reception|[premajor]
|move|p2a: Slowking|Chilly Reception|p2a: Slowking
|-weather|Snowscape
|
|t:|1779580220
|switch|p2a: Ting-Lu|Ting-Lu|68/100 slp|[from] Chilly Reception
|-ability|p2a: Ting-Lu|Vessel of Ruin
|
|-weather|Snowscape|[upkeep]
|-heal|p2a: Ting-Lu|74/100 slp|[from] item: Leftovers
|-heal|p1a: Garganacl|100/100|[from] item: Leftovers
|upkeep
|turn|20
|
|t:|1779580232
|switch|p1a: Zapdos|Zapdos|100/100
|cant|p2a: Ting-Lu|slp
|move|p2a: Ting-Lu|Sleep Talk|p2a: Ting-Lu
|move|p2a: Ting-Lu|Payback|p1a: Zapdos|[from] move: Sleep Talk
|-damage|p1a: Zapdos|81/100
|
|-weather|Snowscape|[upkeep]
|-end|p1a: Zapdos|move: Future Sight
|-damage|p1a: Zapdos|49/100
|-heal|p2a: Ting-Lu|81/100 slp|[from] item: Leftovers
|upkeep
|turn|21
|
|t:|1779580243
|move|p1a: Zapdos|Heat Wave|p2a: Ting-Lu
|-damage|p2a: Ting-Lu|67/100 slp
|cant|p2a: Ting-Lu|slp
|
|-weather|Snowscape|[upkeep]
|-heal|p2a: Ting-Lu|73/100 slp|[from] item: Leftovers
|upkeep
|turn|22
|
|t:|1779580254
|move|p1a: Zapdos|Air Cutter|p2a: Ting-Lu
|-damage|p2a: Ting-Lu|58/100 slp
|-curestatus|p2a: Ting-Lu|slp|[msg]
|move|p2a: Ting-Lu|Payback|p1a: Zapdos
|-damage|p1a: Zapdos|16/100
|
|-weather|Snowscape|[upkeep]
|-heal|p2a: Ting-Lu|64/100|[from] item: Leftovers
|upkeep
|turn|23
|
|t:|1779580275
|switch|p2a: Slowking|Slowking-Galar, M|73/100
|move|p1a: Zapdos|Roost|p1a: Zapdos
|-heal|p1a: Zapdos|66/100
|-singleturn|p1a: Zapdos|move: Roost
|
|-weather|none
|upkeep
|turn|24
|inactive|ssjemeraldgr has 120 seconds left.
|
|t:|1779580297
|move|p1a: Zapdos|Thunderbolt|p2a: Slowking
|-damage|p2a: Slowking|34/100
|-status|p2a: Slowking|par
|cant|p2a: Slowking|par
|
|upkeep
|turn|25
|
|t:|1779580304
|switch|p2a: Ting-Lu|Ting-Lu|64/100
|-ability|p2a: Ting-Lu|Vessel of Ruin
|move|p1a: Zapdos|Air Cutter|p2a: Ting-Lu
|-damage|p2a: Ting-Lu|49/100
|
|-heal|p2a: Ting-Lu|56/100|[from] item: Leftovers
|upkeep
|turn|26
|
|t:|1779580314
|move|p1a: Zapdos|Roost|p1a: Zapdos
|-heal|p1a: Zapdos|100/100
|-singleturn|p1a: Zapdos|move: Roost
|move|p2a: Ting-Lu|Rest|p2a: Ting-Lu
|-status|p2a: Ting-Lu|slp|[from] move: Rest
|-heal|p2a: Ting-Lu|100/100 slp|[silent]
|
|upkeep
|turn|27
|
|t:|1779580326
|switch|p1a: Donphan|Donphan, M|100/100
|cant|p2a: Ting-Lu|slp
|move|p2a: Ting-Lu|Sleep Talk|p2a: Ting-Lu
|move|p2a: Ting-Lu|Earthquake|p1a: Donphan|[from] move: Sleep Talk
|-damage|p1a: Donphan|67/100
|
|upkeep
|turn|28
|
|t:|1779580340
|switch|p2a: Slowking|Slowking-Galar, M|67/100 par
|move|p1a: Donphan|Play Rough|p2a: Slowking
|-resisted|p2a: Slowking
|-damage|p2a: Slowking|56/100 par
|
|upkeep
|turn|29
|
|t:|1779580350
|move|p1a: Donphan|Earthquake|p2a: Slowking
|-supereffective|p2a: Slowking
|-enditem|p2a: Slowking|Shuca Berry|[eat]
|-enditem|p2a: Slowking|Shuca Berry|[weaken]
|-damage|p2a: Slowking|23/100 par
|-prepare|p2a: Slowking|Chilly Reception|[premajor]
|move|p2a: Slowking|Chilly Reception|p2a: Slowking
|-weather|Snowscape
|
|t:|1779580367
|switch|p2a: Ting-Lu|Ting-Lu|100/100 slp|[from] Chilly Reception
|-ability|p2a: Ting-Lu|Vessel of Ruin
|
|-weather|Snowscape|[upkeep]
|upkeep
|turn|30
|
|t:|1779580379
|move|p1a: Donphan|Knock Off|p2a: Ting-Lu
|-resisted|p2a: Ting-Lu
|-damage|p2a: Ting-Lu|91/100 slp
|-enditem|p2a: Ting-Lu|Leftovers|[from] move: Knock Off|[of] p1a: Donphan
|cant|p2a: Ting-Lu|slp
|move|p2a: Ting-Lu|Sleep Talk|p2a: Ting-Lu
|move|p2a: Ting-Lu|Earthquake|p1a: Donphan|[from] move: Sleep Talk
|-damage|p1a: Donphan|33/100
|
|-weather|Snowscape|[upkeep]
|upkeep
|turn|31
|
|t:|1779580388
|move|p1a: Donphan|Play Rough|p2a: Ting-Lu
|-supereffective|p2a: Ting-Lu
|-damage|p2a: Ting-Lu|61/100 slp
|-curestatus|p2a: Ting-Lu|slp|[msg]
|move|p2a: Ting-Lu|Earthquake|p1a: Donphan
|-damage|p1a: Donphan|0 fnt
|faint|p1a: Donphan
|
|-weather|Snowscape|[upkeep]
|upkeep
|
|t:|1779580408
|switch|p1a: Garganacl|Garganacl, M, tera:Water|100/100
|turn|32
|
|t:|1779580417
|move|p2a: Ting-Lu|Rest|p2a: Ting-Lu
|-status|p2a: Ting-Lu|slp|[from] move: Rest
|-heal|p2a: Ting-Lu|100/100 slp|[silent]
|move|p1a: Garganacl|Salt Cure|p2a: Ting-Lu
|-resisted|p2a: Ting-Lu
|-damage|p2a: Ting-Lu|97/100 slp
|-start|p2a: Ting-Lu|Salt Cure
|
|-weather|Snowscape|[upkeep]
|-damage|p2a: Ting-Lu|85/100 slp|[from] Salt Cure
|upkeep
|turn|33
|
|t:|1779580430
|switch|p2a: Slowking|Slowking-Galar, M|56/100 par
|move|p1a: Garganacl|Ice Punch|p2a: Slowking
|-damage|p2a: Slowking|44/100 par
|
|-weather|none
|upkeep
|turn|34
|
|t:|1779580437
|move|p1a: Garganacl|Salt Cure|p2a: Slowking
|-damage|p2a: Slowking|34/100 par
|-start|p2a: Slowking|Salt Cure
|-prepare|p2a: Slowking|Chilly Reception|[premajor]
|move|p2a: Slowking|Chilly Reception|p2a: Slowking
|-weather|Snowscape
|
|t:|1779580445
|switch|p2a: Cinderace|Cinderace, F|100/100|[from] Chilly Reception
|
|-weather|Snowscape|[upkeep]
|upkeep
|turn|35
|
|t:|1779580453
|move|p2a: Cinderace|U-turn|p1a: Garganacl
|-damage|p1a: Garganacl|89/100
|
|t:|1779580466
|switch|p2a: Slowking|Slowking-Galar, M|68/100 par|[from] U-turn
|move|p1a: Garganacl|Salt Cure|p2a: Slowking
|-damage|p2a: Slowking|58/100 par
|-start|p2a: Slowking|Salt Cure
|
|-weather|Snowscape|[upkeep]
|-heal|p1a: Garganacl|95/100|[from] item: Leftovers
|-damage|p2a: Slowking|46/100 par|[from] Salt Cure
|upkeep
|turn|36
|
|t:|1779580477
|move|p1a: Garganacl|Salt Cure|p2a: Slowking
|-damage|p2a: Slowking|35/100 par
|-prepare|p2a: Slowking|Chilly Reception|[premajor]
|move|p2a: Slowking|Chilly Reception|p2a: Slowking
|
|t:|1779580487
|switch|p2a: Ting-Lu|Ting-Lu|85/100 slp|[from] Chilly Reception
|-ability|p2a: Ting-Lu|Vessel of Ruin
|
|-weather|Snowscape|[upkeep]
|-heal|p1a: Garganacl|100/100|[from] item: Leftovers
|upkeep
|turn|37
|
|t:|1779580509
|switch|p2a: Slowking|Slowking-Galar, M|68/100 par
|move|p1a: Garganacl|Salt Cure|p2a: Slowking
|-damage|p2a: Slowking|58/100 par
|-start|p2a: Slowking|Salt Cure
|
|-weather|Snowscape|[upkeep]
|-damage|p2a: Slowking|46/100 par|[from] Salt Cure
|upkeep
|turn|38
|
|t:|1779580519
|move|p1a: Garganacl|Ice Punch|p2a: Slowking
|-damage|p2a: Slowking|34/100 par
|-prepare|p2a: Slowking|Chilly Reception|[premajor]
|move|p2a: Slowking|Chilly Reception|p2a: Slowking
|
|t:|1779580528
|switch|p2a: Ting-Lu|Ting-Lu|85/100 slp|[from] Chilly Reception
|-ability|p2a: Ting-Lu|Vessel of Ruin
|
|-weather|none
|upkeep
|turn|39
|
|t:|1779580554
|cant|p2a: Ting-Lu|slp
|move|p2a: Ting-Lu|Sleep Talk|p2a: Ting-Lu
|move|p2a: Ting-Lu|Payback|p1a: Garganacl|[from] move: Sleep Talk
|-damage|p1a: Garganacl|89/100
|move|p1a: Garganacl|Salt Cure|p2a: Ting-Lu
|-resisted|p2a: Ting-Lu
|-damage|p2a: Ting-Lu|81/100 slp
|-start|p2a: Ting-Lu|Salt Cure
|
|-heal|p1a: Garganacl|95/100|[from] item: Leftovers
|-damage|p2a: Ting-Lu|68/100 slp|[from] Salt Cure
|upkeep
|turn|40
|
|t:|1779580567
|switch|p2a: Slowking|Slowking-Galar, M|67/100 par
|move|p1a: Garganacl|Ice Punch|p2a: Slowking
|-damage|p2a: Slowking|55/100 par
|
|-heal|p1a: Garganacl|100/100|[from] item: Leftovers
|upkeep
|turn|41
|c|☆ssjemeraldgr|This is annoying
|
|t:|1779580579
|move|p1a: Garganacl|Salt Cure|p2a: Slowking
|-damage|p2a: Slowking|44/100 par
|-start|p2a: Slowking|Salt Cure
|-prepare|p2a: Slowking|Chilly Reception|[premajor]
|move|p2a: Slowking|Chilly Reception|p2a: Slowking
|-weather|Snowscape
|
|t:|1779580593
|switch|p2a: Ting-Lu|Ting-Lu|68/100 slp|[from] Chilly Reception
|-ability|p2a: Ting-Lu|Vessel of Ruin
|
|-weather|Snowscape|[upkeep]
|upkeep
|turn|42
|inactive|ssjemeraldgr has 120 seconds left.
|
|t:|1779580618
|cant|p2a: Ting-Lu|slp
|move|p2a: Ting-Lu|Sleep Talk|p2a: Ting-Lu
|move|p2a: Ting-Lu|Payback|p1a: Garganacl|[from] move: Sleep Talk
|-damage|p1a: Garganacl|89/100
|move|p1a: Garganacl|Ice Punch|p2a: Ting-Lu
|-supereffective|p2a: Ting-Lu
|-damage|p2a: Ting-Lu|49/100 slp
|
|-weather|Snowscape|[upkeep]
|-heal|p1a: Garganacl|95/100|[from] item: Leftovers
|upkeep
|turn|43
|
|t:|1779580627
|-curestatus|p2a: Ting-Lu|slp|[msg]
|move|p2a: Ting-Lu|Rest|p2a: Ting-Lu
|-status|p2a: Ting-Lu|slp|[from] move: Rest
|-heal|p2a: Ting-Lu|100/100 slp|[silent]
|move|p1a: Garganacl|Ice Punch|p2a: Ting-Lu
|-supereffective|p2a: Ting-Lu
|-damage|p2a: Ting-Lu|83/100 slp
|
|-weather|Snowscape|[upkeep]
|-heal|p1a: Garganacl|100/100|[from] item: Leftovers
|upkeep
|turn|44
|
|t:|1779580644
|switch|p2a: Slowking|Slowking-Galar, M|77/100 par
|move|p1a: Garganacl|Salt Cure|p2a: Slowking
|-damage|p2a: Slowking|68/100 par
|-start|p2a: Slowking|Salt Cure
|
|-weather|Snowscape|[upkeep]
|-damage|p2a: Slowking|56/100 par|[from] Salt Cure
|upkeep
|turn|45
|
|t:|1779580658
|move|p1a: Garganacl|Salt Cure|p2a: Slowking
|-damage|p2a: Slowking|46/100 par
|-prepare|p2a: Slowking|Chilly Reception|[premajor]
|cant|p2a: Slowking|par
|
|-weather|none
|-damage|p2a: Slowking|34/100 par|[from] Salt Cure
|upkeep
|turn|46
|
|t:|1779580672
|switch|p2a: Ting-Lu|Ting-Lu|83/100 slp
|-ability|p2a: Ting-Lu|Vessel of Ruin
|move|p1a: Garganacl|Ice Punch|p2a: Ting-Lu
|-supereffective|p2a: Ting-Lu
|-damage|p2a: Ting-Lu|64/100 slp
|
|upkeep
|turn|47
|
|t:|1779580689
|cant|p2a: Ting-Lu|slp
|move|p1a: Garganacl|Ice Punch|p2a: Ting-Lu
|-supereffective|p2a: Ting-Lu
|-damage|p2a: Ting-Lu|44/100 slp
|
|upkeep
|turn|48
|
|t:|1779580696
|move|p1a: Garganacl|Protect|p1a: Garganacl
|-singleturn|p1a: Garganacl|Protect
|cant|p2a: Ting-Lu|slp
|move|p2a: Ting-Lu|Sleep Talk|p2a: Ting-Lu
|move|p2a: Ting-Lu|Rest||[from] move: Sleep Talk|[still]
|-fail|p2a: Ting-Lu
|
|upkeep
|turn|49
|
|t:|1779580709
|-curestatus|p2a: Ting-Lu|slp|[msg]
|move|p2a: Ting-Lu|Rest|p2a: Ting-Lu
|-status|p2a: Ting-Lu|slp|[from] move: Rest
|-heal|p2a: Ting-Lu|100/100 slp|[silent]
|move|p1a: Garganacl|Ice Punch|p2a: Ting-Lu
|-supereffective|p2a: Ting-Lu
|-damage|p2a: Ting-Lu|82/100 slp
|
|upkeep
|turn|50
|
|t:|1779580724
|switch|p2a: Slowking|Slowking-Galar, M|67/100 par
|move|p1a: Garganacl|Salt Cure|p2a: Slowking
|-damage|p2a: Slowking|58/100 par
|-start|p2a: Slowking|Salt Cure
|
|-damage|p2a: Slowking|45/100 par|[from] Salt Cure
|upkeep
|turn|51
|
|t:|1779580735
|move|p1a: Garganacl|Salt Cure|p2a: Slowking
|-damage|p2a: Slowking|36/100 par
|-prepare|p2a: Slowking|Chilly Reception|[premajor]
|move|p2a: Slowking|Chilly Reception|p2a: Slowking
|-weather|Snowscape
|
|t:|1779580745
|switch|p2a: Ting-Lu|Ting-Lu|82/100 slp|[from] Chilly Reception
|-ability|p2a: Ting-Lu|Vessel of Ruin
|
|-weather|Snowscape|[upkeep]
|upkeep
|turn|52
|c|☆ssjemeraldgr|Jesus christ just stop already
|
|t:|1779580754
|switch|p1a: Zapdos|Zapdos|100/100
|cant|p2a: Ting-Lu|slp
|move|p2a: Ting-Lu|Sleep Talk|p2a: Ting-Lu
|move|p2a: Ting-Lu|Rest||[from] move: Sleep Talk|[still]
|-fail|p2a: Ting-Lu
|
|-weather|Snowscape|[upkeep]
|upkeep
|turn|53
|
|t:|1779580768
|move|p1a: Zapdos|Air Cutter|p2a: Ting-Lu
|-damage|p2a: Ting-Lu|69/100 slp
|cant|p2a: Ting-Lu|slp
|
|-weather|Snowscape|[upkeep]
|upkeep
|turn|54
|
|t:|1779580783
|move|p1a: Zapdos|Heat Wave|p2a: Ting-Lu
|-damage|p2a: Ting-Lu|56/100 slp
|-curestatus|p2a: Ting-Lu|slp|[msg]
|move|p2a: Ting-Lu|Payback|p1a: Zapdos
|-damage|p1a: Zapdos|67/100
|-status|p2a: Ting-Lu|par|[from] ability: Static|[of] p1a: Zapdos
|
|-weather|Snowscape|[upkeep]
|upkeep
|turn|55
|
|t:|1779580795
|move|p1a: Zapdos|Heat Wave|p2a: Ting-Lu
|-crit|p2a: Ting-Lu
|-damage|p2a: Ting-Lu|34/100 par
|move|p2a: Ting-Lu|Rest|p2a: Ting-Lu
|-status|p2a: Ting-Lu|slp|[from] move: Rest
|-heal|p2a: Ting-Lu|100/100 slp|[silent]
|
|-weather|none
|upkeep
|turn|56
|inactive|ssjemeraldgr has 120 seconds left.
|
|t:|1779580838
|move|p1a: Zapdos|Roost|p1a: Zapdos
|-heal|p1a: Zapdos|100/100
|-singleturn|p1a: Zapdos|move: Roost
|cant|p2a: Ting-Lu|slp
|move|p2a: Ting-Lu|Sleep Talk|p2a: Ting-Lu
|move|p2a: Ting-Lu|Earthquake|p1a: Zapdos|[from] move: Sleep Talk
|-supereffective|p1a: Zapdos
|-crit|p1a: Zapdos
|-damage|p1a: Zapdos|0 fnt
|faint|p1a: Zapdos
|
|upkeep
|
|t:|1779580848
|switch|p1a: Garganacl|Garganacl, M, tera:Water|100/100
|turn|57
|-message|ssjemeraldgr forfeited.
|
|win|claudechamp
|raw|ssjemeraldgr's rating: 1250 &rarr; <strong>1228</strong><br />(-22 for losing)
|raw|claudechamp's rating: 1294 &rarr; <strong>1316</strong><br />(+22 for winning)
|l|☆ssjemeraldgr
|player|p1|
|c|☆claudechamp|gg
