|j|☆YoSoyDelBronx
|j|☆Xiguana
|t:|1779614405
|gametype|singles
|player|p1|YoSoyDelBronx|noland|1248
|player|p2|Xiguana|102|1388
|gen|9
|tier|[Gen 9] OU
|rated|
|rule|HP Percentage Mod: HP is shown in percentages
|rule|Endless Battle Clause: Forcing endless battles is banned
|rule|Species Clause: Limit one of each Pokémon
|rule|OHKO Clause: OHKO moves are banned
|rule|Evasion Items Clause: Evasion items are banned
|rule|Evasion Moves Clause: Evasion moves are banned
|rule|Evasion Abilities Clause: Evasion abilities are banned
|rule|Sleep Moves Clause: Sleep-inducing moves are banned
|clearpoke
|poke|p1|Ninetales, F|
|poke|p1|Venusaur, M|
|poke|p1|Blaziken, M|
|poke|p1|Walking Wake|
|poke|p1|Scream Tail|
|poke|p1|Great Tusk|
|poke|p2|Zamazenta-*|
|poke|p2|Dragapult, M|
|poke|p2|Pecharunt|
|poke|p2|Ogerpon-Wellspring, F|
|poke|p2|Iron Treads|
|poke|p2|Kingambit, F|
|teampreview
|inactive|Battle timer is ON: inactive players will automatically lose when time's up. (requested by Xiguana)
|
|t:|1779614416
|teamsize|p1|6
|teamsize|p2|6
|start
|switch|p1a: Scream Tail|Scream Tail|100/100
|switch|p2a: Ogerpon|Ogerpon-Wellspring, F|100/100
|-enditem|p1a: Scream Tail|Booster Energy
|-activate|p1a: Scream Tail|ability: Protosynthesis|[fromitem]
|-start|p1a: Scream Tail|protosynthesisspe
|turn|1
|
|t:|1779614423
|move|p1a: Scream Tail|Calm Mind|p1a: Scream Tail
|-boost|p1a: Scream Tail|spa|1
|-boost|p1a: Scream Tail|spd|1
|move|p2a: Ogerpon|Substitute|p2a: Ogerpon
|-start|p2a: Ogerpon|Substitute
|-damage|p2a: Ogerpon|76/100
|
|upkeep
|turn|2
|
|t:|1779614430
|-terastallize|p1a: Scream Tail|Normal
|move|p1a: Scream Tail|Boomburst|p2a: Ogerpon
|-damage|p2a: Ogerpon|0 fnt
|faint|p2a: Ogerpon
|
|upkeep
|inactive|Xiguana has 120 seconds left.
|
|t:|1779614471
|switch|p2a: Zamazenta|Zamazenta|100/100
|-ability|p2a: Zamazenta|Dauntless Shield|boost
|-boost|p2a: Zamazenta|def|1
|turn|3
|inactive|YoSoyDelBronx has 120 seconds left.
|
|t:|1779614511
|move|p1a: Scream Tail|Psychic Noise|p2a: Zamazenta
|-supereffective|p2a: Zamazenta
|-damage|p2a: Zamazenta|42/100
|-start|p2a: Zamazenta|move: Heal Block
|move|p2a: Zamazenta|Light Screen|p2a: Zamazenta
|-sidestart|p2: Xiguana|move: Light Screen
|
|upkeep
|turn|4
|inactive|Xiguana has 120 seconds left.
|
|t:|1779614536
|move|p1a: Scream Tail|Boomburst|p2a: Zamazenta
|-damage|p2a: Zamazenta|16/100
|move|p2a: Zamazenta|Roar|p1a: Scream Tail
|-end|p1a: Scream Tail|Protosynthesis|[silent]
|drag|p1a: Great Tusk|Great Tusk|100/100
|
|-end|p2a: Zamazenta|move: Heal Block
|upkeep
|turn|5
|inactive|YoSoyDelBronx has 120 seconds left.
|
|t:|1779614545
|move|p2a: Zamazenta|Reflect|p2a: Zamazenta
|-sidestart|p2: Xiguana|Reflect
|move|p1a: Great Tusk|Rapid Spin|p2a: Zamazenta
|-damage|p2a: Zamazenta|12/100
|-boost|p1a: Great Tusk|spe|1
|
|upkeep
|turn|6
|inactive|Xiguana has 120 seconds left.
|inactive|YoSoyDelBronx has 120 seconds left.
|
|t:|1779614567
|move|p1a: Great Tusk|Bulk Up|p1a: Great Tusk
|-boost|p1a: Great Tusk|atk|1
|-boost|p1a: Great Tusk|def|1
|move|p2a: Zamazenta|Close Combat|p1a: Great Tusk
|-damage|p1a: Great Tusk|82/100
|-unboost|p2a: Zamazenta|def|1
|-unboost|p2a: Zamazenta|spd|1
|-damage|p2a: Zamazenta|0 fnt|[from] item: Rocky Helmet|[of] p1a: Great Tusk
|faint|p2a: Zamazenta
|
|upkeep
|
|t:|1779614583
|switch|p2a: Pecharunt|Pecharunt|100/100
|turn|7
|
|t:|1779614587
|move|p1a: Great Tusk|Headlong Rush|p2a: Pecharunt
|-supereffective|p2a: Pecharunt
|-damage|p2a: Pecharunt|54/100
|-unboost|p1a: Great Tusk|def|1
|-unboost|p1a: Great Tusk|spd|1
|move|p2a: Pecharunt|Malignant Chain|p1a: Great Tusk
|-resisted|p1a: Great Tusk
|-crit|p1a: Great Tusk
|-damage|p1a: Great Tusk|35/100
|-status|p1a: Great Tusk|tox
|-start|p1a: Great Tusk|confusion|[from] ability: Poison Puppeteer|[of] p2a: Pecharunt
|
|-heal|p2a: Pecharunt|60/100|[from] item: Leftovers
|-damage|p1a: Great Tusk|28/100 tox|[from] psn
|upkeep
|turn|8
|inactive|Xiguana has 90 seconds left.
|
|t:|1779614619
|switch|p2a: Dragapult|Dragapult, M|100/100
|-activate|p1a: Great Tusk|confusion
|move|p1a: Great Tusk|Headlong Rush|p2a: Dragapult
|-damage|p2a: Dragapult|53/100
|-unboost|p1a: Great Tusk|def|1
|-unboost|p1a: Great Tusk|spd|1
|
|-heal|p2a: Dragapult|59/100|[from] item: Leftovers
|-damage|p1a: Great Tusk|16/100 tox|[from] psn
|upkeep
|turn|9
|inactive|Xiguana has 90 seconds left.
|
|t:|1779614631
|-activate|p1a: Great Tusk|confusion
|move|p1a: Great Tusk|Headlong Rush|p2a: Dragapult
|-damage|p2a: Dragapult|9/100
|-unboost|p1a: Great Tusk|def|1
|-unboost|p1a: Great Tusk|spd|1
|move|p2a: Dragapult|Dragon Dance|p2a: Dragapult
|-boost|p2a: Dragapult|atk|1
|-boost|p2a: Dragapult|spe|1
|
|-heal|p2a: Dragapult|15/100|[from] item: Leftovers
|-damage|p1a: Great Tusk|0 fnt|[from] psn
|faint|p1a: Great Tusk
|-end|p1a: Great Tusk|Protosynthesis|[silent]
|upkeep
|
|t:|1779614642
|switch|p1a: Ninetales|Ninetales, F|100/100
|-weather|SunnyDay|[from] ability: Drought|[of] p1a: Ninetales
|turn|10
|inactive|Xiguana has 90 seconds left.
|
|t:|1779614657
|-terastallize|p2a: Dragapult|Dragon
|move|p2a: Dragapult|Dragon Darts|p1a: Ninetales
|-damage|p1a: Ninetales|32/100
|-anim|p2a: Dragapult|Dragon Darts|p1a: Ninetales
|-damage|p1a: Ninetales|0 fnt
|faint|p1a: Ninetales
|
|-weather|SunnyDay|[upkeep]
|-heal|p2a: Dragapult|21/100|[from] item: Leftovers
|-sideend|p2: Xiguana|move: Light Screen
|upkeep
|
|t:|1779614668
|switch|p1a: Scream Tail|Scream Tail, tera:Normal|100/100
|-activate|p1a: Scream Tail|ability: Protosynthesis
|-start|p1a: Scream Tail|protosynthesisspe
|turn|11
|inactive|Xiguana has 90 seconds left.
|
|t:|1779614688
|move|p2a: Dragapult|Dragon Darts|p1a: Scream Tail
|-damage|p1a: Scream Tail|52/100
|-anim|p2a: Dragapult|Dragon Darts|p1a: Scream Tail
|-damage|p1a: Scream Tail|4/100
|move|p1a: Scream Tail|Psychic Noise|p2a: Dragapult
|-damage|p2a: Dragapult|0 fnt
|faint|p2a: Dragapult
|
|-weather|SunnyDay|[upkeep]
|upkeep
|
|t:|1779614693
|switch|p2a: Pecharunt|Pecharunt|60/100
|turn|12
|
|t:|1779614696
|move|p1a: Scream Tail|Psychic Noise|p2a: Pecharunt
|-supereffective|p2a: Pecharunt
|-damage|p2a: Pecharunt|14/100
|-start|p2a: Pecharunt|move: Heal Block
|move|p2a: Pecharunt|Malignant Chain|p1a: Scream Tail
|-damage|p1a: Scream Tail|0 fnt
|faint|p1a: Scream Tail
|-end|p1a: Scream Tail|Protosynthesis|[silent]
|
|-weather|SunnyDay|[upkeep]
|-sideend|p2: Xiguana|Reflect
|upkeep
|
|t:|1779614703
|switch|p1a: Blaziken|Blaziken, M|100/100
|-item|p1a: Blaziken|Air Balloon
|turn|13
|
|t:|1779614707
|move|p2a: Pecharunt|Malignant Chain|p1a: Blaziken
|-crit|p1a: Blaziken
|-damage|p1a: Blaziken|34/100
|-status|p1a: Blaziken|tox
|-start|p1a: Blaziken|confusion|[from] ability: Poison Puppeteer|[of] p2a: Pecharunt
|-enditem|p1a: Blaziken|Air Balloon
|-activate|p1a: Blaziken|confusion
|move|p1a: Blaziken|Swords Dance|p1a: Blaziken
|-boost|p1a: Blaziken|atk|2
|
|-weather|SunnyDay|[upkeep]
|-damage|p1a: Blaziken|28/100 tox|[from] psn
|-end|p2a: Pecharunt|move: Heal Block
|-ability|p1a: Blaziken|Speed Boost|boost
|-boost|p1a: Blaziken|spe|1
|upkeep
|turn|14
|inactive|Xiguana has 120 seconds left.
|
|t:|1779614725
|-activate|p1a: Blaziken|confusion
|move|p1a: Blaziken|Flare Blitz|p2a: Pecharunt
|-damage|p2a: Pecharunt|0 fnt
|faint|p2a: Pecharunt
|-damage|p1a: Blaziken|22/100 tox|[from] Recoil
|
|-weather|SunnyDay|[upkeep]
|-damage|p1a: Blaziken|10/100 tox|[from] psn
|-ability|p1a: Blaziken|Speed Boost|boost
|-boost|p1a: Blaziken|spe|1
|upkeep
|
|t:|1779614729
|switch|p2a: Iron Treads|Iron Treads|100/100
|-enditem|p2a: Iron Treads|Booster Energy
|-activate|p2a: Iron Treads|ability: Quark Drive|[fromitem]
|-start|p2a: Iron Treads|quarkdrivespe
|turn|15
|inactive|Xiguana has 120 seconds left.
|
|t:|1779614740
|-end|p1a: Blaziken|confusion
|move|p1a: Blaziken|Flare Blitz|p2a: Iron Treads
|-supereffective|p2a: Iron Treads
|-damage|p2a: Iron Treads|0 fnt
|faint|p2a: Iron Treads
|-end|p2a: Iron Treads|Quark Drive|[silent]
|-damage|p1a: Blaziken|0 fnt|[from] Recoil
|faint|p1a: Blaziken
|
|-weather|SunnyDay|[upkeep]
|upkeep
|
|t:|1779614746
|switch|p2a: Kingambit|Kingambit, F|100/100
|switch|p1a: Venusaur|Venusaur, M|100/100
|-activate|p2a: Kingambit|ability: Supreme Overlord
|-start|p2a: Kingambit|fallen5|[silent]
|turn|16
|
|t:|1779614756
|move|p1a: Venusaur|Weather Ball|p2a: Kingambit
|-supereffective|p2a: Kingambit
|-damage|p2a: Kingambit|0 fnt
|faint|p2a: Kingambit
|-end|p2a: Kingambit|fallen5|[silent]
|-damage|p1a: Venusaur|91/100|[from] item: Life Orb
|
|win|YoSoyDelBronx
|raw|YoSoyDelBronx's rating: 1248 &rarr; <strong>1283</strong><br />(+35 for winning)
|raw|Xiguana's rating: 1388 &rarr; <strong>1360</strong><br />(-28 for losing)
|l|☆Xiguana
|player|p2|
|c|☆YoSoyDelBronx|gg
|l|☆YoSoyDelBronx
|player|p1|
