|j|☆The Name Change
|j|☆dw junkie
|t:|1779625579
|gametype|singles
|player|p1|The Name Change|102|1351
|player|p2|dw junkie|169|1307
|gen|9
|tier|[Gen 9] OU
|rated|
|rule|HP Percentage Mod: HP is shown in percentages
|rule|Endless Battle Clause: Forcing endless battles is banned
|rule|Species Clause: Limit one of each Pokémon
|rule|OHKO Clause: OHKO moves are banned
|rule|Evasion Items Clause: Evasion items are banned
|rule|Evasion Moves Clause: Evasion moves are banned
|rule|Evasion Abilities Clause: Evasion abilities are banned
|rule|Sleep Moves Clause: Sleep-inducing moves are banned
|clearpoke
|poke|p1|Pelipper, M|
|poke|p1|Raging Bolt|
|poke|p1|Overqwil, M|
|poke|p1|Barraskewda, F|
|poke|p1|Iron Treads|
|poke|p1|Kingambit, M|
|poke|p2|Meowscarada, M|
|poke|p2|Samurott-Hisui, M|
|poke|p2|Blaziken, M|
|poke|p2|Rillaboom, F|
|poke|p2|Sceptile, F|
|poke|p2|Inteleon, M|
|teampreview
|inactive|Battle timer is ON: inactive players will automatically lose when time's up. (requested by dw junkie)
|
|t:|1779625589
|teamsize|p1|6
|teamsize|p2|6
|start
|switch|p1a: Pelipper|Pelipper, M|100/100
|switch|p2a: Meowscarada|Meowscarada, M|100/100
|-weather|RainDance|[from] ability: Drizzle|[of] p1a: Pelipper
|turn|1
|
|t:|1779625598
|move|p2a: Meowscarada|Triple Axel|p1a: Pelipper
|-start|p2a: Meowscarada|typechange|Ice|[from] ability: Protean
|-damage|p1a: Pelipper|90/100
|-damage|p1a: Pelipper|70/100
|-damage|p1a: Pelipper|37/100
|-hitcount|p1a: Pelipper|3
|move|p1a: Pelipper|U-turn|p2a: Meowscarada
|-damage|p2a: Meowscarada|85/100
|
|t:|1779625604
|switch|p1a: Overqwil|Overqwil, M|100/100|[from] U-turn
|
|-weather|RainDance|[upkeep]
|upkeep
|turn|2
|
|t:|1779625623
|move|p1a: Overqwil|Crunch|p2a: Meowscarada
|-damage|p2a: Meowscarada|0 fnt
|faint|p2a: Meowscarada
|-damage|p1a: Overqwil|91/100|[from] item: Life Orb
|
|-weather|RainDance|[upkeep]
|upkeep
|
|t:|1779625630
|switch|p2a: Samurott|Samurott-Hisui, M|100/100
|turn|3
|
|t:|1779625654
|move|p1a: Overqwil|Gunk Shot|p2a: Samurott
|-damage|p2a: Samurott|1/100
|-damage|p1a: Overqwil|81/100|[from] item: Life Orb
|move|p2a: Samurott|Ceaseless Edge|p1a: Overqwil
|-resisted|p1a: Overqwil
|-damage|p1a: Overqwil|57/100
|-sidestart|p1: The Name Change|Spikes
|
|-weather|RainDance|[upkeep]
|upkeep
|turn|4
|
|t:|1779625664
|move|p1a: Overqwil|Crunch|p2a: Samurott
|-resisted|p2a: Samurott
|-damage|p2a: Samurott|0 fnt
|faint|p2a: Samurott
|-damage|p1a: Overqwil|48/100|[from] item: Life Orb
|
|-weather|RainDance|[upkeep]
|upkeep
|
|t:|1779625672
|switch|p2a: Rillaboom|Rillaboom, F|100/100
|-fieldstart|move: Grassy Terrain|[from] ability: Grassy Surge|[of] p2a: Rillaboom
|turn|5
|
|t:|1779625693
|move|p1a: Overqwil|Gunk Shot|p2a: Rillaboom
|-supereffective|p2a: Rillaboom
|-damage|p2a: Rillaboom|0 fnt
|faint|p2a: Rillaboom
|-damage|p1a: Overqwil|38/100|[from] item: Life Orb
|
|-weather|RainDance|[upkeep]
|-heal|p1a: Overqwil|44/100|[from] Grassy Terrain
|upkeep
|
|t:|1779625702
|switch|p2a: Sceptile|Sceptile, F|100/100
|-enditem|p2a: Sceptile|Grassy Seed
|-boost|p2a: Sceptile|def|1|[from] item: Grassy Seed
|turn|6
|
|t:|1779625711
|move|p2a: Sceptile|Protect|p2a: Sceptile
|-singleturn|p2a: Sceptile|Protect
|move|p1a: Overqwil|Gunk Shot|p2a: Sceptile
|-activate|p2a: Sceptile|move: Protect
|
|-weather|RainDance|[upkeep]
|-heal|p1a: Overqwil|50/100|[from] Grassy Terrain
|upkeep
|turn|7
|
|t:|1779625719
|move|p2a: Sceptile|Substitute|p2a: Sceptile
|-start|p2a: Sceptile|Substitute
|-damage|p2a: Sceptile|76/100
|move|p1a: Overqwil|Gunk Shot|p2a: Sceptile
|-supereffective|p2a: Sceptile
|-end|p2a: Sceptile|Substitute
|-damage|p1a: Overqwil|40/100|[from] item: Life Orb
|
|-weather|RainDance|[upkeep]
|-heal|p2a: Sceptile|82/100|[from] Grassy Terrain
|-heal|p1a: Overqwil|46/100|[from] Grassy Terrain
|upkeep
|turn|8
|
|t:|1779625735
|switch|p1a: Kingambit|Kingambit, M|100/100
|-damage|p1a: Kingambit|88/100|[from] Spikes
|move|p2a: Sceptile|Leech Seed|p1a: Kingambit
|-start|p1a: Kingambit|move: Leech Seed
|
|-weather|none
|-heal|p2a: Sceptile|88/100|[from] Grassy Terrain
|-heal|p1a: Kingambit|94/100|[from] Grassy Terrain
|-heal|p1a: Kingambit|100/100|[from] item: Leftovers
|-damage|p1a: Kingambit|88/100|[from] Leech Seed|[of] p2a: Sceptile
|-heal|p2a: Sceptile|100/100|[silent]
|upkeep
|turn|9
|
|t:|1779625749
|move|p2a: Sceptile|Substitute|p2a: Sceptile
|-start|p2a: Sceptile|Substitute
|-damage|p2a: Sceptile|76/100
|move|p1a: Kingambit|Kowtow Cleave|p2a: Sceptile
|-end|p2a: Sceptile|Substitute
|
|-heal|p2a: Sceptile|82/100|[from] Grassy Terrain
|-heal|p1a: Kingambit|94/100|[from] Grassy Terrain
|-heal|p1a: Kingambit|100/100|[from] item: Leftovers
|-damage|p1a: Kingambit|88/100|[from] Leech Seed|[of] p2a: Sceptile
|-heal|p2a: Sceptile|96/100|[silent]
|-fieldend|move: Grassy Terrain
|upkeep
|turn|10
|
|t:|1779625761
|-end|p1a: Kingambit|fallenundefined|[silent]
|switch|p1a: Pelipper|Pelipper, M|37/100
|-weather|RainDance|[from] ability: Drizzle|[of] p1a: Pelipper
|move|p2a: Sceptile|Protect||[still]
|-fail|p2a: Sceptile
|
|-weather|RainDance|[upkeep]
|upkeep
|turn|11
|
|t:|1779625781
|switch|p1a: Overqwil|Overqwil, M|46/100
|-damage|p1a: Overqwil|34/100|[from] Spikes
|move|p2a: Sceptile|Protect||[still]
|-fail|p2a: Sceptile
|
|-weather|RainDance|[upkeep]
|upkeep
|turn|12
|
|t:|1779625789
|move|p2a: Sceptile|Giga Drain|p1a: Overqwil
|-resisted|p1a: Overqwil
|-damage|p1a: Overqwil|14/100
|-heal|p2a: Sceptile|100/100|[from] drain|[of] p1a: Overqwil
|move|p1a: Overqwil|Gunk Shot|p2a: Sceptile
|-supereffective|p2a: Sceptile
|-damage|p2a: Sceptile|0 fnt
|faint|p2a: Sceptile
|-damage|p1a: Overqwil|4/100|[from] item: Life Orb
|
|-weather|RainDance|[upkeep]
|upkeep
|
|t:|1779625803
|switch|p2a: Inteleon|Inteleon, M|100/100
|turn|13
|
|t:|1779625807
|move|p2a: Inteleon|Vacuum Wave|p1a: Overqwil
|-damage|p1a: Overqwil|0 fnt
|faint|p1a: Overqwil
|
|-weather|RainDance|[upkeep]
|upkeep
|
|t:|1779625810
|switch|p1a: Raging Bolt|Raging Bolt|100/100
|-damage|p1a: Raging Bolt|88/100|[from] Spikes
|-enditem|p1a: Raging Bolt|Booster Energy
|-activate|p1a: Raging Bolt|ability: Protosynthesis|[fromitem]
|-start|p1a: Raging Bolt|protosynthesisspa
|turn|14
|
|t:|1779625819
|move|p2a: Inteleon|Ice Beam|p1a: Raging Bolt
|-supereffective|p1a: Raging Bolt
|-damage|p1a: Raging Bolt|29/100
|move|p1a: Raging Bolt|Thunder|p2a: Inteleon
|-supereffective|p2a: Inteleon
|-damage|p2a: Inteleon|0 fnt
|faint|p2a: Inteleon
|
|-weather|RainDance|[upkeep]
|upkeep
|
|t:|1779625828
|switch|p2a: Blaziken|Blaziken, M|100/100
|-item|p2a: Blaziken|Air Balloon
|turn|15
|
|t:|1779625843
|move|p2a: Blaziken|Swords Dance|p2a: Blaziken
|-boost|p2a: Blaziken|atk|2
|move|p1a: Raging Bolt|Thunder|p2a: Blaziken
|-damage|p2a: Blaziken|0 fnt
|-enditem|p2a: Blaziken|Air Balloon
|faint|p2a: Blaziken
|
|win|The Name Change
|raw|The Name Change's rating: 1351 &rarr; <strong>1368</strong><br />(+17 for winning)
|raw|dw junkie's rating: 1307 &rarr; <strong>1290</strong><br />(-17 for losing)
|l|☆The Name Change
|player|p1|
|l|☆dw junkie
|player|p2|
