|j|☆AirForceThree
|j|☆alexjiangg_
|t:|1779706697
|gametype|singles
|player|p1|AirForceThree|unknownf|1054
|player|p2|alexjiangg_|ghetsis-gen5bw|1063
|gen|9
|tier|[Gen 9] OU
|rated|
|rule|HP Percentage Mod: HP is shown in percentages
|rule|Endless Battle Clause: Forcing endless battles is banned
|rule|Species Clause: Limit one of each Pokémon
|rule|OHKO Clause: OHKO moves are banned
|rule|Evasion Items Clause: Evasion items are banned
|rule|Evasion Moves Clause: Evasion moves are banned
|rule|Evasion Abilities Clause: Evasion abilities are banned
|rule|Sleep Moves Clause: Sleep-inducing moves are banned
|clearpoke
|poke|p1|Polteageist-Antique|
|poke|p1|Zoroark, M|
|poke|p1|Regieleki|
|poke|p1|Blastoise, M|
|poke|p1|Slowbro, M|
|poke|p1|Mew|
|poke|p2|Hypno, M|
|poke|p2|Great Tusk|
|poke|p2|Samurott-Hisui, M|
|poke|p2|Corviknight, M|
|poke|p2|Dragapult, M|
|poke|p2|Slowking-Galar, M|
|teampreview
|
|t:|1779706720
|teamsize|p1|6
|teamsize|p2|6
|start
|switch|p1a: Vengeance plot|Polteageist-Antique, shiny|100/100
|switch|p2a: Great Tusk|Great Tusk|100/100
|turn|1
|c|☆AirForceThree|Generic ahh team
|
|t:|1779706738
|move|p2a: Great Tusk|Stealth Rock|p1a: Vengeance plot
|-sidestart|p1: AirForceThree|move: Stealth Rock
|move|p1a: Vengeance plot|Shell Smash|p1a: Vengeance plot
|-unboost|p1a: Vengeance plot|def|1
|-unboost|p1a: Vengeance plot|spd|1
|-boost|p1a: Vengeance plot|atk|2
|-boost|p1a: Vengeance plot|spa|2
|-boost|p1a: Vengeance plot|spe|2
|
|upkeep
|turn|2
|c|☆AirForceThree|Daily rewards ahh team
|
|t:|1779706761
|-end|p2a: Great Tusk|Protosynthesis|[silent]
|switch|p2a: Samurott|Samurott-Hisui, M|100/100
|move|p1a: Vengeance plot|Shell Smash|p1a: Vengeance plot
|-unboost|p1a: Vengeance plot|def|1
|-unboost|p1a: Vengeance plot|spd|1
|-boost|p1a: Vengeance plot|atk|2
|-boost|p1a: Vengeance plot|spa|2
|-boost|p1a: Vengeance plot|spe|2
|
|upkeep
|turn|3
|c|☆AirForceThree|Hypno is the most inspired thing here
|
|t:|1779706771
|move|p1a: Vengeance plot|Giga Drain|p2a: Samurott
|-supereffective|p2a: Samurott
|-damage|p2a: Samurott|0 fnt
|faint|p2a: Samurott
|
|upkeep
|
|t:|1779706798
|switch|p2a: Corviknight|Corviknight, M|100/100
|turn|4
|
|t:|1779706809
|move|p1a: Vengeance plot|Stored Power|p2a: Corviknight
|-resisted|p2a: Corviknight
|-damage|p2a: Corviknight|0 fnt
|faint|p2a: Corviknight
|
|upkeep
|
|t:|1779706814
|switch|p2a: Dragapult|Dragapult, M|100/100
|turn|5
|
|t:|1779706821
|move|p1a: Vengeance plot|Stored Power|p2a: Dragapult
|-damage|p2a: Dragapult|0 fnt
|faint|p2a: Dragapult
|
|upkeep
|
|t:|1779706828
|switch|p2a: Slowking|Slowking-Galar, M|100/100
|turn|6
|
|t:|1779706834
|move|p1a: Vengeance plot|Stored Power|p2a: Slowking
|-damage|p2a: Slowking|0 fnt
|faint|p2a: Slowking
|
|upkeep
|
|t:|1779706841
|switch|p2a: Hypno|Hypno, M, shiny|100/100
|turn|7
|
|t:|1779706851
|move|p1a: Vengeance plot|Stored Power|p2a: Hypno
|-resisted|p2a: Hypno
|-damage|p2a: Hypno|3/100
|move|p2a: Hypno|Light Screen|p2a: Hypno
|-sidestart|p2: alexjiangg_|move: Light Screen
|
|-heal|p2a: Hypno|9/100|[from] item: Leftovers
|upkeep
|turn|8
|c|☆AirForceThree|Cmon
|
|t:|1779706862
|move|p1a: Vengeance plot|Stored Power|p2a: Hypno
|-resisted|p2a: Hypno
|-damage|p2a: Hypno|0 fnt
|faint|p2a: Hypno
|
|upkeep
|
|t:|1779706867
|switch|p2a: Great Tusk|Great Tusk|100/100
|turn|9
|
|t:|1779706870
|move|p1a: Vengeance plot|Stored Power|p2a: Great Tusk
|-supereffective|p2a: Great Tusk
|-damage|p2a: Great Tusk|0 fnt
|faint|p2a: Great Tusk
|-end|p2a: Great Tusk|Protosynthesis|[silent]
|
|win|AirForceThree
|raw|AirForceThree's rating: 1054 &rarr; <strong>1087</strong><br />(+33 for winning)
|raw|alexjiangg_'s rating: 1063 &rarr; <strong>1043</strong><br />(-20 for losing)
|l|☆AirForceThree
|player|p1|
|l|☆alexjiangg_
|player|p2|
