|j|☆Weghettoflowers
|j|☆technogiri
|t:|1779693560
|gametype|singles
|player|p1|Weghettoflowers|102|1163
|player|p2|technogiri|170|1055
|gen|9
|tier|[Gen 9] OU
|rated|
|rule|HP Percentage Mod: HP is shown in percentages
|rule|Endless Battle Clause: Forcing endless battles is banned
|rule|Species Clause: Limit one of each Pokémon
|rule|OHKO Clause: OHKO moves are banned
|rule|Evasion Items Clause: Evasion items are banned
|rule|Evasion Moves Clause: Evasion moves are banned
|rule|Evasion Abilities Clause: Evasion abilities are banned
|rule|Sleep Moves Clause: Sleep-inducing moves are banned
|clearpoke
|poke|p1|Great Tusk|
|poke|p1|Hatterene, F|
|poke|p1|Lilligant, F|
|poke|p1|Walking Wake|
|poke|p1|Ninetales, F|
|poke|p1|Ceruledge, M|
|poke|p2|Maushold|
|poke|p2|Grimmsnarl, M|
|poke|p2|Clefable, F|
|poke|p2|Darkrai|
|poke|p2|Gyarados, F|
|poke|p2|Skeledirge, M|
|teampreview
|inactive|Battle timer is ON: inactive players will automatically lose when time's up. (requested by technogiri)
|
|t:|1779693568
|teamsize|p1|6
|teamsize|p2|6
|start
|switch|p1a: Ninetales|Ninetales, F|100/100
|switch|p2a: Grimmsnarl|Grimmsnarl, M|100/100
|-weather|SunnyDay|[from] ability: Drought|[of] p1a: Ninetales
|turn|1
|
|t:|1779693578
|move|p2a: Grimmsnarl|Light Screen|p2a: Grimmsnarl
|-sidestart|p2: technogiri|move: Light Screen
|move|p1a: Ninetales|Overheat|p2a: Grimmsnarl
|-crit|p2a: Grimmsnarl
|-damage|p2a: Grimmsnarl|16/100
|-unboost|p1a: Ninetales|spa|2
|
|-weather|SunnyDay|[upkeep]
|upkeep
|turn|2
|
|t:|1779693583
|move|p2a: Grimmsnarl|Reflect|p2a: Grimmsnarl
|-sidestart|p2: technogiri|Reflect
|move|p1a: Ninetales|Overheat|p2a: Grimmsnarl
|-damage|p2a: Grimmsnarl|2/100
|-unboost|p1a: Ninetales|spa|2
|
|-weather|SunnyDay|[upkeep]
|upkeep
|turn|3
|
|t:|1779693590
|move|p2a: Grimmsnarl|Parting Shot|p1a: Ninetales
|-unboost|p1a: Ninetales|atk|1
|-unboost|p1a: Ninetales|spa|1
|
|t:|1779693592
|switch|p2a: Maushold|Maushold|100/100|[from] Parting Shot
|move|p1a: Ninetales|Overheat|p2a: Maushold
|-damage|p2a: Maushold|86/100
|-unboost|p1a: Ninetales|spa|1
|
|-weather|SunnyDay|[upkeep]
|upkeep
|turn|4
|
|t:|1779693601
|switch|p1a: Ceruledge|Ceruledge, M|100/100
|move|p2a: Maushold|Tidy Up|p2a: Maushold
|-boost|p2a: Maushold|atk|1
|-boost|p2a: Maushold|spe|1
|
|-weather|SunnyDay|[upkeep]
|upkeep
|turn|5
|
|t:|1779693606
|move|p2a: Maushold|Tidy Up|p2a: Maushold
|-boost|p2a: Maushold|atk|1
|-boost|p2a: Maushold|spe|1
|move|p1a: Ceruledge|Bitter Blade|p2a: Maushold
|-damage|p2a: Maushold|25/100
|
|-weather|SunnyDay|[upkeep]
|upkeep
|turn|6
|
|t:|1779693609
|move|p2a: Maushold|Bite|p1a: Ceruledge
|-supereffective|p1a: Ceruledge
|-damage|p1a: Ceruledge|1/100
|-ability|p1a: Ceruledge|Weak Armor|boost
|-unboost|p1a: Ceruledge|def|1
|-boost|p1a: Ceruledge|spe|2
|move|p1a: Ceruledge|Bitter Blade|p2a: Maushold
|-damage|p2a: Maushold|0 fnt
|-heal|p1a: Ceruledge|11/100|[from] drain|[of] p2a: Maushold
|faint|p2a: Maushold
|
|-weather|SunnyDay|[upkeep]
|upkeep
|
|t:|1779693615
|switch|p2a: Gyarados|Gyarados, F|100/100
|turn|7
|
|t:|1779693623
|switch|p1a: Hatterene|Hatterene, F|100/100
|move|p2a: Gyarados|Dragon Dance|p2a: Gyarados
|-boost|p2a: Gyarados|atk|1
|-boost|p2a: Gyarados|spe|1
|
|-weather|SunnyDay|[upkeep]
|upkeep
|turn|8
|
|t:|1779693627
|move|p2a: Gyarados|Substitute|p2a: Gyarados
|-start|p2a: Gyarados|Substitute
|-damage|p2a: Gyarados|76/100
|move|p1a: Hatterene|Nuzzle|p2a: Gyarados
|-supereffective|p2a: Gyarados
|-activate|p2a: Gyarados|move: Substitute|[damage]
|
|-weather|none
|-sideend|p2: technogiri|move: Light Screen
|upkeep
|turn|9
|
|t:|1779693634
|move|p2a: Gyarados|Dragon Dance|p2a: Gyarados
|-boost|p2a: Gyarados|atk|1
|-boost|p2a: Gyarados|spe|1
|move|p1a: Hatterene|Psychic Noise|p2a: Gyarados
|-damage|p2a: Gyarados|35/100
|-start|p2a: Gyarados|move: Heal Block
|
|-sideend|p2: technogiri|Reflect
|upkeep
|turn|10
|
|t:|1779693643
|move|p2a: Gyarados|Waterfall|p1a: Hatterene
|-crit|p1a: Hatterene
|-damage|p1a: Hatterene|0 fnt
|faint|p1a: Hatterene
|-ability|p2a: Gyarados|Moxie|boost
|-boost|p2a: Gyarados|atk|1
|
|-end|p2a: Gyarados|move: Heal Block
|upkeep
|
|t:|1779693654
|switch|p1a: Great Tusk|Great Tusk|100/100
|turn|11
|
|t:|1779693657
|-end|p1a: Great Tusk|Protosynthesis|[silent]
|switch|p1a: Ninetales|Ninetales, F|100/100
|-weather|SunnyDay|[from] ability: Drought|[of] p1a: Ninetales
|move|p2a: Gyarados|Waterfall|p1a: Ninetales
|-supereffective|p1a: Ninetales
|-damage|p1a: Ninetales|0 fnt
|faint|p1a: Ninetales
|-ability|p2a: Gyarados|Moxie|boost
|-boost|p2a: Gyarados|atk|1
|
|-weather|SunnyDay|[upkeep]
|upkeep
|
|t:|1779693665
|switch|p1a: Great Tusk|Great Tusk|100/100
|-activate|p1a: Great Tusk|ability: Protosynthesis
|-start|p1a: Great Tusk|protosynthesisspe
|turn|12
|
|t:|1779693669
|move|p2a: Gyarados|Waterfall|p1a: Great Tusk
|-supereffective|p1a: Great Tusk
|-damage|p1a: Great Tusk|18/100
|move|p1a: Great Tusk|Close Combat|p2a: Gyarados
|-resisted|p2a: Gyarados
|-end|p2a: Gyarados|Substitute
|-unboost|p1a: Great Tusk|def|1
|-unboost|p1a: Great Tusk|spd|1
|
|-weather|SunnyDay|[upkeep]
|upkeep
|turn|13
|
|t:|1779693674
|move|p2a: Gyarados|Waterfall|p1a: Great Tusk
|-supereffective|p1a: Great Tusk
|-damage|p1a: Great Tusk|0 fnt
|faint|p1a: Great Tusk
|-end|p1a: Great Tusk|Protosynthesis|[silent]
|-ability|p2a: Gyarados|Moxie|boost
|-boost|p2a: Gyarados|atk|1
|
|-weather|SunnyDay|[upkeep]
|upkeep
|
|t:|1779693698
|switch|p1a: Lilligant|Lilligant, F|100/100
|turn|14
|
|t:|1779693701
|move|p1a: Lilligant|Giga Drain|p2a: Gyarados
|-damage|p2a: Gyarados|0 fnt
|faint|p2a: Gyarados
|-damage|p1a: Lilligant|91/100|[from] item: Life Orb
|
|-weather|SunnyDay|[upkeep]
|upkeep
|
|t:|1779693706
|switch|p2a: Skeledirge|Skeledirge, M|100/100
|turn|15
|
|t:|1779693716
|switch|p1a: Ceruledge|Ceruledge, M|11/100
|move|p2a: Skeledirge|Torch Song|p1a: Ceruledge
|-resisted|p1a: Ceruledge
|-damage|p1a: Ceruledge|0 fnt
|-boost|p2a: Skeledirge|spa|1
|faint|p1a: Ceruledge
|
|-weather|SunnyDay|[upkeep]
|upkeep
|
|t:|1779693717
|switch|p1a: Walking Wake|Walking Wake|100/100
|-activate|p1a: Walking Wake|ability: Protosynthesis
|-start|p1a: Walking Wake|protosynthesisspa
|turn|16
|
|t:|1779693721
|-terastallize|p2a: Skeledirge|Fairy
|move|p1a: Walking Wake|Hydro Steam|p2a: Skeledirge
|-damage|p2a: Skeledirge|10/100
|move|p2a: Skeledirge|Will-O-Wisp|p1a: Walking Wake
|-status|p1a: Walking Wake|brn
|
|-weather|SunnyDay|[upkeep]
|-damage|p1a: Walking Wake|94/100 brn|[from] brn
|upkeep
|turn|17
|
|t:|1779693729
|move|p1a: Walking Wake|Hydro Steam|p2a: Skeledirge
|-crit|p2a: Skeledirge
|-damage|p2a: Skeledirge|0 fnt
|faint|p2a: Skeledirge
|
|-weather|SunnyDay|[upkeep]
|-damage|p1a: Walking Wake|88/100 brn|[from] brn
|upkeep
|
|t:|1779693732
|switch|p2a: Grimmsnarl|Grimmsnarl, M|2/100
|turn|18
|
|t:|1779693735
|move|p2a: Grimmsnarl|Light Screen|p2a: Grimmsnarl
|-sidestart|p2: technogiri|move: Light Screen
|move|p1a: Walking Wake|Hydro Steam|p2a: Grimmsnarl
|-damage|p2a: Grimmsnarl|0 fnt
|faint|p2a: Grimmsnarl
|
|-weather|none
|-end|p1a: Walking Wake|Protosynthesis
|-damage|p1a: Walking Wake|82/100 brn|[from] brn
|upkeep
|
|t:|1779693741
|switch|p2a: Darkrai|Darkrai|100/100
|turn|19
|
|t:|1779693744
|move|p2a: Darkrai|Nasty Plot|p2a: Darkrai
|-boost|p2a: Darkrai|spa|2
|move|p1a: Walking Wake|Hydro Steam|p2a: Darkrai
|-damage|p2a: Darkrai|58/100
|
|-damage|p1a: Walking Wake|76/100 brn|[from] brn
|upkeep
|turn|20
|
|t:|1779693747
|move|p2a: Darkrai|Nasty Plot|p2a: Darkrai
|-boost|p2a: Darkrai|spa|2
|move|p1a: Walking Wake|Hydro Steam|p2a: Darkrai
|-damage|p2a: Darkrai|21/100
|
|-damage|p1a: Walking Wake|70/100 brn|[from] brn
|upkeep
|turn|21
|
|t:|1779693750
|move|p2a: Darkrai|Dark Pulse|p1a: Walking Wake
|-damage|p1a: Walking Wake|0 fnt
|faint|p1a: Walking Wake
|-end|p1a: Walking Wake|Protosynthesis|[silent]
|-damage|p2a: Darkrai|11/100|[from] item: Life Orb
|
|upkeep
|
|t:|1779693753
|switch|p1a: Lilligant|Lilligant, F|91/100
|turn|22
|
|t:|1779693757
|move|p2a: Darkrai|Dark Pulse|p1a: Lilligant
|-damage|p1a: Lilligant|0 fnt
|faint|p1a: Lilligant
|-damage|p2a: Darkrai|1/100|[from] item: Life Orb
|
|win|technogiri
|raw|Weghettoflowers's rating: 1163 &rarr; <strong>1130</strong><br />(-33 for losing)
|raw|technogiri's rating: 1055 &rarr; <strong>1096</strong><br />(+41 for winning)
|l|☆Weghettoflowers
|player|p1|
|l|☆technogiri
|player|p2|
