|j|☆skyrim-alberto
|j|☆fongxgopi
|t:|1779706473
|gametype|singles
|player|p1|skyrim-alberto|norman|1515
|player|p2|fongxgopi|266|1466
|gen|9
|tier|[Gen 9] OU
|rated|
|rule|HP Percentage Mod: HP is shown in percentages
|rule|Endless Battle Clause: Forcing endless battles is banned
|rule|Species Clause: Limit one of each Pokémon
|rule|OHKO Clause: OHKO moves are banned
|rule|Evasion Items Clause: Evasion items are banned
|rule|Evasion Moves Clause: Evasion moves are banned
|rule|Evasion Abilities Clause: Evasion abilities are banned
|rule|Sleep Moves Clause: Sleep-inducing moves are banned
|clearpoke
|poke|p1|Mimikyu, M|
|poke|p1|Ursaluna, M|
|poke|p1|Indeedee-F, F|
|poke|p1|Hatterene, F|
|poke|p1|Iron Hands|
|poke|p1|Hoopa-Unbound|
|poke|p2|Landorus-Therian, M|
|poke|p2|Regieleki|
|poke|p2|Hatterene, F|
|poke|p2|Dragonite, F|
|poke|p2|Quaquaval, F|
|poke|p2|Hoopa-Unbound|
|teampreview
|
|t:|1779706480
|teamsize|p1|6
|teamsize|p2|6
|start
|switch|p1a: Kung Fu Panda|Iron Hands|100/100
|switch|p2a: Regieleki|Regieleki|100/100
|turn|1
|
|t:|1779706507
|move|p2a: Regieleki|Reflect|p2a: Regieleki
|-sidestart|p2: fongxgopi|Reflect
|move|p1a: Kung Fu Panda|Ice Punch|p2a: Regieleki
|-crit|p2a: Regieleki
|-damage|p2a: Regieleki|50/100
|
|upkeep
|turn|2
|
|t:|1779706520
|move|p2a: Regieleki|Volt Switch|p1a: Kung Fu Panda
|-resisted|p1a: Kung Fu Panda
|-damage|p1a: Kung Fu Panda|91/100
|
|t:|1779706527
|switch|p2a: Landorus|Landorus-Therian, M|100/100|[from] Volt Switch
|-ability|p2a: Landorus|Intimidate|boost
|-unboost|p1a: Kung Fu Panda|atk|1
|move|p1a: Kung Fu Panda|Ice Punch|p2a: Landorus
|-supereffective|p2a: Landorus
|-damage|p2a: Landorus|61/100
|-damage|p1a: Kung Fu Panda|75/100|[from] item: Rocky Helmet|[of] p2a: Landorus
|
|upkeep
|turn|3
|
|t:|1779706548
|move|p2a: Landorus|Stealth Rock|p1a: Kung Fu Panda
|-sidestart|p1: skyrim-alberto|move: Stealth Rock
|move|p1a: Kung Fu Panda|Ice Punch|p2a: Landorus
|-supereffective|p2a: Landorus
|-damage|p2a: Landorus|21/100
|-damage|p1a: Kung Fu Panda|58/100|[from] item: Rocky Helmet|[of] p2a: Landorus
|
|upkeep
|turn|4
|
|t:|1779706563
|-end|p1a: Kung Fu Panda|Quark Drive|[silent]
|switch|p1a: Class weirdo|Mimikyu, M|100/100
|-damage|p1a: Class weirdo|88/100|[from] Stealth Rock
|move|p2a: Landorus|Earthquake|p1a: Class weirdo
|-activate|p1a: Class weirdo|ability: Disguise
|-damage|p1a: Class weirdo|88/100
|detailschange|p1a: Class weirdo|Mimikyu-Busted, M
|-damage|p1a: Class weirdo|76/100|[from] pokemon: Mimikyu-Busted
|-enditem|p1a: Class weirdo|Red Card|[of] p2a: Landorus
|drag|p2a: Quaquaval|Quaquaval, F, shiny|100/100
|
|upkeep
|turn|5
|
|t:|1779706577
|move|p2a: Quaquaval|Aqua Step|p1a: Class weirdo
|-damage|p1a: Class weirdo|42/100
|-boost|p2a: Quaquaval|spe|1
|move|p1a: Class weirdo|Trick Room|p1a: Class weirdo
|-fieldstart|move: Trick Room|[of] p1a: Class weirdo
|
|upkeep
|turn|6
|
|t:|1779706587
|-terastallize|p2a: Quaquaval|Ice
|move|p1a: Class weirdo|Curse|p2a: Quaquaval
|-start|p2a: Quaquaval|Curse|[of] p1a: Class weirdo
|-damage|p1a: Class weirdo|0 fnt
|faint|p1a: Class weirdo
|move|p2a: Quaquaval|Triple Axel|p1: Class weirdo|[notarget]
|-fail|p2a: Quaquaval
|
|-damage|p2a: Quaquaval|76/100|[from] Curse
|upkeep
|
|t:|1779706599
|switch|p1a: I hit soft|Ursaluna, M|100/100
|-damage|p1a: I hit soft|94/100|[from] Stealth Rock
|turn|7
|
|t:|1779706619
|move|p1a: I hit soft|Headlong Rush|p2a: Quaquaval
|-damage|p2a: Quaquaval|31/100
|-unboost|p1a: I hit soft|def|1
|-unboost|p1a: I hit soft|spd|1
|move|p2a: Quaquaval|Triple Axel|p1a: I hit soft
|-supereffective|p1a: I hit soft
|-damage|p1a: I hit soft|72/100
|-supereffective|p1a: I hit soft
|-damage|p1a: I hit soft|28/100
|-supereffective|p1a: I hit soft
|-damage|p1a: I hit soft|0 fnt
|faint|p1a: I hit soft
|-ability|p2a: Quaquaval|Moxie|boost
|-boost|p2a: Quaquaval|atk|1
|-hitcount|p1: I hit soft|3
|
|-damage|p2a: Quaquaval|7/100|[from] Curse
|upkeep
|
|t:|1779706638
|switch|p1a: Kung Fu Panda|Iron Hands|58/100
|-damage|p1a: Kung Fu Panda|52/100|[from] Stealth Rock
|turn|8
|
|t:|1779706644
|move|p1a: Kung Fu Panda|Ice Punch|p2a: Quaquaval
|-resisted|p2a: Quaquaval
|-damage|p2a: Quaquaval|0 fnt
|faint|p2a: Quaquaval
|
|-sideend|p2: fongxgopi|Reflect
|upkeep
|
|t:|1779706648
|switch|p2a: Hatterene|Hatterene, F|100/100
|turn|9
|
|t:|1779706667
|-terastallize|p1a: Kung Fu Panda|Flying
|move|p2a: Hatterene|Draining Kiss|p1a: Kung Fu Panda
|-damage|p1a: Kung Fu Panda|34/100
|move|p1a: Kung Fu Panda|Heavy Slam|p2a: Hatterene
|-supereffective|p2a: Hatterene
|-damage|p2a: Hatterene|1/100
|
|-fieldend|move: Trick Room
|upkeep
|turn|10
|
|t:|1779706683
|move|p1a: Kung Fu Panda|Ice Punch|p2a: Hatterene
|-damage|p2a: Hatterene|0 fnt
|faint|p2a: Hatterene
|
|upkeep
|
|t:|1779706688
|switch|p2a: Regieleki|Regieleki|50/100
|turn|11
|
|t:|1779706693
|-end|p1a: Kung Fu Panda|Quark Drive|[silent]
|switch|p1a: Ariana Grande|Hatterene, F|100/100
|-damage|p1a: Ariana Grande|88/100|[from] Stealth Rock
|move|p2a: Regieleki|Reflect|p2a: Regieleki
|-sidestart|p2: fongxgopi|Reflect
|
|upkeep
|turn|12
|
|t:|1779706702
|move|p2a: Regieleki|Light Screen|p2a: Regieleki
|-sidestart|p2: fongxgopi|move: Light Screen
|move|p1a: Ariana Grande|Trick Room|p1a: Ariana Grande
|-fieldstart|move: Trick Room|[of] p1a: Ariana Grande
|
|upkeep
|turn|13
|
|t:|1779706709
|move|p1a: Ariana Grande|Expanding Force|p2a: Regieleki
|-damage|p2a: Regieleki|13/100
|move|p2a: Regieleki|Volt Switch|p1a: Ariana Grande
|-damage|p1a: Ariana Grande|56/100
|
|t:|1779706717
|switch|p2a: Dragonite|Dragonite, F|100/100|[from] Volt Switch
|
|upkeep
|turn|14
|
|t:|1779706726
|move|p1a: Ariana Grande|Draining Kiss|p2a: Dragonite
|-supereffective|p2a: Dragonite
|-damage|p2a: Dragonite|86/100
|-heal|p1a: Ariana Grande|67/100|[from] drain|[of] p2a: Dragonite
|move|p2a: Dragonite|Iron Head|p1a: Ariana Grande
|-supereffective|p1a: Ariana Grande
|-damage|p1a: Ariana Grande|0 fnt
|faint|p1a: Ariana Grande
|
|upkeep
|
|t:|1779706741
|switch|p1a: Kung Fu Panda|Iron Hands, tera:Flying|34/100
|-damage|p1a: Kung Fu Panda|9/100|[from] Stealth Rock
|turn|15
|
|t:|1779706746
|switch|p2a: Landorus|Landorus-Therian, M|21/100
|-ability|p2a: Landorus|Intimidate|boost
|-unboost|p1a: Kung Fu Panda|atk|1
|move|p1a: Kung Fu Panda|Ice Punch|p2a: Landorus
|-supereffective|p2a: Landorus
|-damage|p2a: Landorus|0 fnt
|-damage|p1a: Kung Fu Panda|0 fnt|[from] item: Rocky Helmet|[of] p2a: Landorus
|faint|p2a: Landorus
|faint|p1a: Kung Fu Panda
|-end|p1a: Kung Fu Panda|Quark Drive|[silent]
|
|upkeep
|
|t:|1779706759
|switch|p1a: Lord of the Rings|Hoopa-Unbound|100/100
|switch|p2a: Dragonite|Dragonite, F|86/100
|-damage|p1a: Lord of the Rings|88/100|[from] Stealth Rock
|turn|16
|
|t:|1779706773
|move|p1a: Lord of the Rings|Hyperspace Fury|p2a: Dragonite
|-damage|p2a: Dragonite|39/100
|-unboost|p1a: Lord of the Rings|def|1
|-damage|p1a: Lord of the Rings|78/100|[from] item: Life Orb
|move|p2a: Dragonite|Dragon Dance|p2a: Dragonite
|-boost|p2a: Dragonite|atk|1
|-boost|p2a: Dragonite|spe|1
|
|-fieldend|move: Trick Room
|upkeep
|turn|17
|
|t:|1779706784
|switch|p1a: Leah Gotti|Indeedee-F, F|100/100
|-damage|p1a: Leah Gotti|88/100|[from] Stealth Rock
|-fieldstart|move: Psychic Terrain|[from] ability: Psychic Surge|[of] p1a: Leah Gotti
|move|p2a: Dragonite|Outrage|p1a: Leah Gotti
|-damage|p1a: Leah Gotti|0 fnt
|faint|p1a: Leah Gotti
|
|upkeep
|inactive|Battle timer is ON: inactive players will automatically lose when time's up. (requested by fongxgopi)
|c|☆fongxgopi|lmao gg
|inactive|skyrim-alberto has 120 seconds left.
|inactive|skyrim-alberto has 90 seconds left.
|inactive|skyrim-alberto has 60 seconds left.
|inactive|skyrim-alberto has 30 seconds left.
|inactive|skyrim-alberto has 20 seconds left.
|inactive|skyrim-alberto has 15 seconds left.
|inactive|skyrim-alberto has 10 seconds left.
|inactive|skyrim-alberto has 5 seconds left.
|-message|skyrim-alberto lost due to inactivity.
|
|win|fongxgopi
|raw|skyrim-alberto's rating: 1515 &rarr; <strong>1492</strong><br />(-23 for losing)
|raw|fongxgopi's rating: 1466 &rarr; <strong>1489</strong><br />(+23 for winning)
