|j|☆bedonkgadong
|j|☆Kazuelasnt
|t:|1779669702
|gametype|singles
|player|p1|bedonkgadong|170|1550
|player|p2|Kazuelasnt|cress|1509
|gen|9
|tier|[Gen 9] OU
|rated|
|rule|HP Percentage Mod: HP is shown in percentages
|rule|Endless Battle Clause: Forcing endless battles is banned
|rule|Species Clause: Limit one of each Pokémon
|rule|OHKO Clause: OHKO moves are banned
|rule|Evasion Items Clause: Evasion items are banned
|rule|Evasion Moves Clause: Evasion moves are banned
|rule|Evasion Abilities Clause: Evasion abilities are banned
|rule|Sleep Moves Clause: Sleep-inducing moves are banned
|clearpoke
|poke|p1|Weezing-Galar, M|
|poke|p1|Alomomola, M|
|poke|p1|Iron Treads|
|poke|p1|Tornadus-Therian, M|
|poke|p1|Zamazenta-*|
|poke|p1|Lokix, F|
|poke|p2|Kleavor, M|
|poke|p2|Landorus-Therian, M|
|poke|p2|Gholdengo|
|poke|p2|Dragonite, F|
|poke|p2|Hatterene, F|
|poke|p2|Darkrai|
|teampreview
|inactive|Battle timer is ON: inactive players will automatically lose when time's up. (requested by bedonkgadong)
|
|t:|1779669722
|teamsize|p1|6
|teamsize|p2|6
|start
|switch|p1a: Iron Treads|Iron Treads|100/100
|switch|p2a: HomeLANDOR|Landorus-Therian, M, shiny|100/100
|-ability|p2a: HomeLANDOR|Intimidate|boost
|-unboost|p1a: Iron Treads|atk|1
|turn|1
|
|t:|1779669733
|-end|p1a: Iron Treads|Quark Drive|[silent]
|switch|p1a: Alomomola|Alomomola, M|100/100
|switch|p2a: Hattie|Hatterene, F|100/100
|
|upkeep
|turn|2
|
|t:|1779669741
|switch|p1a: Iron Treads|Iron Treads|100/100
|move|p2a: Hattie|Mystical Fire|p1a: Iron Treads
|-supereffective|p1a: Iron Treads
|-damage|p1a: Iron Treads|45/100
|-unboost|p1a: Iron Treads|spa|1
|
|-heal|p1a: Iron Treads|51/100|[from] item: Leftovers
|upkeep
|turn|3
|
|t:|1779669763
|-end|p1a: Iron Treads|Quark Drive|[silent]
|switch|p1a: Alomomola|Alomomola, M|100/100
|move|p2a: Hattie|Mystical Fire|p1a: Alomomola
|-resisted|p1a: Alomomola
|-damage|p1a: Alomomola|88/100
|-unboost|p1a: Alomomola|spa|1
|
|upkeep
|turn|4
|inactive|Kazuelasnt has 120 seconds left.
|l|☆Kazuelasnt
|inactive|Kazuelasnt disconnected and has a minute to reconnect!
|player|p2|
|l|☆bedonkgadong
|inactive|bedonkgadong disconnected and has a minute to reconnect!
|player|p1|
|j|☆bedonkgadong
|inactive|bedonkgadong reconnected.
|player|p1|bedonkgadong|170|
|j|☆Kazuelasnt
|inactive|Kazuelasnt reconnected and has 75 seconds left.
|player|p2|Kazuelasnt|cress|
|
|t:|1779669841
|move|p1a: Alomomola|Protect|p1a: Alomomola
|-singleturn|p1a: Alomomola|Protect
|move|p2a: Hattie|Nuzzle|p1a: Alomomola
|-activate|p1a: Alomomola|move: Protect
|
|upkeep
|turn|5
|
|t:|1779669870
|move|p1a: Alomomola|Flip Turn|p2a: Hattie
|-damage|p2a: Hattie|82/100
|
|t:|1779669876
|switch|p1a: Lokix|Lokix, F|100/100|[from] Flip Turn
|move|p2a: Hattie|Nuzzle|p1a: Lokix
|-damage|p1a: Lokix|96/100
|-status|p1a: Lokix|par
|
|upkeep
|turn|6
|inactive|Kazuelasnt has 60 seconds left.
|
|t:|1779669908
|switch|p2a: HomeLANDOR|Landorus-Therian, M, shiny|100/100
|-ability|p2a: HomeLANDOR|Intimidate|boost
|-unboost|p1a: Lokix|atk|1
|cant|p1a: Lokix|par
|
|upkeep
|turn|7
|inactive|Kazuelasnt has 60 seconds left.
|
|t:|1779669917
|switch|p1a: Alomomola|Alomomola, M|100/100
|move|p2a: HomeLANDOR|Stone Edge|p1a: Alomomola|[miss]
|-miss|p2a: HomeLANDOR|p1a: Alomomola
|
|upkeep
|turn|8
|
|t:|1779669922
|move|p2a: HomeLANDOR|U-turn|p1a: Alomomola
|-crit|p1a: Alomomola
|-damage|p1a: Alomomola|81/100
|-damage|p2a: HomeLANDOR|84/100|[from] item: Rocky Helmet|[of] p1a: Alomomola
|
|t:|1779669926
|switch|p2a: Duke|Darkrai, shiny|100/100|[from] U-turn
|move|p1a: Alomomola|Flip Turn|p2a: Duke
|-damage|p2a: Duke|80/100
|
|t:|1779669931
|switch|p1a: Lokix|Lokix, F|96/100 par|[from] Flip Turn
|
|upkeep
|turn|9
|
|t:|1779669936
|switch|p2a: HomeLANDOR|Landorus-Therian, M, shiny|84/100
|-ability|p2a: HomeLANDOR|Intimidate|boost
|-unboost|p1a: Lokix|atk|1
|cant|p1a: Lokix|par
|
|upkeep
|turn|10
|
|t:|1779669941
|switch|p1a: Alomomola|Alomomola, M|100/100
|move|p2a: HomeLANDOR|Earthquake|p1a: Alomomola
|-damage|p1a: Alomomola|74/100
|
|upkeep
|turn|11
|
|t:|1779669947
|move|p2a: HomeLANDOR|Earthquake|p1a: Alomomola
|-damage|p1a: Alomomola|45/100
|move|p1a: Alomomola|Flip Turn|p2a: HomeLANDOR
|-supereffective|p2a: HomeLANDOR
|-damage|p2a: HomeLANDOR|49/100
|-damage|p1a: Alomomola|28/100|[from] item: Rocky Helmet|[of] p2a: HomeLANDOR
|
|t:|1779669955
|switch|p1a: Tornadus|Tornadus-Therian, M|100/100|[from] Flip Turn
|
|upkeep
|turn|12
|
|t:|1779669958
|switch|p2a: Hattie|Hatterene, F|82/100
|move|p1a: Tornadus|Bleakwind Storm|p2a: Hattie
|-damage|p2a: Hattie|59/100
|
|upkeep
|turn|13
|inactive|Kazuelasnt has 120 seconds left.
|
|t:|1779669966
|move|p1a: Tornadus|U-turn|p2a: Hattie
|-damage|p2a: Hattie|44/100
|
|t:|1779669969
|switch|p1a: Alomomola|Alomomola, M|61/100|[from] U-turn
|move|p2a: Hattie|Draining Kiss|p1a: Alomomola
|-damage|p1a: Alomomola|38/100
|-heal|p2a: Hattie|69/100|[from] drain|[of] p1a: Alomomola
|-damage|p2a: Hattie|53/100|[from] item: Rocky Helmet|[of] p1a: Alomomola
|
|upkeep
|turn|14
|
|t:|1779669974
|move|p1a: Alomomola|Protect|p1a: Alomomola
|-singleturn|p1a: Alomomola|Protect
|move|p2a: Hattie|Psyshock|p1a: Alomomola
|-activate|p1a: Alomomola|move: Protect
|
|upkeep
|turn|15
|
|t:|1779669980
|switch|p1a: Lokix|Lokix, F|96/100 par
|move|p2a: Hattie|Nuzzle|p1a: Lokix
|-damage|p1a: Lokix|90/100 par
|
|upkeep
|turn|16
|
|t:|1779669992
|switch|p2a: HomeLANDOR|Landorus-Therian, M, shiny|49/100
|-ability|p2a: HomeLANDOR|Intimidate|boost
|-unboost|p1a: Lokix|atk|1
|cant|p1a: Lokix|par
|
|upkeep
|turn|17
|
|t:|1779669998
|switch|p1a: Alomomola|Alomomola, M|72/100
|move|p2a: HomeLANDOR|U-turn|p1a: Alomomola
|-damage|p1a: Alomomola|59/100
|-damage|p2a: HomeLANDOR|33/100|[from] item: Rocky Helmet|[of] p1a: Alomomola
|
|t:|1779670003
|switch|p2a: Filo Señorial|Kleavor, M|100/100|[from] U-turn
|
|upkeep
|turn|18
|
|t:|1779670007
|move|p1a: Alomomola|Protect|p1a: Alomomola
|-singleturn|p1a: Alomomola|Protect
|move|p2a: Filo Señorial|Stone Axe|p1a: Alomomola
|-activate|p1a: Alomomola|move: Protect
|
|upkeep
|turn|19
|
|t:|1779670011
|switch|p1a: Iron Treads|Iron Treads|51/100
|move|p2a: Filo Señorial|Stone Axe|p1a: Iron Treads
|-resisted|p1a: Iron Treads
|-damage|p1a: Iron Treads|40/100
|-sidestart|p1: bedonkgadong|move: Stealth Rock
|
|-heal|p1a: Iron Treads|46/100|[from] item: Leftovers
|upkeep
|turn|20
|
|t:|1779670015
|switch|p2a: A Penny|Gholdengo|100/100
|-item|p2a: A Penny|Air Balloon
|move|p1a: Iron Treads|Rapid Spin|p2a: A Penny
|-immune|p2a: A Penny
|
|-heal|p1a: Iron Treads|52/100|[from] item: Leftovers
|upkeep
|turn|21
|
|t:|1779670021
|-end|p1a: Iron Treads|Quark Drive|[silent]
|switch|p1a: Tornadus|Tornadus-Therian, M|100/100
|-damage|p1a: Tornadus|76/100|[from] Stealth Rock
|move|p2a: A Penny|Shadow Ball|p1a: Tornadus
|-damage|p1a: Tornadus|45/100
|
|upkeep
|turn|22
|
|t:|1779670034
|move|p1a: Tornadus|Knock Off|p2a: A Penny
|-supereffective|p2a: A Penny
|-damage|p2a: A Penny|54/100
|-enditem|p2a: A Penny|Air Balloon
|move|p2a: A Penny|Shadow Ball|p1a: Tornadus
|-damage|p1a: Tornadus|14/100
|
|upkeep
|turn|23
|
|t:|1779670041
|move|p1a: Tornadus|Heat Wave|p2a: A Penny
|-supereffective|p2a: A Penny
|-damage|p2a: A Penny|2/100
|move|p2a: A Penny|Make It Rain|p1a: Tornadus
|-damage|p1a: Tornadus|0 fnt
|-unboost|p2a: A Penny|spa|1
|faint|p1a: Tornadus
|
|upkeep
|-message|bedonkgadong forfeited.
|
|win|Kazuelasnt
|raw|bedonkgadong's rating: 1550 &rarr; <strong>1528</strong><br />(-22 for losing)
|raw|Kazuelasnt's rating: 1509 &rarr; <strong>1531</strong><br />(+22 for winning)
|l|☆bedonkgadong
|player|p1|
|l|☆Kazuelasnt
|player|p2|
