|j|☆iwiwi111
|j|☆sectoreffector
|t:|1779718317
|gametype|singles
|player|p1|iwiwi111|iris-gen5bw2|1154
|player|p2|sectoreffector|169|1143
|gen|9
|tier|[Gen 9] OU
|rated|
|rule|HP Percentage Mod: HP is shown in percentages
|rule|Endless Battle Clause: Forcing endless battles is banned
|rule|Species Clause: Limit one of each Pokémon
|rule|OHKO Clause: OHKO moves are banned
|rule|Evasion Items Clause: Evasion items are banned
|rule|Evasion Moves Clause: Evasion moves are banned
|rule|Evasion Abilities Clause: Evasion abilities are banned
|rule|Sleep Moves Clause: Sleep-inducing moves are banned
|clearpoke
|poke|p1|Mienshao, M|
|poke|p1|Deoxys-Defense|
|poke|p1|Corviknight, F|
|poke|p1|Golem-Alola, F|
|poke|p1|Kommo-o, M|
|poke|p1|Moltres-Galar|
|poke|p2|Great Tusk|
|poke|p2|Dragapult, M|
|poke|p2|Kingambit, M|
|poke|p2|Iron Valiant|
|poke|p2|Dragonite, M|
|poke|p2|Slowking-Galar, F|
|teampreview
|inactive|Battle timer is ON: inactive players will automatically lose when time's up. (requested by iwiwi111)
|
|t:|1779718343
|teamsize|p1|6
|teamsize|p2|6
|start
|switch|p1a: Mienshao|Mienshao, M|100/100
|switch|p2a: Slowking|Slowking-Galar, F|100/100
|turn|1
|
|t:|1779718355
|move|p1a: Mienshao|Fake Out|p2a: Slowking
|-damage|p2a: Slowking|86/100
|cant|p2a: Slowking|flinch
|
|upkeep
|turn|2
|
|t:|1779718363
|move|p1a: Mienshao|Knock Off|p2a: Slowking
|-supereffective|p2a: Slowking
|-damage|p2a: Slowking|17/100
|-enditem|p2a: Slowking|Assault Vest|[from] move: Knock Off|[of] p1a: Mienshao
|move|p2a: Slowking|Psyshock|p1a: Mienshao
|-supereffective|p1a: Mienshao
|-damage|p1a: Mienshao|0 fnt
|faint|p1a: Mienshao
|
|upkeep
|
|t:|1779718378
|switch|p1a: Golem|Golem-Alola, F, shiny|100/100
|turn|3
|
|t:|1779718384
|move|p1a: Golem|High Horsepower|p2a: Slowking
|-supereffective|p2a: Slowking
|-damage|p2a: Slowking|0 fnt
|faint|p2a: Slowking
|
|upkeep
|
|t:|1779718392
|switch|p2a: Great Tusk|Great Tusk|100/100
|turn|4
|
|t:|1779718413
|move|p2a: Great Tusk|Rapid Spin|p1a: Golem
|-resisted|p1a: Golem
|-damage|p1a: Golem|94/100
|-boost|p2a: Great Tusk|spe|1
|move|p1a: Golem|Rock Polish|p1a: Golem
|-boost|p1a: Golem|spe|2
|
|upkeep
|turn|5
|
|t:|1779718424
|move|p2a: Great Tusk|Headlong Rush|p1a: Golem
|-supereffective|p1a: Golem
|-damage|p1a: Golem|0 fnt
|-unboost|p2a: Great Tusk|def|1
|-unboost|p2a: Great Tusk|spd|1
|faint|p1a: Golem
|
|upkeep
|
|t:|1779718431
|switch|p1a: Deoxys|Deoxys-Defense, shiny|100/100
|-ability|p1a: Deoxys|Pressure
|turn|6
|
|t:|1779718436
|move|p2a: Great Tusk|Close Combat|p1a: Deoxys
|-resisted|p1a: Deoxys
|-damage|p1a: Deoxys|80/100
|-unboost|p2a: Great Tusk|def|1
|-unboost|p2a: Great Tusk|spd|1
|move|p1a: Deoxys|Cosmic Power|p1a: Deoxys
|-boost|p1a: Deoxys|def|1
|-boost|p1a: Deoxys|spd|1
|
|-heal|p1a: Deoxys|86/100|[from] item: Leftovers
|upkeep
|turn|7
|
|t:|1779718448
|move|p2a: Great Tusk|Headlong Rush|p1a: Deoxys
|-damage|p1a: Deoxys|61/100
|-unboost|p2a: Great Tusk|def|1
|-unboost|p2a: Great Tusk|spd|1
|move|p1a: Deoxys|Cosmic Power|p1a: Deoxys
|-boost|p1a: Deoxys|def|1
|-boost|p1a: Deoxys|spd|1
|
|-heal|p1a: Deoxys|67/100|[from] item: Leftovers
|upkeep
|turn|8
|
|t:|1779718459
|move|p2a: Great Tusk|Headlong Rush|p1a: Deoxys
|-damage|p1a: Deoxys|48/100
|-unboost|p2a: Great Tusk|def|1
|-unboost|p2a: Great Tusk|spd|1
|move|p1a: Deoxys|Cosmic Power|p1a: Deoxys
|-boost|p1a: Deoxys|def|1
|-boost|p1a: Deoxys|spd|1
|
|-heal|p1a: Deoxys|55/100|[from] item: Leftovers
|upkeep
|turn|9
|
|t:|1779718470
|-end|p2a: Great Tusk|Protosynthesis|[silent]
|switch|p2a: Dragapult|Dragapult, M|100/100
|move|p1a: Deoxys|Recover|p1a: Deoxys
|-heal|p1a: Deoxys|100/100
|
|upkeep
|turn|10
|inactive|sectoreffector has 120 seconds left.
|
|t:|1779718501
|-terastallize|p1a: Deoxys|Dark
|move|p2a: Dragapult|Will-O-Wisp|p1a: Deoxys|[miss]
|-miss|p2a: Dragapult|p1a: Deoxys
|move|p1a: Deoxys|Cosmic Power|p1a: Deoxys
|-boost|p1a: Deoxys|def|1
|-boost|p1a: Deoxys|spd|1
|
|upkeep
|turn|11
|
|t:|1779718510
|move|p2a: Dragapult|Will-O-Wisp|p1a: Deoxys
|-status|p1a: Deoxys|brn
|move|p1a: Deoxys|Cosmic Power|p1a: Deoxys
|-boost|p1a: Deoxys|def|1
|-boost|p1a: Deoxys|spd|1
|
|-damage|p1a: Deoxys|94/100 brn|[from] brn
|upkeep
|turn|12
|
|t:|1779718519
|move|p2a: Dragapult|Thunderbolt|p1a: Deoxys
|-damage|p1a: Deoxys|88/100 brn
|move|p1a: Deoxys|Cosmic Power|p1a: Deoxys
|-boost|p1a: Deoxys|def|1
|-boost|p1a: Deoxys|spd|1
|
|-heal|p1a: Deoxys|94/100 brn|[from] item: Leftovers
|-damage|p1a: Deoxys|88/100 brn|[from] brn
|upkeep
|turn|13
|
|t:|1779718530
|move|p2a: Dragapult|Thunderbolt|p1a: Deoxys
|-damage|p1a: Deoxys|83/100 brn
|move|p1a: Deoxys|Stored Power|p2a: Dragapult
|-damage|p2a: Dragapult|5/100
|
|-heal|p1a: Deoxys|89/100 brn|[from] item: Leftovers
|-damage|p1a: Deoxys|83/100 brn|[from] brn
|upkeep
|turn|14
|
|t:|1779718540
|move|p2a: Dragapult|Thunderbolt|p1a: Deoxys
|-damage|p1a: Deoxys|77/100 brn
|move|p1a: Deoxys|Knock Off|p2a: Dragapult
|-supereffective|p2a: Dragapult
|-damage|p2a: Dragapult|0 fnt
|-enditem|p2a: Dragapult|Focus Sash|[from] move: Knock Off|[of] p1a: Deoxys
|faint|p2a: Dragapult
|
|-heal|p1a: Deoxys|84/100 brn|[from] item: Leftovers
|-damage|p1a: Deoxys|77/100 brn|[from] brn
|upkeep
|inactive|sectoreffector has 120 seconds left.
|
|t:|1779718573
|switch|p2a: Great Tusk|Great Tusk|100/100
|turn|15
|
|t:|1779718588
|move|p2a: Great Tusk|Close Combat|p1a: Deoxys
|-supereffective|p1a: Deoxys
|-damage|p1a: Deoxys|57/100 brn
|-unboost|p2a: Great Tusk|def|1
|-unboost|p2a: Great Tusk|spd|1
|move|p1a: Deoxys|Stored Power|p2a: Great Tusk
|-supereffective|p2a: Great Tusk
|-damage|p2a: Great Tusk|0 fnt
|faint|p2a: Great Tusk
|-end|p2a: Great Tusk|Protosynthesis|[silent]
|
|-heal|p1a: Deoxys|63/100 brn|[from] item: Leftovers
|-damage|p1a: Deoxys|57/100 brn|[from] brn
|upkeep
|
|t:|1779718602
|switch|p2a: Kingambit|Kingambit, M, shiny|100/100
|-activate|p2a: Kingambit|ability: Supreme Overlord
|-start|p2a: Kingambit|fallen3|[silent]
|-item|p2a: Kingambit|Air Balloon
|turn|16
|inactive|sectoreffector has 90 seconds left.
|
|t:|1779718623
|move|p1a: Deoxys|Recover|p1a: Deoxys
|-heal|p1a: Deoxys|100/100 brn
|move|p2a: Kingambit|Iron Head|p1a: Deoxys
|-damage|p1a: Deoxys|88/100 brn
|
|-heal|p1a: Deoxys|94/100 brn|[from] item: Leftovers
|-damage|p1a: Deoxys|88/100 brn|[from] brn
|upkeep
|turn|17
|
|t:|1779718633
|move|p1a: Deoxys|Knock Off|p2a: Kingambit
|-resisted|p2a: Kingambit
|-damage|p2a: Kingambit|97/100
|-enditem|p2a: Kingambit|Air Balloon
|move|p2a: Kingambit|Swords Dance|p2a: Kingambit
|-boost|p2a: Kingambit|atk|2
|
|-heal|p1a: Deoxys|94/100 brn|[from] item: Leftovers
|-damage|p1a: Deoxys|88/100 brn|[from] brn
|upkeep
|turn|18
|
|t:|1779718644
|move|p1a: Deoxys|Knock Off|p2a: Kingambit
|-resisted|p2a: Kingambit
|-damage|p2a: Kingambit|94/100
|move|p2a: Kingambit|Swords Dance|p2a: Kingambit
|-boost|p2a: Kingambit|atk|2
|
|-heal|p1a: Deoxys|94/100 brn|[from] item: Leftovers
|-damage|p1a: Deoxys|88/100 brn|[from] brn
|upkeep
|turn|19
|
|t:|1779718653
|move|p1a: Deoxys|Knock Off|p2a: Kingambit
|-resisted|p2a: Kingambit
|-damage|p2a: Kingambit|91/100
|move|p2a: Kingambit|Swords Dance|p2a: Kingambit
|-boost|p2a: Kingambit|atk|2
|
|-heal|p1a: Deoxys|94/100 brn|[from] item: Leftovers
|-damage|p1a: Deoxys|88/100 brn|[from] brn
|upkeep
|turn|20
|
|t:|1779718663
|move|p1a: Deoxys|Recover|p1a: Deoxys
|-heal|p1a: Deoxys|100/100 brn
|move|p2a: Kingambit|Iron Head|p1a: Deoxys
|-damage|p1a: Deoxys|54/100 brn
|
|-heal|p1a: Deoxys|60/100 brn|[from] item: Leftovers
|-damage|p1a: Deoxys|54/100 brn|[from] brn
|upkeep
|turn|21
|
|t:|1779718673
|move|p1a: Deoxys|Knock Off|p2a: Kingambit
|-resisted|p2a: Kingambit
|-damage|p2a: Kingambit|88/100
|move|p2a: Kingambit|Iron Head|p1a: Deoxys
|-crit|p1a: Deoxys
|-damage|p1a: Deoxys|0 fnt
|faint|p1a: Deoxys
|
|upkeep
|
|t:|1779718681
|switch|p1a: Kommo-o|Kommo-o, M, shiny|100/100
|turn|22
|
|t:|1779718686
|move|p1a: Kommo-o|Earthquake|p2a: Kingambit
|-supereffective|p2a: Kingambit
|-damage|p2a: Kingambit|38/100
|move|p2a: Kingambit|Iron Head|p1a: Kommo-o
|-damage|p1a: Kommo-o|0 fnt
|faint|p1a: Kommo-o
|
|upkeep
|
|t:|1779718692
|switch|p1a: Moltres|Moltres-Galar, shiny|100/100
|turn|23
|
|t:|1779718698
|move|p2a: Kingambit|Sucker Punch|p1a: Moltres
|-resisted|p1a: Moltres
|-damage|p1a: Moltres|0 fnt
|faint|p1a: Moltres
|
|upkeep
|
|t:|1779718703
|switch|p1a: Corviknight|Corviknight, F, shiny|100/100
|turn|24
|
|t:|1779718709
|move|p1a: Corviknight|Iron Defense|p1a: Corviknight
|-boost|p1a: Corviknight|def|2
|move|p2a: Kingambit|Kowtow Cleave|p1a: Corviknight
|-damage|p1a: Corviknight|22/100
|-damage|p2a: Kingambit|22/100|[from] item: Rocky Helmet|[of] p1a: Corviknight
|
|upkeep
|turn|25
|
|t:|1779718716
|move|p2a: Kingambit|Sucker Punch||[still]
|-fail|p2a: Kingambit
|move|p1a: Corviknight|Roost|p1a: Corviknight
|-heal|p1a: Corviknight|72/100
|-singleturn|p1a: Corviknight|move: Roost
|
|upkeep
|turn|26
|
|t:|1779718723
|move|p1a: Corviknight|Iron Defense|p1a: Corviknight
|-boost|p1a: Corviknight|def|2
|move|p2a: Kingambit|Kowtow Cleave|p1a: Corviknight
|-damage|p1a: Corviknight|18/100
|-damage|p2a: Kingambit|5/100|[from] item: Rocky Helmet|[of] p1a: Corviknight
|
|upkeep
|turn|27
|
|t:|1779718731
|move|p1a: Corviknight|Roost|p1a: Corviknight
|-heal|p1a: Corviknight|68/100
|-singleturn|p1a: Corviknight|move: Roost
|move|p2a: Kingambit|Kowtow Cleave|p1a: Corviknight
|-damage|p1a: Corviknight|20/100
|-damage|p2a: Kingambit|0 fnt|[from] item: Rocky Helmet|[of] p1a: Corviknight
|faint|p2a: Kingambit
|-end|p2a: Kingambit|fallen3|[silent]
|
|upkeep
|
|t:|1779718748
|switch|p2a: Iron Valiant|Iron Valiant, shiny|100/100
|-enditem|p2a: Iron Valiant|Booster Energy
|-activate|p2a: Iron Valiant|ability: Quark Drive|[fromitem]
|-start|p2a: Iron Valiant|quarkdrivespe
|turn|28
|
|t:|1779718764
|move|p2a: Iron Valiant|Shadow Ball|p1a: Corviknight
|-damage|p1a: Corviknight|0 fnt
|faint|p1a: Corviknight
|
|win|sectoreffector
|raw|iwiwi111's rating: 1154 &rarr; <strong>1128</strong><br />(-26 for losing)
|raw|sectoreffector's rating: 1143 &rarr; <strong>1169</strong><br />(+26 for winning)
|l|☆sectoreffector
|player|p2|
|l|☆iwiwi111
|player|p1|
