|j|☆Nuii09
|j|☆CopiumBathTub
|t:|1779569971
|gametype|singles
|player|p1|Nuii09|baker|1648
|player|p2|CopiumBathTub|psychic-gen4|1558
|gen|9
|tier|[Gen 9] OU
|rated|
|rule|HP Percentage Mod: HP is shown in percentages
|rule|Endless Battle Clause: Forcing endless battles is banned
|rule|Species Clause: Limit one of each Pokémon
|rule|OHKO Clause: OHKO moves are banned
|rule|Evasion Items Clause: Evasion items are banned
|rule|Evasion Moves Clause: Evasion moves are banned
|rule|Evasion Abilities Clause: Evasion abilities are banned
|rule|Sleep Moves Clause: Sleep-inducing moves are banned
|clearpoke
|poke|p1|Hydrapple, M|
|poke|p1|Darkrai|
|poke|p1|Cinderace, F|
|poke|p1|Clodsire, M|
|poke|p1|Corviknight, M|
|poke|p1|Alomomola, F|
|poke|p2|Hoopa-Unbound|
|poke|p2|Araquanid, M|
|poke|p2|Gholdengo|
|poke|p2|Great Tusk|
|poke|p2|Dragapult, M|
|poke|p2|Moltres|
|teampreview
|
|t:|1779569989
|teamsize|p1|6
|teamsize|p2|6
|start
|switch|p1a: Cinderace|Cinderace, F|100/100
|switch|p2a: Araquanid|Araquanid, M|100/100
|turn|1
|
|t:|1779569994
|move|p1a: Cinderace|U-turn|p2a: Araquanid
|-start|p1a: Cinderace|typechange|Bug|[from] ability: Libero
|-damage|p2a: Araquanid|53/100
|
|t:|1779569996
|switch|p1a: Hydrapple|Hydrapple, M|100/100|[from] U-turn
|move|p2a: Araquanid|Liquidation|p1a: Hydrapple
|-resisted|p1a: Hydrapple
|-damage|p1a: Hydrapple|89/100
|
|upkeep
|turn|2
|
|t:|1779570001
|move|p1a: Hydrapple|Leaf Storm|p2a: Araquanid
|-damage|p2a: Araquanid|0 fnt
|-unboost|p1a: Hydrapple|spa|2
|faint|p2a: Araquanid
|-damage|p1a: Hydrapple|79/100|[from] item: Life Orb
|
|upkeep
|
|t:|1779570004
|switch|p2a: Hoopa|Hoopa-Unbound|100/100
|turn|3
|
|t:|1779570014
|move|p2a: Hoopa|Hyperspace Fury|p1a: Hydrapple
|-damage|p1a: Hydrapple|8/100
|-unboost|p2a: Hoopa|def|1
|move|p1a: Hydrapple|Leaf Storm|p2a: Hoopa|[miss]
|-miss|p1a: Hydrapple|p2a: Hoopa
|
|upkeep
|turn|4
|
|t:|1779570020
|move|p2a: Hoopa|Hyperspace Fury|p1a: Hydrapple
|-damage|p1a: Hydrapple|0 fnt
|-unboost|p2a: Hoopa|def|1
|faint|p1a: Hydrapple
|
|upkeep
|
|t:|1779570027
|switch|p1a: Cinderace|Cinderace, F|100/100
|turn|5
|
|t:|1779570030
|switch|p2a: Moltres|Moltres|100/100
|move|p1a: Cinderace|Pyro Ball|p2a: Moltres
|-resisted|p2a: Moltres
|-damage|p2a: Moltres|72/100
|
|upkeep
|turn|6
|
|t:|1779570033
|move|p1a: Cinderace|Pyro Ball|p2a: Moltres
|-resisted|p2a: Moltres
|-damage|p2a: Moltres|45/100
|move|p2a: Moltres|U-turn|p1a: Cinderace
|-resisted|p1a: Cinderace
|-damage|p1a: Cinderace|90/100
|
|t:|1779570035
|switch|p2a: Great Tusk|Great Tusk|100/100|[from] U-turn
|
|upkeep
|turn|7
|
|t:|1779570039
|switch|p1a: Corviknight|Corviknight, M|100/100
|-ability|p1a: Corviknight|Pressure
|move|p2a: Great Tusk|Knock Off|p1a: Corviknight
|-damage|p1a: Corviknight|78/100
|-damage|p2a: Great Tusk|84/100|[from] item: Rocky Helmet|[of] p1a: Corviknight
|-enditem|p1a: Corviknight|Rocky Helmet|[from] move: Knock Off|[of] p2a: Great Tusk
|
|upkeep
|turn|8
|
|t:|1779570041
|-end|p2a: Great Tusk|Protosynthesis|[silent]
|switch|p2a: Moltres|Moltres|45/100
|move|p1a: Corviknight|U-turn|p2a: Moltres
|-resisted|p2a: Moltres
|-damage|p2a: Moltres|43/100
|
|t:|1779570047
|switch|p1a: Cinderace|Cinderace, F|90/100|[from] U-turn
|
|upkeep
|turn|9
|
|t:|1779570049
|move|p1a: Cinderace|Gunk Shot|p2a: Moltres
|-start|p1a: Cinderace|typechange|Poison|[from] ability: Libero
|-damage|p2a: Moltres|0 fnt
|faint|p2a: Moltres
|
|upkeep
|
|t:|1779570051
|switch|p2a: Dragapult|Dragapult, M|100/100
|turn|10
|
|t:|1779570054
|switch|p1a: Alomomola|Alomomola, F|100/100
|move|p2a: Dragapult|U-turn|p1a: Alomomola
|-damage|p1a: Alomomola|89/100
|
|t:|1779570056
|switch|p2a: Hoopa|Hoopa-Unbound|100/100|[from] U-turn
|
|upkeep
|turn|11
|
|t:|1779570065
|-terastallize|p2a: Hoopa|Dark
|-terastallize|p1a: Alomomola|Fairy
|move|p2a: Hoopa|Hyperspace Fury|p1a: Alomomola
|-resisted|p1a: Alomomola
|-crit|p1a: Alomomola
|-damage|p1a: Alomomola|26/100
|-unboost|p2a: Hoopa|def|1
|move|p1a: Alomomola|Play Rough|p2a: Hoopa
|-supereffective|p2a: Hoopa
|-damage|p2a: Hoopa|0 fnt
|faint|p2a: Hoopa
|
|upkeep
|-message|CopiumBathTub forfeited.
|
|win|Nuii09
|raw|Nuii09's rating: 1648 &rarr; <strong>1663</strong><br />(+15 for winning)
|raw|CopiumBathTub's rating: 1558 &rarr; <strong>1543</strong><br />(-15 for losing)
|l|☆CopiumBathTub
|player|p2|
|l|☆Nuii09
|player|p1|
