|inactive|Battle timer is ON: inactive players will automatically lose when time's up.
|t:|1779569362
|gametype|singles
|player|p1|SpyOP|1|
|player|p2|storm zone|#wcop2021latinamerica|
|gen|9
|tier|[Gen 9] OU
|rule|HP Percentage Mod: HP is shown in percentages
|rule|Endless Battle Clause: Forcing endless battles is banned
|rule|Species Clause: Limit one of each Pokémon
|rule|OHKO Clause: OHKO moves are banned
|rule|Evasion Items Clause: Evasion items are banned
|rule|Evasion Moves Clause: Evasion moves are banned
|rule|Evasion Abilities Clause: Evasion abilities are banned
|rule|Sleep Moves Clause: Sleep-inducing moves are banned
|clearpoke
|poke|p1|Dondozo, M|
|poke|p1|Blissey, F|
|poke|p1|Gliscor, M|
|poke|p1|Toxapex, F|
|poke|p1|Mandibuzz, F|
|poke|p1|Talonflame, F|
|poke|p2|Weezing-Galar, M|
|poke|p2|Ogerpon, F|
|poke|p2|Landorus-Therian, M|
|poke|p2|Kingambit, M|
|poke|p2|Alomomola, M|
|poke|p2|Iron Valiant|
|teampreview
|c|☆SpyOP|hf
|c|☆storm zone|u2
|inactive|SpyOP has 270 seconds left.
|
|t:|1779569394
|teamsize|p1|6
|teamsize|p2|6
|start
|switch|p1a: Gliscor|Gliscor, M|100/100
|switch|p2a: Enten|Landorus-Therian, M, shiny|100/100
|-ability|p2a: Enten|Intimidate|boost
|-unboost|p1a: Gliscor|atk|1
|turn|1
|
|t:|1779569409
|move|p2a: Enten|U-turn|p1a: Gliscor
|-resisted|p1a: Gliscor
|-damage|p1a: Gliscor|89/100
|
|t:|1779569414
|switch|p2a: Pisces|Alomomola, M, shiny|100/100|[from] U-turn
|move|p1a: Gliscor|Knock Off|p2a: Pisces
|-damage|p2a: Pisces|90/100
|-enditem|p2a: Pisces|Assault Vest|[from] move: Knock Off|[of] p1a: Gliscor
|
|-status|p1a: Gliscor|tox|[from] item: Toxic Orb
|upkeep
|turn|2
|
|t:|1779569419
|switch|p1a: Toxapex|Toxapex, F|100/100
|move|p2a: Pisces|Flip Turn|p1a: Toxapex
|-resisted|p1a: Toxapex
|-damage|p1a: Toxapex|95/100
|
|t:|1779569423
|switch|p2a: Enten|Landorus-Therian, M, shiny|100/100|[from] Flip Turn
|-ability|p2a: Enten|Intimidate|boost
|-unboost|p1a: Toxapex|atk|1
|
|-heal|p1a: Toxapex|100/100|[from] item: Black Sludge
|upkeep
|turn|3
|
|t:|1779569430
|switch|p2a: Sentinel|Weezing-Galar, M, shiny|100/100
|-ability|p2a: Sentinel|Neutralizing Gas
|move|p1a: Toxapex|Sludge Bomb|p2a: Sentinel
|-damage|p2a: Sentinel|76/100
|
|upkeep
|turn|4
|inactive|SpyOP has 270 seconds left.
|
|t:|1779569471
|move|p2a: Sentinel|Will-O-Wisp|p1a: Toxapex
|-status|p1a: Toxapex|brn
|move|p1a: Toxapex|Toxic Spikes|p2a: Sentinel
|-sidestart|p2: storm zone|move: Toxic Spikes
|
|-damage|p1a: Toxapex|94/100 brn|[from] brn
|upkeep
|turn|5
|
|t:|1779569481
|move|p2a: Sentinel|Pain Split|p1a: Toxapex
|-sethp|p1a: Toxapex|89/100 brn|[from] move: Pain Split|[silent]
|-sethp|p2a: Sentinel|81/100|[from] move: Pain Split
|move|p1a: Toxapex|Surf|p2a: Sentinel
|-damage|p2a: Sentinel|54/100
|
|-heal|p1a: Toxapex|95/100 brn|[from] item: Black Sludge
|-damage|p1a: Toxapex|89/100 brn|[from] brn
|upkeep
|turn|6
|
|t:|1779569490
|move|p2a: Sentinel|Pain Split|p1a: Toxapex
|-sethp|p1a: Toxapex|74/100 brn|[from] move: Pain Split|[silent]
|-sethp|p2a: Sentinel|67/100|[from] move: Pain Split
|move|p1a: Toxapex|Surf|p2a: Sentinel
|-damage|p2a: Sentinel|42/100
|
|-heal|p1a: Toxapex|80/100 brn|[from] item: Black Sludge
|-damage|p1a: Toxapex|74/100 brn|[from] brn
|upkeep
|turn|7
|
|t:|1779569494
|-end|p2a: Sentinel|ability: Neutralizing Gas
|switch|p2a: Overgod|Kingambit, M, shiny|100/100
|move|p1a: Toxapex|Surf|p2a: Overgod
|-damage|p2a: Overgod|82/100
|
|-heal|p2a: Overgod|88/100|[from] item: Leftovers
|-heal|p1a: Toxapex|80/100 brn|[from] item: Black Sludge
|-damage|p1a: Toxapex|74/100 brn|[from] brn
|upkeep
|turn|8
|
|t:|1779569502
|-end|p2a: Overgod|fallenundefined|[silent]
|switch|p2a: Sentinel|Weezing-Galar, M, shiny|42/100
|-ability|p2a: Sentinel|Neutralizing Gas
|-sideend|p2: storm zone|move: Toxic Spikes|[of] p2a: Sentinel
|switch|p1a: Talonflame|Talonflame, F|100/100
|
|upkeep
|turn|9
|
|t:|1779569510
|switch|p1a: Toxapex|Toxapex, F|74/100 brn
|-end|p2a: Sentinel|ability: Neutralizing Gas
|switch|p2a: Pisces|Alomomola, M, shiny|100/100
|
|-heal|p1a: Toxapex|80/100 brn|[from] item: Black Sludge
|-damage|p1a: Toxapex|74/100 brn|[from] brn
|upkeep
|turn|10
|
|t:|1779569519
|switch|p2a: Overgod|Kingambit, M, shiny|88/100
|move|p1a: Toxapex|Sludge Bomb|p2a: Overgod
|-immune|p2a: Overgod
|
|-heal|p2a: Overgod|94/100|[from] item: Leftovers
|-heal|p1a: Toxapex|80/100 brn|[from] item: Black Sludge
|-damage|p1a: Toxapex|74/100 brn|[from] brn
|upkeep
|turn|11
|
|t:|1779569524
|-end|p2a: Overgod|fallenundefined|[silent]
|switch|p2a: Enten|Landorus-Therian, M, shiny|100/100
|-ability|p2a: Enten|Intimidate|boost
|-unboost|p1a: Toxapex|atk|1
|move|p1a: Toxapex|Sludge Bomb|p2a: Enten
|-resisted|p2a: Enten
|-damage|p2a: Enten|88/100
|-status|p2a: Enten|psn
|
|-heal|p1a: Toxapex|80/100 brn|[from] item: Black Sludge
|-damage|p2a: Enten|76/100 psn|[from] psn
|-damage|p1a: Toxapex|74/100 brn|[from] brn
|upkeep
|turn|12
|
|t:|1779569530
|switch|p1a: Dondozo|Dondozo, M|100/100
|move|p2a: Enten|Stealth Rock|p1a: Dondozo
|-sidestart|p1: SpyOP|move: Stealth Rock
|
|-damage|p2a: Enten|64/100 psn|[from] psn
|upkeep
|turn|13
|
|t:|1779569534
|switch|p1a: Mandibuzz|Mandibuzz, F|100/100
|move|p2a: Enten|U-turn|p1a: Mandibuzz
|-damage|p1a: Mandibuzz|81/100
|
|t:|1779569537
|switch|p2a: Sentinel|Weezing-Galar, M, shiny|42/100|[from] U-turn
|-ability|p2a: Sentinel|Neutralizing Gas
|
|upkeep
|turn|14
|
|t:|1779569543
|switch|p1a: Toxapex|Toxapex, F|100/100 brn
|-damage|p1a: Toxapex|88/100 brn|[from] Stealth Rock
|move|p2a: Sentinel|Pain Split|p1a: Toxapex
|-sethp|p1a: Toxapex|67/100 brn|[from] move: Pain Split|[silent]
|-sethp|p2a: Sentinel|61/100|[from] move: Pain Split
|
|-heal|p1a: Toxapex|73/100 brn|[from] item: Black Sludge
|-damage|p1a: Toxapex|67/100 brn|[from] brn
|upkeep
|turn|15
|
|t:|1779569549
|-end|p2a: Sentinel|ability: Neutralizing Gas
|switch|p2a: Enten|Landorus-Therian, M, shiny|64/100 psn
|-ability|p2a: Enten|Intimidate|boost
|-unboost|p1a: Toxapex|atk|1
|move|p1a: Toxapex|Toxic Spikes|p2a: Enten
|-sidestart|p2: storm zone|move: Toxic Spikes
|
|-heal|p1a: Toxapex|73/100 brn|[from] item: Black Sludge
|-damage|p2a: Enten|51/100 psn|[from] psn
|-damage|p1a: Toxapex|67/100 brn|[from] brn
|upkeep
|turn|16
|
|t:|1779569554
|move|p2a: Enten|U-turn|p1a: Toxapex
|-resisted|p1a: Toxapex
|-damage|p1a: Toxapex|57/100 brn
|
|t:|1779569557
|switch|p2a: Overgod|Kingambit, M, shiny|94/100|[from] U-turn
|move|p1a: Toxapex|Recover|p1a: Toxapex
|-heal|p1a: Toxapex|100/100 brn
|
|-heal|p2a: Overgod|100/100|[from] item: Leftovers
|-damage|p1a: Toxapex|94/100 brn|[from] brn
|upkeep
|turn|17
|
|t:|1779569563
|switch|p1a: Talonflame|Talonflame, F|100/100
|move|p2a: Overgod|Swords Dance|p2a: Overgod
|-boost|p2a: Overgod|atk|2
|
|upkeep
|turn|18
|
|t:|1779569568
|-end|p2a: Overgod|fallenundefined|[silent]
|switch|p2a: Pisces|Alomomola, M, shiny|100/100
|-status|p2a: Pisces|psn
|move|p1a: Talonflame|Will-O-Wisp||[still]
|-fail|p1a: Talonflame
|
|-damage|p2a: Pisces|88/100 psn|[from] psn
|upkeep
|turn|19
|
|t:|1779569571
|switch|p1a: Toxapex|Toxapex, F|100/100 brn
|-damage|p1a: Toxapex|88/100 brn|[from] Stealth Rock
|move|p2a: Pisces|Flip Turn|p1a: Toxapex
|-resisted|p1a: Toxapex
|-damage|p1a: Toxapex|82/100 brn
|
|t:|1779569575
|switch|p2a: Sentinel|Weezing-Galar, M, shiny|61/100|[from] Flip Turn
|-ability|p2a: Sentinel|Neutralizing Gas
|-sideend|p2: storm zone|move: Toxic Spikes|[of] p2a: Sentinel
|
|-heal|p1a: Toxapex|89/100 brn|[from] item: Black Sludge
|-damage|p1a: Toxapex|82/100 brn|[from] brn
|upkeep
|turn|20
|
|t:|1779569579
|-end|p2a: Sentinel|ability: Neutralizing Gas
|switch|p2a: Pisces|Alomomola, M, shiny|100/100 psn
|move|p1a: Toxapex|Surf|p2a: Pisces
|-resisted|p2a: Pisces
|-damage|p2a: Pisces|93/100 psn
|
|-heal|p1a: Toxapex|89/100 brn|[from] item: Black Sludge
|-damage|p2a: Pisces|81/100 psn|[from] psn
|-damage|p1a: Toxapex|82/100 brn|[from] brn
|upkeep
|turn|21
|
|t:|1779569585
|switch|p1a: Mandibuzz|Mandibuzz, F|81/100
|move|p2a: Pisces|Flip Turn|p1a: Mandibuzz
|-damage|p1a: Mandibuzz|70/100
|
|t:|1779569588
|switch|p2a: Calamity|Iron Valiant, shiny|100/100|[from] Flip Turn
|
|upkeep
|turn|22
|
|t:|1779569593
|switch|p1a: Toxapex|Toxapex, F|100/100 brn
|-damage|p1a: Toxapex|88/100 brn|[from] Stealth Rock
|move|p2a: Calamity|Thunderbolt|p1a: Toxapex
|-supereffective|p1a: Toxapex
|-damage|p1a: Toxapex|29/100 brn
|
|-heal|p1a: Toxapex|35/100 brn|[from] item: Black Sludge
|-damage|p1a: Toxapex|29/100 brn|[from] brn
|upkeep
|turn|23
|
|t:|1779569600
|-end|p2a: Calamity|Quark Drive|[silent]
|switch|p2a: Sentinel|Weezing-Galar, M, shiny|61/100
|-ability|p2a: Sentinel|Neutralizing Gas
|switch|p1a: Blissey|Blissey, F|100/100
|-damage|p1a: Blissey|88/100|[from] Stealth Rock
|
|-heal|p1a: Blissey|94/100|[from] item: Leftovers
|upkeep
|turn|24
|
|t:|1779569607
|-end|p2a: Sentinel|ability: Neutralizing Gas
|switch|p2a: Anonymous|Ogerpon, F|100/100
|move|p1a: Blissey|Stealth Rock|p2a: Anonymous
|-sidestart|p2: storm zone|move: Stealth Rock
|
|-heal|p1a: Blissey|100/100|[from] item: Leftovers
|upkeep
|turn|25
|
|t:|1779569613
|switch|p1a: Mandibuzz|Mandibuzz, F|70/100
|move|p2a: Anonymous|Rock Tomb|p1a: Mandibuzz
|-supereffective|p1a: Mandibuzz
|-damage|p1a: Mandibuzz|29/100
|-unboost|p1a: Mandibuzz|spe|1
|
|upkeep
|turn|26
|
|t:|1779569621
|switch|p1a: Dondozo|Dondozo, M|100/100
|-damage|p1a: Dondozo|88/100|[from] Stealth Rock
|move|p2a: Anonymous|Rock Tomb|p1a: Dondozo
|-damage|p1a: Dondozo|75/100
|-unboost|p1a: Dondozo|spe|1
|
|-heal|p1a: Dondozo|81/100|[from] item: Leftovers
|upkeep
|turn|27
|
|t:|1779569627
|switch|p2a: Calamity|Iron Valiant, shiny|100/100
|-damage|p2a: Calamity|94/100|[from] Stealth Rock
|switch|p1a: Gliscor|Gliscor, M|89/100 tox
|-damage|p1a: Gliscor|77/100 tox|[from] Stealth Rock
|
|-heal|p1a: Gliscor|89/100 tox|[from] ability: Poison Heal
|upkeep
|turn|28
|
|t:|1779569649
|move|p2a: Calamity|Moonblast|p1a: Gliscor
|-damage|p1a: Gliscor|28/100 tox
|move|p1a: Gliscor|Spikes|p2a: Calamity
|-sidestart|p2: storm zone|Spikes
|
|-heal|p1a: Gliscor|40/100 tox|[from] ability: Poison Heal
|upkeep
|turn|29
|
|t:|1779569657
|-end|p2a: Calamity|Quark Drive|[silent]
|switch|p2a: Sentinel|Weezing-Galar, M, shiny|61/100
|-ability|p2a: Sentinel|Neutralizing Gas
|switch|p1a: Blissey|Blissey, F|100/100
|-damage|p1a: Blissey|88/100|[from] Stealth Rock
|
|-heal|p1a: Blissey|94/100|[from] item: Leftovers
|upkeep
|turn|30
|
|t:|1779569664
|move|p2a: Sentinel|Defog|p1a: Blissey
|-unboost|p1a: Blissey|evasion|1
|-sideend|p1: SpyOP|Stealth Rock|[from] move: Defog|[of] p2a: Sentinel
|-sideend|p2: storm zone|Spikes|[from] move: Defog|[of] p2a: Sentinel
|-sideend|p2: storm zone|Stealth Rock|[from] move: Defog|[of] p2a: Sentinel
|move|p1a: Blissey|Seismic Toss|p2a: Sentinel
|-damage|p2a: Sentinel|31/100
|
|-heal|p1a: Blissey|100/100|[from] item: Leftovers
|upkeep
|turn|31
|
|t:|1779569668
|switch|p1a: Toxapex|Toxapex, F|29/100 brn
|move|p2a: Sentinel|Pain Split|p1a: Toxapex
|-sethp|p1a: Toxapex|31/100 brn|[from] move: Pain Split|[silent]
|-sethp|p2a: Sentinel|28/100|[from] move: Pain Split
|
|-heal|p1a: Toxapex|37/100 brn|[from] item: Black Sludge
|-damage|p1a: Toxapex|31/100 brn|[from] brn
|upkeep
|turn|32
|
|t:|1779569674
|-end|p2a: Sentinel|ability: Neutralizing Gas
|switch|p2a: Enten|Landorus-Therian, M, shiny|51/100 psn
|-ability|p2a: Enten|Intimidate|boost
|-unboost|p1a: Toxapex|atk|1
|move|p1a: Toxapex|Recover|p1a: Toxapex
|-heal|p1a: Toxapex|81/100 brn
|
|-heal|p1a: Toxapex|87/100 brn|[from] item: Black Sludge
|-damage|p2a: Enten|39/100 psn|[from] psn
|-damage|p1a: Toxapex|81/100 brn|[from] brn
|upkeep
|turn|33
|
|t:|1779569678
|switch|p1a: Talonflame|Talonflame, F|100/100
|move|p2a: Enten|Stealth Rock|p1a: Talonflame
|-sidestart|p1: SpyOP|move: Stealth Rock
|
|-damage|p2a: Enten|27/100 psn|[from] psn
|upkeep
|turn|34
|
|t:|1779569681
|move|p2a: Enten|Smack Down|p1a: Talonflame
|-supereffective|p1a: Talonflame
|-damage|p1a: Talonflame|34/100
|-start|p1a: Talonflame|Smack Down
|move|p1a: Talonflame|Defog|p2a: Enten
|-unboost|p2a: Enten|evasion|1
|-sideend|p1: SpyOP|Stealth Rock|[from] move: Defog|[of] p1a: Talonflame
|
|-damage|p2a: Enten|15/100 psn|[from] psn
|upkeep
|turn|35
|
|t:|1779569694
|switch|p1a: Mandibuzz|Mandibuzz, F|29/100
|move|p2a: Enten|Smack Down|p1a: Mandibuzz
|-supereffective|p1a: Mandibuzz
|-damage|p1a: Mandibuzz|1/100
|-start|p1a: Mandibuzz|Smack Down
|
|-damage|p2a: Enten|2/100 psn|[from] psn
|upkeep
|turn|36
|
|t:|1779569706
|switch|p1a: Toxapex|Toxapex, F|100/100 brn
|move|p2a: Enten|U-turn|p1a: Toxapex
|-resisted|p1a: Toxapex
|-damage|p1a: Toxapex|92/100 brn
|
|t:|1779569725
|switch|p2a: Pisces|Alomomola, M, shiny|100/100 psn|[from] U-turn
|
|-heal|p1a: Toxapex|98/100 brn|[from] item: Black Sludge
|-damage|p2a: Pisces|88/100 psn|[from] psn
|-damage|p1a: Toxapex|92/100 brn|[from] brn
|upkeep
|turn|37
|
|t:|1779569730
|move|p2a: Pisces|Flip Turn|p1a: Toxapex
|-resisted|p1a: Toxapex
|-damage|p1a: Toxapex|86/100 brn
|
|t:|1779569733
|switch|p2a: Overgod|Kingambit, M, shiny|100/100|[from] Flip Turn
|move|p1a: Toxapex|Toxic Spikes|p2a: Overgod
|-sidestart|p2: storm zone|move: Toxic Spikes
|
|-heal|p1a: Toxapex|93/100 brn|[from] item: Black Sludge
|-damage|p1a: Toxapex|86/100 brn|[from] brn
|upkeep
|turn|38
|
|t:|1779569736
|switch|p1a: Dondozo|Dondozo, M|81/100
|move|p2a: Overgod|Kowtow Cleave|p1a: Dondozo
|-damage|p1a: Dondozo|57/100
|
|-heal|p1a: Dondozo|63/100|[from] item: Leftovers
|upkeep
|turn|39
|
|t:|1779569746
|-end|p2a: Overgod|fallenundefined|[silent]
|switch|p2a: Sentinel|Weezing-Galar, M, shiny|28/100
|-ability|p2a: Sentinel|Neutralizing Gas
|-sideend|p2: storm zone|move: Toxic Spikes|[of] p2a: Sentinel
|move|p1a: Dondozo|Avalanche|p2a: Sentinel
|-damage|p2a: Sentinel|19/100
|
|-heal|p1a: Dondozo|69/100|[from] item: Leftovers
|upkeep
|turn|40
|
|t:|1779569760
|switch|p1a: Blissey|Blissey, F|100/100
|move|p2a: Sentinel|Sludge Bomb|p1a: Blissey
|-damage|p1a: Blissey|92/100
|
|-heal|p1a: Blissey|99/100|[from] item: Leftovers
|upkeep
|turn|41
|
|t:|1779569771
|switch|p1a: Mandibuzz|Mandibuzz, F|1/100
|move|p2a: Sentinel|Pain Split|p1a: Mandibuzz
|-sethp|p1a: Mandibuzz|8/100|[from] move: Pain Split|[silent]
|-sethp|p2a: Sentinel|10/100|[from] move: Pain Split
|
|upkeep
|turn|42
|
|t:|1779569783
|move|p1a: Mandibuzz|Knock Off|p2a: Sentinel
|-resisted|p2a: Sentinel
|-damage|p2a: Sentinel|2/100
|-enditem|p2a: Sentinel|Heavy-Duty Boots|[from] move: Knock Off|[of] p1a: Mandibuzz
|move|p2a: Sentinel|Will-O-Wisp|p1a: Mandibuzz
|-status|p1a: Mandibuzz|brn
|
|-damage|p1a: Mandibuzz|2/100 brn|[from] brn
|upkeep
|turn|43
|
|t:|1779569797
|move|p1a: Mandibuzz|Knock Off|p2a: Sentinel
|-resisted|p2a: Sentinel
|-damage|p2a: Sentinel|0 fnt
|faint|p2a: Sentinel
|-end|p2a: Sentinel|ability: Neutralizing Gas
|
|-damage|p1a: Mandibuzz|0 fnt|[from] brn
|faint|p1a: Mandibuzz
|upkeep
|
|t:|1779569815
|switch|p1a: Talonflame|Talonflame, F|34/100
|switch|p2a: Enten|Landorus-Therian, M, shiny|2/100 psn
|-ability|p2a: Enten|Intimidate|boost
|-unboost|p1a: Talonflame|atk|1
|turn|44
|
|t:|1779569825
|move|p2a: Enten|Smack Down|p1a: Talonflame
|-supereffective|p1a: Talonflame
|-crit|p1a: Talonflame
|-damage|p1a: Talonflame|0 fnt
|faint|p1a: Talonflame
|
|-damage|p2a: Enten|0 fnt|[from] psn
|faint|p2a: Enten
|upkeep
|
|t:|1779569837
|switch|p2a: Anonymous|Ogerpon, F|100/100
|switch|p1a: Dondozo|Dondozo, M|69/100
|turn|45
|
|t:|1779569845
|-terastallize|p1a: Dondozo|Dragon
|move|p2a: Anonymous|Ivy Cudgel|p1a: Dondozo
|-resisted|p1a: Dondozo
|-damage|p1a: Dondozo|54/100
|move|p1a: Dondozo|Avalanche|p2a: Anonymous
|-supereffective|p2a: Anonymous
|-damage|p2a: Anonymous|29/100
|
|-heal|p1a: Dondozo|61/100|[from] item: Leftovers
|upkeep
|turn|46
|
|t:|1779569852
|switch|p2a: Calamity|Iron Valiant, shiny|94/100
|switch|p1a: Toxapex|Toxapex, F|100/100 brn
|
|-damage|p1a: Toxapex|94/100 brn|[from] brn
|upkeep
|turn|47
|
|t:|1779569858
|move|p2a: Calamity|Thunderbolt|p1a: Toxapex
|-supereffective|p1a: Toxapex
|-damage|p1a: Toxapex|38/100 brn
|move|p1a: Toxapex|Toxic Spikes|p2a: Calamity
|-sidestart|p2: storm zone|move: Toxic Spikes
|
|-heal|p1a: Toxapex|44/100 brn|[from] item: Black Sludge
|-damage|p1a: Toxapex|38/100 brn|[from] brn
|upkeep
|turn|48
|
|t:|1779569865
|-end|p2a: Calamity|Quark Drive|[silent]
|switch|p2a: Pisces|Alomomola, M, shiny|100/100 psn
|switch|p1a: Gliscor|Gliscor, M|40/100 tox
|
|-heal|p1a: Gliscor|53/100 tox|[from] ability: Poison Heal
|-damage|p2a: Pisces|88/100 psn|[from] psn
|upkeep
|turn|49
|
|t:|1779569872
|move|p1a: Gliscor|Protect|p1a: Gliscor
|-singleturn|p1a: Gliscor|Protect
|move|p2a: Pisces|Flip Turn|p1a: Gliscor
|-activate|p1a: Gliscor|move: Protect
|
|-heal|p1a: Gliscor|65/100 tox|[from] ability: Poison Heal
|-damage|p2a: Pisces|76/100 psn|[from] psn
|upkeep
|turn|50
|
|t:|1779569875
|move|p1a: Gliscor|Spikes|p2a: Pisces
|-sidestart|p2: storm zone|Spikes
|move|p2a: Pisces|Flip Turn|p1a: Gliscor
|-supereffective|p1a: Gliscor
|-damage|p1a: Gliscor|36/100 tox
|
|t:|1779569878
|switch|p2a: Calamity|Iron Valiant, shiny|94/100|[from] Flip Turn
|-status|p2a: Calamity|psn
|-damage|p2a: Calamity|82/100 psn|[from] Spikes
|
|-damage|p2a: Calamity|69/100 psn|[from] psn
|-heal|p1a: Gliscor|49/100 tox|[from] ability: Poison Heal
|upkeep
|turn|51
|
|t:|1779569887
|move|p1a: Gliscor|Protect|p1a: Gliscor
|-singleturn|p1a: Gliscor|Protect
|move|p2a: Calamity|Moonblast|p1a: Gliscor
|-activate|p1a: Gliscor|move: Protect
|
|-damage|p2a: Calamity|57/100 psn|[from] psn
|-heal|p1a: Gliscor|61/100 tox|[from] ability: Poison Heal
|upkeep
|turn|52
|
|t:|1779569905
|switch|p1a: Blissey|Blissey, F|99/100
|move|p2a: Calamity|Moonblast|p1a: Blissey
|-damage|p1a: Blissey|78/100
|
|-heal|p1a: Blissey|84/100|[from] item: Leftovers
|-damage|p2a: Calamity|44/100 psn|[from] psn
|upkeep
|turn|53
|
|t:|1779569910
|-end|p2a: Calamity|Quark Drive|[silent]
|switch|p2a: Anonymous|Ogerpon, F|29/100
|-status|p2a: Anonymous|psn
|-damage|p2a: Anonymous|16/100 psn|[from] Spikes
|move|p1a: Blissey|Stealth Rock|p2a: Anonymous
|-sidestart|p2: storm zone|move: Stealth Rock
|
|-heal|p1a: Blissey|91/100|[from] item: Leftovers
|-damage|p2a: Anonymous|4/100 psn|[from] psn
|upkeep
|turn|54
|
|t:|1779569920
|switch|p1a: Toxapex|Toxapex, F|71/100 brn
|move|p2a: Anonymous|Ivy Cudgel|p1a: Toxapex
|-damage|p1a: Toxapex|15/100 brn
|
|-heal|p1a: Toxapex|21/100 brn|[from] item: Black Sludge
|-damage|p2a: Anonymous|0 fnt|[from] psn
|faint|p2a: Anonymous
|-damage|p1a: Toxapex|15/100 brn|[from] brn
|upkeep
|
|t:|1779569931
|switch|p2a: Calamity|Iron Valiant, shiny|44/100 psn
|-damage|p2a: Calamity|32/100 psn|[from] Spikes
|-damage|p2a: Calamity|26/100 psn|[from] Stealth Rock
|turn|55
|
|t:|1779569936
|switch|p1a: Blissey|Blissey, F|91/100
|move|p2a: Calamity|Moonblast|p1a: Blissey
|-damage|p1a: Blissey|69/100
|
|-heal|p1a: Blissey|75/100|[from] item: Leftovers
|-damage|p2a: Calamity|13/100 psn|[from] psn
|upkeep
|turn|56
|
|t:|1779569939
|move|p2a: Calamity|Moonblast|p1a: Blissey
|-damage|p1a: Blissey|52/100
|move|p1a: Blissey|Soft-Boiled|p1a: Blissey
|-heal|p1a: Blissey|100/100
|
|-damage|p2a: Calamity|1/100 psn|[from] psn
|upkeep
|turn|57
|
|t:|1779569948
|move|p2a: Calamity|Moonblast|p1a: Blissey
|-damage|p1a: Blissey|80/100
|move|p1a: Blissey|Soft-Boiled|p1a: Blissey
|-heal|p1a: Blissey|100/100
|
|-damage|p2a: Calamity|0 fnt|[from] psn
|faint|p2a: Calamity
|-end|p2a: Calamity|Quark Drive|[silent]
|upkeep
|
|t:|1779569960
|switch|p2a: Overgod|Kingambit, M, shiny|100/100
|-damage|p2a: Overgod|88/100|[from] Spikes
|-damage|p2a: Overgod|82/100|[from] Stealth Rock
|-activate|p2a: Overgod|ability: Supreme Overlord
|-start|p2a: Overgod|fallen4|[silent]
|turn|58
|
|t:|1779569963
|move|p1a: Blissey|Seismic Toss|p2a: Overgod
|-damage|p2a: Overgod|57/100
|move|p2a: Overgod|Swords Dance|p2a: Overgod
|-boost|p2a: Overgod|atk|2
|
|-heal|p2a: Overgod|63/100|[from] item: Leftovers
|upkeep
|turn|59
|
|t:|1779569966
|move|p2a: Overgod|Sucker Punch|p1a: Blissey
|-damage|p1a: Blissey|0 fnt
|faint|p1a: Blissey
|
|-heal|p2a: Overgod|69/100|[from] item: Leftovers
|upkeep
|
|t:|1779569968
|switch|p1a: Dondozo|Dondozo, M, tera:Dragon|61/100
|turn|60
|
|t:|1779569976
|-terastallize|p2a: Overgod|Ghost
|move|p2a: Overgod|Iron Head|p1a: Dondozo
|-crit|p1a: Dondozo
|-damage|p1a: Dondozo|16/100
|move|p1a: Dondozo|Rest|p1a: Dondozo
|-status|p1a: Dondozo|slp|[from] move: Rest
|-heal|p1a: Dondozo|100/100 slp|[silent]
|
|-heal|p2a: Overgod|76/100|[from] item: Leftovers
|upkeep
|turn|61
|
|t:|1779569998
|move|p2a: Overgod|Kowtow Cleave|p1a: Dondozo
|-damage|p1a: Dondozo|69/100 slp
|cant|p1a: Dondozo|slp
|move|p1a: Dondozo|Sleep Talk|p1a: Dondozo
|move|p1a: Dondozo|Avalanche|p2a: Overgod|[from] move: Sleep Talk
|-damage|p2a: Overgod|57/100
|
|-heal|p2a: Overgod|63/100|[from] item: Leftovers
|-heal|p1a: Dondozo|76/100 slp|[from] item: Leftovers
|upkeep
|turn|62
|
|t:|1779570004
|move|p2a: Overgod|Kowtow Cleave|p1a: Dondozo
|-crit|p1a: Dondozo
|-damage|p1a: Dondozo|32/100 slp
|cant|p1a: Dondozo|slp
|move|p1a: Dondozo|Sleep Talk|p1a: Dondozo
|move|p1a: Dondozo|Avalanche|p2a: Overgod|[from] move: Sleep Talk
|-damage|p2a: Overgod|43/100
|
|-heal|p2a: Overgod|49/100|[from] item: Leftovers
|-heal|p1a: Dondozo|38/100 slp|[from] item: Leftovers
|upkeep
|turn|63
|
|t:|1779570009
|move|p2a: Overgod|Iron Head|p1a: Dondozo
|-damage|p1a: Dondozo|9/100 slp
|-curestatus|p1a: Dondozo|slp|[msg]
|move|p1a: Dondozo|Rest|p1a: Dondozo
|-status|p1a: Dondozo|slp|[from] move: Rest
|-heal|p1a: Dondozo|100/100 slp|[silent]
|
|-heal|p2a: Overgod|55/100|[from] item: Leftovers
|upkeep
|turn|64
|
|t:|1779570012
|move|p2a: Overgod|Kowtow Cleave|p1a: Dondozo
|-damage|p1a: Dondozo|68/100 slp
|cant|p1a: Dondozo|slp
|move|p1a: Dondozo|Sleep Talk|p1a: Dondozo
|move|p1a: Dondozo|Avalanche|p2a: Overgod|[from] move: Sleep Talk
|-damage|p2a: Overgod|35/100
|
|-heal|p2a: Overgod|42/100|[from] item: Leftovers
|-heal|p1a: Dondozo|74/100 slp|[from] item: Leftovers
|upkeep
|turn|65
|
|t:|1779570016
|move|p2a: Overgod|Kowtow Cleave|p1a: Dondozo
|-damage|p1a: Dondozo|41/100 slp
|cant|p1a: Dondozo|slp
|move|p1a: Dondozo|Sleep Talk|p1a: Dondozo
|move|p1a: Dondozo|Rest||[from] move: Sleep Talk|[still]
|-fail|p1a: Dondozo
|
|-heal|p2a: Overgod|48/100|[from] item: Leftovers
|-heal|p1a: Dondozo|47/100 slp|[from] item: Leftovers
|upkeep
|turn|66
|
|t:|1779570019
|move|p2a: Overgod|Iron Head|p1a: Dondozo
|-damage|p1a: Dondozo|15/100 slp
|-curestatus|p1a: Dondozo|slp|[msg]
|move|p1a: Dondozo|Rest|p1a: Dondozo
|-status|p1a: Dondozo|slp|[from] move: Rest
|-heal|p1a: Dondozo|100/100 slp|[silent]
|
|-heal|p2a: Overgod|54/100|[from] item: Leftovers
|upkeep
|turn|67
|
|t:|1779570022
|move|p2a: Overgod|Kowtow Cleave|p1a: Dondozo
|-damage|p1a: Dondozo|69/100 slp
|cant|p1a: Dondozo|slp
|move|p1a: Dondozo|Sleep Talk|p1a: Dondozo
|move|p1a: Dondozo|Body Press|p2a: Overgod|[from] move: Sleep Talk
|-immune|p2a: Overgod
|
|-heal|p2a: Overgod|60/100|[from] item: Leftovers
|-heal|p1a: Dondozo|75/100 slp|[from] item: Leftovers
|upkeep
|turn|68
|
|t:|1779570026
|move|p2a: Overgod|Kowtow Cleave|p1a: Dondozo
|-crit|p1a: Dondozo
|-damage|p1a: Dondozo|26/100 slp
|cant|p1a: Dondozo|slp
|move|p1a: Dondozo|Sleep Talk|p1a: Dondozo
|move|p1a: Dondozo|Rest||[from] move: Sleep Talk|[still]
|-fail|p1a: Dondozo
|
|-heal|p2a: Overgod|67/100|[from] item: Leftovers
|-heal|p1a: Dondozo|32/100 slp|[from] item: Leftovers
|upkeep
|turn|69
|
|t:|1779570029
|move|p2a: Overgod|Kowtow Cleave|p1a: Dondozo
|-damage|p1a: Dondozo|0 fnt
|faint|p1a: Dondozo
|
|-heal|p2a: Overgod|73/100|[from] item: Leftovers
|upkeep
|c|☆SpyOP|wp
|c|☆SpyOP|ggs
|-message|SpyOP forfeited.
|
|win|storm zone
|c|☆storm zone|Ggs
|player|p2|
