|j|☆chiapanco
|j|☆lokixenjoyer738
|t:|1779565187
|gametype|singles
|player|p1|chiapanco|101|1323
|player|p2|lokixenjoyer738|2|1345
|gen|9
|tier|[Gen 9] OU
|rated|
|rule|HP Percentage Mod: HP is shown in percentages
|rule|Endless Battle Clause: Forcing endless battles is banned
|rule|Species Clause: Limit one of each Pokémon
|rule|OHKO Clause: OHKO moves are banned
|rule|Evasion Items Clause: Evasion items are banned
|rule|Evasion Moves Clause: Evasion moves are banned
|rule|Evasion Abilities Clause: Evasion abilities are banned
|rule|Sleep Moves Clause: Sleep-inducing moves are banned
|clearpoke
|poke|p1|Slowking-Galar, F|
|poke|p1|Dragapult, F|
|poke|p1|Garganacl, F|
|poke|p1|Gholdengo|
|poke|p1|Dragonite, F|
|poke|p1|Glimmora, F|
|poke|p2|Kingambit, M|
|poke|p2|Kommo-o, F|
|poke|p2|Iron Valiant|
|poke|p2|Kyurem|
|poke|p2|Iron Treads|
|poke|p2|Iron Crown|
|teampreview
|inactive|Battle timer is ON: inactive players will automatically lose when time's up. (requested by lokixenjoyer738)
|inactive|chiapanco has 120 seconds left.
|
|t:|1779565218
|teamsize|p1|6
|teamsize|p2|6
|start
|switch|p1a: Glimmora|Glimmora, F|100/100
|switch|p2a: Kommo-o|Kommo-o, F|100/100
|turn|1
|
|t:|1779565222
|move|p1a: Glimmora|Mortal Spin|p2a: Kommo-o
|-crit|p2a: Kommo-o
|-damage|p2a: Kommo-o|94/100
|-status|p2a: Kommo-o|psn
|move|p2a: Kommo-o|Clangorous Soul|p2a: Kommo-o
|-boost|p2a: Kommo-o|atk|1
|-boost|p2a: Kommo-o|def|1
|-boost|p2a: Kommo-o|spa|1
|-boost|p2a: Kommo-o|spd|1
|-boost|p2a: Kommo-o|spe|1
|-damage|p2a: Kommo-o|61/100 psn
|
|-heal|p2a: Kommo-o|67/100 psn|[from] item: Leftovers
|-damage|p2a: Kommo-o|54/100 psn|[from] psn
|upkeep
|turn|2
|
|t:|1779565227
|move|p2a: Kommo-o|Drain Punch|p1a: Glimmora
|-crit|p1a: Glimmora
|-damage|p1a: Glimmora|25/100
|-heal|p2a: Kommo-o|88/100 psn|[from] drain|[of] p1a: Glimmora
|-activate|p1a: Glimmora|ability: Toxic Debris
|-sidestart|p2: lokixenjoyer738|move: Toxic Spikes
|move|p1a: Glimmora|Power Gem|p2a: Kommo-o
|-resisted|p2a: Kommo-o
|-damage|p2a: Kommo-o|75/100 psn
|
|-heal|p2a: Kommo-o|81/100 psn|[from] item: Leftovers
|-damage|p2a: Kommo-o|69/100 psn|[from] psn
|upkeep
|turn|3
|
|t:|1779565230
|move|p2a: Kommo-o|Drain Punch|p1a: Glimmora
|-damage|p1a: Glimmora|0 fnt
|-heal|p2a: Kommo-o|79/100 psn|[from] drain|[of] p1a: Glimmora
|-activate|p1a: Glimmora|ability: Toxic Debris
|-sidestart|p2: lokixenjoyer738|move: Toxic Spikes
|faint|p1a: Glimmora
|
|-heal|p2a: Kommo-o|86/100 psn|[from] item: Leftovers
|-damage|p2a: Kommo-o|73/100 psn|[from] psn
|upkeep
|
|t:|1779565237
|switch|p1a: Slowking|Slowking-Galar, F, shiny|100/100
|turn|4
|
|t:|1779565241
|move|p2a: Kommo-o|Shadow Claw|p1a: Slowking
|-supereffective|p1a: Slowking
|-crit|p1a: Slowking
|-damage|p1a: Slowking|22/100
|move|p1a: Slowking|Psychic|p2a: Kommo-o
|-supereffective|p2a: Kommo-o
|-damage|p2a: Kommo-o|32/100 psn
|
|-heal|p2a: Kommo-o|39/100 psn|[from] item: Leftovers
|-damage|p2a: Kommo-o|26/100 psn|[from] psn
|upkeep
|turn|5
|
|t:|1779565248
|move|p2a: Kommo-o|Shadow Claw|p1a: Slowking
|-supereffective|p1a: Slowking
|-damage|p1a: Slowking|0 fnt
|faint|p1a: Slowking
|
|-heal|p2a: Kommo-o|32/100 psn|[from] item: Leftovers
|-damage|p2a: Kommo-o|20/100 psn|[from] psn
|upkeep
|
|t:|1779565252
|switch|p1a: Garganacl|Garganacl, F|100/100
|turn|6
|
|t:|1779565255
|move|p1a: Garganacl|Protect|p1a: Garganacl
|-singleturn|p1a: Garganacl|Protect
|move|p2a: Kommo-o|Drain Punch|p1a: Garganacl
|-activate|p1a: Garganacl|move: Protect
|
|-heal|p2a: Kommo-o|26/100 psn|[from] item: Leftovers
|-damage|p2a: Kommo-o|14/100 psn|[from] psn
|upkeep
|turn|7
|
|t:|1779565265
|switch|p1a: Dragapult|Dragapult, F|100/100
|move|p2a: Kommo-o|Shadow Claw|p1a: Dragapult
|-supereffective|p1a: Dragapult
|-damage|p1a: Dragapult|30/100
|
|-heal|p2a: Kommo-o|20/100 psn|[from] item: Leftovers
|-damage|p2a: Kommo-o|7/100 psn|[from] psn
|upkeep
|turn|8
|
|t:|1779565271
|switch|p1a: Garganacl|Garganacl, F|100/100
|move|p2a: Kommo-o|Shadow Claw|p1a: Garganacl
|-crit|p1a: Garganacl
|-damage|p1a: Garganacl|91/100
|
|-heal|p2a: Kommo-o|14/100 psn|[from] item: Leftovers
|-heal|p1a: Garganacl|97/100|[from] item: Leftovers
|-damage|p2a: Kommo-o|1/100 psn|[from] psn
|upkeep
|turn|9
|
|t:|1779565279
|move|p1a: Garganacl|Protect|p1a: Garganacl
|-singleturn|p1a: Garganacl|Protect
|move|p2a: Kommo-o|Drain Punch|p1a: Garganacl
|-activate|p1a: Garganacl|move: Protect
|
|-heal|p2a: Kommo-o|7/100 psn|[from] item: Leftovers
|-heal|p1a: Garganacl|100/100|[from] item: Leftovers
|-damage|p2a: Kommo-o|0 fnt|[from] psn
|faint|p2a: Kommo-o
|upkeep
|
|t:|1779565284
|switch|p2a: Iron Treads|Iron Treads|100/100
|-enditem|p2a: Iron Treads|Booster Energy
|-activate|p2a: Iron Treads|ability: Quark Drive|[fromitem]
|-start|p2a: Iron Treads|quarkdrivespe
|turn|10
|
|t:|1779565291
|move|p2a: Iron Treads|Rapid Spin|p1a: Garganacl
|-resisted|p1a: Garganacl
|-damage|p1a: Garganacl|98/100
|-boost|p2a: Iron Treads|spe|1
|-sideend|p2: lokixenjoyer738|Toxic Spikes|[from] move: Rapid Spin|[of] p2a: Iron Treads
|move|p1a: Garganacl|Salt Cure|p2a: Iron Treads
|-resisted|p2a: Iron Treads
|-damage|p2a: Iron Treads|98/100
|-start|p2a: Iron Treads|Salt Cure
|
|-heal|p1a: Garganacl|100/100|[from] item: Leftovers
|-damage|p2a: Iron Treads|73/100|[from] Salt Cure
|upkeep
|turn|11
|
|t:|1779565297
|move|p2a: Iron Treads|Stealth Rock|p1a: Garganacl
|-sidestart|p1: chiapanco|move: Stealth Rock
|move|p1a: Garganacl|Stealth Rock|p2a: Iron Treads
|-sidestart|p2: lokixenjoyer738|move: Stealth Rock
|
|-damage|p2a: Iron Treads|48/100|[from] Salt Cure
|upkeep
|turn|12
|
|t:|1779565301
|move|p2a: Iron Treads|Earthquake|p1a: Garganacl
|-supereffective|p1a: Garganacl
|-damage|p1a: Garganacl|65/100
|move|p1a: Garganacl|Stealth Rock||[still]
|-fail|p1a: Garganacl
|
|-heal|p1a: Garganacl|71/100|[from] item: Leftovers
|-damage|p2a: Iron Treads|23/100|[from] Salt Cure
|upkeep
|turn|13
|
|t:|1779565311
|move|p1a: Garganacl|Protect|p1a: Garganacl
|-singleturn|p1a: Garganacl|Protect
|move|p2a: Iron Treads|Rapid Spin|p1a: Garganacl
|-activate|p1a: Garganacl|move: Protect
|
|-heal|p1a: Garganacl|77/100|[from] item: Leftovers
|-damage|p2a: Iron Treads|0 fnt|[from] Salt Cure
|faint|p2a: Iron Treads
|-end|p2a: Iron Treads|Quark Drive|[silent]
|upkeep
|
|t:|1779565318
|switch|p2a: Iron Valiant|Iron Valiant|100/100
|-damage|p2a: Iron Valiant|94/100|[from] Stealth Rock
|-enditem|p2a: Iron Valiant|Booster Energy
|-activate|p2a: Iron Valiant|ability: Quark Drive|[fromitem]
|-start|p2a: Iron Valiant|quarkdrivespe
|turn|14
|
|t:|1779565322
|move|p2a: Iron Valiant|Focus Blast|p1a: Garganacl|[miss]
|-miss|p2a: Iron Valiant|p1a: Garganacl
|move|p1a: Garganacl|Salt Cure|p2a: Iron Valiant
|-resisted|p2a: Iron Valiant
|-damage|p2a: Iron Valiant|86/100
|-start|p2a: Iron Valiant|Salt Cure
|
|-heal|p1a: Garganacl|83/100|[from] item: Leftovers
|-damage|p2a: Iron Valiant|74/100|[from] Salt Cure
|upkeep
|turn|15
|
|t:|1779565327
|switch|p1a: Dragapult|Dragapult, F|30/100
|move|p2a: Iron Valiant|Calm Mind|p2a: Iron Valiant
|-boost|p2a: Iron Valiant|spa|1
|-boost|p2a: Iron Valiant|spd|1
|
|-damage|p2a: Iron Valiant|61/100|[from] Salt Cure
|upkeep
|turn|16
|
|t:|1779565333
|move|p2a: Iron Valiant|Moonblast|p1a: Dragapult
|-supereffective|p1a: Dragapult
|-damage|p1a: Dragapult|0 fnt
|faint|p1a: Dragapult
|
|-damage|p2a: Iron Valiant|49/100|[from] Salt Cure
|upkeep
|
|t:|1779565337
|switch|p1a: Garganacl|Garganacl, F|83/100
|-damage|p1a: Garganacl|71/100|[from] Stealth Rock
|turn|17
|
|t:|1779565340
|move|p2a: Iron Valiant|Calm Mind|p2a: Iron Valiant
|-boost|p2a: Iron Valiant|spa|1
|-boost|p2a: Iron Valiant|spd|1
|move|p1a: Garganacl|Salt Cure|p2a: Iron Valiant
|-resisted|p2a: Iron Valiant
|-damage|p2a: Iron Valiant|40/100
|
|-heal|p1a: Garganacl|77/100|[from] item: Leftovers
|-damage|p2a: Iron Valiant|27/100|[from] Salt Cure
|upkeep
|turn|18
|
|t:|1779565344
|move|p1a: Garganacl|Protect|p1a: Garganacl
|-singleturn|p1a: Garganacl|Protect
|move|p2a: Iron Valiant|Focus Blast|p1a: Garganacl
|-activate|p1a: Garganacl|move: Protect
|
|-heal|p1a: Garganacl|83/100|[from] item: Leftovers
|-damage|p2a: Iron Valiant|15/100|[from] Salt Cure
|upkeep
|turn|19
|
|t:|1779565348
|switch|p1a: Gholdengo|Gholdengo|100/100
|-damage|p1a: Gholdengo|94/100|[from] Stealth Rock
|-item|p1a: Gholdengo|Air Balloon
|move|p2a: Iron Valiant|Moonblast|p1a: Gholdengo
|-resisted|p1a: Gholdengo
|-damage|p1a: Gholdengo|39/100
|-enditem|p1a: Gholdengo|Air Balloon
|
|-damage|p2a: Iron Valiant|2/100|[from] Salt Cure
|upkeep
|turn|20
|
|t:|1779565356
|move|p2a: Iron Valiant|Moonblast|p1a: Gholdengo
|-resisted|p1a: Gholdengo
|-damage|p1a: Gholdengo|0 fnt
|faint|p1a: Gholdengo
|
|-damage|p2a: Iron Valiant|0 fnt|[from] Salt Cure
|faint|p2a: Iron Valiant
|-end|p2a: Iron Valiant|Quark Drive|[silent]
|upkeep
|inactive|lokixenjoyer738 has 120 seconds left.
|
|t:|1779565402
|switch|p2a: Iron Crown|Iron Crown|100/100
|switch|p1a: Dragonite|Dragonite, F|100/100
|-damage|p2a: Iron Crown|94/100|[from] Stealth Rock
|-damage|p1a: Dragonite|76/100|[from] Stealth Rock
|-enditem|p2a: Iron Crown|Booster Energy
|-activate|p2a: Iron Crown|ability: Quark Drive|[fromitem]
|-start|p2a: Iron Crown|quarkdrivespe
|turn|21
|
|t:|1779565425
|move|p2a: Iron Crown|Tachyon Cutter|p1a: Dragonite
|-damage|p1a: Dragonite|52/100
|-damage|p1a: Dragonite|27/100
|-hitcount|p1a: Dragonite|2
|move|p1a: Dragonite|Earthquake|p2a: Iron Crown
|-supereffective|p2a: Iron Crown
|-damage|p2a: Iron Crown|14/100
|
|upkeep
|turn|22
|
|t:|1779565434
|move|p2a: Iron Crown|Tachyon Cutter|p1a: Dragonite
|-damage|p1a: Dragonite|1/100
|-damage|p1a: Dragonite|0 fnt
|faint|p1a: Dragonite
|-hitcount|p1: Dragonite|2
|
|upkeep
|
|t:|1779565437
|switch|p1a: Garganacl|Garganacl, F|83/100
|-damage|p1a: Garganacl|71/100|[from] Stealth Rock
|turn|23
|
|t:|1779565442
|-terastallize|p1a: Garganacl|Water
|move|p2a: Iron Crown|Calm Mind|p2a: Iron Crown
|-boost|p2a: Iron Crown|spa|1
|-boost|p2a: Iron Crown|spd|1
|move|p1a: Garganacl|Recover|p1a: Garganacl
|-heal|p1a: Garganacl|100/100
|
|upkeep
|turn|24
|inactive|lokixenjoyer738 has 120 seconds left.
|
|t:|1779565448
|move|p2a: Iron Crown|Psychic Noise|p1a: Garganacl
|-damage|p1a: Garganacl|51/100
|-start|p1a: Garganacl|move: Heal Block
|move|p1a: Garganacl|Salt Cure|p2a: Iron Crown
|-resisted|p2a: Iron Crown
|-damage|p2a: Iron Crown|8/100
|-start|p2a: Iron Crown|Salt Cure
|
|-damage|p2a: Iron Crown|0 fnt|[from] Salt Cure
|faint|p2a: Iron Crown
|-end|p2a: Iron Crown|Quark Drive|[silent]
|upkeep
|inactive|lokixenjoyer738 has 120 seconds left.
|
|t:|1779565459
|switch|p2a: Kyurem|Kyurem|100/100
|-damage|p2a: Kyurem|76/100|[from] Stealth Rock
|-ability|p2a: Kyurem|Pressure
|turn|25
|
|t:|1779565461
|move|p2a: Kyurem|Scale Shot|p1a: Garganacl
|-damage|p1a: Garganacl|45/100
|-damage|p1a: Garganacl|39/100
|-damage|p1a: Garganacl|33/100
|-damage|p1a: Garganacl|26/100
|-damage|p1a: Garganacl|19/100
|-hitcount|p1a: Garganacl|5
|-unboost|p2a: Kyurem|def|1
|-boost|p2a: Kyurem|spe|1
|move|p1a: Garganacl|Salt Cure|p2a: Kyurem
|-supereffective|p2a: Kyurem
|-damage|p2a: Kyurem|35/100
|-start|p2a: Kyurem|Salt Cure
|
|-damage|p2a: Kyurem|23/100|[from] Salt Cure
|-end|p1a: Garganacl|move: Heal Block
|upkeep
|turn|26
|
|t:|1779565468
|move|p2a: Kyurem|Dragon Dance|p2a: Kyurem
|-boost|p2a: Kyurem|atk|1
|-boost|p2a: Kyurem|spe|1
|move|p1a: Garganacl|Recover|p1a: Garganacl
|-heal|p1a: Garganacl|69/100
|
|-heal|p1a: Garganacl|75/100|[from] item: Leftovers
|-damage|p2a: Kyurem|11/100|[from] Salt Cure
|upkeep
|turn|27
|
|t:|1779565471
|move|p1a: Garganacl|Protect|p1a: Garganacl
|-singleturn|p1a: Garganacl|Protect
|move|p2a: Kyurem|Scale Shot|p1a: Garganacl
|-activate|p1a: Garganacl|move: Protect
|
|-heal|p1a: Garganacl|82/100|[from] item: Leftovers
|-damage|p2a: Kyurem|0 fnt|[from] Salt Cure
|faint|p2a: Kyurem
|upkeep
|
|t:|1779565472
|switch|p2a: Kingambit|Kingambit, M|100/100
|-damage|p2a: Kingambit|94/100|[from] Stealth Rock
|-activate|p2a: Kingambit|ability: Supreme Overlord
|-start|p2a: Kingambit|fallen5|[silent]
|turn|28
|
|t:|1779565478
|-terastallize|p2a: Kingambit|Ghost
|move|p2a: Kingambit|Swords Dance|p2a: Kingambit
|-boost|p2a: Kingambit|atk|2
|move|p1a: Garganacl|Salt Cure|p2a: Kingambit
|-damage|p2a: Kingambit|83/100
|-start|p2a: Kingambit|Salt Cure
|
|-heal|p2a: Kingambit|89/100|[from] item: Leftovers
|-heal|p1a: Garganacl|88/100|[from] item: Leftovers
|-damage|p2a: Kingambit|77/100|[from] Salt Cure
|upkeep
|turn|29
|
|t:|1779565483
|move|p2a: Kingambit|Swords Dance|p2a: Kingambit
|-boost|p2a: Kingambit|atk|2
|move|p1a: Garganacl|Recover|p1a: Garganacl
|-heal|p1a: Garganacl|100/100
|
|-heal|p2a: Kingambit|83/100|[from] item: Leftovers
|-damage|p2a: Kingambit|70/100|[from] Salt Cure
|upkeep
|turn|30
|
|t:|1779565486
|move|p2a: Kingambit|Low Kick|p1a: Garganacl
|-damage|p1a: Garganacl|2/100
|move|p1a: Garganacl|Salt Cure|p2a: Kingambit
|-damage|p2a: Kingambit|57/100
|
|-heal|p2a: Kingambit|63/100|[from] item: Leftovers
|-heal|p1a: Garganacl|8/100|[from] item: Leftovers
|-damage|p2a: Kingambit|51/100|[from] Salt Cure
|upkeep
|turn|31
|
|t:|1779565489
|move|p2a: Kingambit|Low Kick|p1a: Garganacl
|-damage|p1a: Garganacl|0 fnt
|faint|p1a: Garganacl
|
|win|lokixenjoyer738
|raw|chiapanco's rating: 1323 &rarr; <strong>1304</strong><br />(-19 for losing)
|raw|lokixenjoyer738's rating: 1345 &rarr; <strong>1364</strong><br />(+19 for winning)
