|inactive|Battle timer is ON: inactive players will automatically lose when time's up.
|t:|1779646629
|gametype|singles
|player|p1|ticktackplayz|hexmaniac-gen6|
|player|p2|black thunderbolt|#fcl13snowbirds|
|gen|9
|tier|[Gen 9] OU
|rule|HP Percentage Mod: HP is shown in percentages
|rule|Endless Battle Clause: Forcing endless battles is banned
|rule|Species Clause: Limit one of each Pokémon
|rule|OHKO Clause: OHKO moves are banned
|rule|Evasion Items Clause: Evasion items are banned
|rule|Evasion Moves Clause: Evasion moves are banned
|rule|Evasion Abilities Clause: Evasion abilities are banned
|rule|Sleep Moves Clause: Sleep-inducing moves are banned
|clearpoke
|poke|p1|Pecharunt|
|poke|p1|Hoopa-Unbound|
|poke|p1|Great Tusk|
|poke|p1|Dragonite, F|
|poke|p1|Deoxys-Speed|
|poke|p1|Kingambit, F|
|poke|p2|Ogerpon-Wellspring, F|
|poke|p2|Darkrai|
|poke|p2|Garganacl, F|
|poke|p2|Zapdos|
|poke|p2|Great Tusk|
|poke|p2|Kingambit, F|
|teampreview
|inactive|ticktackplayz has 270 seconds left.
|inactive|black thunderbolt has 270 seconds left.
|inactive|ticktackplayz has 240 seconds left.
|inactive|ticktackplayz has 210 seconds left.
|inactive|ticktackplayz disconnected and has 300 seconds to reconnect!
|player|p1|
|inactive|ticktackplayz has 270 seconds to reconnect!
|inactive|ticktackplayz reconnected and has 205 seconds left.
|player|p1|ticktackplayz|hexmaniac-gen6|
|
|t:|1779646788
|teamsize|p1|6
|teamsize|p2|6
|start
|switch|p1a: Pecharunt|Pecharunt|100/100
|switch|p2a: Darkrai|Darkrai|100/100
|turn|1
|
|t:|1779646802
|switch|p1a: Hoopa|Hoopa-Unbound|100/100
|move|p2a: Darkrai|Will-O-Wisp|p1a: Hoopa
|-status|p1a: Hoopa|brn
|
|-damage|p1a: Hoopa|94/100 brn|[from] brn
|upkeep
|turn|2
|inactive|black thunderbolt has 270 seconds left.
|
|t:|1779646838
|switch|p2a: Garganacl|Garganacl, F|100/100
|move|p1a: Hoopa|Knock Off|p2a: Garganacl
|-damage|p2a: Garganacl|86/100
|-enditem|p2a: Garganacl|Leftovers|[from] move: Knock Off|[of] p1a: Hoopa
|
|-damage|p1a: Hoopa|88/100 brn|[from] brn
|upkeep
|turn|3
|c|+feitan_22b|🐒🐒🐒🐒🐒🐒
|inactive|ticktackplayz has 270 seconds left.
|inactive|black thunderbolt has 270 seconds left.
|
|t:|1779646861
|move|p1a: Hoopa|Psychic Noise|p2a: Garganacl
|-damage|p2a: Garganacl|53/100
|-start|p2a: Garganacl|move: Heal Block
|move|p2a: Garganacl|Salt Cure|p1a: Hoopa
|-damage|p1a: Hoopa|73/100 brn
|-start|p1a: Hoopa|Salt Cure
|
|-damage|p1a: Hoopa|67/100 brn|[from] brn
|-damage|p1a: Hoopa|54/100 brn|[from] Salt Cure
|upkeep
|turn|4
|
|t:|1779646873
|switch|p1a: Great Tusk|Great Tusk, shiny|100/100
|switch|p2a: Ogerpon|Ogerpon-Wellspring, F|100/100
|
|upkeep
|turn|5
|inactive|ticktackplayz has 270 seconds left.
|
|t:|1779646901
|-end|p1a: Great Tusk|Protosynthesis|[silent]
|switch|p1a: Pecharunt|Pecharunt|100/100
|move|p2a: Ogerpon|Knock Off|p1a: Pecharunt
|-supereffective|p1a: Pecharunt
|-damage|p1a: Pecharunt|55/100
|-enditem|p1a: Pecharunt|Heavy-Duty Boots|[from] move: Knock Off|[of] p2a: Ogerpon
|
|upkeep
|turn|6
|
|t:|1779646915
|switch|p2a: Garganacl|Garganacl, F|53/100
|move|p1a: Pecharunt|Recover|p1a: Pecharunt
|-heal|p1a: Pecharunt|100/100
|
|upkeep
|turn|7
|
|t:|1779646921
|switch|p1a: Great Tusk|Great Tusk, shiny|100/100
|move|p2a: Garganacl|Recover|p2a: Garganacl
|-heal|p2a: Garganacl|100/100
|
|upkeep
|turn|8
|
|t:|1779646941
|switch|p2a: Zapdos|Zapdos|100/100
|move|p1a: Great Tusk|Stealth Rock|p2a: Zapdos
|-sidestart|p2: black thunderbolt|move: Stealth Rock
|
|upkeep
|turn|9
|inactive|ticktackplayz has 270 seconds left.
|
|t:|1779646959
|-end|p1a: Great Tusk|Protosynthesis|[silent]
|switch|p1a: Kingambit|Kingambit, F|100/100
|move|p2a: Zapdos|Volt Switch|p1a: Kingambit
|-damage|p1a: Kingambit|69/100
|
|t:|1779646967
|switch|p2a: Great Tusk|Great Tusk|100/100|[from] Volt Switch
|-damage|p2a: Great Tusk|97/100|[from] Stealth Rock
|
|upkeep
|turn|10
|
|t:|1779646974
|-end|p1a: Kingambit|fallenundefined|[silent]
|switch|p1a: Great Tusk|Great Tusk, shiny|100/100
|move|p2a: Great Tusk|Stealth Rock|p1a: Great Tusk
|-sidestart|p1: ticktackplayz|move: Stealth Rock
|
|upkeep
|turn|11
|
|t:|1779646987
|-end|p2a: Great Tusk|Protosynthesis|[silent]
|switch|p2a: Zapdos|Zapdos|100/100
|move|p1a: Great Tusk|Rapid Spin|p2a: Zapdos
|-damage|p2a: Zapdos|89/100
|-boost|p1a: Great Tusk|spe|1
|-sideend|p1: ticktackplayz|Stealth Rock|[from] move: Rapid Spin|[of] p1a: Great Tusk
|
|upkeep
|turn|12
|
|t:|1779646995
|-end|p1a: Great Tusk|Protosynthesis|[silent]
|switch|p1a: Hoopa|Hoopa-Unbound|54/100 brn
|move|p2a: Zapdos|Volt Switch|p1a: Hoopa
|-damage|p1a: Hoopa|40/100 brn
|inactive|black thunderbolt has 240 seconds left.
|
|t:|1779647026
|switch|p2a: Great Tusk|Great Tusk|97/100|[from] Volt Switch
|-damage|p2a: Great Tusk|94/100|[from] Stealth Rock
|
|-damage|p1a: Hoopa|34/100 brn|[from] brn
|upkeep
|turn|13
|
|t:|1779647029
|switch|p1a: Great Tusk|Great Tusk, shiny|100/100
|move|p2a: Great Tusk|Headlong Rush|p1a: Great Tusk
|-damage|p1a: Great Tusk|66/100
|-unboost|p2a: Great Tusk|def|1
|-unboost|p2a: Great Tusk|spd|1
|-damage|p2a: Great Tusk|78/100|[from] item: Rocky Helmet|[of] p1a: Great Tusk
|
|upkeep
|turn|14
|
|t:|1779647038
|-end|p2a: Great Tusk|Protosynthesis|[silent]
|switch|p2a: Zapdos|Zapdos|89/100
|move|p1a: Great Tusk|Ice Spinner|p2a: Zapdos
|-supereffective|p2a: Zapdos
|-damage|p2a: Zapdos|53/100
|
|upkeep
|turn|15
|inactive|black thunderbolt has 240 seconds left.
|
|t:|1779647064
|-end|p1a: Great Tusk|Protosynthesis|[silent]
|switch|p1a: Deoxys|Deoxys-Speed, shiny|100/100
|-ability|p1a: Deoxys|Pressure
|move|p2a: Zapdos|Roost|p2a: Zapdos
|-heal|p2a: Zapdos|100/100
|-singleturn|p2a: Zapdos|move: Roost
|
|upkeep
|turn|16
|inactive|black thunderbolt has 240 seconds left.
|
|t:|1779647069
|move|p1a: Deoxys|Nasty Plot|p1a: Deoxys
|-boost|p1a: Deoxys|spa|2
|move|p2a: Zapdos|Thunder Wave|p1a: Deoxys|[miss]
|-miss|p2a: Zapdos|p1a: Deoxys
|
|upkeep
|turn|17
|inactive|black thunderbolt has 240 seconds left.
|inactive|black thunderbolt has 210 seconds left.
|
|t:|1779647121
|switch|p2a: Kingambit|Kingambit, F|100/100
|-damage|p2a: Kingambit|94/100|[from] Stealth Rock
|move|p1a: Deoxys|Thunderbolt|p2a: Kingambit
|-damage|p2a: Kingambit|44/100
|
|-heal|p2a: Kingambit|50/100|[from] item: Leftovers
|upkeep
|turn|18
|
|t:|1779647131
|-terastallize|p1a: Deoxys|Electric
|move|p2a: Kingambit|Sucker Punch|p1a: Deoxys
|-crit|p1a: Deoxys
|-damage|p1a: Deoxys|12/100
|move|p1a: Deoxys|Thunderbolt|p2a: Kingambit
|-damage|p2a: Kingambit|0 fnt
|faint|p2a: Kingambit
|-end|p2a: Kingambit|fallenundefined|[silent]
|
|upkeep
|
|t:|1779647138
|switch|p2a: Darkrai|Darkrai|100/100
|-damage|p2a: Darkrai|88/100|[from] Stealth Rock
|turn|19
|
|t:|1779647142
|switch|p1a: Kingambit|Kingambit, F|69/100
|move|p2a: Darkrai|Dark Pulse|p1a: Kingambit
|-resisted|p1a: Kingambit
|-damage|p1a: Kingambit|48/100
|
|upkeep
|turn|20
|inactive|black thunderbolt has 210 seconds left.
|
|t:|1779647156
|-end|p1a: Kingambit|fallenundefined|[silent]
|switch|p1a: Deoxys|Deoxys-Speed, shiny, tera:Electric|12/100
|-ability|p1a: Deoxys|Pressure
|move|p2a: Darkrai|Dark Pulse|p1a: Deoxys
|-damage|p1a: Deoxys|0 fnt
|faint|p1a: Deoxys
|
|upkeep
|
|t:|1779647171
|switch|p1a: Great Tusk|Great Tusk, shiny|66/100
|turn|21
|
|t:|1779647177
|switch|p2a: Zapdos|Zapdos|100/100
|move|p1a: Great Tusk|Ice Spinner|p2a: Zapdos
|-supereffective|p2a: Zapdos
|-damage|p2a: Zapdos|70/100
|
|upkeep
|turn|22
|
|t:|1779647196
|move|p1a: Great Tusk|Ice Spinner|p2a: Zapdos
|-supereffective|p2a: Zapdos
|-damage|p2a: Zapdos|35/100
|-status|p1a: Great Tusk|par|[from] ability: Static|[of] p2a: Zapdos
|move|p2a: Zapdos|Hurricane|p1a: Great Tusk
|-supereffective|p1a: Great Tusk
|-damage|p1a: Great Tusk|0 fnt
|faint|p1a: Great Tusk
|-end|p1a: Great Tusk|Protosynthesis|[silent]
|
|upkeep
|
|t:|1779647217
|switch|p1a: Pecharunt|Pecharunt|100/100
|turn|23
|
|t:|1779647227
|move|p1a: Pecharunt|Malignant Chain|p2a: Zapdos
|-damage|p2a: Zapdos|7/100
|move|p2a: Zapdos|Roost|p2a: Zapdos
|-heal|p2a: Zapdos|57/100
|-singleturn|p2a: Zapdos|move: Roost
|
|upkeep
|turn|24
|
|t:|1779647234
|switch|p2a: Garganacl|Garganacl, F|100/100
|-damage|p2a: Garganacl|88/100|[from] Stealth Rock
|move|p1a: Pecharunt|Nasty Plot|p1a: Pecharunt
|-boost|p1a: Pecharunt|spa|2
|
|upkeep
|turn|25
|
|t:|1779647244
|move|p1a: Pecharunt|Nasty Plot|p1a: Pecharunt
|-boost|p1a: Pecharunt|spa|2
|move|p2a: Garganacl|Salt Cure|p1a: Pecharunt
|-damage|p1a: Pecharunt|93/100
|-start|p1a: Pecharunt|Salt Cure
|
|-damage|p1a: Pecharunt|80/100|[from] Salt Cure
|upkeep
|turn|26
|inactive|black thunderbolt has 240 seconds left.
|
|t:|1779647257
|switch|p2a: Ogerpon|Ogerpon-Wellspring, F|100/100
|-damage|p2a: Ogerpon|88/100|[from] Stealth Rock
|move|p1a: Pecharunt|Shadow Ball|p2a: Ogerpon
|-damage|p2a: Ogerpon|0 fnt
|faint|p2a: Ogerpon
|
|-damage|p1a: Pecharunt|68/100|[from] Salt Cure
|upkeep
|
|t:|1779647268
|switch|p2a: Darkrai|Darkrai|88/100
|-damage|p2a: Darkrai|76/100|[from] Stealth Rock
|turn|27
|
|t:|1779647275
|switch|p1a: Kingambit|Kingambit, F|48/100
|-activate|p1a: Kingambit|ability: Supreme Overlord
|-start|p1a: Kingambit|fallen2|[silent]
|move|p2a: Darkrai|Dark Pulse|p1a: Kingambit
|-resisted|p1a: Kingambit
|-damage|p1a: Kingambit|25/100
|
|upkeep
|turn|28
|
|t:|1779647284
|switch|p2a: Great Tusk|Great Tusk|78/100
|-damage|p2a: Great Tusk|75/100|[from] Stealth Rock
|move|p1a: Kingambit|Iron Head|p2a: Great Tusk
|-damage|p2a: Great Tusk|37/100
|-damage|p1a: Kingambit|9/100|[from] item: Rocky Helmet|[of] p2a: Great Tusk
|
|upkeep
|turn|29
|
|t:|1779647293
|move|p2a: Great Tusk|Rapid Spin|p1a: Kingambit
|-resisted|p1a: Kingambit
|-damage|p1a: Kingambit|3/100
|-boost|p2a: Great Tusk|spe|1
|-sideend|p2: black thunderbolt|Stealth Rock|[from] move: Rapid Spin|[of] p2a: Great Tusk
|move|p1a: Kingambit|Iron Head|p2a: Great Tusk
|-damage|p2a: Great Tusk|0 fnt
|-damage|p1a: Kingambit|0 fnt|[from] item: Rocky Helmet|[of] p2a: Great Tusk
|faint|p2a: Great Tusk
|-end|p2a: Great Tusk|Protosynthesis|[silent]
|faint|p1a: Kingambit
|-end|p1a: Kingambit|fallen2|[silent]
|
|upkeep
|
|t:|1779647306
|switch|p2a: Darkrai|Darkrai|76/100
|switch|p1a: Dragonite|Dragonite, F, shiny|100/100
|turn|30
|inactive|black thunderbolt has 240 seconds left.
|inactive|ticktackplayz has 270 seconds left.
|inactive|black thunderbolt has 210 seconds left.
|inactive|ticktackplayz has 240 seconds left.
|
|t:|1779647368
|move|p2a: Darkrai|Ice Beam|p1a: Dragonite
|-supereffective|p1a: Dragonite
|-damage|p1a: Dragonite|29/100
|move|p1a: Dragonite|Scale Shot|p2a: Darkrai
|-damage|p2a: Darkrai|56/100
|-damage|p2a: Darkrai|36/100
|-damage|p2a: Darkrai|17/100
|-damage|p2a: Darkrai|0 fnt
|faint|p2a: Darkrai
|-hitcount|p2: Darkrai|4
|-unboost|p1a: Dragonite|def|1
|-boost|p1a: Dragonite|spe|1
|
|upkeep
|inactive|black thunderbolt has 210 seconds left.
|
|t:|1779647387
|switch|p2a: Garganacl|Garganacl, F|88/100
|turn|31
|
|t:|1779647392
|move|p1a: Dragonite|Scale Shot|p2a: Garganacl
|-damage|p2a: Garganacl|78/100
|-damage|p2a: Garganacl|68/100
|-damage|p2a: Garganacl|58/100
|-damage|p2a: Garganacl|48/100
|-hitcount|p2a: Garganacl|4
|-unboost|p1a: Dragonite|def|1
|-boost|p1a: Dragonite|spe|1
|move|p2a: Garganacl|Salt Cure|p1a: Dragonite
|-supereffective|p1a: Dragonite
|-damage|p1a: Dragonite|0 fnt
|faint|p1a: Dragonite
|
|upkeep
|
|t:|1779647400
|switch|p1a: Hoopa|Hoopa-Unbound|34/100 brn
|turn|32
|
|t:|1779647410
|move|p1a: Hoopa|Psychic Noise|p2a: Garganacl
|-damage|p2a: Garganacl|15/100
|-start|p2a: Garganacl|move: Heal Block
|move|p2a: Garganacl|Body Press|p1a: Hoopa
|-damage|p1a: Hoopa|7/100 brn
|
|-damage|p1a: Hoopa|1/100 brn|[from] brn
|upkeep
|turn|33
|inactive|ticktackplayz has 270 seconds left.
|inactive|black thunderbolt has 210 seconds left.
|inactive|black thunderbolt has 180 seconds left.
|
|t:|1779647470
|move|p1a: Hoopa|Psychic Noise|p2a: Garganacl
|-damage|p2a: Garganacl|0 fnt
|faint|p2a: Garganacl
|
|-damage|p1a: Hoopa|0 fnt|[from] brn
|faint|p1a: Hoopa
|upkeep
|
|t:|1779647473
|switch|p1a: Pecharunt|Pecharunt|68/100
|switch|p2a: Zapdos|Zapdos|57/100
|turn|34
|inactive|ticktackplayz has 270 seconds left.
|inactive|ticktackplayz has 240 seconds left.
|
|t:|1779647525
|move|p1a: Pecharunt|Nasty Plot|p1a: Pecharunt
|-boost|p1a: Pecharunt|spa|2
|move|p2a: Zapdos|Thunder Wave|p1a: Pecharunt
|-status|p1a: Pecharunt|par
|
|upkeep
|turn|35
|inactive|black thunderbolt has 180 seconds left.
|
|t:|1779647546
|move|p2a: Zapdos|Hurricane|p1a: Pecharunt|[miss]
|-miss|p2a: Zapdos|p1a: Pecharunt
|move|p1a: Pecharunt|Malignant Chain|p2a: Zapdos
|-damage|p2a: Zapdos|0 fnt
|faint|p2a: Zapdos
|
|win|ticktackplayz
