|j|☆dtzui
|j|☆jsmikelol
|t:|1779668298
|gametype|singles
|player|p1|dtzui|scientist-gen4dp|1112
|player|p2|jsmikelol|ninjaboy|1145
|gen|9
|tier|[Gen 9] OU
|rated|
|rule|HP Percentage Mod: HP is shown in percentages
|rule|Endless Battle Clause: Forcing endless battles is banned
|rule|Species Clause: Limit one of each Pokémon
|rule|OHKO Clause: OHKO moves are banned
|rule|Evasion Items Clause: Evasion items are banned
|rule|Evasion Moves Clause: Evasion moves are banned
|rule|Evasion Abilities Clause: Evasion abilities are banned
|rule|Sleep Moves Clause: Sleep-inducing moves are banned
|clearpoke
|poke|p1|Gengar, M|
|poke|p1|Cloyster, M|
|poke|p1|Rhydon, M|
|poke|p1|Shiftry, M|
|poke|p1|Talonflame, M|
|poke|p1|Zapdos|
|poke|p2|Blaziken, F|
|poke|p2|Iron Boulder|
|poke|p2|Iron Hands|
|poke|p2|Kingambit, M|
|poke|p2|Breloom, M|
|poke|p2|Weavile, F|
|teampreview
|inactive|Battle timer is ON: inactive players will automatically lose when time's up. (requested by jsmikelol)
|
|t:|1779668324
|teamsize|p1|6
|teamsize|p2|6
|start
|switch|p1a: Rhydon|Rhydon, M|100/100
|switch|p2a: Tori V2|Blaziken, F, shiny|100/100
|turn|1
|
|t:|1779668332
|move|p2a: Tori V2|Bulk Up|p2a: Tori V2
|-boost|p2a: Tori V2|atk|1
|-boost|p2a: Tori V2|def|1
|move|p1a: Rhydon|Stealth Rock|p2a: Tori V2
|-sidestart|p2: jsmikelol|move: Stealth Rock
|
|-ability|p2a: Tori V2|Speed Boost|boost
|-boost|p2a: Tori V2|spe|1
|upkeep
|turn|2
|
|t:|1779668341
|move|p2a: Tori V2|Close Combat|p1a: Rhydon
|-supereffective|p1a: Rhydon
|-damage|p1a: Rhydon|25/100
|-unboost|p2a: Tori V2|def|1
|-unboost|p2a: Tori V2|spd|1
|move|p1a: Rhydon|Roar|p2a: Tori V2
|drag|p2a: Iron Wall|Iron Boulder|100/100
|-damage|p2a: Iron Wall|88/100|[from] Stealth Rock
|-enditem|p2a: Iron Wall|Booster Energy
|-activate|p2a: Iron Wall|ability: Quark Drive|[fromitem]
|-start|p2a: Iron Wall|quarkdrivespe
|
|upkeep
|turn|3
|
|t:|1779668352
|move|p2a: Iron Wall|Close Combat|p1a: Rhydon
|-supereffective|p1a: Rhydon
|-damage|p1a: Rhydon|0 fnt
|-unboost|p2a: Iron Wall|def|1
|-unboost|p2a: Iron Wall|spd|1
|faint|p1a: Rhydon
|
|upkeep
|
|t:|1779668365
|switch|p1a: Gengar|Gengar, M|100/100
|-item|p1a: Gengar|Air Balloon
|turn|4
|
|t:|1779668382
|move|p2a: Iron Wall|Throat Chop|p1a: Gengar
|-supereffective|p1a: Gengar
|-damage|p1a: Gengar|0 fnt
|-enditem|p1a: Gengar|Air Balloon
|faint|p1a: Gengar
|
|upkeep
|
|t:|1779668402
|switch|p1a: Talonflame|Talonflame, M|100/100
|turn|5
|
|t:|1779668431
|move|p2a: Iron Wall|Mighty Cleave|p1a: Talonflame
|-supereffective|p1a: Talonflame
|-damage|p1a: Talonflame|0 fnt
|faint|p1a: Talonflame
|
|upkeep
|-message|dtzui forfeited.
|
|win|jsmikelol
|raw|dtzui's rating: 1112 &rarr; <strong>1089</strong><br />(-23 for losing)
|raw|jsmikelol's rating: 1145 &rarr; <strong>1168</strong><br />(+23 for winning)
|l|☆dtzui
|player|p1|
|l|☆jsmikelol
|player|p2|
