|j|☆fatbozo440
|j|☆jhfsjdhfksjdhf
|t:|1779612551
|gametype|singles
|player|p1|fatbozo440|hilbert-wonderlauncher|1442
|player|p2|jhfsjdhfksjdhf|101|1513
|gen|9
|tier|[Gen 9] OU
|rated|
|rule|HP Percentage Mod: HP is shown in percentages
|rule|Endless Battle Clause: Forcing endless battles is banned
|rule|Species Clause: Limit one of each Pokémon
|rule|OHKO Clause: OHKO moves are banned
|rule|Evasion Items Clause: Evasion items are banned
|rule|Evasion Moves Clause: Evasion moves are banned
|rule|Evasion Abilities Clause: Evasion abilities are banned
|rule|Sleep Moves Clause: Sleep-inducing moves are banned
|clearpoke
|poke|p1|Dragonite, F|
|poke|p1|Enamorus, F|
|poke|p1|Ogerpon, F|
|poke|p1|Great Tusk|
|poke|p1|Alomomola, F|
|poke|p1|Darkrai|
|poke|p2|Ribombee, M|
|poke|p2|Gholdengo|
|poke|p2|Sinistcha|
|poke|p2|Mamoswine, F|
|poke|p2|Darkrai|
|poke|p2|Kingambit, F|
|teampreview
|
|t:|1779612558
|teamsize|p1|6
|teamsize|p2|6
|start
|switch|p1a: Enamorus|Enamorus, F|100/100
|switch|p2a: Ribombee|Ribombee, M|100/100
|turn|1
|
|t:|1779612562
|move|p2a: Ribombee|Stun Spore|p1a: Enamorus|[miss]
|-miss|p2a: Ribombee|p1a: Enamorus
|move|p1a: Enamorus|Mystical Fire|p2a: Ribombee
|-supereffective|p2a: Ribombee
|-enditem|p2a: Ribombee|Focus Sash
|-damage|p2a: Ribombee|1/100
|
|upkeep
|turn|2
|
|t:|1779612570
|switch|p1a: Alomomola|Alomomola, F|100/100
|move|p2a: Ribombee|Stun Spore|p1a: Alomomola
|-status|p1a: Alomomola|par
|
|upkeep
|turn|3
|
|t:|1779612574
|move|p2a: Ribombee|Sticky Web|p1a: Alomomola
|-sidestart|p1: fatbozo440|move: Sticky Web
|move|p1a: Alomomola|Flip Turn|p2a: Ribombee
|-damage|p2a: Ribombee|0 fnt
|faint|p2a: Ribombee
|
|t:|1779612592
|switch|p1a: Ogerpon|Ogerpon, F|100/100|[from] Flip Turn
|-activate|p1a: Ogerpon|move: Sticky Web
|-unboost|p1a: Ogerpon|spe|1
|-ability|p1a: Ogerpon|Defiant|boost
|-boost|p1a: Ogerpon|atk|2
|
|upkeep
|
|t:|1779612603
|switch|p2a: Darkrai|Darkrai|100/100
|turn|4
|
|t:|1779612613
|move|p2a: Darkrai|Ice Beam|p1a: Ogerpon
|-supereffective|p1a: Ogerpon
|-damage|p1a: Ogerpon|8/100
|-damage|p2a: Darkrai|91/100|[from] item: Life Orb
|move|p1a: Ogerpon|U-turn|p2a: Darkrai
|-supereffective|p2a: Darkrai
|-damage|p2a: Darkrai|0 fnt
|faint|p2a: Darkrai
|
|t:|1779612625
|switch|p1a: Darkrai|Darkrai|100/100|[from] U-turn
|
|upkeep
|
|t:|1779612630
|switch|p2a: Kingambit|Kingambit, F|100/100
|turn|5
|
|t:|1779612638
|switch|p1a: Enamorus|Enamorus, F|100/100
|move|p2a: Kingambit|Swords Dance|p2a: Kingambit
|-boost|p2a: Kingambit|atk|2
|
|upkeep
|turn|6
|
|t:|1779612672
|move|p2a: Kingambit|Sucker Punch|p1a: Enamorus
|-resisted|p1a: Enamorus
|-damage|p1a: Enamorus|26/100
|move|p1a: Enamorus|Earth Power|p2a: Kingambit
|-supereffective|p2a: Kingambit
|-damage|p2a: Kingambit|0 fnt
|faint|p2a: Kingambit
|
|upkeep
|
|t:|1779612678
|switch|p2a: Mamoswine|Mamoswine, F|100/100
|turn|7
|
|t:|1779612684
|switch|p1a: Alomomola|Alomomola, F|100/100 par
|move|p2a: Mamoswine|Stealth Rock|p1a: Alomomola
|-sidestart|p1: fatbozo440|move: Stealth Rock
|
|upkeep
|turn|8
|
|t:|1779612688
|switch|p2a: Sinistcha|Sinistcha|100/100
|cant|p1a: Alomomola|par
|
|upkeep
|turn|9
|
|t:|1779612692
|move|p2a: Sinistcha|Nasty Plot|p2a: Sinistcha
|-boost|p2a: Sinistcha|spa|2
|move|p1a: Alomomola|Flip Turn|p2a: Sinistcha
|-resisted|p2a: Sinistcha
|-damage|p2a: Sinistcha|91/100
|
|t:|1779612698
|switch|p1a: Enamorus|Enamorus, F|26/100|[from] Flip Turn
|-damage|p1a: Enamorus|2/100|[from] Stealth Rock
|
|upkeep
|turn|10
|
|t:|1779612708
|switch|p2a: Mamoswine|Mamoswine, F|100/100
|move|p1a: Enamorus|Moonblast|p2a: Mamoswine
|-enditem|p2a: Mamoswine|Focus Sash
|-damage|p2a: Mamoswine|1/100
|
|upkeep
|turn|11
|
|t:|1779612713
|switch|p1a: Great Tusk|Great Tusk|100/100
|-activate|p1a: Great Tusk|move: Sticky Web
|-unboost|p1a: Great Tusk|spe|1
|-damage|p1a: Great Tusk|98/100|[from] Stealth Rock
|move|p2a: Mamoswine|Ice Shard|p1a: Great Tusk
|-supereffective|p1a: Great Tusk
|-damage|p1a: Great Tusk|70/100
|
|-heal|p1a: Great Tusk|76/100|[from] item: Leftovers
|upkeep
|turn|12
|
|t:|1779612728
|switch|p2a: Sinistcha|Sinistcha|91/100
|move|p1a: Great Tusk|Rapid Spin|p2a: Sinistcha
|-immune|p2a: Sinistcha
|
|-heal|p1a: Great Tusk|82/100|[from] item: Leftovers
|upkeep
|turn|13
|
|t:|1779612745
|move|p2a: Sinistcha|Nasty Plot|p2a: Sinistcha
|-boost|p2a: Sinistcha|spa|2
|move|p1a: Great Tusk|Knock Off|p2a: Sinistcha
|-supereffective|p2a: Sinistcha
|-damage|p2a: Sinistcha|15/100
|-enditem|p2a: Sinistcha|Life Orb|[from] move: Knock Off|[of] p1a: Great Tusk
|
|-heal|p1a: Great Tusk|88/100|[from] item: Leftovers
|upkeep
|turn|14
|
|t:|1779612755
|-end|p1a: Great Tusk|Protosynthesis|[silent]
|switch|p1a: Enamorus|Enamorus, F|2/100
|-damage|p1a: Enamorus|0 fnt|[from] Stealth Rock
|faint|p1a: Enamorus
|move|p2a: Sinistcha|Giga Drain|p1: Enamorus|[notarget]
|-fail|p2a: Sinistcha
|
|upkeep
|
|t:|1779612758
|switch|p1a: Darkrai|Darkrai|100/100
|turn|15
|
|t:|1779612763
|move|p1a: Darkrai|Dark Pulse|p2a: Sinistcha
|-supereffective|p2a: Sinistcha
|-damage|p2a: Sinistcha|0 fnt
|faint|p2a: Sinistcha
|
|upkeep
|
|t:|1779612765
|switch|p2a: Gholdengo|Gholdengo|100/100
|turn|16
|
|t:|1779612772
|-terastallize|p2a: Gholdengo|Fairy
|move|p1a: Darkrai|Sludge Bomb|p2a: Gholdengo
|-supereffective|p2a: Gholdengo
|-damage|p2a: Gholdengo|28/100
|move|p2a: Gholdengo|Dazzling Gleam|p1a: Darkrai
|-supereffective|p1a: Darkrai
|-damage|p1a: Darkrai|0 fnt
|faint|p1a: Darkrai
|
|upkeep
|
|t:|1779612781
|switch|p1a: Dragonite|Dragonite, F|100/100
|turn|17
|
|t:|1779612784
|move|p1a: Dragonite|Extreme Speed|p2a: Gholdengo
|-crit|p2a: Gholdengo
|-damage|p2a: Gholdengo|0 fnt
|faint|p2a: Gholdengo
|
|upkeep
|-message|jhfsjdhfksjdhf forfeited.
|
|win|fatbozo440
|raw|fatbozo440's rating: 1442 &rarr; <strong>1466</strong><br />(+24 for winning)
|raw|jhfsjdhfksjdhf's rating: 1513 &rarr; <strong>1489</strong><br />(-24 for losing)
|l|☆jhfsjdhfksjdhf
|player|p2|
