|j|☆RidingInThat6-0
|j|☆SgtBrick14
|t:|1779596596
|gametype|singles
|player|p1|RidingInThat6-0|galacticgrunt|1473
|player|p2|SgtBrick14|pokemonranger|1478
|gen|9
|tier|[Gen 9] OU
|rated|
|rule|HP Percentage Mod: HP is shown in percentages
|rule|Endless Battle Clause: Forcing endless battles is banned
|rule|Species Clause: Limit one of each Pokémon
|rule|OHKO Clause: OHKO moves are banned
|rule|Evasion Items Clause: Evasion items are banned
|rule|Evasion Moves Clause: Evasion moves are banned
|rule|Evasion Abilities Clause: Evasion abilities are banned
|rule|Sleep Moves Clause: Sleep-inducing moves are banned
|clearpoke
|poke|p1|Jirachi|
|poke|p1|Ting-Lu|
|poke|p1|Gholdengo|
|poke|p1|Moltres|
|poke|p1|Zamazenta-*|
|poke|p1|Weezing-Galar, F|
|poke|p2|Regieleki|
|poke|p2|Kingambit, M|
|poke|p2|Dragapult, M|
|poke|p2|Gengar, F|
|poke|p2|Cloyster, M|
|poke|p2|Froslass, F|
|teampreview
|
|t:|1779596606
|teamsize|p1|6
|teamsize|p2|6
|start
|switch|p1a: Yankees|Moltres, shiny|100/100
|switch|p2a: Froslass|Froslass, F|100/100
|turn|1
|
|t:|1779596610
|move|p2a: Froslass|Thunder Wave|p1a: Yankees
|-status|p1a: Yankees|par
|move|p1a: Yankees|U-turn|p2a: Froslass
|-resisted|p2a: Froslass
|-damage|p2a: Froslass|90/100
|-start|p1a: Yankees|Disable|U-turn|[from] ability: Cursed Body|[of] p2a: Froslass
|
|t:|1779596614
|switch|p1a: Don't|Gholdengo|100/100|[from] U-turn
|
|upkeep
|turn|2
|
|t:|1779596617
|switch|p2a: Kingambit|Kingambit, M|100/100
|move|p1a: Don't|Shadow Ball|p2a: Kingambit
|-resisted|p2a: Kingambit
|-damage|p2a: Kingambit|81/100
|
|upkeep
|turn|3
|
|t:|1779596627
|switch|p1a: Yankees|Moltres, shiny|100/100 par
|-end|p2a: Kingambit|fallenundefined|[silent]
|switch|p2a: Froslass|Froslass, F|90/100
|
|upkeep
|turn|4
|
|t:|1779596631
|move|p2a: Froslass|Destiny Bond|p2a: Froslass
|-singlemove|p2a: Froslass|Destiny Bond
|move|p1a: Yankees|U-turn|p2a: Froslass
|-resisted|p2a: Froslass
|-damage|p2a: Froslass|80/100
|
|t:|1779596633
|switch|p1a: Don't|Gholdengo|100/100|[from] U-turn
|
|upkeep
|turn|5
|
|t:|1779596636
|switch|p1a: Yankees|Moltres, shiny|100/100 par
|move|p2a: Froslass|Spikes|p1a: Yankees
|-sidestart|p1: RidingInThat6-0|Spikes
|
|upkeep
|turn|6
|
|t:|1779596639
|move|p2a: Froslass|Spikes|p1a: Yankees
|-sidestart|p1: RidingInThat6-0|Spikes
|move|p1a: Yankees|U-turn|p2a: Froslass
|-resisted|p2a: Froslass
|-damage|p2a: Froslass|71/100
|-start|p1a: Yankees|Disable|U-turn|[from] ability: Cursed Body|[of] p2a: Froslass
|
|t:|1779596642
|switch|p1a: Don't|Gholdengo|100/100|[from] U-turn
|-damage|p1a: Don't|84/100|[from] Spikes
|
|upkeep
|turn|7
|
|t:|1779596644
|move|p1a: Don't|Shadow Ball|p2a: Froslass
|-supereffective|p2a: Froslass
|-damage|p2a: Froslass|0 fnt
|faint|p2a: Froslass
|
|upkeep
|
|t:|1779596654
|switch|p2a: Cloyster|Cloyster, M|100/100
|turn|8
|
|t:|1779596656
|move|p1a: Don't|Shadow Ball|p2a: Cloyster
|-enditem|p2a: Cloyster|Focus Sash
|-damage|p2a: Cloyster|1/100
|move|p2a: Cloyster|Shell Smash|p2a: Cloyster
|-unboost|p2a: Cloyster|def|1
|-unboost|p2a: Cloyster|spd|1
|-boost|p2a: Cloyster|atk|2
|-boost|p2a: Cloyster|spa|2
|-boost|p2a: Cloyster|spe|2
|
|upkeep
|turn|9
|
|t:|1779596658
|move|p2a: Cloyster|Liquidation|p1a: Don't
|-damage|p1a: Don't|0 fnt
|faint|p1a: Don't
|
|upkeep
|
|t:|1779596665
|switch|p1a: Clubs of Manhattan|Weezing-Galar, F|100/100
|-ability|p1a: Clubs of Manhattan|Neutralizing Gas
|turn|10
|
|t:|1779596669
|move|p2a: Cloyster|Icicle Spear|p1a: Clubs of Manhattan
|-damage|p1a: Clubs of Manhattan|86/100
|-damage|p1a: Clubs of Manhattan|72/100
|-damage|p1a: Clubs of Manhattan|56/100
|-hitcount|p1a: Clubs of Manhattan|3
|move|p1a: Clubs of Manhattan|Sludge Bomb|p2a: Cloyster
|-crit|p2a: Cloyster
|-damage|p2a: Cloyster|0 fnt
|faint|p2a: Cloyster
|
|upkeep
|
|t:|1779596680
|switch|p2a: Gengar|Gengar, F|100/100
|turn|11
|
|t:|1779596684
|move|p2a: Gengar|Taunt|p1a: Clubs of Manhattan
|-start|p1a: Clubs of Manhattan|move: Taunt
|cant|p1a: Clubs of Manhattan|move: Taunt|Defog
|
|upkeep
|turn|12
|
|t:|1779596686
|-end|p1a: Clubs of Manhattan|ability: Neutralizing Gas
|switch|p1a: Strict|Ting-Lu|100/100
|-damage|p1a: Strict|84/100|[from] Spikes
|-ability|p1a: Strict|Vessel of Ruin
|move|p2a: Gengar|Shadow Ball|p1a: Strict
|-resisted|p1a: Strict
|-damage|p1a: Strict|72/100
|-unboost|p1a: Strict|spd|1
|
|upkeep
|turn|13
|
|t:|1779596691
|move|p2a: Gengar|Taunt|p1a: Strict
|-start|p1a: Strict|move: Taunt
|move|p1a: Strict|Earthquake|p2a: Gengar
|-supereffective|p2a: Gengar
|-enditem|p2a: Gengar|Focus Sash
|-damage|p2a: Gengar|1/100
|-start|p1a: Strict|Disable|Earthquake|[from] ability: Cursed Body|[of] p2a: Gengar
|
|upkeep
|turn|14
|
|t:|1779596699
|switch|p1a: Clubs of Manhattan|Weezing-Galar, F|56/100
|-ability|p1a: Clubs of Manhattan|Neutralizing Gas
|move|p2a: Gengar|Destiny Bond|p2a: Gengar
|-singlemove|p2a: Gengar|Destiny Bond
|
|upkeep
|turn|15
|
|t:|1779596701
|move|p2a: Gengar|Shadow Ball|p1a: Clubs of Manhattan
|-damage|p1a: Clubs of Manhattan|0 fnt
|faint|p1a: Clubs of Manhattan
|-end|p1a: Clubs of Manhattan|ability: Neutralizing Gas
|
|upkeep
|
|t:|1779596706
|switch|p1a: Idol|Zamazenta|100/100
|-damage|p1a: Idol|84/100|[from] Spikes
|-ability|p1a: Idol|Dauntless Shield|boost
|-boost|p1a: Idol|def|1
|turn|16
|
|t:|1779596715
|switch|p2a: Kingambit|Kingambit, M|81/100
|-activate|p2a: Kingambit|ability: Supreme Overlord
|-start|p2a: Kingambit|fallen2|[silent]
|move|p1a: Idol|Crunch|p2a: Kingambit
|-resisted|p2a: Kingambit
|-damage|p2a: Kingambit|67/100
|-damage|p1a: Idol|74/100|[from] item: Life Orb
|
|upkeep
|turn|17
|
|t:|1779596725
|move|p1a: Idol|Crunch|p2a: Kingambit
|-resisted|p2a: Kingambit
|-damage|p2a: Kingambit|54/100
|-damage|p1a: Idol|64/100|[from] item: Life Orb
|move|p2a: Kingambit|Iron Head|p1a: Idol
|-damage|p1a: Idol|28/100
|
|upkeep
|turn|18
|
|t:|1779596728
|move|p1a: Idol|Crunch|p2a: Kingambit
|-resisted|p2a: Kingambit
|-crit|p2a: Kingambit
|-damage|p2a: Kingambit|36/100
|-damage|p1a: Idol|18/100|[from] item: Life Orb
|move|p2a: Kingambit|Iron Head|p1a: Idol
|-damage|p1a: Idol|0 fnt
|faint|p1a: Idol
|
|upkeep
|
|t:|1779596730
|switch|p1a: Yankees|Moltres, shiny|100/100 par
|turn|19
|
|t:|1779596740
|move|p2a: Kingambit|Sucker Punch|p1a: Yankees
|-damage|p1a: Yankees|57/100 par
|move|p1a: Yankees|Flamethrower|p2a: Kingambit
|-supereffective|p2a: Kingambit
|-damage|p2a: Kingambit|0 fnt
|faint|p2a: Kingambit
|-end|p2a: Kingambit|fallen2|[silent]
|
|upkeep
|
|t:|1779596796
|switch|p2a: Gengar|Gengar, F|1/100
|turn|20
|
|t:|1779596801
|move|p2a: Gengar|Shadow Ball|p1a: Yankees
|-damage|p1a: Yankees|14/100 par
|move|p1a: Yankees|U-turn|p2a: Gengar
|-resisted|p2a: Gengar
|-damage|p2a: Gengar|0 fnt
|-start|p1a: Yankees|Disable|U-turn|[from] ability: Cursed Body|[of] p2a: Gengar
|faint|p2a: Gengar
|
|t:|1779596807
|switch|p1a: Strict|Ting-Lu|72/100|[from] U-turn
|-damage|p1a: Strict|56/100|[from] Spikes
|-ability|p1a: Strict|Vessel of Ruin
|
|upkeep
|
|t:|1779596809
|switch|p2a: Dragapult|Dragapult, M|100/100
|turn|21
|
|t:|1779596811
|switch|p1a: Yankees|Moltres, shiny|14/100 par
|move|p2a: Dragapult|Dragon Dance|p2a: Dragapult
|-boost|p2a: Dragapult|atk|1
|-boost|p2a: Dragapult|spe|1
|
|upkeep
|turn|22
|
|t:|1779596815
|move|p2a: Dragapult|Dragon Darts|p1a: Yankees
|-damage|p1a: Yankees|0 fnt
|faint|p1a: Yankees
|
|upkeep
|
|t:|1779596819
|switch|p1a: Yosef Mizrachi|Jirachi, shiny|100/100
|-damage|p1a: Yosef Mizrachi|84/100|[from] Spikes
|turn|23
|
|t:|1779596823
|move|p2a: Dragapult|Phantom Force||[still]
|-prepare|p2a: Dragapult|Phantom Force
|move|p1a: Yosef Mizrachi|Doom Desire|p2a: Dragapult
|-start|p1a: Yosef Mizrachi|Doom Desire
|
|-heal|p1a: Yosef Mizrachi|90/100|[from] item: Leftovers
|upkeep
|turn|24
|
|t:|1779596828
|-terastallize|p1a: Yosef Mizrachi|Flying
|move|p2a: Dragapult|Phantom Force|p1a: Yosef Mizrachi|[from] lockedmove
|-damage|p1a: Yosef Mizrachi|31/100
|move|p1a: Yosef Mizrachi|Calm Mind|p1a: Yosef Mizrachi
|-boost|p1a: Yosef Mizrachi|spa|1
|-boost|p1a: Yosef Mizrachi|spd|1
|
|-heal|p1a: Yosef Mizrachi|37/100|[from] item: Leftovers
|upkeep
|turn|25
|
|t:|1779596833
|move|p2a: Dragapult|Dragon Darts|p1a: Yosef Mizrachi
|-damage|p1a: Yosef Mizrachi|3/100
|-anim|p2a: Dragapult|Dragon Darts|p1a: Yosef Mizrachi
|-damage|p1a: Yosef Mizrachi|0 fnt
|faint|p1a: Yosef Mizrachi
|
|-end|p2a: Dragapult|move: Doom Desire
|-damage|p2a: Dragapult|40/100
|upkeep
|
|t:|1779596837
|switch|p1a: Strict|Ting-Lu|56/100
|-damage|p1a: Strict|39/100|[from] Spikes
|-ability|p1a: Strict|Vessel of Ruin
|turn|26
|
|t:|1779596839
|move|p2a: Dragapult|Dragon Darts|p1a: Strict
|-damage|p1a: Strict|18/100
|-anim|p2a: Dragapult|Dragon Darts|p1a: Strict
|-damage|p1a: Strict|0 fnt
|faint|p1a: Strict
|
|win|SgtBrick14
|raw|RidingInThat6-0's rating: 1473 &rarr; <strong>1452</strong><br />(-21 for losing)
|raw|SgtBrick14's rating: 1454 &rarr; <strong>1475</strong><br />(+21 for winning)
|l|☆RidingInThat6-0
|player|p1|
|l|☆SgtBrick14
|player|p2|
