|j|☆hamixio
|j|☆fillth
|t:|1779579841
|gametype|singles
|player|p1|hamixio|steven|
|player|p2|fillth|sabrina-frlg|
|gen|9
|tier|[Gen 9] OU
|rule|HP Percentage Mod: HP is shown in percentages
|rule|Endless Battle Clause: Forcing endless battles is banned
|rule|Species Clause: Limit one of each Pokémon
|rule|OHKO Clause: OHKO moves are banned
|rule|Evasion Items Clause: Evasion items are banned
|rule|Evasion Moves Clause: Evasion moves are banned
|rule|Evasion Abilities Clause: Evasion abilities are banned
|rule|Sleep Moves Clause: Sleep-inducing moves are banned
|clearpoke
|poke|p1|Dragonite, M|
|poke|p1|Great Tusk|
|poke|p1|Deoxys-Speed|
|poke|p1|Gholdengo|
|poke|p1|Zamazenta-*|
|poke|p1|Iron Valiant|
|poke|p2|Ninetales, M|
|poke|p2|Cresselia, F|
|poke|p2|Kyurem|
|poke|p2|Walking Wake|
|poke|p2|Great Tusk|
|poke|p2|Kingambit, M|
|teampreview
|inactive|Battle timer is ON: inactive players will automatically lose when time's up. (requested by fillth)
|c|☆fillth|hf man
|inactive|fillth has 270 seconds left.
|c|☆hamixio|glhf
|inactive|fillth has 240 seconds left.
|
|t:|1779579924
|teamsize|p1|6
|teamsize|p2|6
|start
|switch|p1a: Deoxys|Deoxys-Speed|100/100
|switch|p2a: Ninetales|Ninetales, M|100/100
|-ability|p1a: Deoxys|Pressure
|-weather|SunnyDay|[from] ability: Drought|[of] p2a: Ninetales
|turn|1
|inactive|fillth has 270 seconds left.
|
|t:|1779579972
|move|p1a: Deoxys|Spikes|p2a: Ninetales
|-sidestart|p2: fillth|Spikes
|move|p2a: Ninetales|Encore|p1a: Deoxys
|-start|p1a: Deoxys|Encore
|
|-weather|SunnyDay|[upkeep]
|upkeep
|turn|2
|inactive|hamixio has 270 seconds left.
|
|t:|1779579996
|switch|p1a: Great Tusk|Great Tusk|100/100
|-activate|p1a: Great Tusk|ability: Protosynthesis
|-start|p1a: Great Tusk|protosynthesisspe
|move|p2a: Ninetales|Will-O-Wisp|p1a: Great Tusk
|-status|p1a: Great Tusk|brn
|
|-weather|SunnyDay|[upkeep]
|-damage|p1a: Great Tusk|94/100 brn|[from] brn
|upkeep
|turn|3
|inactive|hamixio has 270 seconds left.
|j| son wu tang
|
|t:|1779580025
|move|p1a: Great Tusk|Bulk Up|p1a: Great Tusk
|-boost|p1a: Great Tusk|atk|1
|-boost|p1a: Great Tusk|def|1
|move|p2a: Ninetales|Overheat|p1a: Great Tusk
|-damage|p1a: Great Tusk|4/100 brn
|-unboost|p2a: Ninetales|spa|2
|
|-weather|SunnyDay|[upkeep]
|-damage|p1a: Great Tusk|0 fnt|[from] brn
|faint|p1a: Great Tusk
|-end|p1a: Great Tusk|Protosynthesis|[silent]
|upkeep
|
|t:|1779580053
|switch|p1a: Zamazenta|Zamazenta|100/100
|-ability|p1a: Zamazenta|Dauntless Shield|boost
|-boost|p1a: Zamazenta|def|1
|turn|4
|
|t:|1779580060
|move|p1a: Zamazenta|Close Combat|p2a: Ninetales
|-damage|p2a: Ninetales|0 fnt
|-unboost|p1a: Zamazenta|def|1
|-unboost|p1a: Zamazenta|spd|1
|faint|p2a: Ninetales
|-damage|p1a: Zamazenta|91/100|[from] item: Life Orb
|
|-weather|SunnyDay|[upkeep]
|upkeep
|
|t:|1779580064
|switch|p2a: Walking Wake|Walking Wake|100/100
|-damage|p2a: Walking Wake|88/100|[from] Spikes
|-activate|p2a: Walking Wake|ability: Protosynthesis
|-start|p2a: Walking Wake|protosynthesisspe
|turn|5
|j| MrBinary
|c|☆fillth|expected sub man
|inactive|hamixio has 240 seconds left.
|
|t:|1779580095
|move|p2a: Walking Wake|Hydro Steam|p1a: Zamazenta
|-damage|p1a: Zamazenta|0 fnt
|faint|p1a: Zamazenta
|
|-weather|SunnyDay|[upkeep]
|upkeep
|
|t:|1779580103
|switch|p1a: Iron Valiant|Iron Valiant|100/100
|-enditem|p1a: Iron Valiant|Booster Energy
|-activate|p1a: Iron Valiant|ability: Quark Drive|[fromitem]
|-start|p1a: Iron Valiant|quarkdrivespe
|turn|6
|inactive|hamixio has 240 seconds left.
|inactive|fillth has 270 seconds left.
|
|t:|1779580125
|-terastallize|p2a: Walking Wake|Fairy
|move|p1a: Iron Valiant|Moonblast|p2a: Walking Wake
|-damage|p2a: Walking Wake|29/100
|-unboost|p2a: Walking Wake|spa|1
|move|p2a: Walking Wake|Hydro Steam|p1a: Iron Valiant
|-damage|p1a: Iron Valiant|0 fnt
|faint|p1a: Iron Valiant
|-end|p1a: Iron Valiant|Quark Drive|[silent]
|
|-weather|SunnyDay|[upkeep]
|upkeep
|
|t:|1779580141
|switch|p1a: Dragonite|Dragonite, M|100/100
|turn|7
|
|t:|1779580150
|move|p1a: Dragonite|Extreme Speed|p2a: Walking Wake
|-damage|p2a: Walking Wake|0 fnt
|faint|p2a: Walking Wake
|-end|p2a: Walking Wake|Protosynthesis|[silent]
|-damage|p1a: Dragonite|91/100|[from] item: Life Orb
|
|-weather|SunnyDay|[upkeep]
|upkeep
|inactive|fillth has 270 seconds left.
|inactive|fillth has 240 seconds left.
|inactive|fillth has 210 seconds left.
|inactive|fillth has 180 seconds left.
|
|t:|1779580252
|switch|p2a: Great Tusk|Great Tusk|100/100
|-damage|p2a: Great Tusk|88/100|[from] Spikes
|-activate|p2a: Great Tusk|ability: Protosynthesis
|-start|p2a: Great Tusk|protosynthesisspe
|turn|8
|inactive|hamixio has 240 seconds left.
|inactive|fillth has 180 seconds left.
|
|t:|1779580287
|move|p2a: Great Tusk|Ice Spinner|p1a: Dragonite
|-supereffective|p1a: Dragonite
|-damage|p1a: Dragonite|0 fnt
|faint|p1a: Dragonite
|
|-weather|none
|-end|p2a: Great Tusk|Protosynthesis
|upkeep
|inactive|hamixio has 210 seconds left.
|
|t:|1779580299
|switch|p1a: Gholdengo|Gholdengo|100/100
|turn|9
|inactive|fillth has 180 seconds left.
|inactive|hamixio has 210 seconds left.
|
|t:|1779580314
|-terastallize|p1a: Gholdengo|Fairy
|move|p2a: Great Tusk|Ice Spinner|p1a: Gholdengo
|-damage|p1a: Gholdengo|83/100
|move|p1a: Gholdengo|Nasty Plot|p1a: Gholdengo
|-boost|p1a: Gholdengo|spa|2
|
|upkeep
|turn|10
|inactive|hamixio has 210 seconds left.
|inactive|fillth has 180 seconds left.
|inactive|hamixio has 180 seconds left.
|
|t:|1779580359
|move|p2a: Great Tusk|Headlong Rush|p1a: Gholdengo
|-crit|p1a: Gholdengo
|-damage|p1a: Gholdengo|17/100
|-unboost|p2a: Great Tusk|def|1
|-unboost|p2a: Great Tusk|spd|1
|move|p1a: Gholdengo|Nasty Plot|p1a: Gholdengo
|-boost|p1a: Gholdengo|spa|2
|
|upkeep
|turn|11
|c|☆fillth|ur greedy ASL man
|c| MrBinary|ha
|inactive|hamixio has 180 seconds left.
|inactive|fillth has 180 seconds left.
|-enditem|p1a: Gholdengo|Custap Berry|[eat]
|-activate|p1a: Gholdengo|item: Custap Berry|[consumed]
|
|t:|1779580382
|-end|p2a: Great Tusk|Protosynthesis|[silent]
|switch|p2a: Cresselia|Cresselia, F|100/100
|move|p1a: Gholdengo|Make It Rain|p2a: Cresselia
|-damage|p2a: Cresselia|0 fnt
|-unboost|p1a: Gholdengo|spa|1
|faint|p2a: Cresselia
|
|upkeep
|c|☆fillth|such an obvious custap either way
|inactive|fillth has 180 seconds left.
|
|t:|1779580399
|switch|p2a: Great Tusk|Great Tusk|88/100
|-damage|p2a: Great Tusk|76/100|[from] Spikes
|turn|12
|inactive|hamixio has 180 seconds left.
|
|t:|1779580416
|move|p2a: Great Tusk|Headlong Rush|p1a: Gholdengo
|-damage|p1a: Gholdengo|0 fnt
|-unboost|p2a: Great Tusk|def|1
|-unboost|p2a: Great Tusk|spd|1
|faint|p1a: Gholdengo
|
|upkeep
|c|☆fillth|wait that sounds mad cocky
|
|t:|1779580422
|switch|p1a: Deoxys|Deoxys-Speed|100/100
|-ability|p1a: Deoxys|Pressure
|turn|13
|c|☆fillth|mb yo
|inactive|fillth has 180 seconds left.
|c|☆hamixio|i got no dmg moves bro im done
|inactive|hamixio has 150 seconds left.
|c|☆fillth|I see
|c|☆fillth|gg man
|
|t:|1779580462
|move|p1a: Deoxys|Taunt|p2a: Great Tusk
|-start|p2a: Great Tusk|move: Taunt
|move|p2a: Great Tusk|Headlong Rush|p1a: Deoxys
|-damage|p1a: Deoxys|40/100
|-unboost|p2a: Great Tusk|def|1
|-unboost|p2a: Great Tusk|spd|1
|
|upkeep
|turn|14
|inactive|hamixio has 150 seconds left.
|
|t:|1779580470
|move|p1a: Deoxys|Stealth Rock|p2a: Great Tusk
|-sidestart|p2: fillth|move: Stealth Rock
|move|p2a: Great Tusk|Headlong Rush|p1a: Deoxys
|-damage|p1a: Deoxys|0 fnt
|-unboost|p2a: Great Tusk|def|1
|-unboost|p2a: Great Tusk|spd|1
|faint|p1a: Deoxys
|
|win|fillth
