|j|☆barrman1313
|j|☆Jotag
|t:|1779625428
|gametype|singles
|player|p1|barrman1313|janitor|1349
|player|p2|Jotag|ethan|1310
|gen|9
|tier|[Gen 9] OU
|rated|
|rule|HP Percentage Mod: HP is shown in percentages
|rule|Endless Battle Clause: Forcing endless battles is banned
|rule|Species Clause: Limit one of each Pokémon
|rule|OHKO Clause: OHKO moves are banned
|rule|Evasion Items Clause: Evasion items are banned
|rule|Evasion Moves Clause: Evasion moves are banned
|rule|Evasion Abilities Clause: Evasion abilities are banned
|rule|Sleep Moves Clause: Sleep-inducing moves are banned
|clearpoke
|poke|p1|Hatterene, F|
|poke|p1|Pelipper, M|
|poke|p1|Hariyama, M|
|poke|p1|Cresselia, F|
|poke|p1|Ursaluna, M|
|poke|p1|Porygon2|
|poke|p2|Slither Wing|
|poke|p2|Ninetales, F|
|poke|p2|Raging Bolt|
|poke|p2|Dragapult, F|
|poke|p2|Great Tusk|
|poke|p2|Fezandipiti, M|
|teampreview
|inactive|Battle timer is ON: inactive players will automatically lose when time's up. (requested by Jotag)
|inactive|Jotag has 120 seconds left.
|
|t:|1779625477
|teamsize|p1|6
|teamsize|p2|6
|start
|switch|p1a: Hatterene|Hatterene, F|100/100
|switch|p2a: Raging Bolt|Raging Bolt|100/100
|turn|1
|
|t:|1779625487
|-end|p2a: Raging Bolt|Protosynthesis|[silent]
|switch|p2a: Fezandipiti|Fezandipiti, M|100/100
|move|p1a: Hatterene|Trick Room|p1a: Hatterene
|-fieldstart|move: Trick Room|[of] p1a: Hatterene
|
|upkeep
|turn|2
|
|t:|1779625492
|move|p1a: Hatterene|Psychic Noise|p2a: Fezandipiti
|-supereffective|p2a: Fezandipiti
|-damage|p2a: Fezandipiti|40/100
|-start|p2a: Fezandipiti|move: Heal Block
|move|p2a: Fezandipiti|Beat Up|p1a: Hatterene
|-damage|p1a: Hatterene|96/100
|-status|p1a: Hatterene|tox|[from] ability: Toxic Chain|[of] p2a: Fezandipiti
|-damage|p1a: Hatterene|93/100 tox
|-damage|p1a: Hatterene|88/100 tox
|-damage|p1a: Hatterene|83/100 tox
|-damage|p1a: Hatterene|77/100 tox
|-damage|p1a: Hatterene|73/100 tox
|-hitcount|p1a: Hatterene|6
|
|-damage|p1a: Hatterene|67/100 tox|[from] psn
|upkeep
|turn|3
|
|t:|1779625502
|-terastallize|p2a: Fezandipiti|Dark
|move|p1a: Hatterene|Psychic Noise|p2a: Fezandipiti
|-immune|p2a: Fezandipiti
|move|p2a: Fezandipiti|Beat Up|p1a: Hatterene
|-damage|p1a: Hatterene|61/100 tox
|-damage|p1a: Hatterene|56/100 tox
|-damage|p1a: Hatterene|47/100 tox
|-damage|p1a: Hatterene|40/100 tox
|-damage|p1a: Hatterene|32/100 tox
|-damage|p1a: Hatterene|26/100 tox
|-hitcount|p1a: Hatterene|6
|
|-damage|p1a: Hatterene|14/100 tox|[from] psn
|-end|p2a: Fezandipiti|move: Heal Block
|upkeep
|turn|4
|
|t:|1779625517
|move|p1a: Hatterene|Dazzling Gleam|p2a: Fezandipiti
|-supereffective|p2a: Fezandipiti
|-damage|p2a: Fezandipiti|0 fnt
|faint|p2a: Fezandipiti
|
|-damage|p1a: Hatterene|0 fnt|[from] psn
|faint|p1a: Hatterene
|upkeep
|c|☆barrman1313|Thats a crazy esrly tera
|
|t:|1779625537
|switch|p1a: Porygon2|Porygon2|100/100
|switch|p2a: Ninetales|Ninetales, F|100/100
|-ability|p1a: Porygon2|Download|boost
|-boost|p1a: Porygon2|atk|1
|-weather|SunnyDay|[from] ability: Drought|[of] p2a: Ninetales
|turn|5
|
|t:|1779625552
|switch|p1a: Pelipper|Pelipper, M|100/100
|-weather|RainDance|[from] ability: Drizzle|[of] p1a: Pelipper
|move|p2a: Ninetales|Will-O-Wisp|p1a: Pelipper
|-status|p1a: Pelipper|brn
|
|-weather|RainDance|[upkeep]
|-damage|p1a: Pelipper|94/100 brn|[from] brn
|-fieldend|move: Trick Room
|upkeep
|turn|6
|
|t:|1779625570
|switch|p2a: Raging Bolt|Raging Bolt|100/100
|move|p1a: Pelipper|Hurricane|p2a: Raging Bolt
|-resisted|p2a: Raging Bolt
|-damage|p2a: Raging Bolt|62/100
|
|-weather|RainDance|[upkeep]
|-damage|p1a: Pelipper|88/100 brn|[from] brn
|upkeep
|turn|7
|
|t:|1779625591
|switch|p1a: Porygon2|Porygon2|100/100
|-ability|p1a: Porygon2|Download|boost
|-boost|p1a: Porygon2|spa|1
|move|p2a: Raging Bolt|Volt Switch|p1a: Porygon2
|-damage|p1a: Porygon2|60/100
|inactive|Jotag has 120 seconds left.
|
|t:|1779625616
|-end|p2a: Raging Bolt|Protosynthesis|[silent]
|switch|p2a: Slither Wing|Slither Wing|100/100|[from] Volt Switch
|
|-weather|RainDance|[upkeep]
|upkeep
|turn|8
|
|t:|1779625637
|move|p2a: Slither Wing|Close Combat|p1a: Porygon2
|-supereffective|p1a: Porygon2
|-damage|p1a: Porygon2|0 fnt
|-unboost|p2a: Slither Wing|def|1
|-unboost|p2a: Slither Wing|spd|1
|faint|p1a: Porygon2
|
|-weather|RainDance|[upkeep]
|upkeep
|
|t:|1779625642
|switch|p1a: Cresselia|Cresselia, F|100/100
|turn|9
|
|t:|1779625647
|-end|p2a: Slither Wing|Protosynthesis|[silent]
|switch|p2a: Ninetales|Ninetales, F|100/100
|-weather|SunnyDay|[from] ability: Drought|[of] p2a: Ninetales
|move|p1a: Cresselia|Trick Room|p1a: Cresselia
|-fieldstart|move: Trick Room|[of] p1a: Cresselia
|
|-weather|SunnyDay|[upkeep]
|upkeep
|turn|10
|c|☆barrman1313|The early tera will not matter bc im ass lol
|inactive|Jotag has 120 seconds left.
|
|t:|1779625675
|switch|p1a: Ursaluna|Ursaluna, M|100/100
|move|p2a: Ninetales|Weather Ball|p1a: Ursaluna
|-damage|p1a: Ursaluna|60/100
|
|-weather|SunnyDay|[upkeep]
|-status|p1a: Ursaluna|brn|[from] item: Flame Orb
|upkeep
|turn|11
|
|t:|1779625692
|switch|p2a: Great Tusk|Great Tusk|100/100
|-activate|p2a: Great Tusk|ability: Protosynthesis
|-start|p2a: Great Tusk|protosynthesisatk
|move|p1a: Ursaluna|Headlong Rush|p2a: Great Tusk
|-damage|p2a: Great Tusk|34/100
|-unboost|p1a: Ursaluna|def|1
|-unboost|p1a: Ursaluna|spd|1
|
|-weather|SunnyDay|[upkeep]
|-damage|p1a: Ursaluna|54/100 brn|[from] brn
|upkeep
|turn|12
|
|t:|1779625704
|-end|p2a: Great Tusk|Protosynthesis|[silent]
|switch|p2a: Slither Wing|Slither Wing|100/100
|-activate|p2a: Slither Wing|ability: Protosynthesis
|-start|p2a: Slither Wing|protosynthesisatk
|move|p1a: Ursaluna|Headlong Rush|p2a: Slither Wing
|-resisted|p2a: Slither Wing
|-damage|p2a: Slither Wing|24/100
|-unboost|p1a: Ursaluna|def|1
|-unboost|p1a: Ursaluna|spd|1
|
|-weather|SunnyDay|[upkeep]
|-damage|p1a: Ursaluna|48/100 brn|[from] brn
|upkeep
|turn|13
|
|t:|1779625718
|switch|p1a: Hariyama|Hariyama, M|100/100
|move|p2a: Slither Wing|First Impression|p1a: Hariyama
|-resisted|p1a: Hariyama
|-damage|p1a: Hariyama|49/100
|-enditem|p1a: Hariyama|Sitrus Berry|[eat]
|-heal|p1a: Hariyama|74/100|[from] item: Sitrus Berry
|
|-weather|SunnyDay|[upkeep]
|-fieldend|move: Trick Room
|upkeep
|turn|14
|inactive|Jotag has 120 seconds left.
|
|t:|1779625730
|-end|p2a: Slither Wing|Protosynthesis|[silent]
|switch|p2a: Great Tusk|Great Tusk|34/100
|-activate|p2a: Great Tusk|ability: Protosynthesis
|-start|p2a: Great Tusk|protosynthesisatk
|move|p1a: Hariyama|Belly Drum|p1a: Hariyama
|-damage|p1a: Hariyama|24/100
|-setboost|p1a: Hariyama|atk|6|[from] move: Belly Drum
|
|-weather|SunnyDay|[upkeep]
|upkeep
|turn|15
|inactive|Jotag has 120 seconds left.
|
|t:|1779625738
|move|p1a: Hariyama|Bullet Punch|p2a: Great Tusk
|-damage|p2a: Great Tusk|0 fnt
|faint|p2a: Great Tusk
|-end|p2a: Great Tusk|Protosynthesis|[silent]
|
|-weather|SunnyDay|[upkeep]
|upkeep
|inactive|Jotag has 120 seconds left.
|
|t:|1779625744
|switch|p2a: Slither Wing|Slither Wing|24/100
|-activate|p2a: Slither Wing|ability: Protosynthesis
|-start|p2a: Slither Wing|protosynthesisatk
|turn|16
|
|t:|1779625751
|move|p2a: Slither Wing|First Impression|p1a: Hariyama
|-resisted|p1a: Hariyama
|-damage|p1a: Hariyama|0 fnt
|faint|p1a: Hariyama
|
|-weather|none
|-end|p2a: Slither Wing|Protosynthesis
|upkeep
|
|t:|1779625753
|switch|p1a: Cresselia|Cresselia, F|100/100
|turn|17
|
|t:|1779625761
|-end|p2a: Slither Wing|Protosynthesis|[silent]
|switch|p2a: Ninetales|Ninetales, F|100/100
|-weather|SunnyDay|[from] ability: Drought|[of] p2a: Ninetales
|move|p1a: Cresselia|Trick Room|p1a: Cresselia
|-fieldstart|move: Trick Room|[of] p1a: Cresselia
|
|-weather|SunnyDay|[upkeep]
|upkeep
|turn|18
|
|t:|1779625774
|switch|p1a: Pelipper|Pelipper, M|88/100 brn
|-weather|RainDance|[from] ability: Drizzle|[of] p1a: Pelipper
|move|p2a: Ninetales|Weather Ball|p1a: Pelipper
|-resisted|p1a: Pelipper
|-damage|p1a: Pelipper|69/100 brn
|
|-weather|RainDance|[upkeep]
|-damage|p1a: Pelipper|63/100 brn|[from] brn
|upkeep
|turn|19
|
|t:|1779625785
|switch|p2a: Raging Bolt|Raging Bolt|62/100
|move|p1a: Pelipper|Hydro Pump|p2a: Raging Bolt
|-resisted|p2a: Raging Bolt
|-damage|p2a: Raging Bolt|9/100
|
|-weather|RainDance|[upkeep]
|-damage|p1a: Pelipper|56/100 brn|[from] brn
|upkeep
|turn|20
|
|t:|1779625794
|switch|p1a: Ursaluna|Ursaluna, M|48/100 brn
|move|p2a: Raging Bolt|Volt Switch|p1a: Ursaluna
|-immune|p1a: Ursaluna
|
|-weather|RainDance|[upkeep]
|-damage|p1a: Ursaluna|42/100 brn|[from] brn
|upkeep
|turn|21
|
|t:|1779625808
|-end|p2a: Raging Bolt|Protosynthesis|[silent]
|switch|p2a: Ninetales|Ninetales, F|100/100
|-weather|SunnyDay|[from] ability: Drought|[of] p2a: Ninetales
|move|p1a: Ursaluna|Headlong Rush|p2a: Ninetales
|-supereffective|p2a: Ninetales
|-damage|p2a: Ninetales|0 fnt
|-unboost|p1a: Ursaluna|def|1
|-unboost|p1a: Ursaluna|spd|1
|faint|p2a: Ninetales
|
|-weather|SunnyDay|[upkeep]
|-damage|p1a: Ursaluna|36/100 brn|[from] brn
|-fieldend|move: Trick Room
|upkeep
|
|t:|1779625821
|switch|p2a: Dragapult|Dragapult, F|100/100
|turn|22
|inactive|barrman1313 has 120 seconds left.
|
|t:|1779625862
|switch|p1a: Cresselia|Cresselia, F|100/100
|move|p2a: Dragapult|Fire Blast|p1a: Cresselia
|-damage|p1a: Cresselia|59/100
|-damage|p2a: Dragapult|91/100|[from] item: Life Orb
|
|-weather|SunnyDay|[upkeep]
|upkeep
|turn|23
|
|t:|1779625889
|-terastallize|p1a: Cresselia|Fairy
|move|p2a: Dragapult|Shadow Ball|p1a: Cresselia
|-damage|p1a: Cresselia|28/100
|-unboost|p1a: Cresselia|spd|1
|-damage|p2a: Dragapult|81/100|[from] item: Life Orb
|move|p1a: Cresselia|Trick Room|p1a: Cresselia
|-fieldstart|move: Trick Room|[of] p1a: Cresselia
|
|-weather|SunnyDay|[upkeep]
|upkeep
|turn|24
|inactive|barrman1313 has 90 seconds left.
|
|t:|1779625912
|switch|p2a: Raging Bolt|Raging Bolt|9/100
|-activate|p2a: Raging Bolt|ability: Protosynthesis
|-start|p2a: Raging Bolt|protosynthesisspa
|move|p1a: Cresselia|Lunar Dance|p1a: Cresselia
|faint|p1a: Cresselia
|
|-weather|SunnyDay|[upkeep]
|upkeep
|
|t:|1779625921
|switch|p1a: Ursaluna|Ursaluna, M|36/100 brn
|-heal|p1a: Ursaluna|100/100|[from] move: Lunar Dance
|turn|25
|inactive|barrman1313 has 90 seconds left.
|inactive|Jotag has 120 seconds left.
|
|t:|1779625944
|move|p1a: Ursaluna|Fire Punch|p2a: Raging Bolt
|-resisted|p2a: Raging Bolt
|-damage|p2a: Raging Bolt|0 fnt
|faint|p2a: Raging Bolt
|-end|p2a: Raging Bolt|Protosynthesis|[silent]
|
|-weather|SunnyDay|[upkeep]
|-status|p1a: Ursaluna|brn|[from] item: Flame Orb
|upkeep
|inactive|Jotag has 120 seconds left.
|
|t:|1779625957
|switch|p2a: Slither Wing|Slither Wing|24/100
|-activate|p2a: Slither Wing|ability: Protosynthesis
|-start|p2a: Slither Wing|protosynthesisatk
|turn|26
|inactive|Jotag has 120 seconds left.
|
|t:|1779625967
|move|p2a: Slither Wing|First Impression|p1a: Ursaluna
|-damage|p1a: Ursaluna|22/100 brn
|move|p1a: Ursaluna|Headlong Rush|p2a: Slither Wing
|-resisted|p2a: Slither Wing
|-damage|p2a: Slither Wing|0 fnt
|-unboost|p1a: Ursaluna|def|1
|-unboost|p1a: Ursaluna|spd|1
|faint|p2a: Slither Wing
|-end|p2a: Slither Wing|Protosynthesis|[silent]
|
|-weather|SunnyDay|[upkeep]
|-damage|p1a: Ursaluna|16/100 brn|[from] brn
|upkeep
|inactive|Jotag has 120 seconds left.
|c|☆barrman1313|Gg
|c|☆barrman1313|Wp
|c|☆Jotag|gg
|
|t:|1779625977
|switch|p2a: Dragapult|Dragapult, F|81/100
|turn|27
|c|☆barrman1313|Crazy close game
|
|t:|1779625983
|move|p1a: Ursaluna|Headlong Rush|p2a: Dragapult
|-damage|p2a: Dragapult|0 fnt
|-unboost|p1a: Ursaluna|def|1
|-unboost|p1a: Ursaluna|spd|1
|faint|p2a: Dragapult
|
|win|barrman1313
|raw|barrman1313's rating: 1349 &rarr; <strong>1367</strong><br />(+18 for winning)
|raw|Jotag's rating: 1310 &rarr; <strong>1292</strong><br />(-18 for losing)
|c|☆Jotag|yeah
|c|☆Jotag|wp
|c|☆barrman1313|Thanks! You too
|l|☆barrman1313
|player|p1|
