|j|‽wheezsumbeez
|j|☆alt1 lord greed
|t:|1779591363
|gametype|singles
|player|p1|wheezsumbeez|roxie|1439
|player|p2|alt1 lord greed|169|1433
|gen|9
|tier|[Gen 9] OU
|rated|
|rule|HP Percentage Mod: HP is shown in percentages
|rule|Endless Battle Clause: Forcing endless battles is banned
|rule|Species Clause: Limit one of each Pokémon
|rule|OHKO Clause: OHKO moves are banned
|rule|Evasion Items Clause: Evasion items are banned
|rule|Evasion Moves Clause: Evasion moves are banned
|rule|Evasion Abilities Clause: Evasion abilities are banned
|rule|Sleep Moves Clause: Sleep-inducing moves are banned
|clearpoke
|poke|p1|Kommo-o, M|
|poke|p1|Weezing-Galar, M|
|poke|p1|Heatran, F|
|poke|p1|Slowking, M|
|poke|p1|Mamoswine, F|
|poke|p1|Ogerpon-Wellspring, F|
|poke|p2|Glastrier|
|poke|p2|Slowking-Galar, F|
|poke|p2|Heatran, M|
|poke|p2|Tornadus-Therian, M|
|poke|p2|Hydrapple, F|
|poke|p2|Great Tusk|
|teampreview
|inactive|Battle timer is ON: inactive players will automatically lose when time's up. (requested by alt1 lord greed)
|inactive|wheezsumbeez has 120 seconds left.
|
|t:|1779591410
|teamsize|p1|6
|teamsize|p2|6
|start
|switch|p1a: Kommo-o|Kommo-o, M|100/100
|switch|p2a: Great Tusk|Great Tusk|100/100
|turn|1
|
|t:|1779591429
|switch|p1a: Weezing|Weezing-Galar, M|100/100
|move|p2a: Great Tusk|Ice Spinner|p1a: Weezing
|-damage|p1a: Weezing|81/100
|
|-heal|p1a: Weezing|87/100|[from] item: Leftovers
|upkeep
|turn|2
|
|t:|1779591437
|-end|p2a: Great Tusk|Protosynthesis|[silent]
|switch|p2a: Heatran|Heatran, M, shiny|100/100
|move|p1a: Weezing|Will-O-Wisp|p2a: Heatran
|-start|p2a: Heatran|ability: Flash Fire
|
|-heal|p1a: Weezing|93/100|[from] item: Leftovers
|upkeep
|turn|3
|
|t:|1779591448
|switch|p1a: Kommo-o|Kommo-o, M|100/100
|move|p2a: Heatran|Stealth Rock|p1a: Kommo-o
|-sidestart|p1: wheezsumbeez|move: Stealth Rock
|
|upkeep
|turn|4
|
|t:|1779591454
|-end|p2a: Heatran|ability: Flash Fire|[silent]
|switch|p2a: Slowking|Slowking-Galar, F|100/100
|move|p1a: Kommo-o|Body Press|p2a: Slowking
|-resisted|p2a: Slowking
|-damage|p2a: Slowking|88/100
|
|upkeep
|turn|5
|
|t:|1779591460
|move|p1a: Kommo-o|Stealth Rock|p2a: Slowking
|-sidestart|p2: alt1 lord greed|move: Stealth Rock
|-prepare|p2a: Slowking|Chilly Reception|[premajor]
|move|p2a: Slowking|Chilly Reception|p2a: Slowking
|-weather|Snowscape
|
|t:|1779591464
|switch|p2a: Tornadus|Tornadus-Therian, M|100/100|[from] Chilly Reception
|
|-weather|Snowscape|[upkeep]
|upkeep
|turn|6
|
|t:|1779591471
|switch|p1a: Heatran|Heatran, F|100/100
|-damage|p1a: Heatran|88/100|[from] Stealth Rock
|move|p2a: Tornadus|Knock Off|p1a: Heatran
|-damage|p1a: Heatran|69/100
|-enditem|p1a: Heatran|Leftovers|[from] move: Knock Off|[of] p2a: Tornadus
|
|-weather|Snowscape|[upkeep]
|upkeep
|turn|7
|
|t:|1779591482
|switch|p2a: Heatran|Heatran, M, shiny|100/100
|-damage|p2a: Heatran|88/100|[from] Stealth Rock
|move|p1a: Heatran|Protect||[still]
|-fail|p1a: Heatran
|
|-weather|Snowscape|[upkeep]
|-heal|p2a: Heatran|94/100|[from] item: Leftovers
|upkeep
|turn|8
|
|t:|1779591492
|switch|p2a: Hydrapple|Hydrapple, F, shiny|100/100
|-damage|p2a: Hydrapple|88/100|[from] Stealth Rock
|switch|p1a: Slowking|Slowking, M|100/100
|
|-weather|Snowscape|[upkeep]
|upkeep
|turn|9
|
|t:|1779591504
|switch|p1a: Heatran|Heatran, F|69/100
|-damage|p1a: Heatran|57/100|[from] Stealth Rock
|move|p2a: Hydrapple|Earth Power|p1a: Heatran
|-supereffective|p1a: Heatran
|-damage|p1a: Heatran|0 fnt
|faint|p1a: Heatran
|
|-weather|none
|upkeep
|
|t:|1779591512
|switch|p1a: Mamoswine|Mamoswine, F|100/100
|-damage|p1a: Mamoswine|88/100|[from] Stealth Rock
|turn|10
|
|t:|1779591525
|switch|p2a: Glastrier|Glastrier|100/100
|-damage|p2a: Glastrier|76/100|[from] Stealth Rock
|move|p1a: Mamoswine|Icicle Crash|p2a: Glastrier
|-resisted|p2a: Glastrier
|-damage|p2a: Glastrier|53/100
|
|upkeep
|turn|11
|
|t:|1779591532
|switch|p1a: Weezing|Weezing-Galar, M|93/100
|-damage|p1a: Weezing|81/100|[from] Stealth Rock
|move|p2a: Glastrier|Icicle Crash|p1a: Weezing
|-damage|p1a: Weezing|45/100
|
|-heal|p1a: Weezing|51/100|[from] item: Leftovers
|upkeep
|turn|12
|
|t:|1779591539
|switch|p2a: Heatran|Heatran, M, shiny|94/100
|-damage|p2a: Heatran|82/100|[from] Stealth Rock
|move|p1a: Weezing|Defog|p2a: Heatran
|-unboost|p2a: Heatran|evasion|1
|-sideend|p2: alt1 lord greed|Stealth Rock|[from] move: Defog|[of] p1a: Weezing
|-sideend|p1: wheezsumbeez|Stealth Rock|[from] move: Defog|[of] p1a: Weezing
|
|-heal|p2a: Heatran|88/100|[from] item: Leftovers
|-heal|p1a: Weezing|57/100|[from] item: Leftovers
|upkeep
|turn|13
|
|t:|1779591550
|switch|p1a: Kommo-o|Kommo-o, M|100/100
|move|p2a: Heatran|Stealth Rock|p1a: Kommo-o
|-sidestart|p1: wheezsumbeez|move: Stealth Rock
|
|-heal|p2a: Heatran|94/100|[from] item: Leftovers
|upkeep
|turn|14
|
|t:|1779591557
|switch|p2a: Tornadus|Tornadus-Therian, M|100/100
|move|p1a: Kommo-o|Dragon Tail|p2a: Tornadus
|-damage|p2a: Tornadus|76/100
|drag|p2a: Hydrapple|Hydrapple, F, shiny|100/100
|
|upkeep
|turn|15
|
|t:|1779591577
|switch|p1a: Weezing|Weezing-Galar, M|57/100
|-damage|p1a: Weezing|44/100|[from] Stealth Rock
|switch|p2a: Tornadus|Tornadus-Therian, M|100/100
|
|-heal|p1a: Weezing|50/100|[from] item: Leftovers
|upkeep
|turn|16
|
|t:|1779591591
|move|p2a: Tornadus|Taunt|p1a: Weezing
|-start|p1a: Weezing|move: Taunt
|cant|p1a: Weezing|move: Taunt|Defog
|
|-heal|p1a: Weezing|56/100|[from] item: Leftovers
|upkeep
|turn|17
|-message|wheezsumbeez forfeited.
|
|win|alt1 lord greed
|raw|wheezsumbeez's rating: 1439 &rarr; <strong>1419</strong><br />(-20 for losing)
|raw|alt1 lord greed's rating: 1433 &rarr; <strong>1453</strong><br />(+20 for winning)
|l|‽wheezsumbeez
|player|p1|
|l|☆alt1 lord greed
|player|p2|
