|j|☆noob1877
|j|☆ytggu
|t:|1779655461
|gametype|singles
|player|p1|noob1877|169|1737
|player|p2|ytggu|265|1713
|gen|9
|tier|[Gen 9] OU
|rated|
|rule|HP Percentage Mod: HP is shown in percentages
|rule|Endless Battle Clause: Forcing endless battles is banned
|rule|Species Clause: Limit one of each Pokémon
|rule|OHKO Clause: OHKO moves are banned
|rule|Evasion Items Clause: Evasion items are banned
|rule|Evasion Moves Clause: Evasion moves are banned
|rule|Evasion Abilities Clause: Evasion abilities are banned
|rule|Sleep Moves Clause: Sleep-inducing moves are banned
|clearpoke
|poke|p1|Gliscor, M|
|poke|p1|Great Tusk|
|poke|p1|Empoleon, M|
|poke|p1|Zamazenta-*|
|poke|p1|Pecharunt|
|poke|p1|Kingambit, M|
|poke|p2|Tyranitar, M|
|poke|p2|Samurott-Hisui, F|
|poke|p2|Rillaboom, M|
|poke|p2|Slowking-Galar, M|
|poke|p2|Excadrill, M|
|poke|p2|Pawmot, F|
|teampreview
|
|t:|1779655505
|teamsize|p1|6
|teamsize|p2|6
|start
|switch|p1a: Gliscor|Gliscor, M|100/100
|switch|p2a: Rillaboom|Rillaboom, M|100/100
|-fieldstart|move: Grassy Terrain|[from] ability: Grassy Surge|[of] p2a: Rillaboom
|turn|1
|
|t:|1779655512
|move|p1a: Gliscor|Protect|p1a: Gliscor
|-singleturn|p1a: Gliscor|Protect
|move|p2a: Rillaboom|Wood Hammer|p1a: Gliscor
|-activate|p1a: Gliscor|move: Protect
|
|-status|p1a: Gliscor|tox|[from] item: Toxic Orb
|upkeep
|turn|2
|
|t:|1779655516
|switch|p1a: Pecharunt|Pecharunt|100/100
|-item|p1a: Pecharunt|Air Balloon
|switch|p2a: Samurott|Samurott-Hisui, F|100/100
|
|upkeep
|turn|3
|
|t:|1779655522
|switch|p1a: Zamazenta|Zamazenta|100/100
|-ability|p1a: Zamazenta|Dauntless Shield|boost
|-boost|p1a: Zamazenta|def|1
|move|p2a: Samurott|Ceaseless Edge|p1a: Zamazenta
|-resisted|p1a: Zamazenta
|-damage|p1a: Zamazenta|86/100
|-sidestart|p1: noob1877|Spikes
|
|-heal|p1a: Zamazenta|92/100|[from] Grassy Terrain
|upkeep
|turn|4
|inactive|Battle timer is ON: inactive players will automatically lose when time's up. (requested by ytggu)
|j| The red tour
|
|t:|1779655530
|switch|p2a: Slowking|Slowking-Galar, M|100/100
|move|p1a: Zamazenta|Close Combat|p2a: Slowking
|-resisted|p2a: Slowking
|-damage|p2a: Slowking|87/100
|-unboost|p1a: Zamazenta|def|1
|-unboost|p1a: Zamazenta|spd|1
|-damage|p1a: Zamazenta|82/100|[from] item: Life Orb
|
|-heal|p1a: Zamazenta|88/100|[from] Grassy Terrain
|-heal|p2a: Slowking|93/100|[from] Grassy Terrain
|upkeep
|turn|5
|
|t:|1779655537
|move|p1a: Zamazenta|Crunch|p2a: Slowking
|-supereffective|p2a: Slowking
|-enditem|p2a: Slowking|Colbur Berry|[eat]
|-enditem|p2a: Slowking|Colbur Berry|[weaken]
|-damage|p2a: Slowking|66/100
|-damage|p1a: Zamazenta|78/100|[from] item: Life Orb
|move|p2a: Slowking|Psychic Noise|p1a: Zamazenta
|-supereffective|p1a: Zamazenta
|-damage|p1a: Zamazenta|0 fnt
|faint|p1a: Zamazenta
|
|-heal|p2a: Slowking|72/100|[from] Grassy Terrain
|-fieldend|move: Grassy Terrain
|upkeep
|
|t:|1779655541
|switch|p1a: Empoleon|Empoleon, M|100/100
|-damage|p1a: Empoleon|88/100|[from] Spikes
|turn|6
|
|t:|1779655551
|move|p1a: Empoleon|Stealth Rock|p2a: Slowking
|-sidestart|p2: ytggu|move: Stealth Rock
|-prepare|p2a: Slowking|Chilly Reception|[premajor]
|move|p2a: Slowking|Chilly Reception|p2a: Slowking
|-weather|Snowscape
|inactive|ytggu has 120 seconds left.
|
|t:|1779655589
|switch|p2a: Rillaboom|Rillaboom, M|100/100|[from] Chilly Reception
|-damage|p2a: Rillaboom|88/100|[from] Stealth Rock
|-fieldstart|move: Grassy Terrain|[from] ability: Grassy Surge|[of] p2a: Rillaboom
|
|-weather|Snowscape|[upkeep]
|-heal|p2a: Rillaboom|94/100|[from] Grassy Terrain
|-heal|p1a: Empoleon|94/100|[from] Grassy Terrain
|upkeep
|turn|7
|inactive|ytggu has 120 seconds left.
|
|t:|1779655598
|switch|p1a: Pecharunt|Pecharunt|100/100
|-item|p1a: Pecharunt|Air Balloon
|-terastallize|p2a: Rillaboom|Grass
|move|p2a: Rillaboom|Wood Hammer|p1a: Pecharunt
|-resisted|p1a: Pecharunt
|-damage|p1a: Pecharunt|37/100
|-enditem|p1a: Pecharunt|Air Balloon
|-damage|p2a: Rillaboom|77/100|[from] Recoil
|
|-weather|Snowscape|[upkeep]
|-heal|p1a: Pecharunt|43/100|[from] Grassy Terrain
|-heal|p2a: Rillaboom|83/100|[from] Grassy Terrain
|upkeep
|turn|8
|inactive|ytggu has 120 seconds left.
|
|t:|1779655630
|switch|p2a: Samurott|Samurott-Hisui, F|100/100
|-damage|p2a: Samurott|88/100|[from] Stealth Rock
|move|p1a: Pecharunt|Malignant Chain|p2a: Samurott
|-damage|p2a: Samurott|55/100
|
|-weather|Snowscape|[upkeep]
|-heal|p1a: Pecharunt|49/100|[from] Grassy Terrain
|-heal|p2a: Samurott|62/100|[from] Grassy Terrain
|upkeep
|turn|9
|
|t:|1779655636
|move|p1a: Pecharunt|Malignant Chain|p2a: Samurott
|-damage|p2a: Samurott|25/100
|move|p2a: Samurott|Ceaseless Edge|p1a: Pecharunt
|-supereffective|p1a: Pecharunt
|-damage|p1a: Pecharunt|0 fnt
|-sidestart|p1: noob1877|Spikes
|faint|p1a: Pecharunt
|
|-weather|Snowscape|[upkeep]
|-heal|p2a: Samurott|31/100|[from] Grassy Terrain
|upkeep
|
|t:|1779655638
|switch|p1a: Great Tusk|Great Tusk|100/100
|-damage|p1a: Great Tusk|84/100|[from] Spikes
|turn|10
|inactive|ytggu has 120 seconds left.
|
|t:|1779655645
|move|p1a: Great Tusk|Headlong Rush|p2a: Samurott
|-damage|p2a: Samurott|0 fnt
|-unboost|p1a: Great Tusk|def|1
|-unboost|p1a: Great Tusk|spd|1
|faint|p2a: Samurott
|
|-weather|none
|-heal|p1a: Great Tusk|90/100|[from] Grassy Terrain
|-fieldend|move: Grassy Terrain
|upkeep
|
|t:|1779655649
|switch|p2a: Rillaboom|Rillaboom, M, tera:Grass|83/100
|-damage|p2a: Rillaboom|71/100|[from] Stealth Rock
|-fieldstart|move: Grassy Terrain|[from] ability: Grassy Surge|[of] p2a: Rillaboom
|turn|11
|
|t:|1779655656
|-end|p1a: Great Tusk|Protosynthesis|[silent]
|switch|p1a: Gliscor|Gliscor, M|100/100 tox
|move|p2a: Rillaboom|Grassy Glide|p1a: Gliscor
|-damage|p1a: Gliscor|37/100 tox
|
|-heal|p2a: Rillaboom|77/100|[from] Grassy Terrain
|-heal|p1a: Gliscor|50/100 tox|[from] ability: Poison Heal
|upkeep
|turn|12
|
|t:|1779655660
|move|p1a: Gliscor|Protect|p1a: Gliscor
|-singleturn|p1a: Gliscor|Protect
|move|p2a: Rillaboom|Grassy Glide|p1a: Gliscor
|-activate|p1a: Gliscor|move: Protect
|
|-heal|p2a: Rillaboom|83/100|[from] Grassy Terrain
|-heal|p1a: Gliscor|62/100 tox|[from] ability: Poison Heal
|upkeep
|turn|13
|
|t:|1779655663
|move|p2a: Rillaboom|Grassy Glide|p1a: Gliscor
|-damage|p1a: Gliscor|0 fnt
|faint|p1a: Gliscor
|
|-heal|p2a: Rillaboom|89/100|[from] Grassy Terrain
|upkeep
|
|t:|1779655668
|switch|p1a: Kingambit|Kingambit, M|100/100
|-damage|p1a: Kingambit|84/100|[from] Spikes
|-activate|p1a: Kingambit|ability: Supreme Overlord
|-start|p1a: Kingambit|fallen3|[silent]
|turn|14
|
|t:|1779655687
|move|p2a: Rillaboom|Grassy Glide|p1a: Kingambit
|-resisted|p1a: Kingambit
|-damage|p1a: Kingambit|54/100
|move|p1a: Kingambit|Kowtow Cleave|p2a: Rillaboom
|-damage|p2a: Rillaboom|26/100
|
|-heal|p2a: Rillaboom|32/100|[from] Grassy Terrain
|-heal|p1a: Kingambit|60/100|[from] Grassy Terrain
|-heal|p1a: Kingambit|66/100|[from] item: Leftovers
|upkeep
|turn|15
|
|t:|1779655697
|switch|p2a: Pawmot|Pawmot, F|100/100
|-damage|p2a: Pawmot|94/100|[from] Stealth Rock
|move|p1a: Kingambit|Swords Dance|p1a: Kingambit
|-boost|p1a: Kingambit|atk|2
|
|-heal|p2a: Pawmot|100/100|[from] Grassy Terrain
|-heal|p1a: Kingambit|72/100|[from] Grassy Terrain
|-heal|p1a: Kingambit|79/100|[from] item: Leftovers
|-fieldend|move: Grassy Terrain
|upkeep
|turn|16
|
|t:|1779655708
|-end|p1a: Kingambit|fallen3|[silent]
|switch|p1a: Great Tusk|Great Tusk|90/100
|-damage|p1a: Great Tusk|74/100|[from] Spikes
|move|p2a: Pawmot|Close Combat|p1a: Great Tusk
|-damage|p1a: Great Tusk|37/100
|-unboost|p2a: Pawmot|def|1
|-unboost|p2a: Pawmot|spd|1
|
|upkeep
|turn|17
|
|t:|1779655732
|move|p2a: Pawmot|Close Combat|p1a: Great Tusk
|-damage|p1a: Great Tusk|0 fnt
|-unboost|p2a: Pawmot|def|1
|-unboost|p2a: Pawmot|spd|1
|faint|p1a: Great Tusk
|-end|p1a: Great Tusk|Protosynthesis|[silent]
|
|upkeep
|
|t:|1779655738
|switch|p1a: Empoleon|Empoleon, M|94/100
|-damage|p1a: Empoleon|78/100|[from] Spikes
|turn|18
|
|t:|1779655747
|move|p2a: Pawmot|Close Combat|p1a: Empoleon
|-supereffective|p1a: Empoleon
|-damage|p1a: Empoleon|0 fnt
|-unboost|p2a: Pawmot|def|1
|-unboost|p2a: Pawmot|spd|1
|faint|p1a: Empoleon
|
|upkeep
|
|t:|1779655750
|switch|p1a: Kingambit|Kingambit, M|79/100
|-damage|p1a: Kingambit|62/100|[from] Spikes
|-activate|p1a: Kingambit|ability: Supreme Overlord
|-start|p1a: Kingambit|fallen5|[silent]
|turn|19
|
|t:|1779655758
|move|p1a: Kingambit|Sucker Punch|p2a: Pawmot
|-resisted|p2a: Pawmot
|-crit|p2a: Pawmot
|-enditem|p2a: Pawmot|Focus Sash
|-damage|p2a: Pawmot|1/100
|move|p2a: Pawmot|Double Shock|p1a: Kingambit
|-damage|p1a: Kingambit|18/100
|-start|p2a: Pawmot|typechange|???/Fighting|[from] move: Double Shock
|
|-heal|p1a: Kingambit|24/100|[from] item: Leftovers
|upkeep
|turn|20
|-message|noob1877 forfeited.
|
|win|ytggu
|raw|noob1877's rating: 1737 &rarr; <strong>1716</strong><br />(-21 for losing)
|raw|ytggu's rating: 1713 &rarr; <strong>1734</strong><br />(+21 for winning)
|l|☆noob1877
|player|p1|
