|j|☆mansonabuluting
|j|☆theFirstComing
|t:|1779713864
|gametype|singles
|player|p1|mansonabuluting|266|1726
|player|p2|theFirstComing|101|1706
|gen|9
|tier|[Gen 9] OU
|rated|
|rule|HP Percentage Mod: HP is shown in percentages
|rule|Endless Battle Clause: Forcing endless battles is banned
|rule|Species Clause: Limit one of each Pokémon
|rule|OHKO Clause: OHKO moves are banned
|rule|Evasion Items Clause: Evasion items are banned
|rule|Evasion Moves Clause: Evasion moves are banned
|rule|Evasion Abilities Clause: Evasion abilities are banned
|rule|Sleep Moves Clause: Sleep-inducing moves are banned
|clearpoke
|poke|p1|Volcanion|
|poke|p1|Rillaboom, F|
|poke|p1|Hawlucha, M|
|poke|p1|Thundurus-Therian, M|
|poke|p1|Goodra-Hisui, M|
|poke|p1|Great Tusk|
|poke|p2|Braviary-Hisui, M|
|poke|p2|Pelipper, F|
|poke|p2|Raging Bolt|
|poke|p2|Kingambit, F|
|poke|p2|Iron Treads|
|poke|p2|Basculegion, M|
|teampreview
|inactive|Battle timer is ON: inactive players will automatically lose when time's up. (requested by theFirstComing)
|
|t:|1779713896
|teamsize|p1|6
|teamsize|p2|6
|start
|switch|p1a: Volcanion|Volcanion|100/100
|switch|p2a: Raging Bolt|Raging Bolt|100/100
|-enditem|p2a: Raging Bolt|Booster Energy
|-activate|p2a: Raging Bolt|ability: Protosynthesis|[fromitem]
|-start|p2a: Raging Bolt|protosynthesisspa
|turn|1
|j| chillncurry
|
|t:|1779713911
|switch|p1a: Goodra|Goodra-Hisui, M|100/100
|move|p2a: Raging Bolt|Draco Meteor|p1a: Goodra
|-damage|p1a: Goodra|54/100
|-unboost|p2a: Raging Bolt|spa|2
|
|upkeep
|turn|2
|
|t:|1779713920
|-end|p2a: Raging Bolt|Protosynthesis|[silent]
|switch|p2a: Iron Treads|Iron Treads|100/100
|-enditem|p2a: Iron Treads|Booster Energy
|-activate|p2a: Iron Treads|ability: Quark Drive|[fromitem]
|-start|p2a: Iron Treads|quarkdrivespe
|move|p1a: Goodra|Draco Meteor|p2a: Iron Treads
|-resisted|p2a: Iron Treads
|-damage|p2a: Iron Treads|56/100
|-unboost|p1a: Goodra|spa|2
|
|upkeep
|turn|3
|l|☆mansonabuluting
|inactive|mansonabuluting disconnected and has a minute to reconnect!
|player|p1|
|j|☆mansonabuluting
|inactive|mansonabuluting reconnected and has 130 seconds left.
|player|p1|mansonabuluting|266|
|
|t:|1779713948
|switch|p1a: Great Tusk|Great Tusk|100/100
|move|p2a: Iron Treads|Ice Spinner|p1a: Great Tusk
|-supereffective|p1a: Great Tusk
|-damage|p1a: Great Tusk|77/100
|-damage|p2a: Iron Treads|40/100|[from] item: Rocky Helmet|[of] p1a: Great Tusk
|
|upkeep
|turn|4
|
|t:|1779713954
|-end|p2a: Iron Treads|Quark Drive|[silent]
|switch|p2a: Pelipper|Pelipper, F|100/100
|-weather|RainDance|[from] ability: Drizzle|[of] p2a: Pelipper
|move|p1a: Great Tusk|Stealth Rock|p2a: Pelipper
|-sidestart|p2: theFirstComing|move: Stealth Rock
|
|-weather|RainDance|[upkeep]
|upkeep
|turn|5
|
|t:|1779713960
|-end|p1a: Great Tusk|Protosynthesis|[silent]
|switch|p1a: Volcanion|Volcanion|100/100
|move|p2a: Pelipper|U-turn|p1a: Volcanion
|-resisted|p1a: Volcanion
|-damage|p1a: Volcanion|97/100
|
|t:|1779713970
|switch|p2a: Raging Bolt|Raging Bolt|100/100|[from] U-turn
|-damage|p2a: Raging Bolt|88/100|[from] Stealth Rock
|
|-weather|RainDance|[upkeep]
|upkeep
|turn|6
|
|t:|1779713982
|switch|p1a: Goodra|Goodra-Hisui, M|54/100
|move|p2a: Raging Bolt|Thunder|p1a: Goodra
|-resisted|p1a: Goodra
|-damage|p1a: Goodra|39/100
|-status|p1a: Goodra|par
|
|-weather|RainDance|[upkeep]
|upkeep
|turn|7
|
|t:|1779713990
|move|p2a: Raging Bolt|Draco Meteor|p1a: Goodra
|-damage|p1a: Goodra|4/100 par
|-unboost|p2a: Raging Bolt|spa|2
|cant|p1a: Goodra|par
|
|-weather|RainDance|[upkeep]
|upkeep
|turn|8
|
|t:|1779713998
|move|p2a: Raging Bolt|Draco Meteor|p1a: Goodra
|-damage|p1a: Goodra|0 fnt
|-unboost|p2a: Raging Bolt|spa|2
|faint|p1a: Goodra
|
|-weather|RainDance|[upkeep]
|upkeep
|
|t:|1779714012
|switch|p1a: Rillaboom|Rillaboom, F|100/100
|-fieldstart|move: Grassy Terrain|[from] ability: Grassy Surge|[of] p1a: Rillaboom
|turn|9
|
|t:|1779714021
|move|p1a: Rillaboom|Knock Off|p2a: Raging Bolt
|-damage|p2a: Raging Bolt|61/100
|move|p2a: Raging Bolt|Draco Meteor|p1a: Rillaboom
|-damage|p1a: Rillaboom|71/100
|-unboost|p2a: Raging Bolt|spa|2
|
|-weather|RainDance|[upkeep]
|-heal|p1a: Rillaboom|78/100|[from] Grassy Terrain
|-heal|p2a: Raging Bolt|67/100|[from] Grassy Terrain
|upkeep
|turn|10
|
|t:|1779714041
|-end|p2a: Raging Bolt|Protosynthesis|[silent]
|switch|p2a: Kingambit|Kingambit, F|100/100
|-damage|p2a: Kingambit|94/100|[from] Stealth Rock
|-item|p2a: Kingambit|Air Balloon
|move|p1a: Rillaboom|Knock Off|p2a: Kingambit
|-resisted|p2a: Kingambit
|-damage|p2a: Kingambit|75/100
|-enditem|p2a: Kingambit|Air Balloon
|
|-weather|RainDance|[upkeep]
|-heal|p1a: Rillaboom|84/100|[from] Grassy Terrain
|-heal|p2a: Kingambit|81/100|[from] Grassy Terrain
|upkeep
|turn|11
|
|t:|1779714053
|switch|p1a: Great Tusk|Great Tusk|77/100
|move|p2a: Kingambit|Iron Head|p1a: Great Tusk
|-damage|p1a: Great Tusk|57/100
|-damage|p2a: Kingambit|64/100|[from] item: Rocky Helmet|[of] p1a: Great Tusk
|
|-weather|none
|-heal|p1a: Great Tusk|63/100|[from] Grassy Terrain
|-heal|p2a: Kingambit|71/100|[from] Grassy Terrain
|upkeep
|turn|12
|
|t:|1779714062
|-end|p2a: Kingambit|fallenundefined|[silent]
|switch|p2a: Braviary|Braviary-Hisui, M|100/100
|-damage|p2a: Braviary|75/100|[from] Stealth Rock
|move|p1a: Great Tusk|Headlong Rush|p2a: Braviary
|-immune|p2a: Braviary
|
|-heal|p1a: Great Tusk|69/100|[from] Grassy Terrain
|upkeep
|turn|13
|
|t:|1779714069
|-end|p1a: Great Tusk|Protosynthesis|[silent]
|switch|p1a: Thundurus|Thundurus-Therian, M|100/100
|move|p2a: Braviary|Psychic|p1a: Thundurus
|-damage|p1a: Thundurus|0 fnt
|faint|p1a: Thundurus
|
|-fieldend|move: Grassy Terrain
|upkeep
|
|t:|1779714075
|switch|p1a: Volcanion|Volcanion|97/100
|turn|14
|
|t:|1779714092
|switch|p2a: Raging Bolt|Raging Bolt|67/100
|-damage|p2a: Raging Bolt|55/100|[from] Stealth Rock
|move|p1a: Volcanion|Steam Eruption|p2a: Raging Bolt
|-resisted|p2a: Raging Bolt
|-damage|p2a: Raging Bolt|16/100
|-status|p2a: Raging Bolt|brn
|
|-damage|p2a: Raging Bolt|10/100 brn|[from] brn
|upkeep
|turn|15
|
|t:|1779714102
|switch|p1a: Rillaboom|Rillaboom, F|84/100
|-fieldstart|move: Grassy Terrain|[from] ability: Grassy Surge|[of] p1a: Rillaboom
|move|p2a: Raging Bolt|Draco Meteor|p1a: Rillaboom
|-crit|p1a: Rillaboom
|-damage|p1a: Rillaboom|0 fnt
|-unboost|p2a: Raging Bolt|spa|2
|faint|p1a: Rillaboom
|
|-heal|p2a: Raging Bolt|16/100 brn|[from] Grassy Terrain
|-damage|p2a: Raging Bolt|10/100 brn|[from] brn
|upkeep
|
|t:|1779714106
|switch|p1a: Hawlucha|Hawlucha, M|100/100
|-enditem|p1a: Hawlucha|Grassy Seed
|-boost|p1a: Hawlucha|def|1|[from] item: Grassy Seed
|turn|16
|
|t:|1779714117
|move|p1a: Hawlucha|Acrobatics|p2a: Raging Bolt
|-resisted|p2a: Raging Bolt
|-damage|p2a: Raging Bolt|0 fnt
|faint|p2a: Raging Bolt
|-end|p2a: Raging Bolt|Protosynthesis|[silent]
|
|upkeep
|
|t:|1779714136
|switch|p2a: Iron Treads|Iron Treads|40/100
|-damage|p2a: Iron Treads|37/100|[from] Stealth Rock
|turn|17
|
|t:|1779714146
|move|p1a: Hawlucha|Swords Dance|p1a: Hawlucha
|-boost|p1a: Hawlucha|atk|2
|move|p2a: Iron Treads|Rapid Spin|p1a: Hawlucha
|-damage|p1a: Hawlucha|88/100
|-boost|p2a: Iron Treads|spe|1
|-sideend|p2: theFirstComing|Stealth Rock|[from] move: Rapid Spin|[of] p2a: Iron Treads
|
|-heal|p2a: Iron Treads|43/100|[from] Grassy Terrain
|upkeep
|turn|18
|
|t:|1779714154
|move|p1a: Hawlucha|Acrobatics|p2a: Iron Treads
|-resisted|p2a: Iron Treads
|-damage|p2a: Iron Treads|0 fnt
|faint|p2a: Iron Treads
|-end|p2a: Iron Treads|Quark Drive|[silent]
|
|upkeep
|
|t:|1779714157
|switch|p2a: Pelipper|Pelipper, F|100/100
|-weather|RainDance|[from] ability: Drizzle|[of] p2a: Pelipper
|turn|19
|
|t:|1779714159
|move|p1a: Hawlucha|Substitute|p1a: Hawlucha
|-start|p1a: Hawlucha|Substitute
|-damage|p1a: Hawlucha|63/100
|move|p2a: Pelipper|Hurricane|p1a: Hawlucha
|-supereffective|p1a: Hawlucha
|-end|p1a: Hawlucha|Substitute
|
|-weather|RainDance|[upkeep]
|-fieldend|move: Grassy Terrain
|upkeep
|turn|20
|
|t:|1779714166
|move|p1a: Hawlucha|Acrobatics|p2a: Pelipper
|-damage|p2a: Pelipper|24/100
|move|p2a: Pelipper|Weather Ball|p1a: Hawlucha
|-damage|p1a: Hawlucha|0 fnt
|faint|p1a: Hawlucha
|
|-weather|RainDance|[upkeep]
|upkeep
|j| Ninjnj
|
|t:|1779714175
|switch|p1a: Volcanion|Volcanion|97/100
|turn|21
|
|t:|1779714182
|move|p1a: Volcanion|Steam Eruption|p2a: Pelipper
|-resisted|p2a: Pelipper
|-damage|p2a: Pelipper|0 fnt
|faint|p2a: Pelipper
|
|-weather|RainDance|[upkeep]
|upkeep
|l| chillncurry
|
|t:|1779714197
|switch|p2a: Basculegion|Basculegion, M|100/100
|turn|22
|
|t:|1779714202
|move|p2a: Basculegion|Phantom Force||[still]
|-prepare|p2a: Basculegion|Phantom Force
|move|p1a: Volcanion|Steam Eruption|p2a: Basculegion|[miss]
|-miss|p1a: Volcanion|p2a: Basculegion
|
|-weather|RainDance|[upkeep]
|upkeep
|turn|23
|
|t:|1779714210
|move|p2a: Basculegion|Phantom Force|p1a: Volcanion|[from] lockedmove
|-damage|p1a: Volcanion|37/100
|move|p1a: Volcanion|Steam Eruption|p2a: Basculegion
|-resisted|p2a: Basculegion
|-damage|p2a: Basculegion|24/100
|
|-weather|RainDance|[upkeep]
|upkeep
|turn|24
|
|t:|1779714222
|move|p2a: Basculegion|Phantom Force||[still]
|-prepare|p2a: Basculegion|Phantom Force
|move|p1a: Volcanion|Steam Eruption|p2a: Basculegion|[miss]
|-miss|p1a: Volcanion|p2a: Basculegion
|
|-weather|RainDance|[upkeep]
|upkeep
|turn|25
|
|t:|1779714225
|switch|p1a: Great Tusk|Great Tusk|69/100
|move|p2a: Basculegion|Phantom Force|p1a: Great Tusk|[from] lockedmove
|-damage|p1a: Great Tusk|39/100
|-damage|p2a: Basculegion|8/100|[from] item: Rocky Helmet|[of] p1a: Great Tusk
|
|-weather|RainDance|[upkeep]
|upkeep
|turn|26
|
|t:|1779714229
|move|p2a: Basculegion|Phantom Force||[still]
|-prepare|p2a: Basculegion|Phantom Force
|move|p1a: Great Tusk|Stealth Rock|p2a: Basculegion
|-sidestart|p2: theFirstComing|move: Stealth Rock
|
|-weather|none
|upkeep
|turn|27
|
|t:|1779714234
|move|p2a: Basculegion|Phantom Force|p1a: Great Tusk|[from] lockedmove
|-damage|p1a: Great Tusk|5/100
|-damage|p2a: Basculegion|0 fnt|[from] item: Rocky Helmet|[of] p1a: Great Tusk
|faint|p2a: Basculegion
|move|p1a: Great Tusk|Ice Spinner|p2: Basculegion|[notarget]
|-fail|p1a: Great Tusk
|
|upkeep
|
|t:|1779714247
|switch|p2a: Kingambit|Kingambit, F|71/100
|-damage|p2a: Kingambit|64/100|[from] Stealth Rock
|-activate|p2a: Kingambit|ability: Supreme Overlord
|-start|p2a: Kingambit|fallen4|[silent]
|turn|28
|-message|mansonabuluting forfeited.
|
|win|theFirstComing
|raw|mansonabuluting's rating: 1726 &rarr; <strong>1705</strong><br />(-21 for losing)
|raw|theFirstComing's rating: 1706 &rarr; <strong>1727</strong><br />(+21 for winning)
|l|☆mansonabuluting
|player|p1|
|l|☆theFirstComing
|player|p2|
|l| Ninjnj
