|j|☆MiniTiiger
|j|☆CameIIya
|t:|1779687751
|gametype|singles
|player|p1|MiniTiiger|1|1157
|player|p2|CameIIya|170|1147
|gen|9
|tier|[Gen 9] OU
|rated|
|rule|HP Percentage Mod: HP is shown in percentages
|rule|Endless Battle Clause: Forcing endless battles is banned
|rule|Species Clause: Limit one of each Pokémon
|rule|OHKO Clause: OHKO moves are banned
|rule|Evasion Items Clause: Evasion items are banned
|rule|Evasion Moves Clause: Evasion moves are banned
|rule|Evasion Abilities Clause: Evasion abilities are banned
|rule|Sleep Moves Clause: Sleep-inducing moves are banned
|clearpoke
|poke|p1|Dragonite, M|
|poke|p1|Great Tusk|
|poke|p1|Deoxys-Speed|
|poke|p1|Gholdengo|
|poke|p1|Zamazenta-*|
|poke|p1|Iron Valiant|
|poke|p2|Chandelure, M|
|poke|p2|Gastrodon, F|
|poke|p2|Azumarill, F|
|poke|p2|Scizor, M|
|poke|p2|Gliscor, M|
|poke|p2|Corviknight, F|
|teampreview
|inactive|Battle timer is ON: inactive players will automatically lose when time's up. (requested by MiniTiiger)
|inactive|MiniTiiger has 120 seconds left.
|
|t:|1779687802
|teamsize|p1|6
|teamsize|p2|6
|start
|switch|p1a: Deoxys|Deoxys-Speed|100/100
|switch|p2a: Azumarill|Azumarill, F|100/100
|-ability|p1a: Deoxys|Pressure
|turn|1
|
|t:|1779687810
|move|p2a: Azumarill|Aqua Jet|p1a: Deoxys
|-damage|p1a: Deoxys|53/100
|move|p1a: Deoxys|Taunt|p2a: Azumarill
|-start|p2a: Azumarill|move: Taunt
|
|upkeep
|turn|2
|
|t:|1779687818
|move|p2a: Azumarill|Aqua Jet|p1a: Deoxys
|-damage|p1a: Deoxys|3/100
|move|p1a: Deoxys|Stealth Rock|p2a: Azumarill
|-sidestart|p2: CameIIya|move: Stealth Rock
|
|upkeep
|turn|3
|inactive|MiniTiiger has 120 seconds left.
|inactive|MiniTiiger has 90 seconds left.
|
|t:|1779687889
|switch|p1a: Dragonite|Dragonite, M|100/100
|move|p2a: Azumarill|Aqua Jet|p1a: Dragonite
|-resisted|p1a: Dragonite
|-damage|p1a: Dragonite|91/100
|
|upkeep
|turn|4
|inactive|MiniTiiger has 60 seconds left.
|
|t:|1779687924
|switch|p1a: Gholdengo|Gholdengo|100/100
|switch|p2a: Gastrodon|Gastrodon, F|100/100
|-damage|p2a: Gastrodon|94/100|[from] Stealth Rock
|
|-heal|p2a: Gastrodon|100/100|[from] item: Leftovers
|upkeep
|turn|5
|inactive|MiniTiiger has 60 seconds left.
|
|t:|1779687935
|move|p1a: Gholdengo|Nasty Plot|p1a: Gholdengo
|-boost|p1a: Gholdengo|spa|2
|move|p2a: Gastrodon|Earth Power|p1a: Gholdengo
|-supereffective|p1a: Gholdengo
|-damage|p1a: Gholdengo|32/100
|
|upkeep
|turn|6
|inactive|MiniTiiger has 60 seconds left.
|
|t:|1779687962
|move|p1a: Gholdengo|Shadow Ball|p2a: Gastrodon
|-damage|p2a: Gastrodon|31/100
|move|p2a: Gastrodon|Surf|p1a: Gholdengo
|-damage|p1a: Gholdengo|0 fnt
|faint|p1a: Gholdengo
|
|-heal|p2a: Gastrodon|37/100|[from] item: Leftovers
|upkeep
|inactive|MiniTiiger has 30 seconds left.
|inactive|MiniTiiger has 20 seconds left.
|
|t:|1779687992
|switch|p1a: Zamazenta|Zamazenta, shiny|100/100
|-ability|p1a: Zamazenta|Dauntless Shield|boost
|-boost|p1a: Zamazenta|def|1
|turn|7
|inactive|MiniTiiger has 30 seconds left this turn.
|
|t:|1779687997
|move|p1a: Zamazenta|Close Combat|p2a: Gastrodon
|-damage|p2a: Gastrodon|0 fnt
|-unboost|p1a: Zamazenta|def|1
|-unboost|p1a: Zamazenta|spd|1
|faint|p2a: Gastrodon
|-damage|p1a: Zamazenta|91/100|[from] item: Life Orb
|
|upkeep
|
|t:|1779688006
|switch|p2a: Azumarill|Azumarill, F|100/100
|-damage|p2a: Azumarill|88/100|[from] Stealth Rock
|turn|8
|inactive|MiniTiiger has 30 seconds left.
|inactive|MiniTiiger has 20 seconds left.
|inactive|MiniTiiger has 15 seconds left.
|
|t:|1779688032
|-terastallize|p1a: Zamazenta|Steel
|move|p1a: Zamazenta|Heavy Slam|p2a: Azumarill
|-damage|p2a: Azumarill|0 fnt
|faint|p2a: Azumarill
|-damage|p1a: Zamazenta|81/100|[from] item: Life Orb
|
|upkeep
|
|t:|1779688040
|switch|p2a: Corviknight|Corviknight, F|100/100
|-damage|p2a: Corviknight|88/100|[from] Stealth Rock
|-ability|p2a: Corviknight|Pressure
|turn|9
|inactive|MiniTiiger has 30 seconds left this turn.
|
|t:|1779688047
|move|p1a: Zamazenta|Close Combat|p2a: Corviknight
|-damage|p2a: Corviknight|17/100
|-unboost|p1a: Zamazenta|def|1
|-unboost|p1a: Zamazenta|spd|1
|-damage|p1a: Zamazenta|71/100|[from] item: Life Orb
|move|p2a: Corviknight|Bulk Up|p2a: Corviknight
|-boost|p2a: Corviknight|atk|1
|-boost|p2a: Corviknight|def|1
|
|-heal|p2a: Corviknight|23/100|[from] item: Leftovers
|upkeep
|turn|10
|
|t:|1779688060
|-terastallize|p2a: Corviknight|Flying
|move|p1a: Zamazenta|Close Combat|p2a: Corviknight
|-resisted|p2a: Corviknight
|-damage|p2a: Corviknight|0 fnt
|-unboost|p1a: Zamazenta|def|1
|-unboost|p1a: Zamazenta|spd|1
|faint|p2a: Corviknight
|-damage|p1a: Zamazenta|61/100|[from] item: Life Orb
|
|upkeep
|
|t:|1779688071
|switch|p2a: Chandelure|Chandelure, M|100/100
|-damage|p2a: Chandelure|76/100|[from] Stealth Rock
|turn|11
|
|t:|1779688080
|switch|p1a: Deoxys|Deoxys-Speed|3/100
|-ability|p1a: Deoxys|Pressure
|move|p2a: Chandelure|Shadow Ball|p1a: Deoxys
|-supereffective|p1a: Deoxys
|-damage|p1a: Deoxys|0 fnt
|faint|p1a: Deoxys
|
|upkeep
|inactive|MiniTiiger has 30 seconds left.
|inactive|MiniTiiger has 20 seconds left.
|
|t:|1779688112
|switch|p1a: Great Tusk|Great Tusk|100/100
|-enditem|p1a: Great Tusk|Booster Energy
|-activate|p1a: Great Tusk|ability: Protosynthesis|[fromitem]
|-start|p1a: Great Tusk|protosynthesisspe
|turn|12
|inactive|MiniTiiger has 30 seconds left this turn.
|inactive|MiniTiiger has 20 seconds left.
|
|t:|1779688124
|move|p1a: Great Tusk|Headlong Rush|p2a: Chandelure
|-supereffective|p2a: Chandelure
|-damage|p2a: Chandelure|0 fnt
|-unboost|p1a: Great Tusk|def|1
|-unboost|p1a: Great Tusk|spd|1
|faint|p2a: Chandelure
|
|upkeep
|
|t:|1779688131
|switch|p2a: Gliscor|Gliscor, M|100/100
|-damage|p2a: Gliscor|88/100|[from] Stealth Rock
|turn|13
|inactive|MiniTiiger has 30 seconds left.
|
|t:|1779688139
|move|p1a: Great Tusk|Ice Spinner|p2a: Gliscor
|-supereffective|p2a: Gliscor
|-damage|p2a: Gliscor|8/100
|move|p2a: Gliscor|Swords Dance|p2a: Gliscor
|-boost|p2a: Gliscor|atk|2
|
|-status|p2a: Gliscor|tox|[from] item: Toxic Orb
|upkeep
|turn|14
|-message|CameIIya forfeited.
|
|win|MiniTiiger
|raw|MiniTiiger's rating: 1157 &rarr; <strong>1181</strong><br />(+24 for winning)
|raw|CameIIya's rating: 1147 &rarr; <strong>1123</strong><br />(-24 for losing)
|l|☆CameIIya
|player|p2|
