|j|☆Belike
|j|☆a2533540231
|t:|1779631863
|gametype|singles
|player|p1|Belike|rocketgrunt|1196
|player|p2|a2533540231|266|1159
|gen|9
|tier|[Gen 9] OU
|rated|
|rule|HP Percentage Mod: HP is shown in percentages
|rule|Endless Battle Clause: Forcing endless battles is banned
|rule|Species Clause: Limit one of each Pokémon
|rule|OHKO Clause: OHKO moves are banned
|rule|Evasion Items Clause: Evasion items are banned
|rule|Evasion Moves Clause: Evasion moves are banned
|rule|Evasion Abilities Clause: Evasion abilities are banned
|rule|Sleep Moves Clause: Sleep-inducing moves are banned
|clearpoke
|poke|p1|Regidrago|
|poke|p1|Registeel|
|poke|p1|Regice|
|poke|p1|Regigigas|
|poke|p1|Regieleki|
|poke|p1|Regirock|
|poke|p2|Corviknight, F|
|poke|p2|Hatterene, F|
|poke|p2|Clefable, F|
|poke|p2|Alomomola, M|
|poke|p2|Garchomp, M|
|poke|p2|Iron Treads|
|teampreview
|inactive|Battle timer is ON: inactive players will automatically lose when time's up. (requested by Belike)
|
|t:|1779631879
|teamsize|p1|6
|teamsize|p2|6
|start
|switch|p1a: Regice|Regice|100/100
|switch|p2a: Hatterene|Hatterene, F|100/100
|turn|1
|
|t:|1779631885
|move|p2a: Hatterene|Trick|p1a: Regice
|-activate|p2a: Hatterene|move: Trick|[of] p1a: Regice
|-item|p1a: Regice|Choice Scarf|[from] move: Trick
|-item|p2a: Hatterene|Assault Vest|[from] move: Trick
|move|p1a: Regice|Flash Cannon|p2a: Hatterene
|-supereffective|p2a: Hatterene
|-damage|p2a: Hatterene|73/100
|
|upkeep
|turn|2
|
|t:|1779631907
|switch|p1a: Regigigas|Regigigas|100/100
|-start|p1a: Regigigas|ability: Slow Start
|switch|p2a: Alomomola|Alomomola, M|100/100
|
|upkeep
|turn|3
|
|t:|1779631912
|move|p2a: Alomomola|Flip Turn|p1a: Regigigas
|-damage|p1a: Regigigas|89/100
|
|t:|1779631918
|switch|p2a: Garchomp|Garchomp, M|100/100|[from] Flip Turn
|move|p1a: Regigigas|Substitute|p1a: Regigigas
|-start|p1a: Regigigas|Substitute
|-damage|p1a: Regigigas|64/100
|
|-heal|p1a: Regigigas|70/100|[from] item: Leftovers
|upkeep
|turn|4
|
|t:|1779631927
|move|p1a: Regigigas|Protect|p1a: Regigigas
|-singleturn|p1a: Regigigas|Protect
|move|p2a: Garchomp|Earthquake|p1a: Regigigas
|-activate|p1a: Regigigas|move: Protect
|
|-heal|p1a: Regigigas|77/100|[from] item: Leftovers
|upkeep
|turn|5
|
|t:|1779631932
|move|p2a: Garchomp|Earthquake|p1a: Regigigas
|-end|p1a: Regigigas|Substitute
|move|p1a: Regigigas|Substitute|p1a: Regigigas
|-start|p1a: Regigigas|Substitute
|-damage|p1a: Regigigas|52/100
|
|-heal|p1a: Regigigas|58/100|[from] item: Leftovers
|upkeep
|turn|6
|
|t:|1779631940
|move|p1a: Regigigas|Protect|p1a: Regigigas
|-singleturn|p1a: Regigigas|Protect
|move|p2a: Garchomp|Swords Dance|p2a: Garchomp
|-boost|p2a: Garchomp|atk|2
|
|-heal|p1a: Regigigas|64/100|[from] item: Leftovers
|upkeep
|turn|7
|
|t:|1779631947
|move|p2a: Garchomp|Earthquake|p1a: Regigigas
|-end|p1a: Regigigas|Substitute
|move|p1a: Regigigas|Substitute|p1a: Regigigas
|-start|p1a: Regigigas|Substitute
|-damage|p1a: Regigigas|39/100
|
|-heal|p1a: Regigigas|45/100|[from] item: Leftovers
|-end|p1a: Regigigas|Slow Start
|upkeep
|turn|8
|
|t:|1779631954
|move|p2a: Garchomp|Swords Dance|p2a: Garchomp
|-boost|p2a: Garchomp|atk|2
|move|p1a: Regigigas|Knock Off|p2a: Garchomp
|-damage|p2a: Garchomp|73/100
|-damage|p1a: Regigigas|33/100|[from] ability: Rough Skin|[of] p2a: Garchomp
|-damage|p1a: Regigigas|17/100|[from] item: Rocky Helmet|[of] p2a: Garchomp
|-enditem|p2a: Garchomp|Rocky Helmet|[from] move: Knock Off|[of] p1a: Regigigas
|
|-heal|p1a: Regigigas|23/100|[from] item: Leftovers
|upkeep
|turn|9
|
|t:|1779631957
|move|p2a: Garchomp|Earthquake|p1a: Regigigas
|-end|p1a: Regigigas|Substitute
|move|p1a: Regigigas|Drain Punch|p2a: Garchomp
|-damage|p2a: Garchomp|52/100
|-heal|p1a: Regigigas|33/100|[from] drain|[of] p2a: Garchomp
|-damage|p1a: Regigigas|21/100|[from] ability: Rough Skin|[of] p2a: Garchomp
|
|-heal|p1a: Regigigas|27/100|[from] item: Leftovers
|upkeep
|turn|10
|
|t:|1779631960
|move|p1a: Regigigas|Protect|p1a: Regigigas
|-singleturn|p1a: Regigigas|Protect
|move|p2a: Garchomp|Earthquake|p1a: Regigigas
|-activate|p1a: Regigigas|move: Protect
|
|-heal|p1a: Regigigas|33/100|[from] item: Leftovers
|upkeep
|turn|11
|
|t:|1779631962
|move|p2a: Garchomp|Earthquake|p1a: Regigigas
|-damage|p1a: Regigigas|0 fnt
|faint|p1a: Regigigas
|-end|p1a: Regigigas|Slow Start|[silent]
|
|upkeep
|
|t:|1779631966
|switch|p1a: Regidrago|Regidrago|100/100
|turn|12
|
|t:|1779631978
|-terastallize|p2a: Garchomp|Ghost
|move|p1a: Regidrago|Dragon Energy|p2a: Garchomp
|-damage|p2a: Garchomp|0 fnt
|faint|p2a: Garchomp
|
|upkeep
|
|t:|1779631985
|switch|p2a: Hatterene|Hatterene, F|73/100
|turn|13
|
|t:|1779631992
|switch|p1a: Registeel|Registeel|100/100
|switch|p2a: Alomomola|Alomomola, M|100/100
|
|upkeep
|turn|14
|
|t:|1779631998
|move|p2a: Alomomola|Flip Turn|p1a: Registeel
|-damage|p1a: Registeel|89/100
|
|t:|1779632004
|switch|p2a: Corviknight|Corviknight, F|100/100|[from] Flip Turn
|-ability|p2a: Corviknight|Pressure
|move|p1a: Registeel|Stealth Rock|p2a: Corviknight
|-sidestart|p2: a2533540231|move: Stealth Rock
|
|-heal|p1a: Registeel|95/100|[from] item: Leftovers
|upkeep
|turn|15
|
|t:|1779632011
|switch|p1a: Regieleki|Regieleki|100/100
|move|p2a: Corviknight|Body Press|p1a: Regieleki
|-damage|p1a: Regieleki|53/100
|
|upkeep
|turn|16
|
|t:|1779632016
|switch|p1a: Regirock|Regirock|100/100
|switch|p2a: Iron Treads|Iron Treads|100/100
|
|upkeep
|turn|17
|
|t:|1779632022
|move|p2a: Iron Treads|Earthquake|p1a: Regirock
|-supereffective|p1a: Regirock
|-damage|p1a: Regirock|64/100
|move|p1a: Regirock|Body Press|p2a: Iron Treads
|-supereffective|p2a: Iron Treads
|-damage|p2a: Iron Treads|40/100
|
|-heal|p1a: Regirock|70/100|[from] item: Leftovers
|upkeep
|turn|18
|
|t:|1779632032
|-end|p2a: Iron Treads|Quark Drive|[silent]
|switch|p2a: Corviknight|Corviknight, F|100/100
|-damage|p2a: Corviknight|88/100|[from] Stealth Rock
|-ability|p2a: Corviknight|Pressure
|move|p1a: Regirock|Body Press|p2a: Corviknight
|-damage|p2a: Corviknight|61/100
|-damage|p1a: Regirock|53/100|[from] item: Rocky Helmet|[of] p2a: Corviknight
|
|-heal|p1a: Regirock|59/100|[from] item: Leftovers
|upkeep
|turn|19
|
|t:|1779632035
|move|p2a: Corviknight|Roost|p2a: Corviknight
|-heal|p2a: Corviknight|100/100
|-singleturn|p2a: Corviknight|move: Roost
|move|p1a: Regirock|Curse|p1a: Regirock
|-unboost|p1a: Regirock|spe|1
|-boost|p1a: Regirock|atk|1
|-boost|p1a: Regirock|def|1
|
|-heal|p1a: Regirock|65/100|[from] item: Leftovers
|upkeep
|turn|20
|
|t:|1779632047
|move|p2a: Corviknight|Defog|p1a: Regirock
|-fail|p1a: Regirock|unboost|[from] ability: Clear Body|[of] p1a: Regirock
|-sideend|p2: a2533540231|Stealth Rock|[from] move: Defog|[of] p2a: Corviknight
|move|p1a: Regirock|Curse|p1a: Regirock
|-unboost|p1a: Regirock|spe|1
|-boost|p1a: Regirock|atk|1
|-boost|p1a: Regirock|def|1
|
|-heal|p1a: Regirock|71/100|[from] item: Leftovers
|upkeep
|turn|21
|
|t:|1779632056
|switch|p2a: Clefable|Clefable, F|100/100
|move|p1a: Regirock|Body Press|p2a: Clefable
|-resisted|p2a: Clefable
|-damage|p2a: Clefable|78/100
|
|-heal|p2a: Clefable|84/100|[from] item: Leftovers
|-heal|p1a: Regirock|77/100|[from] item: Leftovers
|upkeep
|turn|22
|
|t:|1779632063
|move|p2a: Clefable|Calm Mind|p2a: Clefable
|-boost|p2a: Clefable|spa|1
|-boost|p2a: Clefable|spd|1
|move|p1a: Regirock|Earthquake|p2a: Clefable
|-damage|p2a: Clefable|65/100
|
|-heal|p2a: Clefable|72/100|[from] item: Leftovers
|-heal|p1a: Regirock|83/100|[from] item: Leftovers
|upkeep
|turn|23
|
|t:|1779632069
|move|p2a: Clefable|Calm Mind|p2a: Clefable
|-boost|p2a: Clefable|spa|1
|-boost|p2a: Clefable|spd|1
|move|p1a: Regirock|Curse|p1a: Regirock
|-unboost|p1a: Regirock|spe|1
|-boost|p1a: Regirock|atk|1
|-boost|p1a: Regirock|def|1
|
|-heal|p2a: Clefable|78/100|[from] item: Leftovers
|-heal|p1a: Regirock|90/100|[from] item: Leftovers
|upkeep
|turn|24
|
|t:|1779632072
|move|p2a: Clefable|Calm Mind|p2a: Clefable
|-boost|p2a: Clefable|spa|1
|-boost|p2a: Clefable|spd|1
|move|p1a: Regirock|Curse|p1a: Regirock
|-unboost|p1a: Regirock|spe|1
|-boost|p1a: Regirock|atk|1
|-boost|p1a: Regirock|def|1
|
|-heal|p2a: Clefable|84/100|[from] item: Leftovers
|-heal|p1a: Regirock|96/100|[from] item: Leftovers
|upkeep
|turn|25
|
|t:|1779632074
|move|p2a: Clefable|Calm Mind|p2a: Clefable
|-boost|p2a: Clefable|spa|1
|-boost|p2a: Clefable|spd|1
|move|p1a: Regirock|Body Press|p2a: Clefable
|-resisted|p2a: Clefable
|-damage|p2a: Clefable|61/100
|
|-heal|p2a: Clefable|67/100|[from] item: Leftovers
|-heal|p1a: Regirock|100/100|[from] item: Leftovers
|upkeep
|turn|26
|
|t:|1779632076
|move|p2a: Clefable|Calm Mind|p2a: Clefable
|-boost|p2a: Clefable|spa|1
|-boost|p2a: Clefable|spd|1
|move|p1a: Regirock|Body Press|p2a: Clefable
|-resisted|p2a: Clefable
|-damage|p2a: Clefable|47/100
|
|-heal|p2a: Clefable|54/100|[from] item: Leftovers
|upkeep
|turn|27
|
|t:|1779632078
|move|p2a: Clefable|Calm Mind|p2a: Clefable
|-boost|p2a: Clefable|spa|1
|-boost|p2a: Clefable|spd|1
|move|p1a: Regirock|Body Press|p2a: Clefable
|-resisted|p2a: Clefable
|-crit|p2a: Clefable
|-damage|p2a: Clefable|25/100
|
|-heal|p2a: Clefable|31/100|[from] item: Leftovers
|upkeep
|turn|28
|
|t:|1779632084
|move|p2a: Clefable|Moonlight|p2a: Clefable
|-heal|p2a: Clefable|81/100
|move|p1a: Regirock|Body Press|p2a: Clefable
|-resisted|p2a: Clefable
|-damage|p2a: Clefable|60/100
|
|-heal|p2a: Clefable|66/100|[from] item: Leftovers
|upkeep
|turn|29
|
|t:|1779632091
|move|p2a: Clefable|Stored Power|p1a: Regirock
|-damage|p1a: Regirock|0 fnt
|faint|p1a: Regirock
|
|-heal|p2a: Clefable|72/100|[from] item: Leftovers
|upkeep
|
|t:|1779632093
|switch|p1a: Registeel|Registeel|95/100
|turn|30
|
|t:|1779632099
|move|p2a: Clefable|Flamethrower|p1a: Registeel
|-supereffective|p1a: Registeel
|-damage|p1a: Registeel|0 fnt
|faint|p1a: Registeel
|
|-heal|p2a: Clefable|78/100|[from] item: Leftovers
|upkeep
|
|t:|1779632102
|switch|p1a: Regieleki|Regieleki|53/100
|turn|31
|
|t:|1779632106
|move|p1a: Regieleki|Explosion|p2a: Clefable
|-damage|p2a: Clefable|8/100
|faint|p1a: Regieleki
|move|p2a: Clefable|Stored Power|p1: Regieleki|[notarget]
|-fail|p2a: Clefable
|
|-heal|p2a: Clefable|14/100|[from] item: Leftovers
|upkeep
|
|t:|1779632112
|switch|p1a: Regice|Regice|100/100
|turn|32
|
|t:|1779632115
|move|p1a: Regice|Flash Cannon|p2a: Clefable
|-supereffective|p2a: Clefable
|-damage|p2a: Clefable|5/100
|move|p2a: Clefable|Moonlight|p2a: Clefable
|-heal|p2a: Clefable|55/100
|
|-heal|p2a: Clefable|61/100|[from] item: Leftovers
|upkeep
|turn|33
|
|t:|1779632122
|move|p1a: Regice|Flash Cannon|p2a: Clefable
|-supereffective|p2a: Clefable
|-damage|p2a: Clefable|51/100
|move|p2a: Clefable|Moonlight|p2a: Clefable
|-heal|p2a: Clefable|100/100
|
|upkeep
|turn|34
|-message|Belike forfeited.
|
|win|a2533540231
|raw|Belike's rating: 1196 &rarr; <strong>1168</strong><br />(-28 for losing)
|raw|a2533540231's rating: 1159 &rarr; <strong>1187</strong><br />(+28 for winning)
|l|☆Belike
|player|p1|
|l|☆a2533540231
|player|p2|
