|j|☆syncozazyy
|j|☆ggghhhgbnhgnj
|t:|1779603440
|gametype|singles
|player|p1|syncozazyy|169|1091
|player|p2|ggghhhgbnhgnj|265|1064
|gen|9
|tier|[Gen 9] OU
|rated|
|rule|HP Percentage Mod: HP is shown in percentages
|rule|Endless Battle Clause: Forcing endless battles is banned
|rule|Species Clause: Limit one of each Pokémon
|rule|OHKO Clause: OHKO moves are banned
|rule|Evasion Items Clause: Evasion items are banned
|rule|Evasion Moves Clause: Evasion moves are banned
|rule|Evasion Abilities Clause: Evasion abilities are banned
|rule|Sleep Moves Clause: Sleep-inducing moves are banned
|clearpoke
|poke|p1|Dragalge, F|
|poke|p1|Tinkaton, F|
|poke|p1|Typhlosion-Hisui, F|
|poke|p1|Abomasnow, M|
|poke|p1|Beartic, M|
|poke|p1|Froslass, F|
|poke|p2|Chandelure, M|
|poke|p2|Sableye, M|
|poke|p2|Gengar, M|
|poke|p2|Mimikyu, F|
|poke|p2|Brambleghast, M|
|poke|p2|Mismagius, F|
|teampreview
|
|t:|1779603453
|teamsize|p1|6
|teamsize|p2|6
|start
|switch|p1a: Froslass|Froslass, F|100/100
|switch|p2a: Sableye|Sableye, M|100/100
|turn|1
|
|t:|1779603460
|move|p2a: Sableye|Thunder Wave|p1a: Froslass
|-status|p1a: Froslass|par
|move|p1a: Froslass|Taunt|p2a: Sableye
|-start|p2a: Sableye|move: Taunt
|
|upkeep
|turn|2
|
|t:|1779603469
|move|p2a: Sableye|Shadow Sneak|p1a: Froslass
|-supereffective|p1a: Froslass
|-damage|p1a: Froslass|68/100 par
|move|p1a: Froslass|Spikes|p2a: Sableye
|-sidestart|p2: ggghhhgbnhgnj|Spikes
|
|upkeep
|turn|3
|
|t:|1779603475
|move|p2a: Sableye|Shadow Sneak|p1a: Froslass
|-supereffective|p1a: Froslass
|-damage|p1a: Froslass|35/100 par
|move|p1a: Froslass|Spikes|p2a: Sableye
|-sidestart|p2: ggghhhgbnhgnj|Spikes
|
|upkeep
|turn|4
|
|t:|1779603481
|move|p2a: Sableye|Shadow Sneak|p1a: Froslass
|-supereffective|p1a: Froslass
|-damage|p1a: Froslass|0 fnt
|-start|p2a: Sableye|Disable|Shadow Sneak|[from] ability: Cursed Body|[of] p1a: Froslass
|faint|p1a: Froslass
|
|-end|p2a: Sableye|move: Taunt
|upkeep
|
|t:|1779603484
|switch|p1a: Abomasnow|Abomasnow, M|100/100
|-weather|Snowscape|[from] ability: Snow Warning|[of] p1a: Abomasnow
|turn|5
|
|t:|1779603492
|move|p2a: Sableye|Will-O-Wisp|p1a: Abomasnow
|-status|p1a: Abomasnow|brn
|move|p1a: Abomasnow|Aurora Veil|p1a: Abomasnow
|-sidestart|p1: syncozazyy|move: Aurora Veil
|
|-weather|Snowscape|[upkeep]
|-damage|p1a: Abomasnow|94/100 brn|[from] brn
|upkeep
|turn|6
|
|t:|1779603501
|move|p2a: Sableye|Pain Split|p1a: Abomasnow
|-sethp|p1a: Abomasnow|79/100 brn|[from] move: Pain Split|[silent]
|-sethp|p2a: Sableye|100/100|[from] move: Pain Split
|move|p1a: Abomasnow|Blizzard|p2a: Sableye
|-damage|p2a: Sableye|31/100
|-enditem|p2a: Sableye|Red Card|[of] p1a: Abomasnow
|drag|p1a: Typhlosion|Typhlosion-Hisui, F|100/100
|
|-weather|Snowscape|[upkeep]
|upkeep
|turn|7
|
|t:|1779603513
|move|p2a: Sableye|Thunder Wave|p1a: Typhlosion
|-status|p1a: Typhlosion|par
|move|p1a: Typhlosion|Infernal Parade|p2a: Sableye
|-damage|p2a: Sableye|0 fnt
|faint|p2a: Sableye
|
|-weather|Snowscape|[upkeep]
|upkeep
|
|t:|1779603530
|switch|p2a: Mismagius|Mismagius, F|100/100
|turn|8
|
|t:|1779603541
|-terastallize|p1a: Typhlosion|Fire
|move|p2a: Mismagius|Hex|p1a: Typhlosion
|-damage|p1a: Typhlosion|53/100 par
|-damage|p2a: Mismagius|91/100|[from] item: Life Orb
|move|p1a: Typhlosion|Infernal Parade|p2a: Mismagius
|-supereffective|p2a: Mismagius
|-crit|p2a: Mismagius
|-damage|p2a: Mismagius|0 fnt
|faint|p2a: Mismagius
|
|-weather|Snowscape|[upkeep]
|upkeep
|
|t:|1779603554
|switch|p2a: Brambleghast|Brambleghast, M|100/100
|turn|9
|
|t:|1779603566
|-terastallize|p2a: Brambleghast|Fire
|move|p2a: Brambleghast|Rapid Spin|p1a: Typhlosion
|-damage|p1a: Typhlosion|29/100 par
|-boost|p2a: Brambleghast|spe|1
|-sideend|p2: ggghhhgbnhgnj|Spikes|[from] move: Rapid Spin|[of] p2a: Brambleghast
|move|p1a: Typhlosion|Infernal Parade|p2a: Brambleghast
|-damage|p2a: Brambleghast|50/100
|
|-weather|Snowscape|[upkeep]
|-sideend|p1: syncozazyy|move: Aurora Veil
|upkeep
|turn|10
|
|t:|1779603587
|move|p2a: Brambleghast|Strength Sap|p1a: Typhlosion
|-unboost|p1a: Typhlosion|atk|1
|-heal|p2a: Brambleghast|100/100
|cant|p1a: Typhlosion|par
|
|-weather|Snowscape|[upkeep]
|upkeep
|turn|11
|
|t:|1779603601
|switch|p1a: Dragalge|Dragalge, F|100/100
|move|p2a: Brambleghast|Bullet Seed|p1a: Dragalge
|-resisted|p1a: Dragalge
|-damage|p1a: Dragalge|96/100
|-resisted|p1a: Dragalge
|-damage|p1a: Dragalge|92/100
|-resisted|p1a: Dragalge
|-damage|p1a: Dragalge|87/100
|-hitcount|p1a: Dragalge|3
|
|-weather|Snowscape|[upkeep]
|upkeep
|turn|12
|
|t:|1779603614
|move|p2a: Brambleghast|Leech Seed|p1a: Dragalge
|-start|p1a: Dragalge|move: Leech Seed
|move|p1a: Dragalge|Hydro Pump|p2a: Brambleghast
|-supereffective|p2a: Brambleghast
|-damage|p2a: Brambleghast|0 fnt
|faint|p2a: Brambleghast
|
|-weather|none
|upkeep
|inactive|Battle timer is ON: inactive players will automatically lose when time's up. (requested by syncozazyy)
|
|t:|1779603635
|switch|p2a: Gengar|Gengar, M|100/100
|turn|13
|
|t:|1779603646
|switch|p1a: Abomasnow|Abomasnow, M|79/100 brn
|-weather|Snowscape|[from] ability: Snow Warning|[of] p1a: Abomasnow
|move|p2a: Gengar|Icy Wind|p1a: Abomasnow
|-damage|p1a: Abomasnow|58/100 brn
|-unboost|p1a: Abomasnow|spe|1
|
|-weather|Snowscape|[upkeep]
|-damage|p1a: Abomasnow|52/100 brn|[from] brn
|upkeep
|turn|14
|
|t:|1779603661
|move|p2a: Gengar|Toxic Spikes|p1a: Abomasnow
|-sidestart|p1: syncozazyy|move: Toxic Spikes
|move|p1a: Abomasnow|Aurora Veil|p1a: Abomasnow
|-sidestart|p1: syncozazyy|move: Aurora Veil
|
|-weather|Snowscape|[upkeep]
|-damage|p1a: Abomasnow|45/100 brn|[from] brn
|upkeep
|turn|15
|
|t:|1779603672
|move|p2a: Gengar|Hex|p1a: Abomasnow
|-damage|p1a: Abomasnow|9/100 brn
|move|p1a: Abomasnow|Earth Power|p2a: Gengar
|-supereffective|p2a: Gengar
|-damage|p2a: Gengar|4/100
|
|-weather|Snowscape|[upkeep]
|-damage|p1a: Abomasnow|2/100 brn|[from] brn
|upkeep
|turn|16
|
|t:|1779603685
|move|p2a: Gengar|Hex|p1a: Abomasnow
|-damage|p1a: Abomasnow|0 fnt
|faint|p1a: Abomasnow
|
|-weather|Snowscape|[upkeep]
|upkeep
|
|t:|1779603688
|switch|p1a: Beartic|Beartic, M|100/100
|-status|p1a: Beartic|psn
|turn|17
|
|t:|1779603715
|move|p1a: Beartic|Liquidation|p2a: Gengar
|-damage|p2a: Gengar|0 fnt
|faint|p2a: Gengar
|-damage|p1a: Beartic|91/100 psn|[from] item: Life Orb
|
|-weather|Snowscape|[upkeep]
|-damage|p1a: Beartic|78/100 psn|[from] psn
|upkeep
|
|t:|1779603724
|switch|p2a: Mimikyu|Mimikyu, F|100/100
|turn|18
|
|t:|1779603730
|move|p1a: Beartic|Liquidation|p2a: Mimikyu
|-activate|p2a: Mimikyu|ability: Disguise
|-damage|p2a: Mimikyu|100/100
|detailschange|p2a: Mimikyu|Mimikyu-Busted, F
|-damage|p2a: Mimikyu|88/100|[from] pokemon: Mimikyu-Busted
|-damage|p1a: Beartic|68/100 psn|[from] item: Life Orb
|move|p2a: Mimikyu|Swords Dance|p2a: Mimikyu
|-boost|p2a: Mimikyu|atk|2
|
|-weather|Snowscape|[upkeep]
|-damage|p1a: Beartic|56/100 psn|[from] psn
|-sideend|p1: syncozazyy|move: Aurora Veil
|upkeep
|turn|19
|
|t:|1779603745
|move|p1a: Beartic|Liquidation|p2a: Mimikyu
|-damage|p2a: Mimikyu|22/100
|-unboost|p2a: Mimikyu|def|1
|-damage|p1a: Beartic|46/100 psn|[from] item: Life Orb
|move|p2a: Mimikyu|Drain Punch|p1a: Beartic
|-supereffective|p1a: Beartic
|-damage|p1a: Beartic|0 fnt
|-heal|p2a: Mimikyu|52/100|[from] drain|[of] p1a: Beartic
|faint|p1a: Beartic
|
|-weather|Snowscape|[upkeep]
|upkeep
|
|t:|1779603752
|switch|p1a: Tinkaton|Tinkaton, F|100/100
|-ability|p1a: Tinkaton|Mold Breaker
|turn|20
|inactive|ggghhhgbnhgnj has 120 seconds left.
|
|t:|1779603786
|move|p1a: Tinkaton|Gigaton Hammer|p2a: Mimikyu
|-supereffective|p2a: Mimikyu
|-damage|p2a: Mimikyu|0 fnt
|faint|p2a: Mimikyu
|
|-weather|none
|upkeep
|inactive|ggghhhgbnhgnj has 120 seconds left.
|
|t:|1779603793
|switch|p2a: Chandelure|Chandelure, M|100/100
|turn|21
|
|t:|1779603800
|move|p1a: Tinkaton|Knock Off|p2a: Chandelure
|-supereffective|p2a: Chandelure
|-damage|p2a: Chandelure|35/100
|-enditem|p2a: Chandelure|Focus Sash|[from] move: Knock Off|[of] p1a: Tinkaton
|move|p2a: Chandelure|Hex|p1a: Tinkaton
|-damage|p1a: Tinkaton|58/100
|
|-heal|p1a: Tinkaton|64/100|[from] item: Leftovers
|upkeep
|turn|22
|
|t:|1779603813
|move|p1a: Tinkaton|Knock Off|p2a: Chandelure
|-supereffective|p2a: Chandelure
|-crit|p2a: Chandelure
|-damage|p2a: Chandelure|0 fnt
|faint|p2a: Chandelure
|
|win|syncozazyy
|raw|syncozazyy's rating: 1117 &rarr; <strong>1138</strong><br />(+21 for winning)
|raw|ggghhhgbnhgnj's rating: 1064 &rarr; <strong>1047</strong><br />(-17 for losing)
|l|☆syncozazyy
|player|p1|
|l|☆ggghhhgbnhgnj
|player|p2|
