|j|☆Skibi67Claviclr
|j|☆Archer9s
|t:|1779693228
|gametype|singles
|player|p1|Skibi67Claviclr|266|1054
|player|p2|Archer9s|n|1063
|gen|9
|tier|[Gen 9] OU
|rated|
|rule|HP Percentage Mod: HP is shown in percentages
|rule|Endless Battle Clause: Forcing endless battles is banned
|rule|Species Clause: Limit one of each Pokémon
|rule|OHKO Clause: OHKO moves are banned
|rule|Evasion Items Clause: Evasion items are banned
|rule|Evasion Moves Clause: Evasion moves are banned
|rule|Evasion Abilities Clause: Evasion abilities are banned
|rule|Sleep Moves Clause: Sleep-inducing moves are banned
|clearpoke
|poke|p1|Ninetales-Alola, M|
|poke|p1|Samurott-Hisui, M|
|poke|p1|Zamazenta-*|
|poke|p1|Ogerpon-Wellspring, F|
|poke|p1|Oricorio-Sensu, F|
|poke|p1|Hatterene, F|
|poke|p2|Deoxys-Speed|
|poke|p2|Talonflame, M|
|poke|p2|Dragapult, M|
|poke|p2|Iron Boulder|
|poke|p2|Weavile, F|
|poke|p2|Meowscarada, M|
|teampreview
|
|t:|1779693234
|teamsize|p1|6
|teamsize|p2|6
|start
|switch|p1a: Hatterene|Hatterene, F|100/100
|switch|p2a: Deoxys|Deoxys-Speed|100/100
|-ability|p2a: Deoxys|Pressure
|turn|1
|
|t:|1779693252
|move|p2a: Deoxys|Calm Mind|p2a: Deoxys
|-boost|p2a: Deoxys|spa|1
|-boost|p2a: Deoxys|spd|1
|move|p1a: Hatterene|Calm Mind|p1a: Hatterene
|-boost|p1a: Hatterene|spa|1
|-boost|p1a: Hatterene|spd|1
|
|upkeep
|turn|2
|
|t:|1779693259
|switch|p1a: Ninetales|Ninetales-Alola, M|100/100
|-weather|Snowscape|[from] ability: Snow Warning|[of] p1a: Ninetales
|move|p2a: Deoxys|Calm Mind|p2a: Deoxys
|-boost|p2a: Deoxys|spa|1
|-boost|p2a: Deoxys|spd|1
|
|-weather|Snowscape|[upkeep]
|upkeep
|turn|3
|
|t:|1779693266
|move|p2a: Deoxys|Calm Mind|p2a: Deoxys
|-boost|p2a: Deoxys|spa|1
|-boost|p2a: Deoxys|spd|1
|move|p1a: Ninetales|Encore|p2a: Deoxys
|-start|p2a: Deoxys|Encore
|
|-weather|Snowscape|[upkeep]
|upkeep
|turn|4
|
|t:|1779693279
|switch|p1a: Samurott|Samurott-Hisui, M|100/100
|move|p2a: Deoxys|Calm Mind|p2a: Deoxys
|-boost|p2a: Deoxys|spa|1
|-boost|p2a: Deoxys|spd|1
|
|-weather|Snowscape|[upkeep]
|upkeep
|turn|5
|
|t:|1779693286
|move|p2a: Deoxys|Calm Mind|p2a: Deoxys
|-boost|p2a: Deoxys|spa|1
|-boost|p2a: Deoxys|spd|1
|move|p1a: Samurott|Ceaseless Edge|p2a: Deoxys
|-supereffective|p2a: Deoxys
|-damage|p2a: Deoxys|0 fnt
|-sidestart|p2: Archer9s|Spikes
|faint|p2a: Deoxys
|
|-weather|Snowscape|[upkeep]
|upkeep
|
|t:|1779693299
|switch|p2a: Meowscarada|Meowscarada, M|100/100
|-damage|p2a: Meowscarada|88/100|[from] Spikes
|turn|6
|
|t:|1779693303
|move|p2a: Meowscarada|Bullet Seed|p1a: Samurott
|-start|p2a: Meowscarada|typechange|Grass|[from] ability: Protean
|-supereffective|p1a: Samurott
|-damage|p1a: Samurott|66/100
|-supereffective|p1a: Samurott
|-damage|p1a: Samurott|32/100
|-supereffective|p1a: Samurott
|-damage|p1a: Samurott|0 fnt
|faint|p1a: Samurott
|-hitcount|p1: Samurott|3
|
|-weather|none
|upkeep
|
|t:|1779693320
|switch|p1a: Ninetales|Ninetales-Alola, M|100/100
|-weather|Snowscape|[from] ability: Snow Warning|[of] p1a: Ninetales
|turn|7
|
|t:|1779693325
|move|p1a: Ninetales|Aurora Veil|p1a: Ninetales
|-sidestart|p1: Skibi67Claviclr|move: Aurora Veil
|move|p2a: Meowscarada|Play Rough|p1a: Ninetales
|-damage|p1a: Ninetales|89/100
|
|-weather|Snowscape|[upkeep]
|upkeep
|turn|8
|
|t:|1779693343
|switch|p1a: Ogerpon|Ogerpon-Wellspring, F|100/100
|move|p2a: Meowscarada|Trick Room|p2a: Meowscarada
|-fieldstart|move: Trick Room|[of] p2a: Meowscarada
|
|-weather|Snowscape|[upkeep]
|upkeep
|turn|9
|
|t:|1779693351
|move|p2a: Meowscarada|Foul Play|p1a: Ogerpon
|-damage|p1a: Ogerpon|79/100
|move|p1a: Ogerpon|Swords Dance|p1a: Ogerpon
|-boost|p1a: Ogerpon|atk|2
|
|-weather|Snowscape|[upkeep]
|upkeep
|turn|10
|
|t:|1779693356
|move|p2a: Meowscarada|Foul Play|p1a: Ogerpon
|-damage|p1a: Ogerpon|40/100
|move|p1a: Ogerpon|Play Rough|p2a: Meowscarada
|-damage|p2a: Meowscarada|0 fnt
|faint|p2a: Meowscarada
|
|-weather|Snowscape|[upkeep]
|upkeep
|
|t:|1779693367
|switch|p2a: Talonflame|Talonflame, M|100/100
|turn|11
|
|t:|1779693371
|move|p1a: Ogerpon|Ivy Cudgel|p2a: Talonflame|[anim] Ivy Cudgel Water
|-supereffective|p2a: Talonflame
|-damage|p2a: Talonflame|0 fnt
|faint|p2a: Talonflame
|
|-weather|none
|upkeep
|
|t:|1779693378
|switch|p2a: Weavile|Weavile, F|100/100
|-damage|p2a: Weavile|88/100|[from] Spikes
|-ability|p2a: Weavile|Pressure
|turn|12
|
|t:|1779693384
|move|p1a: Ogerpon|Ivy Cudgel|p2a: Weavile|[anim] Ivy Cudgel Water
|-damage|p2a: Weavile|0 fnt
|faint|p2a: Weavile
|
|-fieldend|move: Trick Room
|upkeep
|
|t:|1779693387
|switch|p2a: Dragapult|Dragapult, M|100/100
|-damage|p2a: Dragapult|88/100|[from] Spikes
|turn|13
|
|t:|1779693394
|move|p2a: Dragapult|Psychic Fangs|p1a: Ogerpon
|-sideend|p1: Skibi67Claviclr|move: Aurora Veil
|-damage|p1a: Ogerpon|0 fnt
|faint|p1a: Ogerpon
|
|upkeep
|
|t:|1779693403
|switch|p1a: Ninetales|Ninetales-Alola, M|89/100
|-weather|Snowscape|[from] ability: Snow Warning|[of] p1a: Ninetales
|turn|14
|
|t:|1779693420
|move|p2a: Dragapult|Psychic Fangs|p1a: Ninetales
|-damage|p1a: Ninetales|57/100
|move|p1a: Ninetales|Aurora Veil|p1a: Ninetales
|-sidestart|p1: Skibi67Claviclr|move: Aurora Veil
|
|-weather|Snowscape|[upkeep]
|upkeep
|turn|15
|
|t:|1779693423
|move|p2a: Dragapult|Psychic Fangs|p1a: Ninetales
|-sideend|p1: Skibi67Claviclr|move: Aurora Veil
|-damage|p1a: Ninetales|21/100
|move|p1a: Ninetales|Encore|p2a: Dragapult
|-start|p2a: Dragapult|Encore
|
|-weather|Snowscape|[upkeep]
|upkeep
|turn|16
|
|t:|1779693428
|switch|p1a: Oricorio|Oricorio-Sensu, F|100/100
|move|p2a: Dragapult|Psychic Fangs|p1a: Oricorio
|-damage|p1a: Oricorio|50/100
|
|-weather|Snowscape|[upkeep]
|upkeep
|turn|17
|
|t:|1779693442
|switch|p1a: Hatterene|Hatterene, F|100/100
|move|p2a: Dragapult|Psychic Fangs|p1a: Hatterene
|-resisted|p1a: Hatterene
|-damage|p1a: Hatterene|84/100
|
|-weather|Snowscape|[upkeep]
|-heal|p1a: Hatterene|90/100|[from] item: Leftovers
|upkeep
|turn|18
|
|t:|1779693446
|move|p2a: Dragapult|Psychic Fangs|p1a: Hatterene
|-resisted|p1a: Hatterene
|-damage|p1a: Hatterene|71/100
|move|p1a: Hatterene|Draining Kiss|p2a: Dragapult
|-supereffective|p2a: Dragapult
|-damage|p2a: Dragapult|30/100
|-heal|p1a: Hatterene|100/100|[from] drain|[of] p2a: Dragapult
|
|-weather|none
|-end|p2a: Dragapult|Encore
|upkeep
|turn|19
|
|t:|1779693452
|move|p2a: Dragapult|Psychic Fangs|p1a: Hatterene
|-resisted|p1a: Hatterene
|-damage|p1a: Hatterene|84/100
|move|p1a: Hatterene|Draining Kiss|p2a: Dragapult
|-supereffective|p2a: Dragapult
|-damage|p2a: Dragapult|0 fnt
|-heal|p1a: Hatterene|100/100|[from] drain|[of] p2a: Dragapult
|faint|p2a: Dragapult
|
|upkeep
|
|t:|1779693454
|switch|p2a: Iron Boulder|Iron Boulder|100/100
|-damage|p2a: Iron Boulder|88/100|[from] Spikes
|-enditem|p2a: Iron Boulder|Booster Energy
|-activate|p2a: Iron Boulder|ability: Quark Drive|[fromitem]
|-start|p2a: Iron Boulder|quarkdrivespe
|turn|20
|
|t:|1779693460
|move|p2a: Iron Boulder|Iron Head|p1a: Hatterene
|-supereffective|p1a: Hatterene
|-damage|p1a: Hatterene|55/100
|move|p1a: Hatterene|Healing Wish|p1a: Hatterene
|faint|p1a: Hatterene
|
|upkeep
|
|t:|1779693464
|switch|p1a: Oricorio|Oricorio-Sensu, F|50/100
|-heal|p1a: Oricorio|100/100|[from] move: Healing Wish
|turn|21
|
|t:|1779693476
|-terastallize|p1a: Oricorio|Ground
|move|p2a: Iron Boulder|Mighty Cleave|p1a: Oricorio
|-resisted|p1a: Oricorio
|-damage|p1a: Oricorio|69/100
|move|p1a: Oricorio|Quiver Dance|p1a: Oricorio
|-boost|p1a: Oricorio|spa|1
|-boost|p1a: Oricorio|spd|1
|-boost|p1a: Oricorio|spe|1
|
|upkeep
|turn|22
|
|t:|1779693493
|move|p2a: Iron Boulder|Zen Headbutt|p1a: Oricorio
|-damage|p1a: Oricorio|14/100
|cant|p1a: Oricorio|flinch
|
|upkeep
|turn|23
|
|t:|1779693500
|move|p2a: Iron Boulder|Zen Headbutt|p1a: Oricorio|[miss]
|-miss|p2a: Iron Boulder|p1a: Oricorio
|move|p1a: Oricorio|Revelation Dance|p2a: Iron Boulder
|-supereffective|p2a: Iron Boulder
|-damage|p2a: Iron Boulder|0 fnt
|faint|p2a: Iron Boulder
|-end|p2a: Iron Boulder|Quark Drive|[silent]
|
|win|Skibi67Claviclr
|raw|Skibi67Claviclr's rating: 1054 &rarr; <strong>1085</strong><br />(+31 for winning)
|raw|Archer9s's rating: 1046 &rarr; <strong>1029</strong><br />(-17 for losing)
|l|☆Archer9s
|player|p2|
|l|☆Skibi67Claviclr
|player|p1|
