|j|☆ufdock
|j|☆GabrielaVitoria016
|t:|1779712782
|gametype|singles
|player|p1|ufdock|pokemonbreederf-gen4|1303
|player|p2|GabrielaVitoria016|102|1301
|gen|9
|tier|[Gen 9] OU
|rated|
|rule|HP Percentage Mod: HP is shown in percentages
|rule|Endless Battle Clause: Forcing endless battles is banned
|rule|Species Clause: Limit one of each Pokémon
|rule|OHKO Clause: OHKO moves are banned
|rule|Evasion Items Clause: Evasion items are banned
|rule|Evasion Moves Clause: Evasion moves are banned
|rule|Evasion Abilities Clause: Evasion abilities are banned
|rule|Sleep Moves Clause: Sleep-inducing moves are banned
|clearpoke
|poke|p1|Ceruledge, M|
|poke|p1|Rillaboom, F|
|poke|p1|Raging Bolt|
|poke|p1|Scizor, F|
|poke|p1|Weezing-Galar, F|
|poke|p1|Garganacl, F|
|poke|p2|Masquerain, M|
|poke|p2|Kingambit, M|
|poke|p2|Landorus-Therian, M|
|poke|p2|Great Tusk|
|poke|p2|Gliscor, F|
|poke|p2|Toxtricity, M|
|teampreview
|inactive|Battle timer is ON: inactive players will automatically lose when time's up. (requested by GabrielaVitoria016)
|
|t:|1779712795
|teamsize|p1|6
|teamsize|p2|6
|start
|switch|p1a: Raging Bolt|Raging Bolt|100/100
|switch|p2a: Gliscor|Gliscor, F|100/100
|turn|1
|
|t:|1779712812
|move|p1a: Raging Bolt|Draco Meteor|p2a: Gliscor
|-damage|p2a: Gliscor|0 fnt
|-unboost|p1a: Raging Bolt|spa|2
|faint|p2a: Gliscor
|
|upkeep
|
|t:|1779712820
|switch|p2a: Landorus|Landorus-Therian, M|100/100
|-ability|p2a: Landorus|Intimidate|boost
|-unboost|p1a: Raging Bolt|atk|1
|turn|2
|
|t:|1779712824
|-end|p1a: Raging Bolt|Protosynthesis|[silent]
|switch|p1a: Rillaboom|Rillaboom, F|100/100
|-fieldstart|move: Grassy Terrain|[from] ability: Grassy Surge|[of] p1a: Rillaboom
|move|p2a: Landorus|Earthquake|p1a: Rillaboom
|-resisted|p1a: Rillaboom
|-damage|p1a: Rillaboom|84/100
|
|-heal|p1a: Rillaboom|90/100|[from] Grassy Terrain
|upkeep
|turn|3
|
|t:|1779712843
|switch|p2a: Masquerain|Masquerain, M|100/100
|-ability|p2a: Masquerain|Intimidate|boost
|-unboost|p1a: Rillaboom|atk|1
|move|p1a: Rillaboom|Swords Dance|p1a: Rillaboom
|-boost|p1a: Rillaboom|atk|2
|
|-heal|p1a: Rillaboom|96/100|[from] Grassy Terrain
|upkeep
|turn|4
|
|t:|1779712851
|switch|p1a: Scizor|Scizor, F|100/100
|move|p2a: Masquerain|Sticky Web|p1a: Scizor
|-sidestart|p1: ufdock|move: Sticky Web
|
|upkeep
|turn|5
|
|t:|1779712857
|move|p2a: Masquerain|Quiver Dance|p2a: Masquerain
|-boost|p2a: Masquerain|spa|1
|-boost|p2a: Masquerain|spd|1
|-boost|p2a: Masquerain|spe|1
|move|p1a: Scizor|Swords Dance|p1a: Scizor
|-boost|p1a: Scizor|atk|2
|
|upkeep
|turn|6
|
|t:|1779712869
|move|p1a: Scizor|Bullet Punch|p2a: Masquerain
|-enditem|p2a: Masquerain|Focus Sash
|-damage|p2a: Masquerain|1/100
|move|p2a: Masquerain|Air Slash|p1a: Scizor
|-damage|p1a: Scizor|25/100
|
|-heal|p1a: Scizor|31/100|[from] Grassy Terrain
|-heal|p1a: Scizor|37/100|[from] item: Leftovers
|-fieldend|move: Grassy Terrain
|upkeep
|turn|7
|
|t:|1779712878
|switch|p2a: Landorus|Landorus-Therian, M|100/100
|-ability|p2a: Landorus|Intimidate|boost
|-unboost|p1a: Scizor|atk|1
|move|p1a: Scizor|Bullet Punch|p2a: Landorus
|-damage|p2a: Landorus|39/100
|
|-heal|p1a: Scizor|43/100|[from] item: Leftovers
|upkeep
|turn|8
|
|t:|1779712897
|switch|p2a: Masquerain|Masquerain, M|1/100
|-ability|p2a: Masquerain|Intimidate|boost
|-unboost|p1a: Scizor|atk|1
|move|p1a: Scizor|Bullet Punch|p2a: Masquerain
|-damage|p2a: Masquerain|0 fnt
|faint|p2a: Masquerain
|
|-heal|p1a: Scizor|49/100|[from] item: Leftovers
|upkeep
|
|t:|1779712907
|switch|p2a: Great Tusk|Great Tusk|100/100
|turn|9
|
|t:|1779712911
|move|p2a: Great Tusk|Earthquake|p1a: Scizor
|-damage|p1a: Scizor|0 fnt
|faint|p1a: Scizor
|
|upkeep
|
|t:|1779712914
|switch|p1a: Weezing|Weezing-Galar, F|100/100
|-ability|p1a: Weezing|Neutralizing Gas
|-item|p1a: Weezing|Air Balloon
|turn|10
|
|t:|1779712928
|move|p2a: Great Tusk|Rapid Spin|p1a: Weezing
|-damage|p1a: Weezing|89/100
|-boost|p2a: Great Tusk|spe|1
|-enditem|p1a: Weezing|Air Balloon
|move|p1a: Weezing|Will-O-Wisp|p2a: Great Tusk|[miss]
|-miss|p1a: Weezing|p2a: Great Tusk
|
|upkeep
|turn|11
|
|t:|1779712941
|-terastallize|p1a: Weezing|Ghost
|move|p2a: Great Tusk|Earthquake|p1a: Weezing
|-damage|p1a: Weezing|49/100
|move|p1a: Weezing|Will-O-Wisp|p2a: Great Tusk
|-status|p2a: Great Tusk|brn
|
|-damage|p2a: Great Tusk|94/100 brn|[from] brn
|upkeep
|turn|12
|
|t:|1779712949
|move|p2a: Great Tusk|Ice Spinner|p1a: Weezing
|-damage|p1a: Weezing|38/100
|move|p1a: Weezing|Pain Split|p2a: Great Tusk
|-sethp|p2a: Great Tusk|62/100 brn|[from] move: Pain Split|[silent]
|-sethp|p1a: Weezing|80/100|[from] move: Pain Split
|
|-damage|p2a: Great Tusk|56/100 brn|[from] brn
|upkeep
|turn|13
|inactive|GabrielaVitoria016 has 120 seconds left.
|
|t:|1779712983
|move|p2a: Great Tusk|Earthquake|p1a: Weezing
|-damage|p1a: Weezing|60/100
|move|p1a: Weezing|Defog|p2a: Great Tusk
|-unboost|p2a: Great Tusk|evasion|1
|-sideend|p1: ufdock|Sticky Web|[from] move: Defog|[of] p1a: Weezing
|
|-damage|p2a: Great Tusk|49/100 brn|[from] brn
|upkeep
|turn|14
|
|t:|1779712992
|-end|p2a: Great Tusk|Protosynthesis|[silent]
|switch|p2a: Landorus|Landorus-Therian, M|39/100
|move|p1a: Weezing|Thief|p2a: Landorus
|-damage|p2a: Landorus|26/100
|-enditem|p2a: Landorus|Choice Scarf|[silent]|[from] move: Thief|[of] p1a: Weezing
|-item|p1a: Weezing|Choice Scarf|[from] move: Thief|[of] p2a: Landorus
|
|upkeep
|turn|15
|
|t:|1779713008
|move|p2a: Landorus|Rock Slide|p1a: Weezing
|-damage|p1a: Weezing|40/100
|move|p1a: Weezing|Will-O-Wisp|p2a: Landorus
|-status|p2a: Landorus|brn
|
|-damage|p2a: Landorus|20/100 brn|[from] brn
|upkeep
|turn|16
|
|t:|1779713016
|-end|p1a: Weezing|ability: Neutralizing Gas
|-ability|p2a: Landorus|Intimidate|boost
|-unboost|p1a: Weezing|atk|1
|switch|p1a: Ceruledge|Ceruledge, M|100/100
|move|p2a: Landorus|Rock Slide|p1a: Ceruledge
|-supereffective|p1a: Ceruledge
|-damage|p1a: Ceruledge|62/100
|-ability|p1a: Ceruledge|Weak Armor|boost
|-unboost|p1a: Ceruledge|def|1
|-boost|p1a: Ceruledge|spe|2
|
|-damage|p2a: Landorus|14/100 brn|[from] brn
|upkeep
|turn|17
|
|t:|1779713028
|move|p1a: Ceruledge|Bitter Blade|p2a: Landorus
|-crit|p2a: Landorus
|-damage|p2a: Landorus|0 fnt
|-heal|p1a: Ceruledge|70/100|[from] drain|[of] p2a: Landorus
|faint|p2a: Landorus
|-damage|p1a: Ceruledge|60/100|[from] item: Life Orb
|
|upkeep
|inactive|GabrielaVitoria016 has 120 seconds left.
|
|t:|1779713071
|switch|p2a: Kingambit|Kingambit, M, shiny|100/100
|-activate|p2a: Kingambit|ability: Supreme Overlord
|-start|p2a: Kingambit|fallen3|[silent]
|turn|18
|
|t:|1779713076
|move|p2a: Kingambit|Sucker Punch|p1a: Ceruledge
|-supereffective|p1a: Ceruledge
|-damage|p1a: Ceruledge|0 fnt
|faint|p1a: Ceruledge
|
|upkeep
|
|t:|1779713082
|switch|p1a: Weezing|Weezing-Galar, F, tera:Ghost|40/100
|-ability|p1a: Weezing|Neutralizing Gas
|turn|19
|
|t:|1779713086
|-end|p2a: Kingambit|fallen3|[silent]
|switch|p2a: Great Tusk|Great Tusk|49/100 brn
|move|p1a: Weezing|Will-O-Wisp|p2a: Great Tusk
|-fail|p2a: Great Tusk|brn
|
|-damage|p2a: Great Tusk|43/100 brn|[from] brn
|upkeep
|turn|20
|
|t:|1779713091
|-end|p1a: Weezing|ability: Neutralizing Gas
|switch|p1a: Rillaboom|Rillaboom, F|96/100
|-fieldstart|move: Grassy Terrain|[from] ability: Grassy Surge|[of] p1a: Rillaboom
|move|p2a: Great Tusk|Ice Spinner|p1a: Rillaboom
|-supereffective|p1a: Rillaboom
|-damage|p1a: Rillaboom|60/100
|-fieldend|move: Grassy Terrain
|
|-damage|p2a: Great Tusk|37/100 brn|[from] brn
|upkeep
|turn|21
|
|t:|1779713106
|move|p1a: Rillaboom|Wood Hammer|p2a: Great Tusk
|-supereffective|p2a: Great Tusk
|-damage|p2a: Great Tusk|0 fnt
|faint|p2a: Great Tusk
|-end|p2a: Great Tusk|Protosynthesis|[silent]
|-damage|p1a: Rillaboom|45/100|[from] Recoil
|-damage|p1a: Rillaboom|35/100|[from] item: Life Orb
|
|upkeep
|
|t:|1779713109
|switch|p2a: Toxtricity|Toxtricity, M, shiny|100/100
|turn|22
|
|t:|1779713117
|switch|p1a: Raging Bolt|Raging Bolt|100/100
|-terastallize|p2a: Toxtricity|Normal
|move|p2a: Toxtricity|Shift Gear|p2a: Toxtricity
|-boost|p2a: Toxtricity|spe|2
|-boost|p2a: Toxtricity|atk|1
|
|upkeep
|turn|23
|
|t:|1779713127
|move|p1a: Raging Bolt|Thunderclap|p2a: Toxtricity
|-damage|p2a: Toxtricity|21/100
|move|p2a: Toxtricity|Boomburst|p1a: Raging Bolt
|-damage|p1a: Raging Bolt|4/100
|-enditem|p2a: Toxtricity|Throat Spray
|-boost|p2a: Toxtricity|spa|1|[from] item: Throat Spray
|
|upkeep
|turn|24
|
|t:|1779713140
|move|p1a: Raging Bolt|Thunderclap||[still]
|-fail|p1a: Raging Bolt
|move|p2a: Toxtricity|Shift Gear|p2a: Toxtricity
|-boost|p2a: Toxtricity|spe|2
|-boost|p2a: Toxtricity|atk|1
|
|upkeep
|turn|25
|
|t:|1779713143
|move|p1a: Raging Bolt|Thunderclap||[still]
|-fail|p1a: Raging Bolt
|move|p2a: Toxtricity|Shift Gear|p2a: Toxtricity
|-boost|p2a: Toxtricity|spe|2
|-boost|p2a: Toxtricity|atk|1
|
|upkeep
|turn|26
|
|t:|1779713147
|move|p1a: Raging Bolt|Thunderclap||[still]
|-fail|p1a: Raging Bolt
|move|p2a: Toxtricity|Shift Gear|p2a: Toxtricity
|-boost|p2a: Toxtricity|spe|0
|-boost|p2a: Toxtricity|atk|1
|
|upkeep
|turn|27
|
|t:|1779713150
|move|p1a: Raging Bolt|Thunderclap||[still]
|-fail|p1a: Raging Bolt
|move|p2a: Toxtricity|Shift Gear|p2a: Toxtricity
|-boost|p2a: Toxtricity|spe|0
|-boost|p2a: Toxtricity|atk|1
|
|upkeep
|turn|28
|
|t:|1779713154
|move|p1a: Raging Bolt|Thunderclap||[still]
|-fail|p1a: Raging Bolt
|move|p2a: Toxtricity|Shift Gear|p2a: Toxtricity
|-boost|p2a: Toxtricity|spe|0
|-boost|p2a: Toxtricity|atk|1
|
|upkeep
|turn|29
|
|t:|1779713160
|move|p1a: Raging Bolt|Thunderclap||[still]
|-fail|p1a: Raging Bolt
|move|p2a: Toxtricity|Shift Gear|p2a: Toxtricity
|-boost|p2a: Toxtricity|spe|0
|-boost|p2a: Toxtricity|atk|0
|
|upkeep
|turn|30
|
|t:|1779713165
|move|p1a: Raging Bolt|Thunderclap||[still]
|-fail|p1a: Raging Bolt
|move|p2a: Toxtricity|Shift Gear|p2a: Toxtricity
|-boost|p2a: Toxtricity|spe|0
|-boost|p2a: Toxtricity|atk|0
|
|upkeep
|turn|31
|
|t:|1779713168
|move|p2a: Toxtricity|Boomburst|p1a: Raging Bolt
|-damage|p1a: Raging Bolt|0 fnt
|faint|p1a: Raging Bolt
|-end|p1a: Raging Bolt|Protosynthesis|[silent]
|
|upkeep
|
|t:|1779713170
|switch|p1a: Rillaboom|Rillaboom, F|35/100
|-fieldstart|move: Grassy Terrain|[from] ability: Grassy Surge|[of] p1a: Rillaboom
|turn|32
|
|t:|1779713180
|move|p1a: Rillaboom|Grassy Glide|p2a: Toxtricity
|-damage|p2a: Toxtricity|0 fnt
|faint|p2a: Toxtricity
|-damage|p1a: Rillaboom|25/100|[from] item: Life Orb
|
|-heal|p1a: Rillaboom|31/100|[from] Grassy Terrain
|upkeep
|
|t:|1779713182
|switch|p2a: Kingambit|Kingambit, M, shiny|100/100
|-activate|p2a: Kingambit|ability: Supreme Overlord
|-start|p2a: Kingambit|fallen5|[silent]
|turn|33
|
|t:|1779713187
|switch|p1a: Weezing|Weezing-Galar, F, tera:Ghost|40/100
|-ability|p1a: Weezing|Neutralizing Gas
|move|p2a: Kingambit|Sucker Punch||[still]
|-fail|p2a: Kingambit
|
|-heal|p1a: Weezing|46/100|[from] Grassy Terrain
|upkeep
|turn|34
|
|t:|1779713192
|move|p1a: Weezing|Will-O-Wisp|p2a: Kingambit
|-status|p2a: Kingambit|brn
|move|p2a: Kingambit|Swords Dance|p2a: Kingambit
|-boost|p2a: Kingambit|atk|2
|
|-heal|p1a: Weezing|52/100|[from] Grassy Terrain
|-damage|p2a: Kingambit|94/100 brn|[from] brn
|upkeep
|turn|35
|
|t:|1779713195
|-end|p1a: Weezing|ability: Neutralizing Gas
|-activate|p2a: Kingambit|ability: Supreme Overlord
|-start|p2a: Kingambit|fallen5|[silent]
|switch|p1a: Garganacl|Garganacl, F|100/100
|move|p2a: Kingambit|Iron Head|p1a: Garganacl
|-supereffective|p1a: Garganacl
|-damage|p1a: Garganacl|4/100
|
|-heal|p2a: Kingambit|100/100 brn|[from] Grassy Terrain
|-heal|p1a: Garganacl|10/100|[from] Grassy Terrain
|-heal|p1a: Garganacl|16/100|[from] item: Leftovers
|-damage|p2a: Kingambit|94/100 brn|[from] brn
|upkeep
|turn|36
|
|t:|1779713203
|move|p2a: Kingambit|Iron Head|p1a: Garganacl
|-supereffective|p1a: Garganacl
|-damage|p1a: Garganacl|0 fnt
|faint|p1a: Garganacl
|
|-heal|p2a: Kingambit|100/100 brn|[from] Grassy Terrain
|-damage|p2a: Kingambit|94/100 brn|[from] brn
|-fieldend|move: Grassy Terrain
|upkeep
|
|t:|1779713208
|switch|p1a: Weezing|Weezing-Galar, F, tera:Ghost|52/100
|-ability|p1a: Weezing|Neutralizing Gas
|turn|37
|
|t:|1779713216
|move|p1a: Weezing|Pain Split|p2a: Kingambit
|-sethp|p2a: Kingambit|69/100 brn|[from] move: Pain Split|[silent]
|-sethp|p1a: Weezing|83/100|[from] move: Pain Split
|move|p2a: Kingambit|Swords Dance|p2a: Kingambit
|-boost|p2a: Kingambit|atk|2
|
|-damage|p2a: Kingambit|63/100 brn|[from] brn
|upkeep
|turn|38
|
|t:|1779713235
|move|p2a: Kingambit|Sucker Punch||[still]
|-fail|p2a: Kingambit
|move|p1a: Weezing|Pain Split|p2a: Kingambit
|-sethp|p2a: Kingambit|66/100 brn|[from] move: Pain Split|[silent]
|-sethp|p1a: Weezing|79/100|[from] move: Pain Split
|
|-damage|p2a: Kingambit|59/100 brn|[from] brn
|upkeep
|turn|39
|
|t:|1779713240
|move|p1a: Weezing|Pain Split|p2a: Kingambit
|-sethp|p2a: Kingambit|62/100 brn|[from] move: Pain Split|[silent]
|-sethp|p1a: Weezing|75/100|[from] move: Pain Split
|move|p2a: Kingambit|Swords Dance|p2a: Kingambit
|-boost|p2a: Kingambit|atk|2
|
|-damage|p2a: Kingambit|56/100 brn|[from] brn
|upkeep
|turn|40
|
|t:|1779713263
|move|p1a: Weezing|Pain Split|p2a: Kingambit
|-sethp|p2a: Kingambit|59/100 brn|[from] move: Pain Split|[silent]
|-sethp|p1a: Weezing|71/100|[from] move: Pain Split
|move|p2a: Kingambit|Iron Head|p1a: Weezing
|-damage|p1a: Weezing|12/100
|
|-damage|p2a: Kingambit|53/100 brn|[from] brn
|upkeep
|turn|41
|
|t:|1779713275
|move|p1a: Weezing|Pain Split|p2a: Kingambit
|-sethp|p2a: Kingambit|31/100 brn|[from] move: Pain Split|[silent]
|-sethp|p1a: Weezing|38/100|[from] move: Pain Split
|move|p2a: Kingambit|Iron Head|p1a: Weezing
|-damage|p1a: Weezing|0 fnt
|faint|p1a: Weezing
|-end|p1a: Weezing|ability: Neutralizing Gas
|-activate|p2a: Kingambit|ability: Supreme Overlord
|-start|p2a: Kingambit|fallen5|[silent]
|
|-damage|p2a: Kingambit|25/100 brn|[from] brn
|upkeep
|
|t:|1779713281
|switch|p1a: Rillaboom|Rillaboom, F|31/100
|-fieldstart|move: Grassy Terrain|[from] ability: Grassy Surge|[of] p1a: Rillaboom
|turn|42
|
|t:|1779713284
|move|p1a: Rillaboom|Grassy Glide|p2a: Kingambit
|-resisted|p2a: Kingambit
|-damage|p2a: Kingambit|9/100 brn
|-damage|p1a: Rillaboom|21/100|[from] item: Life Orb
|move|p2a: Kingambit|Sucker Punch||[still]
|-fail|p2a: Kingambit
|
|-heal|p1a: Rillaboom|27/100|[from] Grassy Terrain
|-heal|p2a: Kingambit|15/100 brn|[from] Grassy Terrain
|-damage|p2a: Kingambit|9/100 brn|[from] brn
|upkeep
|turn|43
|
|t:|1779713296
|move|p1a: Rillaboom|Grassy Glide|p2a: Kingambit
|-resisted|p2a: Kingambit
|-damage|p2a: Kingambit|0 fnt
|faint|p2a: Kingambit
|-end|p2a: Kingambit|fallen5|[silent]
|-damage|p1a: Rillaboom|18/100|[from] item: Life Orb
|
|win|ufdock
|raw|ufdock's rating: 1303 &rarr; <strong>1323</strong><br />(+20 for winning)
|raw|GabrielaVitoria016's rating: 1301 &rarr; <strong>1281</strong><br />(-20 for losing)
|l|☆GabrielaVitoria016
|player|p2|
|l|☆ufdock
|player|p1|
