|j|☆spauty18
|j|☆fhhvcgvb
|t:|1779684435
|gametype|singles
|player|p1|spauty18|170|1098
|player|p2|fhhvcgvb|169|1148
|gen|9
|tier|[Gen 9] OU
|rated|
|rule|HP Percentage Mod: HP is shown in percentages
|rule|Endless Battle Clause: Forcing endless battles is banned
|rule|Species Clause: Limit one of each Pokémon
|rule|OHKO Clause: OHKO moves are banned
|rule|Evasion Items Clause: Evasion items are banned
|rule|Evasion Moves Clause: Evasion moves are banned
|rule|Evasion Abilities Clause: Evasion abilities are banned
|rule|Sleep Moves Clause: Sleep-inducing moves are banned
|clearpoke
|poke|p1|Umbreon, M|
|poke|p1|Manaphy|
|poke|p1|Great Tusk|
|poke|p1|Garganacl, F|
|poke|p1|Corviknight, M|
|poke|p1|Alomomola, F|
|poke|p2|Hatterene, F|
|poke|p2|Volcanion|
|poke|p2|Iron Hands|
|poke|p2|Gengar, M|
|poke|p2|Glastrier|
|poke|p2|Ursaluna, F|
|teampreview
|inactive|Battle timer is ON: inactive players will automatically lose when time's up. (requested by spauty18)
|
|t:|1779684445
|teamsize|p1|6
|teamsize|p2|6
|start
|switch|p1a: Garganacl|Garganacl, F|100/100
|switch|p2a: Iron Hands|Iron Hands|100/100
|turn|1
|
|t:|1779684453
|move|p1a: Garganacl|Salt Cure|p2a: Iron Hands
|-resisted|p2a: Iron Hands
|-damage|p2a: Iron Hands|96/100
|-start|p2a: Iron Hands|Salt Cure
|move|p2a: Iron Hands|Drain Punch|p1a: Garganacl
|-supereffective|p1a: Garganacl
|-damage|p1a: Garganacl|39/100
|-heal|p2a: Iron Hands|100/100|[from] drain|[of] p1a: Garganacl
|
|-heal|p1a: Garganacl|45/100|[from] item: Leftovers
|-damage|p2a: Iron Hands|88/100|[from] Salt Cure
|upkeep
|turn|2
|
|t:|1779684481
|-end|p2a: Iron Hands|Quark Drive|[silent]
|switch|p2a: Ursaluna|Ursaluna, F|100/100
|move|p1a: Garganacl|Protect||[still]
|-fail|p1a: Garganacl
|
|-heal|p1a: Garganacl|51/100|[from] item: Leftovers
|-status|p2a: Ursaluna|brn|[from] item: Flame Orb
|upkeep
|turn|3
|
|t:|1779684494
|-terastallize|p1a: Garganacl|Grass
|move|p1a: Garganacl|Salt Cure|p2a: Ursaluna
|-resisted|p2a: Ursaluna
|-damage|p2a: Ursaluna|95/100 brn
|-start|p2a: Ursaluna|Salt Cure
|move|p2a: Ursaluna|Earthquake|p1a: Garganacl
|-resisted|p1a: Garganacl
|-damage|p1a: Garganacl|19/100
|
|-heal|p1a: Garganacl|25/100|[from] item: Leftovers
|-damage|p2a: Ursaluna|89/100 brn|[from] brn
|-damage|p2a: Ursaluna|77/100 brn|[from] Salt Cure
|upkeep
|turn|4
|
|t:|1779684508
|switch|p2a: Iron Hands|Iron Hands|88/100
|move|p1a: Garganacl|Protect||[still]
|-fail|p1a: Garganacl
|
|-heal|p1a: Garganacl|31/100|[from] item: Leftovers
|upkeep
|turn|5
|
|t:|1779684519
|switch|p1a: Great Tusk|Great Tusk|100/100
|-enditem|p1a: Great Tusk|Booster Energy
|-activate|p1a: Great Tusk|ability: Protosynthesis|[fromitem]
|-start|p1a: Great Tusk|protosynthesisatk
|move|p2a: Iron Hands|Ice Punch|p1a: Great Tusk
|-supereffective|p1a: Great Tusk
|-damage|p1a: Great Tusk|62/100
|
|upkeep
|turn|6
|inactive|fhhvcgvb has 120 seconds left.
|
|t:|1779684540
|-end|p2a: Iron Hands|Quark Drive|[silent]
|switch|p2a: Glastrier|Glastrier|100/100
|move|p1a: Great Tusk|Rapid Spin|p2a: Glastrier
|-damage|p2a: Glastrier|86/100
|-boost|p1a: Great Tusk|spe|1
|
|upkeep
|turn|7
|inactive|fhhvcgvb has 120 seconds left.
|
|t:|1779684573
|switch|p2a: Gengar|Gengar, M|100/100
|move|p1a: Great Tusk|Body Press|p2a: Gengar
|-immune|p2a: Gengar
|
|upkeep
|turn|8
|
|t:|1779684581
|move|p2a: Gengar|Destiny Bond|p2a: Gengar
|-singlemove|p2a: Gengar|Destiny Bond
|move|p1a: Great Tusk|Earthquake|p2a: Gengar
|-supereffective|p2a: Gengar
|-damage|p2a: Gengar|0 fnt
|faint|p2a: Gengar
|-activate|p2a: Gengar|move: Destiny Bond
|faint|p1a: Great Tusk
|-end|p1a: Great Tusk|Protosynthesis|[silent]
|
|upkeep
|
|t:|1779684594
|switch|p2a: Hatterene|Hatterene, F|100/100
|switch|p1a: Manaphy|Manaphy|100/100
|turn|9
|
|t:|1779684602
|move|p1a: Manaphy|Tail Glow|p1a: Manaphy
|-boost|p1a: Manaphy|spa|3
|move|p2a: Hatterene|Giga Drain|p1a: Manaphy
|-supereffective|p1a: Manaphy
|-damage|p1a: Manaphy|42/100
|
|-heal|p1a: Manaphy|48/100|[from] item: Leftovers
|upkeep
|turn|10
|
|t:|1779684616
|move|p1a: Manaphy|Surf|p2a: Hatterene
|-damage|p2a: Hatterene|0 fnt
|faint|p2a: Hatterene
|
|-heal|p1a: Manaphy|54/100|[from] item: Leftovers
|upkeep
|inactive|fhhvcgvb has 90 seconds left.
|
|t:|1779684636
|switch|p2a: Volcanion|Volcanion|100/100
|turn|11
|
|t:|1779684650
|move|p1a: Manaphy|Energy Ball|p2a: Volcanion
|-damage|p2a: Volcanion|29/100
|move|p2a: Volcanion|Sludge Bomb|p1a: Manaphy
|-damage|p1a: Manaphy|21/100
|-status|p1a: Manaphy|psn
|
|-heal|p1a: Manaphy|27/100 psn|[from] item: Leftovers
|-damage|p1a: Manaphy|15/100 psn|[from] psn
|upkeep
|turn|12
|inactive|fhhvcgvb has 90 seconds left.
|
|t:|1779684675
|switch|p2a: Iron Hands|Iron Hands|88/100
|move|p1a: Manaphy|Energy Ball|p2a: Iron Hands
|-damage|p2a: Iron Hands|53/100
|
|-heal|p1a: Manaphy|21/100 psn|[from] item: Leftovers
|-damage|p1a: Manaphy|8/100 psn|[from] psn
|upkeep
|turn|13
|inactive|fhhvcgvb has 90 seconds left.
|
|t:|1779684686
|-end|p2a: Iron Hands|Quark Drive|[silent]
|switch|p2a: Volcanion|Volcanion|29/100
|move|p1a: Manaphy|Surf|p2a: Volcanion
|-heal|p2a: Volcanion|54/100|[from] ability: Water Absorb|[of] p1a: Manaphy
|
|-heal|p1a: Manaphy|15/100 psn|[from] item: Leftovers
|-damage|p1a: Manaphy|2/100 psn|[from] psn
|upkeep
|turn|14
|inactive|fhhvcgvb has 90 seconds left.
|
|t:|1779684703
|switch|p2a: Iron Hands|Iron Hands|53/100
|move|p1a: Manaphy|Energy Ball|p2a: Iron Hands
|-damage|p2a: Iron Hands|16/100
|
|-heal|p1a: Manaphy|8/100 psn|[from] item: Leftovers
|-damage|p1a: Manaphy|0 fnt|[from] psn
|faint|p1a: Manaphy
|upkeep
|
|t:|1779684718
|switch|p1a: Corviknight|Corviknight, M|100/100
|-ability|p1a: Corviknight|Pressure
|turn|15
|inactive|fhhvcgvb has 90 seconds left.
|
|t:|1779684731
|move|p1a: Corviknight|Agility|p1a: Corviknight
|-boost|p1a: Corviknight|spe|2
|move|p2a: Iron Hands|Thunder Punch|p1a: Corviknight
|-supereffective|p1a: Corviknight
|-damage|p1a: Corviknight|29/100
|-damage|p2a: Iron Hands|0 fnt|[from] item: Rocky Helmet|[of] p1a: Corviknight
|faint|p2a: Iron Hands
|-end|p2a: Iron Hands|Quark Drive|[silent]
|
|upkeep
|inactive|fhhvcgvb has 90 seconds left.
|
|t:|1779684752
|switch|p2a: Volcanion|Volcanion|54/100
|turn|16
|
|t:|1779684760
|move|p1a: Corviknight|Roost|p1a: Corviknight
|-heal|p1a: Corviknight|79/100
|-singleturn|p1a: Corviknight|move: Roost
|move|p2a: Volcanion|Steam Eruption|p1a: Corviknight
|-damage|p1a: Corviknight|21/100
|
|upkeep
|turn|17
|
|t:|1779684769
|move|p1a: Corviknight|Drill Peck|p2a: Volcanion
|-damage|p2a: Volcanion|34/100
|move|p2a: Volcanion|Flamethrower|p1a: Corviknight
|-supereffective|p1a: Corviknight
|-damage|p1a: Corviknight|0 fnt
|faint|p1a: Corviknight
|
|upkeep
|
|t:|1779684780
|switch|p1a: Umbreon|Umbreon, M|100/100
|turn|18
|
|t:|1779684787
|switch|p2a: Ursaluna|Ursaluna, F|77/100 brn
|move|p1a: Umbreon|Foul Play|p2a: Ursaluna
|-damage|p2a: Ursaluna|32/100 brn
|
|-damage|p2a: Ursaluna|26/100 brn|[from] brn
|upkeep
|turn|19
|inactive|fhhvcgvb has 90 seconds left.
|
|t:|1779684803
|move|p1a: Umbreon|Foul Play|p2a: Ursaluna
|-damage|p2a: Ursaluna|0 fnt
|faint|p2a: Ursaluna
|
|upkeep
|inactive|fhhvcgvb has 90 seconds left.
|
|t:|1779684808
|switch|p2a: Glastrier|Glastrier|86/100
|turn|20
|
|t:|1779684813
|move|p1a: Umbreon|Toxic|p2a: Glastrier
|-status|p2a: Glastrier|tox
|move|p2a: Glastrier|Icicle Crash|p1a: Umbreon
|-damage|p1a: Umbreon|62/100
|
|-heal|p1a: Umbreon|69/100|[from] item: Leftovers
|-damage|p2a: Glastrier|79/100 tox|[from] psn
|upkeep
|turn|21
|
|t:|1779684822
|move|p1a: Umbreon|Wish|p1a: Umbreon
|move|p2a: Glastrier|Close Combat|p1a: Umbreon
|-supereffective|p1a: Umbreon
|-damage|p1a: Umbreon|0 fnt
|-unboost|p2a: Glastrier|def|1
|-unboost|p2a: Glastrier|spd|1
|faint|p1a: Umbreon
|-ability|p2a: Glastrier|Chilling Neigh|boost
|-boost|p2a: Glastrier|atk|1
|
|-damage|p2a: Glastrier|67/100 tox|[from] psn
|upkeep
|
|t:|1779684832
|switch|p1a: Garganacl|Garganacl, F, tera:Grass|31/100
|turn|22
|
|t:|1779684841
|move|p1a: Garganacl|Protect|p1a: Garganacl
|-singleturn|p1a: Garganacl|Protect
|move|p2a: Glastrier|Icicle Crash|p1a: Garganacl
|-activate|p1a: Garganacl|move: Protect
|
|-heal|p1a: Garganacl|89/100|[from] move: Wish|[wisher] Umbreon
|-heal|p1a: Garganacl|95/100|[from] item: Leftovers
|-damage|p2a: Glastrier|49/100 tox|[from] psn
|upkeep
|turn|23
|inactive|fhhvcgvb has 120 seconds left.
|
|t:|1779684854
|switch|p1a: Alomomola|Alomomola, F|100/100
|switch|p2a: Volcanion|Volcanion|34/100
|
|upkeep
|turn|24
|inactive|fhhvcgvb has 120 seconds left.
|
|t:|1779684865
|move|p1a: Alomomola|Light Screen|p1a: Alomomola
|-sidestart|p1: spauty18|move: Light Screen
|move|p2a: Volcanion|Steam Eruption|p1a: Alomomola
|-resisted|p1a: Alomomola
|-damage|p1a: Alomomola|83/100
|-status|p1a: Alomomola|brn
|
|-heal|p1a: Alomomola|89/100 brn|[from] item: Leftovers
|-damage|p1a: Alomomola|83/100 brn|[from] brn
|upkeep
|turn|25
|inactive|fhhvcgvb has 120 seconds left.
|
|t:|1779684877
|switch|p1a: Garganacl|Garganacl, F, tera:Grass|95/100
|move|p2a: Volcanion|Earth Power|p1a: Garganacl
|-resisted|p1a: Garganacl
|-damage|p1a: Garganacl|87/100
|
|-heal|p1a: Garganacl|93/100|[from] item: Leftovers
|upkeep
|turn|26
|inactive|fhhvcgvb has 120 seconds left.
|
|t:|1779684889
|move|p2a: Volcanion|Flamethrower|p1a: Garganacl
|-supereffective|p1a: Garganacl
|-damage|p1a: Garganacl|53/100
|move|p1a: Garganacl|Salt Cure|p2a: Volcanion
|-supereffective|p2a: Volcanion
|-damage|p2a: Volcanion|13/100
|-start|p2a: Volcanion|Salt Cure
|
|-heal|p1a: Garganacl|59/100|[from] item: Leftovers
|-damage|p2a: Volcanion|0 fnt|[from] Salt Cure
|faint|p2a: Volcanion
|upkeep
|
|t:|1779684900
|switch|p2a: Glastrier|Glastrier|49/100 tox
|turn|27
|
|t:|1779684906
|move|p1a: Garganacl|Protect|p1a: Garganacl
|-singleturn|p1a: Garganacl|Protect
|move|p2a: Glastrier|Icicle Crash|p1a: Garganacl
|-activate|p1a: Garganacl|move: Protect
|
|-heal|p1a: Garganacl|65/100|[from] item: Leftovers
|-damage|p2a: Glastrier|42/100 tox|[from] psn
|upkeep
|turn|28
|inactive|fhhvcgvb has 120 seconds left.
|-message|fhhvcgvb forfeited.
|
|win|spauty18
|raw|spauty18's rating: 1098 &rarr; <strong>1127</strong><br />(+29 for winning)
|raw|fhhvcgvb's rating: 1148 &rarr; <strong>1119</strong><br />(-29 for losing)
|l|☆fhhvcgvb
|player|p2|
|l|☆spauty18
|player|p1|
