|j|☆puke0711
|j|☆FP.//06
|t:|1779587772
|gametype|singles
|player|p1|puke0711|101|1501
|player|p2|FP.//06|lucas|1499
|gen|9
|tier|[Gen 9] OU
|rated|
|rule|HP Percentage Mod: HP is shown in percentages
|rule|Endless Battle Clause: Forcing endless battles is banned
|rule|Species Clause: Limit one of each Pokémon
|rule|OHKO Clause: OHKO moves are banned
|rule|Evasion Items Clause: Evasion items are banned
|rule|Evasion Moves Clause: Evasion moves are banned
|rule|Evasion Abilities Clause: Evasion abilities are banned
|rule|Sleep Moves Clause: Sleep-inducing moves are banned
|clearpoke
|poke|p1|Zapdos|
|poke|p1|Iron Treads|
|poke|p1|Samurott-Hisui, M|
|poke|p1|Ceruledge, M|
|poke|p1|Gholdengo|
|poke|p1|Kingambit, M|
|poke|p2|Hatterene, F|
|poke|p2|Ogerpon, F|
|poke|p2|Iron Crown|
|poke|p2|Deoxys-Speed|
|poke|p2|Indeedee, M|
|poke|p2|Armarouge, M|
|teampreview
|inactive|Battle timer is ON: inactive players will automatically lose when time's up. (requested by FP.//06)
|inactive|FP.//06 has 120 seconds left.
|j| Yamhard
|
|t:|1779587812
|teamsize|p1|6
|teamsize|p2|6
|start
|switch|p1a: Samurott|Samurott-Hisui, M|100/100
|switch|p2a: Calamity|Indeedee, M, shiny|100/100
|-fieldstart|move: Psychic Terrain|[from] ability: Psychic Surge|[of] p2a: Calamity
|turn|1
|
|t:|1779587819
|switch|p2a: Anonymous|Ogerpon, F|100/100
|move|p1a: Samurott|Ceaseless Edge|p2a: Anonymous
|-damage|p2a: Anonymous|40/100
|-sidestart|p2: FP.//06|Spikes
|
|upkeep
|turn|2
|
|t:|1779587835
|switch|p1a: Zapdos|Zapdos|100/100
|move|p2a: Anonymous|Rock Tomb|p1a: Zapdos
|-supereffective|p1a: Zapdos
|-damage|p1a: Zapdos|59/100
|-unboost|p1a: Zapdos|spe|1
|-damage|p2a: Anonymous|30/100|[from] item: Life Orb
|
|upkeep
|turn|3
|
|t:|1779587851
|move|p2a: Anonymous|Rock Tomb|p1a: Zapdos
|-supereffective|p1a: Zapdos
|-damage|p1a: Zapdos|22/100
|-unboost|p1a: Zapdos|spe|1
|-damage|p2a: Anonymous|20/100|[from] item: Life Orb
|move|p1a: Zapdos|Hurricane|p2a: Anonymous|[miss]
|-miss|p1a: Zapdos|p2a: Anonymous
|
|upkeep
|turn|4
|
|t:|1779587860
|switch|p1a: Iron Treads|Iron Treads|100/100
|move|p2a: Anonymous|Rock Tomb|p1a: Iron Treads
|-resisted|p1a: Iron Treads
|-damage|p1a: Iron Treads|95/100
|-unboost|p1a: Iron Treads|spe|1
|-damage|p2a: Anonymous|10/100|[from] item: Life Orb
|
|-heal|p1a: Iron Treads|100/100|[from] item: Leftovers
|upkeep
|turn|5
|
|t:|1779587877
|move|p2a: Anonymous|Ivy Cudgel|p1a: Iron Treads
|-damage|p1a: Iron Treads|33/100
|-damage|p2a: Anonymous|0 fnt|[from] item: Life Orb
|faint|p2a: Anonymous
|move|p1a: Iron Treads|Stealth Rock|p2: Anonymous
|-sidestart|p2: FP.//06|move: Stealth Rock
|
|-heal|p1a: Iron Treads|39/100|[from] item: Leftovers
|upkeep
|
|t:|1779587885
|switch|p2a: Braveheart|Iron Crown|100/100
|-damage|p2a: Braveheart|88/100|[from] Spikes
|-damage|p2a: Braveheart|82/100|[from] Stealth Rock
|-enditem|p2a: Braveheart|Booster Energy
|-activate|p2a: Braveheart|ability: Quark Drive|[fromitem]
|-start|p2a: Braveheart|quarkdrivespa
|turn|6
|
|t:|1779587893
|move|p2a: Braveheart|Agility|p2a: Braveheart
|-boost|p2a: Braveheart|spe|2
|move|p1a: Iron Treads|Earthquake|p2a: Braveheart
|-supereffective|p2a: Braveheart
|-crit|p2a: Braveheart
|-damage|p2a: Braveheart|0 fnt
|faint|p2a: Braveheart
|-end|p2a: Braveheart|Quark Drive|[silent]
|
|-heal|p1a: Iron Treads|46/100|[from] item: Leftovers
|upkeep
|
|t:|1779587898
|switch|p2a: Primus|Armarouge, M, shiny|100/100
|-damage|p2a: Primus|88/100|[from] Spikes
|-damage|p2a: Primus|64/100|[from] Stealth Rock
|turn|7
|
|t:|1779587908
|-end|p1a: Iron Treads|Quark Drive|[silent]
|switch|p1a: Samurott|Samurott-Hisui, M|100/100
|move|p2a: Primus|Expanding Force|p1a: Samurott
|-immune|p1a: Samurott
|
|upkeep
|turn|8
|
|t:|1779587915
|move|p2a: Primus|Endure|p2a: Primus
|-singleturn|p2a: Primus|move: Endure
|move|p1a: Samurott|Ceaseless Edge|p2a: Primus|[miss]
|-miss|p1a: Samurott|p2a: Primus
|
|-fieldend|move: Psychic Terrain
|upkeep
|turn|9
|
|t:|1779587924
|move|p2a: Primus|Endure||[still]
|-fail|p2a: Primus
|move|p1a: Samurott|Knock Off|p2a: Primus
|-supereffective|p2a: Primus
|-damage|p2a: Primus|0 fnt
|-enditem|p2a: Primus|Weakness Policy|[from] move: Knock Off|[of] p1a: Samurott
|faint|p2a: Primus
|
|upkeep
|
|t:|1779587926
|switch|p2a: Calamity|Indeedee, M, shiny|100/100
|-damage|p2a: Calamity|88/100|[from] Spikes
|-damage|p2a: Calamity|76/100|[from] Stealth Rock
|-fieldstart|move: Psychic Terrain|[from] ability: Psychic Surge|[of] p2a: Calamity
|turn|10
|
|t:|1779587937
|move|p2a: Calamity|Dazzling Gleam|p1a: Samurott
|-supereffective|p1a: Samurott
|-damage|p1a: Samurott|64/100
|move|p1a: Samurott|Ceaseless Edge|p2a: Calamity
|-supereffective|p2a: Calamity
|-damage|p2a: Calamity|0 fnt
|-sidestart|p2: FP.//06|Spikes
|faint|p2a: Calamity
|
|upkeep
|
|t:|1779587940
|switch|p2a: Comatose|Deoxys-Speed, shiny|100/100
|-damage|p2a: Comatose|84/100|[from] Spikes
|-damage|p2a: Comatose|71/100|[from] Stealth Rock
|-ability|p2a: Comatose|Pressure
|turn|11
|l| Yamhard
|
|t:|1779587951
|-terastallize|p2a: Comatose|Fighting
|move|p1a: Samurott|Sucker Punch|p2a: Comatose
|-activate|p2a: Comatose|move: Psychic Terrain
|move|p2a: Comatose|Focus Blast|p1a: Samurott|[miss]
|-miss|p2a: Comatose|p1a: Samurott
|
|upkeep
|turn|12
|
|t:|1779587964
|-terastallize|p1a: Samurott|Poison
|move|p2a: Comatose|Focus Blast|p1a: Samurott
|-resisted|p1a: Samurott
|-damage|p1a: Samurott|40/100
|-damage|p2a: Comatose|61/100|[from] item: Life Orb
|move|p1a: Samurott|Razor Shell|p2a: Comatose
|-damage|p2a: Comatose|0 fnt
|faint|p2a: Comatose
|
|upkeep
|-message|FP.//06 forfeited.
|
|win|puke0711
|raw|puke0711's rating: 1501 &rarr; <strong>1521</strong><br />(+20 for winning)
|raw|FP.&#x2f;&#x2f;06's rating: 1499 &rarr; <strong>1479</strong><br />(-20 for losing)
|l|☆FP.//06
|player|p2|
|l|☆puke0711
|player|p1|
