|j|☆Avenastar
|j|☆Megachamp100
|t:|1779708357
|gametype|singles
|player|p1|Avenastar|lady|1200
|player|p2|Megachamp100|marshal|1146
|gen|9
|tier|[Gen 9] OU
|rated|
|rule|HP Percentage Mod: HP is shown in percentages
|rule|Endless Battle Clause: Forcing endless battles is banned
|rule|Species Clause: Limit one of each Pokémon
|rule|OHKO Clause: OHKO moves are banned
|rule|Evasion Items Clause: Evasion items are banned
|rule|Evasion Moves Clause: Evasion moves are banned
|rule|Evasion Abilities Clause: Evasion abilities are banned
|rule|Sleep Moves Clause: Sleep-inducing moves are banned
|clearpoke
|poke|p1|Tornadus-Therian, M|
|poke|p1|Weezing-Galar, F|
|poke|p1|Zamazenta-*|
|poke|p1|Iron Moth|
|poke|p1|Gholdengo|
|poke|p1|Primarina, M|
|poke|p2|Forretress, M|
|poke|p2|Slowking-Galar, F|
|poke|p2|Clefable, F|
|poke|p2|Zapdos|
|poke|p2|Arcanine, M|
|poke|p2|Ursaluna, F|
|teampreview
|
|t:|1779708367
|teamsize|p1|6
|teamsize|p2|6
|start
|switch|p1a: Reddit Gold|Gholdengo|100/100
|switch|p2a: Slowking|Slowking-Galar, F|100/100
|turn|1
|
|t:|1779708377
|move|p1a: Reddit Gold|Trick|p2a: Slowking
|-activate|p1a: Reddit Gold|move: Trick|[of] p2a: Slowking
|-item|p2a: Slowking|Choice Scarf|[from] move: Trick
|-enditem|p1a: Reddit Gold|Choice Scarf|[silent]|[from] move: Trick
|move|p2a: Slowking|Trick Room|p2a: Slowking
|-fieldstart|move: Trick Room|[of] p2a: Slowking
|
|upkeep
|turn|2
|
|t:|1779708395
|switch|p2a: Ursaluna|Ursaluna, F|100/100
|move|p1a: Reddit Gold|Nasty Plot|p1a: Reddit Gold
|-boost|p1a: Reddit Gold|spa|2
|
|-status|p2a: Ursaluna|brn|[from] item: Flame Orb
|upkeep
|turn|3
|
|t:|1779708405
|switch|p1a: Sir Robert Peel|Weezing-Galar, F|100/100
|-ability|p1a: Sir Robert Peel|Neutralizing Gas
|move|p2a: Ursaluna|Fire Punch|p1a: Sir Robert Peel
|-damage|p1a: Sir Robert Peel|91/100
|
|-heal|p1a: Sir Robert Peel|97/100|[from] item: Leftovers
|-damage|p2a: Ursaluna|94/100 brn|[from] brn
|upkeep
|turn|4
|
|t:|1779708418
|switch|p2a: Arcanine|Arcanine, M, shiny|100/100
|move|p1a: Sir Robert Peel|Toxic Spikes|p2a: Arcanine
|-sidestart|p2: Megachamp100|move: Toxic Spikes
|
|-heal|p1a: Sir Robert Peel|100/100|[from] item: Leftovers
|upkeep
|turn|5
|inactive|Battle timer is ON: inactive players will automatically lose when time's up. (requested by Avenastar)
|
|t:|1779708465
|-terastallize|p2a: Arcanine|Fire
|move|p1a: Sir Robert Peel|Toxic Spikes|p2a: Arcanine
|-sidestart|p2: Megachamp100|move: Toxic Spikes
|move|p2a: Arcanine|Raging Fury|p1a: Sir Robert Peel
|-damage|p1a: Sir Robert Peel|20/100
|
|-heal|p1a: Sir Robert Peel|26/100|[from] item: Leftovers
|-fieldend|move: Trick Room
|upkeep
|turn|6
|
|t:|1779708492
|-end|p1a: Sir Robert Peel|ability: Neutralizing Gas
|-ability|p2a: Arcanine|Intimidate|boost
|-unboost|p1a: Sir Robert Peel|atk|1
|switch|p1a: Primarina|Primarina, M|100/100
|move|p2a: Arcanine|Raging Fury|p1a: Primarina|[from] lockedmove
|-resisted|p1a: Primarina
|-damage|p1a: Primarina|53/100
|-start|p2a: Arcanine|confusion|[fatigue]
|
|-heal|p1a: Primarina|59/100|[from] item: Leftovers
|upkeep
|turn|7
|
|t:|1779708504
|switch|p2a: Slowking|Slowking-Galar, F|100/100
|-sideend|p2: Megachamp100|move: Toxic Spikes|[of] p2a: Slowking
|move|p1a: Primarina|Psychic Noise|p2a: Slowking
|-damage|p2a: Slowking|80/100
|-start|p2a: Slowking|move: Heal Block
|
|-heal|p1a: Primarina|65/100|[from] item: Leftovers
|upkeep
|turn|8
|
|t:|1779708525
|switch|p1a: Reddit Silver|Zamazenta|100/100
|-ability|p1a: Reddit Silver|Dauntless Shield|boost
|-boost|p1a: Reddit Silver|def|1
|move|p2a: Slowking|Sludge Bomb|p1a: Reddit Silver
|-damage|p1a: Reddit Silver|73/100
|-status|p1a: Reddit Silver|psn
|
|-heal|p1a: Reddit Silver|79/100 psn|[from] item: Leftovers
|-damage|p1a: Reddit Silver|66/100 psn|[from] psn
|-end|p2a: Slowking|move: Heal Block
|upkeep
|turn|9
|
|t:|1779708541
|move|p1a: Reddit Silver|Crunch|p2a: Slowking
|-supereffective|p2a: Slowking
|-damage|p2a: Slowking|33/100
|move|p2a: Slowking|Sludge Bomb|p1a: Reddit Silver
|-damage|p1a: Reddit Silver|39/100 psn
|
|-heal|p1a: Reddit Silver|45/100 psn|[from] item: Leftovers
|-damage|p1a: Reddit Silver|33/100 psn|[from] psn
|upkeep
|turn|10
|
|t:|1779708552
|switch|p2a: Zapdos|Zapdos|100/100
|move|p1a: Reddit Silver|Crunch|p2a: Zapdos
|-damage|p2a: Zapdos|84/100
|
|-heal|p1a: Reddit Silver|39/100 psn|[from] item: Leftovers
|-damage|p1a: Reddit Silver|27/100 psn|[from] psn
|upkeep
|turn|11
|
|t:|1779708562
|switch|p1a: Grok|Iron Moth|100/100
|move|p2a: Zapdos|Hurricane|p1a: Grok|[miss]
|-miss|p2a: Zapdos|p1a: Grok
|
|upkeep
|turn|12
|
|t:|1779708574
|switch|p2a: Slowking|Slowking-Galar, F|66/100
|move|p1a: Grok|Fiery Dance|p2a: Slowking
|-damage|p2a: Slowking|29/100
|-boost|p1a: Grok|spa|1
|
|upkeep
|turn|13
|inactive|Megachamp100 has 120 seconds left.
|
|t:|1779708608
|switch|p2a: Arcanine|Arcanine, M, shiny, tera:Fire|100/100
|-ability|p2a: Arcanine|Intimidate|boost
|-unboost|p1a: Grok|atk|1
|move|p1a: Grok|Fiery Dance|p2a: Arcanine
|-resisted|p2a: Arcanine
|-damage|p2a: Arcanine|33/100
|-boost|p1a: Grok|spa|1
|
|upkeep
|turn|14
|
|t:|1779708617
|move|p2a: Arcanine|Extreme Speed|p1a: Grok
|-damage|p1a: Grok|29/100
|move|p1a: Grok|Fiery Dance|p2a: Arcanine
|-resisted|p2a: Arcanine
|-damage|p2a: Arcanine|0 fnt
|faint|p2a: Arcanine
|
|upkeep
|
|t:|1779708626
|switch|p2a: Slowking|Slowking-Galar, F|62/100
|turn|15
|
|t:|1779708631
|move|p1a: Grok|Fiery Dance|p2a: Slowking
|-damage|p2a: Slowking|0 fnt
|faint|p2a: Slowking
|
|upkeep
|-message|Megachamp100 forfeited.
|
|win|Avenastar
|raw|Avenastar's rating: 1200 &rarr; <strong>1221</strong><br />(+21 for winning)
|raw|Megachamp100's rating: 1146 &rarr; <strong>1125</strong><br />(-21 for losing)
|l|☆Megachamp100
|player|p2|
|l|☆Avenastar
|player|p1|
