|j|☆visceraljouster
|j|☆jucoxdeluxe
|t:|1779661748
|gametype|singles
|player|p1|visceraljouster|drayden|1078
|player|p2|jucoxdeluxe|rocketgrunt|1074
|gen|9
|tier|[Gen 9] OU
|rated|
|rule|HP Percentage Mod: HP is shown in percentages
|rule|Endless Battle Clause: Forcing endless battles is banned
|rule|Species Clause: Limit one of each Pokémon
|rule|OHKO Clause: OHKO moves are banned
|rule|Evasion Items Clause: Evasion items are banned
|rule|Evasion Moves Clause: Evasion moves are banned
|rule|Evasion Abilities Clause: Evasion abilities are banned
|rule|Sleep Moves Clause: Sleep-inducing moves are banned
|clearpoke
|poke|p1|Talonflame, M|
|poke|p1|Tyranitar, M|
|poke|p1|Electivire, F|
|poke|p1|Salamence, M|
|poke|p1|Swampert, F|
|poke|p1|Scizor, M|
|poke|p2|Blastoise, M|
|poke|p2|Dodrio, F|
|poke|p2|Arcanine, F|
|poke|p2|Rhydon, M|
|poke|p2|Hitmonlee, M|
|poke|p2|Raichu, M|
|teampreview
|c|☆visceraljouster|ah i see another man of culture is here
|
|t:|1779661768
|teamsize|p1|6
|teamsize|p2|6
|start
|switch|p1a: Swampert|Swampert, F|100/100
|switch|p2a: Rhydon|Rhydon, M|100/100
|turn|1
|
|t:|1779661787
|switch|p2a: Raichu|Raichu, M|100/100
|move|p1a: Swampert|Earthquake|p2a: Raichu
|-supereffective|p2a: Raichu
|-damage|p2a: Raichu|0 fnt
|faint|p2a: Raichu
|
|upkeep
|
|t:|1779661796
|switch|p2a: Blastoise|Blastoise, M|100/100
|turn|2
|
|t:|1779661805
|switch|p1a: Electivire|Electivire, F|100/100
|move|p2a: Blastoise|Shell Smash|p2a: Blastoise
|-unboost|p2a: Blastoise|def|1
|-unboost|p2a: Blastoise|spd|1
|-boost|p2a: Blastoise|atk|2
|-boost|p2a: Blastoise|spa|2
|-boost|p2a: Blastoise|spe|2
|-enditem|p2a: Blastoise|White Herb
|-clearnegativeboost|p2a: Blastoise|[silent]
|
|upkeep
|turn|3
|
|t:|1779661819
|-terastallize|p2a: Blastoise|Electric
|move|p2a: Blastoise|Surf|p1a: Electivire
|-damage|p1a: Electivire|0 fnt
|faint|p1a: Electivire
|
|upkeep
|
|t:|1779661833
|switch|p1a: Swampert|Swampert, F|100/100
|turn|4
|
|t:|1779661843
|move|p2a: Blastoise|Ice Beam|p1a: Swampert
|-damage|p1a: Swampert|54/100
|move|p1a: Swampert|Roar|p2a: Blastoise
|drag|p2a: Arcanine|Arcanine, F|100/100
|-ability|p2a: Arcanine|Intimidate|boost
|-unboost|p1a: Swampert|atk|1
|
|-heal|p1a: Swampert|60/100|[from] item: Leftovers
|upkeep
|turn|5
|
|t:|1779661857
|move|p2a: Arcanine|Curse|p2a: Arcanine
|-unboost|p2a: Arcanine|spe|1
|-boost|p2a: Arcanine|atk|1
|-boost|p2a: Arcanine|def|1
|move|p1a: Swampert|Surf|p2a: Arcanine
|-supereffective|p2a: Arcanine
|-damage|p2a: Arcanine|3/100
|
|-heal|p2a: Arcanine|10/100|[from] item: Leftovers
|-heal|p1a: Swampert|66/100|[from] item: Leftovers
|upkeep
|turn|6
|
|t:|1779661868
|move|p2a: Arcanine|Extreme Speed|p1a: Swampert
|-damage|p1a: Swampert|26/100
|move|p1a: Swampert|Ice Beam|p2a: Arcanine
|-resisted|p2a: Arcanine
|-damage|p2a: Arcanine|0 fnt
|faint|p2a: Arcanine
|
|-heal|p1a: Swampert|32/100|[from] item: Leftovers
|upkeep
|
|t:|1779661880
|switch|p2a: Blastoise|Blastoise, M, tera:Electric|100/100
|turn|7
|
|t:|1779661888
|move|p2a: Blastoise|Surf|p1a: Swampert
|-damage|p1a: Swampert|0 fnt
|faint|p1a: Swampert
|
|upkeep
|
|t:|1779661897
|switch|p1a: Tyranitar|Tyranitar, M|100/100
|-weather|Sandstorm|[from] ability: Sand Stream|[of] p1a: Tyranitar
|turn|8
|
|t:|1779661902
|move|p1a: Tyranitar|Earthquake|p2a: Blastoise
|-supereffective|p2a: Blastoise
|-damage|p2a: Blastoise|33/100
|move|p2a: Blastoise|Aura Sphere|p1a: Tyranitar
|-supereffective|p1a: Tyranitar
|-damage|p1a: Tyranitar|48/100
|-enditem|p1a: Tyranitar|Weakness Policy
|-boost|p1a: Tyranitar|atk|2|[from] item: Weakness Policy
|-boost|p1a: Tyranitar|spa|2|[from] item: Weakness Policy
|
|-weather|Sandstorm|[upkeep]
|-damage|p2a: Blastoise|27/100|[from] Sandstorm
|upkeep
|turn|9
|
|t:|1779661916
|move|p1a: Tyranitar|Earthquake|p2a: Blastoise
|-supereffective|p2a: Blastoise
|-damage|p2a: Blastoise|0 fnt
|faint|p2a: Blastoise
|
|-weather|Sandstorm|[upkeep]
|upkeep
|
|t:|1779661923
|switch|p2a: Hitmonlee|Hitmonlee, M|100/100
|turn|10
|
|t:|1779661932
|move|p2a: Hitmonlee|Mach Punch|p1a: Tyranitar
|-supereffective|p1a: Tyranitar
|-damage|p1a: Tyranitar|0 fnt
|faint|p1a: Tyranitar
|-damage|p2a: Hitmonlee|91/100|[from] item: Life Orb
|
|-weather|Sandstorm|[upkeep]
|-damage|p2a: Hitmonlee|84/100|[from] Sandstorm
|upkeep
|
|t:|1779661944
|switch|p1a: Salamence|Salamence, M|100/100
|-ability|p1a: Salamence|Intimidate|boost
|-unboost|p2a: Hitmonlee|atk|1
|turn|11
|
|t:|1779661949
|switch|p2a: Rhydon|Rhydon, M|100/100
|move|p1a: Salamence|Air Slash|p2a: Rhydon
|-resisted|p2a: Rhydon
|-damage|p2a: Rhydon|89/100
|
|-weather|Sandstorm|[upkeep]
|-damage|p1a: Salamence|94/100|[from] Sandstorm
|upkeep
|turn|12
|
|t:|1779661959
|switch|p1a: Scizor|Scizor, M|100/100
|move|p2a: Rhydon|Stone Edge|p1a: Scizor|[miss]
|-miss|p2a: Rhydon|p1a: Scizor
|
|-weather|none
|upkeep
|turn|13
|
|t:|1779661967
|move|p1a: Scizor|Swords Dance|p1a: Scizor
|-boost|p1a: Scizor|atk|2
|move|p2a: Rhydon|Earthquake|p1a: Scizor
|-damage|p1a: Scizor|46/100
|
|-heal|p1a: Scizor|52/100|[from] item: Leftovers
|upkeep
|turn|14
|
|t:|1779661976
|move|p1a: Scizor|Bullet Punch|p2a: Rhydon
|-supereffective|p2a: Rhydon
|-damage|p2a: Rhydon|36/100
|move|p2a: Rhydon|Earthquake|p1a: Scizor
|-damage|p1a: Scizor|0 fnt
|faint|p1a: Scizor
|
|upkeep
|
|t:|1779661990
|switch|p1a: Talonflame|Talonflame, M|100/100
|turn|15
|
|t:|1779661995
|move|p1a: Talonflame|Will-O-Wisp|p2a: Rhydon
|-status|p2a: Rhydon|brn
|move|p2a: Rhydon|Stone Edge|p1a: Talonflame|[miss]
|-miss|p2a: Rhydon|p1a: Talonflame
|
|-damage|p2a: Rhydon|30/100 brn|[from] brn
|upkeep
|turn|16
|
|t:|1779662008
|move|p1a: Talonflame|Overheat|p2a: Rhydon
|-resisted|p2a: Rhydon
|-damage|p2a: Rhydon|9/100 brn
|-unboost|p1a: Talonflame|spa|2
|move|p2a: Rhydon|Stone Edge|p1a: Talonflame
|-supereffective|p1a: Talonflame
|-damage|p1a: Talonflame|0 fnt
|faint|p1a: Talonflame
|
|-damage|p2a: Rhydon|2/100 brn|[from] brn
|upkeep
|
|t:|1779662018
|switch|p1a: Salamence|Salamence, M|94/100
|-ability|p1a: Salamence|Intimidate|boost
|-unboost|p2a: Rhydon|atk|1
|turn|17
|
|t:|1779662023
|move|p1a: Salamence|Flamethrower|p2a: Rhydon
|-resisted|p2a: Rhydon
|-damage|p2a: Rhydon|0 fnt
|faint|p2a: Rhydon
|
|upkeep
|
|t:|1779662029
|switch|p2a: Hitmonlee|Hitmonlee, M|84/100
|turn|18
|
|t:|1779662037
|move|p1a: Salamence|Air Slash|p2a: Hitmonlee
|-supereffective|p2a: Hitmonlee
|-damage|p2a: Hitmonlee|7/100
|cant|p2a: Hitmonlee|flinch
|
|upkeep
|turn|19
|
|t:|1779662043
|move|p2a: Hitmonlee|Mach Punch|p1a: Salamence
|-resisted|p1a: Salamence
|-damage|p1a: Salamence|78/100
|-damage|p2a: Hitmonlee|0 fnt|[from] item: Life Orb
|faint|p2a: Hitmonlee
|move|p1a: Salamence|Dragon Claw|p2: Hitmonlee|[notarget]
|-fail|p1a: Salamence
|
|upkeep
|
|t:|1779662050
|switch|p2a: Dodrio|Dodrio, F|100/100
|turn|20
|
|t:|1779662061
|move|p2a: Dodrio|Double-Edge|p1a: Salamence
|-damage|p1a: Salamence|0 fnt
|faint|p1a: Salamence
|-damage|p2a: Dodrio|68/100|[from] Recoil
|
|win|jucoxdeluxe
|raw|visceraljouster's rating: 1078 &rarr; <strong>1056</strong><br />(-22 for losing)
|raw|jucoxdeluxe's rating: 1074 &rarr; <strong>1103</strong><br />(+29 for winning)
|l|☆visceraljouster
|player|p1|
|l|☆jucoxdeluxe
|player|p2|
