|j|☆ArchStanton47
|j|☆bozumon
|t:|1779669619
|gametype|singles
|player|p1|ArchStanton47|ethan-pokeathlon|1420
|player|p2|bozumon|102|1439
|gen|9
|tier|[Gen 9] OU
|rated|
|rule|HP Percentage Mod: HP is shown in percentages
|rule|Endless Battle Clause: Forcing endless battles is banned
|rule|Species Clause: Limit one of each Pokémon
|rule|OHKO Clause: OHKO moves are banned
|rule|Evasion Items Clause: Evasion items are banned
|rule|Evasion Moves Clause: Evasion moves are banned
|rule|Evasion Abilities Clause: Evasion abilities are banned
|rule|Sleep Moves Clause: Sleep-inducing moves are banned
|clearpoke
|poke|p1|Weezing-Galar, F|
|poke|p1|Hitmonlee, M|
|poke|p1|Hydrapple, M|
|poke|p1|Landorus-Therian, M|
|poke|p1|Hatterene, F|
|poke|p1|Kyurem|
|poke|p2|Raging Bolt|
|poke|p2|Great Tusk|
|poke|p2|Gholdengo|
|poke|p2|Alomomola, F|
|poke|p2|Clodsire, M|
|poke|p2|Moltres|
|teampreview
|inactive|Battle timer is ON: inactive players will automatically lose when time's up. (requested by bozumon)
|
|t:|1779669627
|teamsize|p1|6
|teamsize|p2|6
|start
|switch|p1a: Weezing|Weezing-Galar, F|100/100
|switch|p2a: Moltres|Moltres|100/100
|-fieldstart|move: Misty Terrain|[from] ability: Misty Surge|[of] p1a: Weezing
|turn|1
|
|t:|1779669639
|switch|p1a: Landorus|Landorus-Therian, M|100/100
|-ability|p1a: Landorus|Intimidate|boost
|-unboost|p2a: Moltres|atk|1
|move|p2a: Moltres|Hurricane|p1a: Landorus
|-damage|p1a: Landorus|43/100
|-start|p1a: Landorus|confusion
|
|upkeep
|turn|2
|
|t:|1779669646
|-activate|p1a: Landorus|confusion
|move|p1a: Landorus|Stone Edge|p2a: Moltres
|-supereffective|p2a: Moltres
|-damage|p2a: Moltres|0 fnt
|faint|p2a: Moltres
|
|upkeep
|
|t:|1779669659
|switch|p2a: Gholdengo|Gholdengo|100/100
|turn|3
|
|t:|1779669673
|switch|p1a: Hatterene|Hatterene, F|100/100
|move|p2a: Gholdengo|Shadow Ball|p1a: Hatterene
|-supereffective|p1a: Hatterene
|-damage|p1a: Hatterene|31/100
|-enditem|p1a: Hatterene|Red Card|[of] p2a: Gholdengo
|drag|p2a: Great Tusk|Great Tusk|100/100
|
|upkeep
|turn|4
|
|t:|1779669681
|move|p2a: Great Tusk|Headlong Rush|p1a: Hatterene
|-damage|p1a: Hatterene|0 fnt
|-unboost|p2a: Great Tusk|def|1
|-unboost|p2a: Great Tusk|spd|1
|faint|p1a: Hatterene
|
|upkeep
|
|t:|1779669685
|switch|p1a: Hydrapple|Hydrapple, M|100/100
|turn|5
|
|t:|1779669691
|-end|p2a: Great Tusk|Protosynthesis|[silent]
|switch|p2a: Gholdengo|Gholdengo|100/100
|move|p1a: Hydrapple|Nasty Plot|p1a: Hydrapple
|-boost|p1a: Hydrapple|spa|2
|
|upkeep
|turn|6
|
|t:|1779669696
|move|p2a: Gholdengo|Trick|p1a: Hydrapple
|-activate|p2a: Gholdengo|move: Trick|[of] p1a: Hydrapple
|-item|p1a: Hydrapple|Choice Scarf|[from] move: Trick
|-item|p2a: Gholdengo|Eject Pack|[from] move: Trick
|move|p1a: Hydrapple|Earth Power|p2a: Gholdengo
|-supereffective|p2a: Gholdengo
|-damage|p2a: Gholdengo|0 fnt
|faint|p2a: Gholdengo
|
|upkeep
|
|t:|1779669701
|switch|p2a: Alomomola|Alomomola, F|100/100
|turn|7
|
|t:|1779669704
|move|p1a: Hydrapple|Earth Power|p2a: Alomomola
|-damage|p2a: Alomomola|45/100
|move|p2a: Alomomola|Wish|p2a: Alomomola
|
|upkeep
|turn|8
|
|t:|1779669709
|move|p2a: Alomomola|Protect|p2a: Alomomola
|-singleturn|p2a: Alomomola|Protect
|move|p1a: Hydrapple|Earth Power|p2a: Alomomola
|-activate|p2a: Alomomola|move: Protect
|
|-heal|p2a: Alomomola|95/100|[from] move: Wish|[wisher] Alomomola
|-fieldend|Misty Terrain
|upkeep
|turn|9
|
|t:|1779669713
|move|p1a: Hydrapple|Earth Power|p2a: Alomomola
|-damage|p2a: Alomomola|46/100
|move|p2a: Alomomola|Flip Turn|p1a: Hydrapple
|-resisted|p1a: Hydrapple
|-damage|p1a: Hydrapple|98/100
|
|t:|1779669717
|switch|p2a: Clodsire|Clodsire, M|100/100|[from] Flip Turn
|
|upkeep
|turn|10
|
|t:|1779669721
|-terastallize|p2a: Clodsire|Flying
|move|p1a: Hydrapple|Earth Power|p2a: Clodsire
|-immune|p2a: Clodsire
|move|p2a: Clodsire|Stealth Rock|p1a: Hydrapple
|-sidestart|p1: ArchStanton47|move: Stealth Rock
|
|upkeep
|turn|11
|
|t:|1779669733
|switch|p1a: Weezing|Weezing-Galar, F|100/100
|-damage|p1a: Weezing|88/100|[from] Stealth Rock
|-fieldstart|move: Misty Terrain|[from] ability: Misty Surge|[of] p1a: Weezing
|move|p2a: Clodsire|Poison Jab|p1a: Weezing
|-damage|p1a: Weezing|74/100
|
|upkeep
|turn|12
|
|t:|1779669757
|switch|p2a: Alomomola|Alomomola, F|79/100
|move|p1a: Weezing|Defog|p2a: Alomomola
|-unboost|p2a: Alomomola|evasion|1
|-sideend|p1: ArchStanton47|Stealth Rock|[from] move: Defog|[of] p1a: Weezing
|-fieldend|Misty Terrain
|
|upkeep
|turn|13
|
|t:|1779669770
|switch|p1a: Landorus|Landorus-Therian, M|43/100
|-ability|p1a: Landorus|Intimidate|boost
|-unboost|p2a: Alomomola|atk|1
|move|p2a: Alomomola|Scald|p1a: Landorus
|-supereffective|p1a: Landorus
|-damage|p1a: Landorus|6/100
|
|upkeep
|turn|14
|
|t:|1779669777
|move|p2a: Alomomola|Protect|p2a: Alomomola
|-singleturn|p2a: Alomomola|Protect
|move|p1a: Landorus|U-turn|p2a: Alomomola
|-activate|p2a: Alomomola|move: Protect
|
|upkeep
|turn|15
|
|t:|1779669782
|move|p1a: Landorus|U-turn|p2a: Alomomola
|-crit|p2a: Alomomola
|-damage|p2a: Alomomola|53/100
|
|t:|1779669790
|switch|p1a: Weezing|Weezing-Galar, F|74/100|[from] U-turn
|-fieldstart|move: Misty Terrain|[from] ability: Misty Surge|[of] p1a: Weezing
|move|p2a: Alomomola|Scald|p1a: Weezing
|-crit|p1a: Weezing
|-damage|p1a: Weezing|44/100
|
|upkeep
|turn|16
|
|t:|1779669797
|move|p1a: Weezing|Pain Split|p2a: Alomomola
|-sethp|p2a: Alomomola|42/100|[from] move: Pain Split|[silent]
|-sethp|p1a: Weezing|59/100|[from] move: Pain Split
|move|p2a: Alomomola|Flip Turn|p1a: Weezing
|-damage|p1a: Weezing|52/100
|
|t:|1779669805
|switch|p2a: Great Tusk|Great Tusk|100/100|[from] Flip Turn
|
|upkeep
|turn|17
|
|t:|1779669814
|switch|p1a: Hydrapple|Hydrapple, M|100/100
|move|p2a: Great Tusk|Rapid Spin|p1a: Hydrapple
|-damage|p1a: Hydrapple|85/100
|-boost|p2a: Great Tusk|spe|1
|
|upkeep
|turn|18
|
|t:|1779669820
|-end|p2a: Great Tusk|Protosynthesis|[silent]
|switch|p2a: Clodsire|Clodsire, M, tera:Flying|100/100
|move|p1a: Hydrapple|Leaf Storm|p2a: Clodsire
|-resisted|p2a: Clodsire
|-damage|p2a: Clodsire|73/100
|-unboost|p1a: Hydrapple|spa|2
|
|-heal|p2a: Clodsire|79/100|[from] item: Leftovers
|upkeep
|turn|19
|
|t:|1779669826
|switch|p1a: Landorus|Landorus-Therian, M|6/100
|-ability|p1a: Landorus|Intimidate|boost
|-unboost|p2a: Clodsire|atk|1
|move|p2a: Clodsire|Stealth Rock|p1a: Landorus
|-sidestart|p1: ArchStanton47|move: Stealth Rock
|
|-heal|p2a: Clodsire|85/100|[from] item: Leftovers
|upkeep
|turn|20
|
|t:|1779669836
|switch|p2a: Great Tusk|Great Tusk|100/100
|move|p1a: Landorus|Stone Edge|p2a: Great Tusk
|-resisted|p2a: Great Tusk
|-damage|p2a: Great Tusk|95/100
|
|upkeep
|turn|21
|
|t:|1779669845
|switch|p1a: Hydrapple|Hydrapple, M|100/100
|-damage|p1a: Hydrapple|88/100|[from] Stealth Rock
|move|p2a: Great Tusk|Rapid Spin|p1a: Hydrapple
|-damage|p1a: Hydrapple|74/100
|-boost|p2a: Great Tusk|spe|1
|
|upkeep
|turn|22
|
|t:|1779669853
|-end|p2a: Great Tusk|Protosynthesis|[silent]
|switch|p2a: Clodsire|Clodsire, M, tera:Flying|85/100
|move|p1a: Hydrapple|Draco Meteor|p2a: Clodsire
|-damage|p2a: Clodsire|34/100
|-unboost|p1a: Hydrapple|spa|2
|
|-heal|p2a: Clodsire|40/100|[from] item: Leftovers
|-fieldend|Misty Terrain
|upkeep
|turn|23
|
|t:|1779669859
|switch|p2a: Great Tusk|Great Tusk|95/100
|move|p1a: Hydrapple|Draco Meteor|p2a: Great Tusk|[miss]
|-miss|p1a: Hydrapple|p2a: Great Tusk
|
|upkeep
|turn|24
|
|t:|1779669865
|switch|p1a: Weezing|Weezing-Galar, F|52/100
|-damage|p1a: Weezing|40/100|[from] Stealth Rock
|-fieldstart|move: Misty Terrain|[from] ability: Misty Surge|[of] p1a: Weezing
|move|p2a: Great Tusk|Rapid Spin|p1a: Weezing
|-damage|p1a: Weezing|28/100
|-boost|p2a: Great Tusk|spe|1
|
|upkeep
|turn|25
|
|t:|1779669874
|move|p2a: Great Tusk|Headlong Rush|p1a: Weezing
|-supereffective|p1a: Weezing
|-damage|p1a: Weezing|0 fnt
|-unboost|p2a: Great Tusk|def|1
|-unboost|p2a: Great Tusk|spd|1
|faint|p1a: Weezing
|
|upkeep
|
|t:|1779669876
|switch|p1a: Hitmonlee|Hitmonlee, M|100/100
|-damage|p1a: Hitmonlee|94/100|[from] Stealth Rock
|-enditem|p1a: Hitmonlee|Misty Seed
|-boost|p1a: Hitmonlee|spd|1|[from] item: Misty Seed
|turn|26
|
|t:|1779669885
|-end|p2a: Great Tusk|Protosynthesis|[silent]
|switch|p2a: Alomomola|Alomomola, F|75/100
|move|p1a: Hitmonlee|High Jump Kick|p2a: Alomomola|[miss]
|-miss|p1a: Hitmonlee|p2a: Alomomola
|-damage|p1a: Hitmonlee|44/100|[from] highjumpkick
|
|upkeep
|turn|27
|
|t:|1779669890
|move|p2a: Alomomola|Protect|p2a: Alomomola
|-singleturn|p2a: Alomomola|Protect
|move|p1a: Hitmonlee|High Jump Kick|p2a: Alomomola
|-activate|p2a: Alomomola|move: Protect
|-damage|p1a: Hitmonlee|0 fnt|[from] highjumpkick
|faint|p1a: Hitmonlee
|
|upkeep
|
|t:|1779669895
|switch|p1a: Hydrapple|Hydrapple, M|100/100
|-damage|p1a: Hydrapple|88/100|[from] Stealth Rock
|turn|28
|
|t:|1779669900
|move|p1a: Hydrapple|Draco Meteor|p2a: Alomomola
|-damage|p2a: Alomomola|48/100
|-unboost|p1a: Hydrapple|spa|2
|move|p2a: Alomomola|Wish|p2a: Alomomola
|
|upkeep
|turn|29
|inactive|ArchStanton47 has 120 seconds left.
|
|t:|1779669931
|switch|p1a: Landorus|Landorus-Therian, M|6/100
|-damage|p1a: Landorus|0 fnt|[from] Stealth Rock
|faint|p1a: Landorus
|move|p2a: Alomomola|Scald|p1: Landorus|[notarget]
|-fail|p2a: Alomomola
|
|-heal|p2a: Alomomola|98/100|[from] move: Wish|[wisher] Alomomola
|upkeep
|inactive|ArchStanton47 has 120 seconds left.
|
|t:|1779669940
|switch|p1a: Kyurem|Kyurem|100/100
|-damage|p1a: Kyurem|76/100|[from] Stealth Rock
|-ability|p1a: Kyurem|Pressure
|turn|30
|
|t:|1779669947
|move|p1a: Kyurem|Dragon Dance|p1a: Kyurem
|-boost|p1a: Kyurem|atk|1
|-boost|p1a: Kyurem|spe|1
|move|p2a: Alomomola|Flip Turn|p1a: Kyurem
|-resisted|p1a: Kyurem
|-damage|p1a: Kyurem|68/100
|
|t:|1779669962
|switch|p2a: Great Tusk|Great Tusk|95/100|[from] Flip Turn
|
|upkeep
|turn|31
|
|t:|1779669976
|move|p1a: Kyurem|Icicle Spear|p2a: Great Tusk
|-supereffective|p2a: Great Tusk
|-damage|p2a: Great Tusk|69/100
|-supereffective|p2a: Great Tusk
|-damage|p2a: Great Tusk|41/100
|-supereffective|p2a: Great Tusk
|-damage|p2a: Great Tusk|15/100
|-supereffective|p2a: Great Tusk
|-damage|p2a: Great Tusk|0 fnt
|faint|p2a: Great Tusk
|-end|p2a: Great Tusk|Protosynthesis|[silent]
|-hitcount|p2: Great Tusk|4
|
|-fieldend|Misty Terrain
|upkeep
|
|t:|1779669994
|switch|p2a: Alomomola|Alomomola, F|100/100
|turn|32
|
|t:|1779670005
|move|p1a: Kyurem|Dragon Dance|p1a: Kyurem
|-boost|p1a: Kyurem|atk|1
|-boost|p1a: Kyurem|spe|1
|move|p2a: Alomomola|Scald|p1a: Kyurem
|-resisted|p1a: Kyurem
|-damage|p1a: Kyurem|61/100
|
|upkeep
|turn|33
|
|t:|1779670012
|move|p1a: Kyurem|Scale Shot|p2a: Alomomola
|-damage|p2a: Alomomola|83/100
|-damage|p2a: Alomomola|64/100
|-damage|p2a: Alomomola|43/100
|-damage|p2a: Alomomola|24/100
|-damage|p2a: Alomomola|5/100
|-hitcount|p2a: Alomomola|5
|-unboost|p1a: Kyurem|def|1
|-boost|p1a: Kyurem|spe|1
|move|p2a: Alomomola|Scald|p1a: Kyurem
|-resisted|p1a: Kyurem
|-damage|p1a: Kyurem|54/100
|
|upkeep
|turn|34
|
|t:|1779670027
|move|p2a: Alomomola|Protect|p2a: Alomomola
|-singleturn|p2a: Alomomola|Protect
|move|p1a: Kyurem|Icicle Spear|p2a: Alomomola
|-activate|p2a: Alomomola|move: Protect
|
|upkeep
|turn|35
|
|t:|1779670035
|move|p1a: Kyurem|Icicle Spear|p2a: Alomomola
|-resisted|p2a: Alomomola
|-damage|p2a: Alomomola|0 fnt
|faint|p2a: Alomomola
|-hitcount|p2: Alomomola|1
|
|upkeep
|
|t:|1779670037
|switch|p2a: Raging Bolt|Raging Bolt|100/100
|turn|36
|
|t:|1779670052
|move|p2a: Raging Bolt|Thunderclap|p1a: Kyurem
|-resisted|p1a: Kyurem
|-damage|p1a: Kyurem|24/100
|move|p1a: Kyurem|Icicle Spear|p2a: Raging Bolt
|-supereffective|p2a: Raging Bolt
|-damage|p2a: Raging Bolt|53/100
|-supereffective|p2a: Raging Bolt
|-crit|p2a: Raging Bolt
|-damage|p2a: Raging Bolt|0 fnt
|faint|p2a: Raging Bolt
|-end|p2a: Raging Bolt|Protosynthesis|[silent]
|-hitcount|p2: Raging Bolt|2
|
|upkeep
|
|t:|1779670054
|switch|p2a: Clodsire|Clodsire, M, tera:Flying|40/100
|turn|37
|
|t:|1779670068
|move|p1a: Kyurem|Icicle Spear|p2a: Clodsire
|-supereffective|p2a: Clodsire
|-damage|p2a: Clodsire|17/100
|-supereffective|p2a: Clodsire
|-damage|p2a: Clodsire|0 fnt
|faint|p2a: Clodsire
|-hitcount|p2: Clodsire|2
|
|win|ArchStanton47
|raw|ArchStanton47's rating: 1420 &rarr; <strong>1441</strong><br />(+21 for winning)
|raw|bozumon's rating: 1439 &rarr; <strong>1418</strong><br />(-21 for losing)
|l|☆ArchStanton47
|player|p1|
