|j|☆RedemptiveSketch
|j|☆goodnightnite
|t:|1779614126
|gametype|singles
|player|p1|RedemptiveSketch|koga-lgpe|1648
|player|p2|goodnightnite|miku-water|1562
|gen|9
|tier|[Gen 9] OU
|rated|
|rule|HP Percentage Mod: HP is shown in percentages
|rule|Endless Battle Clause: Forcing endless battles is banned
|rule|Species Clause: Limit one of each Pokémon
|rule|OHKO Clause: OHKO moves are banned
|rule|Evasion Items Clause: Evasion items are banned
|rule|Evasion Moves Clause: Evasion moves are banned
|rule|Evasion Abilities Clause: Evasion abilities are banned
|rule|Sleep Moves Clause: Sleep-inducing moves are banned
|clearpoke
|poke|p1|Ribombee, M|
|poke|p1|Lokix, M|
|poke|p1|Raging Bolt|
|poke|p1|Great Tusk|
|poke|p1|Gholdengo|
|poke|p1|Iron Moth|
|poke|p2|Hoopa|
|poke|p2|Cinderace, M|
|poke|p2|Mandibuzz, F|
|poke|p2|Kyurem|
|poke|p2|Ting-Lu|
|poke|p2|Manaphy|
|teampreview
|inactive|Battle timer is ON: inactive players will automatically lose when time's up. (requested by RedemptiveSketch)
|inactive|goodnightnite also wants the timer to be on.
|
|t:|1779614146
|teamsize|p1|6
|teamsize|p2|6
|start
|switch|p1a: Metaphorical Music|Ribombee, M, shiny|100/100
|switch|p2a: Ting-Lucifer|Ting-Lu|100/100
|-ability|p2a: Ting-Lucifer|Vessel of Ruin
|turn|1
|j| Concept Everything
|
|t:|1779614162
|move|p1a: Metaphorical Music|Moonblast|p2a: Ting-Lucifer
|-supereffective|p2a: Ting-Lucifer
|-damage|p2a: Ting-Lucifer|57/100
|-enditem|p2a: Ting-Lucifer|Weakness Policy
|-boost|p2a: Ting-Lucifer|atk|2|[from] item: Weakness Policy
|-boost|p2a: Ting-Lucifer|spa|2|[from] item: Weakness Policy
|move|p2a: Ting-Lucifer|Heavy Slam|p1a: Metaphorical Music
|-supereffective|p1a: Metaphorical Music
|-enditem|p1a: Metaphorical Music|Focus Sash
|-damage|p1a: Metaphorical Music|1/100
|
|upkeep
|turn|2
|
|t:|1779614170
|move|p1a: Metaphorical Music|Moonblast|p2a: Ting-Lucifer
|-supereffective|p2a: Ting-Lucifer
|-damage|p2a: Ting-Lucifer|16/100
|move|p2a: Ting-Lucifer|Heavy Slam|p1a: Metaphorical Music
|-supereffective|p1a: Metaphorical Music
|-damage|p1a: Metaphorical Music|0 fnt
|faint|p1a: Metaphorical Music
|
|upkeep
|c|☆RedemptiveSketch|forbidden tech
|
|t:|1779614178
|switch|p1a: Luvsic Hexalogy|Iron Moth, shiny|100/100
|-enditem|p1a: Luvsic Hexalogy|Booster Energy
|-activate|p1a: Luvsic Hexalogy|ability: Quark Drive|[fromitem]
|-start|p1a: Luvsic Hexalogy|quarkdrivespa
|turn|3
|
|t:|1779614182
|move|p1a: Luvsic Hexalogy|Fiery Dance|p2a: Ting-Lucifer
|-crit|p2a: Ting-Lucifer
|-damage|p2a: Ting-Lucifer|0 fnt
|-boost|p1a: Luvsic Hexalogy|spa|1
|faint|p2a: Ting-Lucifer
|
|upkeep
|
|t:|1779614188
|switch|p2a: Kyurem|Kyurem|100/100
|-ability|p2a: Kyurem|Pressure
|turn|4
|c|☆goodnightnite|surely it lives a fiery
|c|☆goodnightnite|+1 132 SpA Quark Drive Iron Moth Fiery Dance (80 BP) vs. 0 HP / 4 SpD Kyurem: 270-318 (69 - 81.3%) -- guaranteed 2HKO
|c|☆goodnightnite|okay
|inactive|RedemptiveSketch has 120 seconds left.
|inactive|RedemptiveSketch has 90 seconds left.
|
|t:|1779614260
|-terastallize|p1a: Luvsic Hexalogy|Fairy
|move|p2a: Kyurem|Earth Power|p1a: Luvsic Hexalogy
|-crit|p1a: Luvsic Hexalogy
|-damage|p1a: Luvsic Hexalogy|55/100
|move|p1a: Luvsic Hexalogy|Dazzling Gleam|p2a: Kyurem
|-supereffective|p2a: Kyurem
|-damage|p2a: Kyurem|0 fnt
|faint|p2a: Kyurem
|
|upkeep
|c|☆RedemptiveSketch|bruh
|
|t:|1779614269
|switch|p2a: Cinderace|Cinderace, M|100/100
|turn|5
|inactive|RedemptiveSketch has 90 seconds left.
|
|t:|1779614300
|-end|p1a: Luvsic Hexalogy|Quark Drive|[silent]
|switch|p1a: Reflection Eternal|Gholdengo, shiny|100/100
|-item|p1a: Reflection Eternal|Air Balloon
|move|p2a: Cinderace|Pyro Ball|p1a: Reflection Eternal
|-supereffective|p1a: Reflection Eternal
|-damage|p1a: Reflection Eternal|0 fnt
|-enditem|p1a: Reflection Eternal|Air Balloon
|faint|p1a: Reflection Eternal
|
|upkeep
|
|t:|1779614308
|switch|p1a: Blessing It|Raging Bolt|100/100
|-enditem|p1a: Blessing It|Booster Energy
|-activate|p1a: Blessing It|ability: Protosynthesis|[fromitem]
|-start|p1a: Blessing It|protosynthesisspa
|turn|6
|
|t:|1779614317
|move|p2a: Cinderace|High Jump Kick|p1a: Blessing It
|-start|p2a: Cinderace|typechange|Fighting|[from] ability: Libero
|-damage|p1a: Blessing It|39/100
|move|p1a: Blessing It|Thunderbolt|p2a: Cinderace
|-damage|p2a: Cinderace|2/100
|
|upkeep
|turn|7
|l| Concept Everything
|
|t:|1779614327
|move|p1a: Blessing It|Thunderclap||[still]
|-fail|p1a: Blessing It
|move|p2a: Cinderace|Court Change||[still]
|-fail|p2a: Cinderace
|
|upkeep
|turn|8
|
|t:|1779614332
|move|p1a: Blessing It|Thunderclap||[still]
|-fail|p1a: Blessing It
|move|p2a: Cinderace|Court Change||[still]
|-fail|p2a: Cinderace
|
|upkeep
|turn|9
|
|t:|1779614335
|move|p1a: Blessing It|Thunderclap||[still]
|-fail|p1a: Blessing It
|move|p2a: Cinderace|Court Change||[still]
|-fail|p2a: Cinderace
|
|upkeep
|turn|10
|
|t:|1779614337
|move|p1a: Blessing It|Thunderclap||[still]
|-fail|p1a: Blessing It
|move|p2a: Cinderace|Court Change||[still]
|-fail|p2a: Cinderace
|
|upkeep
|turn|11
|
|t:|1779614340
|move|p1a: Blessing It|Thunderclap||[still]
|-fail|p1a: Blessing It
|move|p2a: Cinderace|Court Change||[still]
|-fail|p2a: Cinderace
|
|upkeep
|turn|12
|j| Concept Everything
|
|t:|1779614345
|move|p1a: Blessing It|Thunderclap||[still]
|-fail|p1a: Blessing It
|move|p2a: Cinderace|Court Change||[still]
|-fail|p2a: Cinderace
|
|upkeep
|turn|13
|
|t:|1779614349
|move|p1a: Blessing It|Thunderclap||[still]
|-fail|p1a: Blessing It
|move|p2a: Cinderace|Court Change||[still]
|-fail|p2a: Cinderace
|
|upkeep
|turn|14
|
|t:|1779614353
|move|p1a: Blessing It|Thunderclap||[still]
|-fail|p1a: Blessing It
|move|p2a: Cinderace|Court Change||[still]
|-fail|p2a: Cinderace
|
|upkeep
|turn|15
|c|☆RedemptiveSketch|fuck
|
|t:|1779614359
|move|p2a: Cinderace|High Jump Kick|p1a: Blessing It
|-damage|p1a: Blessing It|0 fnt
|faint|p1a: Blessing It
|-end|p1a: Blessing It|Protosynthesis|[silent]
|
|upkeep
|
|t:|1779614362
|switch|p1a: Aruarian|Great Tusk, shiny|100/100
|-enditem|p1a: Aruarian|Booster Energy
|-activate|p1a: Aruarian|ability: Protosynthesis|[fromitem]
|-start|p1a: Aruarian|protosynthesisatk
|turn|16
|
|t:|1779614367
|move|p2a: Cinderace|High Jump Kick|p1a: Aruarian
|-damage|p1a: Aruarian|55/100
|move|p1a: Aruarian|Rapid Spin|p2a: Cinderace
|-damage|p2a: Cinderace|0 fnt
|-boost|p1a: Aruarian|spe|1
|faint|p2a: Cinderace
|
|upkeep
|
|t:|1779614378
|switch|p2a: Mandibuzz|Mandibuzz, F, shiny|100/100
|turn|17
|inactive|RedemptiveSketch has 120 seconds left.
|
|t:|1779614416
|move|p1a: Aruarian|Close Combat|p2a: Mandibuzz
|-damage|p2a: Mandibuzz|52/100
|-unboost|p1a: Aruarian|def|1
|-unboost|p1a: Aruarian|spd|1
|-damage|p1a: Aruarian|39/100|[from] item: Rocky Helmet|[of] p2a: Mandibuzz
|move|p2a: Mandibuzz|Toxic|p1a: Aruarian
|-status|p1a: Aruarian|tox
|
|-damage|p1a: Aruarian|33/100 tox|[from] psn
|upkeep
|turn|18
|inactive|RedemptiveSketch has 120 seconds left.
|
|t:|1779614426
|switch|p2a: Hoopa|Hoopa|100/100
|move|p1a: Aruarian|Close Combat|p2a: Hoopa
|-immune|p2a: Hoopa
|
|-damage|p1a: Aruarian|20/100 tox|[from] psn
|upkeep
|turn|19
|
|t:|1779614432
|switch|p2a: Mandibuzz|Mandibuzz, F, shiny|52/100
|move|p1a: Aruarian|Close Combat|p2a: Mandibuzz
|-damage|p2a: Mandibuzz|4/100
|-unboost|p1a: Aruarian|def|1
|-unboost|p1a: Aruarian|spd|1
|-damage|p1a: Aruarian|4/100 tox|[from] item: Rocky Helmet|[of] p2a: Mandibuzz
|
|-damage|p1a: Aruarian|0 fnt|[from] psn
|faint|p1a: Aruarian
|-end|p1a: Aruarian|Protosynthesis|[silent]
|upkeep
|
|t:|1779614435
|switch|p1a: Luvsic Hexalogy|Iron Moth, shiny, tera:Fairy|55/100
|turn|20
|
|t:|1779614438
|move|p1a: Luvsic Hexalogy|Fiery Dance|p2a: Mandibuzz
|-damage|p2a: Mandibuzz|0 fnt
|-boost|p1a: Luvsic Hexalogy|spa|1
|faint|p2a: Mandibuzz
|
|upkeep
|
|t:|1779614444
|switch|p2a: Hoopa|Hoopa|100/100
|turn|21
|inactive|RedemptiveSketch has 120 seconds left.
|
|t:|1779614475
|move|p1a: Luvsic Hexalogy|Fiery Dance|p2a: Hoopa
|-damage|p2a: Hoopa|47/100
|-boost|p1a: Luvsic Hexalogy|spa|1
|move|p2a: Hoopa|Calm Mind|p2a: Hoopa
|-boost|p2a: Hoopa|spa|1
|-boost|p2a: Hoopa|spd|1
|
|upkeep
|turn|22
|
|t:|1779614480
|move|p1a: Luvsic Hexalogy|Dazzling Gleam|p2a: Hoopa
|-damage|p2a: Hoopa|0 fnt
|faint|p2a: Hoopa
|
|upkeep
|
|t:|1779614485
|switch|p2a: Manaphy|Manaphy|100/100
|turn|23
|
|t:|1779614507
|-terastallize|p2a: Manaphy|Poison
|move|p1a: Luvsic Hexalogy|Fiery Dance|p2a: Manaphy
|-damage|p2a: Manaphy|32/100
|-boost|p1a: Luvsic Hexalogy|spa|1
|move|p2a: Manaphy|Take Heart|p2a: Manaphy
|-boost|p2a: Manaphy|spa|1
|-boost|p2a: Manaphy|spd|1
|
|-heal|p2a: Manaphy|38/100|[from] item: Leftovers
|upkeep
|turn|24
|c|☆goodnightnite|moth just rnged
|c|☆goodnightnite|tough
|-message|goodnightnite forfeited.
|
|win|RedemptiveSketch
|raw|RedemptiveSketch's rating: 1648 &rarr; <strong>1663</strong><br />(+15 for winning)
|raw|goodnightnite's rating: 1562 &rarr; <strong>1547</strong><br />(-15 for losing)
|l|☆RedemptiveSketch
|player|p1|
|l|☆goodnightnite
|player|p2|
