|j|☆Ryekwe2
|j|☆excivemaster
|t:|1779560426
|gametype|singles
|player|p1|Ryekwe2|266|1143
|player|p2|excivemaster|170|1149
|gen|9
|tier|[Gen 9] OU
|rated|
|rule|HP Percentage Mod: HP is shown in percentages
|rule|Endless Battle Clause: Forcing endless battles is banned
|rule|Species Clause: Limit one of each Pokémon
|rule|OHKO Clause: OHKO moves are banned
|rule|Evasion Items Clause: Evasion items are banned
|rule|Evasion Moves Clause: Evasion moves are banned
|rule|Evasion Abilities Clause: Evasion abilities are banned
|rule|Sleep Moves Clause: Sleep-inducing moves are banned
|clearpoke
|poke|p1|Ceruledge, M|
|poke|p1|Sylveon, F|
|poke|p1|Dragapult, F|
|poke|p1|Skeledirge, M|
|poke|p1|Glimmora, F|
|poke|p1|Raikou|
|poke|p2|Tsareena, F|
|poke|p2|Clodsire, F|
|poke|p2|Shroomish, F|
|poke|p2|Cinderace, M|
|poke|p2|Gastrodon, M|
|poke|p2|Glimmora, F|
|teampreview
|inactive|Battle timer is ON: inactive players will automatically lose when time's up. (requested by Ryekwe2)
|
|t:|1779560437
|teamsize|p1|6
|teamsize|p2|6
|start
|switch|p1a: Dragapult|Dragapult, F|100/100
|switch|p2a: Glimmora|Glimmora, F|100/100
|turn|1
|
|t:|1779560446
|move|p1a: Dragapult|Thunder Wave|p2a: Glimmora
|-status|p2a: Glimmora|par
|cant|p2a: Glimmora|par
|
|upkeep
|turn|2
|
|t:|1779560455
|move|p1a: Dragapult|Hex|p2a: Glimmora
|-damage|p2a: Glimmora|23/100 par
|cant|p2a: Glimmora|par
|
|upkeep
|turn|3
|
|t:|1779560471
|move|p1a: Dragapult|Hex|p2a: Glimmora
|-damage|p2a: Glimmora|0 fnt
|faint|p2a: Glimmora
|
|upkeep
|
|t:|1779560479
|switch|p2a: Gastrodon|Gastrodon, M|100/100
|turn|4
|
|t:|1779560489
|move|p1a: Dragapult|Dragon Darts|p2a: Gastrodon
|-damage|p2a: Gastrodon|77/100
|-anim|p1a: Dragapult|Dragon Darts|p2a: Gastrodon
|-damage|p2a: Gastrodon|53/100
|move|p2a: Gastrodon|Stockpile|p2a: Gastrodon
|-start|p2a: Gastrodon|stockpile1
|-boost|p2a: Gastrodon|def|1
|-boost|p2a: Gastrodon|spd|1
|
|upkeep
|turn|5
|
|t:|1779560501
|move|p1a: Dragapult|Hex|p2a: Gastrodon
|-crit|p2a: Gastrodon
|-damage|p2a: Gastrodon|26/100
|move|p2a: Gastrodon|Recover|p2a: Gastrodon
|-heal|p2a: Gastrodon|76/100
|
|upkeep
|turn|6
|
|t:|1779560509
|move|p1a: Dragapult|Hex|p2a: Gastrodon
|-damage|p2a: Gastrodon|63/100
|move|p2a: Gastrodon|Recover|p2a: Gastrodon
|-heal|p2a: Gastrodon|100/100
|
|upkeep
|turn|7
|
|t:|1779560516
|move|p1a: Dragapult|Hex|p2a: Gastrodon
|-damage|p2a: Gastrodon|87/100
|move|p2a: Gastrodon|Stockpile|p2a: Gastrodon
|-start|p2a: Gastrodon|stockpile2
|-boost|p2a: Gastrodon|def|1
|-boost|p2a: Gastrodon|spd|1
|
|upkeep
|turn|8
|
|t:|1779560525
|move|p1a: Dragapult|U-turn|p2a: Gastrodon
|-damage|p2a: Gastrodon|77/100
|
|t:|1779560533
|switch|p1a: Glimmora|Glimmora, F|100/100|[from] U-turn
|move|p2a: Gastrodon|Stockpile|p2a: Gastrodon
|-start|p2a: Gastrodon|stockpile3
|-boost|p2a: Gastrodon|def|1
|-boost|p2a: Gastrodon|spd|1
|
|upkeep
|turn|9
|
|t:|1779560543
|move|p1a: Glimmora|Stealth Rock|p2a: Gastrodon
|-sidestart|p2: excivemaster|move: Stealth Rock
|move|p2a: Gastrodon|Surf|p1a: Glimmora
|-supereffective|p1a: Glimmora
|-damage|p1a: Glimmora|20/100
|
|upkeep
|turn|10
|
|t:|1779560558
|move|p1a: Glimmora|Mortal Spin|p2a: Gastrodon
|-resisted|p2a: Gastrodon
|-damage|p2a: Gastrodon|75/100
|-status|p2a: Gastrodon|psn
|move|p2a: Gastrodon|Surf|p1a: Glimmora
|-supereffective|p1a: Glimmora
|-damage|p1a: Glimmora|0 fnt
|faint|p1a: Glimmora
|
|-damage|p2a: Gastrodon|63/100 psn|[from] psn
|upkeep
|
|t:|1779560573
|switch|p1a: Raikou|Raikou|100/100
|-ability|p1a: Raikou|Pressure
|turn|11
|inactive|Ryekwe2 has 120 seconds left.
|
|t:|1779560601
|move|p1a: Raikou|Scald|p2a: Gastrodon
|-ability|p2a: Gastrodon|Storm Drain|boost
|-boost|p2a: Gastrodon|spa|1
|move|p2a: Gastrodon|Recover|p2a: Gastrodon
|-heal|p2a: Gastrodon|100/100 psn
|
|-damage|p2a: Gastrodon|88/100 psn|[from] psn
|upkeep
|turn|12
|inactive|Ryekwe2 has 120 seconds left.
|
|t:|1779560613
|switch|p1a: Dragapult|Dragapult, F|100/100
|move|p2a: Gastrodon|Surf|p1a: Dragapult
|-resisted|p1a: Dragapult
|-damage|p1a: Dragapult|69/100
|
|-damage|p2a: Gastrodon|76/100 psn|[from] psn
|upkeep
|turn|13
|inactive|Ryekwe2 has 120 seconds left.
|
|t:|1779560624
|move|p1a: Dragapult|Hex|p2a: Gastrodon
|-damage|p2a: Gastrodon|59/100 psn
|move|p2a: Gastrodon|Ice Beam|p1a: Dragapult
|-supereffective|p1a: Dragapult
|-damage|p1a: Dragapult|0 fnt
|faint|p1a: Dragapult
|
|-damage|p2a: Gastrodon|47/100 psn|[from] psn
|upkeep
|
|t:|1779560638
|switch|p1a: Sylveon|Sylveon, F|100/100
|turn|14
|
|t:|1779560657
|move|p1a: Sylveon|Psychic|p2a: Gastrodon
|-damage|p2a: Gastrodon|36/100 psn
|move|p2a: Gastrodon|Recover|p2a: Gastrodon
|-heal|p2a: Gastrodon|86/100 psn
|
|-damage|p2a: Gastrodon|74/100 psn|[from] psn
|upkeep
|turn|15
|
|t:|1779560665
|move|p1a: Sylveon|Psychic|p2a: Gastrodon
|-damage|p2a: Gastrodon|62/100 psn
|move|p2a: Gastrodon|Surf|p1a: Sylveon
|-damage|p1a: Sylveon|65/100
|
|-damage|p2a: Gastrodon|50/100 psn|[from] psn
|upkeep
|turn|16
|
|t:|1779560674
|move|p1a: Sylveon|Psychic|p2a: Gastrodon
|-damage|p2a: Gastrodon|38/100 psn
|move|p2a: Gastrodon|Recover|p2a: Gastrodon
|-heal|p2a: Gastrodon|88/100 psn
|
|-damage|p2a: Gastrodon|76/100 psn|[from] psn
|upkeep
|turn|17
|inactive|Ryekwe2 has 120 seconds left.
|
|t:|1779560682
|move|p1a: Sylveon|Psychic|p2a: Gastrodon
|-damage|p2a: Gastrodon|64/100 psn
|move|p2a: Gastrodon|Recover|p2a: Gastrodon
|-heal|p2a: Gastrodon|100/100 psn
|
|-damage|p2a: Gastrodon|88/100 psn|[from] psn
|upkeep
|turn|18
|
|t:|1779560690
|move|p1a: Sylveon|Psychic|p2a: Gastrodon
|-damage|p2a: Gastrodon|77/100 psn
|-unboost|p2a: Gastrodon|spd|1
|move|p2a: Gastrodon|Surf|p1a: Sylveon
|-damage|p1a: Sylveon|28/100
|
|-damage|p2a: Gastrodon|64/100 psn|[from] psn
|upkeep
|turn|19
|
|t:|1779560700
|move|p1a: Sylveon|Psychic|p2a: Gastrodon
|-damage|p2a: Gastrodon|50/100 psn
|move|p2a: Gastrodon|Surf|p1a: Sylveon
|-damage|p1a: Sylveon|0 fnt
|faint|p1a: Sylveon
|
|-damage|p2a: Gastrodon|38/100 psn|[from] psn
|upkeep
|
|t:|1779560711
|switch|p1a: Skeledirge|Skeledirge, M|100/100
|turn|20
|
|t:|1779560722
|move|p1a: Skeledirge|Hex|p2a: Gastrodon
|-damage|p2a: Gastrodon|3/100 psn
|move|p2a: Gastrodon|Recover|p2a: Gastrodon
|-heal|p2a: Gastrodon|53/100 psn
|
|-damage|p2a: Gastrodon|41/100 psn|[from] psn
|upkeep
|turn|21
|
|t:|1779560734
|move|p1a: Skeledirge|Torch Song|p2a: Gastrodon
|-resisted|p2a: Gastrodon
|-damage|p2a: Gastrodon|32/100 psn
|-boost|p1a: Skeledirge|spa|1
|move|p2a: Gastrodon|Surf|p1a: Skeledirge
|-supereffective|p1a: Skeledirge
|-damage|p1a: Skeledirge|61/100
|
|-damage|p2a: Gastrodon|19/100 psn|[from] psn
|upkeep
|turn|22
|l|☆excivemaster
|inactive|excivemaster disconnected and has a minute to reconnect!
|player|p2|
|
|t:|1779560748
|move|p1a: Skeledirge|Hex|p2a: Gastrodon
|-damage|p2a: Gastrodon|0 fnt
|faint|p2a: Gastrodon
|
|upkeep
|j|☆excivemaster
|inactive|excivemaster reconnected and has 140 seconds left.
|player|p2|excivemaster|170|
|
|t:|1779560767
|switch|p2a: Tsareena|Tsareena, F|100/100
|-damage|p2a: Tsareena|88/100|[from] Stealth Rock
|turn|23
|
|t:|1779560774
|move|p2a: Tsareena|Knock Off|p1a: Skeledirge
|-supereffective|p1a: Skeledirge
|-damage|p1a: Skeledirge|7/100
|-enditem|p1a: Skeledirge|Heavy-Duty Boots|[from] move: Knock Off|[of] p2a: Tsareena
|move|p1a: Skeledirge|Will-O-Wisp|p2a: Tsareena
|-status|p2a: Tsareena|brn
|
|-damage|p2a: Tsareena|82/100 brn|[from] brn
|upkeep
|turn|24
|
|t:|1779560785
|move|p2a: Tsareena|Knock Off|p1a: Skeledirge
|-supereffective|p1a: Skeledirge
|-damage|p1a: Skeledirge|0 fnt
|faint|p1a: Skeledirge
|
|-damage|p2a: Tsareena|76/100 brn|[from] brn
|upkeep
|
|t:|1779560795
|switch|p1a: Raikou|Raikou|100/100
|-ability|p1a: Raikou|Pressure
|turn|25
|
|t:|1779560802
|move|p1a: Raikou|Calm Mind|p1a: Raikou
|-boost|p1a: Raikou|spa|1
|-boost|p1a: Raikou|spd|1
|move|p2a: Tsareena|Teeter Dance|p1a: Raikou
|-start|p1a: Raikou|confusion
|
|-damage|p2a: Tsareena|70/100 brn|[from] brn
|upkeep
|turn|26
|
|t:|1779560816
|-activate|p1a: Raikou|confusion
|move|p1a: Raikou|Volt Switch|p2a: Tsareena
|-resisted|p2a: Tsareena
|-damage|p2a: Tsareena|39/100 brn
|
|t:|1779560820
|switch|p1a: Ceruledge|Ceruledge, M|100/100|[from] Volt Switch
|move|p2a: Tsareena|Taunt|p1a: Ceruledge
|-start|p1a: Ceruledge|move: Taunt
|
|-damage|p2a: Tsareena|33/100 brn|[from] brn
|upkeep
|turn|27
|
|t:|1779560831
|move|p1a: Ceruledge|Bitter Blade|p2a: Tsareena
|-supereffective|p2a: Tsareena
|-damage|p2a: Tsareena|0 fnt
|faint|p2a: Tsareena
|
|upkeep
|
|t:|1779560838
|switch|p2a: Shroomish|Shroomish, F|100/100
|-damage|p2a: Shroomish|88/100|[from] Stealth Rock
|turn|28
|
|t:|1779560844
|move|p1a: Ceruledge|Bitter Blade|p2a: Shroomish
|-supereffective|p2a: Shroomish
|-damage|p2a: Shroomish|0 fnt
|faint|p2a: Shroomish
|
|-end|p1a: Ceruledge|move: Taunt
|upkeep
|
|t:|1779560870
|switch|p2a: Clodsire|Clodsire, F|100/100
|-damage|p2a: Clodsire|94/100|[from] Stealth Rock
|turn|29
|
|t:|1779560884
|move|p1a: Ceruledge|Bitter Blade|p2a: Clodsire
|-damage|p2a: Clodsire|58/100
|move|p2a: Clodsire|Stockpile|p2a: Clodsire
|-start|p2a: Clodsire|stockpile1
|-boost|p2a: Clodsire|def|1
|-boost|p2a: Clodsire|spd|1
|
|-heal|p2a: Clodsire|65/100|[from] item: Leftovers
|upkeep
|turn|30
|
|t:|1779560896
|move|p1a: Ceruledge|Bitter Blade|p2a: Clodsire
|-damage|p2a: Clodsire|41/100
|move|p2a: Clodsire|Stockpile|p2a: Clodsire
|-start|p2a: Clodsire|stockpile2
|-boost|p2a: Clodsire|def|1
|-boost|p2a: Clodsire|spd|1
|
|-heal|p2a: Clodsire|48/100|[from] item: Leftovers
|upkeep
|turn|31
|
|t:|1779560906
|move|p1a: Ceruledge|Swords Dance|p1a: Ceruledge
|-boost|p1a: Ceruledge|atk|2
|move|p2a: Clodsire|Stockpile|p2a: Clodsire
|-start|p2a: Clodsire|stockpile3
|-boost|p2a: Clodsire|def|1
|-boost|p2a: Clodsire|spd|1
|
|-heal|p2a: Clodsire|54/100|[from] item: Leftovers
|upkeep
|turn|32
|
|t:|1779560916
|move|p1a: Ceruledge|Bitter Blade|p2a: Clodsire
|-damage|p2a: Clodsire|40/100
|move|p2a: Clodsire|Rest|p2a: Clodsire
|-status|p2a: Clodsire|slp|[from] move: Rest
|-heal|p2a: Clodsire|100/100 slp|[silent]
|
|upkeep
|turn|33
|
|t:|1779560932
|move|p1a: Ceruledge|Bitter Blade|p2a: Clodsire
|-damage|p2a: Clodsire|86/100 slp
|cant|p2a: Clodsire|slp
|
|-heal|p2a: Clodsire|92/100 slp|[from] item: Leftovers
|upkeep
|turn|34
|
|t:|1779560942
|move|p1a: Ceruledge|Swords Dance|p1a: Ceruledge
|-boost|p1a: Ceruledge|atk|2
|cant|p2a: Clodsire|slp
|
|-heal|p2a: Clodsire|98/100 slp|[from] item: Leftovers
|upkeep
|turn|35
|
|t:|1779560951
|move|p1a: Ceruledge|Swords Dance|p1a: Ceruledge
|-boost|p1a: Ceruledge|atk|2
|-curestatus|p2a: Clodsire|slp|[msg]
|move|p2a: Clodsire|Liquidation|p1a: Ceruledge
|-supereffective|p1a: Ceruledge
|-damage|p1a: Ceruledge|57/100
|-ability|p1a: Ceruledge|Weak Armor|boost
|-unboost|p1a: Ceruledge|def|1
|-boost|p1a: Ceruledge|spe|2
|
|-heal|p2a: Clodsire|100/100|[from] item: Leftovers
|upkeep
|turn|36
|
|t:|1779560965
|move|p1a: Ceruledge|Bitter Blade|p2a: Clodsire
|-damage|p2a: Clodsire|86/100
|-heal|p1a: Ceruledge|69/100|[from] drain|[of] p2a: Clodsire
|move|p2a: Clodsire|Liquidation|p1a: Ceruledge
|-supereffective|p1a: Ceruledge
|-damage|p1a: Ceruledge|27/100
|-unboost|p1a: Ceruledge|def|1
|-ability|p1a: Ceruledge|Weak Armor|boost
|-unboost|p1a: Ceruledge|def|1
|-boost|p1a: Ceruledge|spe|2
|
|-heal|p2a: Clodsire|92/100|[from] item: Leftovers
|upkeep
|turn|37
|
|t:|1779560984
|move|p1a: Ceruledge|Bitter Blade|p2a: Clodsire
|-damage|p2a: Clodsire|76/100
|-heal|p1a: Ceruledge|39/100|[from] drain|[of] p2a: Clodsire
|move|p2a: Clodsire|Liquidation|p1a: Ceruledge
|-supereffective|p1a: Ceruledge
|-damage|p1a: Ceruledge|0 fnt
|faint|p1a: Ceruledge
|
|-heal|p2a: Clodsire|82/100|[from] item: Leftovers
|upkeep
|
|t:|1779560996
|switch|p1a: Raikou|Raikou|100/100
|-ability|p1a: Raikou|Pressure
|turn|38
|
|t:|1779561007
|move|p1a: Raikou|Calm Mind|p1a: Raikou
|-boost|p1a: Raikou|spa|1
|-boost|p1a: Raikou|spd|1
|move|p2a: Clodsire|Earthquake|p1a: Raikou
|-supereffective|p1a: Raikou
|-damage|p1a: Raikou|23/100
|
|-heal|p1a: Raikou|29/100|[from] item: Leftovers
|-heal|p2a: Clodsire|89/100|[from] item: Leftovers
|upkeep
|turn|39
|
|t:|1779561023
|move|p1a: Raikou|Scald|p2a: Clodsire
|-supereffective|p2a: Clodsire
|-damage|p2a: Clodsire|74/100
|move|p2a: Clodsire|Earthquake|p1a: Raikou
|-supereffective|p1a: Raikou
|-damage|p1a: Raikou|0 fnt
|faint|p1a: Raikou
|
|win|excivemaster
|raw|Ryekwe2's rating: 1143 &rarr; <strong>1118</strong><br />(-25 for losing)
|raw|excivemaster's rating: 1149 &rarr; <strong>1174</strong><br />(+25 for winning)
|l|☆Ryekwe2
|player|p1|
|l|☆excivemaster
|player|p2|
