|j|☆Nikfire48
|j|☆npctypebeat
|t:|1779658279
|gametype|singles
|player|p1|Nikfire48|1|1110
|player|p2|npctypebeat|101|1200
|gen|9
|tier|[Gen 9] OU
|rated|
|rule|HP Percentage Mod: HP is shown in percentages
|rule|Endless Battle Clause: Forcing endless battles is banned
|rule|Species Clause: Limit one of each Pokémon
|rule|OHKO Clause: OHKO moves are banned
|rule|Evasion Items Clause: Evasion items are banned
|rule|Evasion Moves Clause: Evasion moves are banned
|rule|Evasion Abilities Clause: Evasion abilities are banned
|rule|Sleep Moves Clause: Sleep-inducing moves are banned
|clearpoke
|poke|p1|Politoed, M|
|poke|p1|Ogerpon-Wellspring, F|
|poke|p1|Gholdengo|
|poke|p1|Darkrai|
|poke|p1|Kingambit, F|
|poke|p1|Walking Wake|
|poke|p2|Gliscor, F|
|poke|p2|Gholdengo|
|poke|p2|Zamazenta-*|
|poke|p2|Blissey, F|
|poke|p2|Skarmory, M|
|poke|p2|Pecharunt|
|teampreview
|inactive|Battle timer is ON: inactive players will automatically lose when time's up. (requested by Nikfire48)
|c|☆npctypebeat|hf
|
|t:|1779658307
|teamsize|p1|6
|teamsize|p2|6
|start
|switch|p1a: Politoed|Politoed, M, shiny|100/100
|switch|p2a: Skarmory|Skarmory, M|100/100
|-weather|RainDance|[from] ability: Drizzle|[of] p1a: Politoed
|turn|1
|inactive|npctypebeat also wants the timer to be on.
|inactive|Nikfire48 has 120 seconds left.
|inactive|npctypebeat has 120 seconds left.
|inactive|npctypebeat has 90 seconds left.
|inactive|npctypebeat has 60 seconds left.
|
|t:|1779658410
|move|p2a: Skarmory|Spikes|p1a: Politoed
|-sidestart|p1: Nikfire48|Spikes
|move|p1a: Politoed|Weather Ball|p2a: Skarmory
|-ability|p2a: Skarmory|Sturdy
|-damage|p2a: Skarmory|1/100
|
|-weather|RainDance|[upkeep]
|upkeep
|turn|2
|inactive|Nikfire48 has 90 seconds left.
|
|t:|1779658428
|move|p2a: Skarmory|Body Press|p1a: Politoed
|-crit|p1a: Politoed
|-damage|p1a: Politoed|46/100
|move|p1a: Politoed|Weather Ball|p2a: Skarmory
|-damage|p2a: Skarmory|0 fnt
|faint|p2a: Skarmory
|
|-weather|RainDance|[upkeep]
|upkeep
|
|t:|1779658444
|switch|p2a: Zamazenta|Zamazenta|100/100
|-ability|p2a: Zamazenta|Dauntless Shield|boost
|-boost|p2a: Zamazenta|def|1
|turn|3
|
|t:|1779658449
|move|p2a: Zamazenta|Close Combat|p1a: Politoed
|-damage|p1a: Politoed|0 fnt
|-unboost|p2a: Zamazenta|def|1
|-unboost|p2a: Zamazenta|spd|1
|faint|p1a: Politoed
|
|-weather|RainDance|[upkeep]
|upkeep
|
|t:|1779658459
|switch|p1a: Ogerpon|Ogerpon-Wellspring, F|100/100
|-damage|p1a: Ogerpon|88/100|[from] Spikes
|turn|4
|
|t:|1779658465
|-terastallize|p1a: Ogerpon|Water
|detailschange|p1a: Ogerpon|Ogerpon-Wellspring-Tera, F, tera:Water
|-ability|p1a: Ogerpon|Embody Aspect (Wellspring)|boost
|-boost|p1a: Ogerpon|spd|1
|move|p2a: Zamazenta|Ice Fang|p1a: Ogerpon
|-resisted|p1a: Ogerpon
|-damage|p1a: Ogerpon|74/100
|move|p1a: Ogerpon|Swords Dance|p1a: Ogerpon
|-boost|p1a: Ogerpon|atk|2
|
|-weather|RainDance|[upkeep]
|upkeep
|turn|5
|inactive|npctypebeat has 60 seconds left.
|
|t:|1779658490
|move|p2a: Zamazenta|Close Combat|p1a: Ogerpon
|-damage|p1a: Ogerpon|0 fnt
|-unboost|p2a: Zamazenta|def|1
|-unboost|p2a: Zamazenta|spd|1
|faint|p1a: Ogerpon
|detailschange|p1: Ogerpon|Ogerpon-Wellspring, F|[silent]
|
|-weather|none
|upkeep
|inactive|Nikfire48 has 90 seconds left.
|
|t:|1779658506
|switch|p1a: Kingambit|Kingambit, F|100/100
|-damage|p1a: Kingambit|88/100|[from] Spikes
|-activate|p1a: Kingambit|ability: Supreme Overlord
|-start|p1a: Kingambit|fallen2|[silent]
|turn|6
|
|t:|1779658513
|move|p1a: Kingambit|Sucker Punch|p2a: Zamazenta
|-resisted|p2a: Zamazenta
|-damage|p2a: Zamazenta|66/100
|move|p2a: Zamazenta|Close Combat|p1a: Kingambit
|-supereffective|p1a: Kingambit
|-damage|p1a: Kingambit|0 fnt
|-unboost|p2a: Zamazenta|def|1
|-unboost|p2a: Zamazenta|spd|1
|faint|p1a: Kingambit
|-end|p1a: Kingambit|fallen2|[silent]
|
|upkeep
|inactive|Nikfire48 has 90 seconds left.
|
|t:|1779658525
|switch|p1a: Gholdengo|Gholdengo|100/100
|-item|p1a: Gholdengo|Air Balloon
|turn|7
|inactive|npctypebeat has 60 seconds left.
|
|t:|1779658560
|switch|p2a: Blissey|Blissey, F|100/100
|move|p1a: Gholdengo|Nasty Plot|p1a: Gholdengo
|-boost|p1a: Gholdengo|spa|2
|
|upkeep
|turn|8
|inactive|npctypebeat has 60 seconds left.
|
|t:|1779658577
|move|p1a: Gholdengo|Make It Rain|p2a: Blissey
|-damage|p2a: Blissey|60/100
|-unboost|p1a: Gholdengo|spa|1
|move|p2a: Blissey|Shadow Ball|p1a: Gholdengo
|-supereffective|p1a: Gholdengo
|-damage|p1a: Gholdengo|67/100
|-unboost|p1a: Gholdengo|spd|1
|-enditem|p1a: Gholdengo|Air Balloon
|
|upkeep
|turn|9
|inactive|npctypebeat has 60 seconds left.
|-message|Nikfire48 forfeited.
|
|win|npctypebeat
|raw|Nikfire48's rating: 1110 &rarr; <strong>1093</strong><br />(-17 for losing)
|raw|npctypebeat's rating: 1232 &rarr; <strong>1249</strong><br />(+17 for winning)
|l|☆Nikfire48
|player|p1|
|c|☆npctypebeat|gg
