|j|☆MoondropSoulHeart
|j|☆ttgorille
|t:|1779624711
|gametype|singles
|player|p1|MoondropSoulHeart|giovanni|1246
|player|p2|ttgorille|lucas|1286
|gen|9
|tier|[Gen 9] OU
|rated|
|rule|HP Percentage Mod: HP is shown in percentages
|rule|Endless Battle Clause: Forcing endless battles is banned
|rule|Species Clause: Limit one of each Pokémon
|rule|OHKO Clause: OHKO moves are banned
|rule|Evasion Items Clause: Evasion items are banned
|rule|Evasion Moves Clause: Evasion moves are banned
|rule|Evasion Abilities Clause: Evasion abilities are banned
|rule|Sleep Moves Clause: Sleep-inducing moves are banned
|clearpoke
|poke|p1|Greedent, M|
|poke|p1|Ceruledge, F|
|poke|p1|Poliwrath, F|
|poke|p1|Reuniclus, F|
|poke|p1|Regice|
|poke|p1|Iron Jugulis|
|poke|p2|Iron Valiant|
|poke|p2|Greninja-*, M|
|poke|p2|Slowking-Galar, M|
|poke|p2|Zapdos|
|poke|p2|Great Tusk|
|poke|p2|Cinderace, M|
|teampreview
|
|t:|1779624735
|teamsize|p1|6
|teamsize|p2|6
|start
|switch|p1a: Reuniclus|Reuniclus, F|100/100
|switch|p2a: Cinderace|Cinderace, M|100/100
|turn|1
|
|t:|1779624740
|move|p2a: Cinderace|U-turn|p1a: Reuniclus
|-supereffective|p1a: Reuniclus
|-damage|p1a: Reuniclus|64/100
|
|t:|1779624743
|switch|p2a: Slowking|Slowking-Galar, M|100/100|[from] U-turn
|move|p1a: Reuniclus|Trick Room|p1a: Reuniclus
|-fieldstart|move: Trick Room|[of] p1a: Reuniclus
|
|upkeep
|turn|2
|
|t:|1779624763
|move|p2a: Slowking|Toxic|p1a: Reuniclus
|-status|p1a: Reuniclus|tox
|move|p1a: Reuniclus|Calm Mind|p1a: Reuniclus
|-boost|p1a: Reuniclus|spa|1
|-boost|p1a: Reuniclus|spd|1
|
|upkeep
|turn|3
|
|t:|1779624769
|move|p1a: Reuniclus|Psychic|p2a: Slowking
|-damage|p2a: Slowking|44/100
|move|p2a: Slowking|Sludge Bomb|p1a: Reuniclus
|-damage|p1a: Reuniclus|46/100 tox
|
|upkeep
|turn|4
|
|t:|1779624779
|switch|p2a: Zapdos|Zapdos|100/100
|move|p1a: Reuniclus|Psychic|p2a: Zapdos
|-damage|p2a: Zapdos|8/100
|-unboost|p2a: Zapdos|spd|1
|
|upkeep
|turn|5
|
|t:|1779624786
|switch|p2a: Slowking|Slowking-Galar, M|77/100
|move|p1a: Reuniclus|Psychic|p2a: Slowking
|-damage|p2a: Slowking|23/100
|
|-fieldend|move: Trick Room
|upkeep
|turn|6
|
|t:|1779624803
|switch|p2a: Zapdos|Zapdos|8/100
|move|p1a: Reuniclus|Trick Room|p1a: Reuniclus
|-fieldstart|move: Trick Room|[of] p1a: Reuniclus
|
|upkeep
|turn|7
|
|t:|1779624810
|move|p1a: Reuniclus|Psychic|p2a: Zapdos
|-damage|p2a: Zapdos|0 fnt
|faint|p2a: Zapdos
|
|upkeep
|
|t:|1779624820
|switch|p2a: Greninja|Greninja, M|100/100
|turn|8
|
|t:|1779624825
|move|p1a: Reuniclus|Focus Blast|p2a: Greninja|[miss]
|-miss|p1a: Reuniclus|p2a: Greninja
|move|p2a: Greninja|Dark Pulse|p1a: Reuniclus
|-start|p2a: Greninja|typechange|Dark|[from] ability: Protean
|-supereffective|p1a: Reuniclus
|-damage|p1a: Reuniclus|0 fnt
|faint|p1a: Reuniclus
|
|upkeep
|
|t:|1779624830
|switch|p1a: Poliwrath|Poliwrath, F|100/100
|turn|9
|
|t:|1779624837
|switch|p2a: Great Tusk|Great Tusk|100/100
|move|p1a: Poliwrath|Liquidation|p2a: Great Tusk
|-supereffective|p2a: Great Tusk
|-damage|p2a: Great Tusk|46/100
|
|-heal|p2a: Great Tusk|52/100|[from] item: Leftovers
|upkeep
|turn|10
|
|t:|1779624853
|-end|p2a: Great Tusk|Protosynthesis|[silent]
|switch|p2a: Slowking|Slowking-Galar, M|56/100
|move|p1a: Poliwrath|Rain Dance|p1a: Poliwrath
|-weather|RainDance
|
|-weather|RainDance|[upkeep]
|-fieldend|move: Trick Room
|upkeep
|turn|11
|
|t:|1779624859
|move|p1a: Poliwrath|Liquidation|p2a: Slowking
|-damage|p2a: Slowking|0 fnt
|faint|p2a: Slowking
|
|-weather|RainDance|[upkeep]
|upkeep
|
|t:|1779624865
|switch|p2a: Iron Valiant|Iron Valiant|100/100
|-enditem|p2a: Iron Valiant|Booster Energy
|-activate|p2a: Iron Valiant|ability: Quark Drive|[fromitem]
|-start|p2a: Iron Valiant|quarkdrivespe
|turn|12
|
|t:|1779624873
|move|p2a: Iron Valiant|Moonblast|p1a: Poliwrath
|-supereffective|p1a: Poliwrath
|-damage|p1a: Poliwrath|0 fnt
|faint|p1a: Poliwrath
|
|-weather|RainDance|[upkeep]
|upkeep
|
|t:|1779624885
|switch|p1a: Regice|Regice|100/100
|turn|13
|
|t:|1779624918
|move|p2a: Iron Valiant|Calm Mind|p2a: Iron Valiant
|-boost|p2a: Iron Valiant|spa|1
|-boost|p2a: Iron Valiant|spd|1
|move|p1a: Regice|Flash Cannon|p2a: Iron Valiant
|-supereffective|p2a: Iron Valiant
|-damage|p2a: Iron Valiant|30/100
|
|-weather|RainDance|[upkeep]
|upkeep
|turn|14
|
|t:|1779624928
|move|p2a: Iron Valiant|Moonblast|p1a: Regice
|-damage|p1a: Regice|68/100
|move|p1a: Regice|Flash Cannon|p2a: Iron Valiant
|-supereffective|p2a: Iron Valiant
|-damage|p2a: Iron Valiant|0 fnt
|faint|p2a: Iron Valiant
|-end|p2a: Iron Valiant|Quark Drive|[silent]
|
|-weather|none
|upkeep
|
|t:|1779624939
|switch|p2a: Cinderace|Cinderace, M|100/100
|turn|15
|
|t:|1779624972
|switch|p1a: Ceruledge|Ceruledge, F|100/100
|move|p2a: Cinderace|Pyro Ball|p1a: Ceruledge
|-resisted|p1a: Ceruledge
|-damage|p1a: Ceruledge|70/100
|-ability|p1a: Ceruledge|Weak Armor|boost
|-unboost|p1a: Ceruledge|def|1
|-boost|p1a: Ceruledge|spe|2
|
|upkeep
|turn|16
|
|t:|1779624996
|move|p1a: Ceruledge|Poltergeist|p2a: Cinderace|[miss]
|-miss|p1a: Ceruledge|p2a: Cinderace
|move|p2a: Cinderace|U-turn|p1a: Ceruledge
|-resisted|p1a: Ceruledge
|-damage|p1a: Ceruledge|62/100
|-ability|p1a: Ceruledge|Weak Armor|boost
|-unboost|p1a: Ceruledge|def|1
|-boost|p1a: Ceruledge|spe|2
|
|t:|1779625002
|switch|p2a: Greninja|Greninja, M|100/100|[from] U-turn
|
|upkeep
|turn|17
|
|t:|1779625011
|switch|p1a: Iron Jugulis|Iron Jugulis|100/100
|-enditem|p1a: Iron Jugulis|Booster Energy
|-activate|p1a: Iron Jugulis|ability: Quark Drive|[fromitem]
|-start|p1a: Iron Jugulis|quarkdrivespe
|move|p2a: Greninja|Hydro Pump|p1a: Iron Jugulis
|-start|p2a: Greninja|typechange|Water|[from] ability: Protean
|-damage|p1a: Iron Jugulis|8/100
|
|upkeep
|turn|18
|
|t:|1779625023
|move|p1a: Iron Jugulis|Dark Pulse|p2a: Greninja
|-damage|p2a: Greninja|36/100
|move|p2a: Greninja|Hydro Pump|p1a: Iron Jugulis
|-damage|p1a: Iron Jugulis|0 fnt
|faint|p1a: Iron Jugulis
|-end|p1a: Iron Jugulis|Quark Drive|[silent]
|
|upkeep
|
|t:|1779625044
|switch|p1a: Regice|Regice|68/100
|turn|19
|
|t:|1779625050
|move|p2a: Greninja|Hydro Pump|p1a: Regice|[miss]
|-miss|p2a: Greninja|p1a: Regice
|move|p1a: Regice|Focus Blast|p2a: Greninja
|-damage|p2a: Greninja|0 fnt
|faint|p2a: Greninja
|
|upkeep
|
|t:|1779625052
|switch|p2a: Cinderace|Cinderace, M|100/100
|turn|20
|
|t:|1779625069
|-terastallize|p1a: Regice|Electric
|move|p2a: Cinderace|U-turn|p1a: Regice
|-damage|p1a: Regice|47/100
|
|t:|1779625078
|switch|p2a: Great Tusk|Great Tusk|52/100|[from] U-turn
|move|p1a: Regice|Focus Blast|p2a: Great Tusk|[miss]
|-miss|p1a: Regice|p2a: Great Tusk
|
|-heal|p2a: Great Tusk|58/100|[from] item: Leftovers
|upkeep
|turn|21
|
|t:|1779625110
|move|p2a: Great Tusk|Headlong Rush|p1a: Regice
|-supereffective|p1a: Regice
|-damage|p1a: Regice|0 fnt
|-unboost|p2a: Great Tusk|def|1
|-unboost|p2a: Great Tusk|spd|1
|faint|p1a: Regice
|
|-heal|p2a: Great Tusk|64/100|[from] item: Leftovers
|upkeep
|
|t:|1779625113
|switch|p1a: Ceruledge|Ceruledge, F|62/100
|turn|22
|
|t:|1779625120
|move|p1a: Ceruledge|Shadow Sneak|p2a: Great Tusk
|-damage|p2a: Great Tusk|32/100
|move|p2a: Great Tusk|Knock Off|p1a: Ceruledge
|-supereffective|p1a: Ceruledge
|-damage|p1a: Ceruledge|0 fnt
|-enditem|p1a: Ceruledge|Choice Band|[from] move: Knock Off|[of] p2a: Great Tusk
|faint|p1a: Ceruledge
|
|-heal|p2a: Great Tusk|39/100|[from] item: Leftovers
|upkeep
|
|t:|1779625123
|switch|p1a: Greedent|Greedent, M|100/100
|turn|23
|
|t:|1779625126
|move|p2a: Great Tusk|Knock Off|p1a: Greedent
|-damage|p1a: Greedent|83/100
|-enditem|p1a: Greedent|Sitrus Berry|[from] move: Knock Off|[of] p2a: Great Tusk
|move|p1a: Greedent|Earthquake|p2a: Great Tusk
|-damage|p2a: Great Tusk|12/100
|
|-heal|p2a: Great Tusk|19/100|[from] item: Leftovers
|upkeep
|turn|24
|
|t:|1779625129
|move|p2a: Great Tusk|Headlong Rush|p1a: Greedent
|-damage|p1a: Greedent|52/100
|-unboost|p2a: Great Tusk|def|1
|-unboost|p2a: Great Tusk|spd|1
|move|p1a: Greedent|Earthquake|p2a: Great Tusk
|-damage|p2a: Great Tusk|0 fnt
|faint|p2a: Great Tusk
|-end|p2a: Great Tusk|Protosynthesis|[silent]
|
|upkeep
|
|t:|1779625131
|switch|p2a: Cinderace|Cinderace, M|100/100
|turn|25
|
|t:|1779625140
|move|p2a: Cinderace|Pyro Ball|p1a: Greedent
|-damage|p1a: Greedent|22/100
|move|p1a: Greedent|Earthquake|p2a: Cinderace
|-supereffective|p2a: Cinderace
|-damage|p2a: Cinderace|36/100
|
|upkeep
|turn|26
|
|t:|1779625146
|-terastallize|p2a: Cinderace|Ghost
|move|p2a: Cinderace|Pyro Ball|p1a: Greedent
|-damage|p1a: Greedent|0 fnt
|faint|p1a: Greedent
|
|win|ttgorille
|raw|MoondropSoulHeart's rating: 1246 &rarr; <strong>1224</strong><br />(-22 for losing)
|raw|ttgorille's rating: 1286 &rarr; <strong>1308</strong><br />(+22 for winning)
|l|☆MoondropSoulHeart
|player|p1|
|l|☆ttgorille
|player|p2|
