|j|☆pen ref
|j|☆K1ngcash69
|t:|1779644102
|gametype|singles
|player|p1|pen ref|archer|1231
|player|p2|K1ngcash69|1|1271
|gen|9
|tier|[Gen 9] OU
|rated|
|rule|HP Percentage Mod: HP is shown in percentages
|rule|Endless Battle Clause: Forcing endless battles is banned
|rule|Species Clause: Limit one of each Pokémon
|rule|OHKO Clause: OHKO moves are banned
|rule|Evasion Items Clause: Evasion items are banned
|rule|Evasion Moves Clause: Evasion moves are banned
|rule|Evasion Abilities Clause: Evasion abilities are banned
|rule|Sleep Moves Clause: Sleep-inducing moves are banned
|clearpoke
|poke|p1|Garganacl, F|
|poke|p1|Glimmora, M|
|poke|p1|Zapdos|
|poke|p1|Pecharunt|
|poke|p1|Ting-Lu|
|poke|p1|Corviknight, M|
|poke|p2|Ogerpon-Wellspring, F|
|poke|p2|Dragonite, F|
|poke|p2|Samurott-Hisui, F|
|poke|p2|Ceruledge, M|
|poke|p2|Great Tusk|
|poke|p2|Zapdos|
|teampreview
|inactive|Battle timer is ON: inactive players will automatically lose when time's up. (requested by K1ngcash69)
|inactive|pen ref also wants the timer to be on.
|j| tourmynutz
|c|☆pen ref|glhf
|l| tourmynutz
|
|t:|1779644132
|teamsize|p1|6
|teamsize|p2|6
|start
|switch|p1a: Glimmora|Glimmora, M|100/100
|switch|p2a: Samurott|Samurott-Hisui, F|100/100
|turn|1
|
|t:|1779644139
|move|p2a: Samurott|Razor Shell|p1a: Glimmora
|-supereffective|p1a: Glimmora
|-crit|p1a: Glimmora
|-enditem|p1a: Glimmora|Focus Sash
|-damage|p1a: Glimmora|1/100
|-unboost|p1a: Glimmora|def|1
|-activate|p1a: Glimmora|ability: Toxic Debris
|-sidestart|p2: K1ngcash69|move: Toxic Spikes
|move|p1a: Glimmora|Stealth Rock|p2a: Samurott
|-sidestart|p2: K1ngcash69|move: Stealth Rock
|
|upkeep
|turn|2
|
|t:|1779644149
|move|p2a: Samurott|Razor Shell|p1a: Glimmora
|-supereffective|p1a: Glimmora
|-crit|p1a: Glimmora
|-damage|p1a: Glimmora|0 fnt
|-activate|p1a: Glimmora|ability: Toxic Debris
|-sidestart|p2: K1ngcash69|move: Toxic Spikes
|faint|p1a: Glimmora
|
|upkeep
|
|t:|1779644152
|switch|p1a: Zapdos|Zapdos|100/100
|-ability|p1a: Zapdos|Pressure
|turn|3
|
|t:|1779644170
|switch|p2a: Great Tusk|Great Tusk|100/100
|move|p1a: Zapdos|Volt Switch|p2a: Great Tusk
|-immune|p2a: Great Tusk
|
|upkeep
|turn|4
|
|t:|1779644177
|switch|p1a: Corviknight|Corviknight, M|100/100
|-ability|p1a: Corviknight|Pressure
|move|p2a: Great Tusk|Rapid Spin|p1a: Corviknight
|-resisted|p1a: Corviknight
|-damage|p1a: Corviknight|94/100
|-boost|p2a: Great Tusk|spe|1
|-sideend|p2: K1ngcash69|Toxic Spikes|[from] move: Rapid Spin|[of] p2a: Great Tusk
|-sideend|p2: K1ngcash69|Stealth Rock|[from] move: Rapid Spin|[of] p2a: Great Tusk
|
|-heal|p1a: Corviknight|99/100|[from] item: Leftovers
|upkeep
|turn|5
|
|t:|1779644188
|move|p2a: Great Tusk|Ice Spinner|p1a: Corviknight
|-damage|p1a: Corviknight|75/100
|move|p1a: Corviknight|Bulk Up|p1a: Corviknight
|-boost|p1a: Corviknight|atk|1
|-boost|p1a: Corviknight|def|1
|
|-heal|p1a: Corviknight|82/100|[from] item: Leftovers
|upkeep
|turn|6
|
|t:|1779644204
|-end|p2a: Great Tusk|Protosynthesis|[silent]
|switch|p2a: Zapdos|Zapdos|100/100
|move|p1a: Corviknight|Bulk Up|p1a: Corviknight
|-boost|p1a: Corviknight|atk|1
|-boost|p1a: Corviknight|def|1
|
|-heal|p1a: Corviknight|88/100|[from] item: Leftovers
|upkeep
|turn|7
|inactive|K1ngcash69 has 120 seconds left.
|
|t:|1779644252
|move|p2a: Zapdos|Thunder Wave|p1a: Corviknight
|-status|p1a: Corviknight|par
|cant|p1a: Corviknight|par
|
|-heal|p1a: Corviknight|94/100 par|[from] item: Leftovers
|upkeep
|turn|8
|
|t:|1779644273
|move|p2a: Zapdos|Hurricane|p1a: Corviknight
|-resisted|p1a: Corviknight
|-damage|p1a: Corviknight|77/100 par
|move|p1a: Corviknight|Body Press|p2a: Zapdos
|-resisted|p2a: Zapdos
|-damage|p2a: Zapdos|86/100
|
|-heal|p1a: Corviknight|83/100 par|[from] item: Leftovers
|upkeep
|turn|9
|inactive|K1ngcash69 has 120 seconds left.
|
|t:|1779644297
|switch|p1a: Ting-Lu|Ting-Lu|100/100
|-ability|p1a: Ting-Lu|Vessel of Ruin
|move|p2a: Zapdos|Hurricane|p1a: Ting-Lu
|-damage|p1a: Ting-Lu|72/100
|-start|p1a: Ting-Lu|confusion
|
|-heal|p1a: Ting-Lu|78/100|[from] item: Leftovers
|upkeep
|turn|10
|
|t:|1779644311
|move|p2a: Zapdos|Hurricane|p1a: Ting-Lu|[miss]
|-miss|p2a: Zapdos|p1a: Ting-Lu
|-activate|p1a: Ting-Lu|confusion
|-damage|p1a: Ting-Lu|74/100|[from] confusion
|
|-heal|p1a: Ting-Lu|81/100|[from] item: Leftovers
|upkeep
|turn|11
|
|t:|1779644318
|move|p2a: Zapdos|Hurricane|p1a: Ting-Lu
|-damage|p1a: Ting-Lu|51/100
|-activate|p1a: Ting-Lu|confusion
|-damage|p1a: Ting-Lu|48/100|[from] confusion
|
|-heal|p1a: Ting-Lu|54/100|[from] item: Leftovers
|upkeep
|turn|12
|c|☆pen ref|...
|
|t:|1779644325
|switch|p2a: Samurott|Samurott-Hisui, F|100/100
|-activate|p1a: Ting-Lu|confusion
|move|p1a: Ting-Lu|Spikes|p2a: Samurott
|-sidestart|p2: K1ngcash69|Spikes
|
|-heal|p1a: Ting-Lu|60/100|[from] item: Leftovers
|upkeep
|turn|13
|
|t:|1779644330
|move|p2a: Samurott|Razor Shell|p1a: Ting-Lu
|-supereffective|p1a: Ting-Lu
|-damage|p1a: Ting-Lu|13/100
|-unboost|p1a: Ting-Lu|def|1
|-end|p1a: Ting-Lu|confusion
|move|p1a: Ting-Lu|Body Press|p2a: Samurott
|-supereffective|p2a: Samurott
|-damage|p2a: Samurott|49/100
|
|-heal|p1a: Ting-Lu|19/100|[from] item: Leftovers
|upkeep
|turn|14
|
|t:|1779644341
|move|p2a: Samurott|Razor Shell|p1a: Ting-Lu|[miss]
|-miss|p2a: Samurott|p1a: Ting-Lu
|move|p1a: Ting-Lu|Body Press|p2a: Samurott
|-supereffective|p2a: Samurott
|-damage|p2a: Samurott|0 fnt
|faint|p2a: Samurott
|
|-heal|p1a: Ting-Lu|25/100|[from] item: Leftovers
|upkeep
|
|t:|1779644345
|switch|p2a: Ogerpon|Ogerpon-Wellspring, F|100/100
|-damage|p2a: Ogerpon|88/100|[from] Spikes
|turn|15
|
|t:|1779644350
|switch|p1a: Corviknight|Corviknight, M|83/100 par
|-ability|p1a: Corviknight|Pressure
|move|p2a: Ogerpon|Ivy Cudgel|p1a: Corviknight|[anim] Ivy Cudgel Water
|-damage|p1a: Corviknight|39/100 par
|
|-heal|p1a: Corviknight|45/100 par|[from] item: Leftovers
|upkeep
|turn|16
|
|t:|1779644358
|move|p2a: Ogerpon|Ivy Cudgel|p1a: Corviknight|[anim] Ivy Cudgel Water
|-damage|p1a: Corviknight|0 fnt
|faint|p1a: Corviknight
|
|upkeep
|
|t:|1779644363
|switch|p1a: Pecharunt|Pecharunt|100/100
|turn|17
|
|t:|1779644372
|-terastallize|p2a: Ogerpon|Water
|detailschange|p2a: Ogerpon|Ogerpon-Wellspring-Tera, F, tera:Water
|-ability|p2a: Ogerpon|Embody Aspect (Wellspring)|boost
|-boost|p2a: Ogerpon|spd|1
|move|p2a: Ogerpon|Ivy Cudgel|p1a: Pecharunt|[anim] Ivy Cudgel Water
|-crit|p1a: Pecharunt
|-damage|p1a: Pecharunt|26/100
|move|p1a: Pecharunt|Malignant Chain|p2a: Ogerpon
|-damage|p2a: Ogerpon|55/100
|
|-heal|p1a: Pecharunt|32/100|[from] item: Leftovers
|upkeep
|turn|18
|
|t:|1779644393
|move|p1a: Pecharunt|Protect|p1a: Pecharunt
|-singleturn|p1a: Pecharunt|Protect
|move|p2a: Ogerpon|Ivy Cudgel|p1a: Pecharunt|[anim] Ivy Cudgel Water
|-activate|p1a: Pecharunt|move: Protect
|
|-heal|p1a: Pecharunt|38/100|[from] item: Leftovers
|upkeep
|turn|19
|
|t:|1779644404
|switch|p1a: Ting-Lu|Ting-Lu|25/100
|-ability|p1a: Ting-Lu|Vessel of Ruin
|move|p2a: Ogerpon|Swords Dance|p2a: Ogerpon
|-boost|p2a: Ogerpon|atk|2
|
|-heal|p1a: Ting-Lu|32/100|[from] item: Leftovers
|upkeep
|turn|20
|
|t:|1779644408
|move|p2a: Ogerpon|Ivy Cudgel|p1a: Ting-Lu|[anim] Ivy Cudgel Water
|-supereffective|p1a: Ting-Lu
|-damage|p1a: Ting-Lu|0 fnt
|faint|p1a: Ting-Lu
|
|upkeep
|
|t:|1779644411
|switch|p1a: Zapdos|Zapdos|100/100
|-ability|p1a: Zapdos|Pressure
|turn|21
|
|t:|1779644414
|move|p2a: Ogerpon|Ivy Cudgel|p1a: Zapdos|[anim] Ivy Cudgel Water
|-damage|p1a: Zapdos|0 fnt
|faint|p1a: Zapdos
|
|upkeep
|
|t:|1779644418
|switch|p1a: Garganacl|Garganacl, F, shiny|100/100
|turn|22
|
|t:|1779644421
|-terastallize|p1a: Garganacl|Ghost
|move|p2a: Ogerpon|Ivy Cudgel|p1a: Garganacl|[anim] Ivy Cudgel Water
|-damage|p1a: Garganacl|19/100
|move|p1a: Garganacl|Salt Cure|p2a: Ogerpon
|-damage|p2a: Ogerpon|35/100
|-start|p2a: Ogerpon|Salt Cure
|
|-heal|p1a: Garganacl|25/100|[from] item: Leftovers
|-damage|p2a: Ogerpon|10/100|[from] Salt Cure
|upkeep
|turn|23
|
|t:|1779644435
|move|p1a: Garganacl|Protect|p1a: Garganacl
|-singleturn|p1a: Garganacl|Protect
|move|p2a: Ogerpon|Horn Leech|p1a: Garganacl
|-activate|p1a: Garganacl|move: Protect
|
|-heal|p1a: Garganacl|32/100|[from] item: Leftovers
|-damage|p2a: Ogerpon|0 fnt|[from] Salt Cure
|faint|p2a: Ogerpon
|detailschange|p2: Ogerpon|Ogerpon-Wellspring, F|[silent]
|upkeep
|
|t:|1779644442
|switch|p2a: Ceruledge|Ceruledge, M|100/100
|-damage|p2a: Ceruledge|88/100|[from] Spikes
|turn|24
|
|t:|1779644451
|move|p2a: Ceruledge|Poltergeist|p1a: Garganacl
|-activate|p1a: Garganacl|move: Poltergeist|Leftovers
|-supereffective|p1a: Garganacl
|-damage|p1a: Garganacl|1/100
|move|p1a: Garganacl|Salt Cure|p2a: Ceruledge
|-supereffective|p2a: Ceruledge
|-damage|p2a: Ceruledge|48/100
|-start|p2a: Ceruledge|Salt Cure
|-ability|p2a: Ceruledge|Weak Armor|boost
|-unboost|p2a: Ceruledge|def|1
|-boost|p2a: Ceruledge|spe|2
|
|-heal|p1a: Garganacl|8/100|[from] item: Leftovers
|-damage|p2a: Ceruledge|36/100|[from] Salt Cure
|upkeep
|turn|25
|
|t:|1779644461
|move|p1a: Garganacl|Protect|p1a: Garganacl
|-singleturn|p1a: Garganacl|Protect
|move|p2a: Ceruledge|Poltergeist|p1a: Garganacl
|-activate|p1a: Garganacl|move: Protect
|
|-heal|p1a: Garganacl|14/100|[from] item: Leftovers
|-damage|p2a: Ceruledge|24/100|[from] Salt Cure
|upkeep
|turn|26
|
|t:|1779644476
|move|p2a: Ceruledge|Poltergeist|p1a: Garganacl
|-activate|p1a: Garganacl|move: Poltergeist|Leftovers
|-supereffective|p1a: Garganacl
|-damage|p1a: Garganacl|0 fnt
|faint|p1a: Garganacl
|
|-damage|p2a: Ceruledge|11/100|[from] Salt Cure
|upkeep
|
|t:|1779644478
|switch|p1a: Pecharunt|Pecharunt|38/100
|turn|27
|
|t:|1779644485
|move|p1a: Pecharunt|Protect|p1a: Pecharunt
|-singleturn|p1a: Pecharunt|Protect
|move|p2a: Ceruledge|Poltergeist|p1a: Pecharunt
|-activate|p1a: Pecharunt|move: Protect
|
|-heal|p1a: Pecharunt|44/100|[from] item: Leftovers
|-damage|p2a: Ceruledge|0 fnt|[from] Salt Cure
|faint|p2a: Ceruledge
|upkeep
|
|t:|1779644496
|switch|p2a: Dragonite|Dragonite, F|100/100
|turn|28
|
|t:|1779644504
|move|p1a: Pecharunt|Recover|p1a: Pecharunt
|-heal|p1a: Pecharunt|94/100
|move|p2a: Dragonite|Outrage|p1a: Pecharunt
|-damage|p1a: Pecharunt|55/100
|
|-heal|p1a: Pecharunt|61/100|[from] item: Leftovers
|upkeep
|turn|29
|
|t:|1779644518
|move|p1a: Pecharunt|Malignant Chain|p2a: Dragonite
|-damage|p2a: Dragonite|80/100
|-status|p2a: Dragonite|tox
|-start|p2a: Dragonite|confusion|[from] ability: Poison Puppeteer|[of] p1a: Pecharunt
|-activate|p2a: Dragonite|confusion
|-damage|p2a: Dragonite|65/100 tox|[from] confusion
|
|-heal|p1a: Pecharunt|67/100|[from] item: Leftovers
|-damage|p2a: Dragonite|59/100 tox|[from] psn
|upkeep
|turn|30
|
|t:|1779644538
|switch|p2a: Great Tusk|Great Tusk|100/100
|move|p1a: Pecharunt|Recover|p1a: Pecharunt
|-heal|p1a: Pecharunt|100/100
|
|upkeep
|turn|31
|
|t:|1779644543
|move|p2a: Great Tusk|Headlong Rush|p1a: Pecharunt
|-supereffective|p1a: Pecharunt
|-damage|p1a: Pecharunt|30/100
|-unboost|p2a: Great Tusk|def|1
|-unboost|p2a: Great Tusk|spd|1
|move|p1a: Pecharunt|Malignant Chain|p2a: Great Tusk
|-resisted|p2a: Great Tusk
|-damage|p2a: Great Tusk|46/100
|-status|p2a: Great Tusk|tox
|-start|p2a: Great Tusk|confusion|[from] ability: Poison Puppeteer|[of] p1a: Pecharunt
|
|-heal|p1a: Pecharunt|36/100|[from] item: Leftovers
|-damage|p2a: Great Tusk|40/100 tox|[from] psn
|upkeep
|turn|32
|
|t:|1779644562
|move|p1a: Pecharunt|Protect|p1a: Pecharunt
|-singleturn|p1a: Pecharunt|Protect
|-activate|p2a: Great Tusk|confusion
|move|p2a: Great Tusk|Headlong Rush|p1a: Pecharunt
|-activate|p1a: Pecharunt|move: Protect
|
|-heal|p1a: Pecharunt|42/100|[from] item: Leftovers
|-damage|p2a: Great Tusk|27/100 tox|[from] psn
|upkeep
|turn|33
|
|t:|1779644568
|-activate|p2a: Great Tusk|confusion
|-damage|p2a: Great Tusk|12/100 tox|[from] confusion
|move|p1a: Pecharunt|Recover|p1a: Pecharunt
|-heal|p1a: Pecharunt|93/100
|
|-heal|p1a: Pecharunt|99/100|[from] item: Leftovers
|-damage|p2a: Great Tusk|0 fnt|[from] psn
|faint|p2a: Great Tusk
|-end|p2a: Great Tusk|Protosynthesis|[silent]
|upkeep
|
|t:|1779644578
|switch|p2a: Zapdos|Zapdos|86/100
|turn|34
|c|☆pen ref|omg he is clutching
|
|t:|1779644584
|move|p2a: Zapdos|Thunder Wave|p1a: Pecharunt
|-status|p1a: Pecharunt|par
|move|p1a: Pecharunt|Malignant Chain|p2a: Zapdos
|-damage|p2a: Zapdos|46/100
|-status|p2a: Zapdos|tox
|-start|p2a: Zapdos|confusion|[from] ability: Poison Puppeteer|[of] p1a: Pecharunt
|
|-heal|p1a: Pecharunt|100/100 par|[from] item: Leftovers
|-damage|p2a: Zapdos|40/100 tox|[from] psn
|upkeep
|turn|35
|
|t:|1779644597
|-activate|p2a: Zapdos|confusion
|move|p2a: Zapdos|Hurricane|p1a: Pecharunt|[miss]
|-miss|p2a: Zapdos|p1a: Pecharunt
|cant|p1a: Pecharunt|par
|
|-damage|p2a: Zapdos|28/100 tox|[from] psn
|upkeep
|turn|36
|
|t:|1779644603
|-activate|p2a: Zapdos|confusion
|-damage|p2a: Zapdos|23/100 tox|[from] confusion
|cant|p1a: Pecharunt|par
|
|-damage|p2a: Zapdos|5/100 tox|[from] psn
|upkeep
|turn|37
|
|t:|1779644606
|move|p1a: Pecharunt|Protect|p1a: Pecharunt
|-singleturn|p1a: Pecharunt|Protect
|-end|p2a: Zapdos|confusion
|move|p2a: Zapdos|Hurricane|p1a: Pecharunt
|-activate|p1a: Pecharunt|move: Protect
|
|-damage|p2a: Zapdos|0 fnt|[from] psn
|faint|p2a: Zapdos
|upkeep
|
|t:|1779644608
|switch|p2a: Dragonite|Dragonite, F|59/100 tox
|turn|38
|
|t:|1779644615
|move|p2a: Dragonite|Dragon Dance|p2a: Dragonite
|-boost|p2a: Dragonite|atk|1
|-boost|p2a: Dragonite|spe|1
|move|p1a: Pecharunt|Shadow Ball|p2a: Dragonite
|-damage|p2a: Dragonite|28/100 tox
|
|-damage|p2a: Dragonite|22/100 tox|[from] psn
|upkeep
|turn|39
|
|t:|1779644633
|move|p2a: Dragonite|Roost|p2a: Dragonite
|-heal|p2a: Dragonite|72/100 tox
|-singleturn|p2a: Dragonite|move: Roost
|cant|p1a: Pecharunt|par
|
|-damage|p2a: Dragonite|60/100 tox|[from] psn
|upkeep
|turn|40
|
|t:|1779644641
|move|p1a: Pecharunt|Protect|p1a: Pecharunt
|-singleturn|p1a: Pecharunt|Protect
|move|p2a: Dragonite|Dragon Dance|p2a: Dragonite
|-boost|p2a: Dragonite|atk|1
|-boost|p2a: Dragonite|spe|1
|
|-damage|p2a: Dragonite|41/100 tox|[from] psn
|upkeep
|turn|41
|
|t:|1779644654
|move|p2a: Dragonite|Roost|p2a: Dragonite
|-heal|p2a: Dragonite|91/100 tox
|-singleturn|p2a: Dragonite|move: Roost
|cant|p1a: Pecharunt|par
|
|-damage|p2a: Dragonite|66/100 tox|[from] psn
|upkeep
|turn|42
|
|t:|1779644659
|move|p2a: Dragonite|Outrage|p1a: Pecharunt
|-damage|p1a: Pecharunt|16/100 par
|move|p1a: Pecharunt|Malignant Chain|p2a: Dragonite
|-damage|p2a: Dragonite|26/100 tox
|
|-heal|p1a: Pecharunt|22/100 par|[from] item: Leftovers
|-damage|p2a: Dragonite|0 fnt|[from] psn
|faint|p2a: Dragonite
|
|win|pen ref
|raw|pen ref's rating: 1231 &rarr; <strong>1259</strong><br />(+28 for winning)
|raw|K1ngcash69's rating: 1271 &rarr; <strong>1243</strong><br />(-28 for losing)
|j| The impimp
|c|☆pen ref|gg
|c|☆K1ngcash69|Gg
