|j|☆LUPIIT
|j|☆Dodiabla
|t:|1779686456
|gametype|singles
|player|p1|LUPIIT|lucas|1448
|player|p2|Dodiabla|blue|1321
|gen|9
|tier|[Gen 9] OU
|rated|
|rule|HP Percentage Mod: HP is shown in percentages
|rule|Endless Battle Clause: Forcing endless battles is banned
|rule|Species Clause: Limit one of each Pokémon
|rule|OHKO Clause: OHKO moves are banned
|rule|Evasion Items Clause: Evasion items are banned
|rule|Evasion Moves Clause: Evasion moves are banned
|rule|Evasion Abilities Clause: Evasion abilities are banned
|rule|Sleep Moves Clause: Sleep-inducing moves are banned
|clearpoke
|poke|p1|Smeargle, F|
|poke|p1|Comfey, M|
|poke|p1|Incineroar, F|
|poke|p1|Ogerpon-Wellspring, F|
|poke|p1|Zapdos|
|poke|p1|Tornadus-Therian, M|
|poke|p2|Conkeldurr, F|
|poke|p2|Iron Crown|
|poke|p2|Glimmora, F|
|poke|p2|Enamorus, F|
|poke|p2|Clodsire, F|
|poke|p2|Zapdos|
|teampreview
|inactive|Battle timer is ON: inactive players will automatically lose when time's up. (requested by LUPIIT)
|
|t:|1779686464
|teamsize|p1|6
|teamsize|p2|6
|start
|switch|p1a: Tornadus|Tornadus-Therian, M|100/100
|switch|p2a: Glimmora|Glimmora, F|100/100
|turn|1
|
|t:|1779686468
|move|p1a: Tornadus|Bleakwind Storm|p2a: Glimmora
|-resisted|p2a: Glimmora
|-damage|p2a: Glimmora|67/100
|-unboost|p2a: Glimmora|spe|1
|-damage|p1a: Tornadus|91/100|[from] item: Life Orb
|move|p2a: Glimmora|Stealth Rock|p1a: Tornadus
|-sidestart|p1: LUPIIT|move: Stealth Rock
|
|upkeep
|turn|2
|
|t:|1779686471
|move|p1a: Tornadus|Bleakwind Storm|p2a: Glimmora|[miss]
|-miss|p1a: Tornadus|p2a: Glimmora
|move|p2a: Glimmora|Mortal Spin|p1a: Tornadus
|-damage|p1a: Tornadus|82/100
|-status|p1a: Tornadus|psn
|
|-damage|p1a: Tornadus|69/100 psn|[from] psn
|upkeep
|turn|3
|
|t:|1779686473
|move|p1a: Tornadus|Bleakwind Storm|p2a: Glimmora
|-resisted|p2a: Glimmora
|-damage|p2a: Glimmora|31/100
|-unboost|p2a: Glimmora|spe|1
|-damage|p1a: Tornadus|60/100 psn|[from] item: Life Orb
|move|p2a: Glimmora|Spikes|p1a: Tornadus
|-sidestart|p1: LUPIIT|Spikes
|
|-damage|p1a: Tornadus|47/100 psn|[from] psn
|upkeep
|turn|4
|
|t:|1779686476
|move|p1a: Tornadus|Bleakwind Storm|p2a: Glimmora
|-resisted|p2a: Glimmora
|-damage|p2a: Glimmora|0 fnt
|faint|p2a: Glimmora
|-damage|p1a: Tornadus|38/100 psn|[from] item: Life Orb
|
|-damage|p1a: Tornadus|25/100 psn|[from] psn
|upkeep
|
|t:|1779686484
|switch|p2a: Zapdos|Zapdos|100/100
|turn|5
|
|t:|1779686488
|move|p1a: Tornadus|Knock Off|p2a: Zapdos
|-damage|p2a: Zapdos|69/100
|-enditem|p2a: Zapdos|Heavy-Duty Boots|[from] move: Knock Off|[of] p1a: Tornadus
|-damage|p1a: Tornadus|16/100 psn|[from] item: Life Orb
|move|p2a: Zapdos|Volt Switch|p1a: Tornadus
|-supereffective|p1a: Tornadus
|-damage|p1a: Tornadus|0 fnt
|faint|p1a: Tornadus
|
|t:|1779686493
|switch|p2a: Iron Crown|Iron Crown|100/100|[from] Volt Switch
|-enditem|p2a: Iron Crown|Booster Energy
|-activate|p2a: Iron Crown|ability: Quark Drive|[fromitem]
|-start|p2a: Iron Crown|quarkdrivespa
|
|upkeep
|
|t:|1779686498
|switch|p1a: Zapdos|Zapdos|100/100
|turn|6
|
|t:|1779686527
|move|p2a: Iron Crown|Psyshock|p1a: Zapdos
|-damage|p1a: Zapdos|60/100
|move|p1a: Zapdos|Heat Wave|p2a: Iron Crown|[miss]
|-miss|p1a: Zapdos|p2a: Iron Crown
|
|upkeep
|turn|7
|
|t:|1779686531
|move|p2a: Iron Crown|Psyshock|p1a: Zapdos
|-damage|p1a: Zapdos|22/100
|move|p1a: Zapdos|Heat Wave|p2a: Iron Crown
|-supereffective|p2a: Iron Crown
|-damage|p2a: Iron Crown|45/100
|-status|p2a: Iron Crown|brn
|
|-damage|p2a: Iron Crown|39/100 brn|[from] brn
|upkeep
|turn|8
|
|t:|1779686535
|move|p2a: Iron Crown|Psyshock|p1a: Zapdos
|-damage|p1a: Zapdos|0 fnt
|faint|p1a: Zapdos
|
|-damage|p2a: Iron Crown|33/100 brn|[from] brn
|upkeep
|
|t:|1779686539
|switch|p1a: Incineroar|Incineroar, F|100/100
|-ability|p1a: Incineroar|Intimidate|boost
|-unboost|p2a: Iron Crown|atk|1
|turn|9
|
|t:|1779686561
|move|p1a: Incineroar|Fake Out|p2a: Iron Crown
|-resisted|p2a: Iron Crown
|-damage|p2a: Iron Crown|27/100 brn
|cant|p2a: Iron Crown|flinch
|
|-damage|p2a: Iron Crown|21/100 brn|[from] brn
|upkeep
|turn|10
|
|t:|1779686565
|move|p1a: Incineroar|Protect|p1a: Incineroar
|-singleturn|p1a: Incineroar|Protect
|move|p2a: Iron Crown|Focus Blast|p1a: Incineroar
|-activate|p1a: Incineroar|move: Protect
|
|-damage|p2a: Iron Crown|15/100 brn|[from] brn
|upkeep
|turn|11
|
|t:|1779686573
|move|p2a: Iron Crown|Focus Blast|p1a: Incineroar|[miss]
|-miss|p2a: Iron Crown|p1a: Incineroar
|move|p1a: Incineroar|Parting Shot|p2a: Iron Crown
|-unboost|p2a: Iron Crown|atk|1
|-unboost|p2a: Iron Crown|spa|1
|
|t:|1779686575
|switch|p1a: Comfey|Comfey, M|100/100|[from] Parting Shot
|-damage|p1a: Comfey|88/100|[from] Stealth Rock
|-damage|p1a: Comfey|76/100|[from] Spikes
|
|-damage|p2a: Iron Crown|9/100 brn|[from] brn
|upkeep
|turn|12
|
|t:|1779686577
|move|p1a: Comfey|Draining Kiss|p2a: Iron Crown
|-resisted|p2a: Iron Crown
|-damage|p2a: Iron Crown|0 fnt
|-heal|p1a: Comfey|82/100|[from] drain|[of] p2a: Iron Crown
|faint|p2a: Iron Crown
|-end|p2a: Iron Crown|Quark Drive|[silent]
|
|upkeep
|
|t:|1779686584
|switch|p2a: Enamorus|Enamorus, F|100/100
|turn|13
|
|t:|1779686588
|move|p2a: Enamorus|Sludge Bomb|p1a: Comfey
|-supereffective|p1a: Comfey
|-damage|p1a: Comfey|14/100
|move|p1a: Comfey|Calm Mind|p1a: Comfey
|-boost|p1a: Comfey|spa|1
|-boost|p1a: Comfey|spd|1
|
|upkeep
|turn|14
|
|t:|1779686598
|-terastallize|p1a: Comfey|Steel
|move|p1a: Comfey|Draining Kiss|p2a: Enamorus
|-damage|p2a: Enamorus|58/100
|-heal|p1a: Comfey|44/100|[from] drain|[of] p2a: Enamorus
|move|p2a: Enamorus|Sludge Bomb|p1a: Comfey
|-immune|p1a: Comfey
|
|upkeep
|turn|15
|
|t:|1779686601
|switch|p2a: Conkeldurr|Conkeldurr, F|100/100
|move|p1a: Comfey|Leech Seed|p2a: Conkeldurr
|-start|p2a: Conkeldurr|move: Leech Seed
|
|-damage|p2a: Conkeldurr|88/100|[from] Leech Seed|[of] p1a: Comfey
|-heal|p1a: Comfey|61/100|[silent]
|upkeep
|turn|16
|
|t:|1779686606
|move|p2a: Conkeldurr|Mach Punch|p1a: Comfey
|-supereffective|p1a: Comfey
|-damage|p1a: Comfey|0 fnt
|faint|p1a: Comfey
|-damage|p2a: Conkeldurr|78/100|[from] item: Life Orb
|
|upkeep
|
|t:|1779686612
|switch|p1a: Smeargle|Smeargle, F|100/100
|-damage|p1a: Smeargle|88/100|[from] Stealth Rock
|-damage|p1a: Smeargle|76/100|[from] Spikes
|turn|17
|
|t:|1779686615
|move|p1a: Smeargle|Burning Bulwark|p1a: Smeargle
|-singleturn|p1a: Smeargle|move: Protect
|move|p2a: Conkeldurr|Mach Punch|p1a: Smeargle
|-activate|p1a: Smeargle|move: Protect
|-status|p2a: Conkeldurr|brn
|
|-damage|p2a: Conkeldurr|66/100 brn|[from] Leech Seed|[of] p1a: Smeargle
|-heal|p1a: Smeargle|92/100|[silent]
|-damage|p2a: Conkeldurr|60/100 brn|[from] brn
|upkeep
|turn|18
|
|t:|1779686619
|switch|p1a: Incineroar|Incineroar, F|100/100
|-ability|p1a: Incineroar|Intimidate|boost
|-unboost|p2a: Conkeldurr|atk|1
|move|p2a: Conkeldurr|Mach Punch|p1a: Incineroar
|-supereffective|p1a: Incineroar
|-damage|p1a: Incineroar|75/100
|-damage|p2a: Conkeldurr|50/100 brn|[from] item: Life Orb
|
|-damage|p2a: Conkeldurr|38/100 brn|[from] Leech Seed|[of] p1a: Incineroar
|-heal|p1a: Incineroar|88/100|[silent]
|-damage|p2a: Conkeldurr|32/100 brn|[from] brn
|upkeep
|turn|19
|
|t:|1779686626
|move|p1a: Incineroar|Fake Out|p2a: Conkeldurr
|-crit|p2a: Conkeldurr
|-damage|p2a: Conkeldurr|19/100 brn
|cant|p2a: Conkeldurr|flinch
|
|-damage|p2a: Conkeldurr|7/100 brn|[from] Leech Seed|[of] p1a: Incineroar
|-heal|p1a: Incineroar|100/100|[silent]
|-damage|p2a: Conkeldurr|0 fnt|[from] brn
|faint|p2a: Conkeldurr
|upkeep
|
|t:|1779686629
|switch|p2a: Clodsire|Clodsire, F|100/100
|turn|20
|
|t:|1779686633
|move|p1a: Incineroar|Parting Shot|p2a: Clodsire
|-unboost|p2a: Clodsire|atk|1
|-unboost|p2a: Clodsire|spa|1
|
|t:|1779686634
|switch|p1a: Smeargle|Smeargle, F|92/100|[from] Parting Shot
|-damage|p1a: Smeargle|79/100|[from] Stealth Rock
|-damage|p1a: Smeargle|67/100|[from] Spikes
|move|p2a: Clodsire|Curse|p2a: Clodsire
|-unboost|p2a: Clodsire|spe|1
|-boost|p2a: Clodsire|atk|1
|-boost|p2a: Clodsire|def|1
|
|upkeep
|turn|21
|
|t:|1779686640
|switch|p1a: Ogerpon|Ogerpon-Wellspring, F|100/100
|-damage|p1a: Ogerpon|88/100|[from] Stealth Rock
|-damage|p1a: Ogerpon|76/100|[from] Spikes
|move|p2a: Clodsire|Curse|p2a: Clodsire
|-unboost|p2a: Clodsire|spe|1
|-boost|p2a: Clodsire|atk|1
|-boost|p2a: Clodsire|def|1
|
|upkeep
|turn|22
|
|t:|1779686644
|move|p1a: Ogerpon|Ivy Cudgel|p2a: Clodsire|[anim] Ivy Cudgel Water
|-immune|p2a: Clodsire|[from] ability: Water Absorb
|move|p2a: Clodsire|Earthquake|p1a: Ogerpon
|-resisted|p1a: Ogerpon
|-damage|p1a: Ogerpon|48/100
|
|upkeep
|turn|23
|-message|LUPIIT forfeited.
|
|win|Dodiabla
|raw|LUPIIT's rating: 1448 &rarr; <strong>1421</strong><br />(-27 for losing)
|raw|Dodiabla's rating: 1321 &rarr; <strong>1348</strong><br />(+27 for winning)
|l|☆LUPIIT
|player|p1|
|l|☆Dodiabla
|player|p2|
