|j|☆wassou21
|j|☆dnites
|t:|1779650757
|gametype|singles
|player|p1|wassou21|red|1503
|player|p2|dnites|265|1517
|gen|9
|tier|[Gen 9] OU
|rated|
|rule|HP Percentage Mod: HP is shown in percentages
|rule|Endless Battle Clause: Forcing endless battles is banned
|rule|Species Clause: Limit one of each Pokémon
|rule|OHKO Clause: OHKO moves are banned
|rule|Evasion Items Clause: Evasion items are banned
|rule|Evasion Moves Clause: Evasion moves are banned
|rule|Evasion Abilities Clause: Evasion abilities are banned
|rule|Sleep Moves Clause: Sleep-inducing moves are banned
|clearpoke
|poke|p1|Araquanid, F|
|poke|p1|Cinderace, M|
|poke|p1|Serperior, F|
|poke|p1|Comfey, F|
|poke|p1|Dragapult, M|
|poke|p1|Bisharp, M|
|poke|p2|Latias, F|
|poke|p2|Iron Hands|
|poke|p2|Meowscarada, M|
|poke|p2|Pincurchin, M|
|poke|p2|Iron Crown|
|poke|p2|Hawlucha, M|
|teampreview
|
|t:|1779650767
|teamsize|p1|6
|teamsize|p2|6
|start
|switch|p1a: Araquanid|Araquanid, F|100/100
|switch|p2a: Pincurchin|Pincurchin, M|100/100
|-fieldstart|move: Electric Terrain|[from] ability: Electric Surge|[of] p2a: Pincurchin
|turn|1
|
|t:|1779650780
|move|p2a: Pincurchin|Discharge|p1a: Araquanid
|-supereffective|p1a: Araquanid
|-damage|p1a: Araquanid|49/100
|move|p1a: Araquanid|Mirror Coat|p2a: Pincurchin
|-damage|p2a: Pincurchin|0 fnt
|faint|p2a: Pincurchin
|
|upkeep
|
|t:|1779650789
|switch|p2a: Iron Crown|Iron Crown|100/100
|-activate|p2a: Iron Crown|ability: Quark Drive
|-start|p2a: Iron Crown|quarkdrivespa
|turn|2
|
|t:|1779650798
|move|p2a: Iron Crown|Volt Switch|p1a: Araquanid
|-supereffective|p1a: Araquanid
|-damage|p1a: Araquanid|0 fnt
|faint|p1a: Araquanid
|
|t:|1779650813
|-end|p2a: Iron Crown|Quark Drive|[silent]
|switch|p2a: Iron Hands|Iron Hands|100/100|[from] Volt Switch
|-activate|p2a: Iron Hands|ability: Quark Drive
|-start|p2a: Iron Hands|quarkdriveatk
|
|upkeep
|
|t:|1779650818
|switch|p1a: Comfey|Comfey, F|100/100
|turn|3
|
|t:|1779650823
|move|p1a: Comfey|Draining Kiss|p2a: Iron Hands
|-supereffective|p2a: Iron Hands
|-damage|p2a: Iron Hands|63/100
|move|p2a: Iron Hands|Heavy Slam|p1a: Comfey
|-supereffective|p1a: Comfey
|-damage|p1a: Comfey|0 fnt
|faint|p1a: Comfey
|
|upkeep
|
|t:|1779650835
|switch|p1a: Dragapult|Dragapult, M|100/100
|turn|4
|
|t:|1779650844
|move|p1a: Dragapult|Dragon Darts|p2a: Iron Hands
|-damage|p2a: Iron Hands|46/100
|-anim|p1a: Dragapult|Dragon Darts|p2a: Iron Hands
|-damage|p2a: Iron Hands|30/100
|-damage|p1a: Dragapult|91/100|[from] item: Life Orb
|move|p2a: Iron Hands|Heavy Slam|p1a: Dragapult
|-damage|p1a: Dragapult|12/100
|
|upkeep
|turn|5
|
|t:|1779650854
|move|p1a: Dragapult|Thunderbolt|p2a: Iron Hands
|-resisted|p2a: Iron Hands
|-damage|p2a: Iron Hands|10/100
|-damage|p1a: Dragapult|2/100|[from] item: Life Orb
|move|p2a: Iron Hands|Heavy Slam|p1a: Dragapult
|-damage|p1a: Dragapult|0 fnt
|faint|p1a: Dragapult
|
|upkeep
|
|t:|1779650867
|switch|p1a: Cinderace|Cinderace, M|100/100
|turn|6
|
|t:|1779650872
|move|p1a: Cinderace|Pyro Ball|p2a: Iron Hands
|-damage|p2a: Iron Hands|0 fnt
|faint|p2a: Iron Hands
|-end|p2a: Iron Hands|Quark Drive|[silent]
|
|upkeep
|
|t:|1779650878
|switch|p2a: Latias|Latias, F|100/100
|-enditem|p2a: Latias|Electric Seed
|-boost|p2a: Latias|def|1|[from] item: Electric Seed
|turn|7
|
|t:|1779650885
|move|p1a: Cinderace|Sucker Punch||[still]
|-fail|p1a: Cinderace
|move|p2a: Latias|Calm Mind|p2a: Latias
|-boost|p2a: Latias|spa|1
|-boost|p2a: Latias|spd|1
|
|upkeep
|turn|8
|
|t:|1779650892
|-terastallize|p2a: Latias|Poison
|move|p1a: Cinderace|Sucker Punch||[still]
|-fail|p1a: Cinderace
|move|p2a: Latias|Calm Mind|p2a: Latias
|-boost|p2a: Latias|spa|1
|-boost|p2a: Latias|spd|1
|
|-fieldend|move: Electric Terrain
|upkeep
|turn|9
|
|t:|1779650901
|move|p1a: Cinderace|Pyro Ball|p2a: Latias
|-damage|p2a: Latias|75/100
|move|p2a: Latias|Calm Mind|p2a: Latias
|-boost|p2a: Latias|spa|1
|-boost|p2a: Latias|spd|1
|
|upkeep
|turn|10
|
|t:|1779650906
|move|p1a: Cinderace|Sucker Punch||[still]
|-fail|p1a: Cinderace
|move|p2a: Latias|Recover|p2a: Latias
|-heal|p2a: Latias|100/100
|
|upkeep
|turn|11
|
|t:|1779650920
|move|p1a: Cinderace|Pyro Ball|p2a: Latias|[miss]
|-miss|p1a: Cinderace|p2a: Latias
|move|p2a: Latias|Stored Power|p1a: Cinderace
|-damage|p1a: Cinderace|0 fnt
|faint|p1a: Cinderace
|
|upkeep
|
|t:|1779650926
|switch|p1a: Bisharp|Bisharp, M|100/100
|turn|12
|
|t:|1779650930
|-terastallize|p1a: Bisharp|Dark
|move|p1a: Bisharp|Sucker Punch|p2a: Latias
|-damage|p2a: Latias|75/100
|move|p2a: Latias|Aura Sphere|p1a: Bisharp
|-supereffective|p1a: Bisharp
|-damage|p1a: Bisharp|10/100
|
|upkeep
|turn|13
|
|t:|1779650936
|move|p2a: Latias|Aura Sphere|p1a: Bisharp
|-supereffective|p1a: Bisharp
|-damage|p1a: Bisharp|0 fnt
|faint|p1a: Bisharp
|
|upkeep
|
|t:|1779650939
|switch|p1a: Serperior|Serperior, F|100/100
|turn|14
|
|t:|1779650943
|move|p1a: Serperior|Glare|p2a: Latias
|-status|p2a: Latias|par
|cant|p2a: Latias|par
|
|upkeep
|turn|15
|
|t:|1779650949
|move|p1a: Serperior|Substitute|p1a: Serperior
|-start|p1a: Serperior|Substitute
|-damage|p1a: Serperior|76/100
|move|p2a: Latias|Stored Power|p1a: Serperior
|-end|p1a: Serperior|Substitute
|
|-heal|p1a: Serperior|82/100|[from] item: Leftovers
|upkeep
|turn|16
|
|t:|1779650957
|move|p1a: Serperior|Substitute|p1a: Serperior
|-start|p1a: Serperior|Substitute
|-damage|p1a: Serperior|57/100
|move|p2a: Latias|Stored Power|p1a: Serperior
|-end|p1a: Serperior|Substitute
|
|-heal|p1a: Serperior|63/100|[from] item: Leftovers
|upkeep
|turn|17
|
|t:|1779650965
|move|p1a: Serperior|Substitute|p1a: Serperior
|-start|p1a: Serperior|Substitute
|-damage|p1a: Serperior|39/100
|cant|p2a: Latias|par
|
|-heal|p1a: Serperior|45/100|[from] item: Leftovers
|upkeep
|turn|18
|
|t:|1779650974
|move|p1a: Serperior|Leaf Storm|p2a: Latias|[miss]
|-miss|p1a: Serperior|p2a: Latias
|move|p2a: Latias|Stored Power|p1a: Serperior
|-crit|p1a: Serperior
|-end|p1a: Serperior|Substitute
|
|-heal|p1a: Serperior|51/100|[from] item: Leftovers
|upkeep
|turn|19
|
|t:|1779650982
|move|p1a: Serperior|Substitute|p1a: Serperior
|-start|p1a: Serperior|Substitute
|-damage|p1a: Serperior|26/100
|move|p2a: Latias|Stored Power|p1a: Serperior
|-end|p1a: Serperior|Substitute
|
|-heal|p1a: Serperior|32/100|[from] item: Leftovers
|upkeep
|turn|20
|inactive|Battle timer is ON: inactive players will automatically lose when time's up. (requested by dnites)
|c|☆dnites|Whyyy
|
|t:|1779650993
|move|p1a: Serperior|Substitute|p1a: Serperior
|-start|p1a: Serperior|Substitute
|-damage|p1a: Serperior|8/100
|move|p2a: Latias|Stored Power|p1a: Serperior
|-end|p1a: Serperior|Substitute
|
|-heal|p1a: Serperior|14/100|[from] item: Leftovers
|upkeep
|turn|21
|
|t:|1779650999
|move|p1a: Serperior|Leaf Storm|p2a: Latias
|-resisted|p2a: Latias
|-damage|p2a: Latias|67/100 par
|-boost|p1a: Serperior|spa|2
|move|p2a: Latias|Stored Power|p1a: Serperior
|-crit|p1a: Serperior
|-damage|p1a: Serperior|0 fnt
|faint|p1a: Serperior
|
|win|dnites
|raw|wassou21's rating: 1503 &rarr; <strong>1484</strong><br />(-19 for losing)
|raw|dnites's rating: 1517 &rarr; <strong>1536</strong><br />(+19 for winning)
|l|☆dnites
|player|p2|
|l|☆wassou21
|player|p1|
