|j|☆eusoubrasileirouu
|j|☆FoodTest6Marker
|t:|1779632664
|gametype|singles
|player|p1|eusoubrasileirouu|102|1068
|player|p2|FoodTest6Marker|lady|1106
|gen|9
|tier|[Gen 9] OU
|rated|
|rule|HP Percentage Mod: HP is shown in percentages
|rule|Endless Battle Clause: Forcing endless battles is banned
|rule|Species Clause: Limit one of each Pokémon
|rule|OHKO Clause: OHKO moves are banned
|rule|Evasion Items Clause: Evasion items are banned
|rule|Evasion Moves Clause: Evasion moves are banned
|rule|Evasion Abilities Clause: Evasion abilities are banned
|rule|Sleep Moves Clause: Sleep-inducing moves are banned
|clearpoke
|poke|p1|Swampert, M|
|poke|p1|Great Tusk|
|poke|p1|Primarina, M|
|poke|p1|Garganacl, F|
|poke|p1|Zamazenta-*|
|poke|p1|Zapdos|
|poke|p2|Blaziken, F|
|poke|p2|Porygon-Z|
|poke|p2|Garganacl, M|
|poke|p2|Mandibuzz, F|
|poke|p2|Zamazenta-*|
|poke|p2|Kingambit, M|
|teampreview
|inactive|Battle timer is ON: inactive players will automatically lose when time's up. (requested by FoodTest6Marker)
|
|t:|1779632679
|teamsize|p1|6
|teamsize|p2|6
|start
|switch|p1a: Swampert|Swampert, M|100/100
|switch|p2a: Porygon-Z|Porygon-Z|100/100
|-ability|p2a: Porygon-Z|Download|boost
|-boost|p2a: Porygon-Z|spa|1
|turn|1
|
|t:|1779632688
|move|p2a: Porygon-Z|Tri Attack|p1a: Swampert
|-damage|p1a: Swampert|14/100
|move|p1a: Swampert|Curse|p1a: Swampert
|-unboost|p1a: Swampert|spe|1
|-boost|p1a: Swampert|atk|1
|-boost|p1a: Swampert|def|1
|
|upkeep
|turn|2
|
|t:|1779632697
|move|p2a: Porygon-Z|Tri Attack|p1a: Swampert
|-damage|p1a: Swampert|0 fnt
|faint|p1a: Swampert
|
|upkeep
|
|t:|1779632710
|switch|p1a: Zamazenta|Zamazenta|100/100
|-ability|p1a: Zamazenta|Dauntless Shield|boost
|-boost|p1a: Zamazenta|def|1
|turn|3
|
|t:|1779632714
|-terastallize|p2a: Porygon-Z|Ghost
|move|p1a: Zamazenta|Iron Defense|p1a: Zamazenta
|-boost|p1a: Zamazenta|def|2
|move|p2a: Porygon-Z|Tri Attack|p1a: Zamazenta
|-damage|p1a: Zamazenta|37/100
|
|-heal|p1a: Zamazenta|43/100|[from] item: Leftovers
|upkeep
|turn|4
|
|t:|1779632724
|move|p2a: Porygon-Z|Tri Attack|p1a: Zamazenta
|-damage|p1a: Zamazenta|0 fnt
|faint|p1a: Zamazenta
|
|upkeep
|
|t:|1779632734
|switch|p1a: Garganacl|Garganacl, F|100/100
|turn|5
|
|t:|1779632743
|move|p2a: Porygon-Z|Tri Attack|p1a: Garganacl
|-resisted|p1a: Garganacl
|-damage|p1a: Garganacl|56/100
|move|p1a: Garganacl|Earthquake|p2a: Porygon-Z
|-damage|p2a: Porygon-Z|64/100
|
|-heal|p1a: Garganacl|62/100|[from] item: Leftovers
|upkeep
|turn|6
|
|t:|1779632751
|switch|p2a: Mandibuzz|Mandibuzz, F|100/100
|move|p1a: Garganacl|Recover|p1a: Garganacl
|-heal|p1a: Garganacl|100/100
|
|upkeep
|turn|7
|
|t:|1779632757
|move|p2a: Mandibuzz|Toxic|p1a: Garganacl
|-immune|p1a: Garganacl|[from] ability: Purifying Salt
|move|p1a: Garganacl|Salt Cure|p2a: Mandibuzz
|-supereffective|p2a: Mandibuzz
|-damage|p2a: Mandibuzz|80/100
|-start|p2a: Mandibuzz|Salt Cure
|
|-damage|p2a: Mandibuzz|68/100|[from] Salt Cure
|upkeep
|turn|8
|
|t:|1779632764
|move|p2a: Mandibuzz|U-turn|p1a: Garganacl
|-damage|p1a: Garganacl|94/100
|
|t:|1779632768
|switch|p2a: Zamazenta|Zamazenta|100/100|[from] U-turn
|-ability|p2a: Zamazenta|Dauntless Shield|boost
|-boost|p2a: Zamazenta|def|1
|move|p1a: Garganacl|Curse|p1a: Garganacl
|-unboost|p1a: Garganacl|spe|1
|-boost|p1a: Garganacl|atk|1
|-boost|p1a: Garganacl|def|1
|
|-heal|p1a: Garganacl|100/100|[from] item: Leftovers
|upkeep
|turn|9
|
|t:|1779632790
|move|p2a: Zamazenta|Iron Defense|p2a: Zamazenta
|-boost|p2a: Zamazenta|def|2
|move|p1a: Garganacl|Curse|p1a: Garganacl
|-unboost|p1a: Garganacl|spe|1
|-boost|p1a: Garganacl|atk|1
|-boost|p1a: Garganacl|def|1
|
|upkeep
|turn|10
|inactive|eusoubrasileirouu has 120 seconds left.
|
|t:|1779632827
|move|p2a: Zamazenta|Substitute|p2a: Zamazenta
|-start|p2a: Zamazenta|Substitute
|-damage|p2a: Zamazenta|75/100
|move|p1a: Garganacl|Salt Cure|p2a: Zamazenta
|-resisted|p2a: Zamazenta
|-activate|p2a: Zamazenta|move: Substitute|[damage]
|
|-heal|p2a: Zamazenta|82/100|[from] item: Leftovers
|upkeep
|turn|11
|
|t:|1779632835
|move|p2a: Zamazenta|Iron Defense|p2a: Zamazenta
|-boost|p2a: Zamazenta|def|2
|move|p1a: Garganacl|Earthquake|p2a: Zamazenta
|-activate|p2a: Zamazenta|move: Substitute|[damage]
|
|-heal|p2a: Zamazenta|88/100|[from] item: Leftovers
|upkeep
|turn|12
|
|t:|1779632844
|move|p2a: Zamazenta|Iron Defense|p2a: Zamazenta
|-boost|p2a: Zamazenta|def|1
|move|p1a: Garganacl|Curse|p1a: Garganacl
|-unboost|p1a: Garganacl|spe|1
|-boost|p1a: Garganacl|atk|1
|-boost|p1a: Garganacl|def|1
|
|-heal|p2a: Zamazenta|94/100|[from] item: Leftovers
|upkeep
|turn|13
|inactive|eusoubrasileirouu has 120 seconds left.
|
|t:|1779632853
|move|p2a: Zamazenta|Body Press|p1a: Garganacl
|-supereffective|p1a: Garganacl
|-damage|p1a: Garganacl|36/100
|move|p1a: Garganacl|Salt Cure|p2a: Zamazenta
|-resisted|p2a: Zamazenta
|-activate|p2a: Zamazenta|move: Substitute|[damage]
|
|-heal|p2a: Zamazenta|99/100|[from] item: Leftovers
|-heal|p1a: Garganacl|42/100|[from] item: Leftovers
|upkeep
|turn|14
|
|t:|1779632862
|move|p2a: Zamazenta|Body Press|p1a: Garganacl
|-supereffective|p1a: Garganacl
|-damage|p1a: Garganacl|0 fnt
|faint|p1a: Garganacl
|
|-heal|p2a: Zamazenta|100/100|[from] item: Leftovers
|upkeep
|inactive|eusoubrasileirouu has 120 seconds left.
|
|t:|1779632876
|switch|p1a: Primarina|Primarina, M|100/100
|turn|15
|
|t:|1779632884
|-terastallize|p1a: Primarina|Steel
|move|p2a: Zamazenta|Body Press|p1a: Primarina
|-supereffective|p1a: Primarina
|-damage|p1a: Primarina|0 fnt
|faint|p1a: Primarina
|
|upkeep
|
|t:|1779632893
|switch|p1a: Zapdos|Zapdos|100/100
|turn|16
|c|☆FoodTest6Marker|???
|
|t:|1779632902
|move|p2a: Zamazenta|Body Press|p1a: Zapdos
|-resisted|p1a: Zapdos
|-damage|p1a: Zapdos|0 fnt
|faint|p1a: Zapdos
|
|upkeep
|
|t:|1779632908
|switch|p1a: Great Tusk|Great Tusk|100/100
|turn|17
|
|t:|1779632913
|move|p2a: Zamazenta|Body Press|p1a: Great Tusk
|-damage|p1a: Great Tusk|0 fnt
|faint|p1a: Great Tusk
|-end|p1a: Great Tusk|Protosynthesis|[silent]
|
|win|FoodTest6Marker
|raw|eusoubrasileirouu's rating: 1068 &rarr; <strong>1050</strong><br />(-18 for losing)
|raw|FoodTest6Marker's rating: 1106 &rarr; <strong>1128</strong><br />(+22 for winning)
|l|☆eusoubrasileirouu
|player|p1|
|l|☆FoodTest6Marker
|player|p2|
