|j|☆morebile
|j|☆claudechamp
|t:|1779682946
|gametype|singles
|player|p1|morebile|169|1270
|player|p2|claudechamp|170|1271
|gen|9
|tier|[Gen 9] OU
|rated|
|rule|HP Percentage Mod: HP is shown in percentages
|rule|Endless Battle Clause: Forcing endless battles is banned
|rule|Species Clause: Limit one of each Pokémon
|rule|OHKO Clause: OHKO moves are banned
|rule|Evasion Items Clause: Evasion items are banned
|rule|Evasion Moves Clause: Evasion moves are banned
|rule|Evasion Abilities Clause: Evasion abilities are banned
|rule|Sleep Moves Clause: Sleep-inducing moves are banned
|clearpoke
|poke|p1|Great Tusk|
|poke|p1|Gholdengo|
|poke|p1|Dragapult, F|
|poke|p1|Iron Valiant|
|poke|p1|Rotom-Wash|
|poke|p1|Kingambit, F|
|poke|p2|Gliscor, F|
|poke|p2|Ogerpon, F|
|poke|p2|Walking Wake|
|poke|p2|Blissey, F|
|poke|p2|Corviknight, M|
|poke|p2|Pecharunt|
|teampreview
|c|☆claudechamp|hf
|inactive|Battle timer is ON: inactive players will automatically lose when time's up. (requested by claudechamp)
|
|t:|1779682975
|teamsize|p1|6
|teamsize|p2|6
|start
|switch|p1a: Rotom|Rotom-Wash|100/100
|switch|p2a: Gliscor|Gliscor, F|100/100
|turn|1
|
|t:|1779682986
|move|p2a: Gliscor|Spikes|p1a: Rotom
|-sidestart|p1: morebile|Spikes
|move|p1a: Rotom|Hydro Pump|p2a: Gliscor|[miss]
|-miss|p1a: Rotom|p2a: Gliscor
|
|-status|p2a: Gliscor|tox|[from] item: Toxic Orb
|upkeep
|turn|2
|
|t:|1779682994
|switch|p2a: Walking Wake|Walking Wake|100/100
|move|p1a: Rotom|Hydro Pump|p2a: Walking Wake
|-resisted|p2a: Walking Wake
|-damage|p2a: Walking Wake|90/100
|
|upkeep
|turn|3
|
|t:|1779683003
|move|p2a: Walking Wake|Surf|p1a: Rotom
|-resisted|p1a: Rotom
|-damage|p1a: Rotom|81/100
|move|p1a: Rotom|Volt Switch|p2a: Walking Wake
|-damage|p2a: Walking Wake|62/100
|
|t:|1779683016
|switch|p1a: Gholdengo|Gholdengo|100/100|[from] Volt Switch
|-damage|p1a: Gholdengo|88/100|[from] Spikes
|
|upkeep
|turn|4
|
|t:|1779683024
|-end|p2a: Walking Wake|Protosynthesis|[silent]
|switch|p2a: Blissey|Blissey, F|100/100
|move|p1a: Gholdengo|Thunderbolt|p2a: Blissey
|-damage|p2a: Blissey|84/100
|
|upkeep
|turn|5
|
|t:|1779683032
|switch|p1a: Great Tusk|Great Tusk|100/100
|-damage|p1a: Great Tusk|88/100|[from] Spikes
|-enditem|p1a: Great Tusk|Booster Energy
|-activate|p1a: Great Tusk|ability: Protosynthesis|[fromitem]
|-start|p1a: Great Tusk|protosynthesisdef
|move|p2a: Blissey|Stealth Rock|p1a: Great Tusk
|-sidestart|p1: morebile|move: Stealth Rock
|
|upkeep
|turn|6
|
|t:|1779683043
|move|p1a: Great Tusk|Rapid Spin|p2a: Blissey
|-damage|p2a: Blissey|69/100
|-boost|p1a: Great Tusk|spe|1
|-sideend|p1: morebile|Spikes|[from] move: Rapid Spin|[of] p1a: Great Tusk
|-sideend|p1: morebile|Stealth Rock|[from] move: Rapid Spin|[of] p1a: Great Tusk
|move|p2a: Blissey|Soft-Boiled|p2a: Blissey
|-heal|p2a: Blissey|100/100
|
|upkeep
|turn|7
|
|t:|1779683051
|move|p1a: Great Tusk|Close Combat|p2a: Blissey
|-supereffective|p2a: Blissey
|-damage|p2a: Blissey|0 fnt
|-unboost|p1a: Great Tusk|def|1
|-unboost|p1a: Great Tusk|spd|1
|faint|p2a: Blissey
|
|upkeep
|
|t:|1779683053
|switch|p2a: Walking Wake|Walking Wake|62/100
|turn|8
|
|t:|1779683069
|-end|p1a: Great Tusk|Protosynthesis|[silent]
|switch|p1a: Rotom|Rotom-Wash|81/100
|move|p2a: Walking Wake|Surf|p1a: Rotom
|-resisted|p1a: Rotom
|-damage|p1a: Rotom|61/100
|
|-heal|p1a: Rotom|67/100|[from] item: Leftovers
|upkeep
|turn|9
|
|t:|1779683079
|move|p2a: Walking Wake|Draco Meteor|p1a: Rotom
|-crit|p1a: Rotom
|-damage|p1a: Rotom|0 fnt
|-unboost|p2a: Walking Wake|spa|2
|faint|p1a: Rotom
|
|upkeep
|
|t:|1779683093
|switch|p1a: Iron Valiant|Iron Valiant|100/100
|turn|10
|
|t:|1779683103
|-end|p2a: Walking Wake|Protosynthesis|[silent]
|switch|p2a: Gliscor|Gliscor, F|100/100 tox
|move|p1a: Iron Valiant|Knock Off|p2a: Gliscor
|-damage|p2a: Gliscor|80/100 tox
|-enditem|p2a: Gliscor|Toxic Orb|[from] move: Knock Off|[of] p1a: Iron Valiant
|
|-heal|p2a: Gliscor|92/100 tox|[from] ability: Poison Heal
|upkeep
|turn|11
|inactive|morebile has 120 seconds left.
|
|t:|1779683156
|-end|p1a: Iron Valiant|Quark Drive|[silent]
|switch|p1a: Gholdengo|Gholdengo|88/100
|move|p2a: Gliscor|Earthquake|p1a: Gholdengo
|-supereffective|p1a: Gholdengo
|-damage|p1a: Gholdengo|13/100
|
|-heal|p2a: Gliscor|100/100 tox|[from] ability: Poison Heal
|upkeep
|turn|12
|
|t:|1779683167
|move|p1a: Gholdengo|Shadow Ball|p2a: Gliscor
|-damage|p2a: Gliscor|37/100 tox
|-unboost|p2a: Gliscor|spd|1
|move|p2a: Gliscor|Earthquake|p1a: Gholdengo
|-supereffective|p1a: Gholdengo
|-damage|p1a: Gholdengo|0 fnt
|faint|p1a: Gholdengo
|
|-heal|p2a: Gliscor|49/100 tox|[from] ability: Poison Heal
|upkeep
|inactive|morebile has 90 seconds left.
|
|t:|1779683181
|switch|p1a: Iron Valiant|Iron Valiant|100/100
|turn|13
|
|t:|1779683187
|move|p1a: Iron Valiant|Moonblast|p2a: Gliscor
|-damage|p2a: Gliscor|0 fnt
|faint|p2a: Gliscor
|
|upkeep
|
|t:|1779683190
|switch|p2a: Pecharunt|Pecharunt|100/100
|turn|14
|
|t:|1779683207
|-end|p1a: Iron Valiant|Quark Drive|[silent]
|switch|p1a: Great Tusk|Great Tusk|88/100
|move|p2a: Pecharunt|Malignant Chain|p1a: Great Tusk
|-resisted|p1a: Great Tusk
|-damage|p1a: Great Tusk|68/100
|
|upkeep
|turn|15
|
|t:|1779683216
|move|p1a: Great Tusk|Earthquake|p2a: Pecharunt
|-supereffective|p2a: Pecharunt
|-damage|p2a: Pecharunt|59/100
|move|p2a: Pecharunt|Malignant Chain|p1a: Great Tusk
|-resisted|p1a: Great Tusk
|-damage|p1a: Great Tusk|46/100
|-status|p1a: Great Tusk|tox
|-start|p1a: Great Tusk|confusion|[from] ability: Poison Puppeteer|[of] p2a: Pecharunt
|
|-damage|p1a: Great Tusk|40/100 tox|[from] psn
|upkeep
|turn|16
|
|t:|1779683229
|-activate|p1a: Great Tusk|confusion
|move|p1a: Great Tusk|Stealth Rock|p2a: Pecharunt
|-sidestart|p2: claudechamp|move: Stealth Rock
|move|p2a: Pecharunt|Recover|p2a: Pecharunt
|-heal|p2a: Pecharunt|100/100
|
|-damage|p1a: Great Tusk|28/100 tox|[from] psn
|upkeep
|turn|17
|
|t:|1779683238
|-activate|p1a: Great Tusk|confusion
|move|p1a: Great Tusk|Earthquake|p2a: Pecharunt
|-supereffective|p2a: Pecharunt
|-damage|p2a: Pecharunt|56/100
|move|p2a: Pecharunt|Foul Play|p1a: Great Tusk
|-resisted|p1a: Great Tusk
|-damage|p1a: Great Tusk|20/100 tox
|
|-damage|p1a: Great Tusk|2/100 tox|[from] psn
|upkeep
|turn|18
|
|t:|1779683248
|-activate|p1a: Great Tusk|confusion
|-damage|p1a: Great Tusk|0 fnt|[from] confusion
|faint|p1a: Great Tusk
|-end|p1a: Great Tusk|Protosynthesis|[silent]
|move|p2a: Pecharunt|Recover|p2a: Pecharunt
|-heal|p2a: Pecharunt|100/100
|
|upkeep
|
|t:|1779683263
|switch|p1a: Iron Valiant|Iron Valiant|100/100
|turn|19
|
|t:|1779683268
|move|p1a: Iron Valiant|Knock Off|p2a: Pecharunt
|-supereffective|p2a: Pecharunt
|-damage|p2a: Pecharunt|72/100
|-enditem|p2a: Pecharunt|Heavy-Duty Boots|[from] move: Knock Off|[of] p1a: Iron Valiant
|move|p2a: Pecharunt|Malignant Chain|p1a: Iron Valiant
|-supereffective|p1a: Iron Valiant
|-damage|p1a: Iron Valiant|0 fnt
|faint|p1a: Iron Valiant
|-end|p1a: Iron Valiant|Quark Drive|[silent]
|
|upkeep
|
|t:|1779683285
|switch|p1a: Kingambit|Kingambit, F|100/100
|-activate|p1a: Kingambit|ability: Supreme Overlord
|-start|p1a: Kingambit|fallen4|[silent]
|turn|20
|
|t:|1779683290
|-terastallize|p2a: Pecharunt|Dark
|move|p2a: Pecharunt|Foul Play|p1a: Kingambit
|-resisted|p1a: Kingambit
|-damage|p1a: Kingambit|78/100
|move|p1a: Kingambit|Swords Dance|p1a: Kingambit
|-boost|p1a: Kingambit|atk|2
|
|-heal|p1a: Kingambit|84/100|[from] item: Leftovers
|upkeep
|turn|21
|
|t:|1779683304
|move|p2a: Pecharunt|Foul Play|p1a: Kingambit
|-resisted|p1a: Kingambit
|-damage|p1a: Kingambit|35/100
|move|p1a: Kingambit|Low Kick|p2a: Pecharunt
|-supereffective|p2a: Pecharunt
|-damage|p2a: Pecharunt|51/100
|
|-heal|p1a: Kingambit|41/100|[from] item: Leftovers
|upkeep
|turn|22
|
|t:|1779683318
|move|p2a: Pecharunt|Foul Play|p1a: Kingambit
|-resisted|p1a: Kingambit
|-damage|p1a: Kingambit|0 fnt
|faint|p1a: Kingambit
|-end|p1a: Kingambit|fallen4|[silent]
|
|upkeep
|
|t:|1779683324
|switch|p1a: Dragapult|Dragapult, F|100/100
|turn|23
|
|t:|1779683337
|move|p1a: Dragapult|Draco Meteor|p2a: Pecharunt
|-damage|p2a: Pecharunt|0 fnt
|-unboost|p1a: Dragapult|spa|2
|faint|p2a: Pecharunt
|
|upkeep
|
|t:|1779683342
|switch|p2a: Ogerpon|Ogerpon, F|100/100
|turn|24
|
|t:|1779683350
|-terastallize|p1a: Dragapult|Dragon
|move|p1a: Dragapult|Draco Meteor|p2a: Ogerpon
|-damage|p2a: Ogerpon|39/100
|-unboost|p1a: Dragapult|spa|2
|move|p2a: Ogerpon|Knock Off|p1a: Dragapult
|-damage|p1a: Dragapult|55/100
|-enditem|p1a: Dragapult|Choice Specs|[from] move: Knock Off|[of] p2a: Ogerpon
|
|upkeep
|turn|25
|
|t:|1779683364
|move|p1a: Dragapult|Flamethrower|p2a: Ogerpon
|-supereffective|p2a: Ogerpon
|-damage|p2a: Ogerpon|20/100
|move|p2a: Ogerpon|U-turn|p1a: Dragapult
|-damage|p1a: Dragapult|20/100
|
|t:|1779683370
|switch|p2a: Corviknight|Corviknight, M|100/100|[from] U-turn
|-ability|p2a: Corviknight|Pressure
|
|upkeep
|turn|26
|
|t:|1779683379
|move|p1a: Dragapult|Flamethrower|p2a: Corviknight
|-supereffective|p2a: Corviknight
|-damage|p2a: Corviknight|81/100
|move|p2a: Corviknight|Body Press|p1a: Dragapult
|-damage|p1a: Dragapult|0 fnt
|faint|p1a: Dragapult
|
|win|claudechamp
|raw|morebile's rating: 1270 &rarr; <strong>1244</strong><br />(-26 for losing)
|raw|claudechamp's rating: 1252 &rarr; <strong>1278</strong><br />(+26 for winning)
|c|☆claudechamp|gg
|l|☆morebile
|player|p1|
