|j|☆greattrainer123
|j|☆Pokechamp0096
|t:|1779634862
|gametype|singles
|player|p1|greattrainer123|2|1178
|player|p2|Pokechamp0096|265|1249
|gen|9
|tier|[Gen 9] OU
|rated|
|rule|HP Percentage Mod: HP is shown in percentages
|rule|Endless Battle Clause: Forcing endless battles is banned
|rule|Species Clause: Limit one of each Pokémon
|rule|OHKO Clause: OHKO moves are banned
|rule|Evasion Items Clause: Evasion items are banned
|rule|Evasion Moves Clause: Evasion moves are banned
|rule|Evasion Abilities Clause: Evasion abilities are banned
|rule|Sleep Moves Clause: Sleep-inducing moves are banned
|clearpoke
|poke|p1|Lokix, F|
|poke|p1|Barraskewda, F|
|poke|p1|Cinderace, M|
|poke|p1|Forretress, M|
|poke|p1|Milotic, F|
|poke|p1|Iron Crown|
|poke|p2|Kingambit, M|
|poke|p2|Dragonite, M|
|poke|p2|Gliscor, M|
|poke|p2|Samurott-Hisui, F|
|poke|p2|Iron Valiant|
|poke|p2|Heatran, M|
|teampreview
|inactive|Battle timer is ON: inactive players will automatically lose when time's up. (requested by Pokechamp0096)
|
|t:|1779634877
|teamsize|p1|6
|teamsize|p2|6
|start
|switch|p1a: Lokix|Lokix, F|100/100
|switch|p2a: Samurott|Samurott-Hisui, F|100/100
|turn|1
|inactive|Pokechamp0096 has 120 seconds left.
|
|t:|1779634908
|move|p2a: Samurott|Sacred Sword|p1a: Lokix
|-damage|p1a: Lokix|51/100
|move|p1a: Lokix|U-turn|p2a: Samurott
|-supereffective|p2a: Samurott
|-enditem|p2a: Samurott|Focus Sash
|-damage|p2a: Samurott|1/100
|
|t:|1779634921
|switch|p1a: Barraskewda|Barraskewda, F|100/100|[from] U-turn
|
|upkeep
|turn|2
|
|t:|1779634928
|move|p1a: Barraskewda|Aqua Jet|p2a: Samurott
|-resisted|p2a: Samurott
|-damage|p2a: Samurott|0 fnt
|faint|p2a: Samurott
|
|upkeep
|
|t:|1779634934
|switch|p2a: Iron Valiant|Iron Valiant|100/100
|-enditem|p2a: Iron Valiant|Booster Energy
|-activate|p2a: Iron Valiant|ability: Quark Drive|[fromitem]
|-start|p2a: Iron Valiant|quarkdrivespe
|turn|3
|
|t:|1779634943
|switch|p1a: Iron Crown|Iron Crown|100/100
|move|p2a: Iron Valiant|Thunderbolt|p1a: Iron Crown
|-damage|p1a: Iron Crown|68/100
|
|upkeep
|turn|4
|
|t:|1779634955
|-end|p2a: Iron Valiant|Quark Drive|[silent]
|switch|p2a: Dragonite|Dragonite, M|100/100
|move|p1a: Iron Crown|Tachyon Cutter|p2a: Dragonite
|-damage|p2a: Dragonite|85/100
|-damage|p2a: Dragonite|59/100
|-hitcount|p2a: Dragonite|2
|
|upkeep
|turn|5
|
|t:|1779634975
|-end|p1a: Iron Crown|Quark Drive|[silent]
|switch|p1a: Forretress|Forretress, M|100/100
|move|p2a: Dragonite|Earthquake|p1a: Forretress
|-damage|p1a: Forretress|78/100
|
|-heal|p1a: Forretress|84/100|[from] item: Leftovers
|upkeep
|turn|6
|
|t:|1779634985
|-terastallize|p2a: Dragonite|Fire
|move|p2a: Dragonite|Fire Punch|p1a: Forretress
|-supereffective|p1a: Forretress
|-damage|p1a: Forretress|0 fnt
|faint|p1a: Forretress
|
|upkeep
|
|t:|1779634992
|switch|p1a: Barraskewda|Barraskewda, F|100/100
|turn|7
|
|t:|1779634998
|switch|p2a: Iron Valiant|Iron Valiant|100/100
|move|p1a: Barraskewda|Flip Turn|p2a: Iron Valiant
|-damage|p2a: Iron Valiant|34/100
|
|t:|1779635003
|switch|p1a: Iron Crown|Iron Crown|68/100|[from] Flip Turn
|
|upkeep
|turn|8
|
|t:|1779635014
|move|p1a: Iron Crown|Psychic Noise|p2a: Iron Valiant
|-supereffective|p2a: Iron Valiant
|-damage|p2a: Iron Valiant|0 fnt
|faint|p2a: Iron Valiant
|-end|p2a: Iron Valiant|Quark Drive|[silent]
|
|upkeep
|
|t:|1779635022
|switch|p2a: Gliscor|Gliscor, M|100/100
|turn|9
|
|t:|1779635026
|move|p1a: Iron Crown|Psychic Noise|p2a: Gliscor
|-damage|p2a: Gliscor|52/100
|-start|p2a: Gliscor|move: Heal Block
|move|p2a: Gliscor|Earthquake|p1a: Iron Crown
|-supereffective|p1a: Iron Crown
|-damage|p1a: Iron Crown|0 fnt
|faint|p1a: Iron Crown
|-end|p1a: Iron Crown|Quark Drive|[silent]
|
|-status|p2a: Gliscor|tox|[from] item: Toxic Orb
|upkeep
|
|t:|1779635039
|switch|p1a: Barraskewda|Barraskewda, F|100/100
|turn|10
|
|t:|1779635045
|-terastallize|p1a: Barraskewda|Water
|move|p1a: Barraskewda|Liquidation|p2a: Gliscor
|-supereffective|p2a: Gliscor
|-damage|p2a: Gliscor|0 fnt
|faint|p2a: Gliscor
|
|upkeep
|
|t:|1779635053
|switch|p2a: Heatran|Heatran, M|100/100
|-item|p2a: Heatran|Air Balloon
|turn|11
|
|t:|1779635061
|move|p1a: Barraskewda|Liquidation|p2a: Heatran
|-supereffective|p2a: Heatran
|-damage|p2a: Heatran|0 fnt
|-enditem|p2a: Heatran|Air Balloon
|faint|p2a: Heatran
|
|upkeep
|
|t:|1779635068
|switch|p2a: Dragonite|Dragonite, M, tera:Fire|59/100
|turn|12
|
|t:|1779635073
|move|p1a: Barraskewda|Liquidation|p2a: Dragonite
|-supereffective|p2a: Dragonite
|-damage|p2a: Dragonite|0 fnt
|faint|p2a: Dragonite
|
|upkeep
|
|t:|1779635079
|switch|p2a: Kingambit|Kingambit, M|100/100
|-activate|p2a: Kingambit|ability: Supreme Overlord
|-start|p2a: Kingambit|fallen5|[silent]
|turn|13
|
|t:|1779635085
|switch|p1a: Milotic|Milotic, F|100/100
|move|p2a: Kingambit|Sucker Punch||[still]
|-fail|p2a: Kingambit
|
|upkeep
|turn|14
|
|t:|1779635093
|move|p1a: Milotic|Flip Turn|p2a: Kingambit
|-damage|p2a: Kingambit|91/100
|
|t:|1779635107
|switch|p1a: Cinderace|Cinderace, M|100/100|[from] Flip Turn
|move|p2a: Kingambit|Swords Dance|p2a: Kingambit
|-boost|p2a: Kingambit|atk|2
|
|upkeep
|turn|15
|
|t:|1779635116
|move|p1a: Cinderace|Sucker Punch|p2a: Kingambit
|-start|p1a: Cinderace|typechange|Dark|[from] ability: Libero
|-resisted|p2a: Kingambit
|-damage|p2a: Kingambit|73/100
|move|p2a: Kingambit|Sucker Punch||[still]
|-fail|p2a: Kingambit
|
|upkeep
|turn|16
|
|t:|1779635128
|switch|p1a: Milotic|Milotic, F|100/100
|move|p2a: Kingambit|Brick Break|p1a: Milotic
|-damage|p1a: Milotic|10/100
|
|-heal|p1a: Milotic|16/100|[from] item: Leftovers
|upkeep
|turn|17
|
|t:|1779635136
|move|p1a: Milotic|Haze|p1a: Milotic
|-clearallboost
|move|p2a: Kingambit|Kowtow Cleave|p1a: Milotic
|-damage|p1a: Milotic|0 fnt
|faint|p1a: Milotic
|
|upkeep
|
|t:|1779635142
|switch|p1a: Lokix|Lokix, F|51/100
|turn|18
|
|t:|1779635150
|move|p1a: Lokix|First Impression|p2a: Kingambit
|-damage|p2a: Kingambit|23/100
|move|p2a: Kingambit|Brick Break|p1a: Lokix
|-damage|p1a: Lokix|0 fnt
|faint|p1a: Lokix
|
|upkeep
|
|t:|1779635155
|switch|p1a: Barraskewda|Barraskewda, F, tera:Water|100/100
|turn|19
|
|t:|1779635160
|move|p1a: Barraskewda|Aqua Jet|p2a: Kingambit
|-damage|p2a: Kingambit|0 fnt
|faint|p2a: Kingambit
|-end|p2a: Kingambit|fallen5|[silent]
|
|win|greattrainer123
|raw|greattrainer123's rating: 1178 &rarr; <strong>1208</strong><br />(+30 for winning)
|raw|Pokechamp0096's rating: 1249 &rarr; <strong>1219</strong><br />(-30 for losing)
|l|☆greattrainer123
|player|p1|
|l|☆Pokechamp0096
|player|p2|
