|j|☆hennyhardaway1
|j|☆Kogasscarf
|t:|1779598886
|gametype|singles
|player|p1|hennyhardaway1|morty|1318
|player|p2|Kogasscarf|koga|1374
|gen|9
|tier|[Gen 9] OU
|rated|
|rule|HP Percentage Mod: HP is shown in percentages
|rule|Endless Battle Clause: Forcing endless battles is banned
|rule|Species Clause: Limit one of each Pokémon
|rule|OHKO Clause: OHKO moves are banned
|rule|Evasion Items Clause: Evasion items are banned
|rule|Evasion Moves Clause: Evasion moves are banned
|rule|Evasion Abilities Clause: Evasion abilities are banned
|rule|Sleep Moves Clause: Sleep-inducing moves are banned
|clearpoke
|poke|p1|Clefable, F|
|poke|p1|Araquanid, M|
|poke|p1|Dragonite, M|
|poke|p1|Great Tusk|
|poke|p1|Kingambit, M|
|poke|p1|Dragapult, F|
|poke|p2|Zamazenta-*|
|poke|p2|Weavile, F|
|poke|p2|Enamorus, F|
|poke|p2|Cinderace, F|
|poke|p2|Latias, F|
|poke|p2|Iron Treads|
|teampreview
|inactive|Battle timer is ON: inactive players will automatically lose when time's up. (requested by Kogasscarf)
|
|t:|1779598894
|teamsize|p1|6
|teamsize|p2|6
|start
|switch|p1a: Dragapult|Dragapult, F|100/100
|switch|p2a: Enamorus|Enamorus, F|100/100
|turn|1
|
|t:|1779598900
|switch|p1a: Clefable|Clefable, F|100/100
|move|p2a: Enamorus|Calm Mind|p2a: Enamorus
|-boost|p2a: Enamorus|spa|1
|-boost|p2a: Enamorus|spd|1
|
|upkeep
|turn|2
|
|t:|1779598906
|move|p2a: Enamorus|Moonblast|p1a: Clefable
|-damage|p1a: Clefable|48/100
|-unboost|p1a: Clefable|spa|1
|move|p1a: Clefable|Stealth Rock|p2a: Enamorus
|-sidestart|p2: Kogasscarf|move: Stealth Rock
|
|-heal|p1a: Clefable|54/100|[from] item: Leftovers
|upkeep
|turn|3
|
|t:|1779598913
|move|p2a: Enamorus|Moonblast|p1a: Clefable
|-damage|p1a: Clefable|7/100
|move|p1a: Clefable|Wish|p1a: Clefable
|
|-heal|p1a: Clefable|13/100|[from] item: Leftovers
|upkeep
|turn|4
|
|t:|1779598919
|move|p2a: Enamorus|Calm Mind|p2a: Enamorus
|-boost|p2a: Enamorus|spa|1
|-boost|p2a: Enamorus|spd|1
|move|p1a: Clefable|Moonblast|p2a: Enamorus
|-damage|p2a: Enamorus|85/100
|
|-heal|p1a: Clefable|63/100|[from] move: Wish|[wisher] Clefable
|-heal|p1a: Clefable|69/100|[from] item: Leftovers
|upkeep
|turn|5
|
|t:|1779598926
|move|p2a: Enamorus|Moonblast|p1a: Clefable
|-damage|p1a: Clefable|0 fnt
|faint|p1a: Clefable
|
|upkeep
|
|t:|1779598934
|switch|p1a: Dragonite|Dragonite, M|100/100
|turn|6
|
|t:|1779598942
|-terastallize|p1a: Dragonite|Steel
|move|p2a: Enamorus|Moonblast|p1a: Dragonite
|-resisted|p1a: Dragonite
|-crit|p1a: Dragonite
|-damage|p1a: Dragonite|61/100
|move|p1a: Dragonite|Dragon Dance|p1a: Dragonite
|-boost|p1a: Dragonite|atk|1
|-boost|p1a: Dragonite|spe|1
|
|upkeep
|turn|7
|
|t:|1779598950
|move|p1a: Dragonite|Iron Head|p2a: Enamorus
|-supereffective|p2a: Enamorus
|-damage|p2a: Enamorus|0 fnt
|faint|p2a: Enamorus
|
|upkeep
|
|t:|1779598955
|switch|p2a: Zamazenta|Zamazenta|100/100
|-damage|p2a: Zamazenta|94/100|[from] Stealth Rock
|-ability|p2a: Zamazenta|Dauntless Shield|boost
|-boost|p2a: Zamazenta|def|1
|turn|8
|
|t:|1779598969
|switch|p1a: Araquanid|Araquanid, M|100/100
|move|p2a: Zamazenta|Crunch|p1a: Araquanid
|-damage|p1a: Araquanid|75/100
|
|-heal|p2a: Zamazenta|100/100|[from] item: Leftovers
|upkeep
|turn|9
|
|t:|1779598976
|move|p2a: Zamazenta|Iron Defense|p2a: Zamazenta
|-boost|p2a: Zamazenta|def|2
|move|p1a: Araquanid|Surf|p2a: Zamazenta
|-damage|p2a: Zamazenta|73/100
|
|-heal|p2a: Zamazenta|79/100|[from] item: Leftovers
|upkeep
|turn|10
|
|t:|1779598981
|move|p2a: Zamazenta|Iron Defense|p2a: Zamazenta
|-boost|p2a: Zamazenta|def|2
|move|p1a: Araquanid|Surf|p2a: Zamazenta
|-damage|p2a: Zamazenta|49/100
|
|-heal|p2a: Zamazenta|55/100|[from] item: Leftovers
|upkeep
|turn|11
|
|t:|1779598984
|move|p2a: Zamazenta|Body Press|p1a: Araquanid
|-resisted|p1a: Araquanid
|-crit|p1a: Araquanid
|-damage|p1a: Araquanid|0 fnt
|faint|p1a: Araquanid
|
|-heal|p2a: Zamazenta|61/100|[from] item: Leftovers
|upkeep
|
|t:|1779598991
|switch|p1a: Dragapult|Dragapult, F|100/100
|turn|12
|
|t:|1779598993
|move|p1a: Dragapult|Draco Meteor|p2a: Zamazenta
|-damage|p2a: Zamazenta|0 fnt
|-unboost|p1a: Dragapult|spa|2
|faint|p2a: Zamazenta
|
|upkeep
|
|t:|1779598997
|switch|p2a: Latias|Latias, F|100/100
|-damage|p2a: Latias|88/100|[from] Stealth Rock
|turn|13
|
|t:|1779599003
|switch|p1a: Kingambit|Kingambit, M|100/100
|-activate|p1a: Kingambit|ability: Supreme Overlord
|-start|p1a: Kingambit|fallen2|[silent]
|move|p2a: Latias|Calm Mind|p2a: Latias
|-boost|p2a: Latias|spa|1
|-boost|p2a: Latias|spd|1
|
|upkeep
|turn|14
|
|t:|1779599010
|-terastallize|p2a: Latias|Fairy
|move|p2a: Latias|Aura Sphere|p1a: Kingambit
|-supereffective|p1a: Kingambit
|-damage|p1a: Kingambit|0 fnt
|faint|p1a: Kingambit
|-end|p1a: Kingambit|fallen2|[silent]
|
|upkeep
|
|t:|1779599016
|switch|p1a: Dragonite|Dragonite, M, tera:Steel|61/100
|turn|15
|-message|hennyhardaway1 forfeited.
|
|win|Kogasscarf
|raw|hennyhardaway1's rating: 1318 &rarr; <strong>1301</strong><br />(-17 for losing)
|raw|Kogasscarf's rating: 1374 &rarr; <strong>1391</strong><br />(+17 for winning)
|l|☆hennyhardaway1
|player|p1|
|l|☆Kogasscarf
|player|p2|
