|j|☆thekid431
|j|☆ChillLanturnYT
|t:|1779720328
|gametype|singles
|player|p1|thekid431|101|1090
|player|p2|ChillLanturnYT|palmer|1134
|gen|9
|tier|[Gen 9] OU
|rated|
|rule|HP Percentage Mod: HP is shown in percentages
|rule|Endless Battle Clause: Forcing endless battles is banned
|rule|Species Clause: Limit one of each Pokémon
|rule|OHKO Clause: OHKO moves are banned
|rule|Evasion Items Clause: Evasion items are banned
|rule|Evasion Moves Clause: Evasion moves are banned
|rule|Evasion Abilities Clause: Evasion abilities are banned
|rule|Sleep Moves Clause: Sleep-inducing moves are banned
|clearpoke
|poke|p1|Darkrai|
|poke|p1|Meganium, M|
|poke|p1|Milotic, F|
|poke|p1|Regieleki|
|poke|p1|Zamazenta-*|
|poke|p1|Moltres|
|poke|p2|Feraligatr, M|
|poke|p2|Sawsbuck-Summer, F|
|poke|p2|Gholdengo|
|poke|p2|Iron Treads|
|poke|p2|Weezing-Galar, F|
|poke|p2|Milotic, M|
|teampreview
|inactive|Battle timer is ON: inactive players will automatically lose when time's up. (requested by ChillLanturnYT)
|
|t:|1779720335
|teamsize|p1|6
|teamsize|p2|6
|start
|switch|p1a: cutie|Meganium, M|100/100
|switch|p2a: Feraligatr|Feraligatr, M|100/100
|turn|1
|
|t:|1779720342
|switch|p2a: Sawsbuck|Sawsbuck-Summer, F|100/100
|move|p1a: cutie|Sunny Day|p1a: cutie
|-weather|SunnyDay
|
|-weather|SunnyDay|[upkeep]
|upkeep
|turn|2
|
|t:|1779720352
|switch|p1a: flare|Moltres|100/100
|move|p2a: Sawsbuck|Swords Dance|p2a: Sawsbuck
|-boost|p2a: Sawsbuck|atk|2
|
|-weather|SunnyDay|[upkeep]
|upkeep
|turn|3
|
|t:|1779720360
|move|p2a: Sawsbuck|Wild Charge|p1a: flare
|-supereffective|p1a: flare
|-damage|p1a: flare|0 fnt
|faint|p1a: flare
|-damage|p2a: Sawsbuck|74/100|[from] Recoil
|
|-weather|SunnyDay|[upkeep]
|-heal|p2a: Sawsbuck|80/100|[from] item: Leftovers
|upkeep
|
|t:|1779720370
|switch|p1a: princesa|Zamazenta|100/100
|-ability|p1a: princesa|Dauntless Shield|boost
|-boost|p1a: princesa|def|1
|turn|4
|
|t:|1779720374
|switch|p2a: Gholdengo|Gholdengo|100/100
|-item|p2a: Gholdengo|Air Balloon
|move|p1a: princesa|Iron Defense|p1a: princesa
|-boost|p1a: princesa|def|2
|
|-weather|SunnyDay|[upkeep]
|upkeep
|turn|5
|
|t:|1779720383
|move|p1a: princesa|Crunch|p2a: Gholdengo
|-supereffective|p2a: Gholdengo
|-damage|p2a: Gholdengo|53/100
|-enditem|p2a: Gholdengo|Air Balloon
|move|p2a: Gholdengo|Make It Rain|p1a: princesa
|-damage|p1a: princesa|46/100
|-unboost|p2a: Gholdengo|spa|1
|
|-weather|none
|-heal|p1a: princesa|53/100|[from] item: Leftovers
|upkeep
|turn|6
|
|t:|1779720395
|move|p1a: princesa|Crunch|p2a: Gholdengo
|-supereffective|p2a: Gholdengo
|-damage|p2a: Gholdengo|0 fnt
|faint|p2a: Gholdengo
|
|-heal|p1a: princesa|59/100|[from] item: Leftovers
|upkeep
|
|t:|1779720422
|switch|p2a: Weezing|Weezing-Galar, F|100/100
|turn|7
|
|t:|1779720436
|move|p1a: princesa|Iron Defense|p1a: princesa
|-boost|p1a: princesa|def|2
|move|p2a: Weezing|Will-O-Wisp|p1a: princesa
|-status|p1a: princesa|brn
|
|-heal|p1a: princesa|65/100 brn|[from] item: Leftovers
|-damage|p1a: princesa|59/100 brn|[from] brn
|upkeep
|turn|8
|
|t:|1779720452
|move|p1a: princesa|Body Press|p2a: Weezing
|-resisted|p2a: Weezing
|-crit|p2a: Weezing
|-damage|p2a: Weezing|75/100
|move|p2a: Weezing|Strange Steam|p1a: princesa
|-supereffective|p1a: princesa
|-damage|p1a: princesa|15/100 brn
|
|-heal|p1a: princesa|21/100 brn|[from] item: Leftovers
|-heal|p2a: Weezing|81/100|[from] item: Leftovers
|-damage|p1a: princesa|15/100 brn|[from] brn
|upkeep
|turn|9
|
|t:|1779720464
|move|p1a: princesa|Body Press|p2a: Weezing
|-resisted|p2a: Weezing
|-damage|p2a: Weezing|65/100
|move|p2a: Weezing|Strange Steam|p1a: princesa
|-supereffective|p1a: princesa
|-damage|p1a: princesa|0 fnt
|faint|p1a: princesa
|
|-heal|p2a: Weezing|71/100|[from] item: Leftovers
|upkeep
|
|t:|1779720475
|switch|p1a: siren|Milotic, F|100/100
|turn|10
|
|t:|1779720484
|move|p1a: siren|Iron Head|p2a: Weezing
|-supereffective|p2a: Weezing
|-damage|p2a: Weezing|48/100
|move|p2a: Weezing|Will-O-Wisp|p1a: siren
|-status|p1a: siren|brn
|
|-heal|p2a: Weezing|53/100|[from] item: Leftovers
|-damage|p1a: siren|94/100 brn|[from] brn
|upkeep
|turn|11
|
|t:|1779720494
|switch|p2a: Milotic|Milotic, M|100/100
|move|p1a: siren|Surf|p2a: Milotic
|-resisted|p2a: Milotic
|-damage|p2a: Milotic|88/100
|
|-heal|p2a: Milotic|94/100|[from] item: Leftovers
|-damage|p1a: siren|88/100 brn|[from] brn
|upkeep
|turn|12
|
|t:|1779720505
|switch|p1a: sparkboom|Regieleki|100/100
|move|p2a: Milotic|Coil|p2a: Milotic
|-boost|p2a: Milotic|atk|1
|-boost|p2a: Milotic|def|1
|-boost|p2a: Milotic|accuracy|1
|
|-heal|p2a: Milotic|100/100|[from] item: Leftovers
|upkeep
|turn|13
|
|t:|1779720515
|-terastallize|p2a: Milotic|Dragon
|move|p1a: sparkboom|Thunderbolt|p2a: Milotic
|-resisted|p2a: Milotic
|-damage|p2a: Milotic|80/100
|move|p2a: Milotic|Aqua Ring|p2a: Milotic
|-start|p2a: Milotic|Aqua Ring
|
|-heal|p2a: Milotic|86/100|[from] item: Leftovers
|-heal|p2a: Milotic|92/100|[from] Aqua Ring
|upkeep
|turn|14
|
|t:|1779720527
|move|p1a: sparkboom|Thunderbolt|p2a: Milotic
|-resisted|p2a: Milotic
|-crit|p2a: Milotic
|-damage|p2a: Milotic|56/100
|move|p2a: Milotic|Hydro Pump|p1a: sparkboom
|-damage|p1a: sparkboom|19/100
|
|-heal|p2a: Milotic|62/100|[from] item: Leftovers
|-heal|p2a: Milotic|68/100|[from] Aqua Ring
|upkeep
|turn|15
|l|☆thekid431
|inactive|thekid431 disconnected and has a minute to reconnect!
|player|p1|
|inactive|thekid431 has 30 seconds to reconnect!
|inactive|thekid431 has 20 seconds to reconnect!
|inactive|thekid431 has 15 seconds to reconnect!
|inactive|thekid431 has 10 seconds to reconnect!
|inactive|thekid431 has 5 seconds to reconnect!
|-message|thekid431 lost due to inactivity.
|
|win|ChillLanturnYT
|raw|thekid431's rating: 1090 &rarr; <strong>1069</strong><br />(-21 for losing)
|raw|ChillLanturnYT's rating: 1134 &rarr; <strong>1156</strong><br />(+22 for winning)
