|j|☆peddypedster
|j|☆Flarefofo
|t:|1779638697
|gametype|singles
|player|p1|peddypedster|giovanni-masters|1483
|player|p2|Flarefofo|169|1383
|gen|9
|tier|[Gen 9] OU
|rated|
|rule|HP Percentage Mod: HP is shown in percentages
|rule|Endless Battle Clause: Forcing endless battles is banned
|rule|Species Clause: Limit one of each Pokémon
|rule|OHKO Clause: OHKO moves are banned
|rule|Evasion Items Clause: Evasion items are banned
|rule|Evasion Moves Clause: Evasion moves are banned
|rule|Evasion Abilities Clause: Evasion abilities are banned
|rule|Sleep Moves Clause: Sleep-inducing moves are banned
|clearpoke
|poke|p1|Indeedee, M|
|poke|p1|Polteageist-Antique|
|poke|p1|Hawlucha, F|
|poke|p1|Primarina, M|
|poke|p1|Iron Valiant|
|poke|p1|Great Tusk|
|poke|p2|Zamazenta-*|
|poke|p2|Pecharunt|
|poke|p2|Moltres|
|poke|p2|Hoopa-Unbound|
|poke|p2|Great Tusk|
|poke|p2|Iron Valiant|
|teampreview
|inactive|Battle timer is ON: inactive players will automatically lose when time's up. (requested by peddypedster)
|
|t:|1779638708
|teamsize|p1|6
|teamsize|p2|6
|start
|switch|p1a: Primarina|Primarina, M|100/100
|switch|p2a: Hoopa|Hoopa-Unbound|100/100
|turn|1
|
|t:|1779638716
|move|p2a: Hoopa|Future Sight|p1a: Primarina
|-start|p2a: Hoopa|move: Future Sight
|move|p1a: Primarina|Moonblast|p2a: Hoopa
|-supereffective|p2a: Hoopa
|-damage|p2a: Hoopa|51/100
|
|upkeep
|turn|2
|
|t:|1779638730
|switch|p2a: Pecharunt|Pecharunt|100/100
|move|p1a: Primarina|Moonblast|p2a: Pecharunt
|-resisted|p2a: Pecharunt
|-damage|p2a: Pecharunt|75/100
|
|upkeep
|turn|3
|
|t:|1779638737
|-terastallize|p1a: Primarina|Steel
|move|p2a: Pecharunt|Malignant Chain|p1a: Primarina
|-immune|p1a: Primarina
|move|p1a: Primarina|Psychic Noise|p2a: Pecharunt
|-supereffective|p2a: Pecharunt
|-damage|p2a: Pecharunt|21/100
|-start|p2a: Pecharunt|move: Heal Block
|
|-end|p1a: Primarina|move: Future Sight
|-resisted|p1a: Primarina
|-damage|p1a: Primarina|79/100
|upkeep
|turn|4
|
|t:|1779638742
|move|p2a: Pecharunt|Parting Shot|p1a: Primarina
|-unboost|p1a: Primarina|atk|1
|-unboost|p1a: Primarina|spa|1
|
|t:|1779638750
|switch|p2a: Hoopa|Hoopa-Unbound|51/100|[from] Parting Shot
|move|p1a: Primarina|Surf|p2a: Hoopa
|-damage|p2a: Hoopa|34/100
|
|upkeep
|turn|5
|
|t:|1779638755
|move|p2a: Hoopa|Knock Off|p1a: Primarina
|-damage|p1a: Primarina|17/100
|-enditem|p1a: Primarina|Assault Vest|[from] move: Knock Off|[of] p2a: Hoopa
|move|p1a: Primarina|Moonblast|p2a: Hoopa
|-supereffective|p2a: Hoopa
|-damage|p2a: Hoopa|0 fnt
|faint|p2a: Hoopa
|
|upkeep
|
|t:|1779638763
|switch|p2a: Moltres|Moltres, shiny|100/100
|turn|6
|
|t:|1779638768
|move|p2a: Moltres|Flamethrower|p1a: Primarina
|-supereffective|p1a: Primarina
|-damage|p1a: Primarina|0 fnt
|faint|p1a: Primarina
|
|upkeep
|
|t:|1779638775
|switch|p1a: Indeedee|Indeedee, M|100/100
|-fieldstart|move: Psychic Terrain|[from] ability: Psychic Surge|[of] p1a: Indeedee
|turn|7
|
|t:|1779638779
|move|p1a: Indeedee|Expanding Force|p2a: Moltres
|-damage|p2a: Moltres|44/100
|move|p2a: Moltres|U-turn|p1a: Indeedee
|-supereffective|p1a: Indeedee
|-damage|p1a: Indeedee|39/100
|
|t:|1779638801
|switch|p2a: Great Tusk|Great Tusk, shiny|100/100|[from] U-turn
|
|upkeep
|turn|8
|inactive|Flarefofo has 120 seconds left.
|
|t:|1779638831
|switch|p1a: Great Tusk|Great Tusk|100/100
|move|p2a: Great Tusk|Knock Off|p1a: Great Tusk
|-resisted|p1a: Great Tusk
|-damage|p1a: Great Tusk|94/100
|-damage|p2a: Great Tusk|84/100|[from] item: Rocky Helmet|[of] p1a: Great Tusk
|-enditem|p1a: Great Tusk|Rocky Helmet|[from] move: Knock Off|[of] p2a: Great Tusk
|
|upkeep
|turn|9
|
|t:|1779638835
|move|p2a: Great Tusk|Stealth Rock|p1a: Great Tusk
|-sidestart|p1: peddypedster|move: Stealth Rock
|move|p1a: Great Tusk|Stealth Rock|p2a: Great Tusk
|-sidestart|p2: Flarefofo|move: Stealth Rock
|
|upkeep
|turn|10
|
|t:|1779638845
|move|p2a: Great Tusk|Rapid Spin|p1a: Great Tusk
|-damage|p1a: Great Tusk|87/100
|-boost|p2a: Great Tusk|spe|1
|-sideend|p2: Flarefofo|Stealth Rock|[from] move: Rapid Spin|[of] p2a: Great Tusk
|move|p1a: Great Tusk|Knock Off|p2a: Great Tusk
|-resisted|p2a: Great Tusk
|-damage|p2a: Great Tusk|76/100
|-enditem|p2a: Great Tusk|Heavy-Duty Boots|[from] move: Knock Off|[of] p1a: Great Tusk
|
|upkeep
|turn|11
|
|t:|1779638850
|-end|p2a: Great Tusk|Protosynthesis|[silent]
|switch|p2a: Pecharunt|Pecharunt|21/100
|move|p1a: Great Tusk|Stealth Rock|p2a: Pecharunt
|-sidestart|p2: Flarefofo|move: Stealth Rock
|
|upkeep
|turn|12
|
|t:|1779638864
|move|p2a: Pecharunt|Recover|p2a: Pecharunt
|-heal|p2a: Pecharunt|71/100
|move|p1a: Great Tusk|Earthquake|p2a: Pecharunt
|-supereffective|p2a: Pecharunt
|-damage|p2a: Pecharunt|28/100
|
|upkeep
|turn|13
|
|t:|1779638872
|move|p2a: Pecharunt|Recover|p2a: Pecharunt
|-heal|p2a: Pecharunt|79/100
|move|p1a: Great Tusk|Earthquake|p2a: Pecharunt
|-supereffective|p2a: Pecharunt
|-damage|p2a: Pecharunt|35/100
|
|upkeep
|turn|14
|
|t:|1779638882
|move|p2a: Pecharunt|Recover|p2a: Pecharunt
|-heal|p2a: Pecharunt|85/100
|move|p1a: Great Tusk|Earthquake|p2a: Pecharunt
|-supereffective|p2a: Pecharunt
|-damage|p2a: Pecharunt|43/100
|
|-fieldend|move: Psychic Terrain
|upkeep
|turn|15
|
|t:|1779638898
|-end|p1a: Great Tusk|Protosynthesis|[silent]
|switch|p1a: Indeedee|Indeedee, M|39/100
|-damage|p1a: Indeedee|27/100|[from] Stealth Rock
|-fieldstart|move: Psychic Terrain|[from] ability: Psychic Surge|[of] p1a: Indeedee
|move|p2a: Pecharunt|Parting Shot|p1a: Indeedee
|-unboost|p1a: Indeedee|atk|1
|-unboost|p1a: Indeedee|spa|1
|
|t:|1779638905
|switch|p2a: Zamazenta|Zamazenta, shiny|100/100|[from] Parting Shot
|-damage|p2a: Zamazenta|94/100|[from] Stealth Rock
|-ability|p2a: Zamazenta|Dauntless Shield|boost
|-boost|p2a: Zamazenta|def|1
|
|-heal|p2a: Zamazenta|100/100|[from] item: Leftovers
|upkeep
|turn|16
|
|t:|1779638914
|switch|p1a: Polteageist|Polteageist-Antique|100/100
|-damage|p1a: Polteageist|88/100|[from] Stealth Rock
|move|p2a: Zamazenta|Crunch|p1a: Polteageist
|-supereffective|p1a: Polteageist
|-damage|p1a: Polteageist|0 fnt
|faint|p1a: Polteageist
|
|upkeep
|
|t:|1779638917
|switch|p1a: Great Tusk|Great Tusk|87/100
|-damage|p1a: Great Tusk|84/100|[from] Stealth Rock
|turn|17
|
|t:|1779638922
|move|p2a: Zamazenta|Iron Defense|p2a: Zamazenta
|-boost|p2a: Zamazenta|def|2
|move|p1a: Great Tusk|Knock Off|p2a: Zamazenta
|-resisted|p2a: Zamazenta
|-damage|p2a: Zamazenta|96/100
|-enditem|p2a: Zamazenta|Leftovers|[from] move: Knock Off|[of] p1a: Great Tusk
|
|upkeep
|turn|18
|
|t:|1779638934
|move|p2a: Zamazenta|Body Press|p1a: Great Tusk
|-crit|p1a: Great Tusk
|-damage|p1a: Great Tusk|21/100
|move|p1a: Great Tusk|Rapid Spin|p2a: Zamazenta
|-damage|p2a: Zamazenta|91/100
|-boost|p1a: Great Tusk|spe|1
|-sideend|p1: peddypedster|Stealth Rock|[from] move: Rapid Spin|[of] p1a: Great Tusk
|
|upkeep
|turn|19
|
|t:|1779638937
|move|p2a: Zamazenta|Body Press|p1a: Great Tusk
|-damage|p1a: Great Tusk|0 fnt
|faint|p1a: Great Tusk
|-end|p1a: Great Tusk|Protosynthesis|[silent]
|
|upkeep
|
|t:|1779638942
|switch|p1a: Iron Valiant|Iron Valiant|100/100
|-enditem|p1a: Iron Valiant|Booster Energy
|-activate|p1a: Iron Valiant|ability: Quark Drive|[fromitem]
|-start|p1a: Iron Valiant|quarkdrivespe
|turn|20
|l|☆Flarefofo
|inactive|Flarefofo disconnected and has a minute to reconnect!
|player|p2|
|j|☆Flarefofo
|inactive|Flarefofo reconnected and has 120 seconds left.
|player|p2|Flarefofo|169|
|inactive|Flarefofo has 90 seconds left.
|inactive|Flarefofo has 60 seconds left.
|inactive|Flarefofo has 30 seconds left.
|inactive|Flarefofo has 20 seconds left.
|inactive|Flarefofo has 15 seconds left.
|inactive|Flarefofo has 10 seconds left.
|
|t:|1779639086
|switch|p2a: Pecharunt|Pecharunt|43/100
|-damage|p2a: Pecharunt|30/100|[from] Stealth Rock
|move|p1a: Iron Valiant|Moonblast|p2a: Pecharunt
|-resisted|p2a: Pecharunt
|-damage|p2a: Pecharunt|5/100
|
|upkeep
|turn|21
|inactive|Flarefofo has 20 seconds left this turn.
|inactive|Flarefofo has 15 seconds left.
|
|t:|1779639095
|move|p1a: Iron Valiant|Moonblast|p2a: Pecharunt
|-resisted|p2a: Pecharunt
|-damage|p2a: Pecharunt|0 fnt
|faint|p2a: Pecharunt
|
|upkeep
|inactive|Flarefofo has 20 seconds left this turn.
|inactive|Flarefofo has 15 seconds left.
|inactive|Flarefofo has 10 seconds left.
|inactive|Flarefofo has 5 seconds left.
|-message|Flarefofo lost due to inactivity.
|
|win|peddypedster
|raw|peddypedster's rating: 1483 &rarr; <strong>1497</strong><br />(+14 for winning)
|raw|Flarefofo's rating: 1383 &rarr; <strong>1369</strong><br />(-14 for losing)
|l|☆Flarefofo
|player|p2|
|l|☆peddypedster
|player|p1|
