|j|☆zeorc
|j|☆emellano
|t:|1779560831
|gametype|singles
|player|p1|zeorc|parasollady-gen4|1472
|player|p2|emellano|170|1499
|gen|9
|tier|[Gen 9] OU
|rated|
|rule|HP Percentage Mod: HP is shown in percentages
|rule|Endless Battle Clause: Forcing endless battles is banned
|rule|Species Clause: Limit one of each Pokémon
|rule|OHKO Clause: OHKO moves are banned
|rule|Evasion Items Clause: Evasion items are banned
|rule|Evasion Moves Clause: Evasion moves are banned
|rule|Evasion Abilities Clause: Evasion abilities are banned
|rule|Sleep Moves Clause: Sleep-inducing moves are banned
|clearpoke
|poke|p1|Slowking-Galar, M|
|poke|p1|Great Tusk|
|poke|p1|Kyurem|
|poke|p1|Kingambit, F|
|poke|p1|Cinderace, F|
|poke|p1|Zapdos|
|poke|p2|Ninetales-Alola, F|
|poke|p2|Weavile, F|
|poke|p2|Haxorus, F|
|poke|p2|Inteleon, F|
|poke|p2|Iron Treads|
|poke|p2|Ceruledge, F|
|teampreview
|
|t:|1779560857
|teamsize|p1|6
|teamsize|p2|6
|start
|switch|p1a: Slowking|Slowking-Galar, M|100/100
|switch|p2a: Inteleon|Inteleon, F|100/100
|turn|1
|
|t:|1779560869
|move|p2a: Inteleon|Light Screen|p2a: Inteleon
|-sidestart|p2: emellano|move: Light Screen
|move|p1a: Slowking|Sludge Bomb|p2a: Inteleon
|-damage|p2a: Inteleon|75/100
|-status|p2a: Inteleon|psn
|
|-damage|p2a: Inteleon|63/100 psn|[from] psn
|upkeep
|turn|2
|
|t:|1779560907
|switch|p2a: Iron Treads|Iron Treads|100/100
|-enditem|p2a: Iron Treads|Booster Energy
|-activate|p2a: Iron Treads|ability: Quark Drive|[fromitem]
|-start|p2a: Iron Treads|quarkdrivespe
|move|p1a: Slowking|Future Sight|p2a: Iron Treads
|-start|p1a: Slowking|move: Future Sight
|
|upkeep
|turn|3
|
|t:|1779560946
|switch|p1a: Great Tusk|Great Tusk|100/100
|move|p2a: Iron Treads|Stealth Rock|p1a: Great Tusk
|-sidestart|p1: zeorc|move: Stealth Rock
|
|upkeep
|turn|4
|
|t:|1779560974
|-terastallize|p2a: Iron Treads|Ghost
|move|p2a: Iron Treads|Earthquake|p1a: Great Tusk
|-damage|p1a: Great Tusk|70/100
|move|p1a: Great Tusk|Rapid Spin|p2a: Iron Treads
|-immune|p2a: Iron Treads
|
|-end|p2a: Iron Treads|move: Future Sight
|-damage|p2a: Iron Treads|70/100
|-heal|p1a: Great Tusk|76/100|[from] item: Leftovers
|upkeep
|turn|5
|
|t:|1779561004
|move|p2a: Iron Treads|Knock Off|p1a: Great Tusk
|-resisted|p1a: Great Tusk
|-damage|p1a: Great Tusk|66/100
|-enditem|p1a: Great Tusk|Leftovers|[from] move: Knock Off|[of] p2a: Iron Treads
|move|p1a: Great Tusk|Headlong Rush|p2a: Iron Treads
|-damage|p2a: Iron Treads|10/100
|-unboost|p1a: Great Tusk|def|1
|-unboost|p1a: Great Tusk|spd|1
|
|upkeep
|turn|6
|
|t:|1779561018
|move|p2a: Iron Treads|Earthquake|p1a: Great Tusk
|-damage|p1a: Great Tusk|13/100
|move|p1a: Great Tusk|Ice Spinner|p2a: Iron Treads
|-damage|p2a: Iron Treads|0 fnt
|faint|p2a: Iron Treads
|-end|p2a: Iron Treads|Quark Drive|[silent]
|
|upkeep
|
|t:|1779561063
|switch|p2a: Inteleon|Inteleon, F|63/100 psn
|turn|7
|
|t:|1779561071
|move|p2a: Inteleon|Scald|p1a: Great Tusk
|-supereffective|p1a: Great Tusk
|-crit|p1a: Great Tusk
|-damage|p1a: Great Tusk|0 fnt
|faint|p1a: Great Tusk
|-end|p1a: Great Tusk|Protosynthesis|[silent]
|
|-damage|p2a: Inteleon|51/100 psn|[from] psn
|upkeep
|
|t:|1779561088
|switch|p1a: Slowking|Slowking-Galar, M|100/100
|-damage|p1a: Slowking|88/100|[from] Stealth Rock
|turn|8
|
|t:|1779561099
|move|p2a: Inteleon|Reflect|p2a: Inteleon
|-sidestart|p2: emellano|Reflect
|move|p1a: Slowking|Future Sight|p2a: Inteleon
|-start|p1a: Slowking|move: Future Sight
|
|-damage|p2a: Inteleon|39/100 psn|[from] psn
|-sideend|p2: emellano|move: Light Screen
|upkeep
|turn|9
|
|t:|1779561109
|move|p2a: Inteleon|Light Screen|p2a: Inteleon
|-sidestart|p2: emellano|move: Light Screen
|-prepare|p1a: Slowking|Chilly Reception|[premajor]
|move|p1a: Slowking|Chilly Reception|p1a: Slowking
|-weather|Snowscape
|
|t:|1779561111
|switch|p1a: Zapdos|Zapdos, shiny|100/100|[from] Chilly Reception
|
|-weather|Snowscape|[upkeep]
|-damage|p2a: Inteleon|26/100 psn|[from] psn
|upkeep
|turn|10
|
|t:|1779561132
|move|p2a: Inteleon|Scald|p1a: Zapdos
|-damage|p1a: Zapdos|56/100
|-status|p1a: Zapdos|brn
|move|p1a: Zapdos|Roost|p1a: Zapdos
|-heal|p1a: Zapdos|100/100 brn
|-singleturn|p1a: Zapdos|move: Roost
|
|-weather|Snowscape|[upkeep]
|-end|p2a: Inteleon|move: Future Sight
|-damage|p2a: Inteleon|0 fnt
|faint|p2a: Inteleon
|-damage|p1a: Zapdos|94/100 brn|[from] brn
|upkeep
|inactive|Battle timer is ON: inactive players will automatically lose when time's up. (requested by emellano)
|
|t:|1779561153
|switch|p2a: Haxorus|Haxorus, F|100/100
|-ability|p2a: Haxorus|Mold Breaker
|turn|11
|
|t:|1779561179
|move|p2a: Haxorus|Dragon Dance|p2a: Haxorus
|-boost|p2a: Haxorus|atk|1
|-boost|p2a: Haxorus|spe|1
|move|p1a: Zapdos|U-turn|p2a: Haxorus
|-damage|p2a: Haxorus|96/100
|inactive|zeorc has 120 seconds left.
|
|t:|1779561217
|switch|p1a: Kyurem|Kyurem|100/100|[from] U-turn
|-damage|p1a: Kyurem|76/100|[from] Stealth Rock
|-ability|p1a: Kyurem|Pressure
|
|-weather|Snowscape|[upkeep]
|upkeep
|turn|12
|
|t:|1779561223
|-terastallize|p1a: Kyurem|Ice
|move|p2a: Haxorus|Outrage|p1a: Kyurem
|-damage|p1a: Kyurem|14/100
|move|p1a: Kyurem|Blizzard|p2a: Haxorus
|-supereffective|p2a: Haxorus
|-damage|p2a: Haxorus|0 fnt
|faint|p2a: Haxorus
|
|-weather|Snowscape|[upkeep]
|upkeep
|
|t:|1779561249
|switch|p2a: Weavile|Weavile, F|100/100
|-ability|p2a: Weavile|Pressure
|turn|13
|inactive|zeorc has 90 seconds left.
|
|t:|1779561289
|switch|p1a: Zapdos|Zapdos, shiny|94/100 brn
|move|p2a: Weavile|Swords Dance|p2a: Weavile
|-boost|p2a: Weavile|atk|2
|
|-weather|none
|-damage|p1a: Zapdos|88/100 brn|[from] brn
|upkeep
|turn|14
|inactive|zeorc has 90 seconds left.
|
|t:|1779561296
|move|p2a: Weavile|Triple Axel|p1a: Zapdos
|-supereffective|p1a: Zapdos
|-damage|p1a: Zapdos|59/100 brn
|-supereffective|p1a: Zapdos
|-damage|p1a: Zapdos|7/100 brn
|-status|p2a: Weavile|par|[from] ability: Static|[of] p1a: Zapdos
|-supereffective|p1a: Zapdos
|-damage|p1a: Zapdos|0 fnt
|faint|p1a: Zapdos
|-hitcount|p1: Zapdos|3
|
|upkeep
|inactive|zeorc has 90 seconds left.
|inactive|zeorc has 60 seconds left.
|inactive|zeorc has 30 seconds left.
|
|t:|1779561366
|switch|p1a: Cinderace|Cinderace, F|100/100
|turn|15
|inactive|zeorc has 30 seconds left.
|
|t:|1779561379
|move|p1a: Cinderace|Court Change|p1a: Cinderace
|-swapsideconditions
|-activate|p1a: Cinderace|move: Court Change
|cant|p2a: Weavile|par
|
|-sideend|p1: zeorc|Reflect
|upkeep
|turn|16
|inactive|zeorc has 30 seconds left.
|
|t:|1779561401
|move|p1a: Cinderace|Pyro Ball|p2a: Weavile
|-supereffective|p2a: Weavile
|-damage|p2a: Weavile|0 fnt
|faint|p2a: Weavile
|
|-sideend|p1: zeorc|move: Light Screen
|upkeep
|
|t:|1779561403
|switch|p2a: Ceruledge|Ceruledge, F|100/100
|-damage|p2a: Ceruledge|75/100|[from] Stealth Rock
|-item|p2a: Ceruledge|Air Balloon
|turn|17
|inactive|zeorc has 30 seconds left.
|
|t:|1779561421
|move|p1a: Cinderace|Pyro Ball|p2a: Ceruledge
|-resisted|p2a: Ceruledge
|-damage|p2a: Ceruledge|44/100
|-ability|p2a: Ceruledge|Weak Armor|boost
|-unboost|p2a: Ceruledge|def|1
|-boost|p2a: Ceruledge|spe|2
|-enditem|p2a: Ceruledge|Air Balloon
|move|p2a: Ceruledge|Swords Dance|p2a: Ceruledge
|-boost|p2a: Ceruledge|atk|2
|
|upkeep
|turn|18
|
|t:|1779561431
|move|p2a: Ceruledge|Poltergeist|p1a: Cinderace
|-activate|p1a: Cinderace|move: Poltergeist|Heavy-Duty Boots
|-damage|p1a: Cinderace|0 fnt
|faint|p1a: Cinderace
|
|upkeep
|-message|zeorc forfeited.
|
|win|emellano
|raw|zeorc's rating: 1472 &rarr; <strong>1454</strong><br />(-18 for losing)
|raw|emellano's rating: 1499 &rarr; <strong>1517</strong><br />(+18 for winning)
|l|☆zeorc
|player|p1|
|l|☆emellano
|player|p2|
