|j|☆NoobishTrainerJoe
|j|☆ihymyly
|t:|1779681757
|gametype|singles
|player|p1|NoobishTrainerJoe|170|1615
|player|p2|ihymyly|266|1601
|gen|9
|tier|[Gen 9] OU
|rated|
|rule|HP Percentage Mod: HP is shown in percentages
|rule|Endless Battle Clause: Forcing endless battles is banned
|rule|Species Clause: Limit one of each Pokémon
|rule|OHKO Clause: OHKO moves are banned
|rule|Evasion Items Clause: Evasion items are banned
|rule|Evasion Moves Clause: Evasion moves are banned
|rule|Evasion Abilities Clause: Evasion abilities are banned
|rule|Sleep Moves Clause: Sleep-inducing moves are banned
|clearpoke
|poke|p1|Greninja-*, M|
|poke|p1|Pelipper, F|
|poke|p1|Gholdengo|
|poke|p1|Primarina, F|
|poke|p1|Iron Treads|
|poke|p1|Kingambit, F|
|poke|p2|Darkrai|
|poke|p2|Skarmory, M|
|poke|p2|Great Tusk|
|poke|p2|Latios, M|
|poke|p2|Weavile, M|
|poke|p2|Ogerpon-Wellspring, F|
|teampreview
|
|t:|1779681784
|teamsize|p1|6
|teamsize|p2|6
|start
|switch|p1a: Pelipper|Pelipper, F|100/100
|switch|p2a: Latios|Latios, M|100/100
|-weather|RainDance|[from] ability: Drizzle|[of] p1a: Pelipper
|turn|1
|
|t:|1779681791
|switch|p1a: Primarina|Primarina, F|100/100
|move|p2a: Latios|Calm Mind|p2a: Latios
|-boost|p2a: Latios|spa|1
|-boost|p2a: Latios|spd|1
|
|-weather|RainDance|[upkeep]
|upkeep
|turn|2
|
|t:|1779681796
|move|p2a: Latios|Luster Purge|p1a: Primarina
|-damage|p1a: Primarina|25/100
|move|p1a: Primarina|Moonblast|p2a: Latios
|-supereffective|p2a: Latios
|-damage|p2a: Latios|0 fnt
|faint|p2a: Latios
|
|-weather|RainDance|[upkeep]
|upkeep
|
|t:|1779681803
|switch|p2a: Ogerpon|Ogerpon-Wellspring, F|100/100
|turn|3
|
|t:|1779681820
|move|p2a: Ogerpon|Ivy Cudgel|p1a: Primarina|[anim] Ivy Cudgel Water
|-resisted|p1a: Primarina
|-damage|p1a: Primarina|0 fnt
|faint|p1a: Primarina
|
|-weather|RainDance|[upkeep]
|upkeep
|
|t:|1779681829
|switch|p1a: Pelipper|Pelipper, F|100/100
|turn|4
|
|t:|1779681856
|move|p2a: Ogerpon|Ivy Cudgel|p1a: Pelipper|[anim] Ivy Cudgel Water
|-resisted|p1a: Pelipper
|-damage|p1a: Pelipper|65/100
|move|p1a: Pelipper|U-turn|p2a: Ogerpon
|-supereffective|p2a: Ogerpon
|-damage|p2a: Ogerpon|75/100
|
|t:|1779681868
|switch|p1a: Gholdengo|Gholdengo|100/100|[from] U-turn
|
|-weather|RainDance|[upkeep]
|upkeep
|turn|5
|
|t:|1779681875
|move|p1a: Gholdengo|Shadow Ball|p2a: Ogerpon
|-damage|p2a: Ogerpon|22/100
|move|p2a: Ogerpon|Knock Off|p1a: Gholdengo
|-supereffective|p1a: Gholdengo
|-damage|p1a: Gholdengo|13/100
|-enditem|p1a: Gholdengo|Choice Scarf|[from] move: Knock Off|[of] p2a: Ogerpon
|
|-weather|RainDance|[upkeep]
|upkeep
|turn|6
|
|t:|1779681902
|switch|p1a: Greninja|Greninja, M|100/100
|move|p2a: Ogerpon|Knock Off|p1a: Greninja
|-resisted|p1a: Greninja
|-damage|p1a: Greninja|68/100
|-enditem|p1a: Greninja|Choice Specs|[from] move: Knock Off|[of] p2a: Ogerpon
|
|-weather|RainDance|[upkeep]
|upkeep
|turn|7
|
|t:|1779681916
|switch|p2a: almost*evil*jordan|Darkrai, shiny|100/100
|move|p1a: Greninja|Dark Pulse|p2a: almost*evil*jordan
|-resisted|p2a: almost*evil*jordan
|-damage|p2a: almost*evil*jordan|80/100
|
|-weather|RainDance|[upkeep]
|-heal|p2a: almost*evil*jordan|87/100|[from] item: Leftovers
|upkeep
|turn|8
|
|t:|1779681931
|switch|p2a: Ogerpon|Ogerpon-Wellspring, F|22/100
|switch|p1a: Iron Treads|Iron Treads|100/100
|
|-weather|none
|upkeep
|turn|9
|
|t:|1779681939
|move|p2a: Ogerpon|Ivy Cudgel|p1a: Iron Treads|[anim] Ivy Cudgel Water
|-supereffective|p1a: Iron Treads
|-crit|p1a: Iron Treads
|-damage|p1a: Iron Treads|0 fnt
|faint|p1a: Iron Treads
|-end|p1a: Iron Treads|Quark Drive|[silent]
|
|upkeep
|
|t:|1779681945
|switch|p1a: Greninja|Greninja, M|68/100
|turn|10
|
|t:|1779681954
|move|p1a: Greninja|Surf|p2a: Ogerpon
|-heal|p2a: Ogerpon|47/100|[from] ability: Water Absorb|[of] p1a: Greninja
|move|p2a: Ogerpon|Horn Leech|p1a: Greninja
|-supereffective|p1a: Greninja
|-damage|p1a: Greninja|0 fnt
|-heal|p2a: Ogerpon|79/100|[from] drain|[of] p1a: Greninja
|faint|p1a: Greninja
|
|upkeep
|-message|NoobishTrainerJoe forfeited.
|
|win|ihymyly
|raw|NoobishTrainerJoe's rating: 1615 &rarr; <strong>1594</strong><br />(-21 for losing)
|raw|ihymyly's rating: 1601 &rarr; <strong>1622</strong><br />(+21 for winning)
|l|☆NoobishTrainerJoe
|player|p1|
|l|☆ihymyly
|player|p2|
