|j|☆Kyledes
|j|☆nwalesu
|t:|1779722071
|gametype|singles
|player|p1|Kyledes|1|1361
|player|p2|nwalesu|pokemaniac|1410
|gen|9
|tier|[Gen 9] OU
|rated|
|rule|HP Percentage Mod: HP is shown in percentages
|rule|Endless Battle Clause: Forcing endless battles is banned
|rule|Species Clause: Limit one of each Pokémon
|rule|OHKO Clause: OHKO moves are banned
|rule|Evasion Items Clause: Evasion items are banned
|rule|Evasion Moves Clause: Evasion moves are banned
|rule|Evasion Abilities Clause: Evasion abilities are banned
|rule|Sleep Moves Clause: Sleep-inducing moves are banned
|clearpoke
|poke|p1|Landorus-Therian, M|
|poke|p1|Kyurem|
|poke|p1|Slowking-Galar, F|
|poke|p1|Alomomola, F|
|poke|p1|Gholdengo|
|poke|p1|Iron Treads|
|poke|p2|Dragapult, F|
|poke|p2|Rotom-Heat|
|poke|p2|Clodsire, M|
|poke|p2|Mandibuzz, F|
|poke|p2|Dragonite, M|
|poke|p2|Iron Valiant|
|teampreview
|inactive|Battle timer is ON: inactive players will automatically lose when time's up. (requested by nwalesu)
|
|t:|1779722099
|teamsize|p1|6
|teamsize|p2|6
|start
|switch|p1a: Landorus|Landorus-Therian, M|100/100
|switch|p2a: Dragapult|Dragapult, F|100/100
|-ability|p1a: Landorus|Intimidate|boost
|-unboost|p2a: Dragapult|atk|1
|turn|1
|
|t:|1779722106
|move|p2a: Dragapult|Will-O-Wisp|p1a: Landorus
|-status|p1a: Landorus|brn
|move|p1a: Landorus|Stealth Rock|p2a: Dragapult
|-sidestart|p2: nwalesu|move: Stealth Rock
|
|-damage|p1a: Landorus|94/100 brn|[from] brn
|upkeep
|turn|2
|
|t:|1779722114
|switch|p2a: Mandibuzz|Mandibuzz, F|100/100
|move|p1a: Landorus|U-turn|p2a: Mandibuzz
|-damage|p2a: Mandibuzz|93/100
|
|t:|1779722119
|switch|p1a: Kyurem|Kyurem|100/100|[from] U-turn
|-ability|p1a: Kyurem|Pressure
|
|upkeep
|turn|3
|
|t:|1779722126
|switch|p2a: Rotom|Rotom-Heat|100/100
|move|p1a: Kyurem|Ice Beam|p2a: Rotom
|-resisted|p2a: Rotom
|-crit|p2a: Rotom
|-damage|p2a: Rotom|38/100
|
|upkeep
|turn|4
|
|t:|1779722140
|move|p1a: Kyurem|Ice Beam|p2a: Rotom
|-resisted|p2a: Rotom
|-damage|p2a: Rotom|0 fnt
|faint|p2a: Rotom
|
|upkeep
|
|t:|1779722149
|switch|p2a: Iron Valiant|Iron Valiant|100/100
|-damage|p2a: Iron Valiant|94/100|[from] Stealth Rock
|turn|5
|
|t:|1779722161
|switch|p1a: Landorus|Landorus-Therian, M|94/100 brn
|-ability|p1a: Landorus|Intimidate|boost
|-unboost|p2a: Iron Valiant|atk|1
|move|p2a: Iron Valiant|Knock Off|p1a: Landorus
|-damage|p1a: Landorus|77/100 brn
|-enditem|p1a: Landorus|Leftovers|[from] move: Knock Off|[of] p2a: Iron Valiant
|
|-damage|p1a: Landorus|71/100 brn|[from] brn
|upkeep
|turn|6
|
|t:|1779722174
|-end|p2a: Iron Valiant|Quark Drive|[silent]
|switch|p2a: Dragonite|Dragonite, M|100/100
|move|p1a: Landorus|U-turn|p2a: Dragonite
|-resisted|p2a: Dragonite
|-damage|p2a: Dragonite|97/100
|
|t:|1779722180
|switch|p1a: Kyurem|Kyurem|100/100|[from] U-turn
|-ability|p1a: Kyurem|Pressure
|
|upkeep
|turn|7
|-message|nwalesu forfeited.
|
|win|Kyledes
|raw|Kyledes's rating: 1361 &rarr; <strong>1384</strong><br />(+23 for winning)
|raw|nwalesu's rating: 1410 &rarr; <strong>1387</strong><br />(-23 for losing)
|l|☆nwalesu
|player|p2|
|l|☆Kyledes
|player|p1|
