|j|☆thebacchusbraviary
|j|☆Herris456
|t:|1779589377
|gametype|singles
|player|p1|thebacchusbraviary|winona|1384
|player|p2|Herris456|pryce|1383
|gen|9
|tier|[Gen 9] OU
|rated|
|rule|HP Percentage Mod: HP is shown in percentages
|rule|Endless Battle Clause: Forcing endless battles is banned
|rule|Species Clause: Limit one of each Pokémon
|rule|OHKO Clause: OHKO moves are banned
|rule|Evasion Items Clause: Evasion items are banned
|rule|Evasion Moves Clause: Evasion moves are banned
|rule|Evasion Abilities Clause: Evasion abilities are banned
|rule|Sleep Moves Clause: Sleep-inducing moves are banned
|clearpoke
|poke|p1|Talonflame, M|
|poke|p1|Tyranitar, M|
|poke|p1|Electivire, M|
|poke|p1|Milotic, M|
|poke|p1|Goodra-Hisui, F|
|poke|p1|Sinistcha|
|poke|p2|Kyurem|
|poke|p2|Slowking-Galar, F|
|poke|p2|Cinderace, F|
|poke|p2|Ting-Lu|
|poke|p2|Corviknight, F|
|poke|p2|Dragapult, M|
|teampreview
|inactive|Battle timer is ON: inactive players will automatically lose when time's up. (requested by thebacchusbraviary)
|
|t:|1779589396
|teamsize|p1|6
|teamsize|p2|6
|start
|switch|p1a: Electivire|Electivire, M|100/100
|switch|p2a: Slowking|Slowking-Galar, F, shiny|100/100
|turn|1
|
|t:|1779589404
|move|p1a: Electivire|Earthquake|p2a: Slowking
|-supereffective|p2a: Slowking
|-damage|p2a: Slowking|25/100
|move|p2a: Slowking|Future Sight|p1a: Electivire
|-start|p2a: Slowking|move: Future Sight
|
|upkeep
|turn|2
|
|t:|1779589421
|switch|p2a: Ting-Lu|Ting-Lu|100/100
|-ability|p2a: Ting-Lu|Vessel of Ruin
|move|p1a: Electivire|Earthquake|p2a: Ting-Lu
|-damage|p2a: Ting-Lu|85/100
|
|-heal|p2a: Ting-Lu|92/100|[from] item: Leftovers
|upkeep
|turn|3
|
|t:|1779589431
|switch|p1a: Milotic|Milotic, M|100/100
|move|p2a: Ting-Lu|Ruination|p1a: Milotic
|-damage|p1a: Milotic|50/100
|
|-end|p1a: Milotic|move: Future Sight
|-damage|p1a: Milotic|31/100
|-heal|p1a: Milotic|37/100|[from] item: Leftovers
|-heal|p2a: Ting-Lu|98/100|[from] item: Leftovers
|upkeep
|turn|4
|
|t:|1779589441
|switch|p2a: Slowking|Slowking-Galar, F, shiny|58/100
|move|p1a: Milotic|Recover|p1a: Milotic
|-heal|p1a: Milotic|87/100
|
|-heal|p1a: Milotic|93/100|[from] item: Leftovers
|upkeep
|turn|5
|
|t:|1779589446
|move|p1a: Milotic|Scald|p2a: Slowking
|-damage|p2a: Slowking|41/100
|move|p2a: Slowking|Future Sight|p1a: Milotic
|-start|p2a: Slowking|move: Future Sight
|
|-heal|p1a: Milotic|99/100|[from] item: Leftovers
|upkeep
|turn|6
|
|t:|1779589454
|move|p1a: Milotic|Scald|p2a: Slowking
|-damage|p2a: Slowking|25/100
|move|p2a: Slowking|Sludge Bomb|p1a: Milotic
|-damage|p1a: Milotic|79/100
|
|-heal|p1a: Milotic|86/100|[from] item: Leftovers
|upkeep
|turn|7
|
|t:|1779589461
|move|p1a: Milotic|Scald|p2a: Slowking
|-crit|p2a: Slowking
|-damage|p2a: Slowking|2/100
|-prepare|p2a: Slowking|Chilly Reception|[premajor]
|move|p2a: Slowking|Chilly Reception|p2a: Slowking
|-weather|Snowscape
|
|t:|1779589468
|switch|p2a: Kyurem|Kyurem|100/100|[from] Chilly Reception
|-ability|p2a: Kyurem|Pressure
|
|-weather|Snowscape|[upkeep]
|-end|p1a: Milotic|move: Future Sight
|-damage|p1a: Milotic|60/100
|-heal|p1a: Milotic|66/100|[from] item: Leftovers
|upkeep
|turn|8
|
|t:|1779589471
|switch|p1a: Tyranitar|Tyranitar, M|100/100
|-weather|Sandstorm|[from] ability: Sand Stream|[of] p1a: Tyranitar
|move|p2a: Kyurem|Blizzard|p1a: Tyranitar|[miss]
|-miss|p2a: Kyurem|p1a: Tyranitar
|
|-weather|Sandstorm|[upkeep]
|-damage|p2a: Kyurem|94/100|[from] Sandstorm
|upkeep
|turn|9
|
|t:|1779589476
|switch|p2a: Corviknight|Corviknight, F|100/100
|-ability|p2a: Corviknight|Pressure
|move|p1a: Tyranitar|Knock Off|p2a: Corviknight
|-damage|p2a: Corviknight|66/100
|-damage|p1a: Tyranitar|84/100|[from] item: Rocky Helmet|[of] p2a: Corviknight
|-enditem|p2a: Corviknight|Rocky Helmet|[from] move: Knock Off|[of] p1a: Tyranitar
|
|-weather|Sandstorm|[upkeep]
|upkeep
|turn|10
|
|t:|1779589480
|switch|p1a: Talonflame|Talonflame, M|100/100
|move|p2a: Corviknight|U-turn|p1a: Talonflame
|-resisted|p1a: Talonflame
|-damage|p1a: Talonflame|95/100
|
|t:|1779589496
|switch|p2a: Dragapult|Dragapult, M|100/100|[from] U-turn
|
|-weather|Sandstorm|[upkeep]
|-damage|p2a: Dragapult|95/100|[from] Sandstorm
|-damage|p1a: Talonflame|89/100|[from] Sandstorm
|upkeep
|turn|11
|
|t:|1779589502
|switch|p1a: Milotic|Milotic, M|66/100
|move|p2a: Dragapult|Draco Meteor|p1a: Milotic
|-damage|p1a: Milotic|25/100
|-unboost|p2a: Dragapult|spa|2
|-damage|p2a: Dragapult|85/100|[from] item: Life Orb
|
|-weather|Sandstorm|[upkeep]
|-damage|p2a: Dragapult|79/100|[from] Sandstorm
|-damage|p1a: Milotic|19/100|[from] Sandstorm
|-heal|p1a: Milotic|25/100|[from] item: Leftovers
|upkeep
|turn|12
|
|t:|1779589505
|move|p2a: Dragapult|Dragon Darts|p1a: Milotic
|-damage|p1a: Milotic|0 fnt
|faint|p1a: Milotic
|-damage|p2a: Dragapult|69/100|[from] item: Life Orb
|
|-weather|none
|upkeep
|
|t:|1779589513
|switch|p1a: Goodra|Goodra-Hisui, F|100/100
|turn|13
|
|t:|1779589522
|switch|p2a: Ting-Lu|Ting-Lu|98/100
|-ability|p2a: Ting-Lu|Vessel of Ruin
|move|p1a: Goodra|Flamethrower|p2a: Ting-Lu
|-damage|p2a: Ting-Lu|72/100
|
|-heal|p2a: Ting-Lu|79/100|[from] item: Leftovers
|upkeep
|turn|14
|
|t:|1779589527
|switch|p1a: Sinistcha|Sinistcha|100/100
|move|p2a: Ting-Lu|Ruination|p1a: Sinistcha|[miss]
|-miss|p2a: Ting-Lu|p1a: Sinistcha
|
|-heal|p2a: Ting-Lu|85/100|[from] item: Leftovers
|upkeep
|turn|15
|
|t:|1779589534
|switch|p2a: Slowking|Slowking-Galar, F, shiny|35/100
|move|p1a: Sinistcha|Matcha Gotcha|p2a: Slowking
|-resisted|p2a: Slowking
|-damage|p2a: Slowking|22/100
|
|upkeep
|turn|16
|
|t:|1779589539
|switch|p2a: Ting-Lu|Ting-Lu|85/100
|-ability|p2a: Ting-Lu|Vessel of Ruin
|move|p1a: Sinistcha|Shadow Ball|p2a: Ting-Lu
|-resisted|p2a: Ting-Lu
|-damage|p2a: Ting-Lu|72/100
|
|-heal|p2a: Ting-Lu|79/100|[from] item: Leftovers
|upkeep
|turn|17
|
|t:|1779589553
|switch|p2a: Cinderace|Cinderace, F|100/100
|move|p1a: Sinistcha|Shadow Ball|p2a: Cinderace
|-damage|p2a: Cinderace|45/100
|
|upkeep
|turn|18
|
|t:|1779589557
|move|p2a: Cinderace|U-turn|p1a: Sinistcha
|-crit|p1a: Sinistcha
|-damage|p1a: Sinistcha|72/100
|
|t:|1779589585
|switch|p2a: Dragapult|Dragapult, M|69/100|[from] U-turn
|move|p1a: Sinistcha|Shadow Ball|p2a: Dragapult
|-supereffective|p2a: Dragapult
|-damage|p2a: Dragapult|0 fnt
|faint|p2a: Dragapult
|
|upkeep
|
|t:|1779589593
|switch|p2a: Kyurem|Kyurem|94/100
|-ability|p2a: Kyurem|Pressure
|turn|19
|
|t:|1779589596
|switch|p1a: Tyranitar|Tyranitar, M|84/100
|-weather|Sandstorm|[from] ability: Sand Stream|[of] p1a: Tyranitar
|move|p2a: Kyurem|Blizzard|p1a: Tyranitar|[miss]
|-miss|p2a: Kyurem|p1a: Tyranitar
|
|-weather|Sandstorm|[upkeep]
|-damage|p2a: Kyurem|88/100|[from] Sandstorm
|upkeep
|turn|20
|
|t:|1779589601
|switch|p2a: Corviknight|Corviknight, F|66/100
|-ability|p2a: Corviknight|Pressure
|move|p1a: Tyranitar|Knock Off|p2a: Corviknight
|-damage|p2a: Corviknight|42/100
|
|-weather|Sandstorm|[upkeep]
|upkeep
|turn|21
|
|t:|1779589606
|switch|p1a: Electivire|Electivire, M|100/100
|move|p2a: Corviknight|U-turn|p1a: Electivire
|-damage|p1a: Electivire|79/100
|
|t:|1779589611
|switch|p2a: Slowking|Slowking-Galar, F, shiny|55/100|[from] U-turn
|
|-weather|Sandstorm|[upkeep]
|-damage|p1a: Electivire|73/100|[from] Sandstorm
|-damage|p2a: Slowking|49/100|[from] Sandstorm
|upkeep
|turn|22
|
|t:|1779589621
|move|p1a: Electivire|Earthquake|p2a: Slowking
|-supereffective|p2a: Slowking
|-damage|p2a: Slowking|0 fnt
|faint|p2a: Slowking
|
|-weather|Sandstorm|[upkeep]
|-damage|p1a: Electivire|67/100|[from] Sandstorm
|upkeep
|l|☆Herris456
|inactive|Herris456 disconnected and has a minute to reconnect!
|player|p2|
|inactive|Herris456 has 30 seconds to reconnect!
|inactive|Herris456 has 20 seconds to reconnect!
|inactive|Herris456 has 15 seconds to reconnect!
|inactive|Herris456 has 10 seconds to reconnect!
|inactive|Herris456 has 5 seconds to reconnect!
|-message|Herris456 lost due to inactivity.
|
|win|thebacchusbraviary
|raw|thebacchusbraviary's rating: 1384 &rarr; <strong>1404</strong><br />(+20 for winning)
|raw|Herris456's rating: 1383 &rarr; <strong>1363</strong><br />(-20 for losing)
|l|☆thebacchusbraviary
|player|p1|
