|badge|p2|bronze|gen9ou|100-9
|uhtml|medal-msg|<div class="broadcast-blue">Curious what those medals under the avatar are? PS now has Ladder Seasons! For more information, check out the <a href="https://www.smogon.com/forums/threads/3740067/">thread on Smogon.</a></div>
|j|☆SlimyTime
|j|☆takeyouout
|t:|1779645407
|gametype|singles
|player|p1|SlimyTime|ltsurge|1700
|player|p2|takeyouout|richboy|1772
|gen|9
|tier|[Gen 9] OU
|rated|
|rule|HP Percentage Mod: HP is shown in percentages
|rule|Endless Battle Clause: Forcing endless battles is banned
|rule|Species Clause: Limit one of each Pokémon
|rule|OHKO Clause: OHKO moves are banned
|rule|Evasion Items Clause: Evasion items are banned
|rule|Evasion Moves Clause: Evasion moves are banned
|rule|Evasion Abilities Clause: Evasion abilities are banned
|rule|Sleep Moves Clause: Sleep-inducing moves are banned
|clearpoke
|poke|p1|Dragapult, M|
|poke|p1|Zamazenta-*|
|poke|p1|Darkrai|
|poke|p1|Iron Crown|
|poke|p1|Iron Treads|
|poke|p1|Oricorio-Pom-Pom, M|
|poke|p2|Tyranitar, F|
|poke|p2|Alomomola, F|
|poke|p2|Tornadus-Therian, M|
|poke|p2|Excadrill, M|
|poke|p2|Amoonguss, F|
|poke|p2|Keldeo-Resolute|
|teampreview
|
|t:|1779645416
|teamsize|p1|6
|teamsize|p2|6
|start
|switch|p1a: Iron Treads|Iron Treads|100/100
|switch|p2a: PinkCannon|Alomomola, F, shiny|100/100
|-enditem|p1a: Iron Treads|Booster Energy
|-activate|p1a: Iron Treads|ability: Quark Drive|[fromitem]
|-start|p1a: Iron Treads|quarkdrivespe
|turn|1
|
|t:|1779645426
|move|p1a: Iron Treads|Stealth Rock|p2a: PinkCannon
|-sidestart|p2: takeyouout|move: Stealth Rock
|move|p2a: PinkCannon|Flip Turn|p1a: Iron Treads
|-supereffective|p1a: Iron Treads
|-damage|p1a: Iron Treads|72/100
|
|t:|1779645428
|switch|p2a: Broomhilda|Tyranitar, F, shiny|100/100|[from] Flip Turn
|-weather|Sandstorm|[from] ability: Sand Stream|[of] p2a: Broomhilda
|
|-weather|Sandstorm|[upkeep]
|upkeep
|turn|2
|inactive|Battle timer is ON: inactive players will automatically lose when time's up. (requested by takeyouout)
|
|t:|1779645431
|switch|p2a: PinkCannon|Alomomola, F, shiny|100/100
|-damage|p2a: PinkCannon|88/100|[from] Stealth Rock
|move|p1a: Iron Treads|Knock Off|p2a: PinkCannon
|-damage|p2a: PinkCannon|69/100
|-damage|p1a: Iron Treads|55/100|[from] item: Rocky Helmet|[of] p2a: PinkCannon
|-enditem|p2a: PinkCannon|Rocky Helmet|[from] move: Knock Off|[of] p1a: Iron Treads
|
|-weather|Sandstorm|[upkeep]
|-damage|p2a: PinkCannon|63/100|[from] Sandstorm
|upkeep
|turn|3
|
|t:|1779645440
|-end|p1a: Iron Treads|Quark Drive|[silent]
|switch|p1a: Oricorio|Oricorio-Pom-Pom, M|100/100
|move|p2a: PinkCannon|Flip Turn|p1a: Oricorio
|-damage|p1a: Oricorio|76/100
|
|t:|1779645444
|switch|p2a: Starscream|Excadrill, M|100/100|[from] Flip Turn
|-damage|p2a: Starscream|97/100|[from] Stealth Rock
|
|-weather|Sandstorm|[upkeep]
|-damage|p1a: Oricorio|70/100|[from] Sandstorm
|upkeep
|turn|4
|
|t:|1779645452
|switch|p1a: Zamazenta|Zamazenta|100/100
|-ability|p1a: Zamazenta|Dauntless Shield|boost
|-boost|p1a: Zamazenta|def|1
|move|p2a: Starscream|Iron Head|p1a: Zamazenta
|-damage|p1a: Zamazenta|74/100
|-damage|p2a: Starscream|87/100|[from] item: Life Orb
|
|-weather|Sandstorm|[upkeep]
|-damage|p1a: Zamazenta|68/100|[from] Sandstorm
|upkeep
|turn|5
|
|t:|1779645457
|switch|p2a: 66|Amoonguss, F|100/100
|-damage|p2a: 66|88/100|[from] Stealth Rock
|move|p1a: Zamazenta|Light Screen|p1a: Zamazenta
|-sidestart|p1: SlimyTime|move: Light Screen
|
|-weather|none
|upkeep
|turn|6
|
|t:|1779645475
|switch|p1a: Iron Crown|Iron Crown|100/100
|-enditem|p1a: Iron Crown|Booster Energy
|-activate|p1a: Iron Crown|ability: Quark Drive|[fromitem]
|-start|p1a: Iron Crown|quarkdrivespe
|move|p2a: 66|Toxic|p1a: Iron Crown
|-immune|p1a: Iron Crown
|
|upkeep
|turn|7
|
|t:|1779645479
|move|p1a: Iron Crown|Calm Mind|p1a: Iron Crown
|-boost|p1a: Iron Crown|spa|1
|-boost|p1a: Iron Crown|spd|1
|move|p2a: 66|Foul Play|p1a: Iron Crown
|-supereffective|p1a: Iron Crown
|-damage|p1a: Iron Crown|72/100
|
|upkeep
|turn|8
|
|t:|1779645483
|switch|p2a: Broomhilda|Tyranitar, F, shiny|100/100
|-weather|Sandstorm|[from] ability: Sand Stream|[of] p2a: Broomhilda
|move|p1a: Iron Crown|Calm Mind|p1a: Iron Crown
|-boost|p1a: Iron Crown|spa|1
|-boost|p1a: Iron Crown|spd|1
|
|-weather|Sandstorm|[upkeep]
|upkeep
|turn|9
|
|t:|1779645487
|switch|p2a: PinkCannon|Alomomola, F, shiny|96/100
|-damage|p2a: PinkCannon|84/100|[from] Stealth Rock
|move|p1a: Iron Crown|Tachyon Cutter|p2a: PinkCannon
|-resisted|p2a: PinkCannon
|-damage|p2a: PinkCannon|63/100
|-resisted|p2a: PinkCannon
|-damage|p2a: PinkCannon|43/100
|-hitcount|p2a: PinkCannon|2
|
|-weather|Sandstorm|[upkeep]
|-damage|p2a: PinkCannon|37/100|[from] Sandstorm
|upkeep
|turn|10
|
|t:|1779645491
|move|p1a: Iron Crown|Tachyon Cutter|p2a: PinkCannon
|-resisted|p2a: PinkCannon
|-damage|p2a: PinkCannon|14/100
|-resisted|p2a: PinkCannon
|-damage|p2a: PinkCannon|0 fnt
|faint|p2a: PinkCannon
|-hitcount|p2: PinkCannon|2
|
|-weather|Sandstorm|[upkeep]
|upkeep
|
|t:|1779645493
|switch|p2a: Starscream|Excadrill, M|87/100
|-damage|p2a: Starscream|84/100|[from] Stealth Rock
|turn|11
|
|t:|1779645499
|-end|p1a: Iron Crown|Quark Drive|[silent]
|switch|p1a: Oricorio|Oricorio-Pom-Pom, M|70/100
|move|p2a: Starscream|Earthquake|p1a: Oricorio
|-immune|p1a: Oricorio
|
|-weather|Sandstorm|[upkeep]
|-damage|p1a: Oricorio|64/100|[from] Sandstorm
|upkeep
|turn|12
|
|t:|1779645506
|move|p2a: Starscream|Rapid Spin|p1a: Oricorio
|-damage|p1a: Oricorio|29/100
|-boost|p2a: Starscream|spe|1
|-sideend|p2: takeyouout|Stealth Rock|[from] move: Rapid Spin|[of] p2a: Starscream
|-damage|p2a: Starscream|74/100|[from] item: Life Orb
|move|p1a: Oricorio|Roost|p1a: Oricorio
|-heal|p1a: Oricorio|79/100
|-singleturn|p1a: Oricorio|move: Roost
|
|-weather|none
|-sideend|p1: SlimyTime|move: Light Screen
|upkeep
|turn|13
|
|t:|1779645509
|move|p2a: Starscream|Swords Dance|p2a: Starscream
|-boost|p2a: Starscream|atk|2
|-activate|p1a: Oricorio|ability: Dancer
|move|p1a: Oricorio|Swords Dance|p1a: Oricorio|[from] ability: Dancer
|-boost|p1a: Oricorio|atk|2
|move|p1a: Oricorio|Revelation Dance|p2a: Starscream
|-immune|p2a: Starscream
|
|upkeep
|turn|14
|
|t:|1779645517
|move|p2a: Starscream|Swords Dance|p2a: Starscream
|-boost|p2a: Starscream|atk|2
|-activate|p1a: Oricorio|ability: Dancer
|move|p1a: Oricorio|Swords Dance|p1a: Oricorio|[from] ability: Dancer
|-boost|p1a: Oricorio|atk|2
|move|p1a: Oricorio|Hurricane|p2a: Starscream
|-resisted|p2a: Starscream
|-damage|p2a: Starscream|41/100
|
|upkeep
|turn|15
|j| VicBossMG
|
|t:|1779645524
|move|p2a: Starscream|Iron Head|p1a: Oricorio
|-resisted|p1a: Oricorio
|-damage|p1a: Oricorio|0 fnt
|faint|p1a: Oricorio
|-damage|p2a: Starscream|31/100|[from] item: Life Orb
|
|upkeep
|
|t:|1779645545
|switch|p1a: Iron Treads|Iron Treads|55/100
|turn|16
|
|t:|1779645550
|move|p2a: Starscream|Iron Head|p1a: Iron Treads
|-resisted|p1a: Iron Treads
|-damage|p1a: Iron Treads|0 fnt
|faint|p1a: Iron Treads
|-end|p1a: Iron Treads|Quark Drive|[silent]
|-damage|p2a: Starscream|21/100|[from] item: Life Orb
|
|upkeep
|
|t:|1779645561
|switch|p1a: Iron Crown|Iron Crown|72/100
|turn|17
|
|t:|1779645564
|move|p2a: Starscream|Earthquake|p1a: Iron Crown
|-supereffective|p1a: Iron Crown
|-damage|p1a: Iron Crown|0 fnt
|faint|p1a: Iron Crown
|-end|p1a: Iron Crown|Quark Drive|[silent]
|-damage|p2a: Starscream|11/100|[from] item: Life Orb
|
|upkeep
|
|t:|1779645574
|switch|p1a: Darkrai|Darkrai|100/100
|turn|18
|
|t:|1779645577
|move|p2a: Starscream|Earthquake|p1a: Darkrai
|-crit|p1a: Darkrai
|-damage|p1a: Darkrai|0 fnt
|faint|p1a: Darkrai
|-damage|p2a: Starscream|1/100|[from] item: Life Orb
|
|upkeep
|
|t:|1779645579
|switch|p1a: Zamazenta|Zamazenta|68/100
|turn|19
|
|t:|1779645581
|move|p2a: Starscream|Earthquake|p1a: Zamazenta
|-damage|p1a: Zamazenta|0 fnt
|faint|p1a: Zamazenta
|-damage|p2a: Starscream|0 fnt|[from] item: Life Orb
|faint|p2a: Starscream
|
|upkeep
|
|t:|1779645586
|switch|p1a: Dragapult|Dragapult, M|100/100
|switch|p2a: Broomhilda|Tyranitar, F, shiny|100/100
|-weather|Sandstorm|[from] ability: Sand Stream|[of] p2a: Broomhilda
|turn|20
|
|t:|1779645589
|-terastallize|p1a: Dragapult|Dragon
|move|p1a: Dragapult|Dragon Dance|p1a: Dragapult
|-boost|p1a: Dragapult|atk|1
|-boost|p1a: Dragapult|spe|1
|move|p2a: Broomhilda|Knock Off|p1a: Dragapult
|-damage|p1a: Dragapult|46/100
|-enditem|p1a: Dragapult|Leftovers|[from] move: Knock Off|[of] p2a: Broomhilda
|
|-weather|Sandstorm|[upkeep]
|-damage|p1a: Dragapult|40/100|[from] Sandstorm
|upkeep
|turn|21
|
|t:|1779645595
|move|p1a: Dragapult|Dragon Darts|p2a: Broomhilda
|-damage|p2a: Broomhilda|61/100
|-anim|p1a: Dragapult|Dragon Darts|p2a: Broomhilda
|-damage|p2a: Broomhilda|21/100
|move|p2a: Broomhilda|Knock Off|p1a: Dragapult
|-damage|p1a: Dragapult|2/100
|
|-weather|Sandstorm|[upkeep]
|-damage|p1a: Dragapult|0 fnt|[from] Sandstorm
|faint|p1a: Dragapult
|
|win|takeyouout
|raw|SlimyTime's rating: 1700 &rarr; <strong>1684</strong><br />(-16 for losing)
|raw|takeyouout's rating: 1772 &rarr; <strong>1788</strong><br />(+16 for winning)
|j| hattybatty304
|l|☆SlimyTime
|player|p1|
|l|☆takeyouout
|player|p2|
|l| hattybatty304
|l| VicBossMG
