|j|☆lol man1111
|j|☆1dbqp Drraakkee
|t:|1779665175
|gametype|singles
|player|p1|lol man1111|gentleman-gen4|
|player|p2|1dbqp Drraakkee|lucas|
|gen|9
|tier|[Gen 9] OU
|rule|HP Percentage Mod: HP is shown in percentages
|rule|Endless Battle Clause: Forcing endless battles is banned
|rule|Species Clause: Limit one of each Pokémon
|rule|OHKO Clause: OHKO moves are banned
|rule|Evasion Items Clause: Evasion items are banned
|rule|Evasion Moves Clause: Evasion moves are banned
|rule|Evasion Abilities Clause: Evasion abilities are banned
|rule|Sleep Moves Clause: Sleep-inducing moves are banned
|clearpoke
|poke|p1|Blaziken, F|
|poke|p1|Primarina, F|
|poke|p1|Garganacl, M|
|poke|p1|Excadrill, M|
|poke|p1|Ogerpon-Wellspring, F|
|poke|p1|Gholdengo|
|poke|p2|Ogerpon, F|
|poke|p2|Darkrai|
|poke|p2|Kyurem|
|poke|p2|Landorus-Therian, M|
|poke|p2|Iron Crown|
|poke|p2|Iron Moth|
|teampreview
|
|t:|1779665191
|teamsize|p1|6
|teamsize|p2|6
|start
|switch|p1a: Ogerpon|Ogerpon-Wellspring, F|100/100
|switch|p2a: Iron Moth|Iron Moth|100/100
|turn|1
|
|t:|1779665207
|move|p2a: Iron Moth|Hurricane|p1a: Ogerpon
|-supereffective|p1a: Ogerpon
|-damage|p1a: Ogerpon|9/100
|move|p1a: Ogerpon|Stomping Tantrum|p2a: Iron Moth
|-supereffective|p2a: Iron Moth
|-damage|p2a: Iron Moth|0 fnt
|faint|p2a: Iron Moth
|-end|p2a: Iron Moth|Quark Drive|[silent]
|
|upkeep
|c|☆lol man1111|why hurricane?
|
|t:|1779665250
|switch|p2a: Ogerpon|Ogerpon, F|100/100
|turn|2
|
|t:|1779665261
|move|p1a: Ogerpon|Knock Off|p2a: Ogerpon
|-damage|p2a: Ogerpon|57/100
|-enditem|p2a: Ogerpon|Muscle Band|[from] move: Knock Off|[of] p1a: Ogerpon
|move|p2a: Ogerpon|U-turn|p1a: Ogerpon
|-supereffective|p1a: Ogerpon
|-damage|p1a: Ogerpon|0 fnt
|faint|p1a: Ogerpon
|
|t:|1779665272
|switch|p2a: Landorus|Landorus-Therian, M|100/100|[from] U-turn
|
|upkeep
|
|t:|1779665275
|switch|p1a: Blaziken|Blaziken, F|100/100
|turn|3
|
|t:|1779665288
|switch|p1a: Primarina|Primarina, F, shiny|100/100
|move|p2a: Landorus|Earth Power|p1a: Primarina
|-damage|p1a: Primarina|59/100
|-damage|p2a: Landorus|90/100|[from] item: Life Orb
|
|-heal|p1a: Primarina|65/100|[from] item: Leftovers
|upkeep
|turn|4
|
|t:|1779665302
|move|p2a: Landorus|Sludge Bomb|p1a: Primarina
|-supereffective|p1a: Primarina
|-damage|p1a: Primarina|3/100
|-damage|p2a: Landorus|80/100|[from] item: Life Orb
|move|p1a: Primarina|Perish Song|p1a: Primarina
|-start|p1a: Primarina|perish3|[silent]
|-start|p2a: Landorus|perish3|[silent]
|-fieldactivate|move: Perish Song
|
|-heal|p1a: Primarina|9/100|[from] item: Leftovers
|-start|p2a: Landorus|perish3
|-start|p1a: Primarina|perish3
|upkeep
|turn|5
|
|t:|1779665315
|switch|p2a: Ogerpon|Ogerpon, F|57/100
|switch|p1a: Garganacl|Garganacl, M|100/100
|
|upkeep
|turn|6
|
|t:|1779665326
|-terastallize|p1a: Garganacl|Bug
|move|p2a: Ogerpon|Swords Dance|p2a: Ogerpon
|-boost|p2a: Ogerpon|atk|2
|move|p1a: Garganacl|Curse|p1a: Garganacl
|-unboost|p1a: Garganacl|spe|1
|-boost|p1a: Garganacl|atk|1
|-boost|p1a: Garganacl|def|1
|
|upkeep
|turn|7
|
|t:|1779665336
|move|p2a: Ogerpon|Swords Dance|p2a: Ogerpon
|-boost|p2a: Ogerpon|atk|2
|move|p1a: Garganacl|Salt Cure|p2a: Ogerpon
|-damage|p2a: Ogerpon|35/100
|-start|p2a: Ogerpon|Salt Cure
|
|-damage|p2a: Ogerpon|22/100|[from] Salt Cure
|upkeep
|turn|8
|
|t:|1779665348
|move|p2a: Ogerpon|U-turn|p1a: Garganacl
|-damage|p1a: Garganacl|81/100
|
|t:|1779665352
|switch|p2a: Landorus|Landorus-Therian, M|80/100|[from] U-turn
|-ability|p2a: Landorus|Intimidate|boost
|-unboost|p1a: Garganacl|atk|1
|move|p1a: Garganacl|Recover|p1a: Garganacl
|-heal|p1a: Garganacl|100/100
|
|upkeep
|turn|9
|
|t:|1779665366
|move|p2a: Landorus|Focus Blast|p1a: Garganacl|[miss]
|-miss|p2a: Landorus|p1a: Garganacl
|move|p1a: Garganacl|Salt Cure|p2a: Landorus
|-damage|p2a: Landorus|64/100
|-start|p2a: Landorus|Salt Cure
|
|-damage|p2a: Landorus|51/100|[from] Salt Cure
|upkeep
|turn|10
|c|☆lol man1111|uh
|
|t:|1779665381
|move|p2a: Landorus|Calm Mind|p2a: Landorus
|-boost|p2a: Landorus|spa|1
|-boost|p2a: Landorus|spd|1
|move|p1a: Garganacl|Curse|p1a: Garganacl
|-unboost|p1a: Garganacl|spe|1
|-boost|p1a: Garganacl|atk|1
|-boost|p1a: Garganacl|def|1
|
|-damage|p2a: Landorus|39/100|[from] Salt Cure
|upkeep
|turn|11
|
|t:|1779665393
|-terastallize|p2a: Landorus|Fighting
|move|p2a: Landorus|Focus Blast|p1a: Garganacl|[miss]
|-miss|p2a: Landorus|p1a: Garganacl
|move|p1a: Garganacl|Salt Cure|p2a: Landorus
|-resisted|p2a: Landorus
|-crit|p2a: Landorus
|-damage|p2a: Landorus|22/100
|
|-damage|p2a: Landorus|9/100|[from] Salt Cure
|upkeep
|turn|12
|
|t:|1779665405
|move|p2a: Landorus|Focus Blast|p1a: Garganacl
|-resisted|p1a: Garganacl
|-damage|p1a: Garganacl|53/100
|-damage|p2a: Landorus|0 fnt|[from] item: Life Orb
|faint|p2a: Landorus
|move|p1a: Garganacl|Curse|p1a: Garganacl
|-unboost|p1a: Garganacl|spe|1
|-boost|p1a: Garganacl|atk|1
|-boost|p1a: Garganacl|def|1
|
|-heal|p1a: Garganacl|59/100|[from] item: Leftovers
|upkeep
|c|☆lol man1111|honestly a decent chunk of dmg
|
|t:|1779665431
|switch|p2a: Kyurem|Kyurem|100/100
|-ability|p2a: Kyurem|Pressure
|turn|13
|
|t:|1779665437
|move|p2a: Kyurem|Ancient Power|p1a: Garganacl
|-supereffective|p1a: Garganacl
|-damage|p1a: Garganacl|13/100
|move|p1a: Garganacl|Salt Cure|p2a: Kyurem
|-supereffective|p2a: Kyurem
|-damage|p2a: Kyurem|55/100
|-start|p2a: Kyurem|Salt Cure
|
|-heal|p1a: Garganacl|20/100|[from] item: Leftovers
|-damage|p2a: Kyurem|43/100|[from] Salt Cure
|upkeep
|turn|14
|
|t:|1779665448
|move|p1a: Garganacl|Protect|p1a: Garganacl
|-singleturn|p1a: Garganacl|Protect
|move|p2a: Kyurem|Ancient Power|p1a: Garganacl
|-activate|p1a: Garganacl|move: Protect
|
|-heal|p1a: Garganacl|26/100|[from] item: Leftovers
|-damage|p2a: Kyurem|30/100|[from] Salt Cure
|upkeep
|turn|15
|
|t:|1779665458
|switch|p1a: Excadrill|Excadrill, M|100/100
|-ability|p1a: Excadrill|Mold Breaker
|move|p2a: Kyurem|Ancient Power|p1a: Excadrill
|-resisted|p1a: Excadrill
|-damage|p1a: Excadrill|93/100
|-boost|p2a: Kyurem|atk|1
|-boost|p2a: Kyurem|def|1
|-boost|p2a: Kyurem|spa|1
|-boost|p2a: Kyurem|spd|1
|-boost|p2a: Kyurem|spe|1
|
|-damage|p2a: Kyurem|18/100|[from] Salt Cure
|upkeep
|turn|16
|
|t:|1779665473
|move|p2a: Kyurem|Freeze-Dry|p1a: Excadrill
|-damage|p1a: Excadrill|18/100
|move|p1a: Excadrill|Rapid Spin|p2a: Kyurem
|-damage|p2a: Kyurem|9/100
|-boost|p1a: Excadrill|spe|1
|
|-damage|p2a: Kyurem|0 fnt|[from] Salt Cure
|faint|p2a: Kyurem
|upkeep
|
|t:|1779665483
|switch|p2a: Ogerpon|Ogerpon, F|22/100
|turn|17
|
|t:|1779665491
|move|p1a: Excadrill|Iron Head|p2a: Ogerpon
|-damage|p2a: Ogerpon|0 fnt
|faint|p2a: Ogerpon
|
|upkeep
|
|t:|1779665500
|switch|p2a: Iron Crown|Iron Crown|100/100
|turn|18
|
|t:|1779665505
|move|p1a: Excadrill|Earthquake|p2a: Iron Crown
|-supereffective|p2a: Iron Crown
|-damage|p2a: Iron Crown|6/100
|move|p2a: Iron Crown|Iron Defense|p2a: Iron Crown
|-boost|p2a: Iron Crown|def|2
|
|-heal|p2a: Iron Crown|12/100|[from] item: Leftovers
|upkeep
|turn|19
|c|☆lol man1111|uh
|
|t:|1779665515
|move|p1a: Excadrill|Earthquake|p2a: Iron Crown
|-supereffective|p2a: Iron Crown
|-damage|p2a: Iron Crown|0 fnt
|faint|p2a: Iron Crown
|-end|p2a: Iron Crown|Quark Drive|[silent]
|
|upkeep
|
|t:|1779665520
|switch|p2a: Darkrai|Darkrai|100/100
|-item|p2a: Darkrai|Air Balloon
|turn|20
|
|t:|1779665526
|move|p1a: Excadrill|Iron Head|p2a: Darkrai
|-damage|p2a: Darkrai|42/100
|-enditem|p2a: Darkrai|Air Balloon
|cant|p2a: Darkrai|flinch
|
|upkeep
|turn|21
|-message|1dbqp Drraakkee forfeited.
|
|win|lol man1111
|c|☆lol man1111|ic
|c|☆lol man1111|replace balloon on krai
|c|☆lol man1111|maybe use wellspring woger
|c|☆lol man1111|for lando i think go physical
|c|☆lol man1111|for u turn
|c|☆1dbqp Drraakkee|Hn did I show you team
|c|☆lol man1111|uh
|c|☆lol man1111|wym
|c|☆1dbqp Drraakkee|I posted this it looked aight
|c|☆lol man1111|i didn't see it
|c|☆1dbqp Drraakkee|Uturn??
|c|☆1dbqp Drraakkee|Oh
|c|☆lol man1111|yeah u turn
|c|☆lol man1111|!dt u turn
|c|☆lol man1111|/raw <ul class="utilichart"><li class="result"><span class="col movenamecol"><a href="https://dex.pokemonshowdown.com/moves/uturn">U-turn</a></span> <span class="col typecol"><img src="//play.pokemonshowdown.com/sprites/types/Bug.png" alt="Bug" width="32" height="14"><img src="//play.pokemonshowdown.com/sprites/categories/Physical.png" alt="Physical" width="32" height="14"></span> <span class="col labelcol"><em>Power</em><br>70</span> <span class="col widelabelcol"><em>Accuracy</em><br>100%</span> <span class="col pplabelcol"><em>PP</em><br>32</span> <span class="col movedesccol">User switches out after damaging the target.</span> </li><li style="clear:both"></li></ul>
|c|☆lol man1111|/raw <font size="1"><font color="#686868">Priority:</font> 0&nbsp;|&ThickSpace;<font color="#686868">Gen:</font> 4&nbsp;|&ThickSpace;&#10003; Contact&nbsp;|&ThickSpace;<font color="#686868">Z-Power:</font> 140&nbsp;|&ThickSpace;<font color="#686868">Target:</font> One Adjacent Pokémon</font>

|c|☆lol man1111|yk
|c|☆lol man1111|you also need
|c|☆lol man1111|hazard control
|c|☆lol man1111|if someone uses rocks and spikes
|c|☆lol man1111|ur cooked
|c|☆1dbqp Drraakkee|Yea
|c|☆1dbqp Drraakkee|Kyu is boots
