|j|☆JeffryNO2424
|j|☆jj11j1
|t:|1779682984
|gametype|singles
|player|p1|JeffryNO2424|red|1093
|player|p2|jj11j1|170|1165
|gen|9
|tier|[Gen 9] OU
|rated|
|rule|HP Percentage Mod: HP is shown in percentages
|rule|Endless Battle Clause: Forcing endless battles is banned
|rule|Species Clause: Limit one of each Pokémon
|rule|OHKO Clause: OHKO moves are banned
|rule|Evasion Items Clause: Evasion items are banned
|rule|Evasion Moves Clause: Evasion moves are banned
|rule|Evasion Abilities Clause: Evasion abilities are banned
|rule|Sleep Moves Clause: Sleep-inducing moves are banned
|clearpoke
|poke|p1|Ribombee, M|
|poke|p1|Glimmora, F|
|poke|p1|Weavile, M|
|poke|p1|Gholdengo|
|poke|p1|Samurott-Hisui, F|
|poke|p1|Dragapult, F|
|poke|p2|Rillaboom, F|
|poke|p2|Torkoal, F|
|poke|p2|Walking Wake|
|poke|p2|Whimsicott, M|
|poke|p2|Lilligant-Hisui, F|
|poke|p2|Dragonite, F|
|teampreview
|inactive|Battle timer is ON: inactive players will automatically lose when time's up. (requested by jj11j1)
|
|t:|1779682989
|teamsize|p1|6
|teamsize|p2|6
|start
|switch|p1a: Ribombee|Ribombee, M|100/100
|switch|p2a: Torkoal|Torkoal, F|100/100
|-weather|SunnyDay|[from] ability: Drought|[of] p2a: Torkoal
|turn|1
|
|t:|1779683001
|move|p1a: Ribombee|Sticky Web|p2a: Torkoal
|-sidestart|p2: jj11j1|move: Sticky Web
|move|p2a: Torkoal|Stealth Rock|p1a: Ribombee
|-sidestart|p1: JeffryNO2424|move: Stealth Rock
|
|-weather|SunnyDay|[upkeep]
|upkeep
|turn|2
|
|t:|1779683012
|move|p1a: Ribombee|Stun Spore|p2a: Torkoal
|-status|p2a: Torkoal|par
|cant|p2a: Torkoal|par
|
|-weather|SunnyDay|[upkeep]
|upkeep
|turn|3
|
|t:|1779683023
|move|p1a: Ribombee|U-turn|p2a: Torkoal
|-resisted|p2a: Torkoal
|-damage|p2a: Torkoal|96/100 par
|
|t:|1779683026
|switch|p1a: Glimmora|Glimmora, F|100/100|[from] U-turn
|-damage|p1a: Glimmora|88/100|[from] Stealth Rock
|move|p2a: Torkoal|Rapid Spin|p1a: Glimmora
|-resisted|p1a: Glimmora
|-damage|p1a: Glimmora|82/100
|-boost|p2a: Torkoal|spe|1
|-activate|p1a: Glimmora|ability: Toxic Debris
|-sidestart|p2: jj11j1|move: Toxic Spikes
|-sideend|p2: jj11j1|Toxic Spikes|[from] move: Rapid Spin|[of] p2a: Torkoal
|-sideend|p2: jj11j1|Sticky Web|[from] move: Rapid Spin|[of] p2a: Torkoal
|
|-weather|SunnyDay|[upkeep]
|upkeep
|turn|4
|
|t:|1779683046
|move|p1a: Glimmora|Earth Power|p2a: Torkoal
|-supereffective|p2a: Torkoal
|-damage|p2a: Torkoal|37/100 par
|cant|p2a: Torkoal|par
|
|-weather|SunnyDay|[upkeep]
|upkeep
|turn|5
|
|t:|1779683058
|switch|p2a: Dragonite|Dragonite, F|100/100
|move|p1a: Glimmora|Earth Power|p2a: Dragonite
|-immune|p2a: Dragonite
|
|-weather|none
|upkeep
|turn|6
|
|t:|1779683072
|move|p1a: Glimmora|Stealth Rock|p2a: Dragonite
|-sidestart|p2: jj11j1|move: Stealth Rock
|move|p2a: Dragonite|Dragon Dance|p2a: Dragonite
|-boost|p2a: Dragonite|atk|1
|-boost|p2a: Dragonite|spe|1
|
|upkeep
|turn|7
|
|t:|1779683078
|move|p2a: Dragonite|Dragon Dance|p2a: Dragonite
|-boost|p2a: Dragonite|atk|1
|-boost|p2a: Dragonite|spe|1
|move|p1a: Glimmora|Mortal Spin|p2a: Dragonite
|-damage|p2a: Dragonite|98/100
|-status|p2a: Dragonite|psn
|-sideend|p1: JeffryNO2424|Stealth Rock|[from] move: Mortal Spin|[of] p1a: Glimmora
|
|-damage|p2a: Dragonite|85/100 psn|[from] psn
|upkeep
|turn|8
|
|t:|1779683092
|move|p2a: Dragonite|Scale Shot|p1a: Glimmora
|-damage|p1a: Glimmora|44/100
|-activate|p1a: Glimmora|ability: Toxic Debris
|-sidestart|p2: jj11j1|move: Toxic Spikes
|-damage|p1a: Glimmora|8/100
|-activate|p1a: Glimmora|ability: Toxic Debris
|-sidestart|p2: jj11j1|move: Toxic Spikes
|-damage|p1a: Glimmora|0 fnt
|faint|p1a: Glimmora
|-hitcount|p1: Glimmora|3
|-unboost|p2a: Dragonite|def|1
|-boost|p2a: Dragonite|spe|1
|
|-damage|p2a: Dragonite|73/100 psn|[from] psn
|upkeep
|
|t:|1779683110
|switch|p1a: Ribombee|Ribombee, M|100/100
|turn|9
|
|t:|1779683119
|move|p2a: Dragonite|Fire Punch|p1a: Ribombee
|-supereffective|p1a: Ribombee
|-enditem|p1a: Ribombee|Focus Sash
|-damage|p1a: Ribombee|1/100
|move|p1a: Ribombee|Sticky Web|p2a: Dragonite
|-sidestart|p2: jj11j1|move: Sticky Web
|
|-damage|p2a: Dragonite|60/100 psn|[from] psn
|upkeep
|turn|10
|
|t:|1779683135
|move|p2a: Dragonite|Fire Punch|p1a: Ribombee
|-supereffective|p1a: Ribombee
|-damage|p1a: Ribombee|0 fnt
|faint|p1a: Ribombee
|
|-damage|p2a: Dragonite|48/100 psn|[from] psn
|upkeep
|
|t:|1779683144
|switch|p1a: Samurott|Samurott-Hisui, F|100/100
|turn|11
|
|t:|1779683150
|move|p2a: Dragonite|Extreme Speed|p1a: Samurott
|-damage|p1a: Samurott|25/100
|move|p1a: Samurott|Ceaseless Edge|p2a: Dragonite
|-damage|p2a: Dragonite|0 fnt
|-sidestart|p2: jj11j1|Spikes
|faint|p2a: Dragonite
|
|upkeep
|
|t:|1779683166
|switch|p2a: Whimsicott|Whimsicott, M|100/100
|-damage|p2a: Whimsicott|88/100|[from] Stealth Rock
|-status|p2a: Whimsicott|tox
|-activate|p2a: Whimsicott|move: Sticky Web
|-unboost|p2a: Whimsicott|spe|1
|-damage|p2a: Whimsicott|76/100 tox|[from] Spikes
|turn|12
|
|t:|1779683180
|move|p1a: Samurott|Ceaseless Edge|p2a: Whimsicott
|-resisted|p2a: Whimsicott
|-damage|p2a: Whimsicott|44/100 tox
|-sidestart|p2: jj11j1|Spikes
|move|p2a: Whimsicott|Moonblast|p1a: Samurott
|-supereffective|p1a: Samurott
|-damage|p1a: Samurott|0 fnt
|faint|p1a: Samurott
|
|-damage|p2a: Whimsicott|38/100 tox|[from] psn
|upkeep
|
|t:|1779683198
|switch|p1a: Gholdengo|Gholdengo|100/100
|-item|p1a: Gholdengo|Air Balloon
|turn|13
|
|t:|1779683211
|move|p2a: Whimsicott|Tailwind|p2a: Whimsicott
|-sidestart|p2: jj11j1|move: Tailwind
|move|p1a: Gholdengo|Shadow Ball|p2a: Whimsicott
|-damage|p2a: Whimsicott|0 fnt
|faint|p2a: Whimsicott
|
|upkeep
|
|t:|1779683220
|switch|p2a: Torkoal|Torkoal, F|37/100 par
|-damage|p2a: Torkoal|12/100 par|[from] Stealth Rock
|-activate|p2a: Torkoal|move: Sticky Web
|-unboost|p2a: Torkoal|spe|1
|-damage|p2a: Torkoal|0 fnt|[from] Spikes
|faint|p2a: Torkoal
|
|t:|1779683231
|switch|p2a: Walking Wake|Walking Wake|100/100
|-damage|p2a: Walking Wake|88/100|[from] Stealth Rock
|-status|p2a: Walking Wake|tox
|-activate|p2a: Walking Wake|move: Sticky Web
|-unboost|p2a: Walking Wake|spe|1
|-damage|p2a: Walking Wake|72/100 tox|[from] Spikes
|turn|14
|
|t:|1779683248
|-terastallize|p2a: Walking Wake|Steel
|move|p2a: Walking Wake|Flamethrower|p1a: Gholdengo
|-supereffective|p1a: Gholdengo
|-damage|p1a: Gholdengo|14/100
|-enditem|p1a: Gholdengo|Air Balloon
|-damage|p2a: Walking Wake|62/100 tox|[from] item: Life Orb
|move|p1a: Gholdengo|Nasty Plot|p1a: Gholdengo
|-boost|p1a: Gholdengo|spa|2
|
|-damage|p2a: Walking Wake|55/100 tox|[from] psn
|upkeep
|turn|15
|
|t:|1779683265
|move|p2a: Walking Wake|Flamethrower|p1a: Gholdengo
|-supereffective|p1a: Gholdengo
|-damage|p1a: Gholdengo|0 fnt
|faint|p1a: Gholdengo
|-damage|p2a: Walking Wake|46/100 tox|[from] item: Life Orb
|
|-damage|p2a: Walking Wake|33/100 tox|[from] psn
|upkeep
|
|t:|1779683275
|switch|p1a: Weavile|Weavile, M|100/100
|-ability|p1a: Weavile|Pressure
|turn|16
|
|t:|1779683290
|move|p2a: Walking Wake|Flamethrower|p1a: Weavile
|-supereffective|p1a: Weavile
|-damage|p1a: Weavile|0 fnt
|faint|p1a: Weavile
|-damage|p2a: Walking Wake|23/100 tox|[from] item: Life Orb
|
|-damage|p2a: Walking Wake|5/100 tox|[from] psn
|-sideend|p2: jj11j1|move: Tailwind
|upkeep
|
|t:|1779683299
|switch|p1a: Dragapult|Dragapult, F|100/100
|turn|17
|
|t:|1779683307
|move|p1a: Dragapult|Flamethrower|p2a: Walking Wake
|-supereffective|p2a: Walking Wake
|-damage|p2a: Walking Wake|0 fnt
|faint|p2a: Walking Wake
|-end|p2a: Walking Wake|Protosynthesis|[silent]
|
|upkeep
|
|t:|1779683319
|switch|p2a: Rillaboom|Rillaboom, F|100/100
|-damage|p2a: Rillaboom|88/100|[from] Stealth Rock
|-status|p2a: Rillaboom|tox
|-activate|p2a: Rillaboom|move: Sticky Web
|-unboost|p2a: Rillaboom|spe|1
|-damage|p2a: Rillaboom|72/100 tox|[from] Spikes
|-fieldstart|move: Grassy Terrain|[from] ability: Grassy Surge|[of] p2a: Rillaboom
|turn|18
|
|t:|1779683330
|move|p2a: Rillaboom|Grassy Glide|p1a: Dragapult
|-resisted|p1a: Dragapult
|-damage|p1a: Dragapult|75/100
|move|p1a: Dragapult|Flamethrower|p2a: Rillaboom
|-supereffective|p2a: Rillaboom
|-damage|p2a: Rillaboom|20/100 tox
|
|-heal|p1a: Dragapult|81/100|[from] Grassy Terrain
|-heal|p2a: Rillaboom|26/100 tox|[from] Grassy Terrain
|-damage|p2a: Rillaboom|20/100 tox|[from] psn
|upkeep
|turn|19
|
|t:|1779683342
|move|p2a: Rillaboom|Grassy Glide|p1a: Dragapult
|-resisted|p1a: Dragapult
|-crit|p1a: Dragapult
|-damage|p1a: Dragapult|40/100
|move|p1a: Dragapult|Flamethrower|p2a: Rillaboom
|-supereffective|p2a: Rillaboom
|-damage|p2a: Rillaboom|0 fnt
|faint|p2a: Rillaboom
|
|-heal|p1a: Dragapult|46/100|[from] Grassy Terrain
|upkeep
|
|t:|1779683356
|switch|p2a: Lilligant|Lilligant-Hisui, F|100/100
|-damage|p2a: Lilligant|94/100|[from] Stealth Rock
|-status|p2a: Lilligant|tox
|-activate|p2a: Lilligant|move: Sticky Web
|-unboost|p2a: Lilligant|spe|1
|-damage|p2a: Lilligant|78/100 tox|[from] Spikes
|turn|20
|
|t:|1779683365
|-terastallize|p1a: Dragapult|Ghost
|move|p1a: Dragapult|Flamethrower|p2a: Lilligant
|-supereffective|p2a: Lilligant
|-damage|p2a: Lilligant|0 fnt
|faint|p2a: Lilligant
|
|win|JeffryNO2424
|raw|JeffryNO2424's rating: 1093 &rarr; <strong>1124</strong><br />(+31 for winning)
|raw|jj11j1's rating: 1165 &rarr; <strong>1135</strong><br />(-30 for losing)
|l|☆JeffryNO2424
|player|p1|
|l|☆jj11j1
|player|p2|
