|j|☆Kogasscarf
|j|☆cyndaquilhat
|t:|1779599574
|gametype|singles
|player|p1|Kogasscarf|koga|1396
|player|p2|cyndaquilhat|backpackerf|1333
|gen|9
|tier|[Gen 9] OU
|rated|
|rule|HP Percentage Mod: HP is shown in percentages
|rule|Endless Battle Clause: Forcing endless battles is banned
|rule|Species Clause: Limit one of each Pokémon
|rule|OHKO Clause: OHKO moves are banned
|rule|Evasion Items Clause: Evasion items are banned
|rule|Evasion Moves Clause: Evasion moves are banned
|rule|Evasion Abilities Clause: Evasion abilities are banned
|rule|Sleep Moves Clause: Sleep-inducing moves are banned
|clearpoke
|poke|p1|Zamazenta-*|
|poke|p1|Weavile, F|
|poke|p1|Enamorus, F|
|poke|p1|Cinderace, F|
|poke|p1|Latias, F|
|poke|p1|Iron Treads|
|poke|p2|Diancie|
|poke|p2|Blaziken, F|
|poke|p2|Oricorio-Pom-Pom, F|
|poke|p2|Cinderace, F|
|poke|p2|Regidrago|
|poke|p2|Ursaluna, M|
|teampreview
|inactive|Battle timer is ON: inactive players will automatically lose when time's up. (requested by cyndaquilhat)
|
|t:|1779599595
|teamsize|p1|6
|teamsize|p2|6
|start
|switch|p1a: Enamorus|Enamorus, F|100/100
|switch|p2a: Blaziken|Blaziken, F|100/100
|turn|1
|
|t:|1779599601
|switch|p2a: Oricorio|Oricorio-Pom-Pom, F|100/100
|move|p1a: Enamorus|Calm Mind|p1a: Enamorus
|-boost|p1a: Enamorus|spa|1
|-boost|p1a: Enamorus|spd|1
|
|upkeep
|turn|2
|
|t:|1779599614
|-terastallize|p1a: Enamorus|Ground
|move|p1a: Enamorus|Moonblast|p2a: Oricorio
|-damage|p2a: Oricorio|0 fnt
|faint|p2a: Oricorio
|
|upkeep
|
|t:|1779599628
|switch|p2a: Cinderace|Cinderace, F|100/100
|turn|3
|
|t:|1779599631
|move|p2a: Cinderace|Pyro Ball|p1a: Enamorus
|-damage|p1a: Enamorus|10/100
|move|p1a: Enamorus|Earth Power|p2a: Cinderace
|-supereffective|p2a: Cinderace
|-damage|p2a: Cinderace|0 fnt
|faint|p2a: Cinderace
|
|upkeep
|
|t:|1779599638
|switch|p2a: Diancie|Diancie|100/100
|turn|4
|
|t:|1779599643
|-terastallize|p2a: Diancie|Water
|move|p1a: Enamorus|Moonblast|p2a: Diancie
|-damage|p2a: Diancie|37/100
|move|p2a: Diancie|Trick Room|p2a: Diancie
|-fieldstart|move: Trick Room|[of] p2a: Diancie
|
|upkeep
|turn|5
|
|t:|1779599653
|move|p2a: Diancie|Moonblast|p1a: Enamorus
|-damage|p1a: Enamorus|0 fnt
|faint|p1a: Enamorus
|
|upkeep
|
|t:|1779599659
|switch|p1a: Iron Treads|Iron Treads|100/100
|turn|6
|
|t:|1779599664
|move|p2a: Diancie|Earth Power|p1a: Iron Treads
|-supereffective|p1a: Iron Treads
|-damage|p1a: Iron Treads|22/100
|-unboost|p1a: Iron Treads|spd|1
|move|p1a: Iron Treads|Stealth Rock|p2a: Diancie
|-sidestart|p2: cyndaquilhat|move: Stealth Rock
|
|upkeep
|turn|7
|
|t:|1779599672
|move|p2a: Diancie|Earth Power|p1a: Iron Treads
|-supereffective|p1a: Iron Treads
|-damage|p1a: Iron Treads|0 fnt
|faint|p1a: Iron Treads
|-end|p1a: Iron Treads|Quark Drive|[silent]
|
|upkeep
|
|t:|1779599680
|switch|p1a: Cinderace|Cinderace, F|100/100
|turn|8
|
|t:|1779599687
|move|p2a: Diancie|Meteor Beam||[still]
|-prepare|p2a: Diancie|Meteor Beam
|-boost|p2a: Diancie|spa|1
|-enditem|p2a: Diancie|Power Herb
|-anim|p2a: Diancie|Meteor Beam|p1a: Cinderace
|-supereffective|p1a: Cinderace
|-damage|p1a: Cinderace|0 fnt
|faint|p1a: Cinderace
|
|-fieldend|move: Trick Room
|upkeep
|
|t:|1779599693
|switch|p1a: Weavile|Weavile, F, shiny|100/100
|-ability|p1a: Weavile|Pressure
|turn|9
|
|t:|1779599701
|move|p1a: Weavile|Poison Jab|p2a: Diancie
|-damage|p2a: Diancie|7/100
|move|p2a: Diancie|Trick Room|p2a: Diancie
|-fieldstart|move: Trick Room|[of] p2a: Diancie
|
|upkeep
|turn|10
|
|t:|1779599723
|move|p2a: Diancie|Moonblast|p1a: Weavile
|-supereffective|p1a: Weavile
|-damage|p1a: Weavile|0 fnt
|faint|p1a: Weavile
|
|upkeep
|
|t:|1779599729
|switch|p1a: Latias|Latias, F|100/100
|turn|11
|
|t:|1779599751
|move|p2a: Diancie|Moonblast|p1a: Latias
|-supereffective|p1a: Latias
|-damage|p1a: Latias|0 fnt
|faint|p1a: Latias
|
|upkeep
|
|t:|1779599756
|switch|p1a: Zamazenta|Zamazenta|100/100
|-ability|p1a: Zamazenta|Dauntless Shield|boost
|-boost|p1a: Zamazenta|def|1
|turn|12
|
|t:|1779599762
|move|p2a: Diancie|Moonblast|p1a: Zamazenta
|-supereffective|p1a: Zamazenta
|-damage|p1a: Zamazenta|0 fnt
|faint|p1a: Zamazenta
|
|win|cyndaquilhat
|raw|Kogasscarf's rating: 1396 &rarr; <strong>1372</strong><br />(-24 for losing)
|raw|cyndaquilhat's rating: 1333 &rarr; <strong>1357</strong><br />(+24 for winning)
|l|☆Kogasscarf
|player|p1|
|l|☆cyndaquilhat
|player|p2|
