|j|☆liohzin
|j|☆batou7
|t:|1779626225
|gametype|singles
|player|p1|liohzin|marlon|1087
|player|p2|batou7|morty|1074
|gen|9
|tier|[Gen 9] OU
|rated|
|rule|HP Percentage Mod: HP is shown in percentages
|rule|Endless Battle Clause: Forcing endless battles is banned
|rule|Species Clause: Limit one of each Pokémon
|rule|OHKO Clause: OHKO moves are banned
|rule|Evasion Items Clause: Evasion items are banned
|rule|Evasion Moves Clause: Evasion moves are banned
|rule|Evasion Abilities Clause: Evasion abilities are banned
|rule|Sleep Moves Clause: Sleep-inducing moves are banned
|clearpoke
|poke|p1|Swampert, M|
|poke|p1|Gardevoir, F|
|poke|p1|Rotom-Wash|
|poke|p1|Garchomp, M|
|poke|p1|Excadrill, F|
|poke|p1|Hitmonchan, M|
|poke|p2|Darkrai|
|poke|p2|Garchomp, M|
|poke|p2|Alomomola, F|
|poke|p2|Corviknight, F|
|poke|p2|Weezing-Galar, F|
|poke|p2|Ogerpon, F|
|teampreview
|inactive|Battle timer is ON: inactive players will automatically lose when time's up. (requested by batou7)
|
|t:|1779626239
|teamsize|p1|6
|teamsize|p2|6
|start
|switch|p1a: Swampert|Swampert, M, shiny|100/100
|switch|p2a: Garchomp|Garchomp, M|100/100
|turn|1
|
|t:|1779626247
|move|p2a: Garchomp|Stealth Rock|p1a: Swampert
|-sidestart|p1: liohzin|move: Stealth Rock
|move|p1a: Swampert|Ice Punch|p2a: Garchomp
|-supereffective|p2a: Garchomp
|-damage|p2a: Garchomp|45/100
|-damage|p1a: Swampert|88/100|[from] ability: Rough Skin|[of] p2a: Garchomp
|-damage|p1a: Swampert|72/100|[from] item: Rocky Helmet|[of] p2a: Garchomp
|
|-heal|p1a: Swampert|78/100|[from] item: Leftovers
|upkeep
|turn|2
|
|t:|1779626256
|move|p1a: Swampert|Stealth Rock|p2a: Garchomp
|-sidestart|p2: batou7|move: Stealth Rock
|move|p2a: Garchomp|Dragon Tail|p1a: Swampert
|-damage|p1a: Swampert|56/100
|drag|p1a: Garchomp|Garchomp, M|100/100
|-damage|p1a: Garchomp|94/100|[from] Stealth Rock
|
|upkeep
|turn|3
|
|t:|1779626266
|move|p1a: Garchomp|Earthquake|p2a: Garchomp
|-damage|p2a: Garchomp|14/100
|move|p2a: Garchomp|Spikes|p1a: Garchomp
|-sidestart|p1: liohzin|Spikes
|
|upkeep
|turn|4
|
|t:|1779626272
|switch|p2a: Corviknight|Corviknight, F|100/100
|-damage|p2a: Corviknight|88/100|[from] Stealth Rock
|-ability|p2a: Corviknight|Pressure
|move|p1a: Garchomp|Earthquake|p2a: Corviknight
|-immune|p2a: Corviknight
|
|-heal|p2a: Corviknight|94/100|[from] item: Leftovers
|upkeep
|turn|5
|
|t:|1779626284
|switch|p1a: Rotom|Rotom-Wash, shiny|100/100
|move|p2a: Corviknight|Defog|p1a: Rotom
|-unboost|p1a: Rotom|evasion|1
|-sideend|p1: liohzin|Spikes|[from] move: Defog|[of] p2a: Corviknight
|-sideend|p1: liohzin|Stealth Rock|[from] move: Defog|[of] p2a: Corviknight
|-sideend|p2: batou7|Stealth Rock|[from] move: Defog|[of] p2a: Corviknight
|
|-heal|p2a: Corviknight|100/100|[from] item: Leftovers
|upkeep
|turn|6
|
|t:|1779626302
|-terastallize|p2a: Corviknight|Ice
|move|p1a: Rotom|Will-O-Wisp|p2a: Corviknight
|-status|p2a: Corviknight|brn
|move|p2a: Corviknight|Brave Bird|p1a: Rotom
|-resisted|p1a: Rotom
|-damage|p1a: Rotom|89/100
|-damage|p2a: Corviknight|98/100 brn|[from] Recoil
|
|-heal|p2a: Corviknight|100/100 brn|[from] item: Leftovers
|-damage|p2a: Corviknight|94/100 brn|[from] brn
|upkeep
|turn|7
|
|t:|1779626316
|move|p1a: Rotom|Volt Switch|p2a: Corviknight
|-damage|p2a: Corviknight|78/100 brn
|
|t:|1779626322
|switch|p1a: Excadrill|Excadrill, F|100/100|[from] Volt Switch
|-ability|p1a: Excadrill|Mold Breaker
|move|p2a: Corviknight|U-turn|p1a: Excadrill
|-resisted|p1a: Excadrill
|-damage|p1a: Excadrill|95/100
|
|t:|1779626330
|switch|p2a: Alomomola|Alomomola, F|100/100|[from] U-turn
|
|upkeep
|turn|8
|
|t:|1779626353
|move|p2a: Alomomola|Aqua Jet|p1a: Excadrill
|-supereffective|p1a: Excadrill
|-damage|p1a: Excadrill|62/100
|move|p1a: Excadrill|Rock Tomb|p2a: Alomomola
|-damage|p2a: Alomomola|85/100
|-unboost|p2a: Alomomola|spe|1
|
|upkeep
|turn|9
|
|t:|1779626369
|switch|p1a: Rotom|Rotom-Wash, shiny|89/100
|move|p2a: Alomomola|Aqua Jet|p1a: Rotom
|-resisted|p1a: Rotom
|-damage|p1a: Rotom|82/100
|
|upkeep
|turn|10
|
|t:|1779626380
|move|p1a: Rotom|Will-O-Wisp|p2a: Alomomola
|-status|p2a: Alomomola|brn
|move|p2a: Alomomola|Mirror Coat||[still]
|-fail|p2a: Alomomola
|
|-damage|p2a: Alomomola|79/100 brn|[from] brn
|upkeep
|turn|11
|
|t:|1779626401
|move|p1a: Rotom|Volt Switch|p2a: Alomomola
|-supereffective|p2a: Alomomola
|-damage|p2a: Alomomola|55/100 brn
|
|t:|1779626406
|switch|p1a: Gardevoir|Gardevoir, F|100/100|[from] Volt Switch
|-ability|p1a: Gardevoir|Regenerator|Trace|[from] ability: Trace|[of] p2a: Alomomola
|move|p2a: Alomomola|Flip Turn|p1a: Gardevoir
|-damage|p1a: Gardevoir|93/100
|
|t:|1779626421
|switch|p2a: Weezing|Weezing-Galar, F|100/100|[from] Flip Turn
|-ability|p2a: Weezing|Neutralizing Gas
|
|-heal|p1a: Gardevoir|99/100|[from] item: Leftovers
|upkeep
|turn|12
|
|t:|1779626434
|move|p1a: Gardevoir|Thunder Wave|p2a: Weezing
|-status|p2a: Weezing|par
|move|p2a: Weezing|Sludge Bomb|p1a: Gardevoir
|-supereffective|p1a: Gardevoir
|-damage|p1a: Gardevoir|47/100
|-status|p1a: Gardevoir|psn
|
|-heal|p1a: Gardevoir|53/100 psn|[from] item: Leftovers
|-damage|p1a: Gardevoir|41/100 psn|[from] psn
|upkeep
|turn|13
|
|t:|1779626444
|move|p1a: Gardevoir|Wish|p1a: Gardevoir
|cant|p2a: Weezing|par
|
|-heal|p1a: Gardevoir|47/100 psn|[from] item: Leftovers
|-damage|p1a: Gardevoir|35/100 psn|[from] psn
|upkeep
|turn|14
|
|t:|1779626451
|switch|p1a: Swampert|Swampert, M, shiny|56/100
|move|p2a: Weezing|Sludge Bomb|p1a: Swampert
|-resisted|p1a: Swampert
|-damage|p1a: Swampert|43/100
|
|-heal|p1a: Swampert|85/100|[from] move: Wish|[wisher] Gardevoir
|-heal|p1a: Swampert|91/100|[from] item: Leftovers
|upkeep
|turn|15
|
|t:|1779626463
|move|p1a: Swampert|Earthquake|p2a: Weezing
|-supereffective|p2a: Weezing
|-damage|p2a: Weezing|37/100 par
|cant|p2a: Weezing|par
|
|-heal|p1a: Swampert|97/100|[from] item: Leftovers
|-heal|p2a: Weezing|43/100 par|[from] item: Leftovers
|upkeep
|turn|16
|
|t:|1779626471
|-end|p2a: Weezing|ability: Neutralizing Gas
|switch|p2a: Corviknight|Corviknight, F, tera:Ice|78/100 brn
|-ability|p2a: Corviknight|Pressure
|move|p1a: Swampert|Earthquake|p2a: Corviknight
|-crit|p2a: Corviknight
|-damage|p2a: Corviknight|17/100 brn
|
|-heal|p1a: Swampert|100/100|[from] item: Leftovers
|-heal|p2a: Corviknight|23/100 brn|[from] item: Leftovers
|-damage|p2a: Corviknight|17/100 brn|[from] brn
|upkeep
|turn|17
|
|t:|1779626487
|move|p1a: Swampert|Earthquake|p2a: Corviknight
|-damage|p2a: Corviknight|0 fnt
|faint|p2a: Corviknight
|
|upkeep
|
|t:|1779626491
|switch|p2a: Ogerpon|Ogerpon, F|100/100
|turn|18
|
|t:|1779626509
|move|p2a: Ogerpon|Swords Dance|p2a: Ogerpon
|-boost|p2a: Ogerpon|atk|2
|move|p1a: Swampert|Stealth Rock|p2a: Ogerpon
|-sidestart|p2: batou7|move: Stealth Rock
|
|upkeep
|turn|19
|
|t:|1779626515
|move|p2a: Ogerpon|Swords Dance|p2a: Ogerpon
|-boost|p2a: Ogerpon|atk|2
|move|p1a: Swampert|Ice Punch|p2a: Ogerpon
|-supereffective|p2a: Ogerpon
|-damage|p2a: Ogerpon|43/100
|
|upkeep
|turn|20
|
|t:|1779626521
|move|p2a: Ogerpon|Ivy Cudgel|p1a: Swampert
|-supereffective|p1a: Swampert
|-crit|p1a: Swampert
|-damage|p1a: Swampert|0 fnt
|faint|p1a: Swampert
|
|upkeep
|
|t:|1779626548
|switch|p1a: Rotom|Rotom-Wash, shiny|82/100
|turn|21
|
|t:|1779626555
|-terastallize|p1a: Rotom|Electric
|move|p2a: Ogerpon|Ivy Cudgel|p1a: Rotom
|-crit|p1a: Rotom
|-damage|p1a: Rotom|0 fnt
|faint|p1a: Rotom
|
|upkeep
|
|t:|1779626566
|switch|p1a: Garchomp|Garchomp, M|94/100
|turn|22
|
|t:|1779626569
|move|p2a: Ogerpon|Ivy Cudgel|p1a: Garchomp
|-damage|p1a: Garchomp|0 fnt
|faint|p1a: Garchomp
|
|upkeep
|
|t:|1779626582
|switch|p1a: Gardevoir|Gardevoir, F|35/100 psn
|-ability|p1a: Gardevoir|Defiant|Trace|[from] ability: Trace|[of] p2a: Ogerpon
|turn|23
|
|t:|1779626588
|move|p2a: Ogerpon|Ivy Cudgel|p1a: Gardevoir
|-crit|p1a: Gardevoir
|-damage|p1a: Gardevoir|0 fnt
|faint|p1a: Gardevoir
|
|upkeep
|
|t:|1779626593
|switch|p1a: Excadrill|Excadrill, F|62/100
|-ability|p1a: Excadrill|Mold Breaker
|turn|24
|
|t:|1779626598
|move|p2a: Ogerpon|Ivy Cudgel|p1a: Excadrill
|-damage|p1a: Excadrill|0 fnt
|faint|p1a: Excadrill
|
|upkeep
|
|t:|1779626602
|switch|p1a: Hitmonchan|Hitmonchan, M|100/100
|turn|25
|
|t:|1779626605
|move|p2a: Ogerpon|Ivy Cudgel|p1a: Hitmonchan
|-crit|p1a: Hitmonchan
|-damage|p1a: Hitmonchan|0 fnt
|faint|p1a: Hitmonchan
|
|win|batou7
|raw|liohzin's rating: 1087 &rarr; <strong>1063</strong><br />(-24 for losing)
|raw|batou7's rating: 1074 &rarr; <strong>1104</strong><br />(+30 for winning)
|l|☆liohzin
|player|p1|
