|j|☆samply amazing
|j|☆DomecQbiy
|t:|1779645517
|gametype|singles
|player|p1|samply amazing|ethan|1157
|player|p2|DomecQbiy|1|1231
|gen|9
|tier|[Gen 9] OU
|rated|
|rule|HP Percentage Mod: HP is shown in percentages
|rule|Endless Battle Clause: Forcing endless battles is banned
|rule|Species Clause: Limit one of each Pokémon
|rule|OHKO Clause: OHKO moves are banned
|rule|Evasion Items Clause: Evasion items are banned
|rule|Evasion Moves Clause: Evasion moves are banned
|rule|Evasion Abilities Clause: Evasion abilities are banned
|rule|Sleep Moves Clause: Sleep-inducing moves are banned
|clearpoke
|poke|p1|Dragonite, F|
|poke|p1|Great Tusk|
|poke|p1|Deoxys-Speed|
|poke|p1|Gholdengo|
|poke|p1|Zamazenta-*|
|poke|p1|Iron Valiant|
|poke|p2|Corviknight, M|
|poke|p2|Heatran, M|
|poke|p2|Garchomp, M|
|poke|p2|Dragapult, M|
|poke|p2|Raikou|
|poke|p2|Tropius, M|
|teampreview
|
|t:|1779645522
|teamsize|p1|6
|teamsize|p2|6
|start
|switch|p1a: Deoxys|Deoxys-Speed|100/100
|switch|p2a: Garchomp|Garchomp, M|100/100
|-ability|p1a: Deoxys|Pressure
|turn|1
|
|t:|1779645532
|move|p1a: Deoxys|Taunt|p2a: Garchomp
|-start|p2a: Garchomp|move: Taunt
|cant|p2a: Garchomp|move: Taunt|Spikes
|
|upkeep
|turn|2
|
|t:|1779645542
|move|p1a: Deoxys|Stealth Rock|p2a: Garchomp
|-sidestart|p2: DomecQbiy|move: Stealth Rock
|move|p2a: Garchomp|Earthquake|p1a: Deoxys
|-damage|p1a: Deoxys|50/100
|
|upkeep
|turn|3
|
|t:|1779645552
|move|p1a: Deoxys|Spikes|p2a: Garchomp
|-sidestart|p2: DomecQbiy|Spikes
|move|p2a: Garchomp|Earthquake|p1a: Deoxys
|-damage|p1a: Deoxys|0 fnt
|faint|p1a: Deoxys
|
|-end|p2a: Garchomp|move: Taunt
|upkeep
|
|t:|1779645577
|switch|p1a: Great Tusk|Great Tusk|100/100
|-enditem|p1a: Great Tusk|Booster Energy
|-activate|p1a: Great Tusk|ability: Protosynthesis|[fromitem]
|-start|p1a: Great Tusk|protosynthesisspe
|turn|4
|
|t:|1779645602
|switch|p2a: Corviknight|Corviknight, M, shiny|100/100
|-damage|p2a: Corviknight|88/100|[from] Stealth Rock
|-ability|p2a: Corviknight|Pressure
|move|p1a: Great Tusk|Bulk Up|p1a: Great Tusk
|-boost|p1a: Great Tusk|atk|1
|-boost|p1a: Great Tusk|def|1
|
|upkeep
|turn|5
|
|t:|1779645613
|-end|p1a: Great Tusk|Protosynthesis|[silent]
|switch|p1a: Gholdengo|Gholdengo|100/100
|move|p2a: Corviknight|Defog|p1a: Gholdengo
|-immune|p1a: Gholdengo|[from] ability: Good as Gold
|
|upkeep
|turn|6
|
|t:|1779645633
|switch|p2a: Heatran|Heatran, M|100/100
|-damage|p2a: Heatran|88/100|[from] Stealth Rock
|-damage|p2a: Heatran|76/100|[from] Spikes
|move|p1a: Gholdengo|Shadow Ball|p2a: Heatran
|-damage|p2a: Heatran|37/100
|
|upkeep
|turn|7
|
|t:|1779645646
|move|p2a: Heatran|Flamethrower|p1a: Gholdengo
|-supereffective|p1a: Gholdengo
|-damage|p1a: Gholdengo|0 fnt
|faint|p1a: Gholdengo
|
|upkeep
|c|☆samply amazing|bruh
|c|☆DomecQbiy|Hehe
|
|t:|1779645684
|switch|p1a: Dragonite|Dragonite, F|100/100
|turn|8
|
|t:|1779645699
|move|p2a: Heatran|Flamethrower|p1a: Dragonite
|-resisted|p1a: Dragonite
|-damage|p1a: Dragonite|87/100
|move|p1a: Dragonite|Dragon Dance|p1a: Dragonite
|-boost|p1a: Dragonite|atk|1
|-boost|p1a: Dragonite|spe|1
|
|upkeep
|turn|9
|
|t:|1779645720
|switch|p2a: Tropius|Tropius, M, shiny|100/100
|-damage|p2a: Tropius|75/100|[from] Stealth Rock
|-terastallize|p1a: Dragonite|Fire
|move|p1a: Dragonite|Dragon Dance|p1a: Dragonite
|-boost|p1a: Dragonite|atk|1
|-boost|p1a: Dragonite|spe|1
|
|upkeep
|turn|10
|c|☆DomecQbiy|😭
|c|☆samply amazing|hehe
|
|t:|1779645741
|move|p1a: Dragonite|Fire Punch|p2a: Tropius
|-supereffective|p2a: Tropius
|-damage|p2a: Tropius|0 fnt
|faint|p2a: Tropius
|-damage|p1a: Dragonite|77/100|[from] item: Life Orb
|
|upkeep
|
|t:|1779645748
|switch|p2a: Dragapult|Dragapult, M|100/100
|turn|11
|c|☆samply amazing|gg
|
|t:|1779645765
|move|p1a: Dragonite|Outrage|p2a: Dragapult
|-supereffective|p2a: Dragapult
|-damage|p2a: Dragapult|0 fnt
|faint|p2a: Dragapult
|-damage|p1a: Dragonite|67/100|[from] item: Life Orb
|
|upkeep
|
|t:|1779645776
|switch|p2a: Garchomp|Garchomp, M|100/100
|-damage|p2a: Garchomp|94/100|[from] Stealth Rock
|-damage|p2a: Garchomp|82/100|[from] Spikes
|turn|12
|c|☆DomecQbiy|GG
|
|t:|1779645789
|move|p1a: Dragonite|Outrage|p2a: Garchomp|[from] lockedmove
|-supereffective|p2a: Garchomp
|-damage|p2a: Garchomp|0 fnt
|-damage|p1a: Dragonite|55/100|[from] ability: Rough Skin|[of] p2a: Garchomp
|-damage|p1a: Dragonite|38/100|[from] item: Rocky Helmet|[of] p2a: Garchomp
|faint|p2a: Garchomp
|-damage|p1a: Dragonite|28/100|[from] item: Life Orb
|
|upkeep
|
|t:|1779645799
|switch|p2a: Heatran|Heatran, M|37/100
|-damage|p2a: Heatran|24/100|[from] Stealth Rock
|-damage|p2a: Heatran|12/100|[from] Spikes
|turn|13
|
|t:|1779645806
|move|p1a: Dragonite|Outrage|p2a: Heatran|[from] lockedmove
|-resisted|p2a: Heatran
|-damage|p2a: Heatran|0 fnt
|faint|p2a: Heatran
|-damage|p1a: Dragonite|18/100|[from] item: Life Orb
|-start|p1a: Dragonite|confusion|[fatigue]
|
|upkeep
|
|t:|1779645815
|switch|p2a: Raikou|Raikou|100/100
|-damage|p2a: Raikou|88/100|[from] Stealth Rock
|-item|p2a: Raikou|Air Balloon
|turn|14
|c|☆DomecQbiy|👀
|
|t:|1779645854
|-activate|p1a: Dragonite|confusion
|move|p1a: Dragonite|Extreme Speed|p2a: Raikou
|-damage|p2a: Raikou|0 fnt
|-enditem|p2a: Raikou|Air Balloon
|faint|p2a: Raikou
|-damage|p1a: Dragonite|9/100|[from] item: Life Orb
|
|upkeep
|n|!DomecQbiy|domecqbiy
|
|t:|1779645869
|switch|p2a: Corviknight|Corviknight, M, shiny|88/100
|-damage|p2a: Corviknight|75/100|[from] Stealth Rock
|-ability|p2a: Corviknight|Pressure
|turn|15
|l|☆samply amazing
|player|p1|
|inactive|Battle timer is ON: inactive players will automatically lose when time's up. (requested by DomecQbiy)
|j| pa!nfully_0rd1n4ry
|inactive|samply amazing has 30 seconds to reconnect!
|inactive|samply amazing has 20 seconds to reconnect!
|l| pa!nfully_0rd1n4ry
|j|☆samply amazing
|inactive|samply amazing reconnected and has 110 seconds left.
|player|p1|samply amazing|ethan|
|
|t:|1779645940
|-activate|p1a: Dragonite|confusion
|-damage|p1a: Dragonite|0 fnt|[from] confusion
|faint|p1a: Dragonite
|move|p2a: Corviknight|Body Press|p1: Dragonite|[notarget]
|-fail|p2a: Corviknight
|
|upkeep
|c|☆samply amazing|aw man
|
|t:|1779645957
|switch|p1a: Great Tusk|Great Tusk|100/100
|turn|16
|
|t:|1779645965
|move|p1a: Great Tusk|Bulk Up|p1a: Great Tusk
|-boost|p1a: Great Tusk|atk|1
|-boost|p1a: Great Tusk|def|1
|move|p2a: Corviknight|Body Press|p1a: Great Tusk
|-damage|p1a: Great Tusk|91/100
|
|upkeep
|turn|17
|
|t:|1779645984
|move|p1a: Great Tusk|Bulk Up|p1a: Great Tusk
|-boost|p1a: Great Tusk|atk|1
|-boost|p1a: Great Tusk|def|1
|move|p2a: Corviknight|Defog|p1a: Great Tusk
|-unboost|p1a: Great Tusk|evasion|1
|-sideend|p2: DomecQbiy|Spikes|[from] move: Defog|[of] p2a: Corviknight
|-sideend|p2: DomecQbiy|Stealth Rock|[from] move: Defog|[of] p2a: Corviknight
|
|upkeep
|turn|18
|
|t:|1779645998
|move|p1a: Great Tusk|Ice Spinner|p2a: Corviknight
|-damage|p2a: Corviknight|45/100
|-damage|p1a: Great Tusk|74/100|[from] item: Rocky Helmet|[of] p2a: Corviknight
|move|p2a: Corviknight|Defog|p1a: Great Tusk
|-unboost|p1a: Great Tusk|evasion|1
|
|upkeep
|turn|19
|
|t:|1779646008
|move|p1a: Great Tusk|Taunt|p2a: Corviknight
|-start|p2a: Corviknight|move: Taunt
|cant|p2a: Corviknight|move: Taunt|Iron Defense
|
|upkeep
|turn|20
|
|t:|1779646015
|move|p1a: Great Tusk|Ice Spinner|p2a: Corviknight
|-damage|p2a: Corviknight|13/100
|-damage|p1a: Great Tusk|58/100|[from] item: Rocky Helmet|[of] p2a: Corviknight
|move|p2a: Corviknight|Body Press|p1a: Great Tusk
|-damage|p1a: Great Tusk|50/100
|
|upkeep
|turn|21
|
|t:|1779646025
|-terastallize|p2a: Corviknight|Flying
|move|p1a: Great Tusk|Ice Spinner|p2a: Corviknight
|-supereffective|p2a: Corviknight
|-damage|p2a: Corviknight|0 fnt
|-damage|p1a: Great Tusk|34/100|[from] item: Rocky Helmet|[of] p2a: Corviknight
|faint|p2a: Corviknight
|
|win|samply amazing
|raw|samply amazing's rating: 1157 &rarr; <strong>1187</strong><br />(+30 for winning)
|raw|DomecQbiy's rating: 1231 &rarr; <strong>1201</strong><br />(-30 for losing)
|l|☆samply amazing
|player|p1|
|l|!DomecQbiy
|player|p2|
