|j|‽aaagislash
|j|☆throdup
|t:|1779704016
|gametype|singles
|player|p1|aaagislash|1|1500
|player|p2|throdup|miku-fairy|1520
|gen|9
|tier|[Gen 9] OU
|rated|
|rule|HP Percentage Mod: HP is shown in percentages
|rule|Endless Battle Clause: Forcing endless battles is banned
|rule|Species Clause: Limit one of each Pokémon
|rule|OHKO Clause: OHKO moves are banned
|rule|Evasion Items Clause: Evasion items are banned
|rule|Evasion Moves Clause: Evasion moves are banned
|rule|Evasion Abilities Clause: Evasion abilities are banned
|rule|Sleep Moves Clause: Sleep-inducing moves are banned
|clearpoke
|poke|p1|Kommo-o, M|
|poke|p1|Moltres|
|poke|p1|Iron Valiant|
|poke|p1|Meowscarada, F|
|poke|p1|Scizor, F|
|poke|p1|Great Tusk|
|poke|p2|Cresselia, F|
|poke|p2|Great Tusk|
|poke|p2|Walking Wake|
|poke|p2|Raging Bolt|
|poke|p2|Venusaur, M|
|poke|p2|Ninetales, M|
|teampreview
|
|t:|1779704039
|teamsize|p1|6
|teamsize|p2|6
|start
|switch|p1a: Kommo-o|Kommo-o, M|100/100
|switch|p2a: Ninetales|Ninetales, M|100/100
|-weather|SunnyDay|[from] ability: Drought|[of] p2a: Ninetales
|turn|1
|
|t:|1779704048
|move|p2a: Ninetales|Will-O-Wisp|p1a: Kommo-o
|-status|p1a: Kommo-o|brn
|move|p1a: Kommo-o|Dragon Dance|p1a: Kommo-o
|-boost|p1a: Kommo-o|atk|1
|-boost|p1a: Kommo-o|spe|1
|
|-weather|SunnyDay|[upkeep]
|-damage|p1a: Kommo-o|94/100 brn|[from] brn
|upkeep
|turn|2
|
|t:|1779704053
|move|p1a: Kommo-o|Stealth Rock|p2a: Ninetales
|-sidestart|p2: throdup|move: Stealth Rock
|move|p2a: Ninetales|Encore|p1a: Kommo-o
|-start|p1a: Kommo-o|Encore
|
|-weather|SunnyDay|[upkeep]
|-damage|p1a: Kommo-o|88/100 brn|[from] brn
|upkeep
|turn|3
|
|t:|1779704063
|switch|p1a: Iron Valiant|Iron Valiant|100/100
|-enditem|p1a: Iron Valiant|Booster Energy
|-activate|p1a: Iron Valiant|ability: Quark Drive|[fromitem]
|-start|p1a: Iron Valiant|quarkdrivespe
|switch|p2a: Great Tusk|Great Tusk|100/100
|-damage|p2a: Great Tusk|97/100|[from] Stealth Rock
|-activate|p2a: Great Tusk|ability: Protosynthesis
|-start|p2a: Great Tusk|protosynthesisspe
|
|-weather|SunnyDay|[upkeep]
|upkeep
|turn|4
|
|t:|1779704070
|-terastallize|p2a: Great Tusk|Steel
|move|p1a: Iron Valiant|Spirit Break|p2a: Great Tusk
|-resisted|p2a: Great Tusk
|-crit|p2a: Great Tusk
|-damage|p2a: Great Tusk|79/100
|-unboost|p2a: Great Tusk|spa|1
|-enditem|p2a: Great Tusk|Eject Pack
|
|t:|1779704081
|-end|p2a: Great Tusk|Protosynthesis|[silent]
|switch|p2a: Venusaur|Venusaur, M|100/100
|-damage|p2a: Venusaur|88/100|[from] Stealth Rock
|
|-weather|SunnyDay|[upkeep]
|upkeep
|turn|5
|
|t:|1779704089
|move|p2a: Venusaur|Weather Ball|p1a: Iron Valiant
|-damage|p1a: Iron Valiant|0 fnt
|faint|p1a: Iron Valiant
|-end|p1a: Iron Valiant|Quark Drive|[silent]
|-damage|p2a: Venusaur|78/100|[from] item: Life Orb
|
|-weather|SunnyDay|[upkeep]
|upkeep
|
|t:|1779704103
|switch|p1a: Meowscarada|Meowscarada, F|100/100
|turn|6
|
|t:|1779704123
|-terastallize|p1a: Meowscarada|Ghost
|move|p2a: Venusaur|Weather Ball|p1a: Meowscarada
|-damage|p1a: Meowscarada|15/100
|-enditem|p1a: Meowscarada|Liechi Berry|[eat]
|-boost|p1a: Meowscarada|atk|1|[from] item: Liechi Berry
|-damage|p2a: Venusaur|68/100|[from] item: Life Orb
|move|p1a: Meowscarada|Spikes|p2a: Venusaur
|-sidestart|p2: throdup|Spikes
|
|-weather|SunnyDay|[upkeep]
|upkeep
|turn|7
|
|t:|1779704133
|move|p1a: Meowscarada|Endure|p1a: Meowscarada
|-singleturn|p1a: Meowscarada|move: Endure
|move|p2a: Venusaur|Giga Drain|p1a: Meowscarada
|-activate|p1a: Meowscarada|move: Endure
|-damage|p1a: Meowscarada|1/100
|-heal|p2a: Venusaur|75/100|[from] drain|[of] p1a: Meowscarada
|-damage|p2a: Venusaur|65/100|[from] item: Life Orb
|
|-weather|SunnyDay|[upkeep]
|upkeep
|turn|8
|
|t:|1779704143
|move|p1a: Meowscarada|Sucker Punch|p2a: Venusaur
|-damage|p2a: Venusaur|0 fnt
|faint|p2a: Venusaur
|
|-weather|none
|upkeep
|
|t:|1779704160
|switch|p2a: Great Tusk|Great Tusk, tera:Steel|79/100
|-damage|p2a: Great Tusk|73/100|[from] Stealth Rock
|-damage|p2a: Great Tusk|61/100|[from] Spikes
|turn|9
|
|t:|1779704178
|switch|p1a: Great Tusk|Great Tusk|100/100
|-enditem|p1a: Great Tusk|Booster Energy
|-activate|p1a: Great Tusk|ability: Protosynthesis|[fromitem]
|-start|p1a: Great Tusk|protosynthesisatk
|move|p2a: Great Tusk|Knock Off|p1a: Great Tusk
|-resisted|p1a: Great Tusk
|-damage|p1a: Great Tusk|94/100
|
|upkeep
|turn|10
|
|t:|1779704195
|-end|p2a: Great Tusk|Protosynthesis|[silent]
|switch|p2a: Cresselia|Cresselia, F|100/100
|-damage|p2a: Cresselia|88/100|[from] Stealth Rock
|move|p1a: Great Tusk|Bulk Up|p1a: Great Tusk
|-boost|p1a: Great Tusk|atk|1
|-boost|p1a: Great Tusk|def|1
|
|upkeep
|turn|11
|
|t:|1779704204
|move|p1a: Great Tusk|Rapid Spin|p2a: Cresselia
|-damage|p2a: Cresselia|64/100
|-boost|p1a: Great Tusk|spe|1
|-enditem|p2a: Cresselia|Eject Button
|
|t:|1779704209
|switch|p2a: Ninetales|Ninetales, M|100/100
|-damage|p2a: Ninetales|76/100|[from] Stealth Rock
|-damage|p2a: Ninetales|64/100|[from] Spikes
|-weather|SunnyDay|[from] ability: Drought|[of] p2a: Ninetales
|
|-weather|SunnyDay|[upkeep]
|upkeep
|turn|12
|
|t:|1779704220
|switch|p2a: Cresselia|Cresselia, F|64/100
|-damage|p2a: Cresselia|52/100|[from] Stealth Rock
|move|p1a: Great Tusk|Headlong Rush|p2a: Cresselia
|-immune|p2a: Cresselia|[from] ability: Levitate
|
|-weather|SunnyDay|[upkeep]
|upkeep
|turn|13
|
|t:|1779704228
|move|p1a: Great Tusk|Rapid Spin|p2a: Cresselia
|-damage|p2a: Cresselia|27/100
|-boost|p1a: Great Tusk|spe|1
|move|p2a: Cresselia|Icy Wind|p1a: Great Tusk
|-supereffective|p1a: Great Tusk
|-damage|p1a: Great Tusk|66/100
|-unboost|p1a: Great Tusk|spe|1
|
|-weather|SunnyDay|[upkeep]
|upkeep
|turn|14
|
|t:|1779704234
|move|p1a: Great Tusk|Rapid Spin|p2a: Cresselia
|-damage|p2a: Cresselia|4/100
|-boost|p1a: Great Tusk|spe|1
|move|p2a: Cresselia|Icy Wind|p1a: Great Tusk|[miss]
|-miss|p2a: Cresselia|p1a: Great Tusk
|
|-weather|SunnyDay|[upkeep]
|upkeep
|turn|15
|
|t:|1779704242
|move|p1a: Great Tusk|Rapid Spin|p2a: Cresselia
|-damage|p2a: Cresselia|0 fnt
|-boost|p1a: Great Tusk|spe|1
|faint|p2a: Cresselia
|
|-weather|SunnyDay|[upkeep]
|upkeep
|
|t:|1779704249
|switch|p2a: Great Tusk|Great Tusk, tera:Steel|61/100
|-damage|p2a: Great Tusk|55/100|[from] Stealth Rock
|-damage|p2a: Great Tusk|42/100|[from] Spikes
|-activate|p2a: Great Tusk|ability: Protosynthesis
|-start|p2a: Great Tusk|protosynthesisspe
|turn|16
|-message|throdup forfeited.
|
|win|aaagislash
|raw|aaagislash's rating: 1500 &rarr; <strong>1521</strong><br />(+21 for winning)
|raw|throdup's rating: 1520 &rarr; <strong>1499</strong><br />(-21 for losing)
|l|☆throdup
|player|p2|
|l|‽aaagislash
|player|p1|
