|j|☆Alfredo_Arbuz
|j|☆kumcool
|t:|1779612559
|gametype|singles
|player|p1|Alfredo_Arbuz|ethan|1057
|player|p2|kumcool|lucas|1053
|gen|9
|tier|[Gen 9] OU
|rated|
|rule|HP Percentage Mod: HP is shown in percentages
|rule|Endless Battle Clause: Forcing endless battles is banned
|rule|Species Clause: Limit one of each Pokémon
|rule|OHKO Clause: OHKO moves are banned
|rule|Evasion Items Clause: Evasion items are banned
|rule|Evasion Moves Clause: Evasion moves are banned
|rule|Evasion Abilities Clause: Evasion abilities are banned
|rule|Sleep Moves Clause: Sleep-inducing moves are banned
|clearpoke
|poke|p1|Garchomp, M|
|poke|p1|Heracross, M|
|poke|p1|Zoroark-Hisui, M|
|poke|p1|Armarouge, M|
|poke|p1|Clodsire, F|
|poke|p1|Kilowattrel, F|
|poke|p2|Greninja-*, M|
|poke|p2|Pikachu-Partner, M|
|poke|p2|Charizard, M|
|poke|p2|Lucario, M|
|poke|p2|Cinderace, M|
|poke|p2|Incineroar, M|
|teampreview
|inactive|Battle timer is ON: inactive players will automatically lose when time's up. (requested by Alfredo_Arbuz)
|
|t:|1779612567
|teamsize|p1|6
|teamsize|p2|6
|start
|switch|p1a: Clodsire|Clodsire, F|100/100
|switch|p2a: Greninja|Greninja, M|100/100
|turn|1
|
|t:|1779612599
|move|p2a: Greninja|Water Shuriken|p1a: Clodsire
|-immune|p1a: Clodsire|[from] ability: Water Absorb
|move|p1a: Clodsire|Earthquake|p2a: Greninja
|-crit|p2a: Greninja
|-damage|p2a: Greninja|44/100
|-enditem|p2a: Greninja|Sitrus Berry|[eat]
|-heal|p2a: Greninja|69/100|[from] item: Sitrus Berry
|
|upkeep
|turn|2
|
|t:|1779612609
|move|p2a: Greninja|Acrobatics|p1a: Clodsire
|-damage|p1a: Clodsire|70/100
|move|p1a: Clodsire|Earthquake|p2a: Greninja
|-damage|p2a: Greninja|29/100
|
|-heal|p1a: Clodsire|76/100|[from] item: Leftovers
|upkeep
|turn|3
|
|t:|1779612622
|move|p2a: Greninja|Ice Beam|p1a: Clodsire
|-supereffective|p1a: Clodsire
|-damage|p1a: Clodsire|49/100
|move|p1a: Clodsire|Recover|p1a: Clodsire
|-heal|p1a: Clodsire|99/100
|
|-heal|p1a: Clodsire|100/100|[from] item: Leftovers
|upkeep
|turn|4
|
|t:|1779612631
|move|p2a: Greninja|Acrobatics|p1a: Clodsire
|-damage|p1a: Clodsire|72/100
|move|p1a: Clodsire|Earthquake|p2a: Greninja
|-damage|p2a: Greninja|0 fnt
|faint|p2a: Greninja
|
|-heal|p1a: Clodsire|79/100|[from] item: Leftovers
|upkeep
|inactive|kumcool has 120 seconds left.
|
|t:|1779612658
|switch|p2a: Incineroar|Incineroar, M, shiny|100/100
|turn|5
|inactive|kumcool has 120 seconds left.
|inactive|Alfredo_Arbuz has 120 seconds left.
|inactive|kumcool has 90 seconds left.
|inactive|Alfredo_Arbuz has 90 seconds left.
|inactive|Alfredo_Arbuz has 60 seconds left.
|inactive|Alfredo_Arbuz has 30 seconds left.
|
|t:|1779612787
|move|p2a: Incineroar|Darkest Lariat|p1a: Clodsire
|-damage|p1a: Clodsire|40/100
|move|p1a: Clodsire|Earthquake|p2a: Incineroar
|-supereffective|p2a: Incineroar
|-damage|p2a: Incineroar|49/100
|-enditem|p2a: Incineroar|Sitrus Berry|[eat]
|-heal|p2a: Incineroar|74/100|[from] item: Sitrus Berry
|
|-heal|p1a: Clodsire|46/100|[from] item: Leftovers
|upkeep
|turn|6
|
|t:|1779612799
|move|p2a: Incineroar|Facade|p1a: Clodsire
|-damage|p1a: Clodsire|25/100
|move|p1a: Clodsire|Recover|p1a: Clodsire
|-heal|p1a: Clodsire|75/100
|
|-heal|p1a: Clodsire|82/100|[from] item: Leftovers
|upkeep
|turn|7
|
|t:|1779612808
|move|p2a: Incineroar|Darkest Lariat|p1a: Clodsire
|-damage|p1a: Clodsire|38/100
|move|p1a: Clodsire|Earthquake|p2a: Incineroar
|-supereffective|p2a: Incineroar
|-damage|p2a: Incineroar|19/100
|
|-heal|p1a: Clodsire|44/100|[from] item: Leftovers
|upkeep
|turn|8
|
|t:|1779612818
|move|p2a: Incineroar|Darkest Lariat|p1a: Clodsire
|-damage|p1a: Clodsire|8/100
|move|p1a: Clodsire|Earthquake|p2a: Incineroar
|-supereffective|p2a: Incineroar
|-damage|p2a: Incineroar|0 fnt
|faint|p2a: Incineroar
|
|-heal|p1a: Clodsire|14/100|[from] item: Leftovers
|upkeep
|
|t:|1779612826
|switch|p2a: Cinderace|Cinderace, M|100/100
|-item|p2a: Cinderace|Air Balloon
|turn|9
|
|t:|1779612833
|move|p2a: Cinderace|Trailblaze|p1a: Clodsire
|-start|p2a: Cinderace|typechange|Grass|[from] ability: Libero
|-damage|p1a: Clodsire|0 fnt
|-boost|p2a: Cinderace|spe|1
|faint|p1a: Clodsire
|
|upkeep
|
|t:|1779612836
|switch|p1a: Kilowattrel|Kilowattrel, F|100/100
|turn|10
|inactive|kumcool has 90 seconds left.
|
|t:|1779612847
|move|p2a: Cinderace|Sucker Punch||[still]
|-fail|p2a: Cinderace
|move|p1a: Kilowattrel|Nasty Plot|p1a: Kilowattrel
|-boost|p1a: Kilowattrel|spa|2
|
|upkeep
|turn|11
|inactive|kumcool has 90 seconds left.
|
|t:|1779612854
|-terastallize|p1a: Kilowattrel|Normal
|move|p2a: Cinderace|Pyro Ball|p1a: Kilowattrel
|-damage|p1a: Kilowattrel|37/100
|replace|p1a: Zoroark|Zoroark-Hisui, M
|-end|p1a: Zoroark|Illusion
|move|p1a: Zoroark|Hyper Voice|p2a: Cinderace
|-damage|p2a: Cinderace|0 fnt
|-enditem|p2a: Cinderace|Air Balloon
|faint|p2a: Cinderace
|
|upkeep
|inactive|kumcool has 90 seconds left.
|
|t:|1779612870
|switch|p2a: Lucario|Lucario, M, shiny|100/100
|turn|12
|
|t:|1779612876
|move|p1a: Zoroark|Flamethrower|p2a: Lucario
|-supereffective|p2a: Lucario
|-damage|p2a: Lucario|0 fnt
|faint|p2a: Lucario
|
|upkeep
|
|t:|1779612883
|switch|p2a: Charizard|Charizard, M, shiny|100/100
|turn|13
|inactive|kumcool has 90 seconds left.
|inactive|Alfredo_Arbuz has 90 seconds left.
|inactive|Alfredo_Arbuz has 60 seconds left.
|l|☆Alfredo_Arbuz
|inactive|Alfredo_Arbuz disconnected and has a minute to reconnect!
|player|p1|
|inactive|Alfredo_Arbuz has 30 seconds left.
|inactive|Alfredo_Arbuz has 20 seconds left.
|inactive|Alfredo_Arbuz has 15 seconds left.
|inactive|Alfredo_Arbuz has 10 seconds left.
|inactive|kumcool has 60 seconds left.
|inactive|Alfredo_Arbuz has 5 seconds left.
|-message|Alfredo_Arbuz lost due to inactivity.
|
|win|kumcool
|raw|Alfredo_Arbuz's rating: 1057 &rarr; <strong>1038</strong><br />(-19 for losing)
|raw|kumcool's rating: 1053 &rarr; <strong>1085</strong><br />(+32 for winning)
|l|☆kumcool
|player|p2|
