|j|☆the flavius
|j|☆badhippies
|t:|1779562400
|gametype|singles
|player|p1|the flavius|cynthia|1285
|player|p2|badhippies|102|1299
|gen|9
|tier|[Gen 9] OU
|rated|
|rule|HP Percentage Mod: HP is shown in percentages
|rule|Endless Battle Clause: Forcing endless battles is banned
|rule|Species Clause: Limit one of each Pokémon
|rule|OHKO Clause: OHKO moves are banned
|rule|Evasion Items Clause: Evasion items are banned
|rule|Evasion Moves Clause: Evasion moves are banned
|rule|Evasion Abilities Clause: Evasion abilities are banned
|rule|Sleep Moves Clause: Sleep-inducing moves are banned
|clearpoke
|poke|p1|Spiritomb, F|
|poke|p1|Araquanid, F|
|poke|p1|Braviary, M|
|poke|p1|Lucario, M|
|poke|p1|Milotic, M|
|poke|p1|Garchomp, F|
|poke|p2|Landorus-Therian, M|
|poke|p2|Heatran, F|
|poke|p2|Gliscor, F|
|poke|p2|Slowking, M|
|poke|p2|Tyranitar, M|
|poke|p2|Dragonite, F|
|teampreview
|inactive|Battle timer is ON: inactive players will automatically lose when time's up. (requested by badhippies)
|
|t:|1779562416
|teamsize|p1|6
|teamsize|p2|6
|start
|switch|p1a: Spiritomb|Spiritomb, F|100/100
|switch|p2a: Landorus|Landorus-Therian, M|100/100
|-ability|p2a: Landorus|Intimidate|boost
|-unboost|p1a: Spiritomb|atk|1
|turn|1
|
|t:|1779562432
|move|p2a: Landorus|U-turn|p1a: Spiritomb
|-damage|p1a: Spiritomb|72/100
|
|t:|1779562435
|switch|p2a: Tyranitar|Tyranitar, M|100/100|[from] U-turn
|-weather|Sandstorm|[from] ability: Sand Stream|[of] p2a: Tyranitar
|move|p1a: Spiritomb|Will-O-Wisp|p2a: Tyranitar
|-status|p2a: Tyranitar|brn
|
|-weather|Sandstorm|[upkeep]
|-damage|p1a: Spiritomb|66/100|[from] Sandstorm
|-damage|p2a: Tyranitar|94/100 brn|[from] brn
|upkeep
|turn|2
|
|t:|1779562444
|move|p2a: Tyranitar|Stealth Rock|p1a: Spiritomb
|-sidestart|p1: the flavius|move: Stealth Rock
|move|p1a: Spiritomb|Pain Split|p2a: Tyranitar
|-sethp|p2a: Tyranitar|72/100 brn|[from] move: Pain Split|[silent]
|-sethp|p1a: Spiritomb|96/100|[from] move: Pain Split
|
|-weather|Sandstorm|[upkeep]
|-damage|p1a: Spiritomb|90/100|[from] Sandstorm
|-damage|p2a: Tyranitar|66/100 brn|[from] brn
|upkeep
|turn|3
|
|t:|1779562451
|move|p2a: Tyranitar|Knock Off|p1a: Spiritomb
|-damage|p1a: Spiritomb|73/100
|-enditem|p1a: Spiritomb|Zoom Lens|[from] move: Knock Off|[of] p2a: Tyranitar
|move|p1a: Spiritomb|Poltergeist|p2a: Tyranitar
|-activate|p2a: Tyranitar|move: Poltergeist|Chople Berry
|-resisted|p2a: Tyranitar
|-damage|p2a: Tyranitar|56/100 brn
|
|-weather|Sandstorm|[upkeep]
|-damage|p1a: Spiritomb|67/100|[from] Sandstorm
|-damage|p2a: Tyranitar|50/100 brn|[from] brn
|upkeep
|turn|4
|
|t:|1779562470
|move|p2a: Tyranitar|Thunder Wave|p1a: Spiritomb
|-status|p1a: Spiritomb|par
|move|p1a: Spiritomb|Pain Split|p2a: Tyranitar
|-sethp|p2a: Tyranitar|50/100 brn|[from] move: Pain Split|[silent]
|-sethp|p1a: Spiritomb|67/100 par|[from] move: Pain Split
|
|-weather|Sandstorm|[upkeep]
|-damage|p1a: Spiritomb|61/100 par|[from] Sandstorm
|-damage|p2a: Tyranitar|44/100 brn|[from] brn
|upkeep
|turn|5
|
|t:|1779562482
|move|p2a: Tyranitar|Ice Beam|p1a: Spiritomb
|-damage|p1a: Spiritomb|41/100 par
|cant|p1a: Spiritomb|par
|
|-weather|none
|-damage|p2a: Tyranitar|38/100 brn|[from] brn
|upkeep
|turn|6
|
|t:|1779562493
|switch|p2a: Landorus|Landorus-Therian, M|100/100
|-ability|p2a: Landorus|Intimidate|boost
|-unboost|p1a: Spiritomb|atk|1
|switch|p1a: Rain|Milotic, M|100/100
|-damage|p1a: Rain|88/100|[from] Stealth Rock
|
|-heal|p1a: Rain|94/100|[from] item: Leftovers
|upkeep
|turn|7
|
|t:|1779562505
|move|p2a: Landorus|U-turn|p1a: Rain
|-damage|p1a: Rain|54/100
|
|t:|1779562508
|switch|p2a: Slowking|Slowking, M|100/100|[from] U-turn
|move|p1a: Rain|Scald|p2a: Slowking
|-resisted|p2a: Slowking
|-crit|p2a: Slowking
|-damage|p2a: Slowking|88/100
|
|-heal|p1a: Rain|60/100|[from] item: Leftovers
|upkeep
|turn|8
|
|t:|1779562516
|move|p1a: Rain|Wrap|p2a: Slowking
|-damage|p2a: Slowking|86/100
|-activate|p2a: Slowking|move: Wrap|[of] p1a: Rain
|move|p2a: Slowking|Future Sight|p1a: Rain
|-start|p2a: Slowking|move: Future Sight
|
|-heal|p1a: Rain|66/100|[from] item: Leftovers
|-damage|p2a: Slowking|73/100|[from] move: Wrap|[partiallytrapped]
|upkeep
|turn|9
|
|t:|1779562523
|move|p1a: Rain|Scald|p2a: Slowking
|-resisted|p2a: Slowking
|-damage|p2a: Slowking|65/100
|-status|p2a: Slowking|brn
|-prepare|p2a: Slowking|Chilly Reception|[premajor]
|move|p2a: Slowking|Chilly Reception|p2a: Slowking
|-weather|Snowscape
|
|t:|1779562526
|switch|p2a: Landorus|Landorus-Therian, M|100/100|[from] Chilly Reception
|-ability|p2a: Landorus|Intimidate|boost
|-unboost|p1a: Rain|atk|1
|
|-weather|Snowscape|[upkeep]
|-heal|p1a: Rain|72/100|[from] item: Leftovers
|upkeep
|turn|10
|
|t:|1779562536
|switch|p1a: Spiritomb|Spiritomb, F|41/100 par
|-damage|p1a: Spiritomb|29/100 par|[from] Stealth Rock
|move|p2a: Landorus|Fly||[still]
|-prepare|p2a: Landorus|Fly
|
|-weather|Snowscape|[upkeep]
|-end|p1a: Spiritomb|move: Future Sight
|-immune|p1a: Spiritomb
|upkeep
|turn|11
|c|☆badhippies|uh oh
|
|t:|1779562547
|switch|p1a: Garchomp|Garchomp, F|100/100
|-damage|p1a: Garchomp|94/100|[from] Stealth Rock
|move|p2a: Landorus|Fly|p1a: Garchomp|[from] lockedmove
|-damage|p1a: Garchomp|13/100
|-damage|p2a: Landorus|88/100|[from] ability: Rough Skin|[of] p1a: Garchomp
|
|-weather|Snowscape|[upkeep]
|upkeep
|turn|12
|
|t:|1779562560
|switch|p2a: Tyranitar|Tyranitar, M|38/100 brn
|-weather|Sandstorm|[from] ability: Sand Stream|[of] p2a: Tyranitar
|move|p1a: Garchomp|Rock Slide|p2a: Tyranitar
|-damage|p2a: Tyranitar|16/100 brn
|
|-weather|Sandstorm|[upkeep]
|-damage|p2a: Tyranitar|10/100 brn|[from] brn
|upkeep
|turn|13
|
|t:|1779562577
|move|p1a: Garchomp|Rock Slide|p2a: Tyranitar
|-damage|p2a: Tyranitar|0 fnt
|faint|p2a: Tyranitar
|
|-weather|Sandstorm|[upkeep]
|upkeep
|
|t:|1779562581
|switch|p2a: Dragonite|Dragonite, F|100/100
|turn|14
|
|t:|1779562583
|move|p2a: Dragonite|Extreme Speed|p1a: Garchomp
|-damage|p1a: Garchomp|0 fnt
|-damage|p2a: Dragonite|88/100|[from] ability: Rough Skin|[of] p1a: Garchomp
|faint|p1a: Garchomp
|
|-weather|Sandstorm|[upkeep]
|-damage|p2a: Dragonite|82/100|[from] Sandstorm
|upkeep
|
|t:|1779562591
|switch|p1a: Braviary|Braviary, M|100/100
|turn|15
|
|t:|1779562600
|move|p1a: Braviary|Defog|p2a: Dragonite
|-unboost|p2a: Dragonite|evasion|1
|-sideend|p1: the flavius|Stealth Rock|[from] move: Defog|[of] p1a: Braviary
|move|p2a: Dragonite|Dragon Tail|p1a: Braviary
|-damage|p1a: Braviary|67/100
|drag|p1a: Araquanid|Araquanid, F|100/100
|
|-weather|Sandstorm|[upkeep]
|-damage|p2a: Dragonite|76/100|[from] Sandstorm
|-damage|p1a: Araquanid|94/100|[from] Sandstorm
|upkeep
|turn|16
|
|t:|1779562621
|switch|p2a: Landorus|Landorus-Therian, M|88/100
|-ability|p2a: Landorus|Intimidate|boost
|-unboost|p1a: Araquanid|atk|1
|switch|p1a: Spiritomb|Spiritomb, F|29/100 par
|
|-weather|none
|upkeep
|turn|17
|
|t:|1779562630
|switch|p1a: Araquanid|Araquanid, F|94/100
|move|p2a: Landorus|U-turn|p1a: Araquanid
|-damage|p1a: Araquanid|49/100
|
|t:|1779562641
|switch|p2a: Gliscor|Gliscor, F|100/100|[from] U-turn
|
|-status|p2a: Gliscor|tox|[from] item: Toxic Orb
|upkeep
|turn|18
|
|t:|1779562658
|-terastallize|p2a: Gliscor|Normal
|move|p2a: Gliscor|Swords Dance|p2a: Gliscor
|-boost|p2a: Gliscor|atk|2
|move|p1a: Araquanid|Liquidation|p2a: Gliscor
|-damage|p2a: Gliscor|41/100 tox
|
|-heal|p2a: Gliscor|53/100 tox|[from] ability: Poison Heal
|upkeep
|turn|19
|
|t:|1779562667
|move|p2a: Gliscor|Facade|p1a: Araquanid
|-crit|p1a: Araquanid
|-damage|p1a: Araquanid|0 fnt
|faint|p1a: Araquanid
|
|-heal|p2a: Gliscor|66/100 tox|[from] ability: Poison Heal
|upkeep
|
|t:|1779562670
|switch|p1a: Lucario|Lucario, M|100/100
|turn|20
|
|t:|1779562678
|move|p2a: Gliscor|Earthquake|p1a: Lucario
|-supereffective|p1a: Lucario
|-enditem|p1a: Lucario|Focus Sash
|-damage|p1a: Lucario|1/100
|move|p1a: Lucario|Aura Sphere|p2a: Gliscor
|-supereffective|p2a: Gliscor
|-damage|p2a: Gliscor|0 fnt
|faint|p2a: Gliscor
|
|upkeep
|
|t:|1779562683
|switch|p2a: Dragonite|Dragonite, F|76/100
|turn|21
|
|t:|1779562691
|switch|p1a: Spiritomb|Spiritomb, F|29/100 par
|move|p2a: Dragonite|Extreme Speed|p1a: Spiritomb
|-immune|p1a: Spiritomb
|
|upkeep
|turn|22
|
|t:|1779562700
|switch|p2a: Heatran|Heatran, F|100/100
|-item|p2a: Heatran|Air Balloon
|move|p1a: Spiritomb|Pain Split|p2a: Heatran
|-sethp|p2a: Heatran|62/100|[from] move: Pain Split|[silent]
|-sethp|p1a: Spiritomb|78/100 par|[from] move: Pain Split
|
|upkeep
|turn|23
|
|t:|1779562708
|switch|p1a: Rain|Milotic, M|72/100
|move|p2a: Heatran|Magma Storm|p1a: Rain
|-resisted|p1a: Rain
|-damage|p1a: Rain|59/100
|-activate|p1a: Rain|move: Magma Storm|[of] p2a: Heatran
|
|-heal|p1a: Rain|66/100|[from] item: Leftovers
|-damage|p1a: Rain|53/100|[from] move: Magma Storm|[partiallytrapped]
|upkeep
|turn|24
|
|t:|1779562719
|move|p1a: Rain|Scald|p2a: Heatran
|-supereffective|p2a: Heatran
|-damage|p2a: Heatran|27/100
|-enditem|p2a: Heatran|Air Balloon
|move|p2a: Heatran|Will-O-Wisp|p1a: Rain
|-status|p1a: Rain|brn
|
|-heal|p1a: Rain|59/100 brn|[from] item: Leftovers
|-damage|p1a: Rain|53/100 brn|[from] brn
|-damage|p1a: Rain|41/100 brn|[from] move: Magma Storm|[partiallytrapped]
|upkeep
|turn|25
|
|t:|1779562742
|move|p1a: Rain|Recover|p1a: Rain
|-heal|p1a: Rain|91/100 brn
|move|p2a: Heatran|Earth Power|p1a: Rain
|-damage|p1a: Rain|76/100 brn
|
|-heal|p1a: Rain|82/100 brn|[from] item: Leftovers
|-damage|p1a: Rain|76/100 brn|[from] brn
|-damage|p1a: Rain|64/100 brn|[from] move: Magma Storm|[partiallytrapped]
|upkeep
|turn|26
|
|t:|1779562747
|move|p1a: Rain|Scald|p2a: Heatran
|-supereffective|p2a: Heatran
|-damage|p2a: Heatran|0 fnt
|faint|p2a: Heatran
|
|-heal|p1a: Rain|70/100 brn|[from] item: Leftovers
|-damage|p1a: Rain|64/100 brn|[from] brn
|-end|p1a: Rain|Magma Storm|[partiallytrapped]|[silent]
|upkeep
|
|t:|1779562749
|switch|p2a: Landorus|Landorus-Therian, M|88/100
|-ability|p2a: Landorus|Intimidate|boost
|-unboost|p1a: Rain|atk|1
|turn|27
|
|t:|1779562757
|move|p2a: Landorus|Fly||[still]
|-prepare|p2a: Landorus|Fly
|move|p1a: Rain|Scald|p2a: Landorus|[miss]
|-miss|p1a: Rain|p2a: Landorus
|
|-heal|p1a: Rain|70/100 brn|[from] item: Leftovers
|-damage|p1a: Rain|64/100 brn|[from] brn
|upkeep
|turn|28
|
|t:|1779562761
|switch|p1a: Lucario|Lucario, M|1/100
|move|p2a: Landorus|Fly|p1a: Lucario|[from] lockedmove
|-damage|p1a: Lucario|0 fnt
|faint|p1a: Lucario
|
|upkeep
|
|t:|1779562764
|switch|p1a: Rain|Milotic, M|64/100 brn
|turn|29
|
|t:|1779562767
|move|p2a: Landorus|Fly||[still]
|-prepare|p2a: Landorus|Fly
|move|p1a: Rain|Recover|p1a: Rain
|-heal|p1a: Rain|100/100 brn
|
|-damage|p1a: Rain|94/100 brn|[from] brn
|upkeep
|turn|30
|
|t:|1779562771
|move|p2a: Landorus|Fly|p1a: Rain|[from] lockedmove
|-damage|p1a: Rain|45/100 brn
|move|p1a: Rain|Scald|p2a: Landorus
|-supereffective|p2a: Landorus
|-damage|p2a: Landorus|21/100
|-status|p2a: Landorus|brn
|
|-heal|p1a: Rain|51/100 brn|[from] item: Leftovers
|-damage|p2a: Landorus|15/100 brn|[from] brn
|-damage|p1a: Rain|45/100 brn|[from] brn
|upkeep
|turn|31
|c|☆the flavius|gg form landorus
|c|☆the flavius|from*
|inactive|badhippies has 120 seconds left.
|c|☆badhippies|i thought fly would fry milotic
|c|☆badhippies|but marvel scale :(
|
|t:|1779562828
|switch|p2a: Slowking|Slowking, M|99/100 brn
|move|p1a: Rain|Recover|p1a: Rain
|-heal|p1a: Rain|95/100 brn
|
|-heal|p1a: Rain|100/100 brn|[from] item: Leftovers
|-damage|p1a: Rain|94/100 brn|[from] brn
|-damage|p2a: Slowking|93/100 brn|[from] brn
|upkeep
|turn|32
|
|t:|1779562837
|move|p1a: Rain|Wrap|p2a: Slowking
|-damage|p2a: Slowking|91/100 brn
|-activate|p2a: Slowking|move: Wrap|[of] p1a: Rain
|move|p2a: Slowking|Future Sight|p1a: Rain
|-start|p2a: Slowking|move: Future Sight
|
|-heal|p1a: Rain|100/100 brn|[from] item: Leftovers
|-damage|p1a: Rain|94/100 brn|[from] brn
|-damage|p2a: Slowking|85/100 brn|[from] brn
|-damage|p2a: Slowking|73/100 brn|[from] move: Wrap|[partiallytrapped]
|upkeep
|turn|33
|
|t:|1779562850
|switch|p1a: Spiritomb|Spiritomb, F|78/100 par
|-prepare|p2a: Slowking|Chilly Reception|[premajor]
|move|p2a: Slowking|Chilly Reception|p2a: Slowking
|-weather|Snowscape
|
|t:|1779562857
|switch|p2a: Dragonite|Dragonite, F|76/100|[from] Chilly Reception
|
|-weather|Snowscape|[upkeep]
|upkeep
|turn|34
|
|t:|1779562867
|move|p2a: Dragonite|Dragon Dance|p2a: Dragonite
|-boost|p2a: Dragonite|atk|1
|-boost|p2a: Dragonite|spe|1
|move|p1a: Spiritomb|Will-O-Wisp|p2a: Dragonite
|-status|p2a: Dragonite|brn
|
|-weather|Snowscape|[upkeep]
|-end|p1a: Spiritomb|move: Future Sight
|-immune|p1a: Spiritomb
|-damage|p2a: Dragonite|70/100 brn|[from] brn
|upkeep
|turn|35
|
|t:|1779562877
|switch|p1a: Rain|Milotic, M|94/100 brn
|move|p2a: Dragonite|Dragon Dance|p2a: Dragonite
|-boost|p2a: Dragonite|atk|1
|-boost|p2a: Dragonite|spe|1
|
|-weather|Snowscape|[upkeep]
|-heal|p1a: Rain|100/100 brn|[from] item: Leftovers
|-damage|p2a: Dragonite|63/100 brn|[from] brn
|-damage|p1a: Rain|94/100 brn|[from] brn
|upkeep
|turn|36
|inactive|badhippies has 120 seconds left.
|
|t:|1779562882
|move|p2a: Dragonite|Earthquake|p1a: Rain
|-damage|p1a: Rain|71/100 brn
|move|p1a: Rain|Haze|p1a: Rain
|-clearallboost
|
|-weather|Snowscape|[upkeep]
|-heal|p1a: Rain|77/100 brn|[from] item: Leftovers
|-damage|p2a: Dragonite|57/100 brn|[from] brn
|-damage|p1a: Rain|71/100 brn|[from] brn
|upkeep
|turn|37
|
|t:|1779562885
|switch|p2a: Slowking|Slowking, M|100/100 brn
|move|p1a: Rain|Wrap|p2a: Slowking
|-damage|p2a: Slowking|99/100 brn
|-activate|p2a: Slowking|move: Wrap|[of] p1a: Rain
|
|-weather|none
|-heal|p1a: Rain|77/100 brn|[from] item: Leftovers
|-damage|p1a: Rain|71/100 brn|[from] brn
|-damage|p2a: Slowking|93/100 brn|[from] brn
|-damage|p2a: Slowking|81/100 brn|[from] move: Wrap|[partiallytrapped]
|upkeep
|turn|38
|
|t:|1779562890
|switch|p1a: Braviary|Braviary, M|67/100
|move|p2a: Slowking|Future Sight|p1a: Braviary
|-start|p2a: Slowking|move: Future Sight
|
|-damage|p2a: Slowking|75/100 brn|[from] brn
|-end|p2a: Slowking|Wrap|[partiallytrapped]|[silent]
|upkeep
|turn|39
|
|t:|1779562896
|move|p1a: Braviary|U-turn|p2a: Slowking
|-supereffective|p2a: Slowking
|-damage|p2a: Slowking|16/100 brn
|
|t:|1779562899
|switch|p1a: Spiritomb|Spiritomb, F|78/100 par|[from] U-turn
|move|p2a: Slowking|Scald|p1a: Spiritomb
|-damage|p1a: Spiritomb|49/100 par
|
|-damage|p2a: Slowking|10/100 brn|[from] brn
|upkeep
|turn|40
|
|t:|1779562910
|-prepare|p2a: Slowking|Chilly Reception|[premajor]
|move|p2a: Slowking|Chilly Reception|p2a: Slowking
|-weather|Snowscape
|
|t:|1779562914
|switch|p2a: Landorus|Landorus-Therian, M|15/100 brn|[from] Chilly Reception
|-ability|p2a: Landorus|Intimidate|boost
|-unboost|p1a: Spiritomb|atk|1
|move|p1a: Spiritomb|Poltergeist|p2a: Landorus
|-activate|p2a: Landorus|move: Poltergeist|Choice Band
|-damage|p2a: Landorus|0 fnt
|faint|p2a: Landorus
|
|-weather|Snowscape|[upkeep]
|-end|p1a: Spiritomb|move: Future Sight
|-immune|p1a: Spiritomb
|upkeep
|-message|badhippies forfeited.
|
|win|the flavius
|raw|the flavius's rating: 1285 &rarr; <strong>1311</strong><br />(+26 for winning)
|raw|badhippies's rating: 1299 &rarr; <strong>1273</strong><br />(-26 for losing)
|c|☆the flavius|cynthia winners
|l|☆the flavius
|player|p1|
|l|☆badhippies
|player|p2|
