|j|☆Faeril
|j|☆longmadg
|t:|1779703631
|gametype|singles
|player|p1|Faeril|266|1002
|player|p2|longmadg|roxie|1028
|gen|9
|tier|[Gen 9] OU
|rated|
|rule|HP Percentage Mod: HP is shown in percentages
|rule|Endless Battle Clause: Forcing endless battles is banned
|rule|Species Clause: Limit one of each Pokémon
|rule|OHKO Clause: OHKO moves are banned
|rule|Evasion Items Clause: Evasion items are banned
|rule|Evasion Moves Clause: Evasion moves are banned
|rule|Evasion Abilities Clause: Evasion abilities are banned
|rule|Sleep Moves Clause: Sleep-inducing moves are banned
|clearpoke
|poke|p1|Garganacl, M|
|poke|p1|Gholdengo|
|poke|p1|Samurott-Hisui, M|
|poke|p1|Walking Wake|
|poke|p1|Enamorus, F|
|poke|p1|Tornadus-Therian, M|
|poke|p2|Pelipper, M|
|poke|p2|Greninja-*, M|
|poke|p2|Zapdos|
|poke|p2|Kingdra, F|
|poke|p2|Rotom-Wash|
|poke|p2|Toxapex, M|
|teampreview
|inactive|Battle timer is ON: inactive players will automatically lose when time's up. (requested by longmadg)
|
|t:|1779703653
|teamsize|p1|6
|teamsize|p2|6
|start
|switch|p1a: Gholdengo|Gholdengo|100/100
|switch|p2a: Pelipper|Pelipper, M, shiny|100/100
|-weather|RainDance|[from] ability: Drizzle|[of] p2a: Pelipper
|turn|1
|
|t:|1779703664
|switch|p2a: Rotom|Rotom-Wash|100/100
|-terastallize|p1a: Gholdengo|Electric
|move|p1a: Gholdengo|Thunder|p2a: Rotom
|-damage|p2a: Rotom|14/100
|
|-weather|RainDance|[upkeep]
|-heal|p2a: Rotom|21/100|[from] item: Leftovers
|upkeep
|turn|2
|
|t:|1779703673
|move|p1a: Gholdengo|Thunder|p2a: Rotom
|-damage|p2a: Rotom|0 fnt
|faint|p2a: Rotom
|
|-weather|RainDance|[upkeep]
|upkeep
|
|t:|1779703688
|switch|p2a: Zapdos|Zapdos, shiny|100/100
|turn|3
|
|t:|1779703699
|switch|p1a: Garganacl|Garganacl, M, shiny|100/100
|move|p2a: Zapdos|Thunderbolt|p1a: Garganacl
|-damage|p1a: Garganacl|61/100
|
|-weather|RainDance|[upkeep]
|-heal|p1a: Garganacl|67/100|[from] item: Leftovers
|upkeep
|turn|4
|
|t:|1779703704
|move|p2a: Zapdos|Volt Switch|p1a: Garganacl
|-damage|p1a: Garganacl|37/100
|
|t:|1779703712
|switch|p2a: Greninja|Greninja, M, shiny|100/100|[from] Volt Switch
|move|p1a: Garganacl|Salt Cure|p2a: Greninja
|-damage|p2a: Greninja|77/100
|-start|p2a: Greninja|Salt Cure
|
|-weather|RainDance|[upkeep]
|-heal|p1a: Garganacl|43/100|[from] item: Leftovers
|-damage|p2a: Greninja|52/100|[from] Salt Cure
|upkeep
|turn|5
|
|t:|1779703722
|switch|p1a: Samurott|Samurott-Hisui, M|100/100
|move|p2a: Greninja|Surf|p1a: Samurott
|-start|p2a: Greninja|typechange|Water|[from] ability: Protean
|-resisted|p1a: Samurott
|-damage|p1a: Samurott|55/100
|
|-weather|RainDance|[upkeep]
|-damage|p2a: Greninja|28/100|[from] Salt Cure
|upkeep
|turn|6
|
|t:|1779703731
|switch|p2a: Zapdos|Zapdos, shiny|100/100
|move|p1a: Samurott|Ceaseless Edge|p2a: Zapdos
|-damage|p2a: Zapdos|49/100
|-damage|p1a: Samurott|38/100|[from] item: Rocky Helmet|[of] p2a: Zapdos
|-sidestart|p2: longmadg|Spikes
|
|-weather|RainDance|[upkeep]
|upkeep
|turn|7
|
|t:|1779703739
|move|p1a: Samurott|Aqua Jet|p2a: Zapdos
|-damage|p2a: Zapdos|16/100
|-damage|p1a: Samurott|22/100|[from] item: Rocky Helmet|[of] p2a: Zapdos
|-status|p1a: Samurott|par|[from] ability: Static|[of] p2a: Zapdos
|move|p2a: Zapdos|Volt Switch|p1a: Samurott
|-supereffective|p1a: Samurott
|-damage|p1a: Samurott|0 fnt
|faint|p1a: Samurott
|
|t:|1779703743
|switch|p2a: Toxapex|Toxapex, M, shiny|100/100|[from] Volt Switch
|-damage|p2a: Toxapex|88/100|[from] Spikes
|
|-weather|RainDance|[upkeep]
|-heal|p2a: Toxapex|94/100|[from] item: Black Sludge
|upkeep
|
|t:|1779703761
|switch|p1a: Gholdengo|Gholdengo, tera:Electric|100/100
|turn|8
|
|t:|1779703772
|move|p1a: Gholdengo|Make It Rain|p2a: Toxapex
|-resisted|p2a: Toxapex
|-damage|p2a: Toxapex|63/100
|-unboost|p1a: Gholdengo|spa|1
|move|p2a: Toxapex|Toxic Spikes|p1a: Gholdengo
|-sidestart|p1: Faeril|move: Toxic Spikes
|
|-weather|none
|-heal|p2a: Toxapex|70/100|[from] item: Black Sludge
|upkeep
|turn|9
|
|t:|1779703783
|switch|p1a: Enamorus|Enamorus, F|100/100
|move|p2a: Toxapex|Toxic Spikes|p1a: Enamorus
|-sidestart|p1: Faeril|move: Toxic Spikes
|
|-heal|p2a: Toxapex|76/100|[from] item: Black Sludge
|upkeep
|turn|10
|
|t:|1779703788
|move|p1a: Enamorus|Calm Mind|p1a: Enamorus
|-boost|p1a: Enamorus|spa|1
|-boost|p1a: Enamorus|spd|1
|move|p2a: Toxapex|Ice Beam|p1a: Enamorus
|-supereffective|p1a: Enamorus
|-damage|p1a: Enamorus|76/100
|-enditem|p1a: Enamorus|Weakness Policy
|-boost|p1a: Enamorus|atk|2|[from] item: Weakness Policy
|-boost|p1a: Enamorus|spa|2|[from] item: Weakness Policy
|
|-heal|p2a: Toxapex|82/100|[from] item: Black Sludge
|upkeep
|turn|11
|
|t:|1779703801
|move|p1a: Enamorus|Psychic|p2a: Toxapex
|-supereffective|p2a: Toxapex
|-damage|p2a: Toxapex|0 fnt
|faint|p2a: Toxapex
|
|upkeep
|
|t:|1779703805
|switch|p2a: Pelipper|Pelipper, M, shiny|100/100
|-weather|RainDance|[from] ability: Drizzle|[of] p2a: Pelipper
|turn|12
|
|t:|1779703815
|move|p1a: Enamorus|Springtide Storm|p2a: Pelipper
|-damage|p2a: Pelipper|0 fnt
|faint|p2a: Pelipper
|
|-weather|RainDance|[upkeep]
|upkeep
|
|t:|1779703818
|switch|p2a: Kingdra|Kingdra, F, shiny|100/100
|-damage|p2a: Kingdra|88/100|[from] Spikes
|turn|13
|
|t:|1779703820
|move|p2a: Kingdra|Ice Beam|p1a: Enamorus
|-supereffective|p1a: Enamorus
|-damage|p1a: Enamorus|6/100
|move|p1a: Enamorus|Springtide Storm|p2a: Kingdra
|-supereffective|p2a: Kingdra
|-damage|p2a: Kingdra|0 fnt
|faint|p2a: Kingdra
|
|-weather|RainDance|[upkeep]
|upkeep
|
|t:|1779703824
|switch|p2a: Greninja|Greninja, M, shiny|28/100
|-damage|p2a: Greninja|15/100|[from] Spikes
|turn|14
|
|t:|1779703830
|move|p2a: Greninja|Ice Beam|p1a: Enamorus
|-start|p2a: Greninja|typechange|Ice|[from] ability: Protean
|-supereffective|p1a: Enamorus
|-damage|p1a: Enamorus|0 fnt
|faint|p1a: Enamorus
|
|-weather|RainDance|[upkeep]
|upkeep
|
|t:|1779703836
|switch|p1a: Garganacl|Garganacl, M, shiny|43/100
|turn|15
|
|t:|1779703842
|switch|p2a: Zapdos|Zapdos, shiny|16/100
|move|p1a: Garganacl|Recover|p1a: Garganacl
|-heal|p1a: Garganacl|93/100
|
|-weather|RainDance|[upkeep]
|-heal|p1a: Garganacl|99/100|[from] item: Leftovers
|upkeep
|turn|16
|
|t:|1779703852
|move|p2a: Zapdos|Roost|p2a: Zapdos
|-heal|p2a: Zapdos|66/100
|-singleturn|p2a: Zapdos|move: Roost
|move|p1a: Garganacl|Salt Cure|p2a: Zapdos
|-damage|p2a: Zapdos|51/100
|-start|p2a: Zapdos|Salt Cure
|
|-weather|RainDance|[upkeep]
|-heal|p1a: Garganacl|100/100|[from] item: Leftovers
|-damage|p2a: Zapdos|39/100|[from] Salt Cure
|upkeep
|turn|17
|
|t:|1779703860
|move|p2a: Zapdos|Roost|p2a: Zapdos
|-heal|p2a: Zapdos|89/100
|-singleturn|p2a: Zapdos|move: Roost
|move|p1a: Garganacl|Stealth Rock|p2a: Zapdos
|-sidestart|p2: longmadg|move: Stealth Rock
|
|-weather|RainDance|[upkeep]
|-damage|p2a: Zapdos|77/100|[from] Salt Cure
|upkeep
|turn|18
|
|t:|1779703866
|move|p2a: Zapdos|Thunderbolt|p1a: Garganacl
|-damage|p1a: Garganacl|62/100
|move|p1a: Garganacl|Body Press|p2a: Zapdos
|-resisted|p2a: Zapdos
|-damage|p2a: Zapdos|62/100
|-damage|p1a: Garganacl|46/100|[from] item: Rocky Helmet|[of] p2a: Zapdos
|
|-weather|RainDance|[upkeep]
|-heal|p1a: Garganacl|52/100|[from] item: Leftovers
|-damage|p2a: Zapdos|49/100|[from] Salt Cure
|upkeep
|turn|19
|
|t:|1779703877
|move|p2a: Zapdos|Volt Switch|p1a: Garganacl
|-damage|p1a: Garganacl|24/100
|
|t:|1779703881
|switch|p2a: Greninja|Greninja, M, shiny|15/100|[from] Volt Switch
|-damage|p2a: Greninja|3/100|[from] Spikes
|-damage|p2a: Greninja|0 fnt|[from] Stealth Rock
|faint|p2a: Greninja
|move|p1a: Garganacl|Salt Cure|p2: Greninja|[notarget]
|-fail|p1a: Garganacl
|
|-weather|none
|-heal|p1a: Garganacl|31/100|[from] item: Leftovers
|upkeep
|
|t:|1779703882
|switch|p2a: Zapdos|Zapdos, shiny|49/100
|-damage|p2a: Zapdos|25/100|[from] Stealth Rock
|turn|20
|
|t:|1779703885
|move|p2a: Zapdos|Thunderbolt|p1a: Garganacl
|-damage|p1a: Garganacl|0 fnt
|faint|p1a: Garganacl
|
|upkeep
|
|t:|1779703891
|switch|p1a: Gholdengo|Gholdengo, tera:Electric|100/100
|-status|p1a: Gholdengo|tox
|turn|21
|
|t:|1779703902
|move|p1a: Gholdengo|Shadow Ball|p2a: Zapdos
|-damage|p2a: Zapdos|0 fnt
|faint|p2a: Zapdos
|
|win|Faeril
|raw|Faeril's rating: 1002 &rarr; <strong>1045</strong><br />(+43 for winning)
|raw|longmadg's rating: 1028 &rarr; <strong>1013</strong><br />(-15 for losing)
