|j|☆LUPIIT
|j|☆luffy2op
|t:|1779599232
|gametype|singles
|player|p1|LUPIIT|lucas|1494
|player|p2|luffy2op|265|1449
|gen|9
|tier|[Gen 9] OU
|rated|
|rule|HP Percentage Mod: HP is shown in percentages
|rule|Endless Battle Clause: Forcing endless battles is banned
|rule|Species Clause: Limit one of each Pokémon
|rule|OHKO Clause: OHKO moves are banned
|rule|Evasion Items Clause: Evasion items are banned
|rule|Evasion Moves Clause: Evasion moves are banned
|rule|Evasion Abilities Clause: Evasion abilities are banned
|rule|Sleep Moves Clause: Sleep-inducing moves are banned
|clearpoke
|poke|p1|Smeargle, F|
|poke|p1|Hoopa-Unbound|
|poke|p1|Toxapex, F|
|poke|p1|Zapdos|
|poke|p1|Enamorus, F|
|poke|p1|Okidogi, M|
|poke|p2|Pelipper, M|
|poke|p2|Overqwil, F|
|poke|p2|Barraskewda, F|
|poke|p2|Walking Wake|
|poke|p2|Raging Bolt|
|poke|p2|Corviknight, M|
|teampreview
|inactive|Battle timer is ON: inactive players will automatically lose when time's up. (requested by LUPIIT)
|
|t:|1779599239
|teamsize|p1|6
|teamsize|p2|6
|start
|switch|p1a: Zapdos|Zapdos|100/100
|switch|p2a: Pelipper|Pelipper, M|100/100
|-weather|RainDance|[from] ability: Drizzle|[of] p2a: Pelipper
|turn|1
|
|t:|1779599253
|switch|p2a: Raging Bolt|Raging Bolt|100/100
|move|p1a: Zapdos|Volt Switch|p2a: Raging Bolt
|-resisted|p2a: Raging Bolt
|-damage|p2a: Raging Bolt|94/100
|
|t:|1779599257
|switch|p1a: Smeargle|Smeargle, F|100/100|[from] Volt Switch
|
|-weather|RainDance|[upkeep]
|upkeep
|turn|2
|
|t:|1779599265
|move|p1a: Smeargle|Sticky Web|p2a: Raging Bolt
|-sidestart|p2: luffy2op|move: Sticky Web
|move|p2a: Raging Bolt|Weather Ball|p1a: Smeargle
|-enditem|p1a: Smeargle|Focus Sash
|-damage|p1a: Smeargle|1/100
|-damage|p2a: Raging Bolt|84/100|[from] item: Life Orb
|
|-weather|RainDance|[upkeep]
|upkeep
|turn|3
|
|t:|1779599276
|move|p1a: Smeargle|Destiny Bond|p1a: Smeargle
|-singlemove|p1a: Smeargle|Destiny Bond
|move|p2a: Raging Bolt|Weather Ball|p1a: Smeargle
|-damage|p1a: Smeargle|0 fnt
|faint|p1a: Smeargle
|-activate|p1a: Smeargle|move: Destiny Bond
|faint|p2a: Raging Bolt
|-end|p2a: Raging Bolt|Protosynthesis|[silent]
|
|-weather|RainDance|[upkeep]
|upkeep
|c|☆luffy2op|FUCK
|c|☆luffy2op|ddamn man
|c|☆luffy2op|good one
|
|t:|1779599287
|switch|p1a: Zapdos|Zapdos|100/100
|switch|p2a: Corviknight|Corviknight, M|100/100
|-ability|p2a: Corviknight|Pressure
|turn|4
|
|t:|1779599292
|-terastallize|p2a: Corviknight|Ground
|move|p1a: Zapdos|Volt Switch|p2a: Corviknight
|-immune|p2a: Corviknight
|move|p2a: Corviknight|Defog|p1a: Zapdos
|-unboost|p1a: Zapdos|evasion|1
|-sideend|p2: luffy2op|Sticky Web|[from] move: Defog|[of] p2a: Corviknight
|
|-weather|RainDance|[upkeep]
|upkeep
|turn|5
|
|t:|1779599297
|move|p1a: Zapdos|Volt Switch|p2a: Corviknight
|-immune|p2a: Corviknight
|move|p2a: Corviknight|U-turn|p1a: Zapdos
|-resisted|p1a: Zapdos
|-damage|p1a: Zapdos|95/100
|
|t:|1779599310
|switch|p2a: Walking Wake|Walking Wake|100/100|[from] U-turn
|-enditem|p2a: Walking Wake|Booster Energy
|-activate|p2a: Walking Wake|ability: Protosynthesis|[fromitem]
|-start|p2a: Walking Wake|protosynthesisspa
|
|-weather|RainDance|[upkeep]
|upkeep
|turn|6
|
|t:|1779599313
|switch|p1a: Toxapex|Toxapex, F|100/100
|move|p2a: Walking Wake|Weather Ball|p1a: Toxapex
|-resisted|p1a: Toxapex
|-damage|p1a: Toxapex|54/100
|-enditem|p1a: Toxapex|Eject Button
|
|t:|1779599319
|switch|p1a: Enamorus|Enamorus, F|100/100
|
|-weather|RainDance|[upkeep]
|upkeep
|turn|7
|
|t:|1779599336
|-end|p2a: Walking Wake|Protosynthesis|[silent]
|switch|p2a: Overqwil|Overqwil, F|100/100
|move|p1a: Enamorus|Protect||[still]
|-fail|p1a: Enamorus
|
|-weather|RainDance|[upkeep]
|upkeep
|turn|8
|
|t:|1779599342
|move|p1a: Enamorus|Protect|p1a: Enamorus
|-singleturn|p1a: Enamorus|Protect
|move|p2a: Overqwil|Swords Dance|p2a: Overqwil
|-boost|p2a: Overqwil|atk|2
|
|-weather|none
|upkeep
|turn|9
|
|t:|1779599347
|move|p1a: Enamorus|Earth Power|p2a: Overqwil
|-supereffective|p2a: Overqwil
|-damage|p2a: Overqwil|2/100
|move|p2a: Overqwil|Liquidation|p1a: Enamorus
|-damage|p1a: Enamorus|0 fnt
|faint|p1a: Enamorus
|-damage|p2a: Overqwil|0 fnt|[from] item: Life Orb
|faint|p2a: Overqwil
|
|upkeep
|
|t:|1779599358
|switch|p1a: Zapdos|Zapdos|95/100
|switch|p2a: Barraskewda|Barraskewda, F|100/100
|turn|10
|
|t:|1779599364
|switch|p2a: Corviknight|Corviknight, M, tera:Ground|100/100
|-ability|p2a: Corviknight|Pressure
|move|p1a: Zapdos|Volt Switch|p2a: Corviknight
|-immune|p2a: Corviknight
|
|upkeep
|turn|11
|
|t:|1779599368
|move|p1a: Zapdos|Heat Wave|p2a: Corviknight|[miss]
|-miss|p1a: Zapdos|p2a: Corviknight
|move|p2a: Corviknight|U-turn|p1a: Zapdos
|-resisted|p1a: Zapdos
|-damage|p1a: Zapdos|90/100
|
|t:|1779599371
|switch|p2a: Pelipper|Pelipper, M|100/100|[from] U-turn
|-weather|RainDance|[from] ability: Drizzle|[of] p2a: Pelipper
|
|-weather|RainDance|[upkeep]
|upkeep
|turn|12
|
|t:|1779599374
|switch|p2a: Corviknight|Corviknight, M, tera:Ground|100/100
|-ability|p2a: Corviknight|Pressure
|move|p1a: Zapdos|Volt Switch|p2a: Corviknight
|-immune|p2a: Corviknight
|
|-weather|RainDance|[upkeep]
|upkeep
|turn|13
|
|t:|1779599377
|move|p1a: Zapdos|Heat Wave|p2a: Corviknight
|-crit|p2a: Corviknight
|-damage|p2a: Corviknight|79/100
|move|p2a: Corviknight|U-turn|p1a: Zapdos
|-resisted|p1a: Zapdos
|-damage|p1a: Zapdos|85/100
|-status|p2a: Corviknight|par|[from] ability: Static|[of] p1a: Zapdos
|
|t:|1779599384
|switch|p2a: Walking Wake|Walking Wake|100/100|[from] U-turn
|
|-weather|RainDance|[upkeep]
|upkeep
|turn|14
|
|t:|1779599387
|switch|p1a: Toxapex|Toxapex, F|87/100
|move|p2a: Walking Wake|Weather Ball|p1a: Toxapex
|-resisted|p1a: Toxapex
|-damage|p1a: Toxapex|55/100
|
|-weather|RainDance|[upkeep]
|upkeep
|turn|15
|
|t:|1779599400
|move|p2a: Walking Wake|Draco Meteor|p1a: Toxapex
|-damage|p1a: Toxapex|0 fnt
|-unboost|p2a: Walking Wake|spa|2
|faint|p1a: Toxapex
|
|-weather|RainDance|[upkeep]
|upkeep
|
|t:|1779599404
|switch|p1a: Okidogi|Okidogi, M|100/100
|turn|16
|
|t:|1779599411
|-end|p2a: Walking Wake|Protosynthesis|[silent]
|switch|p2a: Corviknight|Corviknight, M, tera:Ground|79/100 par
|-ability|p2a: Corviknight|Pressure
|move|p1a: Okidogi|Bulk Up|p1a: Okidogi
|-boost|p1a: Okidogi|atk|1
|-boost|p1a: Okidogi|def|1
|
|-weather|RainDance|[upkeep]
|upkeep
|turn|17
|
|t:|1779599414
|move|p1a: Okidogi|Bulk Up|p1a: Okidogi
|-boost|p1a: Okidogi|atk|1
|-boost|p1a: Okidogi|def|1
|move|p2a: Corviknight|U-turn|p1a: Okidogi
|-resisted|p1a: Okidogi
|-damage|p1a: Okidogi|99/100
|
|t:|1779599440
|switch|p2a: Walking Wake|Walking Wake|100/100|[from] U-turn
|
|-weather|RainDance|[upkeep]
|-heal|p1a: Okidogi|100/100|[from] item: Leftovers
|upkeep
|turn|18
|
|t:|1779599445
|-terastallize|p1a: Okidogi|Steel
|move|p2a: Walking Wake|Hurricane|p1a: Okidogi
|-resisted|p1a: Okidogi
|-damage|p1a: Okidogi|84/100
|-start|p1a: Okidogi|confusion
|-activate|p1a: Okidogi|confusion
|-damage|p1a: Okidogi|68/100|[from] confusion
|
|-weather|none
|-heal|p1a: Okidogi|74/100|[from] item: Leftovers
|upkeep
|turn|19
|
|t:|1779599452
|move|p2a: Walking Wake|Flamethrower|p1a: Okidogi
|-supereffective|p1a: Okidogi
|-damage|p1a: Okidogi|15/100
|-end|p1a: Okidogi|confusion
|move|p1a: Okidogi|Drain Punch|p2a: Walking Wake
|-damage|p2a: Walking Wake|10/100
|-heal|p1a: Okidogi|63/100|[from] drain|[of] p2a: Walking Wake
|
|-heal|p1a: Okidogi|69/100|[from] item: Leftovers
|upkeep
|turn|20
|
|t:|1779599457
|move|p2a: Walking Wake|Flamethrower|p1a: Okidogi
|-supereffective|p1a: Okidogi
|-damage|p1a: Okidogi|7/100
|move|p1a: Okidogi|Drain Punch|p2a: Walking Wake
|-damage|p2a: Walking Wake|0 fnt
|-heal|p1a: Okidogi|12/100|[from] drain|[of] p2a: Walking Wake
|faint|p2a: Walking Wake
|-end|p2a: Walking Wake|Protosynthesis|[silent]
|
|-heal|p1a: Okidogi|18/100|[from] item: Leftovers
|upkeep
|
|t:|1779599465
|switch|p2a: Barraskewda|Barraskewda, F|100/100
|turn|21
|
|t:|1779599471
|move|p2a: Barraskewda|Liquidation|p1a: Okidogi
|-damage|p1a: Okidogi|0 fnt
|faint|p1a: Okidogi
|
|upkeep
|
|t:|1779599474
|switch|p1a: Zapdos|Zapdos|85/100
|turn|22
|
|t:|1779599477
|switch|p2a: Corviknight|Corviknight, M, tera:Ground|79/100 par
|-ability|p2a: Corviknight|Pressure
|move|p1a: Zapdos|Roost|p1a: Zapdos
|-heal|p1a: Zapdos|100/100
|-singleturn|p1a: Zapdos|move: Roost
|
|upkeep
|turn|23
|
|t:|1779599486
|move|p1a: Zapdos|Heat Wave|p2a: Corviknight
|-damage|p2a: Corviknight|54/100 par
|move|p2a: Corviknight|U-turn|p1a: Zapdos
|-resisted|p1a: Zapdos
|-damage|p1a: Zapdos|95/100
|
|t:|1779599489
|switch|p2a: Pelipper|Pelipper, M|100/100|[from] U-turn
|-weather|RainDance|[from] ability: Drizzle|[of] p2a: Pelipper
|
|-weather|RainDance|[upkeep]
|upkeep
|turn|24
|
|t:|1779599491
|switch|p2a: Corviknight|Corviknight, M, tera:Ground|54/100 par
|-ability|p2a: Corviknight|Pressure
|move|p1a: Zapdos|Discharge|p2a: Corviknight
|-immune|p2a: Corviknight
|
|-weather|RainDance|[upkeep]
|upkeep
|turn|25
|
|t:|1779599495
|switch|p1a: Hoopa|Hoopa-Unbound|100/100
|move|p2a: Corviknight|Roost|p2a: Corviknight
|-heal|p2a: Corviknight|100/100 par
|
|-weather|RainDance|[upkeep]
|upkeep
|turn|26
|
|t:|1779599499
|move|p1a: Hoopa|Dark Pulse|p2a: Corviknight
|-damage|p2a: Corviknight|15/100 par
|move|p2a: Corviknight|U-turn|p1a: Hoopa
|-supereffective|p1a: Hoopa
|-damage|p1a: Hoopa|0 fnt
|faint|p1a: Hoopa
|
|t:|1779599503
|switch|p2a: Barraskewda|Barraskewda, F|100/100|[from] U-turn
|
|-weather|RainDance|[upkeep]
|upkeep
|
|t:|1779599505
|switch|p1a: Zapdos|Zapdos|95/100
|turn|27
|
|t:|1779599508
|move|p2a: Barraskewda|Liquidation|p1a: Zapdos
|-damage|p1a: Zapdos|21/100
|move|p1a: Zapdos|Roost|p1a: Zapdos
|-heal|p1a: Zapdos|71/100
|-singleturn|p1a: Zapdos|move: Roost
|
|-weather|RainDance|[upkeep]
|upkeep
|turn|28
|c|☆luffy2op|ggs
|
|t:|1779599513
|move|p2a: Barraskewda|Liquidation|p1a: Zapdos
|-damage|p1a: Zapdos|0 fnt
|faint|p1a: Zapdos
|
|win|luffy2op
|raw|LUPIIT's rating: 1494 &rarr; <strong>1471</strong><br />(-23 for losing)
|raw|luffy2op's rating: 1449 &rarr; <strong>1472</strong><br />(+23 for winning)
|l|☆LUPIIT
|player|p1|
|l|☆luffy2op
|player|p2|
