|j|☆eltulaman
|j|☆jewking
|t:|1779561576
|gametype|singles
|player|p1|eltulaman|101|1535
|player|p2|jewking|2|1445
|gen|9
|tier|[Gen 9] OU
|rated|
|rule|HP Percentage Mod: HP is shown in percentages
|rule|Endless Battle Clause: Forcing endless battles is banned
|rule|Species Clause: Limit one of each Pokémon
|rule|OHKO Clause: OHKO moves are banned
|rule|Evasion Items Clause: Evasion items are banned
|rule|Evasion Moves Clause: Evasion moves are banned
|rule|Evasion Abilities Clause: Evasion abilities are banned
|rule|Sleep Moves Clause: Sleep-inducing moves are banned
|clearpoke
|poke|p1|Garganacl, F|
|poke|p1|Meowscarada, F|
|poke|p1|Dragonite, M|
|poke|p1|Iron Treads|
|poke|p1|Alomomola, M|
|poke|p1|Iron Valiant|
|poke|p2|Ribombee, F|
|poke|p2|Blaziken, M|
|poke|p2|Hydreigon, M|
|poke|p2|Haxorus, M|
|poke|p2|Samurott-Hisui, F|
|poke|p2|Azelf|
|teampreview
|
|t:|1779561583
|teamsize|p1|6
|teamsize|p2|6
|start
|switch|p1a: Alomomola|Alomomola, M|100/100
|switch|p2a: Samurott|Samurott-Hisui, F|100/100
|turn|1
|
|t:|1779561587
|move|p2a: Samurott|Knock Off|p1a: Alomomola
|-damage|p1a: Alomomola|70/100
|-enditem|p1a: Alomomola|Leftovers|[from] move: Knock Off|[of] p2a: Samurott
|move|p1a: Alomomola|Flip Turn|p2a: Samurott
|-resisted|p2a: Samurott
|-damage|p2a: Samurott|91/100
|
|t:|1779561590
|switch|p1a: Meowscarada|Meowscarada, F|100/100|[from] Flip Turn
|
|upkeep
|turn|2
|
|t:|1779561598
|move|p1a: Meowscarada|U-turn|p2a: Samurott
|-start|p1a: Meowscarada|typechange|Bug|[from] ability: Protean
|-supereffective|p2a: Samurott
|-damage|p2a: Samurott|0 fnt
|faint|p2a: Samurott
|
|t:|1779561603
|switch|p1a: Alomomola|Alomomola, M|100/100|[from] U-turn
|
|upkeep
|
|t:|1779561609
|switch|p2a: Azelf|Azelf|100/100
|turn|3
|
|t:|1779561612
|move|p2a: Azelf|Stealth Rock|p1a: Alomomola
|-sidestart|p1: eltulaman|move: Stealth Rock
|move|p1a: Alomomola|Flip Turn|p2a: Azelf
|-damage|p2a: Azelf|72/100
|
|t:|1779561616
|switch|p1a: Meowscarada|Meowscarada, F|100/100|[from] Flip Turn
|-damage|p1a: Meowscarada|88/100|[from] Stealth Rock
|
|upkeep
|turn|4
|
|t:|1779561620
|move|p1a: Meowscarada|U-turn|p2a: Azelf
|-start|p1a: Meowscarada|typechange|Bug|[from] ability: Protean
|-supereffective|p2a: Azelf
|-damage|p2a: Azelf|0 fnt
|faint|p2a: Azelf
|
|t:|1779561626
|switch|p1a: Iron Treads|Iron Treads|100/100|[from] U-turn
|-damage|p1a: Iron Treads|97/100|[from] Stealth Rock
|-enditem|p1a: Iron Treads|Booster Energy
|-activate|p1a: Iron Treads|ability: Quark Drive|[fromitem]
|-start|p1a: Iron Treads|quarkdrivespe
|
|upkeep
|
|t:|1779561639
|switch|p2a: Blaziken|Blaziken, M|100/100
|turn|5
|
|t:|1779561646
|move|p1a: Iron Treads|Rapid Spin|p2a: Blaziken
|-damage|p2a: Blaziken|75/100
|-boost|p1a: Iron Treads|spe|1
|-sideend|p1: eltulaman|Stealth Rock|[from] move: Rapid Spin|[of] p1a: Iron Treads
|move|p2a: Blaziken|Overheat|p1a: Iron Treads
|-supereffective|p1a: Iron Treads
|-damage|p1a: Iron Treads|0 fnt
|-unboost|p2a: Blaziken|spa|2
|faint|p1a: Iron Treads
|-end|p1a: Iron Treads|Quark Drive|[silent]
|
|-ability|p2a: Blaziken|Speed Boost|boost
|-boost|p2a: Blaziken|spe|1
|upkeep
|
|t:|1779561650
|switch|p1a: Garganacl|Garganacl, F|100/100
|turn|6
|
|t:|1779561664
|switch|p2a: Ribombee|Ribombee, F|100/100
|move|p1a: Garganacl|Protect||[still]
|-fail|p1a: Garganacl
|
|upkeep
|turn|7
|
|t:|1779561670
|move|p2a: Ribombee|Sticky Web|p1a: Garganacl
|-sidestart|p1: eltulaman|move: Sticky Web
|move|p1a: Garganacl|Iron Defense|p1a: Garganacl
|-boost|p1a: Garganacl|def|2
|
|upkeep
|turn|8
|
|t:|1779561680
|move|p2a: Ribombee|Quiver Dance|p2a: Ribombee
|-boost|p2a: Ribombee|spa|1
|-boost|p2a: Ribombee|spd|1
|-boost|p2a: Ribombee|spe|1
|move|p1a: Garganacl|Salt Cure|p2a: Ribombee
|-supereffective|p2a: Ribombee
|-damage|p2a: Ribombee|47/100
|-start|p2a: Ribombee|Salt Cure
|
|-damage|p2a: Ribombee|35/100|[from] Salt Cure
|upkeep
|turn|9
|
|t:|1779561689
|move|p1a: Garganacl|Protect|p1a: Garganacl
|-singleturn|p1a: Garganacl|Protect
|move|p2a: Ribombee|Moonblast|p1a: Garganacl
|-activate|p1a: Garganacl|move: Protect
|
|-damage|p2a: Ribombee|22/100|[from] Salt Cure
|upkeep
|turn|10
|
|t:|1779561696
|move|p2a: Ribombee|Moonblast|p1a: Garganacl
|-damage|p1a: Garganacl|59/100
|move|p1a: Garganacl|Recover|p1a: Garganacl
|-heal|p1a: Garganacl|100/100
|
|-damage|p2a: Ribombee|10/100|[from] Salt Cure
|upkeep
|turn|11
|
|t:|1779561705
|move|p1a: Garganacl|Protect|p1a: Garganacl
|-singleturn|p1a: Garganacl|Protect
|move|p2a: Ribombee|Quiver Dance|p2a: Ribombee
|-boost|p2a: Ribombee|spa|1
|-boost|p2a: Ribombee|spd|1
|-boost|p2a: Ribombee|spe|1
|
|-damage|p2a: Ribombee|0 fnt|[from] Salt Cure
|faint|p2a: Ribombee
|upkeep
|
|t:|1779561712
|switch|p2a: Blaziken|Blaziken, M|75/100
|turn|12
|
|t:|1779561717
|move|p2a: Blaziken|Focus Energy|p2a: Blaziken
|-start|p2a: Blaziken|move: Focus Energy
|move|p1a: Garganacl|Salt Cure|p2a: Blaziken
|-damage|p2a: Blaziken|54/100
|-start|p2a: Blaziken|Salt Cure
|
|-damage|p2a: Blaziken|41/100|[from] Salt Cure
|-ability|p2a: Blaziken|Speed Boost|boost
|-boost|p2a: Blaziken|spe|1
|upkeep
|turn|13
|
|t:|1779561725
|move|p1a: Garganacl|Protect|p1a: Garganacl
|-singleturn|p1a: Garganacl|Protect
|move|p2a: Blaziken|Scorching Sands|p1a: Garganacl
|-activate|p1a: Garganacl|move: Protect
|
|-damage|p2a: Blaziken|29/100|[from] Salt Cure
|-ability|p2a: Blaziken|Speed Boost|boost
|-boost|p2a: Blaziken|spe|1
|upkeep
|turn|14
|
|t:|1779561734
|switch|p1a: Dragonite|Dragonite, M|100/100
|-terastallize|p2a: Blaziken|Fire
|move|p2a: Blaziken|Overheat|p1a: Dragonite|[miss]
|-miss|p2a: Blaziken|p1a: Dragonite
|
|-damage|p2a: Blaziken|17/100|[from] Salt Cure
|-ability|p2a: Blaziken|Speed Boost|boost
|-boost|p2a: Blaziken|spe|1
|upkeep
|turn|15
|-message|jewking forfeited.
|
|win|eltulaman
|raw|eltulaman's rating: 1535 &rarr; <strong>1550</strong><br />(+15 for winning)
|raw|jewking's rating: 1445 &rarr; <strong>1430</strong><br />(-15 for losing)
|l|☆jewking
|player|p2|
|l|☆eltulaman
|player|p1|
