|j|☆Gen5OU.AntiMeta
|j|☆ImmaSunU
|t:|1779655257
|gametype|singles
|player|p1|Gen5OU.AntiMeta|cyrus|1511
|player|p2|ImmaSunU|lance|1564
|gen|9
|tier|[Gen 9] OU
|rated|
|rule|HP Percentage Mod: HP is shown in percentages
|rule|Endless Battle Clause: Forcing endless battles is banned
|rule|Species Clause: Limit one of each Pokémon
|rule|OHKO Clause: OHKO moves are banned
|rule|Evasion Items Clause: Evasion items are banned
|rule|Evasion Moves Clause: Evasion moves are banned
|rule|Evasion Abilities Clause: Evasion abilities are banned
|rule|Sleep Moves Clause: Sleep-inducing moves are banned
|clearpoke
|poke|p1|Cinderace, M|
|poke|p1|Ninetales-Alola, F|
|poke|p1|Kyurem|
|poke|p1|Kingambit, F|
|poke|p1|Greninja-*, M|
|poke|p1|Tornadus-Therian, M|
|poke|p2|Torkoal, F|
|poke|p2|Walking Wake|
|poke|p2|Scizor, M|
|poke|p2|Great Tusk|
|poke|p2|Hatterene, F|
|poke|p2|Venusaur, M|
|teampreview
|inactive|Battle timer is ON: inactive players will automatically lose when time's up. (requested by Gen5OU.AntiMeta)
|
|t:|1779655264
|teamsize|p1|6
|teamsize|p2|6
|start
|switch|p1a: Tornadus|Tornadus-Therian, M|100/100
|switch|p2a: Scizor|Scizor, M|100/100
|turn|1
|
|t:|1779655277
|switch|p2a: Walking Wake|Walking Wake|100/100
|move|p1a: Tornadus|Heat Wave|p2a: Walking Wake
|-resisted|p2a: Walking Wake
|-damage|p2a: Walking Wake|90/100
|
|upkeep
|turn|2
|
|t:|1779655284
|move|p2a: Walking Wake|Flip Turn|p1a: Tornadus
|-damage|p1a: Tornadus|77/100
|
|t:|1779655288
|-end|p2a: Walking Wake|Protosynthesis|[silent]
|switch|p2a: Hatterene|Hatterene, F|100/100|[from] Flip Turn
|move|p1a: Tornadus|Bleakwind Storm|p2a: Hatterene
|-damage|p2a: Hatterene|69/100
|
|upkeep
|turn|3
|
|t:|1779655296
|switch|p1a: shogun.|Kingambit, F|100/100
|move|p2a: Hatterene|Nuzzle|p1a: shogun.
|-damage|p1a: shogun.|98/100
|-status|p1a: shogun.|par
|
|upkeep
|turn|4
|
|t:|1779655305
|switch|p2a: Great Tusk|Great Tusk|100/100
|-end|p1a: shogun.|fallenundefined|[silent]
|switch|p1a: Tornadus|Tornadus-Therian, M|100/100
|
|upkeep
|turn|5
|
|t:|1779655311
|-terastallize|p2a: Great Tusk|Ice
|move|p2a: Great Tusk|Ice Spinner|p1a: Tornadus
|-supereffective|p1a: Tornadus
|-damage|p1a: Tornadus|0 fnt
|faint|p1a: Tornadus
|
|upkeep
|
|t:|1779655324
|switch|p1a: her majesty.|Ninetales-Alola, F|100/100
|-weather|Snowscape|[from] ability: Snow Warning|[of] p1a: her majesty.
|turn|6
|
|t:|1779655329
|-end|p2a: Great Tusk|Protosynthesis|[silent]
|switch|p2a: Torkoal|Torkoal, F|100/100
|-weather|SunnyDay|[from] ability: Drought|[of] p2a: Torkoal
|switch|p1a: eternus.|Kyurem|100/100
|-ability|p1a: eternus.|Pressure
|
|-weather|SunnyDay|[upkeep]
|upkeep
|turn|7
|
|t:|1779655338
|switch|p2a: Hatterene|Hatterene, F|69/100
|move|p1a: eternus.|Substitute|p1a: eternus.
|-start|p1a: eternus.|Substitute
|-damage|p1a: eternus.|76/100
|
|-weather|SunnyDay|[upkeep]
|-heal|p1a: eternus.|82/100|[from] item: Leftovers
|upkeep
|turn|8
|
|t:|1779655345
|move|p1a: eternus.|Flash Cannon|p2a: Hatterene
|-supereffective|p2a: Hatterene
|-damage|p2a: Hatterene|32/100
|move|p2a: Hatterene|Draining Kiss|p1a: eternus.
|-supereffective|p1a: eternus.
|-end|p1a: eternus.|Substitute
|-heal|p2a: Hatterene|55/100|[from] drain|[of] p1a: eternus.
|
|-weather|SunnyDay|[upkeep]
|-heal|p1a: eternus.|88/100|[from] item: Leftovers
|upkeep
|turn|9
|
|t:|1779655355
|switch|p1a: shogun.|Kingambit, F|98/100 par
|-activate|p1a: shogun.|ability: Supreme Overlord
|-start|p1a: shogun.|fallen1|[silent]
|move|p2a: Hatterene|Draining Kiss|p1a: shogun.
|-damage|p1a: shogun.|72/100 par
|-heal|p2a: Hatterene|80/100|[from] drain|[of] p1a: shogun.
|
|-weather|SunnyDay|[upkeep]
|upkeep
|turn|10
|
|t:|1779655364
|move|p2a: Hatterene|Mystical Fire|p1a: shogun.
|-supereffective|p1a: shogun.
|-damage|p1a: shogun.|0 fnt
|faint|p1a: shogun.
|-end|p1a: shogun.|fallen1|[silent]
|
|-weather|SunnyDay|[upkeep]
|upkeep
|c|☆ImmaSunU|damn i was faster
|inactive|Gen5OU.AntiMeta has 120 seconds left.
|
|t:|1779655400
|switch|p1a: loki.|Cinderace, M|100/100
|turn|11
|
|t:|1779655416
|move|p1a: loki.|Pyro Ball|p2a: Hatterene
|-damage|p2a: Hatterene|0 fnt
|faint|p2a: Hatterene
|
|-weather|SunnyDay|[upkeep]
|upkeep
|
|t:|1779655420
|switch|p2a: Walking Wake|Walking Wake|90/100
|-activate|p2a: Walking Wake|ability: Protosynthesis
|-start|p2a: Walking Wake|protosynthesisspe
|turn|12
|
|t:|1779655428
|move|p2a: Walking Wake|Flip Turn|p1a: loki.
|-supereffective|p1a: loki.
|-damage|p1a: loki.|78/100
|
|t:|1779655436
|-end|p2a: Walking Wake|Protosynthesis|[silent]
|switch|p2a: Torkoal|Torkoal, F|100/100|[from] Flip Turn
|move|p1a: loki.|High Jump Kick|p2a: Torkoal
|-start|p1a: loki.|typechange|Fighting|[from] ability: Libero
|-damage|p2a: Torkoal|67/100
|
|-weather|SunnyDay|[upkeep]
|upkeep
|turn|13
|
|t:|1779655444
|switch|p2a: Great Tusk|Great Tusk, tera:Ice|100/100
|-activate|p2a: Great Tusk|ability: Protosynthesis
|-start|p2a: Great Tusk|protosynthesisatk
|move|p1a: loki.|High Jump Kick|p2a: Great Tusk
|-supereffective|p2a: Great Tusk
|-damage|p2a: Great Tusk|2/100
|
|-weather|none
|-end|p2a: Great Tusk|Protosynthesis
|upkeep
|turn|14
|
|t:|1779655456
|-end|p2a: Great Tusk|Protosynthesis|[silent]
|switch|p2a: Torkoal|Torkoal, F|67/100
|-weather|SunnyDay|[from] ability: Drought|[of] p2a: Torkoal
|move|p1a: loki.|High Jump Kick|p2a: Torkoal
|-damage|p2a: Torkoal|32/100
|
|-weather|SunnyDay|[upkeep]
|upkeep
|turn|15
|
|t:|1779655468
|switch|p2a: Scizor|Scizor, M|100/100
|move|p1a: loki.|Pyro Ball|p2a: Scizor
|-supereffective|p2a: Scizor
|-damage|p2a: Scizor|0 fnt
|faint|p2a: Scizor
|
|-weather|SunnyDay|[upkeep]
|upkeep
|
|t:|1779655475
|switch|p2a: Walking Wake|Walking Wake|90/100
|-activate|p2a: Walking Wake|ability: Protosynthesis
|-start|p2a: Walking Wake|protosynthesisspe
|turn|16
|
|t:|1779655480
|move|p2a: Walking Wake|Weather Ball|p1a: loki.
|-damage|p1a: loki.|0 fnt
|faint|p1a: loki.
|
|-weather|SunnyDay|[upkeep]
|upkeep
|
|t:|1779655488
|switch|p1a: her majesty.|Ninetales-Alola, F|100/100
|-weather|Snowscape|[from] ability: Snow Warning|[of] p1a: her majesty.
|-end|p2a: Walking Wake|Protosynthesis
|turn|17
|
|t:|1779655493
|-end|p2a: Walking Wake|Protosynthesis|[silent]
|switch|p2a: Torkoal|Torkoal, F|32/100
|-weather|SunnyDay|[from] ability: Drought|[of] p2a: Torkoal
|move|p1a: her majesty.|Dark Pulse|p2a: Torkoal
|-damage|p2a: Torkoal|6/100
|
|-weather|SunnyDay|[upkeep]
|upkeep
|turn|18
|
|t:|1779655500
|switch|p2a: Venusaur|Venusaur, M|100/100
|move|p1a: her majesty.|Freeze-Dry|p2a: Venusaur
|-supereffective|p2a: Venusaur
|-damage|p2a: Venusaur|35/100
|
|-weather|SunnyDay|[upkeep]
|upkeep
|turn|19
|
|t:|1779655510
|move|p2a: Venusaur|Sludge Bomb|p1a: her majesty.
|-supereffective|p1a: her majesty.
|-damage|p1a: her majesty.|0 fnt
|faint|p1a: her majesty.
|-damage|p2a: Venusaur|25/100|[from] item: Life Orb
|
|-weather|SunnyDay|[upkeep]
|upkeep
|
|t:|1779655518
|switch|p1a: eternus.|Kyurem|88/100
|-ability|p1a: eternus.|Pressure
|turn|20
|
|t:|1779655525
|move|p2a: Venusaur|Weather Ball|p1a: eternus.
|-damage|p1a: eternus.|27/100
|-damage|p2a: Venusaur|15/100|[from] item: Life Orb
|move|p1a: eternus.|Freeze-Dry|p2a: Venusaur
|-supereffective|p2a: Venusaur
|-damage|p2a: Venusaur|0 fnt
|faint|p2a: Venusaur
|
|-weather|SunnyDay|[upkeep]
|-heal|p1a: eternus.|33/100|[from] item: Leftovers
|upkeep
|
|t:|1779655537
|switch|p2a: Walking Wake|Walking Wake|90/100
|-activate|p2a: Walking Wake|ability: Protosynthesis
|-start|p2a: Walking Wake|protosynthesisspe
|turn|21
|
|t:|1779655542
|move|p2a: Walking Wake|Dragon Pulse|p1a: eternus.
|-supereffective|p1a: eternus.
|-damage|p1a: eternus.|0 fnt
|faint|p1a: eternus.
|
|-weather|SunnyDay|[upkeep]
|upkeep
|
|t:|1779655545
|switch|p1a: the truth.|Greninja, M|100/100
|turn|22
|
|t:|1779655549
|move|p2a: Walking Wake|Dragon Pulse|p1a: the truth.
|-damage|p1a: the truth.|0 fnt
|faint|p1a: the truth.
|
|win|ImmaSunU
|raw|Gen5OU.AntiMeta's rating: 1511 &rarr; <strong>1494</strong><br />(-17 for losing)
|raw|ImmaSunU's rating: 1564 &rarr; <strong>1581</strong><br />(+17 for winning)
|l|☆ImmaSunU
|player|p2|
|l|☆Gen5OU.AntiMeta
|player|p1|
