|j|☆DPH300
|j|☆Halloworlditsme
|t:|1779570627
|gametype|singles
|player|p1|DPH300|biker-gen4|1344
|player|p2|Halloworlditsme|cowgirl|1339
|gen|9
|tier|[Gen 9] OU
|rated|
|rule|HP Percentage Mod: HP is shown in percentages
|rule|Endless Battle Clause: Forcing endless battles is banned
|rule|Species Clause: Limit one of each Pokémon
|rule|OHKO Clause: OHKO moves are banned
|rule|Evasion Items Clause: Evasion items are banned
|rule|Evasion Moves Clause: Evasion moves are banned
|rule|Evasion Abilities Clause: Evasion abilities are banned
|rule|Sleep Moves Clause: Sleep-inducing moves are banned
|clearpoke
|poke|p1|Dragonite, M|
|poke|p1|Kingambit, F|
|poke|p1|Iron Moth|
|poke|p1|Samurott-Hisui, F|
|poke|p1|Iron Valiant|
|poke|p1|Moltres-Galar|
|poke|p2|Sudowoodo, L1, M|
|poke|p2|Garganacl, M|
|poke|p2|Bellibolt, M|
|poke|p2|Decidueye-Hisui, M|
|poke|p2|Mandibuzz, F|
|poke|p2|Gholdengo|
|teampreview
|inactive|Battle timer is ON: inactive players will automatically lose when time's up. (requested by Halloworlditsme)
|
|t:|1779570645
|teamsize|p1|6
|teamsize|p2|6
|start
|switch|p1a: Samurott|Samurott-Hisui, F|100/100
|switch|p2a: Bellibolt|Bellibolt, M|100/100
|turn|1
|
|t:|1779570650
|move|p1a: Samurott|Ceaseless Edge|p2a: Bellibolt
|-damage|p2a: Bellibolt|62/100
|-start|p2a: Bellibolt|Charge|Ceaseless Edge|[from] ability: Electromorphosis
|-sidestart|p2: Halloworlditsme|Spikes
|move|p2a: Bellibolt|Thunderbolt|p1a: Samurott
|-supereffective|p1a: Samurott
|-enditem|p1a: Samurott|Focus Sash
|-damage|p1a: Samurott|1/100
|-end|p2a: Bellibolt|Charge|[silent]
|
|-heal|p2a: Bellibolt|68/100|[from] item: Leftovers
|upkeep
|turn|2
|
|t:|1779570663
|move|p1a: Samurott|Ceaseless Edge|p2a: Bellibolt
|-damage|p2a: Bellibolt|35/100
|-start|p2a: Bellibolt|Charge|Ceaseless Edge|[from] ability: Electromorphosis
|-sidestart|p2: Halloworlditsme|Spikes
|move|p2a: Bellibolt|Thunderbolt|p1a: Samurott
|-supereffective|p1a: Samurott
|-damage|p1a: Samurott|0 fnt
|faint|p1a: Samurott
|-end|p2a: Bellibolt|Charge|[silent]
|
|-heal|p2a: Bellibolt|41/100|[from] item: Leftovers
|upkeep
|
|t:|1779570680
|switch|p1a: Iron Valiant|Iron Valiant|100/100
|-enditem|p1a: Iron Valiant|Booster Energy
|-activate|p1a: Iron Valiant|ability: Quark Drive|[fromitem]
|-start|p1a: Iron Valiant|quarkdrivespe
|turn|3
|
|t:|1779570688
|move|p1a: Iron Valiant|Moonblast|p2a: Bellibolt
|-damage|p2a: Bellibolt|2/100
|-start|p2a: Bellibolt|Charge|Moonblast|[from] ability: Electromorphosis
|move|p2a: Bellibolt|Toxic|p1a: Iron Valiant
|-status|p1a: Iron Valiant|tox
|
|-heal|p2a: Bellibolt|8/100|[from] item: Leftovers
|-damage|p1a: Iron Valiant|94/100 tox|[from] psn
|upkeep
|turn|4
|
|t:|1779570698
|move|p1a: Iron Valiant|Knock Off|p2a: Bellibolt
|-damage|p2a: Bellibolt|0 fnt
|-enditem|p2a: Bellibolt|Leftovers|[from] move: Knock Off|[of] p1a: Iron Valiant
|faint|p2a: Bellibolt
|
|-damage|p1a: Iron Valiant|82/100 tox|[from] psn
|upkeep
|
|t:|1779570702
|switch|p2a: Mandibuzz|Mandibuzz, F|100/100
|turn|5
|
|t:|1779570706
|-terastallize|p2a: Mandibuzz|Fire
|move|p1a: Iron Valiant|Moonblast|p2a: Mandibuzz
|-resisted|p2a: Mandibuzz
|-damage|p2a: Mandibuzz|84/100
|move|p2a: Mandibuzz|Defog|p1a: Iron Valiant
|-unboost|p1a: Iron Valiant|evasion|1
|-sideend|p2: Halloworlditsme|Spikes|[from] move: Defog|[of] p2a: Mandibuzz
|
|-damage|p1a: Iron Valiant|63/100 tox|[from] psn
|upkeep
|turn|6
|
|t:|1779570721
|switch|p2a: Gholdengo|Gholdengo|100/100
|-item|p2a: Gholdengo|Air Balloon
|move|p1a: Iron Valiant|Close Combat|p2a: Gholdengo
|-immune|p2a: Gholdengo
|
|-damage|p1a: Iron Valiant|38/100 tox|[from] psn
|upkeep
|turn|7
|
|t:|1779570730
|switch|p2a: Mandibuzz|Mandibuzz, F, tera:Fire|84/100
|move|p1a: Iron Valiant|Destiny Bond|p1a: Iron Valiant
|-singlemove|p1a: Iron Valiant|Destiny Bond
|
|-damage|p1a: Iron Valiant|7/100 tox|[from] psn
|upkeep
|turn|8
|
|t:|1779570736
|move|p1a: Iron Valiant|Knock Off|p2a: Mandibuzz
|-crit|p2a: Mandibuzz
|-damage|p2a: Mandibuzz|55/100
|-enditem|p2a: Mandibuzz|Heavy-Duty Boots|[from] move: Knock Off|[of] p1a: Iron Valiant
|move|p2a: Mandibuzz|Roost|p2a: Mandibuzz
|-heal|p2a: Mandibuzz|100/100
|
|-damage|p1a: Iron Valiant|0 fnt|[from] psn
|faint|p1a: Iron Valiant
|-end|p1a: Iron Valiant|Quark Drive|[silent]
|upkeep
|
|t:|1779570761
|switch|p1a: Dragonite|Dragonite, M|100/100
|turn|9
|
|t:|1779570765
|move|p1a: Dragonite|Extreme Speed|p2a: Mandibuzz
|-damage|p2a: Mandibuzz|79/100
|move|p2a: Mandibuzz|Knock Off|p1a: Dragonite
|-damage|p1a: Dragonite|88/100
|-enditem|p1a: Dragonite|Heavy-Duty Boots|[from] move: Knock Off|[of] p2a: Mandibuzz
|
|upkeep
|turn|10
|
|t:|1779570771
|move|p1a: Dragonite|Dragon Dance|p1a: Dragonite
|-boost|p1a: Dragonite|atk|1
|-boost|p1a: Dragonite|spe|1
|move|p2a: Mandibuzz|Roost|p2a: Mandibuzz
|-heal|p2a: Mandibuzz|100/100
|
|upkeep
|turn|11
|
|t:|1779570779
|switch|p2a: Gholdengo|Gholdengo|100/100
|-item|p2a: Gholdengo|Air Balloon
|move|p1a: Dragonite|Dragon Dance|p1a: Dragonite
|-boost|p1a: Dragonite|atk|1
|-boost|p1a: Dragonite|spe|1
|
|upkeep
|turn|12
|
|t:|1779570786
|move|p1a: Dragonite|Outrage|p2a: Gholdengo
|-resisted|p2a: Gholdengo
|-damage|p2a: Gholdengo|40/100
|-enditem|p2a: Gholdengo|Air Balloon
|move|p2a: Gholdengo|Make It Rain|p1a: Dragonite
|-damage|p1a: Dragonite|14/100
|-unboost|p2a: Gholdengo|spa|1
|
|upkeep
|turn|13
|
|t:|1779570797
|move|p1a: Dragonite|Outrage|p2a: Gholdengo|[from] lockedmove
|-resisted|p2a: Gholdengo
|-damage|p2a: Gholdengo|0 fnt
|faint|p2a: Gholdengo
|-start|p1a: Dragonite|confusion|[fatigue]
|
|upkeep
|
|t:|1779570802
|switch|p2a: Decidueye|Decidueye-Hisui, M|100/100
|turn|14
|
|t:|1779570807
|move|p2a: Decidueye|Shadow Sneak|p1a: Dragonite
|-damage|p1a: Dragonite|0 fnt
|faint|p1a: Dragonite
|
|upkeep
|
|t:|1779570818
|switch|p1a: Iron Moth|Iron Moth|100/100
|-enditem|p1a: Iron Moth|Booster Energy
|-activate|p1a: Iron Moth|ability: Quark Drive|[fromitem]
|-start|p1a: Iron Moth|quarkdrivespe
|turn|15
|
|t:|1779570825
|switch|p2a: Garganacl|Garganacl, M|100/100
|move|p1a: Iron Moth|Fiery Dance|p2a: Garganacl
|-resisted|p2a: Garganacl
|-damage|p2a: Garganacl|84/100
|-boost|p1a: Iron Moth|spa|1
|
|-heal|p2a: Garganacl|91/100|[from] item: Leftovers
|upkeep
|turn|16
|
|t:|1779570838
|move|p1a: Iron Moth|Sludge Wave|p2a: Garganacl
|-resisted|p2a: Garganacl
|-damage|p2a: Garganacl|65/100
|move|p2a: Garganacl|Salt Cure|p1a: Iron Moth
|-supereffective|p1a: Iron Moth
|-damage|p1a: Iron Moth|63/100
|-start|p1a: Iron Moth|Salt Cure
|
|-heal|p2a: Garganacl|71/100|[from] item: Leftovers
|-damage|p1a: Iron Moth|50/100|[from] Salt Cure
|upkeep
|turn|17
|
|t:|1779570848
|-end|p1a: Iron Moth|Quark Drive|[silent]
|switch|p1a: Kingambit|Kingambit, F|100/100
|-activate|p1a: Kingambit|ability: Supreme Overlord
|-start|p1a: Kingambit|fallen3|[silent]
|-item|p1a: Kingambit|Air Balloon
|move|p2a: Garganacl|Recover|p2a: Garganacl
|-heal|p2a: Garganacl|100/100
|
|upkeep
|turn|18
|
|t:|1779570858
|move|p1a: Kingambit|Swords Dance|p1a: Kingambit
|-boost|p1a: Kingambit|atk|2
|move|p2a: Garganacl|Iron Defense|p2a: Garganacl
|-boost|p2a: Garganacl|def|2
|
|upkeep
|turn|19
|
|t:|1779570867
|move|p1a: Kingambit|Iron Head|p2a: Garganacl
|-supereffective|p2a: Garganacl
|-damage|p2a: Garganacl|25/100
|cant|p2a: Garganacl|flinch
|
|-heal|p2a: Garganacl|31/100|[from] item: Leftovers
|upkeep
|turn|20
|
|t:|1779570875
|move|p1a: Kingambit|Low Kick|p2a: Garganacl
|-supereffective|p2a: Garganacl
|-damage|p2a: Garganacl|0 fnt
|faint|p2a: Garganacl
|
|upkeep
|
|t:|1779570878
|switch|p2a: Sudowoodo|Sudowoodo, L1, M|100/100
|turn|21
|
|t:|1779570883
|move|p1a: Kingambit|Low Kick|p2a: Sudowoodo
|-supereffective|p2a: Sudowoodo
|-ability|p2a: Sudowoodo|Sturdy
|-damage|p2a: Sudowoodo|9/100
|move|p2a: Sudowoodo|Endeavor|p1a: Kingambit
|-damage|p1a: Kingambit|1/100
|-enditem|p1a: Kingambit|Air Balloon
|-heal|p2a: Sudowoodo|100/100|[from] item: Shell Bell|[of] p1a: Kingambit
|
|upkeep
|turn|22
|
|t:|1779570894
|move|p2a: Sudowoodo|Protect|p2a: Sudowoodo
|-singleturn|p2a: Sudowoodo|Protect
|move|p1a: Kingambit|Sucker Punch||[still]
|-fail|p1a: Kingambit
|
|upkeep
|turn|23
|
|t:|1779570903
|switch|p2a: Mandibuzz|Mandibuzz, F, tera:Fire|100/100
|move|p1a: Kingambit|Sucker Punch||[still]
|-fail|p1a: Kingambit
|
|upkeep
|turn|24
|
|t:|1779570913
|move|p1a: Kingambit|Sucker Punch|p2a: Mandibuzz
|-damage|p2a: Mandibuzz|30/100
|move|p2a: Mandibuzz|Knock Off|p1a: Kingambit
|-resisted|p1a: Kingambit
|-damage|p1a: Kingambit|0 fnt
|faint|p1a: Kingambit
|-end|p1a: Kingambit|fallen3|[silent]
|
|upkeep
|
|t:|1779570920
|switch|p1a: Moltres|Moltres-Galar|100/100
|turn|25
|
|t:|1779570924
|move|p1a: Moltres|Nasty Plot|p1a: Moltres
|-boost|p1a: Moltres|spa|2
|move|p2a: Mandibuzz|Roost|p2a: Mandibuzz
|-heal|p2a: Mandibuzz|80/100
|
|upkeep
|turn|26
|
|t:|1779570931
|move|p1a: Moltres|Hurricane|p2a: Mandibuzz
|-damage|p2a: Mandibuzz|4/100
|move|p2a: Mandibuzz|Heat Wave|p1a: Moltres
|-damage|p1a: Moltres|81/100
|
|upkeep
|turn|27
|
|t:|1779570941
|move|p1a: Moltres|Fiery Wrath|p2a: Mandibuzz
|-damage|p2a: Mandibuzz|0 fnt
|faint|p2a: Mandibuzz
|
|upkeep
|
|t:|1779570944
|switch|p2a: Sudowoodo|Sudowoodo, L1, M|100/100
|turn|28
|
|t:|1779570948
|move|p1a: Moltres|Fiery Wrath|p2a: Sudowoodo
|-ability|p2a: Sudowoodo|Sturdy
|-damage|p2a: Sudowoodo|9/100
|move|p2a: Sudowoodo|Endeavor|p1a: Moltres
|-damage|p1a: Moltres|1/100
|-ability|p1a: Moltres|Berserk|boost
|-boost|p1a: Moltres|spa|1
|-heal|p2a: Sudowoodo|100/100|[from] item: Shell Bell|[of] p1a: Moltres
|-enditem|p1a: Moltres|Sitrus Berry|[eat]
|-heal|p1a: Moltres|26/100|[from] item: Sitrus Berry
|
|upkeep
|turn|29
|
|t:|1779570960
|move|p1a: Moltres|Fiery Wrath|p2a: Sudowoodo
|-ability|p2a: Sudowoodo|Sturdy
|-damage|p2a: Sudowoodo|9/100
|cant|p2a: Sudowoodo|flinch
|
|upkeep
|turn|30
|
|t:|1779570967
|move|p2a: Sudowoodo|Sucker Punch|p1a: Moltres
|-resisted|p1a: Moltres
|-damage|p1a: Moltres|25/100
|-heal|p2a: Sudowoodo|17/100|[from] item: Shell Bell|[of] p1a: Moltres
|move|p1a: Moltres|Fiery Wrath|p2a: Sudowoodo
|-damage|p2a: Sudowoodo|0 fnt
|faint|p2a: Sudowoodo
|
|upkeep
|
|t:|1779570969
|switch|p2a: Decidueye|Decidueye-Hisui, M|100/100
|turn|31
|
|t:|1779570978
|move|p2a: Decidueye|Shadow Sneak|p1a: Moltres
|-resisted|p1a: Moltres
|-damage|p1a: Moltres|15/100
|move|p1a: Moltres|Hurricane|p2a: Decidueye
|-supereffective|p2a: Decidueye
|-damage|p2a: Decidueye|0 fnt
|faint|p2a: Decidueye
|
|win|DPH300
|raw|DPH300's rating: 1344 &rarr; <strong>1364</strong><br />(+20 for winning)
|raw|Halloworlditsme's rating: 1339 &rarr; <strong>1319</strong><br />(-20 for losing)
|l|☆Halloworlditsme
|player|p2|
|l|☆DPH300
|player|p1|
