|j|☆Mappletor
|j|☆yotsuuba
|t:|1779619493
|gametype|singles
|player|p1|Mappletor|169|1231
|player|p2|yotsuuba|youngcouple-gen4dp|1234
|gen|9
|tier|[Gen 9] OU
|rated|
|rule|HP Percentage Mod: HP is shown in percentages
|rule|Endless Battle Clause: Forcing endless battles is banned
|rule|Species Clause: Limit one of each Pokémon
|rule|OHKO Clause: OHKO moves are banned
|rule|Evasion Items Clause: Evasion items are banned
|rule|Evasion Moves Clause: Evasion moves are banned
|rule|Evasion Abilities Clause: Evasion abilities are banned
|rule|Sleep Moves Clause: Sleep-inducing moves are banned
|clearpoke
|poke|p1|Ninetales, F|
|poke|p1|Raging Bolt|
|poke|p1|Hatterene, F|
|poke|p1|Walking Wake|
|poke|p1|Great Tusk|
|poke|p1|Scizor, M|
|poke|p2|Regieleki|
|poke|p2|Hatterene, F|
|poke|p2|Metagross|
|poke|p2|Golem, F|
|poke|p2|Volcanion|
|poke|p2|Enamorus, F|
|teampreview
|inactive|Battle timer is ON: inactive players will automatically lose when time's up. (requested by Mappletor)
|
|t:|1779619509
|teamsize|p1|6
|teamsize|p2|6
|start
|switch|p1a: Ninetales|Ninetales, F, shiny|100/100
|switch|p2a: Golem|Golem, F|100/100
|-weather|SunnyDay|[from] ability: Drought|[of] p1a: Ninetales
|turn|1
|
|t:|1779619529
|switch|p1a: Hatterene|Hatterene, F|100/100
|move|p2a: Golem|Earthquake|p1a: Hatterene
|-damage|p1a: Hatterene|27/100
|
|-weather|SunnyDay|[upkeep]
|upkeep
|turn|2
|
|t:|1779619537
|move|p2a: Golem|Earthquake|p1a: Hatterene
|-damage|p1a: Hatterene|0 fnt
|faint|p1a: Hatterene
|
|-weather|SunnyDay|[upkeep]
|upkeep
|
|t:|1779619541
|switch|p1a: Walking Wake|Walking Wake|100/100
|-activate|p1a: Walking Wake|ability: Protosynthesis
|-start|p1a: Walking Wake|protosynthesisspe
|turn|3
|
|t:|1779619544
|switch|p2a: Volcanion|Volcanion|100/100
|move|p1a: Walking Wake|Hydro Steam|p2a: Volcanion
|-immune|p2a: Volcanion|[from] ability: Water Absorb
|
|-weather|SunnyDay|[upkeep]
|upkeep
|turn|4
|
|t:|1779619557
|-end|p1a: Walking Wake|Protosynthesis|[silent]
|switch|p1a: Raging Bolt|Raging Bolt|100/100
|-activate|p1a: Raging Bolt|ability: Protosynthesis
|-start|p1a: Raging Bolt|protosynthesisspa
|move|p2a: Volcanion|Explosion|p1a: Raging Bolt
|-damage|p1a: Raging Bolt|0 fnt
|faint|p2a: Volcanion
|faint|p1a: Raging Bolt
|-end|p1a: Raging Bolt|Protosynthesis|[silent]
|
|-weather|SunnyDay|[upkeep]
|upkeep
|
|t:|1779619580
|switch|p1a: Walking Wake|Walking Wake|100/100
|switch|p2a: Golem|Golem, F|100/100
|-activate|p1a: Walking Wake|ability: Protosynthesis
|-start|p1a: Walking Wake|protosynthesisspe
|turn|5
|
|t:|1779619586
|move|p1a: Walking Wake|Hydro Steam|p2a: Golem
|-supereffective|p2a: Golem
|-ability|p2a: Golem|Sturdy
|-damage|p2a: Golem|1/100
|move|p2a: Golem|Explosion|p1a: Walking Wake
|-damage|p1a: Walking Wake|0 fnt
|faint|p2a: Golem
|faint|p1a: Walking Wake
|-end|p1a: Walking Wake|Protosynthesis|[silent]
|
|-weather|SunnyDay|[upkeep]
|upkeep
|
|t:|1779619601
|switch|p1a: Great Tusk|Great Tusk, shiny|100/100
|switch|p2a: Regieleki|Regieleki|100/100
|-activate|p1a: Great Tusk|ability: Protosynthesis
|-start|p1a: Great Tusk|protosynthesisatk
|turn|6
|
|t:|1779619605
|move|p2a: Regieleki|Explosion|p1a: Great Tusk
|-crit|p1a: Great Tusk
|-damage|p1a: Great Tusk|0 fnt
|faint|p2a: Regieleki
|faint|p1a: Great Tusk
|-end|p1a: Great Tusk|Protosynthesis|[silent]
|
|-weather|SunnyDay|[upkeep]
|upkeep
|
|t:|1779619613
|switch|p2a: Metagross|Metagross|100/100
|switch|p1a: Ninetales|Ninetales, F, shiny|100/100
|turn|7
|
|t:|1779619620
|switch|p2a: Enamorus|Enamorus, F|100/100
|move|p1a: Ninetales|Weather Ball|p2a: Enamorus
|-damage|p2a: Enamorus|40/100
|
|-weather|SunnyDay|[upkeep]
|upkeep
|turn|8
|
|t:|1779619632
|-terastallize|p2a: Enamorus|Fairy
|-terastallize|p1a: Ninetales|Ghost
|move|p2a: Enamorus|Misty Explosion|p1a: Ninetales
|-damage|p1a: Ninetales|0 fnt
|faint|p2a: Enamorus
|faint|p1a: Ninetales
|
|-weather|none
|upkeep
|
|t:|1779619638
|switch|p2a: Metagross|Metagross|100/100
|switch|p1a: Scizor|Scizor, M|100/100
|turn|9
|
|t:|1779619646
|move|p2a: Metagross|Earthquake|p1a: Scizor
|-damage|p1a: Scizor|31/100
|move|p1a: Scizor|Close Combat|p2a: Metagross
|-damage|p2a: Metagross|43/100
|-unboost|p1a: Scizor|def|1
|-unboost|p1a: Scizor|spd|1
|
|upkeep
|turn|10
|
|t:|1779619653
|switch|p2a: Hatterene|Hatterene, F|100/100
|move|p1a: Scizor|Close Combat|p2a: Hatterene
|-resisted|p2a: Hatterene
|-damage|p2a: Hatterene|80/100
|-unboost|p1a: Scizor|def|1
|-unboost|p1a: Scizor|spd|1
|
|-heal|p2a: Hatterene|86/100|[from] item: Leftovers
|upkeep
|turn|11
|
|t:|1779619664
|move|p1a: Scizor|Close Combat|p2a: Hatterene
|-resisted|p2a: Hatterene
|-damage|p2a: Hatterene|66/100
|-unboost|p1a: Scizor|def|1
|-unboost|p1a: Scizor|spd|1
|move|p2a: Hatterene|Misty Explosion|p1a: Scizor
|-resisted|p1a: Scizor
|-damage|p1a: Scizor|0 fnt
|faint|p2a: Hatterene
|faint|p1a: Scizor
|
|win|yotsuuba
|raw|Mappletor's rating: 1231 &rarr; <strong>1206</strong><br />(-25 for losing)
|raw|yotsuuba's rating: 1234 &rarr; <strong>1259</strong><br />(+25 for winning)
|c|☆yotsuuba|Gg
|l|☆Mappletor
|player|p1|
