|j|☆meta fodder
|j|☆Draconic Echo
|t:|1779699293
|gametype|singles
|player|p1|meta fodder|workerice|1523
|player|p2|Draconic Echo|gladion|1502
|gen|9
|tier|[Gen 9] OU
|rated|
|rule|HP Percentage Mod: HP is shown in percentages
|rule|Endless Battle Clause: Forcing endless battles is banned
|rule|Species Clause: Limit one of each Pokémon
|rule|OHKO Clause: OHKO moves are banned
|rule|Evasion Items Clause: Evasion items are banned
|rule|Evasion Moves Clause: Evasion moves are banned
|rule|Evasion Abilities Clause: Evasion abilities are banned
|rule|Sleep Moves Clause: Sleep-inducing moves are banned
|clearpoke
|poke|p1|Ninetales-Alola, M|
|poke|p1|Blaziken, M|
|poke|p1|Glimmora, M|
|poke|p1|Iron Valiant|
|poke|p1|Zamazenta-*|
|poke|p1|Dragonite, M|
|poke|p2|Great Tusk|
|poke|p2|Vaporeon, M|
|poke|p2|Corviknight, F|
|poke|p2|Samurott-Hisui, F|
|poke|p2|Hatterene, F|
|poke|p2|Jolteon, F|
|teampreview
|inactive|Battle timer is ON: inactive players will automatically lose when time's up. (requested by meta fodder)
|
|t:|1779699298
|teamsize|p1|6
|teamsize|p2|6
|start
|switch|p1a: Ninetales|Ninetales-Alola, M|100/100
|switch|p2a: :3|Jolteon, F|100/100
|-weather|Snowscape|[from] ability: Snow Warning|[of] p1a: Ninetales
|turn|1
|
|t:|1779699301
|move|p2a: :3|Volt Switch|p1a: Ninetales
|-damage|p1a: Ninetales|59/100
|
|t:|1779699304
|switch|p2a: :)|Hatterene, F|100/100|[from] Volt Switch
|move|p1a: Ninetales|Aurora Veil|p1a: Ninetales
|-sidestart|p1: meta fodder|move: Aurora Veil
|
|-weather|Snowscape|[upkeep]
|upkeep
|turn|2
|
|t:|1779699310
|switch|p1a: Glimmora|Glimmora, M|100/100
|move|p2a: :)|Psychic Noise|p1a: Glimmora
|-supereffective|p1a: Glimmora
|-damage|p1a: Glimmora|54/100
|-start|p1a: Glimmora|move: Heal Block
|
|-weather|Snowscape|[upkeep]
|upkeep
|turn|3
|
|t:|1779699315
|switch|p2a: :D|Corviknight, F, shiny|100/100
|-ability|p2a: :D|Pressure
|move|p1a: Glimmora|Meteor Beam||[still]
|-prepare|p1a: Glimmora|Meteor Beam
|-boost|p1a: Glimmora|spa|1
|-enditem|p1a: Glimmora|Power Herb
|-anim|p1a: Glimmora|Meteor Beam|p2a: :D
|-damage|p2a: :D|38/100
|
|-weather|Snowscape|[upkeep]
|-end|p1a: Glimmora|move: Heal Block
|upkeep
|turn|4
|
|t:|1779699325
|move|p1a: Glimmora|Stealth Rock|p2a: :D
|-sidestart|p2: Draconic Echo|move: Stealth Rock
|move|p2a: :D|Roost|p2a: :D
|-heal|p2a: :D|88/100
|-singleturn|p2a: :D|move: Roost
|
|-weather|Snowscape|[upkeep]
|upkeep
|turn|5
|
|t:|1779699328
|move|p1a: Glimmora|Meteor Beam||[still]
|-prepare|p1a: Glimmora|Meteor Beam
|-boost|p1a: Glimmora|spa|1
|move|p2a: :D|Defog|p1a: Glimmora
|-unboost|p1a: Glimmora|evasion|1
|-sideend|p1: meta fodder|move: Aurora Veil
|-sideend|p2: Draconic Echo|Stealth Rock|[from] move: Defog|[of] p2a: :D
|
|-weather|none
|upkeep
|turn|6
|
|t:|1779699337
|move|p1a: Glimmora|Meteor Beam|p2a: :D|[from] lockedmove
|-damage|p2a: :D|0 fnt
|faint|p2a: :D
|
|upkeep
|
|t:|1779699348
|switch|p2a: >:(|Samurott-Hisui, F|100/100
|turn|7
|
|t:|1779699353
|move|p2a: >:(|Aqua Cutter|p1a: Glimmora
|-supereffective|p1a: Glimmora
|-damage|p1a: Glimmora|0 fnt
|-activate|p1a: Glimmora|ability: Toxic Debris
|-sidestart|p2: Draconic Echo|move: Toxic Spikes
|faint|p1a: Glimmora
|
|upkeep
|
|t:|1779699359
|switch|p1a: Ninetales|Ninetales-Alola, M|59/100
|-weather|Snowscape|[from] ability: Snow Warning|[of] p1a: Ninetales
|turn|8
|
|t:|1779699360
|move|p2a: >:(|Aqua Cutter|p1a: Ninetales
|-damage|p1a: Ninetales|7/100
|move|p1a: Ninetales|Aurora Veil|p1a: Ninetales
|-sidestart|p1: meta fodder|move: Aurora Veil
|
|-weather|Snowscape|[upkeep]
|upkeep
|turn|9
|
|t:|1779699366
|switch|p2a: :3|Jolteon, F|100/100
|switch|p1a: Zamazenta|Zamazenta|100/100
|-ability|p1a: Zamazenta|Dauntless Shield|boost
|-boost|p1a: Zamazenta|def|1
|
|-weather|Snowscape|[upkeep]
|upkeep
|turn|10
|
|t:|1779699382
|move|p2a: :3|Volt Switch|p1a: Zamazenta
|-damage|p1a: Zamazenta|88/100
|
|t:|1779699385
|switch|p2a: :)|Hatterene, F|100/100|[from] Volt Switch
|-status|p2a: :)|psn
|move|p1a: Zamazenta|Body Press|p2a: :)
|-resisted|p2a: :)
|-damage|p2a: :)|90/100 psn
|
|-weather|Snowscape|[upkeep]
|-heal|p1a: Zamazenta|94/100|[from] item: Leftovers
|-heal|p2a: :)|96/100 psn|[from] item: Leftovers
|-damage|p2a: :)|84/100 psn|[from] psn
|upkeep
|turn|11
|
|t:|1779699393
|move|p1a: Zamazenta|Substitute|p1a: Zamazenta
|-start|p1a: Zamazenta|Substitute
|-damage|p1a: Zamazenta|69/100
|move|p2a: :)|Draining Kiss|p1a: Zamazenta
|-supereffective|p1a: Zamazenta
|-activate|p1a: Zamazenta|move: Substitute|[damage]
|-heal|p2a: :)|100/100 psn|[from] drain|[of] p1a: Zamazenta
|
|-weather|Snowscape|[upkeep]
|-heal|p1a: Zamazenta|75/100|[from] item: Leftovers
|-damage|p2a: :)|88/100 psn|[from] psn
|upkeep
|turn|12
|
|t:|1779699400
|move|p1a: Zamazenta|Crunch|p2a: :)
|-damage|p2a: :)|70/100 psn
|move|p2a: :)|Draining Kiss|p1a: Zamazenta
|-supereffective|p1a: Zamazenta
|-end|p1a: Zamazenta|Substitute
|-heal|p2a: :)|76/100 psn|[from] drain|[of] p1a: Zamazenta
|
|-weather|none
|-heal|p1a: Zamazenta|81/100|[from] item: Leftovers
|-heal|p2a: :)|82/100 psn|[from] item: Leftovers
|-damage|p2a: :)|69/100 psn|[from] psn
|upkeep
|turn|13
|
|t:|1779699409
|switch|p1a: Blaziken|Blaziken, M|100/100
|move|p2a: :)|Calm Mind|p2a: :)
|-boost|p2a: :)|spa|1
|-boost|p2a: :)|spd|1
|
|-heal|p2a: :)|75/100 psn|[from] item: Leftovers
|-damage|p2a: :)|63/100 psn|[from] psn
|upkeep
|turn|14
|
|t:|1779699414
|move|p1a: Blaziken|Focus Energy|p1a: Blaziken
|-start|p1a: Blaziken|move: Focus Energy
|move|p2a: :)|Psychic Noise|p1a: Blaziken
|-supereffective|p1a: Blaziken
|-crit|p1a: Blaziken
|-damage|p1a: Blaziken|0 fnt
|faint|p1a: Blaziken
|
|-heal|p2a: :)|69/100 psn|[from] item: Leftovers
|-damage|p2a: :)|57/100 psn|[from] psn
|upkeep
|c|☆meta fodder|dammit
|
|t:|1779699430
|switch|p1a: Iron Valiant|Iron Valiant|100/100
|-enditem|p1a: Iron Valiant|Booster Energy
|-activate|p1a: Iron Valiant|ability: Quark Drive|[fromitem]
|-start|p1a: Iron Valiant|quarkdrivespe
|turn|15
|
|t:|1779699436
|-terastallize|p1a: Iron Valiant|Ghost
|move|p1a: Iron Valiant|Shadow Ball|p2a: :)
|-supereffective|p2a: :)
|-damage|p2a: :)|3/100 psn
|move|p2a: :)|Draining Kiss|p1a: Iron Valiant
|-damage|p1a: Iron Valiant|70/100
|-heal|p2a: :)|24/100 psn|[from] drain|[of] p1a: Iron Valiant
|
|-heal|p2a: :)|30/100 psn|[from] item: Leftovers
|-damage|p2a: :)|17/100 psn|[from] psn
|-sideend|p1: meta fodder|move: Aurora Veil
|upkeep
|turn|16
|
|t:|1779699447
|move|p1a: Iron Valiant|Shadow Ball|p2a: :)
|-supereffective|p2a: :)
|-damage|p2a: :)|0 fnt
|faint|p2a: :)
|
|upkeep
|c|☆meta fodder|unlucky getting crit there
|
|t:|1779699455
|switch|p2a: :3|Jolteon, F|100/100
|turn|17
|
|t:|1779699460
|move|p1a: Iron Valiant|Moonblast|p2a: :3
|-damage|p2a: :3|40/100
|move|p2a: :3|Shadow Ball|p1a: Iron Valiant
|-supereffective|p1a: Iron Valiant
|-damage|p1a: Iron Valiant|0 fnt
|faint|p1a: Iron Valiant
|-end|p1a: Iron Valiant|Quark Drive|[silent]
|
|upkeep
|
|t:|1779699467
|switch|p1a: Dragonite|Dragonite, M|100/100
|turn|18
|
|t:|1779699471
|switch|p2a: Meep|Vaporeon, M|100/100
|-status|p2a: Meep|psn
|move|p1a: Dragonite|Dragon Dance|p1a: Dragonite
|-boost|p1a: Dragonite|atk|1
|-boost|p1a: Dragonite|spe|1
|
|-damage|p2a: Meep|88/100 psn|[from] psn
|upkeep
|turn|19
|
|t:|1779699479
|move|p1a: Dragonite|Dragon Dance|p1a: Dragonite
|-boost|p1a: Dragonite|atk|1
|-boost|p1a: Dragonite|spe|1
|move|p2a: Meep|Scald|p1a: Dragonite
|-resisted|p1a: Dragonite
|-damage|p1a: Dragonite|93/100
|
|-heal|p2a: Meep|94/100 psn|[from] item: Leftovers
|-damage|p2a: Meep|82/100 psn|[from] psn
|upkeep
|turn|20
|
|t:|1779699484
|move|p1a: Dragonite|Outrage|p2a: Meep
|-crit|p2a: Meep
|-damage|p2a: Meep|0 fnt
|faint|p2a: Meep
|
|upkeep
|
|t:|1779699487
|switch|p2a: :3|Jolteon, F|40/100
|turn|21
|
|t:|1779699489
|-terastallize|p2a: :3|Fairy
|move|p1a: Dragonite|Outrage|p2a: :3|[from] lockedmove
|-immune|p2a: :3
|-start|p1a: Dragonite|confusion|[fatigue]
|move|p2a: :3|Alluring Voice|p1a: Dragonite
|-supereffective|p1a: Dragonite
|-damage|p1a: Dragonite|8/100
|
|upkeep
|turn|22
|
|t:|1779699497
|switch|p2a: Hi|Great Tusk|100/100
|-status|p2a: Hi|psn
|-activate|p1a: Dragonite|confusion
|-damage|p1a: Dragonite|0 fnt|[from] confusion
|faint|p1a: Dragonite
|
|-damage|p2a: Hi|88/100 psn|[from] psn
|upkeep
|
|t:|1779699505
|switch|p1a: Zamazenta|Zamazenta|81/100
|turn|23
|
|t:|1779699508
|move|p1a: Zamazenta|Substitute|p1a: Zamazenta
|-start|p1a: Zamazenta|Substitute
|-damage|p1a: Zamazenta|56/100
|move|p2a: Hi|Headlong Rush|p1a: Zamazenta
|-end|p1a: Zamazenta|Substitute
|-unboost|p2a: Hi|def|1
|-unboost|p2a: Hi|spd|1
|
|-heal|p1a: Zamazenta|62/100|[from] item: Leftovers
|-damage|p2a: Hi|76/100 psn|[from] psn
|upkeep
|turn|24
|
|t:|1779699513
|move|p1a: Zamazenta|Iron Defense|p1a: Zamazenta
|-boost|p1a: Zamazenta|def|2
|move|p2a: Hi|Headlong Rush|p1a: Zamazenta
|-damage|p1a: Zamazenta|29/100
|-unboost|p2a: Hi|def|1
|-unboost|p2a: Hi|spd|1
|
|-heal|p1a: Zamazenta|35/100|[from] item: Leftovers
|-damage|p2a: Hi|63/100 psn|[from] psn
|upkeep
|turn|25
|
|t:|1779699518
|move|p1a: Zamazenta|Iron Defense|p1a: Zamazenta
|-boost|p1a: Zamazenta|def|2
|move|p2a: Hi|Headlong Rush|p1a: Zamazenta
|-damage|p1a: Zamazenta|12/100
|-unboost|p2a: Hi|def|1
|-unboost|p2a: Hi|spd|1
|
|-heal|p1a: Zamazenta|18/100|[from] item: Leftovers
|-damage|p2a: Hi|51/100 psn|[from] psn
|upkeep
|turn|26
|
|t:|1779699527
|move|p1a: Zamazenta|Body Press|p2a: Hi
|-damage|p2a: Hi|0 fnt
|faint|p2a: Hi
|-end|p2a: Hi|Protosynthesis|[silent]
|
|-heal|p1a: Zamazenta|24/100|[from] item: Leftovers
|upkeep
|
|t:|1779699529
|switch|p2a: :3|Jolteon, F, tera:Fairy|40/100
|turn|27
|
|t:|1779699532
|move|p2a: :3|Thunderbolt|p1a: Zamazenta
|-damage|p1a: Zamazenta|0 fnt
|faint|p1a: Zamazenta
|
|upkeep
|
|t:|1779699533
|switch|p1a: Ninetales|Ninetales-Alola, M|7/100
|-weather|Snowscape|[from] ability: Snow Warning|[of] p1a: Ninetales
|turn|28
|c|☆meta fodder|damn i got haxed gg
|c|☆Draconic Echo|gg
|inactive|meta fodder has 120 seconds left.
|inactive|meta fodder has 90 seconds left.
|-message|meta fodder forfeited.
|
|win|Draconic Echo
|raw|meta fodder's rating: 1523 &rarr; <strong>1502</strong><br />(-21 for losing)
|raw|Draconic Echo's rating: 1502 &rarr; <strong>1523</strong><br />(+21 for winning)
|l|☆Draconic Echo
|player|p2|
