|j|☆KittySwimming
|j|☆gulp1
|t:|1779707543
|gametype|singles
|player|p1|KittySwimming|richboy|1215
|player|p2|gulp1|266|1211
|gen|9
|tier|[Gen 9] OU
|rated|
|rule|HP Percentage Mod: HP is shown in percentages
|rule|Endless Battle Clause: Forcing endless battles is banned
|rule|Species Clause: Limit one of each Pokémon
|rule|OHKO Clause: OHKO moves are banned
|rule|Evasion Items Clause: Evasion items are banned
|rule|Evasion Moves Clause: Evasion moves are banned
|rule|Evasion Abilities Clause: Evasion abilities are banned
|rule|Sleep Moves Clause: Sleep-inducing moves are banned
|clearpoke
|poke|p1|Darkrai|
|poke|p1|Garchomp, F|
|poke|p1|Alomomola, F|
|poke|p1|Corviknight, M|
|poke|p1|Weezing-Galar, M|
|poke|p1|Ogerpon, F|
|poke|p2|Glimmora, F|
|poke|p2|Bronzong|
|poke|p2|Dragapult, M|
|poke|p2|Clefable, F|
|poke|p2|Lapras, F|
|poke|p2|Pawmot, M|
|teampreview
|inactive|Battle timer is ON: inactive players will automatically lose when time's up. (requested by KittySwimming)
|
|t:|1779707568
|teamsize|p1|6
|teamsize|p2|6
|start
|switch|p1a: Garchomp|Garchomp, F|100/100
|switch|p2a: Glimmora|Glimmora, F, shiny|100/100
|turn|1
|
|t:|1779707576
|switch|p2a: Bronzong|Bronzong, shiny|100/100
|move|p1a: Garchomp|Stealth Rock|p2a: Bronzong
|-sidestart|p2: gulp1|move: Stealth Rock
|
|-damage|p2a: Bronzong|88/100|[from] item: Sticky Barb
|upkeep
|turn|2
|
|t:|1779707583
|move|p1a: Garchomp|Spikes|p2a: Bronzong
|-sidestart|p2: gulp1|Spikes
|move|p2a: Bronzong|Trick|p1a: Garchomp
|-activate|p2a: Bronzong|move: Trick|[of] p1a: Garchomp
|-item|p1a: Garchomp|Sticky Barb|[from] move: Trick
|-item|p2a: Bronzong|Rocky Helmet|[from] move: Trick
|
|-damage|p1a: Garchomp|88/100|[from] item: Sticky Barb
|upkeep
|turn|3
|
|t:|1779707599
|move|p1a: Garchomp|Spikes|p2a: Bronzong
|-sidestart|p2: gulp1|Spikes
|move|p2a: Bronzong|Stealth Rock|p1a: Garchomp
|-sidestart|p1: KittySwimming|move: Stealth Rock
|
|-damage|p1a: Garchomp|76/100|[from] item: Sticky Barb
|upkeep
|turn|4
|
|t:|1779707605
|move|p1a: Garchomp|Spikes|p2a: Bronzong
|-sidestart|p2: gulp1|Spikes
|move|p2a: Bronzong|Night Shade|p1a: Garchomp
|-damage|p1a: Garchomp|52/100
|
|-damage|p1a: Garchomp|39/100|[from] item: Sticky Barb
|upkeep
|turn|5
|
|t:|1779707620
|switch|p1a: Corviknight|Corviknight, M|100/100
|-damage|p1a: Corviknight|88/100|[from] Stealth Rock
|-ability|p1a: Corviknight|Pressure
|move|p2a: Bronzong|Night Shade|p1a: Corviknight
|-damage|p1a: Corviknight|63/100
|
|-heal|p1a: Corviknight|69/100|[from] item: Leftovers
|upkeep
|turn|6
|
|t:|1779707645
|move|p1a: Corviknight|U-turn|p2a: Bronzong
|-damage|p2a: Bronzong|77/100
|-damage|p1a: Corviknight|53/100|[from] item: Rocky Helmet|[of] p2a: Bronzong
|
|t:|1779707661
|switch|p1a: Alomomola|Alomomola, F|100/100|[from] U-turn
|-damage|p1a: Alomomola|88/100|[from] Stealth Rock
|move|p2a: Bronzong|Trick|p1a: Alomomola
|-activate|p2a: Bronzong|move: Trick|[of] p1a: Alomomola
|-item|p1a: Alomomola|Rocky Helmet|[from] move: Trick
|-item|p2a: Bronzong|Assault Vest|[from] move: Trick
|
|upkeep
|turn|7
|
|t:|1779707681
|move|p1a: Alomomola|Flip Turn|p2a: Bronzong
|-damage|p2a: Bronzong|63/100
|inactive|KittySwimming has 120 seconds left.
|
|t:|1779707701
|switch|p1a: Garchomp|Garchomp, F|39/100|[from] Flip Turn
|-damage|p1a: Garchomp|33/100|[from] Stealth Rock
|move|p2a: Bronzong|Night Shade|p1a: Garchomp
|-damage|p1a: Garchomp|9/100
|
|-damage|p1a: Garchomp|0 fnt|[from] item: Sticky Barb
|faint|p1a: Garchomp
|upkeep
|
|t:|1779707721
|switch|p1a: Darkrai|Darkrai|100/100
|-damage|p1a: Darkrai|88/100|[from] Stealth Rock
|turn|8
|
|t:|1779707726
|switch|p2a: Clefable|Clefable, F, shiny|100/100
|-terastallize|p1a: Darkrai|Dark
|move|p1a: Darkrai|Dark Pulse|p2a: Clefable
|-resisted|p2a: Clefable
|-damage|p2a: Clefable|60/100
|
|upkeep
|turn|9
|
|t:|1779707739
|switch|p1a: Corviknight|Corviknight, M|53/100
|-damage|p1a: Corviknight|40/100|[from] Stealth Rock
|-ability|p1a: Corviknight|Pressure
|move|p2a: Clefable|Calm Mind|p2a: Clefable
|-boost|p2a: Clefable|spa|1
|-boost|p2a: Clefable|spd|1
|
|-heal|p1a: Corviknight|46/100|[from] item: Leftovers
|upkeep
|turn|10
|
|t:|1779707749
|move|p2a: Clefable|Moonlight|p2a: Clefable
|-heal|p2a: Clefable|100/100
|move|p1a: Corviknight|Roost|p1a: Corviknight
|-heal|p1a: Corviknight|96/100
|-singleturn|p1a: Corviknight|move: Roost
|
|-heal|p1a: Corviknight|100/100|[from] item: Leftovers
|upkeep
|turn|11
|
|t:|1779707757
|move|p2a: Clefable|Flamethrower|p1a: Corviknight
|-supereffective|p1a: Corviknight
|-damage|p1a: Corviknight|42/100
|move|p1a: Corviknight|Brave Bird|p2a: Clefable
|-damage|p2a: Clefable|64/100
|-damage|p1a: Corviknight|26/100|[from] item: Rocky Helmet|[of] p2a: Clefable
|-damage|p1a: Corviknight|15/100|[from] Recoil
|
|-heal|p1a: Corviknight|21/100|[from] item: Leftovers
|upkeep
|turn|12
|
|t:|1779707767
|move|p2a: Clefable|Calm Mind|p2a: Clefable
|-boost|p2a: Clefable|spa|1
|-boost|p2a: Clefable|spd|1
|move|p1a: Corviknight|Roost|p1a: Corviknight
|-heal|p1a: Corviknight|71/100
|-singleturn|p1a: Corviknight|move: Roost
|
|-heal|p1a: Corviknight|77/100|[from] item: Leftovers
|upkeep
|turn|13
|
|t:|1779707777
|move|p2a: Clefable|Flamethrower|p1a: Corviknight
|-supereffective|p1a: Corviknight
|-damage|p1a: Corviknight|1/100
|move|p1a: Corviknight|Brave Bird|p2a: Clefable
|-damage|p2a: Clefable|29/100
|-damage|p1a: Corviknight|0 fnt|[from] item: Rocky Helmet|[of] p2a: Clefable
|faint|p1a: Corviknight
|
|upkeep
|inactive|KittySwimming has 120 seconds left.
|
|t:|1779707798
|switch|p1a: Alomomola|Alomomola, F|100/100
|-damage|p1a: Alomomola|88/100|[from] Stealth Rock
|turn|14
|
|t:|1779707804
|move|p2a: Clefable|Moonlight|p2a: Clefable
|-heal|p2a: Clefable|79/100
|move|p1a: Alomomola|Flip Turn|p2a: Clefable
|-damage|p2a: Clefable|60/100
|-damage|p1a: Alomomola|72/100|[from] item: Rocky Helmet|[of] p2a: Clefable
|
|t:|1779707809
|switch|p1a: Ogerpon|Ogerpon, F|100/100|[from] Flip Turn
|-damage|p1a: Ogerpon|88/100|[from] Stealth Rock
|
|upkeep
|turn|15
|
|t:|1779707815
|move|p1a: Ogerpon|Encore|p2a: Clefable
|-start|p2a: Clefable|Encore
|move|p2a: Clefable|Moonlight|p2a: Clefable
|-heal|p2a: Clefable|100/100
|
|upkeep
|turn|16
|
|t:|1779707822
|switch|p2a: Glimmora|Glimmora, F, shiny|100/100
|-damage|p2a: Glimmora|88/100|[from] Stealth Rock
|-damage|p2a: Glimmora|63/100|[from] Spikes
|move|p1a: Ogerpon|Swords Dance|p1a: Ogerpon
|-boost|p1a: Ogerpon|atk|2
|
|-heal|p2a: Glimmora|69/100|[from] item: Leftovers
|upkeep
|turn|17
|
|t:|1779707831
|move|p2a: Glimmora|Spiky Shield|p2a: Glimmora
|-singleturn|p2a: Glimmora|move: Protect
|move|p1a: Ogerpon|Ivy Cudgel|p2a: Glimmora
|-activate|p2a: Glimmora|move: Protect
|
|-heal|p2a: Glimmora|75/100|[from] item: Leftovers
|upkeep
|turn|18
|
|t:|1779707841
|move|p1a: Ogerpon|Ivy Cudgel|p2a: Glimmora
|-crit|p2a: Glimmora
|-damage|p2a: Glimmora|0 fnt
|-activate|p2a: Glimmora|ability: Toxic Debris
|-sidestart|p1: KittySwimming|move: Toxic Spikes
|faint|p2a: Glimmora
|
|upkeep
|
|t:|1779707851
|switch|p2a: Bronzong|Bronzong, shiny|63/100
|-damage|p2a: Bronzong|57/100|[from] Stealth Rock
|turn|19
|
|t:|1779707856
|move|p1a: Ogerpon|Knock Off|p2a: Bronzong
|-supereffective|p2a: Bronzong
|-damage|p2a: Bronzong|0 fnt
|-enditem|p2a: Bronzong|Assault Vest|[from] move: Knock Off|[of] p1a: Ogerpon
|faint|p2a: Bronzong
|
|upkeep
|
|t:|1779707866
|switch|p2a: Pawmot|Pawmot, M, shiny|100/100
|-damage|p2a: Pawmot|94/100|[from] Stealth Rock
|-damage|p2a: Pawmot|70/100|[from] Spikes
|turn|20
|inactive|gulp1 has 120 seconds left.
|
|t:|1779707910
|move|p1a: Ogerpon|Ivy Cudgel|p2a: Pawmot
|-damage|p2a: Pawmot|0 fnt
|faint|p2a: Pawmot
|
|upkeep
|
|t:|1779707914
|switch|p2a: Clefable|Clefable, F, shiny|100/100
|turn|21
|
|t:|1779707920
|move|p1a: Ogerpon|Ivy Cudgel|p2a: Clefable
|-crit|p2a: Clefable
|-damage|p2a: Clefable|0 fnt
|faint|p2a: Clefable
|
|upkeep
|c|☆gulp1|nah i quit
|inactive|gulp1 has 120 seconds left.
|c|☆gulp1|ogerpon is too broken for me
|c|☆gulp1|sorry
|-message|gulp1 forfeited.
|
|win|KittySwimming
|raw|KittySwimming's rating: 1215 &rarr; <strong>1240</strong><br />(+25 for winning)
|raw|gulp1's rating: 1211 &rarr; <strong>1186</strong><br />(-25 for losing)
|l|☆gulp1
|player|p2|
