|j|☆superstar
|j|☆scorpion257
|t:|1779718771
|gametype|singles
|player|p1|superstar|265|1647
|player|p2|scorpion257|benga|1576
|gen|9
|tier|[Gen 9] OU
|rated|
|rule|HP Percentage Mod: HP is shown in percentages
|rule|Endless Battle Clause: Forcing endless battles is banned
|rule|Species Clause: Limit one of each Pokémon
|rule|OHKO Clause: OHKO moves are banned
|rule|Evasion Items Clause: Evasion items are banned
|rule|Evasion Moves Clause: Evasion moves are banned
|rule|Evasion Abilities Clause: Evasion abilities are banned
|rule|Sleep Moves Clause: Sleep-inducing moves are banned
|clearpoke
|poke|p1|Araquanid, F|
|poke|p1|Pecharunt|
|poke|p1|Ogerpon-Wellspring, F|
|poke|p1|Raging Bolt|
|poke|p1|Kingambit, F|
|poke|p1|Landorus-Therian, M|
|poke|p2|Dondozo, F|
|poke|p2|Blissey, F|
|poke|p2|Corviknight, F|
|poke|p2|Weezing-Galar, M|
|poke|p2|Gliscor, F|
|poke|p2|Toxapex, M|
|teampreview
|inactive|Battle timer is ON: inactive players will automatically lose when time's up. (requested by scorpion257)
|
|t:|1779718784
|teamsize|p1|6
|teamsize|p2|6
|start
|switch|p1a: Landorus|Landorus-Therian, M|100/100
|switch|p2a: Toxapex|Toxapex, M|100/100
|-ability|p1a: Landorus|Intimidate|boost
|-unboost|p2a: Toxapex|atk|1
|turn|1
|j| yuureisuisei
|l| yuureisuisei
|
|t:|1779718797
|switch|p2a: Gliscor|Gliscor, F|100/100
|move|p1a: Landorus|Taunt|p2a: Gliscor
|-start|p2a: Gliscor|move: Taunt
|
|-status|p2a: Gliscor|tox|[from] item: Toxic Orb
|upkeep
|turn|2
|
|t:|1779718800
|move|p1a: Landorus|Stealth Rock|p2a: Gliscor
|-sidestart|p2: scorpion257|move: Stealth Rock
|move|p2a: Gliscor|Knock Off|p1a: Landorus
|-damage|p1a: Landorus|80/100
|-damage|p2a: Gliscor|84/100 tox|[from] item: Rocky Helmet|[of] p1a: Landorus
|-enditem|p1a: Landorus|Rocky Helmet|[from] move: Knock Off|[of] p2a: Gliscor
|
|-heal|p2a: Gliscor|97/100 tox|[from] ability: Poison Heal
|upkeep
|turn|3
|
|t:|1779718815
|move|p1a: Landorus|U-turn|p2a: Gliscor
|-resisted|p2a: Gliscor
|-damage|p2a: Gliscor|88/100 tox
|
|t:|1779718819
|switch|p1a: Ogerpon|Ogerpon-Wellspring, F|100/100|[from] U-turn
|move|p2a: Gliscor|Knock Off|p1a: Ogerpon
|-damage|p1a: Ogerpon|82/100
|
|-heal|p2a: Gliscor|100/100 tox|[from] ability: Poison Heal
|-end|p2a: Gliscor|move: Taunt
|upkeep
|turn|4
|
|t:|1779718825
|switch|p2a: Dondozo|Dondozo, F|100/100
|-damage|p2a: Dondozo|88/100|[from] Stealth Rock
|move|p1a: Ogerpon|Ivy Cudgel|p2a: Dondozo|[anim] Ivy Cudgel Water
|-resisted|p2a: Dondozo
|-damage|p2a: Dondozo|75/100
|
|-heal|p2a: Dondozo|81/100|[from] item: Leftovers
|upkeep
|turn|5
|
|t:|1779718835
|-terastallize|p2a: Dondozo|Dragon
|move|p1a: Ogerpon|Horn Leech|p2a: Dondozo
|-resisted|p2a: Dondozo
|-damage|p2a: Dondozo|72/100
|-heal|p1a: Ogerpon|90/100|[from] drain|[of] p2a: Dondozo
|move|p2a: Dondozo|Body Press|p1a: Ogerpon
|-damage|p1a: Ogerpon|51/100
|
|-heal|p2a: Dondozo|78/100|[from] item: Leftovers
|upkeep
|turn|6
|
|t:|1779718851
|switch|p1a: Pecharunt|Pecharunt|100/100
|move|p2a: Dondozo|Avalanche|p1a: Pecharunt
|-damage|p1a: Pecharunt|90/100
|
|-heal|p2a: Dondozo|85/100|[from] item: Leftovers
|upkeep
|turn|7
|
|t:|1779718856
|switch|p2a: Toxapex|Toxapex, M|100/100
|-damage|p2a: Toxapex|88/100|[from] Stealth Rock
|move|p1a: Pecharunt|Nasty Plot|p1a: Pecharunt
|-boost|p1a: Pecharunt|spa|2
|
|-heal|p2a: Toxapex|94/100|[from] item: Leftovers
|upkeep
|turn|8
|
|t:|1779718858
|move|p1a: Pecharunt|Shadow Ball|p2a: Toxapex
|-damage|p2a: Toxapex|51/100
|move|p2a: Toxapex|Haze|p2a: Toxapex
|-clearallboost
|
|-heal|p2a: Toxapex|57/100|[from] item: Leftovers
|upkeep
|turn|9
|
|t:|1779718863
|move|p1a: Pecharunt|Shadow Ball|p2a: Toxapex
|-damage|p2a: Toxapex|36/100
|move|p2a: Toxapex|Haze|p2a: Toxapex
|-clearallboost
|
|-heal|p2a: Toxapex|43/100|[from] item: Leftovers
|upkeep
|turn|10
|
|t:|1779718866
|move|p1a: Pecharunt|Shadow Ball|p2a: Toxapex
|-damage|p2a: Toxapex|21/100
|-unboost|p2a: Toxapex|spd|1
|move|p2a: Toxapex|Haze|p2a: Toxapex
|-clearallboost
|
|-heal|p2a: Toxapex|27/100|[from] item: Leftovers
|upkeep
|turn|11
|
|t:|1779718869
|switch|p2a: Blissey|Blissey, F|100/100
|-damage|p2a: Blissey|88/100|[from] Stealth Rock
|move|p1a: Pecharunt|Nasty Plot|p1a: Pecharunt
|-boost|p1a: Pecharunt|spa|2
|
|-heal|p2a: Blissey|94/100|[from] item: Leftovers
|upkeep
|turn|12
|
|t:|1779718874
|switch|p2a: Corviknight|Corviknight, F|100/100
|-damage|p2a: Corviknight|88/100|[from] Stealth Rock
|-ability|p2a: Corviknight|Pressure
|move|p1a: Pecharunt|Shadow Ball|p2a: Corviknight
|-damage|p2a: Corviknight|30/100
|
|-heal|p2a: Corviknight|36/100|[from] item: Leftovers
|upkeep
|turn|13
|
|t:|1779718881
|switch|p2a: Blissey|Blissey, F|94/100
|-damage|p2a: Blissey|82/100|[from] Stealth Rock
|move|p1a: Pecharunt|Shadow Ball|p2a: Blissey
|-immune|p2a: Blissey
|
|-heal|p2a: Blissey|88/100|[from] item: Leftovers
|upkeep
|turn|14
|
|t:|1779718884
|move|p1a: Pecharunt|Malignant Chain|p2a: Blissey
|-damage|p2a: Blissey|64/100
|move|p2a: Blissey|Calm Mind|p2a: Blissey
|-boost|p2a: Blissey|spa|1
|-boost|p2a: Blissey|spd|1
|
|-heal|p2a: Blissey|70/100|[from] item: Leftovers
|upkeep
|turn|15
|
|t:|1779718888
|move|p1a: Pecharunt|Malignant Chain|p2a: Blissey
|-damage|p2a: Blissey|54/100
|move|p2a: Blissey|Soft-Boiled|p2a: Blissey
|-heal|p2a: Blissey|100/100
|
|upkeep
|turn|16
|
|t:|1779718892
|move|p1a: Pecharunt|Nasty Plot|p1a: Pecharunt
|-boost|p1a: Pecharunt|spa|2
|move|p2a: Blissey|Calm Mind|p2a: Blissey
|-boost|p2a: Blissey|spa|1
|-boost|p2a: Blissey|spd|1
|
|upkeep
|turn|17
|
|t:|1779718894
|move|p1a: Pecharunt|Nasty Plot|p1a: Pecharunt
|-boost|p1a: Pecharunt|spa|2
|move|p2a: Blissey|Calm Mind|p2a: Blissey
|-boost|p2a: Blissey|spa|1
|-boost|p2a: Blissey|spd|1
|
|upkeep
|turn|18
|
|t:|1779718896
|move|p1a: Pecharunt|Malignant Chain|p2a: Blissey
|-damage|p2a: Blissey|80/100
|-status|p2a: Blissey|tox
|-start|p2a: Blissey|confusion|[from] ability: Poison Puppeteer|[of] p1a: Pecharunt
|-activate|p2a: Blissey|confusion
|move|p2a: Blissey|Calm Mind|p2a: Blissey
|-boost|p2a: Blissey|spa|1
|-boost|p2a: Blissey|spd|1
|
|-heal|p2a: Blissey|87/100 tox|[from] item: Leftovers
|-damage|p2a: Blissey|80/100 tox|[from] psn
|upkeep
|turn|19
|
|t:|1779718901
|move|p1a: Pecharunt|Shadow Ball|p2a: Blissey
|-immune|p2a: Blissey
|-activate|p2a: Blissey|confusion
|-damage|p2a: Blissey|79/100 tox|[from] confusion
|
|-heal|p2a: Blissey|86/100 tox|[from] item: Leftovers
|-damage|p2a: Blissey|73/100 tox|[from] psn
|upkeep
|turn|20
|
|t:|1779718907
|-curestatus|p2a: Blissey|tox|[from] ability: Natural Cure|[silent]
|switch|p2a: Dondozo|Dondozo, F, tera:Dragon|85/100
|-damage|p2a: Dondozo|72/100|[from] Stealth Rock
|move|p1a: Pecharunt|Shadow Ball|p2a: Dondozo
|-damage|p2a: Dondozo|42/100
|
|-heal|p2a: Dondozo|48/100|[from] item: Leftovers
|upkeep
|turn|21
|
|t:|1779718914
|move|p1a: Pecharunt|Malignant Chain|p2a: Dondozo
|-damage|p2a: Dondozo|8/100
|-status|p2a: Dondozo|tox
|-start|p2a: Dondozo|confusion|[from] ability: Poison Puppeteer|[of] p1a: Pecharunt
|-activate|p2a: Dondozo|confusion
|move|p2a: Dondozo|Rest|p2a: Dondozo
|-status|p2a: Dondozo|slp|[from] move: Rest
|-heal|p2a: Dondozo|100/100 slp|[silent]
|
|upkeep
|turn|22
|
|t:|1779718927
|move|p1a: Pecharunt|Shadow Ball|p2a: Dondozo
|-damage|p2a: Dondozo|70/100 slp
|cant|p2a: Dondozo|slp
|-activate|p2a: Dondozo|confusion
|move|p2a: Dondozo|Sleep Talk|p2a: Dondozo
|move|p2a: Dondozo|Avalanche|p1a: Pecharunt|[from] move: Sleep Talk
|-damage|p1a: Pecharunt|70/100
|
|-heal|p2a: Dondozo|77/100 slp|[from] item: Leftovers
|upkeep
|turn|23
|
|t:|1779718931
|switch|p2a: Blissey|Blissey, F|73/100
|-damage|p2a: Blissey|61/100|[from] Stealth Rock
|move|p1a: Pecharunt|Shadow Ball|p2a: Blissey
|-immune|p2a: Blissey
|
|-heal|p2a: Blissey|67/100|[from] item: Leftovers
|upkeep
|turn|24
|
|t:|1779718942
|move|p1a: Pecharunt|Shadow Ball|p2a: Blissey
|-immune|p2a: Blissey
|move|p2a: Blissey|Soft-Boiled|p2a: Blissey
|-heal|p2a: Blissey|100/100
|
|upkeep
|turn|25
|
|t:|1779718952
|move|p1a: Pecharunt|Shadow Ball|p2a: Blissey
|-immune|p2a: Blissey
|move|p2a: Blissey|Stealth Rock|p1a: Pecharunt
|-sidestart|p1: superstar|move: Stealth Rock
|
|upkeep
|turn|26
|
|t:|1779718956
|move|p1a: Pecharunt|Malignant Chain|p2a: Blissey
|-damage|p2a: Blissey|49/100
|move|p2a: Blissey|Calm Mind|p2a: Blissey
|-boost|p2a: Blissey|spa|1
|-boost|p2a: Blissey|spd|1
|
|-heal|p2a: Blissey|55/100|[from] item: Leftovers
|upkeep
|turn|27
|
|t:|1779718961
|move|p1a: Pecharunt|Shadow Ball|p2a: Blissey
|-immune|p2a: Blissey
|move|p2a: Blissey|Soft-Boiled|p2a: Blissey
|-heal|p2a: Blissey|100/100
|
|upkeep
|turn|28
|
|t:|1779718963
|move|p1a: Pecharunt|Malignant Chain|p2a: Blissey
|-damage|p2a: Blissey|69/100
|move|p2a: Blissey|Calm Mind|p2a: Blissey
|-boost|p2a: Blissey|spa|1
|-boost|p2a: Blissey|spd|1
|
|-heal|p2a: Blissey|76/100|[from] item: Leftovers
|upkeep
|turn|29
|
|t:|1779718968
|move|p1a: Pecharunt|Malignant Chain|p2a: Blissey
|-damage|p2a: Blissey|51/100
|move|p2a: Blissey|Calm Mind|p2a: Blissey
|-boost|p2a: Blissey|spa|1
|-boost|p2a: Blissey|spd|1
|
|-heal|p2a: Blissey|58/100|[from] item: Leftovers
|upkeep
|turn|30
|
|t:|1779718976
|move|p1a: Pecharunt|Malignant Chain|p2a: Blissey
|-damage|p2a: Blissey|39/100
|move|p2a: Blissey|Calm Mind|p2a: Blissey
|-boost|p2a: Blissey|spa|1
|-boost|p2a: Blissey|spd|1
|
|-heal|p2a: Blissey|45/100|[from] item: Leftovers
|upkeep
|turn|31
|
|t:|1779718981
|move|p1a: Pecharunt|Recover|p1a: Pecharunt
|-heal|p1a: Pecharunt|100/100
|move|p2a: Blissey|Seismic Toss|p1a: Pecharunt
|-immune|p1a: Pecharunt
|
|-heal|p2a: Blissey|52/100|[from] item: Leftovers
|upkeep
|turn|32
|
|t:|1779718988
|switch|p1a: Araquanid|Araquanid, F|100/100
|-damage|p1a: Araquanid|75/100|[from] Stealth Rock
|move|p2a: Blissey|Seismic Toss|p1a: Araquanid
|-damage|p1a: Araquanid|46/100
|
|-heal|p2a: Blissey|58/100|[from] item: Leftovers
|upkeep
|turn|33
|
|t:|1779718994
|switch|p2a: Toxapex|Toxapex, M|60/100
|-damage|p2a: Toxapex|48/100|[from] Stealth Rock
|move|p1a: Araquanid|Endeavor|p2a: Toxapex
|-immune|p2a: Toxapex
|
|-heal|p2a: Toxapex|54/100|[from] item: Leftovers
|upkeep
|turn|34
|
|t:|1779718999
|switch|p1a: Pecharunt|Pecharunt|100/100
|-damage|p1a: Pecharunt|88/100|[from] Stealth Rock
|move|p2a: Toxapex|Toxic|p1a: Pecharunt
|-immune|p1a: Pecharunt
|
|-heal|p2a: Toxapex|60/100|[from] item: Leftovers
|upkeep
|turn|35
|
|t:|1779719008
|switch|p1a: Raging Bolt|Raging Bolt|100/100
|-damage|p1a: Raging Bolt|88/100|[from] Stealth Rock
|-enditem|p1a: Raging Bolt|Booster Energy
|-activate|p1a: Raging Bolt|ability: Protosynthesis|[fromitem]
|-start|p1a: Raging Bolt|protosynthesisspa
|switch|p2a: Blissey|Blissey, F|58/100
|-damage|p2a: Blissey|45/100|[from] Stealth Rock
|
|-heal|p2a: Blissey|52/100|[from] item: Leftovers
|upkeep
|turn|36
|
|t:|1779719016
|-end|p1a: Raging Bolt|Protosynthesis|[silent]
|switch|p1a: Kingambit|Kingambit, F|100/100
|-damage|p1a: Kingambit|94/100|[from] Stealth Rock
|move|p2a: Blissey|Calm Mind|p2a: Blissey
|-boost|p2a: Blissey|spa|1
|-boost|p2a: Blissey|spd|1
|
|-heal|p2a: Blissey|58/100|[from] item: Leftovers
|upkeep
|turn|37
|inactive|superstar has 120 seconds left.
|
|t:|1779719050
|-end|p1a: Kingambit|fallenundefined|[silent]
|switch|p1a: Araquanid|Araquanid, F|46/100
|-damage|p1a: Araquanid|21/100|[from] Stealth Rock
|switch|p2a: Weezing|Weezing-Galar, M|100/100
|-ability|p2a: Weezing|Neutralizing Gas
|
|upkeep
|turn|38
|-enditem|p1a: Araquanid|Custap Berry|[eat]
|-activate|p1a: Araquanid|item: Custap Berry|[consumed]
|
|t:|1779719060
|-end|p2a: Weezing|ability: Neutralizing Gas
|switch|p2a: Toxapex|Toxapex, M|93/100
|-damage|p2a: Toxapex|81/100|[from] Stealth Rock
|move|p1a: Araquanid|Endeavor|p2a: Toxapex
|-damage|p2a: Toxapex|24/100
|
|-heal|p2a: Toxapex|30/100|[from] item: Leftovers
|upkeep
|turn|39
|
|t:|1779719067
|switch|p1a: Landorus|Landorus-Therian, M|80/100
|-damage|p1a: Landorus|68/100|[from] Stealth Rock
|-ability|p1a: Landorus|Intimidate|boost
|-unboost|p2a: Toxapex|atk|1
|move|p2a: Toxapex|Toxic|p1a: Landorus
|-status|p1a: Landorus|tox
|
|-heal|p2a: Toxapex|36/100|[from] item: Leftovers
|-damage|p1a: Landorus|62/100 tox|[from] psn
|upkeep
|turn|40
|
|t:|1779719070
|switch|p2a: Gliscor|Gliscor, F|100/100 tox
|-damage|p2a: Gliscor|88/100 tox|[from] Stealth Rock
|move|p1a: Landorus|Earth Power|p2a: Gliscor
|-immune|p2a: Gliscor
|
|-damage|p1a: Landorus|50/100 tox|[from] psn
|-heal|p2a: Gliscor|100/100 tox|[from] ability: Poison Heal
|upkeep
|turn|41
|
|t:|1779719074
|move|p1a: Landorus|Taunt|p2a: Gliscor
|-start|p2a: Gliscor|move: Taunt
|cant|p2a: Gliscor|move: Taunt|Spikes
|
|-damage|p1a: Landorus|32/100 tox|[from] psn
|upkeep
|turn|42
|
|t:|1779719077
|move|p1a: Landorus|U-turn|p2a: Gliscor
|-resisted|p2a: Gliscor
|-damage|p2a: Gliscor|92/100 tox
|
|t:|1779719080
|switch|p1a: Araquanid|Araquanid, F|21/100|[from] U-turn
|-damage|p1a: Araquanid|0 fnt|[from] Stealth Rock
|faint|p1a: Araquanid
|move|p2a: Gliscor|Knock Off|p1: Araquanid|[notarget]
|-fail|p2a: Gliscor
|
|-heal|p2a: Gliscor|100/100 tox|[from] ability: Poison Heal
|upkeep
|
|t:|1779719081
|switch|p1a: Ogerpon|Ogerpon-Wellspring, F|51/100
|-damage|p1a: Ogerpon|39/100|[from] Stealth Rock
|turn|43
|
|t:|1779719085
|switch|p2a: Dondozo|Dondozo, F, tera:Dragon|77/100 slp
|-damage|p2a: Dondozo|64/100 slp|[from] Stealth Rock
|move|p1a: Ogerpon|Play Rough|p2a: Dondozo
|-supereffective|p2a: Dondozo
|-damage|p2a: Dondozo|30/100 slp
|
|-heal|p2a: Dondozo|36/100 slp|[from] item: Leftovers
|upkeep
|turn|44
|
|t:|1779719093
|switch|p2a: Toxapex|Toxapex, M|69/100
|-damage|p2a: Toxapex|57/100|[from] Stealth Rock
|move|p1a: Ogerpon|Swords Dance|p1a: Ogerpon
|-boost|p1a: Ogerpon|atk|2
|
|-heal|p2a: Toxapex|63/100|[from] item: Leftovers
|upkeep
|turn|45
|
|t:|1779719097
|move|p1a: Ogerpon|Horn Leech|p2a: Toxapex
|-damage|p2a: Toxapex|0 fnt
|-heal|p1a: Ogerpon|71/100|[from] drain|[of] p2a: Toxapex
|faint|p2a: Toxapex
|
|upkeep
|-message|scorpion257 forfeited.
|
|win|superstar
|raw|superstar's rating: 1647 &rarr; <strong>1663</strong><br />(+16 for winning)
|raw|scorpion257's rating: 1576 &rarr; <strong>1560</strong><br />(-16 for losing)
|l|☆scorpion257
|player|p2|
|l|☆superstar
|player|p1|
