|j|☆osaragiiscute
|j|☆Hurt she squirt
|t:|1779722896
|gametype|singles
|player|p1|osaragiiscute|wallace|1293
|player|p2|Hurt she squirt|266|1290
|gen|9
|tier|[Gen 9] OU
|rated|
|rule|HP Percentage Mod: HP is shown in percentages
|rule|Endless Battle Clause: Forcing endless battles is banned
|rule|Species Clause: Limit one of each Pokémon
|rule|OHKO Clause: OHKO moves are banned
|rule|Evasion Items Clause: Evasion items are banned
|rule|Evasion Moves Clause: Evasion moves are banned
|rule|Evasion Abilities Clause: Evasion abilities are banned
|rule|Sleep Moves Clause: Sleep-inducing moves are banned
|clearpoke
|poke|p1|Blaziken, F|
|poke|p1|Blastoise, F|
|poke|p1|Venusaur, F|
|poke|p1|Snorlax, F|
|poke|p1|Glaceon, F|
|poke|p1|Altaria, F|
|poke|p2|Rillaboom, F|
|poke|p2|Zamazenta-*|
|poke|p2|Landorus-Therian, M|
|poke|p2|Weezing-Galar, F|
|poke|p2|Kingambit, M|
|poke|p2|Ogerpon-Wellspring, F|
|teampreview
|inactive|Battle timer is ON: inactive players will automatically lose when time's up. (requested by osaragiiscute)
|c|☆osaragiiscute|stage on!
|
|t:|1779722914
|teamsize|p1|6
|teamsize|p2|6
|start
|switch|p1a: Glaceon|Glaceon, F|100/100
|switch|p2a: Tiger King|Landorus-Therian, M|100/100
|-ability|p2a: Tiger King|Intimidate|boost
|-unboost|p1a: Glaceon|atk|1
|turn|1
|
|t:|1779722921
|move|p1a: Glaceon|Freeze-Dry|p2a: Tiger King
|-supereffective|p2a: Tiger King
|-damage|p2a: Tiger King|0 fnt
|faint|p2a: Tiger King
|
|upkeep
|
|t:|1779722942
|switch|p2a: body like alpha|Zamazenta|100/100
|-ability|p2a: body like alpha|Dauntless Shield|boost
|-boost|p2a: body like alpha|def|1
|turn|2
|
|t:|1779722950
|switch|p1a: Altaria|Altaria, F|100/100
|move|p2a: body like alpha|Iron Defense|p2a: body like alpha
|-boost|p2a: body like alpha|def|2
|
|upkeep
|turn|3
|
|t:|1779722960
|move|p2a: body like alpha|Heavy Slam|p1a: Altaria
|-damage|p1a: Altaria|67/100
|move|p1a: Altaria|Haze|p1a: Altaria
|-clearallboost
|
|upkeep
|turn|4
|
|t:|1779722966
|move|p2a: body like alpha|Heavy Slam|p1a: Altaria
|-damage|p1a: Altaria|35/100
|move|p1a: Altaria|Roost|p1a: Altaria
|-heal|p1a: Altaria|85/100
|-singleturn|p1a: Altaria|move: Roost
|
|upkeep
|turn|5
|
|t:|1779722973
|move|p2a: body like alpha|Heavy Slam|p1a: Altaria
|-damage|p1a: Altaria|53/100
|move|p1a: Altaria|Hurricane|p2a: body like alpha
|-supereffective|p2a: body like alpha
|-damage|p2a: body like alpha|57/100
|
|-heal|p2a: body like alpha|63/100|[from] item: Leftovers
|upkeep
|turn|6
|
|t:|1779722982
|switch|p2a: RIP BOZO|Weezing-Galar, F|100/100
|-ability|p2a: RIP BOZO|Neutralizing Gas
|move|p1a: Altaria|Roost|p1a: Altaria
|-heal|p1a: Altaria|100/100
|-singleturn|p1a: Altaria|move: Roost
|
|upkeep
|turn|7
|
|t:|1779722992
|move|p1a: Altaria|Defog|p2a: RIP BOZO
|-unboost|p2a: RIP BOZO|evasion|1
|move|p2a: RIP BOZO|Will-O-Wisp|p1a: Altaria
|-status|p1a: Altaria|brn
|
|-damage|p1a: Altaria|94/100 brn|[from] brn
|upkeep
|turn|8
|
|t:|1779722997
|move|p1a: Altaria|Hurricane|p2a: RIP BOZO
|-damage|p2a: RIP BOZO|60/100
|move|p2a: RIP BOZO|Strange Steam|p1a: Altaria|[miss]
|-miss|p2a: RIP BOZO|p1a: Altaria
|
|-damage|p1a: Altaria|88/100 brn|[from] brn
|upkeep
|turn|9
|
|t:|1779723007
|move|p1a: Altaria|Hurricane|p2a: RIP BOZO
|-damage|p2a: RIP BOZO|23/100
|move|p2a: RIP BOZO|Pain Split|p1a: Altaria
|-sethp|p1a: Altaria|55/100 brn|[from] move: Pain Split|[silent]
|-sethp|p2a: RIP BOZO|58/100|[from] move: Pain Split
|
|-damage|p1a: Altaria|49/100 brn|[from] brn
|upkeep
|turn|10
|
|t:|1779723016
|move|p1a: Altaria|Roost|p1a: Altaria
|-heal|p1a: Altaria|99/100 brn
|-singleturn|p1a: Altaria|move: Roost
|move|p2a: RIP BOZO|Strange Steam|p1a: Altaria
|-supereffective|p1a: Altaria
|-crit|p1a: Altaria
|-damage|p1a: Altaria|42/100 brn
|-start|p1a: Altaria|confusion
|
|-damage|p1a: Altaria|36/100 brn|[from] brn
|upkeep
|turn|11
|
|t:|1779723029
|switch|p1a: Blaziken|Blaziken, F|100/100
|-item|p1a: Blaziken|Air Balloon
|move|p2a: RIP BOZO|Strange Steam|p1a: Blaziken
|-damage|p1a: Blaziken|58/100
|-enditem|p1a: Blaziken|Air Balloon
|
|upkeep
|turn|12
|
|t:|1779723036
|move|p1a: Blaziken|Detect|p1a: Blaziken
|-singleturn|p1a: Blaziken|Protect
|move|p2a: RIP BOZO|Strange Steam|p1a: Blaziken
|-activate|p1a: Blaziken|move: Protect
|
|upkeep
|turn|13
|
|t:|1779723042
|move|p1a: Blaziken|Flare Blitz|p2a: RIP BOZO
|-damage|p2a: RIP BOZO|22/100
|-damage|p1a: Blaziken|45/100|[from] Recoil
|move|p2a: RIP BOZO|Strange Steam|p1a: Blaziken
|-damage|p1a: Blaziken|3/100
|
|upkeep
|turn|14
|c|☆Hurt she squirt|Nice boost
|
|t:|1779723061
|switch|p1a: Snorlax|Snorlax, F|100/100
|move|p2a: RIP BOZO|Strange Steam|p1a: Snorlax
|-damage|p1a: Snorlax|88/100
|
|-heal|p1a: Snorlax|94/100|[from] item: Leftovers
|upkeep
|turn|15
|
|t:|1779723067
|move|p2a: RIP BOZO|Pain Split|p1a: Snorlax
|-sethp|p1a: Snorlax|55/100|[from] move: Pain Split|[silent]
|-sethp|p2a: RIP BOZO|76/100|[from] move: Pain Split
|move|p1a: Snorlax|Earthquake|p2a: RIP BOZO
|-supereffective|p2a: RIP BOZO
|-damage|p2a: RIP BOZO|36/100
|
|-heal|p1a: Snorlax|61/100|[from] item: Leftovers
|upkeep
|turn|16
|
|t:|1779723082
|move|p2a: RIP BOZO|Will-O-Wisp|p1a: Snorlax
|-status|p1a: Snorlax|brn
|move|p1a: Snorlax|Body Slam|p2a: RIP BOZO
|-damage|p2a: RIP BOZO|23/100
|-status|p2a: RIP BOZO|par
|
|-heal|p1a: Snorlax|67/100 brn|[from] item: Leftovers
|-damage|p1a: Snorlax|61/100 brn|[from] brn
|upkeep
|turn|17
|
|t:|1779723093
|move|p1a: Snorlax|Curse|p1a: Snorlax
|-unboost|p1a: Snorlax|spe|1
|-boost|p1a: Snorlax|atk|1
|-boost|p1a: Snorlax|def|1
|move|p2a: RIP BOZO|Pain Split|p1a: Snorlax
|-sethp|p1a: Snorlax|39/100 brn|[from] move: Pain Split|[silent]
|-sethp|p2a: RIP BOZO|54/100 par|[from] move: Pain Split
|
|-heal|p1a: Snorlax|45/100 brn|[from] item: Leftovers
|-damage|p1a: Snorlax|39/100 brn|[from] brn
|upkeep
|turn|18
|
|t:|1779723104
|move|p2a: RIP BOZO|Strange Steam|p1a: Snorlax
|-damage|p1a: Snorlax|25/100 brn
|-start|p1a: Snorlax|confusion
|-activate|p1a: Snorlax|confusion
|move|p1a: Snorlax|Body Slam|p2a: RIP BOZO
|-damage|p2a: RIP BOZO|35/100 par
|
|-heal|p1a: Snorlax|31/100 brn|[from] item: Leftovers
|-damage|p1a: Snorlax|25/100 brn|[from] brn
|upkeep
|turn|19
|
|t:|1779723114
|move|p2a: RIP BOZO|Strange Steam|p1a: Snorlax
|-damage|p1a: Snorlax|12/100 brn
|-activate|p1a: Snorlax|confusion
|move|p1a: Snorlax|Earthquake|p2a: RIP BOZO
|-supereffective|p2a: RIP BOZO
|-damage|p2a: RIP BOZO|3/100 par
|
|-heal|p1a: Snorlax|18/100 brn|[from] item: Leftovers
|-damage|p1a: Snorlax|12/100 brn|[from] brn
|upkeep
|turn|20
|
|t:|1779723120
|move|p2a: RIP BOZO|Strange Steam|p1a: Snorlax
|-damage|p1a: Snorlax|0 fnt
|faint|p1a: Snorlax
|
|upkeep
|
|t:|1779723123
|switch|p1a: Blaziken|Blaziken, F|3/100
|turn|21
|
|t:|1779723127
|move|p1a: Blaziken|Knock Off|p2a: RIP BOZO
|-resisted|p2a: RIP BOZO
|-damage|p2a: RIP BOZO|0 fnt
|-enditem|p2a: RIP BOZO|Heavy-Duty Boots|[from] move: Knock Off|[of] p1a: Blaziken
|faint|p2a: RIP BOZO
|-end|p2a: RIP BOZO|ability: Neutralizing Gas
|
|-ability|p1a: Blaziken|Speed Boost|boost
|-boost|p1a: Blaziken|spe|1
|upkeep
|
|t:|1779723132
|switch|p2a: Fortnite Lobby|Rillaboom, F|100/100
|-fieldstart|move: Grassy Terrain|[from] ability: Grassy Surge|[of] p2a: Fortnite Lobby
|turn|22
|
|t:|1779723141
|switch|p1a: Altaria|Altaria, F|36/100 brn
|move|p2a: Fortnite Lobby|Grassy Glide|p1a: Altaria
|-resisted|p1a: Altaria
|-damage|p1a: Altaria|26/100 brn
|
|-damage|p1a: Altaria|19/100 brn|[from] brn
|upkeep
|turn|23
|
|t:|1779723151
|-curestatus|p1a: Altaria|brn|[from] ability: Natural Cure|[silent]
|switch|p1a: Venusaur|Venusaur, F|100/100
|move|p2a: Fortnite Lobby|Knock Off|p1a: Venusaur
|-damage|p1a: Venusaur|53/100
|-enditem|p1a: Venusaur|Wise Glasses|[from] move: Knock Off|[of] p2a: Fortnite Lobby
|
|-heal|p1a: Venusaur|59/100|[from] Grassy Terrain
|upkeep
|turn|24
|
|t:|1779723160
|move|p2a: Fortnite Lobby|U-turn|p1a: Venusaur
|-crit|p1a: Venusaur
|-damage|p1a: Venusaur|10/100
|
|t:|1779723165
|switch|p2a: Goobmaxxing|Kingambit, M|100/100|[from] U-turn
|-activate|p2a: Goobmaxxing|ability: Supreme Overlord
|-start|p2a: Goobmaxxing|fallen2|[silent]
|move|p1a: Venusaur|Sludge Bomb|p2a: Goobmaxxing
|-immune|p2a: Goobmaxxing
|
|-heal|p1a: Venusaur|16/100|[from] Grassy Terrain
|upkeep
|turn|25
|
|t:|1779723182
|move|p1a: Venusaur|Earth Power|p2a: Goobmaxxing
|-supereffective|p2a: Goobmaxxing
|-damage|p2a: Goobmaxxing|37/100
|move|p2a: Goobmaxxing|Swords Dance|p2a: Goobmaxxing
|-boost|p2a: Goobmaxxing|atk|2
|
|-heal|p1a: Venusaur|22/100|[from] Grassy Terrain
|-heal|p2a: Goobmaxxing|43/100|[from] Grassy Terrain
|upkeep
|turn|26
|
|t:|1779723191
|move|p2a: Goobmaxxing|Sucker Punch|p1a: Venusaur
|-damage|p1a: Venusaur|0 fnt
|faint|p1a: Venusaur
|
|-heal|p2a: Goobmaxxing|49/100|[from] Grassy Terrain
|-fieldend|move: Grassy Terrain
|upkeep
|
|t:|1779723198
|switch|p1a: Altaria|Altaria, F|19/100
|turn|27
|
|t:|1779723202
|move|p2a: Goobmaxxing|Kowtow Cleave|p1a: Altaria
|-damage|p1a: Altaria|0 fnt
|faint|p1a: Altaria
|
|upkeep
|
|t:|1779723221
|switch|p1a: Glaceon|Glaceon, F|100/100
|turn|28
|
|t:|1779723230
|move|p2a: Goobmaxxing|Sucker Punch|p1a: Glaceon
|-damage|p1a: Glaceon|0 fnt
|faint|p1a: Glaceon
|
|upkeep
|
|t:|1779723233
|switch|p1a: Blaziken|Blaziken, F|3/100
|turn|29
|
|t:|1779723237
|move|p2a: Goobmaxxing|Sucker Punch|p1a: Blaziken
|-resisted|p1a: Blaziken
|-damage|p1a: Blaziken|0 fnt
|faint|p1a: Blaziken
|
|upkeep
|
|t:|1779723242
|switch|p1a: Blastoise|Blastoise, F|100/100
|turn|30
|
|t:|1779723248
|move|p1a: Blastoise|Shell Smash|p1a: Blastoise
|-unboost|p1a: Blastoise|def|1
|-unboost|p1a: Blastoise|spd|1
|-boost|p1a: Blastoise|atk|2
|-boost|p1a: Blastoise|spa|2
|-boost|p1a: Blastoise|spe|2
|-enditem|p1a: Blastoise|White Herb
|-clearnegativeboost|p1a: Blastoise|[silent]
|move|p2a: Goobmaxxing|Kowtow Cleave|p1a: Blastoise
|-damage|p1a: Blastoise|0 fnt
|faint|p1a: Blastoise
|
|win|Hurt she squirt
|raw|osaragiiscute's rating: 1293 &rarr; <strong>1268</strong><br />(-25 for losing)
|raw|Hurt she squirt's rating: 1290 &rarr; <strong>1315</strong><br />(+25 for winning)
|l|☆osaragiiscute
|player|p1|
|c|☆Hurt she squirt|Goodbye
|l|☆Hurt she squirt
|player|p2|
