|j|☆Chinatownz
|j|☆huuuehuueekk
|t:|1779601192
|gametype|singles
|player|p1|Chinatownz|fisherman-gen4|1336
|player|p2|huuuehuueekk|steven|1346
|gen|9
|tier|[Gen 9] OU
|rated|
|rule|HP Percentage Mod: HP is shown in percentages
|rule|Endless Battle Clause: Forcing endless battles is banned
|rule|Species Clause: Limit one of each Pokémon
|rule|OHKO Clause: OHKO moves are banned
|rule|Evasion Items Clause: Evasion items are banned
|rule|Evasion Moves Clause: Evasion moves are banned
|rule|Evasion Abilities Clause: Evasion abilities are banned
|rule|Sleep Moves Clause: Sleep-inducing moves are banned
|clearpoke
|poke|p1|Rotom-Wash|
|poke|p1|Pelipper, F|
|poke|p1|Dragonite, F|
|poke|p1|Barraskewda, M|
|poke|p1|Toedscruel, M|
|poke|p1|Blissey, F|
|poke|p2|Suicune|
|poke|p2|Dragonite, M|
|poke|p2|Cinderace, M|
|poke|p2|Zamazenta-*|
|poke|p2|Zapdos-Galar|
|poke|p2|Hydrapple, M|
|teampreview
|inactive|Battle timer is ON: inactive players will automatically lose when time's up. (requested by huuuehuueekk)
|inactive|huuuehuueekk has 120 seconds left.
|inactive|huuuehuueekk has 90 seconds left.
|
|t:|1779601272
|teamsize|p1|6
|teamsize|p2|6
|start
|switch|p1a: Barraskewda|Barraskewda, M|100/100
|switch|p2a: Dragonite|Dragonite, M, shiny|100/100
|turn|1
|
|t:|1779601280
|move|p1a: Barraskewda|Flip Turn|p2a: Dragonite
|-resisted|p2a: Dragonite
|-damage|p2a: Dragonite|86/100
|
|t:|1779601283
|switch|p1a: Pelipper|Pelipper, F|100/100|[from] Flip Turn
|-weather|RainDance|[from] ability: Drizzle|[of] p1a: Pelipper
|move|p2a: Dragonite|Dragon Dance|p2a: Dragonite
|-boost|p2a: Dragonite|atk|1
|-boost|p2a: Dragonite|spe|1
|
|-weather|RainDance|[upkeep]
|upkeep
|turn|2
|
|t:|1779601287
|move|p2a: Dragonite|Dragon Claw|p1a: Pelipper
|-damage|p1a: Pelipper|44/100
|move|p1a: Pelipper|Hurricane|p2a: Dragonite
|-damage|p2a: Dragonite|45/100
|-start|p2a: Dragonite|confusion
|
|-weather|RainDance|[upkeep]
|upkeep
|turn|3
|
|t:|1779601294
|-activate|p2a: Dragonite|confusion
|move|p2a: Dragonite|Dragon Claw|p1a: Pelipper
|-damage|p1a: Pelipper|0 fnt
|faint|p1a: Pelipper
|
|-weather|RainDance|[upkeep]
|upkeep
|
|t:|1779601307
|switch|p1a: Dragonite|Dragonite, F|100/100
|turn|4
|
|t:|1779601314
|move|p1a: Dragonite|Extreme Speed|p2a: Dragonite
|-damage|p2a: Dragonite|19/100
|-activate|p2a: Dragonite|confusion
|move|p2a: Dragonite|Dragon Claw|p1a: Dragonite
|-supereffective|p1a: Dragonite
|-damage|p1a: Dragonite|40/100
|
|-weather|RainDance|[upkeep]
|-heal|p1a: Dragonite|47/100|[from] item: Leftovers
|upkeep
|turn|5
|
|t:|1779601320
|-activate|p2a: Dragonite|confusion
|move|p2a: Dragonite|Extreme Speed|p1a: Dragonite
|-damage|p1a: Dragonite|6/100
|move|p1a: Dragonite|Extreme Speed|p2a: Dragonite
|-damage|p2a: Dragonite|0 fnt
|faint|p2a: Dragonite
|
|-weather|RainDance|[upkeep]
|-heal|p1a: Dragonite|12/100|[from] item: Leftovers
|upkeep
|
|t:|1779601327
|switch|p2a: Zapdos|Zapdos-Galar|100/100
|turn|6
|
|t:|1779601335
|move|p1a: Dragonite|Extreme Speed|p2a: Zapdos
|-damage|p2a: Zapdos|71/100
|move|p2a: Zapdos|Bulk Up|p2a: Zapdos
|-boost|p2a: Zapdos|atk|1
|-boost|p2a: Zapdos|def|1
|
|-weather|RainDance|[upkeep]
|-heal|p2a: Zapdos|77/100|[from] item: Leftovers
|-heal|p1a: Dragonite|18/100|[from] item: Leftovers
|upkeep
|turn|7
|
|t:|1779601340
|switch|p1a: Toedscruel|Toedscruel, M|100/100
|move|p2a: Zapdos|Thunderous Kick|p1a: Toedscruel
|-damage|p1a: Toedscruel|15/100
|-unboost|p1a: Toedscruel|def|1
|
|-weather|RainDance|[upkeep]
|-heal|p2a: Zapdos|83/100|[from] item: Leftovers
|-heal|p1a: Toedscruel|21/100|[from] item: Leftovers
|upkeep
|turn|8
|
|t:|1779601350
|move|p2a: Zapdos|Substitute|p2a: Zapdos
|-start|p2a: Zapdos|Substitute
|-damage|p2a: Zapdos|58/100
|move|p1a: Toedscruel|Leech Seed||[still]
|-fail|p1a: Toedscruel
|
|-weather|none
|-heal|p2a: Zapdos|64/100|[from] item: Leftovers
|-heal|p1a: Toedscruel|27/100|[from] item: Leftovers
|upkeep
|turn|9
|
|t:|1779601357
|switch|p1a: Rotom|Rotom-Wash|100/100
|move|p2a: Zapdos|Thunderous Kick|p1a: Rotom
|-damage|p1a: Rotom|10/100
|-unboost|p1a: Rotom|def|1
|
|-heal|p2a: Zapdos|71/100|[from] item: Leftovers
|upkeep
|turn|10
|-message|Chinatownz forfeited.
|
|win|huuuehuueekk
|raw|Chinatownz's rating: 1336 &rarr; <strong>1317</strong><br />(-19 for losing)
|raw|huuuehuueekk's rating: 1346 &rarr; <strong>1365</strong><br />(+19 for winning)
|l|☆Chinatownz
|player|p1|
|l|☆huuuehuueekk
|player|p2|
