|j|☆Pelogrulla72
|j|☆nimmims
|t:|1779712418
|gametype|singles
|player|p1|Pelogrulla72|erika|1174
|player|p2|nimmims|preschoolerf|1057
|gen|9
|tier|[Gen 9] OU
|rated|
|rule|HP Percentage Mod: HP is shown in percentages
|rule|Endless Battle Clause: Forcing endless battles is banned
|rule|Species Clause: Limit one of each Pokémon
|rule|OHKO Clause: OHKO moves are banned
|rule|Evasion Items Clause: Evasion items are banned
|rule|Evasion Moves Clause: Evasion moves are banned
|rule|Evasion Abilities Clause: Evasion abilities are banned
|rule|Sleep Moves Clause: Sleep-inducing moves are banned
|clearpoke
|poke|p1|Ninetales-Alola, F|
|poke|p1|Clawitzer, M|
|poke|p1|Cetitan, F|
|poke|p1|Gallade, M|
|poke|p1|Slowking-Galar, F|
|poke|p1|Cinderace, M|
|poke|p2|Blaziken, M|
|poke|p2|Garchomp, F|
|poke|p2|Venusaur, M|
|poke|p2|Raichu-Alola, F|
|poke|p2|Golem-Alola, F|
|poke|p2|Dondozo, F|
|teampreview
|
|t:|1779712429
|teamsize|p1|6
|teamsize|p2|6
|start
|switch|p1a: Goldito|Slowking-Galar, F|100/100
|switch|p2a: Nih|Blaziken, M|100/100
|turn|1
|
|t:|1779712436
|move|p2a: Nih|Bulk Up|p2a: Nih
|-boost|p2a: Nih|atk|1
|-boost|p2a: Nih|def|1
|move|p1a: Goldito|Future Sight|p2a: Nih
|-start|p1a: Goldito|move: Future Sight
|
|-ability|p2a: Nih|Speed Boost|boost
|-boost|p2a: Nih|spe|1
|upkeep
|turn|2
|inactive|Battle timer is ON: inactive players will automatically lose when time's up. (requested by Pelogrulla72)
|
|t:|1779712440
|-terastallize|p2a: Nih|Fire
|move|p2a: Nih|Bulk Up|p2a: Nih
|-boost|p2a: Nih|atk|1
|-boost|p2a: Nih|def|1
|-prepare|p1a: Goldito|Chilly Reception|[premajor]
|move|p1a: Goldito|Chilly Reception|p1a: Goldito
|-weather|Snowscape
|
|t:|1779712455
|switch|p1a: Nieves|Cetitan, F, shiny|100/100|[from] Chilly Reception
|
|-weather|Snowscape|[upkeep]
|-ability|p2a: Nih|Speed Boost|boost
|-boost|p2a: Nih|spe|1
|upkeep
|turn|3
|
|t:|1779712482
|move|p2a: Nih|Fire Punch|p1a: Nieves
|-supereffective|p1a: Nieves
|-damage|p1a: Nieves|0 fnt
|faint|p1a: Nieves
|
|-weather|Snowscape|[upkeep]
|-end|p2a: Nih|move: Future Sight
|-damage|p2a: Nih|17/100
|-ability|p2a: Nih|Speed Boost|boost
|-boost|p2a: Nih|spe|1
|upkeep
|
|t:|1779712488
|switch|p1a: Hol Horse|Clawitzer, M, shiny|100/100
|turn|4
|
|t:|1779712495
|-terastallize|p1a: Hol Horse|Dragon
|move|p2a: Nih|Rock Slide|p1a: Hol Horse|[miss]
|-miss|p2a: Nih|p1a: Hol Horse
|move|p1a: Hol Horse|Dragon Pulse|p2a: Nih
|-damage|p2a: Nih|0 fnt
|faint|p2a: Nih
|
|-weather|Snowscape|[upkeep]
|upkeep
|
|t:|1779712498
|switch|p2a: Dondozo|Dondozo, F|100/100
|turn|5
|
|t:|1779712504
|move|p1a: Hol Horse|Dark Pulse|p2a: Dondozo
|-damage|p2a: Dondozo|69/100
|cant|p2a: Dondozo|flinch
|
|-weather|Snowscape|[upkeep]
|upkeep
|turn|6
|
|t:|1779712511
|move|p1a: Hol Horse|Dark Pulse|p2a: Dondozo
|-damage|p2a: Dondozo|39/100
|move|p2a: Dondozo|Outrage|p1a: Hol Horse
|-supereffective|p1a: Hol Horse
|-damage|p1a: Hol Horse|34/100
|
|-weather|none
|upkeep
|turn|7
|
|t:|1779712519
|switch|p1a: Selena|Ninetales-Alola, F, shiny|100/100
|-weather|Snowscape|[from] ability: Snow Warning|[of] p1a: Selena
|move|p2a: Dondozo|Outrage|p1a: Selena|[from] lockedmove
|-immune|p1a: Selena
|
|-weather|Snowscape|[upkeep]
|upkeep
|turn|8
|
|t:|1779712524
|move|p1a: Selena|Freeze-Dry|p2a: Dondozo
|-supereffective|p2a: Dondozo
|-damage|p2a: Dondozo|0 fnt
|faint|p2a: Dondozo
|
|-weather|Snowscape|[upkeep]
|upkeep
|
|t:|1779712529
|switch|p2a: Raichu|Raichu-Alola, F|100/100
|-item|p2a: Raichu|Air Balloon
|turn|9
|
|t:|1779712545
|move|p2a: Raichu|Calm Mind|p2a: Raichu
|-boost|p2a: Raichu|spa|1
|-boost|p2a: Raichu|spd|1
|move|p1a: Selena|Aurora Veil|p1a: Selena
|-sidestart|p1: Pelogrulla72|move: Aurora Veil
|
|-weather|Snowscape|[upkeep]
|upkeep
|turn|10
|
|t:|1779712551
|switch|p1a: My Daddy|Gallade, M, shiny|100/100
|move|p2a: Raichu|Calm Mind|p2a: Raichu
|-boost|p2a: Raichu|spa|1
|-boost|p2a: Raichu|spd|1
|
|-weather|Snowscape|[upkeep]
|upkeep
|turn|11
|
|t:|1779712560
|move|p2a: Raichu|Discharge|p1a: My Daddy
|-damage|p1a: My Daddy|73/100
|move|p1a: My Daddy|Agility|p1a: My Daddy
|-boost|p1a: My Daddy|spe|2
|
|-weather|Snowscape|[upkeep]
|upkeep
|turn|12
|
|t:|1779712564
|move|p1a: My Daddy|Night Slash|p2a: Raichu
|-supereffective|p2a: Raichu
|-damage|p2a: Raichu|0 fnt
|-enditem|p2a: Raichu|Air Balloon
|faint|p2a: Raichu
|-damage|p1a: My Daddy|63/100|[from] item: Life Orb
|
|-weather|Snowscape|[upkeep]
|upkeep
|
|t:|1779712570
|switch|p2a: Dih|Garchomp, F|100/100
|turn|13
|
|t:|1779712580
|move|p1a: My Daddy|Sacred Sword|p2a: Dih
|-damage|p2a: Dih|16/100
|-damage|p1a: My Daddy|51/100|[from] ability: Rough Skin|[of] p2a: Dih
|-damage|p1a: My Daddy|41/100|[from] item: Life Orb
|move|p2a: Dih|Dragon Claw|p1a: My Daddy
|-crit|p1a: My Daddy
|-damage|p1a: My Daddy|0 fnt
|faint|p1a: My Daddy
|
|-weather|Snowscape|[upkeep]
|-heal|p2a: Dih|22/100|[from] item: Leftovers
|-sideend|p1: Pelogrulla72|move: Aurora Veil
|upkeep
|
|t:|1779712595
|switch|p1a: Selena|Ninetales-Alola, F, shiny|100/100
|turn|14
|
|t:|1779712601
|move|p2a: Dih|Iron Head|p1a: Selena
|-supereffective|p1a: Selena
|-damage|p1a: Selena|0 fnt
|faint|p1a: Selena
|
|-weather|none
|-heal|p2a: Dih|28/100|[from] item: Leftovers
|upkeep
|
|t:|1779712609
|switch|p1a: Pau Palacín|Cinderace, M, shiny|100/100
|turn|15
|
|t:|1779712613
|move|p1a: Pau Palacín|Sucker Punch|p2a: Dih
|-start|p1a: Pau Palacín|typechange|Dark|[from] ability: Libero
|-crit|p2a: Dih
|-damage|p2a: Dih|0 fnt
|-damage|p1a: Pau Palacín|88/100|[from] ability: Rough Skin|[of] p2a: Dih
|faint|p2a: Dih
|
|upkeep
|
|t:|1779712618
|switch|p2a: Golem|Golem-Alola, F|100/100
|turn|16
|
|t:|1779712624
|move|p1a: Pau Palacín|U-turn|p2a: Golem
|-damage|p2a: Golem|83/100
|
|t:|1779712626
|switch|p1a: Goldito|Slowking-Galar, F|100/100|[from] U-turn
|move|p2a: Golem|Counter|p1a: Goldito
|-damage|p1a: Goldito|73/100
|
|-heal|p2a: Golem|89/100|[from] item: Leftovers
|-heal|p1a: Goldito|79/100|[from] item: Black Sludge
|upkeep
|turn|17
|
|t:|1779712635
|move|p2a: Golem|Earthquake|p1a: Goldito
|-supereffective|p1a: Goldito
|-damage|p1a: Goldito|27/100
|move|p1a: Goldito|Future Sight|p2a: Golem
|-start|p1a: Goldito|move: Future Sight
|
|-heal|p2a: Golem|95/100|[from] item: Leftovers
|-heal|p1a: Goldito|33/100|[from] item: Black Sludge
|upkeep
|turn|18
|
|t:|1779712653
|move|p2a: Golem|Earthquake|p1a: Goldito
|-supereffective|p1a: Goldito
|-damage|p1a: Goldito|0 fnt
|faint|p1a: Goldito
|
|-heal|p2a: Golem|100/100|[from] item: Leftovers
|upkeep
|
|t:|1779712655
|switch|p1a: Hol Horse|Clawitzer, M, shiny, tera:Dragon|34/100
|turn|19
|
|t:|1779712665
|move|p1a: Hol Horse|Water Pulse|p2a: Golem
|-supereffective|p2a: Golem
|-damage|p2a: Golem|0 fnt
|faint|p2a: Golem
|
|-hint|Future Sight did not hit because the target is fainted.
|upkeep
|
|t:|1779712667
|switch|p2a: Venusaur|Venusaur, M|100/100
|turn|20
|
|t:|1779712675
|move|p1a: Hol Horse|Dark Pulse|p2a: Venusaur
|-damage|p2a: Venusaur|69/100
|move|p2a: Venusaur|Toxic|p1a: Hol Horse
|-status|p1a: Hol Horse|tox
|
|-heal|p2a: Venusaur|75/100|[from] item: Black Sludge
|-damage|p1a: Hol Horse|28/100 tox|[from] psn
|upkeep
|turn|21
|
|t:|1779712679
|move|p1a: Hol Horse|Dragon Pulse|p2a: Venusaur
|-crit|p2a: Venusaur
|-damage|p2a: Venusaur|0 fnt
|faint|p2a: Venusaur
|
|win|Pelogrulla72
|raw|Pelogrulla72's rating: 1174 &rarr; <strong>1191</strong><br />(+17 for winning)
|raw|nimmims's rating: 1057 &rarr; <strong>1044</strong><br />(-13 for losing)
|l|☆Pelogrulla72
|player|p1|
|l|☆nimmims
|player|p2|
