|j|☆Beuhiam
|j|☆Skotus
|t:|1779696998
|gametype|singles
|player|p1|Beuhiam|102|1405
|player|p2|Skotus|palmer|1429
|gen|9
|tier|[Gen 9] OU
|rated|
|rule|HP Percentage Mod: HP is shown in percentages
|rule|Endless Battle Clause: Forcing endless battles is banned
|rule|Species Clause: Limit one of each Pokémon
|rule|OHKO Clause: OHKO moves are banned
|rule|Evasion Items Clause: Evasion items are banned
|rule|Evasion Moves Clause: Evasion moves are banned
|rule|Evasion Abilities Clause: Evasion abilities are banned
|rule|Sleep Moves Clause: Sleep-inducing moves are banned
|clearpoke
|poke|p1|Slowking-Galar, F|
|poke|p1|Great Tusk|
|poke|p1|Kyurem|
|poke|p1|Kingambit, M|
|poke|p1|Cinderace, M|
|poke|p1|Zapdos|
|poke|p2|Great Tusk|
|poke|p2|Kyurem|
|poke|p2|Darkrai|
|poke|p2|Cloyster, M|
|poke|p2|Raging Bolt|
|poke|p2|Ninetales, M|
|teampreview
|inactive|Battle timer is ON: inactive players will automatically lose when time's up. (requested by Beuhiam)
|
|t:|1779697011
|teamsize|p1|6
|teamsize|p2|6
|start
|switch|p1a: Zapdos|Zapdos, shiny|100/100
|switch|p2a: Darkrai|Darkrai|100/100
|turn|1
|
|t:|1779697022
|switch|p1a: Kingambit|Kingambit, M|100/100
|move|p2a: Darkrai|Ice Beam|p1a: Kingambit
|-resisted|p1a: Kingambit
|-damage|p1a: Kingambit|77/100
|
|-heal|p1a: Kingambit|83/100|[from] item: Leftovers
|upkeep
|turn|2
|
|t:|1779697032
|switch|p2a: Great Tusk|Great Tusk|100/100
|-end|p1a: Kingambit|fallenundefined|[silent]
|switch|p1a: Zapdos|Zapdos, shiny|100/100
|
|upkeep
|turn|3
|
|t:|1779697042
|-end|p2a: Great Tusk|Protosynthesis|[silent]
|switch|p2a: Ninetales|Ninetales, M|100/100
|-weather|SunnyDay|[from] ability: Drought|[of] p2a: Ninetales
|move|p1a: Zapdos|Hurricane|p2a: Ninetales|[miss]
|-miss|p1a: Zapdos|p2a: Ninetales
|
|-weather|SunnyDay|[upkeep]
|upkeep
|turn|4
|
|t:|1779697048
|move|p2a: Ninetales|Overheat|p1a: Zapdos
|-damage|p1a: Zapdos|23/100
|-unboost|p2a: Ninetales|spa|2
|move|p1a: Zapdos|Volt Switch|p2a: Ninetales
|-damage|p2a: Ninetales|65/100
|
|t:|1779697053
|switch|p1a: Great Tusk|Great Tusk|100/100|[from] Volt Switch
|-activate|p1a: Great Tusk|ability: Protosynthesis
|-start|p1a: Great Tusk|protosynthesisatk
|
|-weather|SunnyDay|[upkeep]
|upkeep
|turn|5
|
|t:|1779697057
|move|p2a: Ninetales|Will-O-Wisp|p1a: Great Tusk
|-status|p1a: Great Tusk|brn
|move|p1a: Great Tusk|Rapid Spin|p2a: Ninetales
|-damage|p2a: Ninetales|50/100
|-boost|p1a: Great Tusk|spe|1
|
|-weather|SunnyDay|[upkeep]
|-damage|p1a: Great Tusk|94/100 brn|[from] brn
|upkeep
|turn|6
|
|t:|1779697067
|move|p1a: Great Tusk|Headlong Rush|p2a: Ninetales
|-supereffective|p2a: Ninetales
|-damage|p2a: Ninetales|0 fnt
|-unboost|p1a: Great Tusk|def|1
|-unboost|p1a: Great Tusk|spd|1
|faint|p2a: Ninetales
|
|-weather|SunnyDay|[upkeep]
|-heal|p1a: Great Tusk|100/100 brn|[from] item: Leftovers
|-damage|p1a: Great Tusk|94/100 brn|[from] brn
|upkeep
|
|t:|1779697074
|switch|p2a: Great Tusk|Great Tusk|100/100
|-activate|p2a: Great Tusk|ability: Protosynthesis
|-start|p2a: Great Tusk|protosynthesisatk
|turn|7
|
|t:|1779697084
|move|p1a: Great Tusk|Ice Spinner|p2a: Great Tusk
|-supereffective|p2a: Great Tusk
|-damage|p2a: Great Tusk|80/100
|move|p2a: Great Tusk|Bulk Up|p2a: Great Tusk
|-boost|p2a: Great Tusk|atk|1
|-boost|p2a: Great Tusk|def|1
|
|-weather|SunnyDay|[upkeep]
|-heal|p1a: Great Tusk|100/100 brn|[from] item: Leftovers
|-damage|p1a: Great Tusk|94/100 brn|[from] brn
|upkeep
|turn|8
|
|t:|1779697093
|-end|p1a: Great Tusk|Protosynthesis|[silent]
|switch|p1a: Zapdos|Zapdos, shiny|23/100
|move|p2a: Great Tusk|Bulk Up|p2a: Great Tusk
|-boost|p2a: Great Tusk|atk|1
|-boost|p2a: Great Tusk|def|1
|
|-weather|SunnyDay|[upkeep]
|upkeep
|turn|9
|
|t:|1779697097
|move|p1a: Zapdos|Hurricane|p2a: Great Tusk
|-supereffective|p2a: Great Tusk
|-damage|p2a: Great Tusk|0 fnt
|faint|p2a: Great Tusk
|-end|p2a: Great Tusk|Protosynthesis|[silent]
|
|-weather|SunnyDay|[upkeep]
|upkeep
|
|t:|1779697101
|switch|p2a: Kyurem|Kyurem|100/100
|-ability|p2a: Kyurem|Pressure
|turn|10
|
|t:|1779697107
|switch|p1a: Slowking|Slowking-Galar, F|100/100
|move|p2a: Kyurem|Scale Shot|p1a: Slowking
|-damage|p1a: Slowking|87/100
|-damage|p1a: Slowking|75/100
|-damage|p1a: Slowking|62/100
|-damage|p1a: Slowking|49/100
|-damage|p1a: Slowking|35/100
|-hitcount|p1a: Slowking|5
|-unboost|p2a: Kyurem|def|1
|-boost|p2a: Kyurem|spe|1
|
|-weather|none
|upkeep
|turn|11
|
|t:|1779697113
|switch|p1a: Great Tusk|Great Tusk|94/100 brn
|move|p2a: Kyurem|Earth Power|p1a: Great Tusk
|-damage|p1a: Great Tusk|58/100 brn
|
|-heal|p1a: Great Tusk|64/100 brn|[from] item: Leftovers
|-damage|p1a: Great Tusk|58/100 brn|[from] brn
|upkeep
|turn|12
|
|t:|1779697116
|move|p2a: Kyurem|Icicle Spear|p1a: Great Tusk
|-supereffective|p1a: Great Tusk
|-damage|p1a: Great Tusk|38/100 brn
|-supereffective|p1a: Great Tusk
|-damage|p1a: Great Tusk|19/100 brn
|-supereffective|p1a: Great Tusk
|-damage|p1a: Great Tusk|2/100 brn
|-supereffective|p1a: Great Tusk
|-damage|p1a: Great Tusk|0 fnt
|faint|p1a: Great Tusk
|-end|p1a: Great Tusk|Protosynthesis|[silent]
|-hitcount|p1: Great Tusk|4
|
|upkeep
|
|t:|1779697121
|switch|p1a: Kingambit|Kingambit, M|83/100
|-activate|p1a: Kingambit|ability: Supreme Overlord
|-start|p1a: Kingambit|fallen1|[silent]
|turn|13
|
|t:|1779697129
|move|p2a: Kyurem|Earth Power|p1a: Kingambit
|-supereffective|p1a: Kingambit
|-damage|p1a: Kingambit|29/100
|-unboost|p1a: Kingambit|spd|1
|move|p1a: Kingambit|Low Kick|p2a: Kyurem
|-supereffective|p2a: Kyurem
|-damage|p2a: Kyurem|0 fnt
|faint|p2a: Kyurem
|
|-heal|p1a: Kingambit|36/100|[from] item: Leftovers
|upkeep
|
|t:|1779697138
|switch|p2a: Raging Bolt|Raging Bolt|100/100
|-enditem|p2a: Raging Bolt|Booster Energy
|-activate|p2a: Raging Bolt|ability: Protosynthesis|[fromitem]
|-start|p2a: Raging Bolt|protosynthesisspa
|turn|14
|
|t:|1779697154
|move|p1a: Kingambit|Sucker Punch|p2a: Raging Bolt
|-damage|p2a: Raging Bolt|61/100
|move|p2a: Raging Bolt|Discharge|p1a: Kingambit
|-damage|p1a: Kingambit|0 fnt
|faint|p1a: Kingambit
|-end|p1a: Kingambit|fallen1|[silent]
|
|upkeep
|
|t:|1779697157
|switch|p1a: Slowking|Slowking-Galar, F|68/100
|turn|15
|
|t:|1779697160
|move|p2a: Raging Bolt|Discharge|p1a: Slowking
|-damage|p1a: Slowking|30/100
|-prepare|p1a: Slowking|Chilly Reception|[premajor]
|move|p1a: Slowking|Chilly Reception|p1a: Slowking
|-weather|Snowscape
|
|t:|1779697164
|switch|p1a: Kyurem|Kyurem|100/100|[from] Chilly Reception
|-ability|p1a: Kyurem|Pressure
|
|-weather|Snowscape|[upkeep]
|upkeep
|turn|16
|
|t:|1779697168
|-terastallize|p2a: Raging Bolt|Fairy
|move|p1a: Kyurem|Blizzard|p2a: Raging Bolt
|-damage|p2a: Raging Bolt|0 fnt
|faint|p2a: Raging Bolt
|-end|p2a: Raging Bolt|Protosynthesis|[silent]
|
|-weather|Snowscape|[upkeep]
|upkeep
|
|t:|1779697173
|switch|p2a: Cloyster|Cloyster, M|100/100
|turn|17
|
|t:|1779697181
|switch|p1a: Zapdos|Zapdos, shiny|23/100
|move|p2a: Cloyster|Shell Smash|p2a: Cloyster
|-unboost|p2a: Cloyster|def|1
|-unboost|p2a: Cloyster|spd|1
|-boost|p2a: Cloyster|atk|2
|-boost|p2a: Cloyster|spa|2
|-boost|p2a: Cloyster|spe|2
|
|-weather|Snowscape|[upkeep]
|upkeep
|turn|18
|
|t:|1779697186
|move|p2a: Cloyster|Icicle Spear|p1a: Zapdos
|-supereffective|p1a: Zapdos
|-damage|p1a: Zapdos|0 fnt
|faint|p1a: Zapdos
|-hitcount|p1: Zapdos|1
|
|-weather|Snowscape|[upkeep]
|upkeep
|
|t:|1779697197
|switch|p1a: Kyurem|Kyurem|100/100
|-ability|p1a: Kyurem|Pressure
|turn|19
|
|t:|1779697203
|move|p2a: Cloyster|Rock Blast|p1a: Kyurem
|-supereffective|p1a: Kyurem
|-damage|p1a: Kyurem|82/100
|-supereffective|p1a: Kyurem
|-damage|p1a: Kyurem|61/100
|-supereffective|p1a: Kyurem
|-damage|p1a: Kyurem|39/100
|-supereffective|p1a: Kyurem
|-damage|p1a: Kyurem|18/100
|-supereffective|p1a: Kyurem
|-damage|p1a: Kyurem|0 fnt
|faint|p1a: Kyurem
|-hitcount|p1: Kyurem|5
|
|-weather|none
|upkeep
|
|t:|1779697214
|switch|p1a: Cinderace|Cinderace, M|100/100
|turn|20
|
|t:|1779697218
|move|p2a: Cloyster|Rock Blast|p1a: Cinderace
|-supereffective|p1a: Cinderace
|-damage|p1a: Cinderace|60/100
|-supereffective|p1a: Cinderace
|-damage|p1a: Cinderace|25/100
|-supereffective|p1a: Cinderace
|-damage|p1a: Cinderace|0 fnt
|faint|p1a: Cinderace
|-hitcount|p1: Cinderace|3
|
|upkeep
|-message|Beuhiam forfeited.
|
|win|Skotus
|raw|Beuhiam's rating: 1405 &rarr; <strong>1386</strong><br />(-19 for losing)
|raw|Skotus's rating: 1429 &rarr; <strong>1448</strong><br />(+19 for winning)
|l|☆Beuhiam
|player|p1|
|l|☆Skotus
|player|p2|
