|j|☆pokecutieismyname
|j|☆pepinoloko
|t:|1779706198
|gametype|singles
|player|p1|pokecutieismyname|scientistf|1355
|player|p2|pepinoloko|byron|1394
|gen|9
|tier|[Gen 9] OU
|rated|
|rule|HP Percentage Mod: HP is shown in percentages
|rule|Endless Battle Clause: Forcing endless battles is banned
|rule|Species Clause: Limit one of each Pokémon
|rule|OHKO Clause: OHKO moves are banned
|rule|Evasion Items Clause: Evasion items are banned
|rule|Evasion Moves Clause: Evasion moves are banned
|rule|Evasion Abilities Clause: Evasion abilities are banned
|rule|Sleep Moves Clause: Sleep-inducing moves are banned
|clearpoke
|poke|p1|Great Tusk|
|poke|p1|Pecharunt|
|poke|p1|Iron Valiant|
|poke|p1|Iron Crown|
|poke|p1|Samurott-Hisui, F|
|poke|p1|Dragonite, M|
|poke|p2|Salazzle, F|
|poke|p2|Zoroark-Hisui, M|
|poke|p2|Cinderace, M|
|poke|p2|Toxapex, F|
|poke|p2|Chesnaught, M|
|poke|p2|Grimmsnarl, M|
|teampreview
|
|t:|1779706244
|teamsize|p1|6
|teamsize|p2|6
|start
|switch|p1a: Pecharunt|Pecharunt|100/100
|switch|p2a: I U-turn on U|Cinderace, M|100/100
|turn|1
|inactive|Battle timer is ON: inactive players will automatically lose when time's up. (requested by pepinoloko)
|
|t:|1779706253
|move|p2a: I U-turn on U|U-turn|p1a: Pecharunt
|-start|p2a: I U-turn on U|typechange|Bug|[from] ability: Libero
|-resisted|p1a: Pecharunt
|-damage|p1a: Pecharunt|97/100
|-damage|p2a: I U-turn on U|84/100|[from] item: Rocky Helmet|[of] p1a: Pecharunt
|
|t:|1779706257
|switch|p2a: Sin poisons|Toxapex, F, shiny|100/100|[from] U-turn
|move|p1a: Pecharunt|Parting Shot|p2a: Sin poisons
|-unboost|p2a: Sin poisons|atk|1
|-unboost|p2a: Sin poisons|spa|1
|
|t:|1779706266
|switch|p1a: Iron Crown|Iron Crown|100/100|[from] Parting Shot
|
|upkeep
|turn|2
|
|t:|1779706272
|switch|p2a: Love has a name|Grimmsnarl, M|100/100
|move|p1a: Iron Crown|Psychic Noise|p2a: Love has a name
|-immune|p2a: Love has a name
|
|upkeep
|turn|3
|
|t:|1779706279
|move|p2a: Love has a name|Parting Shot|p1a: Iron Crown
|-unboost|p1a: Iron Crown|atk|1
|-unboost|p1a: Iron Crown|spa|1
|
|t:|1779706285
|switch|p2a: I U-turn on U|Cinderace, M|84/100|[from] Parting Shot
|move|p1a: Iron Crown|Tachyon Cutter|p2a: I U-turn on U
|-resisted|p2a: I U-turn on U
|-damage|p2a: I U-turn on U|72/100
|-resisted|p2a: I U-turn on U
|-damage|p2a: I U-turn on U|59/100
|-hitcount|p2a: I U-turn on U|2
|
|upkeep
|turn|4
|
|t:|1779706295
|switch|p2a: Forgive|Salazzle, F|100/100
|-end|p1a: Iron Crown|Quark Drive|[silent]
|switch|p1a: Pecharunt|Pecharunt|97/100
|
|upkeep
|turn|5
|
|t:|1779706301
|move|p2a: Forgive|Toxic|p1a: Pecharunt
|-status|p1a: Pecharunt|tox
|move|p1a: Pecharunt|Shadow Ball|p2a: Forgive
|-damage|p2a: Forgive|62/100
|
|-heal|p2a: Forgive|68/100|[from] item: Leftovers
|-damage|p1a: Pecharunt|90/100 tox|[from] psn
|upkeep
|turn|6
|
|t:|1779706313
|move|p2a: Forgive|Substitute|p2a: Forgive
|-start|p2a: Forgive|Substitute
|-damage|p2a: Forgive|43/100
|move|p1a: Pecharunt|Shadow Ball|p2a: Forgive
|-end|p2a: Forgive|Substitute
|
|-heal|p2a: Forgive|49/100|[from] item: Leftovers
|-damage|p1a: Pecharunt|78/100 tox|[from] psn
|upkeep
|turn|7
|
|t:|1779706323
|switch|p2a: Chesnaught|Chesnaught, M|100/100
|move|p1a: Pecharunt|Shadow Ball|p2a: Chesnaught
|-immune|p2a: Chesnaught
|
|-damage|p1a: Pecharunt|60/100 tox|[from] psn
|upkeep
|turn|8
|
|t:|1779706333
|move|p2a: Chesnaught|Hex|p1a: Pecharunt
|-supereffective|p1a: Pecharunt
|-damage|p1a: Pecharunt|0 fnt
|faint|p1a: Pecharunt
|
|upkeep
|
|t:|1779706357
|switch|p1a: Samurott|Samurott-Hisui, F|100/100
|turn|9
|
|t:|1779706363
|switch|p2a: Chesnaught|Chesnaught, M|100/100
|move|p1a: Samurott|Ceaseless Edge|p2a: Chesnaught
|-resisted|p2a: Chesnaught
|-damage|p2a: Chesnaught|83/100
|-damage|p1a: Samurott|84/100|[from] item: Rocky Helmet|[of] p2a: Chesnaught
|-sidestart|p2: pepinoloko|Spikes
|
|upkeep
|turn|10
|
|t:|1779706371
|move|p1a: Samurott|Knock Off|p2a: Chesnaught
|-resisted|p2a: Chesnaught
|-crit|p2a: Chesnaught
|-damage|p2a: Chesnaught|57/100
|-damage|p1a: Samurott|67/100|[from] item: Rocky Helmet|[of] p2a: Chesnaught
|-enditem|p2a: Chesnaught|Rocky Helmet|[from] move: Knock Off|[of] p1a: Samurott
|move|p2a: Chesnaught|Leech Seed|p1a: Samurott
|-start|p1a: Samurott|move: Leech Seed
|
|-damage|p1a: Samurott|55/100|[from] Leech Seed|[of] p2a: Chesnaught
|-heal|p2a: Chesnaught|68/100|[silent]
|upkeep
|turn|11
|
|t:|1779706382
|switch|p1a: Iron Crown|Iron Crown|100/100
|move|p2a: Chesnaught|Spiky Shield||[still]
|-fail|p2a: Chesnaught
|
|upkeep
|turn|12
|
|t:|1779706389
|switch|p2a: Sin poisons|Toxapex, F, shiny|100/100
|-damage|p2a: Sin poisons|88/100|[from] Spikes
|move|p1a: Iron Crown|Tachyon Cutter|p2a: Sin poisons
|-resisted|p2a: Sin poisons
|-damage|p2a: Sin poisons|79/100
|-resisted|p2a: Sin poisons
|-damage|p2a: Sin poisons|70/100
|-hitcount|p2a: Sin poisons|2
|
|-heal|p2a: Sin poisons|76/100|[from] item: Leftovers
|upkeep
|turn|13
|
|t:|1779706401
|switch|p2a: Love has a name|Grimmsnarl, M|100/100
|-damage|p2a: Love has a name|88/100|[from] Spikes
|move|p1a: Iron Crown|Future Sight|p2a: Love has a name
|-start|p1a: Iron Crown|move: Future Sight
|
|upkeep
|turn|14
|
|t:|1779706408
|move|p2a: Love has a name|Trick|p1a: Iron Crown
|-activate|p2a: Love has a name|move: Trick|[of] p1a: Iron Crown
|-item|p1a: Iron Crown|Choice Scarf|[from] move: Trick
|-item|p2a: Love has a name|Assault Vest|[from] move: Trick
|move|p1a: Iron Crown|Volt Switch|p2a: Love has a name
|-damage|p2a: Love has a name|73/100
|
|t:|1779706422
|-end|p1a: Iron Crown|Quark Drive|[silent]
|switch|p1a: Iron Valiant|Iron Valiant|100/100|[from] Volt Switch
|
|upkeep
|turn|15
|
|t:|1779706433
|move|p1a: Iron Valiant|Thunderbolt|p2a: Love has a name
|-damage|p2a: Love has a name|45/100
|move|p2a: Love has a name|Drain Punch|p1a: Iron Valiant
|-resisted|p1a: Iron Valiant
|-damage|p1a: Iron Valiant|84/100
|-heal|p2a: Love has a name|51/100|[from] drain|[of] p1a: Iron Valiant
|
|-end|p2a: Love has a name|move: Future Sight
|-immune|p2a: Love has a name
|upkeep
|turn|16
|
|t:|1779706445
|move|p1a: Iron Valiant|Thunderbolt|p2a: Love has a name
|-damage|p2a: Love has a name|23/100
|move|p2a: Love has a name|Drain Punch|p1a: Iron Valiant
|-resisted|p1a: Iron Valiant
|-damage|p1a: Iron Valiant|69/100
|-heal|p2a: Love has a name|29/100|[from] drain|[of] p1a: Iron Valiant
|
|upkeep
|turn|17
|
|t:|1779706454
|switch|p2a: Chesnaught|Chesnaught, M|68/100
|-damage|p2a: Chesnaught|55/100|[from] Spikes
|move|p1a: Iron Valiant|Thunderbolt|p2a: Chesnaught
|-resisted|p2a: Chesnaught
|-damage|p2a: Chesnaught|29/100
|
|upkeep
|turn|18
|
|t:|1779706464
|-end|p1a: Iron Valiant|Quark Drive|[silent]
|switch|p1a: Iron Crown|Iron Crown|100/100
|move|p2a: Chesnaught|Leech Seed|p1a: Iron Crown
|-start|p1a: Iron Crown|move: Leech Seed
|
|-damage|p1a: Iron Crown|88/100|[from] Leech Seed|[of] p2a: Chesnaught
|-heal|p2a: Chesnaught|40/100|[silent]
|upkeep
|turn|19
|
|t:|1779706472
|move|p2a: Chesnaught|Spiky Shield|p2a: Chesnaught
|-singleturn|p2a: Chesnaught|move: Protect
|move|p1a: Iron Crown|Future Sight|p2a: Chesnaught
|-start|p1a: Iron Crown|move: Future Sight
|
|-damage|p1a: Iron Crown|76/100|[from] Leech Seed|[of] p2a: Chesnaught
|-heal|p2a: Chesnaught|50/100|[silent]
|upkeep
|turn|20
|
|t:|1779706484
|-end|p1a: Iron Crown|Quark Drive|[silent]
|switch|p1a: Samurott|Samurott-Hisui, F|55/100
|move|p2a: Chesnaught|Leech Seed|p1a: Samurott
|-start|p1a: Samurott|move: Leech Seed
|
|-damage|p1a: Samurott|43/100|[from] Leech Seed|[of] p2a: Chesnaught
|-heal|p2a: Chesnaught|61/100|[silent]
|upkeep
|turn|21
|
|t:|1779706493
|switch|p1a: Iron Valiant|Iron Valiant|69/100
|switch|p2a: Love has a name|Grimmsnarl, M|29/100
|-damage|p2a: Love has a name|17/100|[from] Spikes
|
|-end|p2a: Love has a name|move: Future Sight
|-immune|p2a: Love has a name
|upkeep
|turn|22
|
|t:|1779706504
|move|p1a: Iron Valiant|Thunderbolt|p2a: Love has a name
|-damage|p2a: Love has a name|0 fnt
|faint|p2a: Love has a name
|
|upkeep
|
|t:|1779706508
|switch|p2a: Chesnaught|Chesnaught, M|61/100
|-damage|p2a: Chesnaught|49/100|[from] Spikes
|turn|23
|
|t:|1779706514
|-end|p1a: Iron Valiant|Quark Drive|[silent]
|switch|p1a: Great Tusk|Great Tusk|100/100
|move|p2a: Chesnaught|Leech Seed|p1a: Great Tusk
|-start|p1a: Great Tusk|move: Leech Seed
|
|-damage|p1a: Great Tusk|88/100|[from] Leech Seed|[of] p2a: Chesnaught
|-heal|p2a: Chesnaught|61/100|[silent]
|upkeep
|turn|24
|
|t:|1779706523
|move|p1a: Great Tusk|Stealth Rock|p2a: Chesnaught
|-sidestart|p2: pepinoloko|move: Stealth Rock
|move|p2a: Chesnaught|Drain Punch|p1a: Great Tusk
|-damage|p1a: Great Tusk|68/100
|-heal|p2a: Chesnaught|71/100|[from] drain|[of] p1a: Great Tusk
|
|-damage|p1a: Great Tusk|55/100|[from] Leech Seed|[of] p2a: Chesnaught
|-heal|p2a: Chesnaught|83/100|[silent]
|upkeep
|turn|25
|
|t:|1779706533
|-end|p1a: Great Tusk|Protosynthesis|[silent]
|switch|p1a: Iron Crown|Iron Crown|76/100
|move|p2a: Chesnaught|Leech Seed|p1a: Iron Crown
|-start|p1a: Iron Crown|move: Leech Seed
|
|-damage|p1a: Iron Crown|63/100|[from] Leech Seed|[of] p2a: Chesnaught
|-heal|p2a: Chesnaught|93/100|[silent]
|upkeep
|turn|26
|
|t:|1779706541
|move|p1a: Iron Crown|Future Sight|p2a: Chesnaught
|-start|p1a: Iron Crown|move: Future Sight
|move|p2a: Chesnaught|Knock Off|p1a: Iron Crown
|-supereffective|p1a: Iron Crown
|-damage|p1a: Iron Crown|10/100
|-enditem|p1a: Iron Crown|Choice Scarf|[from] move: Knock Off|[of] p2a: Chesnaught
|
|-damage|p1a: Iron Crown|0 fnt|[from] Leech Seed|[of] p2a: Chesnaught
|-heal|p2a: Chesnaught|100/100|[silent]
|faint|p1a: Iron Crown
|-end|p1a: Iron Crown|Quark Drive|[silent]
|upkeep
|
|t:|1779706552
|switch|p1a: Iron Valiant|Iron Valiant|69/100
|turn|27
|
|t:|1779706557
|move|p2a: Chesnaught|Spiky Shield|p2a: Chesnaught
|-singleturn|p2a: Chesnaught|move: Protect
|move|p1a: Iron Valiant|Moonblast|p2a: Chesnaught
|-activate|p2a: Chesnaught|move: Protect
|
|upkeep
|turn|28
|
|t:|1779706587
|-terastallize|p2a: Chesnaught|Fire
|move|p1a: Iron Valiant|Moonblast|p2a: Chesnaught
|-resisted|p2a: Chesnaught
|-damage|p2a: Chesnaught|63/100
|-unboost|p2a: Chesnaught|spa|1
|move|p2a: Chesnaught|Leech Seed|p1a: Iron Valiant
|-start|p1a: Iron Valiant|move: Leech Seed
|
|-end|p2a: Chesnaught|move: Future Sight
|-damage|p2a: Chesnaught|0 fnt
|faint|p2a: Chesnaught
|upkeep
|
|t:|1779706593
|switch|p2a: I U-turn on U|Cinderace, M|59/100
|turn|29
|
|t:|1779706603
|-end|p1a: Iron Valiant|Quark Drive|[silent]
|switch|p1a: Samurott|Samurott-Hisui, F|43/100
|move|p2a: I U-turn on U|Court Change|p2a: I U-turn on U
|-start|p2a: I U-turn on U|typechange|Normal|[from] ability: Libero
|-swapsideconditions
|-activate|p2a: I U-turn on U|move: Court Change
|
|upkeep
|turn|30
|
|t:|1779706611
|move|p2a: I U-turn on U|U-turn|p1a: Samurott
|-supereffective|p1a: Samurott
|-damage|p1a: Samurott|0 fnt
|faint|p1a: Samurott
|
|t:|1779706618
|switch|p2a: I U-turn on U|Cinderace, M|100/100|[from] U-turn
|
|upkeep
|
|t:|1779706624
|switch|p1a: Dragonite|Dragonite, M|100/100
|turn|31
|
|t:|1779706629
|-terastallize|p1a: Dragonite|Normal
|move|p2a: I U-turn on U|Trick|p1a: Dragonite
|-activate|p2a: I U-turn on U|move: Trick|[of] p1a: Dragonite
|-item|p1a: Dragonite|Choice Scarf|[from] move: Trick
|-item|p2a: I U-turn on U|Heavy-Duty Boots|[from] move: Trick
|move|p1a: Dragonite|Dragon Dance|p1a: Dragonite
|-boost|p1a: Dragonite|atk|1
|-boost|p1a: Dragonite|spe|1
|
|upkeep
|turn|32
|
|t:|1779706639
|switch|p1a: Great Tusk|Great Tusk|55/100
|move|p2a: I U-turn on U|Hyper Voice|p1a: Great Tusk
|-crit|p1a: Great Tusk
|-damage|p1a: Great Tusk|0 fnt
|faint|p1a: Great Tusk
|-end|p1a: Great Tusk|Protosynthesis|[silent]
|
|upkeep
|
|t:|1779706647
|switch|p1a: Iron Valiant|Iron Valiant|69/100
|-damage|p1a: Iron Valiant|56/100|[from] Spikes
|-damage|p1a: Iron Valiant|50/100|[from] Stealth Rock
|turn|33
|
|t:|1779706655
|move|p1a: Iron Valiant|Thunderbolt|p2a: I U-turn on U
|-damage|p2a: I U-turn on U|8/100
|replace|p2a: The end is nigh|Zoroark-Hisui, M
|-end|p2a: The end is nigh|Illusion
|move|p2a: The end is nigh|Hyper Voice|p1a: Iron Valiant
|-damage|p1a: Iron Valiant|0 fnt
|faint|p1a: Iron Valiant
|-end|p1a: Iron Valiant|Quark Drive|[silent]
|
|upkeep
|
|t:|1779706664
|switch|p1a: Dragonite|Dragonite, M, tera:Normal|100/100
|-damage|p1a: Dragonite|88/100|[from] Spikes
|-damage|p1a: Dragonite|76/100|[from] Stealth Rock
|turn|34
|
|t:|1779706670
|move|p1a: Dragonite|Earthquake|p2a: The end is nigh
|-damage|p2a: The end is nigh|0 fnt
|faint|p2a: The end is nigh
|
|upkeep
|
|t:|1779706672
|switch|p2a: Forgive|Salazzle, F|49/100
|turn|35
|
|t:|1779706677
|move|p1a: Dragonite|Earthquake|p2a: Forgive
|-supereffective|p2a: Forgive
|-damage|p2a: Forgive|0 fnt
|faint|p2a: Forgive
|
|upkeep
|
|t:|1779706682
|switch|p2a: Sin poisons|Toxapex, F, shiny|100/100
|turn|36
|
|t:|1779706686
|move|p1a: Dragonite|Earthquake|p2a: Sin poisons
|-supereffective|p2a: Sin poisons
|-damage|p2a: Sin poisons|52/100
|move|p2a: Sin poisons|Toxic|p1a: Dragonite
|-status|p1a: Dragonite|tox
|
|-heal|p2a: Sin poisons|58/100|[from] item: Leftovers
|-damage|p1a: Dragonite|70/100 tox|[from] psn
|upkeep
|turn|37
|
|t:|1779706695
|move|p2a: Sin poisons|Baneful Bunker|p2a: Sin poisons
|-singleturn|p2a: Sin poisons|move: Protect
|move|p1a: Dragonite|Earthquake|p2a: Sin poisons
|-activate|p2a: Sin poisons|move: Protect
|
|-heal|p2a: Sin poisons|64/100|[from] item: Leftovers
|-damage|p1a: Dragonite|57/100 tox|[from] psn
|upkeep
|turn|38
|
|t:|1779706705
|move|p1a: Dragonite|Earthquake|p2a: Sin poisons
|-supereffective|p2a: Sin poisons
|-damage|p2a: Sin poisons|10/100
|move|p2a: Sin poisons|Infestation|p1a: Dragonite
|-damage|p1a: Dragonite|54/100 tox
|-activate|p1a: Dragonite|move: Infestation|[of] p2a: Sin poisons
|
|-heal|p2a: Sin poisons|16/100|[from] item: Leftovers
|-damage|p1a: Dragonite|35/100 tox|[from] psn
|-damage|p1a: Dragonite|23/100 tox|[from] move: Infestation|[partiallytrapped]
|upkeep
|turn|39
|
|t:|1779706716
|move|p2a: Sin poisons|Baneful Bunker|p2a: Sin poisons
|-singleturn|p2a: Sin poisons|move: Protect
|move|p1a: Dragonite|Earthquake|p2a: Sin poisons
|-activate|p2a: Sin poisons|move: Protect
|
|-heal|p2a: Sin poisons|22/100|[from] item: Leftovers
|-damage|p1a: Dragonite|0 fnt|[from] psn
|faint|p1a: Dragonite
|
|win|pepinoloko
|raw|pokecutieismyname's rating: 1355 &rarr; <strong>1337</strong><br />(-18 for losing)
|raw|pepinoloko's rating: 1394 &rarr; <strong>1412</strong><br />(+18 for winning)
|l|☆pepinoloko
|player|p2|
|l|☆pokecutieismyname
|player|p1|
