|j|☆jabottle
|j|☆pokesom765
|t:|1779642615
|gametype|singles
|player|p1|jabottle|giovanni|1390
|player|p2|pokesom765|backpacker|1364
|gen|9
|tier|[Gen 9] OU
|rated|
|rule|HP Percentage Mod: HP is shown in percentages
|rule|Endless Battle Clause: Forcing endless battles is banned
|rule|Species Clause: Limit one of each Pokémon
|rule|OHKO Clause: OHKO moves are banned
|rule|Evasion Items Clause: Evasion items are banned
|rule|Evasion Moves Clause: Evasion moves are banned
|rule|Evasion Abilities Clause: Evasion abilities are banned
|rule|Sleep Moves Clause: Sleep-inducing moves are banned
|clearpoke
|poke|p1|Gliscor, F|
|poke|p1|Regieleki|
|poke|p1|Slowking-Galar, M|
|poke|p1|Weavile, M|
|poke|p1|Heatran, M|
|poke|p1|Sinistcha-Masterpiece|
|poke|p2|Pelipper, F|
|poke|p2|Barraskewda, M|
|poke|p2|Goodra, M|
|poke|p2|Ludicolo, F|
|poke|p2|Corviknight, M|
|poke|p2|Clefable, F|
|teampreview
|
|t:|1779642633
|teamsize|p1|6
|teamsize|p2|6
|start
|switch|p1a: Heatran|Heatran, M|100/100
|switch|p2a: Pelipper|Pelipper, F|100/100
|-weather|RainDance|[from] ability: Drizzle|[of] p2a: Pelipper
|turn|1
|inactive|Battle timer is ON: inactive players will automatically lose when time's up. (requested by pokesom765)
|
|t:|1779642649
|move|p1a: Heatran|Stealth Rock|p2a: Pelipper
|-sidestart|p2: pokesom765|move: Stealth Rock
|move|p2a: Pelipper|U-turn|p1a: Heatran
|-resisted|p1a: Heatran
|-damage|p1a: Heatran|99/100
|
|t:|1779642656
|switch|p2a: Barraskewda|Barraskewda, M|100/100|[from] U-turn
|-damage|p2a: Barraskewda|88/100|[from] Stealth Rock
|
|-weather|RainDance|[upkeep]
|-heal|p1a: Heatran|100/100|[from] item: Leftovers
|upkeep
|turn|2
|
|t:|1779642668
|switch|p1a: Sinistcha|Sinistcha-Masterpiece|100/100
|move|p2a: Barraskewda|Flip Turn|p1a: Sinistcha
|-resisted|p1a: Sinistcha
|-damage|p1a: Sinistcha|74/100
|
|t:|1779642673
|switch|p2a: Corviknight|Corviknight, M|100/100|[from] Flip Turn
|-damage|p2a: Corviknight|88/100|[from] Stealth Rock
|-ability|p2a: Corviknight|Pressure
|
|-weather|RainDance|[upkeep]
|upkeep
|turn|3
|
|t:|1779642676
|move|p1a: Sinistcha|Calm Mind|p1a: Sinistcha
|-boost|p1a: Sinistcha|spa|1
|-boost|p1a: Sinistcha|spd|1
|move|p2a: Corviknight|Defog|p1a: Sinistcha
|-unboost|p1a: Sinistcha|evasion|1
|-sideend|p2: pokesom765|Stealth Rock|[from] move: Defog|[of] p2a: Corviknight
|
|-weather|RainDance|[upkeep]
|upkeep
|turn|4
|
|t:|1779642680
|move|p1a: Sinistcha|Strength Sap|p2a: Corviknight
|-unboost|p2a: Corviknight|atk|1
|-heal|p1a: Sinistcha|100/100
|move|p2a: Corviknight|U-turn|p1a: Sinistcha
|-damage|p1a: Sinistcha|94/100
|
|t:|1779642682
|switch|p2a: Goodra|Goodra, M|100/100|[from] U-turn
|
|-weather|RainDance|[upkeep]
|upkeep
|turn|5
|
|t:|1779642693
|switch|p1a: Slowking|Slowking-Galar, M|100/100
|switch|p2a: Ludicolo|Ludicolo, F|100/100
|
|-weather|RainDance|[upkeep]
|upkeep
|turn|6
|
|t:|1779642703
|switch|p2a: Corviknight|Corviknight, M|88/100
|-ability|p2a: Corviknight|Pressure
|move|p1a: Slowking|Sludge Bomb|p2a: Corviknight
|-immune|p2a: Corviknight
|
|-weather|RainDance|[upkeep]
|upkeep
|turn|7
|
|t:|1779642706
|move|p2a: Corviknight|U-turn|p1a: Slowking
|-damage|p1a: Slowking|89/100
|
|t:|1779642709
|switch|p2a: Barraskewda|Barraskewda, M|88/100|[from] U-turn
|-prepare|p1a: Slowking|Chilly Reception|[premajor]
|move|p1a: Slowking|Chilly Reception|p1a: Slowking
|-weather|Snowscape
|
|t:|1779642713
|switch|p1a: Regieleki|Regieleki|100/100|[from] Chilly Reception
|
|-weather|Snowscape|[upkeep]
|upkeep
|turn|8
|
|t:|1779642716
|switch|p2a: Goodra|Goodra, M|100/100
|move|p1a: Regieleki|Volt Switch|p2a: Goodra
|-resisted|p2a: Goodra
|-damage|p2a: Goodra|89/100
|
|t:|1779642719
|switch|p1a: Weavile|Weavile, M|100/100|[from] Volt Switch
|
|-weather|Snowscape|[upkeep]
|upkeep
|turn|9
|
|t:|1779642723
|switch|p2a: Corviknight|Corviknight, M|88/100
|-ability|p2a: Corviknight|Pressure
|move|p1a: Weavile|Triple Axel|p2a: Corviknight
|-damage|p2a: Corviknight|83/100
|-damage|p1a: Weavile|84/100|[from] item: Rocky Helmet|[of] p2a: Corviknight
|-damage|p2a: Corviknight|70/100
|-damage|p1a: Weavile|68/100|[from] item: Rocky Helmet|[of] p2a: Corviknight
|-damage|p2a: Corviknight|53/100
|-damage|p1a: Weavile|51/100|[from] item: Rocky Helmet|[of] p2a: Corviknight
|-hitcount|p2a: Corviknight|3
|
|-weather|Snowscape|[upkeep]
|upkeep
|turn|10
|
|t:|1779642731
|switch|p1a: Slowking|Slowking-Galar, M|100/100
|move|p2a: Corviknight|Roost|p2a: Corviknight
|-heal|p2a: Corviknight|100/100
|-singleturn|p2a: Corviknight|move: Roost
|
|-weather|Snowscape|[upkeep]
|upkeep
|turn|11
|
|t:|1779642734
|move|p2a: Corviknight|U-turn|p1a: Slowking
|-damage|p1a: Slowking|90/100
|
|t:|1779642738
|switch|p2a: Goodra|Goodra, M|89/100|[from] U-turn
|move|p1a: Slowking|Ice Beam|p2a: Goodra
|-supereffective|p2a: Goodra
|-damage|p2a: Goodra|62/100
|
|-weather|none
|upkeep
|turn|12
|
|t:|1779642741
|move|p2a: Goodra|Rain Dance|p2a: Goodra
|-weather|RainDance
|move|p1a: Slowking|Toxic|p2a: Goodra
|-status|p2a: Goodra|tox
|
|-weather|RainDance|[upkeep]
|-activate|p2a: Goodra|ability: Hydration
|-curestatus|p2a: Goodra|tox|[msg]
|upkeep
|turn|13
|
|t:|1779642751
|switch|p2a: Barraskewda|Barraskewda, M|88/100
|-prepare|p1a: Slowking|Chilly Reception|[premajor]
|move|p1a: Slowking|Chilly Reception|p1a: Slowking
|-weather|Snowscape
|
|t:|1779642757
|switch|p1a: Regieleki|Regieleki|100/100|[from] Chilly Reception
|
|-weather|Snowscape|[upkeep]
|upkeep
|turn|14
|
|t:|1779642761
|switch|p2a: Goodra|Goodra, M|62/100
|move|p1a: Regieleki|Electro Ball|p2a: Goodra
|-resisted|p2a: Goodra
|-damage|p2a: Goodra|47/100
|
|-weather|Snowscape|[upkeep]
|upkeep
|turn|15
|
|t:|1779642765
|move|p1a: Regieleki|Volt Switch|p2a: Goodra
|-resisted|p2a: Goodra
|-damage|p2a: Goodra|35/100
|
|t:|1779642770
|switch|p1a: Heatran|Heatran, M|100/100|[from] Volt Switch
|move|p2a: Goodra|Rain Dance|p2a: Goodra
|-weather|RainDance
|
|-weather|RainDance|[upkeep]
|upkeep
|turn|16
|
|t:|1779642773
|move|p1a: Heatran|Stealth Rock|p2a: Goodra
|-sidestart|p2: pokesom765|move: Stealth Rock
|move|p2a: Goodra|Rest|p2a: Goodra
|-status|p2a: Goodra|slp|[from] move: Rest
|-heal|p2a: Goodra|100/100 slp|[silent]
|
|-weather|RainDance|[upkeep]
|-activate|p2a: Goodra|ability: Hydration
|-curestatus|p2a: Goodra|slp|[msg]
|upkeep
|turn|17
|
|t:|1779642780
|switch|p1a: Slowking|Slowking-Galar, M|100/100
|move|p2a: Goodra|Scald|p1a: Slowking
|-damage|p1a: Slowking|75/100
|-status|p1a: Slowking|brn
|
|-weather|RainDance|[upkeep]
|-damage|p1a: Slowking|69/100 brn|[from] brn
|upkeep
|turn|18
|
|t:|1779642787
|move|p2a: Goodra|Scald|p1a: Slowking
|-crit|p1a: Slowking
|-damage|p1a: Slowking|35/100 brn
|-prepare|p1a: Slowking|Chilly Reception|[premajor]
|move|p1a: Slowking|Chilly Reception|p1a: Slowking
|-weather|Snowscape
|
|t:|1779642790
|switch|p1a: Weavile|Weavile, M|51/100|[from] Chilly Reception
|
|-weather|Snowscape|[upkeep]
|upkeep
|turn|19
|
|t:|1779642798
|switch|p2a: Corviknight|Corviknight, M|100/100
|-damage|p2a: Corviknight|88/100|[from] Stealth Rock
|-ability|p2a: Corviknight|Pressure
|move|p1a: Weavile|Knock Off|p2a: Corviknight
|-damage|p2a: Corviknight|61/100
|-damage|p1a: Weavile|35/100|[from] item: Rocky Helmet|[of] p2a: Corviknight
|-enditem|p2a: Corviknight|Rocky Helmet|[from] move: Knock Off|[of] p1a: Weavile
|
|-weather|Snowscape|[upkeep]
|upkeep
|turn|20
|
|t:|1779642806
|switch|p1a: Gliscor|Gliscor, F|100/100
|move|p2a: Corviknight|Roost|p2a: Corviknight
|-heal|p2a: Corviknight|100/100
|-singleturn|p2a: Corviknight|move: Roost
|
|-weather|Snowscape|[upkeep]
|-status|p1a: Gliscor|tox|[from] item: Toxic Orb
|upkeep
|turn|21
|
|t:|1779642810
|move|p1a: Gliscor|U-turn|p2a: Corviknight
|-resisted|p2a: Corviknight
|-damage|p2a: Corviknight|98/100
|
|t:|1779642813
|switch|p1a: Regieleki|Regieleki|100/100|[from] U-turn
|move|p2a: Corviknight|Defog|p1a: Regieleki
|-unboost|p1a: Regieleki|evasion|1
|-sideend|p2: pokesom765|Stealth Rock|[from] move: Defog|[of] p2a: Corviknight
|
|-weather|Snowscape|[upkeep]
|upkeep
|turn|22
|
|t:|1779642815
|switch|p2a: Goodra|Goodra, M|100/100
|move|p1a: Regieleki|Volt Switch|p2a: Goodra
|-resisted|p2a: Goodra
|-damage|p2a: Goodra|89/100
|
|t:|1779642820
|switch|p1a: Weavile|Weavile, M|35/100|[from] Volt Switch
|
|-weather|none
|upkeep
|turn|23
|
|t:|1779642834
|switch|p2a: Corviknight|Corviknight, M|98/100
|-ability|p2a: Corviknight|Pressure
|move|p1a: Weavile|Triple Axel|p2a: Corviknight
|-damage|p2a: Corviknight|92/100
|-damage|p2a: Corviknight|81/100
|-damage|p2a: Corviknight|62/100
|-hitcount|p2a: Corviknight|3
|
|upkeep
|turn|24
|
|t:|1779642839
|switch|p1a: Slowking|Slowking-Galar, M|69/100 brn
|move|p2a: Corviknight|U-turn|p1a: Slowking
|-damage|p1a: Slowking|58/100 brn
|
|t:|1779642846
|switch|p2a: Barraskewda|Barraskewda, M|88/100|[from] U-turn
|
|-damage|p1a: Slowking|52/100 brn|[from] brn
|upkeep
|turn|25
|
|t:|1779642850
|move|p2a: Barraskewda|Liquidation|p1a: Slowking
|-damage|p1a: Slowking|9/100 brn
|-unboost|p1a: Slowking|def|1
|-prepare|p1a: Slowking|Chilly Reception|[premajor]
|move|p1a: Slowking|Chilly Reception|p1a: Slowking
|-weather|Snowscape
|
|t:|1779642857
|switch|p1a: Regieleki|Regieleki|100/100|[from] Chilly Reception
|
|-weather|Snowscape|[upkeep]
|upkeep
|turn|26
|
|t:|1779642861
|switch|p2a: Goodra|Goodra, M|89/100
|move|p1a: Regieleki|Volt Switch|p2a: Goodra
|-resisted|p2a: Goodra
|-crit|p2a: Goodra
|-damage|p2a: Goodra|70/100
|
|t:|1779642863
|switch|p1a: Weavile|Weavile, M|35/100|[from] Volt Switch
|
|-weather|Snowscape|[upkeep]
|upkeep
|turn|27
|
|t:|1779642867
|switch|p2a: Pelipper|Pelipper, F|100/100
|-weather|RainDance|[from] ability: Drizzle|[of] p2a: Pelipper
|move|p1a: Weavile|Triple Axel|p2a: Pelipper
|-damage|p2a: Pelipper|92/100
|-damage|p2a: Pelipper|76/100
|-damage|p2a: Pelipper|52/100
|-hitcount|p2a: Pelipper|3
|
|-weather|RainDance|[upkeep]
|upkeep
|turn|28
|
|t:|1779642877
|switch|p1a: Sinistcha|Sinistcha-Masterpiece|94/100
|move|p2a: Pelipper|Roost|p2a: Pelipper
|-heal|p2a: Pelipper|100/100
|-singleturn|p2a: Pelipper|move: Roost
|
|-weather|RainDance|[upkeep]
|upkeep
|turn|29
|
|t:|1779642881
|move|p1a: Sinistcha|Matcha Gotcha|p2a: Pelipper
|-damage|p2a: Pelipper|54/100
|-heal|p1a: Sinistcha|100/100|[from] drain|[of] p2a: Pelipper
|move|p2a: Pelipper|Hurricane|p1a: Sinistcha
|-supereffective|p1a: Sinistcha
|-damage|p1a: Sinistcha|20/100
|
|-weather|RainDance|[upkeep]
|upkeep
|turn|30
|
|t:|1779642897
|move|p1a: Sinistcha|Matcha Gotcha|p2a: Pelipper
|-damage|p2a: Pelipper|4/100
|-heal|p1a: Sinistcha|43/100|[from] drain|[of] p2a: Pelipper
|-status|p2a: Pelipper|brn
|move|p2a: Pelipper|U-turn|p1a: Sinistcha
|-damage|p1a: Sinistcha|40/100
|
|t:|1779642900
|switch|p2a: Barraskewda|Barraskewda, M|88/100|[from] U-turn
|
|-weather|RainDance|[upkeep]
|upkeep
|turn|31
|
|t:|1779642907
|-terastallize|p2a: Barraskewda|Water
|move|p2a: Barraskewda|Liquidation|p1a: Sinistcha
|-resisted|p1a: Sinistcha
|-damage|p1a: Sinistcha|0 fnt
|faint|p1a: Sinistcha
|
|-weather|RainDance|[upkeep]
|upkeep
|
|t:|1779642916
|switch|p1a: Gliscor|Gliscor, F|100/100 tox
|turn|32
|
|t:|1779642925
|switch|p2a: Ludicolo|Ludicolo, F|100/100
|-terastallize|p1a: Gliscor|Water
|move|p1a: Gliscor|Knock Off|p2a: Ludicolo
|-damage|p2a: Ludicolo|66/100
|-enditem|p2a: Ludicolo|Life Orb|[from] move: Knock Off|[of] p1a: Gliscor
|
|-weather|RainDance|[upkeep]
|upkeep
|turn|33
|
|t:|1779642930
|move|p2a: Ludicolo|Giga Drain|p1a: Gliscor
|-supereffective|p1a: Gliscor
|-damage|p1a: Gliscor|47/100 tox
|-heal|p2a: Ludicolo|98/100|[from] drain|[of] p1a: Gliscor
|move|p1a: Gliscor|U-turn|p2a: Ludicolo
|-supereffective|p2a: Ludicolo
|-crit|p2a: Ludicolo
|-damage|p2a: Ludicolo|22/100
|
|t:|1779642933
|switch|p1a: Weavile|Weavile, M|35/100|[from] U-turn
|
|-weather|RainDance|[upkeep]
|upkeep
|turn|34
|
|t:|1779642945
|switch|p2a: Barraskewda|Barraskewda, M, tera:Water|88/100
|move|p1a: Weavile|Ice Shard|p2a: Barraskewda
|-resisted|p2a: Barraskewda
|-crit|p2a: Barraskewda
|-damage|p2a: Barraskewda|56/100
|
|-weather|none
|upkeep
|turn|35
|
|t:|1779642955
|switch|p1a: Gliscor|Gliscor, F, tera:Water|47/100 tox
|move|p2a: Barraskewda|Flip Turn|p1a: Gliscor
|-resisted|p1a: Gliscor
|-damage|p1a: Gliscor|21/100 tox
|
|t:|1779642961
|switch|p2a: Ludicolo|Ludicolo, F|22/100|[from] Flip Turn
|
|-heal|p1a: Gliscor|34/100 tox|[from] ability: Poison Heal
|upkeep
|turn|36
|
|t:|1779642968
|move|p1a: Gliscor|Protect|p1a: Gliscor
|-singleturn|p1a: Gliscor|Protect
|move|p2a: Ludicolo|Giga Drain|p1a: Gliscor
|-activate|p1a: Gliscor|move: Protect
|
|-heal|p1a: Gliscor|46/100 tox|[from] ability: Poison Heal
|upkeep
|turn|37
|
|t:|1779642972
|switch|p1a: Slowking|Slowking-Galar, M|42/100 brn
|move|p2a: Ludicolo|Giga Drain|p1a: Slowking
|-resisted|p1a: Slowking
|-damage|p1a: Slowking|30/100 brn
|-heal|p2a: Ludicolo|30/100|[from] drain|[of] p1a: Slowking
|
|-damage|p1a: Slowking|24/100 brn|[from] brn
|upkeep
|turn|38
|
|t:|1779642976
|switch|p2a: Pelipper|Pelipper, F|4/100 brn
|-weather|RainDance|[from] ability: Drizzle|[of] p2a: Pelipper
|switch|p1a: Gliscor|Gliscor, F, tera:Water|46/100 tox
|
|-weather|RainDance|[upkeep]
|-heal|p1a: Gliscor|59/100 tox|[from] ability: Poison Heal
|-damage|p2a: Pelipper|0 fnt|[from] brn
|faint|p2a: Pelipper
|upkeep
|
|t:|1779642980
|switch|p2a: Barraskewda|Barraskewda, M, tera:Water|56/100
|turn|39
|
|t:|1779642987
|move|p1a: Gliscor|Protect|p1a: Gliscor
|-singleturn|p1a: Gliscor|Protect
|move|p2a: Barraskewda|Flip Turn|p1a: Gliscor
|-activate|p1a: Gliscor|move: Protect
|
|-weather|RainDance|[upkeep]
|-heal|p1a: Gliscor|71/100 tox|[from] ability: Poison Heal
|upkeep
|turn|40
|
|t:|1779642989
|move|p2a: Barraskewda|Flip Turn|p1a: Gliscor
|-resisted|p1a: Gliscor
|-damage|p1a: Gliscor|38/100 tox
|
|t:|1779642995
|switch|p2a: Corviknight|Corviknight, M|62/100|[from] Flip Turn
|-ability|p2a: Corviknight|Pressure
|move|p1a: Gliscor|Spikes|p2a: Corviknight
|-sidestart|p2: pokesom765|Spikes
|
|-weather|RainDance|[upkeep]
|-heal|p1a: Gliscor|50/100 tox|[from] ability: Poison Heal
|upkeep
|turn|41
|
|t:|1779643004
|switch|p1a: Slowking|Slowking-Galar, M|57/100 brn
|move|p2a: Corviknight|Roost|p2a: Corviknight
|-heal|p2a: Corviknight|100/100
|-singleturn|p2a: Corviknight|move: Roost
|
|-weather|RainDance|[upkeep]
|-damage|p1a: Slowking|51/100 brn|[from] brn
|upkeep
|turn|42
|
|t:|1779643008
|move|p2a: Corviknight|Defog|p1a: Slowking
|-unboost|p1a: Slowking|evasion|1
|-sideend|p2: pokesom765|Spikes|[from] move: Defog|[of] p2a: Corviknight
|-prepare|p1a: Slowking|Chilly Reception|[premajor]
|move|p1a: Slowking|Chilly Reception|p1a: Slowking
|-weather|Snowscape
|
|t:|1779643011
|switch|p1a: Regieleki|Regieleki|100/100|[from] Chilly Reception
|
|-weather|Snowscape|[upkeep]
|upkeep
|turn|43
|
|t:|1779643014
|switch|p2a: Goodra|Goodra, M|70/100
|move|p1a: Regieleki|Volt Switch|p2a: Goodra
|-resisted|p2a: Goodra
|-damage|p2a: Goodra|58/100
|
|t:|1779643016
|switch|p1a: Weavile|Weavile, M|35/100|[from] Volt Switch
|
|-weather|Snowscape|[upkeep]
|upkeep
|turn|44
|
|t:|1779643021
|switch|p2a: Corviknight|Corviknight, M|100/100
|-ability|p2a: Corviknight|Pressure
|move|p1a: Weavile|Triple Axel|p2a: Corviknight|[miss]
|-miss|p1a: Weavile|p2a: Corviknight
|
|-weather|Snowscape|[upkeep]
|upkeep
|turn|45
|
|t:|1779643023
|switch|p1a: Heatran|Heatran, M|100/100
|move|p2a: Corviknight|U-turn|p1a: Heatran
|-resisted|p1a: Heatran
|-damage|p1a: Heatran|98/100
|
|t:|1779643027
|switch|p2a: Barraskewda|Barraskewda, M, tera:Water|56/100|[from] U-turn
|
|-weather|Snowscape|[upkeep]
|-heal|p1a: Heatran|100/100|[from] item: Leftovers
|upkeep
|turn|46
|
|t:|1779643042
|move|p2a: Barraskewda|Flip Turn|p1a: Heatran
|-supereffective|p1a: Heatran
|-damage|p1a: Heatran|19/100
|
|t:|1779643045
|switch|p2a: Goodra|Goodra, M|58/100|[from] Flip Turn
|move|p1a: Heatran|Earth Power|p2a: Goodra
|-damage|p2a: Goodra|42/100
|
|-weather|none
|-heal|p1a: Heatran|26/100|[from] item: Leftovers
|upkeep
|turn|47
|
|t:|1779643049
|move|p1a: Heatran|Stealth Rock|p2a: Goodra
|-sidestart|p2: pokesom765|move: Stealth Rock
|move|p2a: Goodra|Rain Dance|p2a: Goodra
|-weather|RainDance
|
|-weather|RainDance|[upkeep]
|-heal|p1a: Heatran|32/100|[from] item: Leftovers
|upkeep
|turn|48
|
|t:|1779643055
|switch|p1a: Slowking|Slowking-Galar, M|85/100 brn
|move|p2a: Goodra|Rest|p2a: Goodra
|-status|p2a: Goodra|slp|[from] move: Rest
|-heal|p2a: Goodra|100/100 slp|[silent]
|
|-weather|RainDance|[upkeep]
|-activate|p2a: Goodra|ability: Hydration
|-curestatus|p2a: Goodra|slp|[msg]
|-damage|p1a: Slowking|79/100 brn|[from] brn
|upkeep
|turn|49
|
|t:|1779643059
|switch|p2a: Corviknight|Corviknight, M|100/100
|-damage|p2a: Corviknight|88/100|[from] Stealth Rock
|-ability|p2a: Corviknight|Pressure
|-prepare|p1a: Slowking|Chilly Reception|[premajor]
|move|p1a: Slowking|Chilly Reception|p1a: Slowking
|-weather|Snowscape
|
|t:|1779643064
|switch|p1a: Heatran|Heatran, M|32/100|[from] Chilly Reception
|
|-weather|Snowscape|[upkeep]
|-heal|p1a: Heatran|38/100|[from] item: Leftovers
|upkeep
|turn|50
|
|t:|1779643068
|move|p1a: Heatran|Lava Plume|p2a: Corviknight
|-supereffective|p2a: Corviknight
|-damage|p2a: Corviknight|22/100
|-status|p2a: Corviknight|brn
|move|p2a: Corviknight|Body Press|p1a: Heatran
|-supereffective|p1a: Heatran
|-damage|p1a: Heatran|21/100
|
|-weather|Snowscape|[upkeep]
|-heal|p1a: Heatran|27/100|[from] item: Leftovers
|-damage|p2a: Corviknight|16/100 brn|[from] brn
|upkeep
|turn|51
|-message|pokesom765 forfeited.
|
|win|jabottle
|raw|jabottle's rating: 1390 &rarr; <strong>1409</strong><br />(+19 for winning)
|raw|pokesom765's rating: 1364 &rarr; <strong>1345</strong><br />(-19 for losing)
|l|☆pokesom765
|player|p2|
|l|☆jabottle
|player|p1|
