|j|☆vkasb
|j|☆WillowHasDumb
|t:|1779673296
|gametype|singles
|player|p1|vkasb|101|1192
|player|p2|WillowHasDumb|miku-flying|1246
|gen|9
|tier|[Gen 9] OU
|rated|
|rule|HP Percentage Mod: HP is shown in percentages
|rule|Endless Battle Clause: Forcing endless battles is banned
|rule|Species Clause: Limit one of each Pokémon
|rule|OHKO Clause: OHKO moves are banned
|rule|Evasion Items Clause: Evasion items are banned
|rule|Evasion Moves Clause: Evasion moves are banned
|rule|Evasion Abilities Clause: Evasion abilities are banned
|rule|Sleep Moves Clause: Sleep-inducing moves are banned
|clearpoke
|poke|p1|Ninetales-Alola, M|
|poke|p1|Avalugg, M|
|poke|p1|Rotom-Frost|
|poke|p1|Regice|
|poke|p1|Cloyster, M|
|poke|p1|Weavile, M|
|poke|p2|Pelipper, M|
|poke|p2|Ogerpon-Wellspring, F|
|poke|p2|Primarina, M|
|poke|p2|Rotom-Wash|
|poke|p2|Barraskewda, M|
|poke|p2|Politoed, F|
|teampreview
|c|☆WillowHasDumb|glhf!
|
|t:|1779673308
|teamsize|p1|6
|teamsize|p2|6
|start
|switch|p1a: Ninetales|Ninetales-Alola, M|100/100
|switch|p2a: Pelipper|Pelipper, M|100/100
|-weather|Snowscape|[from] ability: Snow Warning|[of] p1a: Ninetales
|-weather|RainDance|[from] ability: Drizzle|[of] p2a: Pelipper
|turn|1
|
|t:|1779673316
|switch|p2a: Rotom|Rotom-Wash|100/100
|move|p1a: Ninetales|Freeze-Dry|p2a: Rotom
|-supereffective|p2a: Rotom
|-damage|p2a: Rotom|23/100
|
|-weather|RainDance|[upkeep]
|upkeep
|turn|2
|
|t:|1779673325
|move|p2a: Rotom|Thunder|p1a: Ninetales
|-damage|p1a: Ninetales|33/100
|move|p1a: Ninetales|Freeze-Dry|p2a: Rotom
|-supereffective|p2a: Rotom
|-damage|p2a: Rotom|0 fnt
|faint|p2a: Rotom
|
|-weather|RainDance|[upkeep]
|upkeep
|
|t:|1779673332
|switch|p2a: Barraskewda|Barraskewda, M|100/100
|turn|3
|
|t:|1779673337
|switch|p1a: Avalugg|Avalugg, M|100/100
|move|p2a: Barraskewda|Waterfall|p1a: Avalugg
|-damage|p1a: Avalugg|59/100
|
|-weather|RainDance|[upkeep]
|upkeep
|turn|4
|
|t:|1779673345
|-terastallize|p2a: Barraskewda|Water
|move|p2a: Barraskewda|Waterfall|p1a: Avalugg
|-damage|p1a: Avalugg|8/100
|move|p1a: Avalugg|Recover|p1a: Avalugg
|-heal|p1a: Avalugg|58/100
|
|-weather|RainDance|[upkeep]
|upkeep
|turn|5
|
|t:|1779673355
|-terastallize|p1a: Avalugg|Fighting
|move|p2a: Barraskewda|Waterfall|p1a: Avalugg
|-damage|p1a: Avalugg|3/100
|move|p1a: Avalugg|Body Press|p2a: Barraskewda
|-damage|p2a: Barraskewda|0 fnt
|faint|p2a: Barraskewda
|
|-weather|RainDance|[upkeep]
|upkeep
|
|t:|1779673367
|switch|p2a: Ogerpon|Ogerpon-Wellspring, F|100/100
|turn|6
|
|t:|1779673370
|move|p2a: Ogerpon|Ivy Cudgel|p1a: Avalugg|[anim] Ivy Cudgel Water
|-damage|p1a: Avalugg|0 fnt
|faint|p1a: Avalugg
|
|-weather|RainDance|[upkeep]
|upkeep
|
|t:|1779673389
|switch|p1a: Ninetales|Ninetales-Alola, M|33/100
|-weather|Snowscape|[from] ability: Snow Warning|[of] p1a: Ninetales
|turn|7
|
|t:|1779673409
|move|p2a: Ogerpon|Ivy Cudgel|p1a: Ninetales|[anim] Ivy Cudgel Water
|-damage|p1a: Ninetales|0 fnt
|faint|p1a: Ninetales
|
|-weather|Snowscape|[upkeep]
|upkeep
|
|t:|1779673471
|switch|p1a: Weavile|Weavile, M|100/100
|-ability|p1a: Weavile|Pressure
|turn|8
|
|t:|1779673481
|move|p2a: Ogerpon|Spiky Shield|p2a: Ogerpon
|-singleturn|p2a: Ogerpon|move: Protect
|move|p1a: Weavile|Knock Off|p2a: Ogerpon
|-activate|p2a: Ogerpon|move: Protect
|-damage|p1a: Weavile|88/100|[from] Spiky Shield|[of] p2a: Ogerpon
|
|-weather|Snowscape|[upkeep]
|upkeep
|turn|9
|
|t:|1779673490
|switch|p2a: Pelipper|Pelipper, M|100/100
|-weather|RainDance|[from] ability: Drizzle|[of] p2a: Pelipper
|move|p1a: Weavile|Knock Off|p2a: Pelipper
|-damage|p2a: Pelipper|45/100
|-enditem|p2a: Pelipper|Damp Rock|[from] move: Knock Off|[of] p1a: Weavile
|
|-weather|RainDance|[upkeep]
|upkeep
|turn|10
|
|t:|1779673499
|move|p1a: Weavile|Swords Dance|p1a: Weavile
|-boost|p1a: Weavile|atk|2
|move|p2a: Pelipper|U-turn|p1a: Weavile
|-supereffective|p1a: Weavile
|-damage|p1a: Weavile|57/100
|
|t:|1779673505
|switch|p2a: Primarina|Primarina, M|100/100|[from] U-turn
|
|-weather|RainDance|[upkeep]
|upkeep
|turn|11
|
|t:|1779673512
|move|p1a: Weavile|Knock Off|p2a: Primarina
|-resisted|p2a: Primarina
|-damage|p2a: Primarina|54/100
|-enditem|p2a: Primarina|Leftovers|[from] move: Knock Off|[of] p1a: Weavile
|move|p2a: Primarina|Draining Kiss|p1a: Weavile
|-supereffective|p1a: Weavile
|-damage|p1a: Weavile|0 fnt
|-heal|p2a: Primarina|87/100|[from] drain|[of] p1a: Weavile
|faint|p1a: Weavile
|
|-weather|RainDance|[upkeep]
|upkeep
|
|t:|1779673521
|switch|p1a: Rotom|Rotom-Frost|100/100
|turn|12
|
|t:|1779673526
|switch|p2a: Pelipper|Pelipper, M|45/100
|move|p1a: Rotom|Thunderbolt|p2a: Pelipper
|-supereffective|p2a: Pelipper
|-damage|p2a: Pelipper|0 fnt
|faint|p2a: Pelipper
|
|-weather|RainDance|[upkeep]
|upkeep
|
|t:|1779673529
|switch|p2a: Ogerpon|Ogerpon-Wellspring, F|100/100
|turn|13
|
|t:|1779673545
|switch|p1a: Cloyster|Cloyster, M|100/100
|move|p2a: Ogerpon|Knock Off|p1a: Cloyster
|-damage|p1a: Cloyster|68/100
|-enditem|p1a: Cloyster|White Herb|[from] move: Knock Off|[of] p2a: Ogerpon
|
|-weather|RainDance|[upkeep]
|upkeep
|turn|14
|
|t:|1779673552
|move|p1a: Cloyster|Ice Shard|p2a: Ogerpon
|-damage|p2a: Ogerpon|79/100
|move|p2a: Ogerpon|Horn Leech|p1a: Cloyster
|-supereffective|p1a: Cloyster
|-damage|p1a: Cloyster|0 fnt
|-heal|p2a: Ogerpon|100/100|[from] drain|[of] p1a: Cloyster
|faint|p1a: Cloyster
|
|-weather|RainDance|[upkeep]
|upkeep
|
|t:|1779673561
|switch|p1a: Regice|Regice|100/100
|turn|15
|
|t:|1779673579
|move|p2a: Ogerpon|Knock Off|p1a: Regice
|-damage|p1a: Regice|63/100
|-enditem|p1a: Regice|Heavy-Duty Boots|[from] move: Knock Off|[of] p2a: Ogerpon
|move|p1a: Regice|Ice Beam|p2a: Ogerpon
|-damage|p2a: Ogerpon|63/100
|-status|p2a: Ogerpon|frz
|
|-weather|RainDance|[upkeep]
|upkeep
|turn|16
|
|t:|1779673595
|switch|p1a: Rotom|Rotom-Frost|100/100
|cant|p2a: Ogerpon|frz
|
|-weather|none
|upkeep
|turn|17
|
|t:|1779673602
|switch|p2a: Politoed|Politoed, F|100/100
|-weather|RainDance|[from] ability: Drizzle|[of] p2a: Politoed
|move|p1a: Rotom|Thunderbolt|p2a: Politoed
|-supereffective|p2a: Politoed
|-damage|p2a: Politoed|26/100
|
|-weather|RainDance|[upkeep]
|upkeep
|turn|18
|
|t:|1779673609
|move|p1a: Rotom|Thunderbolt|p2a: Politoed
|-supereffective|p2a: Politoed
|-damage|p2a: Politoed|0 fnt
|faint|p2a: Politoed
|
|-weather|RainDance|[upkeep]
|upkeep
|
|t:|1779673616
|switch|p2a: Ogerpon|Ogerpon-Wellspring, F|63/100 frz
|turn|19
|
|t:|1779673618
|cant|p2a: Ogerpon|frz
|move|p1a: Rotom|Thunderbolt|p2a: Ogerpon
|-damage|p2a: Ogerpon|18/100 frz
|
|-weather|RainDance|[upkeep]
|upkeep
|turn|20
|
|t:|1779673623
|-curestatus|p2a: Ogerpon|frz|[msg]
|move|p2a: Ogerpon|Spiky Shield|p2a: Ogerpon
|-singleturn|p2a: Ogerpon|move: Protect
|move|p1a: Rotom|Thunderbolt|p2a: Ogerpon
|-activate|p2a: Ogerpon|move: Protect
|
|-weather|RainDance|[upkeep]
|upkeep
|turn|21
|
|t:|1779673632
|switch|p1a: Regice|Regice|63/100
|move|p2a: Ogerpon|Ivy Cudgel|p1a: Regice|[anim] Ivy Cudgel Water
|-damage|p1a: Regice|0 fnt
|faint|p1a: Regice
|
|-weather|none
|upkeep
|
|t:|1779673639
|switch|p1a: Rotom|Rotom-Frost|100/100
|turn|22
|
|t:|1779673643
|move|p1a: Rotom|Thunderbolt|p2a: Ogerpon
|-damage|p2a: Ogerpon|0 fnt
|faint|p2a: Ogerpon
|
|upkeep
|
|t:|1779673655
|switch|p2a: Primarina|Primarina, M|87/100
|turn|23
|
|t:|1779673659
|move|p1a: Rotom|Thunderbolt|p2a: Primarina
|-supereffective|p2a: Primarina
|-damage|p2a: Primarina|25/100
|move|p2a: Primarina|Draining Kiss|p1a: Rotom
|-damage|p1a: Rotom|69/100
|-heal|p2a: Primarina|41/100|[from] drain|[of] p1a: Rotom
|
|upkeep
|turn|24
|
|t:|1779673665
|move|p1a: Rotom|Thunderbolt|p2a: Primarina
|-supereffective|p2a: Primarina
|-damage|p2a: Primarina|0 fnt
|faint|p2a: Primarina
|
|win|vkasb
|raw|vkasb's rating: 1192 &rarr; <strong>1221</strong><br />(+29 for winning)
|raw|WillowHasDumb's rating: 1246 &rarr; <strong>1217</strong><br />(-29 for losing)
|l|☆vkasb
|player|p1|
|c|☆WillowHasDumb|ggwp!
|l|☆WillowHasDumb
|player|p2|
