|j|☆harrolux
|j|☆PowPowP0WER
|t:|1779722771
|gametype|singles
|player|p1|harrolux|steven|1481
|player|p2|PowPowP0WER|pokemonbreederf-gen4|1533
|gen|9
|tier|[Gen 9] OU
|rated|
|rule|HP Percentage Mod: HP is shown in percentages
|rule|Endless Battle Clause: Forcing endless battles is banned
|rule|Species Clause: Limit one of each Pokémon
|rule|OHKO Clause: OHKO moves are banned
|rule|Evasion Items Clause: Evasion items are banned
|rule|Evasion Moves Clause: Evasion moves are banned
|rule|Evasion Abilities Clause: Evasion abilities are banned
|rule|Sleep Moves Clause: Sleep-inducing moves are banned
|clearpoke
|poke|p1|Zamazenta-*|
|poke|p1|Mimikyu, F|
|poke|p1|Rotom-Wash|
|poke|p1|Kyurem|
|poke|p1|Araquanid, F|
|poke|p1|Hoopa-Unbound|
|poke|p2|Rillaboom, M|
|poke|p2|Incineroar, M|
|poke|p2|Hawlucha, M|
|poke|p2|Iron Hands|
|poke|p2|Hoopa-Unbound|
|poke|p2|Quaquaval, M|
|teampreview
|
|t:|1779722779
|teamsize|p1|6
|teamsize|p2|6
|start
|switch|p1a: Red Hood|Rotom-Wash, shiny|100/100
|switch|p2a: Rillaboom|Rillaboom, M|100/100
|-fieldstart|move: Grassy Terrain|[from] ability: Grassy Surge|[of] p2a: Rillaboom
|turn|1
|
|t:|1779722799
|-terastallize|p2a: Rillaboom|Grass
|-terastallize|p1a: Red Hood|Electric
|move|p2a: Rillaboom|Grassy Glide|p1a: Red Hood
|-damage|p1a: Red Hood|22/100
|move|p1a: Red Hood|Will-O-Wisp|p2a: Rillaboom|[miss]
|-miss|p1a: Red Hood|p2a: Rillaboom
|
|-heal|p1a: Red Hood|28/100|[from] item: Leftovers
|upkeep
|turn|2
|c|☆PowPowP0WER|Lol mb
|
|t:|1779722815
|move|p2a: Rillaboom|Grassy Glide|p1a: Red Hood
|-crit|p1a: Red Hood
|-damage|p1a: Red Hood|0 fnt
|faint|p1a: Red Hood
|
|upkeep
|
|t:|1779722835
|switch|p1a: Raven|Mimikyu, F, shiny|100/100
|turn|3
|c|☆harrolux|not your fault lol
|
|t:|1779722843
|switch|p2a: Incineroar|Incineroar, M|100/100
|-ability|p2a: Incineroar|Intimidate|boost
|-unboost|p1a: Raven|atk|1
|move|p1a: Raven|Play Rough|p2a: Incineroar
|-damage|p2a: Incineroar|77/100
|-damage|p1a: Raven|91/100|[from] item: Life Orb
|
|-heal|p1a: Raven|97/100|[from] Grassy Terrain
|-heal|p2a: Incineroar|83/100|[from] Grassy Terrain
|-heal|p2a: Incineroar|90/100|[from] item: Leftovers
|upkeep
|turn|4
|
|t:|1779722854
|move|p1a: Raven|Thunder Wave|p2a: Incineroar
|-status|p2a: Incineroar|par
|move|p2a: Incineroar|Will-O-Wisp|p1a: Raven
|-status|p1a: Raven|brn
|
|-heal|p1a: Raven|100/100 brn|[from] Grassy Terrain
|-heal|p2a: Incineroar|96/100 par|[from] Grassy Terrain
|-heal|p2a: Incineroar|100/100 par|[from] item: Leftovers
|-damage|p1a: Raven|95/100 brn|[from] brn
|upkeep
|turn|5
|
|t:|1779722864
|switch|p1a: Peter Parker|Araquanid, F|100/100
|move|p2a: Incineroar|Parting Shot|p1a: Peter Parker
|-unboost|p1a: Peter Parker|atk|1
|-unboost|p1a: Peter Parker|spa|1
|
|t:|1779722867
|switch|p2a: Rillaboom|Rillaboom, M, tera:Grass|100/100|[from] Parting Shot
|
|-fieldend|move: Grassy Terrain
|upkeep
|turn|6
|
|t:|1779722873
|move|p2a: Rillaboom|Wood Hammer|p1a: Peter Parker
|-damage|p1a: Peter Parker|0 fnt
|faint|p1a: Peter Parker
|-damage|p2a: Rillaboom|75/100|[from] Recoil
|
|upkeep
|
|t:|1779722884
|switch|p1a: Hawk|Kyurem, shiny|100/100
|-ability|p1a: Hawk|Pressure
|turn|7
|
|t:|1779722895
|switch|p2a: Hoopa|Hoopa-Unbound|100/100
|move|p1a: Hawk|Freeze-Dry|p2a: Hoopa
|-damage|p2a: Hoopa|83/100
|
|upkeep
|turn|8
|
|t:|1779722902
|switch|p1a: Raven|Mimikyu, F, shiny|95/100 brn
|move|p2a: Hoopa|Psychic Noise|p1a: Raven
|-activate|p1a: Raven|ability: Disguise
|-damage|p1a: Raven|95/100 brn
|-start|p1a: Raven|move: Heal Block
|detailschange|p1a: Raven|Mimikyu-Busted, F, shiny
|-damage|p1a: Raven|82/100 brn|[from] pokemon: Mimikyu-Busted
|
|-damage|p1a: Raven|76/100 brn|[from] brn
|upkeep
|turn|9
|
|t:|1779722914
|switch|p2a: Incineroar|Incineroar, M|100/100 par
|-ability|p2a: Incineroar|Intimidate|boost
|-unboost|p1a: Raven|atk|1
|move|p1a: Raven|Play Rough|p2a: Incineroar
|-damage|p2a: Incineroar|88/100 par
|-damage|p1a: Raven|66/100 brn|[from] item: Life Orb
|
|-heal|p2a: Incineroar|94/100 par|[from] item: Leftovers
|-damage|p1a: Raven|60/100 brn|[from] brn
|-end|p1a: Raven|move: Heal Block
|upkeep
|turn|10
|
|t:|1779722928
|move|p1a: Raven|Drain Punch|p2a: Incineroar
|-supereffective|p2a: Incineroar
|-damage|p2a: Incineroar|82/100 par
|-heal|p1a: Raven|70/100 brn|[from] drain|[of] p2a: Incineroar
|-damage|p1a: Raven|60/100 brn|[from] item: Life Orb
|move|p2a: Incineroar|Flare Blitz|p1a: Raven
|-damage|p1a: Raven|0 fnt
|faint|p1a: Raven
|-damage|p2a: Incineroar|69/100 par|[from] Recoil
|
|-heal|p2a: Incineroar|75/100 par|[from] item: Leftovers
|upkeep
|
|t:|1779722942
|switch|p1a: Hawk|Kyurem, shiny|100/100
|-ability|p1a: Hawk|Pressure
|turn|11
|
|t:|1779722947
|move|p1a: Hawk|Earth Power|p2a: Incineroar
|-supereffective|p2a: Incineroar
|-damage|p2a: Incineroar|14/100 par
|move|p2a: Incineroar|Parting Shot|p1a: Hawk
|-unboost|p1a: Hawk|atk|1
|-unboost|p1a: Hawk|spa|1
|
|t:|1779722950
|switch|p2a: Hoopa|Hoopa-Unbound|83/100|[from] Parting Shot
|
|upkeep
|turn|12
|
|t:|1779722959
|move|p1a: Hawk|Ice Beam|p2a: Hoopa
|-damage|p2a: Hoopa|66/100
|move|p2a: Hoopa|Drain Punch|p1a: Hawk
|-supereffective|p1a: Hawk
|-damage|p1a: Hawk|63/100
|-heal|p2a: Hoopa|86/100|[from] drain|[of] p1a: Hawk
|
|upkeep
|turn|13
|
|t:|1779722973
|switch|p1a: Deathstroke|Hoopa-Unbound|100/100
|move|p2a: Hoopa|Dark Pulse|p1a: Deathstroke
|-damage|p1a: Deathstroke|56/100
|
|upkeep
|turn|14
|
|t:|1779722984
|switch|p1a: Nightwing|Zamazenta|100/100
|-ability|p1a: Nightwing|Dauntless Shield|boost
|-boost|p1a: Nightwing|def|1
|switch|p2a: Incineroar|Incineroar, M|14/100 par
|-ability|p2a: Incineroar|Intimidate|boost
|-unboost|p1a: Nightwing|atk|1
|
|-heal|p2a: Incineroar|21/100 par|[from] item: Leftovers
|upkeep
|turn|15
|
|t:|1779722993
|move|p1a: Nightwing|Body Press|p2a: Incineroar
|-supereffective|p2a: Incineroar
|-damage|p2a: Incineroar|0 fnt
|faint|p2a: Incineroar
|
|upkeep
|
|t:|1779723004
|switch|p2a: Rillaboom|Rillaboom, M, tera:Grass|75/100
|-fieldstart|move: Grassy Terrain|[from] ability: Grassy Surge|[of] p2a: Rillaboom
|turn|16
|
|t:|1779723009
|move|p1a: Nightwing|Body Press|p2a: Rillaboom
|-damage|p2a: Rillaboom|22/100
|move|p2a: Rillaboom|U-turn|p1a: Nightwing
|-resisted|p1a: Nightwing
|-damage|p1a: Nightwing|89/100
|
|t:|1779723020
|switch|p2a: Hawlucha|Hawlucha, M|100/100|[from] U-turn
|-enditem|p2a: Hawlucha|Grassy Seed
|-boost|p2a: Hawlucha|def|1|[from] item: Grassy Seed
|
|-heal|p1a: Nightwing|95/100|[from] Grassy Terrain
|upkeep
|turn|17
|
|t:|1779723042
|move|p2a: Hawlucha|Swords Dance|p2a: Hawlucha
|-boost|p2a: Hawlucha|atk|2
|move|p1a: Nightwing|Heavy Slam|p2a: Hawlucha
|-crit|p2a: Hawlucha
|-damage|p2a: Hawlucha|14/100
|
|-heal|p1a: Nightwing|100/100|[from] Grassy Terrain
|upkeep
|turn|18
|
|t:|1779723053
|move|p2a: Hawlucha|Acrobatics|p1a: Nightwing
|-supereffective|p1a: Nightwing
|-damage|p1a: Nightwing|0 fnt
|faint|p1a: Nightwing
|
|upkeep
|
|t:|1779723058
|switch|p1a: Hawk|Kyurem, shiny|63/100
|-ability|p1a: Hawk|Pressure
|turn|19
|
|t:|1779723064
|move|p2a: Hawlucha|Acrobatics|p1a: Hawk
|-damage|p1a: Hawk|0 fnt
|faint|p1a: Hawk
|
|upkeep
|
|t:|1779723068
|switch|p1a: Deathstroke|Hoopa-Unbound|56/100
|turn|20
|
|t:|1779723071
|move|p2a: Hawlucha|Acrobatics|p1a: Deathstroke
|-damage|p1a: Deathstroke|0 fnt
|faint|p1a: Deathstroke
|
|win|PowPowP0WER
|raw|harrolux's rating: 1481 &rarr; <strong>1464</strong><br />(-17 for losing)
|raw|PowPowP0WER's rating: 1533 &rarr; <strong>1550</strong><br />(+17 for winning)
|l|☆harrolux
|player|p1|
|l|☆PowPowP0WER
|player|p2|
