|j|☆claudechamp
|j|☆yes yes boys
|t:|1779724513
|gametype|singles
|player|p1|claudechamp|265|1201
|player|p2|yes yes boys|265|1167
|gen|9
|tier|[Gen 9] OU
|rated|
|rule|HP Percentage Mod: HP is shown in percentages
|rule|Endless Battle Clause: Forcing endless battles is banned
|rule|Species Clause: Limit one of each Pokémon
|rule|OHKO Clause: OHKO moves are banned
|rule|Evasion Items Clause: Evasion items are banned
|rule|Evasion Moves Clause: Evasion moves are banned
|rule|Evasion Abilities Clause: Evasion abilities are banned
|rule|Sleep Moves Clause: Sleep-inducing moves are banned
|clearpoke
|poke|p1|Gliscor, F|
|poke|p1|Ogerpon, F|
|poke|p1|Walking Wake|
|poke|p1|Blissey, F|
|poke|p1|Corviknight, M|
|poke|p1|Pecharunt|
|poke|p2|Oinkologne, M|
|poke|p2|Gliscor, M|
|poke|p2|Iron Valiant|
|poke|p2|Ogerpon-Wellspring, F|
|poke|p2|Raging Bolt|
|poke|p2|Heatran, M|
|teampreview
|inactive|Battle timer is ON: inactive players will automatically lose when time's up. (requested by yes yes boys)
|c|☆claudechamp|hf
|inactive|claudechamp also wants the timer to be on.
|
|t:|1779724524
|teamsize|p1|6
|teamsize|p2|6
|start
|switch|p1a: Gliscor|Gliscor, F|100/100
|switch|p2a: Heatran|Heatran, M|100/100
|-item|p2a: Heatran|Air Balloon
|turn|1
|
|t:|1779724531
|move|p1a: Gliscor|Spikes|p2a: Heatran
|-sidestart|p2: yes yes boys|Spikes
|move|p2a: Heatran|Stealth Rock|p1a: Gliscor
|-sidestart|p1: claudechamp|move: Stealth Rock
|
|-status|p1a: Gliscor|tox|[from] item: Toxic Orb
|upkeep
|turn|2
|
|t:|1779724541
|move|p1a: Gliscor|Spikes|p2a: Heatran
|-sidestart|p2: yes yes boys|Spikes
|move|p2a: Heatran|Magma Storm|p1a: Gliscor
|-damage|p1a: Gliscor|62/100 tox
|-activate|p1a: Gliscor|move: Magma Storm|[of] p2a: Heatran
|
|-heal|p1a: Gliscor|74/100 tox|[from] ability: Poison Heal
|-damage|p1a: Gliscor|62/100 tox|[from] move: Magma Storm|[partiallytrapped]
|upkeep
|turn|3
|
|t:|1779724546
|move|p1a: Gliscor|Protect|p1a: Gliscor
|-singleturn|p1a: Gliscor|Protect
|move|p2a: Heatran|Heavy Slam|p1a: Gliscor
|-activate|p1a: Gliscor|move: Protect
|
|-heal|p1a: Gliscor|74/100 tox|[from] ability: Poison Heal
|-damage|p1a: Gliscor|62/100 tox|[from] move: Magma Storm|[partiallytrapped]
|upkeep
|turn|4
|
|t:|1779724550
|move|p1a: Gliscor|Spikes|p2a: Heatran
|-sidestart|p2: yes yes boys|Spikes
|move|p2a: Heatran|Magma Storm|p1a: Gliscor|[miss]
|-miss|p2a: Heatran|p1a: Gliscor
|
|-heal|p1a: Gliscor|74/100 tox|[from] ability: Poison Heal
|-damage|p1a: Gliscor|62/100 tox|[from] move: Magma Storm|[partiallytrapped]
|upkeep
|turn|5
|
|t:|1779724553
|move|p1a: Gliscor|Protect|p1a: Gliscor
|-singleturn|p1a: Gliscor|Protect
|move|p2a: Heatran|Heavy Slam|p1a: Gliscor
|-activate|p1a: Gliscor|move: Protect
|
|-heal|p1a: Gliscor|74/100 tox|[from] ability: Poison Heal
|-damage|p1a: Gliscor|62/100 tox|[from] move: Magma Storm|[partiallytrapped]
|upkeep
|turn|6
|
|t:|1779724555
|-terastallize|p1a: Gliscor|Ghost
|move|p1a: Gliscor|Protect||[still]
|-fail|p1a: Gliscor
|move|p2a: Heatran|Magma Storm|p1a: Gliscor
|-damage|p1a: Gliscor|25/100 tox
|
|-heal|p1a: Gliscor|38/100 tox|[from] ability: Poison Heal
|-end|p1a: Gliscor|Magma Storm|[partiallytrapped]
|upkeep
|turn|7
|
|t:|1779724564
|switch|p1a: Blissey|Blissey, F|100/100
|move|p2a: Heatran|Heavy Slam|p1a: Blissey
|-damage|p1a: Blissey|60/100
|
|upkeep
|turn|8
|
|t:|1779724570
|move|p2a: Heatran|Heavy Slam|p1a: Blissey
|-damage|p1a: Blissey|16/100
|move|p1a: Blissey|Soft-Boiled|p1a: Blissey
|-heal|p1a: Blissey|66/100
|
|upkeep
|turn|9
|
|t:|1779724575
|switch|p1a: Walking Wake|Walking Wake|100/100
|move|p2a: Heatran|Heavy Slam|p1a: Walking Wake
|-resisted|p1a: Walking Wake
|-damage|p1a: Walking Wake|93/100
|
|upkeep
|turn|10
|
|t:|1779724585
|switch|p2a: Gliscor|Gliscor, M|100/100
|move|p1a: Walking Wake|Surf|p2a: Gliscor
|-supereffective|p2a: Gliscor
|-damage|p2a: Gliscor|28/100
|
|-status|p2a: Gliscor|tox|[from] item: Toxic Orb
|upkeep
|turn|11
|
|t:|1779724590
|move|p2a: Gliscor|Protect|p2a: Gliscor
|-singleturn|p2a: Gliscor|Protect
|move|p1a: Walking Wake|Surf|p2a: Gliscor
|-activate|p2a: Gliscor|move: Protect
|
|-heal|p2a: Gliscor|41/100 tox|[from] ability: Poison Heal
|upkeep
|turn|12
|
|t:|1779724595
|move|p1a: Walking Wake|Surf|p2a: Gliscor
|-supereffective|p2a: Gliscor
|-damage|p2a: Gliscor|0 fnt
|faint|p2a: Gliscor
|
|upkeep
|
|t:|1779724598
|switch|p2a: Raging Bolt|Raging Bolt|100/100
|-damage|p2a: Raging Bolt|76/100|[from] Spikes
|-enditem|p2a: Raging Bolt|Booster Energy
|-activate|p2a: Raging Bolt|ability: Protosynthesis|[fromitem]
|-start|p2a: Raging Bolt|protosynthesisspa
|turn|13
|
|t:|1779724601
|-terastallize|p2a: Raging Bolt|Fairy
|move|p1a: Walking Wake|Draco Meteor|p2a: Raging Bolt
|-immune|p2a: Raging Bolt
|move|p2a: Raging Bolt|Dragon Pulse|p1a: Walking Wake
|-supereffective|p1a: Walking Wake
|-damage|p1a: Walking Wake|0 fnt
|faint|p1a: Walking Wake
|-end|p1a: Walking Wake|Protosynthesis|[silent]
|
|upkeep
|
|t:|1779724604
|switch|p1a: Blissey|Blissey, F|66/100
|turn|14
|
|t:|1779724608
|move|p2a: Raging Bolt|Thunderbolt|p1a: Blissey
|-damage|p1a: Blissey|45/100
|move|p1a: Blissey|Stealth Rock|p2a: Raging Bolt
|-sidestart|p2: yes yes boys|move: Stealth Rock
|
|upkeep
|turn|15
|
|t:|1779724614
|move|p2a: Raging Bolt|Dragon Pulse|p1a: Blissey
|-damage|p1a: Blissey|23/100
|move|p1a: Blissey|Soft-Boiled|p1a: Blissey
|-heal|p1a: Blissey|73/100
|
|upkeep
|turn|16
|
|t:|1779724618
|move|p2a: Raging Bolt|Calm Mind|p2a: Raging Bolt
|-boost|p2a: Raging Bolt|spa|1
|-boost|p2a: Raging Bolt|spd|1
|move|p1a: Blissey|Calm Mind|p1a: Blissey
|-boost|p1a: Blissey|spa|1
|-boost|p1a: Blissey|spd|1
|
|upkeep
|turn|17
|
|t:|1779724621
|move|p2a: Raging Bolt|Calm Mind|p2a: Raging Bolt
|-boost|p2a: Raging Bolt|spa|1
|-boost|p2a: Raging Bolt|spd|1
|move|p1a: Blissey|Seismic Toss|p2a: Raging Bolt
|-damage|p2a: Raging Bolt|50/100
|
|upkeep
|turn|18
|
|t:|1779724625
|move|p2a: Raging Bolt|Thunderbolt|p1a: Blissey
|-damage|p1a: Blissey|43/100
|move|p1a: Blissey|Seismic Toss|p2a: Raging Bolt
|-damage|p2a: Raging Bolt|25/100
|
|upkeep
|turn|19
|
|t:|1779724628
|move|p2a: Raging Bolt|Dragon Pulse|p1a: Blissey
|-damage|p1a: Blissey|18/100
|move|p1a: Blissey|Seismic Toss|p2a: Raging Bolt
|-damage|p2a: Raging Bolt|0 fnt
|faint|p2a: Raging Bolt
|-end|p2a: Raging Bolt|Protosynthesis|[silent]
|
|upkeep
|
|t:|1779724632
|switch|p2a: Ogerpon|Ogerpon-Wellspring, F|100/100
|-damage|p2a: Ogerpon|76/100|[from] Spikes
|-damage|p2a: Ogerpon|63/100|[from] Stealth Rock
|turn|20
|
|t:|1779724637
|switch|p1a: Pecharunt|Pecharunt|100/100
|move|p2a: Ogerpon|Swords Dance|p2a: Ogerpon
|-boost|p2a: Ogerpon|atk|2
|
|upkeep
|turn|21
|
|t:|1779724641
|move|p2a: Ogerpon|Ivy Cudgel|p1a: Pecharunt|[anim] Ivy Cudgel Water
|-damage|p1a: Pecharunt|48/100
|move|p1a: Pecharunt|Foul Play|p2a: Ogerpon
|-damage|p2a: Ogerpon|0 fnt
|faint|p2a: Ogerpon
|
|upkeep
|
|t:|1779724644
|switch|p2a: Iron Valiant|Iron Valiant|100/100
|-damage|p2a: Iron Valiant|76/100|[from] Spikes
|-damage|p2a: Iron Valiant|69/100|[from] Stealth Rock
|-enditem|p2a: Iron Valiant|Booster Energy
|-activate|p2a: Iron Valiant|ability: Quark Drive|[fromitem]
|-start|p2a: Iron Valiant|quarkdrivespe
|turn|22
|
|t:|1779724652
|move|p2a: Iron Valiant|Shadow Ball|p1a: Pecharunt
|-supereffective|p1a: Pecharunt
|-damage|p1a: Pecharunt|0 fnt
|faint|p1a: Pecharunt
|
|upkeep
|
|t:|1779724656
|switch|p1a: Ogerpon|Ogerpon, F|100/100
|turn|23
|
|t:|1779724660
|move|p2a: Iron Valiant|Moonblast|p1a: Ogerpon
|-damage|p1a: Ogerpon|46/100
|move|p1a: Ogerpon|Ivy Cudgel|p2a: Iron Valiant
|-damage|p2a: Iron Valiant|9/100
|
|upkeep
|turn|24
|
|t:|1779724667
|switch|p1a: Corviknight|Corviknight, M|100/100
|-ability|p1a: Corviknight|Pressure
|move|p2a: Iron Valiant|Moonblast|p1a: Corviknight
|-resisted|p1a: Corviknight
|-damage|p1a: Corviknight|74/100
|
|upkeep
|turn|25
|
|t:|1779724672
|move|p2a: Iron Valiant|Shadow Ball|p1a: Corviknight
|-damage|p1a: Corviknight|48/100
|move|p1a: Corviknight|Body Press|p2a: Iron Valiant
|-resisted|p2a: Iron Valiant
|-damage|p2a: Iron Valiant|0 fnt
|faint|p2a: Iron Valiant
|-end|p2a: Iron Valiant|Quark Drive|[silent]
|
|upkeep
|
|t:|1779724676
|switch|p2a: Heatran|Heatran, M|100/100
|-damage|p2a: Heatran|88/100|[from] Stealth Rock
|-item|p2a: Heatran|Air Balloon
|turn|26
|
|t:|1779724681
|move|p1a: Corviknight|Body Press|p2a: Heatran
|-supereffective|p2a: Heatran
|-damage|p2a: Heatran|41/100
|-enditem|p2a: Heatran|Air Balloon
|move|p2a: Heatran|Magma Storm|p1a: Corviknight
|-supereffective|p1a: Corviknight
|-damage|p1a: Corviknight|0 fnt
|faint|p1a: Corviknight
|
|upkeep
|
|t:|1779724685
|switch|p1a: Gliscor|Gliscor, F, tera:Ghost|38/100 tox
|-damage|p1a: Gliscor|25/100 tox|[from] Stealth Rock
|turn|27
|
|t:|1779724688
|move|p1a: Gliscor|Earthquake|p2a: Heatran
|-supereffective|p2a: Heatran
|-damage|p2a: Heatran|0 fnt
|faint|p2a: Heatran
|
|-heal|p1a: Gliscor|38/100 tox|[from] ability: Poison Heal
|upkeep
|
|t:|1779724690
|switch|p2a: Wilbur|Oinkologne, M|100/100
|-damage|p2a: Wilbur|75/100|[from] Spikes
|-damage|p2a: Wilbur|63/100|[from] Stealth Rock
|turn|28
|
|t:|1779724697
|move|p1a: Gliscor|Toxic|p2a: Wilbur
|-status|p2a: Wilbur|tox
|move|p2a: Wilbur|High Horsepower|p1a: Gliscor
|-damage|p1a: Gliscor|16/100 tox
|
|-heal|p2a: Wilbur|69/100 tox|[from] item: Leftovers
|-heal|p1a: Gliscor|28/100 tox|[from] ability: Poison Heal
|-damage|p2a: Wilbur|63/100 tox|[from] psn
|upkeep
|turn|29
|-message|yes yes boys forfeited.
|
|win|claudechamp
|raw|claudechamp's rating: 1201 &rarr; <strong>1224</strong><br />(+23 for winning)
|raw|yes yes boys's rating: 1167 &rarr; <strong>1144</strong><br />(-23 for losing)
|l|☆yes yes boys
|player|p2|
|c|☆claudechamp|gg
