|j|☆sansdddsans
|j|☆IsaiahZX7
|t:|1779619753
|gametype|singles
|player|p1|sansdddsans|1|1091
|player|p2|IsaiahZX7|cynthia-gen4|1122
|gen|9
|tier|[Gen 9] OU
|rated|
|rule|HP Percentage Mod: HP is shown in percentages
|rule|Endless Battle Clause: Forcing endless battles is banned
|rule|Species Clause: Limit one of each Pokémon
|rule|OHKO Clause: OHKO moves are banned
|rule|Evasion Items Clause: Evasion items are banned
|rule|Evasion Moves Clause: Evasion moves are banned
|rule|Evasion Abilities Clause: Evasion abilities are banned
|rule|Sleep Moves Clause: Sleep-inducing moves are banned
|clearpoke
|poke|p1|Ceruledge, M|
|poke|p1|Florges, F|
|poke|p1|Venusaur, F|
|poke|p1|Greninja-*, M|
|poke|p1|Duraludon, F|
|poke|p1|Ting-Lu|
|poke|p2|Weavile, F|
|poke|p2|Moltres|
|poke|p2|Ogerpon-Wellspring, F|
|poke|p2|Great Tusk|
|poke|p2|Gholdengo|
|poke|p2|Zamazenta-*|
|teampreview
|
|t:|1779619768
|teamsize|p1|6
|teamsize|p2|6
|start
|switch|p1a: Ceruledge|Ceruledge, M, shiny|100/100
|switch|p2a: Ogerpon|Ogerpon-Wellspring, F|100/100
|turn|1
|inactive|Battle timer is ON: inactive players will automatically lose when time's up. (requested by sansdddsans)
|
|t:|1779619784
|switch|p1a: Venusaur|Venusaur, F, shiny|100/100
|move|p2a: Ogerpon|Ivy Cudgel|p1a: Venusaur|[anim] Ivy Cudgel Water
|-resisted|p1a: Venusaur
|-damage|p1a: Venusaur|68/100
|
|-heal|p1a: Venusaur|74/100|[from] item: Leftovers
|upkeep
|turn|2
|
|t:|1779619798
|switch|p2a: Moltres|Moltres|100/100
|move|p1a: Venusaur|Substitute|p1a: Venusaur
|-start|p1a: Venusaur|Substitute
|-damage|p1a: Venusaur|49/100
|
|-heal|p1a: Venusaur|55/100|[from] item: Leftovers
|upkeep
|turn|3
|
|t:|1779619806
|move|p1a: Venusaur|Protect|p1a: Venusaur
|-singleturn|p1a: Venusaur|Protect
|move|p2a: Moltres|Flamethrower|p1a: Venusaur
|-activate|p1a: Venusaur|move: Protect
|
|-heal|p1a: Venusaur|61/100|[from] item: Leftovers
|upkeep
|turn|4
|
|t:|1779619816
|move|p2a: Moltres|Flamethrower|p1a: Venusaur
|-supereffective|p1a: Venusaur
|-crit|p1a: Venusaur
|-end|p1a: Venusaur|Substitute
|move|p1a: Venusaur|Worry Seed|p2a: Moltres
|-ability|p2a: Moltres|Insomnia|Flame Body|[from] move: Worry Seed
|
|-heal|p1a: Venusaur|67/100|[from] item: Leftovers
|upkeep
|turn|5
|
|t:|1779619827
|move|p1a: Venusaur|Protect|p1a: Venusaur
|-singleturn|p1a: Venusaur|Protect
|move|p2a: Moltres|Flamethrower|p1a: Venusaur
|-activate|p1a: Venusaur|move: Protect
|
|-heal|p1a: Venusaur|73/100|[from] item: Leftovers
|upkeep
|turn|6
|
|t:|1779619839
|switch|p1a: Greninja|Greninja, M, shiny|100/100
|move|p2a: Moltres|U-turn|p1a: Greninja
|-supereffective|p1a: Greninja
|-damage|p1a: Greninja|65/100
|
|t:|1779619849
|switch|p2a: Ogerpon|Ogerpon-Wellspring, F|100/100|[from] U-turn
|
|upkeep
|turn|7
|
|t:|1779619862
|switch|p1a: Venusaur|Venusaur, F, shiny|73/100
|move|p2a: Ogerpon|U-turn|p1a: Venusaur
|-damage|p1a: Venusaur|41/100
|
|t:|1779619866
|switch|p2a: Weavile|Weavile, F|100/100|[from] U-turn
|-ability|p2a: Weavile|Pressure
|
|-heal|p1a: Venusaur|47/100|[from] item: Leftovers
|upkeep
|turn|8
|
|t:|1779619874
|move|p1a: Venusaur|Protect|p1a: Venusaur
|-singleturn|p1a: Venusaur|Protect
|move|p2a: Weavile|Swords Dance|p2a: Weavile
|-boost|p2a: Weavile|atk|2
|
|-heal|p1a: Venusaur|53/100|[from] item: Leftovers
|upkeep
|turn|9
|
|t:|1779619891
|switch|p1a: Florges|Florges, F, shiny|100/100
|move|p2a: Weavile|Knock Off|p1a: Florges
|-resisted|p1a: Florges
|-damage|p1a: Florges|48/100
|-enditem|p1a: Florges|Fairy Feather|[from] move: Knock Off|[of] p2a: Weavile
|
|upkeep
|turn|10
|
|t:|1779619903
|move|p2a: Weavile|Triple Axel|p1a: Florges
|-damage|p1a: Florges|23/100
|-damage|p1a: Florges|0 fnt
|faint|p1a: Florges
|-hitcount|p1: Florges|2
|
|upkeep
|
|t:|1779619914
|switch|p1a: Duraludon|Duraludon, F, shiny|100/100
|turn|11
|
|t:|1779619926
|-terastallize|p2a: Weavile|Ice
|-terastallize|p1a: Duraludon|Steel
|move|p2a: Weavile|Triple Axel|p1a: Duraludon
|-resisted|p1a: Duraludon
|-damage|p1a: Duraludon|87/100
|-resisted|p1a: Duraludon
|-damage|p1a: Duraludon|63/100
|-resisted|p1a: Duraludon
|-damage|p1a: Duraludon|24/100
|-hitcount|p1a: Duraludon|3
|move|p1a: Duraludon|Flash Cannon|p2a: Weavile
|-supereffective|p2a: Weavile
|-damage|p2a: Weavile|0 fnt
|faint|p2a: Weavile
|
|upkeep
|
|t:|1779619933
|switch|p2a: Moltres|Moltres|100/100
|turn|12
|
|t:|1779619949
|switch|p1a: Greninja|Greninja, M, shiny|65/100
|move|p2a: Moltres|Flamethrower|p1a: Greninja
|-resisted|p1a: Greninja
|-damage|p1a: Greninja|39/100
|
|upkeep
|turn|13
|
|t:|1779619957
|switch|p2a: Ogerpon|Ogerpon-Wellspring, F|100/100
|move|p1a: Greninja|Surf|p2a: Ogerpon
|-immune|p2a: Ogerpon|[from] ability: Water Absorb
|
|upkeep
|turn|14
|
|t:|1779619968
|switch|p1a: Venusaur|Venusaur, F, shiny|53/100
|move|p2a: Ogerpon|U-turn|p1a: Venusaur
|-damage|p1a: Venusaur|23/100
|
|t:|1779619984
|switch|p2a: Zamazenta|Zamazenta|100/100|[from] U-turn
|-ability|p2a: Zamazenta|Dauntless Shield|boost
|-boost|p2a: Zamazenta|def|1
|
|-heal|p1a: Venusaur|29/100|[from] item: Leftovers
|upkeep
|turn|15
|
|t:|1779619995
|move|p1a: Venusaur|Protect|p1a: Venusaur
|-singleturn|p1a: Venusaur|Protect
|move|p2a: Zamazenta|Iron Defense|p2a: Zamazenta
|-boost|p2a: Zamazenta|def|2
|
|-heal|p1a: Venusaur|35/100|[from] item: Leftovers
|upkeep
|turn|16
|
|t:|1779620016
|switch|p1a: Ceruledge|Ceruledge, M, shiny|100/100
|move|p2a: Zamazenta|Body Press|p1a: Ceruledge
|-immune|p1a: Ceruledge
|
|upkeep
|turn|17
|
|t:|1779620026
|move|p2a: Zamazenta|Crunch|p1a: Ceruledge
|-supereffective|p1a: Ceruledge
|-damage|p1a: Ceruledge|53/100
|-ability|p1a: Ceruledge|Weak Armor|boost
|-unboost|p1a: Ceruledge|def|1
|-boost|p1a: Ceruledge|spe|2
|move|p1a: Ceruledge|Bitter Blade|p2a: Zamazenta
|-damage|p2a: Zamazenta|83/100
|-heal|p1a: Ceruledge|63/100|[from] drain|[of] p2a: Zamazenta
|
|upkeep
|turn|18
|
|t:|1779620037
|move|p2a: Zamazenta|Crunch|p1a: Ceruledge
|-supereffective|p1a: Ceruledge
|-damage|p1a: Ceruledge|0 fnt
|faint|p1a: Ceruledge
|
|upkeep
|
|t:|1779620049
|switch|p1a: Venusaur|Venusaur, F, shiny|35/100
|turn|19
|
|t:|1779620057
|move|p1a: Venusaur|Protect|p1a: Venusaur
|-singleturn|p1a: Venusaur|Protect
|move|p2a: Zamazenta|Body Press|p1a: Venusaur
|-activate|p1a: Venusaur|move: Protect
|
|-heal|p1a: Venusaur|41/100|[from] item: Leftovers
|upkeep
|turn|20
|-message|sansdddsans forfeited.
|
|win|IsaiahZX7
|raw|sansdddsans's rating: 1091 &rarr; <strong>1069</strong><br />(-22 for losing)
|raw|IsaiahZX7's rating: 1122 &rarr; <strong>1145</strong><br />(+23 for winning)
|l|☆sansdddsans
|player|p1|
|l|☆IsaiahZX7
|player|p2|
