|j|☆lanakis the chosen
|j|☆bleachhellarc
|t:|1779612151
|gametype|singles
|player|p1|lanakis the chosen|miku-fire|1269
|player|p2|bleachhellarc|102|1354
|gen|9
|tier|[Gen 9] OU
|rated|
|rule|HP Percentage Mod: HP is shown in percentages
|rule|Endless Battle Clause: Forcing endless battles is banned
|rule|Species Clause: Limit one of each Pokémon
|rule|OHKO Clause: OHKO moves are banned
|rule|Evasion Items Clause: Evasion items are banned
|rule|Evasion Moves Clause: Evasion moves are banned
|rule|Evasion Abilities Clause: Evasion abilities are banned
|rule|Sleep Moves Clause: Sleep-inducing moves are banned
|clearpoke
|poke|p1|Swampert, F|
|poke|p1|Incineroar, F|
|poke|p1|Dragapult, M|
|poke|p1|Gholdengo|
|poke|p1|Zamazenta-*|
|poke|p1|Azumarill, F|
|poke|p2|Breloom, M|
|poke|p2|Hatterene, F|
|poke|p2|Ting-Lu|
|poke|p2|Moltres|
|poke|p2|Walking Wake|
|poke|p2|Gholdengo|
|teampreview
|inactive|Battle timer is ON: inactive players will automatically lose when time's up. (requested by lanakis the chosen)
|inactive|bleachhellarc has 120 seconds left.
|
|t:|1779612188
|teamsize|p1|6
|teamsize|p2|6
|start
|switch|p1a: Incineroar|Incineroar, F|100/100
|switch|p2a: Gholdengo|Gholdengo|100/100
|-ability|p1a: Incineroar|Intimidate|boost
|-unboost|p2a: Gholdengo|atk|1
|turn|1
|
|t:|1779612206
|switch|p2a: Ting-Lu|Ting-Lu|100/100
|-ability|p2a: Ting-Lu|Vessel of Ruin
|move|p1a: Incineroar|Flare Blitz|p2a: Ting-Lu
|-damage|p2a: Ting-Lu|66/100
|-damage|p1a: Incineroar|86/100|[from] Recoil
|
|upkeep
|turn|2
|
|t:|1779612211
|move|p1a: Incineroar|Flare Blitz|p2a: Ting-Lu
|-damage|p2a: Ting-Lu|32/100
|-damage|p1a: Incineroar|71/100|[from] Recoil
|move|p2a: Ting-Lu|Spikes|p1a: Incineroar
|-sidestart|p1: lanakis the chosen|Spikes
|
|upkeep
|turn|3
|
|t:|1779612217
|switch|p2a: Moltres|Moltres|100/100
|move|p1a: Incineroar|Flare Blitz|p2a: Moltres
|-resisted|p2a: Moltres
|-damage|p2a: Moltres|79/100
|-damage|p1a: Incineroar|64/100|[from] Recoil
|
|upkeep
|turn|4
|
|t:|1779612219
|move|p2a: Moltres|Scorching Sands|p1a: Incineroar
|-supereffective|p1a: Incineroar
|-crit|p1a: Incineroar
|-damage|p1a: Incineroar|27/100
|move|p1a: Incineroar|Darkest Lariat|p2a: Moltres
|-damage|p2a: Moltres|46/100
|
|upkeep
|turn|5
|
|t:|1779612223
|move|p2a: Moltres|Roost|p2a: Moltres
|-heal|p2a: Moltres|96/100
|-singleturn|p2a: Moltres|move: Roost
|move|p1a: Incineroar|Darkest Lariat|p2a: Moltres
|-damage|p2a: Moltres|65/100
|
|upkeep
|turn|6
|
|t:|1779612226
|move|p2a: Moltres|Scorching Sands|p1a: Incineroar
|-supereffective|p1a: Incineroar
|-damage|p1a: Incineroar|2/100
|move|p1a: Incineroar|Darkest Lariat|p2a: Moltres
|-damage|p2a: Moltres|35/100
|
|upkeep
|turn|7
|
|t:|1779612229
|move|p2a: Moltres|Roost|p2a: Moltres
|-heal|p2a: Moltres|85/100
|-singleturn|p2a: Moltres|move: Roost
|move|p1a: Incineroar|Flare Blitz|p2a: Moltres
|-resisted|p2a: Moltres
|-crit|p2a: Moltres
|-damage|p2a: Moltres|53/100
|-damage|p1a: Incineroar|0 fnt|[from] Recoil
|faint|p1a: Incineroar
|
|upkeep
|
|t:|1779612234
|switch|p1a: Swampert|Swampert, F|100/100
|-damage|p1a: Swampert|88/100|[from] Spikes
|turn|8
|
|t:|1779612237
|move|p2a: Moltres|U-turn|p1a: Swampert
|-damage|p1a: Swampert|74/100
|
|t:|1779612238
|switch|p2a: Hatterene|Hatterene, F|100/100|[from] U-turn
|move|p1a: Swampert|Rock Slide|p2a: Hatterene
|-damage|p2a: Hatterene|79/100
|
|-heal|p2a: Hatterene|85/100|[from] item: Leftovers
|upkeep
|turn|9
|
|t:|1779612253
|switch|p2a: Ting-Lu|Ting-Lu|32/100
|-ability|p2a: Ting-Lu|Vessel of Ruin
|move|p1a: Swampert|Flip Turn|p2a: Ting-Lu
|-supereffective|p2a: Ting-Lu
|-damage|p2a: Ting-Lu|0 fnt
|faint|p2a: Ting-Lu
|
|t:|1779612259
|switch|p1a: Gholdengo|Gholdengo, shiny|100/100|[from] Flip Turn
|-damage|p1a: Gholdengo|88/100|[from] Spikes
|
|upkeep
|
|t:|1779612273
|switch|p2a: Gholdengo|Gholdengo|100/100
|turn|10
|
|t:|1779612277
|-terastallize|p2a: Gholdengo|Steel
|move|p2a: Gholdengo|Shadow Ball|p1a: Gholdengo
|-supereffective|p1a: Gholdengo
|-damage|p1a: Gholdengo|0 fnt
|faint|p1a: Gholdengo
|
|upkeep
|
|t:|1779612282
|switch|p1a: Swampert|Swampert, F|74/100
|-damage|p1a: Swampert|61/100|[from] Spikes
|turn|11
|
|t:|1779612286
|switch|p2a: Breloom|Breloom, M, shiny|100/100
|move|p1a: Swampert|Earthquake|p2a: Breloom
|-resisted|p2a: Breloom
|-damage|p2a: Breloom|60/100
|
|upkeep
|turn|12
|
|t:|1779612292
|switch|p1a: Azumarill|Azumarill, F, shiny|100/100
|-damage|p1a: Azumarill|88/100|[from] Spikes
|move|p2a: Breloom|Bullet Seed|p1a: Azumarill
|-ability|p1a: Azumarill|Sap Sipper|boost
|-boost|p1a: Azumarill|atk|1
|
|-heal|p1a: Azumarill|94/100|[from] item: Leftovers
|upkeep
|turn|13
|
|t:|1779612306
|switch|p2a: Hatterene|Hatterene, F|85/100
|move|p1a: Azumarill|Belly Drum|p1a: Azumarill
|-damage|p1a: Azumarill|44/100
|-setboost|p1a: Azumarill|atk|6|[from] move: Belly Drum
|
|-heal|p1a: Azumarill|50/100|[from] item: Leftovers
|-heal|p2a: Hatterene|91/100|[from] item: Leftovers
|upkeep
|turn|14
|
|t:|1779612313
|-terastallize|p1a: Azumarill|Water
|move|p1a: Azumarill|Aqua Jet|p2a: Hatterene
|-damage|p2a: Hatterene|39/100
|move|p2a: Hatterene|Psyshock|p1a: Azumarill
|-damage|p1a: Azumarill|15/100
|
|-heal|p1a: Azumarill|21/100|[from] item: Leftovers
|-heal|p2a: Hatterene|45/100|[from] item: Leftovers
|upkeep
|turn|15
|
|t:|1779612325
|move|p1a: Azumarill|Aqua Jet|p2a: Hatterene
|-damage|p2a: Hatterene|0 fnt
|faint|p2a: Hatterene
|
|-heal|p1a: Azumarill|27/100|[from] item: Leftovers
|upkeep
|
|t:|1779612327
|switch|p2a: Breloom|Breloom, M, shiny|60/100
|turn|16
|
|t:|1779612329
|move|p2a: Breloom|Mach Punch|p1a: Azumarill
|-damage|p1a: Azumarill|0 fnt
|faint|p1a: Azumarill
|
|upkeep
|
|t:|1779612332
|switch|p1a: Dragapult|Dragapult, M, shiny|100/100
|turn|17
|
|t:|1779612356
|move|p1a: Dragapult|Substitute|p1a: Dragapult
|-start|p1a: Dragapult|Substitute
|-damage|p1a: Dragapult|76/100
|move|p2a: Breloom|Bullet Seed|p1a: Dragapult
|-resisted|p1a: Dragapult
|-crit|p1a: Dragapult
|-activate|p1a: Dragapult|move: Substitute|[damage]
|-resisted|p1a: Dragapult
|-end|p1a: Dragapult|Substitute
|-resisted|p1a: Dragapult
|-damage|p1a: Dragapult|62/100
|-resisted|p1a: Dragapult
|-damage|p1a: Dragapult|48/100
|-hitcount|p1a: Dragapult|4
|
|upkeep
|turn|18
|
|t:|1779612375
|move|p1a: Dragapult|Dragon Darts|p2a: Breloom
|-damage|p2a: Breloom|14/100
|-anim|p1a: Dragapult|Dragon Darts|p2a: Breloom
|-damage|p2a: Breloom|0 fnt
|faint|p2a: Breloom
|
|upkeep
|
|t:|1779612378
|switch|p2a: Gholdengo|Gholdengo, tera:Steel|100/100
|turn|19
|
|t:|1779612385
|move|p1a: Dragapult|Sucker Punch|p2a: Gholdengo
|-damage|p2a: Gholdengo|69/100
|move|p2a: Gholdengo|Make It Rain|p1a: Dragapult
|-damage|p1a: Dragapult|0 fnt
|-unboost|p2a: Gholdengo|spa|1
|faint|p1a: Dragapult
|
|upkeep
|
|t:|1779612388
|switch|p1a: Swampert|Swampert, F|61/100
|-damage|p1a: Swampert|49/100|[from] Spikes
|turn|20
|
|t:|1779612394
|switch|p2a: Walking Wake|Walking Wake|100/100
|move|p1a: Swampert|Rock Slide|p2a: Walking Wake
|-damage|p2a: Walking Wake|72/100
|
|upkeep
|turn|21
|
|t:|1779612402
|move|p2a: Walking Wake|Dragon Pulse|p1a: Swampert
|-damage|p1a: Swampert|25/100
|move|p1a: Swampert|Earthquake|p2a: Walking Wake
|-damage|p2a: Walking Wake|11/100
|
|upkeep
|turn|22
|
|t:|1779612407
|move|p2a: Walking Wake|Dragon Pulse|p1a: Swampert
|-damage|p1a: Swampert|0 fnt
|faint|p1a: Swampert
|
|upkeep
|
|t:|1779612409
|switch|p1a: Zamazenta|Zamazenta|100/100
|-damage|p1a: Zamazenta|88/100|[from] Spikes
|-ability|p1a: Zamazenta|Dauntless Shield|boost
|-boost|p1a: Zamazenta|def|1
|turn|23
|
|t:|1779612413
|move|p1a: Zamazenta|Body Press|p2a: Walking Wake
|-damage|p2a: Walking Wake|0 fnt
|faint|p2a: Walking Wake
|-end|p2a: Walking Wake|Protosynthesis|[silent]
|
|upkeep
|
|t:|1779612417
|switch|p2a: Gholdengo|Gholdengo, tera:Steel|69/100
|turn|24
|
|t:|1779612424
|move|p2a: Gholdengo|Trick|p1a: Zamazenta
|-activate|p2a: Gholdengo|move: Trick|[of] p1a: Zamazenta
|-item|p1a: Zamazenta|Choice Scarf|[from] move: Trick
|-item|p2a: Gholdengo|Protective Pads|[from] move: Trick
|move|p1a: Zamazenta|Body Press|p2a: Gholdengo
|-supereffective|p2a: Gholdengo
|-damage|p2a: Gholdengo|0 fnt
|faint|p2a: Gholdengo
|
|upkeep
|
|t:|1779612428
|switch|p2a: Moltres|Moltres|53/100
|turn|25
|
|t:|1779612430
|move|p1a: Zamazenta|Body Press|p2a: Moltres
|-resisted|p2a: Moltres
|-damage|p2a: Moltres|38/100
|-status|p1a: Zamazenta|brn|[from] ability: Flame Body|[of] p2a: Moltres
|move|p2a: Moltres|Roost|p2a: Moltres
|-heal|p2a: Moltres|88/100
|-singleturn|p2a: Moltres|move: Roost
|
|-damage|p1a: Zamazenta|82/100 brn|[from] brn
|upkeep
|turn|26
|c|☆bleachhellarc|gg
|-message|lanakis the chosen forfeited.
|
|win|bleachhellarc
|raw|lanakis the chosen's rating: 1269 &rarr; <strong>1250</strong><br />(-19 for losing)
|raw|bleachhellarc's rating: 1354 &rarr; <strong>1369</strong><br />(+15 for winning)
|l|☆lanakis the chosen
|player|p1|
|l|☆bleachhellarc
|player|p2|
