|j|☆tapeonastick
|j|☆SuperMetalCharz
|t:|1779683843
|gametype|singles
|player|p1|tapeonastick|265|1288
|player|p2|SuperMetalCharz|170|1291
|gen|9
|tier|[Gen 9] OU
|rated|
|rule|HP Percentage Mod: HP is shown in percentages
|rule|Endless Battle Clause: Forcing endless battles is banned
|rule|Species Clause: Limit one of each Pokémon
|rule|OHKO Clause: OHKO moves are banned
|rule|Evasion Items Clause: Evasion items are banned
|rule|Evasion Moves Clause: Evasion moves are banned
|rule|Evasion Abilities Clause: Evasion abilities are banned
|rule|Sleep Moves Clause: Sleep-inducing moves are banned
|clearpoke
|poke|p1|Kyurem|
|poke|p1|Gliscor, F|
|poke|p1|Zamazenta-*|
|poke|p1|Zapdos|
|poke|p1|Pecharunt|
|poke|p1|Corviknight, M|
|poke|p2|Dragonite, M|
|poke|p2|Garganacl, M|
|poke|p2|Rotom-Wash|
|poke|p2|Scizor, F|
|poke|p2|Gardevoir, M|
|poke|p2|Mamoswine, F|
|teampreview
|inactive|Battle timer is ON: inactive players will automatically lose when time's up. (requested by SuperMetalCharz)
|
|t:|1779683850
|teamsize|p1|6
|teamsize|p2|6
|start
|switch|p1a: Kyurem|Kyurem|100/100
|switch|p2a: Scizor|Scizor, F|100/100
|-ability|p1a: Kyurem|Pressure
|turn|1
|
|t:|1779683858
|switch|p1a: Corviknight|Corviknight, M|100/100
|-ability|p1a: Corviknight|Pressure
|move|p2a: Scizor|Knock Off|p1a: Corviknight
|-damage|p1a: Corviknight|80/100
|-damage|p2a: Scizor|84/100|[from] item: Rocky Helmet|[of] p1a: Corviknight
|-enditem|p1a: Corviknight|Rocky Helmet|[from] move: Knock Off|[of] p2a: Scizor
|
|-heal|p2a: Scizor|90/100|[from] item: Leftovers
|upkeep
|turn|2
|inactive|tapeonastick has 120 seconds left.
|
|t:|1779683897
|move|p1a: Corviknight|U-turn|p2a: Scizor
|-resisted|p2a: Scizor
|-damage|p2a: Scizor|84/100
|
|t:|1779683912
|switch|p1a: Zapdos|Zapdos|100/100|[from] U-turn
|move|p2a: Scizor|Knock Off|p1a: Zapdos
|-damage|p1a: Zapdos|72/100
|-status|p2a: Scizor|par|[from] ability: Static|[of] p1a: Zapdos
|-enditem|p1a: Zapdos|Heavy-Duty Boots|[from] move: Knock Off|[of] p2a: Scizor
|
|-heal|p2a: Scizor|90/100 par|[from] item: Leftovers
|upkeep
|turn|3
|
|t:|1779683920
|move|p1a: Zapdos|Volt Switch|p2a: Scizor
|-crit|p2a: Scizor
|-damage|p2a: Scizor|33/100 par
|
|t:|1779683924
|switch|p1a: Corviknight|Corviknight, M|80/100|[from] Volt Switch
|-ability|p1a: Corviknight|Pressure
|move|p2a: Scizor|U-turn|p1a: Corviknight
|-resisted|p1a: Corviknight
|-damage|p1a: Corviknight|74/100
|
|t:|1779683931
|switch|p2a: Rotom|Rotom-Wash|100/100|[from] U-turn
|
|upkeep
|turn|4
|inactive|tapeonastick has 120 seconds left.
|
|t:|1779683943
|switch|p1a: Gliscor|Gliscor, F|100/100
|move|p2a: Rotom|Hydro Pump|p1a: Gliscor
|-supereffective|p1a: Gliscor
|-damage|p1a: Gliscor|32/100
|
|-status|p1a: Gliscor|tox|[from] item: Toxic Orb
|upkeep
|turn|5
|inactive|tapeonastick has 120 seconds left.
|
|t:|1779683954
|move|p1a: Gliscor|Protect|p1a: Gliscor
|-singleturn|p1a: Gliscor|Protect
|move|p2a: Rotom|Hydro Pump|p1a: Gliscor
|-activate|p1a: Gliscor|move: Protect
|
|-heal|p1a: Gliscor|45/100 tox|[from] ability: Poison Heal
|upkeep
|turn|6
|
|t:|1779683961
|switch|p1a: Kyurem|Kyurem|100/100
|-ability|p1a: Kyurem|Pressure
|move|p2a: Rotom|Hydro Pump|p1a: Kyurem
|-resisted|p1a: Kyurem
|-damage|p1a: Kyurem|83/100
|
|upkeep
|turn|7
|inactive|tapeonastick has 120 seconds left.
|
|t:|1779683977
|move|p1a: Kyurem|Freeze-Dry|p2a: Rotom
|-supereffective|p2a: Rotom
|-damage|p2a: Rotom|31/100
|move|p2a: Rotom|Thunder Wave|p1a: Kyurem
|-status|p1a: Kyurem|par
|
|upkeep
|turn|8
|
|t:|1779683982
|move|p2a: Rotom|Hydro Pump|p1a: Kyurem
|-resisted|p1a: Kyurem
|-damage|p1a: Kyurem|64/100 par
|cant|p1a: Kyurem|par
|
|upkeep
|turn|9
|
|t:|1779683986
|move|p2a: Rotom|Hydro Pump|p1a: Kyurem
|-resisted|p1a: Kyurem
|-damage|p1a: Kyurem|44/100 par
|move|p1a: Kyurem|Freeze-Dry|p2a: Rotom
|-supereffective|p2a: Rotom
|-damage|p2a: Rotom|0 fnt
|faint|p2a: Rotom
|
|upkeep
|
|t:|1779683995
|switch|p2a: Scizor|Scizor, F|33/100 par
|turn|10
|
|t:|1779684003
|switch|p1a: Corviknight|Corviknight, M|74/100
|-ability|p1a: Corviknight|Pressure
|move|p2a: Scizor|Bullet Punch|p1a: Corviknight
|-resisted|p1a: Corviknight
|-damage|p1a: Corviknight|64/100
|
|-heal|p2a: Scizor|39/100 par|[from] item: Leftovers
|upkeep
|turn|11
|
|t:|1779684020
|move|p1a: Corviknight|Brave Bird|p2a: Scizor
|-damage|p2a: Scizor|0 fnt
|faint|p2a: Scizor
|-damage|p1a: Corviknight|53/100|[from] Recoil
|
|upkeep
|inactive|SuperMetalCharz has 120 seconds left.
|
|t:|1779684041
|switch|p2a: Gardevoir|Gardevoir, M|100/100
|-ability|p2a: Gardevoir|Pressure|Trace|[from] ability: Trace|[of] p1a: Corviknight
|-ability|p2a: Gardevoir|Pressure
|turn|12
|
|t:|1779684064
|switch|p1a: Kyurem|Kyurem|44/100 par
|-ability|p1a: Kyurem|Pressure
|move|p2a: Gardevoir|Mystical Fire|p1a: Kyurem
|-damage|p1a: Kyurem|21/100 par
|-unboost|p1a: Kyurem|spa|1
|
|upkeep
|turn|13
|
|t:|1779684073
|move|p2a: Gardevoir|Mystical Fire|p1a: Kyurem
|-crit|p1a: Kyurem
|-damage|p1a: Kyurem|0 fnt
|faint|p1a: Kyurem
|
|upkeep
|
|t:|1779684078
|switch|p1a: Zamazenta|Zamazenta|100/100
|-ability|p1a: Zamazenta|Dauntless Shield|boost
|-boost|p1a: Zamazenta|def|1
|turn|14
|
|t:|1779684086
|switch|p2a: Mamoswine|Mamoswine, F|100/100
|move|p1a: Zamazenta|Iron Defense|p1a: Zamazenta
|-boost|p1a: Zamazenta|def|2
|
|upkeep
|turn|15
|
|t:|1779684090
|move|p1a: Zamazenta|Iron Defense|p1a: Zamazenta
|-boost|p1a: Zamazenta|def|2
|move|p2a: Mamoswine|Icicle Spear|p1a: Zamazenta
|-damage|p1a: Zamazenta|97/100
|-damage|p1a: Zamazenta|94/100
|-damage|p1a: Zamazenta|92/100
|-damage|p1a: Zamazenta|89/100
|-hitcount|p1a: Zamazenta|4
|
|-heal|p1a: Zamazenta|95/100|[from] item: Leftovers
|upkeep
|turn|16
|
|t:|1779684098
|move|p1a: Zamazenta|Iron Defense|p1a: Zamazenta
|-boost|p1a: Zamazenta|def|1
|move|p2a: Mamoswine|Earthquake|p1a: Zamazenta
|-damage|p1a: Zamazenta|86/100
|
|-heal|p1a: Zamazenta|92/100|[from] item: Leftovers
|upkeep
|turn|17
|
|t:|1779684107
|move|p1a: Zamazenta|Body Press|p2a: Mamoswine
|-supereffective|p2a: Mamoswine
|-damage|p2a: Mamoswine|0 fnt
|faint|p2a: Mamoswine
|
|-heal|p1a: Zamazenta|98/100|[from] item: Leftovers
|upkeep
|
|t:|1779684120
|switch|p2a: Gardevoir|Gardevoir, M|100/100
|-ability|p2a: Gardevoir|Dauntless Shield|Trace|[from] ability: Trace|[of] p1a: Zamazenta
|-ability|p2a: Gardevoir|Dauntless Shield|boost
|-boost|p2a: Gardevoir|def|1
|turn|18
|inactive|SuperMetalCharz has 120 seconds left.
|l|☆SuperMetalCharz
|inactive|SuperMetalCharz disconnected and has a minute to reconnect!
|player|p2|
|inactive|SuperMetalCharz has 30 seconds to reconnect!
|inactive|SuperMetalCharz has 20 seconds to reconnect!
|inactive|SuperMetalCharz has 15 seconds to reconnect!
|j|☆SuperMetalCharz
|inactive|SuperMetalCharz reconnected and has 70 seconds left.
|player|p2|SuperMetalCharz|170|
|
|t:|1779684205
|move|p2a: Gardevoir|Moonblast|p1a: Zamazenta
|-supereffective|p1a: Zamazenta
|-damage|p1a: Zamazenta|22/100
|-unboost|p1a: Zamazenta|spa|1
|move|p1a: Zamazenta|Heavy Slam|p2a: Gardevoir
|-supereffective|p2a: Gardevoir
|-damage|p2a: Gardevoir|34/100
|
|-heal|p1a: Zamazenta|28/100|[from] item: Leftovers
|upkeep
|turn|19
|
|t:|1779684233
|-terastallize|p1a: Zamazenta|Fire
|move|p2a: Gardevoir|Moonblast|p1a: Zamazenta
|-resisted|p1a: Zamazenta
|-damage|p1a: Zamazenta|10/100
|move|p1a: Zamazenta|Heavy Slam|p2a: Gardevoir
|-supereffective|p2a: Gardevoir
|-damage|p2a: Gardevoir|0 fnt
|faint|p2a: Gardevoir
|
|-heal|p1a: Zamazenta|16/100|[from] item: Leftovers
|upkeep
|
|t:|1779684237
|switch|p2a: Dragonite|Dragonite, M|100/100
|turn|20
|
|t:|1779684253
|move|p1a: Zamazenta|Body Press|p2a: Dragonite
|-resisted|p2a: Dragonite
|-damage|p2a: Dragonite|63/100
|move|p2a: Dragonite|Dragon Dance|p2a: Dragonite
|-boost|p2a: Dragonite|atk|1
|-boost|p2a: Dragonite|spe|1
|
|-heal|p1a: Zamazenta|22/100|[from] item: Leftovers
|upkeep
|turn|21
|
|t:|1779684257
|move|p2a: Dragonite|Extreme Speed|p1a: Zamazenta
|-damage|p1a: Zamazenta|14/100
|move|p1a: Zamazenta|Body Press|p2a: Dragonite
|-resisted|p2a: Dragonite
|-crit|p2a: Dragonite
|-damage|p2a: Dragonite|0 fnt
|faint|p2a: Dragonite
|
|-heal|p1a: Zamazenta|21/100|[from] item: Leftovers
|upkeep
|-message|SuperMetalCharz forfeited.
|
|win|tapeonastick
|raw|tapeonastick's rating: 1288 &rarr; <strong>1313</strong><br />(+25 for winning)
|raw|SuperMetalCharz's rating: 1291 &rarr; <strong>1266</strong><br />(-25 for losing)
|l|☆SuperMetalCharz
|player|p2|
