|j|☆CakNoel
|j|☆muskat-mix
|t:|1779624496
|gametype|singles
|player|p1|CakNoel|hoopster|1423
|player|p2|muskat-mix|2|1414
|gen|9
|tier|[Gen 9] OU
|rated|
|rule|HP Percentage Mod: HP is shown in percentages
|rule|Endless Battle Clause: Forcing endless battles is banned
|rule|Species Clause: Limit one of each Pokémon
|rule|OHKO Clause: OHKO moves are banned
|rule|Evasion Items Clause: Evasion items are banned
|rule|Evasion Moves Clause: Evasion moves are banned
|rule|Evasion Abilities Clause: Evasion abilities are banned
|rule|Sleep Moves Clause: Sleep-inducing moves are banned
|clearpoke
|poke|p1|Tyranitar, F|
|poke|p1|Excadrill, F|
|poke|p1|Kingambit, M|
|poke|p1|Alomomola, F|
|poke|p1|Raging Bolt|
|poke|p1|Gliscor, F|
|poke|p2|Alomomola, M|
|poke|p2|Pecharunt|
|poke|p2|Great Tusk|
|poke|p2|Lokix, F|
|poke|p2|Iron Crown|
|poke|p2|Enamorus, F|
|teampreview
|inactive|Battle timer is ON: inactive players will automatically lose when time's up. (requested by muskat-mix)
|
|t:|1779624506
|teamsize|p1|6
|teamsize|p2|6
|start
|switch|p1a: Alomomola|Alomomola, F|100/100
|switch|p2a: Iron Crown|Iron Crown|100/100
|turn|1
|
|t:|1779624518
|switch|p1a: Gliscor|Gliscor, F|100/100
|move|p2a: Iron Crown|Volt Switch|p1a: Gliscor
|-immune|p1a: Gliscor
|
|-status|p1a: Gliscor|tox|[from] item: Toxic Orb
|upkeep
|turn|2
|
|t:|1779624526
|-end|p2a: Iron Crown|Quark Drive|[silent]
|switch|p2a: Pecharunt|Pecharunt|100/100
|move|p1a: Gliscor|Toxic|p2a: Pecharunt
|-immune|p2a: Pecharunt
|
|upkeep
|turn|3
|
|t:|1779624530
|move|p1a: Gliscor|Spikes|p2a: Pecharunt
|-sidestart|p2: muskat-mix|Spikes
|move|p2a: Pecharunt|Parting Shot|p1a: Gliscor
|-unboost|p1a: Gliscor|atk|1
|-unboost|p1a: Gliscor|spa|1
|
|t:|1779624532
|switch|p2a: Great Tusk|Great Tusk|100/100|[from] Parting Shot
|
|upkeep
|turn|4
|
|t:|1779624537
|move|p2a: Great Tusk|Ice Spinner|p1a: Gliscor
|-supereffective|p1a: Gliscor
|-damage|p1a: Gliscor|11/100 tox
|move|p1a: Gliscor|Toxic|p2a: Great Tusk
|-status|p2a: Great Tusk|tox
|
|-damage|p2a: Great Tusk|94/100 tox|[from] psn
|-heal|p1a: Gliscor|23/100 tox|[from] ability: Poison Heal
|upkeep
|turn|5
|
|t:|1779624543
|move|p1a: Gliscor|Protect|p1a: Gliscor
|-singleturn|p1a: Gliscor|Protect
|move|p2a: Great Tusk|Stealth Rock|p1a: Gliscor
|-sidestart|p1: CakNoel|move: Stealth Rock
|
|-damage|p2a: Great Tusk|82/100 tox|[from] psn
|-heal|p1a: Gliscor|36/100 tox|[from] ability: Poison Heal
|upkeep
|turn|6
|
|t:|1779624552
|move|p2a: Great Tusk|Rapid Spin|p1a: Gliscor
|-damage|p1a: Gliscor|22/100 tox
|-boost|p2a: Great Tusk|spe|1
|-sideend|p2: muskat-mix|Spikes|[from] move: Rapid Spin|[of] p2a: Great Tusk
|move|p1a: Gliscor|Earthquake|p2a: Great Tusk
|-damage|p2a: Great Tusk|67/100 tox
|
|-damage|p2a: Great Tusk|49/100 tox|[from] psn
|-heal|p1a: Gliscor|35/100 tox|[from] ability: Poison Heal
|upkeep
|turn|7
|
|t:|1779624563
|-end|p2a: Great Tusk|Protosynthesis|[silent]
|switch|p2a: Iron Crown|Iron Crown|100/100
|move|p1a: Gliscor|Protect||[still]
|-fail|p1a: Gliscor
|
|-heal|p1a: Gliscor|47/100 tox|[from] ability: Poison Heal
|upkeep
|turn|8
|
|t:|1779624567
|move|p1a: Gliscor|Protect|p1a: Gliscor
|-singleturn|p1a: Gliscor|Protect
|move|p2a: Iron Crown|Tachyon Cutter|p1a: Gliscor
|-activate|p1a: Gliscor|move: Protect
|
|-heal|p1a: Gliscor|60/100 tox|[from] ability: Poison Heal
|upkeep
|turn|9
|
|t:|1779624574
|switch|p1a: Kingambit|Kingambit, M|100/100
|-damage|p1a: Kingambit|94/100|[from] Stealth Rock
|-terastallize|p2a: Iron Crown|Steel
|move|p2a: Iron Crown|Tachyon Cutter|p1a: Kingambit
|-resisted|p1a: Kingambit
|-damage|p1a: Kingambit|72/100
|-resisted|p1a: Kingambit
|-damage|p1a: Kingambit|48/100
|-hitcount|p1a: Kingambit|2
|
|-heal|p1a: Kingambit|54/100|[from] item: Leftovers
|upkeep
|turn|10
|
|t:|1779624582
|move|p2a: Iron Crown|Tachyon Cutter|p1a: Kingambit
|-resisted|p1a: Kingambit
|-damage|p1a: Kingambit|31/100
|-resisted|p1a: Kingambit
|-damage|p1a: Kingambit|5/100
|-hitcount|p1a: Kingambit|2
|move|p1a: Kingambit|Kowtow Cleave|p2a: Iron Crown
|-damage|p2a: Iron Crown|49/100
|
|-heal|p1a: Kingambit|11/100|[from] item: Leftovers
|upkeep
|turn|11
|
|t:|1779624594
|move|p1a: Kingambit|Sucker Punch|p2a: Iron Crown
|-damage|p2a: Iron Crown|6/100
|move|p2a: Iron Crown|Tachyon Cutter|p1a: Kingambit
|-resisted|p1a: Kingambit
|-damage|p1a: Kingambit|0 fnt
|faint|p1a: Kingambit
|-end|p1a: Kingambit|fallenundefined|[silent]
|-hitcount|p1: Kingambit|1
|
|upkeep
|
|t:|1779624597
|switch|p1a: Raging Bolt|Raging Bolt|100/100
|-damage|p1a: Raging Bolt|88/100|[from] Stealth Rock
|turn|12
|
|t:|1779624609
|-end|p2a: Iron Crown|Quark Drive|[silent]
|switch|p2a: Great Tusk|Great Tusk|49/100 tox
|move|p1a: Raging Bolt|Thunderclap||[still]
|-fail|p1a: Raging Bolt
|
|-heal|p1a: Raging Bolt|94/100|[from] item: Leftovers
|-damage|p2a: Great Tusk|42/100 tox|[from] psn
|upkeep
|turn|13
|
|t:|1779624614
|-end|p1a: Raging Bolt|Protosynthesis|[silent]
|switch|p1a: Alomomola|Alomomola, F|100/100
|-damage|p1a: Alomomola|88/100|[from] Stealth Rock
|move|p2a: Great Tusk|Headlong Rush|p1a: Alomomola
|-damage|p1a: Alomomola|43/100
|-unboost|p2a: Great Tusk|def|1
|-unboost|p2a: Great Tusk|spd|1
|-damage|p2a: Great Tusk|26/100 tox|[from] item: Rocky Helmet|[of] p1a: Alomomola
|
|-damage|p2a: Great Tusk|13/100 tox|[from] psn
|upkeep
|turn|14
|
|t:|1779624623
|move|p1a: Alomomola|Protect|p1a: Alomomola
|-singleturn|p1a: Alomomola|Protect
|move|p2a: Great Tusk|Headlong Rush|p1a: Alomomola
|-activate|p1a: Alomomola|move: Protect
|
|-damage|p2a: Great Tusk|0 fnt|[from] psn
|faint|p2a: Great Tusk
|-end|p2a: Great Tusk|Protosynthesis|[silent]
|upkeep
|
|t:|1779624625
|switch|p2a: Lokix|Lokix, F|100/100
|turn|15
|
|t:|1779624633
|move|p2a: Lokix|U-turn|p1a: Alomomola
|-damage|p1a: Alomomola|8/100
|-damage|p2a: Lokix|84/100|[from] item: Rocky Helmet|[of] p1a: Alomomola
|
|t:|1779624637
|switch|p2a: Pecharunt|Pecharunt|100/100|[from] U-turn
|move|p1a: Alomomola|Wish|p1a: Alomomola
|
|upkeep
|turn|16
|
|t:|1779624644
|move|p1a: Alomomola|Protect|p1a: Alomomola
|-singleturn|p1a: Alomomola|Protect
|move|p2a: Pecharunt|Foul Play|p1a: Alomomola
|-activate|p1a: Alomomola|move: Protect
|
|-heal|p1a: Alomomola|58/100|[from] move: Wish|[wisher] Alomomola
|upkeep
|turn|17
|
|t:|1779624652
|move|p2a: Pecharunt|Parting Shot|p1a: Alomomola
|-unboost|p1a: Alomomola|atk|1
|-unboost|p1a: Alomomola|spa|1
|
|t:|1779624655
|switch|p2a: Alomomola|Alomomola, M|100/100|[from] Parting Shot
|move|p1a: Alomomola|Wish|p1a: Alomomola
|
|upkeep
|turn|18
|
|t:|1779624661
|move|p1a: Alomomola|Flip Turn|p2a: Alomomola
|-resisted|p2a: Alomomola
|-crit|p2a: Alomomola
|-damage|p2a: Alomomola|90/100
|
|t:|1779624666
|switch|p1a: Gliscor|Gliscor, F|60/100 tox|[from] Flip Turn
|-damage|p1a: Gliscor|47/100 tox|[from] Stealth Rock
|move|p2a: Alomomola|Flip Turn|p1a: Gliscor
|-supereffective|p1a: Gliscor
|-damage|p1a: Gliscor|24/100 tox
|
|t:|1779624670
|switch|p2a: Lokix|Lokix, F|84/100|[from] Flip Turn
|
|-heal|p1a: Gliscor|90/100 tox|[from] move: Wish|[wisher] Alomomola
|-heal|p1a: Gliscor|100/100 tox|[from] ability: Poison Heal
|upkeep
|turn|19
|
|t:|1779624678
|move|p2a: Lokix|Leech Life|p1a: Gliscor
|-resisted|p1a: Gliscor
|-damage|p1a: Gliscor|54/100 tox
|-heal|p2a: Lokix|100/100|[from] drain|[of] p1a: Gliscor
|move|p1a: Gliscor|Spikes|p2a: Lokix
|-sidestart|p2: muskat-mix|Spikes
|
|-heal|p1a: Gliscor|67/100 tox|[from] ability: Poison Heal
|upkeep
|turn|20
|
|t:|1779624683
|move|p1a: Gliscor|Protect|p1a: Gliscor
|-singleturn|p1a: Gliscor|Protect
|move|p2a: Lokix|Leech Life|p1a: Gliscor
|-activate|p1a: Gliscor|move: Protect
|
|-heal|p1a: Gliscor|79/100 tox|[from] ability: Poison Heal
|upkeep
|turn|21
|
|t:|1779624686
|move|p2a: Lokix|Leech Life|p1a: Gliscor
|-resisted|p1a: Gliscor
|-damage|p1a: Gliscor|35/100 tox
|move|p1a: Gliscor|Toxic|p2a: Lokix
|-status|p2a: Lokix|tox
|
|-damage|p2a: Lokix|95/100 tox|[from] psn
|-heal|p1a: Gliscor|48/100 tox|[from] ability: Poison Heal
|upkeep
|turn|22
|
|t:|1779624690
|move|p1a: Gliscor|Protect|p1a: Gliscor
|-singleturn|p1a: Gliscor|Protect
|move|p2a: Lokix|Leech Life|p1a: Gliscor
|-activate|p1a: Gliscor|move: Protect
|
|-damage|p2a: Lokix|83/100 tox|[from] psn
|-heal|p1a: Gliscor|60/100 tox|[from] ability: Poison Heal
|upkeep
|turn|23
|
|t:|1779624696
|switch|p1a: Alomomola|Alomomola, F|91/100
|-damage|p1a: Alomomola|79/100|[from] Stealth Rock
|move|p2a: Lokix|Leech Life|p1a: Alomomola
|-damage|p1a: Alomomola|42/100
|-heal|p2a: Lokix|100/100 tox|[from] drain|[of] p1a: Alomomola
|-damage|p2a: Lokix|84/100 tox|[from] item: Rocky Helmet|[of] p1a: Alomomola
|
|-damage|p2a: Lokix|66/100 tox|[from] psn
|upkeep
|turn|24
|
|t:|1779624705
|switch|p2a: Pecharunt|Pecharunt|100/100
|-damage|p2a: Pecharunt|88/100|[from] Spikes
|move|p1a: Alomomola|Wish|p1a: Alomomola
|
|upkeep
|turn|25
|
|t:|1779624711
|move|p2a: Pecharunt|Malignant Chain|p1a: Alomomola
|-damage|p1a: Alomomola|14/100
|-status|p1a: Alomomola|tox
|-start|p1a: Alomomola|confusion|[from] ability: Poison Puppeteer|[of] p2a: Pecharunt
|-activate|p1a: Alomomola|confusion
|move|p1a: Alomomola|Flip Turn|p2a: Pecharunt
|-damage|p2a: Pecharunt|80/100
|-damage|p1a: Alomomola|0 fnt|[from] item: Rocky Helmet|[of] p2a: Pecharunt
|faint|p1a: Alomomola
|
|upkeep
|
|t:|1779624726
|switch|p1a: Tyranitar|Tyranitar, F|100/100
|-damage|p1a: Tyranitar|88/100|[from] Stealth Rock
|-weather|Sandstorm|[from] ability: Sand Stream|[of] p1a: Tyranitar
|turn|26
|
|t:|1779624731
|move|p2a: Pecharunt|Parting Shot|p1a: Tyranitar
|-unboost|p1a: Tyranitar|atk|1
|-unboost|p1a: Tyranitar|spa|1
|
|t:|1779624734
|switch|p2a: Alomomola|Alomomola, M|100/100|[from] Parting Shot
|-damage|p2a: Alomomola|88/100|[from] Spikes
|move|p1a: Tyranitar|Stealth Rock|p2a: Alomomola
|-sidestart|p2: muskat-mix|move: Stealth Rock
|
|-weather|Sandstorm|[upkeep]
|-damage|p2a: Alomomola|82/100|[from] Sandstorm
|upkeep
|turn|27
|
|t:|1779624742
|move|p1a: Tyranitar|Thunder Wave|p2a: Alomomola
|-status|p2a: Alomomola|par
|move|p2a: Alomomola|Scald|p1a: Tyranitar
|-supereffective|p1a: Tyranitar
|-damage|p1a: Tyranitar|76/100
|
|-weather|Sandstorm|[upkeep]
|-damage|p2a: Alomomola|76/100 par|[from] Sandstorm
|upkeep
|turn|28
|
|t:|1779624751
|switch|p1a: Raging Bolt|Raging Bolt|94/100
|-damage|p1a: Raging Bolt|82/100|[from] Stealth Rock
|cant|p2a: Alomomola|par
|
|-weather|Sandstorm|[upkeep]
|-damage|p1a: Raging Bolt|76/100|[from] Sandstorm
|-damage|p2a: Alomomola|70/100 par|[from] Sandstorm
|-heal|p1a: Raging Bolt|82/100|[from] item: Leftovers
|upkeep
|turn|29
|
|t:|1779624757
|move|p1a: Raging Bolt|Calm Mind|p1a: Raging Bolt
|-boost|p1a: Raging Bolt|spa|1
|-boost|p1a: Raging Bolt|spd|1
|move|p2a: Alomomola|Mirror Coat||[still]
|-fail|p2a: Alomomola
|
|-weather|Sandstorm|[upkeep]
|-damage|p1a: Raging Bolt|76/100|[from] Sandstorm
|-damage|p2a: Alomomola|63/100 par|[from] Sandstorm
|-heal|p1a: Raging Bolt|82/100|[from] item: Leftovers
|upkeep
|turn|30
|
|t:|1779624764
|move|p1a: Raging Bolt|Calm Mind|p1a: Raging Bolt
|-boost|p1a: Raging Bolt|spa|1
|-boost|p1a: Raging Bolt|spd|1
|move|p2a: Alomomola|Flip Turn|p1a: Raging Bolt
|-resisted|p1a: Raging Bolt
|-damage|p1a: Raging Bolt|74/100
|
|t:|1779624769
|switch|p2a: Lokix|Lokix, F|66/100 tox|[from] Flip Turn
|-damage|p2a: Lokix|54/100 tox|[from] Spikes
|-damage|p2a: Lokix|29/100 tox|[from] Stealth Rock
|
|-weather|Sandstorm|[upkeep]
|-damage|p2a: Lokix|23/100 tox|[from] Sandstorm
|-damage|p1a: Raging Bolt|68/100|[from] Sandstorm
|-heal|p1a: Raging Bolt|74/100|[from] item: Leftovers
|-damage|p2a: Lokix|17/100 tox|[from] psn
|upkeep
|turn|31
|
|t:|1779624778
|move|p2a: Lokix|First Impression|p1a: Raging Bolt
|-damage|p1a: Raging Bolt|13/100
|move|p1a: Raging Bolt|Thunderbolt|p2a: Lokix
|-damage|p2a: Lokix|0 fnt
|faint|p2a: Lokix
|
|-weather|Sandstorm|[upkeep]
|-damage|p1a: Raging Bolt|7/100|[from] Sandstorm
|-heal|p1a: Raging Bolt|13/100|[from] item: Leftovers
|upkeep
|
|t:|1779624785
|switch|p2a: Alomomola|Alomomola, M|97/100 par
|-damage|p2a: Alomomola|84/100 par|[from] Spikes
|-damage|p2a: Alomomola|72/100 par|[from] Stealth Rock
|turn|32
|
|t:|1779624797
|move|p1a: Raging Bolt|Thunderbolt|p2a: Alomomola
|-supereffective|p2a: Alomomola
|-damage|p2a: Alomomola|0 fnt
|faint|p2a: Alomomola
|
|-weather|Sandstorm|[upkeep]
|-damage|p1a: Raging Bolt|7/100|[from] Sandstorm
|-heal|p1a: Raging Bolt|13/100|[from] item: Leftovers
|upkeep
|
|t:|1779624802
|switch|p2a: Enamorus|Enamorus, F|100/100
|-damage|p2a: Enamorus|76/100|[from] Stealth Rock
|turn|33
|
|t:|1779624807
|move|p1a: Raging Bolt|Thunderclap||[still]
|-fail|p1a: Raging Bolt
|move|p2a: Enamorus|Healing Wish|p2a: Enamorus
|faint|p2a: Enamorus
|
|-weather|none
|-heal|p1a: Raging Bolt|19/100|[from] item: Leftovers
|upkeep
|
|t:|1779624809
|switch|p2a: Iron Crown|Iron Crown, tera:Steel|6/100
|-heal|p2a: Iron Crown|100/100|[from] move: Healing Wish
|-damage|p2a: Iron Crown|88/100|[from] Spikes
|-damage|p2a: Iron Crown|82/100|[from] Stealth Rock
|turn|34
|
|t:|1779624820
|move|p1a: Raging Bolt|Thunderclap|p2a: Iron Crown
|-damage|p2a: Iron Crown|0 fnt
|faint|p2a: Iron Crown
|-end|p2a: Iron Crown|Quark Drive|[silent]
|
|-heal|p1a: Raging Bolt|25/100|[from] item: Leftovers
|upkeep
|
|t:|1779624822
|switch|p2a: Pecharunt|Pecharunt|80/100
|-damage|p2a: Pecharunt|68/100|[from] Spikes
|-damage|p2a: Pecharunt|55/100|[from] Stealth Rock
|turn|35
|
|t:|1779624827
|move|p1a: Raging Bolt|Thunderclap||[still]
|-fail|p1a: Raging Bolt
|move|p2a: Pecharunt|Parting Shot|p1a: Raging Bolt
|-unboost|p1a: Raging Bolt|atk|1
|-unboost|p1a: Raging Bolt|spa|1
|
|-heal|p1a: Raging Bolt|31/100|[from] item: Leftovers
|upkeep
|turn|36
|-message|muskat-mix forfeited.
|
|win|CakNoel
|raw|CakNoel's rating: 1423 &rarr; <strong>1442</strong><br />(+19 for winning)
|raw|muskat-mix's rating: 1414 &rarr; <strong>1395</strong><br />(-19 for losing)
|l|☆muskat-mix
|player|p2|
