|j|☆Shadowz987
|j|☆claudechamp
|t:|1779581471
|gametype|singles
|player|p1|Shadowz987|101|1340
|player|p2|claudechamp|101|1302
|gen|9
|tier|[Gen 9] OU
|rated|
|rule|HP Percentage Mod: HP is shown in percentages
|rule|Endless Battle Clause: Forcing endless battles is banned
|rule|Species Clause: Limit one of each Pokémon
|rule|OHKO Clause: OHKO moves are banned
|rule|Evasion Items Clause: Evasion items are banned
|rule|Evasion Moves Clause: Evasion moves are banned
|rule|Evasion Abilities Clause: Evasion abilities are banned
|rule|Sleep Moves Clause: Sleep-inducing moves are banned
|clearpoke
|poke|p1|Glimmora, M|
|poke|p1|Garganacl, F|
|poke|p1|Hatterene, F|
|poke|p1|Salazzle, F|
|poke|p1|Quagsire, F|
|poke|p1|Ogerpon-Wellspring, F|
|poke|p2|Gliscor, M|
|poke|p2|Gholdengo|
|poke|p2|Zamazenta-*|
|poke|p2|Blissey, F|
|poke|p2|Skarmory, M|
|poke|p2|Pecharunt|
|teampreview
|c|☆claudechamp|hf
|inactive|Battle timer is ON: inactive players will automatically lose when time's up. (requested by claudechamp)
|
|t:|1779581485
|teamsize|p1|6
|teamsize|p2|6
|start
|switch|p1a: Ogerpon|Ogerpon-Wellspring, F|100/100
|switch|p2a: Skarmory|Skarmory, M|100/100
|turn|1
|
|t:|1779581493
|move|p1a: Ogerpon|Swords Dance|p1a: Ogerpon
|-boost|p1a: Ogerpon|atk|2
|move|p2a: Skarmory|Spikes|p1a: Ogerpon
|-sidestart|p1: Shadowz987|Spikes
|
|upkeep
|turn|2
|
|t:|1779581503
|move|p1a: Ogerpon|Encore|p2a: Skarmory
|-start|p2a: Skarmory|Encore
|move|p2a: Skarmory|Spikes|p1a: Ogerpon
|-sidestart|p1: Shadowz987|Spikes
|
|upkeep
|turn|3
|
|t:|1779581506
|switch|p2a: Zamazenta|Zamazenta|100/100
|-ability|p2a: Zamazenta|Dauntless Shield|boost
|-boost|p2a: Zamazenta|def|1
|move|p1a: Ogerpon|Swords Dance|p1a: Ogerpon
|-boost|p1a: Ogerpon|atk|2
|
|upkeep
|turn|4
|
|t:|1779581510
|move|p2a: Zamazenta|Close Combat|p1a: Ogerpon
|-damage|p1a: Ogerpon|22/100
|-unboost|p2a: Zamazenta|def|1
|-unboost|p2a: Zamazenta|spd|1
|move|p1a: Ogerpon|Ivy Cudgel|p2a: Zamazenta|[anim] Ivy Cudgel Water
|-damage|p2a: Zamazenta|0 fnt
|faint|p2a: Zamazenta
|
|upkeep
|
|t:|1779581512
|switch|p2a: Skarmory|Skarmory, M|100/100
|turn|5
|
|t:|1779581525
|move|p1a: Ogerpon|Ivy Cudgel|p2a: Skarmory|[anim] Ivy Cudgel Water
|-ability|p2a: Skarmory|Sturdy
|-damage|p2a: Skarmory|1/100
|move|p2a: Skarmory|Whirlwind|p1a: Ogerpon
|drag|p1a: Salazzle|Salazzle, F|100/100
|-damage|p1a: Salazzle|84/100|[from] Spikes
|
|upkeep
|turn|6
|
|t:|1779581534
|move|p1a: Salazzle|Toxic|p2a: Skarmory
|-status|p2a: Skarmory|tox
|move|p2a: Skarmory|Roost|p2a: Skarmory
|-heal|p2a: Skarmory|51/100 tox
|-singleturn|p2a: Skarmory|move: Roost
|
|-damage|p2a: Skarmory|45/100 tox|[from] psn
|upkeep
|turn|7
|
|t:|1779581538
|switch|p2a: Gliscor|Gliscor, M|100/100
|move|p1a: Salazzle|Encore||[still]
|-fail|p1a: Salazzle
|
|-status|p2a: Gliscor|tox|[from] item: Toxic Orb
|upkeep
|turn|8
|
|t:|1779581551
|switch|p1a: Glimmora|Glimmora, M|100/100
|-item|p1a: Glimmora|Air Balloon
|move|p2a: Gliscor|Earthquake|p1a: Glimmora
|-immune|p1a: Glimmora
|
|upkeep
|turn|9
|
|t:|1779581558
|move|p1a: Glimmora|Power Gem|p2a: Gliscor
|-damage|p2a: Gliscor|66/100 tox
|move|p2a: Gliscor|Knock Off|p1a: Glimmora
|-damage|p1a: Glimmora|80/100
|-activate|p1a: Glimmora|ability: Toxic Debris
|-sidestart|p2: claudechamp|move: Toxic Spikes
|-enditem|p1a: Glimmora|Air Balloon
|
|-heal|p2a: Gliscor|79/100 tox|[from] ability: Poison Heal
|upkeep
|turn|10
|
|t:|1779581565
|switch|p1a: Hatterene|Hatterene, F|100/100
|-damage|p1a: Hatterene|84/100|[from] Spikes
|move|p2a: Gliscor|Swords Dance|p2a: Gliscor
|-boost|p2a: Gliscor|atk|2
|
|-heal|p1a: Hatterene|90/100|[from] item: Leftovers
|-heal|p2a: Gliscor|91/100 tox|[from] ability: Poison Heal
|upkeep
|turn|11
|
|t:|1779581570
|move|p2a: Gliscor|Earthquake|p1a: Hatterene
|-damage|p1a: Hatterene|37/100
|move|p1a: Hatterene|Psychic Noise|p2a: Gliscor
|-damage|p2a: Gliscor|54/100 tox
|-start|p2a: Gliscor|move: Heal Block
|
|-heal|p1a: Hatterene|43/100|[from] item: Leftovers
|upkeep
|turn|12
|
|t:|1779581581
|move|p2a: Gliscor|Earthquake|p1a: Hatterene
|-damage|p1a: Hatterene|0 fnt
|faint|p1a: Hatterene
|
|-end|p2a: Gliscor|move: Heal Block
|upkeep
|
|t:|1779581595
|switch|p1a: Quagsire|Quagsire, F|100/100
|-damage|p1a: Quagsire|84/100|[from] Spikes
|turn|13
|
|t:|1779581606
|move|p2a: Gliscor|Earthquake|p1a: Quagsire
|-damage|p1a: Quagsire|60/100
|move|p1a: Quagsire|Ice Beam|p2a: Gliscor
|-supereffective|p2a: Gliscor
|-damage|p2a: Gliscor|0 fnt
|faint|p2a: Gliscor
|
|-heal|p1a: Quagsire|66/100|[from] item: Leftovers
|upkeep
|
|t:|1779581614
|switch|p2a: Blissey|Blissey, F|100/100
|turn|14
|
|t:|1779581624
|move|p2a: Blissey|Stealth Rock|p1a: Quagsire
|-sidestart|p1: Shadowz987|move: Stealth Rock
|move|p1a: Quagsire|Toxic|p2a: Blissey
|-status|p2a: Blissey|tox
|
|-heal|p1a: Quagsire|73/100|[from] item: Leftovers
|-damage|p2a: Blissey|94/100 tox|[from] psn
|upkeep
|turn|15
|
|t:|1779581632
|-curestatus|p2a: Blissey|tox|[from] ability: Natural Cure|[silent]
|switch|p2a: Gholdengo|Gholdengo|100/100
|move|p1a: Quagsire|Earthquake|p2a: Gholdengo
|-supereffective|p2a: Gholdengo
|-damage|p2a: Gholdengo|53/100
|
|-heal|p1a: Quagsire|79/100|[from] item: Leftovers
|upkeep
|turn|16
|
|t:|1779581645
|move|p2a: Gholdengo|Recover|p2a: Gholdengo
|-heal|p2a: Gholdengo|100/100
|move|p1a: Quagsire|Earthquake|p2a: Gholdengo
|-supereffective|p2a: Gholdengo
|-damage|p2a: Gholdengo|53/100
|
|-heal|p1a: Quagsire|85/100|[from] item: Leftovers
|upkeep
|turn|17
|
|t:|1779581654
|move|p2a: Gholdengo|Recover|p2a: Gholdengo
|-heal|p2a: Gholdengo|100/100
|move|p1a: Quagsire|Earthquake|p2a: Gholdengo
|-supereffective|p2a: Gholdengo
|-damage|p2a: Gholdengo|56/100
|
|-heal|p1a: Quagsire|91/100|[from] item: Leftovers
|upkeep
|turn|18
|
|t:|1779581663
|-terastallize|p2a: Gholdengo|Fairy
|move|p2a: Gholdengo|Nasty Plot|p2a: Gholdengo
|-boost|p2a: Gholdengo|spa|2
|move|p1a: Quagsire|Earthquake|p2a: Gholdengo
|-damage|p2a: Gholdengo|35/100
|
|-heal|p1a: Quagsire|97/100|[from] item: Leftovers
|upkeep
|turn|19
|
|t:|1779581677
|move|p2a: Gholdengo|Hex|p1a: Quagsire
|-damage|p1a: Quagsire|64/100
|move|p1a: Quagsire|Recover|p1a: Quagsire
|-heal|p1a: Quagsire|100/100
|
|upkeep
|turn|20
|
|t:|1779581698
|move|p2a: Gholdengo|Recover|p2a: Gholdengo
|-heal|p2a: Gholdengo|85/100
|move|p1a: Quagsire|Earthquake|p2a: Gholdengo
|-crit|p2a: Gholdengo
|-damage|p2a: Gholdengo|54/100
|
|upkeep
|turn|21
|
|t:|1779581707
|move|p2a: Gholdengo|Hex|p1a: Quagsire
|-damage|p1a: Quagsire|67/100
|move|p1a: Quagsire|Earthquake|p2a: Gholdengo
|-damage|p2a: Gholdengo|32/100
|
|-heal|p1a: Quagsire|73/100|[from] item: Leftovers
|upkeep
|turn|22
|
|t:|1779581715
|move|p2a: Gholdengo|Hex|p1a: Quagsire
|-damage|p1a: Quagsire|36/100
|move|p1a: Quagsire|Earthquake|p2a: Gholdengo
|-damage|p2a: Gholdengo|9/100
|
|-heal|p1a: Quagsire|42/100|[from] item: Leftovers
|upkeep
|turn|23
|
|t:|1779581721
|move|p2a: Gholdengo|Hex|p1a: Quagsire
|-damage|p1a: Quagsire|7/100
|move|p1a: Quagsire|Recover|p1a: Quagsire
|-heal|p1a: Quagsire|57/100
|
|-heal|p1a: Quagsire|63/100|[from] item: Leftovers
|upkeep
|turn|24
|
|t:|1779581729
|move|p2a: Gholdengo|Hex|p1a: Quagsire
|-damage|p1a: Quagsire|30/100
|move|p1a: Quagsire|Earthquake|p2a: Gholdengo
|-damage|p2a: Gholdengo|0 fnt
|faint|p2a: Gholdengo
|
|-heal|p1a: Quagsire|36/100|[from] item: Leftovers
|upkeep
|
|t:|1779581735
|switch|p2a: Blissey|Blissey, F|94/100
|turn|25
|
|t:|1779581756
|switch|p2a: Pecharunt|Pecharunt|100/100
|-sideend|p2: claudechamp|move: Toxic Spikes|[of] p2a: Pecharunt
|switch|p1a: Glimmora|Glimmora, M|80/100
|-damage|p1a: Glimmora|64/100|[from] Spikes
|-damage|p1a: Glimmora|52/100|[from] Stealth Rock
|
|upkeep
|turn|26
|
|t:|1779581763
|move|p1a: Glimmora|Earth Power|p2a: Pecharunt
|-supereffective|p2a: Pecharunt
|-damage|p2a: Pecharunt|52/100
|move|p2a: Pecharunt|Shadow Ball|p1a: Glimmora
|-damage|p1a: Glimmora|26/100
|
|upkeep
|turn|27
|
|t:|1779581776
|move|p1a: Glimmora|Earth Power|p2a: Pecharunt
|-supereffective|p2a: Pecharunt
|-damage|p2a: Pecharunt|5/100
|move|p2a: Pecharunt|Shadow Ball|p1a: Glimmora
|-damage|p1a: Glimmora|0 fnt
|faint|p1a: Glimmora
|
|upkeep
|
|t:|1779581790
|switch|p1a: Ogerpon|Ogerpon-Wellspring, F|22/100
|-damage|p1a: Ogerpon|5/100|[from] Spikes
|-damage|p1a: Ogerpon|0 fnt|[from] Stealth Rock
|faint|p1a: Ogerpon
|
|t:|1779581806
|switch|p1a: Salazzle|Salazzle, F|84/100
|-damage|p1a: Salazzle|67/100|[from] Spikes
|-damage|p1a: Salazzle|43/100|[from] Stealth Rock
|turn|28
|
|t:|1779581820
|move|p1a: Salazzle|Toxic|p2a: Pecharunt
|-status|p2a: Pecharunt|tox
|move|p2a: Pecharunt|Recover|p2a: Pecharunt
|-heal|p2a: Pecharunt|55/100 tox
|
|-damage|p2a: Pecharunt|49/100 tox|[from] psn
|upkeep
|turn|29
|
|t:|1779581834
|move|p1a: Salazzle|Encore|p2a: Pecharunt
|-start|p2a: Pecharunt|Encore
|move|p2a: Pecharunt|Recover|p2a: Pecharunt
|-heal|p2a: Pecharunt|99/100 tox
|
|-damage|p2a: Pecharunt|87/100 tox|[from] psn
|upkeep
|turn|30
|
|t:|1779581847
|switch|p2a: Skarmory|Skarmory, M|45/100 tox
|move|p1a: Salazzle|Toxic|p2a: Skarmory
|-fail|p2a: Skarmory|tox
|
|-damage|p2a: Skarmory|39/100 tox|[from] psn
|upkeep
|turn|31
|
|t:|1779581855
|move|p1a: Salazzle|Protect|p1a: Salazzle
|-singleturn|p1a: Salazzle|Protect
|move|p2a: Skarmory|Whirlwind|p1a: Salazzle
|drag|p1a: Garganacl|Garganacl, F|100/100
|-damage|p1a: Garganacl|84/100|[from] Spikes
|-damage|p1a: Garganacl|72/100|[from] Stealth Rock
|
|-heal|p1a: Garganacl|78/100|[from] item: Leftovers
|-damage|p2a: Skarmory|27/100 tox|[from] psn
|upkeep
|turn|32
|
|t:|1779581863
|move|p1a: Garganacl|Salt Cure|p2a: Skarmory
|-damage|p2a: Skarmory|19/100 tox
|-start|p2a: Skarmory|Salt Cure
|move|p2a: Skarmory|Whirlwind|p1a: Garganacl
|drag|p1a: Salazzle|Salazzle, F|43/100
|-damage|p1a: Salazzle|26/100|[from] Spikes
|-damage|p1a: Salazzle|1/100|[from] Stealth Rock
|
|-damage|p2a: Skarmory|1/100 tox|[from] psn
|-damage|p2a: Skarmory|0 fnt|[from] Salt Cure
|faint|p2a: Skarmory
|upkeep
|
|t:|1779581870
|switch|p2a: Pecharunt|Pecharunt|87/100 tox
|turn|33
|
|t:|1779581876
|move|p1a: Salazzle|Protect|p1a: Salazzle
|-singleturn|p1a: Salazzle|Protect
|move|p2a: Pecharunt|Parting Shot|p1a: Salazzle
|-activate|p1a: Salazzle|move: Protect
|
|-damage|p2a: Pecharunt|80/100 tox|[from] psn
|upkeep
|turn|34
|
|t:|1779581902
|move|p1a: Salazzle|Encore|p2a: Pecharunt
|-start|p2a: Pecharunt|Encore
|move|p2a: Pecharunt|Parting Shot|p1a: Salazzle
|-unboost|p1a: Salazzle|atk|1
|-unboost|p1a: Salazzle|spa|1
|
|t:|1779581910
|switch|p2a: Blissey|Blissey, F|94/100|[from] Parting Shot
|
|upkeep
|turn|35
|
|t:|1779581919
|switch|p2a: Pecharunt|Pecharunt|80/100 tox
|move|p1a: Salazzle|Endeavor|p2a: Pecharunt
|-immune|p2a: Pecharunt
|
|-damage|p2a: Pecharunt|74/100 tox|[from] psn
|upkeep
|turn|36
|
|t:|1779581928
|move|p1a: Salazzle|Protect|p1a: Salazzle
|-singleturn|p1a: Salazzle|Protect
|move|p2a: Pecharunt|Parting Shot|p1a: Salazzle
|-activate|p1a: Salazzle|move: Protect
|
|-damage|p2a: Pecharunt|62/100 tox|[from] psn
|upkeep
|turn|37
|
|t:|1779581933
|move|p1a: Salazzle|Encore|p2a: Pecharunt
|-start|p2a: Pecharunt|Encore
|move|p2a: Pecharunt|Parting Shot|p1a: Salazzle
|-unboost|p1a: Salazzle|atk|1
|-unboost|p1a: Salazzle|spa|1
|
|t:|1779581944
|switch|p2a: Blissey|Blissey, F|94/100|[from] Parting Shot
|
|upkeep
|turn|38
|
|t:|1779581953
|switch|p2a: Pecharunt|Pecharunt|62/100 tox
|move|p1a: Salazzle|Endeavor|p2a: Pecharunt
|-immune|p2a: Pecharunt
|
|-damage|p2a: Pecharunt|56/100 tox|[from] psn
|upkeep
|turn|39
|
|t:|1779581960
|move|p1a: Salazzle|Protect|p1a: Salazzle
|-singleturn|p1a: Salazzle|Protect
|move|p2a: Pecharunt|Recover|p2a: Pecharunt
|-heal|p2a: Pecharunt|100/100 tox
|
|-damage|p2a: Pecharunt|88/100 tox|[from] psn
|upkeep
|turn|40
|
|t:|1779581970
|switch|p2a: Blissey|Blissey, F|94/100
|move|p1a: Salazzle|Toxic|p2a: Blissey
|-status|p2a: Blissey|tox
|
|-damage|p2a: Blissey|88/100 tox|[from] psn
|upkeep
|turn|41
|
|t:|1779581980
|-curestatus|p2a: Blissey|tox|[from] ability: Natural Cure|[silent]
|switch|p2a: Pecharunt|Pecharunt|88/100 tox
|move|p1a: Salazzle|Endeavor|p2a: Pecharunt
|-immune|p2a: Pecharunt
|
|-damage|p2a: Pecharunt|82/100 tox|[from] psn
|upkeep
|turn|42
|
|t:|1779581987
|move|p1a: Salazzle|Protect|p1a: Salazzle
|-singleturn|p1a: Salazzle|Protect
|move|p2a: Pecharunt|Parting Shot|p1a: Salazzle
|-activate|p1a: Salazzle|move: Protect
|
|-damage|p2a: Pecharunt|70/100 tox|[from] psn
|upkeep
|turn|43
|
|t:|1779581997
|move|p1a: Salazzle|Toxic|p2a: Pecharunt
|-fail|p2a: Pecharunt|tox
|move|p2a: Pecharunt|Recover|p2a: Pecharunt
|-heal|p2a: Pecharunt|100/100 tox
|
|-damage|p2a: Pecharunt|82/100 tox|[from] psn
|upkeep
|turn|44
|
|t:|1779582004
|move|p1a: Salazzle|Endeavor|p2a: Pecharunt
|-immune|p2a: Pecharunt
|move|p2a: Pecharunt|Parting Shot|p1a: Salazzle
|-unboost|p1a: Salazzle|atk|1
|-unboost|p1a: Salazzle|spa|1
|
|t:|1779582016
|switch|p2a: Blissey|Blissey, F|88/100|[from] Parting Shot
|
|upkeep
|turn|45
|
|t:|1779582027
|switch|p2a: Pecharunt|Pecharunt|82/100 tox
|move|p1a: Salazzle|Protect||[still]
|-fail|p1a: Salazzle
|
|-damage|p2a: Pecharunt|76/100 tox|[from] psn
|upkeep
|turn|46
|
|t:|1779582036
|move|p1a: Salazzle|Protect|p1a: Salazzle
|-singleturn|p1a: Salazzle|Protect
|move|p2a: Pecharunt|Recover|p2a: Pecharunt
|-heal|p2a: Pecharunt|100/100 tox
|
|-damage|p2a: Pecharunt|88/100 tox|[from] psn
|upkeep
|turn|47
|
|t:|1779582047
|move|p1a: Salazzle|Endeavor|p2a: Pecharunt
|-immune|p2a: Pecharunt
|move|p2a: Pecharunt|Parting Shot|p1a: Salazzle
|-unboost|p1a: Salazzle|atk|1
|-unboost|p1a: Salazzle|spa|1
|
|t:|1779582059
|switch|p2a: Blissey|Blissey, F|88/100|[from] Parting Shot
|
|upkeep
|turn|48
|
|t:|1779582069
|switch|p2a: Pecharunt|Pecharunt|88/100 tox
|move|p1a: Salazzle|Protect||[still]
|-fail|p1a: Salazzle
|
|-damage|p2a: Pecharunt|82/100 tox|[from] psn
|upkeep
|turn|49
|
|t:|1779582077
|move|p1a: Salazzle|Toxic|p2a: Pecharunt
|-fail|p2a: Pecharunt|tox
|move|p2a: Pecharunt|Parting Shot|p1a: Salazzle
|-unboost|p1a: Salazzle|atk|1
|-unboost|p1a: Salazzle|spa|1
|
|t:|1779582083
|switch|p2a: Blissey|Blissey, F|88/100|[from] Parting Shot
|
|upkeep
|turn|50
|
|t:|1779582096
|switch|p2a: Pecharunt|Pecharunt|82/100 tox
|move|p1a: Salazzle|Endeavor|p2a: Pecharunt
|-immune|p2a: Pecharunt
|
|-damage|p2a: Pecharunt|76/100 tox|[from] psn
|upkeep
|turn|51
|
|t:|1779582107
|move|p1a: Salazzle|Protect|p1a: Salazzle
|-singleturn|p1a: Salazzle|Protect
|move|p2a: Pecharunt|Parting Shot|p1a: Salazzle
|-activate|p1a: Salazzle|move: Protect
|
|-damage|p2a: Pecharunt|64/100 tox|[from] psn
|upkeep
|turn|52
|
|t:|1779582114
|move|p1a: Salazzle|Toxic|p2a: Pecharunt
|-fail|p2a: Pecharunt|tox
|move|p2a: Pecharunt|Recover|p2a: Pecharunt
|-heal|p2a: Pecharunt|100/100 tox
|
|-damage|p2a: Pecharunt|82/100 tox|[from] psn
|upkeep
|turn|53
|
|t:|1779582125
|move|p1a: Salazzle|Encore|p2a: Pecharunt
|-start|p2a: Pecharunt|Encore
|move|p2a: Pecharunt|Recover|p2a: Pecharunt
|-heal|p2a: Pecharunt|100/100 tox
|
|-damage|p2a: Pecharunt|76/100 tox|[from] psn
|upkeep
|turn|54
|
|t:|1779582134
|move|p1a: Salazzle|Endeavor|p2a: Pecharunt
|-immune|p2a: Pecharunt
|move|p2a: Pecharunt|Recover|p2a: Pecharunt
|-heal|p2a: Pecharunt|100/100 tox
|
|-damage|p2a: Pecharunt|70/100 tox|[from] psn
|-end|p2a: Pecharunt|Encore
|upkeep
|turn|55
|
|t:|1779582147
|move|p1a: Salazzle|Endeavor|p2a: Pecharunt
|-immune|p2a: Pecharunt
|move|p2a: Pecharunt|Parting Shot|p1a: Salazzle
|-unboost|p1a: Salazzle|atk|1
|-unboost|p1a: Salazzle|spa|1
|
|t:|1779582158
|switch|p2a: Blissey|Blissey, F|88/100|[from] Parting Shot
|
|upkeep
|turn|56
|
|t:|1779582167
|switch|p2a: Pecharunt|Pecharunt|70/100 tox
|move|p1a: Salazzle|Toxic|p2a: Pecharunt
|-fail|p2a: Pecharunt|tox
|
|-damage|p2a: Pecharunt|64/100 tox|[from] psn
|upkeep
|turn|57
|
|t:|1779582173
|move|p1a: Salazzle|Protect|p1a: Salazzle
|-singleturn|p1a: Salazzle|Protect
|move|p2a: Pecharunt|Parting Shot|p1a: Salazzle
|-activate|p1a: Salazzle|move: Protect
|
|-damage|p2a: Pecharunt|52/100 tox|[from] psn
|upkeep
|turn|58
|
|t:|1779582178
|move|p1a: Salazzle|Encore|p2a: Pecharunt
|-start|p2a: Pecharunt|Encore
|move|p2a: Pecharunt|Parting Shot|p1a: Salazzle
|-unboost|p1a: Salazzle|atk|0
|-unboost|p1a: Salazzle|spa|0
|
|-damage|p2a: Pecharunt|34/100 tox|[from] psn
|upkeep
|turn|59
|
|t:|1779582185
|move|p1a: Salazzle|Toxic|p2a: Pecharunt
|-fail|p2a: Pecharunt|tox
|move|p2a: Pecharunt|Parting Shot|p1a: Salazzle
|-unboost|p1a: Salazzle|atk|0
|-unboost|p1a: Salazzle|spa|0
|
|-damage|p2a: Pecharunt|10/100 tox|[from] psn
|upkeep
|turn|60
|
|t:|1779582192
|switch|p2a: Blissey|Blissey, F|88/100
|move|p1a: Salazzle|Toxic|p2a: Blissey
|-status|p2a: Blissey|tox
|
|-damage|p2a: Blissey|82/100 tox|[from] psn
|upkeep
|turn|61
|
|t:|1779582197
|move|p1a: Salazzle|Protect|p1a: Salazzle
|-singleturn|p1a: Salazzle|Protect
|move|p2a: Blissey|Soft-Boiled|p2a: Blissey
|-heal|p2a: Blissey|100/100 tox
|
|-damage|p2a: Blissey|88/100 tox|[from] psn
|upkeep
|turn|62
|
|t:|1779582209
|-curestatus|p2a: Blissey|tox|[from] ability: Natural Cure|[silent]
|switch|p2a: Pecharunt|Pecharunt|10/100 tox
|move|p1a: Salazzle|Encore||[still]
|-fail|p1a: Salazzle
|
|-damage|p2a: Pecharunt|4/100 tox|[from] psn
|upkeep
|turn|63
|
|t:|1779582214
|move|p1a: Salazzle|Protect|p1a: Salazzle
|-singleturn|p1a: Salazzle|Protect
|move|p2a: Pecharunt|Parting Shot|p1a: Salazzle
|-activate|p1a: Salazzle|move: Protect
|
|-damage|p2a: Pecharunt|0 fnt|[from] psn
|faint|p2a: Pecharunt
|upkeep
|
|t:|1779582221
|switch|p2a: Blissey|Blissey, F|88/100
|turn|64
|
|t:|1779582228
|move|p1a: Salazzle|Toxic|p2a: Blissey
|-status|p2a: Blissey|tox
|move|p2a: Blissey|Soft-Boiled|p2a: Blissey
|-heal|p2a: Blissey|100/100 tox
|
|-damage|p2a: Blissey|94/100 tox|[from] psn
|upkeep
|turn|65
|
|t:|1779582233
|move|p1a: Salazzle|Encore|p2a: Blissey
|-start|p2a: Blissey|Encore
|move|p2a: Blissey|Soft-Boiled|p2a: Blissey
|-heal|p2a: Blissey|100/100 tox
|
|-damage|p2a: Blissey|88/100 tox|[from] psn
|upkeep
|turn|66
|
|t:|1779582241
|move|p1a: Salazzle|Toxic|p2a: Blissey
|-fail|p2a: Blissey|tox
|move|p2a: Blissey|Soft-Boiled|p2a: Blissey
|-heal|p2a: Blissey|100/100 tox
|
|-damage|p2a: Blissey|82/100 tox|[from] psn
|upkeep
|turn|67
|
|t:|1779582246
|move|p1a: Salazzle|Toxic|p2a: Blissey
|-fail|p2a: Blissey|tox
|move|p2a: Blissey|Soft-Boiled|p2a: Blissey
|-heal|p2a: Blissey|100/100 tox
|
|-damage|p2a: Blissey|76/100 tox|[from] psn
|-end|p2a: Blissey|Encore
|upkeep
|turn|68
|
|t:|1779582253
|move|p1a: Salazzle|Protect|p1a: Salazzle
|-singleturn|p1a: Salazzle|Protect
|move|p2a: Blissey|Calm Mind|p2a: Blissey
|-boost|p2a: Blissey|spa|1
|-boost|p2a: Blissey|spd|1
|
|-damage|p2a: Blissey|45/100 tox|[from] psn
|upkeep
|turn|69
|
|t:|1779582263
|move|p1a: Salazzle|Toxic|p2a: Blissey
|-fail|p2a: Blissey|tox
|move|p2a: Blissey|Soft-Boiled|p2a: Blissey
|-heal|p2a: Blissey|95/100 tox
|
|-damage|p2a: Blissey|58/100 tox|[from] psn
|upkeep
|turn|70
|
|t:|1779582268
|move|p1a: Salazzle|Protect|p1a: Salazzle
|-singleturn|p1a: Salazzle|Protect
|move|p2a: Blissey|Shadow Ball|p1a: Salazzle
|-activate|p1a: Salazzle|move: Protect
|
|-damage|p2a: Blissey|16/100 tox|[from] psn
|upkeep
|turn|71
|
|t:|1779582277
|move|p1a: Salazzle|Protect||[still]
|-fail|p1a: Salazzle
|move|p2a: Blissey|Soft-Boiled|p2a: Blissey
|-heal|p2a: Blissey|66/100 tox
|
|-damage|p2a: Blissey|16/100 tox|[from] psn
|upkeep
|turn|72
|
|t:|1779582282
|move|p1a: Salazzle|Protect|p1a: Salazzle
|-singleturn|p1a: Salazzle|Protect
|move|p2a: Blissey|Calm Mind|p2a: Blissey
|-boost|p2a: Blissey|spa|1
|-boost|p2a: Blissey|spd|1
|
|-damage|p2a: Blissey|0 fnt|[from] psn
|faint|p2a: Blissey
|
|win|Shadowz987
|raw|Shadowz987's rating: 1340 &rarr; <strong>1358</strong><br />(+18 for winning)
|raw|claudechamp's rating: 1311 &rarr; <strong>1293</strong><br />(-18 for losing)
|c|☆claudechamp|gg
|c|☆Shadowz987|gg
