|j|☆Desmoxytes
|j|☆Groypernacl
|t:|1779689440
|gametype|singles
|player|p1|Desmoxytes|102|1580
|player|p2|Groypernacl|101|1565
|gen|9
|tier|[Gen 9] OU
|rated|
|rule|HP Percentage Mod: HP is shown in percentages
|rule|Endless Battle Clause: Forcing endless battles is banned
|rule|Species Clause: Limit one of each Pokémon
|rule|OHKO Clause: OHKO moves are banned
|rule|Evasion Items Clause: Evasion items are banned
|rule|Evasion Moves Clause: Evasion moves are banned
|rule|Evasion Abilities Clause: Evasion abilities are banned
|rule|Sleep Moves Clause: Sleep-inducing moves are banned
|clearpoke
|poke|p1|Arboliva, M|
|poke|p1|Ninetales, F|
|poke|p1|Hatterene, F|
|poke|p1|Great Tusk|
|poke|p1|Raging Bolt|
|poke|p1|Cinderace, M|
|poke|p2|Darkrai|
|poke|p2|Garchomp, M|
|poke|p2|Alomomola, F|
|poke|p2|Corviknight, M|
|poke|p2|Weezing-Galar, M|
|poke|p2|Ogerpon, F|
|teampreview
|inactive|Battle timer is ON: inactive players will automatically lose when time's up. (requested by Groypernacl)
|
|t:|1779689455
|teamsize|p1|6
|teamsize|p2|6
|start
|switch|p1a: Ninetales|Ninetales, F|100/100
|switch|p2a: Darkrai|Darkrai|100/100
|-weather|SunnyDay|[from] ability: Drought|[of] p1a: Ninetales
|turn|1
|
|t:|1779689468
|switch|p1a: Great Tusk|Great Tusk|100/100
|-activate|p1a: Great Tusk|ability: Protosynthesis
|-start|p1a: Great Tusk|protosynthesisspe
|move|p2a: Darkrai|Dark Pulse|p1a: Great Tusk
|-resisted|p1a: Great Tusk
|-damage|p1a: Great Tusk|59/100
|
|-weather|SunnyDay|[upkeep]
|-heal|p1a: Great Tusk|65/100|[from] item: Leftovers
|upkeep
|turn|2
|
|t:|1779689478
|-end|p1a: Great Tusk|Protosynthesis|[silent]
|switch|p1a: Raging Bolt|Raging Bolt|100/100
|-activate|p1a: Raging Bolt|ability: Protosynthesis
|-start|p1a: Raging Bolt|protosynthesisspa
|switch|p2a: Weezing|Weezing-Galar, M|100/100
|-ability|p2a: Weezing|Neutralizing Gas
|
|-weather|SunnyDay|[upkeep]
|upkeep
|turn|3
|
|t:|1779689493
|-end|p2a: Weezing|ability: Neutralizing Gas
|switch|p2a: Garchomp|Garchomp, M|100/100
|move|p1a: Raging Bolt|Thunderbolt|p2a: Garchomp
|-immune|p2a: Garchomp
|
|-weather|SunnyDay|[upkeep]
|upkeep
|turn|4
|
|t:|1779689502
|move|p2a: Garchomp|Earthquake|p1a: Raging Bolt
|-supereffective|p1a: Raging Bolt
|-damage|p1a: Raging Bolt|13/100
|move|p1a: Raging Bolt|Draco Meteor|p2a: Garchomp
|-supereffective|p2a: Garchomp
|-damage|p2a: Garchomp|0 fnt
|-unboost|p1a: Raging Bolt|spa|2
|faint|p2a: Garchomp
|-damage|p1a: Raging Bolt|3/100|[from] item: Life Orb
|
|-weather|SunnyDay|[upkeep]
|upkeep
|
|t:|1779689525
|switch|p2a: Weezing|Weezing-Galar, M|100/100
|-ability|p2a: Weezing|Neutralizing Gas
|turn|5
|
|t:|1779689533
|-terastallize|p2a: Weezing|Dragon
|move|p1a: Raging Bolt|Weather Ball|p2a: Weezing
|-resisted|p2a: Weezing
|-damage|p2a: Weezing|75/100
|-damage|p1a: Raging Bolt|0 fnt|[from] item: Life Orb
|faint|p1a: Raging Bolt
|-end|p1a: Raging Bolt|Protosynthesis|[silent]
|move|p2a: Weezing|Sludge Bomb|p1: Raging Bolt|[notarget]
|-fail|p2a: Weezing
|
|-weather|SunnyDay|[upkeep]
|-heal|p2a: Weezing|81/100|[from] item: Leftovers
|upkeep
|
|t:|1779689543
|switch|p1a: Cinderace|Cinderace, M|100/100
|turn|6
|
|t:|1779689552
|move|p1a: Cinderace|Pyro Ball|p2a: Weezing
|-resisted|p2a: Weezing
|-damage|p2a: Weezing|38/100
|-status|p2a: Weezing|brn
|move|p2a: Weezing|Pain Split|p1a: Cinderace
|-sethp|p1a: Cinderace|71/100|[from] move: Pain Split|[silent]
|-sethp|p2a: Weezing|64/100 brn|[from] move: Pain Split
|
|-weather|SunnyDay|[upkeep]
|-heal|p2a: Weezing|70/100 brn|[from] item: Leftovers
|-damage|p2a: Weezing|64/100 brn|[from] brn
|upkeep
|turn|7
|inactive|Groypernacl has 120 seconds left.
|
|t:|1779689591
|-end|p2a: Weezing|ability: Neutralizing Gas
|switch|p2a: Alomomola|Alomomola, F|100/100
|move|p1a: Cinderace|Pyro Ball|p2a: Alomomola
|-resisted|p2a: Alomomola
|-damage|p2a: Alomomola|52/100
|-status|p2a: Alomomola|brn
|
|-weather|SunnyDay|[upkeep]
|-damage|p2a: Alomomola|46/100 brn|[from] brn
|upkeep
|turn|8
|inactive|Groypernacl has 120 seconds left.
|
|t:|1779689603
|move|p1a: Cinderace|Pyro Ball|p2a: Alomomola
|-resisted|p2a: Alomomola
|-damage|p2a: Alomomola|0 fnt
|faint|p2a: Alomomola
|
|-weather|none
|upkeep
|
|t:|1779689626
|switch|p2a: Darkrai|Darkrai|100/100
|turn|9
|
|t:|1779689635
|switch|p1a: Ninetales|Ninetales, F|100/100
|-weather|SunnyDay|[from] ability: Drought|[of] p1a: Ninetales
|move|p2a: Darkrai|Dark Pulse|p1a: Ninetales
|-damage|p1a: Ninetales|34/100
|
|-weather|SunnyDay|[upkeep]
|upkeep
|turn|10
|
|t:|1779689642
|switch|p1a: Great Tusk|Great Tusk|65/100
|-activate|p1a: Great Tusk|ability: Protosynthesis
|-start|p1a: Great Tusk|protosynthesisspe
|move|p2a: Darkrai|Dark Pulse|p1a: Great Tusk
|-resisted|p1a: Great Tusk
|-damage|p1a: Great Tusk|24/100
|
|-weather|SunnyDay|[upkeep]
|-heal|p1a: Great Tusk|30/100|[from] item: Leftovers
|upkeep
|turn|11
|inactive|Groypernacl has 120 seconds left.
|
|t:|1779689650
|switch|p2a: Weezing|Weezing-Galar, M, tera:Dragon|64/100 brn
|-ability|p2a: Weezing|Neutralizing Gas
|move|p1a: Great Tusk|Headlong Rush|p2a: Weezing
|-damage|p2a: Weezing|30/100 brn
|-unboost|p1a: Great Tusk|def|1
|-unboost|p1a: Great Tusk|spd|1
|
|-weather|SunnyDay|[upkeep]
|-heal|p1a: Great Tusk|36/100|[from] item: Leftovers
|-heal|p2a: Weezing|36/100 brn|[from] item: Leftovers
|-damage|p2a: Weezing|30/100 brn|[from] brn
|upkeep
|turn|12
|inactive|Groypernacl has 120 seconds left.
|
|t:|1779689661
|-end|p2a: Weezing|ability: Neutralizing Gas
|switch|p2a: Corviknight|Corviknight, M|100/100
|-ability|p2a: Corviknight|Pressure
|move|p1a: Great Tusk|Headlong Rush|p2a: Corviknight
|-immune|p2a: Corviknight
|
|-weather|SunnyDay|[upkeep]
|-heal|p1a: Great Tusk|43/100|[from] item: Leftovers
|upkeep
|turn|13
|
|t:|1779689666
|-end|p1a: Great Tusk|Protosynthesis|[silent]
|switch|p1a: Hatterene|Hatterene, F|100/100
|move|p2a: Corviknight|Brave Bird|p1a: Hatterene
|-damage|p1a: Hatterene|71/100
|-damage|p2a: Corviknight|93/100|[from] Recoil
|-enditem|p1a: Hatterene|Eject Button
|
|t:|1779689671
|switch|p1a: Cinderace|Cinderace, M|71/100
|
|-weather|SunnyDay|[upkeep]
|-heal|p2a: Corviknight|99/100|[from] item: Leftovers
|upkeep
|turn|14
|
|t:|1779689674
|switch|p2a: Weezing|Weezing-Galar, M, tera:Dragon|30/100 brn
|-ability|p2a: Weezing|Neutralizing Gas
|move|p1a: Cinderace|Pyro Ball|p2a: Weezing
|-resisted|p2a: Weezing
|-damage|p2a: Weezing|0 fnt
|faint|p2a: Weezing
|-end|p2a: Weezing|ability: Neutralizing Gas
|
|-weather|SunnyDay|[upkeep]
|upkeep
|
|t:|1779689676
|switch|p2a: Darkrai|Darkrai|100/100
|turn|15
|
|t:|1779689684
|move|p2a: Darkrai|Dark Pulse|p1a: Cinderace
|-damage|p1a: Cinderace|0 fnt
|faint|p1a: Cinderace
|
|-weather|SunnyDay|[upkeep]
|upkeep
|
|t:|1779689688
|switch|p1a: Hatterene|Hatterene, F|71/100
|turn|16
|
|t:|1779689689
|move|p2a: Darkrai|Dark Pulse|p1a: Hatterene
|-damage|p1a: Hatterene|0 fnt
|faint|p1a: Hatterene
|
|-weather|none
|upkeep
|
|t:|1779689693
|switch|p1a: Ninetales|Ninetales, F|34/100
|-weather|SunnyDay|[from] ability: Drought|[of] p1a: Ninetales
|turn|17
|
|t:|1779689695
|move|p2a: Darkrai|Dark Pulse|p1a: Ninetales
|-damage|p1a: Ninetales|0 fnt
|faint|p1a: Ninetales
|
|-weather|SunnyDay|[upkeep]
|upkeep
|
|t:|1779689698
|switch|p1a: Arboliva|Arboliva, M|100/100
|turn|18
|
|t:|1779689700
|move|p2a: Darkrai|Dark Pulse|p1a: Arboliva
|-damage|p1a: Arboliva|43/100
|cant|p1a: Arboliva|flinch
|
|-weather|SunnyDay|[upkeep]
|upkeep
|turn|19
|
|t:|1779689705
|move|p1a: Arboliva|Endure|p1a: Arboliva
|-singleturn|p1a: Arboliva|move: Endure
|move|p2a: Darkrai|Dark Pulse|p1a: Arboliva
|-activate|p1a: Arboliva|move: Endure
|-damage|p1a: Arboliva|1/100
|
|-weather|SunnyDay|[upkeep]
|upkeep
|turn|20
|-enditem|p1a: Arboliva|Custap Berry|[eat]
|-activate|p1a: Arboliva|item: Custap Berry|[consumed]
|
|t:|1779689708
|-terastallize|p1a: Arboliva|Normal
|move|p1a: Arboliva|Flail|p2a: Darkrai
|-damage|p2a: Darkrai|0 fnt
|faint|p2a: Darkrai
|
|-weather|SunnyDay|[upkeep]
|-item|p1a: Arboliva|Custap Berry|[from] ability: Harvest
|upkeep
|
|t:|1779689718
|switch|p2a: Corviknight|Corviknight, M|99/100
|-ability|p2a: Corviknight|Pressure
|turn|21
|-enditem|p1a: Arboliva|Custap Berry|[eat]
|-activate|p1a: Arboliva|item: Custap Berry|[consumed]
|
|t:|1779689724
|move|p1a: Arboliva|Weather Ball|p2a: Corviknight
|-supereffective|p2a: Corviknight
|-damage|p2a: Corviknight|44/100
|move|p2a: Corviknight|Roost|p2a: Corviknight
|-heal|p2a: Corviknight|94/100
|-singleturn|p2a: Corviknight|move: Roost
|
|-weather|SunnyDay|[upkeep]
|-heal|p2a: Corviknight|100/100|[from] item: Leftovers
|-item|p1a: Arboliva|Custap Berry|[from] ability: Harvest
|upkeep
|turn|22
|-enditem|p1a: Arboliva|Custap Berry|[eat]
|-activate|p1a: Arboliva|item: Custap Berry|[consumed]
|
|t:|1779689732
|move|p1a: Arboliva|Growth|p1a: Arboliva
|-boost|p1a: Arboliva|atk|2
|-boost|p1a: Arboliva|spa|2
|move|p2a: Corviknight|Roost||[still]
|-fail|p2a: Corviknight|heal
|
|-weather|SunnyDay|[upkeep]
|-item|p1a: Arboliva|Custap Berry|[from] ability: Harvest
|upkeep
|turn|23
|-enditem|p1a: Arboliva|Custap Berry|[eat]
|-activate|p1a: Arboliva|item: Custap Berry|[consumed]
|
|t:|1779689741
|move|p1a: Arboliva|Weather Ball|p2a: Corviknight
|-supereffective|p2a: Corviknight
|-damage|p2a: Corviknight|0 fnt
|faint|p2a: Corviknight
|
|-weather|SunnyDay|[upkeep]
|-item|p1a: Arboliva|Custap Berry|[from] ability: Harvest
|upkeep
|c|☆Groypernacl|THATS TECH
|c|☆Groypernacl|wow that’s awesome
|
|t:|1779689765
|switch|p2a: Ogerpon|Ogerpon, F|100/100
|turn|24
|-enditem|p1a: Arboliva|Custap Berry|[eat]
|-activate|p1a: Arboliva|item: Custap Berry|[consumed]
|
|t:|1779689773
|move|p1a: Arboliva|Weather Ball|p2a: Ogerpon
|-supereffective|p2a: Ogerpon
|-crit|p2a: Ogerpon
|-damage|p2a: Ogerpon|0 fnt
|faint|p2a: Ogerpon
|
|win|Desmoxytes
|raw|Desmoxytes's rating: 1580 &rarr; <strong>1599</strong><br />(+19 for winning)
|raw|Groypernacl's rating: 1565 &rarr; <strong>1546</strong><br />(-19 for losing)
|c|☆Groypernacl|Incredible
|c|☆Groypernacl|gg
|l|☆Desmoxytes
|player|p1|
|l|☆Groypernacl
|player|p2|
