|j|☆Avv2121
|j|☆BROOMX4
|t:|1779687038
|gametype|singles
|player|p1|Avv2121|janine|1388
|player|p2|BROOMX4|steven|1470
|gen|9
|tier|[Gen 9] OU
|rated|
|rule|HP Percentage Mod: HP is shown in percentages
|rule|Endless Battle Clause: Forcing endless battles is banned
|rule|Species Clause: Limit one of each Pokémon
|rule|OHKO Clause: OHKO moves are banned
|rule|Evasion Items Clause: Evasion items are banned
|rule|Evasion Moves Clause: Evasion moves are banned
|rule|Evasion Abilities Clause: Evasion abilities are banned
|rule|Sleep Moves Clause: Sleep-inducing moves are banned
|clearpoke
|poke|p1|Garganacl, M|
|poke|p1|Dragapult, F|
|poke|p1|Kingambit, M|
|poke|p1|Iron Moth|
|poke|p1|Corviknight, M|
|poke|p1|Mew|
|poke|p2|Kyurem|
|poke|p2|Slowking-Galar, M|
|poke|p2|Hatterene, F|
|poke|p2|Moltres|
|poke|p2|Great Tusk|
|poke|p2|Tyranitar, F|
|teampreview
|inactive|Battle timer is ON: inactive players will automatically lose when time's up. (requested by BROOMX4)
|inactive|Avv2121 also wants the timer to be on.
|
|t:|1779687045
|teamsize|p1|6
|teamsize|p2|6
|start
|switch|p1a: Dragapult|Dragapult, F|100/100
|switch|p2a: Kyurem|Kyurem|100/100
|-ability|p2a: Kyurem|Pressure
|turn|1
|
|t:|1779687052
|switch|p1a: Corviknight|Corviknight, M|100/100
|switch|p2a: Hatterene|Hatterene, F|100/100
|
|upkeep
|turn|2
|
|t:|1779687056
|move|p1a: Corviknight|Brave Bird|p2a: Hatterene
|-damage|p2a: Hatterene|70/100
|-damage|p1a: Corviknight|92/100|[from] Recoil
|-enditem|p2a: Hatterene|Eject Button
|
|t:|1779687059
|switch|p2a: Moltres|Moltres|100/100
|
|upkeep
|turn|3
|
|t:|1779687064
|switch|p1a: Mew|Mew|100/100
|move|p2a: Moltres|Flamethrower|p1a: Mew
|-damage|p1a: Mew|62/100
|
|upkeep
|turn|4
|
|t:|1779687067
|move|p1a: Mew|Dragon Dance|p1a: Mew
|-boost|p1a: Mew|atk|1
|-boost|p1a: Mew|spe|1
|move|p2a: Moltres|U-turn|p1a: Mew
|-supereffective|p1a: Mew
|-damage|p1a: Mew|34/100
|
|t:|1779687083
|switch|p2a: Great Tusk|Great Tusk|100/100|[from] U-turn
|
|upkeep
|turn|5
|
|t:|1779687086
|move|p1a: Mew|Ice Spinner|p2a: Great Tusk
|-supereffective|p2a: Great Tusk
|-damage|p2a: Great Tusk|53/100
|move|p2a: Great Tusk|Knock Off|p1a: Mew
|-supereffective|p1a: Mew
|-damage|p1a: Mew|0 fnt
|-enditem|p1a: Mew|Heavy-Duty Boots|[from] move: Knock Off|[of] p2a: Great Tusk
|faint|p1a: Mew
|
|upkeep
|
|t:|1779687090
|switch|p1a: Garganacl|Garganacl, M|100/100
|turn|6
|
|t:|1779687096
|-end|p2a: Great Tusk|Protosynthesis|[silent]
|switch|p2a: Slowking|Slowking-Galar, M|100/100
|move|p1a: Garganacl|Curse|p1a: Garganacl
|-unboost|p1a: Garganacl|spe|1
|-boost|p1a: Garganacl|atk|1
|-boost|p1a: Garganacl|def|1
|
|upkeep
|turn|7
|
|t:|1779687100
|move|p1a: Garganacl|Salt Cure|p2a: Slowking
|-damage|p2a: Slowking|85/100
|-start|p2a: Slowking|Salt Cure
|-prepare|p2a: Slowking|Chilly Reception|[premajor]
|move|p2a: Slowking|Chilly Reception|p2a: Slowking
|-weather|Snowscape
|
|t:|1779687105
|switch|p2a: Kyurem|Kyurem|100/100|[from] Chilly Reception
|-ability|p2a: Kyurem|Pressure
|
|-weather|Snowscape|[upkeep]
|upkeep
|turn|8
|
|t:|1779687110
|move|p1a: Garganacl|Protect|p1a: Garganacl
|-singleturn|p1a: Garganacl|Protect
|move|p2a: Kyurem|Earth Power|p1a: Garganacl
|-activate|p1a: Garganacl|move: Protect
|
|-weather|Snowscape|[upkeep]
|upkeep
|turn|9
|
|t:|1779687114
|switch|p2a: Moltres|Moltres|100/100
|move|p1a: Garganacl|Salt Cure|p2a: Moltres
|-supereffective|p2a: Moltres
|-damage|p2a: Moltres|47/100
|-start|p2a: Moltres|Salt Cure
|
|-weather|Snowscape|[upkeep]
|-damage|p2a: Moltres|35/100|[from] Salt Cure
|upkeep
|turn|10
|
|t:|1779687119
|switch|p2a: Slowking|Slowking-Galar, M|100/100
|move|p1a: Garganacl|Salt Cure|p2a: Slowking
|-damage|p2a: Slowking|87/100
|-start|p2a: Slowking|Salt Cure
|
|-weather|Snowscape|[upkeep]
|-damage|p2a: Slowking|74/100|[from] Salt Cure
|upkeep
|turn|11
|
|t:|1779687122
|move|p1a: Garganacl|Salt Cure|p2a: Slowking
|-damage|p2a: Slowking|60/100
|-prepare|p2a: Slowking|Chilly Reception|[premajor]
|move|p2a: Slowking|Chilly Reception|p2a: Slowking
|
|t:|1779687124
|switch|p2a: Kyurem|Kyurem|100/100|[from] Chilly Reception
|-ability|p2a: Kyurem|Pressure
|
|-weather|none
|upkeep
|turn|12
|
|t:|1779687127
|move|p1a: Garganacl|Protect|p1a: Garganacl
|-singleturn|p1a: Garganacl|Protect
|move|p2a: Kyurem|Earth Power|p1a: Garganacl
|-activate|p1a: Garganacl|move: Protect
|
|upkeep
|turn|13
|
|t:|1779687131
|move|p2a: Kyurem|Earth Power|p1a: Garganacl
|-supereffective|p1a: Garganacl
|-crit|p1a: Garganacl
|-damage|p1a: Garganacl|0 fnt
|faint|p1a: Garganacl
|
|upkeep
|
|t:|1779687134
|switch|p1a: Dragapult|Dragapult, F|100/100
|turn|14
|
|t:|1779687143
|switch|p2a: Hatterene|Hatterene, F|70/100
|move|p1a: Dragapult|Draco Meteor|p2a: Hatterene
|-immune|p2a: Hatterene
|
|upkeep
|turn|15
|
|t:|1779687147
|switch|p2a: Tyranitar|Tyranitar, F|100/100
|-weather|Sandstorm|[from] ability: Sand Stream|[of] p2a: Tyranitar
|move|p1a: Dragapult|U-turn|p2a: Tyranitar
|-supereffective|p2a: Tyranitar
|-damage|p2a: Tyranitar|74/100
|
|t:|1779687150
|switch|p1a: Iron Moth|Iron Moth|100/100|[from] U-turn
|-enditem|p1a: Iron Moth|Booster Energy
|-activate|p1a: Iron Moth|ability: Quark Drive|[fromitem]
|-start|p1a: Iron Moth|quarkdrivespe
|
|-weather|Sandstorm|[upkeep]
|-damage|p1a: Iron Moth|95/100|[from] Sandstorm
|upkeep
|turn|16
|
|t:|1779687155
|move|p1a: Iron Moth|Dazzling Gleam|p2a: Tyranitar
|-supereffective|p2a: Tyranitar
|-damage|p2a: Tyranitar|58/100
|move|p2a: Tyranitar|Stone Edge|p1a: Iron Moth
|-supereffective|p1a: Iron Moth
|-damage|p1a: Iron Moth|0 fnt
|faint|p1a: Iron Moth
|-end|p1a: Iron Moth|Quark Drive|[silent]
|
|-weather|Sandstorm|[upkeep]
|upkeep
|
|t:|1779687162
|switch|p1a: Corviknight|Corviknight, M|92/100
|turn|17
|
|t:|1779687168
|move|p1a: Corviknight|U-turn|p2a: Tyranitar
|-supereffective|p2a: Tyranitar
|-damage|p2a: Tyranitar|34/100
|
|t:|1779687171
|switch|p1a: Dragapult|Dragapult, F|100/100|[from] U-turn
|move|p2a: Tyranitar|Fire Blast|p1a: Dragapult
|-resisted|p1a: Dragapult
|-damage|p1a: Dragapult|85/100
|
|-weather|Sandstorm|[upkeep]
|-damage|p1a: Dragapult|79/100|[from] Sandstorm
|upkeep
|turn|18
|
|t:|1779687175
|move|p1a: Dragapult|Will-O-Wisp|p2a: Tyranitar
|-status|p2a: Tyranitar|brn
|move|p2a: Tyranitar|Fire Blast|p1a: Dragapult
|-resisted|p1a: Dragapult
|-damage|p1a: Dragapult|62/100
|
|-weather|Sandstorm|[upkeep]
|-damage|p1a: Dragapult|56/100|[from] Sandstorm
|-damage|p2a: Tyranitar|28/100 brn|[from] brn
|upkeep
|turn|19
|
|t:|1779687185
|switch|p2a: Great Tusk|Great Tusk|53/100
|move|p1a: Dragapult|U-turn|p2a: Great Tusk
|-resisted|p2a: Great Tusk
|-damage|p2a: Great Tusk|46/100
|
|t:|1779687190
|switch|p1a: Corviknight|Corviknight, M|92/100|[from] U-turn
|
|-weather|none
|upkeep
|turn|20
|
|t:|1779687194
|-end|p2a: Great Tusk|Protosynthesis|[silent]
|switch|p2a: Moltres|Moltres|35/100
|move|p1a: Corviknight|Brave Bird|p2a: Moltres
|-crit|p2a: Moltres
|-damage|p2a: Moltres|0 fnt
|faint|p2a: Moltres
|-damage|p1a: Corviknight|81/100|[from] Recoil
|
|upkeep
|
|t:|1779687200
|switch|p2a: Slowking|Slowking-Galar, M|93/100
|turn|21
|
|t:|1779687204
|move|p1a: Corviknight|Brave Bird|p2a: Slowking
|-damage|p2a: Slowking|66/100
|-damage|p1a: Corviknight|72/100|[from] Recoil
|-prepare|p2a: Slowking|Chilly Reception|[premajor]
|move|p2a: Slowking|Chilly Reception|p2a: Slowking
|-weather|Snowscape
|
|t:|1779687207
|switch|p2a: Kyurem|Kyurem|100/100|[from] Chilly Reception
|-ability|p2a: Kyurem|Pressure
|
|-weather|Snowscape|[upkeep]
|upkeep
|turn|22
|
|t:|1779687214
|move|p2a: Kyurem|Blizzard|p1a: Corviknight
|-damage|p1a: Corviknight|11/100
|move|p1a: Corviknight|Roost|p1a: Corviknight
|-heal|p1a: Corviknight|61/100
|-singleturn|p1a: Corviknight|move: Roost
|
|-weather|Snowscape|[upkeep]
|upkeep
|turn|23
|inactive|BROOMX4 has 120 seconds left.
|
|t:|1779687261
|-terastallize|p2a: Kyurem|Ice
|move|p2a: Kyurem|Blizzard|p1a: Corviknight
|-damage|p1a: Corviknight|0 fnt
|faint|p1a: Corviknight
|
|-weather|Snowscape|[upkeep]
|upkeep
|
|t:|1779687271
|switch|p1a: Dragapult|Dragapult, F|56/100
|turn|24
|
|t:|1779687276
|move|p1a: Dragapult|Draco Meteor|p2a: Kyurem|[miss]
|-miss|p1a: Dragapult|p2a: Kyurem
|move|p2a: Kyurem|Blizzard|p1a: Dragapult
|-supereffective|p1a: Dragapult
|-crit|p1a: Dragapult
|-damage|p1a: Dragapult|0 fnt
|faint|p1a: Dragapult
|
|-weather|Snowscape|[upkeep]
|upkeep
|
|t:|1779687279
|switch|p1a: Kingambit|Kingambit, M|100/100
|-activate|p1a: Kingambit|ability: Supreme Overlord
|-start|p1a: Kingambit|fallen5|[silent]
|turn|25
|
|t:|1779687283
|-terastallize|p1a: Kingambit|Flying
|move|p2a: Kyurem|Blizzard|p1a: Kingambit
|-supereffective|p1a: Kingambit
|-crit|p1a: Kingambit
|-damage|p1a: Kingambit|0 fnt
|faint|p1a: Kingambit
|-end|p1a: Kingambit|fallen5|[silent]
|
|win|BROOMX4
|raw|Avv2121's rating: 1388 &rarr; <strong>1373</strong><br />(-15 for losing)
|raw|BROOMX4's rating: 1470 &rarr; <strong>1485</strong><br />(+15 for winning)
|c|☆BROOMX4|gg
|l|☆Avv2121
|player|p1|
|l|☆BROOMX4
|player|p2|
