|j|☆czy159951
|j|☆miaolegemilose
|t:|1779598392
|gametype|singles
|player|p1|czy159951|2|1258
|player|p2|miaolegemilose|pokemonranger|1254
|gen|9
|tier|[Gen 9] OU
|rated|
|rule|HP Percentage Mod: HP is shown in percentages
|rule|Endless Battle Clause: Forcing endless battles is banned
|rule|Species Clause: Limit one of each Pokémon
|rule|OHKO Clause: OHKO moves are banned
|rule|Evasion Items Clause: Evasion items are banned
|rule|Evasion Moves Clause: Evasion moves are banned
|rule|Evasion Abilities Clause: Evasion abilities are banned
|rule|Sleep Moves Clause: Sleep-inducing moves are banned
|clearpoke
|poke|p1|Lokix, F|
|poke|p1|Scizor, M|
|poke|p1|Ribombee, F|
|poke|p1|Yanmega, M|
|poke|p1|Heracross, M|
|poke|p1|Vikavolt, F|
|poke|p2|Iron Moth|
|poke|p2|Gliscor, M|
|poke|p2|Hatterene, F|
|poke|p2|Ogerpon-Wellspring, F|
|poke|p2|Raging Bolt|
|poke|p2|Zamazenta-*|
|teampreview
|
|t:|1779598411
|teamsize|p1|6
|teamsize|p2|6
|start
|switch|p1a: Ribombee|Ribombee, F|100/100
|switch|p2a: Iron Moth|Iron Moth|100/100
|-enditem|p2a: Iron Moth|Booster Energy
|-activate|p2a: Iron Moth|ability: Quark Drive|[fromitem]
|-start|p2a: Iron Moth|quarkdrivespe
|turn|1
|
|t:|1779598428
|move|p2a: Iron Moth|Toxic Spikes|p1a: Ribombee
|-sidestart|p1: czy159951|move: Toxic Spikes
|move|p1a: Ribombee|Light Screen|p1a: Ribombee
|-sidestart|p1: czy159951|move: Light Screen
|
|upkeep
|turn|2
|
|t:|1779598437
|move|p1a: Ribombee|Sticky Web|p2a: Iron Moth
|-sidestart|p2: miaolegemilose|move: Sticky Web
|move|p2a: Iron Moth|Whirlwind|p1a: Ribombee
|drag|p1a: Heracross|Heracross, M|100/100
|-status|p1a: Heracross|psn
|
|-damage|p1a: Heracross|88/100 psn|[from] psn
|upkeep
|turn|3
|
|t:|1779598455
|move|p2a: Iron Moth|Fiery Dance|p1a: Heracross
|-supereffective|p1a: Heracross
|-damage|p1a: Heracross|38/100 psn
|move|p1a: Heracross|Earthquake|p2a: Iron Moth
|-supereffective|p2a: Iron Moth
|-damage|p2a: Iron Moth|0 fnt
|faint|p2a: Iron Moth
|-end|p2a: Iron Moth|Quark Drive|[silent]
|-ability|p1a: Heracross|Moxie|boost
|-boost|p1a: Heracross|atk|1
|
|-damage|p1a: Heracross|26/100 psn|[from] psn
|upkeep
|
|t:|1779598500
|switch|p2a: Gliscor|Gliscor, M|100/100
|turn|4
|
|t:|1779598519
|switch|p1a: Yanmega|Yanmega, M|100/100
|move|p2a: Gliscor|Agility|p2a: Gliscor
|-boost|p2a: Gliscor|spe|2
|
|-status|p2a: Gliscor|tox|[from] item: Toxic Orb
|upkeep
|turn|5
|
|t:|1779598537
|-terastallize|p2a: Gliscor|Normal
|move|p2a: Gliscor|Swords Dance|p2a: Gliscor
|-boost|p2a: Gliscor|atk|2
|move|p1a: Yanmega|Bug Buzz|p2a: Gliscor
|-damage|p2a: Gliscor|21/100 tox
|-damage|p1a: Yanmega|91/100|[from] item: Life Orb
|
|-heal|p2a: Gliscor|33/100 tox|[from] ability: Poison Heal
|-sideend|p1: czy159951|move: Light Screen
|upkeep
|turn|6
|
|t:|1779598550
|move|p2a: Gliscor|Facade|p1a: Yanmega
|-damage|p1a: Yanmega|0 fnt
|faint|p1a: Yanmega
|
|-heal|p2a: Gliscor|46/100 tox|[from] ability: Poison Heal
|upkeep
|
|t:|1779598579
|switch|p1a: Lokix|Lokix, F|100/100
|-status|p1a: Lokix|psn
|turn|7
|
|t:|1779598592
|move|p1a: Lokix|Sucker Punch|p2a: Gliscor
|-damage|p2a: Gliscor|5/100 tox
|move|p2a: Gliscor|Facade|p1a: Lokix
|-damage|p1a: Lokix|0 fnt
|faint|p1a: Lokix
|
|-heal|p2a: Gliscor|17/100 tox|[from] ability: Poison Heal
|upkeep
|
|t:|1779598603
|switch|p1a: Scizor|Scizor, M|100/100
|turn|8
|
|t:|1779598615
|move|p2a: Gliscor|Facade|p1a: Scizor
|-resisted|p1a: Scizor
|-damage|p1a: Scizor|33/100
|move|p1a: Scizor|U-turn|p2a: Gliscor
|-damage|p2a: Gliscor|0 fnt
|faint|p2a: Gliscor
|
|t:|1779598633
|switch|p1a: Ribombee|Ribombee, F|100/100|[from] U-turn
|-status|p1a: Ribombee|psn
|
|-damage|p1a: Ribombee|88/100 psn|[from] psn
|upkeep
|
|t:|1779598668
|switch|p2a: Ogerpon|Ogerpon-Wellspring, F|100/100
|-activate|p2a: Ogerpon|move: Sticky Web
|-unboost|p2a: Ogerpon|spe|1
|turn|9
|
|t:|1779598681
|move|p1a: Ribombee|Moonblast|p2a: Ogerpon
|-damage|p2a: Ogerpon|50/100
|move|p2a: Ogerpon|Encore|p1a: Ribombee
|-start|p1a: Ribombee|Encore
|
|-damage|p1a: Ribombee|76/100 psn|[from] psn
|upkeep
|turn|10
|
|t:|1779598695
|switch|p2a: Hatterene|Hatterene, F|100/100
|-activate|p2a: Hatterene|move: Sticky Web
|-unboost|p2a: Hatterene|spe|1
|move|p1a: Ribombee|Moonblast|p2a: Hatterene
|-damage|p2a: Hatterene|61/100
|
|-heal|p2a: Hatterene|67/100|[from] item: Leftovers
|-damage|p1a: Ribombee|64/100 psn|[from] psn
|upkeep
|turn|11
|
|t:|1779598707
|move|p1a: Ribombee|Moonblast|p2a: Hatterene
|-damage|p2a: Hatterene|30/100
|move|p2a: Hatterene|Mystical Fire|p1a: Ribombee
|-supereffective|p1a: Ribombee
|-damage|p1a: Ribombee|0 fnt
|faint|p1a: Ribombee
|
|-heal|p2a: Hatterene|36/100|[from] item: Leftovers
|upkeep
|
|t:|1779598718
|switch|p1a: Vikavolt|Vikavolt, F|100/100
|turn|12
|
|t:|1779598725
|move|p1a: Vikavolt|Thunderbolt|p2a: Hatterene
|-damage|p2a: Hatterene|0 fnt
|faint|p2a: Hatterene
|
|upkeep
|
|t:|1779598733
|switch|p2a: Raging Bolt|Raging Bolt|100/100
|-activate|p2a: Raging Bolt|move: Sticky Web
|-unboost|p2a: Raging Bolt|spe|1
|-enditem|p2a: Raging Bolt|Booster Energy
|-activate|p2a: Raging Bolt|ability: Protosynthesis|[fromitem]
|-start|p2a: Raging Bolt|protosynthesisspa
|turn|13
|
|t:|1779598743
|move|p2a: Raging Bolt|Calm Mind|p2a: Raging Bolt
|-boost|p2a: Raging Bolt|spa|1
|-boost|p2a: Raging Bolt|spd|1
|move|p1a: Vikavolt|Bug Buzz|p2a: Raging Bolt
|-damage|p2a: Raging Bolt|64/100
|
|upkeep
|turn|14
|
|t:|1779598751
|move|p2a: Raging Bolt|Calm Mind|p2a: Raging Bolt
|-boost|p2a: Raging Bolt|spa|1
|-boost|p2a: Raging Bolt|spd|1
|move|p1a: Vikavolt|Bug Buzz|p2a: Raging Bolt
|-damage|p2a: Raging Bolt|37/100
|
|upkeep
|turn|15
|
|t:|1779598762
|move|p2a: Raging Bolt|Dragon Pulse|p1a: Vikavolt
|-damage|p1a: Vikavolt|0 fnt
|faint|p1a: Vikavolt
|
|upkeep
|
|t:|1779598768
|switch|p1a: Heracross|Heracross, M|26/100 psn
|turn|16
|
|t:|1779598774
|move|p2a: Raging Bolt|Thunderclap|p1a: Heracross
|-damage|p1a: Heracross|0 fnt
|faint|p1a: Heracross
|
|upkeep
|-message|czy159951 forfeited.
|
|win|miaolegemilose
|raw|czy159951's rating: 1258 &rarr; <strong>1233</strong><br />(-25 for losing)
|raw|miaolegemilose's rating: 1254 &rarr; <strong>1279</strong><br />(+25 for winning)
|l|☆czy159951
|player|p1|
|l|☆miaolegemilose
|player|p2|
