|j|☆Yung Embryo
|j|☆OscarGamble
|t:|1779657081
|gametype|singles
|player|p1|Yung Embryo|giovanni-gen1rb|1551
|player|p2|OscarGamble|170|1559
|gen|9
|tier|[Gen 9] OU
|rated|
|rule|HP Percentage Mod: HP is shown in percentages
|rule|Endless Battle Clause: Forcing endless battles is banned
|rule|Species Clause: Limit one of each Pokémon
|rule|OHKO Clause: OHKO moves are banned
|rule|Evasion Items Clause: Evasion items are banned
|rule|Evasion Moves Clause: Evasion moves are banned
|rule|Evasion Abilities Clause: Evasion abilities are banned
|rule|Sleep Moves Clause: Sleep-inducing moves are banned
|clearpoke
|poke|p1|Eiscue, F|
|poke|p1|Slowking, F|
|poke|p1|Iron Treads|
|poke|p1|Ogerpon, F|
|poke|p1|Kyurem|
|poke|p1|Moltres|
|poke|p2|Araquanid, F|
|poke|p2|Gholdengo|
|poke|p2|Raging Bolt|
|poke|p2|Dragonite, M|
|poke|p2|Zamazenta-*|
|poke|p2|Ogerpon-Cornerstone, F|
|teampreview
|inactive|Battle timer is ON: inactive players will automatically lose when time's up. (requested by Yung Embryo)
|inactive|OscarGamble has 120 seconds left.
|
|t:|1779657148
|teamsize|p1|6
|teamsize|p2|6
|start
|switch|p1a: Ogerpon|Ogerpon, F|100/100
|switch|p2a: Araquanid|Araquanid, F, shiny|100/100
|turn|1
|
|t:|1779657174
|-terastallize|p1a: Ogerpon|Grass
|detailschange|p1a: Ogerpon|Ogerpon-Teal-Tera, F, tera:Grass
|-ability|p1a: Ogerpon|Embody Aspect (Teal)|boost
|-boost|p1a: Ogerpon|spe|1
|move|p1a: Ogerpon|Ivy Cudgel|p2a: Araquanid
|-damage|p2a: Araquanid|14/100
|move|p2a: Araquanid|Sticky Web|p1a: Ogerpon
|-sidestart|p1: Yung Embryo|move: Sticky Web
|
|upkeep
|turn|2
|-enditem|p2a: Araquanid|Custap Berry|[eat]
|-activate|p2a: Araquanid|item: Custap Berry|[consumed]
|
|t:|1779657186
|move|p2a: Araquanid|Endeavor|p1a: Ogerpon
|-damage|p1a: Ogerpon|16/100
|move|p1a: Ogerpon|Ivy Cudgel|p2a: Araquanid
|-damage|p2a: Araquanid|0 fnt
|faint|p2a: Araquanid
|
|upkeep
|
|t:|1779657196
|switch|p2a: Dragonite|Dragonite, M|100/100
|turn|3
|
|t:|1779657215
|switch|p1a: Eiscue|Eiscue, F, shiny|100/100
|-activate|p1a: Eiscue|move: Sticky Web
|-unboost|p1a: Eiscue|spe|1
|move|p2a: Dragonite|Earthquake|p1a: Eiscue
|-activate|p1a: Eiscue|ability: Ice Face
|-damage|p1a: Eiscue|100/100
|detailschange|p1a: Eiscue|Eiscue-Noice, F, shiny
|
|upkeep
|turn|4
|
|t:|1779657232
|switch|p2a: Gholdengo|Gholdengo, shiny|100/100
|-item|p2a: Gholdengo|Air Balloon
|move|p1a: Eiscue|Icicle Crash|p2a: Gholdengo
|-resisted|p2a: Gholdengo
|-damage|p2a: Gholdengo|83/100
|-enditem|p2a: Gholdengo|Air Balloon
|
|upkeep
|turn|5
|
|t:|1779657244
|switch|p1a: Slowking|Slowking, F|100/100
|move|p2a: Gholdengo|Make It Rain|p1a: Slowking
|-resisted|p1a: Slowking
|-damage|p1a: Slowking|83/100
|-unboost|p2a: Gholdengo|spa|1
|
|upkeep
|turn|6
|
|t:|1779657254
|switch|p2a: Raging Bolt|Raging Bolt|100/100
|-enditem|p2a: Raging Bolt|Booster Energy
|-activate|p2a: Raging Bolt|ability: Protosynthesis|[fromitem]
|-start|p2a: Raging Bolt|protosynthesisspa
|move|p1a: Slowking|Future Sight|p2a: Raging Bolt
|-start|p1a: Slowking|move: Future Sight
|
|upkeep
|turn|7
|
|t:|1779657263
|switch|p1a: Iron Treads|Iron Treads|100/100
|-activate|p1a: Iron Treads|move: Sticky Web
|-unboost|p1a: Iron Treads|spe|1
|move|p2a: Raging Bolt|Dragon Pulse|p1a: Iron Treads
|-resisted|p1a: Iron Treads
|-damage|p1a: Iron Treads|55/100
|
|-heal|p1a: Iron Treads|61/100|[from] item: Leftovers
|upkeep
|turn|8
|
|t:|1779657274
|-end|p2a: Raging Bolt|Protosynthesis|[silent]
|switch|p2a: Gholdengo|Gholdengo, shiny|83/100
|move|p1a: Iron Treads|Earthquake|p2a: Gholdengo
|-supereffective|p2a: Gholdengo
|-damage|p2a: Gholdengo|0 fnt
|faint|p2a: Gholdengo
|
|-hint|Future Sight did not hit because the target is fainted.
|-heal|p1a: Iron Treads|67/100|[from] item: Leftovers
|upkeep
|
|t:|1779657281
|switch|p2a: Zamazenta|Zamazenta|100/100
|-ability|p2a: Zamazenta|Dauntless Shield|boost
|-boost|p2a: Zamazenta|def|1
|turn|9
|
|t:|1779657295
|-end|p1a: Iron Treads|Quark Drive|[silent]
|switch|p1a: Moltres|Moltres|100/100
|move|p2a: Zamazenta|Close Combat|p1a: Moltres
|-resisted|p1a: Moltres
|-damage|p1a: Moltres|79/100
|-unboost|p2a: Zamazenta|def|1
|-unboost|p2a: Zamazenta|spd|1
|-status|p2a: Zamazenta|brn|[from] ability: Flame Body|[of] p1a: Moltres
|
|-damage|p2a: Zamazenta|94/100 brn|[from] brn
|upkeep
|turn|10
|
|t:|1779657307
|move|p2a: Zamazenta|Crunch|p1a: Moltres
|-damage|p1a: Moltres|69/100
|move|p1a: Moltres|U-turn|p2a: Zamazenta
|-resisted|p2a: Zamazenta
|-crit|p2a: Zamazenta
|-damage|p2a: Zamazenta|85/100 brn
|
|t:|1779657321
|switch|p1a: Iron Treads|Iron Treads|67/100|[from] U-turn
|-activate|p1a: Iron Treads|move: Sticky Web
|-unboost|p1a: Iron Treads|spe|1
|
|-heal|p1a: Iron Treads|74/100|[from] item: Leftovers
|-damage|p2a: Zamazenta|79/100 brn|[from] brn
|upkeep
|turn|11
|
|t:|1779657328
|move|p2a: Zamazenta|Close Combat|p1a: Iron Treads
|-supereffective|p1a: Iron Treads
|-damage|p1a: Iron Treads|22/100
|-unboost|p2a: Zamazenta|def|1
|-unboost|p2a: Zamazenta|spd|1
|move|p1a: Iron Treads|Rapid Spin|p2a: Zamazenta
|-damage|p2a: Zamazenta|59/100 brn
|-boost|p1a: Iron Treads|spe|1
|-sideend|p1: Yung Embryo|Sticky Web|[from] move: Rapid Spin|[of] p1a: Iron Treads
|
|-heal|p1a: Iron Treads|29/100|[from] item: Leftovers
|-damage|p2a: Zamazenta|53/100 brn|[from] brn
|upkeep
|turn|12
|
|t:|1779657337
|-end|p1a: Iron Treads|Quark Drive|[silent]
|switch|p1a: Slowking|Slowking, F|100/100
|move|p2a: Zamazenta|Close Combat|p1a: Slowking
|-resisted|p1a: Slowking
|-damage|p1a: Slowking|85/100
|-unboost|p2a: Zamazenta|def|1
|-unboost|p2a: Zamazenta|spd|1
|
|-damage|p2a: Zamazenta|47/100 brn|[from] brn
|upkeep
|turn|13
|
|t:|1779657341
|switch|p2a: Ogerpon|Ogerpon-Cornerstone, F|100/100
|move|p1a: Slowking|Future Sight|p2a: Ogerpon
|-start|p1a: Slowking|move: Future Sight
|
|upkeep
|turn|14
|
|t:|1779657351
|switch|p1a: Moltres|Moltres|69/100
|move|p2a: Ogerpon|Ivy Cudgel|p1a: Moltres|[anim] Ivy Cudgel Rock
|-supereffective|p1a: Moltres
|-damage|p1a: Moltres|0 fnt
|faint|p1a: Moltres
|
|upkeep
|
|t:|1779657357
|switch|p1a: Eiscue|Eiscue-Noice, F, shiny|100/100
|turn|15
|
|t:|1779657365
|switch|p2a: Zamazenta|Zamazenta|47/100 brn
|move|p1a: Eiscue|Snowscape|p1a: Eiscue
|-weather|Snowscape
|-activate|p1a: Eiscue|ability: Ice Face
|detailschange|p1a: Eiscue|Eiscue, F, shiny
|
|-weather|Snowscape|[upkeep]
|-end|p2a: Zamazenta|move: Future Sight
|-supereffective|p2a: Zamazenta
|-damage|p2a: Zamazenta|0 fnt
|faint|p2a: Zamazenta
|upkeep
|
|t:|1779657374
|switch|p2a: Ogerpon|Ogerpon-Cornerstone, F|100/100
|turn|16
|
|t:|1779657385
|-terastallize|p2a: Ogerpon|Rock
|detailschange|p2a: Ogerpon|Ogerpon-Cornerstone-Tera, F, tera:Rock
|-ability|p2a: Ogerpon|Embody Aspect (Cornerstone)|boost
|-boost|p2a: Ogerpon|def|1
|move|p2a: Ogerpon|Ivy Cudgel|p1a: Eiscue|[anim] Ivy Cudgel Rock
|-activate|p1a: Eiscue|ability: Ice Face
|-damage|p1a: Eiscue|100/100
|detailschange|p1a: Eiscue|Eiscue-Noice, F, shiny
|move|p1a: Eiscue|Icicle Crash|p2a: Ogerpon
|-damage|p2a: Ogerpon|71/100
|
|-weather|Snowscape|[upkeep]
|upkeep
|turn|17
|
|t:|1779657399
|switch|p1a: Iron Treads|Iron Treads|29/100
|move|p2a: Ogerpon|Swords Dance|p2a: Ogerpon
|-boost|p2a: Ogerpon|atk|2
|
|-weather|Snowscape|[upkeep]
|-heal|p1a: Iron Treads|35/100|[from] item: Leftovers
|upkeep
|turn|18
|
|t:|1779657403
|move|p1a: Iron Treads|Earthquake|p2a: Ogerpon
|-supereffective|p2a: Ogerpon
|-damage|p2a: Ogerpon|0 fnt
|faint|p2a: Ogerpon
|detailschange|p2: Ogerpon|Ogerpon-Cornerstone, F|[silent]
|
|-weather|Snowscape|[upkeep]
|-heal|p1a: Iron Treads|41/100|[from] item: Leftovers
|upkeep
|
|t:|1779657412
|switch|p2a: Dragonite|Dragonite, M|100/100
|turn|19
|
|t:|1779657416
|-end|p1a: Iron Treads|Quark Drive|[silent]
|switch|p1a: Eiscue|Eiscue-Noice, F, shiny|100/100
|-activate|p1a: Eiscue|ability: Ice Face
|detailschange|p1a: Eiscue|Eiscue, F, shiny
|move|p2a: Dragonite|Dragon Dance|p2a: Dragonite
|-boost|p2a: Dragonite|atk|1
|-boost|p2a: Dragonite|spe|1
|
|-weather|none
|upkeep
|turn|20
|
|t:|1779657426
|move|p2a: Dragonite|Earthquake|p1a: Eiscue
|-activate|p1a: Eiscue|ability: Ice Face
|-damage|p1a: Eiscue|100/100
|detailschange|p1a: Eiscue|Eiscue-Noice, F, shiny
|move|p1a: Eiscue|Icicle Crash|p2a: Dragonite|[miss]
|-miss|p1a: Eiscue|p2a: Dragonite
|
|upkeep
|turn|21
|
|t:|1779657435
|move|p1a: Eiscue|Icicle Crash|p2a: Dragonite
|-supereffective|p2a: Dragonite
|-damage|p2a: Dragonite|32/100
|cant|p2a: Dragonite|flinch
|
|upkeep
|turn|22
|
|t:|1779657441
|move|p2a: Dragonite|Extreme Speed|p1a: Eiscue
|-damage|p1a: Eiscue|27/100
|-damage|p2a: Dragonite|15/100|[from] item: Rocky Helmet|[of] p1a: Eiscue
|move|p1a: Eiscue|Freeze-Dry|p2a: Dragonite
|-supereffective|p2a: Dragonite
|-damage|p2a: Dragonite|0 fnt
|faint|p2a: Dragonite
|
|upkeep
|
|t:|1779657445
|switch|p2a: Raging Bolt|Raging Bolt|100/100
|turn|23
|
|t:|1779657447
|move|p1a: Eiscue|Icicle Crash|p2a: Raging Bolt
|-supereffective|p2a: Raging Bolt
|-damage|p2a: Raging Bolt|36/100
|cant|p2a: Raging Bolt|flinch
|
|upkeep
|turn|24
|-message|OscarGamble forfeited.
|
|win|Yung Embryo
|raw|Yung Embryo's rating: 1551 &rarr; <strong>1571</strong><br />(+20 for winning)
|raw|OscarGamble's rating: 1559 &rarr; <strong>1539</strong><br />(-20 for losing)
|l|☆OscarGamble
|player|p2|
|l|☆Yung Embryo
|player|p1|
