|j|☆clod the clown
|j|☆BootyGoblin64
|t:|1779584670
|gametype|singles
|player|p1|clod the clown|harlequin|1125
|player|p2|BootyGoblin64|brock|1115
|gen|9
|tier|[Gen 9] OU
|rated|
|rule|HP Percentage Mod: HP is shown in percentages
|rule|Endless Battle Clause: Forcing endless battles is banned
|rule|Species Clause: Limit one of each Pokémon
|rule|OHKO Clause: OHKO moves are banned
|rule|Evasion Items Clause: Evasion items are banned
|rule|Evasion Moves Clause: Evasion moves are banned
|rule|Evasion Abilities Clause: Evasion abilities are banned
|rule|Sleep Moves Clause: Sleep-inducing moves are banned
|clearpoke
|poke|p1|Uxie|
|poke|p1|Charizard, F|
|poke|p1|Necrozma|
|poke|p1|Talonflame, F|
|poke|p1|Rabsca, M|
|poke|p1|Salazzle, F|
|poke|p2|Torterra, M|
|poke|p2|Staraptor, F|
|poke|p2|Garchomp, M|
|poke|p2|Luxray, F|
|poke|p2|Floatzel, F|
|poke|p2|Lucario, M|
|teampreview
|inactive|Battle timer is ON: inactive players will automatically lose when time's up. (requested by BootyGoblin64)
|inactive|clod the clown also wants the timer to be on.
|
|t:|1779584675
|teamsize|p1|6
|teamsize|p2|6
|start
|switch|p1a: Uxie|Uxie|100/100
|switch|p2a: Garchomp|Garchomp, M|100/100
|turn|1
|
|t:|1779584686
|move|p2a: Garchomp|Stealth Rock|p1a: Uxie
|-sidestart|p1: clod the clown|move: Stealth Rock
|move|p1a: Uxie|Reflect|p1a: Uxie
|-sidestart|p1: clod the clown|Reflect
|
|upkeep
|turn|2
|
|t:|1779584697
|move|p2a: Garchomp|Stealth Rock||[still]
|-fail|p2a: Garchomp
|move|p1a: Uxie|Stealth Rock|p2a: Garchomp
|-sidestart|p2: BootyGoblin64|move: Stealth Rock
|
|upkeep
|turn|3
|
|t:|1779584700
|move|p2a: Garchomp|Spikes|p1a: Uxie
|-sidestart|p1: clod the clown|Spikes
|move|p1a: Uxie|Light Screen|p1a: Uxie
|-sidestart|p1: clod the clown|move: Light Screen
|
|upkeep
|turn|4
|
|t:|1779584705
|move|p2a: Garchomp|Spikes|p1a: Uxie
|-sidestart|p1: clod the clown|Spikes
|move|p1a: Uxie|Memento|p2a: Garchomp
|-unboost|p2a: Garchomp|atk|2
|-unboost|p2a: Garchomp|spa|2
|faint|p1a: Uxie
|
|upkeep
|
|t:|1779584711
|switch|p1a: Talonflame|Talonflame, F|100/100
|turn|5
|
|t:|1779584714
|move|p1a: Talonflame|Defog|p2a: Garchomp
|-unboost|p2a: Garchomp|evasion|1
|-sideend|p2: BootyGoblin64|Stealth Rock|[from] move: Defog|[of] p1a: Talonflame
|-sideend|p1: clod the clown|Spikes|[from] move: Defog|[of] p1a: Talonflame
|-sideend|p1: clod the clown|Stealth Rock|[from] move: Defog|[of] p1a: Talonflame
|move|p2a: Garchomp|Dragon Tail|p1a: Talonflame
|-damage|p1a: Talonflame|91/100
|drag|p1a: Salazzle|Salazzle, F|100/100
|
|upkeep
|turn|6
|
|t:|1779584722
|move|p1a: Salazzle|Substitute|p1a: Salazzle
|-start|p1a: Salazzle|Substitute
|-damage|p1a: Salazzle|76/100
|move|p2a: Garchomp|Stealth Rock|p1a: Salazzle
|-sidestart|p1: clod the clown|move: Stealth Rock
|
|-heal|p1a: Salazzle|82/100|[from] item: Black Sludge
|upkeep
|turn|7
|
|t:|1779584727
|move|p1a: Salazzle|Toxic|p2a: Garchomp
|-status|p2a: Garchomp|tox
|move|p2a: Garchomp|Earthquake|p1a: Salazzle
|-supereffective|p1a: Salazzle
|-end|p1a: Salazzle|Substitute
|
|-heal|p1a: Salazzle|88/100|[from] item: Black Sludge
|-damage|p2a: Garchomp|94/100 tox|[from] psn
|upkeep
|turn|8
|
|t:|1779584734
|move|p1a: Salazzle|Substitute|p1a: Salazzle
|-start|p1a: Salazzle|Substitute
|-damage|p1a: Salazzle|63/100
|move|p2a: Garchomp|Earthquake|p1a: Salazzle
|-supereffective|p1a: Salazzle
|-end|p1a: Salazzle|Substitute
|
|-heal|p1a: Salazzle|70/100|[from] item: Black Sludge
|-damage|p2a: Garchomp|82/100 tox|[from] psn
|-sideend|p1: clod the clown|Reflect
|upkeep
|turn|9
|
|t:|1779584744
|move|p1a: Salazzle|Protect|p1a: Salazzle
|-singleturn|p1a: Salazzle|Protect
|move|p2a: Garchomp|Earthquake|p1a: Salazzle
|-activate|p1a: Salazzle|move: Protect
|
|-heal|p1a: Salazzle|76/100|[from] item: Black Sludge
|-damage|p2a: Garchomp|63/100 tox|[from] psn
|upkeep
|turn|10
|
|t:|1779584749
|switch|p2a: Floatzel|Floatzel, F|100/100
|move|p1a: Salazzle|Substitute|p1a: Salazzle
|-start|p1a: Salazzle|Substitute
|-damage|p1a: Salazzle|51/100
|
|-heal|p1a: Salazzle|57/100|[from] item: Black Sludge
|-sideend|p1: clod the clown|move: Light Screen
|upkeep
|turn|11
|
|t:|1779584756
|move|p2a: Floatzel|Aqua Jet|p1a: Salazzle
|-supereffective|p1a: Salazzle
|-end|p1a: Salazzle|Substitute
|move|p1a: Salazzle|Toxic|p2a: Floatzel
|-status|p2a: Floatzel|tox
|
|-heal|p1a: Salazzle|63/100|[from] item: Black Sludge
|-damage|p2a: Floatzel|94/100 tox|[from] psn
|upkeep
|turn|12
|
|t:|1779584764
|move|p1a: Salazzle|Protect|p1a: Salazzle
|-singleturn|p1a: Salazzle|Protect
|move|p2a: Floatzel|Aqua Jet|p1a: Salazzle
|-activate|p1a: Salazzle|move: Protect
|
|-heal|p1a: Salazzle|70/100|[from] item: Black Sludge
|-damage|p2a: Floatzel|82/100 tox|[from] psn
|upkeep
|turn|13
|
|t:|1779584776
|-terastallize|p1a: Salazzle|Poison
|move|p2a: Floatzel|Aqua Jet|p1a: Salazzle
|-damage|p1a: Salazzle|27/100
|move|p1a: Salazzle|Substitute|p1a: Salazzle
|-start|p1a: Salazzle|Substitute
|-damage|p1a: Salazzle|2/100
|
|-heal|p1a: Salazzle|8/100|[from] item: Black Sludge
|-damage|p2a: Floatzel|64/100 tox|[from] psn
|upkeep
|turn|14
|
|t:|1779584785
|move|p1a: Salazzle|Protect|p1a: Salazzle
|-singleturn|p1a: Salazzle|Protect
|move|p2a: Floatzel|Aqua Jet|p1a: Salazzle
|-activate|p1a: Salazzle|move: Protect
|
|-heal|p1a: Salazzle|15/100|[from] item: Black Sludge
|-damage|p2a: Floatzel|39/100 tox|[from] psn
|upkeep
|turn|15
|
|t:|1779584791
|move|p2a: Floatzel|Aqua Jet|p1a: Salazzle
|-end|p1a: Salazzle|Substitute
|move|p1a: Salazzle|Fire Blast|p2a: Floatzel|[miss]
|-miss|p1a: Salazzle|p2a: Floatzel
|
|-heal|p1a: Salazzle|21/100|[from] item: Black Sludge
|-damage|p2a: Floatzel|9/100 tox|[from] psn
|upkeep
|turn|16
|
|t:|1779584796
|switch|p2a: Garchomp|Garchomp, M|63/100 tox
|move|p1a: Salazzle|Protect||[still]
|-fail|p1a: Salazzle
|
|-heal|p1a: Salazzle|27/100|[from] item: Black Sludge
|-damage|p2a: Garchomp|57/100 tox|[from] psn
|upkeep
|turn|17
|
|t:|1779584800
|move|p1a: Salazzle|Substitute|p1a: Salazzle
|-start|p1a: Salazzle|Substitute
|-damage|p1a: Salazzle|2/100
|move|p2a: Garchomp|Earthquake|p1a: Salazzle
|-supereffective|p1a: Salazzle
|-end|p1a: Salazzle|Substitute
|
|-heal|p1a: Salazzle|8/100|[from] item: Black Sludge
|-damage|p2a: Garchomp|45/100 tox|[from] psn
|upkeep
|turn|18
|
|t:|1779584807
|move|p1a: Salazzle|Protect|p1a: Salazzle
|-singleturn|p1a: Salazzle|Protect
|move|p2a: Garchomp|Dragon Tail|p1a: Salazzle
|-activate|p1a: Salazzle|move: Protect
|
|-heal|p1a: Salazzle|15/100|[from] item: Black Sludge
|-damage|p2a: Garchomp|26/100 tox|[from] psn
|upkeep
|turn|19
|
|t:|1779584813
|move|p1a: Salazzle|Fire Blast|p2a: Garchomp
|-resisted|p2a: Garchomp
|-damage|p2a: Garchomp|8/100 tox
|move|p2a: Garchomp|Dragon Tail|p1a: Salazzle
|-damage|p1a: Salazzle|0 fnt
|faint|p1a: Salazzle
|
|-damage|p2a: Garchomp|0 fnt|[from] psn
|faint|p2a: Garchomp
|upkeep
|
|t:|1779584823
|switch|p1a: Talonflame|Talonflame, F|91/100
|switch|p2a: Floatzel|Floatzel, F|9/100 tox
|turn|20
|
|t:|1779584839
|move|p2a: Floatzel|Aqua Jet|p1a: Talonflame
|-supereffective|p1a: Talonflame
|-damage|p1a: Talonflame|10/100
|move|p1a: Talonflame|Defog|p2a: Floatzel
|-unboost|p2a: Floatzel|evasion|1
|-sideend|p1: clod the clown|Stealth Rock|[from] move: Defog|[of] p1a: Talonflame
|
|-damage|p2a: Floatzel|3/100 tox|[from] psn
|upkeep
|turn|21
|
|t:|1779584844
|move|p2a: Floatzel|Aqua Jet|p1a: Talonflame
|-supereffective|p1a: Talonflame
|-damage|p1a: Talonflame|0 fnt
|faint|p1a: Talonflame
|
|-damage|p2a: Floatzel|0 fnt|[from] psn
|faint|p2a: Floatzel
|upkeep
|
|t:|1779584850
|switch|p1a: Rabsca|Rabsca, M|100/100
|switch|p2a: Torterra|Torterra, M|100/100
|turn|22
|
|t:|1779584853
|move|p2a: Torterra|Shell Smash|p2a: Torterra
|-unboost|p2a: Torterra|def|1
|-unboost|p2a: Torterra|spd|1
|-boost|p2a: Torterra|atk|2
|-boost|p2a: Torterra|spa|2
|-boost|p2a: Torterra|spe|2
|-enditem|p2a: Torterra|White Herb
|-clearnegativeboost|p2a: Torterra|[silent]
|move|p1a: Rabsca|Revival Blessing|p1a: Rabsca
|-enditem|p1a: Rabsca|Leppa Berry|[eat]
|-activate|p1a: Rabsca|item: Leppa Berry|Revival Blessing|[consumed]
|
|t:|1779584858
|-heal|p1: Uxie|50/100|[from] move: Revival Blessing
|
|upkeep
|turn|23
|
|t:|1779584866
|move|p2a: Torterra|Stone Edge|p1a: Rabsca
|-supereffective|p1a: Rabsca
|-crit|p1a: Rabsca
|-damage|p1a: Rabsca|0 fnt
|faint|p1a: Rabsca
|
|upkeep
|inactive|clod the clown has 120 seconds left.
|-message|clod the clown forfeited.
|
|win|BootyGoblin64
|raw|clod the clown's rating: 1125 &rarr; <strong>1099</strong><br />(-26 for losing)
|raw|BootyGoblin64's rating: 1115 &rarr; <strong>1141</strong><br />(+26 for winning)
|l|☆clod the clown
|player|p1|
|l|☆BootyGoblin64
|player|p2|
