|j|☆engeruzimmer
|j|‽aaagislash
|t:|1779610935
|gametype|singles
|player|p1|engeruzimmer|102|1259
|player|p2|aaagislash|102|1221
|gen|9
|tier|[Gen 9] OU
|rated|
|rule|HP Percentage Mod: HP is shown in percentages
|rule|Endless Battle Clause: Forcing endless battles is banned
|rule|Species Clause: Limit one of each Pokémon
|rule|OHKO Clause: OHKO moves are banned
|rule|Evasion Items Clause: Evasion items are banned
|rule|Evasion Moves Clause: Evasion moves are banned
|rule|Evasion Abilities Clause: Evasion abilities are banned
|rule|Sleep Moves Clause: Sleep-inducing moves are banned
|clearpoke
|poke|p1|Skeledirge, M|
|poke|p1|Gastrodon, M|
|poke|p1|Walking Wake|
|poke|p1|Lilligant-Hisui, F|
|poke|p1|Torkoal, M|
|poke|p1|Sableye, M|
|poke|p2|Iron Treads|
|poke|p2|Sableye, F|
|poke|p2|Cinderace, M|
|poke|p2|Chandelure, M|
|poke|p2|Rillaboom, F|
|poke|p2|Deoxys-Speed|
|teampreview
|
|t:|1779610951
|teamsize|p1|6
|teamsize|p2|6
|start
|switch|p1a: Torkoal|Torkoal, M, shiny|100/100
|switch|p2a: Sableye|Sableye, F|100/100
|-weather|SunnyDay|[from] ability: Drought|[of] p1a: Torkoal
|turn|1
|
|t:|1779610967
|move|p2a: Sableye|Gravity|p2a: Sableye
|-fieldstart|move: Gravity
|move|p1a: Torkoal|Weather Ball|p2a: Sableye
|-damage|p2a: Sableye|33/100
|-enditem|p2a: Sableye|Eject Button
|
|t:|1779610970
|switch|p2a: Chandelure|Chandelure, M|100/100
|
|-weather|SunnyDay|[upkeep]
|upkeep
|turn|2
|
|t:|1779610978
|move|p2a: Chandelure|Inferno|p1a: Torkoal
|-resisted|p1a: Torkoal
|-damage|p1a: Torkoal|40/100
|move|p1a: Torkoal|Stealth Rock|p2a: Chandelure
|-sidestart|p2: aaagislash|move: Stealth Rock
|
|-weather|SunnyDay|[upkeep]
|upkeep
|turn|3
|
|t:|1779610990
|switch|p1a: Gastrodon|Gastrodon, M|100/100
|move|p2a: Chandelure|Inferno|p1a: Gastrodon
|-resisted|p1a: Gastrodon
|-damage|p1a: Gastrodon|69/100
|-status|p1a: Gastrodon|brn
|
|-weather|SunnyDay|[upkeep]
|-heal|p1a: Gastrodon|75/100 brn|[from] item: Leftovers
|-damage|p1a: Gastrodon|69/100 brn|[from] brn
|upkeep
|turn|4
|
|t:|1779611003
|switch|p2a: Cinderace|Cinderace, M|100/100
|move|p1a: Gastrodon|Earth Power|p2a: Cinderace
|-supereffective|p2a: Cinderace
|-damage|p2a: Cinderace|28/100
|
|-weather|SunnyDay|[upkeep]
|-heal|p1a: Gastrodon|75/100 brn|[from] item: Leftovers
|-damage|p1a: Gastrodon|69/100 brn|[from] brn
|upkeep
|turn|5
|
|t:|1779611015
|switch|p1a: Sableye|Sableye, M, shiny|100/100
|move|p2a: Cinderace|Court Change|p2a: Cinderace
|-start|p2a: Cinderace|typechange|Normal|[from] ability: Libero
|-swapsideconditions
|-activate|p2a: Cinderace|move: Court Change
|
|-weather|SunnyDay|[upkeep]
|-fieldend|move: Gravity
|upkeep
|turn|6
|
|t:|1779611025
|switch|p2a: Sableye|Sableye, F|33/100
|move|p1a: Sableye|Reflect|p1a: Sableye
|-sidestart|p1: engeruzimmer|Reflect
|
|-weather|SunnyDay|[upkeep]
|upkeep
|turn|7
|
|t:|1779611035
|switch|p1a: Torkoal|Torkoal, M, shiny|40/100
|-damage|p1a: Torkoal|15/100|[from] Stealth Rock
|move|p2a: Sableye|Thunder Wave|p1a: Torkoal
|-status|p1a: Torkoal|par
|
|-weather|SunnyDay|[upkeep]
|upkeep
|turn|8
|
|t:|1779611044
|switch|p2a: Chandelure|Chandelure, M|100/100
|switch|p1a: Gastrodon|Gastrodon, M|69/100 brn
|-damage|p1a: Gastrodon|63/100 brn|[from] Stealth Rock
|
|-weather|none
|-heal|p1a: Gastrodon|69/100 brn|[from] item: Leftovers
|-damage|p1a: Gastrodon|63/100 brn|[from] brn
|upkeep
|turn|9
|
|t:|1779611054
|switch|p2a: Rillaboom|Rillaboom, F|100/100
|-fieldstart|move: Grassy Terrain|[from] ability: Grassy Surge|[of] p2a: Rillaboom
|move|p1a: Gastrodon|Earth Power|p2a: Rillaboom
|-resisted|p2a: Rillaboom
|-damage|p2a: Rillaboom|80/100
|
|-heal|p2a: Rillaboom|86/100|[from] Grassy Terrain
|-heal|p1a: Gastrodon|69/100 brn|[from] Grassy Terrain
|-heal|p1a: Gastrodon|75/100 brn|[from] item: Leftovers
|-damage|p1a: Gastrodon|69/100 brn|[from] brn
|upkeep
|turn|10
|
|t:|1779611068
|switch|p1a: Torkoal|Torkoal, M, shiny|15/100 par
|-damage|p1a: Torkoal|0 fnt|[from] Stealth Rock
|faint|p1a: Torkoal
|move|p2a: Rillaboom|High Horsepower|p1: Torkoal|[notarget]
|-fail|p2a: Rillaboom
|
|-heal|p2a: Rillaboom|92/100|[from] Grassy Terrain
|upkeep
|-message|engeruzimmer forfeited.
|
|win|aaagislash
|raw|engeruzimmer's rating: 1259 &rarr; <strong>1231</strong><br />(-28 for losing)
|raw|aaagislash's rating: 1221 &rarr; <strong>1249</strong><br />(+28 for winning)
|l|☆engeruzimmer
|player|p1|
|l|‽aaagislash
|player|p2|
