|j|☆wizardrex
|j|☆Wiksterberry
|t:|1779663573
|gametype|singles
|player|p1|wizardrex|170|1252
|player|p2|Wiksterberry|1|1253
|gen|9
|tier|[Gen 9] OU
|rated|
|rule|HP Percentage Mod: HP is shown in percentages
|rule|Endless Battle Clause: Forcing endless battles is banned
|rule|Species Clause: Limit one of each Pokémon
|rule|OHKO Clause: OHKO moves are banned
|rule|Evasion Items Clause: Evasion items are banned
|rule|Evasion Moves Clause: Evasion moves are banned
|rule|Evasion Abilities Clause: Evasion abilities are banned
|rule|Sleep Moves Clause: Sleep-inducing moves are banned
|clearpoke
|poke|p1|Corviknight, F|
|poke|p1|Garganacl, M|
|poke|p1|Ting-Lu|
|poke|p1|Kyurem|
|poke|p1|Alomomola, F|
|poke|p1|Clodsire, F|
|poke|p2|Torkoal, F|
|poke|p2|Victreebel, F|
|poke|p2|Walking Wake|
|poke|p2|Arcanine-Hisui, F|
|poke|p2|Great Tusk|
|poke|p2|Fezandipiti, M|
|teampreview
|
|t:|1779663584
|teamsize|p1|6
|teamsize|p2|6
|start
|switch|p1a: Garganacl|Garganacl, M|100/100
|switch|p2a: Torkoal|Torkoal, F|100/100
|-weather|SunnyDay|[from] ability: Drought|[of] p2a: Torkoal
|turn|1
|
|t:|1779663590
|move|p1a: Garganacl|Salt Cure|p2a: Torkoal
|-supereffective|p2a: Torkoal
|-damage|p2a: Torkoal|84/100
|-start|p2a: Torkoal|Salt Cure
|move|p2a: Torkoal|Stealth Rock|p1a: Garganacl
|-sidestart|p1: wizardrex|move: Stealth Rock
|
|-weather|SunnyDay|[upkeep]
|-damage|p2a: Torkoal|72/100|[from] Salt Cure
|upkeep
|turn|2
|
|t:|1779663601
|switch|p2a: Great Tusk|Great Tusk|100/100
|-activate|p2a: Great Tusk|ability: Protosynthesis
|-start|p2a: Great Tusk|protosynthesisdef
|move|p1a: Garganacl|Earthquake|p2a: Great Tusk
|-damage|p2a: Great Tusk|91/100
|
|-weather|SunnyDay|[upkeep]
|upkeep
|turn|3
|
|t:|1779663609
|move|p2a: Great Tusk|Bulk Up|p2a: Great Tusk
|-boost|p2a: Great Tusk|atk|1
|-boost|p2a: Great Tusk|def|1
|move|p1a: Garganacl|Salt Cure|p2a: Great Tusk
|-resisted|p2a: Great Tusk
|-damage|p2a: Great Tusk|90/100
|-start|p2a: Great Tusk|Salt Cure
|
|-weather|SunnyDay|[upkeep]
|-damage|p2a: Great Tusk|78/100|[from] Salt Cure
|upkeep
|turn|4
|
|t:|1779663617
|move|p1a: Garganacl|Protect|p1a: Garganacl
|-singleturn|p1a: Garganacl|Protect
|move|p2a: Great Tusk|Headlong Rush|p1a: Garganacl
|-activate|p1a: Garganacl|move: Protect
|
|-weather|SunnyDay|[upkeep]
|-damage|p2a: Great Tusk|65/100|[from] Salt Cure
|upkeep
|turn|5
|
|t:|1779663623
|switch|p1a: Corviknight|Corviknight, F|100/100
|-damage|p1a: Corviknight|88/100|[from] Stealth Rock
|-ability|p1a: Corviknight|Pressure
|move|p2a: Great Tusk|Headlong Rush|p1a: Corviknight
|-immune|p1a: Corviknight
|
|-weather|SunnyDay|[upkeep]
|-damage|p2a: Great Tusk|53/100|[from] Salt Cure
|upkeep
|turn|6
|
|t:|1779663632
|-end|p2a: Great Tusk|Protosynthesis|[silent]
|switch|p2a: Walking Wake|Walking Wake|100/100
|-activate|p2a: Walking Wake|ability: Protosynthesis
|-start|p2a: Walking Wake|protosynthesisspe
|move|p1a: Corviknight|Roost|p1a: Corviknight
|-heal|p1a: Corviknight|100/100
|-singleturn|p1a: Corviknight|move: Roost
|
|-weather|SunnyDay|[upkeep]
|upkeep
|turn|7
|
|t:|1779663642
|move|p2a: Walking Wake|Hydro Steam|p1a: Corviknight
|-damage|p1a: Corviknight|43/100
|move|p1a: Corviknight|U-turn|p2a: Walking Wake
|-damage|p2a: Walking Wake|84/100
|
|t:|1779663655
|switch|p1a: Garganacl|Garganacl, M|100/100|[from] U-turn
|-damage|p1a: Garganacl|88/100|[from] Stealth Rock
|
|-weather|SunnyDay|[upkeep]
|-heal|p1a: Garganacl|94/100|[from] item: Leftovers
|upkeep
|turn|8
|
|t:|1779663659
|-terastallize|p2a: Walking Wake|Water
|-terastallize|p1a: Garganacl|Water
|move|p2a: Walking Wake|Hydro Steam|p1a: Garganacl
|-resisted|p1a: Garganacl
|-damage|p1a: Garganacl|58/100
|move|p1a: Garganacl|Salt Cure|p2a: Walking Wake
|-damage|p2a: Walking Wake|68/100
|-start|p2a: Walking Wake|Salt Cure
|
|-weather|none
|-end|p2a: Walking Wake|Protosynthesis
|-heal|p1a: Garganacl|65/100|[from] item: Leftovers
|-damage|p2a: Walking Wake|43/100|[from] Salt Cure
|upkeep
|turn|9
|
|t:|1779663671
|move|p1a: Garganacl|Protect|p1a: Garganacl
|-singleturn|p1a: Garganacl|Protect
|move|p2a: Walking Wake|Flip Turn|p1a: Garganacl
|-activate|p1a: Garganacl|move: Protect
|
|-heal|p1a: Garganacl|71/100|[from] item: Leftovers
|-damage|p2a: Walking Wake|18/100|[from] Salt Cure
|upkeep
|turn|10
|
|t:|1779663683
|move|p2a: Walking Wake|Flip Turn|p1a: Garganacl
|-resisted|p1a: Garganacl
|-damage|p1a: Garganacl|65/100
|
|t:|1779663686
|-end|p2a: Walking Wake|Protosynthesis|[silent]
|switch|p2a: Torkoal|Torkoal, F|72/100|[from] Flip Turn
|-weather|SunnyDay|[from] ability: Drought|[of] p2a: Torkoal
|move|p1a: Garganacl|Salt Cure|p2a: Torkoal
|-supereffective|p2a: Torkoal
|-damage|p2a: Torkoal|56/100
|-start|p2a: Torkoal|Salt Cure
|
|-weather|SunnyDay|[upkeep]
|-heal|p1a: Garganacl|71/100|[from] item: Leftovers
|-damage|p2a: Torkoal|43/100|[from] Salt Cure
|upkeep
|turn|11
|
|t:|1779663695
|switch|p2a: Great Tusk|Great Tusk|53/100
|-activate|p2a: Great Tusk|ability: Protosynthesis
|-start|p2a: Great Tusk|protosynthesisdef
|move|p1a: Garganacl|Earthquake|p2a: Great Tusk
|-crit|p2a: Great Tusk
|-damage|p2a: Great Tusk|39/100
|
|-weather|SunnyDay|[upkeep]
|-heal|p1a: Garganacl|77/100|[from] item: Leftovers
|upkeep
|turn|12
|
|t:|1779663701
|move|p2a: Great Tusk|Close Combat|p1a: Garganacl
|-damage|p1a: Garganacl|44/100
|-unboost|p2a: Great Tusk|def|1
|-unboost|p2a: Great Tusk|spd|1
|move|p1a: Garganacl|Salt Cure|p2a: Great Tusk
|-resisted|p2a: Great Tusk
|-damage|p2a: Great Tusk|37/100
|-start|p2a: Great Tusk|Salt Cure
|
|-weather|SunnyDay|[upkeep]
|-heal|p1a: Garganacl|50/100|[from] item: Leftovers
|-damage|p2a: Great Tusk|24/100|[from] Salt Cure
|upkeep
|turn|13
|
|t:|1779663707
|move|p2a: Great Tusk|Close Combat|p1a: Garganacl
|-damage|p1a: Garganacl|20/100
|-unboost|p2a: Great Tusk|def|1
|-unboost|p2a: Great Tusk|spd|1
|move|p1a: Garganacl|Recover|p1a: Garganacl
|-heal|p1a: Garganacl|70/100
|
|-weather|SunnyDay|[upkeep]
|-heal|p1a: Garganacl|76/100|[from] item: Leftovers
|-damage|p2a: Great Tusk|12/100|[from] Salt Cure
|upkeep
|turn|14
|
|t:|1779663713
|move|p2a: Great Tusk|Close Combat|p1a: Garganacl
|-damage|p1a: Garganacl|41/100
|-unboost|p2a: Great Tusk|def|1
|-unboost|p2a: Great Tusk|spd|1
|move|p1a: Garganacl|Recover|p1a: Garganacl
|-heal|p1a: Garganacl|91/100
|
|-weather|SunnyDay|[upkeep]
|-heal|p1a: Garganacl|97/100|[from] item: Leftovers
|-damage|p2a: Great Tusk|0 fnt|[from] Salt Cure
|faint|p2a: Great Tusk
|-end|p2a: Great Tusk|Protosynthesis|[silent]
|upkeep
|
|t:|1779663715
|switch|p2a: Victreebel|Victreebel, F|100/100
|turn|15
|
|t:|1779663731
|switch|p1a: Ting-Lu|Ting-Lu|100/100
|-damage|p1a: Ting-Lu|94/100|[from] Stealth Rock
|-ability|p1a: Ting-Lu|Vessel of Ruin
|move|p2a: Victreebel|Solar Beam||[still]
|-prepare|p2a: Victreebel|Solar Beam
|-anim|p2a: Victreebel|Solar Beam|p1a: Ting-Lu
|-supereffective|p1a: Ting-Lu
|-damage|p1a: Ting-Lu|29/100
|-damage|p2a: Victreebel|91/100|[from] item: Life Orb
|
|-weather|SunnyDay|[upkeep]
|-heal|p1a: Ting-Lu|35/100|[from] item: Leftovers
|upkeep
|turn|16
|
|t:|1779663737
|move|p2a: Victreebel|Solar Beam||[still]
|-prepare|p2a: Victreebel|Solar Beam
|-anim|p2a: Victreebel|Solar Beam|p1a: Ting-Lu
|-supereffective|p1a: Ting-Lu
|-damage|p1a: Ting-Lu|0 fnt
|faint|p1a: Ting-Lu
|-damage|p2a: Victreebel|81/100|[from] item: Life Orb
|
|-weather|SunnyDay|[upkeep]
|upkeep
|
|t:|1779663740
|switch|p1a: Corviknight|Corviknight, F|43/100
|-damage|p1a: Corviknight|30/100|[from] Stealth Rock
|-ability|p1a: Corviknight|Pressure
|turn|17
|
|t:|1779663742
|move|p2a: Victreebel|Weather Ball|p1a: Corviknight
|-supereffective|p1a: Corviknight
|-damage|p1a: Corviknight|0 fnt
|faint|p1a: Corviknight
|-damage|p2a: Victreebel|71/100|[from] item: Life Orb
|
|-weather|none
|upkeep
|
|t:|1779663745
|switch|p1a: Kyurem|Kyurem|100/100
|-damage|p1a: Kyurem|75/100|[from] Stealth Rock
|-ability|p1a: Kyurem|Pressure
|turn|18
|
|t:|1779663753
|switch|p2a: Torkoal|Torkoal, F|43/100
|-weather|SunnyDay|[from] ability: Drought|[of] p2a: Torkoal
|move|p1a: Kyurem|Substitute|p1a: Kyurem
|-start|p1a: Kyurem|Substitute
|-damage|p1a: Kyurem|50/100
|
|-weather|SunnyDay|[upkeep]
|-heal|p1a: Kyurem|57/100|[from] item: Leftovers
|upkeep
|turn|19
|
|t:|1779663758
|move|p1a: Kyurem|Earth Power|p2a: Torkoal
|-supereffective|p2a: Torkoal
|-damage|p2a: Torkoal|0 fnt
|faint|p2a: Torkoal
|
|-weather|SunnyDay|[upkeep]
|-heal|p1a: Kyurem|63/100|[from] item: Leftovers
|upkeep
|
|t:|1779663764
|switch|p2a: Arcanine|Arcanine-Hisui, F|100/100
|turn|20
|
|t:|1779663767
|move|p1a: Kyurem|Earth Power|p2a: Arcanine
|-supereffective|p2a: Arcanine
|-damage|p2a: Arcanine|0 fnt
|faint|p2a: Arcanine
|
|-weather|SunnyDay|[upkeep]
|-heal|p1a: Kyurem|69/100|[from] item: Leftovers
|upkeep
|
|t:|1779663769
|switch|p2a: Fezandipiti|Fezandipiti, M|100/100
|turn|21
|
|t:|1779663771
|move|p1a: Kyurem|Earth Power|p2a: Fezandipiti
|-supereffective|p2a: Fezandipiti
|-damage|p2a: Fezandipiti|74/100
|move|p2a: Fezandipiti|Beat Up|p1a: Kyurem
|-activate|p1a: Kyurem|move: Substitute|[damage]
|-activate|p1a: Kyurem|move: Substitute|[damage]
|-activate|p1a: Kyurem|move: Substitute|[damage]
|-hitcount|p1a: Kyurem|3
|
|-weather|SunnyDay|[upkeep]
|-heal|p1a: Kyurem|75/100|[from] item: Leftovers
|upkeep
|turn|22
|
|t:|1779663785
|move|p1a: Kyurem|Earth Power|p2a: Fezandipiti
|-supereffective|p2a: Fezandipiti
|-damage|p2a: Fezandipiti|47/100
|-unboost|p2a: Fezandipiti|spd|1
|move|p2a: Fezandipiti|Play Rough|p1a: Kyurem
|-supereffective|p1a: Kyurem
|-end|p1a: Kyurem|Substitute
|
|-weather|SunnyDay|[upkeep]
|-heal|p1a: Kyurem|81/100|[from] item: Leftovers
|upkeep
|turn|23
|
|t:|1779663793
|move|p1a: Kyurem|Earth Power|p2a: Fezandipiti
|-supereffective|p2a: Fezandipiti
|-damage|p2a: Fezandipiti|10/100
|-unboost|p2a: Fezandipiti|spd|1
|move|p2a: Fezandipiti|Play Rough|p1a: Kyurem
|-supereffective|p1a: Kyurem
|-damage|p1a: Kyurem|16/100
|-status|p1a: Kyurem|tox|[from] ability: Toxic Chain|[of] p2a: Fezandipiti
|
|-weather|SunnyDay|[upkeep]
|-heal|p1a: Kyurem|22/100 tox|[from] item: Leftovers
|-damage|p1a: Kyurem|16/100 tox|[from] psn
|upkeep
|turn|24
|
|t:|1779663798
|move|p1a: Kyurem|Earth Power|p2a: Fezandipiti
|-supereffective|p2a: Fezandipiti
|-damage|p2a: Fezandipiti|0 fnt
|faint|p2a: Fezandipiti
|
|-weather|SunnyDay|[upkeep]
|-heal|p1a: Kyurem|22/100 tox|[from] item: Leftovers
|-damage|p1a: Kyurem|9/100 tox|[from] psn
|upkeep
|
|t:|1779663812
|switch|p2a: Walking Wake|Walking Wake, tera:Water|18/100
|-activate|p2a: Walking Wake|ability: Protosynthesis
|-start|p2a: Walking Wake|protosynthesisspe
|turn|25
|
|t:|1779663819
|move|p2a: Walking Wake|Flip Turn|p1a: Kyurem
|-resisted|p1a: Kyurem
|-damage|p1a: Kyurem|4/100 tox
|
|t:|1779663821
|-end|p2a: Walking Wake|Protosynthesis|[silent]
|switch|p2a: Victreebel|Victreebel, F|71/100|[from] Flip Turn
|move|p1a: Kyurem|Earth Power|p2a: Victreebel
|-damage|p2a: Victreebel|27/100
|
|-weather|none
|-heal|p1a: Kyurem|11/100 tox|[from] item: Leftovers
|-damage|p1a: Kyurem|0 fnt|[from] psn
|faint|p1a: Kyurem
|upkeep
|
|t:|1779663829
|switch|p1a: Clodsire|Clodsire, F|100/100
|-damage|p1a: Clodsire|94/100|[from] Stealth Rock
|turn|26
|
|t:|1779663835
|move|p2a: Victreebel|Strength Sap|p1a: Clodsire
|-unboost|p1a: Clodsire|atk|1
|-heal|p2a: Victreebel|90/100
|move|p1a: Clodsire|Earthquake|p2a: Victreebel
|-damage|p2a: Victreebel|58/100
|
|upkeep
|turn|27
|
|t:|1779663844
|move|p2a: Victreebel|Strength Sap|p1a: Clodsire
|-unboost|p1a: Clodsire|atk|1
|-heal|p2a: Victreebel|99/100
|move|p1a: Clodsire|Earthquake|p2a: Victreebel
|-damage|p2a: Victreebel|75/100
|
|upkeep
|turn|28
|
|t:|1779663849
|move|p2a: Victreebel|Knock Off|p1a: Clodsire
|-damage|p1a: Clodsire|70/100
|-damage|p2a: Victreebel|65/100|[from] item: Life Orb
|move|p1a: Clodsire|Spikes|p2a: Victreebel
|-sidestart|p2: Wiksterberry|Spikes
|
|upkeep
|turn|29
|
|t:|1779663857
|move|p2a: Victreebel|Solar Beam||[still]
|-prepare|p2a: Victreebel|Solar Beam
|move|p1a: Clodsire|Spikes|p2a: Victreebel
|-sidestart|p2: Wiksterberry|Spikes
|
|upkeep
|turn|30
|
|t:|1779663865
|switch|p1a: Alomomola|Alomomola, F|100/100
|move|p2a: Victreebel|Solar Beam|p1a: Alomomola|[from] lockedmove
|-supereffective|p1a: Alomomola
|-damage|p1a: Alomomola|0 fnt
|faint|p1a: Alomomola
|-damage|p2a: Victreebel|55/100|[from] item: Life Orb
|
|upkeep
|
|t:|1779663867
|switch|p1a: Garganacl|Garganacl, M, tera:Water|97/100
|-damage|p1a: Garganacl|85/100|[from] Stealth Rock
|turn|31
|
|t:|1779663869
|move|p2a: Victreebel|Strength Sap|p1a: Garganacl
|-unboost|p1a: Garganacl|atk|1
|-heal|p2a: Victreebel|100/100
|move|p1a: Garganacl|Salt Cure|p2a: Victreebel
|-damage|p2a: Victreebel|83/100
|-start|p2a: Victreebel|Salt Cure
|
|-heal|p1a: Garganacl|91/100|[from] item: Leftovers
|-damage|p2a: Victreebel|70/100|[from] Salt Cure
|upkeep
|turn|32
|
|t:|1779663880
|move|p2a: Victreebel|Solar Beam||[still]
|-prepare|p2a: Victreebel|Solar Beam
|move|p1a: Garganacl|Earthquake|p2a: Victreebel
|-damage|p2a: Victreebel|44/100
|
|-heal|p1a: Garganacl|97/100|[from] item: Leftovers
|-damage|p2a: Victreebel|32/100|[from] Salt Cure
|upkeep
|turn|33
|
|t:|1779663886
|move|p1a: Garganacl|Protect|p1a: Garganacl
|-singleturn|p1a: Garganacl|Protect
|move|p2a: Victreebel|Solar Beam|p1a: Garganacl|[from] lockedmove
|-activate|p1a: Garganacl|move: Protect
|
|-heal|p1a: Garganacl|100/100|[from] item: Leftovers
|-damage|p2a: Victreebel|20/100|[from] Salt Cure
|upkeep
|turn|34
|
|t:|1779663895
|move|p2a: Victreebel|Strength Sap|p1a: Garganacl
|-unboost|p1a: Garganacl|atk|1
|-heal|p2a: Victreebel|72/100
|move|p1a: Garganacl|Earthquake|p2a: Victreebel
|-damage|p2a: Victreebel|53/100
|
|-damage|p2a: Victreebel|41/100|[from] Salt Cure
|upkeep
|turn|35
|
|t:|1779663903
|move|p2a: Victreebel|Strength Sap|p1a: Garganacl
|-unboost|p1a: Garganacl|atk|1
|-heal|p2a: Victreebel|80/100
|move|p1a: Garganacl|Earthquake|p2a: Victreebel
|-damage|p2a: Victreebel|65/100
|
|-damage|p2a: Victreebel|53/100|[from] Salt Cure
|upkeep
|turn|36
|
|t:|1779663906
|move|p2a: Victreebel|Strength Sap|p1a: Garganacl
|-unboost|p1a: Garganacl|atk|1
|-heal|p2a: Victreebel|84/100
|move|p1a: Garganacl|Earthquake|p2a: Victreebel
|-damage|p2a: Victreebel|70/100
|
|-damage|p2a: Victreebel|58/100|[from] Salt Cure
|upkeep
|turn|37
|
|t:|1779663911
|move|p2a: Victreebel|Knock Off|p1a: Garganacl
|-damage|p1a: Garganacl|83/100
|-enditem|p1a: Garganacl|Leftovers|[from] move: Knock Off|[of] p2a: Victreebel
|-damage|p2a: Victreebel|48/100|[from] item: Life Orb
|move|p1a: Garganacl|Earthquake|p2a: Victreebel
|-damage|p2a: Victreebel|35/100
|
|-damage|p2a: Victreebel|22/100|[from] Salt Cure
|upkeep
|turn|38
|
|t:|1779663919
|move|p2a: Victreebel|Strength Sap|p1a: Garganacl
|-unboost|p1a: Garganacl|atk|1
|-heal|p2a: Victreebel|49/100
|move|p1a: Garganacl|Earthquake|p2a: Victreebel
|-damage|p2a: Victreebel|36/100
|
|-damage|p2a: Victreebel|24/100|[from] Salt Cure
|upkeep
|turn|39
|
|t:|1779663922
|move|p2a: Victreebel|Strength Sap|p1a: Garganacl
|-unboost|p1a: Garganacl|atk|1
|-heal|p2a: Victreebel|46/100
|move|p1a: Garganacl|Earthquake|p2a: Victreebel
|-damage|p2a: Victreebel|36/100
|
|-damage|p2a: Victreebel|23/100|[from] Salt Cure
|upkeep
|turn|40
|
|t:|1779663929
|move|p2a: Victreebel|Weather Ball|p1a: Garganacl
|-damage|p1a: Garganacl|64/100
|-damage|p2a: Victreebel|13/100|[from] item: Life Orb
|move|p1a: Garganacl|Recover|p1a: Garganacl
|-heal|p1a: Garganacl|100/100
|
|-damage|p2a: Victreebel|1/100|[from] Salt Cure
|upkeep
|turn|41
|
|t:|1779663933
|move|p1a: Garganacl|Protect|p1a: Garganacl
|-singleturn|p1a: Garganacl|Protect
|move|p2a: Victreebel|Weather Ball|p1a: Garganacl
|-activate|p1a: Garganacl|move: Protect
|
|-damage|p2a: Victreebel|0 fnt|[from] Salt Cure
|faint|p2a: Victreebel
|upkeep
|
|t:|1779663935
|switch|p2a: Walking Wake|Walking Wake, tera:Water|18/100
|-damage|p2a: Walking Wake|2/100|[from] Spikes
|turn|42
|
|t:|1779663940
|move|p2a: Walking Wake|Flamethrower|p1a: Garganacl
|-resisted|p1a: Garganacl
|-damage|p1a: Garganacl|87/100
|move|p1a: Garganacl|Salt Cure|p2a: Walking Wake
|-crit|p2a: Walking Wake
|-damage|p2a: Walking Wake|0 fnt
|faint|p2a: Walking Wake
|-end|p2a: Walking Wake|Protosynthesis|[silent]
|
|win|wizardrex
|raw|wizardrex's rating: 1252 &rarr; <strong>1277</strong><br />(+25 for winning)
|raw|Wiksterberry's rating: 1253 &rarr; <strong>1228</strong><br />(-25 for losing)
|l|☆Wiksterberry
|player|p2|
|l|☆wizardrex
|player|p1|
