|j|☆Agent Bopus
|j|☆Taco Steve
|t:|1779662551
|gametype|singles
|player|p1|Agent Bopus|266|1359
|player|p2|Taco Steve|janitor|1394
|gen|9
|tier|[Gen 9] OU
|rated|
|rule|HP Percentage Mod: HP is shown in percentages
|rule|Endless Battle Clause: Forcing endless battles is banned
|rule|Species Clause: Limit one of each Pokémon
|rule|OHKO Clause: OHKO moves are banned
|rule|Evasion Items Clause: Evasion items are banned
|rule|Evasion Moves Clause: Evasion moves are banned
|rule|Evasion Abilities Clause: Evasion abilities are banned
|rule|Sleep Moves Clause: Sleep-inducing moves are banned
|clearpoke
|poke|p1|Iron Moth|
|poke|p1|Gliscor, F|
|poke|p1|Hatterene, F|
|poke|p1|Ogerpon-Wellspring, F|
|poke|p1|Raging Bolt|
|poke|p1|Zamazenta-*|
|poke|p2|Scrafty, M|
|poke|p2|Ninetales, M|
|poke|p2|Zapdos|
|poke|p2|Pelipper, M|
|poke|p2|Metagross|
|poke|p2|Ditto|
|teampreview
|
|t:|1779662575
|teamsize|p1|6
|teamsize|p2|6
|start
|switch|p1a: Ogerpon|Ogerpon-Wellspring, F|100/100
|switch|p2a: Ninetales|Ninetales, M|100/100
|-weather|SunnyDay|[from] ability: Drought|[of] p2a: Ninetales
|turn|1
|
|t:|1779662589
|move|p2a: Ninetales|Overheat|p1a: Ogerpon|[miss]
|-miss|p2a: Ninetales|p1a: Ogerpon
|move|p1a: Ogerpon|Ivy Cudgel|p2a: Ninetales|[anim] Ivy Cudgel Water
|-supereffective|p2a: Ninetales
|-damage|p2a: Ninetales|2/100
|
|-weather|SunnyDay|[upkeep]
|upkeep
|turn|2
|
|t:|1779662621
|switch|p1a: Raging Bolt|Raging Bolt|100/100
|-activate|p1a: Raging Bolt|ability: Protosynthesis
|-start|p1a: Raging Bolt|protosynthesisspa
|move|p2a: Ninetales|Overheat|p1a: Raging Bolt
|-resisted|p1a: Raging Bolt
|-damage|p1a: Raging Bolt|66/100
|-unboost|p2a: Ninetales|spa|2
|-enditem|p2a: Ninetales|Eject Pack
|
|t:|1779662634
|switch|p2a: Ditto|Ditto|100/100
|-transform|p2a: Ditto|p1a: Raging Bolt|[from] ability: Imposter
|
|-weather|SunnyDay|[upkeep]
|upkeep
|turn|3
|inactive|Battle timer is ON: inactive players will automatically lose when time's up. (requested by Agent Bopus)
|
|t:|1779662658
|-end|p1a: Raging Bolt|Protosynthesis|[silent]
|switch|p1a: Hatterene|Hatterene, F|100/100
|move|p2a: Ditto|Calm Mind|p2a: Ditto
|-boost|p2a: Ditto|spa|1
|-boost|p2a: Ditto|spd|1
|
|-weather|SunnyDay|[upkeep]
|upkeep
|turn|4
|
|t:|1779662667
|-terastallize|p2a: Ditto|Fairy
|move|p2a: Ditto|Calm Mind|p2a: Ditto
|-boost|p2a: Ditto|spa|1
|-boost|p2a: Ditto|spd|1
|move|p1a: Hatterene|Calm Mind|p1a: Hatterene
|-boost|p1a: Hatterene|spa|1
|-boost|p1a: Hatterene|spd|1
|
|-weather|SunnyDay|[upkeep]
|upkeep
|turn|5
|
|t:|1779662678
|move|p2a: Ditto|Thunderbolt|p1a: Hatterene
|-damage|p1a: Hatterene|25/100
|move|p1a: Hatterene|Mystical Fire|p2a: Ditto
|-damage|p2a: Ditto|71/100
|-unboost|p2a: Ditto|spa|1
|
|-weather|none
|-heal|p1a: Hatterene|31/100|[from] item: Leftovers
|upkeep
|turn|6
|
|t:|1779662685
|move|p2a: Ditto|Thunderbolt|p1a: Hatterene
|-damage|p1a: Hatterene|0 fnt
|faint|p1a: Hatterene
|
|upkeep
|
|t:|1779662691
|switch|p1a: Gliscor|Gliscor, F|100/100
|turn|7
|
|t:|1779662706
|-end|p2a: Ditto|Protosynthesis|[silent]
|switch|p2a: Pelipper|Pelipper, M|100/100
|-weather|RainDance|[from] ability: Drizzle|[of] p2a: Pelipper
|move|p1a: Gliscor|Earthquake|p2a: Pelipper
|-immune|p2a: Pelipper
|
|-weather|RainDance|[upkeep]
|-status|p1a: Gliscor|tox|[from] item: Toxic Orb
|upkeep
|turn|8
|
|t:|1779662718
|switch|p1a: Ogerpon|Ogerpon-Wellspring, F|100/100
|move|p2a: Pelipper|U-turn|p1a: Ogerpon
|-supereffective|p1a: Ogerpon
|-damage|p1a: Ogerpon|73/100
|
|t:|1779662727
|switch|p2a: Zapdos|Zapdos|100/100|[from] U-turn
|
|-weather|RainDance|[upkeep]
|upkeep
|turn|9
|
|t:|1779662735
|switch|p1a: Raging Bolt|Raging Bolt|66/100
|-enditem|p1a: Raging Bolt|Booster Energy
|-activate|p1a: Raging Bolt|ability: Protosynthesis|[fromitem]
|-start|p1a: Raging Bolt|protosynthesisspa
|move|p2a: Zapdos|Hurricane|p1a: Raging Bolt
|-resisted|p1a: Raging Bolt
|-damage|p1a: Raging Bolt|24/100
|
|-weather|RainDance|[upkeep]
|upkeep
|turn|10
|
|t:|1779662744
|move|p1a: Raging Bolt|Thunderclap|p2a: Zapdos
|-damage|p2a: Zapdos|41/100
|move|p2a: Zapdos|Hurricane|p1a: Raging Bolt
|-resisted|p1a: Raging Bolt
|-damage|p1a: Raging Bolt|0 fnt
|faint|p1a: Raging Bolt
|-end|p1a: Raging Bolt|Protosynthesis|[silent]
|
|-weather|RainDance|[upkeep]
|upkeep
|
|t:|1779662751
|switch|p1a: Zamazenta|Zamazenta|100/100
|-ability|p1a: Zamazenta|Dauntless Shield|boost
|-boost|p1a: Zamazenta|def|1
|turn|11
|
|t:|1779662763
|move|p1a: Zamazenta|Ice Fang|p2a: Zapdos
|-supereffective|p2a: Zapdos
|-damage|p2a: Zapdos|0 fnt
|faint|p2a: Zapdos
|
|-weather|RainDance|[upkeep]
|upkeep
|
|t:|1779662778
|switch|p2a: Pelipper|Pelipper, M|100/100
|turn|12
|
|t:|1779662789
|move|p1a: Zamazenta|Light Screen|p1a: Zamazenta
|-sidestart|p1: Agent Bopus|move: Light Screen
|move|p2a: Pelipper|Hurricane|p1a: Zamazenta
|-supereffective|p1a: Zamazenta
|-damage|p1a: Zamazenta|70/100
|
|-weather|RainDance|[upkeep]
|upkeep
|turn|13
|
|t:|1779662801
|move|p1a: Zamazenta|Ice Fang|p2a: Pelipper
|-damage|p2a: Pelipper|86/100
|move|p2a: Pelipper|U-turn|p1a: Zamazenta
|-resisted|p1a: Zamazenta
|-damage|p1a: Zamazenta|68/100
|
|t:|1779662815
|switch|p2a: Ditto|Ditto, tera:Fairy|71/100|[from] U-turn
|-transform|p2a: Ditto|p1a: Zamazenta|[from] ability: Imposter
|-ability|p2a: Ditto|Dauntless Shield|boost
|-boost|p2a: Ditto|def|1
|
|-weather|RainDance|[upkeep]
|upkeep
|turn|14
|
|t:|1779662833
|move|p2a: Ditto|Light Screen|p2a: Ditto
|-sidestart|p2: Taco Steve|move: Light Screen
|move|p1a: Zamazenta|Reflect|p1a: Zamazenta
|-sidestart|p1: Agent Bopus|Reflect
|
|-weather|none
|upkeep
|turn|15
|
|t:|1779662850
|switch|p1a: Iron Moth|Iron Moth|100/100
|-enditem|p1a: Iron Moth|Booster Energy
|-activate|p1a: Iron Moth|ability: Quark Drive|[fromitem]
|-start|p1a: Iron Moth|quarkdrivespe
|move|p2a: Ditto|Reflect|p2a: Ditto
|-sidestart|p2: Taco Steve|Reflect
|
|upkeep
|turn|16
|
|t:|1779662857
|switch|p2a: Pelipper|Pelipper, M|86/100
|-weather|RainDance|[from] ability: Drizzle|[of] p2a: Pelipper
|move|p1a: Iron Moth|Toxic Spikes|p2a: Pelipper
|-sidestart|p2: Taco Steve|move: Toxic Spikes
|
|-weather|RainDance|[upkeep]
|upkeep
|turn|17
|
|t:|1779662876
|-end|p1a: Iron Moth|Quark Drive|[silent]
|switch|p1a: Zamazenta|Zamazenta|68/100
|move|p2a: Pelipper|U-turn|p1a: Zamazenta
|-resisted|p1a: Zamazenta
|-damage|p1a: Zamazenta|66/100
|
|t:|1779662899
|switch|p2a: Scrafty|Scrafty, M|100/100|[from] U-turn
|-status|p2a: Scrafty|psn
|
|-weather|RainDance|[upkeep]
|-damage|p2a: Scrafty|88/100 psn|[from] psn
|upkeep
|turn|18
|
|t:|1779662906
|move|p1a: Zamazenta|Close Combat|p2a: Scrafty
|-supereffective|p2a: Scrafty
|-damage|p2a: Scrafty|38/100 psn
|-unboost|p1a: Zamazenta|def|1
|-unboost|p1a: Zamazenta|spd|1
|move|p2a: Scrafty|Dragon Dance|p2a: Scrafty
|-boost|p2a: Scrafty|atk|1
|-boost|p2a: Scrafty|spe|1
|
|-weather|RainDance|[upkeep]
|-heal|p2a: Scrafty|44/100 psn|[from] item: Leftovers
|-damage|p2a: Scrafty|32/100 psn|[from] psn
|-sideend|p2: Taco Steve|move: Light Screen
|upkeep
|turn|19
|
|t:|1779662918
|move|p1a: Zamazenta|Close Combat|p2a: Scrafty
|-supereffective|p2a: Scrafty
|-damage|p2a: Scrafty|0 fnt
|-unboost|p1a: Zamazenta|def|1
|-unboost|p1a: Zamazenta|spd|1
|faint|p2a: Scrafty
|
|-weather|RainDance|[upkeep]
|-sideend|p2: Taco Steve|Reflect
|-sideend|p1: Agent Bopus|move: Light Screen
|upkeep
|
|t:|1779662925
|switch|p2a: Metagross|Metagross|100/100
|-item|p2a: Metagross|Air Balloon
|turn|20
|
|t:|1779662938
|move|p1a: Zamazenta|Light Screen|p1a: Zamazenta
|-sidestart|p1: Agent Bopus|move: Light Screen
|move|p2a: Metagross|Agility|p2a: Metagross
|-boost|p2a: Metagross|spe|2
|
|-weather|RainDance|[upkeep]
|upkeep
|turn|21
|
|t:|1779662946
|move|p2a: Metagross|Meteor Mash|p1a: Zamazenta
|-damage|p1a: Zamazenta|27/100
|move|p1a: Zamazenta|Ice Fang|p2a: Metagross
|-resisted|p2a: Metagross
|-damage|p2a: Metagross|92/100
|-enditem|p2a: Metagross|Air Balloon
|
|-weather|RainDance|[upkeep]
|-sideend|p1: Agent Bopus|Reflect
|upkeep
|turn|22
|
|t:|1779662954
|switch|p1a: Gliscor|Gliscor, F|100/100 tox
|move|p2a: Metagross|Meteor Mash|p1a: Gliscor
|-damage|p1a: Gliscor|52/100 tox
|
|-weather|RainDance|[upkeep]
|-heal|p1a: Gliscor|64/100 tox|[from] ability: Poison Heal
|upkeep
|turn|23
|
|t:|1779662964
|move|p2a: Metagross|Explosion|p1a: Gliscor
|-damage|p1a: Gliscor|0 fnt
|faint|p2a: Metagross
|faint|p1a: Gliscor
|
|-weather|none
|upkeep
|
|t:|1779662975
|switch|p1a: Ogerpon|Ogerpon-Wellspring, F|73/100
|switch|p2a: Pelipper|Pelipper, M|86/100
|-weather|RainDance|[from] ability: Drizzle|[of] p2a: Pelipper
|turn|24
|
|t:|1779662987
|-terastallize|p1a: Ogerpon|Water
|detailschange|p1a: Ogerpon|Ogerpon-Wellspring-Tera, F, tera:Water
|-ability|p1a: Ogerpon|Embody Aspect (Wellspring)|boost
|-boost|p1a: Ogerpon|spd|1
|move|p1a: Ogerpon|Ivy Cudgel|p2a: Pelipper|[anim] Ivy Cudgel Water
|-resisted|p2a: Pelipper
|-damage|p2a: Pelipper|39/100
|move|p2a: Pelipper|Hurricane|p1a: Ogerpon
|-damage|p1a: Ogerpon|58/100
|-start|p1a: Ogerpon|confusion
|
|-weather|RainDance|[upkeep]
|upkeep
|turn|25
|inactive|Taco Steve has 120 seconds left.
|
|t:|1779663029
|switch|p1a: Zamazenta|Zamazenta|27/100
|move|p2a: Pelipper|Hurricane|p1a: Zamazenta
|-supereffective|p1a: Zamazenta
|-damage|p1a: Zamazenta|0 fnt
|faint|p1a: Zamazenta
|
|-weather|RainDance|[upkeep]
|upkeep
|
|t:|1779663041
|switch|p1a: Iron Moth|Iron Moth|100/100
|turn|26
|
|t:|1779663047
|move|p2a: Pelipper|Hurricane|p1a: Iron Moth
|-damage|p1a: Iron Moth|82/100
|move|p1a: Iron Moth|Whirlwind|p2a: Pelipper
|drag|p2a: Ninetales|Ninetales, M|2/100
|-status|p2a: Ninetales|psn
|-weather|SunnyDay|[from] ability: Drought|[of] p2a: Ninetales
|
|-weather|SunnyDay|[upkeep]
|-damage|p2a: Ninetales|0 fnt|[from] psn
|faint|p2a: Ninetales
|upkeep
|
|t:|1779663057
|switch|p2a: Pelipper|Pelipper, M|39/100
|-weather|RainDance|[from] ability: Drizzle|[of] p2a: Pelipper
|turn|27
|
|t:|1779663087
|move|p1a: Iron Moth|Fiery Dance|p2a: Pelipper
|-resisted|p2a: Pelipper
|-damage|p2a: Pelipper|25/100
|move|p2a: Pelipper|Hurricane|p1a: Iron Moth
|-damage|p1a: Iron Moth|66/100
|
|-weather|RainDance|[upkeep]
|-sideend|p1: Agent Bopus|move: Light Screen
|upkeep
|turn|28
|
|t:|1779663094
|move|p1a: Iron Moth|Sludge Wave|p2a: Pelipper
|-damage|p2a: Pelipper|0 fnt
|faint|p2a: Pelipper
|
|-weather|RainDance|[upkeep]
|upkeep
|
|t:|1779663097
|switch|p2a: Ditto|Ditto, tera:Fairy|71/100
|-status|p2a: Ditto|psn
|-transform|p2a: Ditto|p1a: Iron Moth|[from] ability: Imposter
|turn|29
|
|t:|1779663105
|move|p1a: Iron Moth|Sludge Wave|p2a: Ditto
|-supereffective|p2a: Ditto
|-damage|p2a: Ditto|0 fnt
|faint|p2a: Ditto
|-end|p2a: Ditto|Quark Drive|[silent]
|
|win|Agent Bopus
|raw|Agent Bopus's rating: 1359 &rarr; <strong>1381</strong><br />(+22 for winning)
|raw|Taco Steve's rating: 1394 &rarr; <strong>1372</strong><br />(-22 for losing)
|l|☆Taco Steve
|player|p2|
|l|☆Agent Bopus
|player|p1|
