|j|☆wipe your nose
|j|☆Tapferkeitsameise
|t:|1779721639
|gametype|singles
|player|p1|wipe your nose|picnicker|1701
|player|p2|Tapferkeitsameise|serena-masters3|1588
|gen|9
|tier|[Gen 9] OU
|rated|
|rule|HP Percentage Mod: HP is shown in percentages
|rule|Endless Battle Clause: Forcing endless battles is banned
|rule|Species Clause: Limit one of each Pokémon
|rule|OHKO Clause: OHKO moves are banned
|rule|Evasion Items Clause: Evasion items are banned
|rule|Evasion Moves Clause: Evasion moves are banned
|rule|Evasion Abilities Clause: Evasion abilities are banned
|rule|Sleep Moves Clause: Sleep-inducing moves are banned
|clearpoke
|poke|p1|Weezing-Galar, M|
|poke|p1|Blissey, F|
|poke|p1|Gliscor, M|
|poke|p1|Dondozo, F|
|poke|p1|Toxapex, M|
|poke|p1|Corviknight, M|
|poke|p2|Slither Wing|
|poke|p2|Ninetales, F|
|poke|p2|Raging Bolt|
|poke|p2|Dragapult, M|
|poke|p2|Great Tusk|
|poke|p2|Fezandipiti, M|
|teampreview
|inactive|Battle timer is ON: inactive players will automatically lose when time's up. (requested by Tapferkeitsameise)
|
|t:|1779721661
|teamsize|p1|6
|teamsize|p2|6
|start
|switch|p1a: Nargacuga|Gliscor, M|100/100
|switch|p2a: Raging Bolt|Raging Bolt|100/100
|turn|1
|
|t:|1779721666
|move|p1a: Nargacuga|Protect|p1a: Nargacuga
|-singleturn|p1a: Nargacuga|Protect
|move|p2a: Raging Bolt|Draco Meteor|p1a: Nargacuga
|-activate|p1a: Nargacuga|move: Protect
|
|-status|p1a: Nargacuga|tox|[from] item: Toxic Orb
|upkeep
|turn|2
|
|t:|1779721679
|-end|p2a: Raging Bolt|Protosynthesis|[silent]
|switch|p2a: Fezandipiti|Fezandipiti, M|100/100
|switch|p1a: Water Prison|Toxapex, M|100/100
|
|upkeep
|turn|3
|
|t:|1779721689
|switch|p1a: Nargacuga|Gliscor, M|100/100 tox
|move|p2a: Fezandipiti|U-turn|p1a: Nargacuga
|-resisted|p1a: Nargacuga
|-damage|p1a: Nargacuga|94/100 tox
|
|t:|1779721693
|switch|p2a: Ninetales|Ninetales, F|100/100|[from] U-turn
|-weather|SunnyDay|[from] ability: Drought|[of] p2a: Ninetales
|
|-weather|SunnyDay|[upkeep]
|-heal|p1a: Nargacuga|100/100 tox|[from] ability: Poison Heal
|upkeep
|turn|4
|
|t:|1779721704
|switch|p2a: Slither Wing|Slither Wing|100/100
|-activate|p2a: Slither Wing|ability: Protosynthesis
|-start|p2a: Slither Wing|protosynthesisatk
|move|p1a: Nargacuga|Toxic|p2a: Slither Wing
|-status|p2a: Slither Wing|tox
|
|-weather|SunnyDay|[upkeep]
|-damage|p2a: Slither Wing|94/100 tox|[from] psn
|upkeep
|turn|5
|
|t:|1779721712
|-end|p2a: Slither Wing|Protosynthesis|[silent]
|switch|p2a: Raging Bolt|Raging Bolt|100/100
|-activate|p2a: Raging Bolt|ability: Protosynthesis
|-start|p2a: Raging Bolt|protosynthesisspa
|move|p1a: Nargacuga|Protect||[still]
|-fail|p1a: Nargacuga
|
|-weather|SunnyDay|[upkeep]
|upkeep
|turn|6
|
|t:|1779721723
|move|p1a: Nargacuga|Protect|p1a: Nargacuga
|-singleturn|p1a: Nargacuga|Protect
|move|p2a: Raging Bolt|Weather Ball|p1a: Nargacuga
|-activate|p1a: Nargacuga|move: Protect
|
|-weather|SunnyDay|[upkeep]
|upkeep
|turn|7
|
|t:|1779721735
|switch|p1a: Water Prison|Toxapex, M|100/100
|move|p2a: Raging Bolt|Weather Ball|p1a: Water Prison
|-resisted|p1a: Water Prison
|-damage|p1a: Water Prison|67/100
|
|-weather|SunnyDay|[upkeep]
|upkeep
|turn|8
|
|t:|1779721751
|-end|p2a: Raging Bolt|Protosynthesis|[silent]
|switch|p2a: Great Tusk|Great Tusk|100/100
|-activate|p2a: Great Tusk|ability: Protosynthesis
|-start|p2a: Great Tusk|protosynthesisatk
|move|p1a: Water Prison|Ice Beam|p2a: Great Tusk
|-supereffective|p2a: Great Tusk
|-damage|p2a: Great Tusk|52/100
|
|-weather|SunnyDay|[upkeep]
|upkeep
|turn|9
|
|t:|1779721764
|switch|p1a: Kushala Daora|Corviknight, M, shiny|100/100
|-ability|p1a: Kushala Daora|Pressure
|move|p2a: Great Tusk|Stealth Rock|p1a: Kushala Daora
|-sidestart|p1: wipe your nose|move: Stealth Rock
|
|-weather|SunnyDay|[upkeep]
|upkeep
|turn|10
|
|t:|1779721784
|move|p2a: Great Tusk|Knock Off|p1a: Kushala Daora
|-damage|p1a: Kushala Daora|73/100
|-enditem|p1a: Kushala Daora|Leftovers|[from] move: Knock Off|[of] p2a: Great Tusk
|move|p1a: Kushala Daora|Defog|p2a: Great Tusk
|-unboost|p2a: Great Tusk|evasion|1
|-sideend|p1: wipe your nose|Stealth Rock|[from] move: Defog|[of] p1a: Kushala Daora
|
|-weather|none
|-end|p2a: Great Tusk|Protosynthesis
|upkeep
|turn|11
|
|t:|1779721791
|move|p2a: Great Tusk|Stealth Rock|p1a: Kushala Daora
|-sidestart|p1: wipe your nose|move: Stealth Rock
|move|p1a: Kushala Daora|Body Press|p2a: Great Tusk
|-damage|p2a: Great Tusk|36/100
|
|upkeep
|turn|12
|
|t:|1779721794
|-end|p2a: Great Tusk|Protosynthesis|[silent]
|switch|p2a: Ninetales|Ninetales, F|100/100
|-weather|SunnyDay|[from] ability: Drought|[of] p2a: Ninetales
|move|p1a: Kushala Daora|Defog|p2a: Ninetales
|-unboost|p2a: Ninetales|evasion|1
|-sideend|p1: wipe your nose|Stealth Rock|[from] move: Defog|[of] p1a: Kushala Daora
|
|-weather|SunnyDay|[upkeep]
|upkeep
|turn|13
|
|t:|1779721800
|switch|p1a: Nargacuga|Gliscor, M|100/100 tox
|move|p2a: Ninetales|Will-O-Wisp|p1a: Nargacuga|[miss]
|-miss|p2a: Ninetales|p1a: Nargacuga
|
|-weather|SunnyDay|[upkeep]
|upkeep
|turn|14
|
|t:|1779721813
|switch|p2a: Slither Wing|Slither Wing|94/100 tox
|-activate|p2a: Slither Wing|ability: Protosynthesis
|-start|p2a: Slither Wing|protosynthesisatk
|move|p1a: Nargacuga|Toxic|p2a: Slither Wing
|-fail|p2a: Slither Wing|tox
|
|-weather|SunnyDay|[upkeep]
|-damage|p2a: Slither Wing|88/100 tox|[from] psn
|upkeep
|turn|15
|
|t:|1779721822
|move|p1a: Nargacuga|Protect|p1a: Nargacuga
|-singleturn|p1a: Nargacuga|Protect
|move|p2a: Slither Wing|Flare Blitz|p1a: Nargacuga
|-activate|p1a: Nargacuga|move: Protect
|
|-weather|SunnyDay|[upkeep]
|-damage|p2a: Slither Wing|76/100 tox|[from] psn
|upkeep
|turn|16
|
|t:|1779721827
|-end|p2a: Slither Wing|Protosynthesis|[silent]
|switch|p2a: Raging Bolt|Raging Bolt|100/100
|-activate|p2a: Raging Bolt|ability: Protosynthesis
|-start|p2a: Raging Bolt|protosynthesisspa
|switch|p1a: Viper|Weezing-Galar, M|100/100
|-ability|p1a: Viper|Neutralizing Gas
|
|-weather|SunnyDay|[upkeep]
|upkeep
|turn|17
|inactive|wipe your nose has 120 seconds left.
|
|t:|1779721862
|-end|p1a: Viper|ability: Neutralizing Gas
|switch|p1a: Nanika|Blissey, F|100/100
|move|p2a: Raging Bolt|Volt Switch|p1a: Nanika
|-crit|p1a: Nanika
|-damage|p1a: Nanika|66/100
|
|t:|1779721880
|-end|p2a: Raging Bolt|Protosynthesis|[silent]
|switch|p2a: Slither Wing|Slither Wing|76/100 tox|[from] Volt Switch
|-activate|p2a: Slither Wing|ability: Protosynthesis
|-start|p2a: Slither Wing|protosynthesisatk
|
|-weather|SunnyDay|[upkeep]
|-heal|p1a: Nanika|72/100|[from] item: Leftovers
|-damage|p2a: Slither Wing|70/100 tox|[from] psn
|upkeep
|turn|18
|
|t:|1779721885
|switch|p1a: Nargacuga|Gliscor, M|100/100 tox
|move|p2a: Slither Wing|U-turn|p1a: Nargacuga
|-resisted|p1a: Nargacuga
|-damage|p1a: Nargacuga|68/100 tox
|inactive|Tapferkeitsameise has 120 seconds left.
|
|t:|1779721913
|-end|p2a: Slither Wing|Protosynthesis|[silent]
|switch|p2a: Dragapult|Dragapult, M|100/100|[from] U-turn
|
|-weather|SunnyDay|[upkeep]
|-heal|p1a: Nargacuga|81/100 tox|[from] ability: Poison Heal
|upkeep
|turn|19
|
|t:|1779721921
|move|p1a: Nargacuga|Protect|p1a: Nargacuga
|-singleturn|p1a: Nargacuga|Protect
|move|p2a: Dragapult|Shadow Ball|p1a: Nargacuga
|-activate|p1a: Nargacuga|move: Protect
|
|-weather|none
|-heal|p1a: Nargacuga|93/100 tox|[from] ability: Poison Heal
|upkeep
|turn|20
|
|t:|1779721932
|switch|p2a: Ninetales|Ninetales, F|100/100
|-weather|SunnyDay|[from] ability: Drought|[of] p2a: Ninetales
|switch|p1a: Nanika|Blissey, F|72/100
|
|-weather|SunnyDay|[upkeep]
|-heal|p1a: Nanika|78/100|[from] item: Leftovers
|upkeep
|turn|21
|
|t:|1779721943
|switch|p2a: Slither Wing|Slither Wing|70/100 tox
|-activate|p2a: Slither Wing|ability: Protosynthesis
|-start|p2a: Slither Wing|protosynthesisatk
|move|p1a: Nanika|Seismic Toss|p2a: Slither Wing
|-damage|p2a: Slither Wing|38/100 tox
|
|-weather|SunnyDay|[upkeep]
|-heal|p1a: Nanika|84/100|[from] item: Leftovers
|-damage|p2a: Slither Wing|32/100 tox|[from] psn
|upkeep
|turn|22
|
|t:|1779721950
|switch|p1a: Nargacuga|Gliscor, M|93/100 tox
|move|p2a: Slither Wing|Flare Blitz|p1a: Nargacuga
|-damage|p1a: Nargacuga|0 fnt
|faint|p1a: Nargacuga
|-damage|p2a: Slither Wing|0 fnt|[from] Recoil
|faint|p2a: Slither Wing
|-end|p2a: Slither Wing|Protosynthesis|[silent]
|
|-weather|SunnyDay|[upkeep]
|upkeep
|
|t:|1779721960
|switch|p2a: Raging Bolt|Raging Bolt|100/100
|switch|p1a: Nanika|Blissey, F|84/100
|-activate|p2a: Raging Bolt|ability: Protosynthesis
|-start|p2a: Raging Bolt|protosynthesisspa
|turn|23
|
|t:|1779721966
|move|p2a: Raging Bolt|Volt Switch|p1a: Nanika
|-damage|p1a: Nanika|60/100
|
|t:|1779721969
|-end|p2a: Raging Bolt|Protosynthesis|[silent]
|switch|p2a: Dragapult|Dragapult, M|100/100|[from] Volt Switch
|move|p1a: Nanika|Soft-Boiled|p1a: Nanika
|-heal|p1a: Nanika|100/100
|
|-weather|SunnyDay|[upkeep]
|upkeep
|turn|24
|
|t:|1779721978
|move|p2a: Dragapult|Dragon Darts|p1a: Nanika
|-damage|p1a: Nanika|75/100
|-anim|p2a: Dragapult|Dragon Darts|p1a: Nanika
|-damage|p1a: Nanika|49/100
|-damage|p2a: Dragapult|91/100|[from] item: Life Orb
|move|p1a: Nanika|Seismic Toss|p2a: Dragapult
|-immune|p2a: Dragapult
|
|-weather|SunnyDay|[upkeep]
|-heal|p1a: Nanika|55/100|[from] item: Leftovers
|upkeep
|turn|25
|
|t:|1779721988
|switch|p2a: Raging Bolt|Raging Bolt|100/100
|-activate|p2a: Raging Bolt|ability: Protosynthesis
|-start|p2a: Raging Bolt|protosynthesisspa
|move|p1a: Nanika|Soft-Boiled|p1a: Nanika
|-heal|p1a: Nanika|100/100
|
|-weather|SunnyDay|[upkeep]
|upkeep
|turn|26
|
|t:|1779721998
|move|p2a: Raging Bolt|Volt Switch|p1a: Nanika
|-damage|p1a: Nanika|77/100
|
|t:|1779722001
|-end|p2a: Raging Bolt|Protosynthesis|[silent]
|switch|p2a: Fezandipiti|Fezandipiti, M|100/100|[from] Volt Switch
|move|p1a: Nanika|Stealth Rock|p2a: Fezandipiti
|-sidestart|p2: Tapferkeitsameise|move: Stealth Rock
|
|-weather|SunnyDay|[upkeep]
|-heal|p1a: Nanika|83/100|[from] item: Leftovers
|upkeep
|turn|27
|
|t:|1779722008
|switch|p1a: Water Prison|Toxapex, M|99/100
|move|p2a: Fezandipiti|Play Rough|p1a: Water Prison
|-resisted|p1a: Water Prison
|-crit|p1a: Water Prison
|-damage|p1a: Water Prison|82/100
|
|-weather|none
|upkeep
|turn|28
|
|t:|1779722019
|move|p2a: Fezandipiti|Beat Up|p1a: Water Prison
|-damage|p1a: Water Prison|79/100
|-damage|p1a: Water Prison|77/100
|-damage|p1a: Water Prison|73/100
|-damage|p1a: Water Prison|70/100
|-damage|p1a: Water Prison|67/100
|-hitcount|p1a: Water Prison|5
|move|p1a: Water Prison|Sludge Bomb|p2a: Fezandipiti
|-damage|p2a: Fezandipiti|80/100
|
|upkeep
|turn|29
|
|t:|1779722026
|switch|p1a: Viper|Weezing-Galar, M|100/100
|-ability|p1a: Viper|Neutralizing Gas
|move|p2a: Fezandipiti|Play Rough|p1a: Viper
|-resisted|p1a: Viper
|-damage|p1a: Viper|89/100
|
|upkeep
|turn|30
|
|t:|1779722031
|move|p2a: Fezandipiti|U-turn|p1a: Viper
|-resisted|p1a: Viper
|-damage|p1a: Viper|86/100
|
|t:|1779722032
|switch|p2a: Ninetales|Ninetales, F|100/100|[from] U-turn
|-damage|p2a: Ninetales|76/100|[from] Stealth Rock
|move|p1a: Viper|Strange Steam|p2a: Ninetales
|-resisted|p2a: Ninetales
|-damage|p2a: Ninetales|63/100
|
|upkeep
|turn|31
|
|t:|1779722037
|-end|p1a: Viper|ability: Neutralizing Gas
|-weather|SunnyDay|[from] ability: Drought|[of] p2a: Ninetales
|switch|p1a: Water Prison|Toxapex, M|99/100
|move|p2a: Ninetales|Encore||[still]
|-fail|p2a: Ninetales
|
|-weather|SunnyDay|[upkeep]
|upkeep
|turn|32
|
|t:|1779722045
|switch|p2a: Great Tusk|Great Tusk|36/100
|-activate|p2a: Great Tusk|ability: Protosynthesis
|-start|p2a: Great Tusk|protosynthesisatk
|move|p1a: Water Prison|Ice Beam|p2a: Great Tusk
|-supereffective|p2a: Great Tusk
|-damage|p2a: Great Tusk|0 fnt
|faint|p2a: Great Tusk
|-end|p2a: Great Tusk|Protosynthesis|[silent]
|
|-weather|SunnyDay|[upkeep]
|upkeep
|j| hattybatty304
|
|t:|1779722048
|switch|p2a: Raging Bolt|Raging Bolt|100/100
|-damage|p2a: Raging Bolt|88/100|[from] Stealth Rock
|-activate|p2a: Raging Bolt|ability: Protosynthesis
|-start|p2a: Raging Bolt|protosynthesisspa
|turn|33
|l| hattybatty304
|
|t:|1779722058
|-terastallize|p1a: Water Prison|Steel
|move|p2a: Raging Bolt|Volt Switch|p1a: Water Prison
|-damage|p1a: Water Prison|52/100
|
|t:|1779722068
|-end|p2a: Raging Bolt|Protosynthesis|[silent]
|switch|p2a: Ninetales|Ninetales, F|63/100|[from] Volt Switch
|-damage|p2a: Ninetales|38/100|[from] Stealth Rock
|move|p1a: Water Prison|Sludge Bomb|p2a: Ninetales
|-damage|p2a: Ninetales|9/100
|
|-weather|SunnyDay|[upkeep]
|upkeep
|turn|34
|
|t:|1779722075
|switch|p1a: Gobul|Dondozo, F|100/100
|move|p2a: Ninetales|Healing Wish|p2a: Ninetales
|faint|p2a: Ninetales
|
|-weather|SunnyDay|[upkeep]
|upkeep
|j| Supa Dupa Hoopa
|
|t:|1779722077
|switch|p2a: Raging Bolt|Raging Bolt|88/100
|-heal|p2a: Raging Bolt|100/100|[from] move: Healing Wish
|-damage|p2a: Raging Bolt|88/100|[from] Stealth Rock
|-activate|p2a: Raging Bolt|ability: Protosynthesis
|-start|p2a: Raging Bolt|protosynthesisspa
|turn|35
|
|t:|1779722091
|switch|p1a: Kushala Daora|Corviknight, M, shiny|73/100
|-ability|p1a: Kushala Daora|Pressure
|move|p2a: Raging Bolt|Volt Switch|p1a: Kushala Daora
|-supereffective|p1a: Kushala Daora
|-damage|p1a: Kushala Daora|0 fnt
|faint|p1a: Kushala Daora
|
|t:|1779722097
|-end|p2a: Raging Bolt|Protosynthesis|[silent]
|switch|p2a: Dragapult|Dragapult, M|91/100|[from] Volt Switch
|-damage|p2a: Dragapult|78/100|[from] Stealth Rock
|
|-weather|SunnyDay|[upkeep]
|upkeep
|
|t:|1779722104
|switch|p1a: Gobul|Dondozo, F|100/100
|turn|36
|l| Supa Dupa Hoopa
|
|t:|1779722120
|move|p2a: Dragapult|Draco Meteor|p1a: Gobul
|-damage|p1a: Gobul|34/100
|-unboost|p2a: Dragapult|spa|2
|-damage|p2a: Dragapult|69/100|[from] item: Life Orb
|move|p1a: Gobul|Avalanche|p2a: Dragapult
|-supereffective|p2a: Dragapult
|-damage|p2a: Dragapult|0 fnt
|faint|p2a: Dragapult
|
|-weather|SunnyDay|[upkeep]
|-heal|p1a: Gobul|41/100|[from] item: Leftovers
|upkeep
|
|t:|1779722123
|switch|p2a: Raging Bolt|Raging Bolt|88/100
|-damage|p2a: Raging Bolt|76/100|[from] Stealth Rock
|-activate|p2a: Raging Bolt|ability: Protosynthesis
|-start|p2a: Raging Bolt|protosynthesisspa
|turn|37
|
|t:|1779722141
|move|p2a: Raging Bolt|Volt Switch|p1a: Gobul
|-supereffective|p1a: Gobul
|-damage|p1a: Gobul|0 fnt
|faint|p1a: Gobul
|
|t:|1779722143
|-end|p2a: Raging Bolt|Protosynthesis|[silent]
|switch|p2a: Fezandipiti|Fezandipiti, M|80/100|[from] Volt Switch
|
|-weather|SunnyDay|[upkeep]
|upkeep
|
|t:|1779722146
|switch|p1a: Viper|Weezing-Galar, M|86/100
|-ability|p1a: Viper|Neutralizing Gas
|turn|38
|
|t:|1779722157
|move|p2a: Fezandipiti|Play Rough|p1a: Viper
|-resisted|p1a: Viper
|-damage|p1a: Viper|75/100
|move|p1a: Viper|Will-O-Wisp|p2a: Fezandipiti
|-status|p2a: Fezandipiti|brn
|
|-weather|none
|-damage|p2a: Fezandipiti|74/100 brn|[from] brn
|upkeep
|turn|39
|
|t:|1779722170
|move|p2a: Fezandipiti|Play Rough|p1a: Viper
|-resisted|p1a: Viper
|-crit|p1a: Viper
|-damage|p1a: Viper|67/100
|move|p1a: Viper|Strange Steam|p2a: Fezandipiti
|-resisted|p2a: Fezandipiti
|-damage|p2a: Fezandipiti|66/100 brn
|
|-damage|p2a: Fezandipiti|60/100 brn|[from] brn
|upkeep
|turn|40
|
|t:|1779722181
|move|p2a: Fezandipiti|Roost|p2a: Fezandipiti
|-heal|p2a: Fezandipiti|100/100 brn
|-singleturn|p2a: Fezandipiti|move: Roost
|move|p1a: Viper|Strange Steam|p2a: Fezandipiti
|-resisted|p2a: Fezandipiti
|-damage|p2a: Fezandipiti|92/100 brn
|
|-damage|p2a: Fezandipiti|86/100 brn|[from] brn
|upkeep
|turn|41
|
|t:|1779722187
|move|p2a: Fezandipiti|Play Rough|p1a: Viper
|-resisted|p1a: Viper
|-damage|p1a: Viper|62/100
|move|p1a: Viper|Strange Steam|p2a: Fezandipiti
|-resisted|p2a: Fezandipiti
|-damage|p2a: Fezandipiti|77/100 brn
|
|-damage|p2a: Fezandipiti|71/100 brn|[from] brn
|upkeep
|turn|42
|
|t:|1779722190
|move|p2a: Fezandipiti|Play Rough|p1a: Viper
|-resisted|p1a: Viper
|-damage|p1a: Viper|56/100
|move|p1a: Viper|Strange Steam|p2a: Fezandipiti
|-resisted|p2a: Fezandipiti
|-damage|p2a: Fezandipiti|62/100 brn
|
|-damage|p2a: Fezandipiti|56/100 brn|[from] brn
|upkeep
|turn|43
|
|t:|1779722195
|move|p2a: Fezandipiti|Roost|p2a: Fezandipiti
|-heal|p2a: Fezandipiti|100/100 brn
|-singleturn|p2a: Fezandipiti|move: Roost
|move|p1a: Viper|Pain Split|p2a: Fezandipiti
|-sethp|p2a: Fezandipiti|75/100 brn|[from] move: Pain Split|[silent]
|-sethp|p1a: Viper|85/100|[from] move: Pain Split
|
|-damage|p2a: Fezandipiti|69/100 brn|[from] brn
|upkeep
|turn|44
|
|t:|1779722201
|move|p2a: Fezandipiti|Play Rough|p1a: Viper
|-resisted|p1a: Viper
|-damage|p1a: Viper|80/100
|move|p1a: Viper|Strange Steam|p2a: Fezandipiti
|-resisted|p2a: Fezandipiti
|-damage|p2a: Fezandipiti|60/100 brn
|
|-damage|p2a: Fezandipiti|54/100 brn|[from] brn
|upkeep
|turn|45
|
|t:|1779722205
|-end|p1a: Viper|ability: Neutralizing Gas
|switch|p1a: Water Prison|Toxapex, M, tera:Steel|85/100
|move|p2a: Fezandipiti|Play Rough|p1a: Water Prison
|-resisted|p1a: Water Prison
|-damage|p1a: Water Prison|79/100
|
|-damage|p2a: Fezandipiti|48/100 brn|[from] brn
|upkeep
|turn|46
|
|t:|1779722212
|move|p2a: Fezandipiti|Roost|p2a: Fezandipiti
|-heal|p2a: Fezandipiti|98/100 brn
|-singleturn|p2a: Fezandipiti|move: Roost
|move|p1a: Water Prison|Ice Beam|p2a: Fezandipiti
|-damage|p2a: Fezandipiti|85/100 brn
|
|-damage|p2a: Fezandipiti|79/100 brn|[from] brn
|upkeep
|turn|47
|
|t:|1779722216
|move|p2a: Fezandipiti|U-turn|p1a: Water Prison
|-resisted|p1a: Water Prison
|-damage|p1a: Water Prison|75/100
|
|t:|1779722218
|switch|p2a: Raging Bolt|Raging Bolt|76/100|[from] U-turn
|-damage|p2a: Raging Bolt|64/100|[from] Stealth Rock
|move|p1a: Water Prison|Ice Beam|p2a: Raging Bolt
|-supereffective|p2a: Raging Bolt
|-damage|p2a: Raging Bolt|28/100
|
|upkeep
|turn|48
|
|t:|1779722224
|switch|p1a: Nanika|Blissey, F|83/100
|-terastallize|p2a: Raging Bolt|Fairy
|move|p2a: Raging Bolt|Volt Switch|p1a: Nanika
|-crit|p1a: Nanika
|-damage|p1a: Nanika|54/100
|
|t:|1779722226
|-end|p2a: Raging Bolt|Protosynthesis|[silent]
|switch|p2a: Fezandipiti|Fezandipiti, M|79/100 brn|[from] Volt Switch
|
|-heal|p1a: Nanika|60/100|[from] item: Leftovers
|-damage|p2a: Fezandipiti|73/100 brn|[from] brn
|upkeep
|turn|49
|
|t:|1779722237
|move|p2a: Fezandipiti|Beat Up|p1a: Nanika
|-damage|p1a: Nanika|58/100
|-damage|p1a: Nanika|57/100
|-hitcount|p1a: Nanika|2
|move|p1a: Nanika|Seismic Toss|p2a: Fezandipiti
|-damage|p2a: Fezandipiti|46/100 brn
|
|-heal|p1a: Nanika|63/100|[from] item: Leftovers
|-damage|p2a: Fezandipiti|40/100 brn|[from] brn
|upkeep
|turn|50
|
|t:|1779722243
|move|p2a: Fezandipiti|Play Rough|p1a: Nanika
|-damage|p1a: Nanika|46/100
|-status|p1a: Nanika|tox|[from] ability: Toxic Chain|[of] p2a: Fezandipiti
|move|p1a: Nanika|Seismic Toss|p2a: Fezandipiti
|-damage|p2a: Fezandipiti|14/100 brn
|
|-heal|p1a: Nanika|53/100 tox|[from] item: Leftovers
|-damage|p1a: Nanika|46/100 tox|[from] psn
|-damage|p2a: Fezandipiti|8/100 brn|[from] brn
|upkeep
|turn|51
|
|t:|1779722246
|move|p2a: Fezandipiti|Roost|p2a: Fezandipiti
|-heal|p2a: Fezandipiti|58/100 brn
|-singleturn|p2a: Fezandipiti|move: Roost
|move|p1a: Nanika|Soft-Boiled|p1a: Nanika
|-heal|p1a: Nanika|97/100 tox
|
|-heal|p1a: Nanika|100/100 tox|[from] item: Leftovers
|-damage|p1a: Nanika|88/100 tox|[from] psn
|-damage|p2a: Fezandipiti|52/100 brn|[from] brn
|upkeep
|turn|52
|
|t:|1779722249
|move|p2a: Fezandipiti|Roost|p2a: Fezandipiti
|-heal|p2a: Fezandipiti|100/100 brn
|-singleturn|p2a: Fezandipiti|move: Roost
|move|p1a: Nanika|Seismic Toss|p2a: Fezandipiti
|-damage|p2a: Fezandipiti|74/100 brn
|
|-heal|p1a: Nanika|94/100 tox|[from] item: Leftovers
|-damage|p1a: Nanika|76/100 tox|[from] psn
|-damage|p2a: Fezandipiti|68/100 brn|[from] brn
|upkeep
|turn|53
|
|t:|1779722254
|move|p2a: Fezandipiti|Play Rough|p1a: Nanika
|-damage|p1a: Nanika|59/100 tox
|-unboost|p1a: Nanika|atk|1
|move|p1a: Nanika|Seismic Toss|p2a: Fezandipiti
|-damage|p2a: Fezandipiti|42/100 brn
|
|-heal|p1a: Nanika|65/100 tox|[from] item: Leftovers
|-damage|p1a: Nanika|40/100 tox|[from] psn
|-damage|p2a: Fezandipiti|36/100 brn|[from] brn
|upkeep
|turn|54
|
|t:|1779722257
|move|p2a: Fezandipiti|Play Rough|p1a: Nanika
|-damage|p1a: Nanika|22/100 tox
|move|p1a: Nanika|Soft-Boiled|p1a: Nanika
|-heal|p1a: Nanika|72/100 tox
|
|-heal|p1a: Nanika|78/100 tox|[from] item: Leftovers
|-damage|p1a: Nanika|47/100 tox|[from] psn
|-damage|p2a: Fezandipiti|30/100 brn|[from] brn
|upkeep
|turn|55
|
|t:|1779722264
|-curestatus|p1a: Nanika|tox|[from] ability: Natural Cure|[silent]
|switch|p1a: Water Prison|Toxapex, M, tera:Steel|100/100
|move|p2a: Fezandipiti|Play Rough|p1a: Water Prison
|-resisted|p1a: Water Prison
|-damage|p1a: Water Prison|94/100
|
|-damage|p2a: Fezandipiti|23/100 brn|[from] brn
|upkeep
|turn|56
|
|t:|1779722269
|switch|p1a: Nanika|Blissey, F|47/100
|move|p2a: Fezandipiti|Roost|p2a: Fezandipiti
|-heal|p2a: Fezandipiti|74/100 brn
|-singleturn|p2a: Fezandipiti|move: Roost
|
|-heal|p1a: Nanika|53/100|[from] item: Leftovers
|-damage|p2a: Fezandipiti|68/100 brn|[from] brn
|upkeep
|turn|57
|
|t:|1779722273
|move|p2a: Fezandipiti|U-turn|p1a: Nanika
|-damage|p1a: Nanika|45/100
|
|t:|1779722276
|switch|p2a: Raging Bolt|Raging Bolt, tera:Fairy|28/100|[from] U-turn
|-damage|p2a: Raging Bolt|16/100|[from] Stealth Rock
|move|p1a: Nanika|Soft-Boiled|p1a: Nanika
|-heal|p1a: Nanika|95/100
|
|-heal|p1a: Nanika|100/100|[from] item: Leftovers
|upkeep
|turn|58
|
|t:|1779722278
|move|p2a: Raging Bolt|Volt Switch|p1a: Nanika
|-damage|p1a: Nanika|82/100
|j| eternity o2
|
|t:|1779722280
|-end|p2a: Raging Bolt|Protosynthesis|[silent]
|switch|p2a: Fezandipiti|Fezandipiti, M|68/100 brn|[from] Volt Switch
|move|p1a: Nanika|Seismic Toss|p2a: Fezandipiti
|-damage|p2a: Fezandipiti|41/100 brn
|
|-heal|p1a: Nanika|88/100|[from] item: Leftovers
|-damage|p2a: Fezandipiti|35/100 brn|[from] brn
|upkeep
|turn|59
|
|t:|1779722285
|move|p2a: Fezandipiti|Roost|p2a: Fezandipiti
|-heal|p2a: Fezandipiti|85/100 brn
|-singleturn|p2a: Fezandipiti|move: Roost
|move|p1a: Nanika|Seismic Toss|p2a: Fezandipiti
|-damage|p2a: Fezandipiti|59/100 brn
|
|-heal|p1a: Nanika|94/100|[from] item: Leftovers
|-damage|p2a: Fezandipiti|53/100 brn|[from] brn
|upkeep
|turn|60
|
|t:|1779722289
|switch|p1a: Water Prison|Toxapex, M, tera:Steel|100/100
|move|p2a: Fezandipiti|Play Rough|p1a: Water Prison
|-resisted|p1a: Water Prison
|-damage|p1a: Water Prison|95/100
|
|-damage|p2a: Fezandipiti|47/100 brn|[from] brn
|upkeep
|turn|61
|
|t:|1779722292
|move|p2a: Fezandipiti|Roost|p2a: Fezandipiti
|-heal|p2a: Fezandipiti|97/100 brn
|-singleturn|p2a: Fezandipiti|move: Roost
|move|p1a: Water Prison|Sludge Bomb|p2a: Fezandipiti
|-damage|p2a: Fezandipiti|78/100 brn
|
|-damage|p2a: Fezandipiti|71/100 brn|[from] brn
|upkeep
|turn|62
|c|☆Tapferkeitsameise|gg
|-message|Tapferkeitsameise forfeited.
|
|win|wipe your nose
|raw|wipe your nose's rating: 1701 &rarr; <strong>1715</strong><br />(+14 for winning)
|raw|Tapferkeitsameise's rating: 1588 &rarr; <strong>1574</strong><br />(-14 for losing)
|l|☆Tapferkeitsameise
|player|p2|
|l|☆wipe your nose
|player|p1|
