|j|☆conwynaut
|j|☆Naiwrath
|t:|1779681712
|gametype|singles
|player|p1|conwynaut|2|1397
|player|p2|Naiwrath|266|1349
|gen|9
|tier|[Gen 9] OU
|rated|
|rule|HP Percentage Mod: HP is shown in percentages
|rule|Endless Battle Clause: Forcing endless battles is banned
|rule|Species Clause: Limit one of each Pokémon
|rule|OHKO Clause: OHKO moves are banned
|rule|Evasion Items Clause: Evasion items are banned
|rule|Evasion Moves Clause: Evasion moves are banned
|rule|Evasion Abilities Clause: Evasion abilities are banned
|rule|Sleep Moves Clause: Sleep-inducing moves are banned
|clearpoke
|poke|p1|Weezing-Galar, F|
|poke|p1|Alomomola, F|
|poke|p1|Iron Treads|
|poke|p1|Tornadus-Therian, M|
|poke|p1|Zamazenta-*|
|poke|p1|Lokix, F|
|poke|p2|Cramorant, M|
|poke|p2|Gallade, M|
|poke|p2|Kingambit, M|
|poke|p2|Iron Moth|
|poke|p2|Enamorus, F|
|poke|p2|Great Tusk|
|teampreview
|inactive|Battle timer is ON: inactive players will automatically lose when time's up. (requested by Naiwrath)
|
|t:|1779681720
|teamsize|p1|6
|teamsize|p2|6
|start
|switch|p1a: Iron Treads|Iron Treads|100/100
|switch|p2a: Cramorant|Cramorant, M, shiny|100/100
|turn|1
|
|t:|1779681731
|move|p1a: Iron Treads|Stealth Rock|p2a: Cramorant
|-sidestart|p2: Naiwrath|move: Stealth Rock
|move|p2a: Cramorant|Surf|p1a: Iron Treads
|-formechange|p2a: Cramorant|Cramorant-Gulping|
|-supereffective|p1a: Iron Treads
|-damage|p1a: Iron Treads|15/100
|
|-heal|p1a: Iron Treads|22/100|[from] item: Leftovers
|upkeep
|turn|2
|
|t:|1779681743
|move|p1a: Iron Treads|Ice Spinner|p2a: Cramorant
|-damage|p2a: Cramorant|57/100
|-damage|p1a: Iron Treads|0 fnt|[from] ability: Gulp Missile|[of] p2a: Cramorant
|-formechange|p2a: Cramorant|Cramorant|
|faint|p1a: Iron Treads
|-end|p1a: Iron Treads|Quark Drive|[silent]
|move|p2a: Cramorant|Defog|p1: Iron Treads|[notarget]
|-fail|p2a: Cramorant
|
|upkeep
|
|t:|1779681755
|switch|p1a: Lokix|Lokix, F|100/100
|turn|3
|
|t:|1779681761
|move|p1a: Lokix|First Impression|p2a: Cramorant
|-resisted|p2a: Cramorant
|-damage|p2a: Cramorant|0 fnt
|faint|p2a: Cramorant
|
|upkeep
|
|t:|1779681764
|switch|p2a: Great Tusk|Great Tusk, shiny|100/100
|-damage|p2a: Great Tusk|98/100|[from] Stealth Rock
|-enditem|p2a: Great Tusk|Booster Energy
|-activate|p2a: Great Tusk|ability: Protosynthesis|[fromitem]
|-start|p2a: Great Tusk|protosynthesisatk
|turn|4
|
|t:|1779681769
|switch|p1a: Tornadus|Tornadus-Therian, M|100/100
|move|p2a: Great Tusk|Rapid Spin|p1a: Tornadus
|-damage|p1a: Tornadus|74/100
|-boost|p2a: Great Tusk|spe|1
|-sideend|p2: Naiwrath|Stealth Rock|[from] move: Rapid Spin|[of] p2a: Great Tusk
|
|upkeep
|turn|5
|
|t:|1779681780
|-terastallize|p2a: Great Tusk|Electric
|-terastallize|p1a: Tornadus|Water
|move|p2a: Great Tusk|Supercell Slam|p1a: Tornadus
|-supereffective|p1a: Tornadus
|-damage|p1a: Tornadus|0 fnt
|faint|p1a: Tornadus
|
|upkeep
|inactive|conwynaut has 120 seconds left.
|
|t:|1779681813
|switch|p1a: Zamazenta|Zamazenta|100/100
|-ability|p1a: Zamazenta|Dauntless Shield|boost
|-boost|p1a: Zamazenta|def|1
|turn|6
|
|t:|1779681818
|-end|p2a: Great Tusk|Protosynthesis|[silent]
|switch|p2a: Enamorus|Enamorus, F|100/100
|move|p1a: Zamazenta|Close Combat|p2a: Enamorus
|-resisted|p2a: Enamorus
|-damage|p2a: Enamorus|59/100
|-unboost|p1a: Zamazenta|def|1
|-unboost|p1a: Zamazenta|spd|1
|
|upkeep
|turn|7
|
|t:|1779681826
|switch|p1a: Weezing|Weezing-Galar, F|100/100
|-ability|p1a: Weezing|Neutralizing Gas
|move|p2a: Enamorus|Moonblast|p1a: Weezing
|-resisted|p1a: Weezing
|-damage|p1a: Weezing|68/100
|
|-heal|p1a: Weezing|74/100|[from] item: Leftovers
|upkeep
|turn|8
|
|t:|1779681850
|move|p2a: Enamorus|Earth Power|p1a: Weezing
|-supereffective|p1a: Weezing
|-damage|p1a: Weezing|0 fnt
|faint|p1a: Weezing
|-end|p1a: Weezing|ability: Neutralizing Gas
|
|upkeep
|
|t:|1779681856
|switch|p1a: Lokix|Lokix, F|100/100
|turn|9
|
|t:|1779681863
|move|p1a: Lokix|First Impression|p2a: Enamorus
|-resisted|p2a: Enamorus
|-damage|p2a: Enamorus|1/100
|move|p2a: Enamorus|Moonblast|p1a: Lokix
|-supereffective|p1a: Lokix
|-damage|p1a: Lokix|0 fnt
|faint|p1a: Lokix
|
|upkeep
|
|t:|1779681880
|switch|p1a: Alomomola|Alomomola, F|100/100
|turn|10
|
|t:|1779681886
|move|p2a: Enamorus|Healing Wish|p2a: Enamorus
|faint|p2a: Enamorus
|move|p1a: Alomomola|Flip Turn|p2: Enamorus|[notarget]
|-fail|p1a: Alomomola
|
|upkeep
|
|t:|1779681891
|switch|p2a: Great Tusk|Great Tusk, shiny, tera:Electric|98/100
|-heal|p2a: Great Tusk|100/100|[from] move: Healing Wish
|turn|11
|
|t:|1779681896
|move|p1a: Alomomola|Protect|p1a: Alomomola
|-singleturn|p1a: Alomomola|Protect
|move|p2a: Great Tusk|Supercell Slam|p1a: Alomomola
|-activate|p1a: Alomomola|move: Protect
|-damage|p2a: Great Tusk|51/100|[from] supercellslam
|
|upkeep
|turn|12
|
|t:|1779681906
|move|p2a: Great Tusk|Supercell Slam|p1a: Alomomola
|-supereffective|p1a: Alomomola
|-damage|p1a: Alomomola|38/100
|-damage|p2a: Great Tusk|34/100|[from] item: Rocky Helmet|[of] p1a: Alomomola
|move|p1a: Alomomola|Wish|p1a: Alomomola
|
|upkeep
|turn|13
|
|t:|1779681917
|move|p1a: Alomomola|Protect|p1a: Alomomola
|-singleturn|p1a: Alomomola|Protect
|move|p2a: Great Tusk|Rapid Spin|p1a: Alomomola
|-activate|p1a: Alomomola|move: Protect
|
|-heal|p1a: Alomomola|88/100|[from] move: Wish|[wisher] Alomomola
|upkeep
|turn|14
|
|t:|1779681930
|move|p2a: Great Tusk|Close Combat|p1a: Alomomola
|-damage|p1a: Alomomola|50/100
|-unboost|p2a: Great Tusk|def|1
|-unboost|p2a: Great Tusk|spd|1
|-damage|p2a: Great Tusk|18/100|[from] item: Rocky Helmet|[of] p1a: Alomomola
|move|p1a: Alomomola|Flip Turn|p2a: Great Tusk
|-damage|p2a: Great Tusk|0 fnt
|faint|p2a: Great Tusk
|-end|p2a: Great Tusk|Protosynthesis|[silent]
|
|t:|1779681938
|switch|p1a: Zamazenta|Zamazenta|100/100|[from] Flip Turn
|
|upkeep
|
|t:|1779681945
|switch|p2a: Iron Moth|Iron Moth|100/100
|-enditem|p2a: Iron Moth|Booster Energy
|-activate|p2a: Iron Moth|ability: Quark Drive|[fromitem]
|-start|p2a: Iron Moth|quarkdrivespe
|turn|15
|
|t:|1779681950
|move|p2a: Iron Moth|Dazzling Gleam|p1a: Zamazenta
|-supereffective|p1a: Zamazenta
|-crit|p1a: Zamazenta
|-damage|p1a: Zamazenta|20/100
|move|p1a: Zamazenta|Stone Edge|p2a: Iron Moth
|-supereffective|p2a: Iron Moth
|-damage|p2a: Iron Moth|0 fnt
|faint|p2a: Iron Moth
|-end|p2a: Iron Moth|Quark Drive|[silent]
|
|upkeep
|
|t:|1779681956
|switch|p2a: Gallade|Gallade, M|100/100
|turn|16
|
|t:|1779681964
|switch|p1a: Alomomola|Alomomola, F|84/100
|move|p2a: Gallade|Psycho Cut|p1a: Alomomola
|-damage|p1a: Alomomola|50/100
|
|upkeep
|turn|17
|
|t:|1779681968
|move|p2a: Gallade|Swords Dance|p2a: Gallade
|-boost|p2a: Gallade|atk|2
|move|p1a: Alomomola|Wish|p1a: Alomomola
|
|upkeep
|turn|18
|
|t:|1779681975
|move|p2a: Gallade|Psycho Cut|p1a: Alomomola
|-damage|p1a: Alomomola|0 fnt
|faint|p1a: Alomomola
|
|upkeep
|
|t:|1779681977
|switch|p1a: Zamazenta|Zamazenta|20/100
|turn|19
|
|t:|1779681981
|move|p2a: Gallade|Shadow Sneak|p1a: Zamazenta
|-damage|p1a: Zamazenta|0 fnt
|faint|p1a: Zamazenta
|
|win|Naiwrath
|raw|conwynaut's rating: 1397 &rarr; <strong>1374</strong><br />(-23 for losing)
|raw|Naiwrath's rating: 1349 &rarr; <strong>1372</strong><br />(+23 for winning)
|l|☆Naiwrath
|player|p2|
|l|☆conwynaut
|player|p1|
