|j|☆mmm... beer
|j|☆Sunds
|t:|1779556070
|gametype|singles
|player|p1|mmm... beer|teacher-gen2|1392
|player|p2|Sunds|1|1411
|gen|9
|tier|[Gen 9] OU
|rated|
|rule|HP Percentage Mod: HP is shown in percentages
|rule|Endless Battle Clause: Forcing endless battles is banned
|rule|Species Clause: Limit one of each Pokémon
|rule|OHKO Clause: OHKO moves are banned
|rule|Evasion Items Clause: Evasion items are banned
|rule|Evasion Moves Clause: Evasion moves are banned
|rule|Evasion Abilities Clause: Evasion abilities are banned
|rule|Sleep Moves Clause: Sleep-inducing moves are banned
|clearpoke
|poke|p1|Cramorant, M|
|poke|p1|Hatterene, F|
|poke|p1|Great Tusk|
|poke|p1|Ogerpon-Wellspring, F|
|poke|p1|Cinderace, M|
|poke|p1|Tinkaton, F|
|poke|p2|Great Tusk|
|poke|p2|Gholdengo|
|poke|p2|Dragonite, M|
|poke|p2|Skeledirge, M|
|poke|p2|Ting-Lu|
|poke|p2|Iron Valiant|
|teampreview
|
|t:|1779556103
|teamsize|p1|6
|teamsize|p2|6
|start
|switch|p1a: Tink Death|Tinkaton, F|100/100
|switch|p2a: Gholdengo|Gholdengo|100/100
|-item|p1a: Tink Death|Air Balloon
|turn|1
|
|t:|1779556126
|move|p1a: Tink Death|Knock Off|p2a: Gholdengo
|-supereffective|p2a: Gholdengo
|-damage|p2a: Gholdengo|59/100
|-enditem|p2a: Gholdengo|Choice Specs|[from] move: Knock Off|[of] p1a: Tink Death
|move|p2a: Gholdengo|Trick|p1a: Tink Death
|-activate|p2a: Gholdengo|move: Trick|[of] p1a: Tink Death
|-enditem|p1a: Tink Death|Air Balloon|[silent]|[from] move: Trick
|-item|p2a: Gholdengo|Air Balloon
|-item|p2a: Gholdengo|Air Balloon|[from] move: Trick
|
|upkeep
|turn|2
|
|t:|1779556156
|switch|p2a: Ting-Lu|Ting-Lu|100/100
|-ability|p2a: Ting-Lu|Vessel of Ruin
|move|p1a: Tink Death|Stealth Rock|p2a: Ting-Lu
|-sidestart|p2: Sunds|move: Stealth Rock
|
|upkeep
|turn|3
|
|t:|1779556165
|move|p1a: Tink Death|Knock Off|p2a: Ting-Lu
|-resisted|p2a: Ting-Lu
|-crit|p2a: Ting-Lu
|-damage|p2a: Ting-Lu|93/100
|-enditem|p2a: Ting-Lu|Leftovers|[from] move: Knock Off|[of] p1a: Tink Death
|move|p2a: Ting-Lu|Earthquake|p1a: Tink Death
|-supereffective|p1a: Tink Death
|-damage|p1a: Tink Death|17/100
|
|upkeep
|turn|4
|
|t:|1779556197
|switch|p1a: King Pon|Ogerpon-Wellspring, F|100/100
|move|p2a: Ting-Lu|Stealth Rock|p1a: King Pon
|-sidestart|p1: mmm... beer|move: Stealth Rock
|
|upkeep
|turn|5
|
|t:|1779556204
|-terastallize|p2a: Ting-Lu|Water
|move|p1a: King Pon|Ivy Cudgel|p2a: Ting-Lu|[anim] Ivy Cudgel Water
|-resisted|p2a: Ting-Lu
|-damage|p2a: Ting-Lu|79/100
|move|p2a: Ting-Lu|Ruination|p1a: King Pon
|-damage|p1a: King Pon|51/100
|
|upkeep
|turn|6
|
|t:|1779556213
|move|p1a: King Pon|Power Whip|p2a: Ting-Lu
|-supereffective|p2a: Ting-Lu
|-damage|p2a: Ting-Lu|0 fnt
|faint|p2a: Ting-Lu
|
|upkeep
|
|t:|1779556230
|switch|p2a: Iron Valiant|Iron Valiant|100/100
|-damage|p2a: Iron Valiant|94/100|[from] Stealth Rock
|turn|7
|
|t:|1779556240
|switch|p1a: Tink Death|Tinkaton, F|17/100
|-damage|p1a: Tink Death|10/100|[from] Stealth Rock
|move|p2a: Iron Valiant|Moonblast|p1a: Tink Death
|-resisted|p1a: Tink Death
|-damage|p1a: Tink Death|0 fnt
|faint|p1a: Tink Death
|
|upkeep
|
|t:|1779556247
|switch|p1a: Liberoseph Lostar|Cinderace, M|100/100
|turn|8
|
|t:|1779556272
|-end|p2a: Iron Valiant|Quark Drive|[silent]
|switch|p2a: Skeledirge|Skeledirge, M|100/100
|move|p1a: Liberoseph Lostar|Pyro Ball|p2a: Skeledirge|[miss]
|-miss|p1a: Liberoseph Lostar|p2a: Skeledirge
|
|upkeep
|turn|9
|
|t:|1779556292
|move|p1a: Liberoseph Lostar|Sucker Punch|p2a: Skeledirge
|-start|p1a: Liberoseph Lostar|typechange|Dark|[from] ability: Libero
|-supereffective|p2a: Skeledirge
|-crit|p2a: Skeledirge
|-damage|p2a: Skeledirge|39/100
|move|p2a: Skeledirge|Torch Song|p1a: Liberoseph Lostar
|-damage|p1a: Liberoseph Lostar|58/100
|-boost|p2a: Skeledirge|spa|1
|
|upkeep
|turn|10
|
|t:|1779556305
|move|p1a: Liberoseph Lostar|U-turn|p2a: Skeledirge
|-resisted|p2a: Skeledirge
|-damage|p2a: Skeledirge|36/100
|
|t:|1779556308
|switch|p1a: Gulpenheimer|Cramorant, M|100/100|[from] U-turn
|-damage|p1a: Gulpenheimer|76/100|[from] Stealth Rock
|move|p2a: Skeledirge|Slack Off|p2a: Skeledirge
|-heal|p2a: Skeledirge|86/100
|
|upkeep
|turn|11
|
|t:|1779556324
|switch|p2a: Dragonite|Dragonite, M|100/100
|move|p1a: Gulpenheimer|Surf|p2a: Dragonite
|-formechange|p1a: Gulpenheimer|Cramorant-Gulping|
|-resisted|p2a: Dragonite
|-damage|p2a: Dragonite|92/100
|
|upkeep
|turn|12
|
|t:|1779556335
|switch|p1a: Magic Bounce on It|Hatterene, F|100/100
|-damage|p1a: Magic Bounce on It|88/100|[from] Stealth Rock
|move|p2a: Dragonite|Dragon Dance|p2a: Dragonite
|-boost|p2a: Dragonite|atk|1
|-boost|p2a: Dragonite|spe|1
|
|upkeep
|turn|13
|
|t:|1779556355
|move|p2a: Dragonite|Earthquake|p1a: Magic Bounce on It
|-damage|p1a: Magic Bounce on It|22/100
|move|p1a: Magic Bounce on It|Nuzzle|p2a: Dragonite
|-crit|p2a: Dragonite
|-damage|p2a: Dragonite|85/100
|-status|p2a: Dragonite|par
|
|upkeep
|turn|14
|
|t:|1779556364
|move|p2a: Dragonite|Extreme Speed|p1a: Magic Bounce on It
|-damage|p1a: Magic Bounce on It|0 fnt
|faint|p1a: Magic Bounce on It
|
|upkeep
|
|t:|1779556368
|switch|p1a: Gulpenheimer|Cramorant, M|76/100
|-damage|p1a: Gulpenheimer|51/100|[from] Stealth Rock
|turn|15
|
|t:|1779556374
|-terastallize|p1a: Gulpenheimer|Ghost
|move|p2a: Dragonite|Extreme Speed|p1a: Gulpenheimer
|-immune|p1a: Gulpenheimer
|move|p1a: Gulpenheimer|Ice Beam|p2a: Dragonite
|-supereffective|p2a: Dragonite
|-damage|p2a: Dragonite|0 fnt
|faint|p2a: Dragonite
|
|upkeep
|
|t:|1779556379
|switch|p2a: Iron Valiant|Iron Valiant|94/100
|-damage|p2a: Iron Valiant|88/100|[from] Stealth Rock
|turn|16
|
|t:|1779556393
|switch|p1a: Liberoseph Lostar|Cinderace, M|58/100
|move|p2a: Iron Valiant|Shadow Ball|p1a: Liberoseph Lostar
|-damage|p1a: Liberoseph Lostar|17/100
|
|upkeep
|turn|17
|
|t:|1779556397
|move|p2a: Iron Valiant|Shadow Ball|p1a: Liberoseph Lostar
|-damage|p1a: Liberoseph Lostar|0 fnt
|faint|p1a: Liberoseph Lostar
|
|upkeep
|
|t:|1779556413
|switch|p1a: Protorious B.I.G.|Great Tusk|100/100
|-damage|p1a: Protorious B.I.G.|98/100|[from] Stealth Rock
|-enditem|p1a: Protorious B.I.G.|Booster Energy
|-activate|p1a: Protorious B.I.G.|ability: Protosynthesis|[fromitem]
|-start|p1a: Protorious B.I.G.|protosynthesisatk
|turn|18
|
|t:|1779556426
|-end|p2a: Iron Valiant|Quark Drive|[silent]
|switch|p2a: Great Tusk|Great Tusk|100/100
|move|p1a: Protorious B.I.G.|Ice Spinner|p2a: Great Tusk
|-supereffective|p2a: Great Tusk
|-damage|p2a: Great Tusk|49/100
|
|upkeep
|turn|19
|
|t:|1779556432
|move|p2a: Great Tusk|Ice Spinner|p1a: Protorious B.I.G.
|-supereffective|p1a: Protorious B.I.G.
|-damage|p1a: Protorious B.I.G.|54/100
|move|p1a: Protorious B.I.G.|Rapid Spin|p2a: Great Tusk
|-damage|p2a: Great Tusk|31/100
|-boost|p1a: Protorious B.I.G.|spe|1
|-sideend|p1: mmm... beer|Stealth Rock|[from] move: Rapid Spin|[of] p1a: Protorious B.I.G.
|
|upkeep
|turn|20
|
|t:|1779556450
|move|p1a: Protorious B.I.G.|Rapid Spin|p2a: Great Tusk
|-damage|p2a: Great Tusk|16/100
|-boost|p1a: Protorious B.I.G.|spe|1
|move|p2a: Great Tusk|Ice Spinner|p1a: Protorious B.I.G.
|-supereffective|p1a: Protorious B.I.G.
|-damage|p1a: Protorious B.I.G.|14/100
|
|upkeep
|turn|21
|
|t:|1779556457
|move|p1a: Protorious B.I.G.|Ice Spinner|p2a: Great Tusk
|-supereffective|p2a: Great Tusk
|-damage|p2a: Great Tusk|0 fnt
|faint|p2a: Great Tusk
|-end|p2a: Great Tusk|Protosynthesis|[silent]
|
|upkeep
|
|t:|1779556464
|switch|p2a: Skeledirge|Skeledirge, M|86/100
|turn|22
|
|t:|1779556467
|move|p1a: Protorious B.I.G.|Headlong Rush|p2a: Skeledirge
|-supereffective|p2a: Skeledirge
|-damage|p2a: Skeledirge|0 fnt
|-unboost|p1a: Protorious B.I.G.|def|1
|-unboost|p1a: Protorious B.I.G.|spd|1
|faint|p2a: Skeledirge
|
|upkeep
|
|t:|1779556472
|switch|p2a: Iron Valiant|Iron Valiant|88/100
|-damage|p2a: Iron Valiant|82/100|[from] Stealth Rock
|turn|23
|
|t:|1779556479
|move|p1a: Protorious B.I.G.|Headlong Rush|p2a: Iron Valiant
|-damage|p2a: Iron Valiant|0 fnt
|-unboost|p1a: Protorious B.I.G.|def|1
|-unboost|p1a: Protorious B.I.G.|spd|1
|faint|p2a: Iron Valiant
|-end|p2a: Iron Valiant|Quark Drive|[silent]
|
|upkeep
|l|☆Sunds
|player|p2|
|inactive|Battle timer is ON: inactive players will automatically lose when time's up. (requested by mmm... beer)
|inactive|Sunds has 30 seconds to reconnect!
|inactive|Sunds has 20 seconds to reconnect!
|inactive|Sunds has 15 seconds to reconnect!
|inactive|Sunds has 10 seconds to reconnect!
|inactive|Sunds has 5 seconds to reconnect!
|-message|Sunds lost due to inactivity.
|
|win|mmm... beer
|raw|mmm... beer's rating: 1392 &rarr; <strong>1413</strong><br />(+21 for winning)
|raw|Sunds's rating: 1411 &rarr; <strong>1390</strong><br />(-21 for losing)
