|j|☆spindle pit
|j|☆cydyl
|t:|1779603168
|gametype|singles
|player|p1|spindle pit|ethan|1336
|player|p2|cydyl|rancher|1332
|gen|9
|tier|[Gen 9] OU
|rated|
|rule|HP Percentage Mod: HP is shown in percentages
|rule|Endless Battle Clause: Forcing endless battles is banned
|rule|Species Clause: Limit one of each Pokémon
|rule|OHKO Clause: OHKO moves are banned
|rule|Evasion Items Clause: Evasion items are banned
|rule|Evasion Moves Clause: Evasion moves are banned
|rule|Evasion Abilities Clause: Evasion abilities are banned
|rule|Sleep Moves Clause: Sleep-inducing moves are banned
|clearpoke
|poke|p1|Pincurchin, F|
|poke|p1|Raging Bolt|
|poke|p1|Latios, M|
|poke|p1|Corviknight, F|
|poke|p1|Iron Crown|
|poke|p1|Iron Valiant|
|poke|p2|Walking Wake|
|poke|p2|Torkoal, F|
|poke|p2|Ceruledge, F|
|poke|p2|Gliscor, M|
|poke|p2|Sawsbuck, F|
|poke|p2|Hatterene, F|
|teampreview
|inactive|Battle timer is ON: inactive players will automatically lose when time's up. (requested by spindle pit)
|
|t:|1779603175
|teamsize|p1|6
|teamsize|p2|6
|start
|switch|p1a: Pliny|Pincurchin, F|100/100
|switch|p2a: Torkoal|Torkoal, F|100/100
|-weather|SunnyDay|[from] ability: Drought|[of] p2a: Torkoal
|-fieldstart|move: Electric Terrain|[from] ability: Electric Surge|[of] p1a: Pliny
|turn|1
|c|☆cydyl|didnt i just play you
|
|t:|1779603185
|switch|p2a: Gliscor|Gliscor, M|100/100
|switch|p1a: Thundrink|Raging Bolt|100/100
|-activate|p1a: Thundrink|ability: Protosynthesis
|-start|p1a: Thundrink|protosynthesisspa
|
|-weather|SunnyDay|[upkeep]
|-status|p2a: Gliscor|tox|[from] item: Toxic Orb
|upkeep
|turn|2
|c|☆spindle pit|yeah
|
|t:|1779603196
|-end|p1a: Thundrink|Protosynthesis|[silent]
|switch|p1a: Latte|Latios, M|100/100
|move|p2a: Gliscor|Earthquake|p1a: Latte
|-immune|p1a: Latte|[from] ability: Levitate
|
|-weather|SunnyDay|[upkeep]
|upkeep
|turn|3
|
|t:|1779603204
|switch|p2a: Hatterene|Hatterene, F, shiny|100/100
|move|p1a: Latte|Flip Turn|p2a: Hatterene
|-damage|p2a: Hatterene|94/100
|-enditem|p2a: Hatterene|Eject Button
|
|t:|1779603222
|switch|p2a: Sawsbuck|Sawsbuck, F, shiny|100/100
|
|-weather|SunnyDay|[upkeep]
|upkeep
|turn|4
|
|t:|1779603232
|switch|p1a: Corkini|Corviknight, F|100/100
|-ability|p1a: Corkini|Pressure
|move|p2a: Sawsbuck|Double-Edge|p1a: Corkini
|-resisted|p1a: Corkini
|-damage|p1a: Corkini|76/100
|-damage|p2a: Sawsbuck|84/100|[from] item: Rocky Helmet|[of] p1a: Corkini
|-damage|p2a: Sawsbuck|73/100|[from] Recoil
|
|-weather|SunnyDay|[upkeep]
|upkeep
|turn|5
|
|t:|1779603243
|switch|p2a: Ceruledge|Ceruledge, F|100/100
|move|p1a: Corkini|U-turn|p2a: Ceruledge
|-resisted|p2a: Ceruledge
|-damage|p2a: Ceruledge|95/100
|-ability|p2a: Ceruledge|Weak Armor|boost
|-unboost|p2a: Ceruledge|def|1
|-boost|p2a: Ceruledge|spe|2
|
|t:|1779603247
|switch|p1a: Thundrink|Raging Bolt|100/100|[from] U-turn
|-activate|p1a: Thundrink|ability: Protosynthesis
|-start|p1a: Thundrink|protosynthesisspa
|
|-weather|SunnyDay|[upkeep]
|upkeep
|turn|6
|
|t:|1779603264
|move|p1a: Thundrink|Thunderclap||[still]
|-fail|p1a: Thundrink
|move|p2a: Ceruledge|Swords Dance|p2a: Ceruledge
|-boost|p2a: Ceruledge|atk|2
|
|-weather|SunnyDay|[upkeep]
|upkeep
|turn|7
|
|t:|1779603282
|move|p2a: Ceruledge|Swords Dance|p2a: Ceruledge
|-boost|p2a: Ceruledge|atk|2
|move|p1a: Thundrink|Rising Voltage|p2a: Ceruledge
|-hint|Rising Voltage's BP doubled on grounded target.
|-damage|p2a: Ceruledge|0 fnt
|faint|p2a: Ceruledge
|
|-weather|SunnyDay|[upkeep]
|upkeep
|
|t:|1779603292
|switch|p2a: Gliscor|Gliscor, M|100/100 tox
|turn|8
|
|t:|1779603296
|-end|p1a: Thundrink|Protosynthesis|[silent]
|switch|p1a: Latte|Latios, M|100/100
|move|p2a: Gliscor|Toxic|p1a: Latte
|-status|p1a: Latte|tox
|
|-weather|none
|-damage|p1a: Latte|95/100 tox|[from] psn
|-fieldend|move: Electric Terrain
|upkeep
|turn|9
|
|t:|1779603303
|move|p2a: Gliscor|Protect|p2a: Gliscor
|-singleturn|p2a: Gliscor|Protect
|move|p1a: Latte|Flip Turn|p2a: Gliscor
|-activate|p2a: Gliscor|move: Protect
|
|-damage|p1a: Latte|83/100 tox|[from] psn
|upkeep
|turn|10
|
|t:|1779603311
|switch|p2a: Torkoal|Torkoal, F|100/100
|-weather|SunnyDay|[from] ability: Drought|[of] p2a: Torkoal
|move|p1a: Latte|Flip Turn|p2a: Torkoal
|-supereffective|p2a: Torkoal
|-damage|p2a: Torkoal|94/100
|
|t:|1779603314
|switch|p1a: Pliny|Pincurchin, F|100/100|[from] Flip Turn
|-fieldstart|move: Electric Terrain|[from] ability: Electric Surge|[of] p1a: Pliny
|
|-weather|SunnyDay|[upkeep]
|upkeep
|turn|11
|
|t:|1779603323
|move|p2a: Torkoal|Stealth Rock|p1a: Pliny
|-sidestart|p1: spindle pit|move: Stealth Rock
|move|p1a: Pliny|Zing Zap|p2a: Torkoal
|-damage|p2a: Torkoal|73/100
|
|-weather|SunnyDay|[upkeep]
|upkeep
|turn|12
|
|t:|1779603329
|switch|p2a: Gliscor|Gliscor, M|100/100 tox
|move|p1a: Pliny|Sucker Punch||[still]
|-fail|p1a: Pliny
|
|-weather|SunnyDay|[upkeep]
|upkeep
|turn|13
|c|☆spindle pit|meant spikes
|
|t:|1779603338
|switch|p1a: Latte|Latios, M|83/100 tox
|-damage|p1a: Latte|70/100 tox|[from] Stealth Rock
|move|p2a: Gliscor|Spikes|p1a: Latte
|-sidestart|p1: spindle pit|Spikes
|
|-weather|SunnyDay|[upkeep]
|-damage|p1a: Latte|64/100 tox|[from] psn
|upkeep
|turn|14
|
|t:|1779603346
|move|p2a: Gliscor|Protect|p2a: Gliscor
|-singleturn|p2a: Gliscor|Protect
|move|p1a: Latte|Ice Beam|p2a: Gliscor
|-activate|p2a: Gliscor|move: Protect
|
|-weather|SunnyDay|[upkeep]
|-damage|p1a: Latte|52/100 tox|[from] psn
|upkeep
|turn|15
|
|t:|1779603365
|switch|p1a: Corkini|Corviknight, F|76/100
|-damage|p1a: Corkini|64/100|[from] Stealth Rock
|-ability|p1a: Corkini|Pressure
|switch|p2a: Hatterene|Hatterene, F, shiny|94/100
|
|-weather|SunnyDay|[upkeep]
|upkeep
|turn|16
|
|t:|1779603376
|move|p1a: Corkini|Roost|p1a: Corkini
|-heal|p1a: Corkini|100/100
|-singleturn|p1a: Corkini|move: Roost
|move|p2a: Hatterene|Mystical Fire|p1a: Corkini
|-supereffective|p1a: Corkini
|-damage|p1a: Corkini|34/100
|-unboost|p1a: Corkini|spa|1
|
|-weather|SunnyDay|[upkeep]
|upkeep
|turn|17
|
|t:|1779603384
|move|p1a: Corkini|Defog|p2a: Hatterene
|move|p2a: Hatterene|Defog|p1a: Corkini|[from] ability: Magic Bounce
|-unboost|p1a: Corkini|evasion|1
|-sideend|p1: spindle pit|Spikes|[from] move: Defog|[of] p2a: Hatterene
|-sideend|p1: spindle pit|Stealth Rock|[from] move: Defog|[of] p2a: Hatterene
|-fieldend|move: Electric Terrain
|move|p2a: Hatterene|Mystical Fire|p1a: Corkini
|-supereffective|p1a: Corkini
|-damage|p1a: Corkini|0 fnt
|faint|p1a: Corkini
|
|-weather|none
|upkeep
|
|t:|1779603390
|switch|p1a: Thundrink|Raging Bolt|100/100
|turn|18
|
|t:|1779603405
|move|p1a: Thundrink|Volt Switch|p2a: Hatterene
|-damage|p2a: Hatterene|56/100
|
|t:|1779603407
|-end|p1a: Thundrink|Protosynthesis|[silent]
|switch|p1a: Pliny|Pincurchin, F|100/100|[from] Volt Switch
|-fieldstart|move: Electric Terrain|[from] ability: Electric Surge|[of] p1a: Pliny
|move|p2a: Hatterene|Draining Kiss|p1a: Pliny
|-damage|p1a: Pliny|72/100
|-heal|p2a: Hatterene|76/100|[from] drain|[of] p1a: Pliny
|
|upkeep
|turn|19
|
|t:|1779603416
|switch|p2a: Torkoal|Torkoal, F|73/100
|-weather|SunnyDay|[from] ability: Drought|[of] p2a: Torkoal
|switch|p1a: Cron|Iron Crown|100/100
|-item|p1a: Cron|Air Balloon
|-activate|p1a: Cron|ability: Quark Drive
|-start|p1a: Cron|quarkdrivespe
|
|-weather|SunnyDay|[upkeep]
|upkeep
|turn|20
|
|t:|1779603440
|-terastallize|p1a: Cron|Fighting
|move|p1a: Cron|Calm Mind|p1a: Cron
|-boost|p1a: Cron|spa|1
|-boost|p1a: Cron|spd|1
|move|p2a: Torkoal|Lava Plume|p1a: Cron
|-damage|p1a: Cron|78/100
|-enditem|p1a: Cron|Air Balloon
|
|-weather|SunnyDay|[upkeep]
|upkeep
|turn|21
|inactive|cydyl has 120 seconds left.
|
|t:|1779603463
|switch|p2a: Sawsbuck|Sawsbuck, F, shiny|73/100
|move|p1a: Cron|Psychic|p2a: Sawsbuck
|-crit|p2a: Sawsbuck
|-damage|p2a: Sawsbuck|0 fnt
|faint|p2a: Sawsbuck
|
|-weather|SunnyDay|[upkeep]
|upkeep
|inactive|cydyl has 120 seconds left.
|
|t:|1779603479
|switch|p2a: Gliscor|Gliscor, M|100/100 tox
|turn|22
|
|t:|1779603484
|move|p1a: Cron|Tachyon Cutter|p2a: Gliscor
|-damage|p2a: Gliscor|67/100 tox
|-damage|p2a: Gliscor|39/100 tox
|-hitcount|p2a: Gliscor|2
|move|p2a: Gliscor|Toxic|p1a: Cron
|-status|p1a: Cron|tox
|
|-weather|SunnyDay|[upkeep]
|-damage|p1a: Cron|72/100 tox|[from] psn
|-heal|p2a: Gliscor|52/100 tox|[from] ability: Poison Heal
|upkeep
|turn|23
|inactive|cydyl has 120 seconds left.
|
|t:|1779603495
|move|p2a: Gliscor|Protect|p2a: Gliscor
|-singleturn|p2a: Gliscor|Protect
|move|p1a: Cron|Tachyon Cutter|p2a: Gliscor
|-activate|p2a: Gliscor|move: Protect
|
|-weather|SunnyDay|[upkeep]
|-damage|p1a: Cron|59/100 tox|[from] psn
|-heal|p2a: Gliscor|64/100 tox|[from] ability: Poison Heal
|upkeep
|turn|24
|inactive|cydyl has 120 seconds left.
|
|t:|1779603518
|move|p1a: Cron|Tachyon Cutter|p2a: Gliscor
|-damage|p2a: Gliscor|32/100 tox
|-damage|p2a: Gliscor|2/100 tox
|-hitcount|p2a: Gliscor|2
|move|p2a: Gliscor|Earthquake|p1a: Cron
|-damage|p1a: Cron|30/100 tox
|
|-weather|SunnyDay|[upkeep]
|-damage|p1a: Cron|11/100 tox|[from] psn
|-heal|p2a: Gliscor|14/100 tox|[from] ability: Poison Heal
|upkeep
|turn|25
|
|t:|1779603535
|-end|p1a: Cron|Quark Drive|[silent]
|switch|p1a: Vala|Iron Valiant|100/100
|-activate|p1a: Vala|ability: Quark Drive
|-start|p1a: Vala|quarkdrivespe
|move|p2a: Gliscor|Protect||[still]
|-fail|p2a: Gliscor
|
|-weather|SunnyDay|[upkeep]
|-heal|p2a: Gliscor|27/100 tox|[from] ability: Poison Heal
|-fieldend|move: Electric Terrain
|-end|p1a: Vala|Quark Drive
|upkeep
|turn|26
|
|t:|1779603551
|-end|p1a: Vala|Quark Drive|[silent]
|switch|p1a: Pliny|Pincurchin, F|72/100
|-fieldstart|move: Electric Terrain|[from] ability: Electric Surge|[of] p1a: Pliny
|switch|p2a: Hatterene|Hatterene, F, shiny|76/100
|
|-weather|none
|upkeep
|turn|27
|
|t:|1779603564
|switch|p2a: Torkoal|Torkoal, F|73/100
|-weather|SunnyDay|[from] ability: Drought|[of] p2a: Torkoal
|switch|p1a: Thundrink|Raging Bolt|100/100
|-activate|p1a: Thundrink|ability: Protosynthesis
|-start|p1a: Thundrink|protosynthesisspa
|
|-weather|SunnyDay|[upkeep]
|upkeep
|turn|28
|
|t:|1779603578
|switch|p2a: Gliscor|Gliscor, M|27/100 tox
|move|p1a: Thundrink|Draco Meteor|p2a: Gliscor
|-damage|p2a: Gliscor|0 fnt
|-unboost|p1a: Thundrink|spa|2
|faint|p2a: Gliscor
|
|-weather|SunnyDay|[upkeep]
|upkeep
|
|t:|1779603585
|switch|p2a: Walking Wake|Walking Wake|100/100
|-activate|p2a: Walking Wake|ability: Protosynthesis
|-start|p2a: Walking Wake|protosynthesisspe
|turn|29
|
|t:|1779603594
|-end|p1a: Thundrink|Protosynthesis|[silent]
|switch|p1a: Vala|Iron Valiant|100/100
|-activate|p1a: Vala|ability: Quark Drive
|-start|p1a: Vala|quarkdrivespe
|move|p2a: Walking Wake|Hydro Steam|p1a: Vala
|-enditem|p1a: Vala|Focus Sash
|-damage|p1a: Vala|1/100
|
|-weather|SunnyDay|[upkeep]
|upkeep
|turn|30
|
|t:|1779603606
|-terastallize|p2a: Walking Wake|Water
|move|p1a: Vala|Moonblast|p2a: Walking Wake
|-damage|p2a: Walking Wake|45/100
|move|p2a: Walking Wake|Hydro Steam|p1a: Vala
|-damage|p1a: Vala|0 fnt
|faint|p1a: Vala
|-end|p1a: Vala|Quark Drive|[silent]
|
|-weather|SunnyDay|[upkeep]
|upkeep
|
|t:|1779603610
|switch|p1a: Thundrink|Raging Bolt|100/100
|-activate|p1a: Thundrink|ability: Protosynthesis
|-start|p1a: Thundrink|protosynthesisspa
|turn|31
|inactive|cydyl has 120 seconds left.
|
|t:|1779603627
|-end|p2a: Walking Wake|Protosynthesis|[silent]
|switch|p2a: Torkoal|Torkoal, F|73/100
|move|p1a: Thundrink|Thunderclap||[still]
|-fail|p1a: Thundrink
|
|-weather|SunnyDay|[upkeep]
|upkeep
|turn|32
|
|t:|1779603633
|move|p1a: Thundrink|Rising Voltage|p2a: Torkoal
|-hint|Rising Voltage's BP doubled on grounded target.
|-damage|p2a: Torkoal|0 fnt
|faint|p2a: Torkoal
|
|-weather|SunnyDay|[upkeep]
|upkeep
|
|t:|1779603638
|switch|p2a: Hatterene|Hatterene, F, shiny|76/100
|turn|33
|
|t:|1779603643
|move|p1a: Thundrink|Rising Voltage|p2a: Hatterene
|-hint|Rising Voltage's BP doubled on grounded target.
|-damage|p2a: Hatterene|0 fnt
|faint|p2a: Hatterene
|
|-weather|SunnyDay|[upkeep]
|-fieldend|move: Electric Terrain
|upkeep
|c|☆cydyl|yeah i got nothing for that guy
|inactive|cydyl has 120 seconds left.
|-message|cydyl forfeited.
|
|win|spindle pit
|raw|spindle pit's rating: 1336 &rarr; <strong>1356</strong><br />(+20 for winning)
|raw|cydyl's rating: 1332 &rarr; <strong>1312</strong><br />(-20 for losing)
|l|☆cydyl
|player|p2|
|c|☆spindle pit|GG
|l|☆spindle pit
|player|p1|
