|j|☆Elite Four Ozzy
|j|☆haitianprinc3
|t:|1779571689
|gametype|singles
|player|p1|Elite Four Ozzy|101|1536
|player|p2|haitianprinc3|marlon|1466
|gen|9
|tier|[Gen 9] OU
|rated|
|rule|HP Percentage Mod: HP is shown in percentages
|rule|Endless Battle Clause: Forcing endless battles is banned
|rule|Species Clause: Limit one of each Pokémon
|rule|OHKO Clause: OHKO moves are banned
|rule|Evasion Items Clause: Evasion items are banned
|rule|Evasion Moves Clause: Evasion moves are banned
|rule|Evasion Abilities Clause: Evasion abilities are banned
|rule|Sleep Moves Clause: Sleep-inducing moves are banned
|clearpoke
|poke|p1|Dragapult, F|
|poke|p1|Ting-Lu|
|poke|p1|Kingambit, F|
|poke|p1|Gholdengo|
|poke|p1|Dragonite, F|
|poke|p1|Ogerpon-Wellspring, F|
|poke|p2|Politoed, F|
|poke|p2|Landorus-Therian, M|
|poke|p2|Kingdra, M|
|poke|p2|Azumarill, M|
|poke|p2|Volcanion|
|poke|p2|Heracross, M|
|teampreview
|inactive|Battle timer is ON: inactive players will automatically lose when time's up. (requested by haitianprinc3)
|
|t:|1779571698
|teamsize|p1|6
|teamsize|p2|6
|start
|switch|p1a: Dragapult|Dragapult, F|100/100
|switch|p2a: Heracross|Heracross, M|100/100
|turn|1
|
|t:|1779571711
|switch|p1a: Ting-Lu|Ting-Lu|100/100
|-ability|p1a: Ting-Lu|Vessel of Ruin
|move|p2a: Heracross|Knock Off|p1a: Ting-Lu
|-resisted|p1a: Ting-Lu
|-damage|p1a: Ting-Lu|90/100
|-damage|p2a: Heracross|84/100|[from] item: Rocky Helmet|[of] p1a: Ting-Lu
|-enditem|p1a: Ting-Lu|Rocky Helmet|[from] move: Knock Off|[of] p2a: Heracross
|
|upkeep
|turn|2
|
|t:|1779571722
|move|p2a: Heracross|Megahorn|p1a: Ting-Lu
|-supereffective|p1a: Ting-Lu
|-damage|p1a: Ting-Lu|18/100
|move|p1a: Ting-Lu|Stealth Rock|p2a: Heracross
|-sidestart|p2: haitianprinc3|move: Stealth Rock
|
|upkeep
|turn|3
|inactive|Elite Four Ozzy has 120 seconds left.
|
|t:|1779571758
|switch|p1a: Ogerpon|Ogerpon-Wellspring, F|100/100
|move|p2a: Heracross|Megahorn|p1a: Ogerpon
|-supereffective|p1a: Ogerpon
|-damage|p1a: Ogerpon|0 fnt
|faint|p1a: Ogerpon
|
|upkeep
|inactive|Elite Four Ozzy has 90 seconds left.
|
|t:|1779571797
|switch|p1a: Gholdengo|Gholdengo|100/100
|turn|4
|inactive|Elite Four Ozzy has 90 seconds left.
|
|t:|1779571815
|move|p1a: Gholdengo|Trick|p2a: Heracross
|-activate|p1a: Gholdengo|move: Trick|[of] p2a: Heracross
|-item|p2a: Heracross|Choice Scarf|[from] move: Trick
|-item|p1a: Gholdengo|Assault Vest|[from] move: Trick
|move|p2a: Heracross|Knock Off|p1a: Gholdengo
|-supereffective|p1a: Gholdengo
|-damage|p1a: Gholdengo|20/100
|-enditem|p1a: Gholdengo|Assault Vest|[from] move: Knock Off|[of] p2a: Heracross
|
|upkeep
|turn|5
|
|t:|1779571824
|move|p2a: Heracross|Knock Off|p1a: Gholdengo
|-supereffective|p1a: Gholdengo
|-damage|p1a: Gholdengo|0 fnt
|faint|p1a: Gholdengo
|
|upkeep
|
|t:|1779571826
|switch|p1a: Dragonite|Dragonite, F|100/100
|turn|6
|
|t:|1779571835
|switch|p2a: Politoed|Politoed, F, shiny|100/100
|-damage|p2a: Politoed|88/100|[from] Stealth Rock
|-weather|RainDance|[from] ability: Drizzle|[of] p2a: Politoed
|move|p1a: Dragonite|Dragon Dance|p1a: Dragonite
|-boost|p1a: Dragonite|atk|1
|-boost|p1a: Dragonite|spe|1
|
|-weather|RainDance|[upkeep]
|upkeep
|turn|7
|
|t:|1779571850
|-terastallize|p1a: Dragonite|Normal
|-terastallize|p2a: Politoed|Fairy
|move|p1a: Dragonite|Extreme Speed|p2a: Politoed
|-damage|p2a: Politoed|9/100
|move|p2a: Politoed|Encore|p1a: Dragonite
|-start|p1a: Dragonite|Encore
|
|-weather|RainDance|[upkeep]
|upkeep
|turn|8
|
|t:|1779571880
|move|p1a: Dragonite|Extreme Speed|p2a: Politoed
|-damage|p2a: Politoed|0 fnt
|faint|p2a: Politoed
|
|-weather|RainDance|[upkeep]
|upkeep
|
|t:|1779571884
|switch|p2a: Heracross|Heracross, M|84/100
|-damage|p2a: Heracross|72/100|[from] Stealth Rock
|turn|9
|inactive|Elite Four Ozzy has 120 seconds left.
|
|t:|1779571896
|move|p1a: Dragonite|Extreme Speed|p2a: Heracross
|-damage|p2a: Heracross|0 fnt
|faint|p2a: Heracross
|
|-weather|RainDance|[upkeep]
|upkeep
|
|t:|1779571901
|switch|p2a: Azumarill|Azumarill, M|100/100
|-damage|p2a: Azumarill|88/100|[from] Stealth Rock
|turn|10
|inactive|Elite Four Ozzy has 120 seconds left.
|
|t:|1779571929
|move|p1a: Dragonite|Extreme Speed|p2a: Azumarill
|-damage|p2a: Azumarill|21/100
|move|p2a: Azumarill|Waterfall|p1a: Dragonite
|-damage|p1a: Dragonite|64/100
|
|-weather|RainDance|[upkeep]
|-end|p1a: Dragonite|Encore
|upkeep
|turn|11
|
|t:|1779571945
|move|p1a: Dragonite|Extreme Speed|p2a: Azumarill
|-damage|p2a: Azumarill|0 fnt
|faint|p2a: Azumarill
|
|-weather|RainDance|[upkeep]
|upkeep
|
|t:|1779571948
|switch|p2a: Volcanion|Volcanion|100/100
|turn|12
|
|t:|1779571956
|move|p1a: Dragonite|Earthquake|p2a: Volcanion
|-supereffective|p2a: Volcanion
|-crit|p2a: Volcanion
|-damage|p2a: Volcanion|0 fnt
|faint|p2a: Volcanion
|
|-weather|RainDance|[upkeep]
|upkeep
|
|t:|1779571962
|switch|p2a: Kingdra|Kingdra, M, shiny|100/100
|-damage|p2a: Kingdra|88/100|[from] Stealth Rock
|turn|13
|
|t:|1779571974
|move|p1a: Dragonite|Extreme Speed|p2a: Kingdra
|-damage|p2a: Kingdra|9/100
|move|p2a: Kingdra|Surf|p1a: Dragonite
|-damage|p1a: Dragonite|0 fnt
|faint|p1a: Dragonite
|
|-weather|none
|upkeep
|
|t:|1779571979
|switch|p1a: Dragapult|Dragapult, F|100/100
|turn|14
|
|t:|1779571984
|move|p1a: Dragapult|Hex|p2a: Kingdra
|-damage|p2a: Kingdra|0 fnt
|faint|p2a: Kingdra
|
|upkeep
|
|t:|1779571987
|switch|p2a: Landorus|Landorus-Therian, M|100/100
|-damage|p2a: Landorus|88/100|[from] Stealth Rock
|-ability|p2a: Landorus|Intimidate|boost
|-unboost|p1a: Dragapult|atk|1
|turn|15
|
|t:|1779571996
|move|p1a: Dragapult|Draco Meteor|p2a: Landorus
|-damage|p2a: Landorus|19/100
|-unboost|p1a: Dragapult|spa|2
|move|p2a: Landorus|Earthquake|p1a: Dragapult
|-damage|p1a: Dragapult|0 fnt
|faint|p1a: Dragapult
|
|upkeep
|
|t:|1779572006
|switch|p1a: Kingambit|Kingambit, F|100/100
|-activate|p1a: Kingambit|ability: Supreme Overlord
|-start|p1a: Kingambit|fallen4|[silent]
|turn|16
|
|t:|1779572015
|move|p2a: Landorus|Earthquake|p1a: Kingambit
|-supereffective|p1a: Kingambit
|-damage|p1a: Kingambit|0 fnt
|faint|p1a: Kingambit
|-end|p1a: Kingambit|fallen4|[silent]
|
|upkeep
|-message|Elite Four Ozzy forfeited.
|
|win|haitianprinc3
|raw|Elite Four Ozzy's rating: 1536 &rarr; <strong>1512</strong><br />(-24 for losing)
|raw|haitianprinc3's rating: 1466 &rarr; <strong>1490</strong><br />(+24 for winning)
|l|☆Elite Four Ozzy
|player|p1|
|l|☆haitianprinc3
|player|p2|
