|inactive|Battle timer is ON: inactive players will automatically lose when time's up.
|t:|1779567158
|gametype|singles
|player|p1|Ox the Fox|#wcop2026ussouth|
|player|p2|LegitlyIzOP|lucas|
|gen|9
|tier|[Gen 9] OU
|rule|HP Percentage Mod: HP is shown in percentages
|rule|Endless Battle Clause: Forcing endless battles is banned
|rule|Species Clause: Limit one of each Pokémon
|rule|OHKO Clause: OHKO moves are banned
|rule|Evasion Items Clause: Evasion items are banned
|rule|Evasion Moves Clause: Evasion moves are banned
|rule|Evasion Abilities Clause: Evasion abilities are banned
|rule|Sleep Moves Clause: Sleep-inducing moves are banned
|clearpoke
|poke|p1|Pecharunt|
|poke|p1|Walking Wake|
|poke|p1|Gholdengo|
|poke|p1|Ting-Lu|
|poke|p1|Samurott-Hisui, F|
|poke|p1|Dragonite, F|
|poke|p2|Blaziken, F|
|poke|p2|Kingambit, M|
|poke|p2|Glimmora, M|
|poke|p2|Latias, F|
|poke|p2|Iron Boulder|
|poke|p2|Ursaluna, M|
|teampreview
|c|☆Ox the Fox|hf
|c|☆LegitlyIzOP|hf
|inactive|Ox the Fox has 270 seconds left.
|inactive|Ox the Fox disconnected and has 300 seconds to reconnect!
|player|p1|
|inactive|Ox the Fox reconnected and has 245 seconds left.
|player|p1|Ox the Fox|#wcop2026ussouth|
|inactive|Ox the Fox has 240 seconds left.
|
|t:|1779567262
|teamsize|p1|6
|teamsize|p2|6
|start
|switch|p1a: Walking Wake|Walking Wake|100/100
|switch|p2a: Glimmora|Glimmora, M|100/100
|turn|1
|
|t:|1779567267
|switch|p2a: Kingambit|Kingambit, M|100/100
|move|p1a: Walking Wake|Surf|p2a: Kingambit
|-damage|p2a: Kingambit|48/100
|
|upkeep
|turn|2
|
|t:|1779567273
|-end|p2a: Kingambit|fallenundefined|[silent]
|switch|p2a: Latias|Latias, F|100/100
|move|p1a: Walking Wake|Surf|p2a: Latias
|-resisted|p2a: Latias
|-damage|p2a: Latias|84/100
|
|upkeep
|turn|3
|
|t:|1779567283
|switch|p2a: Kingambit|Kingambit, M|48/100
|move|p1a: Walking Wake|Draco Meteor|p2a: Kingambit
|-resisted|p2a: Kingambit
|-damage|p2a: Kingambit|10/100
|-unboost|p1a: Walking Wake|spa|2
|
|upkeep
|turn|4
|
|t:|1779567295
|move|p2a: Kingambit|Sucker Punch|p1a: Walking Wake
|-damage|p1a: Walking Wake|52/100
|move|p1a: Walking Wake|Flip Turn|p2a: Kingambit
|-damage|p2a: Kingambit|0 fnt
|faint|p2a: Kingambit
|-end|p2a: Kingambit|fallenundefined|[silent]
|
|t:|1779567319
|-end|p1a: Walking Wake|Protosynthesis|[silent]
|switch|p1a: Gholdengo|Gholdengo|100/100|[from] Flip Turn
|
|upkeep
|
|t:|1779567327
|switch|p2a: Ursaluna|Ursaluna, M|100/100
|turn|5
|
|t:|1779567343
|switch|p1a: Dragonite|Dragonite, F|100/100
|move|p2a: Ursaluna|Bulk Up|p2a: Ursaluna
|-boost|p2a: Ursaluna|atk|1
|-boost|p2a: Ursaluna|def|1
|
|upkeep
|turn|6
|
|t:|1779567349
|move|p1a: Dragonite|Low Kick|p2a: Ursaluna
|-supereffective|p2a: Ursaluna
|-damage|p2a: Ursaluna|61/100
|move|p2a: Ursaluna|Ice Punch|p1a: Dragonite
|-supereffective|p1a: Dragonite
|-damage|p1a: Dragonite|32/100
|
|-heal|p2a: Ursaluna|68/100|[from] item: Leftovers
|upkeep
|turn|7
|
|t:|1779567355
|switch|p1a: Gholdengo|Gholdengo|100/100
|move|p2a: Ursaluna|Ice Punch|p1a: Gholdengo
|-resisted|p1a: Gholdengo
|-damage|p1a: Gholdengo|78/100
|
|-heal|p2a: Ursaluna|74/100|[from] item: Leftovers
|upkeep
|turn|8
|
|t:|1779567361
|move|p1a: Gholdengo|Trick|p2a: Ursaluna
|-activate|p1a: Gholdengo|move: Trick|[of] p2a: Ursaluna
|-item|p2a: Ursaluna|Choice Scarf|[from] move: Trick
|-item|p1a: Gholdengo|Leftovers|[from] move: Trick
|move|p2a: Ursaluna|Earthquake|p1a: Gholdengo
|-supereffective|p1a: Gholdengo
|-damage|p1a: Gholdengo|0 fnt
|faint|p1a: Gholdengo
|
|upkeep
|
|t:|1779567373
|switch|p1a: Ting-Lu|Ting-Lu|100/100
|-ability|p1a: Ting-Lu|Vessel of Ruin
|turn|9
|
|t:|1779567379
|switch|p2a: Glimmora|Glimmora, M|100/100
|move|p1a: Ting-Lu|Stealth Rock|p2a: Glimmora
|-sidestart|p2: LegitlyIzOP|move: Stealth Rock
|
|upkeep
|turn|10
|
|t:|1779567382
|move|p2a: Glimmora|Stealth Rock|p1a: Ting-Lu
|-sidestart|p1: Ox the Fox|move: Stealth Rock
|move|p1a: Ting-Lu|Earthquake|p2a: Glimmora
|-supereffective|p2a: Glimmora
|-damage|p2a: Glimmora|0 fnt
|-activate|p2a: Glimmora|ability: Toxic Debris
|-sidestart|p1: Ox the Fox|move: Toxic Spikes
|faint|p2a: Glimmora
|
|upkeep
|
|t:|1779567401
|switch|p2a: Ursaluna|Ursaluna, M|74/100
|-damage|p2a: Ursaluna|68/100|[from] Stealth Rock
|turn|11
|
|t:|1779567411
|move|p2a: Ursaluna|Ice Punch|p1a: Ting-Lu
|-supereffective|p1a: Ting-Lu
|-crit|p1a: Ting-Lu
|-damage|p1a: Ting-Lu|61/100
|move|p1a: Ting-Lu|Ruination|p2a: Ursaluna
|-damage|p2a: Ursaluna|34/100
|
|-heal|p1a: Ting-Lu|67/100|[from] item: Leftovers
|upkeep
|turn|12
|
|t:|1779567421
|switch|p1a: Pecharunt|Pecharunt|100/100
|-sideend|p1: Ox the Fox|move: Toxic Spikes|[of] p1a: Pecharunt
|move|p2a: Ursaluna|Ice Punch|p1a: Pecharunt
|-damage|p1a: Pecharunt|85/100
|
|upkeep
|turn|13
|
|t:|1779567429
|move|p1a: Pecharunt|Malignant Chain|p2a: Ursaluna
|-resisted|p2a: Ursaluna
|-damage|p2a: Ursaluna|23/100
|-status|p2a: Ursaluna|tox
|-start|p2a: Ursaluna|confusion|[from] ability: Poison Puppeteer|[of] p1a: Pecharunt
|-activate|p2a: Ursaluna|confusion
|move|p2a: Ursaluna|Ice Punch|p1a: Pecharunt
|-damage|p1a: Pecharunt|61/100
|
|-damage|p2a: Ursaluna|17/100 tox|[from] psn
|upkeep
|turn|14
|
|t:|1779567437
|move|p1a: Pecharunt|Recover|p1a: Pecharunt
|-heal|p1a: Pecharunt|100/100
|-activate|p2a: Ursaluna|confusion
|move|p2a: Ursaluna|Ice Punch|p1a: Pecharunt
|-damage|p1a: Pecharunt|78/100
|
|-damage|p2a: Ursaluna|5/100 tox|[from] psn
|upkeep
|turn|15
|
|t:|1779567443
|move|p1a: Pecharunt|Recover|p1a: Pecharunt
|-heal|p1a: Pecharunt|100/100
|-activate|p2a: Ursaluna|confusion
|move|p2a: Ursaluna|Ice Punch|p1a: Pecharunt
|-damage|p1a: Pecharunt|77/100
|
|-damage|p2a: Ursaluna|0 fnt|[from] psn
|faint|p2a: Ursaluna
|upkeep
|
|t:|1779567458
|switch|p2a: Blaziken|Blaziken, F|100/100
|-damage|p2a: Blaziken|88/100|[from] Stealth Rock
|turn|16
|
|t:|1779567466
|move|p2a: Blaziken|Protect|p2a: Blaziken
|-singleturn|p2a: Blaziken|Protect
|move|p1a: Pecharunt|Malignant Chain|p2a: Blaziken
|-activate|p2a: Blaziken|move: Protect
|
|-ability|p2a: Blaziken|Speed Boost|boost
|-boost|p2a: Blaziken|spe|1
|upkeep
|turn|17
|
|t:|1779567469
|move|p2a: Blaziken|Overheat|p1a: Pecharunt
|-damage|p1a: Pecharunt|0 fnt
|-unboost|p2a: Blaziken|spa|2
|faint|p1a: Pecharunt
|-damage|p2a: Blaziken|78/100|[from] item: Life Orb
|
|-ability|p2a: Blaziken|Speed Boost|boost
|-boost|p2a: Blaziken|spe|1
|upkeep
|
|t:|1779567490
|switch|p1a: Dragonite|Dragonite, F|32/100
|turn|18
|
|t:|1779567498
|move|p1a: Dragonite|Extreme Speed|p2a: Blaziken
|-damage|p2a: Blaziken|23/100
|move|p2a: Blaziken|Knock Off|p1a: Dragonite
|-damage|p1a: Dragonite|0 fnt
|-enditem|p1a: Dragonite|Heavy-Duty Boots|[from] move: Knock Off|[of] p2a: Blaziken
|faint|p1a: Dragonite
|-damage|p2a: Blaziken|13/100|[from] item: Life Orb
|
|-ability|p2a: Blaziken|Speed Boost|boost
|-boost|p2a: Blaziken|spe|1
|upkeep
|
|t:|1779567504
|switch|p1a: Samurott|Samurott-Hisui, F|100/100
|-damage|p1a: Samurott|88/100|[from] Stealth Rock
|turn|19
|
|t:|1779567519
|move|p2a: Blaziken|Protect|p2a: Blaziken
|-singleturn|p2a: Blaziken|Protect
|move|p1a: Samurott|Sucker Punch||[still]
|-fail|p1a: Samurott
|
|-ability|p2a: Blaziken|Speed Boost|boost
|-boost|p2a: Blaziken|spe|1
|upkeep
|turn|20
|
|t:|1779567525
|move|p2a: Blaziken|Protect||[still]
|-fail|p2a: Blaziken
|move|p1a: Samurott|Sucker Punch||[still]
|-fail|p1a: Samurott
|
|-ability|p2a: Blaziken|Speed Boost|boost
|-boost|p2a: Blaziken|spe|1
|upkeep
|turn|21
|
|t:|1779567535
|move|p2a: Blaziken|Protect|p2a: Blaziken
|-singleturn|p2a: Blaziken|Protect
|move|p1a: Samurott|Sucker Punch||[still]
|-fail|p1a: Samurott
|
|-ability|p2a: Blaziken|Speed Boost|boost
|-boost|p2a: Blaziken|spe|1
|upkeep
|turn|22
|
|t:|1779567539
|move|p2a: Blaziken|Protect|p2a: Blaziken
|-singleturn|p2a: Blaziken|Protect
|move|p1a: Samurott|Sucker Punch||[still]
|-fail|p1a: Samurott
|
|upkeep
|turn|23
|
|t:|1779567545
|move|p1a: Samurott|Sucker Punch|p2a: Blaziken
|-resisted|p2a: Blaziken
|-damage|p2a: Blaziken|0 fnt
|faint|p2a: Blaziken
|
|upkeep
|
|t:|1779567560
|switch|p2a: Latias|Latias, F|84/100
|-damage|p2a: Latias|72/100|[from] Stealth Rock
|turn|24
|inactive|LegitlyIzOP has 270 seconds left.
|
|t:|1779567592
|-terastallize|p2a: Latias|Poison
|move|p2a: Latias|Calm Mind|p2a: Latias
|-boost|p2a: Latias|spa|1
|-boost|p2a: Latias|spd|1
|move|p1a: Samurott|Knock Off|p2a: Latias
|-damage|p2a: Latias|39/100
|-enditem|p2a: Latias|Kee Berry|[from] move: Knock Off|[of] p1a: Samurott
|
|upkeep
|turn|25
|
|t:|1779567603
|move|p2a: Latias|Recover|p2a: Latias
|-heal|p2a: Latias|89/100
|move|p1a: Samurott|Flip Turn|p2a: Latias
|-damage|p2a: Latias|66/100
|
|t:|1779567606
|switch|p1a: Ting-Lu|Ting-Lu|67/100|[from] Flip Turn
|-damage|p1a: Ting-Lu|61/100|[from] Stealth Rock
|-ability|p1a: Ting-Lu|Vessel of Ruin
|
|-heal|p1a: Ting-Lu|67/100|[from] item: Leftovers
|upkeep
|turn|26
|
|t:|1779567618
|move|p2a: Latias|Aura Sphere|p1a: Ting-Lu
|-supereffective|p1a: Ting-Lu
|-damage|p1a: Ting-Lu|41/100
|move|p1a: Ting-Lu|Whirlwind|p2a: Latias
|drag|p2a: Iron Boulder|Iron Boulder|100/100
|-damage|p2a: Iron Boulder|88/100|[from] Stealth Rock
|-enditem|p2a: Iron Boulder|Booster Energy
|-activate|p2a: Iron Boulder|ability: Quark Drive|[fromitem]
|-start|p2a: Iron Boulder|quarkdrivespe
|
|-heal|p1a: Ting-Lu|47/100|[from] item: Leftovers
|upkeep
|turn|27
|inactive|Ox the Fox has 270 seconds left.
|inactive|Ox the Fox has 240 seconds left.
|inactive|Ox the Fox has 210 seconds left.
|
|t:|1779567711
|-terastallize|p1a: Ting-Lu|Ghost
|move|p2a: Iron Boulder|Earthquake|p1a: Ting-Lu
|-damage|p1a: Ting-Lu|28/100
|move|p1a: Ting-Lu|Whirlwind|p2a: Iron Boulder
|-end|p2a: Iron Boulder|Quark Drive|[silent]
|drag|p2a: Latias|Latias, F, tera:Poison|66/100
|-damage|p2a: Latias|54/100|[from] Stealth Rock
|
|-heal|p1a: Ting-Lu|34/100|[from] item: Leftovers
|upkeep
|turn|28
|
|t:|1779567717
|move|p2a: Latias|Recover|p2a: Latias
|-heal|p2a: Latias|100/100
|move|p1a: Ting-Lu|Ruination|p2a: Latias
|-damage|p2a: Latias|51/100
|
|-heal|p1a: Ting-Lu|40/100|[from] item: Leftovers
|upkeep
|turn|29
|
|t:|1779567722
|move|p2a: Latias|Recover|p2a: Latias
|-heal|p2a: Latias|100/100
|move|p1a: Ting-Lu|Ruination|p2a: Latias
|-damage|p2a: Latias|51/100
|
|-heal|p1a: Ting-Lu|47/100|[from] item: Leftovers
|upkeep
|turn|30
|
|t:|1779567733
|switch|p2a: Iron Boulder|Iron Boulder|88/100
|-damage|p2a: Iron Boulder|76/100|[from] Stealth Rock
|move|p1a: Ting-Lu|Ruination|p2a: Iron Boulder
|-damage|p2a: Iron Boulder|38/100
|
|-heal|p1a: Ting-Lu|53/100|[from] item: Leftovers
|upkeep
|turn|31
|
|t:|1779567736
|move|p2a: Iron Boulder|Mighty Cleave|p1a: Ting-Lu
|-damage|p1a: Ting-Lu|27/100
|move|p1a: Ting-Lu|Whirlwind|p2a: Iron Boulder
|-end|p2a: Iron Boulder|Quark Drive|[silent]
|drag|p2a: Latias|Latias, F, tera:Poison|51/100
|-damage|p2a: Latias|38/100|[from] Stealth Rock
|
|-heal|p1a: Ting-Lu|33/100|[from] item: Leftovers
|upkeep
|turn|32
|
|t:|1779567748
|move|p2a: Latias|Calm Mind|p2a: Latias
|-boost|p2a: Latias|spa|1
|-boost|p2a: Latias|spd|1
|move|p1a: Ting-Lu|Ruination|p2a: Latias
|-damage|p2a: Latias|20/100
|
|-heal|p1a: Ting-Lu|40/100|[from] item: Leftovers
|upkeep
|turn|33
|
|t:|1779567751
|move|p2a: Latias|Recover|p2a: Latias
|-heal|p2a: Latias|70/100
|move|p1a: Ting-Lu|Whirlwind|p2a: Latias
|drag|p2a: Iron Boulder|Iron Boulder|38/100
|-damage|p2a: Iron Boulder|26/100|[from] Stealth Rock
|
|-heal|p1a: Ting-Lu|46/100|[from] item: Leftovers
|upkeep
|turn|34
|
|t:|1779567756
|move|p2a: Iron Boulder|Mighty Cleave|p1a: Ting-Lu
|-crit|p1a: Ting-Lu
|-damage|p1a: Ting-Lu|5/100
|move|p1a: Ting-Lu|Whirlwind|p2a: Iron Boulder
|-end|p2a: Iron Boulder|Quark Drive|[silent]
|drag|p2a: Latias|Latias, F, tera:Poison|70/100
|-damage|p2a: Latias|57/100|[from] Stealth Rock
|
|-heal|p1a: Ting-Lu|12/100|[from] item: Leftovers
|upkeep
|turn|35
|inactive|Ox the Fox has 270 seconds left.
|
|t:|1779567766
|switch|p2a: Iron Boulder|Iron Boulder|26/100
|-damage|p2a: Iron Boulder|13/100|[from] Stealth Rock
|move|p1a: Ting-Lu|Ruination|p2a: Iron Boulder
|-damage|p2a: Iron Boulder|7/100
|
|-heal|p1a: Ting-Lu|18/100|[from] item: Leftovers
|upkeep
|turn|36
|
|t:|1779567775
|move|p2a: Iron Boulder|Mighty Cleave|p1a: Ting-Lu
|-damage|p1a: Ting-Lu|0 fnt
|faint|p1a: Ting-Lu
|
|upkeep
|
|t:|1779567779
|switch|p1a: Samurott|Samurott-Hisui, F|88/100
|-damage|p1a: Samurott|76/100|[from] Stealth Rock
|turn|37
|
|t:|1779567786
|move|p2a: Iron Boulder|Swords Dance|p2a: Iron Boulder
|-boost|p2a: Iron Boulder|atk|2
|move|p1a: Samurott|Knock Off|p2a: Iron Boulder
|-supereffective|p2a: Iron Boulder
|-damage|p2a: Iron Boulder|0 fnt
|faint|p2a: Iron Boulder
|-end|p2a: Iron Boulder|Quark Drive|[silent]
|
|upkeep
|
|t:|1779567788
|switch|p2a: Latias|Latias, F, tera:Poison|57/100
|-damage|p2a: Latias|45/100|[from] Stealth Rock
|turn|38
|
|t:|1779567795
|move|p2a: Latias|Calm Mind|p2a: Latias
|-boost|p2a: Latias|spa|1
|-boost|p2a: Latias|spd|1
|move|p1a: Samurott|Ceaseless Edge|p2a: Latias
|-damage|p2a: Latias|11/100
|-sidestart|p2: LegitlyIzOP|Spikes
|
|upkeep
|turn|39
|
|t:|1779567797
|move|p2a: Latias|Recover|p2a: Latias
|-heal|p2a: Latias|61/100
|move|p1a: Samurott|Ceaseless Edge|p2a: Latias
|-damage|p2a: Latias|22/100
|-sidestart|p2: LegitlyIzOP|Spikes
|
|upkeep
|turn|40
|
|t:|1779567800
|move|p2a: Latias|Recover|p2a: Latias
|-heal|p2a: Latias|72/100
|move|p1a: Samurott|Ceaseless Edge|p2a: Latias|[miss]
|-miss|p1a: Samurott|p2a: Latias
|
|upkeep
|turn|41
|
|t:|1779567817
|move|p2a: Latias|Calm Mind|p2a: Latias
|-boost|p2a: Latias|spa|1
|-boost|p2a: Latias|spd|1
|move|p1a: Samurott|Ceaseless Edge|p2a: Latias
|-damage|p2a: Latias|36/100
|-sidestart|p2: LegitlyIzOP|Spikes
|
|upkeep
|turn|42
|
|t:|1779567820
|move|p2a: Latias|Recover|p2a: Latias
|-heal|p2a: Latias|86/100
|move|p1a: Samurott|Ceaseless Edge|p2a: Latias|[miss]
|-miss|p1a: Samurott|p2a: Latias
|
|upkeep
|turn|43
|c|☆Ox the Fox|damn
|
|t:|1779567842
|move|p2a: Latias|Aura Sphere|p1a: Samurott
|-supereffective|p1a: Samurott
|-damage|p1a: Samurott|27/100
|move|p1a: Samurott|Ceaseless Edge|p2a: Latias|[miss]
|-miss|p1a: Samurott|p2a: Latias
|
|upkeep
|turn|44
|c|☆LegitlyIzOP|sry bro
|
|t:|1779567854
|move|p1a: Samurott|Sucker Punch|p2a: Latias
|-damage|p2a: Latias|60/100
|move|p2a: Latias|Aura Sphere|p1a: Samurott
|-supereffective|p1a: Samurott
|-damage|p1a: Samurott|0 fnt
|faint|p1a: Samurott
|
|upkeep
|
|t:|1779567859
|switch|p1a: Walking Wake|Walking Wake|52/100
|turn|45
|
|t:|1779567863
|move|p1a: Walking Wake|Draco Meteor|p2a: Latias
|-damage|p2a: Latias|33/100
|-unboost|p1a: Walking Wake|spa|2
|move|p2a: Latias|Stored Power|p1a: Walking Wake
|-damage|p1a: Walking Wake|0 fnt
|faint|p1a: Walking Wake
|-end|p1a: Walking Wake|Protosynthesis|[silent]
|
|win|LegitlyIzOP
|player|p1|
|player|p1|Ox the Fox|#wcop2026ussouth|
|c|☆LegitlyIzOP|gg
|c|☆Ox the Fox|gg
|player|p1|
|player|p2|
