|j|☆teatrero mugroso
|j|☆777Crash
|t:|1779567465
|gametype|singles
|player|p1|teatrero mugroso|blue|1248
|player|p2|777Crash|101|1307
|gen|9
|tier|[Gen 9] OU
|rated|
|rule|HP Percentage Mod: HP is shown in percentages
|rule|Endless Battle Clause: Forcing endless battles is banned
|rule|Species Clause: Limit one of each Pokémon
|rule|OHKO Clause: OHKO moves are banned
|rule|Evasion Items Clause: Evasion items are banned
|rule|Evasion Moves Clause: Evasion moves are banned
|rule|Evasion Abilities Clause: Evasion abilities are banned
|rule|Sleep Moves Clause: Sleep-inducing moves are banned
|clearpoke
|poke|p1|Veluza, M|
|poke|p1|Staraptor, M|
|poke|p1|Forretress, F|
|poke|p1|Squawkabilly-Blue, F|
|poke|p1|Dragonite, M|
|poke|p1|Zangoose, F|
|poke|p2|Ninetales-Alola, F|
|poke|p2|Iron Valiant|
|poke|p2|Gliscor, M|
|poke|p2|Ogerpon-Wellspring, F|
|poke|p2|Corviknight, F|
|poke|p2|Dragapult, F|
|teampreview
|inactive|Battle timer is ON: inactive players will automatically lose when time's up. (requested by teatrero mugroso)
|
|t:|1779567473
|teamsize|p1|6
|teamsize|p2|6
|start
|switch|p1a: Veluza|Veluza, M|100/100
|switch|p2a: Ninetales|Ninetales-Alola, F|100/100
|-ability|p1a: Veluza|Mold Breaker
|-weather|Snowscape|[from] ability: Snow Warning|[of] p2a: Ninetales
|turn|1
|
|t:|1779567480
|move|p1a: Veluza|Final Gambit|p2a: Ninetales
|-damage|p2a: Ninetales|0 fnt
|faint|p1a: Veluza
|faint|p2a: Ninetales
|
|-weather|Snowscape|[upkeep]
|upkeep
|
|t:|1779567497
|switch|p2a: Gliscor|Gliscor, M|100/100
|switch|p1a: Zangoose|Zangoose, F|100/100
|turn|2
|
|t:|1779567506
|switch|p2a: Corviknight|Corviknight, F|100/100
|-ability|p2a: Corviknight|Pressure
|move|p1a: Zangoose|Final Gambit|p2a: Corviknight
|-damage|p2a: Corviknight|0 fnt
|faint|p1a: Zangoose
|faint|p2a: Corviknight
|
|-weather|Snowscape|[upkeep]
|upkeep
|
|t:|1779567517
|switch|p1a: Forretress|Forretress, F|100/100
|switch|p2a: Ogerpon|Ogerpon-Wellspring, F|100/100
|turn|3
|
|t:|1779567526
|move|p2a: Ogerpon|Swords Dance|p2a: Ogerpon
|-boost|p2a: Ogerpon|atk|2
|move|p1a: Forretress|Stealth Rock|p2a: Ogerpon
|-sidestart|p2: 777Crash|move: Stealth Rock
|
|-weather|Snowscape|[upkeep]
|upkeep
|turn|4
|
|t:|1779567532
|move|p2a: Ogerpon|Trailblaze|p1a: Forretress
|-resisted|p1a: Forretress
|-damage|p1a: Forretress|90/100
|-boost|p2a: Ogerpon|spe|1
|move|p1a: Forretress|Spikes|p2a: Ogerpon
|-sidestart|p2: 777Crash|Spikes
|
|-weather|Snowscape|[upkeep]
|upkeep
|turn|5
|
|t:|1779567539
|move|p2a: Ogerpon|Swords Dance|p2a: Ogerpon
|-boost|p2a: Ogerpon|atk|2
|move|p1a: Forretress|Explosion|p2a: Ogerpon
|-damage|p2a: Ogerpon|33/100
|faint|p1a: Forretress
|
|-weather|none
|upkeep
|
|t:|1779567547
|switch|p1a: Dragonite|Dragonite, M|100/100
|turn|6
|
|t:|1779567559
|move|p2a: Ogerpon|Ivy Cudgel|p1a: Dragonite|[anim] Ivy Cudgel Water
|-resisted|p1a: Dragonite
|-damage|p1a: Dragonite|55/100
|move|p1a: Dragonite|Dragon Dance|p1a: Dragonite
|-boost|p1a: Dragonite|atk|1
|-boost|p1a: Dragonite|spe|1
|
|upkeep
|turn|7
|
|t:|1779567568
|move|p1a: Dragonite|Extreme Speed|p2a: Ogerpon
|-damage|p2a: Ogerpon|0 fnt
|faint|p2a: Ogerpon
|
|upkeep
|
|t:|1779567588
|switch|p2a: Dragapult|Dragapult, F|100/100
|turn|8
|
|t:|1779567596
|-terastallize|p1a: Dragonite|Normal
|move|p2a: Dragapult|Dragon Darts|p1a: Dragonite
|-damage|p1a: Dragonite|27/100
|-anim|p2a: Dragapult|Dragon Darts|p1a: Dragonite
|-damage|p1a: Dragonite|2/100
|move|p1a: Dragonite|Earthquake|p2a: Dragapult
|-damage|p2a: Dragapult|16/100
|
|upkeep
|turn|9
|
|t:|1779567610
|move|p2a: Dragapult|Dragon Darts|p1a: Dragonite
|-damage|p1a: Dragonite|0 fnt
|faint|p1a: Dragonite
|
|upkeep
|
|t:|1779567615
|switch|p1a: Staraptor|Staraptor, M|100/100
|turn|10
|
|t:|1779567620
|move|p1a: Staraptor|Brave Bird|p2a: Dragapult
|-damage|p2a: Dragapult|0 fnt
|faint|p2a: Dragapult
|-damage|p1a: Staraptor|96/100|[from] Recoil
|
|upkeep
|
|t:|1779567632
|switch|p2a: Gliscor|Gliscor, M|100/100
|-damage|p2a: Gliscor|88/100|[from] Stealth Rock
|turn|11
|
|t:|1779567640
|switch|p1a: Squawkabilly|Squawkabilly-Blue, F|100/100
|move|p2a: Gliscor|Swords Dance|p2a: Gliscor
|-boost|p2a: Gliscor|atk|2
|
|-status|p2a: Gliscor|tox|[from] item: Toxic Orb
|upkeep
|turn|12
|
|t:|1779567647
|move|p1a: Squawkabilly|Final Gambit|p2a: Gliscor
|-damage|p2a: Gliscor|0 fnt
|faint|p1a: Squawkabilly
|faint|p2a: Gliscor
|
|upkeep
|
|t:|1779567652
|switch|p1a: Staraptor|Staraptor, M|96/100
|switch|p2a: Iron Valiant|Iron Valiant|100/100
|-damage|p2a: Iron Valiant|94/100|[from] Stealth Rock
|-damage|p2a: Iron Valiant|82/100|[from] Spikes
|-enditem|p2a: Iron Valiant|Booster Energy
|-activate|p2a: Iron Valiant|ability: Quark Drive|[fromitem]
|-start|p2a: Iron Valiant|quarkdrivespe
|turn|13
|
|t:|1779567664
|move|p2a: Iron Valiant|Moonblast|p1a: Staraptor
|-damage|p1a: Staraptor|29/100
|move|p1a: Staraptor|Brave Bird|p2a: Iron Valiant
|-supereffective|p2a: Iron Valiant
|-damage|p2a: Iron Valiant|0 fnt
|faint|p2a: Iron Valiant
|-end|p2a: Iron Valiant|Quark Drive|[silent]
|-damage|p1a: Staraptor|9/100|[from] Recoil
|
|win|teatrero mugroso
|raw|teatrero mugroso's rating: 1248 &rarr; <strong>1277</strong><br />(+29 for winning)
|raw|777Crash's rating: 1307 &rarr; <strong>1284</strong><br />(-23 for losing)
|l|☆777Crash
|player|p2|
|l|☆teatrero mugroso
|player|p1|
