|j|☆BerTheBlackestOne
|j|☆shxgnz
|t:|1779555762
|gametype|singles
|player|p1|BerTheBlackestOne|samsonoak|1180
|player|p2|shxgnz|skierf|1194
|gen|9
|tier|[Gen 9] OU
|rated|
|rule|HP Percentage Mod: HP is shown in percentages
|rule|Endless Battle Clause: Forcing endless battles is banned
|rule|Species Clause: Limit one of each Pokémon
|rule|OHKO Clause: OHKO moves are banned
|rule|Evasion Items Clause: Evasion items are banned
|rule|Evasion Moves Clause: Evasion moves are banned
|rule|Evasion Abilities Clause: Evasion abilities are banned
|rule|Sleep Moves Clause: Sleep-inducing moves are banned
|clearpoke
|poke|p1|Orthworm, F|
|poke|p1|Ditto|
|poke|p1|Scream Tail|
|poke|p1|Gligar, M|
|poke|p1|Chandelure, M|
|poke|p1|Venomoth, F|
|poke|p2|Ninetales, F|
|poke|p2|Walking Wake|
|poke|p2|Hatterene, F|
|poke|p2|Great Tusk|
|poke|p2|Raging Bolt|
|poke|p2|Iron Moth|
|teampreview
|
|t:|1779555793
|teamsize|p1|6
|teamsize|p2|6
|start
|switch|p1a: Passivo|Orthworm, F|100/100
|switch|p2a: Ninetales|Ninetales, F|100/100
|-weather|SunnyDay|[from] ability: Drought|[of] p2a: Ninetales
|turn|1
|
|t:|1779555837
|switch|p2a: Hatterene|Hatterene, F|100/100
|switch|p1a: Meia noite e meia|Chandelure, M|100/100
|
|-weather|SunnyDay|[upkeep]
|upkeep
|turn|2
|
|t:|1779555845
|switch|p2a: Iron Moth|Iron Moth|100/100
|-enditem|p2a: Iron Moth|Booster Energy
|-activate|p2a: Iron Moth|ability: Quark Drive|[fromitem]
|-start|p2a: Iron Moth|quarkdrivespe
|move|p1a: Meia noite e meia|Shadow Ball|p2a: Iron Moth
|-damage|p2a: Iron Moth|42/100
|
|-weather|SunnyDay|[upkeep]
|upkeep
|turn|3
|
|t:|1779555861
|switch|p1a: Lambidinha|Gligar, M|100/100
|move|p2a: Iron Moth|Toxic Spikes|p1a: Lambidinha
|-sidestart|p1: BerTheBlackestOne|move: Toxic Spikes
|
|-weather|SunnyDay|[upkeep]
|upkeep
|turn|4
|
|t:|1779555872
|move|p2a: Iron Moth|Fiery Dance|p1a: Lambidinha
|-damage|p1a: Lambidinha|38/100
|-boost|p2a: Iron Moth|spa|1
|move|p1a: Lambidinha|Earthquake|p2a: Iron Moth
|-supereffective|p2a: Iron Moth
|-damage|p2a: Iron Moth|0 fnt
|faint|p2a: Iron Moth
|-end|p2a: Iron Moth|Quark Drive|[silent]
|
|-weather|SunnyDay|[upkeep]
|upkeep
|
|t:|1779555886
|switch|p2a: Ninetales|Ninetales, F|100/100
|turn|5
|
|t:|1779555905
|move|p2a: Ninetales|Weather Ball|p1a: Lambidinha
|-damage|p1a: Lambidinha|0 fnt
|faint|p1a: Lambidinha
|
|-weather|SunnyDay|[upkeep]
|upkeep
|
|t:|1779555908
|switch|p1a: Tarja preta|Venomoth, F|100/100
|-sideend|p1: BerTheBlackestOne|move: Toxic Spikes|[of] p1a: Tarja preta
|turn|6
|
|t:|1779555913
|switch|p1a: Meia noite e meia|Chandelure, M|100/100
|move|p2a: Ninetales|Weather Ball|p1a: Meia noite e meia
|-start|p1a: Meia noite e meia|ability: Flash Fire
|
|-weather|SunnyDay|[upkeep]
|upkeep
|turn|7
|
|t:|1779555946
|switch|p2a: Hatterene|Hatterene, F|100/100
|move|p1a: Meia noite e meia|Shadow Ball|p2a: Hatterene
|-supereffective|p2a: Hatterene
|-damage|p2a: Hatterene|0 fnt
|faint|p2a: Hatterene
|
|-weather|SunnyDay|[upkeep]
|upkeep
|
|t:|1779555970
|switch|p2a: Raging Bolt|Raging Bolt|100/100
|-activate|p2a: Raging Bolt|ability: Protosynthesis
|-start|p2a: Raging Bolt|protosynthesisspa
|turn|8
|
|t:|1779555994
|move|p1a: Meia noite e meia|Shadow Ball|p2a: Raging Bolt
|-damage|p2a: Raging Bolt|37/100
|move|p2a: Raging Bolt|Draco Meteor|p1a: Meia noite e meia
|-damage|p1a: Meia noite e meia|0 fnt
|-unboost|p2a: Raging Bolt|spa|2
|faint|p1a: Meia noite e meia
|-damage|p2a: Raging Bolt|27/100|[from] item: Life Orb
|
|-weather|none
|-end|p2a: Raging Bolt|Protosynthesis
|upkeep
|
|t:|1779556007
|switch|p1a: Tarja preta|Venomoth, F|100/100
|turn|9
|
|t:|1779556019
|-end|p2a: Raging Bolt|Protosynthesis|[silent]
|switch|p2a: Ninetales|Ninetales, F|100/100
|-weather|SunnyDay|[from] ability: Drought|[of] p2a: Ninetales
|move|p1a: Tarja preta|Quiver Dance|p1a: Tarja preta
|-boost|p1a: Tarja preta|spa|1
|-boost|p1a: Tarja preta|spd|1
|-boost|p1a: Tarja preta|spe|1
|
|-weather|SunnyDay|[upkeep]
|upkeep
|turn|10
|
|t:|1779556044
|-terastallize|p1a: Tarja preta|Fairy
|move|p1a: Tarja preta|Quiver Dance|p1a: Tarja preta
|-boost|p1a: Tarja preta|spa|1
|-boost|p1a: Tarja preta|spd|1
|-boost|p1a: Tarja preta|spe|1
|move|p2a: Ninetales|Weather Ball|p1a: Tarja preta
|-damage|p1a: Tarja preta|64/100
|
|-weather|SunnyDay|[upkeep]
|upkeep
|turn|11
|
|t:|1779556057
|move|p1a: Tarja preta|Quiver Dance|p1a: Tarja preta
|-boost|p1a: Tarja preta|spa|1
|-boost|p1a: Tarja preta|spd|1
|-boost|p1a: Tarja preta|spe|1
|move|p2a: Ninetales|Encore|p1a: Tarja preta
|-start|p1a: Tarja preta|Encore
|
|-weather|SunnyDay|[upkeep]
|upkeep
|turn|12
|
|t:|1779556142
|switch|p1a: AAAAAAAAAAA|Scream Tail|100/100
|-activate|p1a: AAAAAAAAAAA|ability: Protosynthesis
|-start|p1a: AAAAAAAAAAA|protosynthesisspe
|move|p2a: Ninetales|Healing Wish|p2a: Ninetales
|faint|p2a: Ninetales
|
|-weather|SunnyDay|[upkeep]
|upkeep
|
|t:|1779556172
|switch|p2a: Raging Bolt|Raging Bolt|27/100
|-heal|p2a: Raging Bolt|100/100|[from] move: Healing Wish
|-activate|p2a: Raging Bolt|ability: Protosynthesis
|-start|p2a: Raging Bolt|protosynthesisspa
|turn|13
|
|t:|1779556185
|move|p1a: AAAAAAAAAAA|Dazzling Gleam|p2a: Raging Bolt
|-supereffective|p2a: Raging Bolt
|-damage|p2a: Raging Bolt|60/100
|move|p2a: Raging Bolt|Thunderbolt|p1a: AAAAAAAAAAA
|-damage|p1a: AAAAAAAAAAA|38/100
|-damage|p2a: Raging Bolt|50/100|[from] item: Life Orb
|
|-weather|SunnyDay|[upkeep]
|-heal|p1a: AAAAAAAAAAA|44/100|[from] item: Leftovers
|upkeep
|turn|14
|
|t:|1779556195
|move|p1a: AAAAAAAAAAA|Protect|p1a: AAAAAAAAAAA
|-singleturn|p1a: AAAAAAAAAAA|Protect
|move|p2a: Raging Bolt|Thunderbolt|p1a: AAAAAAAAAAA
|-activate|p1a: AAAAAAAAAAA|move: Protect
|
|-weather|SunnyDay|[upkeep]
|-heal|p1a: AAAAAAAAAAA|50/100|[from] item: Leftovers
|upkeep
|turn|15
|
|t:|1779556221
|-end|p1a: AAAAAAAAAAA|Protosynthesis|[silent]
|switch|p1a: Passivo|Orthworm, F|100/100
|move|p2a: Raging Bolt|Thunderbolt|p1a: Passivo
|-damage|p1a: Passivo|0 fnt
|faint|p1a: Passivo
|-damage|p2a: Raging Bolt|40/100|[from] item: Life Orb
|
|-weather|SunnyDay|[upkeep]
|upkeep
|
|t:|1779556243
|switch|p1a: Pipocs|Ditto|100/100
|-transform|p1a: Pipocs|p2a: Raging Bolt|[from] ability: Imposter
|turn|16
|
|t:|1779556258
|-terastallize|p2a: Raging Bolt|Fairy
|move|p1a: Pipocs|Draco Meteor|p2a: Raging Bolt
|-immune|p2a: Raging Bolt
|move|p2a: Raging Bolt|Draco Meteor|p1a: Pipocs|[miss]
|-miss|p2a: Raging Bolt|p1a: Pipocs
|
|-weather|none
|-end|p2a: Raging Bolt|Protosynthesis
|upkeep
|turn|17
|
|t:|1779556272
|-end|p1a: Pipocs|Protosynthesis|[silent]
|switch|p1a: Tarja preta|Venomoth, F, tera:Fairy|64/100
|move|p2a: Raging Bolt|Thunderbolt|p1a: Tarja preta
|-damage|p1a: Tarja preta|0 fnt
|faint|p1a: Tarja preta
|-damage|p2a: Raging Bolt|30/100|[from] item: Life Orb
|
|upkeep
|
|t:|1779556293
|switch|p1a: Pipocs|Ditto|100/100
|-transform|p1a: Pipocs|p2a: Raging Bolt|[from] ability: Imposter
|-start|p1a: Pipocs|typechange|Electric/Dragon|[silent]
|turn|18
|
|t:|1779556297
|-end|p1a: Pipocs|Protosynthesis|[silent]
|switch|p1a: AAAAAAAAAAA|Scream Tail|50/100
|move|p2a: Raging Bolt|Thunderclap||[still]
|-fail|p2a: Raging Bolt
|
|-heal|p1a: AAAAAAAAAAA|56/100|[from] item: Leftovers
|upkeep
|turn|19
|
|t:|1779556302
|move|p1a: AAAAAAAAAAA|Encore|p2a: Raging Bolt
|-start|p2a: Raging Bolt|Encore
|move|p2a: Raging Bolt|Thunderclap||[still]
|-fail|p2a: Raging Bolt
|
|-heal|p1a: AAAAAAAAAAA|62/100|[from] item: Leftovers
|upkeep
|turn|20
|
|t:|1779556311
|-end|p2a: Raging Bolt|Protosynthesis|[silent]
|switch|p2a: Walking Wake|Walking Wake|100/100
|move|p1a: AAAAAAAAAAA|Wish|p1a: AAAAAAAAAAA
|
|-heal|p1a: AAAAAAAAAAA|69/100|[from] item: Leftovers
|upkeep
|turn|21
|
|t:|1779556317
|move|p1a: AAAAAAAAAAA|Protect|p1a: AAAAAAAAAAA
|-singleturn|p1a: AAAAAAAAAAA|Protect
|move|p2a: Walking Wake|Hydro Steam|p1a: AAAAAAAAAAA
|-activate|p1a: AAAAAAAAAAA|move: Protect
|
|-heal|p1a: AAAAAAAAAAA|100/100|[from] move: Wish|[wisher] AAAAAAAAAAA
|upkeep
|turn|22
|
|t:|1779556325
|move|p2a: Walking Wake|Hydro Steam|p1a: AAAAAAAAAAA
|-damage|p1a: AAAAAAAAAAA|56/100
|move|p1a: AAAAAAAAAAA|Dazzling Gleam|p2a: Walking Wake
|-supereffective|p2a: Walking Wake
|-damage|p2a: Walking Wake|58/100
|
|-heal|p1a: AAAAAAAAAAA|62/100|[from] item: Leftovers
|upkeep
|turn|23
|
|t:|1779556336
|-end|p2a: Walking Wake|Protosynthesis|[silent]
|switch|p2a: Great Tusk|Great Tusk|100/100
|move|p1a: AAAAAAAAAAA|Wish|p1a: AAAAAAAAAAA
|
|-heal|p1a: AAAAAAAAAAA|68/100|[from] item: Leftovers
|upkeep
|turn|24
|
|t:|1779556352
|move|p2a: Great Tusk|Headlong Rush|p1a: AAAAAAAAAAA
|-damage|p1a: AAAAAAAAAAA|20/100
|-unboost|p2a: Great Tusk|def|1
|-unboost|p2a: Great Tusk|spd|1
|move|p1a: AAAAAAAAAAA|Dazzling Gleam|p2a: Great Tusk
|-supereffective|p2a: Great Tusk
|-crit|p2a: Great Tusk
|-damage|p2a: Great Tusk|0 fnt
|faint|p2a: Great Tusk
|-end|p2a: Great Tusk|Protosynthesis|[silent]
|
|-heal|p1a: AAAAAAAAAAA|70/100|[from] move: Wish|[wisher] AAAAAAAAAAA
|-heal|p1a: AAAAAAAAAAA|77/100|[from] item: Leftovers
|upkeep
|-message|shxgnz forfeited.
|
|win|BerTheBlackestOne
|raw|BerTheBlackestOne's rating: 1180 &rarr; <strong>1208</strong><br />(+28 for winning)
|raw|shxgnz's rating: 1221 &rarr; <strong>1193</strong><br />(-28 for losing)
|l|☆shxgnz
|player|p2|
|l|☆BerTheBlackestOne
|player|p1|
