|j|☆Twisted Divinity
|j|☆LaportaPotty
|t:|1779564879
|gametype|singles
|player|p1|Twisted Divinity|acerola-masters|1413
|player|p2|LaportaPotty|1|1365
|gen|9
|tier|[Gen 9] OU
|rated|
|rule|HP Percentage Mod: HP is shown in percentages
|rule|Endless Battle Clause: Forcing endless battles is banned
|rule|Species Clause: Limit one of each Pokémon
|rule|OHKO Clause: OHKO moves are banned
|rule|Evasion Items Clause: Evasion items are banned
|rule|Evasion Moves Clause: Evasion moves are banned
|rule|Evasion Abilities Clause: Evasion abilities are banned
|rule|Sleep Moves Clause: Sleep-inducing moves are banned
|clearpoke
|poke|p1|Wo-Chien|
|poke|p1|Torkoal, M|
|poke|p1|Cinderace, M|
|poke|p1|Great Tusk|
|poke|p1|Walking Wake|
|poke|p1|Clefable, F|
|poke|p2|Okidogi, M|
|poke|p2|Moltres|
|poke|p2|Ogerpon-Cornerstone, F|
|poke|p2|Heatran, F|
|poke|p2|Rillaboom, M|
|poke|p2|Darkrai|
|teampreview
|inactive|Battle timer is ON: inactive players will automatically lose when time's up. (requested by Twisted Divinity)
|
|t:|1779564898
|teamsize|p1|6
|teamsize|p2|6
|start
|switch|p1a: Chuck Norris Kick|Cinderace, M|100/100
|switch|p2a: Heatran|Heatran, F|100/100
|-item|p1a: Chuck Norris Kick|Air Balloon
|turn|1
|
|t:|1779564909
|move|p1a: Chuck Norris Kick|Swords Dance|p1a: Chuck Norris Kick
|-boost|p1a: Chuck Norris Kick|atk|2
|move|p2a: Heatran|Flash Cannon|p1a: Chuck Norris Kick
|-resisted|p1a: Chuck Norris Kick
|-damage|p1a: Chuck Norris Kick|69/100
|-enditem|p1a: Chuck Norris Kick|Air Balloon
|
|upkeep
|turn|2
|
|t:|1779564920
|-terastallize|p2a: Heatran|Bug
|move|p1a: Chuck Norris Kick|Low Kick|p2a: Heatran
|-resisted|p2a: Heatran
|-damage|p2a: Heatran|69/100
|move|p2a: Heatran|Earth Power|p1a: Chuck Norris Kick
|-supereffective|p1a: Chuck Norris Kick
|-damage|p1a: Chuck Norris Kick|0 fnt
|faint|p1a: Chuck Norris Kick
|
|upkeep
|
|t:|1779564927
|switch|p1a: MAXIMUM OUTPUT|Walking Wake|100/100
|turn|3
|
|t:|1779564934
|move|p1a: MAXIMUM OUTPUT|Draco Meteor|p2a: Heatran
|-damage|p2a: Heatran|0 fnt
|-unboost|p1a: MAXIMUM OUTPUT|spa|2
|faint|p2a: Heatran
|
|upkeep
|
|t:|1779564942
|switch|p2a: Ogerpon|Ogerpon-Cornerstone, F|100/100
|turn|4
|
|t:|1779564949
|-end|p1a: MAXIMUM OUTPUT|Protosynthesis|[silent]
|switch|p1a: Great Tuskarus|Great Tusk, shiny|100/100
|move|p2a: Ogerpon|Swords Dance|p2a: Ogerpon
|-boost|p2a: Ogerpon|atk|2
|
|upkeep
|turn|5
|
|t:|1779564955
|move|p2a: Ogerpon|Horn Leech|p1a: Great Tuskarus
|-supereffective|p1a: Great Tuskarus
|-damage|p1a: Great Tuskarus|0 fnt
|-damage|p2a: Ogerpon|84/100|[from] item: Rocky Helmet|[of] p1a: Great Tuskarus
|faint|p1a: Great Tuskarus
|-end|p1a: Great Tuskarus|Protosynthesis|[silent]
|
|upkeep
|
|t:|1779564962
|switch|p1a: Let's Larp|Clefable, F|100/100
|turn|6
|
|t:|1779564971
|move|p2a: Ogerpon|Ivy Cudgel|p1a: Let's Larp|[anim] Ivy Cudgel Rock
|-damage|p1a: Let's Larp|52/100
|move|p1a: Let's Larp|Flamethrower|p2a: Ogerpon
|-damage|p2a: Ogerpon|61/100
|
|upkeep
|turn|7
|
|t:|1779564981
|move|p2a: Ogerpon|Horn Leech|p1a: Let's Larp
|-damage|p1a: Let's Larp|12/100
|-heal|p2a: Ogerpon|87/100|[from] drain|[of] p1a: Let's Larp
|move|p1a: Let's Larp|Moonblast|p2a: Ogerpon
|-damage|p2a: Ogerpon|51/100
|
|upkeep
|turn|8
|
|t:|1779564989
|switch|p1a: The Sun Is So Loud|Torkoal, M|100/100
|-weather|SunnyDay|[from] ability: Drought|[of] p1a: The Sun Is So Loud
|move|p2a: Ogerpon|Ivy Cudgel|p1a: The Sun Is So Loud|[anim] Ivy Cudgel Rock
|-supereffective|p1a: The Sun Is So Loud
|-damage|p1a: The Sun Is So Loud|0 fnt
|faint|p1a: The Sun Is So Loud
|
|-weather|SunnyDay|[upkeep]
|upkeep
|
|t:|1779564992
|switch|p1a: MAXIMUM OUTPUT|Walking Wake|100/100
|-activate|p1a: MAXIMUM OUTPUT|ability: Protosynthesis
|-start|p1a: MAXIMUM OUTPUT|protosynthesisspe
|turn|9
|
|t:|1779564999
|switch|p2a: Moltres|Moltres|100/100
|move|p1a: MAXIMUM OUTPUT|Hydro Steam|p2a: Moltres
|-supereffective|p2a: Moltres
|-damage|p2a: Moltres|0 fnt
|faint|p2a: Moltres
|
|-weather|SunnyDay|[upkeep]
|upkeep
|
|t:|1779565005
|switch|p2a: Rillaboom|Rillaboom, M|100/100
|-fieldstart|move: Grassy Terrain|[from] ability: Grassy Surge|[of] p2a: Rillaboom
|turn|10
|
|t:|1779565009
|-end|p1a: MAXIMUM OUTPUT|Protosynthesis|[silent]
|switch|p1a: Wo Chienuenly|Wo-Chien|100/100
|-ability|p1a: Wo Chienuenly|Tablets of Ruin
|move|p2a: Rillaboom|Grassy Glide|p1a: Wo Chienuenly
|-resisted|p1a: Wo Chienuenly
|-damage|p1a: Wo Chienuenly|83/100
|
|-weather|SunnyDay|[upkeep]
|-heal|p1a: Wo Chienuenly|89/100|[from] Grassy Terrain
|upkeep
|turn|11
|
|t:|1779565014
|-terastallize|p1a: Wo Chienuenly|Poison
|move|p2a: Rillaboom|U-turn|p1a: Wo Chienuenly
|-resisted|p1a: Wo Chienuenly
|-damage|p1a: Wo Chienuenly|78/100
|
|t:|1779565017
|switch|p2a: Okidogi|Okidogi, M|100/100|[from] U-turn
|move|p1a: Wo Chienuenly|Growth|p1a: Wo Chienuenly
|-boost|p1a: Wo Chienuenly|atk|2
|-boost|p1a: Wo Chienuenly|spa|2
|
|-weather|SunnyDay|[upkeep]
|-heal|p1a: Wo Chienuenly|84/100|[from] Grassy Terrain
|upkeep
|turn|12
|
|t:|1779565022
|move|p1a: Wo Chienuenly|Trailblaze|p2a: Okidogi
|-resisted|p2a: Okidogi
|-damage|p2a: Okidogi|77/100
|-boost|p1a: Wo Chienuenly|spe|1
|-damage|p1a: Wo Chienuenly|74/100|[from] item: Life Orb
|move|p2a: Okidogi|Knock Off|p1a: Wo Chienuenly
|-damage|p1a: Wo Chienuenly|46/100
|-enditem|p1a: Wo Chienuenly|Life Orb|[from] move: Knock Off|[of] p2a: Okidogi
|
|-weather|SunnyDay|[upkeep]
|-heal|p1a: Wo Chienuenly|52/100|[from] Grassy Terrain
|-heal|p2a: Okidogi|83/100|[from] Grassy Terrain
|-heal|p2a: Okidogi|89/100|[from] item: Leftovers
|upkeep
|turn|13
|
|t:|1779565026
|move|p1a: Wo Chienuenly|Giga Drain|p2a: Okidogi
|-resisted|p2a: Okidogi
|-damage|p2a: Okidogi|53/100
|-heal|p1a: Wo Chienuenly|73/100|[from] drain|[of] p2a: Okidogi
|move|p2a: Okidogi|Bulk Up|p2a: Okidogi
|-boost|p2a: Okidogi|atk|1
|-boost|p2a: Okidogi|def|1
|
|-weather|SunnyDay|[upkeep]
|-heal|p1a: Wo Chienuenly|80/100|[from] Grassy Terrain
|-heal|p2a: Okidogi|59/100|[from] Grassy Terrain
|-heal|p2a: Okidogi|65/100|[from] item: Leftovers
|upkeep
|turn|14
|
|t:|1779565030
|move|p1a: Wo Chienuenly|Giga Drain|p2a: Okidogi
|-resisted|p2a: Okidogi
|-damage|p2a: Okidogi|26/100
|-heal|p1a: Wo Chienuenly|100/100|[from] drain|[of] p2a: Okidogi
|move|p2a: Okidogi|Drain Punch|p1a: Wo Chienuenly
|-resisted|p1a: Wo Chienuenly
|-damage|p1a: Wo Chienuenly|76/100
|-heal|p2a: Okidogi|36/100|[from] drain|[of] p1a: Wo Chienuenly
|
|-weather|SunnyDay|[upkeep]
|-heal|p1a: Wo Chienuenly|82/100|[from] Grassy Terrain
|-heal|p2a: Okidogi|42/100|[from] Grassy Terrain
|-heal|p2a: Okidogi|48/100|[from] item: Leftovers
|upkeep
|turn|15
|
|t:|1779565033
|move|p1a: Wo Chienuenly|Giga Drain|p2a: Okidogi
|-resisted|p2a: Okidogi
|-damage|p2a: Okidogi|13/100
|-heal|p1a: Wo Chienuenly|100/100|[from] drain|[of] p2a: Okidogi
|move|p2a: Okidogi|Drain Punch|p1a: Wo Chienuenly
|-resisted|p1a: Wo Chienuenly
|-damage|p1a: Wo Chienuenly|75/100
|-heal|p2a: Okidogi|24/100|[from] drain|[of] p1a: Wo Chienuenly
|
|-weather|none
|-heal|p1a: Wo Chienuenly|82/100|[from] Grassy Terrain
|-heal|p2a: Okidogi|30/100|[from] Grassy Terrain
|-heal|p2a: Okidogi|36/100|[from] item: Leftovers
|upkeep
|turn|16
|
|t:|1779565038
|switch|p2a: Rillaboom|Rillaboom, M|100/100
|move|p1a: Wo Chienuenly|Giga Drain|p2a: Rillaboom
|-resisted|p2a: Rillaboom
|-damage|p2a: Rillaboom|49/100
|-heal|p1a: Wo Chienuenly|100/100|[from] drain|[of] p2a: Rillaboom
|
|-heal|p2a: Rillaboom|56/100|[from] Grassy Terrain
|upkeep
|turn|17
|
|t:|1779565044
|move|p1a: Wo Chienuenly|Knock Off|p2a: Rillaboom
|-damage|p2a: Rillaboom|0 fnt
|-enditem|p2a: Rillaboom|Terrain Extender|[from] move: Knock Off|[of] p1a: Wo Chienuenly
|faint|p2a: Rillaboom
|
|-fieldend|move: Grassy Terrain
|upkeep
|
|t:|1779565047
|switch|p2a: Darkrai|Darkrai|100/100
|turn|18
|
|t:|1779565050
|move|p1a: Wo Chienuenly|Giga Drain|p2a: Darkrai
|-damage|p2a: Darkrai|29/100
|move|p2a: Darkrai|Trick|p1a: Wo Chienuenly
|-activate|p2a: Darkrai|move: Trick|[of] p1a: Wo Chienuenly
|-item|p1a: Wo Chienuenly|Choice Specs|[from] move: Trick
|-enditem|p2a: Darkrai|Choice Specs|[silent]|[from] move: Trick
|
|upkeep
|turn|19
|
|t:|1779565055
|switch|p2a: Ogerpon|Ogerpon-Cornerstone, F|51/100
|move|p1a: Wo Chienuenly|Giga Drain|p2a: Ogerpon
|-crit|p2a: Ogerpon
|-damage|p2a: Ogerpon|0 fnt
|faint|p2a: Ogerpon
|
|upkeep
|-message|LaportaPotty forfeited.
|
|win|Twisted Divinity
|raw|Twisted Divinity's rating: 1413 &rarr; <strong>1430</strong><br />(+17 for winning)
|raw|LaportaPotty's rating: 1365 &rarr; <strong>1348</strong><br />(-17 for losing)
|l|☆LaportaPotty
|player|p2|
