|j|☆imagine fairies
|j|☆TurtleKDM
|t:|1779719289
|gametype|singles
|player|p1|imagine fairies|bianca|1311
|player|p2|TurtleKDM|101|1389
|gen|9
|tier|[Gen 9] OU
|rated|
|rule|HP Percentage Mod: HP is shown in percentages
|rule|Endless Battle Clause: Forcing endless battles is banned
|rule|Species Clause: Limit one of each Pokémon
|rule|OHKO Clause: OHKO moves are banned
|rule|Evasion Items Clause: Evasion items are banned
|rule|Evasion Moves Clause: Evasion moves are banned
|rule|Evasion Abilities Clause: Evasion abilities are banned
|rule|Sleep Moves Clause: Sleep-inducing moves are banned
|clearpoke
|poke|p1|Tyranitar, F|
|poke|p1|Dragapult, F|
|poke|p1|Ting-Lu|
|poke|p1|Cinderace, F|
|poke|p1|Hatterene, F|
|poke|p1|Dragonite, M|
|poke|p2|Weezing-Galar, F|
|poke|p2|Glimmora, F|
|poke|p2|Tornadus-Therian, M|
|poke|p2|Latios, M|
|poke|p2|Tauros-Paldea-Aqua, M|
|poke|p2|Alomomola, M|
|teampreview
|
|t:|1779719298
|teamsize|p1|6
|teamsize|p2|6
|start
|switch|p1a: Dragapult|Dragapult, F|100/100
|switch|p2a: No Bull|Tauros-Paldea-Aqua, M|100/100
|-ability|p2a: No Bull|Intimidate|boost
|-unboost|p1a: Dragapult|atk|1
|turn|1
|
|t:|1779719320
|switch|p2a: MoLove|Alomomola, M|100/100
|move|p1a: Dragapult|Shadow Ball|p2a: MoLove
|-damage|p2a: MoLove|66/100
|-unboost|p2a: MoLove|spd|1
|
|-heal|p2a: MoLove|72/100|[from] item: Leftovers
|upkeep
|turn|2
|
|t:|1779719354
|move|p1a: Dragapult|Shadow Ball|p2a: MoLove
|-damage|p2a: MoLove|16/100
|move|p2a: MoLove|Flip Turn|p1a: Dragapult
|-resisted|p1a: Dragapult
|-damage|p1a: Dragapult|90/100
|
|t:|1779719370
|switch|p2a: Storm Eye|Tornadus-Therian, M|100/100|[from] Flip Turn
|
|upkeep
|turn|3
|
|t:|1779719392
|move|p1a: Dragapult|Shadow Ball|p2a: Storm Eye
|-damage|p2a: Storm Eye|37/100
|move|p2a: Storm Eye|Knock Off|p1a: Dragapult
|-supereffective|p1a: Dragapult
|-damage|p1a: Dragapult|17/100
|-enditem|p1a: Dragapult|Choice Specs|[from] move: Knock Off|[of] p2a: Storm Eye
|-damage|p2a: Storm Eye|28/100|[from] item: Life Orb
|
|upkeep
|turn|4
|
|t:|1779719406
|switch|p2a: MoLove|Alomomola, M|50/100
|move|p1a: Dragapult|Shadow Ball|p2a: MoLove
|-damage|p2a: MoLove|25/100
|
|-heal|p2a: MoLove|31/100|[from] item: Leftovers
|upkeep
|turn|5
|
|t:|1779719412
|move|p1a: Dragapult|Draco Meteor|p2a: MoLove
|-damage|p2a: MoLove|0 fnt
|-unboost|p1a: Dragapult|spa|2
|faint|p2a: MoLove
|
|upkeep
|
|t:|1779719424
|switch|p2a: No Bull|Tauros-Paldea-Aqua, M|100/100
|-ability|p2a: No Bull|Intimidate|boost
|-unboost|p1a: Dragapult|atk|1
|turn|6
|
|t:|1779719433
|move|p2a: No Bull|Aqua Jet|p1a: Dragapult
|-resisted|p1a: Dragapult
|-damage|p1a: Dragapult|0 fnt
|faint|p1a: Dragapult
|
|upkeep
|
|t:|1779719440
|switch|p1a: Hatterene|Hatterene, F|100/100
|turn|7
|
|t:|1779719446
|switch|p2a: WatchYourJet|Latios, M|100/100
|move|p1a: Hatterene|Psychic Noise|p2a: WatchYourJet
|-resisted|p2a: WatchYourJet
|-damage|p2a: WatchYourJet|83/100
|-start|p2a: WatchYourJet|move: Heal Block
|
|upkeep
|turn|8
|inactive|Battle timer is ON: inactive players will automatically lose when time's up. (requested by TurtleKDM)
|
|t:|1779719456
|move|p2a: WatchYourJet|Flip Turn|p1a: Hatterene
|-damage|p1a: Hatterene|90/100
|
|t:|1779719459
|switch|p2a: Fidget Spinner|Glimmora, F|100/100|[from] Flip Turn
|move|p1a: Hatterene|Psychic Noise|p2a: Fidget Spinner
|-supereffective|p2a: Fidget Spinner
|-damage|p2a: Fidget Spinner|11/100
|-start|p2a: Fidget Spinner|move: Heal Block
|
|-heal|p1a: Hatterene|96/100|[from] item: Leftovers
|upkeep
|turn|9
|
|t:|1779719483
|switch|p1a: Cinderace|Cinderace, F|100/100
|move|p2a: Fidget Spinner|Meteor Beam||[still]
|-prepare|p2a: Fidget Spinner|Meteor Beam
|-boost|p2a: Fidget Spinner|spa|1
|-enditem|p2a: Fidget Spinner|Power Herb
|-anim|p2a: Fidget Spinner|Meteor Beam|p1a: Cinderace
|-supereffective|p1a: Cinderace
|-damage|p1a: Cinderace|0 fnt
|faint|p1a: Cinderace
|
|-end|p2a: Fidget Spinner|move: Heal Block
|upkeep
|
|t:|1779719492
|switch|p1a: Dragonite|Dragonite, M|100/100
|turn|10
|
|t:|1779719497
|move|p2a: Fidget Spinner|Mortal Spin|p1a: Dragonite
|-damage|p1a: Dragonite|98/100
|-status|p1a: Dragonite|psn
|move|p1a: Dragonite|Earthquake|p2a: Fidget Spinner
|-supereffective|p2a: Fidget Spinner
|-damage|p2a: Fidget Spinner|0 fnt
|-activate|p2a: Fidget Spinner|ability: Toxic Debris
|-sidestart|p1: imagine fairies|move: Toxic Spikes
|faint|p2a: Fidget Spinner
|
|-damage|p1a: Dragonite|85/100 psn|[from] psn
|upkeep
|
|t:|1779719510
|switch|p2a: WatchYourJet|Latios, M|83/100
|turn|11
|
|t:|1779719524
|move|p1a: Dragonite|Extreme Speed|p2a: WatchYourJet
|-crit|p2a: WatchYourJet
|-damage|p2a: WatchYourJet|13/100
|move|p2a: WatchYourJet|Draco Meteor|p1a: Dragonite
|-supereffective|p1a: Dragonite
|-damage|p1a: Dragonite|0 fnt
|-unboost|p2a: WatchYourJet|spa|2
|faint|p1a: Dragonite
|
|upkeep
|
|t:|1779719533
|switch|p1a: Hatterene|Hatterene, F|96/100
|-status|p1a: Hatterene|psn
|turn|12
|
|t:|1779719555
|switch|p2a: Storm Eye|Tornadus-Therian, M|61/100
|move|p1a: Hatterene|Calm Mind|p1a: Hatterene
|-boost|p1a: Hatterene|spa|1
|-boost|p1a: Hatterene|spd|1
|
|-heal|p1a: Hatterene|100/100 psn|[from] item: Leftovers
|-damage|p1a: Hatterene|88/100 psn|[from] psn
|upkeep
|turn|13
|
|t:|1779719565
|move|p2a: Storm Eye|Knock Off|p1a: Hatterene
|-damage|p1a: Hatterene|65/100 psn
|-enditem|p1a: Hatterene|Leftovers|[from] move: Knock Off|[of] p2a: Storm Eye
|-damage|p2a: Storm Eye|51/100|[from] item: Life Orb
|move|p1a: Hatterene|Draining Kiss|p2a: Storm Eye
|-damage|p2a: Storm Eye|7/100
|-heal|p1a: Hatterene|96/100 psn|[from] drain|[of] p2a: Storm Eye
|
|-damage|p1a: Hatterene|84/100 psn|[from] psn
|upkeep
|turn|14
|inactive|TurtleKDM has 120 seconds left.
|
|t:|1779719610
|move|p2a: Storm Eye|Bleakwind Storm|p1a: Hatterene
|-damage|p1a: Hatterene|42/100 psn
|-unboost|p1a: Hatterene|spe|1
|-damage|p2a: Storm Eye|0 fnt|[from] item: Life Orb
|faint|p2a: Storm Eye
|move|p1a: Hatterene|Draining Kiss|p2: Storm Eye|[notarget]
|-fail|p1a: Hatterene
|
|-damage|p1a: Hatterene|29/100 psn|[from] psn
|upkeep
|inactive|TurtleKDM has 90 seconds left.
|
|t:|1779719624
|switch|p2a: No Bull|Tauros-Paldea-Aqua, M|100/100
|-ability|p2a: No Bull|Intimidate|boost
|-unboost|p1a: Hatterene|atk|1
|turn|15
|
|t:|1779719628
|-terastallize|p2a: No Bull|Water
|-terastallize|p1a: Hatterene|Water
|move|p2a: No Bull|Wave Crash|p1a: Hatterene
|-resisted|p1a: Hatterene
|-damage|p1a: Hatterene|0 fnt
|faint|p1a: Hatterene
|-damage|p2a: No Bull|90/100|[from] Recoil
|
|upkeep
|
|t:|1779719636
|switch|p1a: Ting-Lu|Ting-Lu|100/100
|-status|p1a: Ting-Lu|psn
|-ability|p1a: Ting-Lu|Vessel of Ruin
|turn|16
|
|t:|1779719645
|move|p2a: No Bull|Wave Crash|p1a: Ting-Lu
|-supereffective|p1a: Ting-Lu
|-damage|p1a: Ting-Lu|0 fnt
|faint|p1a: Ting-Lu
|-damage|p2a: No Bull|32/100|[from] Recoil
|
|upkeep
|-message|imagine fairies forfeited.
|
|win|TurtleKDM
|raw|imagine fairies's rating: 1311 &rarr; <strong>1295</strong><br />(-16 for losing)
|raw|TurtleKDM's rating: 1389 &rarr; <strong>1405</strong><br />(+16 for winning)
|l|☆imagine fairies
|player|p1|
|l|☆TurtleKDM
|player|p2|
