|j|☆whisperingcloth
|j|☆smokesniper3
|t:|1779684586
|gametype|singles
|player|p1|whisperingcloth|169|1633
|player|p2|smokesniper3|veteran|1625
|gen|9
|tier|[Gen 9] OU
|rated|
|rule|HP Percentage Mod: HP is shown in percentages
|rule|Endless Battle Clause: Forcing endless battles is banned
|rule|Species Clause: Limit one of each Pokémon
|rule|OHKO Clause: OHKO moves are banned
|rule|Evasion Items Clause: Evasion items are banned
|rule|Evasion Moves Clause: Evasion moves are banned
|rule|Evasion Abilities Clause: Evasion abilities are banned
|rule|Sleep Moves Clause: Sleep-inducing moves are banned
|clearpoke
|poke|p1|Scizor, F|
|poke|p1|Deoxys-Speed|
|poke|p1|Garganacl, F|
|poke|p1|Kyurem|
|poke|p1|Great Tusk|
|poke|p1|Zapdos|
|poke|p2|Gardevoir, F|
|poke|p2|Rillaboom, F|
|poke|p2|Hawlucha, M|
|poke|p2|Iron Moth|
|poke|p2|Landorus-Therian, M|
|poke|p2|Kingambit, F|
|teampreview
|inactive|Battle timer is ON: inactive players will automatically lose when time's up. (requested by whisperingcloth)
|
|t:|1779684601
|teamsize|p1|6
|teamsize|p2|6
|start
|switch|p1a: Zapdos|Zapdos|100/100
|switch|p2a: Landorus|Landorus-Therian, M|100/100
|-ability|p2a: Landorus|Intimidate|boost
|-unboost|p1a: Zapdos|atk|1
|turn|1
|
|t:|1779684605
|move|p2a: Landorus|Stealth Rock|p1a: Zapdos
|-sidestart|p1: whisperingcloth|move: Stealth Rock
|move|p1a: Zapdos|Hurricane|p2a: Landorus
|-damage|p2a: Landorus|44/100
|
|upkeep
|turn|2
|
|t:|1779684613
|move|p2a: Landorus|U-turn|p1a: Zapdos
|-resisted|p1a: Zapdos
|-damage|p1a: Zapdos|93/100
|-status|p2a: Landorus|par|[from] ability: Static|[of] p1a: Zapdos
|
|t:|1779684627
|switch|p2a: Kingambitch|Kingambit, F|100/100|[from] U-turn
|move|p1a: Zapdos|Hurricane|p2a: Kingambitch
|-resisted|p2a: Kingambitch
|-damage|p2a: Kingambitch|76/100
|
|upkeep
|turn|3
|
|t:|1779684637
|-end|p2a: Kingambitch|fallenundefined|[silent]
|switch|p2a: Landorus|Landorus-Therian, M|44/100 par
|-ability|p2a: Landorus|Intimidate|boost
|-unboost|p1a: Zapdos|atk|1
|move|p1a: Zapdos|Volt Switch|p2a: Landorus
|-immune|p2a: Landorus
|
|upkeep
|turn|4
|
|t:|1779684642
|move|p1a: Zapdos|Hurricane|p2a: Landorus
|-crit|p2a: Landorus
|-damage|p2a: Landorus|0 fnt
|faint|p2a: Landorus
|
|upkeep
|
|t:|1779684667
|switch|p2a: Rhapsodie|Gardevoir, F, shiny|100/100
|-ability|p2a: Rhapsodie|Static|Trace|[from] ability: Trace|[of] p1a: Zapdos
|turn|5
|
|t:|1779684673
|switch|p1a: Garganacl|Garganacl, F|100/100
|-damage|p1a: Garganacl|88/100|[from] Stealth Rock
|move|p2a: Rhapsodie|Calm Mind|p2a: Rhapsodie
|-boost|p2a: Rhapsodie|spa|1
|-boost|p2a: Rhapsodie|spd|1
|
|-heal|p1a: Garganacl|94/100|[from] item: Leftovers
|upkeep
|turn|6
|j| zyqq6
|
|t:|1779684681
|switch|p2a: Rillaboom|Rillaboom, F|100/100
|-fieldstart|move: Grassy Terrain|[from] ability: Grassy Surge|[of] p2a: Rillaboom
|move|p1a: Garganacl|Salt Cure|p2a: Rillaboom
|-damage|p2a: Rillaboom|88/100
|-start|p2a: Rillaboom|Salt Cure
|
|-heal|p2a: Rillaboom|94/100|[from] Grassy Terrain
|-heal|p1a: Garganacl|100/100|[from] Grassy Terrain
|-damage|p2a: Rillaboom|81/100|[from] Salt Cure
|upkeep
|turn|7
|
|t:|1779684689
|switch|p1a: Zapdos|Zapdos|93/100
|move|p2a: Rillaboom|Knock Off|p1a: Zapdos
|-crit|p1a: Zapdos
|-damage|p1a: Zapdos|53/100
|-status|p2a: Rillaboom|par|[from] ability: Static|[of] p1a: Zapdos
|-enditem|p1a: Zapdos|Heavy-Duty Boots|[from] move: Knock Off|[of] p2a: Rillaboom
|
|-heal|p2a: Rillaboom|87/100 par|[from] Grassy Terrain
|-damage|p2a: Rillaboom|75/100 par|[from] Salt Cure
|upkeep
|turn|8
|
|t:|1779684696
|move|p1a: Zapdos|Roost|p1a: Zapdos
|-heal|p1a: Zapdos|100/100
|-singleturn|p1a: Zapdos|move: Roost
|move|p2a: Rillaboom|U-turn|p1a: Zapdos
|-damage|p1a: Zapdos|81/100
|
|t:|1779684702
|switch|p2a: Rhapsodie|Gardevoir, F, shiny|100/100|[from] U-turn
|-ability|p2a: Rhapsodie|Static|Trace|[from] ability: Trace|[of] p1a: Zapdos
|-enditem|p2a: Rhapsodie|Grassy Seed
|-boost|p2a: Rhapsodie|def|1|[from] item: Grassy Seed
|
|-heal|p1a: Zapdos|87/100|[from] Grassy Terrain
|upkeep
|turn|9
|
|t:|1779684710
|move|p2a: Rhapsodie|Calm Mind|p2a: Rhapsodie
|-boost|p2a: Rhapsodie|spa|1
|-boost|p2a: Rhapsodie|spd|1
|move|p1a: Zapdos|Volt Switch|p2a: Rhapsodie
|-damage|p2a: Rhapsodie|80/100
|
|t:|1779684713
|switch|p1a: Garganacl|Garganacl, F|100/100|[from] Volt Switch
|-damage|p1a: Garganacl|88/100|[from] Stealth Rock
|
|-heal|p2a: Rhapsodie|86/100|[from] Grassy Terrain
|-heal|p1a: Garganacl|94/100|[from] Grassy Terrain
|-heal|p1a: Garganacl|100/100|[from] item: Leftovers
|upkeep
|turn|10
|
|t:|1779684716
|move|p2a: Rhapsodie|Calm Mind|p2a: Rhapsodie
|-boost|p2a: Rhapsodie|spa|1
|-boost|p2a: Rhapsodie|spd|1
|move|p1a: Garganacl|Salt Cure|p2a: Rhapsodie
|-damage|p2a: Rhapsodie|75/100
|-start|p2a: Rhapsodie|Salt Cure
|
|-heal|p2a: Rhapsodie|81/100|[from] Grassy Terrain
|-damage|p2a: Rhapsodie|69/100|[from] Salt Cure
|-fieldend|move: Grassy Terrain
|upkeep
|turn|11
|
|t:|1779684721
|move|p2a: Rhapsodie|Calm Mind|p2a: Rhapsodie
|-boost|p2a: Rhapsodie|spa|1
|-boost|p2a: Rhapsodie|spd|1
|move|p1a: Garganacl|Salt Cure|p2a: Rhapsodie
|-damage|p2a: Rhapsodie|57/100
|
|-damage|p2a: Rhapsodie|45/100|[from] Salt Cure
|upkeep
|turn|12
|
|t:|1779684726
|move|p1a: Garganacl|Protect|p1a: Garganacl
|-singleturn|p1a: Garganacl|Protect
|move|p2a: Rhapsodie|Stored Power|p1a: Garganacl
|-activate|p1a: Garganacl|move: Protect
|
|-damage|p2a: Rhapsodie|33/100|[from] Salt Cure
|upkeep
|turn|13
|
|t:|1779684730
|move|p2a: Rhapsodie|Draining Kiss|p1a: Garganacl
|-damage|p1a: Garganacl|66/100
|-heal|p2a: Rhapsodie|67/100|[from] drain|[of] p1a: Garganacl
|move|p1a: Garganacl|Recover|p1a: Garganacl
|-heal|p1a: Garganacl|100/100
|
|-damage|p2a: Rhapsodie|55/100|[from] Salt Cure
|upkeep
|turn|14
|
|t:|1779684760
|move|p2a: Rhapsodie|Draining Kiss|p1a: Garganacl
|-damage|p1a: Garganacl|63/100
|-heal|p2a: Rhapsodie|91/100|[from] drain|[of] p1a: Garganacl
|move|p1a: Garganacl|Salt Cure|p2a: Rhapsodie
|-damage|p2a: Rhapsodie|80/100
|
|-heal|p1a: Garganacl|70/100|[from] item: Leftovers
|-damage|p2a: Rhapsodie|68/100|[from] Salt Cure
|upkeep
|turn|15
|
|t:|1779684767
|move|p2a: Rhapsodie|Calm Mind|p2a: Rhapsodie
|-boost|p2a: Rhapsodie|spa|1
|-boost|p2a: Rhapsodie|spd|1
|move|p1a: Garganacl|Stealth Rock|p2a: Rhapsodie
|-sidestart|p2: smokesniper3|move: Stealth Rock
|
|-heal|p1a: Garganacl|76/100|[from] item: Leftovers
|-damage|p2a: Rhapsodie|56/100|[from] Salt Cure
|upkeep
|turn|16
|
|t:|1779684774
|move|p2a: Rhapsodie|Draining Kiss|p1a: Garganacl
|-damage|p1a: Garganacl|34/100
|-heal|p2a: Rhapsodie|97/100|[from] drain|[of] p1a: Garganacl
|move|p1a: Garganacl|Salt Cure|p2a: Rhapsodie
|-damage|p2a: Rhapsodie|86/100
|
|-heal|p1a: Garganacl|40/100|[from] item: Leftovers
|-damage|p2a: Rhapsodie|74/100|[from] Salt Cure
|upkeep
|turn|17
|
|t:|1779684784
|move|p2a: Rhapsodie|Calm Mind|p2a: Rhapsodie
|-boost|p2a: Rhapsodie|spa|1
|-boost|p2a: Rhapsodie|spd|1
|move|p1a: Garganacl|Salt Cure|p2a: Rhapsodie
|-damage|p2a: Rhapsodie|63/100
|
|-heal|p1a: Garganacl|47/100|[from] item: Leftovers
|-damage|p2a: Rhapsodie|50/100|[from] Salt Cure
|upkeep
|turn|18
|
|t:|1779684788
|move|p2a: Rhapsodie|Draining Kiss|p1a: Garganacl
|-damage|p1a: Garganacl|0 fnt
|-heal|p2a: Rhapsodie|96/100|[from] drain|[of] p1a: Garganacl
|faint|p1a: Garganacl
|
|-damage|p2a: Rhapsodie|83/100|[from] Salt Cure
|upkeep
|
|t:|1779684811
|switch|p1a: Scizor|Scizor, F|100/100
|-damage|p1a: Scizor|88/100|[from] Stealth Rock
|turn|19
|j| testingrainteam1
|
|t:|1779684827
|-terastallize|p2a: Rhapsodie|Water
|move|p1a: Scizor|Bullet Punch|p2a: Rhapsodie
|-resisted|p2a: Rhapsodie
|-damage|p2a: Rhapsodie|63/100
|move|p2a: Rhapsodie|Stored Power|p1a: Scizor
|-resisted|p1a: Scizor
|-damage|p1a: Scizor|0 fnt
|faint|p1a: Scizor
|
|-damage|p2a: Rhapsodie|38/100|[from] Salt Cure
|upkeep
|
|t:|1779684831
|switch|p1a: Deoxys|Deoxys-Speed|100/100
|-damage|p1a: Deoxys|88/100|[from] Stealth Rock
|-ability|p1a: Deoxys|Pressure
|turn|20
|
|t:|1779684834
|-terastallize|p1a: Deoxys|Fighting
|move|p1a: Deoxys|Superpower|p2a: Rhapsodie
|-damage|p2a: Rhapsodie|0 fnt
|-unboost|p1a: Deoxys|atk|1
|-unboost|p1a: Deoxys|def|1
|faint|p2a: Rhapsodie
|-enditem|p1a: Deoxys|Eject Pack
|l| testingrainteam1
|
|t:|1779684846
|switch|p1a: Kyurem|Kyurem|100/100
|-damage|p1a: Kyurem|76/100|[from] Stealth Rock
|-ability|p1a: Kyurem|Pressure
|
|upkeep
|
|t:|1779684851
|switch|p2a: Rillaboom|Rillaboom, F|75/100 par
|-damage|p2a: Rillaboom|63/100 par|[from] Stealth Rock
|-fieldstart|move: Grassy Terrain|[from] ability: Grassy Surge|[of] p2a: Rillaboom
|turn|21
|
|t:|1779684862
|move|p1a: Kyurem|Freeze-Dry|p2a: Rillaboom
|-supereffective|p2a: Rillaboom
|-damage|p2a: Rillaboom|3/100 par
|cant|p2a: Rillaboom|par
|
|-heal|p1a: Kyurem|82/100|[from] Grassy Terrain
|-heal|p2a: Rillaboom|9/100 par|[from] Grassy Terrain
|upkeep
|turn|22
|
|t:|1779684866
|move|p1a: Kyurem|Freeze-Dry|p2a: Rillaboom
|-supereffective|p2a: Rillaboom
|-damage|p2a: Rillaboom|0 fnt
|faint|p2a: Rillaboom
|
|-heal|p1a: Kyurem|88/100|[from] Grassy Terrain
|upkeep
|
|t:|1779684884
|switch|p2a: El Contrabandista|Hawlucha, M|100/100
|-damage|p2a: El Contrabandista|88/100|[from] Stealth Rock
|-enditem|p2a: El Contrabandista|Grassy Seed
|-boost|p2a: El Contrabandista|def|1|[from] item: Grassy Seed
|turn|23
|
|t:|1779684888
|move|p2a: El Contrabandista|Swords Dance|p2a: El Contrabandista
|-boost|p2a: El Contrabandista|atk|2
|move|p1a: Kyurem|Freeze-Dry|p2a: El Contrabandista
|-supereffective|p2a: El Contrabandista
|-damage|p2a: El Contrabandista|0 fnt
|faint|p2a: El Contrabandista
|
|-heal|p1a: Kyurem|94/100|[from] Grassy Terrain
|upkeep
|j| Yeahimgoinghome
|
|t:|1779684903
|switch|p2a: Kingambitch|Kingambit, F|76/100
|-damage|p2a: Kingambitch|70/100|[from] Stealth Rock
|-activate|p2a: Kingambitch|ability: Supreme Overlord
|-start|p2a: Kingambitch|fallen4|[silent]
|turn|24
|
|t:|1779684911
|move|p1a: Kyurem|Earth Power|p2a: Kingambitch
|-supereffective|p2a: Kingambitch
|-damage|p2a: Kingambitch|16/100
|move|p2a: Kingambitch|Iron Head|p1a: Kyurem
|-supereffective|p1a: Kyurem
|-damage|p1a: Kyurem|0 fnt
|faint|p1a: Kyurem
|
|-heal|p2a: Kingambitch|22/100|[from] Grassy Terrain
|upkeep
|
|t:|1779684916
|switch|p1a: Great Tusk|Great Tusk|100/100
|turn|25
|
|t:|1779684928
|move|p2a: Kingambitch|Sucker Punch|p1a: Great Tusk
|-resisted|p1a: Great Tusk
|-damage|p1a: Great Tusk|74/100
|move|p1a: Great Tusk|Rapid Spin|p2a: Kingambitch
|-resisted|p2a: Kingambitch
|-damage|p2a: Kingambitch|15/100
|-boost|p1a: Great Tusk|spe|1
|-sideend|p1: whisperingcloth|Stealth Rock|[from] move: Rapid Spin|[of] p1a: Great Tusk
|
|-heal|p1a: Great Tusk|81/100|[from] Grassy Terrain
|-heal|p2a: Kingambitch|22/100|[from] Grassy Terrain
|-fieldend|move: Grassy Terrain
|upkeep
|turn|26
|
|t:|1779684939
|move|p1a: Great Tusk|Rapid Spin|p2a: Kingambitch
|-resisted|p2a: Kingambitch
|-damage|p2a: Kingambitch|14/100
|-boost|p1a: Great Tusk|spe|1
|move|p2a: Kingambitch|Iron Head|p1a: Great Tusk
|-damage|p1a: Great Tusk|30/100
|
|upkeep
|turn|27
|
|t:|1779684946
|move|p2a: Kingambitch|Sucker Punch|p1a: Great Tusk
|-resisted|p1a: Great Tusk
|-damage|p1a: Great Tusk|6/100
|move|p1a: Great Tusk|Headlong Rush|p2a: Kingambitch
|-supereffective|p2a: Kingambitch
|-crit|p2a: Kingambitch
|-damage|p2a: Kingambitch|0 fnt
|-unboost|p1a: Great Tusk|def|1
|-unboost|p1a: Great Tusk|spd|1
|faint|p2a: Kingambitch
|-end|p2a: Kingambitch|fallen4|[silent]
|
|upkeep
|
|t:|1779684949
|switch|p2a: Dopamine Dorito|Iron Moth|100/100
|-damage|p2a: Dopamine Dorito|76/100|[from] Stealth Rock
|-enditem|p2a: Dopamine Dorito|Booster Energy
|-activate|p2a: Dopamine Dorito|ability: Quark Drive|[fromitem]
|-start|p2a: Dopamine Dorito|quarkdrivespe
|turn|28
|
|t:|1779684960
|move|p1a: Great Tusk|Headlong Rush|p2a: Dopamine Dorito
|-supereffective|p2a: Dopamine Dorito
|-damage|p2a: Dopamine Dorito|0 fnt
|-unboost|p1a: Great Tusk|def|1
|-unboost|p1a: Great Tusk|spd|1
|faint|p2a: Dopamine Dorito
|-end|p2a: Dopamine Dorito|Quark Drive|[silent]
|
|win|whisperingcloth
|raw|whisperingcloth's rating: 1633 &rarr; <strong>1653</strong><br />(+20 for winning)
|raw|smokesniper3's rating: 1625 &rarr; <strong>1605</strong><br />(-20 for losing)
|c|☆smokesniper3|gg
|c|☆whisperingcloth|gg
|l| zyqq6
|l|☆whisperingcloth
|player|p1|
|l|☆smokesniper3
|player|p2|
|l| Yeahimgoinghome
