|j|☆DomecQbiy
|j|☆moosdenor
|t:|1779638371
|gametype|singles
|player|p1|DomecQbiy|265|1204
|player|p2|moosdenor|1|1236
|gen|9
|tier|[Gen 9] OU
|rated|
|rule|HP Percentage Mod: HP is shown in percentages
|rule|Endless Battle Clause: Forcing endless battles is banned
|rule|Species Clause: Limit one of each Pokémon
|rule|OHKO Clause: OHKO moves are banned
|rule|Evasion Items Clause: Evasion items are banned
|rule|Evasion Moves Clause: Evasion moves are banned
|rule|Evasion Abilities Clause: Evasion abilities are banned
|rule|Sleep Moves Clause: Sleep-inducing moves are banned
|clearpoke
|poke|p1|Corviknight, F|
|poke|p1|Heatran, M|
|poke|p1|Garchomp, M|
|poke|p1|Dragapult, F|
|poke|p1|Raikou|
|poke|p1|Tropius, F|
|poke|p2|Great Tusk|
|poke|p2|Rillaboom, M|
|poke|p2|Meowscarada, M|
|poke|p2|Gliscor, F|
|poke|p2|Ogerpon-Wellspring, F|
|poke|p2|Iron Valiant|
|teampreview
|inactive|Battle timer is ON: inactive players will automatically lose when time's up. (requested by moosdenor)
|
|t:|1779638390
|teamsize|p1|6
|teamsize|p2|6
|start
|switch|p1a: Garchomp|Garchomp, M|100/100
|switch|p2a: Gliscor|Gliscor, F|100/100
|turn|1
|
|t:|1779638402
|move|p1a: Garchomp|Stealth Rock|p2a: Gliscor
|-sidestart|p2: moosdenor|move: Stealth Rock
|move|p2a: Gliscor|Toxic|p1a: Garchomp
|-status|p1a: Garchomp|tox
|
|-damage|p1a: Garchomp|94/100 tox|[from] psn
|-status|p2a: Gliscor|tox|[from] item: Toxic Orb
|upkeep
|turn|2
|
|t:|1779638412
|move|p1a: Garchomp|Spikes|p2a: Gliscor
|-sidestart|p2: moosdenor|Spikes
|move|p2a: Gliscor|Earthquake|p1a: Garchomp
|-damage|p1a: Garchomp|69/100 tox
|
|-damage|p1a: Garchomp|56/100 tox|[from] psn
|upkeep
|turn|3
|
|t:|1779638422
|move|p2a: Gliscor|Protect|p2a: Gliscor
|-singleturn|p2a: Gliscor|Protect
|move|p1a: Garchomp|Stone Edge|p2a: Gliscor
|-activate|p2a: Gliscor|move: Protect
|
|-damage|p1a: Garchomp|38/100 tox|[from] psn
|upkeep
|turn|4
|
|t:|1779638430
|move|p1a: Garchomp|Stone Edge|p2a: Gliscor
|-damage|p2a: Gliscor|78/100 tox
|move|p2a: Gliscor|Earthquake|p1a: Garchomp
|-damage|p1a: Garchomp|10/100 tox
|
|-damage|p1a: Garchomp|0 fnt|[from] psn
|faint|p1a: Garchomp
|-heal|p2a: Gliscor|91/100 tox|[from] ability: Poison Heal
|upkeep
|
|t:|1779638445
|switch|p1a: Raikou|Raikou|100/100
|-item|p1a: Raikou|Air Balloon
|turn|5
|
|t:|1779638470
|move|p1a: Raikou|Scald|p2a: Gliscor
|-supereffective|p2a: Gliscor
|-damage|p2a: Gliscor|18/100 tox
|move|p2a: Gliscor|Toxic|p1a: Raikou
|-status|p1a: Raikou|tox
|
|-damage|p1a: Raikou|94/100 tox|[from] psn
|-heal|p2a: Gliscor|30/100 tox|[from] ability: Poison Heal
|upkeep
|turn|6
|
|t:|1779638485
|switch|p2a: Meowscarada|Meowscarada, M|100/100
|-damage|p2a: Meowscarada|88/100|[from] Stealth Rock
|-damage|p2a: Meowscarada|76/100|[from] Spikes
|move|p1a: Raikou|Calm Mind|p1a: Raikou
|-boost|p1a: Raikou|spa|1
|-boost|p1a: Raikou|spd|1
|
|-damage|p1a: Raikou|82/100 tox|[from] psn
|upkeep
|turn|7
|
|t:|1779638498
|move|p2a: Meowscarada|Triple Axel|p1a: Raikou
|-start|p2a: Meowscarada|typechange|Ice|[from] ability: Protean
|-damage|p1a: Raikou|61/100 tox
|-enditem|p1a: Raikou|Air Balloon
|-damage|p1a: Raikou|26/100 tox
|-damage|p1a: Raikou|0 fnt
|faint|p1a: Raikou
|-hitcount|p1: Raikou|3
|
|upkeep
|
|t:|1779638513
|switch|p1a: Heatran|Heatran, M|100/100
|turn|8
|
|t:|1779638525
|move|p2a: Meowscarada|Triple Axel|p1a: Heatran
|-resisted|p1a: Heatran
|-damage|p1a: Heatran|97/100
|-resisted|p1a: Heatran
|-damage|p1a: Heatran|91/100
|-resisted|p1a: Heatran
|-damage|p1a: Heatran|80/100
|-hitcount|p1a: Heatran|3
|move|p1a: Heatran|Flash Cannon|p2a: Meowscarada
|-supereffective|p2a: Meowscarada
|-damage|p2a: Meowscarada|0 fnt
|faint|p2a: Meowscarada
|
|upkeep
|
|t:|1779638537
|switch|p2a: Gliscor|Gliscor, F|30/100 tox
|-damage|p2a: Gliscor|18/100 tox|[from] Stealth Rock
|turn|9
|
|t:|1779638543
|move|p2a: Gliscor|Protect|p2a: Gliscor
|-singleturn|p2a: Gliscor|Protect
|move|p1a: Heatran|Flash Cannon|p2a: Gliscor
|-activate|p2a: Gliscor|move: Protect
|
|-heal|p2a: Gliscor|30/100 tox|[from] ability: Poison Heal
|upkeep
|turn|10
|
|t:|1779638551
|move|p1a: Heatran|Flash Cannon|p2a: Gliscor
|-damage|p2a: Gliscor|0 fnt
|faint|p2a: Gliscor
|
|upkeep
|
|t:|1779638568
|switch|p2a: Ogerpon|Ogerpon-Wellspring, F|100/100
|-damage|p2a: Ogerpon|88/100|[from] Stealth Rock
|-damage|p2a: Ogerpon|76/100|[from] Spikes
|turn|11
|
|t:|1779638594
|move|p1a: Heatran|Flash Cannon|p2a: Ogerpon
|-resisted|p2a: Ogerpon
|-damage|p2a: Ogerpon|49/100
|move|p2a: Ogerpon|Swords Dance|p2a: Ogerpon
|-boost|p2a: Ogerpon|atk|2
|
|upkeep
|turn|12
|
|t:|1779638601
|move|p1a: Heatran|Flash Cannon|p2a: Ogerpon
|-resisted|p2a: Ogerpon
|-damage|p2a: Ogerpon|25/100
|move|p2a: Ogerpon|Ivy Cudgel|p1a: Heatran|[anim] Ivy Cudgel Water
|-supereffective|p1a: Heatran
|-damage|p1a: Heatran|0 fnt
|faint|p1a: Heatran
|
|upkeep
|
|t:|1779638610
|switch|p1a: Dragapult|Dragapult, F|100/100
|turn|13
|
|t:|1779638635
|move|p2a: Ogerpon|Spiky Shield|p2a: Ogerpon
|-singleturn|p2a: Ogerpon|move: Protect
|move|p1a: Dragapult|Dragon Darts|p2a: Ogerpon
|-activate|p2a: Ogerpon|move: Protect
|
|upkeep
|turn|14
|
|t:|1779638645
|switch|p2a: Iron Valiant|Iron Valiant|100/100
|-damage|p2a: Iron Valiant|94/100|[from] Stealth Rock
|-damage|p2a: Iron Valiant|82/100|[from] Spikes
|-enditem|p2a: Iron Valiant|Booster Energy
|-activate|p2a: Iron Valiant|ability: Quark Drive|[fromitem]
|-start|p2a: Iron Valiant|quarkdrivespe
|move|p1a: Dragapult|U-turn|p2a: Iron Valiant
|-resisted|p2a: Iron Valiant
|-crit|p2a: Iron Valiant
|-damage|p2a: Iron Valiant|69/100
|
|t:|1779638661
|switch|p1a: Tropius|Tropius, F, shiny|100/100|[from] U-turn
|
|upkeep
|turn|15
|
|t:|1779638668
|move|p2a: Iron Valiant|Moonblast|p1a: Tropius
|-damage|p1a: Tropius|74/100
|move|p1a: Tropius|Leech Seed|p2a: Iron Valiant
|-start|p2a: Iron Valiant|move: Leech Seed
|
|-damage|p2a: Iron Valiant|57/100|[from] Leech Seed|[of] p1a: Tropius
|-heal|p1a: Tropius|83/100|[silent]
|upkeep
|turn|16
|
|t:|1779638678
|move|p1a: Tropius|Protect|p1a: Tropius
|-singleturn|p1a: Tropius|Protect
|move|p2a: Iron Valiant|Moonblast|p1a: Tropius
|-activate|p1a: Tropius|move: Protect
|
|-damage|p2a: Iron Valiant|44/100|[from] Leech Seed|[of] p1a: Tropius
|-heal|p1a: Tropius|92/100|[silent]
|upkeep
|turn|17
|
|t:|1779638689
|move|p2a: Iron Valiant|Knock Off|p1a: Tropius
|-damage|p1a: Tropius|57/100
|-enditem|p1a: Tropius|Sitrus Berry|[from] move: Knock Off|[of] p2a: Iron Valiant
|move|p1a: Tropius|Substitute|p1a: Tropius
|-start|p1a: Tropius|Substitute
|-damage|p1a: Tropius|32/100
|
|-damage|p2a: Iron Valiant|32/100|[from] Leech Seed|[of] p1a: Tropius
|-heal|p1a: Tropius|41/100|[silent]
|upkeep
|turn|18
|
|t:|1779638700
|move|p1a: Tropius|Protect|p1a: Tropius
|-singleturn|p1a: Tropius|Protect
|move|p2a: Iron Valiant|Destiny Bond|p2a: Iron Valiant
|-singlemove|p2a: Iron Valiant|Destiny Bond
|
|-damage|p2a: Iron Valiant|20/100|[from] Leech Seed|[of] p1a: Tropius
|-heal|p1a: Tropius|50/100|[silent]
|upkeep
|turn|19
|
|t:|1779638712
|move|p2a: Iron Valiant|Knock Off|p1a: Tropius
|-activate|p1a: Tropius|move: Substitute|[damage]
|move|p1a: Tropius|Leech Seed||[still]
|-fail|p1a: Tropius
|
|-damage|p2a: Iron Valiant|7/100|[from] Leech Seed|[of] p1a: Tropius
|-heal|p1a: Tropius|59/100|[silent]
|upkeep
|turn|20
|
|t:|1779638721
|move|p1a: Tropius|Protect|p1a: Tropius
|-singleturn|p1a: Tropius|Protect
|move|p2a: Iron Valiant|Destiny Bond|p2a: Iron Valiant
|-singlemove|p2a: Iron Valiant|Destiny Bond
|
|-damage|p2a: Iron Valiant|0 fnt|[from] Leech Seed|[of] p1a: Tropius
|-heal|p1a: Tropius|64/100|[silent]
|faint|p2a: Iron Valiant
|-end|p2a: Iron Valiant|Quark Drive|[silent]
|upkeep
|
|t:|1779638724
|switch|p2a: Great Tusk|Great Tusk|100/100
|-damage|p2a: Great Tusk|98/100|[from] Stealth Rock
|-damage|p2a: Great Tusk|85/100|[from] Spikes
|-enditem|p2a: Great Tusk|Booster Energy
|-activate|p2a: Great Tusk|ability: Protosynthesis|[fromitem]
|-start|p2a: Great Tusk|protosynthesisatk
|turn|21
|
|t:|1779638737
|move|p2a: Great Tusk|Rapid Spin|p1a: Tropius
|-end|p1a: Tropius|Substitute
|-sideend|p2: moosdenor|Spikes|[from] move: Rapid Spin|[of] p2a: Great Tusk
|-sideend|p2: moosdenor|Stealth Rock|[from] move: Rapid Spin|[of] p2a: Great Tusk
|-boost|p2a: Great Tusk|spe|1
|move|p1a: Tropius|Leech Seed|p2a: Great Tusk
|-start|p2a: Great Tusk|move: Leech Seed
|
|-damage|p2a: Great Tusk|73/100|[from] Leech Seed|[of] p1a: Tropius
|-heal|p1a: Tropius|76/100|[silent]
|upkeep
|turn|22
|
|t:|1779638754
|-end|p2a: Great Tusk|Protosynthesis|[silent]
|switch|p2a: Rillaboom|Rillaboom, M|100/100
|-fieldstart|move: Grassy Terrain|[from] ability: Grassy Surge|[of] p2a: Rillaboom
|move|p1a: Tropius|Leech Seed|p2a: Rillaboom
|-immune|p2a: Rillaboom
|
|upkeep
|turn|23
|
|t:|1779638766
|move|p1a: Tropius|Protect|p1a: Tropius
|-singleturn|p1a: Tropius|Protect
|move|p2a: Rillaboom|Knock Off|p1a: Tropius
|-activate|p1a: Tropius|move: Protect
|
|upkeep
|turn|24
|
|t:|1779638779
|move|p2a: Rillaboom|Knock Off|p1a: Tropius
|-damage|p1a: Tropius|53/100
|move|p1a: Tropius|Roar|p2a: Rillaboom
|drag|p2a: Ogerpon|Ogerpon-Wellspring, F|25/100
|
|-heal|p2a: Ogerpon|31/100|[from] Grassy Terrain
|upkeep
|turn|25
|
|t:|1779638789
|move|p2a: Ogerpon|Spiky Shield|p2a: Ogerpon
|-singleturn|p2a: Ogerpon|move: Protect
|move|p1a: Tropius|Leech Seed|p2a: Ogerpon
|-activate|p2a: Ogerpon|move: Protect
|
|-heal|p2a: Ogerpon|37/100|[from] Grassy Terrain
|upkeep
|turn|26
|
|t:|1779638802
|move|p2a: Ogerpon|Horn Leech|p1a: Tropius
|-resisted|p1a: Tropius
|-damage|p1a: Tropius|39/100
|-heal|p2a: Ogerpon|46/100|[from] drain|[of] p1a: Tropius
|move|p1a: Tropius|Leech Seed|p2a: Ogerpon
|-immune|p2a: Ogerpon
|
|-heal|p2a: Ogerpon|52/100|[from] Grassy Terrain
|-fieldend|move: Grassy Terrain
|upkeep
|turn|27
|
|t:|1779638817
|switch|p2a: Rillaboom|Rillaboom, M|100/100
|-fieldstart|move: Grassy Terrain|[from] ability: Grassy Surge|[of] p2a: Rillaboom
|switch|p1a: Dragapult|Dragapult, F|100/100
|
|upkeep
|turn|28
|
|t:|1779638828
|move|p1a: Dragapult|U-turn|p2a: Rillaboom
|-supereffective|p2a: Rillaboom
|-damage|p2a: Rillaboom|45/100
|
|t:|1779638833
|switch|p1a: Tropius|Tropius, F, shiny|39/100|[from] U-turn
|move|p2a: Rillaboom|Knock Off|p1a: Tropius
|-damage|p1a: Tropius|19/100
|
|-heal|p2a: Rillaboom|51/100|[from] Grassy Terrain
|upkeep
|turn|29
|
|t:|1779638844
|switch|p2a: Ogerpon|Ogerpon-Wellspring, F|52/100
|move|p1a: Tropius|Roar|p2a: Ogerpon
|drag|p2a: Rillaboom|Rillaboom, M|51/100
|
|-heal|p2a: Rillaboom|57/100|[from] Grassy Terrain
|upkeep
|turn|30
|
|t:|1779638860
|switch|p2a: Ogerpon|Ogerpon-Wellspring, F|52/100
|move|p1a: Tropius|Protect||[still]
|-fail|p1a: Tropius
|
|-heal|p2a: Ogerpon|58/100|[from] Grassy Terrain
|upkeep
|turn|31
|
|t:|1779638868
|switch|p1a: Dragapult|Dragapult, F|100/100
|move|p2a: Ogerpon|Horn Leech|p1a: Dragapult
|-resisted|p1a: Dragapult
|-damage|p1a: Dragapult|59/100
|-heal|p2a: Ogerpon|80/100|[from] drain|[of] p1a: Dragapult
|
|-heal|p1a: Dragapult|65/100|[from] Grassy Terrain
|-heal|p2a: Ogerpon|86/100|[from] Grassy Terrain
|-fieldend|move: Grassy Terrain
|upkeep
|turn|32
|
|t:|1779638881
|switch|p2a: Rillaboom|Rillaboom, M|57/100
|-fieldstart|move: Grassy Terrain|[from] ability: Grassy Surge|[of] p2a: Rillaboom
|move|p1a: Dragapult|U-turn|p2a: Rillaboom
|-supereffective|p2a: Rillaboom
|-damage|p2a: Rillaboom|5/100
|
|t:|1779638888
|switch|p1a: Tropius|Tropius, F, shiny|19/100|[from] U-turn
|
|-heal|p2a: Rillaboom|12/100|[from] Grassy Terrain
|upkeep
|turn|33
|
|t:|1779638892
|switch|p2a: Ogerpon|Ogerpon-Wellspring, F|86/100
|switch|p1a: Corviknight|Corviknight, F, shiny|100/100
|-ability|p1a: Corviknight|Pressure
|
|-heal|p2a: Ogerpon|92/100|[from] Grassy Terrain
|upkeep
|turn|34
|
|t:|1779638903
|move|p2a: Ogerpon|Ivy Cudgel|p1a: Corviknight|[anim] Ivy Cudgel Water
|-damage|p1a: Corviknight|63/100
|move|p1a: Corviknight|Iron Defense|p1a: Corviknight
|-boost|p1a: Corviknight|def|2
|
|-heal|p2a: Ogerpon|98/100|[from] Grassy Terrain
|upkeep
|turn|35
|
|t:|1779638915
|move|p2a: Ogerpon|Swords Dance|p2a: Ogerpon
|-boost|p2a: Ogerpon|atk|2
|move|p1a: Corviknight|Iron Defense|p1a: Corviknight
|-boost|p1a: Corviknight|def|2
|
|-heal|p2a: Ogerpon|100/100|[from] Grassy Terrain
|upkeep
|turn|36
|
|t:|1779638923
|move|p2a: Ogerpon|Swords Dance|p2a: Ogerpon
|-boost|p2a: Ogerpon|atk|2
|move|p1a: Corviknight|Roost|p1a: Corviknight
|-heal|p1a: Corviknight|100/100
|-singleturn|p1a: Corviknight|move: Roost
|
|-fieldend|move: Grassy Terrain
|upkeep
|turn|37
|
|t:|1779638940
|-terastallize|p1a: Corviknight|Flying
|move|p2a: Ogerpon|Horn Leech|p1a: Corviknight
|-resisted|p1a: Corviknight
|-damage|p1a: Corviknight|87/100
|-damage|p2a: Ogerpon|84/100|[from] item: Rocky Helmet|[of] p1a: Corviknight
|move|p1a: Corviknight|Body Press|p2a: Ogerpon
|-damage|p2a: Ogerpon|0 fnt
|faint|p2a: Ogerpon
|
|upkeep
|
|t:|1779638947
|switch|p2a: Great Tusk|Great Tusk|73/100
|turn|38
|
|t:|1779638964
|move|p2a: Great Tusk|Knock Off|p1a: Corviknight
|-damage|p1a: Corviknight|79/100
|-damage|p2a: Great Tusk|56/100|[from] item: Rocky Helmet|[of] p1a: Corviknight
|-enditem|p1a: Corviknight|Rocky Helmet|[from] move: Knock Off|[of] p2a: Great Tusk
|move|p1a: Corviknight|Body Press|p2a: Great Tusk
|-damage|p2a: Great Tusk|1/100
|
|upkeep
|turn|39
|
|t:|1779638977
|move|p2a: Great Tusk|Close Combat|p1a: Corviknight
|-resisted|p1a: Corviknight
|-damage|p1a: Corviknight|72/100
|-unboost|p2a: Great Tusk|def|1
|-unboost|p2a: Great Tusk|spd|1
|move|p1a: Corviknight|Body Press|p2a: Great Tusk
|-damage|p2a: Great Tusk|0 fnt
|faint|p2a: Great Tusk
|-end|p2a: Great Tusk|Protosynthesis|[silent]
|
|upkeep
|
|t:|1779638980
|switch|p2a: Rillaboom|Rillaboom, M|12/100
|-fieldstart|move: Grassy Terrain|[from] ability: Grassy Surge|[of] p2a: Rillaboom
|turn|40
|
|t:|1779638990
|move|p2a: Rillaboom|Wood Hammer|p1a: Corviknight
|-resisted|p1a: Corviknight
|-damage|p1a: Corviknight|63/100
|-damage|p2a: Rillaboom|8/100|[from] Recoil
|move|p1a: Corviknight|Body Press|p2a: Rillaboom
|-damage|p2a: Rillaboom|0 fnt
|faint|p2a: Rillaboom
|
|win|DomecQbiy
|raw|DomecQbiy's rating: 1204 &rarr; <strong>1231</strong><br />(+27 for winning)
|raw|moosdenor's rating: 1236 &rarr; <strong>1209</strong><br />(-27 for losing)
|l|☆moosdenor
|player|p2|
|l|☆DomecQbiy
|player|p1|
