|j|☆NojaKalm
|j|☆Mr Tpen
|t:|1779724906
|gametype|singles
|player|p1|NojaKalm|169|1615
|player|p2|Mr Tpen|266|1616
|gen|9
|tier|[Gen 9] OU
|rated|
|rule|HP Percentage Mod: HP is shown in percentages
|rule|Endless Battle Clause: Forcing endless battles is banned
|rule|Species Clause: Limit one of each Pokémon
|rule|OHKO Clause: OHKO moves are banned
|rule|Evasion Items Clause: Evasion items are banned
|rule|Evasion Moves Clause: Evasion moves are banned
|rule|Evasion Abilities Clause: Evasion abilities are banned
|rule|Sleep Moves Clause: Sleep-inducing moves are banned
|clearpoke
|poke|p1|Comfey, M|
|poke|p1|Whimsicott, M|
|poke|p1|Iron Moth|
|poke|p1|Walking Wake|
|poke|p1|Great Tusk|
|poke|p1|Ninetales, F|
|poke|p2|Kyurem|
|poke|p2|Hatterene, F|
|poke|p2|Darkrai|
|poke|p2|Great Tusk|
|poke|p2|Dragonite, F|
|poke|p2|Gholdengo|
|teampreview
|inactive|Battle timer is ON: inactive players will automatically lose when time's up. (requested by NojaKalm)
|
|t:|1779724920
|teamsize|p1|6
|teamsize|p2|6
|start
|switch|p1a: Ninetales|Ninetales, F|100/100
|switch|p2a: Hatterene|Hatterene, F|100/100
|-weather|SunnyDay|[from] ability: Drought|[of] p1a: Ninetales
|turn|1
|
|t:|1779724938
|switch|p1a: Walking Wake|Walking Wake|100/100
|-activate|p1a: Walking Wake|ability: Protosynthesis
|-start|p1a: Walking Wake|protosynthesisspe
|move|p2a: Hatterene|Nuzzle|p1a: Walking Wake
|-damage|p1a: Walking Wake|97/100
|-status|p1a: Walking Wake|par
|
|-weather|SunnyDay|[upkeep]
|upkeep
|turn|2
|
|t:|1779724943
|switch|p2a: Kyurem|Kyurem|100/100
|-ability|p2a: Kyurem|Pressure
|move|p1a: Walking Wake|Hydro Steam|p2a: Kyurem
|-resisted|p2a: Kyurem
|-damage|p2a: Kyurem|82/100
|
|-weather|SunnyDay|[upkeep]
|upkeep
|turn|3
|
|t:|1779724956
|-end|p1a: Walking Wake|Protosynthesis|[silent]
|switch|p1a: Iron Moth|Iron Moth|100/100
|-enditem|p1a: Iron Moth|Booster Energy
|-activate|p1a: Iron Moth|ability: Quark Drive|[fromitem]
|-start|p1a: Iron Moth|quarkdrivespa
|move|p2a: Kyurem|Freeze-Dry|p1a: Iron Moth
|-resisted|p1a: Iron Moth
|-damage|p1a: Iron Moth|83/100
|
|-weather|SunnyDay|[upkeep]
|upkeep
|turn|4
|
|t:|1779724965
|move|p1a: Iron Moth|Fiery Dance|p2a: Kyurem
|-damage|p2a: Kyurem|32/100
|move|p2a: Kyurem|Earth Power|p1a: Iron Moth
|-supereffective|p1a: Iron Moth
|-damage|p1a: Iron Moth|0 fnt
|faint|p1a: Iron Moth
|-end|p1a: Iron Moth|Quark Drive|[silent]
|
|-weather|SunnyDay|[upkeep]
|upkeep
|
|t:|1779724972
|switch|p1a: Whimsicott|Whimsicott, M|100/100
|turn|5
|
|t:|1779724975
|-terastallize|p2a: Kyurem|Poison
|move|p1a: Whimsicott|Moonblast|p2a: Kyurem
|-resisted|p2a: Kyurem
|-damage|p2a: Kyurem|17/100
|-unboost|p2a: Kyurem|spa|1
|-damage|p1a: Whimsicott|91/100|[from] item: Life Orb
|move|p2a: Kyurem|Ice Beam|p1a: Whimsicott
|-supereffective|p1a: Whimsicott
|-damage|p1a: Whimsicott|1/100
|
|-weather|SunnyDay|[upkeep]
|upkeep
|turn|6
|
|t:|1779724985
|move|p1a: Whimsicott|Shadow Ball|p2a: Kyurem
|-damage|p2a: Kyurem|0 fnt
|faint|p2a: Kyurem
|-damage|p1a: Whimsicott|0 fnt|[from] item: Life Orb
|faint|p1a: Whimsicott
|
|-weather|SunnyDay|[upkeep]
|upkeep
|
|t:|1779724998
|switch|p1a: Walking Wake|Walking Wake|97/100 par
|switch|p2a: Darkrai|Darkrai|100/100
|-activate|p1a: Walking Wake|ability: Protosynthesis
|-start|p1a: Walking Wake|protosynthesisspe
|turn|7
|
|t:|1779725003
|switch|p2a: Hatterene|Hatterene, F|100/100
|move|p1a: Walking Wake|Hydro Steam|p2a: Hatterene
|-damage|p2a: Hatterene|43/100
|
|-weather|SunnyDay|[upkeep]
|upkeep
|turn|8
|
|t:|1779725007
|move|p1a: Walking Wake|Hydro Steam|p2a: Hatterene
|-damage|p2a: Hatterene|0 fnt
|faint|p2a: Hatterene
|
|-weather|none
|-end|p1a: Walking Wake|Protosynthesis
|upkeep
|
|t:|1779725011
|switch|p2a: Darkrai|Darkrai|100/100
|turn|9
|inactive|NojaKalm has 120 seconds left.
|
|t:|1779725048
|move|p2a: Darkrai|Dark Pulse|p1a: Walking Wake
|-damage|p1a: Walking Wake|66/100 par
|cant|p1a: Walking Wake|par
|
|upkeep
|turn|10
|
|t:|1779725053
|move|p2a: Darkrai|Dark Pulse|p1a: Walking Wake
|-damage|p1a: Walking Wake|36/100 par
|move|p1a: Walking Wake|Flip Turn|p2a: Darkrai
|-damage|p2a: Darkrai|78/100
|
|t:|1779725056
|-end|p1a: Walking Wake|Protosynthesis|[silent]
|switch|p1a: Ninetales|Ninetales, F|100/100|[from] Flip Turn
|-weather|SunnyDay|[from] ability: Drought|[of] p1a: Ninetales
|
|-weather|SunnyDay|[upkeep]
|upkeep
|turn|11
|
|t:|1779725063
|switch|p1a: Walking Wake|Walking Wake|36/100 par
|-activate|p1a: Walking Wake|ability: Protosynthesis
|-start|p1a: Walking Wake|protosynthesisspe
|move|p2a: Darkrai|Dark Pulse|p1a: Walking Wake
|-damage|p1a: Walking Wake|8/100 par
|
|-weather|SunnyDay|[upkeep]
|upkeep
|turn|12
|
|t:|1779725065
|move|p2a: Darkrai|Dark Pulse|p1a: Walking Wake
|-damage|p1a: Walking Wake|0 fnt
|faint|p1a: Walking Wake
|-end|p1a: Walking Wake|Protosynthesis|[silent]
|
|-weather|SunnyDay|[upkeep]
|upkeep
|
|t:|1779725076
|switch|p1a: Great Tusk|Great Tusk|100/100
|-activate|p1a: Great Tusk|ability: Protosynthesis
|-start|p1a: Great Tusk|protosynthesisspe
|turn|13
|
|t:|1779725081
|switch|p2a: Great Tusk|Great Tusk|100/100
|-activate|p2a: Great Tusk|ability: Protosynthesis
|-start|p2a: Great Tusk|protosynthesisdef
|move|p1a: Great Tusk|Headlong Rush|p2a: Great Tusk
|-damage|p2a: Great Tusk|79/100
|-unboost|p1a: Great Tusk|def|1
|-unboost|p1a: Great Tusk|spd|1
|
|-weather|SunnyDay|[upkeep]
|-heal|p2a: Great Tusk|85/100|[from] item: Leftovers
|upkeep
|turn|14
|
|t:|1779725087
|move|p1a: Great Tusk|Ice Spinner|p2a: Great Tusk
|-supereffective|p2a: Great Tusk
|-damage|p2a: Great Tusk|66/100
|move|p2a: Great Tusk|Ice Spinner|p1a: Great Tusk
|-supereffective|p1a: Great Tusk
|-damage|p1a: Great Tusk|55/100
|-damage|p2a: Great Tusk|49/100|[from] item: Rocky Helmet|[of] p1a: Great Tusk
|
|-weather|SunnyDay|[upkeep]
|-heal|p2a: Great Tusk|55/100|[from] item: Leftovers
|upkeep
|turn|15
|
|t:|1779725091
|move|p1a: Great Tusk|Ice Spinner|p2a: Great Tusk
|-supereffective|p2a: Great Tusk
|-damage|p2a: Great Tusk|38/100
|move|p2a: Great Tusk|Rapid Spin|p1a: Great Tusk
|-damage|p1a: Great Tusk|40/100
|-boost|p2a: Great Tusk|spe|1
|-damage|p2a: Great Tusk|21/100|[from] item: Rocky Helmet|[of] p1a: Great Tusk
|
|-weather|SunnyDay|[upkeep]
|-heal|p2a: Great Tusk|27/100|[from] item: Leftovers
|upkeep
|turn|16
|
|t:|1779725094
|move|p1a: Great Tusk|Headlong Rush|p2a: Great Tusk
|-damage|p2a: Great Tusk|5/100
|-unboost|p1a: Great Tusk|def|1
|-unboost|p1a: Great Tusk|spd|1
|move|p2a: Great Tusk|Stealth Rock|p1a: Great Tusk
|-sidestart|p1: NojaKalm|move: Stealth Rock
|
|-weather|SunnyDay|[upkeep]
|-heal|p2a: Great Tusk|11/100|[from] item: Leftovers
|upkeep
|turn|17
|
|t:|1779725097
|move|p1a: Great Tusk|Stealth Rock|p2a: Great Tusk
|-sidestart|p2: Mr Tpen|move: Stealth Rock
|move|p2a: Great Tusk|Ice Spinner|p1a: Great Tusk
|-supereffective|p1a: Great Tusk
|-damage|p1a: Great Tusk|0 fnt
|-damage|p2a: Great Tusk|0 fnt|[from] item: Rocky Helmet|[of] p1a: Great Tusk
|faint|p1a: Great Tusk
|-end|p1a: Great Tusk|Protosynthesis|[silent]
|faint|p2a: Great Tusk
|-end|p2a: Great Tusk|Protosynthesis|[silent]
|
|-weather|none
|upkeep
|
|t:|1779725100
|switch|p1a: Ninetales|Ninetales, F|100/100
|switch|p2a: Darkrai|Darkrai|78/100
|-damage|p2a: Darkrai|65/100|[from] Stealth Rock
|-damage|p1a: Ninetales|76/100|[from] Stealth Rock
|-weather|SunnyDay|[from] ability: Drought|[of] p1a: Ninetales
|turn|18
|
|t:|1779725107
|move|p2a: Darkrai|Trick|p1a: Ninetales
|-activate|p2a: Darkrai|move: Trick|[of] p1a: Ninetales
|-item|p1a: Ninetales|Choice Scarf|[from] move: Trick
|-item|p2a: Darkrai|Heat Rock|[from] move: Trick
|move|p1a: Ninetales|Weather Ball|p2a: Darkrai
|-damage|p2a: Darkrai|6/100
|
|-weather|SunnyDay|[upkeep]
|upkeep
|turn|19
|
|t:|1779725114
|move|p1a: Ninetales|Weather Ball|p2a: Darkrai
|-damage|p2a: Darkrai|0 fnt
|faint|p2a: Darkrai
|
|-weather|SunnyDay|[upkeep]
|upkeep
|
|t:|1779725115
|switch|p2a: Dragonite|Dragonite, F|100/100
|turn|20
|
|t:|1779725119
|switch|p1a: Comfey|Comfey, M|100/100
|-damage|p1a: Comfey|88/100|[from] Stealth Rock
|move|p2a: Dragonite|Extreme Speed|p1a: Comfey
|-damage|p1a: Comfey|53/100
|
|-weather|SunnyDay|[upkeep]
|upkeep
|turn|21
|
|t:|1779725137
|switch|p2a: Gholdengo|Gholdengo|100/100
|-damage|p2a: Gholdengo|94/100|[from] Stealth Rock
|move|p1a: Comfey|Draining Kiss|p2a: Gholdengo
|-resisted|p2a: Gholdengo
|-damage|p2a: Gholdengo|80/100
|-heal|p1a: Comfey|66/100|[from] drain|[of] p2a: Gholdengo
|-damage|p1a: Comfey|56/100|[from] item: Life Orb
|
|-weather|SunnyDay|[upkeep]
|upkeep
|turn|22
|
|t:|1779725145
|-terastallize|p1a: Comfey|Water
|move|p1a: Comfey|Synthesis|p1a: Comfey
|-heal|p1a: Comfey|100/100
|move|p2a: Gholdengo|Make It Rain|p1a: Comfey
|-resisted|p1a: Comfey
|-damage|p1a: Comfey|65/100
|-unboost|p2a: Gholdengo|spa|1
|
|-weather|SunnyDay|[upkeep]
|upkeep
|turn|23
|
|t:|1779725150
|move|p2a: Gholdengo|Nasty Plot|p2a: Gholdengo
|-boost|p2a: Gholdengo|spa|2
|move|p1a: Comfey|Growth|p1a: Comfey
|-boost|p1a: Comfey|atk|2
|-boost|p1a: Comfey|spa|2
|
|-weather|SunnyDay|[upkeep]
|upkeep
|turn|24
|
|t:|1779725155
|move|p1a: Comfey|Draining Kiss|p2a: Gholdengo
|-resisted|p2a: Gholdengo
|-damage|p2a: Gholdengo|52/100
|-heal|p1a: Comfey|89/100|[from] drain|[of] p2a: Gholdengo
|-damage|p1a: Comfey|79/100|[from] item: Life Orb
|move|p2a: Gholdengo|Thunderbolt|p1a: Comfey
|-supereffective|p1a: Comfey
|-damage|p1a: Comfey|0 fnt
|faint|p1a: Comfey
|
|-weather|SunnyDay|[upkeep]
|upkeep
|-message|NojaKalm forfeited.
|
|win|Mr Tpen
|raw|NojaKalm's rating: 1615 &rarr; <strong>1595</strong><br />(-20 for losing)
|raw|Mr Tpen's rating: 1616 &rarr; <strong>1636</strong><br />(+20 for winning)
|l|☆NojaKalm
|player|p1|
|l|☆Mr Tpen
|player|p2|
