|j|☆Harperyu
|j|☆koko qwq1
|t:|1779683980
|gametype|singles
|player|p1|Harperyu|lusamine-nihilego|
|player|p2|koko qwq1|miku-ghost|
|gen|9
|tier|[Gen 9] OU
|rule|HP Percentage Mod: HP is shown in percentages
|rule|Endless Battle Clause: Forcing endless battles is banned
|rule|Species Clause: Limit one of each Pokémon
|rule|OHKO Clause: OHKO moves are banned
|rule|Evasion Items Clause: Evasion items are banned
|rule|Evasion Moves Clause: Evasion moves are banned
|rule|Evasion Abilities Clause: Evasion abilities are banned
|rule|Sleep Moves Clause: Sleep-inducing moves are banned
|clearpoke
|poke|p1|Snorlax, F|
|poke|p1|Grimmsnarl, M|
|poke|p1|Tornadus, M|
|poke|p1|Mew|
|poke|p1|Golem-Alola, F|
|poke|p1|Iron Valiant|
|poke|p2|Hatterene, F|
|poke|p2|Grimmsnarl, M|
|poke|p2|Ursaluna, F|
|poke|p2|Clefable, F|
|poke|p2|Mew|
|poke|p2|Tinkaton, F|
|teampreview
|c|☆koko qwq1|嗷
|c|☆koko qwq1|忘记卡比兽了
|c|☆koko qwq1|_(:τ」∠)_
|inactive|Battle timer is ON: inactive players will automatically lose when time's up. (requested by Harperyu)
|
|t:|1779684002
|teamsize|p1|6
|teamsize|p2|6
|start
|switch|p1a: Grimmsnarl|Grimmsnarl, M|100/100
|switch|p2a: Hatterene|Hatterene, F|100/100
|turn|1
|
|t:|1779684007
|move|p1a: Grimmsnarl|Metronome|p1a: Grimmsnarl
|move|p1a: Grimmsnarl|Topsy-Turvy|p2a: Hatterene|[from] move: Metronome
|move|p2a: Hatterene|Topsy-Turvy||[from] ability: Magic Bounce|[still]
|-fail|p2a: Hatterene
|move|p2a: Hatterene|Metronome|p2a: Hatterene
|move|p2a: Hatterene|Water Pulse|p1a: Grimmsnarl|[from] move: Metronome
|-damage|p1a: Grimmsnarl|70/100
|
|upkeep
|turn|2
|
|t:|1779684026
|move|p1a: Grimmsnarl|Metronome|p1a: Grimmsnarl
|move|p1a: Grimmsnarl|Dragon Rush|p2a: Hatterene|[from] move: Metronome
|-immune|p2a: Hatterene
|move|p2a: Hatterene|Metronome|p2a: Hatterene
|move|p2a: Hatterene|Fake Tears|p1a: Grimmsnarl|[from] move: Metronome
|-unboost|p1a: Grimmsnarl|spd|2
|
|upkeep
|turn|3
|
|t:|1779684034
|move|p1a: Grimmsnarl|Metronome|p1a: Grimmsnarl
|move|p1a: Grimmsnarl|Morning Sun|p1a: Grimmsnarl|[from] move: Metronome
|-heal|p1a: Grimmsnarl|100/100
|move|p2a: Hatterene|Metronome|p2a: Hatterene
|move|p2a: Hatterene|Beat Up|p1a: Grimmsnarl|[from] move: Metronome
|-resisted|p1a: Grimmsnarl
|-damage|p1a: Grimmsnarl|99/100
|-resisted|p1a: Grimmsnarl
|-damage|p1a: Grimmsnarl|98/100
|-resisted|p1a: Grimmsnarl
|-damage|p1a: Grimmsnarl|97/100
|-resisted|p1a: Grimmsnarl
|-damage|p1a: Grimmsnarl|96/100
|-resisted|p1a: Grimmsnarl
|-damage|p1a: Grimmsnarl|95/100
|-resisted|p1a: Grimmsnarl
|-damage|p1a: Grimmsnarl|94/100
|-hitcount|p1a: Grimmsnarl|6
|
|upkeep
|turn|4
|
|t:|1779684049
|move|p1a: Grimmsnarl|Metronome|p1a: Grimmsnarl
|move|p1a: Grimmsnarl|Ice Punch|p2a: Hatterene|[from] move: Metronome
|-damage|p2a: Hatterene|74/100
|move|p2a: Hatterene|Metronome|p2a: Hatterene
|move|p2a: Hatterene|Doom Desire|p1a: Grimmsnarl|[from] move: Metronome
|-start|p2a: Hatterene|Doom Desire
|
|-heal|p2a: Hatterene|80/100|[from] item: Leftovers
|upkeep
|turn|5
|
|t:|1779684059
|move|p1a: Grimmsnarl|Metronome|p1a: Grimmsnarl
|move|p1a: Grimmsnarl|Guillotine|p2a: Hatterene|[from] move: Metronome|[miss]
|-miss|p1a: Grimmsnarl|p2a: Hatterene
|move|p2a: Hatterene|Metronome|p2a: Hatterene
|move|p2a: Hatterene|Mach Punch|p1a: Grimmsnarl|[from] move: Metronome
|-damage|p1a: Grimmsnarl|83/100
|-damage|p2a: Hatterene|64/100|[from] item: Rocky Helmet|[of] p1a: Grimmsnarl
|
|-heal|p2a: Hatterene|70/100|[from] item: Leftovers
|upkeep
|turn|6
|c|☆koko qwq1|🤔
|c|☆koko qwq1|头盔?
|c|☆Harperyu|抽到jiluoqian
|inactive|Harperyu has 270 seconds left.
|
|t:|1779684094
|switch|p1a: Mew|Mew|100/100
|move|p2a: Hatterene|Metronome|p2a: Hatterene
|move|p2a: Hatterene|Magnetic Flux||[from] move: Metronome|[still]
|-fail|p2a: Hatterene
|
|-end|p1a: Mew|move: Doom Desire
|-damage|p1a: Mew|49/100
|-heal|p1a: Mew|55/100|[from] item: Leftovers
|-heal|p2a: Hatterene|76/100|[from] item: Leftovers
|upkeep
|turn|7
|c|☆koko qwq1|🤔
|c|☆koko qwq1|可以换人的吗，
|
|t:|1779684124
|move|p1a: Mew|Metronome|p1a: Mew
|move|p1a: Mew|Electro Ball|p2a: Hatterene|[from] move: Metronome
|-damage|p2a: Hatterene|44/100
|move|p2a: Hatterene|Metronome|p2a: Hatterene
|move|p2a: Hatterene|Swagger|p1a: Mew|[from] move: Metronome
|-boost|p1a: Mew|atk|2
|-start|p1a: Mew|confusion
|
|-heal|p1a: Mew|61/100|[from] item: Leftovers
|-heal|p2a: Hatterene|50/100|[from] item: Leftovers
|upkeep
|turn|8
|c|☆Harperyu|可以
|
|t:|1779684134
|-activate|p1a: Mew|confusion
|-damage|p1a: Mew|43/100|[from] confusion
|move|p2a: Hatterene|Metronome|p2a: Hatterene
|move|p2a: Hatterene|Entrainment|p1a: Mew|[from] move: Metronome
|-ability|p1a: Mew|Magic Bounce|Synchronize|[from] move: Entrainment|[of] p2a: Hatterene
|
|-heal|p1a: Mew|49/100|[from] item: Leftovers
|-heal|p2a: Hatterene|56/100|[from] item: Leftovers
|upkeep
|turn|9
|c|☆koko qwq1|那我再生力，
|
|t:|1779684146
|-activate|p1a: Mew|confusion
|move|p1a: Mew|Metronome|p1a: Mew
|move|p1a: Mew|Mud-Slap|p2a: Hatterene|[from] move: Metronome
|-damage|p2a: Hatterene|50/100
|-unboost|p2a: Hatterene|accuracy|1
|move|p2a: Hatterene|Metronome|p2a: Hatterene
|move|p2a: Hatterene|Will-O-Wisp|p1a: Mew|[from] move: Metronome
|move|p1a: Mew|Will-O-Wisp|p2a: Hatterene|[from] ability: Magic Bounce
|-status|p2a: Hatterene|brn
|
|-heal|p1a: Mew|55/100|[from] item: Leftovers
|-heal|p2a: Hatterene|56/100 brn|[from] item: Leftovers
|-damage|p2a: Hatterene|50/100 brn|[from] brn
|upkeep
|turn|10
|inactive|Harperyu has 270 seconds left.
|c|☆Harperyu|那就不要了😁
|
|t:|1779684186
|-activate|p1a: Mew|confusion
|move|p1a: Mew|Metronome|p1a: Mew
|move|p1a: Mew|String Shot|p2a: Hatterene|[from] move: Metronome
|move|p2a: Hatterene|String Shot|p1a: Mew|[from] ability: Magic Bounce
|-unboost|p1a: Mew|spe|2
|move|p2a: Hatterene|Metronome|p2a: Hatterene
|move|p2a: Hatterene|Fusion Flare|p1a: Mew|[from] move: Metronome
|-damage|p1a: Mew|20/100
|
|-heal|p1a: Mew|26/100|[from] item: Leftovers
|-heal|p2a: Hatterene|56/100 brn|[from] item: Leftovers
|-damage|p2a: Hatterene|50/100 brn|[from] brn
|upkeep
|turn|11
|inactive|koko qwq1 has 270 seconds left.
|
|t:|1779684213
|-activate|p1a: Mew|confusion
|move|p1a: Mew|Metronome|p1a: Mew
|move|p1a: Mew|Confuse Ray|p2a: Hatterene|[from] move: Metronome
|move|p2a: Hatterene|Confuse Ray||[from] ability: Magic Bounce|[still]
|-fail|p2a: Hatterene
|move|p2a: Hatterene|Metronome|p2a: Hatterene
|move|p2a: Hatterene|Safeguard|p2a: Hatterene|[from] move: Metronome
|-sidestart|p2: koko qwq1|Safeguard
|
|-heal|p1a: Mew|32/100|[from] item: Leftovers
|-heal|p2a: Hatterene|56/100 brn|[from] item: Leftovers
|-damage|p2a: Hatterene|50/100 brn|[from] brn
|upkeep
|turn|12
|inactive|koko qwq1 has 270 seconds left.
|
|t:|1779684224
|-end|p1a: Mew|confusion
|move|p1a: Mew|Metronome|p1a: Mew
|move|p1a: Mew|Stealth Rock|p2a: Hatterene|[from] move: Metronome
|move|p2a: Hatterene|Stealth Rock|p1a: Mew|[from] ability: Magic Bounce
|-sidestart|p1: Harperyu|move: Stealth Rock
|move|p2a: Hatterene|Metronome|p2a: Hatterene
|move|p2a: Hatterene|Facade|p1a: Mew|[from] move: Metronome
|-damage|p1a: Mew|5/100
|
|-heal|p1a: Mew|12/100|[from] item: Leftovers
|-heal|p2a: Hatterene|56/100 brn|[from] item: Leftovers
|-damage|p2a: Hatterene|50/100 brn|[from] brn
|upkeep
|turn|13
|inactive|koko qwq1 has 270 seconds left.
|
|t:|1779684252
|move|p1a: Mew|Metronome|p1a: Mew
|move|p1a: Mew|Aurora Beam|p2a: Hatterene|[from] move: Metronome
|-damage|p2a: Hatterene|33/100 brn
|move|p2a: Hatterene|Metronome|p2a: Hatterene
|move|p2a: Hatterene|Quiver Dance|p2a: Hatterene|[from] move: Metronome
|-boost|p2a: Hatterene|spa|1
|-boost|p2a: Hatterene|spd|1
|-boost|p2a: Hatterene|spe|1
|
|-heal|p1a: Mew|18/100|[from] item: Leftovers
|-heal|p2a: Hatterene|39/100 brn|[from] item: Leftovers
|-damage|p2a: Hatterene|33/100 brn|[from] brn
|upkeep
|turn|14
|inactive|koko qwq1 has 270 seconds left.
|inactive|koko qwq1 has 240 seconds left.
|
|t:|1779684302
|move|p1a: Mew|Metronome|p1a: Mew
|move|p1a: Mew|Feather Dance|p2a: Hatterene|[from] move: Metronome
|move|p2a: Hatterene|Feather Dance|p1a: Mew|[from] ability: Magic Bounce
|-unboost|p1a: Mew|atk|2
|move|p2a: Hatterene|Metronome|p2a: Hatterene
|move|p2a: Hatterene|Dazzling Gleam|p1a: Mew|[from] move: Metronome
|-damage|p1a: Mew|0 fnt
|faint|p1a: Mew
|
|-heal|p2a: Hatterene|39/100 brn|[from] item: Leftovers
|-damage|p2a: Hatterene|33/100 brn|[from] brn
|upkeep
|inactive|Harperyu has 240 seconds left.
|
|t:|1779684316
|switch|p1a: Grimmsnarl|Grimmsnarl, M|83/100
|-damage|p1a: Grimmsnarl|70/100|[from] Stealth Rock
|turn|15
|c|☆koko qwq1|本机吼吼
|
|t:|1779684324
|move|p1a: Grimmsnarl|Metronome|p1a: Grimmsnarl
|move|p1a: Grimmsnarl|Meteor Beam||[from] move: Metronome|[still]
|-prepare|p1a: Grimmsnarl|Meteor Beam
|-boost|p1a: Grimmsnarl|spa|1
|move|p2a: Hatterene|Metronome|p2a: Hatterene
|move|p2a: Hatterene|Wonder Room|p2a: Hatterene|[from] move: Metronome
|-fieldstart|move: Wonder Room|[of] p2a: Hatterene
|
|-heal|p2a: Hatterene|39/100 brn|[from] item: Leftovers
|-damage|p2a: Hatterene|33/100 brn|[from] brn
|-sideend|p2: koko qwq1|Safeguard
|upkeep
|turn|16
|inactive|koko qwq1 has 240 seconds left.
|
|t:|1779684333
|move|p1a: Grimmsnarl|Meteor Beam|p2a: Hatterene|[from] lockedmove
|-damage|p2a: Hatterene|0 fnt
|faint|p2a: Hatterene
|
|upkeep
|inactive|koko qwq1 has 240 seconds left.
|
|t:|1779684339
|switch|p2a: Clefable|Clefable, F|100/100
|turn|17
|
|t:|1779684342
|move|p1a: Grimmsnarl|Metronome|p1a: Grimmsnarl
|move|p1a: Grimmsnarl|Eruption|p2a: Clefable|[from] move: Metronome
|-damage|p2a: Clefable|49/100
|move|p2a: Clefable|Metronome|p2a: Clefable
|move|p2a: Clefable|Shift Gear|p2a: Clefable|[from] move: Metronome
|-boost|p2a: Clefable|spe|2
|-boost|p2a: Clefable|atk|1
|
|-heal|p2a: Clefable|55/100|[from] item: Leftovers
|upkeep
|turn|18
|
|t:|1779684352
|move|p1a: Grimmsnarl|Metronome|p1a: Grimmsnarl
|move|p1a: Grimmsnarl|Dragon Cheer|null|[from] move: Metronome|[notarget]
|-fail|p1a: Grimmsnarl
|move|p2a: Clefable|Metronome|p2a: Clefable
|move|p2a: Clefable|Blast Burn|p1a: Grimmsnarl|[from] move: Metronome
|-damage|p1a: Grimmsnarl|25/100
|-mustrecharge|p2a: Clefable
|
|-heal|p2a: Clefable|61/100|[from] item: Leftovers
|upkeep
|turn|19
|
|t:|1779684362
|move|p1a: Grimmsnarl|Metronome|p1a: Grimmsnarl
|move|p1a: Grimmsnarl|Glaciate|p2a: Clefable|[from] move: Metronome
|-damage|p2a: Clefable|33/100
|-unboost|p2a: Clefable|spe|1
|cant|p2a: Clefable|recharge
|
|-heal|p2a: Clefable|39/100|[from] item: Leftovers
|-fieldend|move: Wonder Room
|upkeep
|turn|20
|
|t:|1779684370
|move|p1a: Grimmsnarl|Metronome|p1a: Grimmsnarl
|move|p1a: Grimmsnarl|Hex|p2a: Clefable|[from] move: Metronome
|-damage|p2a: Clefable|22/100
|move|p2a: Clefable|Metronome|p2a: Clefable
|move|p2a: Clefable|Endeavor|p1a: Grimmsnarl|[from] move: Metronome
|-immune|p1a: Grimmsnarl
|
|-heal|p2a: Clefable|28/100|[from] item: Leftovers
|upkeep
|turn|21
|
|t:|1779684380
|move|p1a: Grimmsnarl|Metronome|p1a: Grimmsnarl
|move|p1a: Grimmsnarl|Mighty Cleave|p2a: Clefable|[from] move: Metronome
|-damage|p2a: Clefable|0 fnt
|faint|p2a: Clefable
|
|upkeep
|
|t:|1779684387
|switch|p2a: Grimmsnarl|Grimmsnarl, M|100/100
|turn|22
|
|t:|1779684391
|move|p1a: Grimmsnarl|Metronome|p1a: Grimmsnarl
|move|p1a: Grimmsnarl|High Horsepower|p2a: Grimmsnarl|[from] move: Metronome
|-hint|Since gen 7, Dark is immune to Prankster moves.
|-immune|p2a: Grimmsnarl
|move|p2a: Grimmsnarl|Metronome|p2a: Grimmsnarl
|move|p2a: Grimmsnarl|Memento|p1a: Grimmsnarl|[from] move: Metronome
|-hint|Since gen 7, Dark is immune to Prankster moves.
|-immune|p1a: Grimmsnarl
|
|upkeep
|turn|23
|inactive|Harperyu has 270 seconds left.
|c|☆Harperyu|我不是恶属性还好一些
|
|t:|1779684430
|move|p1a: Grimmsnarl|Metronome|p1a: Grimmsnarl
|move|p1a: Grimmsnarl|Psyshock|p2a: Grimmsnarl|[from] move: Metronome
|-immune|p2a: Grimmsnarl
|move|p2a: Grimmsnarl|Metronome|p2a: Grimmsnarl
|move|p2a: Grimmsnarl|Poison Jab|p1a: Grimmsnarl|[from] move: Metronome
|-hint|Since gen 7, Dark is immune to Prankster moves.
|-immune|p1a: Grimmsnarl
|
|upkeep
|turn|24
|inactive|Harperyu has 270 seconds left.
|inactive|koko qwq1 has 270 seconds left.
|c|☆koko qwq1|👀
|c|☆koko qwq1|毒计怎么没效果
|
|t:|1779684468
|move|p2a: Grimmsnarl|Metronome|p2a: Grimmsnarl
|move|p2a: Grimmsnarl|Mystical Power|p1a: Grimmsnarl|[from] move: Metronome
|-immune|p1a: Grimmsnarl
|move|p1a: Grimmsnarl|Metronome|p1a: Grimmsnarl
|move|p1a: Grimmsnarl|Psyshield Bash|p2a: Grimmsnarl|[from] move: Metronome
|-immune|p2a: Grimmsnarl
|
|upkeep
|turn|25
|inactive|Harperyu has 270 seconds left.
|c|☆Harperyu|下一回合一起换人（恶作剧之心对恶属性无效，我也是
|
|t:|1779684501
|switch|p1a: Tornadus|Tornadus, M|100/100
|-damage|p1a: Tornadus|76/100|[from] Stealth Rock
|move|p2a: Grimmsnarl|Metronome|p2a: Grimmsnarl
|move|p2a: Grimmsnarl|Flip Turn|p1a: Tornadus|[from] move: Metronome
|-damage|p1a: Tornadus|22/100
|-enditem|p1a: Tornadus|Eject Button
|c|☆Harperyu|不是让你这样换
|inactive|Harperyu has 240 seconds left.
|c|☆koko qwq1|嗷
|c|☆koko qwq1|忘记了
|
|t:|1779684531
|switch|p1a: Golem|Golem-Alola, F|100/100
|-damage|p1a: Golem|88/100|[from] Stealth Rock
|
|upkeep
|turn|26
|c|☆koko qwq1|👀
|
|t:|1779684539
|move|p2a: Grimmsnarl|Metronome|p2a: Grimmsnarl
|move|p2a: Grimmsnarl|Solar Blade||[from] move: Metronome|[still]
|-prepare|p2a: Grimmsnarl|Solar Blade
|move|p1a: Golem|Metronome|p1a: Golem
|move|p1a: Golem|Drill Run|p2a: Grimmsnarl|[from] move: Metronome
|-damage|p2a: Grimmsnarl|67/100
|
|upkeep
|turn|27
|inactive|Harperyu has 240 seconds left.
|
|t:|1779684546
|move|p2a: Grimmsnarl|Solar Blade||[still]
|-fail|p2a: Grimmsnarl
|move|p1a: Golem|Metronome|p1a: Golem
|move|p1a: Golem|Scald|p2a: Grimmsnarl|[from] move: Metronome
|-damage|p2a: Grimmsnarl|55/100
|
|upkeep
|turn|28
|inactive|koko qwq1 has 270 seconds left.
|c|☆koko qwq1|🤔
|c|☆koko qwq1|怎么又失败了
|
|t:|1779684570
|move|p2a: Grimmsnarl|Metronome|p2a: Grimmsnarl
|move|p2a: Grimmsnarl|Poison Powder|p1a: Golem|[from] move: Metronome
|-status|p1a: Golem|psn
|move|p1a: Golem|Metronome|p1a: Golem
|move|p1a: Golem|Mach Punch|p2a: Grimmsnarl|[from] move: Metronome
|-crit|p2a: Grimmsnarl
|-damage|p2a: Grimmsnarl|29/100
|
|-damage|p1a: Golem|76/100 psn|[from] psn
|upkeep
|turn|29
|c|☆Harperyu|带讲究系列无法使用蓄力找事
|c|☆koko qwq1|(☉｡☉)!
|c|☆koko qwq1|我第一次知道，
|inactive|koko qwq1 has 240 seconds left.
|
|t:|1779684596
|move|p2a: Grimmsnarl|Metronome|p2a: Grimmsnarl
|move|p2a: Grimmsnarl|Dragon Rush|p1a: Golem|[from] move: Metronome|[miss]
|-miss|p2a: Grimmsnarl|p1a: Golem
|move|p1a: Golem|Metronome|p1a: Golem
|move|p1a: Golem|Flatter|p2a: Grimmsnarl|[from] move: Metronome
|-boost|p2a: Grimmsnarl|spa|1
|-start|p2a: Grimmsnarl|confusion
|
|-damage|p1a: Golem|64/100 psn|[from] psn
|upkeep
|turn|30
|c|☆Harperyu|所以我不带
|
|t:|1779684606
|-activate|p2a: Grimmsnarl|confusion
|-damage|p2a: Grimmsnarl|12/100|[from] confusion
|move|p1a: Golem|Metronome|p1a: Golem
|move|p1a: Golem|Giga Impact|p2a: Grimmsnarl|[from] move: Metronome
|-damage|p2a: Grimmsnarl|0 fnt
|-mustrecharge|p1a: Golem
|faint|p2a: Grimmsnarl
|
|-damage|p1a: Golem|51/100 psn|[from] psn
|upkeep
|inactive|koko qwq1 has 240 seconds left.
|
|t:|1779684633
|switch|p2a: Tinkaton|Tinkaton, F|100/100
|-ability|p2a: Tinkaton|Mold Breaker
|turn|31
|
|t:|1779684637
|move|p2a: Tinkaton|Metronome|p2a: Tinkaton
|move|p2a: Tinkaton|Peck|p1a: Golem|[from] move: Metronome
|-resisted|p1a: Golem
|-damage|p1a: Golem|50/100 psn
|cant|p1a: Golem|recharge
|
|-damage|p1a: Golem|37/100 psn|[from] psn
|upkeep
|turn|32
|inactive|koko qwq1 has 240 seconds left.
|
|t:|1779684644
|move|p2a: Tinkaton|Metronome|p2a: Tinkaton
|move|p2a: Tinkaton|Attack Order|p1a: Golem|[from] move: Metronome
|-damage|p1a: Golem|19/100 psn
|move|p1a: Golem|Metronome|p1a: Golem
|move|p1a: Golem|Imprison|p1a: Golem|[from] move: Metronome
|-start|p1a: Golem|move: Imprison
|
|-damage|p1a: Golem|7/100 psn|[from] psn
|upkeep
|turn|33
|inactive|koko qwq1 has 240 seconds left.
|c|☆koko qwq1|蛤
|
|t:|1779684673
|-activate|p2a: Tinkaton|move: Struggle
|move|p2a: Tinkaton|Struggle|p1a: Golem
|-crit|p1a: Golem
|-damage|p1a: Golem|0 fnt
|faint|p1a: Golem
|-damage|p2a: Tinkaton|75/100|[from] recoil
|
|upkeep
|c|☆koko qwq1|还好还好
|
|t:|1779684681
|switch|p1a: Tornadus|Tornadus, M|22/100
|-damage|p1a: Tornadus|0 fnt|[from] Stealth Rock
|faint|p1a: Tornadus
|
|t:|1779684685
|switch|p1a: Grimmsnarl|Grimmsnarl, M|25/100
|-damage|p1a: Grimmsnarl|13/100|[from] Stealth Rock
|turn|34
|inactive|koko qwq1 has 240 seconds left.
|
|t:|1779684717
|move|p1a: Grimmsnarl|Metronome|p1a: Grimmsnarl
|move|p1a: Grimmsnarl|Close Combat|p2a: Tinkaton|[from] move: Metronome
|-damage|p2a: Tinkaton|33/100
|-unboost|p1a: Grimmsnarl|def|1
|-unboost|p1a: Grimmsnarl|spd|1
|move|p2a: Tinkaton|Metronome|p2a: Tinkaton
|move|p2a: Tinkaton|Guard Split|p1a: Grimmsnarl|[from] move: Metronome
|-activate|p2a: Tinkaton|move: Guard Split|[of] p1a: Grimmsnarl
|
|upkeep
|turn|35
|
|t:|1779684727
|move|p1a: Grimmsnarl|Metronome|p1a: Grimmsnarl
|move|p1a: Grimmsnarl|Feather Dance|p2a: Tinkaton|[from] move: Metronome
|-unboost|p2a: Tinkaton|atk|2
|move|p2a: Tinkaton|Metronome|p2a: Tinkaton
|move|p2a: Tinkaton|Light Screen|p2a: Tinkaton|[from] move: Metronome
|-sidestart|p2: koko qwq1|move: Light Screen
|
|upkeep
|turn|36
|
|t:|1779684735
|move|p2a: Tinkaton|Metronome|p2a: Tinkaton
|move|p2a: Tinkaton|Mist|p2a: Tinkaton|[from] move: Metronome
|-sidestart|p2: koko qwq1|Mist
|-activate|p1a: Grimmsnarl|move: Struggle
|move|p1a: Grimmsnarl|Struggle|p2a: Tinkaton
|-damage|p2a: Tinkaton|12/100
|-damage|p1a: Grimmsnarl|0 fnt|[from] recoil
|faint|p1a: Grimmsnarl
|
|upkeep
|
|t:|1779684744
|switch|p1a: Iron Valiant|Iron Valiant|100/100
|-damage|p1a: Iron Valiant|94/100|[from] Stealth Rock
|turn|37
|c|☆koko qwq1|没pp可还行
|
|t:|1779684755
|move|p1a: Iron Valiant|Metronome|p1a: Iron Valiant
|move|p1a: Iron Valiant|Ice Fang|p2a: Tinkaton|[from] move: Metronome
|-resisted|p2a: Tinkaton
|-damage|p2a: Tinkaton|0 fnt
|faint|p2a: Tinkaton
|
|upkeep
|
|t:|1779684761
|switch|p2a: Mew|Mew|100/100
|turn|38
|
|t:|1779684763
|move|p1a: Iron Valiant|Metronome|p1a: Iron Valiant
|move|p1a: Iron Valiant|Fickle Beam|p2a: Mew|[from] move: Metronome
|-damage|p2a: Mew|92/100
|move|p2a: Mew|Misty Explosion|p1a: Iron Valiant
|-supereffective|p1a: Iron Valiant
|-damage|p1a: Iron Valiant|34/100
|-enditem|p1a: Iron Valiant|Weakness Policy
|-boost|p1a: Iron Valiant|atk|2|[from] item: Weakness Policy
|-boost|p1a: Iron Valiant|spa|2|[from] item: Weakness Policy
|faint|p2a: Mew
|
|upkeep
|inactive|koko qwq1 has 240 seconds left.
|c|☆koko qwq1|唉
|c|☆koko qwq1|完蛋
|c|☆koko qwq1|没看到带错了
|c|☆koko qwq1|QAQ
|c|☆koko qwq1|抱歉啊bro
|
|t:|1779684794
|switch|p2a: Ursaluna|Ursaluna, F|100/100
|turn|39
|
|t:|1779684801
|-terastallize|p2a: Ursaluna|Ground
|move|p1a: Iron Valiant|Metronome|p1a: Iron Valiant
|move|p1a: Iron Valiant|Night Daze|p2a: Ursaluna|[from] move: Metronome
|-damage|p2a: Ursaluna|79/100
|move|p2a: Ursaluna|Metronome|p2a: Ursaluna
|move|p2a: Ursaluna|Flower Trick|p1a: Iron Valiant|[from] move: Metronome
|-crit|p1a: Iron Valiant
|-damage|p1a: Iron Valiant|0 fnt
|faint|p1a: Iron Valiant
|-end|p1a: Iron Valiant|Quark Drive|[silent]
|
|-heal|p2a: Ursaluna|85/100|[from] item: Leftovers
|-sideend|p2: koko qwq1|move: Light Screen
|upkeep
|
|t:|1779684813
|switch|p1a: Snorlax|Snorlax, F|100/100
|-damage|p1a: Snorlax|88/100|[from] Stealth Rock
|turn|40
|
|t:|1779684817
|-terastallize|p1a: Snorlax|Stellar
|move|p2a: Ursaluna|Metronome|p2a: Ursaluna
|move|p2a: Ursaluna|Charge|p2a: Ursaluna|[from] move: Metronome
|-boost|p2a: Ursaluna|spd|1
|-start|p2a: Ursaluna|Charge
|move|p1a: Snorlax|Metronome|p1a: Snorlax
|move|p1a: Snorlax|Steel Roller||[from] move: Metronome|[still]
|-fail|p1a: Snorlax
|
|-heal|p2a: Ursaluna|92/100|[from] item: Leftovers
|-heal|p1a: Snorlax|94/100|[from] item: Leftovers
|-sideend|p2: koko qwq1|Mist
|upkeep
|turn|41
|
|t:|1779684827
|move|p2a: Ursaluna|Metronome|p2a: Ursaluna
|move|p2a: Ursaluna|Mega Punch|p1a: Snorlax|[from] move: Metronome
|-damage|p1a: Snorlax|50/100
|move|p1a: Snorlax|Metronome|p1a: Snorlax
|move|p1a: Snorlax|Sky Attack||[from] move: Metronome|[still]
|-prepare|p1a: Snorlax|Sky Attack
|
|-heal|p2a: Ursaluna|98/100|[from] item: Leftovers
|-heal|p1a: Snorlax|56/100|[from] item: Leftovers
|upkeep
|turn|42
|
|t:|1779684835
|move|p2a: Ursaluna|Metronome|p2a: Ursaluna
|move|p2a: Ursaluna|Aqua Step|p1a: Snorlax|[from] move: Metronome
|-damage|p1a: Snorlax|24/100
|-boost|p2a: Ursaluna|spe|1
|move|p1a: Snorlax|Sky Attack|p2a: Ursaluna|[from] lockedmove
|-damage|p2a: Ursaluna|63/100
|
|-heal|p2a: Ursaluna|69/100|[from] item: Leftovers
|-heal|p1a: Snorlax|30/100|[from] item: Leftovers
|upkeep
|turn|43
|
|t:|1779684844
|move|p2a: Ursaluna|Metronome|p2a: Ursaluna
|move|p2a: Ursaluna|Ember|p1a: Snorlax|[from] move: Metronome
|-damage|p1a: Snorlax|29/100
|move|p1a: Snorlax|Metronome|p1a: Snorlax
|move|p1a: Snorlax|Power Trip|p2a: Ursaluna|[from] move: Metronome
|-damage|p2a: Ursaluna|52/100
|
|-heal|p2a: Ursaluna|58/100|[from] item: Leftovers
|-heal|p1a: Snorlax|35/100|[from] item: Leftovers
|upkeep
|turn|44
|
|t:|1779684854
|move|p2a: Ursaluna|Metronome|p2a: Ursaluna
|move|p2a: Ursaluna|Ember|p1a: Snorlax|[from] move: Metronome
|-crit|p1a: Snorlax
|-damage|p1a: Snorlax|33/100
|move|p1a: Snorlax|Metronome|p1a: Snorlax
|move|p1a: Snorlax|Aqua Tail|p2a: Ursaluna|[from] move: Metronome
|-supereffective|p2a: Ursaluna
|-damage|p2a: Ursaluna|15/100
|
|-heal|p2a: Ursaluna|21/100|[from] item: Leftovers
|-heal|p1a: Snorlax|39/100|[from] item: Leftovers
|upkeep
|turn|45
|
|t:|1779684875
|move|p2a: Ursaluna|Metronome|p2a: Ursaluna
|move|p2a: Ursaluna|Pound|p1a: Snorlax|[from] move: Metronome
|-damage|p1a: Snorlax|15/100
|move|p1a: Snorlax|Metronome|p1a: Snorlax
|move|p1a: Snorlax|Psyshock|p2a: Ursaluna|[from] move: Metronome
|-crit|p2a: Ursaluna
|-damage|p2a: Ursaluna|5/100
|
|-heal|p2a: Ursaluna|11/100|[from] item: Leftovers
|-heal|p1a: Snorlax|21/100|[from] item: Leftovers
|upkeep
|turn|46
|inactive|koko qwq1 has 270 seconds left.
|
|t:|1779684884
|move|p2a: Ursaluna|Metronome|p2a: Ursaluna
|move|p2a: Ursaluna|Sweet Kiss|p1a: Snorlax|[from] move: Metronome
|-start|p1a: Snorlax|confusion
|-activate|p1a: Snorlax|confusion
|move|p1a: Snorlax|Metronome|p1a: Snorlax
|move|p1a: Snorlax|Hammer Arm|p2a: Ursaluna|[from] move: Metronome
|-damage|p2a: Ursaluna|0 fnt
|-unboost|p1a: Snorlax|spe|1
|faint|p2a: Ursaluna
|
|win|Harperyu
|l|☆koko qwq1
|player|p2|
