|j|☆Davi2L
|j|☆lzinnrlk
|t:|1779659393
|gametype|singles
|player|p1|Davi2L|lucas|1064
|player|p2|lzinnrlk|brycenman|1114
|gen|9
|tier|[Gen 9] OU
|rated|
|rule|HP Percentage Mod: HP is shown in percentages
|rule|Endless Battle Clause: Forcing endless battles is banned
|rule|Species Clause: Limit one of each Pokémon
|rule|OHKO Clause: OHKO moves are banned
|rule|Evasion Items Clause: Evasion items are banned
|rule|Evasion Moves Clause: Evasion moves are banned
|rule|Evasion Abilities Clause: Evasion abilities are banned
|rule|Sleep Moves Clause: Sleep-inducing moves are banned
|clearpoke
|poke|p1|Enamorus, F|
|poke|p1|Iron Valiant|
|poke|p1|Kingambit, M|
|poke|p1|Great Tusk|
|poke|p1|Gholdengo|
|poke|p1|Ribombee, F|
|poke|p2|Oinkologne, M|
|poke|p2|Gliscor, F|
|poke|p2|Iron Valiant|
|poke|p2|Ogerpon-Wellspring, F|
|poke|p2|Raging Bolt|
|poke|p2|Heatran, M|
|teampreview
|
|t:|1779659397
|teamsize|p1|6
|teamsize|p2|6
|start
|switch|p1a: Bumblebee|Ribombee, F, shiny|100/100
|switch|p2a: Ogerpon|Ogerpon-Wellspring, F|100/100
|turn|1
|
|t:|1779659418
|move|p1a: Bumblebee|Sticky Web|p2a: Ogerpon
|-sidestart|p2: lzinnrlk|move: Sticky Web
|move|p2a: Ogerpon|Ivy Cudgel|p1a: Bumblebee|[anim] Ivy Cudgel Water
|-enditem|p1a: Bumblebee|Focus Sash
|-damage|p1a: Bumblebee|1/100
|
|upkeep
|turn|2
|
|t:|1779659426
|switch|p2a: Gliscor|Gliscor, F|100/100
|move|p1a: Bumblebee|U-turn|p2a: Gliscor
|-resisted|p2a: Gliscor
|-damage|p2a: Gliscor|95/100
|inactive|Battle timer is ON: inactive players will automatically lose when time's up. (requested by lzinnrlk)
|
|t:|1779659441
|switch|p1a: Enamorus|Enamorus, F|100/100|[from] U-turn
|
|-status|p2a: Gliscor|tox|[from] item: Toxic Orb
|upkeep
|turn|3
|
|t:|1779659448
|move|p2a: Gliscor|Protect|p2a: Gliscor
|-singleturn|p2a: Gliscor|Protect
|move|p1a: Enamorus|Moonblast|p2a: Gliscor
|-activate|p2a: Gliscor|move: Protect
|
|-heal|p2a: Gliscor|100/100 tox|[from] ability: Poison Heal
|upkeep
|turn|4
|
|t:|1779659456
|move|p1a: Enamorus|Moonblast|p2a: Gliscor
|-damage|p2a: Gliscor|54/100 tox
|move|p2a: Gliscor|Toxic|p1a: Enamorus
|-status|p1a: Enamorus|tox
|
|-damage|p1a: Enamorus|94/100 tox|[from] psn
|-heal|p2a: Gliscor|66/100 tox|[from] ability: Poison Heal
|upkeep
|turn|5
|
|t:|1779659463
|switch|p1a: Bumblebee|Ribombee, F, shiny|1/100
|move|p2a: Gliscor|Protect||[still]
|-fail|p2a: Gliscor
|
|-heal|p2a: Gliscor|79/100 tox|[from] ability: Poison Heal
|upkeep
|turn|6
|
|t:|1779659472
|-terastallize|p1a: Bumblebee|Ghost
|move|p1a: Bumblebee|Stun Spore|p2a: Gliscor|[miss]
|-miss|p1a: Bumblebee|p2a: Gliscor
|move|p2a: Gliscor|Knock Off|p1a: Bumblebee
|-supereffective|p1a: Bumblebee
|-damage|p1a: Bumblebee|0 fnt
|faint|p1a: Bumblebee
|
|-heal|p2a: Gliscor|91/100 tox|[from] ability: Poison Heal
|upkeep
|
|t:|1779659489
|switch|p1a: Great Tusk|Great Tusk|100/100
|turn|7
|
|t:|1779659494
|move|p1a: Great Tusk|Rapid Spin|p2a: Gliscor
|-damage|p2a: Gliscor|77/100 tox
|-boost|p1a: Great Tusk|spe|1
|move|p2a: Gliscor|Toxic|p1a: Great Tusk|[miss]
|-miss|p2a: Gliscor|p1a: Great Tusk
|
|-heal|p2a: Gliscor|90/100 tox|[from] ability: Poison Heal
|upkeep
|turn|8
|
|t:|1779659501
|move|p1a: Great Tusk|Stealth Rock|p2a: Gliscor
|-sidestart|p2: lzinnrlk|move: Stealth Rock
|move|p2a: Gliscor|Toxic|p1a: Great Tusk
|-status|p1a: Great Tusk|tox
|
|-damage|p1a: Great Tusk|94/100 tox|[from] psn
|-heal|p2a: Gliscor|100/100 tox|[from] ability: Poison Heal
|upkeep
|turn|9
|
|t:|1779659506
|move|p2a: Gliscor|Protect|p2a: Gliscor
|-singleturn|p2a: Gliscor|Protect
|move|p1a: Great Tusk|Stealth Rock||[still]
|-fail|p1a: Great Tusk
|
|-damage|p1a: Great Tusk|82/100 tox|[from] psn
|upkeep
|turn|10
|
|t:|1779659516
|-end|p1a: Great Tusk|Protosynthesis|[silent]
|switch|p1a: Kingambit|Kingambit, M|100/100
|-activate|p1a: Kingambit|ability: Supreme Overlord
|-start|p1a: Kingambit|fallen1|[silent]
|move|p2a: Gliscor|Earthquake|p1a: Kingambit
|-supereffective|p1a: Kingambit
|-damage|p1a: Kingambit|44/100
|
|upkeep
|turn|11
|
|t:|1779659525
|move|p2a: Gliscor|Earthquake|p1a: Kingambit
|-supereffective|p1a: Kingambit
|-damage|p1a: Kingambit|0 fnt
|faint|p1a: Kingambit
|-end|p1a: Kingambit|fallen1|[silent]
|
|upkeep
|
|t:|1779659531
|switch|p1a: Iron Valiant|Iron Valiant, shiny|100/100
|-enditem|p1a: Iron Valiant|Booster Energy
|-activate|p1a: Iron Valiant|ability: Quark Drive|[fromitem]
|-start|p1a: Iron Valiant|quarkdrivespe
|turn|12
|
|t:|1779659544
|move|p1a: Iron Valiant|Moonblast|p2a: Gliscor
|-damage|p2a: Gliscor|61/100 tox
|move|p2a: Gliscor|Toxic|p1a: Iron Valiant
|-status|p1a: Iron Valiant|tox
|
|-damage|p1a: Iron Valiant|94/100 tox|[from] psn
|-heal|p2a: Gliscor|74/100 tox|[from] ability: Poison Heal
|upkeep
|turn|13
|
|t:|1779659549
|move|p2a: Gliscor|Protect|p2a: Gliscor
|-singleturn|p2a: Gliscor|Protect
|move|p1a: Iron Valiant|Calm Mind|p1a: Iron Valiant
|-boost|p1a: Iron Valiant|spa|1
|-boost|p1a: Iron Valiant|spd|1
|
|-damage|p1a: Iron Valiant|82/100 tox|[from] psn
|-heal|p2a: Gliscor|86/100 tox|[from] ability: Poison Heal
|upkeep
|turn|14
|
|t:|1779659556
|move|p1a: Iron Valiant|Calm Mind|p1a: Iron Valiant
|-boost|p1a: Iron Valiant|spa|1
|-boost|p1a: Iron Valiant|spd|1
|move|p2a: Gliscor|Earthquake|p1a: Iron Valiant
|-damage|p1a: Iron Valiant|43/100 tox
|
|-damage|p1a: Iron Valiant|24/100 tox|[from] psn
|-heal|p2a: Gliscor|99/100 tox|[from] ability: Poison Heal
|upkeep
|turn|15
|
|t:|1779659561
|move|p1a: Iron Valiant|Moonblast|p2a: Gliscor
|-damage|p2a: Gliscor|23/100 tox
|move|p2a: Gliscor|Earthquake|p1a: Iron Valiant
|-damage|p1a: Iron Valiant|0 fnt
|faint|p1a: Iron Valiant
|-end|p1a: Iron Valiant|Quark Drive|[silent]
|
|-heal|p2a: Gliscor|35/100 tox|[from] ability: Poison Heal
|upkeep
|
|t:|1779659567
|switch|p1a: Enamorus|Enamorus, F|94/100 tox
|turn|16
|
|t:|1779659570
|move|p2a: Gliscor|Protect|p2a: Gliscor
|-singleturn|p2a: Gliscor|Protect
|move|p1a: Enamorus|Mystical Fire|p2a: Gliscor
|-activate|p2a: Gliscor|move: Protect
|
|-damage|p1a: Enamorus|88/100 tox|[from] psn
|-heal|p2a: Gliscor|48/100 tox|[from] ability: Poison Heal
|upkeep
|turn|17
|
|t:|1779659579
|move|p1a: Enamorus|Mystical Fire|p2a: Gliscor
|-damage|p2a: Gliscor|23/100 tox
|-unboost|p2a: Gliscor|spa|1
|move|p2a: Gliscor|Knock Off|p1a: Enamorus
|-resisted|p1a: Enamorus
|-damage|p1a: Enamorus|70/100 tox
|-enditem|p1a: Enamorus|Choice Scarf|[from] move: Knock Off|[of] p2a: Gliscor
|
|-damage|p1a: Enamorus|58/100 tox|[from] psn
|-heal|p2a: Gliscor|35/100 tox|[from] ability: Poison Heal
|upkeep
|turn|18
|
|t:|1779659588
|move|p2a: Gliscor|Protect|p2a: Gliscor
|-singleturn|p2a: Gliscor|Protect
|move|p1a: Enamorus|Moonblast|p2a: Gliscor
|-activate|p2a: Gliscor|move: Protect
|
|-damage|p1a: Enamorus|39/100 tox|[from] psn
|-heal|p2a: Gliscor|48/100 tox|[from] ability: Poison Heal
|upkeep
|turn|19
|
|t:|1779659598
|move|p2a: Gliscor|Protect|p2a: Gliscor
|-singleturn|p2a: Gliscor|Protect
|move|p1a: Enamorus|Mystical Fire|p2a: Gliscor
|-activate|p2a: Gliscor|move: Protect
|
|-damage|p1a: Enamorus|14/100 tox|[from] psn
|-heal|p2a: Gliscor|60/100 tox|[from] ability: Poison Heal
|upkeep
|turn|20
|
|t:|1779659603
|move|p1a: Enamorus|Healing Wish|p1a: Enamorus
|faint|p1a: Enamorus
|move|p2a: Gliscor|Knock Off|p1: Enamorus|[notarget]
|-fail|p2a: Gliscor
|
|-heal|p2a: Gliscor|73/100 tox|[from] ability: Poison Heal
|upkeep
|
|t:|1779659607
|switch|p1a: GholdenBro|Gholdengo, shiny|100/100
|-item|p1a: GholdenBro|Air Balloon
|turn|21
|
|t:|1779659611
|move|p1a: GholdenBro|Make It Rain|p2a: Gliscor
|-damage|p2a: Gliscor|20/100 tox
|-unboost|p1a: GholdenBro|spa|1
|move|p2a: Gliscor|Knock Off|p1a: GholdenBro
|-supereffective|p1a: GholdenBro
|-crit|p1a: GholdenBro
|-damage|p1a: GholdenBro|25/100
|-enditem|p1a: GholdenBro|Air Balloon
|
|-heal|p2a: Gliscor|32/100 tox|[from] ability: Poison Heal
|upkeep
|turn|22
|
|t:|1779659616
|move|p2a: Gliscor|Protect|p2a: Gliscor
|-singleturn|p2a: Gliscor|Protect
|move|p1a: GholdenBro|Make It Rain|p2a: Gliscor
|-activate|p2a: Gliscor|move: Protect
|
|-heal|p2a: Gliscor|45/100 tox|[from] ability: Poison Heal
|upkeep
|turn|23
|
|t:|1779659625
|move|p1a: GholdenBro|Make It Rain|p2a: Gliscor
|-damage|p2a: Gliscor|6/100 tox
|-unboost|p1a: GholdenBro|spa|1
|move|p2a: Gliscor|Knock Off|p1a: GholdenBro
|-supereffective|p1a: GholdenBro
|-damage|p1a: GholdenBro|0 fnt
|faint|p1a: GholdenBro
|
|-heal|p2a: Gliscor|19/100 tox|[from] ability: Poison Heal
|upkeep
|
|t:|1779659629
|switch|p1a: Great Tusk|Great Tusk|82/100 tox
|-heal|p1a: Great Tusk|100/100|[from] move: Healing Wish
|turn|24
|
|t:|1779659632
|move|p2a: Gliscor|Protect|p2a: Gliscor
|-singleturn|p2a: Gliscor|Protect
|move|p1a: Great Tusk|Knock Off|p2a: Gliscor
|-activate|p2a: Gliscor|move: Protect
|
|-heal|p2a: Gliscor|31/100 tox|[from] ability: Poison Heal
|upkeep
|turn|25
|-message|Davi2L forfeited.
|
|win|lzinnrlk
|raw|Davi2L's rating: 1064 &rarr; <strong>1047</strong><br />(-17 for losing)
|raw|lzinnrlk's rating: 1114 &rarr; <strong>1135</strong><br />(+21 for winning)
|l|☆Davi2L
|player|p1|
