|j|☆nijakaters
|j|☆bena13
|t:|1779711752
|gametype|singles
|player|p1|nijakaters|pilot|1298
|player|p2|bena13|102|1218
|gen|9
|tier|[Gen 9] OU
|rated|
|rule|HP Percentage Mod: HP is shown in percentages
|rule|Endless Battle Clause: Forcing endless battles is banned
|rule|Species Clause: Limit one of each Pokémon
|rule|OHKO Clause: OHKO moves are banned
|rule|Evasion Items Clause: Evasion items are banned
|rule|Evasion Moves Clause: Evasion moves are banned
|rule|Evasion Abilities Clause: Evasion abilities are banned
|rule|Sleep Moves Clause: Sleep-inducing moves are banned
|clearpoke
|poke|p1|Mamoswine, M|
|poke|p1|Raging Bolt|
|poke|p1|Hatterene, F|
|poke|p1|Corviknight, F|
|poke|p1|Heatran, M|
|poke|p1|Zamazenta-*|
|poke|p2|Swanna, M|
|poke|p2|Muk, F|
|poke|p2|Gastrodon, F|
|poke|p2|Vileplume, M|
|poke|p2|Salazzle, F|
|poke|p2|Haunter, F|
|teampreview
|inactive|Battle timer is ON: inactive players will automatically lose when time's up. (requested by bena13)
|
|t:|1779711769
|teamsize|p1|6
|teamsize|p2|6
|start
|switch|p1a: Bob|Heatran, M|100/100
|switch|p2a: Swanna|Swanna, M|100/100
|turn|1
|
|t:|1779711782
|move|p2a: Swanna|Surf|p1a: Bob
|-supereffective|p1a: Bob
|-damage|p1a: Bob|44/100
|-damage|p2a: Swanna|91/100|[from] item: Life Orb
|move|p1a: Bob|Stealth Rock|p2a: Swanna
|-sidestart|p2: bena13|move: Stealth Rock
|
|-heal|p1a: Bob|50/100|[from] item: Leftovers
|upkeep
|turn|2
|
|t:|1779711795
|switch|p1a: Mamoscif|Mamoswine, M|100/100
|move|p2a: Swanna|Defog|p1a: Mamoscif
|-unboost|p1a: Mamoscif|evasion|1
|-sideend|p2: bena13|Stealth Rock|[from] move: Defog|[of] p2a: Swanna
|
|upkeep
|turn|3
|
|t:|1779711804
|move|p2a: Swanna|Surf|p1a: Mamoscif
|-supereffective|p1a: Mamoscif
|-damage|p1a: Mamoscif|0 fnt
|faint|p1a: Mamoscif
|-damage|p2a: Swanna|81/100|[from] item: Life Orb
|
|upkeep
|
|t:|1779711814
|switch|p1a: Raging Mort|Raging Bolt|100/100
|turn|4
|
|t:|1779711830
|switch|p2a: Haunter|Haunter, F|100/100
|move|p1a: Raging Mort|Draco Meteor|p2a: Haunter
|-enditem|p2a: Haunter|Focus Sash
|-damage|p2a: Haunter|1/100
|-unboost|p1a: Raging Mort|spa|2
|
|upkeep
|turn|5
|
|t:|1779711848
|-end|p1a: Raging Mort|Protosynthesis|[silent]
|switch|p1a: Boing|Hatterene, F, shiny|100/100
|move|p2a: Haunter|Destiny Bond|p2a: Haunter
|-singlemove|p2a: Haunter|Destiny Bond
|
|upkeep
|turn|6
|
|t:|1779711870
|switch|p2a: Gastrodon|Gastrodon, F|100/100
|switch|p1a: Bob|Heatran, M|50/100
|
|-heal|p1a: Bob|56/100|[from] item: Leftovers
|upkeep
|turn|7
|
|t:|1779711881
|switch|p1a: Boing|Hatterene, F, shiny|100/100
|move|p2a: Gastrodon|Earth Power|p1a: Boing
|-damage|p1a: Boing|61/100
|-enditem|p1a: Boing|Eject Button
|inactive|nijakaters has 120 seconds left.
|
|t:|1779711900
|switch|p1a: Old Reliable|Corviknight, F, shiny|100/100
|-ability|p1a: Old Reliable|Pressure
|
|upkeep
|turn|8
|inactive|nijakaters has 120 seconds left.
|
|t:|1779711911
|switch|p2a: Haunter|Haunter, F|1/100
|move|p1a: Old Reliable|Brave Bird|p2a: Haunter
|-damage|p2a: Haunter|0 fnt
|faint|p2a: Haunter
|-damage|p1a: Old Reliable|99/100|[from] Recoil
|
|upkeep
|
|t:|1779711920
|switch|p2a: Salazzle|Salazzle, F|100/100
|turn|9
|inactive|nijakaters has 120 seconds left.
|
|t:|1779711938
|switch|p2a: Swanna|Swanna, M|81/100
|switch|p1a: Bob|Heatran, M|56/100
|
|-heal|p1a: Bob|63/100|[from] item: Leftovers
|upkeep
|turn|10
|inactive|nijakaters has 120 seconds left.
|
|t:|1779711946
|move|p1a: Bob|Protect|p1a: Bob
|-singleturn|p1a: Bob|Protect
|move|p2a: Swanna|Surf|p1a: Bob
|-activate|p1a: Bob|move: Protect
|
|-heal|p1a: Bob|69/100|[from] item: Leftovers
|upkeep
|turn|11
|inactive|nijakaters has 120 seconds left.
|inactive|nijakaters has 90 seconds left.
|
|t:|1779712006
|switch|p1a: Raging Mort|Raging Bolt|100/100
|move|p2a: Swanna|Ice Beam|p1a: Raging Mort
|-supereffective|p1a: Raging Mort
|-damage|p1a: Raging Mort|37/100
|-damage|p2a: Swanna|71/100|[from] item: Life Orb
|
|upkeep
|turn|12
|
|t:|1779712028
|move|p1a: Raging Mort|Thunderclap|p2a: Swanna
|-supereffective|p2a: Swanna
|-damage|p2a: Swanna|0 fnt
|faint|p2a: Swanna
|
|upkeep
|
|t:|1779712036
|switch|p2a: Gastrodon|Gastrodon, F|100/100
|turn|13
|
|t:|1779712041
|-end|p1a: Raging Mort|Protosynthesis|[silent]
|switch|p1a: Old Reliable|Corviknight, F, shiny|99/100
|-ability|p1a: Old Reliable|Pressure
|move|p2a: Gastrodon|Surf|p1a: Old Reliable
|-damage|p1a: Old Reliable|62/100
|
|upkeep
|turn|14
|
|t:|1779712049
|move|p1a: Old Reliable|Roost|p1a: Old Reliable
|-heal|p1a: Old Reliable|100/100
|-singleturn|p1a: Old Reliable|move: Roost
|move|p2a: Gastrodon|Surf|p1a: Old Reliable
|-damage|p1a: Old Reliable|60/100
|
|upkeep
|turn|15
|inactive|nijakaters has 90 seconds left.
|
|t:|1779712067
|move|p1a: Old Reliable|U-turn|p2a: Gastrodon
|-damage|p2a: Gastrodon|84/100
|
|t:|1779712069
|switch|p1a: Awoooga|Zamazenta|100/100|[from] U-turn
|-ability|p1a: Awoooga|Dauntless Shield|boost
|-boost|p1a: Awoooga|def|1
|move|p2a: Gastrodon|Surf|p1a: Awoooga
|-damage|p1a: Awoooga|69/100
|
|-heal|p1a: Awoooga|75/100|[from] item: Leftovers
|upkeep
|turn|16
|inactive|nijakaters has 90 seconds left.
|
|t:|1779712082
|switch|p2a: Vileplume|Vileplume, M|100/100
|move|p1a: Awoooga|Iron Defense|p1a: Awoooga
|-boost|p1a: Awoooga|def|2
|
|-heal|p1a: Awoooga|81/100|[from] item: Leftovers
|upkeep
|turn|17
|inactive|nijakaters has 90 seconds left.
|
|t:|1779712096
|switch|p1a: Bob|Heatran, M|69/100
|move|p2a: Vileplume|Leech Seed|p1a: Bob|[miss]
|-miss|p2a: Vileplume|p1a: Bob
|
|-heal|p1a: Bob|75/100|[from] item: Leftovers
|upkeep
|turn|18
|inactive|nijakaters has 90 seconds left.
|
|t:|1779712107
|switch|p2a: Gastrodon|Gastrodon, F|84/100
|move|p1a: Bob|Stealth Rock|p2a: Gastrodon
|-sidestart|p2: bena13|move: Stealth Rock
|
|-heal|p1a: Bob|81/100|[from] item: Leftovers
|upkeep
|turn|19
|
|t:|1779712116
|switch|p1a: Old Reliable|Corviknight, F, shiny|60/100
|-ability|p1a: Old Reliable|Pressure
|move|p2a: Gastrodon|Surf|p1a: Old Reliable
|-damage|p1a: Old Reliable|18/100
|
|upkeep
|turn|20
|
|t:|1779712124
|move|p1a: Old Reliable|Roost|p1a: Old Reliable
|-heal|p1a: Old Reliable|68/100
|-singleturn|p1a: Old Reliable|move: Roost
|move|p2a: Gastrodon|Earth Power|p1a: Old Reliable
|-supereffective|p1a: Old Reliable
|-damage|p1a: Old Reliable|0 fnt
|faint|p1a: Old Reliable
|
|upkeep
|
|t:|1779712133
|switch|p1a: Awoooga|Zamazenta|81/100
|turn|21
|
|t:|1779712138
|switch|p2a: Vileplume|Vileplume, M|100/100
|-damage|p2a: Vileplume|88/100|[from] Stealth Rock
|move|p1a: Awoooga|Body Press|p2a: Vileplume
|-resisted|p2a: Vileplume
|-damage|p2a: Vileplume|75/100
|
|-heal|p1a: Awoooga|87/100|[from] item: Leftovers
|upkeep
|turn|22
|
|t:|1779712149
|switch|p1a: Boing|Hatterene, F, shiny|61/100
|move|p2a: Vileplume|Leech Seed|p1a: Boing
|move|p1a: Boing|Leech Seed|p2a: Vileplume|[from] ability: Magic Bounce
|-immune|p2a: Vileplume
|
|upkeep
|turn|23
|inactive|nijakaters has 90 seconds left.
|
|t:|1779712196
|switch|p2a: Gastrodon|Gastrodon, F|84/100
|-damage|p2a: Gastrodon|78/100|[from] Stealth Rock
|switch|p1a: Bob|Heatran, M|81/100
|
|-heal|p1a: Bob|88/100|[from] item: Leftovers
|upkeep
|turn|24
|
|t:|1779712206
|move|p1a: Bob|Protect|p1a: Bob
|-singleturn|p1a: Bob|Protect
|move|p2a: Gastrodon|Earth Power|p1a: Bob
|-activate|p1a: Bob|move: Protect
|
|-heal|p1a: Bob|94/100|[from] item: Leftovers
|upkeep
|turn|25
|
|t:|1779712229
|-terastallize|p1a: Bob|Normal
|move|p1a: Bob|Scorching Sands|p2a: Gastrodon
|-damage|p2a: Gastrodon|65/100
|move|p2a: Gastrodon|Earth Power|p1a: Bob
|-damage|p1a: Bob|67/100
|
|-heal|p1a: Bob|73/100|[from] item: Leftovers
|upkeep
|turn|26
|
|t:|1779712252
|switch|p2a: Muk|Muk, F|100/100
|-damage|p2a: Muk|88/100|[from] Stealth Rock
|move|p1a: Bob|Scorching Sands|p2a: Muk
|-supereffective|p2a: Muk
|-crit|p2a: Muk
|-damage|p2a: Muk|56/100
|
|-heal|p1a: Bob|80/100|[from] item: Leftovers
|upkeep
|turn|27
|
|t:|1779712265
|move|p1a: Bob|Protect|p1a: Bob
|-singleturn|p1a: Bob|Protect
|move|p2a: Muk|Drain Punch|p1a: Bob
|-activate|p1a: Bob|move: Protect
|
|-heal|p1a: Bob|86/100|[from] item: Leftovers
|upkeep
|turn|28
|
|t:|1779712283
|switch|p1a: Boing|Hatterene, F, shiny|61/100
|move|p2a: Muk|Drain Punch|p1a: Boing
|-resisted|p1a: Boing
|-damage|p1a: Boing|56/100
|-heal|p2a: Muk|58/100|[from] drain|[of] p1a: Boing
|
|upkeep
|turn|29
|
|t:|1779712292
|move|p2a: Muk|Gunk Shot|p1a: Boing
|-supereffective|p1a: Boing
|-damage|p1a: Boing|0 fnt
|faint|p1a: Boing
|
|upkeep
|
|t:|1779712305
|switch|p1a: Raging Mort|Raging Bolt|37/100
|turn|30
|
|t:|1779712330
|move|p1a: Raging Mort|Volt Switch|p2a: Muk
|-damage|p2a: Muk|23/100
|
|t:|1779712335
|-end|p1a: Raging Mort|Protosynthesis|[silent]
|switch|p1a: Awoooga|Zamazenta|87/100|[from] Volt Switch
|move|p2a: Muk|Gunk Shot|p1a: Awoooga
|-damage|p1a: Awoooga|42/100
|
|-heal|p1a: Awoooga|48/100|[from] item: Leftovers
|upkeep
|turn|31
|
|t:|1779712357
|switch|p2a: Vileplume|Vileplume, M|75/100
|-damage|p2a: Vileplume|62/100|[from] Stealth Rock
|move|p1a: Awoooga|Crunch|p2a: Vileplume
|-damage|p2a: Vileplume|47/100
|
|-heal|p1a: Awoooga|54/100|[from] item: Leftovers
|upkeep
|turn|32
|inactive|nijakaters has 60 seconds left.
|
|t:|1779712379
|switch|p1a: Raging Mort|Raging Bolt|37/100
|move|p2a: Vileplume|Strength Sap|p1a: Raging Mort
|-unboost|p1a: Raging Mort|atk|1
|-heal|p2a: Vileplume|90/100
|
|upkeep
|turn|33
|inactive|nijakaters has 60 seconds left.
|
|t:|1779712390
|switch|p2a: Muk|Muk, F|23/100
|-damage|p2a: Muk|10/100|[from] Stealth Rock
|move|p1a: Raging Mort|Draco Meteor|p2a: Muk
|-damage|p2a: Muk|0 fnt
|-unboost|p1a: Raging Mort|spa|2
|faint|p2a: Muk
|
|upkeep
|
|t:|1779712405
|switch|p2a: Salazzle|Salazzle, F|100/100
|-damage|p2a: Salazzle|76/100|[from] Stealth Rock
|turn|34
|
|t:|1779712415
|move|p2a: Salazzle|Sludge Bomb|p1a: Raging Mort
|-damage|p1a: Raging Mort|0 fnt
|faint|p1a: Raging Mort
|-end|p1a: Raging Mort|Protosynthesis|[silent]
|-damage|p2a: Salazzle|66/100|[from] item: Life Orb
|
|upkeep
|
|t:|1779712418
|switch|p1a: Bob|Heatran, M, tera:Normal|86/100
|turn|35
|
|t:|1779712428
|move|p2a: Salazzle|Sludge Bomb|p1a: Bob
|-damage|p1a: Bob|49/100
|-damage|p2a: Salazzle|56/100|[from] item: Life Orb
|move|p1a: Bob|Lava Plume|p2a: Salazzle
|-resisted|p2a: Salazzle
|-damage|p2a: Salazzle|22/100
|
|-heal|p1a: Bob|56/100|[from] item: Leftovers
|upkeep
|turn|36
|
|t:|1779712439
|move|p2a: Salazzle|Sludge Bomb|p1a: Bob
|-damage|p1a: Bob|22/100
|-damage|p2a: Salazzle|12/100|[from] item: Life Orb
|move|p1a: Bob|Scorching Sands|p2a: Salazzle
|-supereffective|p2a: Salazzle
|-damage|p2a: Salazzle|0 fnt
|faint|p2a: Salazzle
|
|-heal|p1a: Bob|28/100|[from] item: Leftovers
|upkeep
|
|t:|1779712450
|switch|p2a: Gastrodon|Gastrodon, F|65/100
|-damage|p2a: Gastrodon|59/100|[from] Stealth Rock
|turn|37
|
|t:|1779712454
|move|p1a: Bob|Protect|p1a: Bob
|-singleturn|p1a: Bob|Protect
|move|p2a: Gastrodon|Earth Power|p1a: Bob
|-activate|p1a: Bob|move: Protect
|
|-heal|p1a: Bob|34/100|[from] item: Leftovers
|upkeep
|turn|38
|
|t:|1779712463
|move|p1a: Bob|Lava Plume|p2a: Gastrodon
|-resisted|p2a: Gastrodon
|-crit|p2a: Gastrodon
|-damage|p2a: Gastrodon|44/100
|move|p2a: Gastrodon|Earth Power|p1a: Bob
|-crit|p1a: Bob
|-damage|p1a: Bob|0 fnt
|faint|p1a: Bob
|
|upkeep
|
|t:|1779712470
|switch|p1a: Awoooga|Zamazenta|54/100
|turn|39
|
|t:|1779712475
|switch|p2a: Vileplume|Vileplume, M|90/100
|-damage|p2a: Vileplume|77/100|[from] Stealth Rock
|move|p1a: Awoooga|Iron Defense|p1a: Awoooga
|-boost|p1a: Awoooga|def|2
|
|-heal|p1a: Awoooga|60/100|[from] item: Leftovers
|upkeep
|turn|40
|
|t:|1779712484
|move|p1a: Awoooga|Iron Defense|p1a: Awoooga
|-boost|p1a: Awoooga|def|2
|move|p2a: Vileplume|Leech Seed|p1a: Awoooga
|-start|p1a: Awoooga|move: Leech Seed
|
|-heal|p1a: Awoooga|67/100|[from] item: Leftovers
|-damage|p1a: Awoooga|54/100|[from] Leech Seed|[of] p2a: Vileplume
|-heal|p2a: Vileplume|90/100|[silent]
|upkeep
|turn|41
|
|t:|1779712493
|move|p2a: Vileplume|Giga Drain|p1a: Awoooga
|-damage|p1a: Awoooga|30/100
|-heal|p2a: Vileplume|100/100|[from] drain|[of] p1a: Awoooga
|move|p1a: Awoooga|Roar|p2a: Vileplume
|drag|p2a: Gastrodon|Gastrodon, F|44/100
|-damage|p2a: Gastrodon|38/100|[from] Stealth Rock
|
|-heal|p1a: Awoooga|36/100|[from] item: Leftovers
|-damage|p1a: Awoooga|24/100|[from] Leech Seed|[of] p2a: Gastrodon
|-heal|p2a: Gastrodon|48/100|[silent]
|upkeep
|turn|42
|
|t:|1779712505
|move|p1a: Awoooga|Body Press|p2a: Gastrodon
|-damage|p2a: Gastrodon|0 fnt
|faint|p2a: Gastrodon
|
|-heal|p1a: Awoooga|30/100|[from] item: Leftovers
|upkeep
|
|t:|1779712512
|switch|p2a: Vileplume|Vileplume, M|100/100
|-damage|p2a: Vileplume|88/100|[from] Stealth Rock
|turn|43
|c|☆bena13|Gg
|
|t:|1779712525
|move|p1a: Awoooga|Body Press|p2a: Vileplume
|-resisted|p2a: Vileplume
|-damage|p2a: Vileplume|44/100
|move|p2a: Vileplume|Giga Drain|p1a: Awoooga
|-damage|p1a: Awoooga|6/100
|-heal|p2a: Vileplume|56/100|[from] drain|[of] p1a: Awoooga
|
|-heal|p1a: Awoooga|12/100|[from] item: Leftovers
|-damage|p1a: Awoooga|0 fnt|[from] Leech Seed|[of] p2a: Vileplume
|-heal|p2a: Vileplume|68/100|[silent]
|faint|p1a: Awoooga
|
|win|bena13
|raw|nijakaters's rating: 1298 &rarr; <strong>1267</strong><br />(-31 for losing)
|raw|bena13's rating: 1218 &rarr; <strong>1249</strong><br />(+31 for winning)
|c|☆nijakaters|Gg
|l|☆nijakaters
|player|p1|
