|j|☆futuristicFlash
|j|☆Elesa13
|t:|1779597251
|gametype|singles
|player|p1|futuristicFlash|102|1420
|player|p2|Elesa13|skierf|1441
|gen|9
|tier|[Gen 9] OU
|rated|
|rule|HP Percentage Mod: HP is shown in percentages
|rule|Endless Battle Clause: Forcing endless battles is banned
|rule|Species Clause: Limit one of each Pokémon
|rule|OHKO Clause: OHKO moves are banned
|rule|Evasion Items Clause: Evasion items are banned
|rule|Evasion Moves Clause: Evasion moves are banned
|rule|Evasion Abilities Clause: Evasion abilities are banned
|rule|Sleep Moves Clause: Sleep-inducing moves are banned
|clearpoke
|poke|p1|Toxapex, F|
|poke|p1|Cinderace, F|
|poke|p1|Corviknight, F|
|poke|p1|Regidrago|
|poke|p1|Regieleki|
|poke|p1|Latios, M|
|poke|p2|Pincurchin, M|
|poke|p2|Iron Valiant|
|poke|p2|Iron Boulder|
|poke|p2|Iron Moth|
|poke|p2|Iron Treads|
|poke|p2|Alomomola, F|
|teampreview
|inactive|Battle timer is ON: inactive players will automatically lose when time's up. (requested by futuristicFlash)
|
|t:|1779597263
|teamsize|p1|6
|teamsize|p2|6
|start
|switch|p1a: Toxapex|Toxapex, F, shiny|100/100
|switch|p2a: Iron Treads|Iron Treads|100/100
|turn|1
|
|t:|1779597269
|move|p2a: Iron Treads|Rapid Spin|p1a: Toxapex
|-damage|p1a: Toxapex|86/100
|-boost|p2a: Iron Treads|spe|1
|move|p1a: Toxapex|Surf|p2a: Iron Treads
|-supereffective|p2a: Iron Treads
|-damage|p2a: Iron Treads|34/100
|
|upkeep
|turn|2
|
|t:|1779597275
|move|p2a: Iron Treads|Earthquake|p1a: Toxapex
|-supereffective|p1a: Toxapex
|-damage|p1a: Toxapex|11/100
|move|p1a: Toxapex|Surf|p2a: Iron Treads
|-supereffective|p2a: Iron Treads
|-damage|p2a: Iron Treads|0 fnt
|faint|p2a: Iron Treads
|-end|p2a: Iron Treads|Quark Drive|[silent]
|
|upkeep
|
|t:|1779597280
|switch|p2a: Iron Moth|Iron Moth|100/100
|turn|3
|
|t:|1779597293
|switch|p1a: Latios|Latios, M|100/100
|move|p2a: Iron Moth|Discharge|p1a: Latios
|-resisted|p1a: Latios
|-damage|p1a: Latios|88/100
|
|upkeep
|turn|4
|
|t:|1779597298
|-end|p2a: Iron Moth|Quark Drive|[silent]
|switch|p2a: Iron Valiant|Iron Valiant|100/100
|move|p1a: Latios|Agility|p1a: Latios
|-boost|p1a: Latios|spe|2
|
|upkeep
|turn|5
|
|t:|1779597318
|-end|p2a: Iron Valiant|Quark Drive|[silent]
|switch|p2a: Pincurchin|Pincurchin, M|100/100
|-fieldstart|move: Electric Terrain|[from] ability: Electric Surge|[of] p2a: Pincurchin
|move|p1a: Latios|Agility|p1a: Latios
|-boost|p1a: Latios|spe|2
|
|upkeep
|turn|6
|
|t:|1779597324
|move|p1a: Latios|Stored Power|p2a: Pincurchin
|-damage|p2a: Pincurchin|46/100
|move|p2a: Pincurchin|Thunder Wave|p1a: Latios
|-status|p1a: Latios|par
|
|upkeep
|turn|7
|
|t:|1779597329
|switch|p2a: Iron Boulder|Iron Boulder|100/100
|-activate|p2a: Iron Boulder|ability: Quark Drive
|-start|p2a: Iron Boulder|quarkdrivespe
|move|p1a: Latios|Agility|p1a: Latios
|-boost|p1a: Latios|spe|2
|
|upkeep
|turn|8
|
|t:|1779597341
|move|p2a: Iron Boulder|Swords Dance|p2a: Iron Boulder
|-boost|p2a: Iron Boulder|atk|2
|move|p1a: Latios|Aura Sphere|p2a: Iron Boulder
|-damage|p2a: Iron Boulder|73/100
|
|upkeep
|turn|9
|
|t:|1779597348
|move|p2a: Iron Boulder|Mighty Cleave|p1a: Latios
|-damage|p1a: Latios|0 fnt
|faint|p1a: Latios
|-damage|p2a: Iron Boulder|63/100|[from] item: Life Orb
|
|upkeep
|
|t:|1779597368
|switch|p1a: Cinderace|Cinderace, F|100/100
|turn|10
|
|t:|1779597371
|-terastallize|p2a: Iron Boulder|Fighting
|move|p1a: Cinderace|Sucker Punch|p2a: Iron Boulder
|-start|p1a: Cinderace|typechange|Dark|[from] ability: Libero
|-resisted|p2a: Iron Boulder
|-damage|p2a: Iron Boulder|34/100
|move|p2a: Iron Boulder|Mighty Cleave|p1a: Cinderace
|-damage|p1a: Cinderace|0 fnt
|faint|p1a: Cinderace
|-damage|p2a: Iron Boulder|24/100|[from] item: Life Orb
|
|upkeep
|
|t:|1779597384
|switch|p1a: Corviknight|Corviknight, F|100/100
|turn|11
|
|t:|1779597388
|move|p2a: Iron Boulder|Mighty Cleave|p1a: Corviknight
|-damage|p1a: Corviknight|26/100
|-damage|p2a: Iron Boulder|7/100|[from] item: Rocky Helmet|[of] p1a: Corviknight
|-damage|p2a: Iron Boulder|0 fnt|[from] item: Life Orb
|faint|p2a: Iron Boulder
|-end|p2a: Iron Boulder|Quark Drive|[silent]
|move|p1a: Corviknight|Roost|p1a: Corviknight
|-heal|p1a: Corviknight|76/100
|-singleturn|p1a: Corviknight|move: Roost
|
|upkeep
|
|t:|1779597392
|switch|p2a: Iron Moth|Iron Moth|100/100
|-activate|p2a: Iron Moth|ability: Quark Drive
|-start|p2a: Iron Moth|quarkdrivespa
|turn|12
|
|t:|1779597403
|switch|p1a: Toxapex|Toxapex, F, shiny|44/100
|move|p2a: Iron Moth|Discharge|p1a: Toxapex
|-supereffective|p1a: Toxapex
|-damage|p1a: Toxapex|0 fnt
|faint|p1a: Toxapex
|
|-fieldend|move: Electric Terrain
|-end|p2a: Iron Moth|Quark Drive
|upkeep
|
|t:|1779597414
|switch|p1a: Regieleki|Regieleki|100/100
|turn|13
|
|t:|1779597417
|-end|p2a: Iron Moth|Quark Drive|[silent]
|switch|p2a: Pincurchin|Pincurchin, M|46/100
|-fieldstart|move: Electric Terrain|[from] ability: Electric Surge|[of] p2a: Pincurchin
|move|p1a: Regieleki|Thunderbolt|p2a: Pincurchin
|-resisted|p2a: Pincurchin
|-damage|p2a: Pincurchin|0 fnt
|faint|p2a: Pincurchin
|
|upkeep
|
|t:|1779597429
|switch|p2a: Iron Valiant|Iron Valiant|100/100
|-activate|p2a: Iron Valiant|ability: Quark Drive
|-start|p2a: Iron Valiant|quarkdrivespe
|turn|14
|
|t:|1779597434
|move|p2a: Iron Valiant|Close Combat|p1a: Regieleki
|-damage|p1a: Regieleki|0 fnt
|-unboost|p2a: Iron Valiant|def|1
|-unboost|p2a: Iron Valiant|spd|1
|faint|p1a: Regieleki
|
|upkeep
|
|t:|1779597441
|switch|p1a: Regidrago|Regidrago|100/100
|turn|15
|
|t:|1779597444
|move|p2a: Iron Valiant|Close Combat|p1a: Regidrago
|-damage|p1a: Regidrago|0 fnt
|-unboost|p2a: Iron Valiant|def|1
|-unboost|p2a: Iron Valiant|spd|1
|faint|p1a: Regidrago
|
|upkeep
|-message|futuristicFlash forfeited.
|
|win|Elesa13
|raw|futuristicFlash's rating: 1420 &rarr; <strong>1401</strong><br />(-19 for losing)
|raw|Elesa13's rating: 1441 &rarr; <strong>1460</strong><br />(+19 for winning)
|l|☆futuristicFlash
|player|p1|
