|j|☆ANGEL ENGINE
|j|☆jan jakkusu
|t:|1779692259
|gametype|singles
|player|p1|ANGEL ENGINE|265|1500
|player|p2|jan jakkusu|1|1497
|gen|9
|tier|[Gen 9] OU
|rated|
|rule|HP Percentage Mod: HP is shown in percentages
|rule|Endless Battle Clause: Forcing endless battles is banned
|rule|Species Clause: Limit one of each Pokémon
|rule|OHKO Clause: OHKO moves are banned
|rule|Evasion Items Clause: Evasion items are banned
|rule|Evasion Moves Clause: Evasion moves are banned
|rule|Evasion Abilities Clause: Evasion abilities are banned
|rule|Sleep Moves Clause: Sleep-inducing moves are banned
|clearpoke
|poke|p1|Dragapult, M|
|poke|p1|Gliscor, F|
|poke|p1|Ogerpon-Wellspring, F|
|poke|p1|Iron Crown|
|poke|p1|Ting-Lu|
|poke|p1|Kingambit, M|
|poke|p2|Heatran, M|
|poke|p2|Ogerpon-Wellspring, F|
|poke|p2|Great Tusk|
|poke|p2|Kommo-o, M|
|poke|p2|Corviknight, F|
|poke|p2|Sinistcha-Masterpiece|
|teampreview
|inactive|Battle timer is ON: inactive players will automatically lose when time's up. (requested by ANGEL ENGINE)
|inactive|jan jakkusu has 120 seconds left.
|
|t:|1779692291
|teamsize|p1|6
|teamsize|p2|6
|start
|switch|p1a: Ogerpon|Ogerpon-Wellspring, F|100/100
|switch|p2a: Great Tusk|Great Tusk|100/100
|turn|1
|
|t:|1779692301
|-end|p2a: Great Tusk|Protosynthesis|[silent]
|switch|p2a: Sinistcha|Sinistcha-Masterpiece|100/100
|move|p1a: Ogerpon|Ivy Cudgel|p2a: Sinistcha|[anim] Ivy Cudgel Water
|-resisted|p2a: Sinistcha
|-damage|p2a: Sinistcha|79/100
|
|-heal|p2a: Sinistcha|85/100|[from] item: Leftovers
|upkeep
|turn|2
|
|t:|1779692309
|move|p1a: Ogerpon|U-turn|p2a: Sinistcha
|-damage|p2a: Sinistcha|66/100
|
|t:|1779692315
|switch|p1a: Dragapult|Dragapult, M|100/100|[from] U-turn
|move|p2a: Sinistcha|Matcha Gotcha|p1a: Dragapult
|-resisted|p1a: Dragapult
|-damage|p1a: Dragapult|73/100
|-heal|p2a: Sinistcha|78/100|[from] drain|[of] p1a: Dragapult
|
|-heal|p2a: Sinistcha|84/100|[from] item: Leftovers
|upkeep
|turn|3
|
|t:|1779692327
|switch|p2a: Heatran|Heatran, M|100/100
|move|p1a: Dragapult|Will-O-Wisp|p2a: Heatran
|-start|p2a: Heatran|ability: Flash Fire
|
|upkeep
|turn|4
|
|t:|1779692335
|move|p1a: Dragapult|U-turn|p2a: Heatran
|-resisted|p2a: Heatran
|-damage|p2a: Heatran|96/100
|
|t:|1779692344
|switch|p1a: Ting-Lu|Ting-Lu|100/100|[from] U-turn
|-ability|p1a: Ting-Lu|Vessel of Ruin
|move|p2a: Heatran|Magma Storm|p1a: Ting-Lu
|-damage|p1a: Ting-Lu|65/100
|-activate|p1a: Ting-Lu|move: Magma Storm|[of] p2a: Heatran
|
|-heal|p2a: Heatran|100/100|[from] item: Leftovers
|-damage|p1a: Ting-Lu|53/100|[from] move: Magma Storm|[partiallytrapped]
|upkeep
|turn|5
|
|t:|1779692355
|move|p2a: Heatran|Protect|p2a: Heatran
|-singleturn|p2a: Heatran|Protect
|move|p1a: Ting-Lu|Stealth Rock|p2a: Heatran
|-sidestart|p2: jan jakkusu|move: Stealth Rock
|
|-damage|p1a: Ting-Lu|40/100|[from] move: Magma Storm|[partiallytrapped]
|upkeep
|turn|6
|
|t:|1779692372
|-end|p2a: Heatran|ability: Flash Fire|[silent]
|switch|p2a: Great Tusk|Great Tusk|100/100
|-damage|p2a: Great Tusk|97/100|[from] Stealth Rock
|move|p1a: Ting-Lu|Ruination|p2a: Great Tusk
|-damage|p2a: Great Tusk|49/100
|
|-heal|p2a: Great Tusk|55/100|[from] item: Leftovers
|-end|p1a: Ting-Lu|Magma Storm|[partiallytrapped]|[silent]
|upkeep
|turn|7
|
|t:|1779692381
|switch|p1a: Dragapult|Dragapult, M|73/100
|move|p2a: Great Tusk|Knock Off|p1a: Dragapult
|-supereffective|p1a: Dragapult
|-damage|p1a: Dragapult|0 fnt
|-enditem|p1a: Dragapult|Heavy-Duty Boots|[from] move: Knock Off|[of] p2a: Great Tusk
|faint|p1a: Dragapult
|
|-heal|p2a: Great Tusk|61/100|[from] item: Leftovers
|upkeep
|
|t:|1779692392
|switch|p1a: Iron Crown|Iron Crown|100/100
|-enditem|p1a: Iron Crown|Booster Energy
|-activate|p1a: Iron Crown|ability: Quark Drive|[fromitem]
|-start|p1a: Iron Crown|quarkdrivespe
|turn|8
|
|t:|1779692399
|-end|p2a: Great Tusk|Protosynthesis|[silent]
|switch|p2a: Heatran|Heatran, M|100/100
|-damage|p2a: Heatran|88/100|[from] Stealth Rock
|move|p1a: Iron Crown|Psychic|p2a: Heatran
|-resisted|p2a: Heatran
|-damage|p2a: Heatran|74/100
|
|-heal|p2a: Heatran|80/100|[from] item: Leftovers
|upkeep
|turn|9
|
|t:|1779692419
|-terastallize|p1a: Iron Crown|Fighting
|move|p1a: Iron Crown|Calm Mind|p1a: Iron Crown
|-boost|p1a: Iron Crown|spa|1
|-boost|p1a: Iron Crown|spd|1
|move|p2a: Heatran|Magma Storm|p1a: Iron Crown
|-damage|p1a: Iron Crown|71/100
|-activate|p1a: Iron Crown|move: Magma Storm|[of] p2a: Heatran
|
|-heal|p2a: Heatran|86/100|[from] item: Leftovers
|-damage|p1a: Iron Crown|59/100|[from] move: Magma Storm|[partiallytrapped]
|upkeep
|turn|10
|
|t:|1779692436
|move|p2a: Heatran|Protect|p2a: Heatran
|-singleturn|p2a: Heatran|Protect
|move|p1a: Iron Crown|Calm Mind|p1a: Iron Crown
|-boost|p1a: Iron Crown|spa|1
|-boost|p1a: Iron Crown|spd|1
|
|-heal|p2a: Heatran|92/100|[from] item: Leftovers
|-damage|p1a: Iron Crown|47/100|[from] move: Magma Storm|[partiallytrapped]
|upkeep
|turn|11
|
|t:|1779692459
|move|p2a: Heatran|Protect||[still]
|-fail|p2a: Heatran
|move|p1a: Iron Crown|Focus Blast|p2a: Heatran
|-supereffective|p2a: Heatran
|-damage|p2a: Heatran|0 fnt
|faint|p2a: Heatran
|
|-end|p1a: Iron Crown|Magma Storm|[partiallytrapped]|[silent]
|upkeep
|inactive|jan jakkusu has 120 seconds left.
|
|t:|1779692474
|switch|p2a: Ogerpon|Ogerpon-Wellspring, F|100/100
|-damage|p2a: Ogerpon|88/100|[from] Stealth Rock
|turn|12
|
|t:|1779692483
|-terastallize|p2a: Ogerpon|Water
|detailschange|p2a: Ogerpon|Ogerpon-Wellspring-Tera, F, tera:Water
|-ability|p2a: Ogerpon|Embody Aspect (Wellspring)|boost
|-boost|p2a: Ogerpon|spd|1
|move|p1a: Iron Crown|Focus Blast|p2a: Ogerpon|[miss]
|-miss|p1a: Iron Crown|p2a: Ogerpon
|move|p2a: Ogerpon|Horn Leech|p1a: Iron Crown
|-damage|p1a: Iron Crown|4/100
|-heal|p2a: Ogerpon|100/100|[from] drain|[of] p1a: Iron Crown
|
|upkeep
|turn|13
|
|t:|1779692497
|move|p1a: Iron Crown|Focus Blast|p2a: Ogerpon
|-damage|p2a: Ogerpon|7/100
|move|p2a: Ogerpon|Horn Leech|p1a: Iron Crown
|-damage|p1a: Iron Crown|0 fnt
|-heal|p2a: Ogerpon|9/100|[from] drain|[of] p1a: Iron Crown
|faint|p1a: Iron Crown
|-end|p1a: Iron Crown|Quark Drive|[silent]
|
|upkeep
|
|t:|1779692504
|switch|p1a: Ogerpon|Ogerpon-Wellspring, F|100/100
|turn|14
|
|t:|1779692507
|move|p2a: Ogerpon|Horn Leech|p1a: Ogerpon
|-damage|p1a: Ogerpon|43/100
|-heal|p2a: Ogerpon|38/100|[from] drain|[of] p1a: Ogerpon
|move|p1a: Ogerpon|U-turn|p2a: Ogerpon
|-damage|p2a: Ogerpon|0 fnt
|faint|p2a: Ogerpon
|detailschange|p2: Ogerpon|Ogerpon-Wellspring, F|[silent]
|l|☆ANGEL ENGINE
|inactive|ANGEL ENGINE disconnected and has a minute to reconnect!
|player|p1|
|j|☆ANGEL ENGINE
|inactive|ANGEL ENGINE reconnected and has 145 seconds left.
|player|p1|ANGEL ENGINE|265|
|
|t:|1779692519
|switch|p1a: Gliscor|Gliscor, F|100/100|[from] U-turn
|
|-status|p1a: Gliscor|tox|[from] item: Toxic Orb
|upkeep
|
|t:|1779692540
|switch|p2a: Great Tusk|Great Tusk|61/100
|-damage|p2a: Great Tusk|58/100|[from] Stealth Rock
|turn|15
|
|t:|1779692545
|move|p1a: Gliscor|Toxic|p2a: Great Tusk
|-status|p2a: Great Tusk|tox
|move|p2a: Great Tusk|Rapid Spin|p1a: Gliscor
|-damage|p1a: Gliscor|88/100 tox
|-boost|p2a: Great Tusk|spe|1
|-sideend|p2: jan jakkusu|Stealth Rock|[from] move: Rapid Spin|[of] p2a: Great Tusk
|
|-heal|p2a: Great Tusk|64/100 tox|[from] item: Leftovers
|-damage|p2a: Great Tusk|58/100 tox|[from] psn
|-heal|p1a: Gliscor|100/100 tox|[from] ability: Poison Heal
|upkeep
|turn|16
|
|t:|1779692553
|-end|p2a: Great Tusk|Protosynthesis|[silent]
|switch|p2a: Corviknight|Corviknight, F|100/100
|-ability|p2a: Corviknight|Pressure
|move|p1a: Gliscor|Protect||[still]
|-fail|p1a: Gliscor
|
|upkeep
|turn|17
|
|t:|1779692578
|move|p1a: Gliscor|Toxic Spikes|p2a: Corviknight
|-sidestart|p2: jan jakkusu|move: Toxic Spikes
|move|p2a: Corviknight|Iron Defense|p2a: Corviknight
|-boost|p2a: Corviknight|def|2
|
|upkeep
|turn|18
|
|t:|1779692587
|switch|p1a: Ting-Lu|Ting-Lu|40/100
|-ability|p1a: Ting-Lu|Vessel of Ruin
|move|p2a: Corviknight|Iron Defense|p2a: Corviknight
|-boost|p2a: Corviknight|def|2
|
|upkeep
|turn|19
|
|t:|1779692594
|move|p1a: Ting-Lu|Ruination|p2a: Corviknight
|-damage|p2a: Corviknight|50/100
|move|p2a: Corviknight|Body Press|p1a: Ting-Lu
|-supereffective|p1a: Ting-Lu
|-damage|p1a: Ting-Lu|0 fnt
|-damage|p2a: Corviknight|34/100|[from] item: Rocky Helmet|[of] p1a: Ting-Lu
|faint|p1a: Ting-Lu
|
|-heal|p2a: Corviknight|40/100|[from] item: Leftovers
|upkeep
|
|t:|1779692601
|switch|p1a: Ogerpon|Ogerpon-Wellspring, F|43/100
|turn|20
|
|t:|1779692604
|move|p1a: Ogerpon|Ivy Cudgel|p2a: Corviknight|[anim] Ivy Cudgel Water
|-damage|p2a: Corviknight|24/100
|move|p2a: Corviknight|Roost|p2a: Corviknight
|-heal|p2a: Corviknight|74/100
|-singleturn|p2a: Corviknight|move: Roost
|
|-heal|p2a: Corviknight|80/100|[from] item: Leftovers
|upkeep
|turn|21
|
|t:|1779692614
|move|p1a: Ogerpon|Taunt|p2a: Corviknight
|-start|p2a: Corviknight|move: Taunt
|cant|p2a: Corviknight|move: Taunt|Roost
|
|-heal|p2a: Corviknight|86/100|[from] item: Leftovers
|upkeep
|turn|22
|
|t:|1779692619
|move|p1a: Ogerpon|Knock Off|p2a: Corviknight
|-damage|p2a: Corviknight|76/100
|-enditem|p2a: Corviknight|Leftovers|[from] move: Knock Off|[of] p1a: Ogerpon
|move|p2a: Corviknight|Body Press|p1a: Ogerpon
|-damage|p1a: Ogerpon|0 fnt
|faint|p1a: Ogerpon
|
|upkeep
|
|t:|1779692620
|switch|p1a: Gliscor|Gliscor, F|100/100 tox
|turn|23
|
|t:|1779692623
|move|p1a: Gliscor|Toxic Spikes|p2a: Corviknight
|-sidestart|p2: jan jakkusu|move: Toxic Spikes
|move|p2a: Corviknight|Body Press|p1a: Gliscor
|-resisted|p1a: Gliscor
|-crit|p1a: Gliscor
|-damage|p1a: Gliscor|66/100 tox
|
|-heal|p1a: Gliscor|79/100 tox|[from] ability: Poison Heal
|-end|p2a: Corviknight|move: Taunt
|upkeep
|turn|24
|
|t:|1779692629
|move|p1a: Gliscor|Toxic Spikes||[still]
|-fail|p1a: Gliscor
|move|p2a: Corviknight|Iron Defense|p2a: Corviknight
|-boost|p2a: Corviknight|def|2
|
|-heal|p1a: Gliscor|91/100 tox|[from] ability: Poison Heal
|upkeep
|turn|25
|-message|ANGEL ENGINE forfeited.
|
|win|jan jakkusu
|raw|ANGEL ENGINE's rating: 1500 &rarr; <strong>1480</strong><br />(-20 for losing)
|raw|jan jakkusu's rating: 1497 &rarr; <strong>1517</strong><br />(+20 for winning)
|l|☆ANGEL ENGINE
|player|p1|
