|j|☆rblt ryo
|j|☆wubbybubbyjr
|t:|1779599563
|gametype|singles
|player|p1|rblt ryo|grimsley-gen7|1620
|player|p2|wubbybubbyjr|preschooler|1671
|gen|9
|tier|[Gen 9] OU
|rated|
|rule|HP Percentage Mod: HP is shown in percentages
|rule|Endless Battle Clause: Forcing endless battles is banned
|rule|Species Clause: Limit one of each Pokémon
|rule|OHKO Clause: OHKO moves are banned
|rule|Evasion Items Clause: Evasion items are banned
|rule|Evasion Moves Clause: Evasion moves are banned
|rule|Evasion Abilities Clause: Evasion abilities are banned
|rule|Sleep Moves Clause: Sleep-inducing moves are banned
|clearpoke
|poke|p1|Metagross|
|poke|p1|Keldeo-Resolute|
|poke|p1|Ting-Lu|
|poke|p1|Pecharunt|
|poke|p1|Dragapult, M|
|poke|p1|Zapdos|
|poke|p2|Deoxys-Speed|
|poke|p2|Gholdengo|
|poke|p2|Great Tusk|
|poke|p2|Darkrai|
|poke|p2|Ogerpon-Wellspring, F|
|poke|p2|Dragonite, F|
|teampreview
|inactive|Battle timer is ON: inactive players will automatically lose when time's up. (requested by wubbybubbyjr)
|
|t:|1779599571
|teamsize|p1|6
|teamsize|p2|6
|start
|switch|p1a: Dragapult|Dragapult, M|100/100
|switch|p2a: Deoxys|Deoxys-Speed|100/100
|-ability|p2a: Deoxys|Pressure
|turn|1
|
|t:|1779599577
|move|p1a: Dragapult|U-turn|p2a: Deoxys
|-supereffective|p2a: Deoxys
|-damage|p2a: Deoxys|51/100
|
|t:|1779599579
|switch|p1a: Metagross|Metagross, shiny|100/100|[from] U-turn
|move|p2a: Deoxys|Stealth Rock|p1a: Metagross
|-sidestart|p1: rblt ryo|move: Stealth Rock
|
|upkeep
|turn|2
|
|t:|1779599588
|move|p2a: Deoxys|Taunt|p1a: Metagross
|-start|p1a: Metagross|move: Taunt
|move|p1a: Metagross|Knock Off|p2a: Deoxys
|-supereffective|p2a: Deoxys
|-damage|p2a: Deoxys|0 fnt
|-enditem|p2a: Deoxys|Focus Sash|[from] move: Knock Off|[of] p1a: Metagross
|faint|p2a: Deoxys
|
|upkeep
|
|t:|1779599596
|switch|p2a: Darkrai|Darkrai|100/100
|turn|3
|inactive|wubbybubbyjr has 120 seconds left.
|
|t:|1779599631
|move|p2a: Darkrai|Dark Pulse|p1a: Metagross
|-supereffective|p1a: Metagross
|-damage|p1a: Metagross|13/100
|move|p1a: Metagross|Brick Break|p2a: Darkrai
|-supereffective|p2a: Darkrai
|-damage|p2a: Darkrai|19/100
|
|upkeep
|turn|4
|
|t:|1779599637
|move|p1a: Metagross|Bullet Punch|p2a: Darkrai
|-damage|p2a: Darkrai|0 fnt
|faint|p2a: Darkrai
|
|-end|p1a: Metagross|move: Taunt
|upkeep
|
|t:|1779599640
|switch|p2a: Ogerpon|Ogerpon-Wellspring, F|100/100
|turn|5
|
|t:|1779599643
|move|p2a: Ogerpon|U-turn|p1a: Metagross
|-damage|p1a: Metagross|0 fnt
|faint|p1a: Metagross
|
|t:|1779599652
|switch|p2a: Gholdengo|Gholdengo|100/100|[from] U-turn
|
|upkeep
|
|t:|1779599666
|switch|p1a: Ting-Lu|Ting-Lu|100/100
|-damage|p1a: Ting-Lu|94/100|[from] Stealth Rock
|-ability|p1a: Ting-Lu|Vessel of Ruin
|turn|6
|
|t:|1779599673
|move|p2a: Gholdengo|Trick|p1a: Ting-Lu
|-activate|p2a: Gholdengo|move: Trick|[of] p1a: Ting-Lu
|-item|p1a: Ting-Lu|Choice Scarf|[from] move: Trick
|-item|p2a: Gholdengo|Leftovers|[from] move: Trick
|move|p1a: Ting-Lu|Stealth Rock|p2a: Gholdengo
|-sidestart|p2: wubbybubbyjr|move: Stealth Rock
|
|upkeep
|turn|7
|
|t:|1779599684
|switch|p1a: Zapdos|Zapdos|100/100
|move|p2a: Gholdengo|Shadow Ball|p1a: Zapdos
|-damage|p1a: Zapdos|52/100
|
|upkeep
|turn|8
|
|t:|1779599692
|move|p1a: Zapdos|Volt Switch|p2a: Gholdengo
|-damage|p2a: Gholdengo|59/100
|
|t:|1779599694
|switch|p1a: Ting-Lu|Ting-Lu|94/100|[from] Volt Switch
|-damage|p1a: Ting-Lu|88/100|[from] Stealth Rock
|-ability|p1a: Ting-Lu|Vessel of Ruin
|move|p2a: Gholdengo|Shadow Ball|p1a: Ting-Lu
|-resisted|p1a: Ting-Lu
|-damage|p1a: Ting-Lu|79/100
|
|-heal|p2a: Gholdengo|65/100|[from] item: Leftovers
|upkeep
|turn|9
|
|t:|1779599701
|switch|p2a: Great Tusk|Great Tusk|100/100
|move|p1a: Ting-Lu|Earthquake|p2a: Great Tusk
|-damage|p2a: Great Tusk|73/100
|
|upkeep
|turn|10
|
|t:|1779599709
|move|p2a: Great Tusk|Knock Off|p1a: Ting-Lu
|-resisted|p1a: Ting-Lu
|-damage|p1a: Ting-Lu|70/100
|-enditem|p1a: Ting-Lu|Choice Scarf|[from] move: Knock Off|[of] p2a: Great Tusk
|move|p1a: Ting-Lu|Earthquake|p2a: Great Tusk
|-damage|p2a: Great Tusk|44/100
|
|upkeep
|turn|11
|
|t:|1779599722
|switch|p1a: Dragapult|Dragapult, M|100/100
|-damage|p1a: Dragapult|88/100|[from] Stealth Rock
|move|p2a: Great Tusk|Rapid Spin|p1a: Dragapult
|-immune|p1a: Dragapult
|
|upkeep
|turn|12
|-message|wubbybubbyjr forfeited.
|
|win|rblt ryo
|raw|rblt ryo's rating: 1620 &rarr; <strong>1643</strong><br />(+23 for winning)
|raw|wubbybubbyjr's rating: 1671 &rarr; <strong>1648</strong><br />(-23 for losing)
|l|☆wubbybubbyjr
|player|p2|
