|j|☆bedonkgadong
|j|☆PepeNike
|t:|1779686014
|gametype|singles
|player|p1|bedonkgadong|102|1469
|player|p2|PepeNike|170|1449
|gen|9
|tier|[Gen 9] OU
|rated|
|rule|HP Percentage Mod: HP is shown in percentages
|rule|Endless Battle Clause: Forcing endless battles is banned
|rule|Species Clause: Limit one of each Pokémon
|rule|OHKO Clause: OHKO moves are banned
|rule|Evasion Items Clause: Evasion items are banned
|rule|Evasion Moves Clause: Evasion moves are banned
|rule|Evasion Abilities Clause: Evasion abilities are banned
|rule|Sleep Moves Clause: Sleep-inducing moves are banned
|clearpoke
|poke|p1|Weezing-Galar, M|
|poke|p1|Alomomola, F|
|poke|p1|Iron Treads|
|poke|p1|Tornadus-Therian, M|
|poke|p1|Zamazenta-*|
|poke|p1|Lokix, M|
|poke|p2|Ninetales-Alola, F|
|poke|p2|Enamorus, F|
|poke|p2|Ceruledge, F|
|poke|p2|Gliscor, M|
|poke|p2|Ogerpon-Wellspring, F|
|poke|p2|Maushold|
|teampreview
|inactive|Battle timer is ON: inactive players will automatically lose when time's up. (requested by PepeNike)
|
|t:|1779686032
|teamsize|p1|6
|teamsize|p2|6
|start
|switch|p1a: Zamazenta|Zamazenta|100/100
|switch|p2a: Ninetales|Ninetales-Alola, F|100/100
|-ability|p1a: Zamazenta|Dauntless Shield|boost
|-boost|p1a: Zamazenta|def|1
|-weather|Snowscape|[from] ability: Snow Warning|[of] p2a: Ninetales
|turn|1
|
|t:|1779686043
|move|p1a: Zamazenta|Heavy Slam|p2a: Ninetales
|-supereffective|p2a: Ninetales
|-damage|p2a: Ninetales|0 fnt
|faint|p2a: Ninetales
|
|-weather|Snowscape|[upkeep]
|upkeep
|
|t:|1779686051
|switch|p2a: Gliscor|Gliscor, M|100/100
|turn|2
|
|t:|1779686077
|switch|p1a: Alomomola|Alomomola, F|100/100
|move|p2a: Gliscor|Agility|p2a: Gliscor
|-boost|p2a: Gliscor|spe|2
|
|-weather|Snowscape|[upkeep]
|-status|p2a: Gliscor|tox|[from] item: Toxic Orb
|upkeep
|turn|3
|
|t:|1779686079
|move|p2a: Gliscor|Swords Dance|p2a: Gliscor
|-boost|p2a: Gliscor|atk|2
|move|p1a: Alomomola|Tickle|p2a: Gliscor
|-unboost|p2a: Gliscor|atk|1
|-unboost|p2a: Gliscor|def|1
|
|-weather|Snowscape|[upkeep]
|upkeep
|turn|4
|
|t:|1779686083
|move|p2a: Gliscor|Swords Dance|p2a: Gliscor
|-boost|p2a: Gliscor|atk|2
|move|p1a: Alomomola|Tickle|p2a: Gliscor
|-unboost|p2a: Gliscor|atk|1
|-unboost|p2a: Gliscor|def|1
|
|-weather|Snowscape|[upkeep]
|upkeep
|turn|5
|
|t:|1779686085
|move|p2a: Gliscor|Swords Dance|p2a: Gliscor
|-boost|p2a: Gliscor|atk|2
|move|p1a: Alomomola|Flip Turn|p2a: Gliscor
|-supereffective|p2a: Gliscor
|-damage|p2a: Gliscor|46/100 tox
|
|t:|1779686090
|switch|p1a: Lokix|Lokix, M|100/100|[from] Flip Turn
|
|-weather|none
|-heal|p2a: Gliscor|59/100 tox|[from] ability: Poison Heal
|upkeep
|turn|6
|
|t:|1779686095
|switch|p2a: Enamorus|Enamorus, F|100/100
|move|p1a: Lokix|First Impression|p2a: Enamorus
|-resisted|p2a: Enamorus
|-damage|p2a: Enamorus|50/100
|
|upkeep
|turn|7
|
|t:|1779686102
|switch|p2a: Gliscor|Gliscor, M|59/100 tox
|switch|p1a: Tornadus|Tornadus-Therian, M|100/100
|
|-heal|p2a: Gliscor|71/100 tox|[from] ability: Poison Heal
|upkeep
|turn|8
|
|t:|1779686114
|move|p1a: Tornadus|Bleakwind Storm|p2a: Gliscor
|-damage|p2a: Gliscor|24/100 tox
|-unboost|p2a: Gliscor|spe|1
|move|p2a: Gliscor|Swords Dance|p2a: Gliscor
|-boost|p2a: Gliscor|atk|2
|
|-heal|p2a: Gliscor|36/100 tox|[from] ability: Poison Heal
|upkeep
|turn|9
|
|t:|1779686120
|move|p1a: Tornadus|Heat Wave|p2a: Gliscor
|-damage|p2a: Gliscor|6/100 tox
|move|p2a: Gliscor|Facade|p1a: Tornadus
|-damage|p1a: Tornadus|0 fnt
|faint|p1a: Tornadus
|
|-heal|p2a: Gliscor|19/100 tox|[from] ability: Poison Heal
|upkeep
|
|t:|1779686127
|switch|p1a: Zamazenta|Zamazenta|100/100
|turn|10
|
|t:|1779686136
|switch|p2a: Enamorus|Enamorus, F|50/100
|move|p1a: Zamazenta|Crunch|p2a: Enamorus
|-resisted|p2a: Enamorus
|-damage|p2a: Enamorus|17/100
|
|upkeep
|turn|11
|
|t:|1779686142
|switch|p1a: Iron Treads|Iron Treads|100/100
|move|p2a: Enamorus|Moonblast|p1a: Iron Treads
|-resisted|p1a: Iron Treads
|-damage|p1a: Iron Treads|71/100
|
|-heal|p1a: Iron Treads|77/100|[from] item: Leftovers
|upkeep
|turn|12
|
|t:|1779686149
|switch|p2a: Ogerpon|Ogerpon-Wellspring, F|100/100
|move|p1a: Iron Treads|Stealth Rock|p2a: Ogerpon
|-sidestart|p2: PepeNike|move: Stealth Rock
|
|-heal|p1a: Iron Treads|83/100|[from] item: Leftovers
|upkeep
|turn|13
|
|t:|1779686156
|-end|p1a: Iron Treads|Quark Drive|[silent]
|switch|p1a: Alomomola|Alomomola, F|100/100
|move|p2a: Ogerpon|Ivy Cudgel|p1a: Alomomola|[anim] Ivy Cudgel Water
|-resisted|p1a: Alomomola
|-damage|p1a: Alomomola|82/100
|
|upkeep
|turn|14
|
|t:|1779686162
|switch|p1a: Weezing|Weezing-Galar, M|100/100
|-ability|p1a: Weezing|Neutralizing Gas
|move|p2a: Ogerpon|Swords Dance|p2a: Ogerpon
|-boost|p2a: Ogerpon|atk|2
|
|upkeep
|turn|15
|
|t:|1779686169
|move|p2a: Ogerpon|Ivy Cudgel|p1a: Weezing|[anim] Ivy Cudgel Water
|-damage|p1a: Weezing|20/100
|move|p1a: Weezing|Will-O-Wisp|p2a: Ogerpon
|-status|p2a: Ogerpon|brn
|
|-heal|p1a: Weezing|26/100|[from] item: Leftovers
|-damage|p2a: Ogerpon|95/100 brn|[from] brn
|upkeep
|turn|16
|
|t:|1779686172
|move|p1a: Weezing|Protect|p1a: Weezing
|-singleturn|p1a: Weezing|Protect
|move|p2a: Ogerpon|Ivy Cudgel|p1a: Weezing|[anim] Ivy Cudgel Water
|-activate|p1a: Weezing|move: Protect
|
|-heal|p1a: Weezing|32/100|[from] item: Leftovers
|-damage|p2a: Ogerpon|89/100 brn|[from] brn
|upkeep
|turn|17
|
|t:|1779686175
|-end|p1a: Weezing|ability: Neutralizing Gas
|switch|p1a: Alomomola|Alomomola, F|100/100
|move|p2a: Ogerpon|Ivy Cudgel|p1a: Alomomola|[anim] Ivy Cudgel Water
|-resisted|p1a: Alomomola
|-crit|p1a: Alomomola
|-damage|p1a: Alomomola|73/100
|
|-damage|p2a: Ogerpon|83/100 brn|[from] brn
|upkeep
|turn|18
|
|t:|1779686178
|move|p2a: Ogerpon|Swords Dance|p2a: Ogerpon
|-boost|p2a: Ogerpon|atk|2
|move|p1a: Alomomola|Tickle|p2a: Ogerpon
|-unboost|p2a: Ogerpon|atk|1
|-unboost|p2a: Ogerpon|def|1
|
|-damage|p2a: Ogerpon|77/100 brn|[from] brn
|upkeep
|turn|19
|
|t:|1779686180
|move|p2a: Ogerpon|Horn Leech|p1a: Alomomola
|-supereffective|p1a: Alomomola
|-damage|p1a: Alomomola|0 fnt
|-heal|p2a: Ogerpon|100/100 brn|[from] drain|[of] p1a: Alomomola
|-damage|p2a: Ogerpon|84/100 brn|[from] item: Rocky Helmet|[of] p1a: Alomomola
|faint|p1a: Alomomola
|
|-damage|p2a: Ogerpon|78/100 brn|[from] brn
|upkeep
|
|t:|1779686184
|switch|p1a: Lokix|Lokix, M|100/100
|turn|20
|
|t:|1779686190
|switch|p2a: Gliscor|Gliscor, M|19/100 tox
|-damage|p2a: Gliscor|6/100 tox|[from] Stealth Rock
|move|p1a: Lokix|U-turn|p2a: Gliscor
|-resisted|p2a: Gliscor
|-damage|p2a: Gliscor|0 fnt
|faint|p2a: Gliscor
|
|t:|1779686194
|switch|p1a: Weezing|Weezing-Galar, M|32/100|[from] U-turn
|-ability|p1a: Weezing|Neutralizing Gas
|
|-heal|p1a: Weezing|38/100|[from] item: Leftovers
|upkeep
|
|t:|1779686207
|switch|p2a: Maushold|Maushold|100/100
|-damage|p2a: Maushold|88/100|[from] Stealth Rock
|turn|21
|
|t:|1779686217
|switch|p2a: Ceruledge|Ceruledge, F|100/100
|-damage|p2a: Ceruledge|76/100|[from] Stealth Rock
|move|p1a: Weezing|Will-O-Wisp|p2a: Ceruledge|[miss]
|-miss|p1a: Weezing|p2a: Ceruledge
|
|-heal|p2a: Ceruledge|82/100|[from] item: Leftovers
|-heal|p1a: Weezing|44/100|[from] item: Leftovers
|upkeep
|turn|22
|
|t:|1779686232
|move|p2a: Ceruledge|Bulk Up|p2a: Ceruledge
|-boost|p2a: Ceruledge|atk|1
|-boost|p2a: Ceruledge|def|1
|move|p1a: Weezing|Toxic|p2a: Ceruledge
|-status|p2a: Ceruledge|tox
|
|-heal|p2a: Ceruledge|88/100 tox|[from] item: Leftovers
|-heal|p1a: Weezing|50/100|[from] item: Leftovers
|-damage|p2a: Ceruledge|82/100 tox|[from] psn
|upkeep
|turn|23
|
|t:|1779686242
|move|p1a: Weezing|Protect|p1a: Weezing
|-singleturn|p1a: Weezing|Protect
|move|p2a: Ceruledge|Bulk Up|p2a: Ceruledge
|-boost|p2a: Ceruledge|atk|1
|-boost|p2a: Ceruledge|def|1
|
|-heal|p2a: Ceruledge|88/100 tox|[from] item: Leftovers
|-heal|p1a: Weezing|56/100|[from] item: Leftovers
|-damage|p2a: Ceruledge|76/100 tox|[from] psn
|upkeep
|turn|24
|
|t:|1779686248
|move|p2a: Ceruledge|Bitter Blade|p1a: Weezing
|-damage|p1a: Weezing|4/100
|-heal|p2a: Ceruledge|100/100 tox|[from] drain|[of] p1a: Weezing
|move|p1a: Weezing|Toxic|p2a: Ceruledge
|-fail|p2a: Ceruledge|tox
|
|-heal|p1a: Weezing|10/100|[from] item: Leftovers
|-damage|p2a: Ceruledge|82/100 tox|[from] psn
|upkeep
|turn|25
|
|t:|1779686252
|move|p1a: Weezing|Protect|p1a: Weezing
|-singleturn|p1a: Weezing|Protect
|move|p2a: Ceruledge|Bulk Up|p2a: Ceruledge
|-boost|p2a: Ceruledge|atk|1
|-boost|p2a: Ceruledge|def|1
|
|-heal|p2a: Ceruledge|88/100 tox|[from] item: Leftovers
|-heal|p1a: Weezing|16/100|[from] item: Leftovers
|-damage|p2a: Ceruledge|63/100 tox|[from] psn
|upkeep
|turn|26
|
|t:|1779686254
|move|p1a: Weezing|Protect|p1a: Weezing
|-singleturn|p1a: Weezing|Protect
|move|p2a: Ceruledge|Bitter Blade|p1a: Weezing
|-activate|p1a: Weezing|move: Protect
|
|-heal|p2a: Ceruledge|69/100 tox|[from] item: Leftovers
|-heal|p1a: Weezing|22/100|[from] item: Leftovers
|-damage|p2a: Ceruledge|38/100 tox|[from] psn
|upkeep
|turn|27
|
|t:|1779686264
|move|p1a: Weezing|Protect||[still]
|-fail|p1a: Weezing
|move|p2a: Ceruledge|Bitter Blade|p1a: Weezing
|-damage|p1a: Weezing|0 fnt
|-heal|p2a: Ceruledge|48/100 tox|[from] drain|[of] p1a: Weezing
|faint|p1a: Weezing
|-end|p1a: Weezing|ability: Neutralizing Gas
|
|-heal|p2a: Ceruledge|54/100 tox|[from] item: Leftovers
|-damage|p2a: Ceruledge|17/100 tox|[from] psn
|upkeep
|
|t:|1779686268
|switch|p1a: Lokix|Lokix, M|100/100
|turn|28
|
|t:|1779686274
|move|p1a: Lokix|First Impression|p2a: Ceruledge
|-resisted|p2a: Ceruledge
|-damage|p2a: Ceruledge|2/100 tox
|move|p2a: Ceruledge|Shadow Sneak|p1a: Lokix
|-resisted|p1a: Lokix
|-damage|p1a: Lokix|70/100
|
|-heal|p2a: Ceruledge|8/100 tox|[from] item: Leftovers
|-damage|p2a: Ceruledge|0 fnt|[from] psn
|faint|p2a: Ceruledge
|upkeep
|
|t:|1779686280
|switch|p2a: Maushold|Maushold|88/100
|-damage|p2a: Maushold|76/100|[from] Stealth Rock
|turn|29
|
|t:|1779686283
|switch|p1a: Zamazenta|Zamazenta|100/100
|move|p2a: Maushold|Tidy Up|p2a: Maushold
|-sideend|p2: PepeNike|Stealth Rock
|-activate|p2a: Maushold|move: Tidy Up
|-boost|p2a: Maushold|atk|1
|-boost|p2a: Maushold|spe|1
|
|upkeep
|turn|30
|
|t:|1779686290
|move|p2a: Maushold|Population Bomb|p1a: Zamazenta
|-damage|p1a: Zamazenta|85/100
|-damage|p1a: Zamazenta|70/100
|-damage|p1a: Zamazenta|55/100
|-damage|p1a: Zamazenta|40/100
|-crit|p1a: Zamazenta
|-damage|p1a: Zamazenta|15/100
|-damage|p1a: Zamazenta|0 fnt
|faint|p1a: Zamazenta
|-hitcount|p1: Zamazenta|6
|
|upkeep
|
|t:|1779686293
|switch|p1a: Lokix|Lokix, M|70/100
|turn|31
|
|t:|1779686306
|switch|p2a: Ogerpon|Ogerpon-Wellspring, F|78/100 brn
|-terastallize|p1a: Lokix|Bug
|move|p1a: Lokix|First Impression|p2a: Ogerpon
|-supereffective|p2a: Ogerpon
|-damage|p2a: Ogerpon|0 fnt
|faint|p2a: Ogerpon
|
|upkeep
|
|t:|1779686315
|switch|p2a: Maushold|Maushold|76/100
|turn|32
|
|t:|1779686328
|switch|p1a: Iron Treads|Iron Treads|83/100
|move|p2a: Maushold|Population Bomb|p1a: Iron Treads
|-resisted|p1a: Iron Treads
|-damage|p1a: Iron Treads|79/100
|-resisted|p1a: Iron Treads
|-damage|p1a: Iron Treads|74/100
|-resisted|p1a: Iron Treads
|-damage|p1a: Iron Treads|69/100
|-resisted|p1a: Iron Treads
|-damage|p1a: Iron Treads|65/100
|-resisted|p1a: Iron Treads
|-damage|p1a: Iron Treads|61/100
|-resisted|p1a: Iron Treads
|-damage|p1a: Iron Treads|57/100
|-resisted|p1a: Iron Treads
|-damage|p1a: Iron Treads|53/100
|-resisted|p1a: Iron Treads
|-damage|p1a: Iron Treads|48/100
|-resisted|p1a: Iron Treads
|-damage|p1a: Iron Treads|44/100
|-resisted|p1a: Iron Treads
|-damage|p1a: Iron Treads|40/100
|-hitcount|p1a: Iron Treads|10
|
|-heal|p1a: Iron Treads|46/100|[from] item: Leftovers
|upkeep
|turn|33
|
|t:|1779686341
|move|p2a: Maushold|Population Bomb|p1a: Iron Treads
|-resisted|p1a: Iron Treads
|-damage|p1a: Iron Treads|42/100
|-resisted|p1a: Iron Treads
|-damage|p1a: Iron Treads|37/100
|-resisted|p1a: Iron Treads
|-damage|p1a: Iron Treads|32/100
|-resisted|p1a: Iron Treads
|-damage|p1a: Iron Treads|28/100
|-resisted|p1a: Iron Treads
|-damage|p1a: Iron Treads|24/100
|-resisted|p1a: Iron Treads
|-damage|p1a: Iron Treads|19/100
|-resisted|p1a: Iron Treads
|-damage|p1a: Iron Treads|14/100
|-resisted|p1a: Iron Treads
|-damage|p1a: Iron Treads|10/100
|-resisted|p1a: Iron Treads
|-damage|p1a: Iron Treads|5/100
|-resisted|p1a: Iron Treads
|-damage|p1a: Iron Treads|1/100
|-hitcount|p1a: Iron Treads|10
|move|p1a: Iron Treads|Stealth Rock|p2a: Maushold
|-sidestart|p2: PepeNike|move: Stealth Rock
|
|-heal|p1a: Iron Treads|7/100|[from] item: Leftovers
|upkeep
|turn|34
|
|t:|1779686351
|-end|p1a: Iron Treads|Quark Drive|[silent]
|switch|p1a: Lokix|Lokix, M, tera:Bug|70/100
|move|p2a: Maushold|Bite|p1a: Lokix
|-damage|p1a: Lokix|37/100
|
|upkeep
|turn|35
|
|t:|1779686356
|switch|p2a: Enamorus|Enamorus, F|17/100
|-damage|p2a: Enamorus|0 fnt|[from] Stealth Rock
|faint|p2a: Enamorus
|move|p1a: Lokix|First Impression|p2: Enamorus|[notarget]
|-fail|p1a: Lokix
|
|upkeep
|
|t:|1779686360
|switch|p2a: Maushold|Maushold|76/100
|-damage|p2a: Maushold|63/100|[from] Stealth Rock
|turn|36
|
|t:|1779686362
|switch|p1a: Iron Treads|Iron Treads|7/100
|move|p2a: Maushold|Tidy Up|p2a: Maushold
|-sideend|p2: PepeNike|Stealth Rock
|-activate|p2a: Maushold|move: Tidy Up
|-boost|p2a: Maushold|atk|1
|-boost|p2a: Maushold|spe|1
|
|-heal|p1a: Iron Treads|13/100|[from] item: Leftovers
|upkeep
|turn|37
|
|t:|1779686365
|move|p2a: Maushold|Population Bomb|p1a: Iron Treads
|-resisted|p1a: Iron Treads
|-damage|p1a: Iron Treads|7/100
|-resisted|p1a: Iron Treads
|-damage|p1a: Iron Treads|0 fnt
|faint|p1a: Iron Treads
|-end|p1a: Iron Treads|Quark Drive|[silent]
|-hitcount|p1: Iron Treads|2
|
|upkeep
|
|t:|1779686366
|switch|p1a: Lokix|Lokix, M, tera:Bug|37/100
|turn|38
|
|t:|1779686368
|-terastallize|p2a: Maushold|Ghost
|move|p1a: Lokix|First Impression|p2a: Maushold
|-resisted|p2a: Maushold
|-damage|p2a: Maushold|0 fnt
|faint|p2a: Maushold
|
|win|bedonkgadong
|raw|bedonkgadong's rating: 1469 &rarr; <strong>1488</strong><br />(+19 for winning)
|raw|PepeNike's rating: 1449 &rarr; <strong>1430</strong><br />(-19 for losing)
|l|☆PepeNike
|player|p2|
|l|☆bedonkgadong
|player|p1|
