|j|☆imnotspoopid
|j|☆blm monotype
|t:|1779630338
|gametype|singles
|player|p1|imnotspoopid|clown|1122
|player|p2|blm monotype|unknown|1157
|gen|9
|tier|[Gen 9] OU
|rated|
|rule|HP Percentage Mod: HP is shown in percentages
|rule|Endless Battle Clause: Forcing endless battles is banned
|rule|Species Clause: Limit one of each Pokémon
|rule|OHKO Clause: OHKO moves are banned
|rule|Evasion Items Clause: Evasion items are banned
|rule|Evasion Moves Clause: Evasion moves are banned
|rule|Evasion Abilities Clause: Evasion abilities are banned
|rule|Sleep Moves Clause: Sleep-inducing moves are banned
|clearpoke
|poke|p1|Ambipom, M|
|poke|p1|Azelf|
|poke|p1|Kyurem|
|poke|p1|Hitmontop, M|
|poke|p1|Talonflame, F|
|poke|p1|Masquerain, M|
|poke|p2|Great Tusk|
|poke|p2|Pecharunt|
|poke|p2|Raging Bolt|
|poke|p2|Meowscarada, M|
|poke|p2|Primarina, M|
|poke|p2|Scizor, M|
|teampreview
|inactive|Battle timer is ON: inactive players will automatically lose when time's up. (requested by imnotspoopid)
|
|t:|1779630346
|teamsize|p1|6
|teamsize|p2|6
|start
|switch|p1a: Azelf|Azelf|100/100
|switch|p2a: m|Meowscarada, M, shiny|100/100
|turn|1
|
|t:|1779630352
|move|p2a: m|U-turn|p1a: Azelf
|-start|p2a: m|typechange|Bug|[from] ability: Protean
|-supereffective|p1a: Azelf
|-damage|p1a: Azelf|0 fnt
|faint|p1a: Azelf
|
|t:|1779630357
|switch|p2a: gt|Great Tusk, shiny|100/100|[from] U-turn
|
|upkeep
|
|t:|1779630368
|switch|p1a: Ambipom|Ambipom, M|100/100
|turn|2
|
|t:|1779630373
|-end|p2a: gt|Protosynthesis|[silent]
|switch|p2a: pr|Pecharunt|100/100
|-item|p2a: pr|Air Balloon
|-terastallize|p1a: Ambipom|Water
|move|p1a: Ambipom|Nasty Plot|p1a: Ambipom
|-boost|p1a: Ambipom|spa|2
|
|upkeep
|turn|3
|
|t:|1779630380
|move|p1a: Ambipom|Shadow Ball|p2a: pr
|-supereffective|p2a: pr
|-damage|p2a: pr|37/100
|-enditem|p2a: pr|Air Balloon
|move|p2a: pr|Malignant Chain|p1a: Ambipom
|-damage|p1a: Ambipom|47/100
|-enditem|p1a: Ambipom|Sitrus Berry|[eat]
|-heal|p1a: Ambipom|72/100|[from] item: Sitrus Berry
|
|upkeep
|turn|4
|
|t:|1779630388
|switch|p2a: p|Primarina, M, shiny|100/100
|move|p1a: Ambipom|Shadow Ball|p2a: p
|-damage|p2a: p|84/100
|
|upkeep
|turn|5
|
|t:|1779630393
|move|p1a: Ambipom|Swift|p2a: p
|-damage|p2a: p|56/100
|move|p2a: p|Moonblast|p1a: Ambipom
|-damage|p1a: Ambipom|0 fnt
|faint|p1a: Ambipom
|
|upkeep
|
|t:|1779630407
|switch|p1a: Masquerain|Masquerain, M|100/100
|-ability|p1a: Masquerain|Intimidate|boost
|-unboost|p2a: p|atk|1
|turn|6
|
|t:|1779630426
|switch|p1a: Talonflame|Talonflame, F|100/100
|move|p2a: p|Flip Turn|p1a: Talonflame
|-supereffective|p1a: Talonflame
|-damage|p1a: Talonflame|68/100
|
|t:|1779630437
|switch|p2a: rb|Raging Bolt|100/100|[from] Flip Turn
|
|upkeep
|turn|7
|
|t:|1779630442
|move|p1a: Talonflame|Tailwind|p1a: Talonflame
|-sidestart|p1: imnotspoopid|move: Tailwind
|move|p2a: rb|Volt Switch|p1a: Talonflame
|-supereffective|p1a: Talonflame
|-damage|p1a: Talonflame|0 fnt
|faint|p1a: Talonflame
|
|t:|1779630446
|-end|p2a: rb|Protosynthesis|[silent]
|switch|p2a: gt|Great Tusk, shiny|100/100|[from] Volt Switch
|
|upkeep
|
|t:|1779630451
|switch|p1a: Kyurem|Kyurem, shiny|100/100
|-ability|p1a: Kyurem|Pressure
|turn|8
|
|t:|1779630453
|-end|p2a: gt|Protosynthesis|[silent]
|switch|p2a: p|Primarina, M, shiny|56/100
|move|p1a: Kyurem|Dragon Dance|p1a: Kyurem
|-boost|p1a: Kyurem|atk|1
|-boost|p1a: Kyurem|spe|1
|
|upkeep
|turn|9
|
|t:|1779630459
|move|p1a: Kyurem|Iron Head|p2a: p
|-damage|p2a: p|5/100
|move|p2a: p|Moonblast|p1a: Kyurem
|-supereffective|p1a: Kyurem
|-damage|p1a: Kyurem|6/100
|
|upkeep
|turn|10
|
|t:|1779630467
|move|p1a: Kyurem|Icicle Spear|p2a: p
|-resisted|p2a: p
|-damage|p2a: p|0 fnt
|faint|p2a: p
|-hitcount|p2: p|1
|
|-sideend|p1: imnotspoopid|move: Tailwind
|upkeep
|
|t:|1779630469
|switch|p2a: m|Meowscarada, M, shiny|100/100
|turn|11
|
|t:|1779630473
|move|p2a: m|U-turn|p1a: Kyurem
|-start|p2a: m|typechange|Bug|[from] ability: Protean
|-damage|p1a: Kyurem|0 fnt
|faint|p1a: Kyurem
|
|t:|1779630491
|switch|p2a: pr|Pecharunt|37/100|[from] U-turn
|
|upkeep
|
|t:|1779630495
|switch|p1a: Masquerain|Masquerain, M|100/100
|-ability|p1a: Masquerain|Intimidate|boost
|-unboost|p2a: pr|atk|1
|turn|12
|
|t:|1779630499
|move|p1a: Masquerain|Acrobatics|p2a: pr
|-damage|p2a: pr|30/100
|move|p2a: pr|Parting Shot|p1a: Masquerain
|-unboost|p1a: Masquerain|atk|1
|-unboost|p1a: Masquerain|spa|1
|
|t:|1779630503
|switch|p2a: rb|Raging Bolt|100/100|[from] Parting Shot
|
|upkeep
|turn|13
|
|t:|1779630508
|move|p1a: Masquerain|U-turn|p2a: rb
|-damage|p2a: rb|88/100
|
|t:|1779630511
|switch|p1a: Hitmontop|Hitmontop, M|100/100|[from] U-turn
|-ability|p1a: Hitmontop|Intimidate|boost
|-unboost|p2a: rb|atk|1
|move|p2a: rb|Thunderbolt|p1a: Hitmontop
|-damage|p1a: Hitmontop|23/100
|
|upkeep
|turn|14
|
|t:|1779630517
|move|p2a: rb|Thunderbolt|p1a: Hitmontop
|-damage|p1a: Hitmontop|0 fnt
|faint|p1a: Hitmontop
|
|upkeep
|
|t:|1779630520
|switch|p1a: Masquerain|Masquerain, M|100/100
|-ability|p1a: Masquerain|Intimidate|boost
|-unboost|p2a: rb|atk|1
|turn|15
|
|t:|1779630523
|move|p1a: Masquerain|U-turn|p2a: rb
|-damage|p2a: rb|67/100
|move|p2a: rb|Thunderbolt|p1a: Masquerain
|-supereffective|p1a: Masquerain
|-damage|p1a: Masquerain|0 fnt
|faint|p1a: Masquerain
|
|win|blm monotype
|raw|imnotspoopid's rating: 1122 &rarr; <strong>1100</strong><br />(-22 for losing)
|raw|blm monotype's rating: 1157 &rarr; <strong>1179</strong><br />(+22 for winning)
|c|☆imnotspoopid|gg
|c|☆blm monotype|gg
|l|☆blm monotype
|player|p2|
|l|☆imnotspoopid
|player|p1|
