|j|‽antonitaly
|j|☆greattrainer123
|t:|1779615071
|gametype|singles
|player|p1|antonitaly|nate|1387
|player|p2|greattrainer123|2|1393
|gen|9
|tier|[Gen 9] OU
|rated|
|rule|HP Percentage Mod: HP is shown in percentages
|rule|Endless Battle Clause: Forcing endless battles is banned
|rule|Species Clause: Limit one of each Pokémon
|rule|OHKO Clause: OHKO moves are banned
|rule|Evasion Items Clause: Evasion items are banned
|rule|Evasion Moves Clause: Evasion moves are banned
|rule|Evasion Abilities Clause: Evasion abilities are banned
|rule|Sleep Moves Clause: Sleep-inducing moves are banned
|clearpoke
|poke|p1|Landorus-Therian, M|
|poke|p1|Ceruledge, M|
|poke|p1|Darkrai|
|poke|p1|Glimmora, M|
|poke|p1|Ogerpon, F|
|poke|p1|Raging Bolt|
|poke|p2|Alomomola, F|
|poke|p2|Zamazenta-*|
|poke|p2|Lokix, F|
|poke|p2|Dragapult, F|
|poke|p2|Corviknight, M|
|poke|p2|Swampert, F|
|teampreview
|inactive|Battle timer is ON: inactive players will automatically lose when time's up. (requested by greattrainer123)
|
|t:|1779615088
|teamsize|p1|6
|teamsize|p2|6
|start
|switch|p1a: Landorus|Landorus-Therian, M|100/100
|switch|p2a: Dragapult|Dragapult, F|100/100
|-ability|p1a: Landorus|Intimidate|boost
|-unboost|p2a: Dragapult|atk|1
|turn|1
|
|t:|1779615095
|-terastallize|p2a: Dragapult|Dragon
|move|p2a: Dragapult|Draco Meteor|p1a: Landorus
|-damage|p1a: Landorus|0 fnt
|-unboost|p2a: Dragapult|spa|2
|faint|p1a: Landorus
|
|upkeep
|
|t:|1779615102
|switch|p1a: Darkrai|Darkrai|100/100
|turn|2
|
|t:|1779615108
|switch|p2a: Corviknight|Corviknight, M|100/100
|move|p1a: Darkrai|Ice Beam|p2a: Corviknight
|-damage|p2a: Corviknight|78/100
|
|-heal|p2a: Corviknight|84/100|[from] item: Leftovers
|upkeep
|turn|3
|
|t:|1779615115
|move|p1a: Darkrai|Dark Pulse|p2a: Corviknight
|-damage|p2a: Corviknight|57/100
|move|p2a: Corviknight|U-turn|p1a: Darkrai
|-supereffective|p1a: Darkrai
|-damage|p1a: Darkrai|63/100
|
|t:|1779615121
|switch|p2a: Zamazenta|Zamazenta|100/100|[from] U-turn
|-ability|p2a: Zamazenta|Dauntless Shield|boost
|-boost|p2a: Zamazenta|def|1
|
|upkeep
|turn|4
|
|t:|1779615128
|switch|p1a: Ceruledge|Ceruledge, M|100/100
|move|p2a: Zamazenta|Close Combat|p1a: Ceruledge
|-immune|p1a: Ceruledge
|
|upkeep
|turn|5
|
|t:|1779615135
|switch|p2a: Alomomola|Alomomola, F|100/100
|move|p1a: Ceruledge|Will-O-Wisp|p2a: Alomomola|[miss]
|-miss|p1a: Ceruledge|p2a: Alomomola
|
|upkeep
|turn|6
|
|t:|1779615144
|switch|p1a: Raging Bolt|Raging Bolt|100/100
|move|p2a: Alomomola|Acrobatics|p1a: Raging Bolt
|-resisted|p1a: Raging Bolt
|-damage|p1a: Raging Bolt|96/100
|
|-heal|p1a: Raging Bolt|100/100|[from] item: Leftovers
|upkeep
|turn|7
|
|t:|1779615152
|switch|p2a: Swampert|Swampert, F|100/100
|move|p1a: Raging Bolt|Dragon Pulse|p2a: Swampert
|-damage|p2a: Swampert|56/100
|
|upkeep
|turn|8
|
|t:|1779615159
|move|p1a: Raging Bolt|Dragon Pulse|p2a: Swampert
|-damage|p2a: Swampert|10/100
|move|p2a: Swampert|Earthquake|p1a: Raging Bolt
|-supereffective|p1a: Raging Bolt
|-damage|p1a: Raging Bolt|2/100
|
|-heal|p1a: Raging Bolt|8/100|[from] item: Leftovers
|upkeep
|turn|9
|
|t:|1779615169
|move|p1a: Raging Bolt|Dragon Pulse|p2a: Swampert
|-damage|p2a: Swampert|0 fnt
|faint|p2a: Swampert
|
|-heal|p1a: Raging Bolt|14/100|[from] item: Leftovers
|upkeep
|
|t:|1779615172
|switch|p2a: Lokix|Lokix, F|100/100
|turn|10
|
|t:|1779615179
|-end|p1a: Raging Bolt|Protosynthesis|[silent]
|switch|p1a: Ceruledge|Ceruledge, M|100/100
|move|p2a: Lokix|First Impression|p1a: Ceruledge
|-resisted|p1a: Ceruledge
|-damage|p1a: Ceruledge|51/100
|-ability|p1a: Ceruledge|Weak Armor|boost
|-unboost|p1a: Ceruledge|def|1
|-boost|p1a: Ceruledge|spe|2
|
|upkeep
|turn|11
|
|t:|1779615188
|switch|p2a: Alomomola|Alomomola, F|100/100
|move|p1a: Ceruledge|Will-O-Wisp|p2a: Alomomola
|-status|p2a: Alomomola|brn
|
|-damage|p2a: Alomomola|94/100 brn|[from] brn
|upkeep
|turn|12
|
|t:|1779615198
|switch|p1a: Ogerpon|Ogerpon, F|100/100
|move|p2a: Alomomola|Flip Turn|p1a: Ogerpon
|-resisted|p1a: Ogerpon
|-damage|p1a: Ogerpon|95/100
|
|t:|1779615204
|switch|p2a: Lokix|Lokix, F|100/100|[from] Flip Turn
|
|upkeep
|turn|13
|
|t:|1779615209
|switch|p1a: Glimmora|Glimmora, M|100/100
|move|p2a: Lokix|U-turn|p1a: Glimmora
|-resisted|p1a: Glimmora
|-damage|p1a: Glimmora|34/100
|-activate|p1a: Glimmora|ability: Toxic Debris
|-sidestart|p2: greattrainer123|move: Toxic Spikes
|
|t:|1779615217
|switch|p2a: Corviknight|Corviknight, M|57/100|[from] U-turn
|
|-heal|p2a: Corviknight|63/100|[from] item: Leftovers
|upkeep
|turn|14
|
|t:|1779615222
|move|p1a: Glimmora|Power Gem|p2a: Corviknight
|-damage|p2a: Corviknight|34/100
|move|p2a: Corviknight|Roost|p2a: Corviknight
|-heal|p2a: Corviknight|84/100
|-singleturn|p2a: Corviknight|move: Roost
|
|-heal|p2a: Corviknight|90/100|[from] item: Leftovers
|upkeep
|turn|15
|-message|antonitaly forfeited.
|
|win|greattrainer123
|raw|antonitaly's rating: 1387 &rarr; <strong>1367</strong><br />(-20 for losing)
|raw|greattrainer123's rating: 1393 &rarr; <strong>1413</strong><br />(+20 for winning)
|l|‽antonitaly
|player|p1|
|l|☆greattrainer123
|player|p2|
