|j|☆claudechamp
|j|☆Leo-Chirisu
|t:|1779580186
|gametype|singles
|player|p1|claudechamp|101|1297
|player|p2|Leo-Chirisu|aaron|1306
|gen|9
|tier|[Gen 9] OU
|rated|
|rule|HP Percentage Mod: HP is shown in percentages
|rule|Endless Battle Clause: Forcing endless battles is banned
|rule|Species Clause: Limit one of each Pokémon
|rule|OHKO Clause: OHKO moves are banned
|rule|Evasion Items Clause: Evasion items are banned
|rule|Evasion Moves Clause: Evasion moves are banned
|rule|Evasion Abilities Clause: Evasion abilities are banned
|rule|Sleep Moves Clause: Sleep-inducing moves are banned
|clearpoke
|poke|p1|Gliscor, M|
|poke|p1|Gholdengo|
|poke|p1|Zamazenta-*|
|poke|p1|Blissey, F|
|poke|p1|Skarmory, F|
|poke|p1|Pecharunt|
|poke|p2|Rillaboom, M|
|poke|p2|Moltres|
|poke|p2|Regieleki|
|poke|p2|Alomomola, M|
|poke|p2|Ting-Lu|
|poke|p2|Ogerpon-Cornerstone, F|
|teampreview
|c|☆claudechamp|hf
|inactive|Battle timer is ON: inactive players will automatically lose when time's up. (requested by claudechamp)
|
|t:|1779580199
|teamsize|p1|6
|teamsize|p2|6
|start
|switch|p1a: Skarmory|Skarmory, F|100/100
|switch|p2a: Alomomola|Alomomola, M|100/100
|turn|1
|
|t:|1779580219
|move|p1a: Skarmory|Spikes|p2a: Alomomola
|-sidestart|p2: Leo-Chirisu|Spikes
|move|p2a: Alomomola|Flip Turn|p1a: Skarmory
|-damage|p1a: Skarmory|80/100
|
|t:|1779580226
|switch|p2a: Moltres|Moltres|100/100|[from] Flip Turn
|
|upkeep
|turn|2
|
|t:|1779580236
|move|p2a: Moltres|U-turn|p1a: Skarmory
|-resisted|p1a: Skarmory
|-damage|p1a: Skarmory|78/100
|
|t:|1779580247
|switch|p2a: Alomomola|Alomomola, M|100/100|[from] U-turn
|-damage|p2a: Alomomola|88/100|[from] Spikes
|move|p1a: Skarmory|Body Press|p2a: Alomomola
|-damage|p2a: Alomomola|69/100
|
|upkeep
|turn|3
|
|t:|1779580256
|move|p1a: Skarmory|Spikes|p2a: Alomomola
|-sidestart|p2: Leo-Chirisu|Spikes
|move|p2a: Alomomola|Flip Turn|p1a: Skarmory
|-damage|p1a: Skarmory|56/100
|
|t:|1779580265
|switch|p2a: Moltres|Moltres|100/100|[from] Flip Turn
|
|upkeep
|turn|4
|
|t:|1779580272
|move|p2a: Moltres|U-turn|p1a: Skarmory
|-resisted|p1a: Skarmory
|-damage|p1a: Skarmory|53/100
|
|t:|1779580282
|switch|p2a: Alomomola|Alomomola, M|100/100|[from] U-turn
|-damage|p2a: Alomomola|84/100|[from] Spikes
|move|p1a: Skarmory|Roost|p1a: Skarmory
|-heal|p1a: Skarmory|100/100
|-singleturn|p1a: Skarmory|move: Roost
|
|upkeep
|turn|5
|
|t:|1779580289
|switch|p1a: Gliscor|Gliscor, M|100/100
|move|p2a: Alomomola|Flip Turn|p1a: Gliscor
|-supereffective|p1a: Gliscor
|-damage|p1a: Gliscor|44/100
|
|t:|1779580308
|switch|p2a: Moltres|Moltres|100/100|[from] Flip Turn
|
|-status|p1a: Gliscor|tox|[from] item: Toxic Orb
|upkeep
|turn|6
|
|t:|1779580321
|switch|p2a: Rillaboom|Rillaboom, M|100/100
|-damage|p2a: Rillaboom|84/100|[from] Spikes
|-fieldstart|move: Grassy Terrain|[from] ability: Grassy Surge|[of] p2a: Rillaboom
|move|p1a: Gliscor|Knock Off|p2a: Rillaboom
|-damage|p2a: Rillaboom|59/100
|-enditem|p2a: Rillaboom|Choice Band|[from] move: Knock Off|[of] p1a: Gliscor
|
|-heal|p2a: Rillaboom|66/100|[from] Grassy Terrain
|-heal|p1a: Gliscor|57/100 tox|[from] ability: Poison Heal
|upkeep
|turn|7
|
|t:|1779580333
|switch|p1a: Pecharunt|Pecharunt|100/100
|move|p2a: Rillaboom|Knock Off|p1a: Pecharunt
|-supereffective|p1a: Pecharunt
|-damage|p1a: Pecharunt|69/100
|-enditem|p1a: Pecharunt|Heavy-Duty Boots|[from] move: Knock Off|[of] p2a: Rillaboom
|
|-heal|p2a: Rillaboom|72/100|[from] Grassy Terrain
|-heal|p1a: Pecharunt|75/100|[from] Grassy Terrain
|upkeep
|turn|8
|
|t:|1779580346
|move|p2a: Rillaboom|U-turn|p1a: Pecharunt
|-resisted|p1a: Pecharunt
|-damage|p1a: Pecharunt|72/100
|
|t:|1779580348
|switch|p2a: Alomomola|Alomomola, M|100/100|[from] U-turn
|-damage|p2a: Alomomola|84/100|[from] Spikes
|move|p1a: Pecharunt|Toxic|p2a: Alomomola
|-status|p2a: Alomomola|tox
|-start|p2a: Alomomola|confusion|[from] ability: Poison Puppeteer|[of] p1a: Pecharunt
|
|-heal|p1a: Pecharunt|78/100|[from] Grassy Terrain
|-heal|p2a: Alomomola|90/100 tox|[from] Grassy Terrain
|-damage|p2a: Alomomola|84/100 tox|[from] psn
|upkeep
|turn|9
|
|t:|1779580362
|switch|p2a: Ting-Lu|Ting-Lu|100/100
|-damage|p2a: Ting-Lu|84/100|[from] Spikes
|-ability|p2a: Ting-Lu|Vessel of Ruin
|move|p1a: Pecharunt|Recover|p1a: Pecharunt
|-heal|p1a: Pecharunt|100/100
|
|-heal|p2a: Ting-Lu|90/100|[from] Grassy Terrain
|upkeep
|turn|10
|
|t:|1779580374
|move|p1a: Pecharunt|Parting Shot|p2a: Ting-Lu
|-unboost|p2a: Ting-Lu|atk|1
|-unboost|p2a: Ting-Lu|spa|1
|
|t:|1779580384
|switch|p1a: Gliscor|Gliscor, M|57/100 tox|[from] Parting Shot
|move|p2a: Ting-Lu|Stealth Rock|p1a: Gliscor
|-sidestart|p1: claudechamp|move: Stealth Rock
|
|-heal|p2a: Ting-Lu|96/100|[from] Grassy Terrain
|-heal|p1a: Gliscor|69/100 tox|[from] ability: Poison Heal
|-fieldend|move: Grassy Terrain
|upkeep
|turn|11
|
|t:|1779580392
|move|p1a: Gliscor|Swords Dance|p1a: Gliscor
|-boost|p1a: Gliscor|atk|2
|move|p2a: Ting-Lu|Spikes|p1a: Gliscor
|-sidestart|p1: claudechamp|Spikes
|
|-heal|p1a: Gliscor|82/100 tox|[from] ability: Poison Heal
|upkeep
|turn|12
|
|t:|1779580394
|move|p1a: Gliscor|Knock Off|p2a: Ting-Lu
|-resisted|p2a: Ting-Lu
|-damage|p2a: Ting-Lu|88/100
|-damage|p1a: Gliscor|65/100 tox|[from] item: Rocky Helmet|[of] p2a: Ting-Lu
|-enditem|p2a: Ting-Lu|Rocky Helmet|[from] move: Knock Off|[of] p1a: Gliscor
|move|p2a: Ting-Lu|Whirlwind|p1a: Gliscor
|drag|p1a: Pecharunt|Pecharunt|100/100
|-damage|p1a: Pecharunt|88/100|[from] Stealth Rock
|-damage|p1a: Pecharunt|76/100|[from] Spikes
|
|upkeep
|turn|13
|
|t:|1779580397
|move|p1a: Pecharunt|Recover|p1a: Pecharunt
|-heal|p1a: Pecharunt|100/100
|move|p2a: Ting-Lu|Spikes|p1a: Pecharunt
|-sidestart|p1: claudechamp|Spikes
|
|upkeep
|turn|14
|
|t:|1779580400
|move|p1a: Pecharunt|Toxic|p2a: Ting-Lu
|-status|p2a: Ting-Lu|tox
|-start|p2a: Ting-Lu|confusion|[from] ability: Poison Puppeteer|[of] p1a: Pecharunt
|-activate|p2a: Ting-Lu|confusion
|move|p2a: Ting-Lu|Spikes|p1a: Pecharunt
|-sidestart|p1: claudechamp|Spikes
|
|-damage|p2a: Ting-Lu|82/100 tox|[from] psn
|upkeep
|turn|15
|
|t:|1779580405
|move|p1a: Pecharunt|Shadow Ball|p2a: Ting-Lu
|-resisted|p2a: Ting-Lu
|-damage|p2a: Ting-Lu|74/100 tox
|-activate|p2a: Ting-Lu|confusion
|move|p2a: Ting-Lu|Whirlwind|p1a: Pecharunt
|drag|p1a: Skarmory|Skarmory, F|100/100
|
|-damage|p2a: Ting-Lu|62/100 tox|[from] psn
|upkeep
|turn|16
|
|t:|1779580408
|switch|p2a: Alomomola|Alomomola, M|100/100 tox
|-damage|p2a: Alomomola|84/100 tox|[from] Spikes
|move|p1a: Skarmory|Body Press|p2a: Alomomola
|-damage|p2a: Alomomola|65/100 tox
|
|-damage|p2a: Alomomola|59/100 tox|[from] psn
|upkeep
|turn|17
|
|t:|1779580424
|move|p1a: Skarmory|Spikes|p2a: Alomomola
|-sidestart|p2: Leo-Chirisu|Spikes
|move|p2a: Alomomola|Flip Turn|p1a: Skarmory
|-damage|p1a: Skarmory|80/100
|
|t:|1779580450
|switch|p2a: Moltres|Moltres|100/100|[from] Flip Turn
|
|upkeep
|turn|18
|
|t:|1779580457
|move|p2a: Moltres|Flamethrower|p1a: Skarmory
|-supereffective|p1a: Skarmory
|-damage|p1a: Skarmory|0 fnt
|faint|p1a: Skarmory
|
|upkeep
|
|t:|1779580468
|switch|p1a: Blissey|Blissey, F|100/100
|turn|19
|
|t:|1779580479
|move|p2a: Moltres|U-turn|p1a: Blissey
|-damage|p1a: Blissey|85/100
|
|t:|1779580481
|switch|p2a: Alomomola|Alomomola, M|92/100 tox|[from] U-turn
|-damage|p2a: Alomomola|67/100 tox|[from] Spikes
|move|p1a: Blissey|Stealth Rock|p2a: Alomomola
|-sidestart|p2: Leo-Chirisu|move: Stealth Rock
|
|-damage|p2a: Alomomola|61/100 tox|[from] psn
|upkeep
|turn|20
|
|t:|1779580489
|-terastallize|p2a: Alomomola|Water
|move|p1a: Blissey|Soft-Boiled|p1a: Blissey
|-heal|p1a: Blissey|100/100
|move|p2a: Alomomola|Liquidation|p1a: Blissey
|-damage|p1a: Blissey|31/100
|
|-damage|p2a: Alomomola|49/100 tox|[from] psn
|upkeep
|turn|21
|
|t:|1779580499
|switch|p1a: Zamazenta|Zamazenta|100/100
|-ability|p1a: Zamazenta|Dauntless Shield|boost
|-boost|p1a: Zamazenta|def|1
|move|p2a: Alomomola|Liquidation|p1a: Zamazenta
|-damage|p1a: Zamazenta|58/100
|
|-damage|p2a: Alomomola|31/100 tox|[from] psn
|upkeep
|turn|22
|
|t:|1779580507
|switch|p2a: Ting-Lu|Ting-Lu|62/100 tox
|-damage|p2a: Ting-Lu|37/100 tox|[from] Spikes
|-damage|p2a: Ting-Lu|31/100 tox|[from] Stealth Rock
|-ability|p2a: Ting-Lu|Vessel of Ruin
|move|p1a: Zamazenta|Close Combat|p2a: Ting-Lu
|-supereffective|p2a: Ting-Lu
|-damage|p2a: Ting-Lu|0 fnt
|-unboost|p1a: Zamazenta|def|1
|-unboost|p1a: Zamazenta|spd|1
|faint|p2a: Ting-Lu
|
|upkeep
|
|t:|1779580510
|switch|p2a: Moltres|Moltres|100/100
|turn|23
|
|t:|1779580520
|switch|p1a: Blissey|Blissey, F|31/100
|move|p2a: Moltres|Flamethrower|p1a: Blissey
|-damage|p1a: Blissey|19/100
|
|upkeep
|turn|24
|
|t:|1779580533
|move|p2a: Moltres|Hurricane|p1a: Blissey
|-crit|p1a: Blissey
|-damage|p1a: Blissey|0 fnt
|faint|p1a: Blissey
|
|upkeep
|
|t:|1779580545
|switch|p1a: Gliscor|Gliscor, M|65/100 tox
|-damage|p1a: Gliscor|53/100 tox|[from] Stealth Rock
|turn|25
|
|t:|1779580552
|move|p1a: Gliscor|Protect|p1a: Gliscor
|-singleturn|p1a: Gliscor|Protect
|move|p2a: Moltres|Flamethrower|p1a: Gliscor
|-activate|p1a: Gliscor|move: Protect
|
|-heal|p1a: Gliscor|65/100 tox|[from] ability: Poison Heal
|upkeep
|turn|26
|
|t:|1779580564
|move|p1a: Gliscor|Swords Dance|p1a: Gliscor
|-boost|p1a: Gliscor|atk|2
|move|p2a: Moltres|Flamethrower|p1a: Gliscor
|-damage|p1a: Gliscor|30/100 tox
|
|-heal|p1a: Gliscor|43/100 tox|[from] ability: Poison Heal
|upkeep
|turn|27
|
|t:|1779580576
|move|p1a: Gliscor|Protect|p1a: Gliscor
|-singleturn|p1a: Gliscor|Protect
|move|p2a: Moltres|Hurricane|p1a: Gliscor
|-activate|p1a: Gliscor|move: Protect
|
|-heal|p1a: Gliscor|55/100 tox|[from] ability: Poison Heal
|upkeep
|turn|28
|
|t:|1779580591
|-terastallize|p1a: Gliscor|Dark
|move|p1a: Gliscor|Knock Off|p2a: Moltres
|-damage|p2a: Moltres|55/100
|-enditem|p2a: Moltres|Heavy-Duty Boots|[from] move: Knock Off|[of] p1a: Gliscor
|move|p2a: Moltres|Hurricane|p1a: Gliscor
|-damage|p1a: Gliscor|17/100 tox
|
|-heal|p1a: Gliscor|29/100 tox|[from] ability: Poison Heal
|upkeep
|turn|29
|
|t:|1779580602
|move|p1a: Gliscor|Protect|p1a: Gliscor
|-singleturn|p1a: Gliscor|Protect
|move|p2a: Moltres|Roost|p2a: Moltres
|-heal|p2a: Moltres|100/100
|-singleturn|p2a: Moltres|move: Roost
|
|-heal|p1a: Gliscor|42/100 tox|[from] ability: Poison Heal
|upkeep
|turn|30
|
|t:|1779580609
|move|p1a: Gliscor|Knock Off|p2a: Moltres
|-damage|p2a: Moltres|72/100
|move|p2a: Moltres|Flamethrower|p1a: Gliscor
|-damage|p1a: Gliscor|10/100 tox
|
|-heal|p1a: Gliscor|23/100 tox|[from] ability: Poison Heal
|upkeep
|turn|31
|
|t:|1779580615
|move|p1a: Gliscor|Protect|p1a: Gliscor
|-singleturn|p1a: Gliscor|Protect
|move|p2a: Moltres|Flamethrower|p1a: Gliscor
|-activate|p1a: Gliscor|move: Protect
|
|-heal|p1a: Gliscor|35/100 tox|[from] ability: Poison Heal
|upkeep
|turn|32
|
|t:|1779580620
|move|p1a: Gliscor|Knock Off|p2a: Moltres
|-damage|p2a: Moltres|42/100
|move|p2a: Moltres|Hurricane|p1a: Gliscor|[miss]
|-miss|p2a: Moltres|p1a: Gliscor
|
|-heal|p1a: Gliscor|48/100 tox|[from] ability: Poison Heal
|upkeep
|turn|33
|
|t:|1779580634
|move|p1a: Gliscor|Swords Dance|p1a: Gliscor
|-boost|p1a: Gliscor|atk|2
|move|p2a: Moltres|Roost|p2a: Moltres
|-heal|p2a: Moltres|92/100
|-singleturn|p2a: Moltres|move: Roost
|
|-heal|p1a: Gliscor|60/100 tox|[from] ability: Poison Heal
|upkeep
|turn|34
|
|t:|1779580648
|move|p1a: Gliscor|Protect|p1a: Gliscor
|-singleturn|p1a: Gliscor|Protect
|move|p2a: Moltres|Hurricane|p1a: Gliscor
|-activate|p1a: Gliscor|move: Protect
|
|-heal|p1a: Gliscor|73/100 tox|[from] ability: Poison Heal
|upkeep
|turn|35
|
|t:|1779580663
|move|p1a: Gliscor|Knock Off|p2a: Moltres
|-damage|p2a: Moltres|48/100
|move|p2a: Moltres|Hurricane|p1a: Gliscor
|-damage|p1a: Gliscor|28/100 tox
|-start|p1a: Gliscor|confusion
|
|-heal|p1a: Gliscor|41/100 tox|[from] ability: Poison Heal
|upkeep
|turn|36
|
|t:|1779580677
|-activate|p1a: Gliscor|confusion
|move|p1a: Gliscor|Knock Off|p2a: Moltres
|-crit|p2a: Moltres
|-damage|p2a: Moltres|0 fnt
|faint|p2a: Moltres
|
|-heal|p1a: Gliscor|53/100 tox|[from] ability: Poison Heal
|upkeep
|
|t:|1779580680
|switch|p2a: Regieleki|Regieleki|100/100
|turn|37
|
|t:|1779580690
|move|p2a: Regieleki|Thunderbolt|p1a: Gliscor
|-damage|p1a: Gliscor|4/100 tox
|-activate|p1a: Gliscor|confusion
|move|p1a: Gliscor|Knock Off|p2a: Regieleki
|-damage|p2a: Regieleki|0 fnt
|-enditem|p2a: Regieleki|Heavy-Duty Boots|[from] move: Knock Off|[of] p1a: Gliscor
|faint|p2a: Regieleki
|
|-heal|p1a: Gliscor|16/100 tox|[from] ability: Poison Heal
|upkeep
|
|t:|1779580695
|switch|p2a: Ogerpon|Ogerpon-Cornerstone, F|100/100
|-damage|p2a: Ogerpon|76/100|[from] Spikes
|-damage|p2a: Ogerpon|63/100|[from] Stealth Rock
|turn|38
|
|t:|1779580714
|switch|p1a: Zamazenta|Zamazenta|58/100
|move|p2a: Ogerpon|Ivy Cudgel|p1a: Zamazenta|[anim] Ivy Cudgel Rock
|-resisted|p1a: Zamazenta
|-damage|p1a: Zamazenta|28/100
|
|upkeep
|turn|39
|
|t:|1779580729
|move|p1a: Zamazenta|Close Combat|p2a: Ogerpon
|-supereffective|p2a: Ogerpon
|-damage|p2a: Ogerpon|0 fnt
|-unboost|p1a: Zamazenta|def|1
|-unboost|p1a: Zamazenta|spd|1
|faint|p2a: Ogerpon
|
|upkeep
|
|t:|1779580736
|switch|p2a: Alomomola|Alomomola, M, tera:Water|64/100 tox
|-damage|p2a: Alomomola|39/100 tox|[from] Spikes
|-damage|p2a: Alomomola|26/100 tox|[from] Stealth Rock
|turn|40
|
|t:|1779580744
|move|p2a: Alomomola|Aqua Jet|p1a: Zamazenta
|-damage|p1a: Zamazenta|0 fnt
|faint|p1a: Zamazenta
|
|-damage|p2a: Alomomola|20/100 tox|[from] psn
|upkeep
|
|t:|1779580750
|switch|p1a: Pecharunt|Pecharunt|100/100
|-damage|p1a: Pecharunt|88/100|[from] Stealth Rock
|-damage|p1a: Pecharunt|63/100|[from] Spikes
|turn|41
|
|t:|1779580761
|move|p2a: Alomomola|Aqua Jet|p1a: Pecharunt
|-damage|p1a: Pecharunt|47/100
|move|p1a: Pecharunt|Shadow Ball|p2a: Alomomola
|-damage|p2a: Alomomola|0 fnt
|faint|p2a: Alomomola
|
|upkeep
|
|t:|1779580763
|switch|p2a: Rillaboom|Rillaboom, M|72/100
|-damage|p2a: Rillaboom|47/100|[from] Spikes
|-damage|p2a: Rillaboom|35/100|[from] Stealth Rock
|-fieldstart|move: Grassy Terrain|[from] ability: Grassy Surge|[of] p2a: Rillaboom
|turn|42
|
|t:|1779580777
|move|p2a: Rillaboom|Knock Off|p1a: Pecharunt
|-supereffective|p1a: Pecharunt
|-damage|p1a: Pecharunt|25/100
|move|p1a: Pecharunt|Toxic|p2a: Rillaboom
|-status|p2a: Rillaboom|tox
|-start|p2a: Rillaboom|confusion|[from] ability: Poison Puppeteer|[of] p1a: Pecharunt
|
|-heal|p2a: Rillaboom|41/100 tox|[from] Grassy Terrain
|-heal|p1a: Pecharunt|31/100|[from] Grassy Terrain
|-damage|p2a: Rillaboom|35/100 tox|[from] psn
|upkeep
|turn|43
|-message|Leo-Chirisu forfeited.
|
|win|claudechamp
|raw|claudechamp's rating: 1268 &rarr; <strong>1294</strong><br />(+26 for winning)
|raw|Leo-Chirisu's rating: 1280 &rarr; <strong>1254</strong><br />(-26 for losing)
|l|☆Leo-Chirisu
|player|p2|
|c|☆claudechamp|gg
