|j|☆loulouf
|j|☆DexTrainerRed
|t:|1779563350
|gametype|singles
|player|p1|loulouf|2|1195
|player|p2|DexTrainerRed|ash-kalos|1151
|gen|9
|tier|[Gen 9] OU
|rated|
|rule|HP Percentage Mod: HP is shown in percentages
|rule|Endless Battle Clause: Forcing endless battles is banned
|rule|Species Clause: Limit one of each Pokémon
|rule|OHKO Clause: OHKO moves are banned
|rule|Evasion Items Clause: Evasion items are banned
|rule|Evasion Moves Clause: Evasion moves are banned
|rule|Evasion Abilities Clause: Evasion abilities are banned
|rule|Sleep Moves Clause: Sleep-inducing moves are banned
|clearpoke
|poke|p1|Dragonite, F|
|poke|p1|Ting-Lu|
|poke|p1|Clefable, M|
|poke|p1|Pecharunt|
|poke|p1|Heatran, M|
|poke|p1|Zamazenta-*|
|poke|p2|Infernape, M|
|poke|p2|Staraptor, M|
|poke|p2|Torterra, M|
|poke|p2|Empoleon, M|
|poke|p2|Garchomp, F|
|poke|p2|Pikachu, M|
|teampreview
|inactive|Battle timer is ON: inactive players will automatically lose when time's up. (requested by DexTrainerRed)
|inactive|loulouf has 120 seconds left.
|
|t:|1779563407
|teamsize|p1|6
|teamsize|p2|6
|start
|switch|p1a: Ting-Lu|Ting-Lu|100/100
|switch|p2a: Garchomp|Garchomp, F|100/100
|-ability|p1a: Ting-Lu|Vessel of Ruin
|turn|1
|
|t:|1779563416
|move|p2a: Garchomp|Swords Dance|p2a: Garchomp
|-boost|p2a: Garchomp|atk|2
|move|p1a: Ting-Lu|Spikes|p2a: Garchomp
|-sidestart|p2: DexTrainerRed|Spikes
|
|upkeep
|turn|2
|
|t:|1779563420
|move|p2a: Garchomp|Scale Shot|p1a: Ting-Lu|[miss]
|-miss|p2a: Garchomp|p1a: Ting-Lu
|move|p1a: Ting-Lu|Whirlwind|p2a: Garchomp
|drag|p2a: Staraptor|Staraptor, M|100/100
|
|upkeep
|turn|3
|
|t:|1779563434
|switch|p1a: Pecharunt|Pecharunt|100/100
|move|p2a: Staraptor|Close Combat|p1a: Pecharunt
|-immune|p1a: Pecharunt
|
|upkeep
|turn|4
|
|t:|1779563440
|switch|p2a: Pikachu|Pikachu, M|100/100
|-damage|p2a: Pikachu|88/100|[from] Spikes
|move|p1a: Pecharunt|Toxic|p2a: Pikachu
|-status|p2a: Pikachu|tox
|-start|p2a: Pikachu|confusion|[from] ability: Poison Puppeteer|[of] p1a: Pecharunt
|
|-damage|p2a: Pikachu|82/100 tox|[from] psn
|upkeep
|turn|5
|
|t:|1779563452
|-activate|p2a: Pikachu|confusion
|move|p2a: Pikachu|Thunder|p1a: Pecharunt
|-damage|p1a: Pecharunt|32/100
|move|p1a: Pecharunt|Parting Shot|p2a: Pikachu
|-unboost|p2a: Pikachu|atk|1
|-unboost|p2a: Pikachu|spa|1
|
|t:|1779563459
|switch|p1a: Ting-Lu|Ting-Lu|100/100|[from] Parting Shot
|-ability|p1a: Ting-Lu|Vessel of Ruin
|
|-damage|p2a: Pikachu|70/100 tox|[from] psn
|upkeep
|turn|6
|
|t:|1779563467
|switch|p2a: Staraptor|Staraptor, M|100/100
|move|p1a: Ting-Lu|Spikes|p2a: Staraptor
|-sidestart|p2: DexTrainerRed|Spikes
|
|upkeep
|turn|7
|
|t:|1779563476
|move|p2a: Staraptor|U-turn|p1a: Ting-Lu
|-supereffective|p1a: Ting-Lu
|-damage|p1a: Ting-Lu|75/100
|
|t:|1779563481
|switch|p2a: Garchomp|Garchomp, F|100/100|[from] U-turn
|-damage|p2a: Garchomp|84/100|[from] Spikes
|move|p1a: Ting-Lu|Whirlwind|p2a: Garchomp
|drag|p2a: Infernape|Infernape, M|100/100
|-damage|p2a: Infernape|84/100|[from] Spikes
|
|-heal|p1a: Ting-Lu|81/100|[from] item: Leftovers
|upkeep
|turn|8
|
|t:|1779563494
|move|p2a: Infernape|Nasty Plot|p2a: Infernape
|-boost|p2a: Infernape|spa|2
|move|p1a: Ting-Lu|Earthquake|p2a: Infernape
|-supereffective|p2a: Infernape
|-damage|p2a: Infernape|0 fnt
|faint|p2a: Infernape
|
|-heal|p1a: Ting-Lu|87/100|[from] item: Leftovers
|upkeep
|
|t:|1779563502
|switch|p2a: Garchomp|Garchomp, F|84/100
|-damage|p2a: Garchomp|68/100|[from] Spikes
|turn|9
|
|t:|1779563509
|move|p2a: Garchomp|Earthquake|p1a: Ting-Lu
|-damage|p1a: Ting-Lu|58/100
|move|p1a: Ting-Lu|Spikes|p2a: Garchomp
|-sidestart|p2: DexTrainerRed|Spikes
|
|-heal|p1a: Ting-Lu|64/100|[from] item: Leftovers
|upkeep
|turn|10
|
|t:|1779563515
|move|p2a: Garchomp|Earthquake|p1a: Ting-Lu
|-damage|p1a: Ting-Lu|35/100
|move|p1a: Ting-Lu|Earthquake|p2a: Garchomp
|-damage|p2a: Garchomp|32/100
|
|-heal|p1a: Ting-Lu|41/100|[from] item: Leftovers
|upkeep
|turn|11
|
|t:|1779563522
|move|p2a: Garchomp|Swords Dance|p2a: Garchomp
|-boost|p2a: Garchomp|atk|2
|move|p1a: Ting-Lu|Whirlwind|p2a: Garchomp
|drag|p2a: Torterra|Torterra, M|100/100
|-damage|p2a: Torterra|76/100|[from] Spikes
|
|-heal|p1a: Ting-Lu|48/100|[from] item: Leftovers
|upkeep
|turn|12
|
|t:|1779563531
|move|p2a: Torterra|Seed Bomb|p1a: Ting-Lu
|-supereffective|p1a: Ting-Lu
|-damage|p1a: Ting-Lu|3/100
|move|p1a: Ting-Lu|Whirlwind|p2a: Torterra
|drag|p2a: Staraptor|Staraptor, M|100/100
|
|-heal|p1a: Ting-Lu|9/100|[from] item: Leftovers
|upkeep
|turn|13
|
|t:|1779563543
|move|p2a: Staraptor|U-turn|p1a: Ting-Lu
|-supereffective|p1a: Ting-Lu
|-damage|p1a: Ting-Lu|0 fnt
|faint|p1a: Ting-Lu
|
|t:|1779563547
|switch|p2a: Empoleon|Empoleon, M|100/100|[from] U-turn
|-damage|p2a: Empoleon|76/100|[from] Spikes
|
|upkeep
|
|t:|1779563556
|switch|p1a: Zamazenta|Zamazenta|100/100
|-ability|p1a: Zamazenta|Dauntless Shield|boost
|-boost|p1a: Zamazenta|def|1
|turn|14
|
|t:|1779563560
|switch|p2a: Pikachu|Pikachu, M|70/100 tox
|-damage|p2a: Pikachu|45/100 tox|[from] Spikes
|move|p1a: Zamazenta|Close Combat|p2a: Pikachu
|-damage|p2a: Pikachu|0 fnt
|-unboost|p1a: Zamazenta|def|1
|-unboost|p1a: Zamazenta|spd|1
|faint|p2a: Pikachu
|
|upkeep
|
|t:|1779563569
|switch|p2a: Staraptor|Staraptor, M|100/100
|turn|15
|
|t:|1779563584
|switch|p1a: Clefable|Clefable, M|100/100
|move|p2a: Staraptor|Brave Bird|p1a: Clefable
|-crit|p1a: Clefable
|-damage|p1a: Clefable|21/100
|-damage|p2a: Staraptor|67/100|[from] Recoil
|
|-heal|p1a: Clefable|27/100|[from] item: Leftovers
|upkeep
|turn|16
|
|t:|1779563597
|switch|p2a: Empoleon|Empoleon, M|76/100
|-damage|p2a: Empoleon|51/100|[from] Spikes
|move|p1a: Clefable|Moonlight|p1a: Clefable
|-heal|p1a: Clefable|77/100
|
|-heal|p1a: Clefable|83/100|[from] item: Leftovers
|upkeep
|turn|17
|
|t:|1779563606
|move|p2a: Empoleon|Agility|p2a: Empoleon
|-boost|p2a: Empoleon|spe|2
|move|p1a: Clefable|Knock Off|p2a: Empoleon
|-damage|p2a: Empoleon|34/100
|-enditem|p2a: Empoleon|Life Orb|[from] move: Knock Off|[of] p1a: Clefable
|
|-heal|p1a: Clefable|90/100|[from] item: Leftovers
|upkeep
|turn|18
|
|t:|1779563614
|move|p2a: Empoleon|Hydro Pump|p1a: Clefable
|-damage|p1a: Clefable|36/100
|move|p1a: Clefable|Calm Mind|p1a: Clefable
|-boost|p1a: Clefable|spa|1
|-boost|p1a: Clefable|spd|1
|
|-heal|p1a: Clefable|42/100|[from] item: Leftovers
|upkeep
|turn|19
|
|t:|1779563623
|move|p2a: Empoleon|Hydro Pump|p1a: Clefable
|-damage|p1a: Clefable|8/100
|move|p1a: Clefable|Moonlight|p1a: Clefable
|-heal|p1a: Clefable|58/100
|
|-heal|p1a: Clefable|64/100|[from] item: Leftovers
|upkeep
|turn|20
|
|t:|1779563634
|switch|p2a: Staraptor|Staraptor, M|67/100
|move|p1a: Clefable|Moonlight|p1a: Clefable
|-heal|p1a: Clefable|100/100
|
|upkeep
|turn|21
|
|t:|1779563643
|move|p2a: Staraptor|Brave Bird|p1a: Clefable
|-damage|p1a: Clefable|43/100
|-damage|p2a: Staraptor|43/100|[from] Recoil
|move|p1a: Clefable|Moonblast|p2a: Staraptor
|-damage|p2a: Staraptor|0 fnt
|faint|p2a: Staraptor
|
|-heal|p1a: Clefable|49/100|[from] item: Leftovers
|upkeep
|
|t:|1779563654
|switch|p2a: Garchomp|Garchomp, F|32/100
|-damage|p2a: Garchomp|7/100|[from] Spikes
|turn|22
|
|t:|1779563659
|move|p2a: Garchomp|Iron Head|p1a: Clefable
|-supereffective|p1a: Clefable
|-damage|p1a: Clefable|7/100
|move|p1a: Clefable|Moonlight|p1a: Clefable
|-heal|p1a: Clefable|57/100
|
|-heal|p1a: Clefable|63/100|[from] item: Leftovers
|upkeep
|turn|23
|
|t:|1779563676
|move|p2a: Garchomp|Iron Head|p1a: Clefable
|-supereffective|p1a: Clefable
|-damage|p1a: Clefable|22/100
|move|p1a: Clefable|Moonblast|p2a: Garchomp
|-supereffective|p2a: Garchomp
|-damage|p2a: Garchomp|0 fnt
|faint|p2a: Garchomp
|
|-heal|p1a: Clefable|28/100|[from] item: Leftovers
|upkeep
|
|t:|1779563684
|switch|p2a: Torterra|Torterra, M|76/100
|-damage|p2a: Torterra|51/100|[from] Spikes
|turn|24
|
|t:|1779563688
|move|p2a: Torterra|Shell Smash|p2a: Torterra
|-unboost|p2a: Torterra|def|1
|-unboost|p2a: Torterra|spd|1
|-boost|p2a: Torterra|atk|2
|-boost|p2a: Torterra|spa|2
|-boost|p2a: Torterra|spe|2
|-enditem|p2a: Torterra|White Herb
|-clearnegativeboost|p2a: Torterra|[silent]
|move|p1a: Clefable|Moonlight|p1a: Clefable
|-heal|p1a: Clefable|78/100
|
|-heal|p1a: Clefable|84/100|[from] item: Leftovers
|upkeep
|turn|25
|
|t:|1779563698
|move|p2a: Torterra|Earthquake|p1a: Clefable
|-damage|p1a: Clefable|11/100
|move|p1a: Clefable|Moonblast|p2a: Torterra
|-damage|p2a: Torterra|0 fnt
|faint|p2a: Torterra
|
|-heal|p1a: Clefable|17/100|[from] item: Leftovers
|upkeep
|
|t:|1779563706
|switch|p2a: Empoleon|Empoleon, M|34/100
|-damage|p2a: Empoleon|9/100|[from] Spikes
|turn|26
|
|t:|1779563710
|-terastallize|p2a: Empoleon|Flying
|move|p2a: Empoleon|Ice Beam|p1a: Clefable
|-damage|p1a: Clefable|0 fnt
|faint|p1a: Clefable
|
|upkeep
|
|t:|1779563717
|switch|p1a: Zamazenta|Zamazenta|100/100
|turn|27
|
|t:|1779563720
|move|p1a: Zamazenta|Close Combat|p2a: Empoleon
|-resisted|p2a: Empoleon
|-damage|p2a: Empoleon|0 fnt
|-unboost|p1a: Zamazenta|def|1
|-unboost|p1a: Zamazenta|spd|1
|faint|p2a: Empoleon
|
|win|loulouf
|raw|loulouf's rating: 1195 &rarr; <strong>1217</strong><br />(+22 for winning)
|raw|DexTrainerRed's rating: 1151 &rarr; <strong>1129</strong><br />(-22 for losing)
|l|☆DexTrainerRed
|player|p2|
|l|☆loulouf
|player|p1|
