|j|☆ainasucks
|j|‽Ponponstar6
|t:|1779611542
|gametype|singles
|player|p1|ainasucks|169|1283
|player|p2|Ponponstar6|harlequin|1282
|gen|9
|tier|[Gen 9] OU
|rated|
|rule|HP Percentage Mod: HP is shown in percentages
|rule|Endless Battle Clause: Forcing endless battles is banned
|rule|Species Clause: Limit one of each Pokémon
|rule|OHKO Clause: OHKO moves are banned
|rule|Evasion Items Clause: Evasion items are banned
|rule|Evasion Moves Clause: Evasion moves are banned
|rule|Evasion Abilities Clause: Evasion abilities are banned
|rule|Sleep Moves Clause: Sleep-inducing moves are banned
|clearpoke
|poke|p1|Regieleki|
|poke|p1|Glastrier|
|poke|p1|Zamazenta-*|
|poke|p1|Darkrai|
|poke|p1|Latias, F|
|poke|p1|Garchomp, F|
|poke|p2|Torkoal, M|
|poke|p2|Lilligant-Hisui, F|
|poke|p2|Walking Wake|
|poke|p2|Ninetales, M|
|poke|p2|Raging Bolt|
|poke|p2|Great Tusk|
|teampreview
|inactive|Battle timer is ON: inactive players will automatically lose when time's up. (requested by Ponponstar6)
|
|t:|1779611560
|teamsize|p1|6
|teamsize|p2|6
|start
|switch|p1a: Garchomp|Garchomp, F|100/100
|switch|p2a: Torkoal|Torkoal, M, shiny|100/100
|-weather|SunnyDay|[from] ability: Drought|[of] p2a: Torkoal
|turn|1
|inactive|ainasucks has 120 seconds left.
|
|t:|1779611614
|switch|p2a: Walking Wake|Walking Wake|100/100
|-activate|p2a: Walking Wake|ability: Protosynthesis
|-start|p2a: Walking Wake|protosynthesisspe
|move|p1a: Garchomp|Earthquake|p2a: Walking Wake
|-crit|p2a: Walking Wake
|-damage|p2a: Walking Wake|17/100
|
|-weather|SunnyDay|[upkeep]
|upkeep
|turn|2
|
|t:|1779611624
|move|p2a: Walking Wake|Draco Meteor|p1a: Garchomp
|-supereffective|p1a: Garchomp
|-damage|p1a: Garchomp|0 fnt
|-unboost|p2a: Walking Wake|spa|2
|faint|p1a: Garchomp
|
|-weather|SunnyDay|[upkeep]
|upkeep
|
|t:|1779611629
|switch|p1a: Regieleki|Regieleki|100/100
|turn|3
|
|t:|1779611645
|move|p1a: Regieleki|Thunderbolt|p2a: Walking Wake
|-damage|p2a: Walking Wake|0 fnt
|faint|p2a: Walking Wake
|-end|p2a: Walking Wake|Protosynthesis|[silent]
|
|-weather|SunnyDay|[upkeep]
|upkeep
|
|t:|1779611651
|switch|p2a: Lilligant|Lilligant-Hisui, F, shiny|100/100
|turn|4
|inactive|ainasucks has 120 seconds left.
|
|t:|1779611682
|move|p2a: Lilligant|Solar Blade||[still]
|-prepare|p2a: Lilligant|Solar Blade
|-anim|p2a: Lilligant|Solar Blade|p1a: Regieleki
|-damage|p1a: Regieleki|0 fnt
|faint|p1a: Regieleki
|-damage|p2a: Lilligant|91/100|[from] item: Life Orb
|
|-weather|SunnyDay|[upkeep]
|upkeep
|
|t:|1779611685
|switch|p1a: Glastrier|Glastrier|100/100
|turn|5
|
|t:|1779611695
|move|p2a: Lilligant|Close Combat|p1a: Glastrier
|-supereffective|p1a: Glastrier
|-crit|p1a: Glastrier
|-damage|p1a: Glastrier|0 fnt
|-unboost|p2a: Lilligant|def|1
|-unboost|p2a: Lilligant|spd|1
|faint|p1a: Glastrier
|-damage|p2a: Lilligant|81/100|[from] item: Life Orb
|
|-weather|SunnyDay|[upkeep]
|upkeep
|inactive|ainasucks has 90 seconds left.
|
|t:|1779611741
|switch|p1a: Zamazenta|Zamazenta|100/100
|-ability|p1a: Zamazenta|Dauntless Shield|boost
|-boost|p1a: Zamazenta|def|1
|turn|6
|
|t:|1779611751
|switch|p2a: Torkoal|Torkoal, M, shiny|100/100
|move|p1a: Zamazenta|Iron Defense|p1a: Zamazenta
|-boost|p1a: Zamazenta|def|2
|
|-weather|SunnyDay|[upkeep]
|upkeep
|turn|7
|inactive|ainasucks has 90 seconds left.
|
|t:|1779611760
|move|p1a: Zamazenta|Body Press|p2a: Torkoal
|-damage|p2a: Torkoal|17/100
|move|p2a: Torkoal|Lava Plume|p1a: Zamazenta
|-damage|p1a: Zamazenta|73/100
|-status|p1a: Zamazenta|brn
|
|-weather|SunnyDay|[upkeep]
|-heal|p1a: Zamazenta|79/100 brn|[from] item: Leftovers
|-damage|p1a: Zamazenta|73/100 brn|[from] brn
|upkeep
|turn|8
|
|t:|1779611771
|move|p1a: Zamazenta|Body Press|p2a: Torkoal
|-damage|p2a: Torkoal|0 fnt
|faint|p2a: Torkoal
|
|-weather|none
|-heal|p1a: Zamazenta|79/100 brn|[from] item: Leftovers
|-damage|p1a: Zamazenta|73/100 brn|[from] brn
|upkeep
|inactive|Ponponstar6 has 120 seconds left.
|
|t:|1779611805
|switch|p2a: Ninetales|Ninetales, M|100/100
|-weather|SunnyDay|[from] ability: Drought|[of] p2a: Ninetales
|turn|9
|inactive|Ponponstar6 has 120 seconds left.
|inactive|ainasucks has 90 seconds left.
|
|t:|1779611826
|move|p2a: Ninetales|Healing Wish|p2a: Ninetales
|faint|p2a: Ninetales
|move|p1a: Zamazenta|Body Press|p2: Ninetales|[notarget]
|-fail|p1a: Zamazenta
|
|-weather|SunnyDay|[upkeep]
|-heal|p1a: Zamazenta|79/100 brn|[from] item: Leftovers
|-damage|p1a: Zamazenta|73/100 brn|[from] brn
|upkeep
|inactive|Ponponstar6 has 120 seconds left.
|
|t:|1779611848
|switch|p2a: Raging Bolt|Raging Bolt|100/100
|-activate|p2a: Raging Bolt|ability: Protosynthesis
|-start|p2a: Raging Bolt|protosynthesisspa
|turn|10
|inactive|ainasucks has 90 seconds left.
|inactive|ainasucks has 60 seconds left.
|
|t:|1779611904
|-terastallize|p2a: Raging Bolt|Fairy
|move|p1a: Zamazenta|Body Press|p2a: Raging Bolt
|-resisted|p2a: Raging Bolt
|-damage|p2a: Raging Bolt|80/100
|move|p2a: Raging Bolt|Calm Mind|p2a: Raging Bolt
|-boost|p2a: Raging Bolt|spa|1
|-boost|p2a: Raging Bolt|spd|1
|
|-weather|SunnyDay|[upkeep]
|-heal|p1a: Zamazenta|79/100 brn|[from] item: Leftovers
|-heal|p2a: Raging Bolt|86/100|[from] item: Leftovers
|-damage|p1a: Zamazenta|73/100 brn|[from] brn
|upkeep
|turn|11
|
|t:|1779611920
|move|p1a: Zamazenta|Iron Head|p2a: Raging Bolt
|-supereffective|p2a: Raging Bolt
|-damage|p2a: Raging Bolt|69/100
|move|p2a: Raging Bolt|Thunderbolt|p1a: Zamazenta
|-damage|p1a: Zamazenta|0 fnt
|faint|p1a: Zamazenta
|
|-weather|SunnyDay|[upkeep]
|-heal|p2a: Raging Bolt|75/100|[from] item: Leftovers
|upkeep
|inactive|ainasucks has 30 seconds left.
|inactive|ainasucks has 20 seconds left.
|inactive|ainasucks has 15 seconds left.
|inactive|ainasucks has 10 seconds left.
|inactive|ainasucks has 5 seconds left.
|-message|ainasucks lost due to inactivity.
|
|win|Ponponstar6
|raw|ainasucks's rating: 1277 &rarr; <strong>1252</strong><br />(-25 for losing)
|raw|Ponponstar6's rating: 1282 &rarr; <strong>1307</strong><br />(+25 for winning)
|l|‽Ponponstar6
|player|p2|
|l|☆ainasucks
|player|p1|
