|j|☆wheezsumbeez
|j|☆K3Pop
|t:|1779684611
|gametype|singles
|player|p1|wheezsumbeez|roxie|1343
|player|p2|K3Pop|riley|1347
|gen|9
|tier|[Gen 9] OU
|rated|
|rule|HP Percentage Mod: HP is shown in percentages
|rule|Endless Battle Clause: Forcing endless battles is banned
|rule|Species Clause: Limit one of each Pokémon
|rule|OHKO Clause: OHKO moves are banned
|rule|Evasion Items Clause: Evasion items are banned
|rule|Evasion Moves Clause: Evasion moves are banned
|rule|Evasion Abilities Clause: Evasion abilities are banned
|rule|Sleep Moves Clause: Sleep-inducing moves are banned
|clearpoke
|poke|p1|Great Tusk|
|poke|p1|Weezing-Galar, M|
|poke|p1|Slowking, M|
|poke|p1|Mamoswine, M|
|poke|p1|Zarude|
|poke|p1|Zapdos|
|poke|p2|Greninja-*, M|
|poke|p2|Ogerpon-Wellspring, F|
|poke|p2|Iron Treads|
|poke|p2|Iron Valiant|
|poke|p2|Raging Bolt|
|poke|p2|Gholdengo|
|teampreview
|
|t:|1779684626
|teamsize|p1|6
|teamsize|p2|6
|start
|switch|p1a: Zarude|Zarude|100/100
|switch|p2a: Iron Treads|Iron Treads|100/100
|-enditem|p2a: Iron Treads|Booster Energy
|-activate|p2a: Iron Treads|ability: Quark Drive|[fromitem]
|-start|p2a: Iron Treads|quarkdrivespe
|turn|1
|
|t:|1779684658
|-end|p2a: Iron Treads|Quark Drive|[silent]
|switch|p2a: Iron Valiant|Iron Valiant|100/100
|move|p1a: Zarude|Swords Dance|p1a: Zarude
|-boost|p1a: Zarude|atk|2
|
|upkeep
|turn|2
|
|t:|1779684668
|switch|p1a: Slowking|Slowking, M|100/100
|move|p2a: Iron Valiant|Moonblast|p1a: Slowking
|-damage|p1a: Slowking|58/100
|
|upkeep
|turn|3
|
|t:|1779684683
|-end|p2a: Iron Valiant|Quark Drive|[silent]
|switch|p2a: Raging Bolt|Raging Bolt|100/100
|move|p1a: Slowking|Slack Off|p1a: Slowking
|-heal|p1a: Slowking|100/100
|
|upkeep
|turn|4
|
|t:|1779684695
|move|p2a: Raging Bolt|Thunderbolt|p1a: Slowking
|-supereffective|p1a: Slowking
|-damage|p1a: Slowking|36/100
|-prepare|p1a: Slowking|Chilly Reception|[premajor]
|move|p1a: Slowking|Chilly Reception|p1a: Slowking
|-weather|Snowscape
|
|t:|1779684703
|switch|p1a: Mamoswine|Mamoswine, M|100/100|[from] Chilly Reception
|
|-weather|Snowscape|[upkeep]
|upkeep
|turn|5
|
|t:|1779684733
|-end|p2a: Raging Bolt|Protosynthesis|[silent]
|switch|p2a: Iron Valiant|Iron Valiant|100/100
|move|p1a: Mamoswine|Icicle Crash|p2a: Iron Valiant
|-damage|p2a: Iron Valiant|4/100
|
|-weather|Snowscape|[upkeep]
|upkeep
|turn|6
|
|t:|1779684751
|switch|p1a: Weezing|Weezing-Galar, M|100/100
|move|p2a: Iron Valiant|Vacuum Wave|p1a: Weezing
|-resisted|p1a: Weezing
|-crit|p1a: Weezing
|-damage|p1a: Weezing|84/100
|
|-weather|Snowscape|[upkeep]
|-heal|p1a: Weezing|90/100|[from] item: Leftovers
|upkeep
|turn|7
|
|t:|1779684778
|-end|p2a: Iron Valiant|Quark Drive|[silent]
|switch|p2a: Gholdengo|Gholdengo|100/100
|move|p1a: Weezing|Strange Steam|p2a: Gholdengo
|-resisted|p2a: Gholdengo
|-damage|p2a: Gholdengo|86/100
|
|-weather|Snowscape|[upkeep]
|-heal|p1a: Weezing|96/100|[from] item: Leftovers
|upkeep
|turn|8
|
|t:|1779684790
|switch|p1a: Zapdos|Zapdos|100/100
|move|p2a: Gholdengo|Make It Rain|p1a: Zapdos
|-resisted|p1a: Zapdos
|-damage|p1a: Zapdos|62/100
|-unboost|p2a: Gholdengo|spa|1
|
|-weather|none
|upkeep
|turn|9
|
|t:|1779684812
|switch|p2a: Iron Valiant|Iron Valiant|4/100
|move|p1a: Zapdos|Volt Switch|p2a: Iron Valiant
|-damage|p2a: Iron Valiant|0 fnt
|faint|p2a: Iron Valiant
|-end|p2a: Iron Valiant|Quark Drive|[silent]
|-damage|p1a: Zapdos|52/100|[from] item: Life Orb
|
|t:|1779684822
|switch|p1a: Zarude|Zarude|100/100|[from] Volt Switch
|
|upkeep
|
|t:|1779684832
|switch|p2a: Ogerpon|Ogerpon-Wellspring, F|100/100
|turn|10
|
|t:|1779684842
|switch|p1a: Weezing|Weezing-Galar, M|96/100
|move|p2a: Ogerpon|Play Rough|p1a: Weezing
|-resisted|p1a: Weezing
|-crit|p1a: Weezing
|-damage|p1a: Weezing|78/100
|
|-heal|p1a: Weezing|84/100|[from] item: Leftovers
|upkeep
|turn|11
|
|t:|1779684851
|switch|p2a: Gholdengo|Gholdengo|86/100
|move|p1a: Weezing|Will-O-Wisp|p2a: Gholdengo
|-immune|p2a: Gholdengo|[from] ability: Good as Gold
|
|-heal|p1a: Weezing|90/100|[from] item: Leftovers
|upkeep
|turn|12
|
|t:|1779684863
|switch|p1a: Zarude|Zarude|100/100
|move|p2a: Gholdengo|Shadow Ball|p1a: Zarude
|-resisted|p1a: Zarude
|-damage|p1a: Zarude|80/100
|
|upkeep
|turn|13
|
|t:|1779684871
|switch|p2a: Ogerpon|Ogerpon-Wellspring, F|100/100
|move|p1a: Zarude|Knock Off|p2a: Ogerpon
|-damage|p2a: Ogerpon|61/100
|
|upkeep
|turn|14
|
|t:|1779684879
|move|p2a: Ogerpon|Play Rough|p1a: Zarude
|-supereffective|p1a: Zarude
|-damage|p1a: Zarude|9/100
|move|p1a: Zarude|Power Whip|p2a: Ogerpon
|-damage|p2a: Ogerpon|0 fnt
|faint|p2a: Ogerpon
|
|upkeep
|
|t:|1779684886
|switch|p2a: Greninja|Greninja, M|100/100
|turn|15
|
|t:|1779684898
|switch|p1a: Weezing|Weezing-Galar, M|90/100
|move|p2a: Greninja|Ice Beam|p1a: Weezing
|-damage|p1a: Weezing|43/100
|-damage|p2a: Greninja|91/100|[from] item: Life Orb
|
|-heal|p1a: Weezing|49/100|[from] item: Leftovers
|upkeep
|turn|16
|
|t:|1779684921
|switch|p1a: Zarude|Zarude|9/100
|move|p2a: Greninja|Surf|p1a: Zarude
|-resisted|p1a: Zarude
|-damage|p1a: Zarude|0 fnt
|faint|p1a: Zarude
|-ability|p2a: Greninja|Battle Bond|boost
|-boost|p2a: Greninja|atk|1
|-boost|p2a: Greninja|spa|1
|-boost|p2a: Greninja|spe|1
|-activate|p2a: Greninja|ability: Battle Bond
|-damage|p2a: Greninja|81/100|[from] item: Life Orb
|
|upkeep
|-message|wheezsumbeez forfeited.
|
|win|K3Pop
|raw|wheezsumbeez's rating: 1343 &rarr; <strong>1323</strong><br />(-20 for losing)
|raw|K3Pop's rating: 1347 &rarr; <strong>1367</strong><br />(+20 for winning)
|l|☆wheezsumbeez
|player|p1|
|l|☆K3Pop
|player|p2|
