|j|☆liannian
|j|‽iaremoose
|t:|1779692214
|gametype|singles
|player|p1|liannian|cynthia-gen4|1455
|player|p2|iaremoose|harlequin|1400
|gen|9
|tier|[Gen 9] OU
|rated|
|rule|HP Percentage Mod: HP is shown in percentages
|rule|Endless Battle Clause: Forcing endless battles is banned
|rule|Species Clause: Limit one of each Pokémon
|rule|OHKO Clause: OHKO moves are banned
|rule|Evasion Items Clause: Evasion items are banned
|rule|Evasion Moves Clause: Evasion moves are banned
|rule|Evasion Abilities Clause: Evasion abilities are banned
|rule|Sleep Moves Clause: Sleep-inducing moves are banned
|clearpoke
|poke|p1|Talonflame, M|
|poke|p1|Pelipper, F|
|poke|p1|Hatterene, F|
|poke|p1|Raging Bolt|
|poke|p1|Barraskewda, M|
|poke|p1|Iron Treads|
|poke|p2|Sandy Shocks|
|poke|p2|Iron Moth|
|poke|p2|Alomomola, M|
|poke|p2|Cinderace, F|
|poke|p2|Corviknight, M|
|poke|p2|Deoxys-Speed|
|teampreview
|inactive|Battle timer is ON: inactive players will automatically lose when time's up. (requested by liannian)
|
|t:|1779692219
|teamsize|p1|6
|teamsize|p2|6
|start
|switch|p1a: Pelipper|Pelipper, F, shiny|100/100
|switch|p2a: Alomomola|Alomomola, M, shiny|100/100
|-weather|RainDance|[from] ability: Drizzle|[of] p1a: Pelipper
|turn|1
|
|t:|1779692224
|move|p2a: Alomomola|Flip Turn|p1a: Pelipper
|-resisted|p1a: Pelipper
|-damage|p1a: Pelipper|92/100
|
|t:|1779692243
|switch|p2a: Deoxys|Deoxys-Speed|100/100|[from] Flip Turn
|-ability|p2a: Deoxys|Pressure
|move|p1a: Pelipper|U-turn|p2a: Deoxys
|-supereffective|p2a: Deoxys
|-damage|p2a: Deoxys|71/100
|
|t:|1779692247
|switch|p1a: 最快的男人|Barraskewda, M, shiny|100/100|[from] U-turn
|
|-weather|RainDance|[upkeep]
|upkeep
|turn|2
|
|t:|1779692250
|switch|p2a: Alomomola|Alomomola, M, shiny|100/100
|move|p1a: 最快的男人|Flip Turn|p2a: Alomomola
|-resisted|p2a: Alomomola
|-damage|p2a: Alomomola|78/100
|
|t:|1779692251
|switch|p1a: 雷电士兵|Raging Bolt|100/100|[from] Flip Turn
|
|-weather|RainDance|[upkeep]
|upkeep
|turn|3
|
|t:|1779692258
|switch|p2a: Sandy Shocks|Sandy Shocks, shiny|100/100
|move|p1a: 雷电士兵|Volt Switch|p2a: Sandy Shocks
|-immune|p2a: Sandy Shocks
|
|-weather|RainDance|[upkeep]
|upkeep
|turn|4
|
|t:|1779692273
|move|p2a: Sandy Shocks|Stealth Rock|p1a: 雷电士兵
|-sidestart|p1: liannian|move: Stealth Rock
|move|p1a: 雷电士兵|Weather Ball|p2a: Sandy Shocks
|-supereffective|p2a: Sandy Shocks
|-damage|p2a: Sandy Shocks|6/100
|
|-weather|RainDance|[upkeep]
|upkeep
|turn|5
|
|t:|1779692277
|-end|p1a: 雷电士兵|Protosynthesis|[silent]
|switch|p1a: 工具象|Iron Treads|100/100
|-damage|p1a: 工具象|97/100|[from] Stealth Rock
|-item|p1a: 工具象|Air Balloon
|move|p2a: Sandy Shocks|Scorching Sands|p1a: 工具象
|-immune|p1a: 工具象
|
|-weather|RainDance|[upkeep]
|upkeep
|turn|6
|
|t:|1779692288
|-end|p2a: Sandy Shocks|Protosynthesis|[silent]
|switch|p2a: Alomomola|Alomomola, M, shiny|100/100
|move|p1a: 工具象|Rapid Spin|p2a: Alomomola
|-damage|p2a: Alomomola|90/100
|-boost|p1a: 工具象|spe|1
|-sideend|p1: liannian|Stealth Rock|[from] move: Rapid Spin|[of] p1a: 工具象
|
|-weather|RainDance|[upkeep]
|upkeep
|turn|7
|
|t:|1779692292
|-end|p1a: 工具象|Quark Drive|[silent]
|switch|p1a: 雷电士兵|Raging Bolt|100/100
|move|p2a: Alomomola|Wish|p2a: Alomomola
|
|-weather|RainDance|[upkeep]
|upkeep
|turn|8
|
|t:|1779692296
|move|p1a: 雷电士兵|Volt Switch|p2a: Alomomola
|-supereffective|p2a: Alomomola
|-damage|p2a: Alomomola|10/100
|
|t:|1779692299
|-end|p1a: 雷电士兵|Protosynthesis|[silent]
|switch|p1a: 工具帽|Hatterene, F, shiny|100/100|[from] Volt Switch
|move|p2a: Alomomola|Flip Turn|p1a: 工具帽
|-damage|p1a: 工具帽|79/100
|-enditem|p1a: 工具帽|Eject Button
|
|t:|1779692303
|switch|p1a: 雷电士兵|Raging Bolt|100/100
|
|-weather|none
|-heal|p2a: Alomomola|60/100|[from] move: Wish|[wisher] Alomomola
|upkeep
|turn|9
|
|t:|1779692313
|switch|p2a: Sandy Shocks|Sandy Shocks, shiny|6/100
|move|p1a: 雷电士兵|Draco Meteor|p2a: Sandy Shocks
|-damage|p2a: Sandy Shocks|0 fnt
|-unboost|p1a: 雷电士兵|spa|2
|faint|p2a: Sandy Shocks
|-end|p2a: Sandy Shocks|Protosynthesis|[silent]
|
|upkeep
|
|t:|1779692331
|switch|p2a: Deoxys|Deoxys-Speed|71/100
|-ability|p2a: Deoxys|Pressure
|turn|10
|
|t:|1779692335
|move|p2a: Deoxys|Nasty Plot|p2a: Deoxys
|-boost|p2a: Deoxys|spa|2
|move|p1a: 雷电士兵|Volt Switch|p2a: Deoxys
|-damage|p2a: Deoxys|42/100
|
|t:|1779692339
|-end|p1a: 雷电士兵|Protosynthesis|[silent]
|switch|p1a: Pelipper|Pelipper, F, shiny|92/100|[from] Volt Switch
|-weather|RainDance|[from] ability: Drizzle|[of] p1a: Pelipper
|
|-weather|RainDance|[upkeep]
|upkeep
|turn|11
|
|t:|1779692341
|switch|p1a: 工具帽|Hatterene, F, shiny|79/100
|move|p2a: Deoxys|Psycho Boost|p1a: 工具帽
|-resisted|p1a: 工具帽
|-damage|p1a: 工具帽|24/100
|-unboost|p2a: Deoxys|spa|2
|
|-weather|RainDance|[upkeep]
|upkeep
|turn|12
|
|t:|1779692353
|switch|p1a: 雷电士兵|Raging Bolt|100/100
|move|p2a: Deoxys|Psycho Boost|p1a: 雷电士兵
|-damage|p1a: 雷电士兵|67/100
|-unboost|p2a: Deoxys|spa|2
|
|-weather|RainDance|[upkeep]
|upkeep
|turn|13
|
|t:|1779692364
|switch|p2a: Cinderace|Cinderace, F, shiny|100/100
|move|p1a: 雷电士兵|Volt Switch|p2a: Cinderace
|-damage|p2a: Cinderace|39/100
|
|t:|1779692367
|-end|p1a: 雷电士兵|Protosynthesis|[silent]
|switch|p1a: 最快的男人|Barraskewda, M, shiny|100/100|[from] Volt Switch
|
|-weather|RainDance|[upkeep]
|upkeep
|turn|14
|
|t:|1779692369
|move|p2a: Cinderace|Sucker Punch|p1a: 最快的男人
|-start|p2a: Cinderace|typechange|Dark|[from] ability: Libero
|-damage|p1a: 最快的男人|39/100
|move|p1a: 最快的男人|Flip Turn|p2a: Cinderace
|-damage|p2a: Cinderace|0 fnt
|faint|p2a: Cinderace
|
|t:|1779692374
|switch|p1a: 疾风之翼！|Talonflame, M, shiny|100/100|[from] Flip Turn
|
|-weather|RainDance|[upkeep]
|upkeep
|
|t:|1779692377
|switch|p2a: Iron Moth|Iron Moth, shiny|100/100
|turn|15
|
|t:|1779692389
|move|p1a: 疾风之翼！|U-turn|p2a: Iron Moth
|-resisted|p2a: Iron Moth
|-damage|p2a: Iron Moth|94/100
|
|t:|1779692392
|switch|p1a: 工具帽|Hatterene, F, shiny|24/100|[from] U-turn
|move|p2a: Iron Moth|Sludge Wave|p1a: 工具帽
|-supereffective|p1a: 工具帽
|-damage|p1a: 工具帽|0 fnt
|faint|p1a: 工具帽
|
|-weather|RainDance|[upkeep]
|upkeep
|
|t:|1779692395
|switch|p1a: 最快的男人|Barraskewda, M, shiny|39/100
|turn|16
|
|t:|1779692401
|-end|p2a: Iron Moth|Quark Drive|[silent]
|switch|p2a: Alomomola|Alomomola, M, shiny|94/100
|move|p1a: 最快的男人|Flip Turn|p2a: Alomomola
|-resisted|p2a: Alomomola
|-damage|p2a: Alomomola|72/100
|
|t:|1779692403
|switch|p1a: 雷电士兵|Raging Bolt|67/100|[from] Flip Turn
|
|-weather|RainDance|[upkeep]
|upkeep
|turn|17
|
|t:|1779692408
|-terastallize|p2a: Alomomola|Fairy
|move|p1a: 雷电士兵|Volt Switch|p2a: Alomomola
|-crit|p2a: Alomomola
|-damage|p2a: Alomomola|17/100
|
|t:|1779692413
|-end|p1a: 雷电士兵|Protosynthesis|[silent]
|switch|p1a: 工具象|Iron Treads|97/100|[from] Volt Switch
|-item|p1a: 工具象|Air Balloon
|move|p2a: Alomomola|Play Rough|p1a: 工具象
|-resisted|p1a: 工具象
|-damage|p1a: 工具象|85/100
|-unboost|p1a: 工具象|atk|1
|-enditem|p1a: 工具象|Air Balloon
|
|-weather|none
|upkeep
|turn|18
|
|t:|1779692419
|switch|p2a: Corviknight|Corviknight, M, shiny|100/100
|-ability|p2a: Corviknight|Pressure
|move|p1a: 工具象|Stealth Rock|p2a: Corviknight
|-sidestart|p2: iaremoose|move: Stealth Rock
|
|upkeep
|turn|19
|
|t:|1779692422
|-end|p1a: 工具象|Quark Drive|[silent]
|switch|p1a: 雷电士兵|Raging Bolt|67/100
|move|p2a: Corviknight|Defog|p1a: 雷电士兵
|-unboost|p1a: 雷电士兵|evasion|1
|-sideend|p2: iaremoose|Stealth Rock|[from] move: Defog|[of] p2a: Corviknight
|
|upkeep
|turn|20
|
|t:|1779692432
|move|p1a: 雷电士兵|Volt Switch|p2a: Corviknight
|-supereffective|p2a: Corviknight
|-damage|p2a: Corviknight|23/100
|
|t:|1779692434
|-end|p1a: 雷电士兵|Protosynthesis|[silent]
|switch|p1a: Pelipper|Pelipper, F, shiny|92/100|[from] Volt Switch
|-weather|RainDance|[from] ability: Drizzle|[of] p1a: Pelipper
|move|p2a: Corviknight|U-turn|p1a: Pelipper
|-resisted|p1a: Pelipper
|-damage|p1a: Pelipper|86/100
|
|t:|1779692443
|switch|p2a: Iron Moth|Iron Moth, shiny|94/100|[from] U-turn
|
|-weather|RainDance|[upkeep]
|upkeep
|turn|21
|
|t:|1779692446
|move|p2a: Iron Moth|Energy Ball|p1a: Pelipper
|-damage|p1a: Pelipper|24/100
|move|p1a: Pelipper|U-turn|p2a: Iron Moth
|-resisted|p2a: Iron Moth
|-damage|p2a: Iron Moth|90/100
|
|t:|1779692449
|switch|p1a: 最快的男人|Barraskewda, M, shiny|39/100|[from] U-turn
|
|-weather|RainDance|[upkeep]
|upkeep
|turn|22
|
|t:|1779692452
|-end|p2a: Iron Moth|Quark Drive|[silent]
|switch|p2a: Alomomola|Alomomola, M, shiny, tera:Fairy|51/100
|-terastallize|p1a: 最快的男人|Water
|move|p1a: 最快的男人|Liquidation|p2a: Alomomola
|-damage|p2a: Alomomola|0 fnt
|faint|p2a: Alomomola
|
|-weather|RainDance|[upkeep]
|upkeep
|-message|iaremoose forfeited.
|
|win|liannian
|raw|liannian's rating: 1455 &rarr; <strong>1472</strong><br />(+17 for winning)
|raw|iaremoose's rating: 1400 &rarr; <strong>1383</strong><br />(-17 for losing)
|l|‽iaremoose
|player|p2|
|l|☆liannian
|player|p1|
