|j|☆npctypebeat
|j|☆Jeigejfi
|t:|1779588134
|gametype|singles
|player|p1|npctypebeat|2|1112
|player|p2|Jeigejfi|giovanni|1000
|gen|9
|tier|[Gen 9] OU
|rated|
|rule|HP Percentage Mod: HP is shown in percentages
|rule|Endless Battle Clause: Forcing endless battles is banned
|rule|Species Clause: Limit one of each Pokémon
|rule|OHKO Clause: OHKO moves are banned
|rule|Evasion Items Clause: Evasion items are banned
|rule|Evasion Moves Clause: Evasion moves are banned
|rule|Evasion Abilities Clause: Evasion abilities are banned
|rule|Sleep Moves Clause: Sleep-inducing moves are banned
|clearpoke
|poke|p1|Gliscor, M|
|poke|p1|Ogerpon, F|
|poke|p1|Walking Wake|
|poke|p1|Blissey, F|
|poke|p1|Corviknight, F|
|poke|p1|Pecharunt|
|poke|p2|Deoxys-Speed|
|poke|p2|Gholdengo|
|poke|p2|Gliscor, F|
|poke|p2|Clefable, M|
|poke|p2|Ceruledge, M|
|poke|p2|Kingambit, M|
|teampreview
|c|☆npctypebeat|hf
|
|t:|1779588149
|teamsize|p1|6
|teamsize|p2|6
|start
|switch|p1a: Gliscor|Gliscor, M|100/100
|switch|p2a: Deoxys|Deoxys-Speed|100/100
|-ability|p2a: Deoxys|Pressure
|turn|1
|inactive|Battle timer is ON: inactive players will automatically lose when time's up. (requested by npctypebeat)
|
|t:|1779588157
|move|p2a: Deoxys|Psycho Boost|p1a: Gliscor
|-damage|p1a: Gliscor|61/100
|-unboost|p2a: Deoxys|spa|2
|move|p1a: Gliscor|Earthquake|p2a: Deoxys
|-damage|p2a: Deoxys|61/100
|
|-status|p1a: Gliscor|tox|[from] item: Toxic Orb
|upkeep
|turn|2
|
|t:|1779588167
|move|p2a: Deoxys|Psycho Boost|p1a: Gliscor
|-damage|p1a: Gliscor|39/100 tox
|-unboost|p2a: Deoxys|spa|2
|move|p1a: Gliscor|Earthquake|p2a: Deoxys
|-damage|p2a: Deoxys|20/100
|
|-heal|p1a: Gliscor|52/100 tox|[from] ability: Poison Heal
|upkeep
|turn|3
|
|t:|1779588187
|move|p2a: Deoxys|Spikes|p1a: Gliscor
|-sidestart|p1: npctypebeat|Spikes
|move|p1a: Gliscor|Earthquake|p2a: Deoxys
|-damage|p2a: Deoxys|0 fnt
|faint|p2a: Deoxys
|
|-heal|p1a: Gliscor|64/100 tox|[from] ability: Poison Heal
|upkeep
|
|t:|1779588199
|switch|p2a: Gliscor|Gliscor, F|100/100
|turn|4
|
|t:|1779588209
|move|p2a: Gliscor|Spikes|p1a: Gliscor
|-sidestart|p1: npctypebeat|Spikes
|move|p1a: Gliscor|Spikes|p2a: Gliscor
|-sidestart|p2: Jeigejfi|Spikes
|
|-heal|p1a: Gliscor|76/100 tox|[from] ability: Poison Heal
|-status|p2a: Gliscor|tox|[from] item: Toxic Orb
|upkeep
|turn|5
|
|t:|1779588225
|switch|p2a: Clefable|Clefable, M|100/100
|-damage|p2a: Clefable|88/100|[from] Spikes
|move|p1a: Gliscor|Spikes|p2a: Clefable
|-sidestart|p2: Jeigejfi|Spikes
|
|-heal|p2a: Clefable|94/100|[from] item: Leftovers
|-heal|p1a: Gliscor|89/100 tox|[from] ability: Poison Heal
|upkeep
|turn|6
|
|t:|1779588243
|switch|p1a: Blissey|Blissey, F|100/100
|move|p2a: Clefable|Cosmic Power|p2a: Clefable
|-boost|p2a: Clefable|def|1
|-boost|p2a: Clefable|spd|1
|
|-heal|p2a: Clefable|99/100|[from] item: Leftovers
|upkeep
|turn|7
|
|t:|1779588260
|move|p2a: Clefable|Cosmic Power|p2a: Clefable
|-boost|p2a: Clefable|def|1
|-boost|p2a: Clefable|spd|1
|move|p1a: Blissey|Seismic Toss|p2a: Clefable
|-damage|p2a: Clefable|75/100
|
|-heal|p2a: Clefable|81/100|[from] item: Leftovers
|upkeep
|turn|8
|
|t:|1779588273
|move|p2a: Clefable|Cosmic Power|p2a: Clefable
|-boost|p2a: Clefable|def|1
|-boost|p2a: Clefable|spd|1
|move|p1a: Blissey|Seismic Toss|p2a: Clefable
|-damage|p2a: Clefable|56/100
|
|-heal|p2a: Clefable|62/100|[from] item: Leftovers
|upkeep
|turn|9
|
|t:|1779588287
|switch|p1a: Gliscor|Gliscor, M|89/100 tox
|move|p2a: Clefable|Cosmic Power|p2a: Clefable
|-boost|p2a: Clefable|def|1
|-boost|p2a: Clefable|spd|1
|
|-heal|p2a: Clefable|68/100|[from] item: Leftovers
|-heal|p1a: Gliscor|100/100 tox|[from] ability: Poison Heal
|upkeep
|turn|10
|
|t:|1779588300
|move|p1a: Gliscor|Earthquake|p2a: Clefable
|-damage|p2a: Clefable|59/100
|move|p2a: Clefable|Cosmic Power|p2a: Clefable
|-boost|p2a: Clefable|def|1
|-boost|p2a: Clefable|spd|1
|
|-heal|p2a: Clefable|65/100|[from] item: Leftovers
|upkeep
|turn|11
|
|t:|1779588313
|move|p1a: Gliscor|Earthquake|p2a: Clefable
|-damage|p2a: Clefable|58/100
|move|p2a: Clefable|Cosmic Power|p2a: Clefable
|-boost|p2a: Clefable|def|1
|-boost|p2a: Clefable|spd|1
|
|-heal|p2a: Clefable|64/100|[from] item: Leftovers
|upkeep
|turn|12
|
|t:|1779588326
|switch|p1a: Blissey|Blissey, F|100/100
|move|p2a: Clefable|Moonlight|p2a: Clefable
|-heal|p2a: Clefable|100/100
|
|upkeep
|turn|13
|inactive|npctypebeat has 120 seconds left.
|
|t:|1779588357
|move|p2a: Clefable|Stored Power|p1a: Blissey
|-damage|p1a: Blissey|84/100
|move|p1a: Blissey|Seismic Toss|p2a: Clefable
|-damage|p2a: Clefable|75/100
|
|-heal|p2a: Clefable|81/100|[from] item: Leftovers
|upkeep
|turn|14
|inactive|npctypebeat has 120 seconds left.
|
|t:|1779588366
|move|p2a: Clefable|Stored Power|p1a: Blissey
|-damage|p1a: Blissey|66/100
|move|p1a: Blissey|Soft-Boiled|p1a: Blissey
|-heal|p1a: Blissey|100/100
|
|-heal|p2a: Clefable|87/100|[from] item: Leftovers
|upkeep
|turn|15
|inactive|npctypebeat has 120 seconds left.
|
|t:|1779588377
|switch|p2a: Gholdengo|Gholdengo|100/100
|-damage|p2a: Gholdengo|84/100|[from] Spikes
|move|p1a: Blissey|Seismic Toss|p2a: Gholdengo
|-immune|p2a: Gholdengo
|
|-heal|p2a: Gholdengo|90/100|[from] item: Leftovers
|upkeep
|turn|16
|
|t:|1779588387
|move|p2a: Gholdengo|Make It Rain|p1a: Blissey
|-damage|p1a: Blissey|82/100
|-unboost|p2a: Gholdengo|spa|1
|move|p1a: Blissey|Calm Mind|p1a: Blissey
|-boost|p1a: Blissey|spa|1
|-boost|p1a: Blissey|spd|1
|
|-heal|p2a: Gholdengo|96/100|[from] item: Leftovers
|upkeep
|turn|17
|
|t:|1779588403
|move|p2a: Gholdengo|Make It Rain|p1a: Blissey
|-damage|p1a: Blissey|74/100
|-unboost|p2a: Gholdengo|spa|1
|move|p1a: Blissey|Stealth Rock|p2a: Gholdengo
|-sidestart|p2: Jeigejfi|move: Stealth Rock
|
|-heal|p2a: Gholdengo|100/100|[from] item: Leftovers
|upkeep
|turn|18
|
|t:|1779588417
|switch|p2a: Ceruledge|Ceruledge, M|100/100
|-damage|p2a: Ceruledge|84/100|[from] Spikes
|-damage|p2a: Ceruledge|59/100|[from] Stealth Rock
|move|p1a: Blissey|Calm Mind|p1a: Blissey
|-boost|p1a: Blissey|spa|1
|-boost|p1a: Blissey|spd|1
|
|upkeep
|turn|19
|
|t:|1779588433
|move|p2a: Ceruledge|Bitter Blade|p1a: Blissey
|-crit|p1a: Blissey
|-damage|p1a: Blissey|5/100
|-heal|p2a: Ceruledge|100/100|[from] drain|[of] p1a: Blissey
|move|p1a: Blissey|Soft-Boiled|p1a: Blissey
|-heal|p1a: Blissey|55/100
|
|upkeep
|turn|20
|
|t:|1779588447
|move|p2a: Ceruledge|Bitter Blade|p1a: Blissey
|-damage|p1a: Blissey|7/100
|move|p1a: Blissey|Soft-Boiled|p1a: Blissey
|-heal|p1a: Blissey|57/100
|
|upkeep
|turn|21
|
|t:|1779588463
|move|p2a: Ceruledge|Close Combat|p1a: Blissey
|-supereffective|p1a: Blissey
|-damage|p1a: Blissey|0 fnt
|-unboost|p2a: Ceruledge|def|1
|-unboost|p2a: Ceruledge|spd|1
|faint|p1a: Blissey
|
|upkeep
|inactive|npctypebeat has 120 seconds left.
|
|t:|1779588479
|switch|p1a: Gliscor|Gliscor, M|100/100 tox
|turn|22
|inactive|Jeigejfi has 120 seconds left.
|l|☆Jeigejfi
|inactive|Jeigejfi disconnected and has a minute to reconnect!
|player|p2|
|inactive|Jeigejfi has 30 seconds to reconnect!
|inactive|Jeigejfi has 20 seconds to reconnect!
|inactive|Jeigejfi has 15 seconds to reconnect!
|inactive|Jeigejfi has 10 seconds to reconnect!
|inactive|Jeigejfi has 5 seconds to reconnect!
|-message|Jeigejfi lost due to inactivity.
|
|win|npctypebeat
|raw|npctypebeat's rating: 1112 &rarr; <strong>1129</strong><br />(+17 for winning)
|raw|Jeigejfi's rating: 1000 &rarr; <strong>1000</strong><br />(+0 for losing)
|c|☆npctypebeat|gg
