|j|☆Teefryingpan
|j|☆Mr Tpen
|t:|1779633981
|gametype|singles
|player|p1|Teefryingpan|2|1654
|player|p2|Mr Tpen|102|1666
|gen|9
|tier|[Gen 9] OU
|rated|
|rule|HP Percentage Mod: HP is shown in percentages
|rule|Endless Battle Clause: Forcing endless battles is banned
|rule|Species Clause: Limit one of each Pokémon
|rule|OHKO Clause: OHKO moves are banned
|rule|Evasion Items Clause: Evasion items are banned
|rule|Evasion Moves Clause: Evasion moves are banned
|rule|Evasion Abilities Clause: Evasion abilities are banned
|rule|Sleep Moves Clause: Sleep-inducing moves are banned
|clearpoke
|poke|p1|Samurott-Hisui, F|
|poke|p1|Dragapult, M|
|poke|p1|Enamorus, F|
|poke|p1|Scizor, M|
|poke|p1|Iron Treads|
|poke|p1|Ogerpon-Wellspring, F|
|poke|p2|Gliscor, M|
|poke|p2|Gholdengo|
|poke|p2|Dragonite, M|
|poke|p2|Ting-Lu|
|poke|p2|Darkrai|
|poke|p2|Zamazenta-*|
|teampreview
|inactive|Battle timer is ON: inactive players will automatically lose when time's up. (requested by Teefryingpan)
|
|t:|1779634009
|teamsize|p1|6
|teamsize|p2|6
|start
|switch|p1a: Samurott|Samurott-Hisui, F|100/100
|switch|p2a: Gliscor|Gliscor, M|100/100
|turn|1
|
|t:|1779634011
|move|p2a: Gliscor|Protect|p2a: Gliscor
|-singleturn|p2a: Gliscor|Protect
|move|p1a: Samurott|Swords Dance|p1a: Samurott
|-boost|p1a: Samurott|atk|2
|
|-status|p2a: Gliscor|tox|[from] item: Toxic Orb
|upkeep
|turn|2
|
|t:|1779634014
|move|p1a: Samurott|Aqua Cutter|p2a: Gliscor
|-supereffective|p2a: Gliscor
|-crit|p2a: Gliscor
|-damage|p2a: Gliscor|0 fnt
|faint|p2a: Gliscor
|
|upkeep
|
|t:|1779634017
|switch|p2a: Zamazenta|Zamazenta|100/100
|-ability|p2a: Zamazenta|Dauntless Shield|boost
|-boost|p2a: Zamazenta|def|1
|turn|3
|j| kanaete onegai
|
|t:|1779634022
|switch|p1a: Enamorus|Enamorus, F|100/100
|move|p2a: Zamazenta|Close Combat|p1a: Enamorus
|-resisted|p1a: Enamorus
|-damage|p1a: Enamorus|77/100
|-unboost|p2a: Zamazenta|def|1
|-unboost|p2a: Zamazenta|spd|1
|
|upkeep
|turn|4
|
|t:|1779634025
|move|p1a: Enamorus|Mystical Fire|p2a: Zamazenta
|-damage|p2a: Zamazenta|66/100
|-unboost|p2a: Zamazenta|spa|1
|move|p2a: Zamazenta|Heavy Slam|p1a: Enamorus
|-supereffective|p1a: Enamorus
|-damage|p1a: Enamorus|0 fnt
|faint|p1a: Enamorus
|
|upkeep
|
|t:|1779634029
|switch|p1a: Dragapult|Dragapult, M|100/100
|turn|5
|
|t:|1779634033
|switch|p2a: Ting-Lu|Ting-Lu|100/100
|-ability|p2a: Ting-Lu|Vessel of Ruin
|move|p1a: Dragapult|U-turn|p2a: Ting-Lu
|-supereffective|p2a: Ting-Lu
|-crit|p2a: Ting-Lu
|-damage|p2a: Ting-Lu|73/100
|
|t:|1779634035
|switch|p1a: Samurott|Samurott-Hisui, F|100/100|[from] U-turn
|
|-heal|p2a: Ting-Lu|79/100|[from] item: Leftovers
|upkeep
|turn|6
|
|t:|1779634037
|move|p1a: Samurott|Swords Dance|p1a: Samurott
|-boost|p1a: Samurott|atk|2
|move|p2a: Ting-Lu|Stealth Rock|p1a: Samurott
|-sidestart|p1: Teefryingpan|move: Stealth Rock
|
|-heal|p2a: Ting-Lu|86/100|[from] item: Leftovers
|upkeep
|turn|7
|
|t:|1779634041
|move|p1a: Samurott|Aqua Cutter|p2a: Ting-Lu
|-supereffective|p2a: Ting-Lu
|-damage|p2a: Ting-Lu|0 fnt
|faint|p2a: Ting-Lu
|
|upkeep
|
|t:|1779634044
|switch|p2a: Zamazenta|Zamazenta|66/100
|turn|8
|
|t:|1779634046
|-terastallize|p1a: Samurott|Ghost
|move|p2a: Zamazenta|Close Combat|p1a: Samurott
|-immune|p1a: Samurott
|move|p1a: Samurott|Aqua Cutter|p2a: Zamazenta
|-damage|p2a: Zamazenta|0 fnt
|faint|p2a: Zamazenta
|
|upkeep
|
|t:|1779634048
|switch|p2a: Darkrai|Darkrai|100/100
|turn|9
|
|t:|1779634068
|switch|p1a: Ogerpon|Ogerpon-Wellspring, F|100/100
|-damage|p1a: Ogerpon|88/100|[from] Stealth Rock
|move|p2a: Darkrai|Dark Pulse|p1a: Ogerpon
|-damage|p1a: Ogerpon|41/100
|
|upkeep
|turn|10
|
|t:|1779634071
|move|p2a: Darkrai|Dark Pulse|p1a: Ogerpon
|-damage|p1a: Ogerpon|0 fnt
|faint|p1a: Ogerpon
|
|upkeep
|
|t:|1779634077
|switch|p1a: Iron Treads|Iron Treads|100/100
|turn|11
|
|t:|1779634080
|move|p2a: Darkrai|Will-O-Wisp|p1a: Iron Treads
|-status|p1a: Iron Treads|brn
|move|p1a: Iron Treads|Rapid Spin|p2a: Darkrai
|-damage|p2a: Darkrai|93/100
|-boost|p1a: Iron Treads|spe|1
|-sideend|p1: Teefryingpan|Stealth Rock|[from] move: Rapid Spin|[of] p1a: Iron Treads
|
|-damage|p1a: Iron Treads|94/100 brn|[from] brn
|upkeep
|turn|12
|
|t:|1779634082
|move|p1a: Iron Treads|Stealth Rock|p2a: Darkrai
|-sidestart|p2: Mr Tpen|move: Stealth Rock
|move|p2a: Darkrai|Dark Pulse|p1a: Iron Treads
|-damage|p1a: Iron Treads|46/100 brn
|
|-damage|p1a: Iron Treads|40/100 brn|[from] brn
|upkeep
|turn|13
|
|t:|1779634085
|move|p1a: Iron Treads|Earthquake|p2a: Darkrai
|-damage|p2a: Darkrai|70/100
|move|p2a: Darkrai|Dark Pulse|p1a: Iron Treads
|-damage|p1a: Iron Treads|0 fnt
|faint|p1a: Iron Treads
|-end|p1a: Iron Treads|Quark Drive|[silent]
|
|upkeep
|
|t:|1779634090
|switch|p1a: Dragapult|Dragapult, M|100/100
|turn|14
|
|t:|1779634096
|move|p1a: Dragapult|Draco Meteor|p2a: Darkrai
|-damage|p2a: Darkrai|0 fnt
|-unboost|p1a: Dragapult|spa|2
|faint|p2a: Darkrai
|
|upkeep
|
|t:|1779634098
|switch|p2a: Gholdengo|Gholdengo|100/100
|-damage|p2a: Gholdengo|94/100|[from] Stealth Rock
|turn|15
|
|t:|1779634103
|switch|p1a: Samurott|Samurott-Hisui, F, tera:Ghost|100/100
|move|p2a: Gholdengo|Shadow Ball|p1a: Samurott
|-supereffective|p1a: Samurott
|-damage|p1a: Samurott|0 fnt
|faint|p1a: Samurott
|
|upkeep
|
|t:|1779634108
|switch|p1a: Dragapult|Dragapult, M|100/100
|turn|16
|
|t:|1779634111
|-terastallize|p2a: Gholdengo|Steel
|move|p2a: Gholdengo|Shadow Ball|p1a: Dragapult
|-supereffective|p1a: Dragapult
|-damage|p1a: Dragapult|0 fnt
|faint|p1a: Dragapult
|
|upkeep
|
|t:|1779634122
|switch|p1a: Scizor|Scizor, M|100/100
|turn|17
|
|t:|1779634124
|move|p2a: Gholdengo|Shadow Ball|p1a: Scizor
|-damage|p1a: Scizor|50/100
|move|p1a: Scizor|Brick Break|p2a: Gholdengo
|-supereffective|p2a: Gholdengo
|-damage|p2a: Gholdengo|0 fnt
|faint|p2a: Gholdengo
|
|upkeep
|
|t:|1779634127
|switch|p2a: Dragonite|Dragonite, M|100/100
|turn|18
|
|t:|1779634131
|move|p2a: Dragonite|Earthquake|p1a: Scizor
|-damage|p1a: Scizor|14/100
|move|p1a: Scizor|Brick Break|p2a: Dragonite
|-resisted|p2a: Dragonite
|-damage|p2a: Dragonite|90/100
|
|upkeep
|turn|19
|-message|Teefryingpan forfeited.
|
|win|Mr Tpen
|raw|Teefryingpan's rating: 1654 &rarr; <strong>1635</strong><br />(-19 for losing)
|raw|Mr Tpen's rating: 1666 &rarr; <strong>1685</strong><br />(+19 for winning)
|l|☆Mr Tpen
|player|p2|
