|j|☆npctypebeat
|j|☆Megachamp100
|t:|1779587833
|gametype|singles
|player|p1|npctypebeat|2|1088
|player|p2|Megachamp100|marshal|1152
|gen|9
|tier|[Gen 9] OU
|rated|
|rule|HP Percentage Mod: HP is shown in percentages
|rule|Endless Battle Clause: Forcing endless battles is banned
|rule|Species Clause: Limit one of each Pokémon
|rule|OHKO Clause: OHKO moves are banned
|rule|Evasion Items Clause: Evasion items are banned
|rule|Evasion Moves Clause: Evasion moves are banned
|rule|Evasion Abilities Clause: Evasion abilities are banned
|rule|Sleep Moves Clause: Sleep-inducing moves are banned
|clearpoke
|poke|p1|Gliscor, M|
|poke|p1|Gholdengo|
|poke|p1|Zamazenta-*|
|poke|p1|Blissey, F|
|poke|p1|Skarmory, F|
|poke|p1|Pecharunt|
|poke|p2|Arcanine, M|
|poke|p2|Forretress, M|
|poke|p2|Slowking-Galar, M|
|poke|p2|Clefable, F|
|poke|p2|Keldeo-Resolute|
|poke|p2|Ursaluna, F|
|teampreview
|c|☆npctypebeat|hf
|inactive|Battle timer is ON: inactive players will automatically lose when time's up. (requested by npctypebeat)
|inactive|Megachamp100 has 120 seconds left.
|inactive|Megachamp100 has 90 seconds left.
|
|t:|1779587902
|teamsize|p1|6
|teamsize|p2|6
|start
|switch|p1a: Skarmory|Skarmory, F|100/100
|switch|p2a: Keldeo|Keldeo-Resolute|100/100
|turn|1
|
|t:|1779587908
|move|p2a: Keldeo|Surf|p1a: Skarmory
|-damage|p1a: Skarmory|9/100
|move|p1a: Skarmory|Spikes|p2a: Keldeo
|-sidestart|p2: Megachamp100|Spikes
|
|upkeep
|turn|2
|
|t:|1779587912
|switch|p1a: Blissey|Blissey, F|100/100
|move|p2a: Keldeo|Surf|p1a: Blissey
|-damage|p1a: Blissey|79/100
|
|upkeep
|turn|3
|
|t:|1779587918
|switch|p2a: Forretress|Forretress, M, shiny|100/100
|-damage|p2a: Forretress|88/100|[from] Spikes
|move|p1a: Blissey|Stealth Rock|p2a: Forretress
|-sidestart|p2: Megachamp100|move: Stealth Rock
|
|upkeep
|turn|4
|
|t:|1779587926
|switch|p1a: Zamazenta|Zamazenta|100/100
|-ability|p1a: Zamazenta|Dauntless Shield|boost
|-boost|p1a: Zamazenta|def|1
|move|p2a: Forretress|Volt Switch|p1a: Zamazenta
|-damage|p1a: Zamazenta|90/100
|
|t:|1779587936
|switch|p2a: Slowking|Slowking-Galar, M, shiny|100/100|[from] Volt Switch
|
|upkeep
|turn|5
|c|☆Megachamp100|hf
|
|t:|1779587954
|move|p1a: Zamazenta|Close Combat|p2a: Slowking
|-resisted|p2a: Slowking
|-damage|p2a: Slowking|87/100
|-unboost|p1a: Zamazenta|def|1
|-unboost|p1a: Zamazenta|spd|1
|move|p2a: Slowking|Trick Room|p2a: Slowking
|-fieldstart|move: Trick Room|[of] p2a: Slowking
|
|upkeep
|turn|6
|
|t:|1779587963
|move|p2a: Slowking|Future Sight|p1a: Zamazenta
|-start|p2a: Slowking|move: Future Sight
|move|p1a: Zamazenta|Close Combat|p2a: Slowking
|-resisted|p2a: Slowking
|-damage|p2a: Slowking|72/100
|-unboost|p1a: Zamazenta|def|1
|-unboost|p1a: Zamazenta|spd|1
|
|upkeep
|turn|7
|
|t:|1779587970
|move|p2a: Slowking|Ice Beam|p1a: Zamazenta
|-damage|p1a: Zamazenta|48/100
|move|p1a: Zamazenta|Close Combat|p2a: Slowking
|-resisted|p2a: Slowking
|-damage|p2a: Slowking|56/100
|-unboost|p1a: Zamazenta|def|1
|-unboost|p1a: Zamazenta|spd|1
|
|upkeep
|turn|8
|
|t:|1779587979
|switch|p1a: Gholdengo|Gholdengo|100/100
|move|p2a: Slowking|Ice Beam|p1a: Gholdengo
|-resisted|p1a: Gholdengo
|-damage|p1a: Gholdengo|89/100
|
|-end|p1a: Gholdengo|move: Future Sight
|-resisted|p1a: Gholdengo
|-damage|p1a: Gholdengo|67/100
|upkeep
|turn|9
|
|t:|1779587988
|switch|p2a: Ursaluna|Ursaluna, F|100/100
|-damage|p2a: Ursaluna|88/100|[from] Spikes
|-damage|p2a: Ursaluna|82/100|[from] Stealth Rock
|move|p1a: Gholdengo|Thunder Wave|p2a: Ursaluna
|-immune|p2a: Ursaluna
|
|-fieldend|move: Trick Room
|-status|p2a: Ursaluna|brn|[from] item: Flame Orb
|upkeep
|turn|10
|
|t:|1779588002
|move|p1a: Gholdengo|Recover|p1a: Gholdengo
|-heal|p1a: Gholdengo|100/100
|move|p2a: Ursaluna|Swords Dance|p2a: Ursaluna
|-boost|p2a: Ursaluna|atk|2
|
|-damage|p2a: Ursaluna|75/100 brn|[from] brn
|upkeep
|turn|11
|
|t:|1779588013
|switch|p1a: Gliscor|Gliscor, M|100/100
|move|p2a: Ursaluna|Fire Punch|p1a: Gliscor
|-damage|p1a: Gliscor|34/100
|
|-damage|p2a: Ursaluna|69/100 brn|[from] brn
|-status|p1a: Gliscor|tox|[from] item: Toxic Orb
|upkeep
|turn|12
|
|t:|1779588021
|move|p1a: Gliscor|Earthquake|p2a: Ursaluna
|-damage|p2a: Ursaluna|48/100 brn
|move|p2a: Ursaluna|Fire Punch|p1a: Gliscor
|-damage|p1a: Gliscor|0 fnt
|faint|p1a: Gliscor
|
|-damage|p2a: Ursaluna|41/100 brn|[from] brn
|upkeep
|
|t:|1779588029
|switch|p1a: Zamazenta|Zamazenta|48/100
|turn|13
|
|t:|1779588041
|switch|p2a: Forretress|Forretress, M, shiny|88/100
|-damage|p2a: Forretress|76/100|[from] Spikes
|-damage|p2a: Forretress|63/100|[from] Stealth Rock
|move|p1a: Zamazenta|Close Combat|p2a: Forretress
|-damage|p2a: Forretress|32/100
|-unboost|p1a: Zamazenta|def|1
|-unboost|p1a: Zamazenta|spd|1
|-damage|p1a: Zamazenta|32/100|[from] item: Rocky Helmet|[of] p2a: Forretress
|
|upkeep
|turn|14
|
|t:|1779588057
|move|p1a: Zamazenta|Close Combat|p2a: Forretress
|-damage|p2a: Forretress|0 fnt
|-unboost|p1a: Zamazenta|def|1
|-unboost|p1a: Zamazenta|spd|1
|-damage|p1a: Zamazenta|15/100|[from] item: Rocky Helmet|[of] p2a: Forretress
|faint|p2a: Forretress
|
|upkeep
|
|t:|1779588064
|switch|p2a: Clefable|Clefable, F, shiny|100/100
|turn|15
|
|t:|1779588074
|move|p1a: Zamazenta|Crunch|p2a: Clefable
|-resisted|p2a: Clefable
|-damage|p2a: Clefable|85/100
|move|p2a: Clefable|Flamethrower|p1a: Zamazenta
|-damage|p1a: Zamazenta|0 fnt
|faint|p1a: Zamazenta
|
|upkeep
|
|t:|1779588095
|switch|p1a: Pecharunt|Pecharunt|100/100
|turn|16
|
|t:|1779588106
|move|p1a: Pecharunt|Shadow Ball|p2a: Clefable
|-damage|p2a: Clefable|69/100
|move|p2a: Clefable|Thunder Wave|p1a: Pecharunt
|-status|p1a: Pecharunt|par
|
|upkeep
|turn|17
|
|t:|1779588122
|switch|p2a: Ursaluna|Ursaluna, F|41/100 brn
|-damage|p2a: Ursaluna|29/100 brn|[from] Spikes
|-damage|p2a: Ursaluna|23/100 brn|[from] Stealth Rock
|move|p1a: Pecharunt|Toxic||[still]
|-fail|p1a: Pecharunt
|
|-damage|p2a: Ursaluna|16/100 brn|[from] brn
|upkeep
|turn|18
|
|t:|1779588132
|move|p2a: Ursaluna|Headlong Rush|p1a: Pecharunt
|-supereffective|p1a: Pecharunt
|-damage|p1a: Pecharunt|1/100 par
|-unboost|p2a: Ursaluna|def|1
|-unboost|p2a: Ursaluna|spd|1
|move|p1a: Pecharunt|Parting Shot|p2a: Ursaluna
|-unboost|p2a: Ursaluna|atk|1
|-unboost|p2a: Ursaluna|spa|1
|inactive|npctypebeat has 120 seconds left.
|
|t:|1779588151
|switch|p1a: Skarmory|Skarmory, F|9/100|[from] Parting Shot
|
|-damage|p2a: Ursaluna|10/100 brn|[from] brn
|upkeep
|turn|19
|inactive|npctypebeat has 120 seconds left.
|
|t:|1779588156
|move|p1a: Skarmory|Roost|p1a: Skarmory
|-heal|p1a: Skarmory|59/100
|-singleturn|p1a: Skarmory|move: Roost
|move|p2a: Ursaluna|Fire Punch|p1a: Skarmory
|-supereffective|p1a: Skarmory
|-damage|p1a: Skarmory|19/100
|
|-damage|p2a: Ursaluna|4/100 brn|[from] brn
|upkeep
|turn|20
|
|t:|1779588167
|move|p2a: Ursaluna|Fire Punch|p1a: Skarmory
|-supereffective|p1a: Skarmory
|-damage|p1a: Skarmory|0 fnt
|faint|p1a: Skarmory
|
|-damage|p2a: Ursaluna|0 fnt|[from] brn
|faint|p2a: Ursaluna
|upkeep
|inactive|npctypebeat has 120 seconds left.
|
|t:|1779588186
|switch|p1a: Gholdengo|Gholdengo|100/100
|switch|p2a: Keldeo|Keldeo-Resolute|100/100
|-damage|p2a: Keldeo|88/100|[from] Spikes
|-damage|p2a: Keldeo|82/100|[from] Stealth Rock
|turn|21
|
|t:|1779588195
|move|p2a: Keldeo|Flip Turn|p1a: Gholdengo
|-damage|p1a: Gholdengo|89/100
|
|t:|1779588200
|switch|p2a: Arcanine|Arcanine, M, shiny|100/100|[from] Flip Turn
|-damage|p2a: Arcanine|88/100|[from] Spikes
|-damage|p2a: Arcanine|63/100|[from] Stealth Rock
|-ability|p2a: Arcanine|Intimidate|boost
|-unboost|p1a: Gholdengo|atk|1
|move|p1a: Gholdengo|Thunder Wave|p2a: Arcanine
|-status|p2a: Arcanine|par
|
|-heal|p2a: Arcanine|69/100 par|[from] item: Leftovers
|upkeep
|turn|22
|
|t:|1779588215
|move|p1a: Gholdengo|Hex|p2a: Arcanine
|-crit|p2a: Arcanine
|-damage|p2a: Arcanine|0 fnt
|faint|p2a: Arcanine
|
|upkeep
|
|t:|1779588220
|switch|p2a: Clefable|Clefable, F, shiny|69/100
|turn|23
|
|t:|1779588227
|move|p1a: Gholdengo|Thunder Wave|p2a: Clefable
|-status|p2a: Clefable|par
|move|p2a: Clefable|Flamethrower|p1a: Gholdengo
|-supereffective|p1a: Gholdengo
|-damage|p1a: Gholdengo|47/100
|
|upkeep
|turn|24
|
|t:|1779588244
|move|p1a: Gholdengo|Recover|p1a: Gholdengo
|-heal|p1a: Gholdengo|97/100
|cant|p2a: Clefable|par
|
|upkeep
|turn|25
|
|t:|1779588267
|move|p1a: Gholdengo|Hex|p2a: Clefable
|-damage|p2a: Clefable|31/100 par
|move|p2a: Clefable|Flamethrower|p1a: Gholdengo
|-supereffective|p1a: Gholdengo
|-damage|p1a: Gholdengo|60/100
|
|upkeep
|turn|26
|inactive|npctypebeat has 120 seconds left.
|
|t:|1779588283
|move|p1a: Gholdengo|Recover|p1a: Gholdengo
|-heal|p1a: Gholdengo|100/100
|move|p2a: Clefable|Flamethrower|p1a: Gholdengo
|-supereffective|p1a: Gholdengo
|-damage|p1a: Gholdengo|59/100
|
|upkeep
|turn|27
|
|t:|1779588293
|move|p1a: Gholdengo|Recover|p1a: Gholdengo
|-heal|p1a: Gholdengo|100/100
|move|p2a: Clefable|Flamethrower|p1a: Gholdengo
|-supereffective|p1a: Gholdengo
|-damage|p1a: Gholdengo|65/100
|-status|p1a: Gholdengo|brn
|
|-damage|p1a: Gholdengo|58/100 brn|[from] brn
|upkeep
|turn|28
|
|t:|1779588304
|switch|p1a: Blissey|Blissey, F|79/100
|move|p2a: Clefable|Flamethrower|p1a: Blissey
|-damage|p1a: Blissey|72/100
|
|upkeep
|turn|29
|inactive|npctypebeat has 120 seconds left.
|
|t:|1779588321
|switch|p2a: Keldeo|Keldeo-Resolute|82/100
|-damage|p2a: Keldeo|70/100|[from] Spikes
|-damage|p2a: Keldeo|63/100|[from] Stealth Rock
|move|p1a: Blissey|Shadow Ball|p2a: Keldeo
|-damage|p2a: Keldeo|47/100
|-unboost|p2a: Keldeo|spd|1
|
|upkeep
|turn|30
|inactive|npctypebeat has 120 seconds left.
|
|t:|1779588331
|move|p2a: Keldeo|Secret Sword|p1a: Blissey
|-supereffective|p1a: Blissey
|-damage|p1a: Blissey|0 fnt
|faint|p1a: Blissey
|
|upkeep
|inactive|npctypebeat has 120 seconds left.
|
|t:|1779588362
|switch|p1a: Gholdengo|Gholdengo|58/100 brn
|turn|31
|inactive|Megachamp100 has 120 seconds left.
|
|t:|1779588398
|switch|p2a: Clefable|Clefable, F, shiny|31/100 par
|move|p1a: Gholdengo|Recover|p1a: Gholdengo
|-heal|p1a: Gholdengo|100/100 brn
|
|-damage|p1a: Gholdengo|94/100 brn|[from] brn
|upkeep
|turn|32
|inactive|Megachamp100 has 120 seconds left.
|
|t:|1779588409
|move|p1a: Gholdengo|Recover|p1a: Gholdengo
|-heal|p1a: Gholdengo|100/100 brn
|move|p2a: Clefable|Moonlight|p2a: Clefable
|-heal|p2a: Clefable|81/100 par
|
|-damage|p1a: Gholdengo|94/100 brn|[from] brn
|upkeep
|turn|33
|inactive|Megachamp100 has 120 seconds left.
|
|t:|1779588418
|move|p1a: Gholdengo|Hex|p2a: Clefable
|-damage|p2a: Clefable|41/100 par
|cant|p2a: Clefable|par
|
|-damage|p1a: Gholdengo|88/100 brn|[from] brn
|upkeep
|turn|34
|
|t:|1779588442
|move|p1a: Gholdengo|Recover|p1a: Gholdengo
|-heal|p1a: Gholdengo|100/100 brn
|move|p2a: Clefable|Flamethrower|p1a: Gholdengo
|-supereffective|p1a: Gholdengo
|-damage|p1a: Gholdengo|60/100 brn
|
|-damage|p1a: Gholdengo|54/100 brn|[from] brn
|upkeep
|turn|35
|
|t:|1779588454
|move|p1a: Gholdengo|Recover|p1a: Gholdengo
|-heal|p1a: Gholdengo|100/100 brn
|move|p2a: Clefable|Flamethrower|p1a: Gholdengo
|-supereffective|p1a: Gholdengo
|-damage|p1a: Gholdengo|61/100 brn
|
|-damage|p1a: Gholdengo|55/100 brn|[from] brn
|upkeep
|turn|36
|inactive|npctypebeat has 90 seconds left.
|
|t:|1779588470
|move|p1a: Gholdengo|Hex|p2a: Clefable
|-damage|p2a: Clefable|1/100 par
|move|p2a: Clefable|Flamethrower|p1a: Gholdengo
|-supereffective|p1a: Gholdengo
|-damage|p1a: Gholdengo|19/100 brn
|
|-damage|p1a: Gholdengo|13/100 brn|[from] brn
|upkeep
|turn|37
|inactive|npctypebeat has 90 seconds left.
|
|t:|1779588482
|move|p1a: Gholdengo|Hex|p2a: Clefable
|-damage|p2a: Clefable|0 fnt
|faint|p2a: Clefable
|
|-damage|p1a: Gholdengo|7/100 brn|[from] brn
|upkeep
|
|t:|1779588489
|switch|p2a: Keldeo|Keldeo-Resolute|47/100
|-damage|p2a: Keldeo|35/100|[from] Spikes
|-damage|p2a: Keldeo|28/100|[from] Stealth Rock
|turn|38
|
|t:|1779588500
|move|p2a: Keldeo|Surf|p1a: Gholdengo
|-damage|p1a: Gholdengo|0 fnt
|faint|p1a: Gholdengo
|
|upkeep
|inactive|npctypebeat has 90 seconds left.
|
|t:|1779588516
|switch|p1a: Pecharunt|Pecharunt|1/100 par
|turn|39
|inactive|npctypebeat has 90 seconds left.
|
|t:|1779588529
|move|p2a: Keldeo|Surf|p1a: Pecharunt
|-damage|p1a: Pecharunt|0 fnt
|faint|p1a: Pecharunt
|
|win|Megachamp100
|raw|npctypebeat's rating: 1136 &rarr; <strong>1112</strong><br />(-24 for losing)
|raw|Megachamp100's rating: 1152 &rarr; <strong>1176</strong><br />(+24 for winning)
|c|☆npctypebeat|gg
