|j|☆wallahi brobini
|j|☆korean_bagel
|t:|1779662496
|gametype|singles
|player|p1|wallahi brobini|169|1324
|player|p2|korean_bagel|benga|1305
|gen|9
|tier|[Gen 9] OU
|rated|
|rule|HP Percentage Mod: HP is shown in percentages
|rule|Endless Battle Clause: Forcing endless battles is banned
|rule|Species Clause: Limit one of each Pokémon
|rule|OHKO Clause: OHKO moves are banned
|rule|Evasion Items Clause: Evasion items are banned
|rule|Evasion Moves Clause: Evasion moves are banned
|rule|Evasion Abilities Clause: Evasion abilities are banned
|rule|Sleep Moves Clause: Sleep-inducing moves are banned
|clearpoke
|poke|p1|Tyranitar, M|
|poke|p1|Zapdos-Galar|
|poke|p1|Ogerpon-Wellspring, F|
|poke|p1|Dragapult, F|
|poke|p1|Forretress, F|
|poke|p1|Gholdengo|
|poke|p2|Garganacl, M|
|poke|p2|Pecharunt|
|poke|p2|Rillaboom, M|
|poke|p2|Regieleki|
|poke|p2|Corviknight, F|
|poke|p2|Primarina, F|
|teampreview
|inactive|Battle timer is ON: inactive players will automatically lose when time's up. (requested by wallahi brobini)
|c|☆korean_bagel|hi!
|
|t:|1779662509
|teamsize|p1|6
|teamsize|p2|6
|start
|switch|p1a: Dragapult|Dragapult, F|100/100
|switch|p2a: Saltman|Garganacl, M|100/100
|turn|1
|
|t:|1779662514
|move|p1a: Dragapult|U-turn|p2a: Saltman
|-damage|p2a: Saltman|92/100
|
|t:|1779662519
|switch|p1a: Forretress|Forretress, F|100/100|[from] U-turn
|move|p2a: Saltman|Salt Cure|p1a: Forretress
|-damage|p1a: Forretress|93/100
|-start|p1a: Forretress|Salt Cure
|
|-heal|p2a: Saltman|98/100|[from] item: Leftovers
|-heal|p1a: Forretress|99/100|[from] item: Leftovers
|-damage|p1a: Forretress|74/100|[from] Salt Cure
|upkeep
|turn|2
|
|t:|1779662526
|move|p2a: Saltman|Substitute|p2a: Saltman
|-start|p2a: Saltman|Substitute
|-damage|p2a: Saltman|73/100
|move|p1a: Forretress|Iron Defense|p1a: Forretress
|-boost|p1a: Forretress|def|2
|
|-heal|p2a: Saltman|79/100|[from] item: Leftovers
|-heal|p1a: Forretress|80/100|[from] item: Leftovers
|-damage|p1a: Forretress|56/100|[from] Salt Cure
|upkeep
|turn|3
|
|t:|1779662533
|move|p2a: Saltman|Stone Edge|p1a: Forretress|[miss]
|-miss|p2a: Saltman|p1a: Forretress
|move|p1a: Forretress|Volt Switch|p2a: Saltman
|-activate|p2a: Saltman|move: Substitute|[damage]
|
|t:|1779662536
|switch|p1a: Dragapult|Dragapult, F|100/100|[from] Volt Switch
|
|-heal|p2a: Saltman|86/100|[from] item: Leftovers
|upkeep
|turn|4
|
|t:|1779662544
|-terastallize|p1a: Dragapult|Dragon
|move|p1a: Dragapult|Draco Meteor|p2a: Saltman
|-damage|p2a: Saltman|0 fnt
|-unboost|p1a: Dragapult|spa|2
|faint|p2a: Saltman
|
|upkeep
|
|t:|1779662555
|switch|p2a: Zipper|Regieleki|100/100
|turn|5
|
|t:|1779662564
|move|p2a: Zipper|Light Screen|p2a: Zipper
|-sidestart|p2: korean_bagel|move: Light Screen
|move|p1a: Dragapult|Draco Meteor|p2a: Zipper|[miss]
|-miss|p1a: Dragapult|p2a: Zipper
|
|upkeep
|turn|6
|
|t:|1779662568
|switch|p1a: Tyranitar|Tyranitar, M|100/100
|-weather|Sandstorm|[from] ability: Sand Stream|[of] p1a: Tyranitar
|move|p2a: Zipper|Thunder Wave|p1a: Tyranitar
|-status|p1a: Tyranitar|par
|
|-weather|Sandstorm|[upkeep]
|-damage|p2a: Zipper|94/100|[from] Sandstorm
|upkeep
|turn|7
|
|t:|1779662577
|-terastallize|p2a: Zipper|Flying
|move|p2a: Zipper|Reflect|p2a: Zipper
|-sidestart|p2: korean_bagel|Reflect
|move|p1a: Tyranitar|Earthquake|p2a: Zipper
|-immune|p2a: Zipper
|
|-weather|Sandstorm|[upkeep]
|-damage|p2a: Zipper|88/100|[from] Sandstorm
|upkeep
|turn|8
|
|t:|1779662583
|switch|p2a: Huph Huph|Corviknight, F|100/100
|move|p1a: Tyranitar|Stone Edge|p2a: Huph Huph
|-damage|p2a: Huph Huph|83/100
|
|-weather|Sandstorm|[upkeep]
|upkeep
|turn|9
|c|☆wallahi brobini|bros
|c|☆wallahi brobini|jsut doing sh
|c|☆wallahi brobini|i cant
|
|t:|1779662591
|switch|p2a: Peachy|Pecharunt|100/100
|move|p1a: Tyranitar|Knock Off|p2a: Peachy
|-supereffective|p2a: Peachy
|-damage|p2a: Peachy|80/100
|-enditem|p2a: Peachy|Heavy-Duty Boots|[from] move: Knock Off|[of] p1a: Tyranitar
|
|-weather|Sandstorm|[upkeep]
|-damage|p2a: Peachy|74/100|[from] Sandstorm
|upkeep
|turn|10
|
|t:|1779662606
|switch|p1a: Forretress|Forretress, F|56/100
|move|p2a: Peachy|Parting Shot|p1a: Forretress
|-unboost|p1a: Forretress|atk|1
|-unboost|p1a: Forretress|spa|1
|
|t:|1779662613
|switch|p2a: Huph Huph|Corviknight, F|83/100|[from] Parting Shot
|
|-weather|none
|-heal|p1a: Forretress|62/100|[from] item: Leftovers
|upkeep
|turn|11
|
|t:|1779662629
|move|p2a: Huph Huph|Iron Defense|p2a: Huph Huph
|-boost|p2a: Huph Huph|def|2
|move|p1a: Forretress|Volt Switch|p2a: Huph Huph
|-supereffective|p2a: Huph Huph
|-damage|p2a: Huph Huph|78/100
|
|t:|1779662642
|switch|p1a: Gholdengo|Gholdengo|100/100|[from] Volt Switch
|-item|p1a: Gholdengo|Air Balloon
|
|upkeep
|turn|12
|
|t:|1779662653
|switch|p2a: Zipper|Regieleki, tera:Flying|88/100
|move|p1a: Gholdengo|Thunder Wave|p2a: Zipper
|-status|p2a: Zipper|par
|
|-sideend|p2: korean_bagel|move: Light Screen
|upkeep
|turn|13
|c|☆wallahi brobini|ts
|c|☆wallahi brobini|lol
|c|☆wallahi brobini|lol
|c|☆wallahi brobini|lol
|
|t:|1779662665
|switch|p1a: Forretress|Forretress, F|62/100
|move|p2a: Zipper|Light Screen|p2a: Zipper
|-sidestart|p2: korean_bagel|move: Light Screen
|
|-heal|p1a: Forretress|68/100|[from] item: Leftovers
|upkeep
|turn|14
|
|t:|1779662672
|move|p2a: Zipper|Thunder Wave|p1a: Forretress|[miss]
|-miss|p2a: Zipper|p1a: Forretress
|move|p1a: Forretress|Iron Defense|p1a: Forretress
|-boost|p1a: Forretress|def|2
|
|-heal|p1a: Forretress|74/100|[from] item: Leftovers
|-sideend|p2: korean_bagel|Reflect
|upkeep
|turn|15
|
|t:|1779662678
|switch|p1a: Tyranitar|Tyranitar, M|100/100 par
|-weather|Sandstorm|[from] ability: Sand Stream|[of] p1a: Tyranitar
|cant|p2a: Zipper|par
|
|-weather|Sandstorm|[upkeep]
|-damage|p2a: Zipper|82/100 par|[from] Sandstorm
|upkeep
|turn|16
|
|t:|1779662691
|switch|p2a: Huph Huph|Corviknight, F|78/100
|move|p1a: Tyranitar|Knock Off|p2a: Huph Huph
|-damage|p2a: Huph Huph|45/100
|-damage|p1a: Tyranitar|84/100 par|[from] item: Rocky Helmet|[of] p2a: Huph Huph
|-enditem|p2a: Huph Huph|Rocky Helmet|[from] move: Knock Off|[of] p1a: Tyranitar
|
|-weather|Sandstorm|[upkeep]
|upkeep
|turn|17
|
|t:|1779662702
|switch|p1a: Dragapult|Dragapult, F, tera:Dragon|100/100
|move|p2a: Huph Huph|Roost|p2a: Huph Huph
|-heal|p2a: Huph Huph|95/100
|-singleturn|p2a: Huph Huph|move: Roost
|
|-weather|Sandstorm|[upkeep]
|-damage|p1a: Dragapult|95/100|[from] Sandstorm
|upkeep
|turn|18
|
|t:|1779662709
|switch|p2a: Dont Google Me|Primarina, F, shiny|100/100
|move|p1a: Dragapult|U-turn|p2a: Dont Google Me
|-resisted|p2a: Dont Google Me
|-damage|p2a: Dont Google Me|91/100
|
|t:|1779662715
|switch|p1a: Ogerpon|Ogerpon-Wellspring, F|100/100|[from] U-turn
|
|-weather|Sandstorm|[upkeep]
|-damage|p1a: Ogerpon|95/100|[from] Sandstorm
|-damage|p2a: Dont Google Me|85/100|[from] Sandstorm
|upkeep
|turn|19
|c|☆wallahi brobini|i mean
|c|☆wallahi brobini|youre getting outmanuevered
|
|t:|1779662727
|switch|p2a: Peachy|Pecharunt|74/100
|move|p1a: Ogerpon|Horn Leech|p2a: Peachy
|-resisted|p2a: Peachy
|-damage|p2a: Peachy|63/100
|-heal|p1a: Ogerpon|100/100|[from] drain|[of] p2a: Peachy
|
|-weather|none
|upkeep
|turn|20
|c|☆korean_bagel|dude chill?
|
|t:|1779662743
|move|p1a: Ogerpon|U-turn|p2a: Peachy
|-resisted|p2a: Peachy
|-damage|p2a: Peachy|60/100
|
|t:|1779662747
|switch|p1a: Tyranitar|Tyranitar, M|84/100 par|[from] U-turn
|-weather|Sandstorm|[from] ability: Sand Stream|[of] p1a: Tyranitar
|move|p2a: Peachy|Recover|p2a: Peachy
|-heal|p2a: Peachy|100/100
|
|-weather|Sandstorm|[upkeep]
|-damage|p2a: Peachy|94/100|[from] Sandstorm
|-sideend|p2: korean_bagel|move: Light Screen
|upkeep
|turn|21
|
|t:|1779662755
|move|p2a: Peachy|Parting Shot|p1a: Tyranitar
|-unboost|p1a: Tyranitar|atk|1
|-unboost|p1a: Tyranitar|spa|1
|
|t:|1779662757
|switch|p2a: Huph Huph|Corviknight, F|95/100|[from] Parting Shot
|move|p1a: Tyranitar|Knock Off|p2a: Huph Huph
|-damage|p2a: Huph Huph|78/100
|
|-weather|Sandstorm|[upkeep]
|upkeep
|turn|22
|
|t:|1779662767
|switch|p1a: Forretress|Forretress, F|74/100
|move|p2a: Huph Huph|Iron Defense|p2a: Huph Huph
|-boost|p2a: Huph Huph|def|2
|
|-weather|Sandstorm|[upkeep]
|-heal|p1a: Forretress|80/100|[from] item: Leftovers
|upkeep
|turn|23
|
|t:|1779662779
|move|p2a: Huph Huph|Body Press|p1a: Forretress
|-damage|p1a: Forretress|59/100
|move|p1a: Forretress|Volt Switch|p2a: Huph Huph
|-supereffective|p2a: Huph Huph
|-damage|p2a: Huph Huph|62/100
|
|t:|1779662783
|switch|p1a: Dragapult|Dragapult, F, tera:Dragon|95/100|[from] Volt Switch
|
|-weather|Sandstorm|[upkeep]
|-damage|p1a: Dragapult|89/100|[from] Sandstorm
|upkeep
|turn|24
|
|t:|1779662792
|move|p1a: Dragapult|Flamethrower|p2a: Huph Huph
|-supereffective|p2a: Huph Huph
|-damage|p2a: Huph Huph|4/100
|move|p2a: Huph Huph|Roost|p2a: Huph Huph
|-heal|p2a: Huph Huph|54/100
|-singleturn|p2a: Huph Huph|move: Roost
|
|-weather|none
|upkeep
|turn|25
|
|t:|1779662802
|move|p1a: Dragapult|Flamethrower|p2a: Huph Huph
|-supereffective|p2a: Huph Huph
|-damage|p2a: Huph Huph|3/100
|move|p2a: Huph Huph|Roost|p2a: Huph Huph
|-heal|p2a: Huph Huph|53/100
|-singleturn|p2a: Huph Huph|move: Roost
|
|upkeep
|turn|26
|
|t:|1779662809
|switch|p2a: Dont Google Me|Primarina, F, shiny|85/100
|move|p1a: Dragapult|Flamethrower|p2a: Dont Google Me
|-resisted|p2a: Dont Google Me
|-damage|p2a: Dont Google Me|74/100
|-status|p2a: Dont Google Me|brn
|
|-damage|p2a: Dont Google Me|68/100 brn|[from] brn
|upkeep
|turn|27
|
|t:|1779662828
|switch|p1a: Forretress|Forretress, F|59/100
|switch|p2a: Zipper|Regieleki, tera:Flying|82/100 par
|
|-heal|p1a: Forretress|65/100|[from] item: Leftovers
|upkeep
|turn|28
|
|t:|1779662837
|move|p2a: Zipper|Thunder Wave|p1a: Forretress
|-status|p1a: Forretress|par
|cant|p1a: Forretress|par
|
|-heal|p1a: Forretress|71/100 par|[from] item: Leftovers
|upkeep
|turn|29
|
|t:|1779662850
|move|p2a: Zipper|Reflect|p2a: Zipper
|-sidestart|p2: korean_bagel|Reflect
|cant|p1a: Forretress|par
|
|-heal|p1a: Forretress|78/100 par|[from] item: Leftovers
|upkeep
|turn|30
|
|t:|1779662854
|switch|p2a: 42x Kong|Rillaboom, M|100/100
|-fieldstart|move: Grassy Terrain|[from] ability: Grassy Surge|[of] p2a: 42x Kong
|move|p1a: Forretress|Volt Switch|p2a: 42x Kong
|-resisted|p2a: 42x Kong
|-damage|p2a: 42x Kong|93/100
|
|t:|1779662865
|switch|p1a: Zapdos|Zapdos-Galar|100/100|[from] Volt Switch
|
|-heal|p2a: 42x Kong|99/100|[from] Grassy Terrain
|upkeep
|turn|31
|
|t:|1779662872
|move|p1a: Zapdos|Brave Bird|p2a: 42x Kong
|-supereffective|p2a: 42x Kong
|-damage|p2a: 42x Kong|3/100
|-damage|p1a: Zapdos|67/100|[from] Recoil
|move|p2a: 42x Kong|Knock Off|p1a: Zapdos
|-resisted|p1a: Zapdos
|-damage|p1a: Zapdos|40/100
|-enditem|p1a: Zapdos|Choice Band|[from] move: Knock Off|[of] p2a: 42x Kong
|-damage|p2a: 42x Kong|0 fnt|[from] item: Life Orb
|faint|p2a: 42x Kong
|
|upkeep
|
|t:|1779662878
|switch|p2a: Zipper|Regieleki, tera:Flying|82/100 par
|turn|32
|
|t:|1779662883
|move|p1a: Zapdos|U-turn|p2a: Zipper
|-resisted|p2a: Zipper
|-damage|p2a: Zipper|74/100 par
|
|t:|1779662889
|switch|p1a: Tyranitar|Tyranitar, M|84/100 par|[from] U-turn
|-weather|Sandstorm|[from] ability: Sand Stream|[of] p1a: Tyranitar
|move|p2a: Zipper|Light Screen|p2a: Zipper
|-sidestart|p2: korean_bagel|move: Light Screen
|
|-weather|Sandstorm|[upkeep]
|-damage|p2a: Zipper|68/100 par|[from] Sandstorm
|-heal|p1a: Tyranitar|90/100 par|[from] Grassy Terrain
|upkeep
|turn|33
|
|t:|1779662905
|switch|p2a: Huph Huph|Corviknight, F|53/100
|switch|p1a: Dragapult|Dragapult, F, tera:Dragon|89/100
|
|-weather|Sandstorm|[upkeep]
|-damage|p1a: Dragapult|83/100|[from] Sandstorm
|-heal|p1a: Dragapult|89/100|[from] Grassy Terrain
|upkeep
|turn|34
|
|t:|1779662919
|switch|p2a: Dont Google Me|Primarina, F, shiny|68/100 brn
|move|p1a: Dragapult|U-turn|p2a: Dont Google Me
|-resisted|p2a: Dont Google Me
|-damage|p2a: Dont Google Me|58/100 brn
|
|t:|1779662926
|switch|p1a: Zapdos|Zapdos-Galar|40/100|[from] U-turn
|
|-weather|Sandstorm|[upkeep]
|-damage|p1a: Zapdos|34/100|[from] Sandstorm
|-damage|p2a: Dont Google Me|52/100 brn|[from] Sandstorm
|-heal|p2a: Dont Google Me|58/100 brn|[from] Grassy Terrain
|-damage|p2a: Dont Google Me|52/100 brn|[from] brn
|-fieldend|move: Grassy Terrain
|upkeep
|turn|35
|
|t:|1779662934
|move|p1a: Zapdos|U-turn|p2a: Dont Google Me
|-resisted|p2a: Dont Google Me
|-damage|p2a: Dont Google Me|45/100 brn
|
|t:|1779662937
|switch|p1a: Forretress|Forretress, F|78/100 par|[from] U-turn
|move|p2a: Dont Google Me|Ice Beam|p1a: Forretress
|-resisted|p1a: Forretress
|-damage|p1a: Forretress|52/100 par
|
|-weather|Sandstorm|[upkeep]
|-damage|p2a: Dont Google Me|39/100 brn|[from] Sandstorm
|-heal|p1a: Forretress|58/100 par|[from] item: Leftovers
|-damage|p2a: Dont Google Me|33/100 brn|[from] brn
|upkeep
|turn|36
|
|t:|1779662945
|switch|p1a: Ogerpon|Ogerpon-Wellspring, F|100/100
|move|p2a: Dont Google Me|Psychic Noise|p1a: Ogerpon
|-immune|p1a: Ogerpon|[from] ability: Water Absorb
|
|-weather|none
|-damage|p2a: Dont Google Me|27/100 brn|[from] brn
|-sideend|p2: korean_bagel|Reflect
|upkeep
|turn|37
|
|t:|1779662958
|move|p1a: Ogerpon|Ivy Cudgel|p2a: Dont Google Me|[anim] Ivy Cudgel Water
|-resisted|p2a: Dont Google Me
|-damage|p2a: Dont Google Me|0 fnt
|faint|p2a: Dont Google Me
|
|upkeep
|
|t:|1779662962
|switch|p2a: Peachy|Pecharunt|94/100
|turn|38
|
|t:|1779662968
|move|p1a: Ogerpon|U-turn|p2a: Peachy
|-resisted|p2a: Peachy
|-damage|p2a: Peachy|91/100
|
|t:|1779662978
|switch|p1a: Forretress|Forretress, F|58/100 par|[from] U-turn
|move|p2a: Peachy|Foul Play|p1a: Forretress
|-damage|p1a: Forretress|47/100 par
|
|-heal|p1a: Forretress|53/100 par|[from] item: Leftovers
|upkeep
|turn|39
|
|t:|1779662985
|move|p2a: Peachy|Parting Shot|p1a: Forretress
|-unboost|p1a: Forretress|atk|1
|-unboost|p1a: Forretress|spa|1
|
|t:|1779662989
|switch|p2a: Zipper|Regieleki, tera:Flying|68/100 par|[from] Parting Shot
|move|p1a: Forretress|Volt Switch|p2a: Zipper
|-supereffective|p2a: Zipper
|-damage|p2a: Zipper|55/100 par
|
|t:|1779662994
|switch|p1a: Dragapult|Dragapult, F, tera:Dragon|89/100|[from] Volt Switch
|
|-sideend|p2: korean_bagel|move: Light Screen
|upkeep
|turn|40
|
|t:|1779662998
|move|p1a: Dragapult|Flamethrower|p2a: Zipper
|-damage|p2a: Zipper|0 fnt
|faint|p2a: Zipper
|
|upkeep
|c|☆korean_bagel|ggs
|-message|korean_bagel forfeited.
|
|win|wallahi brobini
|raw|wallahi brobini's rating: 1324 &rarr; <strong>1343</strong><br />(+19 for winning)
|raw|korean_bagel's rating: 1305 &rarr; <strong>1286</strong><br />(-19 for losing)
|l|☆korean_bagel
|player|p2|
|l|☆wallahi brobini
|player|p1|
