|j|☆HLAHartUAI
|j|☆tyneham
|t:|1779611485
|gametype|singles
|player|p1|HLAHartUAI|clerk|1199
|player|p2|tyneham|akari|1150
|gen|9
|tier|[Gen 9] OU
|rated|
|rule|HP Percentage Mod: HP is shown in percentages
|rule|Endless Battle Clause: Forcing endless battles is banned
|rule|Species Clause: Limit one of each Pokémon
|rule|OHKO Clause: OHKO moves are banned
|rule|Evasion Items Clause: Evasion items are banned
|rule|Evasion Moves Clause: Evasion moves are banned
|rule|Evasion Abilities Clause: Evasion abilities are banned
|rule|Sleep Moves Clause: Sleep-inducing moves are banned
|clearpoke
|poke|p1|Kingambit, M|
|poke|p1|Dragapult, F|
|poke|p1|Great Tusk|
|poke|p1|Heatran, F|
|poke|p1|Rotom-Wash|
|poke|p1|Illumise, F|
|poke|p2|Ceruledge, F|
|poke|p2|Ninetales, M|
|poke|p2|Araquanid, F|
|poke|p2|Walking Wake|
|poke|p2|Comfey, F|
|poke|p2|Hydreigon, F|
|teampreview
|inactive|Battle timer is ON: inactive players will automatically lose when time's up. (requested by tyneham)
|
|t:|1779611496
|teamsize|p1|6
|teamsize|p2|6
|start
|switch|p1a: Heatran|Heatran, F|100/100
|switch|p2a: Hydreigon|Hydreigon, F|100/100
|turn|1
|
|t:|1779611503
|-terastallize|p1a: Heatran|Grass
|move|p2a: Hydreigon|Earth Power|p1a: Heatran
|-resisted|p1a: Heatran
|-damage|p1a: Heatran|86/100
|-unboost|p1a: Heatran|spd|1
|move|p1a: Heatran|Stealth Rock|p2a: Hydreigon
|-sidestart|p2: tyneham|move: Stealth Rock
|
|-heal|p1a: Heatran|92/100|[from] item: Leftovers
|upkeep
|turn|2
|
|t:|1779611521
|switch|p2a: Araquanid|Araquanid, F|100/100
|-damage|p2a: Araquanid|75/100|[from] Stealth Rock
|switch|p1a: Illumise|Illumise, F, shiny|100/100
|
|upkeep
|turn|3
|
|t:|1779611527
|move|p1a: Illumise|Thunder Wave|p2a: Araquanid
|-status|p2a: Araquanid|par
|move|p2a: Araquanid|Sticky Web|p1a: Illumise
|-sidestart|p1: HLAHartUAI|move: Sticky Web
|
|upkeep
|turn|4
|
|t:|1779611539
|move|p1a: Illumise|U-turn|p2a: Araquanid
|-damage|p2a: Araquanid|64/100 par
|-enditem|p2a: Araquanid|Red Card|[of] p1a: Illumise
|drag|p1a: Great Tusk|Great Tusk|100/100
|move|p2a: Araquanid|Surf|p1a: Great Tusk
|-supereffective|p1a: Great Tusk
|-damage|p1a: Great Tusk|0 fnt
|faint|p1a: Great Tusk
|-end|p1a: Great Tusk|Protosynthesis|[silent]
|
|upkeep
|
|t:|1779611556
|switch|p1a: Rotom|Rotom-Wash|100/100
|turn|5
|
|t:|1779611572
|move|p1a: Rotom|Volt Switch|p2a: Araquanid
|-supereffective|p2a: Araquanid
|-damage|p2a: Araquanid|23/100 par
|
|t:|1779611584
|switch|p1a: Illumise|Illumise, F, shiny|100/100|[from] Volt Switch
|cant|p2a: Araquanid|par
|
|upkeep
|turn|6
|
|t:|1779611590
|move|p1a: Illumise|U-turn|p2a: Araquanid
|-damage|p2a: Araquanid|10/100 par
|
|t:|1779611595
|switch|p1a: Rotom|Rotom-Wash|100/100|[from] U-turn
|move|p2a: Araquanid|Endeavor|p1a: Rotom
|-damage|p1a: Rotom|15/100
|
|upkeep
|turn|7
|
|t:|1779611602
|move|p1a: Rotom|Volt Switch|p2a: Araquanid
|-supereffective|p2a: Araquanid
|-damage|p2a: Araquanid|0 fnt
|faint|p2a: Araquanid
|
|t:|1779611608
|switch|p1a: Illumise|Illumise, F, shiny|100/100|[from] Volt Switch
|
|upkeep
|
|t:|1779611615
|switch|p2a: Hydreigon|Hydreigon, F|100/100
|-damage|p2a: Hydreigon|88/100|[from] Stealth Rock
|turn|8
|
|t:|1779611621
|move|p1a: Illumise|Thunder Wave|p2a: Hydreigon
|-hint|Since gen 7, Dark is immune to Prankster moves.
|-immune|p2a: Hydreigon
|move|p2a: Hydreigon|Draco Meteor|p1a: Illumise
|-damage|p1a: Illumise|4/100
|-unboost|p2a: Hydreigon|spa|2
|
|upkeep
|turn|9
|
|t:|1779611627
|move|p1a: Illumise|Thunder Wave|p2a: Hydreigon
|-hint|Since gen 7, Dark is immune to Prankster moves.
|-immune|p2a: Hydreigon
|move|p2a: Hydreigon|Draco Meteor|p1a: Illumise
|-damage|p1a: Illumise|0 fnt
|-unboost|p2a: Hydreigon|spa|2
|faint|p1a: Illumise
|
|upkeep
|
|t:|1779611636
|switch|p1a: Dragapult|Dragapult, F|100/100
|turn|10
|
|t:|1779611645
|switch|p2a: Comfey|Comfey, F|100/100
|-damage|p2a: Comfey|88/100|[from] Stealth Rock
|move|p1a: Dragapult|Dragon Darts|p2a: Comfey
|-immune|p2a: Comfey
|
|upkeep
|turn|11
|
|t:|1779611650
|switch|p2a: Ninetales|Ninetales, M|100/100
|-damage|p2a: Ninetales|76/100|[from] Stealth Rock
|-weather|SunnyDay|[from] ability: Drought|[of] p2a: Ninetales
|move|p1a: Dragapult|Phantom Force||[still]
|-prepare|p1a: Dragapult|Phantom Force
|
|-weather|SunnyDay|[upkeep]
|upkeep
|turn|12
|
|t:|1779611661
|switch|p2a: Hydreigon|Hydreigon, F|88/100
|-damage|p2a: Hydreigon|76/100|[from] Stealth Rock
|move|p1a: Dragapult|Phantom Force|p2a: Hydreigon|[from] lockedmove
|-resisted|p2a: Hydreigon
|-damage|p2a: Hydreigon|49/100
|
|-weather|SunnyDay|[upkeep]
|upkeep
|turn|13
|
|t:|1779611671
|move|p1a: Dragapult|Dragon Darts|p2a: Hydreigon
|-supereffective|p2a: Hydreigon
|-damage|p2a: Hydreigon|0 fnt
|faint|p2a: Hydreigon
|
|-weather|SunnyDay|[upkeep]
|upkeep
|
|t:|1779611673
|switch|p2a: Walking Wake|Walking Wake|100/100
|-damage|p2a: Walking Wake|88/100|[from] Stealth Rock
|-activate|p2a: Walking Wake|ability: Protosynthesis
|-start|p2a: Walking Wake|protosynthesisspa
|turn|14
|
|t:|1779611679
|-terastallize|p2a: Walking Wake|Fairy
|move|p1a: Dragapult|Dragon Darts|p2a: Walking Wake
|-immune|p2a: Walking Wake
|move|p2a: Walking Wake|Hydro Steam|p1a: Dragapult
|-resisted|p1a: Dragapult
|-damage|p1a: Dragapult|8/100
|
|-weather|SunnyDay|[upkeep]
|upkeep
|turn|15
|
|t:|1779611698
|move|p1a: Dragapult|Phantom Force||[still]
|-prepare|p1a: Dragapult|Phantom Force
|move|p2a: Walking Wake|Hydro Steam|p1a: Dragapult|[miss]
|-miss|p2a: Walking Wake|p1a: Dragapult
|
|-weather|SunnyDay|[upkeep]
|upkeep
|turn|16
|
|t:|1779611702
|move|p1a: Dragapult|Phantom Force|p2a: Walking Wake|[from] lockedmove
|-damage|p2a: Walking Wake|31/100
|move|p2a: Walking Wake|Hydro Steam|p1a: Dragapult
|-resisted|p1a: Dragapult
|-damage|p1a: Dragapult|0 fnt
|faint|p1a: Dragapult
|
|-weather|SunnyDay|[upkeep]
|upkeep
|
|t:|1779611718
|switch|p1a: Rotom|Rotom-Wash|15/100
|turn|17
|
|t:|1779611722
|move|p1a: Rotom|Volt Switch|p2a: Walking Wake
|-damage|p2a: Walking Wake|0 fnt
|faint|p2a: Walking Wake
|-end|p2a: Walking Wake|Protosynthesis|[silent]
|
|t:|1779611732
|switch|p1a: Kingambit|Kingambit, M|100/100|[from] Volt Switch
|-activate|p1a: Kingambit|move: Sticky Web
|-unboost|p1a: Kingambit|spe|1
|-activate|p1a: Kingambit|ability: Supreme Overlord
|-start|p1a: Kingambit|fallen3|[silent]
|
|-weather|SunnyDay|[upkeep]
|upkeep
|
|t:|1779611737
|switch|p2a: Ninetales|Ninetales, M|76/100
|-damage|p2a: Ninetales|51/100|[from] Stealth Rock
|turn|18
|
|t:|1779611743
|move|p1a: Kingambit|Sucker Punch|p2a: Ninetales
|-damage|p2a: Ninetales|0 fnt
|faint|p2a: Ninetales
|
|-weather|none
|upkeep
|-message|tyneham forfeited.
|
|win|HLAHartUAI
|raw|HLAHartUAI's rating: 1199 &rarr; <strong>1220</strong><br />(+21 for winning)
|raw|tyneham's rating: 1150 &rarr; <strong>1129</strong><br />(-21 for losing)
|l|☆tyneham
|player|p2|
|l|☆HLAHartUAI
|player|p1|
