|j|☆gym by
|j|☆Coronojk
|t:|1779722426
|gametype|singles
|player|p1|gym by|benga|1094
|player|p2|Coronojk|169|1079
|gen|9
|tier|[Gen 9] OU
|rated|
|rule|HP Percentage Mod: HP is shown in percentages
|rule|Endless Battle Clause: Forcing endless battles is banned
|rule|Species Clause: Limit one of each Pokémon
|rule|OHKO Clause: OHKO moves are banned
|rule|Evasion Items Clause: Evasion items are banned
|rule|Evasion Moves Clause: Evasion moves are banned
|rule|Evasion Abilities Clause: Evasion abilities are banned
|rule|Sleep Moves Clause: Sleep-inducing moves are banned
|clearpoke
|poke|p1|Cramorant, M|
|poke|p1|Iron Valiant|
|poke|p1|Typhlosion, M|
|poke|p1|Hydreigon, F|
|poke|p1|Great Tusk|
|poke|p1|Ogerpon-Cornerstone, F|
|poke|p2|Masquerain, M|
|poke|p2|Ralts, M|
|poke|p2|Great Tusk|
|poke|p2|Entei|
|poke|p2|Wo-Chien|
|poke|p2|Aipom, M|
|teampreview
|inactive|Battle timer is ON: inactive players will automatically lose when time's up. (requested by gym by)
|
|t:|1779722437
|teamsize|p1|6
|teamsize|p2|6
|start
|switch|p1a: Cramorant|Cramorant, M, shiny|100/100
|switch|p2a: Bug month|Masquerain, M|100/100
|-ability|p2a: Bug month|Intimidate|boost
|-unboost|p1a: Cramorant|atk|1
|turn|1
|
|t:|1779722459
|move|p2a: Bug month|Sticky Web|p1a: Cramorant
|-sidestart|p1: gym by|move: Sticky Web
|move|p1a: Cramorant|Brave Bird|p2a: Bug month
|-supereffective|p2a: Bug month
|-damage|p2a: Bug month|34/100
|-damage|p1a: Cramorant|82/100|[from] Recoil
|
|upkeep
|turn|2
|
|t:|1779722471
|move|p2a: Bug month|Air Slash|p1a: Cramorant
|-damage|p1a: Cramorant|53/100
|cant|p1a: Cramorant|flinch
|
|upkeep
|turn|3
|
|t:|1779722487
|-terastallize|p1a: Cramorant|Steel
|move|p2a: Bug month|Air Slash|p1a: Cramorant
|-resisted|p1a: Cramorant
|-damage|p1a: Cramorant|40/100
|cant|p1a: Cramorant|flinch
|
|upkeep
|turn|4
|
|t:|1779722500
|move|p2a: Bug month|Air Slash|p1a: Cramorant
|-resisted|p1a: Cramorant
|-crit|p1a: Cramorant
|-damage|p1a: Cramorant|19/100
|move|p1a: Cramorant|Defog|p2a: Bug month
|-unboost|p2a: Bug month|evasion|1
|-sideend|p1: gym by|Sticky Web|[from] move: Defog|[of] p1a: Cramorant
|
|upkeep
|turn|5
|
|t:|1779722508
|move|p2a: Bug month|Sticky Web|p1a: Cramorant
|-sidestart|p1: gym by|move: Sticky Web
|move|p1a: Cramorant|Surf|p2a: Bug month
|-formechange|p1a: Cramorant|Cramorant-Gorging|
|-damage|p2a: Bug month|0 fnt
|faint|p2a: Bug month
|
|upkeep
|
|t:|1779722525
|switch|p2a: Elephant|Great Tusk|100/100
|-enditem|p2a: Elephant|Booster Energy
|-activate|p2a: Elephant|ability: Protosynthesis|[fromitem]
|-start|p2a: Elephant|protosynthesisatk
|turn|6
|
|t:|1779722532
|move|p2a: Elephant|Earthquake|p1a: Cramorant
|-supereffective|p1a: Cramorant
|-damage|p1a: Cramorant|0 fnt
|-damage|p2a: Elephant|76/100|[from] ability: Gulp Missile|[of] p1a: Cramorant
|-status|p2a: Elephant|par
|-formechange|p1a: Cramorant|Cramorant|
|faint|p1a: Cramorant
|
|upkeep
|
|t:|1779722547
|switch|p1a: Hydreigon|Hydreigon, F|100/100
|turn|7
|
|t:|1779722552
|move|p1a: Hydreigon|Draco Meteor|p2a: Elephant
|-damage|p2a: Elephant|0 fnt
|-unboost|p1a: Hydreigon|spa|2
|faint|p2a: Elephant
|-end|p2a: Elephant|Protosynthesis|[silent]
|
|upkeep
|l|☆gym by
|inactive|gym by disconnected and has a minute to reconnect!
|player|p1|
|
|t:|1779722577
|switch|p2a: Lion|Entei|100/100
|turn|8
|j|☆gym by
|inactive|gym by reconnected and has 135 seconds left.
|player|p1|gym by|benga|
|
|t:|1779722601
|move|p1a: Hydreigon|Draco Meteor|p2a: Lion
|-damage|p2a: Lion|60/100
|-unboost|p1a: Hydreigon|spa|2
|move|p2a: Lion|Sacred Fire|p1a: Hydreigon
|-resisted|p1a: Hydreigon
|-damage|p1a: Hydreigon|61/100
|
|upkeep
|turn|9
|
|t:|1779722628
|switch|p1a: Typhlosion|Typhlosion, M|100/100
|-activate|p1a: Typhlosion|move: Sticky Web
|-unboost|p1a: Typhlosion|spe|1
|switch|p2a: Snail|Wo-Chien|100/100
|-ability|p2a: Snail|Tablets of Ruin
|
|upkeep
|turn|10
|
|t:|1779722641
|move|p1a: Typhlosion|Eruption|p2a: Snail
|-supereffective|p2a: Snail
|-damage|p2a: Snail|17/100
|move|p2a: Snail|Leech Seed|p1a: Typhlosion
|-start|p1a: Typhlosion|move: Leech Seed
|
|-heal|p2a: Snail|24/100|[from] item: Leftovers
|-damage|p1a: Typhlosion|88/100|[from] Leech Seed|[of] p2a: Snail
|-heal|p2a: Snail|34/100|[silent]
|upkeep
|turn|11
|
|t:|1779722651
|move|p2a: Snail|Protect|p2a: Snail
|-singleturn|p2a: Snail|Protect
|move|p1a: Typhlosion|Eruption|p2a: Snail
|-activate|p2a: Snail|move: Protect
|
|-heal|p2a: Snail|40/100|[from] item: Leftovers
|-damage|p1a: Typhlosion|76/100|[from] Leech Seed|[of] p2a: Snail
|-heal|p2a: Snail|50/100|[silent]
|upkeep
|turn|12
|
|t:|1779722680
|switch|p2a: Monkey|Aipom, M|100/100
|move|p1a: Typhlosion|Eruption|p2a: Monkey
|-damage|p2a: Monkey|36/100
|
|-damage|p1a: Typhlosion|63/100|[from] Leech Seed|[of] p2a: Monkey
|-heal|p2a: Monkey|50/100|[silent]
|upkeep
|turn|13
|
|t:|1779722694
|move|p1a: Typhlosion|Eruption|p2a: Monkey
|-damage|p2a: Monkey|0 fnt
|faint|p2a: Monkey
|
|upkeep
|
|t:|1779722702
|switch|p2a: Lion|Entei|60/100
|turn|14
|
|t:|1779722711
|switch|p1a: Great Tusk|Great Tusk, shiny|100/100
|-activate|p1a: Great Tusk|move: Sticky Web
|-unboost|p1a: Great Tusk|spe|1
|-enditem|p1a: Great Tusk|Booster Energy
|-activate|p1a: Great Tusk|ability: Protosynthesis|[fromitem]
|-start|p1a: Great Tusk|protosynthesisatk
|-terastallize|p2a: Lion|Normal
|move|p2a: Lion|Extreme Speed|p1a: Great Tusk
|-damage|p1a: Great Tusk|57/100
|
|upkeep
|turn|15
|
|t:|1779722724
|move|p2a: Lion|Extreme Speed|p1a: Great Tusk
|-damage|p1a: Great Tusk|18/100
|move|p1a: Great Tusk|Close Combat|p2a: Lion
|-supereffective|p2a: Lion
|-crit|p2a: Lion
|-damage|p2a: Lion|0 fnt
|-unboost|p1a: Great Tusk|def|1
|-unboost|p1a: Great Tusk|spd|1
|faint|p2a: Lion
|
|upkeep
|
|t:|1779722727
|switch|p2a: Small Kid|Ralts, M|100/100
|turn|16
|
|t:|1779722741
|move|p2a: Small Kid|Endure|p2a: Small Kid
|-singleturn|p2a: Small Kid|move: Endure
|move|p1a: Great Tusk|Headlong Rush|p2a: Small Kid
|-activate|p2a: Small Kid|move: Endure
|-damage|p2a: Small Kid|1/100
|-unboost|p1a: Great Tusk|def|1
|-unboost|p1a: Great Tusk|spd|1
|
|upkeep
|turn|17
|-enditem|p2a: Small Kid|Custap Berry|[eat]
|-activate|p2a: Small Kid|item: Custap Berry|[consumed]
|
|t:|1779722751
|move|p2a: Small Kid|Destiny Bond|p2a: Small Kid
|-singlemove|p2a: Small Kid|Destiny Bond
|move|p1a: Great Tusk|Headlong Rush|p2a: Small Kid
|-damage|p2a: Small Kid|0 fnt
|-unboost|p1a: Great Tusk|def|1
|-unboost|p1a: Great Tusk|spd|1
|faint|p2a: Small Kid
|-activate|p2a: Small Kid|move: Destiny Bond
|faint|p1a: Great Tusk
|-end|p1a: Great Tusk|Protosynthesis|[silent]
|
|upkeep
|
|t:|1779722766
|switch|p1a: Typhlosion|Typhlosion, M|63/100
|switch|p2a: Snail|Wo-Chien|50/100
|-activate|p1a: Typhlosion|move: Sticky Web
|-unboost|p1a: Typhlosion|spe|1
|-ability|p2a: Snail|Tablets of Ruin
|turn|18
|c|☆Coronojk|GG
|
|t:|1779722774
|move|p1a: Typhlosion|Eruption|p2a: Snail
|-supereffective|p2a: Snail
|-damage|p2a: Snail|0 fnt
|faint|p2a: Snail
|
|win|gym by
|raw|gym by's rating: 1094 &rarr; <strong>1119</strong><br />(+25 for winning)
|raw|Coronojk's rating: 1079 &rarr; <strong>1058</strong><br />(-21 for losing)
|l|☆Coronojk
|player|p2|
|l|☆gym by
|player|p1|
