|j|☆Regikick&&
|j|☆a2533540231
|t:|1779682716
|gametype|singles
|player|p1|Regikick&&|102|1067
|player|p2|a2533540231|101|1121
|gen|9
|tier|[Gen 9] OU
|rated|
|rule|HP Percentage Mod: HP is shown in percentages
|rule|Endless Battle Clause: Forcing endless battles is banned
|rule|Species Clause: Limit one of each Pokémon
|rule|OHKO Clause: OHKO moves are banned
|rule|Evasion Items Clause: Evasion items are banned
|rule|Evasion Moves Clause: Evasion moves are banned
|rule|Evasion Abilities Clause: Evasion abilities are banned
|rule|Sleep Moves Clause: Sleep-inducing moves are banned
|clearpoke
|poke|p1|Gengar, F|
|poke|p1|Arcanine-Hisui, F|
|poke|p1|Kingambit, M|
|poke|p1|Gyarados, M|
|poke|p1|Zoroark-Hisui, M|
|poke|p1|Tyranitar, F|
|poke|p2|Mienshao, F|
|poke|p2|Hitmontop, M|
|poke|p2|Grimmsnarl, M|
|poke|p2|Zapdos|
|poke|p2|Alomomola, F|
|poke|p2|Scyther, M|
|teampreview
|
|t:|1779682732
|teamsize|p1|6
|teamsize|p2|6
|start
|switch|p1a: Tyranitar|Tyranitar, F|100/100
|switch|p2a: Grimmsnarl|Grimmsnarl, M|100/100
|-weather|Sandstorm|[from] ability: Sand Stream|[of] p1a: Tyranitar
|turn|1
|
|t:|1779682749
|move|p2a: Grimmsnarl|Fake Out|p1a: Tyranitar
|-resisted|p1a: Tyranitar
|-damage|p1a: Tyranitar|94/100
|cant|p1a: Tyranitar|flinch
|
|-weather|Sandstorm|[upkeep]
|-damage|p2a: Grimmsnarl|94/100|[from] Sandstorm
|-heal|p2a: Grimmsnarl|100/100|[from] item: Leftovers
|upkeep
|turn|2
|
|t:|1779682759
|move|p2a: Grimmsnarl|Taunt|p1a: Tyranitar
|-hint|Since gen 7, Dark is immune to Prankster moves.
|-immune|p1a: Tyranitar
|move|p1a: Tyranitar|Dragon Dance|p1a: Tyranitar
|-boost|p1a: Tyranitar|atk|1
|-boost|p1a: Tyranitar|spe|1
|
|-weather|Sandstorm|[upkeep]
|-damage|p2a: Grimmsnarl|94/100|[from] Sandstorm
|-heal|p2a: Grimmsnarl|100/100|[from] item: Leftovers
|upkeep
|turn|3
|
|t:|1779682771
|move|p2a: Grimmsnarl|Parting Shot|p1a: Tyranitar
|-hint|Since gen 7, Dark is immune to Prankster moves.
|-immune|p1a: Tyranitar
|move|p1a: Tyranitar|Dragon Dance|p1a: Tyranitar
|-boost|p1a: Tyranitar|atk|1
|-boost|p1a: Tyranitar|spe|1
|
|-weather|Sandstorm|[upkeep]
|-damage|p2a: Grimmsnarl|94/100|[from] Sandstorm
|-heal|p2a: Grimmsnarl|100/100|[from] item: Leftovers
|upkeep
|turn|4
|
|t:|1779682782
|switch|p2a: Alomomola|Alomomola, F|100/100
|move|p1a: Tyranitar|Dragon Dance|p1a: Tyranitar
|-boost|p1a: Tyranitar|atk|1
|-boost|p1a: Tyranitar|spe|1
|
|-weather|Sandstorm|[upkeep]
|-damage|p2a: Alomomola|94/100|[from] Sandstorm
|upkeep
|turn|5
|
|t:|1779682794
|move|p1a: Tyranitar|Rock Blast|p2a: Alomomola
|-damage|p2a: Alomomola|71/100
|-damage|p2a: Alomomola|49/100
|-damage|p2a: Alomomola|26/100
|-damage|p2a: Alomomola|3/100
|-hitcount|p2a: Alomomola|4
|move|p2a: Alomomola|Flip Turn|p1a: Tyranitar
|-supereffective|p1a: Tyranitar
|-damage|p1a: Tyranitar|65/100
|
|t:|1779682806
|switch|p2a: Hitmontop|Hitmontop, M|100/100|[from] Flip Turn
|
|-weather|none
|upkeep
|turn|6
|
|t:|1779682813
|-terastallize|p1a: Tyranitar|Ground
|move|p2a: Hitmontop|Fake Out|p1a: Tyranitar
|-damage|p1a: Tyranitar|46/100
|cant|p1a: Tyranitar|flinch
|
|upkeep
|turn|7
|
|t:|1779682825
|move|p2a: Hitmontop|Mach Punch|p1a: Tyranitar
|-damage|p1a: Tyranitar|22/100
|move|p1a: Tyranitar|Earthquake|p2a: Hitmontop
|-damage|p2a: Hitmontop|0 fnt
|faint|p2a: Hitmontop
|
|upkeep
|
|t:|1779682837
|switch|p2a: Grimmsnarl|Grimmsnarl, M|100/100
|turn|8
|
|t:|1779682847
|move|p2a: Grimmsnarl|Sucker Punch|p1a: Tyranitar
|-damage|p1a: Tyranitar|0 fnt
|faint|p1a: Tyranitar
|
|upkeep
|
|t:|1779682863
|switch|p1a: Gyarados|Gyarados, M, shiny|100/100
|turn|9
|
|t:|1779682872
|move|p2a: Grimmsnarl|Taunt|p1a: Gyarados
|-start|p1a: Gyarados|move: Taunt
|move|p1a: Gyarados|Flamethrower|p2a: Grimmsnarl
|-damage|p2a: Grimmsnarl|51/100
|
|-heal|p2a: Grimmsnarl|57/100|[from] item: Leftovers
|upkeep
|turn|10
|
|t:|1779682882
|move|p2a: Grimmsnarl|Parting Shot|p1a: Gyarados
|-unboost|p1a: Gyarados|atk|1
|-unboost|p1a: Gyarados|spa|1
|
|t:|1779682891
|switch|p2a: Mienshao|Mienshao, F|100/100|[from] Parting Shot
|move|p1a: Gyarados|Flamethrower|p2a: Mienshao
|-damage|p2a: Mienshao|64/100
|
|upkeep
|turn|11
|
|t:|1779682899
|move|p2a: Mienshao|Fake Out|p1a: Gyarados
|-immune|p1a: Gyarados
|move|p1a: Gyarados|Flamethrower|p2a: Mienshao
|-damage|p2a: Mienshao|25/100
|
|-end|p1a: Gyarados|move: Taunt
|upkeep
|turn|12
|
|t:|1779682919
|move|p1a: Gyarados|Flamethrower|p2a: Mienshao
|-damage|p2a: Mienshao|0 fnt
|faint|p2a: Mienshao
|
|upkeep
|
|t:|1779682924
|switch|p2a: Zapdos|Zapdos|100/100
|turn|13
|
|t:|1779682932
|move|p1a: Gyarados|Flamethrower|p2a: Zapdos
|-damage|p2a: Zapdos|72/100
|move|p2a: Zapdos|Thunderbolt|p1a: Gyarados
|-damage|p1a: Gyarados|0 fnt
|replace|p1a: Zoroark|Zoroark-Hisui, M
|-end|p1a: Zoroark|Illusion
|faint|p1a: Zoroark
|
|upkeep
|
|t:|1779682965
|switch|p1a: Kingambit|Kingambit, M|100/100
|-activate|p1a: Kingambit|ability: Supreme Overlord
|-start|p1a: Kingambit|fallen2|[silent]
|turn|14
|
|t:|1779682977
|switch|p2a: Grimmsnarl|Grimmsnarl, M|57/100
|move|p1a: Kingambit|Swords Dance|p1a: Kingambit
|-boost|p1a: Kingambit|atk|2
|
|-heal|p2a: Grimmsnarl|63/100|[from] item: Leftovers
|upkeep
|turn|15
|
|t:|1779682985
|move|p2a: Grimmsnarl|Fake Out|p1a: Kingambit
|-resisted|p1a: Kingambit
|-damage|p1a: Kingambit|96/100
|cant|p1a: Kingambit|flinch
|
|-heal|p2a: Grimmsnarl|69/100|[from] item: Leftovers
|upkeep
|turn|16
|
|t:|1779682993
|move|p2a: Grimmsnarl|Parting Shot|p1a: Kingambit
|-hint|Since gen 7, Dark is immune to Prankster moves.
|-immune|p1a: Kingambit
|move|p1a: Kingambit|Iron Head|p2a: Grimmsnarl
|-supereffective|p2a: Grimmsnarl
|-damage|p2a: Grimmsnarl|0 fnt
|faint|p2a: Grimmsnarl
|-damage|p1a: Kingambit|86/100|[from] item: Life Orb
|
|upkeep
|
|t:|1779682996
|switch|p2a: Alomomola|Alomomola, F|36/100
|turn|17
|
|t:|1779683009
|move|p1a: Kingambit|Sucker Punch|p2a: Alomomola
|-damage|p2a: Alomomola|0 fnt
|-damage|p1a: Kingambit|69/100|[from] item: Rocky Helmet|[of] p2a: Alomomola
|faint|p2a: Alomomola
|-damage|p1a: Kingambit|59/100|[from] item: Life Orb
|
|upkeep
|
|t:|1779683016
|switch|p2a: Scyther|Scyther, M|100/100
|turn|18
|
|t:|1779683026
|move|p1a: Kingambit|Sucker Punch||[still]
|-fail|p1a: Kingambit
|move|p2a: Scyther|Swords Dance|p2a: Scyther
|-boost|p2a: Scyther|atk|2
|
|upkeep
|turn|19
|
|t:|1779683032
|move|p1a: Kingambit|Sucker Punch|p2a: Scyther
|-damage|p2a: Scyther|0 fnt
|faint|p2a: Scyther
|-damage|p1a: Kingambit|49/100|[from] item: Life Orb
|
|upkeep
|-message|a2533540231 forfeited.
|
|win|Regikick&&
|raw|Regikick&amp;&amp;'s rating: 1067 &rarr; <strong>1102</strong><br />(+35 for winning)
|raw|a2533540231's rating: 1121 &rarr; <strong>1092</strong><br />(-29 for losing)
|l|☆a2533540231
|player|p2|
|l|☆Regikick&&
|player|p1|
