|j|☆ChudleyDw1irks67
|j|☆pikaragedd
|t:|1779711537
|gametype|singles
|player|p1|ChudleyDw1irks67|pokefan-gen4|1201
|player|p2|pikaragedd|265|1263
|gen|9
|tier|[Gen 9] OU
|rated|
|rule|HP Percentage Mod: HP is shown in percentages
|rule|Endless Battle Clause: Forcing endless battles is banned
|rule|Species Clause: Limit one of each Pokémon
|rule|OHKO Clause: OHKO moves are banned
|rule|Evasion Items Clause: Evasion items are banned
|rule|Evasion Moves Clause: Evasion moves are banned
|rule|Evasion Abilities Clause: Evasion abilities are banned
|rule|Sleep Moves Clause: Sleep-inducing moves are banned
|clearpoke
|poke|p1|Exeggutor-Alola, M|
|poke|p1|Slowking-Galar, F|
|poke|p1|Torkoal, M|
|poke|p1|Ursaluna, F|
|poke|p1|Hatterene, F|
|poke|p1|Great Tusk|
|poke|p2|Tyranitar, M|
|poke|p2|Cinderace, M|
|poke|p2|Lokix, M|
|poke|p2|Latios, M|
|poke|p2|Magnezone|
|poke|p2|Alomomola, M|
|teampreview
|inactive|Battle timer is ON: inactive players will automatically lose when time's up. (requested by pikaragedd)
|inactive|ChudleyDw1irks67 has 120 seconds left.
|
|t:|1779711583
|teamsize|p1|6
|teamsize|p2|6
|start
|switch|p1a: Slowking|Slowking-Galar, F|100/100
|switch|p2a: Magnezone|Magnezone|100/100
|turn|1
|
|t:|1779711593
|move|p2a: Magnezone|Volt Switch|p1a: Slowking
|-damage|p1a: Slowking|69/100
|
|t:|1779711599
|switch|p2a: Tyranitar|Tyranitar, M|100/100|[from] Volt Switch
|-weather|Sandstorm|[from] ability: Sand Stream|[of] p2a: Tyranitar
|move|p1a: Slowking|Trick Room|p1a: Slowking
|-fieldstart|move: Trick Room|[of] p1a: Slowking
|
|-weather|Sandstorm|[upkeep]
|-damage|p1a: Slowking|62/100|[from] Sandstorm
|-heal|p1a: Slowking|69/100|[from] item: Leftovers
|upkeep
|turn|2
|c|☆ChudleyDw1irks67|W specs
|
|t:|1779711610
|-prepare|p1a: Slowking|Chilly Reception|[premajor]
|move|p1a: Slowking|Chilly Reception|p1a: Slowking
|-weather|Snowscape
|
|t:|1779711616
|switch|p1a: Exeggutor|Exeggutor-Alola, M|100/100|[from] Chilly Reception
|move|p2a: Tyranitar|Knock Off|p1a: Exeggutor
|-damage|p1a: Exeggutor|48/100
|-enditem|p1a: Exeggutor|Sitrus Berry|[from] move: Knock Off|[of] p2a: Tyranitar
|
|-weather|Snowscape|[upkeep]
|upkeep
|turn|3
|
|t:|1779711631
|switch|p2a: Cinderace|Cinderace, M|100/100
|move|p1a: Exeggutor|Giga Drain|p2a: Cinderace
|-resisted|p2a: Cinderace
|-damage|p2a: Cinderace|74/100
|-heal|p1a: Exeggutor|61/100|[from] drain|[of] p2a: Cinderace
|
|-weather|Snowscape|[upkeep]
|upkeep
|turn|4
|
|t:|1779711645
|move|p1a: Exeggutor|Draco Meteor|p2a: Cinderace
|-damage|p2a: Cinderace|0 fnt
|-unboost|p1a: Exeggutor|spa|2
|faint|p2a: Cinderace
|
|-weather|Snowscape|[upkeep]
|upkeep
|
|t:|1779711656
|switch|p2a: Tyranitar|Tyranitar, M|100/100
|-weather|Sandstorm|[from] ability: Sand Stream|[of] p2a: Tyranitar
|turn|5
|
|t:|1779711672
|switch|p1a: Torkoal|Torkoal, M|100/100
|-weather|SunnyDay|[from] ability: Drought|[of] p1a: Torkoal
|move|p2a: Tyranitar|Ice Punch|p1a: Torkoal
|-resisted|p1a: Torkoal
|-damage|p1a: Torkoal|90/100
|
|-weather|SunnyDay|[upkeep]
|-fieldend|move: Trick Room
|upkeep
|turn|6
|
|t:|1779711689
|switch|p1a: Great Tusk|Great Tusk|100/100
|-activate|p1a: Great Tusk|ability: Protosynthesis
|-start|p1a: Great Tusk|protosynthesisatk
|move|p2a: Tyranitar|Stone Edge|p1a: Great Tusk
|-resisted|p1a: Great Tusk
|-damage|p1a: Great Tusk|89/100
|
|-weather|SunnyDay|[upkeep]
|upkeep
|turn|7
|
|t:|1779711699
|switch|p2a: Alomomola|Alomomola, M|100/100
|move|p1a: Great Tusk|Headlong Rush|p2a: Alomomola
|-damage|p2a: Alomomola|28/100
|-unboost|p1a: Great Tusk|def|1
|-unboost|p1a: Great Tusk|spd|1
|-damage|p1a: Great Tusk|73/100|[from] item: Rocky Helmet|[of] p2a: Alomomola
|
|-weather|SunnyDay|[upkeep]
|upkeep
|turn|8
|
|t:|1779711715
|switch|p2a: Latios|Latios, M|100/100
|move|p1a: Great Tusk|Headlong Rush|p2a: Latios
|-immune|p2a: Latios|[from] ability: Levitate
|
|-weather|SunnyDay|[upkeep]
|upkeep
|turn|9
|
|t:|1779711737
|-end|p1a: Great Tusk|Protosynthesis|[silent]
|switch|p1a: Exeggutor|Exeggutor-Alola, M|61/100
|move|p2a: Latios|Trick|p1a: Exeggutor
|-activate|p2a: Latios|move: Trick|[of] p1a: Exeggutor
|-item|p1a: Exeggutor|Choice Scarf|[from] move: Trick
|-enditem|p2a: Latios|Choice Scarf|[silent]|[from] move: Trick
|
|-weather|SunnyDay|[upkeep]
|upkeep
|turn|10
|
|t:|1779711749
|move|p2a: Latios|Draco Meteor|p1a: Exeggutor
|-supereffective|p1a: Exeggutor
|-damage|p1a: Exeggutor|0 fnt
|-unboost|p2a: Latios|spa|2
|faint|p1a: Exeggutor
|
|-weather|SunnyDay|[upkeep]
|upkeep
|c|☆ChudleyDw1irks67|STILL outspeeds
|
|t:|1779711757
|switch|p1a: Great Tusk|Great Tusk|73/100
|-activate|p1a: Great Tusk|ability: Protosynthesis
|-start|p1a: Great Tusk|protosynthesisatk
|turn|11
|
|t:|1779711767
|switch|p2a: Alomomola|Alomomola, M|61/100
|move|p1a: Great Tusk|Knock Off|p2a: Alomomola
|-damage|p2a: Alomomola|21/100
|-damage|p1a: Great Tusk|56/100|[from] item: Rocky Helmet|[of] p2a: Alomomola
|-enditem|p2a: Alomomola|Rocky Helmet|[from] move: Knock Off|[of] p1a: Great Tusk
|
|-weather|SunnyDay|[upkeep]
|upkeep
|turn|12
|
|t:|1779711782
|-end|p1a: Great Tusk|Protosynthesis|[silent]
|switch|p1a: Ursaluna|Ursaluna, F|100/100
|move|p2a: Alomomola|Flip Turn|p1a: Ursaluna
|-supereffective|p1a: Ursaluna
|-crit|p1a: Ursaluna
|-damage|p1a: Ursaluna|86/100
|
|t:|1779711796
|switch|p2a: Tyranitar|Tyranitar, M|100/100|[from] Flip Turn
|-weather|Sandstorm|[from] ability: Sand Stream|[of] p2a: Tyranitar
|
|-weather|Sandstorm|[upkeep]
|-status|p1a: Ursaluna|brn|[from] item: Flame Orb
|upkeep
|turn|13
|
|t:|1779711808
|-terastallize|p1a: Ursaluna|Normal
|move|p2a: Tyranitar|Low Kick|p1a: Ursaluna
|-supereffective|p1a: Ursaluna
|-damage|p1a: Ursaluna|16/100 brn
|move|p1a: Ursaluna|Headlong Rush|p2a: Tyranitar
|-supereffective|p2a: Tyranitar
|-damage|p2a: Tyranitar|0 fnt
|-unboost|p1a: Ursaluna|def|1
|-unboost|p1a: Ursaluna|spd|1
|faint|p2a: Tyranitar
|
|-weather|Sandstorm|[upkeep]
|-damage|p1a: Ursaluna|10/100 brn|[from] Sandstorm
|-damage|p1a: Ursaluna|4/100 brn|[from] brn
|upkeep
|c|☆ChudleyDw1irks67|oop
|
|t:|1779711823
|switch|p2a: Alomomola|Alomomola, M|55/100
|turn|14
|
|t:|1779711832
|switch|p1a: Slowking|Slowking-Galar, F|100/100
|move|p2a: Alomomola|Protect||[still]
|-fail|p2a: Alomomola
|
|-weather|Sandstorm|[upkeep]
|-damage|p2a: Alomomola|49/100|[from] Sandstorm
|-damage|p1a: Slowking|94/100|[from] Sandstorm
|-heal|p1a: Slowking|100/100|[from] item: Leftovers
|upkeep
|turn|15
|
|t:|1779711845
|move|p2a: Alomomola|Flip Turn|p1a: Slowking
|-damage|p1a: Slowking|89/100
|
|t:|1779711856
|switch|p2a: Latios|Latios, M|100/100|[from] Flip Turn
|move|p1a: Slowking|Toxic|p2a: Latios
|-status|p2a: Latios|tox
|
|-weather|Sandstorm|[upkeep]
|-damage|p2a: Latios|95/100 tox|[from] Sandstorm
|-damage|p1a: Slowking|83/100|[from] Sandstorm
|-heal|p1a: Slowking|89/100|[from] item: Leftovers
|-damage|p2a: Latios|89/100 tox|[from] psn
|upkeep
|turn|16
|
|t:|1779711868
|move|p2a: Latios|Luster Purge|p1a: Slowking
|-damage|p1a: Slowking|42/100
|-unboost|p1a: Slowking|spd|1
|move|p1a: Slowking|Future Sight|p2a: Latios
|-start|p1a: Slowking|move: Future Sight
|
|-weather|none
|-heal|p1a: Slowking|48/100|[from] item: Leftovers
|-damage|p2a: Latios|77/100 tox|[from] psn
|upkeep
|turn|17
|
|t:|1779711885
|switch|p2a: Magnezone|Magnezone|100/100
|switch|p1a: Hatterene|Hatterene, F|100/100
|
|upkeep
|turn|18
|
|t:|1779711893
|move|p2a: Magnezone|Flash Cannon|p1a: Hatterene
|-supereffective|p1a: Hatterene
|-damage|p1a: Hatterene|31/100
|move|p1a: Hatterene|Healing Wish|p1a: Hatterene
|faint|p1a: Hatterene
|
|-end|p2a: Magnezone|move: Future Sight
|-resisted|p2a: Magnezone
|-damage|p2a: Magnezone|73/100
|upkeep
|
|t:|1779711903
|switch|p1a: Ursaluna|Ursaluna, F, tera:Normal|4/100 brn
|-heal|p1a: Ursaluna|100/100|[from] move: Healing Wish
|turn|19
|
|t:|1779711911
|move|p2a: Magnezone|Volt Switch|p1a: Ursaluna
|-damage|p1a: Ursaluna|67/100
|
|t:|1779711922
|switch|p2a: Latios|Latios, M|77/100 tox|[from] Volt Switch
|move|p1a: Ursaluna|Swords Dance|p1a: Ursaluna
|-boost|p1a: Ursaluna|atk|2
|
|-damage|p2a: Latios|71/100 tox|[from] psn
|-status|p1a: Ursaluna|brn|[from] item: Flame Orb
|upkeep
|turn|20
|
|t:|1779711938
|move|p2a: Latios|Draco Meteor|p1a: Ursaluna|[miss]
|-miss|p2a: Latios|p1a: Ursaluna
|move|p1a: Ursaluna|Ice Punch|p2a: Latios
|-supereffective|p2a: Latios
|-damage|p2a: Latios|0 fnt
|faint|p2a: Latios
|
|-damage|p1a: Ursaluna|61/100 brn|[from] brn
|upkeep
|c|☆ChudleyDw1irks67|ezzzzz
|inactive|pikaragedd has 120 seconds left.
|
|t:|1779711961
|switch|p2a: Alomomola|Alomomola, M|82/100
|turn|21
|inactive|pikaragedd has 120 seconds left.
|
|t:|1779711971
|move|p2a: Alomomola|Protect|p2a: Alomomola
|-singleturn|p2a: Alomomola|Protect
|move|p1a: Ursaluna|Facade|p2a: Alomomola
|-activate|p2a: Alomomola|move: Protect
|
|-damage|p1a: Ursaluna|55/100 brn|[from] brn
|upkeep
|turn|22
|
|t:|1779711980
|move|p1a: Ursaluna|Headlong Rush|p2a: Alomomola
|-damage|p2a: Alomomola|0 fnt
|-unboost|p1a: Ursaluna|def|1
|-unboost|p1a: Ursaluna|spd|1
|faint|p2a: Alomomola
|
|-damage|p1a: Ursaluna|49/100 brn|[from] brn
|upkeep
|
|t:|1779711989
|switch|p2a: Magnezone|Magnezone|73/100
|turn|23
|inactive|pikaragedd has 120 seconds left.
|
|t:|1779712020
|move|p2a: Magnezone|Thunderbolt|p1a: Ursaluna
|-damage|p1a: Ursaluna|0 fnt
|faint|p1a: Ursaluna
|
|upkeep
|
|t:|1779712024
|switch|p1a: Great Tusk|Great Tusk|56/100
|turn|24
|
|t:|1779712028
|move|p1a: Great Tusk|Headlong Rush|p2a: Magnezone
|-supereffective|p2a: Magnezone
|-damage|p2a: Magnezone|0 fnt
|-unboost|p1a: Great Tusk|def|1
|-unboost|p1a: Great Tusk|spd|1
|faint|p2a: Magnezone
|
|upkeep
|inactive|pikaragedd has 120 seconds left.
|
|t:|1779712037
|switch|p2a: Lokix|Lokix, M|100/100
|turn|25
|
|t:|1779712045
|move|p2a: Lokix|Swords Dance|p2a: Lokix
|-boost|p2a: Lokix|atk|2
|move|p1a: Great Tusk|Headlong Rush|p2a: Lokix
|-resisted|p2a: Lokix
|-damage|p2a: Lokix|28/100
|-unboost|p1a: Great Tusk|def|1
|-unboost|p1a: Great Tusk|spd|1
|
|upkeep
|turn|26
|
|t:|1779712054
|move|p2a: Lokix|Knock Off|p1a: Great Tusk
|-resisted|p1a: Great Tusk
|-damage|p1a: Great Tusk|0 fnt
|-enditem|p1a: Great Tusk|Choice Band|[from] move: Knock Off|[of] p2a: Lokix
|faint|p1a: Great Tusk
|-end|p1a: Great Tusk|Protosynthesis|[silent]
|-damage|p2a: Lokix|18/100|[from] item: Life Orb
|
|upkeep
|
|t:|1779712057
|switch|p1a: Slowking|Slowking-Galar, F|81/100
|turn|27
|
|t:|1779712064
|move|p2a: Lokix|Knock Off|p1a: Slowking
|-supereffective|p1a: Slowking
|-damage|p1a: Slowking|0 fnt
|-enditem|p1a: Slowking|Leftovers|[from] move: Knock Off|[of] p2a: Lokix
|faint|p1a: Slowking
|-damage|p2a: Lokix|8/100|[from] item: Life Orb
|
|upkeep
|
|t:|1779712066
|switch|p1a: Torkoal|Torkoal, M|90/100
|-weather|SunnyDay|[from] ability: Drought|[of] p1a: Torkoal
|turn|28
|
|t:|1779712075
|-terastallize|p2a: Lokix|Dark
|move|p2a: Lokix|Knock Off|p1a: Torkoal
|-damage|p1a: Torkoal|0 fnt
|-enditem|p1a: Torkoal|Heat Rock|[from] move: Knock Off|[of] p2a: Lokix
|faint|p1a: Torkoal
|-damage|p2a: Lokix|0 fnt|[from] item: Life Orb
|faint|p2a: Lokix
|
|win|pikaragedd
|raw|ChudleyDw1irks67's rating: 1201 &rarr; <strong>1180</strong><br />(-21 for losing)
|raw|pikaragedd's rating: 1263 &rarr; <strong>1284</strong><br />(+21 for winning)
|n|!ChudleyDw1irks67|chudleydw1irks67
|l|!ChudleyDw1irks67
|player|p1|
|c|☆pikaragedd|Gg
|l|☆pikaragedd
|player|p2|
