|j|☆passtimeatwork1994
|j|☆bjls wsbjlsm
|t:|1779596768
|gametype|singles
|player|p1|passtimeatwork1994|2|1123
|player|p2|bjls wsbjlsm|volkner|1128
|gen|9
|tier|[Gen 9] OU
|rated|
|rule|HP Percentage Mod: HP is shown in percentages
|rule|Endless Battle Clause: Forcing endless battles is banned
|rule|Species Clause: Limit one of each Pokémon
|rule|OHKO Clause: OHKO moves are banned
|rule|Evasion Items Clause: Evasion items are banned
|rule|Evasion Moves Clause: Evasion moves are banned
|rule|Evasion Abilities Clause: Evasion abilities are banned
|rule|Sleep Moves Clause: Sleep-inducing moves are banned
|clearpoke
|poke|p1|Gliscor, M|
|poke|p1|Iron Crown|
|poke|p1|Alomomola, F|
|poke|p1|Hydrapple, F|
|poke|p1|Pawmot, M|
|poke|p1|Scrafty, M|
|poke|p2|Gholdengo|
|poke|p2|Ogerpon-Wellspring, F|
|poke|p2|Alomomola, M|
|poke|p2|Great Tusk|
|poke|p2|Iron Moth|
|poke|p2|Regieleki|
|teampreview
|
|t:|1779596781
|teamsize|p1|6
|teamsize|p2|6
|start
|switch|p1a: Hydrapple|Hydrapple, F|100/100
|switch|p2a: Gholdengo|Gholdengo|100/100
|-item|p2a: Gholdengo|Air Balloon
|turn|1
|inactive|Battle timer is ON: inactive players will automatically lose when time's up. (requested by passtimeatwork1994)
|
|t:|1779596801
|move|p2a: Gholdengo|Make It Rain|p1a: Hydrapple
|-damage|p1a: Hydrapple|60/100
|-unboost|p2a: Gholdengo|spa|1
|move|p1a: Hydrapple|Dragon Tail|p2a: Gholdengo|[miss]
|-miss|p1a: Hydrapple|p2a: Gholdengo
|
|upkeep
|turn|2
|
|t:|1779596812
|switch|p2a: Iron Moth|Iron Moth, shiny|100/100
|-enditem|p2a: Iron Moth|Booster Energy
|-activate|p2a: Iron Moth|ability: Quark Drive|[fromitem]
|-start|p2a: Iron Moth|quarkdrivespa
|switch|p1a: Iron Crown|Iron Crown|100/100
|
|upkeep
|turn|3
|
|t:|1779596824
|-terastallize|p1a: Iron Crown|Fairy
|move|p2a: Iron Moth|Fiery Dance|p1a: Iron Crown
|-damage|p1a: Iron Crown|60/100
|-boost|p2a: Iron Moth|spa|1
|move|p1a: Iron Crown|Future Sight|p2a: Iron Moth
|-start|p1a: Iron Crown|move: Future Sight
|
|upkeep
|turn|4
|
|t:|1779596836
|move|p2a: Iron Moth|Fiery Dance|p1a: Iron Crown
|-damage|p1a: Iron Crown|3/100
|-boost|p2a: Iron Moth|spa|1
|move|p1a: Iron Crown|Volt Switch|p2a: Iron Moth
|-damage|p2a: Iron Moth|75/100
|
|t:|1779596842
|-end|p1a: Iron Crown|Quark Drive|[silent]
|switch|p1a: Alomomola|Alomomola, F|100/100|[from] Volt Switch
|
|upkeep
|turn|5
|
|t:|1779596862
|-end|p2a: Iron Moth|Quark Drive|[silent]
|switch|p2a: Alomomola|Alomomola, M|100/100
|move|p1a: Alomomola|Wish|p1a: Alomomola
|
|-end|p2a: Alomomola|move: Future Sight
|-damage|p2a: Alomomola|42/100
|upkeep
|turn|6
|
|t:|1779596871
|move|p1a: Alomomola|Flip Turn|p2a: Alomomola
|-resisted|p2a: Alomomola
|-damage|p2a: Alomomola|37/100
|
|t:|1779596884
|switch|p1a: Scrafty|Scrafty, M|100/100|[from] Flip Turn
|-ability|p1a: Scrafty|Intimidate|boost
|-unboost|p2a: Alomomola|atk|1
|move|p2a: Alomomola|Wish|p2a: Alomomola
|
|upkeep
|turn|7
|
|t:|1779596894
|move|p2a: Alomomola|Flip Turn|p1a: Scrafty
|-damage|p1a: Scrafty|91/100
|
|t:|1779596898
|switch|p2a: Great Tusk|Great Tusk|100/100|[from] Flip Turn
|move|p1a: Scrafty|Knock Off|p2a: Great Tusk
|-resisted|p2a: Great Tusk
|-damage|p2a: Great Tusk|87/100
|-enditem|p2a: Great Tusk|Assault Vest|[from] move: Knock Off|[of] p1a: Scrafty
|
|-heal|p2a: Great Tusk|100/100|[from] move: Wish|[wisher] Alomomola
|upkeep
|turn|8
|
|t:|1779596911
|switch|p1a: Hydrapple|Hydrapple, F|93/100
|move|p2a: Great Tusk|Close Combat|p1a: Hydrapple
|-damage|p1a: Hydrapple|54/100
|-unboost|p2a: Great Tusk|def|1
|-unboost|p2a: Great Tusk|spd|1
|
|upkeep
|turn|9
|
|t:|1779596928
|-end|p2a: Great Tusk|Protosynthesis|[silent]
|switch|p2a: Alomomola|Alomomola, M|71/100
|switch|p1a: Alomomola|Alomomola, F|100/100
|
|upkeep
|turn|10
|
|t:|1779596936
|move|p2a: Alomomola|Wish|p2a: Alomomola
|move|p1a: Alomomola|Wish|p1a: Alomomola
|
|upkeep
|turn|11
|
|t:|1779596940
|switch|p1a: Iron Crown|Iron Crown, tera:Fairy|3/100
|move|p2a: Alomomola|Flip Turn|p1a: Iron Crown
|-damage|p1a: Iron Crown|0 fnt
|faint|p1a: Iron Crown
|-end|p1a: Iron Crown|Quark Drive|[silent]
|
|t:|1779596952
|switch|p2a: Iron Moth|Iron Moth, shiny|75/100|[from] Flip Turn
|
|-heal|p2a: Iron Moth|100/100|[from] move: Wish|[wisher] Alomomola
|upkeep
|
|t:|1779596962
|switch|p1a: Gliscor|Gliscor, M|100/100
|turn|12
|inactive|bjls wsbjlsm has 120 seconds left.
|
|t:|1779596997
|-end|p2a: Iron Moth|Quark Drive|[silent]
|switch|p2a: Alomomola|Alomomola, M|100/100
|move|p1a: Gliscor|Earthquake|p2a: Alomomola
|-damage|p2a: Alomomola|75/100
|
|-status|p1a: Gliscor|tox|[from] item: Toxic Orb
|upkeep
|turn|13
|inactive|bjls wsbjlsm has 120 seconds left.
|
|t:|1779597008
|move|p1a: Gliscor|U-turn|p2a: Alomomola
|-damage|p2a: Alomomola|64/100
|
|t:|1779597025
|switch|p1a: Hydrapple|Hydrapple, F|87/100|[from] U-turn
|move|p2a: Alomomola|Wish|p2a: Alomomola
|
|upkeep
|turn|14
|inactive|bjls wsbjlsm has 120 seconds left.
|
|t:|1779597038
|switch|p2a: Iron Moth|Iron Moth, shiny|100/100
|move|p1a: Hydrapple|Draco Meteor|p2a: Iron Moth
|-damage|p2a: Iron Moth|27/100
|-unboost|p1a: Hydrapple|spa|2
|
|-heal|p2a: Iron Moth|100/100|[from] move: Wish|[wisher] Alomomola
|upkeep
|turn|15
|inactive|bjls wsbjlsm has 120 seconds left.
|
|t:|1779597068
|move|p2a: Iron Moth|Sludge Wave|p1a: Hydrapple
|-supereffective|p1a: Hydrapple
|-damage|p1a: Hydrapple|18/100
|move|p1a: Hydrapple|Dragon Tail|p2a: Iron Moth
|-damage|p2a: Iron Moth|72/100
|-end|p2a: Iron Moth|Quark Drive|[silent]
|drag|p2a: Regieleki|Regieleki|100/100
|-item|p2a: Regieleki|Air Balloon
|
|upkeep
|turn|16
|
|t:|1779597085
|switch|p1a: Gliscor|Gliscor, M|100/100 tox
|move|p2a: Regieleki|Thunder Wave|p1a: Gliscor
|-immune|p1a: Gliscor
|
|upkeep
|turn|17
|
|t:|1779597096
|switch|p1a: Pawmot|Pawmot, M|100/100
|-item|p1a: Pawmot|Air Balloon
|move|p2a: Regieleki|Reflect|p2a: Regieleki
|-sidestart|p2: bjls wsbjlsm|Reflect
|
|upkeep
|turn|18
|
|t:|1779597109
|switch|p2a: Great Tusk|Great Tusk|100/100
|move|p1a: Pawmot|Close Combat|p2a: Great Tusk
|-damage|p2a: Great Tusk|83/100
|-unboost|p1a: Pawmot|def|1
|-unboost|p1a: Pawmot|spd|1
|
|upkeep
|turn|19
|
|t:|1779597125
|move|p1a: Pawmot|Ice Punch|p2a: Great Tusk
|-supereffective|p2a: Great Tusk
|-damage|p2a: Great Tusk|65/100
|move|p2a: Great Tusk|Knock Off|p1a: Pawmot
|-resisted|p1a: Pawmot
|-damage|p1a: Pawmot|66/100
|-enditem|p1a: Pawmot|Air Balloon
|
|upkeep
|turn|20
|
|t:|1779597134
|switch|p1a: Gliscor|Gliscor, M|100/100 tox
|move|p2a: Great Tusk|Earthquake|p1a: Gliscor
|-immune|p1a: Gliscor
|
|upkeep
|turn|21
|inactive|bjls wsbjlsm has 90 seconds left.
|
|t:|1779597156
|-end|p2a: Great Tusk|Protosynthesis|[silent]
|switch|p2a: Alomomola|Alomomola, M|97/100
|move|p1a: Gliscor|Toxic Spikes|p2a: Alomomola
|-sidestart|p2: bjls wsbjlsm|move: Toxic Spikes
|
|-sideend|p2: bjls wsbjlsm|Reflect
|upkeep
|turn|22
|
|t:|1779597164
|switch|p1a: Hydrapple|Hydrapple, F|51/100
|move|p2a: Alomomola|Wish|p2a: Alomomola
|
|upkeep
|turn|23
|
|t:|1779597174
|move|p2a: Alomomola|Flip Turn|p1a: Hydrapple
|-resisted|p1a: Hydrapple
|-damage|p1a: Hydrapple|48/100
|
|t:|1779597180
|switch|p2a: Great Tusk|Great Tusk|65/100|[from] Flip Turn
|-status|p2a: Great Tusk|psn
|move|p1a: Hydrapple|Dragon Tail|p2a: Great Tusk
|-damage|p2a: Great Tusk|54/100 psn
|-end|p2a: Great Tusk|Protosynthesis|[silent]
|drag|p2a: Iron Moth|Iron Moth, shiny|72/100
|-sideend|p2: bjls wsbjlsm|move: Toxic Spikes|[of] p2a: Iron Moth
|
|-heal|p2a: Iron Moth|100/100|[from] move: Wish|[wisher] Alomomola
|upkeep
|turn|24
|
|t:|1779597204
|switch|p1a: Scrafty|Scrafty, M|91/100
|-ability|p1a: Scrafty|Intimidate|boost
|-unboost|p2a: Iron Moth|atk|1
|move|p2a: Iron Moth|Sludge Wave|p1a: Scrafty
|-damage|p1a: Scrafty|60/100
|
|upkeep
|turn|25
|
|t:|1779597213
|move|p2a: Iron Moth|Fiery Dance|p1a: Scrafty
|-damage|p1a: Scrafty|33/100
|move|p1a: Scrafty|High Jump Kick|p2a: Iron Moth
|-resisted|p2a: Iron Moth
|-damage|p2a: Iron Moth|48/100
|
|upkeep
|turn|26
|
|t:|1779597221
|switch|p1a: Alomomola|Alomomola, F|100/100
|move|p2a: Iron Moth|Sludge Wave|p1a: Alomomola
|-damage|p1a: Alomomola|34/100
|
|-heal|p1a: Alomomola|40/100|[from] item: Leftovers
|upkeep
|turn|27
|
|t:|1779597236
|move|p1a: Alomomola|Protect|p1a: Alomomola
|-singleturn|p1a: Alomomola|Protect
|move|p2a: Iron Moth|Sludge Wave|p1a: Alomomola
|-activate|p1a: Alomomola|move: Protect
|
|-heal|p1a: Alomomola|46/100|[from] item: Leftovers
|upkeep
|turn|28
|inactive|bjls wsbjlsm has 120 seconds left.
|
|t:|1779597246
|switch|p1a: Scrafty|Scrafty, M|33/100
|-ability|p1a: Scrafty|Intimidate|boost
|-unboost|p2a: Iron Moth|atk|1
|move|p2a: Iron Moth|Sludge Wave|p1a: Scrafty
|-damage|p1a: Scrafty|1/100
|
|upkeep
|turn|29
|
|t:|1779597255
|move|p2a: Iron Moth|Sludge Wave|p1a: Scrafty
|-damage|p1a: Scrafty|0 fnt
|faint|p1a: Scrafty
|
|upkeep
|
|t:|1779597259
|switch|p1a: Gliscor|Gliscor, M|100/100 tox
|turn|30
|inactive|bjls wsbjlsm has 120 seconds left.
|
|t:|1779597280
|-end|p2a: Iron Moth|Quark Drive|[silent]
|switch|p2a: Alomomola|Alomomola, M|100/100
|move|p1a: Gliscor|Earthquake|p2a: Alomomola
|-damage|p2a: Alomomola|77/100
|
|upkeep
|turn|31
|
|t:|1779597287
|move|p1a: Gliscor|Toxic Spikes|p2a: Alomomola
|-sidestart|p2: bjls wsbjlsm|move: Toxic Spikes
|move|p2a: Alomomola|Wish|p2a: Alomomola
|
|upkeep
|turn|32
|
|t:|1779597293
|switch|p1a: Hydrapple|Hydrapple, F|81/100
|move|p2a: Alomomola|Flip Turn|p1a: Hydrapple
|-resisted|p1a: Hydrapple
|-damage|p1a: Hydrapple|79/100
|
|t:|1779597305
|switch|p2a: Iron Moth|Iron Moth, shiny|48/100|[from] Flip Turn
|-sideend|p2: bjls wsbjlsm|move: Toxic Spikes|[of] p2a: Iron Moth
|
|-heal|p2a: Iron Moth|100/100|[from] move: Wish|[wisher] Alomomola
|upkeep
|turn|33
|
|t:|1779597318
|move|p2a: Iron Moth|Sludge Wave|p1a: Hydrapple
|-supereffective|p1a: Hydrapple
|-damage|p1a: Hydrapple|11/100
|move|p1a: Hydrapple|Earth Power|p2a: Iron Moth
|-supereffective|p2a: Iron Moth
|-damage|p2a: Iron Moth|0 fnt
|faint|p2a: Iron Moth
|-end|p2a: Iron Moth|Quark Drive|[silent]
|
|upkeep
|inactive|bjls wsbjlsm has 120 seconds left.
|
|t:|1779597346
|switch|p2a: Ogerpon|Ogerpon-Wellspring, F|100/100
|turn|34
|l|☆passtimeatwork1994
|inactive|passtimeatwork1994 disconnected and has a minute to reconnect!
|player|p1|
|inactive|passtimeatwork1994 has 30 seconds to reconnect!
|inactive|passtimeatwork1994 has 20 seconds to reconnect!
|inactive|passtimeatwork1994 has 15 seconds to reconnect!
|inactive|passtimeatwork1994 has 10 seconds to reconnect!
|inactive|passtimeatwork1994 has 5 seconds to reconnect!
|-message|passtimeatwork1994 lost due to inactivity.
|
|win|bjls wsbjlsm
|raw|passtimeatwork1994's rating: 1123 &rarr; <strong>1098</strong><br />(-25 for losing)
|raw|bjls wsbjlsm's rating: 1128 &rarr; <strong>1153</strong><br />(+25 for winning)
|l|☆bjls wsbjlsm
|player|p2|
