|j|☆delacroixxx
|j|‽iaremoose
|t:|1779692792
|gametype|singles
|player|p1|delacroixxx|az|1325
|player|p2|iaremoose|harlequin|1365
|gen|9
|tier|[Gen 9] OU
|rated|
|rule|HP Percentage Mod: HP is shown in percentages
|rule|Endless Battle Clause: Forcing endless battles is banned
|rule|Species Clause: Limit one of each Pokémon
|rule|OHKO Clause: OHKO moves are banned
|rule|Evasion Items Clause: Evasion items are banned
|rule|Evasion Moves Clause: Evasion moves are banned
|rule|Evasion Abilities Clause: Evasion abilities are banned
|rule|Sleep Moves Clause: Sleep-inducing moves are banned
|clearpoke
|poke|p1|Cinderace, F|
|poke|p1|Dondozo, M|
|poke|p1|Iron Valiant|
|poke|p1|Landorus-Therian, M|
|poke|p1|Kyurem|
|poke|p1|Zamazenta-*|
|poke|p2|Blaziken, M|
|poke|p2|Dragonite, M|
|poke|p2|Alomomola, M|
|poke|p2|Slowking-Galar, F|
|poke|p2|Mamoswine, M|
|poke|p2|Cyclizar, M|
|teampreview
|
|t:|1779692801
|teamsize|p1|6
|teamsize|p2|6
|start
|switch|p1a: Landorus|Landorus-Therian, M|100/100
|switch|p2a: Mamoswine|Mamoswine, M|100/100
|-ability|p1a: Landorus|Intimidate|boost
|-fail|p2a: Mamoswine|unboost|Attack|[from] ability: Oblivious|[of] p2a: Mamoswine
|turn|1
|inactive|Battle timer is ON: inactive players will automatically lose when time's up. (requested by delacroixxx)
|
|t:|1779692807
|move|p2a: Mamoswine|Ice Shard|p1a: Landorus
|-supereffective|p1a: Landorus
|-damage|p1a: Landorus|27/100
|-damage|p2a: Mamoswine|91/100|[from] item: Life Orb
|move|p1a: Landorus|U-turn|p2a: Mamoswine
|-damage|p2a: Mamoswine|65/100
|
|t:|1779692813
|switch|p1a: Cinderace|Cinderace, F|100/100|[from] U-turn
|
|upkeep
|turn|2
|
|t:|1779692820
|switch|p2a: Alomomola|Alomomola, M|100/100
|move|p1a: Cinderace|Pyro Ball|p2a: Alomomola
|-resisted|p2a: Alomomola
|-damage|p2a: Alomomola|84/100
|-status|p2a: Alomomola|brn
|
|-damage|p2a: Alomomola|77/100 brn|[from] brn
|upkeep
|turn|3
|
|t:|1779692826
|move|p1a: Cinderace|U-turn|p2a: Alomomola
|-start|p1a: Cinderace|typechange|Bug|[from] ability: Libero
|-damage|p2a: Alomomola|57/100 brn
|
|t:|1779692836
|switch|p1a: Iron Valiant|Iron Valiant|100/100|[from] U-turn
|move|p2a: Alomomola|Wish|p2a: Alomomola
|
|-damage|p2a: Alomomola|51/100 brn|[from] brn
|upkeep
|turn|4
|
|t:|1779692849
|switch|p2a: Dragonite|Dragonite, M, shiny|100/100
|move|p1a: Iron Valiant|Thunderbolt|p2a: Dragonite
|-damage|p2a: Dragonite|86/100
|-damage|p1a: Iron Valiant|91/100|[from] item: Life Orb
|
|-heal|p2a: Dragonite|100/100|[from] move: Wish|[wisher] Alomomola
|upkeep
|turn|5
|
|t:|1779692857
|move|p1a: Iron Valiant|Thunderbolt|p2a: Dragonite
|-damage|p2a: Dragonite|85/100
|-damage|p1a: Iron Valiant|81/100|[from] item: Life Orb
|move|p2a: Dragonite|Hurricane|p1a: Iron Valiant
|-supereffective|p1a: Iron Valiant
|-damage|p1a: Iron Valiant|0 fnt
|faint|p1a: Iron Valiant
|-end|p1a: Iron Valiant|Quark Drive|[silent]
|
|upkeep
|
|t:|1779692861
|switch|p1a: Kyurem|Kyurem|100/100
|-ability|p1a: Kyurem|Pressure
|turn|6
|
|t:|1779692869
|switch|p2a: Mamoswine|Mamoswine, M|65/100
|move|p1a: Kyurem|Icicle Spear|p2a: Mamoswine
|-damage|p2a: Mamoswine|49/100
|-damage|p2a: Mamoswine|33/100
|-damage|p2a: Mamoswine|18/100
|-damage|p2a: Mamoswine|2/100
|-damage|p2a: Mamoswine|0 fnt
|faint|p2a: Mamoswine
|-hitcount|p2: Mamoswine|5
|
|upkeep
|
|t:|1779692878
|switch|p2a: Blaziken|Blaziken, M, shiny|100/100
|turn|7
|
|t:|1779692888
|switch|p1a: Dondozo|Dondozo, M|100/100
|move|p2a: Blaziken|Close Combat|p1a: Dondozo
|-damage|p1a: Dondozo|66/100
|-unboost|p2a: Blaziken|def|1
|-unboost|p2a: Blaziken|spd|1
|-damage|p2a: Blaziken|91/100|[from] item: Life Orb
|
|-heal|p1a: Dondozo|72/100|[from] item: Leftovers
|-ability|p2a: Blaziken|Speed Boost|boost
|-boost|p2a: Blaziken|spe|1
|upkeep
|turn|8
|
|t:|1779692896
|switch|p2a: Dragonite|Dragonite, M, shiny|85/100
|move|p1a: Dondozo|Liquidation|p2a: Dragonite
|-resisted|p2a: Dragonite
|-damage|p2a: Dragonite|75/100
|-unboost|p2a: Dragonite|def|1
|
|-heal|p1a: Dondozo|78/100|[from] item: Leftovers
|upkeep
|turn|9
|
|t:|1779692908
|switch|p1a: Landorus|Landorus-Therian, M|27/100
|-ability|p1a: Landorus|Intimidate|boost
|-unboost|p2a: Dragonite|atk|1
|move|p2a: Dragonite|Fire Spin|p1a: Landorus
|-damage|p1a: Landorus|17/100
|-activate|p1a: Landorus|move: Fire Spin|[of] p2a: Dragonite
|
|-damage|p1a: Landorus|5/100|[from] move: Fire Spin|[partiallytrapped]
|upkeep
|turn|10
|
|t:|1779692913
|move|p1a: Landorus|Rock Tomb|p2a: Dragonite
|-supereffective|p2a: Dragonite
|-damage|p2a: Dragonite|32/100
|-unboost|p2a: Dragonite|spe|1
|move|p2a: Dragonite|Roost|p2a: Dragonite
|-heal|p2a: Dragonite|82/100
|-singleturn|p2a: Dragonite|move: Roost
|
|-damage|p1a: Landorus|0 fnt|[from] move: Fire Spin|[partiallytrapped]
|faint|p1a: Landorus
|upkeep
|
|t:|1779692919
|switch|p1a: Kyurem|Kyurem|100/100
|-ability|p1a: Kyurem|Pressure
|turn|11
|
|t:|1779692925
|switch|p2a: Slowking|Slowking-Galar, F, shiny|100/100
|move|p1a: Kyurem|Dragon Dance|p1a: Kyurem
|-boost|p1a: Kyurem|atk|1
|-boost|p1a: Kyurem|spe|1
|
|upkeep
|turn|12
|
|t:|1779692930
|move|p1a: Kyurem|Icicle Spear|p2a: Slowking
|-damage|p2a: Slowking|79/100
|-damage|p2a: Slowking|60/100
|-damage|p2a: Slowking|41/100
|-damage|p2a: Slowking|21/100
|-damage|p2a: Slowking|2/100
|-hitcount|p2a: Slowking|5
|move|p2a: Slowking|Sludge Bomb|p1a: Kyurem
|-damage|p1a: Kyurem|62/100
|
|upkeep
|turn|13
|
|t:|1779692942
|switch|p2a: Cyclizar|Cyclizar, M, shiny|100/100
|move|p1a: Kyurem|Icicle Spear|p2a: Cyclizar
|-supereffective|p2a: Cyclizar
|-damage|p2a: Cyclizar|45/100
|-supereffective|p2a: Cyclizar
|-damage|p2a: Cyclizar|0 fnt
|faint|p2a: Cyclizar
|-hitcount|p2: Cyclizar|2
|
|upkeep
|
|t:|1779692944
|switch|p2a: Alomomola|Alomomola, M|85/100 brn
|turn|14
|
|t:|1779692963
|-terastallize|p2a: Alomomola|Fairy
|move|p1a: Kyurem|Dragon Dance|p1a: Kyurem
|-boost|p1a: Kyurem|atk|1
|-boost|p1a: Kyurem|spe|1
|move|p2a: Alomomola|Play Rough|p1a: Kyurem
|-supereffective|p1a: Kyurem
|-damage|p1a: Kyurem|40/100
|
|-damage|p2a: Alomomola|78/100 brn|[from] brn
|upkeep
|turn|15
|
|t:|1779692974
|move|p1a: Kyurem|Iron Head|p2a: Alomomola
|-supereffective|p2a: Alomomola
|-damage|p2a: Alomomola|6/100 brn
|move|p2a: Alomomola|Wish|p2a: Alomomola
|
|-damage|p2a: Alomomola|0 fnt|[from] brn
|faint|p2a: Alomomola
|upkeep
|inactive|iaremoose has 120 seconds left.
|
|t:|1779693009
|switch|p2a: Blaziken|Blaziken, M, shiny|91/100
|turn|16
|
|t:|1779693025
|move|p1a: Kyurem|Scale Shot|p2a: Blaziken
|-damage|p2a: Blaziken|51/100
|-damage|p2a: Blaziken|10/100
|-damage|p2a: Blaziken|0 fnt
|faint|p2a: Blaziken
|-hitcount|p2: Blaziken|3
|-unboost|p1a: Kyurem|def|1
|-boost|p1a: Kyurem|spe|1
|
|upkeep
|
|t:|1779693031
|switch|p2a: Dragonite|Dragonite, M, shiny|82/100
|turn|17
|-message|iaremoose forfeited.
|
|win|delacroixxx
|raw|delacroixxx's rating: 1325 &rarr; <strong>1347</strong><br />(+22 for winning)
|raw|iaremoose's rating: 1365 &rarr; <strong>1343</strong><br />(-22 for losing)
|l|‽iaremoose
|player|p2|
|l|☆delacroixxx
|player|p1|
