|j|☆archen444
|j|☆miscellandorus-t
|t:|1779645137
|gametype|singles
|player|p1|archen444|shauntal|1442
|player|p2|miscellandorus-t|1|1395
|gen|9
|tier|[Gen 9] OU
|rated|
|rule|HP Percentage Mod: HP is shown in percentages
|rule|Endless Battle Clause: Forcing endless battles is banned
|rule|Species Clause: Limit one of each Pokémon
|rule|OHKO Clause: OHKO moves are banned
|rule|Evasion Items Clause: Evasion items are banned
|rule|Evasion Moves Clause: Evasion moves are banned
|rule|Evasion Abilities Clause: Evasion abilities are banned
|rule|Sleep Moves Clause: Sleep-inducing moves are banned
|clearpoke
|poke|p1|Weezing-Galar, F|
|poke|p1|Alomomola, F|
|poke|p1|Iron Treads|
|poke|p1|Tornadus-Therian, M|
|poke|p1|Zamazenta-*|
|poke|p1|Lokix, F|
|poke|p2|Gliscor, F|
|poke|p2|Alomomola, M|
|poke|p2|Tinkaton, F|
|poke|p2|Bellibolt, F|
|poke|p2|Cyclizar, M|
|poke|p2|Orthworm, F|
|teampreview
|
|t:|1779645148
|teamsize|p1|6
|teamsize|p2|6
|start
|switch|p1a: Lokix|Lokix, F|100/100
|switch|p2a: Gliscor|Gliscor, F|100/100
|turn|1
|
|t:|1779645152
|move|p2a: Gliscor|Protect|p2a: Gliscor
|-singleturn|p2a: Gliscor|Protect
|move|p1a: Lokix|Knock Off|p2a: Gliscor
|-activate|p2a: Gliscor|move: Protect
|
|-status|p2a: Gliscor|tox|[from] item: Toxic Orb
|upkeep
|turn|2
|
|t:|1779645157
|move|p2a: Gliscor|Toxic|p1a: Lokix
|-status|p1a: Lokix|tox
|move|p1a: Lokix|Knock Off|p2a: Gliscor
|-damage|p2a: Gliscor|41/100 tox
|-enditem|p2a: Gliscor|Toxic Orb|[from] move: Knock Off|[of] p1a: Lokix
|
|-heal|p2a: Gliscor|54/100 tox|[from] ability: Poison Heal
|-damage|p1a: Lokix|94/100 tox|[from] psn
|upkeep
|turn|3
|
|t:|1779645164
|switch|p1a: Iron Treads|Iron Treads|100/100
|move|p2a: Gliscor|Substitute|p2a: Gliscor
|-start|p2a: Gliscor|Substitute
|-damage|p2a: Gliscor|29/100 tox
|
|-heal|p2a: Gliscor|41/100 tox|[from] ability: Poison Heal
|upkeep
|turn|4
|
|t:|1779645170
|move|p1a: Iron Treads|Stealth Rock|p2a: Gliscor
|-sidestart|p2: miscellandorus-t|move: Stealth Rock
|move|p2a: Gliscor|Earthquake|p1a: Iron Treads
|-supereffective|p1a: Iron Treads
|-damage|p1a: Iron Treads|50/100
|
|-heal|p1a: Iron Treads|57/100|[from] item: Leftovers
|-heal|p2a: Gliscor|54/100 tox|[from] ability: Poison Heal
|upkeep
|turn|5
|
|t:|1779645177
|move|p2a: Gliscor|Protect|p2a: Gliscor
|-singleturn|p2a: Gliscor|Protect
|move|p1a: Iron Treads|Ice Spinner|p2a: Gliscor
|-activate|p2a: Gliscor|move: Protect
|
|-heal|p1a: Iron Treads|63/100|[from] item: Leftovers
|-heal|p2a: Gliscor|66/100 tox|[from] ability: Poison Heal
|upkeep
|turn|6
|
|t:|1779645181
|move|p1a: Iron Treads|Ice Spinner|p2a: Gliscor
|-supereffective|p2a: Gliscor
|-end|p2a: Gliscor|Substitute
|move|p2a: Gliscor|Earthquake|p1a: Iron Treads
|-supereffective|p1a: Iron Treads
|-damage|p1a: Iron Treads|9/100
|
|-heal|p1a: Iron Treads|15/100|[from] item: Leftovers
|-heal|p2a: Gliscor|79/100 tox|[from] ability: Poison Heal
|upkeep
|turn|7
|
|t:|1779645190
|-end|p1a: Iron Treads|Quark Drive|[silent]
|switch|p1a: Alomomola|Alomomola, F|100/100
|switch|p2a: Orthworm|Orthworm, F|100/100
|-damage|p2a: Orthworm|94/100|[from] Stealth Rock
|
|upkeep
|turn|8
|
|t:|1779645194
|move|p2a: Orthworm|Spikes|p1a: Alomomola
|-sidestart|p1: archen444|Spikes
|move|p1a: Alomomola|Wish|p1a: Alomomola
|
|upkeep
|turn|9
|
|t:|1779645202
|move|p2a: Orthworm|Spikes|p1a: Alomomola
|-sidestart|p1: archen444|Spikes
|move|p1a: Alomomola|Flip Turn|p2a: Orthworm
|-damage|p2a: Orthworm|85/100
|-damage|p1a: Alomomola|84/100|[from] item: Rocky Helmet|[of] p2a: Orthworm
|
|t:|1779645208
|switch|p1a: Tornadus|Tornadus-Therian, M|100/100|[from] Flip Turn
|
|upkeep
|turn|10
|
|t:|1779645214
|switch|p2a: Bellibolt|Bellibolt, F|100/100
|move|p1a: Tornadus|Knock Off|p2a: Bellibolt
|-damage|p2a: Bellibolt|84/100
|-start|p2a: Bellibolt|Charge|Knock Off|[from] ability: Electromorphosis
|-enditem|p2a: Bellibolt|Heavy-Duty Boots|[from] move: Knock Off|[of] p1a: Tornadus
|
|upkeep
|turn|11
|
|t:|1779645218
|move|p1a: Tornadus|U-turn|p2a: Bellibolt
|-damage|p2a: Bellibolt|72/100
|-start|p2a: Bellibolt|Charge|U-turn|[from] ability: Electromorphosis
|
|t:|1779645223
|switch|p1a: Zamazenta|Zamazenta|100/100|[from] U-turn
|-damage|p1a: Zamazenta|84/100|[from] Spikes
|-ability|p1a: Zamazenta|Dauntless Shield|boost
|-boost|p1a: Zamazenta|def|1
|move|p2a: Bellibolt|Soak|p1a: Zamazenta
|-start|p1a: Zamazenta|typechange|Water
|
|upkeep
|turn|12
|
|t:|1779645237
|move|p1a: Zamazenta|Close Combat|p2a: Bellibolt
|-damage|p2a: Bellibolt|18/100
|-unboost|p1a: Zamazenta|def|1
|-unboost|p1a: Zamazenta|spd|1
|-start|p2a: Bellibolt|Charge|Close Combat|[from] ability: Electromorphosis
|move|p2a: Bellibolt|Slack Off|p2a: Bellibolt
|-heal|p2a: Bellibolt|68/100
|
|upkeep
|turn|13
|
|t:|1779645242
|move|p1a: Zamazenta|Close Combat|p2a: Bellibolt
|-crit|p2a: Bellibolt
|-damage|p2a: Bellibolt|0 fnt
|-unboost|p1a: Zamazenta|def|1
|-unboost|p1a: Zamazenta|spd|1
|faint|p2a: Bellibolt
|
|upkeep
|
|t:|1779645260
|switch|p2a: Gliscor|Gliscor, F|79/100 tox
|-damage|p2a: Gliscor|66/100 tox|[from] Stealth Rock
|turn|14
|
|t:|1779645267
|switch|p1a: Alomomola|Alomomola, F|100/100
|-damage|p1a: Alomomola|84/100|[from] Spikes
|move|p2a: Gliscor|Toxic|p1a: Alomomola
|-status|p1a: Alomomola|tox
|
|-heal|p2a: Gliscor|79/100 tox|[from] ability: Poison Heal
|-damage|p1a: Alomomola|78/100 tox|[from] psn
|upkeep
|turn|15
|
|t:|1779645270
|move|p2a: Gliscor|Earthquake|p1a: Alomomola
|-damage|p1a: Alomomola|59/100 tox
|move|p1a: Alomomola|Wish|p1a: Alomomola
|
|-heal|p2a: Gliscor|91/100 tox|[from] ability: Poison Heal
|-damage|p1a: Alomomola|46/100 tox|[from] psn
|upkeep
|turn|16
|
|t:|1779645280
|switch|p1a: Weezing|Weezing-Galar, F|100/100
|-ability|p1a: Weezing|Neutralizing Gas
|-damage|p1a: Weezing|84/100|[from] Spikes
|move|p2a: Gliscor|Earthquake|p1a: Weezing
|-supereffective|p1a: Weezing
|-damage|p1a: Weezing|42/100
|
|-heal|p1a: Weezing|100/100|[from] move: Wish|[wisher] Alomomola
|-damage|p2a: Gliscor|73/100 tox|[from] psn
|upkeep
|turn|17
|
|t:|1779645290
|switch|p2a: Tinkaton|Tinkaton, F|100/100
|move|p1a: Weezing|Defog|p2a: Tinkaton
|-unboost|p2a: Tinkaton|evasion|1
|-sideend|p2: miscellandorus-t|Stealth Rock|[from] move: Defog|[of] p1a: Weezing
|-sideend|p1: archen444|Spikes|[from] move: Defog|[of] p1a: Weezing
|
|upkeep
|turn|18
|
|t:|1779645297
|move|p1a: Weezing|Protect|p1a: Weezing
|-singleturn|p1a: Weezing|Protect
|move|p2a: Tinkaton|Gigaton Hammer|p1a: Weezing
|-activate|p1a: Weezing|move: Protect
|
|upkeep
|turn|19
|
|t:|1779645303
|move|p2a: Tinkaton|Knock Off|p1a: Weezing
|-resisted|p1a: Weezing
|-damage|p1a: Weezing|95/100
|-enditem|p1a: Weezing|Leftovers|[from] move: Knock Off|[of] p2a: Tinkaton
|move|p1a: Weezing|Will-O-Wisp|p2a: Tinkaton
|-status|p2a: Tinkaton|brn
|
|-damage|p2a: Tinkaton|94/100 brn|[from] brn
|upkeep
|turn|20
|-message|miscellandorus-t forfeited.
|
|win|archen444
|raw|archen444's rating: 1442 &rarr; <strong>1459</strong><br />(+17 for winning)
|raw|miscellandorus-t's rating: 1395 &rarr; <strong>1378</strong><br />(-17 for losing)
|l|☆miscellandorus-t
|player|p2|
|l|☆archen444
|player|p1|
