|j|☆kemdpw
|j|☆DarkG99
|t:|1779690686
|gametype|singles
|player|p1|kemdpw|101|1463
|player|p2|DarkG99|karen|1461
|gen|9
|tier|[Gen 9] OU
|rated|
|rule|HP Percentage Mod: HP is shown in percentages
|rule|Endless Battle Clause: Forcing endless battles is banned
|rule|Species Clause: Limit one of each Pokémon
|rule|OHKO Clause: OHKO moves are banned
|rule|Evasion Items Clause: Evasion items are banned
|rule|Evasion Moves Clause: Evasion moves are banned
|rule|Evasion Abilities Clause: Evasion abilities are banned
|rule|Sleep Moves Clause: Sleep-inducing moves are banned
|clearpoke
|poke|p1|Kyurem|
|poke|p1|Tornadus-Therian, M|
|poke|p1|Hatterene, F|
|poke|p1|Iron Valiant|
|poke|p1|Great Tusk|
|poke|p1|Kingambit, F|
|poke|p2|Kommo-o, M|
|poke|p2|Sinistcha-Masterpiece|
|poke|p2|Ninetales-Alola, F|
|poke|p2|Heatran, M|
|poke|p2|Maushold-Four|
|poke|p2|Ogerpon-Wellspring, F|
|teampreview
|
|t:|1779690696
|teamsize|p1|6
|teamsize|p2|6
|start
|switch|p1a: Great Tusk|Great Tusk|100/100
|switch|p2a: Maushold|Maushold-Four|100/100
|turn|1
|
|t:|1779690700
|move|p2a: Maushold|Switcheroo|p1a: Great Tusk
|-activate|p2a: Maushold|move: Trick|[of] p1a: Great Tusk
|-item|p1a: Great Tusk|Choice Scarf|[from] move: Switcheroo
|-item|p2a: Maushold|Rocky Helmet|[from] move: Switcheroo
|move|p1a: Great Tusk|Knock Off|p2a: Maushold
|-damage|p2a: Maushold|58/100
|-damage|p1a: Great Tusk|84/100|[from] item: Rocky Helmet|[of] p2a: Maushold
|-enditem|p2a: Maushold|Rocky Helmet|[from] move: Knock Off|[of] p1a: Great Tusk
|
|upkeep
|turn|2
|
|t:|1779690715
|-end|p1a: Great Tusk|Protosynthesis|[silent]
|switch|p1a: Tornadus|Tornadus-Therian, M|100/100
|move|p2a: Maushold|Tidy Up|p2a: Maushold
|-boost|p2a: Maushold|atk|1
|-boost|p2a: Maushold|spe|1
|
|upkeep
|turn|3
|
|t:|1779690718
|move|p2a: Maushold|Population Bomb|p1a: Tornadus
|-damage|p1a: Tornadus|83/100
|-damage|p1a: Tornadus|66/100
|-damage|p1a: Tornadus|48/100
|-damage|p1a: Tornadus|30/100
|-damage|p1a: Tornadus|10/100
|-damage|p1a: Tornadus|0 fnt
|faint|p1a: Tornadus
|-hitcount|p1: Tornadus|6
|
|upkeep
|
|t:|1779690730
|switch|p1a: Kyurem|Kyurem|100/100
|-ability|p1a: Kyurem|Pressure
|turn|4
|
|t:|1779690734
|move|p2a: Maushold|Population Bomb|p1a: Kyurem
|-damage|p1a: Kyurem|85/100
|-damage|p1a: Kyurem|70/100
|-damage|p1a: Kyurem|56/100
|-damage|p1a: Kyurem|39/100
|-damage|p1a: Kyurem|24/100
|-hitcount|p1a: Kyurem|5
|move|p1a: Kyurem|Ice Beam|p2a: Maushold
|-damage|p2a: Maushold|0 fnt
|faint|p2a: Maushold
|
|upkeep
|
|t:|1779690739
|switch|p2a: Ninetales|Ninetales-Alola, F|100/100
|-weather|Snowscape|[from] ability: Snow Warning|[of] p2a: Ninetales
|turn|5
|
|t:|1779690747
|switch|p1a: Kingambit|Kingambit, F|100/100
|-activate|p1a: Kingambit|ability: Supreme Overlord
|-start|p1a: Kingambit|fallen1|[silent]
|move|p2a: Ninetales|Moonblast|p1a: Kingambit
|-damage|p1a: Kingambit|58/100
|
|-weather|Snowscape|[upkeep]
|upkeep
|turn|6
|
|t:|1779690755
|move|p2a: Ninetales|Aurora Veil|p2a: Ninetales
|-sidestart|p2: DarkG99|move: Aurora Veil
|move|p1a: Kingambit|Kowtow Cleave|p2a: Ninetales
|-resisted|p2a: Ninetales
|-crit|p2a: Ninetales
|-damage|p2a: Ninetales|54/100
|
|-weather|Snowscape|[upkeep]
|upkeep
|turn|7
|
|t:|1779690760
|switch|p2a: Heatran|Heatran, M|100/100
|move|p1a: Kingambit|Kowtow Cleave|p2a: Heatran
|-damage|p2a: Heatran|73/100
|
|-weather|Snowscape|[upkeep]
|-heal|p2a: Heatran|80/100|[from] item: Leftovers
|upkeep
|turn|8
|-message|kemdpw forfeited.
|
|win|DarkG99
|raw|kemdpw's rating: 1463 &rarr; <strong>1443</strong><br />(-20 for losing)
|raw|DarkG99's rating: 1461 &rarr; <strong>1481</strong><br />(+20 for winning)
|l|☆kemdpw
|player|p1|
|l|☆DarkG99
|player|p2|
