|j|☆agator82
|j|☆npctypebeat
|t:|1779591704
|gametype|singles
|player|p1|agator82|lusamine-nihilego|1204
|player|p2|npctypebeat|2|1183
|gen|9
|tier|[Gen 9] OU
|rated|
|rule|HP Percentage Mod: HP is shown in percentages
|rule|Endless Battle Clause: Forcing endless battles is banned
|rule|Species Clause: Limit one of each Pokémon
|rule|OHKO Clause: OHKO moves are banned
|rule|Evasion Items Clause: Evasion items are banned
|rule|Evasion Moves Clause: Evasion moves are banned
|rule|Evasion Abilities Clause: Evasion abilities are banned
|rule|Sleep Moves Clause: Sleep-inducing moves are banned
|clearpoke
|poke|p1|Ogerpon-Wellspring, F|
|poke|p1|Pecharunt|
|poke|p1|Kyurem|
|poke|p1|Ursaluna, M|
|poke|p1|Glimmora, M|
|poke|p1|Alomomola, M|
|poke|p2|Corviknight, F|
|poke|p2|Ting-Lu|
|poke|p2|Kyurem|
|poke|p2|Dondozo, F|
|poke|p2|Slowking-Galar, M|
|poke|p2|Cinderace, M|
|teampreview
|c|☆npctypebeat|hf
|inactive|Battle timer is ON: inactive players will automatically lose when time's up. (requested by npctypebeat)
|
|t:|1779591719
|teamsize|p1|6
|teamsize|p2|6
|start
|switch|p1a: Glimmora|Glimmora, M, shiny|100/100
|switch|p2a: Corviknight|Corviknight, F|100/100
|-ability|p2a: Corviknight|Pressure
|turn|1
|
|t:|1779591729
|switch|p2a: Kyurem|Kyurem|100/100
|-ability|p2a: Kyurem|Pressure
|move|p1a: Glimmora|Stealth Rock|p2a: Kyurem
|-sidestart|p2: npctypebeat|move: Stealth Rock
|
|upkeep
|turn|2
|
|t:|1779591739
|move|p2a: Kyurem|Freeze-Dry|p1a: Glimmora
|-damage|p1a: Glimmora|64/100
|move|p1a: Glimmora|Mortal Spin|p2a: Kyurem
|-damage|p2a: Kyurem|95/100
|-status|p2a: Kyurem|psn
|
|-heal|p2a: Kyurem|100/100 psn|[from] item: Leftovers
|-damage|p2a: Kyurem|88/100 psn|[from] psn
|upkeep
|turn|3
|
|t:|1779591761
|move|p2a: Kyurem|Freeze-Dry|p1a: Glimmora
|-damage|p1a: Glimmora|31/100
|-status|p1a: Glimmora|frz
|cant|p1a: Glimmora|frz
|
|-heal|p2a: Kyurem|94/100 psn|[from] item: Leftovers
|-damage|p2a: Kyurem|82/100 psn|[from] psn
|upkeep
|turn|4
|
|t:|1779591779
|move|p2a: Kyurem|Freeze-Dry|p1a: Glimmora
|-damage|p1a: Glimmora|0 fnt
|faint|p1a: Glimmora
|
|-heal|p2a: Kyurem|88/100 psn|[from] item: Leftovers
|-damage|p2a: Kyurem|76/100 psn|[from] psn
|upkeep
|
|t:|1779591796
|switch|p1a: Kyurem|Kyurem, shiny|100/100
|-ability|p1a: Kyurem|Pressure
|turn|5
|
|t:|1779591803
|move|p2a: Kyurem|Protect|p2a: Kyurem
|-singleturn|p2a: Kyurem|Protect
|move|p1a: Kyurem|Protect||[still]
|-fail|p1a: Kyurem
|
|-heal|p2a: Kyurem|82/100 psn|[from] item: Leftovers
|-damage|p2a: Kyurem|70/100 psn|[from] psn
|upkeep
|turn|6
|
|t:|1779591816
|switch|p2a: Cinderace|Cinderace, M|100/100
|move|p1a: Kyurem|Protect||[still]
|-fail|p1a: Kyurem
|
|upkeep
|turn|7
|
|t:|1779591833
|switch|p1a: Ursaluna|Ursaluna, M, shiny|100/100
|move|p2a: Cinderace|Court Change|p2a: Cinderace
|-swapsideconditions
|-activate|p2a: Cinderace|move: Court Change
|
|upkeep
|turn|8
|
|t:|1779591856
|move|p2a: Cinderace|U-turn|p1a: Ursaluna
|-damage|p1a: Ursaluna|89/100
|inactive|npctypebeat has 120 seconds left.
|
|t:|1779591876
|switch|p2a: Kyurem|Kyurem|70/100 psn|[from] U-turn
|-ability|p2a: Kyurem|Pressure
|move|p1a: Ursaluna|Substitute|p1a: Ursaluna
|-start|p1a: Ursaluna|Substitute
|-damage|p1a: Ursaluna|64/100
|
|-heal|p2a: Kyurem|76/100 psn|[from] item: Leftovers
|-damage|p2a: Kyurem|63/100 psn|[from] psn
|upkeep
|turn|9
|inactive|agator82 has 120 seconds left.
|
|t:|1779591910
|move|p2a: Kyurem|Freeze-Dry|p1a: Ursaluna
|-supereffective|p1a: Ursaluna
|-end|p1a: Ursaluna|Substitute
|move|p1a: Ursaluna|Earthquake|p2a: Kyurem
|-damage|p2a: Kyurem|4/100 psn
|
|-heal|p2a: Kyurem|11/100 psn|[from] item: Leftovers
|-damage|p2a: Kyurem|0 fnt|[from] psn
|faint|p2a: Kyurem
|upkeep
|inactive|npctypebeat has 120 seconds left.
|
|t:|1779591920
|switch|p2a: Ting-Lu|Ting-Lu|100/100
|-ability|p2a: Ting-Lu|Vessel of Ruin
|turn|10
|
|t:|1779591934
|switch|p1a: Pecharunt|Pecharunt|100/100
|-damage|p1a: Pecharunt|88/100|[from] Stealth Rock
|move|p2a: Ting-Lu|Earthquake|p1a: Pecharunt
|-supereffective|p1a: Pecharunt
|-damage|p1a: Pecharunt|38/100
|
|-heal|p1a: Pecharunt|44/100|[from] item: Leftovers
|upkeep
|turn|11
|inactive|agator82 has 120 seconds left.
|
|t:|1779591953
|move|p1a: Pecharunt|Recover|p1a: Pecharunt
|-heal|p1a: Pecharunt|95/100
|move|p2a: Ting-Lu|Payback|p1a: Pecharunt
|-supereffective|p1a: Pecharunt
|-damage|p1a: Pecharunt|43/100
|
|-heal|p1a: Pecharunt|49/100|[from] item: Leftovers
|upkeep
|turn|12
|
|t:|1779591960
|-terastallize|p1a: Pecharunt|Poison
|move|p1a: Pecharunt|Recover|p1a: Pecharunt
|-heal|p1a: Pecharunt|99/100
|move|p2a: Ting-Lu|Earthquake|p1a: Pecharunt
|-supereffective|p1a: Pecharunt
|-damage|p1a: Pecharunt|43/100
|
|-heal|p1a: Pecharunt|49/100|[from] item: Leftovers
|upkeep
|turn|13
|
|t:|1779591969
|move|p1a: Pecharunt|Malignant Chain|p2a: Ting-Lu
|-resisted|p2a: Ting-Lu
|-damage|p2a: Ting-Lu|89/100
|-status|p2a: Ting-Lu|tox
|-start|p2a: Ting-Lu|confusion|[from] ability: Poison Puppeteer|[of] p1a: Pecharunt
|-activate|p2a: Ting-Lu|confusion
|move|p2a: Ting-Lu|Earthquake|p1a: Pecharunt
|-supereffective|p1a: Pecharunt
|-damage|p1a: Pecharunt|0 fnt
|faint|p1a: Pecharunt
|
|-heal|p2a: Ting-Lu|95/100 tox|[from] item: Leftovers
|-damage|p2a: Ting-Lu|89/100 tox|[from] psn
|upkeep
|inactive|agator82 has 120 seconds left.
|
|t:|1779591992
|switch|p1a: Kyurem|Kyurem, shiny|100/100
|-ability|p1a: Kyurem|Pressure
|turn|14
|inactive|agator82 has 120 seconds left.
|
|t:|1779591997
|switch|p2a: Slowking|Slowking-Galar, M|100/100
|move|p1a: Kyurem|Blizzard|p2a: Slowking|[miss]
|-miss|p1a: Kyurem|p2a: Slowking
|
|upkeep
|turn|15
|
|t:|1779592006
|move|p2a: Slowking|Sludge Bomb|p1a: Kyurem
|-damage|p1a: Kyurem|77/100
|move|p1a: Kyurem|Avalanche|p2a: Slowking
|-damage|p2a: Slowking|56/100
|
|upkeep
|turn|16
|
|t:|1779592013
|switch|p2a: Dondozo|Dondozo, F|100/100
|move|p1a: Kyurem|Protect||[still]
|-fail|p1a: Kyurem
|
|upkeep
|turn|17
|
|t:|1779592019
|switch|p1a: Alomomola|Alomomola, M, shiny|100/100
|-damage|p1a: Alomomola|88/100|[from] Stealth Rock
|move|p2a: Dondozo|Body Press|p1a: Alomomola
|-damage|p1a: Alomomola|77/100
|
|-heal|p1a: Alomomola|84/100|[from] item: Leftovers
|upkeep
|turn|18
|
|t:|1779592029
|move|p1a: Alomomola|Light Screen|p1a: Alomomola
|-sidestart|p1: agator82|move: Light Screen
|move|p2a: Dondozo|Curse|p2a: Dondozo
|-unboost|p2a: Dondozo|spe|1
|-boost|p2a: Dondozo|atk|1
|-boost|p2a: Dondozo|def|1
|
|-heal|p1a: Alomomola|90/100|[from] item: Leftovers
|upkeep
|turn|19
|
|t:|1779592038
|move|p1a: Alomomola|Wish|p1a: Alomomola
|move|p2a: Dondozo|Curse|p2a: Dondozo
|-unboost|p2a: Dondozo|spe|1
|-boost|p2a: Dondozo|atk|1
|-boost|p2a: Dondozo|def|1
|
|-heal|p1a: Alomomola|96/100|[from] item: Leftovers
|upkeep
|turn|20
|
|t:|1779592051
|move|p1a: Alomomola|Flip Turn|p2a: Dondozo
|-resisted|p2a: Dondozo
|-damage|p2a: Dondozo|98/100
|
|t:|1779592060
|switch|p1a: Ursaluna|Ursaluna, M, shiny|64/100|[from] Flip Turn
|-damage|p1a: Ursaluna|57/100|[from] Stealth Rock
|move|p2a: Dondozo|Body Press|p1a: Ursaluna
|-supereffective|p1a: Ursaluna
|-damage|p1a: Ursaluna|2/100
|
|-heal|p1a: Ursaluna|69/100|[from] move: Wish|[wisher] Alomomola
|-heal|p2a: Dondozo|100/100|[from] item: Leftovers
|upkeep
|turn|21
|
|t:|1779592080
|switch|p1a: Alomomola|Alomomola, M, shiny|96/100
|-damage|p1a: Alomomola|84/100|[from] Stealth Rock
|move|p2a: Dondozo|Curse|p2a: Dondozo
|-unboost|p2a: Dondozo|spe|1
|-boost|p2a: Dondozo|atk|1
|-boost|p2a: Dondozo|def|1
|
|-heal|p1a: Alomomola|90/100|[from] item: Leftovers
|upkeep
|turn|22
|
|t:|1779592091
|move|p1a: Alomomola|Pain Split|p2a: Dondozo
|-sethp|p2a: Dondozo|98/100|[from] move: Pain Split|[silent]
|-sethp|p1a: Alomomola|92/100|[from] move: Pain Split
|move|p2a: Dondozo|Body Press|p1a: Alomomola
|-damage|p1a: Alomomola|63/100
|
|-heal|p1a: Alomomola|69/100|[from] item: Leftovers
|-heal|p2a: Dondozo|100/100|[from] item: Leftovers
|-sideend|p1: agator82|move: Light Screen
|upkeep
|turn|23
|
|t:|1779592105
|move|p1a: Alomomola|Light Screen|p1a: Alomomola
|-sidestart|p1: agator82|move: Light Screen
|move|p2a: Dondozo|Curse|p2a: Dondozo
|-unboost|p2a: Dondozo|spe|1
|-boost|p2a: Dondozo|atk|1
|-boost|p2a: Dondozo|def|1
|
|-heal|p1a: Alomomola|75/100|[from] item: Leftovers
|upkeep
|turn|24
|
|t:|1779592115
|move|p1a: Alomomola|Wish|p1a: Alomomola
|move|p2a: Dondozo|Body Press|p1a: Alomomola
|-damage|p1a: Alomomola|39/100
|
|-heal|p1a: Alomomola|46/100|[from] item: Leftovers
|upkeep
|turn|25
|
|t:|1779592127
|move|p1a: Alomomola|Pain Split|p2a: Dondozo
|-sethp|p2a: Dondozo|74/100|[from] move: Pain Split|[silent]
|-sethp|p1a: Alomomola|70/100|[from] move: Pain Split
|move|p2a: Dondozo|Waterfall|p1a: Alomomola
|-resisted|p1a: Alomomola
|-damage|p1a: Alomomola|50/100
|
|-heal|p1a: Alomomola|99/100|[from] move: Wish|[wisher] Alomomola
|-heal|p1a: Alomomola|100/100|[from] item: Leftovers
|-heal|p2a: Dondozo|81/100|[from] item: Leftovers
|upkeep
|turn|26
|
|t:|1779592138
|move|p1a: Alomomola|Wish|p1a: Alomomola
|move|p2a: Dondozo|Curse|p2a: Dondozo
|-unboost|p2a: Dondozo|spe|1
|-boost|p2a: Dondozo|atk|1
|-boost|p2a: Dondozo|def|1
|
|-heal|p2a: Dondozo|87/100|[from] item: Leftovers
|upkeep
|turn|27
|
|t:|1779592145
|move|p1a: Alomomola|Light Screen||[still]
|-fail|p1a: Alomomola
|move|p2a: Dondozo|Body Press|p1a: Alomomola
|-damage|p1a: Alomomola|63/100
|
|-heal|p1a: Alomomola|100/100|[from] move: Wish|[wisher] Alomomola
|-heal|p2a: Dondozo|93/100|[from] item: Leftovers
|-sideend|p1: agator82|move: Light Screen
|upkeep
|turn|28
|
|t:|1779592154
|move|p1a: Alomomola|Light Screen|p1a: Alomomola
|-sidestart|p1: agator82|move: Light Screen
|move|p2a: Dondozo|Curse|p2a: Dondozo
|-unboost|p2a: Dondozo|spe|1
|-boost|p2a: Dondozo|atk|1
|-boost|p2a: Dondozo|def|1
|
|-heal|p2a: Dondozo|99/100|[from] item: Leftovers
|upkeep
|turn|29
|
|t:|1779592163
|move|p1a: Alomomola|Light Screen||[still]
|-fail|p1a: Alomomola
|move|p2a: Dondozo|Body Press|p1a: Alomomola
|-damage|p1a: Alomomola|59/100
|
|-heal|p1a: Alomomola|65/100|[from] item: Leftovers
|-heal|p2a: Dondozo|100/100|[from] item: Leftovers
|upkeep
|turn|30
|
|t:|1779592172
|move|p1a: Alomomola|Light Screen||[still]
|-fail|p1a: Alomomola
|move|p2a: Dondozo|Body Press|p1a: Alomomola
|-damage|p1a: Alomomola|19/100
|
|-heal|p1a: Alomomola|25/100|[from] item: Leftovers
|upkeep
|turn|31
|
|t:|1779592179
|move|p1a: Alomomola|Pain Split|p2a: Dondozo
|-sethp|p2a: Dondozo|63/100|[from] move: Pain Split|[silent]
|-sethp|p1a: Alomomola|60/100|[from] move: Pain Split
|move|p2a: Dondozo|Body Press|p1a: Alomomola
|-damage|p1a: Alomomola|17/100
|
|-heal|p1a: Alomomola|24/100|[from] item: Leftovers
|-heal|p2a: Dondozo|69/100|[from] item: Leftovers
|upkeep
|turn|32
|
|t:|1779592188
|move|p1a: Alomomola|Pain Split|p2a: Dondozo
|-sethp|p2a: Dondozo|47/100|[from] move: Pain Split|[silent]
|-sethp|p1a: Alomomola|45/100|[from] move: Pain Split
|move|p2a: Dondozo|Body Press|p1a: Alomomola
|-damage|p1a: Alomomola|2/100
|
|-heal|p1a: Alomomola|8/100|[from] item: Leftovers
|-heal|p2a: Dondozo|53/100|[from] item: Leftovers
|-sideend|p1: agator82|move: Light Screen
|upkeep
|turn|33
|
|t:|1779592198
|move|p1a: Alomomola|Pain Split|p2a: Dondozo
|-sethp|p2a: Dondozo|31/100|[from] move: Pain Split|[silent]
|-sethp|p1a: Alomomola|29/100|[from] move: Pain Split
|move|p2a: Dondozo|Body Press|p1a: Alomomola
|-damage|p1a: Alomomola|0 fnt
|faint|p1a: Alomomola
|
|-heal|p2a: Dondozo|37/100|[from] item: Leftovers
|upkeep
|
|t:|1779592207
|switch|p1a: Kyurem|Kyurem, shiny|77/100
|-ability|p1a: Kyurem|Pressure
|turn|34
|
|t:|1779592218
|move|p1a: Kyurem|Blizzard|p2a: Dondozo|[miss]
|-miss|p1a: Kyurem|p2a: Dondozo
|move|p2a: Dondozo|Body Press|p1a: Kyurem
|-supereffective|p1a: Kyurem
|-damage|p1a: Kyurem|0 fnt
|faint|p1a: Kyurem
|
|-heal|p2a: Dondozo|43/100|[from] item: Leftovers
|upkeep
|
|t:|1779592234
|switch|p1a: Ursaluna|Ursaluna, M, shiny|69/100
|-damage|p1a: Ursaluna|63/100|[from] Stealth Rock
|turn|35
|
|t:|1779592244
|move|p1a: Ursaluna|Earthquake|p2a: Dondozo
|-damage|p2a: Dondozo|34/100
|move|p2a: Dondozo|Body Press|p1a: Ursaluna
|-supereffective|p1a: Ursaluna
|-damage|p1a: Ursaluna|0 fnt
|faint|p1a: Ursaluna
|
|-heal|p2a: Dondozo|40/100|[from] item: Leftovers
|upkeep
|-message|agator82 forfeited.
|
|win|npctypebeat
|raw|agator82's rating: 1204 &rarr; <strong>1175</strong><br />(-29 for losing)
|raw|npctypebeat's rating: 1152 &rarr; <strong>1181</strong><br />(+29 for winning)
|c|☆npctypebeat|gg
|l|☆agator82
|player|p1|
