|j|☆superbad69
|j|☆samo9762
|t:|1779682106
|gametype|singles
|player|p1|superbad69|2|1376
|player|p2|samo9762|steven-masters3|1328
|gen|9
|tier|[Gen 9] OU
|rated|
|rule|HP Percentage Mod: HP is shown in percentages
|rule|Endless Battle Clause: Forcing endless battles is banned
|rule|Species Clause: Limit one of each Pokémon
|rule|OHKO Clause: OHKO moves are banned
|rule|Evasion Items Clause: Evasion items are banned
|rule|Evasion Moves Clause: Evasion moves are banned
|rule|Evasion Abilities Clause: Evasion abilities are banned
|rule|Sleep Moves Clause: Sleep-inducing moves are banned
|clearpoke
|poke|p1|Enamorus, F|
|poke|p1|Haxorus, M|
|poke|p1|Iron Treads|
|poke|p1|Ogerpon-Wellspring, F|
|poke|p1|Tornadus, M|
|poke|p1|Skeledirge, F|
|poke|p2|Garganacl, M|
|poke|p2|Hippowdon, M|
|poke|p2|Hydrapple, M|
|poke|p2|Slowking-Galar, M|
|poke|p2|Samurott-Hisui, M|
|poke|p2|Excadrill, M|
|teampreview
|
|t:|1779682114
|teamsize|p1|6
|teamsize|p2|6
|start
|switch|p1a: Enamorus|Enamorus, F|100/100
|switch|p2a: Frank|Samurott-Hisui, M|100/100
|turn|1
|
|t:|1779682131
|move|p1a: Enamorus|Moonblast|p2a: Frank
|-supereffective|p2a: Frank
|-damage|p2a: Frank|0 fnt
|faint|p2a: Frank
|
|upkeep
|
|t:|1779682143
|switch|p2a: Mick|Slowking-Galar, M|100/100
|turn|2
|
|t:|1779682148
|switch|p1a: Iron Treads|Iron Treads|100/100
|-enditem|p1a: Iron Treads|Booster Energy
|-activate|p1a: Iron Treads|ability: Quark Drive|[fromitem]
|-start|p1a: Iron Treads|quarkdrivespe
|move|p2a: Mick|Whirlpool|p1a: Iron Treads
|-supereffective|p1a: Iron Treads
|-damage|p1a: Iron Treads|75/100
|-activate|p1a: Iron Treads|move: Whirlpool|[of] p2a: Mick
|
|-damage|p1a: Iron Treads|62/100|[from] move: Whirlpool|[partiallytrapped]
|upkeep
|turn|3
|
|t:|1779682166
|-terastallize|p2a: Mick|Water
|move|p1a: Iron Treads|Stealth Rock|p2a: Mick
|-sidestart|p2: samo9762|move: Stealth Rock
|move|p2a: Mick|Flamethrower|p1a: Iron Treads
|-supereffective|p1a: Iron Treads
|-damage|p1a: Iron Treads|0 fnt
|faint|p1a: Iron Treads
|-end|p1a: Iron Treads|Quark Drive|[silent]
|
|upkeep
|
|t:|1779682196
|switch|p1a: Ogerpon|Ogerpon-Wellspring, F|100/100
|turn|4
|
|t:|1779682212
|move|p1a: Ogerpon|Trailblaze|p2a: Mick
|-supereffective|p2a: Mick
|-damage|p2a: Mick|53/100
|-boost|p1a: Ogerpon|spe|1
|move|p2a: Mick|Sludge Bomb|p1a: Ogerpon
|-supereffective|p1a: Ogerpon
|-damage|p1a: Ogerpon|36/100
|
|upkeep
|turn|5
|
|t:|1779682287
|switch|p2a: Robert|Hydrapple, M|100/100
|move|p1a: Ogerpon|Trailblaze|p2a: Robert
|-resisted|p2a: Robert
|-damage|p2a: Robert|95/100
|-boost|p1a: Ogerpon|spe|1
|
|upkeep
|turn|6
|
|t:|1779682307
|switch|p1a: Skeledirge|Skeledirge, F|100/100
|-item|p1a: Skeledirge|Air Balloon
|move|p2a: Robert|Fickle Beam|p1a: Skeledirge|[anim] Fickle Beam All Out
|-activate|p2a: Robert|move: Fickle Beam
|-crit|p1a: Skeledirge
|-damage|p1a: Skeledirge|0 fnt
|-enditem|p1a: Skeledirge|Air Balloon
|faint|p1a: Skeledirge
|
|upkeep
|
|t:|1779682312
|switch|p1a: Enamorus|Enamorus, F|100/100
|turn|7
|
|t:|1779682326
|switch|p2a: Mick|Slowking-Galar, M, tera:Water|86/100
|-damage|p2a: Mick|74/100|[from] Stealth Rock
|-terastallize|p1a: Enamorus|Fairy
|move|p1a: Enamorus|Moonblast|p2a: Mick
|-damage|p2a: Mick|36/100
|
|upkeep
|turn|8
|
|t:|1779682335
|move|p1a: Enamorus|Moonblast|p2a: Mick
|-damage|p2a: Mick|0 fnt
|faint|p2a: Mick
|
|upkeep
|
|t:|1779682344
|switch|p2a: Fred|Hippowdon, M|100/100
|-damage|p2a: Fred|94/100|[from] Stealth Rock
|-weather|Sandstorm|[from] ability: Sand Stream|[of] p2a: Fred
|turn|9
|
|t:|1779682349
|move|p1a: Enamorus|Moonblast|p2a: Fred
|-damage|p2a: Fred|15/100
|move|p2a: Fred|Stealth Rock|p1a: Enamorus
|-sidestart|p1: superbad69|move: Stealth Rock
|
|-weather|Sandstorm|[upkeep]
|-damage|p1a: Enamorus|94/100|[from] Sandstorm
|upkeep
|turn|10
|
|t:|1779682355
|move|p1a: Enamorus|Tailwind|p1a: Enamorus
|-sidestart|p1: superbad69|move: Tailwind
|move|p2a: Fred|Scorching Sands|p1a: Enamorus
|-damage|p1a: Enamorus|71/100
|
|-weather|Sandstorm|[upkeep]
|-damage|p1a: Enamorus|65/100|[from] Sandstorm
|upkeep
|turn|11
|
|t:|1779682360
|move|p1a: Enamorus|Moonblast|p2a: Fred
|-damage|p2a: Fred|0 fnt
|faint|p2a: Fred
|
|-weather|Sandstorm|[upkeep]
|-damage|p1a: Enamorus|59/100|[from] Sandstorm
|upkeep
|
|t:|1779682363
|switch|p2a: Tog|Excadrill, M, shiny|100/100
|-damage|p2a: Tog|97/100|[from] Stealth Rock
|-item|p2a: Tog|Air Balloon
|turn|12
|
|t:|1779682369
|move|p1a: Enamorus|Healing Wish|p1a: Enamorus
|faint|p1a: Enamorus
|move|p2a: Tog|Iron Head|p1: Enamorus|[notarget]
|-fail|p2a: Tog
|
|-weather|Sandstorm|[upkeep]
|upkeep
|
|t:|1779682371
|switch|p1a: Ogerpon|Ogerpon-Wellspring, F|36/100
|-heal|p1a: Ogerpon|100/100|[from] move: Healing Wish
|-damage|p1a: Ogerpon|88/100|[from] Stealth Rock
|turn|13
|
|t:|1779682397
|switch|p1a: Tornadus|Tornadus, M|100/100
|-damage|p1a: Tornadus|76/100|[from] Stealth Rock
|move|p2a: Tog|Iron Head|p1a: Tornadus
|-damage|p1a: Tornadus|9/100
|-enditem|p1a: Tornadus|Eject Button
|
|t:|1779682401
|switch|p1a: Ogerpon|Ogerpon-Wellspring, F|88/100
|-damage|p1a: Ogerpon|76/100|[from] Stealth Rock
|
|-weather|none
|-sideend|p1: superbad69|move: Tailwind
|upkeep
|turn|14
|
|t:|1779682409
|move|p2a: Tog|Iron Head|p1a: Ogerpon
|-resisted|p1a: Ogerpon
|-damage|p1a: Ogerpon|50/100
|cant|p1a: Ogerpon|flinch
|
|upkeep
|turn|15
|
|t:|1779682416
|move|p2a: Tog|Earthquake|p1a: Ogerpon
|-resisted|p1a: Ogerpon
|-crit|p1a: Ogerpon
|-damage|p1a: Ogerpon|0 fnt
|faint|p1a: Ogerpon
|
|upkeep
|l|☆superbad69
|player|p1|
|inactive|Battle timer is ON: inactive players will automatically lose when time's up. (requested by samo9762)
|inactive|superbad69 has 30 seconds to reconnect!
|inactive|superbad69 has 20 seconds to reconnect!
|inactive|superbad69 has 15 seconds to reconnect!
|inactive|superbad69 has 10 seconds to reconnect!
|inactive|superbad69 has 5 seconds to reconnect!
|-message|superbad69 lost due to inactivity.
|
|win|samo9762
|raw|superbad69's rating: 1376 &rarr; <strong>1353</strong><br />(-23 for losing)
|raw|samo9762's rating: 1328 &rarr; <strong>1351</strong><br />(+23 for winning)
