|j|☆sommeliersam
|j|☆ihymyly
|t:|1779681978
|gametype|singles
|player|p1|sommeliersam|169|1588
|player|p2|ihymyly|266|1622
|gen|9
|tier|[Gen 9] OU
|rated|
|rule|HP Percentage Mod: HP is shown in percentages
|rule|Endless Battle Clause: Forcing endless battles is banned
|rule|Species Clause: Limit one of each Pokémon
|rule|OHKO Clause: OHKO moves are banned
|rule|Evasion Items Clause: Evasion items are banned
|rule|Evasion Moves Clause: Evasion moves are banned
|rule|Evasion Abilities Clause: Evasion abilities are banned
|rule|Sleep Moves Clause: Sleep-inducing moves are banned
|clearpoke
|poke|p1|Dragonite, F|
|poke|p1|Samurott-Hisui, F|
|poke|p1|Gholdengo|
|poke|p1|Pecharunt|
|poke|p1|Walking Wake|
|poke|p1|Ting-Lu|
|poke|p2|Darkrai|
|poke|p2|Skarmory, M|
|poke|p2|Great Tusk|
|poke|p2|Latios, M|
|poke|p2|Weavile, M|
|poke|p2|Ogerpon-Wellspring, F|
|teampreview
|
|t:|1779682000
|teamsize|p1|6
|teamsize|p2|6
|start
|switch|p1a: Samurott|Samurott-Hisui, F|100/100
|switch|p2a: Ogerpon|Ogerpon-Wellspring, F|100/100
|turn|1
|
|t:|1779682007
|switch|p1a: Pecharunt|Pecharunt|100/100
|move|p2a: Ogerpon|Knock Off|p1a: Pecharunt
|-supereffective|p1a: Pecharunt
|-damage|p1a: Pecharunt|56/100
|-enditem|p1a: Pecharunt|Heavy-Duty Boots|[from] move: Knock Off|[of] p2a: Ogerpon
|
|upkeep
|turn|2
|
|t:|1779682023
|-terastallize|p2a: Ogerpon|Water
|detailschange|p2a: Ogerpon|Ogerpon-Wellspring-Tera, F, tera:Water
|-ability|p2a: Ogerpon|Embody Aspect (Wellspring)|boost
|-boost|p2a: Ogerpon|spd|1
|move|p2a: Ogerpon|Ivy Cudgel|p1a: Pecharunt|[anim] Ivy Cudgel Water
|-damage|p1a: Pecharunt|9/100
|move|p1a: Pecharunt|Recover|p1a: Pecharunt
|-heal|p1a: Pecharunt|59/100
|
|upkeep
|turn|3
|inactive|Battle timer is ON: inactive players will automatically lose when time's up. (requested by sommeliersam)
|
|t:|1779682033
|move|p2a: Ogerpon|Ivy Cudgel|p1a: Pecharunt|[anim] Ivy Cudgel Water
|-damage|p1a: Pecharunt|12/100
|move|p1a: Pecharunt|Recover|p1a: Pecharunt
|-heal|p1a: Pecharunt|62/100
|
|upkeep
|turn|4
|
|t:|1779682037
|switch|p1a: Dragonite|Dragonite, F|100/100
|move|p2a: Ogerpon|Ivy Cudgel|p1a: Dragonite|[anim] Ivy Cudgel Water
|-resisted|p1a: Dragonite
|-damage|p1a: Dragonite|85/100
|
|upkeep
|turn|5
|
|t:|1779682041
|switch|p2a: Red Bull|Skarmory, M|100/100
|move|p1a: Dragonite|Extreme Speed|p2a: Red Bull
|-resisted|p2a: Red Bull
|-damage|p2a: Red Bull|92/100
|-damage|p1a: Dragonite|68/100|[from] item: Rocky Helmet|[of] p2a: Red Bull
|
|upkeep
|turn|6
|
|t:|1779682048
|switch|p1a: Pecharunt|Pecharunt|62/100
|move|p2a: Red Bull|Spikes|p1a: Pecharunt
|-sidestart|p1: sommeliersam|Spikes
|
|upkeep
|turn|7
|
|t:|1779682056
|move|p1a: Pecharunt|Recover|p1a: Pecharunt
|-heal|p1a: Pecharunt|100/100
|move|p2a: Red Bull|Spikes|p1a: Pecharunt
|-sidestart|p1: sommeliersam|Spikes
|
|upkeep
|turn|8
|
|t:|1779682063
|move|p1a: Pecharunt|Nasty Plot|p1a: Pecharunt
|-boost|p1a: Pecharunt|spa|2
|move|p2a: Red Bull|Spikes|p1a: Pecharunt
|-sidestart|p1: sommeliersam|Spikes
|
|upkeep
|turn|9
|
|t:|1779682067
|switch|p2a: Ogerpon|Ogerpon-Wellspring-Tera, F, tera:Water|100/100
|-ability|p2a: Ogerpon|Embody Aspect (Wellspring)|boost
|-boost|p2a: Ogerpon|spd|1
|move|p1a: Pecharunt|Shadow Ball|p2a: Ogerpon
|-damage|p2a: Ogerpon|61/100
|
|upkeep
|turn|10
|
|t:|1779682077
|move|p2a: Ogerpon|Ivy Cudgel|p1a: Pecharunt|[anim] Ivy Cudgel Water
|-damage|p1a: Pecharunt|56/100
|move|p1a: Pecharunt|Malignant Chain|p2a: Ogerpon
|-damage|p2a: Ogerpon|13/100
|
|upkeep
|turn|11
|
|t:|1779682085
|move|p2a: Ogerpon|Ivy Cudgel|p1a: Pecharunt|[anim] Ivy Cudgel Water
|-damage|p1a: Pecharunt|4/100
|move|p1a: Pecharunt|Shadow Ball|p2a: Ogerpon
|-damage|p2a: Ogerpon|0 fnt
|faint|p2a: Ogerpon
|detailschange|p2: Ogerpon|Ogerpon-Wellspring, F|[silent]
|
|upkeep
|
|t:|1779682096
|switch|p2a: almost*evil*jordan|Darkrai, shiny|100/100
|turn|12
|
|t:|1779682100
|move|p2a: almost*evil*jordan|Dark Pulse|p1a: Pecharunt
|-supereffective|p1a: Pecharunt
|-damage|p1a: Pecharunt|0 fnt
|faint|p1a: Pecharunt
|
|upkeep
|
|t:|1779682103
|switch|p1a: Ting-Lu|Ting-Lu|100/100
|-damage|p1a: Ting-Lu|76/100|[from] Spikes
|-ability|p1a: Ting-Lu|Vessel of Ruin
|turn|13
|
|t:|1779682108
|move|p2a: almost*evil*jordan|Nasty Plot|p2a: almost*evil*jordan
|-boost|p2a: almost*evil*jordan|spa|2
|move|p1a: Ting-Lu|Ruination|p2a: almost*evil*jordan
|-damage|p2a: almost*evil*jordan|50/100
|
|-heal|p2a: almost*evil*jordan|57/100|[from] item: Leftovers
|-heal|p1a: Ting-Lu|82/100|[from] item: Leftovers
|upkeep
|turn|14
|
|t:|1779682112
|move|p2a: almost*evil*jordan|Ice Beam|p1a: Ting-Lu
|-supereffective|p1a: Ting-Lu
|-damage|p1a: Ting-Lu|31/100
|-status|p1a: Ting-Lu|frz
|cant|p1a: Ting-Lu|frz
|
|-heal|p2a: almost*evil*jordan|63/100|[from] item: Leftovers
|-heal|p1a: Ting-Lu|38/100 frz|[from] item: Leftovers
|upkeep
|turn|15
|
|t:|1779682118
|move|p2a: almost*evil*jordan|Ice Beam|p1a: Ting-Lu
|-supereffective|p1a: Ting-Lu
|-crit|p1a: Ting-Lu
|-damage|p1a: Ting-Lu|0 fnt
|faint|p1a: Ting-Lu
|
|-heal|p2a: almost*evil*jordan|69/100|[from] item: Leftovers
|upkeep
|
|t:|1779682120
|switch|p1a: Gholdengo|Gholdengo|100/100
|-damage|p1a: Gholdengo|76/100|[from] Spikes
|turn|16
|
|t:|1779682126
|switch|p2a: Red Bull|Skarmory, M|92/100
|move|p1a: Gholdengo|Make It Rain|p2a: Red Bull
|-resisted|p2a: Red Bull
|-damage|p2a: Red Bull|51/100
|-unboost|p1a: Gholdengo|spa|1
|
|upkeep
|turn|17
|
|t:|1779682134
|switch|p1a: Walking Wake|Walking Wake|100/100
|move|p2a: Red Bull|Body Press|p1a: Walking Wake
|-damage|p1a: Walking Wake|66/100
|
|upkeep
|turn|18
|
|t:|1779682139
|move|p1a: Walking Wake|Surf|p2a: Red Bull
|-damage|p2a: Red Bull|0 fnt
|faint|p2a: Red Bull
|
|upkeep
|
|t:|1779682146
|switch|p2a: Latios|Latios, M|100/100
|turn|19
|
|t:|1779682155
|-terastallize|p1a: Walking Wake|Fairy
|move|p2a: Latios|Draco Meteor|p1a: Walking Wake
|-immune|p1a: Walking Wake
|move|p1a: Walking Wake|Draco Meteor|p2a: Latios
|-supereffective|p2a: Latios
|-damage|p2a: Latios|0 fnt
|-unboost|p1a: Walking Wake|spa|2
|faint|p2a: Latios
|
|upkeep
|
|t:|1779682163
|switch|p2a: Mr. -ice Guy|Weavile, M|100/100
|-ability|p2a: Mr. -ice Guy|Pressure
|turn|20
|
|t:|1779682170
|-end|p1a: Walking Wake|Protosynthesis|[silent]
|switch|p1a: Samurott|Samurott-Hisui, F|100/100
|-damage|p1a: Samurott|76/100|[from] Spikes
|move|p2a: Mr. -ice Guy|Swords Dance|p2a: Mr. -ice Guy
|-boost|p2a: Mr. -ice Guy|atk|2
|
|upkeep
|turn|21
|
|t:|1779682176
|move|p2a: Mr. -ice Guy|Triple Axel|p1a: Samurott|[miss]
|-miss|p2a: Mr. -ice Guy|p1a: Samurott
|move|p1a: Samurott|Flip Turn|p2a: Mr. -ice Guy
|-damage|p2a: Mr. -ice Guy|56/100
|
|t:|1779682178
|switch|p1a: Gholdengo|Gholdengo|76/100|[from] Flip Turn
|-damage|p1a: Gholdengo|51/100|[from] Spikes
|
|upkeep
|turn|22
|
|t:|1779682184
|move|p2a: Mr. -ice Guy|Ice Shard|p1a: Gholdengo
|-resisted|p1a: Gholdengo
|-damage|p1a: Gholdengo|28/100
|move|p1a: Gholdengo|Make It Rain|p2a: Mr. -ice Guy
|-supereffective|p2a: Mr. -ice Guy
|-damage|p2a: Mr. -ice Guy|0 fnt
|-unboost|p1a: Gholdengo|spa|1
|faint|p2a: Mr. -ice Guy
|
|upkeep
|
|t:|1779682191
|switch|p2a: almost*evil*jordan|Darkrai, shiny|69/100
|turn|23
|
|t:|1779682205
|move|p1a: Gholdengo|Make It Rain|p2a: almost*evil*jordan
|-damage|p2a: almost*evil*jordan|20/100
|-unboost|p1a: Gholdengo|spa|1
|move|p2a: almost*evil*jordan|Dark Pulse|p1a: Gholdengo
|-supereffective|p1a: Gholdengo
|-damage|p1a: Gholdengo|0 fnt
|faint|p1a: Gholdengo
|
|-heal|p2a: almost*evil*jordan|26/100|[from] item: Leftovers
|upkeep
|
|t:|1779682211
|switch|p1a: Samurott|Samurott-Hisui, F|76/100
|-damage|p1a: Samurott|51/100|[from] Spikes
|turn|24
|
|t:|1779682226
|move|p2a: almost*evil*jordan|Sludge Bomb|p1a: Samurott
|-damage|p1a: Samurott|33/100
|move|p1a: Samurott|Flip Turn|p2a: almost*evil*jordan
|-damage|p2a: almost*evil*jordan|0 fnt
|faint|p2a: almost*evil*jordan
|
|t:|1779682229
|switch|p1a: Walking Wake|Walking Wake, tera:Fairy|66/100|[from] Flip Turn
|
|upkeep
|
|t:|1779682232
|switch|p2a: Primal Schnoz|Great Tusk|100/100
|turn|25
|
|t:|1779682237
|move|p1a: Walking Wake|Surf|p2a: Primal Schnoz
|-supereffective|p2a: Primal Schnoz
|-crit|p2a: Primal Schnoz
|-damage|p2a: Primal Schnoz|0 fnt
|faint|p2a: Primal Schnoz
|-end|p2a: Primal Schnoz|Protosynthesis|[silent]
|
|win|sommeliersam
|raw|sommeliersam's rating: 1588 &rarr; <strong>1610</strong><br />(+22 for winning)
|raw|ihymyly's rating: 1622 &rarr; <strong>1600</strong><br />(-22 for losing)
|l|☆ihymyly
|player|p2|
|l|☆sommeliersam
|player|p1|
