|j|☆Slashutu
|j|☆Brassendaer
|t:|1779572301
|gametype|singles
|player|p1|Slashutu|265|1542
|player|p2|Brassendaer|policeman-gen4|1594
|gen|9
|tier|[Gen 9] OU
|rated|
|rule|HP Percentage Mod: HP is shown in percentages
|rule|Endless Battle Clause: Forcing endless battles is banned
|rule|Species Clause: Limit one of each Pokémon
|rule|OHKO Clause: OHKO moves are banned
|rule|Evasion Items Clause: Evasion items are banned
|rule|Evasion Moves Clause: Evasion moves are banned
|rule|Evasion Abilities Clause: Evasion abilities are banned
|rule|Sleep Moves Clause: Sleep-inducing moves are banned
|clearpoke
|poke|p1|Hatterene, F|
|poke|p1|Ursaluna, M|
|poke|p1|Porygon2|
|poke|p1|Cresselia, F|
|poke|p1|Iron Hands|
|poke|p1|Volcanion|
|poke|p2|Clefable, M|
|poke|p2|Greninja-*, M|
|poke|p2|Tyranitar, M|
|poke|p2|Metagross|
|poke|p2|Corviknight, M|
|poke|p2|Dragapult, M|
|teampreview
|inactive|Battle timer is ON: inactive players will automatically lose when time's up. (requested by Brassendaer)
|
|t:|1779572305
|teamsize|p1|6
|teamsize|p2|6
|start
|switch|p1a: Mann|Ursaluna, M|100/100
|switch|p2a: Professor X|Metagross|100/100
|turn|1
|
|t:|1779572313
|switch|p2a: Metallica|Corviknight, M|100/100
|-ability|p2a: Metallica|Pressure
|move|p1a: Mann|Protect||[still]
|-fail|p1a: Mann
|
|-status|p1a: Mann|brn|[from] item: Flame Orb
|upkeep
|turn|2
|
|t:|1779572318
|switch|p1a: Saturn|Volcanion|100/100
|move|p2a: Metallica|Bulk Up|p2a: Metallica
|-boost|p2a: Metallica|atk|1
|-boost|p2a: Metallica|def|1
|
|upkeep
|turn|3
|
|t:|1779572323
|switch|p2a: Gladiator|Tyranitar, M|100/100
|-weather|Sandstorm|[from] ability: Sand Stream|[of] p2a: Gladiator
|move|p1a: Saturn|Steam Eruption|p2a: Gladiator
|-supereffective|p2a: Gladiator
|-damage|p2a: Gladiator|45/100
|
|-weather|Sandstorm|[upkeep]
|-damage|p1a: Saturn|94/100|[from] Sandstorm
|upkeep
|turn|4
|
|t:|1779572337
|move|p2a: Gladiator|Knock Off|p1a: Saturn
|-damage|p1a: Saturn|62/100
|-enditem|p1a: Saturn|Choice Specs|[from] move: Knock Off|[of] p2a: Gladiator
|move|p1a: Saturn|Steam Eruption|p2a: Gladiator
|-supereffective|p2a: Gladiator
|-damage|p2a: Gladiator|14/100
|
|-weather|Sandstorm|[upkeep]
|-damage|p1a: Saturn|56/100|[from] Sandstorm
|upkeep
|turn|5
|
|t:|1779572343
|move|p2a: Gladiator|Stone Edge|p1a: Saturn|[miss]
|-miss|p2a: Gladiator|p1a: Saturn
|move|p1a: Saturn|Earth Power|p2a: Gladiator
|-supereffective|p2a: Gladiator
|-damage|p2a: Gladiator|0 fnt
|faint|p2a: Gladiator
|
|-weather|Sandstorm|[upkeep]
|-damage|p1a: Saturn|50/100|[from] Sandstorm
|upkeep
|
|t:|1779572346
|switch|p2a: Erik|Dragapult, M|100/100
|turn|6
|
|t:|1779572352
|switch|p1a: TARS|Porygon2|100/100
|-ability|p1a: TARS|Download|boost
|-boost|p1a: TARS|atk|1
|move|p2a: Erik|Dragon Darts|p1a: TARS
|-damage|p1a: TARS|78/100
|-anim|p2a: Erik|Dragon Darts|p1a: TARS
|-damage|p1a: TARS|52/100
|
|-weather|Sandstorm|[upkeep]
|-damage|p2a: Erik|95/100|[from] Sandstorm
|-damage|p1a: TARS|46/100|[from] Sandstorm
|upkeep
|turn|7
|
|t:|1779572358
|move|p2a: Erik|Dragon Darts|p1a: TARS
|-damage|p1a: TARS|23/100
|-anim|p2a: Erik|Dragon Darts|p1a: TARS
|-damage|p1a: TARS|0 fnt
|faint|p1a: TARS
|
|-weather|none
|upkeep
|
|t:|1779572368
|switch|p1a: Brand|Hatterene, F, shiny|100/100
|turn|8
|
|t:|1779572370
|switch|p2a: Professor X|Metagross|100/100
|move|p1a: Brand|Trick Room|p1a: Brand
|-fieldstart|move: Trick Room|[of] p1a: Brand
|
|upkeep
|turn|9
|
|t:|1779572377
|switch|p1a: Saturn|Volcanion|50/100
|move|p2a: Professor X|Heavy Slam|p1a: Saturn
|-resisted|p1a: Saturn
|-damage|p1a: Saturn|44/100
|
|upkeep
|turn|10
|
|t:|1779572387
|move|p1a: Saturn|Flamethrower|p2a: Professor X
|-supereffective|p2a: Professor X
|-damage|p2a: Professor X|0 fnt
|faint|p2a: Professor X
|
|upkeep
|
|t:|1779572392
|switch|p2a: Francis|Clefable, M, shiny|100/100
|turn|11
|
|t:|1779572395
|move|p1a: Saturn|Sludge Bomb|p2a: Francis
|-supereffective|p2a: Francis
|-damage|p2a: Francis|38/100
|move|p2a: Francis|Calm Mind|p2a: Francis
|-boost|p2a: Francis|spa|1
|-boost|p2a: Francis|spd|1
|
|-heal|p2a: Francis|44/100|[from] item: Leftovers
|upkeep
|turn|12
|
|t:|1779572403
|-terastallize|p2a: Francis|Poison
|move|p1a: Saturn|Sludge Bomb|p2a: Francis
|-resisted|p2a: Francis
|-damage|p2a: Francis|33/100
|move|p2a: Francis|Wish|p2a: Francis
|
|-heal|p2a: Francis|40/100|[from] item: Leftovers
|-fieldend|move: Trick Room
|upkeep
|turn|13
|
|t:|1779572409
|move|p2a: Francis|Protect|p2a: Francis
|-singleturn|p2a: Francis|Protect
|move|p1a: Saturn|Earth Power|p2a: Francis
|-activate|p2a: Francis|move: Protect
|
|-heal|p2a: Francis|90/100|[from] move: Wish|[wisher] Francis
|-heal|p2a: Francis|96/100|[from] item: Leftovers
|upkeep
|turn|14
|
|t:|1779572411
|move|p2a: Francis|Calm Mind|p2a: Francis
|-boost|p2a: Francis|spa|1
|-boost|p2a: Francis|spd|1
|move|p1a: Saturn|Earth Power|p2a: Francis
|-supereffective|p2a: Francis
|-damage|p2a: Francis|63/100
|-unboost|p2a: Francis|spd|1
|
|-heal|p2a: Francis|69/100|[from] item: Leftovers
|upkeep
|turn|15
|
|t:|1779572417
|switch|p1a: Miller|Cresselia, F, shiny|100/100
|move|p2a: Francis|Wish|p2a: Francis
|
|-heal|p2a: Francis|75/100|[from] item: Leftovers
|upkeep
|turn|16
|
|t:|1779572421
|move|p2a: Francis|Calm Mind|p2a: Francis
|-boost|p2a: Francis|spa|1
|-boost|p2a: Francis|spd|1
|move|p1a: Miller|Trick Room|p1a: Miller
|-fieldstart|move: Trick Room|[of] p1a: Miller
|
|-heal|p2a: Francis|100/100|[from] move: Wish|[wisher] Francis
|upkeep
|turn|17
|
|t:|1779572425
|switch|p1a: Mann|Ursaluna, M|100/100 brn
|move|p2a: Francis|Moonblast|p1a: Mann
|-damage|p1a: Mann|33/100 brn
|-unboost|p1a: Mann|spa|1
|
|-damage|p1a: Mann|27/100 brn|[from] brn
|upkeep
|turn|18
|
|t:|1779572430
|move|p2a: Francis|Protect|p2a: Francis
|-singleturn|p2a: Francis|Protect
|move|p1a: Mann|Facade|p2a: Francis
|-activate|p2a: Francis|move: Protect
|
|-damage|p1a: Mann|21/100 brn|[from] brn
|upkeep
|turn|19
|
|t:|1779572434
|switch|p2a: Metallica|Corviknight, M|100/100
|-ability|p2a: Metallica|Pressure
|-terastallize|p1a: Mann|Normal
|move|p1a: Mann|Facade|p2a: Metallica
|-resisted|p2a: Metallica
|-damage|p2a: Metallica|54/100
|-damage|p1a: Mann|4/100 brn|[from] item: Rocky Helmet|[of] p2a: Metallica
|
|-damage|p1a: Mann|0 fnt|[from] brn
|faint|p1a: Mann
|upkeep
|
|t:|1779572438
|switch|p1a: CASE|Iron Hands|100/100
|-enditem|p1a: CASE|Booster Energy
|-activate|p1a: CASE|ability: Quark Drive|[fromitem]
|-start|p1a: CASE|quarkdriveatk
|turn|20
|
|t:|1779572449
|move|p1a: CASE|Wild Charge|p2a: Metallica
|-supereffective|p2a: Metallica
|-damage|p2a: Metallica|0 fnt
|-damage|p1a: CASE|84/100|[from] item: Rocky Helmet|[of] p2a: Metallica
|faint|p2a: Metallica
|-damage|p1a: CASE|73/100|[from] Recoil
|
|-fieldend|move: Trick Room
|upkeep
|
|t:|1779572453
|switch|p2a: Francis|Clefable, M, shiny, tera:Poison|100/100
|turn|21
|
|t:|1779572458
|move|p2a: Francis|Calm Mind|p2a: Francis
|-boost|p2a: Francis|spa|1
|-boost|p2a: Francis|spd|1
|move|p1a: CASE|Swords Dance|p1a: CASE
|-boost|p1a: CASE|atk|2
|
|upkeep
|turn|22
|
|t:|1779572465
|move|p2a: Francis|Moonblast|p1a: CASE
|-supereffective|p1a: CASE
|-damage|p1a: CASE|0 fnt
|faint|p1a: CASE
|-end|p1a: CASE|Quark Drive|[silent]
|
|upkeep
|
|t:|1779572473
|switch|p1a: Brand|Hatterene, F, shiny|100/100
|turn|23
|
|t:|1779572478
|move|p2a: Francis|Calm Mind|p2a: Francis
|-boost|p2a: Francis|spa|1
|-boost|p2a: Francis|spd|1
|move|p1a: Brand|Trick Room|p1a: Brand
|-fieldstart|move: Trick Room|[of] p1a: Brand
|
|upkeep
|turn|24
|
|t:|1779572481
|move|p1a: Brand|Psychic Noise|p2a: Francis
|-supereffective|p2a: Francis
|-damage|p2a: Francis|59/100
|-start|p2a: Francis|move: Heal Block
|move|p2a: Francis|Calm Mind|p2a: Francis
|-boost|p2a: Francis|spa|1
|-boost|p2a: Francis|spd|1
|
|upkeep
|turn|25
|
|t:|1779572488
|move|p2a: Francis|Protect|p2a: Francis
|-singleturn|p2a: Francis|Protect
|move|p1a: Brand|Psychic Noise|p2a: Francis
|-activate|p2a: Francis|move: Protect
|
|-end|p2a: Francis|move: Heal Block
|upkeep
|turn|26
|
|t:|1779572491
|move|p1a: Brand|Psychic Noise|p2a: Francis
|-supereffective|p2a: Francis
|-damage|p2a: Francis|27/100
|-start|p2a: Francis|move: Heal Block
|cant|p2a: Francis|move: Heal Block|Wish
|
|upkeep
|turn|27
|
|t:|1779572498
|move|p2a: Francis|Protect|p2a: Francis
|-singleturn|p2a: Francis|Protect
|move|p1a: Brand|Psychic Noise|p2a: Francis
|-activate|p2a: Francis|move: Protect
|
|-end|p2a: Francis|move: Heal Block
|-fieldend|move: Trick Room
|upkeep
|turn|28
|
|t:|1779572501
|move|p2a: Francis|Moonblast|p1a: Brand
|-crit|p1a: Brand
|-enditem|p1a: Brand|Focus Sash
|-damage|p1a: Brand|1/100
|move|p1a: Brand|Psychic Noise|p2a: Francis
|-supereffective|p2a: Francis
|-damage|p2a: Francis|0 fnt
|faint|p2a: Francis
|
|upkeep
|
|t:|1779572509
|switch|p2a: Pepe|Greninja, M|100/100
|turn|29
|
|t:|1779572514
|switch|p1a: Saturn|Volcanion|44/100
|move|p2a: Pepe|U-turn|p1a: Saturn
|-start|p2a: Pepe|typechange|Bug|[from] ability: Protean
|-resisted|p1a: Saturn
|-damage|p1a: Saturn|33/100
|-damage|p2a: Pepe|91/100|[from] item: Life Orb
|
|t:|1779572516
|switch|p2a: Erik|Dragapult, M|95/100|[from] U-turn
|
|upkeep
|turn|30
|
|t:|1779572524
|move|p2a: Erik|Phantom Force||[still]
|-prepare|p2a: Erik|Phantom Force
|move|p1a: Saturn|Steam Eruption|p2a: Erik|[miss]
|-miss|p1a: Saturn|p2a: Erik
|
|upkeep
|turn|31
|
|t:|1779572526
|move|p2a: Erik|Phantom Force|p1a: Saturn|[from] lockedmove
|-damage|p1a: Saturn|0 fnt
|faint|p1a: Saturn
|
|upkeep
|
|t:|1779572529
|switch|p1a: Miller|Cresselia, F, shiny|100/100
|turn|32
|
|t:|1779572533
|move|p2a: Erik|Phantom Force||[still]
|-prepare|p2a: Erik|Phantom Force
|move|p1a: Miller|Trick Room|p1a: Miller
|-fieldstart|move: Trick Room|[of] p1a: Miller
|
|upkeep
|turn|33
|
|t:|1779572536
|move|p1a: Miller|Lunar Dance|p1a: Miller
|faint|p1a: Miller
|move|p2a: Erik|Phantom Force|p1: Miller|[from] lockedmove|[notarget]
|-fail|p2a: Erik
|
|upkeep
|
|t:|1779572539
|switch|p1a: Brand|Hatterene, F, shiny|1/100
|-heal|p1a: Brand|100/100|[from] move: Lunar Dance
|turn|34
|
|t:|1779572544
|move|p1a: Brand|Dazzling Gleam|p2a: Erik
|-supereffective|p2a: Erik
|-damage|p2a: Erik|0 fnt
|faint|p2a: Erik
|
|upkeep
|
|t:|1779572546
|switch|p2a: Pepe|Greninja, M|91/100
|turn|35
|
|t:|1779572548
|move|p1a: Brand|Dazzling Gleam|p2a: Pepe
|-supereffective|p2a: Pepe
|-damage|p2a: Pepe|0 fnt
|faint|p2a: Pepe
|
|win|Slashutu
|raw|Slashutu's rating: 1542 &rarr; <strong>1565</strong><br />(+23 for winning)
|raw|Brassendaer's rating: 1594 &rarr; <strong>1571</strong><br />(-23 for losing)
|l|☆Brassendaer
|player|p2|
|l|☆Slashutu
|player|p1|
