|j|☆Siroperation
|j|☆Team10thPlanet
|t:|1779664675
|gametype|singles
|player|p1|Siroperation|101|1530
|player|p2|Team10thPlanet|veteran|1654
|gen|9
|tier|[Gen 9] OU
|rated|
|rule|HP Percentage Mod: HP is shown in percentages
|rule|Endless Battle Clause: Forcing endless battles is banned
|rule|Species Clause: Limit one of each Pokémon
|rule|OHKO Clause: OHKO moves are banned
|rule|Evasion Items Clause: Evasion items are banned
|rule|Evasion Moves Clause: Evasion moves are banned
|rule|Evasion Abilities Clause: Evasion abilities are banned
|rule|Sleep Moves Clause: Sleep-inducing moves are banned
|clearpoke
|poke|p1|Bellibolt, F|
|poke|p1|Corviknight, M|
|poke|p1|Ting-Lu|
|poke|p1|Slowking-Galar, M|
|poke|p1|Keldeo-Resolute|
|poke|p1|Dragapult, F|
|poke|p2|Zamazenta-*|
|poke|p2|Dragonite, M|
|poke|p2|Araquanid, F|
|poke|p2|Iron Treads|
|poke|p2|Raikou|
|poke|p2|Hoopa-Unbound|
|teampreview
|
|t:|1779664718
|teamsize|p1|6
|teamsize|p2|6
|start
|switch|p1a: Bellibolt|Bellibolt, F|100/100
|switch|p2a: Hoopa|Hoopa-Unbound|100/100
|turn|1
|
|t:|1779664738
|switch|p1a: Ting-Lu|Ting-Lu|100/100
|-ability|p1a: Ting-Lu|Vessel of Ruin
|move|p2a: Hoopa|Psychic|p1a: Ting-Lu
|-immune|p1a: Ting-Lu
|
|upkeep
|turn|2
|
|t:|1779664748
|switch|p2a: Johnny Tsunami 🌊|Araquanid, F|100/100
|move|p1a: Ting-Lu|Ruination|p2a: Johnny Tsunami 🌊
|-damage|p2a: Johnny Tsunami 🌊|50/100
|
|upkeep
|turn|3
|
|t:|1779664756
|switch|p1a: Corviknight|Corviknight, M|100/100
|-ability|p1a: Corviknight|Pressure
|move|p2a: Johnny Tsunami 🌊|Endeavor|p1a: Corviknight
|-damage|p1a: Corviknight|43/100
|
|-heal|p1a: Corviknight|49/100|[from] item: Leftovers
|upkeep
|turn|4
|
|t:|1779664770
|move|p1a: Corviknight|Roost|p1a: Corviknight
|-heal|p1a: Corviknight|99/100
|-singleturn|p1a: Corviknight|move: Roost
|move|p2a: Johnny Tsunami 🌊|Surf|p1a: Corviknight
|-damage|p1a: Corviknight|44/100
|
|-heal|p1a: Corviknight|50/100|[from] item: Leftovers
|upkeep
|turn|5
|
|t:|1779664782
|move|p1a: Corviknight|Brave Bird|p2a: Johnny Tsunami 🌊
|-supereffective|p2a: Johnny Tsunami 🌊
|-damage|p2a: Johnny Tsunami 🌊|0 fnt
|faint|p2a: Johnny Tsunami 🌊
|-damage|p1a: Corviknight|36/100|[from] Recoil
|
|-heal|p1a: Corviknight|42/100|[from] item: Leftovers
|upkeep
|
|t:|1779664809
|switch|p2a: Zamazenta|Zamazenta|100/100
|-ability|p2a: Zamazenta|Dauntless Shield|boost
|-boost|p2a: Zamazenta|def|1
|turn|6
|
|t:|1779664821
|move|p2a: Zamazenta|Close Combat|p1a: Corviknight
|-damage|p1a: Corviknight|0 fnt
|-unboost|p2a: Zamazenta|def|1
|-unboost|p2a: Zamazenta|spd|1
|faint|p1a: Corviknight
|
|upkeep
|
|t:|1779664832
|switch|p1a: Dragapult|Dragapult, F|100/100
|turn|7
|
|t:|1779664836
|switch|p2a: Iron Treads|Iron Treads|100/100
|-enditem|p2a: Iron Treads|Booster Energy
|-activate|p2a: Iron Treads|ability: Quark Drive|[fromitem]
|-start|p2a: Iron Treads|quarkdrivespe
|move|p1a: Dragapult|Will-O-Wisp|p2a: Iron Treads
|-status|p2a: Iron Treads|brn
|
|-damage|p2a: Iron Treads|94/100 brn|[from] brn
|upkeep
|turn|8
|
|t:|1779664847
|move|p2a: Iron Treads|Knock Off|p1a: Dragapult
|-supereffective|p1a: Dragapult
|-damage|p1a: Dragapult|57/100
|-enditem|p1a: Dragapult|Heavy-Duty Boots|[from] move: Knock Off|[of] p2a: Iron Treads
|move|p1a: Dragapult|Hex|p2a: Iron Treads
|-damage|p2a: Iron Treads|16/100 brn
|
|-damage|p2a: Iron Treads|10/100 brn|[from] brn
|upkeep
|turn|9
|
|t:|1779664860
|-end|p2a: Iron Treads|Quark Drive|[silent]
|switch|p2a: Hoopa|Hoopa-Unbound|100/100
|move|p1a: Dragapult|Hex|p2a: Hoopa
|-damage|p2a: Hoopa|76/100
|
|upkeep
|turn|10
|
|t:|1779664870
|move|p2a: Hoopa|Dark Pulse|p1a: Dragapult
|-supereffective|p1a: Dragapult
|-damage|p1a: Dragapult|0 fnt
|faint|p1a: Dragapult
|
|upkeep
|
|t:|1779664873
|switch|p1a: Ting-Lu|Ting-Lu|100/100
|-ability|p1a: Ting-Lu|Vessel of Ruin
|turn|11
|
|t:|1779664883
|switch|p2a: Fat Boy|Dragonite, M, shiny|100/100
|move|p1a: Ting-Lu|Stealth Rock|p2a: Fat Boy
|-sidestart|p2: Team10thPlanet|move: Stealth Rock
|
|upkeep
|turn|12
|
|t:|1779664890
|move|p2a: Fat Boy|Outrage|p1a: Ting-Lu
|-damage|p1a: Ting-Lu|59/100
|-damage|p2a: Fat Boy|84/100|[from] item: Rocky Helmet|[of] p1a: Ting-Lu
|move|p1a: Ting-Lu|Ruination|p2a: Fat Boy
|-damage|p2a: Fat Boy|42/100
|
|upkeep
|turn|13
|c|☆Team10thPlanet|that’s the physically bulkiest ting lu i’ve played
|c|☆Team10thPlanet|thats dope
|
|t:|1779664934
|-terastallize|p1a: Ting-Lu|Fairy
|move|p2a: Fat Boy|Outrage|p1a: Ting-Lu|[from] lockedmove
|-immune|p1a: Ting-Lu
|move|p1a: Ting-Lu|Whirlwind|p2a: Fat Boy
|drag|p2a: Hoopa|Hoopa-Unbound|76/100
|-damage|p2a: Hoopa|63/100|[from] Stealth Rock
|
|upkeep
|turn|14
|
|t:|1779664956
|switch|p1a: Slowking|Slowking-Galar, M|100/100
|move|p2a: Hoopa|Psychic|p1a: Slowking
|-damage|p1a: Slowking|71/100
|
|upkeep
|turn|15
|j| isaac_gam3r
|
|t:|1779664988
|switch|p2a: Zamazenta|Zamazenta|100/100
|-damage|p2a: Zamazenta|94/100|[from] Stealth Rock
|move|p1a: Slowking|Sludge Bomb|p2a: Zamazenta
|-damage|p2a: Zamazenta|53/100
|-status|p2a: Zamazenta|psn
|
|-damage|p2a: Zamazenta|41/100 psn|[from] psn
|upkeep
|turn|16
|l| isaac_gam3r
|
|t:|1779665002
|switch|p1a: Ting-Lu|Ting-Lu, tera:Fairy|59/100
|-ability|p1a: Ting-Lu|Vessel of Ruin
|move|p2a: Zamazenta|Crunch|p1a: Ting-Lu
|-resisted|p1a: Ting-Lu
|-damage|p1a: Ting-Lu|51/100
|-damage|p2a: Zamazenta|24/100 psn|[from] item: Rocky Helmet|[of] p1a: Ting-Lu
|
|-damage|p2a: Zamazenta|12/100 psn|[from] psn
|upkeep
|turn|17
|
|t:|1779665013
|switch|p1a: Slowking|Slowking-Galar, M|100/100
|move|p2a: Zamazenta|Crunch|p1a: Slowking
|-supereffective|p1a: Slowking
|-damage|p1a: Slowking|14/100
|
|-damage|p2a: Zamazenta|0 fnt|[from] psn
|faint|p2a: Zamazenta
|upkeep
|
|t:|1779665025
|switch|p2a: Hoopa|Hoopa-Unbound|63/100
|-damage|p2a: Hoopa|51/100|[from] Stealth Rock
|turn|18
|
|t:|1779665041
|move|p2a: Hoopa|Psychic|p1a: Slowking
|-damage|p1a: Slowking|0 fnt
|faint|p1a: Slowking
|
|upkeep
|
|t:|1779665046
|switch|p1a: Ting-Lu|Ting-Lu, tera:Fairy|51/100
|-ability|p1a: Ting-Lu|Vessel of Ruin
|turn|19
|
|t:|1779665055
|move|p2a: Hoopa|Psychic|p1a: Ting-Lu
|-damage|p1a: Ting-Lu|17/100
|move|p1a: Ting-Lu|Earthquake|p2a: Hoopa
|-damage|p2a: Hoopa|0 fnt
|faint|p2a: Hoopa
|
|upkeep
|
|t:|1779665083
|switch|p2a: Fat Boy|Dragonite, M, shiny|42/100
|-damage|p2a: Fat Boy|17/100|[from] Stealth Rock
|turn|20
|
|t:|1779665097
|-terastallize|p2a: Fat Boy|Normal
|move|p2a: Fat Boy|Extreme Speed|p1a: Ting-Lu
|-damage|p1a: Ting-Lu|0 fnt
|-damage|p2a: Fat Boy|1/100|[from] item: Rocky Helmet|[of] p1a: Ting-Lu
|faint|p1a: Ting-Lu
|
|upkeep
|
|t:|1779665103
|switch|p1a: Keldeo|Keldeo-Resolute|100/100
|turn|21
|
|t:|1779665124
|move|p2a: Fat Boy|Extreme Speed|p1a: Keldeo
|-damage|p1a: Keldeo|22/100
|move|p1a: Keldeo|Surf|p2a: Fat Boy
|-damage|p2a: Fat Boy|0 fnt
|faint|p2a: Fat Boy
|
|upkeep
|
|t:|1779665135
|switch|p2a: Diego ⚡️|Raikou|100/100
|-damage|p2a: Diego ⚡️|88/100|[from] Stealth Rock
|-ability|p2a: Diego ⚡️|Pressure
|turn|22
|
|t:|1779665152
|move|p2a: Diego ⚡️|Shadow Ball|p1a: Keldeo
|-damage|p1a: Keldeo|0 fnt
|faint|p1a: Keldeo
|
|upkeep
|
|t:|1779665155
|switch|p1a: Bellibolt|Bellibolt, F|100/100
|turn|23
|
|t:|1779665162
|move|p2a: Diego ⚡️|Shadow Ball|p1a: Bellibolt
|-damage|p1a: Bellibolt|78/100
|move|p1a: Bellibolt|Soak|p2a: Diego ⚡️
|-start|p2a: Diego ⚡️|typechange|Water
|
|-heal|p1a: Bellibolt|84/100|[from] item: Leftovers
|upkeep
|turn|24
|
|t:|1779665178
|switch|p2a: Iron Treads|Iron Treads|10/100 brn
|-damage|p2a: Iron Treads|6/100 brn|[from] Stealth Rock
|move|p1a: Bellibolt|Slack Off|p1a: Bellibolt
|-heal|p1a: Bellibolt|100/100
|
|-damage|p2a: Iron Treads|0 fnt|[from] brn
|faint|p2a: Iron Treads
|-end|p2a: Iron Treads|Quark Drive|[silent]
|upkeep
|
|t:|1779665188
|switch|p2a: Diego ⚡️|Raikou|88/100
|-damage|p2a: Diego ⚡️|76/100|[from] Stealth Rock
|-ability|p2a: Diego ⚡️|Pressure
|turn|25
|
|t:|1779665200
|move|p2a: Diego ⚡️|Scald|p1a: Bellibolt
|-damage|p1a: Bellibolt|75/100
|move|p1a: Bellibolt|Soak|p2a: Diego ⚡️
|-start|p2a: Diego ⚡️|typechange|Water
|
|-heal|p1a: Bellibolt|81/100|[from] item: Leftovers
|upkeep
|turn|26
|
|t:|1779665209
|move|p2a: Diego ⚡️|Scald|p1a: Bellibolt
|-damage|p1a: Bellibolt|42/100
|move|p1a: Bellibolt|Volt Switch|p2a: Diego ⚡️
|-supereffective|p2a: Diego ⚡️
|-damage|p2a: Diego ⚡️|23/100
|
|-heal|p1a: Bellibolt|49/100|[from] item: Leftovers
|upkeep
|turn|27
|
|t:|1779665218
|move|p2a: Diego ⚡️|Scald|p1a: Bellibolt
|-damage|p1a: Bellibolt|10/100
|move|p1a: Bellibolt|Volt Switch|p2a: Diego ⚡️
|-supereffective|p2a: Diego ⚡️
|-crit|p2a: Diego ⚡️
|-damage|p2a: Diego ⚡️|0 fnt
|faint|p2a: Diego ⚡️
|
|win|Siroperation
|raw|Siroperation's rating: 1530 &rarr; <strong>1557</strong><br />(+27 for winning)
|raw|Team10thPlanet's rating: 1654 &rarr; <strong>1627</strong><br />(-27 for losing)
|l|☆Siroperation
|player|p1|
|l|☆Team10thPlanet
|player|p2|
