|j|☆ArcherTheDon
|j|☆booger2shoes
|t:|1779600182
|gametype|singles
|player|p1|ArcherTheDon|marshal|1451
|player|p2|booger2shoes|alder|1423
|gen|9
|tier|[Gen 9] OU
|rated|
|rule|HP Percentage Mod: HP is shown in percentages
|rule|Endless Battle Clause: Forcing endless battles is banned
|rule|Species Clause: Limit one of each Pokémon
|rule|OHKO Clause: OHKO moves are banned
|rule|Evasion Items Clause: Evasion items are banned
|rule|Evasion Moves Clause: Evasion moves are banned
|rule|Evasion Abilities Clause: Evasion abilities are banned
|rule|Sleep Moves Clause: Sleep-inducing moves are banned
|clearpoke
|poke|p1|Dondozo, F|
|poke|p1|Great Tusk|
|poke|p1|Sinistcha|
|poke|p1|Ting-Lu|
|poke|p1|Glimmora, F|
|poke|p1|Scizor, M|
|poke|p2|Hatterene, F|
|poke|p2|Cresselia, F|
|poke|p2|Ursaluna, M|
|poke|p2|Iron Hands|
|poke|p2|Hoopa-Unbound|
|poke|p2|Volcanion|
|teampreview
|inactive|Battle timer is ON: inactive players will automatically lose when time's up. (requested by booger2shoes)
|
|t:|1779600205
|teamsize|p1|6
|teamsize|p2|6
|start
|switch|p1a: Glimmora|Glimmora, F|100/100
|switch|p2a: Cresselia|Cresselia, F|100/100
|turn|1
|
|t:|1779600223
|switch|p2a: Hatterene|Hatterene, F|100/100
|move|p1a: Glimmora|Dazzling Gleam|p2a: Hatterene
|-damage|p2a: Hatterene|70/100
|
|upkeep
|turn|2
|
|t:|1779600229
|move|p1a: Glimmora|Sludge Wave|p2a: Hatterene
|-supereffective|p2a: Hatterene
|-damage|p2a: Hatterene|0 fnt
|faint|p2a: Hatterene
|
|upkeep
|
|t:|1779600236
|switch|p2a: Hoopa|Hoopa-Unbound|100/100
|turn|3
|
|t:|1779600242
|move|p1a: Glimmora|Dazzling Gleam|p2a: Hoopa
|-supereffective|p2a: Hoopa
|-damage|p2a: Hoopa|60/100
|move|p2a: Hoopa|Psychic Noise|p1a: Glimmora
|-supereffective|p1a: Glimmora
|-enditem|p1a: Glimmora|Focus Sash
|-damage|p1a: Glimmora|1/100
|-start|p1a: Glimmora|move: Heal Block
|
|upkeep
|turn|4
|
|t:|1779600246
|move|p1a: Glimmora|Sludge Wave|p2a: Hoopa
|-damage|p2a: Hoopa|25/100
|move|p2a: Hoopa|Trick Room|p2a: Hoopa
|-fieldstart|move: Trick Room|[of] p2a: Hoopa
|
|-end|p1a: Glimmora|move: Heal Block
|upkeep
|turn|5
|
|t:|1779600252
|move|p2a: Hoopa|Psychic Noise|p1a: Glimmora
|-supereffective|p1a: Glimmora
|-damage|p1a: Glimmora|0 fnt
|faint|p1a: Glimmora
|
|upkeep
|
|t:|1779600255
|switch|p1a: Scizor|Scizor, M|100/100
|turn|6
|
|t:|1779600259
|move|p1a: Scizor|Bullet Punch|p2a: Hoopa
|-damage|p2a: Hoopa|0 fnt
|faint|p2a: Hoopa
|
|upkeep
|
|t:|1779600264
|switch|p2a: Volcanion|Volcanion|100/100
|turn|7
|
|t:|1779600286
|switch|p1a: Great Tusk|Great Tusk|100/100
|move|p2a: Volcanion|Flamethrower|p1a: Great Tusk
|-damage|p1a: Great Tusk|0 fnt
|faint|p1a: Great Tusk
|-end|p1a: Great Tusk|Protosynthesis|[silent]
|
|upkeep
|
|t:|1779600287
|switch|p1a: Ting-Lu|Ting-Lu|100/100
|-ability|p1a: Ting-Lu|Vessel of Ruin
|turn|8
|
|t:|1779600292
|switch|p2a: Cresselia|Cresselia, F|100/100
|-terastallize|p1a: Ting-Lu|Ghost
|move|p1a: Ting-Lu|Earthquake|p2a: Cresselia
|-immune|p2a: Cresselia|[from] ability: Levitate
|
|-fieldend|move: Trick Room
|upkeep
|turn|9
|
|t:|1779600299
|move|p1a: Ting-Lu|Stealth Rock|p2a: Cresselia
|-sidestart|p2: booger2shoes|move: Stealth Rock
|move|p2a: Cresselia|Trick Room|p2a: Cresselia
|-fieldstart|move: Trick Room|[of] p2a: Cresselia
|
|upkeep
|turn|10
|
|t:|1779600307
|switch|p2a: Ursaluna|Ursaluna, M|100/100
|-damage|p2a: Ursaluna|94/100|[from] Stealth Rock
|move|p1a: Ting-Lu|Payback|p2a: Ursaluna
|-damage|p2a: Ursaluna|81/100
|
|-status|p2a: Ursaluna|brn|[from] item: Flame Orb
|upkeep
|turn|11
|
|t:|1779600313
|switch|p1a: Sinistcha|Sinistcha|100/100
|move|p2a: Ursaluna|Swords Dance|p2a: Ursaluna
|-boost|p2a: Ursaluna|atk|2
|
|-damage|p2a: Ursaluna|75/100 brn|[from] brn
|upkeep
|turn|12
|
|t:|1779600343
|move|p2a: Ursaluna|Fire Punch|p1a: Sinistcha
|-supereffective|p1a: Sinistcha
|-damage|p1a: Sinistcha|40/100
|move|p1a: Sinistcha|Matcha Gotcha|p2a: Ursaluna
|-supereffective|p2a: Ursaluna
|-damage|p2a: Ursaluna|22/100 brn
|-heal|p1a: Sinistcha|75/100|[from] drain|[of] p2a: Ursaluna
|
|-heal|p1a: Sinistcha|81/100|[from] item: Leftovers
|-damage|p2a: Ursaluna|16/100 brn|[from] brn
|upkeep
|turn|13
|
|t:|1779600356
|move|p2a: Ursaluna|Headlong Rush|p1a: Sinistcha
|-resisted|p1a: Sinistcha
|-damage|p1a: Sinistcha|11/100
|-unboost|p2a: Ursaluna|def|1
|-unboost|p2a: Ursaluna|spd|1
|move|p1a: Sinistcha|Strength Sap|p2a: Ursaluna
|-unboost|p2a: Ursaluna|atk|1
|-heal|p1a: Sinistcha|100/100
|
|-damage|p2a: Ursaluna|10/100 brn|[from] brn
|-fieldend|move: Trick Room
|upkeep
|turn|14
|
|t:|1779600368
|move|p1a: Sinistcha|Matcha Gotcha|p2a: Ursaluna
|-supereffective|p2a: Ursaluna
|-damage|p2a: Ursaluna|0 fnt
|faint|p2a: Ursaluna
|
|upkeep
|
|t:|1779600374
|switch|p2a: Cresselia|Cresselia, F|100/100
|-damage|p2a: Cresselia|88/100|[from] Stealth Rock
|turn|15
|
|t:|1779600376
|move|p1a: Sinistcha|Shadow Ball|p2a: Cresselia
|-supereffective|p2a: Cresselia
|-damage|p2a: Cresselia|51/100
|move|p2a: Cresselia|Trick Room|p2a: Cresselia
|-fieldstart|move: Trick Room|[of] p2a: Cresselia
|
|upkeep
|turn|16
|
|t:|1779600382
|move|p2a: Cresselia|Ice Beam|p1a: Sinistcha
|-supereffective|p1a: Sinistcha
|-damage|p1a: Sinistcha|63/100
|move|p1a: Sinistcha|Shadow Ball|p2a: Cresselia
|-supereffective|p2a: Cresselia
|-damage|p2a: Cresselia|19/100
|
|-heal|p1a: Sinistcha|69/100|[from] item: Leftovers
|upkeep
|turn|17
|
|t:|1779600389
|move|p2a: Cresselia|Moonlight|p2a: Cresselia
|-heal|p2a: Cresselia|68/100
|move|p1a: Sinistcha|Strength Sap|p2a: Cresselia
|-unboost|p2a: Cresselia|atk|1
|-heal|p1a: Sinistcha|100/100
|
|upkeep
|turn|18
|
|t:|1779600405
|switch|p2a: Iron Hands|Iron Hands|100/100
|-damage|p2a: Iron Hands|94/100|[from] Stealth Rock
|-enditem|p2a: Iron Hands|Booster Energy
|-activate|p2a: Iron Hands|ability: Quark Drive|[fromitem]
|-start|p2a: Iron Hands|quarkdriveatk
|switch|p1a: Scizor|Scizor, M|100/100
|
|upkeep
|turn|19
|
|t:|1779600412
|move|p2a: Iron Hands|Swords Dance|p2a: Iron Hands
|-boost|p2a: Iron Hands|atk|2
|move|p1a: Scizor|U-turn|p2a: Iron Hands
|-resisted|p2a: Iron Hands
|-damage|p2a: Iron Hands|75/100
|
|t:|1779600415
|switch|p1a: Sinistcha|Sinistcha|100/100|[from] U-turn
|
|-fieldend|move: Trick Room
|upkeep
|turn|20
|
|t:|1779600426
|move|p1a: Sinistcha|Matcha Gotcha|p2a: Iron Hands
|-damage|p2a: Iron Hands|43/100
|move|p2a: Iron Hands|Ice Punch|p1a: Sinistcha
|-supereffective|p1a: Sinistcha
|-damage|p1a: Sinistcha|0 fnt
|faint|p1a: Sinistcha
|
|upkeep
|
|t:|1779600433
|switch|p1a: Ting-Lu|Ting-Lu, tera:Ghost|100/100
|-ability|p1a: Ting-Lu|Vessel of Ruin
|turn|21
|
|t:|1779600440
|move|p1a: Ting-Lu|Earthquake|p2a: Iron Hands
|-supereffective|p2a: Iron Hands
|-damage|p2a: Iron Hands|0 fnt
|faint|p2a: Iron Hands
|-end|p2a: Iron Hands|Quark Drive|[silent]
|
|upkeep
|
|t:|1779600443
|switch|p2a: Cresselia|Cresselia, F|68/100
|-damage|p2a: Cresselia|56/100|[from] Stealth Rock
|turn|22
|
|t:|1779600449
|move|p1a: Ting-Lu|Payback|p2a: Cresselia
|-supereffective|p2a: Cresselia
|-damage|p2a: Cresselia|33/100
|move|p2a: Cresselia|Trick Room|p2a: Cresselia
|-fieldstart|move: Trick Room|[of] p2a: Cresselia
|
|upkeep
|turn|23
|
|t:|1779600453
|switch|p1a: Scizor|Scizor, M|100/100
|move|p2a: Cresselia|Moonlight|p2a: Cresselia
|-heal|p2a: Cresselia|82/100
|
|upkeep
|turn|24
|
|t:|1779600457
|move|p2a: Cresselia|Ice Beam|p1a: Scizor
|-resisted|p1a: Scizor
|-damage|p1a: Scizor|91/100
|move|p1a: Scizor|Knock Off|p2a: Cresselia
|-supereffective|p2a: Cresselia
|-damage|p2a: Cresselia|14/100
|-enditem|p2a: Cresselia|Mental Herb|[from] move: Knock Off|[of] p1a: Scizor
|
|upkeep
|turn|25
|
|t:|1779600464
|move|p2a: Cresselia|Lunar Dance|p2a: Cresselia
|faint|p2a: Cresselia
|move|p1a: Scizor|Knock Off|p2: Cresselia|[notarget]
|-fail|p1a: Scizor
|
|upkeep
|
|t:|1779600466
|switch|p2a: Volcanion|Volcanion|100/100
|-heal|p2a: Volcanion|100/100|[from] move: Lunar Dance
|-damage|p2a: Volcanion|75/100|[from] Stealth Rock
|turn|26
|
|t:|1779600474
|-terastallize|p2a: Volcanion|Fire
|move|p2a: Volcanion|Flamethrower|p1a: Scizor
|-supereffective|p1a: Scizor
|-damage|p1a: Scizor|0 fnt
|faint|p1a: Scizor
|
|-fieldend|move: Trick Room
|upkeep
|
|t:|1779600478
|switch|p1a: Ting-Lu|Ting-Lu, tera:Ghost|100/100
|-ability|p1a: Ting-Lu|Vessel of Ruin
|turn|27
|
|t:|1779600480
|move|p2a: Volcanion|Flamethrower|p1a: Ting-Lu
|-damage|p1a: Ting-Lu|56/100
|move|p1a: Ting-Lu|Earthquake|p2a: Volcanion
|-supereffective|p2a: Volcanion
|-damage|p2a: Volcanion|10/100
|
|-heal|p1a: Ting-Lu|62/100|[from] item: Leftovers
|upkeep
|turn|28
|
|t:|1779600484
|move|p2a: Volcanion|Flamethrower|p1a: Ting-Lu
|-damage|p1a: Ting-Lu|17/100
|move|p1a: Ting-Lu|Earthquake|p2a: Volcanion
|-supereffective|p2a: Volcanion
|-damage|p2a: Volcanion|0 fnt
|faint|p2a: Volcanion
|
|win|ArcherTheDon
|raw|ArcherTheDon's rating: 1451 &rarr; <strong>1469</strong><br />(+18 for winning)
|raw|booger2shoes's rating: 1423 &rarr; <strong>1405</strong><br />(-18 for losing)
|l|☆ArcherTheDon
|player|p1|
|l|☆booger2shoes
|player|p2|
