|j|☆Phoenix434
|j|☆PRUU1 ☆ g4ltxyzn ☆
|t:|1779590950
|gametype|singles
|player|p1|Phoenix434|steven|1137
|player|p2|PRUU1 ☆ g4ltxyzn ☆|leon-masters|1216
|gen|9
|tier|[Gen 9] OU
|rated|
|rule|HP Percentage Mod: HP is shown in percentages
|rule|Endless Battle Clause: Forcing endless battles is banned
|rule|Species Clause: Limit one of each Pokémon
|rule|OHKO Clause: OHKO moves are banned
|rule|Evasion Items Clause: Evasion items are banned
|rule|Evasion Moves Clause: Evasion moves are banned
|rule|Evasion Abilities Clause: Evasion abilities are banned
|rule|Sleep Moves Clause: Sleep-inducing moves are banned
|clearpoke
|poke|p1|Great Tusk|
|poke|p1|Tyranitar, F|
|poke|p1|Meowscarada, F|
|poke|p1|Regieleki|
|poke|p1|Iron Boulder|
|poke|p1|Dragapult, F|
|poke|p2|Dragonite, M|
|poke|p2|Tornadus-Therian, M|
|poke|p2|Pecharunt|
|poke|p2|Ting-Lu|
|poke|p2|Hatterene, F|
|poke|p2|Ogerpon-Wellspring, F|
|teampreview
|
|t:|1779590954
|teamsize|p1|6
|teamsize|p2|6
|start
|switch|p1a: Tom|Meowscarada, F|100/100
|switch|p2a: piroca ambulante|Hatterene, F|100/100
|turn|1
|
|t:|1779590962
|move|p1a: Tom|Knock Off|p2a: piroca ambulante
|-start|p1a: Tom|typechange|Dark|[from] ability: Protean
|-damage|p2a: piroca ambulante|58/100
|-damage|p1a: Tom|84/100|[from] item: Rocky Helmet|[of] p2a: piroca ambulante
|-enditem|p2a: piroca ambulante|Rocky Helmet|[from] move: Knock Off|[of] p1a: Tom
|move|p2a: piroca ambulante|Draining Kiss|p1a: Tom
|-supereffective|p1a: Tom
|-damage|p1a: Tom|10/100
|-heal|p2a: piroca ambulante|100/100|[from] drain|[of] p1a: Tom
|
|upkeep
|turn|2
|
|t:|1779590974
|switch|p1a: Mama Tar|Tyranitar, F|100/100
|-weather|Sandstorm|[from] ability: Sand Stream|[of] p1a: Mama Tar
|move|p2a: piroca ambulante|Draining Kiss|p1a: Mama Tar
|-supereffective|p1a: Mama Tar
|-damage|p1a: Mama Tar|73/100
|-damage|p2a: piroca ambulante|84/100|[from] item: Rocky Helmet|[of] p1a: Mama Tar
|
|-weather|Sandstorm|[upkeep]
|-damage|p2a: piroca ambulante|78/100|[from] Sandstorm
|upkeep
|turn|3
|
|t:|1779591003
|switch|p2a: rhyno picudo|Ting-Lu, shiny|100/100
|-ability|p2a: rhyno picudo|Vessel of Ruin
|move|p1a: Mama Tar|Heavy Slam|p2a: rhyno picudo
|-crit|p2a: rhyno picudo
|-damage|p2a: rhyno picudo|89/100
|
|-weather|Sandstorm|[upkeep]
|-heal|p2a: rhyno picudo|96/100|[from] item: Leftovers
|upkeep
|turn|4
|
|t:|1779591010
|move|p1a: Mama Tar|Stealth Rock|p2a: rhyno picudo
|-sidestart|p2: PRUU1 ☆ g4ltxyzn ☆|move: Stealth Rock
|move|p2a: rhyno picudo|Earthquake|p1a: Mama Tar
|-supereffective|p1a: Mama Tar
|-damage|p1a: Mama Tar|6/100
|
|-weather|Sandstorm|[upkeep]
|-heal|p2a: rhyno picudo|100/100|[from] item: Leftovers
|upkeep
|turn|5
|
|t:|1779591019
|switch|p1a: Elephant Doggie|Great Tusk|100/100
|move|p2a: rhyno picudo|Earthquake|p1a: Elephant Doggie
|-damage|p1a: Elephant Doggie|64/100
|
|-weather|Sandstorm|[upkeep]
|upkeep
|turn|6
|
|t:|1779591034
|move|p1a: Elephant Doggie|Ice Spinner|p2a: rhyno picudo
|-supereffective|p2a: rhyno picudo
|-damage|p2a: rhyno picudo|70/100
|move|p2a: rhyno picudo|Earthquake|p1a: Elephant Doggie
|-damage|p1a: Elephant Doggie|27/100
|
|-weather|none
|-heal|p2a: rhyno picudo|76/100|[from] item: Leftovers
|upkeep
|turn|7
|
|t:|1779591042
|-end|p1a: Elephant Doggie|Protosynthesis|[silent]
|switch|p1a: Smithers|Dragapult, F|100/100
|move|p2a: rhyno picudo|Earthquake|p1a: Smithers
|-damage|p1a: Smithers|25/100
|
|-heal|p2a: rhyno picudo|82/100|[from] item: Leftovers
|upkeep
|turn|8
|-message|Phoenix434 forfeited.
|
|win|PRUU1 ☆ g4ltxyzn ☆
|raw|Phoenix434's rating: 1137 &rarr; <strong>1118</strong><br />(-19 for losing)
|raw|PRUU1 ☆ g4ltxyzn ☆'s rating: 1216 &rarr; <strong>1235</strong><br />(+19 for winning)
|l|☆Phoenix434
|player|p1|
