|j|☆A05236
|j|☆Abyssal Bot
|t:|1779568274
|gametype|singles
|player|p1|A05236|265|
|player|p2|Abyssal Bot|supernerd|
|teamsize|p1|6
|teamsize|p2|6
|gen|9
|tier|[Gen 9] OU
|rule|Species Clause: Limit one of each Pokémon
|rule|OHKO Clause: OHKO moves are banned
|rule|Evasion Items Clause: Evasion items are banned
|rule|Evasion Moves Clause: Evasion moves are banned
|rule|Endless Battle Clause: Forcing endless battles is banned
|rule|HP Percentage Mod: HP is shown in percentages
|rule|Sleep Moves Clause: Sleep-inducing moves are banned
|clearpoke
|poke|p1|Rufflet, M|
|poke|p1|Dipplin, M|
|poke|p1|Carkol, F|
|poke|p1|Dragonair, M|
|poke|p1|Magnezone|
|poke|p1|Dragonite, F|
|poke|p2|Ting-Lu|
|poke|p2|Dragapult, F|
|poke|p2|Slowking-Galar, M|
|poke|p2|Kingambit, F|
|poke|p2|Gliscor, F|
|poke|p2|Zamazenta-*|
|teampreview
|c|☆Abyssal Bot|**WARNING**: Expect much hax.
|inactive|Battle timer is ON: inactive players will automatically lose when time's up. (requested by Abyssal Bot)
|j|*Turbo Bottttt
|
|t:|1779568276
|start
|switch|p1a: china|Dragonair, M|100/100
|switch|p2a: Ting-Lu|Ting-Lu|100/100
|-ability|p2a: Ting-Lu|Vessel of Ruin
|turn|1
|
|t:|1779568279
|switch|p2a: Kingambit|Kingambit, F|100/100
|move|p1a: china|Dragon Dance|p1a: china
|-boost|p1a: china|atk|1
|-boost|p1a: china|spe|1
|
|upkeep
|turn|2
|
|t:|1779568281
|move|p1a: china|Thunder Wave|p2a: Kingambit
|-status|p2a: Kingambit|par
|cant|p2a: Kingambit|par
|
|upkeep
|turn|3
|
|t:|1779568285
|move|p1a: china|Dragon Dance|p1a: china
|-boost|p1a: china|atk|1
|-boost|p1a: china|spe|1
|move|p2a: Kingambit|Swords Dance|p2a: Kingambit
|-boost|p2a: Kingambit|atk|2
|
|upkeep
|turn|4
|
|t:|1779568288
|move|p1a: china|Dragon Dance|p1a: china
|-boost|p1a: china|atk|1
|-boost|p1a: china|spe|1
|cant|p2a: Kingambit|par
|
|upkeep
|turn|5
|
|t:|1779568290
|move|p1a: china|Outrage|p2a: Kingambit
|-resisted|p2a: Kingambit
|-crit|p2a: Kingambit
|-damage|p2a: Kingambit|50/100 par
|move|p2a: Kingambit|Kowtow Cleave|p1a: china
|-damage|p1a: china|15/100
|
|-heal|p2a: Kingambit|56/100 par|[from] item: Leftovers
|upkeep
|turn|6
|c|☆Abyssal Bot|I should be the one who gets hax ;-;
|
|t:|1779568294
|move|p1a: china|Outrage|p2a: Kingambit|[from]lockedmove
|-resisted|p2a: Kingambit
|-damage|p2a: Kingambit|23/100 par
|-start|p1a: china|confusion|[fatigue]
|move|p2a: Kingambit|Iron Head|p1a: china
|-damage|p1a: china|0
|faint|p1a: china
|
|-heal|p2a: Kingambit|29/100 par|[from] item: Leftovers
|upkeep
|
|t:|1779568302
|switch|p1a: deadly|Magnezone|100/100
|turn|7
|
|t:|1779568304
|move|p1a: deadly|Body Press|p2a: Kingambit
|-supereffective|p2a: Kingambit
|-damage|p2a: Kingambit|0 par
|faint|p2a: Kingambit
|-end|p2a: Kingambit|fallenundefined|[silent]
|-damage|p1a: deadly|91/100|[from] item: Life Orb
|
|upkeep
|
|t:|1779568304
|switch|p2a: Ting-Lu|Ting-Lu|100/100
|-ability|p2a: Ting-Lu|Vessel of Ruin
|turn|8
|
|t:|1779568307
|move|p1a: deadly|Magnet Rise|p1a: deadly
|-start|p1a: deadly|Magnet Rise
|move|p2a: Ting-Lu|Earthquake|p1a: deadly
|-immune|p1a: deadly
|
|upkeep
|turn|9
|
|t:|1779568309
|switch|p2a: Gliscor|Gliscor, F|100/100
|move|p1a: deadly|Body Press|p2a: Gliscor
|-resisted|p2a: Gliscor
|-damage|p2a: Gliscor|88/100
|-damage|p1a: deadly|81/100|[from] item: Life Orb
|
|-status|p2a: Gliscor|tox|[from] item: Toxic Orb
|upkeep
|turn|10
|
|t:|1779568312
|move|p2a: Gliscor|Swords Dance|p2a: Gliscor
|-boost|p2a: Gliscor|atk|2
|move|p1a: deadly|Flash Cannon|p2a: Gliscor
|-damage|p2a: Gliscor|38/100 tox
|-damage|p1a: deadly|71/100|[from] item: Life Orb
|
|-heal|p2a: Gliscor|50/100 tox|[from] ability: Poison Heal
|upkeep
|turn|11
|
|t:|1779568314
|move|p2a: Gliscor|Knock Off|p1a: deadly
|-damage|p1a: deadly|29/100
|-enditem|p1a: deadly|Life Orb|[from] move: Knock Off|[of] p2a: Gliscor
|move|p1a: deadly|Flash Cannon|p2a: Gliscor
|-damage|p2a: Gliscor|11/100 tox
|
|-heal|p2a: Gliscor|24/100 tox|[from] ability: Poison Heal
|upkeep
|turn|12
|
|t:|1779568318
|move|p2a: Gliscor|Knock Off|p1a: deadly
|-damage|p1a: deadly|0
|faint|p1a: deadly
|
|-heal|p2a: Gliscor|36/100 tox|[from] ability: Poison Heal
|upkeep
|
|t:|1779568325
|switch|p1a: the agency|Dragonite, F|100/100
|turn|13
|
|t:|1779568326
|switch|p2a: Slowking|Slowking-Galar, M|100/100
|move|p1a: the agency|Dragon Dance|p1a: the agency
|-boost|p1a: the agency|atk|1
|-boost|p1a: the agency|spe|1
|
|upkeep
|turn|14
|
|t:|1779568330
|move|p1a: the agency|Dragon Dance|p1a: the agency
|-boost|p1a: the agency|atk|1
|-boost|p1a: the agency|spe|1
|move|p2a: Slowking|Chilly Reception|p2a: Slowking
|-weather|Snow
|
|t:|1779568330
|switch|p2a: Gliscor|Gliscor, F|36/100 tox|[from] Chilly Reception
|
|-weather|Snow|[upkeep]
|-heal|p2a: Gliscor|49/100 tox|[from] ability: Poison Heal
|upkeep
|turn|15
|
|t:|1779568334
|switch|p2a: Slowking|Slowking-Galar, M|100/100
|move|p1a: the agency|Dragon Dance|p1a: the agency
|-boost|p1a: the agency|atk|1
|-boost|p1a: the agency|spe|1
|
|-weather|Snow|[upkeep]
|upkeep
|turn|16
|
|t:|1779568339
|move|p1a: the agency|Scale Shot|p2a: Slowking
|-damage|p2a: Slowking|66/100
|-damage|p2a: Slowking|30/100
|-damage|p2a: Slowking|0
|faint|p2a: Slowking
|-hitcount|p2: Slowking|3
|-unboost|p1a: the agency|def|1
|-boost|p1a: the agency|spe|1
|
|-weather|Snow|[upkeep]
|upkeep
|
|t:|1779568339
|switch|p2a: Gliscor|Gliscor, F|49/100 tox
|turn|17
|
|t:|1779568343
|move|p1a: the agency|Dragon Dance|p1a: the agency
|-boost|p1a: the agency|atk|1
|-boost|p1a: the agency|spe|1
|move|p2a: Gliscor|Knock Off|p1a: the agency
|-damage|p1a: the agency|84/100
|-enditem|p1a: the agency|Loaded Dice|[from] move: Knock Off|[of] p2a: Gliscor
|
|-weather|Snow|[upkeep]
|-heal|p2a: Gliscor|61/100 tox|[from] ability: Poison Heal
|upkeep
|turn|18
|
|t:|1779568347
|move|p2a: Gliscor|Protect|p2a: Gliscor
|-singleturn|p2a: Gliscor|Protect
|move|p1a: the agency|Scale Shot|p2a: Gliscor
|-activate|p2a: Gliscor|move: Protect
|
|-weather|none
|-heal|p2a: Gliscor|74/100 tox|[from] ability: Poison Heal
|upkeep
|turn|19
|
|t:|1779568349
|move|p1a: the agency|Encore|p2a: Gliscor
|-start|p2a: Gliscor|Encore
|move|p2a: Gliscor|Protect||[still]
|-fail|p2a: Gliscor
|
|-heal|p2a: Gliscor|86/100 tox|[from] ability: Poison Heal
|upkeep
|turn|20
|
|t:|1779568351
|switch|p2a: Ting-Lu|Ting-Lu|100/100
|-ability|p2a: Ting-Lu|Vessel of Ruin
|move|p1a: the agency|Dragon Dance|p1a: the agency
|-boost|p1a: the agency|atk|1
|-boost|p1a: the agency|spe|1
|
|upkeep
|turn|21
|
|t:|1779568353
|switch|p2a: Gliscor|Gliscor, F|86/100 tox
|move|p1a: the agency|Scale Shot|p2a: Gliscor
|-damage|p2a: Gliscor|47/100 tox
|-damage|p2a: Gliscor|6/100 tox
|-hitcount|p2a: Gliscor|2
|-unboost|p1a: the agency|def|1
|
|-heal|p2a: Gliscor|18/100 tox|[from] ability: Poison Heal
|upkeep
|turn|22
|
|t:|1779568357
|move|p1a: the agency|Scale Shot|p2a: Gliscor|[miss]
|-miss|p1a: the agency|p2a: Gliscor
|move|p2a: Gliscor|Knock Off|p1a: the agency
|-damage|p1a: the agency|53/100
|
|-heal|p2a: Gliscor|31/100 tox|[from] ability: Poison Heal
|upkeep
|turn|23
|c|☆Abyssal Bot|I had warned you about hax!! HAHAHA
|
|t:|1779568359
|move|p2a: Gliscor|Protect|p2a: Gliscor
|-singleturn|p2a: Gliscor|Protect
|move|p1a: the agency|Fire Punch|p2a: Gliscor
|-activate|p2a: Gliscor|move: Protect
|
|-heal|p2a: Gliscor|43/100 tox|[from] ability: Poison Heal
|upkeep
|turn|24
|
|t:|1779568361
|move|p1a: the agency|Encore|p2a: Gliscor
|-start|p2a: Gliscor|Encore
|move|p2a: Gliscor|Protect||[still]
|-fail|p2a: Gliscor
|
|-heal|p2a: Gliscor|56/100 tox|[from] ability: Poison Heal
|upkeep
|turn|25
|
|t:|1779568363
|switch|p2a: Ting-Lu|Ting-Lu|100/100
|-ability|p2a: Ting-Lu|Vessel of Ruin
|move|p1a: the agency|Scale Shot|p2a: Ting-Lu
|-damage|p2a: Ting-Lu|76/100
|-damage|p2a: Ting-Lu|52/100
|-crit|p2a: Ting-Lu
|-damage|p2a: Ting-Lu|18/100
|-damage|p2a: Ting-Lu|0
|faint|p2a: Ting-Lu
|-hitcount|p2: Ting-Lu|4
|-unboost|p1a: the agency|def|1
|
|upkeep
|c|☆Abyssal Bot|Oh crap, that crit...
|
|t:|1779568363
|switch|p2a: Gliscor|Gliscor, F|56/100 tox
|turn|26
|
|t:|1779568368
|move|p1a: the agency|Scale Shot|p2a: Gliscor
|-damage|p2a: Gliscor|17/100 tox
|-damage|p2a: Gliscor|0 tox
|faint|p2a: Gliscor
|-hitcount|p2: Gliscor|2
|-unboost|p1a: the agency|def|1
|
|upkeep
|
|t:|1779568368
|switch|p2a: Zamazenta|Zamazenta|100/100
|-ability|p2a: Zamazenta|Dauntless Shield|boost
|-boost|p2a: Zamazenta|def|1
|turn|27
|
|t:|1779568371
|move|p1a: the agency|Scale Shot|p2a: Zamazenta
|-damage|p2a: Zamazenta|71/100
|-crit|p2a: Zamazenta
|-damage|p2a: Zamazenta|10/100
|-hitcount|p2a: Zamazenta|2
|-unboost|p1a: the agency|def|1
|move|p2a: Zamazenta|Close Combat|p1a: the agency
|-resisted|p1a: the agency
|-damage|p1a: the agency|0
|-unboost|p2a: Zamazenta|def|1
|-unboost|p2a: Zamazenta|spd|1
|faint|p1a: the agency
|
|upkeep
|c|☆Abyssal Bot|I should be the one who gets hax ;-;
|inactive|A05236 has 270 seconds left.
|
|t:|1779568402
|switch|p1a: inroads|Carkol, F|100/100
|turn|28
|
|t:|1779568404
|move|p2a: Zamazenta|Close Combat|p1a: inroads
|-supereffective|p1a: inroads
|-damage|p1a: inroads|43/100
|-unboost|p2a: Zamazenta|def|1
|-unboost|p2a: Zamazenta|spd|1
|move|p1a: inroads|Flamethrower|p2a: Zamazenta
|-damage|p2a: Zamazenta|0
|faint|p2a: Zamazenta
|
|upkeep
|
|t:|1779568404
|switch|p2a: Dragapult|Dragapult, F|100/100
|turn|29
|
|t:|1779568411
|move|p2a: Dragapult|Draco Meteor|p1a: inroads
|-damage|p1a: inroads|0
|-unboost|p2a: Dragapult|spa|2
|faint|p1a: inroads
|
|upkeep
|
|t:|1779568414
|switch|p1a: twice|Rufflet, M|100/100
|turn|30
|
|t:|1779568416
|move|p2a: Dragapult|Draco Meteor|p1a: twice
|-damage|p1a: twice|77/100
|-unboost|p2a: Dragapult|spa|2
|move|p1a: twice|Brave Bird|p2a: Dragapult
|-damage|p2a: Dragapult|1/100
|-damage|p1a: twice|40/100|[from] Recoil
|
|upkeep
|turn|31
|
|t:|1779568420
|move|p2a: Dragapult|Draco Meteor|p1a: twice
|-damage|p1a: twice|23/100
|-unboost|p2a: Dragapult|spa|2
|move|p1a: twice|U-turn|p2a: Dragapult
|-resisted|p2a: Dragapult
|-damage|p2a: Dragapult|0
|faint|p2a: Dragapult
|
|win|A05236
|c|☆Abyssal Bot|Well Played.
|l|☆Abyssal Bot
|player|p2|
|l|*Turbo Bottttt
