|j|☆bundyx
|j|☆ujefhue489963
|t:|1779697959
|gametype|singles
|player|p1|bundyx|worker|1160
|player|p2|ujefhue489963|clown|1247
|gen|9
|tier|[Gen 9] OU
|rated|
|rule|HP Percentage Mod: HP is shown in percentages
|rule|Endless Battle Clause: Forcing endless battles is banned
|rule|Species Clause: Limit one of each Pokémon
|rule|OHKO Clause: OHKO moves are banned
|rule|Evasion Items Clause: Evasion items are banned
|rule|Evasion Moves Clause: Evasion moves are banned
|rule|Evasion Abilities Clause: Evasion abilities are banned
|rule|Sleep Moves Clause: Sleep-inducing moves are banned
|clearpoke
|poke|p1|Pelipper, M|
|poke|p1|Gliscor, F|
|poke|p1|Slowbro-Galar, M|
|poke|p1|Kingambit, M|
|poke|p1|Quaquaval, F|
|poke|p1|Regieleki|
|poke|p2|Meowscarada, M|
|poke|p2|Pecharunt|
|poke|p2|Enamorus, F|
|poke|p2|Iron Treads|
|poke|p2|Skarmory, M|
|poke|p2|Slowking, F|
|teampreview
|
|t:|1779697974
|teamsize|p1|6
|teamsize|p2|6
|start
|switch|p1a: Gliscor|Gliscor, F|100/100
|switch|p2a: Meowscarada|Meowscarada, M|100/100
|turn|1
|
|t:|1779697983
|move|p2a: Meowscarada|Knock Off|p1a: Gliscor
|-start|p2a: Meowscarada|typechange|Dark|[from] ability: Protean
|-damage|p1a: Gliscor|58/100
|-enditem|p1a: Gliscor|Toxic Orb|[from] move: Knock Off|[of] p2a: Meowscarada
|move|p1a: Gliscor|Toxic|p2a: Meowscarada
|-status|p2a: Meowscarada|tox
|
|-damage|p2a: Meowscarada|94/100 tox|[from] psn
|upkeep
|turn|2
|
|t:|1779697996
|switch|p2a: Skarmory|Skarmory, M|100/100
|move|p1a: Gliscor|Stealth Rock|p2a: Skarmory
|-sidestart|p2: ujefhue489963|move: Stealth Rock
|
|upkeep
|turn|3
|
|t:|1779698018
|switch|p1a: Pelipper|Pelipper, M, shiny|100/100
|-weather|RainDance|[from] ability: Drizzle|[of] p1a: Pelipper
|move|p2a: Skarmory|Spikes|p1a: Pelipper
|-sidestart|p1: bundyx|Spikes
|
|-weather|RainDance|[upkeep]
|upkeep
|turn|4
|
|t:|1779698037
|move|p2a: Skarmory|Spikes|p1a: Pelipper
|-sidestart|p1: bundyx|Spikes
|move|p1a: Pelipper|Surf|p2a: Skarmory
|-damage|p2a: Skarmory|39/100
|
|-weather|RainDance|[upkeep]
|upkeep
|turn|5
|
|t:|1779698046
|move|p2a: Skarmory|Roost|p2a: Skarmory
|-heal|p2a: Skarmory|89/100
|-singleturn|p2a: Skarmory|move: Roost
|move|p1a: Pelipper|Surf|p2a: Skarmory
|-damage|p2a: Skarmory|22/100
|
|-weather|RainDance|[upkeep]
|upkeep
|turn|6
|
|t:|1779698055
|switch|p2a: Slowking|Slowking, F|100/100
|-damage|p2a: Slowking|88/100|[from] Stealth Rock
|move|p1a: Pelipper|Surf|p2a: Slowking
|-resisted|p2a: Slowking
|-damage|p2a: Slowking|77/100
|
|-weather|RainDance|[upkeep]
|upkeep
|turn|7
|
|t:|1779698065
|switch|p1a: Regieleki|Regieleki|100/100
|-damage|p1a: Regieleki|84/100|[from] Spikes
|move|p2a: Slowking|Future Sight|p1a: Regieleki
|-start|p2a: Slowking|move: Future Sight
|
|-weather|RainDance|[upkeep]
|upkeep
|turn|8
|
|t:|1779698072
|switch|p2a: Iron Treads|Iron Treads|100/100
|-damage|p2a: Iron Treads|98/100|[from] Stealth Rock
|move|p1a: Regieleki|Thunder|p2a: Iron Treads
|-immune|p2a: Iron Treads
|
|-weather|RainDance|[upkeep]
|-heal|p2a: Iron Treads|100/100|[from] item: Leftovers
|upkeep
|turn|9
|
|t:|1779698086
|switch|p1a: Gliscor|Gliscor, F|58/100
|move|p2a: Iron Treads|Rapid Spin|p1a: Gliscor
|-damage|p1a: Gliscor|49/100
|-boost|p2a: Iron Treads|spe|1
|-sideend|p2: ujefhue489963|Stealth Rock|[from] move: Rapid Spin|[of] p2a: Iron Treads
|
|-weather|RainDance|[upkeep]
|-end|p1a: Gliscor|move: Future Sight
|-damage|p1a: Gliscor|0 fnt
|faint|p1a: Gliscor
|upkeep
|
|t:|1779698110
|switch|p1a: Quaquaval|Quaquaval, F, shiny|100/100
|-damage|p1a: Quaquaval|84/100|[from] Spikes
|turn|10
|
|t:|1779698123
|-end|p2a: Iron Treads|Quark Drive|[silent]
|switch|p2a: Slowking|Slowking, F|100/100
|move|p1a: Quaquaval|Close Combat|p2a: Slowking
|-resisted|p2a: Slowking
|-damage|p2a: Slowking|75/100
|-unboost|p1a: Quaquaval|def|1
|-unboost|p1a: Quaquaval|spd|1
|
|-weather|none
|upkeep
|turn|11
|
|t:|1779698137
|move|p1a: Quaquaval|Knock Off|p2a: Slowking
|-supereffective|p2a: Slowking
|-damage|p2a: Slowking|20/100
|-enditem|p2a: Slowking|Assault Vest|[from] move: Knock Off|[of] p1a: Quaquaval
|move|p2a: Slowking|Scald|p1a: Quaquaval
|-resisted|p1a: Quaquaval
|-damage|p1a: Quaquaval|64/100
|-status|p1a: Quaquaval|brn
|
|-damage|p1a: Quaquaval|58/100 brn|[from] brn
|upkeep
|turn|12
|
|t:|1779698158
|switch|p2a: Skarmory|Skarmory, M|22/100
|move|p1a: Quaquaval|Rapid Spin|p2a: Skarmory
|-resisted|p2a: Skarmory
|-damage|p2a: Skarmory|20/100
|-boost|p1a: Quaquaval|spe|1
|-sideend|p1: bundyx|Spikes|[from] move: Rapid Spin|[of] p1a: Quaquaval
|
|-damage|p1a: Quaquaval|52/100 brn|[from] brn
|upkeep
|turn|13
|
|t:|1779698172
|move|p1a: Quaquaval|Aqua Step|p2a: Skarmory
|-damage|p2a: Skarmory|9/100
|-boost|p1a: Quaquaval|spe|1
|move|p2a: Skarmory|Roost|p2a: Skarmory
|-heal|p2a: Skarmory|59/100
|-singleturn|p2a: Skarmory|move: Roost
|
|-damage|p1a: Quaquaval|46/100 brn|[from] brn
|upkeep
|turn|14
|
|t:|1779698189
|move|p1a: Quaquaval|Close Combat|p2a: Skarmory
|-damage|p2a: Skarmory|40/100
|-unboost|p1a: Quaquaval|def|1
|-unboost|p1a: Quaquaval|spd|1
|move|p2a: Skarmory|Roost|p2a: Skarmory
|-heal|p2a: Skarmory|91/100
|-singleturn|p2a: Skarmory|move: Roost
|
|-damage|p1a: Quaquaval|39/100 brn|[from] brn
|upkeep
|turn|15
|
|t:|1779698208
|move|p1a: Quaquaval|Knock Off|p2a: Skarmory
|-damage|p2a: Skarmory|80/100
|-enditem|p2a: Skarmory|Covert Cloak|[from] move: Knock Off|[of] p1a: Quaquaval
|move|p2a: Skarmory|Spikes|p1a: Quaquaval
|-sidestart|p1: bundyx|Spikes
|
|-damage|p1a: Quaquaval|33/100 brn|[from] brn
|upkeep
|turn|16
|
|t:|1779698217
|switch|p1a: Pelipper|Pelipper, M, shiny|100/100
|-weather|RainDance|[from] ability: Drizzle|[of] p1a: Pelipper
|move|p2a: Skarmory|Iron Defense|p2a: Skarmory
|-boost|p2a: Skarmory|def|2
|
|-weather|RainDance|[upkeep]
|upkeep
|turn|17
|
|t:|1779698228
|switch|p2a: Slowking|Slowking, F|53/100
|move|p1a: Pelipper|Hurricane|p2a: Slowking
|-damage|p2a: Slowking|27/100
|
|-weather|RainDance|[upkeep]
|upkeep
|turn|18
|
|t:|1779698244
|switch|p2a: Skarmory|Skarmory, M|80/100
|move|p1a: Pelipper|U-turn|p2a: Skarmory
|-resisted|p2a: Skarmory
|-damage|p2a: Skarmory|79/100
|
|t:|1779698256
|switch|p1a: Quaquaval|Quaquaval, F, shiny|33/100 brn|[from] U-turn
|-damage|p1a: Quaquaval|21/100 brn|[from] Spikes
|
|-weather|RainDance|[upkeep]
|-damage|p1a: Quaquaval|15/100 brn|[from] brn
|upkeep
|turn|19
|
|t:|1779698269
|move|p1a: Quaquaval|Rapid Spin|p2a: Skarmory
|-resisted|p2a: Skarmory
|-damage|p2a: Skarmory|76/100
|-boost|p1a: Quaquaval|spe|1
|-sideend|p1: bundyx|Spikes|[from] move: Rapid Spin|[of] p1a: Quaquaval
|move|p2a: Skarmory|Iron Defense|p2a: Skarmory
|-boost|p2a: Skarmory|def|2
|
|-weather|RainDance|[upkeep]
|-damage|p1a: Quaquaval|9/100 brn|[from] brn
|upkeep
|turn|20
|
|t:|1779698292
|switch|p1a: Regieleki|Regieleki|84/100
|move|p2a: Skarmory|Spikes|p1a: Regieleki
|-sidestart|p1: bundyx|Spikes
|
|-weather|RainDance|[upkeep]
|upkeep
|turn|21
|
|t:|1779698300
|switch|p2a: Iron Treads|Iron Treads|100/100
|move|p1a: Regieleki|Ancient Power|p2a: Iron Treads
|-resisted|p2a: Iron Treads
|-damage|p2a: Iron Treads|96/100
|-damage|p1a: Regieleki|74/100|[from] item: Life Orb
|
|-weather|RainDance|[upkeep]
|-heal|p2a: Iron Treads|100/100|[from] item: Leftovers
|upkeep
|turn|22
|
|t:|1779698328
|switch|p1a: Pelipper|Pelipper, M, shiny|100/100
|move|p2a: Iron Treads|Stealth Rock|p1a: Pelipper
|-sidestart|p1: bundyx|move: Stealth Rock
|
|-weather|RainDance|[upkeep]
|upkeep
|turn|23
|
|t:|1779698335
|-end|p2a: Iron Treads|Quark Drive|[silent]
|switch|p2a: Slowking|Slowking, F|60/100
|move|p1a: Pelipper|Surf|p2a: Slowking
|-resisted|p2a: Slowking
|-crit|p2a: Slowking
|-damage|p2a: Slowking|38/100
|
|-weather|none
|upkeep
|turn|24
|
|t:|1779698345
|switch|p2a: Skarmory|Skarmory, M|76/100
|move|p1a: Pelipper|Hurricane|p2a: Skarmory
|-resisted|p2a: Skarmory
|-damage|p2a: Skarmory|50/100
|
|upkeep
|turn|25
|
|t:|1779698355
|move|p2a: Skarmory|Roost|p2a: Skarmory
|-heal|p2a: Skarmory|100/100
|-singleturn|p2a: Skarmory|move: Roost
|move|p1a: Pelipper|Surf|p2a: Skarmory
|-damage|p2a: Skarmory|59/100
|
|upkeep
|turn|26
|
|t:|1779698369
|move|p2a: Skarmory|Spikes|p1a: Pelipper
|-sidestart|p1: bundyx|Spikes
|move|p1a: Pelipper|Surf|p2a: Skarmory
|-damage|p2a: Skarmory|17/100
|
|upkeep
|turn|27
|
|t:|1779698379
|switch|p2a: Slowking|Slowking, F|71/100
|move|p1a: Pelipper|Surf|p2a: Slowking
|-resisted|p2a: Slowking
|-damage|p2a: Slowking|61/100
|
|upkeep
|turn|28
|
|t:|1779698394
|move|p1a: Pelipper|U-turn|p2a: Slowking
|-supereffective|p2a: Slowking
|-damage|p2a: Slowking|44/100
|
|t:|1779698397
|switch|p1a: Slowbro|Slowbro-Galar, M|100/100|[from] U-turn
|-damage|p1a: Slowbro|84/100|[from] Spikes
|-damage|p1a: Slowbro|72/100|[from] Stealth Rock
|move|p2a: Slowking|Psyshock|p1a: Slowbro
|-damage|p1a: Slowbro|43/100
|
|-heal|p1a: Slowbro|49/100|[from] item: Leftovers
|upkeep
|turn|29
|
|t:|1779698413
|switch|p2a: Skarmory|Skarmory, M|17/100
|move|p1a: Slowbro|Trick Room|p1a: Slowbro
|-fieldstart|move: Trick Room|[of] p1a: Slowbro
|
|-heal|p1a: Slowbro|56/100|[from] item: Leftovers
|upkeep
|turn|30
|
|t:|1779698421
|move|p1a: Slowbro|Psychic|p2a: Skarmory
|-resisted|p2a: Skarmory
|-damage|p2a: Skarmory|0 fnt
|faint|p2a: Skarmory
|
|-heal|p1a: Slowbro|62/100|[from] item: Leftovers
|upkeep
|
|t:|1779698428
|switch|p2a: Iron Treads|Iron Treads|100/100
|turn|31
|
|t:|1779698440
|switch|p1a: Pelipper|Pelipper, M, shiny|100/100
|-damage|p1a: Pelipper|76/100|[from] Stealth Rock
|-weather|RainDance|[from] ability: Drizzle|[of] p1a: Pelipper
|move|p2a: Iron Treads|Knock Off|p1a: Pelipper
|-damage|p1a: Pelipper|52/100
|-enditem|p1a: Pelipper|Damp Rock|[from] move: Knock Off|[of] p2a: Iron Treads
|
|-weather|RainDance|[upkeep]
|upkeep
|turn|32
|
|t:|1779698454
|-end|p2a: Iron Treads|Quark Drive|[silent]
|switch|p2a: Slowking|Slowking, F|77/100
|move|p1a: Pelipper|Surf|p2a: Slowking
|-resisted|p2a: Slowking
|-damage|p2a: Slowking|61/100
|
|-weather|RainDance|[upkeep]
|upkeep
|turn|33
|
|t:|1779698463
|move|p2a: Slowking|Psyshock|p1a: Pelipper
|-damage|p1a: Pelipper|21/100
|move|p1a: Pelipper|Roost|p1a: Pelipper
|-heal|p1a: Pelipper|71/100
|-singleturn|p1a: Pelipper|move: Roost
|
|-weather|RainDance|[upkeep]
|-fieldend|move: Trick Room
|upkeep
|turn|34
|
|t:|1779698478
|move|p1a: Pelipper|Hurricane|p2a: Slowking
|-damage|p2a: Slowking|35/100
|move|p2a: Slowking|Psyshock|p1a: Pelipper
|-damage|p1a: Pelipper|41/100
|
|-weather|RainDance|[upkeep]
|upkeep
|turn|35
|
|t:|1779698490
|move|p1a: Pelipper|Roost|p1a: Pelipper
|-heal|p1a: Pelipper|92/100
|-singleturn|p1a: Pelipper|move: Roost
|move|p2a: Slowking|Psyshock|p1a: Pelipper
|-damage|p1a: Pelipper|61/100
|
|-weather|RainDance|[upkeep]
|upkeep
|turn|36
|
|t:|1779698509
|switch|p2a: Iron Treads|Iron Treads|100/100
|move|p1a: Pelipper|Hurricane|p2a: Iron Treads
|-resisted|p2a: Iron Treads
|-damage|p2a: Iron Treads|87/100
|
|-weather|RainDance|[upkeep]
|-heal|p2a: Iron Treads|93/100|[from] item: Leftovers
|upkeep
|turn|37
|
|t:|1779698532
|-end|p2a: Iron Treads|Quark Drive|[silent]
|switch|p2a: Slowking|Slowking, F|68/100
|move|p1a: Pelipper|Surf|p2a: Slowking
|-resisted|p2a: Slowking
|-damage|p2a: Slowking|53/100
|
|-weather|RainDance|[upkeep]
|upkeep
|turn|38
|
|t:|1779698540
|move|p1a: Pelipper|Hurricane|p2a: Slowking
|-damage|p2a: Slowking|26/100
|move|p2a: Slowking|Future Sight|p1a: Pelipper
|-start|p2a: Slowking|move: Future Sight
|
|-weather|none
|upkeep
|turn|39
|
|t:|1779698548
|switch|p2a: Iron Treads|Iron Treads|93/100
|move|p1a: Pelipper|Hurricane|p2a: Iron Treads|[miss]
|-miss|p1a: Pelipper|p2a: Iron Treads
|
|-heal|p2a: Iron Treads|99/100|[from] item: Leftovers
|upkeep
|turn|40
|
|t:|1779698568
|-end|p2a: Iron Treads|Quark Drive|[silent]
|switch|p2a: Slowking|Slowking, F|60/100
|switch|p1a: Quaquaval|Quaquaval, F, shiny|9/100 brn
|-damage|p1a: Quaquaval|0 fnt|[from] Spikes
|faint|p1a: Quaquaval
|
|-hint|Future Sight did not hit because the target is fainted.
|upkeep
|
|t:|1779698579
|switch|p1a: Pelipper|Pelipper, M, shiny|61/100
|-damage|p1a: Pelipper|36/100|[from] Stealth Rock
|-weather|RainDance|[from] ability: Drizzle|[of] p1a: Pelipper
|turn|41
|
|t:|1779698587
|move|p1a: Pelipper|Roost|p1a: Pelipper
|-heal|p1a: Pelipper|86/100
|-singleturn|p1a: Pelipper|move: Roost
|move|p2a: Slowking|Future Sight|p1a: Pelipper
|-start|p2a: Slowking|move: Future Sight
|
|-weather|RainDance|[upkeep]
|upkeep
|turn|42
|
|t:|1779698596
|move|p1a: Pelipper|Surf|p2a: Slowking
|-resisted|p2a: Slowking
|-damage|p2a: Slowking|45/100
|move|p2a: Slowking|Psyshock|p1a: Pelipper
|-damage|p1a: Pelipper|60/100
|
|-weather|RainDance|[upkeep]
|upkeep
|turn|43
|
|t:|1779698606
|move|p1a: Pelipper|Hurricane|p2a: Slowking
|-damage|p2a: Slowking|18/100
|-start|p2a: Slowking|confusion
|-activate|p2a: Slowking|confusion
|move|p2a: Slowking|Psyshock|p1a: Pelipper
|-damage|p1a: Pelipper|31/100
|
|-weather|RainDance|[upkeep]
|-end|p1a: Pelipper|move: Future Sight
|-damage|p1a: Pelipper|0 fnt
|faint|p1a: Pelipper
|upkeep
|
|t:|1779698626
|switch|p1a: Slowbro|Slowbro-Galar, M|95/100
|-damage|p1a: Slowbro|78/100|[from] Spikes
|-damage|p1a: Slowbro|66/100|[from] Stealth Rock
|turn|44
|
|t:|1779698643
|-activate|p2a: Slowking|confusion
|move|p2a: Slowking|Scald|p1a: Slowbro
|-damage|p1a: Slowbro|13/100
|move|p1a: Slowbro|Trick Room|p1a: Slowbro
|-fieldstart|move: Trick Room|[of] p1a: Slowbro
|
|-weather|RainDance|[upkeep]
|-heal|p1a: Slowbro|19/100|[from] item: Leftovers
|upkeep
|turn|45
|
|t:|1779698653
|move|p1a: Slowbro|Shell Side Arm|p2a: Slowking|[anim] Shell Side Arm Special
|-damage|p2a: Slowking|0 fnt
|-hint|Special Shell Side Arm
|faint|p2a: Slowking
|
|-weather|none
|-heal|p1a: Slowbro|25/100|[from] item: Leftovers
|upkeep
|
|t:|1779698663
|switch|p2a: Pecharunt|Pecharunt|100/100
|turn|46
|
|t:|1779698682
|move|p1a: Slowbro|Psychic|p2a: Pecharunt
|-supereffective|p2a: Pecharunt
|-damage|p2a: Pecharunt|12/100
|move|p2a: Pecharunt|Parting Shot|p1a: Slowbro
|-unboost|p1a: Slowbro|atk|1
|-unboost|p1a: Slowbro|spa|1
|
|t:|1779698688
|switch|p2a: Iron Treads|Iron Treads|99/100|[from] Parting Shot
|
|-heal|p1a: Slowbro|31/100|[from] item: Leftovers
|-heal|p2a: Iron Treads|100/100|[from] item: Leftovers
|upkeep
|turn|47
|
|t:|1779698707
|switch|p1a: Kingambit|Kingambit, M|100/100
|-damage|p1a: Kingambit|84/100|[from] Spikes
|-damage|p1a: Kingambit|78/100|[from] Stealth Rock
|-activate|p1a: Kingambit|ability: Supreme Overlord
|-start|p1a: Kingambit|fallen3|[silent]
|move|p2a: Iron Treads|Earthquake|p1a: Kingambit
|-supereffective|p1a: Kingambit
|-damage|p1a: Kingambit|23/100
|
|upkeep
|turn|48
|
|t:|1779698722
|-end|p2a: Iron Treads|Quark Drive|[silent]
|switch|p2a: Pecharunt|Pecharunt|12/100
|-terastallize|p1a: Kingambit|Dark
|move|p1a: Kingambit|Kowtow Cleave|p2a: Pecharunt
|-supereffective|p2a: Pecharunt
|-damage|p2a: Pecharunt|0 fnt
|-damage|p1a: Kingambit|6/100|[from] item: Rocky Helmet|[of] p2a: Pecharunt
|faint|p2a: Pecharunt
|
|-fieldend|move: Trick Room
|upkeep
|
|t:|1779698733
|switch|p2a: Iron Treads|Iron Treads|100/100
|turn|49
|
|t:|1779698746
|move|p1a: Kingambit|Sucker Punch|p2a: Iron Treads
|-damage|p2a: Iron Treads|31/100
|move|p2a: Iron Treads|Earthquake|p1a: Kingambit
|-damage|p1a: Kingambit|0 fnt
|faint|p1a: Kingambit
|-end|p1a: Kingambit|fallen3|[silent]
|
|-heal|p2a: Iron Treads|37/100|[from] item: Leftovers
|upkeep
|
|t:|1779698754
|switch|p1a: Regieleki|Regieleki|74/100
|-damage|p1a: Regieleki|57/100|[from] Spikes
|-damage|p1a: Regieleki|45/100|[from] Stealth Rock
|turn|50
|
|t:|1779698762
|move|p1a: Regieleki|Hyper Beam|p2a: Iron Treads
|-resisted|p2a: Iron Treads
|-damage|p2a: Iron Treads|12/100
|-mustrecharge|p1a: Regieleki
|-damage|p1a: Regieleki|35/100|[from] item: Life Orb
|move|p2a: Iron Treads|Earthquake|p1a: Regieleki
|-supereffective|p1a: Regieleki
|-damage|p1a: Regieleki|0 fnt
|faint|p1a: Regieleki
|
|-heal|p2a: Iron Treads|18/100|[from] item: Leftovers
|upkeep
|
|t:|1779698771
|switch|p1a: Slowbro|Slowbro-Galar, M|64/100
|-damage|p1a: Slowbro|48/100|[from] Spikes
|-damage|p1a: Slowbro|35/100|[from] Stealth Rock
|turn|51
|
|t:|1779698777
|move|p2a: Iron Treads|Earthquake|p1a: Slowbro
|-supereffective|p1a: Slowbro
|-damage|p1a: Slowbro|0 fnt
|faint|p1a: Slowbro
|
|win|ujefhue489963
|raw|bundyx's rating: 1160 &rarr; <strong>1141</strong><br />(-19 for losing)
|raw|ujefhue489963's rating: 1247 &rarr; <strong>1266</strong><br />(+19 for winning)
|l|☆bundyx
|player|p1|
|l|☆ujefhue489963
|player|p2|
