|j|☆i have no id
|j|☆PikachuRTM
|t:|1779557071
|gametype|singles
|player|p1|i have no id|102|1436
|player|p2|PikachuRTM|lance|1438
|gen|9
|tier|[Gen 9] OU
|rated|
|rule|HP Percentage Mod: HP is shown in percentages
|rule|Endless Battle Clause: Forcing endless battles is banned
|rule|Species Clause: Limit one of each Pokémon
|rule|OHKO Clause: OHKO moves are banned
|rule|Evasion Items Clause: Evasion items are banned
|rule|Evasion Moves Clause: Evasion moves are banned
|rule|Evasion Abilities Clause: Evasion abilities are banned
|rule|Sleep Moves Clause: Sleep-inducing moves are banned
|clearpoke
|poke|p1|Torkoal, M|
|poke|p1|Walking Wake|
|poke|p1|Great Tusk|
|poke|p1|Hatterene, F|
|poke|p1|Slither Wing|
|poke|p1|Venusaur, M|
|poke|p2|Pikachu, M|
|poke|p2|Dragapult, M|
|poke|p2|Samurott-Hisui, M|
|poke|p2|Weezing-Galar, M|
|poke|p2|Corviknight, M|
|poke|p2|Landorus-Therian, M|
|teampreview
|inactive|Battle timer is ON: inactive players will automatically lose when time's up. (requested by PikachuRTM)
|
|t:|1779557089
|teamsize|p1|6
|teamsize|p2|6
|start
|switch|p1a: Slither Wing|Slither Wing|100/100
|switch|p2a: The Smoke|Weezing-Galar, M|100/100
|-ability|p2a: The Smoke|Neutralizing Gas
|turn|1
|
|t:|1779557095
|move|p1a: Slither Wing|U-turn|p2a: The Smoke
|-resisted|p2a: The Smoke
|-damage|p2a: The Smoke|92/100
|
|t:|1779557098
|-end|p1a: Slither Wing|Protosynthesis|[silent]
|switch|p1a: Great Tusk|Great Tusk|100/100|[from] U-turn
|move|p2a: The Smoke|Sludge Bomb|p1a: Great Tusk
|-resisted|p1a: Great Tusk
|-damage|p1a: Great Tusk|81/100
|-status|p1a: Great Tusk|psn
|
|-damage|p1a: Great Tusk|68/100 psn|[from] psn
|upkeep
|turn|2
|
|t:|1779557113
|-end|p2a: The Smoke|ability: Neutralizing Gas
|switch|p2a: Lando|Landorus-Therian, M|100/100
|-enditem|p1a: Great Tusk|Booster Energy
|-activate|p1a: Great Tusk|ability: Protosynthesis|[fromitem]
|-start|p1a: Great Tusk|protosynthesisatk
|-ability|p2a: Lando|Intimidate|boost
|-unboost|p1a: Great Tusk|atk|1
|move|p1a: Great Tusk|Headlong Rush|p2a: Lando
|-immune|p2a: Lando
|
|-damage|p1a: Great Tusk|56/100 psn|[from] psn
|upkeep
|turn|3
|
|t:|1779557119
|-end|p1a: Great Tusk|Protosynthesis|[silent]
|switch|p1a: Torkoal|Torkoal, M|100/100
|-weather|SunnyDay|[from] ability: Drought|[of] p1a: Torkoal
|move|p2a: Lando|U-turn|p1a: Torkoal
|-resisted|p1a: Torkoal
|-damage|p1a: Torkoal|93/100
|
|t:|1779557122
|switch|p2a: Sam|Samurott-Hisui, M|100/100|[from] U-turn
|
|-weather|SunnyDay|[upkeep]
|upkeep
|turn|4
|
|t:|1779557128
|switch|p1a: Slither Wing|Slither Wing|100/100
|-activate|p1a: Slither Wing|ability: Protosynthesis
|-start|p1a: Slither Wing|protosynthesisatk
|move|p2a: Sam|Knock Off|p1a: Slither Wing
|-resisted|p1a: Slither Wing
|-damage|p1a: Slither Wing|71/100
|-enditem|p1a: Slither Wing|Choice Band|[from] move: Knock Off|[of] p2a: Sam
|
|-weather|SunnyDay|[upkeep]
|upkeep
|turn|5
|
|t:|1779557137
|switch|p2a: Lando|Landorus-Therian, M|100/100
|-ability|p2a: Lando|Intimidate|boost
|-unboost|p1a: Slither Wing|atk|1
|move|p1a: Slither Wing|Flare Blitz|p2a: Lando
|-damage|p2a: Lando|36/100
|-damage|p1a: Slither Wing|49/100|[from] Recoil
|
|-weather|SunnyDay|[upkeep]
|upkeep
|turn|6
|
|t:|1779557142
|move|p2a: Lando|Earthquake|p1a: Slither Wing
|-resisted|p1a: Slither Wing
|-damage|p1a: Slither Wing|8/100
|move|p1a: Slither Wing|Flare Blitz|p2a: Lando
|-damage|p2a: Lando|0 fnt
|faint|p2a: Lando
|-damage|p1a: Slither Wing|0 fnt|[from] Recoil
|faint|p1a: Slither Wing
|-end|p1a: Slither Wing|Protosynthesis|[silent]
|
|-weather|SunnyDay|[upkeep]
|upkeep
|
|t:|1779557152
|switch|p2a: Sam|Samurott-Hisui, M|100/100
|switch|p1a: Walking Wake|Walking Wake|100/100
|-activate|p1a: Walking Wake|ability: Protosynthesis
|-start|p1a: Walking Wake|protosynthesisspe
|turn|7
|
|t:|1779557155
|move|p1a: Walking Wake|Draco Meteor|p2a: Sam|[miss]
|-miss|p1a: Walking Wake|p2a: Sam
|move|p2a: Sam|Knock Off|p1a: Walking Wake
|-damage|p1a: Walking Wake|57/100
|-enditem|p1a: Walking Wake|Choice Specs|[from] move: Knock Off|[of] p2a: Sam
|
|-weather|SunnyDay|[upkeep]
|upkeep
|turn|8
|
|t:|1779557157
|move|p1a: Walking Wake|Draco Meteor|p2a: Sam
|-damage|p2a: Sam|56/100
|-unboost|p1a: Walking Wake|spa|2
|move|p2a: Sam|Ceaseless Edge|p1a: Walking Wake
|-damage|p1a: Walking Wake|10/100
|-sidestart|p1: i have no id|Spikes
|
|-weather|SunnyDay|[upkeep]
|upkeep
|turn|9
|
|t:|1779557164
|move|p1a: Walking Wake|Draco Meteor|p2a: Sam
|-damage|p2a: Sam|32/100
|-unboost|p1a: Walking Wake|spa|2
|move|p2a: Sam|Ceaseless Edge|p1a: Walking Wake
|-damage|p1a: Walking Wake|0 fnt
|-sidestart|p1: i have no id|Spikes
|faint|p1a: Walking Wake
|-end|p1a: Walking Wake|Protosynthesis|[silent]
|
|-weather|SunnyDay|[upkeep]
|upkeep
|
|t:|1779557167
|switch|p1a: Venusaur|Venusaur, M|100/100
|-damage|p1a: Venusaur|84/100|[from] Spikes
|turn|10
|
|t:|1779557175
|switch|p2a: Liftoff|Dragapult, M, shiny|100/100
|move|p1a: Venusaur|Growth|p1a: Venusaur
|-boost|p1a: Venusaur|atk|2
|-boost|p1a: Venusaur|spa|2
|
|-weather|none
|upkeep
|turn|11
|-message|i have no id forfeited.
|
|win|PikachuRTM
|raw|i have no id's rating: 1436 &rarr; <strong>1416</strong><br />(-20 for losing)
|raw|PikachuRTM's rating: 1438 &rarr; <strong>1458</strong><br />(+20 for winning)
|l|☆i have no id
|player|p1|
|l|☆PikachuRTM
|player|p2|
