|j|☆dtzui
|j|☆bjordl
|t:|1779667675
|gametype|singles
|player|p1|dtzui|scientist-gen4dp|1103
|player|p2|bjordl|169|1178
|gen|9
|tier|[Gen 9] OU
|rated|
|rule|HP Percentage Mod: HP is shown in percentages
|rule|Endless Battle Clause: Forcing endless battles is banned
|rule|Species Clause: Limit one of each Pokémon
|rule|OHKO Clause: OHKO moves are banned
|rule|Evasion Items Clause: Evasion items are banned
|rule|Evasion Moves Clause: Evasion moves are banned
|rule|Evasion Abilities Clause: Evasion abilities are banned
|rule|Sleep Moves Clause: Sleep-inducing moves are banned
|clearpoke
|poke|p1|Gengar, F|
|poke|p1|Cloyster, M|
|poke|p1|Rhydon, F|
|poke|p1|Shiftry, M|
|poke|p1|Talonflame, M|
|poke|p1|Zapdos|
|poke|p2|Gholdengo|
|poke|p2|Glimmora, M|
|poke|p2|Kyurem|
|poke|p2|Ogerpon-Wellspring, F|
|poke|p2|Moltres|
|poke|p2|Iron Valiant|
|teampreview
|
|t:|1779667707
|teamsize|p1|6
|teamsize|p2|6
|start
|switch|p1a: Cloyster|Cloyster, M|100/100
|switch|p2a: John Wayne Gacy|Glimmora, M|100/100
|turn|1
|inactive|Battle timer is ON: inactive players will automatically lose when time's up. (requested by bjordl)
|
|t:|1779667715
|switch|p2a: Lester|Ogerpon-Wellspring, F|100/100
|move|p1a: Cloyster|Shell Smash|p1a: Cloyster
|-unboost|p1a: Cloyster|def|1
|-unboost|p1a: Cloyster|spd|1
|-boost|p1a: Cloyster|atk|2
|-boost|p1a: Cloyster|spa|2
|-boost|p1a: Cloyster|spe|2
|-enditem|p1a: Cloyster|White Herb
|-clearnegativeboost|p1a: Cloyster|[silent]
|
|upkeep
|turn|2
|
|t:|1779667722
|-terastallize|p2a: Lester|Water
|detailschange|p2a: Lester|Ogerpon-Wellspring-Tera, F, tera:Water
|-ability|p2a: Lester|Embody Aspect (Wellspring)|boost
|-boost|p2a: Lester|spd|1
|move|p1a: Cloyster|Icicle Spear|p2a: Lester
|-resisted|p2a: Lester
|-damage|p2a: Lester|86/100
|-resisted|p2a: Lester
|-damage|p2a: Lester|70/100
|-resisted|p2a: Lester
|-damage|p2a: Lester|54/100
|-resisted|p2a: Lester
|-damage|p2a: Lester|40/100
|-resisted|p2a: Lester
|-damage|p2a: Lester|23/100
|-hitcount|p2a: Lester|5
|move|p2a: Lester|Swords Dance|p2a: Lester
|-boost|p2a: Lester|atk|2
|
|upkeep
|turn|3
|
|t:|1779667731
|move|p1a: Cloyster|Rock Blast|p2a: Lester
|-damage|p2a: Lester|3/100
|-damage|p2a: Lester|0 fnt
|faint|p2a: Lester
|detailschange|p2: Lester|Ogerpon-Wellspring, F|[silent]
|-hitcount|p2: Lester|2
|
|upkeep
|
|t:|1779667747
|switch|p2a: Francisco|Kyurem|100/100
|-ability|p2a: Francisco|Pressure
|turn|4
|
|t:|1779667764
|-terastallize|p1a: Cloyster|Rock
|move|p1a: Cloyster|Rock Blast|p2a: Francisco
|-supereffective|p2a: Francisco
|-damage|p2a: Francisco|57/100
|-supereffective|p2a: Francisco
|-damage|p2a: Francisco|15/100
|-supereffective|p2a: Francisco
|-damage|p2a: Francisco|0 fnt
|faint|p2a: Francisco
|-hitcount|p2: Francisco|3
|
|upkeep
|
|t:|1779667776
|switch|p2a: Iron Valiant|Iron Valiant|100/100
|-enditem|p2a: Iron Valiant|Booster Energy
|-activate|p2a: Iron Valiant|ability: Quark Drive|[fromitem]
|-start|p2a: Iron Valiant|quarkdrivespe
|turn|5
|
|t:|1779667784
|move|p2a: Iron Valiant|Aura Sphere|p1a: Cloyster
|-supereffective|p1a: Cloyster
|-damage|p1a: Cloyster|0 fnt
|faint|p1a: Cloyster
|
|upkeep
|
|t:|1779667794
|switch|p1a: Gengar|Gengar, F|100/100
|-item|p1a: Gengar|Air Balloon
|turn|6
|
|t:|1779667804
|move|p2a: Iron Valiant|Psyshock|p1a: Gengar
|-supereffective|p1a: Gengar
|-damage|p1a: Gengar|3/100
|-start|p2a: Iron Valiant|Disable|Psyshock|[from] ability: Cursed Body|[of] p1a: Gengar
|-enditem|p1a: Gengar|Air Balloon
|move|p1a: Gengar|Will-O-Wisp|p2a: Iron Valiant
|-status|p2a: Iron Valiant|brn
|
|-damage|p2a: Iron Valiant|94/100 brn|[from] brn
|upkeep
|turn|7
|
|t:|1779667814
|move|p2a: Iron Valiant|Moonblast|p1a: Gengar
|-resisted|p1a: Gengar
|-damage|p1a: Gengar|0 fnt
|faint|p1a: Gengar
|
|-damage|p2a: Iron Valiant|88/100 brn|[from] brn
|upkeep
|
|t:|1779667821
|switch|p1a: Rhydon|Rhydon, F|100/100
|turn|8
|
|t:|1779667828
|move|p2a: Iron Valiant|Aura Sphere|p1a: Rhydon
|-supereffective|p1a: Rhydon
|-damage|p1a: Rhydon|33/100
|move|p1a: Rhydon|Stealth Rock|p2a: Iron Valiant
|-sidestart|p2: bjordl|move: Stealth Rock
|
|-damage|p2a: Iron Valiant|82/100 brn|[from] brn
|upkeep
|turn|9
|
|t:|1779667837
|move|p2a: Iron Valiant|Aura Sphere|p1a: Rhydon
|-supereffective|p1a: Rhydon
|-damage|p1a: Rhydon|0 fnt
|faint|p1a: Rhydon
|
|-damage|p2a: Iron Valiant|76/100 brn|[from] brn
|-end|p2a: Iron Valiant|Disable
|upkeep
|
|t:|1779667859
|switch|p1a: Talonflame|Talonflame, M|100/100
|turn|10
|
|t:|1779667870
|-end|p2a: Iron Valiant|Quark Drive|[silent]
|switch|p2a: Tristan|Moltres|100/100
|move|p1a: Talonflame|Tailwind|p1a: Talonflame
|-sidestart|p1: dtzui|move: Tailwind
|
|upkeep
|turn|11
|
|t:|1779667881
|move|p1a: Talonflame|U-turn|p2a: Tristan
|-resisted|p2a: Tristan
|-damage|p2a: Tristan|98/100
|
|t:|1779667885
|switch|p1a: Zapdos|Zapdos|100/100|[from] U-turn
|move|p2a: Tristan|Roar|p1a: Zapdos
|drag|p1a: Talonflame|Talonflame, M|100/100
|
|upkeep
|turn|12
|
|t:|1779667895
|move|p1a: Talonflame|Brave Bird|p2a: Tristan
|-damage|p2a: Tristan|73/100
|-damage|p1a: Talonflame|92/100|[from] Recoil
|move|p2a: Tristan|Roar|p1a: Talonflame
|drag|p1a: Zapdos|Zapdos|100/100
|
|upkeep
|turn|13
|
|t:|1779667903
|move|p1a: Zapdos|Ancient Power|p2a: Tristan
|-supereffective|p2a: Tristan
|-damage|p2a: Tristan|0 fnt
|faint|p2a: Tristan
|
|-sideend|p1: dtzui|move: Tailwind
|upkeep
|
|t:|1779667907
|switch|p2a: John Wayne Gacy|Glimmora, M|100/100
|-damage|p2a: John Wayne Gacy|88/100|[from] Stealth Rock
|turn|14
|
|t:|1779667915
|move|p1a: Zapdos|Tailwind|p1a: Zapdos
|-sidestart|p1: dtzui|move: Tailwind
|move|p2a: John Wayne Gacy|Power Gem|p1a: Zapdos
|-supereffective|p1a: Zapdos
|-damage|p1a: Zapdos|3/100
|
|upkeep
|turn|15
|
|t:|1779667922
|move|p1a: Zapdos|Volt Switch|p2a: John Wayne Gacy
|-damage|p2a: John Wayne Gacy|44/100
|
|t:|1779667928
|switch|p1a: Shiftry|Shiftry, M|100/100|[from] Volt Switch
|-ability|p1a: Shiftry|Wind Rider|boost
|-boost|p1a: Shiftry|atk|1
|move|p2a: John Wayne Gacy|Mortal Spin|p1a: Shiftry
|-supereffective|p1a: Shiftry
|-damage|p1a: Shiftry|84/100
|-status|p1a: Shiftry|psn
|-sideend|p2: bjordl|Stealth Rock|[from] move: Mortal Spin|[of] p2a: John Wayne Gacy
|
|-damage|p1a: Shiftry|72/100 psn|[from] psn
|upkeep
|turn|16
|
|t:|1779667939
|move|p1a: Shiftry|Leaf Blade|p2a: John Wayne Gacy
|-damage|p2a: John Wayne Gacy|0 fnt
|-activate|p2a: John Wayne Gacy|ability: Toxic Debris
|-sidestart|p1: dtzui|move: Toxic Spikes
|faint|p2a: John Wayne Gacy
|-damage|p1a: Shiftry|62/100 psn|[from] item: Life Orb
|
|-damage|p1a: Shiftry|50/100 psn|[from] psn
|upkeep
|
|t:|1779667947
|switch|p2a: Iron Valiant|Iron Valiant|76/100 brn
|turn|17
|
|t:|1779667953
|move|p1a: Shiftry|Leaf Blade|p2a: Iron Valiant
|-damage|p2a: Iron Valiant|0 fnt
|faint|p2a: Iron Valiant
|-end|p2a: Iron Valiant|Quark Drive|[silent]
|-damage|p1a: Shiftry|40/100 psn|[from] item: Life Orb
|
|-damage|p1a: Shiftry|27/100 psn|[from] psn
|-sideend|p1: dtzui|move: Tailwind
|upkeep
|
|t:|1779667956
|switch|p2a: Dingo|Gholdengo|100/100
|-item|p2a: Dingo|Air Balloon
|turn|18
|
|t:|1779667963
|move|p2a: Dingo|Focus Blast|p1a: Shiftry
|-supereffective|p1a: Shiftry
|-damage|p1a: Shiftry|0 fnt
|faint|p1a: Shiftry
|
|upkeep
|
|t:|1779667981
|switch|p1a: Zapdos|Zapdos|3/100
|turn|19
|
|t:|1779667988
|move|p1a: Zapdos|Heat Wave|p2a: Dingo
|-supereffective|p2a: Dingo
|-damage|p2a: Dingo|22/100
|-enditem|p2a: Dingo|Air Balloon
|move|p2a: Dingo|Shadow Ball|p1a: Zapdos
|-damage|p1a: Zapdos|0 fnt
|faint|p1a: Zapdos
|
|upkeep
|
|t:|1779667997
|switch|p1a: Talonflame|Talonflame, M|92/100
|turn|20
|
|t:|1779668007
|move|p1a: Talonflame|Brave Bird|p2a: Dingo
|-resisted|p2a: Dingo
|-crit|p2a: Dingo
|-damage|p2a: Dingo|0 fnt
|faint|p2a: Dingo
|-damage|p1a: Talonflame|85/100|[from] Recoil
|
|win|dtzui
|raw|dtzui's rating: 1103 &rarr; <strong>1133</strong><br />(+30 for winning)
|raw|bjordl's rating: 1178 &rarr; <strong>1148</strong><br />(-30 for losing)
|c|☆bjordl|gg
|l|☆bjordl
|player|p2|
