|j|‽Taidar04ka
|j|‽PuzzleSpirit
|t:|1779623633
|gametype|singles
|player|p1|Taidar04ka|pokekid|1225
|player|p2|PuzzleSpirit|169|1230
|gen|9
|tier|[Gen 9] OU
|rated|
|rule|HP Percentage Mod: HP is shown in percentages
|rule|Endless Battle Clause: Forcing endless battles is banned
|rule|Species Clause: Limit one of each Pokémon
|rule|OHKO Clause: OHKO moves are banned
|rule|Evasion Items Clause: Evasion items are banned
|rule|Evasion Moves Clause: Evasion moves are banned
|rule|Evasion Abilities Clause: Evasion abilities are banned
|rule|Sleep Moves Clause: Sleep-inducing moves are banned
|clearpoke
|poke|p1|Clodsire, F|
|poke|p1|Dondozo, M|
|poke|p1|Alomomola, F|
|poke|p1|Talonflame, M|
|poke|p1|Toxapex, F|
|poke|p1|Blissey, F|
|poke|p2|Zamazenta-*|
|poke|p2|Leavanny, F|
|poke|p2|Gholdengo|
|poke|p2|Keldeo-Resolute|
|poke|p2|Landorus-Therian, M|
|poke|p2|Primarina, M|
|teampreview
|
|t:|1779623665
|teamsize|p1|6
|teamsize|p2|6
|start
|switch|p1a: Blissey|Blissey, F|100/100
|switch|p2a: Gholdengo|Gholdengo|100/100
|-item|p2a: Gholdengo|Air Balloon
|turn|1
|
|t:|1779623677
|move|p2a: Gholdengo|Nasty Plot|p2a: Gholdengo
|-boost|p2a: Gholdengo|spa|2
|move|p1a: Blissey|Stealth Rock|p2a: Gholdengo
|-sidestart|p2: PuzzleSpirit|move: Stealth Rock
|
|upkeep
|turn|2
|
|t:|1779623682
|move|p2a: Gholdengo|Psyshock|p1a: Blissey
|-damage|p1a: Blissey|0 fnt
|faint|p1a: Blissey
|
|upkeep
|
|t:|1779623699
|switch|p1a: Toxapex|Toxapex, F|100/100
|turn|3
|
|t:|1779623728
|move|p2a: Gholdengo|Psyshock|p1a: Toxapex
|-supereffective|p1a: Toxapex
|-damage|p1a: Toxapex|35/100
|move|p1a: Toxapex|Haze|p1a: Toxapex
|-clearallboost
|
|upkeep
|turn|4
|
|t:|1779623735
|move|p2a: Gholdengo|Psyshock|p1a: Toxapex
|-supereffective|p1a: Toxapex
|-damage|p1a: Toxapex|0 fnt
|faint|p1a: Toxapex
|
|upkeep
|
|t:|1779623742
|switch|p1a: Clodsire|Clodsire, F|100/100
|turn|5
|
|t:|1779623790
|switch|p1a: Dondozo|Dondozo, M|100/100
|move|p2a: Gholdengo|Psyshock|p1a: Dondozo
|-damage|p1a: Dondozo|88/100
|
|upkeep
|turn|6
|
|t:|1779623798
|move|p2a: Gholdengo|Shadow Ball|p1a: Dondozo
|-damage|p1a: Dondozo|44/100
|move|p1a: Dondozo|Liquidation|p2a: Gholdengo
|-damage|p2a: Gholdengo|72/100
|-enditem|p2a: Gholdengo|Air Balloon
|
|upkeep
|turn|7
|
|t:|1779623811
|move|p2a: Gholdengo|Shadow Ball|p1a: Dondozo
|-damage|p1a: Dondozo|0 fnt
|faint|p1a: Dondozo
|
|upkeep
|
|t:|1779623817
|switch|p1a: Clodsire|Clodsire, F|100/100
|turn|8
|
|t:|1779623823
|move|p2a: Gholdengo|Psyshock|p1a: Clodsire
|-supereffective|p1a: Clodsire
|-damage|p1a: Clodsire|35/100
|move|p1a: Clodsire|Earthquake|p2a: Gholdengo
|-supereffective|p2a: Gholdengo
|-damage|p2a: Gholdengo|9/100
|
|upkeep
|turn|9
|
|t:|1779623834
|switch|p1a: Alomomola|Alomomola, F|100/100
|move|p2a: Gholdengo|Psyshock|p1a: Alomomola
|-damage|p1a: Alomomola|83/100
|
|upkeep
|turn|10
|
|t:|1779623866
|move|p2a: Gholdengo|Shadow Ball|p1a: Alomomola
|-damage|p1a: Alomomola|28/100
|move|p1a: Alomomola|Whirlpool|p2a: Gholdengo
|-damage|p2a: Gholdengo|2/100
|-activate|p2a: Gholdengo|move: Whirlpool|[of] p1a: Alomomola
|
|-damage|p2a: Gholdengo|0 fnt|[from] move: Whirlpool|[partiallytrapped]
|faint|p2a: Gholdengo
|upkeep
|
|t:|1779623896
|switch|p2a: Keldeo|Keldeo-Resolute|100/100
|-damage|p2a: Keldeo|94/100|[from] Stealth Rock
|turn|11
|
|t:|1779623911
|move|p1a: Alomomola|Protect|p1a: Alomomola
|-singleturn|p1a: Alomomola|Protect
|move|p2a: Keldeo|Calm Mind|p2a: Keldeo
|-boost|p2a: Keldeo|spa|1
|-boost|p2a: Keldeo|spd|1
|
|-heal|p2a: Keldeo|100/100|[from] item: Leftovers
|upkeep
|turn|12
|
|t:|1779623919
|switch|p1a: Clodsire|Clodsire, F|35/100
|move|p2a: Keldeo|Surf|p1a: Clodsire
|-supereffective|p1a: Clodsire
|-damage|p1a: Clodsire|0 fnt
|faint|p1a: Clodsire
|
|upkeep
|
|t:|1779623928
|switch|p1a: Alomomola|Alomomola, F|62/100
|turn|13
|
|t:|1779623932
|switch|p1a: Talonflame|Talonflame, M|100/100
|move|p2a: Keldeo|Air Slash|p1a: Talonflame
|-damage|p1a: Talonflame|47/100
|
|upkeep
|turn|14
|
|t:|1779623941
|-terastallize|p1a: Talonflame|Ghost
|move|p2a: Keldeo|Air Slash|p1a: Talonflame
|-damage|p1a: Talonflame|0 fnt
|faint|p1a: Talonflame
|
|upkeep
|
|t:|1779623946
|switch|p1a: Alomomola|Alomomola, F|95/100
|turn|15
|
|t:|1779623952
|move|p1a: Alomomola|Protect|p1a: Alomomola
|-singleturn|p1a: Alomomola|Protect
|move|p2a: Keldeo|Secret Sword|p1a: Alomomola
|-activate|p1a: Alomomola|move: Protect
|
|upkeep
|turn|16
|
|t:|1779623960
|move|p2a: Keldeo|Surf|p1a: Alomomola
|-resisted|p1a: Alomomola
|-damage|p1a: Alomomola|55/100
|move|p1a: Alomomola|Wish|p1a: Alomomola
|
|upkeep
|turn|17
|
|t:|1779623966
|move|p1a: Alomomola|Protect|p1a: Alomomola
|-singleturn|p1a: Alomomola|Protect
|move|p2a: Keldeo|Calm Mind|p2a: Keldeo
|-boost|p2a: Keldeo|spa|1
|-boost|p2a: Keldeo|spd|1
|
|-heal|p1a: Alomomola|100/100|[from] move: Wish|[wisher] Alomomola
|upkeep
|turn|18
|inactive|Battle timer is ON: inactive players will automatically lose when time's up. (requested by PuzzleSpirit)
|
|t:|1779623974
|move|p2a: Keldeo|Secret Sword|p1a: Alomomola
|-damage|p1a: Alomomola|53/100
|move|p1a: Alomomola|Whirlpool|p2a: Keldeo
|-resisted|p2a: Keldeo
|-damage|p2a: Keldeo|99/100
|-activate|p2a: Keldeo|move: Whirlpool|[of] p1a: Alomomola
|
|-heal|p2a: Keldeo|100/100|[from] item: Leftovers
|-damage|p2a: Keldeo|88/100|[from] move: Whirlpool|[partiallytrapped]
|upkeep
|turn|19
|
|t:|1779623983
|move|p1a: Alomomola|Protect|p1a: Alomomola
|-singleturn|p1a: Alomomola|Protect
|move|p2a: Keldeo|Calm Mind|p2a: Keldeo
|-boost|p2a: Keldeo|spa|1
|-boost|p2a: Keldeo|spd|1
|
|-heal|p2a: Keldeo|94/100|[from] item: Leftovers
|-damage|p2a: Keldeo|82/100|[from] move: Whirlpool|[partiallytrapped]
|upkeep
|turn|20
|
|t:|1779623990
|move|p2a: Keldeo|Surf|p1a: Alomomola
|-resisted|p1a: Alomomola
|-crit|p1a: Alomomola
|-damage|p1a: Alomomola|0 fnt
|faint|p1a: Alomomola
|
|win|PuzzleSpirit
|raw|Taidar04ka's rating: 1225 &rarr; <strong>1199</strong><br />(-26 for losing)
|raw|PuzzleSpirit's rating: 1210 &rarr; <strong>1236</strong><br />(+26 for winning)
|l|‽PuzzleSpirit
|player|p2|
