|j|☆kopv
|j|☆Avitross
|t:|1779575991
|gametype|singles
|player|p1|kopv|bugcatcher-gen4dp|1458
|player|p2|Avitross|101|1476
|gen|9
|tier|[Gen 9] OU
|rated|
|rule|HP Percentage Mod: HP is shown in percentages
|rule|Endless Battle Clause: Forcing endless battles is banned
|rule|Species Clause: Limit one of each Pokémon
|rule|OHKO Clause: OHKO moves are banned
|rule|Evasion Items Clause: Evasion items are banned
|rule|Evasion Moves Clause: Evasion moves are banned
|rule|Evasion Abilities Clause: Evasion abilities are banned
|rule|Sleep Moves Clause: Sleep-inducing moves are banned
|clearpoke
|poke|p1|Pelipper, M|
|poke|p1|Barraskewda, M|
|poke|p1|Iron Treads|
|poke|p1|Bruxish, M|
|poke|p1|Raging Bolt|
|poke|p1|Enamorus, F|
|poke|p2|Decidueye-Hisui, M|
|poke|p2|Scizor, F|
|poke|p2|Greninja-*, M|
|poke|p2|Great Tusk|
|poke|p2|Amoonguss, F|
|poke|p2|Tinkaton, F|
|teampreview
|
|t:|1779576026
|teamsize|p1|6
|teamsize|p2|6
|start
|switch|p1a: Pelipper|Pelipper, M|100/100
|switch|p2a: Scizor|Scizor, F|100/100
|-weather|RainDance|[from] ability: Drizzle|[of] p1a: Pelipper
|turn|1
|
|t:|1779576045
|move|p2a: Scizor|Knock Off|p1a: Pelipper
|-damage|p1a: Pelipper|62/100
|-enditem|p1a: Pelipper|Damp Rock|[from] move: Knock Off|[of] p2a: Scizor
|move|p1a: Pelipper|U-turn|p2a: Scizor
|-resisted|p2a: Scizor
|-damage|p2a: Scizor|94/100
|
|t:|1779576055
|switch|p1a: 'Ello gov'na|Bruxish, M|100/100|[from] U-turn
|
|-weather|RainDance|[upkeep]
|upkeep
|turn|2
|
|t:|1779576076
|switch|p2a: Amoonguss|Amoonguss, F|100/100
|-terastallize|p1a: 'Ello gov'na|Water
|move|p1a: 'Ello gov'na|Wave Crash|p2a: Amoonguss
|-resisted|p2a: Amoonguss
|-damage|p2a: Amoonguss|37/100
|-damage|p1a: 'Ello gov'na|68/100|[from] Recoil
|
|-weather|RainDance|[upkeep]
|upkeep
|turn|3
|
|t:|1779576133
|switch|p2a: Decidueye|Decidueye-Hisui, M|100/100
|move|p1a: 'Ello gov'na|Wave Crash|p2a: Decidueye
|-resisted|p2a: Decidueye
|-damage|p2a: Decidueye|0 fnt
|faint|p2a: Decidueye
|-damage|p1a: 'Ello gov'na|30/100|[from] Recoil
|
|-weather|RainDance|[upkeep]
|upkeep
|
|t:|1779576153
|switch|p2a: Greninja|Greninja, M|100/100
|turn|4
|
|t:|1779576164
|switch|p1a: Raging Bolt|Raging Bolt|100/100
|move|p2a: Greninja|Ice Beam|p1a: Raging Bolt
|-start|p2a: Greninja|typechange|Ice|[from] ability: Protean
|-supereffective|p1a: Raging Bolt
|-crit|p1a: Raging Bolt
|-damage|p1a: Raging Bolt|0 fnt
|faint|p1a: Raging Bolt
|-end|p1a: Raging Bolt|Protosynthesis|[silent]
|
|-weather|RainDance|[upkeep]
|upkeep
|
|t:|1779576171
|switch|p1a: Enamorus|Enamorus, F|100/100
|turn|5
|
|t:|1779576195
|switch|p1a: 'Ello gov'na|Bruxish, M, tera:Water|30/100
|move|p2a: Greninja|Ice Beam|p1a: 'Ello gov'na
|-resisted|p1a: 'Ello gov'na
|-damage|p1a: 'Ello gov'na|0 fnt
|faint|p1a: 'Ello gov'na
|
|-weather|RainDance|[upkeep]
|upkeep
|
|t:|1779576200
|switch|p1a: Barraskewda|Barraskewda, M|100/100
|turn|6
|
|t:|1779576205
|switch|p2a: Amoonguss|Amoonguss, F|70/100
|move|p1a: Barraskewda|Liquidation|p2a: Amoonguss
|-resisted|p2a: Amoonguss
|-damage|p2a: Amoonguss|36/100
|-unboost|p2a: Amoonguss|def|1
|-damage|p1a: Barraskewda|91/100|[from] item: Life Orb
|
|-weather|RainDance|[upkeep]
|upkeep
|turn|7
|
|t:|1779576240
|switch|p2a: Great Tusk|Great Tusk|100/100
|move|p1a: Barraskewda|Liquidation|p2a: Great Tusk
|-supereffective|p2a: Great Tusk
|-damage|p2a: Great Tusk|0 fnt
|faint|p2a: Great Tusk
|-end|p2a: Great Tusk|Protosynthesis|[silent]
|-damage|p1a: Barraskewda|81/100|[from] item: Life Orb
|
|-weather|RainDance|[upkeep]
|upkeep
|
|t:|1779576250
|switch|p2a: Amoonguss|Amoonguss, F|69/100
|turn|8
|
|t:|1779576257
|move|p1a: Barraskewda|Flip Turn|p2a: Amoonguss
|-resisted|p2a: Amoonguss
|-damage|p2a: Amoonguss|47/100
|-damage|p1a: Barraskewda|71/100|[from] item: Life Orb
|
|t:|1779576259
|switch|p1a: Iron Treads|Iron Treads|100/100|[from] Flip Turn
|move|p2a: Amoonguss|Giga Drain|p1a: Iron Treads
|-damage|p1a: Iron Treads|74/100
|-heal|p2a: Amoonguss|59/100|[from] drain|[of] p1a: Iron Treads
|
|-weather|none
|-heal|p1a: Iron Treads|80/100|[from] item: Leftovers
|upkeep
|turn|9
|
|t:|1779576269
|switch|p2a: Greninja|Greninja, M|100/100
|move|p1a: Iron Treads|Stealth Rock|p2a: Greninja
|-sidestart|p2: Avitross|move: Stealth Rock
|
|-heal|p1a: Iron Treads|86/100|[from] item: Leftovers
|upkeep
|turn|10
|
|t:|1779576287
|-end|p1a: Iron Treads|Quark Drive|[silent]
|switch|p1a: Pelipper|Pelipper, M|62/100
|-weather|RainDance|[from] ability: Drizzle|[of] p1a: Pelipper
|move|p2a: Greninja|Hydro Pump|p1a: Pelipper
|-start|p2a: Greninja|typechange|Water|[from] ability: Protean
|-resisted|p1a: Pelipper
|-damage|p1a: Pelipper|0 fnt
|faint|p1a: Pelipper
|
|-weather|RainDance|[upkeep]
|upkeep
|
|t:|1779576296
|switch|p1a: Enamorus|Enamorus, F|100/100
|turn|11
|
|t:|1779576303
|move|p1a: Enamorus|Earth Power|p2a: Greninja
|-damage|p2a: Greninja|43/100
|move|p2a: Greninja|Hydro Pump|p1a: Enamorus
|-damage|p1a: Enamorus|0 fnt
|faint|p1a: Enamorus
|
|-weather|RainDance|[upkeep]
|upkeep
|-message|kopv forfeited.
|
|win|Avitross
|raw|kopv's rating: 1458 &rarr; <strong>1439</strong><br />(-19 for losing)
|raw|Avitross's rating: 1476 &rarr; <strong>1495</strong><br />(+19 for winning)
|l|☆kopv
|player|p1|
|l|☆Avitross
|player|p2|
