|j|☆jack sparo
|j|☆Speedrunit9
|t:|1779708343
|gametype|singles
|player|p1|jack sparo|266|1097
|player|p2|Speedrunit9|265|1153
|gen|9
|tier|[Gen 9] OU
|rated|
|rule|HP Percentage Mod: HP is shown in percentages
|rule|Endless Battle Clause: Forcing endless battles is banned
|rule|Species Clause: Limit one of each Pokémon
|rule|OHKO Clause: OHKO moves are banned
|rule|Evasion Items Clause: Evasion items are banned
|rule|Evasion Moves Clause: Evasion moves are banned
|rule|Evasion Abilities Clause: Evasion abilities are banned
|rule|Sleep Moves Clause: Sleep-inducing moves are banned
|clearpoke
|poke|p1|Noivern, F|
|poke|p1|Kingambit, F|
|poke|p1|Azumarill, M|
|poke|p1|Serperior, M|
|poke|p1|Cloyster, F|
|poke|p1|Cyclizar, F|
|poke|p2|Quaquaval, M|
|poke|p2|Meowscarada, M|
|poke|p2|Pecharunt|
|poke|p2|Tauros, M|
|poke|p2|Arcanine-Hisui, F|
|poke|p2|Great Tusk|
|teampreview
|inactive|Battle timer is ON: inactive players will automatically lose when time's up. (requested by Speedrunit9)
|inactive|jack sparo has 120 seconds left.
|
|t:|1779708385
|teamsize|p1|6
|teamsize|p2|6
|start
|switch|p1a: Cloyster|Cloyster, F|100/100
|switch|p2a: Tauros|Tauros, M|100/100
|turn|1
|
|t:|1779708392
|move|p2a: Tauros|Stone Edge|p1a: Cloyster
|-supereffective|p1a: Cloyster
|-damage|p1a: Cloyster|25/100
|move|p1a: Cloyster|Shell Smash|p1a: Cloyster
|-unboost|p1a: Cloyster|def|1
|-unboost|p1a: Cloyster|spd|1
|-boost|p1a: Cloyster|atk|2
|-boost|p1a: Cloyster|spa|2
|-boost|p1a: Cloyster|spe|2
|
|upkeep
|turn|2
|
|t:|1779708397
|move|p1a: Cloyster|Icicle Spear|p2a: Tauros
|-damage|p2a: Tauros|71/100
|-damage|p2a: Tauros|45/100
|-damage|p2a: Tauros|17/100
|-crit|p2a: Tauros
|-damage|p2a: Tauros|0 fnt
|faint|p2a: Tauros
|-hitcount|p2: Tauros|4
|
|upkeep
|
|t:|1779708405
|switch|p2a: Arcanine|Arcanine-Hisui, F|100/100
|turn|3
|
|t:|1779708409
|move|p2a: Arcanine|Extreme Speed|p1a: Cloyster
|-damage|p1a: Cloyster|0 fnt
|faint|p1a: Cloyster
|
|upkeep
|
|t:|1779708413
|switch|p1a: Azumarill|Azumarill, M|100/100
|turn|4
|
|t:|1779708418
|switch|p2a: Pecharunt|Pecharunt|100/100
|move|p1a: Azumarill|Belly Drum|p1a: Azumarill
|-damage|p1a: Azumarill|51/100
|-setboost|p1a: Azumarill|atk|6|[from] move: Belly Drum
|
|upkeep
|turn|5
|
|t:|1779708422
|move|p1a: Azumarill|Aqua Jet|p2a: Pecharunt
|-damage|p2a: Pecharunt|42/100
|move|p2a: Pecharunt|Malignant Chain|p1a: Azumarill
|-supereffective|p1a: Azumarill
|-damage|p1a: Azumarill|0 fnt
|faint|p1a: Azumarill
|
|-heal|p2a: Pecharunt|48/100|[from] item: Black Sludge
|upkeep
|
|t:|1779708432
|switch|p1a: Kingambit|Kingambit, F, shiny|100/100
|-activate|p1a: Kingambit|ability: Supreme Overlord
|-start|p1a: Kingambit|fallen2|[silent]
|turn|6
|
|t:|1779708437
|move|p2a: Pecharunt|Recover|p2a: Pecharunt
|-heal|p2a: Pecharunt|98/100
|move|p1a: Kingambit|Kowtow Cleave|p2a: Pecharunt
|-supereffective|p2a: Pecharunt
|-damage|p2a: Pecharunt|28/100
|
|-heal|p2a: Pecharunt|34/100|[from] item: Black Sludge
|upkeep
|turn|7
|
|t:|1779708443
|switch|p2a: Arcanine|Arcanine-Hisui, F|100/100
|move|p1a: Kingambit|Kowtow Cleave|p2a: Arcanine
|-damage|p2a: Arcanine|21/100
|
|upkeep
|turn|8
|
|t:|1779708454
|move|p2a: Arcanine|Flare Blitz|p1a: Kingambit
|-supereffective|p1a: Kingambit
|-damage|p1a: Kingambit|0 fnt
|faint|p1a: Kingambit
|-end|p1a: Kingambit|fallen2|[silent]
|
|upkeep
|
|t:|1779708460
|switch|p1a: Serperior|Serperior, M|100/100
|turn|9
|
|t:|1779708462
|move|p1a: Serperior|Leaf Storm|p2a: Arcanine
|-damage|p2a: Arcanine|0 fnt
|-boost|p1a: Serperior|spa|2
|faint|p2a: Arcanine
|
|upkeep
|
|t:|1779708470
|switch|p2a: Meowscarada|Meowscarada, M|100/100
|turn|10
|
|t:|1779708473
|-terastallize|p2a: Meowscarada|Grass
|move|p1a: Serperior|Leaf Storm|p2a: Meowscarada
|-resisted|p2a: Meowscarada
|-damage|p2a: Meowscarada|24/100
|-boost|p1a: Serperior|spa|2
|move|p2a: Meowscarada|Triple Axel|p1a: Serperior
|-supereffective|p1a: Serperior
|-damage|p1a: Serperior|77/100
|-supereffective|p1a: Serperior
|-damage|p1a: Serperior|35/100
|-supereffective|p1a: Serperior
|-damage|p1a: Serperior|0 fnt
|faint|p1a: Serperior
|-hitcount|p1: Serperior|3
|-damage|p2a: Meowscarada|14/100|[from] item: Life Orb
|
|upkeep
|
|t:|1779708482
|switch|p1a: Noivern|Noivern, F, shiny|100/100
|-item|p2a: Meowscarada|Life Orb|[from] ability: Frisk|[of] p1a: Noivern
|turn|11
|
|t:|1779708486
|-terastallize|p1a: Noivern|Normal
|move|p2a: Meowscarada|Triple Axel|p1a: Noivern
|-damage|p1a: Noivern|90/100
|-hitcount|p1a: Noivern|1
|-damage|p2a: Meowscarada|4/100|[from] item: Life Orb
|move|p1a: Noivern|Boomburst|p2a: Meowscarada
|-damage|p2a: Meowscarada|0 fnt
|faint|p2a: Meowscarada
|
|upkeep
|
|t:|1779708490
|switch|p2a: Quaquaval|Quaquaval, M|100/100
|turn|12
|
|t:|1779708492
|move|p1a: Noivern|Boomburst|p2a: Quaquaval
|-damage|p2a: Quaquaval|0 fnt
|faint|p2a: Quaquaval
|
|upkeep
|
|t:|1779708497
|switch|p2a: Pecharunt|Pecharunt|34/100
|turn|13
|
|t:|1779708499
|switch|p1a: Cyclizar|Cyclizar, F|100/100
|move|p2a: Pecharunt|Malignant Chain|p1a: Cyclizar
|-damage|p1a: Cyclizar|38/100
|-status|p1a: Cyclizar|tox
|-start|p1a: Cyclizar|confusion|[from] ability: Poison Puppeteer|[of] p2a: Pecharunt
|
|-heal|p2a: Pecharunt|40/100|[from] item: Black Sludge
|-damage|p1a: Cyclizar|32/100 tox|[from] psn
|upkeep
|turn|14
|
|t:|1779708503
|-activate|p1a: Cyclizar|confusion
|move|p1a: Cyclizar|Knock Off|p2a: Pecharunt
|-supereffective|p2a: Pecharunt
|-damage|p2a: Pecharunt|14/100
|-enditem|p2a: Pecharunt|Black Sludge|[from] move: Knock Off|[of] p1a: Cyclizar
|move|p2a: Pecharunt|Recover|p2a: Pecharunt
|-heal|p2a: Pecharunt|64/100
|
|-damage|p1a: Cyclizar|19/100 tox|[from] psn
|upkeep
|turn|15
|
|t:|1779708510
|move|p2a: Pecharunt|Recover|p2a: Pecharunt
|-heal|p2a: Pecharunt|100/100
|-activate|p1a: Cyclizar|confusion
|-damage|p1a: Cyclizar|7/100 tox|[from] confusion
|
|-damage|p1a: Cyclizar|0 fnt|[from] psn
|faint|p1a: Cyclizar
|upkeep
|
|t:|1779708513
|switch|p1a: Noivern|Noivern, F, shiny, tera:Normal|90/100
|turn|16
|
|t:|1779708517
|move|p1a: Noivern|Air Slash|p2a: Pecharunt
|-damage|p2a: Pecharunt|52/100
|move|p2a: Pecharunt|Malignant Chain|p1a: Noivern
|-damage|p1a: Noivern|30/100
|
|upkeep
|turn|17
|
|t:|1779708522
|move|p1a: Noivern|Air Slash|p2a: Pecharunt
|-damage|p2a: Pecharunt|2/100
|move|p2a: Pecharunt|Malignant Chain|p1a: Noivern
|-damage|p1a: Noivern|0 fnt
|faint|p1a: Noivern
|
|win|Speedrunit9
|raw|jack sparo's rating: 1097 &rarr; <strong>1076</strong><br />(-21 for losing)
|raw|Speedrunit9's rating: 1153 &rarr; <strong>1174</strong><br />(+21 for winning)
|l|☆Speedrunit9
|player|p2|
|l|☆jack sparo
|player|p1|
