|j|☆MassholeFlatlander
|j|☆adamecek
|t:|1779604325
|gametype|singles
|player|p1|MassholeFlatlander|pilot|1116
|player|p2|adamecek|101|1147
|gen|9
|tier|[Gen 9] OU
|rated|
|rule|HP Percentage Mod: HP is shown in percentages
|rule|Endless Battle Clause: Forcing endless battles is banned
|rule|Species Clause: Limit one of each Pokémon
|rule|OHKO Clause: OHKO moves are banned
|rule|Evasion Items Clause: Evasion items are banned
|rule|Evasion Moves Clause: Evasion moves are banned
|rule|Evasion Abilities Clause: Evasion abilities are banned
|rule|Sleep Moves Clause: Sleep-inducing moves are banned
|clearpoke
|poke|p1|Hariyama, M|
|poke|p1|Kingambit, F|
|poke|p1|Pecharunt|
|poke|p1|Corviknight, F|
|poke|p1|Milotic, M|
|poke|p1|Blaziken, F|
|poke|p2|Galvantula, F|
|poke|p2|Ceruledge, M|
|poke|p2|Dusclops, F|
|poke|p2|Walking Wake|
|poke|p2|Torkoal, M|
|poke|p2|Lilligant-Hisui, F|
|teampreview
|
|t:|1779604346
|teamsize|p1|6
|teamsize|p2|6
|start
|switch|p1a: Pecharunt|Pecharunt|100/100
|switch|p2a: Galvantula|Galvantula, F|100/100
|turn|1
|
|t:|1779604353
|move|p2a: Galvantula|Sticky Web|p1a: Pecharunt
|-sidestart|p1: MassholeFlatlander|move: Sticky Web
|move|p1a: Pecharunt|Parting Shot|p2a: Galvantula
|-unboost|p2a: Galvantula|atk|1
|-unboost|p2a: Galvantula|spa|1
|
|t:|1779604363
|switch|p1a: Kingambit|Kingambit, F|100/100|[from] Parting Shot
|-activate|p1a: Kingambit|move: Sticky Web
|-unboost|p1a: Kingambit|spe|1
|-ability|p1a: Kingambit|Defiant|boost
|-boost|p1a: Kingambit|atk|2
|
|upkeep
|turn|2
|
|t:|1779604374
|move|p2a: Galvantula|Volt Switch|p1a: Kingambit
|-damage|p1a: Kingambit|92/100
|
|t:|1779604378
|switch|p2a: Torkoal|Torkoal, M|100/100|[from] Volt Switch
|-weather|SunnyDay|[from] ability: Drought|[of] p2a: Torkoal
|move|p1a: Kingambit|Kowtow Cleave|p2a: Torkoal
|-crit|p2a: Torkoal
|-damage|p2a: Torkoal|32/100
|
|-weather|SunnyDay|[upkeep]
|upkeep
|turn|3
|
|t:|1779604389
|move|p1a: Kingambit|Sucker Punch|p2a: Torkoal
|-damage|p2a: Torkoal|0 fnt
|faint|p2a: Torkoal
|
|-weather|SunnyDay|[upkeep]
|upkeep
|
|t:|1779604397
|switch|p2a: Lilligant|Lilligant-Hisui, F|100/100
|turn|4
|
|t:|1779604416
|switch|p1a: Pecharunt|Pecharunt|100/100
|move|p2a: Lilligant|Close Combat|p1a: Pecharunt
|-immune|p1a: Pecharunt
|
|-weather|SunnyDay|[upkeep]
|upkeep
|turn|5
|
|t:|1779604425
|switch|p2a: Walking Wake|Walking Wake|100/100
|-activate|p2a: Walking Wake|ability: Protosynthesis
|-start|p2a: Walking Wake|protosynthesisspa
|move|p1a: Pecharunt|Malignant Chain|p2a: Walking Wake
|-damage|p2a: Walking Wake|62/100
|-status|p2a: Walking Wake|tox
|-start|p2a: Walking Wake|confusion|[from] ability: Poison Puppeteer|[of] p1a: Pecharunt
|
|-weather|SunnyDay|[upkeep]
|-damage|p2a: Walking Wake|56/100 tox|[from] psn
|upkeep
|turn|6
|
|t:|1779604442
|switch|p1a: Milotic|Milotic, M|100/100
|-activate|p1a: Milotic|move: Sticky Web
|-unboost|p1a: Milotic|spe|1
|-ability|p1a: Milotic|Competitive|boost
|-boost|p1a: Milotic|spa|2
|-activate|p2a: Walking Wake|confusion
|move|p2a: Walking Wake|Knock Off|p1a: Milotic
|-damage|p1a: Milotic|75/100
|-enditem|p1a: Milotic|Choice Scarf|[from] move: Knock Off|[of] p2a: Walking Wake
|
|-weather|none
|-end|p2a: Walking Wake|Protosynthesis
|-damage|p2a: Walking Wake|44/100 tox|[from] psn
|upkeep
|-enditem|p2a: Walking Wake|Booster Energy
|-activate|p2a: Walking Wake|ability: Protosynthesis|[fromitem]
|-start|p2a: Walking Wake|protosynthesisspa
|turn|7
|
|t:|1779604461
|-end|p2a: Walking Wake|Protosynthesis|[silent]
|switch|p2a: Galvantula|Galvantula, F|100/100
|move|p1a: Milotic|Dragon Pulse|p2a: Galvantula
|-damage|p2a: Galvantula|0 fnt
|faint|p2a: Galvantula
|
|upkeep
|
|t:|1779604478
|switch|p2a: Dusclops|Dusclops, F|100/100
|turn|8
|
|t:|1779604483
|move|p1a: Milotic|Hydro Pump|p2a: Dusclops
|-damage|p2a: Dusclops|38/100
|move|p2a: Dusclops|Will-O-Wisp|p1a: Milotic
|-status|p1a: Milotic|brn
|
|-damage|p1a: Milotic|68/100 brn|[from] brn
|upkeep
|turn|9
|
|t:|1779604492
|move|p1a: Milotic|Hydro Pump|p2a: Dusclops
|-damage|p2a: Dusclops|0 fnt
|faint|p2a: Dusclops
|
|-damage|p1a: Milotic|62/100 brn|[from] brn
|upkeep
|
|t:|1779604498
|switch|p2a: Lilligant|Lilligant-Hisui, F|100/100
|turn|10
|
|t:|1779604501
|move|p2a: Lilligant|Giga Drain|p1a: Milotic
|-supereffective|p1a: Milotic
|-damage|p1a: Milotic|38/100 brn
|move|p1a: Milotic|Dragon Pulse|p2a: Lilligant
|-damage|p2a: Lilligant|44/100
|
|-damage|p1a: Milotic|32/100 brn|[from] brn
|upkeep
|turn|11
|
|t:|1779604510
|move|p2a: Lilligant|Giga Drain|p1a: Milotic
|-supereffective|p1a: Milotic
|-damage|p1a: Milotic|6/100 brn
|-heal|p2a: Lilligant|59/100|[from] drain|[of] p1a: Milotic
|move|p1a: Milotic|Ice Beam|p2a: Lilligant
|-supereffective|p2a: Lilligant
|-damage|p2a: Lilligant|0 fnt
|faint|p2a: Lilligant
|
|-damage|p1a: Milotic|0 fnt|[from] brn
|faint|p1a: Milotic
|upkeep
|
|t:|1779604524
|switch|p2a: Ceruledge|Ceruledge, M|100/100
|switch|p1a: Blaziken|Blaziken, F|100/100
|turn|12
|
|t:|1779604531
|move|p2a: Ceruledge|Poltergeist|p1a: Blaziken
|-activate|p1a: Blaziken|move: Poltergeist|Heavy-Duty Boots
|-damage|p1a: Blaziken|17/100
|move|p1a: Blaziken|Scorching Sands|p2a: Ceruledge
|-supereffective|p2a: Ceruledge
|-damage|p2a: Ceruledge|48/100
|-enditem|p2a: Ceruledge|Weakness Policy
|-boost|p2a: Ceruledge|atk|2|[from] item: Weakness Policy
|-boost|p2a: Ceruledge|spa|2|[from] item: Weakness Policy
|
|-ability|p1a: Blaziken|Speed Boost|boost
|-boost|p1a: Blaziken|spe|1
|upkeep
|turn|13
|
|t:|1779604543
|move|p1a: Blaziken|Protect|p1a: Blaziken
|-singleturn|p1a: Blaziken|Protect
|move|p2a: Ceruledge|Shadow Sneak|p1a: Blaziken
|-activate|p1a: Blaziken|move: Protect
|
|-ability|p1a: Blaziken|Speed Boost|boost
|-boost|p1a: Blaziken|spe|1
|upkeep
|turn|14
|
|t:|1779604553
|move|p2a: Ceruledge|Shadow Sneak|p1a: Blaziken
|-damage|p1a: Blaziken|0 fnt
|faint|p1a: Blaziken
|
|upkeep
|
|t:|1779604561
|switch|p1a: Hariyama|Hariyama, M|100/100
|-activate|p1a: Hariyama|move: Sticky Web
|-unboost|p1a: Hariyama|spe|1
|turn|15
|
|t:|1779604569
|move|p2a: Ceruledge|Bitter Blade|p1a: Hariyama
|-damage|p1a: Hariyama|33/100
|-heal|p2a: Ceruledge|98/100|[from] drain|[of] p1a: Hariyama
|move|p1a: Hariyama|Bulk Up|p1a: Hariyama
|-boost|p1a: Hariyama|atk|1
|-boost|p1a: Hariyama|def|1
|
|-status|p1a: Hariyama|brn|[from] item: Flame Orb
|upkeep
|turn|16
|
|t:|1779604585
|move|p1a: Hariyama|Bullet Punch|p2a: Ceruledge
|-resisted|p2a: Ceruledge
|-damage|p2a: Ceruledge|77/100
|-ability|p2a: Ceruledge|Weak Armor|boost
|-unboost|p2a: Ceruledge|def|1
|-boost|p2a: Ceruledge|spe|2
|move|p2a: Ceruledge|Poltergeist|p1a: Hariyama
|-activate|p1a: Hariyama|move: Poltergeist|Flame Orb
|-damage|p1a: Hariyama|0 fnt
|faint|p1a: Hariyama
|
|upkeep
|
|t:|1779604597
|switch|p1a: Kingambit|Kingambit, F|92/100
|-activate|p1a: Kingambit|move: Sticky Web
|-unboost|p1a: Kingambit|spe|1
|-ability|p1a: Kingambit|Defiant|boost
|-boost|p1a: Kingambit|atk|2
|turn|17
|
|t:|1779604607
|-terastallize|p2a: Ceruledge|Fire
|move|p1a: Kingambit|Sucker Punch|p2a: Ceruledge
|-damage|p2a: Ceruledge|0 fnt
|faint|p2a: Ceruledge
|
|upkeep
|
|t:|1779604612
|switch|p2a: Walking Wake|Walking Wake|44/100 tox
|turn|18
|
|t:|1779604616
|move|p2a: Walking Wake|Hydro Steam|p1a: Kingambit
|-damage|p1a: Kingambit|71/100
|move|p1a: Kingambit|Kowtow Cleave|p2a: Walking Wake
|-damage|p2a: Walking Wake|0 fnt
|faint|p2a: Walking Wake
|-end|p2a: Walking Wake|Protosynthesis|[silent]
|
|win|MassholeFlatlander
|raw|MassholeFlatlander's rating: 1116 &rarr; <strong>1143</strong><br />(+27 for winning)
|raw|adamecek's rating: 1147 &rarr; <strong>1120</strong><br />(-27 for losing)
|l|☆adamecek
|player|p2|
|l|☆MassholeFlatlander
|player|p1|
