|j|☆KenjiShiguma
|j|☆Megachamp100
|t:|1779706493
|gametype|singles
|player|p1|KenjiShiguma|pokemonbreeder-gen4|1141
|player|p2|Megachamp100|marshal|1082
|gen|9
|tier|[Gen 9] OU
|rated|
|rule|HP Percentage Mod: HP is shown in percentages
|rule|Endless Battle Clause: Forcing endless battles is banned
|rule|Species Clause: Limit one of each Pokémon
|rule|OHKO Clause: OHKO moves are banned
|rule|Evasion Items Clause: Evasion items are banned
|rule|Evasion Moves Clause: Evasion moves are banned
|rule|Evasion Abilities Clause: Evasion abilities are banned
|rule|Sleep Moves Clause: Sleep-inducing moves are banned
|clearpoke
|poke|p1|Golduck, F|
|poke|p1|Porygon2|
|poke|p1|Gardevoir, M|
|poke|p1|Grumpig, M|
|poke|p1|Toxapex, F|
|poke|p1|Hatterene, F|
|poke|p2|Forretress, M|
|poke|p2|Slowking-Galar, M|
|poke|p2|Clefable, M|
|poke|p2|Zapdos|
|poke|p2|Arcanine, M|
|poke|p2|Ursaluna, F|
|teampreview
|
|t:|1779706502
|teamsize|p1|6
|teamsize|p2|6
|start
|switch|p1a: Hatterene|Hatterene, F|100/100
|switch|p2a: Slowking|Slowking-Galar, M|100/100
|turn|1
|
|t:|1779706508
|switch|p2a: Ursaluna|Ursaluna, F|100/100
|move|p1a: Hatterene|Nuzzle|p2a: Ursaluna
|-immune|p2a: Ursaluna
|
|-status|p2a: Ursaluna|brn|[from] item: Flame Orb
|upkeep
|turn|2
|
|t:|1779706516
|move|p2a: Ursaluna|Facade|p1a: Hatterene
|-damage|p1a: Hatterene|0 fnt
|faint|p1a: Hatterene
|
|-damage|p2a: Ursaluna|94/100 brn|[from] brn
|upkeep
|
|t:|1779706526
|switch|p1a: Golduck|Golduck, F|100/100
|-ability|p1a: Golduck|Cloud Nine
|turn|3
|
|t:|1779706531
|switch|p2a: Clefable|Clefable, M|100/100
|move|p1a: Golduck|Simple Beam|p2a: Clefable
|-ability|p2a: Clefable|Simple|Magic Guard|[from] move: Simple Beam
|
|upkeep
|turn|4
|
|t:|1779706539
|switch|p1a: Gardevoir|Gardevoir, M|100/100
|-ability|p1a: Gardevoir|Simple|Trace|[from] ability: Trace|[of] p2a: Clefable
|move|p2a: Clefable|Thunderbolt|p1a: Gardevoir
|-damage|p1a: Gardevoir|73/100
|-damage|p2a: Clefable|91/100|[from] item: Life Orb
|
|-heal|p1a: Gardevoir|80/100|[from] item: Leftovers
|upkeep
|turn|5
|
|t:|1779706554
|move|p1a: Gardevoir|Calm Mind|p1a: Gardevoir
|-boost|p1a: Gardevoir|spa|2
|-boost|p1a: Gardevoir|spd|2
|move|p2a: Clefable|Moonblast|p1a: Gardevoir
|-damage|p1a: Gardevoir|56/100
|-unboost|p1a: Gardevoir|spa|2
|-damage|p2a: Clefable|81/100|[from] item: Life Orb
|
|-heal|p1a: Gardevoir|63/100|[from] item: Leftovers
|upkeep
|turn|6
|
|t:|1779706565
|move|p1a: Gardevoir|Calm Mind|p1a: Gardevoir
|-boost|p1a: Gardevoir|spa|2
|-boost|p1a: Gardevoir|spd|2
|move|p2a: Clefable|Moonblast|p1a: Gardevoir
|-damage|p1a: Gardevoir|47/100
|-damage|p2a: Clefable|71/100|[from] item: Life Orb
|
|-heal|p1a: Gardevoir|53/100|[from] item: Leftovers
|upkeep
|turn|7
|
|t:|1779706580
|move|p1a: Gardevoir|Calm Mind|p1a: Gardevoir
|-boost|p1a: Gardevoir|spa|2
|-boost|p1a: Gardevoir|spd|2
|move|p2a: Clefable|Moonblast|p1a: Gardevoir
|-damage|p1a: Gardevoir|42/100
|-unboost|p1a: Gardevoir|spa|2
|-damage|p2a: Clefable|61/100|[from] item: Life Orb
|
|-heal|p1a: Gardevoir|48/100|[from] item: Leftovers
|upkeep
|turn|8
|
|t:|1779706592
|move|p1a: Gardevoir|Draining Kiss|p2a: Clefable
|-damage|p2a: Clefable|11/100
|-heal|p1a: Gardevoir|100/100|[from] drain|[of] p2a: Clefable
|move|p2a: Clefable|Moonblast|p1a: Gardevoir
|-damage|p1a: Gardevoir|90/100
|-damage|p2a: Clefable|1/100|[from] item: Life Orb
|
|-heal|p1a: Gardevoir|96/100|[from] item: Leftovers
|upkeep
|turn|9
|
|t:|1779706605
|move|p1a: Gardevoir|Charge Beam|p2a: Clefable
|-damage|p2a: Clefable|0 fnt
|faint|p2a: Clefable
|
|-heal|p1a: Gardevoir|100/100|[from] item: Leftovers
|upkeep
|
|t:|1779706613
|switch|p2a: Forretress|Forretress, M, shiny|100/100
|turn|10
|
|t:|1779706616
|move|p1a: Gardevoir|Charge Beam|p2a: Forretress|[miss]
|-miss|p1a: Gardevoir|p2a: Forretress
|move|p2a: Forretress|Pain Split|p1a: Gardevoir
|-sethp|p1a: Gardevoir|100/100|[from] move: Pain Split|[silent]
|-sethp|p2a: Forretress|89/100|[from] move: Pain Split
|
|upkeep
|turn|11
|
|t:|1779706624
|move|p1a: Gardevoir|Stored Power|p2a: Forretress
|-resisted|p2a: Forretress
|-damage|p2a: Forretress|0 fnt
|faint|p2a: Forretress
|
|upkeep
|
|t:|1779706633
|switch|p2a: Arcanine|Arcanine, M, shiny|100/100
|-ability|p2a: Arcanine|Intimidate|boost
|-unboost|p1a: Gardevoir|atk|2
|turn|12
|
|t:|1779706642
|move|p2a: Arcanine|Extreme Speed|p1a: Gardevoir
|-damage|p1a: Gardevoir|23/100
|move|p1a: Gardevoir|Stored Power|p2a: Arcanine
|-damage|p2a: Arcanine|0 fnt
|faint|p2a: Arcanine
|
|-heal|p1a: Gardevoir|29/100|[from] item: Leftovers
|upkeep
|-message|Megachamp100 forfeited.
|
|win|KenjiShiguma
|raw|KenjiShiguma's rating: 1141 &rarr; <strong>1162</strong><br />(+21 for winning)
|raw|Megachamp100's rating: 1082 &rarr; <strong>1063</strong><br />(-19 for losing)
|l|☆Megachamp100
|player|p2|
|l|☆KenjiShiguma
|player|p1|
