|j|☆encore21768768
|j|☆Abyssal Bot
|t:|1779629471
|gametype|singles
|player|p1|encore21768768|266|
|player|p2|Abyssal Bot|supernerd|
|teamsize|p1|6
|teamsize|p2|6
|gen|9
|tier|[Gen 9] OU
|rule|Species Clause: Limit one of each Pokémon
|rule|OHKO Clause: OHKO moves are banned
|rule|Evasion Items Clause: Evasion items are banned
|rule|Evasion Moves Clause: Evasion moves are banned
|rule|Endless Battle Clause: Forcing endless battles is banned
|rule|HP Percentage Mod: HP is shown in percentages
|rule|Sleep Moves Clause: Sleep-inducing moves are banned
|clearpoke
|poke|p1|Clefable, M|
|poke|p1|Kommo-o, F|
|poke|p1|Deoxys-Speed|
|poke|p1|Arboliva, F|
|poke|p1|Dragalge, F|
|poke|p1|Ogerpon, F|
|poke|p2|Darkrai|
|poke|p2|Kingambit, F|
|poke|p2|Roaring Moon|
|poke|p2|Zamazenta-*|
|poke|p2|Glimmora, F|
|poke|p2|Enamorus, F|
|teampreview
|c|☆Abyssal Bot|**WARNING**: Expect much hax.
|inactive|Battle timer is ON: inactive players will automatically lose when time's up. (requested by Abyssal Bot)
|j|*Turbo Bottttt
|
|t:|1779629473
|start
|switch|p1a: coconut|Kommo-o, F|100/100
|switch|p2a: Enamorus|Enamorus, F|100/100
|turn|1
|
|t:|1779629477
|switch|p1a: financial|Deoxys-Speed|100/100
|-ability|p1a: financial|Pressure
|move|p2a: Enamorus|Moonblast|p1a: financial
|-damage|p1a: financial|8/100
|-unboost|p1a: financial|spa|1
|
|upkeep
|turn|2
|
|t:|1779629481
|move|p1a: financial|Stealth Rock|p2a: Enamorus
|-sidestart|p2: Abyssal Bot|move: Stealth Rock
|move|p2a: Enamorus|Moonblast|p1a: financial
|-damage|p1a: financial|0
|faint|p1a: financial
|
|upkeep
|
|t:|1779629487
|switch|p1a: i know|Dragalge, F|100/100
|turn|3
|
|t:|1779629489
|move|p2a: Enamorus|Moonblast|p1a: i know
|-damage|p1a: i know|55/100
|move|p1a: i know|Sludge Bomb|p2a: Enamorus
|-supereffective|p2a: Enamorus
|-damage|p2a: Enamorus|0
|faint|p2a: Enamorus
|
|upkeep
|
|t:|1779629489
|switch|p2a: Kingambit|Kingambit, F|100/100
|-item|p2a: Kingambit|Air Balloon
|-damage|p2a: Kingambit|94/100|[from] Stealth Rock|[of] p1: financial
|-activate|p2a: Kingambit|ability: Supreme Overlord
|-start|p2a: Kingambit|fallen1|[silent]
|turn|4
|
|t:|1779629493
|switch|p1a: coconut|Kommo-o, F|100/100
|move|p2a: Kingambit|Iron Head|p1a: coconut
|-damage|p1a: coconut|59/100
|
|upkeep
|turn|5
|
|t:|1779629496
|move|p1a: coconut|Low Kick|p2a: Kingambit
|-supereffective|p2a: Kingambit
|-damage|p2a: Kingambit|0
|-enditem|p2a: Kingambit|Air Balloon
|faint|p2a: Kingambit
|-end|p2a: Kingambit|fallen1|[silent]
|-damage|p1a: coconut|49/100|[from] item: Life Orb
|
|upkeep
|
|t:|1779629496
|switch|p2a: Glimmora|Glimmora, F|100/100
|-damage|p2a: Glimmora|88/100|[from] Stealth Rock|[of] p1: financial
|turn|6
|
|t:|1779629500
|move|p2a: Glimmora|Power Gem|p1a: coconut
|-resisted|p1a: coconut
|-crit|p1a: coconut
|-damage|p1a: coconut|18/100
|move|p1a: coconut|Clangorous Soul||[still]
|-fail|p1a: coconut
|
|upkeep
|turn|7
|c|☆Abyssal Bot|LOL Die!
|
|t:|1779629516
|move|p2a: Glimmora|Power Gem|p1a: coconut
|-resisted|p1a: coconut
|-damage|p1a: coconut|0
|faint|p1a: coconut
|
|upkeep
|
|t:|1779629518
|switch|p1a: the idea|Arboliva, F|100/100
|turn|8
|
|t:|1779629519
|move|p2a: Glimmora|Power Gem|p1a: the idea
|-damage|p1a: the idea|65/100
|-fieldstart|move: Grassy Terrain|[from] ability: Seed Sower|[of] p1a: the idea
|move|p1a: the idea|Earth Power|p2a: Glimmora
|-supereffective|p2a: Glimmora
|-damage|p2a: Glimmora|0
|faint|p2a: Glimmora
|
|-heal|p1a: the idea|71/100|[from] Grassy Terrain
|upkeep
|
|t:|1779629520
|switch|p2a: Roaring Moon|Roaring Moon|100/100
|-damage|p2a: Roaring Moon|88/100|[from] Stealth Rock|[of] p1: financial
|-enditem|p2a: Roaring Moon|Booster Energy
|-activate|p2a: Roaring Moon|ability: Protosynthesis|[fromitem]
|-start|p2a: Roaring Moon|protosynthesisatk
|turn|9
|
|t:|1779629522
|move|p2a: Roaring Moon|Acrobatics|p1a: the idea
|-supereffective|p1a: the idea
|-damage|p1a: the idea|0
|faint|p1a: the idea
|
|-heal|p2a: Roaring Moon|94/100|[from] Grassy Terrain
|upkeep
|
|t:|1779629530
|switch|p1a: basket|Clefable, M|100/100
|turn|10
|
|t:|1779629531
|-end|p2a: Roaring Moon|Protosynthesis|[silent]
|switch|p2a: Darkrai|Darkrai|100/100
|-damage|p2a: Darkrai|88/100|[from] Stealth Rock|[of] p1: financial
|move|p1a: basket|Calm Mind|p1a: basket
|-boost|p1a: basket|spa|1
|-boost|p1a: basket|spd|1
|
|-heal|p2a: Darkrai|94/100|[from] Grassy Terrain
|upkeep
|turn|11
|
|t:|1779629538
|move|p2a: Darkrai|Sludge Bomb|p1a: basket
|-supereffective|p1a: basket
|-damage|p1a: basket|50/100
|-status|p1a: basket|psn
|move|p1a: basket|Moonblast|p2a: Darkrai
|-supereffective|p2a: Darkrai
|-damage|p2a: Darkrai|0
|faint|p2a: Darkrai
|
|-heal|p1a: basket|57/100 psn|[from] Grassy Terrain
|-damage|p1a: basket|44/100 psn|[from] psn|[of] p2: Darkrai
|upkeep
|
|t:|1779629538
|switch|p2a: Zamazenta|Zamazenta|100/100
|-damage|p2a: Zamazenta|94/100|[from] Stealth Rock|[of] p1: financial
|-ability|p2a: Zamazenta|Dauntless Shield|boost
|-boost|p2a: Zamazenta|def|1
|turn|12
|
|t:|1779629549
|move|p2a: Zamazenta|Heavy Slam|p1a: basket
|-supereffective|p1a: basket
|-damage|p1a: basket|0 psn
|faint|p1a: basket
|
|-heal|p2a: Zamazenta|100/100|[from] Grassy Terrain
|upkeep
|
|t:|1779629554
|switch|p1a: i know|Dragalge, F|55/100
|turn|13
|
|t:|1779629558
|move|p2a: Zamazenta|Heavy Slam|p1a: i know
|-crit|p1a: i know
|-damage|p1a: i know|37/100
|move|p1a: i know|Draco Meteor|p2a: Zamazenta
|-damage|p2a: Zamazenta|21/100
|-unboost|p1a: i know|spa|2
|
|-heal|p2a: Zamazenta|27/100|[from] Grassy Terrain
|-heal|p2a: Zamazenta|33/100|[from] item: Leftovers
|-heal|p1a: i know|43/100|[from] Grassy Terrain
|upkeep
|turn|14
|c|☆Abyssal Bot|LOL Die!
|
|t:|1779629562
|move|p2a: Zamazenta|Heavy Slam|p1a: i know
|-damage|p1a: i know|30/100
|move|p1a: i know|Draco Meteor|p2a: Zamazenta
|-damage|p2a: Zamazenta|0
|-unboost|p1a: i know|spa|2
|faint|p2a: Zamazenta
|
|-heal|p1a: i know|36/100|[from] Grassy Terrain
|upkeep
|
|t:|1779629562
|switch|p2a: Roaring Moon|Roaring Moon|94/100
|-damage|p2a: Roaring Moon|82/100|[from] Stealth Rock|[of] p1: financial
|turn|15
|
|t:|1779629564
|move|p2a: Roaring Moon|Acrobatics|p1a: i know
|-damage|p1a: i know|4/100
|move|p1a: i know|Draco Meteor|p2a: Roaring Moon|[miss]
|-miss|p1a: i know|p2a: Roaring Moon
|
|-heal|p2a: Roaring Moon|88/100|[from] Grassy Terrain
|-heal|p1a: i know|10/100|[from] Grassy Terrain
|-fieldend|move: Grassy Terrain
|upkeep
|turn|16
|c|☆Abyssal Bot|I had warned you about hax!! HAHAHA
|
|t:|1779629567
|move|p2a: Roaring Moon|Acrobatics|p1a: i know
|-damage|p1a: i know|0
|faint|p1a: i know
|
|upkeep
|
|t:|1779629569
|switch|p1a: circumstances|Ogerpon, F|100/100
|turn|17
|
|t:|1779629571
|move|p2a: Roaring Moon|Knock Off|p1a: circumstances
|-damage|p1a: circumstances|41/100
|-enditem|p1a: circumstances|Heavy-Duty Boots|[from] move: Knock Off|[of] p2a: Roaring Moon
|move|p1a: circumstances|Trailblaze|p2a: Roaring Moon
|-resisted|p2a: Roaring Moon
|-damage|p2a: Roaring Moon|75/100
|-boost|p1a: circumstances|spe|1
|
|upkeep
|turn|18
|
|t:|1779629574
|move|p1a: circumstances|Low Kick|p2a: Roaring Moon
|-supereffective|p2a: Roaring Moon
|-damage|p2a: Roaring Moon|0
|faint|p2a: Roaring Moon
|-end|p2a: Roaring Moon|Protosynthesis|[silent]
|
|win|encore21768768
|c|☆Abyssal Bot|This loss doesn't matter, because I'm just a bot.
|l|☆Abyssal Bot
|player|p2|
|l|*Turbo Bottttt
