|j|☆The ZU Wanderer
|j|☆loomiboi2
|t:|1779595490
|gametype|singles
|player|p1|The ZU Wanderer|roughneck|1318
|player|p2|loomiboi2|101|1328
|gen|9
|tier|[Gen 9] OU
|rated|
|rule|HP Percentage Mod: HP is shown in percentages
|rule|Endless Battle Clause: Forcing endless battles is banned
|rule|Species Clause: Limit one of each Pokémon
|rule|OHKO Clause: OHKO moves are banned
|rule|Evasion Items Clause: Evasion items are banned
|rule|Evasion Moves Clause: Evasion moves are banned
|rule|Evasion Abilities Clause: Evasion abilities are banned
|rule|Sleep Moves Clause: Sleep-inducing moves are banned
|clearpoke
|poke|p1|Honchkrow, M|
|poke|p1|Komala, F|
|poke|p1|Masquerain, M|
|poke|p1|Spiritomb, F|
|poke|p1|Lanturn, F|
|poke|p1|Torracat, F|
|poke|p2|Alomomola, M|
|poke|p2|Slowking-Galar, F|
|poke|p2|Hydrapple, M|
|poke|p2|Dragapult, F|
|poke|p2|Great Tusk|
|poke|p2|Darkrai|
|teampreview
|
|t:|1779595500
|teamsize|p1|6
|teamsize|p2|6
|start
|switch|p1a: Honchkrow|Honchkrow, M|100/100
|switch|p2a: Great Tusk|Great Tusk|100/100
|turn|1
|
|t:|1779595509
|switch|p1a: Masquerain|Masquerain, M, shiny|100/100
|-ability|p1a: Masquerain|Intimidate|boost
|-unboost|p2a: Great Tusk|atk|1
|move|p2a: Great Tusk|Stealth Rock|p1a: Masquerain
|-sidestart|p1: The ZU Wanderer|move: Stealth Rock
|
|upkeep
|turn|2
|inactive|Battle timer is ON: inactive players will automatically lose when time's up. (requested by The ZU Wanderer)
|
|t:|1779595516
|-end|p2a: Great Tusk|Protosynthesis|[silent]
|switch|p2a: Alomomola|Alomomola, M|100/100
|move|p1a: Masquerain|Hydro Pump|p2a: Alomomola
|-resisted|p2a: Alomomola
|-damage|p2a: Alomomola|80/100
|
|upkeep
|turn|3
|
|t:|1779595522
|switch|p1a: Komala|Komala, F, shiny|100/100
|-damage|p1a: Komala|88/100|[from] Stealth Rock
|-ability|p1a: Komala|Comatose
|move|p2a: Alomomola|Flip Turn|p1a: Komala
|-damage|p1a: Komala|63/100
|
|t:|1779595534
|switch|p2a: Dragapult|Dragapult, F|100/100|[from] Flip Turn
|
|upkeep
|turn|4
|
|t:|1779595537
|move|p2a: Dragapult|Will-O-Wisp|p1a: Komala
|-immune|p1a: Komala|[from] ability: Comatose
|move|p1a: Komala|Knock Off|p2a: Dragapult
|-supereffective|p2a: Dragapult
|-damage|p2a: Dragapult|13/100
|-enditem|p2a: Dragapult|Heavy-Duty Boots|[from] move: Knock Off|[of] p1a: Komala
|
|upkeep
|turn|5
|
|t:|1779595544
|move|p2a: Dragapult|U-turn|p1a: Komala
|-damage|p1a: Komala|34/100
|c|☆loomiboi2|would you believe me if I said I misclicked
|
|t:|1779595552
|switch|p2a: Alomomola|Alomomola, M|100/100|[from] U-turn
|move|p1a: Komala|Knock Off|p2a: Alomomola
|-damage|p2a: Alomomola|82/100
|-enditem|p2a: Alomomola|Heavy-Duty Boots|[from] move: Knock Off|[of] p1a: Komala
|
|upkeep
|turn|6
|
|t:|1779595559
|move|p1a: Komala|Rapid Spin|p2a: Alomomola
|-damage|p2a: Alomomola|67/100
|-boost|p1a: Komala|spe|1
|-sideend|p1: The ZU Wanderer|Stealth Rock|[from] move: Rapid Spin|[of] p1a: Komala
|move|p2a: Alomomola|Flip Turn|p1a: Komala
|-damage|p1a: Komala|7/100
|
|t:|1779595565
|switch|p2a: Great Tusk|Great Tusk|100/100|[from] Flip Turn
|
|upkeep
|turn|7
|
|t:|1779595570
|move|p2a: Great Tusk|Stealth Rock|p1a: Komala
|-sidestart|p1: The ZU Wanderer|move: Stealth Rock
|move|p1a: Komala|Rapid Spin|p2a: Great Tusk
|-damage|p2a: Great Tusk|79/100
|-boost|p1a: Komala|spe|1
|-sideend|p1: The ZU Wanderer|Stealth Rock|[from] move: Rapid Spin|[of] p1a: Komala
|
|upkeep
|turn|8
|
|t:|1779595577
|move|p1a: Komala|Ice Spinner|p2a: Great Tusk
|-supereffective|p2a: Great Tusk
|-damage|p2a: Great Tusk|39/100
|move|p2a: Great Tusk|Rapid Spin|p1a: Komala
|-damage|p1a: Komala|0 fnt
|-boost|p2a: Great Tusk|spe|1
|faint|p1a: Komala
|
|upkeep
|
|t:|1779595584
|switch|p1a: Masquerain|Masquerain, M, shiny|100/100
|-ability|p1a: Masquerain|Intimidate|boost
|-unboost|p2a: Great Tusk|atk|1
|turn|9
|
|t:|1779595589
|move|p2a: Great Tusk|Stealth Rock|p1a: Masquerain
|-sidestart|p1: The ZU Wanderer|move: Stealth Rock
|move|p1a: Masquerain|Ice Beam|p2a: Great Tusk
|-supereffective|p2a: Great Tusk
|-damage|p2a: Great Tusk|0 fnt
|faint|p2a: Great Tusk
|-end|p2a: Great Tusk|Protosynthesis|[silent]
|
|upkeep
|
|t:|1779595594
|switch|p2a: Alomomola|Alomomola, M|100/100
|turn|10
|
|t:|1779595601
|switch|p1a: Spiritomb|Spiritomb, F, shiny|100/100
|move|p2a: Alomomola|Wish|p2a: Alomomola
|
|upkeep
|turn|11
|
|t:|1779595611
|move|p2a: Alomomola|Flip Turn|p1a: Spiritomb
|-damage|p1a: Spiritomb|87/100
|
|t:|1779595614
|switch|p2a: Hydrapple|Hydrapple, M|100/100|[from] Flip Turn
|move|p1a: Spiritomb|Foul Play|p2a: Hydrapple
|-damage|p2a: Hydrapple|89/100
|
|-heal|p2a: Hydrapple|100/100|[from] move: Wish|[wisher] Alomomola
|upkeep
|turn|12
|inactive|loomiboi2 has 120 seconds left.
|
|t:|1779595652
|move|p2a: Hydrapple|Nasty Plot|p2a: Hydrapple
|-boost|p2a: Hydrapple|spa|2
|move|p1a: Spiritomb|Toxic|p2a: Hydrapple
|-status|p2a: Hydrapple|tox
|
|-damage|p2a: Hydrapple|94/100 tox|[from] psn
|upkeep
|turn|13
|
|t:|1779595660
|move|p2a: Hydrapple|Fickle Beam|p1a: Spiritomb|[anim] Fickle Beam All Out
|-activate|p2a: Hydrapple|move: Fickle Beam
|-damage|p1a: Spiritomb|0 fnt
|faint|p1a: Spiritomb
|
|-damage|p2a: Hydrapple|82/100 tox|[from] psn
|upkeep
|
|t:|1779595672
|switch|p1a: Torracat|Torracat, F, shiny|100/100
|-damage|p1a: Torracat|76/100|[from] Stealth Rock
|-ability|p1a: Torracat|Intimidate|boost
|-unboost|p2a: Hydrapple|atk|1
|turn|14
|
|t:|1779595678
|move|p1a: Torracat|Fake Out|p2a: Hydrapple
|-damage|p2a: Hydrapple|75/100 tox
|-damage|p1a: Torracat|66/100|[from] item: Life Orb
|cant|p2a: Hydrapple|flinch
|
|-damage|p2a: Hydrapple|57/100 tox|[from] psn
|upkeep
|turn|15
|
|t:|1779595686
|switch|p2a: Alomomola|Alomomola, M|100/100
|-terastallize|p1a: Torracat|Bug
|move|p1a: Torracat|Leech Life|p2a: Alomomola
|-damage|p2a: Alomomola|80/100
|-heal|p1a: Torracat|86/100|[from] drain|[of] p2a: Alomomola
|-damage|p1a: Torracat|76/100|[from] item: Life Orb
|
|upkeep
|turn|16
|
|t:|1779595696
|move|p1a: Torracat|Leech Life|p2a: Alomomola
|-damage|p2a: Alomomola|58/100
|-heal|p1a: Torracat|98/100|[from] drain|[of] p2a: Alomomola
|-damage|p1a: Torracat|88/100|[from] item: Life Orb
|move|p2a: Alomomola|Flip Turn|p1a: Torracat
|-damage|p1a: Torracat|50/100
|
|t:|1779595709
|switch|p2a: Darkrai|Darkrai|100/100|[from] Flip Turn
|
|upkeep
|turn|17
|
|t:|1779595714
|switch|p1a: Lanturn|Lanturn, F|100/100
|-damage|p1a: Lanturn|88/100|[from] Stealth Rock
|move|p2a: Darkrai|Sludge Bomb|p1a: Lanturn
|-damage|p1a: Lanturn|66/100
|
|upkeep
|turn|18
|
|t:|1779595729
|switch|p1a: Honchkrow|Honchkrow, M|100/100
|-damage|p1a: Honchkrow|76/100|[from] Stealth Rock
|move|p2a: Darkrai|Nasty Plot|p2a: Darkrai
|-boost|p2a: Darkrai|spa|2
|
|upkeep
|turn|19
|-message|The ZU Wanderer forfeited.
|
|win|loomiboi2
|raw|The ZU Wanderer's rating: 1318 &rarr; <strong>1299</strong><br />(-19 for losing)
|raw|loomiboi2's rating: 1328 &rarr; <strong>1347</strong><br />(+19 for winning)
|l|☆The ZU Wanderer
|player|p1|
|l|☆loomiboi2
|player|p2|
