|inactive|Battle timer is ON: inactive players will automatically lose when time's up.
|t:|1779567217
|gametype|singles
|player|p1|AustrianAstoria|unknown|
|player|p2|xdRudi.exe|#wcop2025germany|
|gen|9
|tier|[Gen 9] OU
|rule|HP Percentage Mod: HP is shown in percentages
|rule|Endless Battle Clause: Forcing endless battles is banned
|rule|Species Clause: Limit one of each Pokémon
|rule|OHKO Clause: OHKO moves are banned
|rule|Evasion Items Clause: Evasion items are banned
|rule|Evasion Moves Clause: Evasion moves are banned
|rule|Evasion Abilities Clause: Evasion abilities are banned
|rule|Sleep Moves Clause: Sleep-inducing moves are banned
|clearpoke
|poke|p1|Kyurem|
|poke|p1|Ogerpon-Wellspring, F|
|poke|p1|Iron Treads|
|poke|p1|Hatterene, F|
|poke|p1|Darkrai|
|poke|p1|Gliscor, M|
|poke|p2|Dragonite, F|
|poke|p2|Ting-Lu|
|poke|p2|Clefable, F|
|poke|p2|Pecharunt|
|poke|p2|Heatran, M|
|poke|p2|Zamazenta-*|
|teampreview
|c|☆xdRudi.exe|Hf
|c|☆AustrianAstoria|u2
|inactive|AustrianAstoria has 270 seconds left.
|inactive|xdRudi.exe has 270 seconds left.
|inactive|AustrianAstoria has 240 seconds left.
|
|t:|1779567289
|teamsize|p1|6
|teamsize|p2|6
|start
|switch|p1a: Gliscor|Gliscor, M|100/100
|switch|p2a: Clefable|Clefable, F|100/100
|turn|1
|
|t:|1779567300
|move|p1a: Gliscor|Protect|p1a: Gliscor
|-singleturn|p1a: Gliscor|Protect
|move|p2a: Clefable|Knock Off|p1a: Gliscor
|-activate|p1a: Gliscor|move: Protect
|
|-status|p1a: Gliscor|tox|[from] item: Toxic Orb
|upkeep
|turn|2
|
|t:|1779567309
|switch|p1a: Hatterene|Hatterene, F|100/100
|move|p2a: Clefable|Knock Off|p1a: Hatterene
|-damage|p1a: Hatterene|89/100
|-enditem|p1a: Hatterene|Rocky Helmet|[from] move: Knock Off|[of] p2a: Clefable
|
|upkeep
|turn|3
|
|t:|1779567323
|move|p2a: Clefable|Moonblast|p1a: Hatterene
|-damage|p1a: Hatterene|54/100
|-unboost|p1a: Hatterene|spa|1
|move|p1a: Hatterene|Nuzzle|p2a: Clefable
|-damage|p2a: Clefable|98/100
|-status|p2a: Clefable|par
|
|-heal|p2a: Clefable|100/100 par|[from] item: Leftovers
|upkeep
|turn|4
|
|t:|1779567333
|move|p1a: Hatterene|Future Sight|p2a: Clefable
|-start|p1a: Hatterene|move: Future Sight
|move|p2a: Clefable|Moonblast|p1a: Hatterene
|-damage|p1a: Hatterene|21/100
|
|upkeep
|turn|5
|
|t:|1779567339
|move|p1a: Hatterene|Pain Split|p2a: Clefable
|-sethp|p2a: Clefable|59/100 par|[from] move: Pain Split|[silent]
|-sethp|p1a: Hatterene|73/100|[from] move: Pain Split
|cant|p2a: Clefable|par
|
|-heal|p2a: Clefable|65/100 par|[from] item: Leftovers
|upkeep
|turn|6
|
|t:|1779567345
|switch|p1a: Kyurem|Kyurem|100/100
|-ability|p1a: Kyurem|Pressure
|switch|p2a: Ting-Lu|Ting-Lu|100/100
|-ability|p2a: Ting-Lu|Vessel of Ruin
|
|-end|p2a: Ting-Lu|move: Future Sight
|-immune|p2a: Ting-Lu
|upkeep
|turn|7
|
|t:|1779567359
|move|p1a: Kyurem|Ice Beam|p2a: Ting-Lu
|-supereffective|p2a: Ting-Lu
|-crit|p2a: Ting-Lu
|-damage|p2a: Ting-Lu|25/100
|-status|p2a: Ting-Lu|frz
|cant|p2a: Ting-Lu|frz
|
|-heal|p2a: Ting-Lu|31/100 frz|[from] item: Leftovers
|upkeep
|turn|8
|c|☆AustrianAstoria|lol mb
|inactive|xdRudi.exe has 270 seconds left.
|
|t:|1779567410
|switch|p2a: Zamazenta|Zamazenta|100/100
|-ability|p2a: Zamazenta|Dauntless Shield|boost
|-boost|p2a: Zamazenta|def|1
|move|p1a: Kyurem|Substitute|p1a: Kyurem
|-start|p1a: Kyurem|Substitute
|-damage|p1a: Kyurem|76/100
|
|upkeep
|turn|9
|
|t:|1779567419
|move|p1a: Kyurem|Ice Beam|p2a: Zamazenta
|-damage|p2a: Zamazenta|51/100
|move|p2a: Zamazenta|Roar|p1a: Kyurem
|drag|p1a: Iron Treads|Iron Treads|100/100
|
|upkeep
|turn|10
|
|t:|1779567435
|-end|p1a: Iron Treads|Quark Drive|[silent]
|switch|p1a: Gliscor|Gliscor, M|100/100 tox
|move|p2a: Zamazenta|Crunch|p1a: Gliscor
|-damage|p1a: Gliscor|79/100 tox
|
|-heal|p1a: Gliscor|91/100 tox|[from] ability: Poison Heal
|upkeep
|turn|11
|
|t:|1779567439
|move|p2a: Zamazenta|Ice Fang|p1a: Gliscor
|-supereffective|p1a: Gliscor
|-damage|p1a: Gliscor|25/100 tox
|move|p1a: Gliscor|Spikes|p2a: Zamazenta
|-sidestart|p2: xdRudi.exe|Spikes
|
|-heal|p1a: Gliscor|38/100 tox|[from] ability: Poison Heal
|upkeep
|turn|12
|inactive|xdRudi.exe has 270 seconds left.
|
|t:|1779567446
|move|p1a: Gliscor|Protect|p1a: Gliscor
|-singleturn|p1a: Gliscor|Protect
|move|p2a: Zamazenta|Roar|p1a: Gliscor
|drag|p1a: Iron Treads|Iron Treads|100/100
|
|upkeep
|turn|13
|
|t:|1779567475
|-end|p1a: Iron Treads|Quark Drive|[silent]
|switch|p1a: Hatterene|Hatterene, F|73/100
|move|p2a: Zamazenta|Close Combat|p1a: Hatterene
|-resisted|p1a: Hatterene
|-damage|p1a: Hatterene|60/100
|-unboost|p2a: Zamazenta|def|1
|-unboost|p2a: Zamazenta|spd|1
|
|upkeep
|turn|14
|
|t:|1779567484
|switch|p2a: Heatran|Heatran, M|100/100
|-damage|p2a: Heatran|88/100|[from] Spikes
|move|p1a: Hatterene|Dazzling Gleam|p2a: Heatran
|-resisted|p2a: Heatran
|-damage|p2a: Heatran|82/100
|
|-heal|p2a: Heatran|88/100|[from] item: Leftovers
|upkeep
|turn|15
|inactive|AustrianAstoria has 270 seconds left.
|
|t:|1779567509
|switch|p1a: Ogerpon|Ogerpon-Wellspring, F|100/100
|move|p2a: Heatran|Magma Storm|p1a: Ogerpon
|-damage|p1a: Ogerpon|54/100
|-activate|p1a: Ogerpon|move: Magma Storm|[of] p2a: Heatran
|
|-heal|p2a: Heatran|94/100|[from] item: Leftovers
|-damage|p1a: Ogerpon|41/100|[from] move: Magma Storm|[partiallytrapped]
|upkeep
|turn|16
|
|t:|1779567517
|switch|p2a: Pecharunt|Pecharunt|100/100
|move|p1a: Ogerpon|Ivy Cudgel|p2a: Pecharunt|[anim] Ivy Cudgel Water
|-damage|p2a: Pecharunt|73/100
|
|-end|p1a: Ogerpon|Magma Storm|[partiallytrapped]|[silent]
|upkeep
|turn|17
|inactive|AustrianAstoria has 270 seconds left.
|
|t:|1779567541
|switch|p1a: Iron Treads|Iron Treads|100/100
|move|p2a: Pecharunt|Shadow Ball|p1a: Iron Treads
|-damage|p1a: Iron Treads|67/100
|
|upkeep
|turn|18
|inactive|AustrianAstoria has 270 seconds left.
|
|t:|1779567553
|move|p1a: Iron Treads|Stealth Rock|p2a: Pecharunt
|-sidestart|p2: xdRudi.exe|move: Stealth Rock
|move|p2a: Pecharunt|Recover|p2a: Pecharunt
|-heal|p2a: Pecharunt|100/100
|
|upkeep
|turn|19
|
|t:|1779567558
|move|p1a: Iron Treads|Earthquake|p2a: Pecharunt
|-supereffective|p2a: Pecharunt
|-damage|p2a: Pecharunt|53/100
|move|p2a: Pecharunt|Shadow Ball|p1a: Iron Treads
|-damage|p1a: Iron Treads|32/100
|
|upkeep
|turn|20
|
|t:|1779567569
|move|p1a: Iron Treads|Earthquake|p2a: Pecharunt
|-supereffective|p2a: Pecharunt
|-damage|p2a: Pecharunt|13/100
|move|p2a: Pecharunt|Recover|p2a: Pecharunt
|-heal|p2a: Pecharunt|63/100
|
|upkeep
|turn|21
|
|t:|1779567576
|move|p1a: Iron Treads|Earthquake|p2a: Pecharunt
|-supereffective|p2a: Pecharunt
|-damage|p2a: Pecharunt|19/100
|move|p2a: Pecharunt|Recover|p2a: Pecharunt
|-heal|p2a: Pecharunt|69/100
|
|upkeep
|turn|22
|
|t:|1779567581
|-end|p1a: Iron Treads|Quark Drive|[silent]
|switch|p1a: Kyurem|Kyurem|76/100
|-ability|p1a: Kyurem|Pressure
|move|p2a: Pecharunt|Recover|p2a: Pecharunt
|-heal|p2a: Pecharunt|100/100
|
|upkeep
|turn|23
|
|t:|1779567599
|-terastallize|p1a: Kyurem|Ground
|move|p1a: Kyurem|Substitute|p1a: Kyurem
|-start|p1a: Kyurem|Substitute
|-damage|p1a: Kyurem|51/100
|move|p2a: Pecharunt|Toxic||[still]
|-fail|p2a: Pecharunt
|
|upkeep
|turn|24
|
|t:|1779567607
|switch|p2a: Ting-Lu|Ting-Lu|31/100 frz
|-damage|p2a: Ting-Lu|18/100 frz|[from] Spikes
|-damage|p2a: Ting-Lu|12/100 frz|[from] Stealth Rock
|-ability|p2a: Ting-Lu|Vessel of Ruin
|move|p1a: Kyurem|Earth Power|p2a: Ting-Lu
|-damage|p2a: Ting-Lu|0 fnt
|faint|p2a: Ting-Lu
|
|upkeep
|
|t:|1779567614
|switch|p2a: Dragonite|Dragonite, F|100/100
|turn|25
|
|t:|1779567619
|-terastallize|p2a: Dragonite|Normal
|move|p1a: Kyurem|Ice Beam|p2a: Dragonite
|-damage|p2a: Dragonite|73/100
|move|p2a: Dragonite|Earthquake|p1a: Kyurem
|-end|p1a: Kyurem|Substitute
|
|upkeep
|turn|26
|inactive|AustrianAstoria has 270 seconds left.
|inactive|xdRudi.exe has 270 seconds left.
|inactive|AustrianAstoria has 240 seconds left.
|
|t:|1779567701
|move|p2a: Dragonite|Extreme Speed|p1a: Kyurem
|-damage|p1a: Kyurem|3/100
|move|p1a: Kyurem|Ice Beam|p2a: Dragonite
|-damage|p2a: Dragonite|20/100
|
|upkeep
|turn|27
|
|t:|1779567720
|switch|p1a: Gliscor|Gliscor, M|38/100 tox
|move|p2a: Dragonite|Extreme Speed|p1a: Gliscor
|-damage|p1a: Gliscor|1/100 tox
|
|-heal|p1a: Gliscor|14/100 tox|[from] ability: Poison Heal
|upkeep
|turn|28
|
|t:|1779567728
|move|p1a: Gliscor|Toxic|p2a: Dragonite
|-status|p2a: Dragonite|tox
|move|p2a: Dragonite|Roost|p2a: Dragonite
|-heal|p2a: Dragonite|70/100 tox
|
|-heal|p1a: Gliscor|26/100 tox|[from] ability: Poison Heal
|-damage|p2a: Dragonite|64/100 tox|[from] psn
|upkeep
|turn|29
|inactive|xdRudi.exe has 270 seconds left.
|inactive|AustrianAstoria has 210 seconds left.
|
|t:|1779567749
|move|p2a: Dragonite|Extreme Speed|p1a: Gliscor
|-damage|p1a: Gliscor|0 fnt
|faint|p1a: Gliscor
|
|-damage|p2a: Dragonite|52/100 tox|[from] psn
|upkeep
|inactive|AustrianAstoria has 210 seconds left.
|
|t:|1779567765
|switch|p1a: Darkrai|Darkrai|100/100
|turn|30
|
|t:|1779567771
|switch|p2a: Clefable|Clefable, F|65/100 par
|move|p1a: Darkrai|Dark Pulse|p2a: Clefable
|-resisted|p2a: Clefable
|-damage|p2a: Clefable|33/100 par
|
|-heal|p2a: Clefable|39/100 par|[from] item: Leftovers
|upkeep
|turn|31
|
|t:|1779567778
|move|p1a: Darkrai|Dark Pulse|p2a: Clefable
|-resisted|p2a: Clefable
|-damage|p2a: Clefable|7/100 par
|cant|p2a: Clefable|flinch
|
|-heal|p2a: Clefable|13/100 par|[from] item: Leftovers
|upkeep
|turn|32
|
|t:|1779567783
|move|p1a: Darkrai|Dark Pulse|p2a: Clefable
|-resisted|p2a: Clefable
|-damage|p2a: Clefable|0 fnt
|faint|p2a: Clefable
|
|upkeep
|
|t:|1779567785
|switch|p2a: Zamazenta|Zamazenta|51/100
|turn|33
|inactive|AustrianAstoria has 240 seconds left.
|
|t:|1779567796
|switch|p1a: Hatterene|Hatterene, F|60/100
|move|p2a: Zamazenta|Crunch|p1a: Hatterene
|-damage|p1a: Hatterene|37/100
|
|upkeep
|turn|34
|inactive|AustrianAstoria has 240 seconds left.
|
|t:|1779567807
|switch|p2a: Dragonite|Dragonite, F, tera:Normal|52/100 tox
|move|p1a: Hatterene|Nuzzle|p2a: Dragonite
|-damage|p2a: Dragonite|48/100 tox
|
|-damage|p2a: Dragonite|41/100 tox|[from] psn
|upkeep
|turn|35
|inactive|AustrianAstoria has 240 seconds left.
|inactive|xdRudi.exe has 270 seconds left.
|
|t:|1779567848
|switch|p1a: Ogerpon|Ogerpon-Wellspring, F|41/100
|move|p2a: Dragonite|Extreme Speed|p1a: Ogerpon
|-damage|p1a: Ogerpon|0 fnt
|faint|p1a: Ogerpon
|
|-damage|p2a: Dragonite|29/100 tox|[from] psn
|upkeep
|
|t:|1779567852
|switch|p1a: Darkrai|Darkrai|100/100
|turn|36
|inactive|xdRudi.exe has 270 seconds left.
|
|t:|1779567874
|switch|p2a: Pecharunt|Pecharunt|100/100
|move|p1a: Darkrai|Focus Blast|p2a: Pecharunt
|-immune|p2a: Pecharunt
|
|upkeep
|turn|37
|inactive|xdRudi.exe has 240 seconds left.
|
|t:|1779567915
|switch|p1a: Iron Treads|Iron Treads|32/100
|move|p2a: Pecharunt|Shadow Ball|p1a: Iron Treads
|-damage|p1a: Iron Treads|1/100
|
|upkeep
|turn|38
|
|t:|1779567923
|-end|p1a: Iron Treads|Quark Drive|[silent]
|switch|p1a: Darkrai|Darkrai|100/100
|move|p2a: Pecharunt|Shadow Ball|p1a: Darkrai
|-resisted|p1a: Darkrai
|-damage|p1a: Darkrai|84/100
|
|upkeep
|turn|39
|inactive|xdRudi.exe has 240 seconds left.
|
|t:|1779567937
|move|p1a: Darkrai|Dark Pulse|p2a: Pecharunt
|-supereffective|p2a: Pecharunt
|-damage|p2a: Pecharunt|0 fnt
|faint|p2a: Pecharunt
|
|upkeep
|
|t:|1779567939
|switch|p2a: Zamazenta|Zamazenta|51/100
|turn|40
|inactive|xdRudi.exe has 240 seconds left.
|
|t:|1779567962
|switch|p1a: Iron Treads|Iron Treads|1/100
|move|p2a: Zamazenta|Close Combat|p1a: Iron Treads
|-supereffective|p1a: Iron Treads
|-damage|p1a: Iron Treads|0 fnt
|-unboost|p2a: Zamazenta|def|1
|-unboost|p2a: Zamazenta|spd|1
|faint|p1a: Iron Treads
|-end|p1a: Iron Treads|Quark Drive|[silent]
|
|upkeep
|
|t:|1779567966
|switch|p1a: Hatterene|Hatterene, F|37/100
|turn|41
|inactive|AustrianAstoria has 240 seconds left.
|inactive|xdRudi.exe has 240 seconds left.
|
|t:|1779567981
|switch|p2a: Heatran|Heatran, M|94/100
|-damage|p2a: Heatran|82/100|[from] Spikes
|-damage|p2a: Heatran|69/100|[from] Stealth Rock
|switch|p1a: Kyurem|Kyurem, tera:Ground|3/100
|-ability|p1a: Kyurem|Pressure
|
|-heal|p2a: Heatran|76/100|[from] item: Leftovers
|upkeep
|turn|42
|inactive|xdRudi.exe has 240 seconds left.
|inactive|xdRudi.exe has 210 seconds left.
|
|t:|1779568017
|switch|p2a: Zamazenta|Zamazenta|51/100
|move|p1a: Kyurem|Earth Power|p2a: Zamazenta
|-damage|p2a: Zamazenta|7/100
|
|upkeep
|turn|43
|inactive|AustrianAstoria has 240 seconds left.
|inactive|AustrianAstoria has 210 seconds left.
|
|t:|1779568077
|switch|p1a: Darkrai|Darkrai|84/100
|move|p2a: Zamazenta|Crunch|p1a: Darkrai
|-resisted|p1a: Darkrai
|-damage|p1a: Darkrai|67/100
|
|upkeep
|turn|44
|inactive|xdRudi.exe has 210 seconds left.
|inactive|xdRudi.exe has 180 seconds left.
|
|t:|1779568149
|switch|p1a: Hatterene|Hatterene, F|37/100
|move|p2a: Zamazenta|Close Combat|p1a: Hatterene
|-resisted|p1a: Hatterene
|-damage|p1a: Hatterene|24/100
|-unboost|p2a: Zamazenta|def|1
|-unboost|p2a: Zamazenta|spd|1
|
|upkeep
|turn|45
|inactive|AustrianAstoria has 180 seconds left.
|
|t:|1779568169
|switch|p1a: Darkrai|Darkrai|67/100
|move|p2a: Zamazenta|Crunch|p1a: Darkrai
|-resisted|p1a: Darkrai
|-damage|p1a: Darkrai|49/100
|
|upkeep
|turn|46
|c|☆AustrianAstoria|gg
|inactive|AustrianAstoria has 180 seconds left.
|inactive|AustrianAstoria has 150 seconds left.
|-message|AustrianAstoria forfeited.
|
|win|xdRudi.exe
