|j|☆SgtBrick14
|j|☆vafafaf
|t:|1779591796
|gametype|singles
|player|p1|SgtBrick14|pokemonranger|1502
|player|p2|vafafaf|169|1502
|gen|9
|tier|[Gen 9] OU
|rated|
|rule|HP Percentage Mod: HP is shown in percentages
|rule|Endless Battle Clause: Forcing endless battles is banned
|rule|Species Clause: Limit one of each Pokémon
|rule|OHKO Clause: OHKO moves are banned
|rule|Evasion Items Clause: Evasion items are banned
|rule|Evasion Moves Clause: Evasion moves are banned
|rule|Evasion Abilities Clause: Evasion abilities are banned
|rule|Sleep Moves Clause: Sleep-inducing moves are banned
|clearpoke
|poke|p1|Lucario, F|
|poke|p1|Kingambit, F|
|poke|p1|Dragapult, M|
|poke|p1|Gengar, M|
|poke|p1|Cloyster, F|
|poke|p1|Froslass, F|
|poke|p2|Great Tusk|
|poke|p2|Ogerpon-Wellspring, F|
|poke|p2|Kyurem|
|poke|p2|Iron Valiant|
|poke|p2|Kingambit, M|
|poke|p2|Slowking-Galar, F|
|teampreview
|inactive|Battle timer is ON: inactive players will automatically lose when time's up. (requested by SgtBrick14)
|
|t:|1779591838
|teamsize|p1|6
|teamsize|p2|6
|start
|switch|p1a: Gengar|Gengar, M|100/100
|switch|p2a: Great Tusk|Great Tusk|100/100
|turn|1
|
|t:|1779591843
|move|p1a: Gengar|Taunt|p2a: Great Tusk
|-start|p2a: Great Tusk|move: Taunt
|move|p2a: Great Tusk|Headlong Rush|p1a: Gengar
|-supereffective|p1a: Gengar
|-enditem|p1a: Gengar|Focus Sash
|-damage|p1a: Gengar|1/100
|-unboost|p2a: Great Tusk|def|1
|-unboost|p2a: Great Tusk|spd|1
|
|upkeep
|turn|2
|
|t:|1779591855
|-end|p2a: Great Tusk|Protosynthesis|[silent]
|switch|p2a: Kyurem|Kyurem|100/100
|-ability|p2a: Kyurem|Pressure
|move|p1a: Gengar|Destiny Bond|p1a: Gengar
|-singlemove|p1a: Gengar|Destiny Bond
|
|upkeep
|turn|3
|
|t:|1779591879
|switch|p2a: Great Tusk|Great Tusk|100/100
|move|p1a: Gengar|Shadow Ball|p2a: Great Tusk
|-damage|p2a: Great Tusk|65/100
|
|upkeep
|turn|4
|inactive|vafafaf has 120 seconds left.
|
|t:|1779591911
|move|p1a: Gengar|Taunt|p2a: Great Tusk
|-start|p2a: Great Tusk|move: Taunt
|cant|p2a: Great Tusk|move: Taunt|Stealth Rock
|
|upkeep
|turn|5
|
|t:|1779591926
|-end|p2a: Great Tusk|Protosynthesis|[silent]
|switch|p2a: Slowking|Slowking-Galar, F|100/100
|move|p1a: Gengar|Shadow Ball|p2a: Slowking
|-supereffective|p2a: Slowking
|-damage|p2a: Slowking|50/100
|
|upkeep
|turn|6
|
|t:|1779591938
|switch|p2a: Kyurem|Kyurem|100/100
|-ability|p2a: Kyurem|Pressure
|move|p1a: Gengar|Shadow Ball|p2a: Kyurem
|-damage|p2a: Kyurem|55/100
|
|upkeep
|turn|7
|
|t:|1779591953
|move|p2a: Kyurem|Earth Power|p1a: Gengar
|-supereffective|p1a: Gengar
|-damage|p1a: Gengar|0 fnt
|-start|p2a: Kyurem|Disable|Earth Power|[from] ability: Cursed Body|[of] p1a: Gengar
|faint|p1a: Gengar
|
|upkeep
|j| Easontom
|
|t:|1779591978
|switch|p1a: Lucario|Lucario, F|100/100
|turn|8
|inactive|vafafaf has 120 seconds left.
|
|t:|1779591987
|switch|p2a: Great Tusk|Great Tusk|65/100
|move|p1a: Lucario|Swords Dance|p1a: Lucario
|-boost|p1a: Lucario|atk|2
|
|upkeep
|turn|9
|inactive|vafafaf has 120 seconds left.
|
|t:|1779592003
|-terastallize|p1a: Lucario|Normal
|-terastallize|p2a: Great Tusk|Ghost
|move|p1a: Lucario|Extreme Speed|p2a: Great Tusk
|-immune|p2a: Great Tusk
|move|p2a: Great Tusk|Headlong Rush|p1a: Lucario
|-damage|p1a: Lucario|34/100
|-unboost|p2a: Great Tusk|def|1
|-unboost|p2a: Great Tusk|spd|1
|
|upkeep
|turn|10
|inactive|vafafaf has 120 seconds left.
|
|t:|1779592023
|move|p1a: Lucario|Bullet Punch|p2a: Great Tusk
|-damage|p2a: Great Tusk|24/100
|move|p2a: Great Tusk|Headlong Rush|p1a: Lucario
|-damage|p1a: Lucario|0 fnt
|-unboost|p2a: Great Tusk|def|1
|-unboost|p2a: Great Tusk|spd|1
|faint|p1a: Lucario
|
|upkeep
|
|t:|1779592042
|switch|p1a: Cloyster|Cloyster, F|100/100
|turn|11
|
|t:|1779592051
|-end|p2a: Great Tusk|Protosynthesis|[silent]
|switch|p2a: Kyurem|Kyurem|55/100
|-ability|p2a: Kyurem|Pressure
|move|p1a: Cloyster|Ice Shard|p2a: Kyurem
|-damage|p2a: Kyurem|39/100
|
|upkeep
|turn|12
|inactive|vafafaf has 120 seconds left.
|
|t:|1779592070
|move|p2a: Kyurem|Draco Meteor|p1a: Cloyster
|-enditem|p1a: Cloyster|Focus Sash
|-damage|p1a: Cloyster|1/100
|-unboost|p2a: Kyurem|spa|2
|move|p1a: Cloyster|Shell Smash|p1a: Cloyster
|-unboost|p1a: Cloyster|def|1
|-unboost|p1a: Cloyster|spd|1
|-boost|p1a: Cloyster|atk|2
|-boost|p1a: Cloyster|spa|2
|-boost|p1a: Cloyster|spe|2
|
|upkeep
|turn|13
|
|t:|1779592090
|switch|p2a: Great Tusk|Great Tusk, tera:Ghost|24/100
|move|p1a: Cloyster|Icicle Spear|p2a: Great Tusk
|-damage|p2a: Great Tusk|10/100
|-damage|p2a: Great Tusk|0 fnt
|faint|p2a: Great Tusk
|-end|p2a: Great Tusk|Protosynthesis|[silent]
|-hitcount|p2: Great Tusk|2
|
|upkeep
|inactive|vafafaf has 120 seconds left.
|
|t:|1779592130
|switch|p2a: Kingambit|Kingambit, M|100/100
|-activate|p2a: Kingambit|ability: Supreme Overlord
|-start|p2a: Kingambit|fallen1|[silent]
|-item|p2a: Kingambit|Air Balloon
|turn|14
|
|t:|1779592134
|move|p1a: Cloyster|Ice Shard|p2a: Kingambit
|-resisted|p2a: Kingambit
|-damage|p2a: Kingambit|88/100
|-enditem|p2a: Kingambit|Air Balloon
|move|p2a: Kingambit|Sucker Punch||[still]
|-fail|p2a: Kingambit
|
|upkeep
|turn|15
|
|t:|1779592140
|move|p1a: Cloyster|Ice Shard|p2a: Kingambit
|-resisted|p2a: Kingambit
|-damage|p2a: Kingambit|74/100
|move|p2a: Kingambit|Sucker Punch||[still]
|-fail|p2a: Kingambit
|
|upkeep
|turn|16
|
|t:|1779592142
|move|p2a: Kingambit|Sucker Punch|p1a: Cloyster
|-damage|p1a: Cloyster|0 fnt
|faint|p1a: Cloyster
|
|upkeep
|inactive|SgtBrick14 has 120 seconds left.
|l|☆vafafaf
|inactive|vafafaf disconnected and has a minute to reconnect!
|player|p2|
|j|☆vafafaf
|inactive|vafafaf reconnected.
|player|p2|vafafaf|169|
|
|t:|1779592199
|switch|p1a: Froslass|Froslass, F|100/100
|turn|17
|inactive|vafafaf has 120 seconds left.
|
|t:|1779592238
|move|p1a: Froslass|Thunder Wave|p2a: Kingambit|[miss]
|-miss|p1a: Froslass|p2a: Kingambit
|move|p2a: Kingambit|Iron Head|p1a: Froslass
|-supereffective|p1a: Froslass
|-enditem|p1a: Froslass|Focus Sash
|-damage|p1a: Froslass|1/100
|
|upkeep
|turn|18
|
|t:|1779592244
|move|p2a: Kingambit|Sucker Punch||[still]
|-fail|p2a: Kingambit
|move|p1a: Froslass|Destiny Bond|p1a: Froslass
|-singlemove|p1a: Froslass|Destiny Bond
|
|upkeep
|turn|19
|l| Easontom
|
|t:|1779592253
|move|p1a: Froslass|Thunder Wave|p2a: Kingambit
|-status|p2a: Kingambit|par
|cant|p2a: Kingambit|par
|
|upkeep
|turn|20
|
|t:|1779592258
|move|p1a: Froslass|Spikes|p2a: Kingambit
|-sidestart|p2: vafafaf|Spikes
|move|p2a: Kingambit|Swords Dance|p2a: Kingambit
|-boost|p2a: Kingambit|atk|2
|
|upkeep
|turn|21
|
|t:|1779592265
|move|p1a: Froslass|Destiny Bond|p1a: Froslass
|-singlemove|p1a: Froslass|Destiny Bond
|move|p2a: Kingambit|Iron Head|p1a: Froslass
|-supereffective|p1a: Froslass
|-damage|p1a: Froslass|0 fnt
|faint|p1a: Froslass
|-activate|p1a: Froslass|move: Destiny Bond
|faint|p2a: Kingambit
|-end|p2a: Kingambit|fallen1|[silent]
|
|upkeep
|j| Easontom
|
|t:|1779592274
|switch|p1a: Dragapult|Dragapult, M|100/100
|switch|p2a: Iron Valiant|Iron Valiant|100/100
|-damage|p2a: Iron Valiant|88/100|[from] Spikes
|-enditem|p2a: Iron Valiant|Booster Energy
|-activate|p2a: Iron Valiant|ability: Quark Drive|[fromitem]
|-start|p2a: Iron Valiant|quarkdrivespe
|turn|22
|
|t:|1779592277
|move|p2a: Iron Valiant|Spirit Break|p1a: Dragapult
|-supereffective|p1a: Dragapult
|-enditem|p1a: Dragapult|Focus Sash
|-damage|p1a: Dragapult|1/100
|move|p1a: Dragapult|Dragon Dance|p1a: Dragapult
|-boost|p1a: Dragapult|atk|1
|-boost|p1a: Dragapult|spe|1
|
|upkeep
|turn|23
|
|t:|1779592299
|move|p1a: Dragapult|Phantom Force||[still]
|-prepare|p1a: Dragapult|Phantom Force
|move|p2a: Iron Valiant|Spirit Break|p1a: Dragapult|[miss]
|-miss|p2a: Iron Valiant|p1a: Dragapult
|
|upkeep
|turn|24
|inactive|vafafaf has 120 seconds left.
|
|t:|1779592322
|-end|p2a: Iron Valiant|Quark Drive|[silent]
|switch|p2a: Kyurem|Kyurem|39/100
|-damage|p2a: Kyurem|26/100|[from] Spikes
|-ability|p2a: Kyurem|Pressure
|move|p1a: Dragapult|Phantom Force|p2a: Kyurem|[from] lockedmove
|-damage|p2a: Kyurem|0 fnt
|faint|p2a: Kyurem
|
|upkeep
|
|t:|1779592333
|switch|p2a: Ogerpon|Ogerpon-Wellspring, F|100/100
|-damage|p2a: Ogerpon|88/100|[from] Spikes
|turn|25
|
|t:|1779592338
|move|p1a: Dragapult|Dragon Darts|p2a: Ogerpon
|-damage|p2a: Ogerpon|37/100
|-anim|p1a: Dragapult|Dragon Darts|p2a: Ogerpon
|-damage|p2a: Ogerpon|0 fnt
|faint|p2a: Ogerpon
|
|upkeep
|inactive|vafafaf has 120 seconds left.
|-message|vafafaf forfeited.
|
|win|SgtBrick14
|raw|SgtBrick14's rating: 1502 &rarr; <strong>1522</strong><br />(+20 for winning)
|raw|vafafaf's rating: 1502 &rarr; <strong>1482</strong><br />(-20 for losing)
|l|☆vafafaf
|player|p2|
|l|☆SgtBrick14
|player|p1|
