|j|☆OP Earthquakes
|j|☆sommeliersam
|t:|1779650572
|gametype|singles
|player|p1|OP Earthquakes|giovanni-masters|1652
|player|p2|sommeliersam|266|1682
|gen|9
|tier|[Gen 9] OU
|rated|
|rule|HP Percentage Mod: HP is shown in percentages
|rule|Endless Battle Clause: Forcing endless battles is banned
|rule|Species Clause: Limit one of each Pokémon
|rule|OHKO Clause: OHKO moves are banned
|rule|Evasion Items Clause: Evasion items are banned
|rule|Evasion Moves Clause: Evasion moves are banned
|rule|Evasion Abilities Clause: Evasion abilities are banned
|rule|Sleep Moves Clause: Sleep-inducing moves are banned
|clearpoke
|poke|p1|Tyranitar, F|
|poke|p1|Pawmot, M|
|poke|p1|Kyurem|
|poke|p1|Excadrill, M|
|poke|p1|Hawlucha, M|
|poke|p1|Grimmsnarl, M|
|poke|p2|Kyurem|
|poke|p2|Hatterene, F|
|poke|p2|Darkrai|
|poke|p2|Great Tusk|
|poke|p2|Dragonite, F|
|poke|p2|Gholdengo|
|teampreview
|inactive|Battle timer is ON: inactive players will automatically lose when time's up. (requested by OP Earthquakes)
|j| PCCWVictorMa
|
|t:|1779650593
|teamsize|p1|6
|teamsize|p2|6
|start
|switch|p1a: Toshiro|Kyurem, shiny|100/100
|switch|p2a: Hatterene|Hatterene, F|100/100
|-ability|p1a: Toshiro|Pressure
|turn|1
|
|t:|1779650607
|switch|p1a: OP|Excadrill, M|100/100
|move|p2a: Hatterene|Nuzzle|p1a: OP
|-immune|p1a: OP
|
|upkeep
|turn|2
|j| hattybatty304
|
|t:|1779650612
|switch|p2a: Great Tusk|Great Tusk|100/100
|move|p1a: OP|Iron Head|p2a: Great Tusk
|-damage|p2a: Great Tusk|61/100
|
|-heal|p2a: Great Tusk|67/100|[from] item: Leftovers
|upkeep
|turn|3
|
|t:|1779650616
|switch|p1a: Grimmsnarl|Grimmsnarl, M|100/100
|move|p2a: Great Tusk|Headlong Rush|p1a: Grimmsnarl
|-damage|p1a: Grimmsnarl|29/100
|-unboost|p2a: Great Tusk|def|1
|-unboost|p2a: Great Tusk|spd|1
|
|-heal|p2a: Great Tusk|73/100|[from] item: Leftovers
|upkeep
|turn|4
|
|t:|1779650619
|-end|p2a: Great Tusk|Protosynthesis|[silent]
|switch|p2a: Hatterene|Hatterene, F|100/100
|move|p1a: Grimmsnarl|Reflect|p1a: Grimmsnarl
|-sidestart|p1: OP Earthquakes|Reflect
|
|upkeep
|turn|5
|
|t:|1779650624
|switch|p1a: OP|Excadrill, M|100/100
|move|p2a: Hatterene|Draining Kiss|p1a: OP
|-resisted|p1a: OP
|-damage|p1a: OP|85/100
|
|upkeep
|turn|6
|
|t:|1779650628
|switch|p2a: Great Tusk|Great Tusk|73/100
|move|p1a: OP|Earthquake|p2a: Great Tusk
|-damage|p2a: Great Tusk|28/100
|
|-heal|p2a: Great Tusk|35/100|[from] item: Leftovers
|upkeep
|turn|7
|
|t:|1779650634
|switch|p1a: Itachi|Hawlucha, M, shiny|100/100
|-ability|p1a: Itachi|Mold Breaker
|-end|p2a: Great Tusk|Protosynthesis|[silent]
|switch|p2a: Dragonite|Dragonite, F|100/100
|
|upkeep
|turn|8
|
|t:|1779650637
|switch|p1a: The sandstorm|Tyranitar, F, shiny|100/100
|-weather|Sandstorm|[from] ability: Sand Stream|[of] p1a: The sandstorm
|switch|p2a: Gholdengo|Gholdengo|100/100
|
|-weather|Sandstorm|[upkeep]
|upkeep
|turn|9
|
|t:|1779650643
|switch|p2a: Hatterene|Hatterene, F|100/100
|switch|p1a: OP|Excadrill, M|85/100
|
|-weather|Sandstorm|[upkeep]
|-damage|p2a: Hatterene|95/100|[from] Sandstorm
|upkeep
|turn|10
|
|t:|1779650651
|move|p1a: OP|Iron Head|p2a: Hatterene
|-supereffective|p2a: Hatterene
|-damage|p2a: Hatterene|0 fnt
|-damage|p1a: OP|68/100|[from] item: Rocky Helmet|[of] p2a: Hatterene
|faint|p2a: Hatterene
|
|-weather|Sandstorm|[upkeep]
|upkeep
|
|t:|1779650654
|switch|p2a: Gholdengo|Gholdengo|100/100
|turn|11
|j| pookuglarmin
|
|t:|1779650659
|move|p1a: OP|Iron Head|p2a: Gholdengo
|-resisted|p2a: Gholdengo
|-crit|p2a: Gholdengo
|-damage|p2a: Gholdengo|46/100
|move|p2a: Gholdengo|Make It Rain|p1a: OP
|-resisted|p1a: OP
|-damage|p1a: OP|22/100
|-unboost|p2a: Gholdengo|spa|1
|
|-weather|Sandstorm|[upkeep]
|-sideend|p1: OP Earthquakes|Reflect
|upkeep
|turn|12
|
|t:|1779650667
|move|p1a: OP|Iron Head|p2a: Gholdengo
|-resisted|p2a: Gholdengo
|-damage|p2a: Gholdengo|11/100
|move|p2a: Gholdengo|Make It Rain|p1a: OP
|-resisted|p1a: OP
|-damage|p1a: OP|0 fnt
|-unboost|p2a: Gholdengo|spa|1
|faint|p1a: OP
|
|-weather|Sandstorm|[upkeep]
|upkeep
|
|t:|1779650670
|switch|p1a: Porunga|Pawmot, M|100/100
|turn|13
|
|t:|1779650677
|switch|p2a: Great Tusk|Great Tusk|35/100
|move|p1a: Porunga|Revival Blessing|p1a: Porunga
|-enditem|p1a: Porunga|Leppa Berry|[eat]
|-activate|p1a: Porunga|item: Leppa Berry|Revival Blessing|[consumed]
|
|t:|1779650683
|-heal|p1: OP|50/100|[from] move: Revival Blessing
|
|-weather|Sandstorm|[upkeep]
|-damage|p1a: Porunga|94/100|[from] Sandstorm
|-heal|p2a: Great Tusk|41/100|[from] item: Leftovers
|upkeep
|turn|14
|
|t:|1779650687
|switch|p1a: Itachi|Hawlucha, M, shiny|100/100
|-ability|p1a: Itachi|Mold Breaker
|move|p2a: Great Tusk|Stealth Rock|p1a: Itachi
|-sidestart|p1: OP Earthquakes|move: Stealth Rock
|
|-weather|Sandstorm|[upkeep]
|-damage|p1a: Itachi|94/100|[from] Sandstorm
|-heal|p2a: Great Tusk|47/100|[from] item: Leftovers
|upkeep
|turn|15
|
|t:|1779650694
|-end|p2a: Great Tusk|Protosynthesis|[silent]
|switch|p2a: Dragonite|Dragonite, F|100/100
|move|p1a: Itachi|Brave Bird|p2a: Dragonite
|-damage|p2a: Dragonite|53/100
|-damage|p1a: Itachi|74/100|[from] Recoil
|
|-weather|none
|upkeep
|turn|16
|
|t:|1779650703
|-terastallize|p1a: Itachi|Steel
|move|p1a: Itachi|Defog|p2a: Dragonite
|-unboost|p2a: Dragonite|evasion|1
|-sideend|p1: OP Earthquakes|Stealth Rock|[from] move: Defog|[of] p1a: Itachi
|move|p2a: Dragonite|Dragon Dance|p2a: Dragonite
|-boost|p2a: Dragonite|atk|1
|-boost|p2a: Dragonite|spe|1
|
|upkeep
|turn|17
|
|t:|1779650712
|move|p1a: Itachi|Encore|p2a: Dragonite
|-start|p2a: Dragonite|Encore
|move|p2a: Dragonite|Dragon Dance|p2a: Dragonite
|-boost|p2a: Dragonite|atk|1
|-boost|p2a: Dragonite|spe|1
|
|upkeep
|turn|18
|
|t:|1779650724
|switch|p2a: Darkrai|Darkrai|100/100
|move|p1a: Itachi|Brave Bird|p2a: Darkrai
|-damage|p2a: Darkrai|40/100
|-damage|p1a: Itachi|56/100|[from] Recoil
|
|upkeep
|turn|19
|
|t:|1779650731
|switch|p1a: The sandstorm|Tyranitar, F, shiny|100/100
|-weather|Sandstorm|[from] ability: Sand Stream|[of] p1a: The sandstorm
|move|p2a: Darkrai|Dark Pulse|p1a: The sandstorm
|-resisted|p1a: The sandstorm
|-damage|p1a: The sandstorm|87/100
|
|-weather|Sandstorm|[upkeep]
|-damage|p2a: Darkrai|34/100|[from] Sandstorm
|upkeep
|turn|20
|
|t:|1779650739
|switch|p2a: Great Tusk|Great Tusk|47/100
|move|p1a: The sandstorm|Stealth Rock|p2a: Great Tusk
|-sidestart|p2: sommeliersam|move: Stealth Rock
|
|-weather|Sandstorm|[upkeep]
|-heal|p2a: Great Tusk|53/100|[from] item: Leftovers
|upkeep
|turn|21
|
|t:|1779650744
|move|p2a: Great Tusk|Rapid Spin|p1a: The sandstorm
|-resisted|p1a: The sandstorm
|-damage|p1a: The sandstorm|81/100
|-boost|p2a: Great Tusk|spe|1
|-sideend|p2: sommeliersam|Stealth Rock|[from] move: Rapid Spin|[of] p2a: Great Tusk
|move|p1a: The sandstorm|Ice Beam|p2a: Great Tusk
|-supereffective|p2a: Great Tusk
|-damage|p2a: Great Tusk|0 fnt
|faint|p2a: Great Tusk
|-end|p2a: Great Tusk|Protosynthesis|[silent]
|
|-weather|Sandstorm|[upkeep]
|upkeep
|
|t:|1779650764
|switch|p2a: Darkrai|Darkrai|34/100
|turn|22
|
|t:|1779650786
|move|p2a: Darkrai|Trick|p1a: The sandstorm
|-activate|p2a: Darkrai|move: Trick|[of] p1a: The sandstorm
|-item|p1a: The sandstorm|Choice Scarf|[from] move: Trick
|-item|p2a: Darkrai|Smooth Rock|[from] move: Trick
|move|p1a: The sandstorm|Stealth Rock|p2a: Darkrai
|-sidestart|p2: sommeliersam|move: Stealth Rock
|
|-weather|Sandstorm|[upkeep]
|-damage|p2a: Darkrai|28/100|[from] Sandstorm
|upkeep
|turn|23
|c|☆OP Earthquakes|huge throw
|c|☆OP Earthquakes|u were faster than drill with that
|c|☆OP Earthquakes|lmao
|inactive|OP Earthquakes has 120 seconds left.
|c|☆OP Earthquakes|guess who has speed ctrl
|c|☆OP Earthquakes|lol
|
|t:|1779650825
|switch|p1a: Itachi|Hawlucha, M, shiny, tera:Steel|56/100
|-ability|p1a: Itachi|Mold Breaker
|move|p2a: Darkrai|Ice Beam|p1a: Itachi
|-resisted|p1a: Itachi
|-damage|p1a: Itachi|31/100
|-enditem|p1a: Itachi|Red Card|[of] p2a: Darkrai
|drag|p2a: Kyurem|Kyurem|100/100
|-damage|p2a: Kyurem|76/100|[from] Stealth Rock
|-ability|p2a: Kyurem|Pressure
|
|-weather|Sandstorm|[upkeep]
|-damage|p2a: Kyurem|70/100|[from] Sandstorm
|upkeep
|turn|24
|j| Aitana y Zoilo
|
|t:|1779650848
|move|p1a: Itachi|Brave Bird|p2a: Kyurem
|-damage|p2a: Kyurem|31/100
|-damage|p1a: Itachi|14/100|[from] Recoil
|move|p2a: Kyurem|Earth Power|p1a: Itachi
|-supereffective|p1a: Itachi
|-damage|p1a: Itachi|0 fnt
|faint|p1a: Itachi
|
|-weather|Sandstorm|[upkeep]
|-damage|p2a: Kyurem|25/100|[from] Sandstorm
|upkeep
|
|t:|1779650852
|switch|p1a: OP|Excadrill, M|50/100
|turn|25
|
|t:|1779650854
|move|p1a: OP|Iron Head|p2a: Kyurem
|-supereffective|p2a: Kyurem
|-damage|p2a: Kyurem|0 fnt
|faint|p2a: Kyurem
|
|-weather|Sandstorm|[upkeep]
|upkeep
|
|t:|1779650860
|switch|p2a: Gholdengo|Gholdengo|11/100
|-damage|p2a: Gholdengo|5/100|[from] Stealth Rock
|turn|26
|
|t:|1779650863
|move|p1a: OP|Iron Head|p2a: Gholdengo
|-resisted|p2a: Gholdengo
|-damage|p2a: Gholdengo|0 fnt
|faint|p2a: Gholdengo
|
|-weather|none
|upkeep
|
|t:|1779650871
|switch|p2a: Darkrai|Darkrai|28/100
|-damage|p2a: Darkrai|16/100|[from] Stealth Rock
|turn|27
|
|t:|1779650875
|switch|p2a: Dragonite|Dragonite, F|53/100
|switch|p1a: Toshiro|Kyurem, shiny|100/100
|-ability|p1a: Toshiro|Pressure
|
|upkeep
|turn|28
|c|☆OP Earthquakes|trust and believe
|
|t:|1779650885
|-terastallize|p2a: Dragonite|Normal
|move|p1a: Toshiro|Freeze-Dry|p2a: Dragonite
|-damage|p2a: Dragonite|16/100
|move|p2a: Dragonite|Roost|p2a: Dragonite
|-heal|p2a: Dragonite|66/100
|
|upkeep
|turn|29
|c|☆OP Earthquakes|I am not giving u back the scarf lol
|
|t:|1779650894
|switch|p1a: The sandstorm|Tyranitar, F, shiny|81/100
|-weather|Sandstorm|[from] ability: Sand Stream|[of] p1a: The sandstorm
|move|p2a: Dragonite|Roost|p2a: Dragonite
|-heal|p2a: Dragonite|100/100
|
|-weather|Sandstorm|[upkeep]
|-damage|p2a: Dragonite|94/100|[from] Sandstorm
|upkeep
|turn|30
|
|t:|1779650898
|move|p1a: The sandstorm|Thunder Wave|p2a: Dragonite
|-status|p2a: Dragonite|par
|move|p2a: Dragonite|Dragon Dance|p2a: Dragonite
|-boost|p2a: Dragonite|atk|1
|-boost|p2a: Dragonite|spe|1
|
|-weather|Sandstorm|[upkeep]
|-damage|p2a: Dragonite|88/100 par|[from] Sandstorm
|upkeep
|turn|31
|
|t:|1779650903
|switch|p1a: Toshiro|Kyurem, shiny|100/100
|-ability|p1a: Toshiro|Pressure
|cant|p2a: Dragonite|par
|
|-weather|Sandstorm|[upkeep]
|-damage|p1a: Toshiro|94/100|[from] Sandstorm
|-damage|p2a: Dragonite|82/100 par|[from] Sandstorm
|upkeep
|turn|32
|
|t:|1779650911
|move|p2a: Dragonite|Extreme Speed|p1a: Toshiro
|-damage|p1a: Toshiro|38/100
|move|p1a: Toshiro|Freeze-Dry|p2a: Dragonite
|-damage|p2a: Dragonite|44/100 par
|
|-weather|Sandstorm|[upkeep]
|-damage|p1a: Toshiro|31/100|[from] Sandstorm
|-damage|p2a: Dragonite|37/100 par|[from] Sandstorm
|upkeep
|turn|33
|
|t:|1779650917
|cant|p2a: Dragonite|par
|move|p1a: Toshiro|Freeze-Dry|p2a: Dragonite
|-damage|p2a: Dragonite|4/100 par
|
|-weather|none
|upkeep
|turn|34
|
|t:|1779650936
|switch|p1a: The sandstorm|Tyranitar, F, shiny|81/100
|-weather|Sandstorm|[from] ability: Sand Stream|[of] p1a: The sandstorm
|move|p2a: Dragonite|Roost|p2a: Dragonite
|-heal|p2a: Dragonite|54/100 par
|
|-weather|Sandstorm|[upkeep]
|-damage|p2a: Dragonite|48/100 par|[from] Sandstorm
|upkeep
|turn|35
|
|t:|1779650940
|move|p2a: Dragonite|Roost|p2a: Dragonite
|-heal|p2a: Dragonite|98/100 par
|move|p1a: The sandstorm|Roar|p2a: Dragonite
|drag|p2a: Darkrai|Darkrai|16/100
|-damage|p2a: Darkrai|3/100|[from] Stealth Rock
|
|-weather|Sandstorm|[upkeep]
|-damage|p2a: Darkrai|0 fnt|[from] Sandstorm
|faint|p2a: Darkrai
|upkeep
|j| FranzLisztTesting
|
|t:|1779650946
|switch|p2a: Dragonite|Dragonite, F, tera:Normal|98/100 par
|turn|36
|
|t:|1779650951
|switch|p1a: Grimmsnarl|Grimmsnarl, M|29/100
|move|p2a: Dragonite|Dragon Dance|p2a: Dragonite
|-boost|p2a: Dragonite|atk|1
|-boost|p2a: Dragonite|spe|1
|
|-weather|Sandstorm|[upkeep]
|-damage|p1a: Grimmsnarl|23/100|[from] Sandstorm
|-damage|p2a: Dragonite|91/100 par|[from] Sandstorm
|upkeep
|turn|37
|c| FranzLisztTesting|no no no
|
|t:|1779650958
|move|p2a: Dragonite|Extreme Speed|p1a: Grimmsnarl
|-damage|p1a: Grimmsnarl|0 fnt
|faint|p1a: Grimmsnarl
|
|-weather|Sandstorm|[upkeep]
|-damage|p2a: Dragonite|85/100 par|[from] Sandstorm
|upkeep
|l| PCCWVictorMa
|c|☆OP Earthquakes|chip dmg
|c|☆OP Earthquakes|helps
|c| FranzLisztTesting|we are not getting reverse 6-0 by this
|
|t:|1779650969
|switch|p1a: OP|Excadrill, M|50/100
|turn|38
|
|t:|1779650971
|move|p2a: Dragonite|Extreme Speed|p1a: OP
|-resisted|p1a: OP
|-damage|p1a: OP|2/100
|move|p1a: OP|Earthquake|p2a: Dragonite
|-damage|p2a: Dragonite|6/100 par
|
|-weather|none
|upkeep
|turn|39
|c|☆OP Earthquakes|bro could clutch ngl
|l| hattybatty304
|
|t:|1779650991
|switch|p1a: The sandstorm|Tyranitar, F, shiny|81/100
|-weather|Sandstorm|[from] ability: Sand Stream|[of] p1a: The sandstorm
|move|p2a: Dragonite|Extreme Speed|p1a: The sandstorm
|-resisted|p1a: The sandstorm
|-damage|p1a: The sandstorm|62/100
|
|-weather|Sandstorm|[upkeep]
|-damage|p2a: Dragonite|0 fnt|[from] Sandstorm
|faint|p2a: Dragonite
|
|win|OP Earthquakes
|raw|OP Earthquakes's rating: 1652 &rarr; <strong>1674</strong><br />(+22 for winning)
|raw|sommeliersam's rating: 1682 &rarr; <strong>1660</strong><br />(-22 for losing)
|l|☆sommeliersam
|player|p2|
|l|☆OP Earthquakes
|player|p1|
|l| FranzLisztTesting
