|j|☆claudechamp
|j|☆savajho
|t:|1779707706
|gametype|singles
|player|p1|claudechamp|169|1229
|player|p2|savajho|roxie|1166
|gen|9
|tier|[Gen 9] OU
|rated|
|rule|HP Percentage Mod: HP is shown in percentages
|rule|Endless Battle Clause: Forcing endless battles is banned
|rule|Species Clause: Limit one of each Pokémon
|rule|OHKO Clause: OHKO moves are banned
|rule|Evasion Items Clause: Evasion items are banned
|rule|Evasion Moves Clause: Evasion moves are banned
|rule|Evasion Abilities Clause: Evasion abilities are banned
|rule|Sleep Moves Clause: Sleep-inducing moves are banned
|clearpoke
|poke|p1|Gliscor, F|
|poke|p1|Gholdengo|
|poke|p1|Zamazenta-*|
|poke|p1|Blissey, F|
|poke|p1|Skarmory, M|
|poke|p1|Pecharunt|
|poke|p2|Raging Bolt|
|poke|p2|Garganacl, F|
|poke|p2|Iron Crown|
|poke|p2|Maushold-Four|
|poke|p2|Glimmora, F|
|poke|p2|Ogerpon-Wellspring, F|
|teampreview
|c|☆claudechamp|hf
|inactive|Battle timer is ON: inactive players will automatically lose when time's up. (requested by claudechamp)
|
|t:|1779707716
|teamsize|p1|6
|teamsize|p2|6
|start
|switch|p1a: Skarmory|Skarmory, M|100/100
|switch|p2a: Maushold|Maushold-Four|100/100
|turn|1
|
|t:|1779707722
|move|p2a: Maushold|Tidy Up|p2a: Maushold
|-boost|p2a: Maushold|atk|1
|-boost|p2a: Maushold|spe|1
|move|p1a: Skarmory|Spikes|p2a: Maushold
|-sidestart|p2: savajho|Spikes
|
|upkeep
|turn|2
|
|t:|1779707728
|move|p2a: Maushold|Encore|p1a: Skarmory
|-start|p1a: Skarmory|Encore
|move|p1a: Skarmory|Spikes|p2a: Maushold
|-sidestart|p2: savajho|Spikes
|
|upkeep
|turn|3
|
|t:|1779707733
|switch|p1a: Zamazenta|Zamazenta|100/100
|-ability|p1a: Zamazenta|Dauntless Shield|boost
|-boost|p1a: Zamazenta|def|1
|move|p2a: Maushold|Tidy Up|p2a: Maushold
|-sideend|p2: savajho|Spikes
|-activate|p2a: Maushold|move: Tidy Up
|-boost|p2a: Maushold|atk|1
|-boost|p2a: Maushold|spe|1
|
|upkeep
|turn|4
|
|t:|1779707747
|-terastallize|p2a: Maushold|Ghost
|move|p2a: Maushold|Tidy Up|p2a: Maushold
|-boost|p2a: Maushold|atk|1
|-boost|p2a: Maushold|spe|1
|move|p1a: Zamazenta|Close Combat|p2a: Maushold
|-immune|p2a: Maushold
|
|upkeep
|turn|5
|
|t:|1779707754
|move|p2a: Maushold|Encore|p1a: Zamazenta
|-start|p1a: Zamazenta|Encore
|move|p1a: Zamazenta|Close Combat|p2a: Maushold
|-immune|p2a: Maushold
|
|upkeep
|turn|6
|
|t:|1779707761
|switch|p1a: Gliscor|Gliscor, F|100/100
|move|p2a: Maushold|Tidy Up|p2a: Maushold
|-boost|p2a: Maushold|atk|1
|-boost|p2a: Maushold|spe|1
|
|-status|p1a: Gliscor|tox|[from] item: Toxic Orb
|upkeep
|turn|7
|
|t:|1779707772
|move|p2a: Maushold|Population Bomb|p1a: Gliscor
|-damage|p1a: Gliscor|73/100 tox
|-damage|p1a: Gliscor|46/100 tox
|-damage|p1a: Gliscor|20/100 tox
|-damage|p1a: Gliscor|0 fnt
|faint|p1a: Gliscor
|-hitcount|p1: Gliscor|4
|
|upkeep
|
|t:|1779707774
|switch|p1a: Pecharunt|Pecharunt|100/100
|turn|8
|
|t:|1779707785
|move|p2a: Maushold|Bite|p1a: Pecharunt
|-supereffective|p1a: Pecharunt
|-damage|p1a: Pecharunt|38/100
|move|p1a: Pecharunt|Shadow Ball|p2a: Maushold
|-supereffective|p2a: Maushold
|-damage|p2a: Maushold|29/100
|
|upkeep
|turn|9
|
|t:|1779707791
|move|p2a: Maushold|Bite|p1a: Pecharunt
|-supereffective|p1a: Pecharunt
|-damage|p1a: Pecharunt|0 fnt
|faint|p1a: Pecharunt
|
|upkeep
|
|t:|1779707797
|switch|p1a: Skarmory|Skarmory, M|100/100
|turn|10
|
|t:|1779707809
|move|p2a: Maushold|Population Bomb|p1a: Skarmory
|-resisted|p1a: Skarmory
|-damage|p1a: Skarmory|91/100
|-resisted|p1a: Skarmory
|-damage|p1a: Skarmory|80/100
|-resisted|p1a: Skarmory
|-damage|p1a: Skarmory|69/100
|-resisted|p1a: Skarmory
|-damage|p1a: Skarmory|59/100
|-resisted|p1a: Skarmory
|-damage|p1a: Skarmory|50/100
|-resisted|p1a: Skarmory
|-damage|p1a: Skarmory|39/100
|-resisted|p1a: Skarmory
|-damage|p1a: Skarmory|28/100
|-resisted|p1a: Skarmory
|-damage|p1a: Skarmory|19/100
|-resisted|p1a: Skarmory
|-damage|p1a: Skarmory|8/100
|-resisted|p1a: Skarmory
|-damage|p1a: Skarmory|0 fnt
|faint|p1a: Skarmory
|-hitcount|p1: Skarmory|10
|
|upkeep
|
|t:|1779707812
|switch|p1a: Gholdengo|Gholdengo|100/100
|turn|11
|
|t:|1779707829
|-terastallize|p1a: Gholdengo|Fairy
|move|p2a: Maushold|Bite|p1a: Gholdengo
|-resisted|p1a: Gholdengo
|-damage|p1a: Gholdengo|77/100
|move|p1a: Gholdengo|Hex|p2a: Maushold
|-supereffective|p2a: Maushold
|-damage|p2a: Maushold|0 fnt
|faint|p2a: Maushold
|
|upkeep
|
|t:|1779707840
|switch|p2a: Glimmora|Glimmora, F|100/100
|turn|12
|
|t:|1779707851
|move|p2a: Glimmora|Sludge Wave|p1a: Gholdengo
|-supereffective|p1a: Gholdengo
|-damage|p1a: Gholdengo|0 fnt
|faint|p1a: Gholdengo
|
|upkeep
|
|t:|1779707859
|switch|p1a: Zamazenta|Zamazenta|100/100
|turn|13
|
|t:|1779707866
|move|p1a: Zamazenta|Heavy Slam|p2a: Glimmora
|-supereffective|p2a: Glimmora
|-damage|p2a: Glimmora|15/100
|-activate|p2a: Glimmora|ability: Toxic Debris
|-sidestart|p1: claudechamp|move: Toxic Spikes
|move|p2a: Glimmora|Mortal Spin|p1a: Zamazenta
|-damage|p1a: Zamazenta|95/100
|-status|p1a: Zamazenta|psn
|
|-damage|p1a: Zamazenta|82/100 psn|[from] psn
|upkeep
|turn|14
|
|t:|1779707876
|switch|p1a: Blissey|Blissey, F|100/100
|move|p2a: Glimmora|Sludge Wave|p1a: Blissey
|-damage|p1a: Blissey|87/100
|-status|p1a: Blissey|psn
|
|-damage|p1a: Blissey|74/100 psn|[from] psn
|upkeep
|turn|15
|
|t:|1779707884
|move|p2a: Glimmora|Stealth Rock|p1a: Blissey
|-sidestart|p1: claudechamp|move: Stealth Rock
|move|p1a: Blissey|Stealth Rock|p2a: Glimmora
|-sidestart|p2: savajho|move: Stealth Rock
|
|-damage|p1a: Blissey|62/100 psn|[from] psn
|upkeep
|turn|16
|
|t:|1779707891
|move|p2a: Glimmora|Mortal Spin|p1a: Blissey
|-damage|p1a: Blissey|54/100 psn
|-sideend|p2: savajho|Stealth Rock|[from] move: Mortal Spin|[of] p2a: Glimmora
|move|p1a: Blissey|Shadow Ball|p2a: Glimmora
|-damage|p2a: Glimmora|0 fnt
|faint|p2a: Glimmora
|
|-damage|p1a: Blissey|42/100 psn|[from] psn
|upkeep
|
|t:|1779707900
|switch|p2a: Iron Crown|Iron Crown|100/100
|-enditem|p2a: Iron Crown|Booster Energy
|-activate|p2a: Iron Crown|ability: Quark Drive|[fromitem]
|-start|p2a: Iron Crown|quarkdrivespe
|turn|17
|
|t:|1779707905
|move|p2a: Iron Crown|Psyshock|p1a: Blissey
|-damage|p1a: Blissey|4/100 psn
|move|p1a: Blissey|Soft-Boiled|p1a: Blissey
|-heal|p1a: Blissey|54/100 psn
|
|-damage|p1a: Blissey|41/100 psn|[from] psn
|upkeep
|turn|18
|
|t:|1779707912
|move|p2a: Iron Crown|Calm Mind|p2a: Iron Crown
|-boost|p2a: Iron Crown|spa|1
|-boost|p2a: Iron Crown|spd|1
|move|p1a: Blissey|Soft-Boiled|p1a: Blissey
|-heal|p1a: Blissey|91/100 psn
|
|-damage|p1a: Blissey|79/100 psn|[from] psn
|upkeep
|turn|19
|
|t:|1779707923
|move|p2a: Iron Crown|Calm Mind|p2a: Iron Crown
|-boost|p2a: Iron Crown|spa|1
|-boost|p2a: Iron Crown|spd|1
|move|p1a: Blissey|Shadow Ball|p2a: Iron Crown
|-supereffective|p2a: Iron Crown
|-damage|p2a: Iron Crown|86/100
|
|-damage|p1a: Blissey|67/100 psn|[from] psn
|upkeep
|turn|20
|
|t:|1779707930
|move|p2a: Iron Crown|Psyshock|p1a: Blissey
|-damage|p1a: Blissey|0 fnt
|faint|p1a: Blissey
|
|upkeep
|
|t:|1779707936
|switch|p1a: Zamazenta|Zamazenta|82/100 psn
|turn|21
|
|t:|1779707944
|move|p2a: Iron Crown|Psyshock|p1a: Zamazenta
|-supereffective|p1a: Zamazenta
|-damage|p1a: Zamazenta|0 fnt
|faint|p1a: Zamazenta
|
|win|savajho
|raw|claudechamp's rating: 1229 &rarr; <strong>1200</strong><br />(-29 for losing)
|raw|savajho's rating: 1166 &rarr; <strong>1195</strong><br />(+29 for winning)
|c|☆claudechamp|gg
