|j|☆Shadowz987
|j|☆Shinydragonzord6
|t:|1779724991
|gametype|singles
|player|p1|Shadowz987|101|1399
|player|p2|Shinydragonzord6|byron|1473
|gen|9
|tier|[Gen 9] OU
|rated|
|rule|HP Percentage Mod: HP is shown in percentages
|rule|Endless Battle Clause: Forcing endless battles is banned
|rule|Species Clause: Limit one of each Pokémon
|rule|OHKO Clause: OHKO moves are banned
|rule|Evasion Items Clause: Evasion items are banned
|rule|Evasion Moves Clause: Evasion moves are banned
|rule|Evasion Abilities Clause: Evasion abilities are banned
|rule|Sleep Moves Clause: Sleep-inducing moves are banned
|clearpoke
|poke|p1|Glimmora, F|
|poke|p1|Garganacl, F|
|poke|p1|Hatterene, F|
|poke|p1|Salazzle, F|
|poke|p1|Ogerpon-Wellspring, F|
|poke|p1|Clodsire, F|
|poke|p2|Pelipper, M|
|poke|p2|Barraskewda, M|
|poke|p2|Kingdra, M|
|poke|p2|Rillaboom, M|
|poke|p2|Iron Treads|
|poke|p2|Raging Bolt|
|teampreview
|inactive|Battle timer is ON: inactive players will automatically lose when time's up. (requested by Shinydragonzord6)
|
|t:|1779725012
|teamsize|p1|6
|teamsize|p2|6
|start
|switch|p1a: Glimmora|Glimmora, F|100/100
|switch|p2a: Iron Treads|Iron Treads, shiny|100/100
|-item|p1a: Glimmora|Air Balloon
|-enditem|p2a: Iron Treads|Booster Energy
|-activate|p2a: Iron Treads|ability: Quark Drive|[fromitem]
|-start|p2a: Iron Treads|quarkdrivespe
|turn|1
|
|t:|1779725022
|move|p2a: Iron Treads|Stealth Rock|p1a: Glimmora
|-sidestart|p1: Shadowz987|move: Stealth Rock
|move|p1a: Glimmora|Earth Power|p2a: Iron Treads
|-supereffective|p2a: Iron Treads
|-damage|p2a: Iron Treads|32/100
|
|upkeep
|turn|2
|
|t:|1779725034
|move|p2a: Iron Treads|Rapid Spin|p1a: Glimmora
|-resisted|p1a: Glimmora
|-damage|p1a: Glimmora|93/100
|-boost|p2a: Iron Treads|spe|1
|-activate|p1a: Glimmora|ability: Toxic Debris
|-sidestart|p2: Shinydragonzord6|move: Toxic Spikes
|-enditem|p1a: Glimmora|Air Balloon
|-sideend|p2: Shinydragonzord6|Toxic Spikes|[from] move: Rapid Spin|[of] p2a: Iron Treads
|move|p1a: Glimmora|Energy Ball|p2a: Iron Treads
|-damage|p2a: Iron Treads|0 fnt
|faint|p2a: Iron Treads
|-end|p2a: Iron Treads|Quark Drive|[silent]
|
|upkeep
|
|t:|1779725051
|switch|p2a: Barraskewda|Barraskewda, M|100/100
|turn|3
|
|t:|1779725063
|switch|p2a: Pelipper|Pelipper, M, shiny|100/100
|-weather|RainDance|[from] ability: Drizzle|[of] p2a: Pelipper
|switch|p1a: Ogerpon|Ogerpon-Wellspring, F|100/100
|-damage|p1a: Ogerpon|88/100|[from] Stealth Rock
|
|-weather|RainDance|[upkeep]
|upkeep
|turn|4
|
|t:|1779725078
|switch|p1a: Salazzle|Salazzle, F|100/100
|-damage|p1a: Salazzle|76/100|[from] Stealth Rock
|move|p2a: Pelipper|Hurricane|p1a: Salazzle
|-damage|p1a: Salazzle|17/100
|
|-weather|RainDance|[upkeep]
|upkeep
|turn|5
|
|t:|1779725087
|move|p1a: Salazzle|Endeavor|p2a: Pelipper
|-damage|p2a: Pelipper|18/100
|move|p2a: Pelipper|Surf|p1a: Salazzle
|-supereffective|p1a: Salazzle
|-damage|p1a: Salazzle|0 fnt
|faint|p1a: Salazzle
|
|-weather|RainDance|[upkeep]
|upkeep
|
|t:|1779725099
|switch|p1a: Ogerpon|Ogerpon-Wellspring, F|88/100
|-damage|p1a: Ogerpon|76/100|[from] Stealth Rock
|turn|6
|
|t:|1779725104
|switch|p2a: Rillaboom|Rillaboom, M, shiny|100/100
|-fieldstart|move: Grassy Terrain|[from] ability: Grassy Surge|[of] p2a: Rillaboom
|move|p1a: Ogerpon|Horn Leech|p2a: Rillaboom
|-resisted|p2a: Rillaboom
|-damage|p2a: Rillaboom|70/100
|-heal|p1a: Ogerpon|94/100|[from] drain|[of] p2a: Rillaboom
|
|-weather|RainDance|[upkeep]
|-heal|p1a: Ogerpon|99/100|[from] Grassy Terrain
|-heal|p2a: Rillaboom|76/100|[from] Grassy Terrain
|upkeep
|turn|7
|
|t:|1779725116
|switch|p1a: Glimmora|Glimmora, F|93/100
|-damage|p1a: Glimmora|81/100|[from] Stealth Rock
|move|p2a: Rillaboom|Swords Dance|p2a: Rillaboom
|-boost|p2a: Rillaboom|atk|2
|
|-weather|RainDance|[upkeep]
|-heal|p1a: Glimmora|87/100|[from] Grassy Terrain
|-heal|p2a: Rillaboom|82/100|[from] Grassy Terrain
|upkeep
|turn|8
|
|t:|1779725131
|move|p1a: Glimmora|Toxic|p2a: Rillaboom
|-status|p2a: Rillaboom|tox
|move|p2a: Rillaboom|High Horsepower|p1a: Glimmora
|-supereffective|p1a: Glimmora
|-crit|p1a: Glimmora
|-damage|p1a: Glimmora|0 fnt
|-activate|p1a: Glimmora|ability: Toxic Debris
|-sidestart|p2: Shinydragonzord6|move: Toxic Spikes
|faint|p1a: Glimmora
|
|-weather|RainDance|[upkeep]
|-heal|p2a: Rillaboom|88/100 tox|[from] Grassy Terrain
|-damage|p2a: Rillaboom|82/100 tox|[from] psn
|upkeep
|inactive|Shadowz987 has 120 seconds left.
|
|t:|1779725186
|switch|p1a: Ogerpon|Ogerpon-Wellspring, F|99/100
|-damage|p1a: Ogerpon|87/100|[from] Stealth Rock
|turn|9
|
|t:|1779725190
|-terastallize|p2a: Rillaboom|Grass
|move|p2a: Rillaboom|Grassy Glide|p1a: Ogerpon
|-damage|p1a: Ogerpon|0 fnt
|faint|p1a: Ogerpon
|
|-weather|RainDance|[upkeep]
|-heal|p2a: Rillaboom|88/100 tox|[from] Grassy Terrain
|-damage|p2a: Rillaboom|76/100 tox|[from] psn
|upkeep
|
|t:|1779725206
|switch|p1a: Clodsire|Clodsire, F|100/100
|-damage|p1a: Clodsire|94/100|[from] Stealth Rock
|turn|10
|
|t:|1779725211
|-terastallize|p1a: Clodsire|Flying
|move|p2a: Rillaboom|Wood Hammer|p1a: Clodsire
|-resisted|p1a: Clodsire
|-damage|p1a: Clodsire|24/100
|-damage|p2a: Rillaboom|44/100 tox|[from] Recoil
|move|p1a: Clodsire|Recover|p1a: Clodsire
|-heal|p1a: Clodsire|74/100
|
|-weather|none
|-heal|p2a: Rillaboom|50/100 tox|[from] Grassy Terrain
|-heal|p1a: Clodsire|80/100|[from] item: Leftovers
|-damage|p2a: Rillaboom|32/100 tox|[from] psn
|-fieldend|move: Grassy Terrain
|upkeep
|turn|11
|
|t:|1779725225
|move|p2a: Rillaboom|Wood Hammer|p1a: Clodsire
|-resisted|p1a: Clodsire
|-damage|p1a: Clodsire|24/100
|-damage|p2a: Rillaboom|7/100 tox|[from] Recoil
|move|p1a: Clodsire|Recover|p1a: Clodsire
|-heal|p1a: Clodsire|75/100
|
|-heal|p1a: Clodsire|81/100|[from] item: Leftovers
|-damage|p2a: Rillaboom|0 fnt|[from] psn
|faint|p2a: Rillaboom
|upkeep
|
|t:|1779725239
|switch|p2a: Pelipper|Pelipper, M, shiny|18/100
|-weather|RainDance|[from] ability: Drizzle|[of] p2a: Pelipper
|turn|12
|
|t:|1779725248
|move|p2a: Pelipper|Roost|p2a: Pelipper
|-heal|p2a: Pelipper|68/100
|-singleturn|p2a: Pelipper|move: Roost
|move|p1a: Clodsire|Liquidation|p2a: Pelipper
|-resisted|p2a: Pelipper
|-damage|p2a: Pelipper|60/100
|
|-weather|RainDance|[upkeep]
|-heal|p1a: Clodsire|87/100|[from] item: Leftovers
|upkeep
|turn|13
|inactive|Shadowz987 has 120 seconds left.
|
|t:|1779725259
|move|p2a: Pelipper|Surf|p1a: Clodsire
|-damage|p1a: Clodsire|64/100
|move|p1a: Clodsire|Curse|p1a: Clodsire
|-unboost|p1a: Clodsire|spe|1
|-boost|p1a: Clodsire|atk|1
|-boost|p1a: Clodsire|def|1
|
|-weather|RainDance|[upkeep]
|-heal|p1a: Clodsire|70/100|[from] item: Leftovers
|upkeep
|turn|14
|
|t:|1779725269
|switch|p2a: Raging Bolt|Raging Bolt|100/100
|-status|p2a: Raging Bolt|psn
|-enditem|p2a: Raging Bolt|Booster Energy
|-activate|p2a: Raging Bolt|ability: Protosynthesis|[fromitem]
|-start|p2a: Raging Bolt|protosynthesisspa
|move|p1a: Clodsire|Earthquake|p2a: Raging Bolt
|-supereffective|p2a: Raging Bolt
|-damage|p2a: Raging Bolt|33/100 psn
|
|-weather|RainDance|[upkeep]
|-heal|p1a: Clodsire|76/100|[from] item: Leftovers
|-damage|p2a: Raging Bolt|21/100 psn|[from] psn
|upkeep
|turn|15
|
|t:|1779725283
|move|p2a: Raging Bolt|Thunder|p1a: Clodsire
|-supereffective|p1a: Clodsire
|-damage|p1a: Clodsire|0 fnt
|faint|p1a: Clodsire
|
|-weather|RainDance|[upkeep]
|-damage|p2a: Raging Bolt|8/100 psn|[from] psn
|upkeep
|inactive|Shadowz987 has 120 seconds left.
|
|t:|1779725296
|switch|p1a: Garganacl|Garganacl, F|100/100
|-damage|p1a: Garganacl|88/100|[from] Stealth Rock
|turn|16
|
|t:|1779725308
|move|p2a: Raging Bolt|Thunder|p1a: Garganacl
|-damage|p1a: Garganacl|35/100
|move|p1a: Garganacl|Body Press|p2a: Raging Bolt
|-damage|p2a: Raging Bolt|0 fnt
|faint|p2a: Raging Bolt
|-end|p2a: Raging Bolt|Protosynthesis|[silent]
|
|-weather|RainDance|[upkeep]
|-heal|p1a: Garganacl|41/100|[from] item: Leftovers
|upkeep
|
|t:|1779725319
|switch|p2a: Kingdra|Kingdra, M, shiny|100/100
|-status|p2a: Kingdra|psn
|turn|17
|j| service1000p
|
|t:|1779725329
|move|p2a: Kingdra|Weather Ball|p1a: Garganacl
|-supereffective|p1a: Garganacl
|-damage|p1a: Garganacl|0 fnt
|faint|p1a: Garganacl
|-damage|p2a: Kingdra|91/100 psn|[from] item: Life Orb
|
|-weather|RainDance|[upkeep]
|-damage|p2a: Kingdra|78/100 psn|[from] psn
|upkeep
|
|t:|1779725332
|switch|p1a: Hatterene|Hatterene, F|100/100
|-damage|p1a: Hatterene|88/100|[from] Stealth Rock
|turn|18
|
|t:|1779725341
|move|p2a: Kingdra|Weather Ball|p1a: Hatterene
|-damage|p1a: Hatterene|0 fnt
|faint|p1a: Hatterene
|-damage|p2a: Kingdra|68/100 psn|[from] item: Life Orb
|
|win|Shinydragonzord6
|raw|Shadowz987's rating: 1399 &rarr; <strong>1383</strong><br />(-16 for losing)
|raw|Shinydragonzord6's rating: 1473 &rarr; <strong>1489</strong><br />(+16 for winning)
|l|☆Shadowz987
|player|p1|
|l|☆Shinydragonzord6
|player|p2|
