|j|☆agamerraa
|j|☆YuriDDLCLover
|t:|1779629326
|gametype|singles
|player|p1|agamerraa|266|1094
|player|p2|YuriDDLCLover|skyla|1089
|gen|9
|tier|[Gen 9] OU
|rated|
|rule|HP Percentage Mod: HP is shown in percentages
|rule|Endless Battle Clause: Forcing endless battles is banned
|rule|Species Clause: Limit one of each Pokémon
|rule|OHKO Clause: OHKO moves are banned
|rule|Evasion Items Clause: Evasion items are banned
|rule|Evasion Moves Clause: Evasion moves are banned
|rule|Evasion Abilities Clause: Evasion abilities are banned
|rule|Sleep Moves Clause: Sleep-inducing moves are banned
|clearpoke
|poke|p1|Darkrai|
|poke|p1|Deoxys-Speed|
|poke|p1|Mew|
|poke|p1|Pikachu-Original, M|
|poke|p1|Heatran, F|
|poke|p1|Jirachi|
|poke|p2|Revavroom, F|
|poke|p2|Bruxish, F|
|poke|p2|Lilligant-Hisui, F|
|poke|p2|Indeedee, M|
|poke|p2|Bronzong|
|poke|p2|Slowbro, M|
|teampreview
|
|t:|1779629331
|teamsize|p1|6
|teamsize|p2|6
|start
|switch|p1a: Deoxys|Deoxys-Speed|100/100
|switch|p2a: Revavroom|Revavroom, F|100/100
|-ability|p1a: Deoxys|Pressure
|turn|1
|
|t:|1779629344
|move|p1a: Deoxys|Knock Off|p2a: Revavroom
|-damage|p2a: Revavroom|84/100
|-enditem|p2a: Revavroom|Leftovers|[from] move: Knock Off|[of] p1a: Deoxys
|move|p2a: Revavroom|Toxic Spikes|p1a: Deoxys
|-sidestart|p1: agamerraa|move: Toxic Spikes
|
|upkeep
|turn|2
|
|t:|1779629352
|move|p1a: Deoxys|Knock Off|p2a: Revavroom
|-damage|p2a: Revavroom|72/100
|move|p2a: Revavroom|Substitute|p2a: Revavroom
|-start|p2a: Revavroom|Substitute
|-damage|p2a: Revavroom|48/100
|
|upkeep
|turn|3
|
|t:|1779629365
|switch|p2a: Bronzong|Bronzong, shiny|100/100
|move|p1a: Deoxys|Knock Off|p2a: Bronzong
|-supereffective|p2a: Bronzong
|-damage|p2a: Bronzong|63/100
|-enditem|p2a: Bronzong|Expert Belt|[from] move: Knock Off|[of] p1a: Deoxys
|
|upkeep
|turn|4
|
|t:|1779629376
|move|p1a: Deoxys|Knock Off|p2a: Bronzong
|-supereffective|p2a: Bronzong
|-damage|p2a: Bronzong|36/100
|move|p2a: Bronzong|Heavy Slam|p1a: Deoxys
|-damage|p1a: Deoxys|53/100
|
|upkeep
|turn|5
|
|t:|1779629394
|-terastallize|p1a: Deoxys|Psychic
|move|p1a: Deoxys|Knock Off|p2a: Bronzong
|-supereffective|p2a: Bronzong
|-damage|p2a: Bronzong|10/100
|move|p2a: Bronzong|Iron Head|p1a: Deoxys
|-damage|p1a: Deoxys|7/100
|
|upkeep
|turn|6
|
|t:|1779629403
|switch|p2a: Slowbro|Slowbro, M, shiny|100/100
|move|p1a: Deoxys|Knock Off|p2a: Slowbro
|-supereffective|p2a: Slowbro
|-damage|p2a: Slowbro|66/100
|-enditem|p2a: Slowbro|Leftovers|[from] move: Knock Off|[of] p1a: Deoxys
|
|upkeep
|turn|7
|
|t:|1779629414
|switch|p2a: Bruxish|Bruxish, F, shiny|100/100
|move|p1a: Deoxys|Knock Off|p2a: Bruxish
|-supereffective|p2a: Bruxish
|-damage|p2a: Bruxish|23/100
|-enditem|p2a: Bruxish|Aguav Berry|[from] move: Knock Off|[of] p1a: Deoxys
|
|upkeep
|turn|8
|
|t:|1779629422
|move|p2a: Bruxish|Aqua Jet|p1a: Deoxys
|-damage|p1a: Deoxys|0 fnt
|faint|p1a: Deoxys
|
|upkeep
|
|t:|1779629433
|switch|p1a: Mew|Mew|100/100
|-status|p1a: Mew|psn
|turn|9
|
|t:|1779629443
|-terastallize|p2a: Bruxish|Water
|move|p2a: Bruxish|Aqua Jet|p1a: Mew
|-damage|p1a: Mew|83/100 psn
|move|p1a: Mew|Brave Bird|p2a: Bruxish
|-damage|p2a: Bruxish|0 fnt
|faint|p2a: Bruxish
|-damage|p1a: Mew|77/100 psn|[from] Recoil
|
|-damage|p1a: Mew|65/100 psn|[from] psn
|upkeep
|
|t:|1779629454
|switch|p2a: Revavroom|Revavroom, F|48/100
|turn|10
|
|t:|1779629458
|move|p1a: Mew|Brave Bird|p2a: Revavroom
|-resisted|p2a: Revavroom
|-damage|p2a: Revavroom|36/100
|-damage|p1a: Mew|61/100 psn|[from] Recoil
|move|p2a: Revavroom|Substitute|p2a: Revavroom
|-start|p2a: Revavroom|Substitute
|-damage|p2a: Revavroom|12/100
|
|-damage|p1a: Mew|49/100 psn|[from] psn
|upkeep
|turn|11
|
|t:|1779629469
|move|p1a: Mew|Brave Bird|p2a: Revavroom
|-resisted|p2a: Revavroom
|-activate|p2a: Revavroom|move: Substitute|[damage]
|-damage|p1a: Mew|45/100 psn|[from] Recoil|[of] p2a: Revavroom
|move|p2a: Revavroom|Venoshock|p1a: Mew
|-damage|p1a: Mew|21/100 psn
|
|-damage|p1a: Mew|8/100 psn|[from] psn
|upkeep
|turn|12
|
|t:|1779629480
|move|p1a: Mew|Brave Bird|p2a: Revavroom
|-resisted|p2a: Revavroom
|-activate|p2a: Revavroom|move: Substitute|[damage]
|-damage|p1a: Mew|5/100 psn|[from] Recoil|[of] p2a: Revavroom
|move|p2a: Revavroom|Poison Jab|p1a: Mew
|-damage|p1a: Mew|0 fnt
|faint|p1a: Mew
|
|upkeep
|
|t:|1779629493
|switch|p1a: Darkrai|Darkrai|100/100
|-status|p1a: Darkrai|psn
|turn|13
|
|t:|1779629505
|move|p1a: Darkrai|Blizzard|p2a: Revavroom
|-resisted|p2a: Revavroom
|-end|p2a: Revavroom|Substitute
|move|p2a: Revavroom|Venoshock|p1a: Darkrai
|-damage|p1a: Darkrai|67/100 psn
|
|-damage|p1a: Darkrai|55/100 psn|[from] psn
|upkeep
|turn|14
|
|t:|1779629515
|move|p1a: Darkrai|Blizzard|p2a: Revavroom
|-resisted|p2a: Revavroom
|-damage|p2a: Revavroom|0 fnt
|faint|p2a: Revavroom
|
|-damage|p1a: Darkrai|42/100 psn|[from] psn
|upkeep
|
|t:|1779629524
|switch|p2a: Bronzong|Bronzong, shiny|10/100
|turn|15
|
|t:|1779629535
|move|p1a: Darkrai|Blizzard|p2a: Bronzong
|-resisted|p2a: Bronzong
|-damage|p2a: Bronzong|0 fnt
|faint|p2a: Bronzong
|
|-damage|p1a: Darkrai|30/100 psn|[from] psn
|upkeep
|
|t:|1779629545
|switch|p2a: Lilligant|Lilligant-Hisui, F, shiny|100/100
|turn|16
|
|t:|1779629549
|move|p1a: Darkrai|Blizzard|p2a: Lilligant|[miss]
|-miss|p1a: Darkrai|p2a: Lilligant
|move|p2a: Lilligant|Brick Break|p1a: Darkrai
|-supereffective|p1a: Darkrai
|-damage|p1a: Darkrai|0 fnt
|faint|p1a: Darkrai
|
|upkeep
|
|t:|1779629560
|switch|p1a: Heatran|Heatran, F|100/100
|turn|17
|
|t:|1779629570
|move|p2a: Lilligant|Brick Break|p1a: Heatran
|-supereffective|p1a: Heatran
|-damage|p1a: Heatran|40/100
|move|p1a: Heatran|Fire Blast|p2a: Lilligant
|-supereffective|p2a: Lilligant
|-damage|p2a: Lilligant|0 fnt
|faint|p2a: Lilligant
|
|upkeep
|
|t:|1779629577
|switch|p2a: Indeedee|Indeedee, M|100/100
|-fieldstart|move: Psychic Terrain|[from] ability: Psychic Surge|[of] p2a: Indeedee
|turn|18
|
|t:|1779629587
|move|p1a: Heatran|Fire Blast|p2a: Indeedee
|-damage|p2a: Indeedee|33/100
|move|p2a: Indeedee|Expanding Force|p1a: Heatran
|-resisted|p1a: Heatran
|-crit|p1a: Heatran
|-damage|p1a: Heatran|0 fnt
|faint|p1a: Heatran
|
|upkeep
|
|t:|1779629601
|switch|p1a: Jirachi|Jirachi|100/100
|turn|19
|
|t:|1779629611
|move|p2a: Indeedee|Expanding Force|p1a: Jirachi
|-resisted|p1a: Jirachi
|-damage|p1a: Jirachi|86/100
|move|p1a: Jirachi|Wish|p1a: Jirachi
|
|upkeep
|turn|20
|
|t:|1779629618
|move|p2a: Indeedee|Psychic Noise|p1a: Jirachi
|-resisted|p1a: Jirachi
|-damage|p1a: Jirachi|77/100
|-start|p1a: Jirachi|move: Heal Block
|cant|p1a: Jirachi|move: Heal Block|Wish
|
|upkeep
|turn|21
|
|t:|1779629626
|move|p2a: Indeedee|Calm Mind|p2a: Indeedee
|-boost|p2a: Indeedee|spa|1
|-boost|p2a: Indeedee|spd|1
|-activate|p1a: Jirachi|move: Struggle
|move|p1a: Jirachi|Struggle|p2a: Indeedee
|-damage|p2a: Indeedee|2/100
|-damage|p1a: Jirachi|52/100|[from] recoil
|
|-end|p1a: Jirachi|move: Heal Block
|upkeep
|turn|22
|
|t:|1779629636
|move|p2a: Indeedee|Expanding Force|p1a: Jirachi
|-resisted|p1a: Jirachi
|-damage|p1a: Jirachi|29/100
|move|p1a: Jirachi|Wish|p1a: Jirachi
|
|upkeep
|turn|23
|
|t:|1779629643
|move|p2a: Indeedee|Expanding Force|p1a: Jirachi
|-resisted|p1a: Jirachi
|-damage|p1a: Jirachi|6/100
|move|p1a: Jirachi|Wish||[still]
|-fail|p1a: Jirachi
|
|-heal|p1a: Jirachi|56/100|[from] move: Wish|[wisher] Jirachi
|upkeep
|turn|24
|
|t:|1779629659
|move|p2a: Indeedee|Expanding Force|p1a: Jirachi
|-resisted|p1a: Jirachi
|-damage|p1a: Jirachi|35/100
|move|p1a: Jirachi|Wish|p1a: Jirachi
|
|upkeep
|turn|25
|
|t:|1779629665
|move|p2a: Indeedee|Psychic Noise|p1a: Jirachi
|-resisted|p1a: Jirachi
|-damage|p1a: Jirachi|21/100
|-start|p1a: Jirachi|move: Heal Block
|cant|p1a: Jirachi|move: Heal Block|Wish
|
|-fieldend|move: Psychic Terrain
|upkeep
|turn|26
|
|t:|1779629674
|move|p2a: Indeedee|Expanding Force|p1a: Jirachi
|-resisted|p1a: Jirachi
|-damage|p1a: Jirachi|10/100
|-activate|p1a: Jirachi|move: Struggle
|move|p1a: Jirachi|Struggle|p2a: Indeedee
|-damage|p2a: Indeedee|0 fnt
|faint|p2a: Indeedee
|-damage|p1a: Jirachi|0 fnt|[from] recoil
|faint|p1a: Jirachi
|
|upkeep
|
|t:|1779629684
|switch|p2a: Slowbro|Slowbro, M, shiny|66/100
|switch|p1a: Pikachu|Pikachu-Original, M|100/100
|-status|p1a: Pikachu|psn
|turn|27
|
|t:|1779629693
|move|p2a: Slowbro|Protect|p2a: Slowbro
|-singleturn|p2a: Slowbro|Protect
|move|p1a: Pikachu|Wild Charge|p2a: Slowbro
|-activate|p2a: Slowbro|move: Protect
|
|-damage|p1a: Pikachu|88/100 psn|[from] psn
|upkeep
|turn|28
|
|t:|1779629704
|move|p1a: Pikachu|Wild Charge|p2a: Slowbro
|-supereffective|p2a: Slowbro
|-damage|p2a: Slowbro|2/100
|-damage|p1a: Pikachu|60/100 psn|[from] Recoil
|move|p2a: Slowbro|Stored Power|p1a: Pikachu
|-damage|p1a: Pikachu|39/100 psn
|
|-damage|p1a: Pikachu|27/100 psn|[from] psn
|upkeep
|turn|29
|
|t:|1779629715
|move|p2a: Slowbro|Protect|p2a: Slowbro
|-singleturn|p2a: Slowbro|Protect
|move|p1a: Pikachu|Thunderbolt|p2a: Slowbro
|-activate|p2a: Slowbro|move: Protect
|
|-damage|p1a: Pikachu|15/100 psn|[from] psn
|upkeep
|turn|30
|
|t:|1779629723
|move|p2a: Slowbro|Protect||[still]
|-fail|p2a: Slowbro
|move|p1a: Pikachu|Thunderbolt|p2a: Slowbro
|-supereffective|p2a: Slowbro
|-damage|p2a: Slowbro|0 fnt
|faint|p2a: Slowbro
|
|win|agamerraa
|raw|agamerraa's rating: 1094 &rarr; <strong>1120</strong><br />(+26 for winning)
|raw|YuriDDLCLover's rating: 1089 &rarr; <strong>1066</strong><br />(-23 for losing)
|l|☆agamerraa
|player|p1|
