|j|☆Wes1145
|j|☆goodra62
|t:|1779715510
|gametype|singles
|player|p1|Wes1145|lady|1129
|player|p2|goodra62|ghetsis-gen5bw|1134
|gen|9
|tier|[Gen 9] OU
|rated|
|rule|HP Percentage Mod: HP is shown in percentages
|rule|Endless Battle Clause: Forcing endless battles is banned
|rule|Species Clause: Limit one of each Pokémon
|rule|OHKO Clause: OHKO moves are banned
|rule|Evasion Items Clause: Evasion items are banned
|rule|Evasion Moves Clause: Evasion moves are banned
|rule|Evasion Abilities Clause: Evasion abilities are banned
|rule|Sleep Moves Clause: Sleep-inducing moves are banned
|clearpoke
|poke|p1|Pelipper, F|
|poke|p1|Greninja-*, M|
|poke|p1|Basculegion, M|
|poke|p1|Zapdos|
|poke|p1|Sandy Shocks|
|poke|p1|Scizor, F|
|poke|p2|Froslass, F|
|poke|p2|Cinderace, M|
|poke|p2|Heatran, F|
|poke|p2|Pecharunt|
|poke|p2|Raging Bolt|
|poke|p2|Gliscor, M|
|teampreview
|inactive|Battle timer is ON: inactive players will automatically lose when time's up. (requested by Wes1145)
|
|t:|1779715526
|teamsize|p1|6
|teamsize|p2|6
|start
|switch|p1a: Sandy Shocks|Sandy Shocks|100/100
|switch|p2a: Pecharunt|Pecharunt|100/100
|-enditem|p1a: Sandy Shocks|Booster Energy
|-activate|p1a: Sandy Shocks|ability: Protosynthesis|[fromitem]
|-start|p1a: Sandy Shocks|protosynthesisspe
|turn|1
|
|t:|1779715541
|switch|p2a: Gliscor|Gliscor, M|100/100
|move|p1a: Sandy Shocks|Earth Power|p2a: Gliscor
|-immune|p2a: Gliscor
|
|-status|p2a: Gliscor|tox|[from] item: Toxic Orb
|upkeep
|turn|2
|
|t:|1779715554
|move|p1a: Sandy Shocks|Stealth Rock|p2a: Gliscor
|-sidestart|p2: goodra62|move: Stealth Rock
|move|p2a: Gliscor|Toxic|p1a: Sandy Shocks
|-status|p1a: Sandy Shocks|tox
|
|-damage|p1a: Sandy Shocks|94/100 tox|[from] psn
|upkeep
|turn|3
|
|t:|1779715568
|-end|p1a: Sandy Shocks|Protosynthesis|[silent]
|switch|p1a: Pelipper|Pelipper, F|100/100
|-weather|RainDance|[from] ability: Drizzle|[of] p1a: Pelipper
|move|p2a: Gliscor|Substitute|p2a: Gliscor
|-start|p2a: Gliscor|Substitute
|-damage|p2a: Gliscor|76/100 tox
|
|-weather|RainDance|[upkeep]
|-heal|p2a: Gliscor|88/100 tox|[from] ability: Poison Heal
|upkeep
|turn|4
|
|t:|1779715593
|move|p2a: Gliscor|Toxic|p1a: Pelipper
|-status|p1a: Pelipper|tox
|move|p1a: Pelipper|U-turn|p2a: Gliscor
|-resisted|p2a: Gliscor
|-activate|p2a: Gliscor|move: Substitute|[damage]
|inactive|Wes1145 has 120 seconds left.
|
|t:|1779715615
|switch|p1a: Greninja|Greninja, M|100/100|[from] U-turn
|
|-weather|RainDance|[upkeep]
|-heal|p2a: Gliscor|100/100 tox|[from] ability: Poison Heal
|upkeep
|turn|5
|
|t:|1779715626
|move|p1a: Greninja|Ice Beam|p2a: Gliscor
|-supereffective|p2a: Gliscor
|-end|p2a: Gliscor|Substitute
|-damage|p1a: Greninja|91/100|[from] item: Life Orb
|move|p2a: Gliscor|Toxic|p1a: Greninja
|-status|p1a: Greninja|tox
|
|-weather|RainDance|[upkeep]
|-damage|p1a: Greninja|85/100 tox|[from] psn
|upkeep
|turn|6
|
|t:|1779715636
|move|p2a: Gliscor|Protect|p2a: Gliscor
|-singleturn|p2a: Gliscor|Protect
|move|p1a: Greninja|Ice Beam|p2a: Gliscor
|-activate|p2a: Gliscor|move: Protect
|
|-weather|RainDance|[upkeep]
|-damage|p1a: Greninja|73/100 tox|[from] psn
|upkeep
|turn|7
|
|t:|1779715651
|switch|p2a: Cinderace|Cinderace, M|100/100
|move|p1a: Greninja|Ice Beam|p2a: Cinderace
|-resisted|p2a: Cinderace
|-damage|p2a: Cinderace|75/100
|-damage|p1a: Greninja|63/100 tox|[from] item: Life Orb
|
|-weather|RainDance|[upkeep]
|-damage|p1a: Greninja|45/100 tox|[from] psn
|upkeep
|turn|8
|inactive|Wes1145 has 120 seconds left.
|
|t:|1779715666
|move|p1a: Greninja|Surf|p2a: Cinderace
|-supereffective|p2a: Cinderace
|-damage|p2a: Cinderace|0 fnt
|faint|p2a: Cinderace
|-ability|p1a: Greninja|Battle Bond|boost
|-boost|p1a: Greninja|atk|1
|-boost|p1a: Greninja|spa|1
|-boost|p1a: Greninja|spe|1
|-activate|p1a: Greninja|ability: Battle Bond
|-damage|p1a: Greninja|35/100 tox|[from] item: Life Orb
|
|-weather|RainDance|[upkeep]
|-damage|p1a: Greninja|11/100 tox|[from] psn
|upkeep
|
|t:|1779715678
|switch|p2a: Gliscor|Gliscor, M|100/100 tox
|-damage|p2a: Gliscor|88/100 tox|[from] Stealth Rock
|turn|9
|
|t:|1779715687
|switch|p1a: Basculegion|Basculegion, M|100/100
|move|p2a: Gliscor|Protect||[still]
|-fail|p2a: Gliscor
|
|-weather|RainDance|[upkeep]
|-heal|p2a: Gliscor|100/100 tox|[from] ability: Poison Heal
|upkeep
|turn|10
|
|t:|1779715701
|-terastallize|p2a: Gliscor|Steel
|move|p1a: Basculegion|Wave Crash|p2a: Gliscor
|-damage|p2a: Gliscor|13/100 tox
|-damage|p1a: Basculegion|74/100|[from] Recoil
|move|p2a: Gliscor|Toxic|p1a: Basculegion
|-status|p1a: Basculegion|tox
|
|-weather|none
|-damage|p1a: Basculegion|68/100 tox|[from] psn
|-heal|p2a: Gliscor|26/100 tox|[from] ability: Poison Heal
|upkeep
|turn|11
|
|t:|1779715713
|switch|p1a: Pelipper|Pelipper, F|100/100 tox
|-weather|RainDance|[from] ability: Drizzle|[of] p1a: Pelipper
|move|p2a: Gliscor|Protect||[still]
|-fail|p2a: Gliscor
|
|-weather|RainDance|[upkeep]
|-heal|p2a: Gliscor|38/100 tox|[from] ability: Poison Heal
|-damage|p1a: Pelipper|95/100 tox|[from] psn
|upkeep
|turn|12
|
|t:|1779715736
|switch|p1a: Scizor|Scizor, F|100/100
|move|p2a: Gliscor|Substitute|p2a: Gliscor
|-start|p2a: Gliscor|Substitute
|-damage|p2a: Gliscor|13/100 tox
|
|-weather|RainDance|[upkeep]
|-heal|p2a: Gliscor|26/100 tox|[from] ability: Poison Heal
|upkeep
|turn|13
|
|t:|1779715751
|move|p2a: Gliscor|Earthquake|p1a: Scizor
|-damage|p1a: Scizor|70/100
|move|p1a: Scizor|Close Combat|p2a: Gliscor
|-supereffective|p2a: Gliscor
|-end|p2a: Gliscor|Substitute
|-unboost|p1a: Scizor|def|1
|-unboost|p1a: Scizor|spd|1
|
|-weather|RainDance|[upkeep]
|-heal|p2a: Gliscor|38/100 tox|[from] ability: Poison Heal
|upkeep
|turn|14
|inactive|Wes1145 has 120 seconds left.
|
|t:|1779715766
|switch|p2a: Pecharunt|Pecharunt|100/100
|-damage|p2a: Pecharunt|88/100|[from] Stealth Rock
|move|p1a: Scizor|Close Combat|p2a: Pecharunt
|-immune|p2a: Pecharunt
|
|-weather|RainDance|[upkeep]
|upkeep
|turn|15
|inactive|Wes1145 has 120 seconds left.
|
|t:|1779715777
|move|p2a: Pecharunt|Shadow Ball|p1a: Scizor
|-damage|p1a: Scizor|4/100
|-unboost|p1a: Scizor|spd|1
|move|p1a: Scizor|U-turn|p2a: Pecharunt
|-resisted|p2a: Pecharunt
|-damage|p2a: Pecharunt|83/100
|-damage|p1a: Scizor|0 fnt|[from] item: Rocky Helmet|[of] p2a: Pecharunt
|faint|p1a: Scizor
|
|-weather|RainDance|[upkeep]
|upkeep
|inactive|Wes1145 has 120 seconds left.
|
|t:|1779715791
|switch|p1a: Greninja|Greninja, M|11/100 tox
|turn|16
|inactive|Wes1145 has 120 seconds left.
|
|t:|1779715804
|switch|p2a: Raging Bolt|Raging Bolt|100/100
|-damage|p2a: Raging Bolt|88/100|[from] Stealth Rock
|-enditem|p2a: Raging Bolt|Booster Energy
|-activate|p2a: Raging Bolt|ability: Protosynthesis|[fromitem]
|-start|p2a: Raging Bolt|protosynthesisspa
|move|p1a: Greninja|Dark Pulse|p2a: Raging Bolt
|-damage|p2a: Raging Bolt|47/100
|-damage|p1a: Greninja|2/100 tox|[from] item: Life Orb
|
|-weather|RainDance|[upkeep]
|-damage|p1a: Greninja|0 fnt|[from] psn
|faint|p1a: Greninja
|upkeep
|
|t:|1779715827
|switch|p1a: Sandy Shocks|Sandy Shocks|94/100 tox
|turn|17
|
|t:|1779715839
|-end|p2a: Raging Bolt|Protosynthesis|[silent]
|switch|p2a: Heatran|Heatran, F|100/100
|-damage|p2a: Heatran|88/100|[from] Stealth Rock
|-item|p2a: Heatran|Air Balloon
|move|p1a: Sandy Shocks|Earth Power|p2a: Heatran
|-immune|p2a: Heatran
|
|-weather|RainDance|[upkeep]
|-damage|p1a: Sandy Shocks|88/100 tox|[from] psn
|upkeep
|turn|18
|
|t:|1779715854
|move|p2a: Heatran|Protect|p2a: Heatran
|-singleturn|p2a: Heatran|Protect
|move|p1a: Sandy Shocks|Volt Switch|p2a: Heatran
|-activate|p2a: Heatran|move: Protect
|
|-weather|none
|-damage|p1a: Sandy Shocks|76/100 tox|[from] psn
|upkeep
|turn|19
|
|t:|1779715865
|move|p1a: Sandy Shocks|Volt Switch|p2a: Heatran
|-damage|p2a: Heatran|60/100
|-enditem|p2a: Heatran|Air Balloon
|
|t:|1779715876
|-end|p1a: Sandy Shocks|Protosynthesis|[silent]
|switch|p1a: Pelipper|Pelipper, F|95/100 tox|[from] Volt Switch
|-weather|RainDance|[from] ability: Drizzle|[of] p1a: Pelipper
|move|p2a: Heatran|Magma Storm|p1a: Pelipper
|-resisted|p1a: Pelipper
|-damage|p1a: Pelipper|75/100 tox
|-activate|p1a: Pelipper|move: Magma Storm|[of] p2a: Heatran
|
|-weather|RainDance|[upkeep]
|-damage|p1a: Pelipper|69/100 tox|[from] psn
|-damage|p1a: Pelipper|57/100 tox|[from] move: Magma Storm|[partiallytrapped]
|upkeep
|turn|20
|
|t:|1779715901
|move|p2a: Heatran|Protect|p2a: Heatran
|-singleturn|p2a: Heatran|Protect
|move|p1a: Pelipper|Surf|p2a: Heatran
|-activate|p2a: Heatran|move: Protect
|
|-weather|RainDance|[upkeep]
|-damage|p1a: Pelipper|45/100 tox|[from] psn
|-damage|p1a: Pelipper|32/100 tox|[from] move: Magma Storm|[partiallytrapped]
|upkeep
|turn|21
|
|t:|1779715914
|switch|p2a: Raging Bolt|Raging Bolt|47/100
|-damage|p2a: Raging Bolt|34/100|[from] Stealth Rock
|move|p1a: Pelipper|Surf|p2a: Raging Bolt
|-resisted|p2a: Raging Bolt
|-damage|p2a: Raging Bolt|8/100
|
|-weather|RainDance|[upkeep]
|-damage|p1a: Pelipper|15/100 tox|[from] psn
|-end|p1a: Pelipper|Magma Storm|[partiallytrapped]|[silent]
|upkeep
|turn|22
|
|t:|1779715930
|switch|p1a: Sandy Shocks|Sandy Shocks|76/100 tox
|move|p2a: Raging Bolt|Thunderclap||[still]
|-fail|p2a: Raging Bolt
|
|-weather|RainDance|[upkeep]
|-damage|p1a: Sandy Shocks|70/100 tox|[from] psn
|upkeep
|turn|23
|
|t:|1779715942
|move|p1a: Sandy Shocks|Earth Power|p2a: Raging Bolt
|-supereffective|p2a: Raging Bolt
|-damage|p2a: Raging Bolt|0 fnt
|faint|p2a: Raging Bolt
|-end|p2a: Raging Bolt|Protosynthesis|[silent]
|
|-weather|RainDance|[upkeep]
|-damage|p1a: Sandy Shocks|57/100 tox|[from] psn
|upkeep
|
|t:|1779715955
|switch|p2a: Pecharunt|Pecharunt|83/100
|-damage|p2a: Pecharunt|70/100|[from] Stealth Rock
|turn|24
|
|t:|1779715974
|-end|p1a: Sandy Shocks|Protosynthesis|[silent]
|switch|p1a: Basculegion|Basculegion, M|68/100 tox
|move|p2a: Pecharunt|Shadow Ball|p1a: Basculegion
|-supereffective|p1a: Basculegion
|-damage|p1a: Basculegion|0 fnt
|faint|p1a: Basculegion
|
|-weather|RainDance|[upkeep]
|upkeep
|
|t:|1779715985
|switch|p1a: Sandy Shocks|Sandy Shocks|57/100 tox
|turn|25
|
|t:|1779715994
|move|p1a: Sandy Shocks|Earth Power|p2a: Pecharunt
|-supereffective|p2a: Pecharunt
|-damage|p2a: Pecharunt|0 fnt
|faint|p2a: Pecharunt
|
|-weather|RainDance|[upkeep]
|-damage|p1a: Sandy Shocks|51/100 tox|[from] psn
|upkeep
|
|t:|1779716005
|switch|p2a: Gliscor|Gliscor, M, tera:Steel|38/100 tox
|-damage|p2a: Gliscor|32/100 tox|[from] Stealth Rock
|turn|26
|
|t:|1779716017
|move|p2a: Gliscor|Protect|p2a: Gliscor
|-singleturn|p2a: Gliscor|Protect
|move|p1a: Sandy Shocks|Volt Switch|p2a: Gliscor
|-activate|p2a: Gliscor|move: Protect
|
|-weather|none
|-damage|p1a: Sandy Shocks|39/100 tox|[from] psn
|-heal|p2a: Gliscor|44/100 tox|[from] ability: Poison Heal
|upkeep
|turn|27
|
|t:|1779716032
|move|p1a: Sandy Shocks|Earth Power|p2a: Gliscor
|-supereffective|p2a: Gliscor
|-damage|p2a: Gliscor|0 fnt
|faint|p2a: Gliscor
|
|-damage|p1a: Sandy Shocks|20/100 tox|[from] psn
|upkeep
|
|t:|1779716038
|switch|p2a: Heatran|Heatran, F|60/100
|-damage|p2a: Heatran|47/100|[from] Stealth Rock
|turn|28
|inactive|Wes1145 has 120 seconds left.
|
|t:|1779716049
|move|p2a: Heatran|Protect|p2a: Heatran
|-singleturn|p2a: Heatran|Protect
|move|p1a: Sandy Shocks|Earth Power|p2a: Heatran
|-activate|p2a: Heatran|move: Protect
|
|-damage|p1a: Sandy Shocks|0 fnt|[from] psn
|faint|p1a: Sandy Shocks
|-end|p1a: Sandy Shocks|Protosynthesis|[silent]
|upkeep
|
|t:|1779716055
|switch|p1a: Pelipper|Pelipper, F|15/100 tox
|-weather|RainDance|[from] ability: Drizzle|[of] p1a: Pelipper
|turn|29
|inactive|Wes1145 has 120 seconds left.
|inactive|goodra62 has 120 seconds left.
|
|t:|1779716085
|move|p2a: Heatran|Magma Storm|p1a: Pelipper|[miss]
|-miss|p2a: Heatran|p1a: Pelipper
|move|p1a: Pelipper|Surf|p2a: Heatran
|-supereffective|p2a: Heatran
|-damage|p2a: Heatran|0 fnt
|faint|p2a: Heatran
|
|-weather|RainDance|[upkeep]
|-damage|p1a: Pelipper|9/100 tox|[from] psn
|upkeep
|inactive|goodra62 has 120 seconds left.
|
|t:|1779716094
|switch|p2a: Froslass|Froslass, F|100/100
|-damage|p2a: Froslass|76/100|[from] Stealth Rock
|turn|30
|
|t:|1779716123
|move|p2a: Froslass|Ice Beam|p1a: Pelipper
|-damage|p1a: Pelipper|0 fnt
|faint|p1a: Pelipper
|
|-weather|RainDance|[upkeep]
|upkeep
|
|t:|1779716132
|switch|p1a: Zapdos|Zapdos|100/100
|turn|31
|inactive|Wes1145 has 90 seconds left.
|inactive|goodra62 has 120 seconds left.
|
|t:|1779716171
|-terastallize|p1a: Zapdos|Water
|move|p2a: Froslass|Destiny Bond|p2a: Froslass
|-singlemove|p2a: Froslass|Destiny Bond
|move|p1a: Zapdos|Thunder|p2a: Froslass
|-damage|p2a: Froslass|0 fnt
|faint|p2a: Froslass
|-activate|p2a: Froslass|move: Destiny Bond
|faint|p1a: Zapdos
|
|win|Wes1145
|raw|Wes1145's rating: 1129 &rarr; <strong>1154</strong><br />(+25 for winning)
|raw|goodra62's rating: 1134 &rarr; <strong>1109</strong><br />(-25 for losing)
|l|☆goodra62
|player|p2|
|c|☆Wes1145|good game
