|j|☆Bipface
|j|☆nucleotyde
|t:|1779594491
|gametype|singles
|player|p1|Bipface|fisherman-gen4|1272
|player|p2|nucleotyde|waitress-gen4|1217
|gen|9
|tier|[Gen 9] OU
|rated|
|rule|HP Percentage Mod: HP is shown in percentages
|rule|Endless Battle Clause: Forcing endless battles is banned
|rule|Species Clause: Limit one of each Pokémon
|rule|OHKO Clause: OHKO moves are banned
|rule|Evasion Items Clause: Evasion items are banned
|rule|Evasion Moves Clause: Evasion moves are banned
|rule|Evasion Abilities Clause: Evasion abilities are banned
|rule|Sleep Moves Clause: Sleep-inducing moves are banned
|clearpoke
|poke|p1|Dragapult, M|
|poke|p1|Darkrai|
|poke|p1|Corviknight, M|
|poke|p1|Cinderace, F|
|poke|p1|Iron Valiant|
|poke|p1|Gliscor, M|
|poke|p2|Dragonite, F|
|poke|p2|Great Tusk|
|poke|p2|Deoxys-Speed|
|poke|p2|Gholdengo|
|poke|p2|Zamazenta-*|
|poke|p2|Iron Valiant|
|teampreview
|inactive|Battle timer is ON: inactive players will automatically lose when time's up. (requested by nucleotyde)
|inactive|Bipface also wants the timer to be on.
|
|t:|1779594511
|teamsize|p1|6
|teamsize|p2|6
|start
|switch|p1a: Gliscor|Gliscor, M, shiny|100/100
|switch|p2a: Deoxys|Deoxys-Speed|100/100
|-ability|p2a: Deoxys|Pressure
|turn|1
|
|t:|1779594518
|move|p2a: Deoxys|Stealth Rock|p1a: Gliscor
|-sidestart|p1: Bipface|move: Stealth Rock
|move|p1a: Gliscor|Toxic|p2a: Deoxys
|-status|p2a: Deoxys|tox
|
|-damage|p2a: Deoxys|95/100 tox|[from] psn
|-status|p1a: Gliscor|tox|[from] item: Toxic Orb
|upkeep
|turn|2
|
|t:|1779594525
|move|p2a: Deoxys|Skill Swap|p1a: Gliscor
|-activate|p2a: Deoxys|Skill Swap|Poison Heal|Pressure|[of] p1a: Gliscor
|-ability|p1a: Gliscor|Pressure
|move|p1a: Gliscor|Knock Off|p2a: Deoxys
|-supereffective|p2a: Deoxys
|-crit|p2a: Deoxys
|-damage|p2a: Deoxys|21/100 tox
|-enditem|p2a: Deoxys|Focus Sash|[from] move: Knock Off|[of] p1a: Gliscor
|
|-heal|p2a: Deoxys|33/100 tox|[from] ability: Poison Heal
|-damage|p1a: Gliscor|94/100 tox|[from] psn
|upkeep
|turn|3
|
|t:|1779594537
|move|p2a: Deoxys|Spikes|p1a: Gliscor
|-sidestart|p1: Bipface|Spikes
|move|p1a: Gliscor|Earthquake|p2a: Deoxys
|-damage|p2a: Deoxys|0 fnt
|faint|p2a: Deoxys
|
|-damage|p1a: Gliscor|82/100 tox|[from] psn
|upkeep
|
|t:|1779594550
|switch|p2a: Zamazenta|Zamazenta|100/100
|-ability|p2a: Zamazenta|Dauntless Shield|boost
|-boost|p2a: Zamazenta|def|1
|turn|4
|
|t:|1779594554
|move|p2a: Zamazenta|Ice Fang|p1a: Gliscor
|-supereffective|p1a: Gliscor
|-damage|p1a: Gliscor|7/100 tox
|-damage|p2a: Zamazenta|91/100|[from] item: Life Orb
|move|p1a: Gliscor|Toxic|p2a: Zamazenta
|-status|p2a: Zamazenta|tox
|
|-damage|p2a: Zamazenta|84/100 tox|[from] psn
|-damage|p1a: Gliscor|0 fnt|[from] psn
|faint|p1a: Gliscor
|upkeep
|
|t:|1779594563
|switch|p1a: Cinderace|Cinderace, F|100/100
|-damage|p1a: Cinderace|76/100|[from] Stealth Rock
|-damage|p1a: Cinderace|63/100|[from] Spikes
|turn|5
|
|t:|1779594570
|move|p2a: Zamazenta|Close Combat|p1a: Cinderace
|-damage|p1a: Cinderace|0 fnt
|-unboost|p2a: Zamazenta|def|1
|-unboost|p2a: Zamazenta|spd|1
|faint|p1a: Cinderace
|-damage|p2a: Zamazenta|75/100 tox|[from] item: Life Orb
|
|-damage|p2a: Zamazenta|62/100 tox|[from] psn
|upkeep
|
|t:|1779594578
|switch|p1a: Iron Valiant|Iron Valiant|100/100
|-damage|p1a: Iron Valiant|94/100|[from] Stealth Rock
|-damage|p1a: Iron Valiant|82/100|[from] Spikes
|-enditem|p1a: Iron Valiant|Booster Energy
|-activate|p1a: Iron Valiant|ability: Quark Drive|[fromitem]
|-start|p1a: Iron Valiant|quarkdrivespe
|turn|6
|
|t:|1779594589
|-terastallize|p2a: Zamazenta|Steel
|move|p1a: Iron Valiant|Moonblast|p2a: Zamazenta
|-resisted|p2a: Zamazenta
|-damage|p2a: Zamazenta|27/100 tox
|-unboost|p2a: Zamazenta|spa|1
|move|p2a: Zamazenta|Heavy Slam|p1a: Iron Valiant
|-supereffective|p1a: Iron Valiant
|-damage|p1a: Iron Valiant|0 fnt
|faint|p1a: Iron Valiant
|-end|p1a: Iron Valiant|Quark Drive|[silent]
|-damage|p2a: Zamazenta|17/100 tox|[from] item: Life Orb
|
|-damage|p2a: Zamazenta|0 fnt|[from] psn
|faint|p2a: Zamazenta
|upkeep
|
|t:|1779594606
|switch|p2a: Gholdengo|Gholdengo|100/100
|switch|p1a: Dragapult|Dragapult, M|100/100
|-damage|p1a: Dragapult|88/100|[from] Stealth Rock
|-damage|p1a: Dragapult|76/100|[from] Spikes
|turn|7
|
|t:|1779594613
|move|p1a: Dragapult|Hex|p2a: Gholdengo
|-supereffective|p2a: Gholdengo
|-damage|p2a: Gholdengo|40/100
|-damage|p1a: Dragapult|66/100|[from] item: Life Orb
|move|p2a: Gholdengo|Shadow Ball|p1a: Dragapult
|-supereffective|p1a: Dragapult
|-damage|p1a: Dragapult|0 fnt
|faint|p1a: Dragapult
|
|upkeep
|
|t:|1779594620
|switch|p1a: Corviknight|Corviknight, M|100/100
|-damage|p1a: Corviknight|88/100|[from] Stealth Rock
|-ability|p1a: Corviknight|Pressure
|turn|8
|
|t:|1779594627
|move|p2a: Gholdengo|Shadow Ball|p1a: Corviknight
|-damage|p1a: Corviknight|46/100
|move|p1a: Corviknight|Brave Bird|p2a: Gholdengo
|-resisted|p2a: Gholdengo
|-damage|p2a: Gholdengo|25/100
|-damage|p1a: Corviknight|42/100|[from] Recoil
|
|upkeep
|turn|9
|-enditem|p2a: Gholdengo|Custap Berry|[eat]
|-activate|p2a: Gholdengo|item: Custap Berry|[consumed]
|
|t:|1779594635
|move|p2a: Gholdengo|Shadow Ball|p1a: Corviknight
|-damage|p1a: Corviknight|0 fnt
|faint|p1a: Corviknight
|
|upkeep
|
|t:|1779594640
|switch|p1a: Darkrai|Darkrai|100/100
|-damage|p1a: Darkrai|88/100|[from] Stealth Rock
|-damage|p1a: Darkrai|76/100|[from] Spikes
|turn|10
|
|t:|1779594648
|move|p1a: Darkrai|Shadow Ball|p2a: Gholdengo
|-supereffective|p2a: Gholdengo
|-damage|p2a: Gholdengo|0 fnt
|faint|p2a: Gholdengo
|-damage|p1a: Darkrai|66/100|[from] item: Life Orb
|
|upkeep
|
|t:|1779594654
|switch|p2a: Iron Valiant|Iron Valiant|100/100
|-enditem|p2a: Iron Valiant|Booster Energy
|-activate|p2a: Iron Valiant|ability: Quark Drive|[fromitem]
|-start|p2a: Iron Valiant|quarkdrivespe
|turn|11
|
|t:|1779594663
|-terastallize|p1a: Darkrai|Ghost
|move|p2a: Iron Valiant|Moonblast|p1a: Darkrai
|-damage|p1a: Darkrai|3/100
|move|p1a: Darkrai|Shadow Ball|p2a: Iron Valiant
|-damage|p2a: Iron Valiant|0 fnt
|faint|p2a: Iron Valiant
|-end|p2a: Iron Valiant|Quark Drive|[silent]
|-damage|p1a: Darkrai|0 fnt|[from] item: Life Orb
|faint|p1a: Darkrai
|
|win|nucleotyde
|raw|Bipface's rating: 1272 &rarr; <strong>1243</strong><br />(-29 for losing)
|raw|nucleotyde's rating: 1217 &rarr; <strong>1246</strong><br />(+29 for winning)
|l|☆Bipface
|player|p1|
