|j|☆finffenf
|j|☆senior_pickle_luka
|t:|1779588789
|gametype|singles
|player|p1|finffenf|dawn|1109
|player|p2|senior_pickle_luka|red|1170
|gen|9
|tier|[Gen 9] OU
|rated|
|rule|HP Percentage Mod: HP is shown in percentages
|rule|Endless Battle Clause: Forcing endless battles is banned
|rule|Species Clause: Limit one of each Pokémon
|rule|OHKO Clause: OHKO moves are banned
|rule|Evasion Items Clause: Evasion items are banned
|rule|Evasion Moves Clause: Evasion moves are banned
|rule|Evasion Abilities Clause: Evasion abilities are banned
|rule|Sleep Moves Clause: Sleep-inducing moves are banned
|clearpoke
|poke|p1|Falinks|
|poke|p1|Clefable, F|
|poke|p1|Flygon, M|
|poke|p1|Slither Wing|
|poke|p1|Skeledirge, M|
|poke|p1|Excadrill, F|
|poke|p2|Dragonite, M|
|poke|p2|Quaquaval, F|
|poke|p2|Gholdengo|
|poke|p2|Gliscor, F|
|poke|p2|Gyarados, F|
|poke|p2|Entei|
|teampreview
|
|t:|1779588811
|teamsize|p1|6
|teamsize|p2|6
|start
|switch|p1a: Falinks|Falinks|100/100
|switch|p2a: Entei|Entei|100/100
|turn|1
|
|t:|1779588819
|move|p1a: Falinks|No Retreat|p1a: Falinks
|-boost|p1a: Falinks|atk|1
|-boost|p1a: Falinks|def|1
|-boost|p1a: Falinks|spa|1
|-boost|p1a: Falinks|spd|1
|-boost|p1a: Falinks|spe|1
|-start|p1a: Falinks|move: No Retreat
|move|p2a: Entei|Will-O-Wisp|p1a: Falinks
|-status|p1a: Falinks|brn
|
|-damage|p1a: Falinks|95/100 brn|[from] brn
|upkeep
|turn|2
|
|t:|1779588828
|move|p1a: Falinks|Poison Jab|p2a: Entei
|-damage|p2a: Entei|88/100
|move|p2a: Entei|Calm Mind|p2a: Entei
|-boost|p2a: Entei|spa|1
|-boost|p2a: Entei|spd|1
|
|-heal|p1a: Falinks|100/100 brn|[from] item: Leftovers
|-heal|p2a: Entei|94/100|[from] item: Leftovers
|-damage|p1a: Falinks|95/100 brn|[from] brn
|upkeep
|turn|3
|
|t:|1779588838
|move|p1a: Falinks|Brick Break|p2a: Entei
|-damage|p2a: Entei|74/100
|move|p2a: Entei|Calm Mind|p2a: Entei
|-boost|p2a: Entei|spa|1
|-boost|p2a: Entei|spd|1
|
|-heal|p1a: Falinks|100/100 brn|[from] item: Leftovers
|-heal|p2a: Entei|80/100|[from] item: Leftovers
|-damage|p1a: Falinks|95/100 brn|[from] brn
|upkeep
|turn|4
|
|t:|1779588846
|move|p1a: Falinks|Brick Break|p2a: Entei
|-damage|p2a: Entei|59/100
|move|p2a: Entei|Extrasensory|p1a: Falinks
|-supereffective|p1a: Falinks
|-damage|p1a: Falinks|22/100 brn
|
|-heal|p1a: Falinks|27/100 brn|[from] item: Leftovers
|-heal|p2a: Entei|65/100|[from] item: Leftovers
|-damage|p1a: Falinks|22/100 brn|[from] brn
|upkeep
|turn|5
|
|t:|1779588855
|move|p1a: Falinks|Zen Headbutt|p2a: Entei
|-damage|p2a: Entei|51/100
|move|p2a: Entei|Extrasensory|p1a: Falinks
|-supereffective|p1a: Falinks
|-damage|p1a: Falinks|0 fnt
|faint|p1a: Falinks
|
|-heal|p2a: Entei|58/100|[from] item: Leftovers
|upkeep
|
|t:|1779588864
|switch|p1a: Clefable|Clefable, F|100/100
|turn|6
|
|t:|1779588870
|move|p2a: Entei|Flamethrower|p1a: Clefable
|-damage|p1a: Clefable|69/100
|move|p1a: Clefable|Stealth Rock|p2a: Entei
|-sidestart|p2: senior_pickle_luka|move: Stealth Rock
|
|-heal|p2a: Entei|64/100|[from] item: Leftovers
|-status|p1a: Clefable|tox|[from] item: Toxic Orb
|upkeep
|turn|7
|
|t:|1779588897
|move|p2a: Entei|Flamethrower|p1a: Clefable
|-damage|p1a: Clefable|32/100 tox
|move|p1a: Clefable|Draining Kiss|p2a: Entei
|-resisted|p2a: Entei
|-damage|p2a: Entei|61/100
|-heal|p1a: Clefable|35/100 tox|[from] drain|[of] p2a: Entei
|
|-heal|p2a: Entei|67/100|[from] item: Leftovers
|upkeep
|turn|8
|
|t:|1779588921
|switch|p1a: Flygon|Flygon, M|100/100
|move|p2a: Entei|Flamethrower|p1a: Flygon
|-resisted|p1a: Flygon
|-damage|p1a: Flygon|66/100
|
|-heal|p2a: Entei|73/100|[from] item: Leftovers
|upkeep
|turn|9
|
|t:|1779588933
|move|p1a: Flygon|Earthquake|p2a: Entei
|-supereffective|p2a: Entei
|-damage|p2a: Entei|0 fnt
|faint|p2a: Entei
|
|upkeep
|
|t:|1779588942
|switch|p2a: Gyarados|Gyarados, F, shiny|100/100
|-damage|p2a: Gyarados|76/100|[from] Stealth Rock
|turn|10
|
|t:|1779588949
|move|p1a: Flygon|Dragon Dance|p1a: Flygon
|-boost|p1a: Flygon|atk|1
|-boost|p1a: Flygon|spe|1
|move|p2a: Gyarados|Ice Fang|p1a: Flygon
|-supereffective|p1a: Flygon
|-damage|p1a: Flygon|0 fnt
|faint|p1a: Flygon
|-ability|p2a: Gyarados|Moxie|boost
|-boost|p2a: Gyarados|atk|1
|
|upkeep
|
|t:|1779588977
|switch|p1a: Skeledirge|Skeledirge, M|100/100
|turn|11
|
|t:|1779588981
|move|p2a: Gyarados|Dragon Dance|p2a: Gyarados
|-boost|p2a: Gyarados|atk|1
|-boost|p2a: Gyarados|spe|1
|move|p1a: Skeledirge|Will-O-Wisp|p2a: Gyarados|[miss]
|-miss|p1a: Skeledirge|p2a: Gyarados
|
|upkeep
|turn|12
|
|t:|1779588987
|move|p2a: Gyarados|Waterfall|p1a: Skeledirge
|-supereffective|p1a: Skeledirge
|-damage|p1a: Skeledirge|29/100
|move|p1a: Skeledirge|Will-O-Wisp|p2a: Gyarados|[miss]
|-miss|p1a: Skeledirge|p2a: Gyarados
|
|-heal|p1a: Skeledirge|35/100|[from] item: Leftovers
|upkeep
|turn|13
|
|t:|1779589006
|move|p2a: Gyarados|Waterfall|p1a: Skeledirge
|-supereffective|p1a: Skeledirge
|-damage|p1a: Skeledirge|0 fnt
|faint|p1a: Skeledirge
|-ability|p2a: Gyarados|Moxie|boost
|-boost|p2a: Gyarados|atk|1
|
|upkeep
|
|t:|1779589016
|switch|p1a: Slither Wing|Slither Wing|100/100
|turn|14
|
|t:|1779589028
|move|p2a: Gyarados|Dragon Dance|p2a: Gyarados
|-boost|p2a: Gyarados|atk|1
|-boost|p2a: Gyarados|spe|1
|move|p1a: Slither Wing|Bulk Up|p1a: Slither Wing
|-boost|p1a: Slither Wing|atk|1
|-boost|p1a: Slither Wing|def|1
|
|upkeep
|turn|15
|
|t:|1779589036
|move|p2a: Gyarados|Waterfall|p1a: Slither Wing
|-damage|p1a: Slither Wing|5/100
|move|p1a: Slither Wing|Leech Life|p2a: Gyarados
|-resisted|p2a: Gyarados
|-damage|p2a: Gyarados|42/100
|-heal|p1a: Slither Wing|20/100|[from] drain|[of] p2a: Gyarados
|-heal|p1a: Slither Wing|24/100|[from] item: Shell Bell|[of] p2a: Gyarados
|
|upkeep
|turn|16
|
|t:|1779589058
|move|p2a: Gyarados|Waterfall|p1a: Slither Wing
|-damage|p1a: Slither Wing|0 fnt
|faint|p1a: Slither Wing
|-end|p1a: Slither Wing|Protosynthesis|[silent]
|-ability|p2a: Gyarados|Moxie|boost
|-boost|p2a: Gyarados|atk|1
|
|upkeep
|-message|finffenf forfeited.
|
|win|senior_pickle_luka
|raw|finffenf's rating: 1109 &rarr; <strong>1088</strong><br />(-21 for losing)
|raw|senior_pickle_luka's rating: 1170 &rarr; <strong>1191</strong><br />(+21 for winning)
|l|☆finffenf
|player|p1|
|l|☆senior_pickle_luka
|player|p2|
