|j|☆alexanderlc20
|j|☆otsuke
|t:|1779560654
|gametype|singles
|player|p1|alexanderlc20|gambler|1334
|player|p2|otsuke|shadowtriad|1323
|gen|9
|tier|[Gen 9] OU
|rated|
|rule|HP Percentage Mod: HP is shown in percentages
|rule|Endless Battle Clause: Forcing endless battles is banned
|rule|Species Clause: Limit one of each Pokémon
|rule|OHKO Clause: OHKO moves are banned
|rule|Evasion Items Clause: Evasion items are banned
|rule|Evasion Moves Clause: Evasion moves are banned
|rule|Evasion Abilities Clause: Evasion abilities are banned
|rule|Sleep Moves Clause: Sleep-inducing moves are banned
|clearpoke
|poke|p1|Hatterene, F|
|poke|p1|Ceruledge, F|
|poke|p1|Iron Moth|
|poke|p1|Ogerpon-Wellspring, F|
|poke|p1|Kyurem|
|poke|p1|Clefable, M|
|poke|p2|Kleavor, F|
|poke|p2|Torkoal, F|
|poke|p2|Trevenant, M|
|poke|p2|Glimmora, M|
|poke|p2|Greninja-*, M|
|poke|p2|Espeon, M|
|teampreview
|
|t:|1779560671
|teamsize|p1|6
|teamsize|p2|6
|start
|switch|p1a: Clefable|Clefable, M|100/100
|switch|p2a: Nitequil|Espeon, M|100/100
|turn|1
|
|t:|1779560679
|move|p2a: Nitequil|Thunder Wave|p1a: Clefable
|-status|p1a: Clefable|par
|move|p1a: Clefable|Moonblast|p2a: Nitequil
|-crit|p2a: Nitequil
|-damage|p2a: Nitequil|34/100
|
|upkeep
|turn|2
|
|t:|1779560687
|move|p2a: Nitequil|Future Sight|p1a: Clefable
|-start|p2a: Nitequil|move: Future Sight
|move|p1a: Clefable|Moonblast|p2a: Nitequil
|-damage|p2a: Nitequil|0 fnt
|faint|p2a: Nitequil
|
|upkeep
|inactive|Battle timer is ON: inactive players will automatically lose when time's up. (requested by alexanderlc20)
|
|t:|1779560696
|switch|p2a: Kane|Kleavor, F|100/100
|turn|3
|
|t:|1779560700
|move|p2a: Kane|Stone Axe|p1a: Clefable
|-damage|p1a: Clefable|60/100 par
|-sidestart|p1: alexanderlc20|move: Stealth Rock
|move|p1a: Clefable|Thunder Wave|p2a: Kane
|-status|p2a: Kane|par
|
|-heal|p1a: Clefable|66/100 par|[from] item: Leftovers
|upkeep
|turn|4
|
|t:|1779560709
|cant|p2a: Kane|par
|move|p1a: Clefable|Moonblast|p2a: Kane
|-damage|p2a: Kane|52/100 par
|-unboost|p2a: Kane|spa|1
|
|-end|p1a: Clefable|move: Future Sight
|-damage|p1a: Clefable|10/100 par
|-heal|p1a: Clefable|16/100 par|[from] item: Leftovers
|upkeep
|turn|5
|
|t:|1779560720
|cant|p2a: Kane|par
|cant|p1a: Clefable|par
|
|-heal|p1a: Clefable|23/100 par|[from] item: Leftovers
|upkeep
|turn|6
|
|t:|1779560728
|move|p2a: Kane|Stone Axe|p1a: Clefable
|-damage|p1a: Clefable|0 fnt
|faint|p1a: Clefable
|
|upkeep
|
|t:|1779560741
|switch|p1a: Ogerpon|Ogerpon-Wellspring, F|100/100
|-damage|p1a: Ogerpon|88/100|[from] Stealth Rock
|turn|7
|
|t:|1779560747
|move|p1a: Ogerpon|Ivy Cudgel|p2a: Kane|[anim] Ivy Cudgel Water
|-supereffective|p2a: Kane
|-damage|p2a: Kane|0 fnt
|faint|p2a: Kane
|
|upkeep
|
|t:|1779560753
|switch|p2a: Glick|Glimmora, M|100/100
|turn|8
|
|t:|1779560760
|move|p1a: Ogerpon|Ivy Cudgel|p2a: Glick|[anim] Ivy Cudgel Water
|-supereffective|p2a: Glick
|-enditem|p2a: Glick|Focus Sash
|-damage|p2a: Glick|1/100
|-activate|p2a: Glick|ability: Toxic Debris
|-sidestart|p1: alexanderlc20|move: Toxic Spikes
|move|p2a: Glick|Mortal Spin|p1a: Ogerpon
|-supereffective|p1a: Ogerpon
|-damage|p1a: Ogerpon|72/100
|-status|p1a: Ogerpon|psn
|
|-damage|p1a: Ogerpon|60/100 psn|[from] psn
|upkeep
|turn|9
|
|t:|1779560774
|move|p1a: Ogerpon|U-turn|p2a: Glick
|-resisted|p2a: Glick
|-damage|p2a: Glick|0 fnt
|-activate|p2a: Glick|ability: Toxic Debris
|-sidestart|p1: alexanderlc20|move: Toxic Spikes
|faint|p2a: Glick
|
|t:|1779560776
|switch|p1a: Iron Moth|Iron Moth|100/100|[from] U-turn
|-damage|p1a: Iron Moth|76/100|[from] Stealth Rock
|-sideend|p1: alexanderlc20|move: Toxic Spikes|[of] p1a: Iron Moth
|
|upkeep
|
|t:|1779560787
|switch|p2a: Gank|Greninja, M|100/100
|turn|10
|
|t:|1779560792
|-end|p1a: Iron Moth|Quark Drive|[silent]
|switch|p1a: Hatterene|Hatterene, F|100/100
|-damage|p1a: Hatterene|88/100|[from] Stealth Rock
|move|p2a: Gank|Surf|p1a: Hatterene
|-damage|p1a: Hatterene|47/100
|
|upkeep
|turn|11
|
|t:|1779560800
|-terastallize|p1a: Hatterene|Water
|move|p2a: Gank|Sludge Wave|p1a: Hatterene
|-damage|p1a: Hatterene|19/100
|move|p1a: Hatterene|Nuzzle|p2a: Gank
|-supereffective|p2a: Gank
|-damage|p2a: Gank|86/100
|-status|p2a: Gank|par
|
|upkeep
|turn|12
|
|t:|1779560814
|move|p2a: Gank|Sludge Wave|p1a: Hatterene
|-damage|p1a: Hatterene|0 fnt
|faint|p1a: Hatterene
|-ability|p2a: Gank|Battle Bond|boost
|-boost|p2a: Gank|atk|1
|-boost|p2a: Gank|spa|1
|-boost|p2a: Gank|spe|1
|-activate|p2a: Gank|ability: Battle Bond
|
|upkeep
|
|t:|1779560824
|switch|p1a: Kyurem|Kyurem|100/100
|-damage|p1a: Kyurem|76/100|[from] Stealth Rock
|-ability|p1a: Kyurem|Pressure
|turn|13
|
|t:|1779560838
|move|p1a: Kyurem|Dragon Dance|p1a: Kyurem
|-boost|p1a: Kyurem|atk|1
|-boost|p1a: Kyurem|spe|1
|cant|p2a: Gank|par
|
|upkeep
|turn|14
|
|t:|1779560844
|move|p1a: Kyurem|Scale Shot|p2a: Gank
|-crit|p2a: Gank
|-damage|p2a: Gank|45/100 par
|-damage|p2a: Gank|18/100 par
|-damage|p2a: Gank|0 fnt
|faint|p2a: Gank
|-hitcount|p2: Gank|3
|-unboost|p1a: Kyurem|def|1
|-boost|p1a: Kyurem|spe|1
|
|upkeep
|
|t:|1779560857
|switch|p2a: Fire Storm|Torkoal, F|100/100
|-weather|SunnyDay|[from] ability: Drought|[of] p2a: Fire Storm
|turn|15
|
|t:|1779560864
|move|p1a: Kyurem|Scale Shot|p2a: Fire Storm
|-damage|p2a: Fire Storm|88/100
|-damage|p2a: Fire Storm|75/100
|-damage|p2a: Fire Storm|61/100
|-damage|p2a: Fire Storm|49/100
|-hitcount|p2a: Fire Storm|4
|-unboost|p1a: Kyurem|def|1
|-boost|p1a: Kyurem|spe|1
|move|p2a: Fire Storm|Flamethrower|p1a: Kyurem
|-damage|p1a: Kyurem|19/100
|
|-weather|SunnyDay|[upkeep]
|upkeep
|turn|16
|
|t:|1779560878
|move|p1a: Kyurem|Earth Power|p2a: Fire Storm
|-supereffective|p2a: Fire Storm
|-crit|p2a: Fire Storm
|-damage|p2a: Fire Storm|0 fnt
|faint|p2a: Fire Storm
|
|-weather|SunnyDay|[upkeep]
|upkeep
|
|t:|1779560885
|switch|p2a: Cursed Roots|Trevenant, M|100/100
|turn|17
|
|t:|1779560898
|-terastallize|p2a: Cursed Roots|Ghost
|move|p1a: Kyurem|Icicle Spear|p2a: Cursed Roots
|-damage|p2a: Cursed Roots|82/100
|-damage|p2a: Cursed Roots|60/100
|-damage|p2a: Cursed Roots|41/100
|-enditem|p2a: Cursed Roots|Sitrus Berry|[eat]
|-heal|p2a: Cursed Roots|66/100|[from] item: Sitrus Berry
|-damage|p2a: Cursed Roots|47/100
|-damage|p2a: Cursed Roots|25/100
|-hitcount|p2a: Cursed Roots|5
|move|p2a: Cursed Roots|Knock Off|p1a: Kyurem
|-damage|p1a: Kyurem|0 fnt
|-enditem|p1a: Kyurem|Loaded Dice|[from] move: Knock Off|[of] p2a: Cursed Roots
|faint|p1a: Kyurem
|
|-weather|SunnyDay|[upkeep]
|-item|p2a: Cursed Roots|Sitrus Berry|[from] ability: Harvest
|upkeep
|-enditem|p2a: Cursed Roots|Sitrus Berry|[eat]
|-heal|p2a: Cursed Roots|50/100|[from] item: Sitrus Berry
|
|t:|1779560906
|switch|p1a: Ceruledge|Ceruledge, F|100/100
|-damage|p1a: Ceruledge|76/100|[from] Stealth Rock
|turn|18
|
|t:|1779560925
|move|p1a: Ceruledge|Shadow Sneak|p2a: Cursed Roots
|-supereffective|p2a: Cursed Roots
|-damage|p2a: Cursed Roots|0 fnt
|faint|p2a: Cursed Roots
|-damage|p1a: Ceruledge|66/100|[from] item: Life Orb
|
|win|alexanderlc20
|raw|alexanderlc20's rating: 1334 &rarr; <strong>1353</strong><br />(+19 for winning)
|raw|otsuke's rating: 1323 &rarr; <strong>1304</strong><br />(-19 for losing)
|l|☆otsuke
|player|p2|
|l|☆alexanderlc20
|player|p1|
