|inactive|Battle timer is ON: inactive players will automatically lose when time's up.
|t:|1779567598
|gametype|singles
|player|p1|Nowelle|roxanne-gen6|
|player|p2|sequoia|#wcop2026uswest|
|gen|9
|tier|[Gen 9] OU
|rule|HP Percentage Mod: HP is shown in percentages
|rule|Endless Battle Clause: Forcing endless battles is banned
|rule|Species Clause: Limit one of each Pokémon
|rule|OHKO Clause: OHKO moves are banned
|rule|Evasion Items Clause: Evasion items are banned
|rule|Evasion Moves Clause: Evasion moves are banned
|rule|Evasion Abilities Clause: Evasion abilities are banned
|rule|Sleep Moves Clause: Sleep-inducing moves are banned
|clearpoke
|poke|p1|Zamazenta-*|
|poke|p1|Clefable, F|
|poke|p1|Darkrai|
|poke|p1|Gliscor, F|
|poke|p1|Dragonite, F|
|poke|p1|Slowking-Galar, F|
|poke|p2|Ting-Lu|
|poke|p2|Gholdengo|
|poke|p2|Ogerpon-Wellspring, F|
|poke|p2|Zamazenta-*|
|poke|p2|Raging Bolt|
|poke|p2|Iron Moth|
|teampreview
|c|☆Nowelle|hf
|c|☆sequoia|hf
|inactive|Nowelle has 270 seconds left.
|inactive|sequoia has 270 seconds left.
|inactive|sequoia has 240 seconds left.
|inactive|sequoia has 210 seconds left.
|
|t:|1779567692
|teamsize|p1|6
|teamsize|p2|6
|start
|switch|p1a: Clefable|Clefable, F|100/100
|switch|p2a: Ogerpon|Ogerpon-Wellspring, F|100/100
|turn|1
|inactive|sequoia has 270 seconds left.
|
|t:|1779567731
|switch|p2a: Gholdengo|Gholdengo|100/100
|move|p1a: Clefable|Thunder Wave|p2a: Gholdengo
|-immune|p2a: Gholdengo|[from] ability: Good as Gold
|
|upkeep
|turn|2
|
|t:|1779567744
|switch|p1a: Gliscor|Gliscor, F|100/100
|move|p2a: Gholdengo|Make It Rain|p1a: Gliscor
|-damage|p1a: Gliscor|38/100
|-unboost|p2a: Gholdengo|spa|1
|
|-status|p1a: Gliscor|tox|[from] item: Toxic Orb
|upkeep
|turn|3
|
|t:|1779567749
|switch|p2a: Ogerpon|Ogerpon-Wellspring, F|100/100
|move|p1a: Gliscor|Protect||[still]
|-fail|p1a: Gliscor
|
|-heal|p1a: Gliscor|51/100 tox|[from] ability: Poison Heal
|upkeep
|turn|4
|
|t:|1779567759
|switch|p1a: Clefable|Clefable, F|100/100
|move|p2a: Ogerpon|Ivy Cudgel|p1a: Clefable|[anim] Ivy Cudgel Water
|-damage|p1a: Clefable|59/100
|
|upkeep
|turn|5
|inactive|sequoia has 270 seconds left.
|
|t:|1779567767
|switch|p2a: Gholdengo|Gholdengo|100/100
|move|p1a: Clefable|Stealth Rock|p2a: Gholdengo
|-sidestart|p2: sequoia|move: Stealth Rock
|
|upkeep
|turn|6
|
|t:|1779567769
|switch|p1a: Slowking|Slowking-Galar, F|100/100
|move|p2a: Gholdengo|Make It Rain|p1a: Slowking
|-damage|p1a: Slowking|61/100
|-unboost|p2a: Gholdengo|spa|1
|
|upkeep
|turn|7
|inactive|sequoia has 270 seconds left.
|
|t:|1779567796
|switch|p2a: Ting-Lu|Ting-Lu|100/100
|-damage|p2a: Ting-Lu|94/100|[from] Stealth Rock
|-ability|p2a: Ting-Lu|Vessel of Ruin
|move|p1a: Slowking|Toxic Spikes|p2a: Ting-Lu
|-sidestart|p2: sequoia|move: Toxic Spikes
|
|upkeep
|turn|8
|inactive|sequoia has 270 seconds left.
|
|t:|1779567809
|switch|p1a: Gliscor|Gliscor, F|51/100 tox
|move|p2a: Ting-Lu|Stealth Rock|p1a: Gliscor
|-sidestart|p1: Nowelle|move: Stealth Rock
|
|-heal|p1a: Gliscor|63/100 tox|[from] ability: Poison Heal
|upkeep
|turn|9
|
|t:|1779567812
|move|p1a: Gliscor|Protect|p1a: Gliscor
|-singleturn|p1a: Gliscor|Protect
|move|p2a: Ting-Lu|Ruination|p1a: Gliscor
|-activate|p1a: Gliscor|move: Protect
|
|-heal|p1a: Gliscor|76/100 tox|[from] ability: Poison Heal
|upkeep
|turn|10
|
|t:|1779567814
|switch|p1a: Clefable|Clefable, F|59/100
|move|p2a: Ting-Lu|Ruination|p1a: Clefable
|-damage|p1a: Clefable|30/100
|
|upkeep
|turn|11
|
|t:|1779567818
|move|p1a: Clefable|Moonlight|p1a: Clefable
|-heal|p1a: Clefable|79/100
|move|p2a: Ting-Lu|Whirlwind|p1a: Clefable
|drag|p1a: Slowking|Slowking-Galar, F|95/100
|
|upkeep
|turn|12
|
|t:|1779567826
|switch|p1a: Clefable|Clefable, F|79/100
|move|p2a: Ting-Lu|Spikes|p1a: Clefable
|-sidestart|p1: Nowelle|Spikes
|
|upkeep
|turn|13
|
|t:|1779567830
|move|p1a: Clefable|Moonblast|p2a: Ting-Lu
|-supereffective|p2a: Ting-Lu
|-damage|p2a: Ting-Lu|64/100
|-enditem|p2a: Ting-Lu|Red Card|[of] p1a: Clefable
|drag|p1a: Zamazenta|Zamazenta|100/100
|-ability|p1a: Zamazenta|Dauntless Shield|boost
|-boost|p1a: Zamazenta|def|1
|move|p2a: Ting-Lu|Ruination|p1a: Zamazenta
|-damage|p1a: Zamazenta|51/100
|
|upkeep
|turn|14
|
|t:|1779567854
|move|p1a: Zamazenta|Close Combat|p2a: Ting-Lu
|-supereffective|p2a: Ting-Lu
|-damage|p2a: Ting-Lu|12/100
|-unboost|p1a: Zamazenta|def|1
|-unboost|p1a: Zamazenta|spd|1
|move|p2a: Ting-Lu|Whirlwind|p1a: Zamazenta
|drag|p1a: Clefable|Clefable, F|79/100
|
|upkeep
|turn|15
|
|t:|1779567858
|move|p1a: Clefable|Moonblast|p2a: Ting-Lu
|-supereffective|p2a: Ting-Lu
|-damage|p2a: Ting-Lu|0 fnt
|faint|p2a: Ting-Lu
|
|upkeep
|inactive|sequoia has 270 seconds left.
|
|t:|1779567887
|switch|p2a: Gholdengo|Gholdengo|100/100
|-damage|p2a: Gholdengo|94/100|[from] Stealth Rock
|turn|16
|
|t:|1779567906
|switch|p1a: Gliscor|Gliscor, F|76/100 tox
|-damage|p1a: Gliscor|63/100 tox|[from] Stealth Rock
|move|p2a: Gholdengo|Shadow Ball|p1a: Gliscor
|-damage|p1a: Gliscor|18/100 tox
|
|-heal|p1a: Gliscor|31/100 tox|[from] ability: Poison Heal
|upkeep
|turn|17
|
|t:|1779567924
|move|p1a: Gliscor|Protect|p1a: Gliscor
|-singleturn|p1a: Gliscor|Protect
|move|p2a: Gholdengo|Shadow Ball|p1a: Gliscor
|-activate|p1a: Gliscor|move: Protect
|
|-heal|p1a: Gliscor|43/100 tox|[from] ability: Poison Heal
|upkeep
|turn|18
|
|t:|1779567928
|switch|p1a: Darkrai|Darkrai|100/100
|move|p2a: Gholdengo|Shadow Ball|p1a: Darkrai
|-resisted|p1a: Darkrai
|-damage|p1a: Darkrai|71/100
|
|upkeep
|turn|19
|
|t:|1779567938
|switch|p2a: Iron Moth|Iron Moth|100/100
|-damage|p2a: Iron Moth|76/100|[from] Stealth Rock
|-sideend|p2: sequoia|move: Toxic Spikes|[of] p2a: Iron Moth
|-enditem|p2a: Iron Moth|Booster Energy
|-activate|p2a: Iron Moth|ability: Quark Drive|[fromitem]
|-start|p2a: Iron Moth|quarkdrivespe
|move|p1a: Darkrai|Dark Pulse|p2a: Iron Moth
|-damage|p2a: Iron Moth|30/100
|
|upkeep
|turn|20
|
|t:|1779567945
|switch|p1a: Slowking|Slowking-Galar, F|100/100
|move|p2a: Iron Moth|Fiery Dance|p1a: Slowking
|-damage|p1a: Slowking|75/100
|
|upkeep
|turn|21
|
|t:|1779567952
|move|p2a: Iron Moth|Fiery Dance|p1a: Slowking
|-damage|p1a: Slowking|52/100
|move|p1a: Slowking|Toxic Spikes|p2a: Iron Moth
|-sidestart|p2: sequoia|move: Toxic Spikes
|
|upkeep
|turn|22
|
|t:|1779567955
|-end|p2a: Iron Moth|Quark Drive|[silent]
|switch|p2a: Gholdengo|Gholdengo|94/100
|-damage|p2a: Gholdengo|88/100|[from] Stealth Rock
|move|p1a: Slowking|Psychic Noise|p2a: Gholdengo
|-resisted|p2a: Gholdengo
|-damage|p2a: Gholdengo|73/100
|-start|p2a: Gholdengo|move: Heal Block
|
|upkeep
|turn|23
|
|t:|1779567984
|switch|p1a: Gliscor|Gliscor, F|43/100 tox
|-damage|p1a: Gliscor|31/100 tox|[from] Stealth Rock
|move|p2a: Gholdengo|Make It Rain|p1a: Gliscor
|-damage|p1a: Gliscor|0 fnt
|-unboost|p2a: Gholdengo|spa|1
|faint|p1a: Gliscor
|
|-end|p2a: Gholdengo|move: Heal Block
|upkeep
|
|t:|1779567987
|switch|p1a: Slowking|Slowking-Galar, F|86/100
|turn|24
|
|t:|1779568002
|switch|p2a: Raging Bolt|Raging Bolt|100/100
|-damage|p2a: Raging Bolt|88/100|[from] Stealth Rock
|-status|p2a: Raging Bolt|psn
|-enditem|p2a: Raging Bolt|Booster Energy
|-activate|p2a: Raging Bolt|ability: Protosynthesis|[fromitem]
|-start|p2a: Raging Bolt|protosynthesisspa
|move|p1a: Slowking|Toxic Spikes|p2a: Raging Bolt
|-sidestart|p2: sequoia|move: Toxic Spikes
|
|-damage|p2a: Raging Bolt|76/100 psn|[from] psn
|upkeep
|turn|25
|
|t:|1779568009
|move|p2a: Raging Bolt|Thunderbolt|p1a: Slowking
|-damage|p1a: Slowking|45/100
|-prepare|p1a: Slowking|Chilly Reception|[premajor]
|move|p1a: Slowking|Chilly Reception|p1a: Slowking
|-weather|Snowscape
|
|t:|1779568017
|switch|p1a: Dragonite|Dragonite, F|100/100|[from] Chilly Reception
|
|-weather|Snowscape|[upkeep]
|-damage|p2a: Raging Bolt|63/100 psn|[from] psn
|upkeep
|turn|26
|
|t:|1779568020
|move|p2a: Raging Bolt|Dragon Pulse|p1a: Dragonite
|-supereffective|p1a: Dragonite
|-damage|p1a: Dragonite|40/100
|move|p1a: Dragonite|Earthquake|p2a: Raging Bolt
|-supereffective|p2a: Raging Bolt
|-damage|p2a: Raging Bolt|0 fnt
|faint|p2a: Raging Bolt
|-end|p2a: Raging Bolt|Protosynthesis|[silent]
|
|-weather|Snowscape|[upkeep]
|upkeep
|
|t:|1779568037
|switch|p2a: Iron Moth|Iron Moth|30/100
|-damage|p2a: Iron Moth|5/100|[from] Stealth Rock
|-sideend|p2: sequoia|move: Toxic Spikes|[of] p2a: Iron Moth
|turn|27
|
|t:|1779568041
|-end|p2a: Iron Moth|Quark Drive|[silent]
|switch|p2a: Zamazenta|Zamazenta|100/100
|-damage|p2a: Zamazenta|94/100|[from] Stealth Rock
|-ability|p2a: Zamazenta|Dauntless Shield|boost
|-boost|p2a: Zamazenta|def|1
|switch|p1a: Slowking|Slowking-Galar, F|78/100
|
|-weather|Snowscape|[upkeep]
|upkeep
|turn|28
|
|t:|1779568050
|move|p2a: Zamazenta|Howl|p2a: Zamazenta
|-boost|p2a: Zamazenta|atk|1
|move|p1a: Slowking|Psychic Noise|p2a: Zamazenta
|-supereffective|p2a: Zamazenta
|-damage|p2a: Zamazenta|46/100
|-start|p2a: Zamazenta|move: Heal Block
|
|-weather|Snowscape|[upkeep]
|upkeep
|turn|29
|
|t:|1779568054
|switch|p1a: Clefable|Clefable, F|79/100
|move|p2a: Zamazenta|Crunch|p1a: Clefable
|-resisted|p1a: Clefable
|-damage|p1a: Clefable|57/100
|-damage|p2a: Zamazenta|29/100|[from] item: Rocky Helmet|[of] p1a: Clefable
|-damage|p2a: Zamazenta|19/100|[from] item: Life Orb
|
|-weather|none
|-end|p2a: Zamazenta|move: Heal Block
|upkeep
|turn|30
|
|t:|1779568059
|move|p2a: Zamazenta|Stone Edge|p1a: Clefable
|-damage|p1a: Clefable|7/100
|-damage|p2a: Zamazenta|9/100|[from] item: Life Orb
|move|p1a: Clefable|Moonblast|p2a: Zamazenta
|-supereffective|p2a: Zamazenta
|-damage|p2a: Zamazenta|0 fnt
|faint|p2a: Zamazenta
|
|upkeep
|
|t:|1779568066
|switch|p2a: Ogerpon|Ogerpon-Wellspring, F|100/100
|-damage|p2a: Ogerpon|88/100|[from] Stealth Rock
|turn|31
|
|t:|1779568069
|move|p2a: Ogerpon|Ivy Cudgel|p1a: Clefable|[anim] Ivy Cudgel Water
|-damage|p1a: Clefable|0 fnt
|faint|p1a: Clefable
|
|upkeep
|
|t:|1779568071
|switch|p1a: Zamazenta|Zamazenta|51/100
|turn|32
|
|t:|1779568089
|switch|p2a: Gholdengo|Gholdengo|73/100
|-damage|p2a: Gholdengo|67/100|[from] Stealth Rock
|move|p1a: Zamazenta|Close Combat|p2a: Gholdengo
|-immune|p2a: Gholdengo
|
|upkeep
|turn|33
|
|t:|1779568107
|switch|p1a: Slowking|Slowking-Galar, F|100/100
|-terastallize|p2a: Gholdengo|Ghost
|move|p2a: Gholdengo|Shadow Ball|p1a: Slowking
|-supereffective|p1a: Slowking
|-damage|p1a: Slowking|36/100
|
|upkeep
|turn|34
|
|t:|1779568130
|move|p2a: Gholdengo|Shadow Ball|p1a: Slowking
|-supereffective|p1a: Slowking
|-damage|p1a: Slowking|0 fnt
|faint|p1a: Slowking
|
|upkeep
|
|t:|1779568133
|switch|p1a: Dragonite|Dragonite, F|40/100
|turn|35
|
|t:|1779568138
|switch|p2a: Iron Moth|Iron Moth|5/100
|-damage|p2a: Iron Moth|0 fnt|[from] Stealth Rock
|faint|p2a: Iron Moth
|-end|p2a: Iron Moth|Quark Drive|[silent]
|-terastallize|p1a: Dragonite|Normal
|move|p1a: Dragonite|Roost|p1a: Dragonite
|-heal|p1a: Dragonite|90/100
|
|upkeep
|
|t:|1779568139
|switch|p2a: Ogerpon|Ogerpon-Wellspring, F|88/100
|-damage|p2a: Ogerpon|76/100|[from] Stealth Rock
|turn|36
|inactive|Nowelle has 270 seconds left.
|inactive|sequoia has 270 seconds left.
|inactive|Nowelle has 240 seconds left.
|
|t:|1779568209
|move|p1a: Dragonite|Extreme Speed|p2a: Ogerpon
|-damage|p2a: Ogerpon|14/100
|move|p2a: Ogerpon|Ivy Cudgel|p1a: Dragonite|[anim] Ivy Cudgel Water
|-crit|p1a: Dragonite
|-damage|p1a: Dragonite|1/100
|
|upkeep
|turn|37
|inactive|Nowelle has 240 seconds left.
|
|t:|1779568224
|move|p1a: Dragonite|Extreme Speed|p2a: Ogerpon
|-damage|p2a: Ogerpon|0 fnt
|faint|p2a: Ogerpon
|
|upkeep
|
|t:|1779568226
|switch|p2a: Gholdengo|Gholdengo, tera:Ghost|67/100
|-damage|p2a: Gholdengo|55/100|[from] Stealth Rock
|turn|38
|
|t:|1779568233
|move|p2a: Gholdengo|Make It Rain|p1a: Dragonite
|-damage|p1a: Dragonite|0 fnt
|-unboost|p2a: Gholdengo|spa|1
|faint|p1a: Dragonite
|
|upkeep
|
|t:|1779568235
|switch|p1a: Zamazenta|Zamazenta|51/100
|turn|39
|
|t:|1779568238
|move|p2a: Gholdengo|Make It Rain|p1a: Zamazenta
|-damage|p1a: Zamazenta|10/100
|-unboost|p2a: Gholdengo|spa|1
|move|p1a: Zamazenta|Crunch|p2a: Gholdengo
|-supereffective|p2a: Gholdengo
|-damage|p2a: Gholdengo|0 fnt
|faint|p2a: Gholdengo
|
|win|Nowelle
