|j|☆pigperfect9831
|j|☆Infinitepi
|t:|1779639209
|gametype|singles
|player|p1|pigperfect9831|workerice|1211
|player|p2|Infinitepi|dahlia|1248
|gen|9
|tier|[Gen 9] OU
|rated|
|rule|HP Percentage Mod: HP is shown in percentages
|rule|Endless Battle Clause: Forcing endless battles is banned
|rule|Species Clause: Limit one of each Pokémon
|rule|OHKO Clause: OHKO moves are banned
|rule|Evasion Items Clause: Evasion items are banned
|rule|Evasion Moves Clause: Evasion moves are banned
|rule|Evasion Abilities Clause: Evasion abilities are banned
|rule|Sleep Moves Clause: Sleep-inducing moves are banned
|clearpoke
|poke|p1|Iron Hands|
|poke|p1|Iron Treads|
|poke|p1|Iron Valiant|
|poke|p1|Kingambit, F|
|poke|p1|Pawmot, F|
|poke|p1|Pincurchin, F|
|poke|p2|Electrode-Hisui|
|poke|p2|Pawmot, F|
|poke|p2|Oricorio-Pom-Pom, M|
|poke|p2|Iron Thorns|
|poke|p2|Sandy Shocks|
|poke|p2|Rotom|
|teampreview
|
|t:|1779639256
|teamsize|p1|6
|teamsize|p2|6
|start
|switch|p1a: Sew What?|Pincurchin, F|100/100
|switch|p2a: Electrode|Electrode-Hisui|100/100
|-fieldstart|move: Electric Terrain|[from] ability: Electric Surge|[of] p1a: Sew What?
|turn|1
|
|t:|1779639271
|move|p2a: Electrode|Taunt|p1a: Sew What?
|-start|p1a: Sew What?|move: Taunt
|cant|p1a: Sew What?|move: Taunt|Spikes
|
|upkeep
|turn|2
|
|t:|1779639275
|switch|p1a: So ein Mist!|Kingambit, F|100/100
|move|p2a: Electrode|Electro Ball|p1a: So ein Mist!
|-damage|p1a: So ein Mist!|60/100
|
|-heal|p1a: So ein Mist!|66/100|[from] item: Leftovers
|upkeep
|turn|3
|
|t:|1779639328
|move|p2a: Electrode|Electro Ball|p1a: So ein Mist!
|-damage|p1a: So ein Mist!|23/100
|move|p1a: So ein Mist!|Low Kick|p2a: Electrode
|-damage|p2a: Electrode|42/100
|
|-heal|p1a: So ein Mist!|29/100|[from] item: Leftovers
|upkeep
|turn|4
|
|t:|1779639340
|move|p1a: So ein Mist!|Sucker Punch||[still]
|-fail|p1a: So ein Mist!
|move|p2a: Electrode|Taunt|p1a: So ein Mist!
|-start|p1a: So ein Mist!|move: Taunt
|
|-heal|p1a: So ein Mist!|35/100|[from] item: Leftovers
|upkeep
|turn|5
|
|t:|1779639358
|switch|p2a: Pawmot|Pawmot, F|100/100
|move|p1a: So ein Mist!|Sucker Punch||[still]
|-fail|p1a: So ein Mist!
|
|-heal|p1a: So ein Mist!|42/100|[from] item: Leftovers
|upkeep
|turn|6
|
|t:|1779639371
|-end|p1a: So ein Mist!|fallenundefined|[silent]
|switch|p1a: Sumo Smoker|Iron Hands|100/100
|-enditem|p1a: Sumo Smoker|Electric Seed
|-boost|p1a: Sumo Smoker|def|1|[from] item: Electric Seed
|-activate|p1a: Sumo Smoker|ability: Quark Drive
|-start|p1a: Sumo Smoker|quarkdriveatk
|move|p2a: Pawmot|Mach Punch|p1a: Sumo Smoker
|-damage|p1a: Sumo Smoker|90/100
|
|upkeep
|turn|7
|
|t:|1779639485
|move|p2a: Pawmot|Ice Punch|p1a: Sumo Smoker
|-damage|p1a: Sumo Smoker|75/100
|move|p1a: Sumo Smoker|Swords Dance|p1a: Sumo Smoker
|-boost|p1a: Sumo Smoker|atk|2
|
|upkeep
|turn|8
|
|t:|1779639490
|move|p2a: Pawmot|Ice Punch|p1a: Sumo Smoker
|-damage|p1a: Sumo Smoker|61/100
|move|p1a: Sumo Smoker|Drain Punch|p2a: Pawmot
|-damage|p2a: Pawmot|0 fnt
|-heal|p1a: Sumo Smoker|92/100|[from] drain|[of] p2a: Pawmot
|faint|p2a: Pawmot
|
|-fieldend|move: Electric Terrain
|-end|p1a: Sumo Smoker|Quark Drive
|upkeep
|
|t:|1779639497
|switch|p2a: Rotom|Rotom|100/100
|turn|9
|
|t:|1779639504
|-terastallize|p1a: Sumo Smoker|Fire
|move|p2a: Rotom|Substitute|p2a: Rotom
|-start|p2a: Rotom|Substitute
|-damage|p2a: Rotom|76/100
|move|p1a: Sumo Smoker|Ice Punch|p2a: Rotom
|-end|p2a: Rotom|Substitute
|
|upkeep
|turn|10
|
|t:|1779639515
|move|p2a: Rotom|Substitute|p2a: Rotom
|-start|p2a: Rotom|Substitute
|-damage|p2a: Rotom|51/100
|move|p1a: Sumo Smoker|Ice Punch|p2a: Rotom
|-end|p2a: Rotom|Substitute
|
|upkeep
|turn|11
|
|t:|1779639530
|move|p2a: Rotom|Substitute|p2a: Rotom
|-start|p2a: Rotom|Substitute
|-damage|p2a: Rotom|26/100
|move|p1a: Sumo Smoker|Ice Punch|p2a: Rotom
|-end|p2a: Rotom|Substitute
|
|upkeep
|turn|12
|
|t:|1779639549
|move|p2a: Rotom|Thunderbolt|p1a: Sumo Smoker
|-damage|p1a: Sumo Smoker|62/100
|move|p1a: Sumo Smoker|Ice Punch|p2a: Rotom
|-damage|p2a: Rotom|0 fnt
|faint|p2a: Rotom
|
|upkeep
|
|t:|1779639570
|switch|p2a: Electrode|Electrode-Hisui|42/100
|turn|13
|
|t:|1779639625
|move|p2a: Electrode|Stun Spore|p1a: Sumo Smoker
|-status|p1a: Sumo Smoker|par
|move|p1a: Sumo Smoker|Drain Punch|p2a: Electrode
|-damage|p2a: Electrode|0 fnt
|-heal|p1a: Sumo Smoker|74/100 par|[from] drain|[of] p2a: Electrode
|faint|p2a: Electrode
|
|upkeep
|
|t:|1779639636
|switch|p2a: Iron Thorns|Iron Thorns|100/100
|turn|14
|
|t:|1779639648
|-terastallize|p2a: Iron Thorns|Bug
|move|p2a: Iron Thorns|Dragon Dance|p2a: Iron Thorns
|-boost|p2a: Iron Thorns|atk|1
|-boost|p2a: Iron Thorns|spe|1
|move|p1a: Sumo Smoker|Drain Punch|p2a: Iron Thorns
|-resisted|p2a: Iron Thorns
|-damage|p2a: Iron Thorns|66/100
|-heal|p1a: Sumo Smoker|87/100 par|[from] drain|[of] p2a: Iron Thorns
|
|upkeep
|turn|15
|
|t:|1779639655
|move|p2a: Iron Thorns|Rock Blast|p1a: Sumo Smoker
|-supereffective|p1a: Sumo Smoker
|-damage|p1a: Sumo Smoker|67/100 par
|-supereffective|p1a: Sumo Smoker
|-damage|p1a: Sumo Smoker|46/100 par
|-supereffective|p1a: Sumo Smoker
|-damage|p1a: Sumo Smoker|26/100 par
|-supereffective|p1a: Sumo Smoker
|-damage|p1a: Sumo Smoker|7/100 par
|-hitcount|p1a: Sumo Smoker|4
|move|p1a: Sumo Smoker|Supercell Slam|p2a: Iron Thorns
|-damage|p2a: Iron Thorns|0 fnt
|faint|p2a: Iron Thorns
|-end|p2a: Iron Thorns|Quark Drive|[silent]
|
|upkeep
|
|t:|1779639661
|switch|p2a: Oricorio|Oricorio-Pom-Pom, M|100/100
|turn|16
|
|t:|1779639677
|move|p2a: Oricorio|Alluring Voice|p1a: Sumo Smoker
|-resisted|p1a: Sumo Smoker
|-damage|p1a: Sumo Smoker|0 fnt
|faint|p1a: Sumo Smoker
|-end|p1a: Sumo Smoker|Quark Drive|[silent]
|
|upkeep
|
|t:|1779639684
|switch|p1a: Sew What?|Pincurchin, F|100/100
|-fieldstart|move: Electric Terrain|[from] ability: Electric Surge|[of] p1a: Sew What?
|turn|17
|
|t:|1779639690
|move|p2a: Oricorio|Quiver Dance|p2a: Oricorio
|-boost|p2a: Oricorio|spa|1
|-boost|p2a: Oricorio|spd|1
|-boost|p2a: Oricorio|spe|1
|move|p1a: Sew What?|Memento|p2a: Oricorio
|-unboost|p2a: Oricorio|atk|2
|-unboost|p2a: Oricorio|spa|2
|faint|p1a: Sew What?
|
|upkeep
|
|t:|1779639720
|switch|p1a: Peak-Chu|Pawmot, F|100/100
|turn|18
|
|t:|1779639731
|move|p2a: Oricorio|Alluring Voice|p1a: Peak-Chu
|-supereffective|p1a: Peak-Chu
|-damage|p1a: Peak-Chu|46/100
|move|p1a: Peak-Chu|Ice Punch|p2a: Oricorio
|-supereffective|p2a: Oricorio
|-damage|p2a: Oricorio|8/100
|
|upkeep
|turn|19
|
|t:|1779639737
|move|p1a: Peak-Chu|Mach Punch|p2a: Oricorio
|-resisted|p2a: Oricorio
|-damage|p2a: Oricorio|0 fnt
|faint|p2a: Oricorio
|
|upkeep
|
|t:|1779639740
|switch|p2a: Sandy Shocks|Sandy Shocks|100/100
|turn|20
|
|t:|1779639801
|move|p1a: Peak-Chu|Ice Punch|p2a: Sandy Shocks
|-supereffective|p2a: Sandy Shocks
|-damage|p2a: Sandy Shocks|52/100
|move|p2a: Sandy Shocks|Iron Defense|p2a: Sandy Shocks
|-boost|p2a: Sandy Shocks|def|2
|
|-heal|p2a: Sandy Shocks|59/100|[from] item: Leftovers
|upkeep
|turn|21
|
|t:|1779639808
|switch|p1a: Girl Reaper|Iron Valiant|100/100
|-activate|p1a: Girl Reaper|ability: Quark Drive
|-start|p1a: Girl Reaper|quarkdrivespe
|move|p2a: Sandy Shocks|Earth Power|p1a: Girl Reaper
|-crit|p1a: Girl Reaper
|-damage|p1a: Girl Reaper|0 fnt
|faint|p1a: Girl Reaper
|-end|p1a: Girl Reaper|Quark Drive|[silent]
|
|-heal|p2a: Sandy Shocks|65/100|[from] item: Leftovers
|upkeep
|
|t:|1779639810
|switch|p1a: Iron Trunk|Iron Treads|100/100
|-item|p1a: Iron Trunk|Air Balloon
|-activate|p1a: Iron Trunk|ability: Quark Drive
|-start|p1a: Iron Trunk|quarkdrivespe
|turn|22
|
|t:|1779639816
|move|p1a: Iron Trunk|Earth Power|p2a: Sandy Shocks
|-supereffective|p2a: Sandy Shocks
|-damage|p2a: Sandy Shocks|0 fnt
|faint|p2a: Sandy Shocks
|-end|p2a: Sandy Shocks|Protosynthesis|[silent]
|
|win|pigperfect9831
|raw|pigperfect9831's rating: 1211 &rarr; <strong>1239</strong><br />(+28 for winning)
|raw|Infinitepi's rating: 1248 &rarr; <strong>1220</strong><br />(-28 for losing)
|c|☆Infinitepi|ggs
|l|☆pigperfect9831
|player|p1|
