|j|☆cleanerpath
|j|☆lachlangiles
|t:|1779692308
|gametype|singles
|player|p1|cleanerpath|169|1127
|player|p2|lachlangiles|102|1139
|gen|9
|tier|[Gen 9] OU
|rated|
|rule|HP Percentage Mod: HP is shown in percentages
|rule|Endless Battle Clause: Forcing endless battles is banned
|rule|Species Clause: Limit one of each Pokémon
|rule|OHKO Clause: OHKO moves are banned
|rule|Evasion Items Clause: Evasion items are banned
|rule|Evasion Moves Clause: Evasion moves are banned
|rule|Evasion Abilities Clause: Evasion abilities are banned
|rule|Sleep Moves Clause: Sleep-inducing moves are banned
|clearpoke
|poke|p1|Espeon, F|
|poke|p1|Milotic, F|
|poke|p1|Heatran, F|
|poke|p1|Gardevoir, F|
|poke|p1|Mienshao, F|
|poke|p1|Scizor, M|
|poke|p2|Maushold|
|poke|p2|Cloyster, M|
|poke|p2|Cinccino, M|
|poke|p2|Breloom, F|
|poke|p2|Lokix, M|
|poke|p2|Great Tusk|
|teampreview
|
|t:|1779692319
|teamsize|p1|6
|teamsize|p2|6
|start
|switch|p1a: Espeon|Espeon, F|100/100
|switch|p2a: Maushold|Maushold|100/100
|turn|1
|
|t:|1779692331
|switch|p1a: Heatran|Heatran, F|100/100
|-terastallize|p2a: Maushold|Normal
|move|p2a: Maushold|Population Bomb|p1a: Heatran
|-resisted|p1a: Heatran
|-damage|p1a: Heatran|96/100
|-resisted|p1a: Heatran
|-damage|p1a: Heatran|92/100
|-resisted|p1a: Heatran
|-damage|p1a: Heatran|87/100
|-status|p2a: Maushold|brn|[from] ability: Flame Body|[of] p1a: Heatran
|-resisted|p1a: Heatran
|-damage|p1a: Heatran|85/100
|-resisted|p1a: Heatran
|-damage|p1a: Heatran|82/100
|-resisted|p1a: Heatran
|-damage|p1a: Heatran|80/100
|-resisted|p1a: Heatran
|-damage|p1a: Heatran|78/100
|-resisted|p1a: Heatran
|-damage|p1a: Heatran|75/100
|-resisted|p1a: Heatran
|-damage|p1a: Heatran|73/100
|-resisted|p1a: Heatran
|-damage|p1a: Heatran|71/100
|-hitcount|p1a: Heatran|10
|
|-heal|p1a: Heatran|77/100|[from] item: Leftovers
|-damage|p2a: Maushold|94/100 brn|[from] brn
|upkeep
|turn|2
|inactive|Battle timer is ON: inactive players will automatically lose when time's up. (requested by cleanerpath)
|
|t:|1779692359
|move|p2a: Maushold|U-turn|p1a: Heatran
|-resisted|p1a: Heatran
|-damage|p1a: Heatran|76/100
|
|t:|1779692365
|switch|p2a: Great Tusk|Great Tusk|100/100|[from] U-turn
|move|p1a: Heatran|Stealth Rock|p2a: Great Tusk
|-sidestart|p2: lachlangiles|move: Stealth Rock
|
|-heal|p1a: Heatran|82/100|[from] item: Leftovers
|upkeep
|turn|3
|
|t:|1779692383
|switch|p1a: Espeon|Espeon, F|100/100
|move|p2a: Great Tusk|Headlong Rush|p1a: Espeon
|-damage|p1a: Espeon|0 fnt
|-unboost|p2a: Great Tusk|def|1
|-unboost|p2a: Great Tusk|spd|1
|faint|p1a: Espeon
|
|upkeep
|inactive|cleanerpath has 120 seconds left.
|
|t:|1779692415
|switch|p1a: Scizor|Scizor, M|100/100
|turn|4
|
|t:|1779692434
|move|p2a: Great Tusk|Headlong Rush|p1a: Scizor
|-damage|p1a: Scizor|48/100
|-unboost|p2a: Great Tusk|def|1
|-unboost|p2a: Great Tusk|spd|1
|move|p1a: Scizor|Swords Dance|p1a: Scizor
|-boost|p1a: Scizor|atk|2
|
|-heal|p1a: Scizor|54/100|[from] item: Leftovers
|upkeep
|turn|5
|inactive|cleanerpath has 120 seconds left.
|
|t:|1779692445
|move|p1a: Scizor|Bullet Punch|p2a: Great Tusk
|-damage|p2a: Great Tusk|20/100
|move|p2a: Great Tusk|Headlong Rush|p1a: Scizor
|-crit|p1a: Scizor
|-damage|p1a: Scizor|0 fnt
|-unboost|p2a: Great Tusk|def|1
|-unboost|p2a: Great Tusk|spd|1
|faint|p1a: Scizor
|
|upkeep
|
|t:|1779692453
|switch|p1a: Mienshao|Mienshao, F|100/100
|turn|6
|inactive|cleanerpath has 120 seconds left.
|
|t:|1779692465
|move|p1a: Mienshao|U-turn|p2a: Great Tusk
|-resisted|p2a: Great Tusk
|-damage|p2a: Great Tusk|0 fnt
|faint|p2a: Great Tusk
|-end|p2a: Great Tusk|Protosynthesis|[silent]
|-damage|p1a: Mienshao|91/100|[from] item: Life Orb
|
|t:|1779692475
|switch|p1a: Gardevoir|Gardevoir, F|100/100|[from] U-turn
|
|upkeep
|
|t:|1779692488
|switch|p2a: Cloyster|Cloyster, M|100/100
|-ability|p1a: Gardevoir|Skill Link|Trace|[from] ability: Trace|[of] p2a: Cloyster
|-damage|p2a: Cloyster|76/100|[from] Stealth Rock
|turn|7
|inactive|cleanerpath has 120 seconds left.
|
|t:|1779692505
|move|p1a: Gardevoir|Moonblast|p2a: Cloyster
|-damage|p2a: Cloyster|0 fnt
|faint|p2a: Cloyster
|
|upkeep
|
|t:|1779692516
|switch|p2a: Maushold|Maushold, tera:Normal|94/100 brn
|-damage|p2a: Maushold|82/100 brn|[from] Stealth Rock
|turn|8
|
|t:|1779692524
|switch|p1a: Heatran|Heatran, F|82/100
|move|p2a: Maushold|Population Bomb|p1a: Heatran
|-resisted|p1a: Heatran
|-damage|p1a: Heatran|79/100
|-resisted|p1a: Heatran
|-damage|p1a: Heatran|77/100
|-resisted|p1a: Heatran
|-damage|p1a: Heatran|75/100
|-resisted|p1a: Heatran
|-damage|p1a: Heatran|73/100
|-resisted|p1a: Heatran
|-damage|p1a: Heatran|70/100
|-resisted|p1a: Heatran
|-damage|p1a: Heatran|68/100
|-resisted|p1a: Heatran
|-damage|p1a: Heatran|66/100
|-resisted|p1a: Heatran
|-damage|p1a: Heatran|64/100
|-hitcount|p1a: Heatran|8
|
|-heal|p1a: Heatran|70/100|[from] item: Leftovers
|-damage|p2a: Maushold|76/100 brn|[from] brn
|upkeep
|turn|9
|
|t:|1779692534
|move|p2a: Maushold|U-turn|p1a: Heatran
|-resisted|p1a: Heatran
|-damage|p1a: Heatran|69/100
|
|t:|1779692547
|switch|p2a: Cinccino|Cinccino, M|100/100|[from] U-turn
|-damage|p2a: Cinccino|88/100|[from] Stealth Rock
|move|p1a: Heatran|Lava Plume|p2a: Cinccino
|-damage|p2a: Cinccino|31/100
|-status|p2a: Cinccino|brn
|
|-heal|p1a: Heatran|75/100|[from] item: Leftovers
|-damage|p2a: Cinccino|25/100 brn|[from] brn
|upkeep
|turn|10
|
|t:|1779692568
|move|p2a: Cinccino|Rock Blast|p1a: Heatran
|-damage|p1a: Heatran|73/100
|-damage|p1a: Heatran|70/100
|-damage|p1a: Heatran|68/100
|-damage|p1a: Heatran|66/100
|-damage|p1a: Heatran|64/100
|-hitcount|p1a: Heatran|5
|move|p1a: Heatran|Lava Plume|p2a: Cinccino
|-damage|p2a: Cinccino|0 fnt
|faint|p2a: Cinccino
|
|-heal|p1a: Heatran|70/100|[from] item: Leftovers
|upkeep
|inactive|lachlangiles has 120 seconds left.
|-message|lachlangiles forfeited.
|
|win|cleanerpath
|raw|cleanerpath's rating: 1127 &rarr; <strong>1153</strong><br />(+26 for winning)
|raw|lachlangiles's rating: 1139 &rarr; <strong>1113</strong><br />(-26 for losing)
|l|☆lachlangiles
|player|p2|
|l|☆cleanerpath
|player|p1|
