|j|☆pizzaauchat
|j|☆claudechamp
|t:|1779704781
|gametype|singles
|player|p1|pizzaauchat|wallace|1175
|player|p2|claudechamp|169|1137
|gen|9
|tier|[Gen 9] OU
|rated|
|rule|HP Percentage Mod: HP is shown in percentages
|rule|Endless Battle Clause: Forcing endless battles is banned
|rule|Species Clause: Limit one of each Pokémon
|rule|OHKO Clause: OHKO moves are banned
|rule|Evasion Items Clause: Evasion items are banned
|rule|Evasion Moves Clause: Evasion moves are banned
|rule|Evasion Abilities Clause: Evasion abilities are banned
|rule|Sleep Moves Clause: Sleep-inducing moves are banned
|clearpoke
|poke|p1|Barraskewda, M|
|poke|p1|Pelipper, F|
|poke|p1|Goodra-Hisui, M|
|poke|p1|Meowscarada, F|
|poke|p1|Zapdos|
|poke|p1|Great Tusk|
|poke|p2|Gliscor, M|
|poke|p2|Gholdengo|
|poke|p2|Zamazenta-*|
|poke|p2|Blissey, F|
|poke|p2|Skarmory, M|
|poke|p2|Pecharunt|
|teampreview
|inactive|Battle timer is ON: inactive players will automatically lose when time's up. (requested by pizzaauchat)
|c|☆claudechamp|hf
|inactive|claudechamp also wants the timer to be on.
|
|t:|1779704805
|teamsize|p1|6
|teamsize|p2|6
|start
|switch|p1a: TOBI|Meowscarada, F|100/100
|switch|p2a: Skarmory|Skarmory, M|100/100
|turn|1
|
|t:|1779704815
|switch|p1a: Yondaime|Zapdos|100/100
|move|p2a: Skarmory|Spikes|p1a: Yondaime
|-sidestart|p1: pizzaauchat|Spikes
|
|upkeep
|turn|2
|
|t:|1779704818
|move|p1a: Yondaime|Volt Switch|p2a: Skarmory
|-supereffective|p2a: Skarmory
|-damage|p2a: Skarmory|3/100
|
|t:|1779704831
|switch|p1a: Great Tusk|Great Tusk|100/100|[from] Volt Switch
|-damage|p1a: Great Tusk|88/100|[from] Spikes
|move|p2a: Skarmory|Spikes|p1a: Great Tusk
|-sidestart|p1: pizzaauchat|Spikes
|
|upkeep
|turn|3
|
|t:|1779704837
|move|p1a: Great Tusk|Rapid Spin|p2a: Skarmory
|-resisted|p2a: Skarmory
|-damage|p2a: Skarmory|0 fnt
|-boost|p1a: Great Tusk|spe|1
|-sideend|p1: pizzaauchat|Spikes|[from] move: Rapid Spin|[of] p1a: Great Tusk
|faint|p2a: Skarmory
|
|upkeep
|
|t:|1779704840
|switch|p2a: Gliscor|Gliscor, M|100/100
|turn|4
|
|t:|1779704844
|move|p1a: Great Tusk|Ice Spinner|p2a: Gliscor
|-supereffective|p2a: Gliscor
|-damage|p2a: Gliscor|19/100
|move|p2a: Gliscor|Earthquake|p1a: Great Tusk
|-damage|p1a: Great Tusk|66/100
|
|-status|p2a: Gliscor|tox|[from] item: Toxic Orb
|upkeep
|turn|5
|
|t:|1779704850
|switch|p2a: Pecharunt|Pecharunt|100/100
|move|p1a: Great Tusk|Ice Spinner|p2a: Pecharunt
|-damage|p2a: Pecharunt|89/100
|
|upkeep
|turn|6
|
|t:|1779704854
|move|p1a: Great Tusk|Knock Off|p2a: Pecharunt
|-supereffective|p2a: Pecharunt
|-damage|p2a: Pecharunt|62/100
|-enditem|p2a: Pecharunt|Heavy-Duty Boots|[from] move: Knock Off|[of] p1a: Great Tusk
|move|p2a: Pecharunt|Shadow Ball|p1a: Great Tusk
|-damage|p1a: Great Tusk|44/100
|
|upkeep
|turn|7
|
|t:|1779704877
|move|p1a: Great Tusk|Headlong Rush|p2a: Pecharunt
|-supereffective|p2a: Pecharunt
|-damage|p2a: Pecharunt|13/100
|-unboost|p1a: Great Tusk|def|1
|-unboost|p1a: Great Tusk|spd|1
|move|p2a: Pecharunt|Recover|p2a: Pecharunt
|-heal|p2a: Pecharunt|63/100
|
|upkeep
|turn|8
|
|t:|1779704888
|-end|p1a: Great Tusk|Protosynthesis|[silent]
|switch|p1a: Hanzo|Pelipper, F, shiny|100/100
|-weather|RainDance|[from] ability: Drizzle|[of] p1a: Hanzo
|move|p2a: Pecharunt|Shadow Ball|p1a: Hanzo
|-damage|p1a: Hanzo|63/100
|
|-weather|RainDance|[upkeep]
|upkeep
|turn|9
|
|t:|1779704895
|move|p2a: Pecharunt|Toxic|p1a: Hanzo
|-status|p1a: Hanzo|tox
|-start|p1a: Hanzo|confusion|[from] ability: Poison Puppeteer|[of] p2a: Pecharunt
|-activate|p1a: Hanzo|confusion
|move|p1a: Hanzo|U-turn|p2a: Pecharunt
|-resisted|p2a: Pecharunt
|-damage|p2a: Pecharunt|62/100
|
|t:|1779704905
|switch|p1a: Choji|Goodra-Hisui, M, shiny|100/100|[from] U-turn
|
|-weather|RainDance|[upkeep]
|upkeep
|turn|10
|
|t:|1779704909
|move|p2a: Pecharunt|Recover|p2a: Pecharunt
|-heal|p2a: Pecharunt|100/100
|move|p1a: Choji|Flash Cannon|p2a: Pecharunt
|-damage|p2a: Pecharunt|69/100
|
|-weather|RainDance|[upkeep]
|upkeep
|turn|11
|
|t:|1779704916
|move|p2a: Pecharunt|Parting Shot|p1a: Choji
|-unboost|p1a: Choji|atk|1
|-unboost|p1a: Choji|spa|1
|
|t:|1779704918
|switch|p2a: Blissey|Blissey, F|100/100|[from] Parting Shot
|move|p1a: Choji|Flash Cannon|p2a: Blissey
|-damage|p2a: Blissey|94/100
|
|-weather|RainDance|[upkeep]
|upkeep
|turn|12
|
|t:|1779704922
|switch|p1a: Kisame|Barraskewda, M, shiny|100/100
|move|p2a: Blissey|Stealth Rock|p1a: Kisame
|-sidestart|p1: pizzaauchat|move: Stealth Rock
|
|-weather|RainDance|[upkeep]
|upkeep
|turn|13
|
|t:|1779704929
|switch|p2a: Pecharunt|Pecharunt|69/100
|move|p1a: Kisame|Liquidation|p2a: Pecharunt
|-damage|p2a: Pecharunt|21/100
|
|-weather|RainDance|[upkeep]
|upkeep
|turn|14
|
|t:|1779704935
|move|p1a: Kisame|Liquidation|p2a: Pecharunt
|-damage|p2a: Pecharunt|0 fnt
|faint|p2a: Pecharunt
|
|-weather|RainDance|[upkeep]
|upkeep
|
|t:|1779704937
|switch|p2a: Zamazenta|Zamazenta|100/100
|-ability|p2a: Zamazenta|Dauntless Shield|boost
|-boost|p2a: Zamazenta|def|1
|turn|15
|
|t:|1779704943
|switch|p1a: Yondaime|Zapdos|100/100
|move|p2a: Zamazenta|Close Combat|p1a: Yondaime
|-resisted|p1a: Yondaime
|-damage|p1a: Yondaime|63/100
|-unboost|p2a: Zamazenta|def|1
|-unboost|p2a: Zamazenta|spd|1
|
|-weather|none
|upkeep
|turn|16
|
|t:|1779704952
|-terastallize|p2a: Zamazenta|Ice
|move|p2a: Zamazenta|Ice Fang|p1a: Yondaime
|-supereffective|p1a: Yondaime
|-damage|p1a: Yondaime|0 fnt
|faint|p1a: Yondaime
|
|upkeep
|
|t:|1779704959
|switch|p1a: Hanzo|Pelipper, F, shiny|63/100 tox
|-damage|p1a: Hanzo|38/100 tox|[from] Stealth Rock
|-weather|RainDance|[from] ability: Drizzle|[of] p1a: Hanzo
|turn|17
|
|t:|1779704976
|switch|p1a: Choji|Goodra-Hisui, M, shiny|100/100
|-damage|p1a: Choji|95/100|[from] Stealth Rock
|move|p2a: Zamazenta|Ice Fang|p1a: Choji
|-damage|p1a: Choji|59/100
|
|-weather|RainDance|[upkeep]
|upkeep
|turn|18
|
|t:|1779704982
|move|p2a: Zamazenta|Close Combat|p1a: Choji
|-supereffective|p1a: Choji
|-damage|p1a: Choji|0 fnt
|-unboost|p2a: Zamazenta|def|1
|-unboost|p2a: Zamazenta|spd|1
|faint|p1a: Choji
|
|-weather|RainDance|[upkeep]
|upkeep
|
|t:|1779704995
|switch|p1a: TOBI|Meowscarada, F|100/100
|-damage|p1a: TOBI|88/100|[from] Stealth Rock
|turn|19
|
|t:|1779704999
|move|p1a: TOBI|Low Kick|p2a: Zamazenta
|-start|p1a: TOBI|typechange|Fighting|[from] ability: Protean
|-supereffective|p2a: Zamazenta
|-damage|p2a: Zamazenta|0 fnt
|faint|p2a: Zamazenta
|
|-weather|RainDance|[upkeep]
|upkeep
|
|t:|1779705002
|switch|p2a: Gholdengo|Gholdengo|100/100
|turn|20
|
|t:|1779705011
|switch|p1a: Great Tusk|Great Tusk|44/100
|-damage|p1a: Great Tusk|41/100|[from] Stealth Rock
|move|p2a: Gholdengo|Thunder Wave|p1a: Great Tusk
|-immune|p1a: Great Tusk
|
|-weather|RainDance|[upkeep]
|upkeep
|turn|21
|
|t:|1779705020
|move|p1a: Great Tusk|Knock Off|p2a: Gholdengo
|-supereffective|p2a: Gholdengo
|-damage|p2a: Gholdengo|60/100
|-enditem|p2a: Gholdengo|Ability Shield|[from] move: Knock Off|[of] p1a: Great Tusk
|move|p2a: Gholdengo|Hex|p1a: Great Tusk
|-damage|p1a: Great Tusk|18/100
|
|-weather|RainDance|[upkeep]
|upkeep
|turn|22
|
|t:|1779705029
|switch|p2a: Gliscor|Gliscor, M|19/100 tox
|move|p1a: Great Tusk|Headlong Rush|p2a: Gliscor
|-immune|p2a: Gliscor
|
|-weather|RainDance|[upkeep]
|-heal|p2a: Gliscor|31/100 tox|[from] ability: Poison Heal
|upkeep
|turn|23
|
|t:|1779705038
|switch|p2a: Gholdengo|Gholdengo|60/100
|move|p1a: Great Tusk|Ice Spinner|p2a: Gholdengo
|-resisted|p2a: Gholdengo
|-crit|p2a: Gholdengo
|-damage|p2a: Gholdengo|47/100
|
|-weather|RainDance|[upkeep]
|upkeep
|turn|24
|
|t:|1779705047
|move|p1a: Great Tusk|Ice Spinner|p2a: Gholdengo
|-resisted|p2a: Gholdengo
|-damage|p2a: Gholdengo|38/100
|move|p2a: Gholdengo|Hex|p1a: Great Tusk
|-damage|p1a: Great Tusk|0 fnt
|faint|p1a: Great Tusk
|-end|p1a: Great Tusk|Protosynthesis|[silent]
|
|-weather|none
|upkeep
|
|t:|1779705051
|switch|p1a: Hanzo|Pelipper, F, shiny|38/100 tox
|-damage|p1a: Hanzo|13/100 tox|[from] Stealth Rock
|-weather|RainDance|[from] ability: Drizzle|[of] p1a: Hanzo
|turn|25
|
|t:|1779705058
|move|p2a: Gholdengo|Recover|p2a: Gholdengo
|-heal|p2a: Gholdengo|88/100
|move|p1a: Hanzo|Surf|p2a: Gholdengo
|-damage|p2a: Gholdengo|39/100
|
|-weather|RainDance|[upkeep]
|-damage|p1a: Hanzo|7/100 tox|[from] psn
|upkeep
|turn|26
|
|t:|1779705063
|move|p2a: Gholdengo|Recover|p2a: Gholdengo
|-heal|p2a: Gholdengo|89/100
|move|p1a: Hanzo|Surf|p2a: Gholdengo
|-damage|p2a: Gholdengo|43/100
|
|-weather|RainDance|[upkeep]
|-damage|p1a: Hanzo|0 fnt|[from] psn
|faint|p1a: Hanzo
|upkeep
|
|t:|1779705067
|switch|p1a: Kisame|Barraskewda, M, shiny|100/100
|-damage|p1a: Kisame|88/100|[from] Stealth Rock
|turn|27
|
|t:|1779705074
|switch|p2a: Blissey|Blissey, F|94/100
|move|p1a: Kisame|Liquidation|p2a: Blissey
|-damage|p2a: Blissey|0 fnt
|faint|p2a: Blissey
|
|-weather|RainDance|[upkeep]
|upkeep
|
|t:|1779705084
|switch|p2a: Gholdengo|Gholdengo|43/100
|turn|28
|
|t:|1779705094
|move|p1a: Kisame|Liquidation|p2a: Gholdengo
|-damage|p2a: Gholdengo|0 fnt
|faint|p2a: Gholdengo
|
|-weather|RainDance|[upkeep]
|upkeep
|
|t:|1779705104
|switch|p2a: Gliscor|Gliscor, M|31/100 tox
|turn|29
|
|t:|1779705108
|move|p2a: Gliscor|Protect|p2a: Gliscor
|-singleturn|p2a: Gliscor|Protect
|move|p1a: Kisame|Liquidation|p2a: Gliscor
|-activate|p2a: Gliscor|move: Protect
|
|-weather|RainDance|[upkeep]
|-heal|p2a: Gliscor|44/100 tox|[from] ability: Poison Heal
|upkeep
|turn|30
|
|t:|1779705112
|move|p1a: Kisame|Liquidation|p2a: Gliscor
|-supereffective|p2a: Gliscor
|-damage|p2a: Gliscor|0 fnt
|faint|p2a: Gliscor
|
|win|pizzaauchat
|raw|pizzaauchat's rating: 1175 &rarr; <strong>1197</strong><br />(+22 for winning)
|raw|claudechamp's rating: 1137 &rarr; <strong>1115</strong><br />(-22 for losing)
|c|☆claudechamp|gg
|l|☆pizzaauchat
|player|p1|
