|j|☆Diontek
|j|☆big froggy
|t:|1779640798
|gametype|singles
|player|p1|Diontek|hoopster|1112
|player|p2|big froggy|fisherman-gen4|1162
|gen|9
|tier|[Gen 9] OU
|rated|
|rule|HP Percentage Mod: HP is shown in percentages
|rule|Endless Battle Clause: Forcing endless battles is banned
|rule|Species Clause: Limit one of each Pokémon
|rule|OHKO Clause: OHKO moves are banned
|rule|Evasion Items Clause: Evasion items are banned
|rule|Evasion Moves Clause: Evasion moves are banned
|rule|Evasion Abilities Clause: Evasion abilities are banned
|rule|Sleep Moves Clause: Sleep-inducing moves are banned
|clearpoke
|poke|p1|Whimsicott, F|
|poke|p1|Electivire, F|
|poke|p1|Hatterene, F|
|poke|p1|Blaziken, M|
|poke|p1|Gengar, F|
|poke|p1|Iron Treads|
|poke|p2|Dragonite, M|
|poke|p2|Ting-Lu|
|poke|p2|Clefable, M|
|poke|p2|Pecharunt|
|poke|p2|Heatran, F|
|poke|p2|Zamazenta-*|
|teampreview
|inactive|Battle timer is ON: inactive players will automatically lose when time's up. (requested by Diontek)
|inactive|big froggy also wants the timer to be on.
|
|t:|1779640806
|teamsize|p1|6
|teamsize|p2|6
|start
|switch|p1a: Hatterene|Hatterene, F|100/100
|switch|p2a: Ting-Lu|Ting-Lu|100/100
|-ability|p2a: Ting-Lu|Vessel of Ruin
|turn|1
|c|☆Diontek|Wow what a fun team
|
|t:|1779640817
|switch|p2a: Pecharunt|Pecharunt|100/100
|move|p1a: Hatterene|Calm Mind|p1a: Hatterene
|-boost|p1a: Hatterene|spa|1
|-boost|p1a: Hatterene|spd|1
|
|upkeep
|turn|2
|
|t:|1779640824
|move|p2a: Pecharunt|Parting Shot|p1a: Hatterene
|move|p1a: Hatterene|Parting Shot|p2a: Pecharunt|[from] ability: Magic Bounce
|-unboost|p2a: Pecharunt|atk|1
|-unboost|p2a: Pecharunt|spa|1
|
|t:|1779640841
|switch|p1a: Gengar|Gengar, F|100/100|[from] Parting Shot
|
|upkeep
|turn|3
|
|t:|1779640854
|switch|p2a: Heatran|Heatran, F|100/100
|move|p1a: Gengar|Psychic|p2a: Heatran
|-resisted|p2a: Heatran
|-damage|p2a: Heatran|87/100
|-damage|p1a: Gengar|91/100|[from] item: Life Orb
|
|-heal|p2a: Heatran|94/100|[from] item: Leftovers
|upkeep
|turn|4
|
|t:|1779640863
|move|p1a: Gengar|Focus Blast|p2a: Heatran
|-supereffective|p2a: Heatran
|-damage|p2a: Heatran|27/100
|-damage|p1a: Gengar|81/100|[from] item: Life Orb
|move|p2a: Heatran|Earth Power|p1a: Gengar
|-supereffective|p1a: Gengar
|-damage|p1a: Gengar|0 fnt
|-start|p2a: Heatran|Disable|Earth Power|[from] ability: Cursed Body|[of] p1a: Gengar
|faint|p1a: Gengar
|
|-heal|p2a: Heatran|33/100|[from] item: Leftovers
|upkeep
|
|t:|1779640870
|switch|p1a: Electivire|Electivire, F|100/100
|turn|5
|
|t:|1779640882
|switch|p2a: Dragonite|Dragonite, M|100/100
|move|p1a: Electivire|Bulk Up|p1a: Electivire
|-boost|p1a: Electivire|atk|1
|-boost|p1a: Electivire|def|1
|
|upkeep
|turn|6
|
|t:|1779640896
|move|p1a: Electivire|Trailblaze|p2a: Dragonite
|-resisted|p2a: Dragonite
|-damage|p2a: Dragonite|97/100
|-boost|p1a: Electivire|spe|1
|move|p2a: Dragonite|Dragon Tail|p1a: Electivire
|-damage|p1a: Electivire|62/100
|drag|p1a: Iron Treads|Iron Treads|100/100
|
|upkeep
|turn|7
|
|t:|1779640908
|move|p1a: Iron Treads|Ice Spinner|p2a: Dragonite
|-supereffective|p2a: Dragonite
|-damage|p2a: Dragonite|2/100
|move|p2a: Dragonite|Earthquake|p1a: Iron Treads
|-supereffective|p1a: Iron Treads
|-damage|p1a: Iron Treads|33/100
|
|upkeep
|turn|8
|
|t:|1779640924
|move|p2a: Dragonite|Extreme Speed|p1a: Iron Treads
|-resisted|p1a: Iron Treads
|-damage|p1a: Iron Treads|20/100
|move|p1a: Iron Treads|Stone Edge|p2a: Dragonite
|-supereffective|p2a: Dragonite
|-crit|p2a: Dragonite
|-damage|p2a: Dragonite|0 fnt
|faint|p2a: Dragonite
|
|upkeep
|
|t:|1779640935
|switch|p2a: Pecharunt|Pecharunt|100/100
|turn|9
|
|t:|1779640948
|move|p1a: Iron Treads|Earthquake|p2a: Pecharunt
|-supereffective|p2a: Pecharunt
|-damage|p2a: Pecharunt|60/100
|move|p2a: Pecharunt|Shadow Ball|p1a: Iron Treads
|-damage|p1a: Iron Treads|0 fnt
|faint|p1a: Iron Treads
|-end|p1a: Iron Treads|Quark Drive|[silent]
|
|upkeep
|
|t:|1779640952
|switch|p1a: Blaziken|Blaziken, M|100/100
|turn|10
|
|t:|1779640957
|move|p1a: Blaziken|Swords Dance|p1a: Blaziken
|-boost|p1a: Blaziken|atk|2
|move|p2a: Pecharunt|Toxic|p1a: Blaziken
|-status|p1a: Blaziken|tox
|-start|p1a: Blaziken|confusion|[from] ability: Poison Puppeteer|[of] p2a: Pecharunt
|
|-damage|p1a: Blaziken|95/100 tox|[from] psn
|-ability|p1a: Blaziken|Speed Boost|boost
|-boost|p1a: Blaziken|spe|1
|upkeep
|turn|11
|
|t:|1779640964
|-activate|p1a: Blaziken|confusion
|-damage|p1a: Blaziken|50/100 tox|[from] confusion
|move|p2a: Pecharunt|Shadow Ball|p1a: Blaziken
|-damage|p1a: Blaziken|10/100 tox
|
|-damage|p1a: Blaziken|0 fnt|[from] psn
|faint|p1a: Blaziken
|upkeep
|
|t:|1779640969
|switch|p1a: Electivire|Electivire, F|62/100
|turn|12
|
|t:|1779640973
|move|p1a: Electivire|Knock Off|p2a: Pecharunt
|-supereffective|p2a: Pecharunt
|-damage|p2a: Pecharunt|29/100
|-enditem|p2a: Pecharunt|Heavy-Duty Boots|[from] move: Knock Off|[of] p1a: Electivire
|move|p2a: Pecharunt|Parting Shot|p1a: Electivire
|-unboost|p1a: Electivire|atk|1
|-unboost|p1a: Electivire|spa|1
|
|t:|1779640982
|switch|p2a: Ting-Lu|Ting-Lu|100/100|[from] Parting Shot
|-ability|p2a: Ting-Lu|Vessel of Ruin
|
|-heal|p1a: Electivire|68/100|[from] item: Leftovers
|upkeep
|turn|13
|c|☆Diontek|You’re so annoying and lame
|c|☆Diontek|hope youre happy
|c|☆Diontek|loser
|-message|Diontek forfeited.
|
|win|big froggy
|raw|Diontek's rating: 1112 &rarr; <strong>1091</strong><br />(-21 for losing)
|raw|big froggy's rating: 1162 &rarr; <strong>1183</strong><br />(+21 for winning)
|c|☆big froggy|Stop raging bro
