|j|☆drstone420
|j|☆uchiha jesus
|t:|1779600479
|gametype|singles
|player|p1|drstone420|lucas|1270
|player|p2|uchiha jesus|169|1329
|gen|9
|tier|[Gen 9] OU
|rated|
|rule|HP Percentage Mod: HP is shown in percentages
|rule|Endless Battle Clause: Forcing endless battles is banned
|rule|Species Clause: Limit one of each Pokémon
|rule|OHKO Clause: OHKO moves are banned
|rule|Evasion Items Clause: Evasion items are banned
|rule|Evasion Moves Clause: Evasion moves are banned
|rule|Evasion Abilities Clause: Evasion abilities are banned
|rule|Sleep Moves Clause: Sleep-inducing moves are banned
|clearpoke
|poke|p1|Dragonite, M|
|poke|p1|Serperior, M|
|poke|p1|Tyranitar, F|
|poke|p1|Excadrill, M|
|poke|p1|Skeledirge, F|
|poke|p1|Zapdos|
|poke|p2|Darkrai|
|poke|p2|Dusclops, M|
|poke|p2|Ogerpon-Wellspring, F|
|poke|p2|Garchomp, M|
|poke|p2|Skeledirge, F|
|poke|p2|Tyranitar, F|
|teampreview
|
|t:|1779600491
|teamsize|p1|6
|teamsize|p2|6
|start
|switch|p1a: Serperior|Serperior, M, shiny|100/100
|switch|p2a: Tyranitar|Tyranitar, F|100/100
|-weather|Sandstorm|[from] ability: Sand Stream|[of] p2a: Tyranitar
|turn|1
|
|t:|1779600506
|move|p1a: Serperior|Glare|p2a: Tyranitar
|-status|p2a: Tyranitar|par
|move|p2a: Tyranitar|Stone Edge|p1a: Serperior
|-damage|p1a: Serperior|39/100
|
|-weather|Sandstorm|[upkeep]
|-damage|p1a: Serperior|33/100|[from] Sandstorm
|-heal|p1a: Serperior|39/100|[from] item: Leftovers
|upkeep
|turn|2
|
|t:|1779600526
|switch|p1a: Excadrill|Excadrill, M|100/100
|move|p2a: Tyranitar|Crunch|p1a: Excadrill
|-damage|p1a: Excadrill|41/100
|
|-weather|Sandstorm|[upkeep]
|upkeep
|turn|3
|
|t:|1779600537
|switch|p2a: Dusclops|Dusclops, M|100/100
|-ability|p2a: Dusclops|Pressure
|move|p1a: Excadrill|Earthquake|p2a: Dusclops
|-damage|p2a: Dusclops|67/100
|
|-weather|Sandstorm|[upkeep]
|-damage|p2a: Dusclops|62/100|[from] Sandstorm
|upkeep
|turn|4
|
|t:|1779600550
|move|p1a: Excadrill|Iron Head|p2a: Dusclops
|-damage|p2a: Dusclops|37/100
|move|p2a: Dusclops|Will-O-Wisp|p1a: Excadrill
|-status|p1a: Excadrill|brn
|
|-weather|Sandstorm|[upkeep]
|-damage|p2a: Dusclops|31/100|[from] Sandstorm
|-damage|p1a: Excadrill|35/100 brn|[from] brn
|upkeep
|turn|5
|
|t:|1779600560
|move|p1a: Excadrill|Iron Head|p2a: Dusclops
|-damage|p2a: Dusclops|18/100
|move|p2a: Dusclops|Pain Split|p1a: Excadrill
|-sethp|p1a: Excadrill|23/100 brn|[from] move: Pain Split|[silent]
|-sethp|p2a: Dusclops|38/100|[from] move: Pain Split
|
|-weather|none
|-damage|p1a: Excadrill|17/100 brn|[from] brn
|upkeep
|turn|6
|
|t:|1779600569
|move|p1a: Excadrill|Earthquake|p2a: Dusclops
|-damage|p2a: Dusclops|23/100
|move|p2a: Dusclops|Night Shade|p1a: Excadrill
|-damage|p1a: Excadrill|0 fnt
|faint|p1a: Excadrill
|
|upkeep
|
|t:|1779600580
|switch|p1a: Serperior|Serperior, M, shiny|39/100
|turn|7
|
|t:|1779600593
|move|p1a: Serperior|Leaf Storm|p2a: Dusclops
|-damage|p2a: Dusclops|0 fnt
|-boost|p1a: Serperior|spa|2
|faint|p2a: Dusclops
|
|-heal|p1a: Serperior|45/100|[from] item: Leftovers
|upkeep
|
|t:|1779600602
|switch|p2a: Tyranitar|Tyranitar, F|100/100 par
|-weather|Sandstorm|[from] ability: Sand Stream|[of] p2a: Tyranitar
|turn|8
|
|t:|1779600607
|move|p1a: Serperior|Leaf Storm|p2a: Tyranitar
|-supereffective|p2a: Tyranitar
|-damage|p2a: Tyranitar|0 fnt
|-boost|p1a: Serperior|spa|2
|faint|p2a: Tyranitar
|
|-weather|Sandstorm|[upkeep]
|-damage|p1a: Serperior|39/100|[from] Sandstorm
|-heal|p1a: Serperior|45/100|[from] item: Leftovers
|upkeep
|
|t:|1779600617
|switch|p2a: Skeledirge|Skeledirge, F|100/100
|turn|9
|
|t:|1779600623
|switch|p1a: Tyranitar|Tyranitar, F, shiny|100/100
|move|p2a: Skeledirge|Torch Song|p1a: Tyranitar
|-resisted|p1a: Tyranitar
|-damage|p1a: Tyranitar|95/100
|-boost|p2a: Skeledirge|spa|1
|
|-weather|Sandstorm|[upkeep]
|-damage|p2a: Skeledirge|94/100|[from] Sandstorm
|-heal|p1a: Tyranitar|100/100|[from] item: Leftovers
|upkeep
|turn|10
|
|t:|1779600636
|switch|p2a: Garchomp|Garchomp, M|100/100
|move|p1a: Tyranitar|Stone Edge|p2a: Garchomp
|-resisted|p2a: Garchomp
|-damage|p2a: Garchomp|79/100
|
|-weather|Sandstorm|[upkeep]
|upkeep
|turn|11
|
|t:|1779600644
|switch|p1a: Zapdos|Zapdos|100/100
|move|p2a: Garchomp|Swords Dance|p2a: Garchomp
|-boost|p2a: Garchomp|atk|2
|
|-weather|Sandstorm|[upkeep]
|-damage|p1a: Zapdos|94/100|[from] Sandstorm
|upkeep
|turn|12
|
|t:|1779600653
|move|p2a: Garchomp|Scale Shot|p1a: Zapdos
|-damage|p1a: Zapdos|74/100
|-damage|p1a: Zapdos|53/100
|-damage|p1a: Zapdos|33/100
|-damage|p1a: Zapdos|13/100
|-damage|p1a: Zapdos|0 fnt
|faint|p1a: Zapdos
|-hitcount|p1: Zapdos|5
|-unboost|p2a: Garchomp|def|1
|-boost|p2a: Garchomp|spe|1
|
|-weather|none
|upkeep
|
|t:|1779600658
|switch|p1a: Skeledirge|Skeledirge, F|100/100
|turn|13
|
|t:|1779600672
|-terastallize|p1a: Skeledirge|Ghost
|move|p2a: Garchomp|Earthquake|p1a: Skeledirge
|-damage|p1a: Skeledirge|67/100
|move|p1a: Skeledirge|Will-O-Wisp|p2a: Garchomp
|-status|p2a: Garchomp|brn
|
|-damage|p2a: Garchomp|73/100 brn|[from] brn
|upkeep
|turn|14
|
|t:|1779600684
|move|p2a: Garchomp|Earthquake|p1a: Skeledirge
|-damage|p1a: Skeledirge|52/100
|move|p1a: Skeledirge|Slack Off|p1a: Skeledirge
|-heal|p1a: Skeledirge|100/100
|
|-damage|p2a: Garchomp|67/100 brn|[from] brn
|upkeep
|turn|15
|
|t:|1779600692
|switch|p2a: Darkrai|Darkrai|100/100
|move|p1a: Skeledirge|Torch Song|p2a: Darkrai
|-damage|p2a: Darkrai|63/100
|-boost|p1a: Skeledirge|spa|1
|
|upkeep
|turn|16
|
|t:|1779600699
|switch|p1a: Tyranitar|Tyranitar, F, shiny|100/100
|-weather|Sandstorm|[from] ability: Sand Stream|[of] p1a: Tyranitar
|move|p2a: Darkrai|Dark Pulse|p1a: Tyranitar
|-resisted|p1a: Tyranitar
|-damage|p1a: Tyranitar|92/100
|
|-weather|Sandstorm|[upkeep]
|-damage|p2a: Darkrai|57/100|[from] Sandstorm
|-heal|p1a: Tyranitar|98/100|[from] item: Leftovers
|upkeep
|turn|17
|
|t:|1779600711
|switch|p2a: Ogerpon|Ogerpon-Wellspring, F|100/100
|move|p1a: Tyranitar|Stealth Rock|p2a: Ogerpon
|-sidestart|p2: uchiha jesus|move: Stealth Rock
|
|-weather|Sandstorm|[upkeep]
|-damage|p2a: Ogerpon|95/100|[from] Sandstorm
|-heal|p1a: Tyranitar|100/100|[from] item: Leftovers
|upkeep
|turn|18
|
|t:|1779600719
|move|p2a: Ogerpon|Ivy Cudgel|p1a: Tyranitar|[anim] Ivy Cudgel Water
|-supereffective|p1a: Tyranitar
|-damage|p1a: Tyranitar|14/100
|move|p1a: Tyranitar|Thunder Wave|p2a: Ogerpon
|-status|p2a: Ogerpon|par
|
|-weather|Sandstorm|[upkeep]
|-damage|p2a: Ogerpon|89/100 par|[from] Sandstorm
|-heal|p1a: Tyranitar|21/100|[from] item: Leftovers
|upkeep
|turn|19
|
|t:|1779600730
|move|p2a: Ogerpon|Ivy Cudgel|p1a: Tyranitar|[anim] Ivy Cudgel Water
|-supereffective|p1a: Tyranitar
|-damage|p1a: Tyranitar|0 fnt
|faint|p1a: Tyranitar
|
|-weather|Sandstorm|[upkeep]
|-damage|p2a: Ogerpon|83/100 par|[from] Sandstorm
|upkeep
|
|t:|1779600734
|switch|p1a: Serperior|Serperior, M, shiny|45/100
|turn|20
|
|t:|1779600747
|switch|p2a: Skeledirge|Skeledirge, F|94/100
|-damage|p2a: Skeledirge|69/100|[from] Stealth Rock
|move|p1a: Serperior|Leaf Storm|p2a: Skeledirge
|-resisted|p2a: Skeledirge
|-crit|p2a: Skeledirge
|-damage|p2a: Skeledirge|32/100
|-boost|p1a: Serperior|spa|2
|
|-weather|none
|-heal|p1a: Serperior|51/100|[from] item: Leftovers
|upkeep
|turn|21
|
|t:|1779600762
|move|p1a: Serperior|Leaf Storm|p2a: Skeledirge
|-resisted|p2a: Skeledirge
|-damage|p2a: Skeledirge|6/100
|-boost|p1a: Serperior|spa|2
|move|p2a: Skeledirge|Slack Off|p2a: Skeledirge
|-heal|p2a: Skeledirge|56/100
|
|-heal|p1a: Serperior|57/100|[from] item: Leftovers
|upkeep
|turn|22
|
|t:|1779600772
|move|p1a: Serperior|Glare|p2a: Skeledirge
|-status|p2a: Skeledirge|par
|move|p2a: Skeledirge|Slack Off|p2a: Skeledirge
|-heal|p2a: Skeledirge|100/100 par
|
|-heal|p1a: Serperior|64/100|[from] item: Leftovers
|upkeep
|turn|23
|
|t:|1779600782
|move|p1a: Serperior|Substitute|p1a: Serperior
|-start|p1a: Serperior|Substitute
|-damage|p1a: Serperior|39/100
|cant|p2a: Skeledirge|par
|
|-heal|p1a: Serperior|45/100|[from] item: Leftovers
|upkeep
|turn|24
|
|t:|1779600790
|switch|p1a: Skeledirge|Skeledirge, F, tera:Ghost|100/100
|cant|p2a: Skeledirge|par
|
|upkeep
|turn|25
|
|t:|1779600796
|move|p1a: Skeledirge|Hex|p2a: Skeledirge
|-supereffective|p2a: Skeledirge
|-damage|p2a: Skeledirge|0 fnt
|faint|p2a: Skeledirge
|
|upkeep
|
|t:|1779600809
|switch|p2a: Darkrai|Darkrai|57/100
|turn|26
|
|t:|1779600820
|move|p2a: Darkrai|Nasty Plot|p2a: Darkrai
|-boost|p2a: Darkrai|spa|2
|move|p1a: Skeledirge|Torch Song|p2a: Darkrai
|-damage|p2a: Darkrai|19/100
|-boost|p1a: Skeledirge|spa|1
|
|upkeep
|turn|27
|inactive|Battle timer is ON: inactive players will automatically lose when time's up. (requested by uchiha jesus)
|
|t:|1779600827
|move|p2a: Darkrai|Dark Pulse|p1a: Skeledirge
|-supereffective|p1a: Skeledirge
|-damage|p1a: Skeledirge|16/100
|move|p1a: Skeledirge|Torch Song|p2a: Darkrai
|-damage|p2a: Darkrai|0 fnt
|-boost|p1a: Skeledirge|spa|1
|faint|p2a: Darkrai
|
|upkeep
|
|t:|1779600839
|switch|p2a: Garchomp|Garchomp, M|67/100 brn
|-damage|p2a: Garchomp|61/100 brn|[from] Stealth Rock
|turn|28
|
|t:|1779600847
|move|p2a: Garchomp|Scale Shot|p1a: Skeledirge
|-damage|p1a: Skeledirge|12/100
|-damage|p1a: Skeledirge|8/100
|-damage|p1a: Skeledirge|4/100
|-damage|p1a: Skeledirge|0 fnt
|faint|p1a: Skeledirge
|-hitcount|p1: Skeledirge|4
|-unboost|p2a: Garchomp|def|1
|-boost|p2a: Garchomp|spe|1
|
|-damage|p2a: Garchomp|55/100 brn|[from] brn
|upkeep
|
|t:|1779600851
|switch|p1a: Serperior|Serperior, M, shiny|45/100
|turn|29
|
|t:|1779600867
|-terastallize|p2a: Garchomp|Steel
|move|p2a: Garchomp|Scale Shot|p1a: Serperior
|-damage|p1a: Serperior|36/100
|-damage|p1a: Serperior|28/100
|-damage|p1a: Serperior|20/100
|-damage|p1a: Serperior|11/100
|-damage|p1a: Serperior|4/100
|-hitcount|p1a: Serperior|5
|-unboost|p2a: Garchomp|def|1
|-boost|p2a: Garchomp|spe|1
|move|p1a: Serperior|Leech Seed|p2a: Garchomp|[miss]
|-miss|p1a: Serperior|p2a: Garchomp
|
|-heal|p1a: Serperior|10/100|[from] item: Leftovers
|-damage|p2a: Garchomp|49/100 brn|[from] brn
|upkeep
|turn|30
|
|t:|1779600884
|move|p2a: Garchomp|Earthquake|p1a: Serperior
|-resisted|p1a: Serperior
|-damage|p1a: Serperior|0 fnt
|faint|p1a: Serperior
|
|-damage|p2a: Garchomp|42/100 brn|[from] brn
|upkeep
|
|t:|1779600886
|switch|p1a: Dragonite|Dragonite, M, shiny|100/100
|turn|31
|
|t:|1779600893
|move|p2a: Garchomp|Scale Shot|p1a: Dragonite
|-supereffective|p1a: Dragonite
|-damage|p1a: Dragonite|94/100
|-supereffective|p1a: Dragonite
|-damage|p1a: Dragonite|79/100
|-supereffective|p1a: Dragonite
|-damage|p1a: Dragonite|65/100
|-supereffective|p1a: Dragonite
|-damage|p1a: Dragonite|50/100
|-supereffective|p1a: Dragonite
|-damage|p1a: Dragonite|34/100
|-hitcount|p1a: Dragonite|5
|-unboost|p2a: Garchomp|def|1
|-boost|p2a: Garchomp|spe|1
|move|p1a: Dragonite|Dragon Dance|p1a: Dragonite
|-boost|p1a: Dragonite|atk|1
|-boost|p1a: Dragonite|spe|1
|
|-damage|p2a: Garchomp|36/100 brn|[from] brn
|upkeep
|turn|32
|
|t:|1779600911
|switch|p2a: Ogerpon|Ogerpon-Wellspring, F|83/100 par
|-damage|p2a: Ogerpon|70/100 par|[from] Stealth Rock
|move|p1a: Dragonite|Extreme Speed|p2a: Ogerpon
|-damage|p2a: Ogerpon|13/100 par
|
|upkeep
|turn|33
|
|t:|1779600919
|move|p1a: Dragonite|Extreme Speed|p2a: Ogerpon
|-damage|p2a: Ogerpon|0 fnt
|faint|p2a: Ogerpon
|
|upkeep
|
|t:|1779600924
|switch|p2a: Garchomp|Garchomp, M, tera:Steel|36/100 brn
|-damage|p2a: Garchomp|30/100 brn|[from] Stealth Rock
|turn|34
|
|t:|1779600929
|move|p1a: Dragonite|Fire Punch|p2a: Garchomp
|-supereffective|p2a: Garchomp
|-damage|p2a: Garchomp|0 fnt
|-damage|p1a: Dragonite|22/100|[from] ability: Rough Skin|[of] p2a: Garchomp
|faint|p2a: Garchomp
|
|win|drstone420
|raw|drstone420's rating: 1270 &rarr; <strong>1299</strong><br />(+29 for winning)
|raw|uchiha jesus's rating: 1329 &rarr; <strong>1306</strong><br />(-23 for losing)
|l|☆uchiha jesus
|player|p2|
|l|☆drstone420
|player|p1|
