|j|☆Bonsoir201
|j|☆SgtBrick14
|t:|1779563316
|gametype|singles
|player|p1|Bonsoir201|medium|1482
|player|p2|SgtBrick14|pokemonranger|1485
|gen|9
|tier|[Gen 9] OU
|rated|
|rule|HP Percentage Mod: HP is shown in percentages
|rule|Endless Battle Clause: Forcing endless battles is banned
|rule|Species Clause: Limit one of each Pokémon
|rule|OHKO Clause: OHKO moves are banned
|rule|Evasion Items Clause: Evasion items are banned
|rule|Evasion Moves Clause: Evasion moves are banned
|rule|Evasion Abilities Clause: Evasion abilities are banned
|rule|Sleep Moves Clause: Sleep-inducing moves are banned
|clearpoke
|poke|p1|Kleavor, M|
|poke|p1|Hoopa-Unbound|
|poke|p1|Pecharunt|
|poke|p1|Alomomola, F|
|poke|p1|Dragonite, M|
|poke|p1|Iron Valiant|
|poke|p2|Lucario, F|
|poke|p2|Greninja-*, M|
|poke|p2|Pelipper, M|
|poke|p2|Gengar, M|
|poke|p2|Cloyster, M|
|poke|p2|Froslass, F|
|teampreview
|inactive|Battle timer is ON: inactive players will automatically lose when time's up. (requested by Bonsoir201)
|l|☆SgtBrick14
|inactive|SgtBrick14 disconnected and has a minute to reconnect!
|player|p2|
|j| fdsls
|l| fdsls
|inactive|SgtBrick14 has 30 seconds to reconnect!
|j|☆SgtBrick14
|inactive|SgtBrick14 reconnected and has 110 seconds left.
|player|p2|SgtBrick14|pokemonranger|
|
|t:|1779563362
|teamsize|p1|6
|teamsize|p2|6
|start
|switch|p1a: Kleavor|Kleavor, M|100/100
|switch|p2a: Froslass|Froslass, F|100/100
|turn|1
|
|t:|1779563371
|switch|p1a: Alomomola|Alomomola, F|100/100
|move|p2a: Froslass|Thunder Wave|p1a: Alomomola
|-status|p1a: Alomomola|par
|
|upkeep
|turn|2
|
|t:|1779563384
|move|p2a: Froslass|Spikes|p1a: Alomomola
|-sidestart|p1: Bonsoir201|Spikes
|move|p1a: Alomomola|Scald|p2a: Froslass
|-damage|p2a: Froslass|84/100
|-start|p1a: Alomomola|Disable|Scald|[from] ability: Cursed Body|[of] p2a: Froslass
|
|upkeep
|turn|3
|
|t:|1779563390
|move|p2a: Froslass|Spikes|p1a: Alomomola
|-sidestart|p1: Bonsoir201|Spikes
|move|p1a: Alomomola|Flip Turn|p2a: Froslass
|-crit|p2a: Froslass
|-damage|p2a: Froslass|52/100
|
|t:|1779563410
|switch|p1a: Kleavor|Kleavor, M|100/100|[from] Flip Turn
|
|upkeep
|turn|4
|
|t:|1779563412
|move|p2a: Froslass|Destiny Bond|p2a: Froslass
|-singlemove|p2a: Froslass|Destiny Bond
|move|p1a: Kleavor|Stone Axe|p2a: Froslass
|-supereffective|p2a: Froslass
|-damage|p2a: Froslass|0 fnt
|-sidestart|p2: SgtBrick14|move: Stealth Rock
|faint|p2a: Froslass
|-activate|p2a: Froslass|move: Destiny Bond
|faint|p1a: Kleavor
|
|upkeep
|
|t:|1779563422
|switch|p2a: Pelipper|Pelipper, M|100/100
|switch|p1a: Hoopa|Hoopa-Unbound|100/100
|-damage|p1a: Hoopa|84/100|[from] Spikes
|-damage|p2a: Pelipper|75/100|[from] Stealth Rock
|-weather|RainDance|[from] ability: Drizzle|[of] p2a: Pelipper
|turn|5
|
|t:|1779563429
|move|p1a: Hoopa|Knock Off|p2a: Pelipper
|-damage|p2a: Pelipper|25/100
|-enditem|p2a: Pelipper|Damp Rock|[from] move: Knock Off|[of] p1a: Hoopa
|move|p2a: Pelipper|Weather Ball|p1a: Hoopa
|-damage|p1a: Hoopa|50/100
|
|-weather|RainDance|[upkeep]
|upkeep
|turn|6
|
|t:|1779563439
|move|p1a: Hoopa|Knock Off|p2a: Pelipper
|-damage|p2a: Pelipper|0 fnt
|faint|p2a: Pelipper
|
|-weather|RainDance|[upkeep]
|upkeep
|
|t:|1779563440
|switch|p2a: Gengar|Gengar, M|100/100
|-damage|p2a: Gengar|88/100|[from] Stealth Rock
|turn|7
|
|t:|1779563446
|move|p2a: Gengar|Sludge Wave|p1a: Hoopa
|-damage|p1a: Hoopa|23/100
|move|p1a: Hoopa|Psychic Noise|p2a: Gengar
|-supereffective|p2a: Gengar
|-damage|p2a: Gengar|0 fnt
|faint|p2a: Gengar
|
|-weather|RainDance|[upkeep]
|upkeep
|
|t:|1779563447
|switch|p2a: Greninja|Greninja, M|100/100
|-damage|p2a: Greninja|88/100|[from] Stealth Rock
|turn|8
|
|t:|1779563463
|switch|p1a: Alomomola|Alomomola, F|100/100 par
|-damage|p1a: Alomomola|84/100 par|[from] Spikes
|move|p2a: Greninja|Dark Pulse|p1a: Alomomola
|-damage|p1a: Alomomola|50/100 par
|
|-weather|RainDance|[upkeep]
|upkeep
|turn|9
|
|t:|1779563468
|move|p2a: Greninja|Dark Pulse|p1a: Alomomola
|-damage|p1a: Alomomola|18/100 par
|cant|p1a: Alomomola|par
|
|-weather|RainDance|[upkeep]
|upkeep
|turn|10
|
|t:|1779563498
|switch|p1a: Hoopa|Hoopa-Unbound|23/100
|-damage|p1a: Hoopa|6/100|[from] Spikes
|move|p2a: Greninja|Water Shuriken|p1a: Hoopa
|-crit|p1a: Hoopa
|-damage|p1a: Hoopa|0 fnt
|faint|p1a: Hoopa
|-ability|p2a: Greninja|Battle Bond|boost
|-boost|p2a: Greninja|atk|1
|-boost|p2a: Greninja|spa|1
|-boost|p2a: Greninja|spe|1
|-activate|p2a: Greninja|ability: Battle Bond
|-hitcount|p1: Hoopa|1
|
|-weather|RainDance|[upkeep]
|upkeep
|
|t:|1779563503
|switch|p1a: Dragonite|Dragonite, M|100/100
|turn|11
|
|t:|1779563508
|-terastallize|p1a: Dragonite|Normal
|move|p1a: Dragonite|Extreme Speed|p2a: Greninja
|-damage|p2a: Greninja|5/100
|move|p2a: Greninja|Ice Beam|p1a: Dragonite
|-crit|p1a: Dragonite
|-damage|p1a: Dragonite|70/100
|
|-weather|RainDance|[upkeep]
|upkeep
|turn|12
|
|t:|1779563514
|move|p1a: Dragonite|Extreme Speed|p2a: Greninja
|-damage|p2a: Greninja|0 fnt
|faint|p2a: Greninja
|
|-weather|none
|upkeep
|
|t:|1779563515
|switch|p2a: Cloyster|Cloyster, M|100/100
|-damage|p2a: Cloyster|76/100|[from] Stealth Rock
|turn|13
|
|t:|1779563525
|move|p2a: Cloyster|Icicle Spear|p1a: Dragonite
|-crit|p1a: Dragonite
|-damage|p1a: Dragonite|53/100
|-damage|p1a: Dragonite|41/100
|-damage|p1a: Dragonite|30/100
|-damage|p1a: Dragonite|20/100
|-damage|p1a: Dragonite|9/100
|-hitcount|p1a: Dragonite|5
|move|p1a: Dragonite|Dragon Tail|p2a: Cloyster
|-damage|p2a: Cloyster|48/100
|drag|p2a: Lucario|Lucario, F|100/100
|-damage|p2a: Lucario|98/100|[from] Stealth Rock
|
|upkeep
|turn|14
|
|t:|1779563541
|switch|p1a: Alomomola|Alomomola, F|51/100 par
|-damage|p1a: Alomomola|35/100 par|[from] Spikes
|move|p2a: Lucario|Swords Dance|p2a: Lucario
|-boost|p2a: Lucario|atk|2
|
|upkeep
|turn|15
|
|t:|1779563543
|move|p2a: Lucario|Extreme Speed|p1a: Alomomola
|-damage|p1a: Alomomola|0 fnt
|-damage|p2a: Lucario|81/100|[from] item: Rocky Helmet|[of] p1a: Alomomola
|faint|p1a: Alomomola
|
|upkeep
|
|t:|1779563549
|switch|p1a: Pecharunt|Pecharunt|100/100
|turn|16
|inactive|SgtBrick14 has 120 seconds left.
|inactive|SgtBrick14 has 90 seconds left.
|inactive|SgtBrick14 has 60 seconds left.
|inactive|SgtBrick14 has 30 seconds left.
|inactive|SgtBrick14 has 20 seconds left.
|inactive|SgtBrick14 has 15 seconds left.
|inactive|SgtBrick14 has 10 seconds left.
|inactive|SgtBrick14 has 5 seconds left.
|-message|SgtBrick14 lost due to inactivity.
|
|win|Bonsoir201
|raw|Bonsoir201's rating: 1482 &rarr; <strong>1502</strong><br />(+20 for winning)
|raw|SgtBrick14's rating: 1485 &rarr; <strong>1465</strong><br />(-20 for losing)
