|j|☆YB4260
|j|☆partypluto
|t:|1779686561
|gametype|singles
|player|p1|YB4260|hilbert|1084
|player|p2|partypluto|265|1113
|gen|9
|tier|[Gen 9] OU
|rated|
|rule|HP Percentage Mod: HP is shown in percentages
|rule|Endless Battle Clause: Forcing endless battles is banned
|rule|Species Clause: Limit one of each Pokémon
|rule|OHKO Clause: OHKO moves are banned
|rule|Evasion Items Clause: Evasion items are banned
|rule|Evasion Moves Clause: Evasion moves are banned
|rule|Evasion Abilities Clause: Evasion abilities are banned
|rule|Sleep Moves Clause: Sleep-inducing moves are banned
|clearpoke
|poke|p1|Thundurus, M|
|poke|p1|Grimmsnarl, M|
|poke|p1|Whimsicott, F|
|poke|p1|Tornadus, M|
|poke|p1|Weezing-Galar, M|
|poke|p1|Iron Treads|
|poke|p2|Clefable, F|
|poke|p2|Cloyster, F|
|poke|p2|Dragonite, F|
|poke|p2|Gengar, M|
|poke|p2|Donphan, M|
|poke|p2|Zapdos|
|teampreview
|
|t:|1779686576
|teamsize|p1|6
|teamsize|p2|6
|start
|switch|p1a: Spin them wheels.|Iron Treads|100/100
|switch|p2a: Clefable|Clefable, F|100/100
|turn|1
|
|t:|1779686582
|move|p1a: Spin them wheels.|Knock Off|p2a: Clefable
|-resisted|p2a: Clefable
|-damage|p2a: Clefable|82/100
|-enditem|p2a: Clefable|Light Clay|[from] move: Knock Off|[of] p1a: Spin them wheels.
|move|p2a: Clefable|Reflect|p2a: Clefable
|-sidestart|p2: partypluto|Reflect
|
|upkeep
|turn|2
|
|t:|1779686598
|move|p1a: Spin them wheels.|Stealth Rock|p2a: Clefable
|-sidestart|p2: partypluto|move: Stealth Rock
|move|p2a: Clefable|Stealth Rock|p1a: Spin them wheels.
|-sidestart|p1: YB4260|move: Stealth Rock
|
|upkeep
|turn|3
|
|t:|1779686602
|move|p1a: Spin them wheels.|Rapid Spin|p2a: Clefable
|-damage|p2a: Clefable|74/100
|-boost|p1a: Spin them wheels.|spe|1
|-sideend|p1: YB4260|Stealth Rock|[from] move: Rapid Spin|[of] p1a: Spin them wheels.
|move|p2a: Clefable|Light Screen|p2a: Clefable
|-sidestart|p2: partypluto|move: Light Screen
|
|upkeep
|turn|4
|
|t:|1779686608
|-end|p1a: Spin them wheels.|Quark Drive|[silent]
|switch|p1a: What is Fancy?|Weezing-Galar, M|100/100
|-fieldstart|move: Misty Terrain|[from] ability: Misty Surge|[of] p1a: What is Fancy?
|move|p2a: Clefable|Drain Punch|p1a: What is Fancy?
|-resisted|p1a: What is Fancy?
|-damage|p1a: What is Fancy?|97/100
|-heal|p2a: Clefable|76/100|[from] drain|[of] p1a: What is Fancy?
|
|upkeep
|turn|5
|
|t:|1779686613
|switch|p2a: Cloyster|Cloyster, F, shiny|100/100
|-damage|p2a: Cloyster|76/100|[from] Stealth Rock
|switch|p1a: Pisses lando off|Tornadus, M, shiny|100/100
|-enditem|p1a: Pisses lando off|Misty Seed
|-boost|p1a: Pisses lando off|spd|1|[from] item: Misty Seed
|
|-sideend|p2: partypluto|Reflect
|upkeep
|turn|6
|
|t:|1779686620
|move|p1a: Pisses lando off|Knock Off|p2a: Cloyster
|-damage|p2a: Cloyster|52/100
|-enditem|p2a: Cloyster|White Herb|[from] move: Knock Off|[of] p1a: Pisses lando off
|move|p2a: Cloyster|Icicle Spear|p1a: Pisses lando off
|-supereffective|p1a: Pisses lando off
|-damage|p1a: Pisses lando off|75/100
|-supereffective|p1a: Pisses lando off
|-damage|p1a: Pisses lando off|45/100
|-supereffective|p1a: Pisses lando off
|-damage|p1a: Pisses lando off|18/100
|-supereffective|p1a: Pisses lando off
|-damage|p1a: Pisses lando off|0 fnt
|faint|p1a: Pisses lando off
|-hitcount|p1: Pisses lando off|4
|
|upkeep
|
|t:|1779686628
|switch|p1a: Flinch/Para Pls|Thundurus, M|100/100
|turn|7
|
|t:|1779686635
|-terastallize|p1a: Flinch/Para Pls|Dark
|-terastallize|p2a: Cloyster|Rock
|move|p1a: Flinch/Para Pls|Nasty Plot|p1a: Flinch/Para Pls
|-boost|p1a: Flinch/Para Pls|spa|2
|move|p2a: Cloyster|Shell Smash|p2a: Cloyster
|-unboost|p2a: Cloyster|def|1
|-unboost|p2a: Cloyster|spd|1
|-boost|p2a: Cloyster|atk|2
|-boost|p2a: Cloyster|spa|2
|-boost|p2a: Cloyster|spe|2
|
|-sideend|p2: partypluto|move: Light Screen
|upkeep
|turn|8
|
|t:|1779686643
|move|p2a: Cloyster|Rock Blast|p1a: Flinch/Para Pls
|-damage|p1a: Flinch/Para Pls|70/100
|-damage|p1a: Flinch/Para Pls|35/100
|-damage|p1a: Flinch/Para Pls|2/100
|-damage|p1a: Flinch/Para Pls|0 fnt
|faint|p1a: Flinch/Para Pls
|-hitcount|p1: Flinch/Para Pls|4
|
|upkeep
|
|t:|1779686647
|switch|p1a: Start Running!!!|Whimsicott, F, shiny|100/100
|turn|9
|
|t:|1779686659
|move|p1a: Start Running!!!|Switcheroo|p2a: Cloyster
|-activate|p1a: Start Running!!!|move: Trick|[of] p2a: Cloyster
|-item|p2a: Cloyster|Choice Specs|[from] move: Switcheroo
|-enditem|p1a: Start Running!!!|Choice Specs|[silent]|[from] move: Switcheroo
|move|p2a: Cloyster|Icicle Spear|p1a: Start Running!!!
|-supereffective|p1a: Start Running!!!
|-damage|p1a: Start Running!!!|39/100
|-supereffective|p1a: Start Running!!!
|-damage|p1a: Start Running!!!|0 fnt
|faint|p1a: Start Running!!!
|-hitcount|p1: Start Running!!!|2
|
|upkeep
|
|t:|1779686664
|switch|p1a: Spin them wheels.|Iron Treads|100/100
|turn|10
|
|t:|1779686672
|move|p2a: Cloyster|Icicle Spear|p1a: Spin them wheels.
|-damage|p1a: Spin them wheels.|81/100
|-damage|p1a: Spin them wheels.|62/100
|-damage|p1a: Spin them wheels.|43/100
|-damage|p1a: Spin them wheels.|24/100
|-damage|p1a: Spin them wheels.|4/100
|-hitcount|p1a: Spin them wheels.|5
|move|p1a: Spin them wheels.|Ice Spinner|p2a: Cloyster
|-damage|p2a: Cloyster|22/100
|-fieldend|Misty Terrain
|
|upkeep
|turn|11
|
|t:|1779686677
|move|p2a: Cloyster|Icicle Spear|p1a: Spin them wheels.
|-damage|p1a: Spin them wheels.|0 fnt
|faint|p1a: Spin them wheels.
|-end|p1a: Spin them wheels.|Quark Drive|[silent]
|-hitcount|p1: Spin them wheels.|1
|
|upkeep
|
|t:|1779686679
|switch|p1a: FAH|Grimmsnarl, M, shiny|100/100
|turn|12
|
|t:|1779686681
|move|p1a: FAH|Parting Shot|p2a: Cloyster
|-unboost|p2a: Cloyster|atk|1
|-unboost|p2a: Cloyster|spa|1
|
|t:|1779686682
|switch|p1a: What is Fancy?|Weezing-Galar, M|97/100|[from] Parting Shot
|-fieldstart|move: Misty Terrain|[from] ability: Misty Surge|[of] p1a: What is Fancy?
|move|p2a: Cloyster|Icicle Spear|p1a: What is Fancy?
|-damage|p1a: What is Fancy?|81/100
|-damage|p1a: What is Fancy?|68/100
|-damage|p1a: What is Fancy?|54/100
|-damage|p1a: What is Fancy?|41/100
|-damage|p1a: What is Fancy?|26/100
|-hitcount|p1a: What is Fancy?|5
|
|upkeep
|turn|13
|-message|YB4260 forfeited.
|
|win|partypluto
|raw|YB4260's rating: 1084 &rarr; <strong>1063</strong><br />(-21 for losing)
|raw|partypluto's rating: 1113 &rarr; <strong>1136</strong><br />(+23 for winning)
|l|☆YB4260
|player|p1|
|l|☆partypluto
|player|p2|
