|j|☆yeeterdieabeater
|j|☆QXQXQQX
|t:|1779605949
|gametype|singles
|player|p1|yeeterdieabeater|harlequin|1227
|player|p2|QXQXQQX|byron|1253
|gen|9
|tier|[Gen 9] OU
|rated|
|rule|HP Percentage Mod: HP is shown in percentages
|rule|Endless Battle Clause: Forcing endless battles is banned
|rule|Species Clause: Limit one of each Pokémon
|rule|OHKO Clause: OHKO moves are banned
|rule|Evasion Items Clause: Evasion items are banned
|rule|Evasion Moves Clause: Evasion moves are banned
|rule|Evasion Abilities Clause: Evasion abilities are banned
|rule|Sleep Moves Clause: Sleep-inducing moves are banned
|clearpoke
|poke|p1|Regieleki|
|poke|p1|Barraskewda, M|
|poke|p1|Rillaboom, M|
|poke|p1|Kyurem|
|poke|p1|Kleavor, M|
|poke|p1|Iron Treads|
|poke|p2|Pelipper, M|
|poke|p2|Basculegion, M|
|poke|p2|Zapdos|
|poke|p2|Raging Bolt|
|poke|p2|Corviknight, M|
|poke|p2|Politoed, F|
|teampreview
|inactive|Battle timer is ON: inactive players will automatically lose when time's up. (requested by yeeterdieabeater)
|inactive|QXQXQQX also wants the timer to be on.
|c|☆yeeterdieabeater|oh no
|c|☆yeeterdieabeater|rain
|
|t:|1779605967
|teamsize|p1|6
|teamsize|p2|6
|start
|switch|p1a: Kleavor|Kleavor, M, shiny|100/100
|switch|p2a: 雨一直下2|Politoed, F|100/100
|-weather|RainDance|[from] ability: Drizzle|[of] p2a: 雨一直下2
|turn|1
|
|t:|1779605972
|move|p1a: Kleavor|Stone Axe|p2a: 雨一直下2
|-damage|p2a: 雨一直下2|57/100
|-sidestart|p2: QXQXQQX|move: Stealth Rock
|move|p2a: 雨一直下2|Weather Ball|p1a: Kleavor
|-supereffective|p1a: Kleavor
|-enditem|p1a: Kleavor|Focus Sash
|-damage|p1a: Kleavor|1/100
|
|-weather|RainDance|[upkeep]
|upkeep
|turn|2
|c|☆yeeterdieabeater|CHINESE RAIN???
|
|t:|1779605980
|move|p1a: Kleavor|X-Scissor|p2a: 雨一直下2
|-damage|p2a: 雨一直下2|0 fnt
|faint|p2a: 雨一直下2
|
|-weather|RainDance|[upkeep]
|upkeep
|
|t:|1779605985
|switch|p2a: 雨天大运|Basculegion, M|100/100
|-damage|p2a: 雨天大运|88/100|[from] Stealth Rock
|turn|3
|
|t:|1779605988
|move|p2a: 雨天大运|Flip Turn|p1a: Kleavor
|-supereffective|p1a: Kleavor
|-damage|p1a: Kleavor|0 fnt
|faint|p1a: Kleavor
|
|t:|1779605991
|switch|p2a: 天空之盾|Corviknight, M|100/100|[from] Flip Turn
|-damage|p2a: 天空之盾|88/100|[from] Stealth Rock
|
|-weather|RainDance|[upkeep]
|-heal|p2a: 天空之盾|94/100|[from] item: Leftovers
|upkeep
|
|t:|1779606007
|switch|p1a: Regieleki|Regieleki, shiny|100/100
|turn|4
|
|t:|1779606013
|switch|p2a: 长颈雷公|Raging Bolt|100/100
|-damage|p2a: 长颈雷公|88/100|[from] Stealth Rock
|-terastallize|p1a: Regieleki|Electric
|move|p1a: Regieleki|Volt Switch|p2a: 长颈雷公
|-resisted|p2a: 长颈雷公
|-damage|p2a: 长颈雷公|76/100
|
|t:|1779606038
|switch|p1a: Kyurem|Kyurem, shiny|100/100|[from] Volt Switch
|-ability|p1a: Kyurem|Pressure
|
|-weather|RainDance|[upkeep]
|upkeep
|turn|5
|
|t:|1779606041
|move|p1a: Kyurem|Freeze-Dry|p2a: 长颈雷公
|-supereffective|p2a: 长颈雷公
|-damage|p2a: 长颈雷公|14/100
|move|p2a: 长颈雷公|Draco Meteor|p1a: Kyurem|[miss]
|-miss|p2a: 长颈雷公|p1a: Kyurem
|
|-weather|RainDance|[upkeep]
|upkeep
|turn|6
|c|☆QXQXQQX|哈？
|c|☆QXQXQQX|？
|
|t:|1779606066
|move|p2a: 长颈雷公|Thunderclap|p1a: Kyurem
|-resisted|p1a: Kyurem
|-crit|p1a: Kyurem
|-damage|p1a: Kyurem|72/100
|move|p1a: Kyurem|Freeze-Dry|p2a: 长颈雷公
|-supereffective|p2a: 长颈雷公
|-damage|p2a: 长颈雷公|0 fnt
|faint|p2a: 长颈雷公
|-end|p2a: 长颈雷公|Protosynthesis|[silent]
|
|-weather|RainDance|[upkeep]
|upkeep
|inactive|QXQXQQX has 120 seconds left.
|
|t:|1779606082
|switch|p2a: 雨天大运|Basculegion, M|88/100
|-damage|p2a: 雨天大运|76/100|[from] Stealth Rock
|turn|7
|
|t:|1779606100
|move|p2a: 雨天大运|Outrage|p1a: Kyurem
|-supereffective|p1a: Kyurem
|-crit|p1a: Kyurem
|-damage|p1a: Kyurem|0 fnt
|faint|p1a: Kyurem
|
|-weather|RainDance|[upkeep]
|upkeep
|inactive|yeeterdieabeater has 120 seconds left.
|c|☆yeeterdieabeater|宝可梦在中国被禁了吗？
|c|☆yeeterdieabeater|另外，我不懂中文。
|c|☆QXQXQQX|并没有禁止
|inactive|yeeterdieabeater has 90 seconds left.
|
|t:|1779606153
|switch|p1a: Iron Treads|Iron Treads, shiny|100/100
|turn|8
|c|☆QXQXQQX|你肯定在使用谷歌之类的翻译软件，对吧？
|inactive|yeeterdieabeater has 90 seconds left.
|c|☆yeeterdieabeater|是的
|
|t:|1779606183
|move|p2a: 雨天大运|Outrage|p1a: Iron Treads|[from] lockedmove
|-resisted|p1a: Iron Treads
|-damage|p1a: Iron Treads|72/100
|-start|p2a: 雨天大运|confusion|[fatigue]
|move|p1a: Iron Treads|Knock Off|p2a: 雨天大运
|-supereffective|p2a: 雨天大运
|-damage|p2a: 雨天大运|4/100
|-enditem|p2a: 雨天大运|Choice Band|[from] move: Knock Off|[of] p1a: Iron Treads
|
|-weather|none
|-heal|p1a: Iron Treads|78/100|[from] item: Leftovers
|upkeep
|turn|9
|c|☆QXQXQQX|我刚刚的运气很差啊
|
|t:|1779606209
|-end|p1a: Iron Treads|Quark Drive|[silent]
|switch|p1a: Rillaboom|Rillaboom, M, shiny|100/100
|-fieldstart|move: Grassy Terrain|[from] ability: Grassy Surge|[of] p1a: Rillaboom
|switch|p2a: 天空之盾|Corviknight, M|94/100
|-damage|p2a: 天空之盾|82/100|[from] Stealth Rock
|
|-heal|p2a: 天空之盾|88/100|[from] item: Leftovers
|upkeep
|turn|10
|inactive|yeeterdieabeater has 60 seconds left.
|c|☆yeeterdieabeater|我不喜欢使用会落空的招式。
|
|t:|1779606240
|move|p1a: Rillaboom|Knock Off|p2a: 天空之盾
|-damage|p2a: 天空之盾|62/100
|-enditem|p2a: 天空之盾|Leftovers|[from] move: Knock Off|[of] p1a: Rillaboom
|-damage|p1a: Rillaboom|91/100|[from] item: Life Orb
|move|p2a: 天空之盾|Defog|p1a: Rillaboom
|-unboost|p1a: Rillaboom|evasion|1
|-sideend|p2: QXQXQQX|Stealth Rock|[from] move: Defog|[of] p2a: 天空之盾
|-fieldend|move: Grassy Terrain
|
|upkeep
|turn|11
|inactive|yeeterdieabeater has 60 seconds left.
|
|t:|1779606256
|move|p1a: Rillaboom|Swords Dance|p1a: Rillaboom
|-boost|p1a: Rillaboom|atk|2
|move|p2a: 天空之盾|Iron Defense|p2a: 天空之盾
|-boost|p2a: 天空之盾|def|2
|
|upkeep
|turn|12
|c|☆QXQXQQX|所以就只能拼比运气了
|c|☆yeeterdieabeater|基本上
|inactive|yeeterdieabeater has 30 seconds left.
|
|t:|1779606287
|move|p1a: Rillaboom|Wood Hammer|p2a: 天空之盾
|-resisted|p2a: 天空之盾
|-damage|p2a: 天空之盾|50/100
|-damage|p1a: Rillaboom|86/100|[from] Recoil
|-damage|p1a: Rillaboom|76/100|[from] item: Life Orb
|move|p2a: 天空之盾|Iron Defense|p2a: 天空之盾
|-boost|p2a: 天空之盾|def|2
|
|upkeep
|turn|13
|
|t:|1779606296
|switch|p1a: Regieleki|Regieleki, shiny, tera:Electric|100/100
|move|p2a: 天空之盾|Roost|p2a: 天空之盾
|-heal|p2a: 天空之盾|99/100
|-singleturn|p2a: 天空之盾|move: Roost
|
|upkeep
|turn|14
|c|☆QXQXQQX|这可是我的天空之盾
|
|t:|1779606306
|-terastallize|p2a: 天空之盾|Fighting
|move|p1a: Regieleki|Thunderbolt|p2a: 天空之盾
|-damage|p2a: 天空之盾|0 fnt
|faint|p2a: 天空之盾
|
|upkeep
|c|☆QXQXQQX|Oh no
|c|☆QXQXQQX|看来还是太低估他的力度了
|inactive|QXQXQQX has 120 seconds left.
|
|t:|1779606333
|switch|p2a: 雨一直下1|Pelipper, M|100/100
|-weather|RainDance|[from] ability: Drizzle|[of] p2a: 雨一直下1
|turn|15
|c|☆yeeterdieabeater|我打破了你的护盾
|c|☆QXQXQQX|天空的物理盾牌。。。
|
|t:|1779606347
|move|p1a: Regieleki|Thunderbolt|p2a: 雨一直下1
|-supereffective|p2a: 雨一直下1
|-damage|p2a: 雨一直下1|0 fnt
|faint|p2a: 雨一直下1
|
|-weather|RainDance|[upkeep]
|upkeep
|
|t:|1779606351
|switch|p2a: 炸毛鸡|Zapdos|100/100
|turn|16
|c|☆yeeterdieabeater|哈哈
|
|t:|1779606364
|move|p1a: Regieleki|Thunderbolt|p2a: 炸毛鸡
|-damage|p2a: 炸毛鸡|0 fnt
|faint|p2a: 炸毛鸡
|
|-weather|RainDance|[upkeep]
|upkeep
|
|t:|1779606367
|switch|p2a: 雨天大运|Basculegion, M|4/100
|turn|17
|inactive|yeeterdieabeater has 60 seconds left.
|c|☆QXQXQQX|你很强，祝你好运
|c|☆yeeterdieabeater|好游戏
|
|t:|1779606387
|move|p1a: Regieleki|Thunderbolt|p2a: 雨天大运
|-supereffective|p2a: 雨天大运
|-damage|p2a: 雨天大运|0 fnt
|faint|p2a: 雨天大运
|
|win|yeeterdieabeater
|raw|yeeterdieabeater's rating: 1227 &rarr; <strong>1254</strong><br />(+27 for winning)
|raw|QXQXQQX's rating: 1253 &rarr; <strong>1226</strong><br />(-27 for losing)
|c|☆QXQXQQX|gg
|c|☆yeeterdieabeater|gg
|c|☆QXQXQQX|能和我聊聊天吗？
|c|☆yeeterdieabeater|当然
|c|☆QXQXQQX|谢谢你
|c|☆QXQXQQX|你是哪国人？
|c|☆yeeterdieabeater|你懂英语吗？
|c|☆QXQXQQX|抱歉老兄，我的英语成绩非常的差劲
|c|☆QXQXQQX|我只看得懂一点点
|c|☆yeeterdieabeater|我能听懂蹩脚的英语，没关系。
|c|☆QXQXQQX|但关键是蹩脚的英语我也不能熟练使用
|c|☆yeeterdieabeater|我来自墨西哥
|c|☆QXQXQQX|OK
|c|☆yeeterdieabeater|为什么你不能用英语？
|c|☆QXQXQQX|墨西哥经常说哪种语言？
|c|☆yeeterdieabeater|spanish
|c|☆yeeterdieabeater|espanol
|c|☆yeeterdieabeater|西班牙语
|c|☆QXQXQQX|这个我看得懂
|c|☆QXQXQQX|Spanish
|c|☆QXQXQQX|至于我的英语成绩差，是因为从小就学习的不好
|c|☆QXQXQQX|而且我对英语真的一点兴趣也没有
|c|☆yeeterdieabeater|你会说西班牙语吗？
|c|☆QXQXQQX|no
|c|☆yeeterdieabeater|OK
|c|☆QXQXQQX|在中国主流的外语学习还是英语
|c|☆QXQXQQX|再然后是日语和俄语
|c|☆QXQXQQX|学习西班牙语的中国人真的很少
|c|☆yeeterdieabeater|我懂了
|c|☆QXQXQQX|(｢･ω･)｢
|c|☆QXQXQQX|你们那的治安怎么样？
|c|☆yeeterdieabeater|😔
|c|☆QXQXQQX|oh
|c|☆QXQXQQX|I'm so sorry to hear that
|c|☆yeeterdieabeater|我的翻译器不好用，我觉得你想表达的可能是别的意思。
|c|☆QXQXQQX|哦，好吧，我听到你的消息感到很同情
|l|☆yeeterdieabeater
|player|p1|
|j|☆yeeterdieabeater
|player|p1|yeeterdieabeater|harlequin|
|c|☆yeeterdieabeater|没关系
|c|☆yeeterdieabeater|总之，我现在要去打更多比赛了，拜拜。
|l|☆yeeterdieabeater
|player|p1|
|j|☆yeeterdieabeater
|player|p1|yeeterdieabeater|harlequin|
