|j|☆KnightKnaveSpy
|j|☆jhfsjdhfksjdhf
|t:|1779572808
|gametype|singles
|player|p1|KnightKnaveSpy|266|1538
|player|p2|jhfsjdhfksjdhf|1|1556
|gen|9
|tier|[Gen 9] OU
|rated|
|rule|HP Percentage Mod: HP is shown in percentages
|rule|Endless Battle Clause: Forcing endless battles is banned
|rule|Species Clause: Limit one of each Pokémon
|rule|OHKO Clause: OHKO moves are banned
|rule|Evasion Items Clause: Evasion items are banned
|rule|Evasion Moves Clause: Evasion moves are banned
|rule|Evasion Abilities Clause: Evasion abilities are banned
|rule|Sleep Moves Clause: Sleep-inducing moves are banned
|clearpoke
|poke|p1|Samurott-Hisui, M|
|poke|p1|Blaziken, F|
|poke|p1|Kingambit, F|
|poke|p1|Raging Bolt|
|poke|p1|Ogerpon-Wellspring, F|
|poke|p1|Greninja-*, M|
|poke|p2|Ribombee, M|
|poke|p2|Gholdengo|
|poke|p2|Sinistcha|
|poke|p2|Mamoswine, F|
|poke|p2|Darkrai|
|poke|p2|Ceruledge, F|
|teampreview
|inactive|Battle timer is ON: inactive players will automatically lose when time's up. (requested by KnightKnaveSpy)
|inactive|jhfsjdhfksjdhf has 120 seconds left.
|inactive|jhfsjdhfksjdhf has 90 seconds left.
|c|☆KnightKnaveSpy|How do you type jhfs each time?
|inactive|jhfsjdhfksjdhf has 60 seconds left.
|inactive|jhfsjdhfksjdhf has 30 seconds left.
|inactive|jhfsjdhfksjdhf has 20 seconds left.
|inactive|jhfsjdhfksjdhf has 15 seconds left.
|inactive|jhfsjdhfksjdhf has 10 seconds left.
|
|t:|1779572954
|teamsize|p1|6
|teamsize|p2|6
|start
|switch|p1a: Samurott|Samurott-Hisui, M|100/100
|switch|p2a: Ribombee|Ribombee, M|100/100
|turn|1
|
|t:|1779572961
|move|p2a: Ribombee|Sticky Web|p1a: Samurott
|-sidestart|p1: KnightKnaveSpy|move: Sticky Web
|move|p1a: Samurott|Aqua Cutter|p2a: Ribombee
|-damage|p2a: Ribombee|18/100
|
|upkeep
|turn|2
|c|☆jhfsjdhfksjdhf|haha
|c|☆jhfsjdhfksjdhf|sorry
|c|☆jhfsjdhfksjdhf|you just hit random keys on the keyboard really
|c|☆jhfsjdhfksjdhf|also it is a autologing
|
|t:|1779572981
|move|p1a: Samurott|Aqua Jet|p2a: Ribombee
|-damage|p2a: Ribombee|0 fnt
|faint|p2a: Ribombee
|
|upkeep
|c|☆KnightKnaveSpy|Ah
|
|t:|1779572990
|switch|p2a: Sinistcha|Sinistcha|100/100
|turn|3
|c|☆jhfsjdhfksjdhf|i am just bad with names
|c|☆KnightKnaveSpy|i was thinking you saved it and copy paste from somewhere
|c|☆KnightKnaveSpy|otherwise that’s some dedication
|
|t:|1779573012
|switch|p2a: Darkrai|Darkrai|100/100
|move|p1a: Samurott|Ceaseless Edge|p2a: Darkrai
|-resisted|p2a: Darkrai
|-damage|p2a: Darkrai|69/100
|-sidestart|p2: jhfsjdhfksjdhf|Spikes
|
|upkeep
|turn|4
|c|☆jhfsjdhfksjdhf|no basically the login is just saved with your cookies
|
|t:|1779573026
|move|p2a: Darkrai|Will-O-Wisp|p1a: Samurott
|-status|p1a: Samurott|brn
|move|p1a: Samurott|Aqua Cutter|p2a: Darkrai
|-damage|p2a: Darkrai|35/100
|
|-damage|p1a: Samurott|94/100 brn|[from] brn
|upkeep
|turn|5
|c|☆KnightKnaveSpy|True
|inactive|KnightKnaveSpy has 120 seconds left.
|c|☆jhfsjdhfksjdhf|sorry for letting you wait so long brother
|c|☆KnightKnaveSpy|sometimes it clears for me or it goes when I clear my history
|c|☆KnightKnaveSpy|all good
|
|t:|1779573069
|move|p2a: Darkrai|Sludge Bomb|p1a: Samurott
|-damage|p1a: Samurott|27/100 brn
|-damage|p2a: Darkrai|25/100|[from] item: Life Orb
|move|p1a: Samurott|Ceaseless Edge|p2a: Darkrai
|-resisted|p2a: Darkrai
|-damage|p2a: Darkrai|9/100
|-sidestart|p2: jhfsjdhfksjdhf|Spikes
|
|-damage|p1a: Samurott|20/100 brn|[from] brn
|upkeep
|turn|6
|c|☆jhfsjdhfksjdhf|haha thank you
|c|☆jhfsjdhfksjdhf|ye mine kinda clears as well sometimes
|
|t:|1779573085
|move|p1a: Samurott|Aqua Jet|p2a: Darkrai
|-damage|p2a: Darkrai|0 fnt
|faint|p2a: Darkrai
|
|-damage|p1a: Samurott|14/100 brn|[from] brn
|upkeep
|inactive|jhfsjdhfksjdhf has 60 seconds left.
|
|t:|1779573103
|switch|p2a: Ceruledge|Ceruledge, F|100/100
|turn|7
|
|t:|1779573110
|move|p2a: Ceruledge|Shadow Sneak|p1a: Samurott
|-resisted|p1a: Samurott
|-damage|p1a: Samurott|2/100 brn
|move|p1a: Samurott|Ceaseless Edge|p2a: Ceruledge
|-supereffective|p2a: Ceruledge
|-damage|p2a: Ceruledge|35/100
|-ability|p2a: Ceruledge|Weak Armor|boost
|-unboost|p2a: Ceruledge|def|1
|-boost|p2a: Ceruledge|spe|2
|-sidestart|p2: jhfsjdhfksjdhf|Spikes
|
|-damage|p1a: Samurott|0 fnt|[from] brn
|faint|p1a: Samurott
|upkeep
|
|t:|1779573119
|switch|p1a: Raging Bolt|Raging Bolt|100/100
|-item|p1a: Raging Bolt|Air Balloon
|turn|8
|inactive|KnightKnaveSpy has 120 seconds left.
|
|t:|1779573129
|move|p2a: Ceruledge|Shadow Sneak|p1a: Raging Bolt
|-damage|p1a: Raging Bolt|85/100
|-enditem|p1a: Raging Bolt|Air Balloon
|move|p1a: Raging Bolt|Thunderbolt|p2a: Ceruledge
|-damage|p2a: Ceruledge|0 fnt
|faint|p2a: Ceruledge
|
|upkeep
|
|t:|1779573134
|switch|p2a: Mamoswine|Mamoswine, F|100/100
|-damage|p2a: Mamoswine|76/100|[from] Spikes
|turn|9
|inactive|KnightKnaveSpy has 120 seconds left.
|
|t:|1779573149
|-end|p1a: Raging Bolt|Protosynthesis|[silent]
|switch|p1a: Greninja|Greninja, M|100/100
|move|p2a: Mamoswine|Earthquake|p1a: Greninja
|-damage|p1a: Greninja|20/100
|
|upkeep
|turn|10
|c|☆jhfsjdhfksjdhf|uff
|
|t:|1779573169
|-terastallize|p2a: Mamoswine|Ice
|move|p2a: Mamoswine|Ice Shard|p1a: Greninja
|-resisted|p1a: Greninja
|-damage|p1a: Greninja|0 fnt
|faint|p1a: Greninja
|
|upkeep
|
|t:|1779573181
|switch|p1a: Blaziken|Blaziken, F|100/100
|-activate|p1a: Blaziken|move: Sticky Web
|-unboost|p1a: Blaziken|spe|1
|turn|11
|inactive|KnightKnaveSpy has 120 seconds left.
|
|t:|1779573206
|move|p1a: Blaziken|Detect|p1a: Blaziken
|-singleturn|p1a: Blaziken|Protect
|move|p2a: Mamoswine|Earthquake|p1a: Blaziken
|-activate|p1a: Blaziken|move: Protect
|
|-ability|p1a: Blaziken|Speed Boost|boost
|-boost|p1a: Blaziken|spe|1
|upkeep
|turn|12
|
|t:|1779573211
|-terastallize|p1a: Blaziken|Grass
|move|p2a: Mamoswine|Earthquake|p1a: Blaziken
|-resisted|p1a: Blaziken
|-damage|p1a: Blaziken|59/100
|move|p1a: Blaziken|Swords Dance|p1a: Blaziken
|-boost|p1a: Blaziken|atk|2
|
|-heal|p1a: Blaziken|65/100|[from] item: Leftovers
|-ability|p1a: Blaziken|Speed Boost|boost
|-boost|p1a: Blaziken|spe|1
|upkeep
|turn|13
|
|t:|1779573224
|move|p1a: Blaziken|Detect|p1a: Blaziken
|-singleturn|p1a: Blaziken|Protect
|move|p2a: Mamoswine|Stealth Rock|p1a: Blaziken
|-sidestart|p1: KnightKnaveSpy|move: Stealth Rock
|
|-heal|p1a: Blaziken|71/100|[from] item: Leftovers
|-ability|p1a: Blaziken|Speed Boost|boost
|-boost|p1a: Blaziken|spe|1
|upkeep
|turn|14
|
|t:|1779573230
|move|p2a: Mamoswine|Ice Shard|p1a: Blaziken
|-supereffective|p1a: Blaziken
|-damage|p1a: Blaziken|0 fnt
|faint|p1a: Blaziken
|
|upkeep
|c|☆KnightKnaveSpy|I think I just blundered lol
|c|☆KnightKnaveSpy|gg
|c|☆jhfsjdhfksjdhf|nah
|c|☆jhfsjdhfksjdhf|you win
|inactive|KnightKnaveSpy has 120 seconds left.
|c|☆jhfsjdhfksjdhf|i think
|
|t:|1779573261
|switch|p1a: Ogerpon|Ogerpon-Wellspring, F|100/100
|-activate|p1a: Ogerpon|move: Sticky Web
|-unboost|p1a: Ogerpon|spe|1
|-damage|p1a: Ogerpon|88/100|[from] Stealth Rock
|turn|15
|c|☆jhfsjdhfksjdhf|if you want to i can resign
|inactive|jhfsjdhfksjdhf has 120 seconds left.
|c|☆KnightKnaveSpy|Nah
|c|☆jhfsjdhfksjdhf|i am just gratefull we had such a nice game
|c|☆KnightKnaveSpy|We can see it through
|
|t:|1779573290
|switch|p2a: Gholdengo|Gholdengo|100/100
|-damage|p2a: Gholdengo|76/100|[from] Spikes
|move|p1a: Ogerpon|Ivy Cudgel|p2a: Gholdengo|[anim] Ivy Cudgel Water
|-damage|p2a: Gholdengo|5/100
|
|upkeep
|turn|16
|c|☆KnightKnaveSpy|i think you win tho np
|
|t:|1779573299
|move|p2a: Gholdengo|Shadow Ball|p1a: Ogerpon
|-damage|p1a: Ogerpon|36/100
|move|p1a: Ogerpon|Ivy Cudgel|p2a: Gholdengo|[anim] Ivy Cudgel Water
|-damage|p2a: Gholdengo|0 fnt
|faint|p2a: Gholdengo
|
|upkeep
|c|☆jhfsjdhfksjdhf|i think kingambit sweep
|c|☆jhfsjdhfksjdhf|s
|c|☆jhfsjdhfksjdhf|or at least i need a lot of luck
|
|t:|1779573322
|switch|p2a: Sinistcha|Sinistcha|100/100
|-damage|p2a: Sinistcha|76/100|[from] Spikes
|turn|17
|
|t:|1779573328
|move|p2a: Sinistcha|Giga Drain|p1a: Ogerpon
|-damage|p1a: Ogerpon|0 fnt
|-heal|p2a: Sinistcha|95/100|[from] drain|[of] p1a: Ogerpon
|faint|p1a: Ogerpon
|-damage|p2a: Sinistcha|85/100|[from] item: Life Orb
|
|upkeep
|
|t:|1779573330
|switch|p1a: Raging Bolt|Raging Bolt|85/100
|-activate|p1a: Raging Bolt|move: Sticky Web
|-unboost|p1a: Raging Bolt|spe|1
|-damage|p1a: Raging Bolt|72/100|[from] Stealth Rock
|turn|18
|inactive|jhfsjdhfksjdhf has 120 seconds left.
|
|t:|1779573342
|move|p2a: Sinistcha|Shadow Ball|p1a: Raging Bolt
|-damage|p1a: Raging Bolt|26/100
|-damage|p2a: Sinistcha|75/100|[from] item: Life Orb
|move|p1a: Raging Bolt|Draco Meteor|p2a: Sinistcha
|-damage|p2a: Sinistcha|0 fnt
|-unboost|p1a: Raging Bolt|spa|2
|faint|p2a: Sinistcha
|
|upkeep
|
|t:|1779573349
|switch|p2a: Mamoswine|Mamoswine, F, tera:Ice|76/100
|-damage|p2a: Mamoswine|51/100|[from] Spikes
|turn|19
|
|t:|1779573354
|move|p2a: Mamoswine|Ice Shard|p1a: Raging Bolt
|-supereffective|p1a: Raging Bolt
|-damage|p1a: Raging Bolt|0 fnt
|faint|p1a: Raging Bolt
|-end|p1a: Raging Bolt|Protosynthesis|[silent]
|
|upkeep
|
|t:|1779573356
|switch|p1a: Kingambit|Kingambit, F|100/100
|-activate|p1a: Kingambit|move: Sticky Web
|-unboost|p1a: Kingambit|spe|1
|-damage|p1a: Kingambit|94/100|[from] Stealth Rock
|-activate|p1a: Kingambit|ability: Supreme Overlord
|-start|p1a: Kingambit|fallen5|[silent]
|turn|20
|c|☆jhfsjdhfksjdhf|see
|inactive|jhfsjdhfksjdhf has 120 seconds left.
|c|☆jhfsjdhfksjdhf|i would need to predict all of the sucker punches correct
|c|☆jhfsjdhfksjdhf|in order to win
|
|t:|1779573392
|move|p1a: Kingambit|Sucker Punch||[still]
|-fail|p1a: Kingambit
|move|p2a: Mamoswine|Stealth Rock||[still]
|-fail|p2a: Mamoswine
|
|upkeep
|turn|21
|
|t:|1779573400
|move|p2a: Mamoswine|Ice Shard|p1a: Kingambit
|-resisted|p1a: Kingambit
|-damage|p1a: Kingambit|83/100
|move|p1a: Kingambit|Sucker Punch||[still]
|-fail|p1a: Kingambit
|
|upkeep
|turn|22
|c|☆KnightKnaveSpy|Hmm I guess
|c|☆jhfsjdhfksjdhf|feel the pressure ? :D
|
|t:|1779573416
|move|p2a: Mamoswine|Ice Shard|p1a: Kingambit
|-resisted|p1a: Kingambit
|-damage|p1a: Kingambit|73/100
|move|p1a: Kingambit|Sucker Punch||[still]
|-fail|p1a: Kingambit
|
|upkeep
|turn|23
|c|☆KnightKnaveSpy|You can still win tbh
|c|☆jhfsjdhfksjdhf|ye but it is more likely you win
|
|t:|1779573438
|move|p2a: Mamoswine|Ice Shard|p1a: Kingambit
|-resisted|p1a: Kingambit
|-damage|p1a: Kingambit|63/100
|move|p1a: Kingambit|Sucker Punch||[still]
|-fail|p1a: Kingambit
|
|upkeep
|turn|24
|c|☆KnightKnaveSpy|Ok
|c|☆jhfsjdhfksjdhf|also i want to let you win :D
|inactive|jhfsjdhfksjdhf has 90 seconds left.
|
|t:|1779573457
|move|p2a: Mamoswine|Ice Shard|p1a: Kingambit
|-resisted|p1a: Kingambit
|-damage|p1a: Kingambit|53/100
|move|p1a: Kingambit|Sucker Punch||[still]
|-fail|p1a: Kingambit
|
|upkeep
|turn|25
|c|☆KnightKnaveSpy|Nah dude it’s ok
|c|☆KnightKnaveSpy|gg either way
|
|t:|1779573471
|move|p2a: Mamoswine|Ice Shard|p1a: Kingambit
|-resisted|p1a: Kingambit
|-damage|p1a: Kingambit|43/100
|move|p1a: Kingambit|Sucker Punch||[still]
|-fail|p1a: Kingambit
|
|upkeep
|turn|26
|
|t:|1779573479
|move|p1a: Kingambit|Sucker Punch|p2a: Mamoswine
|-damage|p2a: Mamoswine|0 fnt
|faint|p2a: Mamoswine
|
|win|KnightKnaveSpy
|raw|KnightKnaveSpy's rating: 1538 &rarr; <strong>1559</strong><br />(+21 for winning)
|raw|jhfsjdhfksjdhf's rating: 1556 &rarr; <strong>1535</strong><br />(-21 for losing)
|c|☆jhfsjdhfksjdhf|uff :D
|c|☆KnightKnaveSpy|Hey Ggs man
|c|☆jhfsjdhfksjdhf|ye haha
|c|☆jhfsjdhfksjdhf|good game
|c|☆KnightKnaveSpy|Till next time!
|l|☆KnightKnaveSpy
|player|p1|
|l|☆jhfsjdhfksjdhf
|player|p2|
