|j|☆75 raw men
|j|☆mansonabuluting
|t:|1779631726
|gametype|singles
|player|p1|75 raw men|101|1621
|player|p2|mansonabuluting|2|1664
|gen|9
|tier|[Gen 9] OU
|rated|
|rule|HP Percentage Mod: HP is shown in percentages
|rule|Endless Battle Clause: Forcing endless battles is banned
|rule|Species Clause: Limit one of each Pokémon
|rule|OHKO Clause: OHKO moves are banned
|rule|Evasion Items Clause: Evasion items are banned
|rule|Evasion Moves Clause: Evasion moves are banned
|rule|Evasion Abilities Clause: Evasion abilities are banned
|rule|Sleep Moves Clause: Sleep-inducing moves are banned
|clearpoke
|poke|p1|Ogerpon, F|
|poke|p1|Samurott-Hisui, F|
|poke|p1|Blissey, F|
|poke|p1|Gliscor, F|
|poke|p1|Skarmory, F|
|poke|p1|Pecharunt|
|poke|p2|Volcanion|
|poke|p2|Rillaboom, M|
|poke|p2|Hawlucha, F|
|poke|p2|Thundurus-Therian, M|
|poke|p2|Goodra-Hisui, M|
|poke|p2|Great Tusk|
|teampreview
|inactive|Battle timer is ON: inactive players will automatically lose when time's up. (requested by 75 raw men)
|
|t:|1779631735
|teamsize|p1|6
|teamsize|p2|6
|start
|switch|p1a: Gliscor|Gliscor, F|100/100
|switch|p2a: Rillaboom|Rillaboom, M|100/100
|-fieldstart|move: Grassy Terrain|[from] ability: Grassy Surge|[of] p2a: Rillaboom
|turn|1
|
|t:|1779631742
|move|p1a: Gliscor|Protect|p1a: Gliscor
|-singleturn|p1a: Gliscor|Protect
|move|p2a: Rillaboom|Wood Hammer|p1a: Gliscor
|-activate|p1a: Gliscor|move: Protect
|
|-status|p1a: Gliscor|tox|[from] item: Toxic Orb
|upkeep
|turn|2
|
|t:|1779631744
|switch|p1a: Skarmory|Skarmory, F|100/100
|switch|p2a: Volcanion|Volcanion|100/100
|
|upkeep
|turn|3
|
|t:|1779631752
|switch|p1a: Blissey|Blissey, F|100/100
|switch|p2a: Rillaboom|Rillaboom, M|100/100
|
|upkeep
|turn|4
|
|t:|1779631754
|switch|p1a: Skarmory|Skarmory, F|100/100
|move|p2a: Rillaboom|Knock Off|p1a: Skarmory
|-damage|p1a: Skarmory|68/100
|-enditem|p1a: Skarmory|Heavy-Duty Boots|[from] move: Knock Off|[of] p2a: Rillaboom
|
|upkeep
|turn|5
|
|t:|1779631760
|switch|p2a: Volcanion|Volcanion|100/100
|move|p1a: Skarmory|Stealth Rock|p2a: Volcanion
|-sidestart|p2: mansonabuluting|move: Stealth Rock
|
|-fieldend|move: Grassy Terrain
|upkeep
|turn|6
|
|t:|1779631764
|switch|p1a: Blissey|Blissey, F|100/100
|move|p2a: Volcanion|Steam Eruption|p1a: Blissey
|-damage|p1a: Blissey|72/100
|
|upkeep
|turn|7
|
|t:|1779631767
|move|p2a: Volcanion|Steam Eruption|p1a: Blissey|[miss]
|-miss|p2a: Volcanion|p1a: Blissey
|move|p1a: Blissey|Seismic Toss|p2a: Volcanion
|-damage|p2a: Volcanion|73/100
|
|upkeep
|turn|8
|
|t:|1779631770
|move|p2a: Volcanion|Steam Eruption|p1a: Blissey
|-damage|p1a: Blissey|45/100
|-status|p1a: Blissey|brn
|move|p1a: Blissey|Soft-Boiled|p1a: Blissey
|-heal|p1a: Blissey|95/100 brn
|
|-damage|p1a: Blissey|88/100 brn|[from] brn
|upkeep
|turn|9
|
|t:|1779631772
|switch|p2a: Great Tusk|Great Tusk|100/100
|-damage|p2a: Great Tusk|97/100|[from] Stealth Rock
|move|p1a: Blissey|Seismic Toss|p2a: Great Tusk
|-damage|p2a: Great Tusk|74/100
|-damage|p1a: Blissey|72/100 brn|[from] item: Rocky Helmet|[of] p2a: Great Tusk
|
|-damage|p1a: Blissey|66/100 brn|[from] brn
|upkeep
|turn|10
|
|t:|1779631779
|-curestatus|p1a: Blissey|brn|[from] ability: Natural Cure|[silent]
|switch|p1a: Pecharunt|Pecharunt|100/100
|move|p2a: Great Tusk|Headlong Rush|p1a: Pecharunt
|-supereffective|p1a: Pecharunt
|-damage|p1a: Pecharunt|53/100
|-unboost|p2a: Great Tusk|def|1
|-unboost|p2a: Great Tusk|spd|1
|
|upkeep
|turn|11
|
|t:|1779631782
|move|p1a: Pecharunt|Recover|p1a: Pecharunt
|-heal|p1a: Pecharunt|100/100
|move|p2a: Great Tusk|Stealth Rock|p1a: Pecharunt
|-sidestart|p1: 75 raw men|move: Stealth Rock
|
|upkeep
|turn|12
|
|t:|1779631788
|-end|p2a: Great Tusk|Protosynthesis|[silent]
|switch|p2a: Goodra|Goodra-Hisui, M|100/100
|-damage|p2a: Goodra|94/100|[from] Stealth Rock
|move|p1a: Pecharunt|Shadow Ball|p2a: Goodra
|-damage|p2a: Goodra|84/100
|
|upkeep
|turn|13
|
|t:|1779631791
|move|p1a: Pecharunt|Parting Shot|p2a: Goodra
|-unboost|p2a: Goodra|atk|1
|-unboost|p2a: Goodra|spa|1
|
|t:|1779631795
|switch|p1a: Samurott|Samurott-Hisui, F|100/100|[from] Parting Shot
|move|p2a: Goodra|Draco Meteor|p1a: Samurott
|-damage|p1a: Samurott|35/100
|-unboost|p2a: Goodra|spa|2
|
|upkeep
|turn|14
|
|t:|1779631799
|switch|p2a: Rillaboom|Rillaboom, M|100/100
|-damage|p2a: Rillaboom|88/100|[from] Stealth Rock
|-fieldstart|move: Grassy Terrain|[from] ability: Grassy Surge|[of] p2a: Rillaboom
|move|p1a: Samurott|Ceaseless Edge|p2a: Rillaboom
|-damage|p2a: Rillaboom|42/100
|-sidestart|p2: mansonabuluting|Spikes
|
|-heal|p1a: Samurott|41/100|[from] Grassy Terrain
|-heal|p2a: Rillaboom|49/100|[from] Grassy Terrain
|upkeep
|turn|15
|
|t:|1779631806
|move|p2a: Rillaboom|Grassy Glide|p1a: Samurott
|-supereffective|p1a: Samurott
|-damage|p1a: Samurott|0 fnt
|faint|p1a: Samurott
|
|-heal|p2a: Rillaboom|55/100|[from] Grassy Terrain
|upkeep
|
|t:|1779631810
|switch|p1a: Ogerpon|Ogerpon, F|100/100
|turn|16
|
|t:|1779631815
|move|p2a: Rillaboom|Grassy Glide|p1a: Ogerpon
|-resisted|p1a: Ogerpon
|-damage|p1a: Ogerpon|63/100
|move|p1a: Ogerpon|U-turn|p2a: Rillaboom
|-supereffective|p2a: Rillaboom
|-damage|p2a: Rillaboom|15/100
|
|t:|1779631819
|switch|p1a: Skarmory|Skarmory, F|68/100|[from] U-turn
|-damage|p1a: Skarmory|56/100|[from] Stealth Rock
|
|-heal|p2a: Rillaboom|21/100|[from] Grassy Terrain
|upkeep
|turn|17
|
|t:|1779631823
|switch|p2a: Great Tusk|Great Tusk|74/100
|-damage|p2a: Great Tusk|71/100|[from] Stealth Rock
|-damage|p2a: Great Tusk|59/100|[from] Spikes
|move|p1a: Skarmory|Roost|p1a: Skarmory
|-heal|p1a: Skarmory|100/100
|-singleturn|p1a: Skarmory|move: Roost
|
|-heal|p2a: Great Tusk|65/100|[from] Grassy Terrain
|upkeep
|turn|18
|
|t:|1779631826
|switch|p1a: Pecharunt|Pecharunt|100/100
|move|p2a: Great Tusk|Headlong Rush|p1a: Pecharunt
|-supereffective|p1a: Pecharunt
|-damage|p1a: Pecharunt|51/100
|-unboost|p2a: Great Tusk|def|1
|-unboost|p2a: Great Tusk|spd|1
|
|-heal|p1a: Pecharunt|57/100|[from] Grassy Terrain
|-heal|p2a: Great Tusk|71/100|[from] Grassy Terrain
|-fieldend|move: Grassy Terrain
|upkeep
|turn|19
|
|t:|1779631838
|-end|p2a: Great Tusk|Protosynthesis|[silent]
|switch|p2a: Thundurus|Thundurus-Therian, M|100/100
|-damage|p2a: Thundurus|76/100|[from] Stealth Rock
|move|p1a: Pecharunt|Recover|p1a: Pecharunt
|-heal|p1a: Pecharunt|100/100
|
|upkeep
|turn|20
|
|t:|1779631841
|switch|p1a: Gliscor|Gliscor, F|100/100 tox
|-damage|p1a: Gliscor|88/100 tox|[from] Stealth Rock
|-terastallize|p2a: Thundurus|Psychic
|move|p2a: Thundurus|Psychic|p1a: Gliscor
|-damage|p1a: Gliscor|41/100 tox
|
|-heal|p1a: Gliscor|53/100 tox|[from] ability: Poison Heal
|upkeep
|turn|21
|
|t:|1779631855
|switch|p2a: Goodra|Goodra-Hisui, M|84/100
|-damage|p2a: Goodra|78/100|[from] Stealth Rock
|-damage|p2a: Goodra|65/100|[from] Spikes
|move|p1a: Gliscor|Facade|p2a: Goodra
|-resisted|p2a: Goodra
|-damage|p2a: Goodra|51/100
|-ability|p2a: Goodra|Gooey
|-unboost|p1a: Gliscor|spe|1
|
|-heal|p1a: Gliscor|65/100 tox|[from] ability: Poison Heal
|upkeep
|turn|22
|
|t:|1779631858
|move|p1a: Gliscor|Protect|p1a: Gliscor
|-singleturn|p1a: Gliscor|Protect
|move|p2a: Goodra|Draco Meteor|p1a: Gliscor
|-activate|p1a: Gliscor|move: Protect
|
|-heal|p1a: Gliscor|78/100 tox|[from] ability: Poison Heal
|upkeep
|turn|23
|
|t:|1779631859
|move|p2a: Goodra|Draco Meteor|p1a: Gliscor
|-damage|p1a: Gliscor|22/100 tox
|-unboost|p2a: Goodra|spa|2
|move|p1a: Gliscor|Earthquake|p2a: Goodra
|-supereffective|p2a: Goodra
|-damage|p2a: Goodra|0 fnt
|faint|p2a: Goodra
|
|-heal|p1a: Gliscor|34/100 tox|[from] ability: Poison Heal
|upkeep
|
|t:|1779631863
|switch|p2a: Great Tusk|Great Tusk|71/100
|-damage|p2a: Great Tusk|68/100|[from] Stealth Rock
|-damage|p2a: Great Tusk|56/100|[from] Spikes
|turn|24
|
|t:|1779631867
|-end|p2a: Great Tusk|Protosynthesis|[silent]
|switch|p2a: Thundurus|Thundurus-Therian, M, tera:Psychic|76/100
|-damage|p2a: Thundurus|63/100|[from] Stealth Rock
|-damage|p2a: Thundurus|51/100|[from] Spikes
|move|p1a: Gliscor|Protect||[still]
|-fail|p1a: Gliscor
|
|-heal|p1a: Gliscor|47/100 tox|[from] ability: Poison Heal
|upkeep
|turn|25
|
|t:|1779631871
|move|p1a: Gliscor|Protect|p1a: Gliscor
|-singleturn|p1a: Gliscor|Protect
|move|p2a: Thundurus|Psychic|p1a: Gliscor
|-activate|p1a: Gliscor|move: Protect
|
|-heal|p1a: Gliscor|59/100 tox|[from] ability: Poison Heal
|upkeep
|turn|26
|
|t:|1779631878
|move|p2a: Thundurus|Psychic|p1a: Gliscor
|-damage|p1a: Gliscor|15/100 tox
|move|p1a: Gliscor|Earthquake|p2a: Thundurus
|-damage|p2a: Thundurus|0 fnt
|faint|p2a: Thundurus
|
|-heal|p1a: Gliscor|27/100 tox|[from] ability: Poison Heal
|upkeep
|
|t:|1779631887
|switch|p2a: Volcanion|Volcanion|73/100
|-damage|p2a: Volcanion|48/100|[from] Stealth Rock
|-damage|p2a: Volcanion|36/100|[from] Spikes
|turn|27
|
|t:|1779631889
|move|p1a: Gliscor|Protect|p1a: Gliscor
|-singleturn|p1a: Gliscor|Protect
|move|p2a: Volcanion|Steam Eruption|p1a: Gliscor
|-activate|p1a: Gliscor|move: Protect
|
|-heal|p1a: Gliscor|40/100 tox|[from] ability: Poison Heal
|upkeep
|turn|28
|
|t:|1779631891
|switch|p1a: Blissey|Blissey, F|66/100
|move|p2a: Volcanion|Steam Eruption|p1a: Blissey
|-damage|p1a: Blissey|36/100
|-status|p1a: Blissey|brn
|
|-damage|p1a: Blissey|29/100 brn|[from] brn
|upkeep
|turn|29
|
|t:|1779631898
|move|p2a: Volcanion|Steam Eruption|p1a: Blissey|[miss]
|-miss|p2a: Volcanion|p1a: Blissey
|move|p1a: Blissey|Soft-Boiled|p1a: Blissey
|-heal|p1a: Blissey|79/100 brn
|
|-damage|p1a: Blissey|73/100 brn|[from] brn
|upkeep
|turn|30
|
|t:|1779631902
|switch|p2a: Rillaboom|Rillaboom, M|21/100
|-damage|p2a: Rillaboom|9/100|[from] Stealth Rock
|-damage|p2a: Rillaboom|0 fnt|[from] Spikes
|faint|p2a: Rillaboom
|move|p1a: Blissey|Soft-Boiled|p1a: Blissey
|-heal|p1a: Blissey|100/100 brn
|
|-damage|p1a: Blissey|94/100 brn|[from] brn
|upkeep
|
|t:|1779631904
|switch|p2a: Hawlucha|Hawlucha, F|100/100
|-damage|p2a: Hawlucha|88/100|[from] Stealth Rock
|turn|31
|
|t:|1779631908
|-curestatus|p1a: Blissey|brn|[from] ability: Natural Cure|[silent]
|switch|p1a: Pecharunt|Pecharunt|100/100
|move|p2a: Hawlucha|Close Combat|p1a: Pecharunt
|-immune|p1a: Pecharunt
|
|upkeep
|turn|32
|-message|mansonabuluting forfeited.
|
|win|75 raw men
|raw|75 raw men's rating: 1621 &rarr; <strong>1643</strong><br />(+22 for winning)
|raw|mansonabuluting's rating: 1664 &rarr; <strong>1642</strong><br />(-22 for losing)
|l|☆mansonabuluting
|player|p2|
|l|☆75 raw men
|player|p1|
