|j|☆Goob Mother Sheist
|j|☆glimpseman
|t:|1779691034
|gametype|singles
|player|p1|Goob Mother Sheist|fantina|1359
|player|p2|glimpseman|#wcor2025canada|1373
|gen|9
|tier|[Gen 9] OU
|rated|
|rule|HP Percentage Mod: HP is shown in percentages
|rule|Endless Battle Clause: Forcing endless battles is banned
|rule|Species Clause: Limit one of each Pokémon
|rule|OHKO Clause: OHKO moves are banned
|rule|Evasion Items Clause: Evasion items are banned
|rule|Evasion Moves Clause: Evasion moves are banned
|rule|Evasion Abilities Clause: Evasion abilities are banned
|rule|Sleep Moves Clause: Sleep-inducing moves are banned
|clearpoke
|poke|p1|Slowking-Galar, M|
|poke|p1|Great Tusk|
|poke|p1|Rillaboom, F|
|poke|p1|Darkrai|
|poke|p1|Heatran, M|
|poke|p1|Primarina, M|
|poke|p2|Toxtricity, F|
|poke|p2|Gholdengo|
|poke|p2|Ting-Lu|
|poke|p2|Glimmora, F|
|poke|p2|Iron Valiant|
|poke|p2|Rillaboom, F|
|teampreview
|inactive|Battle timer is ON: inactive players will automatically lose when time's up. (requested by glimpseman)
|c|☆Goob Mother Sheist|hf
|c|☆glimpseman|glhf
|
|t:|1779691056
|teamsize|p1|6
|teamsize|p2|6
|start
|switch|p1a: Slowking|Slowking-Galar, M|100/100
|switch|p2a: Gholdengo|Gholdengo|100/100
|turn|1
|
|t:|1779691084
|switch|p1a: Heatran|Heatran, M|100/100
|move|p2a: Gholdengo|Thunder Wave|p1a: Heatran
|-status|p1a: Heatran|par
|
|upkeep
|turn|2
|
|t:|1779691093
|switch|p2a: Ting-Lu|Ting-Lu|100/100
|-ability|p2a: Ting-Lu|Vessel of Ruin
|move|p1a: Heatran|Flamethrower|p2a: Ting-Lu
|-damage|p2a: Ting-Lu|71/100
|
|-heal|p2a: Ting-Lu|77/100|[from] item: Leftovers
|upkeep
|turn|3
|
|t:|1779691111
|switch|p1a: Rillaboom|Rillaboom, F|100/100
|-fieldstart|move: Grassy Terrain|[from] ability: Grassy Surge|[of] p1a: Rillaboom
|move|p2a: Ting-Lu|Ruination|p1a: Rillaboom
|-damage|p1a: Rillaboom|51/100
|
|-heal|p1a: Rillaboom|57/100|[from] Grassy Terrain
|-heal|p2a: Ting-Lu|83/100|[from] Grassy Terrain
|-heal|p2a: Ting-Lu|89/100|[from] item: Leftovers
|upkeep
|turn|4
|
|t:|1779691125
|switch|p2a: Glimmora|Glimmora, F|100/100
|move|p1a: Rillaboom|Knock Off|p2a: Glimmora
|-damage|p2a: Glimmora|63/100
|-enditem|p2a: Glimmora|Heavy-Duty Boots|[from] move: Knock Off|[of] p1a: Rillaboom
|
|-heal|p1a: Rillaboom|63/100|[from] Grassy Terrain
|-heal|p2a: Glimmora|69/100|[from] Grassy Terrain
|upkeep
|turn|5
|inactive|Goob Mother Sheist has 120 seconds left.
|inactive|Goob Mother Sheist has 90 seconds left.
|
|t:|1779691174
|switch|p1a: Slowking|Slowking-Galar, M|100/100
|move|p2a: Glimmora|Stealth Rock|p1a: Slowking
|-sidestart|p1: Goob Mother Sheist|move: Stealth Rock
|
|-heal|p2a: Glimmora|75/100|[from] Grassy Terrain
|upkeep
|turn|6
|
|t:|1779691178
|move|p2a: Glimmora|Toxic|p1a: Slowking
|-status|p1a: Slowking|tox
|move|p1a: Slowking|Future Sight|p2a: Glimmora
|-start|p1a: Slowking|move: Future Sight
|
|-heal|p2a: Glimmora|81/100|[from] Grassy Terrain
|-damage|p1a: Slowking|94/100 tox|[from] psn
|upkeep
|turn|7
|
|t:|1779691183
|switch|p2a: Ting-Lu|Ting-Lu|89/100
|-ability|p2a: Ting-Lu|Vessel of Ruin
|-prepare|p1a: Slowking|Chilly Reception|[premajor]
|move|p1a: Slowking|Chilly Reception|p1a: Slowking
|-weather|Snowscape
|
|t:|1779691200
|switch|p1a: Rillaboom|Rillaboom, F|63/100|[from] Chilly Reception
|-damage|p1a: Rillaboom|51/100|[from] Stealth Rock
|
|-weather|Snowscape|[upkeep]
|-heal|p1a: Rillaboom|57/100|[from] Grassy Terrain
|-heal|p2a: Ting-Lu|96/100|[from] Grassy Terrain
|-heal|p2a: Ting-Lu|100/100|[from] item: Leftovers
|-fieldend|move: Grassy Terrain
|upkeep
|turn|8
|
|t:|1779691207
|move|p1a: Rillaboom|Wood Hammer|p2a: Ting-Lu
|-supereffective|p2a: Ting-Lu
|-damage|p2a: Ting-Lu|0 fnt
|faint|p2a: Ting-Lu
|-damage|p1a: Rillaboom|7/100|[from] Recoil
|
|-weather|Snowscape|[upkeep]
|-hint|Future Sight did not hit because the target is fainted.
|upkeep
|
|t:|1779691229
|switch|p2a: Toxtricity|Toxtricity, F, shiny|100/100
|turn|9
|
|t:|1779691236
|move|p1a: Rillaboom|Wood Hammer|p2a: Toxtricity
|-resisted|p2a: Toxtricity
|-damage|p2a: Toxtricity|24/100
|-damage|p1a: Rillaboom|0 fnt|[from] Recoil
|faint|p1a: Rillaboom
|move|p2a: Toxtricity|Boomburst|p1: Rillaboom|[notarget]
|-fail|p2a: Toxtricity
|
|-weather|Snowscape|[upkeep]
|upkeep
|
|t:|1779691254
|switch|p1a: Darkrai|Darkrai|100/100
|-damage|p1a: Darkrai|88/100|[from] Stealth Rock
|turn|10
|
|t:|1779691257
|switch|p2a: Iron Valiant|Iron Valiant|100/100
|-enditem|p2a: Iron Valiant|Booster Energy
|-activate|p2a: Iron Valiant|ability: Quark Drive|[fromitem]
|-start|p2a: Iron Valiant|quarkdrivespe
|move|p1a: Darkrai|Dark Pulse|p2a: Iron Valiant
|-resisted|p2a: Iron Valiant
|-damage|p2a: Iron Valiant|83/100
|
|-weather|Snowscape|[upkeep]
|upkeep
|turn|11
|
|t:|1779691264
|switch|p1a: Slowking|Slowking-Galar, M|100/100 tox
|-damage|p1a: Slowking|88/100 tox|[from] Stealth Rock
|move|p2a: Iron Valiant|Swords Dance|p2a: Iron Valiant
|-boost|p2a: Iron Valiant|atk|2
|
|-weather|none
|-damage|p1a: Slowking|82/100 tox|[from] psn
|upkeep
|turn|12
|inactive|Goob Mother Sheist has 120 seconds left.
|
|t:|1779691279
|move|p2a: Iron Valiant|Knock Off|p1a: Slowking
|-supereffective|p1a: Slowking
|-enditem|p1a: Slowking|Colbur Berry|[eat]
|-enditem|p1a: Slowking|Colbur Berry|[weaken]
|-damage|p1a: Slowking|9/100 tox
|move|p1a: Slowking|Future Sight|p2a: Iron Valiant
|-start|p1a: Slowking|move: Future Sight
|
|-damage|p1a: Slowking|0 fnt|[from] psn
|faint|p1a: Slowking
|upkeep
|inactive|Goob Mother Sheist has 120 seconds left.
|
|t:|1779691294
|switch|p1a: Darkrai|Darkrai|88/100
|-damage|p1a: Darkrai|76/100|[from] Stealth Rock
|turn|13
|
|t:|1779691315
|-end|p2a: Iron Valiant|Quark Drive|[silent]
|switch|p2a: Toxtricity|Toxtricity, F, shiny|24/100
|move|p1a: Darkrai|Sludge Bomb|p2a: Toxtricity
|-resisted|p2a: Toxtricity
|-damage|p2a: Toxtricity|0 fnt
|faint|p2a: Toxtricity
|
|upkeep
|inactive|glimpseman has 120 seconds left.
|
|t:|1779691339
|switch|p2a: Rillaboom|Rillaboom, F|100/100
|-fieldstart|move: Grassy Terrain|[from] ability: Grassy Surge|[of] p2a: Rillaboom
|turn|14
|
|t:|1779691347
|-terastallize|p1a: Darkrai|Poison
|move|p1a: Darkrai|Sludge Bomb|p2a: Rillaboom
|-supereffective|p2a: Rillaboom
|-damage|p2a: Rillaboom|46/100
|move|p2a: Rillaboom|U-turn|p1a: Darkrai
|-resisted|p1a: Darkrai
|-damage|p1a: Darkrai|59/100
|
|t:|1779691356
|switch|p2a: Gholdengo|Gholdengo|100/100|[from] U-turn
|
|-end|p2a: Gholdengo|move: Future Sight
|-resisted|p2a: Gholdengo
|-damage|p2a: Gholdengo|70/100
|-heal|p1a: Darkrai|65/100|[from] Grassy Terrain
|-heal|p2a: Gholdengo|76/100|[from] Grassy Terrain
|upkeep
|turn|15
|
|t:|1779691367
|switch|p1a: Heatran|Heatran, M|100/100 par
|-damage|p1a: Heatran|88/100 par|[from] Stealth Rock
|move|p2a: Gholdengo|Make It Rain|p1a: Heatran
|-resisted|p1a: Heatran
|-damage|p1a: Heatran|71/100 par
|-unboost|p2a: Gholdengo|spa|1
|
|-heal|p2a: Gholdengo|82/100|[from] Grassy Terrain
|-heal|p1a: Heatran|77/100 par|[from] Grassy Terrain
|-heal|p1a: Heatran|83/100 par|[from] item: Leftovers
|upkeep
|turn|16
|
|t:|1779691378
|switch|p2a: Rillaboom|Rillaboom, F|46/100
|move|p1a: Heatran|Earth Power|p2a: Rillaboom
|-resisted|p2a: Rillaboom
|-damage|p2a: Rillaboom|37/100
|
|-heal|p2a: Rillaboom|43/100|[from] Grassy Terrain
|-heal|p1a: Heatran|90/100 par|[from] Grassy Terrain
|-heal|p1a: Heatran|96/100 par|[from] item: Leftovers
|upkeep
|turn|17
|
|t:|1779691382
|move|p2a: Rillaboom|High Horsepower|p1a: Heatran
|-supereffective|p1a: Heatran
|-damage|p1a: Heatran|0 fnt
|faint|p1a: Heatran
|
|-heal|p2a: Rillaboom|49/100|[from] Grassy Terrain
|upkeep
|
|t:|1779691407
|switch|p1a: Darkrai|Darkrai, tera:Poison|65/100
|-damage|p1a: Darkrai|53/100|[from] Stealth Rock
|turn|18
|
|t:|1779691411
|switch|p2a: Iron Valiant|Iron Valiant|83/100
|move|p1a: Darkrai|Dark Pulse|p2a: Iron Valiant
|-resisted|p2a: Iron Valiant
|-damage|p2a: Iron Valiant|65/100
|
|-heal|p1a: Darkrai|59/100|[from] Grassy Terrain
|-heal|p2a: Iron Valiant|71/100|[from] Grassy Terrain
|-fieldend|move: Grassy Terrain
|upkeep
|turn|19
|
|t:|1779691419
|switch|p1a: Primarina|Primarina, M|100/100
|-damage|p1a: Primarina|88/100|[from] Stealth Rock
|move|p2a: Iron Valiant|Swords Dance|p2a: Iron Valiant
|-boost|p2a: Iron Valiant|atk|2
|
|upkeep
|turn|20
|
|t:|1779691425
|move|p2a: Iron Valiant|Close Combat|p1a: Primarina
|-resisted|p1a: Primarina
|-damage|p1a: Primarina|3/100
|-unboost|p2a: Iron Valiant|def|1
|-unboost|p2a: Iron Valiant|spd|1
|move|p1a: Primarina|Moonblast|p2a: Iron Valiant
|-supereffective|p2a: Iron Valiant
|-damage|p2a: Iron Valiant|0 fnt
|faint|p2a: Iron Valiant
|-end|p2a: Iron Valiant|Quark Drive|[silent]
|
|upkeep
|
|t:|1779691437
|switch|p2a: Rillaboom|Rillaboom, F|49/100
|-fieldstart|move: Grassy Terrain|[from] ability: Grassy Surge|[of] p2a: Rillaboom
|turn|21
|
|t:|1779691439
|move|p2a: Rillaboom|Grassy Glide|p1a: Primarina
|-supereffective|p1a: Primarina
|-damage|p1a: Primarina|0 fnt
|faint|p1a: Primarina
|
|-heal|p2a: Rillaboom|55/100|[from] Grassy Terrain
|upkeep
|
|t:|1779691454
|switch|p1a: Great Tusk|Great Tusk|100/100
|-damage|p1a: Great Tusk|98/100|[from] Stealth Rock
|turn|22
|
|t:|1779691459
|move|p2a: Rillaboom|Grassy Glide|p1a: Great Tusk
|-supereffective|p1a: Great Tusk
|-damage|p1a: Great Tusk|56/100
|-damage|p2a: Rillaboom|39/100|[from] item: Rocky Helmet|[of] p1a: Great Tusk
|move|p1a: Great Tusk|Headlong Rush|p2a: Rillaboom
|-resisted|p2a: Rillaboom
|-crit|p2a: Rillaboom
|-damage|p2a: Rillaboom|0 fnt
|-unboost|p1a: Great Tusk|def|1
|-unboost|p1a: Great Tusk|spd|1
|faint|p2a: Rillaboom
|
|-heal|p1a: Great Tusk|62/100|[from] Grassy Terrain
|upkeep
|
|t:|1779691464
|switch|p2a: Gholdengo|Gholdengo|82/100
|turn|23
|
|t:|1779691472
|move|p1a: Great Tusk|Headlong Rush|p2a: Gholdengo
|-supereffective|p2a: Gholdengo
|-enditem|p2a: Gholdengo|Shuca Berry|[eat]
|-enditem|p2a: Gholdengo|Shuca Berry|[weaken]
|-damage|p2a: Gholdengo|34/100
|-unboost|p1a: Great Tusk|def|1
|-unboost|p1a: Great Tusk|spd|1
|move|p2a: Gholdengo|Make It Rain|p1a: Great Tusk
|-damage|p1a: Great Tusk|0 fnt
|-unboost|p2a: Gholdengo|spa|1
|faint|p1a: Great Tusk
|-end|p1a: Great Tusk|Protosynthesis|[silent]
|
|-heal|p2a: Gholdengo|40/100|[from] Grassy Terrain
|upkeep
|
|t:|1779691496
|switch|p1a: Darkrai|Darkrai, tera:Poison|59/100
|-damage|p1a: Darkrai|46/100|[from] Stealth Rock
|turn|24
|c|☆Goob Mother Sheist|gg
|
|t:|1779691513
|-terastallize|p2a: Gholdengo|Steel
|move|p1a: Darkrai|Dark Pulse|p2a: Gholdengo
|-damage|p2a: Gholdengo|0 fnt
|faint|p2a: Gholdengo
|
|-heal|p1a: Darkrai|52/100|[from] Grassy Terrain
|upkeep
|
|t:|1779691515
|switch|p2a: Glimmora|Glimmora, F|81/100
|turn|25
|
|t:|1779691519
|move|p1a: Darkrai|Dark Pulse|p2a: Glimmora
|-damage|p2a: Glimmora|35/100
|cant|p2a: Glimmora|flinch
|
|-heal|p1a: Darkrai|59/100|[from] Grassy Terrain
|-heal|p2a: Glimmora|41/100|[from] Grassy Terrain
|-fieldend|move: Grassy Terrain
|upkeep
|turn|26
|c|☆Goob Mother Sheist|oh
|
|t:|1779691526
|move|p1a: Darkrai|Dark Pulse|p2a: Glimmora
|-damage|p2a: Glimmora|0 fnt
|faint|p2a: Glimmora
|
|win|Goob Mother Sheist
|raw|Goob Mother Sheist's rating: 1359 &rarr; <strong>1380</strong><br />(+21 for winning)
|raw|glimpseman's rating: 1373 &rarr; <strong>1352</strong><br />(-21 for losing)
|c|☆glimpseman|yea
|c|☆glimpseman|gg
|l|☆glimpseman
|player|p2|
|c|☆Goob Mother Sheist|gg
|l|☆Goob Mother Sheist
|player|p1|
|j|☆glimpseman
|player|p2|glimpseman|#wcor2025canada|
|l|☆glimpseman
|player|p2|
