|j|‽DevotedToaster
|j|☆I like Asian bbgs
|t:|1779713881
|gametype|singles
|player|p1|DevotedToaster|102|1313
|player|p2|I like Asian bbgs|youngcouple-gen4dp|1277
|gen|9
|tier|[Gen 9] OU
|rated|
|rule|HP Percentage Mod: HP is shown in percentages
|rule|Endless Battle Clause: Forcing endless battles is banned
|rule|Species Clause: Limit one of each Pokémon
|rule|OHKO Clause: OHKO moves are banned
|rule|Evasion Items Clause: Evasion items are banned
|rule|Evasion Moves Clause: Evasion moves are banned
|rule|Evasion Abilities Clause: Evasion abilities are banned
|rule|Sleep Moves Clause: Sleep-inducing moves are banned
|clearpoke
|poke|p1|Glimmora, M|
|poke|p1|Tyranitar, F|
|poke|p1|Conkeldurr, M|
|poke|p1|Sudowoodo, L1, F|
|poke|p1|Ceruledge, F|
|poke|p1|Hippowdon, M|
|poke|p2|Ninetales, M|
|poke|p2|Kingambit, M|
|poke|p2|Great Tusk|
|poke|p2|Cresselia, F|
|poke|p2|Walking Wake|
|poke|p2|Raging Bolt|
|teampreview
|inactive|Battle timer is ON: inactive players will automatically lose when time's up. (requested by I like Asian bbgs)
|
|t:|1779713888
|teamsize|p1|6
|teamsize|p2|6
|start
|switch|p1a: Sudowoodo|Sudowoodo, L1, F|100/100
|switch|p2a: Great Tusk|Great Tusk|100/100
|turn|1
|
|t:|1779713895
|move|p2a: Great Tusk|Stealth Rock|p1a: Sudowoodo
|-sidestart|p1: DevotedToaster|move: Stealth Rock
|move|p1a: Sudowoodo|Endeavor|p2a: Great Tusk
|-damage|p2a: Great Tusk|3/100
|-damage|p1a: Sudowoodo|84/100|[from] item: Rocky Helmet|[of] p2a: Great Tusk
|-heal|p1a: Sudowoodo|100/100|[from] item: Shell Bell|[of] p2a: Great Tusk
|
|upkeep
|turn|2
|
|t:|1779713910
|switch|p1a: Conkeldurr|Conkeldurr, M|100/100
|-damage|p1a: Conkeldurr|95/100|[from] Stealth Rock
|move|p2a: Great Tusk|Headlong Rush|p1a: Conkeldurr
|-damage|p1a: Conkeldurr|53/100
|-unboost|p2a: Great Tusk|def|1
|-unboost|p2a: Great Tusk|spd|1
|
|-status|p1a: Conkeldurr|brn|[from] item: Flame Orb
|upkeep
|turn|3
|
|t:|1779713923
|-end|p2a: Great Tusk|Protosynthesis|[silent]
|switch|p2a: Cresselia|Cresselia, F|100/100
|move|p1a: Conkeldurr|Mach Punch|p2a: Cresselia
|-resisted|p2a: Cresselia
|-damage|p2a: Cresselia|90/100
|-enditem|p2a: Cresselia|Eject Button
|
|t:|1779713942
|switch|p2a: Ninetales|Ninetales, M|100/100
|-weather|SunnyDay|[from] ability: Drought|[of] p2a: Ninetales
|
|-weather|SunnyDay|[upkeep]
|-damage|p1a: Conkeldurr|48/100 brn|[from] brn
|upkeep
|turn|4
|
|t:|1779713954
|switch|p1a: Tyranitar|Tyranitar, F|100/100
|-damage|p1a: Tyranitar|88/100|[from] Stealth Rock
|-weather|Sandstorm|[from] ability: Sand Stream|[of] p1a: Tyranitar
|move|p2a: Ninetales|Overheat|p1a: Tyranitar
|-resisted|p1a: Tyranitar
|-damage|p1a: Tyranitar|80/100
|-unboost|p2a: Ninetales|spa|2
|
|-weather|Sandstorm|[upkeep]
|-damage|p2a: Ninetales|94/100|[from] Sandstorm
|upkeep
|turn|5
|
|t:|1779713966
|switch|p2a: Walking Wake|Walking Wake|100/100
|move|p1a: Tyranitar|Knock Off|p2a: Walking Wake
|-damage|p2a: Walking Wake|50/100
|-enditem|p2a: Walking Wake|Choice Scarf|[from] move: Knock Off|[of] p1a: Tyranitar
|
|-weather|Sandstorm|[upkeep]
|-damage|p2a: Walking Wake|44/100|[from] Sandstorm
|upkeep
|turn|6
|
|t:|1779713978
|move|p2a: Walking Wake|Hydro Steam|p1a: Tyranitar
|-supereffective|p1a: Tyranitar
|-damage|p1a: Tyranitar|50/100
|move|p1a: Tyranitar|Stone Edge|p2a: Walking Wake
|-damage|p2a: Walking Wake|0 fnt
|faint|p2a: Walking Wake
|-end|p2a: Walking Wake|Protosynthesis|[silent]
|
|-weather|Sandstorm|[upkeep]
|upkeep
|inactive|I like Asian bbgs has 120 seconds left.
|
|t:|1779714013
|switch|p2a: Ninetales|Ninetales, M|94/100
|-weather|SunnyDay|[from] ability: Drought|[of] p2a: Ninetales
|turn|7
|inactive|I like Asian bbgs has 120 seconds left.
|
|t:|1779714025
|switch|p1a: Hippowdon|Hippowdon, M|100/100
|-damage|p1a: Hippowdon|94/100|[from] Stealth Rock
|-weather|Sandstorm|[from] ability: Sand Stream|[of] p1a: Hippowdon
|move|p2a: Ninetales|Healing Wish|p2a: Ninetales
|faint|p2a: Ninetales
|
|-weather|Sandstorm|[upkeep]
|-heal|p1a: Hippowdon|100/100|[from] item: Leftovers
|upkeep
|
|t:|1779714028
|switch|p2a: Great Tusk|Great Tusk|3/100
|-heal|p2a: Great Tusk|100/100|[from] move: Healing Wish
|turn|8
|inactive|I like Asian bbgs has 120 seconds left.
|
|t:|1779714042
|-end|p2a: Great Tusk|Protosynthesis|[silent]
|switch|p2a: Cresselia|Cresselia, F|90/100
|move|p1a: Hippowdon|Stealth Rock|p2a: Cresselia
|-sidestart|p2: I like Asian bbgs|move: Stealth Rock
|
|-weather|Sandstorm|[upkeep]
|-damage|p2a: Cresselia|84/100|[from] Sandstorm
|upkeep
|turn|9
|
|t:|1779714051
|switch|p1a: Glimmora|Glimmora, M|100/100
|-damage|p1a: Glimmora|88/100|[from] Stealth Rock
|move|p2a: Cresselia|Ice Beam|p1a: Glimmora
|-damage|p1a: Glimmora|73/100
|
|-weather|Sandstorm|[upkeep]
|-damage|p2a: Cresselia|78/100|[from] Sandstorm
|upkeep
|turn|10
|
|t:|1779714059
|switch|p2a: Great Tusk|Great Tusk|100/100
|-damage|p2a: Great Tusk|97/100|[from] Stealth Rock
|move|p1a: Glimmora|Mortal Spin|p2a: Great Tusk
|-resisted|p2a: Great Tusk
|-damage|p2a: Great Tusk|95/100
|-status|p2a: Great Tusk|psn
|-damage|p1a: Glimmora|57/100|[from] item: Rocky Helmet|[of] p2a: Great Tusk
|-sideend|p1: DevotedToaster|Stealth Rock|[from] move: Mortal Spin|[of] p1a: Glimmora
|
|-weather|Sandstorm|[upkeep]
|-damage|p2a: Great Tusk|83/100 psn|[from] psn
|upkeep
|turn|11
|
|t:|1779714076
|move|p2a: Great Tusk|Rapid Spin|p1a: Glimmora
|-resisted|p1a: Glimmora
|-damage|p1a: Glimmora|50/100
|-boost|p2a: Great Tusk|spe|1
|-activate|p1a: Glimmora|ability: Toxic Debris
|-sidestart|p2: I like Asian bbgs|move: Toxic Spikes
|-sideend|p2: I like Asian bbgs|Toxic Spikes|[from] move: Rapid Spin|[of] p2a: Great Tusk
|-sideend|p2: I like Asian bbgs|Stealth Rock|[from] move: Rapid Spin|[of] p2a: Great Tusk
|move|p1a: Glimmora|Spikes|p2a: Great Tusk
|-sidestart|p2: I like Asian bbgs|Spikes
|
|-weather|none
|-damage|p2a: Great Tusk|71/100 psn|[from] psn
|upkeep
|turn|12
|
|t:|1779714080
|move|p2a: Great Tusk|Headlong Rush|p1a: Glimmora
|-supereffective|p1a: Glimmora
|-damage|p1a: Glimmora|0 fnt
|-unboost|p2a: Great Tusk|def|1
|-unboost|p2a: Great Tusk|spd|1
|-activate|p1a: Glimmora|ability: Toxic Debris
|-sidestart|p2: I like Asian bbgs|move: Toxic Spikes
|faint|p1a: Glimmora
|
|-damage|p2a: Great Tusk|58/100 psn|[from] psn
|upkeep
|
|t:|1779714086
|switch|p1a: Ceruledge|Ceruledge, F|100/100
|turn|13
|
|t:|1779714096
|move|p2a: Great Tusk|Headlong Rush|p1a: Ceruledge
|-supereffective|p1a: Ceruledge
|-enditem|p1a: Ceruledge|Focus Sash
|-damage|p1a: Ceruledge|1/100
|-unboost|p2a: Great Tusk|def|1
|-unboost|p2a: Great Tusk|spd|1
|-ability|p1a: Ceruledge|Weak Armor|boost
|-unboost|p1a: Ceruledge|def|1
|-boost|p1a: Ceruledge|spe|2
|move|p1a: Ceruledge|Swords Dance|p1a: Ceruledge
|-boost|p1a: Ceruledge|atk|2
|
|-damage|p2a: Great Tusk|46/100 psn|[from] psn
|upkeep
|turn|14
|
|t:|1779714111
|move|p1a: Ceruledge|Bitter Blade|p2a: Great Tusk
|-damage|p2a: Great Tusk|0 fnt
|-heal|p1a: Ceruledge|34/100|[from] drain|[of] p2a: Great Tusk
|-damage|p1a: Ceruledge|17/100|[from] item: Rocky Helmet|[of] p2a: Great Tusk
|faint|p2a: Great Tusk
|-end|p2a: Great Tusk|Protosynthesis|[silent]
|
|upkeep
|
|t:|1779714114
|switch|p2a: Kingambit|Kingambit, M|100/100
|-damage|p2a: Kingambit|88/100|[from] Spikes
|-activate|p2a: Kingambit|ability: Supreme Overlord
|-start|p2a: Kingambit|fallen3|[silent]
|turn|15
|
|t:|1779714124
|move|p2a: Kingambit|Sucker Punch|p1a: Ceruledge
|-supereffective|p1a: Ceruledge
|-damage|p1a: Ceruledge|0 fnt
|faint|p1a: Ceruledge
|
|-heal|p2a: Kingambit|94/100|[from] item: Leftovers
|upkeep
|
|t:|1779714131
|switch|p1a: Sudowoodo|Sudowoodo, L1, F|100/100
|turn|16
|
|t:|1779714141
|-terastallize|p2a: Kingambit|Fire
|move|p2a: Kingambit|Iron Head|p1a: Sudowoodo
|-supereffective|p1a: Sudowoodo
|-ability|p1a: Sudowoodo|Sturdy
|-damage|p1a: Sudowoodo|9/100
|cant|p1a: Sudowoodo|flinch
|
|-heal|p2a: Kingambit|100/100|[from] item: Leftovers
|upkeep
|turn|17
|
|t:|1779714151
|move|p2a: Kingambit|Iron Head|p1a: Sudowoodo
|-supereffective|p1a: Sudowoodo
|-damage|p1a: Sudowoodo|0 fnt
|faint|p1a: Sudowoodo
|
|upkeep
|
|t:|1779714154
|switch|p1a: Hippowdon|Hippowdon, M|100/100
|-weather|Sandstorm|[from] ability: Sand Stream|[of] p1a: Hippowdon
|turn|18
|
|t:|1779714157
|move|p2a: Kingambit|Swords Dance|p2a: Kingambit
|-boost|p2a: Kingambit|atk|2
|move|p1a: Hippowdon|Earthquake|p2a: Kingambit
|-supereffective|p2a: Kingambit
|-damage|p2a: Kingambit|37/100
|
|-weather|Sandstorm|[upkeep]
|-damage|p2a: Kingambit|30/100|[from] Sandstorm
|-heal|p2a: Kingambit|37/100|[from] item: Leftovers
|upkeep
|turn|19
|
|t:|1779714167
|move|p2a: Kingambit|Kowtow Cleave|p1a: Hippowdon
|-damage|p1a: Hippowdon|26/100
|move|p1a: Hippowdon|Earthquake|p2a: Kingambit
|-supereffective|p2a: Kingambit
|-damage|p2a: Kingambit|0 fnt
|faint|p2a: Kingambit
|-end|p2a: Kingambit|fallen3|[silent]
|
|-weather|Sandstorm|[upkeep]
|-heal|p1a: Hippowdon|32/100|[from] item: Leftovers
|upkeep
|
|t:|1779714176
|switch|p2a: Raging Bolt|Raging Bolt|100/100
|-damage|p2a: Raging Bolt|88/100|[from] Spikes
|-status|p2a: Raging Bolt|psn
|turn|20
|
|t:|1779714181
|move|p2a: Raging Bolt|Dragon Pulse|p1a: Hippowdon
|-crit|p1a: Hippowdon
|-damage|p1a: Hippowdon|0 fnt
|faint|p1a: Hippowdon
|
|-weather|Sandstorm|[upkeep]
|-damage|p2a: Raging Bolt|82/100 psn|[from] Sandstorm
|-damage|p2a: Raging Bolt|70/100 psn|[from] psn
|upkeep
|
|t:|1779714190
|switch|p1a: Conkeldurr|Conkeldurr, M|48/100 brn
|turn|21
|
|t:|1779714206
|-end|p2a: Raging Bolt|Protosynthesis|[silent]
|switch|p2a: Cresselia|Cresselia, F|78/100
|-terastallize|p1a: Conkeldurr|Fighting
|move|p1a: Conkeldurr|Mach Punch|p2a: Cresselia
|-resisted|p2a: Cresselia
|-damage|p2a: Cresselia|63/100
|
|-weather|Sandstorm|[upkeep]
|-damage|p2a: Cresselia|57/100|[from] Sandstorm
|-damage|p1a: Conkeldurr|42/100 brn|[from] Sandstorm
|-damage|p1a: Conkeldurr|36/100 brn|[from] brn
|upkeep
|turn|22
|inactive|I like Asian bbgs has 120 seconds left.
|
|t:|1779714232
|move|p2a: Cresselia|Moonlight|p2a: Cresselia
|-heal|p2a: Cresselia|82/100
|move|p1a: Conkeldurr|Poison Jab|p2a: Cresselia
|-damage|p2a: Cresselia|54/100
|
|-weather|none
|-damage|p1a: Conkeldurr|30/100 brn|[from] brn
|upkeep
|turn|23
|
|t:|1779714248
|move|p2a: Cresselia|Moonlight|p2a: Cresselia
|-heal|p2a: Cresselia|100/100
|move|p1a: Conkeldurr|Drain Punch|p2a: Cresselia
|-resisted|p2a: Cresselia
|-damage|p2a: Cresselia|73/100
|-heal|p1a: Conkeldurr|47/100 brn|[from] drain|[of] p2a: Cresselia
|
|-damage|p1a: Conkeldurr|41/100 brn|[from] brn
|upkeep
|turn|24
|
|t:|1779714259
|move|p2a: Cresselia|Moonlight|p2a: Cresselia
|-heal|p2a: Cresselia|100/100
|move|p1a: Conkeldurr|Poison Jab|p2a: Cresselia
|-damage|p2a: Cresselia|73/100
|
|-damage|p1a: Conkeldurr|35/100 brn|[from] brn
|upkeep
|turn|25
|
|t:|1779714267
|move|p2a: Cresselia|Ice Beam|p1a: Conkeldurr
|-damage|p1a: Conkeldurr|13/100 brn
|move|p1a: Conkeldurr|Drain Punch|p2a: Cresselia
|-resisted|p2a: Cresselia
|-damage|p2a: Cresselia|48/100
|-heal|p1a: Conkeldurr|29/100 brn|[from] drain|[of] p2a: Cresselia
|
|-damage|p1a: Conkeldurr|23/100 brn|[from] brn
|upkeep
|turn|26
|
|t:|1779714275
|move|p2a: Cresselia|Moonlight|p2a: Cresselia
|-heal|p2a: Cresselia|98/100
|move|p1a: Conkeldurr|Drain Punch|p2a: Cresselia
|-resisted|p2a: Cresselia
|-damage|p2a: Cresselia|70/100
|-heal|p1a: Conkeldurr|41/100 brn|[from] drain|[of] p2a: Cresselia
|
|-damage|p1a: Conkeldurr|35/100 brn|[from] brn
|upkeep
|turn|27
|
|t:|1779714286
|move|p2a: Cresselia|Ice Beam|p1a: Conkeldurr
|-damage|p1a: Conkeldurr|12/100 brn
|move|p1a: Conkeldurr|Drain Punch|p2a: Cresselia
|-resisted|p2a: Cresselia
|-damage|p2a: Cresselia|45/100
|-heal|p1a: Conkeldurr|28/100 brn|[from] drain|[of] p2a: Cresselia
|
|-damage|p1a: Conkeldurr|22/100 brn|[from] brn
|upkeep
|turn|28
|
|t:|1779714296
|move|p2a: Cresselia|Moonlight|p2a: Cresselia
|-heal|p2a: Cresselia|95/100
|move|p1a: Conkeldurr|Drain Punch|p2a: Cresselia
|-resisted|p2a: Cresselia
|-damage|p2a: Cresselia|69/100
|-heal|p1a: Conkeldurr|38/100 brn|[from] drain|[of] p2a: Cresselia
|
|-damage|p1a: Conkeldurr|32/100 brn|[from] brn
|upkeep
|turn|29
|
|t:|1779714304
|move|p2a: Cresselia|Ice Beam|p1a: Conkeldurr
|-damage|p1a: Conkeldurr|8/100 brn
|move|p1a: Conkeldurr|Drain Punch|p2a: Cresselia
|-resisted|p2a: Cresselia
|-damage|p2a: Cresselia|43/100
|-heal|p1a: Conkeldurr|25/100 brn|[from] drain|[of] p2a: Cresselia
|
|-damage|p1a: Conkeldurr|19/100 brn|[from] brn
|upkeep
|turn|30
|
|t:|1779714315
|move|p2a: Cresselia|Moonlight|p2a: Cresselia
|-heal|p2a: Cresselia|93/100
|move|p1a: Conkeldurr|Drain Punch|p2a: Cresselia
|-resisted|p2a: Cresselia
|-damage|p2a: Cresselia|64/100
|-heal|p1a: Conkeldurr|38/100 brn|[from] drain|[of] p2a: Cresselia
|
|-damage|p1a: Conkeldurr|32/100 brn|[from] brn
|upkeep
|turn|31
|
|t:|1779714325
|move|p2a: Cresselia|Ice Beam|p1a: Conkeldurr
|-damage|p1a: Conkeldurr|11/100 brn
|move|p1a: Conkeldurr|Drain Punch|p2a: Cresselia
|-resisted|p2a: Cresselia
|-crit|p2a: Cresselia
|-damage|p2a: Cresselia|24/100
|-heal|p1a: Conkeldurr|36/100 brn|[from] drain|[of] p2a: Cresselia
|
|-damage|p1a: Conkeldurr|30/100 brn|[from] brn
|upkeep
|turn|32
|
|t:|1779714343
|move|p2a: Cresselia|Moonlight|p2a: Cresselia
|-heal|p2a: Cresselia|74/100
|move|p1a: Conkeldurr|Drain Punch|p2a: Cresselia
|-resisted|p2a: Cresselia
|-damage|p2a: Cresselia|46/100
|-heal|p1a: Conkeldurr|48/100 brn|[from] drain|[of] p2a: Cresselia
|
|-damage|p1a: Conkeldurr|42/100 brn|[from] brn
|upkeep
|turn|33
|
|t:|1779714353
|move|p2a: Cresselia|Ice Beam|p1a: Conkeldurr
|-damage|p1a: Conkeldurr|21/100 brn
|move|p1a: Conkeldurr|Drain Punch|p2a: Cresselia
|-resisted|p2a: Cresselia
|-damage|p2a: Cresselia|18/100
|-heal|p1a: Conkeldurr|39/100 brn|[from] drain|[of] p2a: Cresselia
|
|-damage|p1a: Conkeldurr|33/100 brn|[from] brn
|upkeep
|turn|34
|
|t:|1779714361
|move|p1a: Conkeldurr|Mach Punch|p2a: Cresselia
|-resisted|p2a: Cresselia
|-damage|p2a: Cresselia|3/100
|move|p2a: Cresselia|Ice Beam|p1a: Conkeldurr
|-damage|p1a: Conkeldurr|12/100 brn
|
|-damage|p1a: Conkeldurr|6/100 brn|[from] brn
|upkeep
|turn|35
|
|t:|1779714367
|move|p1a: Conkeldurr|Mach Punch|p2a: Cresselia
|-resisted|p2a: Cresselia
|-crit|p2a: Cresselia
|-damage|p2a: Cresselia|0 fnt
|faint|p2a: Cresselia
|
|-damage|p1a: Conkeldurr|0 fnt|[from] brn
|faint|p1a: Conkeldurr
|upkeep
|
|t:|1779714370
|switch|p2a: Raging Bolt|Raging Bolt|70/100 psn
|switch|p1a: Tyranitar|Tyranitar, F|50/100
|-damage|p2a: Raging Bolt|58/100 psn|[from] Spikes
|-weather|Sandstorm|[from] ability: Sand Stream|[of] p1a: Tyranitar
|turn|36
|
|t:|1779714378
|move|p2a: Raging Bolt|Dragon Pulse|p1a: Tyranitar
|-damage|p1a: Tyranitar|32/100
|move|p1a: Tyranitar|Knock Off|p2a: Raging Bolt
|-damage|p2a: Raging Bolt|17/100 psn
|-enditem|p2a: Raging Bolt|Shuca Berry|[from] move: Knock Off|[of] p1a: Tyranitar
|
|-weather|Sandstorm|[upkeep]
|-damage|p2a: Raging Bolt|11/100 psn|[from] Sandstorm
|-damage|p2a: Raging Bolt|0 fnt|[from] psn
|faint|p2a: Raging Bolt
|-end|p2a: Raging Bolt|Protosynthesis|[silent]
|
|win|DevotedToaster
|raw|DevotedToaster's rating: 1313 &rarr; <strong>1331</strong><br />(+18 for winning)
|raw|I like Asian bbgs's rating: 1277 &rarr; <strong>1255</strong><br />(-22 for losing)
|l|☆I like Asian bbgs
|player|p2|
|l|‽DevotedToaster
|player|p1|
