|j|☆GBC_Peepers
|j|☆kemdpw
|t:|1779683914
|gametype|singles
|player|p1|GBC_Peepers|n|1313
|player|p2|kemdpw|101|1369
|gen|9
|tier|[Gen 9] OU
|rated|
|rule|HP Percentage Mod: HP is shown in percentages
|rule|Endless Battle Clause: Forcing endless battles is banned
|rule|Species Clause: Limit one of each Pokémon
|rule|OHKO Clause: OHKO moves are banned
|rule|Evasion Items Clause: Evasion items are banned
|rule|Evasion Moves Clause: Evasion moves are banned
|rule|Evasion Abilities Clause: Evasion abilities are banned
|rule|Sleep Moves Clause: Sleep-inducing moves are banned
|clearpoke
|poke|p1|Snorlax, F|
|poke|p1|Raging Bolt|
|poke|p1|Latios, M|
|poke|p1|Tinkaton, F|
|poke|p1|Great Tusk|
|poke|p1|Cinderace, F|
|poke|p2|Kyurem|
|poke|p2|Ogerpon-Wellspring, F|
|poke|p2|Tornadus-Therian, M|
|poke|p2|Hatterene, F|
|poke|p2|Great Tusk|
|poke|p2|Kingambit, F|
|teampreview
|inactive|Battle timer is ON: inactive players will automatically lose when time's up. (requested by kemdpw)
|inactive|GBC_Peepers has 120 seconds left.
|
|t:|1779683963
|teamsize|p1|6
|teamsize|p2|6
|start
|switch|p1a: NorthKorean Armory|Latios, M|100/100
|switch|p2a: Tornadus|Tornadus-Therian, M|100/100
|turn|1
|
|t:|1779683979
|move|p1a: NorthKorean Armory|Draco Meteor|p2a: Tornadus
|-damage|p2a: Tornadus|56/100
|-unboost|p1a: NorthKorean Armory|spa|2
|move|p2a: Tornadus|Knock Off|p1a: NorthKorean Armory
|-supereffective|p1a: NorthKorean Armory
|-damage|p1a: NorthKorean Armory|47/100
|-enditem|p1a: NorthKorean Armory|Choice Scarf|[from] move: Knock Off|[of] p2a: Tornadus
|
|upkeep
|turn|2
|
|t:|1779684002
|switch|p1a: Gnomus the Great|Tinkaton, F, shiny|100/100
|-ability|p1a: Gnomus the Great|Mold Breaker
|-item|p1a: Gnomus the Great|Air Balloon
|move|p2a: Tornadus|U-turn|p1a: Gnomus the Great
|-resisted|p1a: Gnomus the Great
|-damage|p1a: Gnomus the Great|96/100
|-enditem|p1a: Gnomus the Great|Air Balloon
|
|t:|1779684013
|switch|p2a: Great Tusk|Great Tusk|100/100|[from] U-turn
|
|upkeep
|turn|3
|inactive|GBC_Peepers has 120 seconds left.
|
|t:|1779684042
|switch|p1a: NorthKorean Armory|Latios, M|47/100
|move|p2a: Great Tusk|Stealth Rock|p1a: NorthKorean Armory
|-sidestart|p1: GBC_Peepers|move: Stealth Rock
|
|upkeep
|turn|4
|inactive|GBC_Peepers has 120 seconds left.
|
|t:|1779684053
|-end|p2a: Great Tusk|Protosynthesis|[silent]
|switch|p2a: Hatterene|Hatterene, F|100/100
|move|p1a: NorthKorean Armory|Luster Purge|p2a: Hatterene
|-resisted|p2a: Hatterene
|-damage|p2a: Hatterene|75/100
|
|-heal|p2a: Hatterene|81/100|[from] item: Leftovers
|upkeep
|turn|5
|inactive|GBC_Peepers has 120 seconds left.
|
|t:|1779684060
|switch|p1a: Gnomus the Great|Tinkaton, F, shiny|96/100
|-damage|p1a: Gnomus the Great|90/100|[from] Stealth Rock
|-ability|p1a: Gnomus the Great|Mold Breaker
|move|p2a: Hatterene|Nuzzle|p1a: Gnomus the Great
|-damage|p1a: Gnomus the Great|85/100
|-status|p1a: Gnomus the Great|par
|
|-heal|p2a: Hatterene|87/100|[from] item: Leftovers
|upkeep
|turn|6
|
|t:|1779684067
|switch|p2a: Great Tusk|Great Tusk|100/100
|cant|p1a: Gnomus the Great|par
|
|upkeep
|turn|7
|inactive|GBC_Peepers has 120 seconds left.
|
|t:|1779684085
|switch|p1a: The Wheel|Great Tusk|100/100
|-damage|p1a: The Wheel|98/100|[from] Stealth Rock
|move|p2a: Great Tusk|Headlong Rush|p1a: The Wheel
|-damage|p1a: The Wheel|57/100
|-unboost|p2a: Great Tusk|def|1
|-unboost|p2a: Great Tusk|spd|1
|-damage|p2a: Great Tusk|84/100|[from] item: Rocky Helmet|[of] p1a: The Wheel
|
|upkeep
|turn|8
|
|t:|1779684105
|-end|p2a: Great Tusk|Protosynthesis|[silent]
|switch|p2a: Hatterene|Hatterene, F|87/100
|move|p1a: The Wheel|Rapid Spin|p2a: Hatterene
|-damage|p2a: Hatterene|72/100
|-boost|p1a: The Wheel|spe|1
|-sideend|p1: GBC_Peepers|Stealth Rock|[from] move: Rapid Spin|[of] p1a: The Wheel
|
|-heal|p2a: Hatterene|78/100|[from] item: Leftovers
|upkeep
|turn|9
|
|t:|1779684117
|-end|p1a: The Wheel|Protosynthesis|[silent]
|switch|p1a: Gnomus the Great|Tinkaton, F, shiny|85/100 par
|-ability|p1a: Gnomus the Great|Mold Breaker
|move|p2a: Hatterene|Draining Kiss|p1a: Gnomus the Great
|-resisted|p1a: Gnomus the Great
|-damage|p1a: Gnomus the Great|74/100 par
|-heal|p2a: Hatterene|88/100|[from] drain|[of] p1a: Gnomus the Great
|
|-heal|p2a: Hatterene|94/100|[from] item: Leftovers
|upkeep
|turn|10
|
|t:|1779684123
|switch|p2a: Great Tusk|Great Tusk|84/100
|cant|p1a: Gnomus the Great|par
|
|upkeep
|turn|11
|
|t:|1779684137
|switch|p1a: NorthKorean Armory|Latios, M|47/100
|move|p2a: Great Tusk|Stealth Rock|p1a: NorthKorean Armory
|-sidestart|p1: GBC_Peepers|move: Stealth Rock
|
|upkeep
|turn|12
|
|t:|1779684146
|-end|p2a: Great Tusk|Protosynthesis|[silent]
|switch|p2a: Hatterene|Hatterene, F|94/100
|move|p1a: NorthKorean Armory|Trick|p2a: Hatterene
|-activate|p1a: NorthKorean Armory|move: Trick|[of] p2a: Hatterene
|-enditem|p2a: Hatterene|Leftovers|[silent]|[from] move: Trick
|-item|p1a: NorthKorean Armory|Leftovers|[from] move: Trick
|
|-heal|p1a: NorthKorean Armory|53/100|[from] item: Leftovers
|upkeep
|turn|13
|
|t:|1779684161
|switch|p1a: Gnomus the Great|Tinkaton, F, shiny|74/100 par
|-damage|p1a: Gnomus the Great|68/100 par|[from] Stealth Rock
|-ability|p1a: Gnomus the Great|Mold Breaker
|move|p2a: Hatterene|Draining Kiss|p1a: Gnomus the Great
|-resisted|p1a: Gnomus the Great
|-damage|p1a: Gnomus the Great|59/100 par
|-heal|p2a: Hatterene|100/100|[from] drain|[of] p1a: Gnomus the Great
|
|upkeep
|turn|14
|
|t:|1779684165
|switch|p2a: Great Tusk|Great Tusk|84/100
|move|p1a: Gnomus the Great|Stealth Rock|p2a: Great Tusk
|-sidestart|p2: kemdpw|move: Stealth Rock
|
|upkeep
|turn|15
|
|t:|1779684175
|-terastallize|p1a: Gnomus the Great|Ghost
|move|p2a: Great Tusk|Rapid Spin|p1a: Gnomus the Great
|-immune|p1a: Gnomus the Great
|move|p1a: Gnomus the Great|Encore|p2a: Great Tusk
|-start|p2a: Great Tusk|Encore
|
|upkeep
|turn|16
|
|t:|1779684195
|-end|p2a: Great Tusk|Protosynthesis|[silent]
|switch|p2a: Tornadus|Tornadus-Therian, M|89/100
|-damage|p2a: Tornadus|64/100|[from] Stealth Rock
|switch|p1a: The Wheel|Great Tusk|57/100
|-damage|p1a: The Wheel|54/100|[from] Stealth Rock
|
|upkeep
|turn|17
|
|t:|1779684203
|switch|p2a: Hatterene|Hatterene, F|100/100
|-damage|p2a: Hatterene|88/100|[from] Stealth Rock
|-end|p1a: The Wheel|Protosynthesis|[silent]
|switch|p1a: Gnomus the Great|Tinkaton, F, shiny, tera:Ghost|59/100 par
|-damage|p1a: Gnomus the Great|46/100 par|[from] Stealth Rock
|-ability|p1a: Gnomus the Great|Mold Breaker
|
|upkeep
|turn|18
|
|t:|1779684221
|switch|p2a: Great Tusk|Great Tusk|84/100
|-damage|p2a: Great Tusk|81/100|[from] Stealth Rock
|move|p1a: Gnomus the Great|Gigaton Hammer|p2a: Great Tusk
|-damage|p2a: Great Tusk|56/100
|
|upkeep
|turn|19
|
|t:|1779684244
|switch|p1a: Ace In The Hole|Cinderace, F|100/100
|move|p2a: Great Tusk|Headlong Rush|p1a: Ace In The Hole
|-supereffective|p1a: Ace In The Hole
|-damage|p1a: Ace In The Hole|0 fnt
|-unboost|p2a: Great Tusk|def|1
|-unboost|p2a: Great Tusk|spd|1
|faint|p1a: Ace In The Hole
|
|upkeep
|
|t:|1779684251
|switch|p1a: NorthKorean Armory|Latios, M|53/100
|-damage|p1a: NorthKorean Armory|40/100|[from] Stealth Rock
|turn|20
|
|t:|1779684257
|-end|p2a: Great Tusk|Protosynthesis|[silent]
|switch|p2a: Hatterene|Hatterene, F|88/100
|-damage|p2a: Hatterene|76/100|[from] Stealth Rock
|move|p1a: NorthKorean Armory|Luster Purge|p2a: Hatterene
|-resisted|p2a: Hatterene
|-damage|p2a: Hatterene|49/100
|-unboost|p2a: Hatterene|spd|1
|
|-heal|p1a: NorthKorean Armory|46/100|[from] item: Leftovers
|upkeep
|turn|21
|
|t:|1779684277
|switch|p1a: Gnomus the Great|Tinkaton, F, shiny, tera:Ghost|46/100 par
|-damage|p1a: Gnomus the Great|34/100 par|[from] Stealth Rock
|-ability|p1a: Gnomus the Great|Mold Breaker
|move|p2a: Hatterene|Draining Kiss|p1a: Gnomus the Great
|-damage|p1a: Gnomus the Great|14/100 par
|-heal|p2a: Hatterene|67/100|[from] drain|[of] p1a: Gnomus the Great
|
|upkeep
|turn|22
|
|t:|1779684287
|switch|p2a: Great Tusk|Great Tusk|56/100
|-damage|p2a: Great Tusk|53/100|[from] Stealth Rock
|cant|p1a: Gnomus the Great|par
|
|upkeep
|turn|23
|
|t:|1779684294
|move|p2a: Great Tusk|Knock Off|p1a: Gnomus the Great
|-supereffective|p1a: Gnomus the Great
|-damage|p1a: Gnomus the Great|0 fnt
|faint|p1a: Gnomus the Great
|
|upkeep
|
|t:|1779684300
|switch|p1a: NorthKorean Armory|Latios, M|46/100
|-damage|p1a: NorthKorean Armory|34/100|[from] Stealth Rock
|turn|24
|
|t:|1779684314
|-end|p2a: Great Tusk|Protosynthesis|[silent]
|switch|p2a: Kingambit|Kingambit, F|100/100
|-damage|p2a: Kingambit|94/100|[from] Stealth Rock
|move|p1a: NorthKorean Armory|Luster Purge|p2a: Kingambit
|-immune|p2a: Kingambit
|
|-heal|p1a: NorthKorean Armory|40/100|[from] item: Leftovers
|upkeep
|turn|25
|
|t:|1779684332
|switch|p1a: The Wheel|Great Tusk|54/100
|-damage|p1a: The Wheel|51/100|[from] Stealth Rock
|move|p2a: Kingambit|Sucker Punch||[still]
|-fail|p2a: Kingambit
|
|upkeep
|turn|26
|
|t:|1779684342
|-end|p2a: Kingambit|fallenundefined|[silent]
|switch|p2a: Tornadus|Tornadus-Therian, M|98/100
|-damage|p2a: Tornadus|73/100|[from] Stealth Rock
|move|p1a: The Wheel|Close Combat|p2a: Tornadus
|-resisted|p2a: Tornadus
|-damage|p2a: Tornadus|33/100
|-unboost|p1a: The Wheel|def|1
|-unboost|p1a: The Wheel|spd|1
|
|upkeep
|turn|27
|
|t:|1779684353
|-end|p1a: The Wheel|Protosynthesis|[silent]
|switch|p1a: Head In The Clouds|Raging Bolt|100/100
|-damage|p1a: Head In The Clouds|88/100|[from] Stealth Rock
|move|p2a: Tornadus|Bleakwind Storm|p1a: Head In The Clouds
|-resisted|p1a: Head In The Clouds
|-damage|p1a: Head In The Clouds|70/100
|
|upkeep
|turn|28
|
|t:|1779684365
|move|p2a: Tornadus|Knock Off|p1a: Head In The Clouds
|-damage|p1a: Head In The Clouds|50/100
|-enditem|p1a: Head In The Clouds|Magnet|[from] move: Knock Off|[of] p2a: Tornadus
|move|p1a: Head In The Clouds|Draco Meteor|p2a: Tornadus
|-damage|p2a: Tornadus|0 fnt
|-unboost|p1a: Head In The Clouds|spa|2
|faint|p2a: Tornadus
|
|upkeep
|
|t:|1779684382
|switch|p2a: Kyurem|Kyurem|100/100
|-damage|p2a: Kyurem|76/100|[from] Stealth Rock
|-ability|p2a: Kyurem|Pressure
|turn|29
|
|t:|1779684387
|-end|p1a: Head In The Clouds|Protosynthesis|[silent]
|switch|p1a: My 600-lb Life|Snorlax, F, shiny|100/100
|-damage|p1a: My 600-lb Life|88/100|[from] Stealth Rock
|move|p2a: Kyurem|Ice Beam|p1a: My 600-lb Life
|-damage|p1a: My 600-lb Life|50/100
|
|-heal|p1a: My 600-lb Life|56/100|[from] item: Leftovers
|upkeep
|turn|30
|
|t:|1779684402
|switch|p2a: Great Tusk|Great Tusk|53/100
|-damage|p2a: Great Tusk|50/100|[from] Stealth Rock
|move|p1a: My 600-lb Life|Curse|p1a: My 600-lb Life
|-unboost|p1a: My 600-lb Life|spe|1
|-boost|p1a: My 600-lb Life|atk|1
|-boost|p1a: My 600-lb Life|def|1
|
|-heal|p1a: My 600-lb Life|62/100|[from] item: Leftovers
|upkeep
|turn|31
|
|t:|1779684409
|move|p1a: My 600-lb Life|Protect|p1a: My 600-lb Life
|-singleturn|p1a: My 600-lb Life|Protect
|move|p2a: Great Tusk|Rapid Spin|p1a: My 600-lb Life
|-activate|p1a: My 600-lb Life|move: Protect
|
|-heal|p1a: My 600-lb Life|68/100|[from] item: Leftovers
|upkeep
|turn|32
|
|t:|1779684417
|move|p2a: Great Tusk|Rapid Spin|p1a: My 600-lb Life
|-damage|p1a: My 600-lb Life|60/100
|-boost|p2a: Great Tusk|spe|1
|-sideend|p2: kemdpw|Stealth Rock|[from] move: Rapid Spin|[of] p2a: Great Tusk
|move|p1a: My 600-lb Life|Double-Edge|p2a: Great Tusk
|-damage|p2a: Great Tusk|0 fnt
|-damage|p1a: My 600-lb Life|44/100|[from] item: Rocky Helmet|[of] p2a: Great Tusk
|faint|p2a: Great Tusk
|-end|p2a: Great Tusk|Protosynthesis|[silent]
|-damage|p1a: My 600-lb Life|29/100|[from] Recoil
|
|-heal|p1a: My 600-lb Life|35/100|[from] item: Leftovers
|upkeep
|
|t:|1779684421
|switch|p2a: Kyurem|Kyurem|76/100
|-ability|p2a: Kyurem|Pressure
|turn|33
|
|t:|1779684431
|move|p1a: My 600-lb Life|Protect|p1a: My 600-lb Life
|-singleturn|p1a: My 600-lb Life|Protect
|move|p2a: Kyurem|Draco Meteor|p1a: My 600-lb Life
|-activate|p1a: My 600-lb Life|move: Protect
|
|-heal|p1a: My 600-lb Life|41/100|[from] item: Leftovers
|upkeep
|turn|34
|
|t:|1779684446
|move|p2a: Kyurem|Draco Meteor|p1a: My 600-lb Life
|-crit|p1a: My 600-lb Life
|-damage|p1a: My 600-lb Life|0 fnt
|-unboost|p2a: Kyurem|spa|2
|faint|p1a: My 600-lb Life
|
|upkeep
|
|t:|1779684453
|switch|p1a: NorthKorean Armory|Latios, M|40/100
|-damage|p1a: NorthKorean Armory|28/100|[from] Stealth Rock
|turn|35
|
|t:|1779684466
|switch|p2a: Hatterene|Hatterene, F|67/100
|move|p1a: NorthKorean Armory|Aura Sphere|p2a: Hatterene
|-resisted|p2a: Hatterene
|-damage|p2a: Hatterene|60/100
|
|-heal|p1a: NorthKorean Armory|34/100|[from] item: Leftovers
|upkeep
|turn|36
|
|t:|1779684487
|move|p1a: NorthKorean Armory|Luster Purge|p2a: Hatterene
|-resisted|p2a: Hatterene
|-damage|p2a: Hatterene|32/100
|-unboost|p2a: Hatterene|spd|1
|move|p2a: Hatterene|Draining Kiss|p1a: NorthKorean Armory
|-supereffective|p1a: NorthKorean Armory
|-damage|p1a: NorthKorean Armory|0 fnt
|-heal|p2a: Hatterene|55/100|[from] drain|[of] p1a: NorthKorean Armory
|faint|p1a: NorthKorean Armory
|
|upkeep
|
|t:|1779684492
|switch|p1a: Head In The Clouds|Raging Bolt|50/100
|-damage|p1a: Head In The Clouds|38/100|[from] Stealth Rock
|turn|37
|
|t:|1779684502
|move|p1a: Head In The Clouds|Thunderbolt|p2a: Hatterene
|-damage|p2a: Hatterene|0 fnt
|faint|p2a: Hatterene
|
|upkeep
|
|t:|1779684506
|switch|p2a: Kyurem|Kyurem|76/100
|-ability|p2a: Kyurem|Pressure
|turn|38
|
|t:|1779684515
|move|p1a: Head In The Clouds|Thunderclap|p2a: Kyurem
|-resisted|p2a: Kyurem
|-damage|p2a: Kyurem|56/100
|move|p2a: Kyurem|Ice Beam|p1a: Head In The Clouds
|-supereffective|p1a: Head In The Clouds
|-damage|p1a: Head In The Clouds|0 fnt
|faint|p1a: Head In The Clouds
|-end|p1a: Head In The Clouds|Protosynthesis|[silent]
|
|upkeep
|
|t:|1779684517
|switch|p1a: The Wheel|Great Tusk|51/100
|-damage|p1a: The Wheel|48/100|[from] Stealth Rock
|turn|39
|
|t:|1779684521
|move|p2a: Kyurem|Ice Beam|p1a: The Wheel
|-supereffective|p1a: The Wheel
|-damage|p1a: The Wheel|0 fnt
|faint|p1a: The Wheel
|-end|p1a: The Wheel|Protosynthesis|[silent]
|
|win|kemdpw
|raw|GBC_Peepers's rating: 1313 &rarr; <strong>1296</strong><br />(-17 for losing)
|raw|kemdpw's rating: 1369 &rarr; <strong>1386</strong><br />(+17 for winning)
|c|☆GBC_Peepers|gg
|l|☆GBC_Peepers
|player|p1|
