|j|☆WEED4NOZE
|j|☆dropafreezedry
|t:|1779715889
|gametype|singles
|player|p1|WEED4NOZE|theroyal|1415
|player|p2|dropafreezedry|palmer|1414
|gen|9
|tier|[Gen 9] OU
|rated|
|rule|HP Percentage Mod: HP is shown in percentages
|rule|Endless Battle Clause: Forcing endless battles is banned
|rule|Species Clause: Limit one of each Pokémon
|rule|OHKO Clause: OHKO moves are banned
|rule|Evasion Items Clause: Evasion items are banned
|rule|Evasion Moves Clause: Evasion moves are banned
|rule|Evasion Abilities Clause: Evasion abilities are banned
|rule|Sleep Moves Clause: Sleep-inducing moves are banned
|clearpoke
|poke|p1|Zamazenta-*|
|poke|p1|Mandibuzz, F|
|poke|p1|Kyurem|
|poke|p1|Slowking-Galar, F|
|poke|p1|Blaziken, M|
|poke|p1|Gholdengo|
|poke|p2|Glaceon, F|
|poke|p2|Ninetales-Alola, F|
|poke|p2|Basculegion-F, F|
|poke|p2|Ogerpon-Wellspring, F|
|poke|p2|Iron Treads|
|poke|p2|Weavile, F|
|teampreview
|inactive|Battle timer is ON: inactive players will automatically lose when time's up. (requested by dropafreezedry)
|
|t:|1779715902
|teamsize|p1|6
|teamsize|p2|6
|start
|switch|p1a: Gholdengo|Gholdengo|100/100
|switch|p2a: Basculegion|Basculegion-F, F|100/100
|turn|1
|
|t:|1779715915
|switch|p1a: Mandibuzz|Mandibuzz, F|100/100
|move|p2a: Basculegion|Shadow Ball|p1a: Mandibuzz
|-resisted|p1a: Mandibuzz
|-damage|p1a: Mandibuzz|87/100
|-unboost|p1a: Mandibuzz|spd|1
|
|upkeep
|turn|2
|
|t:|1779715932
|switch|p2a: Iron Treads|Iron Treads|100/100
|-enditem|p2a: Iron Treads|Booster Energy
|-activate|p2a: Iron Treads|ability: Quark Drive|[fromitem]
|-start|p2a: Iron Treads|quarkdriveatk
|move|p1a: Mandibuzz|Foul Play|p2a: Iron Treads
|-damage|p2a: Iron Treads|58/100
|
|upkeep
|turn|3
|
|t:|1779715950
|move|p2a: Iron Treads|Ice Spinner|p1a: Mandibuzz
|-supereffective|p1a: Mandibuzz
|-damage|p1a: Mandibuzz|33/100
|move|p1a: Mandibuzz|Foul Play|p2a: Iron Treads
|-damage|p2a: Iron Treads|10/100
|
|upkeep
|turn|4
|
|t:|1779715960
|switch|p1a: Zamazenta|Zamazenta|100/100
|-ability|p1a: Zamazenta|Dauntless Shield|boost
|-boost|p1a: Zamazenta|def|1
|move|p2a: Iron Treads|Ice Spinner|p1a: Zamazenta
|-damage|p1a: Zamazenta|86/100
|
|upkeep
|turn|5
|
|t:|1779715973
|move|p1a: Zamazenta|Reflect|p1a: Zamazenta
|-sidestart|p1: WEED4NOZE|Reflect
|move|p2a: Iron Treads|Earthquake|p1a: Zamazenta
|-damage|p1a: Zamazenta|73/100
|
|upkeep
|turn|6
|
|t:|1779715992
|-end|p2a: Iron Treads|Quark Drive|[silent]
|switch|p2a: Ninetales|Ninetales-Alola, F|100/100
|-weather|Snowscape|[from] ability: Snow Warning|[of] p2a: Ninetales
|move|p1a: Zamazenta|Light Screen|p1a: Zamazenta
|-sidestart|p1: WEED4NOZE|move: Light Screen
|
|-weather|Snowscape|[upkeep]
|upkeep
|turn|7
|
|t:|1779715999
|switch|p1a: Gholdengo|Gholdengo|100/100
|move|p2a: Ninetales|Aurora Veil|p2a: Ninetales
|-sidestart|p2: dropafreezedry|move: Aurora Veil
|
|-weather|Snowscape|[upkeep]
|upkeep
|turn|8
|
|t:|1779716007
|switch|p2a: Basculegion|Basculegion-F, F|100/100
|move|p1a: Gholdengo|Make It Rain|p2a: Basculegion
|-resisted|p2a: Basculegion
|-damage|p2a: Basculegion|82/100
|-unboost|p1a: Gholdengo|spa|1
|-enditem|p1a: Gholdengo|Eject Pack
|
|t:|1779716025
|switch|p1a: Kyurem|Kyurem|100/100
|-ability|p1a: Kyurem|Pressure
|
|-weather|Snowscape|[upkeep]
|upkeep
|turn|9
|
|t:|1779716031
|switch|p2a: Glaceon|Glaceon, F|100/100
|move|p1a: Kyurem|Freeze-Dry|p2a: Glaceon
|-resisted|p2a: Glaceon
|-damage|p2a: Glaceon|85/100
|
|-weather|Snowscape|[upkeep]
|-heal|p2a: Glaceon|91/100|[from] ability: Ice Body
|upkeep
|turn|10
|
|t:|1779716045
|switch|p1a: Blaziken|Blaziken, M|100/100
|move|p2a: Glaceon|Alluring Voice|p1a: Blaziken
|-damage|p1a: Blaziken|66/100
|
|-weather|none
|upkeep
|turn|11
|
|t:|1779716050
|move|p1a: Blaziken|Swords Dance|p1a: Blaziken
|-boost|p1a: Blaziken|atk|2
|move|p2a: Glaceon|Alluring Voice|p1a: Blaziken
|-damage|p1a: Blaziken|33/100
|-start|p1a: Blaziken|confusion
|
|-ability|p1a: Blaziken|Speed Boost|boost
|-boost|p1a: Blaziken|spe|1
|upkeep
|turn|12
|
|t:|1779716063
|switch|p2a: Basculegion|Basculegion-F, F|82/100
|-activate|p1a: Blaziken|confusion
|move|p1a: Blaziken|Knock Off|p2a: Basculegion
|-supereffective|p2a: Basculegion
|-damage|p2a: Basculegion|0 fnt
|-enditem|p2a: Basculegion|Choice Scarf|[from] move: Knock Off|[of] p1a: Blaziken
|faint|p2a: Basculegion
|
|-sideend|p1: WEED4NOZE|Reflect
|-ability|p1a: Blaziken|Speed Boost|boost
|-boost|p1a: Blaziken|spe|1
|upkeep
|
|t:|1779716076
|switch|p2a: Ogerpon|Ogerpon-Wellspring, F|100/100
|turn|13
|
|t:|1779716080
|-activate|p1a: Blaziken|confusion
|-damage|p1a: Blaziken|0 fnt|[from] confusion
|faint|p1a: Blaziken
|move|p2a: Ogerpon|Ivy Cudgel|p1: Blaziken|[notarget]
|-fail|p2a: Ogerpon
|
|-sideend|p1: WEED4NOZE|move: Light Screen
|upkeep
|
|t:|1779716086
|switch|p1a: Kyurem|Kyurem|100/100
|-ability|p1a: Kyurem|Pressure
|turn|14
|
|t:|1779716099
|switch|p2a: Ninetales|Ninetales-Alola, F|100/100
|-weather|Snowscape|[from] ability: Snow Warning|[of] p2a: Ninetales
|move|p1a: Kyurem|Freeze-Dry|p2a: Ninetales
|-resisted|p2a: Ninetales
|-crit|p2a: Ninetales
|-damage|p2a: Ninetales|59/100
|
|-weather|Snowscape|[upkeep]
|-sideend|p2: dropafreezedry|move: Aurora Veil
|upkeep
|turn|15
|
|t:|1779716118
|switch|p1a: Gholdengo|Gholdengo|100/100
|move|p2a: Ninetales|Aurora Veil|p2a: Ninetales
|-sidestart|p2: dropafreezedry|move: Aurora Veil
|
|-weather|Snowscape|[upkeep]
|upkeep
|turn|16
|
|t:|1779716132
|switch|p2a: Iron Treads|Iron Treads|10/100
|move|p1a: Gholdengo|Hex|p2a: Iron Treads
|-damage|p2a: Iron Treads|0 fnt
|faint|p2a: Iron Treads
|-end|p2a: Iron Treads|Quark Drive|[silent]
|
|-weather|Snowscape|[upkeep]
|upkeep
|
|t:|1779716134
|switch|p2a: Ogerpon|Ogerpon-Wellspring, F|100/100
|turn|17
|
|t:|1779716156
|move|p2a: Ogerpon|Swords Dance|p2a: Ogerpon
|-boost|p2a: Ogerpon|atk|2
|move|p1a: Gholdengo|Thunder Wave|p2a: Ogerpon|[miss]
|-miss|p1a: Gholdengo|p2a: Ogerpon
|
|-weather|Snowscape|[upkeep]
|upkeep
|turn|18
|
|t:|1779716164
|switch|p1a: Zamazenta|Zamazenta|73/100
|-terastallize|p2a: Ogerpon|Water
|detailschange|p2a: Ogerpon|Ogerpon-Wellspring-Tera, F, tera:Water
|-ability|p2a: Ogerpon|Embody Aspect (Wellspring)|boost
|-boost|p2a: Ogerpon|spd|1
|move|p2a: Ogerpon|Ivy Cudgel|p1a: Zamazenta|[anim] Ivy Cudgel Water
|-damage|p1a: Zamazenta|0 fnt
|faint|p1a: Zamazenta
|
|-weather|none
|upkeep
|inactive|WEED4NOZE has 120 seconds left.
|
|t:|1779716185
|switch|p1a: Gholdengo|Gholdengo|100/100
|turn|19
|
|t:|1779716188
|-terastallize|p1a: Gholdengo|Fairy
|move|p2a: Ogerpon|Ivy Cudgel|p1a: Gholdengo|[anim] Ivy Cudgel Water
|-damage|p1a: Gholdengo|0 fnt
|faint|p1a: Gholdengo
|
|upkeep
|-message|WEED4NOZE forfeited.
|
|win|dropafreezedry
|raw|WEED4NOZE's rating: 1415 &rarr; <strong>1395</strong><br />(-20 for losing)
|raw|dropafreezedry's rating: 1414 &rarr; <strong>1434</strong><br />(+20 for winning)
|l|☆WEED4NOZE
|player|p1|
|l|☆dropafreezedry
|player|p2|
