|j|☆xamsir
|j|☆Igoodnamename
|t:|1779604100
|gametype|singles
|player|p1|xamsir|grimsley|1562
|player|p2|Igoodnamename|aaron|1621
|gen|9
|tier|[Gen 9] OU
|rated|
|rule|HP Percentage Mod: HP is shown in percentages
|rule|Endless Battle Clause: Forcing endless battles is banned
|rule|Species Clause: Limit one of each Pokémon
|rule|OHKO Clause: OHKO moves are banned
|rule|Evasion Items Clause: Evasion items are banned
|rule|Evasion Moves Clause: Evasion moves are banned
|rule|Evasion Abilities Clause: Evasion abilities are banned
|rule|Sleep Moves Clause: Sleep-inducing moves are banned
|clearpoke
|poke|p1|Ting-Lu|
|poke|p1|Gholdengo|
|poke|p1|Enamorus, F|
|poke|p1|Gliscor, F|
|poke|p1|Ceruledge, M|
|poke|p1|Ogerpon-Wellspring, F|
|poke|p2|Pecharunt|
|poke|p2|Slowking, F|
|poke|p2|Iron Treads|
|poke|p2|Zamazenta-*|
|poke|p2|Umbreon, M|
|poke|p2|Ogerpon, F|
|teampreview
|
|t:|1779604109
|teamsize|p1|6
|teamsize|p2|6
|start
|switch|p1a: Gliscor|Gliscor, F|100/100
|switch|p2a: Slowking|Slowking, F|100/100
|turn|1
|
|t:|1779604111
|move|p1a: Gliscor|Protect|p1a: Gliscor
|-singleturn|p1a: Gliscor|Protect
|move|p2a: Slowking|Future Sight|p1a: Gliscor
|-start|p2a: Slowking|move: Future Sight
|
|-status|p1a: Gliscor|tox|[from] item: Toxic Orb
|upkeep
|turn|2
|
|t:|1779604117
|move|p1a: Gliscor|Knock Off|p2a: Slowking
|-supereffective|p2a: Slowking
|-damage|p2a: Slowking|58/100
|-enditem|p2a: Slowking|Assault Vest|[from] move: Knock Off|[of] p1a: Gliscor
|move|p2a: Slowking|Scald|p1a: Gliscor
|-supereffective|p1a: Gliscor
|-damage|p1a: Gliscor|24/100 tox
|
|-heal|p1a: Gliscor|37/100 tox|[from] ability: Poison Heal
|upkeep
|turn|3
|
|t:|1779604138
|switch|p1a: Ting-Lu|Ting-Lu|100/100
|-ability|p1a: Ting-Lu|Vessel of Ruin
|move|p2a: Slowking|Flamethrower|p1a: Ting-Lu
|-damage|p1a: Ting-Lu|91/100
|
|-end|p1a: Ting-Lu|move: Future Sight
|-immune|p1a: Ting-Lu
|-heal|p1a: Ting-Lu|97/100|[from] item: Leftovers
|upkeep
|turn|4
|
|t:|1779604143
|move|p1a: Ting-Lu|Stealth Rock|p2a: Slowking
|-sidestart|p2: Igoodnamename|move: Stealth Rock
|move|p2a: Slowking|Scald|p1a: Ting-Lu
|-supereffective|p1a: Ting-Lu
|-damage|p1a: Ting-Lu|70/100
|
|-heal|p1a: Ting-Lu|77/100|[from] item: Leftovers
|upkeep
|turn|5
|
|t:|1779604147
|switch|p2a: Ogerpon|Ogerpon, F|100/100
|-damage|p2a: Ogerpon|88/100|[from] Stealth Rock
|move|p1a: Ting-Lu|Spikes|p2a: Ogerpon
|-sidestart|p2: Igoodnamename|Spikes
|
|-heal|p1a: Ting-Lu|83/100|[from] item: Leftovers
|upkeep
|turn|6
|
|t:|1779604149
|move|p2a: Ogerpon|Ivy Cudgel|p1a: Ting-Lu
|-supereffective|p1a: Ting-Lu
|-damage|p1a: Ting-Lu|4/100
|move|p1a: Ting-Lu|Whirlwind|p2a: Ogerpon
|drag|p2a: Iron Treads|Iron Treads|100/100
|-damage|p2a: Iron Treads|97/100|[from] Stealth Rock
|-damage|p2a: Iron Treads|85/100|[from] Spikes
|
|-heal|p2a: Iron Treads|91/100|[from] item: Leftovers
|-heal|p1a: Ting-Lu|10/100|[from] item: Leftovers
|upkeep
|turn|7
|
|t:|1779604154
|switch|p1a: Gholdengo|Gholdengo|100/100
|-item|p1a: Gholdengo|Air Balloon
|move|p2a: Iron Treads|Ice Spinner|p1a: Gholdengo
|-resisted|p1a: Gholdengo
|-damage|p1a: Gholdengo|87/100
|-enditem|p1a: Gholdengo|Air Balloon
|
|-heal|p2a: Iron Treads|97/100|[from] item: Leftovers
|upkeep
|turn|8
|
|t:|1779604159
|move|p1a: Gholdengo|Shadow Ball|p2a: Iron Treads
|-damage|p2a: Iron Treads|55/100
|-unboost|p2a: Iron Treads|spd|1
|move|p2a: Iron Treads|Earthquake|p1a: Gholdengo
|-supereffective|p1a: Gholdengo
|-crit|p1a: Gholdengo
|-damage|p1a: Gholdengo|0 fnt
|faint|p1a: Gholdengo
|
|-heal|p2a: Iron Treads|61/100|[from] item: Leftovers
|upkeep
|
|t:|1779604166
|switch|p1a: Ogerpon|Ogerpon-Wellspring, F|100/100
|turn|9
|
|t:|1779604174
|-end|p2a: Iron Treads|Quark Drive|[silent]
|switch|p2a: Umbreon|Umbreon, M|100/100
|-damage|p2a: Umbreon|88/100|[from] Stealth Rock
|-damage|p2a: Umbreon|76/100|[from] Spikes
|move|p1a: Ogerpon|Ivy Cudgel|p2a: Umbreon|[anim] Ivy Cudgel Water
|-damage|p2a: Umbreon|42/100
|
|-heal|p2a: Umbreon|48/100|[from] item: Leftovers
|upkeep
|turn|10
|
|t:|1779604182
|move|p1a: Ogerpon|Swords Dance|p1a: Ogerpon
|-boost|p1a: Ogerpon|atk|2
|move|p2a: Umbreon|Foul Play|p1a: Ogerpon
|-damage|p1a: Ogerpon|0 fnt
|faint|p1a: Ogerpon
|
|-heal|p2a: Umbreon|54/100|[from] item: Leftovers
|upkeep
|
|t:|1779604187
|switch|p1a: Enamorus|Enamorus, F|100/100
|turn|11
|
|t:|1779604191
|move|p1a: Enamorus|Moonblast|p2a: Umbreon
|-supereffective|p2a: Umbreon
|-damage|p2a: Umbreon|0 fnt
|faint|p2a: Umbreon
|
|upkeep
|
|t:|1779604198
|switch|p2a: Iron Treads|Iron Treads|61/100
|-damage|p2a: Iron Treads|58/100|[from] Stealth Rock
|-damage|p2a: Iron Treads|46/100|[from] Spikes
|turn|12
|
|t:|1779604204
|move|p1a: Enamorus|Moonblast|p2a: Iron Treads
|-resisted|p2a: Iron Treads
|-damage|p2a: Iron Treads|21/100
|move|p2a: Iron Treads|Rapid Spin|p1a: Enamorus
|-damage|p1a: Enamorus|72/100
|-boost|p2a: Iron Treads|spe|1
|-sideend|p2: Igoodnamename|Spikes|[from] move: Rapid Spin|[of] p2a: Iron Treads
|-sideend|p2: Igoodnamename|Stealth Rock|[from] move: Rapid Spin|[of] p2a: Iron Treads
|
|-heal|p2a: Iron Treads|27/100|[from] item: Leftovers
|upkeep
|turn|13
|
|t:|1779604207
|move|p1a: Enamorus|Moonblast|p2a: Iron Treads
|-resisted|p2a: Iron Treads
|-damage|p2a: Iron Treads|2/100
|move|p2a: Iron Treads|Ice Spinner|p1a: Enamorus
|-supereffective|p1a: Enamorus
|-damage|p1a: Enamorus|0 fnt
|faint|p1a: Enamorus
|
|-heal|p2a: Iron Treads|8/100|[from] item: Leftovers
|upkeep
|
|t:|1779604211
|switch|p1a: Ceruledge|Ceruledge, M|100/100
|turn|14
|
|t:|1779604215
|move|p1a: Ceruledge|Shadow Sneak|p2a: Iron Treads
|-damage|p2a: Iron Treads|0 fnt
|faint|p2a: Iron Treads
|-end|p2a: Iron Treads|Quark Drive|[silent]
|
|upkeep
|
|t:|1779604222
|switch|p2a: Pecharunt|Pecharunt|100/100
|-item|p2a: Pecharunt|Air Balloon
|turn|15
|
|t:|1779604225
|move|p2a: Pecharunt|Shadow Ball|p1a: Ceruledge
|-supereffective|p1a: Ceruledge
|-damage|p1a: Ceruledge|20/100
|move|p1a: Ceruledge|Swords Dance|p1a: Ceruledge
|-boost|p1a: Ceruledge|atk|2
|
|upkeep
|turn|16
|-message|xamsir forfeited.
|
|win|Igoodnamename
|raw|xamsir's rating: 1562 &rarr; <strong>1545</strong><br />(-17 for losing)
|raw|Igoodnamename's rating: 1621 &rarr; <strong>1638</strong><br />(+17 for winning)
|l|☆xamsir
|player|p1|
|l|☆Igoodnamename
|player|p2|
