|j|☆Looneyguy24
|j|☆LeoN22poke
|t:|1779718351
|gametype|singles
|player|p1|Looneyguy24|ruinmaniac|1150
|player|p2|LeoN22poke|steven|1147
|gen|9
|tier|[Gen 9] OU
|rated|
|rule|HP Percentage Mod: HP is shown in percentages
|rule|Endless Battle Clause: Forcing endless battles is banned
|rule|Species Clause: Limit one of each Pokémon
|rule|OHKO Clause: OHKO moves are banned
|rule|Evasion Items Clause: Evasion items are banned
|rule|Evasion Moves Clause: Evasion moves are banned
|rule|Evasion Abilities Clause: Evasion abilities are banned
|rule|Sleep Moves Clause: Sleep-inducing moves are banned
|clearpoke
|poke|p1|Scizor, M|
|poke|p1|Infernape, M|
|poke|p1|Poliwrath, M|
|poke|p1|Politoed, M|
|poke|p1|Torterra, M|
|poke|p1|Garganacl, M|
|poke|p2|Kingambit, M|
|poke|p2|Zamazenta-*|
|poke|p2|Delphox, M|
|poke|p2|Rillaboom, M|
|poke|p2|Palossand, F|
|poke|p2|Cyclizar, F|
|teampreview
|inactive|Battle timer is ON: inactive players will automatically lose when time's up. (requested by Looneyguy24)
|
|t:|1779718394
|teamsize|p1|6
|teamsize|p2|6
|start
|switch|p1a: Garganacl|Garganacl, M|100/100
|switch|p2a: Palossand|Palossand, F, shiny|100/100
|turn|1
|
|t:|1779718401
|move|p1a: Garganacl|Salt Cure|p2a: Palossand
|-resisted|p2a: Palossand
|-crit|p2a: Palossand
|-damage|p2a: Palossand|93/100
|-start|p2a: Palossand|Salt Cure
|move|p2a: Palossand|Stealth Rock|p1a: Garganacl
|-sidestart|p1: Looneyguy24|move: Stealth Rock
|
|-heal|p2a: Palossand|99/100|[from] item: Leftovers
|-damage|p2a: Palossand|87/100|[from] Salt Cure
|upkeep
|turn|2
|
|t:|1779718408
|switch|p1a: Politoed|Politoed, M, shiny|100/100
|-damage|p1a: Politoed|88/100|[from] Stealth Rock
|-weather|RainDance|[from] ability: Drizzle|[of] p1a: Politoed
|move|p2a: Palossand|Scorching Sands|p1a: Politoed
|-damage|p1a: Politoed|73/100
|
|-weather|RainDance|[upkeep]
|-heal|p2a: Palossand|93/100|[from] item: Leftovers
|-damage|p2a: Palossand|81/100|[from] Salt Cure
|upkeep
|turn|3
|
|t:|1779718421
|move|p1a: Politoed|Weather Ball|p2a: Palossand
|-supereffective|p2a: Palossand
|-damage|p2a: Palossand|0 fnt
|faint|p2a: Palossand
|
|-weather|RainDance|[upkeep]
|upkeep
|
|t:|1779718436
|switch|p2a: Rillaboom|Rillaboom, M|100/100
|-fieldstart|move: Grassy Terrain|[from] ability: Grassy Surge|[of] p2a: Rillaboom
|turn|4
|
|t:|1779718444
|switch|p1a: Infernape|Infernape, M|100/100
|-damage|p1a: Infernape|88/100|[from] Stealth Rock
|move|p2a: Rillaboom|Wood Hammer|p1a: Infernape
|-resisted|p1a: Infernape
|-damage|p1a: Infernape|15/100
|-damage|p2a: Rillaboom|80/100|[from] Recoil
|
|-weather|RainDance|[upkeep]
|-heal|p1a: Infernape|21/100|[from] Grassy Terrain
|-heal|p2a: Rillaboom|86/100|[from] Grassy Terrain
|upkeep
|turn|5
|
|t:|1779718456
|move|p2a: Rillaboom|Grassy Glide|p1a: Infernape
|-resisted|p1a: Infernape
|-damage|p1a: Infernape|0 fnt
|faint|p1a: Infernape
|
|-weather|RainDance|[upkeep]
|-heal|p2a: Rillaboom|92/100|[from] Grassy Terrain
|upkeep
|
|t:|1779718462
|switch|p1a: Scizor|Scizor, M|100/100
|-damage|p1a: Scizor|88/100|[from] Stealth Rock
|turn|6
|
|t:|1779718473
|move|p1a: Scizor|Bullet Punch|p2a: Rillaboom
|-damage|p2a: Rillaboom|54/100
|move|p2a: Rillaboom|U-turn|p1a: Scizor
|-resisted|p1a: Scizor
|-damage|p1a: Scizor|76/100
|
|t:|1779718479
|switch|p2a: Delphox|Delphox, M, shiny|100/100|[from] U-turn
|-item|p2a: Delphox|Air Balloon
|
|-weather|RainDance|[upkeep]
|-heal|p1a: Scizor|82/100|[from] Grassy Terrain
|-heal|p1a: Scizor|88/100|[from] item: Leftovers
|upkeep
|turn|7
|
|t:|1779718490
|-terastallize|p1a: Scizor|Dragon
|move|p2a: Delphox|Future Sight|p1a: Scizor
|-start|p2a: Delphox|move: Future Sight
|move|p1a: Scizor|Knock Off|p2a: Delphox
|-supereffective|p2a: Delphox
|-damage|p2a: Delphox|0 fnt
|-enditem|p2a: Delphox|Air Balloon
|faint|p2a: Delphox
|
|-weather|RainDance|[upkeep]
|-heal|p1a: Scizor|94/100|[from] Grassy Terrain
|-heal|p1a: Scizor|100/100|[from] item: Leftovers
|upkeep
|
|t:|1779718510
|switch|p2a: Zamazenta|Zamazenta|100/100
|-ability|p2a: Zamazenta|Dauntless Shield|boost
|-boost|p2a: Zamazenta|def|1
|turn|8
|
|t:|1779718522
|move|p2a: Zamazenta|Iron Defense|p2a: Zamazenta
|-boost|p2a: Zamazenta|def|2
|move|p1a: Scizor|Swords Dance|p1a: Scizor
|-boost|p1a: Scizor|atk|2
|
|-weather|RainDance|[upkeep]
|-fieldend|move: Grassy Terrain
|upkeep
|turn|9
|
|t:|1779718531
|move|p2a: Zamazenta|Iron Defense|p2a: Zamazenta
|-boost|p2a: Zamazenta|def|2
|move|p1a: Scizor|Swords Dance|p1a: Scizor
|-boost|p1a: Scizor|atk|2
|
|-weather|none
|-end|p1a: Scizor|move: Future Sight
|-damage|p1a: Scizor|36/100
|-heal|p1a: Scizor|42/100|[from] item: Leftovers
|upkeep
|turn|10
|
|t:|1779718542
|move|p1a: Scizor|Bullet Punch|p2a: Zamazenta
|-damage|p2a: Zamazenta|74/100
|move|p2a: Zamazenta|Body Press|p1a: Scizor
|-damage|p1a: Scizor|0 fnt
|faint|p1a: Scizor
|
|upkeep
|inactive|Looneyguy24 has 120 seconds left.
|
|t:|1779718574
|switch|p1a: Politoed|Politoed, M, shiny|73/100
|-damage|p1a: Politoed|60/100|[from] Stealth Rock
|-weather|RainDance|[from] ability: Drizzle|[of] p1a: Politoed
|turn|11
|
|t:|1779718580
|move|p2a: Zamazenta|Body Press|p1a: Politoed
|-damage|p1a: Politoed|0 fnt
|faint|p1a: Politoed
|
|-weather|RainDance|[upkeep]
|upkeep
|
|t:|1779718584
|switch|p1a: Poliwrath|Poliwrath, M|100/100
|-damage|p1a: Poliwrath|94/100|[from] Stealth Rock
|turn|12
|
|t:|1779718590
|move|p1a: Poliwrath|Belly Drum|p1a: Poliwrath
|-damage|p1a: Poliwrath|44/100
|-setboost|p1a: Poliwrath|atk|6|[from] move: Belly Drum
|-enditem|p1a: Poliwrath|Sitrus Berry|[eat]
|-heal|p1a: Poliwrath|69/100|[from] item: Sitrus Berry
|move|p2a: Zamazenta|Body Press|p1a: Poliwrath
|-damage|p1a: Poliwrath|0 fnt
|faint|p1a: Poliwrath
|
|-weather|RainDance|[upkeep]
|upkeep
|-message|Looneyguy24 forfeited.
|
|win|LeoN22poke
|raw|Looneyguy24's rating: 1150 &rarr; <strong>1125</strong><br />(-25 for losing)
|raw|LeoN22poke's rating: 1147 &rarr; <strong>1172</strong><br />(+25 for winning)
|l|☆Looneyguy24
|player|p1|
|l|☆LeoN22poke
|player|p2|
