|j|☆Mr Tpen
|j|☆OP Earthquakes
|t:|1779643267
|gametype|singles
|player|p1|Mr Tpen|102|1598
|player|p2|OP Earthquakes|giovanni-masters|1672
|gen|9
|tier|[Gen 9] OU
|rated|
|rule|HP Percentage Mod: HP is shown in percentages
|rule|Endless Battle Clause: Forcing endless battles is banned
|rule|Species Clause: Limit one of each Pokémon
|rule|OHKO Clause: OHKO moves are banned
|rule|Evasion Items Clause: Evasion items are banned
|rule|Evasion Moves Clause: Evasion moves are banned
|rule|Evasion Abilities Clause: Evasion abilities are banned
|rule|Sleep Moves Clause: Sleep-inducing moves are banned
|clearpoke
|poke|p1|Kyurem|
|poke|p1|Hatterene, F|
|poke|p1|Darkrai|
|poke|p1|Great Tusk|
|poke|p1|Dragonite, F|
|poke|p1|Gholdengo|
|poke|p2|Tyranitar, M|
|poke|p2|Pawmot, M|
|poke|p2|Ninetales-Alola, M|
|poke|p2|Excadrill, F|
|poke|p2|Hawlucha, M|
|poke|p2|Kyurem|
|teampreview
|inactive|Battle timer is ON: inactive players will automatically lose when time's up. (requested by OP Earthquakes)
|
|t:|1779643286
|teamsize|p1|6
|teamsize|p2|6
|start
|switch|p1a: Great Tusk|Great Tusk|100/100
|switch|p2a: Ninetales|Ninetales-Alola, M|100/100
|-weather|Snowscape|[from] ability: Snow Warning|[of] p2a: Ninetales
|turn|1
|
|t:|1779643292
|-end|p1a: Great Tusk|Protosynthesis|[silent]
|switch|p1a: Kyurem|Kyurem|100/100
|-ability|p1a: Kyurem|Pressure
|move|p2a: Ninetales|Moonblast|p1a: Kyurem
|-supereffective|p1a: Kyurem
|-crit|p1a: Kyurem
|-damage|p1a: Kyurem|40/100
|
|-weather|Snowscape|[upkeep]
|upkeep
|turn|2
|
|t:|1779643297
|move|p2a: Ninetales|Moonblast|p1a: Kyurem
|-supereffective|p1a: Kyurem
|-damage|p1a: Kyurem|0 fnt
|faint|p1a: Kyurem
|
|-weather|Snowscape|[upkeep]
|upkeep
|
|t:|1779643299
|switch|p1a: Gholdengo|Gholdengo|100/100
|turn|3
|
|t:|1779643303
|switch|p2a: Porunga|Pawmot, M|100/100
|move|p1a: Gholdengo|Nasty Plot|p1a: Gholdengo
|-boost|p1a: Gholdengo|spa|2
|
|-weather|Snowscape|[upkeep]
|upkeep
|turn|4
|
|t:|1779643309
|switch|p2a: The sandstorm|Tyranitar, M, shiny|100/100
|-weather|Sandstorm|[from] ability: Sand Stream|[of] p2a: The sandstorm
|move|p1a: Gholdengo|Psyshock|p2a: The sandstorm
|-immune|p2a: The sandstorm
|
|-weather|Sandstorm|[upkeep]
|upkeep
|turn|5
|
|t:|1779643327
|switch|p2a: OP|Excadrill, F|100/100
|move|p1a: Gholdengo|Make It Rain|p2a: OP
|-resisted|p2a: OP
|-damage|p2a: OP|17/100
|-unboost|p1a: Gholdengo|spa|1
|
|-weather|Sandstorm|[upkeep]
|upkeep
|turn|6
|
|t:|1779643334
|move|p2a: OP|Earthquake|p1a: Gholdengo
|-supereffective|p1a: Gholdengo
|-enditem|p1a: Gholdengo|Shuca Berry|[eat]
|-enditem|p1a: Gholdengo|Shuca Berry|[weaken]
|-damage|p1a: Gholdengo|16/100
|move|p1a: Gholdengo|Make It Rain|p2a: OP
|-resisted|p2a: OP
|-damage|p2a: OP|0 fnt
|-unboost|p1a: Gholdengo|spa|1
|faint|p2a: OP
|
|-weather|Sandstorm|[upkeep]
|upkeep
|
|t:|1779643341
|switch|p2a: Itachi|Hawlucha, M, shiny|100/100
|-ability|p2a: Itachi|Mold Breaker
|turn|7
|
|t:|1779643357
|move|p2a: Itachi|Brave Bird|p1a: Gholdengo
|-resisted|p1a: Gholdengo
|-damage|p1a: Gholdengo|0 fnt
|faint|p1a: Gholdengo
|-damage|p2a: Itachi|95/100|[from] Recoil
|
|-weather|Sandstorm|[upkeep]
|-damage|p2a: Itachi|89/100|[from] Sandstorm
|upkeep
|
|t:|1779643360
|switch|p1a: Darkrai|Darkrai|100/100
|turn|8
|
|t:|1779643363
|switch|p2a: Ninetales|Ninetales-Alola, M|100/100
|-weather|Snowscape|[from] ability: Snow Warning|[of] p2a: Ninetales
|move|p1a: Darkrai|Ice Beam|p2a: Ninetales
|-resisted|p2a: Ninetales
|-damage|p2a: Ninetales|83/100
|
|-weather|Snowscape|[upkeep]
|upkeep
|turn|9
|
|t:|1779643367
|switch|p1a: Hatterene|Hatterene, F|100/100
|move|p2a: Ninetales|Aurora Veil|p2a: Ninetales
|-sidestart|p2: OP Earthquakes|move: Aurora Veil
|
|-weather|Snowscape|[upkeep]
|upkeep
|turn|10
|
|t:|1779643373
|switch|p2a: Porunga|Pawmot, M|100/100
|move|p1a: Hatterene|Nuzzle|p2a: Porunga
|-immune|p2a: Porunga|[from] ability: Volt Absorb
|
|-weather|Snowscape|[upkeep]
|upkeep
|turn|11
|
|t:|1779643376
|move|p2a: Porunga|Revival Blessing|p2a: Porunga
|-enditem|p2a: Porunga|Leppa Berry|[eat]
|-activate|p2a: Porunga|item: Leppa Berry|Revival Blessing|[consumed]
|
|t:|1779643379
|-heal|p2: OP|50/100|[from] move: Revival Blessing
|move|p1a: Hatterene|Draining Kiss|p2a: Porunga
|-supereffective|p2a: Porunga
|-damage|p2a: Porunga|63/100
|
|-weather|Snowscape|[upkeep]
|upkeep
|turn|12
|
|t:|1779643385
|switch|p2a: OP|Excadrill, F|50/100
|move|p1a: Hatterene|Draining Kiss|p2a: OP
|-resisted|p2a: OP
|-damage|p2a: OP|43/100
|
|-weather|none
|upkeep
|turn|13
|
|t:|1779643389
|switch|p1a: Great Tusk|Great Tusk|100/100
|move|p2a: OP|Iron Head|p1a: Great Tusk
|-damage|p1a: Great Tusk|63/100
|
|-heal|p1a: Great Tusk|69/100|[from] item: Leftovers
|-sideend|p2: OP Earthquakes|move: Aurora Veil
|upkeep
|turn|14
|
|t:|1779643394
|switch|p2a: Itachi|Hawlucha, M, shiny|89/100
|-ability|p2a: Itachi|Mold Breaker
|move|p1a: Great Tusk|Stealth Rock|p2a: Itachi
|-sidestart|p2: OP Earthquakes|move: Stealth Rock
|
|-heal|p1a: Great Tusk|75/100|[from] item: Leftovers
|upkeep
|turn|15
|
|t:|1779643399
|move|p2a: Itachi|Defog|p1a: Great Tusk
|-unboost|p1a: Great Tusk|evasion|1
|-sideend|p2: OP Earthquakes|Stealth Rock|[from] move: Defog|[of] p2a: Itachi
|move|p1a: Great Tusk|Rapid Spin|p2a: Itachi
|-damage|p2a: Itachi|68/100
|-boost|p1a: Great Tusk|spe|1
|-enditem|p2a: Itachi|Red Card|[of] p1a: Great Tusk
|-end|p1a: Great Tusk|Protosynthesis|[silent]
|drag|p1a: Dragonite|Dragonite, F|100/100
|
|upkeep
|turn|16
|
|t:|1779643404
|switch|p2a: The sandstorm|Tyranitar, M, shiny|100/100
|-weather|Sandstorm|[from] ability: Sand Stream|[of] p2a: The sandstorm
|move|p1a: Dragonite|Dragon Dance|p1a: Dragonite
|-boost|p1a: Dragonite|atk|1
|-boost|p1a: Dragonite|spe|1
|
|-weather|Sandstorm|[upkeep]
|-damage|p1a: Dragonite|94/100|[from] Sandstorm
|upkeep
|turn|17
|
|t:|1779643409
|move|p1a: Dragonite|Earthquake|p2a: The sandstorm
|-supereffective|p2a: The sandstorm
|-damage|p2a: The sandstorm|32/100
|move|p2a: The sandstorm|Ice Beam|p1a: Dragonite
|-supereffective|p1a: Dragonite
|-damage|p1a: Dragonite|5/100
|
|-weather|Sandstorm|[upkeep]
|-damage|p1a: Dragonite|0 fnt|[from] Sandstorm
|faint|p1a: Dragonite
|upkeep
|
|t:|1779643411
|switch|p1a: Great Tusk|Great Tusk|75/100
|turn|18
|
|t:|1779643414
|move|p1a: Great Tusk|Rapid Spin|p2a: The sandstorm
|-resisted|p2a: The sandstorm
|-damage|p2a: The sandstorm|28/100
|-boost|p1a: Great Tusk|spe|1
|move|p2a: The sandstorm|Ice Beam|p1a: Great Tusk
|-supereffective|p1a: Great Tusk
|-damage|p1a: Great Tusk|6/100
|
|-weather|Sandstorm|[upkeep]
|-heal|p1a: Great Tusk|12/100|[from] item: Leftovers
|upkeep
|turn|19
|
|t:|1779643422
|switch|p2a: Ninetales|Ninetales-Alola, M|83/100
|-weather|Snowscape|[from] ability: Snow Warning|[of] p2a: Ninetales
|move|p1a: Great Tusk|Ice Spinner|p2a: Ninetales
|-resisted|p2a: Ninetales
|-damage|p2a: Ninetales|71/100
|
|-weather|Snowscape|[upkeep]
|-heal|p1a: Great Tusk|18/100|[from] item: Leftovers
|upkeep
|turn|20
|
|t:|1779643426
|move|p2a: Ninetales|Moonblast|p1a: Great Tusk
|-supereffective|p1a: Great Tusk
|-damage|p1a: Great Tusk|0 fnt
|faint|p1a: Great Tusk
|-end|p1a: Great Tusk|Protosynthesis|[silent]
|
|-weather|Snowscape|[upkeep]
|upkeep
|
|t:|1779643429
|switch|p1a: Hatterene|Hatterene, F|100/100
|turn|21
|
|t:|1779643437
|switch|p2a: The sandstorm|Tyranitar, M, shiny|28/100
|-weather|Sandstorm|[from] ability: Sand Stream|[of] p2a: The sandstorm
|move|p1a: Hatterene|Draining Kiss|p2a: The sandstorm
|-supereffective|p2a: The sandstorm
|-damage|p2a: The sandstorm|0 fnt
|faint|p2a: The sandstorm
|
|-weather|Sandstorm|[upkeep]
|-damage|p1a: Hatterene|95/100|[from] Sandstorm
|upkeep
|
|t:|1779643442
|switch|p2a: OP|Excadrill, F|43/100
|turn|22
|
|t:|1779643462
|-terastallize|p1a: Hatterene|Flying
|move|p2a: OP|Earthquake|p1a: Hatterene
|-immune|p1a: Hatterene
|move|p1a: Hatterene|Psychic Noise|p2a: OP
|-resisted|p2a: OP
|-damage|p2a: OP|23/100
|-start|p2a: OP|move: Heal Block
|
|-weather|Sandstorm|[upkeep]
|-damage|p1a: Hatterene|89/100|[from] Sandstorm
|upkeep
|turn|23
|
|t:|1779643469
|switch|p2a: Toshiro|Kyurem, shiny|100/100
|-ability|p2a: Toshiro|Pressure
|move|p1a: Hatterene|Nuzzle|p2a: Toshiro
|-resisted|p2a: Toshiro
|-damage|p2a: Toshiro|99/100
|-status|p2a: Toshiro|par
|
|-weather|Sandstorm|[upkeep]
|-damage|p2a: Toshiro|93/100 par|[from] Sandstorm
|-damage|p1a: Hatterene|83/100|[from] Sandstorm
|upkeep
|turn|24
|
|t:|1779643472
|switch|p1a: Darkrai|Darkrai|100/100
|move|p2a: Toshiro|Freeze-Dry|p1a: Darkrai
|-damage|p1a: Darkrai|47/100
|
|-weather|Sandstorm|[upkeep]
|-damage|p1a: Darkrai|41/100|[from] Sandstorm
|-damage|p2a: Toshiro|87/100 par|[from] Sandstorm
|upkeep
|turn|25
|
|t:|1779643479
|switch|p2a: Ninetales|Ninetales-Alola, M|71/100
|-weather|Snowscape|[from] ability: Snow Warning|[of] p2a: Ninetales
|move|p1a: Darkrai|Ice Beam|p2a: Ninetales
|-resisted|p2a: Ninetales
|-damage|p2a: Ninetales|56/100
|
|-weather|Snowscape|[upkeep]
|upkeep
|turn|26
|
|t:|1779643481
|move|p1a: Darkrai|Ice Beam|p2a: Ninetales
|-resisted|p2a: Ninetales
|-damage|p2a: Ninetales|39/100
|move|p2a: Ninetales|Moonblast|p1a: Darkrai
|-supereffective|p1a: Darkrai
|-damage|p1a: Darkrai|0 fnt
|faint|p1a: Darkrai
|
|-weather|Snowscape|[upkeep]
|upkeep
|
|t:|1779643483
|switch|p1a: Hatterene|Hatterene, F, tera:Flying|83/100
|turn|27
|
|t:|1779643499
|switch|p2a: Porunga|Pawmot, M|63/100
|move|p1a: Hatterene|Draining Kiss|p2a: Porunga
|-supereffective|p2a: Porunga
|-damage|p2a: Porunga|0 fnt
|-heal|p1a: Hatterene|100/100|[from] drain|[of] p2a: Porunga
|faint|p2a: Porunga
|
|-weather|Snowscape|[upkeep]
|upkeep
|
|t:|1779643502
|switch|p2a: Toshiro|Kyurem, shiny|87/100 par
|-ability|p2a: Toshiro|Pressure
|turn|28
|
|t:|1779643508
|move|p2a: Toshiro|Freeze-Dry|p1a: Hatterene
|-supereffective|p1a: Hatterene
|-damage|p1a: Hatterene|4/100
|-status|p1a: Hatterene|frz
|cant|p1a: Hatterene|frz
|
|-weather|Snowscape|[upkeep]
|upkeep
|turn|29
|c|☆OP Earthquakes|lol
|c|☆OP Earthquakes|gg
|
|t:|1779643516
|switch|p2a: OP|Excadrill, F|23/100
|cant|p1a: Hatterene|frz
|
|-weather|none
|upkeep
|turn|30
|
|t:|1779643520
|move|p2a: OP|Iron Head|p1a: Hatterene
|-damage|p1a: Hatterene|0 fnt
|-damage|p2a: OP|6/100|[from] item: Rocky Helmet|[of] p1a: Hatterene
|faint|p1a: Hatterene
|
|win|OP Earthquakes
|raw|Mr Tpen's rating: 1576 &rarr; <strong>1561</strong><br />(-15 for losing)
|raw|OP Earthquakes's rating: 1672 &rarr; <strong>1687</strong><br />(+15 for winning)
|l|☆OP Earthquakes
|player|p2|
|l|☆Mr Tpen
|player|p1|
