|j|☆thecasualgamer911
|j|☆crissperez
|t:|1779604633
|gametype|singles
|player|p1|thecasualgamer911|cynthia-gen4|1294
|player|p2|crissperez|juan|1301
|gen|9
|tier|[Gen 9] OU
|rated|
|rule|HP Percentage Mod: HP is shown in percentages
|rule|Endless Battle Clause: Forcing endless battles is banned
|rule|Species Clause: Limit one of each Pokémon
|rule|OHKO Clause: OHKO moves are banned
|rule|Evasion Items Clause: Evasion items are banned
|rule|Evasion Moves Clause: Evasion moves are banned
|rule|Evasion Abilities Clause: Evasion abilities are banned
|rule|Sleep Moves Clause: Sleep-inducing moves are banned
|clearpoke
|poke|p1|Blaziken, F|
|poke|p1|Landorus-Therian, M|
|poke|p1|Kingambit, M|
|poke|p1|Great Tusk|
|poke|p1|Dragonite, M|
|poke|p1|Primarina, F|
|poke|p2|Serperior, F|
|poke|p2|Hawlucha, M|
|poke|p2|Iron Crown|
|poke|p2|Garganacl, M|
|poke|p2|Florges, F|
|poke|p2|Ogerpon-Wellspring, F|
|teampreview
|inactive|Battle timer is ON: inactive players will automatically lose when time's up. (requested by thecasualgamer911)
|
|t:|1779604653
|teamsize|p1|6
|teamsize|p2|6
|start
|switch|p1a: Kingambit|Kingambit, M|100/100
|switch|p2a: Serperior|Serperior, F|100/100
|turn|1
|
|t:|1779604661
|move|p2a: Serperior|Glare|p1a: Kingambit
|-status|p1a: Kingambit|par
|move|p1a: Kingambit|Swords Dance|p1a: Kingambit
|-boost|p1a: Kingambit|atk|2
|
|upkeep
|turn|2
|
|t:|1779604669
|move|p2a: Serperior|Leech Seed|p1a: Kingambit
|-start|p1a: Kingambit|move: Leech Seed
|cant|p1a: Kingambit|par
|
|-damage|p1a: Kingambit|88/100 par|[from] Leech Seed|[of] p2a: Serperior
|upkeep
|turn|3
|
|t:|1779604675
|move|p2a: Serperior|Leaf Storm|p1a: Kingambit
|-resisted|p1a: Kingambit
|-crit|p1a: Kingambit
|-damage|p1a: Kingambit|43/100 par
|-boost|p2a: Serperior|spa|2
|cant|p1a: Kingambit|par
|
|-heal|p1a: Kingambit|49/100 par|[from] item: Leftovers
|-damage|p1a: Kingambit|37/100 par|[from] Leech Seed|[of] p2a: Serperior
|upkeep
|turn|4
|
|t:|1779604686
|move|p1a: Kingambit|Sucker Punch|p2a: Serperior
|-enditem|p2a: Serperior|Focus Sash
|-damage|p2a: Serperior|1/100
|move|p2a: Serperior|Leaf Storm|p1a: Kingambit
|-resisted|p1a: Kingambit
|-damage|p1a: Kingambit|0 fnt
|-boost|p2a: Serperior|spa|2
|faint|p1a: Kingambit
|-end|p1a: Kingambit|fallenundefined|[silent]
|
|upkeep
|
|t:|1779604689
|switch|p1a: Dragonite|Dragonite, M|100/100
|turn|5
|
|t:|1779604698
|move|p1a: Dragonite|Extreme Speed|p2a: Serperior
|-damage|p2a: Serperior|0 fnt
|faint|p2a: Serperior
|
|upkeep
|
|t:|1779604707
|switch|p2a: Florges|Florges, F|100/100
|turn|6
|
|t:|1779604712
|-terastallize|p1a: Dragonite|Normal
|move|p1a: Dragonite|Extreme Speed|p2a: Florges
|-damage|p2a: Florges|17/100
|move|p2a: Florges|Calm Mind|p2a: Florges
|-boost|p2a: Florges|spa|1
|-boost|p2a: Florges|spd|1
|
|-heal|p2a: Florges|23/100|[from] item: Leftovers
|upkeep
|turn|7
|
|t:|1779604725
|switch|p2a: Garganacl|Garganacl, M|100/100
|move|p1a: Dragonite|Extreme Speed|p2a: Garganacl
|-resisted|p2a: Garganacl
|-damage|p2a: Garganacl|82/100
|-damage|p1a: Dragonite|84/100|[from] item: Rocky Helmet|[of] p2a: Garganacl
|
|upkeep
|turn|8
|
|t:|1779604736
|switch|p1a: Primarina|Primarina, F|100/100
|move|p2a: Garganacl|Salt Cure|p1a: Primarina
|-damage|p1a: Primarina|80/100
|-start|p1a: Primarina|Salt Cure
|
|-damage|p1a: Primarina|55/100|[from] Salt Cure
|upkeep
|turn|9
|
|t:|1779604746
|switch|p2a: Florges|Florges, F|23/100
|move|p1a: Primarina|Surf|p2a: Florges
|-crit|p2a: Florges
|-damage|p2a: Florges|0 fnt
|faint|p2a: Florges
|
|-damage|p1a: Primarina|30/100|[from] Salt Cure
|upkeep
|
|t:|1779604759
|switch|p2a: Ogerpon|Ogerpon-Wellspring, F|100/100
|turn|10
|
|t:|1779604779
|move|p2a: Ogerpon|Swords Dance|p2a: Ogerpon
|-boost|p2a: Ogerpon|atk|2
|move|p1a: Primarina|Moonblast|p2a: Ogerpon
|-damage|p2a: Ogerpon|33/100
|
|-damage|p1a: Primarina|5/100|[from] Salt Cure
|upkeep
|turn|11
|
|t:|1779604799
|move|p2a: Ogerpon|Knock Off|p1a: Primarina
|-resisted|p1a: Primarina
|-damage|p1a: Primarina|0 fnt
|-enditem|p1a: Primarina|Assault Vest|[from] move: Knock Off|[of] p2a: Ogerpon
|faint|p1a: Primarina
|
|upkeep
|
|t:|1779604814
|switch|p1a: Dragonite|Dragonite, M, tera:Normal|84/100
|turn|12
|
|t:|1779604818
|switch|p2a: Garganacl|Garganacl, M|82/100
|move|p1a: Dragonite|Extreme Speed|p2a: Garganacl
|-resisted|p2a: Garganacl
|-damage|p2a: Garganacl|64/100
|-damage|p1a: Dragonite|68/100|[from] item: Rocky Helmet|[of] p2a: Garganacl
|
|upkeep
|turn|13
|
|t:|1779604826
|switch|p1a: Landorus|Landorus-Therian, M|100/100
|-ability|p1a: Landorus|Intimidate|boost
|-unboost|p2a: Garganacl|atk|1
|move|p2a: Garganacl|Salt Cure|p1a: Landorus
|-damage|p1a: Landorus|88/100
|-start|p1a: Landorus|Salt Cure
|
|-damage|p1a: Landorus|76/100|[from] Salt Cure
|upkeep
|turn|14
|
|t:|1779604839
|switch|p2a: Hawlucha|Hawlucha, M|100/100
|move|p1a: Landorus|Stealth Rock|p2a: Hawlucha
|-sidestart|p2: crissperez|move: Stealth Rock
|
|-damage|p1a: Landorus|64/100|[from] Salt Cure
|upkeep
|turn|15
|
|t:|1779604850
|switch|p1a: Great Tusk|Great Tusk|100/100
|-enditem|p1a: Great Tusk|Booster Energy
|-activate|p1a: Great Tusk|ability: Protosynthesis|[fromitem]
|-start|p1a: Great Tusk|protosynthesisspe
|move|p2a: Hawlucha|Substitute|p2a: Hawlucha
|-start|p2a: Hawlucha|Substitute
|-damage|p2a: Hawlucha|75/100
|
|upkeep
|turn|16
|
|t:|1779604859
|move|p1a: Great Tusk|Ice Spinner|p2a: Hawlucha
|-supereffective|p2a: Hawlucha
|-end|p2a: Hawlucha|Substitute
|move|p2a: Hawlucha|Substitute|p2a: Hawlucha
|-start|p2a: Hawlucha|Substitute
|-damage|p2a: Hawlucha|50/100
|-enditem|p2a: Hawlucha|Sitrus Berry|[eat]
|-heal|p2a: Hawlucha|75/100|[from] item: Sitrus Berry
|
|upkeep
|turn|17
|
|t:|1779604888
|move|p2a: Hawlucha|Swords Dance|p2a: Hawlucha
|-boost|p2a: Hawlucha|atk|2
|move|p1a: Great Tusk|Ice Spinner|p2a: Hawlucha
|-supereffective|p2a: Hawlucha
|-end|p2a: Hawlucha|Substitute
|
|upkeep
|turn|18
|
|t:|1779604895
|move|p2a: Hawlucha|Acrobatics|p1a: Great Tusk
|-supereffective|p1a: Great Tusk
|-damage|p1a: Great Tusk|0 fnt
|faint|p1a: Great Tusk
|-end|p1a: Great Tusk|Protosynthesis|[silent]
|
|upkeep
|
|t:|1779604900
|switch|p1a: Dragonite|Dragonite, M, tera:Normal|68/100
|turn|19
|
|t:|1779604904
|-terastallize|p2a: Hawlucha|Steel
|move|p1a: Dragonite|Extreme Speed|p2a: Hawlucha
|-resisted|p2a: Hawlucha
|-crit|p2a: Hawlucha
|-damage|p2a: Hawlucha|0 fnt
|faint|p2a: Hawlucha
|
|upkeep
|
|t:|1779604927
|switch|p2a: Iron Crown|Iron Crown|100/100
|-damage|p2a: Iron Crown|94/100|[from] Stealth Rock
|-enditem|p2a: Iron Crown|Booster Energy
|-activate|p2a: Iron Crown|ability: Quark Drive|[fromitem]
|-start|p2a: Iron Crown|quarkdrivespe
|turn|20
|
|t:|1779604933
|switch|p1a: Landorus|Landorus-Therian, M|64/100
|-ability|p1a: Landorus|Intimidate|boost
|-unboost|p2a: Iron Crown|atk|1
|move|p2a: Iron Crown|Calm Mind|p2a: Iron Crown
|-boost|p2a: Iron Crown|spa|1
|-boost|p2a: Iron Crown|spd|1
|
|upkeep
|turn|21
|
|t:|1779604941
|move|p2a: Iron Crown|Tachyon Cutter|p1a: Landorus
|-damage|p1a: Landorus|15/100
|-damage|p1a: Landorus|0 fnt
|faint|p1a: Landorus
|-hitcount|p1: Landorus|2
|
|upkeep
|
|t:|1779604944
|switch|p1a: Blaziken|Blaziken, F|100/100
|turn|22
|
|t:|1779604950
|move|p1a: Blaziken|Protect|p1a: Blaziken
|-singleturn|p1a: Blaziken|Protect
|move|p2a: Iron Crown|Psyshock|p1a: Blaziken
|-activate|p1a: Blaziken|move: Protect
|
|-ability|p1a: Blaziken|Speed Boost|boost
|-boost|p1a: Blaziken|spe|1
|upkeep
|turn|23
|
|t:|1779604958
|move|p2a: Iron Crown|Psyshock|p1a: Blaziken
|-supereffective|p1a: Blaziken
|-damage|p1a: Blaziken|0 fnt
|faint|p1a: Blaziken
|
|upkeep
|
|t:|1779604961
|switch|p1a: Dragonite|Dragonite, M, tera:Normal|68/100
|turn|24
|
|t:|1779604969
|move|p2a: Iron Crown|Tachyon Cutter|p1a: Dragonite
|-damage|p1a: Dragonite|27/100
|-damage|p1a: Dragonite|0 fnt
|faint|p1a: Dragonite
|-hitcount|p1: Dragonite|2
|
|win|crissperez
|raw|thecasualgamer911's rating: 1294 &rarr; <strong>1270</strong><br />(-24 for losing)
|raw|crissperez's rating: 1301 &rarr; <strong>1321</strong><br />(+20 for winning)
|l|☆thecasualgamer911
|player|p1|
|l|☆crissperez
|player|p2|
