|j|☆Fowa2003
|j|☆atriwme
|t:|1779571659
|gametype|singles
|player|p1|Fowa2003|giovanni|1412
|player|p2|atriwme|dawn|1370
|gen|9
|tier|[Gen 9] OU
|rated|
|rule|HP Percentage Mod: HP is shown in percentages
|rule|Endless Battle Clause: Forcing endless battles is banned
|rule|Species Clause: Limit one of each Pokémon
|rule|OHKO Clause: OHKO moves are banned
|rule|Evasion Items Clause: Evasion items are banned
|rule|Evasion Moves Clause: Evasion moves are banned
|rule|Evasion Abilities Clause: Evasion abilities are banned
|rule|Sleep Moves Clause: Sleep-inducing moves are banned
|clearpoke
|poke|p1|Suicune|
|poke|p1|Entei|
|poke|p1|Raikou|
|poke|p1|Fezandipiti, M|
|poke|p1|Okidogi, M|
|poke|p1|Munkidori, M|
|poke|p2|Tyranitar, F|
|poke|p2|Excadrill, M|
|poke|p2|Hydrapple, F|
|poke|p2|Heatran, M|
|poke|p2|Keldeo-Resolute|
|poke|p2|Tornadus-Therian, M|
|teampreview
|inactive|Battle timer is ON: inactive players will automatically lose when time's up. (requested by atriwme)
|
|t:|1779571666
|teamsize|p1|6
|teamsize|p2|6
|start
|switch|p1a: Raikou|Raikou, shiny|100/100
|switch|p2a: Tyranitar|Tyranitar, F, shiny|100/100
|-ability|p1a: Raikou|Pressure
|-weather|Sandstorm|[from] ability: Sand Stream|[of] p2a: Tyranitar
|turn|1
|
|t:|1779571669
|move|p1a: Raikou|Aura Sphere|p2a: Tyranitar
|-supereffective|p2a: Tyranitar
|-damage|p2a: Tyranitar|37/100
|move|p2a: Tyranitar|Knock Off|p1a: Raikou
|-damage|p1a: Raikou|0 fnt
|-enditem|p1a: Raikou|Heavy-Duty Boots|[from] move: Knock Off|[of] p2a: Tyranitar
|faint|p1a: Raikou
|
|-weather|Sandstorm|[upkeep]
|upkeep
|
|t:|1779571681
|switch|p1a: Okidogi|Okidogi, M|100/100
|turn|2
|
|t:|1779571686
|switch|p2a: Tornadus|Tornadus-Therian, M|100/100
|move|p1a: Okidogi|Substitute|p1a: Okidogi
|-start|p1a: Okidogi|Substitute
|-damage|p1a: Okidogi|75/100
|
|-weather|Sandstorm|[upkeep]
|-damage|p2a: Tornadus|94/100|[from] Sandstorm
|-damage|p1a: Okidogi|69/100|[from] Sandstorm
|-heal|p1a: Okidogi|75/100|[from] item: Leftovers
|upkeep
|turn|3
|
|t:|1779571695
|move|p2a: Tornadus|Bleakwind Storm|p1a: Okidogi
|-supereffective|p1a: Okidogi
|-crit|p1a: Okidogi
|-end|p1a: Okidogi|Substitute
|move|p1a: Okidogi|Poison Jab|p2a: Tornadus
|-damage|p2a: Tornadus|52/100
|-status|p2a: Tornadus|tox|[from] ability: Toxic Chain|[of] p1a: Okidogi
|
|-weather|Sandstorm|[upkeep]
|-damage|p2a: Tornadus|46/100 tox|[from] Sandstorm
|-damage|p1a: Okidogi|69/100|[from] Sandstorm
|-heal|p1a: Okidogi|75/100|[from] item: Leftovers
|-damage|p2a: Tornadus|40/100 tox|[from] psn
|upkeep
|turn|4
|
|t:|1779571700
|switch|p1a: Entei|Entei, shiny|100/100
|move|p2a: Tornadus|U-turn|p1a: Entei
|-resisted|p1a: Entei
|-damage|p1a: Entei|93/100
|
|t:|1779571704
|switch|p2a: Keldeo|Keldeo-Resolute|100/100|[from] U-turn
|
|-weather|Sandstorm|[upkeep]
|-damage|p1a: Entei|87/100|[from] Sandstorm
|-damage|p2a: Keldeo|94/100|[from] Sandstorm
|upkeep
|turn|5
|
|t:|1779571707
|move|p1a: Entei|Extreme Speed|p2a: Keldeo
|-damage|p2a: Keldeo|46/100
|move|p2a: Keldeo|Surf|p1a: Entei
|-supereffective|p1a: Entei
|-damage|p1a: Entei|0 fnt
|faint|p1a: Entei
|
|-weather|none
|upkeep
|
|t:|1779571710
|switch|p1a: Suicune|Suicune, shiny|100/100
|-ability|p1a: Suicune|Pressure
|turn|6
|
|t:|1779571715
|switch|p2a: Hydrapple|Hydrapple, F|100/100
|move|p1a: Suicune|Substitute|p1a: Suicune
|-start|p1a: Suicune|Substitute
|-damage|p1a: Suicune|75/100
|
|-heal|p1a: Suicune|82/100|[from] item: Leftovers
|upkeep
|turn|7
|
|t:|1779571719
|move|p1a: Suicune|Calm Mind|p1a: Suicune
|-boost|p1a: Suicune|spa|1
|-boost|p1a: Suicune|spd|1
|move|p2a: Hydrapple|Giga Drain|p1a: Suicune
|-supereffective|p1a: Suicune
|-end|p1a: Suicune|Substitute
|
|-heal|p1a: Suicune|88/100|[from] item: Leftovers
|upkeep
|turn|8
|
|t:|1779571722
|move|p1a: Suicune|Protect|p1a: Suicune
|-singleturn|p1a: Suicune|Protect
|move|p2a: Hydrapple|Nasty Plot|p2a: Hydrapple
|-boost|p2a: Hydrapple|spa|2
|
|-heal|p1a: Suicune|94/100|[from] item: Leftovers
|upkeep
|turn|9
|
|t:|1779571724
|move|p1a: Suicune|Substitute|p1a: Suicune
|-start|p1a: Suicune|Substitute
|-damage|p1a: Suicune|69/100
|move|p2a: Hydrapple|Giga Drain|p1a: Suicune
|-supereffective|p1a: Suicune
|-end|p1a: Suicune|Substitute
|
|-heal|p1a: Suicune|75/100|[from] item: Leftovers
|upkeep
|turn|10
|
|t:|1779571726
|move|p1a: Suicune|Calm Mind|p1a: Suicune
|-boost|p1a: Suicune|spa|1
|-boost|p1a: Suicune|spd|1
|move|p2a: Hydrapple|Giga Drain|p1a: Suicune
|-supereffective|p1a: Suicune
|-damage|p1a: Suicune|32/100
|
|-heal|p1a: Suicune|38/100|[from] item: Leftovers
|upkeep
|turn|11
|
|t:|1779571731
|move|p1a: Suicune|Protect|p1a: Suicune
|-singleturn|p1a: Suicune|Protect
|move|p2a: Hydrapple|Giga Drain|p1a: Suicune
|-activate|p1a: Suicune|move: Protect
|
|-heal|p1a: Suicune|44/100|[from] item: Leftovers
|upkeep
|turn|12
|
|t:|1779571735
|move|p1a: Suicune|Substitute|p1a: Suicune
|-start|p1a: Suicune|Substitute
|-damage|p1a: Suicune|19/100
|move|p2a: Hydrapple|Giga Drain|p1a: Suicune
|-supereffective|p1a: Suicune
|-end|p1a: Suicune|Substitute
|
|-heal|p1a: Suicune|25/100|[from] item: Leftovers
|upkeep
|turn|13
|
|t:|1779571738
|move|p1a: Suicune|Protect|p1a: Suicune
|-singleturn|p1a: Suicune|Protect
|move|p2a: Hydrapple|Giga Drain|p1a: Suicune
|-activate|p1a: Suicune|move: Protect
|
|-heal|p1a: Suicune|31/100|[from] item: Leftovers
|upkeep
|turn|14
|
|t:|1779571741
|move|p1a: Suicune|Substitute|p1a: Suicune
|-start|p1a: Suicune|Substitute
|-damage|p1a: Suicune|6/100
|move|p2a: Hydrapple|Giga Drain|p1a: Suicune
|-supereffective|p1a: Suicune
|-end|p1a: Suicune|Substitute
|
|-heal|p1a: Suicune|13/100|[from] item: Leftovers
|upkeep
|turn|15
|
|t:|1779571744
|move|p1a: Suicune|Protect|p1a: Suicune
|-singleturn|p1a: Suicune|Protect
|move|p2a: Hydrapple|Giga Drain|p1a: Suicune
|-activate|p1a: Suicune|move: Protect
|
|-heal|p1a: Suicune|19/100|[from] item: Leftovers
|upkeep
|turn|16
|
|t:|1779571747
|move|p1a: Suicune|Scald|p2a: Hydrapple
|-resisted|p2a: Hydrapple
|-damage|p2a: Hydrapple|89/100
|move|p2a: Hydrapple|Fickle Beam|p1a: Suicune|[anim] Fickle Beam All Out
|-activate|p2a: Hydrapple|move: Fickle Beam
|-damage|p1a: Suicune|0 fnt
|faint|p1a: Suicune
|
|upkeep
|
|t:|1779571750
|switch|p1a: Fezandipiti|Fezandipiti, M|100/100
|turn|17
|
|t:|1779571759
|switch|p2a: Heatran|Heatran, M|100/100
|move|p1a: Fezandipiti|Calm Mind|p1a: Fezandipiti
|-boost|p1a: Fezandipiti|spa|1
|-boost|p1a: Fezandipiti|spd|1
|
|upkeep
|turn|18
|
|t:|1779571766
|move|p1a: Fezandipiti|Moonblast|p2a: Heatran
|-resisted|p2a: Heatran
|-damage|p2a: Heatran|94/100
|move|p2a: Heatran|Magma Storm|p1a: Fezandipiti
|-damage|p1a: Fezandipiti|80/100
|-activate|p1a: Fezandipiti|move: Magma Storm|[of] p2a: Heatran
|
|-heal|p2a: Heatran|100/100|[from] item: Leftovers
|-damage|p1a: Fezandipiti|68/100|[from] move: Magma Storm|[partiallytrapped]
|upkeep
|turn|19
|
|t:|1779571770
|move|p1a: Fezandipiti|Roost|p1a: Fezandipiti
|-heal|p1a: Fezandipiti|100/100
|-singleturn|p1a: Fezandipiti|move: Roost
|move|p2a: Heatran|Earth Power|p1a: Fezandipiti
|-supereffective|p1a: Fezandipiti
|-damage|p1a: Fezandipiti|76/100
|
|-damage|p1a: Fezandipiti|64/100|[from] move: Magma Storm|[partiallytrapped]
|upkeep
|turn|20
|
|t:|1779571772
|move|p1a: Fezandipiti|Calm Mind|p1a: Fezandipiti
|-boost|p1a: Fezandipiti|spa|1
|-boost|p1a: Fezandipiti|spd|1
|move|p2a: Heatran|Flash Cannon|p1a: Fezandipiti
|-supereffective|p1a: Fezandipiti
|-damage|p1a: Fezandipiti|37/100
|
|-damage|p1a: Fezandipiti|25/100|[from] move: Magma Storm|[partiallytrapped]
|upkeep
|turn|21
|
|t:|1779571774
|move|p1a: Fezandipiti|Roost|p1a: Fezandipiti
|-heal|p1a: Fezandipiti|75/100
|-singleturn|p1a: Fezandipiti|move: Roost
|move|p2a: Heatran|Flash Cannon|p1a: Fezandipiti
|-supereffective|p1a: Fezandipiti
|-damage|p1a: Fezandipiti|47/100
|
|-damage|p1a: Fezandipiti|35/100|[from] move: Magma Storm|[partiallytrapped]
|upkeep
|turn|22
|
|t:|1779571776
|move|p1a: Fezandipiti|Roost|p1a: Fezandipiti
|-heal|p1a: Fezandipiti|85/100
|-singleturn|p1a: Fezandipiti|move: Roost
|move|p2a: Heatran|Flash Cannon|p1a: Fezandipiti
|-supereffective|p1a: Fezandipiti
|-damage|p1a: Fezandipiti|59/100
|
|-damage|p1a: Fezandipiti|47/100|[from] move: Magma Storm|[partiallytrapped]
|upkeep
|turn|23
|
|t:|1779571778
|move|p1a: Fezandipiti|Moonblast|p2a: Heatran
|-resisted|p2a: Heatran
|-damage|p2a: Heatran|93/100
|-unboost|p2a: Heatran|spa|1
|move|p2a: Heatran|Flash Cannon|p1a: Fezandipiti
|-supereffective|p1a: Fezandipiti
|-damage|p1a: Fezandipiti|29/100
|
|-heal|p2a: Heatran|99/100|[from] item: Leftovers
|-end|p1a: Fezandipiti|Magma Storm|[partiallytrapped]
|upkeep
|turn|24
|
|t:|1779571780
|move|p1a: Fezandipiti|Roost|p1a: Fezandipiti
|-heal|p1a: Fezandipiti|79/100
|-singleturn|p1a: Fezandipiti|move: Roost
|move|p2a: Heatran|Flash Cannon|p1a: Fezandipiti
|-supereffective|p1a: Fezandipiti
|-damage|p1a: Fezandipiti|62/100
|
|-heal|p2a: Heatran|100/100|[from] item: Leftovers
|upkeep
|turn|25
|
|t:|1779571786
|move|p1a: Fezandipiti|Calm Mind|p1a: Fezandipiti
|-boost|p1a: Fezandipiti|spa|1
|-boost|p1a: Fezandipiti|spd|1
|move|p2a: Heatran|Magma Storm|p1a: Fezandipiti
|-damage|p1a: Fezandipiti|53/100
|-activate|p1a: Fezandipiti|move: Magma Storm|[of] p2a: Heatran
|
|-damage|p1a: Fezandipiti|40/100|[from] move: Magma Storm|[partiallytrapped]
|upkeep
|turn|26
|
|t:|1779571788
|move|p1a: Fezandipiti|Moonblast|p2a: Heatran
|-resisted|p2a: Heatran
|-damage|p2a: Heatran|90/100
|move|p2a: Heatran|Flash Cannon|p1a: Fezandipiti
|-supereffective|p1a: Fezandipiti
|-damage|p1a: Fezandipiti|25/100
|
|-heal|p2a: Heatran|97/100|[from] item: Leftovers
|-damage|p1a: Fezandipiti|13/100|[from] move: Magma Storm|[partiallytrapped]
|upkeep
|turn|27
|
|t:|1779571800
|move|p1a: Fezandipiti|Roost|p1a: Fezandipiti
|-heal|p1a: Fezandipiti|63/100
|-singleturn|p1a: Fezandipiti|move: Roost
|move|p2a: Heatran|Flash Cannon|p1a: Fezandipiti
|-supereffective|p1a: Fezandipiti
|-damage|p1a: Fezandipiti|49/100
|
|-heal|p2a: Heatran|100/100|[from] item: Leftovers
|-damage|p1a: Fezandipiti|37/100|[from] move: Magma Storm|[partiallytrapped]
|upkeep
|turn|28
|
|t:|1779571803
|move|p1a: Fezandipiti|Moonblast|p2a: Heatran
|-resisted|p2a: Heatran
|-damage|p2a: Heatran|90/100
|move|p2a: Heatran|Stealth Rock|p1a: Fezandipiti
|-sidestart|p1: Fowa2003|move: Stealth Rock
|
|-heal|p2a: Heatran|96/100|[from] item: Leftovers
|-damage|p1a: Fezandipiti|24/100|[from] move: Magma Storm|[partiallytrapped]
|upkeep
|turn|29
|
|t:|1779571805
|move|p1a: Fezandipiti|Moonblast|p2a: Heatran
|-resisted|p2a: Heatran
|-crit|p2a: Heatran
|-damage|p2a: Heatran|80/100
|-unboost|p2a: Heatran|spa|1
|move|p2a: Heatran|Flash Cannon|p1a: Fezandipiti
|-supereffective|p1a: Fezandipiti
|-damage|p1a: Fezandipiti|13/100
|
|-heal|p2a: Heatran|86/100|[from] item: Leftovers
|-damage|p1a: Fezandipiti|1/100|[from] move: Magma Storm|[partiallytrapped]
|upkeep
|turn|30
|
|t:|1779571808
|move|p1a: Fezandipiti|Roost|p1a: Fezandipiti
|-heal|p1a: Fezandipiti|51/100
|-singleturn|p1a: Fezandipiti|move: Roost
|move|p2a: Heatran|Flash Cannon|p1a: Fezandipiti
|-supereffective|p1a: Fezandipiti
|-damage|p1a: Fezandipiti|41/100
|
|-heal|p2a: Heatran|92/100|[from] item: Leftovers
|-end|p1a: Fezandipiti|Magma Storm|[partiallytrapped]
|upkeep
|turn|31
|
|t:|1779571811
|move|p1a: Fezandipiti|Moonblast|p2a: Heatran
|-resisted|p2a: Heatran
|-damage|p2a: Heatran|82/100
|move|p2a: Heatran|Magma Storm|p1a: Fezandipiti|[miss]
|-miss|p2a: Heatran|p1a: Fezandipiti
|
|-heal|p2a: Heatran|88/100|[from] item: Leftovers
|upkeep
|turn|32
|
|t:|1779571814
|move|p1a: Fezandipiti|Calm Mind|p1a: Fezandipiti
|-boost|p1a: Fezandipiti|spa|1
|-boost|p1a: Fezandipiti|spd|1
|move|p2a: Heatran|Magma Storm|p1a: Fezandipiti
|-damage|p1a: Fezandipiti|36/100
|-activate|p1a: Fezandipiti|move: Magma Storm|[of] p2a: Heatran
|
|-heal|p2a: Heatran|94/100|[from] item: Leftovers
|-damage|p1a: Fezandipiti|24/100|[from] move: Magma Storm|[partiallytrapped]
|upkeep
|turn|33
|
|t:|1779571819
|move|p1a: Fezandipiti|Moonblast|p2a: Heatran
|-resisted|p2a: Heatran
|-damage|p2a: Heatran|81/100
|-unboost|p2a: Heatran|spa|1
|move|p2a: Heatran|Flash Cannon|p1a: Fezandipiti
|-supereffective|p1a: Fezandipiti
|-damage|p1a: Fezandipiti|17/100
|
|-heal|p2a: Heatran|88/100|[from] item: Leftovers
|-damage|p1a: Fezandipiti|5/100|[from] move: Magma Storm|[partiallytrapped]
|upkeep
|turn|34
|
|t:|1779571822
|move|p1a: Fezandipiti|Moonblast|p2a: Heatran
|-resisted|p2a: Heatran
|-crit|p2a: Heatran
|-damage|p2a: Heatran|69/100
|move|p2a: Heatran|Flash Cannon|p1a: Fezandipiti
|-supereffective|p1a: Fezandipiti
|-damage|p1a: Fezandipiti|0 fnt
|faint|p1a: Fezandipiti
|
|-heal|p2a: Heatran|75/100|[from] item: Leftovers
|upkeep
|
|t:|1779571824
|switch|p1a: Munkidori|Munkidori, M|100/100
|-damage|p1a: Munkidori|88/100|[from] Stealth Rock
|turn|35
|
|t:|1779571829
|switch|p2a: Tyranitar|Tyranitar, F, shiny|37/100
|-weather|Sandstorm|[from] ability: Sand Stream|[of] p2a: Tyranitar
|move|p1a: Munkidori|Trick|p2a: Tyranitar
|-activate|p1a: Munkidori|move: Trick|[of] p2a: Tyranitar
|-item|p2a: Tyranitar|Choice Scarf|[from] move: Trick
|-item|p1a: Munkidori|Choice Band|[from] move: Trick
|
|-weather|Sandstorm|[upkeep]
|-damage|p1a: Munkidori|82/100|[from] Sandstorm
|upkeep
|turn|36
|
|t:|1779571837
|move|p1a: Munkidori|Focus Blast|p2a: Tyranitar
|-supereffective|p2a: Tyranitar
|-damage|p2a: Tyranitar|0 fnt
|faint|p2a: Tyranitar
|
|-weather|Sandstorm|[upkeep]
|-damage|p1a: Munkidori|76/100|[from] Sandstorm
|upkeep
|
|t:|1779571842
|switch|p2a: Excadrill|Excadrill, M, shiny|100/100
|turn|37
|
|t:|1779571845
|move|p2a: Excadrill|Earthquake|p1a: Munkidori
|-supereffective|p1a: Munkidori
|-damage|p1a: Munkidori|0 fnt
|faint|p1a: Munkidori
|-damage|p2a: Excadrill|91/100|[from] item: Life Orb
|
|-weather|Sandstorm|[upkeep]
|upkeep
|
|t:|1779571847
|switch|p1a: Okidogi|Okidogi, M|75/100
|-damage|p1a: Okidogi|69/100|[from] Stealth Rock
|turn|38
|
|t:|1779571849
|-terastallize|p1a: Okidogi|Dark
|move|p2a: Excadrill|Earthquake|p1a: Okidogi
|-damage|p1a: Okidogi|9/100
|-damage|p2a: Excadrill|81/100|[from] item: Life Orb
|move|p1a: Okidogi|Drain Punch|p2a: Excadrill
|-supereffective|p2a: Excadrill
|-damage|p2a: Excadrill|0 fnt
|-heal|p1a: Okidogi|47/100|[from] drain|[of] p2a: Excadrill
|faint|p2a: Excadrill
|
|-weather|Sandstorm|[upkeep]
|-damage|p1a: Okidogi|41/100|[from] Sandstorm
|-heal|p1a: Okidogi|47/100|[from] item: Leftovers
|upkeep
|
|t:|1779571855
|switch|p2a: Keldeo|Keldeo-Resolute|46/100
|turn|39
|
|t:|1779571857
|move|p2a: Keldeo|Vacuum Wave|p1a: Okidogi
|-supereffective|p1a: Okidogi
|-damage|p1a: Okidogi|0 fnt
|faint|p1a: Okidogi
|
|win|atriwme
|raw|Fowa2003's rating: 1412 &rarr; <strong>1390</strong><br />(-22 for losing)
|raw|atriwme's rating: 1370 &rarr; <strong>1392</strong><br />(+22 for winning)
|c|☆Fowa2003|Lolz
