|j|☆Leader Alastor
|j|☆eastsideconnection
|t:|1779577448
|gametype|singles
|player|p1|Leader Alastor|blue|1458
|player|p2|eastsideconnection|cynthia-gen4|1406
|gen|9
|tier|[Gen 9] OU
|rated|
|rule|HP Percentage Mod: HP is shown in percentages
|rule|Endless Battle Clause: Forcing endless battles is banned
|rule|Species Clause: Limit one of each Pokémon
|rule|OHKO Clause: OHKO moves are banned
|rule|Evasion Items Clause: Evasion items are banned
|rule|Evasion Moves Clause: Evasion moves are banned
|rule|Evasion Abilities Clause: Evasion abilities are banned
|rule|Sleep Moves Clause: Sleep-inducing moves are banned
|clearpoke
|poke|p1|Ceruledge, F|
|poke|p1|Iron Valiant|
|poke|p1|Lilligant, F|
|poke|p1|Cloyster, M|
|poke|p1|Noivern, M|
|poke|p1|Malamar, F|
|poke|p2|Ninetales, F|
|poke|p2|Venusaur, F|
|poke|p2|Great Tusk|
|poke|p2|Cinderace, M|
|poke|p2|Walking Wake|
|poke|p2|Enamorus, F|
|teampreview
|inactive|Battle timer is ON: inactive players will automatically lose when time's up. (requested by Leader Alastor)
|
|t:|1779577457
|teamsize|p1|6
|teamsize|p2|6
|start
|switch|p1a: Trident|Cloyster, M|100/100
|switch|p2a: Walking Wake|Walking Wake|100/100
|turn|1
|inactive|Leader Alastor has 120 seconds left.
|
|t:|1779577487
|move|p2a: Walking Wake|Draco Meteor|p1a: Trident
|-enditem|p1a: Trident|Focus Sash
|-damage|p1a: Trident|1/100
|-unboost|p2a: Walking Wake|spa|2
|move|p1a: Trident|Shell Smash|p1a: Trident
|-unboost|p1a: Trident|def|1
|-unboost|p1a: Trident|spd|1
|-boost|p1a: Trident|atk|2
|-boost|p1a: Trident|spa|2
|-boost|p1a: Trident|spe|2
|
|upkeep
|turn|2
|
|t:|1779577505
|-terastallize|p2a: Walking Wake|Water
|move|p2a: Walking Wake|Draco Meteor|p1a: Trident|[miss]
|-miss|p2a: Walking Wake|p1a: Trident
|move|p1a: Trident|Icicle Spear|p2a: Walking Wake
|-resisted|p2a: Walking Wake
|-damage|p2a: Walking Wake|88/100
|-resisted|p2a: Walking Wake
|-damage|p2a: Walking Wake|75/100
|-resisted|p2a: Walking Wake
|-damage|p2a: Walking Wake|62/100
|-resisted|p2a: Walking Wake
|-damage|p2a: Walking Wake|48/100
|-resisted|p2a: Walking Wake
|-damage|p2a: Walking Wake|35/100
|-hitcount|p2a: Walking Wake|5
|
|upkeep
|turn|3
|
|t:|1779577517
|move|p2a: Walking Wake|Draco Meteor|p1a: Trident
|-damage|p1a: Trident|0 fnt
|-unboost|p2a: Walking Wake|spa|2
|faint|p1a: Trident
|
|upkeep
|
|t:|1779577521
|switch|p1a: Gladius|Lilligant, F|100/100
|turn|4
|
|t:|1779577524
|-end|p2a: Walking Wake|Protosynthesis|[silent]
|switch|p2a: Ninetales|Ninetales, F|100/100
|-weather|SunnyDay|[from] ability: Drought|[of] p2a: Ninetales
|move|p1a: Gladius|Quiver Dance|p1a: Gladius
|-boost|p1a: Gladius|spa|1
|-boost|p1a: Gladius|spd|1
|-boost|p1a: Gladius|spe|1
|
|-weather|SunnyDay|[upkeep]
|upkeep
|turn|5
|
|t:|1779577528
|move|p1a: Gladius|Quiver Dance|p1a: Gladius
|-boost|p1a: Gladius|spa|1
|-boost|p1a: Gladius|spd|1
|-boost|p1a: Gladius|spe|1
|move|p2a: Ninetales|Encore|p1a: Gladius
|-start|p1a: Gladius|Encore
|
|-weather|SunnyDay|[upkeep]
|upkeep
|turn|6
|
|t:|1779577534
|switch|p2a: Smokey|Cinderace, M, shiny|100/100
|move|p1a: Gladius|Quiver Dance|p1a: Gladius
|-boost|p1a: Gladius|spa|1
|-boost|p1a: Gladius|spd|1
|-boost|p1a: Gladius|spe|1
|
|-weather|SunnyDay|[upkeep]
|upkeep
|turn|7
|
|t:|1779577541
|-terastallize|p1a: Gladius|Electric
|move|p1a: Gladius|Quiver Dance|p1a: Gladius
|-boost|p1a: Gladius|spa|1
|-boost|p1a: Gladius|spd|1
|-boost|p1a: Gladius|spe|1
|move|p2a: Smokey|Pyro Ball|p1a: Gladius
|-damage|p1a: Gladius|0 fnt
|faint|p1a: Gladius
|
|-weather|SunnyDay|[upkeep]
|upkeep
|
|t:|1779577548
|switch|p1a: Flamberge|Ceruledge, F|100/100
|turn|8
|
|t:|1779577552
|switch|p2a: Ninetales|Ninetales, F|100/100
|move|p1a: Flamberge|Swords Dance|p1a: Flamberge
|-boost|p1a: Flamberge|atk|2
|
|-weather|SunnyDay|[upkeep]
|upkeep
|turn|9
|
|t:|1779577557
|move|p2a: Ninetales|Encore|p1a: Flamberge
|-start|p1a: Flamberge|Encore
|move|p1a: Flamberge|Swords Dance|p1a: Flamberge
|-boost|p1a: Flamberge|atk|2
|
|-weather|SunnyDay|[upkeep]
|upkeep
|turn|10
|
|t:|1779577561
|switch|p2a: Great Tusk|Great Tusk|100/100
|-activate|p2a: Great Tusk|ability: Protosynthesis
|-start|p2a: Great Tusk|protosynthesisatk
|move|p1a: Flamberge|Swords Dance|p1a: Flamberge
|-boost|p1a: Flamberge|atk|2
|
|-weather|SunnyDay|[upkeep]
|upkeep
|turn|11
|
|t:|1779577565
|move|p2a: Great Tusk|Headlong Rush|p1a: Flamberge
|-supereffective|p1a: Flamberge
|-enditem|p1a: Flamberge|Focus Sash
|-damage|p1a: Flamberge|1/100
|-unboost|p2a: Great Tusk|def|1
|-unboost|p2a: Great Tusk|spd|1
|-ability|p1a: Flamberge|Weak Armor|boost
|-unboost|p1a: Flamberge|def|1
|-boost|p1a: Flamberge|spe|2
|move|p1a: Flamberge|Swords Dance|p1a: Flamberge
|-boost|p1a: Flamberge|atk|0
|
|-weather|none
|-end|p2a: Great Tusk|Protosynthesis
|-end|p1a: Flamberge|Encore
|upkeep
|turn|12
|c|☆Leader Alastor|There we go
|
|t:|1779577579
|-end|p2a: Great Tusk|Protosynthesis|[silent]
|switch|p2a: Ninetales|Ninetales, F|100/100
|-weather|SunnyDay|[from] ability: Drought|[of] p2a: Ninetales
|move|p1a: Flamberge|Bitter Blade|p2a: Ninetales
|-resisted|p2a: Ninetales
|-damage|p2a: Ninetales|0 fnt
|-heal|p1a: Flamberge|61/100|[from] drain|[of] p2a: Ninetales
|faint|p2a: Ninetales
|
|-weather|SunnyDay|[upkeep]
|upkeep
|
|t:|1779577601
|switch|p2a: Smokey|Cinderace, M, shiny|100/100
|turn|13
|
|t:|1779577608
|move|p1a: Flamberge|Shadow Sneak|p2a: Smokey
|-damage|p2a: Smokey|0 fnt
|faint|p2a: Smokey
|
|-weather|SunnyDay|[upkeep]
|upkeep
|
|t:|1779577617
|switch|p2a: Venusaur|Venusaur, F|100/100
|turn|14
|
|t:|1779577622
|move|p1a: Flamberge|Bitter Blade|p2a: Venusaur
|-supereffective|p2a: Venusaur
|-damage|p2a: Venusaur|0 fnt
|-heal|p1a: Flamberge|100/100|[from] drain|[of] p2a: Venusaur
|faint|p2a: Venusaur
|
|-weather|SunnyDay|[upkeep]
|upkeep
|c|☆Leader Alastor|gg
|-message|eastsideconnection forfeited.
|
|win|Leader Alastor
|raw|Leader Alastor's rating: 1458 &rarr; <strong>1475</strong><br />(+17 for winning)
|raw|eastsideconnection's rating: 1406 &rarr; <strong>1389</strong><br />(-17 for losing)
|l|☆Leader Alastor
|player|p1|
|l|☆eastsideconnection
|player|p2|
