|j|☆Ct3tha
|j|☆Nonchalant_Chef
|t:|1779668825
|gametype|singles
|player|p1|Ct3tha|266|1137
|player|p2|Nonchalant_Chef|waiter-gen4dp|1147
|gen|9
|tier|[Gen 9] OU
|rated|
|rule|HP Percentage Mod: HP is shown in percentages
|rule|Endless Battle Clause: Forcing endless battles is banned
|rule|Species Clause: Limit one of each Pokémon
|rule|OHKO Clause: OHKO moves are banned
|rule|Evasion Items Clause: Evasion items are banned
|rule|Evasion Moves Clause: Evasion moves are banned
|rule|Evasion Abilities Clause: Evasion abilities are banned
|rule|Sleep Moves Clause: Sleep-inducing moves are banned
|clearpoke
|poke|p1|Noctowl, M|
|poke|p1|Darkrai|
|poke|p1|Dragonite, F|
|poke|p1|Gholdengo|
|poke|p1|Ting-Lu|
|poke|p1|Meowscarada, F|
|poke|p2|Inteleon, M|
|poke|p2|Leafeon, M|
|poke|p2|Komala, F|
|poke|p2|Avalugg-Hisui, F|
|poke|p2|Typhlosion-Hisui, M|
|poke|p2|Rotom-Fan|
|teampreview
|inactive|Battle timer is ON: inactive players will automatically lose when time's up. (requested by Nonchalant_Chef)
|
|t:|1779668834
|teamsize|p1|6
|teamsize|p2|6
|start
|switch|p1a: Noctowl|Noctowl, M|100/100
|switch|p2a: Avalugg|Avalugg-Hisui, F|100/100
|turn|1
|
|t:|1779668840
|move|p1a: Noctowl|Hyper Voice|p2a: Avalugg
|-resisted|p2a: Avalugg
|-ability|p2a: Avalugg|Sturdy
|-damage|p2a: Avalugg|1/100
|move|p2a: Avalugg|Mountain Gale|p1a: Noctowl
|-supereffective|p1a: Noctowl
|-damage|p1a: Noctowl|0 fnt
|faint|p1a: Noctowl
|
|upkeep
|
|t:|1779668848
|switch|p1a: Meowscarada|Meowscarada, F|100/100
|turn|2
|-enditem|p2a: Avalugg|Custap Berry|[eat]
|-activate|p2a: Avalugg|item: Custap Berry|[consumed]
|
|t:|1779668855
|move|p2a: Avalugg|Mountain Gale|p1a: Meowscarada
|-supereffective|p1a: Meowscarada
|-damage|p1a: Meowscarada|0 fnt
|faint|p1a: Meowscarada
|
|upkeep
|
|t:|1779668865
|switch|p1a: Darkrai|Darkrai|100/100
|turn|3
|
|t:|1779668869
|move|p1a: Darkrai|Sludge Bomb|p2a: Avalugg
|-resisted|p2a: Avalugg
|-damage|p2a: Avalugg|0 fnt
|faint|p2a: Avalugg
|-damage|p1a: Darkrai|91/100|[from] item: Life Orb
|
|upkeep
|
|t:|1779668873
|switch|p2a: Komala|Komala, F|100/100
|-ability|p2a: Komala|Comatose
|turn|4
|
|t:|1779668880
|move|p1a: Darkrai|Knock Off|p2a: Komala
|-damage|p2a: Komala|48/100
|-enditem|p2a: Komala|Assault Vest|[from] move: Knock Off|[of] p1a: Darkrai
|-damage|p1a: Darkrai|81/100|[from] item: Life Orb
|move|p2a: Komala|Knock Off|p1a: Darkrai
|-resisted|p1a: Darkrai
|-damage|p1a: Darkrai|62/100
|-enditem|p1a: Darkrai|Life Orb|[from] move: Knock Off|[of] p2a: Komala
|
|-damage|p2a: Komala|36/100|[from] ability: Bad Dreams|[of] p1a: Darkrai
|upkeep
|turn|5
|
|t:|1779668885
|move|p1a: Darkrai|Dark Pulse|p2a: Komala
|-damage|p2a: Komala|0 fnt
|faint|p2a: Komala
|
|upkeep
|
|t:|1779668891
|switch|p2a: Rotom|Rotom-Fan|100/100
|turn|6
|
|t:|1779668902
|switch|p1a: Ting-Lu|Ting-Lu|100/100
|-ability|p1a: Ting-Lu|Vessel of Ruin
|move|p2a: Rotom|Air Slash|p1a: Ting-Lu
|-damage|p1a: Ting-Lu|70/100
|
|upkeep
|turn|7
|
|t:|1779668910
|switch|p2a: Leafeon|Leafeon, M|100/100
|move|p1a: Ting-Lu|Ruination|p2a: Leafeon
|-damage|p2a: Leafeon|50/100
|
|-heal|p2a: Leafeon|57/100|[from] item: Leftovers
|upkeep
|turn|8
|
|t:|1779668915
|move|p2a: Leafeon|Leech Seed|p1a: Ting-Lu
|-start|p1a: Ting-Lu|move: Leech Seed
|move|p1a: Ting-Lu|Stealth Rock|p2a: Leafeon
|-sidestart|p2: Nonchalant_Chef|move: Stealth Rock
|
|-heal|p2a: Leafeon|63/100|[from] item: Leftovers
|-damage|p1a: Ting-Lu|58/100|[from] Leech Seed|[of] p2a: Leafeon
|-heal|p2a: Leafeon|83/100|[silent]
|upkeep
|turn|9
|
|t:|1779668921
|switch|p1a: Darkrai|Darkrai|62/100
|move|p2a: Leafeon|Knock Off|p1a: Darkrai
|-resisted|p1a: Darkrai
|-damage|p1a: Darkrai|53/100
|
|-heal|p2a: Leafeon|89/100|[from] item: Leftovers
|upkeep
|turn|10
|
|t:|1779668925
|move|p1a: Darkrai|Sludge Bomb|p2a: Leafeon
|-supereffective|p2a: Leafeon
|-damage|p2a: Leafeon|11/100
|-status|p2a: Leafeon|psn
|move|p2a: Leafeon|Leech Seed|p1a: Darkrai
|-start|p1a: Darkrai|move: Leech Seed
|
|-heal|p2a: Leafeon|17/100 psn|[from] item: Leftovers
|-damage|p1a: Darkrai|40/100|[from] Leech Seed|[of] p2a: Leafeon
|-heal|p2a: Leafeon|30/100 psn|[silent]
|-damage|p2a: Leafeon|18/100 psn|[from] psn
|upkeep
|turn|11
|
|t:|1779668932
|switch|p1a: Ting-Lu|Ting-Lu|58/100
|-ability|p1a: Ting-Lu|Vessel of Ruin
|move|p2a: Leafeon|Roar|p1a: Ting-Lu
|drag|p1a: Dragonite|Dragonite, F|100/100
|
|-heal|p2a: Leafeon|24/100 psn|[from] item: Leftovers
|-damage|p2a: Leafeon|12/100 psn|[from] psn
|upkeep
|turn|12
|
|t:|1779668949
|move|p1a: Dragonite|Extreme Speed|p2a: Leafeon
|-damage|p2a: Leafeon|0 fnt
|faint|p2a: Leafeon
|
|upkeep
|
|t:|1779668958
|switch|p2a: Rotom|Rotom-Fan|100/100
|-damage|p2a: Rotom|76/100|[from] Stealth Rock
|turn|13
|inactive|Ct3tha has 120 seconds left.
|
|t:|1779668994
|switch|p1a: Ting-Lu|Ting-Lu|58/100
|-ability|p1a: Ting-Lu|Vessel of Ruin
|move|p2a: Rotom|Trick|p1a: Ting-Lu
|-activate|p2a: Rotom|move: Trick|[of] p1a: Ting-Lu
|-item|p1a: Ting-Lu|Choice Specs|[from] move: Trick
|-item|p2a: Rotom|Heavy-Duty Boots|[from] move: Trick
|
|upkeep
|turn|14
|
|t:|1779669000
|move|p2a: Rotom|Air Slash|p1a: Ting-Lu
|-damage|p1a: Ting-Lu|36/100
|move|p1a: Ting-Lu|Spikes|p2a: Rotom
|-sidestart|p2: Nonchalant_Chef|Spikes
|
|upkeep
|turn|15
|inactive|Ct3tha has 120 seconds left.
|
|t:|1779669044
|switch|p2a: Typhlosion|Typhlosion-Hisui, M|100/100
|-item|p1a: Ting-Lu|Choice Specs|[from] ability: Frisk|[of] p2a: Typhlosion
|move|p1a: Ting-Lu|Spikes|p2a: Typhlosion
|-sidestart|p2: Nonchalant_Chef|Spikes
|
|upkeep
|turn|16
|
|t:|1779669059
|move|p2a: Typhlosion|Will-O-Wisp|p1a: Ting-Lu
|-status|p1a: Ting-Lu|brn
|move|p1a: Ting-Lu|Spikes|p2a: Typhlosion
|-sidestart|p2: Nonchalant_Chef|Spikes
|
|-damage|p1a: Ting-Lu|30/100 brn|[from] brn
|upkeep
|turn|17
|
|t:|1779669063
|switch|p1a: Gholdengo|Gholdengo|100/100
|move|p2a: Typhlosion|Will-O-Wisp|p1a: Gholdengo
|-immune|p1a: Gholdengo|[from] ability: Good as Gold
|
|upkeep
|turn|18
|
|t:|1779669082
|switch|p1a: Ting-Lu|Ting-Lu|30/100 brn
|-ability|p1a: Ting-Lu|Vessel of Ruin
|move|p2a: Typhlosion|Flamethrower|p1a: Ting-Lu
|-damage|p1a: Ting-Lu|3/100 brn
|
|-damage|p1a: Ting-Lu|0 fnt|[from] brn
|faint|p1a: Ting-Lu
|upkeep
|
|t:|1779669093
|switch|p1a: Darkrai|Darkrai|40/100
|turn|19
|
|t:|1779669112
|switch|p2a: Rotom|Rotom-Fan|76/100
|move|p1a: Darkrai|Knock Off|p2a: Rotom
|-damage|p2a: Rotom|38/100
|-enditem|p2a: Rotom|Heavy-Duty Boots|[from] move: Knock Off|[of] p1a: Darkrai
|
|upkeep
|turn|20
|inactive|Ct3tha has 120 seconds left.
|
|t:|1779669142
|move|p1a: Darkrai|Dark Pulse|p2a: Rotom
|-damage|p2a: Rotom|0 fnt
|faint|p2a: Rotom
|
|upkeep
|
|t:|1779669155
|switch|p2a: Typhlosion|Typhlosion-Hisui, M|100/100
|turn|21
|
|t:|1779669165
|-terastallize|p2a: Typhlosion|Fire
|move|p1a: Darkrai|Dark Pulse|p2a: Typhlosion
|-crit|p2a: Typhlosion
|-damage|p2a: Typhlosion|32/100
|move|p2a: Typhlosion|Flamethrower|p1a: Darkrai
|-damage|p1a: Darkrai|0 fnt
|faint|p1a: Darkrai
|
|upkeep
|
|t:|1779669189
|switch|p1a: Dragonite|Dragonite, F|100/100
|turn|22
|
|t:|1779669192
|move|p2a: Typhlosion|Will-O-Wisp|p1a: Dragonite
|-status|p1a: Dragonite|brn
|move|p1a: Dragonite|Dragon Dance|p1a: Dragonite
|-boost|p1a: Dragonite|atk|1
|-boost|p1a: Dragonite|spe|1
|
|-damage|p1a: Dragonite|94/100 brn|[from] brn
|upkeep
|turn|23
|
|t:|1779669201
|move|p1a: Dragonite|Dragon Dance|p1a: Dragonite
|-boost|p1a: Dragonite|atk|1
|-boost|p1a: Dragonite|spe|1
|move|p2a: Typhlosion|Infernal Parade|p1a: Dragonite
|-damage|p1a: Dragonite|36/100 brn
|
|-damage|p1a: Dragonite|30/100 brn|[from] brn
|upkeep
|turn|24
|
|t:|1779669209
|move|p1a: Dragonite|Earthquake|p2a: Typhlosion
|-supereffective|p2a: Typhlosion
|-damage|p2a: Typhlosion|0 fnt
|faint|p2a: Typhlosion
|
|-damage|p1a: Dragonite|23/100 brn|[from] brn
|upkeep
|
|t:|1779669211
|switch|p2a: Inteleon|Inteleon, M|100/100
|-damage|p2a: Inteleon|88/100|[from] Stealth Rock
|-damage|p2a: Inteleon|63/100|[from] Spikes
|turn|25
|
|t:|1779669214
|move|p1a: Dragonite|Outrage|p2a: Inteleon
|-damage|p2a: Inteleon|0 fnt
|faint|p2a: Inteleon
|
|win|Ct3tha
|raw|Ct3tha's rating: 1137 &rarr; <strong>1163</strong><br />(+26 for winning)
|raw|Nonchalant_Chef's rating: 1147 &rarr; <strong>1121</strong><br />(-26 for losing)
|l|☆Nonchalant_Chef
|player|p2|
|l|☆Ct3tha
|player|p1|
