|j|☆Sovereeign
|j|☆Supa Dupa Hoopa
|t:|1779641970
|gametype|singles
|player|p1|Sovereeign|morty|1625
|player|p2|Supa Dupa Hoopa|170|1605
|gen|9
|tier|[Gen 9] OU
|rated|
|rule|HP Percentage Mod: HP is shown in percentages
|rule|Endless Battle Clause: Forcing endless battles is banned
|rule|Species Clause: Limit one of each Pokémon
|rule|OHKO Clause: OHKO moves are banned
|rule|Evasion Items Clause: Evasion items are banned
|rule|Evasion Moves Clause: Evasion moves are banned
|rule|Evasion Abilities Clause: Evasion abilities are banned
|rule|Sleep Moves Clause: Sleep-inducing moves are banned
|clearpoke
|poke|p1|Dragonite, F|
|poke|p1|Gholdengo|
|poke|p1|Iron Crown|
|poke|p1|Glimmora, M|
|poke|p1|Ting-Lu|
|poke|p1|Ogerpon-Wellspring, F|
|poke|p2|Serperior, F|
|poke|p2|Cinderace, F|
|poke|p2|Corviknight, M|
|poke|p2|Alomomola, F|
|poke|p2|Ditto|
|poke|p2|Toxtricity-Low-Key, M|
|teampreview
|inactive|Battle timer is ON: inactive players will automatically lose when time's up. (requested by Sovereeign)
|
|t:|1779641984
|teamsize|p1|6
|teamsize|p2|6
|start
|switch|p1a: Glimmora|Glimmora, M|100/100
|switch|p2a: Spongebob|Alomomola, F|100/100
|turn|1
|
|t:|1779641990
|move|p1a: Glimmora|Stealth Rock|p2a: Spongebob
|-sidestart|p2: Supa Dupa Hoopa|move: Stealth Rock
|move|p2a: Spongebob|Scald|p1a: Glimmora
|-supereffective|p1a: Glimmora
|-damage|p1a: Glimmora|65/100
|
|upkeep
|turn|2
|
|t:|1779641995
|switch|p1a: Ogerpon|Ogerpon-Wellspring, F|100/100
|move|p2a: Spongebob|Scald|p1a: Ogerpon
|-immune|p1a: Ogerpon|[from] ability: Water Absorb
|
|upkeep
|turn|3
|
|t:|1779642002
|switch|p2a: Skarmory-M|Corviknight, M|100/100
|-damage|p2a: Skarmory-M|88/100|[from] Stealth Rock
|-ability|p2a: Skarmory-M|Pressure
|move|p1a: Ogerpon|Swords Dance|p1a: Ogerpon
|-boost|p1a: Ogerpon|atk|2
|
|-heal|p2a: Skarmory-M|94/100|[from] item: Leftovers
|upkeep
|turn|4
|
|t:|1779642011
|switch|p2a: Mew1.5|Ditto|100/100
|-damage|p2a: Mew1.5|88/100|[from] Stealth Rock
|-transform|p2a: Mew1.5|p1a: Ogerpon|[from] ability: Imposter
|move|p1a: Ogerpon|Ivy Cudgel|p2a: Mew1.5|[anim] Ivy Cudgel Water
|-heal|p2a: Mew1.5|100/100|[from] ability: Water Absorb|[of] p1a: Ogerpon
|
|upkeep
|turn|5
|
|t:|1779642039
|move|p2a: Mew1.5|U-turn|p1a: Ogerpon
|-supereffective|p1a: Ogerpon
|-damage|p1a: Ogerpon|0 fnt
|faint|p1a: Ogerpon
|
|t:|1779642065
|switch|p2a: Skarmory-M|Corviknight, M|94/100|[from] U-turn
|-damage|p2a: Skarmory-M|82/100|[from] Stealth Rock
|-ability|p2a: Skarmory-M|Pressure
|
|-heal|p2a: Skarmory-M|88/100|[from] item: Leftovers
|upkeep
|
|t:|1779642070
|switch|p1a: Gholdengo|Gholdengo|100/100
|turn|6
|
|t:|1779642075
|switch|p2a: Spongebob|Alomomola, F|100/100
|-damage|p2a: Spongebob|88/100|[from] Stealth Rock
|move|p1a: Gholdengo|Thunder Wave|p2a: Spongebob
|-status|p2a: Spongebob|par
|
|upkeep
|turn|7
|
|t:|1779642088
|switch|p1a: Ting-Lu|Ting-Lu|100/100
|-ability|p1a: Ting-Lu|Vessel of Ruin
|move|p2a: Spongebob|Flip Turn|p1a: Ting-Lu
|-supereffective|p1a: Ting-Lu
|-damage|p1a: Ting-Lu|83/100
|-damage|p2a: Spongebob|71/100 par|[from] item: Rocky Helmet|[of] p1a: Ting-Lu
|
|t:|1779642096
|switch|p2a: What RU|Serperior, F|100/100|[from] Flip Turn
|-damage|p2a: What RU|88/100|[from] Stealth Rock
|
|-heal|p2a: What RU|94/100|[from] item: Leftovers
|upkeep
|turn|8
|
|t:|1779642102
|move|p2a: What RU|Glare|p1a: Ting-Lu
|-status|p1a: Ting-Lu|par
|move|p1a: Ting-Lu|Whirlwind|p2a: What RU
|drag|p2a: Skarmory-M|Corviknight, M|88/100
|-damage|p2a: Skarmory-M|75/100|[from] Stealth Rock
|-ability|p2a: Skarmory-M|Pressure
|
|-heal|p2a: Skarmory-M|82/100|[from] item: Leftovers
|upkeep
|turn|9
|
|t:|1779642112
|switch|p2a: What RU|Serperior, F|94/100
|-damage|p2a: What RU|82/100|[from] Stealth Rock
|switch|p1a: Gholdengo|Gholdengo|100/100
|
|-heal|p2a: What RU|88/100|[from] item: Leftovers
|upkeep
|turn|10
|
|t:|1779642128
|switch|p2a: Spongebob|Alomomola, F|100/100 par
|-damage|p2a: Spongebob|88/100 par|[from] Stealth Rock
|move|p1a: Gholdengo|Hex|p2a: Spongebob
|-damage|p2a: Spongebob|62/100 par
|
|upkeep
|turn|11
|
|t:|1779642135
|move|p1a: Gholdengo|Hex|p2a: Spongebob
|-damage|p2a: Spongebob|36/100 par
|move|p2a: Spongebob|Mirror Coat|p1a: Gholdengo
|-damage|p1a: Gholdengo|29/100
|
|upkeep
|turn|12
|
|t:|1779642143
|switch|p2a: CinderMiss|Cinderace, F|100/100
|move|p1a: Gholdengo|Recover|p1a: Gholdengo
|-heal|p1a: Gholdengo|79/100
|
|upkeep
|turn|13
|
|t:|1779642150
|switch|p1a: Glimmora|Glimmora, M|65/100
|move|p2a: CinderMiss|Pyro Ball|p1a: Glimmora
|-resisted|p1a: Glimmora
|-damage|p1a: Glimmora|31/100
|-activate|p1a: Glimmora|ability: Toxic Debris
|-sidestart|p2: Supa Dupa Hoopa|move: Toxic Spikes
|
|upkeep
|turn|14
|
|t:|1779642180
|move|p2a: CinderMiss|Court Change|p2a: CinderMiss
|-start|p2a: CinderMiss|typechange|Normal|[from] ability: Libero
|-swapsideconditions
|-activate|p2a: CinderMiss|move: Court Change
|move|p1a: Glimmora|Meteor Beam||[still]
|-prepare|p1a: Glimmora|Meteor Beam
|-boost|p1a: Glimmora|spa|1
|-enditem|p1a: Glimmora|Power Herb
|-anim|p1a: Glimmora|Meteor Beam|p2a: CinderMiss
|-damage|p2a: CinderMiss|0 fnt
|faint|p2a: CinderMiss
|
|upkeep
|
|t:|1779642191
|switch|p2a: Mew1.5|Ditto|100/100
|-transform|p2a: Mew1.5|p1a: Glimmora|[from] ability: Imposter
|turn|15
|j| foxi4
|inactive|Sovereeign has 120 seconds left.
|
|t:|1779642217
|switch|p1a: Dragonite|Dragonite, F|100/100
|move|p2a: Mew1.5|Earth Power|p1a: Dragonite
|-immune|p1a: Dragonite
|
|upkeep
|turn|16
|l| foxi4
|inactive|Sovereeign has 120 seconds left.
|j| kanaete onegai
|inactive|Sovereeign has 90 seconds left.
|
|t:|1779642265
|switch|p2a: Skarmory-M|Corviknight, M|82/100
|-ability|p2a: Skarmory-M|Pressure
|move|p1a: Dragonite|Dragon Tail|p2a: Skarmory-M
|-resisted|p2a: Skarmory-M
|-damage|p2a: Skarmory-M|71/100
|drag|p2a: Spongebob|Alomomola, F|69/100 par
|
|upkeep
|turn|17
|
|t:|1779642275
|switch|p1a: Glimmora|Glimmora, M|31/100
|-damage|p1a: Glimmora|19/100|[from] Stealth Rock
|-sideend|p1: Sovereeign|move: Toxic Spikes|[of] p1a: Glimmora
|move|p2a: Spongebob|Body Slam|p1a: Glimmora
|-resisted|p1a: Glimmora
|-damage|p1a: Glimmora|10/100
|-status|p1a: Glimmora|par
|-activate|p1a: Glimmora|ability: Toxic Debris
|-sidestart|p2: Supa Dupa Hoopa|move: Toxic Spikes
|
|upkeep
|turn|18
|
|t:|1779642287
|cant|p1a: Glimmora|par
|cant|p2a: Spongebob|par
|
|upkeep
|turn|19
|
|t:|1779642291
|move|p1a: Glimmora|Mortal Spin|p2a: Spongebob
|-damage|p2a: Spongebob|65/100 par
|-sideend|p1: Sovereeign|Stealth Rock|[from] move: Mortal Spin|[of] p1a: Glimmora
|move|p2a: Spongebob|Flip Turn|p1a: Glimmora
|-supereffective|p1a: Glimmora
|-damage|p1a: Glimmora|0 fnt
|-activate|p1a: Glimmora|ability: Toxic Debris
|-sidestart|p2: Supa Dupa Hoopa|move: Toxic Spikes
|faint|p1a: Glimmora
|
|t:|1779642299
|switch|p2a: ANOTHER ONE|Toxtricity-Low-Key, M|100/100|[from] Flip Turn
|-sideend|p2: Supa Dupa Hoopa|move: Toxic Spikes|[of] p2a: ANOTHER ONE
|
|upkeep
|
|t:|1779642309
|switch|p1a: Ting-Lu|Ting-Lu|83/100 par
|-ability|p1a: Ting-Lu|Vessel of Ruin
|turn|20
|
|t:|1779642322
|switch|p2a: Skarmory-M|Corviknight, M|71/100
|-ability|p2a: Skarmory-M|Pressure
|move|p1a: Ting-Lu|Earthquake|p2a: Skarmory-M
|-immune|p2a: Skarmory-M
|
|-heal|p2a: Skarmory-M|77/100|[from] item: Leftovers
|upkeep
|turn|21
|
|t:|1779642342
|move|p2a: Skarmory-M|Body Press|p1a: Ting-Lu
|-supereffective|p1a: Ting-Lu
|-damage|p1a: Ting-Lu|53/100 par
|-damage|p2a: Skarmory-M|61/100|[from] item: Rocky Helmet|[of] p1a: Ting-Lu
|cant|p1a: Ting-Lu|par
|
|-heal|p2a: Skarmory-M|67/100|[from] item: Leftovers
|upkeep
|turn|22
|
|t:|1779642351
|move|p2a: Skarmory-M|Body Press|p1a: Ting-Lu
|-supereffective|p1a: Ting-Lu
|-crit|p1a: Ting-Lu
|-damage|p1a: Ting-Lu|13/100 par
|-damage|p2a: Skarmory-M|51/100|[from] item: Rocky Helmet|[of] p1a: Ting-Lu
|move|p1a: Ting-Lu|Spikes|p2a: Skarmory-M
|-sidestart|p2: Supa Dupa Hoopa|Spikes
|
|-heal|p2a: Skarmory-M|57/100|[from] item: Leftovers
|upkeep
|turn|23
|
|t:|1779642360
|switch|p1a: Gholdengo|Gholdengo|79/100
|move|p2a: Skarmory-M|Body Press|p1a: Gholdengo
|-immune|p1a: Gholdengo
|
|-heal|p2a: Skarmory-M|63/100|[from] item: Leftovers
|upkeep
|turn|24
|
|t:|1779642371
|switch|p2a: Spongebob|Alomomola, F|98/100 par
|-damage|p2a: Spongebob|86/100 par|[from] Spikes
|move|p1a: Gholdengo|Hex|p2a: Spongebob
|-damage|p2a: Spongebob|56/100 par
|
|upkeep
|turn|25
|
|t:|1779642378
|move|p1a: Gholdengo|Hex|p2a: Spongebob
|-damage|p2a: Spongebob|29/100 par
|move|p2a: Spongebob|Flip Turn|p1a: Gholdengo
|-damage|p1a: Gholdengo|66/100
|
|t:|1779642386
|switch|p2a: Mew1.5|Ditto|100/100|[from] Flip Turn
|-damage|p2a: Mew1.5|88/100|[from] Spikes
|-transform|p2a: Mew1.5|p1a: Gholdengo|[from] ability: Imposter
|
|upkeep
|turn|26
|
|t:|1779642406
|switch|p2a: Spongebob|Alomomola, F|62/100 par
|-damage|p2a: Spongebob|50/100 par|[from] Spikes
|-terastallize|p1a: Gholdengo|Flying
|move|p1a: Gholdengo|Hex|p2a: Spongebob
|-damage|p2a: Spongebob|23/100 par
|
|upkeep
|turn|27
|inactive|Supa Dupa Hoopa has 120 seconds left.
|
|t:|1779642444
|switch|p2a: ANOTHER ONE|Toxtricity-Low-Key, M|100/100
|-damage|p2a: ANOTHER ONE|88/100|[from] Spikes
|move|p1a: Gholdengo|Hex|p2a: ANOTHER ONE
|-damage|p2a: ANOTHER ONE|41/100
|
|upkeep
|turn|28
|inactive|Supa Dupa Hoopa has 120 seconds left.
|
|t:|1779642457
|switch|p1a: Ting-Lu|Ting-Lu|13/100 par
|-ability|p1a: Ting-Lu|Vessel of Ruin
|move|p2a: ANOTHER ONE|Boomburst|p1a: Ting-Lu
|-crit|p1a: Ting-Lu
|-damage|p1a: Ting-Lu|0 fnt
|faint|p1a: Ting-Lu
|
|upkeep
|
|t:|1779642466
|switch|p1a: Dragonite|Dragonite, F|100/100
|turn|29
|inactive|Supa Dupa Hoopa has 120 seconds left.
|
|t:|1779642476
|move|p1a: Dragonite|Extreme Speed|p2a: ANOTHER ONE
|-damage|p2a: ANOTHER ONE|0 fnt
|faint|p2a: ANOTHER ONE
|
|upkeep
|inactive|Supa Dupa Hoopa has 120 seconds left.
|inactive|Supa Dupa Hoopa has 90 seconds left.
|
|t:|1779642524
|switch|p2a: What RU|Serperior, F|88/100
|-damage|p2a: What RU|76/100|[from] Spikes
|turn|30
|
|t:|1779642533
|move|p1a: Dragonite|Extreme Speed|p2a: What RU
|-damage|p2a: What RU|45/100
|move|p2a: What RU|Glare|p1a: Dragonite
|-status|p1a: Dragonite|par
|
|-heal|p2a: What RU|51/100|[from] item: Leftovers
|upkeep
|turn|31
|inactive|Supa Dupa Hoopa has 90 seconds left.
|
|t:|1779642545
|move|p2a: What RU|Substitute|p2a: What RU
|-start|p2a: What RU|Substitute
|-damage|p2a: What RU|26/100
|move|p1a: Dragonite|Dragon Tail|p2a: What RU
|-end|p2a: What RU|Substitute
|
|-heal|p2a: What RU|32/100|[from] item: Leftovers
|upkeep
|turn|32
|inactive|Supa Dupa Hoopa has 90 seconds left.
|
|t:|1779642553
|move|p1a: Dragonite|Extreme Speed|p2a: What RU
|-damage|p2a: What RU|0 fnt
|faint|p2a: What RU
|
|upkeep
|inactive|Supa Dupa Hoopa has 90 seconds left.
|
|t:|1779642562
|switch|p2a: Spongebob|Alomomola, F|56/100 par
|-damage|p2a: Spongebob|44/100 par|[from] Spikes
|turn|33
|
|t:|1779642572
|move|p2a: Spongebob|Flip Turn|p1a: Dragonite
|-resisted|p1a: Dragonite
|-damage|p1a: Dragonite|97/100 par
|
|t:|1779642576
|switch|p2a: Skarmory-M|Corviknight, M|63/100|[from] Flip Turn
|-ability|p2a: Skarmory-M|Pressure
|move|p1a: Dragonite|Dragon Tail|p2a: Skarmory-M
|-resisted|p2a: Skarmory-M
|-damage|p2a: Skarmory-M|53/100
|drag|p2a: Spongebob|Alomomola, F|77/100 par
|-damage|p2a: Spongebob|65/100 par|[from] Spikes
|
|upkeep
|turn|34
|
|t:|1779642590
|switch|p1a: Gholdengo|Gholdengo, tera:Flying|66/100
|move|p2a: Spongebob|Flip Turn|p1a: Gholdengo
|-damage|p1a: Gholdengo|54/100
|
|t:|1779642596
|switch|p2a: Mew1.5|Ditto|88/100|[from] Flip Turn
|-damage|p2a: Mew1.5|76/100|[from] Spikes
|-transform|p2a: Mew1.5|p1a: Gholdengo|[from] ability: Imposter
|
|upkeep
|turn|35
|
|t:|1779642618
|-terastallize|p2a: Mew1.5|Ghost
|move|p2a: Mew1.5|Hex|p1a: Gholdengo
|-damage|p1a: Gholdengo|20/100
|move|p1a: Gholdengo|Recover|p1a: Gholdengo
|-heal|p1a: Gholdengo|70/100
|
|upkeep
|turn|36
|
|t:|1779642627
|switch|p2a: Spongebob|Alomomola, F|98/100 par
|-damage|p2a: Spongebob|86/100 par|[from] Spikes
|move|p1a: Gholdengo|Hex|p2a: Spongebob
|-damage|p2a: Spongebob|59/100 par
|
|upkeep
|turn|37
|
|t:|1779642637
|move|p1a: Gholdengo|Recover|p1a: Gholdengo
|-heal|p1a: Gholdengo|100/100
|move|p2a: Spongebob|Flip Turn|p1a: Gholdengo
|-damage|p1a: Gholdengo|89/100
|
|t:|1779642642
|switch|p2a: Skarmory-M|Corviknight, M|53/100|[from] Flip Turn
|-ability|p2a: Skarmory-M|Pressure
|
|-heal|p2a: Skarmory-M|59/100|[from] item: Leftovers
|upkeep
|turn|38
|
|t:|1779642649
|move|p1a: Gholdengo|Thunder Wave|p2a: Skarmory-M
|-status|p2a: Skarmory-M|par
|move|p2a: Skarmory-M|Roost|p2a: Skarmory-M
|-heal|p2a: Skarmory-M|100/100 par
|-singleturn|p2a: Skarmory-M|move: Roost
|
|upkeep
|turn|39
|
|t:|1779642657
|move|p1a: Gholdengo|Hex|p2a: Skarmory-M
|-damage|p2a: Skarmory-M|40/100 par
|move|p2a: Skarmory-M|Bulk Up|p2a: Skarmory-M
|-boost|p2a: Skarmory-M|atk|1
|-boost|p2a: Skarmory-M|def|1
|
|-heal|p2a: Skarmory-M|46/100 par|[from] item: Leftovers
|upkeep
|turn|40
|
|t:|1779642669
|move|p1a: Gholdengo|Hex|p2a: Skarmory-M
|-damage|p2a: Skarmory-M|0 fnt
|faint|p2a: Skarmory-M
|
|upkeep
|-message|Supa Dupa Hoopa forfeited.
|
|win|Sovereeign
|raw|Sovereeign's rating: 1625 &rarr; <strong>1644</strong><br />(+19 for winning)
|raw|Supa Dupa Hoopa's rating: 1605 &rarr; <strong>1586</strong><br />(-19 for losing)
|l|☆Supa Dupa Hoopa
|player|p2|
|l|☆Sovereeign
|player|p1|
