|j|☆Jeystar
|j|☆garganaclfan1738
|t:|1779715986
|gametype|singles
|player|p1|Jeystar|shadowtriad|1178
|player|p2|garganaclfan1738|lady-gen4|1252
|gen|9
|tier|[Gen 9] OU
|rated|
|rule|HP Percentage Mod: HP is shown in percentages
|rule|Endless Battle Clause: Forcing endless battles is banned
|rule|Species Clause: Limit one of each Pokémon
|rule|OHKO Clause: OHKO moves are banned
|rule|Evasion Items Clause: Evasion items are banned
|rule|Evasion Moves Clause: Evasion moves are banned
|rule|Evasion Abilities Clause: Evasion abilities are banned
|rule|Sleep Moves Clause: Sleep-inducing moves are banned
|clearpoke
|poke|p1|Tatsugiri-Droopy, M|
|poke|p1|Zamazenta-*|
|poke|p1|Slowking-Galar, M|
|poke|p1|Sylveon, F|
|poke|p1|Mew|
|poke|p1|Toxapex, M|
|poke|p2|Darkrai|
|poke|p2|Garchomp, F|
|poke|p2|Alomomola, M|
|poke|p2|Corviknight, F|
|poke|p2|Weezing-Galar, M|
|poke|p2|Ogerpon, F|
|teampreview
|inactive|Battle timer is ON: inactive players will automatically lose when time's up. (requested by Jeystar)
|
|t:|1779716003
|teamsize|p1|6
|teamsize|p2|6
|start
|switch|p1a: Spin Again|Tatsugiri-Droopy, M|100/100
|switch|p2a: Darkrai|Darkrai|100/100
|turn|1
|
|t:|1779716012
|move|p2a: Darkrai|Dark Pulse|p1a: Spin Again
|-damage|p1a: Spin Again|16/100
|move|p1a: Spin Again|Rapid Spin|p2a: Darkrai
|-damage|p2a: Darkrai|92/100
|-boost|p1a: Spin Again|spe|1
|
|upkeep
|turn|2
|
|t:|1779716017
|move|p1a: Spin Again|Draco Meteor|p2a: Darkrai
|-damage|p2a: Darkrai|5/100
|-unboost|p1a: Spin Again|spa|2
|move|p2a: Darkrai|Dark Pulse|p1a: Spin Again
|-damage|p1a: Spin Again|0 fnt
|faint|p1a: Spin Again
|
|upkeep
|
|t:|1779716029
|switch|p1a: x2|Toxapex, M, shiny|100/100
|turn|3
|
|t:|1779716036
|switch|p2a: Weezing|Weezing-Galar, M|100/100
|-ability|p2a: Weezing|Neutralizing Gas
|move|p1a: x2|Toxic Spikes|p2a: Weezing
|-sidestart|p2: garganaclfan1738|move: Toxic Spikes
|
|upkeep
|turn|4
|
|t:|1779716041
|move|p2a: Weezing|Will-O-Wisp|p1a: x2
|-status|p1a: x2|brn
|move|p1a: x2|Toxic Spikes|p2a: Weezing
|-sidestart|p2: garganaclfan1738|move: Toxic Spikes
|
|-damage|p1a: x2|95/100 brn|[from] brn
|upkeep
|turn|5
|
|t:|1779716055
|-end|p2a: Weezing|ability: Neutralizing Gas
|switch|p2a: Corviknight|Corviknight, F|100/100
|-ability|p2a: Corviknight|Pressure
|switch|p1a: Rehab|Slowking-Galar, M|100/100
|
|upkeep
|turn|6
|
|t:|1779716060
|move|p2a: Corviknight|Defog|p1a: Rehab
|-unboost|p1a: Rehab|evasion|1
|-sideend|p2: garganaclfan1738|Toxic Spikes|[from] move: Defog|[of] p2a: Corviknight
|move|p1a: Rehab|Thunder Wave|p2a: Corviknight
|-status|p2a: Corviknight|par
|
|upkeep
|turn|7
|
|t:|1779716064
|move|p2a: Corviknight|U-turn|p1a: Rehab
|-damage|p1a: Rehab|85/100
|
|t:|1779716071
|switch|p2a: Darkrai|Darkrai|5/100|[from] U-turn
|-prepare|p1a: Rehab|Chilly Reception|[premajor]
|move|p1a: Rehab|Chilly Reception|p1a: Rehab
|-weather|Snowscape
|
|t:|1779716077
|switch|p1a: Crush Em|Zamazenta, shiny|100/100|[from] Chilly Reception
|-ability|p1a: Crush Em|Dauntless Shield|boost
|-boost|p1a: Crush Em|def|1
|
|-weather|Snowscape|[upkeep]
|upkeep
|turn|8
|
|t:|1779716083
|switch|p2a: Garchomp|Garchomp, F|100/100
|move|p1a: Crush Em|Body Press|p2a: Garchomp
|-damage|p2a: Garchomp|71/100
|-damage|p1a: Crush Em|88/100|[from] ability: Rough Skin|[of] p2a: Garchomp
|-damage|p1a: Crush Em|72/100|[from] item: Rocky Helmet|[of] p2a: Garchomp
|
|-weather|Snowscape|[upkeep]
|-heal|p1a: Crush Em|78/100|[from] item: Leftovers
|upkeep
|turn|9
|
|t:|1779716088
|move|p1a: Crush Em|Iron Defense|p1a: Crush Em
|-boost|p1a: Crush Em|def|2
|move|p2a: Garchomp|Stealth Rock|p1a: Crush Em
|-sidestart|p1: Jeystar|move: Stealth Rock
|
|-weather|Snowscape|[upkeep]
|-heal|p1a: Crush Em|84/100|[from] item: Leftovers
|upkeep
|turn|10
|
|t:|1779716095
|move|p1a: Crush Em|Iron Defense|p1a: Crush Em
|-boost|p1a: Crush Em|def|2
|move|p2a: Garchomp|Dragon Tail|p1a: Crush Em
|-damage|p1a: Crush Em|78/100
|drag|p1a: Endless Fashion|Sylveon, F|100/100
|-damage|p1a: Endless Fashion|88/100|[from] Stealth Rock
|
|-weather|Snowscape|[upkeep]
|upkeep
|turn|11
|
|t:|1779716101
|switch|p2a: Alomomola|Alomomola, M|100/100
|move|p1a: Endless Fashion|Draining Kiss|p2a: Alomomola
|-damage|p2a: Alomomola|82/100
|-heal|p1a: Endless Fashion|100/100|[from] drain|[of] p2a: Alomomola
|
|-weather|none
|upkeep
|turn|12
|
|t:|1779716106
|switch|p1a: x2|Toxapex, M, shiny|100/100 brn
|move|p2a: Alomomola|Mirror Coat||[still]
|-fail|p2a: Alomomola
|
|-damage|p1a: x2|95/100 brn|[from] brn
|upkeep
|turn|13
|
|t:|1779716115
|switch|p1a: Rehab|Slowking-Galar, M|100/100
|move|p2a: Alomomola|Flip Turn|p1a: Rehab
|-damage|p1a: Rehab|83/100
|
|t:|1779716118
|switch|p2a: Darkrai|Darkrai|5/100|[from] Flip Turn
|
|upkeep
|turn|14
|
|t:|1779716123
|move|p2a: Darkrai|Trick|p1a: Rehab
|-activate|p2a: Darkrai|move: Trick|[of] p1a: Rehab
|-item|p1a: Rehab|Choice Specs|[from] move: Trick
|-item|p2a: Darkrai|Heavy-Duty Boots|[from] move: Trick
|move|p1a: Rehab|Sludge Bomb|p2a: Darkrai
|-damage|p2a: Darkrai|0 fnt
|faint|p2a: Darkrai
|
|upkeep
|
|t:|1779716129
|switch|p2a: Garchomp|Garchomp, F|71/100
|turn|15
|
|t:|1779716134
|switch|p1a: x2|Toxapex, M, shiny|100/100 brn
|move|p2a: Garchomp|Spikes|p1a: x2
|-sidestart|p1: Jeystar|Spikes
|
|-damage|p1a: x2|95/100 brn|[from] brn
|upkeep
|turn|16
|
|t:|1779716138
|move|p2a: Garchomp|Spikes|p1a: x2
|-sidestart|p1: Jeystar|Spikes
|move|p1a: x2|Toxic Spikes|p2a: Garchomp
|-sidestart|p2: garganaclfan1738|move: Toxic Spikes
|
|-damage|p1a: x2|89/100 brn|[from] brn
|upkeep
|turn|17
|
|t:|1779716139
|move|p2a: Garchomp|Spikes|p1a: x2
|-sidestart|p1: Jeystar|Spikes
|move|p1a: x2|Toxic Spikes|p2a: Garchomp
|-sidestart|p2: garganaclfan1738|move: Toxic Spikes
|
|-damage|p1a: x2|83/100 brn|[from] brn
|upkeep
|turn|18
|
|t:|1779716142
|switch|p1a: Pluto to Mars|Mew|100/100
|-damage|p1a: Pluto to Mars|88/100|[from] Stealth Rock
|-damage|p1a: Pluto to Mars|63/100|[from] Spikes
|move|p2a: Garchomp|Dragon Tail|p1a: Pluto to Mars
|-damage|p1a: Pluto to Mars|47/100
|-damage|p2a: Garchomp|54/100|[from] item: Rocky Helmet|[of] p1a: Pluto to Mars
|drag|p1a: Crush Em|Zamazenta, shiny|78/100
|-damage|p1a: Crush Em|72/100|[from] Stealth Rock
|-damage|p1a: Crush Em|47/100|[from] Spikes
|
|-heal|p1a: Crush Em|53/100|[from] item: Leftovers
|upkeep
|turn|19
|
|t:|1779716148
|move|p1a: Crush Em|Body Press|p2a: Garchomp
|-damage|p2a: Garchomp|32/100
|-damage|p1a: Crush Em|41/100|[from] ability: Rough Skin|[of] p2a: Garchomp
|-damage|p1a: Crush Em|24/100|[from] item: Rocky Helmet|[of] p2a: Garchomp
|move|p2a: Garchomp|Dragon Tail|p1a: Crush Em
|-crit|p1a: Crush Em
|-damage|p1a: Crush Em|0 fnt
|faint|p1a: Crush Em
|
|upkeep
|
|t:|1779716156
|switch|p1a: Pluto to Mars|Mew|47/100
|-damage|p1a: Pluto to Mars|35/100|[from] Stealth Rock
|-damage|p1a: Pluto to Mars|10/100|[from] Spikes
|turn|20
|
|t:|1779716161
|move|p2a: Garchomp|Earthquake|p1a: Pluto to Mars
|-damage|p1a: Pluto to Mars|0 fnt
|faint|p1a: Pluto to Mars
|
|upkeep
|
|t:|1779716165
|switch|p1a: Endless Fashion|Sylveon, F|100/100
|-damage|p1a: Endless Fashion|88/100|[from] Stealth Rock
|-damage|p1a: Endless Fashion|63/100|[from] Spikes
|turn|21
|
|t:|1779716170
|switch|p2a: Weezing|Weezing-Galar, M|100/100
|-ability|p2a: Weezing|Neutralizing Gas
|-sideend|p2: garganaclfan1738|move: Toxic Spikes|[of] p2a: Weezing
|move|p1a: Endless Fashion|Hyper Voice|p2a: Weezing
|-damage|p2a: Weezing|33/100
|
|-heal|p2a: Weezing|39/100|[from] item: Leftovers
|upkeep
|turn|22
|
|t:|1779716177
|-end|p2a: Weezing|ability: Neutralizing Gas
|switch|p2a: Alomomola|Alomomola, M|100/100
|move|p1a: Endless Fashion|Hyper Voice|p2a: Alomomola
|-damage|p2a: Alomomola|60/100
|
|upkeep
|turn|23
|
|t:|1779716183
|move|p1a: Endless Fashion|Hyper Voice|p2a: Alomomola
|-damage|p2a: Alomomola|21/100
|move|p2a: Alomomola|Flip Turn|p1a: Endless Fashion
|-damage|p1a: Endless Fashion|39/100
|
|t:|1779716186
|switch|p2a: Ogerpon|Ogerpon, F|100/100|[from] Flip Turn
|
|upkeep
|turn|24
|
|t:|1779716191
|move|p2a: Ogerpon|Ivy Cudgel|p1a: Endless Fashion
|-crit|p1a: Endless Fashion
|-damage|p1a: Endless Fashion|0 fnt
|faint|p1a: Endless Fashion
|
|upkeep
|
|t:|1779716195
|switch|p1a: Rehab|Slowking-Galar, M|100/100
|-damage|p1a: Rehab|88/100|[from] Stealth Rock
|-damage|p1a: Rehab|63/100|[from] Spikes
|turn|25
|
|t:|1779716200
|-terastallize|p1a: Rehab|Water
|move|p2a: Ogerpon|Knock Off|p1a: Rehab
|-damage|p1a: Rehab|29/100
|-enditem|p1a: Rehab|Choice Specs|[from] move: Knock Off|[of] p2a: Ogerpon
|move|p1a: Rehab|Sludge Bomb|p2a: Ogerpon
|-supereffective|p2a: Ogerpon
|-damage|p2a: Ogerpon|16/100
|-status|p2a: Ogerpon|psn
|
|-damage|p2a: Ogerpon|4/100 psn|[from] psn
|upkeep
|turn|26
|
|t:|1779716208
|move|p2a: Ogerpon|Ivy Cudgel|p1a: Rehab
|-supereffective|p1a: Rehab
|-damage|p1a: Rehab|0 fnt
|faint|p1a: Rehab
|
|-damage|p2a: Ogerpon|0 fnt|[from] psn
|faint|p2a: Ogerpon
|upkeep
|
|t:|1779716212
|switch|p2a: Garchomp|Garchomp, F|32/100
|switch|p1a: x2|Toxapex, M, shiny|100/100 brn
|turn|27
|
|t:|1779716216
|move|p2a: Garchomp|Earthquake|p1a: x2
|-supereffective|p1a: x2
|-damage|p1a: x2|33/100 brn
|move|p1a: x2|Toxic|p2a: Garchomp
|-status|p2a: Garchomp|tox
|
|-damage|p2a: Garchomp|26/100 tox|[from] psn
|-damage|p1a: x2|27/100 brn|[from] brn
|upkeep
|turn|28
|
|t:|1779716218
|move|p2a: Garchomp|Earthquake|p1a: x2
|-supereffective|p1a: x2
|-damage|p1a: x2|0 fnt
|faint|p1a: x2
|
|win|garganaclfan1738
|raw|Jeystar's rating: 1178 &rarr; <strong>1158</strong><br />(-20 for losing)
|raw|garganaclfan1738's rating: 1252 &rarr; <strong>1272</strong><br />(+20 for winning)
|l|☆garganaclfan1738
|player|p2|
|l|☆Jeystar
|player|p1|
|j|☆Jeystar
|player|p1|Jeystar|shadowtriad|
|l|☆Jeystar
|player|p1|
