|j|☆ur doggo
|j|‽aaagislash
|t:|1779700694
|gametype|singles
|player|p1|ur doggo|2|1626
|player|p2|aaagislash|1|1534
|gen|9
|tier|[Gen 9] OU
|rated|
|rule|HP Percentage Mod: HP is shown in percentages
|rule|Endless Battle Clause: Forcing endless battles is banned
|rule|Species Clause: Limit one of each Pokémon
|rule|OHKO Clause: OHKO moves are banned
|rule|Evasion Items Clause: Evasion items are banned
|rule|Evasion Moves Clause: Evasion moves are banned
|rule|Evasion Abilities Clause: Evasion abilities are banned
|rule|Sleep Moves Clause: Sleep-inducing moves are banned
|clearpoke
|poke|p1|Ninetales, F|
|poke|p1|Walking Wake|
|poke|p1|Great Tusk|
|poke|p1|Cresselia, F|
|poke|p1|Typhlosion-Hisui, F|
|poke|p1|Slither Wing|
|poke|p2|Kommo-o, F|
|poke|p2|Flamigo, F|
|poke|p2|Iron Valiant|
|poke|p2|Meowscarada, F|
|poke|p2|Scizor, F|
|poke|p2|Great Tusk|
|teampreview
|
|t:|1779700723
|teamsize|p1|6
|teamsize|p2|6
|start
|switch|p1a: Ninetales|Ninetales, F|100/100
|switch|p2a: Meowscarada|Meowscarada, F|100/100
|-weather|SunnyDay|[from] ability: Drought|[of] p1a: Ninetales
|turn|1
|
|t:|1779700735
|switch|p1a: Slither Wing|Slither Wing|100/100
|-activate|p1a: Slither Wing|ability: Protosynthesis
|-start|p1a: Slither Wing|protosynthesisatk
|-terastallize|p2a: Meowscarada|Ghost
|move|p2a: Meowscarada|Spikes|p1a: Slither Wing
|-sidestart|p1: ur doggo|Spikes
|
|-weather|SunnyDay|[upkeep]
|upkeep
|turn|2
|
|t:|1779700746
|switch|p2a: Iron Valiant|Iron Valiant|100/100
|-enditem|p2a: Iron Valiant|Booster Energy
|-activate|p2a: Iron Valiant|ability: Quark Drive|[fromitem]
|-start|p2a: Iron Valiant|quarkdrivespe
|move|p1a: Slither Wing|First Impression|p2a: Iron Valiant
|-resisted|p2a: Iron Valiant
|-damage|p2a: Iron Valiant|78/100
|
|-weather|SunnyDay|[upkeep]
|upkeep
|turn|3
|
|t:|1779700755
|move|p2a: Iron Valiant|Swords Dance|p2a: Iron Valiant
|-boost|p2a: Iron Valiant|atk|2
|move|p1a: Slither Wing|Flare Blitz|p2a: Iron Valiant
|-damage|p2a: Iron Valiant|0 fnt
|faint|p2a: Iron Valiant
|-end|p2a: Iron Valiant|Quark Drive|[silent]
|-damage|p1a: Slither Wing|80/100|[from] Recoil
|
|-weather|SunnyDay|[upkeep]
|upkeep
|
|t:|1779700758
|switch|p2a: Flamigo|Flamigo, F|100/100
|turn|4
|
|t:|1779700769
|-end|p1a: Slither Wing|Protosynthesis|[silent]
|switch|p1a: Cresselia|Cresselia, F|100/100
|move|p2a: Flamigo|Tailwind|p2a: Flamigo
|-sidestart|p2: aaagislash|move: Tailwind
|
|-weather|SunnyDay|[upkeep]
|upkeep
|turn|5
|
|t:|1779700779
|switch|p2a: Great Tusk|Great Tusk|100/100
|-activate|p2a: Great Tusk|ability: Protosynthesis
|-start|p2a: Great Tusk|protosynthesisatk
|move|p1a: Cresselia|Ice Beam|p2a: Great Tusk
|-supereffective|p2a: Great Tusk
|-damage|p2a: Great Tusk|55/100
|
|-weather|SunnyDay|[upkeep]
|upkeep
|turn|6
|
|t:|1779700792
|-end|p2a: Great Tusk|Protosynthesis|[silent]
|switch|p2a: Kommo-o|Kommo-o, F|100/100
|move|p1a: Cresselia|Ice Beam|p2a: Kommo-o
|-supereffective|p2a: Kommo-o
|-damage|p2a: Kommo-o|63/100
|
|-weather|SunnyDay|[upkeep]
|upkeep
|turn|7
|
|t:|1779700797
|move|p2a: Kommo-o|Stealth Rock|p1a: Cresselia
|-sidestart|p1: ur doggo|move: Stealth Rock
|move|p1a: Cresselia|Thunder Wave|p2a: Kommo-o
|-status|p2a: Kommo-o|par
|
|-weather|SunnyDay|[upkeep]
|-sideend|p2: aaagislash|move: Tailwind
|upkeep
|turn|8
|
|t:|1779700804
|move|p1a: Cresselia|Ice Beam|p2a: Kommo-o
|-supereffective|p2a: Kommo-o
|-damage|p2a: Kommo-o|26/100 par
|move|p2a: Kommo-o|Outrage|p1a: Cresselia
|-damage|p1a: Cresselia|45/100
|-enditem|p1a: Cresselia|Eject Button
|-damage|p2a: Kommo-o|16/100 par|[from] item: Life Orb
|
|t:|1779700812
|switch|p1a: mid tusk|Great Tusk|100/100
|-damage|p1a: mid tusk|88/100|[from] Spikes
|-damage|p1a: mid tusk|85/100|[from] Stealth Rock
|-activate|p1a: mid tusk|ability: Protosynthesis
|-start|p1a: mid tusk|protosynthesisspe
|
|-weather|none
|-end|p1a: mid tusk|Protosynthesis
|upkeep
|turn|9
|
|t:|1779700817
|move|p1a: mid tusk|Rapid Spin|p2a: Kommo-o
|-damage|p2a: Kommo-o|2/100 par
|-boost|p1a: mid tusk|spe|1
|-sideend|p1: ur doggo|Spikes|[from] move: Rapid Spin|[of] p1a: mid tusk
|-sideend|p1: ur doggo|Stealth Rock|[from] move: Rapid Spin|[of] p1a: mid tusk
|cant|p2a: Kommo-o|par
|
|upkeep
|turn|10
|
|t:|1779700827
|switch|p2a: Meowscarada|Meowscarada, F, tera:Ghost|100/100
|move|p1a: mid tusk|Ice Spinner|p2a: Meowscarada
|-damage|p2a: Meowscarada|61/100
|
|upkeep
|turn|11
|
|t:|1779700831
|switch|p2a: Flamigo|Flamigo, F|100/100
|move|p1a: mid tusk|Headlong Rush|p2a: Flamigo
|-immune|p2a: Flamigo
|
|upkeep
|turn|12
|
|t:|1779700836
|move|p1a: mid tusk|Stealth Rock|p2a: Flamigo
|-sidestart|p2: aaagislash|move: Stealth Rock
|move|p2a: Flamigo|Tailwind|p2a: Flamigo
|-sidestart|p2: aaagislash|move: Tailwind
|
|upkeep
|turn|13
|
|t:|1779700840
|-end|p1a: mid tusk|Protosynthesis|[silent]
|switch|p1a: Ninetales|Ninetales, F|100/100
|-weather|SunnyDay|[from] ability: Drought|[of] p1a: Ninetales
|move|p2a: Flamigo|Copycat|p2a: Flamigo
|move|p2a: Flamigo|Tailwind||[from] move: Copycat|[still]
|-fail|p2a: Flamigo
|
|-weather|SunnyDay|[upkeep]
|upkeep
|turn|14
|
|t:|1779700851
|move|p2a: Flamigo|Close Combat|p1a: Ninetales
|-damage|p1a: Ninetales|6/100
|-unboost|p2a: Flamigo|def|1
|-unboost|p2a: Flamigo|spd|1
|move|p1a: Ninetales|Overheat|p2a: Flamigo
|-damage|p2a: Flamigo|0 fnt
|-unboost|p1a: Ninetales|spa|2
|faint|p2a: Flamigo
|
|-weather|SunnyDay|[upkeep]
|upkeep
|
|t:|1779700853
|switch|p2a: Meowscarada|Meowscarada, F, tera:Ghost|61/100
|-damage|p2a: Meowscarada|49/100|[from] Stealth Rock
|turn|15
|
|t:|1779700860
|move|p2a: Meowscarada|Spikes|p1a: Ninetales
|-sidestart|p1: ur doggo|Spikes
|move|p1a: Ninetales|Overheat|p2a: Meowscarada
|-damage|p2a: Meowscarada|0 fnt
|-unboost|p1a: Ninetales|spa|2
|faint|p2a: Meowscarada
|
|-weather|SunnyDay|[upkeep]
|-sideend|p2: aaagislash|move: Tailwind
|upkeep
|
|t:|1779700864
|switch|p2a: Great Tusk|Great Tusk|55/100
|-damage|p2a: Great Tusk|52/100|[from] Stealth Rock
|-activate|p2a: Great Tusk|ability: Protosynthesis
|-start|p2a: Great Tusk|protosynthesisatk
|turn|16
|
|t:|1779700869
|switch|p1a: high|Typhlosion-Hisui, F|100/100
|-damage|p1a: high|88/100|[from] Spikes
|move|p2a: Great Tusk|Rapid Spin|p1a: high
|-immune|p1a: high
|
|-weather|SunnyDay|[upkeep]
|upkeep
|turn|17
|-message|aaagislash forfeited.
|
|win|ur doggo
|raw|ur doggo's rating: 1626 &rarr; <strong>1641</strong><br />(+15 for winning)
|raw|aaagislash's rating: 1534 &rarr; <strong>1519</strong><br />(-15 for losing)
|l|‽aaagislash
|player|p2|
|l|☆ur doggo
|player|p1|
