|j|☆hameed425
|j|☆slowlyfadingaway
|t:|1779707424
|gametype|singles
|player|p1|hameed425|102|1365
|player|p2|slowlyfadingaway|veteran|1295
|gen|9
|tier|[Gen 9] OU
|rated|
|rule|HP Percentage Mod: HP is shown in percentages
|rule|Endless Battle Clause: Forcing endless battles is banned
|rule|Species Clause: Limit one of each Pokémon
|rule|OHKO Clause: OHKO moves are banned
|rule|Evasion Items Clause: Evasion items are banned
|rule|Evasion Moves Clause: Evasion moves are banned
|rule|Evasion Abilities Clause: Evasion abilities are banned
|rule|Sleep Moves Clause: Sleep-inducing moves are banned
|clearpoke
|poke|p1|Sandy Shocks|
|poke|p1|Great Tusk|
|poke|p1|Walking Wake|
|poke|p1|Torkoal, F|
|poke|p1|Venusaur, F|
|poke|p1|Raging Bolt|
|poke|p2|Greninja-*, M|
|poke|p2|Forretress, M|
|poke|p2|Samurott-Hisui, M|
|poke|p2|Garchomp, F|
|poke|p2|Scizor, F|
|poke|p2|Diancie|
|teampreview
|inactive|Battle timer is ON: inactive players will automatically lose when time's up. (requested by slowlyfadingaway)
|
|t:|1779707441
|teamsize|p1|6
|teamsize|p2|6
|start
|switch|p1a: Torkoal|Torkoal, F|100/100
|switch|p2a: Garchomp|Garchomp, F|100/100
|-weather|SunnyDay|[from] ability: Drought|[of] p1a: Torkoal
|turn|1
|inactive|hameed425 has 120 seconds left.
|
|t:|1779707488
|switch|p1a: Walking Wake|Walking Wake|100/100
|-activate|p1a: Walking Wake|ability: Protosynthesis
|-start|p1a: Walking Wake|protosynthesisspe
|move|p2a: Garchomp|Scale Shot|p1a: Walking Wake
|-supereffective|p1a: Walking Wake
|-damage|p1a: Walking Wake|69/100
|-supereffective|p1a: Walking Wake
|-damage|p1a: Walking Wake|40/100
|-supereffective|p1a: Walking Wake
|-damage|p1a: Walking Wake|14/100
|-supereffective|p1a: Walking Wake
|-damage|p1a: Walking Wake|0 fnt
|faint|p1a: Walking Wake
|-end|p1a: Walking Wake|Protosynthesis|[silent]
|-hitcount|p1: Walking Wake|4
|-unboost|p2a: Garchomp|def|1
|-boost|p2a: Garchomp|spe|1
|
|-weather|SunnyDay|[upkeep]
|upkeep
|
|t:|1779707495
|switch|p1a: Great Tusk|Great Tusk|100/100
|-activate|p1a: Great Tusk|ability: Protosynthesis
|-start|p1a: Great Tusk|protosynthesisatk
|turn|2
|
|t:|1779707506
|switch|p2a: Forretress|Forretress, M|100/100
|move|p1a: Great Tusk|Rapid Spin|p2a: Forretress
|-resisted|p2a: Forretress
|-damage|p2a: Forretress|91/100
|-boost|p1a: Great Tusk|spe|1
|-damage|p1a: Great Tusk|91/100|[from] item: Life Orb
|
|-weather|SunnyDay|[upkeep]
|upkeep
|turn|3
|
|t:|1779707510
|move|p1a: Great Tusk|Close Combat|p2a: Forretress
|-damage|p2a: Forretress|30/100
|-unboost|p1a: Great Tusk|def|1
|-unboost|p1a: Great Tusk|spd|1
|-damage|p1a: Great Tusk|81/100|[from] item: Life Orb
|move|p2a: Forretress|Body Press|p1a: Great Tusk
|-crit|p1a: Great Tusk
|-damage|p1a: Great Tusk|28/100
|
|-weather|SunnyDay|[upkeep]
|upkeep
|turn|4
|
|t:|1779707518
|move|p1a: Great Tusk|Close Combat|p2a: Forretress
|-damage|p2a: Forretress|0 fnt
|-unboost|p1a: Great Tusk|def|1
|-unboost|p1a: Great Tusk|spd|1
|faint|p2a: Forretress
|-damage|p1a: Great Tusk|18/100|[from] item: Life Orb
|
|-weather|SunnyDay|[upkeep]
|upkeep
|
|t:|1779707521
|switch|p2a: Scizor|Scizor, F|100/100
|turn|5
|
|t:|1779707527
|-end|p1a: Great Tusk|Protosynthesis|[silent]
|switch|p1a: Torkoal|Torkoal, F|100/100
|move|p2a: Scizor|U-turn|p1a: Torkoal
|-resisted|p1a: Torkoal
|-damage|p1a: Torkoal|89/100
|
|t:|1779707530
|switch|p2a: Garchomp|Garchomp, F|100/100|[from] U-turn
|
|-weather|SunnyDay|[upkeep]
|upkeep
|turn|6
|
|t:|1779707536
|move|p2a: Garchomp|Scale Shot|p1a: Torkoal
|-damage|p1a: Torkoal|82/100
|-damage|p1a: Torkoal|73/100
|-damage|p1a: Torkoal|66/100
|-damage|p1a: Torkoal|57/100
|-damage|p1a: Torkoal|49/100
|-hitcount|p1a: Torkoal|5
|-unboost|p2a: Garchomp|def|1
|-boost|p2a: Garchomp|spe|1
|move|p1a: Torkoal|Lava Plume|p2a: Garchomp
|-resisted|p2a: Garchomp
|-damage|p2a: Garchomp|78/100
|
|-weather|SunnyDay|[upkeep]
|upkeep
|turn|7
|
|t:|1779707545
|switch|p1a: Great Tusk|Great Tusk|18/100
|-activate|p1a: Great Tusk|ability: Protosynthesis
|-start|p1a: Great Tusk|protosynthesisatk
|move|p2a: Garchomp|Scale Shot|p1a: Great Tusk
|-damage|p1a: Great Tusk|8/100
|-crit|p1a: Great Tusk
|-damage|p1a: Great Tusk|0 fnt
|faint|p1a: Great Tusk
|-end|p1a: Great Tusk|Protosynthesis|[silent]
|-hitcount|p1: Great Tusk|2
|-unboost|p2a: Garchomp|def|1
|-boost|p2a: Garchomp|spe|1
|
|-weather|SunnyDay|[upkeep]
|upkeep
|
|t:|1779707555
|switch|p1a: Venusaur|Venusaur, F|100/100
|turn|8
|
|t:|1779707560
|-terastallize|p2a: Garchomp|Dragon
|move|p2a: Garchomp|Scale Shot|p1a: Venusaur
|-damage|p1a: Venusaur|79/100
|-damage|p1a: Venusaur|58/100
|-damage|p1a: Venusaur|38/100
|-damage|p1a: Venusaur|15/100
|-hitcount|p1a: Venusaur|4
|-unboost|p2a: Garchomp|def|1
|-boost|p2a: Garchomp|spe|1
|move|p1a: Venusaur|Giga Drain|p2a: Garchomp
|-resisted|p2a: Garchomp
|-damage|p2a: Garchomp|50/100
|-heal|p1a: Venusaur|31/100|[from] drain|[of] p2a: Garchomp
|-damage|p1a: Venusaur|21/100|[from] item: Life Orb
|
|-weather|none
|upkeep
|turn|9
|inactive|hameed425 has 120 seconds left.
|inactive|hameed425 has 90 seconds left.
|c|☆slowlyfadingaway|gang just resign
|c|☆slowlyfadingaway|unless you have a sash on your sandy shocks you loose
|inactive|hameed425 has 60 seconds left.
|c|☆slowlyfadingaway|its GAURENTEED LETHAT
|c|☆slowlyfadingaway|LETHAL
|inactive|hameed425 has 30 seconds left.
|inactive|hameed425 has 20 seconds left.
|inactive|hameed425 has 15 seconds left.
|inactive|hameed425 has 10 seconds left.
|inactive|hameed425 has 5 seconds left.
|-message|hameed425 lost due to inactivity.
|
|win|slowlyfadingaway
|raw|hameed425's rating: 1365 &rarr; <strong>1341</strong><br />(-24 for losing)
|raw|slowlyfadingaway's rating: 1295 &rarr; <strong>1325</strong><br />(+30 for winning)
|l|☆slowlyfadingaway
|player|p2|
