|j|☆Windy189
|j|☆solaire23
|t:|1779708353
|gametype|singles
|player|p1|Windy189|102|1275
|player|p2|solaire23|1|1295
|gen|9
|tier|[Gen 9] OU
|rated|
|rule|HP Percentage Mod: HP is shown in percentages
|rule|Endless Battle Clause: Forcing endless battles is banned
|rule|Species Clause: Limit one of each Pokémon
|rule|OHKO Clause: OHKO moves are banned
|rule|Evasion Items Clause: Evasion items are banned
|rule|Evasion Moves Clause: Evasion moves are banned
|rule|Evasion Abilities Clause: Evasion abilities are banned
|rule|Sleep Moves Clause: Sleep-inducing moves are banned
|clearpoke
|poke|p1|Blaziken, M|
|poke|p1|Darkrai|
|poke|p1|Dragonite, M|
|poke|p1|Skeledirge, M|
|poke|p1|Pawmot, F|
|poke|p1|Great Tusk|
|poke|p2|Dondozo, M|
|poke|p2|Sinistcha-Masterpiece|
|poke|p2|Garganacl, F|
|poke|p2|Corviknight, F|
|poke|p2|Gliscor, F|
|poke|p2|Hoopa-Unbound|
|teampreview
|inactive|Battle timer is ON: inactive players will automatically lose when time's up. (requested by Windy189)
|
|t:|1779708373
|teamsize|p1|6
|teamsize|p2|6
|start
|switch|p1a: Darkrai|Darkrai|100/100
|switch|p2a: Hoopa|Hoopa-Unbound|100/100
|turn|1
|
|t:|1779708382
|move|p2a: Hoopa|Hyperspace Fury|p1a: Darkrai
|-resisted|p1a: Darkrai
|-damage|p1a: Darkrai|62/100
|-unboost|p2a: Hoopa|def|1
|move|p1a: Darkrai|Dark Pulse|p2a: Hoopa
|-damage|p2a: Hoopa|61/100
|
|upkeep
|turn|2
|
|t:|1779708391
|move|p2a: Hoopa|Hyperspace Fury|p1a: Darkrai
|-resisted|p1a: Darkrai
|-damage|p1a: Darkrai|25/100
|-unboost|p2a: Hoopa|def|1
|move|p1a: Darkrai|Sludge Bomb|p2a: Hoopa
|-damage|p2a: Hoopa|34/100
|
|upkeep
|turn|3
|
|t:|1779708401
|move|p2a: Hoopa|Hyperspace Fury|p1a: Darkrai
|-resisted|p1a: Darkrai
|-damage|p1a: Darkrai|0 fnt
|-unboost|p2a: Hoopa|def|1
|faint|p1a: Darkrai
|
|upkeep
|
|t:|1779708410
|switch|p1a: Blaziken|Blaziken, M|100/100
|turn|4
|
|t:|1779708413
|switch|p2a: Gliscor|Gliscor, F|100/100
|move|p1a: Blaziken|Protect||[still]
|-fail|p1a: Blaziken
|
|-ability|p1a: Blaziken|Speed Boost|boost
|-boost|p1a: Blaziken|spe|1
|-status|p2a: Gliscor|tox|[from] item: Toxic Orb
|upkeep
|turn|5
|
|t:|1779708434
|switch|p1a: Great Tusk|Great Tusk|100/100
|-enditem|p1a: Great Tusk|Booster Energy
|-activate|p1a: Great Tusk|ability: Protosynthesis|[fromitem]
|-start|p1a: Great Tusk|protosynthesisatk
|move|p2a: Gliscor|Toxic|p1a: Great Tusk|[miss]
|-miss|p2a: Gliscor|p1a: Great Tusk
|
|upkeep
|turn|6
|
|t:|1779708443
|move|p1a: Great Tusk|Ice Spinner|p2a: Gliscor
|-supereffective|p2a: Gliscor
|-damage|p2a: Gliscor|0 fnt
|faint|p2a: Gliscor
|
|upkeep
|
|t:|1779708448
|switch|p2a: Hoopa|Hoopa-Unbound|34/100
|turn|7
|
|t:|1779708453
|-end|p1a: Great Tusk|Protosynthesis|[silent]
|switch|p1a: Dragonite|Dragonite, M|100/100
|move|p2a: Hoopa|Zen Headbutt|p1a: Dragonite
|-damage|p1a: Dragonite|79/100
|
|-heal|p1a: Dragonite|85/100|[from] item: Leftovers
|upkeep
|turn|8
|
|t:|1779708473
|switch|p2a: Garganacl|Garganacl, F|100/100
|-terastallize|p1a: Dragonite|Fairy
|move|p1a: Dragonite|Dragon Dance|p1a: Dragonite
|-boost|p1a: Dragonite|atk|1
|-boost|p1a: Dragonite|spe|1
|
|-heal|p1a: Dragonite|92/100|[from] item: Leftovers
|upkeep
|turn|9
|inactive|Windy189 has 120 seconds left.
|
|t:|1779708501
|-terastallize|p2a: Garganacl|Ghost
|move|p1a: Dragonite|Earthquake|p2a: Garganacl
|-damage|p2a: Garganacl|70/100
|move|p2a: Garganacl|Salt Cure|p1a: Dragonite
|-damage|p1a: Dragonite|79/100
|-start|p1a: Dragonite|Salt Cure
|
|-heal|p1a: Dragonite|85/100|[from] item: Leftovers
|-heal|p2a: Garganacl|76/100|[from] item: Leftovers
|-damage|p1a: Dragonite|73/100|[from] Salt Cure
|upkeep
|turn|10
|inactive|Windy189 has 120 seconds left.
|
|t:|1779708519
|switch|p1a: Pawmot|Pawmot, F, shiny|100/100
|move|p2a: Garganacl|Iron Defense|p2a: Garganacl
|-boost|p2a: Garganacl|def|2
|
|-heal|p2a: Garganacl|82/100|[from] item: Leftovers
|upkeep
|turn|11
|inactive|Windy189 has 120 seconds left.
|
|t:|1779708533
|move|p1a: Pawmot|Knock Off|p2a: Garganacl
|-supereffective|p2a: Garganacl
|-damage|p2a: Garganacl|60/100
|-enditem|p2a: Garganacl|Leftovers|[from] move: Knock Off|[of] p1a: Pawmot
|move|p2a: Garganacl|Salt Cure|p1a: Pawmot
|-resisted|p1a: Pawmot
|-damage|p1a: Pawmot|89/100
|-start|p1a: Pawmot|Salt Cure
|
|-damage|p1a: Pawmot|76/100|[from] Salt Cure
|upkeep
|turn|12
|inactive|Windy189 has 120 seconds left.
|
|t:|1779708543
|move|p1a: Pawmot|Revival Blessing|p1a: Pawmot
|
|t:|1779708547
|-heal|p1: Darkrai|50/100|[from] move: Revival Blessing
|move|p2a: Garganacl|Iron Defense|p2a: Garganacl
|-boost|p2a: Garganacl|def|2
|
|-damage|p1a: Pawmot|64/100|[from] Salt Cure
|upkeep
|turn|13
|
|t:|1779708556
|move|p1a: Pawmot|Knock Off|p2a: Garganacl
|-supereffective|p2a: Garganacl
|-damage|p2a: Garganacl|51/100
|move|p2a: Garganacl|Salt Cure|p1a: Pawmot
|-resisted|p1a: Pawmot
|-damage|p1a: Pawmot|54/100
|
|-damage|p1a: Pawmot|41/100|[from] Salt Cure
|upkeep
|turn|14
|
|t:|1779708566
|switch|p1a: Skeledirge|Skeledirge, M|100/100
|move|p2a: Garganacl|Recover|p2a: Garganacl
|-heal|p2a: Garganacl|100/100
|
|upkeep
|turn|15
|
|t:|1779708572
|move|p1a: Skeledirge|Will-O-Wisp|p2a: Garganacl
|-immune|p2a: Garganacl|[from] ability: Purifying Salt
|move|p2a: Garganacl|Salt Cure|p1a: Skeledirge
|-supereffective|p1a: Skeledirge
|-damage|p1a: Skeledirge|82/100
|-start|p1a: Skeledirge|Salt Cure
|
|-heal|p1a: Skeledirge|88/100|[from] item: Leftovers
|-damage|p1a: Skeledirge|75/100|[from] Salt Cure
|upkeep
|turn|16
|
|t:|1779708583
|move|p1a: Skeledirge|Torch Song|p2a: Garganacl
|-damage|p2a: Garganacl|82/100
|-boost|p1a: Skeledirge|spa|1
|move|p2a: Garganacl|Salt Cure|p1a: Skeledirge
|-supereffective|p1a: Skeledirge
|-damage|p1a: Skeledirge|59/100
|
|-heal|p1a: Skeledirge|65/100|[from] item: Leftovers
|-damage|p1a: Skeledirge|53/100|[from] Salt Cure
|upkeep
|turn|17
|
|t:|1779708594
|move|p2a: Garganacl|Protect|p2a: Garganacl
|-singleturn|p2a: Garganacl|Protect
|move|p1a: Skeledirge|Torch Song|p2a: Garganacl
|-activate|p2a: Garganacl|move: Protect
|
|-heal|p1a: Skeledirge|59/100|[from] item: Leftovers
|-damage|p1a: Skeledirge|46/100|[from] Salt Cure
|upkeep
|turn|18
|
|t:|1779708604
|switch|p2a: Dondozo|Dondozo, M|100/100
|move|p1a: Skeledirge|Slack Off|p1a: Skeledirge
|-heal|p1a: Skeledirge|97/100
|
|-heal|p1a: Skeledirge|100/100|[from] item: Leftovers
|-damage|p1a: Skeledirge|88/100|[from] Salt Cure
|upkeep
|turn|19
|
|t:|1779708615
|switch|p1a: Darkrai|Darkrai|50/100
|move|p2a: Dondozo|Curse|p2a: Dondozo
|-unboost|p2a: Dondozo|spe|1
|-boost|p2a: Dondozo|atk|1
|-boost|p2a: Dondozo|def|1
|
|upkeep
|turn|20
|
|t:|1779708642
|switch|p1a: Pawmot|Pawmot, F, shiny|41/100
|move|p2a: Dondozo|Avalanche|p1a: Pawmot
|-damage|p1a: Pawmot|4/100
|
|upkeep
|turn|21
|
|t:|1779708651
|move|p1a: Pawmot|Double Shock|p2a: Dondozo
|-supereffective|p2a: Dondozo
|-damage|p2a: Dondozo|56/100
|-start|p1a: Pawmot|typechange|???/Fighting|[from] move: Double Shock
|move|p2a: Dondozo|Avalanche|p1a: Pawmot
|-damage|p1a: Pawmot|0 fnt
|faint|p1a: Pawmot
|
|-heal|p2a: Dondozo|62/100|[from] item: Leftovers
|upkeep
|inactive|Windy189 has 120 seconds left.
|
|t:|1779708672
|switch|p1a: Darkrai|Darkrai|50/100
|turn|22
|inactive|Windy189 has 120 seconds left.
|
|t:|1779708683
|move|p1a: Darkrai|Sludge Bomb|p2a: Dondozo
|-damage|p2a: Dondozo|41/100
|move|p2a: Dondozo|Rest|p2a: Dondozo
|-status|p2a: Dondozo|slp|[from] move: Rest
|-heal|p2a: Dondozo|100/100 slp|[silent]
|
|-damage|p2a: Dondozo|88/100 slp|[from] ability: Bad Dreams|[of] p1a: Darkrai
|upkeep
|turn|23
|inactive|Windy189 has 120 seconds left.
|
|t:|1779708693
|move|p1a: Darkrai|Dark Pulse|p2a: Dondozo
|-damage|p2a: Dondozo|60/100 slp
|cant|p2a: Dondozo|slp
|move|p2a: Dondozo|Sleep Talk|p2a: Dondozo
|move|p2a: Dondozo|Rest||[from] move: Sleep Talk|[still]
|-fail|p2a: Dondozo
|
|-heal|p2a: Dondozo|66/100 slp|[from] item: Leftovers
|-damage|p2a: Dondozo|53/100 slp|[from] ability: Bad Dreams|[of] p1a: Darkrai
|upkeep
|turn|24
|inactive|Windy189 has 120 seconds left.
|
|t:|1779708705
|move|p1a: Darkrai|Dark Pulse|p2a: Dondozo
|-damage|p2a: Dondozo|28/100 slp
|cant|p2a: Dondozo|slp
|cant|p2a: Dondozo|flinch
|
|-heal|p2a: Dondozo|34/100 slp|[from] item: Leftovers
|-damage|p2a: Dondozo|22/100 slp|[from] ability: Bad Dreams|[of] p1a: Darkrai
|upkeep
|turn|25
|-message|solaire23 forfeited.
|
|win|Windy189
|raw|Windy189's rating: 1275 &rarr; <strong>1301</strong><br />(+26 for winning)
|raw|solaire23's rating: 1295 &rarr; <strong>1269</strong><br />(-26 for losing)
|l|☆solaire23
|player|p2|
|l|☆Windy189
|player|p1|
