|j|☆thiccdug
|j|☆TrentMercer
|t:|1779630804
|gametype|singles
|player|p1|thiccdug|2|1520
|player|p2|TrentMercer|cynthia-gen4|1529
|gen|9
|tier|[Gen 9] OU
|rated|
|rule|HP Percentage Mod: HP is shown in percentages
|rule|Endless Battle Clause: Forcing endless battles is banned
|rule|Species Clause: Limit one of each Pokémon
|rule|OHKO Clause: OHKO moves are banned
|rule|Evasion Items Clause: Evasion items are banned
|rule|Evasion Moves Clause: Evasion moves are banned
|rule|Evasion Abilities Clause: Evasion abilities are banned
|rule|Sleep Moves Clause: Sleep-inducing moves are banned
|clearpoke
|poke|p1|Zarude-Dada|
|poke|p1|Skarmory, M|
|poke|p1|Blissey, F|
|poke|p1|Gliscor, M|
|poke|p1|Pecharunt|
|poke|p1|Keldeo|
|poke|p2|Slowking-Galar, M|
|poke|p2|Corviknight, F|
|poke|p2|Great Tusk|
|poke|p2|Ogerpon-Wellspring, F|
|poke|p2|Zamazenta-*|
|poke|p2|Darkrai|
|teampreview
|inactive|Battle timer is ON: inactive players will automatically lose when time's up. (requested by thiccdug)
|
|t:|1779630834
|teamsize|p1|6
|teamsize|p2|6
|start
|switch|p1a: Skarmory|Skarmory, M|100/100
|switch|p2a: Ogerpon|Ogerpon-Wellspring, F|100/100
|turn|1
|
|t:|1779630845
|switch|p2a: Slowking|Slowking-Galar, M, shiny|100/100
|move|p1a: Skarmory|Stealth Rock|p2a: Slowking
|-sidestart|p2: TrentMercer|move: Stealth Rock
|
|upkeep
|turn|2
|
|t:|1779630849
|switch|p1a: Gliscor|Gliscor, M|100/100
|move|p2a: Slowking|Flamethrower|p1a: Gliscor
|-damage|p1a: Gliscor|79/100
|
|-status|p1a: Gliscor|tox|[from] item: Toxic Orb
|upkeep
|turn|3
|
|t:|1779630853
|move|p1a: Gliscor|Spikes|p2a: Slowking
|-sidestart|p2: TrentMercer|Spikes
|move|p2a: Slowking|Ice Beam|p1a: Gliscor
|-supereffective|p1a: Gliscor
|-damage|p1a: Gliscor|0 fnt
|faint|p1a: Gliscor
|
|upkeep
|
|t:|1779630859
|switch|p1a: Zarude|Zarude-Dada|100/100
|turn|4
|
|t:|1779630866
|switch|p2a: Corviknight|Corviknight, F, shiny|100/100
|-damage|p2a: Corviknight|88/100|[from] Stealth Rock
|-ability|p2a: Corviknight|Pressure
|move|p1a: Zarude|Knock Off|p2a: Corviknight
|-damage|p2a: Corviknight|63/100
|-damage|p1a: Zarude|84/100|[from] item: Rocky Helmet|[of] p2a: Corviknight
|-enditem|p2a: Corviknight|Rocky Helmet|[from] move: Knock Off|[of] p1a: Zarude
|
|upkeep
|turn|5
|
|t:|1779630874
|switch|p1a: Keldeo|Keldeo|100/100
|move|p2a: Corviknight|Defog|p1a: Keldeo
|-unboost|p1a: Keldeo|evasion|1
|-sideend|p2: TrentMercer|Spikes|[from] move: Defog|[of] p2a: Corviknight
|-sideend|p2: TrentMercer|Stealth Rock|[from] move: Defog|[of] p2a: Corviknight
|
|upkeep
|turn|6
|
|t:|1779630893
|switch|p2a: Slowking|Slowking-Galar, M, shiny|100/100
|move|p1a: Keldeo|Surf|p2a: Slowking
|-damage|p2a: Slowking|76/100
|
|upkeep
|turn|7
|
|t:|1779630901
|move|p1a: Keldeo|Flip Turn|p2a: Slowking
|-damage|p2a: Slowking|61/100
|
|t:|1779630904
|switch|p1a: Blissey|Blissey, F|100/100|[from] Flip Turn
|move|p2a: Slowking|Psyshock|p1a: Blissey
|-damage|p1a: Blissey|58/100
|
|upkeep
|turn|8
|
|t:|1779630910
|move|p1a: Blissey|Soft-Boiled|p1a: Blissey
|-heal|p1a: Blissey|100/100
|move|p2a: Slowking|Psyshock|p1a: Blissey
|-damage|p1a: Blissey|60/100
|
|upkeep
|turn|9
|
|t:|1779630915
|switch|p1a: Pecharunt|Pecharunt|100/100
|move|p2a: Slowking|Psyshock|p1a: Pecharunt
|-supereffective|p1a: Pecharunt
|-damage|p1a: Pecharunt|67/100
|
|upkeep
|turn|10
|
|t:|1779630919
|move|p1a: Pecharunt|Parting Shot|p2a: Slowking
|-unboost|p2a: Slowking|atk|1
|-unboost|p2a: Slowking|spa|1
|
|t:|1779630922
|switch|p1a: Blissey|Blissey, F|60/100|[from] Parting Shot
|move|p2a: Slowking|Psyshock|p1a: Blissey
|-damage|p1a: Blissey|33/100
|
|upkeep
|turn|11
|
|t:|1779630927
|switch|p2a: Great Tusk|Great Tusk|100/100
|move|p1a: Blissey|Soft-Boiled|p1a: Blissey
|-heal|p1a: Blissey|83/100
|
|upkeep
|turn|12
|
|t:|1779630930
|switch|p1a: Skarmory|Skarmory, M|100/100
|move|p2a: Great Tusk|Stealth Rock|p1a: Skarmory
|-sidestart|p1: thiccdug|move: Stealth Rock
|
|upkeep
|turn|13
|
|t:|1779630934
|-end|p2a: Great Tusk|Protosynthesis|[silent]
|switch|p2a: Slowking|Slowking-Galar, M, shiny|94/100
|move|p1a: Skarmory|Stealth Rock|p2a: Slowking
|-sidestart|p2: TrentMercer|move: Stealth Rock
|
|upkeep
|turn|14
|
|t:|1779630941
|move|p2a: Slowking|Flamethrower|p1a: Skarmory
|-supereffective|p1a: Skarmory
|-damage|p1a: Skarmory|20/100
|move|p1a: Skarmory|Whirlwind|p2a: Slowking
|drag|p2a: Darkrai|Darkrai|100/100
|-damage|p2a: Darkrai|88/100|[from] Stealth Rock
|
|upkeep
|turn|15
|
|t:|1779630947
|switch|p1a: Blissey|Blissey, F|83/100
|move|p2a: Darkrai|Dark Pulse|p1a: Blissey
|-damage|p1a: Blissey|68/100
|
|upkeep
|turn|16
|
|t:|1779630950
|switch|p2a: Great Tusk|Great Tusk|100/100
|move|p1a: Blissey|Seismic Toss|p2a: Great Tusk
|-damage|p2a: Great Tusk|77/100
|
|upkeep
|turn|17
|
|t:|1779630953
|switch|p1a: Pecharunt|Pecharunt|67/100
|move|p2a: Great Tusk|Rapid Spin|p1a: Pecharunt
|-immune|p1a: Pecharunt
|
|upkeep
|turn|18
|
|t:|1779630956
|move|p2a: Great Tusk|Headlong Rush|p1a: Pecharunt
|-supereffective|p1a: Pecharunt
|-crit|p1a: Pecharunt
|-damage|p1a: Pecharunt|0 fnt
|-unboost|p2a: Great Tusk|def|1
|-unboost|p2a: Great Tusk|spd|1
|faint|p1a: Pecharunt
|
|upkeep
|
|t:|1779630959
|switch|p1a: Keldeo|Keldeo|100/100
|turn|19
|
|t:|1779630964
|-end|p2a: Great Tusk|Protosynthesis|[silent]
|switch|p2a: Slowking|Slowking-Galar, M, shiny|100/100
|-damage|p2a: Slowking|88/100|[from] Stealth Rock
|move|p1a: Keldeo|Surf|p2a: Slowking
|-damage|p2a: Slowking|65/100
|
|upkeep
|turn|20
|
|t:|1779630972
|move|p1a: Keldeo|Flip Turn|p2a: Slowking
|-damage|p2a: Slowking|50/100
|
|t:|1779630974
|switch|p1a: Zarude|Zarude-Dada|84/100|[from] Flip Turn
|move|p2a: Slowking|Psyshock|p1a: Zarude
|-immune|p1a: Zarude
|
|upkeep
|turn|21
|
|t:|1779630982
|switch|p2a: Corviknight|Corviknight, F, shiny|63/100
|-damage|p2a: Corviknight|50/100|[from] Stealth Rock
|-ability|p2a: Corviknight|Pressure
|move|p1a: Zarude|Swords Dance|p1a: Zarude
|-boost|p1a: Zarude|atk|2
|
|upkeep
|turn|22
|
|t:|1779630999
|-terastallize|p1a: Zarude|Ghost
|move|p1a: Zarude|Knock Off|p2a: Corviknight
|-damage|p2a: Corviknight|19/100
|move|p2a: Corviknight|U-turn|p1a: Zarude
|-resisted|p1a: Zarude
|-damage|p1a: Zarude|79/100
|
|t:|1779631008
|switch|p2a: Darkrai|Darkrai|88/100|[from] U-turn
|-damage|p2a: Darkrai|76/100|[from] Stealth Rock
|
|upkeep
|turn|23
|j| sustachi
|
|t:|1779631013
|switch|p1a: Blissey|Blissey, F|68/100
|move|p2a: Darkrai|Trick|p1a: Blissey
|-activate|p2a: Darkrai|move: Trick|[of] p1a: Blissey
|-item|p1a: Blissey|Choice Scarf|[from] move: Trick
|-item|p2a: Darkrai|Heavy-Duty Boots|[from] move: Trick
|
|upkeep
|turn|24
|
|t:|1779631021
|switch|p2a: Great Tusk|Great Tusk|77/100
|move|p1a: Blissey|Seismic Toss|p2a: Great Tusk
|-damage|p2a: Great Tusk|54/100
|
|upkeep
|turn|25
|
|t:|1779631025
|switch|p1a: Zarude|Zarude-Dada, tera:Ghost|79/100
|move|p2a: Great Tusk|Rapid Spin|p1a: Zarude
|-immune|p1a: Zarude
|
|upkeep
|turn|26
|
|t:|1779631032
|move|p1a: Zarude|Power Whip|p2a: Great Tusk
|-supereffective|p2a: Great Tusk
|-damage|p2a: Great Tusk|0 fnt
|faint|p2a: Great Tusk
|-end|p2a: Great Tusk|Protosynthesis|[silent]
|
|upkeep
|
|t:|1779631042
|switch|p2a: Darkrai|Darkrai|76/100
|turn|27
|
|t:|1779631047
|switch|p1a: Blissey|Blissey, F|68/100
|-damage|p1a: Blissey|56/100|[from] Stealth Rock
|move|p2a: Darkrai|Dark Pulse|p1a: Blissey
|-damage|p1a: Blissey|42/100
|
|upkeep
|turn|28
|
|t:|1779631054
|switch|p2a: Slowking|Slowking-Galar, M, shiny|84/100
|-damage|p2a: Slowking|71/100|[from] Stealth Rock
|move|p1a: Blissey|Soft-Boiled|p1a: Blissey
|-heal|p1a: Blissey|92/100
|
|upkeep
|turn|29
|
|t:|1779631061
|switch|p1a: Skarmory|Skarmory, M|20/100
|-damage|p1a: Skarmory|8/100|[from] Stealth Rock
|move|p2a: Slowking|Psyshock|p1a: Skarmory
|-resisted|p1a: Skarmory
|-damage|p1a: Skarmory|0 fnt
|faint|p1a: Skarmory
|
|upkeep
|
|t:|1779631063
|switch|p1a: Zarude|Zarude-Dada, tera:Ghost|79/100
|turn|30
|
|t:|1779631075
|switch|p2a: Corviknight|Corviknight, F, shiny|19/100
|-damage|p2a: Corviknight|7/100|[from] Stealth Rock
|-ability|p2a: Corviknight|Pressure
|move|p1a: Zarude|Knock Off|p2a: Corviknight
|-damage|p2a: Corviknight|0 fnt
|faint|p2a: Corviknight
|
|upkeep
|
|t:|1779631089
|switch|p2a: Darkrai|Darkrai|76/100
|turn|31
|
|t:|1779631091
|switch|p1a: Keldeo|Keldeo|100/100
|move|p2a: Darkrai|Dark Pulse|p1a: Keldeo
|-resisted|p1a: Keldeo
|-damage|p1a: Keldeo|76/100
|-ability|p1a: Keldeo|Justified|boost
|-boost|p1a: Keldeo|atk|1
|
|upkeep
|turn|32
|
|t:|1779631103
|-terastallize|p2a: Darkrai|Poison
|move|p2a: Darkrai|Sludge Bomb|p1a: Keldeo
|-damage|p1a: Keldeo|22/100
|move|p1a: Keldeo|Flip Turn|p2a: Darkrai
|-damage|p2a: Darkrai|47/100
|
|t:|1779631117
|switch|p1a: Zarude|Zarude-Dada, tera:Ghost|79/100|[from] Flip Turn
|
|upkeep
|turn|33
|
|t:|1779631130
|switch|p1a: Blissey|Blissey, F|92/100
|-damage|p1a: Blissey|80/100|[from] Stealth Rock
|move|p2a: Darkrai|Dark Pulse|p1a: Blissey
|-damage|p1a: Blissey|68/100
|
|upkeep
|turn|34
|
|t:|1779631138
|switch|p2a: Slowking|Slowking-Galar, M, shiny|100/100
|-damage|p2a: Slowking|88/100|[from] Stealth Rock
|move|p1a: Blissey|Seismic Toss|p2a: Slowking
|-damage|p2a: Slowking|63/100
|
|upkeep
|turn|35
|
|t:|1779631140
|switch|p1a: Zarude|Zarude-Dada, tera:Ghost|79/100
|move|p2a: Slowking|Psyshock|p1a: Zarude
|-damage|p1a: Zarude|50/100
|
|upkeep
|turn|36
|
|t:|1779631147
|switch|p2a: Ogerpon|Ogerpon-Wellspring, F|100/100
|-damage|p2a: Ogerpon|88/100|[from] Stealth Rock
|move|p1a: Zarude|Synthesis|p1a: Zarude
|-heal|p1a: Zarude|99/100
|
|upkeep
|turn|37
|
|t:|1779631154
|move|p2a: Ogerpon|Knock Off|p1a: Zarude
|-supereffective|p1a: Zarude
|-damage|p1a: Zarude|43/100
|-enditem|p1a: Zarude|Heavy-Duty Boots|[from] move: Knock Off|[of] p2a: Ogerpon
|move|p1a: Zarude|Power Whip|p2a: Ogerpon
|-damage|p2a: Ogerpon|20/100
|
|upkeep
|turn|38
|
|t:|1779631162
|move|p2a: Ogerpon|Ivy Cudgel|p1a: Zarude|[anim] Ivy Cudgel Water
|-damage|p1a: Zarude|0 fnt
|faint|p1a: Zarude
|
|upkeep
|
|t:|1779631165
|switch|p1a: Keldeo|Keldeo|22/100
|turn|39
|
|t:|1779631171
|move|p1a: Keldeo|Vacuum Wave|p2a: Ogerpon
|-damage|p2a: Ogerpon|0 fnt
|faint|p2a: Ogerpon
|
|upkeep
|
|t:|1779631175
|switch|p2a: Slowking|Slowking-Galar, M, shiny|96/100
|-damage|p2a: Slowking|83/100|[from] Stealth Rock
|turn|40
|-message|thiccdug forfeited.
|
|win|TrentMercer
|raw|thiccdug's rating: 1520 &rarr; <strong>1501</strong><br />(-19 for losing)
|raw|TrentMercer's rating: 1529 &rarr; <strong>1548</strong><br />(+19 for winning)
|l|☆thiccdug
|player|p1|
|l|☆TrentMercer
|player|p2|
|l| sustachi
