|j|‽aaagislash
|j|☆kamui58
|t:|1779624434
|gametype|singles
|player|p1|aaagislash|102|1542
|player|p2|kamui58|hugh|1470
|gen|9
|tier|[Gen 9] OU
|rated|
|rule|HP Percentage Mod: HP is shown in percentages
|rule|Endless Battle Clause: Forcing endless battles is banned
|rule|Species Clause: Limit one of each Pokémon
|rule|OHKO Clause: OHKO moves are banned
|rule|Evasion Items Clause: Evasion items are banned
|rule|Evasion Moves Clause: Evasion moves are banned
|rule|Evasion Abilities Clause: Evasion abilities are banned
|rule|Sleep Moves Clause: Sleep-inducing moves are banned
|clearpoke
|poke|p1|Venomoth, F|
|poke|p1|Ribombee, M|
|poke|p1|Pelipper, M|
|poke|p1|Vivillon, M|
|poke|p1|Talonflame, M|
|poke|p1|Espeon, M|
|poke|p2|Sinistcha|
|poke|p2|Slowking-Galar, M|
|poke|p2|Tinkaton, F|
|poke|p2|Quaquaval, M|
|poke|p2|Ting-Lu|
|poke|p2|Dragonite, M|
|teampreview
|
|t:|1779624461
|teamsize|p1|6
|teamsize|p2|6
|start
|switch|p1a: Talonflame|Talonflame, M|100/100
|switch|p2a: Tinkaton|Tinkaton, F|100/100
|-ability|p2a: Tinkaton|Mold Breaker
|-item|p2a: Tinkaton|Air Balloon
|turn|1
|
|t:|1779624474
|switch|p2a: Slowking|Slowking-Galar, M|100/100
|move|p1a: Talonflame|U-turn|p2a: Slowking
|-damage|p2a: Slowking|89/100
|
|t:|1779624481
|switch|p1a: Pelipper|Pelipper, M|100/100|[from] U-turn
|-weather|RainDance|[from] ability: Drizzle|[of] p1a: Pelipper
|
|-weather|RainDance|[upkeep]
|upkeep
|turn|2
|
|t:|1779624490
|move|p1a: Pelipper|U-turn|p2a: Slowking
|-damage|p2a: Slowking|82/100
|inactive|Battle timer is ON: inactive players will automatically lose when time's up. (requested by kamui58)
|
|t:|1779624494
|switch|p1a: Vivillon|Vivillon, M|100/100|[from] U-turn
|-prepare|p2a: Slowking|Chilly Reception|[premajor]
|move|p2a: Slowking|Chilly Reception|p2a: Slowking
|-weather|Snowscape
|
|t:|1779624517
|switch|p2a: Tinkaton|Tinkaton, F|100/100|[from] Chilly Reception
|-ability|p2a: Tinkaton|Mold Breaker
|-item|p2a: Tinkaton|Air Balloon
|
|-weather|Snowscape|[upkeep]
|upkeep
|turn|3
|
|t:|1779624524
|move|p2a: Tinkaton|Thunder Wave|p1a: Vivillon
|-status|p1a: Vivillon|par
|move|p1a: Vivillon|Stun Spore|p2a: Tinkaton
|-status|p2a: Tinkaton|par
|
|-weather|Snowscape|[upkeep]
|upkeep
|turn|4
|
|t:|1779624536
|cant|p2a: Tinkaton|par
|move|p1a: Vivillon|Quiver Dance|p1a: Vivillon
|-boost|p1a: Vivillon|spa|1
|-boost|p1a: Vivillon|spd|1
|-boost|p1a: Vivillon|spe|1
|
|-weather|Snowscape|[upkeep]
|upkeep
|turn|5
|
|t:|1779624554
|switch|p2a: Ting-Lu|Ting-Lu|100/100
|-ability|p2a: Ting-Lu|Vessel of Ruin
|cant|p1a: Vivillon|par
|
|-weather|Snowscape|[upkeep]
|upkeep
|turn|6
|
|t:|1779624561
|switch|p1a: Espeon|Espeon, M|100/100
|move|p2a: Ting-Lu|Whirlwind|p1a: Espeon
|move|p1a: Espeon|Whirlwind|p2a: Ting-Lu|[from] ability: Magic Bounce
|drag|p2a: Slowking|Slowking-Galar, M|100/100
|
|-weather|none
|upkeep
|turn|7
|
|t:|1779624587
|switch|p2a: Ting-Lu|Ting-Lu|100/100
|-ability|p2a: Ting-Lu|Vessel of Ruin
|move|p1a: Espeon|Shadow Ball|p2a: Ting-Lu
|-resisted|p2a: Ting-Lu
|-damage|p2a: Ting-Lu|91/100
|
|-heal|p2a: Ting-Lu|98/100|[from] item: Leftovers
|upkeep
|turn|8
|
|t:|1779624602
|switch|p1a: Pelipper|Pelipper, M|100/100
|-weather|RainDance|[from] ability: Drizzle|[of] p1a: Pelipper
|move|p2a: Ting-Lu|Payback|p1a: Pelipper
|-damage|p1a: Pelipper|86/100
|
|-weather|RainDance|[upkeep]
|-heal|p2a: Ting-Lu|100/100|[from] item: Leftovers
|upkeep
|turn|9
|
|t:|1779624615
|switch|p2a: Slowking|Slowking-Galar, M|100/100
|move|p1a: Pelipper|U-turn|p2a: Slowking
|-damage|p2a: Slowking|93/100
|
|t:|1779624618
|switch|p1a: Espeon|Espeon, M|100/100|[from] U-turn
|
|-weather|RainDance|[upkeep]
|upkeep
|turn|10
|
|t:|1779624624
|-terastallize|p1a: Espeon|Water
|move|p1a: Espeon|Weather Ball|p2a: Slowking
|-damage|p2a: Slowking|6/100
|-prepare|p2a: Slowking|Chilly Reception|[premajor]
|move|p2a: Slowking|Chilly Reception|p2a: Slowking
|-weather|Snowscape
|
|t:|1779624641
|switch|p2a: Sinistcha|Sinistcha|100/100|[from] Chilly Reception
|
|-weather|Snowscape|[upkeep]
|upkeep
|turn|11
|
|t:|1779624645
|move|p1a: Espeon|Weather Ball|p2a: Sinistcha
|-supereffective|p2a: Sinistcha
|-damage|p2a: Sinistcha|0 fnt
|faint|p2a: Sinistcha
|
|-weather|Snowscape|[upkeep]
|upkeep
|
|t:|1779624656
|switch|p2a: Tinkaton|Tinkaton, F|100/100 par
|-ability|p2a: Tinkaton|Mold Breaker
|-item|p2a: Tinkaton|Air Balloon
|turn|12
|
|t:|1779624674
|switch|p1a: Pelipper|Pelipper, M|86/100
|-weather|RainDance|[from] ability: Drizzle|[of] p1a: Pelipper
|move|p2a: Tinkaton|Gigaton Hammer|p1a: Pelipper
|-resisted|p1a: Pelipper
|-damage|p1a: Pelipper|70/100
|
|-weather|RainDance|[upkeep]
|upkeep
|turn|13
|
|t:|1779624697
|switch|p2a: Slowking|Slowking-Galar, M|39/100
|move|p1a: Pelipper|U-turn|p2a: Slowking
|-damage|p2a: Slowking|31/100
|
|t:|1779624707
|switch|p1a: Espeon|Espeon, M, tera:Water|100/100|[from] U-turn
|
|-weather|RainDance|[upkeep]
|upkeep
|turn|14
|
|t:|1779624715
|move|p1a: Espeon|Weather Ball|p2a: Slowking
|-damage|p2a: Slowking|0 fnt
|faint|p2a: Slowking
|
|-weather|RainDance|[upkeep]
|upkeep
|
|t:|1779624720
|switch|p2a: Quaquaval|Quaquaval, M|100/100
|turn|15
|
|t:|1779624731
|-terastallize|p2a: Quaquaval|Steel
|move|p1a: Espeon|Weather Ball|p2a: Quaquaval
|-damage|p2a: Quaquaval|0 fnt
|faint|p2a: Quaquaval
|
|-weather|RainDance|[upkeep]
|upkeep
|
|t:|1779624741
|switch|p2a: Dragonite|Dragonite, M|100/100
|turn|16
|
|t:|1779624746
|move|p2a: Dragonite|Extreme Speed|p1a: Espeon
|-crit|p1a: Espeon
|-damage|p1a: Espeon|6/100
|move|p1a: Espeon|Weather Ball|p2a: Dragonite
|-resisted|p2a: Dragonite
|-damage|p2a: Dragonite|72/100
|
|-weather|RainDance|[upkeep]
|upkeep
|turn|17
|inactive|aaagislash has 120 seconds left.
|
|t:|1779624778
|switch|p1a: Venomoth|Venomoth, F|100/100
|move|p2a: Dragonite|Extreme Speed|p1a: Venomoth
|-damage|p1a: Venomoth|58/100
|
|-weather|RainDance|[upkeep]
|upkeep
|turn|18
|inactive|kamui58 has 120 seconds left.
|
|t:|1779624805
|switch|p2a: Tinkaton|Tinkaton, F|100/100 par
|-ability|p2a: Tinkaton|Mold Breaker
|-item|p2a: Tinkaton|Air Balloon
|move|p1a: Venomoth|Sludge Bomb|p2a: Tinkaton
|-immune|p2a: Tinkaton
|
|-weather|RainDance|[upkeep]
|upkeep
|turn|19
|inactive|kamui58 has 120 seconds left.
|
|t:|1779624828
|move|p1a: Venomoth|Quiver Dance|p1a: Venomoth
|-boost|p1a: Venomoth|spa|1
|-boost|p1a: Venomoth|spd|1
|-boost|p1a: Venomoth|spe|1
|move|p2a: Tinkaton|Gigaton Hammer|p1a: Venomoth
|-damage|p1a: Venomoth|0 fnt
|faint|p1a: Venomoth
|
|-weather|none
|upkeep
|inactive|aaagislash has 120 seconds left.
|
|t:|1779624858
|switch|p1a: Pelipper|Pelipper, M|70/100
|-weather|RainDance|[from] ability: Drizzle|[of] p1a: Pelipper
|turn|20
|inactive|kamui58 has 120 seconds left.
|
|t:|1779624870
|switch|p1a: Espeon|Espeon, M, tera:Water|6/100
|move|p2a: Tinkaton|Thunder Wave|p1a: Espeon
|-status|p1a: Espeon|par
|
|-weather|RainDance|[upkeep]
|upkeep
|turn|21
|inactive|aaagislash has 120 seconds left.
|inactive|kamui58 has 120 seconds left.
|
|t:|1779624889
|cant|p1a: Espeon|par
|move|p2a: Tinkaton|Gigaton Hammer|p1a: Espeon
|-resisted|p1a: Espeon
|-damage|p1a: Espeon|0 fnt
|faint|p1a: Espeon
|
|-weather|RainDance|[upkeep]
|upkeep
|
|t:|1779624900
|switch|p1a: Talonflame|Talonflame, M|100/100
|turn|22
|inactive|kamui58 has 120 seconds left.
|
|t:|1779624922
|move|p1a: Talonflame|Hurricane|p2a: Tinkaton
|-resisted|p2a: Tinkaton
|-damage|p2a: Tinkaton|74/100 par
|-enditem|p2a: Tinkaton|Air Balloon
|move|p2a: Tinkaton|Thunder Wave|p1a: Talonflame
|-status|p1a: Talonflame|par
|
|-weather|RainDance|[upkeep]
|upkeep
|turn|23
|inactive|aaagislash has 120 seconds left.
|inactive|aaagislash has 90 seconds left.
|inactive|aaagislash has 60 seconds left.
|
|t:|1779625008
|cant|p1a: Talonflame|par
|cant|p2a: Tinkaton|par
|
|-weather|RainDance|[upkeep]
|upkeep
|turn|24
|
|t:|1779625013
|move|p1a: Talonflame|Hurricane|p2a: Tinkaton
|-resisted|p2a: Tinkaton
|-damage|p2a: Tinkaton|45/100 par
|move|p2a: Tinkaton|Stealth Rock|p1a: Talonflame
|-sidestart|p1: aaagislash|move: Stealth Rock
|
|-weather|RainDance|[upkeep]
|upkeep
|turn|25
|
|t:|1779625040
|switch|p2a: Ting-Lu|Ting-Lu|100/100
|-ability|p2a: Ting-Lu|Vessel of Ruin
|move|p1a: Talonflame|Hurricane|p2a: Ting-Lu
|-damage|p2a: Ting-Lu|75/100
|
|-weather|RainDance|[upkeep]
|-heal|p2a: Ting-Lu|81/100|[from] item: Leftovers
|upkeep
|turn|26
|
|t:|1779625052
|switch|p1a: Vivillon|Vivillon, M|100/100 par
|-damage|p1a: Vivillon|51/100 par|[from] Stealth Rock
|move|p2a: Ting-Lu|Whirlwind|p1a: Vivillon
|drag|p1a: Talonflame|Talonflame, M|100/100 par
|-damage|p1a: Talonflame|51/100 par|[from] Stealth Rock
|
|-weather|RainDance|[upkeep]
|-heal|p2a: Ting-Lu|88/100|[from] item: Leftovers
|upkeep
|turn|27
|
|t:|1779625062
|move|p1a: Talonflame|Will-O-Wisp|p2a: Ting-Lu
|-status|p2a: Ting-Lu|brn
|move|p2a: Ting-Lu|Whirlwind|p1a: Talonflame
|drag|p1a: Pelipper|Pelipper, M|70/100
|-damage|p1a: Pelipper|45/100|[from] Stealth Rock
|
|-weather|none
|-heal|p2a: Ting-Lu|94/100 brn|[from] item: Leftovers
|-damage|p2a: Ting-Lu|88/100 brn|[from] brn
|upkeep
|turn|28
|
|t:|1779625073
|move|p1a: Pelipper|U-turn|p2a: Ting-Lu
|-supereffective|p2a: Ting-Lu
|-damage|p2a: Ting-Lu|78/100 brn
|
|t:|1779625075
|switch|p1a: Talonflame|Talonflame, M|51/100 par|[from] U-turn
|-damage|p1a: Talonflame|1/100 par|[from] Stealth Rock
|move|p2a: Ting-Lu|Whirlwind|p1a: Talonflame
|drag|p1a: Ribombee|Ribombee, M|100/100
|-damage|p1a: Ribombee|76/100|[from] Stealth Rock
|
|-heal|p1a: Ribombee|82/100|[from] item: Leftovers
|-heal|p2a: Ting-Lu|84/100 brn|[from] item: Leftovers
|-damage|p2a: Ting-Lu|78/100 brn|[from] brn
|upkeep
|turn|29
|
|t:|1779625096
|switch|p2a: Tinkaton|Tinkaton, F|45/100 par
|-ability|p2a: Tinkaton|Mold Breaker
|move|p1a: Ribombee|Draining Kiss|p2a: Tinkaton
|-resisted|p2a: Tinkaton
|-damage|p2a: Tinkaton|36/100 par
|-heal|p1a: Ribombee|92/100|[from] drain|[of] p2a: Tinkaton
|
|-heal|p1a: Ribombee|98/100|[from] item: Leftovers
|upkeep
|turn|30
|
|t:|1779625116
|switch|p1a: Talonflame|Talonflame, M|1/100 par
|-damage|p1a: Talonflame|0 fnt|[from] Stealth Rock
|faint|p1a: Talonflame
|move|p2a: Tinkaton|Thunder Wave|p1: Talonflame|[notarget]
|-fail|p2a: Tinkaton
|
|upkeep
|
|t:|1779625118
|switch|p1a: Pelipper|Pelipper, M|45/100
|-damage|p1a: Pelipper|20/100|[from] Stealth Rock
|-weather|RainDance|[from] ability: Drizzle|[of] p1a: Pelipper
|turn|31
|inactive|kamui58 has 90 seconds left.
|
|t:|1779625149
|switch|p2a: Dragonite|Dragonite, M|72/100
|move|p1a: Pelipper|Hurricane|p2a: Dragonite
|-damage|p2a: Dragonite|35/100
|
|-weather|RainDance|[upkeep]
|upkeep
|turn|32
|
|t:|1779625158
|move|p2a: Dragonite|Extreme Speed|p1a: Pelipper
|-damage|p1a: Pelipper|0 fnt
|faint|p1a: Pelipper
|
|-weather|RainDance|[upkeep]
|upkeep
|
|t:|1779625162
|switch|p1a: Ribombee|Ribombee, M|98/100
|-damage|p1a: Ribombee|73/100|[from] Stealth Rock
|turn|33
|
|t:|1779625171
|switch|p2a: Tinkaton|Tinkaton, F|36/100 par
|-ability|p2a: Tinkaton|Mold Breaker
|move|p1a: Ribombee|Draining Kiss|p2a: Tinkaton
|-resisted|p2a: Tinkaton
|-damage|p2a: Tinkaton|26/100 par
|-heal|p1a: Ribombee|84/100|[from] drain|[of] p2a: Tinkaton
|
|-weather|RainDance|[upkeep]
|-heal|p1a: Ribombee|90/100|[from] item: Leftovers
|upkeep
|turn|34
|
|t:|1779625181
|switch|p1a: Vivillon|Vivillon, M|51/100 par
|-damage|p1a: Vivillon|1/100 par|[from] Stealth Rock
|move|p2a: Tinkaton|Gigaton Hammer|p1a: Vivillon
|-damage|p1a: Vivillon|0 fnt
|faint|p1a: Vivillon
|
|-weather|RainDance|[upkeep]
|upkeep
|
|t:|1779625182
|switch|p1a: Ribombee|Ribombee, M|90/100
|-damage|p1a: Ribombee|65/100|[from] Stealth Rock
|turn|35
|
|t:|1779625195
|move|p1a: Ribombee|Draining Kiss|p2a: Tinkaton
|-resisted|p2a: Tinkaton
|-damage|p2a: Tinkaton|17/100 par
|-heal|p1a: Ribombee|75/100|[from] drain|[of] p2a: Tinkaton
|move|p2a: Tinkaton|Thunder Wave|p1a: Ribombee
|-status|p1a: Ribombee|par
|
|-weather|RainDance|[upkeep]
|-heal|p1a: Ribombee|81/100 par|[from] item: Leftovers
|upkeep
|turn|36
|
|t:|1779625214
|move|p1a: Ribombee|Moonblast|p2a: Tinkaton
|-resisted|p2a: Tinkaton
|-damage|p2a: Tinkaton|0 fnt
|faint|p2a: Tinkaton
|
|-weather|RainDance|[upkeep]
|-heal|p1a: Ribombee|87/100 par|[from] item: Leftovers
|upkeep
|inactive|kamui58 has 90 seconds left.
|
|t:|1779625231
|switch|p2a: Dragonite|Dragonite, M|35/100
|turn|37
|
|t:|1779625239
|move|p2a: Dragonite|Extreme Speed|p1a: Ribombee
|-damage|p1a: Ribombee|28/100 par
|move|p1a: Ribombee|Draining Kiss|p2a: Dragonite
|-supereffective|p2a: Dragonite
|-damage|p2a: Dragonite|0 fnt
|-heal|p1a: Ribombee|66/100 par|[from] drain|[of] p2a: Dragonite
|faint|p2a: Dragonite
|
|-weather|RainDance|[upkeep]
|-heal|p1a: Ribombee|72/100 par|[from] item: Leftovers
|upkeep
|
|t:|1779625248
|switch|p2a: Ting-Lu|Ting-Lu|78/100 brn
|-ability|p2a: Ting-Lu|Vessel of Ruin
|turn|38
|
|t:|1779625255
|cant|p1a: Ribombee|par
|move|p2a: Ting-Lu|Earthquake|p1a: Ribombee
|-resisted|p1a: Ribombee
|-damage|p1a: Ribombee|54/100 par
|
|-weather|none
|-heal|p1a: Ribombee|60/100 par|[from] item: Leftovers
|-heal|p2a: Ting-Lu|84/100 brn|[from] item: Leftovers
|-damage|p2a: Ting-Lu|78/100 brn|[from] brn
|upkeep
|turn|39
|
|t:|1779625264
|cant|p1a: Ribombee|par
|move|p2a: Ting-Lu|Earthquake|p1a: Ribombee
|-resisted|p1a: Ribombee
|-damage|p1a: Ribombee|42/100 par
|
|-heal|p1a: Ribombee|48/100 par|[from] item: Leftovers
|-heal|p2a: Ting-Lu|84/100 brn|[from] item: Leftovers
|-damage|p2a: Ting-Lu|78/100 brn|[from] brn
|upkeep
|turn|40
|
|t:|1779625273
|move|p1a: Ribombee|Quiver Dance|p1a: Ribombee
|-boost|p1a: Ribombee|spa|1
|-boost|p1a: Ribombee|spd|1
|-boost|p1a: Ribombee|spe|1
|move|p2a: Ting-Lu|Earthquake|p1a: Ribombee
|-resisted|p1a: Ribombee
|-damage|p1a: Ribombee|32/100 par
|
|-heal|p1a: Ribombee|38/100 par|[from] item: Leftovers
|-heal|p2a: Ting-Lu|84/100 brn|[from] item: Leftovers
|-damage|p2a: Ting-Lu|78/100 brn|[from] brn
|upkeep
|turn|41
|
|t:|1779625282
|move|p1a: Ribombee|Draining Kiss|p2a: Ting-Lu
|-supereffective|p2a: Ting-Lu
|-damage|p2a: Ting-Lu|52/100 brn
|-heal|p1a: Ribombee|76/100 par|[from] drain|[of] p2a: Ting-Lu
|move|p2a: Ting-Lu|Earthquake|p1a: Ribombee
|-resisted|p1a: Ribombee
|-damage|p1a: Ribombee|60/100 par
|
|-heal|p1a: Ribombee|66/100 par|[from] item: Leftovers
|-heal|p2a: Ting-Lu|58/100 brn|[from] item: Leftovers
|-damage|p2a: Ting-Lu|52/100 brn|[from] brn
|upkeep
|turn|42
|inactive|kamui58 has 120 seconds left.
|
|t:|1779625293
|move|p1a: Ribombee|Draining Kiss|p2a: Ting-Lu
|-supereffective|p2a: Ting-Lu
|-damage|p2a: Ting-Lu|23/100 brn
|-heal|p1a: Ribombee|100/100 par|[from] drain|[of] p2a: Ting-Lu
|move|p2a: Ting-Lu|Earthquake|p1a: Ribombee
|-resisted|p1a: Ribombee
|-damage|p1a: Ribombee|82/100 par
|
|-heal|p1a: Ribombee|89/100 par|[from] item: Leftovers
|-heal|p2a: Ting-Lu|30/100 brn|[from] item: Leftovers
|-damage|p2a: Ting-Lu|23/100 brn|[from] brn
|upkeep
|turn|43
|inactive|kamui58 has 120 seconds left.
|-message|kamui58 forfeited.
|
|win|aaagislash
|raw|aaagislash's rating: 1518 &rarr; <strong>1535</strong><br />(+17 for winning)
|raw|kamui58's rating: 1470 &rarr; <strong>1453</strong><br />(-17 for losing)
|l|☆kamui58
|player|p2|
|l|‽aaagislash
|player|p1|
