|j|☆immaterial-light
|j|☆manabi.portoviejo
|t:|1779646928
|gametype|singles
|player|p1|immaterial-light|101|1368
|player|p2|manabi.portoviejo|266|1464
|gen|9
|tier|[Gen 9] OU
|rated|
|rule|HP Percentage Mod: HP is shown in percentages
|rule|Endless Battle Clause: Forcing endless battles is banned
|rule|Species Clause: Limit one of each Pokémon
|rule|OHKO Clause: OHKO moves are banned
|rule|Evasion Items Clause: Evasion items are banned
|rule|Evasion Moves Clause: Evasion moves are banned
|rule|Evasion Abilities Clause: Evasion abilities are banned
|rule|Sleep Moves Clause: Sleep-inducing moves are banned
|clearpoke
|poke|p1|Cresselia, F|
|poke|p1|Hatterene, F|
|poke|p1|Iron Hands|
|poke|p1|Ursaluna, F|
|poke|p1|Vikavolt, F|
|poke|p1|Porygon2|
|poke|p2|Manaphy|
|poke|p2|Pelipper, M|
|poke|p2|Klefki, M|
|poke|p2|Ogerpon-Wellspring, F|
|poke|p2|Barraskewda, M|
|poke|p2|Zapdos|
|teampreview
|inactive|Battle timer is ON: inactive players will automatically lose when time's up. (requested by immaterial-light)
|
|t:|1779646933
|teamsize|p1|6
|teamsize|p2|6
|start
|switch|p1a: Vikavolt|Vikavolt, F|100/100
|switch|p2a: Klefki|Klefki, M|100/100
|turn|1
|
|t:|1779646938
|-terastallize|p1a: Vikavolt|Electric
|move|p2a: Klefki|Light Screen|p2a: Klefki
|-sidestart|p2: manabi.portoviejo|move: Light Screen
|move|p1a: Vikavolt|Thunderbolt|p2a: Klefki
|-damage|p2a: Klefki|31/100
|
|upkeep
|turn|2
|
|t:|1779646943
|move|p2a: Klefki|Reflect|p2a: Klefki
|-sidestart|p2: manabi.portoviejo|Reflect
|move|p1a: Vikavolt|Thunderbolt|p2a: Klefki
|-damage|p2a: Klefki|0 fnt
|faint|p2a: Klefki
|
|upkeep
|
|t:|1779646949
|switch|p2a: Pelipper|Pelipper, M|100/100
|-weather|RainDance|[from] ability: Drizzle|[of] p2a: Pelipper
|turn|3
|
|t:|1779646957
|switch|p2a: Manaphy|Manaphy|100/100
|move|p1a: Vikavolt|Thunderbolt|p2a: Manaphy
|-supereffective|p2a: Manaphy
|-enditem|p2a: Manaphy|Wacan Berry|[eat]
|-enditem|p2a: Manaphy|Wacan Berry|[weaken]
|-damage|p2a: Manaphy|50/100
|
|-weather|RainDance|[upkeep]
|upkeep
|turn|4
|
|t:|1779646970
|-terastallize|p2a: Manaphy|Steel
|move|p2a: Manaphy|Rest|p2a: Manaphy
|-status|p2a: Manaphy|slp|[from] move: Rest
|-heal|p2a: Manaphy|100/100 slp|[silent]
|move|p1a: Vikavolt|Thunderbolt|p2a: Manaphy
|-damage|p2a: Manaphy|55/100 slp
|
|-weather|RainDance|[upkeep]
|-activate|p2a: Manaphy|ability: Hydration
|-curestatus|p2a: Manaphy|slp|[msg]
|upkeep
|turn|5
|
|t:|1779646978
|switch|p1a: Porygon2|Porygon2|100/100
|-ability|p1a: Porygon2|Download|boost
|-boost|p1a: Porygon2|atk|1
|move|p2a: Manaphy|Tail Glow|p2a: Manaphy
|-boost|p2a: Manaphy|spa|3
|
|-weather|RainDance|[upkeep]
|upkeep
|turn|6
|
|t:|1779646981
|move|p2a: Manaphy|Surf|p1a: Porygon2
|-damage|p1a: Porygon2|0 fnt
|faint|p1a: Porygon2
|
|-weather|RainDance|[upkeep]
|upkeep
|
|t:|1779646985
|switch|p1a: Hatterene|Hatterene, F|100/100
|turn|7
|
|t:|1779646987
|move|p2a: Manaphy|Surf|p1a: Hatterene
|-enditem|p1a: Hatterene|Focus Sash
|-damage|p1a: Hatterene|1/100
|move|p1a: Hatterene|Trick Room|p1a: Hatterene
|-fieldstart|move: Trick Room|[of] p1a: Hatterene
|
|-weather|RainDance|[upkeep]
|upkeep
|turn|8
|
|t:|1779646999
|move|p1a: Hatterene|Healing Wish|p1a: Hatterene
|faint|p1a: Hatterene
|move|p2a: Manaphy|Rest|p2a: Manaphy
|-status|p2a: Manaphy|slp|[from] move: Rest
|-heal|p2a: Manaphy|100/100 slp|[silent]
|
|-weather|RainDance|[upkeep]
|-activate|p2a: Manaphy|ability: Hydration
|-curestatus|p2a: Manaphy|slp|[msg]
|-sideend|p2: manabi.portoviejo|move: Light Screen
|upkeep
|
|t:|1779647005
|switch|p1a: Vikavolt|Vikavolt, F, tera:Electric|100/100
|turn|9
|
|t:|1779647013
|move|p1a: Vikavolt|Thunderbolt|p2a: Manaphy
|-damage|p2a: Manaphy|2/100
|move|p2a: Manaphy|Surf|p1a: Vikavolt
|-damage|p1a: Vikavolt|0 fnt
|faint|p1a: Vikavolt
|
|-weather|RainDance|[upkeep]
|-sideend|p2: manabi.portoviejo|Reflect
|upkeep
|
|t:|1779647020
|switch|p1a: Ursaluna|Ursaluna, F|100/100
|turn|10
|
|t:|1779647022
|switch|p2a: Zapdos|Zapdos|100/100
|move|p1a: Ursaluna|Facade|p2a: Zapdos
|-damage|p2a: Zapdos|56/100
|-status|p1a: Ursaluna|par|[from] ability: Static|[of] p2a: Zapdos
|
|-weather|none
|upkeep
|turn|11
|
|t:|1779647032
|switch|p2a: Pelipper|Pelipper, M|100/100
|-weather|RainDance|[from] ability: Drizzle|[of] p2a: Pelipper
|move|p1a: Ursaluna|Headlong Rush|p2a: Pelipper
|-immune|p2a: Pelipper
|
|-weather|RainDance|[upkeep]
|-fieldend|move: Trick Room
|upkeep
|turn|12
|
|t:|1779647038
|switch|p1a: Cresselia|Cresselia, F|100/100
|move|p2a: Pelipper|Surf|p1a: Cresselia
|-damage|p1a: Cresselia|72/100
|
|-weather|RainDance|[upkeep]
|upkeep
|turn|13
|
|t:|1779647046
|move|p2a: Pelipper|U-turn|p1a: Cresselia
|-supereffective|p1a: Cresselia
|-damage|p1a: Cresselia|63/100
|
|t:|1779647056
|switch|p2a: Barraskewda|Barraskewda, M|100/100|[from] U-turn
|move|p1a: Cresselia|Trick Room|p1a: Cresselia
|-fieldstart|move: Trick Room|[of] p1a: Cresselia
|
|-weather|RainDance|[upkeep]
|upkeep
|turn|14
|
|t:|1779647069
|move|p1a: Cresselia|Lunar Dance|p1a: Cresselia
|faint|p1a: Cresselia
|move|p2a: Barraskewda|Liquidation|p1: Cresselia|[notarget]
|-fail|p2a: Barraskewda
|
|-weather|RainDance|[upkeep]
|upkeep
|
|t:|1779647074
|switch|p1a: Iron Hands|Iron Hands|100/100
|-enditem|p1a: Iron Hands|Booster Energy
|-activate|p1a: Iron Hands|ability: Quark Drive|[fromitem]
|-start|p1a: Iron Hands|quarkdriveatk
|turn|15
|
|t:|1779647094
|move|p1a: Iron Hands|Thunder Punch|p2a: Barraskewda
|-supereffective|p2a: Barraskewda
|-damage|p2a: Barraskewda|0 fnt
|faint|p2a: Barraskewda
|
|-weather|RainDance|[upkeep]
|upkeep
|inactive|manabi.portoviejo has 120 seconds left.
|
|t:|1779647111
|switch|p2a: Zapdos|Zapdos|56/100
|turn|16
|
|t:|1779647114
|move|p1a: Iron Hands|Ice Punch|p2a: Zapdos
|-supereffective|p2a: Zapdos
|-damage|p2a: Zapdos|0 fnt
|faint|p2a: Zapdos
|
|-weather|RainDance|[upkeep]
|upkeep
|
|t:|1779647123
|switch|p2a: Ogerpon|Ogerpon-Wellspring, F|100/100
|turn|17
|
|t:|1779647128
|move|p1a: Iron Hands|Drain Punch|p2a: Ogerpon
|-damage|p2a: Ogerpon|27/100
|move|p2a: Ogerpon|Ivy Cudgel|p1a: Iron Hands|[anim] Ivy Cudgel Water
|-damage|p1a: Iron Hands|45/100
|
|-weather|RainDance|[upkeep]
|-fieldend|move: Trick Room
|upkeep
|turn|18
|
|t:|1779647135
|move|p2a: Ogerpon|Ivy Cudgel|p1a: Iron Hands|[anim] Ivy Cudgel Water
|-damage|p1a: Iron Hands|0 fnt
|faint|p1a: Iron Hands
|-end|p1a: Iron Hands|Quark Drive|[silent]
|
|-weather|none
|upkeep
|
|t:|1779647137
|switch|p1a: Ursaluna|Ursaluna, F|100/100 par
|-heal|p1a: Ursaluna|100/100|[from] move: Healing Wish
|-heal|p1a: Ursaluna|100/100|[from] move: Lunar Dance
|turn|19
|
|t:|1779647141
|move|p1a: Ursaluna|Protect|p1a: Ursaluna
|-singleturn|p1a: Ursaluna|Protect
|move|p2a: Ogerpon|Ivy Cudgel|p1a: Ursaluna|[anim] Ivy Cudgel Water
|-activate|p1a: Ursaluna|move: Protect
|
|-status|p1a: Ursaluna|brn|[from] item: Flame Orb
|upkeep
|turn|20
|
|t:|1779647145
|move|p2a: Ogerpon|Ivy Cudgel|p1a: Ursaluna|[anim] Ivy Cudgel Water
|-supereffective|p1a: Ursaluna
|-crit|p1a: Ursaluna
|-damage|p1a: Ursaluna|0 fnt
|faint|p1a: Ursaluna
|
|win|manabi.portoviejo
|raw|immaterial-light's rating: 1368 &rarr; <strong>1353</strong><br />(-15 for losing)
|raw|manabi.portoviejo's rating: 1464 &rarr; <strong>1479</strong><br />(+15 for winning)
|l|☆immaterial-light
|player|p1|
