|inactive|Battle timer is ON: inactive players will automatically lose when time's up.
|t:|1779649515
|gametype|singles
|player|p1|horriii|#agwliiikyogres|
|player|p2|Kev|wallace-gen3|
|gen|9
|tier|[Gen 9] OU
|rule|HP Percentage Mod: HP is shown in percentages
|rule|Endless Battle Clause: Forcing endless battles is banned
|rule|Species Clause: Limit one of each Pokémon
|rule|OHKO Clause: OHKO moves are banned
|rule|Evasion Items Clause: Evasion items are banned
|rule|Evasion Moves Clause: Evasion moves are banned
|rule|Evasion Abilities Clause: Evasion abilities are banned
|rule|Sleep Moves Clause: Sleep-inducing moves are banned
|clearpoke
|poke|p1|Gliscor, F|
|poke|p1|Pecharunt|
|poke|p1|Ting-Lu|
|poke|p1|Latios, M|
|poke|p1|Tinkaton, F|
|poke|p1|Zamazenta-*|
|poke|p2|Iron Valiant|
|poke|p2|Pecharunt|
|poke|p2|Samurott-Hisui, F|
|poke|p2|Landorus-Therian, M|
|poke|p2|Zamazenta-*|
|poke|p2|Kingambit, F|
|teampreview
|c|☆Kev|hf
|c|☆horriii|hfhf
|inactive|horriii has 270 seconds left.
|inactive|Kev has 270 seconds left.
|inactive|horriii has 240 seconds left.
|inactive|horriii has 210 seconds left.
|
|t:|1779649607
|teamsize|p1|6
|teamsize|p2|6
|start
|switch|p1a: Jenson BateMan|Gliscor, F, shiny|100/100
|switch|p2a: Samurott|Samurott-Hisui, F|100/100
|turn|1
|
|t:|1779649614
|move|p1a: Jenson BateMan|Protect|p1a: Jenson BateMan
|-singleturn|p1a: Jenson BateMan|Protect
|move|p2a: Samurott|Ceaseless Edge|p1a: Jenson BateMan
|-activate|p1a: Jenson BateMan|move: Protect
|
|-status|p1a: Jenson BateMan|tox|[from] item: Toxic Orb
|upkeep
|turn|2
|inactive|horriii has 270 seconds left.
|
|t:|1779649645
|switch|p1a: Tinaka|Tinkaton, F, shiny|100/100
|-item|p1a: Tinaka|Air Balloon
|move|p2a: Samurott|Ceaseless Edge|p1a: Tinaka
|-resisted|p1a: Tinaka
|-damage|p1a: Tinaka|76/100
|-enditem|p1a: Tinaka|Air Balloon
|-sidestart|p1: horriii|Spikes
|-enditem|p2a: Samurott|Assault Vest|[silent]|[from] ability: Pickpocket|[of] p2a: Samurott
|-item|p1a: Tinaka|Assault Vest|[from] ability: Pickpocket|[of] p2a: Samurott
|
|upkeep
|turn|3
|
|t:|1779649658
|move|p1a: Tinaka|Gigaton Hammer|p2a: Samurott
|-resisted|p2a: Samurott
|-damage|p2a: Samurott|74/100
|move|p2a: Samurott|Flip Turn|p1a: Tinaka
|-damage|p1a: Tinaka|49/100
|
|t:|1779649661
|switch|p2a: Landorus|Landorus-Therian, M|100/100|[from] Flip Turn
|-ability|p2a: Landorus|Intimidate|boost
|-unboost|p1a: Tinaka|atk|1
|
|upkeep
|turn|4
|inactive|horriii has 270 seconds left.
|
|t:|1779649669
|switch|p1a: Bomber|Latios, M, shiny|100/100
|move|p2a: Landorus|Stealth Rock|p1a: Bomber
|-sidestart|p1: horriii|move: Stealth Rock
|
|upkeep
|turn|5
|
|t:|1779649677
|switch|p2a: Samurott|Samurott-Hisui, F|74/100
|move|p1a: Bomber|Draco Meteor|p2a: Samurott
|-damage|p2a: Samurott|0 fnt
|-unboost|p1a: Bomber|spa|2
|faint|p2a: Samurott
|
|upkeep
|
|t:|1779649681
|switch|p2a: Kingambit|Kingambit, F|100/100
|-activate|p2a: Kingambit|ability: Supreme Overlord
|-start|p2a: Kingambit|fallen1|[silent]
|turn|6
|
|t:|1779649691
|switch|p1a: Goliath|Ting-Lu, shiny|100/100
|-damage|p1a: Goliath|88/100|[from] Spikes
|-damage|p1a: Goliath|82/100|[from] Stealth Rock
|-ability|p1a: Goliath|Vessel of Ruin
|move|p2a: Kingambit|Iron Head|p1a: Goliath
|-crit|p1a: Goliath
|-damage|p1a: Goliath|42/100
|
|-heal|p1a: Goliath|48/100|[from] item: Leftovers
|upkeep
|turn|7
|
|t:|1779649697
|-end|p2a: Kingambit|fallen1|[silent]
|switch|p2a: Landorus|Landorus-Therian, M|100/100
|-ability|p2a: Landorus|Intimidate|boost
|-unboost|p1a: Goliath|atk|1
|move|p1a: Goliath|Spikes|p2a: Landorus
|-sidestart|p2: Kev|Spikes
|
|-heal|p1a: Goliath|54/100|[from] item: Leftovers
|upkeep
|turn|8
|
|t:|1779649702
|move|p2a: Landorus|Taunt|p1a: Goliath
|-start|p1a: Goliath|move: Taunt
|move|p1a: Goliath|Ruination|p2a: Landorus
|-damage|p2a: Landorus|51/100
|
|-heal|p1a: Goliath|61/100|[from] item: Leftovers
|upkeep
|turn|9
|
|t:|1779649714
|switch|p1a: Jenson BateMan|Gliscor, F, shiny|100/100 tox
|-damage|p1a: Jenson BateMan|88/100 tox|[from] Stealth Rock
|move|p2a: Landorus|U-turn|p1a: Jenson BateMan
|-resisted|p1a: Jenson BateMan
|-damage|p1a: Jenson BateMan|79/100 tox
|
|t:|1779649727
|switch|p2a: Zamazenta|Zamazenta|100/100|[from] U-turn
|-damage|p2a: Zamazenta|88/100|[from] Spikes
|-ability|p2a: Zamazenta|Dauntless Shield|boost
|-boost|p2a: Zamazenta|def|1
|
|-heal|p2a: Zamazenta|94/100|[from] item: Leftovers
|-heal|p1a: Jenson BateMan|92/100 tox|[from] ability: Poison Heal
|upkeep
|turn|10
|
|t:|1779649748
|switch|p1a: Malevolent Chains|Pecharunt|100/100
|move|p2a: Zamazenta|Iron Defense|p2a: Zamazenta
|-boost|p2a: Zamazenta|def|2
|
|-heal|p2a: Zamazenta|99/100|[from] item: Leftovers
|upkeep
|turn|11
|
|t:|1779649756
|move|p2a: Zamazenta|Crunch|p1a: Malevolent Chains
|-supereffective|p1a: Malevolent Chains
|-damage|p1a: Malevolent Chains|77/100
|-unboost|p1a: Malevolent Chains|def|1
|move|p1a: Malevolent Chains|Toxic|p2a: Zamazenta
|-status|p2a: Zamazenta|tox
|-start|p2a: Zamazenta|confusion|[from] ability: Poison Puppeteer|[of] p1a: Malevolent Chains
|
|-heal|p2a: Zamazenta|100/100 tox|[from] item: Leftovers
|-damage|p2a: Zamazenta|94/100 tox|[from] psn
|upkeep
|turn|12
|
|t:|1779649763
|-activate|p2a: Zamazenta|confusion
|move|p2a: Zamazenta|Crunch|p1a: Malevolent Chains
|-supereffective|p1a: Malevolent Chains
|-damage|p1a: Malevolent Chains|45/100
|move|p1a: Malevolent Chains|Recover|p1a: Malevolent Chains
|-heal|p1a: Malevolent Chains|95/100
|
|-heal|p2a: Zamazenta|100/100 tox|[from] item: Leftovers
|-damage|p2a: Zamazenta|88/100 tox|[from] psn
|upkeep
|turn|13
|
|t:|1779649790
|switch|p2a: Kingambit|Kingambit, F|100/100
|-damage|p2a: Kingambit|88/100|[from] Spikes
|-activate|p2a: Kingambit|ability: Supreme Overlord
|-start|p2a: Kingambit|fallen1|[silent]
|move|p1a: Malevolent Chains|Shadow Ball|p2a: Kingambit
|-resisted|p2a: Kingambit
|-damage|p2a: Kingambit|77/100
|
|-heal|p2a: Kingambit|83/100|[from] item: Leftovers
|upkeep
|turn|14
|
|t:|1779649796
|move|p1a: Malevolent Chains|Parting Shot|p2a: Kingambit
|-unboost|p2a: Kingambit|atk|1
|-unboost|p2a: Kingambit|spa|1
|
|t:|1779649800
|switch|p1a: Jenson BateMan|Gliscor, F, shiny|92/100 tox|[from] Parting Shot
|-damage|p1a: Jenson BateMan|79/100 tox|[from] Stealth Rock
|move|p2a: Kingambit|Swords Dance|p2a: Kingambit
|-boost|p2a: Kingambit|atk|2
|
|-heal|p2a: Kingambit|89/100|[from] item: Leftovers
|-heal|p1a: Jenson BateMan|92/100 tox|[from] ability: Poison Heal
|upkeep
|turn|15
|
|t:|1779649819
|switch|p1a: Tinaka|Tinkaton, F, shiny|49/100
|-damage|p1a: Tinaka|36/100|[from] Spikes
|-damage|p1a: Tinaka|30/100|[from] Stealth Rock
|-end|p2a: Kingambit|fallen1|[silent]
|switch|p2a: Zamazenta|Zamazenta|88/100 tox
|-damage|p2a: Zamazenta|76/100 tox|[from] Spikes
|
|-heal|p2a: Zamazenta|82/100 tox|[from] item: Leftovers
|-damage|p2a: Zamazenta|76/100 tox|[from] psn
|upkeep
|turn|16
|
|t:|1779649826
|move|p2a: Zamazenta|Body Press|p1a: Tinaka
|-damage|p1a: Tinaka|0 fnt
|faint|p1a: Tinaka
|
|-heal|p2a: Zamazenta|82/100 tox|[from] item: Leftovers
|-damage|p2a: Zamazenta|70/100 tox|[from] psn
|upkeep
|
|t:|1779649834
|switch|p1a: Malevolent Chains|Pecharunt|95/100
|turn|17
|
|t:|1779649840
|switch|p2a: Kingambit|Kingambit, F|89/100
|-damage|p2a: Kingambit|77/100|[from] Spikes
|-activate|p2a: Kingambit|ability: Supreme Overlord
|-start|p2a: Kingambit|fallen1|[silent]
|move|p1a: Malevolent Chains|Parting Shot|p2a: Kingambit
|-unboost|p2a: Kingambit|atk|1
|-unboost|p2a: Kingambit|spa|1
|
|t:|1779649853
|switch|p1a: 9/11|Zamazenta, shiny|100/100|[from] Parting Shot
|-ability|p1a: 9/11|Dauntless Shield|boost
|-boost|p1a: 9/11|def|1
|
|-heal|p2a: Kingambit|83/100|[from] item: Leftovers
|upkeep
|turn|18
|
|t:|1779649859
|-end|p2a: Kingambit|fallen1|[silent]
|switch|p2a: Zamazenta|Zamazenta|70/100 tox
|-damage|p2a: Zamazenta|57/100 tox|[from] Spikes
|move|p1a: 9/11|Close Combat|p2a: Zamazenta
|-damage|p2a: Zamazenta|10/100 tox
|-unboost|p1a: 9/11|def|1
|-unboost|p1a: 9/11|spd|1
|
|-heal|p2a: Zamazenta|16/100 tox|[from] item: Leftovers
|-damage|p2a: Zamazenta|10/100 tox|[from] psn
|upkeep
|turn|19
|
|t:|1779649867
|move|p1a: 9/11|Close Combat|p2a: Zamazenta
|-damage|p2a: Zamazenta|0 fnt
|-unboost|p1a: 9/11|def|1
|-unboost|p1a: 9/11|spd|1
|faint|p2a: Zamazenta
|
|upkeep
|
|t:|1779649870
|switch|p2a: Pecharunt|Pecharunt|100/100
|turn|20
|
|t:|1779649900
|switch|p1a: Goliath|Ting-Lu, shiny|61/100
|-damage|p1a: Goliath|48/100|[from] Spikes
|-damage|p1a: Goliath|42/100|[from] Stealth Rock
|-ability|p1a: Goliath|Vessel of Ruin
|switch|p2a: Landorus|Landorus-Therian, M|51/100
|-ability|p2a: Landorus|Intimidate|boost
|-unboost|p1a: Goliath|atk|1
|
|-heal|p1a: Goliath|48/100|[from] item: Leftovers
|upkeep
|turn|21
|
|t:|1779649905
|move|p2a: Landorus|Taunt|p1a: Goliath
|-start|p1a: Goliath|move: Taunt
|move|p1a: Goliath|Ruination|p2a: Landorus
|-damage|p2a: Landorus|26/100
|
|-heal|p1a: Goliath|54/100|[from] item: Leftovers
|upkeep
|turn|22
|
|t:|1779649913
|move|p2a: Landorus|Earth Power|p1a: Goliath
|-damage|p1a: Goliath|39/100
|move|p1a: Goliath|Ruination|p2a: Landorus
|-damage|p2a: Landorus|13/100
|
|-heal|p1a: Goliath|46/100|[from] item: Leftovers
|upkeep
|turn|23
|
|t:|1779649921
|switch|p1a: 9/11|Zamazenta, shiny|100/100
|move|p2a: Landorus|Earth Power|p1a: 9/11
|-damage|p1a: 9/11|73/100
|
|upkeep
|turn|24
|
|t:|1779649927
|move|p1a: 9/11|Crunch|p2a: Landorus
|-damage|p2a: Landorus|0 fnt
|-damage|p1a: 9/11|56/100|[from] item: Rocky Helmet|[of] p2a: Landorus
|faint|p2a: Landorus
|
|upkeep
|
|t:|1779649935
|switch|p2a: Iron Valiant|Iron Valiant|100/100
|-damage|p2a: Iron Valiant|88/100|[from] Spikes
|-enditem|p2a: Iron Valiant|Booster Energy
|-activate|p2a: Iron Valiant|ability: Quark Drive|[fromitem]
|-start|p2a: Iron Valiant|quarkdrivespe
|turn|25
|
|t:|1779649941
|move|p2a: Iron Valiant|Swords Dance|p2a: Iron Valiant
|-boost|p2a: Iron Valiant|atk|2
|move|p1a: 9/11|Roar|p2a: Iron Valiant
|-end|p2a: Iron Valiant|Quark Drive|[silent]
|drag|p2a: Kingambit|Kingambit, F|83/100
|-damage|p2a: Kingambit|70/100|[from] Spikes
|-activate|p2a: Kingambit|ability: Supreme Overlord
|-start|p2a: Kingambit|fallen3|[silent]
|
|-heal|p2a: Kingambit|77/100|[from] item: Leftovers
|upkeep
|turn|26
|
|t:|1779649949
|-end|p2a: Kingambit|fallen3|[silent]
|switch|p2a: Pecharunt|Pecharunt|100/100
|move|p1a: 9/11|Roar|p2a: Pecharunt
|drag|p2a: Kingambit|Kingambit, F|77/100
|-damage|p2a: Kingambit|64/100|[from] Spikes
|-activate|p2a: Kingambit|ability: Supreme Overlord
|-start|p2a: Kingambit|fallen3|[silent]
|
|-heal|p2a: Kingambit|70/100|[from] item: Leftovers
|upkeep
|turn|27
|
|t:|1779649957
|-end|p2a: Kingambit|fallen3|[silent]
|switch|p2a: Pecharunt|Pecharunt|100/100
|move|p1a: 9/11|Close Combat|p2a: Pecharunt
|-immune|p2a: Pecharunt
|
|upkeep
|turn|28
|
|t:|1779649962
|switch|p1a: Goliath|Ting-Lu, shiny|46/100
|-damage|p1a: Goliath|33/100|[from] Spikes
|-damage|p1a: Goliath|27/100|[from] Stealth Rock
|-ability|p1a: Goliath|Vessel of Ruin
|move|p2a: Pecharunt|Malignant Chain|p1a: Goliath
|-resisted|p1a: Goliath
|-damage|p1a: Goliath|20/100
|-status|p1a: Goliath|tox
|-start|p1a: Goliath|confusion|[from] ability: Poison Puppeteer|[of] p2a: Pecharunt
|
|-heal|p1a: Goliath|26/100 tox|[from] item: Leftovers
|-damage|p1a: Goliath|20/100 tox|[from] psn
|upkeep
|turn|29
|
|t:|1779649974
|move|p2a: Pecharunt|Nasty Plot|p2a: Pecharunt
|-boost|p2a: Pecharunt|spa|2
|-activate|p1a: Goliath|confusion
|move|p1a: Goliath|Spikes|p2a: Pecharunt
|-sidestart|p2: Kev|Spikes
|
|-heal|p1a: Goliath|26/100 tox|[from] item: Leftovers
|-damage|p1a: Goliath|14/100 tox|[from] psn
|upkeep
|turn|30
|
|t:|1779649978
|move|p2a: Pecharunt|Malignant Chain|p1a: Goliath
|-resisted|p1a: Goliath
|-damage|p1a: Goliath|0 fnt
|faint|p1a: Goliath
|
|upkeep
|
|t:|1779649993
|switch|p1a: Bomber|Latios, M, shiny|100/100
|-damage|p1a: Bomber|88/100|[from] Stealth Rock
|turn|31
|
|t:|1779649998
|switch|p2a: Kingambit|Kingambit, F|70/100
|-damage|p2a: Kingambit|54/100|[from] Spikes
|-activate|p2a: Kingambit|ability: Supreme Overlord
|-start|p2a: Kingambit|fallen3|[silent]
|move|p1a: Bomber|Flip Turn|p2a: Kingambit
|-damage|p2a: Kingambit|45/100
|
|t:|1779650004
|switch|p1a: 9/11|Zamazenta, shiny|56/100|[from] Flip Turn
|
|-heal|p2a: Kingambit|51/100|[from] item: Leftovers
|upkeep
|turn|32
|
|t:|1779650016
|-end|p2a: Kingambit|fallen3|[silent]
|switch|p2a: Pecharunt|Pecharunt|100/100
|move|p1a: 9/11|Roar|p2a: Pecharunt
|drag|p2a: Iron Valiant|Iron Valiant|88/100
|-damage|p2a: Iron Valiant|71/100|[from] Spikes
|
|upkeep
|turn|33
|
|t:|1779650032
|switch|p1a: Malevolent Chains|Pecharunt|95/100
|move|p2a: Iron Valiant|Close Combat|p1a: Malevolent Chains
|-immune|p1a: Malevolent Chains
|
|upkeep
|turn|34
|
|t:|1779650041
|move|p2a: Iron Valiant|Knock Off|p1a: Malevolent Chains
|-supereffective|p1a: Malevolent Chains
|-damage|p1a: Malevolent Chains|63/100
|-enditem|p1a: Malevolent Chains|Heavy-Duty Boots|[from] move: Knock Off|[of] p2a: Iron Valiant
|move|p1a: Malevolent Chains|Shadow Ball|p2a: Iron Valiant
|-damage|p2a: Iron Valiant|28/100
|
|upkeep
|turn|35
|
|t:|1779650048
|-end|p2a: Iron Valiant|Quark Drive|[silent]
|switch|p2a: Kingambit|Kingambit, F|51/100
|-damage|p2a: Kingambit|35/100|[from] Spikes
|-activate|p2a: Kingambit|ability: Supreme Overlord
|-start|p2a: Kingambit|fallen3|[silent]
|move|p1a: Malevolent Chains|Shadow Ball|p2a: Kingambit
|-resisted|p2a: Kingambit
|-damage|p2a: Kingambit|22/100
|
|-heal|p2a: Kingambit|28/100|[from] item: Leftovers
|upkeep
|turn|36
|c|☆horriii|t
|inactive|horriii has 270 seconds left.
|
|t:|1779650107
|-terastallize|p1a: Malevolent Chains|Ghost
|move|p1a: Malevolent Chains|Shadow Ball|p2a: Kingambit
|-resisted|p2a: Kingambit
|-damage|p2a: Kingambit|11/100
|move|p2a: Kingambit|Kowtow Cleave|p1a: Malevolent Chains
|-supereffective|p1a: Malevolent Chains
|-damage|p1a: Malevolent Chains|2/100
|
|-heal|p2a: Kingambit|17/100|[from] item: Leftovers
|upkeep
|turn|37
|
|t:|1779650118
|move|p2a: Kingambit|Sucker Punch||[still]
|-fail|p2a: Kingambit
|move|p1a: Malevolent Chains|Parting Shot|p2a: Kingambit
|-unboost|p2a: Kingambit|atk|1
|-unboost|p2a: Kingambit|spa|1
|
|t:|1779650121
|switch|p1a: Jenson BateMan|Gliscor, F, shiny|92/100 tox|[from] Parting Shot
|-damage|p1a: Jenson BateMan|79/100 tox|[from] Stealth Rock
|
|-heal|p2a: Kingambit|23/100|[from] item: Leftovers
|-heal|p1a: Jenson BateMan|92/100 tox|[from] ability: Poison Heal
|upkeep
|turn|38
|
|t:|1779650130
|move|p1a: Jenson BateMan|Swords Dance|p1a: Jenson BateMan
|-boost|p1a: Jenson BateMan|atk|2
|move|p2a: Kingambit|Swords Dance|p2a: Kingambit
|-boost|p2a: Kingambit|atk|2
|
|-heal|p2a: Kingambit|29/100|[from] item: Leftovers
|-heal|p1a: Jenson BateMan|100/100 tox|[from] ability: Poison Heal
|upkeep
|turn|39
|
|t:|1779650139
|move|p1a: Jenson BateMan|Facade|p2a: Kingambit
|-resisted|p2a: Kingambit
|-damage|p2a: Kingambit|8/100
|move|p2a: Kingambit|Kowtow Cleave|p1a: Jenson BateMan
|-damage|p1a: Jenson BateMan|25/100 tox
|
|-heal|p2a: Kingambit|14/100|[from] item: Leftovers
|-heal|p1a: Jenson BateMan|38/100 tox|[from] ability: Poison Heal
|upkeep
|turn|40
|
|t:|1779650154
|move|p1a: Jenson BateMan|Facade|p2a: Kingambit
|-resisted|p2a: Kingambit
|-damage|p2a: Kingambit|0 fnt
|faint|p2a: Kingambit
|-end|p2a: Kingambit|fallen3|[silent]
|
|-heal|p1a: Jenson BateMan|50/100 tox|[from] ability: Poison Heal
|upkeep
|
|t:|1779650158
|switch|p2a: Iron Valiant|Iron Valiant|28/100
|-damage|p2a: Iron Valiant|11/100|[from] Spikes
|turn|41
|
|t:|1779650164
|move|p1a: Jenson BateMan|Protect|p1a: Jenson BateMan
|-singleturn|p1a: Jenson BateMan|Protect
|move|p2a: Iron Valiant|Ice Punch|p1a: Jenson BateMan
|-activate|p1a: Jenson BateMan|move: Protect
|
|-heal|p1a: Jenson BateMan|63/100 tox|[from] ability: Poison Heal
|upkeep
|turn|42
|inactive|horriii has 270 seconds left.
|
|t:|1779650172
|switch|p1a: Malevolent Chains|Pecharunt, tera:Ghost|2/100
|-damage|p1a: Malevolent Chains|0 fnt|[from] Spikes
|faint|p1a: Malevolent Chains
|move|p2a: Iron Valiant|Ice Punch|p1: Malevolent Chains|[notarget]
|-fail|p2a: Iron Valiant
|
|upkeep
|
|t:|1779650176
|switch|p1a: 9/11|Zamazenta, shiny|56/100
|turn|43
|
|t:|1779650180
|move|p1a: 9/11|Close Combat|p2a: Iron Valiant
|-resisted|p2a: Iron Valiant
|-damage|p2a: Iron Valiant|0 fnt
|-unboost|p1a: 9/11|def|1
|-unboost|p1a: 9/11|spd|1
|faint|p2a: Iron Valiant
|-end|p2a: Iron Valiant|Quark Drive|[silent]
|
|upkeep
|
|t:|1779650183
|switch|p2a: Pecharunt|Pecharunt|100/100
|turn|44
|
|t:|1779650196
|switch|p1a: Jenson BateMan|Gliscor, F, shiny|63/100 tox
|-damage|p1a: Jenson BateMan|50/100 tox|[from] Stealth Rock
|move|p2a: Pecharunt|Nasty Plot|p2a: Pecharunt
|-boost|p2a: Pecharunt|spa|2
|
|-heal|p1a: Jenson BateMan|63/100 tox|[from] ability: Poison Heal
|upkeep
|turn|45
|
|t:|1779650209
|-terastallize|p2a: Pecharunt|Water
|move|p2a: Pecharunt|Shadow Ball|p1a: Jenson BateMan
|-damage|p1a: Jenson BateMan|14/100 tox
|move|p1a: Jenson BateMan|Swords Dance|p1a: Jenson BateMan
|-boost|p1a: Jenson BateMan|atk|2
|
|-heal|p1a: Jenson BateMan|27/100 tox|[from] ability: Poison Heal
|upkeep
|turn|46
|
|t:|1779650218
|move|p2a: Pecharunt|Shadow Ball|p1a: Jenson BateMan
|-damage|p1a: Jenson BateMan|0 fnt
|faint|p1a: Jenson BateMan
|
|upkeep
|
|t:|1779650246
|switch|p1a: Bomber|Latios, M, shiny|88/100
|-damage|p1a: Bomber|76/100|[from] Stealth Rock
|turn|47
|
|t:|1779650257
|move|p1a: Bomber|Draco Meteor|p2a: Pecharunt|[miss]
|-miss|p1a: Bomber|p2a: Pecharunt
|move|p2a: Pecharunt|Recover||[still]
|-fail|p2a: Pecharunt|heal
|
|upkeep
|turn|48
|inactive|horriii has 270 seconds left.
|
|t:|1779650292
|move|p1a: Bomber|Psychic Noise|p2a: Pecharunt
|-damage|p2a: Pecharunt|52/100
|-start|p2a: Pecharunt|move: Heal Block
|cant|p2a: Pecharunt|move: Heal Block|Recover
|
|upkeep
|turn|49
|inactive|horriii has 270 seconds left.
|
|t:|1779650300
|move|p1a: Bomber|Draco Meteor|p2a: Pecharunt
|-damage|p2a: Pecharunt|0 fnt
|-unboost|p1a: Bomber|spa|2
|faint|p2a: Pecharunt
|
|win|horriii
|c|☆Kev|gg
|c|☆horriii|gg
|player|p2|
|player|p1|
