|j|☆zNoctem
|j|☆bvcnmkor85471
|t:|1779587633
|gametype|singles
|player|p1|zNoctem|will|1282
|player|p2|bvcnmkor85471|266|1264
|gen|9
|tier|[Gen 9] OU
|rated|
|rule|HP Percentage Mod: HP is shown in percentages
|rule|Endless Battle Clause: Forcing endless battles is banned
|rule|Species Clause: Limit one of each Pokémon
|rule|OHKO Clause: OHKO moves are banned
|rule|Evasion Items Clause: Evasion items are banned
|rule|Evasion Moves Clause: Evasion moves are banned
|rule|Evasion Abilities Clause: Evasion abilities are banned
|rule|Sleep Moves Clause: Sleep-inducing moves are banned
|clearpoke
|poke|p1|Slowking-Galar, F|
|poke|p1|Diancie|
|poke|p1|Porygon2|
|poke|p1|Ursaluna, F|
|poke|p1|Ninetales-Alola, F|
|poke|p1|Scizor, M|
|poke|p2|Tyranitar, F|
|poke|p2|Houndstone, M|
|poke|p2|Tornadus-Therian, M|
|poke|p2|Sandslash, M|
|poke|p2|Tsareena, F|
|poke|p2|Rotom-Wash|
|teampreview
|
|t:|1779587658
|teamsize|p1|6
|teamsize|p2|6
|start
|switch|p1a: Porygon2|Porygon2|100/100
|switch|p2a: Tyranitar|Tyranitar, F|100/100
|-weather|Sandstorm|[from] ability: Sand Stream|[of] p2a: Tyranitar
|-ability|p1a: Porygon2|Download|boost
|-boost|p1a: Porygon2|spa|1
|turn|1
|
|t:|1779587663
|move|p2a: Tyranitar|Knock Off|p1a: Porygon2
|-damage|p1a: Porygon2|72/100
|-enditem|p1a: Porygon2|Eviolite|[from] move: Knock Off|[of] p2a: Tyranitar
|move|p1a: Porygon2|Trick Room|p1a: Porygon2
|-fieldstart|move: Trick Room|[of] p1a: Porygon2
|
|-weather|Sandstorm|[upkeep]
|-damage|p1a: Porygon2|66/100|[from] Sandstorm
|upkeep
|turn|2
|
|t:|1779587673
|switch|p1a: Ursaluna|Ursaluna, F|100/100
|move|p2a: Tyranitar|Body Press|p1a: Ursaluna
|-supereffective|p1a: Ursaluna
|-damage|p1a: Ursaluna|65/100
|
|-weather|Sandstorm|[upkeep]
|-status|p1a: Ursaluna|brn|[from] item: Flame Orb
|upkeep
|turn|3
|
|t:|1779587678
|switch|p2a: Houndstone|Houndstone, M|100/100
|move|p1a: Ursaluna|Earthquake|p2a: Houndstone
|-damage|p2a: Houndstone|0 fnt
|faint|p2a: Houndstone
|
|-weather|Sandstorm|[upkeep]
|-damage|p1a: Ursaluna|59/100 brn|[from] brn
|upkeep
|
|t:|1779587682
|switch|p2a: Tsareena|Tsareena, F|100/100
|turn|4
|
|t:|1779587695
|move|p1a: Ursaluna|Facade|p2a: Tsareena
|-damage|p2a: Tsareena|0 fnt
|faint|p2a: Tsareena
|
|-weather|Sandstorm|[upkeep]
|-damage|p1a: Ursaluna|53/100 brn|[from] brn
|upkeep
|
|t:|1779587702
|switch|p2a: Rotom|Rotom-Wash|100/100
|turn|5
|
|t:|1779587706
|move|p1a: Ursaluna|Facade|p2a: Rotom
|-damage|p2a: Rotom|0 fnt
|faint|p2a: Rotom
|
|-weather|Sandstorm|[upkeep]
|-damage|p1a: Ursaluna|47/100 brn|[from] brn
|-fieldend|move: Trick Room
|upkeep
|-message|bvcnmkor85471 forfeited.
|
|win|zNoctem
|raw|zNoctem's rating: 1282 &rarr; <strong>1306</strong><br />(+24 for winning)
|raw|bvcnmkor85471's rating: 1264 &rarr; <strong>1240</strong><br />(-24 for losing)
|l|☆bvcnmkor85471
|player|p2|
|l|☆zNoctem
|player|p1|
