|j|☆Zetajl
|j|☆cekongzi
|t:|1779714193
|gametype|singles
|player|p1|Zetajl|lucas|1086
|player|p2|cekongzi|youngster-gen4dp|1123
|gen|9
|tier|[Gen 9] OU
|rated|
|rule|HP Percentage Mod: HP is shown in percentages
|rule|Endless Battle Clause: Forcing endless battles is banned
|rule|Species Clause: Limit one of each Pokémon
|rule|OHKO Clause: OHKO moves are banned
|rule|Evasion Items Clause: Evasion items are banned
|rule|Evasion Moves Clause: Evasion moves are banned
|rule|Evasion Abilities Clause: Evasion abilities are banned
|rule|Sleep Moves Clause: Sleep-inducing moves are banned
|clearpoke
|poke|p1|Donphan, F|
|poke|p1|Hydreigon, M|
|poke|p1|Sableye, M|
|poke|p1|Chansey, F|
|poke|p1|Lucario, F|
|poke|p1|Arcanine, M|
|poke|p2|Flareon, M|
|poke|p2|Inteleon, F|
|poke|p2|Zoroark-Hisui, M|
|poke|p2|Great Tusk|
|poke|p2|Meowscarada, F|
|poke|p2|Raging Bolt|
|teampreview
|inactive|Battle timer is ON: inactive players will automatically lose when time's up. (requested by cekongzi)
|
|t:|1779714204
|teamsize|p1|6
|teamsize|p2|6
|start
|switch|p1a: Gordis|Chansey, F|100/100
|switch|p2a: Inteleon|Inteleon, F|100/100
|turn|1
|
|t:|1779714211
|switch|p2a: Flareon|Flareon, M|100/100
|move|p1a: Gordis|Stealth Rock|p2a: Flareon
|-sidestart|p2: cekongzi|move: Stealth Rock
|
|upkeep
|turn|2
|
|t:|1779714222
|move|p2a: Flareon|Flare Blitz|p1a: Gordis
|-damage|p1a: Gordis|54/100
|-damage|p2a: Flareon|68/100|[from] Recoil
|move|p1a: Gordis|Thunder Wave|p2a: Flareon|[miss]
|-miss|p1a: Gordis|p2a: Flareon
|
|upkeep
|turn|3
|
|t:|1779714234
|switch|p2a: Great Tusk|Great Tusk|100/100
|-damage|p2a: Great Tusk|98/100|[from] Stealth Rock
|switch|p1a: Bully|Arcanine, M, shiny|100/100
|-ability|p1a: Bully|Intimidate|boost
|-unboost|p2a: Great Tusk|atk|1
|
|-heal|p2a: Great Tusk|100/100|[from] item: Leftovers
|upkeep
|turn|4
|
|t:|1779714247
|switch|p1a: Donphan|Donphan, F|100/100
|move|p2a: Great Tusk|Rapid Spin|p1a: Donphan
|-damage|p1a: Donphan|92/100
|-boost|p2a: Great Tusk|spe|1
|-sideend|p2: cekongzi|Stealth Rock|[from] move: Rapid Spin|[of] p2a: Great Tusk
|
|-heal|p1a: Donphan|98/100|[from] item: Leftovers
|upkeep
|turn|5
|
|t:|1779714255
|-end|p2a: Great Tusk|Protosynthesis|[silent]
|switch|p2a: Meowscarada|Meowscarada, F|100/100
|move|p1a: Donphan|Earthquake|p2a: Meowscarada
|-resisted|p2a: Meowscarada
|-damage|p2a: Meowscarada|59/100
|
|-heal|p1a: Donphan|100/100|[from] item: Leftovers
|upkeep
|turn|6
|
|t:|1779714260
|switch|p1a: Bully|Arcanine, M, shiny|100/100
|-ability|p1a: Bully|Intimidate|boost
|-unboost|p2a: Meowscarada|atk|1
|move|p2a: Meowscarada|Flower Trick|p1a: Bully
|-start|p2a: Meowscarada|typechange|Grass|[from] ability: Protean
|-resisted|p1a: Bully
|-crit|p1a: Bully
|-damage|p1a: Bully|77/100
|-damage|p2a: Meowscarada|49/100|[from] item: Life Orb
|
|upkeep
|turn|7
|
|t:|1779714268
|move|p2a: Meowscarada|U-turn|p1a: Bully
|-resisted|p1a: Bully
|-damage|p1a: Bully|70/100
|-damage|p2a: Meowscarada|32/100|[from] item: Rocky Helmet|[of] p1a: Bully
|-damage|p2a: Meowscarada|23/100|[from] item: Life Orb
|
|t:|1779714282
|switch|p2a: Flareon|Flareon, M|68/100|[from] U-turn
|move|p1a: Bully|Will-O-Wisp|p2a: Flareon
|-immune|p2a: Flareon
|
|upkeep
|turn|8
|
|t:|1779714291
|switch|p1a: Donphan|Donphan, F|100/100
|-terastallize|p2a: Flareon|Normal
|move|p2a: Flareon|Facade|p1a: Donphan
|-damage|p1a: Donphan|75/100
|
|-heal|p1a: Donphan|81/100|[from] item: Leftovers
|-status|p2a: Flareon|brn|[from] item: Flame Orb
|upkeep
|turn|9
|
|t:|1779714302
|move|p2a: Flareon|Facade|p1a: Donphan
|-damage|p1a: Donphan|0 fnt
|faint|p1a: Donphan
|
|-damage|p2a: Flareon|62/100 brn|[from] brn
|upkeep
|
|t:|1779714312
|switch|p1a: Bully|Arcanine, M, shiny|70/100
|-ability|p1a: Bully|Intimidate|boost
|-unboost|p2a: Flareon|atk|1
|turn|10
|
|t:|1779714318
|switch|p1a: Loki|Sableye, M, shiny|100/100
|move|p2a: Flareon|Facade|p1a: Loki
|-immune|p1a: Loki
|
|-damage|p2a: Flareon|56/100 brn|[from] brn
|upkeep
|turn|11
|
|t:|1779714323
|switch|p2a: Meowscarada|Meowscarada, F|23/100
|move|p1a: Loki|Encore|p2a: Meowscarada
|-hint|Since gen 7, Dark is immune to Prankster moves.
|-immune|p2a: Meowscarada
|
|upkeep
|turn|12
|
|t:|1779714328
|switch|p1a: Bully|Arcanine, M, shiny|70/100
|-ability|p1a: Bully|Intimidate|boost
|-unboost|p2a: Meowscarada|atk|1
|move|p2a: Meowscarada|U-turn|p1a: Bully
|-start|p2a: Meowscarada|typechange|Bug|[from] ability: Protean
|-resisted|p1a: Bully
|-damage|p1a: Bully|60/100
|-damage|p2a: Meowscarada|6/100|[from] item: Rocky Helmet|[of] p1a: Bully
|-damage|p2a: Meowscarada|0 fnt|[from] item: Life Orb
|faint|p2a: Meowscarada
|
|upkeep
|
|t:|1779714341
|switch|p2a: Raging Bolt|Raging Bolt|100/100
|turn|13
|
|t:|1779714345
|switch|p1a: Gordis|Chansey, F|54/100
|move|p2a: Raging Bolt|Calm Mind|p2a: Raging Bolt
|-boost|p2a: Raging Bolt|spa|1
|-boost|p2a: Raging Bolt|spd|1
|
|upkeep
|turn|14
|
|t:|1779714351
|move|p2a: Raging Bolt|Calm Mind|p2a: Raging Bolt
|-boost|p2a: Raging Bolt|spa|1
|-boost|p2a: Raging Bolt|spd|1
|move|p1a: Gordis|Stealth Rock|p2a: Raging Bolt
|-sidestart|p2: cekongzi|move: Stealth Rock
|
|upkeep
|turn|15
|
|t:|1779714356
|move|p2a: Raging Bolt|Dragon Pulse|p1a: Gordis
|-damage|p1a: Gordis|25/100
|move|p1a: Gordis|Seismic Toss|p2a: Raging Bolt
|-damage|p2a: Raging Bolt|78/100
|
|-heal|p2a: Raging Bolt|85/100|[from] item: Leftovers
|upkeep
|turn|16
|
|t:|1779714359
|move|p2a: Raging Bolt|Dragon Pulse|p1a: Gordis
|-damage|p1a: Gordis|0 fnt
|faint|p1a: Gordis
|
|-heal|p2a: Raging Bolt|91/100|[from] item: Leftovers
|upkeep
|
|t:|1779714364
|switch|p1a: Bully|Arcanine, M, shiny|60/100
|-ability|p1a: Bully|Intimidate|boost
|-unboost|p2a: Raging Bolt|atk|1
|turn|17
|
|t:|1779714368
|move|p2a: Raging Bolt|Thunderclap||[still]
|-fail|p2a: Raging Bolt
|move|p1a: Bully|Will-O-Wisp|p2a: Raging Bolt
|-status|p2a: Raging Bolt|brn
|
|-heal|p2a: Raging Bolt|97/100 brn|[from] item: Leftovers
|-damage|p2a: Raging Bolt|91/100 brn|[from] brn
|upkeep
|turn|18
|l|☆Zetajl
|inactive|Zetajl disconnected and has a minute to reconnect!
|player|p1|
|inactive|Zetajl has 30 seconds to reconnect!
|inactive|Zetajl has 20 seconds to reconnect!
|inactive|Zetajl has 15 seconds to reconnect!
|inactive|Zetajl has 10 seconds to reconnect!
|inactive|Zetajl has 5 seconds to reconnect!
|-message|Zetajl lost due to inactivity.
|
|win|cekongzi
|raw|Zetajl's rating: 1086 &rarr; <strong>1066</strong><br />(-20 for losing)
|raw|cekongzi's rating: 1123 &rarr; <strong>1145</strong><br />(+22 for winning)
|l|☆cekongzi
|player|p2|
