|j|☆testskayo
|j|☆MangLe12138
|t:|1779697118
|gametype|singles
|player|p1|testskayo|101|1473
|player|p2|MangLe12138|pokefan|1450
|gen|9
|tier|[Gen 9] OU
|rated|
|rule|HP Percentage Mod: HP is shown in percentages
|rule|Endless Battle Clause: Forcing endless battles is banned
|rule|Species Clause: Limit one of each Pokémon
|rule|OHKO Clause: OHKO moves are banned
|rule|Evasion Items Clause: Evasion items are banned
|rule|Evasion Moves Clause: Evasion moves are banned
|rule|Evasion Abilities Clause: Evasion abilities are banned
|rule|Sleep Moves Clause: Sleep-inducing moves are banned
|clearpoke
|poke|p1|Samurott-Hisui, M|
|poke|p1|Rillaboom, F|
|poke|p1|Garchomp, M|
|poke|p1|Gholdengo|
|poke|p1|Slowking-Galar, F|
|poke|p1|Cinderace, F|
|poke|p2|Scizor, F|
|poke|p2|Manaphy|
|poke|p2|Latios, M|
|poke|p2|Ogerpon, F|
|poke|p2|Iron Jugulis|
|poke|p2|Garchomp, F|
|teampreview
|inactive|Battle timer is ON: inactive players will automatically lose when time's up. (requested by MangLe12138)
|
|t:|1779697132
|teamsize|p1|6
|teamsize|p2|6
|start
|switch|p1a: Samurott|Samurott-Hisui, M|100/100
|switch|p2a: Garchomp|Garchomp, F|100/100
|turn|1
|
|t:|1779697137
|switch|p1a: Rillaboom|Rillaboom, F|100/100
|-fieldstart|move: Grassy Terrain|[from] ability: Grassy Surge|[of] p1a: Rillaboom
|move|p2a: Garchomp|Earthquake|p1a: Rillaboom
|-resisted|p1a: Rillaboom
|-damage|p1a: Rillaboom|88/100
|-damage|p2a: Garchomp|91/100|[from] item: Life Orb
|
|-heal|p2a: Garchomp|97/100|[from] Grassy Terrain
|-heal|p1a: Rillaboom|94/100|[from] Grassy Terrain
|upkeep
|turn|2
|
|t:|1779697140
|move|p2a: Garchomp|Fire Blast|p1a: Rillaboom
|-supereffective|p1a: Rillaboom
|-damage|p1a: Rillaboom|10/100
|-damage|p2a: Garchomp|87/100|[from] item: Life Orb
|move|p1a: Rillaboom|Wood Hammer|p2a: Garchomp
|-damage|p2a: Garchomp|0 fnt
|-damage|p1a: Rillaboom|0 fnt|[from] ability: Rough Skin|[of] p2a: Garchomp
|faint|p2a: Garchomp
|faint|p1a: Rillaboom
|
|upkeep
|
|t:|1779697167
|switch|p2a: Ogerpon|Ogerpon, F|100/100
|switch|p1a: Garchomp|Garchomp, M|100/100
|turn|3
|
|t:|1779697179
|move|p2a: Ogerpon|Swords Dance|p2a: Ogerpon
|-boost|p2a: Ogerpon|atk|2
|move|p1a: Garchomp|Dragon Tail|p2a: Ogerpon
|-damage|p2a: Ogerpon|66/100
|drag|p2a: Manaphy|Manaphy|100/100
|
|upkeep
|turn|4
|
|t:|1779697188
|switch|p1a: Samurott|Samurott-Hisui, M|100/100
|move|p2a: Manaphy|Ice Beam|p1a: Samurott
|-resisted|p1a: Samurott
|-damage|p1a: Samurott|82/100
|
|-heal|p1a: Samurott|88/100|[from] Grassy Terrain
|-heal|p1a: Samurott|94/100|[from] item: Leftovers
|upkeep
|turn|5
|
|t:|1779697193
|move|p2a: Manaphy|Energy Ball|p1a: Samurott
|-supereffective|p1a: Samurott
|-damage|p1a: Samurott|1/100
|move|p1a: Samurott|Encore|p2a: Manaphy
|-start|p2a: Manaphy|Encore
|
|-heal|p1a: Samurott|7/100|[from] Grassy Terrain
|-heal|p1a: Samurott|13/100|[from] item: Leftovers
|-fieldend|move: Grassy Terrain
|upkeep
|turn|6
|
|t:|1779697219
|switch|p2a: Iron Jugulis|Iron Jugulis|100/100
|-enditem|p2a: Iron Jugulis|Booster Energy
|-activate|p2a: Iron Jugulis|ability: Quark Drive|[fromitem]
|-start|p2a: Iron Jugulis|quarkdrivespe
|switch|p1a: Slowking|Slowking-Galar, F|100/100
|
|upkeep
|turn|7
|
|t:|1779697228
|switch|p1a: Garchomp|Garchomp, M|100/100
|move|p2a: Iron Jugulis|Taunt|p1a: Garchomp
|-start|p1a: Garchomp|move: Taunt
|
|upkeep
|turn|8
|
|t:|1779697233
|move|p2a: Iron Jugulis|Hurricane|p1a: Garchomp
|-damage|p1a: Garchomp|47/100
|-start|p1a: Garchomp|confusion
|-activate|p1a: Garchomp|confusion
|move|p1a: Garchomp|Dragon Tail|p2a: Iron Jugulis
|-damage|p2a: Iron Jugulis|69/100
|-end|p2a: Iron Jugulis|Quark Drive|[silent]
|drag|p2a: Manaphy|Manaphy|100/100
|
|upkeep
|turn|9
|
|t:|1779697243
|switch|p1a: Slowking|Slowking-Galar, F|100/100
|move|p2a: Manaphy|Ice Beam|p1a: Slowking
|-damage|p1a: Slowking|85/100
|-status|p1a: Slowking|frz
|
|upkeep
|turn|10
|
|t:|1779697247
|move|p2a: Manaphy|Tail Glow|p2a: Manaphy
|-boost|p2a: Manaphy|spa|3
|-curestatus|p1a: Slowking|frz|[msg]
|move|p1a: Slowking|Sludge Bomb|p2a: Manaphy
|-damage|p2a: Manaphy|67/100
|
|upkeep
|turn|11
|
|t:|1779697271
|move|p2a: Manaphy|Surf|p1a: Slowking
|-damage|p1a: Slowking|22/100
|move|p1a: Slowking|Sludge Bomb|p2a: Manaphy
|-crit|p2a: Manaphy
|-damage|p2a: Manaphy|20/100
|-enditem|p2a: Manaphy|Sitrus Berry|[eat]
|-heal|p2a: Manaphy|45/100|[from] item: Sitrus Berry
|
|upkeep
|turn|12
|
|t:|1779697279
|move|p2a: Manaphy|Surf|p1a: Slowking
|-damage|p1a: Slowking|0 fnt
|faint|p1a: Slowking
|
|upkeep
|
|t:|1779697282
|switch|p1a: Gholdengo|Gholdengo|100/100
|turn|13
|
|t:|1779697285
|move|p1a: Gholdengo|Shadow Ball|p2a: Manaphy
|-damage|p2a: Manaphy|5/100
|move|p2a: Manaphy|Surf|p1a: Gholdengo
|-damage|p1a: Gholdengo|0 fnt
|faint|p1a: Gholdengo
|
|upkeep
|
|t:|1779697293
|switch|p1a: Samurott|Samurott-Hisui, M|13/100
|turn|14
|
|t:|1779697296
|move|p1a: Samurott|Sucker Punch|p2a: Manaphy
|-damage|p2a: Manaphy|0 fnt
|faint|p2a: Manaphy
|
|-heal|p1a: Samurott|19/100|[from] item: Leftovers
|upkeep
|
|t:|1779697305
|switch|p2a: Latios|Latios, M|100/100
|turn|15
|
|t:|1779697310
|move|p1a: Samurott|Sucker Punch||[still]
|-fail|p1a: Samurott
|move|p2a: Latios|Agility|p2a: Latios
|-boost|p2a: Latios|spe|2
|
|-heal|p1a: Samurott|25/100|[from] item: Leftovers
|upkeep
|turn|16
|
|t:|1779697319
|move|p1a: Samurott|Sucker Punch|p2a: Latios
|-supereffective|p2a: Latios
|-damage|p2a: Latios|33/100
|-enditem|p2a: Latios|Weakness Policy
|-boost|p2a: Latios|atk|2|[from] item: Weakness Policy
|-boost|p2a: Latios|spa|2|[from] item: Weakness Policy
|move|p2a: Latios|Aura Sphere|p1a: Samurott
|-supereffective|p1a: Samurott
|-damage|p1a: Samurott|0 fnt
|faint|p1a: Samurott
|
|upkeep
|
|t:|1779697324
|switch|p1a: Cinderace|Cinderace, F|100/100
|turn|17
|
|t:|1779697329
|-terastallize|p2a: Latios|Fighting
|move|p1a: Cinderace|Sucker Punch|p2a: Latios
|-resisted|p2a: Latios
|-damage|p2a: Latios|22/100
|move|p2a: Latios|Stored Power|p1a: Cinderace
|-damage|p1a: Cinderace|0 fnt
|faint|p1a: Cinderace
|
|upkeep
|-message|testskayo forfeited.
|
|win|MangLe12138
|raw|testskayo's rating: 1473 &rarr; <strong>1452</strong><br />(-21 for losing)
|raw|MangLe12138's rating: 1450 &rarr; <strong>1471</strong><br />(+21 for winning)
|l|☆testskayo
|player|p1|
