|j|☆glimpseman
|j|☆Scizorag
|t:|1779598137
|gametype|singles
|player|p1|glimpseman|#wcor2025canada|1372
|player|p2|Scizorag|1|1332
|gen|9
|tier|[Gen 9] OU
|rated|
|rule|HP Percentage Mod: HP is shown in percentages
|rule|Endless Battle Clause: Forcing endless battles is banned
|rule|Species Clause: Limit one of each Pokémon
|rule|OHKO Clause: OHKO moves are banned
|rule|Evasion Items Clause: Evasion items are banned
|rule|Evasion Moves Clause: Evasion moves are banned
|rule|Evasion Abilities Clause: Evasion abilities are banned
|rule|Sleep Moves Clause: Sleep-inducing moves are banned
|clearpoke
|poke|p1|Toxtricity, M|
|poke|p1|Gholdengo|
|poke|p1|Samurott-Hisui, F|
|poke|p1|Glimmora, M|
|poke|p1|Iron Valiant|
|poke|p1|Rillaboom, F|
|poke|p2|Hydrapple, F|
|poke|p2|Alomomola, M|
|poke|p2|Great Tusk|
|poke|p2|Kingambit, M|
|poke|p2|Deoxys-Speed|
|poke|p2|Cinderace, F|
|teampreview
|inactive|Battle timer is ON: inactive players will automatically lose when time's up. (requested by glimpseman)
|
|t:|1779598166
|teamsize|p1|6
|teamsize|p2|6
|start
|switch|p1a: Samurott|Samurott-Hisui, F|100/100
|switch|p2a: Deoxys|Deoxys-Speed|100/100
|-ability|p2a: Deoxys|Pressure
|turn|1
|
|t:|1779598179
|-terastallize|p2a: Deoxys|Fighting
|move|p2a: Deoxys|Superpower|p1a: Samurott
|-supereffective|p1a: Samurott
|-damage|p1a: Samurott|0 fnt
|-unboost|p2a: Deoxys|atk|1
|-unboost|p2a: Deoxys|def|1
|faint|p1a: Samurott
|
|upkeep
|c|☆glimpseman|o
|
|t:|1779598191
|switch|p1a: Rillaboom|Rillaboom, F|100/100
|-fieldstart|move: Grassy Terrain|[from] ability: Grassy Surge|[of] p1a: Rillaboom
|turn|2
|
|t:|1779598196
|switch|p2a: Hydrapple|Hydrapple, F|100/100
|move|p1a: Rillaboom|U-turn|p2a: Hydrapple
|-supereffective|p2a: Hydrapple
|-crit|p2a: Hydrapple
|-damage|p2a: Hydrapple|62/100
|
|t:|1779598207
|switch|p1a: Iron Valiant|Iron Valiant|100/100|[from] U-turn
|-enditem|p1a: Iron Valiant|Booster Energy
|-activate|p1a: Iron Valiant|ability: Quark Drive|[fromitem]
|-start|p1a: Iron Valiant|quarkdrivespe
|
|-heal|p2a: Hydrapple|68/100|[from] Grassy Terrain
|upkeep
|turn|3
|
|t:|1779598213
|switch|p2a: Alomomola|Alomomola, M|100/100
|move|p1a: Iron Valiant|Swords Dance|p1a: Iron Valiant
|-boost|p1a: Iron Valiant|atk|2
|
|upkeep
|turn|4
|
|t:|1779598218
|move|p1a: Iron Valiant|Swords Dance|p1a: Iron Valiant
|-boost|p1a: Iron Valiant|atk|2
|move|p2a: Alomomola|Scald|p1a: Iron Valiant
|-damage|p1a: Iron Valiant|78/100
|
|-heal|p1a: Iron Valiant|84/100|[from] Grassy Terrain
|upkeep
|turn|5
|
|t:|1779598224
|move|p1a: Iron Valiant|Close Combat|p2a: Alomomola
|-damage|p2a: Alomomola|8/100
|-unboost|p1a: Iron Valiant|def|1
|-unboost|p1a: Iron Valiant|spd|1
|move|p2a: Alomomola|Scald|p1a: Iron Valiant
|-crit|p1a: Iron Valiant
|-damage|p1a: Iron Valiant|34/100
|
|-heal|p1a: Iron Valiant|40/100|[from] Grassy Terrain
|-heal|p2a: Alomomola|14/100|[from] Grassy Terrain
|upkeep
|turn|6
|
|t:|1779598236
|move|p2a: Alomomola|Protect|p2a: Alomomola
|-singleturn|p2a: Alomomola|Protect
|move|p1a: Iron Valiant|Knock Off|p2a: Alomomola
|-activate|p2a: Alomomola|move: Protect
|
|-heal|p1a: Iron Valiant|47/100|[from] Grassy Terrain
|-heal|p2a: Alomomola|20/100|[from] Grassy Terrain
|-fieldend|move: Grassy Terrain
|upkeep
|turn|7
|
|t:|1779598260
|switch|p2a: Hydrapple|Hydrapple, F|100/100
|move|p1a: Iron Valiant|Knock Off|p2a: Hydrapple
|-damage|p2a: Hydrapple|45/100
|-enditem|p2a: Hydrapple|Heavy-Duty Boots|[from] move: Knock Off|[of] p1a: Iron Valiant
|
|upkeep
|turn|8
|inactive|Scizorag has 120 seconds left.
|
|t:|1779598291
|switch|p2a: Cinderace|Cinderace, F|100/100
|move|p1a: Iron Valiant|Close Combat|p2a: Cinderace
|-damage|p2a: Cinderace|0 fnt
|-unboost|p1a: Iron Valiant|def|1
|-unboost|p1a: Iron Valiant|spd|1
|faint|p2a: Cinderace
|
|upkeep
|inactive|Scizorag has 90 seconds left.
|inactive|Scizorag has 60 seconds left.
|l|☆Scizorag
|inactive|Scizorag disconnected and has a minute to reconnect!
|player|p2|
|j|☆Scizorag
|inactive|Scizorag reconnected and has 35 seconds left.
|player|p2|Scizorag|1|
|inactive|Scizorag has 30 seconds left.
|
|t:|1779598383
|switch|p2a: Alomomola|Alomomola, M|53/100
|turn|9
|
|t:|1779598387
|move|p2a: Alomomola|Protect|p2a: Alomomola
|-singleturn|p2a: Alomomola|Protect
|move|p1a: Iron Valiant|Close Combat|p2a: Alomomola
|-activate|p2a: Alomomola|move: Protect
|
|upkeep
|turn|10
|inactive|Scizorag has 30 seconds left.
|inactive|Scizorag has 20 seconds left.
|
|t:|1779598412
|switch|p2a: Hydrapple|Hydrapple, F|78/100
|move|p1a: Iron Valiant|Knock Off|p2a: Hydrapple
|-damage|p2a: Hydrapple|43/100
|
|upkeep
|turn|11
|inactive|Scizorag has 30 seconds left this turn.
|
|t:|1779598420
|move|p1a: Iron Valiant|Close Combat|p2a: Hydrapple
|-damage|p2a: Hydrapple|0 fnt
|-unboost|p1a: Iron Valiant|def|1
|-unboost|p1a: Iron Valiant|spd|1
|faint|p2a: Hydrapple
|
|upkeep
|inactive|Scizorag has 30 seconds left this turn.
|
|t:|1779598426
|switch|p2a: Kingambit|Kingambit, M|100/100
|-activate|p2a: Kingambit|ability: Supreme Overlord
|-start|p2a: Kingambit|fallen2|[silent]
|turn|12
|
|t:|1779598428
|move|p2a: Kingambit|Sucker Punch||[still]
|-fail|p2a: Kingambit
|move|p1a: Iron Valiant|Encore|p2a: Kingambit
|-start|p2a: Kingambit|Encore
|
|upkeep
|turn|13
|
|t:|1779598440
|-end|p2a: Kingambit|fallen2|[silent]
|switch|p2a: Deoxys|Deoxys-Speed, tera:Fighting|100/100
|-ability|p2a: Deoxys|Pressure
|move|p1a: Iron Valiant|Swords Dance|p1a: Iron Valiant
|-boost|p1a: Iron Valiant|atk|2
|
|upkeep
|turn|14
|
|t:|1779598449
|switch|p2a: Kingambit|Kingambit, M|100/100
|-activate|p2a: Kingambit|ability: Supreme Overlord
|-start|p2a: Kingambit|fallen2|[silent]
|move|p1a: Iron Valiant|Close Combat|p2a: Kingambit
|-supereffective|p2a: Kingambit
|-damage|p2a: Kingambit|0 fnt
|-unboost|p1a: Iron Valiant|def|1
|-unboost|p1a: Iron Valiant|spd|1
|faint|p2a: Kingambit
|-end|p2a: Kingambit|fallen2|[silent]
|
|upkeep
|
|t:|1779598455
|switch|p2a: Alomomola|Alomomola, M|87/100
|turn|15
|
|t:|1779598459
|move|p1a: Iron Valiant|Knock Off|p2a: Alomomola
|-damage|p2a: Alomomola|15/100
|-enditem|p2a: Alomomola|Heavy-Duty Boots|[from] move: Knock Off|[of] p1a: Iron Valiant
|move|p2a: Alomomola|Scald|p1a: Iron Valiant
|-damage|p1a: Iron Valiant|0 fnt
|faint|p1a: Iron Valiant
|-end|p1a: Iron Valiant|Quark Drive|[silent]
|
|upkeep
|
|t:|1779598463
|switch|p1a: Rillaboom|Rillaboom, F|100/100
|-fieldstart|move: Grassy Terrain|[from] ability: Grassy Surge|[of] p1a: Rillaboom
|turn|16
|inactive|Scizorag has 60 seconds left.
|
|t:|1779598468
|move|p2a: Alomomola|Protect|p2a: Alomomola
|-singleturn|p2a: Alomomola|Protect
|move|p1a: Rillaboom|Grassy Glide|p2a: Alomomola
|-activate|p2a: Alomomola|move: Protect
|
|-heal|p2a: Alomomola|21/100|[from] Grassy Terrain
|upkeep
|turn|17
|inactive|glimpseman has 120 seconds left.
|
|t:|1779598518
|switch|p2a: Great Tusk|Great Tusk|100/100
|move|p1a: Rillaboom|Grassy Glide|p2a: Great Tusk
|-supereffective|p2a: Great Tusk
|-damage|p2a: Great Tusk|56/100
|-damage|p1a: Rillaboom|84/100|[from] item: Rocky Helmet|[of] p2a: Great Tusk
|
|-heal|p2a: Great Tusk|62/100|[from] Grassy Terrain
|-heal|p1a: Rillaboom|90/100|[from] Grassy Terrain
|upkeep
|turn|18
|
|t:|1779598526
|-terastallize|p1a: Rillaboom|Grass
|move|p1a: Rillaboom|Grassy Glide|p2a: Great Tusk
|-supereffective|p2a: Great Tusk
|-damage|p2a: Great Tusk|5/100
|-damage|p1a: Rillaboom|74/100|[from] item: Rocky Helmet|[of] p2a: Great Tusk
|move|p2a: Great Tusk|Ice Spinner|p1a: Rillaboom
|-supereffective|p1a: Rillaboom
|-damage|p1a: Rillaboom|19/100
|-fieldend|move: Grassy Terrain
|
|upkeep
|turn|19
|
|t:|1779598531
|switch|p1a: Glimmora|Glimmora, M|100/100
|move|p2a: Great Tusk|Ice Spinner|p1a: Glimmora
|-damage|p1a: Glimmora|83/100
|-damage|p2a: Great Tusk|0 fnt|[from] item: Rocky Helmet|[of] p1a: Glimmora
|faint|p2a: Great Tusk
|-end|p2a: Great Tusk|Protosynthesis|[silent]
|
|upkeep
|
|t:|1779598536
|switch|p2a: Deoxys|Deoxys-Speed, tera:Fighting|100/100
|-ability|p2a: Deoxys|Pressure
|turn|20
|
|t:|1779598544
|move|p2a: Deoxys|Psycho Boost|p1a: Glimmora
|-supereffective|p1a: Glimmora
|-damage|p1a: Glimmora|0 fnt
|-unboost|p2a: Deoxys|spa|2
|faint|p1a: Glimmora
|
|upkeep
|
|t:|1779598547
|switch|p1a: Rillaboom|Rillaboom, F, tera:Grass|19/100
|-fieldstart|move: Grassy Terrain|[from] ability: Grassy Surge|[of] p1a: Rillaboom
|turn|21
|
|t:|1779598555
|switch|p2a: Alomomola|Alomomola, M|54/100
|move|p1a: Rillaboom|Grassy Glide|p2a: Alomomola
|-supereffective|p2a: Alomomola
|-damage|p2a: Alomomola|4/100
|
|-heal|p1a: Rillaboom|25/100|[from] Grassy Terrain
|-heal|p2a: Alomomola|10/100|[from] Grassy Terrain
|upkeep
|turn|22
|
|t:|1779598559
|move|p2a: Alomomola|Protect|p2a: Alomomola
|-singleturn|p2a: Alomomola|Protect
|move|p1a: Rillaboom|Grassy Glide|p2a: Alomomola
|-activate|p2a: Alomomola|move: Protect
|
|-heal|p1a: Rillaboom|31/100|[from] Grassy Terrain
|-heal|p2a: Alomomola|17/100|[from] Grassy Terrain
|upkeep
|turn|23
|
|t:|1779598562
|switch|p2a: Deoxys|Deoxys-Speed, tera:Fighting|100/100
|-ability|p2a: Deoxys|Pressure
|move|p1a: Rillaboom|Grassy Glide|p2a: Deoxys
|-damage|p2a: Deoxys|25/100
|
|-heal|p2a: Deoxys|31/100|[from] Grassy Terrain
|-heal|p1a: Rillaboom|37/100|[from] Grassy Terrain
|upkeep
|turn|24
|
|t:|1779598568
|move|p1a: Rillaboom|Grassy Glide|p2a: Deoxys
|-damage|p2a: Deoxys|0 fnt
|faint|p2a: Deoxys
|
|-heal|p1a: Rillaboom|43/100|[from] Grassy Terrain
|upkeep
|-message|Scizorag forfeited.
|
|win|glimpseman
|raw|glimpseman's rating: 1372 &rarr; <strong>1390</strong><br />(+18 for winning)
|raw|Scizorag's rating: 1332 &rarr; <strong>1314</strong><br />(-18 for losing)
|l|☆Scizorag
|player|p2|
|l|☆glimpseman
|player|p1|
