|j|‽ekekdkdmdmwksl
|j|☆lokixftw
|t:|1779616498
|gametype|singles
|player|p1|ekekdkdmdmwksl|2|1221
|player|p2|lokixftw|lusamine-nihilego|1210
|gen|9
|tier|[Gen 9] OU
|rated|
|rule|HP Percentage Mod: HP is shown in percentages
|rule|Endless Battle Clause: Forcing endless battles is banned
|rule|Species Clause: Limit one of each Pokémon
|rule|OHKO Clause: OHKO moves are banned
|rule|Evasion Items Clause: Evasion items are banned
|rule|Evasion Moves Clause: Evasion moves are banned
|rule|Evasion Abilities Clause: Evasion abilities are banned
|rule|Sleep Moves Clause: Sleep-inducing moves are banned
|clearpoke
|poke|p1|Scrafty, M|
|poke|p1|Volbeat, M|
|poke|p1|Hoopa-Unbound|
|poke|p1|Hatterene, F|
|poke|p1|Registeel|
|poke|p1|Iron Moth|
|poke|p2|Lokix, F|
|poke|p2|Kyurem|
|poke|p2|Enamorus, F|
|poke|p2|Great Tusk|
|poke|p2|Slowking-Galar, M|
|poke|p2|Alomomola, F|
|teampreview
|inactive|Battle timer is ON: inactive players will automatically lose when time's up. (requested by lokixftw)
|inactive|ekekdkdmdmwksl has 120 seconds left.
|
|t:|1779616534
|teamsize|p1|6
|teamsize|p2|6
|start
|switch|p1a: Volbeat|Volbeat, M, shiny|100/100
|switch|p2a: Enamorus|Enamorus, F|100/100
|turn|1
|
|t:|1779616543
|move|p1a: Volbeat|Thunder Wave|p2a: Enamorus
|-status|p2a: Enamorus|par
|move|p2a: Enamorus|Mystical Fire|p1a: Volbeat
|-supereffective|p1a: Volbeat
|-damage|p1a: Volbeat|30/100
|-unboost|p1a: Volbeat|spa|1
|
|upkeep
|turn|2
|
|t:|1779616558
|switch|p1a: Iron Moth|Iron Moth|100/100
|-enditem|p1a: Iron Moth|Booster Energy
|-activate|p1a: Iron Moth|ability: Quark Drive|[fromitem]
|-start|p1a: Iron Moth|quarkdrivespa
|move|p2a: Enamorus|Mystical Fire|p1a: Iron Moth
|-resisted|p1a: Iron Moth
|-damage|p1a: Iron Moth|87/100
|-unboost|p1a: Iron Moth|spa|1
|
|upkeep
|turn|3
|
|t:|1779616568
|switch|p2a: Slowking|Slowking-Galar, M|100/100
|move|p1a: Iron Moth|Fiery Dance|p2a: Slowking
|-damage|p2a: Slowking|81/100
|
|upkeep
|turn|4
|
|t:|1779616575
|move|p1a: Iron Moth|Fiery Dance|p2a: Slowking
|-damage|p2a: Slowking|57/100
|move|p2a: Slowking|Future Sight|p1a: Iron Moth
|-start|p2a: Slowking|move: Future Sight
|
|upkeep
|turn|5
|
|t:|1779616592
|move|p1a: Iron Moth|Fiery Dance|p2a: Slowking
|-damage|p2a: Slowking|35/100
|-boost|p1a: Iron Moth|spa|1
|move|p2a: Slowking|Sludge Bomb|p1a: Iron Moth
|-resisted|p1a: Iron Moth
|-damage|p1a: Iron Moth|72/100
|
|upkeep
|turn|6
|
|t:|1779616609
|-terastallize|p1a: Iron Moth|Grass
|move|p1a: Iron Moth|Fiery Dance|p2a: Slowking
|-damage|p2a: Slowking|3/100
|move|p2a: Slowking|Sludge Bomb|p1a: Iron Moth
|-supereffective|p1a: Iron Moth
|-damage|p1a: Iron Moth|5/100
|
|-end|p1a: Iron Moth|move: Future Sight
|-damage|p1a: Iron Moth|0 fnt
|faint|p1a: Iron Moth
|-end|p1a: Iron Moth|Quark Drive|[silent]
|upkeep
|inactive|ekekdkdmdmwksl has 120 seconds left.
|
|t:|1779616634
|switch|p1a: Volbeat|Volbeat, M, shiny|30/100
|turn|7
|
|t:|1779616648
|switch|p2a: Great Tusk|Great Tusk|100/100
|move|p1a: Volbeat|Lunge|p2a: Great Tusk
|-resisted|p2a: Great Tusk
|-damage|p2a: Great Tusk|92/100
|-unboost|p2a: Great Tusk|atk|1
|
|upkeep
|turn|8
|
|t:|1779616657
|move|p1a: Volbeat|Roost|p1a: Volbeat
|-heal|p1a: Volbeat|80/100
|-singleturn|p1a: Volbeat|move: Roost
|move|p2a: Great Tusk|Stealth Rock|p1a: Volbeat
|-sidestart|p1: ekekdkdmdmwksl|move: Stealth Rock
|
|upkeep
|turn|9
|
|t:|1779616669
|-end|p2a: Great Tusk|Protosynthesis|[silent]
|switch|p2a: Enamorus|Enamorus, F|100/100 par
|move|p1a: Volbeat|Lunge|p2a: Enamorus
|-resisted|p2a: Enamorus
|-damage|p2a: Enamorus|92/100 par
|-boost|p2a: Enamorus|atk|1
|
|upkeep
|turn|10
|
|t:|1779616688
|move|p2a: Enamorus|Moonblast|p1a: Volbeat
|-damage|p1a: Volbeat|17/100
|move|p1a: Volbeat|Lunge|p2a: Enamorus
|-resisted|p2a: Enamorus
|-damage|p2a: Enamorus|84/100 par
|-boost|p2a: Enamorus|atk|1
|
|upkeep
|turn|11
|
|t:|1779616701
|move|p1a: Volbeat|Roost|p1a: Volbeat
|-heal|p1a: Volbeat|67/100
|-singleturn|p1a: Volbeat|move: Roost
|move|p2a: Enamorus|Moonblast|p1a: Volbeat
|-damage|p1a: Volbeat|8/100
|
|upkeep
|turn|12
|
|t:|1779616710
|move|p1a: Volbeat|Roost|p1a: Volbeat
|-heal|p1a: Volbeat|58/100
|-singleturn|p1a: Volbeat|move: Roost
|move|p2a: Enamorus|Moonblast|p1a: Volbeat
|-damage|p1a: Volbeat|0 fnt
|faint|p1a: Volbeat
|
|upkeep
|
|t:|1779616719
|switch|p1a: Hoopa|Hoopa-Unbound|100/100
|-damage|p1a: Hoopa|88/100|[from] Stealth Rock
|turn|13
|
|t:|1779616725
|move|p1a: Hoopa|Thunderbolt|p2a: Enamorus
|-supereffective|p2a: Enamorus
|-damage|p2a: Enamorus|0 fnt
|faint|p2a: Enamorus
|
|upkeep
|
|t:|1779616745
|switch|p2a: Kyurem|Kyurem|100/100
|-ability|p2a: Kyurem|Pressure
|turn|14
|
|t:|1779616761
|switch|p1a: Scrafty|Scrafty, M|100/100
|-damage|p1a: Scrafty|95/100|[from] Stealth Rock
|move|p2a: Kyurem|Draco Meteor|p1a: Scrafty
|-crit|p1a: Scrafty
|-damage|p1a: Scrafty|0 fnt
|-unboost|p2a: Kyurem|spa|2
|faint|p1a: Scrafty
|
|upkeep
|
|t:|1779616772
|switch|p1a: Registeel|Registeel|100/100
|-damage|p1a: Registeel|95/100|[from] Stealth Rock
|turn|15
|
|t:|1779616787
|switch|p2a: Slowking|Slowking-Galar, M|36/100
|move|p1a: Registeel|Iron Defense|p1a: Registeel
|-boost|p1a: Registeel|def|2
|
|upkeep
|turn|16
|
|t:|1779616796
|move|p1a: Registeel|Iron Defense|p1a: Registeel
|-boost|p1a: Registeel|def|2
|-prepare|p2a: Slowking|Chilly Reception|[premajor]
|move|p2a: Slowking|Chilly Reception|p2a: Slowking
|-weather|Snowscape
|
|t:|1779616804
|switch|p2a: Kyurem|Kyurem|100/100|[from] Chilly Reception
|-ability|p2a: Kyurem|Pressure
|
|-weather|Snowscape|[upkeep]
|upkeep
|turn|17
|
|t:|1779616807
|move|p2a: Kyurem|Earth Power|p1a: Registeel
|-supereffective|p1a: Registeel
|-damage|p1a: Registeel|33/100
|move|p1a: Registeel|Body Press|p2a: Kyurem
|-supereffective|p2a: Kyurem
|-damage|p2a: Kyurem|0 fnt
|faint|p2a: Kyurem
|
|-weather|Snowscape|[upkeep]
|upkeep
|
|t:|1779616818
|switch|p2a: Alomomola|Alomomola, F|100/100
|turn|18
|
|t:|1779616828
|move|p1a: Registeel|Iron Defense|p1a: Registeel
|-boost|p1a: Registeel|def|2
|move|p2a: Alomomola|Scald|p1a: Registeel
|-damage|p1a: Registeel|22/100
|
|-weather|Snowscape|[upkeep]
|upkeep
|turn|19
|
|t:|1779616839
|-terastallize|p2a: Alomomola|Ghost
|move|p1a: Registeel|Rest|p1a: Registeel
|-status|p1a: Registeel|slp|[from] move: Rest
|-heal|p1a: Registeel|100/100 slp|[silent]
|-enditem|p1a: Registeel|Chesto Berry|[eat]
|-curestatus|p1a: Registeel|slp|[msg]
|move|p2a: Alomomola|Scald|p1a: Registeel
|-damage|p1a: Registeel|91/100
|-status|p1a: Registeel|brn
|
|-weather|Snowscape|[upkeep]
|-damage|p1a: Registeel|85/100 brn|[from] brn
|upkeep
|turn|20
|
|t:|1779616861
|move|p1a: Registeel|Shadow Claw|p2a: Alomomola
|-supereffective|p2a: Alomomola
|-damage|p2a: Alomomola|94/100
|move|p2a: Alomomola|Scald|p1a: Registeel
|-damage|p1a: Registeel|75/100 brn
|
|-weather|none
|-damage|p1a: Registeel|69/100 brn|[from] brn
|upkeep
|turn|21
|
|t:|1779616872
|move|p1a: Registeel|Shadow Claw|p2a: Alomomola
|-supereffective|p2a: Alomomola
|-crit|p2a: Alomomola
|-damage|p2a: Alomomola|85/100
|move|p2a: Alomomola|Scald|p1a: Registeel
|-damage|p1a: Registeel|59/100 brn
|
|-damage|p1a: Registeel|53/100 brn|[from] brn
|upkeep
|turn|22
|
|t:|1779616889
|move|p1a: Registeel|Shadow Claw|p2a: Alomomola
|-supereffective|p2a: Alomomola
|-damage|p2a: Alomomola|78/100
|move|p2a: Alomomola|Scald|p1a: Registeel
|-damage|p1a: Registeel|43/100 brn
|
|-damage|p1a: Registeel|37/100 brn|[from] brn
|upkeep
|turn|23
|
|t:|1779616897
|move|p1a: Registeel|Shadow Claw|p2a: Alomomola
|-supereffective|p2a: Alomomola
|-crit|p2a: Alomomola
|-damage|p2a: Alomomola|67/100
|move|p2a: Alomomola|Scald|p1a: Registeel
|-damage|p1a: Registeel|27/100 brn
|
|-damage|p1a: Registeel|21/100 brn|[from] brn
|upkeep
|turn|24
|
|t:|1779616908
|move|p1a: Registeel|Rest|p1a: Registeel
|-status|p1a: Registeel|slp|[from] move: Rest
|-heal|p1a: Registeel|100/100 slp|[silent]
|move|p2a: Alomomola|Flip Turn|p1a: Registeel
|-damage|p1a: Registeel|97/100 slp
|
|t:|1779616911
|switch|p2a: Great Tusk|Great Tusk|92/100|[from] Flip Turn
|
|upkeep
|turn|25
|
|t:|1779616914
|move|p2a: Great Tusk|Headlong Rush|p1a: Registeel
|-supereffective|p1a: Registeel
|-damage|p1a: Registeel|75/100 slp
|-unboost|p2a: Great Tusk|def|1
|-unboost|p2a: Great Tusk|spd|1
|cant|p1a: Registeel|slp
|
|upkeep
|turn|26
|
|t:|1779616919
|move|p2a: Great Tusk|Headlong Rush|p1a: Registeel
|-supereffective|p1a: Registeel
|-damage|p1a: Registeel|53/100 slp
|-unboost|p2a: Great Tusk|def|1
|-unboost|p2a: Great Tusk|spd|1
|cant|p1a: Registeel|slp
|
|upkeep
|turn|27
|
|t:|1779616928
|-end|p2a: Great Tusk|Protosynthesis|[silent]
|switch|p2a: Alomomola|Alomomola, F, tera:Ghost|100/100
|-curestatus|p1a: Registeel|slp|[msg]
|move|p1a: Registeel|Body Press|p2a: Alomomola
|-immune|p2a: Alomomola
|
|upkeep
|turn|28
|
|t:|1779616936
|move|p1a: Registeel|Shadow Claw|p2a: Alomomola
|-supereffective|p2a: Alomomola
|-damage|p2a: Alomomola|86/100
|move|p2a: Alomomola|Scald|p1a: Registeel
|-damage|p1a: Registeel|44/100
|-status|p1a: Registeel|brn
|
|-damage|p1a: Registeel|38/100 brn|[from] brn
|upkeep
|turn|29
|
|t:|1779616944
|move|p1a: Registeel|Shadow Claw|p2a: Alomomola
|-supereffective|p2a: Alomomola
|-damage|p2a: Alomomola|79/100
|move|p2a: Alomomola|Scald|p1a: Registeel
|-damage|p1a: Registeel|28/100 brn
|
|-damage|p1a: Registeel|22/100 brn|[from] brn
|upkeep
|turn|30
|
|t:|1779616948
|move|p1a: Registeel|Rest|p1a: Registeel
|-status|p1a: Registeel|slp|[from] move: Rest
|-heal|p1a: Registeel|100/100 slp|[silent]
|move|p2a: Alomomola|Flip Turn|p1a: Registeel
|-damage|p1a: Registeel|97/100 slp
|
|t:|1779616950
|switch|p2a: Great Tusk|Great Tusk|92/100|[from] Flip Turn
|
|upkeep
|turn|31
|
|t:|1779616953
|move|p2a: Great Tusk|Headlong Rush|p1a: Registeel
|-supereffective|p1a: Registeel
|-damage|p1a: Registeel|73/100 slp
|-unboost|p2a: Great Tusk|def|1
|-unboost|p2a: Great Tusk|spd|1
|cant|p1a: Registeel|slp
|
|upkeep
|turn|32
|
|t:|1779616960
|move|p2a: Great Tusk|Headlong Rush|p1a: Registeel
|-supereffective|p1a: Registeel
|-damage|p1a: Registeel|50/100 slp
|-unboost|p2a: Great Tusk|def|1
|-unboost|p2a: Great Tusk|spd|1
|cant|p1a: Registeel|slp
|
|upkeep
|turn|33
|
|t:|1779616967
|-end|p2a: Great Tusk|Protosynthesis|[silent]
|switch|p2a: Alomomola|Alomomola, F, tera:Ghost|100/100
|-curestatus|p1a: Registeel|slp|[msg]
|move|p1a: Registeel|Body Press|p2a: Alomomola
|-immune|p2a: Alomomola
|
|upkeep
|turn|34
|
|t:|1779616973
|move|p1a: Registeel|Shadow Claw|p2a: Alomomola
|-supereffective|p2a: Alomomola
|-damage|p2a: Alomomola|87/100
|move|p2a: Alomomola|Scald|p1a: Registeel
|-damage|p1a: Registeel|40/100
|
|upkeep
|turn|35
|
|t:|1779616984
|move|p1a: Registeel|Shadow Claw|p2a: Alomomola
|-supereffective|p2a: Alomomola
|-damage|p2a: Alomomola|72/100
|move|p2a: Alomomola|Scald|p1a: Registeel
|-damage|p1a: Registeel|30/100
|
|upkeep
|turn|36
|
|t:|1779616997
|move|p1a: Registeel|Rest|p1a: Registeel
|-status|p1a: Registeel|slp|[from] move: Rest
|-heal|p1a: Registeel|100/100 slp|[silent]
|move|p2a: Alomomola|Scald|p1a: Registeel
|-damage|p1a: Registeel|90/100 slp
|
|upkeep
|turn|37
|
|t:|1779617001
|cant|p1a: Registeel|slp
|move|p2a: Alomomola|Scald|p1a: Registeel
|-damage|p1a: Registeel|80/100 slp
|
|upkeep
|turn|38
|
|t:|1779617006
|cant|p1a: Registeel|slp
|move|p2a: Alomomola|Wish|p2a: Alomomola
|
|upkeep
|turn|39
|
|t:|1779617010
|-curestatus|p1a: Registeel|slp|[msg]
|move|p1a: Registeel|Shadow Claw|p2a: Alomomola
|-supereffective|p2a: Alomomola
|-damage|p2a: Alomomola|57/100
|move|p2a: Alomomola|Scald|p1a: Registeel
|-damage|p1a: Registeel|70/100
|
|-heal|p2a: Alomomola|100/100|[from] move: Wish|[wisher] Alomomola
|upkeep
|turn|40
|
|t:|1779617020
|move|p1a: Registeel|Shadow Claw|p2a: Alomomola
|-supereffective|p2a: Alomomola
|-damage|p2a: Alomomola|86/100
|move|p2a: Alomomola|Scald|p1a: Registeel
|-damage|p1a: Registeel|61/100
|-status|p1a: Registeel|brn
|
|-damage|p1a: Registeel|55/100 brn|[from] brn
|upkeep
|turn|41
|
|t:|1779617043
|move|p1a: Registeel|Shadow Claw|p2a: Alomomola
|-supereffective|p2a: Alomomola
|-damage|p2a: Alomomola|79/100
|move|p2a: Alomomola|Scald|p1a: Registeel
|-damage|p1a: Registeel|46/100 brn
|
|-damage|p1a: Registeel|40/100 brn|[from] brn
|upkeep
|turn|42
|
|t:|1779617060
|move|p1a: Registeel|Shadow Claw|p2a: Alomomola
|-supereffective|p2a: Alomomola
|-damage|p2a: Alomomola|72/100
|move|p2a: Alomomola|Flip Turn|p1a: Registeel
|-damage|p1a: Registeel|37/100 brn
|
|t:|1779617067
|switch|p2a: Great Tusk|Great Tusk|92/100|[from] Flip Turn
|
|-damage|p1a: Registeel|31/100 brn|[from] brn
|upkeep
|turn|43
|
|t:|1779617070
|move|p2a: Great Tusk|Headlong Rush|p1a: Registeel
|-supereffective|p1a: Registeel
|-damage|p1a: Registeel|7/100 brn
|-unboost|p2a: Great Tusk|def|1
|-unboost|p2a: Great Tusk|spd|1
|move|p1a: Registeel|Body Press|p2a: Great Tusk
|-damage|p2a: Great Tusk|27/100
|
|-damage|p1a: Registeel|1/100 brn|[from] brn
|upkeep
|turn|44
|
|t:|1779617085
|move|p2a: Great Tusk|Rapid Spin|p1a: Registeel
|-resisted|p1a: Registeel
|-damage|p1a: Registeel|0 fnt
|-boost|p2a: Great Tusk|spe|1
|faint|p1a: Registeel
|
|upkeep
|
|t:|1779617089
|switch|p1a: Hatterene|Hatterene, F|100/100
|-damage|p1a: Hatterene|88/100|[from] Stealth Rock
|turn|45
|
|t:|1779617095
|-end|p2a: Great Tusk|Protosynthesis|[silent]
|switch|p2a: Slowking|Slowking-Galar, M|70/100
|move|p1a: Hatterene|Draining Kiss|p2a: Slowking
|-resisted|p2a: Slowking
|-damage|p2a: Slowking|63/100
|-heal|p1a: Hatterene|95/100|[from] drain|[of] p2a: Slowking
|
|-heal|p1a: Hatterene|100/100|[from] item: Leftovers
|upkeep
|turn|46
|
|t:|1779617104
|move|p1a: Hatterene|Calm Mind|p1a: Hatterene
|-boost|p1a: Hatterene|spa|1
|-boost|p1a: Hatterene|spd|1
|-prepare|p2a: Slowking|Chilly Reception|[premajor]
|move|p2a: Slowking|Chilly Reception|p2a: Slowking
|-weather|Snowscape
|
|t:|1779617110
|switch|p2a: Lokix|Lokix, F|100/100|[from] Chilly Reception
|
|-weather|Snowscape|[upkeep]
|upkeep
|turn|47
|
|t:|1779617117
|move|p2a: Lokix|U-turn|p1a: Hatterene
|-damage|p1a: Hatterene|50/100
|
|t:|1779617120
|switch|p2a: Slowking|Slowking-Galar, M|97/100|[from] U-turn
|move|p1a: Hatterene|Draining Kiss|p2a: Slowking
|-resisted|p2a: Slowking
|-damage|p2a: Slowking|87/100
|-heal|p1a: Hatterene|61/100|[from] drain|[of] p2a: Slowking
|
|-weather|Snowscape|[upkeep]
|-heal|p1a: Hatterene|67/100|[from] item: Leftovers
|upkeep
|turn|48
|
|t:|1779617130
|move|p1a: Hatterene|Calm Mind|p1a: Hatterene
|-boost|p1a: Hatterene|spa|1
|-boost|p1a: Hatterene|spd|1
|move|p2a: Slowking|Sludge Bomb|p1a: Hatterene
|-supereffective|p1a: Hatterene
|-crit|p1a: Hatterene
|-damage|p1a: Hatterene|0 fnt
|faint|p1a: Hatterene
|
|-weather|Snowscape|[upkeep]
|upkeep
|
|t:|1779617136
|switch|p1a: Hoopa|Hoopa-Unbound|88/100
|-damage|p1a: Hoopa|76/100|[from] Stealth Rock
|turn|49
|
|t:|1779617144
|move|p1a: Hoopa|Dark Pulse|p2a: Slowking
|-supereffective|p2a: Slowking
|-damage|p2a: Slowking|0 fnt
|faint|p2a: Slowking
|
|-weather|Snowscape|[upkeep]
|upkeep
|
|t:|1779617148
|switch|p2a: Lokix|Lokix, F|100/100
|turn|50
|-message|ekekdkdmdmwksl forfeited.
|
|win|lokixftw
|raw|ekekdkdmdmwksl's rating: 1221 &rarr; <strong>1195</strong><br />(-26 for losing)
|raw|lokixftw's rating: 1210 &rarr; <strong>1236</strong><br />(+26 for winning)
|l|‽ekekdkdmdmwksl
|player|p1|
