|j|☆battle club
|j|☆betterteams123
|t:|1779606713
|gametype|singles
|player|p1|battle club|valerie|1376
|player|p2|betterteams123|lucas|1373
|gen|9
|tier|[Gen 9] OU
|rated|
|rule|HP Percentage Mod: HP is shown in percentages
|rule|Endless Battle Clause: Forcing endless battles is banned
|rule|Species Clause: Limit one of each Pokémon
|rule|OHKO Clause: OHKO moves are banned
|rule|Evasion Items Clause: Evasion items are banned
|rule|Evasion Moves Clause: Evasion moves are banned
|rule|Evasion Abilities Clause: Evasion abilities are banned
|rule|Sleep Moves Clause: Sleep-inducing moves are banned
|clearpoke
|poke|p1|Glimmora, M|
|poke|p1|Ogerpon-Wellspring, F|
|poke|p1|Meowscarada, F|
|poke|p1|Ting-Lu|
|poke|p1|Skeledirge, M|
|poke|p1|Kingambit, M|
|poke|p2|Dragapult, F|
|poke|p2|Corviknight, M|
|poke|p2|Blissey, F|
|poke|p2|Alomomola, M|
|poke|p2|Gliscor, M|
|poke|p2|Orthworm, F|
|teampreview
|inactive|Battle timer is ON: inactive players will automatically lose when time's up. (requested by battle club)
|
|t:|1779606742
|teamsize|p1|6
|teamsize|p2|6
|start
|switch|p1a: Meowscarada|Meowscarada, F|100/100
|switch|p2a: Dragapult|Dragapult, F|100/100
|turn|1
|
|t:|1779606757
|switch|p2a: Alomomola|Alomomola, M|100/100
|move|p1a: Meowscarada|Knock Off|p2a: Alomomola
|-start|p1a: Meowscarada|typechange|Dark|[from] ability: Protean
|-damage|p2a: Alomomola|78/100
|-enditem|p2a: Alomomola|Heavy-Duty Boots|[from] move: Knock Off|[of] p1a: Meowscarada
|
|upkeep
|turn|2
|
|t:|1779606767
|switch|p1a: Glimmora|Glimmora, M|100/100
|switch|p2a: Dragapult|Dragapult, F|100/100
|
|upkeep
|turn|3
|
|t:|1779606774
|-terastallize|p2a: Dragapult|Dragon
|move|p2a: Dragapult|Draco Meteor|p1a: Glimmora
|-crit|p1a: Glimmora
|-enditem|p1a: Glimmora|Focus Sash
|-damage|p1a: Glimmora|1/100
|-unboost|p2a: Dragapult|spa|2
|move|p1a: Glimmora|Stealth Rock|p2a: Dragapult
|-sidestart|p2: betterteams123|move: Stealth Rock
|
|upkeep
|turn|4
|
|t:|1779606779
|move|p2a: Dragapult|Draco Meteor|p1a: Glimmora
|-damage|p1a: Glimmora|0 fnt
|-unboost|p2a: Dragapult|spa|2
|faint|p1a: Glimmora
|
|upkeep
|
|t:|1779606783
|switch|p1a: Ting-Lu|Ting-Lu|100/100
|-ability|p1a: Ting-Lu|Vessel of Ruin
|turn|5
|
|t:|1779606788
|switch|p2a: Corviknight|Corviknight, M|100/100
|-damage|p2a: Corviknight|88/100|[from] Stealth Rock
|-ability|p2a: Corviknight|Pressure
|move|p1a: Ting-Lu|Ruination|p2a: Corviknight
|-damage|p2a: Corviknight|44/100
|
|-heal|p2a: Corviknight|50/100|[from] item: Leftovers
|upkeep
|turn|6
|
|t:|1779606793
|switch|p1a: Skeledirge|Skeledirge, M|100/100
|move|p2a: Corviknight|Defog|p1a: Skeledirge
|-unboost|p1a: Skeledirge|evasion|1
|-sideend|p2: betterteams123|Stealth Rock|[from] move: Defog|[of] p2a: Corviknight
|
|-heal|p2a: Corviknight|56/100|[from] item: Leftovers
|upkeep
|turn|7
|
|t:|1779606799
|switch|p2a: Blissey|Blissey, F|100/100
|move|p1a: Skeledirge|Will-O-Wisp|p2a: Blissey
|-status|p2a: Blissey|brn
|
|-damage|p2a: Blissey|94/100 brn|[from] brn
|upkeep
|turn|8
|
|t:|1779606805
|switch|p1a: Ogerpon|Ogerpon-Wellspring, F|100/100
|-curestatus|p2a: Blissey|brn|[from] ability: Natural Cure|[silent]
|switch|p2a: Gliscor|Gliscor, M|100/100
|
|-status|p2a: Gliscor|tox|[from] item: Toxic Orb
|upkeep
|turn|9
|
|t:|1779606809
|move|p1a: Ogerpon|Swords Dance|p1a: Ogerpon
|-boost|p1a: Ogerpon|atk|2
|move|p2a: Gliscor|Toxic|p1a: Ogerpon
|-status|p1a: Ogerpon|tox
|
|-damage|p1a: Ogerpon|95/100 tox|[from] psn
|upkeep
|turn|10
|
|t:|1779606829
|switch|p2a: Orthworm|Orthworm, F|100/100
|move|p1a: Ogerpon|Swords Dance|p1a: Ogerpon
|-boost|p1a: Ogerpon|atk|2
|
|-damage|p1a: Ogerpon|83/100 tox|[from] psn
|upkeep
|turn|11
|
|t:|1779606834
|move|p1a: Ogerpon|Ivy Cudgel|p2a: Orthworm|[anim] Ivy Cudgel Water
|-damage|p2a: Orthworm|0 fnt
|faint|p2a: Orthworm
|
|-damage|p1a: Ogerpon|65/100 tox|[from] psn
|upkeep
|
|t:|1779606837
|switch|p2a: Dragapult|Dragapult, F, tera:Dragon|100/100
|turn|12
|
|t:|1779606842
|move|p2a: Dragapult|Draco Meteor|p1a: Ogerpon
|-damage|p1a: Ogerpon|0 fnt
|-unboost|p2a: Dragapult|spa|2
|faint|p1a: Ogerpon
|
|upkeep
|
|t:|1779606849
|switch|p1a: Ting-Lu|Ting-Lu|100/100
|-ability|p1a: Ting-Lu|Vessel of Ruin
|turn|13
|c|☆betterteams123|the worm is nothing but an excellent sack this time lol
|
|t:|1779606863
|switch|p2a: Gliscor|Gliscor, M|100/100 tox
|move|p1a: Ting-Lu|Whirlwind|p2a: Gliscor
|drag|p2a: Corviknight|Corviknight, M|56/100
|-ability|p2a: Corviknight|Pressure
|
|-heal|p2a: Corviknight|62/100|[from] item: Leftovers
|upkeep
|turn|14
|
|t:|1779606870
|switch|p2a: Gliscor|Gliscor, M|100/100 tox
|move|p1a: Ting-Lu|Ruination|p2a: Gliscor
|-damage|p2a: Gliscor|50/100 tox
|
|-heal|p2a: Gliscor|63/100 tox|[from] ability: Poison Heal
|upkeep
|turn|15
|
|t:|1779606877
|move|p2a: Gliscor|Spikes|p1a: Ting-Lu
|-sidestart|p1: battle club|Spikes
|move|p1a: Ting-Lu|Whirlwind|p2a: Gliscor
|drag|p2a: Blissey|Blissey, F|94/100
|
|upkeep
|turn|16
|
|t:|1779606881
|switch|p2a: Gliscor|Gliscor, M|63/100 tox
|move|p1a: Ting-Lu|Ruination|p2a: Gliscor|[miss]
|-miss|p1a: Ting-Lu|p2a: Gliscor
|
|-heal|p2a: Gliscor|75/100 tox|[from] ability: Poison Heal
|upkeep
|turn|17
|
|t:|1779606883
|move|p2a: Gliscor|Toxic|p1a: Ting-Lu|[miss]
|-miss|p2a: Gliscor|p1a: Ting-Lu
|move|p1a: Ting-Lu|Spikes|p2a: Gliscor
|-sidestart|p2: betterteams123|Spikes
|
|-heal|p2a: Gliscor|88/100 tox|[from] ability: Poison Heal
|upkeep
|turn|18
|
|t:|1779606886
|move|p2a: Gliscor|Toxic|p1a: Ting-Lu|[miss]
|-miss|p2a: Gliscor|p1a: Ting-Lu
|move|p1a: Ting-Lu|Spikes|p2a: Gliscor
|-sidestart|p2: betterteams123|Spikes
|
|-heal|p2a: Gliscor|100/100 tox|[from] ability: Poison Heal
|upkeep
|turn|19
|
|t:|1779606888
|move|p2a: Gliscor|Toxic|p1a: Ting-Lu
|-status|p1a: Ting-Lu|tox
|move|p1a: Ting-Lu|Spikes|p2a: Gliscor
|-sidestart|p2: betterteams123|Spikes
|
|-damage|p1a: Ting-Lu|94/100 tox|[from] psn
|upkeep
|turn|20
|
|t:|1779606890
|move|p2a: Gliscor|Spikes|p1a: Ting-Lu
|-sidestart|p1: battle club|Spikes
|move|p1a: Ting-Lu|Ruination|p2a: Gliscor
|-damage|p2a: Gliscor|50/100 tox
|
|-heal|p2a: Gliscor|63/100 tox|[from] ability: Poison Heal
|-damage|p1a: Ting-Lu|82/100 tox|[from] psn
|upkeep
|turn|21
|
|t:|1779606894
|move|p2a: Gliscor|Protect|p2a: Gliscor
|-singleturn|p2a: Gliscor|Protect
|move|p1a: Ting-Lu|Whirlwind|p2a: Gliscor
|drag|p2a: Corviknight|Corviknight, M|62/100
|-ability|p2a: Corviknight|Pressure
|
|-heal|p2a: Corviknight|68/100|[from] item: Leftovers
|-damage|p1a: Ting-Lu|63/100 tox|[from] psn
|upkeep
|turn|22
|
|t:|1779606897
|switch|p2a: Gliscor|Gliscor, M|63/100 tox
|move|p1a: Ting-Lu|Whirlwind|p2a: Gliscor
|drag|p2a: Corviknight|Corviknight, M|68/100
|-ability|p2a: Corviknight|Pressure
|
|-heal|p2a: Corviknight|74/100|[from] item: Leftovers
|-damage|p1a: Ting-Lu|38/100 tox|[from] psn
|upkeep
|turn|23
|
|t:|1779606900
|switch|p2a: Gliscor|Gliscor, M|63/100 tox
|move|p1a: Ting-Lu|Whirlwind|p2a: Gliscor
|drag|p2a: Blissey|Blissey, F|94/100
|
|-damage|p1a: Ting-Lu|7/100 tox|[from] psn
|upkeep
|turn|24
|
|t:|1779606904
|switch|p2a: Gliscor|Gliscor, M|63/100 tox
|move|p1a: Ting-Lu|Ruination|p2a: Gliscor
|-damage|p2a: Gliscor|32/100 tox
|
|-heal|p2a: Gliscor|44/100 tox|[from] ability: Poison Heal
|-damage|p1a: Ting-Lu|0 fnt|[from] psn
|faint|p1a: Ting-Lu
|upkeep
|
|t:|1779606907
|switch|p1a: Meowscarada|Meowscarada, F|100/100
|-damage|p1a: Meowscarada|84/100|[from] Spikes
|turn|25
|
|t:|1779606911
|move|p2a: Gliscor|Protect|p2a: Gliscor
|-singleturn|p2a: Gliscor|Protect
|move|p1a: Meowscarada|Flower Trick|p2a: Gliscor
|-start|p1a: Meowscarada|typechange|Grass|[from] ability: Protean
|-activate|p2a: Gliscor|move: Protect
|
|-heal|p2a: Gliscor|57/100 tox|[from] ability: Poison Heal
|upkeep
|turn|26
|
|t:|1779606915
|switch|p2a: Corviknight|Corviknight, M|74/100
|-ability|p2a: Corviknight|Pressure
|move|p1a: Meowscarada|Flower Trick|p2a: Corviknight
|-resisted|p2a: Corviknight
|-crit|p2a: Corviknight
|-damage|p2a: Corviknight|67/100
|
|-heal|p2a: Corviknight|73/100|[from] item: Leftovers
|upkeep
|turn|27
|
|t:|1779606921
|switch|p1a: Skeledirge|Skeledirge, M|100/100
|-damage|p1a: Skeledirge|84/100|[from] Spikes
|move|p2a: Corviknight|Roost|p2a: Corviknight
|-heal|p2a: Corviknight|100/100
|-singleturn|p2a: Corviknight|move: Roost
|
|-heal|p1a: Skeledirge|90/100|[from] item: Leftovers
|upkeep
|turn|28
|
|t:|1779606925
|switch|p2a: Blissey|Blissey, F|94/100
|move|p1a: Skeledirge|Hex|p2a: Blissey
|-immune|p2a: Blissey
|
|-heal|p1a: Skeledirge|96/100|[from] item: Leftovers
|upkeep
|turn|29
|
|t:|1779606928
|move|p1a: Skeledirge|Will-O-Wisp|p2a: Blissey
|-status|p2a: Blissey|brn
|move|p2a: Blissey|Shadow Ball|p1a: Skeledirge
|-supereffective|p1a: Skeledirge
|-damage|p1a: Skeledirge|74/100
|-unboost|p1a: Skeledirge|spd|1
|
|-heal|p1a: Skeledirge|80/100|[from] item: Leftovers
|-damage|p2a: Blissey|88/100 brn|[from] brn
|upkeep
|turn|30
|
|t:|1779606931
|move|p1a: Skeledirge|Slack Off|p1a: Skeledirge
|-heal|p1a: Skeledirge|100/100
|move|p2a: Blissey|Shadow Ball|p1a: Skeledirge
|-supereffective|p1a: Skeledirge
|-damage|p1a: Skeledirge|68/100
|-unboost|p1a: Skeledirge|spd|1
|
|-heal|p1a: Skeledirge|74/100|[from] item: Leftovers
|-damage|p2a: Blissey|82/100 brn|[from] brn
|upkeep
|turn|31
|
|t:|1779606934
|switch|p1a: Meowscarada|Meowscarada, F|84/100
|-damage|p1a: Meowscarada|67/100|[from] Spikes
|move|p2a: Blissey|Shadow Ball|p1a: Meowscarada
|-resisted|p1a: Meowscarada
|-damage|p1a: Meowscarada|56/100
|
|-damage|p2a: Blissey|76/100 brn|[from] brn
|upkeep
|turn|32
|
|t:|1779606944
|-curestatus|p2a: Blissey|brn|[from] ability: Natural Cure|[silent]
|switch|p2a: Alomomola|Alomomola, M|100/100
|-damage|p2a: Alomomola|76/100|[from] Spikes
|move|p1a: Meowscarada|Knock Off|p2a: Alomomola
|-start|p1a: Meowscarada|typechange|Dark|[from] ability: Protean
|-damage|p2a: Alomomola|60/100
|
|upkeep
|turn|33
|
|t:|1779606951
|switch|p2a: Gliscor|Gliscor, M|57/100 tox
|move|p1a: Meowscarada|Knock Off|p2a: Gliscor
|-damage|p2a: Gliscor|22/100 tox
|-enditem|p2a: Gliscor|Toxic Orb|[from] move: Knock Off|[of] p1a: Meowscarada
|
|-heal|p2a: Gliscor|34/100 tox|[from] ability: Poison Heal
|upkeep
|turn|34
|
|t:|1779606958
|switch|p1a: Skeledirge|Skeledirge, M|74/100
|-damage|p1a: Skeledirge|57/100|[from] Spikes
|move|p2a: Gliscor|Toxic|p1a: Skeledirge
|-status|p1a: Skeledirge|tox
|
|-heal|p1a: Skeledirge|64/100 tox|[from] item: Leftovers
|-heal|p2a: Gliscor|47/100 tox|[from] ability: Poison Heal
|-damage|p1a: Skeledirge|57/100 tox|[from] psn
|upkeep
|turn|35
|-message|battle club forfeited.
|
|win|betterteams123
|raw|battle club's rating: 1376 &rarr; <strong>1356</strong><br />(-20 for losing)
|raw|betterteams123's rating: 1373 &rarr; <strong>1393</strong><br />(+20 for winning)
|l|☆battle club
|player|p1|
|l|☆betterteams123
|player|p2|
