|j|☆wonderwand
|j|☆RadGiraffe
|t:|1779629066
|gametype|singles
|player|p1|wonderwand|265|1376
|player|p2|RadGiraffe|acetrainerf-gen4dp|1308
|gen|9
|tier|[Gen 9] OU
|rated|
|rule|HP Percentage Mod: HP is shown in percentages
|rule|Endless Battle Clause: Forcing endless battles is banned
|rule|Species Clause: Limit one of each Pokémon
|rule|OHKO Clause: OHKO moves are banned
|rule|Evasion Items Clause: Evasion items are banned
|rule|Evasion Moves Clause: Evasion moves are banned
|rule|Evasion Abilities Clause: Evasion abilities are banned
|rule|Sleep Moves Clause: Sleep-inducing moves are banned
|clearpoke
|poke|p1|Cresselia, F|
|poke|p1|Primeape, M|
|poke|p1|Rabsca, F|
|poke|p1|Pawmot, F|
|poke|p1|Donphan, M|
|poke|p1|Greninja-*, M|
|poke|p2|Pelipper, F|
|poke|p2|Hatterene, F|
|poke|p2|Iron Treads|
|poke|p2|Toxicroak, F|
|poke|p2|Barraskewda, F|
|poke|p2|Zapdos|
|teampreview
|inactive|Battle timer is ON: inactive players will automatically lose when time's up. (requested by RadGiraffe)
|inactive|RadGiraffe has 120 seconds left.
|
|t:|1779629100
|teamsize|p1|6
|teamsize|p2|6
|start
|switch|p1a: Greninja|Greninja, M|100/100
|switch|p2a: Pelipper|Pelipper, F|100/100
|-weather|RainDance|[from] ability: Drizzle|[of] p2a: Pelipper
|turn|1
|
|t:|1779629110
|switch|p2a: Hatterene|Hatterene, F|100/100
|move|p1a: Greninja|Surf|p2a: Hatterene
|-start|p1a: Greninja|typechange|Water|[from] ability: Protean
|-damage|p2a: Hatterene|3/100
|-enditem|p2a: Hatterene|Eject Button
|inactive|RadGiraffe has 120 seconds left.
|
|t:|1779629143
|switch|p2a: Zapdos|Zapdos|100/100
|
|-weather|RainDance|[upkeep]
|upkeep
|turn|2
|
|t:|1779629150
|move|p1a: Greninja|Surf|p2a: Zapdos
|-damage|p2a: Zapdos|1/100
|move|p2a: Zapdos|Hurricane|p1a: Greninja
|-damage|p1a: Greninja|0 fnt
|faint|p1a: Greninja
|
|-weather|RainDance|[upkeep]
|upkeep
|
|t:|1779629156
|switch|p1a: Donphan|Donphan, M|100/100
|turn|3
|
|t:|1779629167
|switch|p2a: Toxicroak|Toxicroak, F|100/100
|move|p1a: Donphan|Ice Shard|p2a: Toxicroak
|-damage|p2a: Toxicroak|86/100
|
|-weather|RainDance|[upkeep]
|-heal|p2a: Toxicroak|99/100|[from] ability: Dry Skin
|upkeep
|turn|4
|
|t:|1779629175
|move|p2a: Toxicroak|Knock Off|p1a: Donphan
|-damage|p1a: Donphan|83/100
|-enditem|p1a: Donphan|Heavy-Duty Boots|[from] move: Knock Off|[of] p2a: Toxicroak
|move|p1a: Donphan|Stealth Rock|p2a: Toxicroak
|-sidestart|p2: RadGiraffe|move: Stealth Rock
|
|-weather|RainDance|[upkeep]
|-heal|p2a: Toxicroak|100/100|[from] ability: Dry Skin
|upkeep
|turn|5
|
|t:|1779629181
|move|p2a: Toxicroak|Toxic|p1a: Donphan
|-status|p1a: Donphan|tox
|move|p1a: Donphan|Roar|p2a: Toxicroak
|drag|p2a: Zapdos|Zapdos|1/100
|-damage|p2a: Zapdos|0 fnt|[from] Stealth Rock
|faint|p2a: Zapdos
|
|-weather|RainDance|[upkeep]
|-damage|p1a: Donphan|76/100 tox|[from] psn
|upkeep
|
|t:|1779629189
|switch|p2a: Iron Treads|Iron Treads|100/100
|-damage|p2a: Iron Treads|98/100|[from] Stealth Rock
|turn|6
|
|t:|1779629195
|switch|p1a: Primeape|Primeape, M|100/100
|move|p2a: Iron Treads|Rapid Spin|p1a: Primeape
|-damage|p1a: Primeape|89/100
|-boost|p2a: Iron Treads|spe|1
|-sideend|p2: RadGiraffe|Stealth Rock|[from] move: Rapid Spin|[of] p2a: Iron Treads
|
|-weather|RainDance|[upkeep]
|-heal|p2a: Iron Treads|100/100|[from] item: Leftovers
|upkeep
|turn|7
|
|t:|1779629218
|move|p2a: Iron Treads|Volt Switch|p1a: Primeape
|-damage|p1a: Primeape|79/100
|
|t:|1779629221
|-end|p2a: Iron Treads|Quark Drive|[silent]
|switch|p2a: Hatterene|Hatterene, F|3/100|[from] Volt Switch
|move|p1a: Primeape|Rage Fist|p2a: Hatterene
|-supereffective|p2a: Hatterene
|-damage|p2a: Hatterene|0 fnt
|faint|p2a: Hatterene
|
|-weather|RainDance|[upkeep]
|upkeep
|
|t:|1779629223
|switch|p2a: Barraskewda|Barraskewda, F|100/100
|turn|8
|
|t:|1779629226
|-terastallize|p2a: Barraskewda|Water
|move|p2a: Barraskewda|Liquidation|p1a: Primeape
|-crit|p1a: Primeape
|-damage|p1a: Primeape|0 fnt
|faint|p1a: Primeape
|
|-weather|none
|upkeep
|
|t:|1779629248
|switch|p1a: Rabsca|Rabsca, F|100/100
|turn|9
|
|t:|1779629252
|move|p2a: Barraskewda|Liquidation|p1a: Rabsca
|-damage|p1a: Rabsca|2/100
|move|p1a: Rabsca|Trick Room|p1a: Rabsca
|-fieldstart|move: Trick Room|[of] p1a: Rabsca
|
|upkeep
|turn|10
|
|t:|1779629259
|switch|p2a: Pelipper|Pelipper, F|100/100
|-weather|RainDance|[from] ability: Drizzle|[of] p2a: Pelipper
|move|p1a: Rabsca|Revival Blessing|p1a: Rabsca
|-enditem|p1a: Rabsca|Leppa Berry|[eat]
|-activate|p1a: Rabsca|item: Leppa Berry|Revival Blessing|[consumed]
|
|t:|1779629261
|-heal|p1: Primeape|50/100|[from] move: Revival Blessing
|
|-weather|RainDance|[upkeep]
|upkeep
|turn|11
|
|t:|1779629267
|move|p1a: Rabsca|Psychic|p2a: Pelipper
|-damage|p2a: Pelipper|64/100
|move|p2a: Pelipper|U-turn|p1a: Rabsca
|-supereffective|p1a: Rabsca
|-damage|p1a: Rabsca|0 fnt
|faint|p1a: Rabsca
|
|t:|1779629271
|switch|p2a: Barraskewda|Barraskewda, F, tera:Water|100/100|[from] U-turn
|
|-weather|RainDance|[upkeep]
|upkeep
|
|t:|1779629273
|switch|p1a: Primeape|Primeape, M|50/100
|turn|12
|
|t:|1779629279
|move|p2a: Barraskewda|Aqua Jet|p1a: Primeape
|-damage|p1a: Primeape|0 fnt
|faint|p1a: Primeape
|
|-weather|RainDance|[upkeep]
|upkeep
|
|t:|1779629284
|switch|p1a: Pawmot|Pawmot, F|100/100
|turn|13
|
|t:|1779629287
|switch|p2a: Iron Treads|Iron Treads|100/100
|move|p1a: Pawmot|Revival Blessing|p1a: Pawmot
|-enditem|p1a: Pawmot|Leppa Berry|[eat]
|-activate|p1a: Pawmot|item: Leppa Berry|Revival Blessing|[consumed]
|
|t:|1779629291
|-heal|p1: Primeape|50/100|[from] move: Revival Blessing
|
|-weather|RainDance|[upkeep]
|-fieldend|move: Trick Room
|upkeep
|turn|14
|
|t:|1779629300
|move|p1a: Pawmot|Revival Blessing|p1a: Pawmot
|
|t:|1779629301
|-heal|p1: Greninja|50/100|[from] move: Revival Blessing
|move|p2a: Iron Treads|Earthquake|p1a: Pawmot
|-supereffective|p1a: Pawmot
|-damage|p1a: Pawmot|9/100
|
|-weather|RainDance|[upkeep]
|upkeep
|turn|15
|
|t:|1779629308
|move|p1a: Pawmot|Knock Off|p2a: Iron Treads
|-damage|p2a: Iron Treads|82/100
|-enditem|p2a: Iron Treads|Leftovers|[from] move: Knock Off|[of] p1a: Pawmot
|move|p2a: Iron Treads|Stealth Rock|p1a: Pawmot
|-sidestart|p1: wonderwand|move: Stealth Rock
|
|-weather|RainDance|[upkeep]
|upkeep
|turn|16
|
|t:|1779629314
|move|p1a: Pawmot|Encore|p2a: Iron Treads
|-start|p2a: Iron Treads|Encore
|move|p2a: Iron Treads|Stealth Rock||[still]
|-fail|p2a: Iron Treads
|
|-weather|RainDance|[upkeep]
|upkeep
|turn|17
|
|t:|1779629323
|-end|p2a: Iron Treads|Quark Drive|[silent]
|switch|p2a: Toxicroak|Toxicroak, F|100/100
|move|p1a: Pawmot|Nuzzle|p2a: Toxicroak
|-damage|p2a: Toxicroak|94/100
|-status|p2a: Toxicroak|par
|-damage|p1a: Pawmot|0 fnt|[from] item: Rocky Helmet|[of] p2a: Toxicroak
|faint|p1a: Pawmot
|
|-weather|none
|upkeep
|
|t:|1779629327
|switch|p1a: Donphan|Donphan, M|76/100 tox
|-damage|p1a: Donphan|70/100 tox|[from] Stealth Rock
|turn|18
|
|t:|1779629335
|move|p1a: Donphan|Rapid Spin|p2a: Toxicroak
|-damage|p2a: Toxicroak|77/100 par
|-boost|p1a: Donphan|spe|1
|-damage|p1a: Donphan|53/100 tox|[from] item: Rocky Helmet|[of] p2a: Toxicroak
|-sideend|p1: wonderwand|Stealth Rock|[from] move: Rapid Spin|[of] p1a: Donphan
|cant|p2a: Toxicroak|par
|
|-damage|p1a: Donphan|47/100 tox|[from] psn
|upkeep
|turn|19
|
|t:|1779629342
|move|p1a: Donphan|Stealth Rock|p2a: Toxicroak
|-sidestart|p2: RadGiraffe|move: Stealth Rock
|move|p2a: Toxicroak|Knock Off|p1a: Donphan
|-damage|p1a: Donphan|36/100 tox
|
|-damage|p1a: Donphan|23/100 tox|[from] psn
|upkeep
|turn|20
|
|t:|1779629346
|cant|p2a: Toxicroak|par
|move|p1a: Donphan|Roar|p2a: Toxicroak
|drag|p2a: Barraskewda|Barraskewda, F, tera:Water|100/100
|-damage|p2a: Barraskewda|88/100|[from] Stealth Rock
|
|-damage|p1a: Donphan|4/100 tox|[from] psn
|upkeep
|turn|21
|
|t:|1779629351
|move|p2a: Barraskewda|Aqua Jet|p1a: Donphan
|-supereffective|p1a: Donphan
|-damage|p1a: Donphan|0 fnt
|faint|p1a: Donphan
|
|upkeep
|
|t:|1779629357
|switch|p1a: Cresselia|Cresselia, F|100/100
|turn|22
|
|t:|1779629361
|switch|p2a: Iron Treads|Iron Treads|82/100
|-damage|p2a: Iron Treads|79/100|[from] Stealth Rock
|move|p1a: Cresselia|Trick Room|p1a: Cresselia
|-fieldstart|move: Trick Room|[of] p1a: Cresselia
|
|upkeep
|turn|23
|
|t:|1779629367
|move|p1a: Cresselia|Reflect|p1a: Cresselia
|-sidestart|p1: wonderwand|Reflect
|move|p2a: Iron Treads|Rapid Spin|p1a: Cresselia
|-damage|p1a: Cresselia|96/100
|-boost|p2a: Iron Treads|spe|1
|-sideend|p2: RadGiraffe|Stealth Rock|[from] move: Rapid Spin|[of] p2a: Iron Treads
|-enditem|p1a: Cresselia|Red Card|[of] p2a: Iron Treads
|-end|p2a: Iron Treads|Quark Drive|[silent]
|drag|p2a: Barraskewda|Barraskewda, F, tera:Water|88/100
|
|upkeep
|turn|24
|
|t:|1779629372
|move|p1a: Cresselia|Lunar Dance|p1a: Cresselia
|faint|p1a: Cresselia
|move|p2a: Barraskewda|Flip Turn|p1: Cresselia|[notarget]
|-fail|p2a: Barraskewda
|
|upkeep
|
|t:|1779629378
|switch|p1a: Primeape|Primeape, M|50/100
|-heal|p1a: Primeape|100/100|[from] move: Lunar Dance
|turn|25
|
|t:|1779629388
|switch|p2a: Pelipper|Pelipper, F|64/100
|-weather|RainDance|[from] ability: Drizzle|[of] p2a: Pelipper
|move|p1a: Primeape|Rage Fist|p2a: Pelipper
|-damage|p2a: Pelipper|0 fnt
|faint|p2a: Pelipper
|
|-weather|RainDance|[upkeep]
|upkeep
|
|t:|1779629397
|switch|p2a: Toxicroak|Toxicroak, F|77/100 par
|turn|26
|
|t:|1779629402
|move|p2a: Toxicroak|Toxic|p1a: Primeape
|-status|p1a: Primeape|tox
|move|p1a: Primeape|Rage Fist|p2a: Toxicroak
|-damage|p2a: Toxicroak|0 fnt
|-damage|p1a: Primeape|84/100 tox|[from] item: Rocky Helmet|[of] p2a: Toxicroak
|faint|p2a: Toxicroak
|
|-weather|RainDance|[upkeep]
|-damage|p1a: Primeape|78/100 tox|[from] psn
|-fieldend|move: Trick Room
|upkeep
|
|t:|1779629410
|switch|p2a: Iron Treads|Iron Treads|79/100
|turn|27
|
|t:|1779629418
|move|p2a: Iron Treads|Earthquake|p1a: Primeape
|-damage|p1a: Primeape|60/100 tox
|move|p1a: Primeape|Drain Punch|p2a: Iron Treads
|-supereffective|p2a: Iron Treads
|-damage|p2a: Iron Treads|27/100
|-heal|p1a: Primeape|90/100 tox|[from] drain|[of] p2a: Iron Treads
|
|-weather|RainDance|[upkeep]
|-damage|p1a: Primeape|78/100 tox|[from] psn
|-sideend|p1: wonderwand|Reflect
|upkeep
|turn|28
|
|t:|1779629423
|move|p2a: Iron Treads|Earthquake|p1a: Primeape
|-damage|p1a: Primeape|43/100 tox
|move|p1a: Primeape|Drain Punch|p2a: Iron Treads
|-supereffective|p2a: Iron Treads
|-damage|p2a: Iron Treads|0 fnt
|-heal|p1a: Primeape|58/100 tox|[from] drain|[of] p2a: Iron Treads
|faint|p2a: Iron Treads
|-end|p2a: Iron Treads|Quark Drive|[silent]
|
|-weather|RainDance|[upkeep]
|-damage|p1a: Primeape|40/100 tox|[from] psn
|upkeep
|
|t:|1779629425
|switch|p2a: Barraskewda|Barraskewda, F, tera:Water|88/100
|turn|29
|
|t:|1779629431
|move|p2a: Barraskewda|Liquidation|p1a: Primeape
|-damage|p1a: Primeape|0 fnt
|faint|p1a: Primeape
|
|-weather|RainDance|[upkeep]
|upkeep
|l|☆wonderwand
|inactive|wonderwand disconnected and has a minute to reconnect!
|player|p1|
|inactive|wonderwand has 30 seconds to reconnect!
|inactive|wonderwand has 20 seconds to reconnect!
|inactive|wonderwand has 15 seconds to reconnect!
|inactive|wonderwand has 10 seconds to reconnect!
|inactive|wonderwand has 5 seconds to reconnect!
|-message|wonderwand lost due to inactivity.
|
|win|RadGiraffe
|raw|wonderwand's rating: 1376 &rarr; <strong>1352</strong><br />(-24 for losing)
|raw|RadGiraffe's rating: 1308 &rarr; <strong>1332</strong><br />(+24 for winning)
|l|☆RadGiraffe
|player|p2|
