|j|☆jessies boyfriend
|j|☆claudechamp
|t:|1779580411
|gametype|singles
|player|p1|jessies boyfriend|brock|1311
|player|p2|claudechamp|101|1268
|gen|9
|tier|[Gen 9] OU
|rated|
|rule|HP Percentage Mod: HP is shown in percentages
|rule|Endless Battle Clause: Forcing endless battles is banned
|rule|Species Clause: Limit one of each Pokémon
|rule|OHKO Clause: OHKO moves are banned
|rule|Evasion Items Clause: Evasion items are banned
|rule|Evasion Moves Clause: Evasion moves are banned
|rule|Evasion Abilities Clause: Evasion abilities are banned
|rule|Sleep Moves Clause: Sleep-inducing moves are banned
|clearpoke
|poke|p1|Houndstone, F|
|poke|p1|Gholdengo|
|poke|p1|Incineroar, F|
|poke|p1|Glimmora, F|
|poke|p1|Forretress, M|
|poke|p1|Scrafty, F|
|poke|p2|Gliscor, F|
|poke|p2|Ogerpon, F|
|poke|p2|Walking Wake|
|poke|p2|Blissey, F|
|poke|p2|Corviknight, F|
|poke|p2|Pecharunt|
|teampreview
|inactive|Battle timer is ON: inactive players will automatically lose when time's up. (requested by jessies boyfriend)
|c|☆claudechamp|hf
|
|t:|1779580424
|teamsize|p1|6
|teamsize|p2|6
|start
|switch|p1a: Forretress|Forretress, M|100/100
|switch|p2a: Gliscor|Gliscor, F|100/100
|turn|1
|inactive|claudechamp also wants the timer to be on.
|c|☆jessies boyfriend|u2
|
|t:|1779580436
|move|p2a: Gliscor|Spikes|p1a: Forretress
|-sidestart|p1: jessies boyfriend|Spikes
|move|p1a: Forretress|Stealth Rock|p2a: Gliscor
|-sidestart|p2: claudechamp|move: Stealth Rock
|
|-status|p2a: Gliscor|tox|[from] item: Toxic Orb
|upkeep
|turn|2
|
|t:|1779580439
|move|p2a: Gliscor|Spikes|p1a: Forretress
|-sidestart|p1: jessies boyfriend|Spikes
|move|p1a: Forretress|Rapid Spin|p2a: Gliscor
|-damage|p2a: Gliscor|93/100 tox
|-boost|p1a: Forretress|spe|1
|-sideend|p1: jessies boyfriend|Spikes|[from] move: Rapid Spin|[of] p1a: Forretress
|
|-heal|p2a: Gliscor|100/100 tox|[from] ability: Poison Heal
|upkeep
|turn|3
|
|t:|1779580451
|move|p2a: Gliscor|Earthquake|p1a: Forretress
|-damage|p1a: Forretress|83/100
|move|p1a: Forretress|Spikes|p2a: Gliscor
|-sidestart|p2: claudechamp|Spikes
|
|upkeep
|turn|4
|
|t:|1779580463
|move|p2a: Gliscor|Earthquake|p1a: Forretress
|-damage|p1a: Forretress|65/100
|move|p1a: Forretress|Rapid Spin|p2a: Gliscor
|-damage|p2a: Gliscor|92/100 tox
|-boost|p1a: Forretress|spe|1
|
|-heal|p2a: Gliscor|100/100 tox|[from] ability: Poison Heal
|upkeep
|turn|5
|
|t:|1779580473
|move|p1a: Forretress|Spikes|p2a: Gliscor
|-sidestart|p2: claudechamp|Spikes
|move|p2a: Gliscor|Earthquake|p1a: Forretress
|-damage|p1a: Forretress|48/100
|
|upkeep
|turn|6
|
|t:|1779580484
|move|p1a: Forretress|Spikes|p2a: Gliscor
|-sidestart|p2: claudechamp|Spikes
|move|p2a: Gliscor|Spikes|p1a: Forretress
|-sidestart|p1: jessies boyfriend|Spikes
|
|upkeep
|turn|7
|
|t:|1779580495
|move|p1a: Forretress|Rapid Spin|p2a: Gliscor
|-damage|p2a: Gliscor|92/100 tox
|-boost|p1a: Forretress|spe|1
|-sideend|p1: jessies boyfriend|Spikes|[from] move: Rapid Spin|[of] p1a: Forretress
|move|p2a: Gliscor|Earthquake|p1a: Forretress
|-damage|p1a: Forretress|28/100
|
|-heal|p2a: Gliscor|100/100 tox|[from] ability: Poison Heal
|upkeep
|turn|8
|
|t:|1779580501
|move|p1a: Forretress|Pain Split|p2a: Gliscor
|-sethp|p2a: Gliscor|64/100 tox|[from] move: Pain Split|[silent]
|-sethp|p1a: Forretress|65/100|[from] move: Pain Split
|move|p2a: Gliscor|Earthquake|p1a: Forretress
|-damage|p1a: Forretress|48/100
|
|-heal|p2a: Gliscor|77/100 tox|[from] ability: Poison Heal
|upkeep
|turn|9
|
|t:|1779580507
|switch|p2a: Walking Wake|Walking Wake|100/100
|move|p1a: Forretress|Pain Split|p2a: Walking Wake
|-sethp|p2a: Walking Wake|75/100|[from] move: Pain Split|[silent]
|-sethp|p1a: Forretress|72/100|[from] move: Pain Split
|
|upkeep
|turn|10
|
|t:|1779580515
|switch|p1a: Incineroar|Incineroar, F|100/100
|-ability|p1a: Incineroar|Intimidate|boost
|-unboost|p2a: Walking Wake|atk|1
|move|p2a: Walking Wake|Surf|p1a: Incineroar
|-supereffective|p1a: Incineroar
|-damage|p1a: Incineroar|34/100
|
|upkeep
|turn|11
|
|t:|1779580528
|switch|p1a: Scrafty|Scrafty, F, shiny|100/100
|-ability|p1a: Scrafty|Intimidate|boost
|-unboost|p2a: Walking Wake|atk|1
|move|p2a: Walking Wake|Surf|p1a: Scrafty
|-damage|p1a: Scrafty|73/100
|
|upkeep
|turn|12
|
|t:|1779580542
|-end|p2a: Walking Wake|Protosynthesis|[silent]
|switch|p2a: Gliscor|Gliscor, F|77/100 tox
|-damage|p2a: Gliscor|64/100 tox|[from] Stealth Rock
|move|p1a: Scrafty|Dragon Tail|p2a: Gliscor
|-damage|p2a: Gliscor|52/100 tox
|drag|p2a: Ogerpon|Ogerpon, F|100/100
|
|upkeep
|turn|13
|
|t:|1779580552
|move|p2a: Ogerpon|U-turn|p1a: Scrafty
|-damage|p1a: Scrafty|56/100
|
|t:|1779580554
|switch|p2a: Gliscor|Gliscor, F|52/100 tox|[from] U-turn
|-damage|p2a: Gliscor|40/100 tox|[from] Stealth Rock
|move|p1a: Scrafty|Knock Off|p2a: Gliscor
|-damage|p2a: Gliscor|15/100 tox
|-enditem|p2a: Gliscor|Toxic Orb|[from] move: Knock Off|[of] p1a: Scrafty
|
|-heal|p2a: Gliscor|27/100 tox|[from] ability: Poison Heal
|upkeep
|turn|14
|
|t:|1779580573
|move|p2a: Gliscor|Protect|p2a: Gliscor
|-singleturn|p2a: Gliscor|Protect
|move|p1a: Scrafty|Dragon Tail|p2a: Gliscor
|-activate|p2a: Gliscor|move: Protect
|
|-heal|p2a: Gliscor|39/100 tox|[from] ability: Poison Heal
|upkeep
|turn|15
|
|t:|1779580590
|move|p2a: Gliscor|Spikes|p1a: Scrafty
|-sidestart|p1: jessies boyfriend|Spikes
|move|p1a: Scrafty|Dragon Tail|p2a: Gliscor
|-damage|p2a: Gliscor|28/100 tox
|drag|p2a: Walking Wake|Walking Wake|75/100
|
|upkeep
|turn|16
|
|t:|1779580594
|move|p2a: Walking Wake|Draco Meteor|p1a: Scrafty
|-damage|p1a: Scrafty|19/100
|-unboost|p2a: Walking Wake|spa|2
|move|p1a: Scrafty|Knock Off|p2a: Walking Wake
|-damage|p2a: Walking Wake|40/100
|-enditem|p2a: Walking Wake|Heavy-Duty Boots|[from] move: Knock Off|[of] p1a: Scrafty
|
|upkeep
|turn|17
|
|t:|1779580606
|move|p2a: Walking Wake|Draco Meteor|p1a: Scrafty
|-damage|p1a: Scrafty|0 fnt
|-unboost|p2a: Walking Wake|spa|2
|faint|p1a: Scrafty
|
|upkeep
|
|t:|1779580627
|switch|p1a: Houndstone|Houndstone, F|100/100
|-damage|p1a: Houndstone|88/100|[from] Spikes
|turn|18
|
|t:|1779580639
|-end|p2a: Walking Wake|Protosynthesis|[silent]
|switch|p2a: Ogerpon|Ogerpon, F|100/100
|move|p1a: Houndstone|Roar|p2a: Ogerpon
|drag|p2a: Walking Wake|Walking Wake|40/100
|-damage|p2a: Walking Wake|28/100|[from] Stealth Rock
|-damage|p2a: Walking Wake|3/100|[from] Spikes
|
|-heal|p1a: Houndstone|94/100|[from] item: Leftovers
|upkeep
|turn|19
|
|t:|1779580653
|move|p1a: Houndstone|Protect|p1a: Houndstone
|-singleturn|p1a: Houndstone|Protect
|move|p2a: Walking Wake|Draco Meteor|p1a: Houndstone
|-activate|p1a: Houndstone|move: Protect
|
|-heal|p1a: Houndstone|99/100|[from] item: Leftovers
|upkeep
|turn|20
|
|t:|1779580665
|move|p2a: Walking Wake|Knock Off|p1a: Houndstone
|-supereffective|p1a: Houndstone
|-damage|p1a: Houndstone|83/100
|-enditem|p1a: Houndstone|Leftovers|[from] move: Knock Off|[of] p2a: Walking Wake
|move|p1a: Houndstone|Roar|p2a: Walking Wake
|-end|p2a: Walking Wake|Protosynthesis|[silent]
|drag|p2a: Pecharunt|Pecharunt|100/100
|
|upkeep
|turn|21
|
|t:|1779580681
|switch|p1a: Forretress|Forretress, M|72/100
|move|p2a: Pecharunt|Parting Shot|p1a: Forretress
|-unboost|p1a: Forretress|atk|1
|-unboost|p1a: Forretress|spa|1
|
|t:|1779580691
|switch|p2a: Gliscor|Gliscor, F|28/100 tox|[from] Parting Shot
|-damage|p2a: Gliscor|16/100 tox|[from] Stealth Rock
|
|-heal|p2a: Gliscor|28/100 tox|[from] ability: Poison Heal
|upkeep
|turn|22
|
|t:|1779580704
|switch|p1a: Glimmora|Glimmora, F|100/100
|-item|p1a: Glimmora|Air Balloon
|move|p2a: Gliscor|Earthquake|p1a: Glimmora
|-immune|p1a: Glimmora
|
|-heal|p2a: Gliscor|41/100 tox|[from] ability: Poison Heal
|upkeep
|turn|23
|
|t:|1779580719
|move|p1a: Glimmora|Power Gem|p2a: Gliscor
|-damage|p2a: Gliscor|13/100 tox
|move|p2a: Gliscor|Spikes|p1a: Glimmora
|-sidestart|p1: jessies boyfriend|Spikes
|
|-heal|p2a: Gliscor|25/100 tox|[from] ability: Poison Heal
|upkeep
|turn|24
|
|t:|1779580734
|move|p2a: Gliscor|Protect|p2a: Gliscor
|-singleturn|p2a: Gliscor|Protect
|move|p1a: Glimmora|Power Gem|p2a: Gliscor
|-activate|p2a: Gliscor|move: Protect
|
|-heal|p2a: Gliscor|38/100 tox|[from] ability: Poison Heal
|upkeep
|turn|25
|
|t:|1779580741
|switch|p2a: Walking Wake|Walking Wake|3/100
|-damage|p2a: Walking Wake|0 fnt|[from] Stealth Rock
|faint|p2a: Walking Wake
|-end|p2a: Walking Wake|Protosynthesis|[silent]
|move|p1a: Glimmora|Power Gem|p2: Walking Wake|[notarget]
|-fail|p1a: Glimmora
|
|upkeep
|
|t:|1779580746
|switch|p2a: Gliscor|Gliscor, F|38/100 tox
|-damage|p2a: Gliscor|25/100 tox|[from] Stealth Rock
|turn|26
|
|t:|1779580759
|switch|p2a: Blissey|Blissey, F|100/100
|move|p1a: Glimmora|Toxic Spikes|p2a: Blissey
|-sidestart|p2: claudechamp|move: Toxic Spikes
|
|upkeep
|turn|27
|
|t:|1779580779
|switch|p2a: Corviknight|Corviknight, F|100/100
|-ability|p2a: Corviknight|Pressure
|move|p1a: Glimmora|Mortal Spin|p2a: Corviknight
|-immune|p2a: Corviknight
|
|upkeep
|turn|28
|
|t:|1779580794
|switch|p1a: Gholdengo|Gholdengo|100/100
|-damage|p1a: Gholdengo|84/100|[from] Spikes
|move|p2a: Corviknight|Body Press|p1a: Gholdengo
|-immune|p1a: Gholdengo
|
|upkeep
|turn|29
|
|t:|1779580802
|move|p1a: Gholdengo|Nasty Plot|p1a: Gholdengo
|-boost|p1a: Gholdengo|spa|2
|move|p2a: Corviknight|U-turn|p1a: Gholdengo
|-resisted|p1a: Gholdengo
|-damage|p1a: Gholdengo|82/100
|-enditem|p1a: Gholdengo|Red Card|[of] p2a: Corviknight
|drag|p2a: Blissey|Blissey, F|100/100
|
|upkeep
|turn|30
|
|t:|1779580810
|switch|p2a: Gliscor|Gliscor, F|25/100 tox
|-damage|p2a: Gliscor|13/100 tox|[from] Stealth Rock
|move|p1a: Gholdengo|Make It Rain|p2a: Gliscor
|-damage|p2a: Gliscor|0 fnt
|-unboost|p1a: Gholdengo|spa|1
|faint|p2a: Gliscor
|
|upkeep
|
|t:|1779580816
|switch|p2a: Blissey|Blissey, F|100/100
|turn|31
|
|t:|1779580823
|switch|p2a: Pecharunt|Pecharunt|100/100
|-sideend|p2: claudechamp|move: Toxic Spikes|[of] p2a: Pecharunt
|move|p1a: Gholdengo|Recover|p1a: Gholdengo
|-heal|p1a: Gholdengo|100/100
|
|upkeep
|turn|32
|
|t:|1779580830
|move|p2a: Pecharunt|Foul Play|p1a: Gholdengo
|-supereffective|p1a: Gholdengo
|-damage|p1a: Gholdengo|87/100
|move|p1a: Gholdengo|Hex|p2a: Pecharunt
|-supereffective|p2a: Pecharunt
|-damage|p2a: Pecharunt|14/100
|
|upkeep
|turn|33
|
|t:|1779580839
|switch|p2a: Blissey|Blissey, F|100/100
|move|p1a: Gholdengo|Hex|p2a: Blissey
|-immune|p2a: Blissey
|
|upkeep
|turn|34
|
|t:|1779580847
|-terastallize|p2a: Blissey|Dark
|move|p1a: Gholdengo|Nasty Plot|p1a: Gholdengo
|-boost|p1a: Gholdengo|spa|2
|move|p2a: Blissey|Seismic Toss|p1a: Gholdengo
|-immune|p1a: Gholdengo
|
|upkeep
|turn|35
|
|t:|1779580860
|switch|p2a: Ogerpon|Ogerpon, F|100/100
|move|p1a: Gholdengo|Make It Rain|p2a: Ogerpon
|-damage|p2a: Ogerpon|0 fnt
|-unboost|p1a: Gholdengo|spa|1
|faint|p2a: Ogerpon
|
|upkeep
|
|t:|1779580868
|switch|p2a: Blissey|Blissey, F, tera:Dark|100/100
|turn|36
|
|t:|1779580882
|switch|p2a: Corviknight|Corviknight, F|100/100
|-ability|p2a: Corviknight|Pressure
|move|p1a: Gholdengo|Nasty Plot|p1a: Gholdengo
|-boost|p1a: Gholdengo|spa|2
|
|upkeep
|turn|37
|
|t:|1779580890
|switch|p2a: Blissey|Blissey, F, tera:Dark|100/100
|move|p1a: Gholdengo|Hex|p2a: Blissey
|-resisted|p2a: Blissey
|-crit|p2a: Blissey
|-damage|p2a: Blissey|82/100
|
|upkeep
|turn|38
|
|t:|1779580900
|switch|p2a: Corviknight|Corviknight, F|100/100
|-ability|p2a: Corviknight|Pressure
|move|p1a: Gholdengo|Make It Rain|p2a: Corviknight
|-resisted|p2a: Corviknight
|-damage|p2a: Corviknight|20/100
|-unboost|p1a: Gholdengo|spa|1
|
|upkeep
|turn|39
|
|t:|1779580910
|switch|p2a: Blissey|Blissey, F, tera:Dark|82/100
|move|p1a: Gholdengo|Hex|p2a: Blissey
|-resisted|p2a: Blissey
|-damage|p2a: Blissey|71/100
|
|upkeep
|turn|40
|
|t:|1779580923
|switch|p2a: Corviknight|Corviknight, F|20/100
|-ability|p2a: Corviknight|Pressure
|move|p1a: Gholdengo|Nasty Plot|p1a: Gholdengo
|-boost|p1a: Gholdengo|spa|2
|
|upkeep
|turn|41
|
|t:|1779580931
|move|p1a: Gholdengo|Hex|p2a: Corviknight
|-damage|p2a: Corviknight|0 fnt
|faint|p2a: Corviknight
|
|upkeep
|
|t:|1779580940
|switch|p2a: Blissey|Blissey, F, tera:Dark|71/100
|turn|42
|
|t:|1779580950
|switch|p2a: Pecharunt|Pecharunt|14/100
|move|p1a: Gholdengo|Make It Rain|p2a: Pecharunt
|-damage|p2a: Pecharunt|0 fnt
|-unboost|p1a: Gholdengo|spa|1
|faint|p2a: Pecharunt
|
|upkeep
|
|t:|1779580963
|switch|p2a: Blissey|Blissey, F, tera:Dark|71/100
|turn|43
|
|t:|1779580975
|move|p1a: Gholdengo|Nasty Plot|p1a: Gholdengo
|-boost|p1a: Gholdengo|spa|2
|move|p2a: Blissey|Soft-Boiled|p2a: Blissey
|-heal|p2a: Blissey|100/100
|
|upkeep
|turn|44
|
|t:|1779580984
|move|p1a: Gholdengo|Make It Rain|p2a: Blissey
|-damage|p2a: Blissey|34/100
|-unboost|p1a: Gholdengo|spa|1
|move|p2a: Blissey|Soft-Boiled|p2a: Blissey
|-heal|p2a: Blissey|84/100
|
|upkeep
|turn|45
|
|t:|1779580995
|move|p1a: Gholdengo|Hex|p2a: Blissey
|-resisted|p2a: Blissey
|-damage|p2a: Blissey|68/100
|move|p2a: Blissey|Soft-Boiled|p2a: Blissey
|-heal|p2a: Blissey|100/100
|
|upkeep
|turn|46
|
|t:|1779581005
|-terastallize|p1a: Gholdengo|Ghost
|move|p1a: Gholdengo|Hex|p2a: Blissey
|-resisted|p2a: Blissey
|-damage|p2a: Blissey|81/100
|move|p2a: Blissey|Calm Mind|p2a: Blissey
|-boost|p2a: Blissey|spa|1
|-boost|p2a: Blissey|spd|1
|
|upkeep
|turn|47
|
|t:|1779581017
|move|p1a: Gholdengo|Make It Rain|p2a: Blissey
|-crit|p2a: Blissey
|-damage|p2a: Blissey|0 fnt
|-unboost|p1a: Gholdengo|spa|1
|faint|p2a: Blissey
|
|win|jessies boyfriend
|raw|jessies boyfriend's rating: 1311 &rarr; <strong>1331</strong><br />(+20 for winning)
|raw|claudechamp's rating: 1316 &rarr; <strong>1296</strong><br />(-20 for losing)
|c|☆claudechamp|gg
|c|☆jessies boyfriend|gg
|l|☆jessies boyfriend
|player|p1|
