|j|☆22-chicken
|j|☆kkiarakku
|t:|1779630106
|gametype|singles
|player|p1|22-chicken|firebreather|1142
|player|p2|kkiarakku|pokekid|1085
|gen|9
|tier|[Gen 9] OU
|rated|
|rule|HP Percentage Mod: HP is shown in percentages
|rule|Endless Battle Clause: Forcing endless battles is banned
|rule|Species Clause: Limit one of each Pokémon
|rule|OHKO Clause: OHKO moves are banned
|rule|Evasion Items Clause: Evasion items are banned
|rule|Evasion Moves Clause: Evasion moves are banned
|rule|Evasion Abilities Clause: Evasion abilities are banned
|rule|Sleep Moves Clause: Sleep-inducing moves are banned
|clearpoke
|poke|p1|Cinderace, M|
|poke|p1|Blaziken, M|
|poke|p1|Torracat, M|
|poke|p1|Gliscor, M|
|poke|p1|Rabsca, M|
|poke|p1|Grafaiai, M|
|poke|p2|Tyranitar, M|
|poke|p2|Keldeo-Resolute|
|poke|p2|Excadrill, M|
|poke|p2|Slowking-Galar, M|
|poke|p2|Sinistcha|
|poke|p2|Skarmory, M|
|teampreview
|inactive|Battle timer is ON: inactive players will automatically lose when time's up. (requested by 22-chicken)
|
|t:|1779630113
|teamsize|p1|6
|teamsize|p2|6
|start
|switch|p1a: Torracat|Torracat, M|100/100
|switch|p2a: Tyranitar|Tyranitar, M|100/100
|-ability|p1a: Torracat|Intimidate|boost
|-unboost|p2a: Tyranitar|atk|1
|-weather|Sandstorm|[from] ability: Sand Stream|[of] p2a: Tyranitar
|turn|1
|
|t:|1779630122
|move|p1a: Torracat|Fake Out|p2a: Tyranitar
|-resisted|p2a: Tyranitar
|-damage|p2a: Tyranitar|97/100
|cant|p2a: Tyranitar|flinch
|
|-weather|Sandstorm|[upkeep]
|-damage|p1a: Torracat|94/100|[from] Sandstorm
|-heal|p2a: Tyranitar|100/100|[from] item: Leftovers
|upkeep
|turn|2
|
|t:|1779630130
|move|p1a: Torracat|Parting Shot|p2a: Tyranitar
|-unboost|p2a: Tyranitar|atk|1
|-unboost|p2a: Tyranitar|spa|1
|
|t:|1779630132
|switch|p1a: Gliscor|Gliscor, M, shiny|100/100|[from] Parting Shot
|move|p2a: Tyranitar|Stealth Rock|p1a: Gliscor
|-sidestart|p1: 22-chicken|move: Stealth Rock
|
|-weather|Sandstorm|[upkeep]
|-status|p1a: Gliscor|tox|[from] item: Toxic Orb
|upkeep
|turn|3
|
|t:|1779630146
|move|p1a: Gliscor|Earthquake|p2a: Tyranitar
|-supereffective|p2a: Tyranitar
|-damage|p2a: Tyranitar|30/100
|move|p2a: Tyranitar|Ice Beam|p1a: Gliscor
|-supereffective|p1a: Gliscor
|-damage|p1a: Gliscor|41/100 tox
|
|-weather|Sandstorm|[upkeep]
|-heal|p2a: Tyranitar|36/100|[from] item: Leftovers
|-heal|p1a: Gliscor|53/100 tox|[from] ability: Poison Heal
|upkeep
|turn|4
|
|t:|1779630157
|switch|p2a: Skarmory|Skarmory, M|100/100
|move|p1a: Gliscor|Protect||[still]
|-fail|p1a: Gliscor
|
|-weather|Sandstorm|[upkeep]
|-heal|p1a: Gliscor|65/100 tox|[from] ability: Poison Heal
|upkeep
|turn|5
|
|t:|1779630167
|move|p1a: Gliscor|Protect|p1a: Gliscor
|-singleturn|p1a: Gliscor|Protect
|move|p2a: Skarmory|Whirlwind|p1a: Gliscor
|drag|p1a: Torracat|Torracat, M|94/100
|-damage|p1a: Torracat|69/100|[from] Stealth Rock
|-ability|p1a: Torracat|Intimidate|boost
|-unboost|p2a: Skarmory|atk|1
|
|-weather|none
|upkeep
|turn|6
|
|t:|1779630181
|move|p1a: Torracat|Fake Out|p2a: Skarmory
|-resisted|p2a: Skarmory
|-damage|p2a: Skarmory|98/100
|-damage|p1a: Torracat|53/100|[from] item: Rocky Helmet|[of] p2a: Skarmory
|cant|p2a: Skarmory|flinch
|
|upkeep
|turn|7
|
|t:|1779630187
|move|p1a: Torracat|Parting Shot|p2a: Skarmory
|-unboost|p2a: Skarmory|atk|1
|-unboost|p2a: Skarmory|spa|1
|
|t:|1779630191
|switch|p1a: Cinderace|Cinderace, M|100/100|[from] Parting Shot
|move|p2a: Skarmory|Whirlwind|p1a: Cinderace
|drag|p1a: Gliscor|Gliscor, M, shiny|65/100 tox
|-damage|p1a: Gliscor|53/100 tox|[from] Stealth Rock
|
|-heal|p1a: Gliscor|65/100 tox|[from] ability: Poison Heal
|upkeep
|turn|8
|
|t:|1779630202
|move|p1a: Gliscor|Protect|p1a: Gliscor
|-singleturn|p1a: Gliscor|Protect
|move|p2a: Skarmory|Whirlwind|p1a: Gliscor
|drag|p1a: Rabsca|Rabsca, M, shiny|100/100
|-damage|p1a: Rabsca|76/100|[from] Stealth Rock
|
|upkeep
|turn|9
|
|t:|1779630217
|move|p2a: Skarmory|Spikes|p1a: Rabsca
|-sidestart|p1: 22-chicken|Spikes
|move|p1a: Rabsca|Speed Swap|p2a: Skarmory
|-activate|p1a: Rabsca|move: Speed Swap|[of] p2a: Skarmory
|
|upkeep
|turn|10
|
|t:|1779630230
|move|p1a: Rabsca|Psychic|p2a: Skarmory
|-resisted|p2a: Skarmory
|-damage|p2a: Skarmory|66/100
|move|p2a: Skarmory|Whirlwind|p1a: Rabsca
|drag|p1a: Blaziken|Blaziken, M|100/100
|-damage|p1a: Blaziken|88/100|[from] Stealth Rock
|-damage|p1a: Blaziken|76/100|[from] Spikes
|
|upkeep
|turn|11
|
|t:|1779630239
|move|p1a: Blaziken|Blaze Kick|p2a: Skarmory
|-supereffective|p2a: Skarmory
|-damage|p2a: Skarmory|8/100
|-damage|p1a: Blaziken|59/100|[from] item: Rocky Helmet|[of] p2a: Skarmory
|move|p2a: Skarmory|Whirlwind|p1a: Blaziken
|drag|p1a: Cinderace|Cinderace, M|100/100
|
|upkeep
|turn|12
|
|t:|1779630247
|move|p1a: Cinderace|Court Change|p1a: Cinderace
|-start|p1a: Cinderace|typechange|Normal|[from] ability: Libero
|-swapsideconditions
|-activate|p1a: Cinderace|move: Court Change
|move|p2a: Skarmory|Whirlwind|p1a: Cinderace
|drag|p1a: Gliscor|Gliscor, M, shiny|65/100 tox
|
|-heal|p1a: Gliscor|78/100 tox|[from] ability: Poison Heal
|upkeep
|turn|13
|
|t:|1779630258
|move|p1a: Gliscor|Crabhammer|p2a: Skarmory
|-damage|p2a: Skarmory|0 fnt
|-damage|p1a: Gliscor|61/100 tox|[from] item: Rocky Helmet|[of] p2a: Skarmory
|faint|p2a: Skarmory
|
|-heal|p1a: Gliscor|74/100 tox|[from] ability: Poison Heal
|upkeep
|
|t:|1779630275
|switch|p2a: Tyranitar|Tyranitar, M|36/100
|-damage|p2a: Tyranitar|24/100|[from] Stealth Rock
|-damage|p2a: Tyranitar|12/100|[from] Spikes
|-weather|Sandstorm|[from] ability: Sand Stream|[of] p2a: Tyranitar
|turn|14
|
|t:|1779630281
|move|p1a: Gliscor|Protect|p1a: Gliscor
|-singleturn|p1a: Gliscor|Protect
|move|p2a: Tyranitar|Stealth Rock|p1a: Gliscor
|-sidestart|p1: 22-chicken|move: Stealth Rock
|
|-weather|Sandstorm|[upkeep]
|-heal|p2a: Tyranitar|18/100|[from] item: Leftovers
|-heal|p1a: Gliscor|86/100 tox|[from] ability: Poison Heal
|upkeep
|turn|15
|
|t:|1779630289
|move|p1a: Gliscor|Earthquake|p2a: Tyranitar
|-supereffective|p2a: Tyranitar
|-damage|p2a: Tyranitar|0 fnt
|faint|p2a: Tyranitar
|
|-weather|Sandstorm|[upkeep]
|-heal|p1a: Gliscor|99/100 tox|[from] ability: Poison Heal
|upkeep
|
|t:|1779630296
|switch|p2a: Excadrill|Excadrill, M|100/100
|-damage|p2a: Excadrill|97/100|[from] Stealth Rock
|-item|p2a: Excadrill|Air Balloon
|turn|16
|
|t:|1779630306
|move|p1a: Gliscor|Protect|p1a: Gliscor
|-singleturn|p1a: Gliscor|Protect
|move|p2a: Excadrill|Swords Dance|p2a: Excadrill
|-boost|p2a: Excadrill|atk|2
|
|-weather|Sandstorm|[upkeep]
|-heal|p1a: Gliscor|100/100 tox|[from] ability: Poison Heal
|upkeep
|turn|17
|
|t:|1779630314
|move|p2a: Excadrill|Rapid Spin|p1a: Gliscor
|-damage|p1a: Gliscor|74/100 tox
|-boost|p2a: Excadrill|spe|1
|-sideend|p2: kkiarakku|Spikes|[from] move: Rapid Spin|[of] p2a: Excadrill
|-sideend|p2: kkiarakku|Stealth Rock|[from] move: Rapid Spin|[of] p2a: Excadrill
|move|p1a: Gliscor|Crabhammer|p2a: Excadrill
|-supereffective|p2a: Excadrill
|-damage|p2a: Excadrill|8/100
|-enditem|p2a: Excadrill|Air Balloon
|
|-weather|Sandstorm|[upkeep]
|-heal|p1a: Gliscor|87/100 tox|[from] ability: Poison Heal
|upkeep
|turn|18
|
|t:|1779630326
|move|p1a: Gliscor|Protect|p1a: Gliscor
|-singleturn|p1a: Gliscor|Protect
|move|p2a: Excadrill|Iron Head|p1a: Gliscor
|-activate|p1a: Gliscor|move: Protect
|
|-weather|none
|-heal|p1a: Gliscor|99/100 tox|[from] ability: Poison Heal
|upkeep
|turn|19
|
|t:|1779630333
|move|p2a: Excadrill|Iron Head|p1a: Gliscor
|-crit|p1a: Gliscor
|-damage|p1a: Gliscor|1/100 tox
|move|p1a: Gliscor|Earthquake|p2a: Excadrill
|-supereffective|p2a: Excadrill
|-damage|p2a: Excadrill|0 fnt
|faint|p2a: Excadrill
|
|-heal|p1a: Gliscor|13/100 tox|[from] ability: Poison Heal
|upkeep
|
|t:|1779630341
|switch|p2a: Keldeo|Keldeo-Resolute|100/100
|turn|20
|
|t:|1779630345
|move|p1a: Gliscor|Protect|p1a: Gliscor
|-singleturn|p1a: Gliscor|Protect
|move|p2a: Keldeo|Vacuum Wave|p1a: Gliscor
|-activate|p1a: Gliscor|move: Protect
|
|-heal|p1a: Gliscor|26/100 tox|[from] ability: Poison Heal
|upkeep
|turn|21
|
|t:|1779630354
|move|p2a: Keldeo|Surf|p1a: Gliscor
|-supereffective|p1a: Gliscor
|-damage|p1a: Gliscor|0 fnt
|faint|p1a: Gliscor
|
|upkeep
|
|t:|1779630357
|switch|p1a: Cinderace|Cinderace, M|100/100
|turn|22
|
|t:|1779630363
|move|p1a: Cinderace|Court Change|p1a: Cinderace
|-start|p1a: Cinderace|typechange|Normal|[from] ability: Libero
|-swapsideconditions
|-activate|p1a: Cinderace|move: Court Change
|move|p2a: Keldeo|Secret Sword|p1a: Cinderace
|-supereffective|p1a: Cinderace
|-damage|p1a: Cinderace|0 fnt
|faint|p1a: Cinderace
|
|upkeep
|
|t:|1779630370
|switch|p1a: Torracat|Torracat, M|53/100
|-ability|p1a: Torracat|Intimidate|boost
|-unboost|p2a: Keldeo|atk|1
|turn|23
|
|t:|1779630375
|move|p1a: Torracat|Fake Out|p2a: Keldeo
|-damage|p2a: Keldeo|88/100
|cant|p2a: Keldeo|flinch
|
|upkeep
|turn|24
|
|t:|1779630383
|move|p2a: Keldeo|Surf|p1a: Torracat
|-supereffective|p1a: Torracat
|-damage|p1a: Torracat|0 fnt
|faint|p1a: Torracat
|
|upkeep
|
|t:|1779630385
|switch|p1a: Rabsca|Rabsca, M, shiny|76/100
|turn|25
|
|t:|1779630392
|move|p2a: Keldeo|Surf|p1a: Rabsca
|-damage|p1a: Rabsca|27/100
|move|p1a: Rabsca|Revival Blessing|p1a: Rabsca
|
|t:|1779630399
|-heal|p1: Gliscor|50/100|[from] move: Revival Blessing
|
|upkeep
|turn|26
|
|t:|1779630406
|move|p2a: Keldeo|Surf|p1a: Rabsca
|-damage|p1a: Rabsca|0 fnt
|faint|p1a: Rabsca
|
|upkeep
|
|t:|1779630413
|switch|p1a: Grafaiai|Grafaiai, M, shiny|100/100
|turn|27
|
|t:|1779630424
|-terastallize|p1a: Grafaiai|Flying
|move|p2a: Keldeo|Surf|p1a: Grafaiai
|-damage|p1a: Grafaiai|26/100
|move|p1a: Grafaiai|Dig||[still]
|-prepare|p1a: Grafaiai|Dig
|
|upkeep
|turn|28
|
|t:|1779630433
|move|p2a: Keldeo|Surf|p1a: Grafaiai|[miss]
|-miss|p2a: Keldeo|p1a: Grafaiai
|move|p1a: Grafaiai|Dig|p2a: Keldeo|[from] lockedmove
|-damage|p2a: Keldeo|58/100
|
|upkeep
|turn|29
|
|t:|1779630439
|move|p1a: Grafaiai|Copycat|p1a: Grafaiai
|move|p1a: Grafaiai|Dig||[from] move: Copycat|[still]
|-prepare|p1a: Grafaiai|Dig
|move|p2a: Keldeo|Surf|p1a: Grafaiai|[miss]
|-miss|p2a: Keldeo|p1a: Grafaiai
|
|upkeep
|turn|30
|
|t:|1779630447
|move|p2a: Keldeo|Surf|p1a: Grafaiai|[miss]
|-miss|p2a: Keldeo|p1a: Grafaiai
|move|p1a: Grafaiai|Dig|p2a: Keldeo|[from] lockedmove
|-damage|p2a: Keldeo|31/100
|
|upkeep
|turn|31
|
|t:|1779630452
|move|p1a: Grafaiai|Copycat|p1a: Grafaiai
|move|p1a: Grafaiai|Dig||[from] move: Copycat|[still]
|-prepare|p1a: Grafaiai|Dig
|move|p2a: Keldeo|Surf|p1a: Grafaiai|[miss]
|-miss|p2a: Keldeo|p1a: Grafaiai
|
|upkeep
|turn|32
|
|t:|1779630461
|move|p2a: Keldeo|Surf|p1a: Grafaiai|[miss]
|-miss|p2a: Keldeo|p1a: Grafaiai
|move|p1a: Grafaiai|Dig|p2a: Keldeo|[from] lockedmove
|-damage|p2a: Keldeo|0 fnt
|faint|p2a: Keldeo
|
|upkeep
|
|t:|1779630469
|switch|p2a: Sinistcha|Sinistcha|100/100
|turn|33
|
|t:|1779630479
|move|p1a: Grafaiai|Copycat|p1a: Grafaiai
|move|p1a: Grafaiai|Dig||[from] move: Copycat|[still]
|-prepare|p1a: Grafaiai|Dig
|move|p2a: Sinistcha|Strength Sap|p1a: Grafaiai|[miss]
|-miss|p2a: Sinistcha|p1a: Grafaiai
|
|upkeep
|turn|34
|
|t:|1779630488
|move|p2a: Sinistcha|Strength Sap|p1a: Grafaiai|[miss]
|-miss|p2a: Sinistcha|p1a: Grafaiai
|move|p1a: Grafaiai|Dig|p2a: Sinistcha|[from] lockedmove
|-resisted|p2a: Sinistcha
|-damage|p2a: Sinistcha|91/100
|
|upkeep
|turn|35
|
|t:|1779630495
|move|p1a: Grafaiai|Copycat|p1a: Grafaiai
|move|p1a: Grafaiai|Dig||[from] move: Copycat|[still]
|-prepare|p1a: Grafaiai|Dig
|move|p2a: Sinistcha|Stun Spore|p1a: Grafaiai|[miss]
|-miss|p2a: Sinistcha|p1a: Grafaiai
|
|upkeep
|turn|36
|
|t:|1779630501
|move|p2a: Sinistcha|Stun Spore|p1a: Grafaiai|[miss]
|-miss|p2a: Sinistcha|p1a: Grafaiai
|move|p1a: Grafaiai|Dig|p2a: Sinistcha|[from] lockedmove
|-resisted|p2a: Sinistcha
|-damage|p2a: Sinistcha|82/100
|
|upkeep
|turn|37
|
|t:|1779630506
|move|p1a: Grafaiai|Copycat|p1a: Grafaiai
|move|p1a: Grafaiai|Dig||[from] move: Copycat|[still]
|-prepare|p1a: Grafaiai|Dig
|move|p2a: Sinistcha|Stun Spore|p1a: Grafaiai|[miss]
|-miss|p2a: Sinistcha|p1a: Grafaiai
|
|upkeep
|turn|38
|
|t:|1779630511
|move|p2a: Sinistcha|Stun Spore|p1a: Grafaiai|[miss]
|-miss|p2a: Sinistcha|p1a: Grafaiai
|move|p1a: Grafaiai|Dig|p2a: Sinistcha|[from] lockedmove
|-resisted|p2a: Sinistcha
|-damage|p2a: Sinistcha|73/100
|
|upkeep
|turn|39
|
|t:|1779630516
|move|p1a: Grafaiai|Copycat|p1a: Grafaiai
|move|p1a: Grafaiai|Dig||[from] move: Copycat|[still]
|-prepare|p1a: Grafaiai|Dig
|move|p2a: Sinistcha|Stun Spore|p1a: Grafaiai|[miss]
|-miss|p2a: Sinistcha|p1a: Grafaiai
|
|upkeep
|turn|40
|
|t:|1779630521
|move|p2a: Sinistcha|Stun Spore|p1a: Grafaiai|[miss]
|-miss|p2a: Sinistcha|p1a: Grafaiai
|move|p1a: Grafaiai|Dig|p2a: Sinistcha|[from] lockedmove
|-resisted|p2a: Sinistcha
|-damage|p2a: Sinistcha|64/100
|
|upkeep
|turn|41
|
|t:|1779630530
|switch|p2a: Slowking|Slowking-Galar, M|100/100
|-damage|p2a: Slowking|88/100|[from] Stealth Rock
|move|p1a: Grafaiai|Copycat|p1a: Grafaiai
|move|p1a: Grafaiai|Dig||[from] move: Copycat|[still]
|-prepare|p1a: Grafaiai|Dig
|
|upkeep
|turn|42
|
|t:|1779630537
|move|p2a: Slowking|Ice Beam|p1a: Grafaiai|[miss]
|-miss|p2a: Slowking|p1a: Grafaiai
|move|p1a: Grafaiai|Dig|p2a: Slowking|[from] lockedmove
|-supereffective|p2a: Slowking
|-damage|p2a: Slowking|35/100
|
|upkeep
|turn|43
|
|t:|1779630545
|move|p1a: Grafaiai|Copycat|p1a: Grafaiai
|move|p1a: Grafaiai|Dig||[from] move: Copycat|[still]
|-prepare|p1a: Grafaiai|Dig
|move|p2a: Slowking|Psychic Noise|p1a: Grafaiai|[miss]
|-miss|p2a: Slowking|p1a: Grafaiai
|
|upkeep
|turn|44
|
|t:|1779630551
|move|p2a: Slowking|Sludge Bomb|p1a: Grafaiai|[miss]
|-miss|p2a: Slowking|p1a: Grafaiai
|move|p1a: Grafaiai|Dig|p2a: Slowking|[from] lockedmove
|-supereffective|p2a: Slowking
|-damage|p2a: Slowking|0 fnt
|faint|p2a: Slowking
|
|upkeep
|
|t:|1779630558
|switch|p2a: Sinistcha|Sinistcha|64/100
|turn|45
|
|t:|1779630563
|move|p1a: Grafaiai|Copycat|p1a: Grafaiai
|move|p1a: Grafaiai|Dig||[from] move: Copycat|[still]
|-prepare|p1a: Grafaiai|Dig
|move|p2a: Sinistcha|Strength Sap|p1a: Grafaiai|[miss]
|-miss|p2a: Sinistcha|p1a: Grafaiai
|
|upkeep
|turn|46
|
|t:|1779630574
|move|p2a: Sinistcha|Matcha Gotcha|p1a: Grafaiai|[miss]
|-miss|p2a: Sinistcha|p1a: Grafaiai
|move|p1a: Grafaiai|Dig|p2a: Sinistcha|[from] lockedmove
|-resisted|p2a: Sinistcha
|-damage|p2a: Sinistcha|55/100
|
|upkeep
|turn|47
|
|t:|1779630582
|move|p1a: Grafaiai|Toxic|p2a: Sinistcha
|-status|p2a: Sinistcha|tox
|move|p2a: Sinistcha|Matcha Gotcha|p1a: Grafaiai
|-resisted|p1a: Grafaiai
|-damage|p1a: Grafaiai|3/100
|-heal|p2a: Sinistcha|66/100 tox|[from] drain|[of] p1a: Grafaiai
|-status|p1a: Grafaiai|brn
|
|-damage|p2a: Sinistcha|60/100 tox|[from] psn
|-damage|p1a: Grafaiai|0 fnt|[from] brn
|faint|p1a: Grafaiai
|upkeep
|
|t:|1779630594
|switch|p1a: Gliscor|Gliscor, M, shiny|50/100
|turn|48
|
|t:|1779630600
|move|p1a: Gliscor|Protect|p1a: Gliscor
|-singleturn|p1a: Gliscor|Protect
|move|p2a: Sinistcha|Matcha Gotcha|p1a: Gliscor
|-activate|p1a: Gliscor|move: Protect
|
|-damage|p2a: Sinistcha|48/100 tox|[from] psn
|-status|p1a: Gliscor|tox|[from] item: Toxic Orb
|upkeep
|turn|49
|
|t:|1779630612
|move|p1a: Gliscor|Protect|p1a: Gliscor
|-singleturn|p1a: Gliscor|Protect
|move|p2a: Sinistcha|Hex|p1a: Gliscor
|-activate|p1a: Gliscor|move: Protect
|
|-heal|p1a: Gliscor|63/100 tox|[from] ability: Poison Heal
|-damage|p2a: Sinistcha|29/100 tox|[from] psn
|upkeep
|turn|50
|-message|kkiarakku forfeited.
|
|win|22-chicken
|raw|22-chicken's rating: 1142 &rarr; <strong>1163</strong><br />(+21 for winning)
|raw|kkiarakku's rating: 1085 &rarr; <strong>1066</strong><br />(-19 for losing)
|l|☆kkiarakku
|player|p2|
|l|☆22-chicken
|player|p1|
