|j|‽aaagislash
|j|☆diddlediddle
|t:|1779628202
|gametype|singles
|player|p1|aaagislash|102|1454
|player|p2|diddlediddle|swimmerf|1410
|gen|9
|tier|[Gen 9] OU
|rated|
|rule|HP Percentage Mod: HP is shown in percentages
|rule|Endless Battle Clause: Forcing endless battles is banned
|rule|Species Clause: Limit one of each Pokémon
|rule|OHKO Clause: OHKO moves are banned
|rule|Evasion Items Clause: Evasion items are banned
|rule|Evasion Moves Clause: Evasion moves are banned
|rule|Evasion Abilities Clause: Evasion abilities are banned
|rule|Sleep Moves Clause: Sleep-inducing moves are banned
|clearpoke
|poke|p1|Wigglytuff, F|
|poke|p1|Empoleon, M|
|poke|p1|Smeargle, M|
|poke|p1|Falinks|
|poke|p1|Rabsca, F|
|poke|p1|Cresselia, F|
|poke|p2|Cacturne, M|
|poke|p2|Sandy Shocks|
|poke|p2|Jirachi|
|poke|p2|Zoroark-Hisui, F|
|poke|p2|Heatran, M|
|poke|p2|Maushold-Four|
|teampreview
|
|t:|1779628218
|teamsize|p1|6
|teamsize|p2|6
|start
|switch|p1a: Smeargle|Smeargle, M|100/100
|switch|p2a: Cacturne|Cacturne, M|100/100
|turn|1
|
|t:|1779628227
|move|p2a: Cacturne|Swords Dance|p2a: Cacturne
|-boost|p2a: Cacturne|atk|2
|move|p1a: Smeargle|Sticky Web|p2a: Cacturne
|-sidestart|p2: diddlediddle|move: Sticky Web
|
|upkeep
|turn|2
|
|t:|1779628233
|move|p2a: Cacturne|Seed Bomb|p1a: Smeargle
|-enditem|p1a: Smeargle|Focus Sash
|-damage|p1a: Smeargle|1/100
|move|p1a: Smeargle|Trick Room|p1a: Smeargle
|-fieldstart|move: Trick Room|[of] p1a: Smeargle
|
|upkeep
|turn|3
|
|t:|1779628241
|move|p1a: Smeargle|Court Change|p1a: Smeargle
|-swapsideconditions
|-activate|p1a: Smeargle|move: Court Change
|move|p2a: Cacturne|Seed Bomb|p1a: Smeargle
|-damage|p1a: Smeargle|0 fnt
|faint|p1a: Smeargle
|
|upkeep
|
|t:|1779628250
|switch|p1a: Falinks|Falinks|100/100
|-activate|p1a: Falinks|move: Sticky Web
|-unboost|p1a: Falinks|spe|1
|-ability|p1a: Falinks|Defiant|boost
|-boost|p1a: Falinks|atk|2
|turn|4
|c|☆diddlediddle|That is so damn clever TBF
|
|t:|1779628258
|move|p1a: Falinks|First Impression|p2a: Cacturne
|-supereffective|p2a: Cacturne
|-enditem|p2a: Cacturne|Focus Sash
|-damage|p2a: Cacturne|1/100
|move|p2a: Cacturne|Counter|p1a: Falinks
|-damage|p1a: Falinks|0 fnt
|faint|p1a: Falinks
|
|upkeep
|
|t:|1779628265
|switch|p1a: Rabsca|Rabsca, F|100/100
|turn|5
|c|☆diddlediddle|However cacturne
|
|t:|1779628273
|move|p2a: Cacturne|Sucker Punch||[still]
|-fail|p2a: Cacturne
|move|p1a: Rabsca|Revival Blessing|p1a: Rabsca
|
|t:|1779628278
|-heal|p1: Falinks|50/100|[from] move: Revival Blessing
|
|upkeep
|turn|6
|
|t:|1779628287
|-terastallize|p1a: Rabsca|Bug
|move|p1a: Rabsca|Bug Buzz|p2a: Cacturne
|-supereffective|p2a: Cacturne
|-damage|p2a: Cacturne|0 fnt
|faint|p2a: Cacturne
|
|-fieldend|move: Trick Room
|upkeep
|
|t:|1779628302
|switch|p2a: Live by the flinch|Jirachi|100/100
|turn|7
|
|t:|1779628307
|switch|p1a: Empoleon|Empoleon, M|100/100
|-activate|p1a: Empoleon|move: Sticky Web
|-unboost|p1a: Empoleon|spe|1
|-ability|p1a: Empoleon|Competitive|boost
|-boost|p1a: Empoleon|spa|2
|move|p2a: Live by the flinch|Iron Head|p1a: Empoleon
|-resisted|p1a: Empoleon
|-damage|p1a: Empoleon|92/100
|
|upkeep
|turn|8
|c|☆diddlediddle|Legit the coolest team I've seen on here
|
|t:|1779628337
|move|p2a: Live by the flinch|Iron Head|p1a: Empoleon
|-resisted|p1a: Empoleon
|-damage|p1a: Empoleon|83/100
|cant|p1a: Empoleon|flinch
|
|upkeep
|turn|9
|
|t:|1779628345
|move|p2a: Live by the flinch|Iron Head|p1a: Empoleon
|-resisted|p1a: Empoleon
|-damage|p1a: Empoleon|74/100
|move|p1a: Empoleon|Surf|p2a: Live by the flinch
|-damage|p2a: Live by the flinch|0 fnt
|faint|p2a: Live by the flinch
|
|upkeep
|
|t:|1779628353
|switch|p2a: Sandy Shocks|Sandy Shocks|100/100
|-enditem|p2a: Sandy Shocks|Booster Energy
|-activate|p2a: Sandy Shocks|ability: Protosynthesis|[fromitem]
|-start|p2a: Sandy Shocks|protosynthesisspe
|turn|10
|
|t:|1779628361
|switch|p1a: Cresselia|Cresselia, F|100/100
|move|p2a: Sandy Shocks|Thunderbolt|p1a: Cresselia
|-damage|p1a: Cresselia|73/100
|
|upkeep
|turn|11
|
|t:|1779628371
|move|p2a: Sandy Shocks|Thunderbolt|p1a: Cresselia
|-damage|p1a: Cresselia|44/100
|move|p1a: Cresselia|Trick Room|p1a: Cresselia
|-fieldstart|move: Trick Room|[of] p1a: Cresselia
|
|upkeep
|turn|12
|
|t:|1779628388
|switch|p1a: Wigglytuff|Wigglytuff, F|100/100
|-activate|p1a: Wigglytuff|move: Sticky Web
|-unboost|p1a: Wigglytuff|spe|1
|-ability|p1a: Wigglytuff|Competitive|boost
|-boost|p1a: Wigglytuff|spa|2
|move|p2a: Sandy Shocks|Mirror Coat||[still]
|-fail|p2a: Sandy Shocks
|
|upkeep
|turn|13
|
|t:|1779628400
|move|p1a: Wigglytuff|Dazzling Gleam|p2a: Sandy Shocks
|-damage|p2a: Sandy Shocks|0 fnt
|faint|p2a: Sandy Shocks
|-end|p2a: Sandy Shocks|Protosynthesis|[silent]
|
|upkeep
|
|t:|1779628411
|switch|p2a: Heatran|Heatran, M|100/100
|turn|14
|
|t:|1779628432
|switch|p1a: Empoleon|Empoleon, M|74/100
|-activate|p1a: Empoleon|move: Sticky Web
|-unboost|p1a: Empoleon|spe|1
|-ability|p1a: Empoleon|Competitive|boost
|-boost|p1a: Empoleon|spa|2
|move|p2a: Heatran|Hyper Voice|p1a: Empoleon
|-resisted|p1a: Empoleon
|-damage|p1a: Empoleon|42/100
|
|upkeep
|turn|15
|
|t:|1779628443
|move|p1a: Empoleon|Surf|p2a: Heatran
|-damage|p2a: Heatran|0 fnt
|replace|p2a: Zoroark|Zoroark-Hisui, F
|-end|p2a: Zoroark|Illusion
|faint|p2a: Zoroark
|
|-fieldend|move: Trick Room
|upkeep
|c|☆diddlediddle|GG
|
|t:|1779628455
|switch|p2a: Maushold|Maushold-Four|100/100
|turn|16
|inactive|Battle timer is ON: inactive players will automatically lose when time's up. (requested by diddlediddle)
|
|t:|1779628467
|switch|p1a: Cresselia|Cresselia, F|44/100
|move|p2a: Maushold|Population Bomb|p1a: Cresselia
|-damage|p1a: Cresselia|39/100
|-damage|p1a: Cresselia|33/100
|-damage|p1a: Cresselia|27/100
|-damage|p1a: Cresselia|21/100
|-damage|p1a: Cresselia|16/100
|-damage|p1a: Cresselia|10/100
|-damage|p1a: Cresselia|4/100
|-damage|p1a: Cresselia|0 fnt
|faint|p1a: Cresselia
|-hitcount|p1: Cresselia|8
|
|upkeep
|
|t:|1779628470
|switch|p1a: Rabsca|Rabsca, F, tera:Bug|100/100
|turn|17
|
|t:|1779628475
|switch|p1a: Wigglytuff|Wigglytuff, F|100/100
|-activate|p1a: Wigglytuff|move: Sticky Web
|-unboost|p1a: Wigglytuff|spe|1
|-ability|p1a: Wigglytuff|Competitive|boost
|-boost|p1a: Wigglytuff|spa|2
|move|p2a: Maushold|Tidy Up|p2a: Maushold
|-sideend|p1: aaagislash|Sticky Web
|-activate|p2a: Maushold|move: Tidy Up
|-boost|p2a: Maushold|atk|1
|-boost|p2a: Maushold|spe|1
|
|upkeep
|turn|18
|
|t:|1779628487
|-terastallize|p2a: Maushold|Ghost
|move|p2a: Maushold|Population Bomb|p1a: Wigglytuff
|-crit|p1a: Wigglytuff
|-damage|p1a: Wigglytuff|75/100
|-damage|p1a: Wigglytuff|55/100
|-damage|p1a: Wigglytuff|38/100
|-damage|p1a: Wigglytuff|19/100
|-damage|p1a: Wigglytuff|1/100
|-damage|p1a: Wigglytuff|0 fnt
|faint|p1a: Wigglytuff
|-hitcount|p1: Wigglytuff|6
|
|upkeep
|
|t:|1779628495
|switch|p1a: Falinks|Falinks|50/100
|turn|19
|-message|aaagislash forfeited.
|
|win|diddlediddle
|raw|aaagislash's rating: 1454 &rarr; <strong>1431</strong><br />(-23 for losing)
|raw|diddlediddle's rating: 1410 &rarr; <strong>1433</strong><br />(+23 for winning)
|l|‽aaagislash
|player|p1|
|l|☆diddlediddle
|player|p2|
