|j|☆asasjuilaha
|j|☆tathagataexists
|t:|1779620647
|gametype|singles
|player|p1|asasjuilaha|101|1232
|player|p2|tathagataexists|cynthia-gen4|1235
|gen|9
|tier|[Gen 9] OU
|rated|
|rule|HP Percentage Mod: HP is shown in percentages
|rule|Endless Battle Clause: Forcing endless battles is banned
|rule|Species Clause: Limit one of each Pokémon
|rule|OHKO Clause: OHKO moves are banned
|rule|Evasion Items Clause: Evasion items are banned
|rule|Evasion Moves Clause: Evasion moves are banned
|rule|Evasion Abilities Clause: Evasion abilities are banned
|rule|Sleep Moves Clause: Sleep-inducing moves are banned
|clearpoke
|poke|p1|Slither Wing|
|poke|p1|Dragapult, F|
|poke|p1|Great Tusk|
|poke|p1|Weezing-Galar, M|
|poke|p1|Scizor, M|
|poke|p1|Lanturn, M|
|poke|p2|Garchomp, M|
|poke|p2|Kingambit, F|
|poke|p2|Gliscor, F|
|poke|p2|Primarina, M|
|poke|p2|Iron Valiant|
|poke|p2|Gholdengo|
|teampreview
|
|t:|1779620667
|teamsize|p1|6
|teamsize|p2|6
|start
|switch|p1a: Slither Wing|Slither Wing|100/100
|switch|p2a: Gartaro|Garchomp, M, shiny|100/100
|turn|1
|
|t:|1779620679
|move|p2a: Gartaro|Stealth Rock|p1a: Slither Wing
|-sidestart|p1: asasjuilaha|move: Stealth Rock
|move|p1a: Slither Wing|Will-O-Wisp|p2a: Gartaro
|-status|p2a: Gartaro|brn
|
|-damage|p2a: Gartaro|94/100 brn|[from] brn
|upkeep
|turn|2
|
|t:|1779620687
|-end|p1a: Slither Wing|Protosynthesis|[silent]
|switch|p1a: Weezing|Weezing-Galar, M|100/100
|move|p2a: Gartaro|Spikes|p1a: Weezing
|-sidestart|p1: asasjuilaha|Spikes
|
|-heal|p2a: Gartaro|100/100 brn|[from] item: Leftovers
|-damage|p2a: Gartaro|94/100 brn|[from] brn
|upkeep
|turn|3
|
|t:|1779620693
|move|p1a: Weezing|Defog|p2a: Gartaro
|-unboost|p2a: Gartaro|evasion|1
|-sideend|p1: asasjuilaha|Spikes|[from] move: Defog|[of] p1a: Weezing
|-sideend|p1: asasjuilaha|Stealth Rock|[from] move: Defog|[of] p1a: Weezing
|move|p2a: Gartaro|Dragon Tail|p1a: Weezing
|-immune|p1a: Weezing
|
|-heal|p2a: Gartaro|100/100 brn|[from] item: Leftovers
|-damage|p2a: Gartaro|94/100 brn|[from] brn
|upkeep
|turn|4
|
|t:|1779620702
|switch|p1a: Dragapult|Dragapult, F|100/100
|move|p2a: Gartaro|Stealth Rock|p1a: Dragapult
|-sidestart|p1: asasjuilaha|move: Stealth Rock
|
|-heal|p2a: Gartaro|100/100 brn|[from] item: Leftovers
|-damage|p2a: Gartaro|94/100 brn|[from] brn
|upkeep
|turn|5
|
|t:|1779620708
|move|p1a: Dragapult|Hex|p2a: Gartaro
|-damage|p2a: Gartaro|55/100 brn
|move|p2a: Gartaro|Spikes|p1a: Dragapult
|-sidestart|p1: asasjuilaha|Spikes
|
|-heal|p2a: Gartaro|61/100 brn|[from] item: Leftovers
|-damage|p2a: Gartaro|55/100 brn|[from] brn
|upkeep
|turn|6
|
|t:|1779620717
|move|p1a: Dragapult|Dragon Darts|p2a: Gartaro
|-supereffective|p2a: Gartaro
|-damage|p2a: Gartaro|22/100 brn
|-anim|p1a: Dragapult|Dragon Darts|p2a: Gartaro
|-supereffective|p2a: Gartaro
|-damage|p2a: Gartaro|0 fnt
|faint|p2a: Gartaro
|
|upkeep
|
|t:|1779620722
|switch|p2a: Kingtaro|Kingambit, F, shiny|100/100
|-activate|p2a: Kingtaro|ability: Supreme Overlord
|-start|p2a: Kingtaro|fallen1|[silent]
|turn|7
|
|t:|1779620727
|switch|p1a: Slither Wing|Slither Wing|100/100
|-terastallize|p2a: Kingtaro|Dark
|move|p2a: Kingtaro|Kowtow Cleave|p1a: Slither Wing
|-resisted|p1a: Slither Wing
|-damage|p1a: Slither Wing|63/100
|
|upkeep
|turn|8
|
|t:|1779620737
|move|p1a: Slither Wing|Will-O-Wisp|p2a: Kingtaro
|-status|p2a: Kingtaro|brn
|move|p2a: Kingtaro|Iron Head|p1a: Slither Wing
|-damage|p1a: Slither Wing|41/100
|
|-damage|p2a: Kingtaro|94/100 brn|[from] brn
|upkeep
|turn|9
|
|t:|1779620741
|move|p2a: Kingtaro|Sucker Punch||[still]
|-fail|p2a: Kingtaro
|move|p1a: Slither Wing|Morning Sun|p1a: Slither Wing
|-heal|p1a: Slither Wing|91/100
|
|-damage|p2a: Kingtaro|88/100 brn|[from] brn
|upkeep
|turn|10
|
|t:|1779620745
|move|p1a: Slither Wing|Close Combat|p2a: Kingtaro
|-supereffective|p2a: Kingtaro
|-damage|p2a: Kingtaro|0 fnt
|-unboost|p1a: Slither Wing|def|1
|-unboost|p1a: Slither Wing|spd|1
|faint|p2a: Kingtaro
|-end|p2a: Kingtaro|fallen1|[silent]
|
|upkeep
|
|t:|1779620749
|switch|p2a: Glistaro|Gliscor, F, shiny|100/100
|turn|11
|
|t:|1779620758
|-end|p1a: Slither Wing|Protosynthesis|[silent]
|switch|p1a: Weezing|Weezing-Galar, M|100/100
|move|p2a: Glistaro|Ice Fang|p1a: Weezing
|-damage|p1a: Weezing|91/100
|
|-status|p2a: Glistaro|tox|[from] item: Toxic Orb
|upkeep
|turn|12
|
|t:|1779620763
|move|p2a: Glistaro|Earthquake|p1a: Weezing
|-immune|p1a: Weezing|[from] ability: Levitate
|move|p1a: Weezing|Defog|p2a: Glistaro
|-unboost|p2a: Glistaro|evasion|1
|-sideend|p1: asasjuilaha|Spikes|[from] move: Defog|[of] p1a: Weezing
|-sideend|p1: asasjuilaha|Stealth Rock|[from] move: Defog|[of] p1a: Weezing
|
|upkeep
|turn|13
|
|t:|1779620769
|switch|p1a: Great Tusk|Great Tusk|100/100
|move|p2a: Glistaro|Knock Off|p1a: Great Tusk
|-resisted|p1a: Great Tusk
|-damage|p1a: Great Tusk|94/100
|-enditem|p1a: Great Tusk|Heavy-Duty Boots|[from] move: Knock Off|[of] p2a: Glistaro
|
|upkeep
|turn|14
|
|t:|1779620778
|move|p1a: Great Tusk|Ice Spinner|p2a: Glistaro
|-supereffective|p2a: Glistaro
|-damage|p2a: Glistaro|45/100 tox
|move|p2a: Glistaro|Ice Fang|p1a: Great Tusk
|-supereffective|p1a: Great Tusk
|-damage|p1a: Great Tusk|76/100
|
|-heal|p2a: Glistaro|57/100 tox|[from] ability: Poison Heal
|upkeep
|turn|15
|
|t:|1779620785
|move|p1a: Great Tusk|Ice Spinner|p2a: Glistaro
|-supereffective|p2a: Glistaro
|-damage|p2a: Glistaro|2/100 tox
|move|p2a: Glistaro|Ice Fang|p1a: Great Tusk
|-supereffective|p1a: Great Tusk
|-damage|p1a: Great Tusk|59/100
|
|-heal|p2a: Glistaro|14/100 tox|[from] ability: Poison Heal
|upkeep
|turn|16
|
|t:|1779620789
|move|p1a: Great Tusk|Ice Spinner|p2a: Glistaro
|-supereffective|p2a: Glistaro
|-damage|p2a: Glistaro|0 fnt
|faint|p2a: Glistaro
|
|upkeep
|
|t:|1779620793
|switch|p2a: Valiantaro|Iron Valiant, shiny|100/100
|-enditem|p2a: Valiantaro|Booster Energy
|-activate|p2a: Valiantaro|ability: Quark Drive|[fromitem]
|-start|p2a: Valiantaro|quarkdrivespe
|turn|17
|
|t:|1779620801
|-end|p1a: Great Tusk|Protosynthesis|[silent]
|switch|p1a: Lanturn|Lanturn, M|100/100
|move|p2a: Valiantaro|Moonblast|p1a: Lanturn
|-damage|p1a: Lanturn|69/100
|
|-heal|p1a: Lanturn|75/100|[from] item: Leftovers
|upkeep
|turn|18
|
|t:|1779620814
|move|p2a: Valiantaro|Close Combat|p1a: Lanturn
|-damage|p1a: Lanturn|12/100
|-unboost|p2a: Valiantaro|def|1
|-unboost|p2a: Valiantaro|spd|1
|move|p1a: Lanturn|Volt Switch|p2a: Valiantaro
|-damage|p2a: Valiantaro|41/100
|
|t:|1779620824
|switch|p1a: Scizor|Scizor, M|100/100|[from] Volt Switch
|
|upkeep
|turn|19
|
|t:|1779620829
|move|p1a: Scizor|Bullet Punch|p2a: Valiantaro
|-supereffective|p2a: Valiantaro
|-damage|p2a: Valiantaro|0 fnt
|faint|p2a: Valiantaro
|-end|p2a: Valiantaro|Quark Drive|[silent]
|
|upkeep
|
|t:|1779620834
|switch|p2a: Goldtaro|Gholdengo, shiny|100/100
|-item|p2a: Goldtaro|Air Balloon
|turn|20
|
|t:|1779620850
|switch|p1a: Lanturn|Lanturn, M|12/100
|move|p2a: Goldtaro|Nasty Plot|p2a: Goldtaro
|-boost|p2a: Goldtaro|spa|2
|
|-heal|p1a: Lanturn|19/100|[from] item: Leftovers
|upkeep
|turn|21
|
|t:|1779620855
|move|p2a: Goldtaro|Shadow Ball|p1a: Lanturn
|-damage|p1a: Lanturn|0 fnt
|faint|p1a: Lanturn
|
|upkeep
|
|t:|1779620858
|switch|p1a: Dragapult|Dragapult, F|100/100
|turn|22
|
|t:|1779620862
|move|p1a: Dragapult|U-turn|p2a: Goldtaro
|-resisted|p2a: Goldtaro
|-damage|p2a: Goldtaro|94/100
|-enditem|p2a: Goldtaro|Air Balloon
|
|t:|1779620865
|switch|p1a: Slither Wing|Slither Wing|91/100|[from] U-turn
|move|p2a: Goldtaro|Shadow Ball|p1a: Slither Wing
|-damage|p1a: Slither Wing|17/100
|
|upkeep
|turn|23
|
|t:|1779620873
|move|p1a: Slither Wing|First Impression|p2a: Goldtaro
|-resisted|p2a: Goldtaro
|-damage|p2a: Goldtaro|80/100
|move|p2a: Goldtaro|Shadow Ball|p1a: Slither Wing
|-damage|p1a: Slither Wing|0 fnt
|faint|p1a: Slither Wing
|-end|p1a: Slither Wing|Protosynthesis|[silent]
|
|upkeep
|
|t:|1779620879
|switch|p1a: Great Tusk|Great Tusk|59/100
|turn|24
|
|t:|1779620884
|move|p1a: Great Tusk|Headlong Rush|p2a: Goldtaro
|-supereffective|p2a: Goldtaro
|-damage|p2a: Goldtaro|0 fnt
|-unboost|p1a: Great Tusk|def|1
|-unboost|p1a: Great Tusk|spd|1
|faint|p2a: Goldtaro
|
|upkeep
|
|t:|1779620890
|switch|p2a: Primtaro|Primarina, M, shiny|100/100
|turn|25
|
|t:|1779620896
|move|p1a: Great Tusk|Headlong Rush|p2a: Primtaro
|-damage|p2a: Primtaro|47/100
|-unboost|p1a: Great Tusk|def|1
|-unboost|p1a: Great Tusk|spd|1
|move|p2a: Primtaro|Moonblast|p1a: Great Tusk
|-supereffective|p1a: Great Tusk
|-damage|p1a: Great Tusk|0 fnt
|faint|p1a: Great Tusk
|-end|p1a: Great Tusk|Protosynthesis|[silent]
|
|upkeep
|
|t:|1779620905
|switch|p1a: Scizor|Scizor, M|100/100
|turn|26
|
|t:|1779620910
|-terastallize|p1a: Scizor|Steel
|move|p1a: Scizor|Bullet Punch|p2a: Primtaro
|-damage|p2a: Primtaro|0 fnt
|faint|p2a: Primtaro
|
|win|asasjuilaha
|raw|asasjuilaha's rating: 1232 &rarr; <strong>1257</strong><br />(+25 for winning)
|raw|tathagataexists's rating: 1235 &rarr; <strong>1210</strong><br />(-25 for losing)
|l|☆tathagataexists
|player|p2|
|l|☆asasjuilaha
|player|p1|
