|j|☆Lano Del Rey2
|j|☆looniertunes
|t:|1779595561
|gametype|singles
|player|p1|Lano Del Rey2|swimmer-gen4dp|1305
|player|p2|looniertunes|cynthia|1312
|gen|9
|tier|[Gen 9] OU
|rated|
|rule|HP Percentage Mod: HP is shown in percentages
|rule|Endless Battle Clause: Forcing endless battles is banned
|rule|Species Clause: Limit one of each Pokémon
|rule|OHKO Clause: OHKO moves are banned
|rule|Evasion Items Clause: Evasion items are banned
|rule|Evasion Moves Clause: Evasion moves are banned
|rule|Evasion Abilities Clause: Evasion abilities are banned
|rule|Sleep Moves Clause: Sleep-inducing moves are banned
|clearpoke
|poke|p1|Tyranitar, F|
|poke|p1|Excadrill, M|
|poke|p1|Clefable, M|
|poke|p1|Glimmora, M|
|poke|p1|Vaporeon, M|
|poke|p1|Skarmory, F|
|poke|p2|Tyranitar, M|
|poke|p2|Sinistcha|
|poke|p2|Corviknight, F|
|poke|p2|Excadrill, M|
|poke|p2|Conkeldurr, F|
|poke|p2|Primarina, F|
|teampreview
|inactive|Battle timer is ON: inactive players will automatically lose when time's up. (requested by Lano Del Rey2)
|
|t:|1779595581
|teamsize|p1|6
|teamsize|p2|6
|start
|switch|p1a: Skarmory|Skarmory, F|100/100
|switch|p2a: Primarina|Primarina, F|100/100
|turn|1
|
|t:|1779595603
|switch|p1a: Tyranitar|Tyranitar, F|100/100
|-weather|Sandstorm|[from] ability: Sand Stream|[of] p1a: Tyranitar
|move|p2a: Primarina|Surf|p1a: Tyranitar
|-supereffective|p1a: Tyranitar
|-damage|p1a: Tyranitar|35/100
|
|-weather|Sandstorm|[upkeep]
|-damage|p2a: Primarina|94/100|[from] Sandstorm
|upkeep
|turn|2
|
|t:|1779595615
|switch|p1a: Fishtail|Vaporeon, M|100/100
|move|p2a: Primarina|Moonblast|p1a: Fishtail
|-damage|p1a: Fishtail|58/100
|
|-weather|Sandstorm|[upkeep]
|-damage|p2a: Primarina|88/100|[from] Sandstorm
|-damage|p1a: Fishtail|52/100|[from] Sandstorm
|-heal|p1a: Fishtail|58/100|[from] item: Leftovers
|upkeep
|turn|3
|
|t:|1779595624
|move|p2a: Primarina|Psychic Noise|p1a: Fishtail
|-crit|p1a: Fishtail
|-damage|p1a: Fishtail|24/100
|-start|p1a: Fishtail|move: Heal Block
|cant|p1a: Fishtail|move: Heal Block|Wish
|
|-weather|Sandstorm|[upkeep]
|-damage|p2a: Primarina|82/100|[from] Sandstorm
|-damage|p1a: Fishtail|18/100|[from] Sandstorm
|upkeep
|turn|4
|
|t:|1779595636
|switch|p1a: Excadrill|Excadrill, M|100/100
|-item|p1a: Excadrill|Air Balloon
|move|p2a: Primarina|Moonblast|p1a: Excadrill
|-resisted|p1a: Excadrill
|-damage|p1a: Excadrill|62/100
|-unboost|p1a: Excadrill|spa|1
|-enditem|p1a: Excadrill|Air Balloon
|
|-weather|Sandstorm|[upkeep]
|-damage|p2a: Primarina|76/100|[from] Sandstorm
|upkeep
|turn|5
|
|t:|1779595648
|switch|p2a: Sinistcha|Sinistcha|100/100
|move|p1a: Excadrill|Iron Head|p2a: Sinistcha
|-damage|p2a: Sinistcha|70/100
|
|-weather|none
|upkeep
|turn|6
|
|t:|1779595658
|switch|p1a: A&W|Glimmora, M, shiny|100/100
|move|p2a: Sinistcha|Matcha Gotcha|p1a: A&W
|-damage|p1a: A&W|63/100
|-heal|p2a: Sinistcha|88/100|[from] drain|[of] p1a: A&W
|
|-heal|p1a: A&W|69/100|[from] item: Leftovers
|upkeep
|turn|7
|
|t:|1779595669
|switch|p2a: Corviknight|Corviknight, F|100/100
|move|p1a: A&W|Sludge Wave|p2a: Corviknight
|-immune|p2a: Corviknight
|
|-heal|p1a: A&W|75/100|[from] item: Leftovers
|upkeep
|turn|8
|
|t:|1779595684
|switch|p1a: Fishtail|Vaporeon, M|18/100
|move|p2a: Corviknight|Defog|p1a: Fishtail
|-unboost|p1a: Fishtail|evasion|1
|
|-heal|p1a: Fishtail|24/100|[from] item: Leftovers
|upkeep
|turn|9
|
|t:|1779595692
|move|p2a: Corviknight|Brave Bird|p1a: Fishtail
|-damage|p1a: Fishtail|0 fnt
|faint|p1a: Fishtail
|-damage|p2a: Corviknight|91/100|[from] Recoil
|
|upkeep
|
|t:|1779595697
|switch|p1a: Clefable|Clefable, M|100/100
|turn|10
|
|t:|1779595707
|move|p2a: Corviknight|Brave Bird|p1a: Clefable
|-damage|p1a: Clefable|72/100
|-damage|p2a: Corviknight|82/100|[from] Recoil
|move|p1a: Clefable|Thunder Wave|p2a: Corviknight
|-status|p2a: Corviknight|par
|
|upkeep
|turn|11
|
|t:|1779595714
|move|p1a: Clefable|Flamethrower|p2a: Corviknight
|-supereffective|p2a: Corviknight
|-crit|p2a: Corviknight
|-damage|p2a: Corviknight|12/100 par
|cant|p2a: Corviknight|par
|
|upkeep
|turn|12
|
|t:|1779595725
|move|p1a: Clefable|Thunder Wave|p2a: Corviknight
|-fail|p2a: Corviknight|par
|cant|p2a: Corviknight|par
|
|upkeep
|turn|13
|
|t:|1779595732
|move|p1a: Clefable|Flamethrower|p2a: Corviknight
|-supereffective|p2a: Corviknight
|-damage|p2a: Corviknight|0 fnt
|faint|p2a: Corviknight
|
|upkeep
|
|t:|1779595738
|switch|p2a: Primarina|Primarina, F|76/100
|turn|14
|
|t:|1779595744
|move|p2a: Primarina|Moonblast|p1a: Clefable
|-damage|p1a: Clefable|17/100
|move|p1a: Clefable|Thunder Wave|p2a: Primarina|[miss]
|-miss|p1a: Clefable|p2a: Primarina
|
|upkeep
|turn|15
|
|t:|1779595754
|switch|p1a: A&W|Glimmora, M, shiny|75/100
|move|p2a: Primarina|Surf|p1a: A&W
|-supereffective|p1a: A&W
|-damage|p1a: A&W|0 fnt
|faint|p1a: A&W
|
|upkeep
|-message|Lano Del Rey2 forfeited.
|
|win|looniertunes
|raw|Lano Del Rey2's rating: 1305 &rarr; <strong>1285</strong><br />(-20 for losing)
|raw|looniertunes's rating: 1312 &rarr; <strong>1332</strong><br />(+20 for winning)
|l|☆Lano Del Rey2
|player|p1|
