|j|☆barrman1313
|j|☆Kaiko72
|t:|1779670196
|gametype|singles
|player|p1|barrman1313|janitor|1366
|player|p2|Kaiko72|265|1341
|gen|9
|tier|[Gen 9] OU
|rated|
|rule|HP Percentage Mod: HP is shown in percentages
|rule|Endless Battle Clause: Forcing endless battles is banned
|rule|Species Clause: Limit one of each Pokémon
|rule|OHKO Clause: OHKO moves are banned
|rule|Evasion Items Clause: Evasion items are banned
|rule|Evasion Moves Clause: Evasion moves are banned
|rule|Evasion Abilities Clause: Evasion abilities are banned
|rule|Sleep Moves Clause: Sleep-inducing moves are banned
|clearpoke
|poke|p1|Hatterene, F|
|poke|p1|Pelipper, M|
|poke|p1|Hariyama, F|
|poke|p1|Cresselia, F|
|poke|p1|Ursaluna, F|
|poke|p1|Porygon2|
|poke|p2|Toxicroak, F|
|poke|p2|Hawlucha, M|
|poke|p2|Iron Valiant|
|poke|p2|Hitmontop, M|
|poke|p2|Great Tusk|
|poke|p2|Infernape, F|
|teampreview
|inactive|Battle timer is ON: inactive players will automatically lose when time's up. (requested by Kaiko72)
|
|t:|1779670226
|teamsize|p1|6
|teamsize|p2|6
|start
|switch|p1a: Hatterene|Hatterene, F|100/100
|switch|p2a: Toxicroak|Toxicroak, F, shiny|100/100
|turn|1
|
|t:|1779670232
|move|p2a: Toxicroak|Poison Jab|p1a: Hatterene
|-supereffective|p1a: Hatterene
|-damage|p1a: Hatterene|19/100
|-status|p1a: Hatterene|psn
|move|p1a: Hatterene|Trick Room|p1a: Hatterene
|-fieldstart|move: Trick Room|[of] p1a: Hatterene
|
|-damage|p1a: Hatterene|6/100 psn|[from] psn
|upkeep
|turn|2
|
|t:|1779670248
|move|p1a: Hatterene|Psychic Noise|p2a: Toxicroak
|-supereffective|p2a: Toxicroak
|-damage|p2a: Toxicroak|0 fnt
|faint|p2a: Toxicroak
|
|-damage|p1a: Hatterene|0 fnt|[from] psn
|faint|p1a: Hatterene
|upkeep
|
|t:|1779670255
|switch|p1a: Pelipper|Pelipper, M|100/100
|switch|p2a: Hitmontop|Hitmontop, M, shiny|100/100
|-weather|RainDance|[from] ability: Drizzle|[of] p1a: Pelipper
|-ability|p2a: Hitmontop|Intimidate|boost
|-unboost|p1a: Pelipper|atk|1
|turn|3
|
|t:|1779670267
|move|p1a: Pelipper|Hurricane|p2a: Hitmontop
|-supereffective|p2a: Hitmontop
|-damage|p2a: Hitmontop|0 fnt
|faint|p2a: Hitmontop
|
|-weather|RainDance|[upkeep]
|upkeep
|
|t:|1779670284
|switch|p2a: Iron Valiant|Iron Valiant, shiny|100/100
|-enditem|p2a: Iron Valiant|Booster Energy
|-activate|p2a: Iron Valiant|ability: Quark Drive|[fromitem]
|-start|p2a: Iron Valiant|quarkdrivespe
|turn|4
|
|t:|1779670292
|-terastallize|p2a: Iron Valiant|Steel
|move|p1a: Pelipper|Hurricane|p2a: Iron Valiant
|-resisted|p2a: Iron Valiant
|-damage|p2a: Iron Valiant|38/100
|-start|p2a: Iron Valiant|confusion
|-activate|p2a: Iron Valiant|confusion
|move|p2a: Iron Valiant|Calm Mind|p2a: Iron Valiant
|-boost|p2a: Iron Valiant|spa|1
|-boost|p2a: Iron Valiant|spd|1
|
|-weather|RainDance|[upkeep]
|upkeep
|turn|5
|
|t:|1779670302
|move|p1a: Pelipper|Hurricane|p2a: Iron Valiant
|-resisted|p2a: Iron Valiant
|-damage|p2a: Iron Valiant|0 fnt
|faint|p2a: Iron Valiant
|-end|p2a: Iron Valiant|Quark Drive|[silent]
|
|-weather|RainDance|[upkeep]
|-fieldend|move: Trick Room
|upkeep
|
|t:|1779670314
|switch|p2a: Great Tusk|Great Tusk|100/100
|-enditem|p2a: Great Tusk|Booster Energy
|-activate|p2a: Great Tusk|ability: Protosynthesis|[fromitem]
|-start|p2a: Great Tusk|protosynthesisatk
|turn|6
|c|☆barrman1313|Mono fighting is sick!
|c|☆barrman1313|Unfortunate mat hup for you tho! Sprry friend!
|c|☆barrman1313|Match up*
|
|t:|1779670341
|move|p2a: Great Tusk|Knock Off|p1a: Pelipper
|-damage|p1a: Pelipper|48/100
|-enditem|p1a: Pelipper|Choice Specs|[from] move: Knock Off|[of] p2a: Great Tusk
|move|p1a: Pelipper|Hurricane|p2a: Great Tusk
|-supereffective|p2a: Great Tusk
|-damage|p2a: Great Tusk|0 fnt
|faint|p2a: Great Tusk
|-end|p2a: Great Tusk|Protosynthesis|[silent]
|
|-weather|RainDance|[upkeep]
|upkeep
|
|t:|1779670352
|switch|p2a: Infernape|Infernape, F, shiny|100/100
|turn|7
|
|t:|1779670363
|switch|p1a: Hariyama|Hariyama, F|100/100
|move|p2a: Infernape|Nasty Plot|p2a: Infernape
|-boost|p2a: Infernape|spa|2
|
|-weather|none
|upkeep
|turn|8
|
|t:|1779670372
|move|p2a: Infernape|Flamethrower|p1a: Hariyama
|-damage|p1a: Hariyama|21/100
|-enditem|p1a: Hariyama|Sitrus Berry|[eat]
|-heal|p1a: Hariyama|46/100|[from] item: Sitrus Berry
|move|p1a: Hariyama|Drain Punch|p2a: Infernape
|-damage|p2a: Infernape|43/100
|-heal|p1a: Hariyama|66/100|[from] drain|[of] p2a: Infernape
|
|upkeep
|turn|9
|
|t:|1779670376
|move|p1a: Hariyama|Bullet Punch|p2a: Infernape
|-resisted|p2a: Infernape
|-damage|p2a: Infernape|31/100
|move|p2a: Infernape|Flamethrower|p1a: Hariyama
|-damage|p1a: Hariyama|0 fnt
|faint|p1a: Hariyama
|
|upkeep
|
|t:|1779670402
|switch|p1a: Cresselia|Cresselia, F|100/100
|turn|10
|
|t:|1779670407
|move|p2a: Infernape|Flamethrower|p1a: Cresselia
|-damage|p1a: Cresselia|25/100
|move|p1a: Cresselia|Trick Room|p1a: Cresselia
|-fieldstart|move: Trick Room|[of] p1a: Cresselia
|
|upkeep
|turn|11
|
|t:|1779670413
|move|p2a: Infernape|Vacuum Wave|p1a: Cresselia
|-resisted|p1a: Cresselia
|-damage|p1a: Cresselia|13/100
|move|p1a: Cresselia|Lunar Dance|p1a: Cresselia
|faint|p1a: Cresselia
|
|upkeep
|
|t:|1779670415
|switch|p1a: Pelipper|Pelipper, M|48/100
|-heal|p1a: Pelipper|100/100|[from] move: Lunar Dance
|-weather|RainDance|[from] ability: Drizzle|[of] p1a: Pelipper
|turn|12
|
|t:|1779670420
|move|p2a: Infernape|Vacuum Wave|p1a: Pelipper
|-resisted|p1a: Pelipper
|-damage|p1a: Pelipper|75/100
|move|p1a: Pelipper|Hurricane|p2a: Infernape
|-supereffective|p2a: Infernape
|-damage|p2a: Infernape|0 fnt
|faint|p2a: Infernape
|
|-weather|RainDance|[upkeep]
|upkeep
|
|t:|1779670425
|switch|p2a: Hawlucha|Hawlucha, M, shiny|100/100
|turn|13
|
|t:|1779670428
|move|p1a: Pelipper|Hurricane|p2a: Hawlucha
|-supereffective|p2a: Hawlucha
|-damage|p2a: Hawlucha|0 fnt
|faint|p2a: Hawlucha
|
|win|barrman1313
|raw|barrman1313's rating: 1366 &rarr; <strong>1385</strong><br />(+19 for winning)
|raw|Kaiko72's rating: 1341 &rarr; <strong>1322</strong><br />(-19 for losing)
|l|☆Kaiko72
|player|p2|
|l|☆barrman1313
|player|p1|
