|j|☆166w
|j|☆yesnet
|t:|1779625723
|gametype|singles
|player|p1|166w|steven|1054
|player|p2|yesnet|pokemaniac|1129
|gen|9
|tier|[Gen 9] OU
|rated|
|rule|HP Percentage Mod: HP is shown in percentages
|rule|Endless Battle Clause: Forcing endless battles is banned
|rule|Species Clause: Limit one of each Pokémon
|rule|OHKO Clause: OHKO moves are banned
|rule|Evasion Items Clause: Evasion items are banned
|rule|Evasion Moves Clause: Evasion moves are banned
|rule|Evasion Abilities Clause: Evasion abilities are banned
|rule|Sleep Moves Clause: Sleep-inducing moves are banned
|clearpoke
|poke|p1|Serperior, F|
|poke|p1|Whimsicott, F|
|poke|p1|Rillaboom, M|
|poke|p1|Amoonguss, M|
|poke|p1|Hydrapple, M|
|poke|p1|Venusaur, M|
|poke|p2|Dondozo, F|
|poke|p2|Magnezone|
|poke|p2|Orthworm, M|
|poke|p2|Ceruledge, M|
|poke|p2|Glimmora, F|
|poke|p2|Minior-Orange|
|teampreview
|inactive|Battle timer is ON: inactive players will automatically lose when time's up. (requested by yesnet)
|inactive|166w also wants the timer to be on.
|
|t:|1779625733
|teamsize|p1|6
|teamsize|p2|6
|start
|switch|p1a: Venusaur|Venusaur, M|100/100
|switch|p2a: Glimmora|Glimmora, F|100/100
|turn|1
|
|t:|1779625737
|move|p2a: Glimmora|Toxic|p1a: Venusaur
|-status|p1a: Venusaur|tox
|move|p1a: Venusaur|Earth Power|p2a: Glimmora
|-supereffective|p2a: Glimmora
|-enditem|p2a: Glimmora|Focus Sash
|-damage|p2a: Glimmora|1/100
|
|-damage|p1a: Venusaur|95/100 tox|[from] psn
|upkeep
|turn|2
|
|t:|1779625746
|move|p2a: Glimmora|Spiky Shield|p2a: Glimmora
|-singleturn|p2a: Glimmora|move: Protect
|move|p1a: Venusaur|Earth Power|p2a: Glimmora
|-activate|p2a: Glimmora|move: Protect
|
|-heal|p1a: Venusaur|100/100 tox|[from] item: Black Sludge
|-damage|p1a: Venusaur|89/100 tox|[from] psn
|upkeep
|turn|3
|
|t:|1779625757
|switch|p2a: Mango|Minior-Orange|100/100
|-formechange|p2a: Mango|Minior-Meteor||[from] ability: Shields Down
|move|p1a: Venusaur|Earth Power|p2a: Mango
|-immune|p2a: Mango
|
|-heal|p1a: Venusaur|95/100 tox|[from] item: Black Sludge
|-damage|p1a: Venusaur|77/100 tox|[from] psn
|upkeep
|turn|4
|
|t:|1779625767
|move|p1a: Venusaur|Knock Off|p2a: Mango
|-damage|p2a: Mango|78/100
|-enditem|p2a: Mango|White Herb|[from] move: Knock Off|[of] p1a: Venusaur
|move|p2a: Mango|Shell Smash|p2a: Mango
|-unboost|p2a: Mango|def|1
|-unboost|p2a: Mango|spd|1
|-boost|p2a: Mango|atk|2
|-boost|p2a: Mango|spa|2
|-boost|p2a: Mango|spe|2
|
|-heal|p1a: Venusaur|83/100 tox|[from] item: Black Sludge
|-damage|p1a: Venusaur|59/100 tox|[from] psn
|upkeep
|turn|5
|
|t:|1779625774
|move|p2a: Mango|Acrobatics|p1a: Venusaur
|-supereffective|p1a: Venusaur
|-damage|p1a: Venusaur|0 fnt
|faint|p1a: Venusaur
|
|upkeep
|
|t:|1779625778
|switch|p1a: Serperior|Serperior, F|100/100
|turn|6
|
|t:|1779625785
|-terastallize|p1a: Serperior|Fire
|move|p1a: Serperior|Leaf Storm|p2a: Mango
|-damage|p2a: Mango|0 fnt
|-boost|p1a: Serperior|spa|2
|faint|p2a: Mango
|
|upkeep
|
|t:|1779625804
|switch|p2a: Dondozo|Dondozo, F|100/100
|turn|7
|
|t:|1779625811
|-terastallize|p2a: Dondozo|Fire
|move|p1a: Serperior|Leaf Storm|p2a: Dondozo
|-resisted|p2a: Dondozo
|-damage|p2a: Dondozo|78/100
|-boost|p1a: Serperior|spa|2
|move|p2a: Dondozo|Curse|p2a: Dondozo
|-unboost|p2a: Dondozo|spe|1
|-boost|p2a: Dondozo|atk|1
|-boost|p2a: Dondozo|def|1
|
|upkeep
|turn|8
|
|t:|1779625820
|move|p1a: Serperior|Glare|p2a: Dondozo
|-status|p2a: Dondozo|par
|move|p2a: Dondozo|Body Press|p1a: Serperior
|-damage|p1a: Serperior|53/100
|-enditem|p1a: Serperior|Red Card|[of] p2a: Dondozo
|drag|p2a: Orthworm|Orthworm, M|100/100
|
|upkeep
|turn|9
|
|t:|1779625833
|move|p1a: Serperior|Leaf Storm|p2a: Orthworm
|-resisted|p2a: Orthworm
|-damage|p2a: Orthworm|24/100
|-boost|p1a: Serperior|spa|2
|move|p2a: Orthworm|Stealth Rock|p1a: Serperior
|-sidestart|p1: 166w|move: Stealth Rock
|
|-heal|p2a: Orthworm|30/100|[from] item: Leftovers
|upkeep
|turn|10
|
|t:|1779625841
|switch|p2a: Dondozo|Dondozo, F, tera:Fire|78/100 par
|move|p1a: Serperior|Giga Drain|p2a: Dondozo
|-resisted|p2a: Dondozo
|-damage|p2a: Dondozo|65/100 par
|-heal|p1a: Serperior|65/100|[from] drain|[of] p2a: Dondozo
|
|upkeep
|turn|11
|
|t:|1779625849
|move|p1a: Serperior|Dragon Pulse|p2a: Dondozo
|-damage|p2a: Dondozo|44/100 par
|move|p2a: Dondozo|Body Press|p1a: Serperior
|-damage|p1a: Serperior|30/100
|
|upkeep
|turn|12
|
|t:|1779625856
|move|p1a: Serperior|Leaf Storm|p2a: Dondozo
|-resisted|p2a: Dondozo
|-damage|p2a: Dondozo|20/100 par
|move|p2a: Dondozo|Body Press|p1a: Serperior
|-damage|p1a: Serperior|0 fnt
|faint|p1a: Serperior
|
|upkeep
|
|t:|1779625865
|switch|p1a: Rillaboom|Rillaboom, M|100/100
|-damage|p1a: Rillaboom|88/100|[from] Stealth Rock
|-fieldstart|move: Grassy Terrain|[from] ability: Grassy Surge|[of] p1a: Rillaboom
|turn|13
|
|t:|1779625883
|switch|p2a: Orthworm|Orthworm, M|30/100
|move|p1a: Rillaboom|Drain Punch|p2a: Orthworm
|-supereffective|p2a: Orthworm
|-damage|p2a: Orthworm|0 fnt
|-heal|p1a: Rillaboom|100/100|[from] drain|[of] p2a: Orthworm
|faint|p2a: Orthworm
|
|upkeep
|
|t:|1779625891
|switch|p2a: Ceruledge|Ceruledge, M|100/100
|turn|14
|
|t:|1779625899
|move|p1a: Rillaboom|Knock Off|p2a: Ceruledge
|-supereffective|p2a: Ceruledge
|-damage|p2a: Ceruledge|22/100
|-enditem|p2a: Ceruledge|Big Root|[from] move: Knock Off|[of] p1a: Rillaboom
|move|p2a: Ceruledge|Bulk Up|p2a: Ceruledge
|-boost|p2a: Ceruledge|atk|1
|-boost|p2a: Ceruledge|def|1
|
|-heal|p2a: Ceruledge|28/100|[from] Grassy Terrain
|upkeep
|turn|15
|
|t:|1779625906
|move|p1a: Rillaboom|Knock Off|p2a: Ceruledge
|-supereffective|p2a: Ceruledge
|-damage|p2a: Ceruledge|0 fnt
|faint|p2a: Ceruledge
|
|upkeep
|
|t:|1779625912
|switch|p2a: Magnezone|Magnezone|100/100
|turn|16
|
|t:|1779625922
|move|p1a: Rillaboom|Drain Punch|p2a: Magnezone
|-supereffective|p2a: Magnezone
|-damage|p2a: Magnezone|57/100
|move|p2a: Magnezone|Flash Cannon|p1a: Rillaboom
|-damage|p1a: Rillaboom|42/100
|
|-heal|p1a: Rillaboom|48/100|[from] Grassy Terrain
|-heal|p1a: Rillaboom|54/100|[from] item: Leftovers
|-heal|p2a: Magnezone|64/100|[from] Grassy Terrain
|upkeep
|turn|17
|
|t:|1779625930
|move|p1a: Rillaboom|Drain Punch|p2a: Magnezone
|-supereffective|p2a: Magnezone
|-damage|p2a: Magnezone|14/100
|-heal|p1a: Rillaboom|78/100|[from] drain|[of] p2a: Magnezone
|move|p2a: Magnezone|Flash Cannon|p1a: Rillaboom
|-damage|p1a: Rillaboom|14/100
|-unboost|p1a: Rillaboom|spd|1
|
|-heal|p1a: Rillaboom|20/100|[from] Grassy Terrain
|-heal|p1a: Rillaboom|26/100|[from] item: Leftovers
|-heal|p2a: Magnezone|20/100|[from] Grassy Terrain
|-fieldend|move: Grassy Terrain
|upkeep
|turn|18
|
|t:|1779625939
|move|p1a: Rillaboom|Drain Punch|p2a: Magnezone
|-supereffective|p2a: Magnezone
|-damage|p2a: Magnezone|0 fnt
|-heal|p1a: Rillaboom|35/100|[from] drain|[of] p2a: Magnezone
|faint|p2a: Magnezone
|
|-heal|p1a: Rillaboom|42/100|[from] item: Leftovers
|upkeep
|
|t:|1779625941
|switch|p2a: Dondozo|Dondozo, F, tera:Fire|20/100 par
|turn|19
|
|t:|1779625944
|move|p1a: Rillaboom|Knock Off|p2a: Dondozo
|-damage|p2a: Dondozo|5/100 par
|-enditem|p2a: Dondozo|Chesto Berry|[from] move: Knock Off|[of] p1a: Rillaboom
|move|p2a: Dondozo|Body Press|p1a: Rillaboom
|-damage|p1a: Rillaboom|13/100
|
|-heal|p1a: Rillaboom|19/100|[from] item: Leftovers
|upkeep
|turn|20
|-message|yesnet forfeited.
|
|win|166w
|raw|166w's rating: 1054 &rarr; <strong>1093</strong><br />(+39 for winning)
|raw|yesnet's rating: 1129 &rarr; <strong>1099</strong><br />(-30 for losing)
|l|☆yesnet
|player|p2|
|l|☆166w
|player|p1|
