|j|☆rocktypepokemans
|j|☆FairyManiac0108
|t:|1779602595
|gametype|singles
|player|p1|rocktypepokemans|gambler|1485
|player|p2|FairyManiac0108|aromalady|1393
|gen|9
|tier|[Gen 9] OU
|rated|
|rule|HP Percentage Mod: HP is shown in percentages
|rule|Endless Battle Clause: Forcing endless battles is banned
|rule|Species Clause: Limit one of each Pokémon
|rule|OHKO Clause: OHKO moves are banned
|rule|Evasion Items Clause: Evasion items are banned
|rule|Evasion Moves Clause: Evasion moves are banned
|rule|Evasion Abilities Clause: Evasion abilities are banned
|rule|Sleep Moves Clause: Sleep-inducing moves are banned
|clearpoke
|poke|p1|Walking Wake|
|poke|p1|Great Tusk|
|poke|p1|Ninetales, F|
|poke|p1|Cresselia, F|
|poke|p1|Zarude|
|poke|p1|Ceruledge, F|
|poke|p2|Weezing-Galar, M|
|poke|p2|Vileplume, M|
|poke|p2|Seviper, L1, M|
|poke|p2|Glimmora, M|
|poke|p2|Gengar, F|
|poke|p2|Muk-Alola, F|
|teampreview
|
|t:|1779602609
|teamsize|p1|6
|teamsize|p2|6
|start
|switch|p1a: Great Tusk|Great Tusk|100/100
|switch|p2a: Glimmora|Glimmora, M|100/100
|-item|p2a: Glimmora|Air Balloon
|turn|1
|inactive|Battle timer is ON: inactive players will automatically lose when time's up. (requested by rocktypepokemans)
|
|t:|1779602615
|switch|p2a: Weezing|Weezing-Galar, M|100/100
|move|p1a: Great Tusk|Rapid Spin|p2a: Weezing
|-damage|p2a: Weezing|87/100
|-boost|p1a: Great Tusk|spe|1
|-damage|p1a: Great Tusk|84/100|[from] item: Rocky Helmet|[of] p2a: Weezing
|
|upkeep
|turn|2
|inactive|rocktypepokemans has 120 seconds left.
|
|t:|1779602662
|-end|p1a: Great Tusk|Protosynthesis|[silent]
|switch|p1a: Cresselia|Cresselia, F|100/100
|move|p2a: Weezing|Strange Steam|p1a: Cresselia
|-damage|p1a: Cresselia|85/100
|-enditem|p1a: Cresselia|Eject Button
|
|t:|1779602674
|switch|p1a: Ninetales|Ninetales, F|100/100
|-weather|SunnyDay|[from] ability: Drought|[of] p1a: Ninetales
|
|-weather|SunnyDay|[upkeep]
|upkeep
|turn|3
|j| gimmicks strategy
|
|t:|1779602679
|switch|p2a: Muk|Muk-Alola, F|100/100
|move|p1a: Ninetales|Overheat|p2a: Muk|[miss]
|-miss|p1a: Ninetales|p2a: Muk
|
|-weather|SunnyDay|[upkeep]
|upkeep
|turn|4
|
|t:|1779602686
|move|p1a: Ninetales|Will-O-Wisp|p2a: Muk
|-status|p2a: Muk|brn
|move|p2a: Muk|Knock Off|p1a: Ninetales
|-damage|p1a: Ninetales|69/100
|-status|p1a: Ninetales|psn|[from] ability: Poison Touch|[of] p2a: Muk
|-enditem|p1a: Ninetales|Heat Rock|[from] move: Knock Off|[of] p2a: Muk
|
|-weather|SunnyDay|[upkeep]
|-damage|p1a: Ninetales|57/100 psn|[from] psn
|-damage|p2a: Muk|94/100 brn|[from] brn
|upkeep
|turn|5
|
|t:|1779602697
|move|p1a: Ninetales|Overheat|p2a: Muk
|-damage|p2a: Muk|59/100 brn
|-unboost|p1a: Ninetales|spa|2
|move|p2a: Muk|Poison Jab|p1a: Ninetales
|-damage|p1a: Ninetales|30/100 psn
|
|-weather|SunnyDay|[upkeep]
|-damage|p1a: Ninetales|18/100 psn|[from] psn
|-damage|p2a: Muk|53/100 brn|[from] brn
|upkeep
|turn|6
|l| gimmicks strategy
|
|t:|1779602710
|switch|p1a: Ceruledge|Ceruledge, F|100/100
|move|p2a: Muk|Knock Off|p1a: Ceruledge
|-supereffective|p1a: Ceruledge
|-damage|p1a: Ceruledge|39/100
|-ability|p1a: Ceruledge|Weak Armor|boost
|-unboost|p1a: Ceruledge|def|1
|-boost|p1a: Ceruledge|spe|2
|-status|p1a: Ceruledge|psn|[from] ability: Poison Touch|[of] p2a: Muk
|-enditem|p1a: Ceruledge|Focus Sash|[from] move: Knock Off|[of] p2a: Muk
|
|-weather|SunnyDay|[upkeep]
|-damage|p1a: Ceruledge|26/100 psn|[from] psn
|-damage|p2a: Muk|47/100 brn|[from] brn
|upkeep
|turn|7
|
|t:|1779602714
|move|p2a: Muk|Shadow Sneak|p1a: Ceruledge
|-supereffective|p1a: Ceruledge
|-damage|p1a: Ceruledge|0 fnt
|faint|p1a: Ceruledge
|
|-weather|SunnyDay|[upkeep]
|-damage|p2a: Muk|41/100 brn|[from] brn
|upkeep
|
|t:|1779602716
|switch|p1a: Walking Wake|Walking Wake|100/100
|-activate|p1a: Walking Wake|ability: Protosynthesis
|-start|p1a: Walking Wake|protosynthesisspe
|turn|8
|
|t:|1779602737
|move|p1a: Walking Wake|Hydro Steam|p2a: Muk
|-damage|p2a: Muk|4/100 brn
|move|p2a: Muk|Poison Jab|p1a: Walking Wake
|-damage|p1a: Walking Wake|80/100
|
|-weather|SunnyDay|[upkeep]
|-damage|p2a: Muk|0 fnt|[from] brn
|faint|p2a: Muk
|upkeep
|
|t:|1779602739
|switch|p2a: Seviper|Seviper, L1, M|100/100
|turn|9
|
|t:|1779602747
|move|p1a: Walking Wake|Hydro Steam|p2a: Seviper
|-enditem|p2a: Seviper|Focus Sash
|-damage|p2a: Seviper|9/100
|move|p2a: Seviper|Endeavor|p1a: Walking Wake
|-damage|p1a: Walking Wake|1/100
|
|-weather|none
|-end|p1a: Walking Wake|Protosynthesis
|upkeep
|turn|10
|
|t:|1779602764
|move|p2a: Seviper|Feint|p1a: Walking Wake
|-damage|p1a: Walking Wake|0 fnt
|faint|p1a: Walking Wake
|-end|p1a: Walking Wake|Protosynthesis|[silent]
|
|upkeep
|
|t:|1779602778
|switch|p1a: Great Tusk|Great Tusk|84/100
|turn|11
|
|t:|1779602781
|switch|p2a: Weezing|Weezing-Galar, M|87/100
|move|p1a: Great Tusk|Rapid Spin|p2a: Weezing
|-damage|p2a: Weezing|74/100
|-boost|p1a: Great Tusk|spe|1
|-damage|p1a: Great Tusk|67/100|[from] item: Rocky Helmet|[of] p2a: Weezing
|
|upkeep
|turn|12
|
|t:|1779602788
|-end|p1a: Great Tusk|Protosynthesis|[silent]
|switch|p1a: Cresselia|Cresselia, F|85/100
|move|p2a: Weezing|Strange Steam|p1a: Cresselia
|-damage|p1a: Cresselia|70/100
|
|upkeep
|turn|13
|
|t:|1779602796
|move|p1a: Cresselia|Thunder Wave|p2a: Weezing
|-status|p2a: Weezing|par
|move|p2a: Weezing|Will-O-Wisp|p1a: Cresselia|[miss]
|-miss|p2a: Weezing|p1a: Cresselia
|
|upkeep
|turn|14
|
|t:|1779602802
|move|p1a: Cresselia|Psychic|p2a: Weezing
|-supereffective|p2a: Weezing
|-damage|p2a: Weezing|13/100 par
|move|p2a: Weezing|Will-O-Wisp|p1a: Cresselia
|-status|p1a: Cresselia|brn
|
|-damage|p1a: Cresselia|64/100 brn|[from] brn
|upkeep
|turn|15
|
|t:|1779602815
|move|p1a: Cresselia|Moonlight|p1a: Cresselia
|-heal|p1a: Cresselia|100/100 brn
|cant|p2a: Weezing|par
|
|-damage|p1a: Cresselia|94/100 brn|[from] brn
|upkeep
|turn|16
|
|t:|1779602820
|move|p1a: Cresselia|Psychic|p2a: Weezing
|-supereffective|p2a: Weezing
|-damage|p2a: Weezing|0 fnt
|faint|p2a: Weezing
|
|-damage|p1a: Cresselia|88/100 brn|[from] brn
|upkeep
|
|t:|1779602823
|switch|p2a: Gengar|Gengar, F|100/100
|turn|17
|
|t:|1779602826
|move|p2a: Gengar|Trick|p1a: Cresselia
|-activate|p2a: Gengar|move: Trick|[of] p1a: Cresselia
|-item|p1a: Cresselia|Choice Scarf|[from] move: Trick
|-enditem|p2a: Gengar|Choice Scarf|[silent]|[from] move: Trick
|move|p1a: Cresselia|Thunder Wave|p2a: Gengar
|-status|p2a: Gengar|par
|
|-damage|p1a: Cresselia|82/100 brn|[from] brn
|upkeep
|turn|18
|
|t:|1779602836
|switch|p1a: Ninetales|Ninetales, F|18/100 psn
|-weather|SunnyDay|[from] ability: Drought|[of] p1a: Ninetales
|move|p2a: Gengar|Shadow Ball|p1a: Ninetales
|-damage|p1a: Ninetales|0 fnt
|faint|p1a: Ninetales
|
|-weather|SunnyDay|[upkeep]
|upkeep
|
|t:|1779602841
|switch|p1a: Zarude|Zarude|100/100
|turn|19
|
|t:|1779602843
|switch|p2a: Vileplume|Vileplume, M|100/100
|move|p1a: Zarude|Knock Off|p2a: Vileplume
|-damage|p2a: Vileplume|66/100
|-enditem|p2a: Vileplume|Leftovers|[from] move: Knock Off|[of] p1a: Zarude
|
|-weather|SunnyDay|[upkeep]
|upkeep
|turn|20
|
|t:|1779602850
|switch|p1a: Cresselia|Cresselia, F|82/100 brn
|move|p2a: Vileplume|Strength Sap|p1a: Cresselia
|-unboost|p1a: Cresselia|atk|1
|-heal|p2a: Vileplume|100/100
|
|-weather|SunnyDay|[upkeep]
|-damage|p1a: Cresselia|76/100 brn|[from] brn
|upkeep
|turn|21
|
|t:|1779602853
|switch|p2a: Seviper|Seviper, L1, M|9/100
|move|p1a: Cresselia|Psychic|p2a: Seviper
|-supereffective|p2a: Seviper
|-damage|p2a: Seviper|0 fnt
|faint|p2a: Seviper
|
|-weather|SunnyDay|[upkeep]
|-damage|p1a: Cresselia|70/100 brn|[from] brn
|upkeep
|
|t:|1779602857
|switch|p2a: Gengar|Gengar, F|100/100 par
|turn|22
|
|t:|1779602861
|move|p1a: Cresselia|Psychic|p2a: Gengar
|-supereffective|p2a: Gengar
|-damage|p2a: Gengar|13/100 par
|-start|p1a: Cresselia|Disable|Psychic|[from] ability: Cursed Body|[of] p2a: Gengar
|move|p2a: Gengar|Destiny Bond|p2a: Gengar
|-singlemove|p2a: Gengar|Destiny Bond
|
|-weather|none
|-damage|p1a: Cresselia|64/100 brn|[from] brn
|upkeep
|turn|23
|
|t:|1779602870
|switch|p1a: Zarude|Zarude|100/100
|move|p2a: Gengar|Sludge Wave|p1a: Zarude
|-supereffective|p1a: Zarude
|-damage|p1a: Zarude|7/100
|
|-heal|p1a: Zarude|13/100|[from] item: Leftovers
|upkeep
|turn|24
|
|t:|1779602877
|switch|p2a: Vileplume|Vileplume, M|100/100
|move|p1a: Zarude|Knock Off|p2a: Vileplume
|-damage|p2a: Vileplume|78/100
|
|-heal|p1a: Zarude|19/100|[from] item: Leftovers
|upkeep
|turn|25
|
|t:|1779602890
|move|p1a: Zarude|Knock Off|p2a: Vileplume
|-crit|p2a: Vileplume
|-damage|p2a: Vileplume|41/100
|move|p2a: Vileplume|Strength Sap|p1a: Zarude
|-unboost|p1a: Zarude|atk|1
|-heal|p2a: Vileplume|100/100
|
|-heal|p1a: Zarude|25/100|[from] item: Leftovers
|upkeep
|turn|26
|
|t:|1779602898
|move|p1a: Zarude|Swords Dance|p1a: Zarude
|-boost|p1a: Zarude|atk|2
|move|p2a: Vileplume|Sludge Wave|p1a: Zarude
|-supereffective|p1a: Zarude
|-damage|p1a: Zarude|0 fnt
|faint|p1a: Zarude
|
|upkeep
|
|t:|1779602903
|switch|p1a: Cresselia|Cresselia, F|64/100 brn
|turn|27
|
|t:|1779602908
|switch|p2a: Gengar|Gengar, F|13/100 par
|move|p1a: Cresselia|Psychic|p2a: Gengar
|-supereffective|p2a: Gengar
|-damage|p2a: Gengar|0 fnt
|-start|p1a: Cresselia|Disable|Psychic|[from] ability: Cursed Body|[of] p2a: Gengar
|faint|p2a: Gengar
|
|-damage|p1a: Cresselia|58/100 brn|[from] brn
|upkeep
|
|t:|1779602910
|switch|p2a: Vileplume|Vileplume, M|100/100
|turn|28
|
|t:|1779602917
|switch|p1a: Great Tusk|Great Tusk|67/100
|move|p2a: Vileplume|Leech Seed|p1a: Great Tusk
|-start|p1a: Great Tusk|move: Leech Seed
|
|-damage|p1a: Great Tusk|55/100|[from] Leech Seed|[of] p2a: Vileplume
|upkeep
|turn|29
|
|t:|1779602929
|-end|p1a: Great Tusk|Protosynthesis|[silent]
|switch|p1a: Cresselia|Cresselia, F|58/100 brn
|move|p2a: Vileplume|Strength Sap|p1a: Cresselia
|-unboost|p1a: Cresselia|atk|1
|
|-damage|p1a: Cresselia|52/100 brn|[from] brn
|upkeep
|turn|30
|
|t:|1779602936
|-terastallize|p2a: Vileplume|Water
|move|p1a: Cresselia|Thunder Wave|p2a: Vileplume
|-status|p2a: Vileplume|par
|cant|p2a: Vileplume|par
|
|-damage|p1a: Cresselia|46/100 brn|[from] brn
|upkeep
|turn|31
|
|t:|1779602941
|switch|p1a: Great Tusk|Great Tusk|55/100
|move|p2a: Vileplume|Giga Drain|p1a: Great Tusk
|-supereffective|p1a: Great Tusk
|-damage|p1a: Great Tusk|3/100
|
|upkeep
|turn|32
|
|t:|1779602950
|move|p1a: Great Tusk|Headlong Rush|p2a: Vileplume
|-damage|p2a: Vileplume|43/100 par
|-unboost|p1a: Great Tusk|def|1
|-unboost|p1a: Great Tusk|spd|1
|-status|p1a: Great Tusk|psn|[from] ability: Effect Spore|[of] p2a: Vileplume
|move|p2a: Vileplume|Strength Sap|p1a: Great Tusk
|-unboost|p1a: Great Tusk|atk|1
|-heal|p2a: Vileplume|100/100 par
|
|-damage|p1a: Great Tusk|0 fnt|[from] psn
|faint|p1a: Great Tusk
|-end|p1a: Great Tusk|Protosynthesis|[silent]
|upkeep
|
|t:|1779602957
|switch|p1a: Cresselia|Cresselia, F|46/100 brn
|turn|33
|
|t:|1779602961
|move|p1a: Cresselia|Psychic|p2a: Vileplume
|-damage|p2a: Vileplume|75/100 par
|move|p2a: Vileplume|Leech Seed|p1a: Cresselia
|-start|p1a: Cresselia|move: Leech Seed
|
|-damage|p1a: Cresselia|33/100 brn|[from] Leech Seed|[of] p2a: Vileplume
|-heal|p2a: Vileplume|90/100 par|[silent]
|-damage|p1a: Cresselia|27/100 brn|[from] brn
|upkeep
|turn|34
|-message|rocktypepokemans forfeited.
|
|win|FairyManiac0108
|raw|rocktypepokemans's rating: 1485 &rarr; <strong>1460</strong><br />(-25 for losing)
|raw|FairyManiac0108's rating: 1393 &rarr; <strong>1418</strong><br />(+25 for winning)
|l|☆rocktypepokemans
|player|p1|
|l|☆FairyManiac0108
|player|p2|
