|inactive|Battle timer is ON: inactive players will automatically lose when time's up.
|t:|1779571826
|gametype|singles
|player|p1|FTX High-Riser|lucas|
|player|p2|Micciu|#wcop2026france2|
|gen|9
|tier|[Gen 9] OU
|rule|HP Percentage Mod: HP is shown in percentages
|rule|Endless Battle Clause: Forcing endless battles is banned
|rule|Species Clause: Limit one of each Pokémon
|rule|OHKO Clause: OHKO moves are banned
|rule|Evasion Items Clause: Evasion items are banned
|rule|Evasion Moves Clause: Evasion moves are banned
|rule|Evasion Abilities Clause: Evasion abilities are banned
|rule|Sleep Moves Clause: Sleep-inducing moves are banned
|clearpoke
|poke|p1|Tinkaton, F|
|poke|p1|Great Tusk|
|poke|p1|Slither Wing|
|poke|p1|Skeledirge, F|
|poke|p1|Gliscor, M|
|poke|p1|Dragapult, M|
|poke|p2|Zamazenta-*|
|poke|p2|Kyurem|
|poke|p2|Iron Treads|
|poke|p2|Hatterene, F|
|poke|p2|Tornadus-Therian, M|
|poke|p2|Kingambit, M|
|teampreview
|c|☆Micciu|hf friend
|c|☆FTX High-Riser|Hf bro
|inactive|FTX High-Riser has 270 seconds left.
|inactive|Micciu has 270 seconds left.
|c|☆Micciu|sacri team mmm 
|c|☆Micciu|fuck i forget the slither set LMAOOO
|inactive|FTX High-Riser has 240 seconds left.
|inactive|Micciu has 240 seconds left.
|inactive|Micciu has 210 seconds left.
|inactive|FTX High-Riser has 210 seconds left.
|inactive|Micciu has 180 seconds left.
|
|t:|1779571947
|teamsize|p1|6
|teamsize|p2|6
|start
|switch|p1a: Gliscor|Gliscor, M|100/100
|switch|p2a: Iron Treads|Iron Treads|100/100
|turn|1
|inactive|FTX High-Riser has 270 seconds left.
|
|t:|1779571959
|move|p1a: Gliscor|Protect|p1a: Gliscor
|-singleturn|p1a: Gliscor|Protect
|move|p2a: Iron Treads|Stealth Rock|p1a: Gliscor
|-sidestart|p1: FTX High-Riser|move: Stealth Rock
|
|-status|p1a: Gliscor|tox|[from] item: Toxic Orb
|upkeep
|turn|2
|
|t:|1779571965
|-end|p2a: Iron Treads|Quark Drive|[silent]
|switch|p2a: Hatterene|Hatterene, F|100/100
|move|p1a: Gliscor|Knock Off|p2a: Hatterene
|-damage|p2a: Hatterene|82/100
|-damage|p1a: Gliscor|84/100 tox|[from] item: Rocky Helmet|[of] p2a: Hatterene
|-enditem|p2a: Hatterene|Rocky Helmet|[from] move: Knock Off|[of] p1a: Gliscor
|
|-heal|p1a: Gliscor|96/100 tox|[from] ability: Poison Heal
|upkeep
|turn|3
|
|t:|1779571976
|move|p1a: Gliscor|Swords Dance|p1a: Gliscor
|-boost|p1a: Gliscor|atk|2
|move|p2a: Hatterene|Psychic Noise|p1a: Gliscor
|-damage|p1a: Gliscor|56/100 tox
|-start|p1a: Gliscor|move: Heal Block
|
|upkeep
|turn|4
|
|t:|1779572000
|move|p1a: Gliscor|Facade|p2a: Hatterene
|-damage|p2a: Hatterene|34/100
|move|p2a: Hatterene|Draining Kiss|p1a: Gliscor
|-damage|p1a: Gliscor|26/100 tox
|-heal|p2a: Hatterene|58/100|[from] drain|[of] p1a: Gliscor
|
|-end|p1a: Gliscor|move: Heal Block
|upkeep
|turn|5
|
|t:|1779572010
|move|p1a: Gliscor|Protect|p1a: Gliscor
|-singleturn|p1a: Gliscor|Protect
|move|p2a: Hatterene|Draining Kiss|p1a: Gliscor
|-activate|p1a: Gliscor|move: Protect
|
|-heal|p1a: Gliscor|39/100 tox|[from] ability: Poison Heal
|upkeep
|turn|6
|
|t:|1779572029
|-terastallize|p1a: Gliscor|Normal
|move|p1a: Gliscor|Facade|p2a: Hatterene
|-damage|p2a: Hatterene|0 fnt
|faint|p2a: Hatterene
|
|-heal|p1a: Gliscor|51/100 tox|[from] ability: Poison Heal
|upkeep
|
|t:|1779572034
|switch|p2a: Zamazenta|Zamazenta|100/100
|-ability|p2a: Zamazenta|Dauntless Shield|boost
|-boost|p2a: Zamazenta|def|1
|turn|7
|inactive|Micciu has 270 seconds left.
|
|t:|1779572043
|move|p1a: Gliscor|Protect|p1a: Gliscor
|-singleturn|p1a: Gliscor|Protect
|move|p2a: Zamazenta|Crunch|p1a: Gliscor
|-activate|p1a: Gliscor|move: Protect
|
|-heal|p1a: Gliscor|64/100 tox|[from] ability: Poison Heal
|upkeep
|turn|8
|
|t:|1779572050
|switch|p2a: Kyurem|Kyurem|100/100
|-ability|p2a: Kyurem|Pressure
|switch|p1a: Slither Wing|Slither Wing|100/100
|
|upkeep
|turn|9
|inactive|Micciu has 270 seconds left.
|inactive|FTX High-Riser has 270 seconds left.
|inactive|Micciu has 240 seconds left.
|inactive|FTX High-Riser has 240 seconds left.
|inactive|FTX High-Riser disconnected and has 300 seconds to reconnect!
|player|p1|
|inactive|FTX High-Riser reconnected and has 230 seconds left.
|player|p1|FTX High-Riser|lucas|
|
|t:|1779572136
|-end|p1a: Slither Wing|Protosynthesis|[silent]
|switch|p1a: Tinkaton|Tinkaton, F|100/100
|-damage|p1a: Tinkaton|94/100|[from] Stealth Rock
|-ability|p1a: Tinkaton|Mold Breaker
|move|p2a: Kyurem|Ice Beam|p1a: Tinkaton
|-resisted|p1a: Tinkaton
|-damage|p1a: Tinkaton|77/100
|
|-heal|p1a: Tinkaton|83/100|[from] item: Leftovers
|upkeep
|turn|10
|inactive|Micciu has 240 seconds left.
|
|t:|1779572155
|move|p2a: Kyurem|Earth Power|p1a: Tinkaton
|-supereffective|p1a: Tinkaton
|-damage|p1a: Tinkaton|39/100
|move|p1a: Tinkaton|Stealth Rock|p2a: Kyurem
|-sidestart|p2: Micciu|move: Stealth Rock
|
|-heal|p1a: Tinkaton|45/100|[from] item: Leftovers
|upkeep
|turn|11
|inactive|Micciu has 240 seconds left.
|
|t:|1779572161
|move|p2a: Kyurem|Earth Power|p1a: Tinkaton
|-supereffective|p1a: Tinkaton
|-damage|p1a: Tinkaton|0 fnt
|faint|p1a: Tinkaton
|
|upkeep
|
|t:|1779572171
|switch|p1a: Dragapult|Dragapult, M|100/100
|turn|12
|inactive|FTX High-Riser has 210 seconds left.
|inactive|Micciu has 240 seconds left.
|
|t:|1779572199
|move|p1a: Dragapult|Draco Meteor|p2a: Kyurem
|-supereffective|p2a: Kyurem
|-damage|p2a: Kyurem|38/100
|-unboost|p1a: Dragapult|spa|2
|move|p2a: Kyurem|Ice Beam|p1a: Dragapult
|-supereffective|p1a: Dragapult
|-damage|p1a: Dragapult|0 fnt
|faint|p1a: Dragapult
|
|upkeep
|inactive|FTX High-Riser has 210 seconds left.
|
|t:|1779572209
|switch|p1a: Slither Wing|Slither Wing|100/100
|turn|13
|inactive|Micciu has 240 seconds left.
|
|t:|1779572231
|switch|p2a: Tornadus|Tornadus-Therian, M|100/100
|-damage|p2a: Tornadus|76/100|[from] Stealth Rock
|move|p1a: Slither Wing|First Impression|p2a: Tornadus
|-resisted|p2a: Tornadus
|-damage|p2a: Tornadus|47/100
|
|upkeep
|turn|14
|
|t:|1779572238
|-end|p1a: Slither Wing|Protosynthesis|[silent]
|switch|p1a: Skeledirge|Skeledirge, F|100/100
|move|p2a: Tornadus|Bleakwind Storm|p1a: Skeledirge
|-damage|p1a: Skeledirge|47/100
|-damage|p2a: Tornadus|37/100|[from] item: Life Orb
|
|upkeep
|turn|15
|inactive|Micciu has 240 seconds left.
|
|t:|1779572268
|move|p2a: Tornadus|Dark Pulse|p1a: Skeledirge
|-supereffective|p1a: Skeledirge
|-damage|p1a: Skeledirge|0 fnt
|faint|p1a: Skeledirge
|-damage|p2a: Tornadus|27/100|[from] item: Life Orb
|
|upkeep
|
|t:|1779572272
|switch|p1a: Slither Wing|Slither Wing|100/100
|turn|16
|
|t:|1779572276
|switch|p2a: Iron Treads|Iron Treads|100/100
|-damage|p2a: Iron Treads|97/100|[from] Stealth Rock
|move|p1a: Slither Wing|U-turn|p2a: Iron Treads
|-resisted|p2a: Iron Treads
|-damage|p2a: Iron Treads|84/100
|
|t:|1779572282
|-end|p1a: Slither Wing|Protosynthesis|[silent]
|switch|p1a: Great Tusk|Great Tusk|100/100|[from] U-turn
|
|-heal|p2a: Iron Treads|90/100|[from] item: Leftovers
|upkeep
|turn|17
|
|t:|1779572287
|move|p2a: Iron Treads|Rapid Spin|p1a: Great Tusk
|-damage|p1a: Great Tusk|89/100
|-boost|p2a: Iron Treads|spe|1
|-sideend|p2: Micciu|Stealth Rock|[from] move: Rapid Spin|[of] p2a: Iron Treads
|move|p1a: Great Tusk|Rapid Spin|p2a: Iron Treads
|-resisted|p2a: Iron Treads
|-damage|p2a: Iron Treads|81/100
|-boost|p1a: Great Tusk|spe|1
|-sideend|p1: FTX High-Riser|Stealth Rock|[from] move: Rapid Spin|[of] p1a: Great Tusk
|
|-heal|p2a: Iron Treads|88/100|[from] item: Leftovers
|upkeep
|turn|18
|
|t:|1779572296
|-end|p2a: Iron Treads|Quark Drive|[silent]
|switch|p2a: Zamazenta|Zamazenta|100/100
|move|p1a: Great Tusk|Close Combat|p2a: Zamazenta
|-damage|p2a: Zamazenta|52/100
|-unboost|p1a: Great Tusk|def|1
|-unboost|p1a: Great Tusk|spd|1
|
|-heal|p2a: Zamazenta|58/100|[from] item: Leftovers
|upkeep
|turn|19
|
|t:|1779572308
|move|p1a: Great Tusk|Headlong Rush|p2a: Zamazenta
|-damage|p2a: Zamazenta|12/100
|-unboost|p1a: Great Tusk|def|1
|-unboost|p1a: Great Tusk|spd|1
|move|p2a: Zamazenta|Body Press|p1a: Great Tusk
|-damage|p1a: Great Tusk|31/100
|
|-heal|p2a: Zamazenta|18/100|[from] item: Leftovers
|upkeep
|turn|20
|
|t:|1779572316
|move|p1a: Great Tusk|Close Combat|p2a: Zamazenta
|-damage|p2a: Zamazenta|0 fnt
|-unboost|p1a: Great Tusk|def|1
|-unboost|p1a: Great Tusk|spd|1
|faint|p2a: Zamazenta
|
|upkeep
|
|t:|1779572346
|switch|p2a: Kingambit|Kingambit, M|100/100
|-activate|p2a: Kingambit|ability: Supreme Overlord
|-start|p2a: Kingambit|fallen2|[silent]
|-item|p2a: Kingambit|Air Balloon
|turn|21
|
|t:|1779572352
|-end|p1a: Great Tusk|Protosynthesis|[silent]
|switch|p1a: Slither Wing|Slither Wing|100/100
|move|p2a: Kingambit|Sucker Punch||[still]
|-fail|p2a: Kingambit
|
|upkeep
|turn|22
|inactive|FTX High-Riser has 270 seconds left.
|
|t:|1779572361
|-terastallize|p2a: Kingambit|Fire
|move|p1a: Slither Wing|Will-O-Wisp|p2a: Kingambit
|-immune|p2a: Kingambit
|move|p2a: Kingambit|Swords Dance|p2a: Kingambit
|-boost|p2a: Kingambit|atk|2
|
|upkeep
|turn|23
|
|t:|1779572366
|move|p1a: Slither Wing|U-turn|p2a: Kingambit
|-resisted|p2a: Kingambit
|-damage|p2a: Kingambit|88/100
|-enditem|p2a: Kingambit|Air Balloon
|
|t:|1779572368
|-end|p1a: Slither Wing|Protosynthesis|[silent]
|switch|p1a: Great Tusk|Great Tusk|31/100|[from] U-turn
|move|p2a: Kingambit|Iron Head|p1a: Great Tusk
|-damage|p1a: Great Tusk|0 fnt
|faint|p1a: Great Tusk
|-end|p1a: Great Tusk|Protosynthesis|[silent]
|
|upkeep
|
|t:|1779572371
|switch|p1a: Gliscor|Gliscor, M, tera:Normal|64/100 tox
|turn|24
|
|t:|1779572374
|move|p1a: Gliscor|Facade|p2a: Kingambit
|-damage|p2a: Kingambit|54/100
|move|p2a: Kingambit|Kowtow Cleave|p1a: Gliscor
|-damage|p1a: Gliscor|0 fnt
|faint|p1a: Gliscor
|
|upkeep
|
|t:|1779572377
|switch|p1a: Slither Wing|Slither Wing|100/100
|turn|25
|c|☆Micciu|gg friend
|
|t:|1779572381
|move|p1a: Slither Wing|First Impression|p2a: Kingambit
|-resisted|p2a: Kingambit
|-damage|p2a: Kingambit|37/100
|move|p2a: Kingambit|Iron Head|p1a: Slither Wing
|-damage|p1a: Slither Wing|0 fnt
|faint|p1a: Slither Wing
|-end|p1a: Slither Wing|Protosynthesis|[silent]
|
|win|Micciu
|c|☆FTX High-Riser|Gg
|c|☆FTX High-Riser|Gl
|c|☆Micciu|ty 
|player|p1|
|player|p2|
