|j|☆critical_32
|j|☆tyr585
|t:|1779620389
|gametype|singles
|player|p1|critical_32|265|1443
|player|p2|tyr585|waiter-gen4dp|1496
|gen|9
|tier|[Gen 9] OU
|rated|
|rule|HP Percentage Mod: HP is shown in percentages
|rule|Endless Battle Clause: Forcing endless battles is banned
|rule|Species Clause: Limit one of each Pokémon
|rule|OHKO Clause: OHKO moves are banned
|rule|Evasion Items Clause: Evasion items are banned
|rule|Evasion Moves Clause: Evasion moves are banned
|rule|Evasion Abilities Clause: Evasion abilities are banned
|rule|Sleep Moves Clause: Sleep-inducing moves are banned
|clearpoke
|poke|p1|Barraskewda, M|
|poke|p1|Basculegion, M|
|poke|p1|Goodra-Hisui, F|
|poke|p1|Blissey, F|
|poke|p1|Conkeldurr, M|
|poke|p1|Pelipper, F|
|poke|p2|Deoxys-Speed|
|poke|p2|Ting-Lu|
|poke|p2|Iron Valiant|
|poke|p2|Scizor, M|
|poke|p2|Corviknight, F|
|poke|p2|Raging Bolt|
|teampreview
|inactive|Battle timer is ON: inactive players will automatically lose when time's up. (requested by critical_32)
|
|t:|1779620398
|teamsize|p1|6
|teamsize|p2|6
|start
|switch|p1a: Pelipper|Pelipper, F|100/100
|switch|p2a: Ting-Lu|Ting-Lu|100/100
|-weather|RainDance|[from] ability: Drizzle|[of] p1a: Pelipper
|-ability|p2a: Ting-Lu|Vessel of Ruin
|turn|1
|
|t:|1779620410
|move|p1a: Pelipper|Surf|p2a: Ting-Lu
|-supereffective|p2a: Ting-Lu
|-damage|p2a: Ting-Lu|49/100
|move|p2a: Ting-Lu|Stealth Rock|p1a: Pelipper
|-sidestart|p1: critical_32|move: Stealth Rock
|
|-weather|RainDance|[upkeep]
|-heal|p2a: Ting-Lu|55/100|[from] item: Leftovers
|upkeep
|turn|2
|
|t:|1779620419
|switch|p2a: Raging Bolt|Raging Bolt|100/100
|-enditem|p2a: Raging Bolt|Booster Energy
|-activate|p2a: Raging Bolt|ability: Protosynthesis|[fromitem]
|-start|p2a: Raging Bolt|protosynthesisspa
|move|p1a: Pelipper|Hurricane|p2a: Raging Bolt
|-resisted|p2a: Raging Bolt
|-damage|p2a: Raging Bolt|80/100
|-start|p2a: Raging Bolt|confusion
|
|-weather|RainDance|[upkeep]
|upkeep
|turn|3
|
|t:|1779620431
|switch|p1a: Blissey|Blissey, F|100/100
|-damage|p1a: Blissey|88/100|[from] Stealth Rock
|-activate|p2a: Raging Bolt|confusion
|move|p2a: Raging Bolt|Calm Mind|p2a: Raging Bolt
|-boost|p2a: Raging Bolt|spa|1
|-boost|p2a: Raging Bolt|spd|1
|
|-weather|RainDance|[upkeep]
|-heal|p1a: Blissey|94/100|[from] item: Leftovers
|upkeep
|turn|4
|
|t:|1779620442
|-end|p2a: Raging Bolt|confusion
|move|p2a: Raging Bolt|Thunderbolt|p1a: Blissey
|-damage|p1a: Blissey|56/100
|move|p1a: Blissey|Calm Mind|p1a: Blissey
|-boost|p1a: Blissey|spa|1
|-boost|p1a: Blissey|spd|1
|
|-weather|RainDance|[upkeep]
|-heal|p1a: Blissey|62/100|[from] item: Leftovers
|upkeep
|turn|5
|
|t:|1779620453
|-end|p2a: Raging Bolt|Protosynthesis|[silent]
|switch|p2a: Iron Valiant|Iron Valiant|100/100
|-enditem|p2a: Iron Valiant|Booster Energy
|-activate|p2a: Iron Valiant|ability: Quark Drive|[fromitem]
|-start|p2a: Iron Valiant|quarkdrivespe
|move|p1a: Blissey|Calm Mind|p1a: Blissey
|-boost|p1a: Blissey|spa|1
|-boost|p1a: Blissey|spd|1
|
|-weather|RainDance|[upkeep]
|-heal|p1a: Blissey|69/100|[from] item: Leftovers
|upkeep
|turn|6
|
|t:|1779620465
|-terastallize|p1a: Blissey|Ghost
|move|p2a: Iron Valiant|Swords Dance|p2a: Iron Valiant
|-boost|p2a: Iron Valiant|atk|2
|move|p1a: Blissey|Shadow Ball|p2a: Iron Valiant
|-damage|p2a: Iron Valiant|0 fnt
|faint|p2a: Iron Valiant
|-end|p2a: Iron Valiant|Quark Drive|[silent]
|
|-weather|RainDance|[upkeep]
|-heal|p1a: Blissey|75/100|[from] item: Leftovers
|upkeep
|
|t:|1779620479
|switch|p2a: Scizor|Scizor, M|100/100
|turn|7
|
|t:|1779620485
|move|p2a: Scizor|Knock Off|p1a: Blissey
|-supereffective|p1a: Blissey
|-damage|p1a: Blissey|0 fnt
|-enditem|p1a: Blissey|Leftovers|[from] move: Knock Off|[of] p2a: Scizor
|faint|p1a: Blissey
|
|-weather|RainDance|[upkeep]
|upkeep
|
|t:|1779620492
|switch|p1a: Basculegion|Basculegion, M|100/100
|-damage|p1a: Basculegion|88/100|[from] Stealth Rock
|turn|8
|
|t:|1779620499
|switch|p2a: Raging Bolt|Raging Bolt|80/100
|move|p1a: Basculegion|Wave Crash|p2a: Raging Bolt
|-resisted|p2a: Raging Bolt
|-damage|p2a: Raging Bolt|21/100
|-damage|p1a: Basculegion|65/100|[from] Recoil
|
|-weather|none
|upkeep
|turn|9
|
|t:|1779620509
|move|p2a: Raging Bolt|Thunderclap|p1a: Basculegion
|-supereffective|p1a: Basculegion
|-damage|p1a: Basculegion|0 fnt
|faint|p1a: Basculegion
|
|upkeep
|
|t:|1779620513
|switch|p1a: Goodra|Goodra-Hisui, F|100/100
|-damage|p1a: Goodra|95/100|[from] Stealth Rock
|turn|10
|
|t:|1779620520
|-end|p2a: Raging Bolt|Protosynthesis|[silent]
|switch|p2a: Ting-Lu|Ting-Lu|55/100
|-ability|p2a: Ting-Lu|Vessel of Ruin
|move|p1a: Goodra|Dragon Breath|p2a: Ting-Lu
|-damage|p2a: Ting-Lu|38/100
|-status|p2a: Ting-Lu|par
|
|-heal|p2a: Ting-Lu|44/100 par|[from] item: Leftovers
|upkeep
|turn|11
|
|t:|1779620533
|switch|p1a: Pelipper|Pelipper, F|100/100
|-damage|p1a: Pelipper|76/100|[from] Stealth Rock
|-weather|RainDance|[from] ability: Drizzle|[of] p1a: Pelipper
|move|p2a: Ting-Lu|Ruination|p1a: Pelipper
|-damage|p1a: Pelipper|38/100
|
|-weather|RainDance|[upkeep]
|-heal|p2a: Ting-Lu|50/100 par|[from] item: Leftovers
|upkeep
|turn|12
|
|t:|1779620546
|move|p1a: Pelipper|Roost|p1a: Pelipper
|-heal|p1a: Pelipper|88/100
|-singleturn|p1a: Pelipper|move: Roost
|move|p2a: Ting-Lu|Whirlwind|p1a: Pelipper
|drag|p1a: Barraskewda|Barraskewda, M|100/100
|-damage|p1a: Barraskewda|88/100|[from] Stealth Rock
|
|-weather|RainDance|[upkeep]
|-heal|p2a: Ting-Lu|57/100 par|[from] item: Leftovers
|upkeep
|turn|13
|
|t:|1779620561
|move|p1a: Barraskewda|Liquidation|p2a: Ting-Lu
|-supereffective|p2a: Ting-Lu
|-damage|p2a: Ting-Lu|0 fnt
|faint|p2a: Ting-Lu
|
|-weather|RainDance|[upkeep]
|upkeep
|
|t:|1779620567
|switch|p2a: Corviknight|Corviknight, F|100/100
|turn|14
|
|t:|1779620572
|-terastallize|p2a: Corviknight|Water
|move|p1a: Barraskewda|Liquidation|p2a: Corviknight
|-resisted|p2a: Corviknight
|-damage|p2a: Corviknight|69/100
|-damage|p1a: Barraskewda|71/100|[from] item: Rocky Helmet|[of] p2a: Corviknight
|move|p2a: Corviknight|Brave Bird|p1a: Barraskewda
|-damage|p1a: Barraskewda|2/100
|-damage|p2a: Corviknight|54/100|[from] Recoil
|
|-weather|RainDance|[upkeep]
|upkeep
|turn|15
|
|t:|1779620584
|move|p1a: Barraskewda|Liquidation|p2a: Corviknight
|-resisted|p2a: Corviknight
|-damage|p2a: Corviknight|24/100
|-damage|p1a: Barraskewda|0 fnt|[from] item: Rocky Helmet|[of] p2a: Corviknight
|faint|p1a: Barraskewda
|move|p2a: Corviknight|Roost|p2a: Corviknight
|-heal|p2a: Corviknight|74/100
|
|-weather|RainDance|[upkeep]
|upkeep
|
|t:|1779620589
|switch|p1a: Goodra|Goodra-Hisui, F|95/100
|-damage|p1a: Goodra|89/100|[from] Stealth Rock
|turn|16
|
|t:|1779620600
|move|p2a: Corviknight|U-turn|p1a: Goodra
|-resisted|p1a: Goodra
|-damage|p1a: Goodra|81/100
|
|t:|1779620606
|switch|p2a: Raging Bolt|Raging Bolt|21/100|[from] U-turn
|move|p1a: Goodra|Thunder|p2a: Raging Bolt
|-resisted|p2a: Raging Bolt
|-damage|p2a: Raging Bolt|9/100
|
|-weather|RainDance|[upkeep]
|upkeep
|turn|17
|
|t:|1779620616
|move|p2a: Raging Bolt|Dragon Pulse|p1a: Goodra
|-damage|p1a: Goodra|48/100
|move|p1a: Goodra|Thunder|p2a: Raging Bolt
|-resisted|p2a: Raging Bolt
|-damage|p2a: Raging Bolt|0 fnt
|faint|p2a: Raging Bolt
|-end|p2a: Raging Bolt|Protosynthesis|[silent]
|
|-weather|RainDance|[upkeep]
|upkeep
|
|t:|1779620626
|switch|p2a: Scizor|Scizor, M|100/100
|turn|18
|
|t:|1779620640
|move|p2a: Scizor|Close Combat|p1a: Goodra
|-supereffective|p1a: Goodra
|-damage|p1a: Goodra|0 fnt
|-unboost|p2a: Scizor|def|1
|-unboost|p2a: Scizor|spd|1
|faint|p1a: Goodra
|
|-weather|none
|upkeep
|
|t:|1779620653
|switch|p1a: Pelipper|Pelipper, F|88/100
|-damage|p1a: Pelipper|63/100|[from] Stealth Rock
|-weather|RainDance|[from] ability: Drizzle|[of] p1a: Pelipper
|turn|19
|
|t:|1779620662
|switch|p2a: Corviknight|Corviknight, F, tera:Water|74/100
|move|p1a: Pelipper|Hurricane|p2a: Corviknight
|-damage|p2a: Corviknight|24/100
|
|-weather|RainDance|[upkeep]
|upkeep
|turn|20
|
|t:|1779620676
|move|p1a: Pelipper|Hurricane|p2a: Corviknight
|-damage|p2a: Corviknight|0 fnt
|faint|p2a: Corviknight
|
|-weather|RainDance|[upkeep]
|upkeep
|
|t:|1779620688
|switch|p2a: Deoxys|Deoxys-Speed|100/100
|-ability|p2a: Deoxys|Pressure
|turn|21
|
|t:|1779620696
|move|p2a: Deoxys|Psycho Boost|p1a: Pelipper|[miss]
|-miss|p2a: Deoxys|p1a: Pelipper
|move|p1a: Pelipper|Hurricane|p2a: Deoxys
|-damage|p2a: Deoxys|15/100
|-start|p2a: Deoxys|confusion
|
|-weather|RainDance|[upkeep]
|upkeep
|turn|22
|
|t:|1779620706
|-activate|p2a: Deoxys|confusion
|move|p2a: Deoxys|Psycho Boost|p1a: Pelipper
|-damage|p1a: Pelipper|0 fnt
|-unboost|p2a: Deoxys|spa|2
|faint|p1a: Pelipper
|
|-weather|RainDance|[upkeep]
|upkeep
|
|t:|1779620714
|switch|p1a: Conkeldurr|Conkeldurr, M|100/100
|-damage|p1a: Conkeldurr|94/100|[from] Stealth Rock
|turn|23
|
|t:|1779620719
|switch|p2a: Scizor|Scizor, M|100/100
|move|p1a: Conkeldurr|Mach Punch|p2a: Scizor
|-damage|p2a: Scizor|78/100
|
|-weather|RainDance|[upkeep]
|-status|p1a: Conkeldurr|brn|[from] item: Flame Orb
|upkeep
|turn|24
|
|t:|1779620731
|move|p2a: Scizor|Bullet Punch|p1a: Conkeldurr
|-damage|p1a: Conkeldurr|54/100 brn
|move|p1a: Conkeldurr|Drain Punch|p2a: Scizor
|-damage|p2a: Scizor|14/100
|-heal|p1a: Conkeldurr|85/100 brn|[from] drain|[of] p2a: Scizor
|
|-weather|RainDance|[upkeep]
|-damage|p1a: Conkeldurr|79/100 brn|[from] brn
|upkeep
|turn|25
|
|t:|1779620742
|move|p2a: Scizor|Bullet Punch|p1a: Conkeldurr
|-damage|p1a: Conkeldurr|35/100 brn
|move|p1a: Conkeldurr|Bulk Up|p1a: Conkeldurr
|-boost|p1a: Conkeldurr|atk|1
|-boost|p1a: Conkeldurr|def|1
|
|-weather|RainDance|[upkeep]
|-damage|p1a: Conkeldurr|29/100 brn|[from] brn
|upkeep
|turn|26
|
|t:|1779620752
|move|p2a: Scizor|Bullet Punch|p1a: Conkeldurr
|-damage|p1a: Conkeldurr|0 fnt
|faint|p1a: Conkeldurr
|
|win|tyr585
|raw|critical_32's rating: 1443 &rarr; <strong>1426</strong><br />(-17 for losing)
|raw|tyr585's rating: 1496 &rarr; <strong>1513</strong><br />(+17 for winning)
|l|☆critical_32
|player|p1|
|l|☆tyr585
|player|p2|
