|j|☆Aguila74
|j|☆Billythekid95
|t:|1779569891
|gametype|singles
|player|p1|Aguila74|ethan|1597
|player|p2|Billythekid95|170|1678
|gen|9
|tier|[Gen 9] OU
|rated|
|rule|HP Percentage Mod: HP is shown in percentages
|rule|Endless Battle Clause: Forcing endless battles is banned
|rule|Species Clause: Limit one of each Pokémon
|rule|OHKO Clause: OHKO moves are banned
|rule|Evasion Items Clause: Evasion items are banned
|rule|Evasion Moves Clause: Evasion moves are banned
|rule|Evasion Abilities Clause: Evasion abilities are banned
|rule|Sleep Moves Clause: Sleep-inducing moves are banned
|clearpoke
|poke|p1|Dragapult, F|
|poke|p1|Iron Moth|
|poke|p1|Meowscarada, F|
|poke|p1|Iron Treads|
|poke|p1|Primarina, F|
|poke|p1|Conkeldurr, F|
|poke|p2|Iron Crown|
|poke|p2|Ninetales-Alola, F|
|poke|p2|Great Tusk|
|poke|p2|Ogerpon-Wellspring, F|
|poke|p2|Moltres-Galar|
|poke|p2|Ceruledge, F|
|teampreview
|inactive|Battle timer is ON: inactive players will automatically lose when time's up. (requested by Aguila74)
|inactive|Billythekid95 has 120 seconds left.
|inactive|Billythekid95 has 90 seconds left.
|
|t:|1779569978
|teamsize|p1|6
|teamsize|p2|6
|start
|switch|p1a: Conkeldurr|Conkeldurr, F|100/100
|switch|p2a: Ogerpon|Ogerpon-Wellspring, F|100/100
|turn|1
|inactive|Billythekid95 has 120 seconds left.
|inactive|Billythekid95 has 90 seconds left.
|
|t:|1779570046
|move|p2a: Ogerpon|Ivy Cudgel|p1a: Conkeldurr|[anim] Ivy Cudgel Water
|-damage|p1a: Conkeldurr|47/100
|move|p1a: Conkeldurr|Drain Punch|p2a: Ogerpon
|-damage|p2a: Ogerpon|42/100
|-heal|p1a: Conkeldurr|69/100|[from] drain|[of] p2a: Ogerpon
|
|upkeep
|turn|2
|inactive|Billythekid95 has 90 seconds left.
|
|t:|1779570053
|move|p2a: Ogerpon|Ivy Cudgel|p1a: Conkeldurr|[anim] Ivy Cudgel Water
|-damage|p1a: Conkeldurr|19/100
|move|p1a: Conkeldurr|Drain Punch|p2a: Ogerpon
|-damage|p2a: Ogerpon|0 fnt
|-heal|p1a: Conkeldurr|34/100|[from] drain|[of] p2a: Ogerpon
|faint|p2a: Ogerpon
|
|upkeep
|inactive|Billythekid95 has 90 seconds left.
|
|t:|1779570061
|switch|p2a: Ninetales|Ninetales-Alola, F|100/100
|-weather|Snowscape|[from] ability: Snow Warning|[of] p2a: Ninetales
|turn|3
|
|t:|1779570071
|move|p2a: Ninetales|Aurora Veil|p2a: Ninetales
|-sidestart|p2: Billythekid95|move: Aurora Veil
|move|p1a: Conkeldurr|Knock Off|p2a: Ninetales
|-resisted|p2a: Ninetales
|-damage|p2a: Ninetales|92/100
|-enditem|p2a: Ninetales|Light Clay|[from] move: Knock Off|[of] p1a: Conkeldurr
|
|-weather|Snowscape|[upkeep]
|upkeep
|turn|4
|
|t:|1779570079
|switch|p1a: Iron Treads|Iron Treads|100/100
|move|p2a: Ninetales|Moonblast|p1a: Iron Treads
|-resisted|p1a: Iron Treads
|-damage|p1a: Iron Treads|82/100
|
|-weather|Snowscape|[upkeep]
|-heal|p1a: Iron Treads|89/100|[from] item: Leftovers
|upkeep
|turn|5
|
|t:|1779570086
|switch|p2a: Great Tusk|Great Tusk|100/100
|move|p1a: Iron Treads|Stealth Rock|p2a: Great Tusk
|-sidestart|p2: Billythekid95|move: Stealth Rock
|
|-weather|Snowscape|[upkeep]
|-heal|p1a: Iron Treads|95/100|[from] item: Leftovers
|upkeep
|turn|6
|
|t:|1779570092
|-end|p1a: Iron Treads|Quark Drive|[silent]
|switch|p1a: Primarina|Primarina, F|100/100
|move|p2a: Great Tusk|Knock Off|p1a: Primarina
|-resisted|p1a: Primarina
|-damage|p1a: Primarina|90/100
|-enditem|p1a: Primarina|Leftovers|[from] move: Knock Off|[of] p2a: Great Tusk
|
|-weather|Snowscape|[upkeep]
|upkeep
|turn|7
|inactive|Billythekid95 has 120 seconds left.
|
|t:|1779570099
|move|p2a: Great Tusk|Rapid Spin|p1a: Primarina
|-damage|p1a: Primarina|77/100
|-boost|p2a: Great Tusk|spe|1
|-sideend|p2: Billythekid95|Stealth Rock|[from] move: Rapid Spin|[of] p2a: Great Tusk
|move|p1a: Primarina|Calm Mind|p1a: Primarina
|-boost|p1a: Primarina|spa|1
|-boost|p1a: Primarina|spd|1
|
|-weather|none
|upkeep
|turn|8
|
|t:|1779570107
|move|p2a: Great Tusk|Earthquake|p1a: Primarina
|-damage|p1a: Primarina|43/100
|move|p1a: Primarina|Draining Kiss|p2a: Great Tusk
|-supereffective|p2a: Great Tusk
|-damage|p2a: Great Tusk|83/100
|-heal|p1a: Primarina|58/100|[from] drain|[of] p2a: Great Tusk
|
|upkeep
|turn|9
|
|t:|1779570113
|move|p2a: Great Tusk|Earthquake|p1a: Primarina
|-damage|p1a: Primarina|24/100
|move|p1a: Primarina|Psychic Noise|p2a: Great Tusk
|-supereffective|p2a: Great Tusk
|-damage|p2a: Great Tusk|59/100
|-start|p2a: Great Tusk|move: Heal Block
|
|upkeep
|turn|10
|
|t:|1779570120
|move|p2a: Great Tusk|Earthquake|p1a: Primarina
|-damage|p1a: Primarina|0 fnt
|faint|p1a: Primarina
|
|-end|p2a: Great Tusk|move: Heal Block
|-sideend|p2: Billythekid95|move: Aurora Veil
|upkeep
|
|t:|1779570124
|switch|p1a: Dragapult|Dragapult, F|100/100
|turn|11
|
|t:|1779570129
|move|p1a: Dragapult|Dragon Darts|p2a: Great Tusk
|-damage|p2a: Great Tusk|37/100
|-anim|p1a: Dragapult|Dragon Darts|p2a: Great Tusk
|-damage|p2a: Great Tusk|13/100
|-damage|p1a: Dragapult|91/100|[from] item: Life Orb
|move|p2a: Great Tusk|Knock Off|p1a: Dragapult
|-supereffective|p1a: Dragapult
|-damage|p1a: Dragapult|13/100
|-enditem|p1a: Dragapult|Life Orb|[from] move: Knock Off|[of] p2a: Great Tusk
|
|upkeep
|turn|12
|
|t:|1779570139
|move|p1a: Dragapult|Dragon Darts|p2a: Great Tusk
|-damage|p2a: Great Tusk|0 fnt
|faint|p2a: Great Tusk
|-end|p2a: Great Tusk|Protosynthesis|[silent]
|
|upkeep
|
|t:|1779570143
|switch|p2a: Ninetales|Ninetales-Alola, F|92/100
|-weather|Snowscape|[from] ability: Snow Warning|[of] p2a: Ninetales
|turn|13
|
|t:|1779570149
|move|p1a: Dragapult|Phantom Force||[still]
|-prepare|p1a: Dragapult|Phantom Force
|move|p2a: Ninetales|Aurora Veil|p2a: Ninetales
|-sidestart|p2: Billythekid95|move: Aurora Veil
|
|-weather|Snowscape|[upkeep]
|upkeep
|turn|14
|
|t:|1779570154
|move|p1a: Dragapult|Phantom Force|p2a: Ninetales|[from] lockedmove
|-damage|p2a: Ninetales|54/100
|move|p2a: Ninetales|Moonblast|p1a: Dragapult
|-supereffective|p1a: Dragapult
|-crit|p1a: Dragapult
|-damage|p1a: Dragapult|0 fnt
|faint|p1a: Dragapult
|
|-weather|Snowscape|[upkeep]
|upkeep
|
|t:|1779570165
|switch|p1a: Iron Treads|Iron Treads|95/100
|turn|15
|
|t:|1779570169
|switch|p2a: Moltres|Moltres-Galar|100/100
|move|p1a: Iron Treads|Stealth Rock|p2a: Moltres
|-sidestart|p2: Billythekid95|move: Stealth Rock
|
|-weather|Snowscape|[upkeep]
|-heal|p1a: Iron Treads|100/100|[from] item: Leftovers
|upkeep
|turn|16
|
|t:|1779570176
|move|p1a: Iron Treads|Rapid Spin|p2a: Moltres
|-damage|p2a: Moltres|91/100
|-boost|p1a: Iron Treads|spe|1
|move|p2a: Moltres|Nasty Plot|p2a: Moltres
|-boost|p2a: Moltres|spa|2
|
|-weather|Snowscape|[upkeep]
|upkeep
|turn|17
|
|t:|1779570183
|move|p1a: Iron Treads|Iron Head|p2a: Moltres
|-damage|p2a: Moltres|68/100
|move|p2a: Moltres|Fiery Wrath|p1a: Iron Treads
|-damage|p1a: Iron Treads|0 fnt
|faint|p1a: Iron Treads
|-end|p1a: Iron Treads|Quark Drive|[silent]
|
|-weather|none
|-sideend|p2: Billythekid95|move: Aurora Veil
|upkeep
|
|t:|1779570187
|switch|p1a: Meowscarada|Meowscarada, F|100/100
|turn|18
|
|t:|1779570191
|move|p1a: Meowscarada|Triple Axel|p2a: Moltres
|-start|p1a: Meowscarada|typechange|Ice|[from] ability: Protean
|-supereffective|p2a: Moltres
|-damage|p2a: Moltres|38/100
|-enditem|p2a: Moltres|Sitrus Berry|[eat]
|-heal|p2a: Moltres|63/100|[from] item: Sitrus Berry
|-supereffective|p2a: Moltres
|-damage|p2a: Moltres|6/100
|-supereffective|p2a: Moltres
|-damage|p2a: Moltres|0 fnt
|faint|p2a: Moltres
|-hitcount|p2: Moltres|3
|-damage|p1a: Meowscarada|91/100|[from] item: Life Orb
|
|upkeep
|
|t:|1779570210
|switch|p2a: Ninetales|Ninetales-Alola, F|54/100
|-damage|p2a: Ninetales|29/100|[from] Stealth Rock
|-weather|Snowscape|[from] ability: Snow Warning|[of] p2a: Ninetales
|turn|19
|
|t:|1779570215
|move|p1a: Meowscarada|Flower Trick|p2a: Ninetales
|-crit|p2a: Ninetales
|-damage|p2a: Ninetales|0 fnt
|faint|p2a: Ninetales
|-damage|p1a: Meowscarada|81/100|[from] item: Life Orb
|
|-weather|Snowscape|[upkeep]
|upkeep
|
|t:|1779570225
|switch|p2a: Iron Crown|Iron Crown|100/100
|-damage|p2a: Iron Crown|94/100|[from] Stealth Rock
|-enditem|p2a: Iron Crown|Booster Energy
|-activate|p2a: Iron Crown|ability: Quark Drive|[fromitem]
|-start|p2a: Iron Crown|quarkdrivespa
|turn|20
|
|t:|1779570234
|switch|p1a: Conkeldurr|Conkeldurr, F|34/100
|-terastallize|p2a: Iron Crown|Flying
|move|p2a: Iron Crown|Agility|p2a: Iron Crown
|-boost|p2a: Iron Crown|spe|2
|
|-weather|Snowscape|[upkeep]
|upkeep
|turn|21
|
|t:|1779570242
|move|p2a: Iron Crown|Stored Power|p1a: Conkeldurr
|-supereffective|p1a: Conkeldurr
|-damage|p1a: Conkeldurr|0 fnt
|faint|p1a: Conkeldurr
|
|-weather|Snowscape|[upkeep]
|upkeep
|
|t:|1779570245
|switch|p1a: Meowscarada|Meowscarada, F|81/100
|turn|22
|
|t:|1779570249
|move|p2a: Iron Crown|Tachyon Cutter|p1a: Meowscarada
|-damage|p1a: Meowscarada|30/100
|-damage|p1a: Meowscarada|0 fnt
|faint|p1a: Meowscarada
|-hitcount|p1: Meowscarada|2
|
|-weather|Snowscape|[upkeep]
|upkeep
|
|t:|1779570252
|switch|p1a: Iron Moth|Iron Moth|100/100
|-enditem|p1a: Iron Moth|Booster Energy
|-activate|p1a: Iron Moth|ability: Quark Drive|[fromitem]
|-start|p1a: Iron Moth|quarkdrivespe
|turn|23
|
|t:|1779570260
|move|p2a: Iron Crown|Calm Mind|p2a: Iron Crown
|-boost|p2a: Iron Crown|spa|1
|-boost|p2a: Iron Crown|spd|1
|move|p1a: Iron Moth|Sludge Wave|p2a: Iron Crown
|-damage|p2a: Iron Crown|66/100
|
|-weather|none
|upkeep
|turn|24
|
|t:|1779570266
|move|p2a: Iron Crown|Stored Power|p1a: Iron Moth
|-supereffective|p1a: Iron Moth
|-damage|p1a: Iron Moth|0 fnt
|faint|p1a: Iron Moth
|-end|p1a: Iron Moth|Quark Drive|[silent]
|
|win|Billythekid95
|raw|Aguila74's rating: 1597 &rarr; <strong>1582</strong><br />(-15 for losing)
|raw|Billythekid95's rating: 1678 &rarr; <strong>1693</strong><br />(+15 for winning)
|l|☆Aguila74
|player|p1|
|l|☆Billythekid95
|player|p2|
