|j|☆my shitters
|j|☆juancbas1234
|t:|1779595906
|gametype|singles
|player|p1|my shitters|preschooler|1304
|player|p2|juancbas1234|169|1293
|gen|9
|tier|[Gen 9] OU
|rated|
|rule|HP Percentage Mod: HP is shown in percentages
|rule|Endless Battle Clause: Forcing endless battles is banned
|rule|Species Clause: Limit one of each Pokémon
|rule|OHKO Clause: OHKO moves are banned
|rule|Evasion Items Clause: Evasion items are banned
|rule|Evasion Moves Clause: Evasion moves are banned
|rule|Evasion Abilities Clause: Evasion abilities are banned
|rule|Sleep Moves Clause: Sleep-inducing moves are banned
|clearpoke
|poke|p1|Sableye, M|
|poke|p1|Glastrier|
|poke|p1|Alcremie-Ruby-Swirl, F|
|poke|p1|Ursaring, F|
|poke|p1|Primeape, M|
|poke|p1|Vikavolt, F|
|poke|p2|Ogerpon-Cornerstone, F|
|poke|p2|Garchomp, F|
|poke|p2|Gholdengo|
|poke|p2|Kingambit, F|
|poke|p2|Moltres|
|poke|p2|Great Tusk|
|teampreview
|inactive|Battle timer is ON: inactive players will automatically lose when time's up. (requested by my shitters)
|
|t:|1779595920
|teamsize|p1|6
|teamsize|p2|6
|start
|switch|p1a: 💎Posting|Sableye, M|100/100
|switch|p2a: Gholdengo|Gholdengo|100/100
|turn|1
|
|t:|1779595926
|move|p1a: 💎Posting|Light Screen|p1a: 💎Posting
|-sidestart|p1: my shitters|move: Light Screen
|move|p2a: Gholdengo|Trick|p1a: 💎Posting
|-activate|p2a: Gholdengo|move: Trick|[of] p1a: 💎Posting
|-item|p1a: 💎Posting|Choice Scarf|[from] move: Trick
|-item|p2a: Gholdengo|Light Clay|[from] move: Trick
|
|upkeep
|turn|2
|
|t:|1779595941
|switch|p1a: Only4CubLinx|Ursaring, F|100/100
|move|p2a: Gholdengo|Nasty Plot|p2a: Gholdengo
|-boost|p2a: Gholdengo|spa|2
|
|-status|p1a: Only4CubLinx|brn|[from] item: Flame Orb
|upkeep
|turn|3
|inactive|juancbas1234 has 120 seconds left.
|
|t:|1779595997
|move|p2a: Gholdengo|Make It Rain|p1a: Only4CubLinx
|-damage|p1a: Only4CubLinx|22/100 brn
|-unboost|p2a: Gholdengo|spa|1
|move|p1a: Only4CubLinx|Throat Chop|p2a: Gholdengo
|-supereffective|p2a: Gholdengo
|-damage|p2a: Gholdengo|0 fnt
|faint|p2a: Gholdengo
|
|-damage|p1a: Only4CubLinx|16/100 brn|[from] brn
|upkeep
|inactive|juancbas1234 has 90 seconds left.
|
|t:|1779596018
|switch|p2a: Ogerpon|Ogerpon-Cornerstone, F|100/100
|turn|4
|
|t:|1779596022
|move|p2a: Ogerpon|Horn Leech|p1a: Only4CubLinx
|-damage|p1a: Only4CubLinx|0 fnt
|faint|p1a: Only4CubLinx
|
|upkeep
|
|t:|1779596030
|switch|p1a: PonnieColeman|Primeape, M|100/100
|turn|5
|inactive|juancbas1234 has 90 seconds left.
|
|t:|1779596054
|switch|p2a: Moltres|Moltres|100/100
|move|p1a: PonnieColeman|Bulk Up|p1a: PonnieColeman
|-boost|p1a: PonnieColeman|atk|1
|-boost|p1a: PonnieColeman|def|1
|
|upkeep
|turn|6
|inactive|juancbas1234 has 90 seconds left.
|
|t:|1779596061
|move|p1a: PonnieColeman|Bulk Up|p1a: PonnieColeman
|-boost|p1a: PonnieColeman|atk|1
|-boost|p1a: PonnieColeman|def|1
|move|p2a: Moltres|Will-O-Wisp|p1a: PonnieColeman
|-status|p1a: PonnieColeman|brn
|
|-damage|p1a: PonnieColeman|95/100 brn|[from] brn
|upkeep
|turn|7
|inactive|juancbas1234 has 90 seconds left.
|
|t:|1779596074
|switch|p2a: Garchomp|Garchomp, F|100/100
|move|p1a: PonnieColeman|Bulk Up|p1a: PonnieColeman
|-boost|p1a: PonnieColeman|atk|1
|-boost|p1a: PonnieColeman|def|1
|
|-damage|p1a: PonnieColeman|89/100 brn|[from] brn
|upkeep
|turn|8
|
|t:|1779596083
|-terastallize|p2a: Garchomp|Fire
|move|p1a: PonnieColeman|Bulk Up|p1a: PonnieColeman
|-boost|p1a: PonnieColeman|atk|1
|-boost|p1a: PonnieColeman|def|1
|move|p2a: Garchomp|Dragon Tail|p1a: PonnieColeman
|-damage|p1a: PonnieColeman|80/100 brn
|drag|p1a: IceBallRun|Glastrier|100/100
|
|-sideend|p1: my shitters|move: Light Screen
|upkeep
|turn|9
|
|t:|1779596094
|move|p2a: Garchomp|Stealth Rock|p1a: IceBallRun
|-sidestart|p1: my shitters|move: Stealth Rock
|move|p1a: IceBallRun|Swords Dance|p1a: IceBallRun
|-boost|p1a: IceBallRun|atk|2
|
|upkeep
|turn|10
|
|t:|1779596100
|move|p1a: IceBallRun|High Horsepower|p2a: Garchomp
|-supereffective|p2a: Garchomp
|-damage|p2a: Garchomp|5/100
|-damage|p1a: IceBallRun|88/100|[from] ability: Rough Skin|[of] p2a: Garchomp
|-damage|p1a: IceBallRun|71/100|[from] item: Rocky Helmet|[of] p2a: Garchomp
|move|p2a: Garchomp|Dragon Tail|p1a: IceBallRun|[miss]
|-miss|p2a: Garchomp|p1a: IceBallRun
|
|upkeep
|turn|11
|inactive|juancbas1234 has 90 seconds left.
|
|t:|1779596123
|move|p2a: Garchomp|Spikes|p1a: IceBallRun
|-sidestart|p1: my shitters|Spikes
|move|p1a: IceBallRun|Icicle Crash|p2a: Garchomp
|-resisted|p2a: Garchomp
|-damage|p2a: Garchomp|0 fnt
|faint|p2a: Garchomp
|-ability|p1a: IceBallRun|Chilling Neigh|boost
|-boost|p1a: IceBallRun|atk|1
|
|upkeep
|inactive|juancbas1234 has 90 seconds left.
|
|t:|1779596132
|switch|p2a: Ogerpon|Ogerpon-Cornerstone, F|100/100
|turn|12
|
|t:|1779596138
|move|p2a: Ogerpon|Ivy Cudgel|p1a: IceBallRun|[anim] Ivy Cudgel Rock
|-supereffective|p1a: IceBallRun
|-damage|p1a: IceBallRun|0 fnt
|faint|p1a: IceBallRun
|
|upkeep
|
|t:|1779596149
|switch|p1a: PonnieColeman|Primeape, M|80/100 brn
|-damage|p1a: PonnieColeman|74/100 brn|[from] Stealth Rock
|-damage|p1a: PonnieColeman|61/100 brn|[from] Spikes
|turn|13
|
|t:|1779596156
|move|p2a: Ogerpon|Swords Dance|p2a: Ogerpon
|-boost|p2a: Ogerpon|atk|2
|move|p1a: PonnieColeman|Bulk Up|p1a: PonnieColeman
|-boost|p1a: PonnieColeman|atk|1
|-boost|p1a: PonnieColeman|def|1
|
|-damage|p1a: PonnieColeman|55/100 brn|[from] brn
|upkeep
|turn|14
|
|t:|1779596166
|switch|p1a: 💎Posting|Sableye, M|100/100
|-damage|p1a: 💎Posting|88/100|[from] Stealth Rock
|-damage|p1a: 💎Posting|76/100|[from] Spikes
|move|p2a: Ogerpon|Horn Leech|p1a: 💎Posting
|-damage|p1a: 💎Posting|0 fnt
|faint|p1a: 💎Posting
|
|upkeep
|-message|my shitters forfeited.
|
|win|juancbas1234
|raw|my shitters's rating: 1304 &rarr; <strong>1283</strong><br />(-21 for losing)
|raw|juancbas1234's rating: 1293 &rarr; <strong>1319</strong><br />(+26 for winning)
|l|☆my shitters
|player|p1|
|l|☆juancbas1234
|player|p2|
