|j|☆phanxflame
|j|☆visionstuff
|t:|1779558889
|gametype|singles
|player|p1|phanxflame|1|1138
|player|p2|visionstuff|acerola|1108
|gen|9
|tier|[Gen 9] OU
|rated|
|rule|HP Percentage Mod: HP is shown in percentages
|rule|Endless Battle Clause: Forcing endless battles is banned
|rule|Species Clause: Limit one of each Pokémon
|rule|OHKO Clause: OHKO moves are banned
|rule|Evasion Items Clause: Evasion items are banned
|rule|Evasion Moves Clause: Evasion moves are banned
|rule|Evasion Abilities Clause: Evasion abilities are banned
|rule|Sleep Moves Clause: Sleep-inducing moves are banned
|clearpoke
|poke|p1|Klefki, M|
|poke|p1|Cinderace, F|
|poke|p1|Krookodile, M|
|poke|p1|Pelipper, M|
|poke|p1|Hatterene, F|
|poke|p1|Rampardos, M|
|poke|p2|Necrozma|
|poke|p2|Great Tusk|
|poke|p2|Darkrai|
|poke|p2|Slowking-Galar, F|
|poke|p2|Kommo-o, M|
|poke|p2|Gliscor, M|
|teampreview
|inactive|Battle timer is ON: inactive players will automatically lose when time's up. (requested by visionstuff)
|
|t:|1779558903
|teamsize|p1|6
|teamsize|p2|6
|start
|switch|p1a: Krookodile|Krookodile, M|100/100
|switch|p2a: Darkrai|Darkrai|100/100
|-ability|p1a: Krookodile|Intimidate|boost
|-unboost|p2a: Darkrai|atk|1
|turn|1
|
|t:|1779558913
|move|p2a: Darkrai|Nasty Plot|p2a: Darkrai
|-boost|p2a: Darkrai|spa|2
|move|p1a: Krookodile|Close Combat|p2a: Darkrai
|-supereffective|p2a: Darkrai
|-damage|p2a: Darkrai|0 fnt
|-unboost|p1a: Krookodile|def|1
|-unboost|p1a: Krookodile|spd|1
|faint|p2a: Darkrai
|
|upkeep
|
|t:|1779558923
|switch|p2a: Great Tusk|Great Tusk|100/100
|-enditem|p2a: Great Tusk|Booster Energy
|-activate|p2a: Great Tusk|ability: Protosynthesis|[fromitem]
|-start|p2a: Great Tusk|protosynthesisatk
|turn|2
|
|t:|1779558937
|switch|p1a: Pelipper|Pelipper, M|100/100
|-weather|RainDance|[from] ability: Drizzle|[of] p1a: Pelipper
|move|p2a: Great Tusk|Ice Spinner|p1a: Pelipper
|-damage|p1a: Pelipper|61/100
|
|-weather|RainDance|[upkeep]
|upkeep
|turn|3
|inactive|phanxflame has 120 seconds left.
|
|t:|1779558973
|-end|p2a: Great Tusk|Protosynthesis|[silent]
|switch|p2a: Slowking|Slowking-Galar, F|100/100
|move|p1a: Pelipper|Hurricane|p2a: Slowking
|-damage|p2a: Slowking|36/100
|
|-weather|RainDance|[upkeep]
|upkeep
|turn|4
|inactive|phanxflame has 120 seconds left.
|inactive|visionstuff has 120 seconds left.
|
|t:|1779558992
|move|p1a: Pelipper|Hurricane|p2a: Slowking
|-damage|p2a: Slowking|0 fnt
|faint|p2a: Slowking
|
|-weather|RainDance|[upkeep]
|upkeep
|inactive|visionstuff has 120 seconds left.
|
|t:|1779559000
|switch|p2a: Kommo-o|Kommo-o, M, shiny|100/100
|turn|5
|inactive|phanxflame has 120 seconds left.
|
|t:|1779559015
|switch|p1a: Hatterene|Hatterene, F|100/100
|-terastallize|p2a: Kommo-o|Steel
|move|p2a: Kommo-o|Clangorous Soul|p2a: Kommo-o
|-boost|p2a: Kommo-o|atk|1
|-boost|p2a: Kommo-o|def|1
|-boost|p2a: Kommo-o|spa|1
|-boost|p2a: Kommo-o|spd|1
|-boost|p2a: Kommo-o|spe|1
|-damage|p2a: Kommo-o|68/100
|
|-weather|RainDance|[upkeep]
|upkeep
|turn|6
|inactive|phanxflame has 120 seconds left.
|
|t:|1779559026
|move|p2a: Kommo-o|Boomburst|p1a: Hatterene
|-damage|p1a: Hatterene|35/100
|move|p1a: Hatterene|Trick Room|p1a: Hatterene
|-fieldstart|move: Trick Room|[of] p1a: Hatterene
|
|-weather|none
|upkeep
|turn|7
|inactive|phanxflame has 120 seconds left.
|
|t:|1779559040
|move|p1a: Hatterene|Future Sight|p2a: Kommo-o
|-start|p1a: Hatterene|move: Future Sight
|move|p2a: Kommo-o|Boomburst|p1a: Hatterene
|-damage|p1a: Hatterene|0 fnt
|faint|p1a: Hatterene
|
|upkeep
|inactive|phanxflame has 120 seconds left.
|
|t:|1779559053
|switch|p1a: Cinderace|Cinderace, F|100/100
|turn|8
|
|t:|1779559061
|move|p1a: Cinderace|Pyro Ball|p2a: Kommo-o
|-supereffective|p2a: Kommo-o
|-damage|p2a: Kommo-o|0 fnt
|faint|p2a: Kommo-o
|
|upkeep
|
|t:|1779559066
|switch|p2a: Necrozma|Necrozma|100/100
|turn|9
|
|t:|1779559083
|move|p2a: Necrozma|Calm Mind|p2a: Necrozma
|-boost|p2a: Necrozma|spa|1
|-boost|p2a: Necrozma|spd|1
|move|p1a: Cinderace|U-turn|p2a: Necrozma
|-start|p1a: Cinderace|typechange|Bug|[from] ability: Libero
|-supereffective|p2a: Necrozma
|-damage|p2a: Necrozma|49/100
|inactive|phanxflame has 120 seconds left.
|
|t:|1779559105
|switch|p1a: Rampardos|Rampardos, M|100/100|[from] U-turn
|
|-end|p2a: Necrozma|move: Future Sight
|-resisted|p2a: Necrozma
|-damage|p2a: Necrozma|24/100
|-enditem|p2a: Necrozma|Salac Berry|[eat]
|-boost|p2a: Necrozma|spe|1|[from] item: Salac Berry
|upkeep
|turn|10
|
|t:|1779559121
|move|p1a: Rampardos|Iron Head|p2a: Necrozma
|-damage|p2a: Necrozma|0 fnt
|faint|p2a: Necrozma
|
|-fieldend|move: Trick Room
|upkeep
|
|t:|1779559124
|switch|p2a: Great Tusk|Great Tusk|100/100
|turn|11
|inactive|phanxflame has 120 seconds left.
|
|t:|1779559139
|switch|p1a: Klefki|Klefki, M|100/100
|move|p2a: Great Tusk|Close Combat|p1a: Klefki
|-damage|p1a: Klefki|43/100
|-unboost|p2a: Great Tusk|def|1
|-unboost|p2a: Great Tusk|spd|1
|
|upkeep
|turn|12
|inactive|phanxflame has 120 seconds left.
|
|t:|1779559163
|move|p1a: Klefki|Switcheroo|p2a: Great Tusk
|-activate|p1a: Klefki|move: Trick|[of] p2a: Great Tusk
|-item|p2a: Great Tusk|Lagging Tail|[from] move: Switcheroo
|-enditem|p1a: Klefki|Lagging Tail|[silent]|[from] move: Switcheroo
|move|p2a: Great Tusk|Headlong Rush|p1a: Klefki
|-supereffective|p1a: Klefki
|-damage|p1a: Klefki|0 fnt
|-unboost|p2a: Great Tusk|def|1
|-unboost|p2a: Great Tusk|spd|1
|faint|p1a: Klefki
|
|upkeep
|inactive|phanxflame has 120 seconds left.
|
|t:|1779559170
|switch|p1a: Pelipper|Pelipper, M|61/100
|-weather|RainDance|[from] ability: Drizzle|[of] p1a: Pelipper
|turn|13
|
|t:|1779559180
|move|p1a: Pelipper|Weather Ball|p2a: Great Tusk
|-supereffective|p2a: Great Tusk
|-damage|p2a: Great Tusk|0 fnt
|faint|p2a: Great Tusk
|-end|p2a: Great Tusk|Protosynthesis|[silent]
|
|-weather|RainDance|[upkeep]
|upkeep
|
|t:|1779559197
|switch|p2a: Gliscor|Gliscor, M, shiny|100/100
|turn|14
|
|t:|1779559199
|move|p2a: Gliscor|Protect|p2a: Gliscor
|-singleturn|p2a: Gliscor|Protect
|move|p1a: Pelipper|Weather Ball|p2a: Gliscor
|-activate|p2a: Gliscor|move: Protect
|
|-weather|RainDance|[upkeep]
|-status|p2a: Gliscor|tox|[from] item: Toxic Orb
|upkeep
|turn|15
|
|t:|1779559205
|move|p2a: Gliscor|Fling|p1a: Pelipper
|-damage|p1a: Pelipper|53/100
|-status|p1a: Pelipper|tox
|-enditem|p2a: Gliscor|Toxic Orb|[from] move: Fling
|move|p1a: Pelipper|Weather Ball|p2a: Gliscor
|-supereffective|p2a: Gliscor
|-crit|p2a: Gliscor
|-damage|p2a: Gliscor|0 fnt
|faint|p2a: Gliscor
|
|win|phanxflame
|raw|phanxflame's rating: 1138 &rarr; <strong>1161</strong><br />(+23 for winning)
|raw|visionstuff's rating: 1108 &rarr; <strong>1085</strong><br />(-23 for losing)
|l|☆visionstuff
|player|p2|
|l|☆phanxflame
|player|p1|
