|j|☆chrisfeb1992
|j|☆hat_fm
|t:|1779592445
|gametype|singles
|player|p1|chrisfeb1992|101|1262
|player|p2|hat_fm|pilot|1335
|gen|9
|tier|[Gen 9] OU
|rated|
|rule|HP Percentage Mod: HP is shown in percentages
|rule|Endless Battle Clause: Forcing endless battles is banned
|rule|Species Clause: Limit one of each Pokémon
|rule|OHKO Clause: OHKO moves are banned
|rule|Evasion Items Clause: Evasion items are banned
|rule|Evasion Moves Clause: Evasion moves are banned
|rule|Evasion Abilities Clause: Evasion abilities are banned
|rule|Sleep Moves Clause: Sleep-inducing moves are banned
|clearpoke
|poke|p1|Ceruledge, M|
|poke|p1|Ribombee, F|
|poke|p1|Ursaluna, F|
|poke|p1|Darkrai|
|poke|p1|Iron Treads|
|poke|p1|Regieleki|
|poke|p2|Zamazenta-*|
|poke|p2|Ceruledge, F|
|poke|p2|Scizor, F|
|poke|p2|Donphan, M|
|poke|p2|Lycanroc-Dusk, F|
|poke|p2|Florges, F|
|teampreview
|
|t:|1779592454
|teamsize|p1|6
|teamsize|p2|6
|start
|switch|p1a: Ceruledge|Ceruledge, M|100/100
|switch|p2a: Donphan|Donphan, M|100/100
|turn|1
|
|t:|1779592472
|-terastallize|p1a: Ceruledge|Ghost
|move|p1a: Ceruledge|Swords Dance|p1a: Ceruledge
|-boost|p1a: Ceruledge|atk|2
|move|p2a: Donphan|Stealth Rock|p1a: Ceruledge
|-sidestart|p1: chrisfeb1992|move: Stealth Rock
|
|upkeep
|turn|2
|
|t:|1779592482
|move|p1a: Ceruledge|Bitter Blade|p2a: Donphan
|-damage|p2a: Donphan|48/100
|-damage|p1a: Ceruledge|84/100|[from] item: Rocky Helmet|[of] p2a: Donphan
|move|p2a: Donphan|Knock Off|p1a: Ceruledge
|-supereffective|p1a: Ceruledge
|-damage|p1a: Ceruledge|4/100
|-ability|p1a: Ceruledge|Weak Armor|boost
|-unboost|p1a: Ceruledge|def|1
|-boost|p1a: Ceruledge|spe|2
|-enditem|p1a: Ceruledge|Focus Sash|[from] move: Knock Off|[of] p2a: Donphan
|
|upkeep
|turn|3
|
|t:|1779592493
|move|p1a: Ceruledge|Poltergeist|p2a: Donphan
|-activate|p2a: Donphan|move: Poltergeist|Rocky Helmet
|-damage|p2a: Donphan|0 fnt
|faint|p2a: Donphan
|
|upkeep
|
|t:|1779592516
|switch|p2a: Zamazenta|Zamazenta|100/100
|-ability|p2a: Zamazenta|Dauntless Shield|boost
|-boost|p2a: Zamazenta|def|1
|turn|4
|
|t:|1779592521
|move|p1a: Ceruledge|Poltergeist|p2a: Zamazenta
|-activate|p2a: Zamazenta|move: Poltergeist|Leftovers
|-damage|p2a: Zamazenta|25/100
|move|p2a: Zamazenta|Iron Defense|p2a: Zamazenta
|-boost|p2a: Zamazenta|def|2
|
|-heal|p2a: Zamazenta|31/100|[from] item: Leftovers
|upkeep
|turn|5
|
|t:|1779592535
|move|p1a: Ceruledge|Poltergeist|p2a: Zamazenta
|-activate|p2a: Zamazenta|move: Poltergeist|Leftovers
|-damage|p2a: Zamazenta|0 fnt
|faint|p2a: Zamazenta
|
|upkeep
|
|t:|1779592543
|switch|p2a: Ceruledge|Ceruledge, F|100/100
|turn|6
|
|t:|1779592548
|move|p1a: Ceruledge|Shadow Sneak|p2a: Ceruledge
|-supereffective|p2a: Ceruledge
|-enditem|p2a: Ceruledge|Focus Sash
|-damage|p2a: Ceruledge|1/100
|-ability|p2a: Ceruledge|Weak Armor|boost
|-unboost|p2a: Ceruledge|def|1
|-boost|p2a: Ceruledge|spe|2
|move|p2a: Ceruledge|Swords Dance|p2a: Ceruledge
|-boost|p2a: Ceruledge|atk|2
|
|upkeep
|turn|7
|
|t:|1779592557
|move|p2a: Ceruledge|Shadow Sneak|p1a: Ceruledge
|-supereffective|p1a: Ceruledge
|-damage|p1a: Ceruledge|0 fnt
|faint|p1a: Ceruledge
|
|upkeep
|
|t:|1779592562
|switch|p1a: Darkrai|Darkrai|100/100
|-damage|p1a: Darkrai|88/100|[from] Stealth Rock
|turn|8
|
|t:|1779592568
|move|p2a: Ceruledge|Bitter Blade|p1a: Darkrai
|-damage|p1a: Darkrai|0 fnt
|-heal|p2a: Ceruledge|43/100|[from] drain|[of] p1a: Darkrai
|faint|p1a: Darkrai
|
|upkeep
|
|t:|1779592575
|switch|p1a: Ursaluna|Ursaluna, F|100/100
|-damage|p1a: Ursaluna|94/100|[from] Stealth Rock
|turn|9
|
|t:|1779592583
|move|p2a: Ceruledge|Bitter Blade|p1a: Ursaluna
|-damage|p1a: Ursaluna|31/100
|-heal|p2a: Ceruledge|94/100|[from] drain|[of] p1a: Ursaluna
|move|p1a: Ursaluna|Earthquake|p2a: Ceruledge
|-supereffective|p2a: Ceruledge
|-damage|p2a: Ceruledge|0 fnt
|faint|p2a: Ceruledge
|
|-status|p1a: Ursaluna|brn|[from] item: Flame Orb
|upkeep
|
|t:|1779592602
|switch|p2a: Florges|Florges, F|100/100
|turn|10
|
|t:|1779592608
|move|p1a: Ursaluna|Earthquake|p2a: Florges
|-damage|p2a: Florges|17/100
|move|p2a: Florges|Giga Drain|p1a: Ursaluna
|-supereffective|p1a: Ursaluna
|-damage|p1a: Ursaluna|0 fnt
|-heal|p2a: Florges|39/100|[from] drain|[of] p1a: Ursaluna
|faint|p1a: Ursaluna
|
|-heal|p2a: Florges|45/100|[from] item: Leftovers
|upkeep
|
|t:|1779592619
|switch|p1a: Regieleki|Regieleki|100/100
|-damage|p1a: Regieleki|88/100|[from] Stealth Rock
|turn|11
|
|t:|1779592635
|-terastallize|p2a: Florges|Grass
|move|p1a: Regieleki|Thunderbolt|p2a: Florges
|-resisted|p2a: Florges
|-damage|p2a: Florges|21/100
|move|p2a: Florges|Giga Drain|p1a: Regieleki
|-crit|p1a: Regieleki
|-damage|p1a: Regieleki|0 fnt
|-heal|p2a: Florges|61/100|[from] drain|[of] p1a: Regieleki
|faint|p1a: Regieleki
|
|-heal|p2a: Florges|67/100|[from] item: Leftovers
|upkeep
|
|t:|1779592648
|switch|p1a: Ribombee|Ribombee, F|100/100
|-damage|p1a: Ribombee|76/100|[from] Stealth Rock
|turn|12
|
|t:|1779592671
|switch|p2a: Scizor|Scizor, F|100/100
|move|p1a: Ribombee|Moonblast|p2a: Scizor
|-resisted|p2a: Scizor
|-damage|p2a: Scizor|72/100
|
|upkeep
|turn|13
|
|t:|1779592678
|switch|p1a: Iron Treads|Iron Treads|100/100
|-damage|p1a: Iron Treads|97/100|[from] Stealth Rock
|-enditem|p1a: Iron Treads|Booster Energy
|-activate|p1a: Iron Treads|ability: Quark Drive|[fromitem]
|-start|p1a: Iron Treads|quarkdrivespe
|move|p2a: Scizor|U-turn|p1a: Iron Treads
|-resisted|p1a: Iron Treads
|-damage|p1a: Iron Treads|72/100
|-damage|p2a: Scizor|62/100|[from] item: Life Orb
|
|t:|1779592683
|switch|p2a: Florges|Florges, F, tera:Grass|67/100|[from] U-turn
|
|-heal|p2a: Florges|73/100|[from] item: Leftovers
|upkeep
|turn|14
|
|t:|1779592694
|move|p1a: Iron Treads|Volt Switch|p2a: Florges
|-resisted|p2a: Florges
|-damage|p2a: Florges|69/100
|
|t:|1779592697
|-end|p1a: Iron Treads|Quark Drive|[silent]
|switch|p1a: Ribombee|Ribombee, F|76/100|[from] Volt Switch
|-damage|p1a: Ribombee|51/100|[from] Stealth Rock
|move|p2a: Florges|Giga Drain|p1a: Ribombee
|-resisted|p1a: Ribombee
|-damage|p1a: Ribombee|16/100
|-heal|p2a: Florges|83/100|[from] drain|[of] p1a: Ribombee
|
|-heal|p2a: Florges|89/100|[from] item: Leftovers
|upkeep
|turn|15
|
|t:|1779592716
|move|p1a: Ribombee|Sticky Web|p2a: Florges
|-sidestart|p2: hat_fm|move: Sticky Web
|move|p2a: Florges|Giga Drain|p1a: Ribombee
|-resisted|p1a: Ribombee
|-damage|p1a: Ribombee|0 fnt
|-heal|p2a: Florges|95/100|[from] drain|[of] p1a: Ribombee
|faint|p1a: Ribombee
|
|-heal|p2a: Florges|100/100|[from] item: Leftovers
|upkeep
|-message|chrisfeb1992 forfeited.
|
|win|hat_fm
|raw|chrisfeb1992's rating: 1262 &rarr; <strong>1242</strong><br />(-20 for losing)
|raw|hat_fm's rating: 1335 &rarr; <strong>1351</strong><br />(+16 for winning)
|l|☆chrisfeb1992
|player|p1|
|l|☆hat_fm
|player|p2|
