|inactive|Battle timer is ON: inactive players will automatically lose when time's up.
|t:|1779646365
|gametype|singles
|player|p1|sequoia|#wcop2026uswest|
|player|p2|hxmo ❤|#teamballo2026|
|gen|9
|tier|[Gen 9] OU
|rule|HP Percentage Mod: HP is shown in percentages
|rule|Endless Battle Clause: Forcing endless battles is banned
|rule|Species Clause: Limit one of each Pokémon
|rule|OHKO Clause: OHKO moves are banned
|rule|Evasion Items Clause: Evasion items are banned
|rule|Evasion Moves Clause: Evasion moves are banned
|rule|Evasion Abilities Clause: Evasion abilities are banned
|rule|Sleep Moves Clause: Sleep-inducing moves are banned
|clearpoke
|poke|p1|Zamazenta-*|
|poke|p1|Dragonite, M|
|poke|p1|Iron Valiant|
|poke|p1|Great Tusk|
|poke|p1|Deoxys-Speed|
|poke|p1|Gholdengo|
|poke|p2|Heatran, M|
|poke|p2|Weezing-Galar, F|
|poke|p2|Ogerpon-Wellspring, F|
|poke|p2|Garchomp, F|
|poke|p2|Zamazenta-*|
|poke|p2|Zapdos|
|teampreview
|c|☆sequoia|hf
|c|☆hxmo ❤|y2
|inactive|sequoia has 270 seconds left.
|
|t:|1779646414
|teamsize|p1|6
|teamsize|p2|6
|start
|switch|p1a: Deoxys|Deoxys-Speed|100/100
|switch|p2a: Garchomp|Garchomp, F|100/100
|-ability|p1a: Deoxys|Pressure
|turn|1
|
|t:|1779646439
|move|p1a: Deoxys|Stealth Rock|p2a: Garchomp
|-sidestart|p2: hxmo ❤|move: Stealth Rock
|move|p2a: Garchomp|Scale Shot|p1a: Deoxys
|-damage|p1a: Deoxys|85/100
|-damage|p1a: Deoxys|67/100
|-damage|p1a: Deoxys|52/100
|-damage|p1a: Deoxys|36/100
|-hitcount|p1a: Deoxys|4
|-unboost|p2a: Garchomp|def|1
|-boost|p2a: Garchomp|spe|1
|
|upkeep
|turn|2
|
|t:|1779646451
|switch|p1a: Iron Valiant|Iron Valiant|100/100
|-enditem|p1a: Iron Valiant|Booster Energy
|-activate|p1a: Iron Valiant|ability: Quark Drive|[fromitem]
|-start|p1a: Iron Valiant|quarkdrivespe
|move|p2a: Garchomp|Swords Dance|p2a: Garchomp
|-boost|p2a: Garchomp|atk|2
|
|upkeep
|turn|3
|
|t:|1779646459
|move|p1a: Iron Valiant|Moonblast|p2a: Garchomp
|-supereffective|p2a: Garchomp
|-damage|p2a: Garchomp|2/100
|move|p2a: Garchomp|Earthquake|p1a: Iron Valiant
|-damage|p1a: Iron Valiant|0 fnt
|faint|p1a: Iron Valiant
|-end|p1a: Iron Valiant|Quark Drive|[silent]
|
|upkeep
|
|t:|1779646470
|switch|p1a: Dragonite|Dragonite, M|100/100
|turn|4
|
|t:|1779646474
|-terastallize|p2a: Garchomp|Ghost
|move|p1a: Dragonite|Extreme Speed|p2a: Garchomp
|-immune|p2a: Garchomp
|move|p2a: Garchomp|Swords Dance|p2a: Garchomp
|-boost|p2a: Garchomp|atk|2
|
|upkeep
|turn|5
|
|t:|1779646483
|switch|p1a: Deoxys|Deoxys-Speed|36/100
|-ability|p1a: Deoxys|Pressure
|move|p2a: Garchomp|Scale Shot|p1a: Deoxys
|-damage|p1a: Deoxys|0 fnt
|faint|p1a: Deoxys
|-hitcount|p1: Deoxys|1
|-unboost|p2a: Garchomp|def|1
|-boost|p2a: Garchomp|spe|1
|
|upkeep
|
|t:|1779646497
|switch|p1a: Zamazenta|Zamazenta|100/100
|-ability|p1a: Zamazenta|Dauntless Shield|boost
|-boost|p1a: Zamazenta|def|1
|turn|6
|
|t:|1779646500
|move|p2a: Garchomp|Earthquake|p1a: Zamazenta
|-damage|p1a: Zamazenta|0 fnt
|faint|p1a: Zamazenta
|
|upkeep
|
|t:|1779646502
|switch|p1a: Great Tusk|Great Tusk|100/100
|-enditem|p1a: Great Tusk|Booster Energy
|-activate|p1a: Great Tusk|ability: Protosynthesis|[fromitem]
|-start|p1a: Great Tusk|protosynthesisspe
|turn|7
|
|t:|1779646505
|move|p2a: Garchomp|Earthquake|p1a: Great Tusk
|-damage|p1a: Great Tusk|10/100
|move|p1a: Great Tusk|Headlong Rush|p2a: Garchomp
|-damage|p2a: Garchomp|0 fnt
|-unboost|p1a: Great Tusk|def|1
|-unboost|p1a: Great Tusk|spd|1
|-damage|p1a: Great Tusk|0 fnt|[from] ability: Rough Skin|[of] p2a: Garchomp
|faint|p2a: Garchomp
|faint|p1a: Great Tusk
|-end|p1a: Great Tusk|Protosynthesis|[silent]
|
|upkeep
|
|t:|1779646534
|switch|p2a: Weezing|Weezing-Galar, F|100/100
|switch|p1a: Gholdengo|Gholdengo|100/100
|-ability|p2a: Weezing|Neutralizing Gas
|turn|8
|
|t:|1779646544
|-end|p2a: Weezing|ability: Neutralizing Gas
|switch|p2a: Heatran|Heatran, M|100/100
|-damage|p2a: Heatran|88/100|[from] Stealth Rock
|move|p1a: Gholdengo|Nasty Plot|p1a: Gholdengo
|-boost|p1a: Gholdengo|spa|2
|
|-heal|p2a: Heatran|94/100|[from] item: Leftovers
|upkeep
|turn|9
|
|t:|1779646546
|move|p1a: Gholdengo|Focus Blast|p2a: Heatran
|-supereffective|p2a: Heatran
|-damage|p2a: Heatran|9/100
|move|p2a: Heatran|Magma Storm|p1a: Gholdengo|[miss]
|-miss|p2a: Heatran|p1a: Gholdengo
|
|-heal|p2a: Heatran|15/100|[from] item: Leftovers
|upkeep
|turn|10
|
|t:|1779646550
|move|p1a: Gholdengo|Shadow Ball|p2a: Heatran
|-damage|p2a: Heatran|0 fnt
|faint|p2a: Heatran
|
|upkeep
|
|t:|1779646554
|switch|p2a: Zapdos|Zapdos|100/100
|turn|11
|
|t:|1779646558
|move|p2a: Zapdos|Discharge|p1a: Gholdengo
|-damage|p1a: Gholdengo|70/100
|move|p1a: Gholdengo|Shadow Ball|p2a: Zapdos
|-damage|p2a: Zapdos|27/100
|-unboost|p2a: Zapdos|spd|1
|
|upkeep
|turn|12
|
|t:|1779646561
|move|p2a: Zapdos|Discharge|p1a: Gholdengo
|-damage|p1a: Gholdengo|35/100
|move|p1a: Gholdengo|Recover|p1a: Gholdengo
|-heal|p1a: Gholdengo|85/100
|
|upkeep
|turn|13
|
|t:|1779646563
|move|p2a: Zapdos|Discharge|p1a: Gholdengo
|-damage|p1a: Gholdengo|51/100
|move|p1a: Gholdengo|Recover|p1a: Gholdengo
|-heal|p1a: Gholdengo|100/100
|
|upkeep
|turn|14
|
|t:|1779646570
|move|p2a: Zapdos|Discharge|p1a: Gholdengo
|-damage|p1a: Gholdengo|66/100
|move|p1a: Gholdengo|Nasty Plot|p1a: Gholdengo
|-boost|p1a: Gholdengo|spa|2
|
|upkeep
|turn|15
|
|t:|1779646576
|move|p2a: Zapdos|Discharge|p1a: Gholdengo
|-damage|p1a: Gholdengo|31/100
|move|p1a: Gholdengo|Recover|p1a: Gholdengo
|-heal|p1a: Gholdengo|81/100
|
|upkeep
|turn|16
|
|t:|1779646579
|move|p2a: Zapdos|Discharge|p1a: Gholdengo
|-damage|p1a: Gholdengo|48/100
|move|p1a: Gholdengo|Recover|p1a: Gholdengo
|-heal|p1a: Gholdengo|98/100
|
|upkeep
|turn|17
|
|t:|1779646590
|move|p2a: Zapdos|Discharge|p1a: Gholdengo
|-damage|p1a: Gholdengo|66/100
|move|p1a: Gholdengo|Shadow Ball|p2a: Zapdos
|-damage|p2a: Zapdos|0 fnt
|faint|p2a: Zapdos
|
|upkeep
|
|t:|1779646596
|switch|p2a: Ogerpon|Ogerpon-Wellspring, F|100/100
|-damage|p2a: Ogerpon|88/100|[from] Stealth Rock
|turn|18
|inactive|sequoia has 270 seconds left.
|
|t:|1779646627
|switch|p1a: Dragonite|Dragonite, M|100/100
|move|p2a: Ogerpon|Ivy Cudgel|p1a: Dragonite|[anim] Ivy Cudgel Water
|-resisted|p1a: Dragonite
|-damage|p1a: Dragonite|82/100
|
|upkeep
|turn|19
|
|t:|1779646633
|move|p2a: Ogerpon|Play Rough|p1a: Dragonite
|-supereffective|p1a: Dragonite
|-damage|p1a: Dragonite|0 fnt
|faint|p1a: Dragonite
|
|upkeep
|
|t:|1779646635
|switch|p1a: Gholdengo|Gholdengo|66/100
|turn|20
|
|t:|1779646637
|move|p2a: Ogerpon|Ivy Cudgel|p1a: Gholdengo|[anim] Ivy Cudgel Water
|-damage|p1a: Gholdengo|17/100
|move|p1a: Gholdengo|Recover|p1a: Gholdengo
|-heal|p1a: Gholdengo|67/100
|
|upkeep
|turn|21
|
|t:|1779646641
|-terastallize|p1a: Gholdengo|Water
|move|p2a: Ogerpon|Swords Dance|p2a: Ogerpon
|-boost|p2a: Ogerpon|atk|2
|move|p1a: Gholdengo|Recover|p1a: Gholdengo
|-heal|p1a: Gholdengo|100/100
|
|upkeep
|turn|22
|
|t:|1779646643
|move|p2a: Ogerpon|Trailblaze|p1a: Gholdengo
|-supereffective|p1a: Gholdengo
|-damage|p1a: Gholdengo|3/100
|-boost|p2a: Ogerpon|spe|1
|move|p1a: Gholdengo|Nasty Plot|p1a: Gholdengo
|-boost|p1a: Gholdengo|spa|2
|
|upkeep
|turn|23
|c|☆hxmo ❤|gg
|-message|sequoia forfeited.
|
|win|hxmo ❤
