|j|☆skarmory_oshiku
|j|☆Metal_In_Microwave
|t:|1779650359
|gametype|singles
|player|p1|skarmory_oshiku|lucas|1410
|player|p2|Metal_In_Microwave|266|1409
|gen|9
|tier|[Gen 9] OU
|rated|
|rule|HP Percentage Mod: HP is shown in percentages
|rule|Endless Battle Clause: Forcing endless battles is banned
|rule|Species Clause: Limit one of each Pokémon
|rule|OHKO Clause: OHKO moves are banned
|rule|Evasion Items Clause: Evasion items are banned
|rule|Evasion Moves Clause: Evasion moves are banned
|rule|Evasion Abilities Clause: Evasion abilities are banned
|rule|Sleep Moves Clause: Sleep-inducing moves are banned
|clearpoke
|poke|p1|Araquanid, F|
|poke|p1|Garchomp, M|
|poke|p1|Quaquaval, F|
|poke|p1|Pecharunt|
|poke|p1|Latios, M|
|poke|p1|Skeledirge, M|
|poke|p2|Eelektross, M|
|poke|p2|Braviary-Hisui, M|
|poke|p2|Bellibolt, M|
|poke|p2|Ogerpon-Wellspring, F|
|poke|p2|Pelipper, M|
|poke|p2|Dragonite, M|
|teampreview
|inactive|Battle timer is ON: inactive players will automatically lose when time's up. (requested by skarmory_oshiku)
|
|t:|1779650373
|teamsize|p1|6
|teamsize|p2|6
|start
|switch|p1a: Latios|Latios, M|100/100
|switch|p2a: Pelipper|Pelipper, M|100/100
|-weather|RainDance|[from] ability: Drizzle|[of] p2a: Pelipper
|turn|1
|
|t:|1779650380
|switch|p2a: Eelektross|Eelektross, M, shiny|100/100
|move|p1a: Latios|Thunderbolt|p2a: Eelektross
|-resisted|p2a: Eelektross
|-damage|p2a: Eelektross|88/100
|-damage|p1a: Latios|91/100|[from] item: Life Orb
|
|-weather|RainDance|[upkeep]
|upkeep
|turn|2
|
|t:|1779650383
|move|p1a: Latios|Luster Purge|p2a: Eelektross
|-damage|p2a: Eelektross|45/100
|-unboost|p2a: Eelektross|spd|1
|-damage|p1a: Latios|81/100|[from] item: Life Orb
|move|p2a: Eelektross|Thunder|p1a: Latios
|-resisted|p1a: Latios
|-damage|p1a: Latios|57/100
|-status|p1a: Latios|par
|
|-weather|RainDance|[upkeep]
|upkeep
|turn|3
|
|t:|1779650390
|switch|p2a: Bellibolt|Bellibolt, M|100/100
|move|p1a: Latios|Luster Purge|p2a: Bellibolt
|-damage|p2a: Bellibolt|41/100
|-start|p2a: Bellibolt|Charge|Luster Purge|[from] ability: Electromorphosis
|-damage|p1a: Latios|47/100 par|[from] item: Life Orb
|
|-weather|RainDance|[upkeep]
|upkeep
|turn|4
|
|t:|1779650397
|cant|p1a: Latios|par
|move|p2a: Bellibolt|Parabolic Charge|p1a: Latios
|-resisted|p1a: Latios
|-damage|p1a: Latios|7/100 par
|-heal|p2a: Bellibolt|56/100|[from] drain|[of] p1a: Latios
|-end|p2a: Bellibolt|Charge|[silent]
|
|-weather|RainDance|[upkeep]
|upkeep
|turn|5
|
|t:|1779650404
|move|p1a: Latios|Draco Meteor|p2a: Bellibolt
|-damage|p2a: Bellibolt|0 fnt
|-unboost|p1a: Latios|spa|2
|faint|p2a: Bellibolt
|-damage|p1a: Latios|0 fnt|[from] item: Life Orb
|faint|p1a: Latios
|
|-weather|RainDance|[upkeep]
|upkeep
|
|t:|1779650413
|switch|p1a: Garchomp|Garchomp, M|100/100
|switch|p2a: Braviary|Braviary-Hisui, M|100/100
|turn|6
|
|t:|1779650417
|move|p1a: Garchomp|Swords Dance|p1a: Garchomp
|-boost|p1a: Garchomp|atk|2
|move|p2a: Braviary|Esper Wing|p1a: Garchomp
|-damage|p1a: Garchomp|58/100
|-boost|p2a: Braviary|spe|1
|
|-weather|RainDance|[upkeep]
|upkeep
|turn|7
|
|t:|1779650422
|move|p1a: Garchomp|Scale Shot|p2a: Braviary
|-crit|p2a: Braviary
|-damage|p2a: Braviary|60/100
|-damage|p2a: Braviary|30/100
|-damage|p2a: Braviary|3/100
|-damage|p2a: Braviary|0 fnt
|faint|p2a: Braviary
|-hitcount|p2: Braviary|4
|-unboost|p1a: Garchomp|def|1
|-boost|p1a: Garchomp|spe|1
|
|-weather|RainDance|[upkeep]
|upkeep
|inactive|Metal_In_Microwave has 120 seconds left.
|inactive|Metal_In_Microwave has 90 seconds left.
|
|t:|1779650488
|switch|p2a: Pelipper|Pelipper, M|100/100
|turn|8
|
|t:|1779650492
|move|p1a: Garchomp|Stone Edge|p2a: Pelipper
|-supereffective|p2a: Pelipper
|-damage|p2a: Pelipper|0 fnt
|faint|p2a: Pelipper
|
|-weather|none
|upkeep
|-message|Metal_In_Microwave forfeited.
|
|win|skarmory_oshiku
|raw|skarmory_oshiku's rating: 1410 &rarr; <strong>1430</strong><br />(+20 for winning)
|raw|Metal_In_Microwave's rating: 1409 &rarr; <strong>1389</strong><br />(-20 for losing)
|l|☆Metal_In_Microwave
|player|p2|
|l|☆skarmory_oshiku
|player|p1|
