|inactive|Battle timer is ON: inactive players will automatically lose when time's up.
|t:|1779567258
|gametype|singles
|player|p1|takingnoteskinda|#wcop2026latinamerica|
|player|p2|Micciu|#wcop2026france2|
|gen|9
|tier|[Gen 9] OU
|rule|HP Percentage Mod: HP is shown in percentages
|rule|Endless Battle Clause: Forcing endless battles is banned
|rule|Species Clause: Limit one of each Pokémon
|rule|OHKO Clause: OHKO moves are banned
|rule|Evasion Items Clause: Evasion items are banned
|rule|Evasion Moves Clause: Evasion moves are banned
|rule|Evasion Abilities Clause: Evasion abilities are banned
|rule|Sleep Moves Clause: Sleep-inducing moves are banned
|clearpoke
|poke|p1|Garganacl, M|
|poke|p1|Zamazenta-*|
|poke|p1|Corviknight, M|
|poke|p1|Weezing-Galar, M|
|poke|p1|Clodsire, M|
|poke|p1|Hoopa-Unbound|
|poke|p2|Zamazenta-*|
|poke|p2|Kyurem|
|poke|p2|Iron Treads|
|poke|p2|Hatterene, F|
|poke|p2|Tornadus-Therian, M|
|poke|p2|Kingambit, F|
|teampreview
|c|☆Micciu|hf
|c|☆takingnoteskinda|u2
|inactive|takingnoteskinda has 270 seconds left.
|inactive|Micciu has 270 seconds left.
|inactive|takingnoteskinda has 240 seconds left.
|inactive|Micciu has 240 seconds left.
|inactive|takingnoteskinda has 210 seconds left.
|inactive|Micciu has 210 seconds left.
|
|t:|1779567358
|teamsize|p1|6
|teamsize|p2|6
|start
|switch|p1a: Sentinel|Weezing-Galar, M, shiny|100/100
|switch|p2a: Kyurem|Kyurem|100/100
|-ability|p1a: Sentinel|Neutralizing Gas
|turn|1
|inactive|takingnoteskinda has 270 seconds left.
|inactive|Micciu has 270 seconds left.
|
|t:|1779567372
|-end|p1a: Sentinel|ability: Neutralizing Gas
|-ability|p2a: Kyurem|Pressure
|switch|p1a: Yami|Corviknight, M, shiny|100/100
|-ability|p1a: Yami|Pressure
|move|p2a: Kyurem|Ice Beam|p1a: Yami
|-damage|p1a: Yami|48/100
|
|upkeep
|turn|2
|inactive|takingnoteskinda has 270 seconds left.
|inactive|Micciu has 270 seconds left.
|inactive|takingnoteskinda has 240 seconds left.
|
|t:|1779567423
|switch|p1a: Laboratory|Garganacl, M, shiny|100/100
|move|p2a: Kyurem|Ice Beam|p1a: Laboratory
|-damage|p1a: Laboratory|60/100
|
|-heal|p1a: Laboratory|67/100|[from] item: Leftovers
|upkeep
|turn|3
|inactive|takingnoteskinda has 240 seconds left.
|
|t:|1779567432
|move|p2a: Kyurem|Earth Power|p1a: Laboratory
|-supereffective|p1a: Laboratory
|-damage|p1a: Laboratory|21/100
|move|p1a: Laboratory|Salt Cure|p2a: Kyurem
|-supereffective|p2a: Kyurem
|-damage|p2a: Kyurem|78/100
|-start|p2a: Kyurem|Salt Cure
|
|-heal|p1a: Laboratory|27/100|[from] item: Leftovers
|-damage|p2a: Kyurem|66/100|[from] Salt Cure
|upkeep
|turn|4
|
|t:|1779567452
|move|p1a: Laboratory|Protect|p1a: Laboratory
|-singleturn|p1a: Laboratory|Protect
|move|p2a: Kyurem|Freeze-Dry|p1a: Laboratory
|-activate|p1a: Laboratory|move: Protect
|
|-heal|p1a: Laboratory|33/100|[from] item: Leftovers
|-damage|p2a: Kyurem|53/100|[from] Salt Cure
|upkeep
|turn|5
|
|t:|1779567461
|switch|p1a: Khaos|Hoopa-Unbound|100/100
|move|p2a: Kyurem|Ice Beam|p1a: Khaos
|-damage|p1a: Khaos|72/100
|
|-damage|p2a: Kyurem|41/100|[from] Salt Cure
|upkeep
|turn|6
|
|t:|1779567470
|switch|p2a: Hatterene|Hatterene, F|100/100
|move|p1a: Khaos|Knock Off|p2a: Hatterene
|-damage|p2a: Hatterene|54/100
|-damage|p1a: Khaos|55/100|[from] item: Rocky Helmet|[of] p2a: Hatterene
|-enditem|p2a: Hatterene|Rocky Helmet|[from] move: Knock Off|[of] p1a: Khaos
|
|upkeep
|turn|7
|
|t:|1779567487
|switch|p2a: Iron Treads|Iron Treads|100/100
|move|p1a: Khaos|Psychic Noise|p2a: Iron Treads
|-resisted|p2a: Iron Treads
|-damage|p2a: Iron Treads|63/100
|-start|p2a: Iron Treads|move: Heal Block
|
|upkeep
|turn|8
|
|t:|1779567497
|-end|p2a: Iron Treads|Quark Drive|[silent]
|switch|p2a: Kyurem|Kyurem|41/100
|-ability|p2a: Kyurem|Pressure
|switch|p1a: Yami|Corviknight, M, shiny|48/100
|-ability|p1a: Yami|Pressure
|
|upkeep
|turn|9
|inactive|takingnoteskinda has 240 seconds left.
|
|t:|1779567536
|move|p2a: Kyurem|Ice Beam|p1a: Yami
|-damage|p1a: Yami|0 fnt
|faint|p1a: Yami
|
|upkeep
|
|t:|1779567541
|switch|p1a: Khaos|Hoopa-Unbound|55/100
|turn|10
|inactive|takingnoteskinda has 240 seconds left.
|inactive|Micciu has 270 seconds left.
|
|t:|1779567553
|switch|p2a: Hatterene|Hatterene, F|54/100
|move|p1a: Khaos|Knock Off|p2a: Hatterene
|-damage|p2a: Hatterene|25/100
|
|upkeep
|turn|11
|inactive|takingnoteskinda has 240 seconds left.
|
|t:|1779567560
|move|p1a: Khaos|Knock Off|p2a: Hatterene
|-damage|p2a: Hatterene|0 fnt
|faint|p2a: Hatterene
|
|upkeep
|
|t:|1779567564
|switch|p2a: Iron Treads|Iron Treads|63/100
|turn|12
|
|t:|1779567575
|switch|p1a: Trojan|Zamazenta, shiny|100/100
|-ability|p1a: Trojan|Dauntless Shield|boost
|-boost|p1a: Trojan|def|1
|move|p2a: Iron Treads|Earthquake|p1a: Trojan
|-damage|p1a: Trojan|73/100
|
|-heal|p2a: Iron Treads|70/100|[from] item: Leftovers
|upkeep
|turn|13
|
|t:|1779567590
|-end|p2a: Iron Treads|Quark Drive|[silent]
|switch|p2a: Zamazenta|Zamazenta|100/100
|-ability|p2a: Zamazenta|Dauntless Shield|boost
|-boost|p2a: Zamazenta|def|1
|move|p1a: Trojan|Close Combat|p2a: Zamazenta
|-damage|p2a: Zamazenta|57/100
|-unboost|p1a: Trojan|def|1
|-unboost|p1a: Trojan|spd|1
|
|-heal|p2a: Zamazenta|63/100|[from] item: Leftovers
|upkeep
|turn|14
|
|t:|1779567597
|switch|p1a: Endless Nameless|Clodsire, M, shiny|100/100
|move|p2a: Zamazenta|Heavy Slam|p1a: Endless Nameless
|-damage|p1a: Endless Nameless|88/100
|
|-heal|p2a: Zamazenta|69/100|[from] item: Leftovers
|upkeep
|turn|15
|inactive|takingnoteskinda has 240 seconds left.
|inactive|Micciu has 270 seconds left.
|
|t:|1779567634
|switch|p2a: Iron Treads|Iron Treads|70/100
|move|p1a: Endless Nameless|Toxic Spikes|p2a: Iron Treads
|-sidestart|p2: Micciu|move: Toxic Spikes
|
|-heal|p2a: Iron Treads|76/100|[from] item: Leftovers
|upkeep
|turn|16
|
|t:|1779567642
|move|p2a: Iron Treads|Earthquake|p1a: Endless Nameless
|-supereffective|p1a: Endless Nameless
|-damage|p1a: Endless Nameless|0 fnt
|faint|p1a: Endless Nameless
|
|-heal|p2a: Iron Treads|82/100|[from] item: Leftovers
|upkeep
|
|t:|1779567647
|switch|p1a: Trojan|Zamazenta, shiny|73/100
|turn|17
|
|t:|1779567655
|-terastallize|p2a: Iron Treads|Ghost
|move|p1a: Trojan|Close Combat|p2a: Iron Treads
|-immune|p2a: Iron Treads
|move|p2a: Iron Treads|Rapid Spin|p1a: Trojan
|-damage|p1a: Trojan|57/100
|-boost|p2a: Iron Treads|spe|1
|-sideend|p2: Micciu|Toxic Spikes|[from] move: Rapid Spin|[of] p2a: Iron Treads
|
|-heal|p2a: Iron Treads|88/100|[from] item: Leftovers
|upkeep
|turn|18
|
|t:|1779567662
|switch|p1a: Khaos|Hoopa-Unbound|55/100
|move|p2a: Iron Treads|Earthquake|p1a: Khaos
|-damage|p1a: Khaos|0 fnt
|faint|p1a: Khaos
|
|-heal|p2a: Iron Treads|95/100|[from] item: Leftovers
|upkeep
|
|t:|1779567667
|switch|p1a: Trojan|Zamazenta, shiny|57/100
|turn|19
|inactive|takingnoteskinda has 270 seconds left.
|
|t:|1779567674
|move|p2a: Iron Treads|Earthquake|p1a: Trojan
|-damage|p1a: Trojan|11/100
|move|p1a: Trojan|Crunch|p2a: Iron Treads
|-supereffective|p2a: Iron Treads
|-damage|p2a: Iron Treads|19/100
|
|-heal|p2a: Iron Treads|25/100|[from] item: Leftovers
|upkeep
|turn|20
|
|t:|1779567682
|move|p2a: Iron Treads|Earthquake|p1a: Trojan
|-damage|p1a: Trojan|0 fnt
|faint|p1a: Trojan
|
|-heal|p2a: Iron Treads|31/100|[from] item: Leftovers
|upkeep
|
|t:|1779567685
|switch|p1a: Laboratory|Garganacl, M, shiny|33/100
|turn|21
|
|t:|1779567692
|move|p1a: Laboratory|Protect|p1a: Laboratory
|-singleturn|p1a: Laboratory|Protect
|move|p2a: Iron Treads|Earthquake|p1a: Laboratory
|-activate|p1a: Laboratory|move: Protect
|
|-heal|p2a: Iron Treads|37/100|[from] item: Leftovers
|-heal|p1a: Laboratory|39/100|[from] item: Leftovers
|upkeep
|turn|22
|
|t:|1779567699
|move|p2a: Iron Treads|Earthquake|p1a: Laboratory
|-supereffective|p1a: Laboratory
|-damage|p1a: Laboratory|0 fnt
|faint|p1a: Laboratory
|
|-heal|p2a: Iron Treads|43/100|[from] item: Leftovers
|upkeep
|
|t:|1779567702
|switch|p1a: Sentinel|Weezing-Galar, M, shiny|100/100
|-ability|p1a: Sentinel|Neutralizing Gas
|turn|23
|c|☆Micciu|gg
|
|t:|1779567707
|move|p2a: Iron Treads|Earthquake|p1a: Sentinel
|-supereffective|p1a: Sentinel
|-damage|p1a: Sentinel|36/100
|move|p1a: Sentinel|Will-O-Wisp|p2a: Iron Treads
|-status|p2a: Iron Treads|brn
|
|-heal|p2a: Iron Treads|50/100 brn|[from] item: Leftovers
|-damage|p2a: Iron Treads|43/100 brn|[from] brn
|upkeep
|turn|24
|c|☆takingnoteskinda|gg
|
|t:|1779567720
|move|p2a: Iron Treads|Earthquake|p1a: Sentinel
|-supereffective|p1a: Sentinel
|-damage|p1a: Sentinel|6/100
|move|p1a: Sentinel|Sludge Bomb|p2a: Iron Treads
|-resisted|p2a: Iron Treads
|-damage|p2a: Iron Treads|24/100 brn
|
|-heal|p2a: Iron Treads|30/100 brn|[from] item: Leftovers
|-damage|p2a: Iron Treads|24/100 brn|[from] brn
|upkeep
|turn|25
|
|t:|1779567726
|move|p2a: Iron Treads|Stealth Rock|p1a: Sentinel
|-sidestart|p1: takingnoteskinda|move: Stealth Rock
|move|p1a: Sentinel|Sludge Bomb|p2a: Iron Treads
|-resisted|p2a: Iron Treads
|-damage|p2a: Iron Treads|4/100 brn
|
|-heal|p2a: Iron Treads|10/100 brn|[from] item: Leftovers
|-damage|p2a: Iron Treads|4/100 brn|[from] brn
|upkeep
|turn|26
|
|t:|1779567735
|move|p2a: Iron Treads|Rapid Spin|p1a: Sentinel
|-damage|p1a: Sentinel|0 fnt
|-boost|p2a: Iron Treads|spe|1
|faint|p1a: Sentinel
|-end|p1a: Sentinel|ability: Neutralizing Gas
|
|win|Micciu
