|j|☆ToTheTopOfNatdex
|j|☆tidou21
|t:|1779640516
|gametype|singles
|player|p1|ToTheTopOfNatdex|tuberf|1216
|player|p2|tidou21|blackbelt-gen4dp|1221
|gen|9
|tier|[Gen 9] OU
|rated|
|rule|HP Percentage Mod: HP is shown in percentages
|rule|Endless Battle Clause: Forcing endless battles is banned
|rule|Species Clause: Limit one of each Pokémon
|rule|OHKO Clause: OHKO moves are banned
|rule|Evasion Items Clause: Evasion items are banned
|rule|Evasion Moves Clause: Evasion moves are banned
|rule|Evasion Abilities Clause: Evasion abilities are banned
|rule|Sleep Moves Clause: Sleep-inducing moves are banned
|clearpoke
|poke|p1|Deoxys-Speed|
|poke|p1|Gholdengo|
|poke|p1|Dragonite, M|
|poke|p1|Slowbro, M|
|poke|p1|Skarmory, F|
|poke|p1|Forretress, F|
|poke|p2|Azumarill, F|
|poke|p2|Glimmora, F|
|poke|p2|Dragonite, F|
|poke|p2|Zamazenta-*|
|poke|p2|Hoopa-Unbound|
|poke|p2|Slowking-Galar, M|
|teampreview
|
|t:|1779640524
|teamsize|p1|6
|teamsize|p2|6
|start
|switch|p1a: Forretress|Forretress, F|100/100
|switch|p2a: Glimmora|Glimmora, F, shiny|100/100
|turn|1
|
|t:|1779640532
|move|p2a: Glimmora|Stealth Rock|p1a: Forretress
|-sidestart|p1: ToTheTopOfNatdex|move: Stealth Rock
|move|p1a: Forretress|Stealth Rock|p2a: Glimmora
|-sidestart|p2: tidou21|move: Stealth Rock
|
|upkeep
|turn|2
|
|t:|1779640538
|move|p2a: Glimmora|Power Gem|p1a: Forretress
|-damage|p1a: Forretress|38/100
|move|p1a: Forretress|Rapid Spin|p2a: Glimmora
|-resisted|p2a: Glimmora
|-damage|p2a: Glimmora|93/100
|-boost|p1a: Forretress|spe|1
|-activate|p2a: Glimmora|ability: Toxic Debris
|-sidestart|p1: ToTheTopOfNatdex|move: Toxic Spikes
|-sideend|p1: ToTheTopOfNatdex|Toxic Spikes|[from] move: Rapid Spin|[of] p1a: Forretress
|-sideend|p1: ToTheTopOfNatdex|Stealth Rock|[from] move: Rapid Spin|[of] p1a: Forretress
|
|-heal|p1a: Forretress|44/100|[from] item: Leftovers
|upkeep
|turn|3
|
|t:|1779640550
|switch|p1a: Gholdengo|Gholdengo|100/100
|move|p2a: Glimmora|Power Gem|p1a: Gholdengo
|-resisted|p1a: Gholdengo
|-damage|p1a: Gholdengo|86/100
|
|-heal|p1a: Gholdengo|92/100|[from] item: Leftovers
|upkeep
|turn|4
|
|t:|1779640558
|move|p2a: Glimmora|Mortal Spin|p1a: Gholdengo
|-immune|p1a: Gholdengo
|move|p1a: Gholdengo|Thunder Wave|p2a: Glimmora
|-status|p2a: Glimmora|par
|
|-heal|p1a: Gholdengo|99/100|[from] item: Leftovers
|upkeep
|turn|5
|
|t:|1779640568
|move|p1a: Gholdengo|Substitute|p1a: Gholdengo
|-start|p1a: Gholdengo|Substitute
|-damage|p1a: Gholdengo|74/100
|move|p2a: Glimmora|Stealth Rock|p1a: Gholdengo
|-sidestart|p1: ToTheTopOfNatdex|move: Stealth Rock
|
|-heal|p1a: Gholdengo|80/100|[from] item: Leftovers
|upkeep
|turn|6
|
|t:|1779640577
|move|p1a: Gholdengo|Hex|p2a: Glimmora
|-damage|p2a: Glimmora|1/100 par
|cant|p2a: Glimmora|par
|
|-heal|p1a: Gholdengo|86/100|[from] item: Leftovers
|upkeep
|turn|7
|
|t:|1779640597
|switch|p2a: Dragonite|Dragonite, F|100/100
|move|p1a: Gholdengo|Hex|p2a: Dragonite
|-damage|p2a: Dragonite|87/100
|
|-heal|p1a: Gholdengo|92/100|[from] item: Leftovers
|upkeep
|turn|8
|
|t:|1779640607
|move|p2a: Dragonite|Dragon Dance|p2a: Dragonite
|-boost|p2a: Dragonite|atk|1
|-boost|p2a: Dragonite|spe|1
|move|p1a: Gholdengo|Thunder Wave|p2a: Dragonite
|-status|p2a: Dragonite|par
|
|-heal|p1a: Gholdengo|99/100|[from] item: Leftovers
|upkeep
|turn|9
|
|t:|1779640616
|move|p1a: Gholdengo|Hex|p2a: Dragonite
|-damage|p2a: Dragonite|33/100 par
|cant|p2a: Dragonite|par
|
|-heal|p1a: Gholdengo|100/100|[from] item: Leftovers
|upkeep
|turn|10
|
|t:|1779640625
|move|p1a: Gholdengo|Hex|p2a: Dragonite
|-damage|p2a: Dragonite|0 fnt
|faint|p2a: Dragonite
|
|upkeep
|
|t:|1779640631
|switch|p2a: Zamazenta|Zamazenta, shiny|100/100
|-damage|p2a: Zamazenta|94/100|[from] Stealth Rock
|-ability|p2a: Zamazenta|Dauntless Shield|boost
|-boost|p2a: Zamazenta|def|1
|turn|11
|
|t:|1779640640
|move|p2a: Zamazenta|Substitute|p2a: Zamazenta
|-start|p2a: Zamazenta|Substitute
|-damage|p2a: Zamazenta|69/100
|move|p1a: Gholdengo|Thunder Wave||[still]
|-fail|p1a: Gholdengo
|
|-heal|p2a: Zamazenta|76/100|[from] item: Leftovers
|upkeep
|turn|12
|
|t:|1779640648
|move|p2a: Zamazenta|Crunch|p1a: Gholdengo
|-supereffective|p1a: Gholdengo
|-end|p1a: Gholdengo|Substitute
|move|p1a: Gholdengo|Hex|p2a: Zamazenta
|-end|p2a: Zamazenta|Substitute
|
|-heal|p2a: Zamazenta|82/100|[from] item: Leftovers
|upkeep
|turn|13
|
|t:|1779640660
|move|p2a: Zamazenta|Crunch|p1a: Gholdengo
|-supereffective|p1a: Gholdengo
|-damage|p1a: Gholdengo|59/100
|move|p1a: Gholdengo|Thunder Wave|p2a: Zamazenta
|-status|p2a: Zamazenta|par
|
|-heal|p1a: Gholdengo|66/100|[from] item: Leftovers
|-heal|p2a: Zamazenta|88/100 par|[from] item: Leftovers
|upkeep
|turn|14
|
|t:|1779640669
|move|p1a: Gholdengo|Hex|p2a: Zamazenta
|-damage|p2a: Zamazenta|40/100 par
|move|p2a: Zamazenta|Substitute|p2a: Zamazenta
|-start|p2a: Zamazenta|Substitute
|-damage|p2a: Zamazenta|15/100 par
|
|-heal|p1a: Gholdengo|72/100|[from] item: Leftovers
|-heal|p2a: Zamazenta|22/100 par|[from] item: Leftovers
|upkeep
|turn|15
|
|t:|1779640679
|move|p1a: Gholdengo|Hex|p2a: Zamazenta
|-end|p2a: Zamazenta|Substitute
|move|p2a: Zamazenta|Crunch|p1a: Gholdengo
|-supereffective|p1a: Gholdengo
|-damage|p1a: Gholdengo|28/100
|
|-heal|p1a: Gholdengo|34/100|[from] item: Leftovers
|-heal|p2a: Zamazenta|28/100 par|[from] item: Leftovers
|upkeep
|turn|16
|
|t:|1779640723
|move|p1a: Gholdengo|Hex|p2a: Zamazenta
|-damage|p2a: Zamazenta|0 fnt
|faint|p2a: Zamazenta
|
|-heal|p1a: Gholdengo|40/100|[from] item: Leftovers
|upkeep
|inactive|Battle timer is ON: inactive players will automatically lose when time's up. (requested by tidou21)
|
|t:|1779640737
|switch|p2a: Hoopa|Hoopa-Unbound|100/100
|-damage|p2a: Hoopa|88/100|[from] Stealth Rock
|turn|17
|
|t:|1779640748
|switch|p1a: Forretress|Forretress, F|44/100
|-damage|p1a: Forretress|32/100|[from] Stealth Rock
|move|p2a: Hoopa|Knock Off|p1a: Forretress
|-damage|p1a: Forretress|0 fnt
|-enditem|p1a: Forretress|Leftovers|[from] move: Knock Off|[of] p2a: Hoopa
|faint|p1a: Forretress
|-damage|p2a: Hoopa|78/100|[from] item: Life Orb
|
|upkeep
|
|t:|1779640753
|switch|p1a: Skarmory|Skarmory, F|100/100
|-damage|p1a: Skarmory|88/100|[from] Stealth Rock
|turn|18
|
|t:|1779640766
|move|p2a: Hoopa|Drain Punch|p1a: Skarmory
|-damage|p1a: Skarmory|59/100
|-heal|p2a: Hoopa|90/100|[from] drain|[of] p1a: Skarmory
|-ability|p1a: Skarmory|Weak Armor|boost
|-unboost|p1a: Skarmory|def|1
|-boost|p1a: Skarmory|spe|2
|-damage|p2a: Hoopa|80/100|[from] item: Life Orb
|move|p1a: Skarmory|Swords Dance|p1a: Skarmory
|-boost|p1a: Skarmory|atk|2
|
|upkeep
|turn|19
|
|t:|1779640780
|-terastallize|p2a: Hoopa|Fighting
|move|p1a: Skarmory|Brave Bird|p2a: Hoopa
|-supereffective|p2a: Hoopa
|-damage|p2a: Hoopa|0 fnt
|faint|p2a: Hoopa
|-damage|p1a: Skarmory|28/100|[from] Recoil
|
|upkeep
|
|t:|1779640788
|switch|p2a: Glimmora|Glimmora, F, shiny|1/100 par
|-damage|p2a: Glimmora|0 fnt|[from] Stealth Rock
|faint|p2a: Glimmora
|
|t:|1779640796
|switch|p2a: Slowking|Slowking-Galar, M, shiny|100/100
|turn|20
|
|t:|1779640802
|move|p1a: Skarmory|Roost|p1a: Skarmory
|-heal|p1a: Skarmory|78/100
|-singleturn|p1a: Skarmory|move: Roost
|move|p2a: Slowking|Flamethrower|p1a: Skarmory
|-supereffective|p1a: Skarmory
|-damage|p1a: Skarmory|0 fnt
|faint|p1a: Skarmory
|
|upkeep
|
|t:|1779640808
|switch|p1a: Deoxys|Deoxys-Speed|100/100
|-damage|p1a: Deoxys|88/100|[from] Stealth Rock
|-ability|p1a: Deoxys|Pressure
|turn|21
|
|t:|1779640819
|move|p1a: Deoxys|Taunt|p2a: Slowking
|-start|p2a: Slowking|move: Taunt
|move|p2a: Slowking|Sludge Bomb|p1a: Deoxys
|-damage|p1a: Deoxys|36/100
|
|upkeep
|turn|22
|
|t:|1779640827
|move|p1a: Deoxys|Cosmic Power|p1a: Deoxys
|-boost|p1a: Deoxys|def|1
|-boost|p1a: Deoxys|spd|1
|move|p2a: Slowking|Sludge Bomb|p1a: Deoxys
|-damage|p1a: Deoxys|0 fnt
|faint|p1a: Deoxys
|
|upkeep
|
|t:|1779640832
|switch|p1a: Slowbro|Slowbro, M|100/100
|-damage|p1a: Slowbro|88/100|[from] Stealth Rock
|turn|23
|
|t:|1779640840
|move|p2a: Slowking|Sludge Bomb|p1a: Slowbro
|-damage|p1a: Slowbro|34/100
|-enditem|p1a: Slowbro|Sitrus Berry|[eat]
|-heal|p1a: Slowbro|59/100|[from] item: Sitrus Berry
|move|p1a: Slowbro|Earthquake|p2a: Slowking
|-supereffective|p2a: Slowking
|-crit|p2a: Slowking
|-damage|p2a: Slowking|20/100
|
|-end|p2a: Slowking|move: Taunt
|upkeep
|turn|24
|
|t:|1779640856
|move|p2a: Slowking|Sludge Bomb|p1a: Slowbro
|-damage|p1a: Slowbro|0 fnt
|faint|p1a: Slowbro
|
|upkeep
|
|t:|1779640860
|switch|p1a: Gholdengo|Gholdengo|40/100
|-damage|p1a: Gholdengo|34/100|[from] Stealth Rock
|turn|25
|
|t:|1779640865
|-terastallize|p1a: Gholdengo|Fairy
|move|p1a: Gholdengo|Substitute|p1a: Gholdengo
|-start|p1a: Gholdengo|Substitute
|-damage|p1a: Gholdengo|9/100
|move|p2a: Slowking|Flamethrower|p1a: Gholdengo
|-activate|p1a: Gholdengo|move: Substitute|[damage]
|
|-heal|p1a: Gholdengo|15/100|[from] item: Leftovers
|upkeep
|turn|26
|
|t:|1779640875
|move|p1a: Gholdengo|Hex|p2a: Slowking
|-supereffective|p2a: Slowking
|-damage|p2a: Slowking|0 fnt
|faint|p2a: Slowking
|
|-heal|p1a: Gholdengo|22/100|[from] item: Leftovers
|upkeep
|
|t:|1779640883
|switch|p2a: Azumarill|Azumarill, F, shiny|100/100
|-damage|p2a: Azumarill|88/100|[from] Stealth Rock
|turn|27
|
|t:|1779640889
|move|p1a: Gholdengo|Thunder Wave|p2a: Azumarill
|-status|p2a: Azumarill|par
|move|p2a: Azumarill|Belly Drum|p2a: Azumarill
|-damage|p2a: Azumarill|38/100 par
|-setboost|p2a: Azumarill|atk|6|[from] move: Belly Drum
|-enditem|p2a: Azumarill|Sitrus Berry|[eat]
|-heal|p2a: Azumarill|63/100 par|[from] item: Sitrus Berry
|
|-heal|p1a: Gholdengo|28/100|[from] item: Leftovers
|upkeep
|turn|28
|
|t:|1779640901
|move|p2a: Azumarill|Aqua Jet|p1a: Gholdengo
|-end|p1a: Gholdengo|Substitute
|move|p1a: Gholdengo|Hex|p2a: Azumarill
|-damage|p2a: Azumarill|6/100 par
|
|-heal|p1a: Gholdengo|34/100|[from] item: Leftovers
|upkeep
|turn|29
|
|t:|1779640909
|move|p2a: Azumarill|Aqua Jet|p1a: Gholdengo
|-damage|p1a: Gholdengo|0 fnt
|faint|p1a: Gholdengo
|
|upkeep
|
|t:|1779640911
|switch|p1a: Dragonite|Dragonite, M|100/100
|-damage|p1a: Dragonite|76/100|[from] Stealth Rock
|turn|30
|
|t:|1779640920
|move|p2a: Azumarill|Aqua Jet|p1a: Dragonite
|-resisted|p1a: Dragonite
|-damage|p1a: Dragonite|43/100
|move|p1a: Dragonite|Ice Beam|p2a: Azumarill
|-resisted|p2a: Azumarill
|-damage|p2a: Azumarill|0 fnt
|faint|p2a: Azumarill
|
|win|ToTheTopOfNatdex
|raw|ToTheTopOfNatdex's rating: 1216 &rarr; <strong>1241</strong><br />(+25 for winning)
|raw|tidou21's rating: 1221 &rarr; <strong>1196</strong><br />(-25 for losing)
|l|☆tidou21
|player|p2|
|l|☆ToTheTopOfNatdex
|player|p1|
