|j|☆Juggagu
|j|☆potion of binding
|t:|1779692476
|gametype|singles
|player|p1|Juggagu|blue-gen3champion|1494
|player|p2|potion of binding|2|1464
|gen|9
|tier|[Gen 9] OU
|rated|
|rule|HP Percentage Mod: HP is shown in percentages
|rule|Endless Battle Clause: Forcing endless battles is banned
|rule|Species Clause: Limit one of each Pokémon
|rule|OHKO Clause: OHKO moves are banned
|rule|Evasion Items Clause: Evasion items are banned
|rule|Evasion Moves Clause: Evasion moves are banned
|rule|Evasion Abilities Clause: Evasion abilities are banned
|rule|Sleep Moves Clause: Sleep-inducing moves are banned
|clearpoke
|poke|p1|Gliscor, F|
|poke|p1|Gholdengo|
|poke|p1|Dragonite, F|
|poke|p1|Ting-Lu|
|poke|p1|Darkrai|
|poke|p1|Zamazenta-*|
|poke|p2|Ceruledge, F|
|poke|p2|Dragonite, M|
|poke|p2|Hatterene, F|
|poke|p2|Kingambit, M|
|poke|p2|Ogerpon-Wellspring, F|
|poke|p2|Ting-Lu|
|teampreview
|c|☆potion of binding|hf
|inactive|Battle timer is ON: inactive players will automatically lose when time's up. (requested by potion of binding)
|
|t:|1779692487
|teamsize|p1|6
|teamsize|p2|6
|start
|switch|p1a: Darkrai|Darkrai|100/100
|switch|p2a: Dragonite|Dragonite, M|100/100
|turn|1
|c|☆Juggagu|hf
|
|t:|1779692493
|move|p1a: Darkrai|Will-O-Wisp|p2a: Dragonite
|-status|p2a: Dragonite|brn
|move|p2a: Dragonite|Earthquake|p1a: Darkrai
|-damage|p1a: Darkrai|76/100
|
|-damage|p2a: Dragonite|94/100 brn|[from] brn
|upkeep
|turn|2
|
|t:|1779692496
|move|p1a: Darkrai|Ice Beam|p2a: Dragonite
|-supereffective|p2a: Dragonite
|-damage|p2a: Dragonite|0 fnt
|faint|p2a: Dragonite
|
|upkeep
|
|t:|1779692499
|switch|p2a: Hatterene|Hatterene, F|100/100
|turn|3
|
|t:|1779692504
|switch|p1a: Ting-Lu|Ting-Lu|100/100
|-ability|p1a: Ting-Lu|Vessel of Ruin
|move|p2a: Hatterene|Mystical Fire|p1a: Ting-Lu
|-damage|p1a: Ting-Lu|92/100
|-unboost|p1a: Ting-Lu|spa|1
|
|-heal|p1a: Ting-Lu|98/100|[from] item: Leftovers
|upkeep
|turn|4
|
|t:|1779692509
|move|p1a: Ting-Lu|Ruination|p2a: Hatterene
|-damage|p2a: Hatterene|51/100
|move|p2a: Hatterene|Draining Kiss|p1a: Ting-Lu
|-supereffective|p1a: Ting-Lu
|-damage|p1a: Ting-Lu|79/100
|-heal|p2a: Hatterene|74/100|[from] drain|[of] p1a: Ting-Lu
|
|-heal|p1a: Ting-Lu|85/100|[from] item: Leftovers
|upkeep
|turn|5
|
|t:|1779692512
|switch|p1a: Gholdengo|Gholdengo|100/100
|move|p2a: Hatterene|Draining Kiss|p1a: Gholdengo
|-resisted|p1a: Gholdengo
|-damage|p1a: Gholdengo|87/100
|-heal|p2a: Hatterene|84/100|[from] drain|[of] p1a: Gholdengo
|
|upkeep
|turn|6
|
|t:|1779692517
|switch|p2a: Kingambit|Kingambit, M|100/100
|-activate|p2a: Kingambit|ability: Supreme Overlord
|-start|p2a: Kingambit|fallen1|[silent]
|move|p1a: Gholdengo|Trick|p2a: Kingambit
|-activate|p1a: Gholdengo|move: Trick|[of] p2a: Kingambit
|-item|p2a: Kingambit|Choice Scarf|[from] move: Trick
|-item|p1a: Gholdengo|Leftovers|[from] move: Trick
|
|-heal|p1a: Gholdengo|94/100|[from] item: Leftovers
|upkeep
|turn|7
|
|t:|1779692522
|switch|p1a: Ting-Lu|Ting-Lu|85/100
|-ability|p1a: Ting-Lu|Vessel of Ruin
|move|p2a: Kingambit|Iron Head|p1a: Ting-Lu
|-damage|p1a: Ting-Lu|58/100
|
|-heal|p1a: Ting-Lu|64/100|[from] item: Leftovers
|upkeep
|turn|8
|
|t:|1779692526
|move|p2a: Kingambit|Iron Head|p1a: Ting-Lu
|-damage|p1a: Ting-Lu|37/100
|move|p1a: Ting-Lu|Earthquake|p2a: Kingambit
|-supereffective|p2a: Kingambit
|-damage|p2a: Kingambit|44/100
|
|-heal|p1a: Ting-Lu|43/100|[from] item: Leftovers
|upkeep
|turn|9
|
|t:|1779692530
|switch|p1a: Gholdengo|Gholdengo|94/100
|move|p2a: Kingambit|Iron Head|p1a: Gholdengo
|-resisted|p1a: Gholdengo
|-damage|p1a: Gholdengo|64/100
|
|-heal|p1a: Gholdengo|70/100|[from] item: Leftovers
|upkeep
|turn|10
|
|t:|1779692533
|move|p1a: Gholdengo|Recover|p1a: Gholdengo
|-heal|p1a: Gholdengo|100/100
|move|p2a: Kingambit|Iron Head|p1a: Gholdengo
|-resisted|p1a: Gholdengo
|-damage|p1a: Gholdengo|72/100
|
|-heal|p1a: Gholdengo|78/100|[from] item: Leftovers
|upkeep
|turn|11
|
|t:|1779692536
|move|p1a: Gholdengo|Shadow Ball|p2a: Kingambit
|-resisted|p2a: Kingambit
|-damage|p2a: Kingambit|25/100
|move|p2a: Kingambit|Iron Head|p1a: Gholdengo
|-resisted|p1a: Gholdengo
|-damage|p1a: Gholdengo|48/100
|
|-heal|p1a: Gholdengo|54/100|[from] item: Leftovers
|upkeep
|turn|12
|
|t:|1779692540
|-end|p2a: Kingambit|fallen1|[silent]
|switch|p2a: Ogerpon|Ogerpon-Wellspring, F|100/100
|move|p1a: Gholdengo|Make It Rain|p2a: Ogerpon
|-resisted|p2a: Ogerpon
|-damage|p2a: Ogerpon|64/100
|-unboost|p1a: Gholdengo|spa|1
|
|-heal|p1a: Gholdengo|60/100|[from] item: Leftovers
|upkeep
|turn|13
|
|t:|1779692543
|switch|p1a: Dragonite|Dragonite, F|100/100
|move|p2a: Ogerpon|Play Rough|p1a: Dragonite
|-supereffective|p1a: Dragonite
|-damage|p1a: Dragonite|63/100
|
|upkeep
|turn|14
|
|t:|1779692550
|switch|p1a: Zamazenta|Zamazenta|100/100
|-ability|p1a: Zamazenta|Dauntless Shield|boost
|-boost|p1a: Zamazenta|def|1
|move|p2a: Ogerpon|Play Rough|p1a: Zamazenta
|-supereffective|p1a: Zamazenta
|-damage|p1a: Zamazenta|53/100
|
|upkeep
|turn|15
|
|t:|1779692554
|switch|p2a: Hatterene|Hatterene, F|84/100
|move|p1a: Zamazenta|Close Combat|p2a: Hatterene
|-resisted|p2a: Hatterene
|-damage|p2a: Hatterene|72/100
|-unboost|p1a: Zamazenta|def|1
|-unboost|p1a: Zamazenta|spd|1
|
|upkeep
|turn|16
|
|t:|1779692558
|switch|p1a: Gholdengo|Gholdengo|60/100
|move|p2a: Hatterene|Draining Kiss|p1a: Gholdengo
|-resisted|p1a: Gholdengo
|-damage|p1a: Gholdengo|47/100
|-heal|p2a: Hatterene|82/100|[from] drain|[of] p1a: Gholdengo
|
|-heal|p1a: Gholdengo|53/100|[from] item: Leftovers
|upkeep
|turn|17
|
|t:|1779692562
|switch|p2a: Ogerpon|Ogerpon-Wellspring, F|64/100
|move|p1a: Gholdengo|Make It Rain|p2a: Ogerpon
|-resisted|p2a: Ogerpon
|-damage|p2a: Ogerpon|29/100
|-unboost|p1a: Gholdengo|spa|1
|
|-heal|p1a: Gholdengo|59/100|[from] item: Leftovers
|upkeep
|turn|18
|
|t:|1779692576
|switch|p1a: Dragonite|Dragonite, F|63/100
|move|p2a: Ogerpon|Ivy Cudgel|p1a: Dragonite|[anim] Ivy Cudgel Water
|-resisted|p1a: Dragonite
|-damage|p1a: Dragonite|37/100
|
|upkeep
|turn|19
|
|t:|1779692579
|move|p1a: Dragonite|Extreme Speed|p2a: Ogerpon
|-damage|p2a: Ogerpon|0 fnt
|faint|p2a: Ogerpon
|
|upkeep
|
|t:|1779692581
|switch|p2a: Hatterene|Hatterene, F|82/100
|turn|20
|
|t:|1779692586
|switch|p1a: Gliscor|Gliscor, F|100/100
|move|p2a: Hatterene|Draining Kiss|p1a: Gliscor
|-damage|p1a: Gliscor|75/100
|-heal|p2a: Hatterene|100/100|[from] drain|[of] p1a: Gliscor
|
|-status|p1a: Gliscor|tox|[from] item: Toxic Orb
|upkeep
|turn|21
|
|t:|1779692593
|move|p1a: Gliscor|Protect|p1a: Gliscor
|-singleturn|p1a: Gliscor|Protect
|move|p2a: Hatterene|Draining Kiss|p1a: Gliscor
|-activate|p1a: Gliscor|move: Protect
|
|-heal|p1a: Gliscor|87/100 tox|[from] ability: Poison Heal
|upkeep
|turn|22
|
|t:|1779692602
|move|p1a: Gliscor|Earthquake|p2a: Hatterene
|-damage|p2a: Hatterene|70/100
|move|p2a: Hatterene|Mystical Fire|p1a: Gliscor
|-damage|p1a: Gliscor|62/100 tox
|-unboost|p1a: Gliscor|spa|1
|
|-heal|p1a: Gliscor|75/100 tox|[from] ability: Poison Heal
|upkeep
|turn|23
|
|t:|1779692607
|move|p1a: Gliscor|Protect|p1a: Gliscor
|-singleturn|p1a: Gliscor|Protect
|move|p2a: Hatterene|Draining Kiss|p1a: Gliscor
|-activate|p1a: Gliscor|move: Protect
|
|-heal|p1a: Gliscor|87/100 tox|[from] ability: Poison Heal
|upkeep
|turn|24
|
|t:|1779692609
|move|p1a: Gliscor|Earthquake|p2a: Hatterene
|-damage|p2a: Hatterene|42/100
|move|p2a: Hatterene|Draining Kiss|p1a: Gliscor
|-crit|p1a: Gliscor
|-damage|p1a: Gliscor|47/100 tox
|-heal|p2a: Hatterene|75/100|[from] drain|[of] p1a: Gliscor
|
|-heal|p1a: Gliscor|59/100 tox|[from] ability: Poison Heal
|upkeep
|turn|25
|
|t:|1779692613
|move|p1a: Gliscor|Protect|p1a: Gliscor
|-singleturn|p1a: Gliscor|Protect
|move|p2a: Hatterene|Draining Kiss|p1a: Gliscor
|-activate|p1a: Gliscor|move: Protect
|
|-heal|p1a: Gliscor|72/100 tox|[from] ability: Poison Heal
|upkeep
|turn|26
|
|t:|1779692617
|move|p1a: Gliscor|Earthquake|p2a: Hatterene
|-damage|p2a: Hatterene|48/100
|move|p2a: Hatterene|Draining Kiss|p1a: Gliscor
|-damage|p1a: Gliscor|44/100 tox
|-heal|p2a: Hatterene|71/100|[from] drain|[of] p1a: Gliscor
|
|-heal|p1a: Gliscor|57/100 tox|[from] ability: Poison Heal
|upkeep
|turn|27
|
|t:|1779692620
|switch|p1a: Gholdengo|Gholdengo|59/100
|move|p2a: Hatterene|Draining Kiss|p1a: Gholdengo
|-resisted|p1a: Gholdengo
|-damage|p1a: Gholdengo|45/100
|-heal|p2a: Hatterene|81/100|[from] drain|[of] p1a: Gholdengo
|
|-heal|p1a: Gholdengo|51/100|[from] item: Leftovers
|upkeep
|turn|28
|
|t:|1779692626
|-terastallize|p2a: Hatterene|Water
|move|p1a: Gholdengo|Recover|p1a: Gholdengo
|-heal|p1a: Gholdengo|100/100
|move|p2a: Hatterene|Mystical Fire|p1a: Gholdengo
|-supereffective|p1a: Gholdengo
|-damage|p1a: Gholdengo|44/100
|-unboost|p1a: Gholdengo|spa|1
|
|-heal|p1a: Gholdengo|50/100|[from] item: Leftovers
|upkeep
|turn|29
|
|t:|1779692643
|switch|p1a: Gliscor|Gliscor, F|57/100 tox
|move|p2a: Hatterene|Mystical Fire|p1a: Gliscor
|-damage|p1a: Gliscor|27/100 tox
|-unboost|p1a: Gliscor|spa|1
|
|-heal|p1a: Gliscor|40/100 tox|[from] ability: Poison Heal
|upkeep
|turn|30
|
|t:|1779692646
|move|p1a: Gliscor|Protect|p1a: Gliscor
|-singleturn|p1a: Gliscor|Protect
|move|p2a: Hatterene|Draining Kiss|p1a: Gliscor
|-activate|p1a: Gliscor|move: Protect
|
|-heal|p1a: Gliscor|52/100 tox|[from] ability: Poison Heal
|upkeep
|turn|31
|
|t:|1779692650
|move|p1a: Gliscor|Earthquake|p2a: Hatterene
|-damage|p2a: Hatterene|51/100
|move|p2a: Hatterene|Draining Kiss|p1a: Gliscor
|-damage|p1a: Gliscor|25/100 tox
|-heal|p2a: Hatterene|74/100|[from] drain|[of] p1a: Gliscor
|
|-heal|p1a: Gliscor|37/100 tox|[from] ability: Poison Heal
|upkeep
|turn|32
|
|t:|1779692653
|move|p1a: Gliscor|Protect|p1a: Gliscor
|-singleturn|p1a: Gliscor|Protect
|move|p2a: Hatterene|Draining Kiss|p1a: Gliscor
|-activate|p1a: Gliscor|move: Protect
|
|-heal|p1a: Gliscor|50/100 tox|[from] ability: Poison Heal
|upkeep
|turn|33
|
|t:|1779692655
|move|p1a: Gliscor|Earthquake|p2a: Hatterene
|-damage|p2a: Hatterene|47/100
|move|p2a: Hatterene|Draining Kiss|p1a: Gliscor
|-damage|p1a: Gliscor|20/100 tox
|-heal|p2a: Hatterene|72/100|[from] drain|[of] p1a: Gliscor
|
|-heal|p1a: Gliscor|32/100 tox|[from] ability: Poison Heal
|upkeep
|turn|34
|
|t:|1779692658
|move|p1a: Gliscor|Protect|p1a: Gliscor
|-singleturn|p1a: Gliscor|Protect
|move|p2a: Hatterene|Draining Kiss|p1a: Gliscor
|-activate|p1a: Gliscor|move: Protect
|
|-heal|p1a: Gliscor|45/100 tox|[from] ability: Poison Heal
|upkeep
|turn|35
|
|t:|1779692660
|move|p1a: Gliscor|Earthquake|p2a: Hatterene
|-damage|p2a: Hatterene|44/100
|move|p2a: Hatterene|Draining Kiss|p1a: Gliscor
|-crit|p1a: Gliscor
|-damage|p1a: Gliscor|1/100 tox
|-heal|p2a: Hatterene|81/100|[from] drain|[of] p1a: Gliscor
|
|-heal|p1a: Gliscor|14/100 tox|[from] ability: Poison Heal
|upkeep
|turn|36
|
|t:|1779692662
|move|p1a: Gliscor|Protect|p1a: Gliscor
|-singleturn|p1a: Gliscor|Protect
|move|p2a: Hatterene|Mystical Fire|p1a: Gliscor
|-activate|p1a: Gliscor|move: Protect
|
|-heal|p1a: Gliscor|26/100 tox|[from] ability: Poison Heal
|upkeep
|turn|37
|
|t:|1779692668
|move|p1a: Gliscor|Earthquake|p2a: Hatterene
|-damage|p2a: Hatterene|53/100
|move|p2a: Hatterene|Mystical Fire|p1a: Gliscor
|-damage|p1a: Gliscor|0 fnt
|faint|p1a: Gliscor
|
|upkeep
|
|t:|1779692680
|switch|p1a: Gholdengo|Gholdengo|50/100
|turn|38
|
|t:|1779692687
|move|p1a: Gholdengo|Shadow Ball|p2a: Hatterene
|-damage|p2a: Hatterene|22/100
|move|p2a: Hatterene|Mystical Fire|p1a: Gholdengo
|-supereffective|p1a: Gholdengo
|-damage|p1a: Gholdengo|0 fnt
|faint|p1a: Gholdengo
|
|upkeep
|
|t:|1779692693
|switch|p1a: Darkrai|Darkrai|76/100
|turn|39
|
|t:|1779692695
|move|p1a: Darkrai|Dark Pulse|p2a: Hatterene
|-damage|p2a: Hatterene|0 fnt
|faint|p2a: Hatterene
|
|upkeep
|
|t:|1779692698
|switch|p2a: Kingambit|Kingambit, M|25/100
|-activate|p2a: Kingambit|ability: Supreme Overlord
|-start|p2a: Kingambit|fallen3|[silent]
|turn|40
|
|t:|1779692708
|move|p1a: Darkrai|Dark Pulse|p2a: Kingambit
|-resisted|p2a: Kingambit
|-damage|p2a: Kingambit|2/100
|move|p2a: Kingambit|Iron Head|p1a: Darkrai
|-damage|p1a: Darkrai|0 fnt
|faint|p1a: Darkrai
|
|upkeep
|
|t:|1779692716
|switch|p1a: Dragonite|Dragonite, F|37/100
|turn|41
|
|t:|1779692718
|move|p1a: Dragonite|Extreme Speed|p2a: Kingambit
|-resisted|p2a: Kingambit
|-damage|p2a: Kingambit|0 fnt
|faint|p2a: Kingambit
|-end|p2a: Kingambit|fallen3|[silent]
|
|upkeep
|
|t:|1779692720
|switch|p2a: Ting-Lu|Ting-Lu|100/100
|-ability|p2a: Ting-Lu|Vessel of Ruin
|turn|42
|
|t:|1779692722
|move|p1a: Dragonite|Roost|p1a: Dragonite
|-heal|p1a: Dragonite|87/100
|-singleturn|p1a: Dragonite|move: Roost
|move|p2a: Ting-Lu|Ruination|p1a: Dragonite
|-damage|p1a: Dragonite|44/100
|
|upkeep
|turn|43
|
|t:|1779692724
|move|p1a: Dragonite|Roost|p1a: Dragonite
|-heal|p1a: Dragonite|94/100
|-singleturn|p1a: Dragonite|move: Roost
|move|p2a: Ting-Lu|Ruination|p1a: Dragonite
|-damage|p1a: Dragonite|47/100
|
|upkeep
|turn|44
|
|t:|1779692727
|move|p1a: Dragonite|Dragon Dance|p1a: Dragonite
|-boost|p1a: Dragonite|atk|1
|-boost|p1a: Dragonite|spe|1
|move|p2a: Ting-Lu|Ruination|p1a: Dragonite
|-damage|p1a: Dragonite|24/100
|
|upkeep
|turn|45
|
|t:|1779692730
|move|p1a: Dragonite|Earthquake|p2a: Ting-Lu
|-damage|p2a: Ting-Lu|69/100
|move|p2a: Ting-Lu|Taunt|p1a: Dragonite
|-start|p1a: Dragonite|move: Taunt
|
|upkeep
|turn|46
|
|t:|1779692733
|move|p1a: Dragonite|Earthquake|p2a: Ting-Lu
|-damage|p2a: Ting-Lu|38/100
|move|p2a: Ting-Lu|Ruination|p1a: Dragonite
|-damage|p1a: Dragonite|12/100
|
|upkeep
|turn|47
|
|t:|1779692738
|move|p1a: Dragonite|Earthquake|p2a: Ting-Lu
|-damage|p2a: Ting-Lu|8/100
|move|p2a: Ting-Lu|Taunt||[still]
|-fail|p2a: Ting-Lu
|
|upkeep
|turn|48
|
|t:|1779692745
|switch|p2a: Ceruledge|Ceruledge, F|100/100
|move|p1a: Dragonite|Extreme Speed|p2a: Ceruledge
|-immune|p2a: Ceruledge
|
|-end|p1a: Dragonite|move: Taunt
|upkeep
|turn|49
|
|t:|1779692747
|move|p2a: Ceruledge|Shadow Sneak|p1a: Dragonite
|-damage|p1a: Dragonite|0 fnt
|faint|p1a: Dragonite
|-damage|p2a: Ceruledge|91/100|[from] item: Life Orb
|
|upkeep
|
|t:|1779692752
|switch|p1a: Ting-Lu|Ting-Lu|43/100
|-ability|p1a: Ting-Lu|Vessel of Ruin
|turn|50
|
|t:|1779692755
|move|p2a: Ceruledge|Bitter Blade|p1a: Ting-Lu
|-damage|p1a: Ting-Lu|7/100
|-heal|p2a: Ceruledge|100/100|[from] drain|[of] p1a: Ting-Lu
|-damage|p2a: Ceruledge|91/100|[from] item: Life Orb
|move|p1a: Ting-Lu|Ruination|p2a: Ceruledge
|-damage|p2a: Ceruledge|46/100
|
|-heal|p1a: Ting-Lu|13/100|[from] item: Leftovers
|upkeep
|turn|51
|
|t:|1779692759
|move|p2a: Ceruledge|Poltergeist|p1a: Ting-Lu
|-activate|p1a: Ting-Lu|move: Poltergeist|Leftovers
|-resisted|p1a: Ting-Lu
|-damage|p1a: Ting-Lu|0 fnt
|faint|p1a: Ting-Lu
|-damage|p2a: Ceruledge|36/100|[from] item: Life Orb
|
|upkeep
|
|t:|1779692761
|switch|p1a: Zamazenta|Zamazenta|53/100
|turn|52
|
|t:|1779692763
|switch|p2a: Ting-Lu|Ting-Lu|8/100
|-ability|p2a: Ting-Lu|Vessel of Ruin
|move|p1a: Zamazenta|Stone Edge|p2a: Ting-Lu|[miss]
|-miss|p1a: Zamazenta|p2a: Ting-Lu
|
|upkeep
|turn|53
|
|t:|1779692767
|move|p1a: Zamazenta|Stone Edge|p2a: Ting-Lu
|-resisted|p2a: Ting-Lu
|-damage|p2a: Ting-Lu|0 fnt
|faint|p2a: Ting-Lu
|
|upkeep
|
|t:|1779692769
|switch|p2a: Ceruledge|Ceruledge, F|36/100
|turn|54
|
|t:|1779692771
|move|p1a: Zamazenta|Stone Edge|p2a: Ceruledge|[miss]
|-miss|p1a: Zamazenta|p2a: Ceruledge
|move|p2a: Ceruledge|Bitter Blade|p1a: Zamazenta
|-damage|p1a: Zamazenta|0 fnt
|-heal|p2a: Ceruledge|65/100|[from] drain|[of] p1a: Zamazenta
|faint|p1a: Zamazenta
|-damage|p2a: Ceruledge|55/100|[from] item: Life Orb
|
|win|potion of binding
|raw|Juggagu's rating: 1494 &rarr; <strong>1472</strong><br />(-22 for losing)
|raw|potion of binding's rating: 1464 &rarr; <strong>1486</strong><br />(+22 for winning)
|c|☆potion of binding|gg
