|j|☆UltraJoy012
|j|☆Aleph_aj
|t:|1779697588
|gametype|singles
|player|p1|UltraJoy012|ghetsis|1130
|player|p2|Aleph_aj|101|1150
|gen|9
|tier|[Gen 9] OU
|rated|
|rule|HP Percentage Mod: HP is shown in percentages
|rule|Endless Battle Clause: Forcing endless battles is banned
|rule|Species Clause: Limit one of each Pokémon
|rule|OHKO Clause: OHKO moves are banned
|rule|Evasion Items Clause: Evasion items are banned
|rule|Evasion Moves Clause: Evasion moves are banned
|rule|Evasion Abilities Clause: Evasion abilities are banned
|rule|Sleep Moves Clause: Sleep-inducing moves are banned
|clearpoke
|poke|p1|Hawlucha, M|
|poke|p1|Indeedee, M|
|poke|p1|Zapdos|
|poke|p1|Latios, M|
|poke|p1|Glimmora, M|
|poke|p1|Regieleki|
|poke|p2|Pincurchin, F|
|poke|p2|Pelipper, M|
|poke|p2|Hydrapple, F|
|poke|p2|Great Tusk|
|poke|p2|Iron Moth|
|poke|p2|Iron Boulder|
|teampreview
|inactive|Battle timer is ON: inactive players will automatically lose when time's up. (requested by UltraJoy012)
|
|t:|1779697594
|teamsize|p1|6
|teamsize|p2|6
|start
|switch|p1a: Regieleki|Regieleki|100/100
|switch|p2a: Pincurchin|Pincurchin, F|100/100
|-item|p1a: Regieleki|Air Balloon
|-fieldstart|move: Electric Terrain|[from] ability: Electric Surge|[of] p2a: Pincurchin
|turn|1
|
|t:|1779697599
|move|p1a: Regieleki|Light Screen|p1a: Regieleki
|-sidestart|p1: UltraJoy012|move: Light Screen
|move|p2a: Pincurchin|Scald|p1a: Regieleki
|-damage|p1a: Regieleki|84/100
|-status|p1a: Regieleki|brn
|-enditem|p1a: Regieleki|Air Balloon
|
|-damage|p1a: Regieleki|78/100 brn|[from] brn
|upkeep
|turn|2
|
|t:|1779697606
|move|p1a: Regieleki|Reflect|p1a: Regieleki
|-sidestart|p1: UltraJoy012|Reflect
|move|p2a: Pincurchin|Hex|p1a: Regieleki
|-damage|p1a: Regieleki|50/100 brn
|
|-damage|p1a: Regieleki|45/100 brn|[from] brn
|upkeep
|turn|3
|
|t:|1779697612
|move|p1a: Regieleki|Volt Switch|p2a: Pincurchin
|-resisted|p2a: Pincurchin
|-damage|p2a: Pincurchin|62/100
|
|t:|1779697616
|switch|p1a: Glimmora|Glimmora, M|100/100|[from] Volt Switch
|move|p2a: Pincurchin|Hex|p1a: Glimmora
|-damage|p1a: Glimmora|90/100
|
|upkeep
|turn|4
|
|t:|1779697622
|move|p1a: Glimmora|Mortal Spin|p2a: Pincurchin
|-damage|p2a: Pincurchin|57/100
|-status|p2a: Pincurchin|psn
|move|p2a: Pincurchin|Scald|p1a: Glimmora
|-supereffective|p1a: Glimmora
|-damage|p1a: Glimmora|67/100
|
|-damage|p2a: Pincurchin|45/100 psn|[from] psn
|upkeep
|turn|5
|
|t:|1779697639
|switch|p2a: Pelipper|Pelipper, M|100/100
|-weather|RainDance|[from] ability: Drizzle|[of] p2a: Pelipper
|move|p1a: Glimmora|Spikes|p2a: Pelipper
|-sidestart|p2: Aleph_aj|Spikes
|
|-weather|RainDance|[upkeep]
|-sideend|p1: UltraJoy012|move: Light Screen
|-fieldend|move: Electric Terrain
|upkeep
|turn|6
|
|t:|1779697647
|-terastallize|p2a: Pelipper|Ground
|move|p1a: Glimmora|Mortal Spin|p2a: Pelipper
|-resisted|p2a: Pelipper
|-damage|p2a: Pelipper|97/100
|-status|p2a: Pelipper|psn
|move|p2a: Pelipper|Weather Ball|p1a: Glimmora
|-supereffective|p1a: Glimmora
|-crit|p1a: Glimmora
|-damage|p1a: Glimmora|0 fnt
|faint|p1a: Glimmora
|
|-weather|RainDance|[upkeep]
|-damage|p2a: Pelipper|85/100 psn|[from] psn
|-sideend|p1: UltraJoy012|Reflect
|upkeep
|
|t:|1779697655
|switch|p1a: Regieleki|Regieleki|45/100 brn
|turn|7
|
|t:|1779697663
|switch|p1a: Indeedee|Indeedee, M|100/100
|-fieldstart|move: Psychic Terrain|[from] ability: Psychic Surge|[of] p1a: Indeedee
|move|p2a: Pelipper|Weather Ball|p1a: Indeedee
|-damage|p1a: Indeedee|21/100
|
|-weather|RainDance|[upkeep]
|-heal|p1a: Indeedee|28/100|[from] item: Leftovers
|-damage|p2a: Pelipper|73/100 psn|[from] psn
|upkeep
|turn|8
|
|t:|1779697666
|move|p1a: Indeedee|Energy Ball|p2a: Pelipper
|-supereffective|p2a: Pelipper
|-damage|p2a: Pelipper|0 fnt
|faint|p2a: Pelipper
|
|-weather|RainDance|[upkeep]
|-heal|p1a: Indeedee|34/100|[from] item: Leftovers
|upkeep
|
|t:|1779697671
|switch|p2a: Pincurchin|Pincurchin, F|45/100 psn
|-damage|p2a: Pincurchin|32/100 psn|[from] Spikes
|-fieldstart|move: Electric Terrain|[from] ability: Electric Surge|[of] p2a: Pincurchin
|turn|9
|
|t:|1779697682
|move|p1a: Indeedee|Energy Ball|p2a: Pincurchin
|-damage|p2a: Pincurchin|0 fnt
|faint|p2a: Pincurchin
|
|-weather|none
|-heal|p1a: Indeedee|40/100|[from] item: Leftovers
|upkeep
|
|t:|1779697687
|switch|p2a: Iron Moth|Iron Moth|100/100
|-damage|p2a: Iron Moth|88/100|[from] Spikes
|-activate|p2a: Iron Moth|ability: Quark Drive
|-start|p2a: Iron Moth|quarkdrivespe
|turn|10
|
|t:|1779697696
|switch|p1a: Regieleki|Regieleki|45/100 brn
|move|p2a: Iron Moth|Meteor Beam||[still]
|-prepare|p2a: Iron Moth|Meteor Beam
|-boost|p2a: Iron Moth|spa|1
|-enditem|p2a: Iron Moth|Power Herb
|-anim|p2a: Iron Moth|Meteor Beam|p1a: Regieleki|[miss]
|-miss|p2a: Iron Moth|p1a: Regieleki
|
|-damage|p1a: Regieleki|39/100 brn|[from] brn
|upkeep
|turn|11
|
|t:|1779697708
|move|p2a: Iron Moth|Fiery Dance|p1a: Regieleki
|-damage|p1a: Regieleki|0 fnt
|faint|p1a: Regieleki
|
|upkeep
|
|t:|1779697731
|switch|p1a: Indeedee|Indeedee, M|40/100
|-fieldstart|move: Psychic Terrain|[from] ability: Psychic Surge|[of] p1a: Indeedee
|-end|p2a: Iron Moth|Quark Drive
|turn|12
|
|t:|1779697739
|move|p2a: Iron Moth|Fiery Dance|p1a: Indeedee
|-damage|p1a: Indeedee|0 fnt
|faint|p1a: Indeedee
|
|upkeep
|
|t:|1779697744
|switch|p1a: Hawlucha|Hawlucha, M|100/100
|-enditem|p1a: Hawlucha|Psychic Seed
|-boost|p1a: Hawlucha|spd|1|[from] item: Psychic Seed
|turn|13
|
|t:|1779697754
|move|p1a: Hawlucha|Swords Dance|p1a: Hawlucha
|-boost|p1a: Hawlucha|atk|2
|move|p2a: Iron Moth|Sludge Wave|p1a: Hawlucha
|-damage|p1a: Hawlucha|15/100
|
|upkeep
|turn|14
|
|t:|1779697758
|move|p1a: Hawlucha|Acrobatics|p2a: Iron Moth
|-damage|p2a: Iron Moth|0 fnt
|faint|p2a: Iron Moth
|-end|p2a: Iron Moth|Quark Drive|[silent]
|
|upkeep
|
|t:|1779697765
|switch|p2a: Great Tusk|Great Tusk|100/100
|-damage|p2a: Great Tusk|88/100|[from] Spikes
|turn|15
|
|t:|1779697771
|move|p1a: Hawlucha|Acrobatics|p2a: Great Tusk
|-supereffective|p2a: Great Tusk
|-damage|p2a: Great Tusk|0 fnt
|-damage|p1a: Hawlucha|0 fnt|[from] item: Rocky Helmet|[of] p2a: Great Tusk
|faint|p2a: Great Tusk
|-end|p2a: Great Tusk|Protosynthesis|[silent]
|faint|p1a: Hawlucha
|
|upkeep
|
|t:|1779697783
|switch|p1a: Latios|Latios, M, shiny|100/100
|switch|p2a: Hydrapple|Hydrapple, F|100/100
|-damage|p2a: Hydrapple|88/100|[from] Spikes
|turn|16
|
|t:|1779697792
|move|p1a: Latios|Calm Mind|p1a: Latios
|-boost|p1a: Latios|spa|1
|-boost|p1a: Latios|spd|1
|move|p2a: Hydrapple|Fickle Beam|p1a: Latios
|-supereffective|p1a: Latios
|-damage|p1a: Latios|41/100
|
|-fieldend|move: Psychic Terrain
|upkeep
|turn|17
|
|t:|1779697802
|-terastallize|p1a: Latios|Steel
|move|p1a: Latios|Ice Beam|p2a: Hydrapple
|-supereffective|p2a: Hydrapple
|-damage|p2a: Hydrapple|0 fnt
|faint|p2a: Hydrapple
|
|upkeep
|
|t:|1779697806
|switch|p2a: Iron Boulder|Iron Boulder|100/100
|-damage|p2a: Iron Boulder|88/100|[from] Spikes
|turn|18
|
|t:|1779697821
|move|p1a: Latios|Dragon Pulse|p2a: Iron Boulder
|-damage|p2a: Iron Boulder|14/100
|move|p2a: Iron Boulder|Swords Dance|p2a: Iron Boulder
|-boost|p2a: Iron Boulder|atk|2
|
|upkeep
|turn|19
|
|t:|1779697832
|move|p1a: Latios|Ice Beam|p2a: Iron Boulder
|-damage|p2a: Iron Boulder|0 fnt
|faint|p2a: Iron Boulder
|-end|p2a: Iron Boulder|Quark Drive|[silent]
|
|win|UltraJoy012
|raw|UltraJoy012's rating: 1130 &rarr; <strong>1156</strong><br />(+26 for winning)
|raw|Aleph_aj's rating: 1150 &rarr; <strong>1124</strong><br />(-26 for losing)
|l|☆Aleph_aj
|player|p2|
|l|☆UltraJoy012
|player|p1|
