|j|☆Billythekid95
|j|☆whisperingcloth
|t:|1779572644
|gametype|singles
|player|p1|Billythekid95|170|1675
|player|p2|whisperingcloth|266|1679
|gen|9
|tier|[Gen 9] OU
|rated|
|rule|HP Percentage Mod: HP is shown in percentages
|rule|Endless Battle Clause: Forcing endless battles is banned
|rule|Species Clause: Limit one of each Pokémon
|rule|OHKO Clause: OHKO moves are banned
|rule|Evasion Items Clause: Evasion items are banned
|rule|Evasion Moves Clause: Evasion moves are banned
|rule|Evasion Abilities Clause: Evasion abilities are banned
|rule|Sleep Moves Clause: Sleep-inducing moves are banned
|clearpoke
|poke|p1|Iron Crown|
|poke|p1|Ninetales-Alola, F|
|poke|p1|Great Tusk|
|poke|p1|Ogerpon-Wellspring, F|
|poke|p1|Moltres-Galar|
|poke|p1|Ceruledge, F|
|poke|p2|Scizor, F|
|poke|p2|Deoxys-Speed|
|poke|p2|Garganacl, M|
|poke|p2|Kyurem|
|poke|p2|Great Tusk|
|poke|p2|Zapdos|
|teampreview
|inactive|Battle timer is ON: inactive players will automatically lose when time's up. (requested by whisperingcloth)
|
|t:|1779572670
|teamsize|p1|6
|teamsize|p2|6
|start
|switch|p1a: Ogerpon|Ogerpon-Wellspring, F|100/100
|switch|p2a: Scizor|Scizor, F|100/100
|turn|1
|
|t:|1779572688
|move|p1a: Ogerpon|U-turn|p2a: Scizor
|-resisted|p2a: Scizor
|-damage|p2a: Scizor|83/100
|
|t:|1779572693
|switch|p1a: Great Tusk|Great Tusk|100/100|[from] U-turn
|move|p2a: Scizor|U-turn|p1a: Great Tusk
|-resisted|p1a: Great Tusk
|-damage|p1a: Great Tusk|83/100
|
|t:|1779572696
|switch|p2a: Kyurem|Kyurem|100/100|[from] U-turn
|-ability|p2a: Kyurem|Pressure
|
|upkeep
|turn|2
|
|t:|1779572705
|switch|p2a: Scizor|Scizor, F|83/100
|move|p1a: Great Tusk|Rapid Spin|p2a: Scizor
|-resisted|p2a: Scizor
|-damage|p2a: Scizor|74/100
|-boost|p1a: Great Tusk|spe|1
|
|upkeep
|turn|3
|
|t:|1779572713
|switch|p2a: Zapdos|Zapdos|100/100
|move|p1a: Great Tusk|Earthquake|p2a: Zapdos
|-immune|p2a: Zapdos
|
|upkeep
|turn|4
|
|t:|1779572719
|move|p1a: Great Tusk|Knock Off|p2a: Zapdos
|-damage|p2a: Zapdos|80/100
|-status|p1a: Great Tusk|par|[from] ability: Static|[of] p2a: Zapdos
|-enditem|p2a: Zapdos|Heavy-Duty Boots|[from] move: Knock Off|[of] p1a: Great Tusk
|move|p2a: Zapdos|Hurricane|p1a: Great Tusk|[miss]
|-miss|p2a: Zapdos|p1a: Great Tusk
|
|upkeep
|turn|5
|
|t:|1779572728
|move|p2a: Zapdos|Volt Switch|p1a: Great Tusk
|-immune|p1a: Great Tusk
|move|p1a: Great Tusk|Knock Off|p2a: Zapdos
|-damage|p2a: Zapdos|66/100
|
|upkeep
|turn|6
|
|t:|1779572734
|move|p2a: Zapdos|Hurricane|p1a: Great Tusk
|-supereffective|p1a: Great Tusk
|-damage|p1a: Great Tusk|30/100 par
|move|p1a: Great Tusk|Earthquake|p2a: Zapdos
|-immune|p2a: Zapdos
|
|upkeep
|turn|7
|
|t:|1779572739
|move|p2a: Zapdos|Hurricane|p1a: Great Tusk|[miss]
|-miss|p2a: Zapdos|p1a: Great Tusk
|move|p1a: Great Tusk|Earthquake|p2a: Zapdos
|-immune|p2a: Zapdos
|
|upkeep
|turn|8
|
|t:|1779572747
|move|p2a: Zapdos|Roost|p2a: Zapdos
|-heal|p2a: Zapdos|100/100
|-singleturn|p2a: Zapdos|move: Roost
|move|p1a: Great Tusk|Earthquake|p2a: Zapdos
|-supereffective|p2a: Zapdos
|-damage|p2a: Zapdos|42/100
|
|upkeep
|turn|9
|
|t:|1779572757
|move|p2a: Zapdos|Roost|p2a: Zapdos
|-heal|p2a: Zapdos|92/100
|-singleturn|p2a: Zapdos|move: Roost
|move|p1a: Great Tusk|Earthquake|p2a: Zapdos
|-supereffective|p2a: Zapdos
|-damage|p2a: Zapdos|32/100
|
|upkeep
|turn|10
|
|t:|1779572770
|move|p2a: Zapdos|Roost|p2a: Zapdos
|-heal|p2a: Zapdos|82/100
|-singleturn|p2a: Zapdos|move: Roost
|move|p1a: Great Tusk|Earthquake|p2a: Zapdos
|-supereffective|p2a: Zapdos
|-damage|p2a: Zapdos|17/100
|
|upkeep
|turn|11
|
|t:|1779572777
|move|p2a: Zapdos|Roost|p2a: Zapdos
|-heal|p2a: Zapdos|68/100
|-singleturn|p2a: Zapdos|move: Roost
|move|p1a: Great Tusk|Earthquake|p2a: Zapdos
|-supereffective|p2a: Zapdos
|-damage|p2a: Zapdos|8/100
|
|upkeep
|turn|12
|
|t:|1779572784
|move|p2a: Zapdos|Hurricane|p1a: Great Tusk
|-supereffective|p1a: Great Tusk
|-damage|p1a: Great Tusk|0 fnt
|faint|p1a: Great Tusk
|-end|p1a: Great Tusk|Protosynthesis|[silent]
|
|upkeep
|
|t:|1779572795
|switch|p1a: Ogerpon|Ogerpon-Wellspring, F|100/100
|turn|13
|
|t:|1779572798
|move|p1a: Ogerpon|Ivy Cudgel|p2a: Zapdos|[anim] Ivy Cudgel Water
|-damage|p2a: Zapdos|0 fnt
|faint|p2a: Zapdos
|
|upkeep
|
|t:|1779572801
|switch|p2a: Kyurem|Kyurem|100/100
|-ability|p2a: Kyurem|Pressure
|turn|14
|
|t:|1779572813
|move|p1a: Ogerpon|U-turn|p2a: Kyurem
|-damage|p2a: Kyurem|72/100
|
|t:|1779572815
|switch|p1a: Ninetales|Ninetales-Alola, F|100/100|[from] U-turn
|-weather|Snowscape|[from] ability: Snow Warning|[of] p1a: Ninetales
|move|p2a: Kyurem|Freeze-Dry|p1a: Ninetales
|-resisted|p1a: Ninetales
|-damage|p1a: Ninetales|80/100
|
|-weather|Snowscape|[upkeep]
|upkeep
|turn|15
|
|t:|1779572823
|switch|p2a: Scizor|Scizor, F|74/100
|move|p1a: Ninetales|Aurora Veil|p1a: Ninetales
|-sidestart|p1: Billythekid95|move: Aurora Veil
|
|-weather|Snowscape|[upkeep]
|upkeep
|turn|16
|
|t:|1779572833
|switch|p1a: Moltres|Moltres-Galar|100/100
|move|p2a: Scizor|U-turn|p1a: Moltres
|-damage|p1a: Moltres|65/100
|
|t:|1779572837
|switch|p2a: Kyurem|Kyurem|72/100|[from] U-turn
|-ability|p2a: Kyurem|Pressure
|
|-weather|Snowscape|[upkeep]
|upkeep
|turn|17
|
|t:|1779572842
|move|p2a: Kyurem|Ice Beam|p1a: Moltres
|-supereffective|p1a: Moltres
|-damage|p1a: Moltres|17/100
|-status|p1a: Moltres|frz
|-ability|p1a: Moltres|Berserk|boost
|-boost|p1a: Moltres|spa|1
|-enditem|p1a: Moltres|Sitrus Berry|[eat]
|-heal|p1a: Moltres|42/100 frz|[from] item: Sitrus Berry
|-curestatus|p1a: Moltres|frz|[msg]
|move|p1a: Moltres|Fiery Wrath|p2a: Kyurem
|-damage|p2a: Kyurem|15/100
|
|-weather|Snowscape|[upkeep]
|upkeep
|turn|18
|
|t:|1779572854
|move|p2a: Kyurem|Ice Beam|p1a: Moltres
|-supereffective|p1a: Moltres
|-damage|p1a: Moltres|0 fnt
|faint|p1a: Moltres
|
|-weather|none
|upkeep
|j| Inothtunothtino
|
|t:|1779572867
|switch|p1a: Ogerpon|Ogerpon-Wellspring, F|100/100
|turn|19
|
|t:|1779572870
|move|p1a: Ogerpon|Ivy Cudgel|p2a: Kyurem|[anim] Ivy Cudgel Water
|-resisted|p2a: Kyurem
|-damage|p2a: Kyurem|0 fnt
|faint|p2a: Kyurem
|
|upkeep
|
|t:|1779572873
|switch|p2a: Scizor|Scizor, F|74/100
|turn|20
|
|t:|1779572876
|move|p1a: Ogerpon|Ivy Cudgel|p2a: Scizor|[anim] Ivy Cudgel Water
|-damage|p2a: Scizor|3/100
|move|p2a: Scizor|U-turn|p1a: Ogerpon
|-supereffective|p1a: Ogerpon
|-damage|p1a: Ogerpon|21/100
|
|t:|1779572881
|switch|p2a: Deoxys|Deoxys-Speed|100/100|[from] U-turn
|-ability|p2a: Deoxys|Pressure
|
|upkeep
|turn|21
|
|t:|1779572891
|move|p2a: Deoxys|Psycho Boost|p1a: Ogerpon|[miss]
|-miss|p2a: Deoxys|p1a: Ogerpon
|move|p1a: Ogerpon|Horn Leech|p2a: Deoxys
|-damage|p2a: Deoxys|32/100
|-heal|p1a: Ogerpon|49/100|[from] drain|[of] p2a: Deoxys
|
|upkeep
|turn|22
|
|t:|1779572907
|move|p2a: Deoxys|Psycho Boost|p1a: Ogerpon
|-damage|p1a: Ogerpon|16/100
|-unboost|p2a: Deoxys|spa|2
|-enditem|p2a: Deoxys|Eject Pack
|
|t:|1779572913
|switch|p2a: Great Tusk|Great Tusk|100/100
|move|p1a: Ogerpon|Horn Leech|p2a: Great Tusk
|-supereffective|p2a: Great Tusk
|-damage|p2a: Great Tusk|41/100
|-heal|p1a: Ogerpon|53/100|[from] drain|[of] p2a: Great Tusk
|
|-sideend|p1: Billythekid95|move: Aurora Veil
|upkeep
|turn|23
|
|t:|1779572920
|move|p1a: Ogerpon|Horn Leech|p2a: Great Tusk
|-supereffective|p2a: Great Tusk
|-damage|p2a: Great Tusk|0 fnt
|-heal|p1a: Ogerpon|78/100|[from] drain|[of] p2a: Great Tusk
|faint|p2a: Great Tusk
|-end|p2a: Great Tusk|Protosynthesis|[silent]
|
|upkeep
|
|t:|1779572922
|switch|p2a: Deoxys|Deoxys-Speed|32/100
|-ability|p2a: Deoxys|Pressure
|turn|24
|
|t:|1779572930
|switch|p1a: Ninetales|Ninetales-Alola, F|80/100
|-weather|Snowscape|[from] ability: Snow Warning|[of] p1a: Ninetales
|move|p2a: Deoxys|Psycho Boost|p1a: Ninetales
|-damage|p1a: Ninetales|25/100
|-unboost|p2a: Deoxys|spa|2
|
|-weather|Snowscape|[upkeep]
|upkeep
|turn|25
|
|t:|1779572939
|move|p2a: Deoxys|Psycho Boost|p1a: Ninetales
|-damage|p1a: Ninetales|0 fnt
|-unboost|p2a: Deoxys|spa|2
|faint|p1a: Ninetales
|
|-weather|Snowscape|[upkeep]
|upkeep
|
|t:|1779572947
|switch|p1a: Ogerpon|Ogerpon-Wellspring, F|78/100
|turn|26
|
|t:|1779572960
|move|p2a: Deoxys|Superpower|p1a: Ogerpon
|-damage|p1a: Ogerpon|33/100
|-unboost|p2a: Deoxys|atk|1
|-unboost|p2a: Deoxys|def|1
|move|p1a: Ogerpon|Horn Leech|p2a: Deoxys
|-damage|p2a: Deoxys|0 fnt
|-heal|p1a: Ogerpon|46/100|[from] drain|[of] p2a: Deoxys
|faint|p2a: Deoxys
|
|-weather|Snowscape|[upkeep]
|upkeep
|
|t:|1779572968
|switch|p2a: Scizor|Scizor, F|3/100
|turn|27
|
|t:|1779572973
|-terastallize|p2a: Scizor|Steel
|move|p2a: Scizor|Bullet Punch|p1a: Ogerpon
|-resisted|p1a: Ogerpon
|-damage|p1a: Ogerpon|4/100
|move|p1a: Ogerpon|Horn Leech|p2a: Scizor
|-resisted|p2a: Scizor
|-damage|p2a: Scizor|0 fnt
|-heal|p1a: Ogerpon|5/100|[from] drain|[of] p2a: Scizor
|faint|p2a: Scizor
|
|-weather|Snowscape|[upkeep]
|upkeep
|-message|whisperingcloth forfeited.
|
|win|Billythekid95
|raw|Billythekid95's rating: 1675 &rarr; <strong>1695</strong><br />(+20 for winning)
|raw|whisperingcloth's rating: 1679 &rarr; <strong>1659</strong><br />(-20 for losing)
|l|☆whisperingcloth
|player|p2|
|l|☆Billythekid95
|player|p1|
