|j|☆PapaJoJo
|j|☆Veiny1
|t:|1779634133
|gametype|singles
|player|p1|PapaJoJo|fisherman-gen4|1463
|player|p2|Veiny1|265|1411
|gen|9
|tier|[Gen 9] OU
|rated|
|rule|HP Percentage Mod: HP is shown in percentages
|rule|Endless Battle Clause: Forcing endless battles is banned
|rule|Species Clause: Limit one of each Pokémon
|rule|OHKO Clause: OHKO moves are banned
|rule|Evasion Items Clause: Evasion items are banned
|rule|Evasion Moves Clause: Evasion moves are banned
|rule|Evasion Abilities Clause: Evasion abilities are banned
|rule|Sleep Moves Clause: Sleep-inducing moves are banned
|clearpoke
|poke|p1|Samurott-Hisui, M|
|poke|p1|Dragonite, M|
|poke|p1|Kingambit, M|
|poke|p1|Iron Moth|
|poke|p1|Iron Valiant|
|poke|p1|Moltres-Galar|
|poke|p2|Salazzle, F|
|poke|p2|Clefable, M|
|poke|p2|Dragapult, F|
|poke|p2|Zapdos|
|poke|p2|Great Tusk|
|poke|p2|Greninja-*, M|
|teampreview
|inactive|Battle timer is ON: inactive players will automatically lose when time's up. (requested by PapaJoJo)
|inactive|Veiny1 has 120 seconds left.
|inactive|Veiny1 has 90 seconds left.
|inactive|Veiny1 has 60 seconds left.
|
|t:|1779634255
|teamsize|p1|6
|teamsize|p2|6
|start
|switch|p1a: Samurott|Samurott-Hisui, M|100/100
|switch|p2a: Zapdos|Zapdos|100/100
|turn|1
|
|t:|1779634267
|move|p1a: Samurott|Ceaseless Edge|p2a: Zapdos
|-damage|p2a: Zapdos|47/100
|-damage|p1a: Samurott|84/100|[from] item: Rocky Helmet|[of] p2a: Zapdos
|-sidestart|p2: Veiny1|Spikes
|move|p2a: Zapdos|Volt Switch|p1a: Samurott
|-supereffective|p1a: Samurott
|-damage|p1a: Samurott|0 fnt
|faint|p1a: Samurott
|
|t:|1779634274
|switch|p2a: Great Tusk|Great Tusk|100/100|[from] Volt Switch
|-damage|p2a: Great Tusk|88/100|[from] Spikes
|
|-heal|p2a: Great Tusk|94/100|[from] item: Leftovers
|upkeep
|
|t:|1779634276
|switch|p1a: Moltres|Moltres-Galar|100/100
|turn|2
|
|t:|1779634283
|-terastallize|p2a: Great Tusk|Poison
|move|p2a: Great Tusk|Rapid Spin|p1a: Moltres
|-damage|p1a: Moltres|83/100
|-boost|p2a: Great Tusk|spe|1
|-sideend|p2: Veiny1|Spikes|[from] move: Rapid Spin|[of] p2a: Great Tusk
|move|p1a: Moltres|Air Slash|p2a: Great Tusk
|-damage|p2a: Great Tusk|35/100
|
|-heal|p2a: Great Tusk|41/100|[from] item: Leftovers
|upkeep
|turn|3
|
|t:|1779634292
|move|p2a: Great Tusk|Body Press|p1a: Moltres
|-damage|p1a: Moltres|30/100
|-ability|p1a: Moltres|Berserk|boost
|-boost|p1a: Moltres|spa|1
|-enditem|p1a: Moltres|Sitrus Berry|[eat]
|-heal|p1a: Moltres|55/100|[from] item: Sitrus Berry
|move|p1a: Moltres|Agility|p1a: Moltres
|-boost|p1a: Moltres|spe|2
|
|-heal|p2a: Great Tusk|48/100|[from] item: Leftovers
|upkeep
|turn|4
|
|t:|1779634302
|move|p1a: Moltres|Air Slash|p2a: Great Tusk|[miss]
|-miss|p1a: Moltres|p2a: Great Tusk
|move|p2a: Great Tusk|Body Press|p1a: Moltres
|-damage|p1a: Moltres|5/100
|-ability|p1a: Moltres|Berserk|boost
|-boost|p1a: Moltres|spa|1
|
|-heal|p2a: Great Tusk|54/100|[from] item: Leftovers
|upkeep
|turn|5
|
|t:|1779634313
|-end|p2a: Great Tusk|Protosynthesis|[silent]
|switch|p2a: Zapdos|Zapdos|47/100
|move|p1a: Moltres|Air Slash|p2a: Zapdos
|-resisted|p2a: Zapdos
|-damage|p2a: Zapdos|8/100
|
|upkeep
|turn|6
|
|t:|1779634320
|move|p1a: Moltres|Air Slash|p2a: Zapdos
|-resisted|p2a: Zapdos
|-damage|p2a: Zapdos|0 fnt
|faint|p2a: Zapdos
|
|upkeep
|
|t:|1779634322
|switch|p2a: Greninja|Greninja, M|100/100
|turn|7
|
|t:|1779634327
|move|p2a: Greninja|Water Shuriken|p1a: Moltres
|-damage|p1a: Moltres|0 fnt
|faint|p1a: Moltres
|-ability|p2a: Greninja|Battle Bond|boost
|-boost|p2a: Greninja|atk|1
|-boost|p2a: Greninja|spa|1
|-boost|p2a: Greninja|spe|1
|-activate|p2a: Greninja|ability: Battle Bond
|-hitcount|p1: Moltres|1
|
|upkeep
|
|t:|1779634331
|switch|p1a: Iron Valiant|Iron Valiant|100/100
|-enditem|p1a: Iron Valiant|Booster Energy
|-activate|p1a: Iron Valiant|ability: Quark Drive|[fromitem]
|-start|p1a: Iron Valiant|quarkdrivespe
|turn|8
|
|t:|1779634338
|move|p2a: Greninja|Surf|p1a: Iron Valiant
|-damage|p1a: Iron Valiant|0 fnt
|faint|p1a: Iron Valiant
|-end|p1a: Iron Valiant|Quark Drive|[silent]
|
|upkeep
|
|t:|1779634342
|switch|p1a: Dragonite|Dragonite, M|100/100
|turn|9
|
|t:|1779634347
|move|p1a: Dragonite|Extreme Speed|p2a: Greninja
|-crit|p2a: Greninja
|-damage|p2a: Greninja|19/100
|move|p2a: Greninja|Ice Beam|p1a: Dragonite
|-supereffective|p1a: Dragonite
|-damage|p1a: Dragonite|22/100
|
|upkeep
|turn|10
|
|t:|1779634375
|switch|p2a: Clefable|Clefable, M|100/100
|move|p1a: Dragonite|Extreme Speed|p2a: Clefable
|-damage|p2a: Clefable|68/100
|-damage|p1a: Dragonite|6/100|[from] item: Rocky Helmet|[of] p2a: Clefable
|
|upkeep
|turn|11
|inactive|PapaJoJo has 120 seconds left.
|
|t:|1779634392
|switch|p1a: Iron Moth|Iron Moth|100/100
|-enditem|p1a: Iron Moth|Booster Energy
|-activate|p1a: Iron Moth|ability: Quark Drive|[fromitem]
|-start|p1a: Iron Moth|quarkdrivespe
|move|p2a: Clefable|Thunderbolt|p1a: Iron Moth
|-damage|p1a: Iron Moth|73/100
|
|upkeep
|turn|12
|
|t:|1779634406
|move|p1a: Iron Moth|Sludge Wave|p2a: Clefable
|-supereffective|p2a: Clefable
|-damage|p2a: Clefable|0 fnt
|faint|p2a: Clefable
|
|upkeep
|
|t:|1779634423
|switch|p2a: Dragapult|Dragapult, F|100/100
|turn|13
|
|t:|1779634439
|switch|p2a: Great Tusk|Great Tusk, tera:Poison|54/100
|move|p1a: Iron Moth|Dazzling Gleam|p2a: Great Tusk
|-resisted|p2a: Great Tusk
|-damage|p2a: Great Tusk|32/100
|
|-heal|p2a: Great Tusk|38/100|[from] item: Leftovers
|upkeep
|turn|14
|
|t:|1779634447
|move|p1a: Iron Moth|Psychic|p2a: Great Tusk
|-supereffective|p2a: Great Tusk
|-damage|p2a: Great Tusk|0 fnt
|faint|p2a: Great Tusk
|-end|p2a: Great Tusk|Protosynthesis|[silent]
|
|upkeep
|
|t:|1779634453
|switch|p2a: Salazzle|Salazzle, F|100/100
|turn|15
|
|t:|1779634459
|move|p1a: Iron Moth|Psychic|p2a: Salazzle
|-supereffective|p2a: Salazzle
|-enditem|p2a: Salazzle|Focus Sash
|-damage|p2a: Salazzle|1/100
|-unboost|p2a: Salazzle|spd|1
|move|p2a: Salazzle|Endeavor|p1a: Iron Moth
|-damage|p1a: Iron Moth|1/100
|
|upkeep
|turn|16
|
|t:|1779634468
|move|p1a: Iron Moth|Psychic|p2a: Salazzle
|-supereffective|p2a: Salazzle
|-damage|p2a: Salazzle|0 fnt
|faint|p2a: Salazzle
|
|upkeep
|
|t:|1779634472
|switch|p2a: Greninja|Greninja, M|19/100
|turn|17
|
|t:|1779634479
|move|p2a: Greninja|Water Shuriken|p1a: Iron Moth
|-supereffective|p1a: Iron Moth
|-damage|p1a: Iron Moth|0 fnt
|faint|p1a: Iron Moth
|-end|p1a: Iron Moth|Quark Drive|[silent]
|-hitcount|p1: Iron Moth|1
|
|upkeep
|
|t:|1779634483
|switch|p1a: Dragonite|Dragonite, M|6/100
|turn|18
|
|t:|1779634489
|switch|p2a: Dragapult|Dragapult, F|100/100
|move|p1a: Dragonite|Extreme Speed|p2a: Dragapult
|-immune|p2a: Dragapult
|
|upkeep
|turn|19
|
|t:|1779634496
|move|p2a: Dragapult|Flamethrower|p1a: Dragonite
|-resisted|p1a: Dragonite
|-damage|p1a: Dragonite|0 fnt
|faint|p1a: Dragonite
|
|upkeep
|
|t:|1779634498
|switch|p1a: Kingambit|Kingambit, M|100/100
|-activate|p1a: Kingambit|ability: Supreme Overlord
|-start|p1a: Kingambit|fallen5|[silent]
|-item|p1a: Kingambit|Air Balloon
|turn|20
|
|t:|1779634506
|switch|p2a: Greninja|Greninja, M|19/100
|move|p1a: Kingambit|Sucker Punch||[still]
|-fail|p1a: Kingambit
|
|upkeep
|turn|21
|
|t:|1779634511
|move|p2a: Greninja|Water Shuriken|p1a: Kingambit
|-damage|p1a: Kingambit|94/100
|-enditem|p1a: Kingambit|Air Balloon
|-damage|p1a: Kingambit|87/100
|-damage|p1a: Kingambit|79/100
|-damage|p1a: Kingambit|73/100
|-damage|p1a: Kingambit|65/100
|-hitcount|p1a: Kingambit|5
|move|p1a: Kingambit|Low Kick|p2a: Greninja
|-supereffective|p2a: Greninja
|-damage|p2a: Greninja|0 fnt
|faint|p2a: Greninja
|
|upkeep
|
|t:|1779634513
|switch|p2a: Dragapult|Dragapult, F|100/100
|turn|22
|
|t:|1779634517
|move|p1a: Kingambit|Sucker Punch|p2a: Dragapult
|-supereffective|p2a: Dragapult
|-damage|p2a: Dragapult|0 fnt
|faint|p2a: Dragapult
|
|win|PapaJoJo
|raw|PapaJoJo's rating: 1463 &rarr; <strong>1480</strong><br />(+17 for winning)
|raw|Veiny1's rating: 1411 &rarr; <strong>1394</strong><br />(-17 for losing)
|c|☆PapaJoJo|gg
|l|☆Veiny1
|player|p2|
|l|☆PapaJoJo
|player|p1|
