|j|☆poorlittlepawn2
|j|☆PexSupremacy
|t:|1779657231
|gametype|singles
|player|p1|poorlittlepawn2|iris-gen5bw2|1000
|player|p2|PexSupremacy|miku-ghost|1040
|gen|9
|tier|[Gen 9] OU
|rated|
|rule|HP Percentage Mod: HP is shown in percentages
|rule|Endless Battle Clause: Forcing endless battles is banned
|rule|Species Clause: Limit one of each Pokémon
|rule|OHKO Clause: OHKO moves are banned
|rule|Evasion Items Clause: Evasion items are banned
|rule|Evasion Moves Clause: Evasion moves are banned
|rule|Evasion Abilities Clause: Evasion abilities are banned
|rule|Sleep Moves Clause: Sleep-inducing moves are banned
|clearpoke
|poke|p1|Forretress, M|
|poke|p1|Primarina, M|
|poke|p1|Garchomp, F|
|poke|p1|Rotom-Wash|
|poke|p1|Hydreigon, M|
|poke|p1|Ditto|
|poke|p2|Flapple, M|
|poke|p2|Garchomp, M|
|poke|p2|Scizor, M|
|poke|p2|Deoxys-Speed|
|poke|p2|Jirachi|
|poke|p2|Forretress, M|
|teampreview
|inactive|Battle timer is ON: inactive players will automatically lose when time's up. (requested by PexSupremacy)
|
|t:|1779657249
|teamsize|p1|6
|teamsize|p2|6
|start
|switch|p1a: Forretress|Forretress, M|100/100
|switch|p2a: Scizor|Scizor, M|100/100
|turn|1
|
|t:|1779657266
|move|p2a: Scizor|U-turn|p1a: Forretress
|-resisted|p1a: Forretress
|-damage|p1a: Forretress|80/100
|
|t:|1779657276
|switch|p2a: Garchomp|Garchomp, M|100/100|[from] U-turn
|move|p1a: Forretress|Rapid Spin|p2a: Garchomp
|-damage|p2a: Garchomp|86/100
|-boost|p1a: Forretress|spe|1
|-damage|p1a: Forretress|67/100|[from] ability: Rough Skin|[of] p2a: Garchomp
|
|upkeep
|turn|2
|j| IuseExeggutor
|
|t:|1779657291
|switch|p1a: Ditto|Ditto|100/100
|move|p2a: Garchomp|Earthquake|p1a: Ditto
|-damage|p1a: Ditto|0 fnt
|faint|p1a: Ditto
|
|upkeep
|
|t:|1779657297
|switch|p1a: Garchomp|Garchomp, F|100/100
|turn|3
|
|t:|1779657305
|switch|p2a: Forretress|Forretress, M|100/100
|-terastallize|p1a: Garchomp|Dragon
|move|p1a: Garchomp|Dragon Tail|p2a: Forretress
|-resisted|p2a: Forretress
|-damage|p2a: Forretress|90/100
|drag|p2a: Garchomp|Garchomp, M|86/100
|
|upkeep
|turn|4
|
|t:|1779657312
|switch|p2a: Forretress|Forretress, M|90/100
|move|p1a: Garchomp|Dragon Tail|p2a: Forretress
|-resisted|p2a: Forretress
|-damage|p2a: Forretress|78/100
|drag|p2a: Jirachi|Jirachi|100/100
|
|upkeep
|turn|5
|
|t:|1779657316
|move|p1a: Garchomp|Fire Fang|p2a: Jirachi
|-supereffective|p2a: Jirachi
|-damage|p2a: Jirachi|65/100
|move|p2a: Jirachi|Gravity|p2a: Jirachi
|-fieldstart|move: Gravity
|
|-heal|p2a: Jirachi|72/100|[from] item: Leftovers
|upkeep
|turn|6
|c|☆PexSupremacy|Does it not have eq
|inactive|PexSupremacy has 120 seconds left.
|c| IuseExeggutor|nah it has fissure
|l|☆PexSupremacy
|inactive|PexSupremacy disconnected and has a minute to reconnect!
|player|p2|
|j|☆PexSupremacy
|inactive|PexSupremacy reconnected and has 105 seconds left.
|player|p2|PexSupremacy|miku-ghost|
|
|t:|1779657374
|move|p2a: Jirachi|Protect|p2a: Jirachi
|-singleturn|p2a: Jirachi|Protect
|move|p1a: Garchomp|Earthquake|p2a: Jirachi
|-activate|p2a: Jirachi|move: Protect
|
|-heal|p2a: Jirachi|78/100|[from] item: Leftovers
|upkeep
|turn|7
|
|t:|1779657386
|move|p1a: Garchomp|Earthquake|p2a: Jirachi
|-supereffective|p2a: Jirachi
|-damage|p2a: Jirachi|0 fnt
|faint|p2a: Jirachi
|
|upkeep
|
|t:|1779657389
|switch|p2a: Flapple|Flapple, M|100/100
|turn|8
|
|t:|1779657397
|-terastallize|p2a: Flapple|Grass
|move|p2a: Flapple|Dragon Rush|p1a: Garchomp
|-supereffective|p1a: Garchomp
|-damage|p1a: Garchomp|0 fnt
|-damage|p2a: Flapple|88/100|[from] ability: Rough Skin|[of] p1a: Garchomp
|-damage|p2a: Flapple|72/100|[from] item: Rocky Helmet|[of] p1a: Garchomp
|faint|p1a: Garchomp
|
|upkeep
|c|☆PexSupremacy|I can’t do anything about the chomp
|
|t:|1779657406
|switch|p1a: Rotom|Rotom-Wash|100/100
|turn|9
|
|t:|1779657414
|switch|p2a: Deoxys|Deoxys-Speed|100/100
|-ability|p2a: Deoxys|Pressure
|move|p1a: Rotom|Substitute|p1a: Rotom
|-start|p1a: Rotom|Substitute
|-damage|p1a: Rotom|76/100
|
|-fieldend|move: Gravity
|upkeep
|turn|10
|
|t:|1779657419
|move|p2a: Deoxys|Psychic|p1a: Rotom
|-end|p1a: Rotom|Substitute
|move|p1a: Rotom|Thunderbolt|p2a: Deoxys
|-damage|p2a: Deoxys|55/100
|
|upkeep
|turn|11
|
|t:|1779657425
|move|p2a: Deoxys|Gravity|p2a: Deoxys
|-fieldstart|move: Gravity
|move|p1a: Rotom|Hydro Pump|p2a: Deoxys
|-crit|p2a: Deoxys
|-damage|p2a: Deoxys|0 fnt
|faint|p2a: Deoxys
|
|upkeep
|c| IuseExeggutor|sub washtom had me dying
|
|t:|1779657432
|switch|p2a: Flapple|Flapple, M, tera:Grass|72/100
|turn|12
|
|t:|1779657442
|move|p1a: Rotom|Thunderbolt|p2a: Flapple
|-resisted|p2a: Flapple
|-crit|p2a: Flapple
|-damage|p2a: Flapple|20/100
|-status|p2a: Flapple|par
|move|p2a: Flapple|Grav Apple|p1a: Rotom
|-supereffective|p1a: Rotom
|-damage|p1a: Rotom|0 fnt
|faint|p1a: Rotom
|
|upkeep
|c|☆PexSupremacy|This might be a back and forth game
|c| IuseExeggutor|why do you keep critting
|
|t:|1779657452
|switch|p1a: Forretress|Forretress, M|67/100
|turn|13
|
|t:|1779657459
|move|p2a: Flapple|Grav Apple|p1a: Forretress
|-resisted|p1a: Forretress
|-damage|p1a: Forretress|35/100
|-unboost|p1a: Forretress|def|1
|move|p1a: Forretress|Lunge|p2a: Flapple
|-supereffective|p2a: Flapple
|-damage|p2a: Flapple|0 fnt
|faint|p2a: Flapple
|
|upkeep
|
|t:|1779657460
|switch|p2a: Garchomp|Garchomp, M|86/100
|turn|14
|
|t:|1779657463
|move|p2a: Garchomp|Earthquake|p1a: Forretress
|-damage|p1a: Forretress|0 fnt
|faint|p1a: Forretress
|
|upkeep
|
|t:|1779657465
|switch|p1a: Hydreigon|Hydreigon, M|100/100
|turn|15
|
|t:|1779657470
|switch|p2a: Forretress|Forretress, M|78/100
|move|p1a: Hydreigon|Ice Fang|p2a: Forretress
|-resisted|p2a: Forretress
|-damage|p2a: Forretress|73/100
|
|-fieldend|move: Gravity
|upkeep
|turn|16
|
|t:|1779657474
|move|p1a: Hydreigon|Focus Blast|p2a: Forretress
|-damage|p2a: Forretress|26/100
|move|p2a: Forretress|Gravity|p2a: Forretress
|-fieldstart|move: Gravity
|
|upkeep
|turn|17
|-message|poorlittlepawn2 forfeited.
|
|win|PexSupremacy
|raw|poorlittlepawn2's rating: 1000 &rarr; <strong>1000</strong><br />(+0 for losing)
|raw|PexSupremacy's rating: 1040 &rarr; <strong>1070</strong><br />(+30 for winning)
|l|☆poorlittlepawn2
|player|p1|
|c|☆PexSupremacy|Um
|c| IuseExeggutor|yknow what
|c|☆PexSupremacy|Here’s 5 bucks
|c| IuseExeggutor|you were gonna winanywa
|l| IuseExeggutor
