|j|☆soumbrarax
|j|☆backw1thm1lk
|t:|1779595729
|gametype|singles
|player|p1|soumbrarax|266|1308
|player|p2|backw1thm1lk|266|1435
|gen|9
|tier|[Gen 9] OU
|rated|
|rule|HP Percentage Mod: HP is shown in percentages
|rule|Endless Battle Clause: Forcing endless battles is banned
|rule|Species Clause: Limit one of each Pokémon
|rule|OHKO Clause: OHKO moves are banned
|rule|Evasion Items Clause: Evasion items are banned
|rule|Evasion Moves Clause: Evasion moves are banned
|rule|Evasion Abilities Clause: Evasion abilities are banned
|rule|Sleep Moves Clause: Sleep-inducing moves are banned
|clearpoke
|poke|p1|Arboliva, M|
|poke|p1|Alomomola, F|
|poke|p1|Great Tusk|
|poke|p1|Heatran, F|
|poke|p1|Iron Valiant|
|poke|p1|Skeledirge, M|
|poke|p2|Araquanid, F|
|poke|p2|Kingambit, M|
|poke|p2|Dragalge, M|
|poke|p2|Cinderace, M|
|poke|p2|Serperior, F|
|poke|p2|Sandy Shocks|
|teampreview
|c|☆soumbrarax|Based Dragalge
|
|t:|1779595751
|teamsize|p1|6
|teamsize|p2|6
|start
|switch|p1a: Iron Valiant|Iron Valiant|100/100
|switch|p2a: Araquanid|Araquanid, F|100/100
|turn|1
|
|t:|1779595763
|move|p1a: Iron Valiant|Knock Off|p2a: Araquanid
|-damage|p2a: Araquanid|70/100
|-enditem|p2a: Araquanid|Choice Band|[from] move: Knock Off|[of] p1a: Iron Valiant
|move|p2a: Araquanid|Liquidation|p1a: Iron Valiant
|-damage|p1a: Iron Valiant|10/100
|
|upkeep
|turn|2
|
|t:|1779595771
|-end|p1a: Iron Valiant|Quark Drive|[silent]
|switch|p1a: Arboliva|Arboliva, M|100/100
|move|p2a: Araquanid|Sticky Web|p1a: Arboliva
|-sidestart|p1: soumbrarax|move: Sticky Web
|
|upkeep
|turn|3
|
|t:|1779595776
|move|p2a: Araquanid|Poison Jab|p1a: Arboliva
|-supereffective|p1a: Arboliva
|-damage|p1a: Arboliva|62/100
|-status|p1a: Arboliva|psn
|-fieldstart|move: Grassy Terrain|[from] ability: Seed Sower|[of] p1a: Arboliva
|-enditem|p1a: Arboliva|Eject Button
|
|t:|1779595787
|switch|p1a: Iron Valiant|Iron Valiant|10/100
|-activate|p1a: Iron Valiant|move: Sticky Web
|-unboost|p1a: Iron Valiant|spe|1
|
|-heal|p1a: Iron Valiant|16/100|[from] Grassy Terrain
|-heal|p2a: Araquanid|76/100|[from] Grassy Terrain
|upkeep
|turn|4
|c|☆backw1thm1lk|dragalgae is actually the mvp
|
|t:|1779595795
|move|p1a: Iron Valiant|Moonblast|p2a: Araquanid
|-damage|p2a: Araquanid|16/100
|move|p2a: Araquanid|Liquidation|p1a: Iron Valiant
|-damage|p1a: Iron Valiant|0 fnt
|faint|p1a: Iron Valiant
|-end|p1a: Iron Valiant|Quark Drive|[silent]
|
|-heal|p2a: Araquanid|22/100|[from] Grassy Terrain
|upkeep
|
|t:|1779595803
|switch|p1a: Great Tusk|Great Tusk|100/100
|-activate|p1a: Great Tusk|move: Sticky Web
|-unboost|p1a: Great Tusk|spe|1
|-enditem|p1a: Great Tusk|Booster Energy
|-activate|p1a: Great Tusk|ability: Protosynthesis|[fromitem]
|-start|p1a: Great Tusk|protosynthesisatk
|turn|5
|
|t:|1779595812
|move|p1a: Great Tusk|Knock Off|p2a: Araquanid
|-damage|p2a: Araquanid|0 fnt
|faint|p2a: Araquanid
|
|upkeep
|
|t:|1779595829
|switch|p2a: Serperior|Serperior, F|100/100
|turn|6
|
|t:|1779595834
|move|p2a: Serperior|Leaf Storm|p1a: Great Tusk
|-supereffective|p1a: Great Tusk
|-damage|p1a: Great Tusk|0 fnt
|-boost|p2a: Serperior|spa|2
|faint|p1a: Great Tusk
|-end|p1a: Great Tusk|Protosynthesis|[silent]
|
|upkeep
|
|t:|1779595838
|switch|p1a: Skeledirge|Skeledirge, M|100/100
|turn|7
|
|t:|1779595843
|-terastallize|p2a: Serperior|Fire
|move|p2a: Serperior|Glare|p1a: Skeledirge
|-status|p1a: Skeledirge|par
|move|p1a: Skeledirge|Torch Song|p2a: Serperior
|-resisted|p2a: Serperior
|-damage|p2a: Serperior|81/100
|-boost|p1a: Skeledirge|spa|1
|
|-heal|p2a: Serperior|87/100|[from] Grassy Terrain
|-heal|p2a: Serperior|93/100|[from] item: Leftovers
|-fieldend|move: Grassy Terrain
|upkeep
|turn|8
|
|t:|1779595851
|switch|p2a: Dragalge|Dragalge, M|100/100
|cant|p1a: Skeledirge|par
|
|upkeep
|turn|9
|
|t:|1779595862
|move|p2a: Dragalge|Hydro Pump|p1a: Skeledirge
|-supereffective|p1a: Skeledirge
|-damage|p1a: Skeledirge|39/100 par
|cant|p1a: Skeledirge|par
|
|upkeep
|turn|10
|
|t:|1779595869
|switch|p1a: Arboliva|Arboliva, M|62/100 psn
|-activate|p1a: Arboliva|move: Sticky Web
|-unboost|p1a: Arboliva|spe|1
|move|p2a: Dragalge|Hydro Pump|p1a: Arboliva
|-resisted|p1a: Arboliva
|-crit|p1a: Arboliva
|-damage|p1a: Arboliva|42/100 psn
|-fieldstart|move: Grassy Terrain|[from] ability: Seed Sower|[of] p1a: Arboliva
|
|-heal|p1a: Arboliva|48/100 psn|[from] Grassy Terrain
|-damage|p1a: Arboliva|36/100 psn|[from] psn
|upkeep
|turn|11
|
|t:|1779595878
|move|p2a: Dragalge|Sludge Bomb|p1a: Arboliva
|-supereffective|p1a: Arboliva
|-damage|p1a: Arboliva|0 fnt
|faint|p1a: Arboliva
|
|upkeep
|-message|soumbrarax forfeited.
|
|win|backw1thm1lk
|raw|soumbrarax's rating: 1308 &rarr; <strong>1295</strong><br />(-13 for losing)
|raw|backw1thm1lk's rating: 1435 &rarr; <strong>1448</strong><br />(+13 for winning)
|l|☆soumbrarax
|player|p1|
|l|☆backw1thm1lk
|player|p2|
