|j|☆npctypebeat
|j|☆repote77
|t:|1779656740
|gametype|singles
|player|p1|npctypebeat|101|1164
|player|p2|repote77|scientist-gen4dp|1108
|gen|9
|tier|[Gen 9] OU
|rated|
|rule|HP Percentage Mod: HP is shown in percentages
|rule|Endless Battle Clause: Forcing endless battles is banned
|rule|Species Clause: Limit one of each Pokémon
|rule|OHKO Clause: OHKO moves are banned
|rule|Evasion Items Clause: Evasion items are banned
|rule|Evasion Moves Clause: Evasion moves are banned
|rule|Evasion Abilities Clause: Evasion abilities are banned
|rule|Sleep Moves Clause: Sleep-inducing moves are banned
|clearpoke
|poke|p1|Corviknight, F|
|poke|p1|Ting-Lu|
|poke|p1|Kyurem|
|poke|p1|Dondozo, F|
|poke|p1|Slowking-Galar, M|
|poke|p1|Cinderace, F|
|poke|p2|Gholdengo|
|poke|p2|Excadrill, F|
|poke|p2|Pecharunt|
|poke|p2|Diancie|
|poke|p2|Meowscarada, M|
|poke|p2|Samurott-Hisui, M|
|teampreview
|c|☆npctypebeat|hf
|
|t:|1779656745
|teamsize|p1|6
|teamsize|p2|6
|start
|switch|p1a: Cinderace|Cinderace, F|100/100
|switch|p2a: Meowscarada|Meowscarada, M|100/100
|turn|1
|inactive|Battle timer is ON: inactive players will automatically lose when time's up. (requested by npctypebeat)
|
|t:|1779656763
|move|p2a: Meowscarada|U-turn|p1a: Cinderace
|-start|p2a: Meowscarada|typechange|Bug|[from] ability: Protean
|-resisted|p1a: Cinderace
|-damage|p1a: Cinderace|80/100
|
|t:|1779656775
|switch|p2a: Diancie|Diancie, shiny|100/100|[from] U-turn
|move|p1a: Cinderace|Pyro Ball|p2a: Diancie
|-resisted|p2a: Diancie
|-damage|p2a: Diancie|77/100
|
|upkeep
|turn|2
|
|t:|1779656788
|move|p1a: Cinderace|Pyro Ball|p2a: Diancie
|-resisted|p2a: Diancie
|-damage|p2a: Diancie|52/100
|move|p2a: Diancie|Diamond Storm|p1a: Cinderace
|-supereffective|p1a: Cinderace
|-damage|p1a: Cinderace|0 fnt
|faint|p1a: Cinderace
|
|upkeep
|
|t:|1779656796
|switch|p1a: Ting-Lu|Ting-Lu|100/100
|-ability|p1a: Ting-Lu|Vessel of Ruin
|turn|3
|
|t:|1779656802
|move|p2a: Diancie|Draining Kiss|p1a: Ting-Lu
|-supereffective|p1a: Ting-Lu
|-damage|p1a: Ting-Lu|78/100
|-heal|p2a: Diancie|87/100|[from] drain|[of] p1a: Ting-Lu
|move|p1a: Ting-Lu|Earthquake|p2a: Diancie
|-supereffective|p2a: Diancie
|-damage|p2a: Diancie|15/100
|
|-heal|p1a: Ting-Lu|84/100|[from] item: Leftovers
|upkeep
|turn|4
|
|t:|1779656820
|move|p2a: Diancie|Draining Kiss|p1a: Ting-Lu
|-supereffective|p1a: Ting-Lu
|-damage|p1a: Ting-Lu|61/100
|-heal|p2a: Diancie|53/100|[from] drain|[of] p1a: Ting-Lu
|move|p1a: Ting-Lu|Earthquake|p2a: Diancie
|-supereffective|p2a: Diancie
|-damage|p2a: Diancie|0 fnt
|faint|p2a: Diancie
|
|-heal|p1a: Ting-Lu|67/100|[from] item: Leftovers
|upkeep
|
|t:|1779656832
|switch|p2a: Gholdengo|Gholdengo|100/100
|-item|p2a: Gholdengo|Air Balloon
|turn|5
|
|t:|1779656840
|move|p2a: Gholdengo|Nasty Plot|p2a: Gholdengo
|-boost|p2a: Gholdengo|spa|2
|move|p1a: Ting-Lu|Payback|p2a: Gholdengo
|-supereffective|p2a: Gholdengo
|-damage|p2a: Gholdengo|14/100
|-enditem|p2a: Gholdengo|Air Balloon
|
|-heal|p1a: Ting-Lu|73/100|[from] item: Leftovers
|upkeep
|turn|6
|
|t:|1779656850
|move|p2a: Gholdengo|Shadow Ball|p1a: Ting-Lu
|-resisted|p1a: Ting-Lu
|-damage|p1a: Ting-Lu|54/100
|move|p1a: Ting-Lu|Earthquake|p2a: Gholdengo
|-supereffective|p2a: Gholdengo
|-damage|p2a: Gholdengo|0 fnt
|faint|p2a: Gholdengo
|
|-heal|p1a: Ting-Lu|60/100|[from] item: Leftovers
|upkeep
|
|t:|1779656862
|switch|p2a: Meowscarada|Meowscarada, M|100/100
|turn|7
|
|t:|1779656868
|move|p2a: Meowscarada|Aerial Ace|p1a: Ting-Lu
|-start|p2a: Meowscarada|typechange|Flying|[from] ability: Protean
|-damage|p1a: Ting-Lu|44/100
|move|p1a: Ting-Lu|Earthquake|p2a: Meowscarada
|-immune|p2a: Meowscarada
|
|-heal|p1a: Ting-Lu|50/100|[from] item: Leftovers
|upkeep
|turn|8
|
|t:|1779656882
|switch|p2a: Pecharunt|Pecharunt|100/100
|move|p1a: Ting-Lu|Payback|p2a: Pecharunt
|-supereffective|p2a: Pecharunt
|-damage|p2a: Pecharunt|79/100
|
|-heal|p1a: Ting-Lu|56/100|[from] item: Leftovers
|upkeep
|turn|9
|inactive|repote77 has 120 seconds left.
|inactive|repote77 has 90 seconds left.
|inactive|repote77 has 60 seconds left.
|inactive|repote77 has 30 seconds left.
|inactive|repote77 has 20 seconds left.
|inactive|repote77 has 15 seconds left.
|inactive|repote77 has 10 seconds left.
|inactive|repote77 has 5 seconds left.
|-message|repote77 lost due to inactivity.
|
|win|npctypebeat
|raw|npctypebeat's rating: 1138 &rarr; <strong>1161</strong><br />(+23 for winning)
|raw|repote77's rating: 1108 &rarr; <strong>1085</strong><br />(-23 for losing)
|c|☆npctypebeat|gg
|l|☆repote77
|player|p2|
