|j|☆ihymyly
|j|☆mothcarona
|t:|1779704227
|gametype|singles
|player|p1|ihymyly|266|1572
|player|p2|mothcarona|bellelba|1591
|gen|9
|tier|[Gen 9] OU
|rated|
|rule|HP Percentage Mod: HP is shown in percentages
|rule|Endless Battle Clause: Forcing endless battles is banned
|rule|Species Clause: Limit one of each Pokémon
|rule|OHKO Clause: OHKO moves are banned
|rule|Evasion Items Clause: Evasion items are banned
|rule|Evasion Moves Clause: Evasion moves are banned
|rule|Evasion Abilities Clause: Evasion abilities are banned
|rule|Sleep Moves Clause: Sleep-inducing moves are banned
|clearpoke
|poke|p1|Darkrai|
|poke|p1|Zapdos|
|poke|p1|Weavile, M|
|poke|p1|Samurott-Hisui, M|
|poke|p1|Great Tusk|
|poke|p1|Latios, M|
|poke|p2|Cinderace, M|
|poke|p2|Slowking-Galar, M|
|poke|p2|Corviknight, F|
|poke|p2|Ting-Lu|
|poke|p2|Primarina, M|
|poke|p2|Dragapult, F|
|teampreview
|inactive|Battle timer is ON: inactive players will automatically lose when time's up. (requested by mothcarona)
|
|t:|1779704235
|teamsize|p1|6
|teamsize|p2|6
|start
|switch|p1a: Samurott|Samurott-Hisui, M|100/100
|switch|p2a: Dragapult|Dragapult, F|100/100
|turn|1
|
|t:|1779704239
|move|p2a: Dragapult|Dragon Darts|p1a: Samurott
|-damage|p1a: Samurott|60/100
|-anim|p2a: Dragapult|Dragon Darts|p1a: Samurott
|-damage|p1a: Samurott|24/100
|move|p1a: Samurott|Ceaseless Edge|p2a: Dragapult
|-supereffective|p2a: Dragapult
|-damage|p2a: Dragapult|0 fnt
|-sidestart|p2: mothcarona|Spikes
|faint|p2a: Dragapult
|
|upkeep
|
|t:|1779704243
|switch|p2a: Cinderace|Cinderace, M|100/100
|turn|2
|
|t:|1779704249
|switch|p1a: Zapdos|Zapdos, shiny|100/100
|move|p2a: Cinderace|Pyro Ball|p1a: Zapdos
|-crit|p1a: Zapdos
|-damage|p1a: Zapdos|53/100
|
|upkeep
|turn|3
|
|t:|1779704256
|move|p2a: Cinderace|Court Change|p2a: Cinderace
|-swapsideconditions
|-activate|p2a: Cinderace|move: Court Change
|move|p1a: Zapdos|Roost|p1a: Zapdos
|-heal|p1a: Zapdos|100/100
|-singleturn|p1a: Zapdos|move: Roost
|
|upkeep
|turn|4
|
|t:|1779704260
|switch|p2a: Ting-Lu|Ting-Lu|100/100
|-ability|p2a: Ting-Lu|Vessel of Ruin
|move|p1a: Zapdos|Hurricane|p2a: Ting-Lu
|-damage|p2a: Ting-Lu|82/100
|
|-heal|p2a: Ting-Lu|88/100|[from] item: Leftovers
|upkeep
|turn|5
|
|t:|1779704269
|move|p1a: Zapdos|Hurricane|p2a: Ting-Lu
|-damage|p2a: Ting-Lu|71/100
|-start|p2a: Ting-Lu|confusion
|-activate|p2a: Ting-Lu|confusion
|move|p2a: Ting-Lu|Ruination|p1a: Zapdos
|-damage|p1a: Zapdos|50/100
|
|-heal|p2a: Ting-Lu|77/100|[from] item: Leftovers
|upkeep
|turn|6
|
|t:|1779704273
|switch|p1a: Great Tusk|Great Tusk|100/100
|switch|p2a: Slowking|Slowking-Galar, M|100/100
|
|upkeep
|turn|7
|
|t:|1779704279
|switch|p2a: Corviknight|Corviknight, F|100/100
|-ability|p2a: Corviknight|Pressure
|move|p1a: Great Tusk|Stealth Rock|p2a: Corviknight
|-sidestart|p2: mothcarona|move: Stealth Rock
|
|upkeep
|turn|8
|
|t:|1779704283
|-end|p1a: Great Tusk|Protosynthesis|[silent]
|switch|p1a: Zapdos|Zapdos, shiny|50/100
|move|p2a: Corviknight|Brave Bird|p1a: Zapdos
|-resisted|p1a: Zapdos
|-damage|p1a: Zapdos|37/100
|-damage|p2a: Corviknight|96/100|[from] Recoil
|
|upkeep
|turn|9
|
|t:|1779704289
|switch|p2a: Ting-Lu|Ting-Lu|77/100
|-damage|p2a: Ting-Lu|71/100|[from] Stealth Rock
|-ability|p2a: Ting-Lu|Vessel of Ruin
|move|p1a: Zapdos|Roost|p1a: Zapdos
|-heal|p1a: Zapdos|87/100
|-singleturn|p1a: Zapdos|move: Roost
|
|-heal|p2a: Ting-Lu|77/100|[from] item: Leftovers
|upkeep
|turn|10
|
|t:|1779704295
|switch|p1a: Mr. -ice Guy|Weavile, M|100/100
|-ability|p1a: Mr. -ice Guy|Pressure
|move|p2a: Ting-Lu|Ruination|p1a: Mr. -ice Guy
|-damage|p1a: Mr. -ice Guy|51/100
|
|-heal|p2a: Ting-Lu|83/100|[from] item: Leftovers
|upkeep
|turn|11
|
|t:|1779704301
|switch|p2a: Corviknight|Corviknight, F|96/100
|-damage|p2a: Corviknight|84/100|[from] Stealth Rock
|-ability|p2a: Corviknight|Pressure
|move|p1a: Mr. -ice Guy|Knock Off|p2a: Corviknight
|-damage|p2a: Corviknight|54/100
|-damage|p1a: Mr. -ice Guy|34/100|[from] item: Rocky Helmet|[of] p2a: Corviknight
|-enditem|p2a: Corviknight|Rocky Helmet|[from] move: Knock Off|[of] p1a: Mr. -ice Guy
|
|upkeep
|turn|12
|
|t:|1779704306
|switch|p1a: Zapdos|Zapdos, shiny|87/100
|move|p2a: Corviknight|Roost|p2a: Corviknight
|-heal|p2a: Corviknight|100/100
|-singleturn|p2a: Corviknight|move: Roost
|
|upkeep
|turn|13
|
|t:|1779704310
|switch|p2a: Ting-Lu|Ting-Lu|83/100
|-damage|p2a: Ting-Lu|77/100|[from] Stealth Rock
|-ability|p2a: Ting-Lu|Vessel of Ruin
|move|p1a: Zapdos|Hurricane|p2a: Ting-Lu
|-damage|p2a: Ting-Lu|57/100
|
|-heal|p2a: Ting-Lu|63/100|[from] item: Leftovers
|upkeep
|turn|14
|
|t:|1779704322
|move|p1a: Zapdos|Hurricane|p2a: Ting-Lu
|-damage|p2a: Ting-Lu|45/100
|-start|p2a: Ting-Lu|confusion
|-activate|p2a: Ting-Lu|confusion
|move|p2a: Ting-Lu|Earthquake|p1a: Zapdos
|-immune|p1a: Zapdos
|
|-heal|p2a: Ting-Lu|52/100|[from] item: Leftovers
|upkeep
|turn|15
|
|t:|1779704328
|move|p1a: Zapdos|Hurricane|p2a: Ting-Lu
|-damage|p2a: Ting-Lu|33/100
|-end|p2a: Ting-Lu|confusion
|move|p2a: Ting-Lu|Rest|p2a: Ting-Lu
|-status|p2a: Ting-Lu|slp|[from] move: Rest
|-heal|p2a: Ting-Lu|100/100 slp|[silent]
|
|upkeep
|turn|16
|
|t:|1779704334
|switch|p1a: Mr. -ice Guy|Weavile, M|34/100
|-ability|p1a: Mr. -ice Guy|Pressure
|cant|p2a: Ting-Lu|slp
|move|p2a: Ting-Lu|Sleep Talk|p2a: Ting-Lu
|move|p2a: Ting-Lu|Ruination|p1a: Mr. -ice Guy|[from] move: Sleep Talk
|-damage|p1a: Mr. -ice Guy|18/100
|
|upkeep
|turn|17
|
|t:|1779704347
|switch|p2a: Corviknight|Corviknight, F|100/100
|-damage|p2a: Corviknight|88/100|[from] Stealth Rock
|-ability|p2a: Corviknight|Pressure
|move|p1a: Mr. -ice Guy|Triple Axel|p2a: Corviknight
|-damage|p2a: Corviknight|82/100
|-damage|p2a: Corviknight|69/100
|-damage|p2a: Corviknight|51/100
|-hitcount|p2a: Corviknight|3
|
|upkeep
|turn|18
|
|t:|1779704373
|-terastallize|p1a: Mr. -ice Guy|Ice
|move|p1a: Mr. -ice Guy|Triple Axel|p2a: Corviknight
|-damage|p2a: Corviknight|43/100
|-damage|p2a: Corviknight|28/100
|-damage|p2a: Corviknight|3/100
|-hitcount|p2a: Corviknight|3
|move|p2a: Corviknight|Roost|p2a: Corviknight
|-heal|p2a: Corviknight|53/100
|-singleturn|p2a: Corviknight|move: Roost
|
|upkeep
|turn|19
|inactive|ihymyly has 120 seconds left.
|
|t:|1779704392
|switch|p1a: Zapdos|Zapdos, shiny|87/100
|move|p2a: Corviknight|Roost|p2a: Corviknight
|-heal|p2a: Corviknight|100/100
|-singleturn|p2a: Corviknight|move: Roost
|
|upkeep
|turn|20
|
|t:|1779704402
|move|p1a: Zapdos|Volt Switch|p2a: Corviknight
|-supereffective|p2a: Corviknight
|-damage|p2a: Corviknight|46/100
|
|t:|1779704412
|switch|p1a: Great Tusk|Great Tusk|100/100|[from] Volt Switch
|move|p2a: Corviknight|Body Press|p1a: Great Tusk
|-damage|p1a: Great Tusk|85/100
|
|upkeep
|turn|21
|
|t:|1779704419
|move|p1a: Great Tusk|Rapid Spin|p2a: Corviknight
|-resisted|p2a: Corviknight
|-damage|p2a: Corviknight|41/100
|-boost|p1a: Great Tusk|spe|1
|-sideend|p1: ihymyly|Spikes|[from] move: Rapid Spin|[of] p1a: Great Tusk
|move|p2a: Corviknight|Roost|p2a: Corviknight
|-heal|p2a: Corviknight|91/100
|-singleturn|p2a: Corviknight|move: Roost
|
|upkeep
|turn|22
|
|t:|1779704430
|-end|p1a: Great Tusk|Protosynthesis|[silent]
|switch|p1a: Zapdos|Zapdos, shiny|87/100
|switch|p2a: Cinderace|Cinderace, M|100/100
|
|upkeep
|turn|23
|j| notapokemonmaster
|
|t:|1779704437
|move|p2a: Cinderace|Court Change|p2a: Cinderace
|-swapsideconditions
|-activate|p2a: Cinderace|move: Court Change
|move|p1a: Zapdos|Thunder Wave|p2a: Cinderace
|-status|p2a: Cinderace|par
|
|upkeep
|turn|24
|
|t:|1779704442
|switch|p1a: Great Tusk|Great Tusk|85/100
|switch|p2a: Ting-Lu|Ting-Lu|100/100 slp
|-ability|p2a: Ting-Lu|Vessel of Ruin
|
|upkeep
|turn|25
|
|t:|1779704455
|switch|p2a: Primarina|Primarina, M|100/100
|move|p1a: Great Tusk|Rapid Spin|p2a: Primarina
|-damage|p2a: Primarina|87/100
|-boost|p1a: Great Tusk|spe|1
|-sideend|p1: ihymyly|Stealth Rock|[from] move: Rapid Spin|[of] p1a: Great Tusk
|
|-heal|p2a: Primarina|93/100|[from] item: Leftovers
|upkeep
|turn|26
|
|t:|1779704465
|-end|p1a: Great Tusk|Protosynthesis|[silent]
|switch|p1a: Zapdos|Zapdos, shiny|87/100
|move|p2a: Primarina|Calm Mind|p2a: Primarina
|-boost|p2a: Primarina|spa|1
|-boost|p2a: Primarina|spd|1
|
|-heal|p2a: Primarina|99/100|[from] item: Leftovers
|upkeep
|turn|27
|
|t:|1779704474
|move|p1a: Zapdos|Volt Switch|p2a: Primarina
|-supereffective|p2a: Primarina
|-crit|p2a: Primarina
|-damage|p2a: Primarina|25/100
|c|☆mothcarona|nooo
|
|t:|1779704479
|switch|p1a: Mr. -ice Guy|Weavile, M, tera:Ice|18/100|[from] Volt Switch
|-ability|p1a: Mr. -ice Guy|Pressure
|move|p2a: Primarina|Calm Mind|p2a: Primarina
|-boost|p2a: Primarina|spa|1
|-boost|p2a: Primarina|spd|1
|
|-heal|p2a: Primarina|31/100|[from] item: Leftovers
|upkeep
|turn|28
|c|☆mothcarona|gg
|-message|mothcarona forfeited.
|
|win|ihymyly
|raw|ihymyly's rating: 1572 &rarr; <strong>1593</strong><br />(+21 for winning)
|raw|mothcarona's rating: 1591 &rarr; <strong>1570</strong><br />(-21 for losing)
|l|☆ihymyly
|player|p1|
|l|☆mothcarona
|player|p2|
