|j|☆cytheidot
|j|☆Natezero58
|t:|1779609204
|gametype|singles
|player|p1|cytheidot|n|1287
|player|p2|Natezero58|265|1318
|gen|9
|tier|[Gen 9] OU
|rated|
|rule|HP Percentage Mod: HP is shown in percentages
|rule|Endless Battle Clause: Forcing endless battles is banned
|rule|Species Clause: Limit one of each Pokémon
|rule|OHKO Clause: OHKO moves are banned
|rule|Evasion Items Clause: Evasion items are banned
|rule|Evasion Moves Clause: Evasion moves are banned
|rule|Evasion Abilities Clause: Evasion abilities are banned
|rule|Sleep Moves Clause: Sleep-inducing moves are banned
|clearpoke
|poke|p1|Grimmsnarl, M|
|poke|p1|Pecharunt|
|poke|p1|Ogerpon-Wellspring, F|
|poke|p1|Gliscor, F|
|poke|p1|Arcanine-Hisui, M|
|poke|p1|Iron Valiant|
|poke|p2|Alomomola, M|
|poke|p2|Slowking-Galar, M|
|poke|p2|Cinderace, F|
|poke|p2|Glimmora, M|
|poke|p2|Lokix, M|
|poke|p2|Heatran, M|
|teampreview
|j| Synodontisman
|inactive|Battle timer is ON: inactive players will automatically lose when time's up. (requested by Natezero58)
|
|t:|1779609220
|teamsize|p1|6
|teamsize|p2|6
|start
|switch|p1a: Arcanine|Arcanine-Hisui, M|100/100
|switch|p2a: Heatran|Heatran, M|100/100
|turn|1
|
|t:|1779609233
|move|p1a: Arcanine|Close Combat|p2a: Heatran
|-supereffective|p2a: Heatran
|-damage|p2a: Heatran|12/100
|-unboost|p1a: Arcanine|def|1
|-unboost|p1a: Arcanine|spd|1
|-enditem|p2a: Heatran|Sitrus Berry|[eat]
|-heal|p2a: Heatran|37/100|[from] item: Sitrus Berry
|move|p2a: Heatran|Earth Power|p1a: Arcanine
|-supereffective|p1a: Arcanine
|-damage|p1a: Arcanine|0 fnt
|faint|p1a: Arcanine
|
|upkeep
|
|t:|1779609241
|switch|p1a: Gliscor|Gliscor, F|100/100
|turn|2
|
|t:|1779609244
|move|p1a: Gliscor|Swords Dance|p1a: Gliscor
|-boost|p1a: Gliscor|atk|2
|move|p2a: Heatran|Stealth Rock|p1a: Gliscor
|-sidestart|p1: cytheidot|move: Stealth Rock
|
|-status|p1a: Gliscor|tox|[from] item: Toxic Orb
|upkeep
|turn|3
|
|t:|1779609251
|switch|p2a: Glimmora|Glimmora, M|100/100
|move|p1a: Gliscor|Swords Dance|p1a: Gliscor
|-boost|p1a: Gliscor|atk|2
|
|upkeep
|turn|4
|
|t:|1779609258
|move|p1a: Gliscor|Earthquake|p2a: Glimmora
|-supereffective|p2a: Glimmora
|-damage|p2a: Glimmora|0 fnt
|-activate|p2a: Glimmora|ability: Toxic Debris
|-sidestart|p1: cytheidot|move: Toxic Spikes
|faint|p2a: Glimmora
|
|upkeep
|
|t:|1779609276
|switch|p2a: Alomomola|Alomomola, M|100/100
|turn|5
|
|t:|1779609280
|move|p1a: Gliscor|Facade|p2a: Alomomola
|-crit|p2a: Alomomola
|-damage|p2a: Alomomola|33/100
|-damage|p1a: Gliscor|84/100 tox|[from] item: Rocky Helmet|[of] p2a: Alomomola
|move|p2a: Alomomola|Scald|p1a: Gliscor
|-supereffective|p1a: Gliscor
|-damage|p1a: Gliscor|62/100 tox
|
|-heal|p1a: Gliscor|74/100 tox|[from] ability: Poison Heal
|upkeep
|turn|6
|
|t:|1779609292
|switch|p2a: Heatran|Heatran, M|37/100
|move|p1a: Gliscor|Earthquake|p2a: Heatran
|-supereffective|p2a: Heatran
|-damage|p2a: Heatran|0 fnt
|faint|p2a: Heatran
|
|-heal|p1a: Gliscor|87/100 tox|[from] ability: Poison Heal
|upkeep
|
|t:|1779609295
|switch|p2a: Lokix|Lokix, M|100/100
|turn|7
|
|t:|1779609300
|-terastallize|p2a: Lokix|Bug
|move|p1a: Gliscor|Protect|p1a: Gliscor
|-singleturn|p1a: Gliscor|Protect
|move|p2a: Lokix|U-turn|p1a: Gliscor
|-activate|p1a: Gliscor|move: Protect
|
|-heal|p1a: Gliscor|99/100 tox|[from] ability: Poison Heal
|upkeep
|turn|8
|
|t:|1779609306
|move|p2a: Lokix|U-turn|p1a: Gliscor
|-resisted|p1a: Gliscor
|-damage|p1a: Gliscor|47/100 tox
|
|t:|1779609310
|switch|p2a: Cinderace|Cinderace, F|100/100|[from] U-turn
|move|p1a: Gliscor|Facade|p2a: Cinderace
|-damage|p2a: Cinderace|0 fnt
|faint|p2a: Cinderace
|
|-heal|p1a: Gliscor|59/100 tox|[from] ability: Poison Heal
|upkeep
|
|t:|1779609312
|switch|p2a: Lokix|Lokix, M, tera:Bug|100/100
|turn|9
|
|t:|1779609315
|move|p1a: Gliscor|Protect|p1a: Gliscor
|-singleturn|p1a: Gliscor|Protect
|move|p2a: Lokix|U-turn|p1a: Gliscor
|-activate|p1a: Gliscor|move: Protect
|
|-heal|p1a: Gliscor|72/100 tox|[from] ability: Poison Heal
|upkeep
|turn|10
|
|t:|1779609321
|move|p2a: Lokix|U-turn|p1a: Gliscor
|-resisted|p1a: Gliscor
|-crit|p1a: Gliscor
|-damage|p1a: Gliscor|0 fnt
|faint|p1a: Gliscor
|
|t:|1779609325
|switch|p2a: Alomomola|Alomomola, M|66/100|[from] U-turn
|
|upkeep
|c|☆Natezero58|Luck
|
|t:|1779609336
|switch|p1a: Pecharunt|Pecharunt|100/100
|-damage|p1a: Pecharunt|88/100|[from] Stealth Rock
|-sideend|p1: cytheidot|move: Toxic Spikes|[of] p1a: Pecharunt
|turn|11
|
|t:|1779609342
|move|p1a: Pecharunt|Malignant Chain|p2a: Alomomola
|-damage|p2a: Alomomola|27/100
|move|p2a: Alomomola|Scald|p1a: Pecharunt
|-crit|p1a: Pecharunt
|-damage|p1a: Pecharunt|68/100
|
|upkeep
|turn|12
|
|t:|1779609348
|switch|p2a: Slowking|Slowking-Galar, M|100/100
|move|p1a: Pecharunt|Parting Shot|p2a: Slowking
|-unboost|p2a: Slowking|atk|1
|-unboost|p2a: Slowking|spa|1
|
|t:|1779609358
|switch|p1a: Ogerpon|Ogerpon-Wellspring, F|100/100|[from] Parting Shot
|-damage|p1a: Ogerpon|88/100|[from] Stealth Rock
|
|upkeep
|turn|13
|
|t:|1779609367
|move|p1a: Ogerpon|Knock Off|p2a: Slowking
|-supereffective|p2a: Slowking
|-damage|p2a: Slowking|16/100
|-enditem|p2a: Slowking|Leftovers|[from] move: Knock Off|[of] p1a: Ogerpon
|-prepare|p2a: Slowking|Chilly Reception|[premajor]
|move|p2a: Slowking|Chilly Reception|p2a: Slowking
|-weather|Snowscape
|
|t:|1779609371
|switch|p2a: Lokix|Lokix, M, tera:Bug|100/100|[from] Chilly Reception
|
|-weather|Snowscape|[upkeep]
|upkeep
|turn|14
|
|t:|1779609388
|switch|p1a: Grimmsnarl|Grimmsnarl, M|100/100
|-damage|p1a: Grimmsnarl|88/100|[from] Stealth Rock
|move|p2a: Lokix|First Impression|p1a: Grimmsnarl
|-damage|p1a: Grimmsnarl|0 fnt
|faint|p1a: Grimmsnarl
|
|-weather|Snowscape|[upkeep]
|upkeep
|
|t:|1779609404
|switch|p1a: Iron Valiant|Iron Valiant|100/100
|-damage|p1a: Iron Valiant|94/100|[from] Stealth Rock
|-enditem|p1a: Iron Valiant|Booster Energy
|-activate|p1a: Iron Valiant|ability: Quark Drive|[fromitem]
|-start|p1a: Iron Valiant|quarkdrivespe
|turn|15
|
|t:|1779609409
|switch|p2a: Alomomola|Alomomola, M|61/100
|move|p1a: Iron Valiant|Encore||[still]
|-fail|p1a: Iron Valiant
|
|-weather|Snowscape|[upkeep]
|upkeep
|turn|16
|
|t:|1779609414
|move|p1a: Iron Valiant|Knock Off|p2a: Alomomola
|-damage|p2a: Alomomola|45/100
|-damage|p1a: Iron Valiant|78/100|[from] item: Rocky Helmet|[of] p2a: Alomomola
|-enditem|p2a: Alomomola|Rocky Helmet|[from] move: Knock Off|[of] p1a: Iron Valiant
|move|p2a: Alomomola|Flip Turn|p1a: Iron Valiant
|-damage|p1a: Iron Valiant|60/100
|
|t:|1779609417
|switch|p2a: Lokix|Lokix, M, tera:Bug|100/100|[from] Flip Turn
|
|-weather|Snowscape|[upkeep]
|upkeep
|turn|17
|
|t:|1779609431
|-end|p1a: Iron Valiant|Quark Drive|[silent]
|switch|p1a: Pecharunt|Pecharunt|68/100
|-damage|p1a: Pecharunt|56/100|[from] Stealth Rock
|move|p2a: Lokix|First Impression|p1a: Pecharunt
|-resisted|p1a: Pecharunt
|-damage|p1a: Pecharunt|35/100
|-damage|p2a: Lokix|84/100|[from] item: Rocky Helmet|[of] p1a: Pecharunt
|
|-weather|none
|upkeep
|turn|18
|
|t:|1779609435
|switch|p2a: Alomomola|Alomomola, M|78/100
|move|p1a: Pecharunt|Recover|p1a: Pecharunt
|-heal|p1a: Pecharunt|85/100
|
|upkeep
|turn|19
|
|t:|1779609440
|move|p1a: Pecharunt|Malignant Chain|p2a: Alomomola
|-damage|p2a: Alomomola|43/100
|move|p2a: Alomomola|Wish|p2a: Alomomola
|
|upkeep
|turn|20
|
|t:|1779609448
|move|p2a: Alomomola|Protect|p2a: Alomomola
|-singleturn|p2a: Alomomola|Protect
|move|p1a: Pecharunt|Malignant Chain|p2a: Alomomola
|-activate|p2a: Alomomola|move: Protect
|
|-heal|p2a: Alomomola|93/100|[from] move: Wish|[wisher] Alomomola
|upkeep
|turn|21
|inactive|Natezero58 has 120 seconds left.
|
|t:|1779609498
|move|p1a: Pecharunt|Malignant Chain|p2a: Alomomola
|-damage|p2a: Alomomola|56/100
|move|p2a: Alomomola|Wish|p2a: Alomomola
|
|upkeep
|turn|22
|
|t:|1779609511
|move|p1a: Pecharunt|Parting Shot|p2a: Alomomola
|-unboost|p2a: Alomomola|atk|1
|-unboost|p2a: Alomomola|spa|1
|
|t:|1779609515
|switch|p1a: Ogerpon|Ogerpon-Wellspring, F|88/100|[from] Parting Shot
|-damage|p1a: Ogerpon|76/100|[from] Stealth Rock
|move|p2a: Alomomola|Flip Turn|p1a: Ogerpon
|-heal|p1a: Ogerpon|100/100|[from] ability: Water Absorb|[of] p2a: Alomomola
|
|-heal|p2a: Alomomola|100/100|[from] move: Wish|[wisher] Alomomola
|upkeep
|turn|23
|inactive|Natezero58 has 120 seconds left.
|
|t:|1779609528
|switch|p2a: Slowking|Slowking-Galar, M|49/100
|move|p1a: Ogerpon|Play Rough|p2a: Slowking
|-resisted|p2a: Slowking
|-damage|p2a: Slowking|32/100
|
|upkeep
|turn|24
|inactive|Natezero58 has 120 seconds left.
|
|t:|1779609536
|move|p1a: Ogerpon|Ivy Cudgel|p2a: Slowking|[anim] Ivy Cudgel Water
|-damage|p2a: Slowking|0 fnt
|faint|p2a: Slowking
|
|upkeep
|
|t:|1779609540
|switch|p2a: Lokix|Lokix, M, tera:Bug|84/100
|turn|25
|
|t:|1779609544
|switch|p1a: Pecharunt|Pecharunt|85/100
|-damage|p1a: Pecharunt|73/100|[from] Stealth Rock
|move|p2a: Lokix|Leech Life|p1a: Pecharunt
|-resisted|p1a: Pecharunt
|-damage|p1a: Pecharunt|52/100
|-heal|p2a: Lokix|98/100|[from] drain|[of] p1a: Pecharunt
|-damage|p2a: Lokix|81/100|[from] item: Rocky Helmet|[of] p1a: Pecharunt
|
|upkeep
|turn|26
|
|t:|1779609550
|move|p2a: Lokix|Leech Life|p1a: Pecharunt
|-resisted|p1a: Pecharunt
|-damage|p1a: Pecharunt|32/100
|-heal|p2a: Lokix|95/100|[from] drain|[of] p1a: Pecharunt
|-damage|p2a: Lokix|78/100|[from] item: Rocky Helmet|[of] p1a: Pecharunt
|move|p1a: Pecharunt|Recover|p1a: Pecharunt
|-heal|p1a: Pecharunt|82/100
|
|upkeep
|turn|27
|
|t:|1779609553
|move|p2a: Lokix|Leech Life|p1a: Pecharunt
|-resisted|p1a: Pecharunt
|-damage|p1a: Pecharunt|61/100
|-heal|p2a: Lokix|92/100|[from] drain|[of] p1a: Pecharunt
|-damage|p2a: Lokix|76/100|[from] item: Rocky Helmet|[of] p1a: Pecharunt
|move|p1a: Pecharunt|Malignant Chain|p2a: Lokix
|-damage|p2a: Lokix|21/100
|
|upkeep
|turn|28
|
|t:|1779609557
|move|p2a: Lokix|Leech Life|p1a: Pecharunt
|-resisted|p1a: Pecharunt
|-damage|p1a: Pecharunt|41/100
|-heal|p2a: Lokix|34/100|[from] drain|[of] p1a: Pecharunt
|-damage|p2a: Lokix|17/100|[from] item: Rocky Helmet|[of] p1a: Pecharunt
|move|p1a: Pecharunt|Recover|p1a: Pecharunt
|-heal|p1a: Pecharunt|91/100
|
|upkeep
|turn|29
|
|t:|1779609560
|switch|p2a: Alomomola|Alomomola, M|100/100
|move|p1a: Pecharunt|Malignant Chain|p2a: Alomomola
|-damage|p2a: Alomomola|64/100
|-status|p2a: Alomomola|tox
|-start|p2a: Alomomola|confusion|[from] ability: Poison Puppeteer|[of] p1a: Pecharunt
|
|-damage|p2a: Alomomola|58/100 tox|[from] psn
|upkeep
|turn|30
|-message|Natezero58 forfeited.
|
|win|cytheidot
|raw|cytheidot's rating: 1287 &rarr; <strong>1314</strong><br />(+27 for winning)
|raw|Natezero58's rating: 1318 &rarr; <strong>1296</strong><br />(-22 for losing)
|l|☆Natezero58
|player|p2|
