|j|☆immaterial-light
|j|☆darago_a
|t:|1779559566
|gametype|singles
|player|p1|immaterial-light|2|1430
|player|p2|darago_a|baker|1445
|gen|9
|tier|[Gen 9] OU
|rated|
|rule|HP Percentage Mod: HP is shown in percentages
|rule|Endless Battle Clause: Forcing endless battles is banned
|rule|Species Clause: Limit one of each Pokémon
|rule|OHKO Clause: OHKO moves are banned
|rule|Evasion Items Clause: Evasion items are banned
|rule|Evasion Moves Clause: Evasion moves are banned
|rule|Evasion Abilities Clause: Evasion abilities are banned
|rule|Sleep Moves Clause: Sleep-inducing moves are banned
|clearpoke
|poke|p1|Slither Wing|
|poke|p1|Ninetales, M|
|poke|p1|Walking Wake|
|poke|p1|Charizard, M|
|poke|p1|Great Tusk|
|poke|p1|Hatterene, F|
|poke|p2|Cinderace, F|
|poke|p2|Gholdengo|
|poke|p2|Dondozo, M|
|poke|p2|Hydrapple, M|
|poke|p2|Corviknight, F|
|poke|p2|Ting-Lu|
|teampreview
|inactive|Battle timer is ON: inactive players will automatically lose when time's up. (requested by immaterial-light)
|
|t:|1779559579
|teamsize|p1|6
|teamsize|p2|6
|start
|switch|p1a: Ninetales|Ninetales, M|100/100
|switch|p2a: Cinderace|Cinderace, F|100/100
|-weather|SunnyDay|[from] ability: Drought|[of] p1a: Ninetales
|turn|1
|
|t:|1779559584
|switch|p1a: Hatterene|Hatterene, F|100/100
|move|p2a: Cinderace|Pyro Ball|p1a: Hatterene
|-damage|p1a: Hatterene|34/100
|-status|p1a: Hatterene|brn
|-enditem|p1a: Hatterene|Eject Button
|
|t:|1779559586
|switch|p1a: Charizard|Charizard, M|100/100
|
|-weather|SunnyDay|[upkeep]
|-damage|p1a: Charizard|88/100|[from] ability: Solar Power|[of] p1a: Charizard
|upkeep
|turn|2
|
|t:|1779559595
|move|p2a: Cinderace|U-turn|p1a: Charizard
|-start|p2a: Cinderace|typechange|Bug|[from] ability: Libero
|-resisted|p1a: Charizard
|-damage|p1a: Charizard|77/100
|
|t:|1779559602
|switch|p2a: Ting-Lu|Ting-Lu|100/100|[from] U-turn
|-ability|p2a: Ting-Lu|Vessel of Ruin
|move|p1a: Charizard|Weather Ball|p2a: Ting-Lu
|-damage|p2a: Ting-Lu|31/100
|
|-weather|SunnyDay|[upkeep]
|-damage|p1a: Charizard|64/100|[from] ability: Solar Power|[of] p1a: Charizard
|-heal|p2a: Ting-Lu|38/100|[from] item: Leftovers
|upkeep
|turn|3
|
|t:|1779559615
|switch|p2a: Dondozo|Dondozo, M|100/100
|move|p1a: Charizard|Weather Ball|p2a: Dondozo
|-resisted|p2a: Dondozo
|-damage|p2a: Dondozo|50/100
|
|-weather|SunnyDay|[upkeep]
|-damage|p1a: Charizard|52/100|[from] ability: Solar Power|[of] p1a: Charizard
|-heal|p2a: Dondozo|56/100|[from] item: Leftovers
|upkeep
|turn|4
|
|t:|1779559621
|-terastallize|p1a: Charizard|Fire
|move|p1a: Charizard|Weather Ball|p2a: Dondozo
|-resisted|p2a: Dondozo
|-damage|p2a: Dondozo|0 fnt
|faint|p2a: Dondozo
|
|-weather|SunnyDay|[upkeep]
|-damage|p1a: Charizard|40/100|[from] ability: Solar Power|[of] p1a: Charizard
|upkeep
|
|t:|1779559628
|switch|p2a: Cinderace|Cinderace, F|100/100
|turn|5
|
|t:|1779559632
|switch|p1a: Walking Wake|Walking Wake|100/100
|-activate|p1a: Walking Wake|ability: Protosynthesis
|-start|p1a: Walking Wake|protosynthesisspe
|move|p2a: Cinderace|Pyro Ball|p1a: Walking Wake
|-resisted|p1a: Walking Wake
|-damage|p1a: Walking Wake|78/100
|
|-weather|SunnyDay|[upkeep]
|upkeep
|turn|6
|
|t:|1779559649
|switch|p2a: Gholdengo|Gholdengo|100/100
|move|p1a: Walking Wake|Draco Meteor|p2a: Gholdengo
|-resisted|p2a: Gholdengo
|-damage|p2a: Gholdengo|48/100
|-unboost|p1a: Walking Wake|spa|2
|
|-weather|SunnyDay|[upkeep]
|upkeep
|turn|7
|
|t:|1779559655
|-end|p1a: Walking Wake|Protosynthesis|[silent]
|switch|p1a: Hatterene|Hatterene, F|34/100 brn
|move|p2a: Gholdengo|Thunderbolt|p1a: Hatterene
|-damage|p1a: Hatterene|0 fnt
|faint|p1a: Hatterene
|
|-weather|SunnyDay|[upkeep]
|upkeep
|
|t:|1779559657
|switch|p1a: Charizard|Charizard, M, tera:Fire|40/100
|turn|8
|
|t:|1779559661
|move|p1a: Charizard|Weather Ball|p2a: Gholdengo
|-supereffective|p2a: Gholdengo
|-damage|p2a: Gholdengo|0 fnt
|faint|p2a: Gholdengo
|
|-weather|none
|upkeep
|
|t:|1779559664
|switch|p2a: Ting-Lu|Ting-Lu|38/100
|-ability|p2a: Ting-Lu|Vessel of Ruin
|turn|9
|
|t:|1779559669
|switch|p1a: Great Tusk|Great Tusk|100/100
|move|p2a: Ting-Lu|Rest|p2a: Ting-Lu
|-status|p2a: Ting-Lu|slp|[from] move: Rest
|-heal|p2a: Ting-Lu|100/100 slp|[silent]
|
|upkeep
|turn|10
|
|t:|1779559671
|switch|p2a: Corviknight|Corviknight, F|100/100
|-ability|p2a: Corviknight|Pressure
|move|p1a: Great Tusk|Stealth Rock|p2a: Corviknight
|-sidestart|p2: darago_a|move: Stealth Rock
|
|upkeep
|turn|11
|
|t:|1779559674
|-end|p1a: Great Tusk|Protosynthesis|[silent]
|switch|p1a: Ninetales|Ninetales, M|100/100
|-weather|SunnyDay|[from] ability: Drought|[of] p1a: Ninetales
|move|p2a: Corviknight|Defog|p1a: Ninetales
|-unboost|p1a: Ninetales|evasion|1
|-sideend|p2: darago_a|Stealth Rock|[from] move: Defog|[of] p2a: Corviknight
|
|-weather|SunnyDay|[upkeep]
|upkeep
|turn|12
|
|t:|1779559677
|switch|p2a: Ting-Lu|Ting-Lu|100/100 slp
|-ability|p2a: Ting-Lu|Vessel of Ruin
|move|p1a: Ninetales|Encore||[still]
|-fail|p1a: Ninetales
|
|-weather|SunnyDay|[upkeep]
|upkeep
|turn|13
|
|t:|1779559682
|switch|p1a: Slither Wing|Slither Wing|100/100
|-activate|p1a: Slither Wing|ability: Protosynthesis
|-start|p1a: Slither Wing|protosynthesisatk
|cant|p2a: Ting-Lu|slp
|move|p2a: Ting-Lu|Sleep Talk|p2a: Ting-Lu
|move|p2a: Ting-Lu|Rest||[from] move: Sleep Talk|[still]
|-fail|p2a: Ting-Lu
|
|-weather|SunnyDay|[upkeep]
|upkeep
|turn|14
|
|t:|1779559688
|switch|p2a: Corviknight|Corviknight, F|100/100
|-ability|p2a: Corviknight|Pressure
|move|p1a: Slither Wing|Close Combat|p2a: Corviknight
|-damage|p2a: Corviknight|21/100
|-unboost|p1a: Slither Wing|def|1
|-unboost|p1a: Slither Wing|spd|1
|-damage|p1a: Slither Wing|84/100|[from] item: Rocky Helmet|[of] p2a: Corviknight
|
|-weather|SunnyDay|[upkeep]
|upkeep
|turn|15
|
|t:|1779559692
|switch|p2a: Cinderace|Cinderace, F|100/100
|move|p1a: Slither Wing|Close Combat|p2a: Cinderace
|-damage|p2a: Cinderace|0 fnt
|-unboost|p1a: Slither Wing|def|1
|-unboost|p1a: Slither Wing|spd|1
|faint|p2a: Cinderace
|
|-weather|SunnyDay|[upkeep]
|upkeep
|-message|darago_a forfeited.
|
|win|immaterial-light
|raw|immaterial-light's rating: 1430 &rarr; <strong>1451</strong><br />(+21 for winning)
|raw|darago_a's rating: 1445 &rarr; <strong>1424</strong><br />(-21 for losing)
|l|☆darago_a
|player|p2|
|l|☆immaterial-light
|player|p1|
