|j|☆Fuga Mental
|j|☆KenjiShiguma
|t:|1779641610
|gametype|singles
|player|p1|Fuga Mental|sailor|1129
|player|p2|KenjiShiguma|pokemonbreeder-gen4|1129
|gen|9
|tier|[Gen 9] OU
|rated|
|rule|HP Percentage Mod: HP is shown in percentages
|rule|Endless Battle Clause: Forcing endless battles is banned
|rule|Species Clause: Limit one of each Pokémon
|rule|OHKO Clause: OHKO moves are banned
|rule|Evasion Items Clause: Evasion items are banned
|rule|Evasion Moves Clause: Evasion moves are banned
|rule|Evasion Abilities Clause: Evasion abilities are banned
|rule|Sleep Moves Clause: Sleep-inducing moves are banned
|clearpoke
|poke|p1|Donphan, F|
|poke|p1|Granbull, M|
|poke|p1|Oricorio-Sensu, M|
|poke|p1|Malamar, F|
|poke|p1|Talonflame, M|
|poke|p1|Latios, M|
|poke|p2|Drednaw, M|
|poke|p2|Golem, M|
|poke|p2|Snorlax, M|
|poke|p2|Clefable, M|
|poke|p2|Oricorio-Sensu, M|
|poke|p2|Infernape, F|
|teampreview
|c|☆Fuga Mental|Oricorio!
|
|t:|1779641634
|teamsize|p1|6
|teamsize|p2|6
|start
|switch|p1a: Donphan|Donphan, F|100/100
|switch|p2a: Clefable|Clefable, M|100/100
|turn|1
|
|t:|1779641659
|move|p2a: Clefable|Knock Off|p1a: Donphan
|-damage|p1a: Donphan|87/100
|-enditem|p1a: Donphan|Red Card|[from] move: Knock Off|[of] p2a: Clefable
|move|p1a: Donphan|Stealth Rock|p2a: Clefable
|-sidestart|p2: KenjiShiguma|move: Stealth Rock
|
|upkeep
|turn|2
|
|t:|1779641668
|move|p2a: Clefable|Moonblast|p1a: Donphan
|-damage|p1a: Donphan|27/100
|move|p1a: Donphan|Knock Off|p2a: Clefable
|-resisted|p2a: Clefable
|-damage|p2a: Clefable|81/100
|-enditem|p2a: Clefable|Assault Vest|[from] move: Knock Off|[of] p1a: Donphan
|
|upkeep
|turn|3
|
|t:|1779641677
|move|p2a: Clefable|Moonblast|p1a: Donphan
|-damage|p1a: Donphan|0 fnt
|faint|p1a: Donphan
|
|upkeep
|
|t:|1779641696
|switch|p1a: Fanboy|Oricorio-Sensu, M|100/100
|turn|4
|
|t:|1779641700
|move|p1a: Fanboy|Quiver Dance|p1a: Fanboy
|-boost|p1a: Fanboy|spa|1
|-boost|p1a: Fanboy|spd|1
|-boost|p1a: Fanboy|spe|1
|move|p2a: Clefable|Ice Beam|p1a: Fanboy
|-supereffective|p1a: Fanboy
|-damage|p1a: Fanboy|39/100
|
|-heal|p1a: Fanboy|46/100|[from] item: Leftovers
|upkeep
|turn|5
|
|t:|1779641709
|move|p1a: Fanboy|Revelation Dance|p2a: Clefable
|-damage|p2a: Clefable|29/100
|move|p2a: Clefable|Knock Off|p1a: Fanboy
|-supereffective|p1a: Fanboy
|-damage|p1a: Fanboy|0 fnt
|-enditem|p1a: Fanboy|Leftovers|[from] move: Knock Off|[of] p2a: Clefable
|faint|p1a: Fanboy
|
|upkeep
|
|t:|1779641731
|switch|p1a: Squilliam|Malamar, F|100/100
|turn|6
|
|t:|1779641740
|move|p1a: Squilliam|Switcheroo|p2a: Clefable
|-activate|p1a: Squilliam|move: Trick|[of] p2a: Clefable
|-item|p2a: Clefable|Choice Scarf|[from] move: Switcheroo
|-enditem|p1a: Squilliam|Choice Scarf|[silent]|[from] move: Switcheroo
|move|p2a: Clefable|Moonblast|p1a: Squilliam
|-supereffective|p1a: Squilliam
|-damage|p1a: Squilliam|0 fnt
|faint|p1a: Squilliam
|
|upkeep
|
|t:|1779641746
|switch|p1a: Starscream|Latios, M|100/100
|turn|7
|
|t:|1779641751
|-terastallize|p1a: Starscream|Steel
|move|p1a: Starscream|Dragon Dance|p1a: Starscream
|-boost|p1a: Starscream|atk|1
|-boost|p1a: Starscream|spe|1
|move|p2a: Clefable|Moonblast|p1a: Starscream
|-resisted|p1a: Starscream
|-damage|p1a: Starscream|80/100
|
|upkeep
|turn|8
|
|t:|1779641762
|switch|p2a: Oricorio|Oricorio-Sensu, M|100/100
|-damage|p2a: Oricorio|76/100|[from] Stealth Rock
|move|p1a: Starscream|Dragon Dance|p1a: Starscream
|-boost|p1a: Starscream|atk|1
|-boost|p1a: Starscream|spe|1
|-enditem|p2a: Oricorio|Mirror Herb
|-boost|p2a: Oricorio|atk|1|[from] item: Mirror Herb
|-boost|p2a: Oricorio|spe|1|[from] item: Mirror Herb
|-activate|p2a: Oricorio|ability: Dancer
|move|p2a: Oricorio|Dragon Dance|p2a: Oricorio|[from] ability: Dancer
|-boost|p2a: Oricorio|atk|1
|-boost|p2a: Oricorio|spe|1
|
|upkeep
|turn|9
|
|t:|1779641778
|move|p1a: Starscream|Dragon Claw|p2a: Oricorio
|-damage|p2a: Oricorio|0 fnt
|faint|p2a: Oricorio
|
|upkeep
|
|t:|1779641784
|switch|p2a: Infernape|Infernape, F|100/100
|-damage|p2a: Infernape|88/100|[from] Stealth Rock
|turn|10
|
|t:|1779641791
|move|p1a: Starscream|Earthquake|p2a: Infernape
|-supereffective|p2a: Infernape
|-damage|p2a: Infernape|0 fnt
|faint|p2a: Infernape
|
|upkeep
|
|t:|1779641802
|switch|p2a: Snorlax|Snorlax, M|100/100
|-damage|p2a: Snorlax|88/100|[from] Stealth Rock
|turn|11
|
|t:|1779641808
|move|p1a: Starscream|Dragon Claw|p2a: Snorlax
|-damage|p2a: Snorlax|14/100
|-enditem|p2a: Snorlax|Sitrus Berry|[eat]
|-heal|p2a: Snorlax|39/100|[from] item: Sitrus Berry
|move|p2a: Snorlax|Encore|p1a: Starscream
|-start|p1a: Starscream|Encore
|
|upkeep
|turn|12
|
|t:|1779641816
|switch|p2a: Clefable|Clefable, M|29/100
|move|p1a: Starscream|Dragon Claw|p2a: Clefable
|-immune|p2a: Clefable
|
|upkeep
|turn|13
|
|t:|1779641823
|move|p1a: Starscream|Dragon Claw|p2a: Clefable
|-immune|p2a: Clefable
|move|p2a: Clefable|Flamethrower|p1a: Starscream
|-supereffective|p1a: Starscream
|-damage|p1a: Starscream|21/100
|
|upkeep
|turn|14
|
|t:|1779641830
|move|p1a: Starscream|Dragon Claw|p2a: Clefable
|-immune|p2a: Clefable
|move|p2a: Clefable|Flamethrower|p1a: Starscream
|-supereffective|p1a: Starscream
|-damage|p1a: Starscream|0 fnt
|faint|p1a: Starscream
|
|upkeep
|
|t:|1779641833
|switch|p1a: TalonLame|Talonflame, M|100/100
|turn|15
|
|t:|1779641841
|move|p1a: TalonLame|Will-O-Wisp|p2a: Clefable
|-status|p2a: Clefable|brn
|move|p2a: Clefable|Flamethrower|p1a: TalonLame
|-resisted|p1a: TalonLame
|-damage|p1a: TalonLame|83/100
|
|upkeep
|turn|16
|
|t:|1779641851
|switch|p1a: Toothfairy|Granbull, M|100/100
|-ability|p1a: Toothfairy|Intimidate|boost
|-unboost|p2a: Clefable|atk|1
|move|p2a: Clefable|Flamethrower|p1a: Toothfairy
|-damage|p1a: Toothfairy|75/100
|
|upkeep
|turn|17
|
|t:|1779641864
|move|p2a: Clefable|Flamethrower|p1a: Toothfairy
|-damage|p1a: Toothfairy|52/100
|move|p1a: Toothfairy|Earthquake|p2a: Clefable
|-damage|p2a: Clefable|0 fnt
|faint|p2a: Clefable
|
|upkeep
|
|t:|1779641872
|switch|p2a: Drednaw|Drednaw, M|100/100
|-damage|p2a: Drednaw|88/100|[from] Stealth Rock
|turn|18
|
|t:|1779641878
|-terastallize|p2a: Drednaw|Ghost
|move|p2a: Drednaw|Shell Smash|p2a: Drednaw
|-unboost|p2a: Drednaw|def|1
|-unboost|p2a: Drednaw|spd|1
|-boost|p2a: Drednaw|atk|2
|-boost|p2a: Drednaw|spa|2
|-boost|p2a: Drednaw|spe|2
|-enditem|p2a: Drednaw|White Herb
|-clearnegativeboost|p2a: Drednaw|[silent]
|move|p1a: Toothfairy|Close Combat|p2a: Drednaw
|-immune|p2a: Drednaw
|
|upkeep
|turn|19
|
|t:|1779641890
|move|p2a: Drednaw|Liquidation|p1a: Toothfairy
|-damage|p1a: Toothfairy|0 fnt
|faint|p1a: Toothfairy
|
|upkeep
|
|t:|1779641893
|switch|p1a: TalonLame|Talonflame, M|83/100
|turn|20
|
|t:|1779641896
|move|p2a: Drednaw|Liquidation|p1a: TalonLame
|-supereffective|p1a: TalonLame
|-damage|p1a: TalonLame|0 fnt
|faint|p1a: TalonLame
|
|win|KenjiShiguma
|raw|Fuga Mental's rating: 1129 &rarr; <strong>1104</strong><br />(-25 for losing)
|raw|KenjiShiguma's rating: 1129 &rarr; <strong>1154</strong><br />(+25 for winning)
|l|☆Fuga Mental
|player|p1|
|l|☆KenjiShiguma
|player|p2|
