|j|☆drqcometeors
|j|☆mdavis
|t:|1779669908
|gametype|singles
|player|p1|drqcometeors|swimmer|1398
|player|p2|mdavis|169|1373
|gen|9
|tier|[Gen 9] OU
|rated|
|rule|HP Percentage Mod: HP is shown in percentages
|rule|Endless Battle Clause: Forcing endless battles is banned
|rule|Species Clause: Limit one of each Pokémon
|rule|OHKO Clause: OHKO moves are banned
|rule|Evasion Items Clause: Evasion items are banned
|rule|Evasion Moves Clause: Evasion moves are banned
|rule|Evasion Abilities Clause: Evasion abilities are banned
|rule|Sleep Moves Clause: Sleep-inducing moves are banned
|clearpoke
|poke|p1|Zapdos|
|poke|p1|Iron Treads|
|poke|p1|Samurott-Hisui, F|
|poke|p1|Ceruledge, M|
|poke|p1|Gholdengo|
|poke|p1|Kingambit, F|
|poke|p2|Lokix, F|
|poke|p2|Corviknight, M|
|poke|p2|Zamazenta-*|
|poke|p2|Alomomola, F|
|poke|p2|Iron Boulder|
|poke|p2|Gholdengo|
|teampreview
|
|t:|1779669929
|teamsize|p1|6
|teamsize|p2|6
|start
|switch|p1a: Iron Treads|Iron Treads, shiny|100/100
|switch|p2a: Iron Boulder|Iron Boulder|100/100
|-enditem|p2a: Iron Boulder|Booster Energy
|-activate|p2a: Iron Boulder|ability: Quark Drive|[fromitem]
|-start|p2a: Iron Boulder|quarkdrivespe
|turn|1
|
|t:|1779669939
|-terastallize|p2a: Iron Boulder|Fighting
|move|p2a: Iron Boulder|Swords Dance|p2a: Iron Boulder
|-boost|p2a: Iron Boulder|atk|2
|move|p1a: Iron Treads|Earthquake|p2a: Iron Boulder
|-damage|p2a: Iron Boulder|39/100
|
|upkeep
|turn|2
|
|t:|1779669953
|-end|p1a: Iron Treads|Quark Drive|[silent]
|switch|p1a: Zapdos|Zapdos, shiny|100/100
|move|p2a: Iron Boulder|Earthquake|p1a: Zapdos
|-immune|p1a: Zapdos
|
|upkeep
|turn|3
|
|t:|1779669981
|switch|p1a: Iron Treads|Iron Treads, shiny|100/100
|move|p2a: Iron Boulder|Mighty Cleave|p1a: Iron Treads
|-resisted|p1a: Iron Treads
|-damage|p1a: Iron Treads|77/100
|
|-heal|p1a: Iron Treads|84/100|[from] item: Leftovers
|upkeep
|turn|4
|
|t:|1779670004
|-end|p1a: Iron Treads|Quark Drive|[silent]
|switch|p1a: Gholdengo|Gholdengo, shiny|100/100
|-item|p1a: Gholdengo|Air Balloon
|move|p2a: Iron Boulder|Close Combat|p1a: Gholdengo
|-immune|p1a: Gholdengo
|
|upkeep
|turn|5
|c|☆drqcometeors|get fucked
|
|t:|1779670023
|-end|p2a: Iron Boulder|Quark Drive|[silent]
|switch|p2a: Corviknight|Corviknight, M|100/100
|-ability|p2a: Corviknight|Pressure
|move|p1a: Gholdengo|Make It Rain|p2a: Corviknight
|-resisted|p2a: Corviknight
|-damage|p2a: Corviknight|75/100
|-unboost|p1a: Gholdengo|spa|1
|
|-heal|p2a: Corviknight|81/100|[from] item: Leftovers
|upkeep
|turn|6
|
|t:|1779670029
|move|p1a: Gholdengo|Thunder Wave|p2a: Corviknight
|-status|p2a: Corviknight|par
|move|p2a: Corviknight|U-turn|p1a: Gholdengo
|-resisted|p1a: Gholdengo
|-damage|p1a: Gholdengo|98/100
|-enditem|p1a: Gholdengo|Air Balloon
|c|☆mdavis|cornball
|
|t:|1779670046
|switch|p2a: Lokix|Lokix, F|100/100|[from] U-turn
|
|upkeep
|turn|7
|c|☆drqcometeors|dude used his tera and boulders item
|c|☆drqcometeors|for no kill
|c|☆drqcometeors|:skull:
|
|t:|1779670059
|move|p2a: Lokix|Knock Off|p1a: Gholdengo
|-supereffective|p1a: Gholdengo
|-damage|p1a: Gholdengo|44/100
|-damage|p2a: Lokix|91/100|[from] item: Life Orb
|move|p1a: Gholdengo|Thunder Wave|p2a: Lokix
|-status|p2a: Lokix|par
|
|upkeep
|turn|8
|
|t:|1779670072
|move|p1a: Gholdengo|Recover|p1a: Gholdengo
|-heal|p1a: Gholdengo|94/100
|move|p2a: Lokix|U-turn|p1a: Gholdengo
|-resisted|p1a: Gholdengo
|-damage|p1a: Gholdengo|81/100
|-damage|p2a: Lokix|81/100 par|[from] item: Life Orb
|
|t:|1779670086
|switch|p2a: Gholdengo|Gholdengo|100/100|[from] U-turn
|-item|p2a: Gholdengo|Air Balloon
|
|upkeep
|turn|9
|
|t:|1779670100
|switch|p1a: Samurott|Samurott-Hisui, F, shiny|100/100
|move|p2a: Gholdengo|Nasty Plot|p2a: Gholdengo
|-boost|p2a: Gholdengo|spa|2
|
|upkeep
|turn|10
|
|t:|1779670109
|move|p2a: Gholdengo|Make It Rain|p1a: Samurott
|-resisted|p1a: Samurott
|-damage|p1a: Samurott|52/100
|-unboost|p2a: Gholdengo|spa|1
|move|p1a: Samurott|Ceaseless Edge|p2a: Gholdengo
|-supereffective|p2a: Gholdengo
|-damage|p2a: Gholdengo|4/100
|-enditem|p2a: Gholdengo|Air Balloon
|-sidestart|p2: mdavis|Spikes
|
|upkeep
|turn|11
|
|t:|1779670123
|switch|p2a: Zamazenta|Zamazenta|100/100
|-damage|p2a: Zamazenta|88/100|[from] Spikes
|-ability|p2a: Zamazenta|Dauntless Shield|boost
|-boost|p2a: Zamazenta|def|1
|move|p1a: Samurott|Sucker Punch||[still]
|-fail|p1a: Samurott
|
|-heal|p2a: Zamazenta|94/100|[from] item: Leftovers
|upkeep
|turn|12
|
|t:|1779670139
|switch|p1a: Zapdos|Zapdos, shiny|100/100
|move|p2a: Zamazenta|Iron Defense|p2a: Zamazenta
|-boost|p2a: Zamazenta|def|2
|
|-heal|p2a: Zamazenta|100/100|[from] item: Leftovers
|upkeep
|turn|13
|
|t:|1779670150
|move|p1a: Zapdos|Hurricane|p2a: Zamazenta
|-supereffective|p2a: Zamazenta
|-damage|p2a: Zamazenta|26/100
|move|p2a: Zamazenta|Roar|p1a: Zapdos
|drag|p1a: Kingambit|Kingambit, F, shiny|100/100
|
|-heal|p2a: Zamazenta|32/100|[from] item: Leftovers
|upkeep
|turn|14
|inactive|Battle timer is ON: inactive players will automatically lose when time's up. (requested by mdavis)
|
|t:|1779670221
|-end|p1a: Kingambit|fallenundefined|[silent]
|switch|p1a: Zapdos|Zapdos, shiny|100/100
|move|p2a: Zamazenta|Crunch|p1a: Zapdos
|-damage|p1a: Zapdos|86/100
|-status|p2a: Zamazenta|par|[from] ability: Static|[of] p1a: Zapdos
|
|-heal|p2a: Zamazenta|39/100 par|[from] item: Leftovers
|upkeep
|turn|15
|c|☆drqcometeors|nice
|
|t:|1779670237
|switch|p2a: Gholdengo|Gholdengo|4/100
|-damage|p2a: Gholdengo|0 fnt|[from] Spikes
|faint|p2a: Gholdengo
|move|p1a: Zapdos|Hurricane|p2: Gholdengo|[notarget]
|-fail|p1a: Zapdos
|
|upkeep
|c|☆drqcometeors|ur a genius
|
|t:|1779670240
|switch|p2a: Iron Boulder|Iron Boulder, tera:Fighting|39/100
|-damage|p2a: Iron Boulder|26/100|[from] Spikes
|turn|16
|
|t:|1779670250
|move|p2a: Iron Boulder|Mighty Cleave|p1a: Zapdos
|-supereffective|p1a: Zapdos
|-damage|p1a: Zapdos|13/100
|-status|p2a: Iron Boulder|par|[from] ability: Static|[of] p1a: Zapdos
|move|p1a: Zapdos|Volt Switch|p2a: Iron Boulder
|-damage|p2a: Iron Boulder|0 fnt
|faint|p2a: Iron Boulder
|-end|p2a: Iron Boulder|Quark Drive|[silent]
|
|t:|1779670258
|switch|p1a: Samurott|Samurott-Hisui, F, shiny|52/100|[from] Volt Switch
|
|upkeep
|c|☆mdavis|you're the goat of the kid game
|
|t:|1779670271
|switch|p2a: Lokix|Lokix, F|81/100 par
|-damage|p2a: Lokix|68/100 par|[from] Spikes
|turn|17
|c|☆drqcometeors|i know
|
|t:|1779670286
|switch|p1a: Zapdos|Zapdos, shiny|13/100
|cant|p2a: Lokix|par
|
|upkeep
|turn|18
|-message|mdavis forfeited.
|
|win|drqcometeors
|raw|drqcometeors's rating: 1398 &rarr; <strong>1417</strong><br />(+19 for winning)
|raw|mdavis's rating: 1373 &rarr; <strong>1354</strong><br />(-19 for losing)
|l|☆mdavis
|player|p2|
|c|☆drqcometeors|get fuckeddd
