|j|☆Cheesefriezz
|j|☆Lord Darax
|t:|1779660004
|gametype|singles
|player|p1|Cheesefriezz|n|1111
|player|p2|Lord Darax|gambler|1077
|gen|9
|tier|[Gen 9] OU
|rated|
|rule|HP Percentage Mod: HP is shown in percentages
|rule|Endless Battle Clause: Forcing endless battles is banned
|rule|Species Clause: Limit one of each Pokémon
|rule|OHKO Clause: OHKO moves are banned
|rule|Evasion Items Clause: Evasion items are banned
|rule|Evasion Moves Clause: Evasion moves are banned
|rule|Evasion Abilities Clause: Evasion abilities are banned
|rule|Sleep Moves Clause: Sleep-inducing moves are banned
|clearpoke
|poke|p1|Samurott-Hisui, M|
|poke|p1|Leafeon, M|
|poke|p1|Moltres|
|poke|p1|Ninetales, F|
|poke|p1|Kommo-o, M|
|poke|p1|Krookodile, F|
|poke|p2|Ogerpon-Cornerstone, F|
|poke|p2|Excadrill, M|
|poke|p2|Tyranitar, M|
|poke|p2|Hippowdon, F|
|poke|p2|Glimmora, F|
|poke|p2|Heatran, M|
|teampreview
|
|t:|1779660008
|teamsize|p1|6
|teamsize|p2|6
|start
|switch|p1a: Gabriel|Krookodile, F|100/100
|switch|p2a: Glimmora|Glimmora, F|100/100
|-ability|p1a: Gabriel|Intimidate|boost
|-unboost|p2a: Glimmora|atk|1
|turn|1
|
|t:|1779660017
|move|p1a: Gabriel|Stealth Rock|p2a: Glimmora
|-sidestart|p2: Lord Darax|move: Stealth Rock
|move|p2a: Glimmora|Reflect|p2a: Glimmora
|-sidestart|p2: Lord Darax|Reflect
|
|upkeep
|turn|2
|
|t:|1779660019
|move|p1a: Gabriel|Earthquake|p2a: Glimmora
|-supereffective|p2a: Glimmora
|-crit|p2a: Glimmora
|-damage|p2a: Glimmora|0 fnt
|-activate|p2a: Glimmora|ability: Toxic Debris
|-sidestart|p1: Cheesefriezz|move: Toxic Spikes
|faint|p2a: Glimmora
|
|upkeep
|
|t:|1779660025
|switch|p2a: Tyranitar|Tyranitar, M|100/100
|-damage|p2a: Tyranitar|88/100|[from] Stealth Rock
|-weather|Sandstorm|[from] ability: Sand Stream|[of] p2a: Tyranitar
|turn|3
|
|t:|1779660034
|move|p1a: Gabriel|Earthquake|p2a: Tyranitar
|-supereffective|p2a: Tyranitar
|-damage|p2a: Tyranitar|44/100
|move|p2a: Tyranitar|Ice Punch|p1a: Gabriel
|-supereffective|p1a: Gabriel
|-enditem|p1a: Gabriel|Focus Sash
|-damage|p1a: Gabriel|1/100
|
|-weather|Sandstorm|[upkeep]
|upkeep
|turn|4
|
|t:|1779660039
|move|p1a: Gabriel|Earthquake|p2a: Tyranitar
|-supereffective|p2a: Tyranitar
|-damage|p2a: Tyranitar|0 fnt
|faint|p2a: Tyranitar
|
|-weather|Sandstorm|[upkeep]
|upkeep
|
|t:|1779660042
|switch|p2a: Excadrill|Excadrill, M|100/100
|-damage|p2a: Excadrill|97/100|[from] Stealth Rock
|turn|5
|
|t:|1779660048
|move|p2a: Excadrill|Iron Head|p1a: Gabriel
|-damage|p1a: Gabriel|0 fnt
|faint|p1a: Gabriel
|-damage|p2a: Excadrill|87/100|[from] item: Life Orb
|
|-weather|Sandstorm|[upkeep]
|upkeep
|
|t:|1779660050
|switch|p1a: six tails|Ninetales, F, shiny|100/100
|-status|p1a: six tails|psn
|-weather|SunnyDay|[from] ability: Drought|[of] p1a: six tails
|turn|6
|
|t:|1779660057
|switch|p2a: Hippowdon|Hippowdon, F|100/100
|-damage|p2a: Hippowdon|94/100|[from] Stealth Rock
|-weather|Sandstorm|[from] ability: Sand Stream|[of] p2a: Hippowdon
|move|p1a: six tails|Weather Ball|p2a: Hippowdon
|-resisted|p2a: Hippowdon
|-damage|p2a: Hippowdon|82/100
|
|-weather|Sandstorm|[upkeep]
|-damage|p1a: six tails|95/100 psn|[from] Sandstorm
|-damage|p1a: six tails|82/100 psn|[from] psn
|upkeep
|turn|7
|
|t:|1779660067
|switch|p1a: Supa Hot Fire|Moltres|100/100
|move|p2a: Hippowdon|Stealth Rock|p1a: Supa Hot Fire
|-sidestart|p1: Cheesefriezz|move: Stealth Rock
|
|-weather|Sandstorm|[upkeep]
|-damage|p1a: Supa Hot Fire|94/100|[from] Sandstorm
|upkeep
|turn|8
|
|t:|1779660071
|move|p1a: Supa Hot Fire|U-turn|p2a: Hippowdon
|-damage|p2a: Hippowdon|78/100
|
|t:|1779660074
|switch|p1a: six tails|Ninetales, F, shiny|82/100 psn|[from] U-turn
|-damage|p1a: six tails|58/100 psn|[from] Stealth Rock
|-weather|SunnyDay|[from] ability: Drought|[of] p1a: six tails
|move|p2a: Hippowdon|Whirlwind|p1a: six tails
|drag|p1a: Iggy|Kommo-o, M|100/100
|-status|p1a: Iggy|psn
|-damage|p1a: Iggy|94/100 psn|[from] Stealth Rock
|
|-weather|SunnyDay|[upkeep]
|-damage|p1a: Iggy|82/100 psn|[from] psn
|-sideend|p2: Lord Darax|Reflect
|upkeep
|turn|9
|
|t:|1779660094
|switch|p2a: Heatran|Heatran, M|100/100
|-damage|p2a: Heatran|88/100|[from] Stealth Rock
|move|p1a: Iggy|Clangorous Soul|p1a: Iggy
|-boost|p1a: Iggy|atk|1
|-boost|p1a: Iggy|def|1
|-boost|p1a: Iggy|spa|1
|-boost|p1a: Iggy|spd|1
|-boost|p1a: Iggy|spe|1
|-damage|p1a: Iggy|49/100 psn
|-enditem|p1a: Iggy|Throat Spray
|-boost|p1a: Iggy|spa|1|[from] item: Throat Spray
|
|-weather|SunnyDay|[upkeep]
|-damage|p1a: Iggy|37/100 psn|[from] psn
|upkeep
|turn|10
|
|t:|1779660107
|move|p1a: Iggy|Aura Sphere|p2a: Heatran
|-supereffective|p2a: Heatran
|-damage|p2a: Heatran|14/100
|move|p2a: Heatran|Dragon Pulse|p1a: Iggy
|-supereffective|p1a: Iggy
|-damage|p1a: Iggy|0 fnt
|faint|p1a: Iggy
|
|-weather|SunnyDay|[upkeep]
|upkeep
|
|t:|1779660113
|switch|p1a: Supa Hot Fire|Moltres|94/100
|turn|11
|
|t:|1779660119
|move|p1a: Supa Hot Fire|Flamethrower|p2a: Heatran
|-damage|p2a: Heatran|0 fnt
|faint|p2a: Heatran
|
|-weather|SunnyDay|[upkeep]
|upkeep
|
|t:|1779660133
|switch|p2a: Hippowdon|Hippowdon, F|78/100
|-damage|p2a: Hippowdon|72/100|[from] Stealth Rock
|-weather|Sandstorm|[from] ability: Sand Stream|[of] p2a: Hippowdon
|turn|12
|
|t:|1779660142
|switch|p2a: Ogerpon|Ogerpon-Cornerstone, F|100/100
|-damage|p2a: Ogerpon|88/100|[from] Stealth Rock
|move|p1a: Supa Hot Fire|Flamethrower|p2a: Ogerpon
|-damage|p2a: Ogerpon|45/100
|
|-weather|Sandstorm|[upkeep]
|-damage|p1a: Supa Hot Fire|88/100|[from] Sandstorm
|upkeep
|turn|13
|
|t:|1779660148
|move|p2a: Ogerpon|Ivy Cudgel|p1a: Supa Hot Fire|[anim] Ivy Cudgel Rock
|-supereffective|p1a: Supa Hot Fire
|-damage|p1a: Supa Hot Fire|0 fnt
|faint|p1a: Supa Hot Fire
|
|-weather|Sandstorm|[upkeep]
|upkeep
|
|t:|1779660150
|switch|p1a: six tails|Ninetales, F, shiny|58/100 psn
|-damage|p1a: six tails|33/100 psn|[from] Stealth Rock
|-weather|SunnyDay|[from] ability: Drought|[of] p1a: six tails
|turn|14
|
|t:|1779660157
|move|p2a: Ogerpon|Ivy Cudgel|p1a: six tails|[anim] Ivy Cudgel Rock
|-supereffective|p1a: six tails
|-crit|p1a: six tails
|-damage|p1a: six tails|0 fnt
|faint|p1a: six tails
|
|-weather|SunnyDay|[upkeep]
|upkeep
|
|t:|1779660163
|switch|p1a: Melo|Leafeon, M, shiny|100/100
|-status|p1a: Melo|psn
|-damage|p1a: Melo|88/100 psn|[from] Stealth Rock
|turn|15
|
|t:|1779660169
|move|p1a: Melo|X-Scissor|p2a: Ogerpon
|-supereffective|p2a: Ogerpon
|-damage|p2a: Ogerpon|0 fnt
|faint|p2a: Ogerpon
|-damage|p1a: Melo|78/100 psn|[from] item: Life Orb
|
|-weather|SunnyDay|[upkeep]
|-damage|p1a: Melo|66/100 psn|[from] psn
|upkeep
|
|t:|1779660172
|switch|p2a: Hippowdon|Hippowdon, F|72/100
|-damage|p2a: Hippowdon|66/100|[from] Stealth Rock
|-weather|Sandstorm|[from] ability: Sand Stream|[of] p2a: Hippowdon
|turn|16
|
|t:|1779660179
|move|p1a: Melo|Leaf Blade|p2a: Hippowdon
|-supereffective|p2a: Hippowdon
|-damage|p2a: Hippowdon|8/100
|-damage|p1a: Melo|56/100 psn|[from] item: Life Orb
|move|p2a: Hippowdon|Whirlwind|p1a: Melo
|drag|p1a: Ima dive in|Samurott-Hisui, M|100/100
|-status|p1a: Ima dive in|psn
|-damage|p1a: Ima dive in|88/100 psn|[from] Stealth Rock
|
|-weather|Sandstorm|[upkeep]
|-damage|p1a: Ima dive in|82/100 psn|[from] Sandstorm
|-damage|p1a: Ima dive in|69/100 psn|[from] psn
|upkeep
|turn|17
|
|t:|1779660183
|move|p1a: Ima dive in|Razor Shell|p2a: Hippowdon
|-supereffective|p2a: Hippowdon
|-damage|p2a: Hippowdon|0 fnt
|faint|p2a: Hippowdon
|
|-weather|Sandstorm|[upkeep]
|-damage|p1a: Ima dive in|63/100 psn|[from] Sandstorm
|-damage|p1a: Ima dive in|51/100 psn|[from] psn
|upkeep
|
|t:|1779660185
|switch|p2a: Excadrill|Excadrill, M|87/100
|-damage|p2a: Excadrill|84/100|[from] Stealth Rock
|turn|18
|
|t:|1779660199
|-terastallize|p2a: Excadrill|Electric
|move|p2a: Excadrill|Rock Slide|p1a: Ima dive in
|-damage|p1a: Ima dive in|4/100 psn
|-damage|p2a: Excadrill|74/100|[from] item: Life Orb
|cant|p1a: Ima dive in|flinch
|
|-weather|Sandstorm|[upkeep]
|-damage|p1a: Ima dive in|0 fnt|[from] Sandstorm
|faint|p1a: Ima dive in
|upkeep
|
|t:|1779660207
|switch|p1a: Melo|Leafeon, M, shiny|56/100 psn
|-damage|p1a: Melo|43/100 psn|[from] Stealth Rock
|turn|19
|
|t:|1779660216
|-terastallize|p1a: Melo|Grass
|move|p2a: Excadrill|Rock Slide|p1a: Melo
|-damage|p1a: Melo|7/100 psn
|-damage|p2a: Excadrill|64/100|[from] item: Life Orb
|move|p1a: Melo|Leaf Blade|p2a: Excadrill
|-crit|p2a: Excadrill
|-damage|p2a: Excadrill|0 fnt
|faint|p2a: Excadrill
|-damage|p1a: Melo|0 fnt|[from] item: Life Orb
|faint|p1a: Melo
|
|win|Cheesefriezz
|raw|Cheesefriezz's rating: 1111 &rarr; <strong>1134</strong><br />(+23 for winning)
|raw|Lord Darax's rating: 1077 &rarr; <strong>1058</strong><br />(-19 for losing)
|c|☆Lord Darax|GG
|c|☆Cheesefriezz|GG
|l|☆Lord Darax
|player|p2|
|l|☆Cheesefriezz
|player|p1|
