|j|☆zudexc
|j|☆oderio
|t:|1779709191
|gametype|singles
|player|p1|zudexc|1|1130
|player|p2|oderio|aaron|1126
|gen|9
|tier|[Gen 9] OU
|rated|
|rule|HP Percentage Mod: HP is shown in percentages
|rule|Endless Battle Clause: Forcing endless battles is banned
|rule|Species Clause: Limit one of each Pokémon
|rule|OHKO Clause: OHKO moves are banned
|rule|Evasion Items Clause: Evasion items are banned
|rule|Evasion Moves Clause: Evasion moves are banned
|rule|Evasion Abilities Clause: Evasion abilities are banned
|rule|Sleep Moves Clause: Sleep-inducing moves are banned
|clearpoke
|poke|p1|Walking Wake|
|poke|p1|Great Tusk|
|poke|p1|Ninetales, M|
|poke|p1|Cresselia, F|
|poke|p1|Zarude|
|poke|p1|Ceruledge, M|
|poke|p2|Alomomola, F|
|poke|p2|Mienshao, M|
|poke|p2|Slowking-Galar, M|
|poke|p2|Reuniclus, M|
|poke|p2|Slowbro, M|
|poke|p2|Toxapex, M|
|teampreview
|inactive|Battle timer is ON: inactive players will automatically lose when time's up. (requested by oderio)
|
|t:|1779709219
|teamsize|p1|6
|teamsize|p2|6
|start
|switch|p1a: Ninetales|Ninetales, M|100/100
|switch|p2a: Mienshao|Mienshao, M, shiny|100/100
|-weather|SunnyDay|[from] ability: Drought|[of] p1a: Ninetales
|turn|1
|
|t:|1779709225
|move|p2a: Mienshao|Fake Out|p1a: Ninetales
|-damage|p1a: Ninetales|78/100
|-damage|p2a: Mienshao|91/100|[from] item: Life Orb
|cant|p1a: Ninetales|flinch
|
|-weather|SunnyDay|[upkeep]
|upkeep
|turn|2
|
|t:|1779709246
|move|p2a: Mienshao|U-turn|p1a: Ninetales
|-resisted|p1a: Ninetales
|-damage|p1a: Ninetales|58/100
|-damage|p2a: Mienshao|81/100|[from] item: Life Orb
|
|t:|1779709252
|switch|p2a: Toxapex|Toxapex, M|100/100|[from] U-turn
|move|p1a: Ninetales|Will-O-Wisp|p2a: Toxapex
|-status|p2a: Toxapex|brn
|
|-weather|SunnyDay|[upkeep]
|-damage|p2a: Toxapex|94/100 brn|[from] brn
|upkeep
|turn|3
|
|t:|1779709273
|move|p1a: Ninetales|Encore||[still]
|-fail|p1a: Ninetales
|move|p2a: Toxapex|Toxic Spikes|p1a: Ninetales
|-sidestart|p1: zudexc|move: Toxic Spikes
|
|-weather|SunnyDay|[upkeep]
|-heal|p2a: Toxapex|100/100 brn|[from] item: Black Sludge
|-damage|p2a: Toxapex|94/100 brn|[from] brn
|upkeep
|turn|4
|
|t:|1779709279
|switch|p1a: Zarude|Zarude|100/100
|move|p2a: Toxapex|Baneful Bunker||[still]
|-fail|p2a: Toxapex
|
|-weather|SunnyDay|[upkeep]
|-heal|p2a: Toxapex|100/100 brn|[from] item: Black Sludge
|-damage|p2a: Toxapex|94/100 brn|[from] brn
|upkeep
|turn|5
|
|t:|1779709286
|move|p1a: Zarude|Power Whip|p2a: Toxapex
|-damage|p2a: Toxapex|61/100 brn
|move|p2a: Toxapex|Toxic Spikes|p1a: Zarude
|-sidestart|p1: zudexc|move: Toxic Spikes
|
|-weather|SunnyDay|[upkeep]
|-heal|p2a: Toxapex|68/100 brn|[from] item: Black Sludge
|-damage|p2a: Toxapex|61/100 brn|[from] brn
|upkeep
|turn|6
|inactive|zudexc has 120 seconds left.
|
|t:|1779709318
|move|p2a: Toxapex|Baneful Bunker|p2a: Toxapex
|-singleturn|p2a: Toxapex|move: Protect
|move|p1a: Zarude|Swords Dance|p1a: Zarude
|-boost|p1a: Zarude|atk|2
|
|-weather|SunnyDay|[upkeep]
|-heal|p2a: Toxapex|68/100 brn|[from] item: Black Sludge
|-damage|p2a: Toxapex|61/100 brn|[from] brn
|upkeep
|turn|7
|
|t:|1779709325
|switch|p2a: Slowbro|Slowbro, M|100/100
|move|p1a: Zarude|Swords Dance|p1a: Zarude
|-boost|p1a: Zarude|atk|2
|
|-weather|SunnyDay|[upkeep]
|upkeep
|turn|8
|
|t:|1779709342
|move|p1a: Zarude|Power Whip|p2a: Slowbro
|-supereffective|p2a: Slowbro
|-damage|p2a: Slowbro|0 fnt
|-damage|p1a: Zarude|84/100|[from] item: Rocky Helmet|[of] p2a: Slowbro
|faint|p2a: Slowbro
|
|-weather|none
|-heal|p1a: Zarude|90/100|[from] item: Leftovers
|upkeep
|
|t:|1779709347
|switch|p2a: Mienshao|Mienshao, M, shiny|100/100
|turn|9
|
|t:|1779709365
|move|p2a: Mienshao|Fake Out|p1a: Zarude
|-damage|p1a: Zarude|73/100
|-damage|p2a: Mienshao|91/100|[from] item: Life Orb
|cant|p1a: Zarude|flinch
|
|-heal|p1a: Zarude|79/100|[from] item: Leftovers
|upkeep
|turn|10
|
|t:|1779709369
|move|p2a: Mienshao|U-turn|p1a: Zarude
|-supereffective|p1a: Zarude
|-damage|p1a: Zarude|0 fnt
|faint|p1a: Zarude
|-damage|p2a: Mienshao|81/100|[from] item: Life Orb
|
|t:|1779709374
|switch|p2a: Alomomola|Alomomola, F, shiny|100/100|[from] U-turn
|
|upkeep
|
|t:|1779709392
|switch|p1a: Walking Wake|Walking Wake|100/100
|-status|p1a: Walking Wake|tox
|turn|11
|
|t:|1779709399
|move|p1a: Walking Wake|Draco Meteor|p2a: Alomomola
|-damage|p2a: Alomomola|18/100
|-unboost|p1a: Walking Wake|spa|2
|move|p2a: Alomomola|Flip Turn|p1a: Walking Wake
|-resisted|p1a: Walking Wake
|-damage|p1a: Walking Wake|97/100 tox
|
|t:|1779709404
|switch|p2a: Slowking|Slowking-Galar, M|100/100|[from] Flip Turn
|
|-damage|p1a: Walking Wake|91/100 tox|[from] psn
|upkeep
|turn|12
|
|t:|1779709415
|-end|p1a: Walking Wake|Protosynthesis|[silent]
|switch|p1a: Ninetales|Ninetales, M|58/100
|-status|p1a: Ninetales|tox
|-weather|SunnyDay|[from] ability: Drought|[of] p1a: Ninetales
|move|p2a: Slowking|Future Sight|p1a: Ninetales
|-start|p2a: Slowking|move: Future Sight
|
|-weather|SunnyDay|[upkeep]
|-damage|p1a: Ninetales|52/100 tox|[from] psn
|upkeep
|turn|13
|
|t:|1779709423
|switch|p2a: Alomomola|Alomomola, F, shiny|52/100
|move|p1a: Ninetales|Will-O-Wisp|p2a: Alomomola|[miss]
|-miss|p1a: Ninetales|p2a: Alomomola
|
|-weather|SunnyDay|[upkeep]
|-heal|p2a: Alomomola|58/100|[from] item: Leftovers
|-damage|p1a: Ninetales|40/100 tox|[from] psn
|upkeep
|turn|14
|
|t:|1779709433
|move|p2a: Alomomola|Protect|p2a: Alomomola
|-singleturn|p2a: Alomomola|Protect
|move|p1a: Ninetales|Will-O-Wisp|p2a: Alomomola
|-activate|p2a: Alomomola|move: Protect
|
|-weather|SunnyDay|[upkeep]
|-end|p1a: Ninetales|move: Future Sight
|-damage|p1a: Ninetales|0 fnt
|faint|p1a: Ninetales
|-heal|p2a: Alomomola|64/100|[from] item: Leftovers
|upkeep
|
|t:|1779709437
|switch|p1a: Walking Wake|Walking Wake|91/100 tox
|-activate|p1a: Walking Wake|ability: Protosynthesis
|-start|p1a: Walking Wake|protosynthesisspe
|turn|15
|
|t:|1779709443
|switch|p2a: Slowking|Slowking-Galar, M|100/100
|move|p1a: Walking Wake|Draco Meteor|p2a: Slowking
|-damage|p2a: Slowking|43/100
|-unboost|p1a: Walking Wake|spa|2
|
|-weather|SunnyDay|[upkeep]
|-heal|p2a: Slowking|49/100|[from] item: Black Sludge
|-damage|p1a: Walking Wake|84/100 tox|[from] psn
|upkeep
|turn|16
|
|t:|1779709452
|switch|p2a: Reuniclus|Reuniclus, M|100/100
|move|p1a: Walking Wake|Dragon Tail|p2a: Reuniclus
|-damage|p2a: Reuniclus|84/100
|drag|p2a: Mienshao|Mienshao, M, shiny|100/100
|
|-weather|SunnyDay|[upkeep]
|-damage|p1a: Walking Wake|72/100 tox|[from] psn
|upkeep
|turn|17
|
|t:|1779709479
|move|p2a: Mienshao|Fake Out|p1a: Walking Wake
|-damage|p1a: Walking Wake|51/100 tox
|-damage|p2a: Mienshao|91/100|[from] item: Life Orb
|cant|p1a: Walking Wake|flinch
|
|-weather|SunnyDay|[upkeep]
|-damage|p1a: Walking Wake|33/100 tox|[from] psn
|upkeep
|turn|18
|
|t:|1779709492
|switch|p2a: Alomomola|Alomomola, F, shiny|97/100
|move|p1a: Walking Wake|Hydro Steam|p2a: Alomomola
|-resisted|p2a: Alomomola
|-damage|p2a: Alomomola|77/100
|
|-weather|SunnyDay|[upkeep]
|-heal|p2a: Alomomola|83/100|[from] item: Leftovers
|-damage|p1a: Walking Wake|8/100 tox|[from] psn
|upkeep
|turn|19
|
|t:|1779709498
|-end|p1a: Walking Wake|Protosynthesis|[silent]
|switch|p1a: Great Tusk|Great Tusk|100/100
|-status|p1a: Great Tusk|tox
|-activate|p1a: Great Tusk|ability: Protosynthesis
|-start|p1a: Great Tusk|protosynthesisatk
|move|p2a: Alomomola|Wish|p2a: Alomomola
|
|-weather|none
|-end|p1a: Great Tusk|Protosynthesis
|-heal|p2a: Alomomola|89/100|[from] item: Leftovers
|-damage|p1a: Great Tusk|94/100 tox|[from] psn
|upkeep
|turn|20
|
|t:|1779709505
|move|p1a: Great Tusk|Close Combat|p2a: Alomomola
|-damage|p2a: Alomomola|53/100
|-unboost|p1a: Great Tusk|def|1
|-unboost|p1a: Great Tusk|spd|1
|move|p2a: Alomomola|Scald|p1a: Great Tusk
|-supereffective|p1a: Great Tusk
|-damage|p1a: Great Tusk|55/100 tox
|
|-heal|p2a: Alomomola|100/100|[from] move: Wish|[wisher] Alomomola
|-damage|p1a: Great Tusk|43/100 tox|[from] psn
|upkeep
|turn|21
|
|t:|1779709512
|move|p1a: Great Tusk|Headlong Rush|p2a: Alomomola
|-damage|p2a: Alomomola|65/100
|-unboost|p1a: Great Tusk|def|1
|-unboost|p1a: Great Tusk|spd|1
|move|p2a: Alomomola|Flip Turn|p1a: Great Tusk
|-supereffective|p1a: Great Tusk
|-damage|p1a: Great Tusk|5/100 tox
|
|t:|1779709516
|switch|p2a: Mienshao|Mienshao, M, shiny|100/100|[from] Flip Turn
|
|-damage|p1a: Great Tusk|0 fnt|[from] psn
|faint|p1a: Great Tusk
|-end|p1a: Great Tusk|Protosynthesis|[silent]
|upkeep
|
|t:|1779709520
|switch|p1a: Ceruledge|Ceruledge, M|100/100
|-status|p1a: Ceruledge|tox
|turn|22
|
|t:|1779709526
|move|p2a: Mienshao|Knock Off|p1a: Ceruledge
|-supereffective|p1a: Ceruledge
|-enditem|p1a: Ceruledge|Focus Sash
|-damage|p1a: Ceruledge|1/100 tox
|-ability|p1a: Ceruledge|Weak Armor|boost
|-unboost|p1a: Ceruledge|def|1
|-boost|p1a: Ceruledge|spe|2
|-damage|p2a: Mienshao|91/100|[from] item: Life Orb
|move|p1a: Ceruledge|Poltergeist|p2a: Mienshao|[miss]
|-miss|p1a: Ceruledge|p2a: Mienshao
|
|-damage|p1a: Ceruledge|0 fnt|[from] psn
|faint|p1a: Ceruledge
|upkeep
|
|t:|1779709529
|switch|p1a: Cresselia|Cresselia, F|100/100
|turn|23
|
|t:|1779709533
|move|p2a: Mienshao|U-turn|p1a: Cresselia
|-supereffective|p1a: Cresselia
|-damage|p1a: Cresselia|64/100
|-enditem|p1a: Cresselia|Eject Button
|-damage|p2a: Mienshao|81/100|[from] item: Life Orb
|
|t:|1779709550
|switch|p1a: Walking Wake|Walking Wake|8/100 tox
|
|-damage|p1a: Walking Wake|2/100 tox|[from] psn
|upkeep
|turn|24
|
|t:|1779709558
|switch|p2a: Toxapex|Toxapex, M|95/100 brn
|move|p1a: Walking Wake|Draco Meteor|p2a: Toxapex
|-damage|p2a: Toxapex|37/100 brn
|-unboost|p1a: Walking Wake|spa|2
|
|-heal|p2a: Toxapex|43/100 brn|[from] item: Black Sludge
|-damage|p1a: Walking Wake|0 fnt|[from] psn
|faint|p1a: Walking Wake
|-end|p1a: Walking Wake|Protosynthesis|[silent]
|-damage|p2a: Toxapex|37/100 brn|[from] brn
|upkeep
|
|t:|1779709565
|switch|p1a: Cresselia|Cresselia, F|64/100
|turn|25
|
|t:|1779709572
|switch|p2a: Reuniclus|Reuniclus, M|100/100
|move|p1a: Cresselia|Moonlight|p1a: Cresselia
|-heal|p1a: Cresselia|100/100
|
|upkeep
|turn|26
|
|t:|1779709576
|move|p1a: Cresselia|Thunder Wave|p2a: Reuniclus|[miss]
|-miss|p1a: Cresselia|p2a: Reuniclus
|move|p2a: Reuniclus|Shadow Ball|p1a: Cresselia
|-supereffective|p1a: Cresselia
|-damage|p1a: Cresselia|66/100
|
|upkeep
|turn|27
|
|t:|1779709580
|move|p1a: Cresselia|Moonlight|p1a: Cresselia
|-heal|p1a: Cresselia|100/100
|move|p2a: Reuniclus|Trick Room|p2a: Reuniclus
|-fieldstart|move: Trick Room|[of] p2a: Reuniclus
|
|upkeep
|turn|28
|
|t:|1779709583
|move|p2a: Reuniclus|Shadow Ball|p1a: Cresselia
|-supereffective|p1a: Cresselia
|-damage|p1a: Cresselia|69/100
|move|p1a: Cresselia|Thunder Wave|p2a: Reuniclus
|-status|p2a: Reuniclus|par
|
|upkeep
|turn|29
|
|t:|1779709588
|cant|p2a: Reuniclus|par
|move|p1a: Cresselia|Moonlight|p1a: Cresselia
|-heal|p1a: Cresselia|100/100
|
|upkeep
|turn|30
|
|t:|1779709590
|move|p2a: Reuniclus|Shadow Ball|p1a: Cresselia
|-supereffective|p1a: Cresselia
|-crit|p1a: Cresselia
|-damage|p1a: Cresselia|45/100
|move|p1a: Cresselia|Psychic|p2a: Reuniclus
|-resisted|p2a: Reuniclus
|-damage|p2a: Reuniclus|89/100 par
|
|-heal|p2a: Reuniclus|95/100 par|[from] item: Leftovers
|upkeep
|turn|31
|
|t:|1779709597
|move|p2a: Reuniclus|Shadow Ball|p1a: Cresselia
|-supereffective|p1a: Cresselia
|-damage|p1a: Cresselia|10/100
|move|p1a: Cresselia|Moonlight|p1a: Cresselia
|-heal|p1a: Cresselia|60/100
|
|-heal|p2a: Reuniclus|100/100 par|[from] item: Leftovers
|-fieldend|move: Trick Room
|upkeep
|turn|32
|
|t:|1779709601
|move|p1a: Cresselia|Moonlight|p1a: Cresselia
|-heal|p1a: Cresselia|100/100
|move|p2a: Reuniclus|Shadow Ball|p1a: Cresselia
|-supereffective|p1a: Cresselia
|-damage|p1a: Cresselia|68/100
|-unboost|p1a: Cresselia|spd|1
|
|upkeep
|turn|33
|
|t:|1779709604
|move|p1a: Cresselia|Psychic|p2a: Reuniclus
|-resisted|p2a: Reuniclus
|-damage|p2a: Reuniclus|90/100 par
|move|p2a: Reuniclus|Shadow Ball|p1a: Cresselia
|-supereffective|p1a: Cresselia
|-damage|p1a: Cresselia|17/100
|
|-heal|p2a: Reuniclus|96/100 par|[from] item: Leftovers
|upkeep
|turn|34
|
|t:|1779709609
|-terastallize|p1a: Cresselia|Ghost
|move|p1a: Cresselia|Psychic|p2a: Reuniclus
|-resisted|p2a: Reuniclus
|-damage|p2a: Reuniclus|84/100 par
|move|p2a: Reuniclus|Shadow Ball|p1a: Cresselia
|-supereffective|p1a: Cresselia
|-damage|p1a: Cresselia|0 fnt
|faint|p1a: Cresselia
|
|win|oderio
|raw|zudexc's rating: 1130 &rarr; <strong>1105</strong><br />(-25 for losing)
|raw|oderio's rating: 1126 &rarr; <strong>1151</strong><br />(+25 for winning)
|l|☆oderio
|player|p2|
