|j|☆slitherwing ily ><
|j|☆Auburn Hills
|t:|1779712608
|gametype|singles
|player|p1|slitherwing ily ><|iono-masters|1743
|player|p2|Auburn Hills|alder|1781
|gen|9
|tier|[Gen 9] OU
|rated|
|rule|HP Percentage Mod: HP is shown in percentages
|rule|Endless Battle Clause: Forcing endless battles is banned
|rule|Species Clause: Limit one of each Pokémon
|rule|OHKO Clause: OHKO moves are banned
|rule|Evasion Items Clause: Evasion items are banned
|rule|Evasion Moves Clause: Evasion moves are banned
|rule|Evasion Abilities Clause: Evasion abilities are banned
|rule|Sleep Moves Clause: Sleep-inducing moves are banned
|clearpoke
|poke|p1|Iron Jugulis|
|poke|p1|Deoxys-Speed|
|poke|p1|Ogerpon-Wellspring, F|
|poke|p1|Ceruledge, F|
|poke|p1|Glimmora, F|
|poke|p1|Kommo-o, M|
|poke|p2|Iron Moth|
|poke|p2|Umbreon, M|
|poke|p2|Garchomp, M|
|poke|p2|Glimmora, M|
|poke|p2|Gholdengo|
|poke|p2|Dragonite, F|
|teampreview
|c|☆slitherwing ily ><|hf
|
|t:|1779712641
|teamsize|p1|6
|teamsize|p2|6
|start
|switch|p1a: Deoxys|Deoxys-Speed|100/100
|switch|p2a: Elucid|Dragonite, F|100/100
|-ability|p1a: Deoxys|Pressure
|turn|1
|
|t:|1779712649
|move|p1a: Deoxys|Taunt|p2a: Elucid
|-start|p2a: Elucid|move: Taunt
|move|p2a: Elucid|Earthquake|p1a: Deoxys
|-damage|p1a: Deoxys|53/100
|
|upkeep
|turn|2
|
|t:|1779712653
|move|p1a: Deoxys|Reflect|p1a: Deoxys
|-sidestart|p1: slitherwing ily ><|Reflect
|move|p2a: Elucid|Earthquake|p1a: Deoxys
|-damage|p1a: Deoxys|29/100
|
|upkeep
|turn|3
|
|t:|1779712658
|move|p1a: Deoxys|Stealth Rock|p2a: Elucid
|-sidestart|p2: Auburn Hills|move: Stealth Rock
|move|p2a: Elucid|Earthquake|p1a: Deoxys
|-damage|p1a: Deoxys|6/100
|
|-end|p2a: Elucid|move: Taunt
|upkeep
|turn|4
|
|t:|1779712663
|switch|p1a: Glimmora|Glimmora, F|100/100
|move|p2a: Elucid|Extreme Speed|p1a: Glimmora
|-resisted|p1a: Glimmora
|-damage|p1a: Glimmora|92/100
|-activate|p1a: Glimmora|ability: Toxic Debris
|-sidestart|p2: Auburn Hills|move: Toxic Spikes
|
|upkeep
|turn|5
|
|t:|1779712666
|move|p1a: Glimmora|Meteor Beam||[still]
|-prepare|p1a: Glimmora|Meteor Beam
|-boost|p1a: Glimmora|spa|1
|-enditem|p1a: Glimmora|Power Herb
|-anim|p1a: Glimmora|Meteor Beam|p2a: Elucid|[miss]
|-miss|p1a: Glimmora|p2a: Elucid
|move|p2a: Elucid|Earthquake|p1a: Glimmora
|-supereffective|p1a: Glimmora
|-damage|p1a: Glimmora|0 fnt
|-activate|p1a: Glimmora|ability: Toxic Debris
|-sidestart|p2: Auburn Hills|move: Toxic Spikes
|faint|p1a: Glimmora
|
|upkeep
|c|☆slitherwing ily ><|damn
|
|t:|1779712674
|switch|p1a: Kommo-o|Kommo-o, M|100/100
|turn|6
|
|t:|1779712677
|move|p1a: Kommo-o|Clangorous Soul|p1a: Kommo-o
|-boost|p1a: Kommo-o|atk|1
|-boost|p1a: Kommo-o|def|1
|-boost|p1a: Kommo-o|spa|1
|-boost|p1a: Kommo-o|spd|1
|-boost|p1a: Kommo-o|spe|1
|-damage|p1a: Kommo-o|68/100
|move|p2a: Elucid|Dragon Dance|p2a: Elucid
|-boost|p2a: Elucid|atk|1
|-boost|p2a: Elucid|spe|1
|
|-heal|p1a: Kommo-o|74/100|[from] item: Leftovers
|upkeep
|turn|7
|
|t:|1779712681
|move|p1a: Kommo-o|Clangorous Soul|p1a: Kommo-o
|-boost|p1a: Kommo-o|atk|1
|-boost|p1a: Kommo-o|def|1
|-boost|p1a: Kommo-o|spa|1
|-boost|p1a: Kommo-o|spd|1
|-boost|p1a: Kommo-o|spe|1
|-damage|p1a: Kommo-o|41/100
|move|p2a: Elucid|Ice Spinner|p1a: Kommo-o
|-supereffective|p1a: Kommo-o
|-damage|p1a: Kommo-o|22/100
|
|-heal|p1a: Kommo-o|28/100|[from] item: Leftovers
|upkeep
|turn|8
|
|t:|1779712686
|move|p1a: Kommo-o|Drain Punch|p2a: Elucid
|-resisted|p2a: Elucid
|-crit|p2a: Elucid
|-damage|p2a: Elucid|76/100
|-heal|p1a: Kommo-o|39/100|[from] drain|[of] p2a: Elucid
|move|p2a: Elucid|Ice Spinner|p1a: Kommo-o
|-supereffective|p1a: Kommo-o
|-damage|p1a: Kommo-o|19/100
|
|-heal|p1a: Kommo-o|26/100|[from] item: Leftovers
|upkeep
|turn|9
|
|t:|1779712694
|move|p1a: Kommo-o|Drain Punch|p2a: Elucid
|-resisted|p2a: Elucid
|-damage|p2a: Elucid|44/100
|-heal|p1a: Kommo-o|40/100|[from] drain|[of] p2a: Elucid
|move|p2a: Elucid|Ice Spinner|p1a: Kommo-o
|-supereffective|p1a: Kommo-o
|-damage|p1a: Kommo-o|22/100
|
|-heal|p1a: Kommo-o|28/100|[from] item: Leftovers
|-sideend|p1: slitherwing ily ><|Reflect
|upkeep
|turn|10
|
|t:|1779712711
|-terastallize|p1a: Kommo-o|Ghost
|move|p1a: Kommo-o|Shadow Claw|p2a: Elucid
|-crit|p2a: Elucid
|-damage|p2a: Elucid|0 fnt
|faint|p2a: Elucid
|
|-heal|p1a: Kommo-o|34/100|[from] item: Leftovers
|upkeep
|
|t:|1779712718
|switch|p2a: Julia Jacklin|Glimmora, M|100/100
|-damage|p2a: Julia Jacklin|88/100|[from] Stealth Rock
|-sideend|p2: Auburn Hills|move: Toxic Spikes|[of] p2a: Julia Jacklin
|turn|11
|
|t:|1779712728
|-terastallize|p2a: Julia Jacklin|Ghost
|move|p1a: Kommo-o|Drain Punch|p2a: Julia Jacklin
|-immune|p2a: Julia Jacklin
|move|p2a: Julia Jacklin|Mortal Spin|p1a: Kommo-o
|-resisted|p1a: Kommo-o
|-damage|p1a: Kommo-o|33/100
|-status|p1a: Kommo-o|psn
|-sideend|p2: Auburn Hills|Stealth Rock|[from] move: Mortal Spin|[of] p2a: Julia Jacklin
|
|-heal|p1a: Kommo-o|40/100 psn|[from] item: Leftovers
|-damage|p1a: Kommo-o|27/100 psn|[from] psn
|upkeep
|turn|12
|
|t:|1779712732
|switch|p2a: Alvvays|Umbreon, M|100/100
|move|p1a: Kommo-o|Shadow Claw|p2a: Alvvays
|-resisted|p2a: Alvvays
|-damage|p2a: Alvvays|81/100
|
|-heal|p1a: Kommo-o|33/100 psn|[from] item: Leftovers
|-heal|p2a: Alvvays|87/100|[from] item: Leftovers
|-damage|p1a: Kommo-o|21/100 psn|[from] psn
|upkeep
|turn|13
|
|t:|1779712736
|move|p2a: Alvvays|Protect|p2a: Alvvays
|-singleturn|p2a: Alvvays|Protect
|move|p1a: Kommo-o|Shadow Claw|p2a: Alvvays
|-activate|p2a: Alvvays|move: Protect
|
|-heal|p1a: Kommo-o|27/100 psn|[from] item: Leftovers
|-heal|p2a: Alvvays|93/100|[from] item: Leftovers
|-damage|p1a: Kommo-o|15/100 psn|[from] psn
|upkeep
|turn|14
|
|t:|1779712739
|switch|p2a: Julia Jacklin|Glimmora, M, tera:Ghost|88/100
|move|p1a: Kommo-o|Shadow Claw|p2a: Julia Jacklin
|-supereffective|p2a: Julia Jacklin
|-damage|p2a: Julia Jacklin|0 fnt
|-activate|p2a: Julia Jacklin|ability: Toxic Debris
|-sidestart|p1: slitherwing ily ><|move: Toxic Spikes
|faint|p2a: Julia Jacklin
|
|-heal|p1a: Kommo-o|21/100 psn|[from] item: Leftovers
|-damage|p1a: Kommo-o|8/100 psn|[from] psn
|upkeep
|
|t:|1779712741
|switch|p2a: Alvvays|Umbreon, M|93/100
|turn|15
|
|t:|1779712743
|move|p2a: Alvvays|Protect|p2a: Alvvays
|-singleturn|p2a: Alvvays|Protect
|move|p1a: Kommo-o|Drain Punch|p2a: Alvvays
|-activate|p2a: Alvvays|move: Protect
|
|-heal|p1a: Kommo-o|15/100 psn|[from] item: Leftovers
|-heal|p2a: Alvvays|99/100|[from] item: Leftovers
|-damage|p1a: Kommo-o|2/100 psn|[from] psn
|upkeep
|turn|16
|
|t:|1779712749
|switch|p2a: Smino|Gholdengo|100/100
|move|p1a: Kommo-o|Shadow Claw|p2a: Smino
|-supereffective|p2a: Smino
|-damage|p2a: Smino|0 fnt
|faint|p2a: Smino
|
|-heal|p1a: Kommo-o|8/100 psn|[from] item: Leftovers
|-damage|p1a: Kommo-o|0 fnt|[from] psn
|faint|p1a: Kommo-o
|upkeep
|
|t:|1779712770
|switch|p1a: Iron Jugulis|Iron Jugulis|100/100
|switch|p2a: Carly Rae|Iron Moth|100/100
|-enditem|p2a: Carly Rae|Booster Energy
|-activate|p2a: Carly Rae|ability: Quark Drive|[fromitem]
|-start|p2a: Carly Rae|quarkdrivespe
|-enditem|p1a: Iron Jugulis|Booster Energy
|-activate|p1a: Iron Jugulis|ability: Quark Drive|[fromitem]
|-start|p1a: Iron Jugulis|quarkdrivespe
|turn|17
|
|t:|1779712773
|move|p2a: Carly Rae|Discharge|p1a: Iron Jugulis
|-supereffective|p1a: Iron Jugulis
|-damage|p1a: Iron Jugulis|22/100
|move|p1a: Iron Jugulis|Earth Power|p2a: Carly Rae
|-supereffective|p2a: Carly Rae
|-damage|p2a: Carly Rae|0 fnt
|faint|p2a: Carly Rae
|-end|p2a: Carly Rae|Quark Drive|[silent]
|
|upkeep
|
|t:|1779712777
|switch|p2a: Alvvays|Umbreon, M|99/100
|turn|18
|
|t:|1779712780
|move|p1a: Iron Jugulis|Hurricane|p2a: Alvvays|[miss]
|-miss|p1a: Iron Jugulis|p2a: Alvvays
|move|p2a: Alvvays|Foul Play|p1a: Iron Jugulis
|-resisted|p1a: Iron Jugulis
|-damage|p1a: Iron Jugulis|7/100
|
|-heal|p2a: Alvvays|100/100|[from] item: Leftovers
|upkeep
|turn|19
|
|t:|1779712782
|move|p1a: Iron Jugulis|Knock Off|p2a: Alvvays
|-resisted|p2a: Alvvays
|-damage|p2a: Alvvays|90/100
|-enditem|p2a: Alvvays|Leftovers|[from] move: Knock Off|[of] p1a: Iron Jugulis
|move|p2a: Alvvays|Thunder Wave|p1a: Iron Jugulis|[miss]
|-miss|p2a: Alvvays|p1a: Iron Jugulis
|
|upkeep
|turn|20
|
|t:|1779712786
|move|p1a: Iron Jugulis|Hurricane|p2a: Alvvays
|-damage|p2a: Alvvays|60/100
|move|p2a: Alvvays|Wish|p2a: Alvvays
|
|upkeep
|turn|21
|
|t:|1779712792
|move|p1a: Iron Jugulis|Hurricane|p2a: Alvvays
|-damage|p2a: Alvvays|33/100
|-start|p2a: Alvvays|confusion
|-activate|p2a: Alvvays|confusion
|move|p2a: Alvvays|Thunder Wave|p1a: Iron Jugulis
|-status|p1a: Iron Jugulis|par
|
|-heal|p2a: Alvvays|83/100|[from] move: Wish|[wisher] Alvvays
|upkeep
|turn|22
|
|t:|1779712796
|move|p1a: Iron Jugulis|Taunt|p2a: Alvvays
|-start|p2a: Alvvays|move: Taunt
|cant|p2a: Alvvays|move: Taunt|Wish
|
|upkeep
|turn|23
|
|t:|1779712799
|move|p1a: Iron Jugulis|Hurricane|p2a: Alvvays
|-damage|p2a: Alvvays|56/100
|-end|p2a: Alvvays|confusion
|move|p2a: Alvvays|Foul Play|p1a: Iron Jugulis
|-resisted|p1a: Iron Jugulis
|-damage|p1a: Iron Jugulis|0 fnt
|faint|p1a: Iron Jugulis
|-end|p1a: Iron Jugulis|Quark Drive|[silent]
|
|upkeep
|
|t:|1779712803
|switch|p1a: Deoxys|Deoxys-Speed|6/100
|-status|p1a: Deoxys|psn
|-ability|p1a: Deoxys|Pressure
|turn|24
|
|t:|1779712806
|move|p1a: Deoxys|Reflect|p1a: Deoxys
|-sidestart|p1: slitherwing ily ><|Reflect
|move|p2a: Alvvays|Foul Play|p1a: Deoxys
|-supereffective|p1a: Deoxys
|-damage|p1a: Deoxys|0 fnt
|faint|p1a: Deoxys
|
|-end|p2a: Alvvays|move: Taunt
|upkeep
|j| yuureisuisei
|
|t:|1779712815
|switch|p1a: Ogerpon|Ogerpon-Wellspring, F|100/100
|-status|p1a: Ogerpon|psn
|turn|25
|
|t:|1779712823
|move|p1a: Ogerpon|Swords Dance|p1a: Ogerpon
|-boost|p1a: Ogerpon|atk|2
|move|p2a: Alvvays|Foul Play|p1a: Ogerpon
|-damage|p1a: Ogerpon|38/100 psn
|
|-damage|p1a: Ogerpon|25/100 psn|[from] psn
|upkeep
|turn|26
|
|t:|1779712827
|move|p2a: Alvvays|Protect|p2a: Alvvays
|-singleturn|p2a: Alvvays|Protect
|move|p1a: Ogerpon|Horn Leech|p2a: Alvvays
|-activate|p2a: Alvvays|move: Protect
|
|-damage|p1a: Ogerpon|13/100 psn|[from] psn
|upkeep
|turn|27
|
|t:|1779712835
|move|p2a: Alvvays|Protect|p2a: Alvvays
|-singleturn|p2a: Alvvays|Protect
|move|p1a: Ogerpon|Horn Leech|p2a: Alvvays
|-activate|p2a: Alvvays|move: Protect
|
|-damage|p1a: Ogerpon|1/100 psn|[from] psn
|upkeep
|turn|28
|
|t:|1779712839
|move|p2a: Alvvays|Protect||[still]
|-fail|p2a: Alvvays
|move|p1a: Ogerpon|Horn Leech|p2a: Alvvays
|-damage|p2a: Alvvays|0 fnt
|-heal|p1a: Ogerpon|37/100 psn|[from] drain|[of] p2a: Alvvays
|faint|p2a: Alvvays
|
|-damage|p1a: Ogerpon|25/100 psn|[from] psn
|upkeep
|
|t:|1779712840
|switch|p2a: Rat Tally|Garchomp, M|100/100
|turn|29
|
|t:|1779712845
|move|p1a: Ogerpon|Ivy Cudgel|p2a: Rat Tally|[anim] Ivy Cudgel Water
|-damage|p2a: Rat Tally|0 fnt
|faint|p2a: Rat Tally
|
|win|slitherwing ily ><
|raw|slitherwing ily &gt;&lt;'s rating: 1743 &rarr; <strong>1765</strong><br />(+22 for winning)
|raw|Auburn Hills's rating: 1781 &rarr; <strong>1759</strong><br />(-22 for losing)
|l|☆Auburn Hills
|player|p2|
|c|☆slitherwing ily ><|gg
|l|☆slitherwing ily ><
|player|p1|
|l| yuureisuisei
