|j|☆fenixkarde
|j|☆wwwwowow
|t:|1779582266
|gametype|singles
|player|p1|fenixkarde|2|1168
|player|p2|wwwwowow|karen|1111
|gen|9
|tier|[Gen 9] OU
|rated|
|rule|HP Percentage Mod: HP is shown in percentages
|rule|Endless Battle Clause: Forcing endless battles is banned
|rule|Species Clause: Limit one of each Pokémon
|rule|OHKO Clause: OHKO moves are banned
|rule|Evasion Items Clause: Evasion items are banned
|rule|Evasion Moves Clause: Evasion moves are banned
|rule|Evasion Abilities Clause: Evasion abilities are banned
|rule|Sleep Moves Clause: Sleep-inducing moves are banned
|clearpoke
|poke|p1|Pikachu-Sinnoh, M|
|poke|p1|Charizard, M|
|poke|p1|Sceptile, M|
|poke|p1|Infernape, M|
|poke|p1|Krookodile, M|
|poke|p1|Greninja-*, M|
|poke|p2|Chandelure, F|
|poke|p2|Chesnaught, F|
|poke|p2|Drifblim, M|
|poke|p2|Fezandipiti, M|
|poke|p2|Enamorus-Therian, F|
|poke|p2|Incineroar, F|
|teampreview
|
|t:|1779582289
|teamsize|p1|6
|teamsize|p2|6
|start
|switch|p1a: Infernape|Infernape, M, shiny|100/100
|switch|p2a: Incineroar|Incineroar, F|100/100
|-item|p1a: Infernape|Air Balloon
|-ability|p2a: Incineroar|Intimidate|boost
|-unboost|p1a: Infernape|atk|1
|turn|1
|
|t:|1779582307
|switch|p2a: Chandelure|Chandelure, F|100/100
|move|p1a: Infernape|Fake Out|p2a: Chandelure
|-immune|p2a: Chandelure
|
|upkeep
|turn|2
|
|t:|1779582320
|switch|p1a: Greninja|Greninja, M|100/100
|move|p2a: Chandelure|Will-O-Wisp|p1a: Greninja
|-status|p1a: Greninja|brn
|
|-damage|p1a: Greninja|94/100 brn|[from] brn
|upkeep
|turn|3
|inactive|Battle timer is ON: inactive players will automatically lose when time's up. (requested by fenixkarde)
|
|t:|1779582331
|switch|p2a: Fezandipiti|Fezandipiti, M|100/100
|move|p1a: Greninja|Dark Pulse|p2a: Fezandipiti
|-resisted|p2a: Fezandipiti
|-damage|p2a: Fezandipiti|81/100
|-damage|p1a: Greninja|84/100 brn|[from] item: Life Orb
|
|-heal|p2a: Fezandipiti|87/100|[from] item: Leftovers
|-damage|p1a: Greninja|78/100 brn|[from] brn
|upkeep
|turn|4
|
|t:|1779582350
|move|p2a: Fezandipiti|Moonblast|p1a: Greninja
|-supereffective|p1a: Greninja
|-damage|p1a: Greninja|0 fnt
|faint|p1a: Greninja
|
|-heal|p2a: Fezandipiti|93/100|[from] item: Leftovers
|upkeep
|
|t:|1779582360
|switch|p1a: Infernape|Infernape, M, shiny|100/100
|-item|p1a: Infernape|Air Balloon
|turn|5
|
|t:|1779582365
|switch|p2a: Chandelure|Chandelure, F|100/100
|move|p1a: Infernape|Fake Out|p2a: Chandelure
|-immune|p2a: Chandelure
|
|upkeep
|turn|6
|
|t:|1779582371
|move|p1a: Infernape|Stone Edge|p2a: Chandelure
|-supereffective|p2a: Chandelure
|-crit|p2a: Chandelure
|-damage|p2a: Chandelure|0 fnt
|faint|p2a: Chandelure
|
|upkeep
|
|t:|1779582387
|switch|p2a: Enamorus|Enamorus-Therian, F|100/100
|turn|7
|
|t:|1779582401
|-terastallize|p1a: Infernape|Rock
|move|p1a: Infernape|Stone Edge|p2a: Enamorus
|-supereffective|p2a: Enamorus
|-damage|p2a: Enamorus|28/100
|move|p2a: Enamorus|Moonblast|p1a: Infernape
|-damage|p1a: Infernape|0 fnt
|-enditem|p1a: Infernape|Air Balloon
|faint|p1a: Infernape
|
|upkeep
|
|t:|1779582407
|switch|p1a: Pikachu|Pikachu-Sinnoh, M|100/100
|turn|8
|
|t:|1779582412
|switch|p2a: Chesnaught|Chesnaught, F|100/100
|move|p1a: Pikachu|Wild Charge|p2a: Chesnaught
|-resisted|p2a: Chesnaught
|-damage|p2a: Chesnaught|80/100
|-damage|p1a: Pikachu|92/100|[from] Recoil
|
|-heal|p2a: Chesnaught|86/100|[from] item: Leftovers
|upkeep
|turn|9
|
|t:|1779582442
|move|p1a: Pikachu|Play Rough|p2a: Chesnaught
|-supereffective|p2a: Chesnaught
|-crit|p2a: Chesnaught
|-damage|p2a: Chesnaught|3/100
|move|p2a: Chesnaught|Leech Seed|p1a: Pikachu
|-start|p1a: Pikachu|move: Leech Seed
|
|-heal|p2a: Chesnaught|9/100|[from] item: Leftovers
|-damage|p1a: Pikachu|80/100|[from] Leech Seed|[of] p2a: Chesnaught
|-heal|p2a: Chesnaught|16/100|[silent]
|upkeep
|turn|10
|
|t:|1779582463
|move|p1a: Pikachu|Play Rough|p2a: Chesnaught
|-supereffective|p2a: Chesnaught
|-damage|p2a: Chesnaught|0 fnt
|faint|p2a: Chesnaught
|
|upkeep
|
|t:|1779582472
|switch|p2a: Incineroar|Incineroar, F|100/100
|-ability|p2a: Incineroar|Intimidate|boost
|-unboost|p1a: Pikachu|atk|1
|turn|11
|
|t:|1779582478
|switch|p1a: Krookodile|Krookodile, M, shiny|100/100
|-ability|p1a: Krookodile|Intimidate|boost
|-unboost|p2a: Incineroar|atk|1
|move|p2a: Incineroar|Knock Off|p1a: Krookodile
|-resisted|p1a: Krookodile
|-damage|p1a: Krookodile|81/100
|-enditem|p1a: Krookodile|Black Glasses|[from] move: Knock Off|[of] p2a: Incineroar
|
|upkeep
|turn|12
|
|t:|1779582499
|switch|p2a: Enamorus|Enamorus-Therian, F|28/100
|move|p1a: Krookodile|Earthquake|p2a: Enamorus
|-immune|p2a: Enamorus
|
|upkeep
|turn|13
|
|t:|1779582510
|move|p1a: Krookodile|Gunk Shot|p2a: Enamorus
|-supereffective|p2a: Enamorus
|-damage|p2a: Enamorus|0 fnt
|faint|p2a: Enamorus
|
|upkeep
|
|t:|1779582527
|switch|p2a: Fezandipiti|Fezandipiti, M|93/100
|turn|14
|inactive|fenixkarde has 120 seconds left.
|
|t:|1779582576
|switch|p1a: Charizard|Charizard, M, shiny|100/100
|move|p2a: Fezandipiti|Moonblast|p1a: Charizard
|-resisted|p1a: Charizard
|-damage|p1a: Charizard|81/100
|-unboost|p1a: Charizard|spa|1
|
|-heal|p2a: Fezandipiti|99/100|[from] item: Leftovers
|upkeep
|turn|15
|
|t:|1779582589
|switch|p2a: Drifblim|Drifblim, M|100/100
|switch|p1a: Sceptile|Sceptile, M, shiny|100/100
|
|upkeep
|turn|16
|
|t:|1779582601
|move|p1a: Sceptile|Leech Seed|p2a: Drifblim
|-start|p2a: Drifblim|move: Leech Seed
|move|p2a: Drifblim|Strength Sap|p1a: Sceptile
|-unboost|p1a: Sceptile|atk|1
|-enditem|p1a: Sceptile|White Herb
|-clearnegativeboost|p1a: Sceptile|[silent]
|
|-damage|p2a: Drifblim|88/100|[from] Leech Seed|[of] p1a: Sceptile
|upkeep
|turn|17
|inactive|fenixkarde has 120 seconds left.
|inactive|fenixkarde has 90 seconds left.
|
|t:|1779582639
|switch|p1a: Pikachu|Pikachu-Sinnoh, M|80/100
|move|p2a: Drifblim|Air Slash|p1a: Pikachu
|-resisted|p1a: Pikachu
|-damage|p1a: Pikachu|41/100
|
|-damage|p2a: Drifblim|76/100|[from] Leech Seed|[of] p1a: Pikachu
|-heal|p1a: Pikachu|65/100|[silent]
|upkeep
|turn|18
|
|t:|1779582644
|switch|p2a: Incineroar|Incineroar, F|100/100
|-ability|p2a: Incineroar|Intimidate|boost
|-unboost|p1a: Pikachu|atk|1
|move|p1a: Pikachu|Knock Off|p2a: Incineroar
|-resisted|p2a: Incineroar
|-damage|p2a: Incineroar|90/100
|-enditem|p2a: Incineroar|Assault Vest|[from] move: Knock Off|[of] p1a: Pikachu
|
|upkeep
|turn|19
|
|t:|1779582652
|switch|p1a: Krookodile|Krookodile, M, shiny|81/100
|-ability|p1a: Krookodile|Intimidate|boost
|-unboost|p2a: Incineroar|atk|1
|move|p2a: Incineroar|Close Combat|p1a: Krookodile
|-supereffective|p1a: Krookodile
|-damage|p1a: Krookodile|24/100
|-unboost|p2a: Incineroar|def|1
|-unboost|p2a: Incineroar|spd|1
|
|upkeep
|turn|20
|
|t:|1779582665
|switch|p2a: Drifblim|Drifblim, M|76/100
|move|p1a: Krookodile|Stone Edge|p2a: Drifblim
|-supereffective|p2a: Drifblim
|-damage|p2a: Drifblim|0 fnt
|faint|p2a: Drifblim
|
|upkeep
|
|t:|1779582670
|switch|p2a: Fezandipiti|Fezandipiti, M|99/100
|turn|21
|
|t:|1779582682
|switch|p1a: Charizard|Charizard, M, shiny|81/100
|move|p2a: Fezandipiti|Moonblast|p1a: Charizard
|-resisted|p1a: Charizard
|-damage|p1a: Charizard|63/100
|
|-heal|p2a: Fezandipiti|100/100|[from] item: Leftovers
|upkeep
|turn|22
|
|t:|1779582687
|switch|p2a: Incineroar|Incineroar, F|90/100
|-ability|p2a: Incineroar|Intimidate|boost
|-unboost|p1a: Charizard|atk|1
|move|p1a: Charizard|Fire Blast|p2a: Incineroar
|-resisted|p2a: Incineroar
|-damage|p2a: Incineroar|57/100
|-damage|p1a: Charizard|53/100|[from] item: Life Orb
|
|upkeep
|turn|23
|inactive|fenixkarde has 120 seconds left.
|
|t:|1779582700
|move|p1a: Charizard|Scorching Sands|p2a: Incineroar
|-supereffective|p2a: Incineroar
|-crit|p2a: Incineroar
|-damage|p2a: Incineroar|0 fnt
|faint|p2a: Incineroar
|-damage|p1a: Charizard|43/100|[from] item: Life Orb
|
|upkeep
|
|t:|1779582702
|switch|p2a: Fezandipiti|Fezandipiti, M|100/100
|turn|24
|
|t:|1779582710
|move|p2a: Fezandipiti|Sludge Bomb|p1a: Charizard
|-crit|p1a: Charizard
|-damage|p1a: Charizard|0 fnt
|faint|p1a: Charizard
|
|upkeep
|inactive|fenixkarde has 120 seconds left.
|
|t:|1779582732
|switch|p1a: Pikachu|Pikachu-Sinnoh, M|65/100
|turn|25
|
|t:|1779582742
|move|p2a: Fezandipiti|Moonblast|p1a: Pikachu
|-damage|p1a: Pikachu|0 fnt
|faint|p1a: Pikachu
|
|upkeep
|inactive|fenixkarde has 120 seconds left.
|
|t:|1779582754
|switch|p1a: Sceptile|Sceptile, M, shiny|100/100
|turn|26
|
|t:|1779582779
|-terastallize|p2a: Fezandipiti|Grass
|move|p2a: Fezandipiti|Sludge Bomb|p1a: Sceptile
|-supereffective|p1a: Sceptile
|-damage|p1a: Sceptile|23/100
|-status|p1a: Sceptile|psn
|move|p1a: Sceptile|Leech Seed|p2a: Fezandipiti
|-immune|p2a: Fezandipiti
|
|-damage|p1a: Sceptile|11/100 psn|[from] psn
|upkeep
|turn|27
|
|t:|1779582787
|move|p2a: Fezandipiti|Moonblast|p1a: Sceptile
|-damage|p1a: Sceptile|0 fnt
|faint|p1a: Sceptile
|
|upkeep
|
|t:|1779582789
|switch|p1a: Krookodile|Krookodile, M, shiny|24/100
|-ability|p1a: Krookodile|Intimidate|boost
|-unboost|p2a: Fezandipiti|atk|1
|turn|28
|
|t:|1779582793
|move|p2a: Fezandipiti|Moonblast|p1a: Krookodile
|-supereffective|p1a: Krookodile
|-damage|p1a: Krookodile|0 fnt
|faint|p1a: Krookodile
|
|win|wwwwowow
|raw|fenixkarde's rating: 1168 &rarr; <strong>1139</strong><br />(-29 for losing)
|raw|wwwwowow's rating: 1111 &rarr; <strong>1140</strong><br />(+29 for winning)
|l|☆wwwwowow
|player|p2|
|l|☆fenixkarde
|player|p1|
