|j|☆yigyif
|j|☆smegmalezin
|t:|1779570341
|gametype|singles
|player|p1|yigyif|skyla|1277
|player|p2|smegmalezin|shelly|1327
|gen|9
|tier|[Gen 9] OU
|rated|
|rule|HP Percentage Mod: HP is shown in percentages
|rule|Endless Battle Clause: Forcing endless battles is banned
|rule|Species Clause: Limit one of each Pokémon
|rule|OHKO Clause: OHKO moves are banned
|rule|Evasion Items Clause: Evasion items are banned
|rule|Evasion Moves Clause: Evasion moves are banned
|rule|Evasion Abilities Clause: Evasion abilities are banned
|rule|Sleep Moves Clause: Sleep-inducing moves are banned
|clearpoke
|poke|p1|Toxtricity, M|
|poke|p1|Corviknight, F|
|poke|p1|Keldeo-Resolute|
|poke|p1|Scream Tail|
|poke|p1|Regieleki|
|poke|p1|Cinderace, F|
|poke|p2|Ribombee, M|
|poke|p2|Darkrai|
|poke|p2|Ogerpon-Wellspring, F|
|poke|p2|Arcanine-Hisui, M|
|poke|p2|Meowscarada, F|
|poke|p2|Gliscor, M|
|teampreview
|inactive|Battle timer is ON: inactive players will automatically lose when time's up. (requested by smegmalezin)
|
|t:|1779570348
|teamsize|p1|6
|teamsize|p2|6
|start
|switch|p1a: Regieleki|Regieleki|100/100
|switch|p2a: Nyah~|Meowscarada, F|100/100
|turn|1
|
|t:|1779570354
|switch|p1a: Keldeo|Keldeo-Resolute|100/100
|move|p2a: Nyah~|Knock Off|p1a: Keldeo
|-start|p2a: Nyah~|typechange|Dark|[from] ability: Protean
|-resisted|p1a: Keldeo
|-damage|p1a: Keldeo|76/100
|-ability|p1a: Keldeo|Justified|boost
|-boost|p1a: Keldeo|atk|1
|-enditem|p1a: Keldeo|Choice Scarf|[from] move: Knock Off|[of] p2a: Nyah~
|
|upkeep
|turn|2
|
|t:|1779570366
|move|p2a: Nyah~|Flower Trick|p1a: Keldeo
|-supereffective|p1a: Keldeo
|-crit|p1a: Keldeo
|-damage|p1a: Keldeo|4/100
|move|p1a: Keldeo|Secret Sword|p2a: Nyah~
|-supereffective|p2a: Nyah~
|-damage|p2a: Nyah~|0 fnt
|faint|p2a: Nyah~
|
|upkeep
|
|t:|1779570375
|switch|p2a: Mouskito|Ribombee, M|100/100
|turn|3
|
|t:|1779570385
|move|p2a: Mouskito|Sticky Web|p1a: Keldeo
|-sidestart|p1: yigyif|move: Sticky Web
|move|p1a: Keldeo|Icy Wind|p2a: Mouskito
|-damage|p2a: Mouskito|68/100
|
|upkeep
|turn|4
|
|t:|1779570393
|move|p1a: Keldeo|Vacuum Wave|p2a: Mouskito
|-resisted|p2a: Mouskito
|-crit|p2a: Mouskito
|-damage|p2a: Mouskito|55/100
|move|p2a: Mouskito|Moonblast|p1a: Keldeo
|-supereffective|p1a: Keldeo
|-damage|p1a: Keldeo|0 fnt
|faint|p1a: Keldeo
|
|upkeep
|
|t:|1779570400
|switch|p1a: Corviknight|Corviknight, F|100/100
|turn|5
|
|t:|1779570404
|move|p2a: Mouskito|Stun Spore|p1a: Corviknight
|-status|p1a: Corviknight|par
|cant|p1a: Corviknight|par
|
|upkeep
|turn|6
|
|t:|1779570417
|switch|p2a: Freeze Corleone|Arcanine-Hisui, M, shiny|100/100
|move|p1a: Corviknight|Defog|p2a: Freeze Corleone
|-unboost|p2a: Freeze Corleone|evasion|1
|-sideend|p1: yigyif|Sticky Web|[from] move: Defog|[of] p1a: Corviknight
|
|upkeep
|turn|7
|
|t:|1779570425
|move|p2a: Freeze Corleone|Head Smash|p1a: Corviknight
|-damage|p1a: Corviknight|55/100 par
|move|p1a: Corviknight|U-turn|p2a: Freeze Corleone
|-resisted|p2a: Freeze Corleone
|-damage|p2a: Freeze Corleone|92/100
|
|t:|1779570428
|switch|p1a: Regieleki|Regieleki|100/100|[from] U-turn
|
|upkeep
|turn|8
|
|t:|1779570436
|move|p1a: Regieleki|Thunderbolt|p2a: Freeze Corleone
|-damage|p2a: Freeze Corleone|15/100
|-status|p2a: Freeze Corleone|par
|-damage|p1a: Regieleki|91/100|[from] item: Life Orb
|move|p2a: Freeze Corleone|Head Smash|p1a: Regieleki
|-damage|p1a: Regieleki|0 fnt
|faint|p1a: Regieleki
|
|upkeep
|
|t:|1779570449
|switch|p1a: Cinderace|Cinderace, F|100/100
|turn|9
|
|t:|1779570453
|move|p1a: Cinderace|Sucker Punch|p2a: Freeze Corleone
|-start|p1a: Cinderace|typechange|Dark|[from] ability: Libero
|-damage|p2a: Freeze Corleone|0 fnt
|faint|p2a: Freeze Corleone
|
|upkeep
|
|t:|1779570461
|switch|p2a: Ogerpon|Ogerpon-Wellspring, F|100/100
|turn|10
|
|t:|1779570465
|move|p1a: Cinderace|U-turn|p2a: Ogerpon
|-supereffective|p2a: Ogerpon
|-damage|p2a: Ogerpon|37/100
|
|t:|1779570469
|switch|p1a: Corviknight|Corviknight, F|55/100 par|[from] U-turn
|move|p2a: Ogerpon|Swords Dance|p2a: Ogerpon
|-boost|p2a: Ogerpon|atk|2
|
|upkeep
|turn|11
|
|t:|1779570477
|-terastallize|p2a: Ogerpon|Water
|detailschange|p2a: Ogerpon|Ogerpon-Wellspring-Tera, F, tera:Water
|-ability|p2a: Ogerpon|Embody Aspect (Wellspring)|boost
|-boost|p2a: Ogerpon|spd|1
|move|p2a: Ogerpon|Ivy Cudgel|p1a: Corviknight|[anim] Ivy Cudgel Water
|-damage|p1a: Corviknight|0 fnt
|faint|p1a: Corviknight
|
|upkeep
|
|t:|1779570483
|switch|p1a: Cinderace|Cinderace, F|100/100
|turn|12
|
|t:|1779570489
|move|p1a: Cinderace|High Jump Kick|p2a: Ogerpon
|-start|p1a: Cinderace|typechange|Fighting|[from] ability: Libero
|-damage|p2a: Ogerpon|0 fnt
|faint|p2a: Ogerpon
|detailschange|p2: Ogerpon|Ogerpon-Wellspring, F|[silent]
|
|upkeep
|
|t:|1779570494
|switch|p2a: Mouskito|Ribombee, M|55/100
|turn|13
|
|t:|1779570498
|switch|p1a: Scream Tail|Scream Tail|100/100
|-enditem|p1a: Scream Tail|Booster Energy
|-activate|p1a: Scream Tail|ability: Protosynthesis|[fromitem]
|-start|p1a: Scream Tail|protosynthesisspd
|move|p2a: Mouskito|Moonblast|p1a: Scream Tail
|-damage|p1a: Scream Tail|77/100
|-unboost|p1a: Scream Tail|spa|1
|
|upkeep
|turn|14
|
|t:|1779570507
|move|p2a: Mouskito|Stun Spore|p1a: Scream Tail
|-status|p1a: Scream Tail|par
|move|p1a: Scream Tail|Boomburst|p2a: Mouskito
|-damage|p2a: Mouskito|13/100
|
|upkeep
|turn|15
|
|t:|1779570512
|move|p2a: Mouskito|Sticky Web|p1a: Scream Tail
|-sidestart|p1: yigyif|move: Sticky Web
|move|p1a: Scream Tail|Boomburst|p2a: Mouskito
|-damage|p2a: Mouskito|0 fnt
|faint|p2a: Mouskito
|
|upkeep
|
|t:|1779570520
|switch|p2a: Darkrai|Darkrai, shiny|100/100
|turn|16
|
|t:|1779570526
|move|p2a: Darkrai|Sludge Bomb|p1a: Scream Tail
|-supereffective|p1a: Scream Tail
|-damage|p1a: Scream Tail|26/100 par
|move|p1a: Scream Tail|Thunder Wave|p2a: Darkrai
|-status|p2a: Darkrai|par
|
|upkeep
|turn|17
|-message|smegmalezin forfeited.
|
|win|yigyif
|raw|yigyif's rating: 1277 &rarr; <strong>1306</strong><br />(+29 for winning)
|raw|smegmalezin's rating: 1327 &rarr; <strong>1304</strong><br />(-23 for losing)
|l|☆smegmalezin
|player|p2|
|l|☆yigyif
|player|p1|
