|j|☆shun5412
|j|‽blundyboy
|t:|1779693393
|gametype|singles
|player|p1|shun5412|az|1243
|player|p2|blundyboy|169|1258
|gen|9
|tier|[Gen 9] OU
|rated|
|rule|HP Percentage Mod: HP is shown in percentages
|rule|Endless Battle Clause: Forcing endless battles is banned
|rule|Species Clause: Limit one of each Pokémon
|rule|OHKO Clause: OHKO moves are banned
|rule|Evasion Items Clause: Evasion items are banned
|rule|Evasion Moves Clause: Evasion moves are banned
|rule|Evasion Abilities Clause: Evasion abilities are banned
|rule|Sleep Moves Clause: Sleep-inducing moves are banned
|clearpoke
|poke|p1|Glimmora, M|
|poke|p1|Pelipper, M|
|poke|p1|Gholdengo|
|poke|p1|Grimmsnarl, M|
|poke|p1|Garganacl, M|
|poke|p1|Rotom-Mow|
|poke|p2|Pelipper, M|
|poke|p2|Barraskewda, M|
|poke|p2|Toxicroak, M|
|poke|p2|Zapdos|
|poke|p2|Iron Treads|
|poke|p2|Hatterene, F|
|teampreview
|
|t:|1779693400
|teamsize|p1|6
|teamsize|p2|6
|start
|switch|p1a: Rotom|Rotom-Mow|100/100
|switch|p2a: Zapdos|Zapdos|100/100
|turn|1
|
|t:|1779693406
|move|p1a: Rotom|Trick|p2a: Zapdos
|-activate|p1a: Rotom|move: Trick|[of] p2a: Zapdos
|-item|p2a: Zapdos|Choice Scarf|[from] move: Trick
|-item|p1a: Rotom|Choice Specs|[from] move: Trick
|move|p2a: Zapdos|Hurricane|p1a: Rotom|[miss]
|-miss|p2a: Zapdos|p1a: Rotom
|
|upkeep
|turn|2
|
|t:|1779693413
|switch|p1a: Garganacl|Garganacl, M|100/100
|move|p2a: Zapdos|Hurricane|p1a: Garganacl
|-resisted|p1a: Garganacl
|-damage|p1a: Garganacl|84/100
|
|-heal|p1a: Garganacl|90/100|[from] item: Leftovers
|upkeep
|turn|3
|
|t:|1779693421
|switch|p2a: Hatterene|Hatterene, F|100/100
|move|p1a: Garganacl|Salt Cure|p2a: Hatterene
|-damage|p2a: Hatterene|89/100
|-start|p2a: Hatterene|Salt Cure
|
|-heal|p1a: Garganacl|96/100|[from] item: Leftovers
|-heal|p2a: Hatterene|95/100|[from] item: Leftovers
|-damage|p2a: Hatterene|83/100|[from] Salt Cure
|upkeep
|turn|4
|
|t:|1779693430
|switch|p1a: Rotom|Rotom-Mow|100/100
|move|p2a: Hatterene|Psychic Noise|p1a: Rotom
|-damage|p1a: Rotom|67/100
|-start|p1a: Rotom|move: Heal Block
|
|-heal|p2a: Hatterene|89/100|[from] item: Leftovers
|-damage|p2a: Hatterene|76/100|[from] Salt Cure
|upkeep
|turn|5
|
|t:|1779693439
|switch|p2a: Iron Treads|Iron Treads|100/100
|move|p1a: Rotom|Trick|p2a: Iron Treads
|-activate|p1a: Rotom|move: Trick|[of] p2a: Iron Treads
|-item|p2a: Iron Treads|Choice Specs|[from] move: Trick
|-item|p1a: Rotom|Assault Vest|[from] move: Trick
|
|-end|p1a: Rotom|move: Heal Block
|upkeep
|turn|6
|
|t:|1779693450
|move|p1a: Rotom|Leaf Storm|p2a: Iron Treads|[miss]
|-miss|p1a: Rotom|p2a: Iron Treads
|move|p2a: Iron Treads|Volt Switch|p1a: Rotom
|-resisted|p1a: Rotom
|-damage|p1a: Rotom|64/100
|
|t:|1779693458
|-end|p2a: Iron Treads|Quark Drive|[silent]
|switch|p2a: Zapdos|Zapdos|100/100|[from] Volt Switch
|
|upkeep
|turn|7
|
|t:|1779693463
|switch|p1a: Garganacl|Garganacl, M|96/100
|move|p2a: Zapdos|Volt Switch|p1a: Garganacl
|-damage|p1a: Garganacl|70/100
|
|t:|1779693469
|switch|p2a: Pelipper|Pelipper, M|100/100|[from] Volt Switch
|-weather|RainDance|[from] ability: Drizzle|[of] p2a: Pelipper
|
|-weather|RainDance|[upkeep]
|-heal|p1a: Garganacl|77/100|[from] item: Leftovers
|upkeep
|turn|8
|
|t:|1779693477
|switch|p1a: Rotom|Rotom-Mow|64/100
|move|p2a: Pelipper|Surf|p1a: Rotom
|-resisted|p1a: Rotom
|-damage|p1a: Rotom|50/100
|
|-weather|RainDance|[upkeep]
|upkeep
|turn|9
|
|t:|1779693484
|switch|p2a: Iron Treads|Iron Treads|100/100
|move|p1a: Rotom|Leaf Storm|p2a: Iron Treads
|-damage|p2a: Iron Treads|62/100
|-unboost|p1a: Rotom|spa|2
|
|-weather|RainDance|[upkeep]
|upkeep
|turn|10
|
|t:|1779693495
|move|p1a: Rotom|Leaf Storm|p2a: Iron Treads
|-damage|p2a: Iron Treads|43/100
|-unboost|p1a: Rotom|spa|2
|move|p2a: Iron Treads|Volt Switch|p1a: Rotom
|-resisted|p1a: Rotom
|-damage|p1a: Rotom|47/100
|
|t:|1779693501
|-end|p2a: Iron Treads|Quark Drive|[silent]
|switch|p2a: Barraskewda|Barraskewda, M|100/100|[from] Volt Switch
|
|-weather|RainDance|[upkeep]
|upkeep
|turn|11
|
|t:|1779693505
|-terastallize|p2a: Barraskewda|Water
|move|p2a: Barraskewda|Flip Turn|p1a: Rotom
|-resisted|p1a: Rotom
|-damage|p1a: Rotom|0 fnt
|faint|p1a: Rotom
|
|t:|1779693512
|switch|p2a: Hatterene|Hatterene, F|76/100|[from] Flip Turn
|
|-weather|RainDance|[upkeep]
|-heal|p2a: Hatterene|82/100|[from] item: Leftovers
|upkeep
|
|t:|1779693523
|switch|p1a: Gholdengo|Gholdengo|100/100
|-item|p1a: Gholdengo|Air Balloon
|turn|12
|
|t:|1779693532
|switch|p2a: Zapdos|Zapdos|100/100
|move|p1a: Gholdengo|Make It Rain|p2a: Zapdos
|-resisted|p2a: Zapdos
|-damage|p2a: Zapdos|72/100
|-unboost|p1a: Gholdengo|spa|1
|
|-weather|RainDance|[upkeep]
|upkeep
|turn|13
|
|t:|1779693541
|switch|p1a: Garganacl|Garganacl, M|77/100
|move|p2a: Zapdos|Thunder|p1a: Garganacl
|-damage|p1a: Garganacl|40/100
|
|-weather|RainDance|[upkeep]
|-heal|p1a: Garganacl|47/100|[from] item: Leftovers
|upkeep
|turn|14
|
|t:|1779693550
|switch|p2a: Barraskewda|Barraskewda, M, tera:Water|100/100
|move|p1a: Garganacl|Protect||[still]
|-fail|p1a: Garganacl
|
|-weather|none
|-heal|p1a: Garganacl|53/100|[from] item: Leftovers
|upkeep
|turn|15
|
|t:|1779693559
|-terastallize|p1a: Garganacl|Ghost
|move|p2a: Barraskewda|Flip Turn|p1a: Garganacl
|-damage|p1a: Garganacl|5/100
|
|t:|1779693573
|switch|p2a: Toxicroak|Toxicroak, M|100/100|[from] Flip Turn
|move|p1a: Garganacl|Recover|p1a: Garganacl
|-heal|p1a: Garganacl|55/100
|
|-heal|p1a: Garganacl|61/100|[from] item: Leftovers
|upkeep
|turn|16
|
|t:|1779693580
|move|p2a: Toxicroak|Knock Off|p1a: Garganacl
|-supereffective|p1a: Garganacl
|-damage|p1a: Garganacl|31/100
|-enditem|p1a: Garganacl|Leftovers|[from] move: Knock Off|[of] p2a: Toxicroak
|move|p1a: Garganacl|Recover|p1a: Garganacl
|-heal|p1a: Garganacl|81/100
|
|upkeep
|turn|17
|
|t:|1779693587
|move|p2a: Toxicroak|Encore|p1a: Garganacl
|-start|p1a: Garganacl|Encore
|move|p1a: Garganacl|Recover|p1a: Garganacl
|-heal|p1a: Garganacl|100/100
|
|upkeep
|turn|18
|
|t:|1779693595
|switch|p2a: Pelipper|Pelipper, M|100/100
|-weather|RainDance|[from] ability: Drizzle|[of] p2a: Pelipper
|switch|p1a: Glimmora|Glimmora, M|100/100
|
|-weather|RainDance|[upkeep]
|upkeep
|turn|19
|
|t:|1779693603
|move|p1a: Glimmora|Power Gem|p2a: Pelipper
|-supereffective|p2a: Pelipper
|-crit|p2a: Pelipper
|-damage|p2a: Pelipper|0 fnt
|faint|p2a: Pelipper
|
|-weather|RainDance|[upkeep]
|upkeep
|
|t:|1779693606
|switch|p2a: Zapdos|Zapdos|72/100
|turn|20
|
|t:|1779693613
|move|p2a: Zapdos|Volt Switch|p1a: Glimmora
|-damage|p1a: Glimmora|57/100
|
|t:|1779693615
|switch|p2a: Iron Treads|Iron Treads|43/100|[from] Volt Switch
|move|p1a: Glimmora|Stealth Rock|p2a: Iron Treads
|-sidestart|p2: blundyboy|move: Stealth Rock
|
|-weather|RainDance|[upkeep]
|upkeep
|turn|21
|
|t:|1779693623
|switch|p1a: Gholdengo|Gholdengo|100/100
|-item|p1a: Gholdengo|Air Balloon
|move|p2a: Iron Treads|Rapid Spin|p1a: Gholdengo
|-immune|p1a: Gholdengo
|
|-weather|RainDance|[upkeep]
|upkeep
|turn|22
|-message|blundyboy forfeited.
|
|win|shun5412
|raw|shun5412's rating: 1243 &rarr; <strong>1269</strong><br />(+26 for winning)
|raw|blundyboy's rating: 1258 &rarr; <strong>1232</strong><br />(-26 for losing)
|l|‽blundyboy
|player|p2|
|l|☆shun5412
|player|p1|
