|j|☆ImOuTtT
|j|☆thehandcannon01
|t:|1779706932
|gametype|singles
|player|p1|ImOuTtT|170|1153
|player|p2|thehandcannon01|policeman-gen4|1119
|gen|9
|tier|[Gen 9] OU
|rated|
|rule|HP Percentage Mod: HP is shown in percentages
|rule|Endless Battle Clause: Forcing endless battles is banned
|rule|Species Clause: Limit one of each Pokémon
|rule|OHKO Clause: OHKO moves are banned
|rule|Evasion Items Clause: Evasion items are banned
|rule|Evasion Moves Clause: Evasion moves are banned
|rule|Evasion Abilities Clause: Evasion abilities are banned
|rule|Sleep Moves Clause: Sleep-inducing moves are banned
|clearpoke
|poke|p1|Cinderace, F|
|poke|p1|Great Tusk|
|poke|p1|Iron Moth|
|poke|p1|Tyranitar, F|
|poke|p1|Ribombee, F|
|poke|p1|Eelektross, M|
|poke|p2|Tropius, F|
|poke|p2|Kingambit, M|
|poke|p2|Metagross|
|poke|p2|Pecharunt|
|poke|p2|Volcanion|
|poke|p2|Dragapult, M|
|teampreview
|inactive|Battle timer is ON: inactive players will automatically lose when time's up. (requested by thehandcannon01)
|
|t:|1779706935
|teamsize|p1|6
|teamsize|p2|6
|start
|switch|p1a: Ribombee|Ribombee, F|100/100
|switch|p2a: Tropius|Tropius, F|100/100
|turn|1
|
|t:|1779706949
|move|p1a: Ribombee|Sticky Web|p2a: Tropius
|-sidestart|p2: thehandcannon01|move: Sticky Web
|move|p2a: Tropius|Substitute|p2a: Tropius
|-start|p2a: Tropius|Substitute
|-damage|p2a: Tropius|75/100
|
|upkeep
|turn|2
|
|t:|1779706960
|switch|p1a: Eelektross|Eelektross, M|100/100
|move|p2a: Tropius|Leech Seed|p1a: Eelektross
|-start|p1a: Eelektross|move: Leech Seed
|
|-damage|p1a: Eelektross|88/100|[from] Leech Seed|[of] p2a: Tropius
|-heal|p2a: Tropius|85/100|[silent]
|upkeep
|turn|3
|
|t:|1779706971
|move|p2a: Tropius|Curse|p2a: Tropius
|-unboost|p2a: Tropius|spe|1
|-boost|p2a: Tropius|atk|1
|-boost|p2a: Tropius|def|1
|move|p1a: Eelektross|Flamethrower|p2a: Tropius
|-supereffective|p2a: Tropius
|-end|p2a: Tropius|Substitute
|
|-damage|p1a: Eelektross|76/100|[from] Leech Seed|[of] p2a: Tropius
|-heal|p2a: Tropius|94/100|[silent]
|upkeep
|turn|4
|
|t:|1779706985
|switch|p1a: Cinderace|Cinderace, F|100/100
|move|p2a: Tropius|Protect||[still]
|-fail|p2a: Tropius
|
|upkeep
|turn|5
|
|t:|1779706991
|-terastallize|p2a: Tropius|Ghost
|move|p1a: Cinderace|Pyro Ball|p2a: Tropius
|-damage|p2a: Tropius|55/100
|move|p2a: Tropius|Substitute|p2a: Tropius
|-start|p2a: Tropius|Substitute
|-damage|p2a: Tropius|30/100
|-enditem|p2a: Tropius|Sitrus Berry|[eat]
|-heal|p2a: Tropius|55/100|[from] item: Sitrus Berry
|
|-item|p2a: Tropius|Sitrus Berry|[from] ability: Harvest
|upkeep
|turn|6
|
|t:|1779707006
|move|p1a: Cinderace|Pyro Ball|p2a: Tropius
|-end|p2a: Tropius|Substitute
|move|p2a: Tropius|Leech Seed|p1a: Cinderace|[miss]
|-miss|p2a: Tropius|p1a: Cinderace
|
|upkeep
|turn|7
|
|t:|1779707012
|move|p1a: Cinderace|Sucker Punch||[still]
|-fail|p1a: Cinderace
|move|p2a: Tropius|Leech Seed|p1a: Cinderace
|-start|p1a: Cinderace|move: Leech Seed
|
|-damage|p1a: Cinderace|88/100|[from] Leech Seed|[of] p2a: Tropius
|-heal|p2a: Tropius|65/100|[silent]
|upkeep
|turn|8
|
|t:|1779707022
|switch|p1a: Ribombee|Ribombee, F|100/100
|move|p2a: Tropius|Substitute|p2a: Tropius
|-start|p2a: Tropius|Substitute
|-damage|p2a: Tropius|40/100
|-enditem|p2a: Tropius|Sitrus Berry|[eat]
|-heal|p2a: Tropius|65/100|[from] item: Sitrus Berry
|
|-item|p2a: Tropius|Sitrus Berry|[from] ability: Harvest
|upkeep
|turn|9
|
|t:|1779707032
|move|p1a: Ribombee|Moonblast|p2a: Tropius
|-end|p2a: Tropius|Substitute
|move|p2a: Tropius|Leech Seed|p1a: Ribombee
|-start|p1a: Ribombee|move: Leech Seed
|
|-damage|p1a: Ribombee|88/100|[from] Leech Seed|[of] p2a: Tropius
|-heal|p2a: Tropius|73/100|[silent]
|upkeep
|turn|10
|
|t:|1779707055
|switch|p1a: Cinderace|Cinderace, F|88/100
|move|p2a: Tropius|Curse|p1a: Cinderace
|-start|p1a: Cinderace|Curse|[of] p2a: Tropius
|-damage|p2a: Tropius|23/100
|-enditem|p2a: Tropius|Sitrus Berry|[eat]
|-heal|p2a: Tropius|48/100|[from] item: Sitrus Berry
|
|-damage|p1a: Cinderace|63/100|[from] Curse
|upkeep
|turn|11
|
|t:|1779707067
|move|p1a: Cinderace|Pyro Ball|p2a: Tropius
|-damage|p2a: Tropius|12/100
|move|p2a: Tropius|Leech Seed|p1a: Cinderace
|-start|p1a: Cinderace|move: Leech Seed
|
|-damage|p1a: Cinderace|51/100|[from] Leech Seed|[of] p2a: Tropius
|-heal|p2a: Tropius|21/100|[silent]
|-damage|p1a: Cinderace|26/100|[from] Curse
|-item|p2a: Tropius|Sitrus Berry|[from] ability: Harvest
|upkeep
|-enditem|p2a: Tropius|Sitrus Berry|[eat]
|-heal|p2a: Tropius|46/100|[from] item: Sitrus Berry
|turn|12
|
|t:|1779707080
|move|p2a: Tropius|Protect|p2a: Tropius
|-singleturn|p2a: Tropius|Protect
|move|p1a: Cinderace|Pyro Ball|p2a: Tropius
|-activate|p2a: Tropius|move: Protect
|
|-damage|p1a: Cinderace|14/100|[from] Leech Seed|[of] p2a: Tropius
|-heal|p2a: Tropius|56/100|[silent]
|-damage|p1a: Cinderace|0 fnt|[from] Curse
|faint|p1a: Cinderace
|-item|p2a: Tropius|Sitrus Berry|[from] ability: Harvest
|upkeep
|
|t:|1779707091
|switch|p1a: Tyranitar|Tyranitar, F|100/100
|-weather|Sandstorm|[from] ability: Sand Stream|[of] p1a: Tyranitar
|turn|13
|inactive|ImOuTtT has 120 seconds left.
|
|t:|1779707109
|switch|p1a: Ribombee|Ribombee, F|88/100
|move|p2a: Tropius|Leech Seed|p1a: Ribombee
|-start|p1a: Ribombee|move: Leech Seed
|
|-weather|Sandstorm|[upkeep]
|-damage|p1a: Ribombee|82/100|[from] Sandstorm
|-damage|p2a: Tropius|49/100|[from] Sandstorm
|-enditem|p2a: Tropius|Sitrus Berry|[eat]
|-heal|p2a: Tropius|74/100|[from] item: Sitrus Berry
|-damage|p1a: Ribombee|70/100|[from] Leech Seed|[of] p2a: Tropius
|-heal|p2a: Tropius|82/100|[silent]
|upkeep
|turn|14
|inactive|ImOuTtT has 120 seconds left.
|
|t:|1779707137
|switch|p1a: Iron Moth|Iron Moth|100/100
|-enditem|p1a: Iron Moth|Booster Energy
|-activate|p1a: Iron Moth|ability: Quark Drive|[fromitem]
|-start|p1a: Iron Moth|quarkdrivespa
|move|p2a: Tropius|Curse|p1a: Iron Moth
|-start|p1a: Iron Moth|Curse|[of] p2a: Tropius
|-damage|p2a: Tropius|32/100
|
|-weather|Sandstorm|[upkeep]
|-damage|p1a: Iron Moth|95/100|[from] Sandstorm
|-damage|p2a: Tropius|26/100|[from] Sandstorm
|-damage|p1a: Iron Moth|70/100|[from] Curse
|upkeep
|turn|15
|inactive|ImOuTtT has 120 seconds left.
|inactive|thehandcannon01 has 120 seconds left.
|
|t:|1779707152
|move|p2a: Tropius|Protect|p2a: Tropius
|-singleturn|p2a: Tropius|Protect
|move|p1a: Iron Moth|Fiery Dance|p2a: Tropius
|-activate|p2a: Tropius|move: Protect
|
|-weather|Sandstorm|[upkeep]
|-damage|p1a: Iron Moth|64/100|[from] Sandstorm
|-damage|p2a: Tropius|20/100|[from] Sandstorm
|-damage|p1a: Iron Moth|39/100|[from] Curse
|upkeep
|turn|16
|inactive|thehandcannon01 has 120 seconds left.
|
|t:|1779707165
|switch|p2a: Dragapult|Dragapult, M|100/100
|-activate|p2a: Dragapult|move: Sticky Web
|-fail|p2a: Dragapult|unboost|[from] ability: Clear Body|[of] p2a: Dragapult
|move|p1a: Iron Moth|Fiery Dance|p2a: Dragapult
|-resisted|p2a: Dragapult
|-damage|p2a: Dragapult|63/100
|-boost|p1a: Iron Moth|spa|1
|
|-weather|Sandstorm|[upkeep]
|-damage|p2a: Dragapult|57/100|[from] Sandstorm
|-damage|p1a: Iron Moth|33/100|[from] Sandstorm
|-damage|p1a: Iron Moth|8/100|[from] Curse
|upkeep
|turn|17
|inactive|thehandcannon01 has 120 seconds left.
|
|t:|1779707180
|move|p2a: Dragapult|Sucker Punch|p1a: Iron Moth
|-damage|p1a: Iron Moth|0 fnt
|faint|p1a: Iron Moth
|-end|p1a: Iron Moth|Quark Drive|[silent]
|-damage|p2a: Dragapult|47/100|[from] item: Life Orb
|
|-weather|none
|upkeep
|inactive|ImOuTtT has 120 seconds left.
|
|t:|1779707190
|switch|p1a: Tyranitar|Tyranitar, F|100/100
|-weather|Sandstorm|[from] ability: Sand Stream|[of] p1a: Tyranitar
|turn|18
|
|t:|1779707198
|switch|p2a: Meta X|Metagross, shiny|100/100
|-item|p2a: Meta X|Air Balloon
|move|p1a: Tyranitar|Ice Beam|p2a: Meta X
|-resisted|p2a: Meta X
|-damage|p2a: Meta X|90/100
|-enditem|p2a: Meta X|Air Balloon
|
|-weather|Sandstorm|[upkeep]
|upkeep
|turn|19
|
|t:|1779707216
|move|p2a: Meta X|Earthquake|p1a: Tyranitar
|-supereffective|p1a: Tyranitar
|-damage|p1a: Tyranitar|43/100
|move|p1a: Tyranitar|Body Press|p2a: Meta X
|-damage|p2a: Meta X|70/100
|
|-weather|Sandstorm|[upkeep]
|-heal|p1a: Tyranitar|49/100|[from] item: Leftovers
|upkeep
|turn|20
|
|t:|1779707228
|move|p2a: Meta X|Earthquake|p1a: Tyranitar
|-supereffective|p1a: Tyranitar
|-damage|p1a: Tyranitar|0 fnt
|faint|p1a: Tyranitar
|
|-weather|Sandstorm|[upkeep]
|upkeep
|
|t:|1779707235
|switch|p1a: Eelektross|Eelektross, M|76/100
|turn|21
|
|t:|1779707240
|move|p2a: Meta X|Psychic Fangs|p1a: Eelektross
|-damage|p1a: Eelektross|23/100
|move|p1a: Eelektross|Flamethrower|p2a: Meta X
|-supereffective|p2a: Meta X
|-damage|p2a: Meta X|4/100
|-status|p2a: Meta X|brn
|
|-weather|Sandstorm|[upkeep]
|-damage|p1a: Eelektross|17/100|[from] Sandstorm
|-damage|p2a: Meta X|0 fnt|[from] brn
|faint|p2a: Meta X
|upkeep
|
|t:|1779707246
|switch|p2a: Tropius|Tropius, F, tera:Ghost|20/100
|-activate|p2a: Tropius|move: Sticky Web
|-unboost|p2a: Tropius|spe|1
|turn|22
|
|t:|1779707260
|move|p1a: Eelektross|Thunderbolt|p2a: Tropius
|-damage|p2a: Tropius|0 fnt
|faint|p2a: Tropius
|
|-weather|none
|upkeep
|
|t:|1779707265
|switch|p2a: Dragapult|Dragapult, M|47/100
|-activate|p2a: Dragapult|move: Sticky Web
|-fail|p2a: Dragapult|unboost|[from] ability: Clear Body|[of] p2a: Dragapult
|turn|23
|
|t:|1779707270
|move|p2a: Dragapult|Sucker Punch|p1a: Eelektross
|-crit|p1a: Eelektross
|-damage|p1a: Eelektross|0 fnt
|faint|p1a: Eelektross
|-damage|p2a: Dragapult|37/100|[from] item: Life Orb
|
|upkeep
|
|t:|1779707276
|switch|p1a: Ribombee|Ribombee, F|70/100
|turn|24
|
|t:|1779707281
|move|p2a: Dragapult|U-turn|p1a: Ribombee
|-resisted|p1a: Ribombee
|-damage|p1a: Ribombee|39/100
|-damage|p2a: Dragapult|27/100|[from] item: Life Orb
|
|t:|1779707290
|switch|p2a: Pecharunt|Pecharunt|100/100|[from] U-turn
|-activate|p2a: Pecharunt|move: Sticky Web
|-unboost|p2a: Pecharunt|spe|1
|move|p1a: Ribombee|Moonblast|p2a: Pecharunt
|-resisted|p2a: Pecharunt
|-damage|p2a: Pecharunt|83/100
|
|-heal|p2a: Pecharunt|89/100|[from] item: Black Sludge
|upkeep
|turn|25
|
|t:|1779707302
|move|p1a: Ribombee|Psychic|p2a: Pecharunt
|-supereffective|p2a: Pecharunt
|-damage|p2a: Pecharunt|43/100
|move|p2a: Pecharunt|Toxic|p1a: Ribombee
|-status|p1a: Ribombee|tox
|-start|p1a: Ribombee|confusion|[from] ability: Poison Puppeteer|[of] p2a: Pecharunt
|
|-heal|p2a: Pecharunt|49/100|[from] item: Black Sludge
|-damage|p1a: Ribombee|33/100 tox|[from] psn
|upkeep
|turn|26
|
|t:|1779707314
|-activate|p1a: Ribombee|confusion
|-damage|p1a: Ribombee|24/100 tox|[from] confusion
|move|p2a: Pecharunt|Recover|p2a: Pecharunt
|-heal|p2a: Pecharunt|99/100
|
|-heal|p2a: Pecharunt|100/100|[from] item: Black Sludge
|-damage|p1a: Ribombee|12/100 tox|[from] psn
|upkeep
|turn|27
|
|t:|1779707324
|-activate|p1a: Ribombee|confusion
|-damage|p1a: Ribombee|4/100 tox|[from] confusion
|move|p2a: Pecharunt|Hex|p1a: Ribombee
|-damage|p1a: Ribombee|0 fnt
|faint|p1a: Ribombee
|
|upkeep
|
|t:|1779707332
|switch|p1a: Great Tusk|Great Tusk|100/100
|-enditem|p1a: Great Tusk|Booster Energy
|-activate|p1a: Great Tusk|ability: Protosynthesis|[fromitem]
|-start|p1a: Great Tusk|protosynthesisatk
|turn|28
|
|t:|1779707338
|move|p1a: Great Tusk|Earthquake|p2a: Pecharunt
|-supereffective|p2a: Pecharunt
|-damage|p2a: Pecharunt|30/100
|move|p2a: Pecharunt|Malignant Chain|p1a: Great Tusk
|-resisted|p1a: Great Tusk
|-damage|p1a: Great Tusk|82/100
|-status|p1a: Great Tusk|tox
|-start|p1a: Great Tusk|confusion|[from] ability: Poison Puppeteer|[of] p2a: Pecharunt
|
|-heal|p2a: Pecharunt|36/100|[from] item: Black Sludge
|-damage|p1a: Great Tusk|76/100 tox|[from] psn
|upkeep
|turn|29
|
|t:|1779707364
|switch|p2a: Dragapult|Dragapult, M|27/100
|-activate|p2a: Dragapult|move: Sticky Web
|-fail|p2a: Dragapult|unboost|[from] ability: Clear Body|[of] p2a: Dragapult
|-activate|p1a: Great Tusk|confusion
|-damage|p1a: Great Tusk|67/100 tox|[from] confusion
|
|-damage|p1a: Great Tusk|55/100 tox|[from] psn
|upkeep
|turn|30
|
|t:|1779707376
|move|p2a: Dragapult|Sucker Punch|p1a: Great Tusk
|-resisted|p1a: Great Tusk
|-damage|p1a: Great Tusk|43/100 tox
|-damage|p2a: Dragapult|18/100|[from] item: Life Orb
|-activate|p1a: Great Tusk|confusion
|-damage|p1a: Great Tusk|34/100 tox|[from] confusion
|
|-damage|p1a: Great Tusk|15/100 tox|[from] psn
|upkeep
|turn|31
|
|t:|1779707391
|move|p2a: Dragapult|Sucker Punch|p1a: Great Tusk
|-resisted|p1a: Great Tusk
|-damage|p1a: Great Tusk|4/100 tox
|-damage|p2a: Dragapult|8/100|[from] item: Life Orb
|-activate|p1a: Great Tusk|confusion
|move|p1a: Great Tusk|Earthquake|p2a: Dragapult
|-damage|p2a: Dragapult|0 fnt
|faint|p2a: Dragapult
|
|-damage|p1a: Great Tusk|0 fnt|[from] psn
|faint|p1a: Great Tusk
|-end|p1a: Great Tusk|Protosynthesis|[silent]
|
|win|thehandcannon01
|raw|ImOuTtT's rating: 1153 &rarr; <strong>1126</strong><br />(-27 for losing)
|raw|thehandcannon01's rating: 1119 &rarr; <strong>1146</strong><br />(+27 for winning)
|c|☆thehandcannon01|That was the worst luck ive ever seen im sorry
|l|☆ImOuTtT
|player|p1|
|l|☆thehandcannon01
|player|p2|
