|j|☆saucissonugget
|j|☆3rdIblind
|t:|1779562877
|gametype|singles
|player|p1|saucissonugget|crasherwake|1380
|player|p2|3rdIblind|shauntal|1384
|gen|9
|tier|[Gen 9] OU
|rated|
|rule|HP Percentage Mod: HP is shown in percentages
|rule|Endless Battle Clause: Forcing endless battles is banned
|rule|Species Clause: Limit one of each Pokémon
|rule|OHKO Clause: OHKO moves are banned
|rule|Evasion Items Clause: Evasion items are banned
|rule|Evasion Moves Clause: Evasion moves are banned
|rule|Evasion Abilities Clause: Evasion abilities are banned
|rule|Sleep Moves Clause: Sleep-inducing moves are banned
|clearpoke
|poke|p1|Regice|
|poke|p1|Samurott-Hisui, M|
|poke|p1|Gliscor, M|
|poke|p1|Pecharunt|
|poke|p1|Cyclizar, M|
|poke|p1|Garganacl, M|
|poke|p2|Gengar, M|
|poke|p2|Great Tusk|
|poke|p2|Alomomola, M|
|poke|p2|Kingambit, F|
|poke|p2|Tornadus-Therian, M|
|poke|p2|Ogerpon, F|
|teampreview
|inactive|Battle timer is ON: inactive players will automatically lose when time's up. (requested by saucissonugget)
|
|t:|1779562885
|teamsize|p1|6
|teamsize|p2|6
|start
|switch|p1a: Gliscor|Gliscor, M|100/100
|switch|p2a: Ogerpon|Ogerpon, F|100/100
|turn|1
|
|t:|1779562890
|move|p2a: Ogerpon|Knock Off|p1a: Gliscor
|-damage|p1a: Gliscor|69/100
|-enditem|p1a: Gliscor|Toxic Orb|[from] move: Knock Off|[of] p2a: Ogerpon
|move|p1a: Gliscor|Toxic|p2a: Ogerpon
|-status|p2a: Ogerpon|tox
|
|-damage|p2a: Ogerpon|95/100 tox|[from] psn
|upkeep
|turn|2
|
|t:|1779562905
|switch|p2a: Great Tusk|Great Tusk|100/100
|move|p1a: Gliscor|Stealth Rock|p2a: Great Tusk
|-sidestart|p2: 3rdIblind|move: Stealth Rock
|
|upkeep
|turn|3
|
|t:|1779562913
|move|p2a: Great Tusk|Stealth Rock|p1a: Gliscor
|-sidestart|p1: saucissonugget|move: Stealth Rock
|move|p1a: Gliscor|Toxic|p2a: Great Tusk
|-status|p2a: Great Tusk|tox
|
|-damage|p2a: Great Tusk|94/100 tox|[from] psn
|upkeep
|turn|4
|
|t:|1779562922
|switch|p1a: Cyclizar|Cyclizar, M, shiny|100/100
|move|p2a: Great Tusk|Ice Spinner|p1a: Cyclizar
|-supereffective|p1a: Cyclizar
|-damage|p1a: Cyclizar|19/100
|
|-damage|p2a: Great Tusk|82/100 tox|[from] psn
|upkeep
|turn|5
|
|t:|1779562927
|move|p1a: Cyclizar|Rapid Spin|p2a: Great Tusk
|-damage|p2a: Great Tusk|71/100 tox
|-boost|p1a: Cyclizar|spe|1
|-sideend|p1: saucissonugget|Stealth Rock|[from] move: Rapid Spin|[of] p1a: Cyclizar
|move|p2a: Great Tusk|Rapid Spin|p1a: Cyclizar
|-damage|p1a: Cyclizar|0 fnt
|-boost|p2a: Great Tusk|spe|1
|-sideend|p2: 3rdIblind|Stealth Rock|[from] move: Rapid Spin|[of] p2a: Great Tusk
|faint|p1a: Cyclizar
|
|-damage|p2a: Great Tusk|52/100 tox|[from] psn
|upkeep
|
|t:|1779562938
|switch|p1a: Samurott|Samurott-Hisui, M, shiny|100/100
|turn|6
|
|t:|1779562945
|move|p2a: Great Tusk|Headlong Rush|p1a: Samurott
|-damage|p1a: Samurott|29/100
|-unboost|p2a: Great Tusk|def|1
|-unboost|p2a: Great Tusk|spd|1
|move|p1a: Samurott|Razor Shell|p2a: Great Tusk|[miss]
|-miss|p1a: Samurott|p2a: Great Tusk
|
|-damage|p2a: Great Tusk|27/100 tox|[from] psn
|upkeep
|turn|7
|
|t:|1779562953
|move|p1a: Samurott|Aqua Jet|p2a: Great Tusk
|-supereffective|p2a: Great Tusk
|-damage|p2a: Great Tusk|0 fnt
|faint|p2a: Great Tusk
|-end|p2a: Great Tusk|Protosynthesis|[silent]
|
|upkeep
|
|t:|1779562964
|switch|p2a: Ogerpon|Ogerpon, F|95/100 tox
|turn|8
|
|t:|1779562976
|move|p2a: Ogerpon|Ivy Cudgel|p1a: Samurott
|-supereffective|p1a: Samurott
|-damage|p1a: Samurott|0 fnt
|faint|p1a: Samurott
|
|-damage|p2a: Ogerpon|89/100 tox|[from] psn
|upkeep
|
|t:|1779562981
|switch|p1a: Pecharunt|Pecharunt|100/100
|turn|9
|
|t:|1779562988
|switch|p2a: Kingambit|Kingambit, F|100/100
|-activate|p2a: Kingambit|ability: Supreme Overlord
|-start|p2a: Kingambit|fallen1|[silent]
|move|p1a: Pecharunt|Malignant Chain|p2a: Kingambit
|-immune|p2a: Kingambit
|
|upkeep
|turn|10
|
|t:|1779562998
|-end|p2a: Kingambit|fallen1|[silent]
|switch|p2a: Alomomola|Alomomola, M|100/100
|move|p1a: Pecharunt|Parting Shot|p2a: Alomomola
|-unboost|p2a: Alomomola|atk|1
|-unboost|p2a: Alomomola|spa|1
|
|t:|1779563011
|switch|p1a: Regice|Regice|100/100|[from] Parting Shot
|
|upkeep
|turn|11
|
|t:|1779563013
|move|p1a: Regice|Thunderbolt|p2a: Alomomola
|-supereffective|p2a: Alomomola
|-damage|p2a: Alomomola|74/100
|move|p2a: Alomomola|Flip Turn|p1a: Regice
|-damage|p1a: Regice|90/100
|inactive|3rdIblind has 120 seconds left.
|
|t:|1779563051
|switch|p2a: Kingambit|Kingambit, F|100/100|[from] Flip Turn
|-activate|p2a: Kingambit|ability: Supreme Overlord
|-start|p2a: Kingambit|fallen1|[silent]
|
|upkeep
|turn|12
|
|t:|1779563054
|move|p2a: Kingambit|Iron Head|p1a: Regice
|-supereffective|p1a: Regice
|-damage|p1a: Regice|0 fnt
|faint|p1a: Regice
|
|upkeep
|
|t:|1779563061
|switch|p1a: Gliscor|Gliscor, M|69/100
|turn|13
|
|t:|1779563082
|-terastallize|p2a: Kingambit|Ghost
|move|p1a: Gliscor|Earthquake|p2a: Kingambit
|-damage|p2a: Kingambit|73/100
|move|p2a: Kingambit|Swords Dance|p2a: Kingambit
|-boost|p2a: Kingambit|atk|2
|
|-heal|p2a: Kingambit|79/100|[from] item: Leftovers
|upkeep
|turn|14
|
|t:|1779563092
|move|p1a: Gliscor|Toxic|p2a: Kingambit
|-status|p2a: Kingambit|tox
|move|p2a: Kingambit|Kowtow Cleave|p1a: Gliscor
|-damage|p1a: Gliscor|3/100
|
|-heal|p2a: Kingambit|85/100 tox|[from] item: Leftovers
|-damage|p2a: Kingambit|79/100 tox|[from] psn
|upkeep
|turn|15
|
|t:|1779563098
|move|p1a: Gliscor|Protect|p1a: Gliscor
|-singleturn|p1a: Gliscor|Protect
|move|p2a: Kingambit|Swords Dance|p2a: Kingambit
|-boost|p2a: Kingambit|atk|2
|
|-heal|p2a: Kingambit|85/100 tox|[from] item: Leftovers
|-damage|p2a: Kingambit|73/100 tox|[from] psn
|upkeep
|turn|16
|
|t:|1779563101
|move|p1a: Gliscor|Earthquake|p2a: Kingambit
|-damage|p2a: Kingambit|44/100 tox
|move|p2a: Kingambit|Kowtow Cleave|p1a: Gliscor
|-damage|p1a: Gliscor|0 fnt
|faint|p1a: Gliscor
|
|-heal|p2a: Kingambit|50/100 tox|[from] item: Leftovers
|-damage|p2a: Kingambit|32/100 tox|[from] psn
|upkeep
|
|t:|1779563108
|switch|p1a: Pecharunt|Pecharunt|100/100
|turn|17
|
|t:|1779563115
|move|p1a: Pecharunt|Shadow Ball|p2a: Kingambit
|-supereffective|p2a: Kingambit
|-damage|p2a: Kingambit|0 fnt
|faint|p2a: Kingambit
|-end|p2a: Kingambit|fallen1|[silent]
|
|upkeep
|
|t:|1779563129
|switch|p2a: Alomomola|Alomomola, M|100/100
|turn|18
|
|t:|1779563132
|move|p1a: Pecharunt|Malignant Chain|p2a: Alomomola
|-damage|p2a: Alomomola|79/100
|-status|p2a: Alomomola|tox
|-start|p2a: Alomomola|confusion|[from] ability: Poison Puppeteer|[of] p1a: Pecharunt
|-activate|p2a: Alomomola|confusion
|-damage|p2a: Alomomola|73/100 tox|[from] confusion
|
|-damage|p2a: Alomomola|67/100 tox|[from] psn
|upkeep
|turn|19
|
|t:|1779563136
|move|p1a: Pecharunt|Shadow Ball|p2a: Alomomola
|-damage|p2a: Alomomola|50/100 tox
|-unboost|p2a: Alomomola|spd|1
|-end|p2a: Alomomola|confusion
|move|p2a: Alomomola|Flip Turn|p1a: Pecharunt
|-damage|p1a: Pecharunt|90/100
|
|t:|1779563145
|switch|p2a: Gengar|Gengar, M|100/100|[from] Flip Turn
|-item|p2a: Gengar|Air Balloon
|
|upkeep
|turn|20
|
|t:|1779563152
|switch|p2a: Ogerpon|Ogerpon, F|89/100 tox
|-terastallize|p1a: Pecharunt|Flying
|move|p1a: Pecharunt|Shadow Ball|p2a: Ogerpon
|-damage|p2a: Ogerpon|46/100 tox
|
|-damage|p2a: Ogerpon|40/100 tox|[from] psn
|upkeep
|turn|21
|
|t:|1779563168
|move|p2a: Ogerpon|U-turn|p1a: Pecharunt
|-resisted|p1a: Pecharunt
|-damage|p1a: Pecharunt|79/100
|
|t:|1779563174
|switch|p2a: Alomomola|Alomomola, M|83/100 tox|[from] U-turn
|move|p1a: Pecharunt|Malignant Chain|p2a: Alomomola
|-damage|p2a: Alomomola|60/100 tox
|
|-damage|p2a: Alomomola|54/100 tox|[from] psn
|upkeep
|turn|22
|
|t:|1779563179
|move|p1a: Pecharunt|Shadow Ball|p2a: Alomomola
|-damage|p2a: Alomomola|37/100 tox
|-unboost|p2a: Alomomola|spd|1
|move|p2a: Alomomola|Flip Turn|p1a: Pecharunt
|-damage|p1a: Pecharunt|70/100
|
|t:|1779563182
|switch|p2a: Tornadus|Tornadus-Therian, M|100/100|[from] Flip Turn
|
|upkeep
|turn|23
|
|t:|1779563186
|move|p2a: Tornadus|Nasty Plot|p2a: Tornadus
|-boost|p2a: Tornadus|spa|2
|move|p1a: Pecharunt|Malignant Chain|p2a: Tornadus
|-damage|p2a: Tornadus|47/100
|
|upkeep
|turn|24
|
|t:|1779563192
|move|p2a: Tornadus|Bleakwind Storm|p1a: Pecharunt
|-damage|p1a: Pecharunt|0 fnt
|faint|p1a: Pecharunt
|-damage|p2a: Tornadus|37/100|[from] item: Life Orb
|
|upkeep
|
|t:|1779563196
|switch|p1a: Garganacl|Garganacl, M, shiny|100/100
|turn|25
|
|t:|1779563199
|move|p2a: Tornadus|Grass Knot|p1a: Garganacl
|-supereffective|p1a: Garganacl
|-damage|p1a: Garganacl|0 fnt
|faint|p1a: Garganacl
|-damage|p2a: Tornadus|27/100|[from] item: Life Orb
|
|win|3rdIblind
|raw|saucissonugget's rating: 1380 &rarr; <strong>1360</strong><br />(-20 for losing)
|raw|3rdIblind's rating: 1384 &rarr; <strong>1404</strong><br />(+20 for winning)
|l|☆saucissonugget
|player|p1|
|l|☆3rdIblind
|player|p2|
