|j|☆yyb2009
|j|☆leevoiceact
|t:|1779719771
|gametype|singles
|player|p1|yyb2009|265|1084
|player|p2|leevoiceact|giovanni|1136
|gen|9
|tier|[Gen 9] OU
|rated|
|rule|HP Percentage Mod: HP is shown in percentages
|rule|Endless Battle Clause: Forcing endless battles is banned
|rule|Species Clause: Limit one of each Pokémon
|rule|OHKO Clause: OHKO moves are banned
|rule|Evasion Items Clause: Evasion items are banned
|rule|Evasion Moves Clause: Evasion moves are banned
|rule|Evasion Abilities Clause: Evasion abilities are banned
|rule|Sleep Moves Clause: Sleep-inducing moves are banned
|clearpoke
|poke|p1|Garganacl, F|
|poke|p1|Gliscor, M|
|poke|p1|Kingambit, M|
|poke|p1|Dragapult, F|
|poke|p1|Regieleki|
|poke|p1|Politoed, M|
|poke|p2|Vaporeon, F|
|poke|p2|Cinderace, M|
|poke|p2|Scream Tail|
|poke|p2|Magnezone|
|poke|p2|Flapple, F|
|poke|p2|Hoopa-Unbound|
|teampreview
|inactive|Battle timer is ON: inactive players will automatically lose when time's up. (requested by yyb2009)
|inactive|leevoiceact has 120 seconds left.
|
|t:|1779719822
|teamsize|p1|6
|teamsize|p2|6
|start
|switch|p1a: Gliscor|Gliscor, M|100/100
|switch|p2a: Fin|Vaporeon, F|100/100
|turn|1
|
|t:|1779719843
|move|p1a: Gliscor|Tailwind|p1a: Gliscor
|-sidestart|p1: yyb2009|move: Tailwind
|move|p2a: Fin|Ice Beam|p1a: Gliscor
|-supereffective|p1a: Gliscor
|-damage|p1a: Gliscor|0 fnt
|faint|p1a: Gliscor
|
|upkeep
|
|t:|1779719851
|switch|p1a: Regieleki|Regieleki|100/100
|-item|p1a: Regieleki|Air Balloon
|turn|2
|
|t:|1779719858
|switch|p2a: UFO|Magnezone|100/100
|move|p1a: Regieleki|Thunder Cage|p2a: UFO
|-resisted|p2a: UFO
|-crit|p2a: UFO
|-damage|p2a: UFO|68/100
|-activate|p2a: UFO|move: Thunder Cage|[of] p1a: Regieleki
|
|-damage|p2a: UFO|55/100|[from] move: Thunder Cage|[partiallytrapped]
|upkeep
|turn|3
|
|t:|1779719868
|move|p1a: Regieleki|Extreme Speed|p2a: UFO
|-resisted|p2a: UFO
|-damage|p2a: UFO|46/100
|move|p2a: UFO|Flash Cannon|p1a: Regieleki
|-resisted|p1a: Regieleki
|-damage|p1a: Regieleki|44/100
|-enditem|p1a: Regieleki|Air Balloon
|
|-damage|p2a: UFO|33/100|[from] move: Thunder Cage|[partiallytrapped]
|upkeep
|turn|4
|
|t:|1779719883
|switch|p1a: Garganacl|Garganacl, F|100/100
|move|p2a: UFO|Flash Cannon|p1a: Garganacl
|-supereffective|p1a: Garganacl
|-damage|p1a: Garganacl|28/100
|
|-heal|p1a: Garganacl|34/100|[from] item: Leftovers
|-end|p2a: UFO|Thunder Cage|[partiallytrapped]|[silent]
|-sideend|p1: yyb2009|move: Tailwind
|upkeep
|turn|5
|
|t:|1779719895
|-terastallize|p1a: Garganacl|Fighting
|move|p1a: Garganacl|Body Press|p2a: UFO
|-supereffective|p2a: UFO
|-damage|p2a: UFO|0 fnt
|faint|p2a: UFO
|
|-heal|p1a: Garganacl|40/100|[from] item: Leftovers
|upkeep
|
|t:|1779719905
|switch|p2a: Core|Flapple, F|100/100
|turn|6
|
|t:|1779719912
|move|p2a: Core|Dragon Dance|p2a: Core
|-boost|p2a: Core|atk|1
|-boost|p2a: Core|spe|1
|move|p1a: Garganacl|Stealth Rock|p2a: Core
|-sidestart|p2: leevoiceact|move: Stealth Rock
|
|-heal|p1a: Garganacl|46/100|[from] item: Leftovers
|upkeep
|turn|7
|
|t:|1779719925
|move|p2a: Core|Acrobatics|p1a: Garganacl
|-supereffective|p1a: Garganacl
|-damage|p1a: Garganacl|7/100
|move|p1a: Garganacl|Salt Cure|p2a: Core
|-damage|p2a: Core|79/100
|-start|p2a: Core|Salt Cure
|
|-heal|p1a: Garganacl|13/100|[from] item: Leftovers
|-damage|p2a: Core|66/100|[from] Salt Cure
|upkeep
|turn|8
|
|t:|1779719948
|move|p2a: Core|Dragon Dance|p2a: Core
|-boost|p2a: Core|atk|1
|-boost|p2a: Core|spe|1
|move|p1a: Garganacl|Iron Defense|p1a: Garganacl
|-boost|p1a: Garganacl|def|2
|
|-heal|p1a: Garganacl|19/100|[from] item: Leftovers
|-damage|p2a: Core|54/100|[from] Salt Cure
|upkeep
|turn|9
|
|t:|1779719958
|move|p2a: Core|Acrobatics|p1a: Garganacl
|-supereffective|p1a: Garganacl
|-damage|p1a: Garganacl|0 fnt
|faint|p1a: Garganacl
|
|-damage|p2a: Core|41/100|[from] Salt Cure
|upkeep
|-enditem|p2a: Core|Liechi Berry|[eat]
|-boost|p2a: Core|atk|1|[from] item: Liechi Berry
|
|t:|1779719974
|switch|p1a: Politoed|Politoed, M|100/100
|-weather|RainDance|[from] ability: Drizzle|[of] p1a: Politoed
|turn|10
|
|t:|1779719981
|move|p2a: Core|Grav Apple|p1a: Politoed
|-supereffective|p1a: Politoed
|-damage|p1a: Politoed|0 fnt
|faint|p1a: Politoed
|
|-weather|RainDance|[upkeep]
|-damage|p2a: Core|29/100|[from] Salt Cure
|upkeep
|
|t:|1779719989
|switch|p1a: Kingambit|Kingambit, M|100/100
|-activate|p1a: Kingambit|ability: Supreme Overlord
|-start|p1a: Kingambit|fallen3|[silent]
|turn|11
|
|t:|1779719995
|move|p1a: Kingambit|Sucker Punch|p2a: Core
|-damage|p2a: Core|0 fnt
|faint|p2a: Core
|
|-weather|RainDance|[upkeep]
|upkeep
|
|t:|1779720002
|switch|p2a: Hotfoot|Cinderace, M|100/100
|turn|12
|
|t:|1779720013
|-end|p1a: Kingambit|fallen3|[silent]
|switch|p1a: Dragapult|Dragapult, F|100/100
|move|p2a: Hotfoot|Court Change|p2a: Hotfoot
|-swapsideconditions
|-activate|p2a: Hotfoot|move: Court Change
|
|-weather|RainDance|[upkeep]
|upkeep
|turn|13
|
|t:|1779720023
|move|p2a: Hotfoot|Sucker Punch|p1a: Dragapult
|-supereffective|p1a: Dragapult
|-damage|p1a: Dragapult|34/100
|move|p1a: Dragapult|Dragon Darts|p2a: Hotfoot
|-damage|p2a: Hotfoot|54/100
|-anim|p1a: Dragapult|Dragon Darts|p2a: Hotfoot
|-damage|p2a: Hotfoot|6/100
|
|-weather|RainDance|[upkeep]
|upkeep
|turn|14
|
|t:|1779720043
|move|p2a: Hotfoot|Sucker Punch|p1a: Dragapult
|-supereffective|p1a: Dragapult
|-damage|p1a: Dragapult|0 fnt
|faint|p1a: Dragapult
|
|-weather|none
|upkeep
|
|t:|1779720050
|switch|p1a: Regieleki|Regieleki|44/100
|-damage|p1a: Regieleki|31/100|[from] Stealth Rock
|turn|15
|
|t:|1779720054
|move|p1a: Regieleki|Extreme Speed|p2a: Hotfoot
|-damage|p2a: Hotfoot|0 fnt
|faint|p2a: Hotfoot
|
|upkeep
|
|t:|1779720065
|switch|p2a: Ringbearer|Hoopa-Unbound|100/100
|turn|16
|
|t:|1779720084
|-terastallize|p2a: Ringbearer|Bug
|move|p1a: Regieleki|Rapid Spin|p2a: Ringbearer
|-damage|p2a: Ringbearer|81/100
|-boost|p1a: Regieleki|spe|1
|-sideend|p1: yyb2009|Stealth Rock|[from] move: Rapid Spin|[of] p1a: Regieleki
|move|p2a: Ringbearer|Hyperspace Fury|p1a: Regieleki
|-damage|p1a: Regieleki|0 fnt
|-unboost|p2a: Ringbearer|def|1
|faint|p1a: Regieleki
|
|upkeep
|
|t:|1779720096
|switch|p1a: Kingambit|Kingambit, M|100/100
|-activate|p1a: Kingambit|ability: Supreme Overlord
|-start|p1a: Kingambit|fallen5|[silent]
|turn|17
|
|t:|1779720101
|switch|p2a: Fin|Vaporeon, F|100/100
|move|p1a: Kingambit|Sucker Punch||[still]
|-fail|p1a: Kingambit
|
|upkeep
|turn|18
|
|t:|1779720108
|move|p1a: Kingambit|Sucker Punch|p2a: Fin
|-damage|p2a: Fin|53/100
|move|p2a: Fin|Scald|p1a: Kingambit
|-damage|p1a: Kingambit|58/100
|-status|p1a: Kingambit|brn
|
|-heal|p2a: Fin|59/100|[from] item: Leftovers
|-damage|p1a: Kingambit|52/100 brn|[from] brn
|upkeep
|turn|19
|
|t:|1779720119
|move|p1a: Kingambit|Swords Dance|p1a: Kingambit
|-boost|p1a: Kingambit|atk|2
|move|p2a: Fin|Scald|p1a: Kingambit
|-damage|p1a: Kingambit|8/100 brn
|-enditem|p1a: Kingambit|Salac Berry|[eat]
|-boost|p1a: Kingambit|spe|1|[from] item: Salac Berry
|
|-heal|p2a: Fin|65/100|[from] item: Leftovers
|-damage|p1a: Kingambit|2/100 brn|[from] brn
|upkeep
|turn|20
|
|t:|1779720133
|move|p1a: Kingambit|Sucker Punch|p2a: Fin
|-damage|p2a: Fin|20/100
|move|p2a: Fin|Scald|p1a: Kingambit
|-damage|p1a: Kingambit|0 fnt
|faint|p1a: Kingambit
|-end|p1a: Kingambit|fallen5|[silent]
|
|win|leevoiceact
|raw|yyb2009's rating: 1084 &rarr; <strong>1065</strong><br />(-19 for losing)
|raw|leevoiceact's rating: 1136 &rarr; <strong>1157</strong><br />(+21 for winning)
|l|☆yyb2009
|player|p1|
|l|☆leevoiceact
|player|p2|
