|j|☆Dianami
|j|☆claudechamp
|t:|1779707539
|gametype|singles
|player|p1|Dianami|elesa-masters|1209
|player|p2|claudechamp|169|1231
|gen|9
|tier|[Gen 9] OU
|rated|
|rule|HP Percentage Mod: HP is shown in percentages
|rule|Endless Battle Clause: Forcing endless battles is banned
|rule|Species Clause: Limit one of each Pokémon
|rule|OHKO Clause: OHKO moves are banned
|rule|Evasion Items Clause: Evasion items are banned
|rule|Evasion Moves Clause: Evasion moves are banned
|rule|Evasion Abilities Clause: Evasion abilities are banned
|rule|Sleep Moves Clause: Sleep-inducing moves are banned
|clearpoke
|poke|p1|Hoopa-Unbound|
|poke|p1|Alomomola, M|
|poke|p1|Great Tusk|
|poke|p1|Zapdos|
|poke|p1|Iron Valiant|
|poke|p1|Ogerpon-Wellspring, F|
|poke|p2|Gliscor, M|
|poke|p2|Gholdengo|
|poke|p2|Zamazenta-*|
|poke|p2|Blissey, F|
|poke|p2|Skarmory, M|
|poke|p2|Pecharunt|
|teampreview
|c|☆claudechamp|hf
|c|☆Dianami|hf
|
|t:|1779707550
|teamsize|p1|6
|teamsize|p2|6
|start
|switch|p1a: Hoopa|Hoopa-Unbound|100/100
|switch|p2a: Skarmory|Skarmory, M|100/100
|turn|1
|inactive|Battle timer is ON: inactive players will automatically lose when time's up. (requested by claudechamp)
|
|t:|1779707561
|move|p1a: Hoopa|Hyperspace Fury|p2a: Skarmory
|-damage|p2a: Skarmory|41/100
|-unboost|p1a: Hoopa|def|1
|move|p2a: Skarmory|Spikes|p1a: Hoopa
|-sidestart|p1: Dianami|Spikes
|
|upkeep
|turn|2
|
|t:|1779707564
|switch|p2a: Zamazenta|Zamazenta|100/100
|-ability|p2a: Zamazenta|Dauntless Shield|boost
|-boost|p2a: Zamazenta|def|1
|move|p1a: Hoopa|Hyperspace Fury|p2a: Zamazenta
|-resisted|p2a: Zamazenta
|-damage|p2a: Zamazenta|72/100
|-unboost|p1a: Hoopa|def|1
|
|upkeep
|turn|3
|
|t:|1779707569
|switch|p1a: Zapdos|Zapdos|100/100
|move|p2a: Zamazenta|Ice Fang|p1a: Zapdos
|-supereffective|p1a: Zapdos
|-damage|p1a: Zapdos|54/100
|-status|p1a: Zapdos|frz
|
|upkeep
|turn|4
|
|t:|1779707573
|move|p2a: Zamazenta|Ice Fang|p1a: Zapdos
|-supereffective|p1a: Zapdos
|-damage|p1a: Zapdos|10/100 frz
|cant|p1a: Zapdos|frz
|
|upkeep
|turn|5
|
|t:|1779707580
|switch|p1a: Alomomola|Alomomola, M|100/100
|-damage|p1a: Alomomola|88/100|[from] Spikes
|move|p2a: Zamazenta|Close Combat|p1a: Alomomola
|-damage|p1a: Alomomola|54/100
|-unboost|p2a: Zamazenta|def|1
|-unboost|p2a: Zamazenta|spd|1
|-damage|p2a: Zamazenta|55/100|[from] item: Rocky Helmet|[of] p1a: Alomomola
|
|upkeep
|turn|6
|
|t:|1779707591
|switch|p2a: Gliscor|Gliscor, M|100/100
|move|p1a: Alomomola|Flip Turn|p2a: Gliscor
|-supereffective|p2a: Gliscor
|-damage|p2a: Gliscor|76/100
|
|t:|1779707601
|switch|p1a: Hoopa|Hoopa-Unbound|100/100|[from] Flip Turn
|-damage|p1a: Hoopa|88/100|[from] Spikes
|
|-status|p2a: Gliscor|tox|[from] item: Toxic Orb
|upkeep
|turn|7
|
|t:|1779707604
|-terastallize|p1a: Hoopa|Dark
|-terastallize|p2a: Gliscor|Dark
|move|p1a: Hoopa|Hyperspace Fury|p2a: Gliscor
|-resisted|p2a: Gliscor
|-damage|p2a: Gliscor|23/100 tox
|-unboost|p1a: Hoopa|def|1
|move|p2a: Gliscor|Knock Off|p1a: Hoopa
|-resisted|p1a: Hoopa
|-damage|p1a: Hoopa|47/100
|-enditem|p1a: Hoopa|Choice Band|[from] move: Knock Off|[of] p2a: Gliscor
|
|-heal|p2a: Gliscor|35/100 tox|[from] ability: Poison Heal
|upkeep
|turn|8
|
|t:|1779707610
|move|p1a: Hoopa|Hyperspace Fury|p2a: Gliscor
|-resisted|p2a: Gliscor
|-damage|p2a: Gliscor|0 fnt
|-unboost|p1a: Hoopa|def|1
|faint|p2a: Gliscor
|-item|p1a: Hoopa|Toxic Orb|[from] ability: Magician|[of] p2: Gliscor
|
|-status|p1a: Hoopa|tox|[from] item: Toxic Orb
|upkeep
|
|t:|1779707614
|switch|p2a: Zamazenta|Zamazenta|55/100
|turn|9
|
|t:|1779707620
|switch|p1a: Alomomola|Alomomola, M|88/100
|-damage|p1a: Alomomola|75/100|[from] Spikes
|move|p2a: Zamazenta|Close Combat|p1a: Alomomola
|-damage|p1a: Alomomola|46/100
|-unboost|p2a: Zamazenta|def|1
|-unboost|p2a: Zamazenta|spd|1
|-damage|p2a: Zamazenta|39/100|[from] item: Rocky Helmet|[of] p1a: Alomomola
|
|upkeep
|turn|10
|
|t:|1779707632
|move|p2a: Zamazenta|Close Combat|p1a: Alomomola
|-damage|p1a: Alomomola|14/100
|-unboost|p2a: Zamazenta|def|1
|-unboost|p2a: Zamazenta|spd|1
|-damage|p2a: Zamazenta|22/100|[from] item: Rocky Helmet|[of] p1a: Alomomola
|move|p1a: Alomomola|Flip Turn|p2a: Zamazenta
|-damage|p2a: Zamazenta|0 fnt
|faint|p2a: Zamazenta
|
|t:|1779707647
|switch|p1a: Ogerpon|Ogerpon-Wellspring, F|100/100|[from] Flip Turn
|-damage|p1a: Ogerpon|88/100|[from] Spikes
|
|upkeep
|
|t:|1779707649
|switch|p2a: Skarmory|Skarmory, M|41/100
|turn|11
|
|t:|1779707659
|move|p1a: Ogerpon|Knock Off|p2a: Skarmory
|-damage|p2a: Skarmory|17/100
|-enditem|p2a: Skarmory|Heavy-Duty Boots|[from] move: Knock Off|[of] p1a: Ogerpon
|move|p2a: Skarmory|Roost|p2a: Skarmory
|-heal|p2a: Skarmory|67/100
|-singleturn|p2a: Skarmory|move: Roost
|
|upkeep
|turn|12
|
|t:|1779707664
|move|p1a: Ogerpon|Swords Dance|p1a: Ogerpon
|-boost|p1a: Ogerpon|atk|2
|move|p2a: Skarmory|Spikes|p1a: Ogerpon
|-sidestart|p1: Dianami|Spikes
|
|upkeep
|turn|13
|
|t:|1779707667
|move|p1a: Ogerpon|Ivy Cudgel|p2a: Skarmory|[anim] Ivy Cudgel Water
|-damage|p2a: Skarmory|0 fnt
|faint|p2a: Skarmory
|
|upkeep
|
|t:|1779707671
|switch|p2a: Pecharunt|Pecharunt|100/100
|turn|14
|
|t:|1779707674
|move|p1a: Ogerpon|Knock Off|p2a: Pecharunt
|-supereffective|p2a: Pecharunt
|-damage|p2a: Pecharunt|24/100
|-enditem|p2a: Pecharunt|Heavy-Duty Boots|[from] move: Knock Off|[of] p1a: Ogerpon
|move|p2a: Pecharunt|Shadow Ball|p1a: Ogerpon
|-damage|p1a: Ogerpon|61/100
|-unboost|p1a: Ogerpon|spd|1
|
|upkeep
|turn|15
|
|t:|1779707680
|switch|p2a: Gholdengo|Gholdengo|100/100
|move|p1a: Ogerpon|Knock Off|p2a: Gholdengo
|-supereffective|p2a: Gholdengo
|-damage|p2a: Gholdengo|0 fnt
|-enditem|p2a: Gholdengo|Ability Shield|[from] move: Knock Off|[of] p1a: Ogerpon
|faint|p2a: Gholdengo
|
|upkeep
|
|t:|1779707684
|switch|p2a: Blissey|Blissey, F|100/100
|turn|16
|
|t:|1779707687
|move|p1a: Ogerpon|Ivy Cudgel|p2a: Blissey|[anim] Ivy Cudgel Water
|-damage|p2a: Blissey|0 fnt
|faint|p2a: Blissey
|
|upkeep
|
|t:|1779707690
|switch|p2a: Pecharunt|Pecharunt|24/100
|turn|17
|
|t:|1779707693
|move|p1a: Ogerpon|Ivy Cudgel|p2a: Pecharunt|[anim] Ivy Cudgel Water
|-damage|p2a: Pecharunt|0 fnt
|faint|p2a: Pecharunt
|
|win|Dianami
|raw|Dianami's rating: 1209 &rarr; <strong>1238</strong><br />(+29 for winning)
|raw|claudechamp's rating: 1258 &rarr; <strong>1229</strong><br />(-29 for losing)
|c|☆claudechamp|gg
|c|☆Dianami|gg
