|j|☆wallahi brobini
|j|‽d00d guy
|t:|1779661514
|gametype|singles
|player|p1|wallahi brobini|169|1271
|player|p2|d00d guy|170|1296
|gen|9
|tier|[Gen 9] OU
|rated|
|rule|HP Percentage Mod: HP is shown in percentages
|rule|Endless Battle Clause: Forcing endless battles is banned
|rule|Species Clause: Limit one of each Pokémon
|rule|OHKO Clause: OHKO moves are banned
|rule|Evasion Items Clause: Evasion items are banned
|rule|Evasion Moves Clause: Evasion moves are banned
|rule|Evasion Abilities Clause: Evasion abilities are banned
|rule|Sleep Moves Clause: Sleep-inducing moves are banned
|clearpoke
|poke|p1|Tyranitar, M|
|poke|p1|Zapdos-Galar|
|poke|p1|Ogerpon-Wellspring, F|
|poke|p1|Dragapult, F|
|poke|p1|Kleavor, F|
|poke|p1|Gholdengo|
|poke|p2|Ninetales, M|
|poke|p2|Blaziken, F|
|poke|p2|Walking Wake|
|poke|p2|Whimsicott, F|
|poke|p2|Great Tusk|
|poke|p2|Iron Moth|
|teampreview
|inactive|Battle timer is ON: inactive players will automatically lose when time's up. (requested by d00d guy)
|
|t:|1779661526
|teamsize|p1|6
|teamsize|p2|6
|start
|switch|p1a: Kleavor|Kleavor, F|100/100
|switch|p2a: Walking Wake|Walking Wake|100/100
|turn|1
|
|t:|1779661534
|move|p1a: Kleavor|U-turn|p2a: Walking Wake
|-damage|p2a: Walking Wake|68/100
|
|t:|1779661539
|switch|p1a: Ogerpon|Ogerpon-Wellspring, F|100/100|[from] U-turn
|move|p2a: Walking Wake|Knock Off|p1a: Ogerpon
|-damage|p1a: Ogerpon|86/100
|
|upkeep
|turn|2
|
|t:|1779661547
|move|p1a: Ogerpon|Horn Leech|p2a: Walking Wake
|-damage|p2a: Walking Wake|30/100
|-heal|p1a: Ogerpon|100/100|[from] drain|[of] p2a: Walking Wake
|move|p2a: Walking Wake|Draco Meteor|p1a: Ogerpon
|-damage|p1a: Ogerpon|31/100
|-unboost|p2a: Walking Wake|spa|2
|
|upkeep
|turn|3
|
|t:|1779661558
|-end|p2a: Walking Wake|Protosynthesis|[silent]
|switch|p2a: Ninetales|Ninetales, M, shiny|100/100
|-weather|SunnyDay|[from] ability: Drought|[of] p2a: Ninetales
|move|p1a: Ogerpon|Ivy Cudgel|p2a: Ninetales|[anim] Ivy Cudgel Water
|-supereffective|p2a: Ninetales
|-crit|p2a: Ninetales
|-damage|p2a: Ninetales|0 fnt
|faint|p2a: Ninetales
|
|-weather|SunnyDay|[upkeep]
|upkeep
|
|t:|1779661565
|switch|p2a: Whimsicott|Whimsicott, F, shiny|100/100
|turn|4
|c|☆wallahi brobini|yeah
|
|t:|1779661572
|switch|p1a: Tyranitar|Tyranitar, M|100/100
|-weather|Sandstorm|[from] ability: Sand Stream|[of] p1a: Tyranitar
|move|p2a: Whimsicott|Growth|p2a: Whimsicott
|-boost|p2a: Whimsicott|atk|1
|-boost|p2a: Whimsicott|spa|1
|
|-weather|Sandstorm|[upkeep]
|-damage|p2a: Whimsicott|94/100|[from] Sandstorm
|upkeep
|turn|5
|
|t:|1779661580
|switch|p1a: Kleavor|Kleavor, F|100/100
|move|p2a: Whimsicott|Moonblast|p1a: Kleavor
|-damage|p1a: Kleavor|21/100
|-damage|p2a: Whimsicott|85/100|[from] item: Life Orb
|
|-weather|Sandstorm|[upkeep]
|-damage|p2a: Whimsicott|78/100|[from] Sandstorm
|upkeep
|turn|6
|
|t:|1779661598
|switch|p2a: Great Tusk|Great Tusk|100/100
|move|p1a: Kleavor|X-Scissor|p2a: Great Tusk
|-resisted|p2a: Great Tusk
|-damage|p2a: Great Tusk|82/100
|-damage|p1a: Kleavor|5/100|[from] item: Rocky Helmet|[of] p2a: Great Tusk
|
|-weather|Sandstorm|[upkeep]
|upkeep
|turn|7
|
|t:|1779661620
|switch|p1a: Gholdengo|Gholdengo|100/100
|-item|p1a: Gholdengo|Air Balloon
|move|p2a: Great Tusk|Stealth Rock|p1a: Gholdengo
|-sidestart|p1: wallahi brobini|move: Stealth Rock
|
|-weather|Sandstorm|[upkeep]
|upkeep
|turn|8
|
|t:|1779661630
|move|p2a: Great Tusk|Ice Spinner|p1a: Gholdengo
|-resisted|p1a: Gholdengo
|-damage|p1a: Gholdengo|89/100
|-enditem|p1a: Gholdengo|Air Balloon
|move|p1a: Gholdengo|Thunder Wave|p2a: Great Tusk
|-immune|p2a: Great Tusk
|
|-weather|none
|upkeep
|turn|9
|
|t:|1779661640
|switch|p1a: Kleavor|Kleavor, F|5/100
|-damage|p1a: Kleavor|0 fnt|[from] Stealth Rock
|faint|p1a: Kleavor
|move|p2a: Great Tusk|Ice Spinner|p1: Kleavor|[notarget]
|-fail|p2a: Great Tusk
|
|upkeep
|
|t:|1779661645
|switch|p1a: Ogerpon|Ogerpon-Wellspring, F|31/100
|-damage|p1a: Ogerpon|19/100|[from] Stealth Rock
|turn|10
|inactive|d00d guy has 120 seconds left.
|
|t:|1779661681
|-end|p2a: Great Tusk|Protosynthesis|[silent]
|switch|p2a: Whimsicott|Whimsicott, F, shiny|78/100
|move|p1a: Ogerpon|Horn Leech|p2a: Whimsicott
|-resisted|p2a: Whimsicott
|-damage|p2a: Whimsicott|52/100
|-heal|p1a: Ogerpon|32/100|[from] drain|[of] p2a: Whimsicott
|
|upkeep
|turn|11
|inactive|d00d guy has 120 seconds left.
|
|t:|1779661699
|switch|p1a: Gholdengo|Gholdengo|89/100
|-damage|p1a: Gholdengo|83/100|[from] Stealth Rock
|move|p2a: Whimsicott|Moonblast|p1a: Gholdengo
|-resisted|p1a: Gholdengo
|-damage|p1a: Gholdengo|65/100
|-unboost|p1a: Gholdengo|spa|1
|-damage|p2a: Whimsicott|43/100|[from] item: Life Orb
|
|upkeep
|turn|12
|inactive|d00d guy has 120 seconds left.
|
|t:|1779661710
|move|p2a: Whimsicott|Shadow Ball|p1a: Gholdengo
|-supereffective|p1a: Gholdengo
|-damage|p1a: Gholdengo|25/100
|-damage|p2a: Whimsicott|33/100|[from] item: Life Orb
|move|p1a: Gholdengo|Recover|p1a: Gholdengo
|-heal|p1a: Gholdengo|75/100
|
|upkeep
|turn|13
|
|t:|1779661718
|move|p2a: Whimsicott|Shadow Ball|p1a: Gholdengo
|-supereffective|p1a: Gholdengo
|-damage|p1a: Gholdengo|35/100
|-damage|p2a: Whimsicott|23/100|[from] item: Life Orb
|move|p1a: Gholdengo|Thunder Wave|p2a: Whimsicott
|-status|p2a: Whimsicott|par
|
|upkeep
|turn|14
|
|t:|1779661721
|move|p1a: Gholdengo|Recover|p1a: Gholdengo
|-heal|p1a: Gholdengo|85/100
|cant|p2a: Whimsicott|par
|
|upkeep
|turn|15
|
|t:|1779661725
|move|p1a: Gholdengo|Hex|p2a: Whimsicott
|-damage|p2a: Whimsicott|0 fnt
|faint|p2a: Whimsicott
|
|upkeep
|
|t:|1779661733
|switch|p2a: Iron Moth|Iron Moth, shiny|100/100
|-enditem|p2a: Iron Moth|Booster Energy
|-activate|p2a: Iron Moth|ability: Quark Drive|[fromitem]
|-start|p2a: Iron Moth|quarkdrivespe
|turn|16
|
|t:|1779661737
|switch|p1a: Tyranitar|Tyranitar, M|100/100
|-damage|p1a: Tyranitar|88/100|[from] Stealth Rock
|-weather|Sandstorm|[from] ability: Sand Stream|[of] p1a: Tyranitar
|move|p2a: Iron Moth|Fiery Dance|p1a: Tyranitar
|-resisted|p1a: Tyranitar
|-damage|p1a: Tyranitar|81/100
|
|-weather|Sandstorm|[upkeep]
|-damage|p2a: Iron Moth|95/100|[from] Sandstorm
|upkeep
|turn|17
|
|t:|1779661748
|-end|p2a: Iron Moth|Quark Drive|[silent]
|switch|p2a: Great Tusk|Great Tusk|82/100
|move|p1a: Tyranitar|Knock Off|p2a: Great Tusk
|-resisted|p2a: Great Tusk
|-damage|p2a: Great Tusk|69/100
|-damage|p1a: Tyranitar|64/100|[from] item: Rocky Helmet|[of] p2a: Great Tusk
|-enditem|p2a: Great Tusk|Rocky Helmet|[from] move: Knock Off|[of] p1a: Tyranitar
|
|-weather|Sandstorm|[upkeep]
|upkeep
|turn|18
|
|t:|1779661754
|switch|p1a: Zapdos|Zapdos-Galar|100/100
|-damage|p1a: Zapdos|88/100|[from] Stealth Rock
|move|p2a: Great Tusk|Headlong Rush|p1a: Zapdos
|-immune|p1a: Zapdos
|
|-weather|Sandstorm|[upkeep]
|-damage|p1a: Zapdos|82/100|[from] Sandstorm
|upkeep
|turn|19
|
|t:|1779661762
|move|p1a: Zapdos|Brave Bird|p2a: Great Tusk
|-supereffective|p2a: Great Tusk
|-damage|p2a: Great Tusk|0 fnt
|faint|p2a: Great Tusk
|-end|p2a: Great Tusk|Protosynthesis|[silent]
|-damage|p1a: Zapdos|51/100|[from] Recoil
|
|-weather|Sandstorm|[upkeep]
|-damage|p1a: Zapdos|45/100|[from] Sandstorm
|upkeep
|
|t:|1779661781
|switch|p2a: Iron Moth|Iron Moth, shiny|95/100
|turn|20
|
|t:|1779661786
|switch|p1a: Tyranitar|Tyranitar, M|64/100
|-damage|p1a: Tyranitar|52/100|[from] Stealth Rock
|move|p2a: Iron Moth|Sludge Wave|p1a: Tyranitar
|-resisted|p1a: Tyranitar
|-damage|p1a: Tyranitar|44/100
|
|-weather|none
|upkeep
|turn|21
|
|t:|1779661793
|-end|p2a: Iron Moth|Quark Drive|[silent]
|switch|p2a: Walking Wake|Walking Wake|30/100
|move|p1a: Tyranitar|Earthquake|p2a: Walking Wake
|-damage|p2a: Walking Wake|0 fnt
|faint|p2a: Walking Wake
|-end|p2a: Walking Wake|Protosynthesis|[silent]
|
|upkeep
|c|☆wallahi brobini|you couldve won btw
|
|t:|1779661799
|switch|p2a: Blaziken|Blaziken, F|100/100
|turn|22
|c|☆wallahi brobini|blaziken
|c|☆wallahi brobini|protect
|c|☆wallahi brobini|and then sweep
|c|☆wallahi brobini|or like it would be a treat
|
|t:|1779661815
|switch|p1a: Ogerpon|Ogerpon-Wellspring, F|32/100
|-damage|p1a: Ogerpon|20/100|[from] Stealth Rock
|move|p2a: Blaziken|Close Combat|p1a: Ogerpon
|-damage|p1a: Ogerpon|0 fnt
|-unboost|p2a: Blaziken|def|1
|-unboost|p2a: Blaziken|spd|1
|faint|p1a: Ogerpon
|
|-ability|p2a: Blaziken|Speed Boost|boost
|-boost|p2a: Blaziken|spe|1
|upkeep
|
|t:|1779661826
|switch|p1a: Dragapult|Dragapult, F|100/100
|-damage|p1a: Dragapult|88/100|[from] Stealth Rock
|turn|23
|c|☆wallahi brobini|ofc
|c|☆wallahi brobini|you cant fathom that
|
|t:|1779661835
|switch|p2a: Iron Moth|Iron Moth, shiny|95/100
|move|p1a: Dragapult|Shadow Ball|p2a: Iron Moth
|-damage|p2a: Iron Moth|36/100
|
|upkeep
|turn|24
|
|t:|1779661841
|move|p1a: Dragapult|Shadow Ball|p2a: Iron Moth
|-damage|p2a: Iron Moth|0 fnt
|faint|p2a: Iron Moth
|-end|p2a: Iron Moth|Quark Drive|[silent]
|
|upkeep
|
|t:|1779661844
|switch|p2a: Blaziken|Blaziken, F|100/100
|turn|25
|
|t:|1779661848
|move|p2a: Blaziken|Protect|p2a: Blaziken
|-singleturn|p2a: Blaziken|Protect
|move|p1a: Dragapult|Shadow Ball|p2a: Blaziken
|-activate|p2a: Blaziken|move: Protect
|
|-ability|p2a: Blaziken|Speed Boost|boost
|-boost|p2a: Blaziken|spe|1
|upkeep
|turn|26
|
|t:|1779661858
|move|p1a: Dragapult|Shadow Ball|p2a: Blaziken
|-damage|p2a: Blaziken|24/100
|move|p2a: Blaziken|Swords Dance|p2a: Blaziken
|-boost|p2a: Blaziken|atk|2
|
|-heal|p2a: Blaziken|30/100|[from] item: Leftovers
|-ability|p2a: Blaziken|Speed Boost|boost
|-boost|p2a: Blaziken|spe|1
|upkeep
|turn|27
|
|t:|1779661863
|move|p2a: Blaziken|Flare Blitz|p1a: Dragapult
|-resisted|p1a: Dragapult
|-damage|p1a: Dragapult|0 fnt
|faint|p1a: Dragapult
|-damage|p2a: Blaziken|0 fnt|[from] Recoil
|faint|p2a: Blaziken
|
|win|wallahi brobini
|raw|wallahi brobini's rating: 1271 &rarr; <strong>1298</strong><br />(+27 for winning)
|raw|d00d guy's rating: 1296 &rarr; <strong>1269</strong><br />(-27 for losing)
