|j|☆TinkatonSupremacy3
|j|☆Backroolls
|t:|1779717856
|gametype|singles
|player|p1|TinkatonSupremacy3|266|1099
|player|p2|Backroolls|tuberf|1047
|gen|9
|tier|[Gen 9] OU
|rated|
|rule|HP Percentage Mod: HP is shown in percentages
|rule|Endless Battle Clause: Forcing endless battles is banned
|rule|Species Clause: Limit one of each Pokémon
|rule|OHKO Clause: OHKO moves are banned
|rule|Evasion Items Clause: Evasion items are banned
|rule|Evasion Moves Clause: Evasion moves are banned
|rule|Evasion Abilities Clause: Evasion abilities are banned
|rule|Sleep Moves Clause: Sleep-inducing moves are banned
|clearpoke
|poke|p1|Gholdengo|
|poke|p1|Samurott-Hisui, F|
|poke|p1|Tinkaton, F|
|poke|p1|Zapdos|
|poke|p1|Dragonite, M|
|poke|p1|Great Tusk|
|poke|p2|Ninetales, F|
|poke|p2|Lilligant-Hisui, F|
|poke|p2|Goodra-Hisui, F|
|poke|p2|Enamorus, F|
|poke|p2|Walking Wake|
|poke|p2|Regieleki|
|teampreview
|j| PexSupremacy
|
|t:|1779717908
|teamsize|p1|6
|teamsize|p2|6
|start
|switch|p1a: Zapdos|Zapdos|100/100
|switch|p2a: Ninetales|Ninetales, F|100/100
|-weather|SunnyDay|[from] ability: Drought|[of] p2a: Ninetales
|turn|1
|
|t:|1779717922
|move|p2a: Ninetales|Flamethrower|p1a: Zapdos
|-damage|p1a: Zapdos|47/100
|move|p1a: Zapdos|Thunder Wave|p2a: Ninetales
|-status|p2a: Ninetales|par
|
|-weather|SunnyDay|[upkeep]
|upkeep
|turn|2
|
|t:|1779717929
|move|p1a: Zapdos|Roost|p1a: Zapdos
|-heal|p1a: Zapdos|97/100
|-singleturn|p1a: Zapdos|move: Roost
|cant|p2a: Ninetales|par
|
|-weather|SunnyDay|[upkeep]
|upkeep
|turn|3
|c|☆TinkatonSupremacy3|watch me hit hurricane during the sun
|
|t:|1779717950
|switch|p2a: Goodra|Goodra-Hisui, F|100/100
|move|p1a: Zapdos|Hurricane|p2a: Goodra|[miss]
|-miss|p1a: Zapdos|p2a: Goodra
|
|-weather|SunnyDay|[upkeep]
|upkeep
|turn|4
|
|t:|1779717954
|move|p1a: Zapdos|Volt Switch|p2a: Goodra
|-resisted|p2a: Goodra
|-damage|p2a: Goodra|95/100
|c|☆TinkatonSupremacy3|oh
|n| PexSupremacy|pexsupremacy
|
|t:|1779717961
|switch|p1a: Samurott|Samurott-Hisui, F|100/100|[from] Volt Switch
|move|p2a: Goodra|Ice Beam|p1a: Samurott
|-resisted|p1a: Samurott
|-damage|p1a: Samurott|90/100
|
|-weather|SunnyDay|[upkeep]
|upkeep
|turn|5
|
|t:|1779718000
|move|p1a: Samurott|Ceaseless Edge|p2a: Goodra
|-crit|p2a: Goodra
|-damage|p2a: Goodra|40/100
|-sidestart|p2: Backroolls|Spikes
|move|p2a: Goodra|Draco Meteor|p1a: Samurott|[miss]
|-miss|p2a: Goodra|p1a: Samurott
|
|-weather|SunnyDay|[upkeep]
|upkeep
|turn|6
|c|☆TinkatonSupremacy3|good rng
|
|t:|1779718030
|move|p1a: Samurott|Knock Off|p2a: Goodra
|-damage|p2a: Goodra|0 fnt
|-enditem|p2a: Goodra|Assault Vest|[from] move: Knock Off|[of] p1a: Samurott
|faint|p2a: Goodra
|
|-weather|SunnyDay|[upkeep]
|upkeep
|
|t:|1779718037
|switch|p2a: Lilligant|Lilligant-Hisui, F|100/100
|-damage|p2a: Lilligant|88/100|[from] Spikes
|turn|7
|
|t:|1779718047
|switch|p1a: Tinkaton|Tinkaton, F|100/100
|-ability|p1a: Tinkaton|Mold Breaker
|-item|p1a: Tinkaton|Air Balloon
|move|p2a: Lilligant|Solar Blade||[still]
|-prepare|p2a: Lilligant|Solar Blade
|-anim|p2a: Lilligant|Solar Blade|p1a: Tinkaton
|-resisted|p1a: Tinkaton
|-damage|p1a: Tinkaton|53/100
|-enditem|p1a: Tinkaton|Air Balloon
|-damage|p2a: Lilligant|78/100|[from] item: Life Orb
|
|-weather|SunnyDay|[upkeep]
|upkeep
|turn|8
|
|t:|1779718060
|move|p2a: Lilligant|Close Combat|p1a: Tinkaton
|-damage|p1a: Tinkaton|0 fnt
|-unboost|p2a: Lilligant|def|1
|-unboost|p2a: Lilligant|spd|1
|faint|p1a: Tinkaton
|-damage|p2a: Lilligant|68/100|[from] item: Life Orb
|
|-weather|none
|upkeep
|n| BrillaintStar|pexsupremacy
|c|☆TinkatonSupremacy3|YOU WHAT
|
|t:|1779718078
|switch|p1a: Dragonite|Dragonite, M|100/100
|turn|9
|
|t:|1779718087
|switch|p2a: Ninetales|Ninetales, F|100/100 par
|-damage|p2a: Ninetales|88/100 par|[from] Spikes
|-weather|SunnyDay|[from] ability: Drought|[of] p2a: Ninetales
|move|p1a: Dragonite|Scale Shot|p2a: Ninetales
|-damage|p2a: Ninetales|65/100 par
|-damage|p2a: Ninetales|41/100 par
|-damage|p2a: Ninetales|17/100 par
|-damage|p2a: Ninetales|0 fnt
|faint|p2a: Ninetales
|-hitcount|p2: Ninetales|4
|-unboost|p1a: Dragonite|def|1
|-boost|p1a: Dragonite|spe|1
|
|-weather|SunnyDay|[upkeep]
|upkeep
|
|t:|1779718101
|switch|p2a: Lilligant|Lilligant-Hisui, F|68/100
|-damage|p2a: Lilligant|56/100|[from] Spikes
|turn|10
|c|☆TinkatonSupremacy3|YOU'RE BRILLIANT MISSPELLED STAR
|
|t:|1779718115
|-terastallize|p1a: Dragonite|Fire
|move|p2a: Lilligant|Triple Axel|p1a: Dragonite
|-resisted|p1a: Dragonite
|-damage|p1a: Dragonite|97/100
|-resisted|p1a: Dragonite
|-damage|p1a: Dragonite|82/100
|-resisted|p1a: Dragonite
|-damage|p1a: Dragonite|62/100
|-hitcount|p1a: Dragonite|3
|-damage|p2a: Lilligant|46/100|[from] item: Life Orb
|move|p1a: Dragonite|Dragon Dance|p1a: Dragonite
|-boost|p1a: Dragonite|atk|1
|-boost|p1a: Dragonite|spe|1
|
|-weather|SunnyDay|[upkeep]
|upkeep
|turn|11
|
|t:|1779718125
|move|p1a: Dragonite|Extreme Speed|p2a: Lilligant
|-damage|p2a: Lilligant|0 fnt
|faint|p2a: Lilligant
|
|-weather|SunnyDay|[upkeep]
|upkeep
|c| BrillaintStar|You just noticed
|
|t:|1779718135
|switch|p2a: Enamorus|Enamorus, F|100/100
|turn|12
|c|☆TinkatonSupremacy3|i cant use /alts on you
|
|t:|1779718146
|move|p1a: Dragonite|Extreme Speed|p2a: Enamorus
|-damage|p2a: Enamorus|12/100
|move|p2a: Enamorus|Earth Power|p1a: Dragonite
|-supereffective|p1a: Dragonite
|-damage|p1a: Dragonite|0 fnt
|faint|p1a: Dragonite
|
|-weather|SunnyDay|[upkeep]
|upkeep
|
|t:|1779718150
|switch|p1a: Zapdos|Zapdos|97/100
|turn|13
|
|t:|1779718156
|switch|p2a: Regieleki|Regieleki|100/100
|-item|p2a: Regieleki|Air Balloon
|move|p1a: Zapdos|Thunder Wave|p2a: Regieleki
|-immune|p2a: Regieleki
|
|-weather|SunnyDay|[upkeep]
|upkeep
|turn|14
|c| BrillaintStar|Also the real BrilliantStar with no misspelling was taken
|
|t:|1779718165
|move|p2a: Regieleki|Thunderbolt|p1a: Zapdos
|-crit|p1a: Zapdos
|-damage|p1a: Zapdos|37/100
|move|p1a: Zapdos|Hurricane|p2a: Regieleki
|-resisted|p2a: Regieleki
|-damage|p2a: Regieleki|64/100
|-enditem|p2a: Regieleki|Air Balloon
|
|-weather|SunnyDay|[upkeep]
|upkeep
|turn|15
|
|t:|1779718170
|move|p2a: Regieleki|Thunderbolt|p1a: Zapdos
|-damage|p1a: Zapdos|0 fnt
|faint|p1a: Zapdos
|
|-weather|SunnyDay|[upkeep]
|upkeep
|c| BrillaintStar|~~by me and I forgot the password~~
|
|t:|1779718176
|switch|p1a: Great Tusk|Great Tusk|100/100
|-activate|p1a: Great Tusk|ability: Protosynthesis
|-start|p1a: Great Tusk|protosynthesisatk
|turn|16
|c|☆TinkatonSupremacy3|smh
|
|t:|1779718187
|move|p2a: Regieleki|Rapid Spin|p1a: Great Tusk
|-crit|p1a: Great Tusk
|-damage|p1a: Great Tusk|88/100
|-boost|p2a: Regieleki|spe|1
|-sideend|p2: Backroolls|Spikes|[from] move: Rapid Spin|[of] p2a: Regieleki
|move|p1a: Great Tusk|Ice Spinner|p2a: Regieleki
|-damage|p2a: Regieleki|0 fnt
|faint|p2a: Regieleki
|
|-weather|none
|-end|p1a: Great Tusk|Protosynthesis
|upkeep
|
|t:|1779718196
|switch|p2a: Walking Wake|Walking Wake|100/100
|turn|17
|
|t:|1779718201
|-end|p1a: Great Tusk|Protosynthesis|[silent]
|switch|p1a: Samurott|Samurott-Hisui, F|90/100
|move|p2a: Walking Wake|Hydro Steam|p1a: Samurott
|-resisted|p1a: Samurott
|-damage|p1a: Samurott|69/100
|
|upkeep
|turn|18
|
|t:|1779718210
|-end|p2a: Walking Wake|Protosynthesis|[silent]
|switch|p2a: Enamorus|Enamorus, F|12/100
|move|p1a: Samurott|Knock Off|p2a: Enamorus
|-resisted|p2a: Enamorus
|-damage|p2a: Enamorus|0 fnt
|-enditem|p2a: Enamorus|Assault Vest|[from] move: Knock Off|[of] p1a: Samurott
|faint|p2a: Enamorus
|
|upkeep
|
|t:|1779718211
|switch|p2a: Walking Wake|Walking Wake|100/100
|turn|19
|
|t:|1779718216
|move|p2a: Walking Wake|Draco Meteor|p1a: Samurott
|-damage|p1a: Samurott|0 fnt
|-unboost|p2a: Walking Wake|spa|2
|faint|p1a: Samurott
|
|upkeep
|
|t:|1779718223
|switch|p1a: Gholdengo|Gholdengo|100/100
|-item|p1a: Gholdengo|Air Balloon
|turn|20
|
|t:|1779718226
|move|p2a: Walking Wake|Draco Meteor|p1a: Gholdengo|[miss]
|-miss|p2a: Walking Wake|p1a: Gholdengo
|move|p1a: Gholdengo|Nasty Plot|p1a: Gholdengo
|-boost|p1a: Gholdengo|spa|2
|
|upkeep
|turn|21
|c|☆TinkatonSupremacy3|nice rng
|
|t:|1779718230
|move|p2a: Walking Wake|Draco Meteor|p1a: Gholdengo
|-resisted|p1a: Gholdengo
|-damage|p1a: Gholdengo|72/100
|-unboost|p2a: Walking Wake|spa|2
|-enditem|p1a: Gholdengo|Air Balloon
|move|p1a: Gholdengo|Shadow Ball|p2a: Walking Wake
|-damage|p2a: Walking Wake|0 fnt
|faint|p2a: Walking Wake
|-end|p2a: Walking Wake|Protosynthesis|[silent]
|
|win|TinkatonSupremacy3
|raw|TinkatonSupremacy3's rating: 1099 &rarr; <strong>1120</strong><br />(+21 for winning)
|raw|Backroolls's rating: 1047 &rarr; <strong>1032</strong><br />(-15 for losing)
|l|☆Backroolls
|player|p2|
