|j|☆pleasepatient
|j|☆LUPIIT
|t:|1779718459
|gametype|singles
|player|p1|pleasepatient|misty|1435
|player|p2|LUPIIT|lucas|1399
|gen|9
|tier|[Gen 9] OU
|rated|
|rule|HP Percentage Mod: HP is shown in percentages
|rule|Endless Battle Clause: Forcing endless battles is banned
|rule|Species Clause: Limit one of each Pokémon
|rule|OHKO Clause: OHKO moves are banned
|rule|Evasion Items Clause: Evasion items are banned
|rule|Evasion Moves Clause: Evasion moves are banned
|rule|Evasion Abilities Clause: Evasion abilities are banned
|rule|Sleep Moves Clause: Sleep-inducing moves are banned
|clearpoke
|poke|p1|Cramorant, M|
|poke|p1|Kingambit, F|
|poke|p1|Iron Moth|
|poke|p1|Enamorus, F|
|poke|p1|Great Tusk|
|poke|p1|Ogerpon-Wellspring, F|
|poke|p2|Smeargle, M|
|poke|p2|Comfey, F|
|poke|p2|Incineroar, M|
|poke|p2|Ogerpon-Wellspring, F|
|poke|p2|Zapdos|
|poke|p2|Okidogi, M|
|teampreview
|inactive|Battle timer is ON: inactive players will automatically lose when time's up. (requested by LUPIIT)
|
|t:|1779718467
|teamsize|p1|6
|teamsize|p2|6
|start
|switch|p1a: Cramorant|Cramorant, M, shiny|100/100
|switch|p2a: Smeargle|Smeargle, M|100/100
|turn|1
|
|t:|1779718475
|move|p2a: Smeargle|Toxic|p1a: Cramorant
|-status|p1a: Cramorant|tox
|move|p1a: Cramorant|Surf|p2a: Smeargle
|-formechange|p1a: Cramorant|Cramorant-Gulping|
|-damage|p2a: Smeargle|28/100
|
|-damage|p1a: Cramorant|94/100 tox|[from] psn
|upkeep
|turn|2
|
|t:|1779718477
|move|p2a: Smeargle|Burning Bulwark|p2a: Smeargle
|-singleturn|p2a: Smeargle|move: Protect
|move|p1a: Cramorant|Tailwind|p1a: Cramorant
|-sidestart|p1: pleasepatient|move: Tailwind
|
|-damage|p1a: Cramorant|82/100 tox|[from] psn
|upkeep
|turn|3
|
|t:|1779718480
|switch|p2a: Ogerpon|Ogerpon-Wellspring, F|100/100
|move|p1a: Cramorant|Hurricane|p2a: Ogerpon|[miss]
|-miss|p1a: Cramorant|p2a: Ogerpon
|
|-damage|p1a: Cramorant|64/100 tox|[from] psn
|upkeep
|turn|4
|
|t:|1779718483
|move|p2a: Ogerpon|Spiky Shield|p2a: Ogerpon
|-singleturn|p2a: Ogerpon|move: Protect
|move|p1a: Cramorant|Hurricane|p2a: Ogerpon
|-activate|p2a: Ogerpon|move: Protect
|
|-damage|p1a: Cramorant|40/100 tox|[from] psn
|upkeep
|turn|5
|
|t:|1779718486
|switch|p2a: Zapdos|Zapdos|100/100
|move|p1a: Cramorant|Surf|p2a: Zapdos
|-damage|p2a: Zapdos|60/100
|
|-damage|p1a: Cramorant|10/100 tox|[from] psn
|-sideend|p1: pleasepatient|move: Tailwind
|upkeep
|turn|6
|
|t:|1779718491
|move|p1a: Cramorant|Tailwind|p1a: Cramorant
|-sidestart|p1: pleasepatient|move: Tailwind
|move|p2a: Zapdos|U-turn|p1a: Cramorant
|-resisted|p1a: Cramorant
|-damage|p1a: Cramorant|0 fnt
|-damage|p2a: Zapdos|35/100|[from] ability: Gulp Missile|[of] p1a: Cramorant
|-unboost|p2a: Zapdos|def|1
|-formechange|p1a: Cramorant|Cramorant|
|faint|p1a: Cramorant
|
|t:|1779718495
|switch|p2a: Smeargle|Smeargle, M|28/100|[from] U-turn
|
|upkeep
|
|t:|1779718508
|switch|p1a: Enamorus|Enamorus, F|100/100
|turn|7
|
|t:|1779718510
|move|p2a: Smeargle|Burning Bulwark|p2a: Smeargle
|-singleturn|p2a: Smeargle|move: Protect
|move|p1a: Enamorus|Moonblast|p2a: Smeargle
|-activate|p2a: Smeargle|move: Protect
|
|upkeep
|turn|8
|
|t:|1779718515
|switch|p2a: Incineroar|Incineroar, M|100/100
|-ability|p2a: Incineroar|Intimidate|boost
|-boost|p1a: Enamorus|atk|1
|move|p1a: Enamorus|Earth Power|p2a: Incineroar
|-supereffective|p2a: Incineroar
|-damage|p2a: Incineroar|54/100
|
|upkeep
|turn|9
|
|t:|1779718519
|move|p2a: Incineroar|Fake Out|p1a: Enamorus
|-damage|p1a: Enamorus|80/100
|cant|p1a: Enamorus|flinch
|
|-sideend|p1: pleasepatient|move: Tailwind
|upkeep
|turn|10
|
|t:|1779718521
|move|p2a: Incineroar|Protect|p2a: Incineroar
|-singleturn|p2a: Incineroar|Protect
|move|p1a: Enamorus|Superpower|p2a: Incineroar
|-activate|p2a: Incineroar|move: Protect
|
|upkeep
|turn|11
|inactive|pleasepatient has 120 seconds left.
|inactive|pleasepatient has 90 seconds left.
|inactive|pleasepatient has 60 seconds left.
|
|t:|1779718640
|move|p1a: Enamorus|Superpower|p2a: Incineroar
|-supereffective|p2a: Incineroar
|-damage|p2a: Incineroar|0 fnt
|-boost|p1a: Enamorus|atk|1
|-boost|p1a: Enamorus|def|1
|faint|p2a: Incineroar
|
|upkeep
|inactive|LUPIIT has 120 seconds left.
|
|t:|1779718656
|switch|p2a: Comfey|Comfey, F|100/100
|turn|12
|
|t:|1779718675
|move|p1a: Enamorus|Moonblast|p2a: Comfey
|-damage|p2a: Comfey|51/100
|move|p2a: Comfey|Calm Mind|p2a: Comfey
|-boost|p2a: Comfey|spa|1
|-boost|p2a: Comfey|spd|1
|
|upkeep
|turn|13
|
|t:|1779718680
|move|p2a: Comfey|Draining Kiss|p1a: Enamorus
|-damage|p1a: Enamorus|35/100
|-heal|p2a: Comfey|84/100|[from] drain|[of] p1a: Enamorus
|move|p1a: Enamorus|Healing Wish|p1a: Enamorus
|faint|p1a: Enamorus
|
|upkeep
|
|t:|1779718685
|switch|p1a: Kingambit|Kingambit, F, shiny|100/100
|-activate|p1a: Kingambit|ability: Supreme Overlord
|-start|p1a: Kingambit|fallen2|[silent]
|turn|14
|
|t:|1779718692
|switch|p2a: Okidogi|Okidogi, M|100/100
|move|p1a: Kingambit|Iron Head|p2a: Okidogi
|-damage|p2a: Okidogi|39/100
|-damage|p1a: Kingambit|91/100|[from] item: Life Orb
|
|-heal|p2a: Okidogi|45/100|[from] item: Leftovers
|upkeep
|turn|15
|inactive|pleasepatient has 60 seconds left.
|
|t:|1779718701
|-end|p1a: Kingambit|fallen2|[silent]
|switch|p1a: Great Tusk|Great Tusk|100/100
|-enditem|p1a: Great Tusk|Booster Energy
|-activate|p1a: Great Tusk|ability: Protosynthesis|[fromitem]
|-start|p1a: Great Tusk|protosynthesisatk
|move|p2a: Okidogi|Drain Punch|p1a: Great Tusk
|-damage|p1a: Great Tusk|67/100
|-heal|p2a: Okidogi|64/100|[from] drain|[of] p1a: Great Tusk
|
|-heal|p2a: Okidogi|70/100|[from] item: Leftovers
|upkeep
|turn|16
|
|t:|1779718706
|switch|p2a: Ogerpon|Ogerpon-Wellspring, F|100/100
|move|p1a: Great Tusk|Rapid Spin|p2a: Ogerpon
|-damage|p2a: Ogerpon|68/100
|-boost|p1a: Great Tusk|spe|1
|
|upkeep
|turn|17
|
|t:|1779718712
|move|p2a: Ogerpon|Spiky Shield|p2a: Ogerpon
|-singleturn|p2a: Ogerpon|move: Protect
|move|p1a: Great Tusk|Supercell Slam|p2a: Ogerpon
|-activate|p2a: Ogerpon|move: Protect
|-damage|p1a: Great Tusk|55/100|[from] Spiky Shield|[of] p2a: Ogerpon
|-damage|p1a: Great Tusk|5/100|[from] supercellslam
|
|upkeep
|turn|18
|inactive|pleasepatient has 60 seconds left.
|inactive|pleasepatient has 30 seconds left.
|inactive|pleasepatient has 20 seconds left.
|inactive|pleasepatient has 15 seconds left.
|inactive|pleasepatient has 10 seconds left.
|inactive|pleasepatient has 5 seconds left.
|-message|pleasepatient lost due to inactivity.
|
|win|LUPIIT
|raw|pleasepatient's rating: 1435 &rarr; <strong>1413</strong><br />(-22 for losing)
|raw|LUPIIT's rating: 1399 &rarr; <strong>1421</strong><br />(+22 for winning)
|l|☆pleasepatient
|player|p1|
|l|☆LUPIIT
|player|p2|
