|j|☆imaginethat_17
|j|☆mygoatscored83pts
|t:|1779696206
|gametype|singles
|player|p1|imaginethat_17|birdkeeper|1309
|player|p2|mygoatscored83pts|barry|1318
|gen|9
|tier|[Gen 9] OU
|rated|
|rule|HP Percentage Mod: HP is shown in percentages
|rule|Endless Battle Clause: Forcing endless battles is banned
|rule|Species Clause: Limit one of each Pokémon
|rule|OHKO Clause: OHKO moves are banned
|rule|Evasion Items Clause: Evasion items are banned
|rule|Evasion Moves Clause: Evasion moves are banned
|rule|Evasion Abilities Clause: Evasion abilities are banned
|rule|Sleep Moves Clause: Sleep-inducing moves are banned
|clearpoke
|poke|p1|Ogerpon-Cornerstone, F|
|poke|p1|Dragonite, M|
|poke|p1|Weavile, F|
|poke|p1|Iron Moth|
|poke|p1|Yanmega, M|
|poke|p1|Greninja-*, M|
|poke|p2|Rillaboom, M|
|poke|p2|Great Tusk|
|poke|p2|Serperior, F|
|poke|p2|Heatran, M|
|poke|p2|Gholdengo|
|poke|p2|Zamazenta-*|
|teampreview
|inactive|Battle timer is ON: inactive players will automatically lose when time's up. (requested by imaginethat_17)
|
|t:|1779696245
|teamsize|p1|6
|teamsize|p2|6
|start
|switch|p1a: Yanmega|Yanmega, M|100/100
|switch|p2a: Zamazenta|Zamazenta|100/100
|-ability|p2a: Zamazenta|Dauntless Shield|boost
|-boost|p2a: Zamazenta|def|1
|turn|1
|
|t:|1779696269
|move|p2a: Zamazenta|Stone Edge|p1a: Yanmega
|-supereffective|p1a: Yanmega
|-crit|p1a: Yanmega
|-damage|p1a: Yanmega|0 fnt
|faint|p1a: Yanmega
|-damage|p2a: Zamazenta|91/100|[from] item: Life Orb
|
|upkeep
|
|t:|1779696277
|switch|p1a: Iron Moth|Iron Moth|100/100
|-enditem|p1a: Iron Moth|Booster Energy
|-activate|p1a: Iron Moth|ability: Quark Drive|[fromitem]
|-start|p1a: Iron Moth|quarkdrivespe
|turn|2
|
|t:|1779696286
|switch|p2a: Heatran|Heatran, M|100/100
|-item|p2a: Heatran|Air Balloon
|move|p1a: Iron Moth|Fiery Dance|p2a: Heatran
|-start|p2a: Heatran|ability: Flash Fire
|
|upkeep
|turn|3
|inactive|imaginethat_17 has 120 seconds left.
|
|t:|1779696326
|move|p1a: Iron Moth|Psychic|p2a: Heatran
|-resisted|p2a: Heatran
|-damage|p2a: Heatran|90/100
|-enditem|p2a: Heatran|Air Balloon
|move|p2a: Heatran|Magma Storm|p1a: Iron Moth|[miss]
|-miss|p2a: Heatran|p1a: Iron Moth
|
|upkeep
|turn|4
|
|t:|1779696339
|move|p1a: Iron Moth|Psychic|p2a: Heatran
|-resisted|p2a: Heatran
|-damage|p2a: Heatran|81/100
|move|p2a: Heatran|Earth Power|p1a: Iron Moth
|-supereffective|p1a: Iron Moth
|-damage|p1a: Iron Moth|0 fnt
|faint|p1a: Iron Moth
|-end|p1a: Iron Moth|Quark Drive|[silent]
|
|upkeep
|
|t:|1779696353
|switch|p1a: Dragonite|Dragonite, M|100/100
|turn|5
|
|t:|1779696369
|move|p1a: Dragonite|Dragon Dance|p1a: Dragonite
|-boost|p1a: Dragonite|atk|1
|-boost|p1a: Dragonite|spe|1
|move|p2a: Heatran|Magma Storm|p1a: Dragonite
|-resisted|p1a: Dragonite
|-damage|p1a: Dragonite|83/100
|-activate|p1a: Dragonite|move: Magma Storm|[of] p2a: Heatran
|
|-damage|p1a: Dragonite|70/100|[from] move: Magma Storm|[partiallytrapped]
|upkeep
|turn|6
|inactive|imaginethat_17 has 120 seconds left.
|
|t:|1779696377
|move|p1a: Dragonite|Earthquake|p2a: Heatran
|-supereffective|p2a: Heatran
|-damage|p2a: Heatran|0 fnt
|faint|p2a: Heatran
|
|-end|p1a: Dragonite|Magma Storm|[partiallytrapped]|[silent]
|upkeep
|
|t:|1779696385
|switch|p2a: Zamazenta|Zamazenta|91/100
|turn|7
|
|t:|1779696390
|move|p2a: Zamazenta|Stone Edge|p1a: Dragonite
|-supereffective|p1a: Dragonite
|-damage|p1a: Dragonite|0 fnt
|faint|p1a: Dragonite
|-damage|p2a: Zamazenta|81/100|[from] item: Life Orb
|
|upkeep
|
|t:|1779696395
|switch|p1a: Greninja|Greninja, M|100/100
|turn|8
|
|t:|1779696401
|-terastallize|p1a: Greninja|Ghost
|move|p2a: Zamazenta|Close Combat|p1a: Greninja
|-immune|p1a: Greninja
|move|p1a: Greninja|Surf|p2a: Zamazenta
|-damage|p2a: Zamazenta|29/100
|-damage|p1a: Greninja|91/100|[from] item: Life Orb
|
|upkeep
|turn|9
|
|t:|1779696409
|move|p2a: Zamazenta|Crunch|p1a: Greninja
|-supereffective|p1a: Greninja
|-damage|p1a: Greninja|0 fnt
|faint|p1a: Greninja
|-damage|p2a: Zamazenta|19/100|[from] item: Life Orb
|
|upkeep
|
|t:|1779696415
|switch|p1a: Ogerpon|Ogerpon-Cornerstone, F|100/100
|turn|10
|
|t:|1779696421
|move|p2a: Zamazenta|Close Combat|p1a: Ogerpon
|-supereffective|p1a: Ogerpon
|-ability|p1a: Ogerpon|Sturdy
|-damage|p1a: Ogerpon|1/100
|-unboost|p2a: Zamazenta|def|1
|-unboost|p2a: Zamazenta|spd|1
|-damage|p2a: Zamazenta|9/100|[from] item: Life Orb
|move|p1a: Ogerpon|Trailblaze|p2a: Zamazenta
|-damage|p2a: Zamazenta|0 fnt
|-boost|p1a: Ogerpon|spe|1
|faint|p2a: Zamazenta
|
|upkeep
|
|t:|1779696425
|switch|p2a: Rillaboom|Rillaboom, M|100/100
|-fieldstart|move: Grassy Terrain|[from] ability: Grassy Surge|[of] p2a: Rillaboom
|turn|11
|
|t:|1779696438
|move|p2a: Rillaboom|Grassy Glide|p1a: Ogerpon
|-damage|p1a: Ogerpon|0 fnt
|faint|p1a: Ogerpon
|
|upkeep
|
|t:|1779696446
|switch|p1a: Weavile|Weavile, F|100/100
|-ability|p1a: Weavile|Pressure
|turn|12
|
|t:|1779696450
|move|p2a: Rillaboom|Grassy Glide|p1a: Weavile
|-damage|p1a: Weavile|35/100
|move|p1a: Weavile|Swords Dance|p1a: Weavile
|-boost|p1a: Weavile|atk|2
|
|-heal|p1a: Weavile|41/100|[from] Grassy Terrain
|upkeep
|turn|13
|
|t:|1779696458
|move|p1a: Weavile|Ice Shard|p2a: Rillaboom
|-supereffective|p2a: Rillaboom
|-damage|p2a: Rillaboom|28/100
|move|p2a: Rillaboom|Grassy Glide|p1a: Weavile
|-crit|p1a: Weavile
|-damage|p1a: Weavile|0 fnt
|faint|p1a: Weavile
|
|win|mygoatscored83pts
|raw|imaginethat_17's rating: 1309 &rarr; <strong>1290</strong><br />(-19 for losing)
|raw|mygoatscored83pts's rating: 1318 &rarr; <strong>1337</strong><br />(+19 for winning)
|l|☆mygoatscored83pts
|player|p2|
|l|☆imaginethat_17
|player|p1|
