|j|☆Johnson the Goon
|j|☆lightinedge67
|t:|1779683353
|gametype|singles
|player|p1|Johnson the Goon|biker-gen4|1380
|player|p2|lightinedge67|psychic|1388
|gen|9
|tier|[Gen 9] OU
|rated|
|rule|HP Percentage Mod: HP is shown in percentages
|rule|Endless Battle Clause: Forcing endless battles is banned
|rule|Species Clause: Limit one of each Pokémon
|rule|OHKO Clause: OHKO moves are banned
|rule|Evasion Items Clause: Evasion items are banned
|rule|Evasion Moves Clause: Evasion moves are banned
|rule|Evasion Abilities Clause: Evasion abilities are banned
|rule|Sleep Moves Clause: Sleep-inducing moves are banned
|clearpoke
|poke|p1|Primarina, M|
|poke|p1|Moltres|
|poke|p1|Dragonite, F|
|poke|p1|Iron Treads|
|poke|p1|Zamazenta-*|
|poke|p1|Darkrai|
|poke|p2|Ting-Lu|
|poke|p2|Gholdengo|
|poke|p2|Toxapex, F|
|poke|p2|Meowscarada, M|
|poke|p2|Clefable, M|
|poke|p2|Tornadus-Therian, M|
|teampreview
|
|t:|1779683362
|teamsize|p1|6
|teamsize|p2|6
|start
|switch|p1a: Moltres|Moltres|100/100
|switch|p2a: Tornadus|Tornadus-Therian, M|100/100
|turn|1
|
|t:|1779683393
|switch|p1a: Iron Treads|Iron Treads|100/100
|move|p2a: Tornadus|Knock Off|p1a: Iron Treads
|-damage|p1a: Iron Treads|85/100
|-enditem|p1a: Iron Treads|Leftovers|[from] move: Knock Off|[of] p2a: Tornadus
|
|upkeep
|turn|2
|
|t:|1779683405
|move|p2a: Tornadus|Taunt|p1a: Iron Treads
|-start|p1a: Iron Treads|move: Taunt
|move|p1a: Iron Treads|Knock Off|p2a: Tornadus
|-damage|p2a: Tornadus|73/100
|-enditem|p2a: Tornadus|Heavy-Duty Boots|[from] move: Knock Off|[of] p1a: Iron Treads
|
|upkeep
|turn|3
|
|t:|1779683422
|move|p2a: Tornadus|U-turn|p1a: Iron Treads
|-resisted|p1a: Iron Treads
|-crit|p1a: Iron Treads
|-damage|p1a: Iron Treads|77/100
|
|t:|1779683429
|switch|p2a: Ting-Lu|Ting-Lu|100/100|[from] U-turn
|-ability|p2a: Ting-Lu|Vessel of Ruin
|move|p1a: Iron Treads|Knock Off|p2a: Ting-Lu
|-resisted|p2a: Ting-Lu
|-damage|p2a: Ting-Lu|95/100
|-enditem|p2a: Ting-Lu|Leftovers|[from] move: Knock Off|[of] p1a: Iron Treads
|
|upkeep
|turn|4
|
|t:|1779683437
|-end|p1a: Iron Treads|Quark Drive|[silent]
|switch|p1a: Zamazenta|Zamazenta|100/100
|-ability|p1a: Zamazenta|Dauntless Shield|boost
|-boost|p1a: Zamazenta|def|1
|move|p2a: Ting-Lu|Spikes|p1a: Zamazenta
|-sidestart|p1: Johnson the Goon|Spikes
|
|upkeep
|turn|5
|
|t:|1779683446
|switch|p2a: Gholdengo|Gholdengo|100/100
|-item|p2a: Gholdengo|Air Balloon
|move|p1a: Zamazenta|Heavy Slam|p2a: Gholdengo
|-resisted|p2a: Gholdengo
|-damage|p2a: Gholdengo|83/100
|-enditem|p2a: Gholdengo|Air Balloon
|
|upkeep
|turn|6
|
|t:|1779683456
|move|p1a: Zamazenta|Crunch|p2a: Gholdengo
|-supereffective|p2a: Gholdengo
|-damage|p2a: Gholdengo|22/100
|move|p2a: Gholdengo|Shadow Ball|p1a: Zamazenta
|-damage|p1a: Zamazenta|54/100
|
|upkeep
|turn|7
|
|t:|1779683493
|switch|p2a: Toxapex|Toxapex, F|100/100
|move|p1a: Zamazenta|Crunch|p2a: Toxapex
|-damage|p2a: Toxapex|82/100
|
|upkeep
|turn|8
|
|t:|1779683514
|switch|p1a: Darkrai|Darkrai|100/100
|-damage|p1a: Darkrai|88/100|[from] Spikes
|switch|p2a: Ting-Lu|Ting-Lu|95/100
|-ability|p2a: Ting-Lu|Vessel of Ruin
|
|upkeep
|turn|9
|
|t:|1779683541
|switch|p1a: Moltres|Moltres|100/100
|move|p2a: Ting-Lu|Spikes|p1a: Moltres
|-sidestart|p1: Johnson the Goon|Spikes
|
|upkeep
|turn|10
|
|t:|1779683549
|move|p1a: Moltres|Will-O-Wisp|p2a: Ting-Lu
|-status|p2a: Ting-Lu|brn
|move|p2a: Ting-Lu|Whirlwind|p1a: Moltres
|drag|p1a: Zamazenta|Zamazenta|54/100
|-damage|p1a: Zamazenta|38/100|[from] Spikes
|
|-damage|p2a: Ting-Lu|89/100 brn|[from] brn
|upkeep
|turn|11
|
|t:|1779683560
|switch|p2a: Clefable|Clefable, M|100/100
|move|p1a: Zamazenta|Close Combat|p2a: Clefable
|-resisted|p2a: Clefable
|-damage|p2a: Clefable|69/100
|-unboost|p1a: Zamazenta|def|1
|-unboost|p1a: Zamazenta|spd|1
|
|-heal|p2a: Clefable|75/100|[from] item: Leftovers
|upkeep
|turn|12
|
|t:|1779683583
|switch|p2a: Toxapex|Toxapex, F|100/100
|move|p1a: Zamazenta|Heavy Slam|p2a: Toxapex
|-resisted|p2a: Toxapex
|-damage|p2a: Toxapex|86/100
|
|upkeep
|turn|13
|
|t:|1779683606
|switch|p1a: Darkrai|Darkrai|88/100
|-damage|p1a: Darkrai|72/100|[from] Spikes
|move|p2a: Toxapex|Toxic|p1a: Darkrai
|-status|p1a: Darkrai|tox
|
|-damage|p1a: Darkrai|66/100 tox|[from] psn
|upkeep
|turn|14
|
|t:|1779683615
|switch|p2a: Clefable|Clefable, M|75/100
|move|p1a: Darkrai|Trick|p2a: Clefable
|-activate|p1a: Darkrai|move: Trick|[of] p2a: Clefable
|-item|p2a: Clefable|Choice Scarf|[from] move: Trick
|-item|p1a: Darkrai|Leftovers|[from] move: Trick
|
|-heal|p1a: Darkrai|72/100 tox|[from] item: Leftovers
|-damage|p1a: Darkrai|60/100 tox|[from] psn
|upkeep
|turn|15
|
|t:|1779683624
|move|p1a: Darkrai|Sludge Bomb|p2a: Clefable
|-supereffective|p2a: Clefable
|-damage|p2a: Clefable|28/100
|-status|p2a: Clefable|psn
|move|p2a: Clefable|Stealth Rock|p1a: Darkrai
|-sidestart|p1: Johnson the Goon|move: Stealth Rock
|
|-heal|p1a: Darkrai|66/100 tox|[from] item: Leftovers
|-damage|p1a: Darkrai|47/100 tox|[from] psn
|upkeep
|turn|16
|
|t:|1779683635
|switch|p2a: Gholdengo|Gholdengo|22/100
|move|p1a: Darkrai|Sludge Bomb|p2a: Gholdengo
|-immune|p2a: Gholdengo
|
|-heal|p1a: Darkrai|54/100 tox|[from] item: Leftovers
|-damage|p1a: Darkrai|29/100 tox|[from] psn
|upkeep
|turn|17
|
|t:|1779683644
|switch|p2a: Toxapex|Toxapex, F|100/100
|move|p1a: Darkrai|Ice Beam|p2a: Toxapex
|-resisted|p2a: Toxapex
|-damage|p2a: Toxapex|91/100
|
|-heal|p1a: Darkrai|35/100 tox|[from] item: Leftovers
|-damage|p1a: Darkrai|5/100 tox|[from] psn
|upkeep
|turn|18
|
|t:|1779683656
|move|p1a: Darkrai|Dark Pulse|p2a: Toxapex
|-damage|p2a: Toxapex|62/100
|move|p2a: Toxapex|Sludge Bomb|p1a: Darkrai
|-damage|p1a: Darkrai|0 fnt
|faint|p1a: Darkrai
|
|upkeep
|
|t:|1779683686
|switch|p1a: Dragonite|Dragonite, F|100/100
|turn|19
|inactive|Battle timer is ON: inactive players will automatically lose when time's up. (requested by lightinedge67)
|
|t:|1779683688
|-terastallize|p1a: Dragonite|Ground
|move|p1a: Dragonite|Earthquake|p2a: Toxapex
|-supereffective|p2a: Toxapex
|-damage|p2a: Toxapex|0 fnt
|faint|p2a: Toxapex
|
|upkeep
|
|t:|1779683694
|switch|p2a: Meowscarada|Meowscarada, M|100/100
|turn|20
|
|t:|1779683702
|switch|p1a: Moltres|Moltres|100/100
|move|p2a: Meowscarada|Knock Off|p1a: Moltres
|-start|p2a: Meowscarada|typechange|Dark|[from] ability: Protean
|-damage|p1a: Moltres|67/100
|-enditem|p1a: Moltres|Heavy-Duty Boots|[from] move: Knock Off|[of] p2a: Meowscarada
|
|upkeep
|turn|21
|
|t:|1779683716
|switch|p2a: Clefable|Clefable, M|28/100 psn
|switch|p1a: Iron Treads|Iron Treads|77/100
|-damage|p1a: Iron Treads|60/100|[from] Spikes
|-damage|p1a: Iron Treads|57/100|[from] Stealth Rock
|
|upkeep
|turn|22
|
|t:|1779683726
|switch|p2a: Gholdengo|Gholdengo|22/100
|move|p1a: Iron Treads|Earthquake|p2a: Gholdengo
|-supereffective|p2a: Gholdengo
|-damage|p2a: Gholdengo|0 fnt
|faint|p2a: Gholdengo
|
|upkeep
|
|t:|1779683733
|switch|p2a: Meowscarada|Meowscarada, M|100/100
|turn|23
|
|t:|1779683738
|-terastallize|p2a: Meowscarada|Ice
|move|p2a: Meowscarada|Triple Axel|p1a: Iron Treads
|-damage|p1a: Iron Treads|51/100
|-damage|p1a: Iron Treads|37/100
|-damage|p1a: Iron Treads|15/100
|-hitcount|p1a: Iron Treads|3
|move|p1a: Iron Treads|Rapid Spin|p2a: Meowscarada
|-damage|p2a: Meowscarada|80/100
|-boost|p1a: Iron Treads|spe|1
|-sideend|p1: Johnson the Goon|Spikes|[from] move: Rapid Spin|[of] p1a: Iron Treads
|-sideend|p1: Johnson the Goon|Stealth Rock|[from] move: Rapid Spin|[of] p1a: Iron Treads
|
|upkeep
|turn|24
|-message|lightinedge67 forfeited.
|
|win|Johnson the Goon
|raw|Johnson the Goon's rating: 1380 &rarr; <strong>1400</strong><br />(+20 for winning)
|raw|lightinedge67's rating: 1388 &rarr; <strong>1368</strong><br />(-20 for losing)
|l|☆lightinedge67
|player|p2|
|l|☆Johnson the Goon
|player|p1|
