|j|☆Acastillo631
|j|☆A$AP PUCK
|t:|1779718631
|gametype|singles
|player|p1|Acastillo631|silver|1570
|player|p2|A$AP PUCK|grimsley|1556
|gen|9
|tier|[Gen 9] OU
|rated|
|rule|HP Percentage Mod: HP is shown in percentages
|rule|Endless Battle Clause: Forcing endless battles is banned
|rule|Species Clause: Limit one of each Pokémon
|rule|OHKO Clause: OHKO moves are banned
|rule|Evasion Items Clause: Evasion items are banned
|rule|Evasion Moves Clause: Evasion moves are banned
|rule|Evasion Abilities Clause: Evasion abilities are banned
|rule|Sleep Moves Clause: Sleep-inducing moves are banned
|clearpoke
|poke|p1|Iron Valiant|
|poke|p1|Sinistcha|
|poke|p1|Tyranitar, M|
|poke|p1|Klefki, M|
|poke|p1|Corviknight, F|
|poke|p1|Swampert, M|
|poke|p2|Hoopa-Unbound|
|poke|p2|Okidogi, M|
|poke|p2|Weezing-Galar, M|
|poke|p2|Ogerpon-Wellspring, F|
|poke|p2|Landorus-Therian, M|
|poke|p2|Garganacl, M|
|teampreview
|
|t:|1779718643
|teamsize|p1|6
|teamsize|p2|6
|start
|switch|p1a: Redips|Klefki, M|100/100
|switch|p2a: Garganacl|Garganacl, M|100/100
|turn|1
|
|t:|1779718649
|move|p1a: Redips|Spikes|p2a: Garganacl
|-sidestart|p2: A$AP PUCK|Spikes
|move|p2a: Garganacl|Salt Cure|p1a: Redips
|-resisted|p1a: Redips
|-damage|p1a: Redips|95/100
|-start|p1a: Redips|Salt Cure
|
|-damage|p1a: Redips|70/100|[from] Salt Cure
|upkeep
|turn|2
|
|t:|1779718654
|switch|p1a: Wire Sponge|Sinistcha|100/100
|move|p2a: Garganacl|Curse|p2a: Garganacl
|-unboost|p2a: Garganacl|spe|1
|-boost|p2a: Garganacl|atk|1
|-boost|p2a: Garganacl|def|1
|
|upkeep
|turn|3
|inactive|Battle timer is ON: inactive players will automatically lose when time's up. (requested by A$AP PUCK)
|j| beebeebaobao
|inactive|Acastillo631 has 120 seconds left.
|
|t:|1779718721
|move|p1a: Wire Sponge|Calm Mind|p1a: Wire Sponge
|-boost|p1a: Wire Sponge|spa|1
|-boost|p1a: Wire Sponge|spd|1
|move|p2a: Garganacl|Salt Cure|p1a: Wire Sponge
|-damage|p1a: Wire Sponge|86/100
|-start|p1a: Wire Sponge|Salt Cure
|
|-damage|p1a: Wire Sponge|73/100|[from] Salt Cure
|upkeep
|turn|4
|
|t:|1779718735
|switch|p2a: Ogerpon|Ogerpon-Wellspring, F|100/100
|-damage|p2a: Ogerpon|88/100|[from] Spikes
|move|p1a: Wire Sponge|Matcha Gotcha|p2a: Ogerpon
|-damage|p2a: Ogerpon|28/100
|-heal|p1a: Wire Sponge|99/100|[from] drain|[of] p2a: Ogerpon
|-status|p2a: Ogerpon|brn
|
|-damage|p2a: Ogerpon|22/100 brn|[from] brn
|-damage|p1a: Wire Sponge|87/100|[from] Salt Cure
|upkeep
|turn|5
|
|t:|1779718745
|move|p2a: Ogerpon|Encore|p1a: Wire Sponge
|-start|p1a: Wire Sponge|Encore
|move|p1a: Wire Sponge|Matcha Gotcha|p2a: Ogerpon
|-damage|p2a: Ogerpon|0 fnt
|-heal|p1a: Wire Sponge|97/100|[from] drain|[of] p2a: Ogerpon
|faint|p2a: Ogerpon
|
|-damage|p1a: Wire Sponge|84/100|[from] Salt Cure
|upkeep
|
|t:|1779718753
|switch|p2a: Hoopa|Hoopa-Unbound|100/100
|-damage|p2a: Hoopa|88/100|[from] Spikes
|turn|6
|
|t:|1779718757
|switch|p1a: Redips|Klefki, M|70/100
|move|p2a: Hoopa|Dark Pulse|p1a: Redips
|-resisted|p1a: Redips
|-damage|p1a: Redips|23/100
|
|upkeep
|turn|7
|
|t:|1779718776
|move|p1a: Redips|Spikes|p2a: Hoopa
|-sidestart|p2: A$AP PUCK|Spikes
|move|p2a: Hoopa|Dark Pulse|p1a: Redips
|-resisted|p1a: Redips
|-damage|p1a: Redips|0 fnt
|faint|p1a: Redips
|
|upkeep
|
|t:|1779718781
|switch|p1a: Duff Mcwhalen|Swampert, M|100/100
|turn|8
|
|t:|1779718783
|move|p2a: Hoopa|Dark Pulse|p1a: Duff Mcwhalen
|-crit|p1a: Duff Mcwhalen
|-damage|p1a: Duff Mcwhalen|22/100
|move|p1a: Duff Mcwhalen|Earthquake|p2a: Hoopa
|-damage|p2a: Hoopa|26/100
|
|-heal|p1a: Duff Mcwhalen|28/100|[from] item: Leftovers
|upkeep
|turn|9
|
|t:|1779718789
|switch|p1a: Eregion|Tyranitar, M|100/100
|-weather|Sandstorm|[from] ability: Sand Stream|[of] p1a: Eregion
|move|p2a: Hoopa|Dark Pulse|p1a: Eregion
|-resisted|p1a: Eregion
|-damage|p1a: Eregion|84/100
|
|-weather|Sandstorm|[upkeep]
|-damage|p2a: Hoopa|20/100|[from] Sandstorm
|-heal|p1a: Eregion|90/100|[from] item: Leftovers
|upkeep
|turn|10
|
|t:|1779718793
|switch|p2a: Landorus|Landorus-Therian, M|100/100
|-ability|p2a: Landorus|Intimidate|boost
|-unboost|p1a: Eregion|atk|1
|move|p1a: Eregion|Ice Beam|p2a: Landorus
|-supereffective|p2a: Landorus
|-damage|p2a: Landorus|0 fnt
|faint|p2a: Landorus
|
|-weather|Sandstorm|[upkeep]
|-heal|p1a: Eregion|96/100|[from] item: Leftovers
|upkeep
|
|t:|1779718796
|switch|p2a: Weezing|Weezing-Galar, M|100/100
|turn|11
|j| yuureisuisei
|
|t:|1779718804
|move|p2a: Weezing|Defog|p1a: Eregion
|-unboost|p1a: Eregion|evasion|1
|-sideend|p2: A$AP PUCK|Spikes|[from] move: Defog|[of] p2a: Weezing
|move|p1a: Eregion|Ice Beam|p2a: Weezing
|-damage|p2a: Weezing|71/100
|
|-weather|Sandstorm|[upkeep]
|-damage|p2a: Weezing|65/100|[from] Sandstorm
|-heal|p2a: Weezing|71/100|[from] item: Black Sludge
|-heal|p1a: Eregion|100/100|[from] item: Leftovers
|upkeep
|turn|12
|
|t:|1779718810
|move|p2a: Weezing|Will-O-Wisp|p1a: Eregion
|-status|p1a: Eregion|brn
|move|p1a: Eregion|Ice Beam|p2a: Weezing
|-damage|p2a: Weezing|45/100
|
|-weather|Sandstorm|[upkeep]
|-damage|p2a: Weezing|39/100|[from] Sandstorm
|-heal|p2a: Weezing|45/100|[from] item: Black Sludge
|-damage|p1a: Eregion|94/100 brn|[from] brn
|upkeep
|turn|13
|
|t:|1779718813
|switch|p1a: Duff Mcwhalen|Swampert, M|28/100
|move|p2a: Weezing|Pain Split|p1a: Duff Mcwhalen
|-sethp|p1a: Duff Mcwhalen|33/100|[from] move: Pain Split|[silent]
|-sethp|p2a: Weezing|40/100|[from] move: Pain Split
|
|-weather|none
|-heal|p2a: Weezing|46/100|[from] item: Black Sludge
|-heal|p1a: Duff Mcwhalen|39/100|[from] item: Leftovers
|upkeep
|turn|14
|
|t:|1779718818
|move|p2a: Weezing|Strange Steam|p1a: Duff Mcwhalen
|-crit|p1a: Duff Mcwhalen
|-damage|p1a: Duff Mcwhalen|14/100
|move|p1a: Duff Mcwhalen|Earthquake|p2a: Weezing
|-immune|p2a: Weezing|[from] ability: Levitate
|
|-heal|p2a: Weezing|52/100|[from] item: Black Sludge
|-heal|p1a: Duff Mcwhalen|21/100|[from] item: Leftovers
|upkeep
|turn|15
|
|t:|1779718822
|move|p2a: Weezing|Strange Steam|p1a: Duff Mcwhalen
|-damage|p1a: Duff Mcwhalen|3/100
|-start|p1a: Duff Mcwhalen|confusion
|-activate|p1a: Duff Mcwhalen|confusion
|move|p1a: Duff Mcwhalen|Stealth Rock|p2a: Weezing
|-sidestart|p2: A$AP PUCK|move: Stealth Rock
|
|-heal|p2a: Weezing|58/100|[from] item: Black Sludge
|-heal|p1a: Duff Mcwhalen|10/100|[from] item: Leftovers
|upkeep
|turn|16
|
|t:|1779718827
|switch|p1a: Wire Sponge|Sinistcha|84/100
|move|p2a: Weezing|Defog|p1a: Wire Sponge
|-unboost|p1a: Wire Sponge|evasion|1
|-sideend|p2: A$AP PUCK|Stealth Rock|[from] move: Defog|[of] p2a: Weezing
|
|-heal|p2a: Weezing|64/100|[from] item: Black Sludge
|upkeep
|turn|17
|
|t:|1779718831
|switch|p2a: Okidogi|Okidogi, M|100/100
|move|p1a: Wire Sponge|Shadow Ball|p2a: Okidogi
|-damage|p2a: Okidogi|78/100
|
|upkeep
|turn|18
|
|t:|1779718837
|switch|p1a: Duff Mcwhalen|Swampert, M|10/100
|move|p2a: Okidogi|Knock Off|p1a: Duff Mcwhalen
|-damage|p1a: Duff Mcwhalen|0 fnt
|-enditem|p1a: Duff Mcwhalen|Leftovers|[from] move: Knock Off|[of] p2a: Okidogi
|faint|p1a: Duff Mcwhalen
|
|upkeep
|l| yuureisuisei
|inactive|Acastillo631 has 120 seconds left.
|
|t:|1779718882
|switch|p1a: Wire Sponge|Sinistcha|84/100
|turn|19
|
|t:|1779718889
|-terastallize|p1a: Wire Sponge|Poison
|move|p1a: Wire Sponge|Strength Sap|p2a: Okidogi
|-unboost|p2a: Okidogi|atk|1
|-heal|p1a: Wire Sponge|100/100
|move|p2a: Okidogi|Poison Fang|p1a: Wire Sponge
|-resisted|p1a: Wire Sponge
|-damage|p1a: Wire Sponge|93/100
|
|upkeep
|turn|20
|
|t:|1779718905
|switch|p2a: Hoopa|Hoopa-Unbound|20/100
|move|p1a: Wire Sponge|Shadow Ball|p2a: Hoopa
|-damage|p2a: Hoopa|0 fnt
|faint|p2a: Hoopa
|
|upkeep
|-message|A$AP PUCK forfeited.
|
|win|Acastillo631
|raw|Acastillo631's rating: 1570 &rarr; <strong>1589</strong><br />(+19 for winning)
|raw|A$AP PUCK's rating: 1556 &rarr; <strong>1537</strong><br />(-19 for losing)
|l|☆A$AP PUCK
|player|p2|
|l|☆Acastillo631
|player|p1|
|l| beebeebaobao
