|j|☆cesana
|j|☆Psyduck is stupid
|t:|1779618451
|gametype|singles
|player|p1|cesana|cynthia-gen4|1254
|player|p2|Psyduck is stupid|170|1178
|gen|9
|tier|[Gen 9] OU
|rated|
|rule|HP Percentage Mod: HP is shown in percentages
|rule|Endless Battle Clause: Forcing endless battles is banned
|rule|Species Clause: Limit one of each Pokémon
|rule|OHKO Clause: OHKO moves are banned
|rule|Evasion Items Clause: Evasion items are banned
|rule|Evasion Moves Clause: Evasion moves are banned
|rule|Evasion Abilities Clause: Evasion abilities are banned
|rule|Sleep Moves Clause: Sleep-inducing moves are banned
|clearpoke
|poke|p1|Ceruledge, F|
|poke|p1|Zamazenta-*|
|poke|p1|Kommo-o, F|
|poke|p1|Slowking-Galar, F|
|poke|p1|Corviknight, F|
|poke|p1|Great Tusk|
|poke|p2|Deoxys-Defense|
|poke|p2|Trevenant, M|
|poke|p2|Forretress, M|
|poke|p2|Porygon2|
|poke|p2|Torkoal, F|
|poke|p2|Clefable, F|
|teampreview
|inactive|Battle timer is ON: inactive players will automatically lose when time's up. (requested by cesana)
|
|t:|1779618457
|teamsize|p1|6
|teamsize|p2|6
|start
|switch|p1a: Great Tusk|Great Tusk|100/100
|switch|p2a: Psyduck Gigamax|Porygon2|100/100
|-ability|p2a: Psyduck Gigamax|Download|boost
|-boost|p2a: Psyduck Gigamax|spa|1
|turn|1
|
|t:|1779618462
|-end|p1a: Great Tusk|Protosynthesis|[silent]
|switch|p1a: Slowking|Slowking-Galar, F|100/100
|move|p2a: Psyduck Gigamax|Trick Room|p2a: Psyduck Gigamax
|-fieldstart|move: Trick Room|[of] p2a: Psyduck Gigamax
|
|upkeep
|turn|2
|
|t:|1779618468
|-terastallize|p2a: Psyduck Gigamax|Ghost
|-prepare|p1a: Slowking|Chilly Reception|[premajor]
|move|p1a: Slowking|Chilly Reception|p1a: Slowking
|-weather|Snowscape
|
|t:|1779618483
|switch|p1a: Great Tusk|Great Tusk|100/100|[from] Chilly Reception
|move|p2a: Psyduck Gigamax|Shadow Ball|p1a: Great Tusk
|-damage|p1a: Great Tusk|24/100
|-unboost|p1a: Great Tusk|spd|1
|
|-weather|Snowscape|[upkeep]
|-heal|p1a: Great Tusk|30/100|[from] item: Leftovers
|upkeep
|turn|3
|
|t:|1779618489
|-end|p1a: Great Tusk|Protosynthesis|[silent]
|switch|p1a: Kommo-o|Kommo-o, F|100/100
|move|p2a: Psyduck Gigamax|Shadow Ball|p1a: Kommo-o
|-immune|p1a: Kommo-o|[from] ability: Bulletproof
|
|-weather|Snowscape|[upkeep]
|upkeep
|turn|4
|
|t:|1779618497
|move|p2a: Psyduck Gigamax|Ice Beam|p1a: Kommo-o
|-supereffective|p1a: Kommo-o
|-damage|p1a: Kommo-o|9/100
|move|p1a: Kommo-o|Shadow Claw|p2a: Psyduck Gigamax
|-supereffective|p2a: Psyduck Gigamax
|-damage|p2a: Psyduck Gigamax|71/100
|
|-weather|Snowscape|[upkeep]
|-heal|p1a: Kommo-o|15/100|[from] item: Leftovers
|upkeep
|turn|5
|
|t:|1779618501
|move|p2a: Psyduck Gigamax|Ice Beam|p1a: Kommo-o
|-supereffective|p1a: Kommo-o
|-damage|p1a: Kommo-o|0 fnt
|faint|p1a: Kommo-o
|
|-weather|Snowscape|[upkeep]
|-fieldend|move: Trick Room
|upkeep
|
|t:|1779618504
|switch|p1a: Ceruledge|Ceruledge, F|100/100
|turn|6
|
|t:|1779618507
|move|p1a: Ceruledge|Poltergeist|p2a: Psyduck Gigamax
|-activate|p2a: Psyduck Gigamax|move: Poltergeist|Eviolite
|-supereffective|p2a: Psyduck Gigamax
|-damage|p2a: Psyduck Gigamax|6/100
|move|p2a: Psyduck Gigamax|Shadow Ball|p1a: Ceruledge
|-supereffective|p1a: Ceruledge
|-enditem|p1a: Ceruledge|Focus Sash
|-damage|p1a: Ceruledge|1/100
|-unboost|p1a: Ceruledge|spd|1
|
|-weather|none
|upkeep
|turn|7
|
|t:|1779618516
|move|p1a: Ceruledge|Shadow Sneak|p2a: Psyduck Gigamax
|-supereffective|p2a: Psyduck Gigamax
|-damage|p2a: Psyduck Gigamax|0 fnt
|faint|p2a: Psyduck Gigamax
|
|upkeep
|
|t:|1779618522
|switch|p2a: Tree with feet|Trevenant, M|100/100
|turn|8
|
|t:|1779618527
|move|p2a: Tree with feet|Sucker Punch|p1a: Ceruledge
|-supereffective|p1a: Ceruledge
|-damage|p1a: Ceruledge|0 fnt
|faint|p1a: Ceruledge
|-damage|p2a: Tree with feet|91/100|[from] item: Life Orb
|
|upkeep
|-message|cesana forfeited.
|
|win|Psyduck is stupid
|raw|cesana's rating: 1254 &rarr; <strong>1224</strong><br />(-30 for losing)
|raw|Psyduck is stupid's rating: 1178 &rarr; <strong>1208</strong><br />(+30 for winning)
|l|☆cesana
|player|p1|
|l|☆Psyduck is stupid
|player|p2|
