|j|☆anomalia682
|j|☆abraham_305
|t:|1779637618
|gametype|singles
|player|p1|anomalia682|sage|1307
|player|p2|abraham_305|170|1327
|gen|9
|tier|[Gen 9] OU
|rated|
|rule|HP Percentage Mod: HP is shown in percentages
|rule|Endless Battle Clause: Forcing endless battles is banned
|rule|Species Clause: Limit one of each Pokémon
|rule|OHKO Clause: OHKO moves are banned
|rule|Evasion Items Clause: Evasion items are banned
|rule|Evasion Moves Clause: Evasion moves are banned
|rule|Evasion Abilities Clause: Evasion abilities are banned
|rule|Sleep Moves Clause: Sleep-inducing moves are banned
|clearpoke
|poke|p1|Gardevoir, F|
|poke|p1|Lucario, F|
|poke|p1|Ditto|
|poke|p1|Goodra, F|
|poke|p1|Cinderace, F|
|poke|p1|Gastrodon, M|
|poke|p2|Ninetales-Alola, M|
|poke|p2|Grimmsnarl, M|
|poke|p2|Glimmora, F|
|poke|p2|Zapdos|
|poke|p2|Dondozo, M|
|poke|p2|Primarina, M|
|teampreview
|inactive|Battle timer is ON: inactive players will automatically lose when time's up. (requested by abraham_305)
|
|t:|1779637657
|teamsize|p1|6
|teamsize|p2|6
|start
|switch|p1a: Goodra|Goodra, F|100/100
|switch|p2a: Grimmsnarl|Grimmsnarl, M|100/100
|turn|1
|
|t:|1779637663
|move|p2a: Grimmsnarl|Trick|p1a: Goodra
|-activate|p2a: Grimmsnarl|move: Trick|[of] p1a: Goodra
|-item|p1a: Goodra|Choice Band|[from] move: Trick
|-item|p2a: Grimmsnarl|Assault Vest|[from] move: Trick
|move|p1a: Goodra|Sludge Wave|p2a: Grimmsnarl
|-supereffective|p2a: Grimmsnarl
|-damage|p2a: Grimmsnarl|59/100
|
|upkeep
|turn|2
|
|t:|1779637671
|move|p1a: Goodra|Sludge Wave|p2a: Grimmsnarl
|-supereffective|p2a: Grimmsnarl
|-damage|p2a: Grimmsnarl|15/100
|move|p2a: Grimmsnarl|Play Rough|p1a: Goodra
|-supereffective|p1a: Goodra
|-damage|p1a: Goodra|5/100
|
|upkeep
|turn|3
|
|t:|1779637676
|move|p2a: Grimmsnarl|Sucker Punch|p1a: Goodra
|-damage|p1a: Goodra|0 fnt
|faint|p1a: Goodra
|
|upkeep
|
|t:|1779637688
|switch|p1a: Lucario|Lucario, F|100/100
|turn|4
|
|t:|1779637694
|switch|p2a: Zapdos|Zapdos|100/100
|move|p1a: Lucario|Meteor Mash|p2a: Zapdos
|-resisted|p2a: Zapdos
|-damage|p2a: Zapdos|73/100
|-status|p1a: Lucario|par|[from] ability: Static|[of] p2a: Zapdos
|
|upkeep
|turn|5
|
|t:|1779637708
|switch|p1a: Gastrodon|Gastrodon, M|100/100
|move|p2a: Zapdos|Hurricane|p1a: Gastrodon
|-damage|p1a: Gastrodon|23/100
|-start|p1a: Gastrodon|confusion
|
|-heal|p1a: Gastrodon|29/100|[from] item: Leftovers
|upkeep
|turn|6
|
|t:|1779637716
|switch|p2a: Grimmsnarl|Grimmsnarl, M|15/100
|-activate|p1a: Gastrodon|confusion
|move|p1a: Gastrodon|Ice Beam|p2a: Grimmsnarl
|-damage|p2a: Grimmsnarl|0 fnt
|faint|p2a: Grimmsnarl
|
|-heal|p1a: Gastrodon|35/100|[from] item: Leftovers
|upkeep
|
|t:|1779637720
|switch|p2a: Primarina|Primarina, M|100/100
|turn|7
|
|t:|1779637724
|move|p2a: Primarina|Moonblast|p1a: Gastrodon
|-damage|p1a: Gastrodon|0 fnt
|faint|p1a: Gastrodon
|
|upkeep
|
|t:|1779637734
|switch|p1a: Lucario|Lucario, F|100/100 par
|turn|8
|
|t:|1779637737
|move|p2a: Primarina|Moonblast|p1a: Lucario
|-damage|p1a: Lucario|0 fnt
|faint|p1a: Lucario
|
|upkeep
|
|t:|1779637742
|switch|p1a: Cinderace|Cinderace, F|100/100
|turn|9
|
|t:|1779637748
|switch|p2a: Dondozo|Dondozo, M, shiny|100/100
|move|p1a: Cinderace|Gunk Shot|p2a: Dondozo|[miss]
|-start|p1a: Cinderace|typechange|Poison|[from] ability: Libero
|-miss|p1a: Cinderace|p2a: Dondozo
|
|upkeep
|turn|10
|
|t:|1779637754
|move|p1a: Cinderace|Gunk Shot|p2a: Dondozo
|-damage|p2a: Dondozo|68/100
|-status|p2a: Dondozo|psn
|move|p2a: Dondozo|Earthquake|p1a: Cinderace
|-supereffective|p1a: Cinderace
|-crit|p1a: Cinderace
|-damage|p1a: Cinderace|0 fnt
|faint|p1a: Cinderace
|
|-heal|p2a: Dondozo|74/100 psn|[from] item: Leftovers
|-damage|p2a: Dondozo|61/100 psn|[from] psn
|upkeep
|
|t:|1779637764
|switch|p1a: Gardevoir|Gardevoir, F|100/100
|turn|11
|
|t:|1779637771
|move|p1a: Gardevoir|Calm Mind|p1a: Gardevoir
|-boost|p1a: Gardevoir|spa|1
|-boost|p1a: Gardevoir|spd|1
|move|p2a: Dondozo|Wave Crash|p1a: Gardevoir
|-damage|p1a: Gardevoir|2/100
|-enditem|p1a: Gardevoir|Salac Berry|[eat]
|-boost|p1a: Gardevoir|spe|1|[from] item: Salac Berry
|-damage|p2a: Dondozo|43/100 psn|[from] Recoil
|
|-heal|p2a: Dondozo|50/100 psn|[from] item: Leftovers
|-damage|p2a: Dondozo|37/100 psn|[from] psn
|upkeep
|turn|12
|
|t:|1779637782
|move|p1a: Gardevoir|Moonblast|p2a: Dondozo
|-damage|p2a: Dondozo|0 fnt
|faint|p2a: Dondozo
|
|upkeep
|
|t:|1779637785
|switch|p2a: Glimmora|Glimmora, F|100/100
|turn|13
|
|t:|1779637790
|move|p1a: Gardevoir|Psychic|p2a: Glimmora
|-supereffective|p2a: Glimmora
|-enditem|p2a: Glimmora|Focus Sash
|-damage|p2a: Glimmora|1/100
|move|p2a: Glimmora|Sludge Bomb|p1a: Gardevoir
|-supereffective|p1a: Gardevoir
|-damage|p1a: Gardevoir|0 fnt
|faint|p1a: Gardevoir
|
|upkeep
|
|t:|1779637793
|switch|p1a: Ditto|Ditto|100/100
|-transform|p1a: Ditto|p2a: Glimmora|[from] ability: Imposter
|turn|14
|
|t:|1779637799
|move|p1a: Ditto|Mortal Spin|p2a: Glimmora
|-resisted|p2a: Glimmora
|-damage|p2a: Glimmora|0 fnt
|faint|p2a: Glimmora
|
|upkeep
|
|t:|1779637804
|switch|p2a: Zapdos|Zapdos|73/100
|turn|15
|
|t:|1779637808
|move|p1a: Ditto|Mortal Spin|p2a: Zapdos
|-damage|p2a: Zapdos|66/100
|-status|p2a: Zapdos|psn
|move|p2a: Zapdos|Discharge|p1a: Ditto
|-damage|p1a: Ditto|1/100
|
|-damage|p2a: Zapdos|53/100 psn|[from] psn
|upkeep
|turn|16
|
|t:|1779637818
|move|p1a: Ditto|Mortal Spin|p2a: Zapdos
|-damage|p2a: Zapdos|45/100 psn
|move|p2a: Zapdos|Discharge|p1a: Ditto
|-damage|p1a: Ditto|0 fnt
|faint|p1a: Ditto
|
|win|abraham_305
|raw|anomalia682's rating: 1307 &rarr; <strong>1288</strong><br />(-19 for losing)
|raw|abraham_305's rating: 1327 &rarr; <strong>1346</strong><br />(+19 for winning)
|l|☆anomalia682
|player|p1|
