|j|☆TychoNestoris25$$$
|j|☆39% gxe
|t:|1779697868
|gametype|singles
|player|p1|TychoNestoris25$$$|li|1180
|player|p2|39% gxe|169|1202
|gen|9
|tier|[Gen 9] OU
|rated|
|rule|HP Percentage Mod: HP is shown in percentages
|rule|Endless Battle Clause: Forcing endless battles is banned
|rule|Species Clause: Limit one of each Pokémon
|rule|OHKO Clause: OHKO moves are banned
|rule|Evasion Items Clause: Evasion items are banned
|rule|Evasion Moves Clause: Evasion moves are banned
|rule|Evasion Abilities Clause: Evasion abilities are banned
|rule|Sleep Moves Clause: Sleep-inducing moves are banned
|clearpoke
|poke|p1|Barraskewda, F|
|poke|p1|Walking Wake|
|poke|p1|Politoed, F|
|poke|p1|Rillaboom, M|
|poke|p1|Iron Treads|
|poke|p1|Pelipper, F|
|poke|p2|Iron Crown|
|poke|p2|Moltres|
|poke|p2|Great Tusk|
|poke|p2|Wo-Chien|
|poke|p2|Iron Valiant|
|poke|p2|Kyurem|
|teampreview
|inactive|Battle timer is ON: inactive players will automatically lose when time's up. (requested by TychoNestoris25$$$)
|inactive|39% gxe also wants the timer to be on.
|
|t:|1779697887
|teamsize|p1|6
|teamsize|p2|6
|start
|switch|p1a: Pelipper|Pelipper, F|100/100
|switch|p2a: dudeman|Iron Crown|100/100
|-weather|RainDance|[from] ability: Drizzle|[of] p1a: Pelipper
|turn|1
|
|t:|1779697908
|move|p2a: dudeman|Focus Blast|p1a: Pelipper
|-resisted|p1a: Pelipper
|-damage|p1a: Pelipper|62/100
|move|p1a: Pelipper|Surf|p2a: dudeman
|-damage|p2a: dudeman|59/100
|
|-weather|RainDance|[upkeep]
|upkeep
|turn|2
|
|t:|1779697920
|-end|p2a: dudeman|Quark Drive|[silent]
|switch|p2a: Osamason|Wo-Chien|100/100
|-ability|p2a: Osamason|Tablets of Ruin
|move|p1a: Pelipper|U-turn|p2a: Osamason
|-supereffective|p2a: Osamason
|-damage|p2a: Osamason|75/100
|inactive|TychoNestoris25$$$ has 120 seconds left.
|
|t:|1779697946
|switch|p1a: Walking Wake|Walking Wake|100/100|[from] U-turn
|
|-weather|RainDance|[upkeep]
|-heal|p2a: Osamason|81/100|[from] item: Leftovers
|upkeep
|turn|3
|inactive|TychoNestoris25$$$ has 120 seconds left.
|
|t:|1779697958
|move|p1a: Walking Wake|Flamethrower|p2a: Osamason
|-supereffective|p2a: Osamason
|-damage|p2a: Osamason|58/100
|move|p2a: Osamason|Leech Seed|p1a: Walking Wake
|-start|p1a: Walking Wake|move: Leech Seed
|
|-weather|RainDance|[upkeep]
|-heal|p2a: Osamason|64/100|[from] item: Leftovers
|-damage|p1a: Walking Wake|88/100|[from] Leech Seed|[of] p2a: Osamason
|-heal|p2a: Osamason|75/100|[silent]
|upkeep
|turn|4
|inactive|TychoNestoris25$$$ has 120 seconds left.
|
|t:|1779697978
|-end|p1a: Walking Wake|Protosynthesis|[silent]
|switch|p1a: Politoed|Politoed, F|100/100
|move|p2a: Osamason|Protect||[still]
|-fail|p2a: Osamason
|
|-weather|RainDance|[upkeep]
|-heal|p2a: Osamason|82/100|[from] item: Leftovers
|upkeep
|turn|5
|inactive|TychoNestoris25$$$ has 120 seconds left.
|
|t:|1779697991
|move|p2a: Osamason|Leech Seed|p1a: Politoed|[miss]
|-miss|p2a: Osamason|p1a: Politoed
|move|p1a: Politoed|Ice Beam|p2a: Osamason
|-supereffective|p2a: Osamason
|-crit|p2a: Osamason
|-damage|p2a: Osamason|42/100
|
|-weather|RainDance|[upkeep]
|-heal|p2a: Osamason|48/100|[from] item: Leftovers
|upkeep
|turn|6
|
|t:|1779698000
|switch|p2a: dudeman|Iron Crown|59/100
|move|p1a: Politoed|Perish Song|p1a: Politoed
|-start|p1a: Politoed|perish3|[silent]
|-start|p2a: dudeman|perish3|[silent]
|-fieldactivate|move: Perish Song
|
|-weather|RainDance|[upkeep]
|-start|p2a: dudeman|perish3
|-start|p1a: Politoed|perish3
|upkeep
|turn|7
|
|t:|1779698013
|switch|p1a: Walking Wake|Walking Wake|88/100
|move|p2a: dudeman|Volt Switch|p1a: Walking Wake
|-damage|p1a: Walking Wake|45/100
|
|t:|1779698021
|-end|p2a: dudeman|Quark Drive|[silent]
|switch|p2a: what set am i?|Iron Valiant|100/100|[from] Volt Switch
|-enditem|p2a: what set am i?|Booster Energy
|-activate|p2a: what set am i?|ability: Quark Drive|[fromitem]
|-start|p2a: what set am i?|quarkdrivespe
|
|-weather|RainDance|[upkeep]
|upkeep
|turn|8
|
|t:|1779698037
|move|p2a: what set am i?|Moonblast|p1a: Walking Wake
|-supereffective|p1a: Walking Wake
|-damage|p1a: Walking Wake|0 fnt
|faint|p1a: Walking Wake
|-end|p1a: Walking Wake|Protosynthesis|[silent]
|
|-weather|none
|upkeep
|
|t:|1779698046
|switch|p1a: Pelipper|Pelipper, F|62/100
|-weather|RainDance|[from] ability: Drizzle|[of] p1a: Pelipper
|turn|9
|
|t:|1779698054
|move|p2a: what set am i?|Moonblast|p1a: Pelipper
|-damage|p1a: Pelipper|0 fnt
|faint|p1a: Pelipper
|
|-weather|RainDance|[upkeep]
|upkeep
|
|t:|1779698060
|switch|p1a: Barraskewda|Barraskewda, F|100/100
|turn|10
|
|t:|1779698084
|-end|p2a: what set am i?|Quark Drive|[silent]
|switch|p2a: Osamason|Wo-Chien|48/100
|-ability|p2a: Osamason|Tablets of Ruin
|move|p1a: Barraskewda|Liquidation|p2a: Osamason
|-resisted|p2a: Osamason
|-damage|p2a: Osamason|11/100
|
|-weather|RainDance|[upkeep]
|-heal|p2a: Osamason|18/100|[from] item: Leftovers
|upkeep
|turn|11
|
|t:|1779698097
|move|p2a: Osamason|Protect|p2a: Osamason
|-singleturn|p2a: Osamason|Protect
|move|p1a: Barraskewda|Liquidation|p2a: Osamason
|-activate|p2a: Osamason|move: Protect
|
|-weather|RainDance|[upkeep]
|-heal|p2a: Osamason|24/100|[from] item: Leftovers
|upkeep
|turn|12
|
|t:|1779698116
|move|p2a: Osamason|Protect||[still]
|-fail|p2a: Osamason
|move|p1a: Barraskewda|Liquidation|p2a: Osamason
|-resisted|p2a: Osamason
|-damage|p2a: Osamason|0 fnt
|faint|p2a: Osamason
|
|-weather|RainDance|[upkeep]
|upkeep
|
|t:|1779698123
|switch|p2a: Boolymon|Kyurem|100/100
|-ability|p2a: Boolymon|Pressure
|turn|13
|
|t:|1779698131
|move|p2a: Boolymon|Protect|p2a: Boolymon
|-singleturn|p2a: Boolymon|Protect
|move|p1a: Barraskewda|Liquidation|p2a: Boolymon
|-activate|p2a: Boolymon|move: Protect
|
|-weather|RainDance|[upkeep]
|upkeep
|turn|14
|
|t:|1779698142
|move|p1a: Barraskewda|Liquidation|p2a: Boolymon
|-resisted|p2a: Boolymon
|-damage|p2a: Boolymon|49/100
|move|p2a: Boolymon|Freeze-Dry|p1a: Barraskewda
|-supereffective|p1a: Barraskewda
|-damage|p1a: Barraskewda|0 fnt
|faint|p1a: Barraskewda
|
|-weather|RainDance|[upkeep]
|-heal|p2a: Boolymon|55/100|[from] item: Leftovers
|upkeep
|-message|TychoNestoris25$$$ forfeited.
|
|win|39% gxe
|raw|TychoNestoris25$$$'s rating: 1180 &rarr; <strong>1157</strong><br />(-23 for losing)
|raw|39% gxe's rating: 1202 &rarr; <strong>1225</strong><br />(+23 for winning)
|l|☆TychoNestoris25$$$
|player|p1|
