|j|☆firewaterplant
|j|☆ANGEL ENGINE
|t:|1779684944
|gametype|singles
|player|p1|firewaterplant|265|1549
|player|p2|ANGEL ENGINE|265|1514
|gen|9
|tier|[Gen 9] OU
|rated|
|rule|HP Percentage Mod: HP is shown in percentages
|rule|Endless Battle Clause: Forcing endless battles is banned
|rule|Species Clause: Limit one of each Pokémon
|rule|OHKO Clause: OHKO moves are banned
|rule|Evasion Items Clause: Evasion items are banned
|rule|Evasion Moves Clause: Evasion moves are banned
|rule|Evasion Abilities Clause: Evasion abilities are banned
|rule|Sleep Moves Clause: Sleep-inducing moves are banned
|clearpoke
|poke|p1|Kyurem|
|poke|p1|Cinderace, F|
|poke|p1|Landorus-Therian, M|
|poke|p1|Kingambit, M|
|poke|p1|Zapdos|
|poke|p1|Iron Valiant|
|poke|p2|Dragonite, F|
|poke|p2|Ting-Lu|
|poke|p2|Clefable, M|
|poke|p2|Pecharunt|
|poke|p2|Heatran, F|
|poke|p2|Zamazenta-*|
|teampreview
|inactive|Battle timer is ON: inactive players will automatically lose when time's up. (requested by ANGEL ENGINE)
|inactive|ANGEL ENGINE has 120 seconds left.
|inactive|ANGEL ENGINE has 90 seconds left.
|
|t:|1779685011
|teamsize|p1|6
|teamsize|p2|6
|start
|switch|p1a: Kyurem|Kyurem|100/100
|switch|p2a: Ting-Lu|Ting-Lu|100/100
|-ability|p1a: Kyurem|Pressure
|-ability|p2a: Ting-Lu|Vessel of Ruin
|turn|1
|
|t:|1779685026
|switch|p2a: Heatran|Heatran, F|100/100
|move|p1a: Kyurem|Freeze-Dry|p2a: Heatran
|-resisted|p2a: Heatran
|-damage|p2a: Heatran|93/100
|
|-heal|p2a: Heatran|99/100|[from] item: Leftovers
|upkeep
|turn|2
|inactive|firewaterplant has 120 seconds left.
|
|t:|1779685073
|move|p1a: Kyurem|Earth Power|p2a: Heatran
|-supereffective|p2a: Heatran
|-damage|p2a: Heatran|12/100
|move|p2a: Heatran|Stealth Rock|p1a: Kyurem
|-sidestart|p1: firewaterplant|move: Stealth Rock
|
|-heal|p2a: Heatran|19/100|[from] item: Leftovers
|upkeep
|turn|3
|inactive|ANGEL ENGINE has 120 seconds left.
|
|t:|1779685089
|switch|p2a: Ting-Lu|Ting-Lu|100/100
|-ability|p2a: Ting-Lu|Vessel of Ruin
|move|p1a: Kyurem|Earth Power|p2a: Ting-Lu
|-damage|p2a: Ting-Lu|87/100
|
|-heal|p2a: Ting-Lu|93/100|[from] item: Leftovers
|upkeep
|turn|4
|
|t:|1779685099
|move|p1a: Kyurem|Freeze-Dry|p2a: Ting-Lu
|-supereffective|p2a: Ting-Lu
|-damage|p2a: Ting-Lu|54/100
|move|p2a: Ting-Lu|Spikes|p1a: Kyurem
|-sidestart|p1: firewaterplant|Spikes
|
|-heal|p2a: Ting-Lu|61/100|[from] item: Leftovers
|upkeep
|turn|5
|inactive|firewaterplant has 120 seconds left.
|
|t:|1779685106
|move|p1a: Kyurem|Freeze-Dry|p2a: Ting-Lu
|-supereffective|p2a: Ting-Lu
|-damage|p2a: Ting-Lu|22/100
|move|p2a: Ting-Lu|Ruination|p1a: Kyurem
|-damage|p1a: Kyurem|50/100
|
|-heal|p2a: Ting-Lu|28/100|[from] item: Leftovers
|upkeep
|turn|6
|
|t:|1779685117
|move|p1a: Kyurem|Freeze-Dry|p2a: Ting-Lu
|-supereffective|p2a: Ting-Lu
|-damage|p2a: Ting-Lu|0 fnt
|faint|p2a: Ting-Lu
|
|upkeep
|
|t:|1779685119
|switch|p2a: Zamazenta|Zamazenta|100/100
|-ability|p2a: Zamazenta|Dauntless Shield|boost
|-boost|p2a: Zamazenta|def|1
|turn|7
|
|t:|1779685123
|switch|p1a: Zapdos|Zapdos|100/100
|move|p2a: Zamazenta|Close Combat|p1a: Zapdos
|-resisted|p1a: Zapdos
|-damage|p1a: Zapdos|79/100
|-unboost|p2a: Zamazenta|def|1
|-unboost|p2a: Zamazenta|spd|1
|-status|p2a: Zamazenta|par|[from] ability: Static|[of] p1a: Zapdos
|
|upkeep
|turn|8
|
|t:|1779685134
|move|p1a: Zapdos|Hurricane|p2a: Zamazenta
|-supereffective|p2a: Zamazenta
|-damage|p2a: Zamazenta|0 fnt
|faint|p2a: Zamazenta
|
|upkeep
|
|t:|1779685142
|switch|p2a: Pecharunt|Pecharunt|100/100
|turn|9
|
|t:|1779685154
|move|p1a: Zapdos|Volt Switch|p2a: Pecharunt
|-damage|p2a: Pecharunt|72/100
|
|t:|1779685163
|switch|p1a: Cinderace|Cinderace, F|100/100|[from] Volt Switch
|move|p2a: Pecharunt|Parting Shot|p1a: Cinderace
|-unboost|p1a: Cinderace|atk|1
|-unboost|p1a: Cinderace|spa|1
|
|t:|1779685183
|switch|p2a: Heatran|Heatran, F|19/100|[from] Parting Shot
|
|-heal|p2a: Heatran|25/100|[from] item: Leftovers
|upkeep
|turn|10
|
|t:|1779685187
|move|p1a: Cinderace|Court Change|p1a: Cinderace
|-start|p1a: Cinderace|typechange|Normal|[from] ability: Libero
|-swapsideconditions
|-activate|p1a: Cinderace|move: Court Change
|move|p2a: Heatran|Earth Power|p1a: Cinderace
|-damage|p1a: Cinderace|63/100
|
|-heal|p2a: Heatran|31/100|[from] item: Leftovers
|upkeep
|turn|11
|
|t:|1779685196
|move|p1a: Cinderace|Low Kick|p2a: Heatran
|-supereffective|p2a: Heatran
|-damage|p2a: Heatran|0 fnt
|faint|p2a: Heatran
|
|upkeep
|-message|ANGEL ENGINE forfeited.
|
|win|firewaterplant
|raw|firewaterplant's rating: 1549 &rarr; <strong>1567</strong><br />(+18 for winning)
|raw|ANGEL ENGINE's rating: 1514 &rarr; <strong>1496</strong><br />(-18 for losing)
|l|☆ANGEL ENGINE
|player|p2|
|l|☆firewaterplant
|player|p1|
