|j|☆mpreg fantasies
|j|☆drutini bot
|t:|1779695890
|gametype|singles
|player|p1|mpreg fantasies|170|1665
|player|p2|drutini bot|parasollady|1637
|gen|9
|tier|[Gen 9] OU
|rated|
|rule|HP Percentage Mod: HP is shown in percentages
|rule|Endless Battle Clause: Forcing endless battles is banned
|rule|Species Clause: Limit one of each Pokémon
|rule|OHKO Clause: OHKO moves are banned
|rule|Evasion Items Clause: Evasion items are banned
|rule|Evasion Moves Clause: Evasion moves are banned
|rule|Evasion Abilities Clause: Evasion abilities are banned
|rule|Sleep Moves Clause: Sleep-inducing moves are banned
|clearpoke
|poke|p1|Hoopa|
|poke|p1|Cinderace, M|
|poke|p1|Mandibuzz, F|
|poke|p1|Kyurem|
|poke|p1|Ting-Lu|
|poke|p1|Manaphy|
|poke|p2|Dondozo, F|
|poke|p2|Blissey, F|
|poke|p2|Gliscor, M|
|poke|p2|Toxapex, F|
|poke|p2|Mandibuzz, F|
|poke|p2|Talonflame, F|
|teampreview
|inactive|Battle timer is ON: inactive players will automatically lose when time's up. (requested by drutini bot)
|inactive|mpreg fantasies has 120 seconds left.
|inactive|mpreg fantasies has 90 seconds left.
|j| Kingtrainer
|
|t:|1779695962
|teamsize|p1|6
|teamsize|p2|6
|start
|switch|p1a: Kyurem|Kyurem|100/100
|switch|p2a: Gliscor|Gliscor, M|100/100
|-ability|p1a: Kyurem|Pressure
|turn|1
|
|t:|1779695977
|switch|p2a: Toxapex|Toxapex, F|100/100
|move|p1a: Kyurem|Ice Beam|p2a: Toxapex
|-resisted|p2a: Toxapex
|-damage|p2a: Toxapex|85/100
|
|-heal|p2a: Toxapex|91/100|[from] item: Black Sludge
|upkeep
|turn|2
|
|t:|1779695982
|switch|p1a: Manaphy|Manaphy|100/100
|move|p2a: Toxapex|Sludge Bomb|p1a: Manaphy
|-damage|p1a: Manaphy|85/100
|-status|p1a: Manaphy|psn
|
|-heal|p1a: Manaphy|91/100 psn|[from] item: Leftovers
|-heal|p2a: Toxapex|98/100|[from] item: Black Sludge
|-damage|p1a: Manaphy|79/100 psn|[from] psn
|upkeep
|turn|3
|
|t:|1779695987
|switch|p2a: Blissey|Blissey, F|100/100
|move|p1a: Manaphy|Take Heart|p1a: Manaphy
|-boost|p1a: Manaphy|spa|1
|-boost|p1a: Manaphy|spd|1
|-curestatus|p1a: Manaphy|psn|[msg]
|
|-heal|p1a: Manaphy|85/100|[from] item: Leftovers
|upkeep
|turn|4
|
|t:|1779695994
|switch|p1a: Hoopa|Hoopa|100/100
|move|p2a: Blissey|Calm Mind|p2a: Blissey
|-boost|p2a: Blissey|spa|1
|-boost|p2a: Blissey|spd|1
|
|upkeep
|turn|5
|
|t:|1779696004
|switch|p1a: Mandibuzz|Mandibuzz, F, shiny|100/100
|switch|p2a: Toxapex|Toxapex, F|100/100
|
|upkeep
|turn|6
|
|t:|1779696017
|switch|p1a: Ting-Lucifer|Ting-Lu|100/100
|-ability|p1a: Ting-Lucifer|Vessel of Ruin
|move|p2a: Toxapex|Sludge Bomb|p1a: Ting-Lucifer
|-resisted|p1a: Ting-Lucifer
|-damage|p1a: Ting-Lucifer|96/100
|-status|p1a: Ting-Lucifer|psn
|
|-damage|p1a: Ting-Lucifer|83/100 psn|[from] psn
|upkeep
|turn|7
|l| Kingtrainer
|
|t:|1779696028
|switch|p2a: Mandibuzz|Mandibuzz, F|100/100
|move|p1a: Ting-Lucifer|Stealth Rock|p2a: Mandibuzz
|-sidestart|p2: drutini bot|move: Stealth Rock
|
|-damage|p1a: Ting-Lucifer|71/100 psn|[from] psn
|upkeep
|turn|8
|
|t:|1779696033
|switch|p1a: Kyurem|Kyurem|100/100
|-ability|p1a: Kyurem|Pressure
|move|p2a: Mandibuzz|Defog|p1a: Kyurem
|-unboost|p1a: Kyurem|evasion|1
|-sideend|p2: drutini bot|Stealth Rock|[from] move: Defog|[of] p2a: Mandibuzz
|
|upkeep
|turn|9
|
|t:|1779696040
|switch|p2a: Blissey|Blissey, F|100/100
|move|p1a: Kyurem|Freeze-Dry|p2a: Blissey
|-damage|p2a: Blissey|90/100
|
|-heal|p2a: Blissey|96/100|[from] item: Leftovers
|upkeep
|turn|10
|
|t:|1779696046
|switch|p1a: Hoopa|Hoopa|100/100
|switch|p2a: Toxapex|Toxapex, F|100/100
|
|upkeep
|turn|11
|
|t:|1779696054
|switch|p2a: Mandibuzz|Mandibuzz, F|100/100
|move|p1a: Hoopa|Substitute|p1a: Hoopa
|-start|p1a: Hoopa|Substitute
|-damage|p1a: Hoopa|76/100
|
|upkeep
|turn|12
|
|t:|1779696061
|move|p1a: Hoopa|Calm Mind|p1a: Hoopa
|-boost|p1a: Hoopa|spa|1
|-boost|p1a: Hoopa|spd|1
|move|p2a: Mandibuzz|Knock Off|p1a: Hoopa
|-supereffective|p1a: Hoopa
|-end|p1a: Hoopa|Substitute
|
|upkeep
|turn|13
|
|t:|1779696068
|move|p1a: Hoopa|Substitute|p1a: Hoopa
|-start|p1a: Hoopa|Substitute
|-damage|p1a: Hoopa|51/100
|move|p2a: Mandibuzz|Knock Off|p1a: Hoopa
|-supereffective|p1a: Hoopa
|-end|p1a: Hoopa|Substitute
|
|upkeep
|turn|14
|
|t:|1779696073
|move|p1a: Hoopa|Substitute|p1a: Hoopa
|-start|p1a: Hoopa|Substitute
|-damage|p1a: Hoopa|26/100
|move|p2a: Mandibuzz|Knock Off|p1a: Hoopa
|-supereffective|p1a: Hoopa
|-end|p1a: Hoopa|Substitute
|
|upkeep
|turn|15
|
|t:|1779696082
|move|p1a: Hoopa|Substitute|p1a: Hoopa
|-start|p1a: Hoopa|Substitute
|-damage|p1a: Hoopa|1/100
|-enditem|p1a: Hoopa|Aguav Berry|[eat]
|-heal|p1a: Hoopa|34/100|[from] item: Aguav Berry
|move|p2a: Mandibuzz|Knock Off|p1a: Hoopa
|-supereffective|p1a: Hoopa
|-end|p1a: Hoopa|Substitute
|
|upkeep
|turn|16
|
|t:|1779696091
|-terastallize|p1a: Hoopa|Fairy
|move|p1a: Hoopa|Calm Mind|p1a: Hoopa
|-boost|p1a: Hoopa|spa|1
|-boost|p1a: Hoopa|spd|1
|move|p2a: Mandibuzz|Knock Off|p1a: Hoopa
|-resisted|p1a: Hoopa
|-damage|p1a: Hoopa|21/100
|
|upkeep
|turn|17
|
|t:|1779696103
|move|p1a: Hoopa|Focus Blast|p2a: Mandibuzz
|-damage|p2a: Mandibuzz|34/100
|-item|p1a: Hoopa|Heavy-Duty Boots|[from] ability: Magician|[of] p2a: Mandibuzz
|move|p2a: Mandibuzz|Toxic|p1a: Hoopa|[miss]
|-miss|p2a: Mandibuzz|p1a: Hoopa
|
|upkeep
|turn|18
|
|t:|1779696125
|move|p1a: Hoopa|Focus Blast|p2a: Mandibuzz
|-damage|p2a: Mandibuzz|0 fnt
|faint|p2a: Mandibuzz
|
|upkeep
|
|t:|1779696135
|switch|p2a: Blissey|Blissey, F|96/100
|turn|19
|
|t:|1779696138
|move|p1a: Hoopa|Focus Blast|p2a: Blissey
|-supereffective|p2a: Blissey
|-damage|p2a: Blissey|31/100
|move|p2a: Blissey|Seismic Toss|p1a: Hoopa
|-damage|p1a: Hoopa|0 fnt
|faint|p1a: Hoopa
|
|-heal|p2a: Blissey|37/100|[from] item: Leftovers
|upkeep
|
|t:|1779696147
|switch|p1a: Cinderace|Cinderace, M|100/100
|turn|20
|
|t:|1779696154
|switch|p2a: Talonflame|Talonflame, F|100/100
|move|p1a: Cinderace|U-turn|p2a: Talonflame
|-start|p1a: Cinderace|typechange|Bug|[from] ability: Libero
|-resisted|p2a: Talonflame
|-damage|p2a: Talonflame|93/100
|
|t:|1779696163
|switch|p1a: Manaphy|Manaphy|85/100|[from] U-turn
|
|-heal|p1a: Manaphy|91/100|[from] item: Leftovers
|upkeep
|turn|21
|
|t:|1779696168
|switch|p2a: Blissey|Blissey, F|37/100
|move|p1a: Manaphy|Tail Glow|p1a: Manaphy
|-boost|p1a: Manaphy|spa|3
|
|-heal|p1a: Manaphy|97/100|[from] item: Leftovers
|-heal|p2a: Blissey|43/100|[from] item: Leftovers
|upkeep
|turn|22
|
|t:|1779696172
|move|p1a: Manaphy|Scald|p2a: Blissey
|-damage|p2a: Blissey|22/100
|move|p2a: Blissey|Soft-Boiled|p2a: Blissey
|-heal|p2a: Blissey|72/100
|
|-heal|p1a: Manaphy|100/100|[from] item: Leftovers
|-heal|p2a: Blissey|79/100|[from] item: Leftovers
|upkeep
|turn|23
|
|t:|1779696176
|move|p1a: Manaphy|Tail Glow|p1a: Manaphy
|-boost|p1a: Manaphy|spa|3
|move|p2a: Blissey|Calm Mind|p2a: Blissey
|-boost|p2a: Blissey|spa|1
|-boost|p2a: Blissey|spd|1
|
|-heal|p2a: Blissey|85/100|[from] item: Leftovers
|upkeep
|turn|24
|
|t:|1779696182
|move|p1a: Manaphy|Scald|p2a: Blissey
|-damage|p2a: Blissey|63/100
|move|p2a: Blissey|Calm Mind|p2a: Blissey
|-boost|p2a: Blissey|spa|1
|-boost|p2a: Blissey|spd|1
|
|-heal|p2a: Blissey|69/100|[from] item: Leftovers
|upkeep
|turn|25
|
|t:|1779696191
|move|p1a: Manaphy|Scald|p2a: Blissey
|-damage|p2a: Blissey|52/100
|move|p2a: Blissey|Seismic Toss|p1a: Manaphy
|-damage|p1a: Manaphy|76/100
|
|-heal|p1a: Manaphy|82/100|[from] item: Leftovers
|-heal|p2a: Blissey|58/100|[from] item: Leftovers
|upkeep
|turn|26
|
|t:|1779696196
|move|p1a: Manaphy|Scald|p2a: Blissey
|-damage|p2a: Blissey|40/100
|move|p2a: Blissey|Seismic Toss|p1a: Manaphy
|-damage|p1a: Manaphy|57/100
|
|-heal|p1a: Manaphy|63/100|[from] item: Leftovers
|-heal|p2a: Blissey|46/100|[from] item: Leftovers
|upkeep
|turn|27
|
|t:|1779696202
|move|p1a: Manaphy|Scald|p2a: Blissey
|-damage|p2a: Blissey|29/100
|-status|p2a: Blissey|brn
|move|p2a: Blissey|Soft-Boiled|p2a: Blissey
|-heal|p2a: Blissey|79/100 brn
|
|-heal|p1a: Manaphy|70/100|[from] item: Leftovers
|-heal|p2a: Blissey|86/100 brn|[from] item: Leftovers
|-damage|p2a: Blissey|79/100 brn|[from] brn
|upkeep
|turn|28
|
|t:|1779696209
|switch|p1a: Mandibuzz|Mandibuzz, F, shiny|100/100
|move|p2a: Blissey|Seismic Toss|p1a: Mandibuzz
|-damage|p1a: Mandibuzz|76/100
|-damage|p2a: Blissey|63/100 brn|[from] item: Rocky Helmet|[of] p1a: Mandibuzz
|
|-heal|p2a: Blissey|69/100 brn|[from] item: Leftovers
|-damage|p2a: Blissey|63/100 brn|[from] brn
|upkeep
|turn|29
|
|t:|1779696217
|-curestatus|p2a: Blissey|brn|[from] ability: Natural Cure|[silent]
|switch|p2a: Toxapex|Toxapex, F|100/100
|move|p1a: Mandibuzz|Foul Play|p2a: Toxapex
|-damage|p2a: Toxapex|89/100
|
|-heal|p2a: Toxapex|96/100|[from] item: Black Sludge
|upkeep
|turn|30
|
|t:|1779696222
|switch|p1a: Ting-Lucifer|Ting-Lu|71/100 psn
|-ability|p1a: Ting-Lucifer|Vessel of Ruin
|switch|p2a: Gliscor|Gliscor, M|100/100
|
|-damage|p1a: Ting-Lucifer|59/100 psn|[from] psn
|-status|p2a: Gliscor|tox|[from] item: Toxic Orb
|upkeep
|turn|31
|
|t:|1779696229
|switch|p2a: Talonflame|Talonflame, F|93/100
|move|p1a: Ting-Lucifer|Stealth Rock|p2a: Talonflame
|-sidestart|p2: drutini bot|move: Stealth Rock
|
|-damage|p1a: Ting-Lucifer|46/100 psn|[from] psn
|upkeep
|turn|32
|
|t:|1779696232
|move|p2a: Talonflame|Defog|p1a: Ting-Lucifer
|-unboost|p1a: Ting-Lucifer|evasion|1
|-sideend|p2: drutini bot|Stealth Rock|[from] move: Defog|[of] p2a: Talonflame
|move|p1a: Ting-Lucifer|Stone Edge|p2a: Talonflame
|-supereffective|p2a: Talonflame
|-damage|p2a: Talonflame|0 fnt
|faint|p2a: Talonflame
|
|-damage|p1a: Ting-Lucifer|34/100 psn|[from] psn
|upkeep
|
|t:|1779696243
|switch|p2a: Gliscor|Gliscor, M|100/100 tox
|turn|33
|
|t:|1779696264
|move|p2a: Gliscor|Spikes|p1a: Ting-Lucifer
|-sidestart|p1: mpreg fantasies|Spikes
|move|p1a: Ting-Lucifer|Stealth Rock|p2a: Gliscor
|-sidestart|p2: drutini bot|move: Stealth Rock
|
|-damage|p1a: Ting-Lucifer|21/100 psn|[from] psn
|upkeep
|turn|34
|
|t:|1779696269
|switch|p1a: Mandibuzz|Mandibuzz, F, shiny|76/100
|move|p2a: Gliscor|Spikes|p1a: Mandibuzz
|-sidestart|p1: mpreg fantasies|Spikes
|
|upkeep
|turn|35
|
|t:|1779696273
|move|p2a: Gliscor|Knock Off|p1a: Mandibuzz
|-resisted|p1a: Mandibuzz
|-damage|p1a: Mandibuzz|70/100
|-damage|p2a: Gliscor|84/100 tox|[from] item: Rocky Helmet|[of] p1a: Mandibuzz
|-enditem|p1a: Mandibuzz|Rocky Helmet|[from] move: Knock Off|[of] p2a: Gliscor
|move|p1a: Mandibuzz|Defog|p2a: Gliscor
|-unboost|p2a: Gliscor|evasion|1
|-sideend|p2: drutini bot|Stealth Rock|[from] move: Defog|[of] p1a: Mandibuzz
|-sideend|p1: mpreg fantasies|Spikes|[from] move: Defog|[of] p1a: Mandibuzz
|
|-heal|p2a: Gliscor|97/100 tox|[from] ability: Poison Heal
|upkeep
|turn|36
|
|t:|1779696282
|switch|p2a: Toxapex|Toxapex, F|100/100
|switch|p1a: Manaphy|Manaphy|70/100
|
|-heal|p1a: Manaphy|76/100|[from] item: Leftovers
|upkeep
|turn|37
|
|t:|1779696287
|switch|p2a: Blissey|Blissey, F|63/100
|move|p1a: Manaphy|Scald|p2a: Blissey
|-damage|p2a: Blissey|53/100
|
|-heal|p1a: Manaphy|82/100|[from] item: Leftovers
|-heal|p2a: Blissey|60/100|[from] item: Leftovers
|upkeep
|turn|38
|
|t:|1779696290
|switch|p1a: Mandibuzz|Mandibuzz, F, shiny|70/100
|move|p2a: Blissey|Seismic Toss|p1a: Mandibuzz
|-damage|p1a: Mandibuzz|46/100
|
|-heal|p2a: Blissey|66/100|[from] item: Leftovers
|upkeep
|turn|39
|
|t:|1779696295
|move|p1a: Mandibuzz|Toxic|p2a: Blissey
|-status|p2a: Blissey|tox
|move|p2a: Blissey|Seismic Toss|p1a: Mandibuzz
|-damage|p1a: Mandibuzz|22/100
|
|-heal|p2a: Blissey|72/100 tox|[from] item: Leftovers
|-damage|p2a: Blissey|66/100 tox|[from] psn
|upkeep
|turn|40
|
|t:|1779696298
|-curestatus|p2a: Blissey|tox|[from] ability: Natural Cure|[silent]
|switch|p2a: Gliscor|Gliscor, M|97/100 tox
|move|p1a: Mandibuzz|Roost|p1a: Mandibuzz
|-heal|p1a: Mandibuzz|72/100
|-singleturn|p1a: Mandibuzz|move: Roost
|
|-heal|p2a: Gliscor|100/100 tox|[from] ability: Poison Heal
|upkeep
|turn|41
|
|t:|1779696304
|switch|p1a: Kyurem|Kyurem|100/100
|-ability|p1a: Kyurem|Pressure
|move|p2a: Gliscor|Knock Off|p1a: Kyurem
|-damage|p1a: Kyurem|79/100
|-enditem|p1a: Kyurem|Choice Scarf|[from] move: Knock Off|[of] p2a: Gliscor
|
|upkeep
|turn|42
|
|t:|1779696314
|switch|p1a: Cinderace|Cinderace, M|100/100
|switch|p2a: Toxapex|Toxapex, F|100/100
|
|upkeep
|turn|43
|
|t:|1779696321
|move|p1a: Cinderace|U-turn|p2a: Toxapex
|-start|p1a: Cinderace|typechange|Bug|[from] ability: Libero
|-resisted|p2a: Toxapex
|-damage|p2a: Toxapex|89/100
|
|t:|1779696323
|switch|p1a: Manaphy|Manaphy|82/100|[from] U-turn
|move|p2a: Toxapex|Sludge Bomb|p1a: Manaphy
|-damage|p1a: Manaphy|67/100
|
|-heal|p1a: Manaphy|73/100|[from] item: Leftovers
|-heal|p2a: Toxapex|95/100|[from] item: Black Sludge
|upkeep
|turn|44
|
|t:|1779696329
|switch|p1a: Mandibuzz|Mandibuzz, F, shiny|72/100
|switch|p2a: Blissey|Blissey, F|66/100
|
|-heal|p2a: Blissey|72/100|[from] item: Leftovers
|upkeep
|turn|45
|
|t:|1779696334
|switch|p2a: Gliscor|Gliscor, M|100/100 tox
|move|p1a: Mandibuzz|Toxic|p2a: Gliscor|[miss]
|-miss|p1a: Mandibuzz|p2a: Gliscor
|
|upkeep
|turn|46
|
|t:|1779696350
|switch|p1a: Kyurem|Kyurem|79/100
|-ability|p1a: Kyurem|Pressure
|move|p2a: Gliscor|Knock Off|p1a: Kyurem
|-damage|p1a: Kyurem|64/100
|
|upkeep
|turn|47
|
|t:|1779696357
|switch|p2a: Blissey|Blissey, F|72/100
|move|p1a: Kyurem|Freeze-Dry|p2a: Blissey
|-damage|p2a: Blissey|60/100
|
|-heal|p2a: Blissey|67/100|[from] item: Leftovers
|upkeep
|turn|48
|
|t:|1779696363
|switch|p1a: Mandibuzz|Mandibuzz, F, shiny|72/100
|move|p2a: Blissey|Seismic Toss|p1a: Mandibuzz
|-damage|p1a: Mandibuzz|48/100
|
|-heal|p2a: Blissey|73/100|[from] item: Leftovers
|upkeep
|turn|49
|
|t:|1779696372
|move|p1a: Mandibuzz|Toxic|p2a: Blissey
|-status|p2a: Blissey|tox
|move|p2a: Blissey|Stealth Rock|p1a: Mandibuzz
|-sidestart|p1: mpreg fantasies|move: Stealth Rock
|
|-heal|p2a: Blissey|79/100 tox|[from] item: Leftovers
|-damage|p2a: Blissey|73/100 tox|[from] psn
|upkeep
|turn|50
|
|t:|1779696377
|-curestatus|p2a: Blissey|tox|[from] ability: Natural Cure|[silent]
|switch|p2a: Toxapex|Toxapex, F|100/100
|move|p1a: Mandibuzz|Defog|p2a: Toxapex
|-unboost|p2a: Toxapex|evasion|1
|-sideend|p1: mpreg fantasies|Stealth Rock|[from] move: Defog|[of] p1a: Mandibuzz
|
|upkeep
|turn|51
|
|t:|1779696384
|move|p1a: Mandibuzz|Roost|p1a: Mandibuzz
|-heal|p1a: Mandibuzz|98/100
|-singleturn|p1a: Mandibuzz|move: Roost
|move|p2a: Toxapex|Sludge Bomb|p1a: Mandibuzz
|-damage|p1a: Mandibuzz|81/100
|
|upkeep
|turn|52
|
|t:|1779696394
|switch|p1a: Manaphy|Manaphy|73/100
|move|p2a: Toxapex|Sludge Bomb|p1a: Manaphy
|-damage|p1a: Manaphy|57/100
|-status|p1a: Manaphy|psn
|
|-heal|p1a: Manaphy|63/100 psn|[from] item: Leftovers
|-damage|p1a: Manaphy|50/100 psn|[from] psn
|upkeep
|turn|53
|
|t:|1779696399
|switch|p2a: Blissey|Blissey, F|73/100
|move|p1a: Manaphy|Take Heart|p1a: Manaphy
|-boost|p1a: Manaphy|spa|1
|-boost|p1a: Manaphy|spd|1
|-curestatus|p1a: Manaphy|psn|[msg]
|
|-heal|p1a: Manaphy|57/100|[from] item: Leftovers
|-heal|p2a: Blissey|79/100|[from] item: Leftovers
|upkeep
|turn|54
|
|t:|1779696404
|switch|p1a: Cinderace|Cinderace, M|100/100
|move|p2a: Blissey|Seismic Toss|p1a: Cinderace
|-damage|p1a: Cinderace|67/100
|
|-heal|p2a: Blissey|85/100|[from] item: Leftovers
|upkeep
|turn|55
|
|t:|1779696408
|switch|p2a: Gliscor|Gliscor, M|100/100 tox
|move|p1a: Cinderace|Pyro Ball|p2a: Gliscor
|-damage|p2a: Gliscor|41/100 tox
|
|-heal|p2a: Gliscor|53/100 tox|[from] ability: Poison Heal
|upkeep
|turn|56
|
|t:|1779696416
|move|p2a: Gliscor|Protect|p2a: Gliscor
|-singleturn|p2a: Gliscor|Protect
|move|p1a: Cinderace|U-turn|p2a: Gliscor
|-start|p1a: Cinderace|typechange|Bug|[from] ability: Libero
|-activate|p2a: Gliscor|move: Protect
|
|-heal|p2a: Gliscor|66/100 tox|[from] ability: Poison Heal
|upkeep
|turn|57
|j| goodnightnite
|
|t:|1779696420
|move|p1a: Cinderace|Pyro Ball|p2a: Gliscor
|-damage|p2a: Gliscor|30/100 tox
|move|p2a: Gliscor|Knock Off|p1a: Cinderace
|-damage|p1a: Cinderace|35/100
|-enditem|p1a: Cinderace|Charcoal|[from] move: Knock Off|[of] p2a: Gliscor
|
|-heal|p2a: Gliscor|42/100 tox|[from] ability: Poison Heal
|upkeep
|turn|58
|
|t:|1779696425
|move|p2a: Gliscor|Protect|p2a: Gliscor
|-singleturn|p2a: Gliscor|Protect
|move|p1a: Cinderace|Pyro Ball|p2a: Gliscor
|-activate|p2a: Gliscor|move: Protect
|
|-heal|p2a: Gliscor|55/100 tox|[from] ability: Poison Heal
|upkeep
|turn|59
|
|t:|1779696434
|switch|p2a: Toxapex|Toxapex, F|100/100
|move|p1a: Cinderace|Pyro Ball|p2a: Toxapex
|-resisted|p2a: Toxapex
|-damage|p2a: Toxapex|86/100
|-status|p2a: Toxapex|brn
|
|-heal|p2a: Toxapex|92/100 brn|[from] item: Black Sludge
|-damage|p2a: Toxapex|86/100 brn|[from] brn
|upkeep
|turn|60
|
|t:|1779696439
|switch|p1a: Kyurem|Kyurem|64/100
|-ability|p1a: Kyurem|Pressure
|move|p2a: Toxapex|Sludge Bomb|p1a: Kyurem
|-damage|p1a: Kyurem|45/100
|-status|p1a: Kyurem|psn
|
|-heal|p2a: Toxapex|92/100 brn|[from] item: Black Sludge
|-damage|p1a: Kyurem|32/100 psn|[from] psn
|-damage|p2a: Toxapex|86/100 brn|[from] brn
|upkeep
|turn|61
|-message|mpreg fantasies forfeited.
|
|win|drutini bot
|raw|mpreg fantasies's rating: 1665 &rarr; <strong>1643</strong><br />(-22 for losing)
|raw|drutini bot's rating: 1637 &rarr; <strong>1659</strong><br />(+22 for winning)
|l|☆mpreg fantasies
|player|p1|
|l|☆drutini bot
|player|p2|
|l| goodnightnite
