|j|☆zazalet
|j|☆darkandgothicmaga
|t:|1779656958
|gametype|singles
|player|p1|zazalet|blue|1335
|player|p2|darkandgothicmaga|brycen|1318
|gen|9
|tier|[Gen 9] OU
|rated|
|rule|HP Percentage Mod: HP is shown in percentages
|rule|Endless Battle Clause: Forcing endless battles is banned
|rule|Species Clause: Limit one of each Pokémon
|rule|OHKO Clause: OHKO moves are banned
|rule|Evasion Items Clause: Evasion items are banned
|rule|Evasion Moves Clause: Evasion moves are banned
|rule|Evasion Abilities Clause: Evasion abilities are banned
|rule|Sleep Moves Clause: Sleep-inducing moves are banned
|clearpoke
|poke|p1|Hoopa-Unbound|
|poke|p1|Clefable, F|
|poke|p1|Corviknight, M|
|poke|p1|Keldeo|
|poke|p1|Iron Treads|
|poke|p1|Cinderace, M|
|poke|p2|Dragonite, M|
|poke|p2|Kingambit, F|
|poke|p2|Ting-Lu|
|poke|p2|Dragapult, M|
|poke|p2|Corviknight, M|
|poke|p2|Ogerpon, F|
|teampreview
|inactive|Battle timer is ON: inactive players will automatically lose when time's up. (requested by darkandgothicmaga)
|inactive|zazalet has 120 seconds left.
|
|t:|1779657000
|teamsize|p1|6
|teamsize|p2|6
|start
|switch|p1a: Cinderace|Cinderace, M|100/100
|switch|p2a: Ogerpon|Ogerpon, F|100/100
|turn|1
|
|t:|1779657006
|-terastallize|p2a: Ogerpon|Grass
|detailschange|p2a: Ogerpon|Ogerpon-Teal-Tera, F, tera:Grass
|-ability|p2a: Ogerpon|Embody Aspect (Teal)|boost
|-boost|p2a: Ogerpon|spe|1
|move|p2a: Ogerpon|U-turn|p1a: Cinderace
|-resisted|p1a: Cinderace
|-damage|p1a: Cinderace|79/100
|
|t:|1779657012
|switch|p2a: Dragonite|Dragonite, M|100/100|[from] U-turn
|move|p1a: Cinderace|Will-O-Wisp|p2a: Dragonite
|-status|p2a: Dragonite|brn
|
|-damage|p2a: Dragonite|94/100 brn|[from] brn
|upkeep
|turn|2
|
|t:|1779657019
|switch|p2a: Corviknight|Corviknight, M|100/100
|-ability|p2a: Corviknight|Pressure
|move|p1a: Cinderace|U-turn|p2a: Corviknight
|-resisted|p2a: Corviknight
|-damage|p2a: Corviknight|98/100
|-damage|p1a: Cinderace|63/100|[from] item: Rocky Helmet|[of] p2a: Corviknight
|
|t:|1779657026
|switch|p1a: Clefable|Clefable, F|100/100|[from] U-turn
|
|upkeep
|turn|3
|
|t:|1779657029
|move|p2a: Corviknight|Brave Bird|p1a: Clefable
|-damage|p1a: Clefable|71/100
|-damage|p2a: Corviknight|88/100|[from] Recoil
|move|p1a: Clefable|Stealth Rock|p2a: Corviknight
|-sidestart|p2: darkandgothicmaga|move: Stealth Rock
|
|-heal|p1a: Clefable|77/100|[from] item: Leftovers
|upkeep
|turn|4
|
|t:|1779657033
|move|p2a: Corviknight|Defog|p1a: Clefable
|-unboost|p1a: Clefable|evasion|1
|-sideend|p2: darkandgothicmaga|Stealth Rock|[from] move: Defog|[of] p2a: Corviknight
|move|p1a: Clefable|Thunder Wave|p2a: Corviknight
|-status|p2a: Corviknight|par
|
|-heal|p1a: Clefable|83/100|[from] item: Leftovers
|upkeep
|turn|5
|
|t:|1779657039
|switch|p2a: Kingambit|Kingambit, F|100/100
|move|p1a: Clefable|Stealth Rock|p2a: Kingambit
|-sidestart|p2: darkandgothicmaga|move: Stealth Rock
|
|-heal|p1a: Clefable|89/100|[from] item: Leftovers
|upkeep
|turn|6
|
|t:|1779657047
|switch|p1a: Keldeo|Keldeo|100/100
|-end|p2a: Kingambit|fallenundefined|[silent]
|switch|p2a: Corviknight|Corviknight, M|88/100 par
|-damage|p2a: Corviknight|76/100 par|[from] Stealth Rock
|-ability|p2a: Corviknight|Pressure
|
|upkeep
|turn|7
|
|t:|1779657055
|switch|p1a: Corviknight|Corviknight, M|100/100
|-ability|p1a: Corviknight|Pressure
|move|p2a: Corviknight|Defog|p1a: Corviknight
|-unboost|p1a: Corviknight|evasion|1
|-sideend|p2: darkandgothicmaga|Stealth Rock|[from] move: Defog|[of] p2a: Corviknight
|
|upkeep
|turn|8
|
|t:|1779657058
|move|p1a: Corviknight|U-turn|p2a: Corviknight
|-resisted|p2a: Corviknight
|-damage|p2a: Corviknight|74/100 par
|-damage|p1a: Corviknight|84/100|[from] item: Rocky Helmet|[of] p2a: Corviknight
|
|t:|1779657061
|switch|p1a: Clefable|Clefable, F|89/100|[from] U-turn
|move|p2a: Corviknight|U-turn|p1a: Clefable
|-resisted|p1a: Clefable
|-damage|p1a: Clefable|83/100
|
|t:|1779657063
|switch|p2a: Kingambit|Kingambit, F|100/100|[from] U-turn
|
|-heal|p1a: Clefable|89/100|[from] item: Leftovers
|upkeep
|turn|9
|
|t:|1779657069
|switch|p1a: Corviknight|Corviknight, M|84/100
|-ability|p1a: Corviknight|Pressure
|-end|p2a: Kingambit|fallenundefined|[silent]
|switch|p2a: Ogerpon|Ogerpon-Teal-Tera, F, tera:Grass|100/100
|-ability|p2a: Ogerpon|Embody Aspect (Teal)|boost
|-boost|p2a: Ogerpon|spe|1
|
|upkeep
|turn|10
|
|t:|1779657072
|move|p2a: Ogerpon|U-turn|p1a: Corviknight
|-resisted|p1a: Corviknight
|-damage|p1a: Corviknight|79/100
|-damage|p2a: Ogerpon|84/100|[from] item: Rocky Helmet|[of] p1a: Corviknight
|
|t:|1779657074
|switch|p2a: Dragonite|Dragonite, M|94/100 brn|[from] U-turn
|move|p1a: Corviknight|U-turn|p2a: Dragonite
|-resisted|p2a: Dragonite
|-damage|p2a: Dragonite|86/100 brn
|
|t:|1779657082
|switch|p1a: Hoopa|Hoopa-Unbound|100/100|[from] U-turn
|
|-damage|p2a: Dragonite|80/100 brn|[from] brn
|upkeep
|turn|11
|inactive|darkandgothicmaga has 120 seconds left.
|
|t:|1779657124
|move|p2a: Dragonite|Extreme Speed|p1a: Hoopa
|-damage|p1a: Hoopa|75/100
|move|p1a: Hoopa|Hyperspace Fury|p2a: Dragonite
|-damage|p2a: Dragonite|0 fnt
|-unboost|p1a: Hoopa|def|1
|faint|p2a: Dragonite
|
|upkeep
|
|t:|1779657129
|switch|p2a: Dragapult|Dragapult, M|100/100
|turn|12
|
|t:|1779657143
|switch|p1a: Clefable|Clefable, F|89/100
|move|p2a: Dragapult|U-turn|p1a: Clefable
|-resisted|p1a: Clefable
|-damage|p1a: Clefable|83/100
|inactive|darkandgothicmaga has 120 seconds left.
|
|t:|1779657153
|switch|p2a: Kingambit|Kingambit, F|100/100|[from] U-turn
|-activate|p2a: Kingambit|ability: Supreme Overlord
|-start|p2a: Kingambit|fallen1|[silent]
|
|-heal|p1a: Clefable|89/100|[from] item: Leftovers
|upkeep
|turn|13
|
|t:|1779657161
|switch|p1a: Corviknight|Corviknight, M|79/100
|-ability|p1a: Corviknight|Pressure
|-end|p2a: Kingambit|fallen1|[silent]
|switch|p2a: Ogerpon|Ogerpon-Teal-Tera, F, tera:Grass|84/100
|-ability|p2a: Ogerpon|Embody Aspect (Teal)|boost
|-boost|p2a: Ogerpon|spe|1
|
|upkeep
|turn|14
|
|t:|1779657167
|switch|p2a: Corviknight|Corviknight, M|74/100 par
|-ability|p2a: Corviknight|Pressure
|move|p1a: Corviknight|U-turn|p2a: Corviknight
|-resisted|p2a: Corviknight
|-damage|p2a: Corviknight|72/100 par
|-damage|p1a: Corviknight|62/100|[from] item: Rocky Helmet|[of] p2a: Corviknight
|
|t:|1779657181
|switch|p1a: Cinderace|Cinderace, M|63/100|[from] U-turn
|
|upkeep
|turn|15
|
|t:|1779657190
|move|p1a: Cinderace|Pyro Ball|p2a: Corviknight
|-supereffective|p2a: Corviknight
|-damage|p2a: Corviknight|13/100 par
|cant|p2a: Corviknight|par
|
|upkeep
|turn|16
|
|t:|1779657194
|move|p1a: Cinderace|Pyro Ball|p2a: Corviknight
|-supereffective|p2a: Corviknight
|-damage|p2a: Corviknight|0 fnt
|faint|p2a: Corviknight
|
|upkeep
|
|t:|1779657195
|switch|p2a: Dragapult|Dragapult, M|100/100
|turn|17
|
|t:|1779657199
|switch|p1a: Clefable|Clefable, F|89/100
|move|p2a: Dragapult|Shadow Ball|p1a: Clefable
|-damage|p1a: Clefable|42/100
|
|-heal|p1a: Clefable|48/100|[from] item: Leftovers
|upkeep
|turn|18
|
|t:|1779657205
|move|p2a: Dragapult|Shadow Ball|p1a: Clefable
|-damage|p1a: Clefable|0 fnt
|faint|p1a: Clefable
|
|upkeep
|
|t:|1779657210
|switch|p1a: Iron Treads|Iron Treads|100/100
|turn|19
|
|t:|1779657214
|switch|p2a: Ting-Lu|Ting-Lu|100/100
|-ability|p2a: Ting-Lu|Vessel of Ruin
|move|p1a: Iron Treads|Knock Off|p2a: Ting-Lu
|-resisted|p2a: Ting-Lu
|-damage|p2a: Ting-Lu|96/100
|-enditem|p2a: Ting-Lu|Leftovers|[from] move: Knock Off|[of] p1a: Iron Treads
|
|upkeep
|turn|20
|
|t:|1779657225
|-end|p1a: Iron Treads|Quark Drive|[silent]
|switch|p1a: Keldeo|Keldeo|100/100
|move|p2a: Ting-Lu|Ruination|p1a: Keldeo
|-damage|p1a: Keldeo|51/100
|-ability|p1a: Keldeo|Justified|boost
|-boost|p1a: Keldeo|atk|1
|
|upkeep
|turn|21
|
|t:|1779657231
|move|p1a: Keldeo|Surf|p2a: Ting-Lu
|-supereffective|p2a: Ting-Lu
|-damage|p2a: Ting-Lu|36/100
|move|p2a: Ting-Lu|Stealth Rock|p1a: Keldeo
|-sidestart|p1: zazalet|move: Stealth Rock
|
|upkeep
|turn|22
|
|t:|1779657235
|move|p1a: Keldeo|Surf|p2a: Ting-Lu
|-supereffective|p2a: Ting-Lu
|-damage|p2a: Ting-Lu|0 fnt
|faint|p2a: Ting-Lu
|
|upkeep
|
|t:|1779657237
|switch|p2a: Ogerpon|Ogerpon-Teal-Tera, F, tera:Grass|84/100
|-ability|p2a: Ogerpon|Embody Aspect (Teal)|boost
|-boost|p2a: Ogerpon|spe|1
|turn|23
|
|t:|1779657242
|switch|p2a: Dragapult|Dragapult, M|100/100
|switch|p1a: Corviknight|Corviknight, M|62/100
|-damage|p1a: Corviknight|50/100|[from] Stealth Rock
|-ability|p1a: Corviknight|Pressure
|
|upkeep
|turn|24
|
|t:|1779657245
|switch|p1a: Iron Treads|Iron Treads|100/100
|-damage|p1a: Iron Treads|98/100|[from] Stealth Rock
|move|p2a: Dragapult|Shadow Ball|p1a: Iron Treads
|-damage|p1a: Iron Treads|66/100
|-unboost|p1a: Iron Treads|spd|1
|
|upkeep
|turn|25
|
|t:|1779657249
|move|p2a: Dragapult|Shadow Ball|p1a: Iron Treads
|-damage|p1a: Iron Treads|19/100
|move|p1a: Iron Treads|Volt Switch|p2a: Dragapult
|-resisted|p2a: Dragapult
|-damage|p2a: Dragapult|92/100
|
|t:|1779657254
|-end|p1a: Iron Treads|Quark Drive|[silent]
|switch|p1a: Hoopa|Hoopa-Unbound|75/100|[from] Volt Switch
|-damage|p1a: Hoopa|63/100|[from] Stealth Rock
|
|upkeep
|turn|26
|
|t:|1779657259
|switch|p2a: Kingambit|Kingambit, F|100/100
|-activate|p2a: Kingambit|ability: Supreme Overlord
|-start|p2a: Kingambit|fallen3|[silent]
|move|p1a: Hoopa|Knock Off|p2a: Kingambit
|-resisted|p2a: Kingambit
|-damage|p2a: Kingambit|71/100
|-enditem|p2a: Kingambit|Black Glasses|[from] move: Knock Off|[of] p1a: Hoopa
|
|upkeep
|turn|27
|
|t:|1779657270
|switch|p1a: Cinderace|Cinderace, M|63/100
|move|p2a: Kingambit|Swords Dance|p2a: Kingambit
|-boost|p2a: Kingambit|atk|2
|
|upkeep
|turn|28
|
|t:|1779657272
|move|p2a: Kingambit|Sucker Punch||[still]
|-fail|p2a: Kingambit
|move|p1a: Cinderace|Will-O-Wisp|p2a: Kingambit
|-status|p2a: Kingambit|brn
|
|-damage|p2a: Kingambit|64/100 brn|[from] brn
|upkeep
|turn|29
|
|t:|1779657284
|switch|p1a: Corviknight|Corviknight, M|50/100
|-damage|p1a: Corviknight|38/100|[from] Stealth Rock
|-ability|p1a: Corviknight|Pressure
|move|p2a: Kingambit|Kowtow Cleave|p1a: Corviknight
|-damage|p1a: Corviknight|0 fnt
|-damage|p2a: Kingambit|48/100 brn|[from] item: Rocky Helmet|[of] p1a: Corviknight
|faint|p1a: Corviknight
|
|-damage|p2a: Kingambit|42/100 brn|[from] brn
|upkeep
|
|t:|1779657287
|switch|p1a: Keldeo|Keldeo|51/100
|turn|30
|
|t:|1779657290
|-end|p2a: Kingambit|fallen3|[silent]
|switch|p2a: Dragapult|Dragapult, M|92/100
|move|p1a: Keldeo|Vacuum Wave|p2a: Dragapult
|-immune|p2a: Dragapult
|
|upkeep
|turn|31
|
|t:|1779657295
|switch|p1a: Iron Treads|Iron Treads|19/100
|-damage|p1a: Iron Treads|16/100|[from] Stealth Rock
|move|p2a: Dragapult|Shadow Ball|p1a: Iron Treads
|-damage|p1a: Iron Treads|0 fnt
|faint|p1a: Iron Treads
|-end|p1a: Iron Treads|Quark Drive|[silent]
|
|upkeep
|
|t:|1779657297
|switch|p1a: Hoopa|Hoopa-Unbound|63/100
|-damage|p1a: Hoopa|50/100|[from] Stealth Rock
|turn|32
|
|t:|1779657311
|switch|p2a: Kingambit|Kingambit, F|42/100 brn
|-activate|p2a: Kingambit|ability: Supreme Overlord
|-start|p2a: Kingambit|fallen3|[silent]
|move|p1a: Hoopa|Drain Punch|p2a: Kingambit
|-supereffective|p2a: Kingambit
|-damage|p2a: Kingambit|0 fnt
|-heal|p1a: Hoopa|78/100|[from] drain|[of] p2a: Kingambit
|faint|p2a: Kingambit
|-end|p2a: Kingambit|fallen3|[silent]
|
|upkeep
|
|t:|1779657314
|switch|p2a: Dragapult|Dragapult, M|92/100
|turn|33
|
|t:|1779657319
|switch|p1a: Keldeo|Keldeo|51/100
|move|p2a: Dragapult|U-turn|p1a: Keldeo
|-resisted|p1a: Keldeo
|-damage|p1a: Keldeo|40/100
|
|t:|1779657320
|switch|p2a: Ogerpon|Ogerpon-Teal-Tera, F, tera:Grass|84/100|[from] U-turn
|-ability|p2a: Ogerpon|Embody Aspect (Teal)|boost
|-boost|p2a: Ogerpon|spe|1
|
|upkeep
|turn|34
|
|t:|1779657329
|move|p1a: Keldeo|Vacuum Wave|p2a: Ogerpon
|-damage|p2a: Ogerpon|59/100
|move|p2a: Ogerpon|Power Whip|p1a: Keldeo
|-supereffective|p1a: Keldeo
|-damage|p1a: Keldeo|0 fnt
|faint|p1a: Keldeo
|
|upkeep
|
|t:|1779657340
|switch|p1a: Cinderace|Cinderace, M|63/100
|turn|35
|
|t:|1779657343
|switch|p2a: Dragapult|Dragapult, M|92/100
|move|p1a: Cinderace|Pyro Ball|p2a: Dragapult
|-resisted|p2a: Dragapult
|-damage|p2a: Dragapult|60/100
|
|upkeep
|turn|36
|
|t:|1779657349
|move|p2a: Dragapult|Shadow Ball|p1a: Cinderace
|-damage|p1a: Cinderace|0 fnt
|faint|p1a: Cinderace
|
|upkeep
|
|t:|1779657352
|switch|p1a: Hoopa|Hoopa-Unbound|78/100
|-damage|p1a: Hoopa|66/100|[from] Stealth Rock
|turn|37
|
|t:|1779657362
|move|p2a: Dragapult|Shadow Ball|p1a: Hoopa
|-crit|p1a: Hoopa
|-damage|p1a: Hoopa|0 fnt
|faint|p1a: Hoopa
|
|win|darkandgothicmaga
|raw|zazalet's rating: 1335 &rarr; <strong>1314</strong><br />(-21 for losing)
|raw|darkandgothicmaga's rating: 1318 &rarr; <strong>1339</strong><br />(+21 for winning)
