|j|☆FearedStriker
|j|☆Wildkoter
|t:|1779706246
|gametype|singles
|player|p1|FearedStriker|ltsurge|1161
|player|p2|Wildkoter|swimmer|1212
|gen|9
|tier|[Gen 9] OU
|rated|
|rule|HP Percentage Mod: HP is shown in percentages
|rule|Endless Battle Clause: Forcing endless battles is banned
|rule|Species Clause: Limit one of each Pokémon
|rule|OHKO Clause: OHKO moves are banned
|rule|Evasion Items Clause: Evasion items are banned
|rule|Evasion Moves Clause: Evasion moves are banned
|rule|Evasion Abilities Clause: Evasion abilities are banned
|rule|Sleep Moves Clause: Sleep-inducing moves are banned
|clearpoke
|poke|p1|Glimmora, F|
|poke|p1|Gastrodon-East, M|
|poke|p1|Volcanion|
|poke|p1|Mandibuzz, F|
|poke|p1|Tsareena, F|
|poke|p1|Lokix, M|
|poke|p2|Landorus-Therian, M|
|poke|p2|Ogerpon-Wellspring, F|
|poke|p2|Gholdengo|
|poke|p2|Zamazenta-*|
|poke|p2|Kyurem|
|poke|p2|Darkrai|
|teampreview
|inactive|Battle timer is ON: inactive players will automatically lose when time's up. (requested by FearedStriker)
|inactive|FearedStriker has 120 seconds left.
|inactive|Wildkoter has 120 seconds left.
|
|t:|1779706285
|teamsize|p1|6
|teamsize|p2|6
|start
|switch|p1a: Glimmora|Glimmora, F|100/100
|switch|p2a: Kyurem|Kyurem|100/100
|-ability|p2a: Kyurem|Pressure
|turn|1
|
|t:|1779706293
|move|p1a: Glimmora|Power Gem|p2a: Kyurem
|-supereffective|p2a: Kyurem
|-damage|p2a: Kyurem|16/100
|move|p2a: Kyurem|Earth Power|p1a: Glimmora
|-supereffective|p1a: Glimmora
|-damage|p1a: Glimmora|0 fnt
|faint|p1a: Glimmora
|
|upkeep
|
|t:|1779706306
|switch|p1a: Lokix|Lokix, M|100/100
|turn|2
|inactive|Wildkoter has 120 seconds left.
|
|t:|1779706356
|switch|p2a: Ogerpon|Ogerpon-Wellspring, F|100/100
|move|p1a: Lokix|First Impression|p2a: Ogerpon
|-supereffective|p2a: Ogerpon
|-damage|p2a: Ogerpon|0 fnt
|faint|p2a: Ogerpon
|-damage|p1a: Lokix|91/100|[from] item: Life Orb
|
|upkeep
|
|t:|1779706366
|switch|p2a: Darkrai|Darkrai|100/100
|turn|3
|
|t:|1779706383
|switch|p1a: Mandibuzz|Mandibuzz, F, shiny|100/100
|move|p2a: Darkrai|Ice Beam|p1a: Mandibuzz
|-supereffective|p1a: Mandibuzz
|-damage|p1a: Mandibuzz|46/100
|
|upkeep
|turn|4
|
|t:|1779706402
|move|p2a: Darkrai|Ice Beam|p1a: Mandibuzz
|-supereffective|p1a: Mandibuzz
|-damage|p1a: Mandibuzz|0 fnt
|faint|p1a: Mandibuzz
|
|upkeep
|
|t:|1779706405
|switch|p1a: Lokix|Lokix, M|91/100
|turn|5
|inactive|Wildkoter has 120 seconds left.
|
|t:|1779706412
|move|p1a: Lokix|First Impression|p2a: Darkrai
|-supereffective|p2a: Darkrai
|-damage|p2a: Darkrai|0 fnt
|faint|p2a: Darkrai
|-damage|p1a: Lokix|81/100|[from] item: Life Orb
|
|upkeep
|inactive|Wildkoter has 120 seconds left.
|
|t:|1779706422
|switch|p2a: Gholdengo|Gholdengo|100/100
|-item|p2a: Gholdengo|Air Balloon
|turn|6
|inactive|Wildkoter has 120 seconds left.
|
|t:|1779706436
|-terastallize|p1a: Lokix|Dark
|move|p1a: Lokix|Knock Off|p2a: Gholdengo
|-supereffective|p2a: Gholdengo
|-damage|p2a: Gholdengo|0 fnt
|-enditem|p2a: Gholdengo|Air Balloon
|faint|p2a: Gholdengo
|-damage|p1a: Lokix|71/100|[from] item: Life Orb
|
|upkeep
|inactive|Wildkoter has 120 seconds left.
|
|t:|1779706445
|switch|p2a: Landorus|Landorus-Therian, M|100/100
|-ability|p2a: Landorus|Intimidate|boost
|-unboost|p1a: Lokix|atk|1
|turn|7
|
|t:|1779706450
|switch|p1a: Gastrodon|Gastrodon-East, M|100/100
|move|p2a: Landorus|U-turn|p1a: Gastrodon
|-damage|p1a: Gastrodon|82/100
|-damage|p2a: Landorus|84/100|[from] item: Rocky Helmet|[of] p1a: Gastrodon
|
|t:|1779706458
|switch|p2a: Kyurem|Kyurem|16/100|[from] U-turn
|-ability|p2a: Kyurem|Pressure
|
|upkeep
|turn|8
|
|t:|1779706465
|move|p2a: Kyurem|Freeze-Dry|p1a: Gastrodon
|-supereffective|p1a: Gastrodon
|-damage|p1a: Gastrodon|0 fnt
|faint|p1a: Gastrodon
|
|upkeep
|
|t:|1779706472
|switch|p1a: Lokix|Lokix, M, tera:Dark|71/100
|turn|9
|
|t:|1779706476
|move|p1a: Lokix|First Impression|p2a: Kyurem
|-damage|p2a: Kyurem|0 fnt
|faint|p2a: Kyurem
|-damage|p1a: Lokix|61/100|[from] item: Life Orb
|
|upkeep
|
|t:|1779706482
|switch|p2a: Landorus|Landorus-Therian, M|84/100
|-ability|p2a: Landorus|Intimidate|boost
|-unboost|p1a: Lokix|atk|1
|turn|10
|
|t:|1779706491
|switch|p1a: Volcanion|Volcanion|100/100
|move|p2a: Landorus|Stealth Rock|p1a: Volcanion
|-sidestart|p1: FearedStriker|move: Stealth Rock
|
|upkeep
|turn|11
|
|t:|1779706503
|-terastallize|p2a: Landorus|Water
|move|p2a: Landorus|Earth Power|p1a: Volcanion
|-supereffective|p1a: Volcanion
|-damage|p1a: Volcanion|23/100
|move|p1a: Volcanion|Scald|p2a: Landorus
|-resisted|p2a: Landorus
|-damage|p2a: Landorus|59/100
|-status|p2a: Landorus|brn
|
|-damage|p2a: Landorus|53/100 brn|[from] brn
|upkeep
|turn|12
|
|t:|1779706515
|move|p2a: Landorus|Earth Power|p1a: Volcanion
|-supereffective|p1a: Volcanion
|-damage|p1a: Volcanion|0 fnt
|faint|p1a: Volcanion
|
|-damage|p2a: Landorus|47/100 brn|[from] brn
|upkeep
|
|t:|1779706519
|switch|p1a: Tsareena|Tsareena, F|100/100
|-damage|p1a: Tsareena|88/100|[from] Stealth Rock
|turn|13
|
|t:|1779706525
|move|p2a: Landorus|Sludge Bomb|p1a: Tsareena
|-supereffective|p1a: Tsareena
|-damage|p1a: Tsareena|35/100
|move|p1a: Tsareena|Rapid Spin|p2a: Landorus
|-damage|p2a: Landorus|30/100 brn
|-boost|p1a: Tsareena|spe|1
|-damage|p1a: Tsareena|19/100|[from] item: Rocky Helmet|[of] p2a: Landorus
|-sideend|p1: FearedStriker|Stealth Rock|[from] move: Rapid Spin|[of] p1a: Tsareena
|
|-heal|p1a: Tsareena|25/100|[from] item: Leftovers
|-damage|p2a: Landorus|24/100 brn|[from] brn
|upkeep
|turn|14
|
|t:|1779706539
|move|p1a: Tsareena|Trop Kick|p2a: Landorus
|-supereffective|p2a: Landorus
|-damage|p2a: Landorus|0 fnt
|-damage|p1a: Tsareena|9/100|[from] item: Rocky Helmet|[of] p2a: Landorus
|faint|p2a: Landorus
|
|-heal|p1a: Tsareena|15/100|[from] item: Leftovers
|upkeep
|
|t:|1779706547
|switch|p2a: Zamazenta|Zamazenta|100/100
|-ability|p2a: Zamazenta|Dauntless Shield|boost
|-boost|p2a: Zamazenta|def|1
|turn|15
|
|t:|1779706559
|move|p2a: Zamazenta|Iron Defense|p2a: Zamazenta
|-boost|p2a: Zamazenta|def|2
|move|p1a: Tsareena|Knock Off|p2a: Zamazenta
|-resisted|p2a: Zamazenta
|-crit|p2a: Zamazenta
|-damage|p2a: Zamazenta|83/100
|-enditem|p2a: Zamazenta|Leftovers|[from] move: Knock Off|[of] p1a: Tsareena
|
|-heal|p1a: Tsareena|21/100|[from] item: Leftovers
|upkeep
|turn|16
|
|t:|1779706569
|move|p2a: Zamazenta|Body Press|p1a: Tsareena
|-damage|p1a: Tsareena|0 fnt
|faint|p1a: Tsareena
|
|upkeep
|
|t:|1779706571
|switch|p1a: Lokix|Lokix, M, tera:Dark|61/100
|turn|17
|
|t:|1779706576
|move|p1a: Lokix|First Impression|p2a: Zamazenta
|-resisted|p2a: Zamazenta
|-damage|p2a: Zamazenta|69/100
|-damage|p1a: Lokix|51/100|[from] item: Life Orb
|move|p2a: Zamazenta|Body Press|p1a: Lokix
|-supereffective|p1a: Lokix
|-damage|p1a: Lokix|0 fnt
|faint|p1a: Lokix
|
|win|Wildkoter
|raw|FearedStriker's rating: 1161 &rarr; <strong>1140</strong><br />(-21 for losing)
|raw|Wildkoter's rating: 1212 &rarr; <strong>1233</strong><br />(+21 for winning)
|l|☆FearedStriker
|player|p1|
|l|☆Wildkoter
|player|p2|
