|j|☆SWMG4l
|j|☆diegotrivium
|t:|1779684766
|gametype|singles
|player|p1|SWMG4l|102|1145
|player|p2|diegotrivium|102|1079
|gen|9
|tier|[Gen 9] OU
|rated|
|rule|HP Percentage Mod: HP is shown in percentages
|rule|Endless Battle Clause: Forcing endless battles is banned
|rule|Species Clause: Limit one of each Pokémon
|rule|OHKO Clause: OHKO moves are banned
|rule|Evasion Items Clause: Evasion items are banned
|rule|Evasion Moves Clause: Evasion moves are banned
|rule|Evasion Abilities Clause: Evasion abilities are banned
|rule|Sleep Moves Clause: Sleep-inducing moves are banned
|clearpoke
|poke|p1|Araquanid, F|
|poke|p1|Gholdengo|
|poke|p1|Great Tusk|
|poke|p1|Iron Moth|
|poke|p1|Iron Valiant|
|poke|p1|Kingambit, F|
|poke|p2|Conkeldurr, F|
|poke|p2|Fezandipiti, M|
|poke|p2|Serperior, M|
|poke|p2|Rotom-Wash|
|poke|p2|Incineroar, M|
|poke|p2|Cloyster, M|
|teampreview
|
|t:|1779684778
|teamsize|p1|6
|teamsize|p2|6
|start
|switch|p1a: Araquanid|Araquanid, F|100/100
|switch|p2a: Conkeldurr|Conkeldurr, F|100/100
|turn|1
|
|t:|1779684786
|move|p1a: Araquanid|Sticky Web|p2a: Conkeldurr
|-sidestart|p2: diegotrivium|move: Sticky Web
|move|p2a: Conkeldurr|Knock Off|p1a: Araquanid
|-crit|p1a: Araquanid
|-damage|p1a: Araquanid|40/100
|-enditem|p1a: Araquanid|Custap Berry|[from] move: Knock Off|[of] p2a: Conkeldurr
|
|upkeep
|turn|2
|
|t:|1779684795
|move|p1a: Araquanid|Lunge|p2a: Conkeldurr
|-resisted|p2a: Conkeldurr
|-damage|p2a: Conkeldurr|91/100
|-unboost|p2a: Conkeldurr|atk|1
|move|p2a: Conkeldurr|Poison Jab|p1a: Araquanid
|-damage|p1a: Araquanid|16/100
|-status|p1a: Araquanid|psn
|
|-damage|p1a: Araquanid|4/100 psn|[from] psn
|upkeep
|turn|3
|
|t:|1779684819
|move|p2a: Conkeldurr|Mach Punch|p1a: Araquanid
|-resisted|p1a: Araquanid
|-damage|p1a: Araquanid|0 fnt
|faint|p1a: Araquanid
|
|upkeep
|
|t:|1779684831
|switch|p1a: Great Tusk|Great Tusk|100/100
|turn|4
|l|☆diegotrivium
|player|p2|
|j|☆diegotrivium
|player|p2|diegotrivium|102|
|
|t:|1779684888
|switch|p2a: Rotom|Rotom-Wash|100/100
|move|p1a: Great Tusk|Stealth Rock|p2a: Rotom
|-sidestart|p2: diegotrivium|move: Stealth Rock
|
|upkeep
|turn|5
|l|☆diegotrivium
|player|p2|
|
|t:|1779684914
|move|p2a: Rotom|Will-O-Wisp|p1a: Great Tusk|[miss]
|-miss|p2a: Rotom|p1a: Great Tusk
|move|p1a: Great Tusk|Ice Spinner|p2a: Rotom
|-resisted|p2a: Rotom
|-damage|p2a: Rotom|84/100
|
|-heal|p2a: Rotom|90/100|[from] item: Leftovers
|upkeep
|turn|6
|j|☆diegotrivium
|player|p2|diegotrivium|102|
|
|t:|1779684932
|-end|p1a: Great Tusk|Protosynthesis|[silent]
|switch|p1a: Iron Moth|Iron Moth|100/100
|-enditem|p1a: Iron Moth|Booster Energy
|-activate|p1a: Iron Moth|ability: Quark Drive|[fromitem]
|-start|p1a: Iron Moth|quarkdrivespa
|move|p2a: Rotom|Will-O-Wisp|p1a: Iron Moth|[miss]
|-miss|p2a: Rotom|p1a: Iron Moth
|
|-heal|p2a: Rotom|96/100|[from] item: Leftovers
|upkeep
|turn|7
|
|t:|1779684949
|move|p1a: Iron Moth|Energy Ball|p2a: Rotom
|-supereffective|p2a: Rotom
|-damage|p2a: Rotom|0 fnt
|faint|p2a: Rotom
|
|upkeep
|
|t:|1779684974
|switch|p2a: Conkeldurr|Conkeldurr, F|91/100
|-activate|p2a: Conkeldurr|move: Sticky Web
|-unboost|p2a: Conkeldurr|spe|1
|-damage|p2a: Conkeldurr|85/100|[from] Stealth Rock
|turn|8
|
|t:|1779684987
|move|p1a: Iron Moth|Substitute|p1a: Iron Moth
|-start|p1a: Iron Moth|Substitute
|-damage|p1a: Iron Moth|76/100
|move|p2a: Conkeldurr|Knock Off|p1a: Iron Moth
|-end|p1a: Iron Moth|Substitute
|
|upkeep
|turn|9
|
|t:|1779684998
|move|p1a: Iron Moth|Fiery Dance|p2a: Conkeldurr
|-damage|p2a: Conkeldurr|46/100
|move|p2a: Conkeldurr|Drain Punch|p1a: Iron Moth
|-resisted|p1a: Iron Moth
|-damage|p1a: Iron Moth|34/100
|-heal|p2a: Conkeldurr|63/100|[from] drain|[of] p1a: Iron Moth
|
|upkeep
|turn|10
|
|t:|1779685023
|move|p1a: Iron Moth|Sludge Wave|p2a: Conkeldurr
|-damage|p2a: Conkeldurr|22/100
|move|p2a: Conkeldurr|Knock Off|p1a: Iron Moth
|-damage|p1a: Iron Moth|0 fnt
|faint|p1a: Iron Moth
|-end|p1a: Iron Moth|Quark Drive|[silent]
|
|upkeep
|
|t:|1779685031
|switch|p1a: Iron Valiant|Iron Valiant|100/100
|-enditem|p1a: Iron Valiant|Booster Energy
|-activate|p1a: Iron Valiant|ability: Quark Drive|[fromitem]
|-start|p1a: Iron Valiant|quarkdrivespe
|turn|11
|
|t:|1779685055
|switch|p2a: Fezandipiti|Fezandipiti, M|100/100
|-activate|p2a: Fezandipiti|move: Sticky Web
|-unboost|p2a: Fezandipiti|spe|1
|-damage|p2a: Fezandipiti|88/100|[from] Stealth Rock
|move|p1a: Iron Valiant|Moonblast|p2a: Fezandipiti
|-resisted|p2a: Fezandipiti
|-crit|p2a: Fezandipiti
|-damage|p2a: Fezandipiti|64/100
|
|-heal|p2a: Fezandipiti|70/100|[from] item: Black Sludge
|upkeep
|turn|12
|l|☆diegotrivium
|player|p2|
|-message|SWMG4l forfeited.
|
|win|diegotrivium
|raw|SWMG4l's rating: 1145 &rarr; <strong>1115</strong><br />(-30 for losing)
|raw|diegotrivium's rating: 1079 &rarr; <strong>1112</strong><br />(+33 for winning)
|l|☆SWMG4l
|player|p1|
|j|☆diegotrivium
|player|p2|diegotrivium|102|
|l|☆diegotrivium
|player|p2|
