|j|☆2ble Keldeo Engine
|j|☆domulol
|t:|1779723131
|gametype|singles
|player|p1|2ble Keldeo Engine|emmet|1393
|player|p2|domulol|hoopster|1402
|gen|9
|tier|[Gen 9] OU
|rated|
|rule|HP Percentage Mod: HP is shown in percentages
|rule|Endless Battle Clause: Forcing endless battles is banned
|rule|Species Clause: Limit one of each Pokémon
|rule|OHKO Clause: OHKO moves are banned
|rule|Evasion Items Clause: Evasion items are banned
|rule|Evasion Moves Clause: Evasion moves are banned
|rule|Evasion Abilities Clause: Evasion abilities are banned
|rule|Sleep Moves Clause: Sleep-inducing moves are banned
|clearpoke
|poke|p1|Zoroark, M|
|poke|p1|Iron Moth|
|poke|p1|Ribombee, M|
|poke|p1|Typhlosion-Hisui, M|
|poke|p1|Cinderace, F|
|poke|p1|Dragonite, F|
|poke|p2|Toxapex, M|
|poke|p2|Dragapult, F|
|poke|p2|Hydreigon, M|
|poke|p2|Gholdengo|
|poke|p2|Ting-Lu|
|poke|p2|Dragonite, F|
|teampreview
|inactive|Battle timer is ON: inactive players will automatically lose when time's up. (requested by domulol)
|
|t:|1779723137
|teamsize|p1|6
|teamsize|p2|6
|start
|switch|p1a: Ribombee|Ribombee, M|100/100
|switch|p2a: Dragonite|Dragonite, F, shiny|100/100
|turn|1
|
|t:|1779723147
|-terastallize|p2a: Dragonite|Normal
|move|p1a: Ribombee|Moonblast|p2a: Dragonite
|-damage|p2a: Dragonite|79/100
|move|p2a: Dragonite|Dragon Dance|p2a: Dragonite
|-boost|p2a: Dragonite|atk|1
|-boost|p2a: Dragonite|spe|1
|
|-heal|p2a: Dragonite|85/100|[from] item: Leftovers
|upkeep
|turn|2
|
|t:|1779723155
|move|p2a: Dragonite|Dragon Dance|p2a: Dragonite
|-boost|p2a: Dragonite|atk|1
|-boost|p2a: Dragonite|spe|1
|move|p1a: Ribombee|Sticky Web|p2a: Dragonite
|-sidestart|p2: domulol|move: Sticky Web
|
|-heal|p2a: Dragonite|92/100|[from] item: Leftovers
|upkeep
|turn|3
|
|t:|1779723159
|move|p2a: Dragonite|Extreme Speed|p1a: Ribombee
|-enditem|p1a: Ribombee|Focus Sash
|-damage|p1a: Ribombee|1/100
|move|p1a: Ribombee|Moonblast|p2a: Dragonite
|-damage|p2a: Dragonite|46/100
|
|-heal|p2a: Dragonite|52/100|[from] item: Leftovers
|upkeep
|turn|4
|
|t:|1779723168
|move|p2a: Dragonite|Extreme Speed|p1a: Ribombee
|-damage|p1a: Ribombee|0 fnt
|faint|p1a: Ribombee
|
|-heal|p2a: Dragonite|58/100|[from] item: Leftovers
|upkeep
|
|t:|1779723181
|switch|p1a: Dragonite|Dragonite, F|100/100
|turn|5
|
|t:|1779723185
|move|p1a: Dragonite|Extreme Speed|p2a: Dragonite
|-damage|p2a: Dragonite|25/100
|move|p2a: Dragonite|Dragon Claw|p1a: Dragonite
|-supereffective|p1a: Dragonite
|-damage|p1a: Dragonite|0 fnt
|faint|p1a: Dragonite
|
|-heal|p2a: Dragonite|31/100|[from] item: Leftovers
|upkeep
|
|t:|1779723204
|switch|p1a: Typhlosion|Typhlosion-Hisui, M|100/100
|turn|6
|
|t:|1779723214
|move|p2a: Dragonite|Earthquake|p1a: Typhlosion
|-supereffective|p1a: Typhlosion
|-damage|p1a: Typhlosion|0 fnt
|faint|p1a: Typhlosion
|
|-heal|p2a: Dragonite|38/100|[from] item: Leftovers
|upkeep
|
|t:|1779723222
|switch|p1a: Cinderace|Cinderace, F|100/100
|turn|7
|
|t:|1779723228
|-terastallize|p1a: Cinderace|Ghost
|move|p2a: Dragonite|Extreme Speed|p1a: Cinderace
|-immune|p1a: Cinderace
|move|p1a: Cinderace|Night Daze|p2a: Dragonite
|-damage|p2a: Dragonite|0 fnt
|faint|p2a: Dragonite
|-damage|p1a: Cinderace|91/100|[from] item: Life Orb
|
|upkeep
|
|t:|1779723232
|switch|p2a: Toxapex|Toxapex, M|100/100
|-activate|p2a: Toxapex|move: Sticky Web
|-unboost|p2a: Toxapex|spe|1
|turn|8
|
|t:|1779723242
|move|p1a: Cinderace|Nasty Plot|p1a: Cinderace
|-boost|p1a: Cinderace|spa|2
|move|p2a: Toxapex|Toxic|p1a: Cinderace
|-status|p1a: Cinderace|tox
|
|-damage|p1a: Cinderace|84/100 tox|[from] psn
|upkeep
|turn|9
|
|t:|1779723248
|move|p1a: Cinderace|Night Daze|p2a: Toxapex
|-damage|p2a: Toxapex|8/100
|-unboost|p2a: Toxapex|accuracy|1
|-damage|p1a: Cinderace|74/100 tox|[from] item: Life Orb
|move|p2a: Toxapex|Liquidation|p1a: Cinderace
|-damage|p1a: Cinderace|37/100 tox
|replace|p1a: Zoroark|Zoroark, M, shiny
|-end|p1a: Zoroark|Illusion
|
|-heal|p2a: Toxapex|14/100|[from] item: Black Sludge
|-damage|p1a: Zoroark|24/100 tox|[from] psn
|upkeep
|turn|10
|
|t:|1779723256
|move|p2a: Toxapex|Baneful Bunker|p2a: Toxapex
|-singleturn|p2a: Toxapex|move: Protect
|move|p1a: Zoroark|Night Daze|p2a: Toxapex
|-activate|p2a: Toxapex|move: Protect
|
|-heal|p2a: Toxapex|20/100|[from] item: Black Sludge
|-damage|p1a: Zoroark|6/100 tox|[from] psn
|upkeep
|turn|11
|
|t:|1779723259
|switch|p2a: Ting-Lu|Ting-Lu|100/100
|-activate|p2a: Ting-Lu|move: Sticky Web
|-unboost|p2a: Ting-Lu|spe|1
|-ability|p2a: Ting-Lu|Vessel of Ruin
|move|p1a: Zoroark|Night Daze|p2a: Ting-Lu
|-resisted|p2a: Ting-Lu
|-damage|p2a: Ting-Lu|67/100
|-damage|p1a: Zoroark|0 fnt|[from] item: Life Orb
|faint|p1a: Zoroark
|
|-heal|p2a: Ting-Lu|73/100|[from] item: Leftovers
|upkeep
|
|t:|1779723267
|switch|p1a: Cinderace|Cinderace, F|100/100
|turn|12
|
|t:|1779723271
|move|p1a: Cinderace|High Jump Kick|p2a: Ting-Lu
|-start|p1a: Cinderace|typechange|Fighting|[from] ability: Libero
|-supereffective|p2a: Ting-Lu
|-damage|p2a: Ting-Lu|4/100
|-damage|p1a: Cinderace|91/100|[from] item: Life Orb
|move|p2a: Ting-Lu|Earthquake|p1a: Cinderace
|-damage|p1a: Cinderace|36/100
|
|-heal|p2a: Ting-Lu|10/100|[from] item: Leftovers
|upkeep
|turn|13
|
|t:|1779723282
|move|p1a: Cinderace|Pyro Ball|p2a: Ting-Lu
|-damage|p2a: Ting-Lu|0 fnt
|faint|p2a: Ting-Lu
|-damage|p1a: Cinderace|26/100|[from] item: Life Orb
|
|upkeep
|
|t:|1779723285
|switch|p2a: Toxapex|Toxapex, M|53/100
|-activate|p2a: Toxapex|move: Sticky Web
|-unboost|p2a: Toxapex|spe|1
|turn|14
|
|t:|1779723291
|move|p1a: Cinderace|High Jump Kick|p2a: Toxapex
|-resisted|p2a: Toxapex
|-damage|p2a: Toxapex|27/100
|-damage|p1a: Cinderace|16/100|[from] item: Life Orb
|move|p2a: Toxapex|Recover|p2a: Toxapex
|-heal|p2a: Toxapex|77/100
|
|-heal|p2a: Toxapex|83/100|[from] item: Black Sludge
|upkeep
|turn|15
|
|t:|1779723294
|move|p1a: Cinderace|High Jump Kick|p2a: Toxapex
|-resisted|p2a: Toxapex
|-crit|p2a: Toxapex
|-damage|p2a: Toxapex|43/100
|-damage|p1a: Cinderace|6/100|[from] item: Life Orb
|move|p2a: Toxapex|Liquidation|p1a: Cinderace
|-damage|p1a: Cinderace|0 fnt
|faint|p1a: Cinderace
|
|-heal|p2a: Toxapex|50/100|[from] item: Black Sludge
|upkeep
|
|t:|1779723297
|switch|p1a: Iron Moth|Iron Moth, shiny|100/100
|turn|16
|
|t:|1779723300
|move|p1a: Iron Moth|Meteor Beam||[still]
|-prepare|p1a: Iron Moth|Meteor Beam
|-boost|p1a: Iron Moth|spa|1
|-enditem|p1a: Iron Moth|Power Herb
|-anim|p1a: Iron Moth|Meteor Beam|p2a: Toxapex
|-damage|p2a: Toxapex|0 fnt
|faint|p2a: Toxapex
|
|upkeep
|
|t:|1779723309
|switch|p2a: Hydreigon|Hydreigon, M|100/100
|turn|17
|
|t:|1779723313
|move|p1a: Iron Moth|Dazzling Gleam|p2a: Hydreigon
|-supereffective|p2a: Hydreigon
|-crit|p2a: Hydreigon
|-damage|p2a: Hydreigon|0 fnt
|faint|p2a: Hydreigon
|
|upkeep
|
|t:|1779723317
|switch|p2a: Dragapult|Dragapult, F|100/100
|-activate|p2a: Dragapult|move: Sticky Web
|-fail|p2a: Dragapult|unboost|[from] ability: Clear Body|[of] p2a: Dragapult
|turn|18
|
|t:|1779723323
|move|p2a: Dragapult|Dragon Darts|p1a: Iron Moth
|-damage|p1a: Iron Moth|54/100
|-anim|p2a: Dragapult|Dragon Darts|p1a: Iron Moth
|-crit|p1a: Iron Moth
|-damage|p1a: Iron Moth|0 fnt
|faint|p1a: Iron Moth
|-end|p1a: Iron Moth|Quark Drive|[silent]
|
|win|domulol
|raw|2ble Keldeo Engine's rating: 1393 &rarr; <strong>1374</strong><br />(-19 for losing)
|raw|domulol's rating: 1402 &rarr; <strong>1421</strong><br />(+19 for winning)
|l|☆domulol
|player|p2|
|l|☆2ble Keldeo Engine
|player|p1|
