|j|☆dsekop
|j|☆kooopooolooo
|t:|1779708737
|gametype|singles
|player|p1|dsekop|unknown|1519
|player|p2|kooopooolooo|266|1544
|gen|9
|tier|[Gen 9] OU
|rated|
|rule|HP Percentage Mod: HP is shown in percentages
|rule|Endless Battle Clause: Forcing endless battles is banned
|rule|Species Clause: Limit one of each Pokémon
|rule|OHKO Clause: OHKO moves are banned
|rule|Evasion Items Clause: Evasion items are banned
|rule|Evasion Moves Clause: Evasion moves are banned
|rule|Evasion Abilities Clause: Evasion abilities are banned
|rule|Sleep Moves Clause: Sleep-inducing moves are banned
|clearpoke
|poke|p1|Komala, M|
|poke|p1|Blissey, F|
|poke|p1|Dondozo, M|
|poke|p1|Gliscor, F|
|poke|p1|Clefable, F|
|poke|p1|Toxapex, M|
|poke|p2|Tyranitar, F|
|poke|p2|Alomomola, M|
|poke|p2|Pecharunt|
|poke|p2|Tornadus-Therian, M|
|poke|p2|Rillaboom, F|
|poke|p2|Iron Treads|
|teampreview
|j| chazylamy
|inactive|Battle timer is ON: inactive players will automatically lose when time's up. (requested by dsekop)
|l| chazylamy
|
|t:|1779708751
|teamsize|p1|6
|teamsize|p2|6
|start
|switch|p1a: Gliscor|Gliscor, F|100/100
|switch|p2a: OU Forever|Tyranitar, F|100/100
|-weather|Sandstorm|[from] ability: Sand Stream|[of] p2a: OU Forever
|turn|1
|
|t:|1779708757
|move|p1a: Gliscor|Protect|p1a: Gliscor
|-singleturn|p1a: Gliscor|Protect
|move|p2a: OU Forever|Knock Off|p1a: Gliscor
|-activate|p1a: Gliscor|move: Protect
|
|-weather|Sandstorm|[upkeep]
|-status|p1a: Gliscor|tox|[from] item: Toxic Orb
|upkeep
|turn|2
|
|t:|1779708763
|switch|p1a: Toxapex|Toxapex, M|100/100
|move|p2a: OU Forever|Ice Beam|p1a: Toxapex
|-resisted|p1a: Toxapex
|-damage|p1a: Toxapex|92/100
|
|-weather|Sandstorm|[upkeep]
|-damage|p1a: Toxapex|86/100|[from] Sandstorm
|upkeep
|turn|3
|
|t:|1779708767
|switch|p2a: Iron Treads|Iron Treads|100/100
|move|p1a: Toxapex|Toxic|p2a: Iron Treads
|-immune|p2a: Iron Treads
|
|-weather|Sandstorm|[upkeep]
|-damage|p1a: Toxapex|80/100|[from] Sandstorm
|upkeep
|turn|4
|
|t:|1779708772
|switch|p1a: Gliscor|Gliscor, F|100/100 tox
|move|p2a: Iron Treads|Stealth Rock|p1a: Gliscor
|-sidestart|p1: dsekop|move: Stealth Rock
|
|-weather|Sandstorm|[upkeep]
|upkeep
|turn|5
|
|t:|1779708775
|-end|p2a: Iron Treads|Quark Drive|[silent]
|switch|p2a: Hank|Alomomola, M|100/100
|move|p1a: Gliscor|Knock Off|p2a: Hank
|-crit|p2a: Hank
|-damage|p2a: Hank|84/100
|-damage|p1a: Gliscor|84/100 tox|[from] item: Rocky Helmet|[of] p2a: Hank
|-enditem|p2a: Hank|Rocky Helmet|[from] move: Knock Off|[of] p1a: Gliscor
|
|-weather|none
|-heal|p1a: Gliscor|97/100 tox|[from] ability: Poison Heal
|upkeep
|turn|6
|
|t:|1779708780
|move|p1a: Gliscor|Toxic|p2a: Hank
|-status|p2a: Hank|tox
|move|p2a: Hank|Flip Turn|p1a: Gliscor
|-supereffective|p1a: Gliscor
|-damage|p1a: Gliscor|77/100 tox
|
|t:|1779708783
|switch|p2a: Rillaboom|Rillaboom, F|100/100|[from] Flip Turn
|-fieldstart|move: Grassy Terrain|[from] ability: Grassy Surge|[of] p2a: Rillaboom
|
|-heal|p1a: Gliscor|90/100 tox|[from] ability: Poison Heal
|upkeep
|turn|7
|
|t:|1779708788
|-terastallize|p2a: Rillaboom|Grass
|move|p1a: Gliscor|Protect|p1a: Gliscor
|-singleturn|p1a: Gliscor|Protect
|move|p2a: Rillaboom|Wood Hammer|p1a: Gliscor
|-activate|p1a: Gliscor|move: Protect
|
|-heal|p1a: Gliscor|100/100 tox|[from] ability: Poison Heal
|upkeep
|turn|8
|
|t:|1779708793
|-terastallize|p1a: Gliscor|Dragon
|move|p2a: Rillaboom|Wood Hammer|p1a: Gliscor
|-resisted|p1a: Gliscor
|-damage|p1a: Gliscor|52/100 tox
|-damage|p2a: Rillaboom|84/100|[from] Recoil
|move|p1a: Gliscor|Toxic|p2a: Rillaboom
|-status|p2a: Rillaboom|tox
|
|-heal|p2a: Rillaboom|90/100 tox|[from] Grassy Terrain
|-heal|p1a: Gliscor|58/100 tox|[from] Grassy Terrain
|-damage|p2a: Rillaboom|84/100 tox|[from] psn
|-heal|p1a: Gliscor|70/100 tox|[from] ability: Poison Heal
|upkeep
|turn|9
|
|t:|1779708801
|switch|p2a: Iron Treads|Iron Treads|100/100
|move|p1a: Gliscor|Spikes|p2a: Iron Treads
|-sidestart|p2: kooopooolooo|Spikes
|
|-heal|p1a: Gliscor|77/100 tox|[from] Grassy Terrain
|-heal|p1a: Gliscor|89/100 tox|[from] ability: Poison Heal
|upkeep
|turn|10
|
|t:|1779708806
|move|p2a: Iron Treads|Rapid Spin|p1a: Gliscor
|-damage|p1a: Gliscor|82/100 tox
|-boost|p2a: Iron Treads|spe|1
|-sideend|p2: kooopooolooo|Spikes|[from] move: Rapid Spin|[of] p2a: Iron Treads
|move|p1a: Gliscor|Knock Off|p2a: Iron Treads
|-damage|p2a: Iron Treads|83/100
|-enditem|p2a: Iron Treads|Heavy-Duty Boots|[from] move: Knock Off|[of] p1a: Gliscor
|
|-heal|p2a: Iron Treads|89/100|[from] Grassy Terrain
|-heal|p1a: Gliscor|88/100 tox|[from] Grassy Terrain
|-heal|p1a: Gliscor|100/100 tox|[from] ability: Poison Heal
|-fieldend|move: Grassy Terrain
|upkeep
|turn|11
|
|t:|1779708810
|move|p2a: Iron Treads|Earth Power|p1a: Gliscor
|-damage|p1a: Gliscor|64/100 tox
|move|p1a: Gliscor|Spikes|p2a: Iron Treads
|-sidestart|p2: kooopooolooo|Spikes
|
|-heal|p1a: Gliscor|77/100 tox|[from] ability: Poison Heal
|upkeep
|turn|12
|
|t:|1779708816
|move|p1a: Gliscor|Protect|p1a: Gliscor
|-singleturn|p1a: Gliscor|Protect
|move|p2a: Iron Treads|Earth Power|p1a: Gliscor
|-activate|p1a: Gliscor|move: Protect
|
|-heal|p1a: Gliscor|89/100 tox|[from] ability: Poison Heal
|upkeep
|turn|13
|
|t:|1779708820
|switch|p1a: Clefable|Clefable, F|100/100
|move|p2a: Iron Treads|Earth Power|p1a: Clefable
|-damage|p1a: Clefable|75/100
|
|upkeep
|turn|14
|
|t:|1779708827
|move|p2a: Iron Treads|Volt Switch|p1a: Clefable
|-damage|p1a: Clefable|63/100
|
|t:|1779708830
|-end|p2a: Iron Treads|Quark Drive|[silent]
|switch|p2a: OU Forever|Tyranitar, F|100/100|[from] Volt Switch
|-damage|p2a: OU Forever|88/100|[from] Spikes
|-weather|Sandstorm|[from] ability: Sand Stream|[of] p2a: OU Forever
|move|p1a: Clefable|Wish|p1a: Clefable
|
|-weather|Sandstorm|[upkeep]
|upkeep
|turn|15
|
|t:|1779708834
|move|p1a: Clefable|Protect|p1a: Clefable
|-singleturn|p1a: Clefable|Protect
|move|p2a: OU Forever|Knock Off|p1a: Clefable
|-activate|p1a: Clefable|move: Protect
|
|-weather|Sandstorm|[upkeep]
|-heal|p1a: Clefable|100/100|[from] move: Wish|[wisher] Clefable
|upkeep
|turn|16
|
|t:|1779708837
|switch|p1a: Toxapex|Toxapex, M|100/100
|move|p2a: OU Forever|Knock Off|p1a: Toxapex
|-damage|p1a: Toxapex|67/100
|-enditem|p1a: Toxapex|Heavy-Duty Boots|[from] move: Knock Off|[of] p2a: OU Forever
|
|-weather|Sandstorm|[upkeep]
|-damage|p1a: Toxapex|61/100|[from] Sandstorm
|upkeep
|turn|17
|
|t:|1779708845
|switch|p2a: Iron Treads|Iron Treads|89/100
|-damage|p2a: Iron Treads|76/100|[from] Spikes
|move|p1a: Toxapex|Toxic|p2a: Iron Treads
|-immune|p2a: Iron Treads
|
|-weather|Sandstorm|[upkeep]
|-damage|p1a: Toxapex|55/100|[from] Sandstorm
|upkeep
|turn|18
|
|t:|1779708848
|switch|p1a: Clefable|Clefable, F|100/100
|move|p2a: Iron Treads|Earth Power|p1a: Clefable
|-damage|p1a: Clefable|74/100
|
|-weather|none
|upkeep
|turn|19
|
|t:|1779708856
|move|p2a: Iron Treads|Volt Switch|p1a: Clefable
|-damage|p1a: Clefable|61/100
|
|t:|1779708858
|-end|p2a: Iron Treads|Quark Drive|[silent]
|switch|p2a: Rillaboom|Rillaboom, F, tera:Grass|84/100 tox|[from] Volt Switch
|-damage|p2a: Rillaboom|71/100 tox|[from] Spikes
|-fieldstart|move: Grassy Terrain|[from] ability: Grassy Surge|[of] p2a: Rillaboom
|move|p1a: Clefable|Wish|p1a: Clefable
|
|-heal|p2a: Rillaboom|78/100 tox|[from] Grassy Terrain
|-heal|p1a: Clefable|67/100|[from] Grassy Terrain
|-damage|p2a: Rillaboom|71/100 tox|[from] psn
|upkeep
|turn|20
|
|t:|1779708862
|move|p1a: Clefable|Protect|p1a: Clefable
|-singleturn|p1a: Clefable|Protect
|move|p2a: Rillaboom|Wood Hammer|p1a: Clefable
|-activate|p1a: Clefable|move: Protect
|
|-heal|p1a: Clefable|100/100|[from] move: Wish|[wisher] Clefable
|-heal|p2a: Rillaboom|78/100 tox|[from] Grassy Terrain
|-damage|p2a: Rillaboom|65/100 tox|[from] psn
|upkeep
|turn|21
|
|t:|1779708868
|switch|p2a: OU Forever|Tyranitar, F|88/100
|-damage|p2a: OU Forever|76/100|[from] Spikes
|-weather|Sandstorm|[from] ability: Sand Stream|[of] p2a: OU Forever
|switch|p1a: Gliscor|Gliscor, F, tera:Dragon|89/100 tox
|-damage|p1a: Gliscor|77/100 tox|[from] Stealth Rock
|
|-weather|Sandstorm|[upkeep]
|-damage|p1a: Gliscor|71/100 tox|[from] Sandstorm
|-heal|p1a: Gliscor|77/100 tox|[from] Grassy Terrain
|-heal|p2a: OU Forever|82/100|[from] Grassy Terrain
|-heal|p1a: Gliscor|89/100 tox|[from] ability: Poison Heal
|upkeep
|turn|22
|
|t:|1779708871
|switch|p1a: Toxapex|Toxapex, M|88/100
|-damage|p1a: Toxapex|76/100|[from] Stealth Rock
|move|p2a: OU Forever|Ice Beam|p1a: Toxapex
|-resisted|p1a: Toxapex
|-damage|p1a: Toxapex|68/100
|
|-weather|Sandstorm|[upkeep]
|-damage|p1a: Toxapex|62/100|[from] Sandstorm
|-heal|p2a: OU Forever|88/100|[from] Grassy Terrain
|-heal|p1a: Toxapex|68/100|[from] Grassy Terrain
|upkeep
|turn|23
|
|t:|1779708877
|switch|p2a: Pecharunt|Pecharunt|100/100
|move|p1a: Toxapex|Toxic|p2a: Pecharunt
|-immune|p2a: Pecharunt
|
|-weather|Sandstorm|[upkeep]
|-damage|p2a: Pecharunt|94/100|[from] Sandstorm
|-damage|p1a: Toxapex|62/100|[from] Sandstorm
|-heal|p2a: Pecharunt|100/100|[from] Grassy Terrain
|-heal|p1a: Toxapex|68/100|[from] Grassy Terrain
|-fieldend|move: Grassy Terrain
|upkeep
|turn|24
|
|t:|1779708882
|switch|p1a: Komala|Komala, M|100/100
|-ability|p1a: Komala|Comatose
|move|p2a: Pecharunt|Parting Shot|p1a: Komala
|-unboost|p1a: Komala|atk|1
|-unboost|p1a: Komala|spa|1
|
|t:|1779708889
|switch|p2a: Rillaboom|Rillaboom, F, tera:Grass|65/100 tox|[from] Parting Shot
|-damage|p2a: Rillaboom|53/100 tox|[from] Spikes
|-fieldstart|move: Grassy Terrain|[from] ability: Grassy Surge|[of] p2a: Rillaboom
|
|-weather|Sandstorm|[upkeep]
|-damage|p2a: Rillaboom|47/100 tox|[from] Sandstorm
|-damage|p1a: Komala|95/100|[from] Sandstorm
|-heal|p2a: Rillaboom|53/100 tox|[from] Grassy Terrain
|-heal|p1a: Komala|100/100|[from] Grassy Terrain
|-damage|p2a: Rillaboom|47/100 tox|[from] psn
|upkeep
|turn|25
|
|t:|1779708891
|move|p1a: Komala|Protect|p1a: Komala
|-singleturn|p1a: Komala|Protect
|move|p2a: Rillaboom|Wood Hammer|p1a: Komala
|-activate|p1a: Komala|move: Protect
|
|-weather|none
|-heal|p2a: Rillaboom|53/100 tox|[from] Grassy Terrain
|-damage|p2a: Rillaboom|41/100 tox|[from] psn
|upkeep
|turn|26
|
|t:|1779708895
|switch|p1a: Gliscor|Gliscor, F, tera:Dragon|89/100 tox
|-damage|p1a: Gliscor|77/100 tox|[from] Stealth Rock
|move|p2a: Rillaboom|Wood Hammer|p1a: Gliscor
|-resisted|p1a: Gliscor
|-damage|p1a: Gliscor|23/100 tox
|-damage|p2a: Rillaboom|22/100 tox|[from] Recoil
|
|-heal|p2a: Rillaboom|28/100 tox|[from] Grassy Terrain
|-heal|p1a: Gliscor|29/100 tox|[from] Grassy Terrain
|-damage|p2a: Rillaboom|10/100 tox|[from] psn
|-heal|p1a: Gliscor|42/100 tox|[from] ability: Poison Heal
|upkeep
|turn|27
|
|t:|1779708905
|switch|p2a: Hank|Alomomola, M|100/100 tox
|-damage|p2a: Hank|88/100 tox|[from] Spikes
|move|p1a: Gliscor|Protect||[still]
|-fail|p1a: Gliscor
|
|-heal|p1a: Gliscor|48/100 tox|[from] Grassy Terrain
|-heal|p2a: Hank|94/100 tox|[from] Grassy Terrain
|-heal|p1a: Gliscor|60/100 tox|[from] ability: Poison Heal
|-damage|p2a: Hank|88/100 tox|[from] psn
|upkeep
|turn|28
|
|t:|1779708909
|move|p1a: Gliscor|Spikes|p2a: Hank
|-sidestart|p2: kooopooolooo|Spikes
|move|p2a: Hank|Wish|p2a: Hank
|
|-heal|p1a: Gliscor|67/100 tox|[from] Grassy Terrain
|-heal|p2a: Hank|94/100 tox|[from] Grassy Terrain
|-heal|p1a: Gliscor|79/100 tox|[from] ability: Poison Heal
|-damage|p2a: Hank|82/100 tox|[from] psn
|-fieldend|move: Grassy Terrain
|upkeep
|turn|29
|
|t:|1779708915
|move|p1a: Gliscor|Spikes|p2a: Hank
|-sidestart|p2: kooopooolooo|Spikes
|move|p2a: Hank|Flip Turn|p1a: Gliscor
|-resisted|p1a: Gliscor
|-damage|p1a: Gliscor|74/100 tox
|
|t:|1779708919
|switch|p2a: Iron Treads|Iron Treads|76/100|[from] Flip Turn
|-damage|p2a: Iron Treads|51/100|[from] Spikes
|
|-heal|p2a: Iron Treads|100/100|[from] move: Wish|[wisher] Hank
|-heal|p1a: Gliscor|86/100 tox|[from] ability: Poison Heal
|upkeep
|turn|30
|
|t:|1779708923
|switch|p1a: Clefable|Clefable, F|100/100
|move|p2a: Iron Treads|Rapid Spin|p1a: Clefable
|-damage|p1a: Clefable|92/100
|-boost|p2a: Iron Treads|spe|1
|-sideend|p2: kooopooolooo|Spikes|[from] move: Rapid Spin|[of] p2a: Iron Treads
|
|-damage|p2a: Iron Treads|88/100|[from] item: Sticky Barb
|upkeep
|turn|31
|
|t:|1779708932
|move|p2a: Iron Treads|Volt Switch|p1a: Clefable
|-damage|p1a: Clefable|79/100
|
|t:|1779708935
|-end|p2a: Iron Treads|Quark Drive|[silent]
|switch|p2a: Hank|Alomomola, M|100/100 tox|[from] Volt Switch
|move|p1a: Clefable|Stealth Rock|p2a: Hank
|-sidestart|p2: kooopooolooo|move: Stealth Rock
|
|-damage|p2a: Hank|94/100 tox|[from] psn
|upkeep
|turn|32
|
|t:|1779708940
|switch|p1a: Gliscor|Gliscor, F, tera:Dragon|86/100 tox
|-damage|p1a: Gliscor|74/100 tox|[from] Stealth Rock
|move|p2a: Hank|Wish|p2a: Hank
|
|-heal|p1a: Gliscor|86/100 tox|[from] ability: Poison Heal
|-damage|p2a: Hank|82/100 tox|[from] psn
|upkeep
|turn|33
|
|t:|1779708946
|move|p1a: Gliscor|Spikes|p2a: Hank
|-sidestart|p2: kooopooolooo|Spikes
|move|p2a: Hank|Flip Turn|p1a: Gliscor
|-resisted|p1a: Gliscor
|-damage|p1a: Gliscor|82/100 tox
|
|t:|1779708948
|switch|p2a: Iron Treads|Iron Treads|88/100|[from] Flip Turn
|-damage|p2a: Iron Treads|85/100|[from] Stealth Rock
|-damage|p2a: Iron Treads|73/100|[from] Spikes
|
|-heal|p2a: Iron Treads|100/100|[from] move: Wish|[wisher] Hank
|-heal|p1a: Gliscor|94/100 tox|[from] ability: Poison Heal
|-damage|p2a: Iron Treads|88/100|[from] item: Sticky Barb
|upkeep
|turn|34
|
|t:|1779708952
|move|p1a: Gliscor|Protect|p1a: Gliscor
|-singleturn|p1a: Gliscor|Protect
|move|p2a: Iron Treads|Earth Power|p1a: Gliscor
|-activate|p1a: Gliscor|move: Protect
|
|-heal|p1a: Gliscor|100/100 tox|[from] ability: Poison Heal
|-damage|p2a: Iron Treads|76/100|[from] item: Sticky Barb
|upkeep
|turn|35
|
|t:|1779708958
|switch|p1a: Komala|Komala, M|100/100
|-ability|p1a: Komala|Comatose
|move|p2a: Iron Treads|Rapid Spin|p1a: Komala
|-damage|p1a: Komala|88/100
|-boost|p2a: Iron Treads|spe|1
|-sideend|p2: kooopooolooo|Spikes|[from] move: Rapid Spin|[of] p2a: Iron Treads
|-sideend|p2: kooopooolooo|Stealth Rock|[from] move: Rapid Spin|[of] p2a: Iron Treads
|
|-damage|p2a: Iron Treads|63/100|[from] item: Sticky Barb
|upkeep
|turn|36
|
|t:|1779708967
|-end|p2a: Iron Treads|Quark Drive|[silent]
|switch|p2a: OU Forever|Tyranitar, F|88/100
|-weather|Sandstorm|[from] ability: Sand Stream|[of] p2a: OU Forever
|move|p1a: Komala|Rapid Spin|p2a: OU Forever
|-resisted|p2a: OU Forever
|-damage|p2a: OU Forever|80/100
|-boost|p1a: Komala|spe|1
|-sideend|p1: dsekop|Stealth Rock|[from] move: Rapid Spin|[of] p1a: Komala
|
|-weather|Sandstorm|[upkeep]
|-damage|p1a: Komala|82/100|[from] Sandstorm
|upkeep
|turn|37
|
|t:|1779708974
|switch|p1a: Clefable|Clefable, F|79/100
|move|p2a: OU Forever|Knock Off|p1a: Clefable
|-resisted|p1a: Clefable
|-damage|p1a: Clefable|67/100
|
|-weather|Sandstorm|[upkeep]
|upkeep
|turn|38
|
|t:|1779708988
|switch|p2a: Hank|Alomomola, M|100/100 tox
|move|p1a: Clefable|Wish|p1a: Clefable
|
|-weather|Sandstorm|[upkeep]
|-damage|p2a: Hank|94/100 tox|[from] Sandstorm
|-damage|p2a: Hank|88/100 tox|[from] psn
|upkeep
|turn|39
|
|t:|1779708999
|move|p1a: Clefable|Stealth Rock|p2a: Hank
|-sidestart|p2: kooopooolooo|move: Stealth Rock
|move|p2a: Hank|Wish|p2a: Hank
|
|-weather|Sandstorm|[upkeep]
|-damage|p2a: Hank|82/100 tox|[from] Sandstorm
|-heal|p1a: Clefable|100/100|[from] move: Wish|[wisher] Clefable
|-damage|p2a: Hank|70/100 tox|[from] psn
|upkeep
|turn|40
|
|t:|1779709005
|switch|p2a: Iron Treads|Iron Treads|63/100
|-damage|p2a: Iron Treads|60/100|[from] Stealth Rock
|move|p1a: Clefable|Protect||[still]
|-fail|p1a: Clefable
|
|-weather|none
|-heal|p2a: Iron Treads|100/100|[from] move: Wish|[wisher] Hank
|-damage|p2a: Iron Treads|88/100|[from] item: Sticky Barb
|upkeep
|turn|41
|
|t:|1779709015
|switch|p1a: Komala|Komala, M|82/100
|-ability|p1a: Komala|Comatose
|move|p2a: Iron Treads|Stealth Rock|p1a: Komala
|-sidestart|p1: dsekop|move: Stealth Rock
|
|-damage|p2a: Iron Treads|76/100|[from] item: Sticky Barb
|upkeep
|turn|42
|
|t:|1779709020
|move|p2a: Iron Treads|Rapid Spin|p1a: Komala
|-damage|p1a: Komala|69/100
|-boost|p2a: Iron Treads|spe|1
|-sideend|p2: kooopooolooo|Stealth Rock|[from] move: Rapid Spin|[of] p2a: Iron Treads
|move|p1a: Komala|Wish|p1a: Komala
|
|-damage|p2a: Iron Treads|63/100|[from] item: Sticky Barb
|upkeep
|turn|43
|
|t:|1779709027
|move|p2a: Iron Treads|Volt Switch|p1a: Komala
|-damage|p1a: Komala|56/100
|
|t:|1779709029
|-end|p2a: Iron Treads|Quark Drive|[silent]
|switch|p2a: Hank|Alomomola, M|100/100 tox|[from] Volt Switch
|move|p1a: Komala|Rapid Spin|p2a: Hank
|-damage|p2a: Hank|90/100 tox
|-boost|p1a: Komala|spe|1
|-sideend|p1: dsekop|Stealth Rock|[from] move: Rapid Spin|[of] p1a: Komala
|
|-heal|p1a: Komala|100/100|[from] move: Wish|[wisher] Komala
|-damage|p2a: Hank|84/100 tox|[from] psn
|upkeep
|turn|44
|
|t:|1779709034
|switch|p1a: Gliscor|Gliscor, F, tera:Dragon|100/100 tox
|move|p2a: Hank|Wish|p2a: Hank
|
|-damage|p2a: Hank|72/100 tox|[from] psn
|upkeep
|turn|45
|
|t:|1779709039
|switch|p2a: Rillaboom|Rillaboom, F, tera:Grass|10/100 tox
|-fieldstart|move: Grassy Terrain|[from] ability: Grassy Surge|[of] p2a: Rillaboom
|move|p1a: Gliscor|Spikes|p2a: Rillaboom
|-sidestart|p2: kooopooolooo|Spikes
|
|-heal|p2a: Rillaboom|88/100 tox|[from] move: Wish|[wisher] Hank
|-heal|p2a: Rillaboom|94/100 tox|[from] Grassy Terrain
|-damage|p2a: Rillaboom|88/100 tox|[from] psn
|upkeep
|turn|46
|
|t:|1779709051
|move|p1a: Gliscor|Protect|p1a: Gliscor
|-singleturn|p1a: Gliscor|Protect
|move|p2a: Rillaboom|U-turn|p1a: Gliscor
|-activate|p1a: Gliscor|move: Protect
|
|-heal|p2a: Rillaboom|94/100 tox|[from] Grassy Terrain
|-damage|p2a: Rillaboom|82/100 tox|[from] psn
|upkeep
|turn|47
|
|t:|1779709058
|move|p2a: Rillaboom|U-turn|p1a: Gliscor
|-crit|p1a: Gliscor
|-damage|p1a: Gliscor|64/100 tox
|
|t:|1779709060
|switch|p2a: Iron Treads|Iron Treads|63/100|[from] U-turn
|-damage|p2a: Iron Treads|51/100|[from] Spikes
|move|p1a: Gliscor|Spikes|p2a: Iron Treads
|-sidestart|p2: kooopooolooo|Spikes
|
|-heal|p2a: Iron Treads|57/100|[from] Grassy Terrain
|-heal|p1a: Gliscor|70/100 tox|[from] Grassy Terrain
|-heal|p1a: Gliscor|83/100 tox|[from] ability: Poison Heal
|-damage|p2a: Iron Treads|44/100|[from] item: Sticky Barb
|upkeep
|turn|48
|
|t:|1779709068
|switch|p1a: Clefable|Clefable, F|100/100
|move|p2a: Iron Treads|Stealth Rock|p1a: Clefable
|-sidestart|p1: dsekop|move: Stealth Rock
|
|-heal|p2a: Iron Treads|50/100|[from] Grassy Terrain
|-damage|p2a: Iron Treads|38/100|[from] item: Sticky Barb
|upkeep
|turn|49
|
|t:|1779709073
|move|p2a: Iron Treads|Rapid Spin|p1a: Clefable
|-damage|p1a: Clefable|92/100
|-boost|p2a: Iron Treads|spe|1
|-sideend|p2: kooopooolooo|Spikes|[from] move: Rapid Spin|[of] p2a: Iron Treads
|move|p1a: Clefable|Stealth Rock|p2a: Iron Treads
|-sidestart|p2: kooopooolooo|move: Stealth Rock
|
|-heal|p2a: Iron Treads|44/100|[from] Grassy Terrain
|-heal|p1a: Clefable|98/100|[from] Grassy Terrain
|-fieldend|move: Grassy Terrain
|-damage|p2a: Iron Treads|32/100|[from] item: Sticky Barb
|upkeep
|turn|50
|
|t:|1779709076
|move|p2a: Iron Treads|Volt Switch|p1a: Clefable
|-damage|p1a: Clefable|86/100
|
|t:|1779709078
|-end|p2a: Iron Treads|Quark Drive|[silent]
|switch|p2a: Rillaboom|Rillaboom, F, tera:Grass|82/100 tox|[from] Volt Switch
|-damage|p2a: Rillaboom|70/100 tox|[from] Stealth Rock
|-fieldstart|move: Grassy Terrain|[from] ability: Grassy Surge|[of] p2a: Rillaboom
|move|p1a: Clefable|Stealth Rock||[still]
|-fail|p1a: Clefable
|
|-heal|p2a: Rillaboom|76/100 tox|[from] Grassy Terrain
|-heal|p1a: Clefable|92/100|[from] Grassy Terrain
|-damage|p2a: Rillaboom|70/100 tox|[from] psn
|upkeep
|turn|51
|
|t:|1779709082
|move|p1a: Clefable|Protect|p1a: Clefable
|-singleturn|p1a: Clefable|Protect
|move|p2a: Rillaboom|Wood Hammer|p1a: Clefable
|-activate|p1a: Clefable|move: Protect
|
|-heal|p2a: Rillaboom|76/100 tox|[from] Grassy Terrain
|-heal|p1a: Clefable|98/100|[from] Grassy Terrain
|-damage|p2a: Rillaboom|64/100 tox|[from] psn
|upkeep
|turn|52
|
|t:|1779709086
|switch|p1a: Gliscor|Gliscor, F, tera:Dragon|83/100 tox
|-damage|p1a: Gliscor|70/100 tox|[from] Stealth Rock
|move|p2a: Rillaboom|Wood Hammer|p1a: Gliscor
|-resisted|p1a: Gliscor
|-damage|p1a: Gliscor|16/100 tox
|-damage|p2a: Rillaboom|45/100 tox|[from] Recoil
|
|-heal|p2a: Rillaboom|51/100 tox|[from] Grassy Terrain
|-heal|p1a: Gliscor|22/100 tox|[from] Grassy Terrain
|-damage|p2a: Rillaboom|33/100 tox|[from] psn
|-heal|p1a: Gliscor|35/100 tox|[from] ability: Poison Heal
|upkeep
|turn|53
|
|t:|1779709093
|move|p1a: Gliscor|Protect|p1a: Gliscor
|-singleturn|p1a: Gliscor|Protect
|move|p2a: Rillaboom|Wood Hammer|p1a: Gliscor
|-activate|p1a: Gliscor|move: Protect
|
|-heal|p2a: Rillaboom|39/100 tox|[from] Grassy Terrain
|-heal|p1a: Gliscor|41/100 tox|[from] Grassy Terrain
|-damage|p2a: Rillaboom|14/100 tox|[from] psn
|-heal|p1a: Gliscor|54/100 tox|[from] ability: Poison Heal
|upkeep
|turn|54
|
|t:|1779709108
|switch|p2a: Hank|Alomomola, M|100/100 tox
|-damage|p2a: Hank|88/100 tox|[from] Stealth Rock
|switch|p1a: Blissey|Blissey, F|100/100
|
|-heal|p2a: Hank|94/100 tox|[from] Grassy Terrain
|-damage|p2a: Hank|88/100 tox|[from] psn
|-fieldend|move: Grassy Terrain
|upkeep
|turn|55
|
|t:|1779709114
|switch|p1a: Gliscor|Gliscor, F, tera:Dragon|54/100 tox
|-damage|p1a: Gliscor|41/100 tox|[from] Stealth Rock
|move|p2a: Hank|Wish|p2a: Hank
|
|-heal|p1a: Gliscor|54/100 tox|[from] ability: Poison Heal
|-damage|p2a: Hank|76/100 tox|[from] psn
|upkeep
|turn|56
|
|t:|1779709119
|move|p1a: Gliscor|Spikes|p2a: Hank
|-sidestart|p2: kooopooolooo|Spikes
|move|p2a: Hank|Flip Turn|p1a: Gliscor
|-resisted|p1a: Gliscor
|-damage|p1a: Gliscor|49/100 tox
|
|t:|1779709122
|switch|p2a: Iron Treads|Iron Treads|32/100|[from] Flip Turn
|-damage|p2a: Iron Treads|28/100|[from] Stealth Rock
|-damage|p2a: Iron Treads|16/100|[from] Spikes
|
|-heal|p2a: Iron Treads|97/100|[from] move: Wish|[wisher] Hank
|-heal|p1a: Gliscor|62/100 tox|[from] ability: Poison Heal
|-damage|p2a: Iron Treads|85/100|[from] item: Sticky Barb
|upkeep
|turn|57
|
|t:|1779709127
|switch|p1a: Clefable|Clefable, F|98/100
|move|p2a: Iron Treads|Rapid Spin|p1a: Clefable
|-damage|p1a: Clefable|89/100
|-boost|p2a: Iron Treads|spe|1
|-sideend|p2: kooopooolooo|Spikes|[from] move: Rapid Spin|[of] p2a: Iron Treads
|-sideend|p2: kooopooolooo|Stealth Rock|[from] move: Rapid Spin|[of] p2a: Iron Treads
|
|-damage|p2a: Iron Treads|72/100|[from] item: Sticky Barb
|upkeep
|turn|58
|
|t:|1779709129
|move|p2a: Iron Treads|Volt Switch|p1a: Clefable
|-damage|p1a: Clefable|76/100
|
|t:|1779709133
|-end|p2a: Iron Treads|Quark Drive|[silent]
|switch|p2a: Pecharunt|Pecharunt|100/100|[from] Volt Switch
|move|p1a: Clefable|Stealth Rock|p2a: Pecharunt
|-sidestart|p2: kooopooolooo|move: Stealth Rock
|
|upkeep
|turn|59
|
|t:|1779709138
|switch|p1a: Toxapex|Toxapex, M|100/100
|-damage|p1a: Toxapex|88/100|[from] Stealth Rock
|move|p2a: Pecharunt|Parting Shot|p1a: Toxapex
|-unboost|p1a: Toxapex|atk|1
|-unboost|p1a: Toxapex|spa|1
|
|t:|1779709143
|switch|p2a: Iron Treads|Iron Treads|72/100|[from] Parting Shot
|-damage|p2a: Iron Treads|69/100|[from] Stealth Rock
|
|-damage|p2a: Iron Treads|57/100|[from] item: Sticky Barb
|upkeep
|turn|60
|
|t:|1779709146
|move|p1a: Toxapex|Baneful Bunker|p1a: Toxapex
|-singleturn|p1a: Toxapex|move: Protect
|move|p2a: Iron Treads|Volt Switch|p1a: Toxapex
|-activate|p1a: Toxapex|move: Protect
|
|-damage|p2a: Iron Treads|44/100|[from] item: Sticky Barb
|upkeep
|turn|61
|
|t:|1779709151
|switch|p1a: Clefable|Clefable, F|76/100
|move|p2a: Iron Treads|Earth Power|p1a: Clefable
|-damage|p1a: Clefable|53/100
|
|-damage|p2a: Iron Treads|32/100|[from] item: Sticky Barb
|upkeep
|turn|62
|
|t:|1779709158
|move|p2a: Iron Treads|Rapid Spin|p1a: Clefable
|-damage|p1a: Clefable|43/100
|-boost|p2a: Iron Treads|spe|1
|-sideend|p2: kooopooolooo|Stealth Rock|[from] move: Rapid Spin|[of] p2a: Iron Treads
|move|p1a: Clefable|Wish|p1a: Clefable
|
|-damage|p2a: Iron Treads|19/100|[from] item: Sticky Barb
|upkeep
|turn|63
|
|t:|1779709167
|-end|p2a: Iron Treads|Quark Drive|[silent]
|switch|p2a: Hank|Alomomola, M|100/100 tox
|move|p1a: Clefable|Stealth Rock|p2a: Hank
|-sidestart|p2: kooopooolooo|move: Stealth Rock
|
|-heal|p1a: Clefable|93/100|[from] move: Wish|[wisher] Clefable
|-damage|p2a: Hank|94/100 tox|[from] psn
|upkeep
|turn|64
|
|t:|1779709171
|move|p1a: Clefable|Moonblast|p2a: Hank
|-damage|p2a: Hank|54/100 tox
|-unboost|p2a: Hank|spa|1
|move|p2a: Hank|Wish|p2a: Hank
|
|-damage|p2a: Hank|42/100 tox|[from] psn
|upkeep
|turn|65
|
|t:|1779709176
|move|p1a: Clefable|Moonblast|p2a: Hank
|-damage|p2a: Hank|4/100 tox
|move|p2a: Hank|Flip Turn|p1a: Clefable
|-damage|p1a: Clefable|80/100
|
|t:|1779709179
|switch|p2a: Rillaboom|Rillaboom, F, tera:Grass|14/100 tox|[from] Flip Turn
|-damage|p2a: Rillaboom|2/100 tox|[from] Stealth Rock
|-fieldstart|move: Grassy Terrain|[from] ability: Grassy Surge|[of] p2a: Rillaboom
|
|-heal|p2a: Rillaboom|80/100 tox|[from] move: Wish|[wisher] Hank
|-heal|p2a: Rillaboom|86/100 tox|[from] Grassy Terrain
|-heal|p1a: Clefable|87/100|[from] Grassy Terrain
|-damage|p2a: Rillaboom|80/100 tox|[from] psn
|upkeep
|turn|66
|
|t:|1779709184
|move|p1a: Clefable|Protect|p1a: Clefable
|-singleturn|p1a: Clefable|Protect
|move|p2a: Rillaboom|Wood Hammer|p1a: Clefable
|-activate|p1a: Clefable|move: Protect
|
|-heal|p2a: Rillaboom|86/100 tox|[from] Grassy Terrain
|-heal|p1a: Clefable|93/100|[from] Grassy Terrain
|-damage|p2a: Rillaboom|74/100 tox|[from] psn
|upkeep
|turn|67
|
|t:|1779709188
|switch|p1a: Blissey|Blissey, F|100/100
|move|p2a: Rillaboom|Wood Hammer|p1a: Blissey
|-damage|p1a: Blissey|0 fnt
|faint|p1a: Blissey
|-damage|p2a: Rillaboom|8/100 tox|[from] Recoil
|
|-heal|p2a: Rillaboom|14/100 tox|[from] Grassy Terrain
|-damage|p2a: Rillaboom|0 fnt|[from] psn
|faint|p2a: Rillaboom
|upkeep
|
|t:|1779709202
|switch|p2a: OU Forever|Tyranitar, F|80/100
|switch|p1a: Gliscor|Gliscor, F, tera:Dragon|62/100 tox
|-damage|p1a: Gliscor|49/100 tox|[from] Stealth Rock
|-damage|p2a: OU Forever|68/100|[from] Stealth Rock
|-weather|Sandstorm|[from] ability: Sand Stream|[of] p2a: OU Forever
|turn|68
|
|t:|1779709206
|switch|p1a: Clefable|Clefable, F|93/100
|move|p2a: OU Forever|Knock Off|p1a: Clefable
|-resisted|p1a: Clefable
|-damage|p1a: Clefable|79/100
|
|-weather|Sandstorm|[upkeep]
|-heal|p2a: OU Forever|74/100|[from] Grassy Terrain
|-heal|p1a: Clefable|85/100|[from] Grassy Terrain
|upkeep
|turn|69
|
|t:|1779709214
|switch|p2a: Pecharunt|Pecharunt|100/100
|move|p1a: Clefable|Wish|p1a: Clefable
|
|-weather|Sandstorm|[upkeep]
|-damage|p2a: Pecharunt|94/100|[from] Sandstorm
|-heal|p2a: Pecharunt|100/100|[from] Grassy Terrain
|-heal|p1a: Clefable|91/100|[from] Grassy Terrain
|-fieldend|move: Grassy Terrain
|upkeep
|turn|70
|
|t:|1779709217
|switch|p1a: Gliscor|Gliscor, F, tera:Dragon|49/100 tox
|-damage|p1a: Gliscor|37/100 tox|[from] Stealth Rock
|move|p2a: Pecharunt|Shadow Ball|p1a: Gliscor
|-damage|p1a: Gliscor|6/100 tox
|
|-weather|Sandstorm|[upkeep]
|-damage|p1a: Gliscor|0 fnt|[from] Sandstorm
|-damage|p2a: Pecharunt|94/100|[from] Sandstorm
|faint|p1a: Gliscor
|upkeep
|
|t:|1779709225
|switch|p1a: Komala|Komala, M|100/100
|-ability|p1a: Komala|Comatose
|turn|71
|
|t:|1779709228
|move|p1a: Komala|Rapid Spin|p2a: Pecharunt
|-immune|p2a: Pecharunt
|move|p2a: Pecharunt|Parting Shot|p1a: Komala
|-unboost|p1a: Komala|atk|1
|-unboost|p1a: Komala|spa|1
|
|t:|1779709232
|switch|p2a: Tornadus|Tornadus-Therian, M|100/100|[from] Parting Shot
|-damage|p2a: Tornadus|76/100|[from] Stealth Rock
|
|-weather|Sandstorm|[upkeep]
|-damage|p2a: Tornadus|70/100|[from] Sandstorm
|-damage|p1a: Komala|95/100|[from] Sandstorm
|upkeep
|turn|72
|
|t:|1779709240
|switch|p1a: Toxapex|Toxapex, M|100/100
|-damage|p1a: Toxapex|88/100|[from] Stealth Rock
|move|p2a: Tornadus|Focus Blast|p1a: Toxapex|[miss]
|-miss|p2a: Tornadus|p1a: Toxapex
|
|-weather|none
|upkeep
|turn|73
|
|t:|1779709246
|switch|p2a: Pecharunt|Pecharunt|94/100
|move|p1a: Toxapex|Toxic|p2a: Pecharunt
|-immune|p2a: Pecharunt
|
|upkeep
|turn|74
|
|t:|1779709249
|switch|p1a: Komala|Komala, M|95/100
|-ability|p1a: Komala|Comatose
|move|p2a: Pecharunt|Shadow Ball|p1a: Komala
|-immune|p1a: Komala
|
|upkeep
|turn|75
|
|t:|1779709253
|move|p1a: Komala|Rapid Spin|p2a: Pecharunt
|-immune|p2a: Pecharunt
|move|p2a: Pecharunt|Parting Shot|p1a: Komala
|-unboost|p1a: Komala|atk|1
|-unboost|p1a: Komala|spa|1
|
|t:|1779709255
|switch|p2a: OU Forever|Tyranitar, F|74/100|[from] Parting Shot
|-damage|p2a: OU Forever|62/100|[from] Stealth Rock
|-weather|Sandstorm|[from] ability: Sand Stream|[of] p2a: OU Forever
|
|-weather|Sandstorm|[upkeep]
|-damage|p1a: Komala|89/100|[from] Sandstorm
|upkeep
|turn|76
|
|t:|1779709260
|switch|p1a: Clefable|Clefable, F|91/100
|move|p2a: OU Forever|Knock Off|p1a: Clefable
|-resisted|p1a: Clefable
|-damage|p1a: Clefable|78/100
|
|-weather|Sandstorm|[upkeep]
|upkeep
|turn|77
|
|t:|1779709265
|switch|p2a: Pecharunt|Pecharunt|94/100
|move|p1a: Clefable|Moonblast|p2a: Pecharunt
|-resisted|p2a: Pecharunt
|-crit|p2a: Pecharunt
|-damage|p2a: Pecharunt|71/100
|
|-weather|Sandstorm|[upkeep]
|-damage|p2a: Pecharunt|65/100|[from] Sandstorm
|upkeep
|turn|78
|
|t:|1779709269
|switch|p1a: Komala|Komala, M|89/100
|-ability|p1a: Komala|Comatose
|move|p2a: Pecharunt|Parting Shot|p1a: Komala
|-unboost|p1a: Komala|atk|1
|-unboost|p1a: Komala|spa|1
|
|t:|1779709272
|switch|p2a: Hank|Alomomola, M|38/100 tox|[from] Parting Shot
|-damage|p2a: Hank|25/100 tox|[from] Stealth Rock
|
|-weather|Sandstorm|[upkeep]
|-damage|p1a: Komala|83/100|[from] Sandstorm
|-damage|p2a: Hank|19/100 tox|[from] Sandstorm
|-damage|p2a: Hank|13/100 tox|[from] psn
|upkeep
|turn|79
|
|t:|1779709281
|switch|p1a: Clefable|Clefable, F|78/100
|switch|p2a: Pecharunt|Pecharunt|65/100
|
|-weather|none
|upkeep
|turn|80
|
|t:|1779709289
|switch|p1a: Komala|Komala, M|83/100
|-ability|p1a: Komala|Comatose
|move|p2a: Pecharunt|Parting Shot|p1a: Komala
|-unboost|p1a: Komala|atk|1
|-unboost|p1a: Komala|spa|1
|
|t:|1779709291
|switch|p2a: Hank|Alomomola, M|46/100 tox|[from] Parting Shot
|-damage|p2a: Hank|34/100 tox|[from] Stealth Rock
|
|-damage|p2a: Hank|28/100 tox|[from] psn
|upkeep
|turn|81
|
|t:|1779709296
|switch|p2a: Pecharunt|Pecharunt|65/100
|move|p1a: Komala|Knock Off|p2a: Pecharunt
|-supereffective|p2a: Pecharunt
|-damage|p2a: Pecharunt|49/100
|-enditem|p2a: Pecharunt|Heavy-Duty Boots|[from] move: Knock Off|[of] p1a: Komala
|
|upkeep
|turn|82
|
|t:|1779709303
|move|p1a: Komala|Wish|p1a: Komala
|move|p2a: Pecharunt|Recover|p2a: Pecharunt
|-heal|p2a: Pecharunt|99/100
|
|upkeep
|turn|83
|
|t:|1779709307
|move|p1a: Komala|Rapid Spin|p2a: Pecharunt
|-immune|p2a: Pecharunt
|move|p2a: Pecharunt|Parting Shot|p1a: Komala
|-unboost|p1a: Komala|atk|1
|-unboost|p1a: Komala|spa|1
|
|t:|1779709311
|switch|p2a: Hank|Alomomola, M|61/100 tox|[from] Parting Shot
|-damage|p2a: Hank|49/100 tox|[from] Stealth Rock
|
|-heal|p1a: Komala|100/100|[from] move: Wish|[wisher] Komala
|-damage|p2a: Hank|42/100 tox|[from] psn
|upkeep
|turn|84
|
|t:|1779709314
|switch|p1a: Clefable|Clefable, F|78/100
|move|p2a: Hank|Wish|p2a: Hank
|
|-damage|p2a: Hank|30/100 tox|[from] psn
|upkeep
|turn|85
|
|t:|1779709319
|switch|p2a: Iron Treads|Iron Treads|19/100
|-damage|p2a: Iron Treads|16/100|[from] Stealth Rock
|move|p1a: Clefable|Moonblast|p2a: Iron Treads
|-resisted|p2a: Iron Treads
|-damage|p2a: Iron Treads|1/100
|
|-heal|p2a: Iron Treads|82/100|[from] move: Wish|[wisher] Hank
|-damage|p2a: Iron Treads|70/100|[from] item: Sticky Barb
|upkeep
|turn|86
|
|t:|1779709326
|move|p2a: Iron Treads|Rapid Spin|p1a: Clefable
|-damage|p1a: Clefable|70/100
|-boost|p2a: Iron Treads|spe|1
|-sideend|p2: kooopooolooo|Stealth Rock|[from] move: Rapid Spin|[of] p2a: Iron Treads
|move|p1a: Clefable|Moonblast|p2a: Iron Treads
|-resisted|p2a: Iron Treads
|-damage|p2a: Iron Treads|54/100
|-unboost|p2a: Iron Treads|spa|1
|
|-damage|p2a: Iron Treads|42/100|[from] item: Sticky Barb
|upkeep
|turn|87
|
|t:|1779709331
|move|p2a: Iron Treads|Volt Switch|p1a: Clefable
|-damage|p1a: Clefable|60/100
|
|t:|1779709333
|-end|p2a: Iron Treads|Quark Drive|[silent]
|switch|p2a: Tornadus|Tornadus-Therian, M|100/100|[from] Volt Switch
|move|p1a: Clefable|Stealth Rock|p2a: Tornadus
|-sidestart|p2: kooopooolooo|move: Stealth Rock
|
|upkeep
|turn|88
|
|t:|1779709336
|switch|p1a: Toxapex|Toxapex, M|100/100
|-damage|p1a: Toxapex|88/100|[from] Stealth Rock
|move|p2a: Tornadus|Bleakwind Storm|p1a: Toxapex
|-damage|p1a: Toxapex|61/100
|
|upkeep
|turn|89
|
|t:|1779709343
|move|p2a: Tornadus|Bleakwind Storm|p1a: Toxapex
|-damage|p1a: Toxapex|33/100
|-unboost|p1a: Toxapex|spe|1
|move|p1a: Toxapex|Recover|p1a: Toxapex
|-heal|p1a: Toxapex|83/100
|
|upkeep
|turn|90
|
|t:|1779709349
|switch|p2a: Pecharunt|Pecharunt|99/100
|-damage|p2a: Pecharunt|86/100|[from] Stealth Rock
|move|p1a: Toxapex|Toxic|p2a: Pecharunt
|-immune|p2a: Pecharunt
|
|upkeep
|turn|91
|
|t:|1779709357
|switch|p1a: Komala|Komala, M|100/100
|-ability|p1a: Komala|Comatose
|move|p2a: Pecharunt|Parting Shot|p1a: Komala
|-unboost|p1a: Komala|atk|1
|-unboost|p1a: Komala|spa|1
|
|t:|1779709361
|switch|p2a: OU Forever|Tyranitar, F|62/100|[from] Parting Shot
|-damage|p2a: OU Forever|49/100|[from] Stealth Rock
|-weather|Sandstorm|[from] ability: Sand Stream|[of] p2a: OU Forever
|
|-weather|Sandstorm|[upkeep]
|-damage|p1a: Komala|95/100|[from] Sandstorm
|upkeep
|turn|92
|
|t:|1779709366
|switch|p1a: Clefable|Clefable, F|60/100
|move|p2a: OU Forever|Ice Beam|p1a: Clefable
|-damage|p1a: Clefable|42/100
|
|-weather|Sandstorm|[upkeep]
|upkeep
|turn|93
|
|t:|1779709374
|switch|p2a: Tornadus|Tornadus-Therian, M|100/100
|-damage|p2a: Tornadus|76/100|[from] Stealth Rock
|move|p1a: Clefable|Wish|p1a: Clefable
|
|-weather|Sandstorm|[upkeep]
|-damage|p2a: Tornadus|70/100|[from] Sandstorm
|upkeep
|turn|94
|
|t:|1779709378
|move|p1a: Clefable|Protect|p1a: Clefable
|-singleturn|p1a: Clefable|Protect
|move|p2a: Tornadus|Bleakwind Storm|p1a: Clefable
|-activate|p1a: Clefable|move: Protect
|
|-weather|Sandstorm|[upkeep]
|-damage|p2a: Tornadus|63/100|[from] Sandstorm
|-heal|p1a: Clefable|92/100|[from] move: Wish|[wisher] Clefable
|upkeep
|turn|95
|
|t:|1779709383
|switch|p1a: Toxapex|Toxapex, M|100/100
|-damage|p1a: Toxapex|88/100|[from] Stealth Rock
|move|p2a: Tornadus|Bleakwind Storm|p1a: Toxapex
|-damage|p1a: Toxapex|61/100
|
|-weather|none
|upkeep
|turn|96
|
|t:|1779709396
|switch|p2a: Pecharunt|Pecharunt|86/100
|-damage|p2a: Pecharunt|74/100|[from] Stealth Rock
|move|p1a: Toxapex|Toxic|p2a: Pecharunt
|-immune|p2a: Pecharunt
|
|upkeep
|turn|97
|
|t:|1779709399
|switch|p1a: Komala|Komala, M|95/100
|-ability|p1a: Komala|Comatose
|move|p2a: Pecharunt|Parting Shot|p1a: Komala
|-unboost|p1a: Komala|atk|1
|-unboost|p1a: Komala|spa|1
|
|t:|1779709407
|switch|p2a: OU Forever|Tyranitar, F|49/100|[from] Parting Shot
|-damage|p2a: OU Forever|37/100|[from] Stealth Rock
|-weather|Sandstorm|[from] ability: Sand Stream|[of] p2a: OU Forever
|
|-weather|Sandstorm|[upkeep]
|-damage|p1a: Komala|89/100|[from] Sandstorm
|upkeep
|turn|98
|
|t:|1779709416
|switch|p2a: Pecharunt|Pecharunt|74/100
|-damage|p2a: Pecharunt|62/100|[from] Stealth Rock
|switch|p1a: Clefable|Clefable, F|92/100
|
|-weather|Sandstorm|[upkeep]
|-damage|p2a: Pecharunt|55/100|[from] Sandstorm
|upkeep
|turn|99
|
|t:|1779709421
|switch|p1a: Toxapex|Toxapex, M|94/100
|-damage|p1a: Toxapex|82/100|[from] Stealth Rock
|move|p2a: Pecharunt|Shadow Ball|p1a: Toxapex
|-damage|p1a: Toxapex|62/100
|
|-weather|Sandstorm|[upkeep]
|-damage|p2a: Pecharunt|49/100|[from] Sandstorm
|-damage|p1a: Toxapex|56/100|[from] Sandstorm
|upkeep
|turn|100
|
|t:|1779709428
|switch|p1a: Komala|Komala, M|89/100
|-ability|p1a: Komala|Comatose
|move|p2a: Pecharunt|Shadow Ball|p1a: Komala
|-immune|p1a: Komala
|
|-weather|Sandstorm|[upkeep]
|-damage|p1a: Komala|83/100|[from] Sandstorm
|-damage|p2a: Pecharunt|43/100|[from] Sandstorm
|upkeep
|turn|101
|
|t:|1779709432
|switch|p2a: Iron Treads|Iron Treads|42/100
|-damage|p2a: Iron Treads|38/100|[from] Stealth Rock
|move|p1a: Komala|Wish|p1a: Komala
|
|-weather|none
|-damage|p2a: Iron Treads|26/100|[from] item: Sticky Barb
|upkeep
|turn|102
|
|t:|1779709440
|move|p1a: Komala|Protect|p1a: Komala
|-singleturn|p1a: Komala|Protect
|move|p2a: Iron Treads|Rapid Spin|p1a: Komala
|-activate|p1a: Komala|move: Protect
|
|-heal|p1a: Komala|100/100|[from] move: Wish|[wisher] Komala
|-damage|p2a: Iron Treads|14/100|[from] item: Sticky Barb
|upkeep
|turn|103
|
|t:|1779709445
|move|p2a: Iron Treads|Volt Switch|p1a: Komala
|-damage|p1a: Komala|86/100
|
|t:|1779709447
|-end|p2a: Iron Treads|Quark Drive|[silent]
|switch|p2a: Pecharunt|Pecharunt|43/100|[from] Volt Switch
|-damage|p2a: Pecharunt|31/100|[from] Stealth Rock
|move|p1a: Komala|Rapid Spin|p2a: Pecharunt
|-immune|p2a: Pecharunt
|
|upkeep
|turn|104
|
|t:|1779709453
|switch|p1a: Toxapex|Toxapex, M|89/100
|-damage|p1a: Toxapex|77/100|[from] Stealth Rock
|move|p2a: Pecharunt|Recover|p2a: Pecharunt
|-heal|p2a: Pecharunt|81/100
|
|upkeep
|turn|105
|
|t:|1779709456
|switch|p1a: Komala|Komala, M|86/100
|-ability|p1a: Komala|Comatose
|move|p2a: Pecharunt|Shadow Ball|p1a: Komala
|-immune|p1a: Komala
|
|upkeep
|turn|106
|
|t:|1779709461
|switch|p1a: Toxapex|Toxapex, M|100/100
|-damage|p1a: Toxapex|88/100|[from] Stealth Rock
|move|p2a: Pecharunt|Parting Shot|p1a: Toxapex
|-unboost|p1a: Toxapex|atk|1
|-unboost|p1a: Toxapex|spa|1
|
|t:|1779709467
|switch|p2a: OU Forever|Tyranitar, F|37/100|[from] Parting Shot
|-damage|p2a: OU Forever|25/100|[from] Stealth Rock
|-weather|Sandstorm|[from] ability: Sand Stream|[of] p2a: OU Forever
|
|-weather|Sandstorm|[upkeep]
|-damage|p1a: Toxapex|82/100|[from] Sandstorm
|upkeep
|turn|107
|
|t:|1779709473
|switch|p1a: Clefable|Clefable, F|92/100
|move|p2a: OU Forever|Knock Off|p1a: Clefable
|-resisted|p1a: Clefable
|-damage|p1a: Clefable|80/100
|
|-weather|Sandstorm|[upkeep]
|upkeep
|turn|108
|
|t:|1779709485
|switch|p2a: Pecharunt|Pecharunt|81/100
|-damage|p2a: Pecharunt|69/100|[from] Stealth Rock
|move|p1a: Clefable|Wish|p1a: Clefable
|
|-weather|Sandstorm|[upkeep]
|-damage|p2a: Pecharunt|63/100|[from] Sandstorm
|upkeep
|turn|109
|
|t:|1779709489
|move|p2a: Pecharunt|Parting Shot|p1a: Clefable
|-unboost|p1a: Clefable|atk|1
|-unboost|p1a: Clefable|spa|1
|
|t:|1779709492
|switch|p2a: Hank|Alomomola, M|63/100 tox|[from] Parting Shot
|-damage|p2a: Hank|51/100 tox|[from] Stealth Rock
|move|p1a: Clefable|Moonblast|p2a: Hank
|-damage|p2a: Hank|27/100 tox
|-unboost|p2a: Hank|spa|1
|
|-weather|Sandstorm|[upkeep]
|-damage|p2a: Hank|21/100 tox|[from] Sandstorm
|-heal|p1a: Clefable|100/100|[from] move: Wish|[wisher] Clefable
|-damage|p2a: Hank|14/100 tox|[from] psn
|upkeep
|turn|110
|
|t:|1779709497
|switch|p2a: Tornadus|Tornadus-Therian, M|97/100
|-damage|p2a: Tornadus|72/100|[from] Stealth Rock
|move|p1a: Clefable|Moonblast|p2a: Tornadus
|-damage|p2a: Tornadus|57/100
|
|-weather|none
|upkeep
|turn|111
|
|t:|1779709500
|switch|p2a: Hank|Alomomola, M|48/100 tox
|-damage|p2a: Hank|35/100 tox|[from] Stealth Rock
|switch|p1a: Toxapex|Toxapex, M|100/100
|-damage|p1a: Toxapex|88/100|[from] Stealth Rock
|
|-damage|p2a: Hank|29/100 tox|[from] psn
|upkeep
|turn|112
|
|t:|1779709507
|switch|p2a: Tornadus|Tornadus-Therian, M|91/100
|-damage|p2a: Tornadus|66/100|[from] Stealth Rock
|switch|p1a: Dondozo|Dondozo, M|100/100
|
|upkeep
|turn|113
|
|t:|1779709510
|switch|p1a: Toxapex|Toxapex, M|100/100
|-damage|p1a: Toxapex|88/100|[from] Stealth Rock
|move|p2a: Tornadus|Bleakwind Storm|p1a: Toxapex|[miss]
|-miss|p2a: Tornadus|p1a: Toxapex
|
|upkeep
|turn|114
|
|t:|1779709516
|switch|p2a: Hank|Alomomola, M|62/100 tox
|-damage|p2a: Hank|50/100 tox|[from] Stealth Rock
|move|p1a: Toxapex|Haze|p1a: Toxapex
|-clearallboost
|
|-damage|p2a: Hank|44/100 tox|[from] psn
|upkeep
|turn|115
|
|t:|1779709522
|switch|p1a: Dondozo|Dondozo, M|100/100
|move|p2a: Hank|Scald|p1a: Dondozo
|-resisted|p1a: Dondozo
|-damage|p1a: Dondozo|94/100
|
|-damage|p2a: Hank|32/100 tox|[from] psn
|upkeep
|turn|116
|
|t:|1779709530
|move|p2a: Hank|Flip Turn|p1a: Dondozo
|-resisted|p1a: Dondozo
|-damage|p1a: Dondozo|91/100
|
|t:|1779709532
|switch|p2a: Pecharunt|Pecharunt|63/100|[from] Flip Turn
|-damage|p2a: Pecharunt|50/100|[from] Stealth Rock
|move|p1a: Dondozo|Body Press|p2a: Pecharunt
|-immune|p2a: Pecharunt
|
|upkeep
|turn|117
|
|t:|1779709536
|switch|p1a: Komala|Komala, M|86/100
|-ability|p1a: Komala|Comatose
|move|p2a: Pecharunt|Shadow Ball|p1a: Komala
|-immune|p1a: Komala
|
|upkeep
|turn|118
|
|t:|1779709540
|switch|p1a: Toxapex|Toxapex, M|100/100
|-damage|p1a: Toxapex|88/100|[from] Stealth Rock
|switch|p2a: Tornadus|Tornadus-Therian, M|99/100
|-damage|p2a: Tornadus|74/100|[from] Stealth Rock
|
|upkeep
|turn|119
|
|t:|1779709544
|switch|p2a: Hank|Alomomola, M|65/100 tox
|-damage|p2a: Hank|53/100 tox|[from] Stealth Rock
|move|p1a: Toxapex|Haze|p1a: Toxapex
|-clearallboost
|
|-damage|p2a: Hank|46/100 tox|[from] psn
|upkeep
|turn|120
|
|t:|1779709551
|switch|p1a: Dondozo|Dondozo, M|91/100
|move|p2a: Hank|Wish|p2a: Hank
|
|-damage|p2a: Hank|34/100 tox|[from] psn
|upkeep
|turn|121
|j| yuureisuisei
|
|t:|1779709556
|move|p2a: Hank|Flip Turn|p1a: Dondozo
|-resisted|p1a: Dondozo
|-damage|p1a: Dondozo|87/100
|
|t:|1779709561
|switch|p2a: Pecharunt|Pecharunt|50/100|[from] Flip Turn
|-damage|p2a: Pecharunt|38/100|[from] Stealth Rock
|move|p1a: Dondozo|Body Press|p2a: Pecharunt
|-immune|p2a: Pecharunt
|
|-heal|p2a: Pecharunt|100/100|[from] move: Wish|[wisher] Hank
|upkeep
|turn|122
|
|t:|1779709565
|switch|p1a: Toxapex|Toxapex, M|100/100
|-damage|p1a: Toxapex|88/100|[from] Stealth Rock
|move|p2a: Pecharunt|Toxic|p1a: Toxapex
|-immune|p1a: Toxapex
|
|upkeep
|turn|123
|
|t:|1779709569
|switch|p1a: Komala|Komala, M|86/100
|-ability|p1a: Komala|Comatose
|move|p2a: Pecharunt|Parting Shot|p1a: Komala
|-unboost|p1a: Komala|atk|1
|-unboost|p1a: Komala|spa|1
|l| yuureisuisei
|
|t:|1779709575
|switch|p2a: Iron Treads|Iron Treads|14/100|[from] Parting Shot
|-damage|p2a: Iron Treads|11/100|[from] Stealth Rock
|
|-damage|p2a: Iron Treads|0 fnt|[from] item: Sticky Barb
|faint|p2a: Iron Treads
|-end|p2a: Iron Treads|Quark Drive|[silent]
|upkeep
|
|t:|1779709579
|switch|p2a: OU Forever|Tyranitar, F|25/100
|-damage|p2a: OU Forever|12/100|[from] Stealth Rock
|-weather|Sandstorm|[from] ability: Sand Stream|[of] p2a: OU Forever
|turn|124
|
|t:|1779709583
|switch|p1a: Clefable|Clefable, F|100/100
|move|p2a: OU Forever|Ice Beam|p1a: Clefable
|-crit|p1a: Clefable
|-damage|p1a: Clefable|72/100
|
|-weather|Sandstorm|[upkeep]
|upkeep
|turn|125
|
|t:|1779709586
|move|p2a: OU Forever|Ice Beam|p1a: Clefable
|-damage|p1a: Clefable|53/100
|move|p1a: Clefable|Wish|p1a: Clefable
|
|-weather|Sandstorm|[upkeep]
|upkeep
|turn|126
|
|t:|1779709590
|move|p2a: OU Forever|Ice Beam|p1a: Clefable
|-damage|p1a: Clefable|34/100
|move|p1a: Clefable|Moonblast|p2a: OU Forever
|-supereffective|p2a: OU Forever
|-damage|p2a: OU Forever|0 fnt
|faint|p2a: OU Forever
|
|-weather|Sandstorm|[upkeep]
|-heal|p1a: Clefable|84/100|[from] move: Wish|[wisher] Clefable
|upkeep
|
|t:|1779709596
|switch|p2a: Pecharunt|Pecharunt|100/100
|-damage|p2a: Pecharunt|88/100|[from] Stealth Rock
|turn|127
|
|t:|1779709602
|switch|p1a: Toxapex|Toxapex, M|100/100
|-damage|p1a: Toxapex|88/100|[from] Stealth Rock
|move|p2a: Pecharunt|Shadow Ball|p1a: Toxapex
|-damage|p1a: Toxapex|70/100
|-unboost|p1a: Toxapex|spd|1
|
|-weather|Sandstorm|[upkeep]
|-damage|p2a: Pecharunt|82/100|[from] Sandstorm
|-damage|p1a: Toxapex|64/100|[from] Sandstorm
|upkeep
|turn|128
|
|t:|1779709609
|switch|p1a: Komala|Komala, M|86/100
|-ability|p1a: Komala|Comatose
|move|p2a: Pecharunt|Shadow Ball|p1a: Komala
|-immune|p1a: Komala
|
|-weather|none
|upkeep
|turn|129
|
|t:|1779709616
|move|p1a: Komala|Rapid Spin|p2a: Pecharunt
|-immune|p2a: Pecharunt
|move|p2a: Pecharunt|Toxic|p1a: Komala
|-immune|p1a: Komala|[from] ability: Comatose
|
|upkeep
|turn|130
|
|t:|1779709618
|move|p1a: Komala|Rapid Spin|p2a: Pecharunt
|-immune|p2a: Pecharunt
|move|p2a: Pecharunt|Toxic|p1a: Komala
|-immune|p1a: Komala|[from] ability: Comatose
|
|upkeep
|turn|131
|
|t:|1779709626
|move|p1a: Komala|Knock Off|p2a: Pecharunt
|-supereffective|p2a: Pecharunt
|-damage|p2a: Pecharunt|65/100
|move|p2a: Pecharunt|Toxic|p1a: Komala
|-immune|p1a: Komala|[from] ability: Comatose
|
|upkeep
|turn|132
|
|t:|1779709629
|move|p1a: Komala|Knock Off|p2a: Pecharunt
|-supereffective|p2a: Pecharunt
|-damage|p2a: Pecharunt|49/100
|move|p2a: Pecharunt|Toxic|p1a: Komala
|-immune|p1a: Komala|[from] ability: Comatose
|
|upkeep
|turn|133
|
|t:|1779709633
|move|p1a: Komala|Knock Off|p2a: Pecharunt
|-supereffective|p2a: Pecharunt
|-damage|p2a: Pecharunt|33/100
|move|p2a: Pecharunt|Toxic|p1a: Komala
|-immune|p1a: Komala|[from] ability: Comatose
|
|upkeep
|turn|134
|
|t:|1779709636
|move|p1a: Komala|Knock Off|p2a: Pecharunt
|-supereffective|p2a: Pecharunt
|-damage|p2a: Pecharunt|18/100
|move|p2a: Pecharunt|Toxic|p1a: Komala
|-immune|p1a: Komala|[from] ability: Comatose
|
|upkeep
|turn|135
|
|t:|1779709639
|move|p1a: Komala|Knock Off|p2a: Pecharunt
|-supereffective|p2a: Pecharunt
|-damage|p2a: Pecharunt|2/100
|move|p2a: Pecharunt|Recover|p2a: Pecharunt
|-heal|p2a: Pecharunt|52/100
|
|upkeep
|turn|136
|
|t:|1779709642
|move|p1a: Komala|Knock Off|p2a: Pecharunt
|-supereffective|p2a: Pecharunt
|-damage|p2a: Pecharunt|37/100
|move|p2a: Pecharunt|Toxic|p1a: Komala
|-immune|p1a: Komala|[from] ability: Comatose
|
|upkeep
|turn|137
|
|t:|1779709645
|move|p1a: Komala|Knock Off|p2a: Pecharunt
|-supereffective|p2a: Pecharunt
|-damage|p2a: Pecharunt|22/100
|move|p2a: Pecharunt|Toxic|p1a: Komala
|-immune|p1a: Komala|[from] ability: Comatose
|
|upkeep
|turn|138
|
|t:|1779709649
|move|p1a: Komala|Knock Off|p2a: Pecharunt
|-supereffective|p2a: Pecharunt
|-damage|p2a: Pecharunt|7/100
|move|p2a: Pecharunt|Recover|p2a: Pecharunt
|-heal|p2a: Pecharunt|57/100
|
|upkeep
|turn|139
|
|t:|1779709654
|switch|p1a: Toxapex|Toxapex, M|98/100
|-damage|p1a: Toxapex|85/100|[from] Stealth Rock
|move|p2a: Pecharunt|Toxic|p1a: Toxapex
|-immune|p1a: Toxapex
|
|upkeep
|turn|140
|
|t:|1779709658
|switch|p1a: Komala|Komala, M|86/100
|-ability|p1a: Komala|Comatose
|move|p2a: Pecharunt|Shadow Ball|p1a: Komala
|-immune|p1a: Komala
|
|upkeep
|turn|141
|
|t:|1779709661
|switch|p1a: Toxapex|Toxapex, M|100/100
|-damage|p1a: Toxapex|88/100|[from] Stealth Rock
|switch|p2a: Hank|Alomomola, M|67/100 tox
|-damage|p2a: Hank|55/100 tox|[from] Stealth Rock
|
|-damage|p2a: Hank|49/100 tox|[from] psn
|upkeep
|turn|142
|
|t:|1779709665
|switch|p2a: Tornadus|Tornadus-Therian, M|100/100
|-damage|p2a: Tornadus|76/100|[from] Stealth Rock
|switch|p1a: Dondozo|Dondozo, M|87/100
|
|upkeep
|turn|143
|
|t:|1779709672
|switch|p1a: Toxapex|Toxapex, M|100/100
|-damage|p1a: Toxapex|88/100|[from] Stealth Rock
|move|p2a: Tornadus|Bleakwind Storm|p1a: Toxapex|[miss]
|-miss|p2a: Tornadus|p1a: Toxapex
|
|upkeep
|turn|144
|
|t:|1779709680
|switch|p2a: Hank|Alomomola, M|82/100 tox
|-damage|p2a: Hank|70/100 tox|[from] Stealth Rock
|move|p1a: Toxapex|Haze|p1a: Toxapex
|-clearallboost
|
|-damage|p2a: Hank|64/100 tox|[from] psn
|upkeep
|turn|145
|
|t:|1779709683
|switch|p1a: Dondozo|Dondozo, M|87/100
|move|p2a: Hank|Scald|p1a: Dondozo
|-resisted|p1a: Dondozo
|-damage|p1a: Dondozo|80/100
|
|-damage|p2a: Hank|51/100 tox|[from] psn
|upkeep
|turn|146
|
|t:|1779709691
|move|p2a: Hank|Wish|p2a: Hank
|move|p1a: Dondozo|Curse|p1a: Dondozo
|-unboost|p1a: Dondozo|spe|1
|-boost|p1a: Dondozo|atk|1
|-boost|p1a: Dondozo|def|1
|
|-damage|p2a: Hank|33/100 tox|[from] psn
|upkeep
|turn|147
|
|t:|1779709695
|switch|p1a: Toxapex|Toxapex, M|100/100
|-damage|p1a: Toxapex|88/100|[from] Stealth Rock
|move|p2a: Hank|Flip Turn|p1a: Toxapex
|-resisted|p1a: Toxapex
|-damage|p1a: Toxapex|83/100
|
|t:|1779709697
|switch|p2a: Pecharunt|Pecharunt|57/100|[from] Flip Turn
|-damage|p2a: Pecharunt|44/100|[from] Stealth Rock
|
|-heal|p2a: Pecharunt|100/100|[from] move: Wish|[wisher] Hank
|upkeep
|turn|148
|
|t:|1779709702
|switch|p1a: Komala|Komala, M|86/100
|-ability|p1a: Komala|Comatose
|move|p2a: Pecharunt|Parting Shot|p1a: Komala
|-unboost|p1a: Komala|atk|1
|-unboost|p1a: Komala|spa|1
|
|t:|1779709710
|switch|p2a: Hank|Alomomola, M|66/100 tox|[from] Parting Shot
|-damage|p2a: Hank|54/100 tox|[from] Stealth Rock
|
|-damage|p2a: Hank|48/100 tox|[from] psn
|upkeep
|turn|149
|
|t:|1779709714
|move|p1a: Komala|Rapid Spin|p2a: Hank
|-damage|p2a: Hank|41/100 tox
|-boost|p1a: Komala|spe|1
|-sideend|p1: dsekop|Stealth Rock|[from] move: Rapid Spin|[of] p1a: Komala
|move|p2a: Hank|Flip Turn|p1a: Komala
|-damage|p1a: Komala|68/100
|
|t:|1779709718
|switch|p2a: Tornadus|Tornadus-Therian, M|100/100|[from] Flip Turn
|-damage|p2a: Tornadus|76/100|[from] Stealth Rock
|
|upkeep
|turn|150
|
|t:|1779709724
|switch|p1a: Toxapex|Toxapex, M|100/100
|move|p2a: Tornadus|U-turn|p1a: Toxapex
|-resisted|p1a: Toxapex
|-damage|p1a: Toxapex|96/100
|
|t:|1779709726
|switch|p2a: Hank|Alomomola, M|74/100 tox|[from] U-turn
|-damage|p2a: Hank|62/100 tox|[from] Stealth Rock
|
|-damage|p2a: Hank|55/100 tox|[from] psn
|upkeep
|turn|151
|
|t:|1779709730
|switch|p2a: Tornadus|Tornadus-Therian, M|100/100
|-damage|p2a: Tornadus|76/100|[from] Stealth Rock
|switch|p1a: Dondozo|Dondozo, M|80/100
|
|upkeep
|turn|152
|
|t:|1779709736
|switch|p2a: Hank|Alomomola, M|89/100 tox
|-damage|p2a: Hank|76/100 tox|[from] Stealth Rock
|switch|p1a: Toxapex|Toxapex, M|100/100
|
|-damage|p2a: Hank|70/100 tox|[from] psn
|upkeep
|turn|153
|
|t:|1779709746
|switch|p1a: Dondozo|Dondozo, M|80/100
|move|p2a: Hank|Scald|p1a: Dondozo
|-resisted|p1a: Dondozo
|-damage|p1a: Dondozo|74/100
|-status|p1a: Dondozo|brn
|
|-damage|p2a: Hank|58/100 tox|[from] psn
|-damage|p1a: Dondozo|68/100 brn|[from] brn
|upkeep
|turn|154
|
|t:|1779709754
|switch|p2a: Tornadus|Tornadus-Therian, M|100/100
|-damage|p2a: Tornadus|76/100|[from] Stealth Rock
|move|p1a: Dondozo|Curse|p1a: Dondozo
|-unboost|p1a: Dondozo|spe|1
|-boost|p1a: Dondozo|atk|1
|-boost|p1a: Dondozo|def|1
|
|-damage|p1a: Dondozo|62/100 brn|[from] brn
|upkeep
|turn|155
|
|t:|1779709765
|switch|p1a: Toxapex|Toxapex, M|100/100
|move|p2a: Tornadus|Bleakwind Storm|p1a: Toxapex
|-damage|p1a: Toxapex|69/100
|
|upkeep
|turn|156
|
|t:|1779709772
|switch|p2a: Hank|Alomomola, M|91/100 tox
|-damage|p2a: Hank|79/100 tox|[from] Stealth Rock
|move|p1a: Toxapex|Haze|p1a: Toxapex
|-clearallboost
|
|-damage|p2a: Hank|73/100 tox|[from] psn
|upkeep
|turn|157
|
|t:|1779709778
|switch|p2a: Tornadus|Tornadus-Therian, M|100/100
|-damage|p2a: Tornadus|76/100|[from] Stealth Rock
|switch|p1a: Dondozo|Dondozo, M|62/100 brn
|
|-damage|p1a: Dondozo|56/100 brn|[from] brn
|upkeep
|turn|158
|
|t:|1779709789
|switch|p2a: Hank|Alomomola, M|100/100 tox
|-damage|p2a: Hank|88/100 tox|[from] Stealth Rock
|switch|p1a: Toxapex|Toxapex, M|100/100
|
|-damage|p2a: Hank|82/100 tox|[from] psn
|upkeep
|turn|159
|
|t:|1779709798
|switch|p2a: Tornadus|Tornadus-Therian, M|100/100
|-damage|p2a: Tornadus|76/100|[from] Stealth Rock
|move|p1a: Toxapex|Toxic|p2a: Tornadus
|-status|p2a: Tornadus|tox
|
|-damage|p2a: Tornadus|70/100 tox|[from] psn
|upkeep
|turn|160
|
|t:|1779709809
|switch|p2a: Hank|Alomomola, M|100/100 tox
|-damage|p2a: Hank|88/100 tox|[from] Stealth Rock
|switch|p1a: Dondozo|Dondozo, M|56/100 brn
|
|-damage|p2a: Hank|82/100 tox|[from] psn
|-damage|p1a: Dondozo|50/100 brn|[from] brn
|upkeep
|turn|161
|inactive|kooopooolooo has 120 seconds left.
|
|t:|1779709819
|switch|p2a: Tornadus|Tornadus-Therian, M|100/100 tox
|-damage|p2a: Tornadus|76/100 tox|[from] Stealth Rock
|switch|p1a: Toxapex|Toxapex, M|100/100
|
|-damage|p2a: Tornadus|70/100 tox|[from] psn
|upkeep
|turn|162
|
|t:|1779709823
|switch|p2a: Hank|Alomomola, M|100/100 tox
|-damage|p2a: Hank|88/100 tox|[from] Stealth Rock
|move|p1a: Toxapex|Haze|p1a: Toxapex
|-clearallboost
|
|-damage|p2a: Hank|82/100 tox|[from] psn
|upkeep
|turn|163
|
|t:|1779709830
|switch|p2a: Tornadus|Tornadus-Therian, M|100/100 tox
|-damage|p2a: Tornadus|76/100 tox|[from] Stealth Rock
|switch|p1a: Dondozo|Dondozo, M|50/100 brn
|
|-damage|p2a: Tornadus|70/100 tox|[from] psn
|-damage|p1a: Dondozo|44/100 brn|[from] brn
|upkeep
|turn|164
|inactive|kooopooolooo has 120 seconds left.
kooopooolooo is offering a tie.
|
|t:|1779709858
|switch|p2a: Hank|Alomomola, M|100/100 tox
|-damage|p2a: Hank|88/100 tox|[from] Stealth Rock
|switch|p1a: Toxapex|Toxapex, M|100/100
|
|-damage|p2a: Hank|82/100 tox|[from] psn
|upkeep
|turn|165
|
|t:|1779709872
|switch|p2a: Tornadus|Tornadus-Therian, M|100/100 tox
|-damage|p2a: Tornadus|76/100 tox|[from] Stealth Rock
|switch|p1a: Dondozo|Dondozo, M|44/100 brn
|
|-damage|p2a: Tornadus|70/100 tox|[from] psn
|-damage|p1a: Dondozo|37/100 brn|[from] brn
|upkeep
|turn|166
|
|t:|1779709883
|switch|p2a: Hank|Alomomola, M|100/100 tox
|-damage|p2a: Hank|88/100 tox|[from] Stealth Rock
|switch|p1a: Toxapex|Toxapex, M|100/100
|
|-damage|p2a: Hank|82/100 tox|[from] psn
|upkeep
|turn|167
|
|t:|1779709886
|switch|p2a: Tornadus|Tornadus-Therian, M|100/100 tox
|-damage|p2a: Tornadus|76/100 tox|[from] Stealth Rock
|switch|p1a: Clefable|Clefable, F|84/100
|
|-damage|p2a: Tornadus|70/100 tox|[from] psn
|upkeep
|turn|168
|
|t:|1779709896
|switch|p2a: Pecharunt|Pecharunt|100/100
|-damage|p2a: Pecharunt|88/100|[from] Stealth Rock
|move|p1a: Clefable|Moonblast|p2a: Pecharunt
|-resisted|p2a: Pecharunt
|-damage|p2a: Pecharunt|72/100
|-unboost|p2a: Pecharunt|spa|1
|
|upkeep
|turn|169
|
|t:|1779709913
|switch|p1a: Komala|Komala, M|68/100
|-ability|p1a: Komala|Comatose
|move|p2a: Pecharunt|Parting Shot|p1a: Komala
|-unboost|p1a: Komala|atk|1
|-unboost|p1a: Komala|spa|1
|
|t:|1779709921
|switch|p2a: Hank|Alomomola, M|100/100 tox|[from] Parting Shot
|-damage|p2a: Hank|88/100 tox|[from] Stealth Rock
|
|-damage|p2a: Hank|82/100 tox|[from] psn
|upkeep
|turn|170
|
|t:|1779709925
|switch|p1a: Dondozo|Dondozo, M|37/100 brn
|move|p2a: Hank|Flip Turn|p1a: Dondozo
|-resisted|p1a: Dondozo
|-damage|p1a: Dondozo|34/100 brn
|
|t:|1779709929
|switch|p2a: Tornadus|Tornadus-Therian, M|100/100 tox|[from] Flip Turn
|-damage|p2a: Tornadus|76/100 tox|[from] Stealth Rock
|
|-damage|p2a: Tornadus|70/100 tox|[from] psn
|-damage|p1a: Dondozo|28/100 brn|[from] brn
|upkeep
|turn|171
|
|t:|1779709934
|switch|p1a: Toxapex|Toxapex, M|100/100
|move|p2a: Tornadus|Bleakwind Storm|p1a: Toxapex
|-damage|p1a: Toxapex|74/100
|-unboost|p1a: Toxapex|spe|1
|
|-damage|p2a: Tornadus|57/100 tox|[from] psn
|upkeep
|turn|172
|
|t:|1779709940
|switch|p2a: Hank|Alomomola, M|100/100 tox
|-damage|p2a: Hank|88/100 tox|[from] Stealth Rock
|switch|p1a: Dondozo|Dondozo, M|28/100 brn
|
|-damage|p2a: Hank|82/100 tox|[from] psn
|-damage|p1a: Dondozo|22/100 brn|[from] brn
|upkeep
|turn|173
|
|t:|1779709946
|move|p2a: Hank|Flip Turn|p1a: Dondozo
|-resisted|p1a: Dondozo
|-damage|p1a: Dondozo|18/100 brn
|
|t:|1779709948
|switch|p2a: Tornadus|Tornadus-Therian, M|91/100 tox|[from] Flip Turn
|-damage|p2a: Tornadus|66/100 tox|[from] Stealth Rock
|move|p1a: Dondozo|Rest|p1a: Dondozo
|-status|p1a: Dondozo|slp|[from] move: Rest
|-heal|p1a: Dondozo|100/100 slp|[silent]
|
|-damage|p2a: Tornadus|60/100 tox|[from] psn
|upkeep
|turn|174
|
|t:|1779709952
|switch|p1a: Toxapex|Toxapex, M|100/100
|move|p2a: Tornadus|U-turn|p1a: Toxapex
|-resisted|p1a: Toxapex
|-damage|p1a: Toxapex|96/100
|
|t:|1779709957
|switch|p2a: Hank|Alomomola, M|100/100 tox|[from] U-turn
|-damage|p2a: Hank|88/100 tox|[from] Stealth Rock
|
|-damage|p2a: Hank|82/100 tox|[from] psn
|upkeep
|turn|175
|
|t:|1779709962
|switch|p2a: Tornadus|Tornadus-Therian, M|93/100 tox
|-damage|p2a: Tornadus|68/100 tox|[from] Stealth Rock
|switch|p1a: Clefable|Clefable, F|84/100
|
|-damage|p2a: Tornadus|62/100 tox|[from] psn
|upkeep
|turn|176
|j| yuureisuisei
|
|t:|1779709972
|move|p2a: Tornadus|Bleakwind Storm|p1a: Clefable
|-damage|p1a: Clefable|47/100
|move|p1a: Clefable|Moonblast|p2a: Tornadus
|-damage|p2a: Tornadus|40/100 tox
|-unboost|p2a: Tornadus|spa|1
|
|-damage|p2a: Tornadus|28/100 tox|[from] psn
|upkeep
|turn|177
|
|t:|1779709982
|move|p2a: Tornadus|U-turn|p1a: Clefable
|-resisted|p1a: Clefable
|-damage|p1a: Clefable|41/100
|inactive|kooopooolooo has 120 seconds left.
|
|t:|1779710006
|switch|p2a: Hank|Alomomola, M|100/100 tox|[from] U-turn
|-damage|p2a: Hank|88/100 tox|[from] Stealth Rock
|move|p1a: Clefable|Wish|p1a: Clefable
|
|-damage|p2a: Hank|82/100 tox|[from] psn
|upkeep
|turn|178
|
|t:|1779710010
|move|p1a: Clefable|Moonblast|p2a: Hank
|-damage|p2a: Hank|47/100 tox
|-unboost|p2a: Hank|spa|1
|move|p2a: Hank|Wish|p2a: Hank
|
|-heal|p1a: Clefable|91/100|[from] move: Wish|[wisher] Clefable
|-damage|p2a: Hank|34/100 tox|[from] psn
|upkeep
|turn|179
|
|t:|1779710023
|move|p1a: Clefable|Protect|p1a: Clefable
|-singleturn|p1a: Clefable|Protect
|move|p2a: Hank|Flip Turn|p1a: Clefable
|-activate|p1a: Clefable|move: Protect
|
|-heal|p2a: Hank|84/100 tox|[from] move: Wish|[wisher] Hank
|-damage|p2a: Hank|66/100 tox|[from] psn
|upkeep
|turn|180
|
|t:|1779710030
|move|p1a: Clefable|Moonblast|p2a: Hank
|-damage|p2a: Hank|27/100 tox
|-unboost|p2a: Hank|spa|1
|move|p2a: Hank|Wish|p2a: Hank
|
|-damage|p2a: Hank|3/100 tox|[from] psn
|upkeep
|turn|181
|
|t:|1779710040
|switch|p1a: Toxapex|Toxapex, M|100/100
|switch|p2a: Tornadus|Tornadus-Therian, M|61/100 tox
|-damage|p2a: Tornadus|36/100 tox|[from] Stealth Rock
|
|-heal|p2a: Tornadus|100/100 tox|[from] move: Wish|[wisher] Hank
|-damage|p2a: Tornadus|94/100 tox|[from] psn
|upkeep
|turn|182
|
|t:|1779710050
|switch|p1a: Clefable|Clefable, F|91/100
|move|p2a: Tornadus|U-turn|p1a: Clefable
|-resisted|p1a: Clefable
|-crit|p1a: Clefable
|-damage|p1a: Clefable|82/100
|
|t:|1779710067
|switch|p2a: Pecharunt|Pecharunt|72/100|[from] U-turn
|-damage|p2a: Pecharunt|60/100|[from] Stealth Rock
|
|upkeep
|turn|183
|
|t:|1779710080
|switch|p1a: Komala|Komala, M|68/100
|-ability|p1a: Komala|Comatose
|move|p2a: Pecharunt|Parting Shot|p1a: Komala
|-unboost|p1a: Komala|atk|1
|-unboost|p1a: Komala|spa|1
|
|t:|1779710082
|switch|p2a: Tornadus|Tornadus-Therian, M|100/100 tox|[from] Parting Shot
|-damage|p2a: Tornadus|76/100 tox|[from] Stealth Rock
|
|-damage|p2a: Tornadus|70/100 tox|[from] psn
|upkeep
|turn|184
|
|t:|1779710086
|switch|p2a: Hank|Alomomola, M|36/100 tox
|-damage|p2a: Hank|24/100 tox|[from] Stealth Rock
|switch|p1a: Toxapex|Toxapex, M|100/100
|
|-damage|p2a: Hank|18/100 tox|[from] psn
|upkeep
|turn|185
|
|t:|1779710090
|switch|p2a: Tornadus|Tornadus-Therian, M|100/100 tox
|-damage|p2a: Tornadus|76/100 tox|[from] Stealth Rock
|switch|p1a: Clefable|Clefable, F|82/100
|
|-damage|p2a: Tornadus|70/100 tox|[from] psn
|upkeep
|turn|186
|j| Supa Dupa Hoopa
|
|t:|1779710117
|switch|p2a: Pecharunt|Pecharunt|60/100
|-damage|p2a: Pecharunt|48/100|[from] Stealth Rock
|switch|p1a: Toxapex|Toxapex, M|100/100
|
|upkeep
|turn|187
|
|t:|1779710122
|switch|p2a: Hank|Alomomola, M|51/100 tox
|-damage|p2a: Hank|39/100 tox|[from] Stealth Rock
|switch|p1a: Komala|Komala, M|68/100
|-ability|p1a: Komala|Comatose
|
|-damage|p2a: Hank|32/100 tox|[from] psn
|upkeep
|turn|188
|
|t:|1779710133
|move|p1a: Komala|Wish|p1a: Komala
|move|p2a: Hank|Flip Turn|p1a: Komala
|-damage|p1a: Komala|52/100
|
|t:|1779710136
|switch|p2a: Tornadus|Tornadus-Therian, M|100/100 tox|[from] Flip Turn
|-damage|p2a: Tornadus|76/100 tox|[from] Stealth Rock
|
|-damage|p2a: Tornadus|70/100 tox|[from] psn
|upkeep
|turn|189
|
|t:|1779710143
|switch|p2a: Hank|Alomomola, M|66/100 tox
|-damage|p2a: Hank|53/100 tox|[from] Stealth Rock
|move|p1a: Komala|Protect||[still]
|-fail|p1a: Komala
|
|-heal|p1a: Komala|100/100|[from] move: Wish|[wisher] Komala
|-damage|p2a: Hank|47/100 tox|[from] psn
|upkeep
|turn|190
|
|t:|1779710150
|switch|p1a: Toxapex|Toxapex, M|100/100
|switch|p2a: Tornadus|Tornadus-Therian, M|100/100 tox
|-damage|p2a: Tornadus|76/100 tox|[from] Stealth Rock
|
|-damage|p2a: Tornadus|70/100 tox|[from] psn
|upkeep
|turn|191
|
|t:|1779710162
|switch|p2a: Hank|Alomomola, M|80/100 tox
|-damage|p2a: Hank|68/100 tox|[from] Stealth Rock
|move|p1a: Toxapex|Haze|p1a: Toxapex
|-clearallboost
|
|-damage|p2a: Hank|62/100 tox|[from] psn
|upkeep
|turn|192
|inactive|kooopooolooo has 90 seconds left.
|
|t:|1779710185
|switch|p2a: Tornadus|Tornadus-Therian, M|100/100 tox
|-damage|p2a: Tornadus|76/100 tox|[from] Stealth Rock
|switch|p1a: Dondozo|Dondozo, M|100/100 slp
|
|-damage|p2a: Tornadus|70/100 tox|[from] psn
|upkeep
|turn|193
|
|t:|1779710196
|switch|p2a: Hank|Alomomola, M|95/100 tox
|-damage|p2a: Hank|83/100 tox|[from] Stealth Rock
|switch|p1a: Toxapex|Toxapex, M|100/100
|
|-damage|p2a: Hank|77/100 tox|[from] psn
|upkeep
|turn|194
|
|t:|1779710203
|switch|p2a: Tornadus|Tornadus-Therian, M|100/100 tox
|-damage|p2a: Tornadus|76/100 tox|[from] Stealth Rock
|switch|p1a: Dondozo|Dondozo, M|100/100 slp
|
|-damage|p2a: Tornadus|70/100 tox|[from] psn
|upkeep
|turn|195
|
|t:|1779710211
|switch|p2a: Hank|Alomomola, M|100/100 tox
|-damage|p2a: Hank|88/100 tox|[from] Stealth Rock
|switch|p1a: Toxapex|Toxapex, M|100/100
|
|-damage|p2a: Hank|82/100 tox|[from] psn
|upkeep
|turn|196
|
|t:|1779710218
|switch|p2a: Tornadus|Tornadus-Therian, M|100/100 tox
|-damage|p2a: Tornadus|76/100 tox|[from] Stealth Rock
|switch|p1a: Dondozo|Dondozo, M|100/100 slp
|
|-damage|p2a: Tornadus|70/100 tox|[from] psn
|upkeep
|turn|197
|
|t:|1779710229
|switch|p2a: Hank|Alomomola, M|100/100 tox
|-damage|p2a: Hank|88/100 tox|[from] Stealth Rock
|switch|p1a: Toxapex|Toxapex, M|100/100
|
|-damage|p2a: Hank|82/100 tox|[from] psn
|upkeep
|turn|198
|
|t:|1779710234
|switch|p2a: Tornadus|Tornadus-Therian, M|100/100 tox
|-damage|p2a: Tornadus|76/100 tox|[from] Stealth Rock
|switch|p1a: Clefable|Clefable, F|82/100
|
|-damage|p2a: Tornadus|70/100 tox|[from] psn
|upkeep
|turn|199
|
|t:|1779710243
|switch|p2a: Hank|Alomomola, M|100/100 tox
|-damage|p2a: Hank|88/100 tox|[from] Stealth Rock
|switch|p1a: Toxapex|Toxapex, M|100/100
|
|-damage|p2a: Hank|82/100 tox|[from] psn
|upkeep
|turn|200
|inactive|kooopooolooo has 60 seconds left.
|
|t:|1779710268
|switch|p2a: Tornadus|Tornadus-Therian, M|100/100 tox
|-damage|p2a: Tornadus|76/100 tox|[from] Stealth Rock
|switch|p1a: Dondozo|Dondozo, M|100/100 slp
|
|-damage|p2a: Tornadus|70/100 tox|[from] psn
|upkeep
|turn|201
|
|t:|1779710276
|switch|p2a: Hank|Alomomola, M|100/100 tox
|-damage|p2a: Hank|88/100 tox|[from] Stealth Rock
|switch|p1a: Toxapex|Toxapex, M|100/100
|
|-damage|p2a: Hank|82/100 tox|[from] psn
|upkeep
|turn|202
|
|t:|1779710281
|switch|p2a: Tornadus|Tornadus-Therian, M|100/100 tox
|-damage|p2a: Tornadus|76/100 tox|[from] Stealth Rock
|switch|p1a: Clefable|Clefable, F|82/100
|
|-damage|p2a: Tornadus|70/100 tox|[from] psn
|upkeep
|turn|203
|
|t:|1779710284
|switch|p2a: Hank|Alomomola, M|100/100 tox
|-damage|p2a: Hank|88/100 tox|[from] Stealth Rock
|move|p1a: Clefable|Moonblast|p2a: Hank
|-damage|p2a: Hank|51/100 tox
|
|-damage|p2a: Hank|45/100 tox|[from] psn
|upkeep
|turn|204
|inactive|kooopooolooo has 60 seconds left.
|
|t:|1779710291
|switch|p1a: Toxapex|Toxapex, M|100/100
|switch|p2a: Tornadus|Tornadus-Therian, M|100/100 tox
|-damage|p2a: Tornadus|76/100 tox|[from] Stealth Rock
|
|-damage|p2a: Tornadus|70/100 tox|[from] psn
|upkeep
|turn|205
|
|t:|1779710297
|switch|p2a: Hank|Alomomola, M|79/100 tox
|-damage|p2a: Hank|66/100 tox|[from] Stealth Rock
|switch|p1a: Clefable|Clefable, F|82/100
|
|-damage|p2a: Hank|60/100 tox|[from] psn
|upkeep
|turn|206
|inactive|kooopooolooo has 60 seconds left.
|
|t:|1779710324
|switch|p1a: Toxapex|Toxapex, M|100/100
|switch|p2a: Tornadus|Tornadus-Therian, M|100/100 tox
|-damage|p2a: Tornadus|76/100 tox|[from] Stealth Rock
|
|-damage|p2a: Tornadus|70/100 tox|[from] psn
|upkeep
|turn|207
|
|t:|1779710329
|switch|p2a: Hank|Alomomola, M|93/100 tox
|-damage|p2a: Hank|81/100 tox|[from] Stealth Rock
|switch|p1a: Dondozo|Dondozo, M|100/100 slp
|
|-damage|p2a: Hank|75/100 tox|[from] psn
|upkeep
|turn|208
|
|t:|1779710335
|switch|p2a: Tornadus|Tornadus-Therian, M|100/100 tox
|-damage|p2a: Tornadus|76/100 tox|[from] Stealth Rock
|switch|p1a: Toxapex|Toxapex, M|100/100
|
|-damage|p2a: Tornadus|70/100 tox|[from] psn
|upkeep
|turn|209
|
|t:|1779710340
|switch|p2a: Hank|Alomomola, M|100/100 tox
|-damage|p2a: Hank|88/100 tox|[from] Stealth Rock
|switch|p1a: Dondozo|Dondozo, M|100/100 slp
|
|-damage|p2a: Hank|82/100 tox|[from] psn
|upkeep
|turn|210
|
|t:|1779710343
|switch|p2a: Tornadus|Tornadus-Therian, M|100/100 tox
|-damage|p2a: Tornadus|76/100 tox|[from] Stealth Rock
|cant|p1a: Dondozo|slp
|move|p1a: Dondozo|Sleep Talk|p1a: Dondozo
|move|p1a: Dondozo|Rest||[from] move: Sleep Talk|[still]
|-fail|p1a: Dondozo
|
|-damage|p2a: Tornadus|70/100 tox|[from] psn
|upkeep
|turn|211
|
|t:|1779710347
|switch|p2a: Hank|Alomomola, M|100/100 tox
|-damage|p2a: Hank|88/100 tox|[from] Stealth Rock
|switch|p1a: Toxapex|Toxapex, M|100/100
|
|-damage|p2a: Hank|82/100 tox|[from] psn
|upkeep
|turn|212
|
|t:|1779710357
|switch|p2a: Tornadus|Tornadus-Therian, M|100/100 tox
|-damage|p2a: Tornadus|76/100 tox|[from] Stealth Rock
|switch|p1a: Clefable|Clefable, F|82/100
|
|-damage|p2a: Tornadus|70/100 tox|[from] psn
|upkeep
|turn|213
|
|t:|1779710361
|switch|p2a: Hank|Alomomola, M|100/100 tox
|-damage|p2a: Hank|88/100 tox|[from] Stealth Rock
|move|p1a: Clefable|Stealth Rock||[still]
|-fail|p1a: Clefable
|
|-damage|p2a: Hank|82/100 tox|[from] psn
|upkeep
|turn|214
|
|t:|1779710366
|switch|p1a: Toxapex|Toxapex, M|100/100
|switch|p2a: Tornadus|Tornadus-Therian, M|100/100 tox
|-damage|p2a: Tornadus|76/100 tox|[from] Stealth Rock
|
|-damage|p2a: Tornadus|70/100 tox|[from] psn
|upkeep
|turn|215
|
|t:|1779710368
|switch|p2a: Hank|Alomomola, M|100/100 tox
|-damage|p2a: Hank|88/100 tox|[from] Stealth Rock
|switch|p1a: Dondozo|Dondozo, M|100/100 slp
|
|-damage|p2a: Hank|82/100 tox|[from] psn
|upkeep
|turn|216
|
|t:|1779710370
|switch|p2a: Tornadus|Tornadus-Therian, M|100/100 tox
|-damage|p2a: Tornadus|76/100 tox|[from] Stealth Rock
|switch|p1a: Toxapex|Toxapex, M|100/100
|
|-damage|p2a: Tornadus|70/100 tox|[from] psn
|upkeep
|turn|217
|
|t:|1779710374
|switch|p2a: Hank|Alomomola, M|100/100 tox
|-damage|p2a: Hank|88/100 tox|[from] Stealth Rock
|switch|p1a: Clefable|Clefable, F|82/100
|
|-damage|p2a: Hank|82/100 tox|[from] psn
|upkeep
|turn|218
|
|t:|1779710376
|switch|p2a: Tornadus|Tornadus-Therian, M|100/100 tox
|-damage|p2a: Tornadus|76/100 tox|[from] Stealth Rock
|move|p1a: Clefable|Moonblast|p2a: Tornadus
|-damage|p2a: Tornadus|53/100 tox
|-unboost|p2a: Tornadus|spa|1
|
|-damage|p2a: Tornadus|47/100 tox|[from] psn
|upkeep
|turn|219
|
|t:|1779710381
|switch|p2a: Hank|Alomomola, M|100/100 tox
|-damage|p2a: Hank|88/100 tox|[from] Stealth Rock
|move|p1a: Clefable|Moonblast|p2a: Hank
|-damage|p2a: Hank|49/100 tox
|-unboost|p2a: Hank|spa|1
|
|-damage|p2a: Hank|42/100 tox|[from] psn
|upkeep
|turn|220
|
|t:|1779710390
|switch|p1a: Komala|Komala, M|100/100
|-ability|p1a: Komala|Comatose
|switch|p2a: Pecharunt|Pecharunt|48/100
|-damage|p2a: Pecharunt|35/100|[from] Stealth Rock
|
|upkeep
|turn|221
|inactive|kooopooolooo has 60 seconds left.
|
|t:|1779710401
|move|p1a: Komala|Knock Off|p2a: Pecharunt
|-supereffective|p2a: Pecharunt
|-damage|p2a: Pecharunt|18/100
|move|p2a: Pecharunt|Recover|p2a: Pecharunt
|-heal|p2a: Pecharunt|68/100
|
|upkeep
|turn|222
|inactive|kooopooolooo has 60 seconds left.
|
|t:|1779710408
|switch|p1a: Toxapex|Toxapex, M|100/100
|move|p2a: Pecharunt|Parting Shot|p1a: Toxapex
|-unboost|p1a: Toxapex|atk|1
|-unboost|p1a: Toxapex|spa|1
|
|t:|1779710411
|switch|p2a: Tornadus|Tornadus-Therian, M|80/100 tox|[from] Parting Shot
|-damage|p2a: Tornadus|55/100 tox|[from] Stealth Rock
|
|-damage|p2a: Tornadus|49/100 tox|[from] psn
|upkeep
|turn|223
|
|t:|1779710415
|switch|p2a: Hank|Alomomola, M|76/100 tox
|-damage|p2a: Hank|63/100 tox|[from] Stealth Rock
|switch|p1a: Dondozo|Dondozo, M|100/100 slp
|
|-damage|p2a: Hank|57/100 tox|[from] psn
|upkeep
|turn|224
|
|t:|1779710419
|switch|p2a: Tornadus|Tornadus-Therian, M|83/100 tox
|-damage|p2a: Tornadus|58/100 tox|[from] Stealth Rock
|switch|p1a: Clefable|Clefable, F|82/100
|
|-damage|p2a: Tornadus|52/100 tox|[from] psn
|upkeep
|turn|225
|
|t:|1779710424
|switch|p2a: Hank|Alomomola, M|91/100 tox
|-damage|p2a: Hank|78/100 tox|[from] Stealth Rock
|switch|p1a: Toxapex|Toxapex, M|100/100
|
|-damage|p2a: Hank|72/100 tox|[from] psn
|upkeep
|turn|226
|
|t:|1779710427
|switch|p2a: Tornadus|Tornadus-Therian, M|85/100 tox
|-damage|p2a: Tornadus|60/100 tox|[from] Stealth Rock
|switch|p1a: Dondozo|Dondozo, M|100/100 slp
|
|-damage|p2a: Tornadus|54/100 tox|[from] psn
|upkeep
|turn|227
|
|t:|1779710430
|switch|p2a: Hank|Alomomola, M|100/100 tox
|-damage|p2a: Hank|88/100 tox|[from] Stealth Rock
|cant|p1a: Dondozo|slp
|move|p1a: Dondozo|Sleep Talk|p1a: Dondozo
|move|p1a: Dondozo|Curse|p1a: Dondozo|[from] move: Sleep Talk
|-unboost|p1a: Dondozo|spe|1
|-boost|p1a: Dondozo|atk|1
|-boost|p1a: Dondozo|def|1
|
|-damage|p2a: Hank|82/100 tox|[from] psn
|upkeep
|turn|228
|
|t:|1779710437
|move|p2a: Hank|Scald|p1a: Dondozo
|-resisted|p1a: Dondozo
|-damage|p1a: Dondozo|94/100 slp
|-curestatus|p1a: Dondozo|slp|[msg]
|move|p1a: Dondozo|Sleep Talk||[still]
|-fail|p1a: Dondozo
|
|-damage|p2a: Hank|70/100 tox|[from] psn
|upkeep
|turn|229
|
|t:|1779710443
|move|p2a: Hank|Scald|p1a: Dondozo
|-resisted|p1a: Dondozo
|-damage|p1a: Dondozo|87/100
|move|p1a: Dondozo|Body Press|p2a: Hank
|-damage|p2a: Hank|48/100 tox
|
|-damage|p2a: Hank|29/100 tox|[from] psn
|upkeep
|turn|230
|
|t:|1779710458
|switch|p2a: Pecharunt|Pecharunt|68/100
|-damage|p2a: Pecharunt|56/100|[from] Stealth Rock
|switch|p1a: Toxapex|Toxapex, M|100/100
|
|upkeep
|turn|231
|
|t:|1779710466
|switch|p2a: Tornadus|Tornadus-Therian, M|87/100 tox
|-damage|p2a: Tornadus|62/100 tox|[from] Stealth Rock
|switch|p1a: Dondozo|Dondozo, M|87/100
|
|-damage|p2a: Tornadus|56/100 tox|[from] psn
|upkeep
|turn|232
|
|t:|1779710472
|switch|p2a: Hank|Alomomola, M|62/100 tox
|-damage|p2a: Hank|50/100 tox|[from] Stealth Rock
|move|p1a: Dondozo|Body Press|p2a: Hank
|-damage|p2a: Hank|36/100 tox
|
|-damage|p2a: Hank|30/100 tox|[from] psn
|upkeep
|turn|233
|
|t:|1779710485
|switch|p2a: Pecharunt|Pecharunt|56/100
|-damage|p2a: Pecharunt|44/100|[from] Stealth Rock
|switch|p1a: Toxapex|Toxapex, M|100/100
|
|upkeep
|turn|234
|inactive|kooopooolooo has 60 seconds left.
|
|t:|1779710497
|switch|p2a: Hank|Alomomola, M|63/100 tox
|-damage|p2a: Hank|50/100 tox|[from] Stealth Rock
|switch|p1a: Dondozo|Dondozo, M|87/100
|
|-damage|p2a: Hank|44/100 tox|[from] psn
|upkeep
|turn|235
|
|t:|1779710501
|switch|p1a: Toxapex|Toxapex, M|100/100
|move|p2a: Hank|Scald|p1a: Toxapex
|-resisted|p1a: Toxapex
|-damage|p1a: Toxapex|96/100
|-status|p1a: Toxapex|brn
|
|-damage|p2a: Hank|32/100 tox|[from] psn
|-damage|p1a: Toxapex|90/100 brn|[from] brn
|upkeep
|turn|236
|inactive|kooopooolooo has 60 seconds left.
|
|t:|1779710509
|switch|p2a: Tornadus|Tornadus-Therian, M|89/100 tox
|-damage|p2a: Tornadus|64/100 tox|[from] Stealth Rock
|switch|p1a: Dondozo|Dondozo, M|87/100
|
|-damage|p2a: Tornadus|58/100 tox|[from] psn
|upkeep
|turn|237
|
|t:|1779710515
|switch|p2a: Hank|Alomomola, M|65/100 tox
|-damage|p2a: Hank|53/100 tox|[from] Stealth Rock
|switch|p1a: Toxapex|Toxapex, M|100/100 brn
|
|-damage|p2a: Hank|47/100 tox|[from] psn
|-damage|p1a: Toxapex|95/100 brn|[from] brn
|upkeep
|turn|238
|
|t:|1779710519
|switch|p2a: Tornadus|Tornadus-Therian, M|91/100 tox
|-damage|p2a: Tornadus|67/100 tox|[from] Stealth Rock
|switch|p1a: Dondozo|Dondozo, M|87/100
|
|-damage|p2a: Tornadus|60/100 tox|[from] psn
|upkeep
|turn|239
|
|t:|1779710526
|switch|p2a: Hank|Alomomola, M|80/100 tox
|-damage|p2a: Hank|68/100 tox|[from] Stealth Rock
|switch|p1a: Toxapex|Toxapex, M|100/100 brn
|
|-damage|p2a: Hank|62/100 tox|[from] psn
|-damage|p1a: Toxapex|95/100 brn|[from] brn
|upkeep
|turn|240
|
|t:|1779710532
|switch|p2a: Tornadus|Tornadus-Therian, M|94/100 tox
|-damage|p2a: Tornadus|69/100 tox|[from] Stealth Rock
|switch|p1a: Dondozo|Dondozo, M|87/100
|
|-damage|p2a: Tornadus|63/100 tox|[from] psn
|upkeep
|turn|241
|
|t:|1779710538
|switch|p2a: Hank|Alomomola, M|95/100 tox
|-damage|p2a: Hank|83/100 tox|[from] Stealth Rock
|switch|p1a: Toxapex|Toxapex, M|100/100 brn
|
|-damage|p2a: Hank|76/100 tox|[from] psn
|-damage|p1a: Toxapex|95/100 brn|[from] brn
|upkeep
|turn|242
|inactive|dsekop has 120 seconds left.
|
|t:|1779710544
|switch|p2a: Tornadus|Tornadus-Therian, M|96/100 tox
|-damage|p2a: Tornadus|71/100 tox|[from] Stealth Rock
|switch|p1a: Dondozo|Dondozo, M|87/100
|
|-damage|p2a: Tornadus|65/100 tox|[from] psn
|upkeep
|turn|243
|inactive|dsekop has 120 seconds left.
|
|t:|1779710551
|switch|p2a: Hank|Alomomola, M|100/100 tox
|-damage|p2a: Hank|88/100 tox|[from] Stealth Rock
|switch|p1a: Toxapex|Toxapex, M|100/100 brn
|
|-damage|p2a: Hank|82/100 tox|[from] psn
|-damage|p1a: Toxapex|95/100 brn|[from] brn
|upkeep
|turn|244
|
|t:|1779710557
|switch|p2a: Tornadus|Tornadus-Therian, M|98/100 tox
|-damage|p2a: Tornadus|73/100 tox|[from] Stealth Rock
|switch|p1a: Clefable|Clefable, F|82/100
|
|-damage|p2a: Tornadus|67/100 tox|[from] psn
|upkeep
|turn|245
|
|t:|1779710563
|switch|p2a: Hank|Alomomola, M|100/100 tox
|-damage|p2a: Hank|88/100 tox|[from] Stealth Rock
|switch|p1a: Toxapex|Toxapex, M|100/100 brn
|
|-damage|p2a: Hank|82/100 tox|[from] psn
|-damage|p1a: Toxapex|95/100 brn|[from] brn
|upkeep
|turn|246
|
|t:|1779710567
|switch|p2a: Tornadus|Tornadus-Therian, M|99/100 tox
|-damage|p2a: Tornadus|75/100 tox|[from] Stealth Rock
|switch|p1a: Dondozo|Dondozo, M|87/100
|
|-damage|p2a: Tornadus|69/100 tox|[from] psn
|upkeep
|turn|247
|
|t:|1779710571
|switch|p2a: Hank|Alomomola, M|100/100 tox
|-damage|p2a: Hank|88/100 tox|[from] Stealth Rock
|switch|p1a: Toxapex|Toxapex, M|100/100 brn
|
|-damage|p2a: Hank|82/100 tox|[from] psn
|-damage|p1a: Toxapex|95/100 brn|[from] brn
|upkeep
|turn|248
|
|t:|1779710573
|switch|p2a: Tornadus|Tornadus-Therian, M|100/100 tox
|-damage|p2a: Tornadus|76/100 tox|[from] Stealth Rock
|switch|p1a: Dondozo|Dondozo, M|87/100
|
|-damage|p2a: Tornadus|70/100 tox|[from] psn
|upkeep
|turn|249
|
|t:|1779710575
|switch|p2a: Hank|Alomomola, M|100/100 tox
|-damage|p2a: Hank|88/100 tox|[from] Stealth Rock
|switch|p1a: Toxapex|Toxapex, M|100/100 brn
|
|-damage|p2a: Hank|82/100 tox|[from] psn
|-damage|p1a: Toxapex|95/100 brn|[from] brn
|upkeep
|turn|250
|
|t:|1779710577
|switch|p2a: Tornadus|Tornadus-Therian, M|100/100 tox
|-damage|p2a: Tornadus|76/100 tox|[from] Stealth Rock
|switch|p1a: Dondozo|Dondozo, M|87/100
|
|-damage|p2a: Tornadus|70/100 tox|[from] psn
|upkeep
|turn|251
|
|t:|1779710581
|switch|p2a: Hank|Alomomola, M|100/100 tox
|-damage|p2a: Hank|88/100 tox|[from] Stealth Rock
|switch|p1a: Toxapex|Toxapex, M|100/100 brn
|
|-damage|p2a: Hank|82/100 tox|[from] psn
|-damage|p1a: Toxapex|95/100 brn|[from] brn
|upkeep
|turn|252
|
|t:|1779710585
|switch|p2a: Tornadus|Tornadus-Therian, M|100/100 tox
|-damage|p2a: Tornadus|76/100 tox|[from] Stealth Rock
|switch|p1a: Dondozo|Dondozo, M|87/100
|
|-damage|p2a: Tornadus|70/100 tox|[from] psn
|upkeep
|turn|253
|
|t:|1779710587
|switch|p2a: Hank|Alomomola, M|100/100 tox
|-damage|p2a: Hank|88/100 tox|[from] Stealth Rock
|switch|p1a: Toxapex|Toxapex, M|100/100 brn
|
|-damage|p2a: Hank|82/100 tox|[from] psn
|-damage|p1a: Toxapex|95/100 brn|[from] brn
|upkeep
|turn|254
|
|t:|1779710589
|switch|p2a: Tornadus|Tornadus-Therian, M|100/100 tox
|-damage|p2a: Tornadus|76/100 tox|[from] Stealth Rock
|switch|p1a: Dondozo|Dondozo, M|87/100
|
|-damage|p2a: Tornadus|70/100 tox|[from] psn
|upkeep
|turn|255
|
|t:|1779710592
|switch|p2a: Hank|Alomomola, M|100/100 tox
|-damage|p2a: Hank|88/100 tox|[from] Stealth Rock
|switch|p1a: Komala|Komala, M|100/100
|-ability|p1a: Komala|Comatose
|
|-damage|p2a: Hank|82/100 tox|[from] psn
|upkeep
|turn|256
|
|t:|1779710595
|switch|p2a: Tornadus|Tornadus-Therian, M|100/100 tox
|-damage|p2a: Tornadus|76/100 tox|[from] Stealth Rock
|move|p1a: Komala|Rapid Spin|p2a: Tornadus
|-damage|p2a: Tornadus|53/100 tox
|-boost|p1a: Komala|spe|1
|
|-damage|p2a: Tornadus|47/100 tox|[from] psn
|upkeep
|turn|257
|
|t:|1779710600
|switch|p2a: Hank|Alomomola, M|100/100 tox
|-damage|p2a: Hank|88/100 tox|[from] Stealth Rock
|move|p1a: Komala|Rapid Spin|p2a: Hank
|-damage|p2a: Hank|78/100 tox
|-boost|p1a: Komala|spe|1
|
|-damage|p2a: Hank|72/100 tox|[from] psn
|upkeep
|turn|258
|
|t:|1779710607
|switch|p2a: Pecharunt|Pecharunt|44/100
|-damage|p2a: Pecharunt|31/100|[from] Stealth Rock
|move|p1a: Komala|Rapid Spin|p2a: Pecharunt
|-immune|p2a: Pecharunt
|
|upkeep
|turn|259
|
|t:|1779710611
|switch|p1a: Toxapex|Toxapex, M|100/100 brn
|move|p2a: Pecharunt|Recover|p2a: Pecharunt
|-heal|p2a: Pecharunt|81/100
|
|-damage|p1a: Toxapex|95/100 brn|[from] brn
|upkeep
|turn|260
|
|t:|1779710616
|switch|p1a: Dondozo|Dondozo, M|87/100
|move|p2a: Pecharunt|Shadow Ball|p1a: Dondozo
|-damage|p1a: Dondozo|63/100
|
|upkeep
|turn|261
|
|t:|1779710624
|switch|p1a: Komala|Komala, M|100/100
|-ability|p1a: Komala|Comatose
|move|p2a: Pecharunt|Toxic|p1a: Komala
|-immune|p1a: Komala|[from] ability: Comatose
|
|upkeep
|turn|262
|
|t:|1779710626
|switch|p1a: Dondozo|Dondozo, M|63/100
|move|p2a: Pecharunt|Parting Shot|p1a: Dondozo
|-unboost|p1a: Dondozo|atk|1
|-unboost|p1a: Dondozo|spa|1
|
|t:|1779710628
|switch|p2a: Hank|Alomomola, M|100/100 tox|[from] Parting Shot
|-damage|p2a: Hank|88/100 tox|[from] Stealth Rock
|
|-damage|p2a: Hank|82/100 tox|[from] psn
|upkeep
|turn|263
|
|t:|1779710640
|switch|p2a: Tornadus|Tornadus-Therian, M|80/100 tox
|-damage|p2a: Tornadus|55/100 tox|[from] Stealth Rock
|switch|p1a: Toxapex|Toxapex, M|100/100 brn
|
|-damage|p2a: Tornadus|49/100 tox|[from] psn
|-damage|p1a: Toxapex|95/100 brn|[from] brn
|upkeep
|turn|264
|
|t:|1779710645
|switch|p2a: Hank|Alomomola, M|100/100 tox
|-damage|p2a: Hank|88/100 tox|[from] Stealth Rock
|switch|p1a: Dondozo|Dondozo, M|63/100
|
|-damage|p2a: Hank|82/100 tox|[from] psn
|upkeep
|turn|265
|
|t:|1779710651
|switch|p2a: Tornadus|Tornadus-Therian, M|83/100 tox
|-damage|p2a: Tornadus|58/100 tox|[from] Stealth Rock
|switch|p1a: Komala|Komala, M|100/100
|-ability|p1a: Komala|Comatose
|
|-damage|p2a: Tornadus|52/100 tox|[from] psn
|upkeep
|turn|266
|
|t:|1779710665
|switch|p2a: Hank|Alomomola, M|100/100 tox
|-damage|p2a: Hank|88/100 tox|[from] Stealth Rock
|move|p1a: Komala|Rapid Spin|p2a: Hank
|-damage|p2a: Hank|78/100 tox
|-boost|p1a: Komala|spe|1
|
|-damage|p2a: Hank|72/100 tox|[from] psn
|upkeep
|turn|267
|inactive|kooopooolooo has 90 seconds left.
|
|t:|1779710691
|switch|p1a: Dondozo|Dondozo, M|63/100
|switch|p2a: Pecharunt|Pecharunt|81/100
|-damage|p2a: Pecharunt|69/100|[from] Stealth Rock
|
|upkeep
|turn|268
|
|t:|1779710697
|switch|p2a: Tornadus|Tornadus-Therian, M|85/100 tox
|-damage|p2a: Tornadus|60/100 tox|[from] Stealth Rock
|switch|p1a: Toxapex|Toxapex, M|100/100 brn
|
|-damage|p2a: Tornadus|54/100 tox|[from] psn
|-damage|p1a: Toxapex|95/100 brn|[from] brn
|upkeep
|turn|269
|
|t:|1779710702
|switch|p2a: Hank|Alomomola, M|100/100 tox
|-damage|p2a: Hank|88/100 tox|[from] Stealth Rock
|switch|p1a: Dondozo|Dondozo, M|63/100
|
|-damage|p2a: Hank|82/100 tox|[from] psn
|upkeep
|turn|270
|inactive|kooopooolooo has 90 seconds left.
|
|t:|1779710710
|switch|p2a: Tornadus|Tornadus-Therian, M|87/100 tox
|-damage|p2a: Tornadus|62/100 tox|[from] Stealth Rock
|move|p1a: Dondozo|Curse|p1a: Dondozo
|-unboost|p1a: Dondozo|spe|1
|-boost|p1a: Dondozo|atk|1
|-boost|p1a: Dondozo|def|1
|
|-damage|p2a: Tornadus|56/100 tox|[from] psn
|upkeep
|turn|271
|
|t:|1779710717
|switch|p2a: Hank|Alomomola, M|100/100 tox
|-damage|p2a: Hank|88/100 tox|[from] Stealth Rock
|switch|p1a: Toxapex|Toxapex, M|100/100 brn
|
|-damage|p2a: Hank|82/100 tox|[from] psn
|-damage|p1a: Toxapex|95/100 brn|[from] brn
|upkeep
|turn|272
|
|t:|1779710723
|switch|p2a: Tornadus|Tornadus-Therian, M|89/100 tox
|-damage|p2a: Tornadus|64/100 tox|[from] Stealth Rock
|switch|p1a: Dondozo|Dondozo, M|63/100
|
|-damage|p2a: Tornadus|58/100 tox|[from] psn
|upkeep
|turn|273
|
|t:|1779710729
|switch|p2a: Hank|Alomomola, M|100/100 tox
|-damage|p2a: Hank|88/100 tox|[from] Stealth Rock
|move|p1a: Dondozo|Body Press|p2a: Hank
|-damage|p2a: Hank|74/100 tox
|
|-damage|p2a: Hank|68/100 tox|[from] psn
|upkeep
|turn|274
|
|t:|1779710732
|switch|p2a: Tornadus|Tornadus-Therian, M|91/100 tox
|-damage|p2a: Tornadus|67/100 tox|[from] Stealth Rock
|switch|p1a: Toxapex|Toxapex, M|100/100 brn
|
|-damage|p2a: Tornadus|60/100 tox|[from] psn
|-damage|p1a: Toxapex|95/100 brn|[from] brn
|upkeep
|turn|275
|
|t:|1779710737
|switch|p2a: Hank|Alomomola, M|100/100 tox
|-damage|p2a: Hank|88/100 tox|[from] Stealth Rock
|switch|p1a: Komala|Komala, M|100/100
|-ability|p1a: Komala|Comatose
|
|-damage|p2a: Hank|82/100 tox|[from] psn
|upkeep
|turn|276
|
|t:|1779710743
|switch|p2a: Tornadus|Tornadus-Therian, M|94/100 tox
|-damage|p2a: Tornadus|69/100 tox|[from] Stealth Rock
|move|p1a: Komala|Rapid Spin|p2a: Tornadus
|-damage|p2a: Tornadus|47/100 tox
|-boost|p1a: Komala|spe|1
|
|-damage|p2a: Tornadus|41/100 tox|[from] psn
|upkeep
|turn|277
|
|t:|1779710746
|switch|p2a: Hank|Alomomola, M|100/100 tox
|-damage|p2a: Hank|88/100 tox|[from] Stealth Rock
|move|p1a: Komala|Knock Off|p2a: Hank
|-damage|p2a: Hank|79/100 tox
|
|-damage|p2a: Hank|72/100 tox|[from] psn
|upkeep
|turn|278
|
|t:|1779710755
|move|p1a: Komala|Rapid Spin|p2a: Hank
|-damage|p2a: Hank|62/100 tox
|-boost|p1a: Komala|spe|1
|move|p2a: Hank|Wish|p2a: Hank
|
|-damage|p2a: Hank|49/100 tox|[from] psn
|upkeep
|turn|279
|
|t:|1779710762
|switch|p1a: Dondozo|Dondozo, M|63/100
|switch|p2a: Tornadus|Tornadus-Therian, M|74/100 tox
|-damage|p2a: Tornadus|49/100 tox|[from] Stealth Rock
|
|-heal|p2a: Tornadus|100/100 tox|[from] move: Wish|[wisher] Hank
|-damage|p2a: Tornadus|94/100 tox|[from] psn
|upkeep
|turn|280
|
|t:|1779710768
|switch|p2a: Hank|Alomomola, M|83/100 tox
|-damage|p2a: Hank|70/100 tox|[from] Stealth Rock
|switch|p1a: Toxapex|Toxapex, M|100/100 brn
|
|-damage|p2a: Hank|64/100 tox|[from] psn
|-damage|p1a: Toxapex|95/100 brn|[from] brn
|upkeep
|turn|281
|
|t:|1779710773
|switch|p2a: Tornadus|Tornadus-Therian, M|100/100 tox
|-damage|p2a: Tornadus|76/100 tox|[from] Stealth Rock
|switch|p1a: Clefable|Clefable, F|82/100
|
|-damage|p2a: Tornadus|70/100 tox|[from] psn
|upkeep
|turn|282
|
|t:|1779710777
|switch|p2a: Hank|Alomomola, M|98/100 tox
|-damage|p2a: Hank|85/100 tox|[from] Stealth Rock
|switch|p1a: Toxapex|Toxapex, M|100/100 brn
|
|-damage|p2a: Hank|79/100 tox|[from] psn
|-damage|p1a: Toxapex|95/100 brn|[from] brn
|upkeep
|turn|283
|
|t:|1779710792
|switch|p2a: Tornadus|Tornadus-Therian, M|100/100 tox
|-damage|p2a: Tornadus|76/100 tox|[from] Stealth Rock
|switch|p1a: Komala|Komala, M|100/100
|-ability|p1a: Komala|Comatose
|
|-damage|p2a: Tornadus|70/100 tox|[from] psn
|upkeep
|turn|284
|
|t:|1779710798
|switch|p2a: Hank|Alomomola, M|100/100 tox
|-damage|p2a: Hank|88/100 tox|[from] Stealth Rock
|switch|p1a: Toxapex|Toxapex, M|100/100 brn
|
|-damage|p2a: Hank|82/100 tox|[from] psn
|-damage|p1a: Toxapex|95/100 brn|[from] brn
|upkeep
|turn|285
|
|t:|1779710804
|switch|p2a: Tornadus|Tornadus-Therian, M|100/100 tox
|-damage|p2a: Tornadus|76/100 tox|[from] Stealth Rock
|switch|p1a: Komala|Komala, M|100/100
|-ability|p1a: Komala|Comatose
|
|-damage|p2a: Tornadus|70/100 tox|[from] psn
|upkeep
|turn|286
|
|t:|1779710810
|switch|p2a: Hank|Alomomola, M|100/100 tox
|-damage|p2a: Hank|88/100 tox|[from] Stealth Rock
|switch|p1a: Toxapex|Toxapex, M|100/100 brn
|
|-damage|p2a: Hank|82/100 tox|[from] psn
|-damage|p1a: Toxapex|95/100 brn|[from] brn
|upkeep
|turn|287
|
|t:|1779710815
|switch|p2a: Tornadus|Tornadus-Therian, M|100/100 tox
|-damage|p2a: Tornadus|76/100 tox|[from] Stealth Rock
|switch|p1a: Komala|Komala, M|100/100
|-ability|p1a: Komala|Comatose
|
|-damage|p2a: Tornadus|70/100 tox|[from] psn
|upkeep
|turn|288
|
|t:|1779710821
|switch|p2a: Hank|Alomomola, M|100/100 tox
|-damage|p2a: Hank|88/100 tox|[from] Stealth Rock
|switch|p1a: Toxapex|Toxapex, M|100/100 brn
|
|-damage|p2a: Hank|82/100 tox|[from] psn
|-damage|p1a: Toxapex|95/100 brn|[from] brn
|upkeep
|turn|289
|
|t:|1779710827
|switch|p2a: Tornadus|Tornadus-Therian, M|100/100 tox
|-damage|p2a: Tornadus|76/100 tox|[from] Stealth Rock
|switch|p1a: Komala|Komala, M|100/100
|-ability|p1a: Komala|Comatose
|
|-damage|p2a: Tornadus|70/100 tox|[from] psn
|upkeep
|turn|290
|
|t:|1779710831
|switch|p2a: Hank|Alomomola, M|100/100 tox
|-damage|p2a: Hank|88/100 tox|[from] Stealth Rock
|switch|p1a: Toxapex|Toxapex, M|100/100 brn
|
|-damage|p2a: Hank|82/100 tox|[from] psn
|-damage|p1a: Toxapex|95/100 brn|[from] brn
|upkeep
|turn|291
|
|t:|1779710835
|switch|p2a: Tornadus|Tornadus-Therian, M|100/100 tox
|-damage|p2a: Tornadus|76/100 tox|[from] Stealth Rock
|switch|p1a: Komala|Komala, M|100/100
|-ability|p1a: Komala|Comatose
|
|-damage|p2a: Tornadus|70/100 tox|[from] psn
|upkeep
|turn|292
|
|t:|1779710844
|switch|p2a: Hank|Alomomola, M|100/100 tox
|-damage|p2a: Hank|88/100 tox|[from] Stealth Rock
|switch|p1a: Toxapex|Toxapex, M|100/100 brn
|
|-damage|p2a: Hank|82/100 tox|[from] psn
|-damage|p1a: Toxapex|95/100 brn|[from] brn
|upkeep
|turn|293
|
|t:|1779710850
|switch|p2a: Tornadus|Tornadus-Therian, M|100/100 tox
|-damage|p2a: Tornadus|76/100 tox|[from] Stealth Rock
|switch|p1a: Komala|Komala, M|100/100
|-ability|p1a: Komala|Comatose
|
|-damage|p2a: Tornadus|70/100 tox|[from] psn
|upkeep
|turn|294
|l| Supa Dupa Hoopa
|
|t:|1779710856
|switch|p2a: Hank|Alomomola, M|100/100 tox
|-damage|p2a: Hank|88/100 tox|[from] Stealth Rock
|switch|p1a: Toxapex|Toxapex, M|100/100 brn
|
|-damage|p2a: Hank|82/100 tox|[from] psn
|-damage|p1a: Toxapex|95/100 brn|[from] brn
|upkeep
|turn|295
|inactive|kooopooolooo has 90 seconds left.
|
|t:|1779710864
|switch|p2a: Tornadus|Tornadus-Therian, M|100/100 tox
|-damage|p2a: Tornadus|76/100 tox|[from] Stealth Rock
|switch|p1a: Komala|Komala, M|100/100
|-ability|p1a: Komala|Comatose
|
|-damage|p2a: Tornadus|70/100 tox|[from] psn
|upkeep
|turn|296
|j| eternity o2
|
|t:|1779710868
|switch|p2a: Hank|Alomomola, M|100/100 tox
|-damage|p2a: Hank|88/100 tox|[from] Stealth Rock
|switch|p1a: Toxapex|Toxapex, M|100/100 brn
|
|-damage|p2a: Hank|82/100 tox|[from] psn
|-damage|p1a: Toxapex|95/100 brn|[from] brn
|upkeep
|turn|297
|inactive|kooopooolooo has 90 seconds left.
|
|t:|1779710873
|switch|p2a: Tornadus|Tornadus-Therian, M|100/100 tox
|-damage|p2a: Tornadus|76/100 tox|[from] Stealth Rock
|switch|p1a: Komala|Komala, M|100/100
|-ability|p1a: Komala|Comatose
|
|-damage|p2a: Tornadus|70/100 tox|[from] psn
|upkeep
|turn|298
|inactive|kooopooolooo has 90 seconds left.
|
|t:|1779710879
|switch|p2a: Hank|Alomomola, M|100/100 tox
|-damage|p2a: Hank|88/100 tox|[from] Stealth Rock
|switch|p1a: Toxapex|Toxapex, M|100/100 brn
|
|-damage|p2a: Hank|82/100 tox|[from] psn
|-damage|p1a: Toxapex|95/100 brn|[from] brn
|upkeep
|turn|299
|
|t:|1779710882
|switch|p2a: Tornadus|Tornadus-Therian, M|100/100 tox
|-damage|p2a: Tornadus|76/100 tox|[from] Stealth Rock
|switch|p1a: Komala|Komala, M|100/100
|-ability|p1a: Komala|Comatose
|
|-damage|p2a: Tornadus|70/100 tox|[from] psn
|upkeep
|turn|300
|
|t:|1779710886
|switch|p2a: Hank|Alomomola, M|100/100 tox
|-damage|p2a: Hank|88/100 tox|[from] Stealth Rock
|switch|p1a: Toxapex|Toxapex, M|100/100 brn
|
|-damage|p2a: Hank|82/100 tox|[from] psn
|-damage|p1a: Toxapex|95/100 brn|[from] brn
|upkeep
|turn|301
|
|t:|1779710889
|switch|p2a: Tornadus|Tornadus-Therian, M|100/100 tox
|-damage|p2a: Tornadus|76/100 tox|[from] Stealth Rock
|switch|p1a: Komala|Komala, M|100/100
|-ability|p1a: Komala|Comatose
|
|-damage|p2a: Tornadus|70/100 tox|[from] psn
|upkeep
|turn|302
|
|t:|1779710892
|switch|p2a: Hank|Alomomola, M|100/100 tox
|-damage|p2a: Hank|88/100 tox|[from] Stealth Rock
|switch|p1a: Toxapex|Toxapex, M|100/100 brn
|
|-damage|p2a: Hank|82/100 tox|[from] psn
|-damage|p1a: Toxapex|95/100 brn|[from] brn
|upkeep
|turn|303
|
|t:|1779710903
|switch|p2a: Tornadus|Tornadus-Therian, M|100/100 tox
|-damage|p2a: Tornadus|76/100 tox|[from] Stealth Rock
|switch|p1a: Komala|Komala, M|100/100
|-ability|p1a: Komala|Comatose
|
|-damage|p2a: Tornadus|70/100 tox|[from] psn
|upkeep
|turn|304
|
|t:|1779710907
|switch|p2a: Hank|Alomomola, M|100/100 tox
|-damage|p2a: Hank|88/100 tox|[from] Stealth Rock
|switch|p1a: Toxapex|Toxapex, M|100/100 brn
|
|-damage|p2a: Hank|82/100 tox|[from] psn
|-damage|p1a: Toxapex|95/100 brn|[from] brn
|upkeep
|turn|305
|
|t:|1779710926
|switch|p2a: Tornadus|Tornadus-Therian, M|100/100 tox
|-damage|p2a: Tornadus|76/100 tox|[from] Stealth Rock
|switch|p1a: Komala|Komala, M|100/100
|-ability|p1a: Komala|Comatose
|
|-damage|p2a: Tornadus|70/100 tox|[from] psn
|upkeep
|turn|306
|
|t:|1779710932
|switch|p2a: Hank|Alomomola, M|100/100 tox
|-damage|p2a: Hank|88/100 tox|[from] Stealth Rock
|switch|p1a: Clefable|Clefable, F|82/100
|
|-damage|p2a: Hank|82/100 tox|[from] psn
|upkeep
|turn|307
|
|t:|1779710935
|switch|p1a: Toxapex|Toxapex, M|100/100 brn
|switch|p2a: Tornadus|Tornadus-Therian, M|100/100 tox
|-damage|p2a: Tornadus|76/100 tox|[from] Stealth Rock
|
|-damage|p2a: Tornadus|70/100 tox|[from] psn
|-damage|p1a: Toxapex|95/100 brn|[from] brn
|upkeep
|turn|308
|
|t:|1779710941
|switch|p2a: Hank|Alomomola, M|100/100 tox
|-damage|p2a: Hank|88/100 tox|[from] Stealth Rock
|switch|p1a: Dondozo|Dondozo, M|63/100
|
|-damage|p2a: Hank|82/100 tox|[from] psn
|upkeep
|turn|309
|
|t:|1779710946
|switch|p2a: Tornadus|Tornadus-Therian, M|100/100 tox
|-damage|p2a: Tornadus|76/100 tox|[from] Stealth Rock
|switch|p1a: Toxapex|Toxapex, M|100/100 brn
|
|-damage|p2a: Tornadus|70/100 tox|[from] psn
|-damage|p1a: Toxapex|95/100 brn|[from] brn
|upkeep
|turn|310
|
|t:|1779710950
|switch|p2a: Hank|Alomomola, M|100/100 tox
|-damage|p2a: Hank|88/100 tox|[from] Stealth Rock
|switch|p1a: Dondozo|Dondozo, M|63/100
|
|-damage|p2a: Hank|82/100 tox|[from] psn
|upkeep
|turn|311
|
|t:|1779710954
|switch|p2a: Tornadus|Tornadus-Therian, M|100/100 tox
|-damage|p2a: Tornadus|76/100 tox|[from] Stealth Rock
|switch|p1a: Toxapex|Toxapex, M|100/100 brn
|
|-damage|p2a: Tornadus|70/100 tox|[from] psn
|-damage|p1a: Toxapex|95/100 brn|[from] brn
|upkeep
|turn|312
|
|t:|1779710961
|switch|p2a: Hank|Alomomola, M|100/100 tox
|-damage|p2a: Hank|88/100 tox|[from] Stealth Rock
|switch|p1a: Dondozo|Dondozo, M|63/100
|
|-damage|p2a: Hank|82/100 tox|[from] psn
|upkeep
|turn|313
|
|t:|1779710968
|switch|p2a: Tornadus|Tornadus-Therian, M|100/100 tox
|-damage|p2a: Tornadus|76/100 tox|[from] Stealth Rock
|switch|p1a: Clefable|Clefable, F|82/100
|
|-damage|p2a: Tornadus|70/100 tox|[from] psn
|upkeep
|turn|314
|
|t:|1779710973
|switch|p2a: Hank|Alomomola, M|100/100 tox
|-damage|p2a: Hank|88/100 tox|[from] Stealth Rock
|switch|p1a: Komala|Komala, M|100/100
|-ability|p1a: Komala|Comatose
|
|-damage|p2a: Hank|82/100 tox|[from] psn
|upkeep
|turn|315
|
|t:|1779710983
|switch|p1a: Toxapex|Toxapex, M|100/100 brn
|switch|p2a: Tornadus|Tornadus-Therian, M|100/100 tox
|-damage|p2a: Tornadus|76/100 tox|[from] Stealth Rock
|
|-damage|p2a: Tornadus|70/100 tox|[from] psn
|-damage|p1a: Toxapex|95/100 brn|[from] brn
|upkeep
|turn|316
|
|t:|1779710989
|switch|p2a: Hank|Alomomola, M|100/100 tox
|-damage|p2a: Hank|88/100 tox|[from] Stealth Rock
|switch|p1a: Komala|Komala, M|100/100
|-ability|p1a: Komala|Comatose
|
|-damage|p2a: Hank|82/100 tox|[from] psn
|upkeep
|turn|317
|
|t:|1779710998
|switch|p1a: Clefable|Clefable, F|82/100
|switch|p2a: Tornadus|Tornadus-Therian, M|100/100 tox
|-damage|p2a: Tornadus|76/100 tox|[from] Stealth Rock
|
|-damage|p2a: Tornadus|70/100 tox|[from] psn
|upkeep
|turn|318
|
|t:|1779711001
|switch|p2a: Hank|Alomomola, M|100/100 tox
|-damage|p2a: Hank|88/100 tox|[from] Stealth Rock
|switch|p1a: Komala|Komala, M|100/100
|-ability|p1a: Komala|Comatose
|
|-damage|p2a: Hank|82/100 tox|[from] psn
|upkeep
|turn|319
|
|t:|1779711004
|switch|p1a: Clefable|Clefable, F|82/100
|switch|p2a: Tornadus|Tornadus-Therian, M|100/100 tox
|-damage|p2a: Tornadus|76/100 tox|[from] Stealth Rock
|
|-damage|p2a: Tornadus|70/100 tox|[from] psn
|upkeep
|turn|320
|
|t:|1779711009
|switch|p2a: Hank|Alomomola, M|100/100 tox
|-damage|p2a: Hank|88/100 tox|[from] Stealth Rock
|switch|p1a: Komala|Komala, M|100/100
|-ability|p1a: Komala|Comatose
|
|-damage|p2a: Hank|82/100 tox|[from] psn
|upkeep
|turn|321
|
|t:|1779711013
|switch|p1a: Clefable|Clefable, F|82/100
|switch|p2a: Tornadus|Tornadus-Therian, M|100/100 tox
|-damage|p2a: Tornadus|76/100 tox|[from] Stealth Rock
|
|-damage|p2a: Tornadus|70/100 tox|[from] psn
|upkeep
|turn|322
|
|t:|1779711018
|switch|p2a: Hank|Alomomola, M|100/100 tox
|-damage|p2a: Hank|88/100 tox|[from] Stealth Rock
|switch|p1a: Komala|Komala, M|100/100
|-ability|p1a: Komala|Comatose
|
|-damage|p2a: Hank|82/100 tox|[from] psn
|upkeep
|turn|323
|
|t:|1779711024
|switch|p1a: Toxapex|Toxapex, M|100/100 brn
|switch|p2a: Tornadus|Tornadus-Therian, M|100/100 tox
|-damage|p2a: Tornadus|76/100 tox|[from] Stealth Rock
|
|-damage|p2a: Tornadus|70/100 tox|[from] psn
|-damage|p1a: Toxapex|95/100 brn|[from] brn
|upkeep
|turn|324
|
|t:|1779711031
|switch|p2a: Hank|Alomomola, M|100/100 tox
|-damage|p2a: Hank|88/100 tox|[from] Stealth Rock
|switch|p1a: Clefable|Clefable, F|82/100
|
|-damage|p2a: Hank|82/100 tox|[from] psn
|upkeep
|turn|325
|inactive|kooopooolooo has 120 seconds left.
|
|t:|1779711042
|switch|p1a: Toxapex|Toxapex, M|100/100 brn
|switch|p2a: Tornadus|Tornadus-Therian, M|100/100 tox
|-damage|p2a: Tornadus|76/100 tox|[from] Stealth Rock
|
|-damage|p2a: Tornadus|70/100 tox|[from] psn
|-damage|p1a: Toxapex|95/100 brn|[from] brn
|upkeep
|turn|326
|inactive|kooopooolooo has 120 seconds left.
|
|t:|1779711049
|switch|p2a: Hank|Alomomola, M|100/100 tox
|-damage|p2a: Hank|88/100 tox|[from] Stealth Rock
|switch|p1a: Komala|Komala, M|100/100
|-ability|p1a: Komala|Comatose
|
|-damage|p2a: Hank|82/100 tox|[from] psn
|upkeep
|turn|327
|
|t:|1779711054
|switch|p1a: Dondozo|Dondozo, M|63/100
|switch|p2a: Tornadus|Tornadus-Therian, M|100/100 tox
|-damage|p2a: Tornadus|76/100 tox|[from] Stealth Rock
|
|-damage|p2a: Tornadus|70/100 tox|[from] psn
|upkeep
|turn|328
|
|t:|1779711058
|switch|p2a: Hank|Alomomola, M|100/100 tox
|-damage|p2a: Hank|88/100 tox|[from] Stealth Rock
|switch|p1a: Toxapex|Toxapex, M|100/100 brn
|
|-damage|p2a: Hank|82/100 tox|[from] psn
|-damage|p1a: Toxapex|95/100 brn|[from] brn
|upkeep
|turn|329
|
|t:|1779711066
|switch|p2a: Tornadus|Tornadus-Therian, M|100/100 tox
|-damage|p2a: Tornadus|76/100 tox|[from] Stealth Rock
|switch|p1a: Dondozo|Dondozo, M|63/100
|
|-damage|p2a: Tornadus|70/100 tox|[from] psn
|upkeep
|turn|330
|
|t:|1779711081
|switch|p2a: Hank|Alomomola, M|100/100 tox
|-damage|p2a: Hank|88/100 tox|[from] Stealth Rock
|switch|p1a: Toxapex|Toxapex, M|100/100 brn
|
|-damage|p2a: Hank|82/100 tox|[from] psn
|-damage|p1a: Toxapex|95/100 brn|[from] brn
|upkeep
|turn|331
|
|t:|1779711086
|switch|p2a: Tornadus|Tornadus-Therian, M|100/100 tox
|-damage|p2a: Tornadus|76/100 tox|[from] Stealth Rock
|switch|p1a: Dondozo|Dondozo, M|63/100
|
|-damage|p2a: Tornadus|70/100 tox|[from] psn
|upkeep
|turn|332
|
|t:|1779711091
|switch|p2a: Hank|Alomomola, M|100/100 tox
|-damage|p2a: Hank|88/100 tox|[from] Stealth Rock
|switch|p1a: Toxapex|Toxapex, M|100/100 brn
|
|-damage|p2a: Hank|82/100 tox|[from] psn
|-damage|p1a: Toxapex|95/100 brn|[from] brn
|upkeep
|turn|333
|
|t:|1779711098
|switch|p2a: Tornadus|Tornadus-Therian, M|100/100 tox
|-damage|p2a: Tornadus|76/100 tox|[from] Stealth Rock
|switch|p1a: Dondozo|Dondozo, M|63/100
|
|-damage|p2a: Tornadus|70/100 tox|[from] psn
|upkeep
|turn|334
|j| IDciama
|
|t:|1779711103
|switch|p2a: Hank|Alomomola, M|100/100 tox
|-damage|p2a: Hank|88/100 tox|[from] Stealth Rock
|switch|p1a: Toxapex|Toxapex, M|100/100 brn
|
|-damage|p2a: Hank|82/100 tox|[from] psn
|-damage|p1a: Toxapex|95/100 brn|[from] brn
|upkeep
|turn|335
|
|t:|1779711108
|switch|p2a: Tornadus|Tornadus-Therian, M|100/100 tox
|-damage|p2a: Tornadus|76/100 tox|[from] Stealth Rock
|switch|p1a: Dondozo|Dondozo, M|63/100
|
|-damage|p2a: Tornadus|70/100 tox|[from] psn
|upkeep
|turn|336
|l| IDciama
|
|t:|1779711118
|switch|p2a: Hank|Alomomola, M|100/100 tox
|-damage|p2a: Hank|88/100 tox|[from] Stealth Rock
|switch|p1a: Toxapex|Toxapex, M|100/100 brn
|
|-damage|p2a: Hank|82/100 tox|[from] psn
|-damage|p1a: Toxapex|95/100 brn|[from] brn
|upkeep
|turn|337
|inactive|kooopooolooo has 90 seconds left.
|
|t:|1779711125
|switch|p2a: Tornadus|Tornadus-Therian, M|100/100 tox
|-damage|p2a: Tornadus|76/100 tox|[from] Stealth Rock
|switch|p1a: Dondozo|Dondozo, M|63/100
|
|-damage|p2a: Tornadus|70/100 tox|[from] psn
|upkeep
|turn|338
|
|t:|1779711130
|switch|p2a: Hank|Alomomola, M|100/100 tox
|-damage|p2a: Hank|88/100 tox|[from] Stealth Rock
|switch|p1a: Toxapex|Toxapex, M|100/100 brn
|
|-damage|p2a: Hank|82/100 tox|[from] psn
|-damage|p1a: Toxapex|95/100 brn|[from] brn
|upkeep
|turn|339
|inactive|kooopooolooo has 90 seconds left.
|l|☆kooopooolooo
|inactive|kooopooolooo disconnected and has a minute to reconnect!
|player|p2|
|inactive|kooopooolooo has 30 seconds to reconnect!
|inactive|kooopooolooo has 20 seconds to reconnect!
|inactive|kooopooolooo has 15 seconds to reconnect!
|inactive|kooopooolooo has 10 seconds to reconnect!
|inactive|kooopooolooo has 5 seconds to reconnect!
|-message|kooopooolooo lost due to inactivity.
|
|win|dsekop
|raw|dsekop's rating: 1519 &rarr; <strong>1540</strong><br />(+21 for winning)
|raw|kooopooolooo's rating: 1544 &rarr; <strong>1523</strong><br />(-21 for losing)
|l|☆dsekop
|player|p1|
|j|☆kooopooolooo
|player|p2|kooopooolooo|266|
