|j|☆momoLFT
|j|☆Linkinfernodouglas
|t:|1779635227
|gametype|singles
|player|p1|momoLFT|1|1327
|player|p2|Linkinfernodouglas|169|1316
|gen|9
|tier|[Gen 9] OU
|rated|
|rule|HP Percentage Mod: HP is shown in percentages
|rule|Endless Battle Clause: Forcing endless battles is banned
|rule|Species Clause: Limit one of each Pokémon
|rule|OHKO Clause: OHKO moves are banned
|rule|Evasion Items Clause: Evasion items are banned
|rule|Evasion Moves Clause: Evasion moves are banned
|rule|Evasion Abilities Clause: Evasion abilities are banned
|rule|Sleep Moves Clause: Sleep-inducing moves are banned
|clearpoke
|poke|p1|Houndoom, F|
|poke|p1|Darkrai|
|poke|p1|Mandibuzz, F|
|poke|p1|Fezandipiti, M|
|poke|p1|Weezing-Galar, M|
|poke|p1|Toxtricity, M|
|poke|p2|Dragonite, F|
|poke|p2|Cinderace, M|
|poke|p2|Glimmora, M|
|poke|p2|Deoxys-Speed|
|poke|p2|Ceruledge, F|
|poke|p2|Kingambit, M|
|teampreview
|inactive|Battle timer is ON: inactive players will automatically lose when time's up. (requested by momoLFT)
|
|t:|1779635246
|teamsize|p1|6
|teamsize|p2|6
|start
|switch|p1a: Darkrai|Darkrai|100/100
|switch|p2a: Glimmora|Glimmora, M|100/100
|turn|1
|
|t:|1779635256
|move|p1a: Darkrai|Dark Pulse|p2a: Glimmora
|-damage|p2a: Glimmora|31/100
|move|p2a: Glimmora|Toxic|p1a: Darkrai
|-status|p1a: Darkrai|tox
|
|-heal|p2a: Glimmora|38/100|[from] item: Leftovers
|-damage|p1a: Darkrai|94/100 tox|[from] psn
|upkeep
|turn|2
|
|t:|1779635265
|move|p2a: Glimmora|Spiky Shield|p2a: Glimmora
|-singleturn|p2a: Glimmora|move: Protect
|move|p1a: Darkrai|Dark Pulse|p2a: Glimmora
|-activate|p2a: Glimmora|move: Protect
|
|-heal|p2a: Glimmora|44/100|[from] item: Leftovers
|-damage|p1a: Darkrai|82/100 tox|[from] psn
|upkeep
|turn|3
|
|t:|1779635276
|switch|p2a: Kingambit|Kingambit, M|100/100
|-ability|p2a: Kingambit|Pressure
|move|p1a: Darkrai|Dark Pulse|p2a: Kingambit
|-resisted|p2a: Kingambit
|-damage|p2a: Kingambit|70/100
|
|-heal|p2a: Kingambit|76/100|[from] item: Leftovers
|-damage|p1a: Darkrai|64/100 tox|[from] psn
|upkeep
|turn|4
|
|t:|1779635295
|switch|p1a: Mandibuzz|Mandibuzz, F|100/100
|move|p2a: Kingambit|Substitute|p2a: Kingambit
|-start|p2a: Kingambit|Substitute
|-damage|p2a: Kingambit|52/100
|
|-heal|p2a: Kingambit|58/100|[from] item: Leftovers
|upkeep
|turn|5
|
|t:|1779635313
|move|p2a: Kingambit|Protect|p2a: Kingambit
|-singleturn|p2a: Kingambit|Protect
|move|p1a: Mandibuzz|U-turn|p2a: Kingambit
|-activate|p2a: Kingambit|move: Protect
|
|-heal|p2a: Kingambit|64/100|[from] item: Leftovers
|upkeep
|turn|6
|
|t:|1779635325
|move|p2a: Kingambit|Swords Dance|p2a: Kingambit
|-boost|p2a: Kingambit|atk|2
|move|p1a: Mandibuzz|U-turn|p2a: Kingambit
|-activate|p2a: Kingambit|move: Substitute|[damage]
|
|t:|1779635333
|switch|p1a: Houndoom|Houndoom, F|100/100|[from] U-turn
|
|-heal|p2a: Kingambit|70/100|[from] item: Leftovers
|upkeep
|turn|7
|
|t:|1779635339
|move|p2a: Kingambit|Protect|p2a: Kingambit
|-singleturn|p2a: Kingambit|Protect
|move|p1a: Houndoom|Flamethrower|p2a: Kingambit
|-activate|p2a: Kingambit|move: Protect
|
|-heal|p2a: Kingambit|76/100|[from] item: Leftovers
|upkeep
|turn|8
|
|t:|1779635346
|move|p1a: Houndoom|Flamethrower|p2a: Kingambit
|-supereffective|p2a: Kingambit
|-end|p2a: Kingambit|Substitute
|move|p2a: Kingambit|Kowtow Cleave|p1a: Houndoom
|-resisted|p1a: Houndoom
|-damage|p1a: Houndoom|15/100
|
|-heal|p2a: Kingambit|83/100|[from] item: Leftovers
|upkeep
|turn|9
|
|t:|1779635361
|move|p2a: Kingambit|Protect|p2a: Kingambit
|-singleturn|p2a: Kingambit|Protect
|move|p1a: Houndoom|Flamethrower|p2a: Kingambit
|-activate|p2a: Kingambit|move: Protect
|
|-heal|p2a: Kingambit|89/100|[from] item: Leftovers
|upkeep
|turn|10
|
|t:|1779635369
|switch|p2a: Ceruledge|Ceruledge, F|100/100
|move|p1a: Houndoom|Flamethrower|p2a: Ceruledge
|-start|p2a: Ceruledge|ability: Flash Fire
|
|upkeep
|turn|11
|
|t:|1779635388
|switch|p1a: Weezing|Weezing-Galar, M|100/100
|-terastallize|p2a: Ceruledge|Bug
|move|p2a: Ceruledge|Bulk Up|p2a: Ceruledge
|-boost|p2a: Ceruledge|atk|1
|-boost|p2a: Ceruledge|def|1
|
|upkeep
|turn|12
|
|t:|1779635406
|switch|p1a: Houndoom|Houndoom, F|15/100
|move|p2a: Ceruledge|Taunt|p1a: Houndoom
|-start|p1a: Houndoom|move: Taunt
|
|upkeep
|turn|13
|
|t:|1779635414
|move|p1a: Houndoom|Dark Pulse|p2a: Ceruledge
|-damage|p2a: Ceruledge|60/100
|move|p2a: Ceruledge|Bulk Up|p2a: Ceruledge
|-boost|p2a: Ceruledge|atk|1
|-boost|p2a: Ceruledge|def|1
|
|upkeep
|turn|14
|
|t:|1779635423
|move|p2a: Ceruledge|Shadow Sneak|p1a: Houndoom
|-resisted|p1a: Houndoom
|-damage|p1a: Houndoom|0 fnt
|faint|p1a: Houndoom
|
|upkeep
|
|t:|1779635438
|switch|p1a: Toxtricity|Toxtricity, M|100/100
|turn|15
|
|t:|1779635448
|move|p1a: Toxtricity|Boomburst|p2a: Ceruledge
|-damage|p2a: Ceruledge|17/100
|move|p2a: Ceruledge|Bitter Blade|p1a: Toxtricity
|-damage|p1a: Toxtricity|0 fnt
|-heal|p2a: Ceruledge|59/100|[from] drain|[of] p1a: Toxtricity
|faint|p1a: Toxtricity
|
|upkeep
|-message|momoLFT forfeited.
|
|win|Linkinfernodouglas
|raw|momoLFT's rating: 1327 &rarr; <strong>1306</strong><br />(-21 for losing)
|raw|Linkinfernodouglas's rating: 1316 &rarr; <strong>1337</strong><br />(+21 for winning)
|l|☆momoLFT
|player|p1|
|c|☆Linkinfernodouglas|gg
