|j|☆fulls
|j|☆ANGEL ENGINE
|inactive|Battle timer is ON: inactive players will automatically lose when time's up.
|t:|1779599412
|gametype|singles
|player|p1|fulls|sabi|
|player|p2|ANGEL ENGINE|lucas|
|gen|9
|tier|[Gen 9] OU
|rated|Tournament battle
|rule|HP Percentage Mod: HP is shown in percentages
|rule|Endless Battle Clause: Forcing endless battles is banned
|rule|Species Clause: Limit one of each Pokémon
|rule|OHKO Clause: OHKO moves are banned
|rule|Evasion Items Clause: Evasion items are banned
|rule|Evasion Moves Clause: Evasion moves are banned
|rule|Evasion Abilities Clause: Evasion abilities are banned
|rule|Sleep Moves Clause: Sleep-inducing moves are banned
|clearpoke
|poke|p1|Ogerpon, F|
|poke|p1|Zamazenta-*|
|poke|p1|Pecharunt|
|poke|p1|Dragonite, F|
|poke|p1|Deoxys-Speed|
|poke|p1|Iron Treads|
|poke|p2|Kyurem|
|poke|p2|Rillaboom, M|
|poke|p2|Ogerpon, F|
|poke|p2|Landorus-Therian, M|
|poke|p2|Muk-Alola, F|
|poke|p2|Hatterene, F|
|teampreview
|inactive|fulls also wants the timer to be on.
|inactive|ANGEL ENGINE also wants the timer to be on.
|j| HiYawn
|j| OP Earthquakes
|j| hasty mon
|j| sdyuv23
|j| spindle pit
|c|☆ANGEL ENGINE|glhf
|c| HiYawn|fulls
|c|☆fulls|u2
|j| Finkachu
|inactive|fulls has 120 seconds left.
|inactive|ANGEL ENGINE has 120 seconds left.
|j| alxiz⏣⏑⏣
|c| hasty mon|LeD with hatt
|c| alxiz⏣⏑⏣|gl to both sides
|c|☆ANGEL ENGINE|ghosting!
|c| spindle pit|led with a hat?
|c| sdyuv23|Nothing ever happens
|c| HiYawn|can u send me the team fulls
|c|☆fulls|nrn
|c| spindle pit|thats some mystical cloth
|c| HiYawn|ok
|inactive|fulls has 90 seconds left.
|
|t:|1779599490
|teamsize|p1|6
|teamsize|p2|6
|start
|switch|p1a: DID U GO DOWN?|Ogerpon, F|100/100
|switch|p2a: Landorus|Landorus-Therian, M|100/100
|-ability|p2a: Landorus|Intimidate|boost
|-unboost|p1a: DID U GO DOWN?|atk|1
|-ability|p1a: DID U GO DOWN?|Defiant|boost
|-boost|p1a: DID U GO DOWN?|atk|2
|turn|1
|l| hasty mon
|c|☆ANGEL ENGINE|oh shit
|c| HiYawn|lol
|
|t:|1779599505
|move|p1a: DID U GO DOWN?|Ivy Cudgel|p2a: Landorus
|-damage|p2a: Landorus|0 fnt
|faint|p2a: Landorus
|
|upkeep
|
|t:|1779599509
|switch|p2a: Muk|Muk-Alola, F|100/100
|turn|2
|c| alxiz⏣⏑⏣|its over
|c| sdyuv23|Degloved
|c|☆ANGEL ENGINE|i lost my uh
|
|t:|1779599539
|move|p1a: DID U GO DOWN?|Ivy Cudgel|p2a: Muk
|-resisted|p2a: Muk
|-damage|p2a: Muk|44/100
|move|p2a: Muk|Poison Jab|p1a: DID U GO DOWN?
|-supereffective|p1a: DID U GO DOWN?
|-damage|p1a: DID U GO DOWN?|21/100
|
|upkeep
|turn|3
|c|☆ANGEL ENGINE|zam counter
|
|t:|1779599548
|move|p1a: DID U GO DOWN?|Ivy Cudgel|p2a: Muk
|-resisted|p2a: Muk
|-damage|p2a: Muk|0 fnt
|faint|p2a: Muk
|
|upkeep
|
|t:|1779599551
|switch|p2a: Rillaboom|Rillaboom, M|100/100
|-fieldstart|move: Grassy Terrain|[from] ability: Grassy Surge|[of] p2a: Rillaboom
|turn|4
|
|t:|1779599553
|switch|p1a: MILK & HONEY|Pecharunt|100/100
|move|p2a: Rillaboom|Grassy Glide|p1a: MILK & HONEY
|-resisted|p1a: MILK & HONEY
|-damage|p1a: MILK & HONEY|89/100
|-damage|p2a: Rillaboom|84/100|[from] item: Rocky Helmet|[of] p1a: MILK & HONEY
|
|-heal|p1a: MILK & HONEY|95/100|[from] Grassy Terrain
|-heal|p2a: Rillaboom|90/100|[from] Grassy Terrain
|upkeep
|turn|5
|j|%Tb0lt
|j| Animeshpokemon21
|
|t:|1779599580
|move|p1a: MILK & HONEY|Shadow Ball|p2a: Rillaboom
|-damage|p2a: Rillaboom|62/100
|move|p2a: Rillaboom|U-turn|p1a: MILK & HONEY
|-resisted|p1a: MILK & HONEY
|-damage|p1a: MILK & HONEY|91/100
|-damage|p2a: Rillaboom|46/100|[from] item: Rocky Helmet|[of] p1a: MILK & HONEY
|
|t:|1779599583
|switch|p2a: Kyurem|Kyurem|100/100|[from] U-turn
|-ability|p2a: Kyurem|Pressure
|
|-heal|p1a: MILK & HONEY|97/100|[from] Grassy Terrain
|upkeep
|turn|6
|l|%Tb0lt
|j| Olloyed_Alt
|j| TrentMercer
|
|t:|1779599603
|switch|p1a: BUTDIDYOULOVEME?|Iron Treads|100/100
|-enditem|p1a: BUTDIDYOULOVEME?|Booster Energy
|-activate|p1a: BUTDIDYOULOVEME?|ability: Quark Drive|[fromitem]
|-start|p1a: BUTDIDYOULOVEME?|quarkdrivespe
|move|p2a: Kyurem|Substitute|p2a: Kyurem
|-start|p2a: Kyurem|Substitute
|-damage|p2a: Kyurem|76/100
|
|-heal|p2a: Kyurem|82/100|[from] Grassy Terrain
|-heal|p2a: Kyurem|88/100|[from] item: Leftovers
|upkeep
|turn|7
|l| TrentMercer
|c|☆ANGEL ENGINE|no i did not
|
|t:|1779599612
|move|p2a: Kyurem|Protect|p2a: Kyurem
|-singleturn|p2a: Kyurem|Protect
|move|p1a: BUTDIDYOULOVEME?|Stealth Rock|p2a: Kyurem
|-sidestart|p2: ANGEL ENGINE|move: Stealth Rock
|
|-heal|p2a: Kyurem|94/100|[from] Grassy Terrain
|-heal|p2a: Kyurem|99/100|[from] item: Leftovers
|upkeep
|turn|8
|
|t:|1779599617
|move|p1a: BUTDIDYOULOVEME?|Earth Power|p2a: Kyurem
|-end|p2a: Kyurem|Substitute
|move|p2a: Kyurem|Dragon Dance|p2a: Kyurem
|-boost|p2a: Kyurem|atk|1
|-boost|p2a: Kyurem|spe|1
|
|-heal|p2a: Kyurem|100/100|[from] Grassy Terrain
|upkeep
|turn|9
|c|☆fulls|okman
|
|t:|1779599624
|move|p2a: Kyurem|Protect|p2a: Kyurem
|-singleturn|p2a: Kyurem|Protect
|move|p1a: BUTDIDYOULOVEME?|Earth Power|p2a: Kyurem
|-activate|p2a: Kyurem|move: Protect
|
|upkeep
|turn|10
|
|t:|1779599634
|move|p1a: BUTDIDYOULOVEME?|Steel Beam|p2a: Kyurem
|-supereffective|p2a: Kyurem
|-damage|p2a: Kyurem|10/100
|-damage|p1a: BUTDIDYOULOVEME?|50/100|[from] steelbeam
|move|p2a: Kyurem|Dragon Dance|p2a: Kyurem
|-boost|p2a: Kyurem|atk|1
|-boost|p2a: Kyurem|spe|1
|
|-heal|p2a: Kyurem|16/100|[from] Grassy Terrain
|-heal|p2a: Kyurem|22/100|[from] item: Leftovers
|-heal|p1a: BUTDIDYOULOVEME?|57/100|[from] Grassy Terrain
|upkeep
|turn|11
|
|t:|1779599644
|move|p2a: Kyurem|Protect|p2a: Kyurem
|-singleturn|p2a: Kyurem|Protect
|move|p1a: BUTDIDYOULOVEME?|Earth Power|p2a: Kyurem
|-activate|p2a: Kyurem|move: Protect
|
|-heal|p2a: Kyurem|29/100|[from] Grassy Terrain
|-heal|p2a: Kyurem|35/100|[from] item: Leftovers
|-heal|p1a: BUTDIDYOULOVEME?|63/100|[from] Grassy Terrain
|-fieldend|move: Grassy Terrain
|upkeep
|turn|12
|j| Weghettoflowers
|
|t:|1779599658
|move|p2a: Kyurem|Icicle Spear|p1a: BUTDIDYOULOVEME?
|-damage|p1a: BUTDIDYOULOVEME?|41/100
|-crit|p1a: BUTDIDYOULOVEME?
|-damage|p1a: BUTDIDYOULOVEME?|8/100
|-damage|p1a: BUTDIDYOULOVEME?|0 fnt
|faint|p1a: BUTDIDYOULOVEME?
|-end|p1a: BUTDIDYOULOVEME?|Quark Drive|[silent]
|-hitcount|p1: BUTDIDYOULOVEME?|3
|
|-heal|p2a: Kyurem|41/100|[from] item: Leftovers
|upkeep
|j| Joltinjoe18
|l|☆ANGEL ENGINE
|inactive|ANGEL ENGINE disconnected and has a minute to reconnect!
|player|p2|
|j|@Disorient
|c| HiYawn|uhoh
|inactive|fulls has 120 seconds left.
|j|☆ANGEL ENGINE
|inactive|ANGEL ENGINE reconnected.
|player|p2|ANGEL ENGINE|lucas|
|j| hasty mon
|c| Weghettoflowers|Who’s winning
|c| Olloyed_Alt|idk
|inactive|fulls has 90 seconds left.
|l| Joltinjoe18
|
|t:|1779599724
|switch|p1a: SMILE POLITELY|Zamazenta|100/100
|-ability|p1a: SMILE POLITELY|Dauntless Shield|boost
|-boost|p1a: SMILE POLITELY|def|1
|turn|13
|c| Olloyed_Alt|that kyurum looks scary
|
|t:|1779599732
|-terastallize|p2a: Kyurem|Ghost
|move|p2a: Kyurem|Dragon Dance|p2a: Kyurem
|-boost|p2a: Kyurem|atk|1
|-boost|p2a: Kyurem|spe|1
|move|p1a: SMILE POLITELY|Close Combat|p2a: Kyurem
|-immune|p2a: Kyurem
|
|-heal|p2a: Kyurem|47/100|[from] item: Leftovers
|upkeep
|turn|14
|
|t:|1779599741
|move|p2a: Kyurem|Protect|p2a: Kyurem
|-singleturn|p2a: Kyurem|Protect
|move|p1a: SMILE POLITELY|Crunch|p2a: Kyurem
|-activate|p2a: Kyurem|move: Protect
|
|-heal|p2a: Kyurem|53/100|[from] item: Leftovers
|upkeep
|turn|15
|c| HiYawn|lol
|
|t:|1779599744
|move|p2a: Kyurem|Icicle Spear|p1a: SMILE POLITELY
|-damage|p1a: SMILE POLITELY|81/100
|-damage|p1a: SMILE POLITELY|62/100
|-hitcount|p1a: SMILE POLITELY|2
|move|p1a: SMILE POLITELY|Crunch|p2a: Kyurem
|-supereffective|p2a: Kyurem
|-damage|p2a: Kyurem|0 fnt
|faint|p2a: Kyurem
|-damage|p1a: SMILE POLITELY|52/100|[from] item: Life Orb
|
|upkeep
|c|☆fulls|good tera
|c|☆ANGEL ENGINE|lucked wtf
|
|t:|1779599754
|switch|p2a: Hatterene|Hatterene, F|100/100
|-damage|p2a: Hatterene|88/100|[from] Stealth Rock
|turn|16
|
|t:|1779599766
|move|p1a: SMILE POLITELY|Heavy Slam|p2a: Hatterene
|-supereffective|p2a: Hatterene
|-damage|p2a: Hatterene|11/100
|-damage|p1a: SMILE POLITELY|43/100|[from] item: Life Orb
|move|p2a: Hatterene|Psyshock|p1a: SMILE POLITELY
|-supereffective|p1a: SMILE POLITELY
|-damage|p1a: SMILE POLITELY|0 fnt
|faint|p1a: SMILE POLITELY
|
|upkeep
|
|t:|1779599773
|switch|p1a: DID U GO DOWN?|Ogerpon, F|21/100
|turn|17
|
|t:|1779599775
|move|p1a: DID U GO DOWN?|U-turn|p2a: Hatterene
|-damage|p2a: Hatterene|0 fnt
|faint|p2a: Hatterene
|c| Olloyed_Alt|slam only had a 37%ohko
|
|t:|1779599779
|switch|p1a: MILK & HONEY|Pecharunt|97/100|[from] U-turn
|
|upkeep
|j| cloud and storm
|c|☆ANGEL ENGINE|see
|c|☆ANGEL ENGINE|lucked
|c|☆fulls|why do people type these things in the game chat
|j| RedemptiveSketch
|c|☆fulls|like
|c|☆fulls|ok
|c|☆fulls|you calced
|j| Light SV
|c|☆fulls|i dont need to know that
|inactive|ANGEL ENGINE has 120 seconds left.
|
|t:|1779599811
|switch|p2a: Ogerpon|Ogerpon, F|100/100
|-damage|p2a: Ogerpon|88/100|[from] Stealth Rock
|turn|18
|c| Olloyed_Alt|ik
|
|t:|1779599819
|move|p2a: Ogerpon|Knock Off|p1a: MILK & HONEY
|-supereffective|p1a: MILK & HONEY
|-crit|p1a: MILK & HONEY
|-damage|p1a: MILK & HONEY|4/100
|-damage|p2a: Ogerpon|72/100|[from] item: Rocky Helmet|[of] p1a: MILK & HONEY
|-enditem|p1a: MILK & HONEY|Rocky Helmet|[from] move: Knock Off|[of] p2a: Ogerpon
|move|p1a: MILK & HONEY|Toxic|p2a: Ogerpon
|-status|p2a: Ogerpon|tox
|-start|p2a: Ogerpon|confusion|[from] ability: Poison Puppeteer|[of] p1a: MILK & HONEY
|
|-damage|p2a: Ogerpon|66/100 tox|[from] psn
|upkeep
|turn|19
|
|t:|1779599833
|switch|p1a: DID U GO DOWN?|Ogerpon, F|21/100
|-activate|p2a: Ogerpon|confusion
|move|p2a: Ogerpon|Knock Off|p1a: DID U GO DOWN?
|-damage|p1a: DID U GO DOWN?|0 fnt
|-enditem|p1a: DID U GO DOWN?|Choice Band|[from] move: Knock Off|[of] p2a: Ogerpon
|faint|p1a: DID U GO DOWN?
|
|-damage|p2a: Ogerpon|54/100 tox|[from] psn
|upkeep
|
|t:|1779599838
|switch|p1a: DON'T RELY ON MEN|Dragonite, F|100/100
|turn|20
|c|☆ANGEL ENGINE|what a discouraging nickname
|j| clear nights
|
|t:|1779599851
|-activate|p2a: Ogerpon|confusion
|move|p2a: Ogerpon|Knock Off|p1a: DON'T RELY ON MEN
|-damage|p1a: DON'T RELY ON MEN|74/100
|-enditem|p1a: DON'T RELY ON MEN|Heavy-Duty Boots|[from] move: Knock Off|[of] p2a: Ogerpon
|move|p1a: DON'T RELY ON MEN|Dragon Dance|p1a: DON'T RELY ON MEN
|-boost|p1a: DON'T RELY ON MEN|atk|1
|-boost|p1a: DON'T RELY ON MEN|spe|1
|
|-damage|p2a: Ogerpon|36/100 tox|[from] psn
|upkeep
|turn|21
|
|t:|1779599855
|move|p1a: DON'T RELY ON MEN|Extreme Speed|p2a: Ogerpon
|-damage|p2a: Ogerpon|0 fnt
|faint|p2a: Ogerpon
|
|upkeep
|
|t:|1779599856
|switch|p2a: Rillaboom|Rillaboom, M|46/100
|-damage|p2a: Rillaboom|33/100|[from] Stealth Rock
|-fieldstart|move: Grassy Terrain|[from] ability: Grassy Surge|[of] p2a: Rillaboom
|turn|22
|j| Ballerr
|
|t:|1779599858
|move|p1a: DON'T RELY ON MEN|Extreme Speed|p2a: Rillaboom
|-damage|p2a: Rillaboom|0 fnt
|faint|p2a: Rillaboom
|
|win|fulls
|n|☆fulls|fulls
|n| HiYawn|hiyawn
|n| OP Earthquakes|opearthquakes
|n| sdyuv23|sdyuv23
|n| spindle pit|spindlepit
|n| Finkachu|finkachu
|n| alxiz⏣⏑⏣|alxiz
|n| Animeshpokemon21|animeshpokemon21
|n| Olloyed_Alt|olloyedalt
|n| Weghettoflowers|weghettoflowers
|n|+Disorient|disorient
|n|☆ANGEL ENGINE|angelengine
|n| hasty mon|hastymon
|n| cloud and storm|cloudandstorm
|n| RedemptiveSketch|redemptivesketch
|n| Light SV|lightsv
|n| clear nights|clearnights
|n| Ballerr|ballerr
|c|☆ANGEL ENGINE|gg
|l| Ballerr
|c|☆fulls|gg
|l| Weghettoflowers
|l|☆fulls
|player|p1|
|c| Olloyed_Alt|what is the name of deo
|l| OP Earthquakes
|l| Olloyed_Alt
|l| hasty mon
|l| Animeshpokemon21
|l| Light SV
|l| clear nights
