|j|☆Rathanegren
|j|☆Z0MZ
|t:|1779635946
|gametype|singles
|player|p1|Rathanegren|1|1276
|player|p2|Z0MZ|harlequin|1317
|gen|9
|tier|[Gen 9] OU
|rated|
|rule|HP Percentage Mod: HP is shown in percentages
|rule|Endless Battle Clause: Forcing endless battles is banned
|rule|Species Clause: Limit one of each Pokémon
|rule|OHKO Clause: OHKO moves are banned
|rule|Evasion Items Clause: Evasion items are banned
|rule|Evasion Moves Clause: Evasion moves are banned
|rule|Evasion Abilities Clause: Evasion abilities are banned
|rule|Sleep Moves Clause: Sleep-inducing moves are banned
|clearpoke
|poke|p1|Porygon-Z|
|poke|p1|Landorus-Therian, M|
|poke|p1|Hatterene, F|
|poke|p1|Zamazenta-*|
|poke|p1|Gholdengo|
|poke|p1|Dragonite, F|
|poke|p2|Tinkaton, F|
|poke|p2|Ogerpon, F|
|poke|p2|Great Tusk|
|poke|p2|Pecharunt|
|poke|p2|Alomomola, M|
|poke|p2|Braviary-Hisui, M|
|teampreview
|
|t:|1779635960
|teamsize|p1|6
|teamsize|p2|6
|start
|switch|p1a: Porygon-Z|Porygon-Z|100/100
|switch|p2a: Braviary|Braviary-Hisui, M|100/100
|-ability|p1a: Porygon-Z|Download|boost
|-boost|p1a: Porygon-Z|spa|1
|turn|1
|
|t:|1779635968
|-terastallize|p1a: Porygon-Z|Normal
|move|p1a: Porygon-Z|Tri Attack|p2a: Braviary
|-damage|p2a: Braviary|0 fnt
|faint|p2a: Braviary
|
|upkeep
|
|t:|1779635974
|switch|p2a: Pisces|Alomomola, M, shiny|100/100
|turn|2
|
|t:|1779635978
|move|p1a: Porygon-Z|Tri Attack|p2a: Pisces
|-damage|p2a: Pisces|42/100
|move|p2a: Pisces|Flip Turn|p1a: Porygon-Z
|-damage|p1a: Porygon-Z|78/100
|
|t:|1779635983
|switch|p2a: Overseer|Pecharunt|100/100|[from] Flip Turn
|
|upkeep
|turn|3
|
|t:|1779635989
|switch|p1a: Gholdengo|Gholdengo|100/100
|-item|p1a: Gholdengo|Air Balloon
|move|p2a: Overseer|Parting Shot|p1a: Gholdengo
|-immune|p1a: Gholdengo|[from] ability: Good as Gold
|
|upkeep
|turn|4
|
|t:|1779635998
|move|p1a: Gholdengo|Nasty Plot|p1a: Gholdengo
|-boost|p1a: Gholdengo|spa|2
|move|p2a: Overseer|Shadow Ball|p1a: Gholdengo
|-supereffective|p1a: Gholdengo
|-damage|p1a: Gholdengo|45/100
|-enditem|p1a: Gholdengo|Air Balloon
|
|upkeep
|turn|5
|
|t:|1779636009
|switch|p2a: Smile.exe|Tinkaton, F, shiny|100/100
|-item|p2a: Smile.exe|Air Balloon
|move|p1a: Gholdengo|Shadow Ball|p2a: Smile.exe
|-damage|p2a: Smile.exe|18/100
|-enditem|p2a: Smile.exe|Air Balloon
|
|upkeep
|turn|6
|
|t:|1779636022
|switch|p1a: Dragonite|Dragonite, F|100/100
|move|p2a: Smile.exe|Stealth Rock|p1a: Dragonite
|-sidestart|p1: Rathanegren|move: Stealth Rock
|
|upkeep
|turn|7
|
|t:|1779636034
|move|p2a: Smile.exe|Ice Hammer|p1a: Dragonite
|-supereffective|p1a: Dragonite
|-damage|p1a: Dragonite|44/100
|-unboost|p2a: Smile.exe|spe|1
|move|p1a: Dragonite|Scale Shot|p2a: Smile.exe
|-immune|p2a: Smile.exe
|
|upkeep
|turn|8
|
|t:|1779636045
|move|p1a: Dragonite|Fire Punch|p2a: Smile.exe
|-supereffective|p2a: Smile.exe
|-damage|p2a: Smile.exe|0 fnt
|faint|p2a: Smile.exe
|
|upkeep
|
|t:|1779636048
|switch|p2a: Overseer|Pecharunt|100/100
|turn|9
|
|t:|1779636058
|move|p1a: Dragonite|Dragon Dance|p1a: Dragonite
|-boost|p1a: Dragonite|atk|1
|-boost|p1a: Dragonite|spe|1
|move|p2a: Overseer|Shadow Ball|p1a: Dragonite
|-damage|p1a: Dragonite|19/100
|
|upkeep
|turn|10
|
|t:|1779636065
|move|p1a: Dragonite|Scale Shot|p2a: Overseer
|-damage|p2a: Overseer|89/100
|-damage|p2a: Overseer|78/100
|-damage|p2a: Overseer|68/100
|-damage|p2a: Overseer|59/100
|-hitcount|p2a: Overseer|4
|-unboost|p1a: Dragonite|def|1
|-boost|p1a: Dragonite|spe|1
|move|p2a: Overseer|Malignant Chain|p1a: Dragonite
|-damage|p1a: Dragonite|0 fnt
|faint|p1a: Dragonite
|
|upkeep
|
|t:|1779636080
|switch|p1a: Zamazenta|Zamazenta|100/100
|-damage|p1a: Zamazenta|94/100|[from] Stealth Rock
|-ability|p1a: Zamazenta|Dauntless Shield|boost
|-boost|p1a: Zamazenta|def|1
|turn|11
|
|t:|1779636086
|move|p1a: Zamazenta|Crunch|p2a: Overseer
|-supereffective|p2a: Overseer
|-damage|p2a: Overseer|24/100
|-unboost|p2a: Overseer|def|1
|-damage|p1a: Zamazenta|78/100|[from] item: Rocky Helmet|[of] p2a: Overseer
|-damage|p1a: Zamazenta|68/100|[from] item: Life Orb
|move|p2a: Overseer|Malignant Chain|p1a: Zamazenta
|-damage|p1a: Zamazenta|39/100
|
|upkeep
|turn|12
|
|t:|1779636100
|switch|p2a: Behemoth|Great Tusk|100/100
|move|p1a: Zamazenta|Crunch|p2a: Behemoth
|-resisted|p2a: Behemoth
|-damage|p2a: Behemoth|88/100
|-damage|p1a: Zamazenta|29/100|[from] item: Life Orb
|
|upkeep
|turn|13
|
|t:|1779636116
|move|p1a: Zamazenta|Close Combat|p2a: Behemoth
|-damage|p2a: Behemoth|36/100
|-unboost|p1a: Zamazenta|def|1
|-unboost|p1a: Zamazenta|spd|1
|-damage|p1a: Zamazenta|19/100|[from] item: Life Orb
|move|p2a: Behemoth|Headlong Rush|p1a: Zamazenta
|-damage|p1a: Zamazenta|0 fnt
|-unboost|p2a: Behemoth|def|1
|-unboost|p2a: Behemoth|spd|1
|faint|p1a: Zamazenta
|
|upkeep
|
|t:|1779636126
|switch|p1a: Landorus|Landorus-Therian, M|100/100
|-damage|p1a: Landorus|88/100|[from] Stealth Rock
|-ability|p1a: Landorus|Intimidate|boost
|-unboost|p2a: Behemoth|atk|1
|turn|14
|
|t:|1779636132
|move|p1a: Landorus|Stealth Rock|p2a: Behemoth
|-sidestart|p2: Z0MZ|move: Stealth Rock
|move|p2a: Behemoth|Ice Spinner|p1a: Landorus
|-supereffective|p1a: Landorus
|-damage|p1a: Landorus|13/100
|-damage|p2a: Behemoth|19/100|[from] item: Rocky Helmet|[of] p1a: Landorus
|
|upkeep
|turn|15
|
|t:|1779636141
|move|p1a: Landorus|U-turn|p2a: Behemoth
|-resisted|p2a: Behemoth
|-damage|p2a: Behemoth|8/100
|
|t:|1779636147
|switch|p1a: Hatterene|Hatterene, F|100/100|[from] U-turn
|-damage|p1a: Hatterene|88/100|[from] Stealth Rock
|move|p2a: Behemoth|Rapid Spin|p1a: Hatterene
|-damage|p1a: Hatterene|78/100
|-boost|p2a: Behemoth|spe|1
|-sideend|p2: Z0MZ|Stealth Rock|[from] move: Rapid Spin|[of] p2a: Behemoth
|-enditem|p1a: Hatterene|Eject Button
|
|t:|1779636168
|switch|p1a: Gholdengo|Gholdengo|45/100
|-damage|p1a: Gholdengo|39/100|[from] Stealth Rock
|
|upkeep
|turn|16
|
|t:|1779636172
|move|p2a: Behemoth|Headlong Rush|p1a: Gholdengo
|-supereffective|p1a: Gholdengo
|-damage|p1a: Gholdengo|0 fnt
|-unboost|p2a: Behemoth|def|1
|-unboost|p2a: Behemoth|spd|1
|faint|p1a: Gholdengo
|
|upkeep
|
|t:|1779636187
|switch|p1a: Hatterene|Hatterene, F|78/100
|-damage|p1a: Hatterene|66/100|[from] Stealth Rock
|turn|17
|
|t:|1779636199
|-end|p2a: Behemoth|Protosynthesis|[silent]
|switch|p2a: Pisces|Alomomola, M, shiny|76/100
|move|p1a: Hatterene|Psychic Noise|p2a: Pisces
|-damage|p2a: Pisces|59/100
|-start|p2a: Pisces|move: Heal Block
|
|upkeep
|turn|18
|
|t:|1779636220
|move|p1a: Hatterene|Nuzzle|p2a: Pisces
|-supereffective|p2a: Pisces
|-damage|p2a: Pisces|53/100
|-status|p2a: Pisces|par
|move|p2a: Pisces|Mirror Coat||[still]
|-fail|p2a: Pisces
|
|-end|p2a: Pisces|move: Heal Block
|upkeep
|turn|19
|
|t:|1779636233
|move|p1a: Hatterene|Dazzling Gleam|p2a: Pisces
|-crit|p2a: Pisces
|-damage|p2a: Pisces|26/100 par
|move|p2a: Pisces|Flip Turn|p1a: Hatterene
|-damage|p1a: Hatterene|53/100
|
|t:|1779636237
|switch|p2a: Overseer|Pecharunt|24/100|[from] Flip Turn
|
|upkeep
|turn|20
|
|t:|1779636242
|move|p2a: Overseer|Malignant Chain|p1a: Hatterene
|-supereffective|p1a: Hatterene
|-damage|p1a: Hatterene|0 fnt
|faint|p1a: Hatterene
|
|upkeep
|
|t:|1779636247
|switch|p1a: Porygon-Z|Porygon-Z, tera:Normal|78/100
|-damage|p1a: Porygon-Z|66/100|[from] Stealth Rock
|-ability|p1a: Porygon-Z|Download|boost
|-boost|p1a: Porygon-Z|spa|1
|turn|21
|
|t:|1779636255
|move|p1a: Porygon-Z|Dark Pulse|p2a: Overseer
|-supereffective|p2a: Overseer
|-damage|p2a: Overseer|0 fnt
|faint|p2a: Overseer
|
|upkeep
|
|t:|1779636258
|switch|p2a: Anonymous|Ogerpon, F|100/100
|turn|22
|
|t:|1779636260
|-terastallize|p2a: Anonymous|Grass
|detailschange|p2a: Anonymous|Ogerpon-Teal-Tera, F, tera:Grass
|-ability|p2a: Anonymous|Embody Aspect (Teal)|boost
|-boost|p2a: Anonymous|spe|1
|move|p2a: Anonymous|Ivy Cudgel|p1a: Porygon-Z
|-damage|p1a: Porygon-Z|0 fnt
|faint|p1a: Porygon-Z
|
|upkeep
|
|t:|1779636267
|switch|p1a: Landorus|Landorus-Therian, M|13/100
|-damage|p1a: Landorus|0 fnt|[from] Stealth Rock
|faint|p1a: Landorus
|
|win|Z0MZ
|raw|Rathanegren's rating: 1276 &rarr; <strong>1254</strong><br />(-22 for losing)
|raw|Z0MZ's rating: 1317 &rarr; <strong>1335</strong><br />(+18 for winning)
|l|☆Rathanegren
|player|p1|
|l|☆Z0MZ
|player|p2|
