|j|‽CHixxxxx122
|j|☆yigf
|t:|1779722909
|gametype|singles
|player|p1|CHixxxxx122|266|1186
|player|p2|yigf|tuber|1164
|gen|9
|tier|[Gen 9] OU
|rated|
|rule|HP Percentage Mod: HP is shown in percentages
|rule|Endless Battle Clause: Forcing endless battles is banned
|rule|Species Clause: Limit one of each Pokémon
|rule|OHKO Clause: OHKO moves are banned
|rule|Evasion Items Clause: Evasion items are banned
|rule|Evasion Moves Clause: Evasion moves are banned
|rule|Evasion Abilities Clause: Evasion abilities are banned
|rule|Sleep Moves Clause: Sleep-inducing moves are banned
|clearpoke
|poke|p1|Skuntank, M|
|poke|p1|Porygon2|
|poke|p1|Mamoswine, M|
|poke|p1|Staraptor, M|
|poke|p1|Lilligant-Hisui, F|
|poke|p1|Milotic, F|
|poke|p2|Blastoise, M|
|poke|p2|Dragonite, F|
|poke|p2|Incineroar, F|
|poke|p2|Glimmora, M|
|poke|p2|Great Tusk|
|poke|p2|Iron Boulder|
|teampreview
|inactive|Battle timer is ON: inactive players will automatically lose when time's up. (requested by yigf)
|
|t:|1779722918
|teamsize|p1|6
|teamsize|p2|6
|start
|switch|p1a: Mamoswine|Mamoswine, M|100/100
|switch|p2a: Glimmora|Glimmora, M|100/100
|turn|1
|
|t:|1779722931
|move|p1a: Mamoswine|Earthquake|p2a: Glimmora
|-supereffective|p2a: Glimmora
|-enditem|p2a: Glimmora|Focus Sash
|-damage|p2a: Glimmora|1/100
|-activate|p2a: Glimmora|ability: Toxic Debris
|-sidestart|p1: CHixxxxx122|move: Toxic Spikes
|move|p2a: Glimmora|Stealth Rock|p1a: Mamoswine
|-sidestart|p1: CHixxxxx122|move: Stealth Rock
|
|upkeep
|turn|2
|
|t:|1779722941
|move|p1a: Mamoswine|Ice Shard|p2a: Glimmora
|-damage|p2a: Glimmora|0 fnt
|-activate|p2a: Glimmora|ability: Toxic Debris
|-sidestart|p1: CHixxxxx122|move: Toxic Spikes
|faint|p2a: Glimmora
|
|upkeep
|
|t:|1779722955
|switch|p2a: Blastoise|Blastoise, M|100/100
|turn|3
|
|t:|1779722978
|move|p1a: Mamoswine|Earthquake|p2a: Blastoise
|-damage|p2a: Blastoise|54/100
|move|p2a: Blastoise|Shell Smash|p2a: Blastoise
|-unboost|p2a: Blastoise|def|1
|-unboost|p2a: Blastoise|spd|1
|-boost|p2a: Blastoise|atk|2
|-boost|p2a: Blastoise|spa|2
|-boost|p2a: Blastoise|spe|2
|-enditem|p2a: Blastoise|White Herb
|-clearnegativeboost|p2a: Blastoise|[silent]
|
|upkeep
|turn|4
|
|t:|1779722992
|switch|p1a: Skuntank|Skuntank, M|100/100
|-sideend|p1: CHixxxxx122|move: Toxic Spikes|[of] p1a: Skuntank
|-damage|p1a: Skuntank|88/100|[from] Stealth Rock
|move|p2a: Blastoise|Hydro Pump|p1a: Skuntank
|-damage|p1a: Skuntank|0 fnt
|faint|p1a: Skuntank
|
|upkeep
|
|t:|1779723001
|switch|p1a: Milotic|Milotic, F|100/100
|-damage|p1a: Milotic|88/100|[from] Stealth Rock
|turn|5
|
|t:|1779723008
|move|p2a: Blastoise|Hydro Pump|p1a: Milotic
|-resisted|p1a: Milotic
|-damage|p1a: Milotic|63/100
|move|p1a: Milotic|Haze|p1a: Milotic
|-clearallboost
|
|-heal|p1a: Milotic|69/100|[from] item: Leftovers
|upkeep
|turn|6
|
|t:|1779723024
|move|p2a: Blastoise|Shell Smash|p2a: Blastoise
|-unboost|p2a: Blastoise|def|1
|-unboost|p2a: Blastoise|spd|1
|-boost|p2a: Blastoise|atk|2
|-boost|p2a: Blastoise|spa|2
|-boost|p2a: Blastoise|spe|2
|move|p1a: Milotic|Whirlpool|p2a: Blastoise|[miss]
|-miss|p1a: Milotic|p2a: Blastoise
|
|-heal|p1a: Milotic|75/100|[from] item: Leftovers
|upkeep
|turn|7
|
|t:|1779723036
|move|p2a: Blastoise|Hydro Pump|p1a: Milotic|[miss]
|-miss|p2a: Blastoise|p1a: Milotic
|move|p1a: Milotic|Haze|p1a: Milotic
|-clearallboost
|
|-heal|p1a: Milotic|81/100|[from] item: Leftovers
|upkeep
|turn|8
|
|t:|1779723050
|move|p2a: Blastoise|Aqua Jet|p1a: Milotic
|-resisted|p1a: Milotic
|-damage|p1a: Milotic|75/100
|move|p1a: Milotic|Scald|p2a: Blastoise
|-resisted|p2a: Blastoise
|-damage|p2a: Blastoise|38/100
|
|-heal|p1a: Milotic|82/100|[from] item: Leftovers
|upkeep
|turn|9
|
|t:|1779723061
|switch|p2a: Dragonite|Dragonite, F|100/100
|move|p1a: Milotic|Scald|p2a: Dragonite
|-resisted|p2a: Dragonite
|-damage|p2a: Dragonite|92/100
|-status|p2a: Dragonite|brn
|
|-heal|p2a: Dragonite|99/100 brn|[from] item: Leftovers
|-heal|p1a: Milotic|88/100|[from] item: Leftovers
|-damage|p2a: Dragonite|92/100 brn|[from] brn
|upkeep
|turn|10
|
|t:|1779723076
|move|p2a: Dragonite|Dragon Dance|p2a: Dragonite
|-boost|p2a: Dragonite|atk|1
|-boost|p2a: Dragonite|spe|1
|move|p1a: Milotic|Ice Beam|p2a: Dragonite
|-supereffective|p2a: Dragonite
|-damage|p2a: Dragonite|0 fnt
|faint|p2a: Dragonite
|
|-heal|p1a: Milotic|94/100|[from] item: Leftovers
|upkeep
|inactive|yigf has 120 seconds left.
|
|t:|1779723099
|switch|p2a: Iron Boulder|Iron Boulder|100/100
|-enditem|p2a: Iron Boulder|Booster Energy
|-activate|p2a: Iron Boulder|ability: Quark Drive|[fromitem]
|-start|p2a: Iron Boulder|quarkdrivespe
|turn|11
|inactive|yigf has 120 seconds left.
|
|t:|1779723118
|move|p2a: Iron Boulder|Psycho Cut|p1a: Milotic
|-crit|p1a: Milotic
|-damage|p1a: Milotic|50/100
|move|p1a: Milotic|Scald|p2a: Iron Boulder
|-supereffective|p2a: Iron Boulder
|-damage|p2a: Iron Boulder|46/100
|-status|p2a: Iron Boulder|brn
|
|-heal|p1a: Milotic|56/100|[from] item: Leftovers
|-damage|p2a: Iron Boulder|40/100 brn|[from] brn
|upkeep
|turn|12
|inactive|yigf has 120 seconds left.
|
|t:|1779723131
|move|p2a: Iron Boulder|Mighty Cleave|p1a: Milotic
|-damage|p1a: Milotic|39/100
|move|p1a: Milotic|Scald|p2a: Iron Boulder
|-supereffective|p2a: Iron Boulder
|-damage|p2a: Iron Boulder|0 fnt
|faint|p2a: Iron Boulder
|-end|p2a: Iron Boulder|Quark Drive|[silent]
|
|-heal|p1a: Milotic|45/100|[from] item: Leftovers
|upkeep
|
|t:|1779723142
|switch|p2a: Incineroar|Incineroar, F, shiny|100/100
|-ability|p2a: Incineroar|Intimidate|boost
|-unboost|p1a: Milotic|atk|1
|turn|13
|
|t:|1779723147
|move|p2a: Incineroar|Fake Out|p1a: Milotic
|-damage|p1a: Milotic|34/100
|cant|p1a: Milotic|flinch
|
|-heal|p1a: Milotic|40/100|[from] item: Leftovers
|upkeep
|turn|14
|inactive|yigf has 120 seconds left.
|
|t:|1779723159
|-terastallize|p2a: Incineroar|Steel
|move|p1a: Milotic|Whirlpool|p2a: Incineroar
|-damage|p2a: Incineroar|88/100
|-activate|p2a: Incineroar|move: Whirlpool|[of] p1a: Milotic
|move|p2a: Incineroar|Knock Off|p1a: Milotic
|-damage|p1a: Milotic|0 fnt
|-enditem|p1a: Milotic|Leftovers|[from] move: Knock Off|[of] p2a: Incineroar
|faint|p1a: Milotic
|
|-end|p2a: Incineroar|Whirlpool|[partiallytrapped]|[silent]
|upkeep
|
|t:|1779723168
|switch|p1a: Lilligant|Lilligant-Hisui, F|100/100
|-damage|p1a: Lilligant|94/100|[from] Stealth Rock
|turn|15
|
|t:|1779723174
|move|p1a: Lilligant|Close Combat|p2a: Incineroar
|-supereffective|p2a: Incineroar
|-damage|p2a: Incineroar|0 fnt
|-unboost|p1a: Lilligant|def|1
|-unboost|p1a: Lilligant|spd|1
|faint|p2a: Incineroar
|
|upkeep
|
|t:|1779723183
|switch|p2a: Great Tusk|Great Tusk|100/100
|-enditem|p2a: Great Tusk|Booster Energy
|-activate|p2a: Great Tusk|ability: Protosynthesis|[fromitem]
|-start|p2a: Great Tusk|protosynthesisatk
|turn|16
|
|t:|1779723191
|switch|p1a: Porygon2|Porygon2|100/100
|-damage|p1a: Porygon2|88/100|[from] Stealth Rock
|move|p2a: Great Tusk|Ice Spinner|p1a: Porygon2
|-damage|p1a: Porygon2|67/100
|
|upkeep
|turn|17
|
|t:|1779723200
|move|p2a: Great Tusk|Close Combat|p1a: Porygon2
|-supereffective|p1a: Porygon2
|-damage|p1a: Porygon2|0 fnt
|-unboost|p2a: Great Tusk|def|1
|-unboost|p2a: Great Tusk|spd|1
|faint|p1a: Porygon2
|
|upkeep
|
|t:|1779723204
|switch|p1a: Staraptor|Staraptor, M|100/100
|-damage|p1a: Staraptor|76/100|[from] Stealth Rock
|turn|18
|
|t:|1779723212
|move|p1a: Staraptor|Brave Bird|p2a: Great Tusk
|-supereffective|p2a: Great Tusk
|-damage|p2a: Great Tusk|0 fnt
|faint|p2a: Great Tusk
|-end|p2a: Great Tusk|Protosynthesis|[silent]
|-damage|p1a: Staraptor|34/100|[from] Recoil
|
|upkeep
|
|t:|1779723220
|switch|p2a: Blastoise|Blastoise, M|38/100
|turn|19
|-message|yigf forfeited.
|
|win|CHixxxxx122
|raw|CHixxxxx122's rating: 1186 &rarr; <strong>1209</strong><br />(+23 for winning)
|raw|yigf's rating: 1164 &rarr; <strong>1141</strong><br />(-23 for losing)
|l|☆yigf
|player|p2|
|l|‽CHixxxxx122
|player|p1|
