|j|☆kopv
|j|☆ghostoftheranch
|t:|1779576706
|gametype|singles
|player|p1|kopv|bugcatcher-gen4dp|1474
|player|p2|ghostoftheranch|medium|1640
|gen|9
|tier|[Gen 9] OU
|rated|
|rule|HP Percentage Mod: HP is shown in percentages
|rule|Endless Battle Clause: Forcing endless battles is banned
|rule|Species Clause: Limit one of each Pokémon
|rule|OHKO Clause: OHKO moves are banned
|rule|Evasion Items Clause: Evasion items are banned
|rule|Evasion Moves Clause: Evasion moves are banned
|rule|Evasion Abilities Clause: Evasion abilities are banned
|rule|Sleep Moves Clause: Sleep-inducing moves are banned
|clearpoke
|poke|p1|Pelipper, M|
|poke|p1|Barraskewda, F|
|poke|p1|Iron Treads|
|poke|p1|Bruxish, M|
|poke|p1|Raging Bolt|
|poke|p1|Enamorus, F|
|poke|p2|Cramorant, M|
|poke|p2|Gallade, M|
|poke|p2|Kingambit, M|
|poke|p2|Iron Moth|
|poke|p2|Enamorus, F|
|poke|p2|Ogerpon-Cornerstone, F|
|teampreview
|
|t:|1779576732
|teamsize|p1|6
|teamsize|p2|6
|start
|switch|p1a: Pelipper|Pelipper, M|100/100
|switch|p2a: Cramorant|Cramorant, M|100/100
|-weather|RainDance|[from] ability: Drizzle|[of] p1a: Pelipper
|turn|1
|inactive|Battle timer is ON: inactive players will automatically lose when time's up. (requested by ghostoftheranch)
|
|t:|1779576740
|switch|p1a: Raging Bolt|Raging Bolt|100/100
|move|p2a: Cramorant|Tailwind|p2a: Cramorant
|-sidestart|p2: ghostoftheranch|move: Tailwind
|
|-weather|RainDance|[upkeep]
|upkeep
|turn|2
|
|t:|1779576750
|move|p2a: Cramorant|Surf|p1a: Raging Bolt
|-formechange|p2a: Cramorant|Cramorant-Gulping|
|-resisted|p1a: Raging Bolt
|-damage|p1a: Raging Bolt|72/100
|move|p1a: Raging Bolt|Thunder|p2a: Cramorant
|-supereffective|p2a: Cramorant
|-enditem|p2a: Cramorant|Focus Sash
|-damage|p2a: Cramorant|1/100
|-damage|p1a: Raging Bolt|47/100|[from] ability: Gulp Missile|[of] p2a: Cramorant
|-unboost|p1a: Raging Bolt|def|1
|-formechange|p2a: Cramorant|Cramorant|
|
|-weather|RainDance|[upkeep]
|-heal|p1a: Raging Bolt|53/100|[from] item: Leftovers
|upkeep
|turn|3
|
|t:|1779576766
|-terastallize|p2a: Cramorant|Ground
|move|p1a: Raging Bolt|Thunderclap|p2a: Cramorant
|-immune|p2a: Cramorant
|move|p2a: Cramorant|Surf|p1a: Raging Bolt
|-formechange|p2a: Cramorant|Cramorant-Gorging|
|-resisted|p1a: Raging Bolt
|-damage|p1a: Raging Bolt|25/100
|
|-weather|RainDance|[upkeep]
|-heal|p1a: Raging Bolt|31/100|[from] item: Leftovers
|upkeep
|turn|4
|
|t:|1779576776
|move|p2a: Cramorant|Surf|p1a: Raging Bolt
|-resisted|p1a: Raging Bolt
|-damage|p1a: Raging Bolt|2/100
|move|p1a: Raging Bolt|Weather Ball|p2a: Cramorant
|-supereffective|p2a: Cramorant
|-damage|p2a: Cramorant|0 fnt
|-damage|p1a: Raging Bolt|0 fnt|[from] ability: Gulp Missile|[of] p2a: Cramorant
|-formechange|p2a: Cramorant|Cramorant|
|faint|p2a: Cramorant
|faint|p1a: Raging Bolt
|-end|p1a: Raging Bolt|Protosynthesis|[silent]
|
|-weather|RainDance|[upkeep]
|-sideend|p2: ghostoftheranch|move: Tailwind
|upkeep
|
|t:|1779576793
|switch|p2a: Ogerpon|Ogerpon-Cornerstone, F|100/100
|switch|p1a: Iron Treads|Iron Treads|100/100
|turn|5
|
|t:|1779576809
|switch|p2a: Enamorus|Enamorus, F|100/100
|move|p1a: Iron Treads|Rapid Spin|p2a: Enamorus
|-damage|p2a: Enamorus|80/100
|-boost|p1a: Iron Treads|spe|1
|
|-weather|RainDance|[upkeep]
|upkeep
|turn|6
|
|t:|1779576814
|move|p1a: Iron Treads|Stealth Rock|p2a: Enamorus
|-sidestart|p2: ghostoftheranch|move: Stealth Rock
|move|p2a: Enamorus|Superpower|p1a: Iron Treads
|-supereffective|p1a: Iron Treads
|-damage|p1a: Iron Treads|53/100
|-boost|p2a: Enamorus|atk|1
|-boost|p2a: Enamorus|def|1
|
|-weather|RainDance|[upkeep]
|-heal|p1a: Iron Treads|59/100|[from] item: Leftovers
|upkeep
|turn|7
|
|t:|1779576823
|move|p1a: Iron Treads|Iron Head|p2a: Enamorus
|-supereffective|p2a: Enamorus
|-damage|p2a: Enamorus|9/100
|move|p2a: Enamorus|Superpower|p1a: Iron Treads
|-supereffective|p1a: Iron Treads
|-crit|p1a: Iron Treads
|-damage|p1a: Iron Treads|0 fnt
|-boost|p2a: Enamorus|atk|1
|-boost|p2a: Enamorus|def|1
|faint|p1a: Iron Treads
|-end|p1a: Iron Treads|Quark Drive|[silent]
|
|-weather|RainDance|[upkeep]
|upkeep
|
|t:|1779576832
|switch|p1a: Barraskewda|Barraskewda, F|100/100
|turn|8
|
|t:|1779576838
|move|p1a: Barraskewda|Flip Turn|p2a: Enamorus
|-damage|p2a: Enamorus|0 fnt
|faint|p2a: Enamorus
|-damage|p1a: Barraskewda|91/100|[from] item: Life Orb
|
|t:|1779576848
|switch|p1a: Enamorus|Enamorus, F|100/100|[from] Flip Turn
|
|-weather|none
|upkeep
|inactive|ghostoftheranch has 120 seconds left.
|
|t:|1779576899
|switch|p2a: Ogerpon|Ogerpon-Cornerstone, F|100/100
|-damage|p2a: Ogerpon|88/100|[from] Stealth Rock
|turn|9
|
|t:|1779576920
|move|p1a: Enamorus|Moonblast|p2a: Ogerpon
|-damage|p2a: Ogerpon|26/100
|move|p2a: Ogerpon|Ivy Cudgel|p1a: Enamorus|[anim] Ivy Cudgel Rock
|-supereffective|p1a: Enamorus
|-damage|p1a: Enamorus|0 fnt
|faint|p1a: Enamorus
|
|upkeep
|
|t:|1779576926
|switch|p1a: 'Ello gov'na|Bruxish, M|100/100
|turn|10
|inactive|ghostoftheranch has 120 seconds left.
|
|t:|1779576933
|move|p1a: 'Ello gov'na|Aqua Jet|p2a: Ogerpon
|-damage|p2a: Ogerpon|0 fnt
|faint|p2a: Ogerpon
|
|upkeep
|inactive|ghostoftheranch has 120 seconds left.
|
|t:|1779576942
|switch|p2a: Kingambit|Kingambit, M|100/100
|-damage|p2a: Kingambit|94/100|[from] Stealth Rock
|-activate|p2a: Kingambit|ability: Supreme Overlord
|-start|p2a: Kingambit|fallen3|[silent]
|turn|11
|
|t:|1779576952
|switch|p1a: Pelipper|Pelipper, M|100/100
|-weather|RainDance|[from] ability: Drizzle|[of] p1a: Pelipper
|move|p2a: Kingambit|Swords Dance|p2a: Kingambit
|-boost|p2a: Kingambit|atk|2
|
|-weather|RainDance|[upkeep]
|upkeep
|turn|12
|
|t:|1779576956
|move|p2a: Kingambit|Iron Head|p1a: Pelipper
|-resisted|p1a: Pelipper
|-damage|p1a: Pelipper|44/100
|-damage|p2a: Kingambit|84/100|[from] item: Life Orb
|cant|p1a: Pelipper|flinch
|
|-weather|RainDance|[upkeep]
|upkeep
|turn|13
|
|t:|1779576968
|move|p2a: Kingambit|Iron Head|p1a: Pelipper
|-resisted|p1a: Pelipper
|-damage|p1a: Pelipper|0 fnt
|faint|p1a: Pelipper
|-damage|p2a: Kingambit|74/100|[from] item: Life Orb
|
|-weather|RainDance|[upkeep]
|upkeep
|
|t:|1779576973
|switch|p1a: 'Ello gov'na|Bruxish, M|100/100
|turn|14
|
|t:|1779576998
|-terastallize|p1a: 'Ello gov'na|Water
|move|p2a: Kingambit|Sucker Punch||[still]
|cant|p1a: 'Ello gov'na|ability: Dazzling|Sucker Punch|[of] p2a: Kingambit
|move|p1a: 'Ello gov'na|Flip Turn|p2a: Kingambit
|-damage|p2a: Kingambit|0 fnt
|faint|p2a: Kingambit
|-end|p2a: Kingambit|fallen3|[silent]
|
|t:|1779577004
|switch|p1a: Barraskewda|Barraskewda, F|91/100|[from] Flip Turn
|
|-weather|RainDance|[upkeep]
|upkeep
|
|t:|1779577021
|switch|p2a: Gallade|Gallade, M|100/100
|-damage|p2a: Gallade|94/100|[from] Stealth Rock
|turn|15
|
|t:|1779577026
|move|p2a: Gallade|Shadow Sneak|p1a: Barraskewda
|-damage|p1a: Barraskewda|66/100
|move|p1a: Barraskewda|Liquidation|p2a: Gallade
|-damage|p2a: Gallade|0 fnt
|faint|p2a: Gallade
|-damage|p1a: Barraskewda|56/100|[from] item: Life Orb
|
|-weather|RainDance|[upkeep]
|upkeep
|
|t:|1779577030
|switch|p2a: Iron Moth|Iron Moth|100/100
|-damage|p2a: Iron Moth|76/100|[from] Stealth Rock
|-enditem|p2a: Iron Moth|Booster Energy
|-activate|p2a: Iron Moth|ability: Quark Drive|[fromitem]
|-start|p2a: Iron Moth|quarkdrivespe
|turn|16
|
|t:|1779577035
|move|p1a: Barraskewda|Liquidation|p2a: Iron Moth
|-supereffective|p2a: Iron Moth
|-crit|p2a: Iron Moth
|-damage|p2a: Iron Moth|0 fnt
|faint|p2a: Iron Moth
|-end|p2a: Iron Moth|Quark Drive|[silent]
|-damage|p1a: Barraskewda|46/100|[from] item: Life Orb
|
|win|kopv
|raw|kopv's rating: 1474 &rarr; <strong>1503</strong><br />(+29 for winning)
|raw|ghostoftheranch's rating: 1640 &rarr; <strong>1611</strong><br />(-29 for losing)
|l|☆ghostoftheranch
|player|p2|
|l|☆kopv
|player|p1|
