|j|☆BossManSwag
|j|☆Ronaldono
|t:|1779633889
|gametype|singles
|player|p1|BossManSwag|170|1376
|player|p2|Ronaldono|266|1387
|gen|9
|tier|[Gen 9] OU
|rated|
|rule|HP Percentage Mod: HP is shown in percentages
|rule|Endless Battle Clause: Forcing endless battles is banned
|rule|Species Clause: Limit one of each Pokémon
|rule|OHKO Clause: OHKO moves are banned
|rule|Evasion Items Clause: Evasion items are banned
|rule|Evasion Moves Clause: Evasion moves are banned
|rule|Evasion Abilities Clause: Evasion abilities are banned
|rule|Sleep Moves Clause: Sleep-inducing moves are banned
|clearpoke
|poke|p1|Heatran, M|
|poke|p1|Great Tusk|
|poke|p1|Slowking-Galar, F|
|poke|p1|Zapdos|
|poke|p1|Ogerpon-Wellspring, F|
|poke|p1|Kingambit, F|
|poke|p2|Slowbro-Galar, F|
|poke|p2|Indeedee, M|
|poke|p2|Deoxys-Speed|
|poke|p2|Quaquaval, F|
|poke|p2|Darkrai|
|poke|p2|Gholdengo|
|teampreview
|inactive|Battle timer is ON: inactive players will automatically lose when time's up. (requested by BossManSwag)
|inactive|Ronaldono has 120 seconds left.
|
|t:|1779633924
|teamsize|p1|6
|teamsize|p2|6
|start
|switch|p1a: Zapdos|Zapdos|100/100
|switch|p2a: Indeedee|Indeedee, M|100/100
|-fieldstart|move: Psychic Terrain|[from] ability: Psychic Surge|[of] p2a: Indeedee
|turn|1
|inactive|Ronaldono has 120 seconds left.
|c|☆BossManSwag|Come on go
|
|t:|1779633965
|switch|p1a: Kingambit|Kingambit, F|100/100
|move|p2a: Indeedee|Expanding Force|p1a: Kingambit
|-immune|p1a: Kingambit
|
|upkeep
|turn|2
|
|t:|1779633976
|switch|p2a: Quaquaval|Quaquaval, F|100/100
|switch|p1a: Zapdos|Zapdos|100/100
|
|upkeep
|turn|3
|
|t:|1779633998
|move|p2a: Quaquaval|Swords Dance|p2a: Quaquaval
|-boost|p2a: Quaquaval|atk|2
|move|p1a: Zapdos|Volt Switch|p2a: Quaquaval
|-supereffective|p2a: Quaquaval
|-damage|p2a: Quaquaval|18/100
|
|t:|1779634013
|switch|p1a: Ogerpon|Ogerpon-Wellspring, F|100/100|[from] Volt Switch
|
|upkeep
|turn|4
|inactive|Ronaldono has 90 seconds left.
|
|t:|1779634046
|move|p1a: Ogerpon|Ivy Cudgel|p2a: Quaquaval|[anim] Ivy Cudgel Water
|-resisted|p2a: Quaquaval
|-damage|p2a: Quaquaval|0 fnt
|faint|p2a: Quaquaval
|
|upkeep
|inactive|Ronaldono has 90 seconds left.
|
|t:|1779634055
|switch|p2a: Deoxys|Deoxys-Speed|100/100
|-ability|p2a: Deoxys|Pressure
|turn|5
|
|t:|1779634064
|move|p2a: Deoxys|Expanding Force|p1a: Ogerpon
|-damage|p1a: Ogerpon|0 fnt
|faint|p1a: Ogerpon
|-damage|p2a: Deoxys|91/100|[from] item: Life Orb
|
|upkeep
|
|t:|1779634071
|switch|p1a: Heatran|Heatran, M|100/100
|turn|6
|
|t:|1779634088
|move|p2a: Deoxys|Taunt|p1a: Heatran
|-start|p1a: Heatran|move: Taunt
|move|p1a: Heatran|Magma Storm|p2a: Deoxys
|-damage|p2a: Deoxys|25/100
|-activate|p2a: Deoxys|move: Magma Storm|[of] p1a: Heatran
|
|-damage|p2a: Deoxys|12/100|[from] move: Magma Storm|[partiallytrapped]
|upkeep
|turn|7
|
|t:|1779634094
|move|p2a: Deoxys|Focus Blast|p1a: Heatran|[miss]
|-miss|p2a: Deoxys|p1a: Heatran
|move|p1a: Heatran|Earth Power|p2a: Deoxys
|-damage|p2a: Deoxys|0 fnt
|faint|p2a: Deoxys
|
|upkeep
|
|t:|1779634100
|switch|p2a: Darkrai|Darkrai|100/100
|turn|8
|
|t:|1779634108
|move|p2a: Darkrai|Focus Blast|p1a: Heatran
|-supereffective|p1a: Heatran
|-damage|p1a: Heatran|33/100
|-damage|p2a: Darkrai|91/100|[from] item: Life Orb
|move|p1a: Heatran|Magma Storm|p2a: Darkrai
|-damage|p2a: Darkrai|32/100
|-activate|p2a: Darkrai|move: Magma Storm|[of] p1a: Heatran
|
|-heal|p1a: Heatran|39/100|[from] item: Leftovers
|-damage|p2a: Darkrai|19/100|[from] move: Magma Storm|[partiallytrapped]
|-end|p1a: Heatran|move: Taunt
|-fieldend|move: Psychic Terrain
|upkeep
|turn|9
|inactive|Ronaldono has 120 seconds left.
|
|t:|1779634115
|move|p1a: Heatran|Protect|p1a: Heatran
|-singleturn|p1a: Heatran|Protect
|move|p2a: Darkrai|Dark Pulse|p1a: Heatran
|-activate|p1a: Heatran|move: Protect
|
|-heal|p1a: Heatran|46/100|[from] item: Leftovers
|-damage|p2a: Darkrai|7/100|[from] move: Magma Storm|[partiallytrapped]
|upkeep
|turn|10
|
|t:|1779634122
|switch|p1a: Slowking|Slowking-Galar, F|100/100
|move|p2a: Darkrai|Dark Pulse|p1a: Slowking
|-supereffective|p1a: Slowking
|-damage|p1a: Slowking|30/100
|-damage|p2a: Darkrai|0 fnt|[from] item: Life Orb
|faint|p2a: Darkrai
|
|upkeep
|
|t:|1779634128
|switch|p2a: Indeedee|Indeedee, M|100/100
|-fieldstart|move: Psychic Terrain|[from] ability: Psychic Surge|[of] p2a: Indeedee
|turn|11
|
|t:|1779634138
|switch|p1a: Zapdos|Zapdos|100/100
|move|p2a: Indeedee|Healing Wish|p2a: Indeedee
|faint|p2a: Indeedee
|
|upkeep
|
|t:|1779634140
|switch|p2a: Slowbro|Slowbro-Galar, F|100/100
|turn|12
|
|t:|1779634145
|move|p1a: Zapdos|Volt Switch|p2a: Slowbro
|-damage|p2a: Slowbro|65/100
|
|t:|1779634148
|switch|p1a: Heatran|Heatran, M|46/100|[from] Volt Switch
|move|p2a: Slowbro|Nasty Plot|p2a: Slowbro
|-boost|p2a: Slowbro|spa|2
|
|-heal|p1a: Heatran|52/100|[from] item: Leftovers
|upkeep
|turn|13
|-activate|p2a: Slowbro|item: Quick Claw
|
|t:|1779634164
|move|p2a: Slowbro|Surf|p1a: Heatran
|-supereffective|p1a: Heatran
|-crit|p1a: Heatran
|-damage|p1a: Heatran|0 fnt
|faint|p1a: Heatran
|
|upkeep
|
|t:|1779634188
|switch|p1a: Slowking|Slowking-Galar, F|64/100
|turn|14
|
|t:|1779634213
|-terastallize|p2a: Slowbro|Psychic
|move|p1a: Slowking|Future Sight|p2a: Slowbro
|-start|p1a: Slowking|move: Future Sight
|move|p2a: Slowbro|Expanding Force|p1a: Slowking
|-damage|p1a: Slowking|0 fnt
|faint|p1a: Slowking
|
|upkeep
|
|t:|1779634221
|switch|p1a: Great Tusk|Great Tusk|100/100
|turn|15
|
|t:|1779634224
|-end|p1a: Great Tusk|Protosynthesis|[silent]
|switch|p1a: Kingambit|Kingambit, F|100/100
|move|p2a: Slowbro|Surf|p1a: Kingambit
|-damage|p1a: Kingambit|42/100
|
|-heal|p1a: Kingambit|48/100|[from] item: Leftovers
|upkeep
|turn|16
|
|t:|1779634245
|switch|p1a: Great Tusk|Great Tusk|100/100
|move|p2a: Slowbro|Surf|p1a: Great Tusk
|-supereffective|p1a: Great Tusk
|-damage|p1a: Great Tusk|0 fnt
|faint|p1a: Great Tusk
|-end|p1a: Great Tusk|Protosynthesis|[silent]
|
|-end|p2a: Slowbro|move: Future Sight
|-resisted|p2a: Slowbro
|-damage|p2a: Slowbro|33/100
|upkeep
|
|t:|1779634248
|switch|p1a: Zapdos|Zapdos|100/100
|turn|17
|-activate|p2a: Slowbro|ability: Quick Draw
|
|t:|1779634263
|move|p2a: Slowbro|Expanding Force|p1a: Zapdos
|-damage|p1a: Zapdos|0 fnt
|faint|p1a: Zapdos
|
|upkeep
|
|t:|1779634267
|switch|p1a: Kingambit|Kingambit, F|48/100
|turn|18
|
|t:|1779634272
|move|p1a: Kingambit|Kowtow Cleave|p2a: Slowbro
|-supereffective|p2a: Slowbro
|-damage|p2a: Slowbro|0 fnt
|faint|p2a: Slowbro
|
|-heal|p1a: Kingambit|54/100|[from] item: Leftovers
|-fieldend|move: Psychic Terrain
|upkeep
|
|t:|1779634275
|switch|p2a: Gholdengo|Gholdengo|100/100
|turn|19
|
|t:|1779634281
|-terastallize|p1a: Kingambit|Flying
|move|p2a: Gholdengo|Trick|p1a: Kingambit
|-activate|p2a: Gholdengo|move: Trick|[of] p1a: Kingambit
|-item|p1a: Kingambit|Choice Scarf|[from] move: Trick
|-item|p2a: Gholdengo|Leftovers|[from] move: Trick
|move|p1a: Kingambit|Swords Dance|p1a: Kingambit
|-boost|p1a: Kingambit|atk|2
|
|upkeep
|turn|20
|-message|BossManSwag forfeited.
|
|win|Ronaldono
|raw|BossManSwag's rating: 1376 &rarr; <strong>1357</strong><br />(-19 for losing)
|raw|Ronaldono's rating: 1387 &rarr; <strong>1406</strong><br />(+19 for winning)
|l|☆BossManSwag
|player|p1|
|l|☆Ronaldono
|player|p2|
