|badge|p2|bronze|gen9ou|100-9
|badge|p2|bronze|gen9pu|100-9
|uhtml|medal-msg|<div class="broadcast-blue">Curious what those medals under the avatar are? PS now has Ladder Seasons! For more information, check out the <a href="https://www.smogon.com/forums/threads/3740067/">thread on Smogon.</a></div>
|j|‽clorox man
|j|☆Ceo O Wo Chien
|t:|1779603569
|gametype|singles
|player|p1|clorox man|clown|1750
|player|p2|Ceo O Wo Chien|fisherman-gen4|1778
|gen|9
|tier|[Gen 9] OU
|rated|
|rule|HP Percentage Mod: HP is shown in percentages
|rule|Endless Battle Clause: Forcing endless battles is banned
|rule|Species Clause: Limit one of each Pokémon
|rule|OHKO Clause: OHKO moves are banned
|rule|Evasion Items Clause: Evasion items are banned
|rule|Evasion Moves Clause: Evasion moves are banned
|rule|Evasion Abilities Clause: Evasion abilities are banned
|rule|Sleep Moves Clause: Sleep-inducing moves are banned
|clearpoke
|poke|p1|Pecharunt|
|poke|p1|Ting-Lu|
|poke|p1|Iron Valiant|
|poke|p1|Volcanion|
|poke|p1|Dragonite, M|
|poke|p1|Kingambit, M|
|poke|p2|Wo-Chien|
|poke|p2|Cresselia, F|
|poke|p2|Kingambit, F|
|poke|p2|Raging Bolt|
|poke|p2|Iron Treads|
|poke|p2|Ogerpon-Wellspring, F|
|teampreview
|inactive|Battle timer is ON: inactive players will automatically lose when time's up. (requested by Ceo O Wo Chien)
|c|☆Ceo O Wo Chien|hf
|
|t:|1779603577
|teamsize|p1|6
|teamsize|p2|6
|start
|switch|p1a: Pecharunt|Pecharunt|100/100
|switch|p2a: Cresselia|Cresselia, F|100/100
|turn|1
|
|t:|1779603582
|switch|p1a: Ting-Lu|Ting-Lu|100/100
|-ability|p1a: Ting-Lu|Vessel of Ruin
|switch|p2a: Kingambit|Kingambit, F|100/100
|
|upkeep
|turn|2
|
|t:|1779603587
|-end|p2a: Kingambit|fallenundefined|[silent]
|switch|p2a: Escargoat|Wo-Chien|100/100
|-ability|p2a: Escargoat|Tablets of Ruin
|move|p1a: Ting-Lu|Stealth Rock|p2a: Escargoat
|-sidestart|p2: Ceo O Wo Chien|move: Stealth Rock
|
|upkeep
|turn|3
|
|t:|1779603589
|move|p2a: Escargoat|Stun Spore|p1a: Ting-Lu
|-status|p1a: Ting-Lu|par
|move|p1a: Ting-Lu|Spikes|p2a: Escargoat
|-sidestart|p2: Ceo O Wo Chien|Spikes
|
|upkeep
|turn|4
|
|t:|1779603594
|switch|p2a: Iron Treads|Iron Treads|100/100
|-damage|p2a: Iron Treads|97/100|[from] Stealth Rock
|-damage|p2a: Iron Treads|85/100|[from] Spikes
|cant|p1a: Ting-Lu|par
|
|-heal|p2a: Iron Treads|91/100|[from] item: Leftovers
|upkeep
|turn|5
|
|t:|1779603598
|switch|p1a: Pecharunt|Pecharunt|100/100
|move|p2a: Iron Treads|Stealth Rock|p1a: Pecharunt
|-sidestart|p1: clorox man|move: Stealth Rock
|
|-heal|p2a: Iron Treads|97/100|[from] item: Leftovers
|upkeep
|turn|6
|
|t:|1779603600
|move|p2a: Iron Treads|Knock Off|p1a: Pecharunt
|-supereffective|p1a: Pecharunt
|-damage|p1a: Pecharunt|70/100
|-enditem|p1a: Pecharunt|Heavy-Duty Boots|[from] move: Knock Off|[of] p2a: Iron Treads
|move|p1a: Pecharunt|Nasty Plot|p1a: Pecharunt
|-boost|p1a: Pecharunt|spa|2
|
|-heal|p2a: Iron Treads|100/100|[from] item: Leftovers
|upkeep
|turn|7
|
|t:|1779603604
|move|p2a: Iron Treads|Earthquake|p1a: Pecharunt
|-supereffective|p1a: Pecharunt
|-damage|p1a: Pecharunt|22/100
|move|p1a: Pecharunt|Recover|p1a: Pecharunt
|-heal|p1a: Pecharunt|73/100
|
|upkeep
|turn|8
|
|t:|1779603611
|move|p2a: Iron Treads|Earthquake|p1a: Pecharunt
|-supereffective|p1a: Pecharunt
|-damage|p1a: Pecharunt|28/100
|move|p1a: Pecharunt|Shadow Ball|p2a: Iron Treads
|-damage|p2a: Iron Treads|47/100
|
|-heal|p2a: Iron Treads|53/100|[from] item: Leftovers
|upkeep
|turn|9
|
|t:|1779603617
|move|p2a: Iron Treads|Earthquake|p1a: Pecharunt
|-supereffective|p1a: Pecharunt
|-damage|p1a: Pecharunt|0 fnt
|faint|p1a: Pecharunt
|
|-heal|p2a: Iron Treads|59/100|[from] item: Leftovers
|upkeep
|
|t:|1779603619
|switch|p1a: Iron Valiant|Iron Valiant|100/100
|-damage|p1a: Iron Valiant|94/100|[from] Stealth Rock
|-enditem|p1a: Iron Valiant|Booster Energy
|-activate|p1a: Iron Valiant|ability: Quark Drive|[fromitem]
|-start|p1a: Iron Valiant|quarkdrivespe
|turn|10
|
|t:|1779603622
|move|p1a: Iron Valiant|Close Combat|p2a: Iron Treads
|-supereffective|p2a: Iron Treads
|-damage|p2a: Iron Treads|0 fnt
|-unboost|p1a: Iron Valiant|def|1
|-unboost|p1a: Iron Valiant|spd|1
|faint|p2a: Iron Treads
|-end|p2a: Iron Treads|Quark Drive|[silent]
|
|upkeep
|
|t:|1779603624
|switch|p2a: Cresselia|Cresselia, F|100/100
|-damage|p2a: Cresselia|88/100|[from] Stealth Rock
|turn|11
|
|t:|1779603629
|-end|p1a: Iron Valiant|Quark Drive|[silent]
|switch|p1a: Ting-Lu|Ting-Lu|100/100 par
|-damage|p1a: Ting-Lu|94/100 par|[from] Stealth Rock
|-ability|p1a: Ting-Lu|Vessel of Ruin
|move|p2a: Cresselia|Ice Beam|p1a: Ting-Lu
|-supereffective|p1a: Ting-Lu
|-damage|p1a: Ting-Lu|81/100 par
|-enditem|p1a: Ting-Lu|Red Card|[of] p2a: Cresselia
|drag|p2a: Escargoat|Wo-Chien|100/100
|-damage|p2a: Escargoat|88/100|[from] Stealth Rock
|-damage|p2a: Escargoat|76/100|[from] Spikes
|-ability|p2a: Escargoat|Tablets of Ruin
|
|-heal|p2a: Escargoat|82/100|[from] item: Leftovers
|upkeep
|turn|12
|
|t:|1779603632
|move|p2a: Escargoat|Leech Seed|p1a: Ting-Lu|[miss]
|-miss|p2a: Escargoat|p1a: Ting-Lu
|move|p1a: Ting-Lu|Spikes|p2a: Escargoat
|-sidestart|p2: Ceo O Wo Chien|Spikes
|
|-heal|p2a: Escargoat|88/100|[from] item: Leftovers
|upkeep
|turn|13
|
|t:|1779603634
|move|p2a: Escargoat|Leech Seed|p1a: Ting-Lu
|-start|p1a: Ting-Lu|move: Leech Seed
|move|p1a: Ting-Lu|Spikes|p2a: Escargoat
|-sidestart|p2: Ceo O Wo Chien|Spikes
|
|-heal|p2a: Escargoat|94/100|[from] item: Leftovers
|-damage|p1a: Ting-Lu|69/100 par|[from] Leech Seed|[of] p2a: Escargoat
|-heal|p2a: Escargoat|100/100|[silent]
|upkeep
|turn|14
|
|t:|1779603636
|move|p2a: Escargoat|Stun Spore|p1a: Ting-Lu|[miss]
|-miss|p2a: Escargoat|p1a: Ting-Lu
|cant|p1a: Ting-Lu|par
|
|-damage|p1a: Ting-Lu|56/100 par|[from] Leech Seed|[of] p2a: Escargoat
|upkeep
|turn|15
|
|t:|1779603639
|move|p2a: Escargoat|Stun Spore|p1a: Ting-Lu|[miss]
|-miss|p2a: Escargoat|p1a: Ting-Lu
|move|p1a: Ting-Lu|Ruination|p2a: Escargoat
|-damage|p2a: Escargoat|50/100
|
|-heal|p2a: Escargoat|57/100|[from] item: Leftovers
|-damage|p1a: Ting-Lu|44/100 par|[from] Leech Seed|[of] p2a: Escargoat
|-heal|p2a: Escargoat|74/100|[silent]
|upkeep
|turn|16
|
|t:|1779603643
|switch|p1a: Volcanion|Volcanion|100/100
|move|p2a: Escargoat|Protect||[still]
|-fail|p2a: Escargoat
|
|-heal|p2a: Escargoat|80/100|[from] item: Leftovers
|upkeep
|turn|17
|
|t:|1779603647
|move|p2a: Escargoat|Protect|p2a: Escargoat
|-singleturn|p2a: Escargoat|Protect
|move|p1a: Volcanion|Flamethrower|p2a: Escargoat
|-activate|p2a: Escargoat|move: Protect
|
|-heal|p2a: Escargoat|86/100|[from] item: Leftovers
|upkeep
|turn|18
|
|t:|1779603651
|switch|p2a: Raging Bolt|Raging Bolt|100/100
|-damage|p2a: Raging Bolt|88/100|[from] Stealth Rock
|-damage|p2a: Raging Bolt|63/100|[from] Spikes
|-enditem|p2a: Raging Bolt|Booster Energy
|-activate|p2a: Raging Bolt|ability: Protosynthesis|[fromitem]
|-start|p2a: Raging Bolt|protosynthesisspa
|move|p1a: Volcanion|Flamethrower|p2a: Raging Bolt
|-resisted|p2a: Raging Bolt
|-damage|p2a: Raging Bolt|41/100
|
|upkeep
|turn|19
|
|t:|1779603656
|switch|p1a: Ting-Lu|Ting-Lu|44/100 par
|-damage|p1a: Ting-Lu|37/100 par|[from] Stealth Rock
|-ability|p1a: Ting-Lu|Vessel of Ruin
|move|p2a: Raging Bolt|Dragon Pulse|p1a: Ting-Lu
|-damage|p1a: Ting-Lu|11/100 par
|
|upkeep
|turn|20
|
|t:|1779603659
|move|p2a: Raging Bolt|Dragon Pulse|p1a: Ting-Lu
|-damage|p1a: Ting-Lu|0 fnt
|faint|p1a: Ting-Lu
|
|upkeep
|
|t:|1779603662
|switch|p1a: Dragonite|Dragonite, M|100/100
|turn|21
|
|t:|1779603666
|move|p1a: Dragonite|Earthquake|p2a: Raging Bolt
|-supereffective|p2a: Raging Bolt
|-damage|p2a: Raging Bolt|0 fnt
|faint|p2a: Raging Bolt
|-end|p2a: Raging Bolt|Protosynthesis|[silent]
|
|upkeep
|
|t:|1779603668
|switch|p2a: Cresselia|Cresselia, F|88/100
|-damage|p2a: Cresselia|76/100|[from] Stealth Rock
|turn|22
|
|t:|1779603674
|switch|p1a: Volcanion|Volcanion|100/100
|move|p2a: Cresselia|Ice Beam|p1a: Volcanion
|-resisted|p1a: Volcanion
|-damage|p1a: Volcanion|97/100
|
|upkeep
|turn|23
|
|t:|1779603676
|move|p2a: Cresselia|Thunder Wave|p1a: Volcanion
|-status|p1a: Volcanion|par
|move|p1a: Volcanion|Taunt|p2a: Cresselia
|-start|p2a: Cresselia|move: Taunt
|
|upkeep
|turn|24
|
|t:|1779603684
|switch|p2a: Kingambit|Kingambit, F|100/100
|-damage|p2a: Kingambit|94/100|[from] Stealth Rock
|-damage|p2a: Kingambit|69/100|[from] Spikes
|-activate|p2a: Kingambit|ability: Supreme Overlord
|-start|p2a: Kingambit|fallen2|[silent]
|switch|p1a: Kingambit|Kingambit, M|100/100
|-damage|p1a: Kingambit|94/100|[from] Stealth Rock
|-activate|p1a: Kingambit|ability: Supreme Overlord
|-start|p1a: Kingambit|fallen2|[silent]
|-item|p1a: Kingambit|Air Balloon
|
|upkeep
|turn|25
|
|t:|1779603689
|-end|p1a: Kingambit|fallen2|[silent]
|switch|p1a: Iron Valiant|Iron Valiant|94/100
|-damage|p1a: Iron Valiant|88/100|[from] Stealth Rock
|move|p2a: Kingambit|Kowtow Cleave|p1a: Iron Valiant
|-resisted|p1a: Iron Valiant
|-crit|p1a: Iron Valiant
|-damage|p1a: Iron Valiant|56/100
|
|upkeep
|turn|26
|
|t:|1779603695
|-end|p2a: Kingambit|fallen2|[silent]
|switch|p2a: Cresselia|Cresselia, F|76/100
|-damage|p2a: Cresselia|63/100|[from] Stealth Rock
|move|p1a: Iron Valiant|Moonblast|p2a: Cresselia
|-damage|p2a: Cresselia|33/100
|
|upkeep
|turn|27
|
|t:|1779603700
|move|p1a: Iron Valiant|Knock Off|p2a: Cresselia
|-supereffective|p2a: Cresselia
|-damage|p2a: Cresselia|0 fnt
|-damage|p1a: Iron Valiant|39/100|[from] item: Rocky Helmet|[of] p2a: Cresselia
|-enditem|p2a: Cresselia|Rocky Helmet|[from] move: Knock Off|[of] p1a: Iron Valiant
|faint|p2a: Cresselia
|
|upkeep
|
|t:|1779603704
|switch|p2a: Ogerpon|Ogerpon-Wellspring, F|100/100
|-damage|p2a: Ogerpon|88/100|[from] Stealth Rock
|-damage|p2a: Ogerpon|63/100|[from] Spikes
|turn|28
|
|t:|1779603707
|move|p1a: Iron Valiant|Close Combat|p2a: Ogerpon
|-damage|p2a: Ogerpon|10/100
|-unboost|p1a: Iron Valiant|def|1
|-unboost|p1a: Iron Valiant|spd|1
|move|p2a: Ogerpon|Trailblaze|p1a: Iron Valiant
|-damage|p1a: Iron Valiant|0 fnt
|-boost|p2a: Ogerpon|spe|1
|faint|p1a: Iron Valiant
|-end|p1a: Iron Valiant|Quark Drive|[silent]
|
|upkeep
|
|t:|1779603722
|switch|p1a: Dragonite|Dragonite, M|100/100
|turn|29
|
|t:|1779603724
|move|p2a: Ogerpon|Synthesis|p2a: Ogerpon
|-heal|p2a: Ogerpon|60/100
|move|p1a: Dragonite|Dragon Dance|p1a: Dragonite
|-boost|p1a: Dragonite|atk|1
|-boost|p1a: Dragonite|spe|1
|
|upkeep
|turn|30
|
|t:|1779603736
|-terastallize|p1a: Dragonite|Normal
|move|p1a: Dragonite|Extreme Speed|p2a: Ogerpon
|-damage|p2a: Ogerpon|0 fnt
|faint|p2a: Ogerpon
|
|upkeep
|
|t:|1779603738
|switch|p2a: Escargoat|Wo-Chien|86/100
|-damage|p2a: Escargoat|74/100|[from] Stealth Rock
|-damage|p2a: Escargoat|49/100|[from] Spikes
|-ability|p2a: Escargoat|Tablets of Ruin
|turn|31
|
|t:|1779603742
|move|p1a: Dragonite|Ice Spinner|p2a: Escargoat
|-supereffective|p2a: Escargoat
|-damage|p2a: Escargoat|0 fnt
|faint|p2a: Escargoat
|
|upkeep
|-message|Ceo O Wo Chien forfeited.
|
|win|clorox man
|raw|clorox man's rating: 1750 &rarr; <strong>1772</strong><br />(+22 for winning)
|raw|Ceo O Wo Chien's rating: 1778 &rarr; <strong>1756</strong><br />(-22 for losing)
|l|☆Ceo O Wo Chien
|player|p2|
