|j|☆OscarGamble
|j|☆seven-iwnl
|t:|1779685400
|gametype|singles
|player|p1|OscarGamble|1|1527
|player|p2|seven-iwnl|ghetsis|1509
|gen|9
|tier|[Gen 9] OU
|rated|
|rule|HP Percentage Mod: HP is shown in percentages
|rule|Endless Battle Clause: Forcing endless battles is banned
|rule|Species Clause: Limit one of each Pokémon
|rule|OHKO Clause: OHKO moves are banned
|rule|Evasion Items Clause: Evasion items are banned
|rule|Evasion Moves Clause: Evasion moves are banned
|rule|Evasion Abilities Clause: Evasion abilities are banned
|rule|Sleep Moves Clause: Sleep-inducing moves are banned
|clearpoke
|poke|p1|Dragonite, F|
|poke|p1|Slowking-Galar, M|
|poke|p1|Gholdengo|
|poke|p1|Moltres|
|poke|p1|Samurott-Hisui, F|
|poke|p1|Corviknight, M|
|poke|p2|Raging Bolt|
|poke|p2|Ribombee, F|
|poke|p2|Gholdengo|
|poke|p2|Great Tusk|
|poke|p2|Ogerpon-Cornerstone, F|
|poke|p2|Ceruledge, M|
|teampreview
|inactive|Battle timer is ON: inactive players will automatically lose when time's up. (requested by OscarGamble)
|j| testingrainteam1
|
|t:|1779685413
|teamsize|p1|6
|teamsize|p2|6
|start
|switch|p1a: Corviknight|Corviknight, M|100/100
|switch|p2a: Ogerpon|Ogerpon-Cornerstone, F|100/100
|-ability|p1a: Corviknight|Pressure
|turn|1
|
|t:|1779685424
|switch|p2a: Raging Bolt|Raging Bolt|100/100
|-enditem|p2a: Raging Bolt|Booster Energy
|-activate|p2a: Raging Bolt|ability: Protosynthesis|[fromitem]
|-start|p2a: Raging Bolt|protosynthesisspa
|move|p1a: Corviknight|Body Press|p2a: Raging Bolt
|-damage|p2a: Raging Bolt|77/100
|
|upkeep
|turn|2
|
|t:|1779685434
|switch|p1a: Slowking|Slowking-Galar, M|100/100
|move|p2a: Raging Bolt|Calm Mind|p2a: Raging Bolt
|-boost|p2a: Raging Bolt|spa|1
|-boost|p2a: Raging Bolt|spd|1
|
|upkeep
|turn|3
|
|t:|1779685443
|move|p2a: Raging Bolt|Thunderbolt|p1a: Slowking
|-damage|p1a: Slowking|41/100
|-prepare|p1a: Slowking|Chilly Reception|[premajor]
|move|p1a: Slowking|Chilly Reception|p1a: Slowking
|-weather|Snowscape
|
|t:|1779685451
|switch|p1a: Dragonite|Dragonite, F|100/100|[from] Chilly Reception
|
|-weather|Snowscape|[upkeep]
|upkeep
|turn|4
|
|t:|1779685460
|-terastallize|p2a: Raging Bolt|Ghost
|move|p2a: Raging Bolt|Dragon Pulse|p1a: Dragonite
|-supereffective|p1a: Dragonite
|-damage|p1a: Dragonite|29/100
|move|p1a: Dragonite|Earthquake|p2a: Raging Bolt
|-damage|p2a: Raging Bolt|50/100
|
|-weather|Snowscape|[upkeep]
|upkeep
|turn|5
|
|t:|1779685474
|move|p2a: Raging Bolt|Thunderbolt|p1a: Dragonite
|-damage|p1a: Dragonite|0 fnt
|faint|p1a: Dragonite
|
|-weather|Snowscape|[upkeep]
|upkeep
|
|t:|1779685478
|switch|p1a: Samurott|Samurott-Hisui, F|100/100
|turn|6
|
|t:|1779685482
|move|p2a: Raging Bolt|Thunderclap|p1a: Samurott
|-supereffective|p1a: Samurott
|-damage|p1a: Samurott|0 fnt
|faint|p1a: Samurott
|
|-weather|Snowscape|[upkeep]
|upkeep
|
|t:|1779685487
|switch|p1a: Gholdengo|Gholdengo|100/100
|turn|7
|
|t:|1779685492
|move|p1a: Gholdengo|Hex|p2a: Raging Bolt
|-supereffective|p2a: Raging Bolt
|-damage|p2a: Raging Bolt|1/100
|move|p2a: Raging Bolt|Thunderbolt|p1a: Gholdengo
|-damage|p1a: Gholdengo|0 fnt
|faint|p1a: Gholdengo
|
|-weather|none
|upkeep
|-message|OscarGamble forfeited.
|
|win|seven-iwnl
|raw|OscarGamble's rating: 1527 &rarr; <strong>1506</strong><br />(-21 for losing)
|raw|seven-iwnl's rating: 1509 &rarr; <strong>1530</strong><br />(+21 for winning)
|l|☆OscarGamble
|player|p1|
|l|☆seven-iwnl
|player|p2|
