|j|☆my shitters
|j|☆PlashShlate
|t:|1779641102
|gametype|singles
|player|p1|my shitters|dancer-gen7|1516
|player|p2|PlashShlate|2|1497
|gen|9
|tier|[Gen 9] OU
|rated|
|rule|HP Percentage Mod: HP is shown in percentages
|rule|Endless Battle Clause: Forcing endless battles is banned
|rule|Species Clause: Limit one of each Pokémon
|rule|OHKO Clause: OHKO moves are banned
|rule|Evasion Items Clause: Evasion items are banned
|rule|Evasion Moves Clause: Evasion moves are banned
|rule|Evasion Abilities Clause: Evasion abilities are banned
|rule|Sleep Moves Clause: Sleep-inducing moves are banned
|clearpoke
|poke|p1|Sableye, F|
|poke|p1|Alcremie-Ruby-Swirl, F|
|poke|p1|Squawkabilly-Blue, F|
|poke|p1|Primeape, F|
|poke|p1|Brute Bonnet|
|poke|p1|Ursaring, F|
|poke|p2|Landorus-Therian, M|
|poke|p2|Gholdengo|
|poke|p2|Rillaboom, M|
|poke|p2|Walking Wake|
|poke|p2|Volcanion|
|poke|p2|Zamazenta-*|
|teampreview
|inactive|Battle timer is ON: inactive players will automatically lose when time's up. (requested by PlashShlate)
|inactive|my shitters also wants the timer to be on.
|c|☆my shitters|lmao
|c|☆my shitters|i thought you were splash
|c|☆PlashShlate|nah im plash gang
|inactive|my shitters has 120 seconds left.
|inactive|PlashShlate has 120 seconds left.
|c|☆my shitters|lol
|c|☆my shitters|glhf
|c|☆PlashShlate|glhf!
|inactive|my shitters has 90 seconds left.
|
|t:|1779641185
|teamsize|p1|6
|teamsize|p2|6
|start
|switch|p1a: BillyBlutcher|Squawkabilly-Blue, F|100/100
|switch|p2a: Volcanion|Volcanion|100/100
|-ability|p1a: BillyBlutcher|Intimidate|boost
|-unboost|p2a: Volcanion|atk|1
|turn|1
|
|t:|1779641191
|move|p1a: BillyBlutcher|U-turn|p2a: Volcanion
|-resisted|p2a: Volcanion
|-damage|p2a: Volcanion|93/100
|inactive|my shitters has 120 seconds left.
|
|t:|1779641231
|switch|p1a: GemPostin|Sableye, F|100/100|[from] U-turn
|move|p2a: Volcanion|Will-O-Wisp|p1a: GemPostin
|-status|p1a: GemPostin|brn
|
|-damage|p1a: GemPostin|95/100 brn|[from] brn
|upkeep
|turn|2
|
|t:|1779641248
|switch|p2a: Landorus|Landorus-Therian, M|100/100
|-ability|p2a: Landorus|Intimidate|boost
|-unboost|p1a: GemPostin|atk|1
|move|p1a: GemPostin|Light Screen|p1a: GemPostin
|-sidestart|p1: my shitters|move: Light Screen
|
|-damage|p1a: GemPostin|89/100 brn|[from] brn
|upkeep
|turn|3
|
|t:|1779641258
|move|p1a: GemPostin|Taunt|p2a: Landorus
|-start|p2a: Landorus|move: Taunt
|cant|p2a: Landorus|move: Taunt|Stealth Rock
|
|-damage|p1a: GemPostin|83/100 brn|[from] brn
|upkeep
|turn|4
|
|t:|1779641260
|move|p1a: GemPostin|Reflect|p1a: GemPostin
|-sidestart|p1: my shitters|Reflect
|move|p2a: Landorus|U-turn|p1a: GemPostin
|-damage|p1a: GemPostin|73/100 brn
|
|t:|1779641265
|switch|p2a: Volcanion|Volcanion|93/100|[from] U-turn
|
|-damage|p1a: GemPostin|67/100 brn|[from] brn
|upkeep
|turn|5
|
|t:|1779641276
|switch|p2a: Landorus|Landorus-Therian, M|100/100
|-ability|p2a: Landorus|Intimidate|boost
|-unboost|p1a: GemPostin|atk|1
|switch|p1a: OnePunchBear|Ursaring, F|100/100
|
|-status|p1a: OnePunchBear|brn|[from] item: Flame Orb
|upkeep
|turn|6
|
|t:|1779641283
|move|p2a: Landorus|U-turn|p1a: OnePunchBear
|-crit|p1a: OnePunchBear
|-damage|p1a: OnePunchBear|58/100 brn
|
|t:|1779641285
|switch|p2a: Gholdengo|Gholdengo|100/100|[from] U-turn
|move|p1a: OnePunchBear|Facade|p2a: Gholdengo
|-immune|p2a: Gholdengo
|
|-damage|p1a: OnePunchBear|52/100 brn|[from] brn
|upkeep
|turn|7
|
|t:|1779641291
|switch|p2a: Landorus|Landorus-Therian, M|100/100
|-ability|p2a: Landorus|Intimidate|boost
|-unboost|p1a: OnePunchBear|atk|1
|move|p1a: OnePunchBear|Earthquake|p2a: Landorus
|-immune|p2a: Landorus
|
|-damage|p1a: OnePunchBear|46/100 brn|[from] brn
|upkeep
|turn|8
|
|t:|1779641296
|move|p2a: Landorus|Stealth Rock|p1a: OnePunchBear
|-sidestart|p1: my shitters|move: Stealth Rock
|move|p1a: OnePunchBear|Facade|p2a: Landorus
|-damage|p2a: Landorus|29/100
|-damage|p1a: OnePunchBear|29/100 brn|[from] item: Rocky Helmet|[of] p2a: Landorus
|
|-damage|p1a: OnePunchBear|23/100 brn|[from] brn
|upkeep
|turn|9
|
|t:|1779641300
|move|p2a: Landorus|Earth Power|p1a: OnePunchBear
|-damage|p1a: OnePunchBear|4/100 brn
|move|p1a: OnePunchBear|Earthquake|p2a: Landorus
|-immune|p2a: Landorus
|
|-damage|p1a: OnePunchBear|0 fnt|[from] brn
|faint|p1a: OnePunchBear
|-sideend|p1: my shitters|move: Light Screen
|upkeep
|
|t:|1779641327
|switch|p1a: BillyBlutcher|Squawkabilly-Blue, F|100/100
|-damage|p1a: BillyBlutcher|76/100|[from] Stealth Rock
|-ability|p1a: BillyBlutcher|Intimidate|boost
|-unboost|p2a: Landorus|atk|1
|turn|10
|
|t:|1779641347
|move|p1a: BillyBlutcher|Brave Bird|p2a: Landorus
|-damage|p2a: Landorus|0 fnt
|-damage|p1a: BillyBlutcher|59/100|[from] item: Rocky Helmet|[of] p2a: Landorus
|faint|p2a: Landorus
|-damage|p1a: BillyBlutcher|49/100|[from] Recoil
|
|upkeep
|
|t:|1779641354
|switch|p2a: Volcanion|Volcanion|93/100
|turn|11
|
|t:|1779641361
|move|p1a: BillyBlutcher|Brave Bird|p2a: Volcanion
|-damage|p2a: Volcanion|53/100
|-damage|p1a: BillyBlutcher|38/100|[from] Recoil
|move|p2a: Volcanion|Flamethrower|p1a: BillyBlutcher
|-damage|p1a: BillyBlutcher|0 fnt
|faint|p1a: BillyBlutcher
|
|-sideend|p1: my shitters|Reflect
|upkeep
|
|t:|1779641375
|switch|p1a: UngaBoonguss|Brute Bonnet|100/100
|-damage|p1a: UngaBoonguss|88/100|[from] Stealth Rock
|-enditem|p1a: UngaBoonguss|Booster Energy
|-activate|p1a: UngaBoonguss|ability: Protosynthesis|[fromitem]
|-start|p1a: UngaBoonguss|protosynthesisatk
|turn|12
|
|t:|1779641381
|move|p2a: Volcanion|Will-O-Wisp|p1a: UngaBoonguss
|-status|p1a: UngaBoonguss|brn
|move|p1a: UngaBoonguss|Crunch|p2a: Volcanion
|-damage|p2a: Volcanion|28/100
|
|-damage|p1a: UngaBoonguss|82/100 brn|[from] brn
|upkeep
|turn|13
|
|t:|1779641388
|move|p1a: UngaBoonguss|Sucker Punch|p2a: Volcanion
|-crit|p2a: Volcanion
|-damage|p2a: Volcanion|0 fnt
|faint|p2a: Volcanion
|
|-damage|p1a: UngaBoonguss|76/100 brn|[from] brn
|upkeep
|
|t:|1779641391
|switch|p2a: Rillaboom|Rillaboom, M|100/100
|-fieldstart|move: Grassy Terrain|[from] ability: Grassy Surge|[of] p2a: Rillaboom
|turn|14
|
|t:|1779641401
|-end|p1a: UngaBoonguss|Protosynthesis|[silent]
|switch|p1a: GemPostin|Sableye, F|67/100 brn
|-damage|p1a: GemPostin|55/100 brn|[from] Stealth Rock
|move|p2a: Rillaboom|Swords Dance|p2a: Rillaboom
|-boost|p2a: Rillaboom|atk|2
|
|-heal|p1a: GemPostin|61/100 brn|[from] Grassy Terrain
|-damage|p1a: GemPostin|55/100 brn|[from] brn
|upkeep
|turn|15
|
|t:|1779641404
|move|p2a: Rillaboom|Grassy Glide|p1a: GemPostin
|-damage|p1a: GemPostin|0 fnt
|faint|p1a: GemPostin
|-damage|p2a: Rillaboom|91/100|[from] item: Life Orb
|
|-heal|p2a: Rillaboom|97/100|[from] Grassy Terrain
|upkeep
|
|t:|1779641429
|switch|p1a: PonnieColeman|Primeape, F|100/100
|-damage|p1a: PonnieColeman|95/100|[from] Stealth Rock
|turn|16
|
|t:|1779641435
|-terastallize|p1a: PonnieColeman|Fire
|move|p2a: Rillaboom|Grassy Glide|p1a: PonnieColeman
|-resisted|p1a: PonnieColeman
|-damage|p1a: PonnieColeman|41/100
|-damage|p2a: Rillaboom|87/100|[from] item: Life Orb
|move|p1a: PonnieColeman|Drain Punch|p2a: Rillaboom
|-damage|p2a: Rillaboom|58/100
|-heal|p1a: PonnieColeman|56/100|[from] drain|[of] p2a: Rillaboom
|
|-heal|p1a: PonnieColeman|62/100|[from] Grassy Terrain
|-heal|p2a: Rillaboom|65/100|[from] Grassy Terrain
|upkeep
|turn|17
|
|t:|1779641439
|move|p1a: PonnieColeman|Drain Punch|p2a: Rillaboom
|-damage|p2a: Rillaboom|38/100
|-heal|p1a: PonnieColeman|77/100|[from] drain|[of] p2a: Rillaboom
|move|p2a: Rillaboom|Knock Off|p1a: PonnieColeman
|-crit|p1a: PonnieColeman
|-damage|p1a: PonnieColeman|0 fnt
|-enditem|p1a: PonnieColeman|Eviolite|[from] move: Knock Off|[of] p2a: Rillaboom
|faint|p1a: PonnieColeman
|-damage|p2a: Rillaboom|28/100|[from] item: Life Orb
|
|-heal|p2a: Rillaboom|34/100|[from] Grassy Terrain
|upkeep
|-message|my shitters forfeited.
|
|win|PlashShlate
|raw|my shitters's rating: 1516 &rarr; <strong>1495</strong><br />(-21 for losing)
|raw|PlashShlate's rating: 1497 &rarr; <strong>1518</strong><br />(+21 for winning)
|l|☆my shitters
|player|p1|
|c|☆PlashShlate|mb bro
|l|☆PlashShlate
|player|p2|
