|j|☆Pokemon blodown
|j|☆Astrellita
|t:|1779720777
|gametype|singles
|player|p1|Pokemon blodown|170|1137
|player|p2|Astrellita|102|1168
|gen|9
|tier|[Gen 9] OU
|rated|
|rule|HP Percentage Mod: HP is shown in percentages
|rule|Endless Battle Clause: Forcing endless battles is banned
|rule|Species Clause: Limit one of each Pokémon
|rule|OHKO Clause: OHKO moves are banned
|rule|Evasion Items Clause: Evasion items are banned
|rule|Evasion Moves Clause: Evasion moves are banned
|rule|Evasion Abilities Clause: Evasion abilities are banned
|rule|Sleep Moves Clause: Sleep-inducing moves are banned
|clearpoke
|poke|p1|Hitmontop, M|
|poke|p1|Corviknight, M|
|poke|p1|Kyurem|
|poke|p1|Golurk|
|poke|p1|Umbreon, F|
|poke|p1|Azumarill, F|
|poke|p2|Hawlucha, F|
|poke|p2|Samurott-Hisui, F|
|poke|p2|Rillaboom, F|
|poke|p2|Gholdengo|
|poke|p2|Kyurem|
|poke|p2|Landorus-Therian, M|
|teampreview
|inactive|Battle timer is ON: inactive players will automatically lose when time's up. (requested by Pokemon blodown)
|
|t:|1779720795
|teamsize|p1|6
|teamsize|p2|6
|start
|switch|p1a: Kyurem|Kyurem|100/100
|switch|p2a: Samurott|Samurott-Hisui, F|100/100
|-ability|p1a: Kyurem|Pressure
|turn|1
|
|t:|1779720811
|switch|p2a: Gholdengo|Gholdengo|100/100
|move|p1a: Kyurem|Freeze-Dry|p2a: Gholdengo
|-resisted|p2a: Gholdengo
|-damage|p2a: Gholdengo|75/100
|
|upkeep
|turn|2
|
|t:|1779720822
|switch|p1a: Umbreon|Umbreon, F|100/100
|move|p2a: Gholdengo|Make It Rain|p1a: Umbreon
|-damage|p1a: Umbreon|61/100
|-unboost|p2a: Gholdengo|spa|1
|
|-heal|p1a: Umbreon|68/100|[from] item: Leftovers
|upkeep
|turn|3
|
|t:|1779720833
|switch|p2a: Samurott|Samurott-Hisui, F|100/100
|move|p1a: Umbreon|Wish|p1a: Umbreon
|
|-heal|p1a: Umbreon|74/100|[from] item: Leftovers
|upkeep
|turn|4
|
|t:|1779720840
|move|p1a: Umbreon|Protect|p1a: Umbreon
|-singleturn|p1a: Umbreon|Protect
|move|p2a: Samurott|Ceaseless Edge|p1a: Umbreon
|-activate|p1a: Umbreon|move: Protect
|
|-heal|p1a: Umbreon|100/100|[from] move: Wish|[wisher] Umbreon
|upkeep
|turn|5
|
|t:|1779720846
|switch|p1a: Corviknight|Corviknight, M|100/100
|-ability|p1a: Corviknight|Pressure
|move|p2a: Samurott|Ceaseless Edge|p1a: Corviknight
|-damage|p1a: Corviknight|75/100
|-damage|p2a: Samurott|84/100|[from] item: Rocky Helmet|[of] p1a: Corviknight
|-sidestart|p1: Pokemon blodown|Spikes
|
|upkeep
|turn|6
|
|t:|1779720855
|move|p2a: Samurott|Knock Off|p1a: Corviknight
|-damage|p1a: Corviknight|50/100
|-damage|p2a: Samurott|67/100|[from] item: Rocky Helmet|[of] p1a: Corviknight
|-enditem|p1a: Corviknight|Rocky Helmet|[from] move: Knock Off|[of] p2a: Samurott
|move|p1a: Corviknight|Body Press|p2a: Samurott
|-supereffective|p2a: Samurott
|-damage|p2a: Samurott|5/100
|
|upkeep
|turn|7
|
|t:|1779720865
|move|p2a: Samurott|Flip Turn|p1a: Corviknight
|-damage|p1a: Corviknight|34/100
|
|t:|1779720872
|switch|p2a: Landorus|Landorus-Therian, M|100/100|[from] Flip Turn
|-ability|p2a: Landorus|Intimidate|boost
|-unboost|p1a: Corviknight|atk|1
|move|p1a: Corviknight|Body Press|p2a: Landorus
|-resisted|p2a: Landorus
|-damage|p2a: Landorus|89/100
|-damage|p1a: Corviknight|17/100|[from] item: Rocky Helmet|[of] p2a: Landorus
|
|upkeep
|turn|8
|
|t:|1779720884
|move|p2a: Landorus|Taunt|p1a: Corviknight
|-start|p1a: Corviknight|move: Taunt
|cant|p1a: Corviknight|move: Taunt|Roost
|
|upkeep
|turn|9
|
|t:|1779720897
|switch|p1a: Kyurem|Kyurem|100/100
|-damage|p1a: Kyurem|88/100|[from] Spikes
|-ability|p1a: Kyurem|Pressure
|move|p2a: Landorus|Stealth Rock|p1a: Kyurem
|-sidestart|p1: Pokemon blodown|move: Stealth Rock
|
|upkeep
|turn|10
|
|t:|1779720912
|switch|p2a: Samurott|Samurott-Hisui, F|5/100
|move|p1a: Kyurem|Freeze-Dry|p2a: Samurott
|-supereffective|p2a: Samurott
|-damage|p2a: Samurott|0 fnt
|faint|p2a: Samurott
|
|upkeep
|
|t:|1779720928
|switch|p2a: Kyurem|Kyurem|100/100
|-ability|p2a: Kyurem|Pressure
|turn|11
|
|t:|1779720940
|switch|p1a: Hitmontop|Hitmontop, M|100/100
|-damage|p1a: Hitmontop|88/100|[from] Spikes
|-damage|p1a: Hitmontop|82/100|[from] Stealth Rock
|move|p2a: Kyurem|Focus Blast|p1a: Hitmontop
|-damage|p1a: Hitmontop|51/100
|
|upkeep
|turn|12
|
|t:|1779720955
|switch|p2a: Gholdengo|Gholdengo|75/100
|move|p1a: Hitmontop|Fake Out|p2a: Gholdengo
|-immune|p2a: Gholdengo
|
|upkeep
|turn|13
|
|t:|1779720962
|switch|p1a: Umbreon|Umbreon, F|100/100
|-damage|p1a: Umbreon|88/100|[from] Spikes
|-damage|p1a: Umbreon|76/100|[from] Stealth Rock
|move|p2a: Gholdengo|Trick|p1a: Umbreon
|-activate|p2a: Gholdengo|move: Trick|[of] p1a: Umbreon
|-item|p1a: Umbreon|Choice Scarf|[from] move: Trick
|-item|p2a: Gholdengo|Leftovers|[from] move: Trick
|
|-heal|p2a: Gholdengo|81/100|[from] item: Leftovers
|upkeep
|turn|14
|
|t:|1779720983
|switch|p2a: Rillaboom|Rillaboom, F|100/100
|-fieldstart|move: Grassy Terrain|[from] ability: Grassy Surge|[of] p2a: Rillaboom
|move|p1a: Umbreon|Wish|p1a: Umbreon
|
|-heal|p1a: Umbreon|82/100|[from] Grassy Terrain
|upkeep
|turn|15
|
|t:|1779720991
|switch|p1a: Hitmontop|Hitmontop, M|51/100
|-damage|p1a: Hitmontop|38/100|[from] Spikes
|-damage|p1a: Hitmontop|32/100|[from] Stealth Rock
|move|p2a: Rillaboom|Swords Dance|p2a: Rillaboom
|-boost|p2a: Rillaboom|atk|2
|
|-heal|p1a: Hitmontop|97/100|[from] move: Wish|[wisher] Umbreon
|-heal|p1a: Hitmontop|100/100|[from] Grassy Terrain
|upkeep
|turn|16
|
|t:|1779721001
|move|p1a: Hitmontop|Fake Out|p2a: Rillaboom
|-damage|p2a: Rillaboom|86/100
|cant|p2a: Rillaboom|flinch
|
|-heal|p2a: Rillaboom|92/100|[from] Grassy Terrain
|upkeep
|turn|17
|
|t:|1779721010
|move|p2a: Rillaboom|Wood Hammer|p1a: Hitmontop
|-damage|p1a: Hitmontop|0 fnt
|faint|p1a: Hitmontop
|-damage|p2a: Rillaboom|65/100|[from] Recoil
|
|-heal|p2a: Rillaboom|71/100|[from] Grassy Terrain
|upkeep
|
|t:|1779721021
|switch|p1a: Azumarill|Azumarill, F|100/100
|-damage|p1a: Azumarill|88/100|[from] Spikes
|-damage|p1a: Azumarill|76/100|[from] Stealth Rock
|turn|18
|
|t:|1779721026
|move|p2a: Rillaboom|Grassy Glide|p1a: Azumarill
|-ability|p1a: Azumarill|Sap Sipper|boost
|-boost|p1a: Azumarill|atk|1
|move|p1a: Azumarill|Encore|p2a: Rillaboom
|-start|p2a: Rillaboom|Encore
|
|-heal|p2a: Rillaboom|77/100|[from] Grassy Terrain
|-heal|p1a: Azumarill|82/100|[from] Grassy Terrain
|-heal|p1a: Azumarill|88/100|[from] item: Leftovers
|-fieldend|move: Grassy Terrain
|upkeep
|turn|19
|
|t:|1779721039
|switch|p2a: Kyurem|Kyurem|100/100
|-ability|p2a: Kyurem|Pressure
|move|p1a: Azumarill|Whirlpool|p2a: Kyurem
|-resisted|p2a: Kyurem
|-damage|p2a: Kyurem|98/100
|-activate|p2a: Kyurem|move: Whirlpool|[of] p1a: Azumarill
|
|-heal|p1a: Azumarill|94/100|[from] item: Leftovers
|-damage|p2a: Kyurem|85/100|[from] move: Whirlpool|[partiallytrapped]
|upkeep
|turn|20
|
|t:|1779721052
|-terastallize|p1a: Azumarill|Steel
|move|p2a: Kyurem|Freeze-Dry|p1a: Azumarill
|-resisted|p1a: Azumarill
|-damage|p1a: Azumarill|79/100
|move|p1a: Azumarill|Perish Song|p1a: Azumarill
|-start|p1a: Azumarill|perish3|[silent]
|-start|p2a: Kyurem|perish3|[silent]
|-fieldactivate|move: Perish Song
|
|-heal|p1a: Azumarill|86/100|[from] item: Leftovers
|-damage|p2a: Kyurem|73/100|[from] move: Whirlpool|[partiallytrapped]
|-start|p2a: Kyurem|perish3
|-start|p1a: Azumarill|perish3
|upkeep
|turn|21
|
|t:|1779721066
|move|p2a: Kyurem|Focus Blast|p1a: Azumarill|[miss]
|-miss|p2a: Kyurem|p1a: Azumarill
|move|p1a: Azumarill|Encore|p2a: Kyurem
|-start|p2a: Kyurem|Encore
|
|-heal|p1a: Azumarill|92/100|[from] item: Leftovers
|-damage|p2a: Kyurem|61/100|[from] move: Whirlpool|[partiallytrapped]
|-start|p2a: Kyurem|perish2
|-start|p1a: Azumarill|perish2
|upkeep
|turn|22
|
|t:|1779721076
|switch|p1a: Golurk|Golurk|100/100
|-damage|p1a: Golurk|88/100|[from] Spikes
|-damage|p1a: Golurk|82/100|[from] Stealth Rock
|move|p2a: Kyurem|Focus Blast|p1a: Golurk
|-immune|p1a: Golurk
|
|-heal|p1a: Golurk|88/100|[from] item: Leftovers
|-end|p2a: Kyurem|Whirlpool|[partiallytrapped]|[silent]
|-start|p2a: Kyurem|perish1
|upkeep
|turn|23
|
|t:|1779721091
|switch|p2a: Rillaboom|Rillaboom, F|77/100
|-fieldstart|move: Grassy Terrain|[from] ability: Grassy Surge|[of] p2a: Rillaboom
|move|p1a: Golurk|Poltergeist|p2a: Rillaboom
|-activate|p2a: Rillaboom|move: Poltergeist|Lum Berry
|-damage|p2a: Rillaboom|37/100
|
|-heal|p2a: Rillaboom|43/100|[from] Grassy Terrain
|-heal|p1a: Golurk|94/100|[from] Grassy Terrain
|-heal|p1a: Golurk|99/100|[from] item: Leftovers
|upkeep
|turn|24
|
|t:|1779721109
|switch|p1a: Azumarill|Azumarill, F, tera:Steel|92/100
|-damage|p1a: Azumarill|79/100|[from] Spikes
|-damage|p1a: Azumarill|73/100|[from] Stealth Rock
|move|p2a: Rillaboom|Knock Off|p1a: Azumarill
|-damage|p1a: Azumarill|40/100
|-enditem|p1a: Azumarill|Leftovers|[from] move: Knock Off|[of] p2a: Rillaboom
|
|-heal|p2a: Rillaboom|50/100|[from] Grassy Terrain
|-heal|p1a: Azumarill|46/100|[from] Grassy Terrain
|upkeep
|turn|25
|
|t:|1779721126
|switch|p2a: Kyurem|Kyurem|61/100
|-ability|p2a: Kyurem|Pressure
|switch|p1a: Umbreon|Umbreon, F|82/100
|-damage|p1a: Umbreon|69/100|[from] Spikes
|-damage|p1a: Umbreon|57/100|[from] Stealth Rock
|
|-heal|p2a: Kyurem|67/100|[from] Grassy Terrain
|-heal|p1a: Umbreon|63/100|[from] Grassy Terrain
|upkeep
|turn|26
|
|t:|1779721137
|move|p2a: Kyurem|Focus Blast|p1a: Umbreon
|-supereffective|p1a: Umbreon
|-damage|p1a: Umbreon|12/100
|move|p1a: Umbreon|Wish|p1a: Umbreon
|
|-heal|p2a: Kyurem|73/100|[from] Grassy Terrain
|-heal|p1a: Umbreon|18/100|[from] Grassy Terrain
|upkeep
|turn|27
|
|t:|1779721153
|switch|p2a: Hawlucha|Hawlucha, F|100/100
|-enditem|p2a: Hawlucha|Grassy Seed
|-boost|p2a: Hawlucha|def|1|[from] item: Grassy Seed
|switch|p1a: Golurk|Golurk|99/100
|-damage|p1a: Golurk|88/100|[from] Spikes
|-damage|p1a: Golurk|82/100|[from] Stealth Rock
|
|-heal|p1a: Golurk|100/100|[from] move: Wish|[wisher] Umbreon
|-fieldend|move: Grassy Terrain
|upkeep
|turn|28
|
|t:|1779721170
|move|p2a: Hawlucha|Swords Dance|p2a: Hawlucha
|-boost|p2a: Hawlucha|atk|2
|move|p1a: Golurk|Dynamic Punch|p2a: Hawlucha
|-resisted|p2a: Hawlucha
|-damage|p2a: Hawlucha|90/100
|-start|p2a: Hawlucha|confusion
|
|upkeep
|turn|29
|
|t:|1779721180
|-activate|p2a: Hawlucha|confusion
|move|p2a: Hawlucha|Swords Dance|p2a: Hawlucha
|-boost|p2a: Hawlucha|atk|2
|move|p1a: Golurk|Stone Edge|p2a: Hawlucha
|-damage|p2a: Hawlucha|68/100
|
|upkeep
|turn|30
|
|t:|1779721189
|-activate|p2a: Hawlucha|confusion
|move|p2a: Hawlucha|Acrobatics|p1a: Golurk
|-damage|p1a: Golurk|0 fnt
|faint|p1a: Golurk
|
|upkeep
|
|t:|1779721192
|switch|p1a: Umbreon|Umbreon, F|18/100
|-damage|p1a: Umbreon|6/100|[from] Spikes
|-damage|p1a: Umbreon|0 fnt|[from] Stealth Rock
|faint|p1a: Umbreon
|
|t:|1779721194
|switch|p1a: Corviknight|Corviknight, M|17/100
|-damage|p1a: Corviknight|5/100|[from] Stealth Rock
|-ability|p1a: Corviknight|Pressure
|turn|31
|
|t:|1779721199
|-activate|p2a: Hawlucha|confusion
|move|p2a: Hawlucha|Roost|p2a: Hawlucha
|-heal|p2a: Hawlucha|100/100
|-singleturn|p2a: Hawlucha|move: Roost
|move|p1a: Corviknight|Roost|p1a: Corviknight
|-heal|p1a: Corviknight|55/100
|-singleturn|p1a: Corviknight|move: Roost
|
|upkeep
|turn|32
|
|t:|1779721208
|-end|p2a: Hawlucha|confusion
|move|p2a: Hawlucha|Low Kick|p1a: Corviknight
|-damage|p1a: Corviknight|0 fnt
|faint|p1a: Corviknight
|
|upkeep
|
|t:|1779721211
|switch|p1a: Azumarill|Azumarill, F, tera:Steel|46/100
|-damage|p1a: Azumarill|34/100|[from] Spikes
|-damage|p1a: Azumarill|27/100|[from] Stealth Rock
|turn|33
|
|t:|1779721214
|move|p2a: Hawlucha|Low Kick|p1a: Azumarill
|-supereffective|p1a: Azumarill
|-damage|p1a: Azumarill|0 fnt
|faint|p1a: Azumarill
|
|upkeep
|
|t:|1779721215
|switch|p1a: Kyurem|Kyurem|88/100
|-damage|p1a: Kyurem|75/100|[from] Spikes
|-damage|p1a: Kyurem|50/100|[from] Stealth Rock
|-ability|p1a: Kyurem|Pressure
|turn|34
|
|t:|1779721219
|move|p2a: Hawlucha|Low Kick|p1a: Kyurem
|-supereffective|p1a: Kyurem
|-damage|p1a: Kyurem|0 fnt
|faint|p1a: Kyurem
|
|win|Astrellita
|raw|Pokemon blodown's rating: 1137 &rarr; <strong>1114</strong><br />(-23 for losing)
|raw|Astrellita's rating: 1168 &rarr; <strong>1191</strong><br />(+23 for winning)
|l|☆Pokemon blodown
|player|p1|
|l|☆Astrellita
|player|p2|
