|j|☆xsilver069623
|j|☆immaterial-light
|t:|1779598675
|gametype|singles
|player|p1|xsilver069623|silver|1346
|player|p2|immaterial-light|170|1334
|gen|9
|tier|[Gen 9] OU
|rated|
|rule|HP Percentage Mod: HP is shown in percentages
|rule|Endless Battle Clause: Forcing endless battles is banned
|rule|Species Clause: Limit one of each Pokémon
|rule|OHKO Clause: OHKO moves are banned
|rule|Evasion Items Clause: Evasion items are banned
|rule|Evasion Moves Clause: Evasion moves are banned
|rule|Evasion Abilities Clause: Evasion abilities are banned
|rule|Sleep Moves Clause: Sleep-inducing moves are banned
|clearpoke
|poke|p1|Volcanion|
|poke|p1|Zoroark-Hisui, F|
|poke|p1|Reuniclus, F|
|poke|p1|Scizor, F|
|poke|p1|Darkrai|
|poke|p1|Kommo-o, M|
|poke|p2|Cresselia, F|
|poke|p2|Hatterene, F|
|poke|p2|Iron Hands|
|poke|p2|Ursaluna, M|
|poke|p2|Vikavolt, F|
|poke|p2|Porygon2|
|teampreview
|inactive|Battle timer is ON: inactive players will automatically lose when time's up. (requested by xsilver069623)
|
|t:|1779598691
|teamsize|p1|6
|teamsize|p2|6
|start
|switch|p1a: Reuniclus|Reuniclus, F|100/100
|switch|p2a: Porygon2|Porygon2|100/100
|-ability|p2a: Porygon2|Download|boost
|-boost|p2a: Porygon2|spa|1
|turn|1
|
|t:|1779598701
|move|p1a: Reuniclus|Light Screen|p1a: Reuniclus
|-sidestart|p1: xsilver069623|move: Light Screen
|move|p2a: Porygon2|Trick Room|p2a: Porygon2
|-fieldstart|move: Trick Room|[of] p2a: Porygon2
|
|upkeep
|turn|2
|
|t:|1779598706
|switch|p2a: Vikavolt|Vikavolt, F|100/100
|move|p1a: Reuniclus|Thunder Wave|p2a: Vikavolt
|-immune|p2a: Vikavolt
|
|upkeep
|turn|3
|
|t:|1779598716
|move|p2a: Vikavolt|Bug Buzz|p1a: Reuniclus
|-supereffective|p1a: Reuniclus
|-damage|p1a: Reuniclus|32/100
|move|p1a: Reuniclus|Future Sight|p2a: Vikavolt
|-start|p1a: Reuniclus|move: Future Sight
|
|upkeep
|turn|4
|
|t:|1779598722
|switch|p1a: Kommo-o|Kommo-o, M|100/100
|move|p2a: Vikavolt|Bug Buzz|p1a: Kommo-o
|-resisted|p1a: Kommo-o
|-damage|p1a: Kommo-o|79/100
|-unboost|p1a: Kommo-o|spd|1
|
|upkeep
|turn|5
|
|t:|1779598731
|switch|p2a: Cresselia|Cresselia, F|100/100
|move|p1a: Kommo-o|Clangorous Soul|p1a: Kommo-o
|-boost|p1a: Kommo-o|atk|1
|-boost|p1a: Kommo-o|def|1
|-boost|p1a: Kommo-o|spa|1
|-boost|p1a: Kommo-o|spd|1
|-boost|p1a: Kommo-o|spe|1
|-damage|p1a: Kommo-o|46/100
|
|-end|p2a: Cresselia|move: Future Sight
|-resisted|p2a: Cresselia
|-damage|p2a: Cresselia|84/100
|-fieldend|move: Trick Room
|upkeep
|turn|6
|
|t:|1779598745
|move|p1a: Kommo-o|Scale Shot|p2a: Cresselia
|-damage|p2a: Cresselia|75/100
|-damage|p2a: Cresselia|65/100
|-damage|p2a: Cresselia|56/100
|-crit|p2a: Cresselia
|-damage|p2a: Cresselia|42/100
|-damage|p2a: Cresselia|33/100
|-hitcount|p2a: Cresselia|5
|-unboost|p1a: Kommo-o|def|1
|-boost|p1a: Kommo-o|spe|1
|move|p2a: Cresselia|Trick Room|p2a: Cresselia
|-fieldstart|move: Trick Room|[of] p2a: Cresselia
|
|upkeep
|turn|7
|
|t:|1779598764
|move|p2a: Cresselia|Lunar Dance|p2a: Cresselia
|faint|p2a: Cresselia
|move|p1a: Kommo-o|Scale Shot|p2: Cresselia|[notarget]
|-fail|p1a: Kommo-o
|
|upkeep
|
|t:|1779598778
|switch|p2a: Hatterene|Hatterene, F|100/100
|turn|8
|
|t:|1779598781
|move|p2a: Hatterene|Dazzling Gleam|p1a: Kommo-o
|-supereffective|p1a: Kommo-o
|-damage|p1a: Kommo-o|0 fnt
|faint|p1a: Kommo-o
|
|-sideend|p1: xsilver069623|move: Light Screen
|upkeep
|
|t:|1779598790
|switch|p1a: Scizor|Scizor, F|100/100
|turn|9
|
|t:|1779598797
|switch|p2a: Iron Hands|Iron Hands|100/100
|-enditem|p2a: Iron Hands|Booster Energy
|-activate|p2a: Iron Hands|ability: Quark Drive|[fromitem]
|-start|p2a: Iron Hands|quarkdriveatk
|move|p1a: Scizor|Bullet Punch|p2a: Iron Hands
|-resisted|p2a: Iron Hands
|-crit|p2a: Iron Hands
|-damage|p2a: Iron Hands|84/100
|
|upkeep
|turn|10
|
|t:|1779598808
|move|p2a: Iron Hands|Swords Dance|p2a: Iron Hands
|-boost|p2a: Iron Hands|atk|2
|move|p1a: Scizor|U-turn|p2a: Iron Hands
|-resisted|p2a: Iron Hands
|-damage|p2a: Iron Hands|71/100
|
|t:|1779598816
|switch|p1a: Darkrai|Darkrai|100/100|[from] U-turn
|
|-fieldend|move: Trick Room
|upkeep
|turn|11
|
|t:|1779598822
|move|p1a: Darkrai|Nasty Plot|p1a: Darkrai
|-boost|p1a: Darkrai|spa|2
|move|p2a: Iron Hands|Drain Punch|p1a: Darkrai
|-immune|p1a: Darkrai
|
|upkeep
|turn|12
|
|t:|1779598830
|move|p1a: Darkrai|Shadow Ball|p2a: Iron Hands
|-damage|p2a: Iron Hands|0 fnt
|faint|p2a: Iron Hands
|-end|p2a: Iron Hands|Quark Drive|[silent]
|
|upkeep
|
|t:|1779598837
|switch|p2a: Hatterene|Hatterene, F|100/100
|-heal|p2a: Hatterene|100/100|[from] move: Lunar Dance
|turn|13
|
|t:|1779598843
|move|p1a: Darkrai|Shadow Ball|p2a: Hatterene
|-supereffective|p2a: Hatterene
|-enditem|p2a: Hatterene|Focus Sash
|-damage|p2a: Hatterene|1/100
|move|p2a: Hatterene|Trick Room|p2a: Hatterene
|-fieldstart|move: Trick Room|[of] p2a: Hatterene
|
|upkeep
|turn|14
|
|t:|1779598853
|move|p2a: Hatterene|Dazzling Gleam|p1a: Darkrai
|-damage|p1a: Darkrai|3/100
|replace|p1a: Zoroark|Zoroark-Hisui, F
|-end|p1a: Zoroark|Illusion
|move|p1a: Zoroark|Flamethrower|p2a: Hatterene
|-damage|p2a: Hatterene|0 fnt
|faint|p2a: Hatterene
|
|upkeep
|
|t:|1779598857
|switch|p2a: Vikavolt|Vikavolt, F|100/100
|turn|15
|
|t:|1779598863
|move|p2a: Vikavolt|Thunderbolt|p1a: Zoroark
|-damage|p1a: Zoroark|0 fnt
|faint|p1a: Zoroark
|
|upkeep
|
|t:|1779598870
|switch|p1a: Scizor|Scizor, F|100/100
|turn|16
|
|t:|1779598883
|-terastallize|p2a: Vikavolt|Electric
|move|p2a: Vikavolt|Thunderbolt|p1a: Scizor
|-damage|p1a: Scizor|0 fnt
|faint|p1a: Scizor
|
|upkeep
|
|t:|1779598889
|switch|p1a: Reuniclus|Reuniclus, F|65/100
|turn|17
|
|t:|1779598894
|move|p2a: Vikavolt|Thunderbolt|p1a: Reuniclus
|-damage|p1a: Reuniclus|0 fnt
|faint|p1a: Reuniclus
|
|-fieldend|move: Trick Room
|upkeep
|
|t:|1779598903
|switch|p1a: Volcanion|Volcanion|100/100
|turn|18
|
|t:|1779598928
|switch|p2a: Porygon2|Porygon2|100/100
|-ability|p2a: Porygon2|Download|boost
|-boost|p2a: Porygon2|spa|1
|-terastallize|p1a: Volcanion|Grass
|move|p1a: Volcanion|Flamethrower|p2a: Porygon2
|-damage|p2a: Porygon2|73/100
|
|upkeep
|turn|19
|
|t:|1779598936
|move|p1a: Volcanion|Taunt|p2a: Porygon2
|-start|p2a: Porygon2|move: Taunt
|cant|p2a: Porygon2|move: Taunt|Trick Room
|
|upkeep
|turn|20
|
|t:|1779598941
|move|p1a: Volcanion|Steam Eruption|p2a: Porygon2
|-damage|p2a: Porygon2|35/100
|move|p2a: Porygon2|Ice Beam|p1a: Volcanion
|-supereffective|p1a: Volcanion
|-damage|p1a: Volcanion|17/100
|
|-heal|p1a: Volcanion|23/100|[from] item: Leftovers
|upkeep
|turn|21
|
|t:|1779598950
|move|p1a: Volcanion|Steam Eruption|p2a: Porygon2
|-damage|p2a: Porygon2|1/100
|move|p2a: Porygon2|Ice Beam|p1a: Volcanion
|-supereffective|p1a: Volcanion
|-damage|p1a: Volcanion|0 fnt
|faint|p1a: Volcanion
|
|-end|p2a: Porygon2|move: Taunt
|upkeep
|
|t:|1779598958
|switch|p1a: Darkrai|Darkrai|100/100
|turn|22
|
|t:|1779598964
|move|p1a: Darkrai|Dark Pulse|p2a: Porygon2
|-damage|p2a: Porygon2|0 fnt
|faint|p2a: Porygon2
|
|upkeep
|
|t:|1779598969
|switch|p2a: Vikavolt|Vikavolt, F, tera:Electric|100/100
|turn|23
|
|t:|1779598973
|move|p1a: Darkrai|Dark Pulse|p2a: Vikavolt
|-damage|p2a: Vikavolt|56/100
|move|p2a: Vikavolt|Thunderbolt|p1a: Darkrai
|-damage|p1a: Darkrai|0 fnt
|faint|p1a: Darkrai
|
|win|immaterial-light
|raw|xsilver069623's rating: 1346 &rarr; <strong>1325</strong><br />(-21 for losing)
|raw|immaterial-light's rating: 1334 &rarr; <strong>1355</strong><br />(+21 for winning)
|l|☆immaterial-light
|player|p2|
|l|☆xsilver069623
|player|p1|
