|j|☆I am a guineapig
|j|☆smithwick1
|t:|1779616571
|gametype|singles
|player|p1|I am a guineapig|fisherman-gen4|1489
|player|p2|smithwick1|2|1623
|gen|9
|tier|[Gen 9] OU
|rated|
|rule|HP Percentage Mod: HP is shown in percentages
|rule|Endless Battle Clause: Forcing endless battles is banned
|rule|Species Clause: Limit one of each Pokémon
|rule|OHKO Clause: OHKO moves are banned
|rule|Evasion Items Clause: Evasion items are banned
|rule|Evasion Moves Clause: Evasion moves are banned
|rule|Evasion Abilities Clause: Evasion abilities are banned
|rule|Sleep Moves Clause: Sleep-inducing moves are banned
|clearpoke
|poke|p1|Indeedee, M|
|poke|p1|Hatterene, F|
|poke|p1|Ursaluna, F|
|poke|p1|Iron Hands|
|poke|p1|Hoopa-Unbound|
|poke|p1|Mimikyu, F|
|poke|p2|Zamazenta-*|
|poke|p2|Dragapult, F|
|poke|p2|Pecharunt|
|poke|p2|Ogerpon-Wellspring, F|
|poke|p2|Iron Treads|
|poke|p2|Kingambit, M|
|teampreview
|inactive|Battle timer is ON: inactive players will automatically lose when time's up. (requested by I am a guineapig)
|
|t:|1779616583
|teamsize|p1|6
|teamsize|p2|6
|start
|switch|p1a: Subaru|Indeedee, M|100/100
|switch|p2a: Iron Treads|Iron Treads|100/100
|-fieldstart|move: Psychic Terrain|[from] ability: Psychic Surge|[of] p1a: Subaru
|-enditem|p2a: Iron Treads|Booster Energy
|-activate|p2a: Iron Treads|ability: Quark Drive|[fromitem]
|-start|p2a: Iron Treads|quarkdrivespe
|turn|1
|
|t:|1779616595
|move|p2a: Iron Treads|Knock Off|p1a: Subaru
|-supereffective|p1a: Subaru
|-damage|p1a: Subaru|39/100
|-enditem|p1a: Subaru|Terrain Extender|[from] move: Knock Off|[of] p2a: Iron Treads
|move|p1a: Subaru|Trick Room|p1a: Subaru
|-fieldstart|move: Trick Room|[of] p1a: Subaru
|
|upkeep
|turn|2
|
|t:|1779616619
|switch|p1a: 5 Nights in TR|Ursaluna, F|100/100
|move|p2a: Iron Treads|Earthquake|p1a: 5 Nights in TR
|-damage|p1a: 5 Nights in TR|64/100
|
|-status|p1a: 5 Nights in TR|brn|[from] item: Flame Orb
|upkeep
|turn|3
|
|t:|1779616631
|move|p1a: 5 Nights in TR|Headlong Rush|p2a: Iron Treads
|-supereffective|p2a: Iron Treads
|-damage|p2a: Iron Treads|0 fnt
|-unboost|p1a: 5 Nights in TR|def|1
|-unboost|p1a: 5 Nights in TR|spd|1
|faint|p2a: Iron Treads
|-end|p2a: Iron Treads|Quark Drive|[silent]
|
|-damage|p1a: 5 Nights in TR|58/100 brn|[from] brn
|upkeep
|
|t:|1779616634
|switch|p2a: Zamazenta|Zamazenta|100/100
|-ability|p2a: Zamazenta|Dauntless Shield|boost
|-boost|p2a: Zamazenta|def|1
|turn|4
|
|t:|1779616640
|switch|p1a: Satella|Hatterene, F|100/100
|move|p2a: Zamazenta|Reflect|p2a: Zamazenta
|-sidestart|p2: smithwick1|Reflect
|
|upkeep
|turn|5
|
|t:|1779616645
|move|p1a: Satella|Expanding Force|p2a: Zamazenta
|-supereffective|p2a: Zamazenta
|-damage|p2a: Zamazenta|0 fnt
|faint|p2a: Zamazenta
|-damage|p1a: Satella|91/100|[from] item: Life Orb
|
|-fieldend|move: Trick Room
|upkeep
|
|t:|1779616654
|switch|p2a: Pecharunt|Pecharunt|100/100
|turn|6
|
|t:|1779616658
|move|p2a: Pecharunt|Malignant Chain|p1a: Satella
|-supereffective|p1a: Satella
|-damage|p1a: Satella|30/100
|-status|p1a: Satella|tox
|-start|p1a: Satella|confusion|[from] ability: Poison Puppeteer|[of] p2a: Pecharunt
|-activate|p1a: Satella|confusion
|-damage|p1a: Satella|21/100 tox|[from] confusion
|
|-damage|p1a: Satella|15/100 tox|[from] psn
|upkeep
|turn|7
|
|t:|1779616664
|move|p2a: Pecharunt|Shadow Ball|p1a: Satella
|-supereffective|p1a: Satella
|-damage|p1a: Satella|0 fnt
|faint|p1a: Satella
|
|upkeep
|
|t:|1779616668
|switch|p1a: King Von|Hoopa-Unbound|100/100
|-enditem|p1a: King Von|Psychic Seed
|-boost|p1a: King Von|spd|1|[from] item: Psychic Seed
|turn|8
|
|t:|1779616669
|move|p2a: Pecharunt|Malignant Chain|p1a: King Von
|-damage|p1a: King Von|85/100
|-status|p1a: King Von|tox
|-start|p1a: King Von|confusion|[from] ability: Poison Puppeteer|[of] p2a: Pecharunt
|-activate|p1a: King Von|confusion
|-damage|p1a: King Von|70/100 tox|[from] confusion
|
|-damage|p1a: King Von|64/100 tox|[from] psn
|-fieldend|move: Psychic Terrain
|upkeep
|turn|9
|
|t:|1779616685
|move|p2a: Pecharunt|Malignant Chain|p1a: King Von
|-damage|p1a: King Von|47/100 tox
|-end|p1a: King Von|confusion
|move|p1a: King Von|Trick Room|p1a: King Von
|-fieldstart|move: Trick Room|[of] p1a: King Von
|
|-damage|p1a: King Von|35/100 tox|[from] psn
|upkeep
|turn|10
|
|t:|1779616697
|-terastallize|p2a: Pecharunt|Dark
|move|p1a: King Von|Expanding Force|p2a: Pecharunt
|-immune|p2a: Pecharunt
|move|p2a: Pecharunt|Shadow Ball|p1a: King Von
|-damage|p1a: King Von|23/100 tox
|
|-damage|p1a: King Von|4/100 tox|[from] psn
|upkeep
|turn|11
|
|t:|1779616704
|switch|p2a: Dragapult|Dragapult, F|100/100
|move|p1a: King Von|Focus Blast|p2a: Dragapult
|-immune|p2a: Dragapult
|
|-damage|p1a: King Von|0 fnt|[from] psn
|faint|p1a: King Von
|-sideend|p2: smithwick1|Reflect
|upkeep
|
|t:|1779616717
|switch|p1a: 5 Nights in TR|Ursaluna, F|58/100 brn
|turn|12
|inactive|smithwick1 has 120 seconds left.
|
|t:|1779616761
|move|p1a: 5 Nights in TR|Headlong Rush|p2a: Dragapult
|-damage|p2a: Dragapult|0 fnt
|-unboost|p1a: 5 Nights in TR|def|1
|-unboost|p1a: 5 Nights in TR|spd|1
|faint|p2a: Dragapult
|
|-damage|p1a: 5 Nights in TR|52/100 brn|[from] brn
|upkeep
|
|t:|1779616769
|switch|p2a: Pecharunt|Pecharunt, tera:Dark|100/100
|turn|13
|
|t:|1779616773
|switch|p2a: Ogerpon|Ogerpon-Wellspring, F|100/100
|-terastallize|p1a: 5 Nights in TR|Normal
|move|p1a: 5 Nights in TR|Facade|p2a: Ogerpon
|-damage|p2a: Ogerpon|0 fnt
|faint|p2a: Ogerpon
|
|-damage|p1a: 5 Nights in TR|46/100 brn|[from] brn
|-fieldend|move: Trick Room
|upkeep
|inactive|smithwick1 has 120 seconds left.
|inactive|smithwick1 has 90 seconds left.
|
|t:|1779616817
|switch|p2a: Kingambit|Kingambit, M|100/100
|-activate|p2a: Kingambit|ability: Supreme Overlord
|-start|p2a: Kingambit|fallen4|[silent]
|turn|14
|inactive|smithwick1 has 90 seconds left.
|
|t:|1779616825
|switch|p1a: Subaru|Indeedee, M|39/100
|-fieldstart|move: Psychic Terrain|[from] ability: Psychic Surge|[of] p1a: Subaru
|move|p2a: Kingambit|Iron Head|p1a: Subaru
|-damage|p1a: Subaru|0 fnt
|faint|p1a: Subaru
|
|upkeep
|
|t:|1779616832
|switch|p1a: LEBRON|Iron Hands|100/100
|-enditem|p1a: LEBRON|Booster Energy
|-activate|p1a: LEBRON|ability: Quark Drive|[fromitem]
|-start|p1a: LEBRON|quarkdriveatk
|turn|15
|
|t:|1779616839
|-end|p2a: Kingambit|fallen4|[silent]
|switch|p2a: Pecharunt|Pecharunt, tera:Dark|100/100
|move|p1a: LEBRON|Close Combat|p2a: Pecharunt
|-supereffective|p2a: Pecharunt
|-damage|p2a: Pecharunt|0 fnt
|-unboost|p1a: LEBRON|def|1
|-unboost|p1a: LEBRON|spd|1
|faint|p2a: Pecharunt
|
|upkeep
|
|t:|1779616845
|switch|p2a: Kingambit|Kingambit, M|100/100
|-activate|p2a: Kingambit|ability: Supreme Overlord
|-start|p2a: Kingambit|fallen5|[silent]
|turn|16
|
|t:|1779616847
|-end|p1a: LEBRON|Quark Drive|[silent]
|switch|p1a: Mimi|Mimikyu, F|100/100
|move|p2a: Kingambit|Iron Head|p1a: Mimi
|-activate|p1a: Mimi|ability: Disguise
|-damage|p1a: Mimi|100/100
|detailschange|p1a: Mimi|Mimikyu-Busted, F
|-damage|p1a: Mimi|88/100|[from] pokemon: Mimikyu-Busted
|
|upkeep
|turn|17
|
|t:|1779616851
|move|p1a: Mimi|Destiny Bond|p1a: Mimi
|-singlemove|p1a: Mimi|Destiny Bond
|move|p2a: Kingambit|Iron Head|p1a: Mimi
|-supereffective|p1a: Mimi
|-damage|p1a: Mimi|0 fnt
|faint|p1a: Mimi
|-activate|p1a: Mimi|move: Destiny Bond
|faint|p2a: Kingambit
|-end|p2a: Kingambit|fallen5|[silent]
|
|win|I am a guineapig
|raw|I am a guineapig's rating: 1489 &rarr; <strong>1516</strong><br />(+27 for winning)
|raw|smithwick1's rating: 1623 &rarr; <strong>1596</strong><br />(-27 for losing)
|l|☆smithwick1
|player|p2|
|l|☆I am a guineapig
|player|p1|
