|j|☆czyczyczyczy
|j|☆Ssnowday
|t:|1779668162
|gametype|singles
|player|p1|czyczyczyczy|rosa|1344
|player|p2|Ssnowday|101|1292
|gen|9
|tier|[Gen 9] OU
|rated|
|rule|HP Percentage Mod: HP is shown in percentages
|rule|Endless Battle Clause: Forcing endless battles is banned
|rule|Species Clause: Limit one of each Pokémon
|rule|OHKO Clause: OHKO moves are banned
|rule|Evasion Items Clause: Evasion items are banned
|rule|Evasion Moves Clause: Evasion moves are banned
|rule|Evasion Abilities Clause: Evasion abilities are banned
|rule|Sleep Moves Clause: Sleep-inducing moves are banned
|clearpoke
|poke|p1|Great Tusk|
|poke|p1|Alomomola, M|
|poke|p1|Grafaiai, M|
|poke|p1|Landorus-Therian, M|
|poke|p1|Hydreigon, F|
|poke|p1|Entei|
|poke|p2|Samurott-Hisui, F|
|poke|p2|Zamazenta-*|
|poke|p2|Moltres|
|poke|p2|Iron Treads|
|poke|p2|Pecharunt|
|poke|p2|Raging Bolt|
|teampreview
|inactive|Battle timer is ON: inactive players will automatically lose when time's up. (requested by Ssnowday)
|
|t:|1779668171
|teamsize|p1|6
|teamsize|p2|6
|start
|switch|p1a: Hydreigon|Hydreigon, F, shiny|100/100
|switch|p2a: Iron Treads|Iron Treads|100/100
|turn|1
|
|t:|1779668185
|-end|p2a: Iron Treads|Quark Drive|[silent]
|switch|p2a: Samurott|Samurott-Hisui, F|100/100
|move|p1a: Hydreigon|Dark Pulse|p2a: Samurott
|-resisted|p2a: Samurott
|-crit|p2a: Samurott
|-damage|p2a: Samurott|82/100
|
|upkeep
|turn|2
|
|t:|1779668195
|switch|p1a: Landorus|Landorus-Therian, M|100/100
|-ability|p1a: Landorus|Intimidate|boost
|-unboost|p2a: Samurott|atk|1
|move|p2a: Samurott|Knock Off|p1a: Landorus
|-damage|p1a: Landorus|79/100
|-damage|p2a: Samurott|65/100|[from] item: Rocky Helmet|[of] p1a: Landorus
|-enditem|p1a: Landorus|Rocky Helmet|[from] move: Knock Off|[of] p2a: Samurott
|
|upkeep
|turn|3
|
|t:|1779668204
|switch|p2a: Moltres|Moltres|100/100
|move|p1a: Landorus|Stealth Rock|p2a: Moltres
|-sidestart|p2: Ssnowday|move: Stealth Rock
|
|upkeep
|turn|4
|
|t:|1779668210
|switch|p1a: Hydreigon|Hydreigon, F, shiny|100/100
|move|p2a: Moltres|Will-O-Wisp|p1a: Hydreigon|[miss]
|-miss|p2a: Moltres|p1a: Hydreigon
|
|upkeep
|turn|5
|
|t:|1779668226
|switch|p2a: Zamazenta|Zamazenta|100/100
|-damage|p2a: Zamazenta|94/100|[from] Stealth Rock
|-ability|p2a: Zamazenta|Dauntless Shield|boost
|-boost|p2a: Zamazenta|def|1
|move|p1a: Hydreigon|Head Smash|p2a: Zamazenta
|-resisted|p2a: Zamazenta
|-damage|p2a: Zamazenta|85/100
|-damage|p1a: Hydreigon|95/100|[from] Recoil
|
|-heal|p2a: Zamazenta|91/100|[from] item: Leftovers
|upkeep
|turn|6
|
|t:|1779668238
|switch|p1a: Landorus|Landorus-Therian, M|79/100
|-ability|p1a: Landorus|Intimidate|boost
|-unboost|p2a: Zamazenta|atk|1
|move|p2a: Zamazenta|Body Press|p1a: Landorus
|-resisted|p1a: Landorus
|-damage|p1a: Landorus|60/100
|
|-heal|p2a: Zamazenta|97/100|[from] item: Leftovers
|upkeep
|turn|7
|
|t:|1779668256
|move|p2a: Zamazenta|Body Press|p1a: Landorus
|-resisted|p1a: Landorus
|-damage|p1a: Landorus|42/100
|move|p1a: Landorus|U-turn|p2a: Zamazenta
|-resisted|p2a: Zamazenta
|-damage|p2a: Zamazenta|91/100
|
|t:|1779668258
|switch|p1a: Grafaiai|Grafaiai, M|100/100|[from] U-turn
|
|-heal|p2a: Zamazenta|97/100|[from] item: Leftovers
|upkeep
|turn|8
|
|t:|1779668263
|move|p1a: Grafaiai|Taunt|p2a: Zamazenta
|-start|p2a: Zamazenta|move: Taunt
|move|p2a: Zamazenta|Body Press|p1a: Grafaiai
|-damage|p1a: Grafaiai|49/100
|
|-heal|p2a: Zamazenta|100/100|[from] item: Leftovers
|-heal|p1a: Grafaiai|55/100|[from] item: Leftovers
|upkeep
|turn|9
|
|t:|1779668267
|move|p1a: Grafaiai|Parting Shot|p2a: Zamazenta
|-unboost|p2a: Zamazenta|atk|1
|-unboost|p2a: Zamazenta|spa|1
|
|t:|1779668269
|switch|p1a: Landorus|Landorus-Therian, M|42/100|[from] Parting Shot
|-ability|p1a: Landorus|Intimidate|boost
|-unboost|p2a: Zamazenta|atk|1
|move|p2a: Zamazenta|Body Press|p1a: Landorus
|-resisted|p1a: Landorus
|-damage|p1a: Landorus|22/100
|
|upkeep
|turn|10
|
|t:|1779668274
|move|p2a: Zamazenta|Body Press|p1a: Landorus
|-resisted|p1a: Landorus
|-damage|p1a: Landorus|1/100
|move|p1a: Landorus|Earthquake|p2a: Zamazenta
|-damage|p2a: Zamazenta|77/100
|
|-heal|p2a: Zamazenta|83/100|[from] item: Leftovers
|-end|p2a: Zamazenta|move: Taunt
|upkeep
|turn|11
|
|t:|1779668277
|move|p2a: Zamazenta|Body Press|p1a: Landorus
|-resisted|p1a: Landorus
|-damage|p1a: Landorus|0 fnt
|faint|p1a: Landorus
|
|-heal|p2a: Zamazenta|89/100|[from] item: Leftovers
|upkeep
|
|t:|1779668284
|switch|p1a: Grafaiai|Grafaiai, M|55/100
|turn|12
|
|t:|1779668290
|move|p1a: Grafaiai|Taunt|p2a: Zamazenta
|-start|p2a: Zamazenta|move: Taunt
|move|p2a: Zamazenta|Body Press|p1a: Grafaiai
|-damage|p1a: Grafaiai|9/100
|
|-heal|p2a: Zamazenta|96/100|[from] item: Leftovers
|-heal|p1a: Grafaiai|15/100|[from] item: Leftovers
|upkeep
|turn|13
|
|t:|1779668292
|move|p1a: Grafaiai|Parting Shot|p2a: Zamazenta
|-unboost|p2a: Zamazenta|atk|1
|-unboost|p2a: Zamazenta|spa|1
|
|t:|1779668293
|switch|p1a: Alomomola|Alomomola, M|100/100|[from] Parting Shot
|move|p2a: Zamazenta|Body Press|p1a: Alomomola
|-damage|p1a: Alomomola|59/100
|
|-heal|p2a: Zamazenta|100/100|[from] item: Leftovers
|upkeep
|turn|14
|
|t:|1779668297
|move|p2a: Zamazenta|Body Press|p1a: Alomomola
|-damage|p1a: Alomomola|19/100
|move|p1a: Alomomola|Flip Turn|p2a: Zamazenta
|-damage|p2a: Zamazenta|93/100
|
|t:|1779668301
|switch|p1a: Grafaiai|Grafaiai, M|15/100|[from] Flip Turn
|
|-heal|p2a: Zamazenta|99/100|[from] item: Leftovers
|-heal|p1a: Grafaiai|21/100|[from] item: Leftovers
|-end|p2a: Zamazenta|move: Taunt
|upkeep
|turn|15
|
|t:|1779668304
|move|p1a: Grafaiai|Taunt|p2a: Zamazenta
|-start|p2a: Zamazenta|move: Taunt
|move|p2a: Zamazenta|Body Press|p1a: Grafaiai
|-damage|p1a: Grafaiai|0 fnt
|faint|p1a: Grafaiai
|
|-heal|p2a: Zamazenta|100/100|[from] item: Leftovers
|upkeep
|
|t:|1779668307
|switch|p1a: Alomomola|Alomomola, M|53/100
|turn|16
|
|t:|1779668308
|move|p2a: Zamazenta|Body Press|p1a: Alomomola
|-damage|p1a: Alomomola|12/100
|move|p1a: Alomomola|Pain Split|p2a: Zamazenta
|-sethp|p2a: Zamazenta|59/100|[from] move: Pain Split|[silent]
|-sethp|p1a: Alomomola|43/100|[from] move: Pain Split
|
|-heal|p2a: Zamazenta|65/100|[from] item: Leftovers
|upkeep
|turn|17
|
|t:|1779668319
|switch|p1a: Entei|Entei|100/100
|move|p2a: Zamazenta|Body Press|p1a: Entei
|-damage|p1a: Entei|44/100
|
|-heal|p2a: Zamazenta|71/100|[from] item: Leftovers
|-end|p2a: Zamazenta|move: Taunt
|upkeep
|turn|18
|
|t:|1779668326
|move|p2a: Zamazenta|Body Press|p1a: Entei
|-damage|p1a: Entei|0 fnt
|faint|p1a: Entei
|
|-heal|p2a: Zamazenta|77/100|[from] item: Leftovers
|upkeep
|
|t:|1779668329
|switch|p1a: Hydreigon|Hydreigon, F, shiny|95/100
|turn|19
|
|t:|1779668331
|move|p1a: Hydreigon|Draco Meteor|p2a: Zamazenta|[miss]
|-miss|p1a: Hydreigon|p2a: Zamazenta
|move|p2a: Zamazenta|Body Press|p1a: Hydreigon
|-supereffective|p1a: Hydreigon
|-damage|p1a: Hydreigon|0 fnt
|faint|p1a: Hydreigon
|
|-heal|p2a: Zamazenta|83/100|[from] item: Leftovers
|upkeep
|-message|czyczyczyczy forfeited.
|
|win|Ssnowday
|raw|czyczyczyczy's rating: 1344 &rarr; <strong>1321</strong><br />(-23 for losing)
|raw|Ssnowday's rating: 1292 &rarr; <strong>1321</strong><br />(+29 for winning)
|l|☆czyczyczyczy
|player|p1|
|c|☆Ssnowday|oh my gofd
