|j|☆11thtiergbone
|j|☆zg4h11
|t:|1779684495
|gametype|singles
|player|p1|11thtiergbone|delinquent|1554
|player|p2|zg4h11|265|1529
|gen|9
|tier|[Gen 9] OU
|rated|
|rule|HP Percentage Mod: HP is shown in percentages
|rule|Endless Battle Clause: Forcing endless battles is banned
|rule|Species Clause: Limit one of each Pokémon
|rule|OHKO Clause: OHKO moves are banned
|rule|Evasion Items Clause: Evasion items are banned
|rule|Evasion Moves Clause: Evasion moves are banned
|rule|Evasion Abilities Clause: Evasion abilities are banned
|rule|Sleep Moves Clause: Sleep-inducing moves are banned
|clearpoke
|poke|p1|Keldeo|
|poke|p1|Cinderace, F|
|poke|p1|Sinistcha|
|poke|p1|Iron Valiant|
|poke|p1|Gholdengo|
|poke|p1|Tyranitar, F|
|poke|p2|Tyranitar, M|
|poke|p2|Excadrill, M|
|poke|p2|Iron Valiant|
|poke|p2|Dragapult, M|
|poke|p2|Zapdos|
|poke|p2|Hatterene, F|
|teampreview
|inactive|Battle timer is ON: inactive players will automatically lose when time's up. (requested by 11thtiergbone)
|
|t:|1779684508
|teamsize|p1|6
|teamsize|p2|6
|start
|switch|p1a: Cinderace|Cinderace, F|100/100
|switch|p2a: Hatterene|Hatterene, F|100/100
|turn|1
|
|t:|1779684515
|move|p1a: Cinderace|U-turn|p2a: Hatterene
|-damage|p2a: Hatterene|74/100
|-damage|p1a: Cinderace|84/100|[from] item: Rocky Helmet|[of] p2a: Hatterene
|
|t:|1779684520
|switch|p1a: Gholdengo|Gholdengo|100/100|[from] U-turn
|move|p2a: Hatterene|Future Sight|p1a: Gholdengo
|-start|p2a: Hatterene|move: Future Sight
|
|upkeep
|turn|2
|
|t:|1779684533
|switch|p1a: Keldeo|Keldeo|100/100
|switch|p2a: Excadrill|Excadrill, M, shiny|100/100
|
|upkeep
|turn|3
|
|t:|1779684552
|switch|p1a: Tyranitar|Tyranitar, F|100/100
|-weather|Sandstorm|[from] ability: Sand Stream|[of] p1a: Tyranitar
|switch|p2a: Dragapult|Dragapult, M|100/100
|
|-weather|Sandstorm|[upkeep]
|-damage|p2a: Dragapult|95/100|[from] Sandstorm
|-end|p1a: Tyranitar|move: Future Sight
|-immune|p1a: Tyranitar
|upkeep
|turn|4
|
|t:|1779684562
|move|p2a: Dragapult|U-turn|p1a: Tyranitar
|-supereffective|p1a: Tyranitar
|-damage|p1a: Tyranitar|64/100
|
|t:|1779684566
|switch|p2a: Hatterene|Hatterene, F|74/100|[from] U-turn
|move|p1a: Tyranitar|Knock Off|p2a: Hatterene
|-damage|p2a: Hatterene|29/100
|-damage|p1a: Tyranitar|48/100|[from] item: Rocky Helmet|[of] p2a: Hatterene
|-enditem|p2a: Hatterene|Rocky Helmet|[from] move: Knock Off|[of] p1a: Tyranitar
|
|-weather|Sandstorm|[upkeep]
|-damage|p2a: Hatterene|23/100|[from] Sandstorm
|upkeep
|turn|5
|
|t:|1779684579
|move|p1a: Tyranitar|Stone Edge|p2a: Hatterene
|-damage|p2a: Hatterene|0 fnt
|faint|p2a: Hatterene
|
|-weather|Sandstorm|[upkeep]
|upkeep
|
|t:|1779684585
|switch|p2a: Iron Valiant|Iron Valiant, shiny|100/100
|turn|6
|
|t:|1779684596
|move|p2a: Iron Valiant|Moonblast|p1a: Tyranitar
|-supereffective|p1a: Tyranitar
|-damage|p1a: Tyranitar|0 fnt
|faint|p1a: Tyranitar
|
|-weather|Sandstorm|[upkeep]
|-damage|p2a: Iron Valiant|94/100|[from] Sandstorm
|upkeep
|
|t:|1779684603
|switch|p1a: Gholdengo|Gholdengo|100/100
|turn|7
|
|t:|1779684614
|-end|p2a: Iron Valiant|Quark Drive|[silent]
|switch|p2a: Tyranitar|Tyranitar, M, shiny|100/100
|move|p1a: Gholdengo|Shadow Ball|p2a: Tyranitar
|-resisted|p2a: Tyranitar
|-damage|p2a: Tyranitar|86/100
|
|-weather|none
|upkeep
|turn|8
|
|t:|1779684622
|switch|p1a: Keldeo|Keldeo|100/100
|move|p2a: Tyranitar|Stealth Rock|p1a: Keldeo
|-sidestart|p1: 11thtiergbone|move: Stealth Rock
|
|upkeep
|turn|9
|
|t:|1779684628
|switch|p2a: Dragapult|Dragapult, M|95/100
|move|p1a: Keldeo|Surf|p2a: Dragapult
|-resisted|p2a: Dragapult
|-damage|p2a: Dragapult|59/100
|
|upkeep
|turn|10
|
|t:|1779684655
|switch|p1a: Sinistcha|Sinistcha|100/100
|move|p2a: Dragapult|Dragon Darts|p1a: Sinistcha
|-damage|p1a: Sinistcha|85/100
|-anim|p2a: Dragapult|Dragon Darts|p1a: Sinistcha
|-damage|p1a: Sinistcha|71/100
|
|upkeep
|turn|11
|
|t:|1779684663
|move|p2a: Dragapult|Hex|p1a: Sinistcha
|-supereffective|p1a: Sinistcha
|-damage|p1a: Sinistcha|13/100
|move|p1a: Sinistcha|Shadow Ball|p2a: Dragapult
|-supereffective|p2a: Dragapult
|-damage|p2a: Dragapult|0 fnt
|faint|p2a: Dragapult
|
|upkeep
|
|t:|1779684671
|switch|p2a: Iron Valiant|Iron Valiant, shiny|94/100
|turn|12
|
|t:|1779684674
|move|p2a: Iron Valiant|Shadow Ball|p1a: Sinistcha
|-supereffective|p1a: Sinistcha
|-damage|p1a: Sinistcha|0 fnt
|faint|p1a: Sinistcha
|
|upkeep
|
|t:|1779684685
|switch|p1a: Cinderace|Cinderace, F|84/100
|-damage|p1a: Cinderace|59/100|[from] Stealth Rock
|turn|13
|
|t:|1779684689
|move|p1a: Cinderace|Pyro Ball|p2a: Iron Valiant
|-damage|p2a: Iron Valiant|0 fnt
|faint|p2a: Iron Valiant
|-end|p2a: Iron Valiant|Quark Drive|[silent]
|
|upkeep
|
|t:|1779684693
|switch|p2a: Tyranitar|Tyranitar, M, shiny|86/100
|-weather|Sandstorm|[from] ability: Sand Stream|[of] p2a: Tyranitar
|turn|14
|
|t:|1779684698
|switch|p1a: Keldeo|Keldeo|100/100
|-damage|p1a: Keldeo|94/100|[from] Stealth Rock
|move|p2a: Tyranitar|Knock Off|p1a: Keldeo
|-resisted|p1a: Keldeo
|-damage|p1a: Keldeo|60/100
|-ability|p1a: Keldeo|Justified|boost
|-boost|p1a: Keldeo|atk|1
|-enditem|p1a: Keldeo|Leftovers|[from] move: Knock Off|[of] p2a: Tyranitar
|
|-weather|Sandstorm|[upkeep]
|-damage|p1a: Keldeo|54/100|[from] Sandstorm
|upkeep
|turn|15
|
|t:|1779684727
|move|p1a: Keldeo|Surf|p2a: Tyranitar
|-supereffective|p2a: Tyranitar
|-damage|p2a: Tyranitar|18/100
|move|p2a: Tyranitar|Low Kick|p1a: Keldeo
|-damage|p1a: Keldeo|29/100
|
|-weather|Sandstorm|[upkeep]
|-damage|p1a: Keldeo|22/100|[from] Sandstorm
|upkeep
|turn|16
|
|t:|1779684735
|move|p1a: Keldeo|Surf|p2a: Tyranitar
|-supereffective|p2a: Tyranitar
|-damage|p2a: Tyranitar|0 fnt
|faint|p2a: Tyranitar
|
|-weather|Sandstorm|[upkeep]
|-damage|p1a: Keldeo|16/100|[from] Sandstorm
|upkeep
|
|t:|1779684741
|switch|p2a: Excadrill|Excadrill, M, shiny|100/100
|turn|17
|
|t:|1779684745
|move|p2a: Excadrill|Earthquake|p1a: Keldeo
|-damage|p1a: Keldeo|0 fnt
|faint|p1a: Keldeo
|
|-weather|Sandstorm|[upkeep]
|upkeep
|inactive|11thtiergbone has 120 seconds left.
|
|t:|1779684783
|switch|p1a: Gholdengo|Gholdengo|100/100
|-damage|p1a: Gholdengo|94/100|[from] Stealth Rock
|turn|18
|
|t:|1779684793
|-terastallize|p1a: Gholdengo|Fighting
|move|p2a: Excadrill|Substitute|p2a: Excadrill
|-start|p2a: Excadrill|Substitute
|-damage|p2a: Excadrill|76/100
|move|p1a: Gholdengo|Focus Blast|p2a: Excadrill
|-supereffective|p2a: Excadrill
|-end|p2a: Excadrill|Substitute
|
|-weather|Sandstorm|[upkeep]
|-damage|p1a: Gholdengo|88/100|[from] Sandstorm
|-heal|p2a: Excadrill|82/100|[from] item: Leftovers
|upkeep
|turn|19
|
|t:|1779684804
|switch|p2a: Zapdos|Zapdos|100/100
|move|p1a: Gholdengo|Focus Blast|p2a: Zapdos
|-resisted|p2a: Zapdos
|-damage|p2a: Zapdos|67/100
|
|-weather|Sandstorm|[upkeep]
|-damage|p1a: Gholdengo|82/100|[from] Sandstorm
|-damage|p2a: Zapdos|61/100|[from] Sandstorm
|upkeep
|turn|20
|
|t:|1779684815
|switch|p1a: Iron Valiant|Iron Valiant, shiny|100/100
|-damage|p1a: Iron Valiant|94/100|[from] Stealth Rock
|-enditem|p1a: Iron Valiant|Booster Energy
|-activate|p1a: Iron Valiant|ability: Quark Drive|[fromitem]
|-start|p1a: Iron Valiant|quarkdrivespe
|move|p2a: Zapdos|Hurricane|p1a: Iron Valiant|[miss]
|-miss|p2a: Zapdos|p1a: Iron Valiant
|
|-weather|Sandstorm|[upkeep]
|-damage|p1a: Iron Valiant|88/100|[from] Sandstorm
|-damage|p2a: Zapdos|55/100|[from] Sandstorm
|upkeep
|turn|21
|
|t:|1779684827
|move|p1a: Iron Valiant|Moonblast|p2a: Zapdos
|-damage|p2a: Zapdos|17/100
|move|p2a: Zapdos|Hurricane|p1a: Iron Valiant
|-supereffective|p1a: Iron Valiant
|-damage|p1a: Iron Valiant|0 fnt
|faint|p1a: Iron Valiant
|-end|p1a: Iron Valiant|Quark Drive|[silent]
|
|-weather|none
|upkeep
|
|t:|1779684833
|switch|p1a: Cinderace|Cinderace, F|59/100
|-damage|p1a: Cinderace|34/100|[from] Stealth Rock
|turn|22
|
|t:|1779684842
|move|p1a: Cinderace|Pyro Ball|p2a: Zapdos
|-damage|p2a: Zapdos|0 fnt
|faint|p2a: Zapdos
|
|upkeep
|
|t:|1779684846
|switch|p2a: Excadrill|Excadrill, M, shiny|82/100
|turn|23
|
|t:|1779684850
|-terastallize|p2a: Excadrill|Ground
|move|p1a: Cinderace|Pyro Ball|p2a: Excadrill
|-damage|p2a: Excadrill|0 fnt
|faint|p2a: Excadrill
|
|win|11thtiergbone
|raw|11thtiergbone's rating: 1554 &rarr; <strong>1573</strong><br />(+19 for winning)
|raw|zg4h11's rating: 1529 &rarr; <strong>1510</strong><br />(-19 for losing)
|l|☆11thtiergbone
|player|p1|
|l|☆zg4h11
|player|p2|
