|j|☆mieldrain
|j|☆ihymyly
|t:|1779629999
|gametype|singles
|player|p1|mieldrain|lady-gen4|1646
|player|p2|ihymyly|102|1627
|gen|9
|tier|[Gen 9] OU
|rated|
|rule|HP Percentage Mod: HP is shown in percentages
|rule|Endless Battle Clause: Forcing endless battles is banned
|rule|Species Clause: Limit one of each Pokémon
|rule|OHKO Clause: OHKO moves are banned
|rule|Evasion Items Clause: Evasion items are banned
|rule|Evasion Moves Clause: Evasion moves are banned
|rule|Evasion Abilities Clause: Evasion abilities are banned
|rule|Sleep Moves Clause: Sleep-inducing moves are banned
|clearpoke
|poke|p1|Glimmora, F|
|poke|p1|Dragonite, M|
|poke|p1|Great Tusk|
|poke|p1|Gholdengo|
|poke|p1|Darkrai|
|poke|p1|Samurott-Hisui, M|
|poke|p2|Darkrai|
|poke|p2|Great Tusk|
|poke|p2|Ogerpon-Wellspring, F|
|poke|p2|Garchomp, F|
|poke|p2|Mimikyu, M|
|poke|p2|Zapdos|
|teampreview
|inactive|Battle timer is ON: inactive players will automatically lose when time's up. (requested by mieldrain)
|
|t:|1779630011
|teamsize|p1|6
|teamsize|p2|6
|start
|switch|p1a: Glimmora|Glimmora, F|100/100
|switch|p2a: Garchomp|Garchomp, F, shiny|100/100
|turn|1
|
|t:|1779630017
|switch|p1a: Gholdengo|Gholdengo|100/100
|-item|p1a: Gholdengo|Air Balloon
|move|p2a: Garchomp|Earthquake|p1a: Gholdengo
|-immune|p1a: Gholdengo
|
|upkeep
|turn|2
|
|t:|1779630022
|move|p1a: Gholdengo|Make It Rain|p2a: Garchomp
|-damage|p2a: Garchomp|42/100
|-unboost|p1a: Gholdengo|spa|1
|move|p2a: Garchomp|Dragon Tail|p1a: Gholdengo
|-resisted|p1a: Gholdengo
|-crit|p1a: Gholdengo
|-damage|p1a: Gholdengo|80/100
|-enditem|p1a: Gholdengo|Air Balloon
|drag|p1a: Darkrai|Darkrai|100/100
|
|upkeep
|turn|3
|
|t:|1779630032
|switch|p2a: Ogerpon|Ogerpon-Wellspring, F|100/100
|move|p1a: Darkrai|Ice Beam|p2a: Ogerpon
|-damage|p2a: Ogerpon|52/100
|-damage|p1a: Darkrai|91/100|[from] item: Life Orb
|
|upkeep
|turn|4
|
|t:|1779630043
|switch|p2a: Mimikyu|Mimikyu, M|100/100
|move|p1a: Darkrai|Sludge Bomb|p2a: Mimikyu
|-activate|p2a: Mimikyu|ability: Disguise
|-damage|p2a: Mimikyu|100/100
|detailschange|p2a: Mimikyu|Mimikyu-Busted, M
|-damage|p2a: Mimikyu|88/100|[from] pokemon: Mimikyu-Busted
|-enditem|p2a: Mimikyu|Red Card|[of] p1a: Darkrai
|drag|p1a: Samurott|Samurott-Hisui, M|100/100
|
|upkeep
|turn|5
|
|t:|1779630052
|move|p1a: Samurott|Ceaseless Edge|p2a: Mimikyu
|-damage|p2a: Mimikyu|8/100
|-sidestart|p2: ihymyly|Spikes
|move|p2a: Mimikyu|Play Rough|p1a: Samurott
|-supereffective|p1a: Samurott
|-damage|p1a: Samurott|0 fnt
|faint|p1a: Samurott
|
|upkeep
|
|t:|1779630060
|switch|p1a: Glimmora|Glimmora, F|100/100
|turn|6
|
|t:|1779630070
|move|p1a: Glimmora|Stealth Rock|p2a: Mimikyu
|-sidestart|p2: ihymyly|move: Stealth Rock
|move|p2a: Mimikyu|Shadow Claw|p1a: Glimmora
|-damage|p1a: Glimmora|60/100
|-activate|p1a: Glimmora|ability: Toxic Debris
|-sidestart|p2: ihymyly|move: Toxic Spikes
|
|upkeep
|turn|7
|
|t:|1779630077
|move|p2a: Mimikyu|Shadow Sneak|p1a: Glimmora
|-damage|p1a: Glimmora|39/100
|-activate|p1a: Glimmora|ability: Toxic Debris
|-sidestart|p2: ihymyly|move: Toxic Spikes
|move|p1a: Glimmora|Meteor Beam||[still]
|-prepare|p1a: Glimmora|Meteor Beam
|-boost|p1a: Glimmora|spa|1
|-enditem|p1a: Glimmora|Power Herb
|-anim|p1a: Glimmora|Meteor Beam|p2a: Mimikyu
|-damage|p2a: Mimikyu|0 fnt
|faint|p2a: Mimikyu
|
|upkeep
|
|t:|1779630092
|switch|p2a: Perfect Schnoz|Great Tusk|100/100
|turn|8
|
|t:|1779630098
|move|p2a: Perfect Schnoz|Rapid Spin|p1a: Glimmora
|-resisted|p1a: Glimmora
|-damage|p1a: Glimmora|29/100
|-boost|p2a: Perfect Schnoz|spe|1
|-sideend|p2: ihymyly|Spikes|[from] move: Rapid Spin|[of] p2a: Perfect Schnoz
|-sideend|p2: ihymyly|Toxic Spikes|[from] move: Rapid Spin|[of] p2a: Perfect Schnoz
|-sideend|p2: ihymyly|Stealth Rock|[from] move: Rapid Spin|[of] p2a: Perfect Schnoz
|move|p1a: Glimmora|Earth Power|p2a: Perfect Schnoz
|-damage|p2a: Perfect Schnoz|39/100
|
|upkeep
|turn|9
|
|t:|1779630106
|switch|p1a: Great Tusk|Great Tusk|100/100
|-enditem|p1a: Great Tusk|Booster Energy
|-activate|p1a: Great Tusk|ability: Protosynthesis|[fromitem]
|-start|p1a: Great Tusk|protosynthesisspe
|move|p2a: Perfect Schnoz|Headlong Rush|p1a: Great Tusk
|-damage|p1a: Great Tusk|71/100
|-unboost|p2a: Perfect Schnoz|def|1
|-unboost|p2a: Perfect Schnoz|spd|1
|
|upkeep
|turn|10
|
|t:|1779630111
|-end|p2a: Perfect Schnoz|Protosynthesis|[silent]
|switch|p2a: Zapdos|Zapdos|100/100
|move|p1a: Great Tusk|Bulk Up|p1a: Great Tusk
|-boost|p1a: Great Tusk|atk|1
|-boost|p1a: Great Tusk|def|1
|
|upkeep
|turn|11
|
|t:|1779630121
|-end|p1a: Great Tusk|Protosynthesis|[silent]
|switch|p1a: Glimmora|Glimmora, F|29/100
|move|p2a: Zapdos|Hurricane|p1a: Glimmora
|-resisted|p1a: Glimmora
|-damage|p1a: Glimmora|0 fnt
|faint|p1a: Glimmora
|
|upkeep
|
|t:|1779630124
|switch|p1a: Darkrai|Darkrai|91/100
|turn|12
|
|t:|1779630139
|move|p1a: Darkrai|Ice Beam|p2a: Zapdos
|-supereffective|p2a: Zapdos
|-damage|p2a: Zapdos|13/100
|-damage|p1a: Darkrai|81/100|[from] item: Life Orb
|move|p2a: Zapdos|Thunder Wave|p1a: Darkrai
|-status|p1a: Darkrai|par
|
|upkeep
|turn|13
|
|t:|1779630153
|move|p2a: Zapdos|Hurricane|p1a: Darkrai
|-damage|p1a: Darkrai|14/100 par
|-start|p1a: Darkrai|confusion
|-activate|p1a: Darkrai|confusion
|-damage|p1a: Darkrai|5/100 par|[from] confusion
|
|upkeep
|turn|14
|
|t:|1779630161
|move|p2a: Zapdos|Volt Switch|p1a: Darkrai
|-damage|p1a: Darkrai|0 fnt
|faint|p1a: Darkrai
|
|t:|1779630170
|switch|p2a: Garchomp|Garchomp, F, shiny|42/100|[from] Volt Switch
|
|upkeep
|
|t:|1779630176
|switch|p1a: Gholdengo|Gholdengo|80/100
|turn|15
|
|t:|1779630184
|move|p1a: Gholdengo|Dazzling Gleam|p2a: Garchomp
|-supereffective|p2a: Garchomp
|-damage|p2a: Garchomp|0 fnt
|faint|p2a: Garchomp
|
|upkeep
|
|t:|1779630199
|switch|p2a: Perfect Schnoz|Great Tusk|39/100
|turn|16
|j| ameneiro
|
|t:|1779630202
|switch|p1a: Great Tusk|Great Tusk|71/100
|move|p2a: Perfect Schnoz|Headlong Rush|p1a: Great Tusk
|-damage|p1a: Great Tusk|39/100
|-unboost|p2a: Perfect Schnoz|def|1
|-unboost|p2a: Perfect Schnoz|spd|1
|
|upkeep
|turn|17
|
|t:|1779630212
|move|p2a: Perfect Schnoz|Ice Spinner|p1a: Great Tusk
|-supereffective|p1a: Great Tusk
|-damage|p1a: Great Tusk|10/100
|move|p1a: Great Tusk|Close Combat|p2a: Perfect Schnoz
|-damage|p2a: Perfect Schnoz|0 fnt
|-unboost|p1a: Great Tusk|def|1
|-unboost|p1a: Great Tusk|spd|1
|faint|p2a: Perfect Schnoz
|-end|p2a: Perfect Schnoz|Protosynthesis|[silent]
|
|upkeep
|
|t:|1779630225
|switch|p2a: almost*evil*jordan|Darkrai, shiny|100/100
|turn|18
|
|t:|1779630228
|move|p2a: almost*evil*jordan|Dark Pulse|p1a: Great Tusk
|-resisted|p1a: Great Tusk
|-damage|p1a: Great Tusk|0 fnt
|faint|p1a: Great Tusk
|-end|p1a: Great Tusk|Protosynthesis|[silent]
|
|upkeep
|
|t:|1779630235
|switch|p1a: Gholdengo|Gholdengo|80/100
|turn|19
|
|t:|1779630241
|-terastallize|p2a: almost*evil*jordan|Poison
|-terastallize|p1a: Gholdengo|Fairy
|move|p2a: almost*evil*jordan|Nasty Plot|p2a: almost*evil*jordan
|-boost|p2a: almost*evil*jordan|spa|2
|move|p1a: Gholdengo|Dazzling Gleam|p2a: almost*evil*jordan
|-resisted|p2a: almost*evil*jordan
|-damage|p2a: almost*evil*jordan|75/100
|
|-heal|p2a: almost*evil*jordan|81/100|[from] item: Leftovers
|upkeep
|turn|20
|
|t:|1779630248
|move|p2a: almost*evil*jordan|Sludge Bomb|p1a: Gholdengo
|-supereffective|p1a: Gholdengo
|-damage|p1a: Gholdengo|0 fnt
|faint|p1a: Gholdengo
|
|-heal|p2a: almost*evil*jordan|87/100|[from] item: Leftovers
|upkeep
|
|t:|1779630250
|switch|p1a: Dragonite|Dragonite, M|100/100
|turn|21
|
|t:|1779630253
|move|p2a: almost*evil*jordan|Ice Beam|p1a: Dragonite
|-supereffective|p1a: Dragonite
|-damage|p1a: Dragonite|0 fnt
|faint|p1a: Dragonite
|
|win|ihymyly
|raw|mieldrain's rating: 1646 &rarr; <strong>1625</strong><br />(-21 for losing)
|raw|ihymyly's rating: 1627 &rarr; <strong>1648</strong><br />(+21 for winning)
|l|☆mieldrain
|player|p1|
|l| ameneiro
|l|☆ihymyly
|player|p2|
