|j|☆Pedroelentrenador
|j|☆bobbydolphins99
|t:|1779710267
|gametype|singles
|player|p1|Pedroelentrenador|n|1207
|player|p2|bobbydolphins99|fantina|1246
|gen|9
|tier|[Gen 9] OU
|rated|
|rule|HP Percentage Mod: HP is shown in percentages
|rule|Endless Battle Clause: Forcing endless battles is banned
|rule|Species Clause: Limit one of each Pokémon
|rule|OHKO Clause: OHKO moves are banned
|rule|Evasion Items Clause: Evasion items are banned
|rule|Evasion Moves Clause: Evasion moves are banned
|rule|Evasion Abilities Clause: Evasion abilities are banned
|rule|Sleep Moves Clause: Sleep-inducing moves are banned
|clearpoke
|poke|p1|Hatterene, F|
|poke|p1|Slowbro, F|
|poke|p1|Ursaluna, F|
|poke|p1|Kingambit, M|
|poke|p1|Vikavolt, M|
|poke|p1|Toxapex, F|
|poke|p2|Greninja-*, M|
|poke|p2|Hydrapple, F|
|poke|p2|Gholdengo|
|poke|p2|Slowking-Galar, F|
|poke|p2|Iron Valiant|
|poke|p2|Great Tusk|
|teampreview
|inactive|Battle timer is ON: inactive players will automatically lose when time's up. (requested by Pedroelentrenador)
|
|t:|1779710274
|teamsize|p1|6
|teamsize|p2|6
|start
|switch|p1a: Hatterene|Hatterene, F|100/100
|switch|p2a: Gholdengo|Gholdengo|100/100
|-item|p2a: Gholdengo|Air Balloon
|turn|1
|
|t:|1779710281
|switch|p1a: Kingambit|Kingambit, M|100/100
|move|p2a: Gholdengo|Make It Rain|p1a: Kingambit
|-resisted|p1a: Kingambit
|-damage|p1a: Kingambit|68/100
|-unboost|p2a: Gholdengo|spa|1
|
|upkeep
|turn|2
|
|t:|1779710290
|switch|p2a: Great Tusk|Great Tusk|100/100
|move|p1a: Kingambit|Swords Dance|p1a: Kingambit
|-boost|p1a: Kingambit|atk|2
|
|upkeep
|turn|3
|
|t:|1779710298
|-end|p1a: Kingambit|fallenundefined|[silent]
|switch|p1a: Vikavolt|Vikavolt, M|100/100
|move|p2a: Great Tusk|Headlong Rush|p1a: Vikavolt
|-immune|p1a: Vikavolt|[from] ability: Levitate
|
|upkeep
|turn|4
|
|t:|1779710318
|move|p2a: Great Tusk|Rapid Spin|p1a: Vikavolt
|-damage|p1a: Vikavolt|81/100
|-boost|p2a: Great Tusk|spe|1
|move|p1a: Vikavolt|Energy Ball|p2a: Great Tusk
|-supereffective|p2a: Great Tusk
|-damage|p2a: Great Tusk|0 fnt
|faint|p2a: Great Tusk
|-end|p2a: Great Tusk|Protosynthesis|[silent]
|
|upkeep
|inactive|bobbydolphins99 has 120 seconds left.
|
|t:|1779710336
|switch|p2a: Gholdengo|Gholdengo|100/100
|-item|p2a: Gholdengo|Air Balloon
|turn|5
|
|t:|1779710348
|switch|p1a: Kingambit|Kingambit, M|68/100
|move|p2a: Gholdengo|Shadow Ball|p1a: Kingambit
|-resisted|p1a: Kingambit
|-damage|p1a: Kingambit|47/100
|-unboost|p1a: Kingambit|spd|1
|
|upkeep
|turn|6
|
|t:|1779710360
|move|p1a: Kingambit|Sucker Punch|p2a: Gholdengo
|-supereffective|p2a: Gholdengo
|-damage|p2a: Gholdengo|6/100
|-enditem|p2a: Gholdengo|Air Balloon
|move|p2a: Gholdengo|Make It Rain|p1a: Kingambit
|-resisted|p1a: Kingambit
|-damage|p1a: Kingambit|0 fnt
|-unboost|p2a: Gholdengo|spa|1
|faint|p1a: Kingambit
|-end|p1a: Kingambit|fallenundefined|[silent]
|
|upkeep
|
|t:|1779710376
|switch|p1a: Toxapex|Toxapex, F|100/100
|turn|7
|
|t:|1779710380
|move|p2a: Gholdengo|Recover|p2a: Gholdengo
|-heal|p2a: Gholdengo|56/100
|move|p1a: Toxapex|Liquidation|p2a: Gholdengo
|-damage|p2a: Gholdengo|37/100
|
|upkeep
|turn|8
|
|t:|1779710394
|switch|p1a: Ursaluna|Ursaluna, F|100/100
|move|p2a: Gholdengo|Recover|p2a: Gholdengo
|-heal|p2a: Gholdengo|87/100
|
|-status|p1a: Ursaluna|brn|[from] item: Flame Orb
|upkeep
|turn|9
|
|t:|1779710406
|move|p2a: Gholdengo|Make It Rain|p1a: Ursaluna
|-damage|p1a: Ursaluna|58/100 brn
|-unboost|p2a: Gholdengo|spa|1
|move|p1a: Ursaluna|Earthquake|p2a: Gholdengo
|-supereffective|p2a: Gholdengo
|-damage|p2a: Gholdengo|0 fnt
|faint|p2a: Gholdengo
|
|-damage|p1a: Ursaluna|52/100 brn|[from] brn
|upkeep
|
|t:|1779710410
|switch|p2a: Greninja|Greninja, M|100/100
|turn|10
|
|t:|1779710421
|switch|p1a: Toxapex|Toxapex, F|100/100
|move|p2a: Greninja|Dark Pulse|p1a: Toxapex
|-damage|p1a: Toxapex|58/100
|-damage|p2a: Greninja|91/100|[from] item: Life Orb
|
|-heal|p1a: Toxapex|64/100|[from] item: Black Sludge
|upkeep
|turn|11
|
|t:|1779710431
|switch|p2a: Slowking|Slowking-Galar, F|100/100
|move|p1a: Toxapex|Toxic|p2a: Slowking
|-immune|p2a: Slowking
|
|-heal|p1a: Toxapex|71/100|[from] item: Black Sludge
|upkeep
|turn|12
|
|t:|1779710441
|move|p1a: Toxapex|Recover|p1a: Toxapex
|-heal|p1a: Toxapex|100/100
|-prepare|p2a: Slowking|Chilly Reception|[premajor]
|move|p2a: Slowking|Chilly Reception|p2a: Slowking
|-weather|Snowscape
|
|t:|1779710446
|switch|p2a: Hydrapple|Hydrapple, F|100/100|[from] Chilly Reception
|
|-weather|Snowscape|[upkeep]
|upkeep
|turn|13
|
|t:|1779710455
|move|p2a: Hydrapple|Earth Power|p1a: Toxapex
|-supereffective|p1a: Toxapex
|-damage|p1a: Toxapex|59/100
|move|p1a: Toxapex|Toxic|p2a: Hydrapple
|-status|p2a: Hydrapple|tox
|
|-weather|Snowscape|[upkeep]
|-heal|p1a: Toxapex|65/100|[from] item: Black Sludge
|-damage|p2a: Hydrapple|94/100 tox|[from] psn
|upkeep
|turn|14
|
|t:|1779710465
|switch|p2a: Greninja|Greninja, M|91/100
|move|p1a: Toxapex|Baneful Bunker||[still]
|-fail|p1a: Toxapex
|
|-weather|Snowscape|[upkeep]
|-heal|p1a: Toxapex|72/100|[from] item: Black Sludge
|upkeep
|turn|15
|
|t:|1779710473
|switch|p2a: Slowking|Slowking-Galar, F|100/100
|move|p1a: Toxapex|Toxic|p2a: Slowking
|-immune|p2a: Slowking
|
|-weather|Snowscape|[upkeep]
|-heal|p1a: Toxapex|78/100|[from] item: Black Sludge
|upkeep
|turn|16
|
|t:|1779710481
|move|p1a: Toxapex|Recover|p1a: Toxapex
|-heal|p1a: Toxapex|100/100
|-prepare|p2a: Slowking|Chilly Reception|[premajor]
|move|p2a: Slowking|Chilly Reception|p2a: Slowking
|
|t:|1779710483
|switch|p2a: Hydrapple|Hydrapple, F|100/100 tox|[from] Chilly Reception
|
|-weather|none
|-damage|p2a: Hydrapple|94/100 tox|[from] psn
|upkeep
|turn|17
|
|t:|1779710493
|switch|p2a: Slowking|Slowking-Galar, F|100/100
|move|p1a: Toxapex|Baneful Bunker||[still]
|-fail|p1a: Toxapex
|
|upkeep
|turn|18
|
|t:|1779710506
|move|p1a: Toxapex|Liquidation|p2a: Slowking
|-damage|p2a: Slowking|87/100
|-prepare|p2a: Slowking|Chilly Reception|[premajor]
|move|p2a: Slowking|Chilly Reception|p2a: Slowking
|-weather|Snowscape
|
|t:|1779710508
|switch|p2a: Hydrapple|Hydrapple, F|100/100 tox|[from] Chilly Reception
|
|-weather|Snowscape|[upkeep]
|-damage|p2a: Hydrapple|94/100 tox|[from] psn
|upkeep
|turn|19
|
|t:|1779710518
|switch|p2a: Slowking|Slowking-Galar, F|100/100
|move|p1a: Toxapex|Liquidation|p2a: Slowking
|-damage|p2a: Slowking|87/100
|-unboost|p2a: Slowking|def|1
|
|-weather|Snowscape|[upkeep]
|upkeep
|turn|20
|
|t:|1779710527
|move|p1a: Toxapex|Liquidation|p2a: Slowking
|-damage|p2a: Slowking|63/100
|-prepare|p2a: Slowking|Chilly Reception|[premajor]
|move|p2a: Slowking|Chilly Reception|p2a: Slowking
|
|t:|1779710528
|switch|p2a: Hydrapple|Hydrapple, F|100/100 tox|[from] Chilly Reception
|
|-weather|Snowscape|[upkeep]
|-damage|p2a: Hydrapple|94/100 tox|[from] psn
|upkeep
|turn|21
|
|t:|1779710547
|move|p2a: Hydrapple|Earth Power|p1a: Toxapex
|-supereffective|p1a: Toxapex
|-damage|p1a: Toxapex|60/100
|move|p1a: Toxapex|Liquidation|p2a: Hydrapple
|-resisted|p2a: Hydrapple
|-crit|p2a: Hydrapple
|-damage|p2a: Hydrapple|89/100 tox
|
|-weather|Snowscape|[upkeep]
|-heal|p1a: Toxapex|67/100|[from] item: Black Sludge
|-damage|p2a: Hydrapple|77/100 tox|[from] psn
|upkeep
|turn|22
|
|t:|1779710558
|switch|p2a: Slowking|Slowking-Galar, F|97/100
|move|p1a: Toxapex|Baneful Bunker||[still]
|-fail|p1a: Toxapex
|
|-weather|none
|-heal|p1a: Toxapex|73/100|[from] item: Black Sludge
|upkeep
|turn|23
|
|t:|1779710566
|switch|p1a: Hatterene|Hatterene, F|100/100
|move|p2a: Slowking|Psychic|p1a: Hatterene
|-resisted|p1a: Hatterene
|-damage|p1a: Hatterene|84/100
|
|upkeep
|turn|24
|
|t:|1779710576
|move|p2a: Slowking|Sludge Wave|p1a: Hatterene
|-supereffective|p1a: Hatterene
|-crit|p1a: Hatterene
|-damage|p1a: Hatterene|0 fnt
|faint|p1a: Hatterene
|
|upkeep
|
|t:|1779710583
|switch|p1a: Ursaluna|Ursaluna, F|52/100 brn
|turn|25
|
|t:|1779710592
|move|p1a: Ursaluna|Facade|p2a: Slowking
|-damage|p2a: Slowking|5/100
|-prepare|p2a: Slowking|Chilly Reception|[premajor]
|move|p2a: Slowking|Chilly Reception|p2a: Slowking
|-weather|Snowscape
|
|t:|1779710594
|switch|p2a: Iron Valiant|Iron Valiant|100/100|[from] Chilly Reception
|-enditem|p2a: Iron Valiant|Booster Energy
|-activate|p2a: Iron Valiant|ability: Quark Drive|[fromitem]
|-start|p2a: Iron Valiant|quarkdrivespe
|
|-weather|Snowscape|[upkeep]
|-damage|p1a: Ursaluna|46/100 brn|[from] brn
|upkeep
|turn|26
|
|t:|1779710606
|switch|p1a: Toxapex|Toxapex, F|100/100
|move|p2a: Iron Valiant|Aura Sphere|p1a: Toxapex
|-resisted|p1a: Toxapex
|-damage|p1a: Toxapex|83/100
|
|-weather|Snowscape|[upkeep]
|-heal|p1a: Toxapex|89/100|[from] item: Black Sludge
|upkeep
|turn|27
|
|t:|1779710619
|-terastallize|p2a: Iron Valiant|Steel
|move|p2a: Iron Valiant|Calm Mind|p2a: Iron Valiant
|-boost|p2a: Iron Valiant|spa|1
|-boost|p2a: Iron Valiant|spd|1
|move|p1a: Toxapex|Liquidation|p2a: Iron Valiant
|-damage|p2a: Iron Valiant|72/100
|
|-weather|Snowscape|[upkeep]
|-heal|p1a: Toxapex|95/100|[from] item: Black Sludge
|upkeep
|turn|28
|
|t:|1779710630
|switch|p1a: Ursaluna|Ursaluna, F|46/100 brn
|move|p2a: Iron Valiant|Shadow Ball|p1a: Ursaluna
|-immune|p1a: Ursaluna
|
|-weather|Snowscape|[upkeep]
|-damage|p1a: Ursaluna|40/100 brn|[from] brn
|upkeep
|turn|29
|
|t:|1779710640
|-terastallize|p1a: Ursaluna|Ghost
|move|p2a: Iron Valiant|Aura Sphere|p1a: Ursaluna
|-immune|p1a: Ursaluna
|move|p1a: Ursaluna|Earthquake|p2a: Iron Valiant
|-supereffective|p2a: Iron Valiant
|-damage|p2a: Iron Valiant|0 fnt
|faint|p2a: Iron Valiant
|-end|p2a: Iron Valiant|Quark Drive|[silent]
|
|-weather|none
|-damage|p1a: Ursaluna|34/100 brn|[from] brn
|upkeep
|
|t:|1779710643
|switch|p2a: Greninja|Greninja, M|91/100
|turn|30
|
|t:|1779710656
|switch|p1a: Toxapex|Toxapex, F|100/100
|move|p2a: Greninja|Dark Pulse|p1a: Toxapex
|-damage|p1a: Toxapex|59/100
|-damage|p2a: Greninja|81/100|[from] item: Life Orb
|
|-heal|p1a: Toxapex|66/100|[from] item: Black Sludge
|upkeep
|turn|31
|
|t:|1779710665
|switch|p2a: Slowking|Slowking-Galar, F|38/100
|move|p1a: Toxapex|Recover|p1a: Toxapex
|-heal|p1a: Toxapex|100/100
|
|upkeep
|turn|32
|
|t:|1779710674
|switch|p2a: Hydrapple|Hydrapple, F|100/100 tox
|move|p1a: Toxapex|Liquidation|p2a: Hydrapple
|-resisted|p2a: Hydrapple
|-damage|p2a: Hydrapple|97/100 tox
|
|-damage|p2a: Hydrapple|91/100 tox|[from] psn
|upkeep
|turn|33
|
|t:|1779710683
|switch|p1a: Slowbro|Slowbro, F|100/100
|move|p2a: Hydrapple|Fickle Beam|p1a: Slowbro
|-damage|p1a: Slowbro|69/100
|
|-heal|p1a: Slowbro|75/100|[from] item: Leftovers
|-damage|p2a: Hydrapple|79/100 tox|[from] psn
|upkeep
|turn|34
|
|t:|1779710693
|switch|p1a: Toxapex|Toxapex, F|100/100
|move|p2a: Hydrapple|Giga Drain|p1a: Toxapex
|-damage|p1a: Toxapex|76/100
|-heal|p2a: Hydrapple|87/100 tox|[from] drain|[of] p1a: Toxapex
|
|-heal|p1a: Toxapex|83/100|[from] item: Black Sludge
|-damage|p2a: Hydrapple|69/100 tox|[from] psn
|upkeep
|turn|35
|
|t:|1779710703
|switch|p2a: Slowking|Slowking-Galar, F|71/100
|move|p1a: Toxapex|Baneful Bunker||[still]
|-fail|p1a: Toxapex
|
|-heal|p1a: Toxapex|89/100|[from] item: Black Sludge
|upkeep
|turn|36
|
|t:|1779710711
|switch|p1a: Slowbro|Slowbro, F|100/100
|switch|p2a: Hydrapple|Hydrapple, F|100/100 tox
|
|-damage|p2a: Hydrapple|94/100 tox|[from] psn
|upkeep
|turn|37
|
|t:|1779710726
|switch|p2a: Greninja|Greninja, M|81/100
|move|p1a: Slowbro|Psychic Noise|p2a: Greninja
|-immune|p2a: Greninja
|
|upkeep
|turn|38
|
|t:|1779710734
|switch|p2a: Slowking|Slowking-Galar, F|100/100
|switch|p1a: Toxapex|Toxapex, F|100/100
|
|upkeep
|turn|39
|
|t:|1779710746
|move|p1a: Toxapex|Toxic|p2a: Slowking
|-immune|p2a: Slowking
|-prepare|p2a: Slowking|Chilly Reception|[premajor]
|move|p2a: Slowking|Chilly Reception|p2a: Slowking
|-weather|Snowscape
|
|t:|1779710748
|switch|p2a: Hydrapple|Hydrapple, F|100/100 tox|[from] Chilly Reception
|
|-weather|Snowscape|[upkeep]
|-damage|p2a: Hydrapple|94/100 tox|[from] psn
|upkeep
|turn|40
|
|t:|1779710759
|move|p1a: Toxapex|Baneful Bunker|p1a: Toxapex
|-singleturn|p1a: Toxapex|move: Protect
|move|p2a: Hydrapple|Giga Drain|p1a: Toxapex
|-activate|p1a: Toxapex|move: Protect
|
|-weather|Snowscape|[upkeep]
|-damage|p2a: Hydrapple|82/100 tox|[from] psn
|upkeep
|turn|41
|
|t:|1779710771
|switch|p2a: Slowking|Slowking-Galar, F|100/100
|move|p1a: Toxapex|Toxic|p2a: Slowking
|-immune|p2a: Slowking
|
|-weather|Snowscape|[upkeep]
|upkeep
|turn|42
|
|t:|1779710779
|switch|p1a: Slowbro|Slowbro, F|100/100
|switch|p2a: Hydrapple|Hydrapple, F|100/100 tox
|
|-weather|Snowscape|[upkeep]
|-damage|p2a: Hydrapple|94/100 tox|[from] psn
|upkeep
|turn|43
|
|t:|1779710787
|switch|p1a: Toxapex|Toxapex, F|100/100
|move|p2a: Hydrapple|Giga Drain|p1a: Toxapex
|-damage|p1a: Toxapex|74/100
|-heal|p2a: Hydrapple|100/100 tox|[from] drain|[of] p1a: Toxapex
|
|-weather|none
|-heal|p1a: Toxapex|80/100|[from] item: Black Sludge
|-damage|p2a: Hydrapple|88/100 tox|[from] psn
|upkeep
|turn|44
|
|t:|1779710798
|switch|p2a: Slowking|Slowking-Galar, F|100/100
|move|p1a: Toxapex|Baneful Bunker||[still]
|-fail|p1a: Toxapex
|
|-heal|p1a: Toxapex|86/100|[from] item: Black Sludge
|upkeep
|turn|45
|
|t:|1779710806
|switch|p1a: Slowbro|Slowbro, F|100/100
|-prepare|p2a: Slowking|Chilly Reception|[premajor]
|move|p2a: Slowking|Chilly Reception|p2a: Slowking
|-weather|Snowscape
|
|t:|1779710808
|switch|p2a: Hydrapple|Hydrapple, F|100/100 tox|[from] Chilly Reception
|
|-weather|Snowscape|[upkeep]
|-damage|p2a: Hydrapple|94/100 tox|[from] psn
|upkeep
|turn|46
|
|t:|1779710818
|switch|p1a: Toxapex|Toxapex, F|100/100
|move|p2a: Hydrapple|Earth Power|p1a: Toxapex
|-supereffective|p1a: Toxapex
|-damage|p1a: Toxapex|59/100
|
|-weather|Snowscape|[upkeep]
|-heal|p1a: Toxapex|65/100|[from] item: Black Sludge
|-damage|p2a: Hydrapple|82/100 tox|[from] psn
|upkeep
|turn|47
|
|t:|1779710828
|switch|p2a: Slowking|Slowking-Galar, F|100/100
|move|p1a: Toxapex|Recover|p1a: Toxapex
|-heal|p1a: Toxapex|100/100
|
|-weather|Snowscape|[upkeep]
|upkeep
|turn|48
|
|t:|1779710837
|switch|p1a: Slowbro|Slowbro, F|100/100
|move|p2a: Slowking|Toxic|p1a: Slowbro
|-status|p1a: Slowbro|tox
|
|-weather|Snowscape|[upkeep]
|-damage|p1a: Slowbro|94/100 tox|[from] psn
|upkeep
|turn|49
|
|t:|1779710845
|switch|p1a: Toxapex|Toxapex, F|100/100
|-prepare|p2a: Slowking|Chilly Reception|[premajor]
|move|p2a: Slowking|Chilly Reception|p2a: Slowking
|
|t:|1779710859
|switch|p2a: Hydrapple|Hydrapple, F|100/100 tox|[from] Chilly Reception
|
|-weather|none
|-damage|p2a: Hydrapple|94/100 tox|[from] psn
|upkeep
|turn|50
|
|t:|1779710867
|switch|p2a: Slowking|Slowking-Galar, F|100/100
|switch|p1a: Vikavolt|Vikavolt, M|81/100
|
|upkeep
|turn|51
|
|t:|1779710877
|move|p1a: Vikavolt|Bug Buzz|p2a: Slowking
|-damage|p2a: Slowking|39/100
|move|p2a: Slowking|Sludge Wave|p1a: Vikavolt
|-damage|p1a: Vikavolt|36/100
|
|upkeep
|turn|52
|
|t:|1779710885
|move|p1a: Vikavolt|Bug Buzz|p2a: Slowking
|-damage|p2a: Slowking|0 fnt
|faint|p2a: Slowking
|
|upkeep
|
|t:|1779710888
|switch|p2a: Greninja|Greninja, M|81/100
|turn|53
|c|☆Pedroelentrenador|You are wasting your time it was gg 30 turns ago
|inactive|bobbydolphins99 has 120 seconds left.
|inactive|bobbydolphins99 has 90 seconds left.
|c|☆Pedroelentrenador|Are you crying or just being an ashole
|inactive|bobbydolphins99 has 60 seconds left.
|
|t:|1779711027
|switch|p1a: Toxapex|Toxapex, F|100/100
|move|p2a: Greninja|Dark Pulse|p1a: Toxapex
|-crit|p1a: Toxapex
|-damage|p1a: Toxapex|45/100
|-damage|p2a: Greninja|71/100|[from] item: Life Orb
|
|-heal|p1a: Toxapex|51/100|[from] item: Black Sludge
|upkeep
|turn|54
|inactive|bobbydolphins99 has 30 seconds left.
|inactive|bobbydolphins99 has 20 seconds left.
|inactive|bobbydolphins99 has 15 seconds left.
|
|t:|1779711062
|switch|p2a: Hydrapple|Hydrapple, F|100/100 tox
|move|p1a: Toxapex|Baneful Bunker||[still]
|-fail|p1a: Toxapex
|
|-heal|p1a: Toxapex|58/100|[from] item: Black Sludge
|-damage|p2a: Hydrapple|94/100 tox|[from] psn
|upkeep
|turn|55
|inactive|bobbydolphins99 has 25 seconds left this turn.
|inactive|bobbydolphins99 has 20 seconds left.
|
|t:|1779711076
|switch|p1a: Vikavolt|Vikavolt, M|36/100
|move|p2a: Hydrapple|Earth Power|p1a: Vikavolt
|-immune|p1a: Vikavolt|[from] ability: Levitate
|
|-damage|p2a: Hydrapple|82/100 tox|[from] psn
|upkeep
|turn|56
|inactive|bobbydolphins99 has 30 seconds left this turn.
|
|t:|1779711089
|move|p2a: Hydrapple|Fickle Beam|p1a: Vikavolt|[anim] Fickle Beam All Out
|-activate|p2a: Hydrapple|move: Fickle Beam
|-damage|p1a: Vikavolt|0 fnt
|faint|p1a: Vikavolt
|
|-damage|p2a: Hydrapple|64/100 tox|[from] psn
|upkeep
|
|t:|1779711101
|switch|p1a: Toxapex|Toxapex, F|91/100
|turn|57
|
|t:|1779711109
|switch|p2a: Greninja|Greninja, M|71/100
|move|p1a: Toxapex|Toxic|p2a: Greninja
|-status|p2a: Greninja|tox
|
|-heal|p1a: Toxapex|97/100|[from] item: Black Sludge
|-damage|p2a: Greninja|65/100 tox|[from] psn
|upkeep
|turn|58
|
|t:|1779711120
|switch|p2a: Hydrapple|Hydrapple, F|98/100 tox
|move|p1a: Toxapex|Baneful Bunker||[still]
|-fail|p1a: Toxapex
|
|-heal|p1a: Toxapex|100/100|[from] item: Black Sludge
|-damage|p2a: Hydrapple|92/100 tox|[from] psn
|upkeep
|turn|59
|inactive|bobbydolphins99 has 60 seconds left.
|inactive|bobbydolphins99 has 30 seconds left.
|inactive|bobbydolphins99 has 20 seconds left.
|
|t:|1779711167
|move|p1a: Toxapex|Baneful Bunker|p1a: Toxapex
|-singleturn|p1a: Toxapex|move: Protect
|move|p2a: Hydrapple|Giga Drain|p1a: Toxapex
|-activate|p1a: Toxapex|move: Protect
|
|-damage|p2a: Hydrapple|80/100 tox|[from] psn
|upkeep
|turn|60
|inactive|bobbydolphins99 has 30 seconds left this turn.
|inactive|bobbydolphins99 has 20 seconds left.
|inactive|bobbydolphins99 has 15 seconds left.
|
|t:|1779711185
|move|p2a: Hydrapple|Giga Drain|p1a: Toxapex
|-damage|p1a: Toxapex|76/100
|-heal|p2a: Hydrapple|88/100 tox|[from] drain|[of] p1a: Toxapex
|move|p1a: Toxapex|Liquidation|p2a: Hydrapple
|-resisted|p2a: Hydrapple
|-damage|p2a: Hydrapple|85/100 tox
|
|-heal|p1a: Toxapex|83/100|[from] item: Black Sludge
|-damage|p2a: Hydrapple|67/100 tox|[from] psn
|upkeep
|turn|61
|inactive|bobbydolphins99 has 25 seconds left this turn.
|inactive|bobbydolphins99 has 20 seconds left.
|
|t:|1779711198
|switch|p2a: Greninja|Greninja, M|65/100 tox
|switch|p1a: Ursaluna|Ursaluna, F, tera:Ghost|34/100 brn
|
|-damage|p2a: Greninja|59/100 tox|[from] psn
|-damage|p1a: Ursaluna|28/100 brn|[from] brn
|upkeep
|turn|62
|inactive|bobbydolphins99 has 30 seconds left this turn.
|inactive|bobbydolphins99 has 20 seconds left.
|
|t:|1779711211
|move|p2a: Greninja|Dark Pulse|p1a: Ursaluna
|-supereffective|p1a: Ursaluna
|-damage|p1a: Ursaluna|0 fnt
|faint|p1a: Ursaluna
|-ability|p2a: Greninja|Battle Bond|boost
|-boost|p2a: Greninja|atk|1
|-boost|p2a: Greninja|spa|1
|-boost|p2a: Greninja|spe|1
|-activate|p2a: Greninja|ability: Battle Bond
|-damage|p2a: Greninja|49/100 tox|[from] item: Life Orb
|
|-damage|p2a: Greninja|37/100 tox|[from] psn
|upkeep
|
|t:|1779711222
|switch|p1a: Toxapex|Toxapex, F|100/100
|turn|63
|inactive|bobbydolphins99 has 30 seconds left.
|inactive|bobbydolphins99 has 20 seconds left.
|inactive|bobbydolphins99 has 15 seconds left.
|inactive|bobbydolphins99 has 10 seconds left.
|inactive|bobbydolphins99 has 5 seconds left.
|
|t:|1779711253
|switch|p2a: Hydrapple|Hydrapple, F|99/100 tox
|move|p1a: Toxapex|Baneful Bunker||[still]
|-fail|p1a: Toxapex
|
|-damage|p2a: Hydrapple|94/100 tox|[from] psn
|upkeep
|turn|64
|inactive|bobbydolphins99 has 15 seconds left this turn.
|
|t:|1779711266
|move|p2a: Hydrapple|Fickle Beam|p1a: Toxapex
|-damage|p1a: Toxapex|74/100
|move|p1a: Toxapex|Toxic|p2a: Hydrapple
|-fail|p2a: Hydrapple|tox
|
|-heal|p1a: Toxapex|80/100|[from] item: Black Sludge
|-damage|p2a: Hydrapple|82/100 tox|[from] psn
|upkeep
|turn|65
|inactive|bobbydolphins99 has 25 seconds left this turn.
|inactive|bobbydolphins99 has 20 seconds left.
|inactive|bobbydolphins99 has 15 seconds left.
|inactive|bobbydolphins99 has 10 seconds left.
|inactive|bobbydolphins99 has 5 seconds left.
|
|t:|1779711290
|switch|p2a: Greninja|Greninja, M|37/100 tox
|move|p1a: Toxapex|Recover|p1a: Toxapex
|-heal|p1a: Toxapex|100/100
|
|-damage|p2a: Greninja|31/100 tox|[from] psn
|upkeep
|turn|66
|inactive|bobbydolphins99 has 15 seconds left this turn.
|
|t:|1779711298
|switch|p2a: Hydrapple|Hydrapple, F|100/100 tox
|move|p1a: Toxapex|Baneful Bunker||[still]
|-fail|p1a: Toxapex
|
|-damage|p2a: Hydrapple|94/100 tox|[from] psn
|upkeep
|turn|67
|inactive|bobbydolphins99 has 25 seconds left this turn.
|inactive|bobbydolphins99 has 20 seconds left.
|inactive|bobbydolphins99 has 15 seconds left.
|inactive|bobbydolphins99 has 10 seconds left.
|
|t:|1779711316
|switch|p1a: Slowbro|Slowbro, F|100/100 tox
|move|p2a: Hydrapple|Dragon Tail|p1a: Slowbro
|-damage|p1a: Slowbro|88/100 tox
|drag|p1a: Toxapex|Toxapex, F|100/100
|
|-damage|p2a: Hydrapple|82/100 tox|[from] psn
|upkeep
|turn|68
|inactive|bobbydolphins99 has 20 seconds left this turn.
|inactive|bobbydolphins99 has 15 seconds left.
|
|t:|1779711329
|move|p1a: Toxapex|Liquidation|p2a: Hydrapple
|-resisted|p2a: Hydrapple
|-damage|p2a: Hydrapple|79/100 tox
|-unboost|p2a: Hydrapple|def|1
|move|p2a: Hydrapple|Dragon Tail|p1a: Toxapex|[miss]
|-miss|p2a: Hydrapple|p1a: Toxapex
|
|-damage|p2a: Hydrapple|61/100 tox|[from] psn
|upkeep
|turn|69
|inactive|bobbydolphins99 has 25 seconds left this turn.
|inactive|bobbydolphins99 has 20 seconds left.
|
|t:|1779711347
|switch|p2a: Greninja|Greninja, M|31/100 tox
|switch|p1a: Slowbro|Slowbro, F|100/100 tox
|
|-damage|p2a: Greninja|25/100 tox|[from] psn
|-damage|p1a: Slowbro|94/100 tox|[from] psn
|upkeep
|turn|70
|inactive|bobbydolphins99 has 30 seconds left this turn.
|
|t:|1779711356
|switch|p2a: Hydrapple|Hydrapple, F|94/100 tox
|switch|p1a: Toxapex|Toxapex, F|100/100
|
|-damage|p2a: Hydrapple|88/100 tox|[from] psn
|upkeep
|turn|71
|c|☆Pedroelentrenador|Stop wasting your time bro its gg
|inactive|bobbydolphins99 has 30 seconds left.
|inactive|bobbydolphins99 has 20 seconds left.
|
|t:|1779711388
|switch|p1a: Slowbro|Slowbro, F|100/100 tox
|move|p2a: Hydrapple|Giga Drain|p1a: Slowbro
|-supereffective|p1a: Slowbro
|-damage|p1a: Slowbro|42/100 tox
|-heal|p2a: Hydrapple|100/100 tox|[from] drain|[of] p1a: Slowbro
|
|-heal|p1a: Slowbro|48/100 tox|[from] item: Leftovers
|-damage|p2a: Hydrapple|88/100 tox|[from] psn
|-damage|p1a: Slowbro|42/100 tox|[from] psn
|upkeep
|turn|72
|inactive|bobbydolphins99 has 30 seconds left this turn.
|
|t:|1779711398
|switch|p1a: Toxapex|Toxapex, F|100/100
|move|p2a: Hydrapple|Earth Power|p1a: Toxapex
|-supereffective|p1a: Toxapex
|-damage|p1a: Toxapex|60/100
|-unboost|p1a: Toxapex|spd|1
|
|-heal|p1a: Toxapex|66/100|[from] item: Black Sludge
|-damage|p2a: Hydrapple|70/100 tox|[from] psn
|upkeep
|turn|73
|inactive|bobbydolphins99 has 30 seconds left.
|
|t:|1779711411
|move|p1a: Toxapex|Baneful Bunker|p1a: Toxapex
|-singleturn|p1a: Toxapex|move: Protect
|move|p2a: Hydrapple|Giga Drain|p1a: Toxapex
|-activate|p1a: Toxapex|move: Protect
|
|-heal|p1a: Toxapex|72/100|[from] item: Black Sludge
|-damage|p2a: Hydrapple|46/100 tox|[from] psn
|upkeep
|turn|74
|
|t:|1779711421
|move|p2a: Hydrapple|Giga Drain|p1a: Toxapex
|-damage|p1a: Toxapex|31/100
|-heal|p2a: Hydrapple|61/100 tox|[from] drain|[of] p1a: Toxapex
|move|p1a: Toxapex|Recover|p1a: Toxapex
|-heal|p1a: Toxapex|81/100
|
|-heal|p1a: Toxapex|87/100|[from] item: Black Sludge
|-damage|p2a: Hydrapple|31/100 tox|[from] psn
|upkeep
|turn|75
|
|t:|1779711432
|switch|p2a: Greninja|Greninja, M|25/100 tox
|move|p1a: Toxapex|Baneful Bunker||[still]
|-fail|p1a: Toxapex
|
|-heal|p1a: Toxapex|93/100|[from] item: Black Sludge
|-damage|p2a: Greninja|19/100 tox|[from] psn
|upkeep
|turn|76
|
|t:|1779711442
|move|p1a: Toxapex|Baneful Bunker|p1a: Toxapex
|-singleturn|p1a: Toxapex|move: Protect
|move|p2a: Greninja|Dark Pulse|p1a: Toxapex
|-activate|p1a: Toxapex|move: Protect
|
|-heal|p1a: Toxapex|99/100|[from] item: Black Sludge
|-damage|p2a: Greninja|8/100 tox|[from] psn
|upkeep
|turn|77
|
|t:|1779711460
|switch|p1a: Slowbro|Slowbro, F|75/100 tox
|move|p2a: Greninja|Dark Pulse|p1a: Slowbro
|-supereffective|p1a: Slowbro
|-damage|p1a: Slowbro|0 fnt
|faint|p1a: Slowbro
|-damage|p2a: Greninja|0 fnt|[from] item: Life Orb
|faint|p2a: Greninja
|
|upkeep
|
|t:|1779711471
|switch|p2a: Hydrapple|Hydrapple, F|65/100 tox
|switch|p1a: Toxapex|Toxapex, F|100/100
|turn|78
|inactive|Pedroelentrenador has 120 seconds left.
|inactive|bobbydolphins99 has 60 seconds left.
|c|☆Pedroelentrenador|Come on wtf
|inactive|bobbydolphins99 has 30 seconds left.
|inactive|bobbydolphins99 has 20 seconds left.
|inactive|bobbydolphins99 has 15 seconds left.
|
|t:|1779711554
|move|p2a: Hydrapple|Earth Power|p1a: Toxapex
|-supereffective|p1a: Toxapex
|-damage|p1a: Toxapex|61/100
|move|p1a: Toxapex|Recover|p1a: Toxapex
|-heal|p1a: Toxapex|100/100
|
|-damage|p2a: Hydrapple|59/100 tox|[from] psn
|upkeep
|turn|79
|inactive|bobbydolphins99 has 25 seconds left this turn.
|inactive|Pedroelentrenador has 120 seconds left.
|
|t:|1779711565
|move|p1a: Toxapex|Baneful Bunker|p1a: Toxapex
|-singleturn|p1a: Toxapex|move: Protect
|move|p2a: Hydrapple|Earth Power|p1a: Toxapex
|-activate|p1a: Toxapex|move: Protect
|
|-damage|p2a: Hydrapple|47/100 tox|[from] psn
|upkeep
|turn|80
|inactive|Pedroelentrenador has 120 seconds left.
|
|t:|1779711578
|move|p2a: Hydrapple|Earth Power|p1a: Toxapex
|-supereffective|p1a: Toxapex
|-damage|p1a: Toxapex|58/100
|move|p1a: Toxapex|Recover|p1a: Toxapex
|-heal|p1a: Toxapex|100/100
|
|-damage|p2a: Hydrapple|28/100 tox|[from] psn
|upkeep
|turn|81
|inactive|bobbydolphins99 has 30 seconds left.
|inactive|bobbydolphins99 has 20 seconds left.
|inactive|bobbydolphins99 has 15 seconds left.
|inactive|bobbydolphins99 has 10 seconds left.
|inactive|bobbydolphins99 has 5 seconds left.
|
|t:|1779711620
|move|p1a: Toxapex|Baneful Bunker|p1a: Toxapex
|-singleturn|p1a: Toxapex|move: Protect
|move|p2a: Hydrapple|Earth Power|p1a: Toxapex
|-activate|p1a: Toxapex|move: Protect
|
|-damage|p2a: Hydrapple|4/100 tox|[from] psn
|upkeep
|turn|82
|inactive|bobbydolphins99 has 15 seconds left this turn.
|inactive|bobbydolphins99 has 10 seconds left.
|inactive|bobbydolphins99 has 5 seconds left.
|-message|bobbydolphins99 lost due to inactivity.
|
|win|Pedroelentrenador
|raw|Pedroelentrenador's rating: 1207 &rarr; <strong>1235</strong><br />(+28 for winning)
|raw|bobbydolphins99's rating: 1246 &rarr; <strong>1218</strong><br />(-28 for losing)
|l|☆bobbydolphins99
|player|p2|
|l|☆Pedroelentrenador
|player|p1|
