|j|☆Yeissy
|j|☆Epic Staller
|t:|1779603059
|gametype|singles
|player|p1|Yeissy|veteranf|1229
|player|p2|Epic Staller|2|1343
|gen|9
|tier|[Gen 9] OU
|rated|
|rule|HP Percentage Mod: HP is shown in percentages
|rule|Endless Battle Clause: Forcing endless battles is banned
|rule|Species Clause: Limit one of each Pokémon
|rule|OHKO Clause: OHKO moves are banned
|rule|Evasion Items Clause: Evasion items are banned
|rule|Evasion Moves Clause: Evasion moves are banned
|rule|Evasion Abilities Clause: Evasion abilities are banned
|rule|Sleep Moves Clause: Sleep-inducing moves are banned
|clearpoke
|poke|p1|Cinderace, F|
|poke|p1|Galvantula, M|
|poke|p1|Sableye, F|
|poke|p1|Cinccino, F|
|poke|p1|Raging Bolt|
|poke|p1|Meowscarada, F|
|poke|p2|Amoonguss, M|
|poke|p2|Toxapex, M|
|poke|p2|Corviknight, F|
|poke|p2|Dondozo, M|
|poke|p2|Blissey, F|
|poke|p2|Gliscor, F|
|teampreview
|inactive|Battle timer is ON: inactive players will automatically lose when time's up. (requested by Epic Staller)
|inactive|Yeissy also wants the timer to be on.
|
|t:|1779603089
|teamsize|p1|6
|teamsize|p2|6
|start
|switch|p1a: Sableye|Sableye, F|100/100
|switch|p2a: Toxapex|Toxapex, M|100/100
|turn|1
|
|t:|1779603097
|move|p1a: Sableye|Thunder Wave|p2a: Toxapex
|-status|p2a: Toxapex|par
|move|p2a: Toxapex|Toxic|p1a: Sableye
|-status|p1a: Sableye|tox
|
|-damage|p1a: Sableye|95/100 tox|[from] psn
|upkeep
|turn|2
|
|t:|1779603104
|move|p1a: Sableye|Light Screen|p1a: Sableye
|-sidestart|p1: Yeissy|move: Light Screen
|cant|p2a: Toxapex|par
|
|-damage|p1a: Sableye|83/100 tox|[from] psn
|upkeep
|turn|3
|
|t:|1779603110
|move|p1a: Sableye|Reflect|p1a: Sableye
|-sidestart|p1: Yeissy|Reflect
|move|p2a: Toxapex|Toxic|p1a: Sableye
|-fail|p1a: Sableye|tox
|
|-damage|p1a: Sableye|65/100 tox|[from] psn
|upkeep
|turn|4
|
|t:|1779603115
|switch|p1a: Galvantula|Galvantula, M|100/100
|move|p2a: Toxapex|Toxic|p1a: Galvantula
|-status|p1a: Galvantula|tox
|
|-damage|p1a: Galvantula|94/100 tox|[from] psn
|upkeep
|turn|5
|
|t:|1779603121
|switch|p2a: Blissey|Blissey, F|100/100
|move|p1a: Galvantula|Sticky Web|p2a: Blissey
|-sidestart|p2: Epic Staller|move: Sticky Web
|
|-damage|p1a: Galvantula|82/100 tox|[from] psn
|upkeep
|turn|6
|
|t:|1779603126
|move|p1a: Galvantula|Volt Switch|p2a: Blissey
|-damage|p2a: Blissey|91/100
|
|t:|1779603130
|switch|p1a: Cinderace|Cinderace, F|100/100|[from] Volt Switch
|move|p2a: Blissey|Stealth Rock|p1a: Cinderace
|-sidestart|p1: Yeissy|move: Stealth Rock
|
|upkeep
|turn|7
|
|t:|1779603140
|switch|p2a: Toxapex|Toxapex, M|100/100 par
|move|p1a: Cinderace|Bulk Up|p1a: Cinderace
|-boost|p1a: Cinderace|atk|1
|-boost|p1a: Cinderace|def|1
|
|upkeep
|turn|8
|
|t:|1779603147
|move|p1a: Cinderace|Zen Headbutt|p2a: Toxapex|[miss]
|-miss|p1a: Cinderace|p2a: Toxapex
|move|p2a: Toxapex|Toxic|p1a: Cinderace
|-status|p1a: Cinderace|tox
|
|-damage|p1a: Cinderace|95/100 tox|[from] psn
|upkeep
|turn|9
|
|t:|1779603154
|switch|p2a: Dondozo|Dondozo, M|100/100
|move|p1a: Cinderace|Zen Headbutt|p2a: Dondozo
|-damage|p2a: Dondozo|88/100
|
|-damage|p1a: Cinderace|83/100 tox|[from] psn
|-sideend|p1: Yeissy|move: Light Screen
|upkeep
|turn|10
|
|t:|1779603162
|switch|p1a: Meowscarada|Meowscarada, F|100/100
|-damage|p1a: Meowscarada|88/100|[from] Stealth Rock
|switch|p2a: Corviknight|Corviknight, F|100/100
|-ability|p2a: Corviknight|Pressure
|
|-sideend|p1: Yeissy|Reflect
|upkeep
|turn|11
|
|t:|1779603173
|switch|p2a: Amoonguss|Amoonguss, M|100/100
|move|p1a: Meowscarada|Hone Claws|p1a: Meowscarada
|-boost|p1a: Meowscarada|atk|1
|-boost|p1a: Meowscarada|accuracy|1
|
|upkeep
|turn|12
|
|t:|1779603185
|switch|p2a: Toxapex|Toxapex, M|100/100 par
|move|p1a: Meowscarada|Knock Off|p2a: Toxapex
|-damage|p2a: Toxapex|46/100 par
|-enditem|p2a: Toxapex|Heavy-Duty Boots|[from] move: Knock Off|[of] p1a: Meowscarada
|
|upkeep
|turn|13
|
|t:|1779603195
|switch|p2a: Amoonguss|Amoonguss, M|100/100
|move|p1a: Meowscarada|Flower Trick|p2a: Amoonguss
|-resisted|p2a: Amoonguss
|-crit|p2a: Amoonguss
|-damage|p2a: Amoonguss|87/100
|
|upkeep
|turn|14
|
|t:|1779603202
|move|p1a: Meowscarada|Knock Off|p2a: Amoonguss
|-damage|p2a: Amoonguss|35/100
|-enditem|p2a: Amoonguss|Heavy-Duty Boots|[from] move: Knock Off|[of] p1a: Meowscarada
|move|p2a: Amoonguss|Toxic|p1a: Meowscarada
|-status|p1a: Meowscarada|tox
|
|-damage|p1a: Meowscarada|82/100 tox|[from] psn
|upkeep
|turn|15
|
|t:|1779603218
|move|p1a: Meowscarada|Play Rough|p2a: Amoonguss
|-resisted|p2a: Amoonguss
|-damage|p2a: Amoonguss|22/100
|move|p2a: Amoonguss|Synthesis|p2a: Amoonguss
|-heal|p2a: Amoonguss|71/100
|
|-damage|p1a: Meowscarada|70/100 tox|[from] psn
|upkeep
|turn|16
|
|t:|1779603231
|switch|p1a: Cinccino|Cinccino, F|100/100
|move|p2a: Amoonguss|Synthesis|p2a: Amoonguss
|-heal|p2a: Amoonguss|100/100
|
|upkeep
|turn|17
|
|t:|1779603236
|move|p1a: Cinccino|Tidy Up|p1a: Cinccino
|-sideend|p1: Yeissy|Stealth Rock
|-sideend|p2: Epic Staller|Sticky Web
|-activate|p1a: Cinccino|move: Tidy Up
|-boost|p1a: Cinccino|atk|1
|-boost|p1a: Cinccino|spe|1
|move|p2a: Amoonguss|Toxic|p1a: Cinccino
|-status|p1a: Cinccino|tox
|
|-damage|p1a: Cinccino|94/100 tox|[from] psn
|upkeep
|turn|18
|
|t:|1779603243
|switch|p2a: Corviknight|Corviknight, F|100/100
|-ability|p2a: Corviknight|Pressure
|move|p1a: Cinccino|Triple Axel|p2a: Corviknight
|-damage|p2a: Corviknight|95/100
|-damage|p2a: Corviknight|82/100
|-damage|p2a: Corviknight|65/100
|-hitcount|p2a: Corviknight|3
|
|-damage|p1a: Cinccino|82/100 tox|[from] psn
|upkeep
|turn|19
|
|t:|1779603249
|move|p1a: Cinccino|Tail Slap|p2a: Corviknight
|-resisted|p2a: Corviknight
|-damage|p2a: Corviknight|59/100
|-resisted|p2a: Corviknight
|-damage|p2a: Corviknight|53/100
|-resisted|p2a: Corviknight
|-damage|p2a: Corviknight|48/100
|-resisted|p2a: Corviknight
|-damage|p2a: Corviknight|42/100
|-resisted|p2a: Corviknight
|-damage|p2a: Corviknight|37/100
|-hitcount|p2a: Corviknight|5
|move|p2a: Corviknight|Roost|p2a: Corviknight
|-heal|p2a: Corviknight|87/100
|-singleturn|p2a: Corviknight|move: Roost
|
|-damage|p1a: Cinccino|63/100 tox|[from] psn
|upkeep
|turn|20
|
|t:|1779603267
|switch|p1a: Raging Bolt|Raging Bolt|100/100
|-enditem|p1a: Raging Bolt|Booster Energy
|-activate|p1a: Raging Bolt|ability: Protosynthesis|[fromitem]
|-start|p1a: Raging Bolt|protosynthesisspa
|switch|p2a: Amoonguss|Amoonguss, M|100/100
|
|upkeep
|turn|21
|
|t:|1779603275
|move|p1a: Raging Bolt|Dragon Pulse|p2a: Amoonguss
|-damage|p2a: Amoonguss|35/100
|move|p2a: Amoonguss|Toxic|p1a: Raging Bolt
|-status|p1a: Raging Bolt|tox
|
|-damage|p1a: Raging Bolt|94/100 tox|[from] psn
|upkeep
|turn|22
|
|t:|1779603281
|switch|p2a: Blissey|Blissey, F|91/100
|move|p1a: Raging Bolt|Calm Mind|p1a: Raging Bolt
|-boost|p1a: Raging Bolt|spa|1
|-boost|p1a: Raging Bolt|spd|1
|
|-damage|p1a: Raging Bolt|82/100 tox|[from] psn
|upkeep
|turn|23
|
|t:|1779603287
|move|p1a: Raging Bolt|Thunderbolt|p2a: Blissey
|-damage|p2a: Blissey|59/100
|-status|p2a: Blissey|par
|move|p2a: Blissey|Calm Mind|p2a: Blissey
|-boost|p2a: Blissey|spa|1
|-boost|p2a: Blissey|spd|1
|
|-damage|p1a: Raging Bolt|64/100 tox|[from] psn
|upkeep
|turn|24
|
|t:|1779603294
|move|p1a: Raging Bolt|Thunderbolt|p2a: Blissey
|-damage|p2a: Blissey|36/100 par
|move|p2a: Blissey|Soft-Boiled|p2a: Blissey
|-heal|p2a: Blissey|86/100 par
|
|-damage|p1a: Raging Bolt|39/100 tox|[from] psn
|upkeep
|turn|25
|-message|Yeissy forfeited.
|
|win|Epic Staller
|raw|Yeissy's rating: 1229 &rarr; <strong>1212</strong><br />(-17 for losing)
|raw|Epic Staller's rating: 1343 &rarr; <strong>1357</strong><br />(+14 for winning)
|l|☆Yeissy
|player|p1|
