|j|☆Hittite Jumpscare
|j|☆and so they
|t:|1779598277
|gametype|singles
|player|p1|Hittite Jumpscare|nate|1524
|player|p2|and so they|ingo-masters|1427
|gen|9
|tier|[Gen 9] OU
|rated|
|rule|HP Percentage Mod: HP is shown in percentages
|rule|Endless Battle Clause: Forcing endless battles is banned
|rule|Species Clause: Limit one of each Pokémon
|rule|OHKO Clause: OHKO moves are banned
|rule|Evasion Items Clause: Evasion items are banned
|rule|Evasion Moves Clause: Evasion moves are banned
|rule|Evasion Abilities Clause: Evasion abilities are banned
|rule|Sleep Moves Clause: Sleep-inducing moves are banned
|clearpoke
|poke|p1|Hydreigon, F|
|poke|p1|Zamazenta-*|
|poke|p1|Regieleki|
|poke|p1|Iron Moth|
|poke|p1|Hatterene, F|
|poke|p1|Ceruledge, F|
|poke|p2|Pelipper, F|
|poke|p2|Garchomp, F|
|poke|p2|Quaquaval, F|
|poke|p2|Kingdra, M|
|poke|p2|Kingambit, F|
|poke|p2|Iron Crown|
|teampreview
|inactive|Battle timer is ON: inactive players will automatically lose when time's up. (requested by and so they)
|inactive|Hittite Jumpscare also wants the timer to be on.
|
|t:|1779598292
|teamsize|p1|6
|teamsize|p2|6
|start
|switch|p1a: Hatterene|Hatterene, F|100/100
|switch|p2a: washed|Pelipper, F|100/100
|-weather|RainDance|[from] ability: Drizzle|[of] p2a: washed
|turn|1
|
|t:|1779598299
|move|p2a: washed|U-turn|p1a: Hatterene
|-damage|p1a: Hatterene|92/100
|
|t:|1779598302
|switch|p2a: okayy|Iron Crown|100/100|[from] U-turn
|move|p1a: Hatterene|Calm Mind|p1a: Hatterene
|-boost|p1a: Hatterene|spa|1
|-boost|p1a: Hatterene|spd|1
|
|-weather|RainDance|[upkeep]
|-heal|p1a: Hatterene|98/100|[from] item: Leftovers
|upkeep
|turn|2
|
|t:|1779598312
|switch|p1a: Iron Moth|Iron Moth|100/100
|-enditem|p1a: Iron Moth|Booster Energy
|-activate|p1a: Iron Moth|ability: Quark Drive|[fromitem]
|-start|p1a: Iron Moth|quarkdrivespe
|move|p2a: okayy|Tachyon Cutter|p1a: Iron Moth
|-resisted|p1a: Iron Moth
|-damage|p1a: Iron Moth|87/100
|-resisted|p1a: Iron Moth
|-damage|p1a: Iron Moth|74/100
|-hitcount|p1a: Iron Moth|2
|
|-weather|RainDance|[upkeep]
|upkeep
|turn|3
|
|t:|1779598319
|move|p1a: Iron Moth|Substitute|p1a: Iron Moth
|-start|p1a: Iron Moth|Substitute
|-damage|p1a: Iron Moth|49/100
|move|p2a: okayy|Volt Switch|p1a: Iron Moth
|-activate|p1a: Iron Moth|move: Substitute|[damage]
|
|t:|1779598321
|-end|p2a: okayy|Quark Drive|[silent]
|switch|p2a: mac and cheese|Kingdra, M|100/100|[from] Volt Switch
|
|-weather|RainDance|[upkeep]
|upkeep
|turn|4
|
|t:|1779598325
|move|p2a: mac and cheese|Flip Turn|p1a: Iron Moth
|-supereffective|p1a: Iron Moth
|-end|p1a: Iron Moth|Substitute
|
|t:|1779598328
|switch|p2a: okayy|Iron Crown|100/100|[from] Flip Turn
|move|p1a: Iron Moth|Sludge Wave|p2a: okayy
|-immune|p2a: okayy
|
|-weather|RainDance|[upkeep]
|upkeep
|turn|5
|
|t:|1779598332
|move|p1a: Iron Moth|Fiery Dance|p2a: okayy
|-supereffective|p2a: okayy
|-damage|p2a: okayy|76/100
|move|p2a: okayy|Psychic Noise|p1a: Iron Moth
|-supereffective|p1a: Iron Moth
|-damage|p1a: Iron Moth|0 fnt
|faint|p1a: Iron Moth
|-end|p1a: Iron Moth|Quark Drive|[silent]
|
|-weather|RainDance|[upkeep]
|upkeep
|
|t:|1779598338
|switch|p1a: Regieleki|Regieleki|100/100
|turn|6
|
|t:|1779598340
|-end|p2a: okayy|Quark Drive|[silent]
|switch|p2a: stance something|Garchomp, F|100/100
|move|p1a: Regieleki|Light Screen|p1a: Regieleki
|-sidestart|p1: Hittite Jumpscare|move: Light Screen
|
|-weather|RainDance|[upkeep]
|upkeep
|turn|7
|
|t:|1779598344
|switch|p1a: Hatterene|Hatterene, F|98/100
|move|p2a: stance something|Earthquake|p1a: Hatterene
|-damage|p1a: Hatterene|62/100
|
|-weather|RainDance|[upkeep]
|-heal|p1a: Hatterene|68/100|[from] item: Leftovers
|upkeep
|turn|8
|
|t:|1779598350
|switch|p2a: okayy|Iron Crown|76/100
|move|p1a: Hatterene|Calm Mind|p1a: Hatterene
|-boost|p1a: Hatterene|spa|1
|-boost|p1a: Hatterene|spd|1
|
|-weather|none
|-heal|p1a: Hatterene|74/100|[from] item: Leftovers
|upkeep
|turn|9
|
|t:|1779598354
|move|p2a: okayy|Tachyon Cutter|p1a: Hatterene
|-supereffective|p1a: Hatterene
|-damage|p1a: Hatterene|55/100
|-supereffective|p1a: Hatterene
|-damage|p1a: Hatterene|39/100
|-hitcount|p1a: Hatterene|2
|move|p1a: Hatterene|Calm Mind|p1a: Hatterene
|-boost|p1a: Hatterene|spa|1
|-boost|p1a: Hatterene|spd|1
|
|-heal|p1a: Hatterene|45/100|[from] item: Leftovers
|upkeep
|turn|10
|
|t:|1779598357
|move|p2a: okayy|Tachyon Cutter|p1a: Hatterene
|-supereffective|p1a: Hatterene
|-damage|p1a: Hatterene|32/100
|-supereffective|p1a: Hatterene
|-damage|p1a: Hatterene|20/100
|-hitcount|p1a: Hatterene|2
|move|p1a: Hatterene|Pain Split|p2a: okayy
|-sethp|p2a: okayy|48/100|[from] move: Pain Split|[silent]
|-sethp|p1a: Hatterene|48/100|[from] move: Pain Split
|
|-heal|p1a: Hatterene|54/100|[from] item: Leftovers
|upkeep
|turn|11
|
|t:|1779598361
|move|p2a: okayy|Tachyon Cutter|p1a: Hatterene
|-supereffective|p1a: Hatterene
|-damage|p1a: Hatterene|40/100
|-supereffective|p1a: Hatterene
|-damage|p1a: Hatterene|28/100
|-hitcount|p1a: Hatterene|2
|move|p1a: Hatterene|Calm Mind|p1a: Hatterene
|-boost|p1a: Hatterene|spa|1
|-boost|p1a: Hatterene|spd|1
|
|-heal|p1a: Hatterene|34/100|[from] item: Leftovers
|upkeep
|turn|12
|
|t:|1779598366
|move|p2a: okayy|Tachyon Cutter|p1a: Hatterene
|-supereffective|p1a: Hatterene
|-damage|p1a: Hatterene|23/100
|-supereffective|p1a: Hatterene
|-damage|p1a: Hatterene|12/100
|-hitcount|p1a: Hatterene|2
|move|p1a: Hatterene|Draining Kiss|p2a: okayy
|-resisted|p2a: okayy
|-damage|p2a: okayy|28/100
|-heal|p1a: Hatterene|27/100|[from] drain|[of] p2a: okayy
|
|-heal|p1a: Hatterene|33/100|[from] item: Leftovers
|upkeep
|turn|13
|
|t:|1779598372
|move|p2a: okayy|Psychic Noise|p1a: Hatterene
|-resisted|p1a: Hatterene
|-damage|p1a: Hatterene|29/100
|-start|p1a: Hatterene|move: Heal Block
|cant|p1a: Hatterene|move: Heal Block|Draining Kiss
|
|-sideend|p1: Hittite Jumpscare|move: Light Screen
|upkeep
|turn|14
|
|t:|1779598380
|move|p2a: okayy|Tachyon Cutter|p1a: Hatterene
|-supereffective|p1a: Hatterene
|-damage|p1a: Hatterene|8/100
|-supereffective|p1a: Hatterene
|-damage|p1a: Hatterene|0 fnt
|faint|p1a: Hatterene
|-hitcount|p1: Hatterene|2
|
|upkeep
|
|t:|1779598383
|switch|p1a: Regieleki|Regieleki|100/100
|turn|15
|
|t:|1779598386
|-end|p2a: okayy|Quark Drive|[silent]
|switch|p2a: stance something|Garchomp, F|100/100
|move|p1a: Regieleki|Light Screen|p1a: Regieleki
|-sidestart|p1: Hittite Jumpscare|move: Light Screen
|
|upkeep
|turn|16
|
|t:|1779598390
|move|p1a: Regieleki|Reflect|p1a: Regieleki
|-sidestart|p1: Hittite Jumpscare|Reflect
|move|p2a: stance something|Stealth Rock|p1a: Regieleki
|-sidestart|p1: Hittite Jumpscare|move: Stealth Rock
|
|upkeep
|turn|17
|
|t:|1779598394
|move|p1a: Regieleki|Rapid Spin|p2a: stance something
|-damage|p2a: stance something|94/100
|-boost|p1a: Regieleki|spe|1
|-damage|p1a: Regieleki|88/100|[from] ability: Rough Skin|[of] p2a: stance something
|-damage|p1a: Regieleki|72/100|[from] item: Rocky Helmet|[of] p2a: stance something
|-sideend|p1: Hittite Jumpscare|Stealth Rock|[from] move: Rapid Spin|[of] p1a: Regieleki
|move|p2a: stance something|Dragon Tail|p1a: Regieleki
|-damage|p1a: Regieleki|50/100
|drag|p1a: Zamazenta|Zamazenta|100/100
|-ability|p1a: Zamazenta|Dauntless Shield|boost
|-boost|p1a: Zamazenta|def|1
|
|upkeep
|turn|18
|
|t:|1779598398
|move|p1a: Zamazenta|Substitute|p1a: Zamazenta
|-start|p1a: Zamazenta|Substitute
|-damage|p1a: Zamazenta|76/100
|move|p2a: stance something|Dragon Tail|p1a: Zamazenta
|-activate|p1a: Zamazenta|move: Substitute|[damage]
|
|-heal|p1a: Zamazenta|82/100|[from] item: Leftovers
|upkeep
|turn|19
|
|t:|1779598400
|switch|p2a: washed|Pelipper, F|100/100
|-weather|RainDance|[from] ability: Drizzle|[of] p2a: washed
|move|p1a: Zamazenta|Iron Defense|p1a: Zamazenta
|-boost|p1a: Zamazenta|def|2
|
|-weather|RainDance|[upkeep]
|-heal|p1a: Zamazenta|88/100|[from] item: Leftovers
|upkeep
|turn|20
|
|t:|1779598406
|move|p1a: Zamazenta|Body Press|p2a: washed
|-resisted|p2a: washed
|-damage|p2a: washed|67/100
|move|p2a: washed|Hurricane|p1a: Zamazenta
|-supereffective|p1a: Zamazenta
|-end|p1a: Zamazenta|Substitute
|
|-weather|RainDance|[upkeep]
|-heal|p1a: Zamazenta|94/100|[from] item: Leftovers
|upkeep
|turn|21
|
|t:|1779598416
|-terastallize|p1a: Zamazenta|Dark
|move|p1a: Zamazenta|Substitute|p1a: Zamazenta
|-start|p1a: Zamazenta|Substitute
|-damage|p1a: Zamazenta|69/100
|move|p2a: washed|Hurricane|p1a: Zamazenta
|-crit|p1a: Zamazenta
|-end|p1a: Zamazenta|Substitute
|
|-weather|RainDance|[upkeep]
|-heal|p1a: Zamazenta|75/100|[from] item: Leftovers
|upkeep
|turn|22
|
|t:|1779598429
|move|p1a: Zamazenta|Substitute|p1a: Zamazenta
|-start|p1a: Zamazenta|Substitute
|-damage|p1a: Zamazenta|50/100
|move|p2a: washed|Hydro Pump|p1a: Zamazenta
|-activate|p1a: Zamazenta|move: Substitute|[damage]
|
|-weather|RainDance|[upkeep]
|-heal|p1a: Zamazenta|56/100|[from] item: Leftovers
|-sideend|p1: Hittite Jumpscare|move: Light Screen
|upkeep
|turn|23
|
|t:|1779598435
|move|p1a: Zamazenta|Iron Defense|p1a: Zamazenta
|-boost|p1a: Zamazenta|def|2
|move|p2a: washed|U-turn|p1a: Zamazenta
|-supereffective|p1a: Zamazenta
|-end|p1a: Zamazenta|Substitute
|
|t:|1779598439
|switch|p2a: mac and cheese|Kingdra, M|100/100|[from] U-turn
|
|-weather|RainDance|[upkeep]
|-heal|p1a: Zamazenta|63/100|[from] item: Leftovers
|-sideend|p1: Hittite Jumpscare|Reflect
|upkeep
|turn|24
|
|t:|1779598444
|move|p2a: mac and cheese|Weather Ball|p1a: Zamazenta
|-damage|p1a: Zamazenta|0 fnt
|faint|p1a: Zamazenta
|
|-weather|RainDance|[upkeep]
|upkeep
|
|t:|1779598453
|switch|p1a: Regieleki|Regieleki|50/100
|turn|25
|
|t:|1779598457
|move|p2a: mac and cheese|Weather Ball|p1a: Regieleki
|-damage|p1a: Regieleki|0 fnt
|faint|p1a: Regieleki
|
|-weather|RainDance|[upkeep]
|upkeep
|
|t:|1779598460
|switch|p1a: Hydreigon|Hydreigon, F|100/100
|turn|26
|
|t:|1779598464
|switch|p2a: okayy|Iron Crown|28/100
|move|p1a: Hydreigon|Nasty Plot|p1a: Hydreigon
|-boost|p1a: Hydreigon|spa|2
|
|-weather|none
|upkeep
|turn|27
|
|t:|1779598467
|move|p2a: okayy|Focus Blast|p1a: Hydreigon|[miss]
|-miss|p2a: okayy|p1a: Hydreigon
|move|p1a: Hydreigon|Substitute|p1a: Hydreigon
|-start|p1a: Hydreigon|Substitute
|-damage|p1a: Hydreigon|76/100
|
|upkeep
|turn|28
|
|t:|1779598475
|move|p2a: okayy|Tachyon Cutter|p1a: Hydreigon
|-end|p1a: Hydreigon|Substitute
|-damage|p1a: Hydreigon|48/100
|-hitcount|p1a: Hydreigon|2
|move|p1a: Hydreigon|Substitute|p1a: Hydreigon
|-start|p1a: Hydreigon|Substitute
|-damage|p1a: Hydreigon|23/100
|-enditem|p1a: Hydreigon|Salac Berry|[eat]
|-boost|p1a: Hydreigon|spe|1|[from] item: Salac Berry
|
|upkeep
|turn|29
|
|t:|1779598479
|move|p1a: Hydreigon|Dark Pulse|p2a: okayy
|-supereffective|p2a: okayy
|-damage|p2a: okayy|0 fnt
|faint|p2a: okayy
|-end|p2a: okayy|Quark Drive|[silent]
|
|upkeep
|
|t:|1779598481
|switch|p2a: washed|Pelipper, F|67/100
|-weather|RainDance|[from] ability: Drizzle|[of] p2a: washed
|turn|30
|
|t:|1779598486
|move|p1a: Hydreigon|Dark Pulse|p2a: washed
|-damage|p2a: washed|0 fnt
|faint|p2a: washed
|
|-weather|RainDance|[upkeep]
|upkeep
|
|t:|1779598488
|switch|p2a: mac and cheese|Kingdra, M|100/100
|turn|31
|
|t:|1779598494
|move|p2a: mac and cheese|Weather Ball|p1a: Hydreigon
|-resisted|p1a: Hydreigon
|-end|p1a: Hydreigon|Substitute
|move|p1a: Hydreigon|Dark Pulse|p2a: mac and cheese
|-damage|p2a: mac and cheese|0 fnt
|faint|p2a: mac and cheese
|
|-weather|RainDance|[upkeep]
|upkeep
|
|t:|1779598495
|switch|p2a: suavemente|Quaquaval, F|100/100
|turn|32
|
|t:|1779598502
|move|p2a: suavemente|Aqua Jet|p1a: Hydreigon
|-resisted|p1a: Hydreigon
|-damage|p1a: Hydreigon|0 fnt
|faint|p1a: Hydreigon
|-ability|p2a: suavemente|Moxie|boost
|-boost|p2a: suavemente|atk|1
|
|-weather|RainDance|[upkeep]
|upkeep
|
|t:|1779598505
|switch|p1a: Ceruledge|Ceruledge, F|100/100
|turn|33
|
|t:|1779598509
|move|p2a: suavemente|Aqua Jet|p1a: Ceruledge
|-supereffective|p1a: Ceruledge
|-damage|p1a: Ceruledge|0 fnt
|faint|p1a: Ceruledge
|
|win|and so they
|raw|Hittite Jumpscare's rating: 1524 &rarr; <strong>1499</strong><br />(-25 for losing)
|raw|and so they's rating: 1427 &rarr; <strong>1452</strong><br />(+25 for winning)
|c|☆Hittite Jumpscare|gg
|c|☆and so they|please excuese
|l|☆Hittite Jumpscare
|player|p1|
