|j|☆OldCarti
|j|‽Guejsvsj
|t:|1779607158
|gametype|singles
|player|p1|OldCarti|n|1167
|player|p2|Guejsvsj|1|1167
|gen|9
|tier|[Gen 9] OU
|rated|
|rule|HP Percentage Mod: HP is shown in percentages
|rule|Endless Battle Clause: Forcing endless battles is banned
|rule|Species Clause: Limit one of each Pokémon
|rule|OHKO Clause: OHKO moves are banned
|rule|Evasion Items Clause: Evasion items are banned
|rule|Evasion Moves Clause: Evasion moves are banned
|rule|Evasion Abilities Clause: Evasion abilities are banned
|rule|Sleep Moves Clause: Sleep-inducing moves are banned
|clearpoke
|poke|p1|Deoxys-Speed|
|poke|p1|Regieleki|
|poke|p1|Dragapult, F|
|poke|p1|Great Tusk|
|poke|p1|Primarina, M|
|poke|p1|Moltres|
|poke|p2|Orthworm, F|
|poke|p2|Gastrodon, F|
|poke|p2|Dragapult, F|
|poke|p2|Jirachi|
|poke|p2|Incineroar, M|
|poke|p2|Thundurus-Therian, M|
|teampreview
|
|t:|1779607173
|teamsize|p1|6
|teamsize|p2|6
|start
|switch|p1a: Dragapult|Dragapult, F|100/100
|switch|p2a: Gastrodon|Gastrodon, F|100/100
|turn|1
|
|t:|1779607180
|move|p1a: Dragapult|Will-O-Wisp|p2a: Gastrodon
|-status|p2a: Gastrodon|brn
|move|p2a: Gastrodon|Mirror Coat||[still]
|-fail|p2a: Gastrodon
|
|-damage|p2a: Gastrodon|94/100 brn|[from] brn
|upkeep
|turn|2
|
|t:|1779607185
|move|p1a: Dragapult|U-turn|p2a: Gastrodon
|-damage|p2a: Gastrodon|75/100 brn
|
|t:|1779607189
|switch|p1a: Deoxys|Deoxys-Speed|100/100|[from] U-turn
|-ability|p1a: Deoxys|Pressure
|move|p2a: Gastrodon|Clear Smog|p1a: Deoxys
|-crit|p1a: Deoxys
|-damage|p1a: Deoxys|76/100
|-clearboost|p1a: Deoxys
|
|-damage|p2a: Gastrodon|69/100 brn|[from] brn
|upkeep
|turn|3
|
|t:|1779607195
|move|p1a: Deoxys|Trick|p2a: Gastrodon
|-activate|p1a: Deoxys|move: Trick|[of] p2a: Gastrodon
|-item|p2a: Gastrodon|Ring Target|[from] move: Trick
|-item|p1a: Deoxys|Focus Sash|[from] move: Trick
|move|p2a: Gastrodon|Clear Smog|p1a: Deoxys
|-damage|p1a: Deoxys|61/100
|-clearboost|p1a: Deoxys
|
|-damage|p2a: Gastrodon|63/100 brn|[from] brn
|upkeep
|turn|4
|
|t:|1779607208
|switch|p1a: Regieleki|Regieleki|100/100
|-item|p1a: Regieleki|Air Balloon
|move|p2a: Gastrodon|Memento|p1a: Regieleki
|-unboost|p1a: Regieleki|atk|2
|-unboost|p1a: Regieleki|spa|2
|faint|p2a: Gastrodon
|
|upkeep
|
|t:|1779607218
|switch|p2a: Jirachi|Jirachi|100/100
|turn|5
|
|t:|1779607221
|move|p1a: Regieleki|Volt Switch|p2a: Jirachi
|-damage|p2a: Jirachi|88/100
|
|t:|1779607226
|switch|p1a: Moltres|Moltres|100/100|[from] Volt Switch
|move|p2a: Jirachi|Cosmic Power|p2a: Jirachi
|-boost|p2a: Jirachi|def|1
|-boost|p2a: Jirachi|spd|1
|
|upkeep
|turn|6
|
|t:|1779607232
|move|p2a: Jirachi|Wish|p2a: Jirachi
|move|p1a: Moltres|Flamethrower|p2a: Jirachi
|-supereffective|p2a: Jirachi
|-damage|p2a: Jirachi|58/100
|-enditem|p2a: Jirachi|Weakness Policy
|-boost|p2a: Jirachi|atk|2|[from] item: Weakness Policy
|-boost|p2a: Jirachi|spa|2|[from] item: Weakness Policy
|
|upkeep
|turn|7
|
|t:|1779607238
|move|p2a: Jirachi|Stored Power|p1a: Moltres
|-damage|p1a: Moltres|0 fnt
|faint|p1a: Moltres
|
|-heal|p2a: Jirachi|100/100|[from] move: Wish|[wisher] Jirachi
|upkeep
|
|t:|1779607249
|switch|p1a: Deoxys|Deoxys-Speed|61/100
|-ability|p1a: Deoxys|Pressure
|turn|8
|
|t:|1779607253
|move|p1a: Deoxys|Trick|p2a: Jirachi
|-activate|p1a: Deoxys|move: Trick|[of] p2a: Jirachi
|-item|p2a: Jirachi|Focus Sash|[from] move: Trick
|-enditem|p1a: Deoxys|Focus Sash|[silent]|[from] move: Trick
|move|p2a: Jirachi|Stored Power|p1a: Deoxys
|-resisted|p1a: Deoxys
|-damage|p1a: Deoxys|0 fnt
|faint|p1a: Deoxys
|
|upkeep
|
|t:|1779607265
|switch|p1a: Regieleki|Regieleki|100/100
|-item|p1a: Regieleki|Air Balloon
|turn|9
|
|t:|1779607271
|move|p1a: Regieleki|Thunder Wave|p2a: Jirachi
|-status|p2a: Jirachi|par
|cant|p2a: Jirachi|par
|
|upkeep
|turn|10
|
|t:|1779607277
|move|p1a: Regieleki|Thunderbolt|p2a: Jirachi
|-damage|p2a: Jirachi|80/100 par
|cant|p2a: Jirachi|par
|
|upkeep
|turn|11
|
|t:|1779607282
|move|p1a: Regieleki|Thunderbolt|p2a: Jirachi
|-crit|p2a: Jirachi
|-damage|p2a: Jirachi|32/100 par
|move|p2a: Jirachi|Cosmic Power|p2a: Jirachi
|-boost|p2a: Jirachi|def|1
|-boost|p2a: Jirachi|spd|1
|
|upkeep
|turn|12
|
|t:|1779607286
|move|p1a: Regieleki|Thunderbolt|p2a: Jirachi
|-damage|p2a: Jirachi|16/100 par
|move|p2a: Jirachi|Wish|p2a: Jirachi
|
|upkeep
|turn|13
|
|t:|1779607292
|move|p1a: Regieleki|Thunderbolt|p2a: Jirachi
|-damage|p2a: Jirachi|0 fnt
|faint|p2a: Jirachi
|
|upkeep
|
|t:|1779607303
|switch|p2a: Incineroar|Incineroar, M|100/100
|-ability|p2a: Incineroar|Intimidate|boost
|-unboost|p1a: Regieleki|atk|1
|turn|14
|
|t:|1779607309
|move|p1a: Regieleki|Thunder Wave|p2a: Incineroar
|-status|p2a: Incineroar|par
|move|p2a: Incineroar|Flare Blitz|p1a: Regieleki
|-damage|p1a: Regieleki|0 fnt
|-enditem|p1a: Regieleki|Air Balloon
|faint|p1a: Regieleki
|-damage|p2a: Incineroar|75/100 par|[from] Recoil
|
|upkeep
|
|t:|1779607312
|switch|p1a: Great Tusk|Great Tusk|100/100
|turn|15
|
|t:|1779607315
|move|p1a: Great Tusk|Stealth Rock|p2a: Incineroar
|-sidestart|p2: Guejsvsj|move: Stealth Rock
|move|p2a: Incineroar|Parting Shot|p1a: Great Tusk
|-unboost|p1a: Great Tusk|atk|1
|-unboost|p1a: Great Tusk|spa|1
|
|t:|1779607320
|switch|p2a: Orthworm|Orthworm, F|100/100|[from] Parting Shot
|-damage|p2a: Orthworm|94/100|[from] Stealth Rock
|
|upkeep
|turn|16
|
|t:|1779607332
|-end|p1a: Great Tusk|Protosynthesis|[silent]
|switch|p1a: Dragapult|Dragapult, F|100/100
|move|p2a: Orthworm|Iron Defense|p2a: Orthworm
|-boost|p2a: Orthworm|def|2
|
|upkeep
|turn|17
|
|t:|1779607338
|move|p1a: Dragapult|Will-O-Wisp|p2a: Orthworm
|-status|p2a: Orthworm|brn
|move|p2a: Orthworm|Iron Defense|p2a: Orthworm
|-boost|p2a: Orthworm|def|2
|
|-damage|p2a: Orthworm|88/100 brn|[from] brn
|upkeep
|turn|18
|
|t:|1779607342
|move|p1a: Dragapult|Hex|p2a: Orthworm
|-damage|p2a: Orthworm|29/100 brn
|-enditem|p2a: Orthworm|Red Card|[of] p1a: Dragapult
|drag|p1a: Great Tusk|Great Tusk|100/100
|move|p2a: Orthworm|Iron Defense|p2a: Orthworm
|-boost|p2a: Orthworm|def|2
|
|-damage|p2a: Orthworm|23/100 brn|[from] brn
|upkeep
|turn|19
|
|t:|1779607350
|move|p1a: Great Tusk|Rapid Spin|p2a: Orthworm
|-resisted|p2a: Orthworm
|-damage|p2a: Orthworm|21/100 brn
|-boost|p1a: Great Tusk|spe|1
|move|p2a: Orthworm|Body Press|p1a: Great Tusk
|-damage|p1a: Great Tusk|64/100
|-damage|p2a: Orthworm|4/100 brn|[from] item: Rocky Helmet|[of] p1a: Great Tusk
|
|-damage|p2a: Orthworm|0 fnt|[from] brn
|faint|p2a: Orthworm
|upkeep
|
|t:|1779607358
|switch|p2a: Incineroar|Incineroar, M|75/100 par
|-damage|p2a: Incineroar|50/100 par|[from] Stealth Rock
|-ability|p2a: Incineroar|Intimidate|boost
|-unboost|p1a: Great Tusk|atk|1
|turn|20
|
|t:|1779607361
|move|p1a: Great Tusk|Headlong Rush|p2a: Incineroar
|-supereffective|p2a: Incineroar
|-damage|p2a: Incineroar|0 fnt
|-unboost|p1a: Great Tusk|def|1
|-unboost|p1a: Great Tusk|spd|1
|faint|p2a: Incineroar
|
|upkeep
|
|t:|1779607363
|switch|p2a: Dragapult|Dragapult, F|100/100
|-damage|p2a: Dragapult|88/100|[from] Stealth Rock
|turn|21
|
|t:|1779607369
|move|p1a: Great Tusk|Ice Spinner|p2a: Dragapult
|-supereffective|p2a: Dragapult
|-damage|p2a: Dragapult|37/100
|move|p2a: Dragapult|Psychic Fangs|p1a: Great Tusk
|-supereffective|p1a: Great Tusk
|-damage|p1a: Great Tusk|0 fnt
|-damage|p2a: Dragapult|21/100|[from] item: Rocky Helmet|[of] p1a: Great Tusk
|faint|p1a: Great Tusk
|-end|p1a: Great Tusk|Protosynthesis|[silent]
|
|upkeep
|
|t:|1779607372
|switch|p1a: Primarina|Primarina, M|100/100
|turn|22
|
|t:|1779607386
|move|p2a: Dragapult|Psychic Fangs|p1a: Primarina
|-damage|p1a: Primarina|59/100
|move|p1a: Primarina|Moonblast|p2a: Dragapult
|-supereffective|p2a: Dragapult
|-damage|p2a: Dragapult|0 fnt
|faint|p2a: Dragapult
|
|upkeep
|
|t:|1779607388
|switch|p2a: Thundurus|Thundurus-Therian, M|100/100
|turn|23
|
|t:|1779607395
|-terastallize|p1a: Primarina|Poison
|move|p2a: Thundurus|Thunderbolt|p1a: Primarina
|-damage|p1a: Primarina|25/100
|move|p1a: Primarina|Moonblast|p2a: Thundurus
|-damage|p2a: Thundurus|28/100
|-unboost|p2a: Thundurus|spa|1
|
|upkeep
|turn|24
|
|t:|1779607402
|move|p2a: Thundurus|Dark Pulse|p1a: Primarina
|-damage|p1a: Primarina|13/100
|move|p1a: Primarina|Moonblast|p2a: Thundurus
|-damage|p2a: Thundurus|0 fnt
|faint|p2a: Thundurus
|
|win|OldCarti
|raw|OldCarti's rating: 1167 &rarr; <strong>1192</strong><br />(+25 for winning)
|raw|Guejsvsj's rating: 1167 &rarr; <strong>1142</strong><br />(-25 for losing)
|l|‽Guejsvsj
|player|p2|
|l|☆OldCarti
|player|p1|
