|j|☆Immalachi
|j|☆lapadaseca
|t:|1779656330
|gametype|singles
|player|p1|Immalachi|lady|1346
|player|p2|lapadaseca|janitor|1364
|gen|9
|tier|[Gen 9] OU
|rated|
|rule|HP Percentage Mod: HP is shown in percentages
|rule|Endless Battle Clause: Forcing endless battles is banned
|rule|Species Clause: Limit one of each Pokémon
|rule|OHKO Clause: OHKO moves are banned
|rule|Evasion Items Clause: Evasion items are banned
|rule|Evasion Moves Clause: Evasion moves are banned
|rule|Evasion Abilities Clause: Evasion abilities are banned
|rule|Sleep Moves Clause: Sleep-inducing moves are banned
|clearpoke
|poke|p1|Hoopa|
|poke|p1|Cinderace, F|
|poke|p1|Mandibuzz, F|
|poke|p1|Kyurem|
|poke|p1|Ting-Lu|
|poke|p1|Manaphy|
|poke|p2|Golurk|
|poke|p2|Dragapult, M|
|poke|p2|Primarina, F|
|poke|p2|Great Tusk|
|poke|p2|Kingambit, M|
|poke|p2|Amoonguss, M|
|teampreview
|inactive|Battle timer is ON: inactive players will automatically lose when time's up. (requested by lapadaseca)
|inactive|Immalachi has 120 seconds left.
|c|☆Immalachi|Your team goes hard af
|
|t:|1779656375
|teamsize|p1|6
|teamsize|p2|6
|start
|switch|p1a: Ting-Lucifer|Ting-Lu|100/100
|switch|p2a: Dragapult|Dragapult, M|100/100
|-ability|p1a: Ting-Lucifer|Vessel of Ruin
|turn|1
|
|t:|1779656382
|move|p2a: Dragapult|Will-O-Wisp|p1a: Ting-Lucifer
|-status|p1a: Ting-Lucifer|brn
|move|p1a: Ting-Lucifer|Stealth Rock|p2a: Dragapult
|-sidestart|p2: lapadaseca|move: Stealth Rock
|
|-damage|p1a: Ting-Lucifer|94/100 brn|[from] brn
|upkeep
|turn|2
|
|t:|1779656397
|move|p2a: Dragapult|U-turn|p1a: Ting-Lucifer
|-supereffective|p1a: Ting-Lucifer
|-damage|p1a: Ting-Lucifer|73/100 brn
|-enditem|p1a: Ting-Lucifer|Weakness Policy
|-boost|p1a: Ting-Lucifer|atk|2|[from] item: Weakness Policy
|-boost|p1a: Ting-Lucifer|spa|2|[from] item: Weakness Policy
|
|t:|1779656424
|switch|p2a: Amoonguss|Amoonguss, M|100/100|[from] U-turn
|-damage|p2a: Amoonguss|88/100|[from] Stealth Rock
|move|p1a: Ting-Lucifer|Earthquake|p2a: Amoonguss
|-damage|p2a: Amoonguss|53/100
|
|-damage|p1a: Ting-Lucifer|67/100 brn|[from] brn
|upkeep
|turn|3
|
|t:|1779656436
|move|p1a: Ting-Lucifer|Heavy Slam|p2a: Amoonguss
|-damage|p2a: Amoonguss|25/100
|move|p2a: Amoonguss|Clear Smog|p1a: Ting-Lucifer
|-resisted|p1a: Ting-Lucifer
|-damage|p1a: Ting-Lucifer|63/100 brn
|-clearboost|p1a: Ting-Lucifer
|
|-damage|p1a: Ting-Lucifer|57/100 brn|[from] brn
|upkeep
|turn|4
|
|t:|1779656447
|switch|p1a: Cinderace|Cinderace, F|100/100
|switch|p2a: Primarina|Primarina, F|100/100
|-damage|p2a: Primarina|88/100|[from] Stealth Rock
|
|upkeep
|turn|5
|
|t:|1779656458
|move|p1a: Cinderace|U-turn|p2a: Primarina
|-start|p1a: Cinderace|typechange|Bug|[from] ability: Libero
|-resisted|p2a: Primarina
|-damage|p2a: Primarina|67/100
|
|t:|1779656465
|switch|p1a: Manaphy|Manaphy|100/100|[from] U-turn
|move|p2a: Primarina|Moonblast|p1a: Manaphy
|-damage|p1a: Manaphy|58/100
|
|-heal|p1a: Manaphy|64/100|[from] item: Leftovers
|upkeep
|turn|6
|
|t:|1779656475
|move|p1a: Manaphy|Alluring Voice|p2a: Primarina
|-damage|p2a: Primarina|57/100
|move|p2a: Primarina|Flip Turn|p1a: Manaphy
|-resisted|p1a: Manaphy
|-damage|p1a: Manaphy|59/100
|
|t:|1779656482
|switch|p2a: Amoonguss|Amoonguss, M|58/100|[from] Flip Turn
|-damage|p2a: Amoonguss|46/100|[from] Stealth Rock
|
|-heal|p1a: Manaphy|65/100|[from] item: Leftovers
|upkeep
|turn|7
|
|t:|1779656497
|switch|p1a: Cinderace|Cinderace, F|100/100
|move|p2a: Amoonguss|Leaf Storm|p1a: Cinderace
|-resisted|p1a: Cinderace
|-damage|p1a: Cinderace|71/100
|-unboost|p2a: Amoonguss|spa|2
|-enditem|p2a: Amoonguss|Eject Pack
|
|t:|1779656507
|switch|p2a: Primarina|Primarina, F|57/100
|-damage|p2a: Primarina|45/100|[from] Stealth Rock
|
|upkeep
|turn|8
|
|t:|1779656523
|-terastallize|p1a: Cinderace|Fire
|move|p1a: Cinderace|Pyro Ball|p2a: Primarina
|-resisted|p2a: Primarina
|-damage|p2a: Primarina|0 fnt
|faint|p2a: Primarina
|
|upkeep
|
|t:|1779656529
|switch|p2a: Great Tusk|Great Tusk|100/100
|-damage|p2a: Great Tusk|98/100|[from] Stealth Rock
|-enditem|p2a: Great Tusk|Booster Energy
|-activate|p2a: Great Tusk|ability: Protosynthesis|[fromitem]
|-start|p2a: Great Tusk|protosynthesisspe
|turn|9
|
|t:|1779656545
|switch|p1a: Mandibuzz|Mandibuzz, F, shiny|100/100
|move|p2a: Great Tusk|Headlong Rush|p1a: Mandibuzz
|-immune|p1a: Mandibuzz
|
|upkeep
|turn|10
|
|t:|1779656551
|move|p2a: Great Tusk|Stealth Rock|p1a: Mandibuzz
|-sidestart|p1: Immalachi|move: Stealth Rock
|move|p1a: Mandibuzz|Toxic|p2a: Great Tusk
|-status|p2a: Great Tusk|tox
|
|-damage|p2a: Great Tusk|91/100 tox|[from] psn
|upkeep
|turn|11
|
|t:|1779656563
|move|p2a: Great Tusk|Ice Spinner|p1a: Mandibuzz
|-supereffective|p1a: Mandibuzz
|-damage|p1a: Mandibuzz|73/100
|-damage|p2a: Great Tusk|75/100 tox|[from] item: Rocky Helmet|[of] p1a: Mandibuzz
|move|p1a: Mandibuzz|Defog|p2a: Great Tusk
|-unboost|p2a: Great Tusk|evasion|1
|-sideend|p2: lapadaseca|Stealth Rock|[from] move: Defog|[of] p1a: Mandibuzz
|-sideend|p1: Immalachi|Stealth Rock|[from] move: Defog|[of] p1a: Mandibuzz
|
|-damage|p2a: Great Tusk|62/100 tox|[from] psn
|upkeep
|turn|12
|
|t:|1779656569
|move|p2a: Great Tusk|Stealth Rock|p1a: Mandibuzz
|-sidestart|p1: Immalachi|move: Stealth Rock
|move|p1a: Mandibuzz|Foul Play|p2a: Great Tusk
|-resisted|p2a: Great Tusk
|-damage|p2a: Great Tusk|50/100 tox
|
|-damage|p2a: Great Tusk|31/100 tox|[from] psn
|upkeep
|turn|13
|
|t:|1779656578
|-end|p2a: Great Tusk|Protosynthesis|[silent]
|switch|p2a: Carlinhos|Golurk, shiny|100/100
|move|p1a: Mandibuzz|Foul Play|p2a: Carlinhos
|-supereffective|p2a: Carlinhos
|-damage|p2a: Carlinhos|0 fnt
|faint|p2a: Carlinhos
|
|upkeep
|
|t:|1779656587
|switch|p2a: Dragapult|Dragapult, M|100/100
|turn|14
|
|t:|1779656599
|move|p2a: Dragapult|Will-O-Wisp|p1a: Mandibuzz
|-status|p1a: Mandibuzz|brn
|move|p1a: Mandibuzz|Toxic|p2a: Dragapult
|-status|p2a: Dragapult|tox
|
|-damage|p2a: Dragapult|95/100 tox|[from] psn
|-damage|p1a: Mandibuzz|67/100 brn|[from] brn
|upkeep
|turn|15
|
|t:|1779656604
|move|p2a: Dragapult|Hex|p1a: Mandibuzz
|-resisted|p1a: Mandibuzz
|-damage|p1a: Mandibuzz|44/100 brn
|move|p1a: Mandibuzz|Foul Play|p2a: Dragapult
|-supereffective|p2a: Dragapult
|-damage|p2a: Dragapult|40/100 tox
|
|-damage|p2a: Dragapult|28/100 tox|[from] psn
|-damage|p1a: Mandibuzz|38/100 brn|[from] brn
|upkeep
|turn|16
|
|t:|1779656608
|move|p2a: Dragapult|U-turn|p1a: Mandibuzz
|-damage|p1a: Mandibuzz|26/100 brn
|-damage|p2a: Dragapult|11/100 tox|[from] item: Rocky Helmet|[of] p1a: Mandibuzz
|
|t:|1779656610
|switch|p2a: Kingambit|Kingambit, M|100/100|[from] U-turn
|-activate|p2a: Kingambit|ability: Supreme Overlord
|-start|p2a: Kingambit|fallen2|[silent]
|move|p1a: Mandibuzz|Roost|p1a: Mandibuzz
|-heal|p1a: Mandibuzz|76/100 brn
|-singleturn|p1a: Mandibuzz|move: Roost
|
|-damage|p1a: Mandibuzz|70/100 brn|[from] brn
|upkeep
|turn|17
|
|t:|1779656617
|move|p1a: Mandibuzz|Foul Play|p2a: Kingambit
|-resisted|p2a: Kingambit
|-damage|p2a: Kingambit|88/100
|move|p2a: Kingambit|Swords Dance|p2a: Kingambit
|-boost|p2a: Kingambit|atk|2
|
|-damage|p1a: Mandibuzz|64/100 brn|[from] brn
|upkeep
|turn|18
|
|t:|1779656626
|move|p1a: Mandibuzz|Foul Play|p2a: Kingambit
|-resisted|p2a: Kingambit
|-damage|p2a: Kingambit|62/100
|move|p2a: Kingambit|Kowtow Cleave|p1a: Mandibuzz
|-resisted|p1a: Mandibuzz
|-damage|p1a: Mandibuzz|23/100 brn
|-damage|p2a: Kingambit|46/100|[from] item: Rocky Helmet|[of] p1a: Mandibuzz
|
|-damage|p1a: Mandibuzz|17/100 brn|[from] brn
|upkeep
|turn|19
|
|t:|1779656635
|move|p1a: Mandibuzz|Roost|p1a: Mandibuzz
|-heal|p1a: Mandibuzz|67/100 brn
|-singleturn|p1a: Mandibuzz|move: Roost
|move|p2a: Kingambit|Kowtow Cleave|p1a: Mandibuzz
|-resisted|p1a: Mandibuzz
|-damage|p1a: Mandibuzz|23/100 brn
|-damage|p2a: Kingambit|30/100|[from] item: Rocky Helmet|[of] p1a: Mandibuzz
|
|-damage|p1a: Mandibuzz|17/100 brn|[from] brn
|upkeep
|turn|20
|
|t:|1779656642
|move|p1a: Mandibuzz|Roost|p1a: Mandibuzz
|-heal|p1a: Mandibuzz|67/100 brn
|-singleturn|p1a: Mandibuzz|move: Roost
|move|p2a: Kingambit|Swords Dance|p2a: Kingambit
|-boost|p2a: Kingambit|atk|2
|
|-damage|p1a: Mandibuzz|61/100 brn|[from] brn
|upkeep
|turn|21
|
|t:|1779656648
|move|p2a: Kingambit|Sucker Punch|p1a: Mandibuzz
|-resisted|p1a: Mandibuzz
|-damage|p1a: Mandibuzz|12/100 brn
|-damage|p2a: Kingambit|13/100|[from] item: Rocky Helmet|[of] p1a: Mandibuzz
|move|p1a: Mandibuzz|Foul Play|p2a: Kingambit
|-resisted|p2a: Kingambit
|-damage|p2a: Kingambit|0 fnt
|faint|p2a: Kingambit
|-end|p2a: Kingambit|fallen2|[silent]
|
|-damage|p1a: Mandibuzz|6/100 brn|[from] brn
|upkeep
|
|t:|1779656652
|switch|p2a: Great Tusk|Great Tusk|31/100 tox
|turn|22
|
|t:|1779656660
|move|p2a: Great Tusk|Rapid Spin|p1a: Mandibuzz
|-damage|p1a: Mandibuzz|0 fnt
|-boost|p2a: Great Tusk|spe|1
|-damage|p2a: Great Tusk|15/100 tox|[from] item: Rocky Helmet|[of] p1a: Mandibuzz
|faint|p1a: Mandibuzz
|
|-damage|p2a: Great Tusk|9/100 tox|[from] psn
|upkeep
|
|t:|1779656674
|switch|p1a: Hoopa|Hoopa|100/100
|-damage|p1a: Hoopa|88/100|[from] Stealth Rock
|turn|23
|
|t:|1779656679
|move|p2a: Great Tusk|Headlong Rush|p1a: Hoopa
|-damage|p1a: Hoopa|7/100
|-unboost|p2a: Great Tusk|def|1
|-unboost|p2a: Great Tusk|spd|1
|-enditem|p1a: Hoopa|Aguav Berry|[eat]
|-heal|p1a: Hoopa|40/100|[from] item: Aguav Berry
|move|p1a: Hoopa|Calm Mind|p1a: Hoopa
|-boost|p1a: Hoopa|spa|1
|-boost|p1a: Hoopa|spd|1
|
|-damage|p2a: Great Tusk|0 fnt|[from] psn
|faint|p2a: Great Tusk
|-end|p2a: Great Tusk|Protosynthesis|[silent]
|upkeep
|
|t:|1779656687
|switch|p2a: Dragapult|Dragapult, M|11/100 tox
|turn|24
|
|t:|1779656698
|switch|p1a: Ting-Lucifer|Ting-Lu|57/100 brn
|-damage|p1a: Ting-Lucifer|51/100 brn|[from] Stealth Rock
|-ability|p1a: Ting-Lucifer|Vessel of Ruin
|move|p2a: Dragapult|Hex|p1a: Ting-Lucifer
|-resisted|p1a: Ting-Lucifer
|-damage|p1a: Ting-Lucifer|35/100 brn
|
|-damage|p2a: Dragapult|5/100 tox|[from] psn
|-damage|p1a: Ting-Lucifer|28/100 brn|[from] brn
|upkeep
|turn|25
|
|t:|1779656709
|move|p2a: Dragapult|Hex|p1a: Ting-Lucifer
|-resisted|p1a: Ting-Lucifer
|-damage|p1a: Ting-Lucifer|14/100 brn
|move|p1a: Ting-Lucifer|Heavy Slam|p2a: Dragapult
|-damage|p2a: Dragapult|0 fnt
|faint|p2a: Dragapult
|
|-damage|p1a: Ting-Lucifer|8/100 brn|[from] brn
|upkeep
|-message|lapadaseca forfeited.
|
|win|Immalachi
|raw|Immalachi's rating: 1346 &rarr; <strong>1367</strong><br />(+21 for winning)
|raw|lapadaseca's rating: 1364 &rarr; <strong>1343</strong><br />(-21 for losing)
|l|☆lapadaseca
|player|p2|
|l|☆Immalachi
|player|p1|
