|j|☆ihymyly
|j|☆Misfit_Mischievous
|t:|1779688803
|gametype|singles
|player|p1|ihymyly|266|1562
|player|p2|Misfit_Mischievous|biker|1633
|gen|9
|tier|[Gen 9] OU
|rated|
|rule|HP Percentage Mod: HP is shown in percentages
|rule|Endless Battle Clause: Forcing endless battles is banned
|rule|Species Clause: Limit one of each Pokémon
|rule|OHKO Clause: OHKO moves are banned
|rule|Evasion Items Clause: Evasion items are banned
|rule|Evasion Moves Clause: Evasion moves are banned
|rule|Evasion Abilities Clause: Evasion abilities are banned
|rule|Sleep Moves Clause: Sleep-inducing moves are banned
|clearpoke
|poke|p1|Darkrai|
|poke|p1|Skarmory, F|
|poke|p1|Great Tusk|
|poke|p1|Latios, M|
|poke|p1|Weavile, M|
|poke|p1|Ogerpon-Wellspring, F|
|poke|p2|Ting-Lu|
|poke|p2|Zapdos|
|poke|p2|Dragapult, F|
|poke|p2|Ogerpon-Cornerstone, F|
|poke|p2|Gholdengo|
|poke|p2|Great Tusk|
|teampreview
|inactive|Battle timer is ON: inactive players will automatically lose when time's up. (requested by Misfit_Mischievous)
|
|t:|1779688813
|teamsize|p1|6
|teamsize|p2|6
|start
|switch|p1a: Latios|Latios, M|100/100
|switch|p2a: Zapdos|Zapdos|100/100
|turn|1
|j| wuxinshushu1
|
|t:|1779688826
|switch|p2a: Ting-Lu|Ting-Lu|100/100
|-ability|p2a: Ting-Lu|Vessel of Ruin
|move|p1a: Latios|Calm Mind|p1a: Latios
|-boost|p1a: Latios|spa|1
|-boost|p1a: Latios|spd|1
|
|upkeep
|turn|2
|
|t:|1779688832
|move|p1a: Latios|Draco Meteor|p2a: Ting-Lu
|-damage|p2a: Ting-Lu|48/100
|-unboost|p1a: Latios|spa|2
|move|p2a: Ting-Lu|Stealth Rock|p1a: Latios
|-sidestart|p1: ihymyly|move: Stealth Rock
|
|-heal|p2a: Ting-Lu|54/100|[from] item: Leftovers
|upkeep
|turn|3
|j| Yeahimgoinghome
|
|t:|1779688838
|move|p1a: Latios|Calm Mind|p1a: Latios
|-boost|p1a: Latios|spa|1
|-boost|p1a: Latios|spd|1
|move|p2a: Ting-Lu|Whirlwind|p1a: Latios
|drag|p1a: Red Bull|Skarmory, F|100/100
|-damage|p1a: Red Bull|88/100|[from] Stealth Rock
|
|-heal|p2a: Ting-Lu|60/100|[from] item: Leftovers
|upkeep
|turn|4
|l| Yeahimgoinghome
|
|t:|1779688846
|move|p1a: Red Bull|Spikes|p2a: Ting-Lu
|-sidestart|p2: Misfit_Mischievous|Spikes
|move|p2a: Ting-Lu|Spikes|p1a: Red Bull
|-sidestart|p1: ihymyly|Spikes
|
|-heal|p2a: Ting-Lu|67/100|[from] item: Leftovers
|upkeep
|turn|5
|
|t:|1779688855
|move|p1a: Red Bull|Body Press|p2a: Ting-Lu
|-supereffective|p2a: Ting-Lu
|-damage|p2a: Ting-Lu|36/100
|move|p2a: Ting-Lu|Spikes|p1a: Red Bull
|-sidestart|p1: ihymyly|Spikes
|
|-heal|p2a: Ting-Lu|42/100|[from] item: Leftovers
|upkeep
|turn|6
|
|t:|1779688861
|switch|p2a: Zapdos|Zapdos|100/100
|move|p1a: Red Bull|Body Press|p2a: Zapdos
|-resisted|p2a: Zapdos
|-damage|p2a: Zapdos|89/100
|-damage|p1a: Red Bull|72/100|[from] item: Rocky Helmet|[of] p2a: Zapdos
|
|upkeep
|turn|7
|
|t:|1779688868
|switch|p1a: Latios|Latios, M|100/100
|-damage|p1a: Latios|88/100|[from] Stealth Rock
|move|p2a: Zapdos|Hurricane|p1a: Latios|[miss]
|-miss|p2a: Zapdos|p1a: Latios
|
|upkeep
|turn|8
|
|t:|1779688874
|move|p1a: Latios|Calm Mind|p1a: Latios
|-boost|p1a: Latios|spa|1
|-boost|p1a: Latios|spd|1
|move|p2a: Zapdos|U-turn|p1a: Latios
|-supereffective|p1a: Latios
|-damage|p1a: Latios|54/100
|
|t:|1779688881
|switch|p2a: Gholdengo|Gholdengo|100/100|[from] U-turn
|-damage|p2a: Gholdengo|88/100|[from] Spikes
|
|upkeep
|turn|9
|
|t:|1779688888
|-terastallize|p1a: Latios|Steel
|move|p2a: Gholdengo|Make It Rain|p1a: Latios
|-resisted|p1a: Latios
|-damage|p1a: Latios|32/100
|-unboost|p2a: Gholdengo|spa|1
|move|p1a: Latios|Recover|p1a: Latios
|-heal|p1a: Latios|82/100
|
|upkeep
|turn|10
|
|t:|1779688898
|switch|p2a: Ting-Lu|Ting-Lu|42/100
|-damage|p2a: Ting-Lu|30/100|[from] Spikes
|-ability|p2a: Ting-Lu|Vessel of Ruin
|move|p1a: Latios|Calm Mind|p1a: Latios
|-boost|p1a: Latios|spa|1
|-boost|p1a: Latios|spd|1
|
|-heal|p2a: Ting-Lu|36/100|[from] item: Leftovers
|upkeep
|turn|11
|
|t:|1779688904
|move|p1a: Latios|Draco Meteor|p2a: Ting-Lu
|-damage|p2a: Ting-Lu|0 fnt
|-unboost|p1a: Latios|spa|2
|faint|p2a: Ting-Lu
|
|upkeep
|
|t:|1779688907
|switch|p2a: Gholdengo|Gholdengo|88/100
|-damage|p2a: Gholdengo|76/100|[from] Spikes
|turn|12
|
|t:|1779688912
|move|p2a: Gholdengo|Trick|p1a: Latios
|-activate|p2a: Gholdengo|move: Trick|[of] p1a: Latios
|-item|p1a: Latios|Choice Scarf|[from] move: Trick
|-item|p2a: Gholdengo|Soul Dew|[from] move: Trick
|move|p1a: Latios|Luster Purge|p2a: Gholdengo
|-resisted|p2a: Gholdengo
|-damage|p2a: Gholdengo|47/100
|
|upkeep
|turn|13
|
|t:|1779688920
|move|p1a: Latios|Luster Purge|p2a: Gholdengo
|-resisted|p2a: Gholdengo
|-damage|p2a: Gholdengo|21/100
|move|p2a: Gholdengo|Focus Blast|p1a: Latios
|-supereffective|p1a: Latios
|-damage|p1a: Latios|34/100
|
|upkeep
|turn|14
|
|t:|1779688935
|switch|p2a: Zapdos|Zapdos|89/100
|move|p1a: Latios|Luster Purge|p2a: Zapdos
|-damage|p2a: Zapdos|37/100
|
|upkeep
|turn|15
|
|t:|1779688951
|move|p1a: Latios|Luster Purge|p2a: Zapdos
|-damage|p2a: Zapdos|0 fnt
|faint|p2a: Zapdos
|
|upkeep
|
|t:|1779688957
|switch|p2a: Great Tusk|Great Tusk|100/100
|turn|16
|
|t:|1779688960
|-terastallize|p2a: Great Tusk|Steel
|move|p1a: Latios|Luster Purge|p2a: Great Tusk
|-resisted|p2a: Great Tusk
|-damage|p2a: Great Tusk|64/100
|move|p2a: Great Tusk|Knock Off|p1a: Latios
|-damage|p1a: Latios|0 fnt
|-enditem|p1a: Latios|Choice Scarf|[from] move: Knock Off|[of] p2a: Great Tusk
|faint|p1a: Latios
|
|upkeep
|
|t:|1779688978
|switch|p1a: Primal Schnoz|Great Tusk|100/100
|turn|17
|
|t:|1779688984
|-end|p2a: Great Tusk|Protosynthesis|[silent]
|switch|p2a: Gholdengo|Gholdengo|21/100
|-damage|p2a: Gholdengo|8/100|[from] Spikes
|move|p1a: Primal Schnoz|Rapid Spin|p2a: Gholdengo
|-immune|p2a: Gholdengo
|
|upkeep
|turn|18
|
|t:|1779688991
|move|p1a: Primal Schnoz|Ice Spinner|p2a: Gholdengo
|-resisted|p2a: Gholdengo
|-damage|p2a: Gholdengo|0 fnt
|faint|p2a: Gholdengo
|
|upkeep
|
|t:|1779688996
|switch|p2a: Dragapult|Dragapult, F|100/100
|-damage|p2a: Dragapult|88/100|[from] Spikes
|turn|19
|
|t:|1779689005
|move|p2a: Dragapult|Shadow Ball|p1a: Primal Schnoz
|-damage|p1a: Primal Schnoz|38/100
|-unboost|p1a: Primal Schnoz|spd|1
|move|p1a: Primal Schnoz|Ice Spinner|p2a: Dragapult
|-supereffective|p2a: Dragapult
|-damage|p2a: Dragapult|30/100
|
|upkeep
|turn|20
|
|t:|1779689015
|move|p2a: Dragapult|Shadow Ball|p1a: Primal Schnoz
|-damage|p1a: Primal Schnoz|0 fnt
|faint|p1a: Primal Schnoz
|-end|p1a: Primal Schnoz|Protosynthesis|[silent]
|
|upkeep
|
|t:|1779689019
|switch|p1a: Mr. -ice Guy|Weavile, M|100/100
|-ability|p1a: Mr. -ice Guy|Pressure
|turn|21
|
|t:|1779689026
|move|p2a: Dragapult|Shadow Ball|p1a: Mr. -ice Guy
|-resisted|p1a: Mr. -ice Guy
|-damage|p1a: Mr. -ice Guy|66/100
|move|p1a: Mr. -ice Guy|Swords Dance|p1a: Mr. -ice Guy
|-boost|p1a: Mr. -ice Guy|atk|2
|
|upkeep
|turn|22
|
|t:|1779689033
|move|p2a: Dragapult|Shadow Ball|p1a: Mr. -ice Guy
|-resisted|p1a: Mr. -ice Guy
|-damage|p1a: Mr. -ice Guy|31/100
|move|p1a: Mr. -ice Guy|Swords Dance|p1a: Mr. -ice Guy
|-boost|p1a: Mr. -ice Guy|atk|2
|
|upkeep
|turn|23
|
|t:|1779689040
|move|p1a: Mr. -ice Guy|Ice Shard|p2a: Dragapult
|-supereffective|p2a: Dragapult
|-damage|p2a: Dragapult|0 fnt
|faint|p2a: Dragapult
|
|upkeep
|
|t:|1779689043
|switch|p2a: Great Tusk|Great Tusk, tera:Steel|64/100
|turn|24
|
|t:|1779689045
|move|p1a: Mr. -ice Guy|Knock Off|p2a: Great Tusk
|-damage|p2a: Great Tusk|0 fnt
|-enditem|p2a: Great Tusk|Heavy-Duty Boots|[from] move: Knock Off|[of] p1a: Mr. -ice Guy
|faint|p2a: Great Tusk
|-end|p2a: Great Tusk|Protosynthesis|[silent]
|
|upkeep
|-message|Misfit_Mischievous forfeited.
|
|win|ihymyly
|raw|ihymyly's rating: 1562 &rarr; <strong>1586</strong><br />(+24 for winning)
|raw|Misfit_Mischievous's rating: 1633 &rarr; <strong>1609</strong><br />(-24 for losing)
|l|☆Misfit_Mischievous
|player|p2|
|l|☆ihymyly
|player|p1|
|l| wuxinshushu1
