|j|☆cat party
|j|☆altyWIN
|t:|1779649635
|gametype|singles
|player|p1|cat party|266|1456
|player|p2|altyWIN|backpacker|1509
|gen|9
|tier|[Gen 9] OU
|rated|
|rule|HP Percentage Mod: HP is shown in percentages
|rule|Endless Battle Clause: Forcing endless battles is banned
|rule|Species Clause: Limit one of each Pokémon
|rule|OHKO Clause: OHKO moves are banned
|rule|Evasion Items Clause: Evasion items are banned
|rule|Evasion Moves Clause: Evasion moves are banned
|rule|Evasion Abilities Clause: Evasion abilities are banned
|rule|Sleep Moves Clause: Sleep-inducing moves are banned
|clearpoke
|poke|p1|Hawlucha, F|
|poke|p1|Samurott-Hisui, F|
|poke|p1|Rillaboom, F|
|poke|p1|Gholdengo|
|poke|p1|Kyurem|
|poke|p1|Landorus-Therian, M|
|poke|p2|Volcanion|
|poke|p2|Pelipper, F|
|poke|p2|Iron Treads|
|poke|p2|Kingdra, F|
|poke|p2|Poliwrath, F|
|poke|p2|Iron Valiant|
|teampreview
|inactive|Battle timer is ON: inactive players will automatically lose when time's up. (requested by cat party)
|
|t:|1779649660
|teamsize|p1|6
|teamsize|p2|6
|start
|switch|p1a: Rillaboom|Rillaboom, F|100/100
|switch|p2a: Volcanion|Volcanion|100/100
|-fieldstart|move: Grassy Terrain|[from] ability: Grassy Surge|[of] p1a: Rillaboom
|turn|1
|inactive|altyWIN has 120 seconds left.
|
|t:|1779649695
|switch|p1a: Samurott|Samurott-Hisui, F|100/100
|-terastallize|p2a: Volcanion|Poison
|move|p2a: Volcanion|Sludge Bomb|p1a: Samurott
|-damage|p1a: Samurott|75/100
|
|-heal|p1a: Samurott|81/100|[from] Grassy Terrain
|upkeep
|turn|2
|
|t:|1779649702
|move|p1a: Samurott|Ceaseless Edge|p2a: Volcanion
|-damage|p2a: Volcanion|75/100
|-sidestart|p2: altyWIN|Spikes
|move|p2a: Volcanion|Body Press|p1a: Samurott
|-supereffective|p1a: Samurott
|-damage|p1a: Samurott|16/100
|
|-heal|p1a: Samurott|22/100|[from] Grassy Terrain
|-heal|p2a: Volcanion|81/100|[from] Grassy Terrain
|upkeep
|turn|3
|
|t:|1779649711
|move|p1a: Samurott|Knock Off|p2a: Volcanion
|-damage|p2a: Volcanion|57/100
|-enditem|p2a: Volcanion|Heavy-Duty Boots|[from] move: Knock Off|[of] p1a: Samurott
|move|p2a: Volcanion|Body Press|p1a: Samurott
|-supereffective|p1a: Samurott
|-damage|p1a: Samurott|0 fnt
|faint|p1a: Samurott
|
|-heal|p2a: Volcanion|63/100|[from] Grassy Terrain
|upkeep
|
|t:|1779649728
|switch|p1a: Kyurem|Kyurem|100/100
|-ability|p1a: Kyurem|Pressure
|turn|4
|
|t:|1779649739
|switch|p2a: Pelipper|Pelipper, F|100/100
|-weather|RainDance|[from] ability: Drizzle|[of] p2a: Pelipper
|move|p1a: Kyurem|Earth Power|p2a: Pelipper
|-immune|p2a: Pelipper
|
|-weather|RainDance|[upkeep]
|upkeep
|turn|5
|inactive|cat party has 120 seconds left.
|
|t:|1779649797
|switch|p2a: Iron Treads|Iron Treads|100/100
|-damage|p2a: Iron Treads|88/100|[from] Spikes
|-enditem|p2a: Iron Treads|Booster Energy
|-activate|p2a: Iron Treads|ability: Quark Drive|[fromitem]
|-start|p2a: Iron Treads|quarkdrivespe
|move|p1a: Kyurem|Freeze-Dry|p2a: Iron Treads
|-damage|p2a: Iron Treads|45/100
|-status|p2a: Iron Treads|frz
|
|-weather|RainDance|[upkeep]
|-heal|p2a: Iron Treads|51/100 frz|[from] Grassy Terrain
|-fieldend|move: Grassy Terrain
|upkeep
|turn|6
|
|t:|1779649809
|-curestatus|p2a: Iron Treads|frz|[msg]
|move|p2a: Iron Treads|Steel Beam|p1a: Kyurem
|-supereffective|p1a: Kyurem
|-damage|p1a: Kyurem|54/100
|-damage|p2a: Iron Treads|1/100|[from] steelbeam
|move|p1a: Kyurem|Freeze-Dry|p2a: Iron Treads
|-damage|p2a: Iron Treads|0 fnt
|faint|p2a: Iron Treads
|-end|p2a: Iron Treads|Quark Drive|[silent]
|
|-weather|RainDance|[upkeep]
|upkeep
|inactive|altyWIN has 120 seconds left.
|
|t:|1779649843
|switch|p2a: Iron Valiant|Iron Valiant|100/100
|-damage|p2a: Iron Valiant|88/100|[from] Spikes
|-enditem|p2a: Iron Valiant|Booster Energy
|-activate|p2a: Iron Valiant|ability: Quark Drive|[fromitem]
|-start|p2a: Iron Valiant|quarkdrivespe
|turn|7
|inactive|altyWIN has 120 seconds left.
|
|t:|1779649850
|-terastallize|p1a: Kyurem|Poison
|move|p2a: Iron Valiant|Knock Off|p1a: Kyurem
|-damage|p1a: Kyurem|23/100
|-enditem|p1a: Kyurem|Assault Vest|[from] move: Knock Off|[of] p2a: Iron Valiant
|move|p1a: Kyurem|Ice Beam|p2a: Iron Valiant
|-damage|p2a: Iron Valiant|8/100
|
|-weather|RainDance|[upkeep]
|upkeep
|turn|8
|inactive|cat party has 120 seconds left.
|inactive|altyWIN has 120 seconds left.
|
|t:|1779649860
|move|p2a: Iron Valiant|Close Combat|p1a: Kyurem
|-resisted|p1a: Kyurem
|-damage|p1a: Kyurem|0 fnt
|-unboost|p2a: Iron Valiant|def|1
|-unboost|p2a: Iron Valiant|spd|1
|faint|p1a: Kyurem
|
|-weather|RainDance|[upkeep]
|upkeep
|
|t:|1779649864
|switch|p1a: Rillaboom|Rillaboom, F|100/100
|-fieldstart|move: Grassy Terrain|[from] ability: Grassy Surge|[of] p1a: Rillaboom
|turn|9
|
|t:|1779649874
|move|p2a: Iron Valiant|Close Combat|p1a: Rillaboom
|-damage|p1a: Rillaboom|35/100
|-unboost|p2a: Iron Valiant|def|1
|-unboost|p2a: Iron Valiant|spd|1
|move|p1a: Rillaboom|Swords Dance|p1a: Rillaboom
|-boost|p1a: Rillaboom|atk|2
|
|-weather|RainDance|[upkeep]
|-heal|p2a: Iron Valiant|14/100|[from] Grassy Terrain
|-heal|p1a: Rillaboom|42/100|[from] Grassy Terrain
|upkeep
|turn|10
|inactive|cat party has 120 seconds left.
|
|t:|1779649902
|move|p1a: Rillaboom|Grassy Glide|p2a: Iron Valiant
|-damage|p2a: Iron Valiant|0 fnt
|faint|p2a: Iron Valiant
|-end|p2a: Iron Valiant|Quark Drive|[silent]
|
|-weather|RainDance|[upkeep]
|-heal|p1a: Rillaboom|48/100|[from] Grassy Terrain
|upkeep
|inactive|altyWIN has 120 seconds left.
|
|t:|1779649934
|switch|p2a: Volcanion|Volcanion, tera:Poison|63/100
|-damage|p2a: Volcanion|51/100|[from] Spikes
|turn|11
|
|t:|1779649938
|move|p1a: Rillaboom|Wood Hammer|p2a: Volcanion
|-resisted|p2a: Volcanion
|-damage|p2a: Volcanion|0 fnt
|faint|p2a: Volcanion
|-damage|p1a: Rillaboom|32/100|[from] Recoil
|
|-weather|none
|-heal|p1a: Rillaboom|38/100|[from] Grassy Terrain
|upkeep
|
|t:|1779649941
|switch|p2a: Pelipper|Pelipper, F|100/100
|-weather|RainDance|[from] ability: Drizzle|[of] p2a: Pelipper
|turn|12
|inactive|altyWIN has 120 seconds left.
|inactive|cat party has 120 seconds left.
|
|t:|1779649992
|move|p1a: Rillaboom|Wood Hammer|p2a: Pelipper
|-damage|p2a: Pelipper|0 fnt
|faint|p2a: Pelipper
|-damage|p1a: Rillaboom|9/100|[from] Recoil
|
|-weather|RainDance|[upkeep]
|-heal|p1a: Rillaboom|15/100|[from] Grassy Terrain
|upkeep
|
|t:|1779649997
|switch|p2a: Poliwrath|Poliwrath, F|100/100
|-damage|p2a: Poliwrath|88/100|[from] Spikes
|turn|13
|
|t:|1779650003
|move|p1a: Rillaboom|Grassy Glide|p2a: Poliwrath
|-supereffective|p2a: Poliwrath
|-damage|p2a: Poliwrath|0 fnt
|faint|p2a: Poliwrath
|
|-weather|RainDance|[upkeep]
|-heal|p1a: Rillaboom|21/100|[from] Grassy Terrain
|-fieldend|move: Grassy Terrain
|upkeep
|
|t:|1779650007
|switch|p2a: Kingdra|Kingdra, F|100/100
|-damage|p2a: Kingdra|88/100|[from] Spikes
|turn|14
|
|t:|1779650012
|switch|p1a: Landorus|Landorus-Therian, M|100/100
|-ability|p1a: Landorus|Intimidate|boost
|-unboost|p2a: Kingdra|atk|1
|move|p2a: Kingdra|Weather Ball|p1a: Landorus
|-supereffective|p1a: Landorus
|-damage|p1a: Landorus|0 fnt
|faint|p1a: Landorus
|
|-weather|RainDance|[upkeep]
|upkeep
|
|t:|1779650018
|switch|p1a: Gholdengo|Gholdengo|100/100
|turn|15
|
|t:|1779650021
|move|p2a: Kingdra|Weather Ball|p1a: Gholdengo
|-damage|p1a: Gholdengo|0 fnt
|faint|p1a: Gholdengo
|
|-weather|RainDance|[upkeep]
|upkeep
|
|t:|1779650025
|switch|p1a: Rillaboom|Rillaboom, F|21/100
|-fieldstart|move: Grassy Terrain|[from] ability: Grassy Surge|[of] p1a: Rillaboom
|turn|16
|
|t:|1779650032
|move|p1a: Rillaboom|Grassy Glide|p2a: Kingdra
|-damage|p2a: Kingdra|43/100
|move|p2a: Kingdra|Weather Ball|p1a: Rillaboom
|-resisted|p1a: Rillaboom
|-damage|p1a: Rillaboom|0 fnt
|faint|p1a: Rillaboom
|
|-weather|RainDance|[upkeep]
|-heal|p2a: Kingdra|49/100|[from] Grassy Terrain
|upkeep
|
|t:|1779650036
|switch|p1a: Hawlucha|Hawlucha, F|100/100
|-enditem|p1a: Hawlucha|Grassy Seed
|-boost|p1a: Hawlucha|def|1|[from] item: Grassy Seed
|turn|17
|
|t:|1779650045
|move|p2a: Kingdra|Weather Ball|p1a: Hawlucha
|-damage|p1a: Hawlucha|0 fnt
|faint|p1a: Hawlucha
|
|win|altyWIN
|raw|cat party's rating: 1456 &rarr; <strong>1438</strong><br />(-18 for losing)
|raw|altyWIN's rating: 1487 &rarr; <strong>1505</strong><br />(+18 for winning)
|l|☆cat party
|player|p1|
|l|☆altyWIN
|player|p2|
