|j|☆ihymyly
|j|☆Hyuyu
|t:|1779697554
|gametype|singles
|player|p1|ihymyly|266|1523
|player|p2|Hyuyu|266|1397
|gen|9
|tier|[Gen 9] OU
|rated|
|rule|HP Percentage Mod: HP is shown in percentages
|rule|Endless Battle Clause: Forcing endless battles is banned
|rule|Species Clause: Limit one of each Pokémon
|rule|OHKO Clause: OHKO moves are banned
|rule|Evasion Items Clause: Evasion items are banned
|rule|Evasion Moves Clause: Evasion moves are banned
|rule|Evasion Abilities Clause: Evasion abilities are banned
|rule|Sleep Moves Clause: Sleep-inducing moves are banned
|clearpoke
|poke|p1|Darkrai|
|poke|p1|Skarmory, F|
|poke|p1|Great Tusk|
|poke|p1|Latios, M|
|poke|p1|Weavile, M|
|poke|p1|Ogerpon-Wellspring, F|
|poke|p2|Gardevoir, F|
|poke|p2|Great Tusk|
|poke|p2|Samurott-Hisui, M|
|poke|p2|Azelf|
|poke|p2|Corviknight, M|
|poke|p2|Clodsire, M|
|teampreview
|
|t:|1779697591
|teamsize|p1|6
|teamsize|p2|6
|start
|switch|p1a: Red Bull|Skarmory, F|100/100
|switch|p2a: Gardevoir|Gardevoir, F|100/100
|-ability|p2a: Gardevoir|Sturdy|Trace|[from] ability: Trace|[of] p1a: Red Bull
|turn|1
|
|t:|1779697599
|move|p2a: Gardevoir|Mystical Fire|p1a: Red Bull
|-supereffective|p1a: Red Bull
|-ability|p1a: Red Bull|Sturdy
|-damage|p1a: Red Bull|1/100
|-unboost|p1a: Red Bull|spa|1
|move|p1a: Red Bull|Spikes|p2a: Gardevoir
|-sidestart|p2: Hyuyu|Spikes
|
|upkeep
|turn|2
|
|t:|1779697613
|switch|p1a: Ogerpon|Ogerpon-Wellspring, F|100/100
|move|p2a: Gardevoir|Mystical Fire|p1a: Ogerpon
|-damage|p1a: Ogerpon|52/100
|-unboost|p1a: Ogerpon|spa|1
|
|upkeep
|turn|3
|
|t:|1779697641
|move|p1a: Ogerpon|Ivy Cudgel|p2a: Gardevoir|[anim] Ivy Cudgel Water
|-ability|p2a: Gardevoir|Sturdy
|-damage|p2a: Gardevoir|1/100
|move|p2a: Gardevoir|Mystical Fire|p1a: Ogerpon
|-damage|p1a: Ogerpon|7/100
|-unboost|p1a: Ogerpon|spa|1
|
|upkeep
|turn|4
|
|t:|1779697676
|switch|p2a: Corviknight|Corviknight, M|100/100
|-ability|p2a: Corviknight|Pressure
|move|p1a: Ogerpon|Ivy Cudgel|p2a: Corviknight|[anim] Ivy Cudgel Water
|-damage|p2a: Corviknight|63/100
|
|upkeep
|turn|5
|
|t:|1779697694
|switch|p1a: Red Bull|Skarmory, F|1/100
|move|p2a: Corviknight|U-turn|p1a: Red Bull
|-resisted|p1a: Red Bull
|-damage|p1a: Red Bull|0 fnt
|-damage|p2a: Corviknight|46/100|[from] item: Rocky Helmet|[of] p1a: Red Bull
|faint|p1a: Red Bull
|
|t:|1779697702
|switch|p2a: Azelf|Azelf|100/100|[from] U-turn
|
|upkeep
|
|t:|1779697710
|switch|p1a: almost*evil*jordan|Darkrai, shiny|100/100
|turn|6
|
|t:|1779697722
|switch|p2a: Samurott|Samurott-Hisui, M|100/100
|-damage|p2a: Samurott|88/100|[from] Spikes
|move|p1a: almost*evil*jordan|Dark Pulse|p2a: Samurott
|-resisted|p2a: Samurott
|-damage|p2a: Samurott|61/100
|
|upkeep
|turn|7
|
|t:|1779697753
|move|p1a: almost*evil*jordan|Nasty Plot|p1a: almost*evil*jordan
|-boost|p1a: almost*evil*jordan|spa|2
|move|p2a: Samurott|Ceaseless Edge|p1a: almost*evil*jordan
|-resisted|p1a: almost*evil*jordan
|-damage|p1a: almost*evil*jordan|84/100
|-sidestart|p1: ihymyly|Spikes
|
|-heal|p1a: almost*evil*jordan|90/100|[from] item: Leftovers
|upkeep
|turn|8
|
|t:|1779697763
|move|p1a: almost*evil*jordan|Sludge Bomb|p2a: Samurott
|-damage|p2a: Samurott|0 fnt
|faint|p2a: Samurott
|
|-heal|p1a: almost*evil*jordan|96/100|[from] item: Leftovers
|upkeep
|
|t:|1779697767
|switch|p2a: Clodsire|Clodsire, M|100/100
|-damage|p2a: Clodsire|88/100|[from] Spikes
|turn|9
|
|t:|1779697777
|move|p1a: almost*evil*jordan|Ice Beam|p2a: Clodsire
|-supereffective|p2a: Clodsire
|-damage|p2a: Clodsire|57/100
|move|p2a: Clodsire|Toxic|p1a: almost*evil*jordan
|-status|p1a: almost*evil*jordan|tox
|
|-heal|p1a: almost*evil*jordan|100/100 tox|[from] item: Leftovers
|-heal|p2a: Clodsire|63/100|[from] item: Leftovers
|-damage|p1a: almost*evil*jordan|94/100 tox|[from] psn
|upkeep
|turn|10
|
|t:|1779697787
|move|p1a: almost*evil*jordan|Ice Beam|p2a: Clodsire
|-supereffective|p2a: Clodsire
|-damage|p2a: Clodsire|30/100
|move|p2a: Clodsire|Recover|p2a: Clodsire
|-heal|p2a: Clodsire|80/100
|
|-heal|p1a: almost*evil*jordan|100/100 tox|[from] item: Leftovers
|-heal|p2a: Clodsire|86/100|[from] item: Leftovers
|-damage|p1a: almost*evil*jordan|88/100 tox|[from] psn
|upkeep
|turn|11
|
|t:|1779697793
|switch|p1a: Primal Schnoz|Great Tusk|100/100
|move|p2a: Clodsire|Toxic|p1a: Primal Schnoz
|-status|p1a: Primal Schnoz|tox
|
|-heal|p2a: Clodsire|93/100|[from] item: Leftovers
|-damage|p1a: Primal Schnoz|94/100 tox|[from] psn
|upkeep
|turn|12
|
|t:|1779697803
|switch|p2a: Corviknight|Corviknight, M|46/100
|-ability|p2a: Corviknight|Pressure
|move|p1a: Primal Schnoz|Rapid Spin|p2a: Corviknight
|-resisted|p2a: Corviknight
|-damage|p2a: Corviknight|42/100
|-boost|p1a: Primal Schnoz|spe|1
|-damage|p1a: Primal Schnoz|78/100 tox|[from] item: Rocky Helmet|[of] p2a: Corviknight
|-sideend|p1: ihymyly|Spikes|[from] move: Rapid Spin|[of] p1a: Primal Schnoz
|
|-damage|p1a: Primal Schnoz|66/100 tox|[from] psn
|upkeep
|turn|13
|
|t:|1779697820
|move|p1a: Primal Schnoz|Stealth Rock|p2a: Corviknight
|-sidestart|p2: Hyuyu|move: Stealth Rock
|move|p2a: Corviknight|Roost|p2a: Corviknight
|-heal|p2a: Corviknight|92/100
|-singleturn|p2a: Corviknight|move: Roost
|
|-damage|p1a: Primal Schnoz|48/100 tox|[from] psn
|upkeep
|turn|14
|
|t:|1779697825
|-end|p1a: Primal Schnoz|Protosynthesis|[silent]
|switch|p1a: Latios|Latios, M|100/100
|move|p2a: Corviknight|Defog|p1a: Latios
|-unboost|p1a: Latios|evasion|1
|-sideend|p2: Hyuyu|Spikes|[from] move: Defog|[of] p2a: Corviknight
|-sideend|p2: Hyuyu|Stealth Rock|[from] move: Defog|[of] p2a: Corviknight
|
|upkeep
|turn|15
|
|t:|1779697836
|switch|p2a: Azelf|Azelf|100/100
|move|p1a: Latios|Luster Purge|p2a: Azelf
|-resisted|p2a: Azelf
|-damage|p2a: Azelf|51/100
|
|upkeep
|turn|16
|
|t:|1779697846
|switch|p1a: almost*evil*jordan|Darkrai, shiny|88/100 tox
|move|p2a: Azelf|Knock Off|p1a: almost*evil*jordan
|-resisted|p1a: almost*evil*jordan
|-damage|p1a: almost*evil*jordan|71/100 tox
|-enditem|p1a: almost*evil*jordan|Leftovers|[from] move: Knock Off|[of] p2a: Azelf
|
|-damage|p1a: almost*evil*jordan|65/100 tox|[from] psn
|upkeep
|turn|17
|
|t:|1779697912
|switch|p2a: Clodsire|Clodsire, M|93/100
|move|p1a: almost*evil*jordan|Ice Beam|p2a: Clodsire
|-supereffective|p2a: Clodsire
|-damage|p2a: Clodsire|61/100
|
|-heal|p2a: Clodsire|67/100|[from] item: Leftovers
|-damage|p1a: almost*evil*jordan|52/100 tox|[from] psn
|upkeep
|turn|18
|
|t:|1779697926
|switch|p1a: Ogerpon|Ogerpon-Wellspring, F|7/100
|move|p2a: Clodsire|Earthquake|p1a: Ogerpon
|-resisted|p1a: Ogerpon
|-damage|p1a: Ogerpon|0 fnt
|faint|p1a: Ogerpon
|
|-heal|p2a: Clodsire|73/100|[from] item: Leftovers
|upkeep
|
|t:|1779697934
|switch|p1a: Latios|Latios, M|100/100
|turn|19
|
|t:|1779697978
|-terastallize|p1a: Latios|Steel
|-terastallize|p2a: Clodsire|Dark
|move|p1a: Latios|Aura Sphere|p2a: Clodsire
|-supereffective|p2a: Clodsire
|-damage|p2a: Clodsire|42/100
|move|p2a: Clodsire|Toxic|p1a: Latios
|-immune|p1a: Latios
|
|-heal|p2a: Clodsire|48/100|[from] item: Leftovers
|upkeep
|turn|20
|
|t:|1779698000
|switch|p2a: Azelf|Azelf|51/100
|move|p1a: Latios|Aura Sphere|p2a: Azelf
|-resisted|p2a: Azelf
|-damage|p2a: Azelf|30/100
|
|upkeep
|turn|21
|
|t:|1779698022
|switch|p1a: almost*evil*jordan|Darkrai, shiny|52/100 tox
|move|p2a: Azelf|U-turn|p1a: almost*evil*jordan
|-supereffective|p1a: almost*evil*jordan
|-damage|p1a: almost*evil*jordan|3/100 tox
|
|t:|1779698035
|switch|p2a: Gardevoir|Gardevoir, F|1/100|[from] U-turn
|-ability|p2a: Gardevoir|Bad Dreams|Trace|[from] ability: Trace|[of] p1a: almost*evil*jordan
|
|-damage|p1a: almost*evil*jordan|0 fnt|[from] psn
|faint|p1a: almost*evil*jordan
|upkeep
|
|t:|1779698043
|switch|p1a: Mr. -ice Guy|Weavile, M|100/100
|-ability|p1a: Mr. -ice Guy|Pressure
|turn|22
|
|t:|1779698053
|move|p2a: Gardevoir|Vacuum Wave|p1a: Mr. -ice Guy
|-supereffective|p1a: Mr. -ice Guy
|-damage|p1a: Mr. -ice Guy|0 fnt
|faint|p1a: Mr. -ice Guy
|
|upkeep
|
|t:|1779698064
|switch|p1a: Primal Schnoz|Great Tusk|48/100 tox
|turn|23
|
|t:|1779698071
|switch|p2a: Corviknight|Corviknight, M|92/100
|-ability|p2a: Corviknight|Pressure
|move|p1a: Primal Schnoz|Stealth Rock|p2a: Corviknight
|-sidestart|p2: Hyuyu|move: Stealth Rock
|
|-damage|p1a: Primal Schnoz|42/100 tox|[from] psn
|upkeep
|turn|24
|
|t:|1779698075
|-end|p1a: Primal Schnoz|Protosynthesis|[silent]
|switch|p1a: Latios|Latios, M, tera:Steel|100/100
|move|p2a: Corviknight|Defog|p1a: Latios
|-unboost|p1a: Latios|evasion|1
|-sideend|p2: Hyuyu|Stealth Rock|[from] move: Defog|[of] p2a: Corviknight
|
|upkeep
|turn|25
|
|t:|1779698091
|move|p1a: Latios|Aura Sphere|p2a: Corviknight
|-damage|p2a: Corviknight|67/100
|move|p2a: Corviknight|Brave Bird|p1a: Latios
|-resisted|p1a: Latios
|-damage|p1a: Latios|76/100
|-damage|p2a: Corviknight|61/100|[from] Recoil
|
|upkeep
|turn|26
|
|t:|1779698098
|move|p1a: Latios|Aura Sphere|p2a: Corviknight
|-damage|p2a: Corviknight|36/100
|move|p2a: Corviknight|Roost|p2a: Corviknight
|-heal|p2a: Corviknight|86/100
|-singleturn|p2a: Corviknight|move: Roost
|
|upkeep
|turn|27
|
|t:|1779698103
|move|p1a: Latios|Aura Sphere|p2a: Corviknight
|-damage|p2a: Corviknight|57/100
|move|p2a: Corviknight|Brave Bird|p1a: Latios
|-resisted|p1a: Latios
|-damage|p1a: Latios|53/100
|-damage|p2a: Corviknight|51/100|[from] Recoil
|
|upkeep
|turn|28
|
|t:|1779698107
|move|p1a: Latios|Aura Sphere|p2a: Corviknight
|-damage|p2a: Corviknight|23/100
|move|p2a: Corviknight|Roost|p2a: Corviknight
|-heal|p2a: Corviknight|73/100
|-singleturn|p2a: Corviknight|move: Roost
|
|upkeep
|turn|29
|
|t:|1779698111
|move|p1a: Latios|Recover|p1a: Latios
|-heal|p1a: Latios|100/100
|move|p2a: Corviknight|Brave Bird|p1a: Latios
|-resisted|p1a: Latios
|-damage|p1a: Latios|74/100
|-damage|p2a: Corviknight|66/100|[from] Recoil
|
|upkeep
|turn|30
|
|t:|1779698119
|move|p1a: Latios|Aura Sphere|p2a: Corviknight
|-damage|p2a: Corviknight|41/100
|move|p2a: Corviknight|Brave Bird|p1a: Latios
|-resisted|p1a: Latios
|-damage|p1a: Latios|51/100
|-damage|p2a: Corviknight|35/100|[from] Recoil
|
|upkeep
|turn|31
|
|t:|1779698124
|move|p1a: Latios|Aura Sphere|p2a: Corviknight
|-damage|p2a: Corviknight|7/100
|move|p2a: Corviknight|Roost|p2a: Corviknight
|-heal|p2a: Corviknight|57/100
|-singleturn|p2a: Corviknight|move: Roost
|
|upkeep
|turn|32
|
|t:|1779698132
|move|p1a: Latios|Aura Sphere|p2a: Corviknight
|-damage|p2a: Corviknight|30/100
|move|p2a: Corviknight|Brave Bird|p1a: Latios
|-resisted|p1a: Latios
|-damage|p1a: Latios|27/100
|-damage|p2a: Corviknight|24/100|[from] Recoil
|
|upkeep
|turn|33
|
|t:|1779698137
|move|p1a: Latios|Recover|p1a: Latios
|-heal|p1a: Latios|77/100
|move|p2a: Corviknight|Roost|p2a: Corviknight
|-heal|p2a: Corviknight|74/100
|-singleturn|p2a: Corviknight|move: Roost
|
|upkeep
|turn|34
|
|t:|1779698151
|move|p1a: Latios|Aura Sphere|p2a: Corviknight
|-damage|p2a: Corviknight|47/100
|move|p2a: Corviknight|Brave Bird|p1a: Latios
|-resisted|p1a: Latios
|-damage|p1a: Latios|54/100
|-damage|p2a: Corviknight|41/100|[from] Recoil
|
|upkeep
|turn|35
|
|t:|1779698160
|move|p1a: Latios|Aura Sphere|p2a: Corviknight
|-damage|p2a: Corviknight|15/100
|move|p2a: Corviknight|Roost|p2a: Corviknight
|-heal|p2a: Corviknight|65/100
|-singleturn|p2a: Corviknight|move: Roost
|
|upkeep
|turn|36
|
|t:|1779698165
|move|p1a: Latios|Aura Sphere|p2a: Corviknight
|-damage|p2a: Corviknight|39/100
|move|p2a: Corviknight|Brave Bird|p1a: Latios
|-resisted|p1a: Latios
|-damage|p1a: Latios|32/100
|-damage|p2a: Corviknight|33/100|[from] Recoil
|
|upkeep
|turn|37
|
|t:|1779698172
|move|p1a: Latios|Recover|p1a: Latios
|-heal|p1a: Latios|82/100
|move|p2a: Corviknight|Roost|p2a: Corviknight
|-heal|p2a: Corviknight|83/100
|-singleturn|p2a: Corviknight|move: Roost
|
|upkeep
|turn|38
|
|t:|1779698179
|move|p1a: Latios|Aura Sphere|p2a: Corviknight
|-damage|p2a: Corviknight|54/100
|move|p2a: Corviknight|Brave Bird|p1a: Latios
|-resisted|p1a: Latios
|-damage|p1a: Latios|57/100
|-damage|p2a: Corviknight|48/100|[from] Recoil
|
|upkeep
|turn|39
|
|t:|1779698199
|move|p1a: Latios|Aura Sphere|p2a: Corviknight
|-damage|p2a: Corviknight|22/100
|move|p2a: Corviknight|Brave Bird|p1a: Latios
|-resisted|p1a: Latios
|-damage|p1a: Latios|32/100
|-damage|p2a: Corviknight|15/100|[from] Recoil
|
|upkeep
|turn|40
|
|t:|1779698206
|move|p1a: Latios|Recover|p1a: Latios
|-heal|p1a: Latios|82/100
|move|p2a: Corviknight|Roost|p2a: Corviknight
|-heal|p2a: Corviknight|65/100
|-singleturn|p2a: Corviknight|move: Roost
|
|upkeep
|turn|41
|
|t:|1779698234
|move|p1a: Latios|Luster Purge|p2a: Corviknight
|-resisted|p2a: Corviknight
|-damage|p2a: Corviknight|38/100
|move|p2a: Corviknight|U-turn|p1a: Latios
|-resisted|p1a: Latios
|-damage|p1a: Latios|73/100
|
|t:|1779698268
|switch|p2a: Azelf|Azelf|30/100|[from] U-turn
|
|upkeep
|turn|42
|
|t:|1779698275
|switch|p1a: Primal Schnoz|Great Tusk|42/100 tox
|move|p2a: Azelf|U-turn|p1a: Primal Schnoz
|-resisted|p1a: Primal Schnoz
|-damage|p1a: Primal Schnoz|35/100 tox
|
|t:|1779698280
|switch|p2a: Great Tusk|Great Tusk|100/100|[from] U-turn
|
|-damage|p1a: Primal Schnoz|29/100 tox|[from] psn
|upkeep
|turn|43
|
|t:|1779698289
|move|p1a: Primal Schnoz|Stealth Rock|p2a: Great Tusk
|-sidestart|p2: Hyuyu|move: Stealth Rock
|move|p2a: Great Tusk|Ice Spinner|p1a: Primal Schnoz
|-supereffective|p1a: Primal Schnoz
|-damage|p1a: Primal Schnoz|1/100 tox
|
|-damage|p1a: Primal Schnoz|0 fnt|[from] psn
|faint|p1a: Primal Schnoz
|-end|p1a: Primal Schnoz|Protosynthesis|[silent]
|upkeep
|
|t:|1779698295
|switch|p1a: Latios|Latios, M, tera:Steel|73/100
|turn|44
|
|t:|1779698304
|move|p1a: Latios|Luster Purge|p2a: Great Tusk
|-supereffective|p2a: Great Tusk
|-crit|p2a: Great Tusk
|-damage|p2a: Great Tusk|0 fnt
|faint|p2a: Great Tusk
|-end|p2a: Great Tusk|Protosynthesis|[silent]
|
|upkeep
|
|t:|1779698313
|switch|p2a: Azelf|Azelf|30/100
|-damage|p2a: Azelf|18/100|[from] Stealth Rock
|turn|45
|
|t:|1779698318
|move|p2a: Azelf|Knock Off|p1a: Latios
|-damage|p1a: Latios|38/100
|-enditem|p1a: Latios|Soul Dew|[from] move: Knock Off|[of] p2a: Azelf
|move|p1a: Latios|Recover|p1a: Latios
|-heal|p1a: Latios|88/100
|
|upkeep
|turn|46
|
|t:|1779698330
|move|p2a: Azelf|Encore|p1a: Latios
|-start|p1a: Latios|Encore
|move|p1a: Latios|Recover|p1a: Latios
|-heal|p1a: Latios|100/100
|
|upkeep
|turn|47
|
|t:|1779698334
|switch|p2a: Corviknight|Corviknight, M|38/100
|-damage|p2a: Corviknight|26/100|[from] Stealth Rock
|-ability|p2a: Corviknight|Pressure
|move|p1a: Latios|Recover||[still]
|-fail|p1a: Latios|heal
|
|upkeep
|turn|48
|
|t:|1779698345
|move|p1a: Latios|Recover||[still]
|-fail|p1a: Latios|heal
|move|p2a: Corviknight|U-turn|p1a: Latios
|-resisted|p1a: Latios
|-damage|p1a: Latios|92/100
|
|t:|1779698349
|switch|p2a: Azelf|Azelf|18/100|[from] U-turn
|-damage|p2a: Azelf|6/100|[from] Stealth Rock
|
|-end|p1a: Latios|Encore
|upkeep
|turn|49
|
|t:|1779698353
|move|p2a: Azelf|Encore||[still]
|-fail|p2a: Azelf
|move|p1a: Latios|Aura Sphere|p2a: Azelf
|-resisted|p2a: Azelf
|-damage|p2a: Azelf|0 fnt
|faint|p2a: Azelf
|
|upkeep
|
|t:|1779698380
|switch|p2a: Clodsire|Clodsire, M, tera:Dark|48/100
|-damage|p2a: Clodsire|35/100|[from] Stealth Rock
|turn|50
|
|t:|1779698388
|move|p1a: Latios|Aura Sphere|p2a: Clodsire
|-supereffective|p2a: Clodsire
|-damage|p2a: Clodsire|5/100
|move|p2a: Clodsire|Recover|p2a: Clodsire
|-heal|p2a: Clodsire|55/100
|
|-heal|p2a: Clodsire|61/100|[from] item: Leftovers
|upkeep
|turn|51
|
|t:|1779698395
|move|p1a: Latios|Aura Sphere|p2a: Clodsire
|-supereffective|p2a: Clodsire
|-damage|p2a: Clodsire|33/100
|move|p2a: Clodsire|Recover|p2a: Clodsire
|-heal|p2a: Clodsire|83/100
|
|-heal|p2a: Clodsire|89/100|[from] item: Leftovers
|upkeep
|turn|52
|
|t:|1779698419
|move|p1a: Latios|Aura Sphere|p2a: Clodsire
|-supereffective|p2a: Clodsire
|-damage|p2a: Clodsire|60/100
|move|p2a: Clodsire|Stealth Rock|p1a: Latios
|-sidestart|p1: ihymyly|move: Stealth Rock
|
|-heal|p2a: Clodsire|66/100|[from] item: Leftovers
|upkeep
|turn|53
|
|t:|1779698430
|move|p1a: Latios|Aura Sphere|p2a: Clodsire
|-supereffective|p2a: Clodsire
|-damage|p2a: Clodsire|36/100
|move|p2a: Clodsire|Recover|p2a: Clodsire
|-heal|p2a: Clodsire|86/100
|
|-heal|p2a: Clodsire|92/100|[from] item: Leftovers
|upkeep
|turn|54
|
|t:|1779698440
|move|p1a: Latios|Draco Meteor|p2a: Clodsire
|-damage|p2a: Clodsire|53/100
|-unboost|p1a: Latios|spa|2
|move|p2a: Clodsire|Stealth Rock||[still]
|-fail|p2a: Clodsire
|
|-heal|p2a: Clodsire|59/100|[from] item: Leftovers
|upkeep
|turn|55
|
|t:|1779698449
|move|p1a: Latios|Aura Sphere|p2a: Clodsire
|-supereffective|p2a: Clodsire
|-damage|p2a: Clodsire|29/100
|move|p2a: Clodsire|Recover|p2a: Clodsire
|-heal|p2a: Clodsire|79/100
|
|-heal|p2a: Clodsire|85/100|[from] item: Leftovers
|upkeep
|turn|56
|
|t:|1779698455
|move|p1a: Latios|Draco Meteor|p2a: Clodsire|[miss]
|-miss|p1a: Latios|p2a: Clodsire
|move|p2a: Clodsire|Stealth Rock||[still]
|-fail|p2a: Clodsire
|
|-heal|p2a: Clodsire|91/100|[from] item: Leftovers
|upkeep
|turn|57
|
|t:|1779698459
|move|p1a: Latios|Draco Meteor|p2a: Clodsire
|-damage|p2a: Clodsire|58/100
|-unboost|p1a: Latios|spa|2
|move|p2a: Clodsire|Stealth Rock||[still]
|-fail|p2a: Clodsire
|
|-heal|p2a: Clodsire|64/100|[from] item: Leftovers
|upkeep
|turn|58
|
|t:|1779698462
|move|p1a: Latios|Draco Meteor|p2a: Clodsire
|-damage|p2a: Clodsire|25/100
|-unboost|p1a: Latios|spa|2
|move|p2a: Clodsire|Recover|p2a: Clodsire
|-heal|p2a: Clodsire|75/100
|
|-heal|p2a: Clodsire|81/100|[from] item: Leftovers
|upkeep
|turn|59
|
|t:|1779698470
|move|p1a: Latios|Draco Meteor|p2a: Clodsire
|-damage|p2a: Clodsire|47/100
|move|p2a: Clodsire|Stealth Rock||[still]
|-fail|p2a: Clodsire
|
|-heal|p2a: Clodsire|53/100|[from] item: Leftovers
|upkeep
|turn|60
|
|t:|1779698476
|move|p1a: Latios|Draco Meteor|p2a: Clodsire
|-damage|p2a: Clodsire|17/100
|move|p2a: Clodsire|Recover|p2a: Clodsire
|-heal|p2a: Clodsire|67/100
|
|-heal|p2a: Clodsire|73/100|[from] item: Leftovers
|upkeep
|turn|61
|
|t:|1779698483
|move|p1a: Latios|Draco Meteor|p2a: Clodsire
|-damage|p2a: Clodsire|39/100
|move|p2a: Clodsire|Recover|p2a: Clodsire
|-heal|p2a: Clodsire|89/100
|
|-heal|p2a: Clodsire|96/100|[from] item: Leftovers
|upkeep
|turn|62
|
|t:|1779698489
|move|p1a: Latios|Draco Meteor|p2a: Clodsire
|-damage|p2a: Clodsire|57/100
|move|p2a: Clodsire|Stealth Rock||[still]
|-fail|p2a: Clodsire
|
|-heal|p2a: Clodsire|63/100|[from] item: Leftovers
|upkeep
|turn|63
|
|t:|1779698495
|move|p1a: Latios|Luster Purge|p2a: Clodsire
|-immune|p2a: Clodsire
|move|p2a: Clodsire|Stealth Rock||[still]
|-fail|p2a: Clodsire
|
|-heal|p2a: Clodsire|69/100|[from] item: Leftovers
|upkeep
|turn|64
|-message|ihymyly forfeited.
|
|win|Hyuyu
|raw|ihymyly's rating: 1523 &rarr; <strong>1496</strong><br />(-27 for losing)
|raw|Hyuyu's rating: 1397 &rarr; <strong>1424</strong><br />(+27 for winning)
|l|☆ihymyly
|player|p1|
|l|☆Hyuyu
|player|p2|
