|j|☆cuckalicious
|j|☆lokixenjoyer738
|t:|1779658366
|gametype|singles
|player|p1|cuckalicious|psychic-gen4|1374
|player|p2|lokixenjoyer738|266|1340
|gen|9
|tier|[Gen 9] OU
|rated|
|rule|HP Percentage Mod: HP is shown in percentages
|rule|Endless Battle Clause: Forcing endless battles is banned
|rule|Species Clause: Limit one of each Pokémon
|rule|OHKO Clause: OHKO moves are banned
|rule|Evasion Items Clause: Evasion items are banned
|rule|Evasion Moves Clause: Evasion moves are banned
|rule|Evasion Abilities Clause: Evasion abilities are banned
|rule|Sleep Moves Clause: Sleep-inducing moves are banned
|clearpoke
|poke|p1|Dragonite, F|
|poke|p1|Heatran, F|
|poke|p1|Primarina, F|
|poke|p1|Zamazenta-*|
|poke|p1|Maushold|
|poke|p1|Mandibuzz, F|
|poke|p2|Kingambit, F|
|poke|p2|Kommo-o, F|
|poke|p2|Iron Valiant|
|poke|p2|Kyurem|
|poke|p2|Iron Treads|
|poke|p2|Iron Crown|
|teampreview
|inactive|Battle timer is ON: inactive players will automatically lose when time's up. (requested by lokixenjoyer738)
|inactive|lokixenjoyer738 has 120 seconds left.
|
|t:|1779658409
|teamsize|p1|6
|teamsize|p2|6
|start
|switch|p1a: Primarina|Primarina, F|100/100
|switch|p2a: Kyurem|Kyurem|100/100
|-ability|p2a: Kyurem|Pressure
|turn|1
|
|t:|1779658421
|switch|p2a: Iron Crown|Iron Crown|100/100
|-enditem|p2a: Iron Crown|Booster Energy
|-activate|p2a: Iron Crown|ability: Quark Drive|[fromitem]
|-start|p2a: Iron Crown|quarkdrivespe
|move|p1a: Primarina|Moonblast|p2a: Iron Crown
|-resisted|p2a: Iron Crown
|-damage|p2a: Iron Crown|77/100
|
|upkeep
|turn|2
|
|t:|1779658429
|move|p2a: Iron Crown|Calm Mind|p2a: Iron Crown
|-boost|p2a: Iron Crown|spa|1
|-boost|p2a: Iron Crown|spd|1
|move|p1a: Primarina|Flip Turn|p2a: Iron Crown
|-damage|p2a: Iron Crown|60/100
|inactive|cuckalicious has 120 seconds left.
|
|t:|1779658467
|switch|p1a: Heatran|Heatran, F|100/100|[from] Flip Turn
|
|upkeep
|turn|3
|
|t:|1779658470
|move|p2a: Iron Crown|Focus Blast|p1a: Heatran
|-supereffective|p1a: Heatran
|-damage|p1a: Heatran|27/100
|move|p1a: Heatran|Magma Storm|p2a: Iron Crown
|-supereffective|p2a: Iron Crown
|-damage|p2a: Iron Crown|0 fnt
|faint|p2a: Iron Crown
|-end|p2a: Iron Crown|Quark Drive|[silent]
|
|-heal|p1a: Heatran|33/100|[from] item: Leftovers
|upkeep
|inactive|lokixenjoyer738 has 120 seconds left.
|inactive|lokixenjoyer738 has 90 seconds left.
|
|t:|1779658531
|switch|p2a: Iron Treads|Iron Treads|100/100
|-enditem|p2a: Iron Treads|Booster Energy
|-activate|p2a: Iron Treads|ability: Quark Drive|[fromitem]
|-start|p2a: Iron Treads|quarkdrivespe
|turn|4
|
|t:|1779658537
|move|p2a: Iron Treads|Stealth Rock|p1a: Heatran
|-sidestart|p1: cuckalicious|move: Stealth Rock
|move|p1a: Heatran|Magma Storm|p2a: Iron Treads
|-supereffective|p2a: Iron Treads
|-damage|p2a: Iron Treads|4/100
|-activate|p2a: Iron Treads|move: Magma Storm|[of] p1a: Heatran
|
|-heal|p1a: Heatran|39/100|[from] item: Leftovers
|-damage|p2a: Iron Treads|0 fnt|[from] move: Magma Storm|[partiallytrapped]
|faint|p2a: Iron Treads
|-end|p2a: Iron Treads|Quark Drive|[silent]
|upkeep
|
|t:|1779658547
|switch|p2a: Kyurem|Kyurem|100/100
|-ability|p2a: Kyurem|Pressure
|turn|5
|
|t:|1779658570
|move|p2a: Kyurem|Dragon Dance|p2a: Kyurem
|-boost|p2a: Kyurem|atk|1
|-boost|p2a: Kyurem|spe|1
|move|p1a: Heatran|Magma Storm|p2a: Kyurem
|-damage|p2a: Kyurem|53/100
|-activate|p2a: Kyurem|move: Magma Storm|[of] p1a: Heatran
|
|-heal|p1a: Heatran|46/100|[from] item: Leftovers
|-damage|p2a: Kyurem|41/100|[from] move: Magma Storm|[partiallytrapped]
|upkeep
|turn|6
|
|t:|1779658577
|move|p2a: Kyurem|Earth Power|p1a: Heatran
|-supereffective|p1a: Heatran
|-damage|p1a: Heatran|0 fnt
|faint|p1a: Heatran
|
|-end|p2a: Kyurem|Magma Storm|[partiallytrapped]|[silent]
|upkeep
|
|t:|1779658581
|switch|p1a: Primarina|Primarina, F|100/100
|-damage|p1a: Primarina|88/100|[from] Stealth Rock
|turn|7
|
|t:|1779658589
|move|p2a: Kyurem|Icicle Spear|p1a: Primarina
|-resisted|p1a: Primarina
|-damage|p1a: Primarina|77/100
|-resisted|p1a: Primarina
|-damage|p1a: Primarina|65/100
|-resisted|p1a: Primarina
|-damage|p1a: Primarina|52/100
|-resisted|p1a: Primarina
|-damage|p1a: Primarina|41/100
|-hitcount|p1a: Primarina|4
|move|p1a: Primarina|Moonblast|p2a: Kyurem
|-supereffective|p2a: Kyurem
|-crit|p2a: Kyurem
|-damage|p2a: Kyurem|0 fnt
|faint|p2a: Kyurem
|
|upkeep
|
|t:|1779658601
|switch|p2a: Kingambit|Kingambit, F|100/100
|-activate|p2a: Kingambit|ability: Supreme Overlord
|-start|p2a: Kingambit|fallen3|[silent]
|turn|8
|
|t:|1779658605
|move|p2a: Kingambit|Iron Head|p1a: Primarina
|-damage|p1a: Primarina|0 fnt
|faint|p1a: Primarina
|
|upkeep
|
|t:|1779658626
|switch|p1a: Dragonite|Dragonite, F|100/100
|-damage|p1a: Dragonite|76/100|[from] Stealth Rock
|turn|9
|
|t:|1779658639
|-end|p2a: Kingambit|fallen3|[silent]
|switch|p2a: Kommo-o|Kommo-o, F|100/100
|move|p1a: Dragonite|Earthquake|p2a: Kommo-o
|-damage|p2a: Kommo-o|52/100
|
|-heal|p2a: Kommo-o|58/100|[from] item: Leftovers
|upkeep
|turn|10
|
|t:|1779658647
|move|p2a: Kommo-o|Shadow Claw|p1a: Dragonite
|-damage|p1a: Dragonite|55/100
|move|p1a: Dragonite|Earthquake|p2a: Kommo-o
|-damage|p2a: Kommo-o|14/100
|
|-heal|p2a: Kommo-o|20/100|[from] item: Leftovers
|upkeep
|turn|11
|
|t:|1779658662
|move|p2a: Kommo-o|Shadow Claw|p1a: Dragonite
|-damage|p1a: Dragonite|35/100
|move|p1a: Dragonite|Earthquake|p2a: Kommo-o
|-damage|p2a: Kommo-o|0 fnt
|faint|p2a: Kommo-o
|
|upkeep
|
|t:|1779658667
|switch|p2a: Iron Valiant|Iron Valiant|100/100
|-enditem|p2a: Iron Valiant|Booster Energy
|-activate|p2a: Iron Valiant|ability: Quark Drive|[fromitem]
|-start|p2a: Iron Valiant|quarkdrivespe
|turn|12
|
|t:|1779658677
|switch|p1a: Mandibuzz|Mandibuzz, F|100/100
|-terastallize|p2a: Iron Valiant|Ghost
|move|p2a: Iron Valiant|Calm Mind|p2a: Iron Valiant
|-boost|p2a: Iron Valiant|spa|1
|-boost|p2a: Iron Valiant|spd|1
|
|upkeep
|turn|13
|
|t:|1779658683
|-terastallize|p1a: Mandibuzz|Poison
|move|p2a: Iron Valiant|Moonblast|p1a: Mandibuzz
|-resisted|p1a: Mandibuzz
|-damage|p1a: Mandibuzz|70/100
|-unboost|p1a: Mandibuzz|spa|1
|move|p1a: Mandibuzz|Toxic|p2a: Iron Valiant
|-status|p2a: Iron Valiant|tox
|
|-damage|p2a: Iron Valiant|94/100 tox|[from] psn
|upkeep
|turn|14
|
|t:|1779658691
|move|p2a: Iron Valiant|Calm Mind|p2a: Iron Valiant
|-boost|p2a: Iron Valiant|spa|1
|-boost|p2a: Iron Valiant|spd|1
|move|p1a: Mandibuzz|Foul Play|p2a: Iron Valiant
|-supereffective|p2a: Iron Valiant
|-damage|p2a: Iron Valiant|7/100 tox
|
|-damage|p2a: Iron Valiant|0 fnt|[from] psn
|faint|p2a: Iron Valiant
|-end|p2a: Iron Valiant|Quark Drive|[silent]
|upkeep
|
|t:|1779658695
|switch|p2a: Kingambit|Kingambit, F|100/100
|-activate|p2a: Kingambit|ability: Supreme Overlord
|-start|p2a: Kingambit|fallen5|[silent]
|turn|15
|
|t:|1779658698
|move|p2a: Kingambit|Swords Dance|p2a: Kingambit
|-boost|p2a: Kingambit|atk|2
|move|p1a: Mandibuzz|Foul Play|p2a: Kingambit
|-resisted|p2a: Kingambit
|-damage|p2a: Kingambit|50/100
|
|-heal|p2a: Kingambit|56/100|[from] item: Leftovers
|upkeep
|turn|16
|
|t:|1779658700
|move|p2a: Kingambit|Swords Dance|p2a: Kingambit
|-boost|p2a: Kingambit|atk|2
|move|p1a: Mandibuzz|Foul Play|p2a: Kingambit
|-resisted|p2a: Kingambit
|-damage|p2a: Kingambit|0 fnt
|faint|p2a: Kingambit
|-end|p2a: Kingambit|fallen5|[silent]
|
|win|cuckalicious
|raw|cuckalicious's rating: 1374 &rarr; <strong>1392</strong><br />(+18 for winning)
|raw|lokixenjoyer738's rating: 1340 &rarr; <strong>1322</strong><br />(-18 for losing)
