|j|☆A05236
|j|☆Abyssal Bot
|t:|1779571174
|gametype|singles
|player|p1|A05236|265|
|player|p2|Abyssal Bot|supernerd|
|teamsize|p1|6
|teamsize|p2|6
|gen|9
|tier|[Gen 9] OU
|rule|Species Clause: Limit one of each Pokémon
|rule|OHKO Clause: OHKO moves are banned
|rule|Evasion Items Clause: Evasion items are banned
|rule|Evasion Moves Clause: Evasion moves are banned
|rule|Endless Battle Clause: Forcing endless battles is banned
|rule|HP Percentage Mod: HP is shown in percentages
|rule|Sleep Moves Clause: Sleep-inducing moves are banned
|clearpoke
|poke|p1|Rufflet, M|
|poke|p1|Ninetales-Alola, M|
|poke|p1|Carkol, M|
|poke|p1|Dragonair, M|
|poke|p1|Magnezone|
|poke|p1|Dragonite, M|
|poke|p2|Kingambit, F|
|poke|p2|Cinderace, F|
|poke|p2|Landorus-Therian, M|
|poke|p2|Iron Valiant|
|poke|p2|Kyurem|
|poke|p2|Slowking-Galar, M|
|teampreview
|c|☆Abyssal Bot|Good Luck and Have Fun my Friend!
|inactive|Battle timer is ON: inactive players will automatically lose when time's up. (requested by Abyssal Bot)
|j|*Turbo Bottttt
|
|t:|1779571178
|start
|switch|p1a: negotiations|Ninetales-Alola, M|100/100
|switch|p2a: Daenerys|Kingambit, F|100/100
|-weather|Snow|[from] ability: Snow Warning|[of] p1a: negotiations
|turn|1
|
|t:|1779571180
|move|p1a: negotiations|Aurora Veil|p1a: negotiations
|-sidestart|p1: A05236|move: Aurora Veil
|move|p2a: Daenerys|Iron Head|p1a: negotiations
|-supereffective|p1a: negotiations
|-damage|p1a: negotiations|5/100
|
|-weather|Snow|[upkeep]
|upkeep
|turn|2
|
|t:|1779571183
|switch|p1a: deadly|Magnezone|100/100
|move|p2a: Daenerys|Iron Head|p1a: deadly
|-resisted|p1a: deadly
|-damage|p1a: deadly|95/100
|
|-weather|Snow|[upkeep]
|upkeep
|turn|3
|
|t:|1779571185
|move|p1a: deadly|Magnet Rise|p1a: deadly
|-start|p1a: deadly|Magnet Rise
|move|p2a: Daenerys|Swords Dance|p2a: Daenerys
|-boost|p2a: Daenerys|atk|2
|
|-weather|Snow|[upkeep]
|upkeep
|turn|4
|
|t:|1779571187
|move|p1a: deadly|Body Press|p2a: Daenerys
|-supereffective|p2a: Daenerys
|-damage|p2a: Daenerys|13/100
|-damage|p1a: deadly|85/100|[from] item: Life Orb
|move|p2a: Daenerys|Kowtow Cleave|p1a: deadly
|-damage|p1a: deadly|33/100
|
|-weather|Snow|[upkeep]
|-heal|p2a: Daenerys|19/100|[from] item: Leftovers
|upkeep
|turn|5
|
|t:|1779571190
|move|p1a: deadly|Body Press|p2a: Daenerys
|-supereffective|p2a: Daenerys
|-damage|p2a: Daenerys|0
|faint|p2a: Daenerys
|-end|p2a: Daenerys|fallenundefined|[silent]
|-damage|p1a: deadly|24/100|[from] item: Life Orb
|
|-weather|none
|upkeep
|
|t:|1779571190
|switch|p2a: Homelandor|Landorus-Therian, M, shiny|100/100
|-ability|p2a: Homelandor|Intimidate|boost
|-unboost|p1a: deadly|atk|1
|turn|6
|
|t:|1779571192
|move|p2a: Homelandor|Stealth Rock|p1a: deadly
|-sidestart|p1: A05236|move: Stealth Rock
|move|p1a: deadly|Flash Cannon|p2a: Homelandor
|-damage|p2a: Homelandor|41/100
|-damage|p1a: deadly|14/100|[from] item: Life Orb
|
|upkeep
|turn|7
|
|t:|1779571195
|move|p2a: Homelandor|U-turn|p1a: deadly
|-resisted|p1a: deadly
|-damage|p1a: deadly|9/100
|
|t:|1779571195
|switch|p2a: Kristine|Cinderace, F, shiny|100/100|[from] U-turn
|move|p1a: deadly|Flash Cannon|p2a: Kristine
|-resisted|p2a: Kristine
|-damage|p2a: Kristine|68/100
|-damage|p1a: deadly|0|[from] item: Life Orb
|faint|p1a: deadly
|
|upkeep
|
|t:|1779571199
|switch|p1a: inroads|Carkol, M|100/100
|-damage|p1a: inroads|75/100|[from] Stealth Rock|[of] p2: Homelandor
|turn|8
|
|t:|1779571202
|switch|p2a: WALL-Y|Iron Valiant|100/100
|-enditem|p2a: WALL-Y|Booster Energy
|-activate|p2a: WALL-Y|ability: Quark Drive|[fromitem]
|-start|p2a: WALL-Y|quarkdrivespe
|move|p1a: inroads|Rapid Spin|p2a: WALL-Y
|-damage|p2a: WALL-Y|92/100
|-boost|p1a: inroads|spe|1
|-sideend|p1: A05236|Stealth Rock|[from] move: Rapid Spin|[of] p1a: inroads
|
|-sideend|p1: A05236|move: Aurora Veil
|upkeep
|turn|9
|
|t:|1779571205
|move|p2a: WALL-Y|Close Combat|p1a: inroads
|-supereffective|p1a: inroads
|-damage|p1a: inroads|21/100
|-unboost|p2a: WALL-Y|def|1
|-unboost|p2a: WALL-Y|spd|1
|-status|p2a: WALL-Y|brn|[from] ability: Flame Body|[of] p1a: inroads
|move|p1a: inroads|Will-O-Wisp|p2a: WALL-Y
|-fail|p2a: WALL-Y|brn
|
|-damage|p2a: WALL-Y|86/100 brn|[from] brn|[of] p1a: inroads
|upkeep
|turn|10
|
|t:|1779571209
|move|p2a: WALL-Y|Close Combat|p1a: inroads
|-supereffective|p1a: inroads
|-damage|p1a: inroads|0
|-unboost|p2a: WALL-Y|def|1
|-unboost|p2a: WALL-Y|spd|1
|faint|p1a: inroads
|
|-damage|p2a: WALL-Y|80/100 brn|[from] brn|[of] p1: inroads
|upkeep
|
|t:|1779571216
|switch|p1a: twice|Rufflet, M|100/100
|turn|11
|
|t:|1779571218
|move|p2a: WALL-Y|Moonblast|p1a: twice
|-damage|p1a: twice|64/100
|move|p1a: twice|Brave Bird|p2a: WALL-Y
|-supereffective|p2a: WALL-Y
|-damage|p2a: WALL-Y|0 brn
|faint|p2a: WALL-Y
|-end|p2a: WALL-Y|Quark Drive|[silent]
|-damage|p1a: twice|37/100|[from] Recoil
|
|upkeep
|
|t:|1779571218
|switch|p2a: Mr. Freeze|Kyurem, shiny|100/100
|-ability|p2a: Mr. Freeze|Pressure
|turn|12
|
|t:|1779571223
|move|p2a: Mr. Freeze|Draco Meteor|p1a: twice
|-damage|p1a: twice|0
|-unboost|p2a: Mr. Freeze|spa|2
|faint|p1a: twice
|
|upkeep
|
|t:|1779571226
|switch|p1a: negotiations|Ninetales-Alola, M|5/100
|-weather|Snow|[from] ability: Snow Warning|[of] p1a: negotiations
|turn|13
|
|t:|1779571228
|switch|p2a: Kristine|Cinderace, F, shiny|68/100
|move|p1a: negotiations|Aurora Veil|p1a: negotiations
|-sidestart|p1: A05236|move: Aurora Veil
|
|-weather|Snow|[upkeep]
|upkeep
|turn|14
|
|t:|1779571233
|switch|p1a: china|Dragonair, M|100/100
|move|p2a: Kristine|U-turn|p1a: china
|-damage|p1a: china|94/100
|
|t:|1779571233
|switch|p2a: Homelandor|Landorus-Therian, M, shiny|41/100|[from] U-turn
|-ability|p2a: Homelandor|Intimidate|boost
|-unboost|p1a: china|atk|1
|
|-weather|Snow|[upkeep]
|upkeep
|turn|15
|
|t:|1779571236
|move|p2a: Homelandor|Earth Power|p1a: china
|-damage|p1a: china|79/100
|move|p1a: china|Dragon Dance|p1a: china
|-boost|p1a: china|atk|1
|-boost|p1a: china|spe|1
|
|-weather|Snow|[upkeep]
|upkeep
|turn|16
|
|t:|1779571238
|move|p1a: china|Dragon Dance|p1a: china
|-boost|p1a: china|atk|1
|-boost|p1a: china|spe|1
|move|p2a: Homelandor|Earth Power|p1a: china
|-damage|p1a: china|65/100
|
|-weather|Snow|[upkeep]
|upkeep
|turn|17
|
|t:|1779571241
|move|p1a: china|Dragon Dance|p1a: china
|-boost|p1a: china|atk|1
|-boost|p1a: china|spe|1
|move|p2a: Homelandor|Earth Power|p1a: china
|-damage|p1a: china|50/100
|
|-weather|none
|upkeep
|turn|18
|
|t:|1779571251
|move|p1a: china|Dragon Dance|p1a: china
|-boost|p1a: china|atk|1
|-boost|p1a: china|spe|1
|move|p2a: Homelandor|Earth Power|p1a: china
|-damage|p1a: china|35/100
|
|upkeep
|turn|19
|
|t:|1779571253
|move|p1a: china|Outrage|p2a: Homelandor
|-damage|p2a: Homelandor|0
|-damage|p1a: china|19/100|[from] item: Rocky Helmet|[of] p2a: Homelandor
|faint|p2a: Homelandor
|
|upkeep
|
|t:|1779571253
|switch|p2a: Kristine|Cinderace, F, shiny|68/100
|turn|20
|
|t:|1779571256
|move|p1a: china|Outrage|p2a: Kristine|[from]lockedmove
|-damage|p2a: Kristine|0
|faint|p2a: Kristine
|-start|p1a: china|confusion|[fatigue]
|
|-sideend|p1: A05236|move: Aurora Veil
|upkeep
|
|t:|1779571256
|switch|p2a: SlodogChillionaire|Slowking-Galar, M, shiny|100/100
|turn|21
|
|t:|1779571263
|-activate|p1a: china|confusion
|move|p1a: china|Outrage|p2a: SlodogChillionaire
|-damage|p2a: SlodogChillionaire|12/100
|move|p2a: SlodogChillionaire|Future Sight|p1a: china
|-start|p2a: SlodogChillionaire|move: Future Sight
|
|upkeep
|turn|22
|
|t:|1779571269
|-activate|p1a: china|confusion
|move|p1a: china|Outrage|p2a: SlodogChillionaire|[from]lockedmove
|-damage|p2a: SlodogChillionaire|0
|faint|p2a: SlodogChillionaire
|
|upkeep
|
|t:|1779571269
|switch|p2a: Mr. Freeze|Kyurem, shiny|100/100
|-ability|p2a: Mr. Freeze|Pressure
|turn|23
|
|t:|1779571271
|-end|p1a: china|confusion
|move|p1a: china|Outrage|p2a: Mr. Freeze|[from]lockedmove
|-supereffective|p2a: Mr. Freeze
|-damage|p2a: Mr. Freeze|0
|faint|p2a: Mr. Freeze
|-start|p1a: china|confusion|[fatigue]
|
|win|A05236
|c|☆Abyssal Bot|Oh, I lost. Good Game.
|l|☆Abyssal Bot
|player|p2|
|l|*Turbo Bottttt
