|j|☆bigtestsofbig
|j|☆CakNoel
|t:|1779671151
|gametype|singles
|player|p1|bigtestsofbig|101|1534
|player|p2|CakNoel|hoopster|1499
|gen|9
|tier|[Gen 9] OU
|rated|
|rule|HP Percentage Mod: HP is shown in percentages
|rule|Endless Battle Clause: Forcing endless battles is banned
|rule|Species Clause: Limit one of each Pokémon
|rule|OHKO Clause: OHKO moves are banned
|rule|Evasion Items Clause: Evasion items are banned
|rule|Evasion Moves Clause: Evasion moves are banned
|rule|Evasion Abilities Clause: Evasion abilities are banned
|rule|Sleep Moves Clause: Sleep-inducing moves are banned
|clearpoke
|poke|p1|Feraligatr, M|
|poke|p1|Excadrill, F|
|poke|p1|Moltres|
|poke|p1|Primarina, M|
|poke|p1|Tyranitar, F|
|poke|p1|Garganacl, F|
|poke|p2|Tyranitar, M|
|poke|p2|Excadrill, M|
|poke|p2|Kingambit, F|
|poke|p2|Alomomola, M|
|poke|p2|Raging Bolt|
|poke|p2|Gliscor, M|
|teampreview
|inactive|Battle timer is ON: inactive players will automatically lose when time's up. (requested by bigtestsofbig)
|c|☆CakNoel|Ooooooh gustos similares Bro
|
|t:|1779671176
|teamsize|p1|6
|teamsize|p2|6
|start
|switch|p1a: Feraligatr|Feraligatr, M|100/100
|switch|p2a: Gliscor|Gliscor, M|100/100
|turn|1
|
|t:|1779671185
|move|p2a: Gliscor|Toxic|p1a: Feraligatr
|-status|p1a: Feraligatr|tox
|move|p1a: Feraligatr|Ice Punch|p2a: Gliscor
|-supereffective|p2a: Gliscor
|-damage|p2a: Gliscor|18/100
|
|-damage|p1a: Feraligatr|94/100 tox|[from] psn
|-status|p2a: Gliscor|tox|[from] item: Toxic Orb
|upkeep
|turn|2
|
|t:|1779671193
|move|p2a: Gliscor|Protect|p2a: Gliscor
|-singleturn|p2a: Gliscor|Protect
|move|p1a: Feraligatr|Dragon Dance|p1a: Feraligatr
|-boost|p1a: Feraligatr|atk|1
|-boost|p1a: Feraligatr|spe|1
|
|-damage|p1a: Feraligatr|82/100 tox|[from] psn
|-heal|p2a: Gliscor|30/100 tox|[from] ability: Poison Heal
|upkeep
|turn|3
|
|t:|1779671198
|switch|p2a: Alomomola|Alomomola, M|100/100
|move|p1a: Feraligatr|Crunch|p2a: Alomomola
|-damage|p2a: Alomomola|65/100
|-damage|p1a: Feraligatr|65/100 tox|[from] item: Rocky Helmet|[of] p2a: Alomomola
|
|-damage|p1a: Feraligatr|47/100 tox|[from] psn
|upkeep
|turn|4
|
|t:|1779671205
|move|p1a: Feraligatr|Dragon Dance|p1a: Feraligatr
|-boost|p1a: Feraligatr|atk|1
|-boost|p1a: Feraligatr|spe|1
|move|p2a: Alomomola|Flip Turn|p1a: Feraligatr
|-resisted|p1a: Feraligatr
|-damage|p1a: Feraligatr|40/100 tox
|
|t:|1779671208
|switch|p2a: Raging Bolt|Raging Bolt|100/100|[from] Flip Turn
|
|-damage|p1a: Feraligatr|15/100 tox|[from] psn
|upkeep
|turn|5
|
|t:|1779671214
|switch|p1a: Excadrill|Excadrill, F|100/100
|move|p2a: Raging Bolt|Thunderclap||[still]
|-fail|p2a: Raging Bolt
|
|upkeep
|turn|6
|
|t:|1779671221
|-end|p2a: Raging Bolt|Protosynthesis|[silent]
|switch|p2a: Alomomola|Alomomola, M|98/100
|move|p1a: Excadrill|Swords Dance|p1a: Excadrill
|-boost|p1a: Excadrill|atk|2
|
|upkeep
|turn|7
|
|t:|1779671229
|move|p1a: Excadrill|Earthquake|p2a: Alomomola
|-damage|p2a: Alomomola|39/100
|move|p2a: Alomomola|Scald|p1a: Excadrill
|-supereffective|p1a: Excadrill
|-damage|p1a: Excadrill|77/100
|
|-heal|p1a: Excadrill|84/100|[from] item: Leftovers
|upkeep
|turn|8
|
|t:|1779671238
|move|p2a: Alomomola|Protect|p2a: Alomomola
|-singleturn|p2a: Alomomola|Protect
|move|p1a: Excadrill|Swords Dance|p1a: Excadrill
|-boost|p1a: Excadrill|atk|2
|
|-heal|p1a: Excadrill|90/100|[from] item: Leftovers
|upkeep
|turn|9
|
|t:|1779671248
|move|p1a: Excadrill|Earthquake|p2a: Alomomola
|-crit|p2a: Alomomola
|-damage|p2a: Alomomola|0 fnt
|faint|p2a: Alomomola
|
|-heal|p1a: Excadrill|96/100|[from] item: Leftovers
|upkeep
|inactive|CakNoel has 120 seconds left.
|
|t:|1779671280
|switch|p2a: Excadrill|Excadrill, M|100/100
|turn|10
|
|t:|1779671285
|-terastallize|p1a: Excadrill|Ground
|move|p2a: Excadrill|Earthquake|p1a: Excadrill
|-damage|p1a: Excadrill|20/100
|-damage|p2a: Excadrill|91/100|[from] item: Life Orb
|move|p1a: Excadrill|Earthquake|p2a: Excadrill
|-supereffective|p2a: Excadrill
|-damage|p2a: Excadrill|0 fnt
|faint|p2a: Excadrill
|
|-heal|p1a: Excadrill|26/100|[from] item: Leftovers
|upkeep
|
|t:|1779671293
|switch|p2a: Kingambit|Kingambit, F|100/100
|-activate|p2a: Kingambit|ability: Supreme Overlord
|-start|p2a: Kingambit|fallen2|[silent]
|turn|11
|
|t:|1779671297
|switch|p1a: Moltres|Moltres|100/100
|move|p2a: Kingambit|Swords Dance|p2a: Kingambit
|-boost|p2a: Kingambit|atk|2
|
|upkeep
|turn|12
|
|t:|1779671310
|-end|p2a: Kingambit|fallen2|[silent]
|switch|p2a: Gliscor|Gliscor, M|30/100 tox
|move|p1a: Moltres|Will-O-Wisp||[still]
|-fail|p1a: Moltres
|
|-heal|p2a: Gliscor|43/100 tox|[from] ability: Poison Heal
|upkeep
|turn|13
|
|t:|1779671319
|move|p2a: Gliscor|Protect|p2a: Gliscor
|-singleturn|p2a: Gliscor|Protect
|move|p1a: Moltres|Brave Bird|p2a: Gliscor
|-activate|p2a: Gliscor|move: Protect
|
|-heal|p2a: Gliscor|55/100 tox|[from] ability: Poison Heal
|upkeep
|turn|14
|
|t:|1779671326
|switch|p1a: Garganacl|Garganacl, F|100/100
|move|p2a: Gliscor|Toxic|p1a: Garganacl
|-immune|p1a: Garganacl|[from] ability: Purifying Salt
|
|-heal|p2a: Gliscor|68/100 tox|[from] ability: Poison Heal
|upkeep
|turn|15
|
|t:|1779671331
|move|p2a: Gliscor|Earthquake|p1a: Garganacl
|-supereffective|p1a: Garganacl
|-damage|p1a: Garganacl|62/100
|move|p1a: Garganacl|Curse|p1a: Garganacl
|-unboost|p1a: Garganacl|spe|1
|-boost|p1a: Garganacl|atk|1
|-boost|p1a: Garganacl|def|1
|
|-heal|p1a: Garganacl|68/100|[from] item: Leftovers
|-heal|p2a: Gliscor|80/100 tox|[from] ability: Poison Heal
|upkeep
|turn|16
|
|t:|1779671339
|move|p2a: Gliscor|U-turn|p1a: Garganacl
|-damage|p1a: Garganacl|61/100
|
|t:|1779671347
|switch|p2a: Raging Bolt|Raging Bolt|100/100|[from] U-turn
|move|p1a: Garganacl|Recover|p1a: Garganacl
|-heal|p1a: Garganacl|100/100
|
|upkeep
|turn|17
|
|t:|1779671350
|move|p2a: Raging Bolt|Calm Mind|p2a: Raging Bolt
|-boost|p2a: Raging Bolt|spa|1
|-boost|p2a: Raging Bolt|spd|1
|move|p1a: Garganacl|Salt Cure|p2a: Raging Bolt
|-damage|p2a: Raging Bolt|82/100
|-start|p2a: Raging Bolt|Salt Cure
|
|-heal|p2a: Raging Bolt|88/100|[from] item: Leftovers
|-damage|p2a: Raging Bolt|76/100|[from] Salt Cure
|upkeep
|turn|18
|
|t:|1779671358
|move|p2a: Raging Bolt|Thunderbolt|p1a: Garganacl
|-damage|p1a: Garganacl|40/100
|move|p1a: Garganacl|Recover|p1a: Garganacl
|-heal|p1a: Garganacl|90/100
|
|-heal|p2a: Raging Bolt|82/100|[from] item: Leftovers
|-heal|p1a: Garganacl|97/100|[from] item: Leftovers
|-damage|p2a: Raging Bolt|70/100|[from] Salt Cure
|upkeep
|turn|19
|
|t:|1779671368
|switch|p1a: Excadrill|Excadrill, F, tera:Ground|26/100
|move|p2a: Raging Bolt|Calm Mind|p2a: Raging Bolt
|-boost|p2a: Raging Bolt|spa|1
|-boost|p2a: Raging Bolt|spd|1
|
|-heal|p2a: Raging Bolt|76/100|[from] item: Leftovers
|-heal|p1a: Excadrill|33/100|[from] item: Leftovers
|-damage|p2a: Raging Bolt|64/100|[from] Salt Cure
|upkeep
|turn|20
|
|t:|1779671377
|-end|p2a: Raging Bolt|Protosynthesis|[silent]
|switch|p2a: Gliscor|Gliscor, M|80/100 tox
|move|p1a: Excadrill|Earthquake|p2a: Gliscor
|-immune|p2a: Gliscor
|
|-heal|p1a: Excadrill|39/100|[from] item: Leftovers
|-heal|p2a: Gliscor|93/100 tox|[from] ability: Poison Heal
|upkeep
|turn|21
|
|t:|1779671385
|switch|p1a: Garganacl|Garganacl, F|97/100
|move|p2a: Gliscor|Earthquake|p1a: Garganacl
|-supereffective|p1a: Garganacl
|-damage|p1a: Garganacl|53/100
|
|-heal|p1a: Garganacl|59/100|[from] item: Leftovers
|-heal|p2a: Gliscor|100/100 tox|[from] ability: Poison Heal
|upkeep
|turn|22
|
|t:|1779671391
|move|p2a: Gliscor|U-turn|p1a: Garganacl
|-damage|p1a: Garganacl|50/100
|
|t:|1779671394
|switch|p2a: Raging Bolt|Raging Bolt|64/100|[from] U-turn
|move|p1a: Garganacl|Recover|p1a: Garganacl
|-heal|p1a: Garganacl|99/100
|
|-heal|p2a: Raging Bolt|70/100|[from] item: Leftovers
|-heal|p1a: Garganacl|100/100|[from] item: Leftovers
|upkeep
|turn|23
|
|t:|1779671407
|switch|p1a: Excadrill|Excadrill, F, tera:Ground|39/100
|move|p2a: Raging Bolt|Calm Mind|p2a: Raging Bolt
|-boost|p2a: Raging Bolt|spa|1
|-boost|p2a: Raging Bolt|spd|1
|
|-heal|p2a: Raging Bolt|76/100|[from] item: Leftovers
|-heal|p1a: Excadrill|45/100|[from] item: Leftovers
|upkeep
|turn|24
|
|t:|1779671413
|move|p2a: Raging Bolt|Draco Meteor|p1a: Excadrill
|-damage|p1a: Excadrill|0 fnt
|-unboost|p2a: Raging Bolt|spa|2
|faint|p1a: Excadrill
|
|-heal|p2a: Raging Bolt|82/100|[from] item: Leftovers
|upkeep
|
|t:|1779671419
|switch|p1a: Primarina|Primarina, M|100/100
|turn|25
|
|t:|1779671424
|-end|p2a: Raging Bolt|Protosynthesis|[silent]
|switch|p2a: Tyranitar|Tyranitar, M|100/100
|-weather|Sandstorm|[from] ability: Sand Stream|[of] p2a: Tyranitar
|move|p1a: Primarina|Surf|p2a: Tyranitar
|-supereffective|p2a: Tyranitar
|-damage|p2a: Tyranitar|58/100
|
|-weather|Sandstorm|[upkeep]
|-damage|p1a: Primarina|94/100|[from] Sandstorm
|upkeep
|turn|26
|
|t:|1779671434
|move|p1a: Primarina|Flip Turn|p2a: Tyranitar
|-supereffective|p2a: Tyranitar
|-damage|p2a: Tyranitar|36/100
|
|t:|1779671439
|switch|p1a: Feraligatr|Feraligatr, M|15/100 tox|[from] Flip Turn
|move|p2a: Tyranitar|Thunder Wave||[still]
|-fail|p2a: Tyranitar
|
|-weather|Sandstorm|[upkeep]
|-damage|p1a: Feraligatr|9/100 tox|[from] Sandstorm
|-damage|p1a: Feraligatr|3/100 tox|[from] psn
|upkeep
|turn|27
|
|t:|1779671449
|move|p1a: Feraligatr|Liquidation|p2a: Tyranitar
|-supereffective|p2a: Tyranitar
|-damage|p2a: Tyranitar|0 fnt
|faint|p2a: Tyranitar
|
|-weather|Sandstorm|[upkeep]
|-damage|p1a: Feraligatr|0 fnt|[from] Sandstorm
|faint|p1a: Feraligatr
|upkeep
|
|t:|1779671458
|switch|p1a: Primarina|Primarina, M|94/100
|switch|p2a: Raging Bolt|Raging Bolt|82/100
|turn|28
|
|t:|1779671470
|-terastallize|p2a: Raging Bolt|Ghost
|move|p2a: Raging Bolt|Thunderbolt|p1a: Primarina
|-supereffective|p1a: Primarina
|-damage|p1a: Primarina|29/100
|move|p1a: Primarina|Moonblast|p2a: Raging Bolt
|-damage|p2a: Raging Bolt|35/100
|
|-weather|Sandstorm|[upkeep]
|-damage|p2a: Raging Bolt|29/100|[from] Sandstorm
|-damage|p1a: Primarina|23/100|[from] Sandstorm
|-heal|p2a: Raging Bolt|35/100|[from] item: Leftovers
|upkeep
|turn|29
|
|t:|1779671488
|switch|p1a: Tyranitar|Tyranitar, F|100/100
|move|p2a: Raging Bolt|Thunderbolt|p1a: Tyranitar
|-damage|p1a: Tyranitar|76/100
|
|-weather|Sandstorm|[upkeep]
|-damage|p2a: Raging Bolt|29/100|[from] Sandstorm
|-heal|p2a: Raging Bolt|35/100|[from] item: Leftovers
|upkeep
|turn|30
|
|t:|1779671496
|-end|p2a: Raging Bolt|Protosynthesis|[silent]
|switch|p2a: Gliscor|Gliscor, M|100/100 tox
|move|p1a: Tyranitar|Knock Off|p2a: Gliscor
|-damage|p2a: Gliscor|72/100 tox
|-enditem|p2a: Gliscor|Toxic Orb|[from] move: Knock Off|[of] p1a: Tyranitar
|
|-weather|Sandstorm|[upkeep]
|-heal|p2a: Gliscor|84/100 tox|[from] ability: Poison Heal
|upkeep
|turn|31
|
|t:|1779671504
|move|p2a: Gliscor|Earthquake|p1a: Tyranitar
|-supereffective|p1a: Tyranitar
|-damage|p1a: Tyranitar|31/100
|move|p1a: Tyranitar|Stealth Rock|p2a: Gliscor
|-sidestart|p2: CakNoel|move: Stealth Rock
|
|-weather|Sandstorm|[upkeep]
|-heal|p2a: Gliscor|97/100 tox|[from] ability: Poison Heal
|upkeep
|turn|32
|
|t:|1779671514
|move|p2a: Gliscor|U-turn|p1a: Tyranitar
|-supereffective|p1a: Tyranitar
|-damage|p1a: Tyranitar|6/100
|
|t:|1779671520
|switch|p2a: Raging Bolt|Raging Bolt, tera:Ghost|35/100|[from] U-turn
|-damage|p2a: Raging Bolt|23/100|[from] Stealth Rock
|move|p1a: Tyranitar|Rock Blast|p2a: Raging Bolt|[miss]
|-miss|p1a: Tyranitar|p2a: Raging Bolt
|
|-weather|none
|-heal|p2a: Raging Bolt|29/100|[from] item: Leftovers
|upkeep
|turn|33
|
|t:|1779671528
|move|p2a: Raging Bolt|Thunderbolt|p1a: Tyranitar
|-damage|p1a: Tyranitar|0 fnt
|faint|p1a: Tyranitar
|
|-heal|p2a: Raging Bolt|35/100|[from] item: Leftovers
|upkeep
|
|t:|1779671544
|switch|p1a: Garganacl|Garganacl, F|100/100
|turn|34
|
|t:|1779671548
|move|p2a: Raging Bolt|Calm Mind|p2a: Raging Bolt
|-boost|p2a: Raging Bolt|spa|1
|-boost|p2a: Raging Bolt|spd|1
|move|p1a: Garganacl|Salt Cure|p2a: Raging Bolt
|-damage|p2a: Raging Bolt|22/100
|-start|p2a: Raging Bolt|Salt Cure
|
|-heal|p2a: Raging Bolt|28/100|[from] item: Leftovers
|-damage|p2a: Raging Bolt|16/100|[from] Salt Cure
|upkeep
|turn|35
|
|t:|1779671561
|move|p2a: Raging Bolt|Draco Meteor|p1a: Garganacl
|-damage|p1a: Garganacl|13/100
|-unboost|p2a: Raging Bolt|spa|2
|move|p1a: Garganacl|Recover|p1a: Garganacl
|-heal|p1a: Garganacl|63/100
|
|-heal|p2a: Raging Bolt|22/100|[from] item: Leftovers
|-heal|p1a: Garganacl|69/100|[from] item: Leftovers
|-damage|p2a: Raging Bolt|10/100|[from] Salt Cure
|upkeep
|turn|36
|
|t:|1779671572
|move|p2a: Raging Bolt|Calm Mind|p2a: Raging Bolt
|-boost|p2a: Raging Bolt|spa|1
|-boost|p2a: Raging Bolt|spd|1
|move|p1a: Garganacl|Recover|p1a: Garganacl
|-heal|p1a: Garganacl|100/100
|
|-heal|p2a: Raging Bolt|16/100|[from] item: Leftovers
|-damage|p2a: Raging Bolt|4/100|[from] Salt Cure
|upkeep
|turn|37
|
|t:|1779671577
|switch|p1a: Primarina|Primarina, M|23/100
|move|p2a: Raging Bolt|Draco Meteor|p1a: Primarina
|-immune|p1a: Primarina
|
|-heal|p2a: Raging Bolt|10/100|[from] item: Leftovers
|-damage|p2a: Raging Bolt|0 fnt|[from] Salt Cure
|faint|p2a: Raging Bolt
|-end|p2a: Raging Bolt|Protosynthesis|[silent]
|upkeep
|
|t:|1779671580
|switch|p2a: Kingambit|Kingambit, F|100/100
|-damage|p2a: Kingambit|94/100|[from] Stealth Rock
|-activate|p2a: Kingambit|ability: Supreme Overlord
|-start|p2a: Kingambit|fallen4|[silent]
|turn|38
|
|t:|1779671585
|switch|p1a: Moltres|Moltres|100/100
|move|p2a: Kingambit|Swords Dance|p2a: Kingambit
|-boost|p2a: Kingambit|atk|2
|
|-heal|p2a: Kingambit|100/100|[from] item: Leftovers
|upkeep
|turn|39
|
|t:|1779671589
|move|p1a: Moltres|Will-O-Wisp|p2a: Kingambit
|-status|p2a: Kingambit|brn
|move|p2a: Kingambit|Swords Dance|p2a: Kingambit
|-boost|p2a: Kingambit|atk|2
|
|-damage|p2a: Kingambit|94/100 brn|[from] brn
|upkeep
|turn|40
|
|t:|1779671593
|move|p2a: Kingambit|Swords Dance|p2a: Kingambit
|-boost|p2a: Kingambit|atk|2
|move|p1a: Moltres|Roar|p2a: Kingambit
|-end|p2a: Kingambit|fallen4|[silent]
|drag|p2a: Gliscor|Gliscor, M|97/100 tox
|-damage|p2a: Gliscor|84/100 tox|[from] Stealth Rock
|
|-heal|p2a: Gliscor|97/100 tox|[from] ability: Poison Heal
|upkeep
|turn|41
|
|t:|1779671604
|move|p2a: Gliscor|U-turn|p1a: Moltres
|-resisted|p1a: Moltres
|-damage|p1a: Moltres|98/100
|
|t:|1779671606
|switch|p2a: Kingambit|Kingambit, F|94/100 brn|[from] U-turn
|-damage|p2a: Kingambit|88/100 brn|[from] Stealth Rock
|-activate|p2a: Kingambit|ability: Supreme Overlord
|-start|p2a: Kingambit|fallen4|[silent]
|move|p1a: Moltres|Brave Bird|p2a: Kingambit
|-resisted|p2a: Kingambit
|-crit|p2a: Kingambit
|-damage|p2a: Kingambit|62/100 brn
|-damage|p1a: Moltres|89/100|[from] Recoil
|
|-heal|p2a: Kingambit|68/100 brn|[from] item: Leftovers
|-damage|p2a: Kingambit|62/100 brn|[from] brn
|upkeep
|turn|42
|
|t:|1779671611
|move|p2a: Kingambit|Kowtow Cleave|p1a: Moltres
|-damage|p1a: Moltres|63/100
|move|p1a: Moltres|Roar|p2a: Kingambit
|-end|p2a: Kingambit|fallen4|[silent]
|drag|p2a: Gliscor|Gliscor, M|97/100 tox
|-damage|p2a: Gliscor|84/100 tox|[from] Stealth Rock
|
|-heal|p2a: Gliscor|97/100 tox|[from] ability: Poison Heal
|upkeep
|turn|43
|
|t:|1779671617
|move|p2a: Gliscor|Toxic|p1a: Moltres
|-status|p1a: Moltres|tox
|move|p1a: Moltres|Roost|p1a: Moltres
|-heal|p1a: Moltres|100/100 tox
|-singleturn|p1a: Moltres|move: Roost
|
|-heal|p2a: Gliscor|100/100 tox|[from] ability: Poison Heal
|-damage|p1a: Moltres|94/100 tox|[from] psn
|upkeep
|turn|44
|
|t:|1779671621
|move|p2a: Gliscor|Protect|p2a: Gliscor
|-singleturn|p2a: Gliscor|Protect
|move|p1a: Moltres|Brave Bird|p2a: Gliscor
|-activate|p2a: Gliscor|move: Protect
|
|-damage|p1a: Moltres|82/100 tox|[from] psn
|upkeep
|turn|45
|
|t:|1779671628
|move|p2a: Gliscor|U-turn|p1a: Moltres
|-resisted|p1a: Moltres
|-damage|p1a: Moltres|79/100 tox
|
|t:|1779671631
|switch|p2a: Kingambit|Kingambit, F|62/100 brn|[from] U-turn
|-damage|p2a: Kingambit|56/100 brn|[from] Stealth Rock
|-activate|p2a: Kingambit|ability: Supreme Overlord
|-start|p2a: Kingambit|fallen4|[silent]
|move|p1a: Moltres|Brave Bird|p2a: Kingambit
|-resisted|p2a: Kingambit
|-damage|p2a: Kingambit|40/100 brn
|-damage|p1a: Moltres|73/100 tox|[from] Recoil
|
|-heal|p2a: Kingambit|46/100 brn|[from] item: Leftovers
|-damage|p1a: Moltres|54/100 tox|[from] psn
|-damage|p2a: Kingambit|40/100 brn|[from] brn
|upkeep
|turn|46
|
|t:|1779671635
|move|p2a: Kingambit|Kowtow Cleave|p1a: Moltres
|-damage|p1a: Moltres|26/100 tox
|move|p1a: Moltres|Roar|p2a: Kingambit
|-end|p2a: Kingambit|fallen4|[silent]
|drag|p2a: Gliscor|Gliscor, M|100/100 tox
|-damage|p2a: Gliscor|88/100 tox|[from] Stealth Rock
|
|-heal|p2a: Gliscor|100/100 tox|[from] ability: Poison Heal
|-damage|p1a: Moltres|1/100 tox|[from] psn
|upkeep
|turn|47
|
|t:|1779671640
|move|p2a: Gliscor|U-turn|p1a: Moltres
|-resisted|p1a: Moltres
|-damage|p1a: Moltres|0 fnt
|faint|p1a: Moltres
|
|t:|1779671642
|switch|p2a: Kingambit|Kingambit, F|40/100 brn|[from] U-turn
|-damage|p2a: Kingambit|33/100 brn|[from] Stealth Rock
|-activate|p2a: Kingambit|ability: Supreme Overlord
|-start|p2a: Kingambit|fallen4|[silent]
|
|-heal|p2a: Kingambit|40/100 brn|[from] item: Leftovers
|-damage|p2a: Kingambit|33/100 brn|[from] brn
|upkeep
|
|t:|1779671644
|switch|p1a: Primarina|Primarina, M|23/100
|turn|48
|
|t:|1779671648
|move|p1a: Primarina|Surf|p2a: Kingambit
|-damage|p2a: Kingambit|0 fnt
|faint|p2a: Kingambit
|-end|p2a: Kingambit|fallen4|[silent]
|
|upkeep
|-message|CakNoel forfeited.
|
|win|bigtestsofbig
|raw|bigtestsofbig's rating: 1534 &rarr; <strong>1552</strong><br />(+18 for winning)
|raw|CakNoel's rating: 1499 &rarr; <strong>1481</strong><br />(-18 for losing)
|l|☆CakNoel
|player|p2|
|l|☆bigtestsofbig
|player|p1|
