|j|☆TitleVII
|j|☆Max Fiufi
|t:|1779590258
|gametype|singles
|player|p1|TitleVII|1|1303
|player|p2|Max Fiufi|steven|1241
|gen|9
|tier|[Gen 9] OU
|rated|
|rule|HP Percentage Mod: HP is shown in percentages
|rule|Endless Battle Clause: Forcing endless battles is banned
|rule|Species Clause: Limit one of each Pokémon
|rule|OHKO Clause: OHKO moves are banned
|rule|Evasion Items Clause: Evasion items are banned
|rule|Evasion Moves Clause: Evasion moves are banned
|rule|Evasion Abilities Clause: Evasion abilities are banned
|rule|Sleep Moves Clause: Sleep-inducing moves are banned
|clearpoke
|poke|p1|Dragonite, F|
|poke|p1|Samurott-Hisui, F|
|poke|p1|Gholdengo|
|poke|p1|Pecharunt|
|poke|p1|Walking Wake|
|poke|p1|Ting-Lu|
|poke|p2|Hatterene, F|
|poke|p2|Electrode-Hisui|
|poke|p2|Ambipom, M|
|poke|p2|Dragonite, M|
|poke|p2|Dunsparce, M|
|poke|p2|Leavanny, M|
|teampreview
|inactive|Battle timer is ON: inactive players will automatically lose when time's up. (requested by Max Fiufi)
|
|t:|1779590272
|teamsize|p1|6
|teamsize|p2|6
|start
|switch|p1a: Samurott|Samurott-Hisui, F|100/100
|switch|p2a: Leavanny|Leavanny, M|100/100
|turn|1
|
|t:|1779590294
|move|p2a: Leavanny|Leaf Blade|p1a: Samurott
|-supereffective|p1a: Samurott
|-damage|p1a: Samurott|0 fnt
|faint|p1a: Samurott
|
|upkeep
|
|t:|1779590298
|switch|p1a: Pecharunt|Pecharunt|100/100
|turn|2
|
|t:|1779590314
|switch|p2a: Dunsparce|Dunsparce, M|100/100
|move|p1a: Pecharunt|Malignant Chain|p2a: Dunsparce
|-damage|p2a: Dunsparce|78/100
|
|upkeep
|turn|3
|
|t:|1779590333
|move|p1a: Pecharunt|Malignant Chain|p2a: Dunsparce
|-damage|p2a: Dunsparce|57/100
|move|p2a: Dunsparce|Glare|p1a: Pecharunt
|-status|p1a: Pecharunt|par
|
|upkeep
|turn|4
|
|t:|1779590338
|cant|p1a: Pecharunt|par
|move|p2a: Dunsparce|Zen Headbutt|p1a: Pecharunt
|-supereffective|p1a: Pecharunt
|-damage|p1a: Pecharunt|83/100 par
|
|upkeep
|turn|5
|
|t:|1779590343
|switch|p1a: Ting-Lu|Ting-Lu|100/100
|-ability|p1a: Ting-Lu|Vessel of Ruin
|move|p2a: Dunsparce|Zen Headbutt|p1a: Ting-Lu
|-immune|p1a: Ting-Lu
|
|upkeep
|turn|6
|
|t:|1779590348
|move|p2a: Dunsparce|Body Slam|p1a: Ting-Lu
|-damage|p1a: Ting-Lu|89/100
|move|p1a: Ting-Lu|Stealth Rock|p2a: Dunsparce
|-sidestart|p2: Max Fiufi|move: Stealth Rock
|
|-heal|p1a: Ting-Lu|96/100|[from] item: Leftovers
|upkeep
|turn|7
|
|t:|1779590352
|switch|p1a: Pecharunt|Pecharunt|83/100 par
|move|p2a: Dunsparce|Body Slam|p1a: Pecharunt
|-immune|p1a: Pecharunt
|
|upkeep
|turn|8
|
|t:|1779590356
|move|p1a: Pecharunt|Malignant Chain|p2a: Dunsparce
|-damage|p2a: Dunsparce|34/100
|-status|p2a: Dunsparce|tox
|-start|p2a: Dunsparce|confusion|[from] ability: Poison Puppeteer|[of] p1a: Pecharunt
|-activate|p2a: Dunsparce|confusion
|move|p2a: Dunsparce|Zen Headbutt|p1a: Pecharunt
|-supereffective|p1a: Pecharunt
|-damage|p1a: Pecharunt|65/100 par
|
|-damage|p2a: Dunsparce|28/100 tox|[from] psn
|upkeep
|turn|9
|
|t:|1779590367
|cant|p1a: Pecharunt|par
|-activate|p2a: Dunsparce|confusion
|move|p2a: Dunsparce|Zen Headbutt|p1a: Pecharunt
|-supereffective|p1a: Pecharunt
|-damage|p1a: Pecharunt|48/100 par
|
|-damage|p2a: Dunsparce|15/100 tox|[from] psn
|upkeep
|turn|10
|
|t:|1779590375
|cant|p1a: Pecharunt|par
|-end|p2a: Dunsparce|confusion
|move|p2a: Dunsparce|Zen Headbutt|p1a: Pecharunt
|-supereffective|p1a: Pecharunt
|-damage|p1a: Pecharunt|32/100 par
|
|-damage|p2a: Dunsparce|0 fnt|[from] psn
|faint|p2a: Dunsparce
|upkeep
|
|t:|1779590389
|switch|p2a: Electrode|Electrode-Hisui|100/100
|-damage|p2a: Electrode|88/100|[from] Stealth Rock
|turn|11
|
|t:|1779590401
|move|p2a: Electrode|Volt Switch|p1a: Pecharunt
|-damage|p1a: Pecharunt|0 fnt
|faint|p1a: Pecharunt
|-damage|p2a: Electrode|78/100|[from] item: Life Orb
|
|t:|1779590408
|switch|p2a: Ambipom|Ambipom, M|100/100|[from] Volt Switch
|-damage|p2a: Ambipom|88/100|[from] Stealth Rock
|
|upkeep
|
|t:|1779590434
|switch|p1a: Gholdengo|Gholdengo|100/100
|turn|12
|
|t:|1779590452
|switch|p2a: Leavanny|Leavanny, M|100/100
|move|p1a: Gholdengo|Make It Rain|p2a: Leavanny
|-damage|p2a: Leavanny|12/100
|-unboost|p1a: Gholdengo|spa|1
|
|upkeep
|turn|13
|
|t:|1779590459
|move|p1a: Gholdengo|Make It Rain|p2a: Leavanny
|-damage|p2a: Leavanny|0 fnt
|-unboost|p1a: Gholdengo|spa|1
|faint|p2a: Leavanny
|
|upkeep
|
|t:|1779590469
|switch|p2a: Dragonite|Dragonite, M|100/100
|-damage|p2a: Dragonite|76/100|[from] Stealth Rock
|turn|14
|
|t:|1779590473
|switch|p1a: Ting-Lu|Ting-Lu|96/100
|-ability|p1a: Ting-Lu|Vessel of Ruin
|move|p2a: Dragonite|Dragon Dance|p2a: Dragonite
|-boost|p2a: Dragonite|atk|1
|-boost|p2a: Dragonite|spe|1
|
|-heal|p1a: Ting-Lu|100/100|[from] item: Leftovers
|upkeep
|turn|15
|
|t:|1779590484
|move|p2a: Dragonite|Dragon Dance|p2a: Dragonite
|-boost|p2a: Dragonite|atk|1
|-boost|p2a: Dragonite|spe|1
|move|p1a: Ting-Lu|Whirlwind|p2a: Dragonite
|drag|p2a: Ambipom|Ambipom, M|88/100
|-damage|p2a: Ambipom|76/100|[from] Stealth Rock
|
|upkeep
|turn|16
|
|t:|1779590499
|move|p2a: Ambipom|Fake Out|p1a: Ting-Lu
|-damage|p1a: Ting-Lu|81/100
|-damage|p2a: Ambipom|66/100|[from] item: Life Orb
|cant|p1a: Ting-Lu|flinch
|
|-heal|p1a: Ting-Lu|87/100|[from] item: Leftovers
|upkeep
|turn|17
|
|t:|1779590505
|switch|p1a: Gholdengo|Gholdengo|100/100
|move|p2a: Ambipom|Last Resort|p1a: Gholdengo
|-immune|p1a: Gholdengo
|
|upkeep
|turn|18
|
|t:|1779590514
|switch|p2a: Electrode|Electrode-Hisui|78/100
|-damage|p2a: Electrode|66/100|[from] Stealth Rock
|move|p1a: Gholdengo|Make It Rain|p2a: Electrode
|-resisted|p2a: Electrode
|-damage|p2a: Electrode|27/100
|-unboost|p1a: Gholdengo|spa|1
|
|upkeep
|turn|19
|j| asdff112
|
|t:|1779590530
|move|p1a: Gholdengo|Make It Rain|p2a: Electrode
|-resisted|p2a: Electrode
|-damage|p2a: Electrode|0 fnt
|-unboost|p1a: Gholdengo|spa|1
|faint|p2a: Electrode
|
|upkeep
|
|t:|1779590538
|switch|p2a: Hatterene|Hatterene, F|100/100
|-damage|p2a: Hatterene|88/100|[from] Stealth Rock
|turn|20
|
|t:|1779590547
|switch|p1a: Ting-Lu|Ting-Lu|87/100
|-ability|p1a: Ting-Lu|Vessel of Ruin
|move|p2a: Hatterene|Nuzzle|p1a: Ting-Lu
|-immune|p1a: Ting-Lu
|
|-heal|p1a: Ting-Lu|94/100|[from] item: Leftovers
|upkeep
|turn|21
|
|t:|1779590552
|switch|p1a: Gholdengo|Gholdengo|100/100
|move|p2a: Hatterene|Dazzling Gleam|p1a: Gholdengo
|-resisted|p1a: Gholdengo
|-damage|p1a: Gholdengo|74/100
|
|upkeep
|turn|22
|
|t:|1779590559
|-terastallize|p2a: Hatterene|Psychic
|move|p1a: Gholdengo|Make It Rain|p2a: Hatterene
|-damage|p2a: Hatterene|45/100
|-unboost|p1a: Gholdengo|spa|1
|move|p2a: Hatterene|Nuzzle|p1a: Gholdengo
|-damage|p1a: Gholdengo|69/100
|-status|p1a: Gholdengo|par
|
|upkeep
|turn|23
|
|t:|1779590576
|switch|p1a: Ting-Lu|Ting-Lu|94/100
|-ability|p1a: Ting-Lu|Vessel of Ruin
|move|p2a: Hatterene|Mystical Fire|p1a: Ting-Lu
|-damage|p1a: Ting-Lu|82/100
|-unboost|p1a: Ting-Lu|spa|1
|
|-heal|p1a: Ting-Lu|88/100|[from] item: Leftovers
|upkeep
|turn|24
|
|t:|1779590586
|move|p1a: Ting-Lu|Earthquake|p2a: Hatterene
|-damage|p2a: Hatterene|3/100
|move|p2a: Hatterene|Dazzling Gleam|p1a: Ting-Lu
|-supereffective|p1a: Ting-Lu
|-damage|p1a: Ting-Lu|49/100
|
|-heal|p1a: Ting-Lu|55/100|[from] item: Leftovers
|upkeep
|turn|25
|
|t:|1779590601
|move|p1a: Ting-Lu|Earthquake|p2a: Hatterene
|-damage|p2a: Hatterene|0 fnt
|faint|p2a: Hatterene
|
|-heal|p1a: Ting-Lu|62/100|[from] item: Leftovers
|upkeep
|
|t:|1779590606
|switch|p2a: Ambipom|Ambipom, M|66/100
|-damage|p2a: Ambipom|53/100|[from] Stealth Rock
|turn|26
|
|t:|1779590611
|switch|p2a: Dragonite|Dragonite, M|76/100
|-damage|p2a: Dragonite|51/100|[from] Stealth Rock
|move|p1a: Ting-Lu|Earthquake|p2a: Dragonite
|-immune|p2a: Dragonite
|
|-heal|p1a: Ting-Lu|68/100|[from] item: Leftovers
|upkeep
|turn|27
|
|t:|1779590619
|move|p2a: Dragonite|Outrage|p1a: Ting-Lu
|-damage|p1a: Ting-Lu|29/100
|move|p1a: Ting-Lu|Whirlwind|p2a: Dragonite
|drag|p2a: Ambipom|Ambipom, M|53/100
|-damage|p2a: Ambipom|41/100|[from] Stealth Rock
|
|-heal|p1a: Ting-Lu|36/100|[from] item: Leftovers
|upkeep
|turn|28
|c|☆Max Fiufi|Gg
|
|t:|1779590639
|switch|p1a: Gholdengo|Gholdengo|69/100 par
|move|p2a: Ambipom|Fake Out|p1a: Gholdengo
|-immune|p1a: Gholdengo
|
|upkeep
|turn|29
|
|t:|1779590645
|move|p2a: Ambipom|Fake Out||[still]
|-hint|Fake Out only works on your first turn out.
|-fail|p2a: Ambipom
|move|p1a: Gholdengo|Make It Rain|p2a: Ambipom
|-damage|p2a: Ambipom|0 fnt
|-unboost|p1a: Gholdengo|spa|1
|faint|p2a: Ambipom
|
|upkeep
|
|t:|1779590649
|switch|p2a: Dragonite|Dragonite, M|51/100
|-damage|p2a: Dragonite|26/100|[from] Stealth Rock
|turn|30
|inactive|TitleVII has 120 seconds left.
|
|t:|1779590690
|move|p2a: Dragonite|Dragon Dance|p2a: Dragonite
|-boost|p2a: Dragonite|atk|1
|-boost|p2a: Dragonite|spe|1
|cant|p1a: Gholdengo|par
|
|upkeep
|turn|31
|
|t:|1779590696
|move|p2a: Dragonite|Earthquake|p1a: Gholdengo
|-supereffective|p1a: Gholdengo
|-damage|p1a: Gholdengo|0 fnt
|faint|p1a: Gholdengo
|
|upkeep
|
|t:|1779590699
|switch|p1a: Dragonite|Dragonite, F|100/100
|turn|32
|
|t:|1779590705
|move|p1a: Dragonite|Extreme Speed|p2a: Dragonite
|-damage|p2a: Dragonite|0 fnt
|faint|p2a: Dragonite
|
|win|TitleVII
|raw|TitleVII's rating: 1303 &rarr; <strong>1319</strong><br />(+16 for winning)
|raw|Max Fiufi's rating: 1241 &rarr; <strong>1220</strong><br />(-21 for losing)
|l|☆TitleVII
|player|p1|
|l|☆Max Fiufi
|player|p2|
|l| asdff112
|j| asdff112
