|j|☆firstle
|j|☆xlbxrt
|t:|1779635011
|gametype|singles
|player|p1|firstle|caitlin|
|player|p2|xlbxrt|2|
|gen|9
|tier|[Gen 9] OU
|rule|HP Percentage Mod: HP is shown in percentages
|rule|Endless Battle Clause: Forcing endless battles is banned
|rule|Species Clause: Limit one of each Pokémon
|rule|OHKO Clause: OHKO moves are banned
|rule|Evasion Items Clause: Evasion items are banned
|rule|Evasion Moves Clause: Evasion moves are banned
|rule|Evasion Abilities Clause: Evasion abilities are banned
|rule|Sleep Moves Clause: Sleep-inducing moves are banned
|clearpoke
|poke|p1|Hatterene, F|
|poke|p1|Glimmora, F|
|poke|p1|Regidrago|
|poke|p1|Ting-Lu|
|poke|p1|Walking Wake|
|poke|p1|Cinderace, F|
|poke|p2|Deoxys-Speed|
|poke|p2|Heracross, M|
|poke|p2|Iron Treads|
|poke|p2|Entei|
|poke|p2|Mandibuzz, F|
|poke|p2|Mimikyu, F|
|teampreview
|j| PrestigeCivilian
|j| ItsMeFiery
|j| Vinkun9746
|c| PrestigeCivilian|Terra Heracross
|c| PrestigeCivilian|(Fighting)
|c|☆firstle|glimmora - grass
|c| Vinkun9746|grass
|
|t:|1779635105
|teamsize|p1|6
|teamsize|p2|6
|start
|switch|p1a: Chrysanthemum|Glimmora, F, shiny|100/100
|switch|p2a: Deoxys|Deoxys-Speed|100/100
|-ability|p2a: Deoxys|Pressure
|turn|1
|
|t:|1779635123
|move|p2a: Deoxys|Taunt|p1a: Chrysanthemum
|-start|p1a: Chrysanthemum|move: Taunt
|move|p1a: Chrysanthemum|Meteor Beam||[still]
|-prepare|p1a: Chrysanthemum|Meteor Beam
|-boost|p1a: Chrysanthemum|spa|1
|-enditem|p1a: Chrysanthemum|Power Herb
|-anim|p1a: Chrysanthemum|Meteor Beam|p2a: Deoxys
|-enditem|p2a: Deoxys|Focus Sash
|-damage|p2a: Deoxys|1/100
|
|upkeep
|turn|2
|c| Vinkun9746|sheesh
|c| Vinkun9746|i have outsmarted your outsmarting
|
|t:|1779635175
|-terastallize|p1a: Chrysanthemum|Grass
|move|p2a: Deoxys|Thunder Wave|p1a: Chrysanthemum
|-status|p1a: Chrysanthemum|par
|move|p1a: Chrysanthemum|Earth Power|p2a: Deoxys
|-damage|p2a: Deoxys|0 fnt
|faint|p2a: Deoxys
|
|upkeep
|c| Vinkun9746|sheesh
|
|t:|1779635189
|switch|p2a: ground type to|Entei, shiny|100/100
|turn|3
|c| Vinkun9746|damn
|c| Vinkun9746|fr
|c| Vinkun9746|kala ko fighting/steel may mga bracers
|c| Vinkun9746|supplementary
|
|t:|1779635289
|switch|p1a: LuTing|Ting-Lu, shiny|100/100
|-ability|p1a: LuTing|Vessel of Ruin
|move|p2a: ground type to|Sacred Fire|p1a: LuTing
|-damage|p1a: LuTing|70/100
|-status|p1a: LuTing|brn
|
|-heal|p1a: LuTing|76/100 brn|[from] item: Leftovers
|-damage|p1a: LuTing|70/100 brn|[from] brn
|upkeep
|turn|4
|c| Vinkun9746|brn nanaman
|c| PrestigeCivilian|barnyard
|c| Vinkun9746|robot dog
|c| Vinkun9746|where
|c| Vinkun9746|where
|
|t:|1779635435
|move|p2a: ground type to|Sacred Fire|p1a: LuTing|[miss]
|-miss|p2a: ground type to|p1a: LuTing
|move|p1a: LuTing|Ruination|p2a: ground type to
|-damage|p2a: ground type to|51/100
|
|-heal|p1a: LuTing|76/100 brn|[from] item: Leftovers
|-damage|p1a: LuTing|70/100 brn|[from] brn
|upkeep
|turn|5
|c|☆firstle|HAHAHAHHAHAHAHHAHA
|c| Vinkun9746|sheesh
|c|☆firstle|90 na naman accuracy
|
|t:|1779635480
|move|p2a: ground type to|Sacred Fire|p1a: LuTing
|-damage|p1a: LuTing|40/100 brn
|move|p1a: LuTing|Earthquake|p2a: ground type to
|-supereffective|p2a: ground type to
|-damage|p2a: ground type to|13/100
|
|-heal|p1a: LuTing|46/100 brn|[from] item: Leftovers
|-damage|p1a: LuTing|40/100 brn|[from] brn
|upkeep
|turn|6
|
|t:|1779635498
|move|p2a: ground type to|Sacred Fire|p1a: LuTing
|-damage|p1a: LuTing|6/100 brn
|move|p1a: LuTing|Ruination|p2a: ground type to
|-damage|p2a: ground type to|7/100
|
|-heal|p1a: LuTing|12/100 brn|[from] item: Leftovers
|-damage|p1a: LuTing|6/100 brn|[from] brn
|upkeep
|turn|7
|c| Vinkun9746|100% - no miss
|c| Vinkun9746|99% - miss
|
|t:|1779635513
|move|p2a: ground type to|Sacred Fire|p1a: LuTing
|-crit|p1a: LuTing
|-damage|p1a: LuTing|0 fnt
|faint|p1a: LuTing
|
|upkeep
|
|t:|1779635528
|switch|p1a: Squidiee|Hatterene, F, shiny|100/100
|turn|8
|c| Vinkun9746|mag brn din yan
|
|t:|1779635565
|move|p2a: ground type to|Sacred Fire|p1a: Squidiee
|-damage|p1a: Squidiee|6/100
|move|p1a: Squidiee|Psychic Noise|p2a: ground type to
|-damage|p2a: ground type to|0 fnt
|faint|p2a: ground type to
|
|-heal|p1a: Squidiee|12/100|[from] item: Leftovers
|upkeep
|
|t:|1779635580
|switch|p2a: Great Tuskkk|Iron Treads|100/100
|turn|9
|
|t:|1779635586
|move|p2a: Great Tuskkk|Iron Head|p1a: Squidiee
|-supereffective|p1a: Squidiee
|-damage|p1a: Squidiee|0 fnt
|faint|p1a: Squidiee
|
|upkeep
|c| Vinkun9746|scary
|
|t:|1779635596
|switch|p1a: Chrysanthemum|Glimmora, F, shiny, tera:Grass|100/100 par
|turn|10
|c|☆firstle|so scary
|c| Vinkun9746|si great tusk lng daw
|
|t:|1779635652
|move|p2a: Great Tuskkk|Iron Head|p1a: Chrysanthemum
|-damage|p1a: Chrysanthemum|50/100 par
|-activate|p1a: Chrysanthemum|ability: Toxic Debris
|-sidestart|p2: xlbxrt|move: Toxic Spikes
|move|p1a: Chrysanthemum|Earth Power|p2a: Great Tuskkk
|-supereffective|p2a: Great Tuskkk
|-damage|p2a: Great Tuskkk|47/100
|-unboost|p2a: Great Tuskkk|spd|1
|
|upkeep
|turn|11
|
|t:|1779635664
|move|p2a: Great Tuskkk|Iron Head|p1a: Chrysanthemum
|-damage|p1a: Chrysanthemum|2/100 par
|-activate|p1a: Chrysanthemum|ability: Toxic Debris
|-sidestart|p2: xlbxrt|move: Toxic Spikes
|move|p1a: Chrysanthemum|Earth Power|p2a: Great Tuskkk
|-supereffective|p2a: Great Tuskkk
|-damage|p2a: Great Tuskkk|0 fnt
|faint|p2a: Great Tuskkk
|-end|p2a: Great Tuskkk|Quark Drive|[silent]
|
|upkeep
|c| Vinkun9746|umattack tapos may hazards
|c| Vinkun9746|madayya
|c| Vinkun9746|SO3
|
|t:|1779635739
|switch|p2a: Dark Ho-Oh|Mandibuzz, F|100/100
|turn|12
|
|t:|1779635755
|move|p2a: Dark Ho-Oh|U-turn|p1a: Chrysanthemum
|-supereffective|p1a: Chrysanthemum
|-damage|p1a: Chrysanthemum|0 fnt
|faint|p1a: Chrysanthemum
|c| Vinkun9746|amazing
|
|t:|1779635778
|switch|p2a: Alolan Pikachu|Mimikyu, F, shiny|100/100|[from] U-turn
|-status|p2a: Alolan Pikachu|tox
|
|-damage|p2a: Alolan Pikachu|95/100 tox|[from] psn
|upkeep
|
|t:|1779635806
|switch|p1a: Officer Judy|Cinderace, F|100/100
|turn|13
|c| Vinkun9746|so scary
|c| Vinkun9746|libero
|
|t:|1779635860
|move|p2a: Alolan Pikachu|Shadow Sneak|p1a: Officer Judy
|-damage|p1a: Officer Judy|67/100
|-damage|p2a: Alolan Pikachu|85/100 tox|[from] item: Life Orb
|move|p1a: Officer Judy|Pyro Ball|p2a: Alolan Pikachu|[miss]
|-miss|p1a: Officer Judy|p2a: Alolan Pikachu
|
|-damage|p2a: Alolan Pikachu|73/100 tox|[from] psn
|upkeep
|turn|14
|c| Vinkun9746|wow
|c|☆firstle|woah
|c|☆firstle|HAHAHAHAH
|
|t:|1779635888
|move|p2a: Alolan Pikachu|Shadow Sneak|p1a: Officer Judy
|-damage|p1a: Officer Judy|35/100
|-damage|p2a: Alolan Pikachu|63/100 tox|[from] item: Life Orb
|move|p1a: Officer Judy|Pyro Ball|p2a: Alolan Pikachu
|-activate|p2a: Alolan Pikachu|ability: Disguise
|-damage|p2a: Alolan Pikachu|63/100 tox
|detailschange|p2a: Alolan Pikachu|Mimikyu-Busted, F, shiny
|-damage|p2a: Alolan Pikachu|50/100 tox|[from] pokemon: Mimikyu-Busted
|
|-damage|p2a: Alolan Pikachu|32/100 tox|[from] psn
|upkeep
|turn|15
|
|t:|1779635903
|move|p2a: Alolan Pikachu|Shadow Sneak|p1a: Officer Judy
|-damage|p1a: Officer Judy|5/100
|-damage|p2a: Alolan Pikachu|22/100 tox|[from] item: Life Orb
|move|p1a: Officer Judy|Pyro Ball|p2a: Alolan Pikachu
|-damage|p2a: Alolan Pikachu|0 fnt
|faint|p2a: Alolan Pikachu
|
|upkeep
|
|t:|1779635917
|switch|p2a: Dark Ho-Oh|Mandibuzz, F|100/100
|turn|16
|
|t:|1779635956
|move|p1a: Officer Judy|Pyro Ball|p2a: Dark Ho-Oh
|-damage|p2a: Dark Ho-Oh|69/100
|move|p2a: Dark Ho-Oh|Foul Play|p1a: Officer Judy
|-damage|p1a: Officer Judy|0 fnt
|faint|p1a: Officer Judy
|
|upkeep
|
|t:|1779635965
|switch|p1a: Chomper|Regidrago|100/100
|turn|17
|
|t:|1779635988
|move|p1a: Chomper|Dragon Energy|p2a: Dark Ho-Oh
|-damage|p2a: Dark Ho-Oh|0 fnt
|faint|p2a: Dark Ho-Oh
|
|upkeep
|
|t:|1779635996
|switch|p2a: mama mo?|Heracross, M, shiny|100/100
|-status|p2a: mama mo?|tox
|turn|18
|c| Vinkun9746|blue
|
|t:|1779636039
|-terastallize|p2a: mama mo?|Fighting
|move|p1a: Chomper|Dragon Energy|p2a: mama mo?
|-damage|p2a: mama mo?|0 fnt
|faint|p2a: mama mo?
|
|win|firstle
|c| Vinkun9746|skt
|c|☆firstle|gg
