|j|☆FireSide_01
|j|☆Acetrainernate90
|t:|1779681446
|gametype|singles
|player|p1|FireSide_01|janine|1401
|player|p2|Acetrainernate90|brycen|1376
|gen|9
|tier|[Gen 9] OU
|rated|
|rule|HP Percentage Mod: HP is shown in percentages
|rule|Endless Battle Clause: Forcing endless battles is banned
|rule|Species Clause: Limit one of each Pokémon
|rule|OHKO Clause: OHKO moves are banned
|rule|Evasion Items Clause: Evasion items are banned
|rule|Evasion Moves Clause: Evasion moves are banned
|rule|Evasion Abilities Clause: Evasion abilities are banned
|rule|Sleep Moves Clause: Sleep-inducing moves are banned
|clearpoke
|poke|p1|Ninetales, F|
|poke|p1|Walking Wake|
|poke|p1|Typhlosion-Hisui, F|
|poke|p1|Great Tusk|
|poke|p1|Rillaboom, F|
|poke|p1|Raging Bolt|
|poke|p2|Ting-Lu|
|poke|p2|Iron Moth|
|poke|p2|Corviknight, M|
|poke|p2|Reuniclus, M|
|poke|p2|Kyurem|
|poke|p2|Rillaboom, F|
|teampreview
|inactive|Battle timer is ON: inactive players will automatically lose when time's up. (requested by Acetrainernate90)
|
|t:|1779681464
|teamsize|p1|6
|teamsize|p2|6
|start
|switch|p1a: Rillaboom|Rillaboom, F|100/100
|switch|p2a: Can't Dance|Iron Moth|100/100
|-fieldstart|move: Grassy Terrain|[from] ability: Grassy Surge|[of] p1a: Rillaboom
|-enditem|p2a: Can't Dance|Booster Energy
|-activate|p2a: Can't Dance|ability: Quark Drive|[fromitem]
|-start|p2a: Can't Dance|quarkdrivespe
|turn|1
|
|t:|1779681471
|switch|p1a: Raging Bolt|Raging Bolt|100/100
|move|p2a: Can't Dance|Substitute|p2a: Can't Dance
|-start|p2a: Can't Dance|Substitute
|-damage|p2a: Can't Dance|76/100
|
|-heal|p2a: Can't Dance|82/100|[from] Grassy Terrain
|upkeep
|turn|2
|
|t:|1779681478
|move|p2a: Can't Dance|Dazzling Gleam|p1a: Raging Bolt
|-supereffective|p1a: Raging Bolt
|-damage|p1a: Raging Bolt|65/100
|move|p1a: Raging Bolt|Dragon Pulse|p2a: Can't Dance
|-end|p2a: Can't Dance|Substitute
|
|-heal|p2a: Can't Dance|88/100|[from] Grassy Terrain
|-heal|p1a: Raging Bolt|71/100|[from] Grassy Terrain
|upkeep
|turn|3
|
|t:|1779681485
|move|p2a: Can't Dance|Dazzling Gleam|p1a: Raging Bolt
|-supereffective|p1a: Raging Bolt
|-damage|p1a: Raging Bolt|34/100
|move|p1a: Raging Bolt|Dragon Pulse|p2a: Can't Dance
|-damage|p2a: Can't Dance|36/100
|
|-heal|p2a: Can't Dance|42/100|[from] Grassy Terrain
|-heal|p1a: Raging Bolt|40/100|[from] Grassy Terrain
|upkeep
|turn|4
|
|t:|1779681502
|-terastallize|p2a: Can't Dance|Fairy
|move|p2a: Can't Dance|Dazzling Gleam|p1a: Raging Bolt
|-supereffective|p1a: Raging Bolt
|-damage|p1a: Raging Bolt|0 fnt
|faint|p1a: Raging Bolt
|-end|p1a: Raging Bolt|Protosynthesis|[silent]
|
|-heal|p2a: Can't Dance|48/100|[from] Grassy Terrain
|upkeep
|
|t:|1779681508
|switch|p1a: Rillaboom|Rillaboom, F|100/100
|turn|5
|
|t:|1779681511
|-end|p2a: Can't Dance|Quark Drive|[silent]
|switch|p2a: An IQ too low?|Corviknight, M|100/100
|-ability|p2a: An IQ too low?|Pressure
|move|p1a: Rillaboom|Grassy Glide|p2a: An IQ too low?
|-resisted|p2a: An IQ too low?
|-damage|p2a: An IQ too low?|91/100
|-damage|p1a: Rillaboom|84/100|[from] item: Rocky Helmet|[of] p2a: An IQ too low?
|
|-heal|p1a: Rillaboom|90/100|[from] Grassy Terrain
|-fieldend|move: Grassy Terrain
|upkeep
|turn|6
|
|t:|1779681515
|switch|p1a: Ninetales|Ninetales, F|100/100
|-weather|SunnyDay|[from] ability: Drought|[of] p1a: Ninetales
|move|p2a: An IQ too low?|U-turn|p1a: Ninetales
|-resisted|p1a: Ninetales
|-damage|p1a: Ninetales|92/100
|
|t:|1779681526
|switch|p2a: Can't Dance|Iron Moth, tera:Fairy|48/100|[from] U-turn
|
|-weather|SunnyDay|[upkeep]
|upkeep
|turn|7
|
|t:|1779681532
|move|p2a: Can't Dance|Sludge Wave|p1a: Ninetales
|-damage|p1a: Ninetales|43/100
|move|p1a: Ninetales|Weather Ball|p2a: Can't Dance
|-damage|p2a: Can't Dance|1/100
|
|-weather|SunnyDay|[upkeep]
|upkeep
|turn|8
|
|t:|1779681540
|switch|p1a: Great Tusk|Great Tusk|100/100
|-activate|p1a: Great Tusk|ability: Protosynthesis
|-start|p1a: Great Tusk|protosynthesisspe
|move|p2a: Can't Dance|Sludge Wave|p1a: Great Tusk
|-resisted|p1a: Great Tusk
|-damage|p1a: Great Tusk|69/100
|
|-weather|SunnyDay|[upkeep]
|upkeep
|turn|9
|
|t:|1779681545
|-end|p2a: Can't Dance|Quark Drive|[silent]
|switch|p2a: An IQ too low?|Corviknight, M|91/100
|-ability|p2a: An IQ too low?|Pressure
|move|p1a: Great Tusk|Rapid Spin|p2a: An IQ too low?
|-resisted|p2a: An IQ too low?
|-damage|p2a: An IQ too low?|86/100
|-boost|p1a: Great Tusk|spe|1
|-damage|p1a: Great Tusk|52/100|[from] item: Rocky Helmet|[of] p2a: An IQ too low?
|
|-weather|SunnyDay|[upkeep]
|upkeep
|turn|10
|
|t:|1779681551
|move|p1a: Great Tusk|Stealth Rock|p2a: An IQ too low?
|-sidestart|p2: Acetrainernate90|move: Stealth Rock
|move|p2a: An IQ too low?|U-turn|p1a: Great Tusk
|-resisted|p1a: Great Tusk
|-damage|p1a: Great Tusk|47/100
|
|t:|1779681555
|switch|p2a: Lost to Godzilla|Rillaboom, F|100/100|[from] U-turn
|-damage|p2a: Lost to Godzilla|88/100|[from] Stealth Rock
|-fieldstart|move: Grassy Terrain|[from] ability: Grassy Surge|[of] p2a: Lost to Godzilla
|
|-weather|SunnyDay|[upkeep]
|-heal|p1a: Great Tusk|53/100|[from] Grassy Terrain
|-heal|p2a: Lost to Godzilla|94/100|[from] Grassy Terrain
|upkeep
|turn|11
|
|t:|1779681561
|-end|p1a: Great Tusk|Protosynthesis|[silent]
|switch|p1a: Rillaboom|Rillaboom, F|90/100
|move|p2a: Lost to Godzilla|Grassy Glide|p1a: Rillaboom
|-resisted|p1a: Rillaboom
|-damage|p1a: Rillaboom|70/100
|
|-weather|SunnyDay|[upkeep]
|-heal|p1a: Rillaboom|76/100|[from] Grassy Terrain
|-heal|p2a: Lost to Godzilla|99/100|[from] Grassy Terrain
|upkeep
|turn|12
|
|t:|1779681565
|move|p1a: Rillaboom|U-turn|p2a: Lost to Godzilla
|-supereffective|p2a: Lost to Godzilla
|-damage|p2a: Lost to Godzilla|30/100
|
|t:|1779681572
|switch|p1a: Typhlosion|Typhlosion-Hisui, F|100/100|[from] U-turn
|move|p2a: Lost to Godzilla|Knock Off|p1a: Typhlosion
|-supereffective|p1a: Typhlosion
|-damage|p1a: Typhlosion|0 fnt
|-enditem|p1a: Typhlosion|Choice Scarf|[from] move: Knock Off|[of] p2a: Lost to Godzilla
|faint|p1a: Typhlosion
|
|-weather|SunnyDay|[upkeep]
|-heal|p2a: Lost to Godzilla|36/100|[from] Grassy Terrain
|upkeep
|
|t:|1779681587
|switch|p1a: Rillaboom|Rillaboom, F|76/100
|turn|13
|
|t:|1779681589
|switch|p2a: An IQ too low?|Corviknight, M|86/100
|-damage|p2a: An IQ too low?|74/100|[from] Stealth Rock
|-ability|p2a: An IQ too low?|Pressure
|move|p1a: Rillaboom|U-turn|p2a: An IQ too low?
|-resisted|p2a: An IQ too low?
|-damage|p2a: An IQ too low?|68/100
|-damage|p1a: Rillaboom|60/100|[from] item: Rocky Helmet|[of] p2a: An IQ too low?
|
|t:|1779681592
|switch|p1a: Walking Wake|Walking Wake|100/100|[from] U-turn
|-activate|p1a: Walking Wake|ability: Protosynthesis
|-start|p1a: Walking Wake|protosynthesisspa
|
|-weather|none
|-end|p1a: Walking Wake|Protosynthesis
|upkeep
|turn|14
|
|t:|1779681596
|move|p1a: Walking Wake|Flamethrower|p2a: An IQ too low?
|-supereffective|p2a: An IQ too low?
|-damage|p2a: An IQ too low?|0 fnt
|faint|p2a: An IQ too low?
|
|upkeep
|
|t:|1779681601
|switch|p2a: Keldeo #1 Opp|Kyurem|100/100
|-damage|p2a: Keldeo #1 Opp|76/100|[from] Stealth Rock
|-ability|p2a: Keldeo #1 Opp|Pressure
|turn|15
|
|t:|1779681604
|-end|p1a: Walking Wake|Protosynthesis|[silent]
|switch|p1a: Ninetales|Ninetales, F|43/100
|-weather|SunnyDay|[from] ability: Drought|[of] p1a: Ninetales
|move|p2a: Keldeo #1 Opp|Freeze-Dry|p1a: Ninetales
|-resisted|p1a: Ninetales
|-damage|p1a: Ninetales|15/100
|
|-weather|SunnyDay|[upkeep]
|-heal|p1a: Ninetales|21/100|[from] Grassy Terrain
|-heal|p2a: Keldeo #1 Opp|82/100|[from] Grassy Terrain
|upkeep
|turn|16
|
|t:|1779681618
|move|p1a: Ninetales|Encore|p2a: Keldeo #1 Opp
|-start|p2a: Keldeo #1 Opp|Encore
|move|p2a: Keldeo #1 Opp|Freeze-Dry|p1a: Ninetales
|-resisted|p1a: Ninetales
|-damage|p1a: Ninetales|0 fnt
|faint|p1a: Ninetales
|
|-weather|SunnyDay|[upkeep]
|-heal|p2a: Keldeo #1 Opp|88/100|[from] Grassy Terrain
|upkeep
|
|t:|1779681635
|switch|p1a: Walking Wake|Walking Wake|100/100
|-activate|p1a: Walking Wake|ability: Protosynthesis
|-start|p1a: Walking Wake|protosynthesisspa
|turn|17
|
|t:|1779681645
|switch|p2a: Harry Pottery|Ting-Lu|100/100
|-damage|p2a: Harry Pottery|94/100|[from] Stealth Rock
|-ability|p2a: Harry Pottery|Vessel of Ruin
|move|p1a: Walking Wake|Flamethrower|p2a: Harry Pottery
|-damage|p2a: Harry Pottery|54/100
|
|-weather|SunnyDay|[upkeep]
|-heal|p2a: Harry Pottery|60/100|[from] Grassy Terrain
|-heal|p2a: Harry Pottery|66/100|[from] item: Leftovers
|-fieldend|move: Grassy Terrain
|upkeep
|turn|18
|
|t:|1779681660
|-end|p1a: Walking Wake|Protosynthesis|[silent]
|switch|p1a: Rillaboom|Rillaboom, F|60/100
|-fieldstart|move: Grassy Terrain|[from] ability: Grassy Surge|[of] p1a: Rillaboom
|move|p2a: Harry Pottery|Earthquake|p1a: Rillaboom
|-resisted|p1a: Rillaboom
|-damage|p1a: Rillaboom|50/100
|
|-weather|SunnyDay|[upkeep]
|-heal|p1a: Rillaboom|56/100|[from] Grassy Terrain
|-heal|p2a: Harry Pottery|72/100|[from] Grassy Terrain
|-heal|p2a: Harry Pottery|79/100|[from] item: Leftovers
|upkeep
|turn|19
|
|t:|1779681667
|move|p1a: Rillaboom|Wood Hammer|p2a: Harry Pottery
|-supereffective|p2a: Harry Pottery
|-damage|p2a: Harry Pottery|0 fnt
|faint|p2a: Harry Pottery
|-damage|p1a: Rillaboom|18/100|[from] Recoil
|
|-weather|SunnyDay|[upkeep]
|-heal|p1a: Rillaboom|24/100|[from] Grassy Terrain
|upkeep
|
|t:|1779681675
|switch|p2a: Lost to Godzilla|Rillaboom, F|36/100
|-damage|p2a: Lost to Godzilla|24/100|[from] Stealth Rock
|turn|20
|
|t:|1779681679
|move|p2a: Lost to Godzilla|Grassy Glide|p1a: Rillaboom
|-resisted|p1a: Rillaboom
|-damage|p1a: Rillaboom|0 fnt
|faint|p1a: Rillaboom
|
|-weather|SunnyDay|[upkeep]
|-heal|p2a: Lost to Godzilla|30/100|[from] Grassy Terrain
|upkeep
|
|t:|1779681680
|switch|p1a: Walking Wake|Walking Wake|100/100
|-activate|p1a: Walking Wake|ability: Protosynthesis
|-start|p1a: Walking Wake|protosynthesisspa
|turn|21
|
|t:|1779681687
|move|p2a: Lost to Godzilla|Grassy Glide|p1a: Walking Wake
|-damage|p1a: Walking Wake|55/100
|move|p1a: Walking Wake|Flamethrower|p2a: Lost to Godzilla
|-supereffective|p2a: Lost to Godzilla
|-damage|p2a: Lost to Godzilla|0 fnt
|faint|p2a: Lost to Godzilla
|
|-weather|SunnyDay|[upkeep]
|-heal|p1a: Walking Wake|61/100|[from] Grassy Terrain
|upkeep
|
|t:|1779681692
|switch|p2a: Ventricosa|Reuniclus, M, shiny|100/100
|turn|22
|
|t:|1779681695
|move|p1a: Walking Wake|Flamethrower|p2a: Ventricosa
|-damage|p2a: Ventricosa|11/100
|move|p2a: Ventricosa|Psychic Noise|p1a: Walking Wake
|-damage|p1a: Walking Wake|1/100
|-start|p1a: Walking Wake|move: Heal Block
|
|-weather|none
|-end|p1a: Walking Wake|Protosynthesis
|-heal|p2a: Ventricosa|17/100|[from] Grassy Terrain
|-fieldend|move: Grassy Terrain
|upkeep
|turn|23
|
|t:|1779681700
|move|p1a: Walking Wake|Flamethrower|p2a: Ventricosa
|-damage|p2a: Ventricosa|0 fnt
|faint|p2a: Ventricosa
|
|-end|p1a: Walking Wake|move: Heal Block
|upkeep
|
|t:|1779681703
|switch|p2a: Keldeo #1 Opp|Kyurem|88/100
|-damage|p2a: Keldeo #1 Opp|63/100|[from] Stealth Rock
|-ability|p2a: Keldeo #1 Opp|Pressure
|turn|24
|
|t:|1779681706
|move|p2a: Keldeo #1 Opp|Freeze-Dry|p1a: Walking Wake
|-supereffective|p1a: Walking Wake
|-damage|p1a: Walking Wake|0 fnt
|faint|p1a: Walking Wake
|-end|p1a: Walking Wake|Protosynthesis|[silent]
|
|upkeep
|
|t:|1779681708
|switch|p1a: Great Tusk|Great Tusk|53/100
|turn|25
|
|t:|1779681713
|-terastallize|p1a: Great Tusk|Steel
|move|p2a: Keldeo #1 Opp|Freeze-Dry|p1a: Great Tusk
|-resisted|p1a: Great Tusk
|-damage|p1a: Great Tusk|20/100
|move|p1a: Great Tusk|Rapid Spin|p2a: Keldeo #1 Opp
|-damage|p2a: Keldeo #1 Opp|49/100
|-boost|p1a: Great Tusk|spe|1
|
|upkeep
|turn|26
|
|t:|1779681717
|move|p1a: Great Tusk|Headlong Rush|p2a: Keldeo #1 Opp
|-damage|p2a: Keldeo #1 Opp|1/100
|-unboost|p1a: Great Tusk|def|1
|-unboost|p1a: Great Tusk|spd|1
|move|p2a: Keldeo #1 Opp|Freeze-Dry|p1a: Great Tusk
|-resisted|p1a: Great Tusk
|-damage|p1a: Great Tusk|0 fnt
|faint|p1a: Great Tusk
|-end|p1a: Great Tusk|Protosynthesis|[silent]
|
|win|Acetrainernate90
|raw|FireSide_01's rating: 1401 &rarr; <strong>1380</strong><br />(-21 for losing)
|raw|Acetrainernate90's rating: 1376 &rarr; <strong>1397</strong><br />(+21 for winning)
|c|☆FireSide_01|gg
|c|☆Acetrainernate90|gg
