|j|‽benm4556
|j|☆Psyduck is stupid
|t:|1779606693
|gametype|singles
|player|p1|benm4556|265|1301
|player|p2|Psyduck is stupid|266|1255
|gen|9
|tier|[Gen 9] OU
|rated|
|rule|HP Percentage Mod: HP is shown in percentages
|rule|Endless Battle Clause: Forcing endless battles is banned
|rule|Species Clause: Limit one of each Pokémon
|rule|OHKO Clause: OHKO moves are banned
|rule|Evasion Items Clause: Evasion items are banned
|rule|Evasion Moves Clause: Evasion moves are banned
|rule|Evasion Abilities Clause: Evasion abilities are banned
|rule|Sleep Moves Clause: Sleep-inducing moves are banned
|clearpoke
|poke|p1|Glimmora, F|
|poke|p1|Cinderace, F|
|poke|p1|Rillaboom, F|
|poke|p1|Great Tusk|
|poke|p1|Hatterene, F|
|poke|p1|Dragapult, M|
|poke|p2|Trevenant, F|
|poke|p2|Slowking-Galar, M|
|poke|p2|Porygon2|
|poke|p2|Clefable, F|
|poke|p2|Torkoal, M|
|poke|p2|Forretress, F|
|teampreview
|
|t:|1779606706
|teamsize|p1|6
|teamsize|p2|6
|start
|switch|p1a: Glimmora|Glimmora, F|100/100
|switch|p2a: Tomato with eyes|Forretress, F|100/100
|turn|1
|
|t:|1779606714
|move|p1a: Glimmora|Stealth Rock|p2a: Tomato with eyes
|-sidestart|p2: Psyduck is stupid|move: Stealth Rock
|move|p2a: Tomato with eyes|Stealth Rock|p1a: Glimmora
|-sidestart|p1: benm4556|move: Stealth Rock
|
|upkeep
|turn|2
|
|t:|1779606722
|move|p1a: Glimmora|Power Gem|p2a: Tomato with eyes
|-damage|p2a: Tomato with eyes|18/100
|move|p2a: Tomato with eyes|Toxic Spikes|p1a: Glimmora
|-sidestart|p1: benm4556|move: Toxic Spikes
|
|upkeep
|turn|3
|-enditem|p2a: Tomato with eyes|Custap Berry|[eat]
|-activate|p2a: Tomato with eyes|item: Custap Berry|[consumed]
|
|t:|1779606732
|move|p2a: Tomato with eyes|Toxic Spikes|p1a: Glimmora
|-sidestart|p1: benm4556|move: Toxic Spikes
|move|p1a: Glimmora|Power Gem|p2a: Tomato with eyes
|-damage|p2a: Tomato with eyes|0 fnt
|faint|p2a: Tomato with eyes
|
|upkeep
|
|t:|1779606736
|switch|p2a: Not Psyduck|Trevenant, F|100/100
|-damage|p2a: Not Psyduck|88/100|[from] Stealth Rock
|turn|4
|
|t:|1779606741
|move|p1a: Glimmora|Mortal Spin|p2a: Not Psyduck
|-damage|p2a: Not Psyduck|81/100
|-status|p2a: Not Psyduck|psn
|-sideend|p1: benm4556|Toxic Spikes|[from] move: Mortal Spin|[of] p1a: Glimmora
|-sideend|p1: benm4556|Stealth Rock|[from] move: Mortal Spin|[of] p1a: Glimmora
|move|p2a: Not Psyduck|Earthquake|p1a: Glimmora
|-supereffective|p1a: Glimmora
|-enditem|p1a: Glimmora|Focus Sash
|-damage|p1a: Glimmora|1/100
|-activate|p1a: Glimmora|ability: Toxic Debris
|-sidestart|p2: Psyduck is stupid|move: Toxic Spikes
|-damage|p2a: Not Psyduck|71/100 psn|[from] item: Life Orb
|
|-damage|p2a: Not Psyduck|59/100 psn|[from] psn
|upkeep
|turn|5
|
|t:|1779606758
|move|p1a: Glimmora|Power Gem|p2a: Not Psyduck
|-damage|p2a: Not Psyduck|17/100 psn
|move|p2a: Not Psyduck|Trick Room|p2a: Not Psyduck
|-fieldstart|move: Trick Room|[of] p2a: Not Psyduck
|
|-damage|p2a: Not Psyduck|5/100 psn|[from] psn
|upkeep
|turn|6
|
|t:|1779606767
|move|p2a: Not Psyduck|Wood Hammer|p1a: Glimmora
|-damage|p1a: Glimmora|0 fnt
|-activate|p1a: Glimmora|ability: Toxic Debris
|-sidestart|p2: Psyduck is stupid|move: Toxic Spikes
|faint|p1a: Glimmora
|-damage|p2a: Not Psyduck|5/100 psn|[from] Recoil
|-damage|p2a: Not Psyduck|0 fnt|[from] item: Life Orb
|faint|p2a: Not Psyduck
|
|upkeep
|
|t:|1779606777
|switch|p2a: Fat pink Pikachu|Clefable, F|100/100
|switch|p1a: Hatterene|Hatterene, F|100/100
|-damage|p2a: Fat pink Pikachu|88/100|[from] Stealth Rock
|-status|p2a: Fat pink Pikachu|tox
|turn|7
|
|t:|1779606785
|move|p1a: Hatterene|Mystical Fire|p2a: Fat pink Pikachu
|-damage|p2a: Fat pink Pikachu|66/100 tox
|-unboost|p2a: Fat pink Pikachu|spa|1
|move|p2a: Fat pink Pikachu|Moonblast|p1a: Hatterene
|-damage|p1a: Hatterene|54/100
|
|-heal|p1a: Hatterene|60/100|[from] item: Leftovers
|-damage|p2a: Fat pink Pikachu|60/100 tox|[from] psn
|upkeep
|turn|8
|
|t:|1779606794
|switch|p2a: Psyduck Gigamax|Porygon2|100/100
|-damage|p2a: Psyduck Gigamax|88/100|[from] Stealth Rock
|-status|p2a: Psyduck Gigamax|tox
|-ability|p2a: Psyduck Gigamax|Download|boost
|-boost|p2a: Psyduck Gigamax|spa|1
|move|p1a: Hatterene|Mystical Fire|p2a: Psyduck Gigamax
|-damage|p2a: Psyduck Gigamax|69/100 tox
|-unboost|p2a: Psyduck Gigamax|spa|1
|
|-heal|p1a: Hatterene|66/100|[from] item: Leftovers
|-damage|p2a: Psyduck Gigamax|63/100 tox|[from] psn
|upkeep
|turn|9
|
|t:|1779606809
|-terastallize|p2a: Psyduck Gigamax|Ghost
|move|p1a: Hatterene|Draining Kiss|p2a: Psyduck Gigamax
|-damage|p2a: Psyduck Gigamax|45/100 tox
|-heal|p1a: Hatterene|79/100|[from] drain|[of] p2a: Psyduck Gigamax
|move|p2a: Psyduck Gigamax|Shadow Ball|p1a: Hatterene
|-supereffective|p1a: Hatterene
|-damage|p1a: Hatterene|2/100
|
|-heal|p1a: Hatterene|8/100|[from] item: Leftovers
|-damage|p2a: Psyduck Gigamax|33/100 tox|[from] psn
|-fieldend|move: Trick Room
|upkeep
|turn|10
|
|t:|1779606834
|move|p2a: Psyduck Gigamax|Ice Beam|p1a: Hatterene
|-damage|p1a: Hatterene|0 fnt
|faint|p1a: Hatterene
|
|-damage|p2a: Psyduck Gigamax|15/100 tox|[from] psn
|upkeep
|
|t:|1779606839
|switch|p1a: Rillaboom|Rillaboom, F|100/100
|-fieldstart|move: Grassy Terrain|[from] ability: Grassy Surge|[of] p1a: Rillaboom
|turn|11
|
|t:|1779606844
|move|p1a: Rillaboom|Grassy Glide|p2a: Psyduck Gigamax
|-damage|p2a: Psyduck Gigamax|0 fnt
|faint|p2a: Psyduck Gigamax
|
|upkeep
|
|t:|1779606854
|switch|p2a: Clefable with hat|Slowking-Galar, M|100/100
|-damage|p2a: Clefable with hat|88/100|[from] Stealth Rock
|-sideend|p2: Psyduck is stupid|move: Toxic Spikes|[of] p2a: Clefable with hat
|turn|12
|
|t:|1779606862
|switch|p1a: Dragapult|Dragapult, M|100/100
|move|p2a: Clefable with hat|Trick Room|p2a: Clefable with hat
|-fieldstart|move: Trick Room|[of] p2a: Clefable with hat
|
|-heal|p2a: Clefable with hat|94/100|[from] Grassy Terrain
|upkeep
|turn|13
|
|t:|1779606872
|move|p2a: Clefable with hat|Ice Beam|p1a: Dragapult
|-supereffective|p1a: Dragapult
|-damage|p1a: Dragapult|0 fnt
|faint|p1a: Dragapult
|-damage|p2a: Clefable with hat|84/100|[from] item: Life Orb
|
|-heal|p2a: Clefable with hat|90/100|[from] Grassy Terrain
|upkeep
|
|t:|1779606889
|switch|p1a: Great Tusk|Great Tusk|100/100
|turn|14
|
|t:|1779606901
|-terastallize|p1a: Great Tusk|Steel
|move|p2a: Clefable with hat|Ice Beam|p1a: Great Tusk
|-resisted|p1a: Great Tusk
|-damage|p1a: Great Tusk|72/100
|-damage|p2a: Clefable with hat|80/100|[from] item: Life Orb
|move|p1a: Great Tusk|Headlong Rush|p2a: Clefable with hat
|-supereffective|p2a: Clefable with hat
|-damage|p2a: Clefable with hat|0 fnt
|-unboost|p1a: Great Tusk|def|1
|-unboost|p1a: Great Tusk|spd|1
|faint|p2a: Clefable with hat
|
|-heal|p1a: Great Tusk|78/100|[from] Grassy Terrain
|upkeep
|
|t:|1779606922
|switch|p2a: Useless turtle|Torkoal, M|100/100
|-damage|p2a: Useless turtle|76/100|[from] Stealth Rock
|-weather|SunnyDay|[from] ability: Drought|[of] p2a: Useless turtle
|-activate|p1a: Great Tusk|ability: Protosynthesis
|-start|p1a: Great Tusk|protosynthesisatk
|turn|15
|
|t:|1779606928
|move|p2a: Useless turtle|Eruption|p1a: Great Tusk
|-supereffective|p1a: Great Tusk
|-damage|p1a: Great Tusk|0 fnt
|faint|p1a: Great Tusk
|-end|p1a: Great Tusk|Protosynthesis|[silent]
|-damage|p2a: Useless turtle|66/100|[from] item: Life Orb
|
|-weather|SunnyDay|[upkeep]
|-heal|p2a: Useless turtle|72/100|[from] Grassy Terrain
|-fieldend|move: Grassy Terrain
|upkeep
|
|t:|1779606936
|switch|p1a: Cinderace|Cinderace, F|100/100
|turn|16
|
|t:|1779606941
|move|p2a: Useless turtle|Earth Power|p1a: Cinderace
|-supereffective|p1a: Cinderace
|-damage|p1a: Cinderace|25/100
|-damage|p2a: Useless turtle|62/100|[from] item: Life Orb
|move|p1a: Cinderace|Pyro Ball|p2a: Useless turtle
|-resisted|p2a: Useless turtle
|-damage|p2a: Useless turtle|31/100
|
|-weather|SunnyDay|[upkeep]
|-fieldend|move: Trick Room
|upkeep
|turn|17
|
|t:|1779606950
|switch|p1a: Rillaboom|Rillaboom, F|100/100
|-fieldstart|move: Grassy Terrain|[from] ability: Grassy Surge|[of] p1a: Rillaboom
|move|p2a: Useless turtle|Earth Power|p1a: Rillaboom
|-resisted|p1a: Rillaboom
|-damage|p1a: Rillaboom|79/100
|-damage|p2a: Useless turtle|21/100|[from] item: Life Orb
|
|-weather|SunnyDay|[upkeep]
|-heal|p1a: Rillaboom|85/100|[from] Grassy Terrain
|-heal|p2a: Useless turtle|27/100|[from] Grassy Terrain
|upkeep
|turn|18
|
|t:|1779606961
|move|p1a: Rillaboom|Wood Hammer|p2a: Useless turtle
|-resisted|p2a: Useless turtle
|-damage|p2a: Useless turtle|0 fnt
|faint|p2a: Useless turtle
|-damage|p1a: Rillaboom|78/100|[from] Recoil
|
|-weather|SunnyDay|[upkeep]
|-heal|p1a: Rillaboom|84/100|[from] Grassy Terrain
|upkeep
|-message|Psyduck is stupid forfeited.
|
|win|benm4556
|raw|benm4556's rating: 1301 &rarr; <strong>1318</strong><br />(+17 for winning)
|raw|Psyduck is stupid's rating: 1255 &rarr; <strong>1233</strong><br />(-22 for losing)
|l|☆Psyduck is stupid
|player|p2|
|l|‽benm4556
|player|p1|
