|inactive|Battle timer is ON: inactive players will automatically lose when time's up.
|t:|1779571687
|gametype|singles
|player|p1|xdRudi.exe|#wcop2025germany|
|player|p2|impersonxtor|#wcop2026uk2|
|gen|9
|tier|[Gen 9] OU
|rule|HP Percentage Mod: HP is shown in percentages
|rule|Endless Battle Clause: Forcing endless battles is banned
|rule|Species Clause: Limit one of each Pokémon
|rule|OHKO Clause: OHKO moves are banned
|rule|Evasion Items Clause: Evasion items are banned
|rule|Evasion Moves Clause: Evasion moves are banned
|rule|Evasion Abilities Clause: Evasion abilities are banned
|rule|Sleep Moves Clause: Sleep-inducing moves are banned
|clearpoke
|poke|p1|Gholdengo|
|poke|p1|Pelipper, M|
|poke|p1|Overqwil, F|
|poke|p1|Great Tusk|
|poke|p1|Ogerpon-Wellspring, F|
|poke|p1|Raging Bolt|
|poke|p2|Gholdengo|
|poke|p2|Walking Wake|
|poke|p2|Samurott-Hisui, F|
|poke|p2|Ting-Lu|
|poke|p2|Dragonite, F|
|poke|p2|Pecharunt|
|teampreview
|c|☆impersonxtor|hf
|c|☆xdRudi.exe|hf
|inactive|impersonxtor has 270 seconds left.
|
|t:|1779571728
|teamsize|p1|6
|teamsize|p2|6
|start
|switch|p1a: Ogerpon|Ogerpon-Wellspring, F|100/100
|switch|p2a: Ting-Lu|Ting-Lu|100/100
|-ability|p2a: Ting-Lu|Vessel of Ruin
|turn|1
|
|t:|1779571737
|switch|p1a: Pelipper|Pelipper, M|100/100
|-weather|RainDance|[from] ability: Drizzle|[of] p1a: Pelipper
|switch|p2a: Pecharunt|Pecharunt|100/100
|
|-weather|RainDance|[upkeep]
|upkeep
|turn|2
|
|t:|1779571760
|move|p2a: Pecharunt|Nasty Plot|p2a: Pecharunt
|-boost|p2a: Pecharunt|spa|2
|move|p1a: Pelipper|U-turn|p2a: Pecharunt
|-resisted|p2a: Pecharunt
|-damage|p2a: Pecharunt|99/100
|
|t:|1779571765
|switch|p1a: Overqwil|Overqwil, F|100/100|[from] U-turn
|
|-weather|RainDance|[upkeep]
|upkeep
|turn|3
|inactive|xdRudi.exe has 270 seconds left.
|inactive|xdRudi.exe has 240 seconds left.
|
|t:|1779571823
|move|p1a: Overqwil|Swords Dance|p1a: Overqwil
|-boost|p1a: Overqwil|atk|2
|move|p2a: Pecharunt|Malignant Chain|p1a: Overqwil
|-resisted|p1a: Overqwil
|-crit|p1a: Overqwil
|-damage|p1a: Overqwil|28/100
|
|-weather|RainDance|[upkeep]
|upkeep
|turn|4
|inactive|xdRudi.exe has 240 seconds left.
|
|t:|1779571833
|switch|p2a: Dragonite|Dragonite, F|100/100
|move|p1a: Overqwil|Crunch|p2a: Dragonite
|-damage|p2a: Dragonite|54/100
|-damage|p1a: Overqwil|18/100|[from] item: Life Orb
|
|-weather|RainDance|[upkeep]
|upkeep
|turn|5
|
|t:|1779571842
|move|p2a: Dragonite|Extreme Speed|p1a: Overqwil
|-damage|p1a: Overqwil|0 fnt
|faint|p1a: Overqwil
|
|-weather|RainDance|[upkeep]
|upkeep
|inactive|xdRudi.exe has 240 seconds left.
|inactive|xdRudi.exe has 210 seconds left.
|
|t:|1779571885
|switch|p1a: Great Tusk|Great Tusk|100/100
|turn|6
|
|t:|1779571893
|switch|p2a: Pecharunt|Pecharunt|99/100
|move|p1a: Great Tusk|Ice Spinner|p2a: Pecharunt
|-damage|p2a: Pecharunt|84/100
|
|-weather|RainDance|[upkeep]
|upkeep
|turn|7
|
|t:|1779571904
|-end|p1a: Great Tusk|Protosynthesis|[silent]
|switch|p1a: Gholdengo|Gholdengo|100/100
|move|p2a: Pecharunt|Shadow Ball|p1a: Gholdengo
|-supereffective|p1a: Gholdengo
|-damage|p1a: Gholdengo|45/100
|
|-weather|RainDance|[upkeep]
|upkeep
|turn|8
|
|t:|1779571911
|switch|p1a: Ogerpon|Ogerpon-Wellspring, F|100/100
|switch|p2a: Ting-Lu|Ting-Lu|100/100
|-ability|p2a: Ting-Lu|Vessel of Ruin
|
|-weather|none
|upkeep
|turn|9
|inactive|xdRudi.exe has 240 seconds left.
|inactive|impersonxtor has 270 seconds left.
|
|t:|1779571954
|move|p1a: Ogerpon|Ivy Cudgel|p2a: Ting-Lu|[anim] Ivy Cudgel Water
|-supereffective|p2a: Ting-Lu
|-damage|p2a: Ting-Lu|39/100
|move|p2a: Ting-Lu|Ruination|p1a: Ogerpon
|-damage|p1a: Ogerpon|51/100
|
|-heal|p2a: Ting-Lu|45/100|[from] item: Leftovers
|upkeep
|turn|10
|
|t:|1779571963
|switch|p1a: Pelipper|Pelipper, M|100/100
|-weather|RainDance|[from] ability: Drizzle|[of] p1a: Pelipper
|switch|p2a: Pecharunt|Pecharunt|84/100
|
|-weather|RainDance|[upkeep]
|upkeep
|turn|11
|inactive|impersonxtor has 270 seconds left.
|
|t:|1779571969
|move|p2a: Pecharunt|Malignant Chain|p1a: Pelipper
|-damage|p1a: Pelipper|70/100
|-status|p1a: Pelipper|tox
|-start|p1a: Pelipper|confusion|[from] ability: Poison Puppeteer|[of] p2a: Pecharunt
|-activate|p1a: Pelipper|confusion
|-damage|p1a: Pelipper|64/100 tox|[from] confusion
|
|-weather|RainDance|[upkeep]
|-damage|p1a: Pelipper|57/100 tox|[from] psn
|upkeep
|turn|12
|inactive|impersonxtor has 270 seconds left.
|
|t:|1779571980
|move|p2a: Pecharunt|Recover|p2a: Pecharunt
|-heal|p2a: Pecharunt|100/100
|-end|p1a: Pelipper|confusion
|move|p1a: Pelipper|U-turn|p2a: Pecharunt
|-resisted|p2a: Pecharunt
|-damage|p2a: Pecharunt|99/100
|
|t:|1779571984
|switch|p1a: Raging Bolt|Raging Bolt|100/100|[from] U-turn
|
|-weather|RainDance|[upkeep]
|upkeep
|turn|13
|inactive|xdRudi.exe has 270 seconds left.
|inactive|impersonxtor has 270 seconds left.
|
|t:|1779572003
|switch|p2a: Ting-Lu|Ting-Lu|45/100
|-ability|p2a: Ting-Lu|Vessel of Ruin
|move|p1a: Raging Bolt|Draco Meteor|p2a: Ting-Lu|[miss]
|-miss|p1a: Raging Bolt|p2a: Ting-Lu
|
|-weather|RainDance|[upkeep]
|-heal|p2a: Ting-Lu|51/100|[from] item: Leftovers
|upkeep
|turn|14
|inactive|impersonxtor has 270 seconds left.
|
|t:|1779572014
|move|p1a: Raging Bolt|Weather Ball|p2a: Ting-Lu
|-supereffective|p2a: Ting-Lu
|-damage|p2a: Ting-Lu|3/100
|move|p2a: Ting-Lu|Earthquake|p1a: Raging Bolt
|-supereffective|p1a: Raging Bolt
|-damage|p1a: Raging Bolt|37/100
|
|-weather|RainDance|[upkeep]
|-heal|p2a: Ting-Lu|9/100|[from] item: Leftovers
|upkeep
|turn|15
|
|t:|1779572021
|move|p1a: Raging Bolt|Weather Ball|p2a: Ting-Lu
|-supereffective|p2a: Ting-Lu
|-damage|p2a: Ting-Lu|0 fnt
|faint|p2a: Ting-Lu
|
|-weather|RainDance|[upkeep]
|upkeep
|inactive|impersonxtor has 270 seconds left.
|
|t:|1779572042
|switch|p2a: Pecharunt|Pecharunt|99/100
|turn|16
|inactive|impersonxtor has 240 seconds left.
|
|t:|1779572079
|move|p2a: Pecharunt|Malignant Chain|p1a: Raging Bolt
|-damage|p1a: Raging Bolt|22/100
|move|p1a: Raging Bolt|Thunder|p2a: Pecharunt
|-damage|p2a: Pecharunt|44/100
|-status|p2a: Pecharunt|par
|
|-weather|RainDance|[upkeep]
|upkeep
|turn|17
|inactive|impersonxtor has 240 seconds left.
|
|t:|1779572089
|move|p1a: Raging Bolt|Thunder|p2a: Pecharunt
|-damage|p2a: Pecharunt|0 fnt
|faint|p2a: Pecharunt
|
|-weather|none
|upkeep
|inactive|impersonxtor has 240 seconds left.
|
|t:|1779572101
|switch|p2a: Walking Wake|Walking Wake|100/100
|turn|18
|inactive|impersonxtor has 240 seconds left.
|
|t:|1779572120
|-terastallize|p1a: Raging Bolt|Fairy
|move|p2a: Walking Wake|Draco Meteor|p1a: Raging Bolt
|-immune|p1a: Raging Bolt
|move|p1a: Raging Bolt|Draco Meteor|p2a: Walking Wake
|-supereffective|p2a: Walking Wake
|-damage|p2a: Walking Wake|0 fnt
|-unboost|p1a: Raging Bolt|spa|2
|faint|p2a: Walking Wake
|-end|p2a: Walking Wake|Protosynthesis|[silent]
|
|upkeep
|inactive|impersonxtor has 240 seconds left.
|
|t:|1779572149
|switch|p2a: Samurott|Samurott-Hisui, F|100/100
|turn|19
|inactive|xdRudi.exe has 270 seconds left.
|
|t:|1779572179
|move|p2a: Samurott|Ceaseless Edge|p1a: Raging Bolt
|-resisted|p1a: Raging Bolt
|-crit|p1a: Raging Bolt
|-damage|p1a: Raging Bolt|0 fnt
|-sidestart|p1: xdRudi.exe|Spikes
|faint|p1a: Raging Bolt
|-end|p1a: Raging Bolt|Protosynthesis|[silent]
|
|upkeep
|inactive|xdRudi.exe has 270 seconds left.
|
|t:|1779572186
|switch|p1a: Great Tusk|Great Tusk|100/100
|-damage|p1a: Great Tusk|88/100|[from] Spikes
|turn|20
|
|t:|1779572195
|move|p2a: Samurott|Razor Shell|p1a: Great Tusk
|-supereffective|p1a: Great Tusk
|-damage|p1a: Great Tusk|29/100
|-unboost|p1a: Great Tusk|def|1
|-damage|p2a: Samurott|84/100|[from] item: Rocky Helmet|[of] p1a: Great Tusk
|move|p1a: Great Tusk|Body Press|p2a: Samurott
|-supereffective|p2a: Samurott
|-damage|p2a: Samurott|16/100
|
|upkeep
|turn|21
|inactive|impersonxtor has 240 seconds left.
|
|t:|1779572210
|move|p2a: Samurott|Ceaseless Edge|p1a: Great Tusk
|-resisted|p1a: Great Tusk
|-damage|p1a: Great Tusk|11/100
|-damage|p2a: Samurott|0 fnt|[from] item: Rocky Helmet|[of] p1a: Great Tusk
|faint|p2a: Samurott
|move|p1a: Great Tusk|Ice Spinner|p2: Samurott|[notarget]
|-fail|p1a: Great Tusk
|
|upkeep
|
|t:|1779572212
|switch|p2a: Gholdengo|Gholdengo|100/100
|turn|22
|
|t:|1779572222
|move|p2a: Gholdengo|Shadow Ball|p1a: Great Tusk
|-crit|p1a: Great Tusk
|-damage|p1a: Great Tusk|0 fnt
|faint|p1a: Great Tusk
|-end|p1a: Great Tusk|Protosynthesis|[silent]
|
|upkeep
|inactive|xdRudi.exe has 270 seconds left.
|
|t:|1779572260
|switch|p1a: Pelipper|Pelipper, M|57/100 tox
|-weather|RainDance|[from] ability: Drizzle|[of] p1a: Pelipper
|turn|23
|inactive|xdRudi.exe has 270 seconds left.
|
|t:|1779572270
|-terastallize|p2a: Gholdengo|Ghost
|move|p2a: Gholdengo|Shadow Ball|p1a: Pelipper
|-damage|p1a: Pelipper|0 fnt
|faint|p1a: Pelipper
|
|-weather|RainDance|[upkeep]
|upkeep
|
|t:|1779572274
|switch|p1a: Gholdengo|Gholdengo|45/100
|-damage|p1a: Gholdengo|32/100|[from] Spikes
|turn|24
|
|t:|1779572281
|move|p1a: Gholdengo|Shadow Ball|p2a: Gholdengo
|-supereffective|p2a: Gholdengo
|-damage|p2a: Gholdengo|0 fnt
|faint|p2a: Gholdengo
|
|-weather|RainDance|[upkeep]
|upkeep
|
|t:|1779572285
|switch|p2a: Dragonite|Dragonite, F|54/100
|turn|25
|inactive|impersonxtor has 270 seconds left.
|
|t:|1779572319
|switch|p1a: Ogerpon|Ogerpon-Wellspring, F|51/100
|-damage|p1a: Ogerpon|38/100|[from] Spikes
|move|p2a: Dragonite|Dragon Tail|p1a: Ogerpon|[miss]
|-miss|p2a: Dragonite|p1a: Ogerpon
|
|-weather|RainDance|[upkeep]
|upkeep
|turn|26
|inactive|xdRudi.exe has 270 seconds left.
|inactive|impersonxtor has 240 seconds left.
|
|t:|1779572357
|move|p1a: Ogerpon|Play Rough|p2a: Dragonite
|-supereffective|p2a: Dragonite
|-damage|p2a: Dragonite|0 fnt
|faint|p2a: Dragonite
|
|win|xdRudi.exe
|c|☆xdRudi.exe|gg
|c|☆impersonxtor|gg
|player|p1|
|player|p1|xdRudi.exe|#wcop2025germany|
|player|p2|
|player|p1|
