|j|☆waha8
|j|☆the800aleatori0
|t:|1779718527
|gametype|singles
|player|p1|waha8|266|1452
|player|p2|the800aleatori0|cheren-gen5bw2|1507
|gen|9
|tier|[Gen 9] OU
|rated|
|rule|HP Percentage Mod: HP is shown in percentages
|rule|Endless Battle Clause: Forcing endless battles is banned
|rule|Species Clause: Limit one of each Pokémon
|rule|OHKO Clause: OHKO moves are banned
|rule|Evasion Items Clause: Evasion items are banned
|rule|Evasion Moves Clause: Evasion moves are banned
|rule|Evasion Abilities Clause: Evasion abilities are banned
|rule|Sleep Moves Clause: Sleep-inducing moves are banned
|clearpoke
|poke|p1|Indeedee, M|
|poke|p1|Samurott-Hisui, M|
|poke|p1|Dragapult, M|
|poke|p1|Slowking-Galar, F|
|poke|p1|Iron Boulder|
|poke|p1|Empoleon, M|
|poke|p2|Gliscor, M|
|poke|p2|Gholdengo|
|poke|p2|Zapdos-Galar|
|poke|p2|Ogerpon-Wellspring, F|
|poke|p2|Iron Valiant|
|poke|p2|Cinderace, M|
|teampreview
|inactive|Battle timer is ON: inactive players will automatically lose when time's up. (requested by the800aleatori0)
|
|t:|1779718541
|teamsize|p1|6
|teamsize|p2|6
|start
|switch|p1a: Tailwhip|Dragapult, M|100/100
|switch|p2a: Gliscor|Gliscor, M|100/100
|turn|1
|
|t:|1779718550
|move|p2a: Gliscor|Protect|p2a: Gliscor
|-singleturn|p2a: Gliscor|Protect
|move|p1a: Tailwhip|Will-O-Wisp|p2a: Gliscor
|-activate|p2a: Gliscor|move: Protect
|
|-status|p2a: Gliscor|tox|[from] item: Toxic Orb
|upkeep
|turn|2
|
|t:|1779718557
|switch|p1a: DeeDee|Indeedee, M|100/100
|-fieldstart|move: Psychic Terrain|[from] ability: Psychic Surge|[of] p1a: DeeDee
|move|p2a: Gliscor|Stealth Rock|p1a: DeeDee
|-sidestart|p1: waha8|move: Stealth Rock
|
|upkeep
|turn|3
|
|t:|1779718563
|move|p2a: Gliscor|Protect|p2a: Gliscor
|-singleturn|p2a: Gliscor|Protect
|move|p1a: DeeDee|Expanding Force|p2a: Gliscor
|-activate|p2a: Gliscor|move: Protect
|
|upkeep
|turn|4
|
|t:|1779718568
|move|p1a: DeeDee|Expanding Force|p2a: Gliscor
|-damage|p2a: Gliscor|8/100 tox
|move|p2a: Gliscor|Earthquake|p1a: DeeDee
|-damage|p1a: DeeDee|36/100
|
|-heal|p2a: Gliscor|21/100 tox|[from] ability: Poison Heal
|upkeep
|turn|5
|
|t:|1779718575
|move|p2a: Gliscor|Protect|p2a: Gliscor
|-singleturn|p2a: Gliscor|Protect
|move|p1a: DeeDee|Expanding Force|p2a: Gliscor
|-activate|p2a: Gliscor|move: Protect
|
|-heal|p2a: Gliscor|33/100 tox|[from] ability: Poison Heal
|upkeep
|turn|6
|
|t:|1779718582
|switch|p2a: Gholdengo|Gholdengo|100/100
|move|p1a: DeeDee|Expanding Force|p2a: Gholdengo
|-resisted|p2a: Gholdengo
|-damage|p2a: Gholdengo|60/100
|
|upkeep
|turn|7
|
|t:|1779718587
|switch|p1a: Sam|Samurott-Hisui, M|100/100
|-damage|p1a: Sam|88/100|[from] Stealth Rock
|move|p2a: Gholdengo|Make It Rain|p1a: Sam
|-resisted|p1a: Sam
|-damage|p1a: Sam|42/100
|-unboost|p2a: Gholdengo|spa|1
|
|upkeep
|turn|8
|
|t:|1779718596
|switch|p2a: Zapdos|Zapdos-Galar|100/100
|move|p1a: Sam|Ceaseless Edge|p2a: Zapdos
|-resisted|p2a: Zapdos
|-damage|p2a: Zapdos|71/100
|-sidestart|p2: the800aleatori0|Spikes
|
|upkeep
|turn|9
|
|t:|1779718603
|move|p2a: Zapdos|U-turn|p1a: Sam
|-supereffective|p1a: Sam
|-damage|p1a: Sam|0 fnt
|faint|p1a: Sam
|
|t:|1779718608
|switch|p2a: Gliscor|Gliscor, M|33/100 tox|[from] U-turn
|
|-heal|p2a: Gliscor|46/100 tox|[from] ability: Poison Heal
|-fieldend|move: Psychic Terrain
|upkeep
|
|t:|1779718614
|switch|p1a: DeeDee|Indeedee, M|36/100
|-damage|p1a: DeeDee|23/100|[from] Stealth Rock
|-fieldstart|move: Psychic Terrain|[from] ability: Psychic Surge|[of] p1a: DeeDee
|turn|10
|
|t:|1779718619
|move|p2a: Gliscor|Protect|p2a: Gliscor
|-singleturn|p2a: Gliscor|Protect
|move|p1a: DeeDee|Expanding Force|p2a: Gliscor
|-activate|p2a: Gliscor|move: Protect
|
|-heal|p2a: Gliscor|58/100 tox|[from] ability: Poison Heal
|upkeep
|turn|11
|
|t:|1779718625
|move|p1a: DeeDee|Expanding Force|p2a: Gliscor
|-damage|p2a: Gliscor|0 fnt
|faint|p2a: Gliscor
|
|upkeep
|
|t:|1779718630
|switch|p2a: Gholdengo|Gholdengo|60/100
|-damage|p2a: Gholdengo|47/100|[from] Spikes
|turn|12
|
|t:|1779718634
|switch|p1a: Lvl_Up|Empoleon, M|100/100
|-damage|p1a: Lvl_Up|94/100|[from] Stealth Rock
|move|p2a: Gholdengo|Make It Rain|p1a: Lvl_Up
|-resisted|p1a: Lvl_Up
|-damage|p1a: Lvl_Up|79/100
|-unboost|p2a: Gholdengo|spa|1
|
|-heal|p1a: Lvl_Up|85/100|[from] item: Leftovers
|upkeep
|turn|13
|
|t:|1779718644
|switch|p2a: Ogerpon|Ogerpon-Wellspring, F|100/100
|-damage|p2a: Ogerpon|88/100|[from] Spikes
|move|p1a: Lvl_Up|Stealth Rock|p2a: Ogerpon
|-sidestart|p2: the800aleatori0|move: Stealth Rock
|
|-heal|p1a: Lvl_Up|91/100|[from] item: Leftovers
|upkeep
|turn|14
|
|t:|1779718653
|switch|p1a: Tailwhip|Dragapult, M|100/100
|-damage|p1a: Tailwhip|88/100|[from] Stealth Rock
|move|p2a: Ogerpon|Swords Dance|p2a: Ogerpon
|-boost|p2a: Ogerpon|atk|2
|
|upkeep
|turn|15
|
|t:|1779718664
|-terastallize|p1a: Tailwhip|Dragon
|move|p1a: Tailwhip|Dragon Darts|p2a: Ogerpon
|-damage|p2a: Ogerpon|28/100
|-anim|p1a: Tailwhip|Dragon Darts|p2a: Ogerpon
|-damage|p2a: Ogerpon|0 fnt
|faint|p2a: Ogerpon
|
|upkeep
|
|t:|1779718686
|switch|p2a: Iron Valiant|Iron Valiant|100/100
|-damage|p2a: Iron Valiant|88/100|[from] Spikes
|-damage|p2a: Iron Valiant|82/100|[from] Stealth Rock
|-enditem|p2a: Iron Valiant|Booster Energy
|-activate|p2a: Iron Valiant|ability: Quark Drive|[fromitem]
|-start|p2a: Iron Valiant|quarkdrivespe
|turn|16
|
|t:|1779718694
|switch|p1a: Lvl_Up|Empoleon, M|91/100
|-damage|p1a: Lvl_Up|85/100|[from] Stealth Rock
|move|p2a: Iron Valiant|Moonblast|p1a: Lvl_Up
|-resisted|p1a: Lvl_Up
|-damage|p1a: Lvl_Up|63/100
|
|-heal|p1a: Lvl_Up|69/100|[from] item: Leftovers
|upkeep
|turn|17
|
|t:|1779718708
|move|p2a: Iron Valiant|Close Combat|p1a: Lvl_Up
|-supereffective|p1a: Lvl_Up
|-damage|p1a: Lvl_Up|0 fnt
|-unboost|p2a: Iron Valiant|def|1
|-unboost|p2a: Iron Valiant|spd|1
|faint|p1a: Lvl_Up
|
|-fieldend|move: Psychic Terrain
|upkeep
|
|t:|1779718715
|switch|p1a: SageOfSixPaths|Slowking-Galar, F|100/100
|-damage|p1a: SageOfSixPaths|88/100|[from] Stealth Rock
|turn|18
|
|t:|1779718719
|-end|p2a: Iron Valiant|Quark Drive|[silent]
|switch|p2a: Gholdengo|Gholdengo|47/100
|-damage|p2a: Gholdengo|35/100|[from] Spikes
|-damage|p2a: Gholdengo|29/100|[from] Stealth Rock
|move|p1a: SageOfSixPaths|Trick Room|p1a: SageOfSixPaths
|-fieldstart|move: Trick Room|[of] p1a: SageOfSixPaths
|
|upkeep
|turn|19
|
|t:|1779718728
|switch|p1a: DeeDee|Indeedee, M|23/100
|-damage|p1a: DeeDee|11/100|[from] Stealth Rock
|-fieldstart|move: Psychic Terrain|[from] ability: Psychic Surge|[of] p1a: DeeDee
|move|p2a: Gholdengo|Shadow Ball|p1a: DeeDee
|-immune|p1a: DeeDee
|
|upkeep
|turn|20
|
|t:|1779718740
|move|p1a: DeeDee|Expanding Force|p2a: Gholdengo
|-resisted|p2a: Gholdengo
|-damage|p2a: Gholdengo|0 fnt
|faint|p2a: Gholdengo
|
|upkeep
|
|t:|1779718743
|switch|p2a: Cinderace|Cinderace, M|100/100
|turn|21
|
|t:|1779718746
|move|p2a: Cinderace|Sucker Punch|p1a: DeeDee
|-start|p2a: Cinderace|typechange|Dark|[from] ability: Libero
|-activate|p1a: DeeDee|move: Psychic Terrain
|move|p1a: DeeDee|Expanding Force|p2a: Cinderace
|-immune|p2a: Cinderace
|
|upkeep
|turn|22
|
|t:|1779718752
|move|p1a: DeeDee|Encore|p2a: Cinderace
|-start|p2a: Cinderace|Encore
|move|p2a: Cinderace|Sucker Punch||[still]
|-fail|p2a: Cinderace
|
|-fieldend|move: Trick Room
|upkeep
|turn|23
|
|t:|1779718758
|switch|p1a: SageOfSixPaths|Slowking-Galar, F|100/100
|-damage|p1a: SageOfSixPaths|88/100|[from] Stealth Rock
|move|p2a: Cinderace|Sucker Punch||[still]
|-fail|p2a: Cinderace
|
|upkeep
|turn|24
|
|t:|1779718763
|move|p2a: Cinderace|Sucker Punch||[still]
|-fail|p2a: Cinderace
|move|p1a: SageOfSixPaths|Trick Room|p1a: SageOfSixPaths
|-fieldstart|move: Trick Room|[of] p1a: SageOfSixPaths
|
|-end|p2a: Cinderace|Encore
|upkeep
|turn|25
|
|t:|1779718768
|move|p1a: SageOfSixPaths|Sludge Wave|p2a: Cinderace
|-damage|p2a: Cinderace|5/100
|-damage|p1a: SageOfSixPaths|78/100|[from] item: Life Orb
|move|p2a: Cinderace|Pyro Ball|p1a: SageOfSixPaths|[miss]
|-miss|p2a: Cinderace|p1a: SageOfSixPaths
|
|upkeep
|turn|26
|
|t:|1779718774
|move|p1a: SageOfSixPaths|Sludge Wave|p2a: Cinderace
|-damage|p2a: Cinderace|0 fnt
|faint|p2a: Cinderace
|-damage|p1a: SageOfSixPaths|68/100|[from] item: Life Orb
|
|-fieldend|move: Psychic Terrain
|upkeep
|
|t:|1779718778
|switch|p2a: Zapdos|Zapdos-Galar|71/100
|-damage|p2a: Zapdos|58/100|[from] Stealth Rock
|turn|27
|
|t:|1779718783
|move|p1a: SageOfSixPaths|Expanding Force|p2a: Zapdos
|-supereffective|p2a: Zapdos
|-damage|p2a: Zapdos|0 fnt
|faint|p2a: Zapdos
|-damage|p1a: SageOfSixPaths|58/100|[from] item: Life Orb
|
|upkeep
|-message|the800aleatori0 forfeited.
|
|win|waha8
|raw|waha8's rating: 1452 &rarr; <strong>1475</strong><br />(+23 for winning)
|raw|the800aleatori0's rating: 1507 &rarr; <strong>1484</strong><br />(-23 for losing)
|l|☆the800aleatori0
|player|p2|
