|j|☆abGodc
|j|☆superstar
|t:|1779634901
|gametype|singles
|player|p1|abGodc|iris-gen5bw2|1571
|player|p2|superstar|265|1629
|gen|9
|tier|[Gen 9] OU
|rated|
|rule|HP Percentage Mod: HP is shown in percentages
|rule|Endless Battle Clause: Forcing endless battles is banned
|rule|Species Clause: Limit one of each Pokémon
|rule|OHKO Clause: OHKO moves are banned
|rule|Evasion Items Clause: Evasion items are banned
|rule|Evasion Moves Clause: Evasion moves are banned
|rule|Evasion Abilities Clause: Evasion abilities are banned
|rule|Sleep Moves Clause: Sleep-inducing moves are banned
|clearpoke
|poke|p1|Raging Bolt|
|poke|p1|Iron Treads|
|poke|p1|Ting-Lu|
|poke|p1|Gholdengo|
|poke|p1|Zamazenta-*|
|poke|p1|Tornadus-Therian, M|
|poke|p2|Araquanid, F|
|poke|p2|Pecharunt|
|poke|p2|Gholdengo|
|poke|p2|Ogerpon-Wellspring, F|
|poke|p2|Raging Bolt|
|poke|p2|Samurott-Hisui, F|
|teampreview
|l|☆abGodc
|player|p1|
|j|☆abGodc
|player|p1|abGodc|iris-gen5bw2|
|inactive|Battle timer is ON: inactive players will automatically lose when time's up. (requested by abGodc)
|
|t:|1779634956
|teamsize|p1|6
|teamsize|p2|6
|start
|switch|p1a: BIRD UP|Tornadus-Therian, M|100/100
|switch|p2a: Araquanid|Araquanid, F|100/100
|turn|1
|
|t:|1779634960
|move|p1a: BIRD UP|Nasty Plot|p1a: BIRD UP
|-boost|p1a: BIRD UP|spa|2
|move|p2a: Araquanid|Sticky Web|p1a: BIRD UP
|-sidestart|p1: abGodc|move: Sticky Web
|
|upkeep
|turn|2
|
|t:|1779634962
|move|p2a: Araquanid|Endure|p2a: Araquanid
|-singleturn|p2a: Araquanid|move: Endure
|move|p1a: BIRD UP|Bleakwind Storm|p2a: Araquanid
|-supereffective|p2a: Araquanid
|-activate|p2a: Araquanid|move: Endure
|-damage|p2a: Araquanid|1/100
|-unboost|p2a: Araquanid|spe|1
|-damage|p1a: BIRD UP|91/100|[from] item: Life Orb
|
|upkeep
|turn|3
|-enditem|p2a: Araquanid|Custap Berry|[eat]
|-activate|p2a: Araquanid|item: Custap Berry|[consumed]
|
|t:|1779634966
|switch|p1a: Golden Joey|Gholdengo|100/100
|-item|p1a: Golden Joey|Air Balloon
|move|p2a: Araquanid|Endeavor|p1a: Golden Joey
|-immune|p1a: Golden Joey
|
|upkeep
|turn|4
|
|t:|1779634969
|move|p1a: Golden Joey|Shadow Ball|p2a: Araquanid
|-crit|p2a: Araquanid
|-damage|p2a: Araquanid|0 fnt
|faint|p2a: Araquanid
|
|upkeep
|
|t:|1779634973
|switch|p2a: Samurott|Samurott-Hisui, F|100/100
|turn|5
|
|t:|1779634977
|switch|p1a: Big Dawg|Zamazenta|100/100
|-activate|p1a: Big Dawg|move: Sticky Web
|-unboost|p1a: Big Dawg|spe|1
|-ability|p1a: Big Dawg|Dauntless Shield|boost
|-boost|p1a: Big Dawg|def|1
|move|p2a: Samurott|Ceaseless Edge|p1a: Big Dawg
|-resisted|p1a: Big Dawg
|-damage|p1a: Big Dawg|83/100
|-sidestart|p1: abGodc|Spikes
|
|-heal|p1a: Big Dawg|89/100|[from] item: Leftovers
|upkeep
|turn|6
|
|t:|1779634982
|switch|p2a: Pecharunt|Pecharunt|100/100
|switch|p1a: Treadasauras Rex|Iron Treads|100/100
|-activate|p1a: Treadasauras Rex|move: Sticky Web
|-unboost|p1a: Treadasauras Rex|spe|1
|-damage|p1a: Treadasauras Rex|88/100|[from] Spikes
|-enditem|p1a: Treadasauras Rex|Booster Energy
|-activate|p1a: Treadasauras Rex|ability: Quark Drive|[fromitem]
|-start|p1a: Treadasauras Rex|quarkdriveatk
|
|upkeep
|turn|7
|
|t:|1779634990
|move|p2a: Pecharunt|Shadow Ball|p1a: Treadasauras Rex
|-damage|p1a: Treadasauras Rex|41/100
|move|p1a: Treadasauras Rex|Ice Spinner|p2a: Pecharunt
|-damage|p2a: Pecharunt|77/100
|
|upkeep
|turn|8
|
|t:|1779634994
|move|p2a: Pecharunt|Shadow Ball|p1a: Treadasauras Rex
|-damage|p1a: Treadasauras Rex|0 fnt
|faint|p1a: Treadasauras Rex
|-end|p1a: Treadasauras Rex|Quark Drive|[silent]
|
|upkeep
|
|t:|1779634999
|switch|p1a: Beijing Bolt|Raging Bolt|100/100
|-activate|p1a: Beijing Bolt|move: Sticky Web
|-unboost|p1a: Beijing Bolt|spe|1
|-damage|p1a: Beijing Bolt|88/100|[from] Spikes
|-enditem|p1a: Beijing Bolt|Booster Energy
|-activate|p1a: Beijing Bolt|ability: Protosynthesis|[fromitem]
|-start|p1a: Beijing Bolt|protosynthesisspa
|turn|9
|
|t:|1779635008
|move|p2a: Pecharunt|Malignant Chain|p1a: Beijing Bolt
|-damage|p1a: Beijing Bolt|57/100
|move|p1a: Beijing Bolt|Dragon Pulse|p2a: Pecharunt
|-damage|p2a: Pecharunt|0 fnt
|faint|p2a: Pecharunt
|
|upkeep
|j| kanaete onegai
|
|t:|1779635021
|switch|p2a: Ogerpon|Ogerpon-Wellspring, F|100/100
|turn|10
|
|t:|1779635023
|move|p2a: Ogerpon|Play Rough|p1a: Beijing Bolt
|-supereffective|p1a: Beijing Bolt
|-damage|p1a: Beijing Bolt|3/100
|move|p1a: Beijing Bolt|Thunderbolt|p2a: Ogerpon
|-damage|p2a: Ogerpon|13/100
|
|upkeep
|turn|11
|
|t:|1779635034
|move|p2a: Ogerpon|Ivy Cudgel|p1a: Beijing Bolt|[anim] Ivy Cudgel Water
|-resisted|p1a: Beijing Bolt
|-damage|p1a: Beijing Bolt|0 fnt
|faint|p1a: Beijing Bolt
|-end|p1a: Beijing Bolt|Protosynthesis|[silent]
|
|upkeep
|
|t:|1779635039
|switch|p1a: BIRD UP|Tornadus-Therian, M|100/100
|turn|12
|
|t:|1779635046
|switch|p2a: Raging Bolt|Raging Bolt|100/100
|-enditem|p2a: Raging Bolt|Booster Energy
|-activate|p2a: Raging Bolt|ability: Protosynthesis|[fromitem]
|-start|p2a: Raging Bolt|protosynthesisspa
|move|p1a: BIRD UP|Dark Pulse|p2a: Raging Bolt
|-damage|p2a: Raging Bolt|72/100
|-damage|p1a: BIRD UP|91/100|[from] item: Life Orb
|
|upkeep
|turn|13
|
|t:|1779635051
|switch|p1a: 2-3 Years Dagestan|Ting-Lu|100/100
|-activate|p1a: 2-3 Years Dagestan|move: Sticky Web
|-unboost|p1a: 2-3 Years Dagestan|spe|1
|-damage|p1a: 2-3 Years Dagestan|88/100|[from] Spikes
|-ability|p1a: 2-3 Years Dagestan|Vessel of Ruin
|-end|p2a: Raging Bolt|Protosynthesis|[silent]
|switch|p2a: Ogerpon|Ogerpon-Wellspring, F|13/100
|
|upkeep
|turn|14
|
|t:|1779635056
|move|p2a: Ogerpon|Ivy Cudgel|p1a: 2-3 Years Dagestan|[anim] Ivy Cudgel Water
|-supereffective|p1a: 2-3 Years Dagestan
|-damage|p1a: 2-3 Years Dagestan|23/100
|-enditem|p1a: 2-3 Years Dagestan|Weakness Policy
|-boost|p1a: 2-3 Years Dagestan|atk|2|[from] item: Weakness Policy
|-boost|p1a: 2-3 Years Dagestan|spa|2|[from] item: Weakness Policy
|move|p1a: 2-3 Years Dagestan|Payback|p2a: Ogerpon
|-damage|p2a: Ogerpon|0 fnt
|faint|p2a: Ogerpon
|
|upkeep
|
|t:|1779635061
|switch|p2a: Samurott|Samurott-Hisui, F|100/100
|turn|15
|
|t:|1779635064
|move|p2a: Samurott|Razor Shell|p1a: 2-3 Years Dagestan
|-supereffective|p1a: 2-3 Years Dagestan
|-damage|p1a: 2-3 Years Dagestan|0 fnt
|faint|p1a: 2-3 Years Dagestan
|
|upkeep
|
|t:|1779635067
|switch|p1a: BIRD UP|Tornadus-Therian, M|100/100
|turn|16
|
|t:|1779635071
|move|p1a: BIRD UP|Focus Blast|p2a: Samurott
|-supereffective|p2a: Samurott
|-damage|p2a: Samurott|0 fnt
|faint|p2a: Samurott
|-damage|p1a: BIRD UP|91/100|[from] item: Life Orb
|
|upkeep
|
|t:|1779635075
|switch|p2a: Raging Bolt|Raging Bolt|72/100
|turn|17
|
|t:|1779635080
|switch|p1a: Big Dawg|Zamazenta|89/100
|-activate|p1a: Big Dawg|move: Sticky Web
|-unboost|p1a: Big Dawg|spe|1
|-damage|p1a: Big Dawg|77/100|[from] Spikes
|move|p2a: Raging Bolt|Thunderbolt|p1a: Big Dawg
|-damage|p1a: Big Dawg|29/100
|
|-heal|p1a: Big Dawg|36/100|[from] item: Leftovers
|upkeep
|turn|18
|
|t:|1779635092
|-end|p2a: Raging Bolt|Protosynthesis|[silent]
|switch|p2a: Gholdengo|Gholdengo|100/100
|-item|p2a: Gholdengo|Air Balloon
|move|p1a: Big Dawg|Body Press|p2a: Gholdengo
|-immune|p2a: Gholdengo
|
|-heal|p1a: Big Dawg|42/100|[from] item: Leftovers
|upkeep
|turn|19
|
|t:|1779635097
|move|p2a: Gholdengo|Make It Rain|p1a: Big Dawg
|-damage|p1a: Big Dawg|0 fnt
|-unboost|p2a: Gholdengo|spa|1
|faint|p1a: Big Dawg
|
|upkeep
|
|t:|1779635099
|switch|p1a: BIRD UP|Tornadus-Therian, M|100/100
|turn|20
|
|t:|1779635103
|switch|p2a: Raging Bolt|Raging Bolt|72/100
|move|p1a: BIRD UP|Nasty Plot|p1a: BIRD UP
|-boost|p1a: BIRD UP|spa|2
|
|upkeep
|turn|21
|
|t:|1779635106
|-terastallize|p1a: BIRD UP|Dark
|move|p2a: Raging Bolt|Thunderclap|p1a: BIRD UP
|-crit|p1a: BIRD UP
|-damage|p1a: BIRD UP|20/100
|move|p1a: BIRD UP|Dark Pulse|p2a: Raging Bolt
|-damage|p2a: Raging Bolt|0 fnt
|faint|p2a: Raging Bolt
|-end|p2a: Raging Bolt|Protosynthesis|[silent]
|-damage|p1a: BIRD UP|11/100|[from] item: Life Orb
|
|upkeep
|
|t:|1779635110
|switch|p2a: Gholdengo|Gholdengo|100/100
|-item|p2a: Gholdengo|Air Balloon
|turn|22
|
|t:|1779635115
|-terastallize|p2a: Gholdengo|Fairy
|move|p1a: BIRD UP|Dark Pulse|p2a: Gholdengo
|-resisted|p2a: Gholdengo
|-damage|p2a: Gholdengo|49/100
|-enditem|p2a: Gholdengo|Air Balloon
|-damage|p1a: BIRD UP|1/100|[from] item: Life Orb
|move|p2a: Gholdengo|Shadow Ball|p1a: BIRD UP
|-resisted|p1a: BIRD UP
|-damage|p1a: BIRD UP|0 fnt
|faint|p1a: BIRD UP
|
|upkeep
|
|t:|1779635116
|switch|p1a: Golden Joey|Gholdengo|100/100
|-item|p1a: Golden Joey|Air Balloon
|turn|23
|
|t:|1779635119
|move|p2a: Gholdengo|Shadow Ball|p1a: Golden Joey
|-supereffective|p1a: Golden Joey
|-crit|p1a: Golden Joey
|-damage|p1a: Golden Joey|0 fnt
|-enditem|p1a: Golden Joey|Air Balloon
|faint|p1a: Golden Joey
|
|win|superstar
|raw|abGodc's rating: 1571 &rarr; <strong>1554</strong><br />(-17 for losing)
|raw|superstar's rating: 1629 &rarr; <strong>1646</strong><br />(+17 for winning)
|l|☆superstar
|player|p2|
|c|☆abGodc|Ok
|l| kanaete onegai
