|j|☆ShakWasTaken
|j|☆AZZBoi
|t:|1779688379
|gametype|singles
|player|p1|ShakWasTaken|n|1117
|player|p2|AZZBoi|102|1160
|gen|9
|tier|[Gen 9] OU
|rated|
|rule|HP Percentage Mod: HP is shown in percentages
|rule|Endless Battle Clause: Forcing endless battles is banned
|rule|Species Clause: Limit one of each Pokémon
|rule|OHKO Clause: OHKO moves are banned
|rule|Evasion Items Clause: Evasion items are banned
|rule|Evasion Moves Clause: Evasion moves are banned
|rule|Evasion Abilities Clause: Evasion abilities are banned
|rule|Sleep Moves Clause: Sleep-inducing moves are banned
|clearpoke
|poke|p1|Glaceon, F|
|poke|p1|Greninja-*, M|
|poke|p1|Meowscarada, M|
|poke|p1|Garchomp, F|
|poke|p1|Gengar, F|
|poke|p1|Incineroar, F|
|poke|p2|Feraligatr, M|
|poke|p2|Typhlosion-Hisui, F|
|poke|p2|Garganacl, F|
|poke|p2|Kingambit, M|
|poke|p2|Gholdengo|
|poke|p2|Deoxys-Speed|
|teampreview
|inactive|Battle timer is ON: inactive players will automatically lose when time's up. (requested by AZZBoi)
|
|t:|1779688389
|teamsize|p1|6
|teamsize|p2|6
|start
|switch|p1a: Fleur|Meowscarada, M|100/100
|switch|p2a: Deoxys|Deoxys-Speed|100/100
|-ability|p2a: Deoxys|Pressure
|turn|1
|
|t:|1779688413
|move|p1a: Fleur|Knock Off|p2a: Deoxys
|-start|p1a: Fleur|typechange|Dark|[from] ability: Protean
|-supereffective|p2a: Deoxys
|-damage|p2a: Deoxys|0 fnt
|-enditem|p2a: Deoxys|Red Card|[from] move: Knock Off|[of] p1a: Fleur
|faint|p2a: Deoxys
|
|upkeep
|
|t:|1779688426
|switch|p2a: Garganacl|Garganacl, F|100/100
|turn|2
|
|t:|1779688436
|move|p1a: Fleur|Knock Off|p2a: Garganacl
|-damage|p2a: Garganacl|77/100
|-enditem|p2a: Garganacl|Leftovers|[from] move: Knock Off|[of] p1a: Fleur
|move|p2a: Garganacl|Salt Cure|p1a: Fleur
|-crit|p1a: Fleur
|-damage|p1a: Fleur|70/100
|-start|p1a: Fleur|Salt Cure
|
|-damage|p1a: Fleur|58/100|[from] Salt Cure
|upkeep
|turn|3
|
|t:|1779688447
|switch|p1a: Incineroar|Incineroar, F|100/100
|-ability|p1a: Incineroar|Intimidate|boost
|-unboost|p2a: Garganacl|atk|1
|move|p2a: Garganacl|Iron Defense|p2a: Garganacl
|-boost|p2a: Garganacl|def|2
|
|upkeep
|turn|4
|
|t:|1779688456
|move|p1a: Incineroar|Will-O-Wisp|p2a: Garganacl
|-immune|p2a: Garganacl|[from] ability: Purifying Salt
|move|p2a: Garganacl|Body Press|p1a: Incineroar
|-supereffective|p1a: Incineroar
|-damage|p1a: Incineroar|0 fnt
|faint|p1a: Incineroar
|
|upkeep
|
|t:|1779688474
|switch|p1a: Garchomp|Garchomp, F|100/100
|turn|5
|
|t:|1779688478
|move|p1a: Garchomp|Swords Dance|p1a: Garchomp
|-boost|p1a: Garchomp|atk|2
|move|p2a: Garganacl|Salt Cure|p1a: Garchomp
|-resisted|p1a: Garchomp
|-damage|p1a: Garchomp|95/100
|-start|p1a: Garchomp|Salt Cure
|
|-damage|p1a: Garchomp|83/100|[from] Salt Cure
|upkeep
|turn|6
|
|t:|1779688490
|-terastallize|p2a: Garganacl|Ghost
|move|p1a: Garchomp|Iron Head|p2a: Garganacl
|-damage|p2a: Garganacl|64/100
|move|p2a: Garganacl|Iron Defense|p2a: Garganacl
|-boost|p2a: Garganacl|def|2
|
|-damage|p1a: Garchomp|71/100|[from] Salt Cure
|upkeep
|turn|7
|
|t:|1779688501
|move|p1a: Garchomp|Scale Shot|p2a: Garganacl
|-damage|p2a: Garganacl|59/100
|-crit|p2a: Garganacl
|-damage|p2a: Garganacl|39/100
|-damage|p2a: Garganacl|34/100
|-damage|p2a: Garganacl|30/100
|-damage|p2a: Garganacl|25/100
|-hitcount|p2a: Garganacl|5
|-unboost|p1a: Garchomp|def|1
|-boost|p1a: Garchomp|spe|1
|move|p2a: Garganacl|Body Press|p1a: Garchomp
|-damage|p1a: Garchomp|0 fnt
|-damage|p2a: Garganacl|13/100|[from] ability: Rough Skin|[of] p1a: Garchomp
|faint|p1a: Garchomp
|
|upkeep
|
|t:|1779688519
|switch|p1a: Gengar|Gengar, F|100/100
|turn|8
|
|t:|1779688526
|move|p2a: Garganacl|Protect|p2a: Garganacl
|-singleturn|p2a: Garganacl|Protect
|move|p1a: Gengar|Shadow Ball|p2a: Garganacl
|-activate|p2a: Garganacl|move: Protect
|
|upkeep
|turn|9
|
|t:|1779688534
|move|p1a: Gengar|Shadow Ball|p2a: Garganacl
|-supereffective|p2a: Garganacl
|-damage|p2a: Garganacl|0 fnt
|faint|p2a: Garganacl
|
|upkeep
|
|t:|1779688537
|switch|p2a: Kingambit|Kingambit, M|100/100
|-activate|p2a: Kingambit|ability: Supreme Overlord
|-start|p2a: Kingambit|fallen2|[silent]
|turn|10
|
|t:|1779688545
|move|p1a: Gengar|Nasty Plot|p1a: Gengar
|-boost|p1a: Gengar|spa|2
|move|p2a: Kingambit|Swords Dance|p2a: Kingambit
|-boost|p2a: Kingambit|atk|2
|
|upkeep
|turn|11
|
|t:|1779688554
|move|p2a: Kingambit|Sucker Punch||[still]
|-fail|p2a: Kingambit
|move|p1a: Gengar|Nasty Plot|p1a: Gengar
|-boost|p1a: Gengar|spa|2
|
|upkeep
|turn|12
|
|t:|1779688561
|move|p2a: Kingambit|Sucker Punch|p1a: Gengar
|-supereffective|p1a: Gengar
|-enditem|p1a: Gengar|Colbur Berry|[eat]
|-enditem|p1a: Gengar|Colbur Berry|[weaken]
|-damage|p1a: Gengar|0 fnt
|-start|p2a: Kingambit|Disable|Sucker Punch|[from] ability: Cursed Body|[of] p1a: Gengar
|faint|p1a: Gengar
|-damage|p2a: Kingambit|91/100|[from] item: Life Orb
|
|upkeep
|inactive|ShakWasTaken has 120 seconds left.
|
|t:|1779688591
|switch|p1a: Greninja|Greninja, M|100/100
|turn|13
|inactive|ShakWasTaken has 120 seconds left.
|
|t:|1779688603
|move|p1a: Greninja|U-turn|p2a: Kingambit
|-damage|p2a: Kingambit|80/100
|inactive|ShakWasTaken has 120 seconds left.
|
|t:|1779688608
|switch|p1a: Fleur|Meowscarada, M|58/100|[from] U-turn
|move|p2a: Kingambit|Low Kick|p1a: Fleur
|-supereffective|p1a: Fleur
|-damage|p1a: Fleur|0 fnt
|faint|p1a: Fleur
|-damage|p2a: Kingambit|70/100|[from] item: Life Orb
|
|upkeep
|inactive|ShakWasTaken has 120 seconds left.
|c|☆AZZBoi|hahahaha
|c|☆AZZBoi|nkn
|
|t:|1779688627
|switch|p1a: Greninja|Greninja, M|100/100
|turn|14
|
|t:|1779688634
|move|p1a: Greninja|Hydro Pump|p2a: Kingambit
|-damage|p2a: Kingambit|19/100
|move|p2a: Kingambit|Low Kick|p1a: Greninja
|-supereffective|p1a: Greninja
|-damage|p1a: Greninja|0 fnt
|faint|p1a: Greninja
|-damage|p2a: Kingambit|9/100|[from] item: Life Orb
|
|upkeep
|
|t:|1779688643
|switch|p1a: Snowflake|Glaceon, F|100/100
|turn|15
|inactive|ShakWasTaken has 120 seconds left.
|
|t:|1779688658
|-terastallize|p1a: Snowflake|Ice
|move|p1a: Snowflake|Blizzard|p2a: Kingambit|[miss]
|-miss|p1a: Snowflake|p2a: Kingambit
|move|p2a: Kingambit|Iron Head|p1a: Snowflake
|-supereffective|p1a: Snowflake
|-damage|p1a: Snowflake|0 fnt
|faint|p1a: Snowflake
|-damage|p2a: Kingambit|0 fnt|[from] item: Life Orb
|faint|p2a: Kingambit
|-end|p2a: Kingambit|fallen2|[silent]
|
|win|AZZBoi
|raw|ShakWasTaken's rating: 1117 &rarr; <strong>1095</strong><br />(-22 for losing)
|raw|AZZBoi's rating: 1160 &rarr; <strong>1182</strong><br />(+22 for winning)
|l|☆AZZBoi
|player|p2|
|l|☆ShakWasTaken
|player|p1|
