|j|☆czyczyczyczy
|j|☆ipff
|t:|1779690697
|gametype|singles
|player|p1|czyczyczyczy|rosa|1271
|player|p2|ipff|hooligans|1342
|gen|9
|tier|[Gen 9] OU
|rated|
|rule|HP Percentage Mod: HP is shown in percentages
|rule|Endless Battle Clause: Forcing endless battles is banned
|rule|Species Clause: Limit one of each Pokémon
|rule|OHKO Clause: OHKO moves are banned
|rule|Evasion Items Clause: Evasion items are banned
|rule|Evasion Moves Clause: Evasion moves are banned
|rule|Evasion Abilities Clause: Evasion abilities are banned
|rule|Sleep Moves Clause: Sleep-inducing moves are banned
|clearpoke
|poke|p1|Dragonite, M|
|poke|p1|Garchomp, F|
|poke|p1|Clefable, F|
|poke|p1|Great Tusk|
|poke|p1|Thundurus, M|
|poke|p1|Iron Treads|
|poke|p2|Iron Boulder|
|poke|p2|Kingambit, M|
|poke|p2|Raging Bolt|
|poke|p2|Glimmora, M|
|poke|p2|Iron Valiant|
|poke|p2|Meowscarada, F|
|teampreview
|inactive|Battle timer is ON: inactive players will automatically lose when time's up. (requested by ipff)
|
|t:|1779690704
|teamsize|p1|6
|teamsize|p2|6
|start
|switch|p1a: Garchomp|Garchomp, F|100/100
|switch|p2a: Glimmora|Glimmora, M|100/100
|turn|1
|
|t:|1779690709
|move|p1a: Garchomp|Swords Dance|p1a: Garchomp
|-boost|p1a: Garchomp|atk|2
|move|p2a: Glimmora|Stealth Rock|p1a: Garchomp
|-sidestart|p1: czyczyczyczy|move: Stealth Rock
|
|upkeep
|turn|2
|
|t:|1779690712
|move|p1a: Garchomp|Earthquake|p2a: Glimmora
|-supereffective|p2a: Glimmora
|-enditem|p2a: Glimmora|Focus Sash
|-damage|p2a: Glimmora|1/100
|-activate|p2a: Glimmora|ability: Toxic Debris
|-sidestart|p1: czyczyczyczy|move: Toxic Spikes
|move|p2a: Glimmora|Energy Ball|p1a: Garchomp
|-damage|p1a: Garchomp|64/100
|
|upkeep
|turn|3
|
|t:|1779690716
|move|p1a: Garchomp|Scale Shot|p2a: Glimmora
|-damage|p2a: Glimmora|0 fnt
|-activate|p2a: Glimmora|ability: Toxic Debris
|-sidestart|p1: czyczyczyczy|move: Toxic Spikes
|faint|p2a: Glimmora
|-hitcount|p2: Glimmora|1
|-unboost|p1a: Garchomp|def|1
|-boost|p1a: Garchomp|spe|1
|
|upkeep
|
|t:|1779690723
|switch|p2a: Iron Boulder|Iron Boulder|100/100
|-enditem|p2a: Iron Boulder|Booster Energy
|-activate|p2a: Iron Boulder|ability: Quark Drive|[fromitem]
|-start|p2a: Iron Boulder|quarkdrivespe
|turn|4
|
|t:|1779690727
|move|p2a: Iron Boulder|Earthquake|p1a: Garchomp
|-damage|p1a: Garchomp|16/100
|move|p1a: Garchomp|Earthquake|p2a: Iron Boulder
|-supereffective|p2a: Iron Boulder
|-damage|p2a: Iron Boulder|0 fnt
|faint|p2a: Iron Boulder
|-end|p2a: Iron Boulder|Quark Drive|[silent]
|
|upkeep
|
|t:|1779690738
|switch|p2a: Kingambit|Kingambit, M|100/100
|-activate|p2a: Kingambit|ability: Supreme Overlord
|-start|p2a: Kingambit|fallen2|[silent]
|turn|5
|
|t:|1779690743
|move|p2a: Kingambit|Sucker Punch|p1a: Garchomp
|-damage|p1a: Garchomp|0 fnt
|-damage|p2a: Kingambit|88/100|[from] ability: Rough Skin|[of] p1a: Garchomp
|faint|p1a: Garchomp
|
|upkeep
|
|t:|1779690745
|switch|p1a: Iron Treads|Iron Treads|100/100
|-damage|p1a: Iron Treads|98/100|[from] Stealth Rock
|-enditem|p1a: Iron Treads|Booster Energy
|-activate|p1a: Iron Treads|ability: Quark Drive|[fromitem]
|-start|p1a: Iron Treads|quarkdrivespe
|turn|6
|
|t:|1779690756
|-terastallize|p2a: Kingambit|Dark
|move|p1a: Iron Treads|Rapid Spin|p2a: Kingambit
|-damage|p2a: Kingambit|76/100
|-boost|p1a: Iron Treads|spe|1
|-sideend|p1: czyczyczyczy|Toxic Spikes|[from] move: Rapid Spin|[of] p1a: Iron Treads
|-sideend|p1: czyczyczyczy|Stealth Rock|[from] move: Rapid Spin|[of] p1a: Iron Treads
|move|p2a: Kingambit|Swords Dance|p2a: Kingambit
|-boost|p2a: Kingambit|atk|2
|
|upkeep
|turn|7
|
|t:|1779690767
|move|p1a: Iron Treads|Stealth Rock|p2a: Kingambit
|-sidestart|p2: ipff|move: Stealth Rock
|move|p2a: Kingambit|Kowtow Cleave|p1a: Iron Treads
|-damage|p1a: Iron Treads|0 fnt
|faint|p1a: Iron Treads
|-end|p1a: Iron Treads|Quark Drive|[silent]
|
|upkeep
|
|t:|1779690772
|switch|p1a: Dragonite|Dragonite, M|100/100
|turn|8
|
|t:|1779690781
|-terastallize|p1a: Dragonite|Fire
|move|p2a: Kingambit|Kowtow Cleave|p1a: Dragonite
|-damage|p1a: Dragonite|0 fnt
|faint|p1a: Dragonite
|
|upkeep
|
|t:|1779690786
|switch|p1a: Clefable|Clefable, F|100/100
|turn|9
|
|t:|1779690789
|move|p2a: Kingambit|Iron Head|p1a: Clefable
|-supereffective|p1a: Clefable
|-damage|p1a: Clefable|0 fnt
|faint|p1a: Clefable
|
|upkeep
|
|t:|1779690793
|switch|p1a: Thundurus|Thundurus, M|100/100
|turn|10
|
|t:|1779690805
|move|p1a: Thundurus|Sunny Day|p1a: Thundurus
|-weather|SunnyDay
|move|p2a: Kingambit|Sucker Punch||[still]
|-fail|p2a: Kingambit
|
|-weather|SunnyDay|[upkeep]
|upkeep
|turn|11
|
|t:|1779690809
|move|p1a: Thundurus|Volt Switch|p2a: Kingambit
|-damage|p2a: Kingambit|34/100
|
|t:|1779690812
|switch|p1a: Great Tusk|Great Tusk|100/100|[from] Volt Switch
|-activate|p1a: Great Tusk|ability: Protosynthesis
|-start|p1a: Great Tusk|protosynthesisatk
|move|p2a: Kingambit|Kowtow Cleave|p1a: Great Tusk
|-resisted|p1a: Great Tusk
|-damage|p1a: Great Tusk|34/100
|
|-weather|SunnyDay|[upkeep]
|upkeep
|turn|12
|
|t:|1779690820
|move|p2a: Kingambit|Sucker Punch|p1a: Great Tusk
|-resisted|p1a: Great Tusk
|-crit|p1a: Great Tusk
|-damage|p1a: Great Tusk|0 fnt
|faint|p1a: Great Tusk
|-end|p1a: Great Tusk|Protosynthesis|[silent]
|
|-weather|SunnyDay|[upkeep]
|upkeep
|-message|czyczyczyczy forfeited.
|
|win|ipff
|raw|czyczyczyczy's rating: 1271 &rarr; <strong>1251</strong><br />(-20 for losing)
|raw|ipff's rating: 1342 &rarr; <strong>1358</strong><br />(+16 for winning)
|l|☆czyczyczyczy
|player|p1|
|l|☆ipff
|player|p2|
