|j|☆Chokonan07
|j|☆jsk69
|t:|1779685992
|gametype|singles
|player|p1|Chokonan07|bugcatcher-gen4dp|1114
|player|p2|jsk69|266|1187
|gen|9
|tier|[Gen 9] OU
|rated|
|rule|HP Percentage Mod: HP is shown in percentages
|rule|Endless Battle Clause: Forcing endless battles is banned
|rule|Species Clause: Limit one of each Pokémon
|rule|OHKO Clause: OHKO moves are banned
|rule|Evasion Items Clause: Evasion items are banned
|rule|Evasion Moves Clause: Evasion moves are banned
|rule|Evasion Abilities Clause: Evasion abilities are banned
|rule|Sleep Moves Clause: Sleep-inducing moves are banned
|clearpoke
|poke|p1|Incineroar, F|
|poke|p1|Rillaboom, M|
|poke|p1|Gholdengo|
|poke|p1|Dragapult, F|
|poke|p1|Primarina, M|
|poke|p1|Glimmora, M|
|poke|p2|Yanmega, F|
|poke|p2|Scizor, F|
|poke|p2|Lokix, M|
|poke|p2|Jirachi|
|poke|p2|Gliscor, F|
|poke|p2|Heatran, F|
|teampreview
|
|t:|1779686002
|teamsize|p1|6
|teamsize|p2|6
|start
|switch|p1a: Glimmora|Glimmora, M|100/100
|switch|p2a: it bugs me idk|Jirachi|100/100
|turn|1
|c|☆Chokonan07|hi
|c|☆jsk69|hi
|c|☆Chokonan07|gl
|
|t:|1779686014
|move|p2a: it bugs me idk|Trick|p1a: Glimmora
|-activate|p2a: it bugs me idk|move: Trick|[of] p1a: Glimmora
|-item|p1a: Glimmora|Choice Scarf|[from] move: Trick
|-item|p2a: it bugs me idk|Focus Sash|[from] move: Trick
|move|p1a: Glimmora|Stealth Rock|p2a: it bugs me idk
|-sidestart|p2: jsk69|move: Stealth Rock
|
|upkeep
|turn|2
|c|☆Chokonan07|damn
|c|☆jsk69|lol
|
|t:|1779686031
|switch|p1a: Incineroar|Incineroar, F, shiny|100/100
|-ability|p1a: Incineroar|Intimidate|boost
|-unboost|p2a: it bugs me idk|atk|1
|switch|p2a: goated bug|Scizor, F|100/100
|-damage|p2a: goated bug|88/100|[from] Stealth Rock
|
|upkeep
|turn|3
|
|t:|1779686043
|switch|p2a: frog eat bug|Heatran, F|100/100
|-damage|p2a: frog eat bug|88/100|[from] Stealth Rock
|move|p1a: Incineroar|Flare Blitz|p2a: frog eat bug
|-start|p2a: frog eat bug|ability: Flash Fire
|
|-heal|p2a: frog eat bug|94/100|[from] item: Leftovers
|upkeep
|turn|4
|
|t:|1779686054
|move|p1a: Incineroar|Parting Shot|p2a: frog eat bug
|-unboost|p2a: frog eat bug|atk|1
|-unboost|p2a: frog eat bug|spa|1
|
|t:|1779686059
|switch|p1a: Glimmora|Glimmora, M|100/100|[from] Parting Shot
|move|p2a: frog eat bug|Stealth Rock|p1a: Glimmora
|-sidestart|p1: Chokonan07|move: Stealth Rock
|
|-heal|p2a: frog eat bug|100/100|[from] item: Leftovers
|upkeep
|turn|5
|
|t:|1779686068
|move|p1a: Glimmora|Spikes|p2a: frog eat bug
|-sidestart|p2: jsk69|Spikes
|move|p2a: frog eat bug|Earth Power|p1a: Glimmora
|-supereffective|p1a: Glimmora
|-damage|p1a: Glimmora|0 fnt
|faint|p1a: Glimmora
|
|upkeep
|
|t:|1779686099
|switch|p1a: Primarina|Primarina, M|100/100
|-damage|p1a: Primarina|88/100|[from] Stealth Rock
|turn|6
|inactive|Battle timer is ON: inactive players will automatically lose when time's up. (requested by jsk69)
|
|t:|1779686106
|move|p2a: frog eat bug|Taunt|p1a: Primarina
|-start|p1a: Primarina|move: Taunt
|move|p1a: Primarina|Hydro Pump|p2a: frog eat bug
|-supereffective|p2a: frog eat bug
|-damage|p2a: frog eat bug|0 fnt
|faint|p2a: frog eat bug
|
|upkeep
|
|t:|1779686112
|switch|p2a: it bugs me idk|Jirachi|100/100
|-damage|p2a: it bugs me idk|94/100|[from] Stealth Rock
|-damage|p2a: it bugs me idk|82/100|[from] Spikes
|turn|7
|
|t:|1779686121
|move|p2a: it bugs me idk|Iron Head|p1a: Primarina
|-damage|p1a: Primarina|45/100
|cant|p1a: Primarina|flinch
|
|upkeep
|turn|8
|
|t:|1779686127
|move|p2a: it bugs me idk|Iron Head|p1a: Primarina
|-damage|p1a: Primarina|2/100
|cant|p1a: Primarina|flinch
|
|-end|p1a: Primarina|move: Taunt
|upkeep
|turn|9
|c|☆Chokonan07|T0T
|
|t:|1779686140
|switch|p1a: Incineroar|Incineroar, F, shiny|100/100
|-damage|p1a: Incineroar|76/100|[from] Stealth Rock
|-ability|p1a: Incineroar|Intimidate|boost
|-unboost|p2a: it bugs me idk|atk|1
|move|p2a: it bugs me idk|U-turn|p1a: Incineroar
|-damage|p1a: Incineroar|63/100
|
|t:|1779686147
|switch|p2a: Gliscor|Gliscor, F|100/100|[from] U-turn
|-damage|p2a: Gliscor|88/100|[from] Stealth Rock
|
|-status|p2a: Gliscor|tox|[from] item: Toxic Orb
|upkeep
|turn|10
|
|t:|1779686160
|move|p2a: Gliscor|Toxic|p1a: Incineroar
|-status|p1a: Incineroar|tox
|move|p1a: Incineroar|Parting Shot|p2a: Gliscor
|-unboost|p2a: Gliscor|atk|1
|-unboost|p2a: Gliscor|spa|1
|
|t:|1779686167
|switch|p1a: Rillaboom|Rillaboom, M|100/100|[from] Parting Shot
|-damage|p1a: Rillaboom|88/100|[from] Stealth Rock
|-fieldstart|move: Grassy Terrain|[from] ability: Grassy Surge|[of] p1a: Rillaboom
|
|-heal|p1a: Rillaboom|94/100|[from] Grassy Terrain
|-heal|p2a: Gliscor|100/100 tox|[from] ability: Poison Heal
|upkeep
|turn|11
|c|☆jsk69|it be like that sometimes
|
|t:|1779686179
|move|p2a: Gliscor|Toxic|p1a: Rillaboom
|-status|p1a: Rillaboom|tox
|move|p1a: Rillaboom|Wood Hammer|p2a: Gliscor
|-damage|p2a: Gliscor|49/100 tox
|-damage|p1a: Rillaboom|79/100 tox|[from] Recoil
|
|-heal|p1a: Rillaboom|85/100 tox|[from] Grassy Terrain
|-heal|p2a: Gliscor|61/100 tox|[from] ability: Poison Heal
|-damage|p1a: Rillaboom|79/100 tox|[from] psn
|upkeep
|turn|12
|
|t:|1779686190
|move|p2a: Gliscor|Protect|p2a: Gliscor
|-singleturn|p2a: Gliscor|Protect
|move|p1a: Rillaboom|Wood Hammer|p2a: Gliscor
|-activate|p2a: Gliscor|move: Protect
|
|-heal|p1a: Rillaboom|85/100 tox|[from] Grassy Terrain
|-heal|p2a: Gliscor|73/100 tox|[from] ability: Poison Heal
|-damage|p1a: Rillaboom|73/100 tox|[from] psn
|upkeep
|turn|13
|c|☆Chokonan07|damn
|
|t:|1779686202
|move|p2a: Gliscor|Rock Slide|p1a: Rillaboom
|-damage|p1a: Rillaboom|63/100 tox
|move|p1a: Rillaboom|Wood Hammer|p2a: Gliscor
|-damage|p2a: Gliscor|21/100 tox
|-damage|p1a: Rillaboom|48/100 tox|[from] Recoil
|
|-heal|p1a: Rillaboom|54/100 tox|[from] Grassy Terrain
|-heal|p2a: Gliscor|33/100 tox|[from] ability: Poison Heal
|-damage|p1a: Rillaboom|35/100 tox|[from] psn
|upkeep
|turn|14
|
|t:|1779686214
|move|p2a: Gliscor|Protect|p2a: Gliscor
|-singleturn|p2a: Gliscor|Protect
|move|p1a: Rillaboom|Wood Hammer|p2a: Gliscor
|-activate|p2a: Gliscor|move: Protect
|
|-heal|p1a: Rillaboom|42/100 tox|[from] Grassy Terrain
|-heal|p2a: Gliscor|45/100 tox|[from] ability: Poison Heal
|-damage|p1a: Rillaboom|17/100 tox|[from] psn
|-fieldend|move: Grassy Terrain
|upkeep
|turn|15
|
|t:|1779686224
|-terastallize|p1a: Rillaboom|Fire
|move|p2a: Gliscor|Earthquake|p1a: Rillaboom
|-supereffective|p1a: Rillaboom
|-damage|p1a: Rillaboom|0 fnt
|faint|p1a: Rillaboom
|
|-heal|p2a: Gliscor|58/100 tox|[from] ability: Poison Heal
|upkeep
|c|☆Chokonan07|oh my god
|
|t:|1779686238
|switch|p1a: Incineroar|Incineroar, F, shiny|63/100 tox
|-damage|p1a: Incineroar|39/100 tox|[from] Stealth Rock
|-ability|p1a: Incineroar|Intimidate|boost
|-unboost|p2a: Gliscor|atk|1
|-enditem|p1a: Incineroar|Sitrus Berry|[eat]
|-heal|p1a: Incineroar|63/100 tox|[from] item: Sitrus Berry
|turn|16
|c|☆jsk69|why tera fire
|c|☆Chokonan07|idk
|c|☆Chokonan07|adrenaline
|inactive|Chokonan07 has 120 seconds left.
|c|☆jsk69|rillaboom always terra grass choice band
|
|t:|1779686268
|move|p2a: Gliscor|Earthquake|p1a: Incineroar
|-supereffective|p1a: Incineroar
|-damage|p1a: Incineroar|33/100 tox
|move|p1a: Incineroar|Knock Off|p2a: Gliscor
|-damage|p2a: Gliscor|32/100 tox
|-enditem|p2a: Gliscor|Toxic Orb|[from] move: Knock Off|[of] p1a: Incineroar
|
|-heal|p2a: Gliscor|45/100 tox|[from] ability: Poison Heal
|-damage|p1a: Incineroar|27/100 tox|[from] psn
|upkeep
|turn|17
|c|☆jsk69|go brr
|inactive|Chokonan07 has 120 seconds left.
|
|t:|1779686281
|move|p2a: Gliscor|Earthquake|p1a: Incineroar
|-supereffective|p1a: Incineroar
|-damage|p1a: Incineroar|0 fnt
|faint|p1a: Incineroar
|
|-heal|p2a: Gliscor|57/100 tox|[from] ability: Poison Heal
|upkeep
|inactive|Chokonan07 has 120 seconds left.
|
|t:|1779686288
|switch|p1a: Primarina|Primarina, M|2/100
|-damage|p1a: Primarina|0 fnt|[from] Stealth Rock
|faint|p1a: Primarina
|inactive|Chokonan07 has 120 seconds left.
|c|☆Chokonan07|im going to lose T_T
|
|t:|1779686298
|switch|p1a: Dragapult|Dragapult, F|100/100
|turn|18
|c|☆jsk69|I have a bug themed team
|
|t:|1779686310
|move|p2a: Gliscor|Protect|p2a: Gliscor
|-singleturn|p2a: Gliscor|Protect
|move|p1a: Dragapult|Shadow Ball|p2a: Gliscor
|-activate|p2a: Gliscor|move: Protect
|
|-heal|p2a: Gliscor|69/100 tox|[from] ability: Poison Heal
|upkeep
|turn|19
|c|☆Chokonan07|i see
|
|t:|1779686320
|move|p1a: Dragapult|Shadow Ball|p2a: Gliscor
|-damage|p2a: Gliscor|32/100 tox
|move|p2a: Gliscor|Toxic|p1a: Dragapult|[miss]
|-miss|p2a: Gliscor|p1a: Dragapult
|
|-heal|p2a: Gliscor|45/100 tox|[from] ability: Poison Heal
|upkeep
|turn|20
|
|t:|1779686328
|move|p2a: Gliscor|Protect|p2a: Gliscor
|-singleturn|p2a: Gliscor|Protect
|move|p1a: Dragapult|Shadow Ball|p2a: Gliscor
|-activate|p2a: Gliscor|move: Protect
|
|-heal|p2a: Gliscor|57/100 tox|[from] ability: Poison Heal
|upkeep
|turn|21
|
|t:|1779686340
|move|p1a: Dragapult|Shadow Ball|p2a: Gliscor
|-damage|p2a: Gliscor|21/100 tox
|move|p2a: Gliscor|Toxic|p1a: Dragapult
|-status|p1a: Dragapult|tox
|
|-damage|p1a: Dragapult|95/100 tox|[from] psn
|-heal|p2a: Gliscor|33/100 tox|[from] ability: Poison Heal
|upkeep
|turn|22
|
|t:|1779686351
|move|p2a: Gliscor|Protect|p2a: Gliscor
|-singleturn|p2a: Gliscor|Protect
|move|p1a: Dragapult|Shadow Ball|p2a: Gliscor
|-activate|p2a: Gliscor|move: Protect
|
|-damage|p1a: Dragapult|83/100 tox|[from] psn
|-heal|p2a: Gliscor|45/100 tox|[from] ability: Poison Heal
|upkeep
|turn|23
|
|t:|1779686359
|move|p1a: Dragapult|Shadow Ball|p2a: Gliscor
|-damage|p2a: Gliscor|5/100 tox
|move|p2a: Gliscor|Earthquake|p1a: Dragapult
|-damage|p1a: Dragapult|60/100 tox
|
|-damage|p1a: Dragapult|42/100 tox|[from] psn
|-heal|p2a: Gliscor|17/100 tox|[from] ability: Poison Heal
|upkeep
|turn|24
|
|t:|1779686370
|move|p1a: Dragapult|Shadow Ball|p2a: Gliscor
|-damage|p2a: Gliscor|0 fnt
|faint|p2a: Gliscor
|
|-damage|p1a: Dragapult|18/100 tox|[from] psn
|upkeep
|
|t:|1779686376
|switch|p2a: goated bug|Scizor, F|88/100
|-damage|p2a: goated bug|76/100|[from] Stealth Rock
|-damage|p2a: goated bug|64/100|[from] Spikes
|turn|25
|
|t:|1779686380
|move|p1a: Dragapult|Flamethrower|p2a: goated bug
|-supereffective|p2a: goated bug
|-damage|p2a: goated bug|0 fnt
|faint|p2a: goated bug
|
|-damage|p1a: Dragapult|0 fnt|[from] psn
|faint|p1a: Dragapult
|upkeep
|c|☆Chokonan07|btw i ask chatgpt for this team
|
|t:|1779686395
|switch|p1a: Gholdengo|Gholdengo|100/100
|switch|p2a: it bugs me idk|Jirachi|82/100
|-damage|p1a: Gholdengo|94/100|[from] Stealth Rock
|-damage|p2a: it bugs me idk|76/100|[from] Stealth Rock
|-damage|p2a: it bugs me idk|64/100|[from] Spikes
|turn|26
|c|☆jsk69|ahhh
|c|☆jsk69|makes sense
|c|☆Chokonan07|hahahaah
|c|☆jsk69|it looks like a vgc team
|
|t:|1779686420
|move|p1a: Gholdengo|Shadow Ball|p2a: it bugs me idk
|-supereffective|p2a: it bugs me idk
|-damage|p2a: it bugs me idk|0 fnt
|faint|p2a: it bugs me idk
|
|upkeep
|c|☆Chokonan07|what is that
|inactive|jsk69 has 120 seconds left.
|c|☆jsk69|doubles
|c|☆Chokonan07|i just play pokemon like 2-3 month
|c|☆jsk69|ahhh
|c|☆Chokonan07|ohhhh
|
|t:|1779686442
|switch|p2a: New fav bug|Lokix, M|100/100
|-damage|p2a: New fav bug|76/100|[from] Stealth Rock
|-damage|p2a: New fav bug|63/100|[from] Spikes
|turn|27
|inactive|jsk69 has 120 seconds left.
|
|t:|1779686452
|-terastallize|p2a: New fav bug|Bug
|move|p2a: New fav bug|First Impression|p1a: Gholdengo
|-resisted|p1a: Gholdengo
|-damage|p1a: Gholdengo|47/100
|move|p1a: Gholdengo|Shadow Ball|p2a: New fav bug
|-damage|p2a: New fav bug|0 fnt
|faint|p2a: New fav bug
|
|upkeep
|
|t:|1779686460
|switch|p2a: speedy bug|Yanmega, F|100/100
|-damage|p2a: speedy bug|51/100|[from] Stealth Rock
|turn|28
|c|☆Chokonan07|i think it time to said gg
|
|t:|1779686466
|move|p2a: speedy bug|Protect|p2a: speedy bug
|-singleturn|p2a: speedy bug|Protect
|move|p1a: Gholdengo|Shadow Ball|p2a: speedy bug
|-activate|p2a: speedy bug|move: Protect
|
|-ability|p2a: speedy bug|Speed Boost|boost
|-boost|p2a: speedy bug|spe|1
|upkeep
|turn|29
|c|☆Chokonan07|nvm
|c|☆jsk69|ye u win
|c|☆Chokonan07|i thought i die
|
|t:|1779686477
|move|p1a: Gholdengo|Shadow Ball|p2a: speedy bug
|-damage|p2a: speedy bug|0 fnt
|faint|p2a: speedy bug
|
|win|Chokonan07
|raw|Chokonan07's rating: 1114 &rarr; <strong>1144</strong><br />(+30 for winning)
|raw|jsk69's rating: 1187 &rarr; <strong>1157</strong><br />(-30 for losing)
|c|☆Chokonan07|damn bro
|c|☆jsk69|gg
|c|☆Chokonan07|gg
|c|☆Chokonan07|are u give me win?
|c|☆Chokonan07|Tot
|c|☆jsk69|nah
|c|☆jsk69|bai bai
|c|☆Chokonan07|it just like you just give me win ngl
|c|☆Chokonan07|bai
|c|☆jsk69|well
|c|☆Chokonan07|goodluck bro
|c|☆jsk69|i didnt want u to feel bad
|c|☆Chokonan07|awww
|c|☆Chokonan07|tysmm
|c|☆jsk69|if i didngt tera lokix it would have one shot with knock off
|c|☆Chokonan07|yess i see
|c|☆jsk69|and resisted shadow ball
|c|☆Chokonan07|that why i asking u
|c|☆jsk69|i gtg now
|c|☆jsk69|bai
|c|☆Chokonan07|cya
|l|☆jsk69
|player|p2|
|l|☆Chokonan07
|player|p1|
