|j|☆catgentlesir
|j|☆nichdagod
|t:|1779611332
|gametype|singles
|player|p1|catgentlesir|170|1084
|player|p2|nichdagod|veteran|1091
|gen|9
|tier|[Gen 9] OU
|rated|
|rule|HP Percentage Mod: HP is shown in percentages
|rule|Endless Battle Clause: Forcing endless battles is banned
|rule|Species Clause: Limit one of each Pokémon
|rule|OHKO Clause: OHKO moves are banned
|rule|Evasion Items Clause: Evasion items are banned
|rule|Evasion Moves Clause: Evasion moves are banned
|rule|Evasion Abilities Clause: Evasion abilities are banned
|rule|Sleep Moves Clause: Sleep-inducing moves are banned
|clearpoke
|poke|p1|Klefki, M|
|poke|p1|Mew|
|poke|p1|Basculegion, M|
|poke|p1|Weezing-Galar, F|
|poke|p1|Araquanid, F|
|poke|p1|Meganium, M|
|poke|p2|Glimmora, M|
|poke|p2|Basculegion, M|
|poke|p2|Hippowdon, F|
|poke|p2|Goodra-Hisui, M|
|poke|p2|Excadrill, M|
|poke|p2|Houndstone, F|
|teampreview
|
|t:|1779611338
|teamsize|p1|6
|teamsize|p2|6
|start
|switch|p1a: da keys|Klefki, M, shiny|100/100
|switch|p2a: Glimmora|Glimmora, M|100/100
|turn|1
|
|t:|1779611346
|move|p1a: da keys|Thunder Wave|p2a: Glimmora
|-status|p2a: Glimmora|par
|cant|p2a: Glimmora|par
|
|upkeep
|turn|2
|
|t:|1779611352
|move|p1a: da keys|Spikes|p2a: Glimmora
|-sidestart|p2: nichdagod|Spikes
|move|p2a: Glimmora|Stealth Rock|p1a: da keys
|-sidestart|p1: catgentlesir|move: Stealth Rock
|
|upkeep
|turn|3
|
|t:|1779611364
|switch|p2a: Excadrill|Excadrill, M|100/100
|-damage|p2a: Excadrill|88/100|[from] Spikes
|move|p1a: da keys|Spikes|p2a: Excadrill
|-sidestart|p2: nichdagod|Spikes
|
|upkeep
|turn|4
|
|t:|1779611375
|move|p2a: Excadrill|Earthquake|p1a: da keys
|-supereffective|p1a: da keys
|-damage|p1a: da keys|0 fnt
|faint|p1a: da keys
|-damage|p2a: Excadrill|78/100|[from] item: Life Orb
|
|upkeep
|
|t:|1779611396
|switch|p1a: spider|Araquanid, F, shiny|100/100
|-damage|p1a: spider|75/100|[from] Stealth Rock
|turn|5
|
|t:|1779611410
|move|p2a: Excadrill|Rock Slide|p1a: spider
|-supereffective|p1a: spider
|-damage|p1a: spider|6/100
|-damage|p2a: Excadrill|68/100|[from] item: Life Orb
|move|p1a: spider|Liquidation|p2a: Excadrill
|-supereffective|p2a: Excadrill
|-damage|p2a: Excadrill|0 fnt
|faint|p2a: Excadrill
|
|-heal|p1a: spider|12/100|[from] item: Leftovers
|upkeep
|
|t:|1779611422
|switch|p2a: Houndstone|Houndstone, F|100/100
|-damage|p2a: Houndstone|84/100|[from] Spikes
|turn|6
|
|t:|1779611431
|move|p2a: Houndstone|Shadow Sneak|p1a: spider
|-damage|p1a: spider|0 fnt
|faint|p1a: spider
|
|-heal|p2a: Houndstone|90/100|[from] item: Leftovers
|upkeep
|
|t:|1779611437
|switch|p1a: british|Weezing-Galar, F, shiny|100/100
|-damage|p1a: british|88/100|[from] Stealth Rock
|turn|7
|
|t:|1779611446
|switch|p2a: Hippowdon|Hippowdon, F|100/100
|-damage|p2a: Hippowdon|84/100|[from] Spikes
|-weather|Sandstorm|[from] ability: Sand Stream|[of] p2a: Hippowdon
|move|p1a: british|Defog|p2a: Hippowdon
|-unboost|p2a: Hippowdon|evasion|1
|-sideend|p2: nichdagod|Spikes|[from] move: Defog|[of] p1a: british
|-sideend|p1: catgentlesir|Stealth Rock|[from] move: Defog|[of] p1a: british
|
|-weather|Sandstorm|[upkeep]
|-damage|p1a: british|82/100|[from] Sandstorm
|-heal|p1a: british|88/100|[from] item: Leftovers
|-heal|p2a: Hippowdon|90/100|[from] item: Leftovers
|upkeep
|turn|8
|
|t:|1779611464
|move|p1a: british|Will-O-Wisp|p2a: Hippowdon
|-status|p2a: Hippowdon|brn
|move|p2a: Hippowdon|Earthquake|p1a: british
|-immune|p1a: british|[from] ability: Levitate
|
|-weather|Sandstorm|[upkeep]
|-damage|p1a: british|82/100|[from] Sandstorm
|-heal|p1a: british|88/100|[from] item: Leftovers
|-heal|p2a: Hippowdon|96/100 brn|[from] item: Leftovers
|-damage|p2a: Hippowdon|90/100 brn|[from] brn
|upkeep
|turn|9
|
|t:|1779611492
|switch|p2a: Goodra|Goodra-Hisui, M|100/100
|move|p1a: british|Protect||[still]
|-fail|p1a: british
|
|-weather|Sandstorm|[upkeep]
|-damage|p1a: british|82/100|[from] Sandstorm
|-heal|p1a: british|88/100|[from] item: Leftovers
|upkeep
|turn|10
|
|t:|1779611511
|move|p2a: Goodra|Fire Blast|p1a: british
|-damage|p1a: british|49/100
|move|p1a: british|Will-O-Wisp|p2a: Goodra
|-status|p2a: Goodra|brn
|
|-weather|Sandstorm|[upkeep]
|-damage|p1a: british|43/100|[from] Sandstorm
|-heal|p1a: british|49/100|[from] item: Leftovers
|-damage|p2a: Goodra|94/100 brn|[from] brn
|upkeep
|turn|11
|
|t:|1779611522
|move|p1a: british|Protect|p1a: british
|-singleturn|p1a: british|Protect
|move|p2a: Goodra|Fire Blast|p1a: british
|-activate|p1a: british|move: Protect
|
|-weather|none
|-heal|p1a: british|55/100|[from] item: Leftovers
|-heal|p2a: Goodra|100/100 brn|[from] item: Leftovers
|-damage|p2a: Goodra|94/100 brn|[from] brn
|upkeep
|turn|12
|
|t:|1779611539
|move|p1a: british|Sludge Bomb|p2a: Goodra
|-immune|p2a: Goodra
|move|p2a: Goodra|Fire Blast|p1a: british
|-damage|p1a: british|15/100
|
|-heal|p2a: Goodra|100/100 brn|[from] item: Leftovers
|-heal|p1a: british|21/100|[from] item: Leftovers
|-damage|p2a: Goodra|94/100 brn|[from] brn
|upkeep
|turn|13
|
|t:|1779611550
|move|p1a: british|Protect|p1a: british
|-singleturn|p1a: british|Protect
|move|p2a: Goodra|Thunderbolt|p1a: british
|-activate|p1a: british|move: Protect
|
|-heal|p1a: british|27/100|[from] item: Leftovers
|-heal|p2a: Goodra|100/100 brn|[from] item: Leftovers
|-damage|p2a: Goodra|94/100 brn|[from] brn
|upkeep
|turn|14
|
|t:|1779611566
|switch|p1a: Blew|Mew, shiny|100/100
|move|p2a: Goodra|Thunderbolt|p1a: Blew
|-damage|p1a: Blew|71/100
|
|-heal|p2a: Goodra|100/100 brn|[from] item: Leftovers
|-damage|p2a: Goodra|94/100 brn|[from] brn
|upkeep
|turn|15
|
|t:|1779611579
|switch|p2a: Glimmora|Glimmora, M|100/100 par
|-terastallize|p1a: Blew|Fairy
|move|p1a: Blew|Draining Kiss|p2a: Glimmora
|-resisted|p2a: Glimmora
|-damage|p2a: Glimmora|79/100 par
|-heal|p1a: Blew|86/100|[from] drain|[of] p2a: Glimmora
|-damage|p1a: Blew|76/100|[from] item: Life Orb
|
|upkeep
|turn|16
|
|t:|1779611590
|move|p1a: Blew|Psychic|p2a: Glimmora
|-supereffective|p2a: Glimmora
|-damage|p2a: Glimmora|0 fnt
|faint|p2a: Glimmora
|-damage|p1a: Blew|66/100|[from] item: Life Orb
|
|upkeep
|
|t:|1779611605
|switch|p2a: Hippowdon|Hippowdon, F|90/100 brn
|-weather|Sandstorm|[from] ability: Sand Stream|[of] p2a: Hippowdon
|turn|17
|
|t:|1779611611
|move|p1a: Blew|Draining Kiss|p2a: Hippowdon
|-damage|p2a: Hippowdon|55/100 brn
|-heal|p1a: Blew|96/100|[from] drain|[of] p2a: Hippowdon
|-damage|p1a: Blew|86/100|[from] item: Life Orb
|move|p2a: Hippowdon|Roar|p1a: Blew
|drag|p1a: flowey|Meganium, M, shiny|100/100
|
|-weather|Sandstorm|[upkeep]
|-damage|p1a: flowey|94/100|[from] Sandstorm
|-heal|p1a: flowey|100/100|[from] item: Leftovers
|-heal|p2a: Hippowdon|61/100 brn|[from] item: Leftovers
|-damage|p2a: Hippowdon|55/100 brn|[from] brn
|upkeep
|turn|18
|
|t:|1779611626
|switch|p2a: Goodra|Goodra-Hisui, M|94/100 brn
|move|p1a: flowey|Giga Drain|p2a: Goodra
|-resisted|p2a: Goodra
|-damage|p2a: Goodra|91/100 brn
|
|-weather|Sandstorm|[upkeep]
|-damage|p1a: flowey|94/100|[from] Sandstorm
|-heal|p1a: flowey|100/100|[from] item: Leftovers
|-heal|p2a: Goodra|97/100 brn|[from] item: Leftovers
|-damage|p2a: Goodra|91/100 brn|[from] brn
|upkeep
|turn|19
|
|t:|1779611642
|move|p1a: flowey|Protect|p1a: flowey
|-singleturn|p1a: flowey|Protect
|move|p2a: Goodra|Fire Blast|p1a: flowey
|-activate|p1a: flowey|move: Protect
|
|-weather|Sandstorm|[upkeep]
|-damage|p1a: flowey|94/100|[from] Sandstorm
|-heal|p1a: flowey|100/100|[from] item: Leftovers
|-heal|p2a: Goodra|97/100 brn|[from] item: Leftovers
|-damage|p2a: Goodra|91/100 brn|[from] brn
|upkeep
|turn|20
|
|t:|1779611658
|switch|p1a: fih <3|Basculegion, M, shiny|100/100
|move|p2a: Goodra|Fire Blast|p1a: fih <3
|-resisted|p1a: fih <3
|-damage|p1a: fih <3|78/100
|
|-weather|Sandstorm|[upkeep]
|-damage|p1a: fih <3|72/100|[from] Sandstorm
|-heal|p1a: fih <3|78/100|[from] item: Leftovers
|-heal|p2a: Goodra|97/100 brn|[from] item: Leftovers
|-damage|p2a: Goodra|91/100 brn|[from] brn
|upkeep
|turn|21
|
|t:|1779611674
|move|p1a: fih <3|Phantom Force||[still]
|-prepare|p1a: fih <3|Phantom Force
|move|p2a: Goodra|Thunderbolt|p1a: fih <3|[miss]
|-miss|p2a: Goodra|p1a: fih <3
|
|-weather|none
|-heal|p1a: fih <3|84/100|[from] item: Leftovers
|-heal|p2a: Goodra|97/100 brn|[from] item: Leftovers
|-damage|p2a: Goodra|91/100 brn|[from] brn
|upkeep
|turn|22
|
|t:|1779611683
|move|p1a: fih <3|Phantom Force|p2a: Goodra|[from] lockedmove
|-damage|p2a: Goodra|37/100 brn
|-ability|p2a: Goodra|Gooey
|-unboost|p1a: fih <3|spe|1
|move|p2a: Goodra|Acid Armor|p2a: Goodra
|-boost|p2a: Goodra|def|2
|
|-heal|p1a: fih <3|91/100|[from] item: Leftovers
|-heal|p2a: Goodra|43/100 brn|[from] item: Leftovers
|-damage|p2a: Goodra|37/100 brn|[from] brn
|upkeep
|turn|23
|
|t:|1779611700
|move|p1a: fih <3|Phantom Force||[still]
|-prepare|p1a: fih <3|Phantom Force
|move|p2a: Goodra|Thunderbolt|p1a: fih <3|[miss]
|-miss|p2a: Goodra|p1a: fih <3
|
|-heal|p1a: fih <3|97/100|[from] item: Leftovers
|-heal|p2a: Goodra|43/100 brn|[from] item: Leftovers
|-damage|p2a: Goodra|37/100 brn|[from] brn
|upkeep
|turn|24
|
|t:|1779611709
|move|p1a: fih <3|Phantom Force|p2a: Goodra|[from] lockedmove
|-damage|p2a: Goodra|10/100 brn
|-ability|p2a: Goodra|Gooey
|-unboost|p1a: fih <3|spe|1
|move|p2a: Goodra|Thunderbolt|p1a: fih <3
|-supereffective|p1a: fih <3
|-damage|p1a: fih <3|27/100
|-status|p1a: fih <3|par
|
|-heal|p2a: Goodra|16/100 brn|[from] item: Leftovers
|-heal|p1a: fih <3|33/100 par|[from] item: Leftovers
|-damage|p2a: Goodra|10/100 brn|[from] brn
|upkeep
|turn|25
|
|t:|1779611723
|move|p1a: fih <3|Protect|p1a: fih <3
|-singleturn|p1a: fih <3|Protect
|move|p2a: Goodra|Thunderbolt|p1a: fih <3
|-activate|p1a: fih <3|move: Protect
|
|-heal|p2a: Goodra|16/100 brn|[from] item: Leftovers
|-heal|p1a: fih <3|39/100 par|[from] item: Leftovers
|-damage|p2a: Goodra|10/100 brn|[from] brn
|upkeep
|turn|26
|
|t:|1779611733
|move|p2a: Goodra|Thunderbolt|p1a: fih <3
|-supereffective|p1a: fih <3
|-damage|p1a: fih <3|0 fnt
|faint|p1a: fih <3
|
|-heal|p2a: Goodra|16/100 brn|[from] item: Leftovers
|-damage|p2a: Goodra|10/100 brn|[from] brn
|upkeep
|
|t:|1779611740
|switch|p1a: Blew|Mew, shiny, tera:Fairy|86/100
|turn|27
|
|t:|1779611767
|move|p1a: Blew|Nasty Plot|p1a: Blew
|-boost|p1a: Blew|spa|2
|move|p2a: Goodra|Thunderbolt|p1a: Blew
|-damage|p1a: Blew|57/100
|
|-heal|p2a: Goodra|16/100 brn|[from] item: Leftovers
|-damage|p2a: Goodra|10/100 brn|[from] brn
|upkeep
|turn|28
|
|t:|1779611782
|-terastallize|p2a: Goodra|Steel
|move|p1a: Blew|Draining Kiss|p2a: Goodra
|-resisted|p2a: Goodra
|-damage|p2a: Goodra|0 fnt
|-heal|p1a: Blew|64/100|[from] drain|[of] p2a: Goodra
|-ability|p2a: Goodra|Gooey
|-unboost|p1a: Blew|spe|1
|faint|p2a: Goodra
|-damage|p1a: Blew|54/100|[from] item: Life Orb
|
|upkeep
|
|t:|1779611794
|switch|p2a: Houndstone|Houndstone, F|90/100
|turn|29
|
|t:|1779611805
|move|p2a: Houndstone|Poltergeist|p1a: Blew
|-activate|p1a: Blew|move: Poltergeist|Life Orb
|-damage|p1a: Blew|4/100
|move|p1a: Blew|Draining Kiss|p2a: Houndstone
|-damage|p2a: Houndstone|5/100
|-heal|p1a: Blew|57/100|[from] drain|[of] p2a: Houndstone
|-damage|p1a: Blew|47/100|[from] item: Life Orb
|
|-heal|p2a: Houndstone|11/100|[from] item: Leftovers
|upkeep
|turn|30
|
|t:|1779611817
|move|p2a: Houndstone|Poltergeist|p1a: Blew
|-activate|p1a: Blew|move: Poltergeist|Life Orb
|-damage|p1a: Blew|0 fnt
|faint|p1a: Blew
|
|-heal|p2a: Houndstone|17/100|[from] item: Leftovers
|upkeep
|
|t:|1779611827
|switch|p1a: british|Weezing-Galar, F, shiny|27/100
|turn|31
|
|t:|1779611837
|switch|p2a: Hippowdon|Hippowdon, F|55/100 brn
|-weather|Sandstorm|[from] ability: Sand Stream|[of] p2a: Hippowdon
|move|p1a: british|Sludge Bomb|p2a: Hippowdon
|-resisted|p2a: Hippowdon
|-damage|p2a: Hippowdon|44/100 brn
|
|-weather|Sandstorm|[upkeep]
|-damage|p1a: british|21/100|[from] Sandstorm
|-heal|p1a: british|27/100|[from] item: Leftovers
|-heal|p2a: Hippowdon|50/100 brn|[from] item: Leftovers
|-damage|p2a: Hippowdon|44/100 brn|[from] brn
|upkeep
|turn|32
|
|t:|1779611852
|move|p1a: british|Protect|p1a: british
|-singleturn|p1a: british|Protect
|move|p2a: Hippowdon|Ice Fang|p1a: british
|-activate|p1a: british|move: Protect
|
|-weather|Sandstorm|[upkeep]
|-damage|p1a: british|21/100|[from] Sandstorm
|-heal|p1a: british|27/100|[from] item: Leftovers
|-heal|p2a: Hippowdon|50/100 brn|[from] item: Leftovers
|-damage|p2a: Hippowdon|44/100 brn|[from] brn
|upkeep
|turn|33
|
|t:|1779611864
|switch|p1a: flowey|Meganium, M, shiny|100/100
|move|p2a: Hippowdon|Ice Fang|p1a: flowey
|-supereffective|p1a: flowey
|-damage|p1a: flowey|85/100
|
|-weather|Sandstorm|[upkeep]
|-damage|p1a: flowey|79/100|[from] Sandstorm
|-heal|p1a: flowey|85/100|[from] item: Leftovers
|-heal|p2a: Hippowdon|50/100 brn|[from] item: Leftovers
|-damage|p2a: Hippowdon|44/100 brn|[from] brn
|upkeep
|turn|34
|
|t:|1779611876
|move|p1a: flowey|Giga Drain|p2a: Hippowdon
|-supereffective|p2a: Hippowdon
|-damage|p2a: Hippowdon|4/100 brn
|-heal|p1a: flowey|100/100|[from] drain|[of] p2a: Hippowdon
|move|p2a: Hippowdon|Ice Fang|p1a: flowey
|-supereffective|p1a: flowey
|-damage|p1a: flowey|82/100
|
|-weather|Sandstorm|[upkeep]
|-damage|p1a: flowey|76/100|[from] Sandstorm
|-heal|p1a: flowey|82/100|[from] item: Leftovers
|-heal|p2a: Hippowdon|10/100 brn|[from] item: Leftovers
|-damage|p2a: Hippowdon|4/100 brn|[from] brn
|upkeep
|turn|35
|
|t:|1779611891
|move|p1a: flowey|Giga Drain|p2a: Hippowdon
|-supereffective|p2a: Hippowdon
|-damage|p2a: Hippowdon|0 fnt
|-heal|p1a: flowey|84/100|[from] drain|[of] p2a: Hippowdon
|faint|p2a: Hippowdon
|
|-weather|none
|-heal|p1a: flowey|90/100|[from] item: Leftovers
|upkeep
|
|t:|1779611902
|switch|p2a: Houndstone|Houndstone, F|17/100
|turn|36
|
|t:|1779611909
|move|p2a: Houndstone|Poltergeist|p1a: flowey
|-activate|p1a: flowey|move: Poltergeist|Leftovers
|-damage|p1a: flowey|47/100
|move|p1a: flowey|Ancient Power|p2a: Houndstone
|-damage|p2a: Houndstone|2/100
|
|-heal|p2a: Houndstone|8/100|[from] item: Leftovers
|-heal|p1a: flowey|53/100|[from] item: Leftovers
|upkeep
|turn|37
|
|t:|1779611919
|move|p2a: Houndstone|Poltergeist|p1a: flowey
|-activate|p1a: flowey|move: Poltergeist|Leftovers
|-damage|p1a: flowey|8/100
|move|p1a: flowey|Giga Drain|p2a: Houndstone
|-damage|p2a: Houndstone|0 fnt
|-heal|p1a: flowey|11/100|[from] drain|[of] p2a: Houndstone
|faint|p2a: Houndstone
|
|-heal|p1a: flowey|17/100|[from] item: Leftovers
|upkeep
|
|t:|1779611931
|switch|p2a: Basculegion|Basculegion, M|100/100
|turn|38
|
|t:|1779611937
|move|p1a: flowey|Giga Drain|p2a: Basculegion
|-supereffective|p2a: Basculegion
|-damage|p2a: Basculegion|25/100
|-heal|p1a: flowey|63/100|[from] drain|[of] p2a: Basculegion
|move|p2a: Basculegion|Scale Shot|p1a: flowey
|-damage|p1a: flowey|56/100
|-damage|p1a: flowey|49/100
|-hitcount|p1a: flowey|2
|-unboost|p2a: Basculegion|def|1
|-boost|p2a: Basculegion|spe|1
|
|-heal|p2a: Basculegion|31/100|[from] item: Leftovers
|-heal|p1a: flowey|55/100|[from] item: Leftovers
|upkeep
|turn|39
|
|t:|1779611952
|move|p2a: Basculegion|Phantom Force||[still]
|-prepare|p2a: Basculegion|Phantom Force
|move|p1a: flowey|Giga Drain|p2a: Basculegion|[miss]
|-miss|p1a: flowey|p2a: Basculegion
|
|-heal|p2a: Basculegion|37/100|[from] item: Leftovers
|-heal|p1a: flowey|61/100|[from] item: Leftovers
|upkeep
|turn|40
|
|t:|1779611960
|move|p1a: flowey|Protect|p1a: flowey
|-singleturn|p1a: flowey|Protect
|move|p2a: Basculegion|Phantom Force|p1a: flowey|[from] lockedmove
|-activate|p1a: flowey|move: Phantom Force|[broken]
|-damage|p1a: flowey|7/100
|
|-heal|p2a: Basculegion|43/100|[from] item: Leftovers
|-heal|p1a: flowey|13/100|[from] item: Leftovers
|upkeep
|turn|41
|
|t:|1779611971
|move|p2a: Basculegion|Aqua Jet|p1a: flowey
|-resisted|p1a: flowey
|-damage|p1a: flowey|2/100
|move|p1a: flowey|Giga Drain|p2a: Basculegion
|-supereffective|p2a: Basculegion
|-damage|p2a: Basculegion|0 fnt
|-heal|p1a: flowey|28/100|[from] drain|[of] p2a: Basculegion
|faint|p2a: Basculegion
|
|win|catgentlesir
|raw|catgentlesir's rating: 1084 &rarr; <strong>1112</strong><br />(+28 for winning)
|raw|nichdagod's rating: 1091 &rarr; <strong>1067</strong><br />(-24 for losing)
|l|☆nichdagod
|player|p2|
|l|☆catgentlesir
|player|p1|
