|j|☆xerneas48
|j|☆bvcnmkor85471
|t:|1779586986
|gametype|singles
|player|p1|xerneas48|265|1234
|player|p2|bvcnmkor85471|266|1239
|gen|9
|tier|[Gen 9] OU
|rated|
|rule|HP Percentage Mod: HP is shown in percentages
|rule|Endless Battle Clause: Forcing endless battles is banned
|rule|Species Clause: Limit one of each Pokémon
|rule|OHKO Clause: OHKO moves are banned
|rule|Evasion Items Clause: Evasion items are banned
|rule|Evasion Moves Clause: Evasion moves are banned
|rule|Evasion Abilities Clause: Evasion abilities are banned
|rule|Sleep Moves Clause: Sleep-inducing moves are banned
|clearpoke
|poke|p1|Dragonite, M|
|poke|p1|Kingambit, F|
|poke|p1|Great Tusk|
|poke|p1|Gholdengo|
|poke|p1|Slowking-Galar, F|
|poke|p1|Iron Valiant|
|poke|p2|Tyranitar, F|
|poke|p2|Houndstone, F|
|poke|p2|Tornadus-Therian, M|
|poke|p2|Sandslash, F|
|poke|p2|Tsareena, F|
|poke|p2|Rotom-Wash|
|teampreview
|
|t:|1779586998
|teamsize|p1|6
|teamsize|p2|6
|start
|switch|p1a: Great Tusk|Great Tusk|100/100
|switch|p2a: Tyranitar|Tyranitar, F|100/100
|-weather|Sandstorm|[from] ability: Sand Stream|[of] p2a: Tyranitar
|turn|1
|
|t:|1779587024
|switch|p2a: Rotom|Rotom-Wash|100/100
|move|p1a: Great Tusk|Earthquake|p2a: Rotom
|-immune|p2a: Rotom|[from] ability: Levitate
|
|-weather|Sandstorm|[upkeep]
|-damage|p2a: Rotom|94/100|[from] Sandstorm
|-heal|p2a: Rotom|100/100|[from] item: Leftovers
|upkeep
|turn|2
|
|t:|1779587057
|move|p1a: Great Tusk|Knock Off|p2a: Rotom
|-damage|p2a: Rotom|61/100
|-enditem|p2a: Rotom|Leftovers|[from] move: Knock Off|[of] p1a: Great Tusk
|move|p2a: Rotom|Hydro Pump|p1a: Great Tusk|[miss]
|-miss|p2a: Rotom|p1a: Great Tusk
|
|-weather|Sandstorm|[upkeep]
|-damage|p2a: Rotom|55/100|[from] Sandstorm
|upkeep
|turn|3
|
|t:|1779587069
|-end|p1a: Great Tusk|Protosynthesis|[silent]
|switch|p1a: Slowking|Slowking-Galar, F|100/100
|move|p2a: Rotom|Pain Split|p1a: Slowking
|-sethp|p1a: Slowking|71/100|[from] move: Pain Split|[silent]
|-sethp|p2a: Rotom|92/100|[from] move: Pain Split
|
|-weather|Sandstorm|[upkeep]
|-damage|p2a: Rotom|86/100|[from] Sandstorm
|-damage|p1a: Slowking|65/100|[from] Sandstorm
|upkeep
|turn|4
|
|t:|1779587078
|move|p2a: Rotom|Volt Switch|p1a: Slowking
|-damage|p1a: Slowking|50/100
|
|t:|1779587085
|switch|p2a: Sandslash|Sandslash, F|100/100|[from] Volt Switch
|move|p1a: Slowking|Sludge Bomb|p2a: Sandslash
|-resisted|p2a: Sandslash
|-damage|p2a: Sandslash|70/100
|-status|p2a: Sandslash|psn
|
|-weather|Sandstorm|[upkeep]
|-damage|p1a: Slowking|44/100|[from] Sandstorm
|-damage|p2a: Sandslash|57/100 psn|[from] psn
|upkeep
|turn|5
|
|t:|1779587125
|switch|p1a: Dragonite|Dragonite, M|100/100
|move|p2a: Sandslash|Swords Dance|p2a: Sandslash
|-boost|p2a: Sandslash|atk|2
|
|-weather|Sandstorm|[upkeep]
|-damage|p1a: Dragonite|94/100|[from] Sandstorm
|-damage|p2a: Sandslash|45/100 psn|[from] psn
|upkeep
|turn|6
|
|t:|1779587137
|switch|p2a: Houndstone|Houndstone, F|100/100
|move|p1a: Dragonite|Extreme Speed|p2a: Houndstone
|-immune|p2a: Houndstone
|
|-weather|Sandstorm|[upkeep]
|-damage|p1a: Dragonite|88/100|[from] Sandstorm
|upkeep
|turn|7
|
|t:|1779587159
|move|p2a: Houndstone|Play Rough|p1a: Dragonite
|-supereffective|p1a: Dragonite
|-damage|p1a: Dragonite|6/100
|move|p1a: Dragonite|Earthquake|p2a: Houndstone
|-damage|p2a: Houndstone|55/100
|
|-weather|Sandstorm|[upkeep]
|-damage|p1a: Dragonite|0 fnt|[from] Sandstorm
|faint|p1a: Dragonite
|upkeep
|
|t:|1779587182
|switch|p1a: Iron Valiant|Iron Valiant|100/100
|-enditem|p1a: Iron Valiant|Booster Energy
|-activate|p1a: Iron Valiant|ability: Quark Drive|[fromitem]
|-start|p1a: Iron Valiant|quarkdrivespe
|turn|8
|
|t:|1779587193
|switch|p2a: Tornadus|Tornadus-Therian, M|100/100
|move|p1a: Iron Valiant|Moonblast|p2a: Tornadus
|-damage|p2a: Tornadus|61/100
|
|-weather|none
|upkeep
|turn|9
|
|t:|1779587221
|move|p1a: Iron Valiant|Thunderbolt|p2a: Tornadus
|-supereffective|p2a: Tornadus
|-damage|p2a: Tornadus|9/100
|move|p2a: Tornadus|Heat Wave|p1a: Iron Valiant
|-damage|p1a: Iron Valiant|44/100
|
|upkeep
|turn|10
|
|t:|1779587229
|switch|p2a: Sandslash|Sandslash, F|45/100 psn
|move|p1a: Iron Valiant|Thunderbolt|p2a: Sandslash
|-immune|p2a: Sandslash
|
|-damage|p2a: Sandslash|32/100 psn|[from] psn
|upkeep
|turn|11
|
|t:|1779587238
|move|p1a: Iron Valiant|Moonblast|p2a: Sandslash
|-damage|p2a: Sandslash|0 fnt
|faint|p2a: Sandslash
|
|upkeep
|
|t:|1779587240
|switch|p2a: Houndstone|Houndstone, F|55/100
|turn|12
|
|t:|1779587259
|move|p2a: Houndstone|Shadow Sneak|p1a: Iron Valiant
|-damage|p1a: Iron Valiant|6/100
|move|p1a: Iron Valiant|Moonblast|p2a: Houndstone
|-damage|p2a: Houndstone|2/100
|
|upkeep
|turn|13
|
|t:|1779587270
|move|p2a: Houndstone|Shadow Sneak|p1a: Iron Valiant
|-damage|p1a: Iron Valiant|0 fnt
|faint|p1a: Iron Valiant
|-end|p1a: Iron Valiant|Quark Drive|[silent]
|
|upkeep
|
|t:|1779587279
|switch|p1a: Slowking|Slowking-Galar, F|78/100
|turn|14
|
|t:|1779587286
|switch|p2a: Tyranitar|Tyranitar, F|100/100
|-weather|Sandstorm|[from] ability: Sand Stream|[of] p2a: Tyranitar
|move|p1a: Slowking|Flamethrower|p2a: Tyranitar
|-resisted|p2a: Tyranitar
|-damage|p2a: Tyranitar|94/100
|
|-weather|Sandstorm|[upkeep]
|-damage|p1a: Slowking|72/100|[from] Sandstorm
|upkeep
|turn|15
|
|t:|1779587315
|switch|p1a: Great Tusk|Great Tusk|100/100
|move|p2a: Tyranitar|Stealth Rock|p1a: Great Tusk
|-sidestart|p1: xerneas48|move: Stealth Rock
|
|-weather|Sandstorm|[upkeep]
|upkeep
|turn|16
|
|t:|1779587323
|switch|p2a: Rotom|Rotom-Wash|86/100
|move|p1a: Great Tusk|Earthquake|p2a: Rotom
|-immune|p2a: Rotom|[from] ability: Levitate
|
|-weather|Sandstorm|[upkeep]
|-damage|p2a: Rotom|80/100|[from] Sandstorm
|upkeep
|turn|17
|
|t:|1779587332
|-end|p1a: Great Tusk|Protosynthesis|[silent]
|switch|p1a: Slowking|Slowking-Galar, F|100/100
|-damage|p1a: Slowking|88/100|[from] Stealth Rock
|move|p2a: Rotom|Hydro Pump|p1a: Slowking
|-damage|p1a: Slowking|67/100
|
|-weather|Sandstorm|[upkeep]
|-damage|p2a: Rotom|74/100|[from] Sandstorm
|-damage|p1a: Slowking|61/100|[from] Sandstorm
|upkeep
|turn|18
|
|t:|1779587340
|move|p2a: Rotom|Volt Switch|p1a: Slowking
|-damage|p1a: Slowking|48/100
|
|t:|1779587343
|switch|p2a: Tyranitar|Tyranitar, F|94/100|[from] Volt Switch
|move|p1a: Slowking|Sludge Bomb|p2a: Tyranitar
|-resisted|p2a: Tyranitar
|-damage|p2a: Tyranitar|85/100
|-status|p2a: Tyranitar|psn
|
|-weather|Sandstorm|[upkeep]
|-damage|p1a: Slowking|42/100|[from] Sandstorm
|-damage|p2a: Tyranitar|73/100 psn|[from] psn
|upkeep
|turn|19
|
|t:|1779587366
|switch|p1a: Great Tusk|Great Tusk|100/100
|-damage|p1a: Great Tusk|98/100|[from] Stealth Rock
|move|p2a: Tyranitar|Knock Off|p1a: Great Tusk
|-resisted|p1a: Great Tusk
|-damage|p1a: Great Tusk|83/100
|-enditem|p1a: Great Tusk|Leftovers|[from] move: Knock Off|[of] p2a: Tyranitar
|
|-weather|Sandstorm|[upkeep]
|-damage|p2a: Tyranitar|60/100 psn|[from] psn
|upkeep
|turn|20
|
|t:|1779587377
|switch|p2a: Rotom|Rotom-Wash|74/100
|move|p1a: Great Tusk|Stealth Rock|p2a: Rotom
|-sidestart|p2: bvcnmkor85471|move: Stealth Rock
|
|-weather|Sandstorm|[upkeep]
|-damage|p2a: Rotom|67/100|[from] Sandstorm
|upkeep
|turn|21
|
|t:|1779587414
|-end|p1a: Great Tusk|Protosynthesis|[silent]
|switch|p1a: Slowking|Slowking-Galar, F|75/100
|-damage|p1a: Slowking|63/100|[from] Stealth Rock
|switch|p2a: Tsareena|Tsareena, F|100/100
|-damage|p2a: Tsareena|88/100|[from] Stealth Rock
|
|-weather|none
|-heal|p2a: Tsareena|94/100|[from] item: Leftovers
|upkeep
|turn|22
|
|t:|1779587455
|move|p2a: Tsareena|Rapid Spin|p1a: Slowking
|-damage|p1a: Slowking|43/100
|-boost|p2a: Tsareena|spe|1
|-sideend|p2: bvcnmkor85471|Stealth Rock|[from] move: Rapid Spin|[of] p2a: Tsareena
|move|p1a: Slowking|Sludge Bomb|p2a: Tsareena
|-supereffective|p2a: Tsareena
|-damage|p2a: Tsareena|30/100
|-status|p2a: Tsareena|psn
|
|-heal|p2a: Tsareena|36/100 psn|[from] item: Leftovers
|-damage|p2a: Tsareena|23/100 psn|[from] psn
|upkeep
|turn|23
|
|t:|1779587466
|move|p2a: Tsareena|U-turn|p1a: Slowking
|-damage|p1a: Slowking|15/100
|
|t:|1779587477
|switch|p2a: Tornadus|Tornadus-Therian, M|42/100|[from] U-turn
|move|p1a: Slowking|Sludge Bomb|p2a: Tornadus
|-damage|p2a: Tornadus|15/100
|
|upkeep
|turn|24
|
|t:|1779587486
|move|p2a: Tornadus|U-turn|p1a: Slowking
|-damage|p1a: Slowking|0 fnt
|faint|p1a: Slowking
|
|t:|1779587497
|switch|p2a: Rotom|Rotom-Wash|67/100|[from] U-turn
|
|upkeep
|
|t:|1779587508
|switch|p1a: Kingambit|Kingambit, F|100/100
|-damage|p1a: Kingambit|94/100|[from] Stealth Rock
|-activate|p1a: Kingambit|ability: Supreme Overlord
|-start|p1a: Kingambit|fallen3|[silent]
|turn|25
|
|t:|1779587520
|move|p1a: Kingambit|Sucker Punch||[still]
|-fail|p1a: Kingambit
|move|p2a: Rotom|Will-O-Wisp|p1a: Kingambit
|-status|p1a: Kingambit|brn
|
|-damage|p1a: Kingambit|88/100 brn|[from] brn
|upkeep
|turn|26
|
|t:|1779587527
|move|p2a: Rotom|Volt Switch|p1a: Kingambit
|-damage|p1a: Kingambit|46/100 brn
|
|t:|1779587530
|switch|p2a: Tyranitar|Tyranitar, F|60/100 psn|[from] Volt Switch
|-weather|Sandstorm|[from] ability: Sand Stream|[of] p2a: Tyranitar
|move|p1a: Kingambit|Kowtow Cleave|p2a: Tyranitar
|-resisted|p2a: Tyranitar
|-damage|p2a: Tyranitar|49/100 psn
|
|-weather|Sandstorm|[upkeep]
|-damage|p2a: Tyranitar|37/100 psn|[from] psn
|-damage|p1a: Kingambit|40/100 brn|[from] brn
|upkeep
|turn|27
|
|t:|1779587543
|move|p1a: Kingambit|Iron Head|p2a: Tyranitar
|-supereffective|p2a: Tyranitar
|-crit|p2a: Tyranitar
|-damage|p2a: Tyranitar|0 fnt
|faint|p2a: Tyranitar
|
|-weather|Sandstorm|[upkeep]
|-damage|p1a: Kingambit|33/100 brn|[from] brn
|upkeep
|
|t:|1779587551
|switch|p2a: Tsareena|Tsareena, F|23/100 psn
|turn|28
|
|t:|1779587557
|move|p1a: Kingambit|Sucker Punch||[still]
|cant|p2a: Tsareena|ability: Queenly Majesty|Sucker Punch|[of] p1a: Kingambit
|move|p2a: Tsareena|Power Whip|p1a: Kingambit
|-resisted|p1a: Kingambit
|-damage|p1a: Kingambit|4/100 brn
|
|-weather|Sandstorm|[upkeep]
|-damage|p2a: Tsareena|17/100 psn|[from] Sandstorm
|-heal|p2a: Tsareena|23/100 psn|[from] item: Leftovers
|-damage|p2a: Tsareena|11/100 psn|[from] psn
|-damage|p1a: Kingambit|0 fnt|[from] brn
|faint|p1a: Kingambit
|-end|p1a: Kingambit|fallen3|[silent]
|upkeep
|
|t:|1779587577
|switch|p1a: Gholdengo|Gholdengo|100/100
|-damage|p1a: Gholdengo|94/100|[from] Stealth Rock
|-item|p1a: Gholdengo|Air Balloon
|turn|29
|
|t:|1779587585
|move|p1a: Gholdengo|Shadow Ball|p2a: Tsareena
|-damage|p2a: Tsareena|0 fnt
|faint|p2a: Tsareena
|
|-weather|Sandstorm|[upkeep]
|upkeep
|
|t:|1779587588
|switch|p2a: Houndstone|Houndstone, F|2/100
|turn|30
|
|t:|1779587592
|move|p2a: Houndstone|Poltergeist|p1a: Gholdengo
|-activate|p1a: Gholdengo|move: Poltergeist|Air Balloon
|-supereffective|p1a: Gholdengo
|-damage|p1a: Gholdengo|0 fnt
|-enditem|p1a: Gholdengo|Air Balloon
|faint|p1a: Gholdengo
|
|-weather|Sandstorm|[upkeep]
|upkeep
|
|t:|1779587600
|switch|p1a: Great Tusk|Great Tusk|83/100
|-damage|p1a: Great Tusk|80/100|[from] Stealth Rock
|turn|31
|
|t:|1779587610
|move|p2a: Houndstone|Poltergeist||[still]
|-fail|p2a: Houndstone
|move|p1a: Great Tusk|Knock Off|p2a: Houndstone
|-supereffective|p2a: Houndstone
|-damage|p2a: Houndstone|0 fnt
|-enditem|p2a: Houndstone|Choice Band|[from] move: Knock Off|[of] p1a: Great Tusk
|faint|p2a: Houndstone
|
|-weather|Sandstorm|[upkeep]
|upkeep
|
|t:|1779587612
|switch|p2a: Rotom|Rotom-Wash|67/100
|turn|32
|
|t:|1779587624
|move|p1a: Great Tusk|Rapid Spin|p2a: Rotom
|-damage|p2a: Rotom|47/100
|-boost|p1a: Great Tusk|spe|1
|-sideend|p1: xerneas48|Stealth Rock|[from] move: Rapid Spin|[of] p1a: Great Tusk
|move|p2a: Rotom|Hydro Pump|p1a: Great Tusk
|-supereffective|p1a: Great Tusk
|-damage|p1a: Great Tusk|0 fnt
|faint|p1a: Great Tusk
|-end|p1a: Great Tusk|Protosynthesis|[silent]
|
|win|bvcnmkor85471
|raw|xerneas48's rating: 1234 &rarr; <strong>1209</strong><br />(-25 for losing)
|raw|bvcnmkor85471's rating: 1239 &rarr; <strong>1264</strong><br />(+25 for winning)
|l|☆bvcnmkor85471
|player|p2|
|l|☆xerneas48
|player|p1|
