|j|☆howtheturntablez
|j|☆Nez_Otanura
|t:|1779713143
|gametype|singles
|player|p1|howtheturntablez|unknown|1146
|player|p2|Nez_Otanura|169|1187
|gen|9
|tier|[Gen 9] OU
|rated|
|rule|HP Percentage Mod: HP is shown in percentages
|rule|Endless Battle Clause: Forcing endless battles is banned
|rule|Species Clause: Limit one of each Pokémon
|rule|OHKO Clause: OHKO moves are banned
|rule|Evasion Items Clause: Evasion items are banned
|rule|Evasion Moves Clause: Evasion moves are banned
|rule|Evasion Abilities Clause: Evasion abilities are banned
|rule|Sleep Moves Clause: Sleep-inducing moves are banned
|clearpoke
|poke|p1|Blaziken, F|
|poke|p1|Gholdengo|
|poke|p1|Kommo-o, M|
|poke|p1|Mienshao, F|
|poke|p1|Hoopa-Unbound|
|poke|p1|Lucario, M|
|poke|p2|Kingambit, F|
|poke|p2|Raging Bolt|
|poke|p2|Gholdengo|
|poke|p2|Great Tusk|
|poke|p2|Ogerpon-Wellspring, F|
|poke|p2|Skarmory, F|
|teampreview
|inactive|Battle timer is ON: inactive players will automatically lose when time's up. (requested by Nez_Otanura)
|
|t:|1779713158
|teamsize|p1|6
|teamsize|p2|6
|start
|switch|p1a: Killer Queen|Mienshao, F, shiny|100/100
|switch|p2a: Skarmory|Skarmory, F|100/100
|turn|1
|
|t:|1779713166
|move|p1a: Killer Queen|Ice Spinner|p2a: Skarmory
|-damage|p2a: Skarmory|81/100
|move|p2a: Skarmory|Stealth Rock|p1a: Killer Queen
|-sidestart|p1: howtheturntablez|move: Stealth Rock
|
|-heal|p2a: Skarmory|87/100|[from] item: Leftovers
|upkeep
|turn|2
|
|t:|1779713177
|switch|p1a: Crazy Diamond|Hoopa-Unbound|100/100
|-damage|p1a: Crazy Diamond|88/100|[from] Stealth Rock
|move|p2a: Skarmory|Spikes|p1a: Crazy Diamond
|-sidestart|p1: howtheturntablez|Spikes
|
|-heal|p2a: Skarmory|93/100|[from] item: Leftovers
|upkeep
|turn|3
|
|t:|1779713185
|move|p1a: Crazy Diamond|Thunderbolt|p2a: Skarmory
|-supereffective|p2a: Skarmory
|-damage|p2a: Skarmory|31/100
|move|p2a: Skarmory|Spikes|p1a: Crazy Diamond
|-sidestart|p1: howtheturntablez|Spikes
|
|-heal|p2a: Skarmory|37/100|[from] item: Leftovers
|upkeep
|turn|4
|
|t:|1779713191
|move|p1a: Crazy Diamond|Thunderbolt|p2a: Skarmory
|-supereffective|p2a: Skarmory
|-damage|p2a: Skarmory|0 fnt
|faint|p2a: Skarmory
|
|upkeep
|
|t:|1779713199
|switch|p2a: Ogerpon|Ogerpon-Wellspring, F|100/100
|turn|5
|
|t:|1779713209
|move|p2a: Ogerpon|U-turn|p1a: Crazy Diamond
|-supereffective|p1a: Crazy Diamond
|-damage|p1a: Crazy Diamond|0 fnt
|faint|p1a: Crazy Diamond
|
|t:|1779713218
|switch|p2a: Gholdengo|Gholdengo|100/100|[from] U-turn
|
|upkeep
|
|t:|1779713232
|switch|p1a: Magician's Red|Blaziken, F|100/100
|-damage|p1a: Magician's Red|88/100|[from] Stealth Rock
|-item|p1a: Magician's Red|Air Balloon
|turn|6
|
|t:|1779713241
|move|p2a: Gholdengo|Trick|p1a: Magician's Red
|-activate|p2a: Gholdengo|move: Trick|[of] p1a: Magician's Red
|-item|p1a: Magician's Red|Choice Scarf|[from] move: Trick
|-item|p2a: Gholdengo|Air Balloon
|-item|p2a: Gholdengo|Air Balloon|[from] move: Trick
|move|p1a: Magician's Red|Knock Off|p2a: Gholdengo
|-supereffective|p2a: Gholdengo
|-damage|p2a: Gholdengo|27/100
|-enditem|p2a: Gholdengo|Air Balloon
|
|-ability|p1a: Magician's Red|Speed Boost|boost
|-boost|p1a: Magician's Red|spe|1
|upkeep
|turn|7
|
|t:|1779713253
|move|p1a: Magician's Red|Knock Off|p2a: Gholdengo
|-supereffective|p2a: Gholdengo
|-damage|p2a: Gholdengo|0 fnt
|faint|p2a: Gholdengo
|
|-ability|p1a: Magician's Red|Speed Boost|boost
|-boost|p1a: Magician's Red|spe|1
|upkeep
|
|t:|1779713256
|switch|p2a: Great Tusk|Great Tusk|100/100
|turn|8
|
|t:|1779713267
|switch|p1a: Killer Queen|Mienshao, F, shiny|100/100
|-damage|p1a: Killer Queen|95/100|[from] Stealth Rock
|-damage|p1a: Killer Queen|78/100|[from] Spikes
|move|p2a: Great Tusk|Earthquake|p1a: Killer Queen
|-damage|p1a: Killer Queen|0 fnt
|faint|p1a: Killer Queen
|
|upkeep
|
|t:|1779713283
|switch|p1a: Star Platinum|Lucario, M|100/100
|-damage|p1a: Star Platinum|98/100|[from] Stealth Rock
|-damage|p1a: Star Platinum|81/100|[from] Spikes
|turn|9
|
|t:|1779713292
|-terastallize|p1a: Star Platinum|Ground
|move|p1a: Star Platinum|Earthquake|p2a: Great Tusk
|-damage|p2a: Great Tusk|64/100
|move|p2a: Great Tusk|Earthquake|p1a: Star Platinum
|-damage|p1a: Star Platinum|1/100
|
|-heal|p2a: Great Tusk|70/100|[from] item: Leftovers
|upkeep
|turn|10
|
|t:|1779713300
|move|p1a: Star Platinum|Earthquake|p2a: Great Tusk
|-damage|p2a: Great Tusk|34/100
|move|p2a: Great Tusk|Rapid Spin|p1a: Star Platinum
|-damage|p1a: Star Platinum|0 fnt
|-boost|p2a: Great Tusk|spe|1
|faint|p1a: Star Platinum
|
|-heal|p2a: Great Tusk|40/100|[from] item: Leftovers
|upkeep
|-message|howtheturntablez forfeited.
|
|win|Nez_Otanura
|raw|howtheturntablez's rating: 1146 &rarr; <strong>1124</strong><br />(-22 for losing)
|raw|Nez_Otanura's rating: 1187 &rarr; <strong>1209</strong><br />(+22 for winning)
|l|☆howtheturntablez
|player|p1|
|l|☆Nez_Otanura
|player|p2|
