|j|☆abyssalcloud
|j|☆Sanchoflo
|t:|1779648546
|gametype|singles
|player|p1|abyssalcloud|n|1298
|player|p2|Sanchoflo|striker|1286
|gen|9
|tier|[Gen 9] OU
|rated|
|rule|HP Percentage Mod: HP is shown in percentages
|rule|Endless Battle Clause: Forcing endless battles is banned
|rule|Species Clause: Limit one of each Pokémon
|rule|OHKO Clause: OHKO moves are banned
|rule|Evasion Items Clause: Evasion items are banned
|rule|Evasion Moves Clause: Evasion moves are banned
|rule|Evasion Abilities Clause: Evasion abilities are banned
|rule|Sleep Moves Clause: Sleep-inducing moves are banned
|clearpoke
|poke|p1|Pelipper, M|
|poke|p1|Beartic, M|
|poke|p1|Basculegion-F, F|
|poke|p1|Hydrapple, M|
|poke|p1|Raging Bolt|
|poke|p1|Quaquaval, M|
|poke|p2|Garganacl, F|
|poke|p2|Darkrai|
|poke|p2|Great Tusk|
|poke|p2|Hatterene, F|
|poke|p2|Tornadus-Therian, M|
|poke|p2|Regieleki|
|teampreview
|inactive|Battle timer is ON: inactive players will automatically lose when time's up. (requested by Sanchoflo)
|inactive|abyssalcloud also wants the timer to be on.
|
|t:|1779648559
|teamsize|p1|6
|teamsize|p2|6
|start
|switch|p1a: Drizzle My Nizzle|Pelipper, M|100/100
|switch|p2a: Regieleki|Regieleki|100/100
|-weather|RainDance|[from] ability: Drizzle|[of] p1a: Drizzle My Nizzle
|turn|1
|
|t:|1779648588
|switch|p1a: Thunderclap Cheeks|Raging Bolt|100/100
|-enditem|p1a: Thunderclap Cheeks|Booster Energy
|-activate|p1a: Thunderclap Cheeks|ability: Protosynthesis|[fromitem]
|-start|p1a: Thunderclap Cheeks|protosynthesisspa
|move|p2a: Regieleki|Volt Switch|p1a: Thunderclap Cheeks
|-resisted|p1a: Thunderclap Cheeks
|-damage|p1a: Thunderclap Cheeks|88/100
|
|t:|1779648598
|switch|p2a: Great Tusk|Great Tusk|100/100|[from] Volt Switch
|-enditem|p2a: Great Tusk|Booster Energy
|-activate|p2a: Great Tusk|ability: Protosynthesis|[fromitem]
|-start|p2a: Great Tusk|protosynthesisatk
|
|-weather|RainDance|[upkeep]
|upkeep
|turn|2
|inactive|abyssalcloud has 120 seconds left.
|
|t:|1779648628
|-end|p1a: Thunderclap Cheeks|Protosynthesis|[silent]
|switch|p1a: Drizzle My Nizzle|Pelipper, M|100/100
|move|p2a: Great Tusk|Headlong Rush|p1a: Drizzle My Nizzle
|-immune|p1a: Drizzle My Nizzle
|
|-weather|RainDance|[upkeep]
|upkeep
|turn|3
|inactive|abyssalcloud has 120 seconds left.
|
|t:|1779648640
|-end|p2a: Great Tusk|Protosynthesis|[silent]
|switch|p2a: Tornadus|Tornadus-Therian, M, shiny|100/100
|move|p1a: Drizzle My Nizzle|Tailwind|p1a: Drizzle My Nizzle
|-sidestart|p1: abyssalcloud|move: Tailwind
|
|-weather|RainDance|[upkeep]
|upkeep
|turn|4
|inactive|abyssalcloud has 120 seconds left.
|
|t:|1779648646
|move|p2a: Tornadus|Knock Off|p1a: Drizzle My Nizzle
|-damage|p1a: Drizzle My Nizzle|87/100
|-enditem|p1a: Drizzle My Nizzle|Damp Rock|[from] move: Knock Off|[of] p2a: Tornadus
|move|p1a: Drizzle My Nizzle|U-turn|p2a: Tornadus
|-resisted|p2a: Tornadus
|-damage|p2a: Tornadus|96/100
|inactive|abyssalcloud has 120 seconds left.
|
|t:|1779648655
|switch|p1a: Thunderclap Cheeks|Raging Bolt|88/100|[from] U-turn
|
|-weather|RainDance|[upkeep]
|upkeep
|turn|5
|inactive|abyssalcloud has 120 seconds left.
|
|t:|1779648679
|-end|p1a: Thunderclap Cheeks|Protosynthesis|[silent]
|switch|p1a: Tired Mother Of 5|Basculegion-F, F|100/100
|switch|p2a: Hatterene|Hatterene, F|100/100
|
|-weather|RainDance|[upkeep]
|upkeep
|turn|6
|
|t:|1779648687
|move|p1a: Tired Mother Of 5|Shadow Ball|p2a: Hatterene
|-supereffective|p2a: Hatterene
|-damage|p2a: Hatterene|0 fnt
|faint|p2a: Hatterene
|
|-weather|RainDance|[upkeep]
|-sideend|p1: abyssalcloud|move: Tailwind
|upkeep
|
|t:|1779648693
|switch|p2a: Regieleki|Regieleki|100/100
|turn|7
|
|t:|1779648698
|switch|p1a: 5 Sons of Bascu|Hydrapple, M|100/100
|move|p2a: Regieleki|Volt Switch|p1a: 5 Sons of Bascu
|-resisted|p1a: 5 Sons of Bascu
|-damage|p1a: 5 Sons of Bascu|90/100
|
|t:|1779648705
|switch|p2a: Tornadus|Tornadus-Therian, M, shiny|100/100|[from] Volt Switch
|
|-weather|RainDance|[upkeep]
|upkeep
|turn|8
|
|t:|1779648716
|move|p2a: Tornadus|Bleakwind Storm|p1a: 5 Sons of Bascu
|-supereffective|p1a: 5 Sons of Bascu
|-damage|p1a: 5 Sons of Bascu|28/100
|move|p1a: 5 Sons of Bascu|Hydro Pump|p2a: Tornadus
|-damage|p2a: Tornadus|62/100
|
|-weather|none
|upkeep
|turn|9
|
|t:|1779648725
|switch|p1a: Thunderclap Cheeks|Raging Bolt|88/100
|move|p2a: Tornadus|U-turn|p1a: Thunderclap Cheeks
|-damage|p1a: Thunderclap Cheeks|76/100
|
|t:|1779648731
|switch|p2a: Great Tusk|Great Tusk|100/100|[from] U-turn
|
|upkeep
|turn|10
|
|t:|1779648738
|-end|p1a: Thunderclap Cheeks|Protosynthesis|[silent]
|switch|p1a: Drizzle My Nizzle|Pelipper, M|87/100
|-weather|RainDance|[from] ability: Drizzle|[of] p1a: Drizzle My Nizzle
|move|p2a: Great Tusk|Ice Spinner|p1a: Drizzle My Nizzle
|-damage|p1a: Drizzle My Nizzle|66/100
|
|-weather|RainDance|[upkeep]
|upkeep
|turn|11
|
|t:|1779648753
|-end|p2a: Great Tusk|Protosynthesis|[silent]
|switch|p2a: Regieleki|Regieleki|100/100
|move|p1a: Drizzle My Nizzle|Tailwind|p1a: Drizzle My Nizzle
|-sidestart|p1: abyssalcloud|move: Tailwind
|
|-weather|RainDance|[upkeep]
|upkeep
|turn|12
|
|t:|1779648763
|switch|p1a: 5 Sons of Bascu|Hydrapple, M|61/100
|move|p2a: Regieleki|Volt Switch|p1a: 5 Sons of Bascu
|-resisted|p1a: 5 Sons of Bascu
|-damage|p1a: 5 Sons of Bascu|50/100
|
|t:|1779648767
|switch|p2a: Tornadus|Tornadus-Therian, M, shiny|95/100|[from] Volt Switch
|
|-weather|RainDance|[upkeep]
|upkeep
|turn|13
|
|t:|1779648778
|switch|p1a: Thunderclap Cheeks|Raging Bolt|76/100
|move|p2a: Tornadus|Bleakwind Storm|p1a: Thunderclap Cheeks
|-resisted|p1a: Thunderclap Cheeks
|-damage|p1a: Thunderclap Cheeks|59/100
|-unboost|p1a: Thunderclap Cheeks|spe|1
|
|-weather|RainDance|[upkeep]
|upkeep
|turn|14
|
|t:|1779648794
|move|p2a: Tornadus|U-turn|p1a: Thunderclap Cheeks
|-damage|p1a: Thunderclap Cheeks|45/100
|
|t:|1779648798
|switch|p2a: Great Tusk|Great Tusk|100/100|[from] U-turn
|move|p1a: Thunderclap Cheeks|Draco Meteor|p2a: Great Tusk
|-damage|p2a: Great Tusk|0 fnt
|-unboost|p1a: Thunderclap Cheeks|spa|2
|faint|p2a: Great Tusk
|-end|p2a: Great Tusk|Protosynthesis|[silent]
|
|-weather|none
|-sideend|p1: abyssalcloud|move: Tailwind
|upkeep
|
|t:|1779648803
|switch|p2a: Garganacl|Garganacl, F|100/100
|turn|15
|
|t:|1779648823
|-end|p1a: Thunderclap Cheeks|Protosynthesis|[silent]
|switch|p1a: 5 Sons of Bascu|Hydrapple, M|84/100
|move|p2a: Garganacl|Salt Cure|p1a: 5 Sons of Bascu
|-crit|p1a: 5 Sons of Bascu
|-damage|p1a: 5 Sons of Bascu|69/100
|-start|p1a: 5 Sons of Bascu|Salt Cure
|
|-damage|p1a: 5 Sons of Bascu|56/100|[from] Salt Cure
|upkeep
|turn|16
|
|t:|1779648833
|move|p1a: 5 Sons of Bascu|Giga Drain|p2a: Garganacl
|-supereffective|p2a: Garganacl
|-damage|p2a: Garganacl|52/100
|-heal|p1a: 5 Sons of Bascu|79/100|[from] drain|[of] p2a: Garganacl
|move|p2a: Garganacl|Stealth Rock|p1a: 5 Sons of Bascu
|-sidestart|p1: abyssalcloud|move: Stealth Rock
|
|-heal|p2a: Garganacl|59/100|[from] item: Leftovers
|-damage|p1a: 5 Sons of Bascu|67/100|[from] Salt Cure
|upkeep
|turn|17
|
|t:|1779648843
|switch|p2a: Tornadus|Tornadus-Therian, M, shiny|100/100
|move|p1a: 5 Sons of Bascu|Giga Drain|p2a: Tornadus
|-resisted|p2a: Tornadus
|-damage|p2a: Tornadus|88/100
|-heal|p1a: 5 Sons of Bascu|72/100|[from] drain|[of] p2a: Tornadus
|
|-damage|p1a: 5 Sons of Bascu|59/100|[from] Salt Cure
|upkeep
|turn|18
|
|t:|1779648853
|switch|p1a: Thunderclap Cheeks|Raging Bolt|45/100
|-damage|p1a: Thunderclap Cheeks|32/100|[from] Stealth Rock
|move|p2a: Tornadus|Bleakwind Storm|p1a: Thunderclap Cheeks
|-resisted|p1a: Thunderclap Cheeks
|-damage|p1a: Thunderclap Cheeks|14/100
|
|upkeep
|turn|19
|
|t:|1779648861
|move|p1a: Thunderclap Cheeks|Thunderclap|p2a: Tornadus
|-supereffective|p2a: Tornadus
|-damage|p2a: Tornadus|31/100
|move|p2a: Tornadus|Bleakwind Storm|p1a: Thunderclap Cheeks|[miss]
|-miss|p2a: Tornadus|p1a: Thunderclap Cheeks
|
|upkeep
|turn|20
|
|t:|1779648868
|switch|p2a: Regieleki|Regieleki|100/100
|move|p1a: Thunderclap Cheeks|Thunderclap||[still]
|-fail|p1a: Thunderclap Cheeks
|
|upkeep
|turn|21
|
|t:|1779648876
|-end|p1a: Thunderclap Cheeks|Protosynthesis|[silent]
|switch|p1a: 5 Sons of Bascu|Hydrapple, M|93/100
|move|p2a: Regieleki|Rapid Spin|p1a: 5 Sons of Bascu
|-damage|p1a: 5 Sons of Bascu|85/100
|-boost|p2a: Regieleki|spe|1
|
|upkeep
|turn|22
|
|t:|1779648888
|move|p2a: Regieleki|Volt Switch|p1a: 5 Sons of Bascu
|-resisted|p1a: 5 Sons of Bascu
|-damage|p1a: 5 Sons of Bascu|75/100
|
|t:|1779648891
|switch|p2a: Tornadus|Tornadus-Therian, M, shiny|64/100|[from] Volt Switch
|move|p1a: 5 Sons of Bascu|Nasty Plot|p1a: 5 Sons of Bascu
|-boost|p1a: 5 Sons of Bascu|spa|2
|
|upkeep
|turn|23
|
|t:|1779648905
|move|p2a: Tornadus|Bleakwind Storm|p1a: 5 Sons of Bascu
|-supereffective|p1a: 5 Sons of Bascu
|-damage|p1a: 5 Sons of Bascu|16/100
|move|p1a: 5 Sons of Bascu|Draco Meteor|p2a: Tornadus
|-damage|p2a: Tornadus|0 fnt
|-unboost|p1a: 5 Sons of Bascu|spa|2
|faint|p2a: Tornadus
|
|upkeep
|
|t:|1779648911
|switch|p2a: Regieleki|Regieleki|100/100
|turn|24
|
|t:|1779648920
|switch|p1a: Thunderclap Cheeks|Raging Bolt|14/100
|-damage|p1a: Thunderclap Cheeks|2/100|[from] Stealth Rock
|move|p2a: Regieleki|Electro Ball|p1a: Thunderclap Cheeks
|-resisted|p1a: Thunderclap Cheeks
|-damage|p1a: Thunderclap Cheeks|0 fnt
|faint|p1a: Thunderclap Cheeks
|-end|p1a: Thunderclap Cheeks|Protosynthesis|[silent]
|
|upkeep
|
|t:|1779648941
|switch|p1a: Drizzle My Nizzle|Pelipper, M|66/100
|-damage|p1a: Drizzle My Nizzle|41/100|[from] Stealth Rock
|-weather|RainDance|[from] ability: Drizzle|[of] p1a: Drizzle My Nizzle
|turn|25
|
|t:|1779648948
|switch|p1a: 5 Sons of Bascu|Hydrapple, M|49/100
|move|p2a: Regieleki|Electro Ball|p1a: 5 Sons of Bascu
|-resisted|p1a: 5 Sons of Bascu
|-damage|p1a: 5 Sons of Bascu|29/100
|
|-weather|RainDance|[upkeep]
|upkeep
|turn|26
|
|t:|1779648957
|move|p2a: Regieleki|Electro Ball|p1a: 5 Sons of Bascu
|-resisted|p1a: 5 Sons of Bascu
|-crit|p1a: 5 Sons of Bascu
|-damage|p1a: 5 Sons of Bascu|0 fnt
|faint|p1a: 5 Sons of Bascu
|
|-weather|RainDance|[upkeep]
|upkeep
|
|t:|1779648975
|switch|p1a: Me When I'm Goated|Beartic, M|100/100
|-damage|p1a: Me When I'm Goated|76/100|[from] Stealth Rock
|turn|27
|
|t:|1779648984
|move|p2a: Regieleki|Electro Ball|p1a: Me When I'm Goated
|-damage|p1a: Me When I'm Goated|26/100
|move|p1a: Me When I'm Goated|Earthquake|p2a: Regieleki
|-supereffective|p2a: Regieleki
|-damage|p2a: Regieleki|0 fnt
|faint|p2a: Regieleki
|
|-weather|RainDance|[upkeep]
|upkeep
|
|t:|1779648988
|switch|p2a: Darkrai|Darkrai|100/100
|turn|28
|
|t:|1779648996
|-terastallize|p1a: Me When I'm Goated|Water
|move|p1a: Me When I'm Goated|Liquidation|p2a: Darkrai
|-damage|p2a: Darkrai|16/100
|-unboost|p2a: Darkrai|def|1
|move|p2a: Darkrai|Dark Pulse|p1a: Me When I'm Goated
|-damage|p1a: Me When I'm Goated|0 fnt
|faint|p1a: Me When I'm Goated
|
|-weather|RainDance|[upkeep]
|upkeep
|
|t:|1779649009
|switch|p1a: Lil Uzi Squirt|Quaquaval, M|100/100
|turn|29
|
|t:|1779649019
|move|p2a: Darkrai|Dark Pulse|p1a: Lil Uzi Squirt
|-resisted|p1a: Lil Uzi Squirt
|-damage|p1a: Lil Uzi Squirt|56/100
|move|p1a: Lil Uzi Squirt|Aqua Step|p2a: Darkrai
|-damage|p2a: Darkrai|0 fnt
|-boost|p1a: Lil Uzi Squirt|spe|1
|faint|p2a: Darkrai
|-ability|p1a: Lil Uzi Squirt|Moxie|boost
|-boost|p1a: Lil Uzi Squirt|atk|1
|
|-weather|none
|upkeep
|
|t:|1779649022
|switch|p2a: Garganacl|Garganacl, F|59/100
|turn|30
|
|t:|1779649032
|-terastallize|p2a: Garganacl|Water
|move|p1a: Lil Uzi Squirt|Aqua Step|p2a: Garganacl
|-resisted|p2a: Garganacl
|-damage|p2a: Garganacl|35/100
|-boost|p1a: Lil Uzi Squirt|spe|1
|move|p2a: Garganacl|Salt Cure|p1a: Lil Uzi Squirt
|-resisted|p1a: Lil Uzi Squirt
|-damage|p1a: Lil Uzi Squirt|47/100
|-start|p1a: Lil Uzi Squirt|Salt Cure
|
|-heal|p2a: Garganacl|42/100|[from] item: Leftovers
|-damage|p1a: Lil Uzi Squirt|22/100|[from] Salt Cure
|upkeep
|turn|31
|
|t:|1779649062
|move|p2a: Garganacl|Protect|p2a: Garganacl
|-singleturn|p2a: Garganacl|Protect
|move|p1a: Lil Uzi Squirt|Rapid Spin|p2a: Garganacl
|-activate|p2a: Garganacl|move: Protect
|
|-heal|p2a: Garganacl|48/100|[from] item: Leftovers
|-damage|p1a: Lil Uzi Squirt|0 fnt|[from] Salt Cure
|faint|p1a: Lil Uzi Squirt
|upkeep
|inactive|abyssalcloud has 120 seconds left.
|
|t:|1779649084
|switch|p1a: Drizzle My Nizzle|Pelipper, M|41/100
|-damage|p1a: Drizzle My Nizzle|17/100|[from] Stealth Rock
|-weather|RainDance|[from] ability: Drizzle|[of] p1a: Drizzle My Nizzle
|turn|32
|
|t:|1779649093
|move|p1a: Drizzle My Nizzle|Roost|p1a: Drizzle My Nizzle
|-heal|p1a: Drizzle My Nizzle|67/100
|-singleturn|p1a: Drizzle My Nizzle|move: Roost
|move|p2a: Garganacl|Recover|p2a: Garganacl
|-heal|p2a: Garganacl|98/100
|
|-weather|RainDance|[upkeep]
|-heal|p2a: Garganacl|100/100|[from] item: Leftovers
|upkeep
|turn|33
|inactive|abyssalcloud has 120 seconds left.
|
|t:|1779649103
|move|p1a: Drizzle My Nizzle|Roost|p1a: Drizzle My Nizzle
|-heal|p1a: Drizzle My Nizzle|100/100
|-singleturn|p1a: Drizzle My Nizzle|move: Roost
|move|p2a: Garganacl|Salt Cure|p1a: Drizzle My Nizzle
|-damage|p1a: Drizzle My Nizzle|89/100
|-start|p1a: Drizzle My Nizzle|Salt Cure
|
|-weather|RainDance|[upkeep]
|-damage|p1a: Drizzle My Nizzle|64/100|[from] Salt Cure
|upkeep
|turn|34
|
|t:|1779649113
|move|p1a: Drizzle My Nizzle|Hurricane|p2a: Garganacl
|-damage|p2a: Garganacl|76/100
|move|p2a: Garganacl|Stealth Rock||[still]
|-fail|p2a: Garganacl
|
|-weather|RainDance|[upkeep]
|-heal|p2a: Garganacl|82/100|[from] item: Leftovers
|-damage|p1a: Drizzle My Nizzle|40/100|[from] Salt Cure
|upkeep
|turn|35
|
|t:|1779649123
|switch|p1a: Tired Mother Of 5|Basculegion-F, F|100/100
|-damage|p1a: Tired Mother Of 5|88/100|[from] Stealth Rock
|move|p2a: Garganacl|Stealth Rock||[still]
|-fail|p2a: Garganacl
|
|-weather|RainDance|[upkeep]
|-heal|p2a: Garganacl|88/100|[from] item: Leftovers
|upkeep
|turn|36
|
|t:|1779649132
|move|p1a: Tired Mother Of 5|Surf|p2a: Garganacl
|-resisted|p2a: Garganacl
|-damage|p2a: Garganacl|55/100
|move|p2a: Garganacl|Salt Cure|p1a: Tired Mother Of 5
|-damage|p1a: Tired Mother Of 5|71/100
|-start|p1a: Tired Mother Of 5|Salt Cure
|
|-weather|none
|-heal|p2a: Garganacl|61/100|[from] item: Leftovers
|-damage|p1a: Tired Mother Of 5|46/100|[from] Salt Cure
|upkeep
|turn|37
|
|t:|1779649144
|switch|p1a: Drizzle My Nizzle|Pelipper, M|40/100
|-damage|p1a: Drizzle My Nizzle|15/100|[from] Stealth Rock
|-weather|RainDance|[from] ability: Drizzle|[of] p1a: Drizzle My Nizzle
|move|p2a: Garganacl|Stealth Rock||[still]
|-fail|p2a: Garganacl
|
|-weather|RainDance|[upkeep]
|-heal|p2a: Garganacl|67/100|[from] item: Leftovers
|upkeep
|turn|38
|
|t:|1779649154
|move|p1a: Drizzle My Nizzle|Roost|p1a: Drizzle My Nizzle
|-heal|p1a: Drizzle My Nizzle|65/100
|-singleturn|p1a: Drizzle My Nizzle|move: Roost
|move|p2a: Garganacl|Salt Cure|p1a: Drizzle My Nizzle
|-damage|p1a: Drizzle My Nizzle|54/100
|-start|p1a: Drizzle My Nizzle|Salt Cure
|
|-weather|RainDance|[upkeep]
|-heal|p2a: Garganacl|73/100|[from] item: Leftovers
|-damage|p1a: Drizzle My Nizzle|29/100|[from] Salt Cure
|upkeep
|turn|39
|
|t:|1779649165
|move|p1a: Drizzle My Nizzle|Roost|p1a: Drizzle My Nizzle
|-heal|p1a: Drizzle My Nizzle|79/100
|-singleturn|p1a: Drizzle My Nizzle|move: Roost
|move|p2a: Garganacl|Salt Cure|p1a: Drizzle My Nizzle
|-damage|p1a: Drizzle My Nizzle|69/100
|
|-weather|RainDance|[upkeep]
|-heal|p2a: Garganacl|79/100|[from] item: Leftovers
|-damage|p1a: Drizzle My Nizzle|44/100|[from] Salt Cure
|upkeep
|turn|40
|
|t:|1779649175
|move|p1a: Drizzle My Nizzle|Roost|p1a: Drizzle My Nizzle
|-heal|p1a: Drizzle My Nizzle|94/100
|-singleturn|p1a: Drizzle My Nizzle|move: Roost
|move|p2a: Garganacl|Stealth Rock||[still]
|-fail|p2a: Garganacl
|
|-weather|RainDance|[upkeep]
|-heal|p2a: Garganacl|86/100|[from] item: Leftovers
|-damage|p1a: Drizzle My Nizzle|70/100|[from] Salt Cure
|upkeep
|turn|41
|
|t:|1779649186
|move|p1a: Drizzle My Nizzle|Hurricane|p2a: Garganacl
|-damage|p2a: Garganacl|59/100
|-start|p2a: Garganacl|confusion
|-activate|p2a: Garganacl|confusion
|move|p2a: Garganacl|Salt Cure|p1a: Drizzle My Nizzle
|-supereffective|p1a: Drizzle My Nizzle
|-damage|p1a: Drizzle My Nizzle|47/100
|
|-weather|none
|-heal|p2a: Garganacl|66/100|[from] item: Leftovers
|-damage|p1a: Drizzle My Nizzle|22/100|[from] Salt Cure
|upkeep
|turn|42
|
|t:|1779649200
|move|p1a: Drizzle My Nizzle|Roost|p1a: Drizzle My Nizzle
|-heal|p1a: Drizzle My Nizzle|73/100
|-singleturn|p1a: Drizzle My Nizzle|move: Roost
|-activate|p2a: Garganacl|confusion
|move|p2a: Garganacl|Salt Cure|p1a: Drizzle My Nizzle
|-damage|p1a: Drizzle My Nizzle|62/100
|
|-heal|p2a: Garganacl|72/100|[from] item: Leftovers
|-damage|p1a: Drizzle My Nizzle|38/100|[from] Salt Cure
|upkeep
|turn|43
|
|t:|1779649211
|switch|p1a: Tired Mother Of 5|Basculegion-F, F|46/100
|-damage|p1a: Tired Mother Of 5|34/100|[from] Stealth Rock
|-activate|p2a: Garganacl|confusion
|move|p2a: Garganacl|Salt Cure|p1a: Tired Mother Of 5
|-crit|p1a: Tired Mother Of 5
|-damage|p1a: Tired Mother Of 5|8/100
|-start|p1a: Tired Mother Of 5|Salt Cure
|
|-heal|p2a: Garganacl|78/100|[from] item: Leftovers
|-damage|p1a: Tired Mother Of 5|0 fnt|[from] Salt Cure
|faint|p1a: Tired Mother Of 5
|upkeep
|c|☆Sanchoflo|gg
|
|t:|1779649222
|switch|p1a: Drizzle My Nizzle|Pelipper, M|38/100
|-damage|p1a: Drizzle My Nizzle|13/100|[from] Stealth Rock
|-weather|RainDance|[from] ability: Drizzle|[of] p1a: Drizzle My Nizzle
|turn|44
|
|t:|1779649228
|move|p1a: Drizzle My Nizzle|Roost|p1a: Drizzle My Nizzle
|-heal|p1a: Drizzle My Nizzle|63/100
|-singleturn|p1a: Drizzle My Nizzle|move: Roost
|-end|p2a: Garganacl|confusion
|move|p2a: Garganacl|Salt Cure|p1a: Drizzle My Nizzle
|-damage|p1a: Drizzle My Nizzle|52/100
|-start|p1a: Drizzle My Nizzle|Salt Cure
|
|-weather|RainDance|[upkeep]
|-heal|p2a: Garganacl|84/100|[from] item: Leftovers
|-damage|p1a: Drizzle My Nizzle|27/100|[from] Salt Cure
|upkeep
|turn|45
|
|t:|1779649240
|move|p1a: Drizzle My Nizzle|Roost|p1a: Drizzle My Nizzle
|-heal|p1a: Drizzle My Nizzle|77/100
|-singleturn|p1a: Drizzle My Nizzle|move: Roost
|move|p2a: Garganacl|Stealth Rock||[still]
|-fail|p2a: Garganacl
|
|-weather|RainDance|[upkeep]
|-heal|p2a: Garganacl|90/100|[from] item: Leftovers
|-damage|p1a: Drizzle My Nizzle|53/100|[from] Salt Cure
|upkeep
|turn|46
|
|t:|1779649250
|move|p2a: Garganacl|Protect|p2a: Garganacl
|-singleturn|p2a: Garganacl|Protect
|move|p1a: Drizzle My Nizzle|Hurricane|p2a: Garganacl
|-activate|p2a: Garganacl|move: Protect
|
|-weather|RainDance|[upkeep]
|-heal|p2a: Garganacl|97/100|[from] item: Leftovers
|-damage|p1a: Drizzle My Nizzle|28/100|[from] Salt Cure
|upkeep
|turn|47
|
|t:|1779649259
|move|p1a: Drizzle My Nizzle|Hurricane|p2a: Garganacl
|-damage|p2a: Garganacl|72/100
|-start|p2a: Garganacl|confusion
|-activate|p2a: Garganacl|confusion
|-damage|p2a: Garganacl|65/100|[from] confusion
|
|-weather|RainDance|[upkeep]
|-heal|p2a: Garganacl|72/100|[from] item: Leftovers
|-damage|p1a: Drizzle My Nizzle|3/100|[from] Salt Cure
|upkeep
|turn|48
|
|t:|1779649269
|move|p1a: Drizzle My Nizzle|Hurricane|p2a: Garganacl
|-damage|p2a: Garganacl|46/100
|-activate|p2a: Garganacl|confusion
|move|p2a: Garganacl|Stealth Rock||[still]
|-fail|p2a: Garganacl
|
|-weather|none
|-heal|p2a: Garganacl|52/100|[from] item: Leftovers
|-damage|p1a: Drizzle My Nizzle|0 fnt|[from] Salt Cure
|faint|p1a: Drizzle My Nizzle
|
|win|Sanchoflo
|raw|abyssalcloud's rating: 1298 &rarr; <strong>1272</strong><br />(-26 for losing)
|raw|Sanchoflo's rating: 1286 &rarr; <strong>1312</strong><br />(+26 for winning)
|l|☆abyssalcloud
|player|p1|
|l|☆Sanchoflo
|player|p2|
