|j|☆icewizardlair☃
|j|☆baodan9113
|t:|1779718074
|gametype|singles
|player|p1|icewizardlair☃|lorelei-lgpe|1099
|player|p2|baodan9113|steven|1146
|gen|9
|tier|[Gen 9] OU
|rated|
|rule|HP Percentage Mod: HP is shown in percentages
|rule|Endless Battle Clause: Forcing endless battles is banned
|rule|Species Clause: Limit one of each Pokémon
|rule|OHKO Clause: OHKO moves are banned
|rule|Evasion Items Clause: Evasion items are banned
|rule|Evasion Moves Clause: Evasion moves are banned
|rule|Evasion Abilities Clause: Evasion abilities are banned
|rule|Sleep Moves Clause: Sleep-inducing moves are banned
|clearpoke
|poke|p1|Chesnaught, M|
|poke|p1|Ninetales-Alola, F|
|poke|p1|Kilowattrel, M|
|poke|p1|Flygon, F|
|poke|p1|Lurantis, F|
|poke|p1|Grafaiai, M|
|poke|p2|Gholdengo|
|poke|p2|Corviknight, F|
|poke|p2|Kingambit, M|
|poke|p2|Arcanine-Hisui, M|
|poke|p2|Samurott-Hisui, M|
|poke|p2|Landorus-Therian, M|
|teampreview
|inactive|Battle timer is ON: inactive players will automatically lose when time's up. (requested by icewizardlair☃)
|
|t:|1779718081
|teamsize|p1|6
|teamsize|p2|6
|start
|switch|p1a: Flygon|Flygon, F|100/100
|switch|p2a: Samurott|Samurott-Hisui, M|100/100
|turn|1
|
|t:|1779718092
|move|p1a: Flygon|First Impression|p2a: Samurott
|-supereffective|p2a: Samurott
|-damage|p2a: Samurott|18/100
|-damage|p1a: Flygon|91/100|[from] item: Life Orb
|move|p2a: Samurott|Razor Shell|p1a: Flygon
|-damage|p1a: Flygon|20/100
|-unboost|p1a: Flygon|def|1
|
|upkeep
|turn|2
|
|t:|1779718106
|switch|p1a: Ninetales|Ninetales-Alola, F|100/100
|-weather|Snowscape|[from] ability: Snow Warning|[of] p1a: Ninetales
|move|p2a: Samurott|Sucker Punch||[still]
|-fail|p2a: Samurott
|
|-weather|Snowscape|[upkeep]
|upkeep
|turn|3
|
|t:|1779718120
|switch|p2a: Gholdengo|Gholdengo|100/100
|move|p1a: Ninetales|Aurora Veil|p1a: Ninetales
|-sidestart|p1: icewizardlair☃|move: Aurora Veil
|
|-weather|Snowscape|[upkeep]
|upkeep
|turn|4
|
|t:|1779718135
|switch|p1a: Lurantis|Lurantis, F|100/100
|move|p2a: Gholdengo|Thunder Wave|p1a: Lurantis
|-status|p1a: Lurantis|par
|
|-weather|Snowscape|[upkeep]
|upkeep
|turn|5
|
|t:|1779718149
|move|p2a: Gholdengo|Hex|p1a: Lurantis
|-damage|p1a: Lurantis|63/100 par
|move|p1a: Lurantis|Leaf Storm|p2a: Gholdengo
|-resisted|p2a: Gholdengo
|-damage|p2a: Gholdengo|83/100
|-boost|p1a: Lurantis|spa|2
|
|-weather|Snowscape|[upkeep]
|-heal|p2a: Gholdengo|89/100|[from] item: Leftovers
|upkeep
|turn|6
|
|t:|1779718160
|move|p2a: Gholdengo|Hex|p1a: Lurantis
|-damage|p1a: Lurantis|30/100 par
|cant|p1a: Lurantis|par
|
|-weather|none
|-heal|p2a: Gholdengo|95/100|[from] item: Leftovers
|upkeep
|turn|7
|
|t:|1779718168
|move|p2a: Gholdengo|Hex|p1a: Lurantis
|-damage|p1a: Lurantis|0 fnt
|faint|p1a: Lurantis
|
|-heal|p2a: Gholdengo|100/100|[from] item: Leftovers
|upkeep
|
|t:|1779718175
|switch|p1a: Thunder Child|Kilowattrel, M|100/100
|turn|8
|
|t:|1779718186
|move|p1a: Thunder Child|Thunderbolt|p2a: Gholdengo
|-damage|p2a: Gholdengo|62/100
|move|p2a: Gholdengo|Make It Rain|p1a: Thunder Child
|-resisted|p1a: Thunder Child
|-crit|p1a: Thunder Child
|-damage|p1a: Thunder Child|0 fnt
|-unboost|p2a: Gholdengo|spa|1
|faint|p1a: Thunder Child
|
|-heal|p2a: Gholdengo|68/100|[from] item: Leftovers
|upkeep
|inactive|icewizardlair☃ has 120 seconds left.
|
|t:|1779718226
|switch|p1a: Flygon|Flygon, F|20/100
|turn|9
|
|t:|1779718233
|switch|p2a: Landorus|Landorus-Therian, M|100/100
|-ability|p2a: Landorus|Intimidate|boost
|-unboost|p1a: Flygon|atk|1
|move|p1a: Flygon|Earthquake|p2a: Landorus
|-immune|p2a: Landorus
|
|upkeep
|turn|10
|
|t:|1779718247
|move|p2a: Landorus|U-turn|p1a: Flygon
|-damage|p1a: Flygon|2/100
|
|t:|1779718250
|switch|p2a: Corviknight|Corviknight, F|100/100|[from] U-turn
|move|p1a: Flygon|Throat Chop|p2a: Corviknight
|-damage|p2a: Corviknight|87/100
|-start|p2a: Corviknight|Throat Chop|[silent]
|-damage|p1a: Flygon|0 fnt|[from] item: Rocky Helmet|[of] p2a: Corviknight
|faint|p1a: Flygon
|
|-sideend|p1: icewizardlair☃|move: Aurora Veil
|upkeep
|-message|icewizardlair☃ forfeited.
|
|win|baodan9113
|raw|icewizardlair☃'s rating: 1099 &rarr; <strong>1077</strong><br />(-22 for losing)
|raw|baodan9113's rating: 1146 &rarr; <strong>1168</strong><br />(+22 for winning)
|l|☆icewizardlair☃
|player|p1|
|l|☆baodan9113
|player|p2|
