|j|‽legendaryx8
|j|☆BerTheBlackestOne
|t:|1779559054
|gametype|singles
|player|p1|legendaryx8|cameraman|1188
|player|p2|BerTheBlackestOne|samsonoak|1208
|gen|9
|tier|[Gen 9] OU
|rated|
|rule|HP Percentage Mod: HP is shown in percentages
|rule|Endless Battle Clause: Forcing endless battles is banned
|rule|Species Clause: Limit one of each Pokémon
|rule|OHKO Clause: OHKO moves are banned
|rule|Evasion Items Clause: Evasion items are banned
|rule|Evasion Moves Clause: Evasion moves are banned
|rule|Evasion Abilities Clause: Evasion abilities are banned
|rule|Sleep Moves Clause: Sleep-inducing moves are banned
|clearpoke
|poke|p1|Porygon2|
|poke|p1|Ursaluna, M|
|poke|p1|Hatterene, F|
|poke|p1|Dragonite, F|
|poke|p1|Iron Hands|
|poke|p1|Cresselia, F|
|poke|p2|Floragato, F|
|poke|p2|Crocalor, F|
|poke|p2|Snorlax, M|
|poke|p2|Decidueye-Hisui, F|
|poke|p2|Arcanine, M|
|poke|p2|Dunsparce, F|
|teampreview
|inactive|Battle timer is ON: inactive players will automatically lose when time's up. (requested by legendaryx8)
|inactive|BerTheBlackestOne has 120 seconds left.
|
|t:|1779559088
|teamsize|p1|6
|teamsize|p2|6
|start
|switch|p1a: Dragonite|Dragonite, F, shiny|100/100
|switch|p2a: IfYouLoveMeTonight|Floragato, F|100/100
|turn|1
|
|t:|1779559109
|move|p2a: IfYouLoveMeTonight|U-turn|p1a: Dragonite
|-start|p2a: IfYouLoveMeTonight|typechange|Bug|[from] ability: Protean
|-resisted|p1a: Dragonite
|-damage|p1a: Dragonite|76/100
|
|t:|1779559121
|switch|p2a: Quesadillas|Crocalor, F|100/100|[from] U-turn
|move|p1a: Dragonite|Dragon Dance|p1a: Dragonite
|-boost|p1a: Dragonite|atk|1
|-boost|p1a: Dragonite|spe|1
|
|upkeep
|turn|2
|inactive|BerTheBlackestOne has 120 seconds left.
|inactive|legendaryx8 has 120 seconds left.
|c|☆BerTheBlackestOne|BUENAS AMIGOOOOO!
|c|☆BerTheBlackestOne|COMO ESTAS
|inactive|legendaryx8 has 90 seconds left.
|c|☆BerTheBlackestOne|CONOCES QUESADILLAS?
|c|☆BerTheBlackestOne|ERES MI HERMANO
|c|☆BerTheBlackestOne|MUY DELICIAS
|
|t:|1779559197
|move|p1a: Dragonite|Extreme Speed|p2a: Quesadillas
|-crit|p2a: Quesadillas
|-damage|p2a: Quesadillas|76/100
|move|p2a: Quesadillas|Will-O-Wisp|p1a: Dragonite
|-status|p1a: Dragonite|brn
|
|-damage|p1a: Dragonite|70/100 brn|[from] brn
|upkeep
|turn|3
|c|☆BerTheBlackestOne|EN MY TIERRA NATAL
|inactive|BerTheBlackestOne has 120 seconds left.
|
|t:|1779559211
|switch|p1a: Cresselia|Cresselia, F|100/100
|move|p2a: Quesadillas|Will-O-Wisp|p1a: Cresselia
|-status|p1a: Cresselia|brn
|
|-damage|p1a: Cresselia|94/100 brn|[from] brn
|upkeep
|turn|4
|inactive|BerTheBlackestOne has 120 seconds left.
|
|t:|1779559242
|move|p2a: Quesadillas|Encore||[still]
|-fail|p2a: Quesadillas
|move|p1a: Cresselia|Trick Room|p1a: Cresselia
|-fieldstart|move: Trick Room|[of] p1a: Cresselia
|
|-damage|p1a: Cresselia|88/100 brn|[from] brn
|upkeep
|turn|5
|inactive|legendaryx8 has 60 seconds left.
|
|t:|1779559269
|move|p2a: Quesadillas|Will-O-Wisp|p1a: Cresselia
|-fail|p1a: Cresselia|brn
|move|p1a: Cresselia|Psychic|p2a: Quesadillas
|-damage|p2a: Quesadillas|51/100
|
|-damage|p1a: Cresselia|82/100 brn|[from] brn
|upkeep
|turn|6
|
|t:|1779559277
|move|p2a: Quesadillas|Slack Off|p2a: Quesadillas
|-heal|p2a: Quesadillas|100/100
|move|p1a: Cresselia|Psychic|p2a: Quesadillas
|-damage|p2a: Quesadillas|77/100
|-unboost|p2a: Quesadillas|spd|1
|
|-damage|p1a: Cresselia|76/100 brn|[from] brn
|upkeep
|turn|7
|
|t:|1779559289
|switch|p2a: Nivanilson|Snorlax, M|100/100
|move|p1a: Cresselia|Psychic|p2a: Nivanilson
|-damage|p2a: Nivanilson|89/100
|
|-heal|p2a: Nivanilson|95/100|[from] item: Leftovers
|-damage|p1a: Cresselia|70/100 brn|[from] brn
|upkeep
|turn|8
|
|t:|1779559303
|move|p2a: Nivanilson|Curse|p2a: Nivanilson
|-unboost|p2a: Nivanilson|spe|1
|-boost|p2a: Nivanilson|atk|1
|-boost|p2a: Nivanilson|def|1
|move|p1a: Cresselia|Lunar Dance|p1a: Cresselia
|faint|p1a: Cresselia
|
|-heal|p2a: Nivanilson|100/100|[from] item: Leftovers
|-fieldend|move: Trick Room
|upkeep
|
|t:|1779559312
|switch|p1a: Dragonite|Dragonite, F, shiny|70/100 brn
|-heal|p1a: Dragonite|100/100|[from] move: Lunar Dance
|turn|9
|
|t:|1779559323
|move|p1a: Dragonite|Dragon Dance|p1a: Dragonite
|-boost|p1a: Dragonite|atk|1
|-boost|p1a: Dragonite|spe|1
|move|p2a: Nivanilson|Curse|p2a: Nivanilson
|-unboost|p2a: Nivanilson|spe|1
|-boost|p2a: Nivanilson|atk|1
|-boost|p2a: Nivanilson|def|1
|
|upkeep
|turn|10
|
|t:|1779559333
|move|p1a: Dragonite|Dragon Dance|p1a: Dragonite
|-boost|p1a: Dragonite|atk|1
|-boost|p1a: Dragonite|spe|1
|move|p2a: Nivanilson|Curse|p2a: Nivanilson
|-unboost|p2a: Nivanilson|spe|1
|-boost|p2a: Nivanilson|atk|1
|-boost|p2a: Nivanilson|def|1
|
|upkeep
|turn|11
|
|t:|1779559341
|move|p1a: Dragonite|Dragon Dance|p1a: Dragonite
|-boost|p1a: Dragonite|atk|1
|-boost|p1a: Dragonite|spe|1
|move|p2a: Nivanilson|Body Slam|p1a: Dragonite
|-damage|p1a: Dragonite|13/100
|
|upkeep
|turn|12
|
|t:|1779559351
|move|p1a: Dragonite|Outrage|p2a: Nivanilson
|-damage|p2a: Nivanilson|46/100
|move|p2a: Nivanilson|Body Slam|p1a: Dragonite
|-damage|p1a: Dragonite|0 fnt
|faint|p1a: Dragonite
|
|-heal|p2a: Nivanilson|52/100|[from] item: Leftovers
|upkeep
|
|t:|1779559364
|switch|p1a: Porygon2|Porygon2|100/100
|-ability|p1a: Porygon2|Thick Fat|Trace|[from] ability: Trace|[of] p2a: Nivanilson
|turn|13
|
|t:|1779559393
|-terastallize|p1a: Porygon2|Normal
|move|p1a: Porygon2|Hyper Beam|p2a: Nivanilson
|-damage|p2a: Nivanilson|4/100
|-mustrecharge|p1a: Porygon2
|move|p2a: Nivanilson|Body Slam|p1a: Porygon2
|-damage|p1a: Porygon2|48/100
|
|-heal|p2a: Nivanilson|11/100|[from] item: Leftovers
|upkeep
|turn|14
|inactive|legendaryx8 has 90 seconds left.
|
|t:|1779559407
|cant|p1a: Porygon2|recharge
|move|p2a: Nivanilson|Rest|p2a: Nivanilson
|-status|p2a: Nivanilson|slp|[from] move: Rest
|-heal|p2a: Nivanilson|100/100 slp|[silent]
|
|upkeep
|turn|15
|inactive|legendaryx8 has 90 seconds left.
|
|t:|1779559419
|switch|p1a: Ursaluna|Ursaluna, M|100/100
|cant|p2a: Nivanilson|slp
|
|-status|p1a: Ursaluna|brn|[from] item: Flame Orb
|upkeep
|turn|16
|inactive|legendaryx8 has 90 seconds left.
|
|t:|1779559428
|move|p1a: Ursaluna|Swords Dance|p1a: Ursaluna
|-boost|p1a: Ursaluna|atk|2
|cant|p2a: Nivanilson|slp
|
|-damage|p1a: Ursaluna|94/100 brn|[from] brn
|upkeep
|turn|17
|
|t:|1779559438
|move|p1a: Ursaluna|Facade|p2a: Nivanilson
|-damage|p2a: Nivanilson|25/100 slp
|-curestatus|p2a: Nivanilson|slp|[msg]
|move|p2a: Nivanilson|Curse|p2a: Nivanilson
|-unboost|p2a: Nivanilson|spe|1
|-boost|p2a: Nivanilson|atk|1
|-boost|p2a: Nivanilson|def|1
|
|-heal|p2a: Nivanilson|31/100|[from] item: Leftovers
|-damage|p1a: Ursaluna|88/100 brn|[from] brn
|upkeep
|turn|18
|
|t:|1779559466
|move|p1a: Ursaluna|Facade|p2a: Nivanilson
|-damage|p2a: Nivanilson|0 fnt
|faint|p2a: Nivanilson
|
|-damage|p1a: Ursaluna|82/100 brn|[from] brn
|upkeep
|inactive|BerTheBlackestOne has 120 seconds left.
|
|t:|1779559492
|switch|p2a: IfYouLoveMeTonight|Floragato, F|100/100
|turn|19
|
|t:|1779559501
|move|p2a: IfYouLoveMeTonight|Petal Blizzard|p1a: Ursaluna
|-supereffective|p1a: Ursaluna
|-damage|p1a: Ursaluna|0 fnt
|faint|p1a: Ursaluna
|
|upkeep
|
|t:|1779559508
|switch|p1a: Hatterene|Hatterene, F|100/100
|turn|20
|c|☆BerTheBlackestOne|HERMANO
|c|☆BerTheBlackestOne|TAS A FICAR SIEN OPCIONES?
|inactive|BerTheBlackestOne has 120 seconds left.
|
|t:|1779559540
|move|p2a: IfYouLoveMeTonight|Petal Blizzard|p1a: Hatterene
|-damage|p1a: Hatterene|34/100
|move|p1a: Hatterene|Trick Room|p1a: Hatterene
|-fieldstart|move: Trick Room|[of] p1a: Hatterene
|
|upkeep
|turn|21
|inactive|legendaryx8 has 120 seconds left.
|
|t:|1779559552
|move|p1a: Hatterene|Healing Wish|p1a: Hatterene
|faint|p1a: Hatterene
|move|p2a: IfYouLoveMeTonight|Petal Blizzard|p1: Hatterene|[notarget]
|-fail|p2a: IfYouLoveMeTonight
|
|upkeep
|
|t:|1779559557
|switch|p1a: Porygon2|Porygon2, tera:Normal|48/100
|-heal|p1a: Porygon2|100/100|[from] move: Healing Wish
|-ability|p1a: Porygon2|Protean|Trace|[from] ability: Trace|[of] p2a: IfYouLoveMeTonight
|turn|22
|
|t:|1779559563
|move|p1a: Porygon2|Ice Beam|p2a: IfYouLoveMeTonight
|-supereffective|p2a: IfYouLoveMeTonight
|-damage|p2a: IfYouLoveMeTonight|0 fnt
|faint|p2a: IfYouLoveMeTonight
|
|upkeep
|
|t:|1779559578
|switch|p2a: Tortillas|Decidueye-Hisui, F|100/100
|turn|23
|
|t:|1779559601
|-terastallize|p2a: Tortillas|Steel
|move|p2a: Tortillas|Triple Arrows|p1a: Porygon2
|-supereffective|p1a: Porygon2
|-damage|p1a: Porygon2|52/100
|-unboost|p1a: Porygon2|def|1
|cant|p1a: Porygon2|flinch
|
|upkeep
|turn|24
|
|t:|1779559620
|move|p1a: Porygon2|Hyper Beam|p2a: Tortillas
|-resisted|p2a: Tortillas
|-damage|p2a: Tortillas|57/100
|-mustrecharge|p1a: Porygon2
|move|p2a: Tortillas|Triple Arrows|p1a: Porygon2
|-supereffective|p1a: Porygon2
|-damage|p1a: Porygon2|0 fnt
|faint|p1a: Porygon2
|
|-fieldend|move: Trick Room
|upkeep
|
|t:|1779559630
|switch|p1a: Iron Hands|Iron Hands|100/100
|-enditem|p1a: Iron Hands|Booster Energy
|-activate|p1a: Iron Hands|ability: Quark Drive|[fromitem]
|-start|p1a: Iron Hands|quarkdriveatk
|turn|25
|inactive|BerTheBlackestOne has 120 seconds left.
|
|t:|1779559640
|move|p2a: Tortillas|Triple Arrows|p1a: Iron Hands
|-damage|p1a: Iron Hands|77/100
|-unboost|p1a: Iron Hands|def|1
|move|p1a: Iron Hands|Close Combat|p2a: Tortillas
|-supereffective|p2a: Tortillas
|-crit|p2a: Tortillas
|-damage|p2a: Tortillas|0 fnt
|-unboost|p1a: Iron Hands|def|1
|-unboost|p1a: Iron Hands|spd|1
|faint|p2a: Tortillas
|
|upkeep
|inactive|BerTheBlackestOne has 120 seconds left.
|
|t:|1779559650
|switch|p2a: Quesadillas|Crocalor, F|77/100
|turn|26
|
|t:|1779559656
|move|p1a: Iron Hands|Close Combat|p2a: Quesadillas
|-damage|p2a: Quesadillas|26/100
|-unboost|p1a: Iron Hands|def|1
|-unboost|p1a: Iron Hands|spd|1
|move|p2a: Quesadillas|Will-O-Wisp|p1a: Iron Hands
|-status|p1a: Iron Hands|brn
|
|-damage|p1a: Iron Hands|71/100 brn|[from] brn
|upkeep
|turn|27
|
|t:|1779559666
|move|p1a: Iron Hands|Close Combat|p2a: Quesadillas
|-damage|p2a: Quesadillas|0 fnt
|-unboost|p1a: Iron Hands|def|1
|-unboost|p1a: Iron Hands|spd|1
|faint|p2a: Quesadillas
|
|-damage|p1a: Iron Hands|65/100 brn|[from] brn
|upkeep
|
|t:|1779559670
|switch|p2a: Vegetti|Arcanine, M|100/100
|-ability|p2a: Vegetti|Intimidate|boost
|-unboost|p1a: Iron Hands|atk|1
|turn|28
|
|t:|1779559679
|move|p2a: Vegetti|Flare Blitz|p1a: Iron Hands
|-damage|p1a: Iron Hands|0 fnt
|faint|p1a: Iron Hands
|-end|p1a: Iron Hands|Quark Drive|[silent]
|-damage|p2a: Vegetti|72/100|[from] Recoil
|
|win|BerTheBlackestOne
|raw|legendaryx8's rating: 1188 &rarr; <strong>1164</strong><br />(-24 for losing)
|raw|BerTheBlackestOne's rating: 1208 &rarr; <strong>1232</strong><br />(+24 for winning)
|l|‽legendaryx8
|player|p1|
|l|☆BerTheBlackestOne
|player|p2|
