|j|☆mosnnsn
|j|☆9d888gsd
|t:|1779682961
|gametype|singles
|player|p1|mosnnsn|1|1058
|player|p2|9d888gsd|dawn|1077
|gen|9
|tier|[Gen 9] OU
|rated|
|rule|HP Percentage Mod: HP is shown in percentages
|rule|Endless Battle Clause: Forcing endless battles is banned
|rule|Species Clause: Limit one of each Pokémon
|rule|OHKO Clause: OHKO moves are banned
|rule|Evasion Items Clause: Evasion items are banned
|rule|Evasion Moves Clause: Evasion moves are banned
|rule|Evasion Abilities Clause: Evasion abilities are banned
|rule|Sleep Moves Clause: Sleep-inducing moves are banned
|clearpoke
|poke|p1|Alomomola, M|
|poke|p1|Gliscor, F|
|poke|p1|Ogerpon-Wellspring, F|
|poke|p1|Great Tusk|
|poke|p1|Zapdos|
|poke|p1|Iron Valiant|
|poke|p2|Pincurchin, F|
|poke|p2|Iron Hands|
|poke|p2|Iron Valiant|
|poke|p2|Iron Moth|
|poke|p2|Iron Jugulis|
|poke|p2|Iron Treads|
|teampreview
|inactive|Battle timer is ON: inactive players will automatically lose when time's up. (requested by 9d888gsd)
|
|t:|1779682968
|teamsize|p1|6
|teamsize|p2|6
|start
|switch|p1a: Gliscor|Gliscor, F|100/100
|switch|p2a: Pincurchin|Pincurchin, F|100/100
|-fieldstart|move: Electric Terrain|[from] ability: Electric Surge|[of] p2a: Pincurchin
|turn|1
|
|t:|1779682982
|switch|p2a: Iron Jugulis|Iron Jugulis|100/100
|-activate|p2a: Iron Jugulis|ability: Quark Drive
|-start|p2a: Iron Jugulis|quarkdrivespe
|move|p1a: Gliscor|Earthquake|p2a: Iron Jugulis
|-immune|p2a: Iron Jugulis
|
|-status|p1a: Gliscor|tox|[from] item: Toxic Orb
|upkeep
|turn|2
|
|t:|1779682992
|move|p2a: Iron Jugulis|Dark Pulse|p1a: Gliscor
|-damage|p1a: Gliscor|50/100 tox
|move|p1a: Gliscor|Stealth Rock|p2a: Iron Jugulis
|-sidestart|p2: 9d888gsd|move: Stealth Rock
|
|-heal|p1a: Gliscor|62/100 tox|[from] ability: Poison Heal
|upkeep
|turn|3
|
|t:|1779682999
|move|p1a: Gliscor|Protect|p1a: Gliscor
|-singleturn|p1a: Gliscor|Protect
|move|p2a: Iron Jugulis|Hurricane|p1a: Gliscor
|-activate|p1a: Gliscor|move: Protect
|
|-heal|p1a: Gliscor|75/100 tox|[from] ability: Poison Heal
|upkeep
|turn|4
|
|t:|1779683007
|move|p2a: Iron Jugulis|Dark Pulse|p1a: Gliscor
|-damage|p1a: Gliscor|25/100 tox
|move|p1a: Gliscor|Knock Off|p2a: Iron Jugulis
|-resisted|p2a: Iron Jugulis
|-damage|p2a: Iron Jugulis|89/100
|-enditem|p2a: Iron Jugulis|Heavy-Duty Boots|[from] move: Knock Off|[of] p1a: Gliscor
|
|-heal|p1a: Gliscor|38/100 tox|[from] ability: Poison Heal
|upkeep
|turn|5
|
|t:|1779683027
|move|p1a: Gliscor|Protect|p1a: Gliscor
|-singleturn|p1a: Gliscor|Protect
|move|p2a: Iron Jugulis|Dark Pulse|p1a: Gliscor
|-activate|p1a: Gliscor|move: Protect
|
|-heal|p1a: Gliscor|50/100 tox|[from] ability: Poison Heal
|upkeep
|turn|6
|
|t:|1779683045
|switch|p1a: Great Tusk|Great Tusk|100/100
|-enditem|p1a: Great Tusk|Booster Energy
|-activate|p1a: Great Tusk|ability: Protosynthesis|[fromitem]
|-start|p1a: Great Tusk|protosynthesisatk
|move|p2a: Iron Jugulis|Dark Pulse|p1a: Great Tusk
|-resisted|p1a: Great Tusk
|-damage|p1a: Great Tusk|71/100
|
|upkeep
|turn|7
|
|t:|1779683062
|-end|p1a: Great Tusk|Protosynthesis|[silent]
|switch|p1a: Gliscor|Gliscor, F|50/100 tox
|move|p2a: Iron Jugulis|Hurricane|p1a: Gliscor
|-damage|p1a: Gliscor|0 fnt
|faint|p1a: Gliscor
|
|upkeep
|
|t:|1779683068
|switch|p1a: Alomomola|Alomomola, M|100/100
|turn|8
|
|t:|1779683082
|move|p2a: Iron Jugulis|Hurricane|p1a: Alomomola
|-damage|p1a: Alomomola|34/100
|move|p1a: Alomomola|Scald|p2a: Iron Jugulis
|-damage|p2a: Iron Jugulis|72/100
|
|-fieldend|move: Electric Terrain
|-end|p2a: Iron Jugulis|Quark Drive
|upkeep
|turn|9
|-message|mosnnsn forfeited.
|
|win|9d888gsd
|raw|mosnnsn's rating: 1058 &rarr; <strong>1040</strong><br />(-18 for losing)
|raw|9d888gsd's rating: 1077 &rarr; <strong>1104</strong><br />(+27 for winning)
|l|☆mosnnsn
|player|p1|
|l|☆9d888gsd
|player|p2|
