|j|☆StockFP0524b
|j|☆Bipface
|t:|1779650206
|gametype|singles
|player|p1|StockFP0524b|1|1258
|player|p2|Bipface|fisherman-gen4|1177
|gen|9
|tier|[Gen 9] OU
|rated|
|rule|HP Percentage Mod: HP is shown in percentages
|rule|Endless Battle Clause: Forcing endless battles is banned
|rule|Species Clause: Limit one of each Pokémon
|rule|OHKO Clause: OHKO moves are banned
|rule|Evasion Items Clause: Evasion items are banned
|rule|Evasion Moves Clause: Evasion moves are banned
|rule|Evasion Abilities Clause: Evasion abilities are banned
|rule|Sleep Moves Clause: Sleep-inducing moves are banned
|clearpoke
|poke|p1|Glimmora, F|
|poke|p1|Great Tusk|
|poke|p1|Gholdengo|
|poke|p1|Dragapult, F|
|poke|p1|Primarina, M|
|poke|p1|Kingambit, M|
|poke|p2|Ogerpon-Wellspring, F|
|poke|p2|Dragonite, F|
|poke|p2|Kingambit, F|
|poke|p2|Hatterene, F|
|poke|p2|Garganacl, F|
|poke|p2|Glimmora, M|
|teampreview
|inactive|Battle timer is ON: inactive players will automatically lose when time's up. (requested by Bipface)
|inactive|StockFP0524b also wants the timer to be on.
|
|t:|1779650217
|teamsize|p1|6
|teamsize|p2|6
|start
|switch|p1a: Kingambit|Kingambit, M|100/100
|switch|p2a: Jim Carrey|Ogerpon-Wellspring, F|100/100
|turn|1
|
|t:|1779650221
|move|p2a: Jim Carrey|U-turn|p1a: Kingambit
|-damage|p1a: Kingambit|79/100
|
|t:|1779650224
|switch|p2a: Glimmora|Glimmora, M|100/100|[from] U-turn
|move|p1a: Kingambit|Kowtow Cleave|p2a: Glimmora
|-damage|p2a: Glimmora|24/100
|-activate|p2a: Glimmora|ability: Toxic Debris
|-sidestart|p1: StockFP0524b|move: Toxic Spikes
|
|upkeep
|turn|2
|
|t:|1779650235
|move|p1a: Kingambit|Sucker Punch||[still]
|-fail|p1a: Kingambit
|move|p2a: Glimmora|Stealth Rock|p1a: Kingambit
|-sidestart|p1: StockFP0524b|move: Stealth Rock
|
|upkeep
|turn|3
|
|t:|1779650254
|switch|p2a: John Wall|Garganacl, F, shiny|100/100
|move|p1a: Kingambit|Sucker Punch||[still]
|-fail|p1a: Kingambit
|
|upkeep
|turn|4
|
|t:|1779650265
|-terastallize|p2a: John Wall|Grass
|move|p1a: Kingambit|Iron Head|p2a: John Wall
|-damage|p2a: John Wall|67/100
|move|p2a: John Wall|Iron Defense|p2a: John Wall
|-boost|p2a: John Wall|def|2
|
|-heal|p2a: John Wall|73/100|[from] item: Leftovers
|upkeep
|turn|5
|
|t:|1779650274
|-end|p1a: Kingambit|fallenundefined|[silent]
|switch|p1a: Glimmora|Glimmora, F|100/100
|-sideend|p1: StockFP0524b|move: Toxic Spikes|[of] p1a: Glimmora
|-damage|p1a: Glimmora|88/100|[from] Stealth Rock
|move|p2a: John Wall|Body Press|p1a: Glimmora
|-damage|p1a: Glimmora|34/100
|-activate|p1a: Glimmora|ability: Toxic Debris
|-sidestart|p2: Bipface|move: Toxic Spikes
|
|-heal|p2a: John Wall|79/100|[from] item: Leftovers
|upkeep
|turn|6
|
|t:|1779650279
|-terastallize|p1a: Glimmora|Ghost
|move|p1a: Glimmora|Stealth Rock|p2a: John Wall
|-sidestart|p2: Bipface|move: Stealth Rock
|move|p2a: John Wall|Body Press|p1a: Glimmora
|-immune|p1a: Glimmora
|
|-heal|p2a: John Wall|86/100|[from] item: Leftovers
|upkeep
|turn|7
|
|t:|1779650283
|move|p1a: Glimmora|Mortal Spin|p2a: John Wall
|-supereffective|p2a: John Wall
|-damage|p2a: John Wall|82/100
|-sideend|p1: StockFP0524b|Stealth Rock|[from] move: Mortal Spin|[of] p1a: Glimmora
|move|p2a: John Wall|Salt Cure|p1a: Glimmora
|-damage|p1a: Glimmora|18/100
|-start|p1a: Glimmora|Salt Cure
|-activate|p1a: Glimmora|ability: Toxic Debris
|-sidestart|p2: Bipface|move: Toxic Spikes
|
|-heal|p2a: John Wall|88/100|[from] item: Leftovers
|-damage|p1a: Glimmora|6/100|[from] Salt Cure
|upkeep
|turn|8
|
|t:|1779650287
|move|p1a: Glimmora|Power Gem|p2a: John Wall
|-damage|p2a: John Wall|60/100
|move|p2a: John Wall|Iron Defense|p2a: John Wall
|-boost|p2a: John Wall|def|2
|
|-heal|p2a: John Wall|66/100|[from] item: Leftovers
|-damage|p1a: Glimmora|0 fnt|[from] Salt Cure
|faint|p1a: Glimmora
|upkeep
|
|t:|1779650289
|switch|p1a: Primarina|Primarina, M|100/100
|turn|9
|
|t:|1779650293
|move|p1a: Primarina|Moonblast|p2a: John Wall
|-damage|p2a: John Wall|33/100
|move|p2a: John Wall|Salt Cure|p1a: Primarina
|-damage|p1a: Primarina|80/100
|-start|p1a: Primarina|Salt Cure
|
|-heal|p2a: John Wall|40/100|[from] item: Leftovers
|-damage|p1a: Primarina|55/100|[from] Salt Cure
|upkeep
|turn|10
|
|t:|1779650295
|move|p1a: Primarina|Psychic Noise|p2a: John Wall
|-crit|p2a: John Wall
|-damage|p2a: John Wall|14/100
|-start|p2a: John Wall|move: Heal Block
|cant|p2a: John Wall|move: Heal Block|Recover
|
|-damage|p1a: Primarina|30/100|[from] Salt Cure
|upkeep
|turn|11
|
|t:|1779650306
|move|p1a: Primarina|Psychic Noise|p2a: John Wall
|-damage|p2a: John Wall|0 fnt
|faint|p2a: John Wall
|
|-damage|p1a: Primarina|5/100|[from] Salt Cure
|upkeep
|
|t:|1779650312
|switch|p2a: Glimmora|Glimmora, M|24/100
|-sideend|p2: Bipface|move: Toxic Spikes|[of] p2a: Glimmora
|-damage|p2a: Glimmora|12/100|[from] Stealth Rock
|turn|12
|
|t:|1779650316
|move|p2a: Glimmora|Mortal Spin|p1a: Primarina
|-supereffective|p1a: Primarina
|-damage|p1a: Primarina|0 fnt
|-sideend|p2: Bipface|Stealth Rock|[from] move: Mortal Spin|[of] p2a: Glimmora
|faint|p1a: Primarina
|
|upkeep
|
|t:|1779650320
|switch|p1a: Dragapult|Dragapult, F|100/100
|turn|13
|
|t:|1779650327
|move|p1a: Dragapult|Hex|p2a: Glimmora
|-damage|p2a: Glimmora|0 fnt
|faint|p2a: Glimmora
|
|upkeep
|
|t:|1779650332
|switch|p2a: Hatterene|Hatterene, F, shiny|100/100
|turn|14
|
|t:|1779650337
|move|p1a: Dragapult|U-turn|p2a: Hatterene
|-damage|p2a: Hatterene|84/100
|
|t:|1779650341
|switch|p1a: Kingambit|Kingambit, M|79/100|[from] U-turn
|-activate|p1a: Kingambit|ability: Supreme Overlord
|-start|p1a: Kingambit|fallen2|[silent]
|move|p2a: Hatterene|Mystical Fire|p1a: Kingambit
|-supereffective|p1a: Kingambit
|-damage|p1a: Kingambit|36/100
|-unboost|p1a: Kingambit|spa|1
|
|upkeep
|turn|15
|
|t:|1779650353
|-end|p1a: Kingambit|fallen2|[silent]
|switch|p1a: Great Tusk|Great Tusk|100/100
|switch|p2a: Lil Reggie|Dragonite, F, shiny|100/100
|
|upkeep
|turn|16
|
|t:|1779650361
|move|p1a: Great Tusk|Ice Spinner|p2a: Lil Reggie
|-supereffective|p2a: Lil Reggie
|-damage|p2a: Lil Reggie|37/100
|move|p2a: Lil Reggie|Dragon Dance|p2a: Lil Reggie
|-boost|p2a: Lil Reggie|atk|1
|-boost|p2a: Lil Reggie|spe|1
|
|upkeep
|turn|17
|
|t:|1779650370
|move|p2a: Lil Reggie|Ice Punch|p1a: Great Tusk
|-supereffective|p1a: Great Tusk
|-damage|p1a: Great Tusk|47/100
|move|p1a: Great Tusk|Rapid Spin|p2a: Lil Reggie
|-damage|p2a: Lil Reggie|18/100
|-boost|p1a: Great Tusk|spe|1
|
|upkeep
|turn|18
|
|t:|1779650380
|move|p2a: Lil Reggie|Extreme Speed|p1a: Great Tusk
|-damage|p1a: Great Tusk|16/100
|move|p1a: Great Tusk|Ice Spinner|p2a: Lil Reggie
|-supereffective|p2a: Lil Reggie
|-crit|p2a: Lil Reggie
|-damage|p2a: Lil Reggie|0 fnt
|faint|p2a: Lil Reggie
|
|upkeep
|
|t:|1779650385
|switch|p2a: Hatterene|Hatterene, F, shiny|84/100
|turn|19
|
|t:|1779650390
|move|p1a: Great Tusk|Headlong Rush|p2a: Hatterene
|-damage|p2a: Hatterene|33/100
|-unboost|p1a: Great Tusk|def|1
|-unboost|p1a: Great Tusk|spd|1
|move|p2a: Hatterene|Draining Kiss|p1a: Great Tusk
|-supereffective|p1a: Great Tusk
|-damage|p1a: Great Tusk|0 fnt
|-heal|p2a: Hatterene|47/100|[from] drain|[of] p1a: Great Tusk
|faint|p1a: Great Tusk
|-end|p1a: Great Tusk|Protosynthesis|[silent]
|
|upkeep
|
|t:|1779650394
|switch|p1a: Dragapult|Dragapult, F|100/100
|turn|20
|
|t:|1779650404
|move|p1a: Dragapult|Will-O-Wisp|p2a: Hatterene
|move|p2a: Hatterene|Will-O-Wisp|p1a: Dragapult|[from] ability: Magic Bounce
|-status|p1a: Dragapult|brn
|move|p2a: Hatterene|Psychic Noise|p1a: Dragapult
|-damage|p1a: Dragapult|51/100 brn
|-start|p1a: Dragapult|move: Heal Block
|
|-damage|p1a: Dragapult|45/100 brn|[from] brn
|upkeep
|turn|21
|
|t:|1779650412
|move|p1a: Dragapult|Will-O-Wisp|p2a: Hatterene
|move|p2a: Hatterene|Will-O-Wisp|p1a: Dragapult|[from] ability: Magic Bounce
|-fail|p1a: Dragapult|brn
|move|p2a: Hatterene|Draining Kiss|p1a: Dragapult
|-supereffective|p1a: Dragapult
|-damage|p1a: Dragapult|0 fnt
|-heal|p2a: Hatterene|80/100|[from] drain|[of] p1a: Dragapult
|faint|p1a: Dragapult
|
|upkeep
|
|t:|1779650414
|switch|p1a: Kingambit|Kingambit, M|36/100
|-activate|p1a: Kingambit|ability: Supreme Overlord
|-start|p1a: Kingambit|fallen4|[silent]
|turn|22
|
|t:|1779650425
|-end|p1a: Kingambit|fallen4|[silent]
|switch|p1a: Gholdengo|Gholdengo|100/100
|-item|p1a: Gholdengo|Air Balloon
|move|p2a: Hatterene|Mystical Fire|p1a: Gholdengo
|-supereffective|p1a: Gholdengo
|-crit|p1a: Gholdengo
|-damage|p1a: Gholdengo|15/100
|-unboost|p1a: Gholdengo|spa|1
|-enditem|p1a: Gholdengo|Air Balloon
|
|upkeep
|turn|23
|
|t:|1779650435
|move|p1a: Gholdengo|Recover|p1a: Gholdengo
|-heal|p1a: Gholdengo|65/100
|move|p2a: Hatterene|Mystical Fire|p1a: Gholdengo
|-supereffective|p1a: Gholdengo
|-damage|p1a: Gholdengo|9/100
|-unboost|p1a: Gholdengo|spa|1
|
|upkeep
|turn|24
|
|t:|1779650437
|move|p1a: Gholdengo|Recover|p1a: Gholdengo
|-heal|p1a: Gholdengo|59/100
|move|p2a: Hatterene|Mystical Fire|p1a: Gholdengo
|-supereffective|p1a: Gholdengo
|-damage|p1a: Gholdengo|7/100
|-unboost|p1a: Gholdengo|spa|1
|
|upkeep
|turn|25
|
|t:|1779650439
|move|p1a: Gholdengo|Recover|p1a: Gholdengo
|-heal|p1a: Gholdengo|57/100
|move|p2a: Hatterene|Mystical Fire|p1a: Gholdengo
|-supereffective|p1a: Gholdengo
|-damage|p1a: Gholdengo|1/100
|-unboost|p1a: Gholdengo|spa|1
|
|upkeep
|turn|26
|
|t:|1779650447
|move|p1a: Gholdengo|Recover|p1a: Gholdengo
|-heal|p1a: Gholdengo|51/100
|move|p2a: Hatterene|Mystical Fire|p1a: Gholdengo
|-supereffective|p1a: Gholdengo
|-damage|p1a: Gholdengo|0 fnt
|faint|p1a: Gholdengo
|
|upkeep
|
|t:|1779650449
|switch|p1a: Kingambit|Kingambit, M|36/100
|-activate|p1a: Kingambit|ability: Supreme Overlord
|-start|p1a: Kingambit|fallen5|[silent]
|turn|27
|
|t:|1779650453
|move|p1a: Kingambit|Iron Head|p2a: Hatterene
|-supereffective|p2a: Hatterene
|-crit|p2a: Hatterene
|-damage|p2a: Hatterene|0 fnt
|faint|p2a: Hatterene
|
|upkeep
|
|t:|1779650459
|switch|p2a: Jim Carrey|Ogerpon-Wellspring, F|100/100
|turn|28
|
|t:|1779650462
|move|p1a: Kingambit|Sucker Punch|p2a: Jim Carrey
|-damage|p2a: Jim Carrey|6/100
|move|p2a: Jim Carrey|Ivy Cudgel|p1a: Kingambit|[anim] Ivy Cudgel Water
|-damage|p1a: Kingambit|0 fnt
|faint|p1a: Kingambit
|-end|p1a: Kingambit|fallen5|[silent]
|
|win|Bipface
|raw|StockFP0524b's rating: 1258 &rarr; <strong>1227</strong><br />(-31 for losing)
|raw|Bipface's rating: 1177 &rarr; <strong>1208</strong><br />(+31 for winning)
