|j|☆MoonLight310721
|j|☆srZetampo
|t:|1779578177
|gametype|singles
|player|p1|MoonLight310721|265|1115
|player|p2|srZetampo|cynthia-gen4|1121
|gen|9
|tier|[Gen 9] OU
|rated|
|rule|HP Percentage Mod: HP is shown in percentages
|rule|Endless Battle Clause: Forcing endless battles is banned
|rule|Species Clause: Limit one of each Pokémon
|rule|OHKO Clause: OHKO moves are banned
|rule|Evasion Items Clause: Evasion items are banned
|rule|Evasion Moves Clause: Evasion moves are banned
|rule|Evasion Abilities Clause: Evasion abilities are banned
|rule|Sleep Moves Clause: Sleep-inducing moves are banned
|clearpoke
|poke|p1|Ninetales-Alola, F|
|poke|p1|Dewgong, M|
|poke|p1|Mamoswine, F|
|poke|p1|Avalugg, M|
|poke|p1|Kyurem|
|poke|p1|Cetitan, M|
|poke|p2|Kingambit, F|
|poke|p2|Gliscor, M|
|poke|p2|Slowking-Galar, F|
|poke|p2|Cinderace, M|
|poke|p2|Walking Wake|
|poke|p2|Dragonite, F|
|teampreview
|inactive|Battle timer is ON: inactive players will automatically lose when time's up. (requested by srZetampo)
|
|t:|1779578192
|teamsize|p1|6
|teamsize|p2|6
|start
|switch|p1a: Avalugg|Avalugg, M|100/100
|switch|p2a: Walking Wake|Walking Wake|100/100
|-enditem|p2a: Walking Wake|Booster Energy
|-activate|p2a: Walking Wake|ability: Protosynthesis|[fromitem]
|-start|p2a: Walking Wake|protosynthesisspa
|turn|1
|
|t:|1779578202
|switch|p1a: Ninetales|Ninetales-Alola, F|100/100
|-weather|Snowscape|[from] ability: Snow Warning|[of] p1a: Ninetales
|move|p2a: Walking Wake|Flamethrower|p1a: Ninetales
|-supereffective|p1a: Ninetales
|-damage|p1a: Ninetales|36/100
|
|-weather|Snowscape|[upkeep]
|upkeep
|turn|2
|
|t:|1779578215
|switch|p1a: Dewgong|Dewgong, M|100/100
|move|p2a: Walking Wake|Flamethrower|p1a: Dewgong
|-damage|p1a: Dewgong|62/100
|
|-weather|Snowscape|[upkeep]
|-heal|p1a: Dewgong|68/100|[from] ability: Ice Body
|-heal|p1a: Dewgong|74/100|[from] item: Leftovers
|upkeep
|turn|3
|
|t:|1779578236
|move|p2a: Walking Wake|Flamethrower|p1a: Dewgong
|-damage|p1a: Dewgong|36/100
|move|p1a: Dewgong|Aqua Ring|p1a: Dewgong
|-start|p1a: Dewgong|Aqua Ring
|
|-weather|Snowscape|[upkeep]
|-heal|p1a: Dewgong|43/100|[from] ability: Ice Body
|-heal|p1a: Dewgong|49/100|[from] item: Leftovers
|-heal|p1a: Dewgong|55/100|[from] Aqua Ring
|upkeep
|turn|4
|
|t:|1779578247
|move|p2a: Walking Wake|Flamethrower|p1a: Dewgong
|-damage|p1a: Dewgong|18/100
|move|p1a: Dewgong|Alluring Voice|p2a: Walking Wake
|-supereffective|p2a: Walking Wake
|-damage|p2a: Walking Wake|52/100
|
|-weather|Snowscape|[upkeep]
|-heal|p1a: Dewgong|25/100|[from] ability: Ice Body
|-heal|p1a: Dewgong|31/100|[from] item: Leftovers
|-heal|p1a: Dewgong|37/100|[from] Aqua Ring
|upkeep
|turn|5
|
|t:|1779578259
|-terastallize|p1a: Dewgong|Water
|move|p2a: Walking Wake|Flamethrower|p1a: Dewgong
|-resisted|p1a: Dewgong
|-damage|p1a: Dewgong|18/100
|move|p1a: Dewgong|Alluring Voice|p2a: Walking Wake
|-supereffective|p2a: Walking Wake
|-damage|p2a: Walking Wake|5/100
|
|-weather|Snowscape|[upkeep]
|-heal|p1a: Dewgong|24/100|[from] ability: Ice Body
|-heal|p1a: Dewgong|30/100|[from] item: Leftovers
|-heal|p1a: Dewgong|37/100|[from] Aqua Ring
|upkeep
|turn|6
|
|t:|1779578274
|move|p2a: Walking Wake|Draco Meteor|p1a: Dewgong
|-damage|p1a: Dewgong|0 fnt
|-unboost|p2a: Walking Wake|spa|2
|faint|p1a: Dewgong
|
|-weather|Snowscape|[upkeep]
|upkeep
|
|t:|1779578282
|switch|p1a: Cetitan|Cetitan, M|100/100
|turn|7
|
|t:|1779578287
|move|p1a: Cetitan|Ice Shard|p2a: Walking Wake
|-damage|p2a: Walking Wake|0 fnt
|faint|p2a: Walking Wake
|-end|p2a: Walking Wake|Protosynthesis|[silent]
|
|-weather|Snowscape|[upkeep]
|upkeep
|
|t:|1779578296
|switch|p2a: Dragonite|Dragonite, F|100/100
|turn|8
|
|t:|1779578302
|-terastallize|p2a: Dragonite|Normal
|move|p2a: Dragonite|Extreme Speed|p1a: Cetitan
|-damage|p1a: Cetitan|55/100
|move|p1a: Cetitan|Ice Shard|p2a: Dragonite
|-damage|p2a: Dragonite|91/100
|
|-weather|none
|upkeep
|turn|9
|
|t:|1779578313
|move|p2a: Dragonite|Extreme Speed|p1a: Cetitan
|-damage|p1a: Cetitan|0 fnt
|faint|p1a: Cetitan
|
|upkeep
|
|t:|1779578317
|switch|p1a: Ninetales|Ninetales-Alola, F|36/100
|-weather|Snowscape|[from] ability: Snow Warning|[of] p1a: Ninetales
|turn|10
|
|t:|1779578322
|move|p2a: Dragonite|Extreme Speed|p1a: Ninetales
|-damage|p1a: Ninetales|0 fnt
|faint|p1a: Ninetales
|
|-weather|Snowscape|[upkeep]
|upkeep
|
|t:|1779578325
|switch|p1a: Avalugg|Avalugg, M|100/100
|turn|11
|
|t:|1779578331
|move|p2a: Dragonite|Extreme Speed|p1a: Avalugg
|-damage|p1a: Avalugg|82/100
|move|p1a: Avalugg|Aurora Veil|p1a: Avalugg
|-sidestart|p1: MoonLight310721|move: Aurora Veil
|
|-weather|Snowscape|[upkeep]
|upkeep
|turn|12
|
|t:|1779578338
|move|p2a: Dragonite|Extreme Speed|p1a: Avalugg
|-damage|p1a: Avalugg|73/100
|move|p1a: Avalugg|Body Press|p2a: Dragonite
|-supereffective|p2a: Dragonite
|-damage|p2a: Dragonite|14/100
|
|-weather|Snowscape|[upkeep]
|upkeep
|turn|13
|
|t:|1779578348
|move|p2a: Dragonite|Extreme Speed|p1a: Avalugg
|-damage|p1a: Avalugg|63/100
|move|p1a: Avalugg|Recover|p1a: Avalugg
|-heal|p1a: Avalugg|100/100
|
|-weather|Snowscape|[upkeep]
|upkeep
|turn|14
|
|t:|1779578358
|switch|p2a: Bachira|Cinderace, M|100/100
|move|p1a: Avalugg|Body Press|p2a: Bachira
|-damage|p2a: Bachira|43/100
|
|-weather|Snowscape|[upkeep]
|upkeep
|turn|15
|
|t:|1779578369
|move|p2a: Bachira|Pyro Ball|p1a: Avalugg
|-supereffective|p1a: Avalugg
|-damage|p1a: Avalugg|79/100
|move|p1a: Avalugg|Body Press|p2a: Bachira
|-damage|p2a: Bachira|0 fnt
|faint|p2a: Bachira
|
|-weather|Snowscape|[upkeep]
|-sideend|p1: MoonLight310721|move: Aurora Veil
|upkeep
|
|t:|1779578390
|switch|p2a: Dragonite|Dragonite, F, tera:Normal|14/100
|turn|16
|
|t:|1779578394
|move|p2a: Dragonite|Fire Punch|p1a: Avalugg
|-supereffective|p1a: Avalugg
|-damage|p1a: Avalugg|57/100
|move|p1a: Avalugg|Recover|p1a: Avalugg
|-heal|p1a: Avalugg|100/100
|
|-weather|Snowscape|[upkeep]
|upkeep
|turn|17
|
|t:|1779578403
|move|p2a: Dragonite|Fire Punch|p1a: Avalugg
|-supereffective|p1a: Avalugg
|-damage|p1a: Avalugg|78/100
|move|p1a: Avalugg|Body Press|p2a: Dragonite
|-supereffective|p2a: Dragonite
|-damage|p2a: Dragonite|0 fnt
|faint|p2a: Dragonite
|
|-weather|none
|upkeep
|
|t:|1779578413
|switch|p2a: Slowking|Slowking-Galar, F|100/100
|turn|18
|
|t:|1779578428
|switch|p1a: Mamoswine|Mamoswine, F|100/100
|move|p2a: Slowking|Fire Blast|p1a: Mamoswine
|-supereffective|p1a: Mamoswine
|-damage|p1a: Mamoswine|61/100
|
|upkeep
|turn|19
|
|t:|1779578452
|move|p1a: Mamoswine|Icicle Crash|p2a: Slowking
|-damage|p2a: Slowking|53/100
|move|p2a: Slowking|Fire Blast|p1a: Mamoswine
|-supereffective|p1a: Mamoswine
|-damage|p1a: Mamoswine|20/100
|
|-heal|p2a: Slowking|59/100|[from] item: Leftovers
|upkeep
|turn|20
|
|t:|1779578461
|move|p1a: Mamoswine|Icicle Crash|p2a: Slowking
|-damage|p2a: Slowking|17/100
|cant|p2a: Slowking|flinch
|
|-heal|p2a: Slowking|23/100|[from] item: Leftovers
|upkeep
|turn|21
|
|t:|1779578470
|switch|p2a: Kingambit|Kingambit, F|100/100
|-activate|p2a: Kingambit|ability: Supreme Overlord
|-start|p2a: Kingambit|fallen3|[silent]
|move|p1a: Mamoswine|Icicle Crash|p2a: Kingambit
|-resisted|p2a: Kingambit
|-damage|p2a: Kingambit|84/100
|
|upkeep
|turn|22
|
|t:|1779578479
|move|p2a: Kingambit|Sucker Punch|p1a: Mamoswine
|-damage|p1a: Mamoswine|0 fnt
|faint|p1a: Mamoswine
|
|upkeep
|
|t:|1779578481
|switch|p1a: Avalugg|Avalugg, M|78/100
|turn|23
|
|t:|1779578497
|move|p2a: Kingambit|Iron Head|p1a: Avalugg
|-supereffective|p1a: Avalugg
|-damage|p1a: Avalugg|28/100
|move|p1a: Avalugg|Body Press|p2a: Kingambit
|-supereffective|p2a: Kingambit
|-damage|p2a: Kingambit|0 fnt
|faint|p2a: Kingambit
|-end|p2a: Kingambit|fallen3|[silent]
|
|upkeep
|
|t:|1779578506
|switch|p2a: Slowking|Slowking-Galar, F|56/100
|turn|24
|
|t:|1779578511
|move|p2a: Slowking|Fire Blast|p1a: Avalugg
|-supereffective|p1a: Avalugg
|-damage|p1a: Avalugg|0 fnt
|faint|p1a: Avalugg
|
|-heal|p2a: Slowking|62/100|[from] item: Leftovers
|upkeep
|
|t:|1779578514
|switch|p1a: Kyurem|Kyurem|100/100
|-ability|p1a: Kyurem|Pressure
|turn|25
|
|t:|1779578529
|move|p1a: Kyurem|Ice Beam|p2a: Slowking
|-damage|p2a: Slowking|14/100
|move|p2a: Slowking|Fire Blast|p1a: Kyurem
|-damage|p1a: Kyurem|72/100
|
|-heal|p2a: Slowking|20/100|[from] item: Leftovers
|upkeep
|turn|26
|
|t:|1779578538
|move|p1a: Kyurem|Ice Beam|p2a: Slowking
|-damage|p2a: Slowking|0 fnt
|faint|p2a: Slowking
|
|upkeep
|
|t:|1779578543
|switch|p2a: Gliscor|Gliscor, M|100/100
|turn|27
|
|t:|1779578547
|move|p2a: Gliscor|Protect|p2a: Gliscor
|-singleturn|p2a: Gliscor|Protect
|move|p1a: Kyurem|Ice Beam|p2a: Gliscor
|-activate|p2a: Gliscor|move: Protect
|
|-status|p2a: Gliscor|tox|[from] item: Toxic Orb
|upkeep
|turn|28
|
|t:|1779578558
|move|p1a: Kyurem|Ice Beam|p2a: Gliscor
|-supereffective|p2a: Gliscor
|-damage|p2a: Gliscor|0 fnt
|faint|p2a: Gliscor
|
|win|MoonLight310721
|raw|MoonLight310721's rating: 1115 &rarr; <strong>1140</strong><br />(+25 for winning)
|raw|srZetampo's rating: 1121 &rarr; <strong>1096</strong><br />(-25 for losing)
|c|☆MoonLight310721|gg
|l|☆srZetampo
|player|p2|
|l|☆MoonLight310721
|player|p1|
