|j|☆Nat889
|j|☆Gunkip
|t:|1779690331
|gametype|singles
|player|p1|Nat889|miku-ghost|1598
|player|p2|Gunkip|misty|1692
|gen|9
|tier|[Gen 9] OU
|rated|
|rule|HP Percentage Mod: HP is shown in percentages
|rule|Endless Battle Clause: Forcing endless battles is banned
|rule|Species Clause: Limit one of each Pokémon
|rule|OHKO Clause: OHKO moves are banned
|rule|Evasion Items Clause: Evasion items are banned
|rule|Evasion Moves Clause: Evasion moves are banned
|rule|Evasion Abilities Clause: Evasion abilities are banned
|rule|Sleep Moves Clause: Sleep-inducing moves are banned
|clearpoke
|poke|p1|Hoopa|
|poke|p1|Cinderace, M|
|poke|p1|Mandibuzz, F|
|poke|p1|Kyurem|
|poke|p1|Ting-Lu|
|poke|p1|Manaphy|
|poke|p2|Samurott-Hisui, F|
|poke|p2|Dragonite, M|
|poke|p2|Kingambit, M|
|poke|p2|Iron Moth|
|poke|p2|Iron Valiant|
|poke|p2|Moltres-Galar|
|teampreview
|
|t:|1779690342
|teamsize|p1|6
|teamsize|p2|6
|start
|switch|p1a: Ting-Lucifer|Ting-Lu|100/100
|switch|p2a: Samurott|Samurott-Hisui, F|100/100
|-ability|p1a: Ting-Lucifer|Vessel of Ruin
|turn|1
|
|t:|1779690351
|move|p2a: Samurott|Knock Off|p1a: Ting-Lucifer
|-resisted|p1a: Ting-Lucifer
|-damage|p1a: Ting-Lucifer|86/100
|-enditem|p1a: Ting-Lucifer|Weakness Policy|[from] move: Knock Off|[of] p2a: Samurott
|move|p1a: Ting-Lucifer|Earthquake|p2a: Samurott
|-damage|p2a: Samurott|33/100
|
|upkeep
|turn|2
|
|t:|1779690366
|move|p2a: Samurott|Ceaseless Edge|p1a: Ting-Lucifer
|-resisted|p1a: Ting-Lucifer
|-damage|p1a: Ting-Lucifer|73/100
|-sidestart|p1: Nat889|Spikes
|move|p1a: Ting-Lucifer|Stealth Rock|p2a: Samurott
|-sidestart|p2: Gunkip|move: Stealth Rock
|
|upkeep
|turn|3
|
|t:|1779690374
|move|p2a: Samurott|Ceaseless Edge|p1a: Ting-Lucifer
|-resisted|p1a: Ting-Lucifer
|-damage|p1a: Ting-Lucifer|58/100
|-sidestart|p1: Nat889|Spikes
|move|p1a: Ting-Lucifer|Earthquake|p2a: Samurott
|-damage|p2a: Samurott|0 fnt
|faint|p2a: Samurott
|
|upkeep
|
|t:|1779690379
|switch|p2a: Iron Valiant|Iron Valiant|100/100
|-damage|p2a: Iron Valiant|94/100|[from] Stealth Rock
|-enditem|p2a: Iron Valiant|Booster Energy
|-activate|p2a: Iron Valiant|ability: Quark Drive|[fromitem]
|-start|p2a: Iron Valiant|quarkdrivespe
|turn|4
|
|t:|1779690390
|move|p2a: Iron Valiant|Close Combat|p1a: Ting-Lucifer
|-supereffective|p1a: Ting-Lucifer
|-damage|p1a: Ting-Lucifer|0 fnt
|-unboost|p2a: Iron Valiant|def|1
|-unboost|p2a: Iron Valiant|spd|1
|faint|p1a: Ting-Lucifer
|
|upkeep
|j| roaringmoon94
|
|t:|1779690437
|switch|p1a: Manaphy|Manaphy|100/100
|-damage|p1a: Manaphy|84/100|[from] Spikes
|turn|5
|
|t:|1779690447
|-terastallize|p1a: Manaphy|Poison
|move|p2a: Iron Valiant|Knock Off|p1a: Manaphy
|-damage|p1a: Manaphy|61/100
|-enditem|p1a: Manaphy|Leftovers|[from] move: Knock Off|[of] p2a: Iron Valiant
|move|p1a: Manaphy|Alluring Voice|p2a: Iron Valiant
|-supereffective|p2a: Iron Valiant
|-damage|p2a: Iron Valiant|0 fnt
|faint|p2a: Iron Valiant
|-end|p2a: Iron Valiant|Quark Drive|[silent]
|
|upkeep
|
|t:|1779690463
|switch|p2a: Moltres|Moltres-Galar|100/100
|-damage|p2a: Moltres|76/100|[from] Stealth Rock
|turn|6
|l| roaringmoon94
|
|t:|1779690478
|switch|p1a: Kyurem|Kyurem|100/100
|-damage|p1a: Kyurem|84/100|[from] Spikes
|-ability|p1a: Kyurem|Pressure
|move|p2a: Moltres|Agility|p2a: Moltres
|-boost|p2a: Moltres|spe|2
|
|upkeep
|turn|7
|
|t:|1779690487
|move|p2a: Moltres|Fiery Wrath|p1a: Kyurem
|-damage|p1a: Kyurem|42/100
|move|p1a: Kyurem|Ice Beam|p2a: Moltres
|-supereffective|p2a: Moltres
|-damage|p2a: Moltres|0 fnt
|faint|p2a: Moltres
|
|upkeep
|
|t:|1779690500
|switch|p2a: Iron Moth|Iron Moth|100/100
|-damage|p2a: Iron Moth|76/100|[from] Stealth Rock
|-enditem|p2a: Iron Moth|Booster Energy
|-activate|p2a: Iron Moth|ability: Quark Drive|[fromitem]
|-start|p2a: Iron Moth|quarkdrivespe
|turn|8
|
|t:|1779690514
|switch|p1a: Hoopa|Hoopa|100/100
|-damage|p1a: Hoopa|84/100|[from] Spikes
|move|p2a: Iron Moth|Dazzling Gleam|p1a: Hoopa
|-damage|p1a: Hoopa|61/100
|
|upkeep
|turn|9
|
|t:|1779690524
|move|p2a: Iron Moth|Fiery Dance|p1a: Hoopa
|-damage|p1a: Hoopa|28/100
|-boost|p2a: Iron Moth|spa|1
|move|p1a: Hoopa|Calm Mind|p1a: Hoopa
|-boost|p1a: Hoopa|spa|1
|-boost|p1a: Hoopa|spd|1
|
|upkeep
|turn|10
|
|t:|1779690533
|move|p2a: Iron Moth|Fiery Dance|p1a: Hoopa
|-damage|p1a: Hoopa|0 fnt
|faint|p1a: Hoopa
|
|upkeep
|
|t:|1779690541
|switch|p1a: Manaphy|Manaphy, tera:Poison|61/100
|-damage|p1a: Manaphy|45/100|[from] Spikes
|turn|11
|
|t:|1779690548
|move|p2a: Iron Moth|Fiery Dance|p1a: Manaphy
|-damage|p1a: Manaphy|0 fnt
|faint|p1a: Manaphy
|
|upkeep
|
|t:|1779690562
|switch|p1a: Mandibuzz|Mandibuzz, F, shiny|100/100
|turn|12
|
|t:|1779690567
|-terastallize|p2a: Iron Moth|Fairy
|move|p2a: Iron Moth|Dazzling Gleam|p1a: Mandibuzz
|-supereffective|p1a: Mandibuzz
|-damage|p1a: Mandibuzz|0 fnt
|faint|p1a: Mandibuzz
|
|upkeep
|c|☆Nat889|gg
|
|t:|1779690573
|switch|p1a: Cinderace|Cinderace, M|100/100
|-damage|p1a: Cinderace|84/100|[from] Spikes
|turn|13
|
|t:|1779690577
|move|p2a: Iron Moth|Sludge Wave|p1a: Cinderace
|-damage|p1a: Cinderace|0 fnt
|faint|p1a: Cinderace
|
|upkeep
|c|☆Gunkip|gg
|
|t:|1779690581
|switch|p1a: Kyurem|Kyurem|42/100
|-damage|p1a: Kyurem|25/100|[from] Spikes
|-ability|p1a: Kyurem|Pressure
|turn|14
|
|t:|1779690587
|move|p2a: Iron Moth|Dazzling Gleam|p1a: Kyurem
|-supereffective|p1a: Kyurem
|-damage|p1a: Kyurem|0 fnt
|faint|p1a: Kyurem
|
|win|Gunkip
|raw|Nat889's rating: 1598 &rarr; <strong>1583</strong><br />(-15 for losing)
|raw|Gunkip's rating: 1692 &rarr; <strong>1707</strong><br />(+15 for winning)
|l|☆Nat889
|player|p1|
|l|☆Gunkip
|player|p2|
