|j|☆RealProblemSleuth
|j|☆nomsprime320argt
|t:|1779704072
|gametype|singles
|player|p1|RealProblemSleuth|102|1109
|player|p2|nomsprime320argt|cynthia|1183
|gen|9
|tier|[Gen 9] OU
|rated|
|rule|HP Percentage Mod: HP is shown in percentages
|rule|Endless Battle Clause: Forcing endless battles is banned
|rule|Species Clause: Limit one of each Pokémon
|rule|OHKO Clause: OHKO moves are banned
|rule|Evasion Items Clause: Evasion items are banned
|rule|Evasion Moves Clause: Evasion moves are banned
|rule|Evasion Abilities Clause: Evasion abilities are banned
|rule|Sleep Moves Clause: Sleep-inducing moves are banned
|clearpoke
|poke|p1|Clefairy, M|
|poke|p1|Darkrai|
|poke|p1|Samurott-Hisui, F|
|poke|p1|Lokix, M|
|poke|p1|Corviknight, M|
|poke|p1|Heatran, F|
|poke|p2|Rillaboom, M|
|poke|p2|Garganacl, F|
|poke|p2|Iron Crown|
|poke|p2|Iron Treads|
|poke|p2|Pecharunt|
|poke|p2|Clefable, M|
|teampreview
|inactive|Battle timer is ON: inactive players will automatically lose when time's up. (requested by nomsprime320argt)
|
|t:|1779704080
|teamsize|p1|6
|teamsize|p2|6
|start
|switch|p1a: Clefairy|Clefairy, M, shiny|100/100
|switch|p2a: Clefable|Clefable, M|100/100
|turn|1
|
|t:|1779704086
|move|p2a: Clefable|Calm Mind|p2a: Clefable
|-boost|p2a: Clefable|spa|1
|-boost|p2a: Clefable|spd|1
|move|p1a: Clefairy|Encore|p2a: Clefable
|-start|p2a: Clefable|Encore
|
|upkeep
|turn|2
|
|t:|1779704095
|switch|p1a: Samurott|Samurott-Hisui, F|100/100
|move|p2a: Clefable|Calm Mind|p2a: Clefable
|-boost|p2a: Clefable|spa|1
|-boost|p2a: Clefable|spd|1
|
|upkeep
|turn|3
|
|t:|1779704097
|move|p1a: Samurott|Swords Dance|p1a: Samurott
|-boost|p1a: Samurott|atk|2
|move|p2a: Clefable|Calm Mind|p2a: Clefable
|-boost|p2a: Clefable|spa|1
|-boost|p2a: Clefable|spd|1
|
|upkeep
|turn|4
|
|t:|1779704107
|-terastallize|p1a: Samurott|Water
|move|p1a: Samurott|Aqua Cutter|p2a: Clefable
|-damage|p2a: Clefable|0 fnt
|faint|p2a: Clefable
|
|upkeep
|
|t:|1779704109
|switch|p2a: Rillaboom|Rillaboom, M|100/100
|-fieldstart|move: Grassy Terrain|[from] ability: Grassy Surge|[of] p2a: Rillaboom
|turn|5
|
|t:|1779704121
|switch|p1a: Corviknight|Corviknight, M|100/100
|-ability|p1a: Corviknight|Pressure
|move|p2a: Rillaboom|Leech Seed|p1a: Corviknight
|-start|p1a: Corviknight|move: Leech Seed
|
|-damage|p1a: Corviknight|88/100|[from] Leech Seed|[of] p2a: Rillaboom
|upkeep
|turn|6
|
|t:|1779704129
|switch|p2a: Garganacl|Garganacl, F, shiny|100/100
|move|p1a: Corviknight|U-turn|p2a: Garganacl
|-damage|p2a: Garganacl|91/100
|
|t:|1779704143
|switch|p1a: Samurott|Samurott-Hisui, F, tera:Water|100/100|[from] U-turn
|
|-heal|p2a: Garganacl|97/100|[from] Grassy Terrain
|-heal|p2a: Garganacl|100/100|[from] item: Leftovers
|upkeep
|turn|7
|
|t:|1779704150
|move|p1a: Samurott|Ceaseless Edge|p2a: Garganacl
|-damage|p2a: Garganacl|62/100
|-sidestart|p2: nomsprime320argt|Spikes
|move|p2a: Garganacl|Iron Defense|p2a: Garganacl
|-boost|p2a: Garganacl|def|2
|
|-heal|p2a: Garganacl|68/100|[from] Grassy Terrain
|-heal|p2a: Garganacl|74/100|[from] item: Leftovers
|upkeep
|turn|8
|
|t:|1779704153
|move|p1a: Samurott|Ceaseless Edge|p2a: Garganacl
|-crit|p2a: Garganacl
|-damage|p2a: Garganacl|12/100
|-sidestart|p2: nomsprime320argt|Spikes
|move|p2a: Garganacl|Iron Defense|p2a: Garganacl
|-boost|p2a: Garganacl|def|2
|
|-heal|p2a: Garganacl|19/100|[from] Grassy Terrain
|-heal|p2a: Garganacl|25/100|[from] item: Leftovers
|upkeep
|turn|9
|
|t:|1779704159
|move|p1a: Samurott|Aqua Cutter|p2a: Garganacl
|-supereffective|p2a: Garganacl
|-damage|p2a: Garganacl|0 fnt
|faint|p2a: Garganacl
|
|-fieldend|move: Grassy Terrain
|upkeep
|
|t:|1779704164
|switch|p2a: Iron Crown|Iron Crown|100/100
|-damage|p2a: Iron Crown|84/100|[from] Spikes
|-enditem|p2a: Iron Crown|Booster Energy
|-activate|p2a: Iron Crown|ability: Quark Drive|[fromitem]
|-start|p2a: Iron Crown|quarkdrivespa
|turn|10
|
|t:|1779704172
|switch|p1a: Heatran|Heatran, F|100/100
|move|p2a: Iron Crown|Focus Blast|p1a: Heatran
|-supereffective|p1a: Heatran
|-damage|p1a: Heatran|45/100
|-unboost|p1a: Heatran|spd|1
|
|upkeep
|turn|11
|
|t:|1779704185
|move|p2a: Iron Crown|Focus Blast|p1a: Heatran|[miss]
|-miss|p2a: Iron Crown|p1a: Heatran
|move|p1a: Heatran|Magma Storm|p2a: Iron Crown
|-supereffective|p2a: Iron Crown
|-damage|p2a: Iron Crown|0 fnt
|faint|p2a: Iron Crown
|-end|p2a: Iron Crown|Quark Drive|[silent]
|
|upkeep
|
|t:|1779704189
|switch|p2a: Iron Treads|Iron Treads|100/100
|-damage|p2a: Iron Treads|84/100|[from] Spikes
|-enditem|p2a: Iron Treads|Booster Energy
|-activate|p2a: Iron Treads|ability: Quark Drive|[fromitem]
|-start|p2a: Iron Treads|quarkdrivespe
|turn|12
|
|t:|1779704197
|move|p2a: Iron Treads|Rapid Spin|p1a: Heatran
|-resisted|p1a: Heatran
|-damage|p1a: Heatran|38/100
|-boost|p2a: Iron Treads|spe|1
|-sideend|p2: nomsprime320argt|Spikes|[from] move: Rapid Spin|[of] p2a: Iron Treads
|move|p1a: Heatran|Magma Storm|p2a: Iron Treads
|-supereffective|p2a: Iron Treads
|-crit|p2a: Iron Treads
|-damage|p2a: Iron Treads|0 fnt
|faint|p2a: Iron Treads
|-end|p2a: Iron Treads|Quark Drive|[silent]
|
|upkeep
|
|t:|1779704207
|switch|p2a: Pecharunt|Pecharunt|100/100
|-item|p2a: Pecharunt|Air Balloon
|turn|13
|c|☆RealProblemSleuth|yeah my lick has been complete bs im ngl
|
|t:|1779704217
|move|p2a: Pecharunt|Shadow Ball|p1a: Heatran
|-damage|p1a: Heatran|7/100
|move|p1a: Heatran|Magma Storm|p2a: Pecharunt|[miss]
|-miss|p1a: Heatran|p2a: Pecharunt
|
|upkeep
|turn|14
|
|t:|1779704223
|switch|p1a: Lokix|Lokix, M|100/100
|move|p2a: Pecharunt|Shadow Ball|p1a: Lokix
|-resisted|p1a: Lokix
|-damage|p1a: Lokix|66/100
|
|upkeep
|turn|15
|
|t:|1779704230
|move|p1a: Lokix|Knock Off|p2a: Pecharunt
|-supereffective|p2a: Pecharunt
|-damage|p2a: Pecharunt|49/100
|-enditem|p2a: Pecharunt|Air Balloon
|move|p2a: Pecharunt|Malignant Chain|p1a: Lokix
|-damage|p1a: Lokix|0 fnt
|faint|p1a: Lokix
|
|upkeep
|
|t:|1779704237
|switch|p1a: Darkrai|Darkrai|100/100
|turn|16
|
|t:|1779704241
|switch|p2a: Rillaboom|Rillaboom, M|100/100
|-fieldstart|move: Grassy Terrain|[from] ability: Grassy Surge|[of] p2a: Rillaboom
|move|p1a: Darkrai|Dark Pulse|p2a: Rillaboom
|-damage|p2a: Rillaboom|49/100
|
|-heal|p2a: Rillaboom|55/100|[from] Grassy Terrain
|-heal|p2a: Rillaboom|61/100|[from] item: Leftovers
|upkeep
|turn|17
|
|t:|1779704249
|move|p1a: Darkrai|Ice Beam|p2a: Rillaboom
|-supereffective|p2a: Rillaboom
|-damage|p2a: Rillaboom|0 fnt
|faint|p2a: Rillaboom
|
|upkeep
|
|t:|1779704251
|switch|p2a: Pecharunt|Pecharunt|49/100
|turn|18
|
|t:|1779704254
|move|p1a: Darkrai|Dark Pulse|p2a: Pecharunt
|-supereffective|p2a: Pecharunt
|-damage|p2a: Pecharunt|0 fnt
|faint|p2a: Pecharunt
|
|win|RealProblemSleuth
|raw|RealProblemSleuth's rating: 1109 &rarr; <strong>1139</strong><br />(+30 for winning)
|raw|nomsprime320argt's rating: 1183 &rarr; <strong>1153</strong><br />(-30 for losing)
|l|☆nomsprime320argt
|player|p2|
|l|☆RealProblemSleuth
|player|p1|
