|j|☆samohi0
|j|☆goodnightnite
|t:|1779609801
|gametype|singles
|player|p1|samohi0|hoopster|1701
|player|p2|goodnightnite|miku-water|1611
|gen|9
|tier|[Gen 9] OU
|rated|
|rule|HP Percentage Mod: HP is shown in percentages
|rule|Endless Battle Clause: Forcing endless battles is banned
|rule|Species Clause: Limit one of each Pokémon
|rule|OHKO Clause: OHKO moves are banned
|rule|Evasion Items Clause: Evasion items are banned
|rule|Evasion Moves Clause: Evasion moves are banned
|rule|Evasion Abilities Clause: Evasion abilities are banned
|rule|Sleep Moves Clause: Sleep-inducing moves are banned
|clearpoke
|poke|p1|Dragapult, M|
|poke|p1|Lokix, M|
|poke|p1|Alomomola, M|
|poke|p1|Great Tusk|
|poke|p1|Enamorus, F|
|poke|p1|Iron Crown|
|poke|p2|Hatterene, F|
|poke|p2|Great Tusk|
|poke|p2|Tornadus-Therian, M|
|poke|p2|Kyurem|
|poke|p2|Slowking-Galar, M|
|poke|p2|Kingambit, M|
|teampreview
|inactive|Battle timer is ON: inactive players will automatically lose when time's up. (requested by goodnightnite)
|
|t:|1779609807
|teamsize|p1|6
|teamsize|p2|6
|start
|switch|p1a: Iron Crown|Iron Crown|100/100
|switch|p2a: Tornadus|Tornadus-Therian, M|100/100
|turn|1
|
|t:|1779609811
|move|p2a: Tornadus|Knock Off|p1a: Iron Crown
|-supereffective|p1a: Iron Crown
|-damage|p1a: Iron Crown|58/100
|-enditem|p1a: Iron Crown|Choice Specs|[from] move: Knock Off|[of] p2a: Tornadus
|move|p1a: Iron Crown|Volt Switch|p2a: Tornadus
|-supereffective|p2a: Tornadus
|-damage|p2a: Tornadus|72/100
|
|t:|1779609820
|-end|p1a: Iron Crown|Quark Drive|[silent]
|switch|p1a: Lokix|Lokix, M|100/100|[from] Volt Switch
|
|upkeep
|turn|2
|
|t:|1779609823
|switch|p2a: Hatterene|Hatterene, F|100/100
|move|p1a: Lokix|First Impression|p2a: Hatterene
|-damage|p2a: Hatterene|49/100
|-damage|p1a: Lokix|84/100|[from] item: Rocky Helmet|[of] p2a: Hatterene
|
|upkeep
|turn|3
|
|t:|1779609830
|switch|p1a: Alomomola|Alomomola, M|100/100
|switch|p2a: Tornadus|Tornadus-Therian, M|100/100
|
|upkeep
|turn|4
|
|t:|1779609835
|move|p2a: Tornadus|Knock Off|p1a: Alomomola
|-damage|p1a: Alomomola|88/100
|-enditem|p1a: Alomomola|Assault Vest|[from] move: Knock Off|[of] p2a: Tornadus
|move|p1a: Alomomola|Flip Turn|p2a: Tornadus
|-damage|p2a: Tornadus|81/100
|
|t:|1779609837
|switch|p1a: Dragapult|Dragapult, M|100/100|[from] Flip Turn
|
|upkeep
|turn|5
|
|t:|1779609842
|move|p1a: Dragapult|Dragon Darts|p2a: Tornadus
|-damage|p2a: Tornadus|35/100
|-anim|p1a: Dragapult|Dragon Darts|p2a: Tornadus
|-damage|p2a: Tornadus|0 fnt
|faint|p2a: Tornadus
|
|upkeep
|j| NoirSoumission
|
|t:|1779609848
|switch|p2a: Kingambit|Kingambit, M|100/100
|-activate|p2a: Kingambit|ability: Supreme Overlord
|-start|p2a: Kingambit|fallen1|[silent]
|turn|6
|
|t:|1779609852
|switch|p1a: Great Tusk|Great Tusk|100/100
|-end|p2a: Kingambit|fallen1|[silent]
|switch|p2a: Slowking|Slowking-Galar, M|100/100
|
|upkeep
|turn|7
|
|t:|1779609855
|move|p1a: Great Tusk|Headlong Rush|p2a: Slowking
|-supereffective|p2a: Slowking
|-damage|p2a: Slowking|11/100
|-unboost|p1a: Great Tusk|def|1
|-unboost|p1a: Great Tusk|spd|1
|move|p2a: Slowking|Trick|p1a: Great Tusk
|-activate|p2a: Slowking|move: Trick|[of] p1a: Great Tusk
|-item|p1a: Great Tusk|Black Sludge|[from] move: Trick
|-item|p2a: Slowking|Heavy-Duty Boots|[from] move: Trick
|
|-damage|p1a: Great Tusk|88/100|[from] item: Black Sludge
|upkeep
|turn|8
|
|t:|1779609862
|switch|p2a: Kyurem|Kyurem|100/100
|-ability|p2a: Kyurem|Pressure
|move|p1a: Great Tusk|Stealth Rock|p2a: Kyurem
|-sidestart|p2: goodnightnite|move: Stealth Rock
|
|-damage|p1a: Great Tusk|76/100|[from] item: Black Sludge
|upkeep
|turn|9
|j| Concept Everything
|
|t:|1779609870
|-end|p1a: Great Tusk|Protosynthesis|[silent]
|switch|p1a: Alomomola|Alomomola, M|100/100
|move|p2a: Kyurem|Freeze-Dry|p1a: Alomomola
|-supereffective|p1a: Alomomola
|-damage|p1a: Alomomola|18/100
|
|upkeep
|turn|10
|
|t:|1779609873
|switch|p1a: Iron Crown|Iron Crown|58/100
|move|p2a: Kyurem|Freeze-Dry|p1a: Iron Crown
|-resisted|p1a: Iron Crown
|-damage|p1a: Iron Crown|31/100
|
|upkeep
|turn|11
|
|t:|1779609881
|-terastallize|p2a: Kyurem|Ice
|move|p1a: Iron Crown|Tachyon Cutter|p2a: Kyurem
|-supereffective|p2a: Kyurem
|-damage|p2a: Kyurem|55/100
|-supereffective|p2a: Kyurem
|-damage|p2a: Kyurem|10/100
|-hitcount|p2a: Kyurem|2
|move|p2a: Kyurem|Freeze-Dry|p1a: Iron Crown
|-resisted|p1a: Iron Crown
|-damage|p1a: Iron Crown|0 fnt
|faint|p1a: Iron Crown
|-end|p1a: Iron Crown|Quark Drive|[silent]
|
|upkeep
|
|t:|1779609887
|switch|p1a: Dragapult|Dragapult, M|100/100
|turn|12
|-message|goodnightnite forfeited.
|
|win|samohi0
|raw|samohi0's rating: 1701 &rarr; <strong>1716</strong><br />(+15 for winning)
|raw|goodnightnite's rating: 1611 &rarr; <strong>1596</strong><br />(-15 for losing)
|l|☆goodnightnite
|player|p2|
|l|☆samohi0
|player|p1|
|l| NoirSoumission
