|j|☆Chadmcpoon
|j|☆fffffer
|t:|1779682866
|gametype|singles
|player|p1|Chadmcpoon|ghetsis-gen5bw|1469
|player|p2|fffffer|waiter|1439
|gen|9
|tier|[Gen 9] OU
|rated|
|rule|HP Percentage Mod: HP is shown in percentages
|rule|Endless Battle Clause: Forcing endless battles is banned
|rule|Species Clause: Limit one of each Pokémon
|rule|OHKO Clause: OHKO moves are banned
|rule|Evasion Items Clause: Evasion items are banned
|rule|Evasion Moves Clause: Evasion moves are banned
|rule|Evasion Abilities Clause: Evasion abilities are banned
|rule|Sleep Moves Clause: Sleep-inducing moves are banned
|clearpoke
|poke|p1|Samurott-Hisui, F|
|poke|p1|Hydrapple, M|
|poke|p1|Landorus-Therian, M|
|poke|p1|Great Tusk|
|poke|p1|Gholdengo|
|poke|p1|Moltres|
|poke|p2|Zangoose, F|
|poke|p2|Moltres|
|poke|p2|Iron Crown|
|poke|p2|Weezing-Galar, M|
|poke|p2|Rillaboom, M|
|poke|p2|Walking Wake|
|teampreview
|inactive|Battle timer is ON: inactive players will automatically lose when time's up. (requested by fffffer)
|
|t:|1779682874
|teamsize|p1|6
|teamsize|p2|6
|start
|switch|p1a: Great Tusk|Great Tusk|100/100
|switch|p2a: Zangoose|Zangoose, F|100/100
|turn|1
|
|t:|1779682880
|move|p2a: Zangoose|Knock Off|p1a: Great Tusk
|-resisted|p1a: Great Tusk
|-damage|p1a: Great Tusk|90/100
|-enditem|p1a: Great Tusk|Heavy-Duty Boots|[from] move: Knock Off|[of] p2a: Zangoose
|move|p1a: Great Tusk|Stealth Rock|p2a: Zangoose
|-sidestart|p2: fffffer|move: Stealth Rock
|
|-status|p2a: Zangoose|tox|[from] item: Toxic Orb
|upkeep
|turn|2
|
|t:|1779682888
|-terastallize|p2a: Zangoose|Normal
|move|p2a: Zangoose|Facade|p1a: Great Tusk
|-damage|p1a: Great Tusk|0 fnt
|faint|p1a: Great Tusk
|-end|p1a: Great Tusk|Protosynthesis|[silent]
|
|-damage|p2a: Zangoose|95/100 tox|[from] psn
|upkeep
|
|t:|1779682909
|switch|p1a: Hydrapple|Hydrapple, M|100/100
|turn|3
|
|t:|1779682914
|move|p2a: Zangoose|Close Combat|p1a: Hydrapple
|-damage|p1a: Hydrapple|70/100
|-unboost|p2a: Zangoose|def|1
|-unboost|p2a: Zangoose|spd|1
|-damage|p2a: Zangoose|78/100 tox|[from] item: Rocky Helmet|[of] p1a: Hydrapple
|move|p1a: Hydrapple|Fickle Beam|p2a: Zangoose|[anim] Fickle Beam All Out
|-activate|p1a: Hydrapple|move: Fickle Beam
|-damage|p2a: Zangoose|0 fnt
|faint|p2a: Zangoose
|
|upkeep
|
|t:|1779682921
|switch|p2a: Weezing|Weezing-Galar, M|100/100
|turn|4
|
|t:|1779682926
|switch|p1a: Gholdengo|Gholdengo|100/100
|move|p2a: Weezing|Defog|p1a: Gholdengo
|-immune|p1a: Gholdengo|[from] ability: Good as Gold
|
|upkeep
|turn|5
|
|t:|1779682928
|switch|p2a: Moltres|Moltres|100/100
|move|p1a: Gholdengo|Make It Rain|p2a: Moltres
|-resisted|p2a: Moltres
|-damage|p2a: Moltres|63/100
|-unboost|p1a: Gholdengo|spa|1
|
|upkeep
|turn|6
|
|t:|1779682934
|switch|p1a: Samurott|Samurott-Hisui, F, shiny|100/100
|move|p2a: Moltres|Roost|p2a: Moltres
|-heal|p2a: Moltres|100/100
|-singleturn|p2a: Moltres|move: Roost
|
|upkeep
|turn|7
|
|t:|1779682937
|move|p1a: Samurott|Razor Shell|p2a: Moltres
|-supereffective|p2a: Moltres
|-damage|p2a: Moltres|36/100
|-status|p1a: Samurott|brn|[from] ability: Flame Body|[of] p2a: Moltres
|move|p2a: Moltres|U-turn|p1a: Samurott
|-supereffective|p1a: Samurott
|-damage|p1a: Samurott|71/100 brn
|
|t:|1779682946
|switch|p2a: Weezing|Weezing-Galar, M|100/100|[from] U-turn
|
|-damage|p1a: Samurott|64/100 brn|[from] brn
|upkeep
|turn|8
|
|t:|1779682958
|switch|p1a: Gholdengo|Gholdengo|100/100
|switch|p2a: Walking Wake|Walking Wake|100/100
|-damage|p2a: Walking Wake|88/100|[from] Stealth Rock
|
|upkeep
|turn|9
|
|t:|1779682968
|move|p2a: Walking Wake|Surf|p1a: Gholdengo
|-damage|p1a: Gholdengo|49/100
|move|p1a: Gholdengo|Shadow Ball|p2a: Walking Wake
|-damage|p2a: Walking Wake|31/100
|-unboost|p2a: Walking Wake|spd|1
|
|upkeep
|turn|10
|
|t:|1779682978
|-end|p2a: Walking Wake|Protosynthesis|[silent]
|switch|p2a: Iron Crown|Iron Crown|100/100
|-damage|p2a: Iron Crown|94/100|[from] Stealth Rock
|switch|p1a: Hydrapple|Hydrapple, M|100/100
|
|upkeep
|turn|11
|
|t:|1779682983
|move|p2a: Iron Crown|Tachyon Cutter|p1a: Hydrapple
|-damage|p1a: Hydrapple|63/100
|-damage|p1a: Hydrapple|25/100
|-hitcount|p1a: Hydrapple|2
|move|p1a: Hydrapple|Earth Power|p2a: Iron Crown
|-supereffective|p2a: Iron Crown
|-damage|p2a: Iron Crown|43/100
|
|upkeep
|turn|12
|
|t:|1779682988
|switch|p1a: Moltres|Moltres|100/100
|move|p2a: Iron Crown|Tachyon Cutter|p1a: Moltres
|-resisted|p1a: Moltres
|-damage|p1a: Moltres|87/100
|-resisted|p1a: Moltres
|-crit|p1a: Moltres
|-damage|p1a: Moltres|67/100
|-hitcount|p1a: Moltres|2
|
|upkeep
|turn|13
|
|t:|1779682993
|-end|p2a: Iron Crown|Quark Drive|[silent]
|switch|p2a: Moltres|Moltres|36/100
|move|p1a: Moltres|U-turn|p2a: Moltres
|-resisted|p2a: Moltres
|-damage|p2a: Moltres|33/100
|
|t:|1779682998
|switch|p1a: Gholdengo|Gholdengo|49/100|[from] U-turn
|
|upkeep
|turn|14
|inactive|fffffer has 120 seconds left.
|
|t:|1779683029
|switch|p2a: Iron Crown|Iron Crown|43/100
|-damage|p2a: Iron Crown|36/100|[from] Stealth Rock
|move|p1a: Gholdengo|Shadow Ball|p2a: Iron Crown
|-supereffective|p2a: Iron Crown
|-damage|p2a: Iron Crown|0 fnt
|faint|p2a: Iron Crown
|-end|p2a: Iron Crown|Quark Drive|[silent]
|
|upkeep
|
|t:|1779683033
|switch|p2a: Walking Wake|Walking Wake|31/100
|-damage|p2a: Walking Wake|19/100|[from] Stealth Rock
|turn|15
|
|t:|1779683037
|switch|p1a: Samurott|Samurott-Hisui, F, shiny|64/100 brn
|move|p2a: Walking Wake|Draco Meteor|p1a: Samurott
|-damage|p1a: Samurott|21/100 brn
|-unboost|p2a: Walking Wake|spa|2
|
|-damage|p1a: Samurott|15/100 brn|[from] brn
|upkeep
|turn|16
|
|t:|1779683040
|move|p1a: Samurott|Sucker Punch|p2a: Walking Wake
|-damage|p2a: Walking Wake|4/100
|move|p2a: Walking Wake|Draco Meteor|p1a: Samurott
|-damage|p1a: Samurott|0 fnt
|-unboost|p2a: Walking Wake|spa|2
|faint|p1a: Samurott
|
|upkeep
|
|t:|1779683045
|switch|p1a: Landorus|Landorus-Therian, M|100/100
|-ability|p1a: Landorus|Intimidate|boost
|-unboost|p2a: Walking Wake|atk|1
|turn|17
|
|t:|1779683051
|-end|p2a: Walking Wake|Protosynthesis|[silent]
|switch|p2a: Weezing|Weezing-Galar, M|100/100
|move|p1a: Landorus|U-turn|p2a: Weezing
|-resisted|p2a: Weezing
|-damage|p2a: Weezing|96/100
|
|t:|1779683054
|switch|p1a: Gholdengo|Gholdengo|49/100|[from] U-turn
|
|upkeep
|turn|18
|
|t:|1779683059
|switch|p2a: Walking Wake|Walking Wake|4/100
|-damage|p2a: Walking Wake|0 fnt|[from] Stealth Rock
|faint|p2a: Walking Wake
|-end|p2a: Walking Wake|Protosynthesis|[silent]
|move|p1a: Gholdengo|Make It Rain|p2: Walking Wake|[notarget]
|-fail|p1a: Gholdengo
|
|upkeep
|
|t:|1779683060
|switch|p2a: Rillaboom|Rillaboom, M|100/100
|-damage|p2a: Rillaboom|88/100|[from] Stealth Rock
|-fieldstart|move: Grassy Terrain|[from] ability: Grassy Surge|[of] p2a: Rillaboom
|turn|19
|
|t:|1779683068
|switch|p1a: Hydrapple|Hydrapple, M|58/100
|move|p2a: Rillaboom|Swords Dance|p2a: Rillaboom
|-boost|p2a: Rillaboom|atk|2
|
|-heal|p2a: Rillaboom|94/100|[from] Grassy Terrain
|-heal|p1a: Hydrapple|64/100|[from] Grassy Terrain
|upkeep
|turn|20
|
|t:|1779683073
|switch|p1a: Moltres|Moltres|67/100
|move|p2a: Rillaboom|Knock Off|p1a: Moltres
|-damage|p1a: Moltres|0 fnt
|-enditem|p1a: Moltres|Heavy-Duty Boots|[from] move: Knock Off|[of] p2a: Rillaboom
|faint|p1a: Moltres
|-damage|p2a: Rillaboom|84/100|[from] item: Life Orb
|
|-heal|p2a: Rillaboom|91/100|[from] Grassy Terrain
|upkeep
|
|t:|1779683086
|switch|p1a: Hydrapple|Hydrapple, M|98/100
|turn|21
|
|t:|1779683089
|move|p2a: Rillaboom|Knock Off|p1a: Hydrapple
|-damage|p1a: Hydrapple|45/100
|-damage|p2a: Rillaboom|74/100|[from] item: Rocky Helmet|[of] p1a: Hydrapple
|-enditem|p1a: Hydrapple|Rocky Helmet|[from] move: Knock Off|[of] p2a: Rillaboom
|-damage|p2a: Rillaboom|64/100|[from] item: Life Orb
|move|p1a: Hydrapple|Fickle Beam|p2a: Rillaboom
|-crit|p2a: Rillaboom
|-damage|p2a: Rillaboom|0 fnt
|faint|p2a: Rillaboom
|
|-heal|p1a: Hydrapple|51/100|[from] Grassy Terrain
|upkeep
|
|t:|1779683096
|switch|p2a: Moltres|Moltres|33/100
|turn|22
|
|t:|1779683101
|move|p2a: Moltres|Roost|p2a: Moltres
|-heal|p2a: Moltres|83/100
|-singleturn|p2a: Moltres|move: Roost
|move|p1a: Hydrapple|Fickle Beam|p2a: Moltres
|-damage|p2a: Moltres|49/100
|
|-heal|p2a: Moltres|55/100|[from] Grassy Terrain
|-heal|p1a: Hydrapple|57/100|[from] Grassy Terrain
|upkeep
|turn|23
|
|t:|1779683111
|move|p2a: Moltres|Hurricane|p1a: Hydrapple|[miss]
|-miss|p2a: Moltres|p1a: Hydrapple
|move|p1a: Hydrapple|Fickle Beam|p2a: Moltres|[anim] Fickle Beam All Out
|-activate|p1a: Hydrapple|move: Fickle Beam
|-damage|p2a: Moltres|0 fnt
|faint|p2a: Moltres
|
|-heal|p1a: Hydrapple|63/100|[from] Grassy Terrain
|-fieldend|move: Grassy Terrain
|upkeep
|
|t:|1779683120
|switch|p2a: Weezing|Weezing-Galar, M|96/100
|turn|24
|
|t:|1779683141
|move|p2a: Weezing|Strange Steam|p1a: Hydrapple
|-supereffective|p1a: Hydrapple
|-damage|p1a: Hydrapple|8/100
|move|p1a: Hydrapple|Giga Drain|p2a: Weezing
|-resisted|p2a: Weezing
|-damage|p2a: Weezing|74/100
|-heal|p1a: Hydrapple|17/100|[from] drain|[of] p2a: Weezing
|
|upkeep
|turn|25
|
|t:|1779683145
|move|p2a: Weezing|Strange Steam|p1a: Hydrapple
|-supereffective|p1a: Hydrapple
|-damage|p1a: Hydrapple|0 fnt
|faint|p1a: Hydrapple
|
|upkeep
|
|t:|1779683147
|switch|p1a: Gholdengo|Gholdengo|49/100
|turn|26
|
|t:|1779683152
|-terastallize|p1a: Gholdengo|Steel
|move|p1a: Gholdengo|Make It Rain|p2a: Weezing
|-supereffective|p2a: Weezing
|-damage|p2a: Weezing|0 fnt
|-unboost|p1a: Gholdengo|spa|1
|faint|p2a: Weezing
|
|win|Chadmcpoon
|raw|Chadmcpoon's rating: 1469 &rarr; <strong>1487</strong><br />(+18 for winning)
|raw|fffffer's rating: 1439 &rarr; <strong>1421</strong><br />(-18 for losing)
|l|☆fffffer
|player|p2|
|l|☆Chadmcpoon
|player|p1|
