|j|☆dillonbrookssimp
|j|☆hueehuuekk
|t:|1779671121
|gametype|singles
|player|p1|dillonbrookssimp|harlequin|1338
|player|p2|hueehuuekk|steven|1384
|gen|9
|tier|[Gen 9] OU
|rated|
|rule|HP Percentage Mod: HP is shown in percentages
|rule|Endless Battle Clause: Forcing endless battles is banned
|rule|Species Clause: Limit one of each Pokémon
|rule|OHKO Clause: OHKO moves are banned
|rule|Evasion Items Clause: Evasion items are banned
|rule|Evasion Moves Clause: Evasion moves are banned
|rule|Evasion Abilities Clause: Evasion abilities are banned
|rule|Sleep Moves Clause: Sleep-inducing moves are banned
|clearpoke
|poke|p1|Torterra, M|
|poke|p1|Mandibuzz, F|
|poke|p1|Fezandipiti, M|
|poke|p1|Porygon-Z|
|poke|p1|Mew|
|poke|p1|Heatran, M|
|poke|p2|Suicune|
|poke|p2|Dragonite, M|
|poke|p2|Cinderace, M|
|poke|p2|Zamazenta-*|
|poke|p2|Blaziken, M|
|poke|p2|Sinistcha|
|teampreview
|inactive|Battle timer is ON: inactive players will automatically lose when time's up. (requested by hueehuuekk)
|
|t:|1779671132
|teamsize|p1|6
|teamsize|p2|6
|start
|switch|p1a: Fezandipiti|Fezandipiti, M|100/100
|switch|p2a: Blaziken|Blaziken, M|100/100
|turn|1
|
|t:|1779671142
|switch|p2a: Suicune|Suicune, shiny|100/100
|-ability|p2a: Suicune|Pressure
|move|p1a: Fezandipiti|Beat Up|p2a: Suicune
|-damage|p2a: Suicune|99/100
|-damage|p2a: Suicune|98/100
|-damage|p2a: Suicune|96/100
|-damage|p2a: Suicune|94/100
|-damage|p2a: Suicune|93/100
|-status|p2a: Suicune|tox|[from] ability: Toxic Chain|[of] p1a: Fezandipiti
|-damage|p2a: Suicune|91/100 tox
|-hitcount|p2a: Suicune|6
|
|-heal|p2a: Suicune|97/100 tox|[from] item: Leftovers
|-damage|p2a: Suicune|91/100 tox|[from] psn
|upkeep
|turn|2
|
|t:|1779671149
|move|p1a: Fezandipiti|U-turn|p2a: Suicune
|-damage|p2a: Suicune|83/100 tox
|
|t:|1779671153
|switch|p1a: Mew|Mew|100/100|[from] U-turn
|move|p2a: Suicune|Calm Mind|p2a: Suicune
|-boost|p2a: Suicune|spa|1
|-boost|p2a: Suicune|spd|1
|
|-heal|p2a: Suicune|90/100 tox|[from] item: Leftovers
|-damage|p2a: Suicune|77/100 tox|[from] psn
|upkeep
|turn|3
|
|t:|1779671159
|move|p1a: Mew|Encore|p2a: Suicune
|-start|p2a: Suicune|Encore
|move|p2a: Suicune|Calm Mind|p2a: Suicune
|-boost|p2a: Suicune|spa|1
|-boost|p2a: Suicune|spd|1
|
|-heal|p2a: Suicune|83/100 tox|[from] item: Leftovers
|-damage|p2a: Suicune|65/100 tox|[from] psn
|upkeep
|turn|4
|
|t:|1779671166
|switch|p1a: Peter|Torterra, M|100/100
|switch|p2a: Cinderace|Cinderace, M|100/100
|
|upkeep
|turn|5
|
|t:|1779671172
|switch|p1a: Heatran|Heatran, M|100/100
|move|p2a: Cinderace|U-turn|p1a: Heatran
|-start|p2a: Cinderace|typechange|Bug|[from] ability: Libero
|-resisted|p1a: Heatran
|-damage|p1a: Heatran|93/100
|
|t:|1779671177
|switch|p2a: Blaziken|Blaziken, M|100/100|[from] U-turn
|
|-heal|p1a: Heatran|99/100|[from] item: Leftovers
|upkeep
|turn|6
|
|t:|1779671186
|move|p2a: Blaziken|Swords Dance|p2a: Blaziken
|-boost|p2a: Blaziken|atk|2
|move|p1a: Heatran|Earth Power|p2a: Blaziken
|-supereffective|p2a: Blaziken
|-damage|p2a: Blaziken|27/100
|
|-heal|p1a: Heatran|100/100|[from] item: Leftovers
|-ability|p2a: Blaziken|Speed Boost|boost
|-boost|p2a: Blaziken|spe|1
|upkeep
|turn|7
|
|t:|1779671205
|switch|p1a: Athaliah|Mandibuzz, F|100/100
|move|p2a: Blaziken|Close Combat|p1a: Athaliah
|-damage|p1a: Athaliah|33/100
|-unboost|p2a: Blaziken|def|1
|-unboost|p2a: Blaziken|spd|1
|
|-heal|p1a: Athaliah|39/100|[from] item: Leftovers
|-ability|p2a: Blaziken|Speed Boost|boost
|-boost|p2a: Blaziken|spe|1
|upkeep
|turn|8
|
|t:|1779671212
|move|p2a: Blaziken|Close Combat|p1a: Athaliah
|-damage|p1a: Athaliah|0 fnt
|-unboost|p2a: Blaziken|def|1
|-unboost|p2a: Blaziken|spd|1
|faint|p1a: Athaliah
|
|-ability|p2a: Blaziken|Speed Boost|boost
|-boost|p2a: Blaziken|spe|1
|upkeep
|
|t:|1779671216
|switch|p1a: Mew|Mew|100/100
|turn|9
|
|t:|1779671221
|move|p2a: Blaziken|Knock Off|p1a: Mew
|-supereffective|p1a: Mew
|-damage|p1a: Mew|0 fnt
|-enditem|p1a: Mew|Leftovers|[from] move: Knock Off|[of] p2a: Blaziken
|faint|p1a: Mew
|
|-ability|p2a: Blaziken|Speed Boost|boost
|-boost|p2a: Blaziken|spe|1
|upkeep
|
|t:|1779671226
|switch|p1a: Fezandipiti|Fezandipiti, M|100/100
|turn|10
|
|t:|1779671229
|move|p2a: Blaziken|Knock Off|p1a: Fezandipiti
|-resisted|p1a: Fezandipiti
|-damage|p1a: Fezandipiti|76/100
|-enditem|p1a: Fezandipiti|Heavy-Duty Boots|[from] move: Knock Off|[of] p2a: Blaziken
|move|p1a: Fezandipiti|Beat Up|p2a: Blaziken
|-resisted|p2a: Blaziken
|-damage|p2a: Blaziken|23/100
|-resisted|p2a: Blaziken
|-damage|p2a: Blaziken|19/100
|-status|p2a: Blaziken|tox|[from] ability: Toxic Chain|[of] p1a: Fezandipiti
|-resisted|p2a: Blaziken
|-damage|p2a: Blaziken|15/100 tox
|-resisted|p2a: Blaziken
|-damage|p2a: Blaziken|11/100 tox
|-hitcount|p2a: Blaziken|4
|
|-damage|p2a: Blaziken|5/100 tox|[from] psn
|-ability|p2a: Blaziken|Speed Boost|boost
|-boost|p2a: Blaziken|spe|1
|upkeep
|turn|11
|
|t:|1779671236
|move|p2a: Blaziken|Knock Off|p1a: Fezandipiti
|-resisted|p1a: Fezandipiti
|-damage|p1a: Fezandipiti|58/100
|move|p1a: Fezandipiti|Roost|p1a: Fezandipiti
|-heal|p1a: Fezandipiti|100/100
|-singleturn|p1a: Fezandipiti|move: Roost
|
|-damage|p2a: Blaziken|0 fnt|[from] psn
|faint|p2a: Blaziken
|upkeep
|
|t:|1779671249
|switch|p2a: Zamazenta|Zamazenta|100/100
|-ability|p2a: Zamazenta|Dauntless Shield|boost
|-boost|p2a: Zamazenta|def|1
|turn|12
|
|t:|1779671260
|move|p2a: Zamazenta|Substitute|p2a: Zamazenta
|-start|p2a: Zamazenta|Substitute
|-damage|p2a: Zamazenta|76/100
|move|p1a: Fezandipiti|Beat Up|p2a: Zamazenta
|-resisted|p2a: Zamazenta
|-crit|p2a: Zamazenta
|-activate|p2a: Zamazenta|move: Substitute|[damage]
|-resisted|p2a: Zamazenta
|-activate|p2a: Zamazenta|move: Substitute|[damage]
|-resisted|p2a: Zamazenta
|-activate|p2a: Zamazenta|move: Substitute|[damage]
|-resisted|p2a: Zamazenta
|-activate|p2a: Zamazenta|move: Substitute|[damage]
|-hitcount|p2a: Zamazenta|4
|
|-heal|p2a: Zamazenta|82/100|[from] item: Leftovers
|upkeep
|turn|13
|
|t:|1779671265
|move|p2a: Zamazenta|Iron Defense|p2a: Zamazenta
|-boost|p2a: Zamazenta|def|2
|move|p1a: Fezandipiti|Heat Wave|p2a: Zamazenta
|-crit|p2a: Zamazenta
|-activate|p2a: Zamazenta|move: Substitute|[damage]
|
|-heal|p2a: Zamazenta|88/100|[from] item: Leftovers
|upkeep
|turn|14
|
|t:|1779671274
|move|p2a: Zamazenta|Iron Defense|p2a: Zamazenta
|-boost|p2a: Zamazenta|def|2
|move|p1a: Fezandipiti|Heat Wave|p2a: Zamazenta
|-end|p2a: Zamazenta|Substitute
|
|-heal|p2a: Zamazenta|94/100|[from] item: Leftovers
|upkeep
|turn|15
|
|t:|1779671277
|move|p2a: Zamazenta|Substitute|p2a: Zamazenta
|-start|p2a: Zamazenta|Substitute
|-damage|p2a: Zamazenta|69/100
|move|p1a: Fezandipiti|U-turn|p2a: Zamazenta
|-resisted|p2a: Zamazenta
|-activate|p2a: Zamazenta|move: Substitute|[damage]
|-message|dillonbrookssimp forfeited.
|
|win|hueehuuekk
|raw|dillonbrookssimp's rating: 1338 &rarr; <strong>1321</strong><br />(-17 for losing)
|raw|hueehuuekk's rating: 1384 &rarr; <strong>1401</strong><br />(+17 for winning)
|l|☆dillonbrookssimp
|player|p1|
