|badge|p1|bronze|gen9ou|100-9
|uhtml|medal-msg|<div class="broadcast-blue">Curious what those medals under the avatar are? PS now has Ladder Seasons! For more information, check out the <a href="https://www.smogon.com/forums/threads/3740067/">thread on Smogon.</a></div>
|j|☆goodnightnite
|j|☆PiggLad
|t:|1779604185
|gametype|singles
|player|p1|goodnightnite|miku-water|1765
|player|p2|PiggLad|grimsley-gen7|1759
|gen|9
|tier|[Gen 9] OU
|rated|
|rule|HP Percentage Mod: HP is shown in percentages
|rule|Endless Battle Clause: Forcing endless battles is banned
|rule|Species Clause: Limit one of each Pokémon
|rule|OHKO Clause: OHKO moves are banned
|rule|Evasion Items Clause: Evasion items are banned
|rule|Evasion Moves Clause: Evasion moves are banned
|rule|Evasion Abilities Clause: Evasion abilities are banned
|rule|Sleep Moves Clause: Sleep-inducing moves are banned
|clearpoke
|poke|p1|Great Tusk|
|poke|p1|Kingambit, M|
|poke|p1|Raging Bolt|
|poke|p1|Walking Wake|
|poke|p1|Ninetales, M|
|poke|p1|Ceruledge, F|
|poke|p2|Tyranitar, M|
|poke|p2|Hydrapple, M|
|poke|p2|Enamorus, F|
|poke|p2|Garganacl, F|
|poke|p2|Excadrill, M|
|poke|p2|Alomomola, F|
|teampreview
|inactive|Battle timer is ON: inactive players will automatically lose when time's up. (requested by goodnightnite)
|
|t:|1779604193
|teamsize|p1|6
|teamsize|p2|6
|start
|switch|p1a: Resevoir slogs|Walking Wake|100/100
|switch|p2a: WhoBEdginTheyStone|Tyranitar, M|100/100
|-weather|Sandstorm|[from] ability: Sand Stream|[of] p2a: WhoBEdginTheyStone
|turn|1
|
|t:|1779604202
|-end|p1a: Resevoir slogs|Protosynthesis|[silent]
|switch|p1a: Naruto|Ninetales, M|100/100
|-weather|SunnyDay|[from] ability: Drought|[of] p1a: Naruto
|switch|p2a: Alo Cortisol|Alomomola, F|100/100
|
|-weather|SunnyDay|[upkeep]
|upkeep
|turn|2
|
|t:|1779604207
|switch|p1a: Resevoir slogs|Walking Wake|100/100
|-activate|p1a: Resevoir slogs|ability: Protosynthesis
|-start|p1a: Resevoir slogs|protosynthesisspe
|move|p2a: Alo Cortisol|Flip Turn|p1a: Resevoir slogs
|-resisted|p1a: Resevoir slogs
|-damage|p1a: Resevoir slogs|99/100
|
|t:|1779604210
|switch|p2a: WhoBEdginTheyStone|Tyranitar, M|100/100|[from] Flip Turn
|-weather|Sandstorm|[from] ability: Sand Stream|[of] p2a: WhoBEdginTheyStone
|-end|p1a: Resevoir slogs|Protosynthesis
|
|-weather|Sandstorm|[upkeep]
|-damage|p1a: Resevoir slogs|93/100|[from] Sandstorm
|upkeep
|turn|3
|
|t:|1779604213
|switch|p2a: Alo Cortisol|Alomomola, F|100/100
|move|p1a: Resevoir slogs|Knock Off|p2a: Alo Cortisol
|-damage|p2a: Alo Cortisol|89/100
|-enditem|p2a: Alo Cortisol|Assault Vest|[from] move: Knock Off|[of] p1a: Resevoir slogs
|
|-weather|Sandstorm|[upkeep]
|-damage|p1a: Resevoir slogs|86/100|[from] Sandstorm
|-damage|p2a: Alo Cortisol|83/100|[from] Sandstorm
|upkeep
|turn|4
|
|t:|1779604218
|move|p1a: Resevoir slogs|Draco Meteor|p2a: Alo Cortisol
|-damage|p2a: Alo Cortisol|32/100
|-unboost|p1a: Resevoir slogs|spa|2
|move|p2a: Alo Cortisol|Flip Turn|p1a: Resevoir slogs
|-resisted|p1a: Resevoir slogs
|-damage|p1a: Resevoir slogs|82/100
|j| allee23
|
|t:|1779604225
|switch|p2a: ExGon'SpinIntoYa|Excadrill, M|100/100|[from] Flip Turn
|
|-weather|Sandstorm|[upkeep]
|-damage|p1a: Resevoir slogs|76/100|[from] Sandstorm
|upkeep
|turn|5
|
|t:|1779604231
|move|p2a: ExGon'SpinIntoYa|Rock Slide|p1a: Resevoir slogs|[miss]
|-miss|p2a: ExGon'SpinIntoYa|p1a: Resevoir slogs
|move|p1a: Resevoir slogs|Hydro Steam|p2a: ExGon'SpinIntoYa
|-supereffective|p2a: ExGon'SpinIntoYa
|-damage|p2a: ExGon'SpinIntoYa|47/100
|
|-weather|Sandstorm|[upkeep]
|-damage|p1a: Resevoir slogs|70/100|[from] Sandstorm
|-heal|p2a: ExGon'SpinIntoYa|53/100|[from] item: Leftovers
|upkeep
|turn|6
|
|t:|1779604238
|switch|p2a: Alo Cortisol|Alomomola, F|65/100
|-end|p1a: Resevoir slogs|Protosynthesis|[silent]
|switch|p1a: Red judas|Ceruledge, F|100/100
|-item|p1a: Red judas|Air Balloon
|
|-weather|none
|upkeep
|turn|7
|
|t:|1779604244
|switch|p1a: Resevoir slogs|Walking Wake|70/100
|move|p2a: Alo Cortisol|Scald|p1a: Resevoir slogs
|-resisted|p1a: Resevoir slogs
|-damage|p1a: Resevoir slogs|67/100
|
|upkeep
|turn|8
|
|t:|1779604251
|move|p1a: Resevoir slogs|Hydro Steam|p2a: Alo Cortisol
|-resisted|p2a: Alo Cortisol
|-damage|p2a: Alo Cortisol|49/100
|move|p2a: Alo Cortisol|Mirror Coat|p1a: Resevoir slogs
|-damage|p1a: Resevoir slogs|24/100
|
|upkeep
|turn|9
|
|t:|1779604259
|switch|p2a: Larpin Diddy Foid|Enamorus, F|100/100
|move|p1a: Resevoir slogs|Hydro Steam|p2a: Larpin Diddy Foid
|-damage|p2a: Larpin Diddy Foid|38/100
|
|upkeep
|turn|10
|
|t:|1779604265
|-end|p1a: Resevoir slogs|Protosynthesis|[silent]
|switch|p1a: Naruto|Ninetales, M|100/100
|-weather|SunnyDay|[from] ability: Drought|[of] p1a: Naruto
|move|p2a: Larpin Diddy Foid|Moonblast|p1a: Naruto
|-resisted|p1a: Naruto
|-damage|p1a: Naruto|69/100
|-unboost|p1a: Naruto|spa|1
|
|-weather|SunnyDay|[upkeep]
|upkeep
|turn|11
|
|t:|1779604268
|switch|p2a: Alo Cortisol|Alomomola, F|83/100
|switch|p1a: Resevoir slogs|Walking Wake|24/100
|-activate|p1a: Resevoir slogs|ability: Protosynthesis
|-start|p1a: Resevoir slogs|protosynthesisspe
|
|-weather|SunnyDay|[upkeep]
|upkeep
|turn|12
|
|t:|1779604273
|move|p1a: Resevoir slogs|Draco Meteor|p2a: Alo Cortisol
|-damage|p2a: Alo Cortisol|30/100
|-unboost|p1a: Resevoir slogs|spa|2
|move|p2a: Alo Cortisol|Flip Turn|p1a: Resevoir slogs
|-resisted|p1a: Resevoir slogs
|-damage|p1a: Resevoir slogs|22/100
|
|t:|1779604279
|switch|p2a: WhoBEdginTheyStone|Tyranitar, M|100/100|[from] Flip Turn
|-weather|Sandstorm|[from] ability: Sand Stream|[of] p2a: WhoBEdginTheyStone
|-end|p1a: Resevoir slogs|Protosynthesis
|
|-weather|Sandstorm|[upkeep]
|-damage|p1a: Resevoir slogs|16/100|[from] Sandstorm
|upkeep
|turn|13
|
|t:|1779604283
|-end|p1a: Resevoir slogs|Protosynthesis|[silent]
|switch|p1a: nah i'd spin|Great Tusk|100/100
|move|p2a: WhoBEdginTheyStone|Low Kick|p1a: nah i'd spin
|-damage|p1a: nah i'd spin|52/100
|
|-weather|Sandstorm|[upkeep]
|upkeep
|turn|14
|
|t:|1779604288
|switch|p2a: Alo Cortisol|Alomomola, F|63/100
|move|p1a: nah i'd spin|Headlong Rush|p2a: Alo Cortisol
|-damage|p2a: Alo Cortisol|18/100
|-unboost|p1a: nah i'd spin|def|1
|-unboost|p1a: nah i'd spin|spd|1
|
|-weather|Sandstorm|[upkeep]
|-damage|p2a: Alo Cortisol|12/100|[from] Sandstorm
|upkeep
|turn|15
|
|t:|1779604298
|move|p1a: nah i'd spin|Ice Spinner|p2a: Alo Cortisol
|-resisted|p2a: Alo Cortisol
|-damage|p2a: Alo Cortisol|2/100
|move|p2a: Alo Cortisol|Flip Turn|p1a: nah i'd spin
|-supereffective|p1a: nah i'd spin
|-damage|p1a: nah i'd spin|15/100
|
|t:|1779604300
|switch|p2a: ExGon'SpinIntoYa|Excadrill, M|53/100|[from] Flip Turn
|
|-weather|Sandstorm|[upkeep]
|-heal|p2a: ExGon'SpinIntoYa|59/100|[from] item: Leftovers
|upkeep
|turn|16
|
|t:|1779604304
|move|p2a: ExGon'SpinIntoYa|Rapid Spin|p1a: nah i'd spin
|-damage|p1a: nah i'd spin|0 fnt
|-boost|p2a: ExGon'SpinIntoYa|spe|1
|faint|p1a: nah i'd spin
|-end|p1a: nah i'd spin|Protosynthesis|[silent]
|
|-weather|none
|-heal|p2a: ExGon'SpinIntoYa|65/100|[from] item: Leftovers
|upkeep
|
|t:|1779604309
|switch|p1a: Red judas|Ceruledge, F|100/100
|-item|p1a: Red judas|Air Balloon
|turn|17
|
|t:|1779604315
|switch|p2a: WhoBEdginTheyStone|Tyranitar, M|100/100
|-weather|Sandstorm|[from] ability: Sand Stream|[of] p2a: WhoBEdginTheyStone
|move|p1a: Red judas|Swords Dance|p1a: Red judas
|-boost|p1a: Red judas|atk|2
|
|-weather|Sandstorm|[upkeep]
|-damage|p1a: Red judas|95/100|[from] Sandstorm
|upkeep
|turn|18
|
|t:|1779604326
|-terastallize|p1a: Red judas|Fairy
|move|p1a: Red judas|Poltergeist|p2a: WhoBEdginTheyStone|[miss]
|-miss|p1a: Red judas|p2a: WhoBEdginTheyStone
|move|p2a: WhoBEdginTheyStone|Knock Off|p1a: Red judas
|-resisted|p1a: Red judas
|-damage|p1a: Red judas|40/100
|-ability|p1a: Red judas|Weak Armor|boost
|-unboost|p1a: Red judas|def|1
|-boost|p1a: Red judas|spe|2
|-enditem|p1a: Red judas|Air Balloon
|
|-weather|Sandstorm|[upkeep]
|-damage|p1a: Red judas|35/100|[from] Sandstorm
|upkeep
|turn|19
|c|☆goodnightnite|horrible rng
|c|☆goodnightnite|today
|
|t:|1779604342
|move|p1a: Red judas|Bitter Blade|p2a: WhoBEdginTheyStone
|-resisted|p2a: WhoBEdginTheyStone
|-damage|p2a: WhoBEdginTheyStone|57/100
|-heal|p1a: Red judas|57/100|[from] drain|[of] p2a: WhoBEdginTheyStone
|move|p2a: WhoBEdginTheyStone|Knock Off|p1a: Red judas
|-resisted|p1a: Red judas
|-damage|p1a: Red judas|0 fnt
|faint|p1a: Red judas
|
|-weather|Sandstorm|[upkeep]
|upkeep
|
|t:|1779604350
|switch|p1a: Naruto|Ninetales, M|69/100
|-weather|SunnyDay|[from] ability: Drought|[of] p1a: Naruto
|turn|20
|j| Kakimori
|
|t:|1779604355
|switch|p2a: Alo Cortisol|Alomomola, F|36/100
|move|p1a: Naruto|Healing Wish|p1a: Naruto
|faint|p1a: Naruto
|
|-weather|SunnyDay|[upkeep]
|upkeep
|
|t:|1779604358
|switch|p1a: Angry Nut|Raging Bolt|100/100
|-activate|p1a: Angry Nut|ability: Protosynthesis
|-start|p1a: Angry Nut|protosynthesisspa
|turn|21
|l| Kakimori
|
|t:|1779604365
|switch|p2a: Jevils To This|Garganacl, F, shiny|100/100
|move|p1a: Angry Nut|Dragon Pulse|p2a: Jevils To This
|-damage|p2a: Jevils To This|46/100
|-damage|p1a: Angry Nut|91/100|[from] item: Life Orb
|
|-weather|SunnyDay|[upkeep]
|-heal|p2a: Jevils To This|52/100|[from] item: Leftovers
|upkeep
|turn|22
|
|t:|1779604372
|move|p2a: Jevils To This|Protect|p2a: Jevils To This
|-singleturn|p2a: Jevils To This|Protect
|move|p1a: Angry Nut|Solar Beam||[still]
|-prepare|p1a: Angry Nut|Solar Beam
|-anim|p1a: Angry Nut|Solar Beam|p2a: Jevils To This
|-activate|p2a: Jevils To This|move: Protect
|
|-weather|SunnyDay|[upkeep]
|-heal|p2a: Jevils To This|58/100|[from] item: Leftovers
|upkeep
|turn|23
|
|t:|1779604375
|switch|p2a: WhoBEdginTheyStone|Tyranitar, M|57/100
|-weather|Sandstorm|[from] ability: Sand Stream|[of] p2a: WhoBEdginTheyStone
|-end|p1a: Angry Nut|Protosynthesis
|move|p1a: Angry Nut|Dragon Pulse|p2a: WhoBEdginTheyStone
|-damage|p2a: WhoBEdginTheyStone|17/100
|-damage|p1a: Angry Nut|81/100|[from] item: Life Orb
|
|-weather|Sandstorm|[upkeep]
|-damage|p1a: Angry Nut|75/100|[from] Sandstorm
|upkeep
|turn|24
|
|t:|1779604384
|move|p1a: Angry Nut|Dragon Pulse|p2a: WhoBEdginTheyStone
|-damage|p2a: WhoBEdginTheyStone|0 fnt
|faint|p2a: WhoBEdginTheyStone
|-damage|p1a: Angry Nut|65/100|[from] item: Life Orb
|
|-weather|Sandstorm|[upkeep]
|-damage|p1a: Angry Nut|59/100|[from] Sandstorm
|upkeep
|
|t:|1779604386
|switch|p2a: Jevils To This|Garganacl, F, shiny|58/100
|turn|25
|
|t:|1779604392
|move|p1a: Angry Nut|Dragon Pulse|p2a: Jevils To This
|-damage|p2a: Jevils To This|30/100
|-damage|p1a: Angry Nut|49/100|[from] item: Life Orb
|move|p2a: Jevils To This|Recover|p2a: Jevils To This
|-heal|p2a: Jevils To This|80/100
|
|-weather|Sandstorm|[upkeep]
|-damage|p1a: Angry Nut|43/100|[from] Sandstorm
|-heal|p2a: Jevils To This|86/100|[from] item: Leftovers
|upkeep
|turn|26
|
|t:|1779604396
|move|p1a: Angry Nut|Dragon Pulse|p2a: Jevils To This
|-damage|p2a: Jevils To This|58/100
|-damage|p1a: Angry Nut|34/100|[from] item: Life Orb
|move|p2a: Jevils To This|Salt Cure|p1a: Angry Nut
|-damage|p1a: Angry Nut|21/100
|-start|p1a: Angry Nut|Salt Cure
|
|-weather|Sandstorm|[upkeep]
|-damage|p1a: Angry Nut|15/100|[from] Sandstorm
|-heal|p2a: Jevils To This|64/100|[from] item: Leftovers
|-damage|p1a: Angry Nut|3/100|[from] Salt Cure
|upkeep
|turn|27
|
|t:|1779604399
|move|p1a: Angry Nut|Dragon Pulse|p2a: Jevils To This
|-damage|p2a: Jevils To This|34/100
|-damage|p1a: Angry Nut|0 fnt|[from] item: Life Orb
|faint|p1a: Angry Nut
|-end|p1a: Angry Nut|Protosynthesis|[silent]
|move|p2a: Jevils To This|Recover|p2a: Jevils To This
|-heal|p2a: Jevils To This|84/100
|
|-weather|none
|-heal|p2a: Jevils To This|90/100|[from] item: Leftovers
|upkeep
|
|t:|1779604403
|switch|p1a: Resevoir slogs|Walking Wake|16/100
|-heal|p1a: Resevoir slogs|100/100|[from] move: Healing Wish
|turn|28
|
|t:|1779604422
|-terastallize|p2a: Jevils To This|Fairy
|move|p1a: Resevoir slogs|Hydro Steam|p2a: Jevils To This
|-damage|p2a: Jevils To This|64/100
|move|p2a: Jevils To This|Salt Cure|p1a: Resevoir slogs
|-damage|p1a: Resevoir slogs|85/100
|-start|p1a: Resevoir slogs|Salt Cure
|
|-heal|p2a: Jevils To This|70/100|[from] item: Leftovers
|-damage|p1a: Resevoir slogs|61/100|[from] Salt Cure
|upkeep
|turn|29
|
|t:|1779604428
|move|p1a: Resevoir slogs|Hydro Steam|p2a: Jevils To This
|-damage|p2a: Jevils To This|42/100
|move|p2a: Jevils To This|Recover|p2a: Jevils To This
|-heal|p2a: Jevils To This|92/100
|
|-heal|p2a: Jevils To This|99/100|[from] item: Leftovers
|-damage|p1a: Resevoir slogs|36/100|[from] Salt Cure
|upkeep
|turn|30
|
|t:|1779604432
|move|p1a: Resevoir slogs|Knock Off|p2a: Jevils To This
|-resisted|p2a: Jevils To This
|-damage|p2a: Jevils To This|93/100
|-enditem|p2a: Jevils To This|Leftovers|[from] move: Knock Off|[of] p1a: Resevoir slogs
|move|p2a: Jevils To This|Recover|p2a: Jevils To This
|-heal|p2a: Jevils To This|100/100
|
|-damage|p1a: Resevoir slogs|11/100|[from] Salt Cure
|upkeep
|turn|31
|
|t:|1779604435
|move|p1a: Resevoir slogs|Hydro Steam|p2a: Jevils To This
|-damage|p2a: Jevils To This|72/100
|move|p2a: Jevils To This|Recover|p2a: Jevils To This
|-heal|p2a: Jevils To This|100/100
|
|-damage|p1a: Resevoir slogs|0 fnt|[from] Salt Cure
|faint|p1a: Resevoir slogs
|-end|p1a: Resevoir slogs|Protosynthesis|[silent]
|upkeep
|
|t:|1779604438
|switch|p1a: 2.f4|Kingambit, M|100/100
|-activate|p1a: 2.f4|ability: Supreme Overlord
|-start|p1a: 2.f4|fallen5|[silent]
|-item|p1a: 2.f4|Air Balloon
|turn|32
|
|t:|1779604443
|move|p1a: 2.f4|Iron Head|p2a: Jevils To This
|-supereffective|p2a: Jevils To This
|-damage|p2a: Jevils To This|15/100
|cant|p2a: Jevils To This|flinch
|
|upkeep
|turn|33
|
|t:|1779604448
|move|p1a: 2.f4|Iron Head|p2a: Jevils To This
|-supereffective|p2a: Jevils To This
|-damage|p2a: Jevils To This|0 fnt
|faint|p2a: Jevils To This
|
|upkeep
|
|t:|1779604461
|switch|p2a: Let The Goons Out|Hydrapple, M, shiny|100/100
|turn|34
|
|t:|1779604465
|move|p1a: 2.f4|Swords Dance|p1a: 2.f4
|-boost|p1a: 2.f4|atk|2
|move|p2a: Let The Goons Out|Fickle Beam|p1a: 2.f4|[anim] Fickle Beam All Out
|-activate|p2a: Let The Goons Out|move: Fickle Beam
|-resisted|p1a: 2.f4
|-damage|p1a: 2.f4|64/100
|-enditem|p1a: 2.f4|Air Balloon
|
|upkeep
|turn|35
|
|t:|1779604477
|move|p1a: 2.f4|Iron Head|p2a: Let The Goons Out
|-damage|p2a: Let The Goons Out|26/100
|-damage|p1a: 2.f4|48/100|[from] item: Rocky Helmet|[of] p2a: Let The Goons Out
|move|p2a: Let The Goons Out|Earth Power|p1a: 2.f4
|-supereffective|p1a: 2.f4
|-damage|p1a: 2.f4|0 fnt
|faint|p1a: 2.f4
|-end|p1a: 2.f4|fallen5|[silent]
|
|win|PiggLad
|raw|goodnightnite's rating: 1765 &rarr; <strong>1745</strong><br />(-20 for losing)
|raw|PiggLad's rating: 1759 &rarr; <strong>1779</strong><br />(+20 for winning)
|c|☆PiggLad|gg
|l|☆goodnightnite
|player|p1|
|l|☆PiggLad
|player|p2|
|l| allee23
