|j|☆Yeahimgoinghome
|j|☆purpashroom
|t:|1779685493
|gametype|singles
|player|p1|Yeahimgoinghome|riley|1301
|player|p2|purpashroom|richboy-gen4|1172
|gen|9
|tier|[Gen 9] OU
|rated|
|rule|HP Percentage Mod: HP is shown in percentages
|rule|Endless Battle Clause: Forcing endless battles is banned
|rule|Species Clause: Limit one of each Pokémon
|rule|OHKO Clause: OHKO moves are banned
|rule|Evasion Items Clause: Evasion items are banned
|rule|Evasion Moves Clause: Evasion moves are banned
|rule|Evasion Abilities Clause: Evasion abilities are banned
|rule|Sleep Moves Clause: Sleep-inducing moves are banned
|clearpoke
|poke|p1|Pelipper, F|
|poke|p1|Regieleki|
|poke|p1|Heatran, M|
|poke|p1|Barraskewda, M|
|poke|p1|Wo-Chien|
|poke|p1|Indeedee, M|
|poke|p2|Gliscor, M|
|poke|p2|Toedscruel, F|
|poke|p2|Garganacl, M|
|poke|p2|Klefki, F|
|poke|p2|Dragapult, F|
|poke|p2|Weezing-Galar, M|
|teampreview
|inactive|Battle timer is ON: inactive players will automatically lose when time's up. (requested by Yeahimgoinghome)
|
|t:|1779685505
|teamsize|p1|6
|teamsize|p2|6
|start
|switch|p1a: Big Bird|Pelipper, F|100/100
|switch|p2a: Klefking|Klefki, F, shiny|100/100
|-weather|RainDance|[from] ability: Drizzle|[of] p1a: Big Bird
|turn|1
|
|t:|1779685517
|switch|p1a: Wo-Chien|Wo-Chien|100/100
|-ability|p1a: Wo-Chien|Tablets of Ruin
|move|p2a: Klefking|Thunder Wave|p1a: Wo-Chien
|-hint|Since gen 7, Dark is immune to Prankster moves.
|-immune|p1a: Wo-Chien
|
|-weather|RainDance|[upkeep]
|upkeep
|turn|2
|
|t:|1779685528
|move|p2a: Klefking|Light Screen|p2a: Klefking
|-sidestart|p2: purpashroom|move: Light Screen
|move|p1a: Wo-Chien|Ruination|p2a: Klefking
|-damage|p2a: Klefking|50/100
|
|-weather|RainDance|[upkeep]
|upkeep
|turn|3
|
|t:|1779685536
|move|p2a: Klefking|Draining Kiss|p1a: Wo-Chien
|-supereffective|p1a: Wo-Chien
|-damage|p1a: Wo-Chien|80/100
|-heal|p2a: Klefking|69/100|[from] drain|[of] p1a: Wo-Chien
|move|p1a: Wo-Chien|Knock Off|p2a: Klefking
|-resisted|p2a: Klefking
|-damage|p2a: Klefking|58/100
|-enditem|p2a: Klefking|Light Clay|[from] move: Knock Off|[of] p1a: Wo-Chien
|
|-weather|RainDance|[upkeep]
|-heal|p1a: Wo-Chien|86/100|[from] item: Leftovers
|upkeep
|turn|4
|
|t:|1779685547
|move|p2a: Klefking|Draining Kiss|p1a: Wo-Chien
|-supereffective|p1a: Wo-Chien
|-damage|p1a: Wo-Chien|65/100
|-heal|p2a: Klefking|77/100|[from] drain|[of] p1a: Wo-Chien
|move|p1a: Wo-Chien|Leech Seed|p2a: Klefking
|-start|p2a: Klefking|move: Leech Seed
|
|-weather|RainDance|[upkeep]
|-heal|p1a: Wo-Chien|71/100|[from] item: Leftovers
|-damage|p2a: Klefking|64/100|[from] Leech Seed|[of] p1a: Wo-Chien
|-heal|p1a: Wo-Chien|82/100|[silent]
|upkeep
|turn|5
|
|t:|1779685567
|switch|p2a: Gligoat|Gliscor, M|100/100
|move|p1a: Wo-Chien|Protect||[still]
|-fail|p1a: Wo-Chien
|
|-weather|none
|-heal|p1a: Wo-Chien|88/100|[from] item: Leftovers
|-status|p2a: Gligoat|tox|[from] item: Toxic Orb
|upkeep
|turn|6
|
|t:|1779685574
|switch|p1a: Big Bird|Pelipper, F|100/100
|-weather|RainDance|[from] ability: Drizzle|[of] p1a: Big Bird
|move|p2a: Gligoat|Toxic|p1a: Big Bird
|-status|p1a: Big Bird|tox
|
|-weather|RainDance|[upkeep]
|-damage|p1a: Big Bird|94/100 tox|[from] psn
|upkeep
|turn|7
|
|t:|1779685591
|switch|p2a: Klefking|Klefki, F, shiny|64/100
|move|p1a: Big Bird|Weather Ball|p2a: Klefking
|-damage|p2a: Klefking|7/100
|
|-weather|RainDance|[upkeep]
|-damage|p1a: Big Bird|82/100 tox|[from] psn
|upkeep
|turn|8
|
|t:|1779685601
|move|p1a: Big Bird|Weather Ball|p2a: Klefking
|-damage|p2a: Klefking|0 fnt
|faint|p2a: Klefking
|
|-weather|RainDance|[upkeep]
|-damage|p1a: Big Bird|64/100 tox|[from] psn
|upkeep
|
|t:|1779685613
|switch|p2a: Dragagoat|Dragapult, F|100/100
|turn|9
|
|t:|1779685616
|switch|p1a: Wo-Chien|Wo-Chien|88/100
|-ability|p1a: Wo-Chien|Tablets of Ruin
|move|p2a: Dragagoat|Hex|p1a: Wo-Chien
|-resisted|p1a: Wo-Chien
|-damage|p1a: Wo-Chien|73/100
|
|-weather|RainDance|[upkeep]
|-heal|p1a: Wo-Chien|79/100|[from] item: Leftovers
|-sideend|p2: purpashroom|move: Light Screen
|upkeep
|turn|10
|
|t:|1779685638
|switch|p2a: Weezing-Goat|Weezing-Galar, M|100/100
|-ability|p2a: Weezing-Goat|Neutralizing Gas
|move|p1a: Wo-Chien|Knock Off|p2a: Weezing-Goat
|-resisted|p2a: Weezing-Goat
|-damage|p2a: Weezing-Goat|90/100
|-enditem|p2a: Weezing-Goat|Leftovers|[from] move: Knock Off|[of] p1a: Wo-Chien
|
|-weather|none
|-heal|p1a: Wo-Chien|86/100|[from] item: Leftovers
|upkeep
|turn|11
|
|t:|1779685649
|switch|p1a: Heatran|Heatran, M|100/100
|move|p2a: Weezing-Goat|Will-O-Wisp|p1a: Heatran
|-immune|p1a: Heatran
|
|upkeep
|turn|12
|inactive|purpashroom has 120 seconds left.
|
|t:|1779685665
|-end|p2a: Weezing-Goat|ability: Neutralizing Gas
|switch|p2a: Gligoat|Gliscor, M|100/100 tox
|move|p1a: Heatran|Stealth Rock|p2a: Gligoat
|-sidestart|p2: purpashroom|move: Stealth Rock
|
|upkeep
|turn|13
|
|t:|1779685672
|switch|p1a: Big Bird|Pelipper, F|64/100 tox
|-weather|RainDance|[from] ability: Drizzle|[of] p1a: Big Bird
|move|p2a: Gligoat|Earthquake|p1a: Big Bird
|-immune|p1a: Big Bird
|
|-weather|RainDance|[upkeep]
|-damage|p1a: Big Bird|58/100 tox|[from] psn
|upkeep
|turn|14
|
|t:|1779685683
|move|p2a: Gligoat|Protect|p2a: Gligoat
|-singleturn|p2a: Gligoat|Protect
|move|p1a: Big Bird|Weather Ball|p2a: Gligoat
|-activate|p2a: Gligoat|move: Protect
|
|-weather|RainDance|[upkeep]
|-damage|p1a: Big Bird|45/100 tox|[from] psn
|upkeep
|turn|15
|
|t:|1779685701
|switch|p2a: Weezing-Goat|Weezing-Galar, M|90/100
|-ability|p2a: Weezing-Goat|Neutralizing Gas
|-damage|p2a: Weezing-Goat|78/100|[from] Stealth Rock
|move|p1a: Big Bird|Weather Ball|p2a: Weezing-Goat
|-damage|p2a: Weezing-Goat|0 fnt
|faint|p2a: Weezing-Goat
|-end|p2a: Weezing-Goat|ability: Neutralizing Gas
|
|-weather|RainDance|[upkeep]
|-damage|p1a: Big Bird|27/100 tox|[from] psn
|upkeep
|inactive|purpashroom has 120 seconds left.
|
|t:|1779685712
|switch|p2a: Goatscruel|Toedscruel, F|100/100
|turn|16
|c|☆Yeahimgoinghome|PeliGoat
|
|t:|1779685724
|switch|p1a: Heatran|Heatran, M|100/100
|move|p2a: Goatscruel|Rapid Spin|p1a: Heatran
|-resisted|p1a: Heatran
|-damage|p1a: Heatran|97/100
|-boost|p2a: Goatscruel|spe|1
|-sideend|p2: purpashroom|Stealth Rock|[from] move: Rapid Spin|[of] p2a: Goatscruel
|
|-weather|RainDance|[upkeep]
|-heal|p1a: Heatran|100/100|[from] item: Leftovers
|upkeep
|turn|17
|
|t:|1779685737
|-terastallize|p1a: Heatran|Grass
|move|p2a: Goatscruel|Earth Power|p1a: Heatran
|-resisted|p1a: Heatran
|-damage|p1a: Heatran|92/100
|move|p1a: Heatran|Magma Storm|p2a: Goatscruel|[miss]
|-miss|p1a: Heatran|p2a: Goatscruel
|
|-weather|none
|-heal|p1a: Heatran|99/100|[from] item: Leftovers
|upkeep
|turn|18
|inactive|purpashroom has 120 seconds left.
|
|t:|1779685754
|move|p1a: Heatran|Magma Storm|p2a: Goatscruel
|-supereffective|p2a: Goatscruel
|-damage|p2a: Goatscruel|47/100
|-activate|p2a: Goatscruel|move: Magma Storm|[of] p1a: Heatran
|move|p2a: Goatscruel|Toxic|p1a: Heatran
|-status|p1a: Heatran|tox
|
|-heal|p1a: Heatran|100/100 tox|[from] item: Leftovers
|-damage|p1a: Heatran|94/100 tox|[from] psn
|-damage|p2a: Goatscruel|35/100|[from] move: Magma Storm|[partiallytrapped]
|upkeep
|turn|19
|inactive|purpashroom has 120 seconds left.
|
|t:|1779685765
|move|p2a: Goatscruel|Knock Off|p1a: Heatran
|-damage|p1a: Heatran|81/100 tox
|-enditem|p1a: Heatran|Leftovers|[from] move: Knock Off|[of] p2a: Goatscruel
|move|p1a: Heatran|Stealth Rock|p2a: Goatscruel
|-sidestart|p2: purpashroom|move: Stealth Rock
|
|-damage|p1a: Heatran|68/100 tox|[from] psn
|-damage|p2a: Goatscruel|22/100|[from] move: Magma Storm|[partiallytrapped]
|upkeep
|turn|20
|
|t:|1779685773
|move|p2a: Goatscruel|Rapid Spin|p1a: Heatran
|-damage|p1a: Heatran|62/100 tox
|-boost|p2a: Goatscruel|spe|1
|-sideend|p2: purpashroom|Stealth Rock|[from] move: Rapid Spin|[of] p2a: Goatscruel
|-end|p2a: Goatscruel|Magma Storm|[partiallytrapped]
|move|p1a: Heatran|Magma Storm|p2a: Goatscruel|[miss]
|-miss|p1a: Heatran|p2a: Goatscruel
|
|-damage|p1a: Heatran|44/100 tox|[from] psn
|upkeep
|turn|21
|
|t:|1779685786
|move|p2a: Goatscruel|Rapid Spin|p1a: Heatran
|-damage|p1a: Heatran|37/100 tox
|-boost|p2a: Goatscruel|spe|1
|move|p1a: Heatran|Magma Storm|p2a: Goatscruel
|-supereffective|p2a: Goatscruel
|-damage|p2a: Goatscruel|0 fnt
|faint|p2a: Goatscruel
|
|-damage|p1a: Heatran|12/100 tox|[from] psn
|upkeep
|inactive|purpashroom has 120 seconds left.
|
|t:|1779685807
|switch|p2a: Dragagoat|Dragapult, F|100/100
|turn|22
|
|t:|1779685820
|move|p2a: Dragagoat|Hex|p1a: Heatran
|-damage|p1a: Heatran|0 fnt
|faint|p1a: Heatran
|
|upkeep
|
|t:|1779685824
|switch|p1a: Wo-Chien|Wo-Chien|86/100
|-ability|p1a: Wo-Chien|Tablets of Ruin
|turn|23
|inactive|purpashroom has 120 seconds left.
|
|t:|1779685836
|switch|p2a: Gligoat|Gliscor, M|100/100 tox
|move|p1a: Wo-Chien|Knock Off|p2a: Gligoat
|-damage|p2a: Gligoat|82/100 tox
|-enditem|p2a: Gligoat|Toxic Orb|[from] move: Knock Off|[of] p1a: Wo-Chien
|
|-heal|p1a: Wo-Chien|92/100|[from] item: Leftovers
|-heal|p2a: Gligoat|94/100 tox|[from] ability: Poison Heal
|upkeep
|turn|24
|inactive|purpashroom has 120 seconds left.
|
|t:|1779685850
|switch|p1a: Big Bird|Pelipper, F|27/100 tox
|-weather|RainDance|[from] ability: Drizzle|[of] p1a: Big Bird
|move|p2a: Gligoat|Protect||[still]
|-fail|p2a: Gligoat
|
|-weather|RainDance|[upkeep]
|-heal|p2a: Gligoat|100/100 tox|[from] ability: Poison Heal
|-damage|p1a: Big Bird|21/100 tox|[from] psn
|upkeep
|turn|25
|inactive|purpashroom has 120 seconds left.
|
|t:|1779685863
|move|p2a: Gligoat|Protect|p2a: Gligoat
|-singleturn|p2a: Gligoat|Protect
|move|p1a: Big Bird|Weather Ball|p2a: Gligoat
|-activate|p2a: Gligoat|move: Protect
|
|-weather|RainDance|[upkeep]
|-damage|p1a: Big Bird|9/100 tox|[from] psn
|upkeep
|turn|26
|inactive|purpashroom has 120 seconds left.
|
|t:|1779685873
|-terastallize|p2a: Gligoat|Poison
|move|p2a: Gligoat|Substitute|p2a: Gligoat
|-start|p2a: Gligoat|Substitute
|-damage|p2a: Gligoat|75/100 tox
|move|p1a: Big Bird|Weather Ball|p2a: Gligoat
|-end|p2a: Gligoat|Substitute
|
|-weather|RainDance|[upkeep]
|-heal|p2a: Gligoat|88/100 tox|[from] ability: Poison Heal
|-damage|p1a: Big Bird|0 fnt|[from] psn
|faint|p1a: Big Bird
|upkeep
|
|t:|1779685877
|switch|p1a: Indeedee|Indeedee, M, shiny|100/100
|-fieldstart|move: Psychic Terrain|[from] ability: Psychic Surge|[of] p1a: Indeedee
|turn|27
|
|t:|1779685888
|switch|p2a: Gargagoat|Garganacl, M|100/100
|move|p1a: Indeedee|Expanding Force|p2a: Gargagoat
|-damage|p2a: Gargagoat|59/100
|
|-weather|RainDance|[upkeep]
|-heal|p2a: Gargagoat|65/100|[from] item: Leftovers
|upkeep
|turn|28
|
|t:|1779685900
|switch|p1a: I Am Just a Fish|Barraskewda, M|100/100
|move|p2a: Gargagoat|Salt Cure|p1a: I Am Just a Fish
|-damage|p1a: I Am Just a Fish|75/100
|-start|p1a: I Am Just a Fish|Salt Cure
|
|-weather|none
|-heal|p2a: Gargagoat|71/100|[from] item: Leftovers
|-damage|p1a: I Am Just a Fish|50/100|[from] Salt Cure
|upkeep
|turn|29
|
|t:|1779685913
|switch|p2a: Gligoat|Gliscor, M, tera:Poison|88/100 tox
|move|p1a: I Am Just a Fish|Liquidation|p2a: Gligoat
|-damage|p2a: Gligoat|45/100 tox
|
|-heal|p2a: Gligoat|58/100 tox|[from] ability: Poison Heal
|-damage|p1a: I Am Just a Fish|26/100|[from] Salt Cure
|upkeep
|turn|30
|
|t:|1779685936
|move|p1a: I Am Just a Fish|Liquidation|p2a: Gligoat
|-crit|p2a: Gligoat
|-damage|p2a: Gligoat|0 fnt
|faint|p2a: Gligoat
|
|-damage|p1a: I Am Just a Fish|1/100|[from] Salt Cure
|upkeep
|inactive|purpashroom has 120 seconds left.
|
|t:|1779685954
|switch|p2a: Dragagoat|Dragapult, F|100/100
|turn|31
|
|t:|1779685969
|move|p2a: Dragagoat|Shadow Ball|p1a: I Am Just a Fish
|-damage|p1a: I Am Just a Fish|0 fnt
|faint|p1a: I Am Just a Fish
|
|-fieldend|move: Psychic Terrain
|upkeep
|
|t:|1779685972
|switch|p1a: Wo-Chien|Wo-Chien|92/100
|-ability|p1a: Wo-Chien|Tablets of Ruin
|turn|32
|
|t:|1779685978
|switch|p2a: Gargagoat|Garganacl, M|71/100
|move|p1a: Wo-Chien|Leech Seed|p2a: Gargagoat
|-start|p2a: Gargagoat|move: Leech Seed
|
|-heal|p1a: Wo-Chien|98/100|[from] item: Leftovers
|-heal|p2a: Gargagoat|77/100|[from] item: Leftovers
|-damage|p2a: Gargagoat|65/100|[from] Leech Seed|[of] p1a: Wo-Chien
|-heal|p1a: Wo-Chien|100/100|[silent]
|upkeep
|turn|33
|
|t:|1779685989
|move|p1a: Wo-Chien|Protect|p1a: Wo-Chien
|-singleturn|p1a: Wo-Chien|Protect
|move|p2a: Gargagoat|Salt Cure|p1a: Wo-Chien
|-activate|p1a: Wo-Chien|move: Protect
|
|-heal|p2a: Gargagoat|71/100|[from] item: Leftovers
|-damage|p2a: Gargagoat|59/100|[from] Leech Seed|[of] p1a: Wo-Chien
|upkeep
|turn|34
|
|t:|1779686000
|move|p1a: Wo-Chien|Knock Off|p2a: Gargagoat
|-damage|p2a: Gargagoat|39/100
|-enditem|p2a: Gargagoat|Leftovers|[from] move: Knock Off|[of] p1a: Wo-Chien
|move|p2a: Gargagoat|Salt Cure|p1a: Wo-Chien
|-damage|p1a: Wo-Chien|94/100
|-start|p1a: Wo-Chien|Salt Cure
|
|-heal|p1a: Wo-Chien|99/100|[from] item: Leftovers
|-damage|p2a: Gargagoat|26/100|[from] Leech Seed|[of] p1a: Wo-Chien
|-heal|p1a: Wo-Chien|100/100|[silent]
|-damage|p1a: Wo-Chien|88/100|[from] Salt Cure
|upkeep
|turn|35
|
|t:|1779686011
|move|p1a: Wo-Chien|Leech Seed||[still]
|-fail|p1a: Wo-Chien
|move|p2a: Gargagoat|Recover|p2a: Gargagoat
|-heal|p2a: Gargagoat|76/100
|
|-heal|p1a: Wo-Chien|94/100|[from] item: Leftovers
|-damage|p2a: Gargagoat|64/100|[from] Leech Seed|[of] p1a: Wo-Chien
|-heal|p1a: Wo-Chien|100/100|[silent]
|-damage|p1a: Wo-Chien|88/100|[from] Salt Cure
|upkeep
|turn|36
|
|t:|1779686020
|move|p1a: Wo-Chien|Ruination|p2a: Gargagoat|[miss]
|-miss|p1a: Wo-Chien|p2a: Gargagoat
|move|p2a: Gargagoat|Recover|p2a: Gargagoat
|-heal|p2a: Gargagoat|100/100
|
|-heal|p1a: Wo-Chien|94/100|[from] item: Leftovers
|-damage|p2a: Gargagoat|88/100|[from] Leech Seed|[of] p1a: Wo-Chien
|-heal|p1a: Wo-Chien|100/100|[silent]
|-damage|p1a: Wo-Chien|88/100|[from] Salt Cure
|upkeep
|turn|37
|
|t:|1779686032
|move|p1a: Wo-Chien|Ruination|p2a: Gargagoat
|-damage|p2a: Gargagoat|44/100
|move|p2a: Gargagoat|Stealth Rock|p1a: Wo-Chien
|-sidestart|p1: Yeahimgoinghome|move: Stealth Rock
|
|-heal|p1a: Wo-Chien|94/100|[from] item: Leftovers
|-damage|p2a: Gargagoat|32/100|[from] Leech Seed|[of] p1a: Wo-Chien
|-heal|p1a: Wo-Chien|100/100|[silent]
|-damage|p1a: Wo-Chien|88/100|[from] Salt Cure
|upkeep
|turn|38
|
|t:|1779686040
|move|p1a: Wo-Chien|Ruination|p2a: Gargagoat
|-damage|p2a: Gargagoat|16/100
|move|p2a: Gargagoat|Recover|p2a: Gargagoat
|-heal|p2a: Gargagoat|66/100
|
|-heal|p1a: Wo-Chien|94/100|[from] item: Leftovers
|-damage|p2a: Gargagoat|54/100|[from] Leech Seed|[of] p1a: Wo-Chien
|-heal|p1a: Wo-Chien|100/100|[silent]
|-damage|p1a: Wo-Chien|88/100|[from] Salt Cure
|upkeep
|turn|39
|
|t:|1779686049
|move|p1a: Wo-Chien|Ruination|p2a: Gargagoat
|-damage|p2a: Gargagoat|27/100
|move|p2a: Gargagoat|Recover|p2a: Gargagoat
|-heal|p2a: Gargagoat|77/100
|
|-heal|p1a: Wo-Chien|94/100|[from] item: Leftovers
|-damage|p2a: Gargagoat|65/100|[from] Leech Seed|[of] p1a: Wo-Chien
|-heal|p1a: Wo-Chien|100/100|[silent]
|-damage|p1a: Wo-Chien|88/100|[from] Salt Cure
|upkeep
|turn|40
|
|t:|1779686075
|move|p1a: Wo-Chien|Ruination|p2a: Gargagoat
|-damage|p2a: Gargagoat|33/100
|move|p2a: Gargagoat|Body Press|p1a: Wo-Chien
|-supereffective|p1a: Wo-Chien
|-damage|p1a: Wo-Chien|64/100
|
|-heal|p1a: Wo-Chien|70/100|[from] item: Leftovers
|-damage|p2a: Gargagoat|20/100|[from] Leech Seed|[of] p1a: Wo-Chien
|-heal|p1a: Wo-Chien|84/100|[silent]
|-damage|p1a: Wo-Chien|71/100|[from] Salt Cure
|upkeep
|turn|41
|
|t:|1779686086
|move|p1a: Wo-Chien|Knock Off|p2a: Gargagoat
|-damage|p2a: Gargagoat|6/100
|move|p2a: Gargagoat|Recover|p2a: Gargagoat
|-heal|p2a: Gargagoat|56/100
|
|-heal|p1a: Wo-Chien|78/100|[from] item: Leftovers
|-damage|p2a: Gargagoat|44/100|[from] Leech Seed|[of] p1a: Wo-Chien
|-heal|p1a: Wo-Chien|91/100|[silent]
|-damage|p1a: Wo-Chien|79/100|[from] Salt Cure
|upkeep
|turn|42
|
|t:|1779686095
|move|p1a: Wo-Chien|Knock Off|p2a: Gargagoat
|-damage|p2a: Gargagoat|31/100
|move|p2a: Gargagoat|Recover|p2a: Gargagoat
|-heal|p2a: Gargagoat|81/100
|
|-heal|p1a: Wo-Chien|85/100|[from] item: Leftovers
|-damage|p2a: Gargagoat|69/100|[from] Leech Seed|[of] p1a: Wo-Chien
|-heal|p1a: Wo-Chien|98/100|[silent]
|-damage|p1a: Wo-Chien|86/100|[from] Salt Cure
|upkeep
|turn|43
|
|t:|1779686107
|switch|p2a: Dragagoat|Dragapult, F|100/100
|move|p1a: Wo-Chien|Knock Off|p2a: Dragagoat
|-supereffective|p2a: Dragagoat
|-damage|p2a: Dragagoat|15/100
|-enditem|p2a: Dragagoat|Choice Specs|[from] move: Knock Off|[of] p1a: Wo-Chien
|
|-heal|p1a: Wo-Chien|92/100|[from] item: Leftovers
|-damage|p1a: Wo-Chien|80/100|[from] Salt Cure
|upkeep
|turn|44
|
|t:|1779686118
|switch|p2a: Gargagoat|Garganacl, M|69/100
|switch|p1a: Btzzz|Regieleki|100/100
|
|upkeep
|turn|45
|
|t:|1779686128
|move|p1a: Btzzz|Electro Ball|p2a: Gargagoat
|-damage|p2a: Gargagoat|10/100
|move|p2a: Gargagoat|Salt Cure|p1a: Btzzz
|-damage|p1a: Btzzz|75/100
|-start|p1a: Btzzz|Salt Cure
|
|-damage|p1a: Btzzz|62/100|[from] Salt Cure
|upkeep
|turn|46
|
|t:|1779686137
|move|p1a: Btzzz|Volt Switch|p2a: Gargagoat
|-crit|p2a: Gargagoat
|-damage|p2a: Gargagoat|0 fnt
|faint|p2a: Gargagoat
|
|t:|1779686141
|switch|p1a: Indeedee|Indeedee, M, shiny|100/100|[from] Volt Switch
|-damage|p1a: Indeedee|88/100|[from] Stealth Rock
|-fieldstart|move: Psychic Terrain|[from] ability: Psychic Surge|[of] p1a: Indeedee
|
|upkeep
|
|t:|1779686147
|switch|p2a: Dragagoat|Dragapult, F|15/100
|turn|47
|
|t:|1779686162
|move|p1a: Indeedee|Dazzling Gleam|p2a: Dragagoat
|-supereffective|p2a: Dragagoat
|-damage|p2a: Dragagoat|0 fnt
|faint|p2a: Dragagoat
|
|win|Yeahimgoinghome
|raw|Yeahimgoinghome's rating: 1301 &rarr; <strong>1314</strong><br />(+13 for winning)
|raw|purpashroom's rating: 1172 &rarr; <strong>1156</strong><br />(-16 for losing)
|l|☆purpashroom
|player|p2|
|l|☆Yeahimgoinghome
|player|p1|
