|j|☆IsaiahZX7
|j|☆pharajimbo
|t:|1779621473
|gametype|singles
|player|p1|IsaiahZX7|cynthia-gen4|1180
|player|p2|pharajimbo|n|1174
|gen|9
|tier|[Gen 9] OU
|rated|
|rule|HP Percentage Mod: HP is shown in percentages
|rule|Endless Battle Clause: Forcing endless battles is banned
|rule|Species Clause: Limit one of each Pokémon
|rule|OHKO Clause: OHKO moves are banned
|rule|Evasion Items Clause: Evasion items are banned
|rule|Evasion Moves Clause: Evasion moves are banned
|rule|Evasion Abilities Clause: Evasion abilities are banned
|rule|Sleep Moves Clause: Sleep-inducing moves are banned
|clearpoke
|poke|p1|Weavile, F|
|poke|p1|Moltres|
|poke|p1|Ogerpon-Wellspring, F|
|poke|p1|Great Tusk|
|poke|p1|Gholdengo|
|poke|p1|Zamazenta-*|
|poke|p2|Glimmora, M|
|poke|p2|Kingambit, M|
|poke|p2|Great Tusk|
|poke|p2|Dragonite, F|
|poke|p2|Walking Wake|
|poke|p2|Zapdos|
|teampreview
|
|t:|1779621487
|teamsize|p1|6
|teamsize|p2|6
|start
|switch|p1a: Great Tusk|Great Tusk|100/100
|switch|p2a: blupty|Glimmora, M|100/100
|turn|1
|inactive|Battle timer is ON: inactive players will automatically lose when time's up. (requested by pharajimbo)
|
|t:|1779621497
|move|p1a: Great Tusk|Stealth Rock|p2a: blupty
|-sidestart|p2: pharajimbo|move: Stealth Rock
|move|p2a: blupty|Mortal Spin|p1a: Great Tusk
|-resisted|p1a: Great Tusk
|-damage|p1a: Great Tusk|98/100
|-status|p1a: Great Tusk|psn
|-damage|p2a: blupty|84/100|[from] item: Rocky Helmet|[of] p1a: Great Tusk
|-sideend|p2: pharajimbo|Stealth Rock|[from] move: Mortal Spin|[of] p2a: blupty
|
|-damage|p1a: Great Tusk|86/100 psn|[from] psn
|upkeep
|turn|2
|
|t:|1779621510
|switch|p2a: Great Tusk|Great Tusk|100/100
|move|p1a: Great Tusk|Stealth Rock|p2a: Great Tusk
|-sidestart|p2: pharajimbo|move: Stealth Rock
|
|-damage|p1a: Great Tusk|73/100 psn|[from] psn
|upkeep
|turn|3
|
|t:|1779621518
|-end|p1a: Great Tusk|Protosynthesis|[silent]
|switch|p1a: Moltres|Moltres|100/100
|move|p2a: Great Tusk|Rapid Spin|p1a: Moltres
|-damage|p1a: Moltres|86/100
|-boost|p2a: Great Tusk|spe|1
|-sideend|p2: pharajimbo|Stealth Rock|[from] move: Rapid Spin|[of] p2a: Great Tusk
|
|upkeep
|turn|4
|
|t:|1779621547
|-terastallize|p2a: Great Tusk|Fire
|move|p2a: Great Tusk|Knock Off|p1a: Moltres
|-damage|p1a: Moltres|59/100
|-enditem|p1a: Moltres|Heavy-Duty Boots|[from] move: Knock Off|[of] p2a: Great Tusk
|move|p1a: Moltres|U-turn|p2a: Great Tusk
|-resisted|p2a: Great Tusk
|-damage|p2a: Great Tusk|96/100
|
|t:|1779621552
|switch|p1a: Ogerpon|Ogerpon-Wellspring, F|100/100|[from] U-turn
|
|upkeep
|turn|5
|inactive|pharajimbo has 120 seconds left.
|
|t:|1779621575
|-end|p2a: Great Tusk|Protosynthesis|[silent]
|switch|p2a: Zapdos|Zapdos|100/100
|move|p1a: Ogerpon|U-turn|p2a: Zapdos
|-resisted|p2a: Zapdos
|-crit|p2a: Zapdos
|-damage|p2a: Zapdos|77/100
|-status|p1a: Ogerpon|par|[from] ability: Static|[of] p2a: Zapdos
|
|t:|1779621582
|switch|p1a: Weavile|Weavile, F|100/100|[from] U-turn
|-ability|p1a: Weavile|Pressure
|
|upkeep
|turn|6
|
|t:|1779621591
|switch|p2a: blupty|Glimmora, M|84/100
|move|p1a: Weavile|Swords Dance|p1a: Weavile
|-boost|p1a: Weavile|atk|2
|
|upkeep
|turn|7
|inactive|pharajimbo has 120 seconds left.
|
|t:|1779621617
|move|p1a: Weavile|Knock Off|p2a: blupty
|-damage|p2a: blupty|0 fnt
|-activate|p2a: blupty|ability: Toxic Debris
|-sidestart|p1: IsaiahZX7|move: Toxic Spikes
|-enditem|p2a: blupty|Focus Sash|[from] move: Knock Off|[of] p1a: Weavile
|faint|p2a: blupty
|
|upkeep
|
|t:|1779621630
|switch|p2a: Walking Wake|Walking Wake|100/100
|-enditem|p2a: Walking Wake|Booster Energy
|-activate|p2a: Walking Wake|ability: Protosynthesis|[fromitem]
|-start|p2a: Walking Wake|protosynthesisspe
|turn|8
|
|t:|1779621639
|switch|p1a: Ogerpon|Ogerpon-Wellspring, F|100/100 par
|move|p2a: Walking Wake|Flamethrower|p1a: Ogerpon
|-damage|p1a: Ogerpon|63/100 par
|
|upkeep
|turn|9
|inactive|pharajimbo has 120 seconds left.
|
|t:|1779621652
|move|p2a: Walking Wake|Draco Meteor|p1a: Ogerpon
|-damage|p1a: Ogerpon|0 fnt
|-unboost|p2a: Walking Wake|spa|2
|faint|p1a: Ogerpon
|
|upkeep
|
|t:|1779621656
|switch|p1a: Great Tusk|Great Tusk|73/100 psn
|turn|10
|inactive|pharajimbo has 120 seconds left.
|
|t:|1779621685
|move|p2a: Walking Wake|Flip Turn|p1a: Great Tusk
|-supereffective|p1a: Great Tusk
|-damage|p1a: Great Tusk|52/100 psn
|-damage|p2a: Walking Wake|84/100|[from] item: Rocky Helmet|[of] p1a: Great Tusk
|
|t:|1779621693
|-end|p2a: Walking Wake|Protosynthesis|[silent]
|switch|p2a: Great Tusk|Great Tusk, tera:Fire|96/100|[from] Flip Turn
|move|p1a: Great Tusk|Rapid Spin|p2a: Great Tusk
|-damage|p2a: Great Tusk|85/100
|-boost|p1a: Great Tusk|spe|1
|-sideend|p1: IsaiahZX7|Toxic Spikes|[from] move: Rapid Spin|[of] p1a: Great Tusk
|
|-damage|p1a: Great Tusk|39/100 psn|[from] psn
|upkeep
|turn|11
|
|t:|1779621709
|move|p1a: Great Tusk|Headlong Rush|p2a: Great Tusk
|-supereffective|p2a: Great Tusk
|-damage|p2a: Great Tusk|6/100
|-unboost|p1a: Great Tusk|def|1
|-unboost|p1a: Great Tusk|spd|1
|move|p2a: Great Tusk|Knock Off|p1a: Great Tusk
|-resisted|p1a: Great Tusk
|-damage|p1a: Great Tusk|24/100 psn
|-damage|p2a: Great Tusk|0 fnt|[from] item: Rocky Helmet|[of] p1a: Great Tusk
|faint|p2a: Great Tusk
|-end|p2a: Great Tusk|Protosynthesis|[silent]
|
|-damage|p1a: Great Tusk|12/100 psn|[from] psn
|upkeep
|
|t:|1779621723
|switch|p2a: Dragonite|Dragonite, F|100/100
|turn|12
|
|t:|1779621739
|move|p2a: Dragonite|Extreme Speed|p1a: Great Tusk
|-damage|p1a: Great Tusk|0 fnt
|-damage|p2a: Dragonite|84/100|[from] item: Rocky Helmet|[of] p1a: Great Tusk
|faint|p1a: Great Tusk
|-end|p1a: Great Tusk|Protosynthesis|[silent]
|
|upkeep
|
|t:|1779621742
|switch|p1a: Weavile|Weavile, F|100/100
|-ability|p1a: Weavile|Pressure
|turn|13
|inactive|pharajimbo has 90 seconds left.
|
|t:|1779621765
|switch|p1a: Moltres|Moltres|59/100
|move|p2a: Dragonite|Earthquake|p1a: Moltres
|-immune|p1a: Moltres
|
|upkeep
|turn|14
|
|t:|1779621774
|switch|p2a: Walking Wake|Walking Wake|84/100
|move|p1a: Moltres|U-turn|p2a: Walking Wake
|-damage|p2a: Walking Wake|68/100
|
|t:|1779621778
|switch|p1a: Weavile|Weavile, F|100/100|[from] U-turn
|-ability|p1a: Weavile|Pressure
|
|upkeep
|turn|15
|inactive|pharajimbo has 90 seconds left.
|
|t:|1779621807
|-terastallize|p1a: Weavile|Ice
|move|p1a: Weavile|Triple Axel|p2a: Walking Wake
|-damage|p2a: Walking Wake|54/100
|-damage|p2a: Walking Wake|28/100
|-damage|p2a: Walking Wake|0 fnt
|faint|p2a: Walking Wake
|-end|p2a: Walking Wake|Protosynthesis|[silent]
|-hitcount|p2: Walking Wake|3
|
|upkeep
|
|t:|1779621819
|switch|p2a: Zapdos|Zapdos|77/100
|turn|16
|inactive|IsaiahZX7 has 120 seconds left.
|
|t:|1779621863
|move|p1a: Weavile|Triple Axel|p2a: Zapdos
|-supereffective|p2a: Zapdos
|-damage|p2a: Zapdos|52/100
|-supereffective|p2a: Zapdos
|-damage|p2a: Zapdos|0 fnt
|faint|p2a: Zapdos
|-hitcount|p2: Zapdos|2
|
|upkeep
|
|t:|1779621870
|switch|p2a: Dragonite|Dragonite, F|84/100
|turn|17
|inactive|pharajimbo has 90 seconds left.
|
|t:|1779621876
|move|p2a: Dragonite|Extreme Speed|p1a: Weavile
|-damage|p1a: Weavile|44/100
|move|p1a: Weavile|Ice Shard|p2a: Dragonite
|-supereffective|p2a: Dragonite
|-damage|p2a: Dragonite|0 fnt
|faint|p2a: Dragonite
|
|upkeep
|inactive|pharajimbo has 90 seconds left.
|
|t:|1779621883
|switch|p2a: Kingambit|Kingambit, M|100/100
|-activate|p2a: Kingambit|ability: Supreme Overlord
|-start|p2a: Kingambit|fallen5|[silent]
|-item|p2a: Kingambit|Air Balloon
|turn|18
|
|t:|1779621889
|move|p2a: Kingambit|Sucker Punch|p1a: Weavile
|-damage|p1a: Weavile|0 fnt
|faint|p1a: Weavile
|
|upkeep
|
|t:|1779621890
|switch|p1a: Zamazenta|Zamazenta|100/100
|-ability|p1a: Zamazenta|Dauntless Shield|boost
|-boost|p1a: Zamazenta|def|1
|turn|19
|
|t:|1779621898
|move|p1a: Zamazenta|Body Press|p2a: Kingambit
|-supereffective|p2a: Kingambit
|-damage|p2a: Kingambit|0 fnt
|-enditem|p2a: Kingambit|Air Balloon
|faint|p2a: Kingambit
|-end|p2a: Kingambit|fallen5|[silent]
|
|win|IsaiahZX7
|raw|IsaiahZX7's rating: 1180 &rarr; <strong>1205</strong><br />(+25 for winning)
|raw|pharajimbo's rating: 1174 &rarr; <strong>1149</strong><br />(-25 for losing)
