|j|☆Megachamp100
|j|☆deslumbre
|t:|1779586516
|gametype|singles
|player|p1|Megachamp100|marshal|1146
|player|p2|deslumbre|iris-gen5bw2|1145
|gen|9
|tier|[Gen 9] OU
|rated|
|rule|HP Percentage Mod: HP is shown in percentages
|rule|Endless Battle Clause: Forcing endless battles is banned
|rule|Species Clause: Limit one of each Pokémon
|rule|OHKO Clause: OHKO moves are banned
|rule|Evasion Items Clause: Evasion items are banned
|rule|Evasion Moves Clause: Evasion moves are banned
|rule|Evasion Abilities Clause: Evasion abilities are banned
|rule|Sleep Moves Clause: Sleep-inducing moves are banned
|clearpoke
|poke|p1|Arcanine, M|
|poke|p1|Forretress, M|
|poke|p1|Slowking-Galar, M|
|poke|p1|Clefable, F|
|poke|p1|Keldeo-Resolute|
|poke|p1|Ursaluna, M|
|poke|p2|Primarina, F|
|poke|p2|Oricorio-Sensu, F|
|poke|p2|Sawsbuck-Autumn, F|
|poke|p2|Mienshao, F|
|poke|p2|Goodra, M|
|poke|p2|Delphox, F|
|teampreview
|
|t:|1779586540
|teamsize|p1|6
|teamsize|p2|6
|start
|switch|p1a: Slowking|Slowking-Galar, M, shiny|100/100
|switch|p2a: Delphox|Delphox, F|100/100
|turn|1
|
|t:|1779586549
|move|p2a: Delphox|Psychic|p1a: Slowking
|-damage|p1a: Slowking|77/100
|move|p1a: Slowking|Trick Room|p1a: Slowking
|-fieldstart|move: Trick Room|[of] p1a: Slowking
|
|upkeep
|turn|2
|
|t:|1779586567
|-terastallize|p2a: Delphox|Fire
|-prepare|p1a: Slowking|Chilly Reception|[premajor]
|move|p1a: Slowking|Chilly Reception|p1a: Slowking
|-weather|Snowscape
|
|t:|1779586573
|switch|p1a: Arcanine|Arcanine, M, shiny|100/100|[from] Chilly Reception
|-ability|p1a: Arcanine|Intimidate|boost
|-unboost|p2a: Delphox|atk|1
|move|p2a: Delphox|Flamethrower|p1a: Arcanine
|-resisted|p1a: Arcanine
|-damage|p1a: Arcanine|70/100
|
|-weather|Snowscape|[upkeep]
|-heal|p1a: Arcanine|77/100|[from] item: Leftovers
|upkeep
|turn|3
|
|t:|1779586593
|switch|p2a: Goodra|Goodra, M|100/100
|move|p1a: Arcanine|Flare Blitz|p2a: Goodra
|-resisted|p2a: Goodra
|-damage|p2a: Goodra|81/100
|-status|p2a: Goodra|brn
|-ability|p2a: Goodra|Gooey
|-unboost|p1a: Arcanine|spe|1
|-damage|p1a: Arcanine|70/100|[from] Recoil
|
|-weather|Snowscape|[upkeep]
|-heal|p1a: Arcanine|77/100|[from] item: Leftovers
|-damage|p2a: Goodra|75/100 brn|[from] brn
|upkeep
|turn|4
|
|t:|1779586607
|switch|p1a: Ursaluna|Ursaluna, M|100/100
|move|p2a: Goodra|Scald|p1a: Ursaluna
|-supereffective|p1a: Ursaluna
|-damage|p1a: Ursaluna|55/100
|
|-weather|Snowscape|[upkeep]
|-damage|p2a: Goodra|69/100 brn|[from] brn
|-status|p1a: Ursaluna|brn|[from] item: Flame Orb
|upkeep
|turn|5
|
|t:|1779586618
|move|p1a: Ursaluna|Facade|p2a: Goodra
|-damage|p2a: Goodra|0 fnt
|-ability|p2a: Goodra|Gooey
|-unboost|p1a: Ursaluna|spe|1
|faint|p2a: Goodra
|
|-weather|Snowscape|[upkeep]
|-damage|p1a: Ursaluna|49/100 brn|[from] brn
|-fieldend|move: Trick Room
|upkeep
|
|t:|1779586628
|switch|p2a: Oricorio|Oricorio-Sensu, F|100/100
|turn|6
|
|t:|1779586636
|switch|p1a: Clefable|Clefable, F, shiny|100/100
|move|p2a: Oricorio|Quiver Dance|p2a: Oricorio
|-boost|p2a: Oricorio|spa|1
|-boost|p2a: Oricorio|spd|1
|-boost|p2a: Oricorio|spe|1
|
|-weather|none
|upkeep
|turn|7
|
|t:|1779586645
|move|p2a: Oricorio|Quiver Dance|p2a: Oricorio
|-boost|p2a: Oricorio|spa|1
|-boost|p2a: Oricorio|spd|1
|-boost|p2a: Oricorio|spe|1
|move|p1a: Clefable|Thunder Wave|p2a: Oricorio|[miss]
|-miss|p1a: Clefable|p2a: Oricorio
|
|upkeep
|turn|8
|
|t:|1779586654
|move|p2a: Oricorio|Revelation Dance|p1a: Clefable
|-damage|p1a: Clefable|73/100
|move|p1a: Clefable|Thunder Wave|p2a: Oricorio|[miss]
|-miss|p1a: Clefable|p2a: Oricorio
|
|upkeep
|turn|9
|
|t:|1779586665
|move|p2a: Oricorio|Quiver Dance|p2a: Oricorio
|-boost|p2a: Oricorio|spa|1
|-boost|p2a: Oricorio|spd|1
|-boost|p2a: Oricorio|spe|1
|move|p1a: Clefable|Thunder Wave|p2a: Oricorio
|-status|p2a: Oricorio|par
|
|upkeep
|turn|10
|
|t:|1779586674
|cant|p2a: Oricorio|par
|move|p1a: Clefable|Moonblast|p2a: Oricorio
|-damage|p2a: Oricorio|47/100 par
|
|upkeep
|turn|11
|
|t:|1779586683
|cant|p2a: Oricorio|par
|move|p1a: Clefable|Moonblast|p2a: Oricorio
|-damage|p2a: Oricorio|0 fnt
|faint|p2a: Oricorio
|
|upkeep
|
|t:|1779586694
|switch|p2a: Ariel|Primarina, F, shiny|100/100
|turn|12
|
|t:|1779586702
|move|p2a: Ariel|Moonblast|p1a: Clefable
|-damage|p1a: Clefable|40/100
|-unboost|p1a: Clefable|spa|1
|move|p1a: Clefable|Thunder Wave|p2a: Ariel
|-status|p2a: Ariel|par
|
|upkeep
|turn|13
|
|t:|1779586710
|switch|p1a: Slowking|Slowking-Galar, M, shiny|100/100
|move|p2a: Ariel|Moonblast|p1a: Slowking
|-resisted|p1a: Slowking
|-damage|p1a: Slowking|85/100
|
|upkeep
|turn|14
|
|t:|1779586733
|switch|p1a: Ursaluna|Ursaluna, M|49/100 brn
|move|p2a: Ariel|Sparkling Aria|p1a: Ursaluna
|-supereffective|p1a: Ursaluna
|-damage|p1a: Ursaluna|0 fnt
|faint|p1a: Ursaluna
|
|upkeep
|
|t:|1779586743
|switch|p1a: Arcanine|Arcanine, M, shiny|77/100
|-ability|p1a: Arcanine|Intimidate|boost
|-unboost|p2a: Ariel|atk|1
|turn|15
|
|t:|1779586750
|-terastallize|p1a: Arcanine|Water
|move|p1a: Arcanine|Extreme Speed|p2a: Ariel
|-crit|p2a: Ariel
|-damage|p2a: Ariel|64/100 par
|move|p2a: Ariel|Sparkling Aria|p1a: Arcanine
|-resisted|p1a: Arcanine
|-damage|p1a: Arcanine|51/100
|
|-heal|p1a: Arcanine|57/100|[from] item: Leftovers
|upkeep
|turn|16
|
|t:|1779586761
|move|p1a: Arcanine|Extreme Speed|p2a: Ariel
|-damage|p2a: Ariel|38/100 par
|move|p2a: Ariel|Moonblast|p1a: Arcanine
|-damage|p1a: Arcanine|5/100
|
|-heal|p1a: Arcanine|11/100|[from] item: Leftovers
|upkeep
|turn|17
|
|t:|1779586773
|move|p1a: Arcanine|Morning Sun|p1a: Arcanine
|-heal|p1a: Arcanine|61/100
|cant|p2a: Ariel|par
|
|-heal|p1a: Arcanine|67/100|[from] item: Leftovers
|upkeep
|turn|18
|
|t:|1779586781
|move|p1a: Arcanine|Extreme Speed|p2a: Ariel
|-damage|p2a: Ariel|13/100 par
|move|p2a: Ariel|Moonblast|p1a: Arcanine
|-damage|p1a: Arcanine|6/100
|
|-heal|p1a: Arcanine|12/100|[from] item: Leftovers
|upkeep
|turn|19
|
|t:|1779586789
|move|p1a: Arcanine|Extreme Speed|p2a: Ariel
|-damage|p2a: Ariel|0 fnt
|faint|p2a: Ariel
|
|-heal|p1a: Arcanine|19/100|[from] item: Leftovers
|upkeep
|
|t:|1779586802
|switch|p2a: Sawsbuck|Sawsbuck-Autumn, F, shiny|100/100
|turn|20
|
|t:|1779586813
|switch|p1a: Forretress|Forretress, M, shiny|100/100
|move|p2a: Sawsbuck|Body Slam|p1a: Forretress
|-resisted|p1a: Forretress
|-damage|p1a: Forretress|90/100
|-status|p1a: Forretress|par
|-damage|p2a: Sawsbuck|84/100|[from] item: Rocky Helmet|[of] p1a: Forretress
|
|upkeep
|turn|21
|
|t:|1779586823
|switch|p2a: Delphox|Delphox, F, tera:Fire|100/100
|move|p1a: Forretress|Body Press|p2a: Delphox
|-damage|p2a: Delphox|49/100
|
|upkeep
|turn|22
|
|t:|1779586836
|switch|p1a: Arcanine|Arcanine, M, shiny, tera:Water|19/100
|-ability|p1a: Arcanine|Intimidate|boost
|-unboost|p2a: Delphox|atk|1
|move|p2a: Delphox|Flamethrower|p1a: Arcanine
|-resisted|p1a: Arcanine
|-damage|p1a: Arcanine|0 fnt
|faint|p1a: Arcanine
|
|upkeep
|
|t:|1779586852
|switch|p1a: Keldeo|Keldeo-Resolute|100/100
|turn|23
|
|t:|1779586859
|switch|p2a: Sawsbuck|Sawsbuck-Autumn, F, shiny|84/100
|move|p1a: Keldeo|Secret Sword|p2a: Sawsbuck
|-supereffective|p2a: Sawsbuck
|-damage|p2a: Sawsbuck|0 fnt
|faint|p2a: Sawsbuck
|
|upkeep
|
|t:|1779586868
|switch|p2a: Mienshao|Mienshao, F, shiny|100/100
|turn|24
|
|t:|1779586877
|switch|p1a: Forretress|Forretress, M, shiny|90/100 par
|move|p2a: Mienshao|Fake Out|p1a: Forretress
|-resisted|p1a: Forretress
|-damage|p1a: Forretress|86/100 par
|-damage|p2a: Mienshao|84/100|[from] item: Rocky Helmet|[of] p1a: Forretress
|
|upkeep
|turn|25
|
|t:|1779586887
|move|p2a: Mienshao|High Jump Kick|p1a: Forretress
|-damage|p1a: Forretress|43/100 par
|-damage|p2a: Mienshao|67/100|[from] item: Rocky Helmet|[of] p1a: Forretress
|move|p1a: Forretress|Body Press|p2a: Mienshao
|-damage|p2a: Mienshao|9/100
|
|upkeep
|turn|26
|
|t:|1779586897
|move|p2a: Mienshao|High Jump Kick|p1a: Forretress|[miss]
|-miss|p2a: Mienshao|p1a: Forretress
|-damage|p2a: Mienshao|0 fnt|[from] highjumpkick
|faint|p2a: Mienshao
|move|p1a: Forretress|Volt Switch|p2: Mienshao|[notarget]
|-fail|p1a: Forretress
|
|upkeep
|
|t:|1779586904
|switch|p2a: Delphox|Delphox, F, tera:Fire|49/100
|turn|27
|
|t:|1779586912
|switch|p1a: Clefable|Clefable, F, shiny|40/100
|move|p2a: Delphox|Flamethrower|p1a: Clefable
|-damage|p1a: Clefable|4/100
|
|upkeep
|turn|28
|
|t:|1779586921
|move|p2a: Delphox|Psychic|p1a: Clefable
|-damage|p1a: Clefable|0 fnt
|faint|p1a: Clefable
|
|upkeep
|
|t:|1779586927
|switch|p1a: Keldeo|Keldeo-Resolute|100/100
|turn|29
|
|t:|1779586931
|move|p1a: Keldeo|Secret Sword|p2a: Delphox
|-damage|p2a: Delphox|0 fnt
|faint|p2a: Delphox
|
|win|Megachamp100
|raw|Megachamp100's rating: 1146 &rarr; <strong>1171</strong><br />(+25 for winning)
|raw|deslumbre's rating: 1145 &rarr; <strong>1120</strong><br />(-25 for losing)
|l|☆deslumbre
|player|p2|
|l|☆Megachamp100
|player|p1|
