|j|☆Baptou26
|j|☆1mN0tD1zzy
|t:|1779655764
|gametype|singles
|player|p1|Baptou26|101|1132
|player|p2|1mN0tD1zzy|benga|1206
|gen|9
|tier|[Gen 9] OU
|rated|
|rule|HP Percentage Mod: HP is shown in percentages
|rule|Endless Battle Clause: Forcing endless battles is banned
|rule|Species Clause: Limit one of each Pokémon
|rule|OHKO Clause: OHKO moves are banned
|rule|Evasion Items Clause: Evasion items are banned
|rule|Evasion Moves Clause: Evasion moves are banned
|rule|Evasion Abilities Clause: Evasion abilities are banned
|rule|Sleep Moves Clause: Sleep-inducing moves are banned
|clearpoke
|poke|p1|Gliscor, M|
|poke|p1|Iron Valiant|
|poke|p1|Ceruledge, M|
|poke|p1|Meowscarada, M|
|poke|p1|Primarina, F|
|poke|p1|Basculin-Blue-Striped, F|
|poke|p2|Pincurchin, F|
|poke|p2|Iron Valiant|
|poke|p2|Hawlucha, M|
|poke|p2|Raging Bolt|
|poke|p2|Iron Treads|
|poke|p2|Ogerpon-Wellspring, F|
|teampreview
|c|☆1mN0tD1zzy|glhf
|
|t:|1779655771
|teamsize|p1|6
|teamsize|p2|6
|start
|switch|p1a: Car|Meowscarada, M|100/100
|switch|p2a: Pincurchin|Pincurchin, F|100/100
|-fieldstart|move: Electric Terrain|[from] ability: Electric Surge|[of] p2a: Pincurchin
|turn|1
|
|t:|1779655782
|move|p1a: Car|Flower Trick|p2a: Pincurchin
|-start|p1a: Car|typechange|Grass|[from] ability: Protean
|-crit|p2a: Pincurchin
|-damage|p2a: Pincurchin|55/100
|move|p2a: Pincurchin|Thunder Wave|p1a: Car
|-status|p1a: Car|par
|
|upkeep
|turn|2
|
|t:|1779655791
|move|p1a: Car|Flower Trick|p2a: Pincurchin
|-crit|p2a: Pincurchin
|-damage|p2a: Pincurchin|16/100
|move|p2a: Pincurchin|Memento|p1a: Car
|-unboost|p1a: Car|atk|2
|-unboost|p1a: Car|spa|2
|faint|p2a: Pincurchin
|
|upkeep
|
|t:|1779655793
|switch|p2a: Hawlucha|Hawlucha, M|100/100
|-enditem|p2a: Hawlucha|Electric Seed
|-boost|p2a: Hawlucha|def|1|[from] item: Electric Seed
|turn|3
|
|t:|1779655801
|switch|p1a: Fih|Basculin-Blue-Striped, F|100/100
|-ability|p1a: Fih|Mold Breaker
|move|p2a: Hawlucha|Swords Dance|p2a: Hawlucha
|-boost|p2a: Hawlucha|atk|2
|
|upkeep
|turn|4
|
|t:|1779655808
|move|p2a: Hawlucha|Acrobatics|p1a: Fih
|-damage|p1a: Fih|0 fnt
|faint|p1a: Fih
|
|upkeep
|
|t:|1779655813
|switch|p1a: Stay With Me|Iron Valiant|100/100
|-activate|p1a: Stay With Me|ability: Quark Drive
|-start|p1a: Stay With Me|quarkdrivespe
|turn|5
|
|t:|1779655819
|move|p2a: Hawlucha|Iron Head|p1a: Stay With Me
|-supereffective|p1a: Stay With Me
|-damage|p1a: Stay With Me|0 fnt
|faint|p1a: Stay With Me
|-end|p1a: Stay With Me|Quark Drive|[silent]
|
|upkeep
|-message|Baptou26 forfeited.
|
|win|1mN0tD1zzy
|raw|Baptou26's rating: 1132 &rarr; <strong>1112</strong><br />(-20 for losing)
|raw|1mN0tD1zzy's rating: 1206 &rarr; <strong>1226</strong><br />(+20 for winning)
|l|☆Baptou26
|player|p1|
