|j|☆The Name Change
|j|‽aaagislash
|t:|1779632744
|gametype|singles
|player|p1|The Name Change|lusamine-nihilego|1447
|player|p2|aaagislash|102|1451
|gen|9
|tier|[Gen 9] OU
|rated|
|rule|HP Percentage Mod: HP is shown in percentages
|rule|Endless Battle Clause: Forcing endless battles is banned
|rule|Species Clause: Limit one of each Pokémon
|rule|OHKO Clause: OHKO moves are banned
|rule|Evasion Items Clause: Evasion items are banned
|rule|Evasion Moves Clause: Evasion moves are banned
|rule|Evasion Abilities Clause: Evasion abilities are banned
|rule|Sleep Moves Clause: Sleep-inducing moves are banned
|clearpoke
|poke|p1|Pelipper, M|
|poke|p1|Raging Bolt|
|poke|p1|Overqwil, M|
|poke|p1|Barraskewda, F|
|poke|p1|Iron Treads|
|poke|p1|Kingambit, F|
|poke|p2|Bisharp, M|
|poke|p2|Empoleon, M|
|poke|p2|Smeargle, M|
|poke|p2|Falinks|
|poke|p2|Rabsca, F|
|poke|p2|Cresselia, F|
|teampreview
|
|t:|1779632762
|teamsize|p1|6
|teamsize|p2|6
|start
|switch|p1a: Pelipper|Pelipper, M|100/100
|switch|p2a: Smeargle|Smeargle, M|100/100
|-weather|RainDance|[from] ability: Drizzle|[of] p1a: Pelipper
|turn|1
|
|t:|1779632770
|move|p1a: Pelipper|Hurricane|p2a: Smeargle
|-damage|p2a: Smeargle|26/100
|move|p2a: Smeargle|Trick Room|p2a: Smeargle
|-fieldstart|move: Trick Room|[of] p2a: Smeargle
|
|-weather|RainDance|[upkeep]
|upkeep
|turn|2
|
|t:|1779632776
|move|p1a: Pelipper|Hurricane|p2a: Smeargle
|-damage|p2a: Smeargle|0 fnt
|faint|p2a: Smeargle
|
|-weather|RainDance|[upkeep]
|upkeep
|
|t:|1779632782
|switch|p2a: Empoleon|Empoleon, M|100/100
|turn|3
|
|t:|1779632786
|move|p2a: Empoleon|Surf|p1a: Pelipper
|-resisted|p1a: Pelipper
|-damage|p1a: Pelipper|23/100
|move|p1a: Pelipper|U-turn|p2a: Empoleon
|-resisted|p2a: Empoleon
|-damage|p2a: Empoleon|96/100
|
|t:|1779632789
|switch|p1a: Raging Bolt|Raging Bolt|100/100|[from] U-turn
|-enditem|p1a: Raging Bolt|Booster Energy
|-activate|p1a: Raging Bolt|ability: Protosynthesis|[fromitem]
|-start|p1a: Raging Bolt|protosynthesisspa
|
|-weather|RainDance|[upkeep]
|upkeep
|turn|4
|
|t:|1779632798
|move|p2a: Empoleon|Surf|p1a: Raging Bolt
|-resisted|p1a: Raging Bolt
|-damage|p1a: Raging Bolt|56/100
|move|p1a: Raging Bolt|Thunder|p2a: Empoleon
|-supereffective|p2a: Empoleon
|-damage|p2a: Empoleon|0 fnt
|faint|p2a: Empoleon
|
|-weather|RainDance|[upkeep]
|upkeep
|
|t:|1779632801
|switch|p2a: Falinks|Falinks|100/100
|turn|5
|
|t:|1779632809
|move|p1a: Raging Bolt|Thunderclap|p2a: Falinks
|-damage|p2a: Falinks|21/100
|move|p2a: Falinks|Close Combat|p1a: Raging Bolt
|-crit|p1a: Raging Bolt
|-damage|p1a: Raging Bolt|0 fnt
|-unboost|p2a: Falinks|def|1
|-unboost|p2a: Falinks|spd|1
|faint|p1a: Raging Bolt
|-end|p1a: Raging Bolt|Protosynthesis|[silent]
|
|-weather|RainDance|[upkeep]
|-fieldend|move: Trick Room
|upkeep
|
|t:|1779632817
|switch|p1a: Overqwil|Overqwil, M|100/100
|turn|6
|
|t:|1779632823
|move|p1a: Overqwil|Liquidation|p2a: Falinks
|-damage|p2a: Falinks|0 fnt
|faint|p2a: Falinks
|-damage|p1a: Overqwil|91/100|[from] item: Life Orb
|
|-weather|RainDance|[upkeep]
|upkeep
|
|t:|1779632833
|switch|p2a: Rabsca|Rabsca, F|100/100
|turn|7
|
|t:|1779632836
|move|p1a: Overqwil|Crunch|p2a: Rabsca
|-supereffective|p2a: Rabsca
|-damage|p2a: Rabsca|8/100
|-damage|p1a: Overqwil|81/100|[from] item: Life Orb
|move|p2a: Rabsca|Trick Room|p2a: Rabsca
|-fieldstart|move: Trick Room|[of] p2a: Rabsca
|
|-weather|RainDance|[upkeep]
|upkeep
|turn|8
|
|t:|1779632843
|move|p2a: Rabsca|Revival Blessing|p2a: Rabsca
|
|t:|1779632853
|-heal|p2: Falinks|50/100|[from] move: Revival Blessing
|move|p1a: Overqwil|Crunch|p2a: Rabsca
|-supereffective|p2a: Rabsca
|-damage|p2a: Rabsca|0 fnt
|faint|p2a: Rabsca
|-damage|p1a: Overqwil|71/100|[from] item: Life Orb
|
|-weather|none
|upkeep
|
|t:|1779632861
|switch|p2a: Falinks|Falinks|50/100
|turn|9
|
|t:|1779632873
|switch|p1a: Kingambit|Kingambit, F|100/100
|-activate|p1a: Kingambit|ability: Supreme Overlord
|-start|p1a: Kingambit|fallen1|[silent]
|move|p2a: Falinks|Close Combat|p1a: Kingambit
|-supereffective|p1a: Kingambit
|-damage|p1a: Kingambit|0 fnt
|-unboost|p2a: Falinks|def|1
|-unboost|p2a: Falinks|spd|1
|faint|p1a: Kingambit
|-end|p1a: Kingambit|fallen1|[silent]
|
|upkeep
|
|t:|1779632879
|switch|p1a: Pelipper|Pelipper, M|23/100
|-weather|RainDance|[from] ability: Drizzle|[of] p1a: Pelipper
|turn|10
|
|t:|1779632892
|switch|p2a: Bisharp|Bisharp, M|100/100
|move|p1a: Pelipper|Hurricane|p2a: Bisharp
|-resisted|p2a: Bisharp
|-damage|p2a: Bisharp|83/100
|
|-weather|RainDance|[upkeep]
|upkeep
|turn|11
|
|t:|1779632900
|switch|p1a: Barraskewda|Barraskewda, F|100/100
|move|p2a: Bisharp|Throat Chop|p1a: Barraskewda
|-damage|p1a: Barraskewda|10/100
|-start|p1a: Barraskewda|Throat Chop|[silent]
|
|-weather|RainDance|[upkeep]
|-fieldend|move: Trick Room
|upkeep
|turn|12
|
|t:|1779632912
|switch|p2a: Cresselia|Cresselia, F|100/100
|move|p1a: Barraskewda|Aqua Jet|p2a: Cresselia
|-damage|p2a: Cresselia|75/100
|
|-weather|RainDance|[upkeep]
|-end|p1a: Barraskewda|Throat Chop|[silent]
|upkeep
|turn|13
|
|t:|1779632927
|switch|p1a: Overqwil|Overqwil, M|71/100
|move|p2a: Cresselia|Reflect|p2a: Cresselia
|-sidestart|p2: aaagislash|Reflect
|
|-weather|RainDance|[upkeep]
|upkeep
|turn|14
|
|t:|1779632932
|switch|p2a: Bisharp|Bisharp, M|83/100
|move|p1a: Overqwil|Crunch|p2a: Bisharp
|-resisted|p2a: Bisharp
|-damage|p2a: Bisharp|74/100
|-damage|p1a: Overqwil|62/100|[from] item: Life Orb
|
|-weather|RainDance|[upkeep]
|upkeep
|turn|15
|
|t:|1779632941
|switch|p1a: Iron Treads|Iron Treads|100/100
|-enditem|p1a: Iron Treads|Booster Energy
|-activate|p1a: Iron Treads|ability: Quark Drive|[fromitem]
|-start|p1a: Iron Treads|quarkdrivespe
|move|p2a: Bisharp|Iron Head|p1a: Iron Treads
|-resisted|p1a: Iron Treads
|-damage|p1a: Iron Treads|81/100
|
|-weather|RainDance|[upkeep]
|upkeep
|turn|16
|
|t:|1779632952
|move|p1a: Iron Treads|Earth Power|p2a: Bisharp
|-supereffective|p2a: Bisharp
|-damage|p2a: Bisharp|5/100
|move|p2a: Bisharp|Low Kick|p1a: Iron Treads
|-supereffective|p1a: Iron Treads
|-damage|p1a: Iron Treads|2/100
|
|-weather|RainDance|[upkeep]
|upkeep
|turn|17
|
|t:|1779632961
|switch|p2a: Cresselia|Cresselia, F|75/100
|move|p1a: Iron Treads|Stealth Rock|p2a: Cresselia
|-sidestart|p2: aaagislash|move: Stealth Rock
|
|-weather|none
|-sideend|p2: aaagislash|Reflect
|upkeep
|turn|18
|
|t:|1779632966
|move|p1a: Iron Treads|Steel Beam|p2a: Cresselia
|-damage|p2a: Cresselia|41/100
|-damage|p1a: Iron Treads|0 fnt|[from] steelbeam
|faint|p1a: Iron Treads
|-end|p1a: Iron Treads|Quark Drive|[silent]
|move|p2a: Cresselia|Trick Room|p2a: Cresselia
|-fieldstart|move: Trick Room|[of] p2a: Cresselia
|
|upkeep
|
|t:|1779632987
|switch|p1a: Overqwil|Overqwil, M|62/100
|turn|19
|
|t:|1779633007
|move|p2a: Cresselia|Lunar Dance|p2a: Cresselia
|faint|p2a: Cresselia
|move|p1a: Overqwil|Crunch|p2: Cresselia|[notarget]
|-fail|p1a: Overqwil
|
|upkeep
|
|t:|1779633008
|switch|p2a: Bisharp|Bisharp, M|5/100
|-heal|p2a: Bisharp|100/100|[from] move: Lunar Dance
|-damage|p2a: Bisharp|95/100|[from] Stealth Rock
|turn|20
|
|t:|1779633019
|move|p2a: Bisharp|Iron Head|p1a: Overqwil
|-damage|p1a: Overqwil|13/100
|move|p1a: Overqwil|Liquidation|p2a: Bisharp
|-damage|p2a: Bisharp|68/100
|-damage|p1a: Overqwil|3/100|[from] item: Life Orb
|
|upkeep
|turn|21
|
|t:|1779633027
|move|p2a: Bisharp|Throat Chop|p1a: Overqwil
|-resisted|p1a: Overqwil
|-damage|p1a: Overqwil|0 fnt
|faint|p1a: Overqwil
|
|upkeep
|
|t:|1779633030
|switch|p1a: Pelipper|Pelipper, M|23/100
|-weather|RainDance|[from] ability: Drizzle|[of] p1a: Pelipper
|turn|22
|
|t:|1779633034
|move|p1a: Pelipper|Weather Ball|p2a: Bisharp
|-damage|p2a: Bisharp|20/100
|move|p2a: Bisharp|Throat Chop|p1a: Pelipper
|-damage|p1a: Pelipper|0 fnt
|faint|p1a: Pelipper
|
|-weather|RainDance|[upkeep]
|-fieldend|move: Trick Room
|upkeep
|
|t:|1779633039
|switch|p1a: Barraskewda|Barraskewda, F|10/100
|turn|23
|
|t:|1779633046
|move|p2a: Bisharp|Sucker Punch|p1a: Barraskewda
|-damage|p1a: Barraskewda|0 fnt
|faint|p1a: Barraskewda
|
|win|aaagislash
|raw|The Name Change's rating: 1447 &rarr; <strong>1427</strong><br />(-20 for losing)
|raw|aaagislash's rating: 1451 &rarr; <strong>1471</strong><br />(+20 for winning)
|l|☆The Name Change
|player|p1|
|l|‽aaagislash
|player|p2|
