|j|☆rujjtrainer
|j|☆arataomega1
|t:|1779699154
|gametype|singles
|player|p1|rujjtrainer|winona|1376
|player|p2|arataomega1|marnie-masters3|1368
|gen|9
|tier|[Gen 9] OU
|rated|
|rule|HP Percentage Mod: HP is shown in percentages
|rule|Endless Battle Clause: Forcing endless battles is banned
|rule|Species Clause: Limit one of each Pokémon
|rule|OHKO Clause: OHKO moves are banned
|rule|Evasion Items Clause: Evasion items are banned
|rule|Evasion Moves Clause: Evasion moves are banned
|rule|Evasion Abilities Clause: Evasion abilities are banned
|rule|Sleep Moves Clause: Sleep-inducing moves are banned
|clearpoke
|poke|p1|Sinistcha-Masterpiece|
|poke|p1|Gastrodon, F|
|poke|p1|Braviary, M|
|poke|p1|Lucario, M|
|poke|p1|Ceruledge, M|
|poke|p1|Hydreigon, M|
|poke|p2|Volcanion|
|poke|p2|Weezing-Galar, F|
|poke|p2|Reuniclus, F|
|poke|p2|Registeel|
|poke|p2|Krookodile, M|
|poke|p2|Zapdos-Galar|
|teampreview
|inactive|Battle timer is ON: inactive players will automatically lose when time's up. (requested by rujjtrainer)
|
|t:|1779699164
|teamsize|p1|6
|teamsize|p2|6
|start
|switch|p1a: Sinistcha|Sinistcha-Masterpiece|100/100
|switch|p2a: KFC chicken|Zapdos-Galar|100/100
|turn|1
|
|t:|1779699177
|-terastallize|p2a: KFC chicken|Flying
|move|p2a: KFC chicken|Brave Bird|p1a: Sinistcha
|-supereffective|p1a: Sinistcha
|-damage|p1a: Sinistcha|0 fnt
|faint|p1a: Sinistcha
|-damage|p2a: KFC chicken|67/100|[from] Recoil
|
|upkeep
|
|t:|1779699186
|switch|p1a: Ceruledge|Ceruledge, M|100/100
|turn|2
|
|t:|1779699192
|switch|p2a: Lord smogon|Weezing-Galar, F, shiny|100/100
|move|p1a: Ceruledge|Shadow Sneak|p2a: Lord smogon
|-damage|p2a: Lord smogon|83/100
|
|-heal|p2a: Lord smogon|89/100|[from] item: Leftovers
|upkeep
|turn|3
|
|t:|1779699202
|move|p1a: Ceruledge|Swords Dance|p1a: Ceruledge
|-boost|p1a: Ceruledge|atk|2
|move|p2a: Lord smogon|Strange Steam|p1a: Ceruledge
|-resisted|p1a: Ceruledge
|-damage|p1a: Ceruledge|85/100
|
|-heal|p2a: Lord smogon|95/100|[from] item: Leftovers
|upkeep
|turn|4
|
|t:|1779699213
|switch|p2a: El Stromboli|Volcanion|100/100
|move|p1a: Ceruledge|Poltergeist|p2a: El Stromboli
|-activate|p2a: El Stromboli|move: Poltergeist|Heavy-Duty Boots
|-damage|p2a: El Stromboli|0 fnt
|faint|p2a: El Stromboli
|
|upkeep
|
|t:|1779699220
|switch|p2a: KFC chicken|Zapdos-Galar, tera:Flying|67/100
|turn|5
|
|t:|1779699225
|move|p1a: Ceruledge|Shadow Sneak|p2a: KFC chicken
|-damage|p2a: KFC chicken|12/100
|move|p2a: KFC chicken|Brave Bird|p1a: Ceruledge
|-damage|p1a: Ceruledge|0 fnt
|faint|p1a: Ceruledge
|-damage|p2a: KFC chicken|0 fnt|[from] Recoil
|faint|p2a: KFC chicken
|
|upkeep
|
|t:|1779699236
|switch|p2a: EL sarcosucus|Krookodile, M, shiny|100/100
|switch|p1a: Braviary|Braviary, M|100/100
|turn|6
|
|t:|1779699241
|move|p2a: EL sarcosucus|Stone Edge|p1a: Braviary
|-supereffective|p1a: Braviary
|-damage|p1a: Braviary|0 fnt
|faint|p1a: Braviary
|-ability|p2a: EL sarcosucus|Moxie|boost
|-boost|p2a: EL sarcosucus|atk|1
|
|upkeep
|
|t:|1779699249
|switch|p1a: Gastrodon|Gastrodon, F|100/100
|turn|7
|
|t:|1779699257
|switch|p2a: Cesar zepeli|Reuniclus, F, shiny|100/100
|move|p1a: Gastrodon|Surf|p2a: Cesar zepeli
|-damage|p2a: Cesar zepeli|81/100
|
|upkeep
|turn|8
|
|t:|1779699264
|switch|p1a: Hydreigon|Hydreigon, M|100/100
|move|p2a: Cesar zepeli|Focus Blast|p1a: Hydreigon|[miss]
|-miss|p2a: Cesar zepeli|p1a: Hydreigon
|
|upkeep
|turn|9
|
|t:|1779699270
|switch|p2a: Big daddy|Registeel, shiny|100/100
|move|p1a: Hydreigon|Dark Pulse|p2a: Big daddy
|-damage|p2a: Big daddy|75/100
|
|-heal|p2a: Big daddy|81/100|[from] item: Leftovers
|upkeep
|turn|10
|
|t:|1779699283
|-terastallize|p1a: Hydreigon|Steel
|move|p1a: Hydreigon|Nasty Plot|p1a: Hydreigon
|-boost|p1a: Hydreigon|spa|2
|move|p2a: Big daddy|Body Press|p1a: Hydreigon
|-supereffective|p1a: Hydreigon
|-damage|p1a: Hydreigon|40/100
|
|-heal|p2a: Big daddy|87/100|[from] item: Leftovers
|upkeep
|turn|11
|
|t:|1779699296
|move|p1a: Hydreigon|Earth Power|p2a: Big daddy
|-supereffective|p2a: Big daddy
|-damage|p2a: Big daddy|8/100
|move|p2a: Big daddy|Body Press|p1a: Hydreigon
|-supereffective|p1a: Hydreigon
|-damage|p1a: Hydreigon|0 fnt
|faint|p1a: Hydreigon
|
|-heal|p2a: Big daddy|15/100|[from] item: Leftovers
|upkeep
|
|t:|1779699310
|switch|p1a: Gastrodon|Gastrodon, F|100/100
|turn|12
|
|t:|1779699314
|move|p2a: Big daddy|Body Press|p1a: Gastrodon
|-damage|p1a: Gastrodon|69/100
|move|p1a: Gastrodon|Surf|p2a: Big daddy
|-damage|p2a: Big daddy|0 fnt
|faint|p2a: Big daddy
|
|upkeep
|
|t:|1779699321
|switch|p2a: EL sarcosucus|Krookodile, M, shiny|100/100
|turn|13
|
|t:|1779699342
|move|p2a: EL sarcosucus|Earthquake|p1a: Gastrodon
|-damage|p1a: Gastrodon|0 fnt
|faint|p1a: Gastrodon
|-ability|p2a: EL sarcosucus|Moxie|boost
|-boost|p2a: EL sarcosucus|atk|1
|
|upkeep
|l|☆rujjtrainer
|inactive|rujjtrainer disconnected and has a minute to reconnect!
|player|p1|
|inactive|rujjtrainer has 30 seconds to reconnect!
|inactive|rujjtrainer has 20 seconds to reconnect!
|inactive|rujjtrainer has 15 seconds to reconnect!
|inactive|rujjtrainer has 10 seconds to reconnect!
|inactive|rujjtrainer has 5 seconds to reconnect!
|-message|rujjtrainer lost due to inactivity.
|
|win|arataomega1
|raw|rujjtrainer's rating: 1376 &rarr; <strong>1356</strong><br />(-20 for losing)
|raw|arataomega1's rating: 1368 &rarr; <strong>1388</strong><br />(+20 for winning)
|l|☆arataomega1
|player|p2|
