|j|☆qwp1027
|j|☆suifenli
|t:|1779620873
|gametype|singles
|player|p1|qwp1027|pokemonrangerf-gen4|1391
|player|p2|suifenli|n|1518
|gen|9
|tier|[Gen 9] OU
|rated|
|rule|HP Percentage Mod: HP is shown in percentages
|rule|Endless Battle Clause: Forcing endless battles is banned
|rule|Species Clause: Limit one of each Pokémon
|rule|OHKO Clause: OHKO moves are banned
|rule|Evasion Items Clause: Evasion items are banned
|rule|Evasion Moves Clause: Evasion moves are banned
|rule|Evasion Abilities Clause: Evasion abilities are banned
|rule|Sleep Moves Clause: Sleep-inducing moves are banned
|clearpoke
|poke|p1|Enamorus, F|
|poke|p1|Great Tusk|
|poke|p1|Kingambit, M|
|poke|p1|Ogerpon, F|
|poke|p1|Primarina, F|
|poke|p1|Slowking-Galar, F|
|poke|p2|Thundurus, M|
|poke|p2|Grimmsnarl, M|
|poke|p2|Empoleon, M|
|poke|p2|Zamazenta-*|
|poke|p2|Garganacl, F|
|poke|p2|Iron Valiant|
|teampreview
|inactive|Battle timer is ON: inactive players will automatically lose when time's up. (requested by suifenli)
|
|t:|1779620880
|teamsize|p1|6
|teamsize|p2|6
|start
|switch|p1a: Slowking|Slowking-Galar, F|100/100
|switch|p2a: Thundurus|Thundurus, M|100/100
|turn|1
|
|t:|1779620884
|move|p2a: Thundurus|Swagger|p1a: Slowking|[miss]
|-miss|p2a: Thundurus|p1a: Slowking
|move|p1a: Slowking|Ice Beam|p2a: Thundurus
|-supereffective|p2a: Thundurus
|-damage|p2a: Thundurus|24/100
|-status|p2a: Thundurus|frz
|
|upkeep
|turn|2
|
|t:|1779620887
|-curestatus|p2a: Thundurus|frz|[msg]
|move|p2a: Thundurus|Swagger|p1a: Slowking
|-boost|p1a: Slowking|atk|2
|-start|p1a: Slowking|confusion
|-enditem|p2a: Thundurus|Mirror Herb
|-boost|p2a: Thundurus|atk|2|[from] item: Mirror Herb
|-activate|p1a: Slowking|confusion
|-damage|p1a: Slowking|90/100|[from] confusion
|
|upkeep
|turn|3
|
|t:|1779620896
|move|p2a: Thundurus|Acrobatics|p1a: Slowking
|-crit|p1a: Slowking
|-damage|p1a: Slowking|0 fnt
|faint|p1a: Slowking
|
|upkeep
|
|t:|1779620900
|switch|p1a: Kingambit|Kingambit, M|100/100
|-activate|p1a: Kingambit|ability: Supreme Overlord
|-start|p1a: Kingambit|fallen1|[silent]
|turn|4
|
|t:|1779620903
|move|p1a: Kingambit|Sucker Punch||[still]
|-fail|p1a: Kingambit
|move|p2a: Thundurus|Swagger|p1a: Kingambit|[miss]
|-miss|p2a: Thundurus|p1a: Kingambit
|
|upkeep
|turn|5
|
|t:|1779620907
|move|p1a: Kingambit|Sucker Punch|p2a: Thundurus
|-damage|p2a: Thundurus|0 fnt
|faint|p2a: Thundurus
|
|upkeep
|
|t:|1779620910
|switch|p2a: Zamazenta|Zamazenta|100/100
|-ability|p2a: Zamazenta|Dauntless Shield|boost
|-boost|p2a: Zamazenta|def|1
|turn|6
|
|t:|1779620915
|-end|p1a: Kingambit|fallen1|[silent]
|switch|p1a: Primarina|Primarina, F|100/100
|move|p2a: Zamazenta|Iron Defense|p2a: Zamazenta
|-boost|p2a: Zamazenta|def|2
|
|upkeep
|turn|7
|
|t:|1779620919
|move|p2a: Zamazenta|Snarl|p1a: Primarina
|-resisted|p1a: Primarina
|-damage|p1a: Primarina|96/100
|-unboost|p1a: Primarina|spa|1
|move|p1a: Primarina|Draining Kiss|p2a: Zamazenta
|-supereffective|p2a: Zamazenta
|-crit|p2a: Zamazenta
|-damage|p2a: Zamazenta|49/100
|-heal|p1a: Primarina|100/100|[from] drain|[of] p2a: Zamazenta
|
|-heal|p2a: Zamazenta|55/100|[from] item: Leftovers
|upkeep
|turn|8
|
|t:|1779620927
|move|p2a: Zamazenta|Iron Defense|p2a: Zamazenta
|-boost|p2a: Zamazenta|def|2
|move|p1a: Primarina|Draining Kiss|p2a: Zamazenta
|-supereffective|p2a: Zamazenta
|-damage|p2a: Zamazenta|35/100
|
|-heal|p2a: Zamazenta|41/100|[from] item: Leftovers
|upkeep
|turn|9
|
|t:|1779620931
|move|p2a: Zamazenta|Body Press|p1a: Primarina
|-resisted|p1a: Primarina
|-damage|p1a: Primarina|22/100
|move|p1a: Primarina|Draining Kiss|p2a: Zamazenta
|-supereffective|p2a: Zamazenta
|-damage|p2a: Zamazenta|20/100
|-heal|p1a: Primarina|41/100|[from] drain|[of] p2a: Zamazenta
|
|-heal|p2a: Zamazenta|27/100|[from] item: Leftovers
|-heal|p1a: Primarina|47/100|[from] item: Leftovers
|upkeep
|turn|10
|
|t:|1779620938
|-terastallize|p1a: Primarina|Ghost
|move|p2a: Zamazenta|Substitute|p2a: Zamazenta
|-start|p2a: Zamazenta|Substitute
|-damage|p2a: Zamazenta|2/100
|move|p1a: Primarina|Draining Kiss|p2a: Zamazenta
|-supereffective|p2a: Zamazenta
|-activate|p2a: Zamazenta|move: Substitute|[damage]
|-heal|p1a: Primarina|67/100|[from] drain|[of] p2a: Zamazenta
|
|-heal|p2a: Zamazenta|8/100|[from] item: Leftovers
|-heal|p1a: Primarina|73/100|[from] item: Leftovers
|upkeep
|turn|11
|
|t:|1779620941
|move|p2a: Zamazenta|Snarl|p1a: Primarina
|-supereffective|p1a: Primarina
|-damage|p1a: Primarina|52/100
|-unboost|p1a: Primarina|spa|1
|move|p1a: Primarina|Surf|p2a: Zamazenta
|-end|p2a: Zamazenta|Substitute
|
|-heal|p2a: Zamazenta|14/100|[from] item: Leftovers
|-heal|p1a: Primarina|58/100|[from] item: Leftovers
|upkeep
|turn|12
|
|t:|1779620945
|move|p2a: Zamazenta|Snarl|p1a: Primarina
|-supereffective|p1a: Primarina
|-damage|p1a: Primarina|35/100
|-unboost|p1a: Primarina|spa|1
|move|p1a: Primarina|Draining Kiss|p2a: Zamazenta
|-supereffective|p2a: Zamazenta
|-damage|p2a: Zamazenta|0 fnt
|-heal|p1a: Primarina|48/100|[from] drain|[of] p2a: Zamazenta
|faint|p2a: Zamazenta
|
|-heal|p1a: Primarina|54/100|[from] item: Leftovers
|upkeep
|
|t:|1779620949
|switch|p2a: Empoleon|Empoleon, M|100/100
|turn|13
|
|t:|1779620956
|switch|p1a: Great Tusk|Great Tusk|100/100
|move|p2a: Empoleon|Iron Defense|p2a: Empoleon
|-boost|p2a: Empoleon|def|2
|
|upkeep
|turn|14
|
|t:|1779620958
|move|p1a: Great Tusk|Headlong Rush|p2a: Empoleon
|-supereffective|p2a: Empoleon
|-damage|p2a: Empoleon|52/100
|-unboost|p1a: Great Tusk|def|1
|-unboost|p1a: Great Tusk|spd|1
|move|p2a: Empoleon|Iron Defense|p2a: Empoleon
|-boost|p2a: Empoleon|def|2
|
|upkeep
|turn|15
|
|t:|1779620961
|move|p1a: Great Tusk|Headlong Rush|p2a: Empoleon
|-supereffective|p2a: Empoleon
|-damage|p2a: Empoleon|20/100
|-unboost|p1a: Great Tusk|def|1
|-unboost|p1a: Great Tusk|spd|1
|move|p2a: Empoleon|Roost|p2a: Empoleon
|-heal|p2a: Empoleon|70/100
|-singleturn|p2a: Empoleon|move: Roost
|
|upkeep
|turn|16
|
|t:|1779620964
|move|p1a: Great Tusk|Headlong Rush|p2a: Empoleon
|-supereffective|p2a: Empoleon
|-damage|p2a: Empoleon|38/100
|-unboost|p1a: Great Tusk|def|1
|-unboost|p1a: Great Tusk|spd|1
|move|p2a: Empoleon|Roost|p2a: Empoleon
|-heal|p2a: Empoleon|88/100
|-singleturn|p2a: Empoleon|move: Roost
|
|upkeep
|turn|17
|
|t:|1779620966
|move|p1a: Great Tusk|Headlong Rush|p2a: Empoleon
|-supereffective|p2a: Empoleon
|-damage|p2a: Empoleon|53/100
|-unboost|p1a: Great Tusk|def|1
|-unboost|p1a: Great Tusk|spd|1
|move|p2a: Empoleon|Iron Defense|p2a: Empoleon
|-boost|p2a: Empoleon|def|2
|
|upkeep
|turn|18
|
|t:|1779620968
|move|p1a: Great Tusk|Headlong Rush|p2a: Empoleon
|-supereffective|p2a: Empoleon
|-damage|p2a: Empoleon|30/100
|-unboost|p1a: Great Tusk|def|1
|-unboost|p1a: Great Tusk|spd|1
|move|p2a: Empoleon|Roost|p2a: Empoleon
|-heal|p2a: Empoleon|80/100
|-singleturn|p2a: Empoleon|move: Roost
|
|upkeep
|turn|19
|
|t:|1779620971
|move|p1a: Great Tusk|Headlong Rush|p2a: Empoleon
|-supereffective|p2a: Empoleon
|-damage|p2a: Empoleon|55/100
|-unboost|p1a: Great Tusk|def|1
|-unboost|p1a: Great Tusk|spd|1
|move|p2a: Empoleon|Swords Dance|p2a: Empoleon
|-boost|p2a: Empoleon|atk|2
|
|upkeep
|turn|20
|
|t:|1779620973
|move|p1a: Great Tusk|Headlong Rush|p2a: Empoleon
|-supereffective|p2a: Empoleon
|-damage|p2a: Empoleon|28/100
|move|p2a: Empoleon|Roost|p2a: Empoleon
|-heal|p2a: Empoleon|78/100
|-singleturn|p2a: Empoleon|move: Roost
|
|upkeep
|turn|21
|
|t:|1779620977
|move|p1a: Great Tusk|Headlong Rush|p2a: Empoleon
|-supereffective|p2a: Empoleon
|-damage|p2a: Empoleon|54/100
|move|p2a: Empoleon|Swords Dance|p2a: Empoleon
|-boost|p2a: Empoleon|atk|2
|
|upkeep
|turn|22
|
|t:|1779620982
|move|p1a: Great Tusk|Stealth Rock|p2a: Empoleon
|-sidestart|p2: suifenli|move: Stealth Rock
|move|p2a: Empoleon|Roost|p2a: Empoleon
|-heal|p2a: Empoleon|100/100
|-singleturn|p2a: Empoleon|move: Roost
|
|upkeep
|turn|23
|
|t:|1779620985
|move|p1a: Great Tusk|Rapid Spin|p2a: Empoleon
|-resisted|p2a: Empoleon
|-damage|p2a: Empoleon|99/100
|-boost|p1a: Great Tusk|spe|1
|move|p2a: Empoleon|Power Trip|p1a: Great Tusk
|-resisted|p1a: Great Tusk
|-damage|p1a: Great Tusk|0 fnt
|-damage|p2a: Empoleon|82/100|[from] item: Rocky Helmet|[of] p1a: Great Tusk
|faint|p1a: Great Tusk
|-end|p1a: Great Tusk|Protosynthesis|[silent]
|
|upkeep
|
|t:|1779620988
|switch|p1a: Enamorus|Enamorus, F|100/100
|turn|24
|
|t:|1779620995
|move|p1a: Enamorus|Earth Power|p2a: Empoleon
|-supereffective|p2a: Empoleon
|-damage|p2a: Empoleon|26/100
|-enditem|p2a: Empoleon|Maranga Berry|[eat]
|-boost|p2a: Empoleon|spd|1|[from] item: Maranga Berry
|move|p2a: Empoleon|Roost|p2a: Empoleon
|-heal|p2a: Empoleon|76/100
|-singleturn|p2a: Empoleon|move: Roost
|
|upkeep
|turn|25
|
|t:|1779620999
|move|p1a: Enamorus|Earth Power|p2a: Empoleon
|-supereffective|p2a: Empoleon
|-damage|p2a: Empoleon|35/100
|move|p2a: Empoleon|Power Trip|p1a: Enamorus
|-resisted|p1a: Enamorus
|-damage|p1a: Enamorus|0 fnt
|faint|p1a: Enamorus
|
|upkeep
|
|t:|1779621002
|switch|p1a: Primarina|Primarina, F, tera:Ghost|54/100
|turn|26
|
|t:|1779621007
|move|p1a: Primarina|Surf|p2a: Empoleon
|-resisted|p2a: Empoleon
|-damage|p2a: Empoleon|21/100
|move|p2a: Empoleon|Roost|p2a: Empoleon
|-heal|p2a: Empoleon|71/100
|-singleturn|p2a: Empoleon|move: Roost
|
|-heal|p1a: Primarina|60/100|[from] item: Leftovers
|upkeep
|turn|27
|
|t:|1779621010
|move|p1a: Primarina|Surf|p2a: Empoleon
|-resisted|p2a: Empoleon
|-damage|p2a: Empoleon|58/100
|move|p2a: Empoleon|Power Trip|p1a: Primarina
|-supereffective|p1a: Primarina
|-damage|p1a: Primarina|0 fnt
|faint|p1a: Primarina
|
|upkeep
|-message|qwp1027 forfeited.
|
|win|suifenli
|raw|qwp1027's rating: 1391 &rarr; <strong>1378</strong><br />(-13 for losing)
|raw|suifenli's rating: 1518 &rarr; <strong>1531</strong><br />(+13 for winning)
|l|☆qwp1027
|player|p1|
|l|☆suifenli
|player|p2|
