|j|☆shunnybun
|j|☆huuehuue
|t:|1779568660
|gametype|singles
|player|p1|shunnybun|101|1000
|player|p2|huuehuue|steven|1000
|gen|9
|tier|[Gen 9] OU
|rated|
|rule|HP Percentage Mod: HP is shown in percentages
|rule|Endless Battle Clause: Forcing endless battles is banned
|rule|Species Clause: Limit one of each Pokémon
|rule|OHKO Clause: OHKO moves are banned
|rule|Evasion Items Clause: Evasion items are banned
|rule|Evasion Moves Clause: Evasion moves are banned
|rule|Evasion Abilities Clause: Evasion abilities are banned
|rule|Sleep Moves Clause: Sleep-inducing moves are banned
|clearpoke
|poke|p1|Toxapex, F|
|poke|p1|Tropius, F|
|poke|p1|Gliscor, F|
|poke|p1|Grimmsnarl, M|
|poke|p1|Sableye, M|
|poke|p1|Wo-Chien|
|poke|p2|Suicune|
|poke|p2|Dragonite, M|
|poke|p2|Cinderace, M|
|poke|p2|Zamazenta-*|
|poke|p2|Latias, F|
|poke|p2|Pecharunt|
|teampreview
|inactive|Battle timer is ON: inactive players will automatically lose when time's up. (requested by huuehuue)
|
|t:|1779568673
|teamsize|p1|6
|teamsize|p2|6
|start
|switch|p1a: Tropius|Tropius, F|100/100
|switch|p2a: Cinderace|Cinderace, M|100/100
|turn|1
|
|t:|1779568688
|move|p2a: Cinderace|Pyro Ball|p1a: Tropius
|-supereffective|p1a: Tropius
|-damage|p1a: Tropius|27/100
|-enditem|p1a: Tropius|Sitrus Berry|[eat]
|-heal|p1a: Tropius|52/100|[from] item: Sitrus Berry
|move|p1a: Tropius|Leech Seed|p2a: Cinderace
|-start|p2a: Cinderace|move: Leech Seed
|
|-damage|p2a: Cinderace|88/100|[from] Leech Seed|[of] p1a: Tropius
|-heal|p1a: Tropius|61/100|[silent]
|upkeep
|turn|2
|
|t:|1779568700
|move|p1a: Tropius|Protect|p1a: Tropius
|-singleturn|p1a: Tropius|Protect
|move|p2a: Cinderace|U-turn|p1a: Tropius
|-start|p2a: Cinderace|typechange|Bug|[from] ability: Libero
|-activate|p1a: Tropius|move: Protect
|
|-damage|p2a: Cinderace|76/100|[from] Leech Seed|[of] p1a: Tropius
|-heal|p1a: Tropius|70/100|[silent]
|-item|p1a: Tropius|Sitrus Berry|[from] ability: Harvest
|upkeep
|turn|3
|
|t:|1779568719
|move|p2a: Cinderace|U-turn|p1a: Tropius
|-damage|p1a: Tropius|48/100
|-enditem|p1a: Tropius|Sitrus Berry|[eat]
|-heal|p1a: Tropius|72/100|[from] item: Sitrus Berry
|
|t:|1779568722
|switch|p2a: Pecharunt|Pecharunt|100/100|[from] U-turn
|move|p1a: Tropius|Substitute|p1a: Tropius
|-start|p1a: Tropius|Substitute
|-damage|p1a: Tropius|48/100
|
|-item|p1a: Tropius|Sitrus Berry|[from] ability: Harvest
|upkeep
|-enditem|p1a: Tropius|Sitrus Berry|[eat]
|-heal|p1a: Tropius|72/100|[from] item: Sitrus Berry
|turn|4
|
|t:|1779568735
|move|p2a: Pecharunt|Parting Shot|p1a: Tropius
|-unboost|p1a: Tropius|atk|1
|-unboost|p1a: Tropius|spa|1
|
|t:|1779568739
|switch|p2a: Suicune|Suicune, shiny|100/100|[from] Parting Shot
|-ability|p2a: Suicune|Pressure
|move|p1a: Tropius|Leech Seed|p2a: Suicune
|-start|p2a: Suicune|move: Leech Seed
|
|-damage|p2a: Suicune|88/100|[from] Leech Seed|[of] p1a: Tropius
|-heal|p1a: Tropius|85/100|[silent]
|-item|p1a: Tropius|Sitrus Berry|[from] ability: Harvest
|upkeep
|turn|5
|
|t:|1779568752
|switch|p2a: Pecharunt|Pecharunt|100/100
|move|p1a: Tropius|Dragon Tail|p2a: Pecharunt
|-damage|p2a: Pecharunt|97/100
|-damage|p1a: Tropius|68/100|[from] item: Rocky Helmet|[of] p2a: Pecharunt
|drag|p2a: Cinderace|Cinderace, M|76/100
|
|upkeep
|turn|6
|
|t:|1779568765
|move|p2a: Cinderace|U-turn|p1a: Tropius
|-start|p2a: Cinderace|typechange|Bug|[from] ability: Libero
|-activate|p1a: Tropius|move: Substitute|[damage]
|
|t:|1779568770
|switch|p2a: Pecharunt|Pecharunt|97/100|[from] U-turn
|move|p1a: Tropius|Dragon Tail|p2a: Pecharunt
|-damage|p2a: Pecharunt|94/100
|-damage|p1a: Tropius|51/100|[from] item: Rocky Helmet|[of] p2a: Pecharunt
|drag|p2a: Suicune|Suicune, shiny|88/100
|-ability|p2a: Suicune|Pressure
|
|-heal|p2a: Suicune|94/100|[from] item: Leftovers
|upkeep
|turn|7
|
|t:|1779568785
|move|p2a: Suicune|Scald|p1a: Tropius
|-resisted|p1a: Tropius
|-end|p1a: Tropius|Substitute
|move|p1a: Tropius|Leech Seed|p2a: Suicune
|-start|p2a: Suicune|move: Leech Seed
|
|-heal|p2a: Suicune|100/100|[from] item: Leftovers
|-damage|p2a: Suicune|88/100|[from] Leech Seed|[of] p1a: Tropius
|-heal|p1a: Tropius|64/100|[silent]
|upkeep
|turn|8
|
|t:|1779568798
|switch|p2a: Pecharunt|Pecharunt|94/100
|move|p1a: Tropius|Protect||[still]
|-fail|p1a: Tropius
|
|upkeep
|turn|9
|
|t:|1779568805
|move|p2a: Pecharunt|Malignant Chain|p1a: Tropius
|-supereffective|p1a: Tropius
|-damage|p1a: Tropius|5/100
|-status|p1a: Tropius|tox
|-start|p1a: Tropius|confusion|[from] ability: Poison Puppeteer|[of] p2a: Pecharunt
|-enditem|p1a: Tropius|Sitrus Berry|[eat]
|-heal|p1a: Tropius|30/100 tox|[from] item: Sitrus Berry
|-activate|p1a: Tropius|confusion
|-damage|p1a: Tropius|27/100 tox|[from] confusion
|
|-damage|p1a: Tropius|21/100 tox|[from] psn
|-item|p1a: Tropius|Sitrus Berry|[from] ability: Harvest
|upkeep
|-enditem|p1a: Tropius|Sitrus Berry|[eat]
|-heal|p1a: Tropius|46/100 tox|[from] item: Sitrus Berry
|turn|10
|
|t:|1779568824
|switch|p1a: Him|Toxapex, F|100/100
|move|p2a: Pecharunt|Malignant Chain|p1a: Him
|-resisted|p1a: Him
|-damage|p1a: Him|90/100
|
|-heal|p1a: Him|96/100|[from] item: Black Sludge
|upkeep
|turn|11
|
|t:|1779568835
|move|p2a: Pecharunt|Shadow Ball|p1a: Him
|-damage|p1a: Him|77/100
|move|p1a: Him|Surf|p2a: Pecharunt
|-damage|p2a: Pecharunt|75/100
|
|-heal|p1a: Him|83/100|[from] item: Black Sludge
|upkeep
|turn|12
|
|t:|1779568846
|move|p2a: Pecharunt|Shadow Ball|p1a: Him
|-damage|p1a: Him|64/100
|-unboost|p1a: Him|spd|1
|move|p1a: Him|Surf|p2a: Pecharunt
|-damage|p2a: Pecharunt|55/100
|
|-heal|p1a: Him|71/100|[from] item: Black Sludge
|upkeep
|turn|13
|
|t:|1779568860
|move|p2a: Pecharunt|Recover|p2a: Pecharunt
|-heal|p2a: Pecharunt|100/100
|move|p1a: Him|Surf|p2a: Pecharunt
|-damage|p2a: Pecharunt|83/100
|
|-heal|p1a: Him|77/100|[from] item: Black Sludge
|upkeep
|turn|14
|
|t:|1779568874
|switch|p1a: Gliscor|Gliscor, F|100/100
|move|p2a: Pecharunt|Shadow Ball|p1a: Gliscor
|-damage|p1a: Gliscor|65/100
|
|-status|p1a: Gliscor|tox|[from] item: Toxic Orb
|upkeep
|turn|15
|
|t:|1779568890
|move|p1a: Gliscor|Protect|p1a: Gliscor
|-singleturn|p1a: Gliscor|Protect
|move|p2a: Pecharunt|Parting Shot|p1a: Gliscor
|-activate|p1a: Gliscor|move: Protect
|
|-heal|p1a: Gliscor|78/100 tox|[from] ability: Poison Heal
|upkeep
|turn|16
|
|t:|1779568902
|move|p1a: Gliscor|Earthquake|p2a: Pecharunt
|-supereffective|p2a: Pecharunt
|-damage|p2a: Pecharunt|52/100
|move|p2a: Pecharunt|Parting Shot|p1a: Gliscor
|-unboost|p1a: Gliscor|atk|1
|-unboost|p1a: Gliscor|spa|1
|
|t:|1779568908
|switch|p2a: Suicune|Suicune, shiny|88/100|[from] Parting Shot
|-ability|p2a: Suicune|Pressure
|
|-heal|p2a: Suicune|94/100|[from] item: Leftovers
|-heal|p1a: Gliscor|90/100 tox|[from] ability: Poison Heal
|upkeep
|turn|17
|
|t:|1779568918
|-terastallize|p1a: Gliscor|Water
|move|p1a: Gliscor|Toxic|p2a: Suicune
|-status|p2a: Suicune|tox
|move|p2a: Suicune|Calm Mind|p2a: Suicune
|-boost|p2a: Suicune|spa|1
|-boost|p2a: Suicune|spd|1
|
|-heal|p2a: Suicune|100/100 tox|[from] item: Leftovers
|-heal|p1a: Gliscor|100/100 tox|[from] ability: Poison Heal
|-damage|p2a: Suicune|94/100 tox|[from] psn
|upkeep
|turn|18
|
|t:|1779568934
|switch|p1a: Him|Toxapex, F|100/100
|move|p2a: Suicune|Calm Mind|p2a: Suicune
|-boost|p2a: Suicune|spa|1
|-boost|p2a: Suicune|spd|1
|
|-heal|p2a: Suicune|100/100 tox|[from] item: Leftovers
|-damage|p2a: Suicune|88/100 tox|[from] psn
|upkeep
|turn|19
|
|t:|1779568945
|move|p2a: Suicune|Scald|p1a: Him
|-resisted|p1a: Him
|-damage|p1a: Him|82/100
|move|p1a: Him|Haze|p1a: Him
|-clearallboost
|
|-heal|p2a: Suicune|94/100 tox|[from] item: Leftovers
|-heal|p1a: Him|88/100|[from] item: Black Sludge
|-damage|p2a: Suicune|76/100 tox|[from] psn
|upkeep
|turn|20
|
|t:|1779568960
|move|p2a: Suicune|Scald|p1a: Him
|-resisted|p1a: Him
|-damage|p1a: Him|79/100
|move|p1a: Him|Surf|p2a: Suicune
|-resisted|p2a: Suicune
|-damage|p2a: Suicune|68/100 tox
|
|-heal|p2a: Suicune|75/100 tox|[from] item: Leftovers
|-heal|p1a: Him|86/100|[from] item: Black Sludge
|-damage|p2a: Suicune|50/100 tox|[from] psn
|upkeep
|turn|21
|inactive|shunnybun has 120 seconds left.
|
|t:|1779568976
|switch|p1a: Wo-Chien|Wo-Chien|100/100
|-ability|p1a: Wo-Chien|Tablets of Ruin
|move|p2a: Suicune|Scald|p1a: Wo-Chien
|-resisted|p1a: Wo-Chien
|-damage|p1a: Wo-Chien|92/100
|-status|p1a: Wo-Chien|brn
|
|-heal|p2a: Suicune|56/100 tox|[from] item: Leftovers
|-heal|p1a: Wo-Chien|98/100 brn|[from] item: Leftovers
|-damage|p2a: Suicune|25/100 tox|[from] psn
|-damage|p1a: Wo-Chien|92/100 brn|[from] brn
|upkeep
|turn|22
|inactive|shunnybun has 120 seconds left.
|
|t:|1779568992
|move|p2a: Suicune|Rest|p2a: Suicune
|-status|p2a: Suicune|slp|[from] move: Rest
|-heal|p2a: Suicune|100/100 slp|[silent]
|move|p1a: Wo-Chien|Leech Seed|p2a: Suicune
|-start|p2a: Suicune|move: Leech Seed
|
|-heal|p1a: Wo-Chien|98/100 brn|[from] item: Leftovers
|-damage|p2a: Suicune|88/100 slp|[from] Leech Seed|[of] p1a: Wo-Chien
|-heal|p1a: Wo-Chien|100/100 brn|[silent]
|-damage|p1a: Wo-Chien|94/100 brn|[from] brn
|upkeep
|turn|23
|inactive|shunnybun has 120 seconds left.
|
|t:|1779569005
|switch|p2a: Pecharunt|Pecharunt|52/100
|move|p1a: Wo-Chien|Ruination|p2a: Pecharunt
|-damage|p2a: Pecharunt|27/100
|
|-heal|p1a: Wo-Chien|100/100 brn|[from] item: Leftovers
|-damage|p1a: Wo-Chien|94/100 brn|[from] brn
|upkeep
|turn|24
|inactive|shunnybun has 120 seconds left.
|
|t:|1779569016
|switch|p1a: Gliscor|Gliscor, F, tera:Water|100/100 tox
|move|p2a: Pecharunt|Recover|p2a: Pecharunt
|-heal|p2a: Pecharunt|77/100
|
|upkeep
|turn|25
|inactive|shunnybun has 120 seconds left.
|
|t:|1779569024
|move|p1a: Gliscor|Spikes|p2a: Pecharunt
|-sidestart|p2: huuehuue|Spikes
|move|p2a: Pecharunt|Parting Shot|p1a: Gliscor
|-unboost|p1a: Gliscor|atk|1
|-unboost|p1a: Gliscor|spa|1
|
|t:|1779569028
|switch|p2a: Latias|Latias, F|100/100|[from] Parting Shot
|
|upkeep
|turn|26
|
|t:|1779569035
|-terastallize|p2a: Latias|Steel
|move|p2a: Latias|Calm Mind|p2a: Latias
|-boost|p2a: Latias|spa|1
|-boost|p2a: Latias|spd|1
|move|p1a: Gliscor|Toxic|p2a: Latias
|-immune|p2a: Latias
|
|upkeep
|turn|27
|
|t:|1779569044
|move|p2a: Latias|Stored Power|p1a: Gliscor
|-damage|p1a: Gliscor|30/100 tox
|move|p1a: Gliscor|Earthquake|p2a: Latias
|-immune|p2a: Latias|[from] ability: Levitate
|
|-heal|p1a: Gliscor|43/100 tox|[from] ability: Poison Heal
|upkeep
|turn|28
|
|t:|1779569054
|switch|p1a: Him|Toxapex, F|100/100
|move|p2a: Latias|Stored Power|p1a: Him
|-supereffective|p1a: Him
|-damage|p1a: Him|25/100
|
|-heal|p1a: Him|32/100|[from] item: Black Sludge
|upkeep
|turn|29
|
|t:|1779569067
|switch|p1a: Grimmsnarl|Grimmsnarl, M|100/100
|move|p2a: Latias|Stored Power|p1a: Grimmsnarl
|-immune|p1a: Grimmsnarl
|
|upkeep
|turn|30
|
|t:|1779569086
|switch|p2a: Cinderace|Cinderace, M|76/100
|-damage|p2a: Cinderace|64/100|[from] Spikes
|move|p1a: Grimmsnarl|Thunder Wave|p2a: Cinderace
|-status|p2a: Cinderace|par
|
|upkeep
|turn|31
|
|t:|1779569096
|move|p1a: Grimmsnarl|Parting Shot|p2a: Cinderace
|-unboost|p2a: Cinderace|atk|1
|-unboost|p2a: Cinderace|spa|1
|
|t:|1779569100
|switch|p1a: Him|Toxapex, F|65/100|[from] Parting Shot
|move|p2a: Cinderace|Court Change|p2a: Cinderace
|-start|p2a: Cinderace|typechange|Normal|[from] ability: Libero
|-swapsideconditions
|-activate|p2a: Cinderace|move: Court Change
|
|-heal|p1a: Him|71/100|[from] item: Black Sludge
|upkeep
|turn|32
|
|t:|1779569113
|switch|p2a: Suicune|Suicune, shiny|88/100 slp
|-ability|p2a: Suicune|Pressure
|move|p1a: Him|Recover|p1a: Him
|-heal|p1a: Him|100/100
|
|-heal|p2a: Suicune|94/100 slp|[from] item: Leftovers
|upkeep
|turn|33
|
|t:|1779569124
|cant|p2a: Suicune|slp
|move|p2a: Suicune|Sleep Talk|p2a: Suicune
|move|p2a: Suicune|Rest||[from] move: Sleep Talk|[still]
|-fail|p2a: Suicune
|move|p1a: Him|Surf|p2a: Suicune
|-resisted|p2a: Suicune
|-damage|p2a: Suicune|87/100 slp
|
|-heal|p2a: Suicune|94/100 slp|[from] item: Leftovers
|upkeep
|turn|34
|
|t:|1779569136
|cant|p2a: Suicune|slp
|move|p2a: Suicune|Sleep Talk|p2a: Suicune
|move|p2a: Suicune|Scald|p1a: Him|[from] move: Sleep Talk
|-resisted|p1a: Him
|-crit|p1a: Him
|-damage|p1a: Him|87/100
|move|p1a: Him|Recover|p1a: Him
|-heal|p1a: Him|100/100
|
|-heal|p2a: Suicune|99/100 slp|[from] item: Leftovers
|upkeep
|turn|35
|
|t:|1779569151
|-curestatus|p2a: Suicune|slp|[msg]
|move|p2a: Suicune|Scald|p1a: Him
|-resisted|p1a: Him
|-damage|p1a: Him|91/100
|move|p1a: Him|Surf|p2a: Suicune
|-resisted|p2a: Suicune
|-damage|p2a: Suicune|93/100
|
|-heal|p2a: Suicune|99/100|[from] item: Leftovers
|-heal|p1a: Him|97/100|[from] item: Black Sludge
|upkeep
|turn|36
|
|t:|1779569163
|move|p2a: Suicune|Scald|p1a: Him
|-resisted|p1a: Him
|-damage|p1a: Him|88/100
|move|p1a: Him|Toxic|p2a: Suicune
|-status|p2a: Suicune|tox
|
|-heal|p2a: Suicune|100/100 tox|[from] item: Leftovers
|-heal|p1a: Him|94/100|[from] item: Black Sludge
|-damage|p2a: Suicune|94/100 tox|[from] psn
|upkeep
|turn|37
|
|t:|1779569176
|move|p2a: Suicune|Scald|p1a: Him
|-resisted|p1a: Him
|-damage|p1a: Him|85/100
|move|p1a: Him|Surf|p2a: Suicune
|-resisted|p2a: Suicune
|-crit|p2a: Suicune
|-damage|p2a: Suicune|83/100 tox
|
|-heal|p2a: Suicune|90/100 tox|[from] item: Leftovers
|-heal|p1a: Him|92/100|[from] item: Black Sludge
|-damage|p2a: Suicune|77/100 tox|[from] psn
|upkeep
|turn|38
|
|t:|1779569195
|switch|p1a: Sableye|Sableye, M|100/100
|move|p2a: Suicune|Scald|p1a: Sableye
|-damage|p1a: Sableye|70/100
|
|-heal|p2a: Suicune|83/100 tox|[from] item: Leftovers
|-damage|p2a: Suicune|65/100 tox|[from] psn
|upkeep
|turn|39
|
|t:|1779569209
|move|p2a: Suicune|Rest|p2a: Suicune
|-status|p2a: Suicune|slp|[from] move: Rest
|-heal|p2a: Suicune|100/100 slp|[silent]
|move|p1a: Sableye|Knock Off|p2a: Suicune
|-damage|p2a: Suicune|86/100 slp
|-enditem|p2a: Suicune|Leftovers|[from] move: Knock Off|[of] p1a: Sableye
|
|upkeep
|turn|40
|
|t:|1779569218
|move|p1a: Sableye|Encore|p2a: Suicune
|-start|p2a: Suicune|Encore
|cant|p2a: Suicune|slp
|
|upkeep
|turn|41
|
|t:|1779569229
|cant|p2a: Suicune|slp
|move|p1a: Sableye|Knock Off|p2a: Suicune
|-crit|p2a: Suicune
|-damage|p2a: Suicune|72/100 slp
|
|upkeep
|turn|42
|
|t:|1779569244
|switch|p2a: Cinderace|Cinderace, M|64/100 par
|switch|p1a: Gliscor|Gliscor, F, tera:Water|43/100 tox
|-damage|p1a: Gliscor|30/100 tox|[from] Spikes
|
|-heal|p1a: Gliscor|43/100 tox|[from] ability: Poison Heal
|upkeep
|turn|43
|
|t:|1779569259
|switch|p2a: Latias|Latias, F, tera:Steel|100/100
|move|p1a: Gliscor|Protect||[still]
|-fail|p1a: Gliscor
|
|-heal|p1a: Gliscor|55/100 tox|[from] ability: Poison Heal
|upkeep
|turn|44
|
|t:|1779569276
|move|p1a: Gliscor|Protect|p1a: Gliscor
|-singleturn|p1a: Gliscor|Protect
|move|p2a: Latias|Aura Sphere|p1a: Gliscor
|-activate|p1a: Gliscor|move: Protect
|
|-heal|p1a: Gliscor|68/100 tox|[from] ability: Poison Heal
|upkeep
|turn|45
|
|t:|1779569301
|switch|p1a: Sableye|Sableye, M|70/100
|move|p2a: Latias|Calm Mind|p2a: Latias
|-boost|p2a: Latias|spa|1
|-boost|p2a: Latias|spd|1
|
|upkeep
|turn|46
|
|t:|1779569308
|switch|p2a: Pecharunt|Pecharunt|77/100
|move|p1a: Sableye|Encore||[still]
|-fail|p1a: Sableye
|
|upkeep
|turn|47
|
|t:|1779569317
|move|p2a: Pecharunt|Malignant Chain|p1a: Sableye
|-resisted|p1a: Sableye
|-damage|p1a: Sableye|50/100
|-status|p1a: Sableye|tox
|-start|p1a: Sableye|confusion|[from] ability: Poison Puppeteer|[of] p2a: Pecharunt
|-activate|p1a: Sableye|confusion
|-damage|p1a: Sableye|41/100 tox|[from] confusion
|
|-damage|p1a: Sableye|34/100 tox|[from] psn
|upkeep
|turn|48
|
|t:|1779569331
|-activate|p1a: Sableye|confusion
|move|p1a: Sableye|Recover|p1a: Sableye
|-heal|p1a: Sableye|84/100 tox
|move|p2a: Pecharunt|Shadow Ball|p1a: Sableye
|-damage|p1a: Sableye|51/100 tox
|
|-damage|p1a: Sableye|39/100 tox|[from] psn
|upkeep
|turn|49
|
|t:|1779569345
|switch|p1a: Wo-Chien|Wo-Chien|94/100 brn
|-damage|p1a: Wo-Chien|82/100 brn|[from] Spikes
|-ability|p1a: Wo-Chien|Tablets of Ruin
|move|p2a: Pecharunt|Shadow Ball|p1a: Wo-Chien
|-resisted|p1a: Wo-Chien
|-damage|p1a: Wo-Chien|73/100 brn
|
|-heal|p1a: Wo-Chien|79/100 brn|[from] item: Leftovers
|-damage|p1a: Wo-Chien|73/100 brn|[from] brn
|upkeep
|turn|50
|
|t:|1779569361
|move|p2a: Pecharunt|Malignant Chain|p1a: Wo-Chien
|-supereffective|p1a: Wo-Chien
|-damage|p1a: Wo-Chien|29/100 brn
|move|p1a: Wo-Chien|Leech Seed|p2a: Pecharunt
|-start|p2a: Pecharunt|move: Leech Seed
|
|-heal|p1a: Wo-Chien|35/100 brn|[from] item: Leftovers
|-damage|p2a: Pecharunt|64/100|[from] Leech Seed|[of] p1a: Wo-Chien
|-heal|p1a: Wo-Chien|48/100 brn|[silent]
|-damage|p1a: Wo-Chien|42/100 brn|[from] brn
|upkeep
|turn|51
|
|t:|1779569373
|move|p1a: Wo-Chien|Protect|p1a: Wo-Chien
|-singleturn|p1a: Wo-Chien|Protect
|move|p2a: Pecharunt|Malignant Chain|p1a: Wo-Chien
|-activate|p1a: Wo-Chien|move: Protect
|
|-heal|p1a: Wo-Chien|48/100 brn|[from] item: Leftovers
|-damage|p2a: Pecharunt|52/100|[from] Leech Seed|[of] p1a: Wo-Chien
|-heal|p1a: Wo-Chien|60/100 brn|[silent]
|-damage|p1a: Wo-Chien|54/100 brn|[from] brn
|upkeep
|turn|52
|
|t:|1779569386
|switch|p1a: Gliscor|Gliscor, F, tera:Water|68/100 tox
|-damage|p1a: Gliscor|55/100 tox|[from] Spikes
|move|p2a: Pecharunt|Parting Shot|p1a: Gliscor
|-unboost|p1a: Gliscor|atk|1
|-unboost|p1a: Gliscor|spa|1
|
|t:|1779569391
|switch|p2a: Latias|Latias, F, tera:Steel|100/100|[from] Parting Shot
|
|-heal|p1a: Gliscor|68/100 tox|[from] ability: Poison Heal
|upkeep
|turn|53
|
|t:|1779569407
|switch|p1a: Sableye|Sableye, M|39/100 tox
|move|p2a: Latias|Calm Mind|p2a: Latias
|-boost|p2a: Latias|spa|1
|-boost|p2a: Latias|spd|1
|
|-damage|p1a: Sableye|33/100 tox|[from] psn
|upkeep
|turn|54
|
|t:|1779569416
|switch|p2a: Pecharunt|Pecharunt|52/100
|move|p1a: Sableye|Encore||[still]
|-fail|p1a: Sableye
|
|-damage|p1a: Sableye|20/100 tox|[from] psn
|upkeep
|turn|55
|
|t:|1779569421
|move|p1a: Sableye|Recover|p1a: Sableye
|-heal|p1a: Sableye|70/100 tox
|move|p2a: Pecharunt|Shadow Ball|p1a: Sableye
|-damage|p1a: Sableye|40/100 tox
|
|-damage|p1a: Sableye|22/100 tox|[from] psn
|upkeep
|turn|56
|
|t:|1779569431
|move|p2a: Pecharunt|Shadow Ball|p1a: Sableye
|-damage|p1a: Sableye|0 fnt
|faint|p1a: Sableye
|
|upkeep
|
|t:|1779569439
|switch|p1a: Wo-Chien|Wo-Chien|54/100 brn
|-damage|p1a: Wo-Chien|42/100 brn|[from] Spikes
|-ability|p1a: Wo-Chien|Tablets of Ruin
|turn|57
|
|t:|1779569449
|move|p1a: Wo-Chien|Protect|p1a: Wo-Chien
|-singleturn|p1a: Wo-Chien|Protect
|move|p2a: Pecharunt|Malignant Chain|p1a: Wo-Chien
|-activate|p1a: Wo-Chien|move: Protect
|
|-heal|p1a: Wo-Chien|48/100 brn|[from] item: Leftovers
|-damage|p1a: Wo-Chien|42/100 brn|[from] brn
|upkeep
|turn|58
|
|t:|1779569475
|switch|p1a: Gliscor|Gliscor, F, tera:Water|68/100 tox
|-damage|p1a: Gliscor|55/100 tox|[from] Spikes
|move|p2a: Pecharunt|Malignant Chain|p1a: Gliscor
|-damage|p1a: Gliscor|11/100 tox
|
|-heal|p1a: Gliscor|23/100 tox|[from] ability: Poison Heal
|upkeep
|turn|59
|
|t:|1779569489
|move|p1a: Gliscor|Protect|p1a: Gliscor
|-singleturn|p1a: Gliscor|Protect
|move|p2a: Pecharunt|Recover|p2a: Pecharunt
|-heal|p2a: Pecharunt|100/100
|
|-heal|p1a: Gliscor|36/100 tox|[from] ability: Poison Heal
|upkeep
|turn|60
|
|t:|1779569498
|move|p1a: Gliscor|Earthquake|p2a: Pecharunt
|-supereffective|p2a: Pecharunt
|-damage|p2a: Pecharunt|70/100
|move|p2a: Pecharunt|Malignant Chain|p1a: Gliscor
|-damage|p1a: Gliscor|0 fnt
|faint|p1a: Gliscor
|
|upkeep
|
|t:|1779569512
|switch|p1a: Wo-Chien|Wo-Chien|42/100 brn
|-damage|p1a: Wo-Chien|30/100 brn|[from] Spikes
|-ability|p1a: Wo-Chien|Tablets of Ruin
|turn|61
|
|t:|1779569522
|move|p2a: Pecharunt|Parting Shot|p1a: Wo-Chien
|-unboost|p1a: Wo-Chien|atk|1
|-unboost|p1a: Wo-Chien|spa|1
|
|t:|1779569524
|switch|p2a: Suicune|Suicune, shiny|72/100 slp|[from] Parting Shot
|-ability|p2a: Suicune|Pressure
|move|p1a: Wo-Chien|Leech Seed|p2a: Suicune
|-start|p2a: Suicune|move: Leech Seed
|
|-heal|p1a: Wo-Chien|36/100 brn|[from] item: Leftovers
|-damage|p2a: Suicune|60/100 slp|[from] Leech Seed|[of] p1a: Wo-Chien
|-heal|p1a: Wo-Chien|49/100 brn|[silent]
|-damage|p1a: Wo-Chien|43/100 brn|[from] brn
|upkeep
|turn|62
|
|t:|1779569542
|switch|p2a: Zamazenta|Zamazenta|100/100
|-ability|p2a: Zamazenta|Dauntless Shield|boost
|-boost|p2a: Zamazenta|def|1
|move|p1a: Wo-Chien|Ruination|p2a: Zamazenta|[miss]
|-miss|p1a: Wo-Chien|p2a: Zamazenta
|
|-heal|p1a: Wo-Chien|49/100 brn|[from] item: Leftovers
|-damage|p1a: Wo-Chien|43/100 brn|[from] brn
|upkeep
|turn|63
|
|t:|1779569554
|move|p2a: Zamazenta|Substitute|p2a: Zamazenta
|-start|p2a: Zamazenta|Substitute
|-damage|p2a: Zamazenta|76/100
|move|p1a: Wo-Chien|Leech Seed||[still]
|-fail|p1a: Wo-Chien
|
|-heal|p2a: Zamazenta|82/100|[from] item: Leftovers
|-heal|p1a: Wo-Chien|49/100 brn|[from] item: Leftovers
|-damage|p1a: Wo-Chien|43/100 brn|[from] brn
|upkeep
|turn|64
|
|t:|1779569569
|switch|p1a: Tropius|Tropius, F|46/100 tox
|move|p2a: Zamazenta|Body Press|p1a: Tropius
|-resisted|p1a: Tropius
|-damage|p1a: Tropius|30/100 tox
|
|-heal|p2a: Zamazenta|88/100|[from] item: Leftovers
|-damage|p1a: Tropius|23/100 tox|[from] psn
|upkeep
|turn|65
|
|t:|1779569585
|move|p1a: Tropius|Protect|p1a: Tropius
|-singleturn|p1a: Tropius|Protect
|move|p2a: Zamazenta|Iron Defense|p2a: Zamazenta
|-boost|p2a: Zamazenta|def|2
|
|-heal|p2a: Zamazenta|94/100|[from] item: Leftovers
|-damage|p1a: Tropius|11/100 tox|[from] psn
|upkeep
|turn|66
|
|t:|1779569597
|move|p2a: Zamazenta|Iron Defense|p2a: Zamazenta
|-boost|p2a: Zamazenta|def|2
|move|p1a: Tropius|Dragon Tail|p2a: Zamazenta
|-activate|p2a: Zamazenta|move: Substitute|[damage]
|
|-heal|p2a: Zamazenta|100/100|[from] item: Leftovers
|-damage|p1a: Tropius|0 fnt|[from] psn
|faint|p1a: Tropius
|upkeep
|-message|shunnybun forfeited.
|
|win|huuehuue
|raw|shunnybun's rating: 1000 &rarr; <strong>1000</strong><br />(+0 for losing)
|raw|huuehuue's rating: 1000 &rarr; <strong>1040</strong><br />(+40 for winning)
|l|☆shunnybun
|player|p1|
