|j|☆claudechamp
|j|☆glowingskin
|t:|1779684470
|gametype|singles
|player|p1|claudechamp|170|1198
|player|p2|glowingskin|tuberf|1183
|gen|9
|tier|[Gen 9] OU
|rated|
|rule|HP Percentage Mod: HP is shown in percentages
|rule|Endless Battle Clause: Forcing endless battles is banned
|rule|Species Clause: Limit one of each Pokémon
|rule|OHKO Clause: OHKO moves are banned
|rule|Evasion Items Clause: Evasion items are banned
|rule|Evasion Moves Clause: Evasion moves are banned
|rule|Evasion Abilities Clause: Evasion abilities are banned
|rule|Sleep Moves Clause: Sleep-inducing moves are banned
|clearpoke
|poke|p1|Gliscor, M|
|poke|p1|Gholdengo|
|poke|p1|Zamazenta-*|
|poke|p1|Blissey, F|
|poke|p1|Skarmory, F|
|poke|p1|Pecharunt|
|poke|p2|Clefable, F|
|poke|p2|Espeon, F|
|poke|p2|Pecharunt|
|poke|p2|Enamorus, F|
|poke|p2|Dragonite, M|
|poke|p2|Jirachi|
|teampreview
|inactive|Battle timer is ON: inactive players will automatically lose when time's up. (requested by glowingskin)
|c|☆claudechamp|hf
|inactive|claudechamp also wants the timer to be on.
|c|☆glowingskin|ok
|
|t:|1779684494
|teamsize|p1|6
|teamsize|p2|6
|start
|switch|p1a: Skarmory|Skarmory, F|100/100
|switch|p2a: Crystal|Espeon, F|100/100
|turn|1
|
|t:|1779684500
|switch|p1a: Zamazenta|Zamazenta|100/100
|-ability|p1a: Zamazenta|Dauntless Shield|boost
|-boost|p1a: Zamazenta|def|1
|move|p2a: Crystal|Reflect|p2a: Crystal
|-sidestart|p2: glowingskin|Reflect
|
|upkeep
|turn|2
|
|t:|1779684506
|switch|p1a: Gliscor|Gliscor, M|100/100
|move|p2a: Crystal|Light Screen|p2a: Crystal
|-sidestart|p2: glowingskin|move: Light Screen
|
|-status|p1a: Gliscor|tox|[from] item: Toxic Orb
|upkeep
|turn|3
|
|t:|1779684510
|move|p2a: Crystal|Psychic|p1a: Gliscor
|-damage|p1a: Gliscor|66/100 tox
|move|p1a: Gliscor|Swords Dance|p1a: Gliscor
|-boost|p1a: Gliscor|atk|2
|
|-heal|p1a: Gliscor|79/100 tox|[from] ability: Poison Heal
|upkeep
|turn|4
|
|t:|1779684514
|move|p1a: Gliscor|Knock Off|p2a: Crystal
|-supereffective|p2a: Crystal
|-damage|p2a: Crystal|39/100
|-enditem|p2a: Crystal|Light Clay|[from] move: Knock Off|[of] p1a: Gliscor
|move|p2a: Crystal|Roar|p1a: Gliscor
|drag|p1a: Blissey|Blissey, F|100/100
|
|upkeep
|turn|5
|
|t:|1779684517
|move|p1a: Blissey|Shadow Ball|p2a: Crystal
|-supereffective|p2a: Crystal
|-damage|p2a: Crystal|24/100
|move|p2a: Crystal|Roar|p1a: Blissey
|drag|p1a: Gliscor|Gliscor, M|79/100 tox
|
|-heal|p1a: Gliscor|91/100 tox|[from] ability: Poison Heal
|upkeep
|turn|6
|
|t:|1779684521
|move|p2a: Crystal|Psychic|p1a: Gliscor
|-damage|p1a: Gliscor|57/100 tox
|move|p1a: Gliscor|Earthquake|p2a: Crystal
|-damage|p2a: Crystal|0 fnt
|faint|p2a: Crystal
|
|-heal|p1a: Gliscor|70/100 tox|[from] ability: Poison Heal
|upkeep
|
|t:|1779684530
|switch|p2a: Starfruit|Jirachi|100/100
|turn|7
|
|t:|1779684533
|move|p2a: Starfruit|Iron Head|p1a: Gliscor
|-damage|p1a: Gliscor|40/100 tox
|move|p1a: Gliscor|Swords Dance|p1a: Gliscor
|-boost|p1a: Gliscor|atk|2
|
|-heal|p1a: Gliscor|52/100 tox|[from] ability: Poison Heal
|upkeep
|turn|8
|
|t:|1779684536
|move|p1a: Gliscor|Protect|p1a: Gliscor
|-singleturn|p1a: Gliscor|Protect
|move|p2a: Starfruit|Iron Head|p1a: Gliscor
|-activate|p1a: Gliscor|move: Protect
|
|-heal|p1a: Gliscor|65/100 tox|[from] ability: Poison Heal
|-sideend|p2: glowingskin|Reflect
|upkeep
|turn|9
|
|t:|1779684538
|move|p2a: Starfruit|Iron Head|p1a: Gliscor
|-damage|p1a: Gliscor|32/100 tox
|move|p1a: Gliscor|Earthquake|p2a: Starfruit
|-supereffective|p2a: Starfruit
|-damage|p2a: Starfruit|0 fnt
|faint|p2a: Starfruit
|
|-heal|p1a: Gliscor|45/100 tox|[from] ability: Poison Heal
|-sideend|p2: glowingskin|move: Light Screen
|upkeep
|
|t:|1779684545
|switch|p2a: Strawberry|Enamorus, F|100/100
|turn|10
|
|t:|1779684547
|move|p2a: Strawberry|Moonblast|p1a: Gliscor
|-damage|p1a: Gliscor|0 fnt
|faint|p1a: Gliscor
|
|upkeep
|
|t:|1779684552
|switch|p1a: Zamazenta|Zamazenta|100/100
|turn|11
|
|t:|1779684560
|-terastallize|p1a: Zamazenta|Ice
|move|p1a: Zamazenta|Ice Fang|p2a: Strawberry
|-supereffective|p2a: Strawberry
|-damage|p2a: Strawberry|0 fnt
|faint|p2a: Strawberry
|
|upkeep
|
|t:|1779684568
|switch|p2a: Squishy|Pecharunt|100/100
|turn|12
|
|t:|1779684570
|move|p1a: Zamazenta|Ice Fang|p2a: Squishy
|-damage|p2a: Squishy|84/100
|move|p2a: Squishy|Acid Spray|p1a: Zamazenta
|-damage|p1a: Zamazenta|89/100
|-unboost|p1a: Zamazenta|spd|2
|
|upkeep
|turn|13
|
|t:|1779684573
|move|p1a: Zamazenta|Heavy Slam|p2a: Squishy
|-damage|p2a: Squishy|64/100
|move|p2a: Squishy|Malignant Chain|p1a: Zamazenta
|-damage|p1a: Zamazenta|28/100
|-status|p1a: Zamazenta|tox
|-start|p1a: Zamazenta|confusion|[from] ability: Poison Puppeteer|[of] p2a: Squishy
|
|-damage|p1a: Zamazenta|22/100 tox|[from] psn
|upkeep
|turn|14
|
|t:|1779684578
|switch|p1a: Gholdengo|Gholdengo|100/100
|move|p2a: Squishy|Hex|p1a: Gholdengo
|-supereffective|p1a: Gholdengo
|-damage|p1a: Gholdengo|59/100
|
|upkeep
|turn|15
|
|t:|1779684582
|move|p1a: Gholdengo|Recover|p1a: Gholdengo
|-heal|p1a: Gholdengo|100/100
|move|p2a: Squishy|Shadow Ball|p1a: Gholdengo
|-supereffective|p1a: Gholdengo
|-damage|p1a: Gholdengo|54/100
|
|upkeep
|turn|16
|
|t:|1779684586
|move|p1a: Gholdengo|Thunder Wave|p2a: Squishy
|-status|p2a: Squishy|par
|move|p2a: Squishy|Shadow Ball|p1a: Gholdengo
|-supereffective|p1a: Gholdengo
|-damage|p1a: Gholdengo|3/100
|
|upkeep
|turn|17
|
|t:|1779684589
|move|p1a: Gholdengo|Hex|p2a: Squishy
|-supereffective|p2a: Squishy
|-crit|p2a: Squishy
|-damage|p2a: Squishy|0 fnt
|faint|p2a: Squishy
|
|upkeep
|
|t:|1779684596
|switch|p2a: Banana|Dragonite, M|100/100
|turn|18
|
|t:|1779684600
|move|p2a: Banana|Earthquake|p1a: Gholdengo
|-supereffective|p1a: Gholdengo
|-damage|p1a: Gholdengo|0 fnt
|faint|p1a: Gholdengo
|
|upkeep
|
|t:|1779684606
|switch|p1a: Pecharunt|Pecharunt|100/100
|turn|19
|
|t:|1779684612
|move|p2a: Banana|Dragon Dance|p2a: Banana
|-boost|p2a: Banana|atk|1
|-boost|p2a: Banana|spe|1
|move|p1a: Pecharunt|Toxic|p2a: Banana
|-status|p2a: Banana|tox
|-start|p2a: Banana|confusion|[from] ability: Poison Puppeteer|[of] p1a: Pecharunt
|-enditem|p2a: Banana|Lum Berry|[eat]
|-curestatus|p2a: Banana|tox|[msg]
|-end|p2a: Banana|confusion
|
|upkeep
|turn|20
|
|t:|1779684620
|move|p2a: Banana|Earthquake|p1a: Pecharunt
|-supereffective|p1a: Pecharunt
|-damage|p1a: Pecharunt|48/100
|move|p1a: Pecharunt|Shadow Ball|p2a: Banana
|-damage|p2a: Banana|88/100
|
|upkeep
|turn|21
|
|t:|1779684626
|switch|p1a: Skarmory|Skarmory, F|100/100
|move|p2a: Banana|Earthquake|p1a: Skarmory
|-immune|p1a: Skarmory
|
|upkeep
|turn|22
|
|t:|1779684633
|move|p2a: Banana|Dragon Dance|p2a: Banana
|-boost|p2a: Banana|atk|1
|-boost|p2a: Banana|spe|1
|move|p1a: Skarmory|Whirlwind|p2a: Banana
|drag|p2a: Pudding|Clefable, F|100/100
|
|upkeep
|turn|23
|
|t:|1779684640
|move|p1a: Skarmory|Spikes|p2a: Pudding
|-sidestart|p2: glowingskin|Spikes
|move|p2a: Pudding|Flamethrower|p1a: Skarmory
|-supereffective|p1a: Skarmory
|-damage|p1a: Skarmory|29/100
|
|upkeep
|turn|24
|
|t:|1779684647
|switch|p1a: Zamazenta|Zamazenta, tera:Ice|22/100 tox
|move|p2a: Pudding|Flamethrower|p1a: Zamazenta
|-supereffective|p1a: Zamazenta
|-damage|p1a: Zamazenta|0 fnt
|faint|p1a: Zamazenta
|
|upkeep
|
|t:|1779684653
|switch|p1a: Pecharunt|Pecharunt|48/100
|turn|25
|
|t:|1779684678
|move|p1a: Pecharunt|Recover|p1a: Pecharunt
|-heal|p1a: Pecharunt|98/100
|move|p2a: Pudding|Psychic|p1a: Pecharunt
|-supereffective|p1a: Pecharunt
|-damage|p1a: Pecharunt|42/100
|
|upkeep
|turn|26
|
|t:|1779684683
|move|p1a: Pecharunt|Parting Shot|p2a: Pudding
|-unboost|p2a: Pudding|atk|1
|-unboost|p2a: Pudding|spa|1
|
|t:|1779684688
|switch|p1a: Skarmory|Skarmory, F|29/100|[from] Parting Shot
|move|p2a: Pudding|Psychic|p1a: Skarmory
|-resisted|p1a: Skarmory
|-damage|p1a: Skarmory|16/100
|
|upkeep
|turn|27
|
|t:|1779684696
|move|p1a: Skarmory|Roost|p1a: Skarmory
|-heal|p1a: Skarmory|66/100
|-singleturn|p1a: Skarmory|move: Roost
|move|p2a: Pudding|Flamethrower|p1a: Skarmory
|-supereffective|p1a: Skarmory
|-damage|p1a: Skarmory|19/100
|
|upkeep
|turn|28
|
|t:|1779684703
|move|p1a: Skarmory|Roost|p1a: Skarmory
|-heal|p1a: Skarmory|69/100
|-singleturn|p1a: Skarmory|move: Roost
|move|p2a: Pudding|Flamethrower|p1a: Skarmory
|-supereffective|p1a: Skarmory
|-damage|p1a: Skarmory|15/100
|
|upkeep
|turn|29
|
|t:|1779684711
|move|p1a: Skarmory|Body Press|p2a: Pudding
|-resisted|p2a: Pudding
|-damage|p2a: Pudding|85/100
|move|p2a: Pudding|Flamethrower|p1a: Skarmory
|-supereffective|p1a: Skarmory
|-damage|p1a: Skarmory|0 fnt
|faint|p1a: Skarmory
|
|upkeep
|
|t:|1779684717
|switch|p1a: Pecharunt|Pecharunt|42/100
|turn|30
|
|t:|1779684726
|move|p1a: Pecharunt|Recover|p1a: Pecharunt
|-heal|p1a: Pecharunt|92/100
|move|p2a: Pudding|Psychic|p1a: Pecharunt
|-supereffective|p1a: Pecharunt
|-damage|p1a: Pecharunt|55/100
|
|upkeep
|turn|31
|
|t:|1779684731
|move|p1a: Pecharunt|Recover|p1a: Pecharunt
|-heal|p1a: Pecharunt|100/100
|move|p2a: Pudding|Psychic|p1a: Pecharunt
|-supereffective|p1a: Pecharunt
|-damage|p1a: Pecharunt|66/100
|
|upkeep
|turn|32
|
|t:|1779684737
|move|p1a: Pecharunt|Toxic|p2a: Pudding
|-status|p2a: Pudding|tox
|-start|p2a: Pudding|confusion|[from] ability: Poison Puppeteer|[of] p1a: Pecharunt
|-activate|p2a: Pudding|confusion
|move|p2a: Pudding|Psychic|p1a: Pecharunt
|-supereffective|p1a: Pecharunt
|-damage|p1a: Pecharunt|29/100
|
|upkeep
|turn|33
|
|t:|1779684742
|move|p1a: Pecharunt|Recover|p1a: Pecharunt
|-heal|p1a: Pecharunt|79/100
|-activate|p2a: Pudding|confusion
|-damage|p2a: Pudding|81/100 tox|[from] confusion
|
|upkeep
|turn|34
|
|t:|1779684747
|move|p1a: Pecharunt|Shadow Ball|p2a: Pudding
|-damage|p2a: Pudding|67/100 tox
|-activate|p2a: Pudding|confusion
|move|p2a: Pudding|Psychic|p1a: Pecharunt
|-supereffective|p1a: Pecharunt
|-damage|p1a: Pecharunt|40/100
|
|upkeep
|turn|35
|
|t:|1779684754
|move|p1a: Pecharunt|Recover|p1a: Pecharunt
|-heal|p1a: Pecharunt|90/100
|-activate|p2a: Pudding|confusion
|move|p2a: Pudding|Psychic|p1a: Pecharunt
|-supereffective|p1a: Pecharunt
|-damage|p1a: Pecharunt|53/100
|
|upkeep
|turn|36
|
|t:|1779684761
|move|p1a: Pecharunt|Recover|p1a: Pecharunt
|-heal|p1a: Pecharunt|100/100
|-end|p2a: Pudding|confusion
|move|p2a: Pudding|Psychic|p1a: Pecharunt
|-supereffective|p1a: Pecharunt
|-damage|p1a: Pecharunt|66/100
|
|upkeep
|turn|37
|
|t:|1779684768
|move|p1a: Pecharunt|Shadow Ball|p2a: Pudding
|-damage|p2a: Pudding|52/100 tox
|move|p2a: Pudding|Psychic|p1a: Pecharunt
|-supereffective|p1a: Pecharunt
|-damage|p1a: Pecharunt|28/100
|
|upkeep
|turn|38
|
|t:|1779684775
|move|p1a: Pecharunt|Recover|p1a: Pecharunt
|-heal|p1a: Pecharunt|78/100
|move|p2a: Pudding|Psychic|p1a: Pecharunt
|-supereffective|p1a: Pecharunt
|-crit|p1a: Pecharunt
|-damage|p1a: Pecharunt|0 fnt
|faint|p1a: Pecharunt
|
|upkeep
|c|☆glowingskin|lol
|
|t:|1779684782
|switch|p1a: Blissey|Blissey, F|100/100
|turn|39
|
|t:|1779684791
|move|p2a: Pudding|Psychic|p1a: Blissey
|-damage|p1a: Blissey|95/100
|move|p1a: Blissey|Stealth Rock|p2a: Pudding
|-sidestart|p2: glowingskin|move: Stealth Rock
|
|upkeep
|turn|40
|
|t:|1779684796
|move|p2a: Pudding|Psychic|p1a: Blissey
|-crit|p1a: Blissey
|-damage|p1a: Blissey|82/100
|move|p1a: Blissey|Shadow Ball|p2a: Pudding
|-damage|p2a: Pudding|42/100 tox
|-unboost|p2a: Pudding|spd|1
|
|upkeep
|turn|41
|
|t:|1779684803
|move|p2a: Pudding|Psychic|p1a: Blissey
|-damage|p1a: Blissey|76/100
|move|p1a: Blissey|Soft-Boiled|p1a: Blissey
|-heal|p1a: Blissey|100/100
|
|upkeep
|turn|42
|
|t:|1779684811
|move|p2a: Pudding|Psychic|p1a: Blissey
|-damage|p1a: Blissey|95/100
|move|p1a: Blissey|Shadow Ball|p2a: Pudding
|-damage|p2a: Pudding|27/100 tox
|
|upkeep
|turn|43
|
|t:|1779684818
|move|p2a: Pudding|Psychic|p1a: Blissey
|-damage|p1a: Blissey|89/100
|move|p1a: Blissey|Soft-Boiled|p1a: Blissey
|-heal|p1a: Blissey|100/100
|
|upkeep
|turn|44
|
|t:|1779684826
|move|p2a: Pudding|Psychic|p1a: Blissey
|-damage|p1a: Blissey|95/100
|move|p1a: Blissey|Shadow Ball|p2a: Pudding
|-damage|p2a: Pudding|12/100 tox
|
|upkeep
|turn|45
|
|t:|1779684834
|switch|p2a: Banana|Dragonite, M|88/100
|-damage|p2a: Banana|63/100|[from] Stealth Rock
|move|p1a: Blissey|Soft-Boiled|p1a: Blissey
|-heal|p1a: Blissey|100/100
|
|upkeep
|turn|46
|
|t:|1779684844
|-terastallize|p2a: Banana|Dragon
|move|p2a: Banana|Outrage|p1a: Blissey
|-damage|p1a: Blissey|3/100
|move|p1a: Blissey|Shadow Ball|p2a: Banana
|-damage|p2a: Banana|47/100
|
|upkeep
|turn|47
|c|☆glowingskin|bye
|
|t:|1779684852
|move|p2a: Banana|Outrage|p1a: Blissey|[from] lockedmove
|-damage|p1a: Blissey|0 fnt
|faint|p1a: Blissey
|
|win|glowingskin
|raw|claudechamp's rating: 1174 &rarr; <strong>1150</strong><br />(-24 for losing)
|raw|glowingskin's rating: 1183 &rarr; <strong>1207</strong><br />(+24 for winning)
|c|☆claudechamp|gg
|l|☆glowingskin
|player|p2|
