|j|☆Hallommora
|j|☆Twisted Divinity
|t:|1779597692
|gametype|singles
|player|p1|Hallommora|clown|1559
|player|p2|Twisted Divinity|acerola-masters|1514
|gen|9
|tier|[Gen 9] OU
|rated|
|rule|HP Percentage Mod: HP is shown in percentages
|rule|Endless Battle Clause: Forcing endless battles is banned
|rule|Species Clause: Limit one of each Pokémon
|rule|OHKO Clause: OHKO moves are banned
|rule|Evasion Items Clause: Evasion items are banned
|rule|Evasion Moves Clause: Evasion moves are banned
|rule|Evasion Abilities Clause: Evasion abilities are banned
|rule|Sleep Moves Clause: Sleep-inducing moves are banned
|clearpoke
|poke|p1|Garganacl, M|
|poke|p1|Gliscor, M|
|poke|p1|Clefable, F|
|poke|p1|Zamazenta-*|
|poke|p1|Gholdengo|
|poke|p1|Samurott-Hisui, M|
|poke|p2|Wo-Chien|
|poke|p2|Torkoal, M|
|poke|p2|Cinderace, F|
|poke|p2|Great Tusk|
|poke|p2|Walking Wake|
|poke|p2|Clefable, F|
|teampreview
|inactive|Battle timer is ON: inactive players will automatically lose when time's up. (requested by Twisted Divinity)
|inactive|Hallommora also wants the timer to be on.
|
|t:|1779597695
|teamsize|p1|6
|teamsize|p2|6
|start
|switch|p1a: Gliscor|Gliscor, M|100/100
|switch|p2a: The Sun Is So Loud|Torkoal, M|100/100
|-weather|SunnyDay|[from] ability: Drought|[of] p2a: The Sun Is So Loud
|turn|1
|
|t:|1779597699
|switch|p2a: MAXIMUM OUTPUT|Walking Wake|100/100
|-activate|p2a: MAXIMUM OUTPUT|ability: Protosynthesis
|-start|p2a: MAXIMUM OUTPUT|protosynthesisspe
|move|p1a: Gliscor|Toxic|p2a: MAXIMUM OUTPUT
|-status|p2a: MAXIMUM OUTPUT|tox
|
|-weather|SunnyDay|[upkeep]
|-damage|p2a: MAXIMUM OUTPUT|94/100 tox|[from] psn
|-status|p1a: Gliscor|tox|[from] item: Toxic Orb
|upkeep
|turn|2
|
|t:|1779597705
|-terastallize|p2a: MAXIMUM OUTPUT|Water
|move|p1a: Gliscor|Protect|p1a: Gliscor
|-singleturn|p1a: Gliscor|Protect
|move|p2a: MAXIMUM OUTPUT|Hydro Steam|p1a: Gliscor
|-activate|p1a: Gliscor|move: Protect
|
|-weather|SunnyDay|[upkeep]
|-damage|p2a: MAXIMUM OUTPUT|82/100 tox|[from] psn
|upkeep
|turn|3
|
|t:|1779597713
|switch|p1a: Samurott|Samurott-Hisui, M|100/100
|move|p2a: MAXIMUM OUTPUT|Hydro Steam|p1a: Samurott
|-resisted|p1a: Samurott
|-damage|p1a: Samurott|30/100
|
|-weather|SunnyDay|[upkeep]
|-damage|p2a: MAXIMUM OUTPUT|63/100 tox|[from] psn
|upkeep
|turn|4
|
|t:|1779597719
|-end|p2a: MAXIMUM OUTPUT|Protosynthesis|[silent]
|switch|p2a: Great Tuskarus|Great Tusk, shiny|100/100
|-activate|p2a: Great Tuskarus|ability: Protosynthesis
|-start|p2a: Great Tuskarus|protosynthesisspe
|move|p1a: Samurott|Ceaseless Edge|p2a: Great Tuskarus
|-resisted|p2a: Great Tuskarus
|-damage|p2a: Great Tuskarus|87/100
|-damage|p1a: Samurott|14/100|[from] item: Rocky Helmet|[of] p2a: Great Tuskarus
|-sidestart|p2: Twisted Divinity|Spikes
|
|-weather|SunnyDay|[upkeep]
|upkeep
|turn|5
|
|t:|1779597727
|switch|p1a: Clefable|Clefable, F|100/100
|move|p2a: Great Tuskarus|Ice Spinner|p1a: Clefable
|-damage|p1a: Clefable|81/100
|-damage|p2a: Great Tuskarus|71/100|[from] item: Rocky Helmet|[of] p1a: Clefable
|
|-weather|SunnyDay|[upkeep]
|upkeep
|turn|6
|
|t:|1779597732
|move|p2a: Great Tuskarus|Rapid Spin|p1a: Clefable
|-damage|p1a: Clefable|70/100
|-boost|p2a: Great Tuskarus|spe|1
|-damage|p2a: Great Tuskarus|54/100|[from] item: Rocky Helmet|[of] p1a: Clefable
|-sideend|p2: Twisted Divinity|Spikes|[from] move: Rapid Spin|[of] p2a: Great Tuskarus
|move|p1a: Clefable|Stealth Rock|p2a: Great Tuskarus
|-sidestart|p2: Twisted Divinity|move: Stealth Rock
|
|-weather|SunnyDay|[upkeep]
|upkeep
|turn|7
|
|t:|1779597735
|move|p2a: Great Tuskarus|Rapid Spin|p1a: Clefable
|-damage|p1a: Clefable|59/100
|-boost|p2a: Great Tuskarus|spe|1
|-damage|p2a: Great Tuskarus|38/100|[from] item: Rocky Helmet|[of] p1a: Clefable
|-sideend|p2: Twisted Divinity|Stealth Rock|[from] move: Rapid Spin|[of] p2a: Great Tuskarus
|move|p1a: Clefable|Moonblast|p2a: Great Tuskarus
|-supereffective|p2a: Great Tuskarus
|-damage|p2a: Great Tuskarus|0 fnt
|faint|p2a: Great Tuskarus
|-end|p2a: Great Tuskarus|Protosynthesis|[silent]
|
|-weather|SunnyDay|[upkeep]
|upkeep
|
|t:|1779597738
|switch|p2a: MAXIMUM OUTPUT|Walking Wake, tera:Water|63/100 tox
|-activate|p2a: MAXIMUM OUTPUT|ability: Protosynthesis
|-start|p2a: MAXIMUM OUTPUT|protosynthesisspe
|turn|8
|
|t:|1779597744
|move|p2a: MAXIMUM OUTPUT|Hydro Steam|p1a: Clefable
|-damage|p1a: Clefable|0 fnt
|faint|p1a: Clefable
|
|-weather|none
|-end|p2a: MAXIMUM OUTPUT|Protosynthesis
|-damage|p2a: MAXIMUM OUTPUT|57/100 tox|[from] psn
|upkeep
|
|t:|1779597752
|switch|p1a: Samurott|Samurott-Hisui, M|14/100
|turn|9
|
|t:|1779597756
|-end|p2a: MAXIMUM OUTPUT|Protosynthesis|[silent]
|switch|p2a: Wo Chienuenly|Wo-Chien|100/100
|-ability|p2a: Wo Chienuenly|Tablets of Ruin
|move|p1a: Samurott|Ceaseless Edge|p2a: Wo Chienuenly
|-resisted|p2a: Wo Chienuenly
|-damage|p2a: Wo Chienuenly|82/100
|-sidestart|p2: Twisted Divinity|Spikes
|
|upkeep
|turn|10
|
|t:|1779597761
|switch|p1a: Gholdengo|Gholdengo|100/100
|move|p2a: Wo Chienuenly|Trailblaze|p1a: Gholdengo
|-resisted|p1a: Gholdengo
|-crit|p1a: Gholdengo
|-damage|p1a: Gholdengo|88/100
|-boost|p2a: Wo Chienuenly|spe|1
|-damage|p2a: Wo Chienuenly|72/100|[from] item: Life Orb
|
|upkeep
|turn|11
|
|t:|1779597766
|move|p2a: Wo Chienuenly|Knock Off|p1a: Gholdengo
|-supereffective|p1a: Gholdengo
|-damage|p1a: Gholdengo|26/100
|-enditem|p1a: Gholdengo|Heavy-Duty Boots|[from] move: Knock Off|[of] p2a: Wo Chienuenly
|-damage|p2a: Wo Chienuenly|62/100|[from] item: Life Orb
|move|p1a: Gholdengo|Nasty Plot|p1a: Gholdengo
|-boost|p1a: Gholdengo|spa|2
|
|upkeep
|turn|12
|
|t:|1779597769
|-terastallize|p1a: Gholdengo|Fairy
|move|p2a: Wo Chienuenly|Knock Off|p1a: Gholdengo
|-resisted|p1a: Gholdengo
|-damage|p1a: Gholdengo|14/100
|-damage|p2a: Wo Chienuenly|52/100|[from] item: Life Orb
|move|p1a: Gholdengo|Dazzling Gleam|p2a: Wo Chienuenly
|-supereffective|p2a: Wo Chienuenly
|-damage|p2a: Wo Chienuenly|0 fnt
|faint|p2a: Wo Chienuenly
|
|upkeep
|
|t:|1779597774
|switch|p2a: Chuck Norris Kick|Cinderace, F|100/100
|-item|p2a: Chuck Norris Kick|Air Balloon
|turn|13
|
|t:|1779597781
|move|p2a: Chuck Norris Kick|Pyro Ball|p1a: Gholdengo
|-damage|p1a: Gholdengo|0 fnt
|faint|p1a: Gholdengo
|
|upkeep
|
|t:|1779597789
|switch|p1a: Samurott|Samurott-Hisui, M|14/100
|turn|14
|
|t:|1779597792
|move|p2a: Chuck Norris Kick|Low Kick|p1a: Samurott
|-supereffective|p1a: Samurott
|-damage|p1a: Samurott|0 fnt
|faint|p1a: Samurott
|
|upkeep
|
|t:|1779597799
|switch|p1a: Zamazenta|Zamazenta|100/100
|-ability|p1a: Zamazenta|Dauntless Shield|boost
|-boost|p1a: Zamazenta|def|1
|turn|15
|-message|Hallommora forfeited.
|
|win|Twisted Divinity
|raw|Hallommora's rating: 1559 &rarr; <strong>1536</strong><br />(-23 for losing)
|raw|Twisted Divinity's rating: 1514 &rarr; <strong>1537</strong><br />(+23 for winning)
|l|☆Hallommora
|player|p1|
|l|☆Twisted Divinity
|player|p2|
