|j|☆ChillLanturnYT
|j|‽blundyboy
|t:|1779645455
|gametype|singles
|player|p1|ChillLanturnYT|palmer|1272
|player|p2|blundyboy|2|1237
|gen|9
|tier|[Gen 9] OU
|rated|
|rule|HP Percentage Mod: HP is shown in percentages
|rule|Endless Battle Clause: Forcing endless battles is banned
|rule|Species Clause: Limit one of each Pokémon
|rule|OHKO Clause: OHKO moves are banned
|rule|Evasion Items Clause: Evasion items are banned
|rule|Evasion Moves Clause: Evasion moves are banned
|rule|Evasion Abilities Clause: Evasion abilities are banned
|rule|Sleep Moves Clause: Sleep-inducing moves are banned
|clearpoke
|poke|p1|Exeggutor, M|
|poke|p1|Dragonite, M|
|poke|p1|Samurott-Hisui, M|
|poke|p1|Jirachi|
|poke|p1|Iron Treads|
|poke|p1|Raging Bolt|
|poke|p2|Muk-Alola, F|
|poke|p2|Landorus-Therian, M|
|poke|p2|Tyranitar, M|
|poke|p2|Hatterene, F|
|poke|p2|Ogerpon-Wellspring, F|
|poke|p2|Dragapult, F|
|teampreview
|inactive|Battle timer is ON: inactive players will automatically lose when time's up. (requested by ChillLanturnYT)
|
|t:|1779645467
|teamsize|p1|6
|teamsize|p2|6
|start
|switch|p1a: Samurott|Samurott-Hisui, M|100/100
|switch|p2a: Landorus|Landorus-Therian, M|100/100
|-ability|p2a: Landorus|Intimidate|boost
|-unboost|p1a: Samurott|atk|1
|turn|1
|
|t:|1779645472
|move|p1a: Samurott|Razor Shell|p2a: Landorus
|-supereffective|p2a: Landorus
|-damage|p2a: Landorus|35/100
|-unboost|p2a: Landorus|def|1
|-damage|p1a: Samurott|84/100|[from] item: Rocky Helmet|[of] p2a: Landorus
|move|p2a: Landorus|Stealth Rock|p1a: Samurott
|-sidestart|p1: ChillLanturnYT|move: Stealth Rock
|
|upkeep
|turn|2
|
|t:|1779645483
|switch|p1a: Raging Bolt|Raging Bolt|100/100
|-damage|p1a: Raging Bolt|88/100|[from] Stealth Rock
|switch|p2a: Ogerpon|Ogerpon-Wellspring, F|100/100
|
|upkeep
|turn|3
|
|t:|1779645489
|move|p2a: Ogerpon|U-turn|p1a: Raging Bolt
|-damage|p1a: Raging Bolt|61/100
|
|t:|1779645494
|switch|p2a: Muk|Muk-Alola, F|100/100|[from] U-turn
|move|p1a: Raging Bolt|Calm Mind|p1a: Raging Bolt
|-boost|p1a: Raging Bolt|spa|1
|-boost|p1a: Raging Bolt|spd|1
|
|upkeep
|turn|4
|
|t:|1779645497
|move|p1a: Raging Bolt|Zap Cannon|p2a: Muk|[miss]
|-miss|p1a: Raging Bolt|p2a: Muk
|-enditem|p1a: Raging Bolt|Blunder Policy
|-boost|p1a: Raging Bolt|spe|2
|move|p2a: Muk|Ice Punch|p1a: Raging Bolt
|-supereffective|p1a: Raging Bolt
|-damage|p1a: Raging Bolt|23/100
|-status|p1a: Raging Bolt|psn|[from] ability: Poison Touch|[of] p2a: Muk
|
|-damage|p1a: Raging Bolt|11/100 psn|[from] psn
|upkeep
|turn|5
|
|t:|1779645506
|move|p1a: Raging Bolt|Thunderbolt|p2a: Muk
|-damage|p2a: Muk|66/100
|move|p2a: Muk|Drain Punch|p1a: Raging Bolt
|-damage|p1a: Raging Bolt|0 fnt
|-heal|p2a: Muk|71/100|[from] drain|[of] p1a: Raging Bolt
|faint|p1a: Raging Bolt
|-end|p1a: Raging Bolt|Protosynthesis|[silent]
|
|upkeep
|
|t:|1779645515
|switch|p1a: Iron Treads|Iron Treads|100/100
|-damage|p1a: Iron Treads|97/100|[from] Stealth Rock
|turn|6
|
|t:|1779645519
|switch|p2a: Landorus|Landorus-Therian, M|35/100
|-ability|p2a: Landorus|Intimidate|boost
|-unboost|p1a: Iron Treads|atk|1
|move|p1a: Iron Treads|Knock Off|p2a: Landorus
|-damage|p2a: Landorus|14/100
|-damage|p1a: Iron Treads|81/100|[from] item: Rocky Helmet|[of] p2a: Landorus
|-enditem|p2a: Landorus|Rocky Helmet|[from] move: Knock Off|[of] p1a: Iron Treads
|
|-heal|p1a: Iron Treads|87/100|[from] item: Leftovers
|upkeep
|turn|7
|
|t:|1779645529
|-end|p1a: Iron Treads|Quark Drive|[silent]
|switch|p1a: Samurott|Samurott-Hisui, M|84/100
|-damage|p1a: Samurott|72/100|[from] Stealth Rock
|move|p2a: Landorus|Earth Power|p1a: Samurott
|-damage|p1a: Samurott|20/100
|
|upkeep
|turn|8
|
|t:|1779645543
|move|p1a: Samurott|Ceaseless Edge|p2a: Landorus
|-damage|p2a: Landorus|0 fnt
|-sidestart|p2: blundyboy|Spikes
|faint|p2a: Landorus
|
|upkeep
|
|t:|1779645547
|switch|p2a: Muk|Muk-Alola, F|71/100
|-damage|p2a: Muk|59/100|[from] Spikes
|turn|9
|
|t:|1779645552
|switch|p1a: Iron Treads|Iron Treads|87/100
|-damage|p1a: Iron Treads|84/100|[from] Stealth Rock
|move|p2a: Muk|Drain Punch|p1a: Iron Treads
|-supereffective|p1a: Iron Treads
|-damage|p1a: Iron Treads|47/100
|-heal|p2a: Muk|73/100|[from] drain|[of] p1a: Iron Treads
|
|-heal|p1a: Iron Treads|53/100|[from] item: Leftovers
|upkeep
|turn|10
|
|t:|1779645556
|switch|p2a: Ogerpon|Ogerpon-Wellspring, F|100/100
|-damage|p2a: Ogerpon|88/100|[from] Spikes
|move|p1a: Iron Treads|Rapid Spin|p2a: Ogerpon
|-damage|p2a: Ogerpon|69/100
|-boost|p1a: Iron Treads|spe|1
|-sideend|p1: ChillLanturnYT|Stealth Rock|[from] move: Rapid Spin|[of] p1a: Iron Treads
|
|-heal|p1a: Iron Treads|59/100|[from] item: Leftovers
|upkeep
|turn|11
|
|t:|1779645564
|move|p1a: Iron Treads|Stealth Rock|p2a: Ogerpon
|-sidestart|p2: blundyboy|move: Stealth Rock
|move|p2a: Ogerpon|Ivy Cudgel|p1a: Iron Treads|[anim] Ivy Cudgel Water
|-supereffective|p1a: Iron Treads
|-damage|p1a: Iron Treads|0 fnt
|faint|p1a: Iron Treads
|-end|p1a: Iron Treads|Quark Drive|[silent]
|
|upkeep
|
|t:|1779645569
|switch|p1a: Samurott|Samurott-Hisui, M|20/100
|turn|12
|
|t:|1779645573
|move|p1a: Samurott|Ceaseless Edge|p2a: Ogerpon
|-damage|p2a: Ogerpon|7/100
|-sidestart|p2: blundyboy|Spikes
|move|p2a: Ogerpon|U-turn|p1a: Samurott
|-supereffective|p1a: Samurott
|-damage|p1a: Samurott|0 fnt
|faint|p1a: Samurott
|
|t:|1779645578
|switch|p2a: Dragapult|Dragapult, F|100/100|[from] U-turn
|
|upkeep
|
|t:|1779645582
|switch|p1a: Dragonite|Dragonite, M|100/100
|turn|13
|
|t:|1779645584
|move|p2a: Dragapult|Will-O-Wisp|p1a: Dragonite
|-status|p1a: Dragonite|brn
|move|p1a: Dragonite|Dragon Dance|p1a: Dragonite
|-boost|p1a: Dragonite|atk|1
|-boost|p1a: Dragonite|spe|1
|
|-damage|p1a: Dragonite|94/100 brn|[from] brn
|upkeep
|turn|14
|
|t:|1779645588
|move|p2a: Dragapult|Dragon Darts|p1a: Dragonite
|-supereffective|p1a: Dragonite
|-damage|p1a: Dragonite|53/100 brn
|-anim|p2a: Dragapult|Dragon Darts|p1a: Dragonite
|-supereffective|p1a: Dragonite
|-damage|p1a: Dragonite|7/100 brn
|move|p1a: Dragonite|Dragon Dance|p1a: Dragonite
|-boost|p1a: Dragonite|atk|1
|-boost|p1a: Dragonite|spe|1
|
|-heal|p1a: Dragonite|14/100 brn|[from] item: Leftovers
|-damage|p1a: Dragonite|7/100 brn|[from] brn
|upkeep
|turn|15
|
|t:|1779645591
|switch|p2a: Hatterene|Hatterene, F|100/100
|-damage|p2a: Hatterene|84/100|[from] Spikes
|-damage|p2a: Hatterene|72/100|[from] Stealth Rock
|move|p1a: Dragonite|Earthquake|p2a: Hatterene
|-damage|p2a: Hatterene|40/100
|
|-heal|p1a: Dragonite|14/100 brn|[from] item: Leftovers
|-damage|p1a: Dragonite|7/100 brn|[from] brn
|upkeep
|turn|16
|
|t:|1779645599
|move|p1a: Dragonite|Earthquake|p2a: Hatterene
|-damage|p2a: Hatterene|5/100
|move|p2a: Hatterene|Draining Kiss|p1a: Dragonite
|-supereffective|p1a: Dragonite
|-damage|p1a: Dragonite|0 fnt
|-heal|p2a: Hatterene|11/100|[from] drain|[of] p1a: Dragonite
|faint|p1a: Dragonite
|
|upkeep
|
|t:|1779645604
|switch|p1a: Exeggutor|Exeggutor, M|100/100
|turn|17
|
|t:|1779645607
|move|p1a: Exeggutor|Substitute|p1a: Exeggutor
|-start|p1a: Exeggutor|Substitute
|-damage|p1a: Exeggutor|75/100
|move|p2a: Hatterene|Pain Split||[still]
|-fail|p2a: Hatterene
|
|upkeep
|turn|18
|
|t:|1779645612
|move|p1a: Exeggutor|Giga Drain|p2a: Hatterene
|-damage|p2a: Hatterene|0 fnt
|-heal|p1a: Exeggutor|81/100|[from] drain|[of] p2a: Hatterene
|faint|p2a: Hatterene
|
|upkeep
|
|t:|1779645626
|switch|p2a: Muk|Muk-Alola, F|73/100
|-damage|p2a: Muk|57/100|[from] Spikes
|-damage|p2a: Muk|45/100|[from] Stealth Rock
|turn|19
|
|t:|1779645634
|-terastallize|p1a: Exeggutor|Fairy
|move|p1a: Exeggutor|Low Kick|p2a: Muk
|-damage|p2a: Muk|25/100
|move|p2a: Muk|Knock Off|p1a: Exeggutor
|-resisted|p1a: Exeggutor
|-activate|p1a: Exeggutor|move: Substitute|[damage]
|
|upkeep
|turn|20
|
|t:|1779645642
|move|p1a: Exeggutor|Low Kick|p2a: Muk
|-damage|p2a: Muk|7/100
|move|p2a: Muk|Poison Jab|p1a: Exeggutor
|-supereffective|p1a: Exeggutor
|-end|p1a: Exeggutor|Substitute
|
|upkeep
|turn|21
|
|t:|1779645649
|move|p1a: Exeggutor|Substitute|p1a: Exeggutor
|-start|p1a: Exeggutor|Substitute
|-damage|p1a: Exeggutor|56/100
|move|p2a: Muk|Poison Jab|p1a: Exeggutor
|-supereffective|p1a: Exeggutor
|-end|p1a: Exeggutor|Substitute
|
|upkeep
|turn|22
|
|t:|1779645653
|move|p1a: Exeggutor|Low Kick|p2a: Muk
|-damage|p2a: Muk|0 fnt
|faint|p2a: Muk
|
|upkeep
|
|t:|1779645657
|switch|p2a: Tyranitar|Tyranitar, M|100/100
|-damage|p2a: Tyranitar|84/100|[from] Spikes
|-damage|p2a: Tyranitar|72/100|[from] Stealth Rock
|-weather|Sandstorm|[from] ability: Sand Stream|[of] p2a: Tyranitar
|turn|23
|
|t:|1779645662
|move|p1a: Exeggutor|Low Kick|p2a: Tyranitar
|-supereffective|p2a: Tyranitar
|-damage|p2a: Tyranitar|0 fnt
|faint|p2a: Tyranitar
|
|-weather|Sandstorm|[upkeep]
|-damage|p1a: Exeggutor|50/100|[from] Sandstorm
|upkeep
|
|t:|1779645669
|switch|p2a: Dragapult|Dragapult, F|100/100
|turn|24
|
|t:|1779645677
|-terastallize|p2a: Dragapult|Ghost
|move|p2a: Dragapult|Hex|p1a: Exeggutor
|-damage|p1a: Exeggutor|7/100
|-enditem|p1a: Exeggutor|Starf Berry|[eat]
|-boost|p1a: Exeggutor|def|2|[from] item: Starf Berry
|move|p1a: Exeggutor|Stored Power|p2a: Dragapult
|-damage|p2a: Dragapult|55/100
|
|-weather|Sandstorm|[upkeep]
|-damage|p2a: Dragapult|49/100|[from] Sandstorm
|-damage|p1a: Exeggutor|1/100|[from] Sandstorm
|upkeep
|turn|25
|
|t:|1779645690
|move|p2a: Dragapult|Hex|p1a: Exeggutor
|-damage|p1a: Exeggutor|0 fnt
|faint|p1a: Exeggutor
|
|-weather|Sandstorm|[upkeep]
|-damage|p2a: Dragapult|43/100|[from] Sandstorm
|upkeep
|
|t:|1779645691
|switch|p1a: Jirachi|Jirachi|100/100
|turn|26
|
|t:|1779645694
|move|p2a: Dragapult|Will-O-Wisp|p1a: Jirachi|[miss]
|-miss|p2a: Dragapult|p1a: Jirachi
|move|p1a: Jirachi|Wish|p1a: Jirachi
|
|-weather|Sandstorm|[upkeep]
|-damage|p2a: Dragapult|37/100|[from] Sandstorm
|upkeep
|turn|27
|
|t:|1779645699
|move|p2a: Dragapult|Will-O-Wisp|p1a: Jirachi|[miss]
|-miss|p2a: Dragapult|p1a: Jirachi
|move|p1a: Jirachi|Cosmic Power|p1a: Jirachi
|-boost|p1a: Jirachi|def|1
|-boost|p1a: Jirachi|spd|1
|
|-weather|none
|upkeep
|turn|28
|
|t:|1779645706
|move|p2a: Dragapult|Will-O-Wisp|p1a: Jirachi
|-status|p1a: Jirachi|brn
|move|p1a: Jirachi|Cosmic Power|p1a: Jirachi
|-boost|p1a: Jirachi|def|1
|-boost|p1a: Jirachi|spd|1
|
|-damage|p1a: Jirachi|94/100 brn|[from] brn
|upkeep
|turn|29
|
|t:|1779645708
|move|p2a: Dragapult|Hex|p1a: Jirachi
|-supereffective|p1a: Jirachi
|-damage|p1a: Jirachi|51/100 brn
|move|p1a: Jirachi|Wish|p1a: Jirachi
|
|-heal|p1a: Jirachi|57/100 brn|[from] item: Leftovers
|-damage|p1a: Jirachi|51/100 brn|[from] brn
|upkeep
|turn|30
|
|t:|1779645711
|move|p2a: Dragapult|Hex|p1a: Jirachi
|-supereffective|p1a: Jirachi
|-damage|p1a: Jirachi|4/100 brn
|move|p1a: Jirachi|Charge Beam|p2a: Dragapult
|-damage|p2a: Dragapult|19/100
|-boost|p1a: Jirachi|spa|1
|
|-heal|p1a: Jirachi|54/100 brn|[from] move: Wish|[wisher] Jirachi
|-heal|p1a: Jirachi|60/100 brn|[from] item: Leftovers
|-damage|p1a: Jirachi|54/100 brn|[from] brn
|upkeep
|turn|31
|
|t:|1779645716
|move|p2a: Dragapult|Hex|p1a: Jirachi
|-supereffective|p1a: Jirachi
|-damage|p1a: Jirachi|7/100 brn
|move|p1a: Jirachi|Stored Power|p2a: Dragapult
|-damage|p2a: Dragapult|0 fnt
|faint|p2a: Dragapult
|
|-heal|p1a: Jirachi|13/100 brn|[from] item: Leftovers
|-damage|p1a: Jirachi|7/100 brn|[from] brn
|upkeep
|-message|blundyboy forfeited.
|
|win|ChillLanturnYT
|raw|ChillLanturnYT's rating: 1272 &rarr; <strong>1294</strong><br />(+22 for winning)
|raw|blundyboy's rating: 1237 &rarr; <strong>1215</strong><br />(-22 for losing)
|l|‽blundyboy
|player|p2|
|l|☆ChillLanturnYT
|player|p1|
