|j|☆1birdeater
|j|☆sUPERNINJA141
|t:|1779643460
|gametype|singles
|player|p1|1birdeater|drake-gen3|1040
|player|p2|sUPERNINJA141|1|1000
|gen|9
|tier|[Gen 9] OU
|rated|
|rule|HP Percentage Mod: HP is shown in percentages
|rule|Endless Battle Clause: Forcing endless battles is banned
|rule|Species Clause: Limit one of each Pokémon
|rule|OHKO Clause: OHKO moves are banned
|rule|Evasion Items Clause: Evasion items are banned
|rule|Evasion Moves Clause: Evasion moves are banned
|rule|Evasion Abilities Clause: Evasion abilities are banned
|rule|Sleep Moves Clause: Sleep-inducing moves are banned
|clearpoke
|poke|p1|Braviary-Hisui, M|
|poke|p1|Zamazenta-*|
|poke|p1|Raging Bolt|
|poke|p1|Hatterene, F|
|poke|p1|Gholdengo|
|poke|p1|Darkrai|
|poke|p2|Great Tusk|
|poke|p2|Blaziken, F|
|poke|p2|Farigiraf, M|
|poke|p2|Oinkologne, M|
|poke|p2|Hydrapple, F|
|poke|p2|Corviknight, M|
|teampreview
|inactive|Battle timer is ON: inactive players will automatically lose when time's up. (requested by 1birdeater)
|
|t:|1779643473
|teamsize|p1|6
|teamsize|p2|6
|start
|switch|p1a: Darkrai|Darkrai|100/100
|switch|p2a: Great Tusk|Great Tusk|100/100
|turn|1
|
|t:|1779643483
|switch|p1a: Xerxes|Braviary-Hisui, M, shiny|100/100
|move|p2a: Great Tusk|Stealth Rock|p1a: Xerxes
|-sidestart|p1: 1birdeater|move: Stealth Rock
|
|upkeep
|turn|2
|
|t:|1779643491
|move|p2a: Great Tusk|Knock Off|p1a: Xerxes
|-supereffective|p1a: Xerxes
|-damage|p1a: Xerxes|56/100
|-enditem|p1a: Xerxes|Covert Cloak|[from] move: Knock Off|[of] p2a: Great Tusk
|move|p1a: Xerxes|Esper Wing|p2a: Great Tusk
|-supereffective|p2a: Great Tusk
|-damage|p2a: Great Tusk|26/100
|-boost|p1a: Xerxes|spe|1
|
|upkeep
|turn|3
|
|t:|1779643509
|-end|p2a: Great Tusk|Protosynthesis|[silent]
|switch|p2a: Corviknight|Corviknight, M|100/100
|-ability|p2a: Corviknight|Pressure
|move|p1a: Xerxes|Roost|p1a: Xerxes
|-heal|p1a: Xerxes|100/100
|-singleturn|p1a: Xerxes|move: Roost
|
|upkeep
|turn|4
|
|t:|1779643516
|move|p1a: Xerxes|Calm Mind|p1a: Xerxes
|-boost|p1a: Xerxes|spa|1
|-boost|p1a: Xerxes|spd|1
|move|p2a: Corviknight|Iron Defense|p2a: Corviknight
|-boost|p2a: Corviknight|def|2
|
|upkeep
|turn|5
|
|t:|1779643526
|move|p1a: Xerxes|Calm Mind|p1a: Xerxes
|-boost|p1a: Xerxes|spa|1
|-boost|p1a: Xerxes|spd|1
|move|p2a: Corviknight|Brave Bird|p1a: Xerxes
|-damage|p1a: Xerxes|72/100
|-damage|p2a: Corviknight|91/100|[from] Recoil
|
|-heal|p2a: Corviknight|97/100|[from] item: Leftovers
|upkeep
|turn|6
|
|t:|1779643535
|move|p1a: Xerxes|Esper Wing|p2a: Corviknight
|-resisted|p2a: Corviknight
|-damage|p2a: Corviknight|39/100
|-boost|p1a: Xerxes|spe|1
|move|p2a: Corviknight|Brave Bird|p1a: Xerxes
|-damage|p1a: Xerxes|46/100
|-damage|p2a: Corviknight|30/100|[from] Recoil
|
|-heal|p2a: Corviknight|36/100|[from] item: Leftovers
|upkeep
|turn|7
|
|t:|1779643564
|move|p1a: Xerxes|Roost|p1a: Xerxes
|-heal|p1a: Xerxes|96/100
|-singleturn|p1a: Xerxes|move: Roost
|move|p2a: Corviknight|Roost|p2a: Corviknight
|-heal|p2a: Corviknight|86/100
|-singleturn|p2a: Corviknight|move: Roost
|
|-heal|p2a: Corviknight|92/100|[from] item: Leftovers
|upkeep
|turn|8
|inactive|sUPERNINJA141 has 120 seconds left.
|
|t:|1779643593
|move|p1a: Xerxes|Calm Mind|p1a: Xerxes
|-boost|p1a: Xerxes|spa|1
|-boost|p1a: Xerxes|spd|1
|move|p2a: Corviknight|Brave Bird|p1a: Xerxes
|-damage|p1a: Xerxes|71/100
|-damage|p2a: Corviknight|84/100|[from] Recoil
|
|-heal|p2a: Corviknight|90/100|[from] item: Leftovers
|upkeep
|turn|9
|inactive|sUPERNINJA141 has 90 seconds left.
|
|t:|1779643627
|move|p1a: Xerxes|Esper Wing|p2a: Corviknight
|-resisted|p2a: Corviknight
|-damage|p2a: Corviknight|23/100
|-boost|p1a: Xerxes|spe|1
|move|p2a: Corviknight|U-turn|p1a: Xerxes
|-damage|p1a: Xerxes|61/100
|inactive|sUPERNINJA141 has 90 seconds left.
|
|t:|1779643634
|switch|p2a: Farigiraf|Farigiraf, M|100/100|[from] U-turn
|
|upkeep
|turn|10
|
|t:|1779643640
|move|p1a: Xerxes|Esper Wing|p2a: Farigiraf
|-resisted|p2a: Farigiraf
|-damage|p2a: Farigiraf|20/100
|-boost|p1a: Xerxes|spe|1
|move|p2a: Farigiraf|Calm Mind|p2a: Farigiraf
|-boost|p2a: Farigiraf|spa|1
|-boost|p2a: Farigiraf|spd|1
|
|-heal|p2a: Farigiraf|26/100|[from] item: Leftovers
|upkeep
|turn|11
|
|t:|1779643653
|move|p1a: Xerxes|Esper Wing|p2a: Farigiraf
|-resisted|p2a: Farigiraf
|-crit|p2a: Farigiraf
|-damage|p2a: Farigiraf|0 fnt
|-boost|p1a: Xerxes|spe|1
|faint|p2a: Farigiraf
|
|upkeep
|
|t:|1779643659
|switch|p2a: Blaziken|Blaziken, F|100/100
|turn|12
|
|t:|1779643662
|move|p2a: Blaziken|Protect|p2a: Blaziken
|-singleturn|p2a: Blaziken|Protect
|move|p1a: Xerxes|Esper Wing|p2a: Blaziken
|-activate|p2a: Blaziken|move: Protect
|
|-ability|p2a: Blaziken|Speed Boost|boost
|-boost|p2a: Blaziken|spe|1
|upkeep
|turn|13
|
|t:|1779643671
|move|p1a: Xerxes|Esper Wing|p2a: Blaziken
|-supereffective|p2a: Blaziken
|-damage|p2a: Blaziken|0 fnt
|-boost|p1a: Xerxes|spe|1
|faint|p2a: Blaziken
|
|upkeep
|-message|sUPERNINJA141 forfeited.
|
|win|1birdeater
|raw|1birdeater's rating: 1040 &rarr; <strong>1070</strong><br />(+30 for winning)
|raw|sUPERNINJA141's rating: 1000 &rarr; <strong>1000</strong><br />(+0 for losing)
|l|☆sUPERNINJA141
|player|p2|
