|j|☆isekreemskoop
|j|☆ToTheTopOfNatdex
|t:|1779641673
|gametype|singles
|player|p1|isekreemskoop|miku-ghost|1227
|player|p2|ToTheTopOfNatdex|tuberf|1241
|gen|9
|tier|[Gen 9] OU
|rated|
|rule|HP Percentage Mod: HP is shown in percentages
|rule|Endless Battle Clause: Forcing endless battles is banned
|rule|Species Clause: Limit one of each Pokémon
|rule|OHKO Clause: OHKO moves are banned
|rule|Evasion Items Clause: Evasion items are banned
|rule|Evasion Moves Clause: Evasion moves are banned
|rule|Evasion Abilities Clause: Evasion abilities are banned
|rule|Sleep Moves Clause: Sleep-inducing moves are banned
|clearpoke
|poke|p1|Moltres-Galar|
|poke|p1|Gholdengo|
|poke|p1|Samurott-Hisui, F|
|poke|p1|Smeargle, F|
|poke|p1|Zamazenta-*|
|poke|p1|Deoxys-Speed|
|poke|p2|Deoxys-Speed|
|poke|p2|Gholdengo|
|poke|p2|Dragonite, F|
|poke|p2|Slowbro, F|
|poke|p2|Skarmory, F|
|poke|p2|Forretress, M|
|teampreview
|inactive|Battle timer is ON: inactive players will automatically lose when time's up. (requested by isekreemskoop)
|
|t:|1779641683
|teamsize|p1|6
|teamsize|p2|6
|start
|switch|p1a: Deoxys|Deoxys-Speed|100/100
|switch|p2a: Forretress|Forretress, M|100/100
|-ability|p1a: Deoxys|Pressure
|turn|1
|
|t:|1779641687
|move|p1a: Deoxys|Taunt|p2a: Forretress
|-start|p2a: Forretress|move: Taunt
|cant|p2a: Forretress|move: Taunt|Stealth Rock
|
|upkeep
|turn|2
|
|t:|1779641694
|move|p1a: Deoxys|Reflect|p1a: Deoxys
|-sidestart|p1: isekreemskoop|Reflect
|move|p2a: Forretress|Volt Switch|p1a: Deoxys
|-damage|p1a: Deoxys|89/100
|
|t:|1779641699
|switch|p2a: Gholdengo|Gholdengo|100/100|[from] Volt Switch
|
|upkeep
|turn|3
|
|t:|1779641703
|move|p1a: Deoxys|Light Screen|p1a: Deoxys
|-sidestart|p1: isekreemskoop|move: Light Screen
|move|p2a: Gholdengo|Thunder Wave|p1a: Deoxys|[miss]
|-miss|p2a: Gholdengo|p1a: Deoxys
|
|upkeep
|turn|4
|
|t:|1779641716
|switch|p1a: Gholdengo|Gholdengo|100/100
|move|p2a: Gholdengo|Substitute|p2a: Gholdengo
|-start|p2a: Gholdengo|Substitute
|-damage|p2a: Gholdengo|76/100
|
|-heal|p2a: Gholdengo|82/100|[from] item: Leftovers
|upkeep
|turn|5
|
|t:|1779641731
|move|p1a: Gholdengo|Shadow Ball|p2a: Gholdengo
|-supereffective|p2a: Gholdengo
|-crit|p2a: Gholdengo
|-end|p2a: Gholdengo|Substitute
|move|p2a: Gholdengo|Hex|p1a: Gholdengo
|-supereffective|p1a: Gholdengo
|-damage|p1a: Gholdengo|68/100
|
|-heal|p2a: Gholdengo|88/100|[from] item: Leftovers
|upkeep
|turn|6
|
|t:|1779641744
|switch|p2a: Dragonite|Dragonite, F|100/100
|move|p1a: Gholdengo|Shadow Ball|p2a: Dragonite
|-damage|p2a: Dragonite|83/100
|
|-heal|p2a: Dragonite|89/100|[from] item: Leftovers
|upkeep
|turn|7
|
|t:|1779641751
|switch|p1a: Moltres|Moltres-Galar|100/100
|move|p2a: Dragonite|Flamethrower|p1a: Moltres
|-damage|p1a: Moltres|92/100
|
|-heal|p2a: Dragonite|95/100|[from] item: Leftovers
|upkeep
|turn|8
|
|t:|1779641757
|move|p1a: Moltres|Nasty Plot|p1a: Moltres
|-boost|p1a: Moltres|spa|2
|move|p2a: Dragonite|Thunder Wave|p1a: Moltres
|-status|p1a: Moltres|par
|
|-heal|p2a: Dragonite|100/100|[from] item: Leftovers
|upkeep
|turn|9
|
|t:|1779641761
|move|p2a: Dragonite|Ice Beam|p1a: Moltres
|-supereffective|p1a: Moltres
|-damage|p1a: Moltres|72/100 par
|move|p1a: Moltres|Agility|p1a: Moltres
|-boost|p1a: Moltres|spe|2
|
|-sideend|p1: isekreemskoop|Reflect
|upkeep
|turn|10
|
|t:|1779641768
|move|p1a: Moltres|Fiery Wrath|p2a: Dragonite
|-damage|p2a: Dragonite|58/100
|move|p2a: Dragonite|Ice Beam|p1a: Moltres
|-supereffective|p1a: Moltres
|-damage|p1a: Moltres|53/100 par
|
|-heal|p2a: Dragonite|64/100|[from] item: Leftovers
|-sideend|p1: isekreemskoop|move: Light Screen
|upkeep
|turn|11
|
|t:|1779641783
|cant|p1a: Moltres|par
|move|p2a: Dragonite|Roost|p2a: Dragonite
|-heal|p2a: Dragonite|100/100
|-singleturn|p2a: Dragonite|move: Roost
|
|upkeep
|turn|12
|
|t:|1779641787
|move|p1a: Moltres|Fiery Wrath|p2a: Dragonite
|-damage|p2a: Dragonite|62/100
|cant|p2a: Dragonite|flinch
|
|-heal|p2a: Dragonite|69/100|[from] item: Leftovers
|upkeep
|turn|13
|
|t:|1779641792
|move|p1a: Moltres|Fiery Wrath|p2a: Dragonite
|-damage|p2a: Dragonite|0 fnt
|faint|p2a: Dragonite
|
|upkeep
|
|t:|1779641804
|switch|p2a: Gholdengo|Gholdengo|88/100
|turn|14
|
|t:|1779641810
|-terastallize|p2a: Gholdengo|Fairy
|move|p1a: Moltres|Fiery Wrath|p2a: Gholdengo
|-resisted|p2a: Gholdengo
|-damage|p2a: Gholdengo|55/100
|move|p2a: Gholdengo|Focus Blast|p1a: Moltres
|-damage|p1a: Moltres|20/100 par
|-ability|p1a: Moltres|Berserk|boost
|-boost|p1a: Moltres|spa|1
|-enditem|p1a: Moltres|Sitrus Berry|[eat]
|-heal|p1a: Moltres|45/100 par|[from] item: Sitrus Berry
|
|-heal|p2a: Gholdengo|62/100|[from] item: Leftovers
|upkeep
|turn|15
|-message|ToTheTopOfNatdex forfeited.
|
|win|isekreemskoop
|raw|isekreemskoop's rating: 1227 &rarr; <strong>1253</strong><br />(+26 for winning)
|raw|ToTheTopOfNatdex's rating: 1241 &rarr; <strong>1215</strong><br />(-26 for losing)
