|j|☆respectmydih
|j|☆krispy_chan
|t:|1779718440
|gametype|singles
|player|p1|respectmydih|blue|1167
|player|p2|krispy_chan|will|1202
|gen|9
|tier|[Gen 9] OU
|rated|
|rule|HP Percentage Mod: HP is shown in percentages
|rule|Endless Battle Clause: Forcing endless battles is banned
|rule|Species Clause: Limit one of each Pokémon
|rule|OHKO Clause: OHKO moves are banned
|rule|Evasion Items Clause: Evasion items are banned
|rule|Evasion Moves Clause: Evasion moves are banned
|rule|Evasion Abilities Clause: Evasion abilities are banned
|rule|Sleep Moves Clause: Sleep-inducing moves are banned
|clearpoke
|poke|p1|Pecharunt|
|poke|p1|Maushold-Four|
|poke|p1|Ogerpon-Wellspring, F|
|poke|p1|Perrserker, M|
|poke|p1|Raging Bolt|
|poke|p1|Kingambit, F|
|poke|p2|Shiftry, M|
|poke|p2|Galvantula, F|
|poke|p2|Golem-Alola, M|
|poke|p2|Iron Moth|
|poke|p2|Kingambit, M|
|poke|p2|Quagsire, M|
|teampreview
|inactive|Battle timer is ON: inactive players will automatically lose when time's up. (requested by krispy_chan)
|
|t:|1779718475
|teamsize|p1|6
|teamsize|p2|6
|start
|switch|p1a: mice|Maushold-Four|100/100
|switch|p2a: Golem|Golem-Alola, M|100/100
|turn|1
|
|t:|1779718483
|move|p1a: mice|Bullet Seed|p2a: Golem
|-supereffective|p2a: Golem
|-damage|p2a: Golem|87/100
|-supereffective|p2a: Golem
|-damage|p2a: Golem|73/100
|-hitcount|p2a: Golem|2
|move|p2a: Golem|Stealth Rock|p1a: mice
|-sidestart|p1: respectmydih|move: Stealth Rock
|
|upkeep
|turn|2
|
|t:|1779718490
|move|p1a: mice|Tidy Up|p1a: mice
|-sideend|p1: respectmydih|Stealth Rock
|-activate|p1a: mice|move: Tidy Up
|-boost|p1a: mice|atk|1
|-boost|p1a: mice|spe|1
|move|p2a: Golem|Stone Edge|p1a: mice
|-damage|p1a: mice|16/100
|
|upkeep
|turn|3
|
|t:|1779718497
|move|p1a: mice|Bullet Seed|p2a: Golem
|-supereffective|p2a: Golem
|-damage|p2a: Golem|53/100
|-supereffective|p2a: Golem
|-damage|p2a: Golem|31/100
|-hitcount|p2a: Golem|2
|move|p2a: Golem|Earthquake|p1a: mice
|-damage|p1a: mice|0 fnt
|faint|p1a: mice
|
|upkeep
|
|t:|1779718507
|switch|p1a: kitty|Perrserker, M, shiny|100/100
|turn|4
|
|t:|1779718519
|move|p2a: Golem|Earthquake|p1a: kitty
|-supereffective|p1a: kitty
|-crit|p1a: kitty
|-damage|p1a: kitty|1/100
|move|p1a: kitty|Gyro Ball|p2a: Golem
|-damage|p2a: Golem|14/100
|
|upkeep
|turn|5
|-enditem|p2a: Golem|Custap Berry|[eat]
|-activate|p2a: Golem|item: Custap Berry|[consumed]
|
|t:|1779718526
|move|p2a: Golem|Earthquake|p1a: kitty
|-supereffective|p1a: kitty
|-damage|p1a: kitty|0 fnt
|faint|p1a: kitty
|
|upkeep
|
|t:|1779718532
|switch|p1a: Abith|Ogerpon-Wellspring, F|100/100
|turn|6
|
|t:|1779718551
|move|p1a: Abith|Ivy Cudgel|p2a: Golem|[anim] Ivy Cudgel Water
|-supereffective|p2a: Golem
|-crit|p2a: Golem
|-damage|p2a: Golem|0 fnt
|faint|p2a: Golem
|
|upkeep
|
|t:|1779718563
|switch|p2a: Galvantula|Galvantula, F|100/100
|turn|7
|
|t:|1779718567
|move|p1a: Abith|Ivy Cudgel|p2a: Galvantula|[anim] Ivy Cudgel Water
|-damage|p2a: Galvantula|0 fnt
|faint|p2a: Galvantula
|
|upkeep
|inactive|krispy_chan has 120 seconds left.
|
|t:|1779718594
|switch|p2a: Shiftry|Shiftry, M|100/100
|turn|8
|
|t:|1779718602
|switch|p1a: poison|Pecharunt|100/100
|move|p2a: Shiftry|Tailwind|p2a: Shiftry
|-sidestart|p2: krispy_chan|move: Tailwind
|-ability|p2a: Shiftry|Wind Rider|boost
|-boost|p2a: Shiftry|atk|1
|
|upkeep
|turn|9
|
|t:|1779718609
|move|p2a: Shiftry|Knock Off|p1a: poison
|-supereffective|p1a: poison
|-damage|p1a: poison|8/100
|-enditem|p1a: poison|Leftovers|[from] move: Knock Off|[of] p2a: Shiftry
|move|p1a: poison|Malignant Chain|p2a: Shiftry
|-supereffective|p2a: Shiftry
|-enditem|p2a: Shiftry|Focus Sash
|-damage|p2a: Shiftry|1/100
|-status|p2a: Shiftry|tox
|-start|p2a: Shiftry|confusion|[from] ability: Poison Puppeteer|[of] p1a: poison
|
|-damage|p2a: Shiftry|0 fnt|[from] psn
|faint|p2a: Shiftry
|upkeep
|
|t:|1779718621
|switch|p2a: Iron Moth|Iron Moth|100/100
|-enditem|p2a: Iron Moth|Booster Energy
|-activate|p2a: Iron Moth|ability: Quark Drive|[fromitem]
|-start|p2a: Iron Moth|quarkdrivespa
|turn|10
|
|t:|1779718627
|move|p2a: Iron Moth|Energy Ball|p1a: poison
|-resisted|p1a: poison
|-damage|p1a: poison|0 fnt
|faint|p1a: poison
|
|upkeep
|
|t:|1779718634
|switch|p1a: giraffe|Raging Bolt|100/100
|-enditem|p1a: giraffe|Booster Energy
|-activate|p1a: giraffe|ability: Protosynthesis|[fromitem]
|-start|p1a: giraffe|protosynthesisspa
|turn|11
|
|t:|1779718643
|move|p2a: Iron Moth|Dazzling Gleam|p1a: giraffe
|-supereffective|p1a: giraffe
|-damage|p1a: giraffe|33/100
|move|p1a: giraffe|Calm Mind|p1a: giraffe
|-boost|p1a: giraffe|spa|1
|-boost|p1a: giraffe|spd|1
|
|-sideend|p2: krispy_chan|move: Tailwind
|upkeep
|turn|12
|
|t:|1779718653
|-terastallize|p2a: Iron Moth|Grass
|move|p1a: giraffe|Thunderclap|p2a: Iron Moth
|-resisted|p2a: Iron Moth
|-damage|p2a: Iron Moth|61/100
|move|p2a: Iron Moth|Dazzling Gleam|p1a: giraffe
|-supereffective|p1a: giraffe
|-damage|p1a: giraffe|0 fnt
|faint|p1a: giraffe
|-end|p1a: giraffe|Protosynthesis|[silent]
|
|upkeep
|
|t:|1779718661
|switch|p1a: RealKing|Kingambit, F, shiny|100/100
|-activate|p1a: RealKing|ability: Supreme Overlord
|-start|p1a: RealKing|fallen4|[silent]
|turn|13
|
|t:|1779718667
|-terastallize|p1a: RealKing|Fairy
|move|p2a: Iron Moth|Fire Blast|p1a: RealKing
|-damage|p1a: RealKing|28/100
|-status|p1a: RealKing|brn
|-enditem|p1a: RealKing|Sitrus Berry|[eat]
|-heal|p1a: RealKing|53/100 brn|[from] item: Sitrus Berry
|move|p1a: RealKing|Poison Jab|p2a: Iron Moth
|-supereffective|p2a: Iron Moth
|-damage|p2a: Iron Moth|0 fnt
|faint|p2a: Iron Moth
|-end|p2a: Iron Moth|Quark Drive|[silent]
|
|-damage|p1a: RealKing|47/100 brn|[from] brn
|upkeep
|
|t:|1779718671
|switch|p2a: Quagsire|Quagsire, M|100/100
|turn|14
|
|t:|1779718681
|move|p1a: RealKing|Sucker Punch|p2a: Quagsire
|-damage|p2a: Quagsire|79/100
|move|p2a: Quagsire|Earthquake|p1a: RealKing
|-damage|p1a: RealKing|24/100 brn
|
|-heal|p2a: Quagsire|86/100|[from] item: Leftovers
|-damage|p1a: RealKing|18/100 brn|[from] brn
|upkeep
|turn|15
|
|t:|1779718697
|move|p1a: RealKing|Sucker Punch|p2a: Quagsire
|-damage|p2a: Quagsire|65/100
|move|p2a: Quagsire|Earthquake|p1a: RealKing
|-damage|p1a: RealKing|0 fnt
|faint|p1a: RealKing
|-end|p1a: RealKing|fallen4|[silent]
|
|-heal|p2a: Quagsire|71/100|[from] item: Leftovers
|upkeep
|
|t:|1779718705
|switch|p1a: Abith|Ogerpon-Wellspring, F|100/100
|turn|16
|inactive|krispy_chan has 120 seconds left.
|
|t:|1779718739
|move|p1a: Abith|Power Whip|p2a: Quagsire
|-supereffective|p2a: Quagsire
|-damage|p2a: Quagsire|0 fnt
|faint|p2a: Quagsire
|
|upkeep
|
|t:|1779718741
|switch|p2a: Kingambit|Kingambit, M|100/100
|-activate|p2a: Kingambit|ability: Supreme Overlord
|-start|p2a: Kingambit|fallen5|[silent]
|turn|17
|
|t:|1779718753
|move|p1a: Abith|Stomping Tantrum|p2a: Kingambit
|-supereffective|p2a: Kingambit
|-damage|p2a: Kingambit|59/100
|move|p2a: Kingambit|Swords Dance|p2a: Kingambit
|-boost|p2a: Kingambit|atk|2
|
|upkeep
|turn|18
|
|t:|1779718760
|move|p2a: Kingambit|Sucker Punch|p1a: Abith
|-damage|p1a: Abith|0 fnt
|faint|p1a: Abith
|
|win|krispy_chan
|raw|respectmydih's rating: 1167 &rarr; <strong>1145</strong><br />(-22 for losing)
|raw|krispy_chan's rating: 1202 &rarr; <strong>1224</strong><br />(+22 for winning)
|l|☆krispy_chan
|player|p2|
