|j|☆olnes
|j|☆Andher
|t:|1779700622
|gametype|singles
|player|p1|olnes|101|1275
|player|p2|Andher|shadowtriad|1357
|gen|9
|tier|[Gen 9] OU
|rated|
|rule|HP Percentage Mod: HP is shown in percentages
|rule|Endless Battle Clause: Forcing endless battles is banned
|rule|Species Clause: Limit one of each Pokémon
|rule|OHKO Clause: OHKO moves are banned
|rule|Evasion Items Clause: Evasion items are banned
|rule|Evasion Moves Clause: Evasion moves are banned
|rule|Evasion Abilities Clause: Evasion abilities are banned
|rule|Sleep Moves Clause: Sleep-inducing moves are banned
|clearpoke
|poke|p1|Gliscor, M|
|poke|p1|Tyranitar, F|
|poke|p1|Samurott-Hisui, F|
|poke|p1|Thundurus-Therian, M|
|poke|p1|Slowbro-Galar, M|
|poke|p1|Scizor, M|
|poke|p2|Samurott-Hisui, F|
|poke|p2|Corviknight, F|
|poke|p2|Kingambit, F|
|poke|p2|Skeledirge, F|
|poke|p2|Gengar, F|
|poke|p2|Dragapult, M|
|teampreview
|
|t:|1779700631
|teamsize|p1|6
|teamsize|p2|6
|start
|switch|p1a: Gliscor|Gliscor, M|100/100
|switch|p2a: Ronin|Samurott-Hisui, F|100/100
|turn|1
|inactive|Battle timer is ON: inactive players will automatically lose when time's up. (requested by Andher)
|
|t:|1779700674
|switch|p1a: Thundurus|Thundurus-Therian, M|100/100
|move|p2a: Ronin|Flip Turn|p1a: Thundurus
|-damage|p1a: Thundurus|57/100
|inactive|Andher has 120 seconds left.
|
|t:|1779700714
|switch|p2a: Ombra|Dragapult, M|100/100|[from] Flip Turn
|
|upkeep
|turn|2
|
|t:|1779700723
|move|p1a: Thundurus|Volt Switch|p2a: Ombra
|-resisted|p2a: Ombra
|-damage|p2a: Ombra|73/100
|
|t:|1779700737
|switch|p1a: Tyranitar|Tyranitar, F|100/100|[from] Volt Switch
|-weather|Sandstorm|[from] ability: Sand Stream|[of] p1a: Tyranitar
|move|p2a: Ombra|Draco Meteor|p1a: Tyranitar
|-damage|p1a: Tyranitar|74/100
|-unboost|p2a: Ombra|spa|2
|
|-weather|Sandstorm|[upkeep]
|-damage|p2a: Ombra|67/100|[from] Sandstorm
|upkeep
|turn|3
|
|t:|1779700757
|switch|p2a: Ronin|Samurott-Hisui, F|100/100
|move|p1a: Tyranitar|Crunch|p2a: Ronin
|-resisted|p2a: Ronin
|-damage|p2a: Ronin|73/100
|
|-weather|Sandstorm|[upkeep]
|-damage|p2a: Ronin|66/100|[from] Sandstorm
|upkeep
|turn|4
|
|t:|1779700766
|switch|p1a: Samurott|Samurott-Hisui, F|100/100
|move|p2a: Ronin|Flip Turn|p1a: Samurott
|-resisted|p1a: Samurott
|-damage|p1a: Samurott|84/100
|
|t:|1779700772
|switch|p2a: Corax|Corviknight, F|100/100|[from] Flip Turn
|-ability|p2a: Corax|Pressure
|
|-weather|Sandstorm|[upkeep]
|-damage|p1a: Samurott|78/100|[from] Sandstorm
|upkeep
|turn|5
|
|t:|1779700795
|move|p1a: Samurott|Flip Turn|p2a: Corax
|-damage|p2a: Corax|70/100
|-damage|p1a: Samurott|61/100|[from] item: Rocky Helmet|[of] p2a: Corax
|inactive|olnes has 120 seconds left.
|
|t:|1779700812
|switch|p1a: Gliscor|Gliscor, M|100/100|[from] Flip Turn
|move|p2a: Corax|Body Press|p1a: Gliscor
|-resisted|p1a: Gliscor
|-damage|p1a: Gliscor|93/100
|
|-weather|Sandstorm|[upkeep]
|-status|p1a: Gliscor|tox|[from] item: Toxic Orb
|upkeep
|turn|6
|
|t:|1779700822
|move|p1a: Gliscor|Agility|p1a: Gliscor
|-boost|p1a: Gliscor|spe|2
|move|p2a: Corax|Brave Bird|p1a: Gliscor
|-damage|p1a: Gliscor|62/100 tox
|-damage|p2a: Corax|61/100|[from] Recoil
|
|-weather|none
|-heal|p1a: Gliscor|75/100 tox|[from] ability: Poison Heal
|upkeep
|turn|7
|
|t:|1779700833
|move|p1a: Gliscor|Swords Dance|p1a: Gliscor
|-boost|p1a: Gliscor|atk|2
|move|p2a: Corax|Brave Bird|p1a: Gliscor
|-damage|p1a: Gliscor|44/100 tox
|-damage|p2a: Corax|52/100|[from] Recoil
|
|-heal|p1a: Gliscor|56/100 tox|[from] ability: Poison Heal
|upkeep
|turn|8
|inactive|olnes has 120 seconds left.
|
|t:|1779700850
|move|p1a: Gliscor|Dual Wingbeat|p2a: Corax
|-resisted|p2a: Corax
|-damage|p2a: Corax|42/100
|-damage|p1a: Gliscor|40/100 tox|[from] item: Rocky Helmet|[of] p2a: Corax
|-resisted|p2a: Corax
|-damage|p2a: Corax|32/100
|-damage|p1a: Gliscor|23/100 tox|[from] item: Rocky Helmet|[of] p2a: Corax
|-hitcount|p2a: Corax|2
|move|p2a: Corax|Roost|p2a: Corax
|-heal|p2a: Corax|82/100
|-singleturn|p2a: Corax|move: Roost
|
|-heal|p1a: Gliscor|36/100 tox|[from] ability: Poison Heal
|upkeep
|turn|9
|
|t:|1779700863
|switch|p1a: Thundurus|Thundurus-Therian, M|57/100
|move|p2a: Corax|Brave Bird|p1a: Thundurus
|-resisted|p1a: Thundurus
|-damage|p1a: Thundurus|27/100
|-damage|p2a: Corax|75/100|[from] Recoil
|
|upkeep
|turn|10
|
|t:|1779700872
|switch|p2a: Shogun|Kingambit, F|100/100
|move|p1a: Thundurus|Wildbolt Storm|p2a: Shogun
|-damage|p2a: Shogun|55/100
|
|-heal|p2a: Shogun|61/100|[from] item: Leftovers
|upkeep
|turn|11
|
|t:|1779700890
|switch|p1a: Slowbro|Slowbro-Galar, M|100/100
|move|p2a: Shogun|Kowtow Cleave|p1a: Slowbro
|-supereffective|p1a: Slowbro
|-damage|p1a: Slowbro|41/100
|
|-heal|p2a: Shogun|67/100|[from] item: Leftovers
|upkeep
|turn|12
|
|t:|1779700899
|move|p2a: Shogun|Kowtow Cleave|p1a: Slowbro
|-supereffective|p1a: Slowbro
|-damage|p1a: Slowbro|0 fnt
|faint|p1a: Slowbro
|
|-heal|p2a: Shogun|73/100|[from] item: Leftovers
|upkeep
|
|t:|1779700904
|switch|p1a: Gliscor|Gliscor, M|36/100 tox
|turn|13
|-message|olnes forfeited.
|
|win|Andher
|raw|olnes's rating: 1275 &rarr; <strong>1256</strong><br />(-19 for losing)
|raw|Andher's rating: 1357 &rarr; <strong>1372</strong><br />(+15 for winning)
|l|☆olnes
|player|p1|
|l|☆Andher
|player|p2|
