|j|☆2(sweet)
|j|☆t7pu
|t:|1779687547
|gametype|singles
|player|p1|2(sweet)|265|1396
|player|p2|t7pu|clair|1353
|gen|9
|tier|[Gen 9] OU
|rated|
|rule|HP Percentage Mod: HP is shown in percentages
|rule|Endless Battle Clause: Forcing endless battles is banned
|rule|Species Clause: Limit one of each Pokémon
|rule|OHKO Clause: OHKO moves are banned
|rule|Evasion Items Clause: Evasion items are banned
|rule|Evasion Moves Clause: Evasion moves are banned
|rule|Evasion Abilities Clause: Evasion abilities are banned
|rule|Sleep Moves Clause: Sleep-inducing moves are banned
|clearpoke
|poke|p1|Ninetales-Alola, F|
|poke|p1|Gallade, M|
|poke|p1|Kleavor, M|
|poke|p1|Slowking-Galar, F|
|poke|p1|Ogerpon-Wellspring, F|
|poke|p1|Diancie|
|poke|p2|Ninetales-Alola, F|
|poke|p2|Rillaboom, F|
|poke|p2|Great Tusk|
|poke|p2|Manaphy|
|poke|p2|Iron Moth|
|poke|p2|Dragonite, F|
|teampreview
|inactive|Battle timer is ON: inactive players will automatically lose when time's up. (requested by t7pu)
|
|t:|1779687566
|teamsize|p1|6
|teamsize|p2|6
|start
|switch|p1a: Kleavor|Kleavor, M|100/100
|switch|p2a: Iron Moth|Iron Moth|100/100
|-enditem|p2a: Iron Moth|Booster Energy
|-activate|p2a: Iron Moth|ability: Quark Drive|[fromitem]
|-start|p2a: Iron Moth|quarkdrivespe
|turn|1
|
|t:|1779687575
|-end|p2a: Iron Moth|Quark Drive|[silent]
|switch|p2a: Great Tusk|Great Tusk|100/100
|-enditem|p2a: Great Tusk|Booster Energy
|-activate|p2a: Great Tusk|ability: Protosynthesis|[fromitem]
|-start|p2a: Great Tusk|protosynthesisspe
|move|p1a: Kleavor|Stone Axe|p2a: Great Tusk
|-resisted|p2a: Great Tusk
|-damage|p2a: Great Tusk|91/100
|-sidestart|p2: t7pu|move: Stealth Rock
|
|upkeep
|turn|2
|
|t:|1779687581
|switch|p1a: Ogerpon|Ogerpon-Wellspring, F|100/100
|move|p2a: Great Tusk|Bulk Up|p2a: Great Tusk
|-boost|p2a: Great Tusk|atk|1
|-boost|p2a: Great Tusk|def|1
|
|upkeep
|turn|3
|
|t:|1779687604
|move|p2a: Great Tusk|Headlong Rush|p1a: Ogerpon
|-resisted|p1a: Ogerpon
|-damage|p1a: Ogerpon|50/100
|-unboost|p2a: Great Tusk|def|1
|-unboost|p2a: Great Tusk|spd|1
|move|p1a: Ogerpon|Ivy Cudgel|p2a: Great Tusk|[anim] Ivy Cudgel Water
|-supereffective|p2a: Great Tusk
|-damage|p2a: Great Tusk|20/100
|
|upkeep
|turn|4
|inactive|t7pu has 120 seconds left.
|
|t:|1779687636
|-end|p2a: Great Tusk|Protosynthesis|[silent]
|switch|p2a: Rillaboom|Rillaboom, F|100/100
|-damage|p2a: Rillaboom|88/100|[from] Stealth Rock
|-fieldstart|move: Grassy Terrain|[from] ability: Grassy Surge|[of] p2a: Rillaboom
|move|p1a: Ogerpon|Horn Leech|p2a: Rillaboom
|-resisted|p2a: Rillaboom
|-damage|p2a: Rillaboom|59/100
|-heal|p1a: Ogerpon|67/100|[from] drain|[of] p2a: Rillaboom
|
|-heal|p1a: Ogerpon|73/100|[from] Grassy Terrain
|-heal|p2a: Rillaboom|66/100|[from] Grassy Terrain
|upkeep
|turn|5
|
|t:|1779687657
|move|p2a: Rillaboom|Grassy Glide|p1a: Ogerpon
|-damage|p1a: Ogerpon|0 fnt
|faint|p1a: Ogerpon
|
|-heal|p2a: Rillaboom|72/100|[from] Grassy Terrain
|upkeep
|
|t:|1779687670
|switch|p1a: Diancie|Diancie|100/100
|turn|6
|inactive|t7pu has 120 seconds left.
|
|t:|1779687696
|switch|p2a: Great Tusk|Great Tusk|20/100
|-damage|p2a: Great Tusk|17/100|[from] Stealth Rock
|-terastallize|p1a: Diancie|Flying
|move|p1a: Diancie|Iron Defense|p1a: Diancie
|-boost|p1a: Diancie|def|2
|
|-heal|p2a: Great Tusk|23/100|[from] Grassy Terrain
|upkeep
|turn|7
|inactive|2(sweet) has 120 seconds left.
|
|t:|1779687718
|move|p2a: Great Tusk|Rapid Spin|p1a: Diancie
|-damage|p1a: Diancie|95/100
|-boost|p2a: Great Tusk|spe|1
|-sideend|p2: t7pu|Stealth Rock|[from] move: Rapid Spin|[of] p2a: Great Tusk
|move|p1a: Diancie|Calm Mind|p1a: Diancie
|-boost|p1a: Diancie|spa|1
|-boost|p1a: Diancie|spd|1
|
|-heal|p2a: Great Tusk|30/100|[from] Grassy Terrain
|-heal|p1a: Diancie|100/100|[from] item: Leftovers
|upkeep
|turn|8
|inactive|t7pu has 120 seconds left.
|inactive|t7pu has 90 seconds left.
|
|t:|1779687755
|-end|p2a: Great Tusk|Protosynthesis|[silent]
|switch|p2a: Ninetales|Ninetales-Alola, F|100/100
|-weather|Snowscape|[from] ability: Snow Warning|[of] p2a: Ninetales
|move|p1a: Diancie|Calm Mind|p1a: Diancie
|-boost|p1a: Diancie|spa|1
|-boost|p1a: Diancie|spd|1
|
|-weather|Snowscape|[upkeep]
|-fieldend|move: Grassy Terrain
|upkeep
|turn|9
|
|t:|1779687761
|move|p2a: Ninetales|Encore|p1a: Diancie
|-start|p1a: Diancie|Encore
|move|p1a: Diancie|Calm Mind|p1a: Diancie
|-boost|p1a: Diancie|spa|1
|-boost|p1a: Diancie|spd|1
|
|-weather|Snowscape|[upkeep]
|upkeep
|turn|10
|
|t:|1779687779
|switch|p2a: Rillaboom|Rillaboom, F|72/100
|-fieldstart|move: Grassy Terrain|[from] ability: Grassy Surge|[of] p2a: Rillaboom
|switch|p1a: Ninetales|Ninetales-Alola, F|100/100
|
|-weather|Snowscape|[upkeep]
|-heal|p2a: Rillaboom|78/100|[from] Grassy Terrain
|upkeep
|turn|11
|
|t:|1779687788
|move|p1a: Ninetales|Aurora Veil|p1a: Ninetales
|-sidestart|p1: 2(sweet)|move: Aurora Veil
|move|p2a: Rillaboom|Wood Hammer|p1a: Ninetales
|-damage|p1a: Ninetales|30/100
|-damage|p2a: Rillaboom|58/100|[from] Recoil
|
|-weather|Snowscape|[upkeep]
|-heal|p1a: Ninetales|36/100|[from] Grassy Terrain
|-heal|p2a: Rillaboom|64/100|[from] Grassy Terrain
|upkeep
|turn|12
|
|t:|1779687795
|move|p1a: Ninetales|Weather Ball|p2a: Rillaboom
|-supereffective|p2a: Rillaboom
|-damage|p2a: Rillaboom|0 fnt
|faint|p2a: Rillaboom
|
|-weather|none
|-heal|p1a: Ninetales|43/100|[from] Grassy Terrain
|upkeep
|
|t:|1779687801
|switch|p2a: Ninetales|Ninetales-Alola, F|100/100
|-weather|Snowscape|[from] ability: Snow Warning|[of] p2a: Ninetales
|turn|13
|
|t:|1779687808
|switch|p1a: Gallade|Gallade, M|100/100
|move|p2a: Ninetales|Aurora Veil|p2a: Ninetales
|-sidestart|p2: t7pu|move: Aurora Veil
|
|-weather|Snowscape|[upkeep]
|upkeep
|turn|14
|inactive|t7pu has 120 seconds left.
|
|t:|1779687835
|move|p2a: Ninetales|Moonblast|p1a: Gallade
|-supereffective|p1a: Gallade
|-damage|p1a: Gallade|70/100
|move|p1a: Gallade|Sacred Sword|p2a: Ninetales
|-damage|p2a: Ninetales|61/100
|-damage|p1a: Gallade|60/100|[from] item: Life Orb
|
|-weather|Snowscape|[upkeep]
|-heal|p2a: Ninetales|67/100|[from] Grassy Terrain
|-heal|p1a: Gallade|66/100|[from] Grassy Terrain
|-fieldend|move: Grassy Terrain
|upkeep
|turn|15
|
|t:|1779687847
|move|p2a: Ninetales|Moonblast|p1a: Gallade
|-supereffective|p1a: Gallade
|-damage|p1a: Gallade|38/100
|move|p1a: Gallade|Sacred Sword|p2a: Ninetales
|-damage|p2a: Ninetales|33/100
|-damage|p1a: Gallade|29/100|[from] item: Life Orb
|
|-weather|Snowscape|[upkeep]
|upkeep
|turn|16
|
|t:|1779687865
|switch|p2a: Dragonite|Dragonite, F|100/100
|move|p1a: Gallade|Sacred Sword|p2a: Dragonite
|-resisted|p2a: Dragonite
|-damage|p2a: Dragonite|88/100
|-damage|p1a: Gallade|19/100|[from] item: Life Orb
|
|-weather|Snowscape|[upkeep]
|upkeep
|turn|17
|
|t:|1779687872
|switch|p1a: Diancie|Diancie, tera:Flying|100/100
|move|p2a: Dragonite|Dragon Dance|p2a: Dragonite
|-boost|p2a: Dragonite|atk|1
|-boost|p2a: Dragonite|spe|1
|
|-weather|none
|upkeep
|turn|18
|inactive|t7pu has 120 seconds left.
|inactive|t7pu has 90 seconds left.
|
|t:|1779687907
|-terastallize|p2a: Dragonite|Normal
|move|p2a: Dragonite|Ice Spinner|p1a: Diancie
|-supereffective|p1a: Diancie
|-damage|p1a: Diancie|65/100
|move|p1a: Diancie|Iron Defense|p1a: Diancie
|-boost|p1a: Diancie|def|2
|
|-heal|p1a: Diancie|72/100|[from] item: Leftovers
|-sideend|p1: 2(sweet)|move: Aurora Veil
|upkeep
|turn|19
|
|t:|1779687914
|move|p2a: Dragonite|Ice Spinner|p1a: Diancie
|-supereffective|p1a: Diancie
|-damage|p1a: Diancie|34/100
|move|p1a: Diancie|Iron Defense|p1a: Diancie
|-boost|p1a: Diancie|def|2
|
|-heal|p1a: Diancie|40/100|[from] item: Leftovers
|upkeep
|turn|20
|
|t:|1779687919
|move|p2a: Dragonite|Ice Spinner|p1a: Diancie
|-supereffective|p1a: Diancie
|-damage|p1a: Diancie|18/100
|move|p1a: Diancie|Iron Defense|p1a: Diancie
|-boost|p1a: Diancie|def|2
|
|-heal|p1a: Diancie|24/100|[from] item: Leftovers
|-sideend|p2: t7pu|move: Aurora Veil
|upkeep
|turn|21
|
|t:|1779687926
|move|p2a: Dragonite|Ice Spinner|p1a: Diancie
|-supereffective|p1a: Diancie
|-damage|p1a: Diancie|7/100
|move|p1a: Diancie|Draining Kiss|p2a: Dragonite
|-damage|p2a: Dragonite|68/100
|-heal|p1a: Diancie|24/100|[from] drain|[of] p2a: Dragonite
|
|-heal|p1a: Diancie|30/100|[from] item: Leftovers
|upkeep
|turn|22
|inactive|t7pu has 120 seconds left.
|
|t:|1779687952
|switch|p2a: Iron Moth|Iron Moth|100/100
|move|p1a: Diancie|Draining Kiss|p2a: Iron Moth
|-resisted|p2a: Iron Moth
|-damage|p2a: Iron Moth|96/100
|-heal|p1a: Diancie|33/100|[from] drain|[of] p2a: Iron Moth
|
|-heal|p1a: Diancie|39/100|[from] item: Leftovers
|upkeep
|turn|23
|
|t:|1779687965
|move|p2a: Iron Moth|Fiery Dance|p1a: Diancie
|-damage|p1a: Diancie|13/100
|move|p1a: Diancie|Stored Power|p2a: Iron Moth
|-supereffective|p2a: Iron Moth
|-damage|p2a: Iron Moth|34/100
|
|-heal|p1a: Diancie|19/100|[from] item: Leftovers
|upkeep
|turn|24
|
|t:|1779687970
|move|p2a: Iron Moth|Fiery Dance|p1a: Diancie
|-damage|p1a: Diancie|0 fnt
|-boost|p2a: Iron Moth|spa|1
|faint|p1a: Diancie
|
|upkeep
|
|t:|1779687974
|switch|p1a: Slowking|Slowking-Galar, F|100/100
|turn|25
|-message|t7pu forfeited.
|
|win|2(sweet)
|raw|2(sweet)'s rating: 1396 &rarr; <strong>1414</strong><br />(+18 for winning)
|raw|t7pu's rating: 1353 &rarr; <strong>1335</strong><br />(-18 for losing)
|l|☆t7pu
|player|p2|
|l|☆2(sweet)
|player|p1|
