|j|☆magnesyum
|j|☆HageverMelech
|t:|1779596634
|gametype|singles
|player|p1|magnesyum|102|1386
|player|p2|HageverMelech|ghetsis-gen5bw|1440
|gen|9
|tier|[Gen 9] OU
|rated|
|rule|HP Percentage Mod: HP is shown in percentages
|rule|Endless Battle Clause: Forcing endless battles is banned
|rule|Species Clause: Limit one of each Pokémon
|rule|OHKO Clause: OHKO moves are banned
|rule|Evasion Items Clause: Evasion items are banned
|rule|Evasion Moves Clause: Evasion moves are banned
|rule|Evasion Abilities Clause: Evasion abilities are banned
|rule|Sleep Moves Clause: Sleep-inducing moves are banned
|clearpoke
|poke|p1|Ogerpon-Wellspring, F|
|poke|p1|Clefable, F|
|poke|p1|Ting-Lu|
|poke|p1|Iron Boulder|
|poke|p1|Corviknight, M|
|poke|p1|Dragonite, F|
|poke|p2|Tyranitar, F|
|poke|p2|Corviknight, F|
|poke|p2|Slowking-Galar, M|
|poke|p2|Dondozo, M|
|poke|p2|Great Tusk|
|poke|p2|Dragapult, F|
|teampreview
|inactive|Battle timer is ON: inactive players will automatically lose when time's up. (requested by magnesyum)
|
|t:|1779596653
|teamsize|p1|6
|teamsize|p2|6
|start
|switch|p1a: Ogerpon|Ogerpon-Wellspring, F|100/100
|switch|p2a: Tyranitar|Tyranitar, F|100/100
|-weather|Sandstorm|[from] ability: Sand Stream|[of] p2a: Tyranitar
|turn|1
|
|t:|1779596662
|switch|p2a: Corviknight|Corviknight, F|100/100
|-ability|p2a: Corviknight|Pressure
|move|p1a: Ogerpon|Ivy Cudgel|p2a: Corviknight|[anim] Ivy Cudgel Water
|-damage|p2a: Corviknight|61/100
|
|-weather|Sandstorm|[upkeep]
|-damage|p1a: Ogerpon|95/100|[from] Sandstorm
|upkeep
|turn|2
|
|t:|1779596670
|switch|p1a: Corviknight|Corviknight, M|100/100
|-ability|p1a: Corviknight|Pressure
|move|p2a: Corviknight|U-turn|p1a: Corviknight
|-resisted|p1a: Corviknight
|-damage|p1a: Corviknight|98/100
|-damage|p2a: Corviknight|45/100|[from] item: Rocky Helmet|[of] p1a: Corviknight
|
|t:|1779596675
|switch|p2a: Slowking|Slowking-Galar, M|100/100|[from] U-turn
|
|-weather|Sandstorm|[upkeep]
|-damage|p2a: Slowking|94/100|[from] Sandstorm
|upkeep
|turn|3
|
|t:|1779596685
|move|p1a: Corviknight|U-turn|p2a: Slowking
|-crit|p2a: Slowking
|-damage|p2a: Slowking|74/100
|
|t:|1779596688
|switch|p1a: Ting-Lu|Ting-Lu|100/100|[from] U-turn
|-ability|p1a: Ting-Lu|Vessel of Ruin
|move|p2a: Slowking|Future Sight|p1a: Ting-Lu
|-start|p2a: Slowking|move: Future Sight
|
|-weather|Sandstorm|[upkeep]
|-damage|p2a: Slowking|68/100|[from] Sandstorm
|upkeep
|turn|4
|
|t:|1779596694
|switch|p2a: Corviknight|Corviknight, F|45/100
|-ability|p2a: Corviknight|Pressure
|move|p1a: Ting-Lu|Stealth Rock|p2a: Corviknight
|-sidestart|p2: HageverMelech|move: Stealth Rock
|
|-weather|Sandstorm|[upkeep]
|upkeep
|turn|5
|
|t:|1779596702
|switch|p1a: Corviknight|Corviknight, M|98/100
|-ability|p1a: Corviknight|Pressure
|move|p2a: Corviknight|Defog|p1a: Corviknight
|-unboost|p1a: Corviknight|evasion|1
|-sideend|p2: HageverMelech|Stealth Rock|[from] move: Defog|[of] p2a: Corviknight
|
|-weather|none
|-end|p1a: Corviknight|move: Future Sight
|-resisted|p1a: Corviknight
|-damage|p1a: Corviknight|72/100
|upkeep
|turn|6
|
|t:|1779596709
|move|p1a: Corviknight|Roost|p1a: Corviknight
|-heal|p1a: Corviknight|100/100
|-singleturn|p1a: Corviknight|move: Roost
|move|p2a: Corviknight|Roost|p2a: Corviknight
|-heal|p2a: Corviknight|95/100
|-singleturn|p2a: Corviknight|move: Roost
|
|upkeep
|turn|7
|
|t:|1779596718
|move|p2a: Corviknight|Defog|p1a: Corviknight
|-unboost|p1a: Corviknight|evasion|1
|move|p1a: Corviknight|U-turn|p2a: Corviknight
|-resisted|p2a: Corviknight
|-damage|p2a: Corviknight|93/100
|-damage|p1a: Corviknight|84/100|[from] item: Rocky Helmet|[of] p2a: Corviknight
|
|t:|1779596735
|switch|p1a: Ting-Lu|Ting-Lu|100/100|[from] U-turn
|-ability|p1a: Ting-Lu|Vessel of Ruin
|
|upkeep
|turn|8
|
|t:|1779596737
|move|p2a: Corviknight|U-turn|p1a: Ting-Lu
|-supereffective|p1a: Ting-Lu
|-damage|p1a: Ting-Lu|86/100
|
|t:|1779596743
|switch|p2a: Tyranitar|Tyranitar, F|100/100|[from] U-turn
|-weather|Sandstorm|[from] ability: Sand Stream|[of] p2a: Tyranitar
|move|p1a: Ting-Lu|Stealth Rock|p2a: Tyranitar
|-sidestart|p2: HageverMelech|move: Stealth Rock
|
|-weather|Sandstorm|[upkeep]
|-heal|p1a: Ting-Lu|92/100|[from] item: Leftovers
|upkeep
|turn|9
|
|t:|1779596751
|move|p2a: Tyranitar|Low Kick|p1a: Ting-Lu
|-supereffective|p1a: Ting-Lu
|-damage|p1a: Ting-Lu|22/100
|move|p1a: Ting-Lu|Earthquake|p2a: Tyranitar
|-supereffective|p2a: Tyranitar
|-damage|p2a: Tyranitar|34/100
|
|-weather|Sandstorm|[upkeep]
|-heal|p1a: Ting-Lu|28/100|[from] item: Leftovers
|upkeep
|turn|10
|
|t:|1779596760
|switch|p2a: Corviknight|Corviknight, F|93/100
|-damage|p2a: Corviknight|80/100|[from] Stealth Rock
|-ability|p2a: Corviknight|Pressure
|switch|p1a: Corviknight|Corviknight, M|84/100
|-ability|p1a: Corviknight|Pressure
|
|-weather|Sandstorm|[upkeep]
|upkeep
|turn|11
|
|t:|1779596766
|move|p2a: Corviknight|Defog|p1a: Corviknight
|-unboost|p1a: Corviknight|evasion|1
|-sideend|p2: HageverMelech|Stealth Rock|[from] move: Defog|[of] p2a: Corviknight
|move|p1a: Corviknight|U-turn|p2a: Corviknight
|-resisted|p2a: Corviknight
|-damage|p2a: Corviknight|78/100
|-damage|p1a: Corviknight|67/100|[from] item: Rocky Helmet|[of] p2a: Corviknight
|
|t:|1779596774
|switch|p1a: Ting-Lu|Ting-Lu|28/100|[from] U-turn
|-ability|p1a: Ting-Lu|Vessel of Ruin
|
|-weather|Sandstorm|[upkeep]
|-heal|p1a: Ting-Lu|34/100|[from] item: Leftovers
|upkeep
|turn|12
|
|t:|1779596782
|move|p2a: Corviknight|Brave Bird|p1a: Ting-Lu
|-damage|p1a: Ting-Lu|14/100
|-damage|p2a: Corviknight|69/100|[from] Recoil
|move|p1a: Ting-Lu|Ruination|p2a: Corviknight
|-damage|p2a: Corviknight|35/100
|
|-weather|none
|-heal|p1a: Ting-Lu|20/100|[from] item: Leftovers
|upkeep
|turn|13
|
|t:|1779596792
|switch|p1a: Corviknight|Corviknight, M|67/100
|-ability|p1a: Corviknight|Pressure
|move|p2a: Corviknight|Roost|p2a: Corviknight
|-heal|p2a: Corviknight|85/100
|-singleturn|p2a: Corviknight|move: Roost
|
|upkeep
|turn|14
|
|t:|1779596797
|switch|p2a: Slowking|Slowking-Galar, M|100/100
|move|p1a: Corviknight|Roost|p1a: Corviknight
|-heal|p1a: Corviknight|100/100
|-singleturn|p1a: Corviknight|move: Roost
|
|upkeep
|turn|15
|
|t:|1779596804
|move|p1a: Corviknight|U-turn|p2a: Slowking
|-damage|p2a: Slowking|86/100
|
|t:|1779596806
|switch|p1a: Dragonight|Dragonite, F, shiny|100/100|[from] U-turn
|move|p2a: Slowking|Flamethrower|p1a: Dragonight
|-resisted|p1a: Dragonight
|-damage|p1a: Dragonight|93/100
|
|upkeep
|turn|16
|
|t:|1779596814
|switch|p1a: Ting-Lu|Ting-Lu|20/100
|-ability|p1a: Ting-Lu|Vessel of Ruin
|move|p2a: Slowking|Ice Beam|p1a: Ting-Lu
|-supereffective|p1a: Ting-Lu
|-damage|p1a: Ting-Lu|0 fnt
|faint|p1a: Ting-Lu
|
|upkeep
|
|t:|1779596822
|switch|p1a: Dragonight|Dragonite, F, shiny|93/100
|turn|17
|
|t:|1779596824
|switch|p2a: Corviknight|Corviknight, F|85/100
|-ability|p2a: Corviknight|Pressure
|move|p1a: Dragonight|Earthquake|p2a: Corviknight
|-immune|p2a: Corviknight
|
|upkeep
|turn|18
|
|t:|1779596829
|move|p1a: Dragonight|Dragon Dance|p1a: Dragonight
|-boost|p1a: Dragonight|atk|1
|-boost|p1a: Dragonight|spe|1
|move|p2a: Corviknight|U-turn|p1a: Dragonight
|-resisted|p1a: Dragonight
|-damage|p1a: Dragonight|86/100
|
|t:|1779596834
|switch|p2a: Dondozo|Dondozo, M|100/100|[from] U-turn
|
|upkeep
|turn|19
|
|t:|1779596840
|switch|p1a: Clefable|Clefable, F|100/100
|move|p2a: Dondozo|Body Press|p1a: Clefable
|-resisted|p1a: Clefable
|-damage|p1a: Clefable|89/100
|
|upkeep
|turn|20
|
|t:|1779596842
|switch|p2a: Slowking|Slowking-Galar, M|100/100
|move|p1a: Clefable|Knock Off|p2a: Slowking
|-supereffective|p2a: Slowking
|-damage|p2a: Slowking|69/100
|-enditem|p2a: Slowking|Assault Vest|[from] move: Knock Off|[of] p1a: Clefable
|
|upkeep
|turn|21
|
|t:|1779596855
|switch|p1a: Corviknight|Corviknight, M|100/100
|-ability|p1a: Corviknight|Pressure
|move|p2a: Slowking|Future Sight|p1a: Corviknight
|-start|p2a: Slowking|move: Future Sight
|
|upkeep
|turn|22
|
|t:|1779596866
|move|p1a: Corviknight|Brave Bird|p2a: Slowking
|-damage|p2a: Slowking|32/100
|-damage|p1a: Corviknight|88/100|[from] Recoil
|move|p2a: Slowking|Flamethrower|p1a: Corviknight
|-supereffective|p1a: Corviknight
|-crit|p1a: Corviknight
|-damage|p1a: Corviknight|11/100
|
|upkeep
|turn|23
|
|t:|1779596870
|switch|p2a: Corviknight|Corviknight, F|85/100
|-ability|p2a: Corviknight|Pressure
|move|p1a: Corviknight|Roost|p1a: Corviknight
|-heal|p1a: Corviknight|61/100
|-singleturn|p1a: Corviknight|move: Roost
|
|-end|p1a: Corviknight|move: Future Sight
|-resisted|p1a: Corviknight
|-damage|p1a: Corviknight|34/100
|upkeep
|turn|24
|
|t:|1779596884
|switch|p2a: Dragapult|Dragapult, F|100/100
|move|p1a: Corviknight|U-turn|p2a: Dragapult
|-resisted|p2a: Dragapult
|-damage|p2a: Dragapult|91/100
|
|t:|1779596889
|switch|p1a: Clefable|Clefable, F|89/100|[from] U-turn
|
|upkeep
|turn|25
|
|t:|1779596898
|move|p2a: Dragapult|U-turn|p1a: Clefable
|-resisted|p1a: Clefable
|-damage|p1a: Clefable|83/100
|
|t:|1779596906
|switch|p2a: Slowking|Slowking-Galar, M|65/100|[from] U-turn
|move|p1a: Clefable|Knock Off|p2a: Slowking
|-supereffective|p2a: Slowking
|-damage|p2a: Slowking|46/100
|
|upkeep
|turn|26
|
|t:|1779596912
|move|p1a: Clefable|Calm Mind|p1a: Clefable
|-boost|p1a: Clefable|spa|1
|-boost|p1a: Clefable|spd|1
|move|p2a: Slowking|Future Sight|p1a: Clefable
|-start|p2a: Slowking|move: Future Sight
|
|upkeep
|turn|27
|
|t:|1779596921
|move|p1a: Clefable|Calm Mind|p1a: Clefable
|-boost|p1a: Clefable|spa|1
|-boost|p1a: Clefable|spd|1
|move|p2a: Slowking|Sludge Bomb|p1a: Clefable
|-supereffective|p1a: Clefable
|-damage|p1a: Clefable|43/100
|-status|p1a: Clefable|psn
|
|-damage|p1a: Clefable|31/100 psn|[from] psn
|upkeep
|turn|28
|
|t:|1779596925
|switch|p2a: Tyranitar|Tyranitar, F|34/100
|-weather|Sandstorm|[from] ability: Sand Stream|[of] p2a: Tyranitar
|move|p1a: Clefable|Moonlight|p1a: Clefable
|-heal|p1a: Clefable|56/100 psn
|
|-weather|Sandstorm|[upkeep]
|-damage|p1a: Clefable|49/100 psn|[from] Sandstorm
|-end|p1a: Clefable|move: Future Sight
|-damage|p1a: Clefable|25/100 psn
|-damage|p1a: Clefable|13/100 psn|[from] psn
|upkeep
|turn|29
|
|t:|1779596932
|move|p2a: Tyranitar|Knock Off|p1a: Clefable
|-resisted|p1a: Clefable
|-damage|p1a: Clefable|0 fnt
|-enditem|p1a: Clefable|Heavy-Duty Boots|[from] move: Knock Off|[of] p2a: Tyranitar
|faint|p1a: Clefable
|
|-weather|Sandstorm|[upkeep]
|upkeep
|
|t:|1779596935
|switch|p1a: Ogerpon|Ogerpon-Wellspring, F|95/100
|turn|30
|
|t:|1779596944
|switch|p2a: Corviknight|Corviknight, F|85/100
|-ability|p2a: Corviknight|Pressure
|-terastallize|p1a: Ogerpon|Water
|detailschange|p1a: Ogerpon|Ogerpon-Wellspring-Tera, F, tera:Water
|-ability|p1a: Ogerpon|Embody Aspect (Wellspring)|boost
|-boost|p1a: Ogerpon|spd|1
|move|p1a: Ogerpon|Ivy Cudgel|p2a: Corviknight|[anim] Ivy Cudgel Water
|-crit|p2a: Corviknight
|-damage|p2a: Corviknight|10/100
|
|-weather|Sandstorm|[upkeep]
|-damage|p1a: Ogerpon|89/100|[from] Sandstorm
|upkeep
|turn|31
|
|t:|1779596958
|switch|p2a: Slowking|Slowking-Galar, M|79/100
|move|p1a: Ogerpon|Ivy Cudgel|p2a: Slowking|[anim] Ivy Cudgel Water
|-damage|p2a: Slowking|2/100
|
|-weather|Sandstorm|[upkeep]
|-damage|p1a: Ogerpon|83/100|[from] Sandstorm
|-damage|p2a: Slowking|0 fnt|[from] Sandstorm
|faint|p2a: Slowking
|upkeep
|
|t:|1779596961
|switch|p2a: Dondozo|Dondozo, M|100/100
|turn|32
|
|t:|1779596964
|-terastallize|p2a: Dondozo|Fighting
|move|p1a: Ogerpon|Horn Leech|p2a: Dondozo
|-damage|p2a: Dondozo|82/100
|-heal|p1a: Ogerpon|98/100|[from] drain|[of] p2a: Dondozo
|move|p2a: Dondozo|Body Press|p1a: Ogerpon
|-damage|p1a: Ogerpon|42/100
|
|-weather|none
|-heal|p2a: Dondozo|88/100|[from] item: Leftovers
|upkeep
|turn|33
|
|t:|1779596971
|switch|p1a: Corviknight|Corviknight, M|34/100
|-ability|p1a: Corviknight|Pressure
|move|p2a: Dondozo|Body Press|p1a: Corviknight
|-damage|p1a: Corviknight|11/100
|-damage|p2a: Dondozo|72/100|[from] item: Rocky Helmet|[of] p1a: Corviknight
|
|-heal|p2a: Dondozo|78/100|[from] item: Leftovers
|upkeep
|turn|34
|
|t:|1779596974
|move|p1a: Corviknight|Roost|p1a: Corviknight
|-heal|p1a: Corviknight|61/100
|-singleturn|p1a: Corviknight|move: Roost
|move|p2a: Dondozo|Body Press|p1a: Corviknight
|-supereffective|p1a: Corviknight
|-damage|p1a: Corviknight|13/100
|-damage|p2a: Dondozo|61/100|[from] item: Rocky Helmet|[of] p1a: Corviknight
|
|-heal|p2a: Dondozo|67/100|[from] item: Leftovers
|upkeep
|turn|35
|
|t:|1779596984
|move|p1a: Corviknight|Roost|p1a: Corviknight
|-heal|p1a: Corviknight|63/100
|-singleturn|p1a: Corviknight|move: Roost
|move|p2a: Dondozo|Rest|p2a: Dondozo
|-status|p2a: Dondozo|slp|[from] move: Rest
|-heal|p2a: Dondozo|100/100 slp|[silent]
|
|upkeep
|turn|36
|
|t:|1779596994
|switch|p1a: Ogerpon|Ogerpon-Wellspring-Tera, F, tera:Water|42/100
|-ability|p1a: Ogerpon|Embody Aspect (Wellspring)|boost
|-boost|p1a: Ogerpon|spd|1
|cant|p2a: Dondozo|slp
|move|p2a: Dondozo|Sleep Talk|p2a: Dondozo
|move|p2a: Dondozo|Body Press|p1a: Ogerpon|[from] move: Sleep Talk
|-damage|p1a: Ogerpon|0 fnt
|faint|p1a: Ogerpon
|detailschange|p1: Ogerpon|Ogerpon-Wellspring, F|[silent]
|
|upkeep
|
|t:|1779596997
|switch|p1a: Iron Boulder|Iron Boulder|100/100
|turn|37
|inactive|HageverMelech has 120 seconds left.
|
|t:|1779597039
|move|p1a: Iron Boulder|Zen Headbutt|p2a: Dondozo
|-supereffective|p2a: Dondozo
|-damage|p2a: Dondozo|66/100 slp
|cant|p2a: Dondozo|slp
|move|p2a: Dondozo|Sleep Talk|p2a: Dondozo
|move|p2a: Dondozo|Body Press|p1a: Iron Boulder|[from] move: Sleep Talk
|-damage|p1a: Iron Boulder|51/100
|
|-heal|p2a: Dondozo|72/100 slp|[from] item: Leftovers
|upkeep
|turn|38
|l|☆HageverMelech
|inactive|HageverMelech disconnected and has a minute to reconnect!
|player|p2|
|inactive|HageverMelech has 30 seconds to reconnect!
|inactive|HageverMelech has 20 seconds to reconnect!
|inactive|HageverMelech has 15 seconds to reconnect!
|inactive|HageverMelech has 10 seconds to reconnect!
|j|☆HageverMelech
|inactive|HageverMelech reconnected and has 70 seconds left.
|player|p2|HageverMelech|ghetsis-gen5bw|
|inactive|HageverMelech has 60 seconds left.
|
|t:|1779597104
|move|p1a: Iron Boulder|Zen Headbutt|p2a: Dondozo
|-supereffective|p2a: Dondozo
|-damage|p2a: Dondozo|35/100 slp
|-curestatus|p2a: Dondozo|slp|[msg]
|move|p2a: Dondozo|Rest|p2a: Dondozo
|-status|p2a: Dondozo|slp|[from] move: Rest
|-heal|p2a: Dondozo|100/100 slp|[silent]
|
|upkeep
|turn|39
|inactive|HageverMelech has 60 seconds left.
|
|t:|1779597115
|switch|p2a: Tyranitar|Tyranitar, F|34/100
|-weather|Sandstorm|[from] ability: Sand Stream|[of] p2a: Tyranitar
|move|p1a: Iron Boulder|Zen Headbutt|p2a: Tyranitar
|-immune|p2a: Tyranitar
|
|-weather|Sandstorm|[upkeep]
|upkeep
|turn|40
|
|t:|1779597121
|move|p1a: Iron Boulder|Mighty Cleave|p2a: Tyranitar
|-damage|p2a: Tyranitar|0 fnt
|faint|p2a: Tyranitar
|
|-weather|Sandstorm|[upkeep]
|upkeep
|
|t:|1779597127
|switch|p2a: Dragapult|Dragapult, F|91/100
|turn|41
|
|t:|1779597130
|-end|p1a: Iron Boulder|Quark Drive|[silent]
|switch|p1a: Dragonight|Dragonite, F, shiny|86/100
|move|p2a: Dragapult|Shadow Ball|p1a: Dragonight
|-damage|p1a: Dragonight|27/100
|-unboost|p1a: Dragonight|spd|1
|
|-weather|Sandstorm|[upkeep]
|-damage|p2a: Dragapult|85/100|[from] Sandstorm
|-damage|p1a: Dragonight|21/100|[from] Sandstorm
|upkeep
|turn|42
|
|t:|1779597133
|switch|p2a: Corviknight|Corviknight, F|10/100
|-ability|p2a: Corviknight|Pressure
|move|p1a: Dragonight|Earthquake|p2a: Corviknight
|-immune|p2a: Corviknight
|
|-weather|Sandstorm|[upkeep]
|-damage|p1a: Dragonight|15/100|[from] Sandstorm
|upkeep
|turn|43
|inactive|HageverMelech has 90 seconds left.
|
|t:|1779597139
|move|p1a: Dragonight|Extreme Speed|p2a: Corviknight
|-resisted|p2a: Corviknight
|-damage|p2a: Corviknight|0 fnt
|-damage|p1a: Dragonight|0 fnt|[from] item: Rocky Helmet|[of] p2a: Corviknight
|faint|p2a: Corviknight
|faint|p1a: Dragonight
|
|-weather|none
|upkeep
|
|t:|1779597146
|switch|p1a: Corviknight|Corviknight, M|63/100
|switch|p2a: Dragapult|Dragapult, F|85/100
|-ability|p1a: Corviknight|Pressure
|turn|44
|
|t:|1779597151
|move|p2a: Dragapult|Flamethrower|p1a: Corviknight
|-supereffective|p1a: Corviknight
|-damage|p1a: Corviknight|0 fnt
|faint|p1a: Corviknight
|
|upkeep
|-message|magnesyum forfeited.
|
|win|HageverMelech
|raw|magnesyum's rating: 1386 &rarr; <strong>1369</strong><br />(-17 for losing)
|raw|HageverMelech's rating: 1440 &rarr; <strong>1457</strong><br />(+17 for winning)
|l|☆magnesyum
|player|p1|
