|j|☆greattrainer123
|j|☆SpoonTheHarpoon
|t:|1779623578
|gametype|singles
|player|p1|greattrainer123|2|1304
|player|p2|SpoonTheHarpoon|265|1335
|gen|9
|tier|[Gen 9] OU
|rated|
|rule|HP Percentage Mod: HP is shown in percentages
|rule|Endless Battle Clause: Forcing endless battles is banned
|rule|Species Clause: Limit one of each Pokémon
|rule|OHKO Clause: OHKO moves are banned
|rule|Evasion Items Clause: Evasion items are banned
|rule|Evasion Moves Clause: Evasion moves are banned
|rule|Evasion Abilities Clause: Evasion abilities are banned
|rule|Sleep Moves Clause: Sleep-inducing moves are banned
|clearpoke
|poke|p1|Bellibolt, M|
|poke|p1|Gliscor, M|
|poke|p1|Garganacl, F|
|poke|p1|Clodsire, M|
|poke|p1|Corviknight, F|
|poke|p1|Slowking, M|
|poke|p2|Darkrai|
|poke|p2|Garchomp, F|
|poke|p2|Alomomola, F|
|poke|p2|Corviknight, M|
|poke|p2|Weezing-Galar, M|
|poke|p2|Ogerpon, F|
|teampreview
|
|t:|1779623593
|teamsize|p1|6
|teamsize|p2|6
|start
|switch|p1a: Garganacl|Garganacl, F|100/100
|switch|p2a: Alomomola|Alomomola, F|100/100
|turn|1
|
|t:|1779623603
|move|p2a: Alomomola|Flip Turn|p1a: Garganacl
|-supereffective|p1a: Garganacl
|-damage|p1a: Garganacl|83/100
|
|t:|1779623606
|switch|p2a: Ogerpon|Ogerpon, F|100/100|[from] Flip Turn
|move|p1a: Garganacl|Salt Cure|p2a: Ogerpon
|-damage|p2a: Ogerpon|81/100
|-start|p2a: Ogerpon|Salt Cure
|
|-heal|p1a: Garganacl|89/100|[from] item: Leftovers
|-damage|p2a: Ogerpon|69/100|[from] Salt Cure
|upkeep
|turn|2
|
|t:|1779623616
|switch|p1a: Bellibolt|Bellibolt, M|100/100
|move|p2a: Ogerpon|Knock Off|p1a: Bellibolt
|-damage|p1a: Bellibolt|81/100
|-enditem|p1a: Bellibolt|Leftovers|[from] move: Knock Off|[of] p2a: Ogerpon
|
|-damage|p2a: Ogerpon|57/100|[from] Salt Cure
|upkeep
|turn|3
|
|t:|1779623626
|switch|p2a: Garchomp|Garchomp, F|100/100
|move|p1a: Bellibolt|Soak|p2a: Garchomp
|-start|p2a: Garchomp|typechange|Water
|
|upkeep
|turn|4
|
|t:|1779623646
|switch|p2a: Weezing|Weezing-Galar, M|100/100
|-ability|p2a: Weezing|Neutralizing Gas
|switch|p1a: Gliscor|Gliscor, M|100/100
|
|-status|p1a: Gliscor|tox|[from] item: Toxic Orb
|upkeep
|turn|5
|
|t:|1779623654
|-end|p2a: Weezing|ability: Neutralizing Gas
|switch|p2a: Darkrai|Darkrai|100/100
|move|p1a: Gliscor|Taunt|p2a: Darkrai
|-start|p2a: Darkrai|move: Taunt
|
|upkeep
|turn|6
|
|t:|1779623665
|switch|p1a: Corviknight|Corviknight, F|100/100
|move|p2a: Darkrai|Dark Pulse|p1a: Corviknight
|-damage|p1a: Corviknight|55/100
|
|-heal|p1a: Corviknight|62/100|[from] item: Leftovers
|upkeep
|turn|7
|
|t:|1779623673
|-terastallize|p2a: Darkrai|Dark
|move|p2a: Darkrai|Dark Pulse|p1a: Corviknight
|-damage|p1a: Corviknight|6/100
|move|p1a: Corviknight|Roost|p1a: Corviknight
|-heal|p1a: Corviknight|56/100
|-singleturn|p1a: Corviknight|move: Roost
|
|-heal|p1a: Corviknight|62/100|[from] item: Leftovers
|-end|p2a: Darkrai|move: Taunt
|upkeep
|turn|8
|
|t:|1779623685
|switch|p1a: Clodsire|Clodsire, M|100/100
|move|p2a: Darkrai|Dark Pulse|p1a: Clodsire
|-damage|p1a: Clodsire|53/100
|
|-heal|p1a: Clodsire|59/100|[from] item: Leftovers
|upkeep
|turn|9
|
|t:|1779623695
|move|p2a: Darkrai|Dark Pulse|p1a: Clodsire
|-damage|p1a: Clodsire|12/100
|move|p1a: Clodsire|Recover|p1a: Clodsire
|-heal|p1a: Clodsire|62/100
|
|-heal|p1a: Clodsire|68/100|[from] item: Leftovers
|upkeep
|turn|10
|
|t:|1779623703
|move|p2a: Darkrai|Dark Pulse|p1a: Clodsire
|-damage|p1a: Clodsire|24/100
|move|p1a: Clodsire|Recover|p1a: Clodsire
|-heal|p1a: Clodsire|74/100
|
|-heal|p1a: Clodsire|80/100|[from] item: Leftovers
|upkeep
|turn|11
|-message|greattrainer123 forfeited.
|
|win|SpoonTheHarpoon
|raw|greattrainer123's rating: 1304 &rarr; <strong>1286</strong><br />(-18 for losing)
|raw|SpoonTheHarpoon's rating: 1335 &rarr; <strong>1353</strong><br />(+18 for winning)
|l|☆greattrainer123
|player|p1|
