|j|☆yoki
|j|☆Draconic Echo
|t:|1779692606
|gametype|singles
|player|p1|yoki|2|1515
|player|p2|Draconic Echo|gladion|1500
|gen|9
|tier|[Gen 9] OU
|rated|
|rule|HP Percentage Mod: HP is shown in percentages
|rule|Endless Battle Clause: Forcing endless battles is banned
|rule|Species Clause: Limit one of each Pokémon
|rule|OHKO Clause: OHKO moves are banned
|rule|Evasion Items Clause: Evasion items are banned
|rule|Evasion Moves Clause: Evasion moves are banned
|rule|Evasion Abilities Clause: Evasion abilities are banned
|rule|Sleep Moves Clause: Sleep-inducing moves are banned
|clearpoke
|poke|p1|Slowking-Galar, M|
|poke|p1|Great Tusk|
|poke|p1|Kyurem|
|poke|p1|Darkrai|
|poke|p1|Hoopa-Unbound|
|poke|p1|Zapdos|
|poke|p2|Great Tusk|
|poke|p2|Vaporeon, F|
|poke|p2|Corviknight, F|
|poke|p2|Samurott-Hisui, F|
|poke|p2|Hatterene, F|
|poke|p2|Jolteon, F|
|teampreview
|
|t:|1779692620
|teamsize|p1|6
|teamsize|p2|6
|start
|switch|p1a: Zapdos|Zapdos, shiny|100/100
|switch|p2a: >:(|Samurott-Hisui, F|100/100
|turn|1
|
|t:|1779692629
|move|p2a: >:(|Ceaseless Edge|p1a: Zapdos|[miss]
|-miss|p2a: >:(|p1a: Zapdos
|move|p1a: Zapdos|Volt Switch|p2a: >:(
|-supereffective|p2a: >:(
|-damage|p2a: >:(|8/100
|
|t:|1779692634
|switch|p1a: Darkrai|Darkrai|100/100|[from] Volt Switch
|
|upkeep
|turn|2
|
|t:|1779692639
|switch|p2a: :D|Corviknight, F, shiny|100/100
|-ability|p2a: :D|Pressure
|move|p1a: Darkrai|Dark Pulse|p2a: :D
|-damage|p2a: :D|71/100
|
|upkeep
|turn|3
|
|t:|1779692650
|switch|p2a: :)|Hatterene, F|100/100
|move|p1a: Darkrai|Thunder Wave|p2a: :)
|move|p2a: :)|Thunder Wave|p1a: Darkrai|[from] ability: Magic Bounce
|-status|p1a: Darkrai|par
|
|upkeep
|turn|4
|
|t:|1779692656
|switch|p2a: :D|Corviknight, F, shiny|71/100
|-ability|p2a: :D|Pressure
|move|p1a: Darkrai|Sludge Bomb|p2a: :D
|-immune|p2a: :D
|
|upkeep
|turn|5
|
|t:|1779692672
|switch|p1a: Zapdos|Zapdos, shiny|100/100
|move|p2a: :D|Body Press|p1a: Zapdos
|-resisted|p1a: Zapdos
|-damage|p1a: Zapdos|94/100
|
|upkeep
|turn|6
|
|t:|1779692682
|switch|p2a: :3|Jolteon, F|100/100
|move|p1a: Zapdos|Hurricane|p2a: :3|[miss]
|-miss|p1a: Zapdos|p2a: :3
|
|upkeep
|turn|7
|
|t:|1779692691
|switch|p1a: Slowking|Slowking-Galar, M|100/100
|move|p2a: :3|Volt Switch|p1a: Slowking
|-crit|p1a: Slowking
|-damage|p1a: Slowking|72/100
|
|t:|1779692693
|switch|p2a: Hi|Great Tusk|100/100|[from] Volt Switch
|
|upkeep
|turn|8
|
|t:|1779692706
|switch|p1a: Zapdos|Zapdos, shiny|94/100
|move|p2a: Hi|Ice Spinner|p1a: Zapdos
|-supereffective|p1a: Zapdos
|-damage|p1a: Zapdos|38/100
|
|upkeep
|turn|9
|
|t:|1779692730
|switch|p1a: Darkrai|Darkrai|100/100 par
|move|p2a: Hi|Ice Spinner|p1a: Darkrai
|-damage|p1a: Darkrai|41/100 par
|
|upkeep
|turn|10
|
|t:|1779692733
|move|p2a: Hi|Ice Spinner|p1a: Darkrai
|-damage|p1a: Darkrai|0 fnt
|faint|p1a: Darkrai
|
|upkeep
|
|t:|1779692735
|switch|p1a: Kyurem|Kyurem|100/100
|-ability|p1a: Kyurem|Pressure
|turn|11
|
|t:|1779692750
|-end|p2a: Hi|Protosynthesis|[silent]
|switch|p2a: :3|Jolteon, F|100/100
|-terastallize|p1a: Kyurem|Ice
|move|p1a: Kyurem|Freeze-Dry|p2a: :3
|-damage|p2a: :3|5/100
|
|upkeep
|turn|12
|
|t:|1779692756
|switch|p1a: Slowking|Slowking-Galar, M|100/100
|move|p2a: :3|Thunderbolt|p1a: Slowking
|-damage|p1a: Slowking|76/100
|
|upkeep
|turn|13
|
|t:|1779692760
|move|p2a: :3|Shadow Ball|p1a: Slowking
|-supereffective|p1a: Slowking
|-damage|p1a: Slowking|43/100
|move|p1a: Slowking|Future Sight|p2a: :3
|-start|p1a: Slowking|move: Future Sight
|
|upkeep
|turn|14
|
|t:|1779692770
|move|p2a: :3|Alluring Voice|p1a: Slowking
|-resisted|p1a: Slowking
|-damage|p1a: Slowking|36/100
|move|p1a: Slowking|Sludge Bomb|p2a: :3
|-damage|p2a: :3|0 fnt
|faint|p2a: :3
|
|upkeep
|
|t:|1779692772
|switch|p2a: >:(|Samurott-Hisui, F|8/100
|turn|15
|
|t:|1779692795
|switch|p1a: Zapdos|Zapdos, shiny|38/100
|move|p2a: >:(|Ceaseless Edge|p1a: Zapdos
|-damage|p1a: Zapdos|6/100
|-sidestart|p1: yoki|Spikes
|
|-end|p2a: >:(|move: Future Sight
|-immune|p2a: >:(
|upkeep
|turn|16
|
|t:|1779692798
|move|p2a: >:(|Ceaseless Edge|p1a: Zapdos
|-damage|p1a: Zapdos|0 fnt
|-sidestart|p1: yoki|Spikes
|faint|p1a: Zapdos
|
|upkeep
|
|t:|1779692802
|switch|p1a: Great Tusk|Great Tusk|100/100
|turn|17
|
|t:|1779692809
|switch|p2a: :)|Hatterene, F|100/100
|move|p1a: Great Tusk|Rapid Spin|p2a: :)
|-damage|p2a: :)|85/100
|-boost|p1a: Great Tusk|spe|1
|-sideend|p1: yoki|Spikes|[from] move: Rapid Spin|[of] p1a: Great Tusk
|
|-heal|p2a: :)|91/100|[from] item: Leftovers
|upkeep
|turn|18
|
|t:|1779692817
|-end|p1a: Great Tusk|Protosynthesis|[silent]
|switch|p1a: Slowking|Slowking-Galar, M|70/100
|switch|p2a: Hi|Great Tusk|100/100
|
|upkeep
|turn|19
|
|t:|1779692828
|move|p2a: Hi|Headlong Rush|p1a: Slowking
|-supereffective|p1a: Slowking
|-damage|p1a: Slowking|0 fnt
|-unboost|p2a: Hi|def|1
|-unboost|p2a: Hi|spd|1
|faint|p1a: Slowking
|
|upkeep
|
|t:|1779692831
|switch|p1a: Kyurem|Kyurem, tera:Ice|100/100
|-ability|p1a: Kyurem|Pressure
|turn|20
|
|t:|1779692849
|-end|p2a: Hi|Protosynthesis|[silent]
|switch|p2a: Meep|Vaporeon, F|100/100
|move|p1a: Kyurem|Freeze-Dry|p2a: Meep
|-supereffective|p2a: Meep
|-damage|p2a: Meep|0 fnt
|faint|p2a: Meep
|
|upkeep
|
|t:|1779692855
|switch|p2a: >:(|Samurott-Hisui, F|8/100
|turn|21
|
|t:|1779692868
|move|p2a: >:(|Aqua Cutter|p1a: Kyurem
|-damage|p1a: Kyurem|51/100
|move|p1a: Kyurem|Freeze-Dry|p2a: >:(
|-supereffective|p2a: >:(
|-damage|p2a: >:(|0 fnt
|faint|p2a: >:(
|
|upkeep
|
|t:|1779692876
|switch|p2a: :D|Corviknight, F, shiny|71/100
|-ability|p2a: :D|Pressure
|turn|22
|
|t:|1779692889
|move|p1a: Kyurem|Freeze-Dry|p2a: :D
|-damage|p2a: :D|18/100
|move|p2a: :D|Body Press|p1a: Kyurem
|-supereffective|p1a: Kyurem
|-damage|p1a: Kyurem|11/100
|
|upkeep
|turn|23
|
|t:|1779692891
|move|p1a: Kyurem|Freeze-Dry|p2a: :D
|-damage|p2a: :D|0 fnt
|faint|p2a: :D
|
|upkeep
|
|t:|1779692893
|switch|p2a: :)|Hatterene, F|91/100
|turn|24
|
|t:|1779692896
|switch|p1a: Hoopa|Hoopa-Unbound|100/100
|move|p2a: :)|Draining Kiss|p1a: Hoopa
|-supereffective|p1a: Hoopa
|-damage|p1a: Hoopa|71/100
|-heal|p2a: :)|100/100|[from] drain|[of] p1a: Hoopa
|
|upkeep
|turn|25
|
|t:|1779692909
|move|p1a: Hoopa|Hyperspace Fury|p2a: :)
|-damage|p2a: :)|45/100
|-unboost|p1a: Hoopa|def|1
|move|p2a: :)|Draining Kiss|p1a: Hoopa
|-supereffective|p1a: Hoopa
|-damage|p1a: Hoopa|44/100
|-heal|p2a: :)|64/100|[from] drain|[of] p1a: Hoopa
|
|-heal|p2a: :)|70/100|[from] item: Leftovers
|upkeep
|turn|26
|
|t:|1779692924
|switch|p2a: Hi|Great Tusk|100/100
|move|p1a: Hoopa|Psychic Noise|p2a: Hi
|-supereffective|p2a: Hi
|-damage|p2a: Hi|0 fnt
|faint|p2a: Hi
|-end|p2a: Hi|Protosynthesis|[silent]
|
|upkeep
|
|t:|1779692928
|switch|p2a: :)|Hatterene, F|70/100
|turn|27
|
|t:|1779692932
|move|p1a: Hoopa|Psychic Noise|p2a: :)
|-resisted|p2a: :)
|-damage|p2a: :)|49/100
|-start|p2a: :)|move: Heal Block
|cant|p2a: :)|move: Heal Block|Draining Kiss
|
|upkeep
|turn|28
|
|t:|1779692935
|move|p1a: Hoopa|Hyperspace Fury|p2a: :)
|-damage|p2a: :)|0 fnt
|-unboost|p1a: Hoopa|def|1
|faint|p2a: :)
|
|win|yoki
|raw|yoki's rating: 1492 &rarr; <strong>1512</strong><br />(+20 for winning)
|raw|Draconic Echo's rating: 1500 &rarr; <strong>1480</strong><br />(-20 for losing)
|l|☆Draconic Echo
|player|p2|
|l|☆yoki
|player|p1|
