|inactive|Battle timer is ON: inactive players will automatically lose when time's up.
|t:|1779649444
|gametype|singles
|player|p1|Suuicunee|rosa|
|player|p2|impersonxtor|#wcop2026uk|
|gen|9
|tier|[Gen 9] OU
|rule|HP Percentage Mod: HP is shown in percentages
|rule|Endless Battle Clause: Forcing endless battles is banned
|rule|Species Clause: Limit one of each Pokémon
|rule|OHKO Clause: OHKO moves are banned
|rule|Evasion Items Clause: Evasion items are banned
|rule|Evasion Moves Clause: Evasion moves are banned
|rule|Evasion Abilities Clause: Evasion abilities are banned
|rule|Sleep Moves Clause: Sleep-inducing moves are banned
|clearpoke
|poke|p1|Ninetales, F|
|poke|p1|Cresselia, F|
|poke|p1|Raging Bolt|
|poke|p1|Iron Moth|
|poke|p1|Great Tusk|
|poke|p1|Walking Wake|
|poke|p2|Volcanion|
|poke|p2|Slowking-Galar, F|
|poke|p2|Zamazenta-*|
|poke|p2|Corviknight, M|
|poke|p2|Hatterene, F|
|poke|p2|Ting-Lu|
|teampreview
|c|☆impersonxtor|hf
|c|☆Suuicunee|hf
|
|t:|1779649467
|teamsize|p1|6
|teamsize|p2|6
|start
|switch|p1a: Ninetales|Ninetales, F|100/100
|switch|p2a: Slowking|Slowking-Galar, F, shiny|100/100
|-weather|SunnyDay|[from] ability: Drought|[of] p1a: Ninetales
|turn|1
|
|t:|1779649474
|move|p1a: Ninetales|Will-O-Wisp|p2a: Slowking
|-status|p2a: Slowking|brn
|-prepare|p2a: Slowking|Chilly Reception|[premajor]
|move|p2a: Slowking|Chilly Reception|p2a: Slowking
|-weather|Snowscape
|
|t:|1779649477
|switch|p2a: Volcanion|Volcanion|100/100|[from] Chilly Reception
|
|-weather|Snowscape|[upkeep]
|upkeep
|turn|2
|
|t:|1779649483
|switch|p1a: Cresselia|Cresselia, F|100/100
|move|p2a: Volcanion|Steam Eruption|p1a: Cresselia
|-damage|p1a: Cresselia|37/100
|-enditem|p1a: Cresselia|Eject Button
|
|t:|1779649487
|switch|p1a: Walking Wake|Walking Wake|100/100
|
|-weather|Snowscape|[upkeep]
|upkeep
|turn|3
|inactive|impersonxtor has 270 seconds left.
|
|t:|1779649526
|switch|p2a: Ting-Lu|Ting-Lu|100/100
|-ability|p2a: Ting-Lu|Vessel of Ruin
|move|p1a: Walking Wake|Draco Meteor|p2a: Ting-Lu
|-damage|p2a: Ting-Lu|56/100
|-unboost|p1a: Walking Wake|spa|2
|
|-weather|Snowscape|[upkeep]
|-heal|p2a: Ting-Lu|62/100|[from] item: Leftovers
|upkeep
|turn|4
|inactive|impersonxtor has 270 seconds left.
|
|t:|1779649532
|-end|p1a: Walking Wake|Protosynthesis|[silent]
|switch|p1a: Great Tusk|Great Tusk|100/100
|move|p2a: Ting-Lu|Earthquake|p1a: Great Tusk
|-damage|p1a: Great Tusk|74/100
|
|-weather|Snowscape|[upkeep]
|-heal|p2a: Ting-Lu|68/100|[from] item: Leftovers
|upkeep
|turn|5
|
|t:|1779649539
|switch|p2a: Hatterene|Hatterene, F|100/100
|move|p1a: Great Tusk|Headlong Rush|p2a: Hatterene
|-damage|p2a: Hatterene|56/100
|-unboost|p1a: Great Tusk|def|1
|-unboost|p1a: Great Tusk|spd|1
|-damage|p1a: Great Tusk|58/100|[from] item: Rocky Helmet|[of] p2a: Hatterene
|
|-weather|none
|upkeep
|turn|6
|
|t:|1779649545
|-end|p1a: Great Tusk|Protosynthesis|[silent]
|switch|p1a: Raging Bolt|Raging Bolt|100/100
|move|p2a: Hatterene|Nuzzle|p1a: Raging Bolt
|-resisted|p1a: Raging Bolt
|-damage|p1a: Raging Bolt|99/100
|
|upkeep
|turn|7
|
|t:|1779649554
|switch|p2a: Ting-Lu|Ting-Lu|68/100
|-ability|p2a: Ting-Lu|Vessel of Ruin
|move|p1a: Raging Bolt|Dragon Pulse|p2a: Ting-Lu
|-damage|p2a: Ting-Lu|40/100
|-damage|p1a: Raging Bolt|90/100|[from] item: Life Orb
|
|-heal|p2a: Ting-Lu|46/100|[from] item: Leftovers
|upkeep
|turn|8
|
|t:|1779649573
|-end|p1a: Raging Bolt|Protosynthesis|[silent]
|switch|p1a: Great Tusk|Great Tusk|58/100
|move|p2a: Ting-Lu|Rest|p2a: Ting-Lu
|-status|p2a: Ting-Lu|slp|[from] move: Rest
|-heal|p2a: Ting-Lu|100/100 slp|[silent]
|
|upkeep
|turn|9
|
|t:|1779649582
|-end|p1a: Great Tusk|Protosynthesis|[silent]
|switch|p1a: Ninetales|Ninetales, F|100/100
|-weather|SunnyDay|[from] ability: Drought|[of] p1a: Ninetales
|switch|p2a: Corviknight|Corviknight, M, shiny|100/100
|-ability|p2a: Corviknight|Pressure
|
|-weather|SunnyDay|[upkeep]
|upkeep
|turn|10
|
|t:|1779649589
|switch|p1a: Walking Wake|Walking Wake|100/100
|-activate|p1a: Walking Wake|ability: Protosynthesis
|-start|p1a: Walking Wake|protosynthesisspa
|switch|p2a: Volcanion|Volcanion|100/100
|
|-weather|SunnyDay|[upkeep]
|upkeep
|turn|11
|
|t:|1779649600
|switch|p2a: Hatterene|Hatterene, F|56/100
|move|p1a: Walking Wake|Hydro Steam|p2a: Hatterene
|-damage|p2a: Hatterene|0 fnt
|faint|p2a: Hatterene
|
|-weather|SunnyDay|[upkeep]
|upkeep
|
|t:|1779649604
|switch|p2a: Volcanion|Volcanion|100/100
|turn|12
|
|t:|1779649610
|-end|p1a: Walking Wake|Protosynthesis|[silent]
|switch|p1a: Raging Bolt|Raging Bolt|90/100
|-activate|p1a: Raging Bolt|ability: Protosynthesis
|-start|p1a: Raging Bolt|protosynthesisspa
|move|p2a: Volcanion|Flamethrower|p1a: Raging Bolt
|-resisted|p1a: Raging Bolt
|-damage|p1a: Raging Bolt|31/100
|-status|p1a: Raging Bolt|brn
|
|-weather|SunnyDay|[upkeep]
|-damage|p1a: Raging Bolt|25/100 brn|[from] brn
|upkeep
|turn|13
|
|t:|1779649623
|-end|p1a: Raging Bolt|Protosynthesis|[silent]
|switch|p1a: Walking Wake|Walking Wake|100/100
|-activate|p1a: Walking Wake|ability: Protosynthesis
|-start|p1a: Walking Wake|protosynthesisspa
|switch|p2a: Ting-Lu|Ting-Lu|100/100 slp
|-ability|p2a: Ting-Lu|Vessel of Ruin
|
|-weather|SunnyDay|[upkeep]
|upkeep
|turn|14
|
|t:|1779649631
|-terastallize|p2a: Ting-Lu|Poison
|move|p1a: Walking Wake|Dragon Pulse|p2a: Ting-Lu
|-damage|p2a: Ting-Lu|59/100 slp
|cant|p2a: Ting-Lu|slp
|move|p2a: Ting-Lu|Sleep Talk|p2a: Ting-Lu
|move|p2a: Ting-Lu|Rest||[from] move: Sleep Talk|[still]
|-fail|p2a: Ting-Lu
|
|-weather|SunnyDay|[upkeep]
|-heal|p2a: Ting-Lu|65/100 slp|[from] item: Leftovers
|upkeep
|turn|15
|
|t:|1779649646
|-end|p1a: Walking Wake|Protosynthesis|[silent]
|switch|p1a: Great Tusk|Great Tusk|58/100
|-activate|p1a: Great Tusk|ability: Protosynthesis
|-start|p1a: Great Tusk|protosynthesisspe
|cant|p2a: Ting-Lu|slp
|move|p2a: Ting-Lu|Sleep Talk|p2a: Ting-Lu
|move|p2a: Ting-Lu|Payback|p1a: Great Tusk|[from] move: Sleep Talk
|-resisted|p1a: Great Tusk
|-damage|p1a: Great Tusk|52/100
|-damage|p2a: Ting-Lu|49/100 slp|[from] item: Rocky Helmet|[of] p1a: Great Tusk
|
|-weather|SunnyDay|[upkeep]
|-heal|p2a: Ting-Lu|55/100 slp|[from] item: Leftovers
|upkeep
|turn|16
|
|t:|1779649653
|switch|p2a: Corviknight|Corviknight, M, shiny|100/100
|-ability|p2a: Corviknight|Pressure
|move|p1a: Great Tusk|Stealth Rock|p2a: Corviknight
|-sidestart|p2: impersonxtor|move: Stealth Rock
|
|-weather|none
|-end|p1a: Great Tusk|Protosynthesis
|upkeep
|turn|17
|
|t:|1779649659
|-end|p1a: Great Tusk|Protosynthesis|[silent]
|switch|p1a: Ninetales|Ninetales, F|100/100
|-weather|SunnyDay|[from] ability: Drought|[of] p1a: Ninetales
|move|p2a: Corviknight|Defog|p1a: Ninetales
|-unboost|p1a: Ninetales|evasion|1
|-sideend|p2: impersonxtor|Stealth Rock|[from] move: Defog|[of] p2a: Corviknight
|
|-weather|SunnyDay|[upkeep]
|upkeep
|turn|18
|
|t:|1779649666
|switch|p1a: Walking Wake|Walking Wake|100/100
|-activate|p1a: Walking Wake|ability: Protosynthesis
|-start|p1a: Walking Wake|protosynthesisspa
|switch|p2a: Slowking|Slowking-Galar, F, shiny|100/100 brn
|
|-weather|SunnyDay|[upkeep]
|-damage|p2a: Slowking|94/100 brn|[from] brn
|upkeep
|turn|19
|
|t:|1779649675
|switch|p2a: Corviknight|Corviknight, M, shiny|100/100
|-ability|p2a: Corviknight|Pressure
|-terastallize|p1a: Walking Wake|Water
|move|p1a: Walking Wake|Hydro Steam|p2a: Corviknight
|-damage|p2a: Corviknight|0 fnt
|faint|p2a: Corviknight
|
|-weather|SunnyDay|[upkeep]
|upkeep
|
|t:|1779649678
|switch|p2a: Zamazenta|Zamazenta|100/100
|-ability|p2a: Zamazenta|Dauntless Shield|boost
|-boost|p2a: Zamazenta|def|1
|turn|20
|
|t:|1779649708
|move|p2a: Zamazenta|Close Combat|p1a: Walking Wake
|-damage|p1a: Walking Wake|0 fnt
|-unboost|p2a: Zamazenta|def|1
|-unboost|p2a: Zamazenta|spd|1
|faint|p1a: Walking Wake
|-end|p1a: Walking Wake|Protosynthesis|[silent]
|
|-weather|SunnyDay|[upkeep]
|upkeep
|
|t:|1779649713
|switch|p1a: Iron Moth|Iron Moth|100/100
|-enditem|p1a: Iron Moth|Booster Energy
|-activate|p1a: Iron Moth|ability: Quark Drive|[fromitem]
|-start|p1a: Iron Moth|quarkdrivespe
|turn|21
|
|t:|1779649725
|switch|p2a: Ting-Lu|Ting-Lu, tera:Poison|55/100 slp
|-ability|p2a: Ting-Lu|Vessel of Ruin
|move|p1a: Iron Moth|Fiery Dance|p2a: Ting-Lu
|-damage|p2a: Ting-Lu|29/100 slp
|-boost|p1a: Iron Moth|spa|1
|
|-weather|SunnyDay|[upkeep]
|-heal|p2a: Ting-Lu|35/100 slp|[from] item: Leftovers
|upkeep
|turn|22
|
|t:|1779649733
|switch|p2a: Volcanion|Volcanion|100/100
|move|p1a: Iron Moth|Fiery Dance|p2a: Volcanion
|-resisted|p2a: Volcanion
|-damage|p2a: Volcanion|72/100
|-boost|p1a: Iron Moth|spa|1
|
|-weather|SunnyDay|[upkeep]
|upkeep
|turn|23
|
|t:|1779649741
|switch|p2a: Slowking|Slowking-Galar, F, shiny|100/100 brn
|move|p1a: Iron Moth|Solar Beam||[still]
|-prepare|p1a: Iron Moth|Solar Beam
|-anim|p1a: Iron Moth|Solar Beam|p2a: Slowking
|-resisted|p2a: Slowking
|-damage|p2a: Slowking|69/100 brn
|
|-weather|SunnyDay|[upkeep]
|-heal|p2a: Slowking|75/100 brn|[from] item: Black Sludge
|-damage|p2a: Slowking|69/100 brn|[from] brn
|upkeep
|turn|24
|
|t:|1779649749
|switch|p2a: Ting-Lu|Ting-Lu, tera:Poison|35/100 slp
|-ability|p2a: Ting-Lu|Vessel of Ruin
|move|p1a: Iron Moth|Fiery Dance|p2a: Ting-Lu
|-damage|p2a: Ting-Lu|0 fnt
|faint|p2a: Ting-Lu
|
|-weather|none
|upkeep
|
|t:|1779649751
|switch|p2a: Slowking|Slowking-Galar, F, shiny|100/100 brn
|turn|25
|
|t:|1779649756
|move|p1a: Iron Moth|Fiery Dance|p2a: Slowking
|-damage|p2a: Slowking|35/100 brn
|-boost|p1a: Iron Moth|spa|1
|move|p2a: Slowking|Future Sight|p1a: Iron Moth
|-start|p2a: Slowking|move: Future Sight
|
|-heal|p2a: Slowking|41/100 brn|[from] item: Black Sludge
|-damage|p2a: Slowking|35/100 brn|[from] brn
|upkeep
|turn|26
|
|t:|1779649763
|switch|p2a: Volcanion|Volcanion|72/100
|move|p1a: Iron Moth|Sludge Wave|p2a: Volcanion
|-damage|p2a: Volcanion|0 fnt
|faint|p2a: Volcanion
|
|upkeep
|
|t:|1779649792
|switch|p2a: Zamazenta|Zamazenta|100/100
|turn|27
|
|t:|1779649798
|switch|p2a: Slowking|Slowking-Galar, F, shiny|68/100 brn
|move|p1a: Iron Moth|Fiery Dance|p2a: Slowking
|-damage|p2a: Slowking|0 fnt
|faint|p2a: Slowking
|
|-end|p1a: Iron Moth|move: Future Sight
|-supereffective|p1a: Iron Moth
|-damage|p1a: Iron Moth|1/100
|upkeep
|
|t:|1779649800
|switch|p2a: Zamazenta|Zamazenta|100/100
|turn|28
|c|☆impersonxtor|GG
|c|☆Suuicunee|gg
|-message|impersonxtor forfeited.
|
|win|Suuicunee
|player|p2|
|player|p1|
