|j|☆Sovereeign
|j|‽p$ychopath
|t:|1779618577
|gametype|singles
|player|p1|Sovereeign|morty|1600
|player|p2|p$ychopath|1|1698
|gen|9
|tier|[Gen 9] OU
|rated|
|rule|HP Percentage Mod: HP is shown in percentages
|rule|Endless Battle Clause: Forcing endless battles is banned
|rule|Species Clause: Limit one of each Pokémon
|rule|OHKO Clause: OHKO moves are banned
|rule|Evasion Items Clause: Evasion items are banned
|rule|Evasion Moves Clause: Evasion moves are banned
|rule|Evasion Abilities Clause: Evasion abilities are banned
|rule|Sleep Moves Clause: Sleep-inducing moves are banned
|clearpoke
|poke|p1|Dragonite, F|
|poke|p1|Gholdengo|
|poke|p1|Iron Crown|
|poke|p1|Glimmora, F|
|poke|p1|Ting-Lu|
|poke|p1|Ogerpon-Wellspring, F|
|poke|p2|Sandy Shocks|
|poke|p2|Iron Moth|
|poke|p2|Iron Valiant|
|poke|p2|Raging Bolt|
|poke|p2|Great Tusk|
|poke|p2|Iron Jugulis|
|teampreview
|inactive|Battle timer is ON: inactive players will automatically lose when time's up. (requested by Sovereeign)
|
|t:|1779618595
|teamsize|p1|6
|teamsize|p2|6
|start
|switch|p1a: Ogerpon|Ogerpon-Wellspring, F|100/100
|switch|p2a: Iron Jugulis|Iron Jugulis|100/100
|-enditem|p2a: Iron Jugulis|Booster Energy
|-activate|p2a: Iron Jugulis|ability: Quark Drive|[fromitem]
|-start|p2a: Iron Jugulis|quarkdrivespe
|turn|1
|
|t:|1779618604
|switch|p1a: Ting-Lu|Ting-Lu|100/100
|-ability|p1a: Ting-Lu|Vessel of Ruin
|move|p2a: Iron Jugulis|Hurricane|p1a: Ting-Lu
|-damage|p1a: Ting-Lu|79/100
|
|upkeep
|turn|2
|
|t:|1779618620
|move|p2a: Iron Jugulis|Taunt|p1a: Ting-Lu
|-start|p1a: Ting-Lu|move: Taunt
|cant|p1a: Ting-Lu|move: Taunt|Spikes
|
|upkeep
|turn|3
|
|t:|1779618625
|move|p2a: Iron Jugulis|Hurricane|p1a: Ting-Lu
|-damage|p1a: Ting-Lu|54/100
|move|p1a: Ting-Lu|Ruination|p2a: Iron Jugulis
|-damage|p2a: Iron Jugulis|51/100
|
|upkeep
|turn|4
|inactive|Sovereeign has 120 seconds left.
|inactive|Sovereeign has 90 seconds left.
|
|t:|1779618694
|move|p2a: Iron Jugulis|Hurricane|p1a: Ting-Lu
|-damage|p1a: Ting-Lu|33/100
|-start|p1a: Ting-Lu|confusion
|-activate|p1a: Ting-Lu|confusion
|move|p1a: Ting-Lu|Ruination|p2a: Iron Jugulis
|-damage|p2a: Iron Jugulis|26/100
|
|-end|p1a: Ting-Lu|move: Taunt
|upkeep
|turn|5
|inactive|Sovereeign has 90 seconds left.
|
|t:|1779618702
|switch|p1a: Dragonite|Dragonite, F|100/100
|move|p2a: Iron Jugulis|Taunt|p1a: Dragonite
|-start|p1a: Dragonite|move: Taunt
|
|upkeep
|turn|6
|
|t:|1779618706
|move|p1a: Dragonite|Extreme Speed|p2a: Iron Jugulis
|-damage|p2a: Iron Jugulis|0 fnt
|faint|p2a: Iron Jugulis
|-end|p2a: Iron Jugulis|Quark Drive|[silent]
|
|upkeep
|
|t:|1779618713
|switch|p2a: Great Tusk|Great Tusk|100/100
|-enditem|p2a: Great Tusk|Booster Energy
|-activate|p2a: Great Tusk|ability: Protosynthesis|[fromitem]
|-start|p2a: Great Tusk|protosynthesisspe
|turn|7
|
|t:|1779618724
|switch|p1a: Ting-Lu|Ting-Lu|33/100
|-ability|p1a: Ting-Lu|Vessel of Ruin
|move|p2a: Great Tusk|Bulk Up|p2a: Great Tusk
|-boost|p2a: Great Tusk|atk|1
|-boost|p2a: Great Tusk|def|1
|
|upkeep
|turn|8
|j| starsystimz
|
|t:|1779618738
|move|p2a: Great Tusk|Ice Spinner|p1a: Ting-Lu
|-supereffective|p1a: Ting-Lu
|-damage|p1a: Ting-Lu|0 fnt
|-damage|p2a: Great Tusk|84/100|[from] item: Rocky Helmet|[of] p1a: Ting-Lu
|faint|p1a: Ting-Lu
|
|upkeep
|
|t:|1779618742
|switch|p1a: Ogerpon|Ogerpon-Wellspring, F|100/100
|turn|9
|j| clear nights
|
|t:|1779618746
|move|p2a: Great Tusk|Bulk Up|p2a: Great Tusk
|-boost|p2a: Great Tusk|atk|1
|-boost|p2a: Great Tusk|def|1
|move|p1a: Ogerpon|Horn Leech|p2a: Great Tusk
|-supereffective|p2a: Great Tusk
|-damage|p2a: Great Tusk|53/100
|
|upkeep
|turn|10
|inactive|Sovereeign has 120 seconds left.
|
|t:|1779618762
|switch|p1a: Gholdengo|Gholdengo|100/100
|move|p2a: Great Tusk|Ice Spinner|p1a: Gholdengo
|-resisted|p1a: Gholdengo
|-damage|p1a: Gholdengo|83/100
|
|upkeep
|turn|11
|
|t:|1779618767
|switch|p1a: Dragonite|Dragonite, F|100/100
|move|p2a: Great Tusk|Headlong Rush|p1a: Dragonite
|-immune|p1a: Dragonite
|
|upkeep
|turn|12
|
|t:|1779618772
|move|p2a: Great Tusk|Ice Spinner|p1a: Dragonite
|-supereffective|p1a: Dragonite
|-crit|p1a: Dragonite
|-damage|p1a: Dragonite|0 fnt
|faint|p1a: Dragonite
|
|upkeep
|l| clear nights
|
|t:|1779618782
|switch|p1a: Iron Crown|Iron Crown|100/100
|-enditem|p1a: Iron Crown|Booster Energy
|-activate|p1a: Iron Crown|ability: Quark Drive|[fromitem]
|-start|p1a: Iron Crown|quarkdrivespe
|turn|13
|
|t:|1779618789
|move|p1a: Iron Crown|Tachyon Cutter|p2a: Great Tusk
|-damage|p2a: Great Tusk|25/100
|-damage|p2a: Great Tusk|0 fnt
|faint|p2a: Great Tusk
|-end|p2a: Great Tusk|Protosynthesis|[silent]
|-hitcount|p2: Great Tusk|2
|
|upkeep
|
|t:|1779618799
|switch|p2a: Sandy Shocks|Sandy Shocks|100/100
|-enditem|p2a: Sandy Shocks|Booster Energy
|-activate|p2a: Sandy Shocks|ability: Protosynthesis|[fromitem]
|-start|p2a: Sandy Shocks|protosynthesisspe
|turn|14
|
|t:|1779618816
|-terastallize|p1a: Iron Crown|Fighting
|move|p2a: Sandy Shocks|Earth Power|p1a: Iron Crown
|-damage|p1a: Iron Crown|59/100
|move|p1a: Iron Crown|Calm Mind|p1a: Iron Crown
|-boost|p1a: Iron Crown|spa|1
|-boost|p1a: Iron Crown|spd|1
|
|upkeep
|turn|15
|
|t:|1779618828
|move|p2a: Sandy Shocks|Stealth Rock|p1a: Iron Crown
|-sidestart|p1: Sovereeign|move: Stealth Rock
|move|p1a: Iron Crown|Focus Blast|p2a: Sandy Shocks
|-damage|p2a: Sandy Shocks|7/100
|
|upkeep
|turn|16
|
|t:|1779618833
|move|p2a: Sandy Shocks|Thunderbolt|p1a: Iron Crown
|-damage|p1a: Iron Crown|35/100
|move|p1a: Iron Crown|Psyshock|p2a: Sandy Shocks
|-damage|p2a: Sandy Shocks|0 fnt
|faint|p2a: Sandy Shocks
|-end|p2a: Sandy Shocks|Protosynthesis|[silent]
|
|upkeep
|
|t:|1779618840
|switch|p2a: Iron Valiant|Iron Valiant|100/100
|-enditem|p2a: Iron Valiant|Booster Energy
|-activate|p2a: Iron Valiant|ability: Quark Drive|[fromitem]
|-start|p2a: Iron Valiant|quarkdrivespe
|turn|17
|
|t:|1779618845
|move|p2a: Iron Valiant|Close Combat|p1a: Iron Crown
|-damage|p1a: Iron Crown|0 fnt
|-unboost|p2a: Iron Valiant|def|1
|-unboost|p2a: Iron Valiant|spd|1
|faint|p1a: Iron Crown
|-end|p1a: Iron Crown|Quark Drive|[silent]
|
|upkeep
|
|t:|1779618855
|switch|p1a: Glimmora|Glimmora, F|100/100
|-damage|p1a: Glimmora|88/100|[from] Stealth Rock
|turn|18
|
|t:|1779618862
|move|p2a: Iron Valiant|Close Combat|p1a: Glimmora
|-damage|p1a: Glimmora|14/100
|-unboost|p2a: Iron Valiant|def|1
|-unboost|p2a: Iron Valiant|spd|1
|-activate|p1a: Glimmora|ability: Toxic Debris
|-sidestart|p2: p$ychopath|move: Toxic Spikes
|move|p1a: Glimmora|Mortal Spin|p2a: Iron Valiant
|-supereffective|p2a: Iron Valiant
|-damage|p2a: Iron Valiant|73/100
|-status|p2a: Iron Valiant|psn
|-sideend|p1: Sovereeign|Stealth Rock|[from] move: Mortal Spin|[of] p1a: Glimmora
|
|-damage|p2a: Iron Valiant|60/100 psn|[from] psn
|upkeep
|turn|19
|
|t:|1779618872
|switch|p1a: Gholdengo|Gholdengo|83/100
|move|p2a: Iron Valiant|Close Combat|p1a: Gholdengo
|-immune|p1a: Gholdengo
|
|-damage|p2a: Iron Valiant|48/100 psn|[from] psn
|upkeep
|turn|20
|
|t:|1779618883
|move|p2a: Iron Valiant|Knock Off|p1a: Gholdengo
|-supereffective|p1a: Gholdengo
|-enditem|p1a: Gholdengo|Colbur Berry|[eat]
|-enditem|p1a: Gholdengo|Colbur Berry|[weaken]
|-damage|p1a: Gholdengo|58/100
|move|p1a: Gholdengo|Hex|p2a: Iron Valiant
|-damage|p2a: Iron Valiant|0 fnt
|faint|p2a: Iron Valiant
|-end|p2a: Iron Valiant|Quark Drive|[silent]
|
|upkeep
|
|t:|1779618888
|switch|p2a: Iron Moth|Iron Moth|100/100
|-sideend|p2: p$ychopath|move: Toxic Spikes|[of] p2a: Iron Moth
|-enditem|p2a: Iron Moth|Booster Energy
|-activate|p2a: Iron Moth|ability: Quark Drive|[fromitem]
|-start|p2a: Iron Moth|quarkdrivespe
|turn|21
|
|t:|1779618897
|switch|p1a: Glimmora|Glimmora, F|14/100
|move|p2a: Iron Moth|Substitute|p2a: Iron Moth
|-start|p2a: Iron Moth|Substitute
|-damage|p2a: Iron Moth|76/100
|
|upkeep
|turn|22
|
|t:|1779618904
|move|p2a: Iron Moth|Fiery Dance|p1a: Glimmora
|-resisted|p1a: Glimmora
|-damage|p1a: Glimmora|0 fnt
|faint|p1a: Glimmora
|
|upkeep
|
|t:|1779618906
|switch|p1a: Ogerpon|Ogerpon-Wellspring, F|100/100
|turn|23
|
|t:|1779618910
|move|p2a: Iron Moth|Sludge Wave|p1a: Ogerpon
|-supereffective|p1a: Ogerpon
|-damage|p1a: Ogerpon|0 fnt
|faint|p1a: Ogerpon
|
|upkeep
|
|t:|1779618911
|switch|p1a: Gholdengo|Gholdengo|58/100
|turn|24
|
|t:|1779618913
|move|p2a: Iron Moth|Fiery Dance|p1a: Gholdengo
|-supereffective|p1a: Gholdengo
|-damage|p1a: Gholdengo|0 fnt
|faint|p1a: Gholdengo
|
|win|p$ychopath
|raw|Sovereeign's rating: 1600 &rarr; <strong>1585</strong><br />(-15 for losing)
|raw|p$ychopath's rating: 1698 &rarr; <strong>1713</strong><br />(+15 for winning)
