|j|☆TWENNY7
|j|☆Gnomebomb
|t:|1779633065
|gametype|singles
|player|p1|TWENNY7|hau-stance|1375
|player|p2|Gnomebomb|102|1407
|gen|9
|tier|[Gen 9] OU
|rated|
|rule|HP Percentage Mod: HP is shown in percentages
|rule|Endless Battle Clause: Forcing endless battles is banned
|rule|Species Clause: Limit one of each Pokémon
|rule|OHKO Clause: OHKO moves are banned
|rule|Evasion Items Clause: Evasion items are banned
|rule|Evasion Moves Clause: Evasion moves are banned
|rule|Evasion Abilities Clause: Evasion abilities are banned
|rule|Sleep Moves Clause: Sleep-inducing moves are banned
|clearpoke
|poke|p1|Iron Valiant|
|poke|p1|Tyranitar, F|
|poke|p1|Zapdos|
|poke|p1|Darkrai|
|poke|p1|Okidogi, M|
|poke|p1|Deoxys-Speed|
|poke|p2|Kyurem|
|poke|p2|Garganacl, F|
|poke|p2|Primarina, F|
|poke|p2|Cinderace, F|
|poke|p2|Ting-Lu|
|poke|p2|Breloom, M|
|teampreview
|inactive|Battle timer is ON: inactive players will automatically lose when time's up. (requested by TWENNY7)
|
|t:|1779633083
|teamsize|p1|6
|teamsize|p2|6
|start
|switch|p1a: Deoxys|Deoxys-Speed|100/100
|switch|p2a: Cinderace|Cinderace, F|100/100
|-ability|p1a: Deoxys|Pressure
|turn|1
|
|t:|1779633090
|-terastallize|p2a: Cinderace|Dark
|move|p1a: Deoxys|Psycho Boost|p2a: Cinderace
|-immune|p2a: Cinderace
|move|p2a: Cinderace|U-turn|p1a: Deoxys
|-supereffective|p1a: Deoxys
|-damage|p1a: Deoxys|31/100
|
|t:|1779633103
|switch|p2a: Ting-Lu|Ting-Lu|100/100|[from] U-turn
|-ability|p2a: Ting-Lu|Vessel of Ruin
|
|upkeep
|turn|2
|c|☆TWENNY7|Strange
|
|t:|1779633115
|switch|p1a: CODE:red|Tyranitar, F, shiny|100/100
|-weather|Sandstorm|[from] ability: Sand Stream|[of] p1a: CODE:red
|move|p2a: Ting-Lu|Earthquake|p1a: CODE:red
|-supereffective|p1a: CODE:red
|-damage|p1a: CODE:red|39/100
|-enditem|p1a: CODE:red|Red Card|[of] p2a: Ting-Lu
|drag|p2a: Cinderace|Cinderace, F, tera:Dark|100/100
|
|-weather|Sandstorm|[upkeep]
|-damage|p2a: Cinderace|95/100|[from] Sandstorm
|upkeep
|turn|3
|
|t:|1779633125
|move|p2a: Cinderace|U-turn|p1a: CODE:red
|-supereffective|p1a: CODE:red
|-crit|p1a: CODE:red
|-damage|p1a: CODE:red|0 fnt
|faint|p1a: CODE:red
|
|t:|1779633148
|switch|p2a: Kyurem|Kyurem|100/100|[from] U-turn
|-ability|p2a: Kyurem|Pressure
|
|-weather|Sandstorm|[upkeep]
|-damage|p2a: Kyurem|94/100|[from] Sandstorm
|upkeep
|l|☆TWENNY7
|inactive|TWENNY7 disconnected and has a minute to reconnect!
|player|p1|
|j|☆TWENNY7
|inactive|TWENNY7 reconnected and has 130 seconds left.
|player|p1|TWENNY7|hau-stance|
|inactive|TWENNY7 has 120 seconds left.
|
|t:|1779633184
|switch|p1a: Deoxys|Deoxys-Speed|31/100
|-ability|p1a: Deoxys|Pressure
|turn|4
|
|t:|1779633201
|move|p1a: Deoxys|Focus Blast|p2a: Kyurem
|-supereffective|p2a: Kyurem
|-damage|p2a: Kyurem|0 fnt
|faint|p2a: Kyurem
|
|-weather|Sandstorm|[upkeep]
|-damage|p1a: Deoxys|25/100|[from] Sandstorm
|upkeep
|
|t:|1779633209
|switch|p2a: Breloom|Breloom, M|100/100
|turn|5
|
|t:|1779633212
|switch|p1a: CASPER|Okidogi, M|100/100
|move|p2a: Breloom|Mach Punch|p1a: CASPER
|-resisted|p1a: CASPER
|-damage|p1a: CASPER|87/100
|
|-weather|Sandstorm|[upkeep]
|-damage|p2a: Breloom|94/100|[from] Sandstorm
|-damage|p1a: CASPER|81/100|[from] Sandstorm
|-heal|p1a: CASPER|87/100|[from] item: Leftovers
|upkeep
|turn|6
|
|t:|1779633221
|switch|p2a: Garganacl|Garganacl, F|100/100
|move|p1a: CASPER|Knock Off|p2a: Garganacl
|-damage|p2a: Garganacl|81/100
|-enditem|p2a: Garganacl|Leftovers|[from] move: Knock Off|[of] p1a: CASPER
|
|-weather|none
|-heal|p1a: CASPER|93/100|[from] item: Leftovers
|upkeep
|turn|7
|
|t:|1779633236
|move|p1a: CASPER|Bulk Up|p1a: CASPER
|-boost|p1a: CASPER|atk|1
|-boost|p1a: CASPER|def|1
|move|p2a: Garganacl|Salt Cure|p1a: CASPER
|-resisted|p1a: CASPER
|-damage|p1a: CASPER|89/100
|-start|p1a: CASPER|Salt Cure
|
|-heal|p1a: CASPER|95/100|[from] item: Leftovers
|-damage|p1a: CASPER|83/100|[from] Salt Cure
|upkeep
|turn|8
|
|t:|1779633242
|move|p1a: CASPER|Drain Punch|p2a: Garganacl
|-supereffective|p2a: Garganacl
|-damage|p2a: Garganacl|11/100
|-heal|p1a: CASPER|100/100|[from] drain|[of] p2a: Garganacl
|move|p2a: Garganacl|Iron Defense|p2a: Garganacl
|-boost|p2a: Garganacl|def|2
|
|-damage|p1a: CASPER|88/100|[from] Salt Cure
|upkeep
|turn|9
|
|t:|1779633250
|move|p1a: CASPER|Ice Punch|p2a: Garganacl
|-damage|p2a: Garganacl|0 fnt
|faint|p2a: Garganacl
|
|-heal|p1a: CASPER|94/100|[from] item: Leftovers
|-damage|p1a: CASPER|82/100|[from] Salt Cure
|upkeep
|
|t:|1779633260
|switch|p2a: Primarina|Primarina, F|100/100
|turn|10
|
|t:|1779633266
|-terastallize|p1a: CASPER|Water
|move|p1a: CASPER|Knock Off|p2a: Primarina
|-resisted|p2a: Primarina
|-damage|p2a: Primarina|76/100
|-enditem|p2a: Primarina|Leftovers|[from] move: Knock Off|[of] p1a: CASPER
|move|p2a: Primarina|Moonblast|p1a: CASPER
|-damage|p1a: CASPER|35/100
|
|-heal|p1a: CASPER|41/100|[from] item: Leftovers
|-damage|p1a: CASPER|16/100|[from] Salt Cure
|upkeep
|turn|11
|
|t:|1779633275
|switch|p1a: SHOXY|Zapdos|100/100
|move|p2a: Primarina|Moonblast|p1a: SHOXY
|-damage|p1a: SHOXY|38/100
|
|upkeep
|turn|12
|
|t:|1779633283
|switch|p1a: CASPER|Okidogi, M, tera:Water|16/100
|switch|p2a: Ting-Lu|Ting-Lu|100/100
|-ability|p2a: Ting-Lu|Vessel of Ruin
|
|-heal|p1a: CASPER|23/100|[from] item: Leftovers
|upkeep
|turn|13
|
|t:|1779633290
|move|p1a: CASPER|Drain Punch|p2a: Ting-Lu
|-supereffective|p2a: Ting-Lu
|-damage|p2a: Ting-Lu|73/100
|-heal|p1a: CASPER|42/100|[from] drain|[of] p2a: Ting-Lu
|move|p2a: Ting-Lu|Stealth Rock|p1a: CASPER
|-sidestart|p1: TWENNY7|move: Stealth Rock
|
|-heal|p1a: CASPER|49/100|[from] item: Leftovers
|-heal|p2a: Ting-Lu|79/100|[from] item: Leftovers
|upkeep
|turn|14
|
|t:|1779633294
|switch|p2a: Primarina|Primarina, F|76/100
|move|p1a: CASPER|Bulk Up|p1a: CASPER
|-boost|p1a: CASPER|atk|1
|-boost|p1a: CASPER|def|1
|
|-heal|p1a: CASPER|55/100|[from] item: Leftovers
|upkeep
|turn|15
|
|t:|1779633303
|switch|p1a: SHOXY|Zapdos|38/100
|-damage|p1a: SHOXY|13/100|[from] Stealth Rock
|move|p2a: Primarina|Moonblast|p1a: SHOXY
|-crit|p1a: SHOXY
|-damage|p1a: SHOXY|0 fnt
|faint|p1a: SHOXY
|
|upkeep
|
|t:|1779633307
|switch|p1a: Deoxys|Deoxys-Speed|25/100
|-damage|p1a: Deoxys|12/100|[from] Stealth Rock
|-ability|p1a: Deoxys|Pressure
|turn|16
|
|t:|1779633321
|switch|p2a: Ting-Lu|Ting-Lu|79/100
|-ability|p2a: Ting-Lu|Vessel of Ruin
|move|p1a: Deoxys|Trick|p2a: Ting-Lu
|-activate|p1a: Deoxys|move: Trick|[of] p2a: Ting-Lu
|-item|p2a: Ting-Lu|Choice Specs|[from] move: Trick
|-item|p1a: Deoxys|Leftovers|[from] move: Trick
|
|-heal|p1a: Deoxys|18/100|[from] item: Leftovers
|upkeep
|turn|17
|
|t:|1779633328
|move|p1a: Deoxys|Focus Blast|p2a: Ting-Lu
|-supereffective|p2a: Ting-Lu
|-damage|p2a: Ting-Lu|42/100
|move|p2a: Ting-Lu|Earthquake|p1a: Deoxys
|-damage|p1a: Deoxys|0 fnt
|faint|p1a: Deoxys
|
|upkeep
|
|t:|1779633335
|switch|p1a: CASPER|Okidogi, M, tera:Water|55/100
|-damage|p1a: CASPER|42/100|[from] Stealth Rock
|turn|18
|
|t:|1779633337
|move|p1a: CASPER|Drain Punch|p2a: Ting-Lu
|-supereffective|p2a: Ting-Lu
|-damage|p2a: Ting-Lu|16/100
|-heal|p1a: CASPER|61/100|[from] drain|[of] p2a: Ting-Lu
|move|p2a: Ting-Lu|Earthquake|p1a: CASPER
|-damage|p1a: CASPER|28/100
|
|-heal|p1a: CASPER|34/100|[from] item: Leftovers
|upkeep
|turn|19
|
|t:|1779633342
|move|p1a: CASPER|Drain Punch|p2a: Ting-Lu
|-supereffective|p2a: Ting-Lu
|-damage|p2a: Ting-Lu|0 fnt
|-heal|p1a: CASPER|45/100|[from] drain|[of] p2a: Ting-Lu
|faint|p2a: Ting-Lu
|
|-heal|p1a: CASPER|51/100|[from] item: Leftovers
|upkeep
|
|t:|1779633345
|switch|p2a: Primarina|Primarina, F|76/100
|turn|20
|
|t:|1779633359
|move|p1a: CASPER|Ice Punch|p2a: Primarina
|-resisted|p2a: Primarina
|-damage|p2a: Primarina|63/100
|move|p2a: Primarina|Moonblast|p1a: CASPER
|-damage|p1a: CASPER|8/100
|
|-heal|p1a: CASPER|14/100|[from] item: Leftovers
|upkeep
|turn|21
|
|t:|1779633365
|move|p1a: CASPER|Ice Punch|p2a: Primarina
|-resisted|p2a: Primarina
|-damage|p2a: Primarina|49/100
|move|p2a: Primarina|Moonblast|p1a: CASPER
|-damage|p1a: CASPER|0 fnt
|faint|p1a: CASPER
|
|upkeep
|
|t:|1779633373
|switch|p1a: Zzz|Darkrai|100/100
|-damage|p1a: Zzz|88/100|[from] Stealth Rock
|turn|22
|
|t:|1779633375
|move|p1a: Zzz|Sludge Bomb|p2a: Primarina
|-supereffective|p2a: Primarina
|-damage|p2a: Primarina|0 fnt
|faint|p2a: Primarina
|
|upkeep
|
|t:|1779633380
|switch|p2a: Cinderace|Cinderace, F, tera:Dark|95/100
|turn|23
|
|t:|1779633387
|move|p1a: Zzz|Sludge Bomb|p2a: Cinderace
|-damage|p2a: Cinderace|46/100
|-status|p2a: Cinderace|psn
|move|p2a: Cinderace|Pyro Ball|p1a: Zzz
|-damage|p1a: Zzz|11/100
|
|-damage|p2a: Cinderace|33/100 psn|[from] psn
|upkeep
|turn|24
|
|t:|1779633391
|move|p2a: Cinderace|Sucker Punch|p1a: Zzz
|-resisted|p1a: Zzz
|-damage|p1a: Zzz|0 fnt
|faint|p1a: Zzz
|
|-damage|p2a: Cinderace|21/100 psn|[from] psn
|upkeep
|
|t:|1779633393
|switch|p1a: RUNE 2H|Iron Valiant|100/100
|-damage|p1a: RUNE 2H|94/100|[from] Stealth Rock
|-enditem|p1a: RUNE 2H|Booster Energy
|-activate|p1a: RUNE 2H|ability: Quark Drive|[fromitem]
|-start|p1a: RUNE 2H|quarkdrivespe
|turn|25
|
|t:|1779633400
|move|p1a: RUNE 2H|Swords Dance|p1a: RUNE 2H
|-boost|p1a: RUNE 2H|atk|2
|move|p2a: Cinderace|Pyro Ball|p1a: RUNE 2H
|-damage|p1a: RUNE 2H|23/100
|
|-damage|p2a: Cinderace|9/100 psn|[from] psn
|upkeep
|turn|26
|
|t:|1779633405
|move|p2a: Cinderace|Sucker Punch|p1a: RUNE 2H
|-resisted|p1a: RUNE 2H
|-damage|p1a: RUNE 2H|12/100
|move|p1a: RUNE 2H|Knock Off|p2a: Cinderace
|-resisted|p2a: Cinderace
|-damage|p2a: Cinderace|0 fnt
|-enditem|p2a: Cinderace|Heavy-Duty Boots|[from] move: Knock Off|[of] p1a: RUNE 2H
|faint|p2a: Cinderace
|
|upkeep
|
|t:|1779633409
|switch|p2a: Breloom|Breloom, M|94/100
|turn|27
|
|t:|1779633412
|move|p2a: Breloom|Mach Punch|p1a: RUNE 2H
|-resisted|p1a: RUNE 2H
|-damage|p1a: RUNE 2H|0 fnt
|faint|p1a: RUNE 2H
|-end|p1a: RUNE 2H|Quark Drive|[silent]
|
|win|Gnomebomb
|raw|TWENNY7's rating: 1375 &rarr; <strong>1357</strong><br />(-18 for losing)
|raw|Gnomebomb's rating: 1407 &rarr; <strong>1425</strong><br />(+18 for winning)
|l|☆TWENNY7
|player|p1|
|l|☆Gnomebomb
|player|p2|
