|j|☆Uiryamu
|j|☆antzinmypantz
|t:|1779711801
|gametype|singles
|player|p1|Uiryamu|colress|1349
|player|p2|antzinmypantz|102|1468
|gen|9
|tier|[Gen 9] OU
|rated|
|rule|HP Percentage Mod: HP is shown in percentages
|rule|Endless Battle Clause: Forcing endless battles is banned
|rule|Species Clause: Limit one of each Pokémon
|rule|OHKO Clause: OHKO moves are banned
|rule|Evasion Items Clause: Evasion items are banned
|rule|Evasion Moves Clause: Evasion moves are banned
|rule|Evasion Abilities Clause: Evasion abilities are banned
|rule|Sleep Moves Clause: Sleep-inducing moves are banned
|clearpoke
|poke|p1|Metagross|
|poke|p1|Magnezone|
|poke|p1|Rotom-Wash|
|poke|p1|Porygon-Z|
|poke|p1|Muk-Alola, M|
|poke|p1|Electrode|
|poke|p2|Dondozo, F|
|poke|p2|Clefable, F|
|poke|p2|Ting-Lu|
|poke|p2|Corviknight, M|
|poke|p2|Skeledirge, M|
|poke|p2|Latias, F|
|teampreview
|
|t:|1779711818
|teamsize|p1|6
|teamsize|p2|6
|start
|switch|p1a: Rotom|Rotom-Wash|100/100
|switch|p2a: Ting-Lu|Ting-Lu|100/100
|-ability|p2a: Ting-Lu|Vessel of Ruin
|turn|1
|
|t:|1779711824
|switch|p2a: Latias|Latias, F|100/100
|move|p1a: Rotom|Hydro Pump|p2a: Latias
|-resisted|p2a: Latias
|-damage|p2a: Latias|84/100
|
|upkeep
|turn|2
|
|t:|1779711832
|move|p2a: Latias|Trick|p1a: Rotom
|-activate|p2a: Latias|move: Trick|[of] p1a: Rotom
|-item|p1a: Rotom|Choice Scarf|[from] move: Trick
|-item|p2a: Latias|Leftovers|[from] move: Trick
|move|p1a: Rotom|Volt Switch|p2a: Latias
|-resisted|p2a: Latias
|-damage|p2a: Latias|72/100
|
|t:|1779711844
|switch|p1a: Muk|Muk-Alola, M|100/100|[from] Volt Switch
|
|-heal|p2a: Latias|78/100|[from] item: Leftovers
|upkeep
|turn|3
|
|t:|1779711852
|switch|p2a: Ting-Lu|Ting-Lu|100/100
|-ability|p2a: Ting-Lu|Vessel of Ruin
|move|p1a: Muk|Knock Off|p2a: Ting-Lu
|-resisted|p2a: Ting-Lu
|-damage|p2a: Ting-Lu|92/100
|-enditem|p2a: Ting-Lu|Assault Vest|[from] move: Knock Off|[of] p1a: Muk
|
|upkeep
|turn|4
|
|t:|1779711869
|switch|p1a: Rotom|Rotom-Wash|100/100
|move|p2a: Ting-Lu|Earthquake|p1a: Rotom
|-immune|p1a: Rotom|[from] ability: Levitate
|
|upkeep
|turn|5
|
|t:|1779711877
|move|p1a: Rotom|Volt Switch|p2a: Ting-Lu
|-immune|p2a: Ting-Lu
|move|p2a: Ting-Lu|Throat Chop|p1a: Rotom
|-damage|p1a: Rotom|67/100
|-start|p1a: Rotom|Throat Chop|[silent]
|
|upkeep
|turn|6
|
|t:|1779711885
|switch|p1a: Electrode|Electrode|100/100
|move|p2a: Ting-Lu|Earthquake|p1a: Electrode
|-supereffective|p1a: Electrode
|-enditem|p1a: Electrode|Focus Sash
|-damage|p1a: Electrode|1/100
|
|upkeep
|turn|7
|
|t:|1779711892
|move|p1a: Electrode|Explosion|p2a: Ting-Lu
|-damage|p2a: Ting-Lu|74/100
|faint|p1a: Electrode
|move|p2a: Ting-Lu|Throat Chop|p1: Electrode|[notarget]
|-fail|p2a: Ting-Lu
|
|upkeep
|
|t:|1779711900
|switch|p1a: Porygon-Z|Porygon-Z|100/100
|-ability|p1a: Porygon-Z|Download|boost
|-boost|p1a: Porygon-Z|spa|1
|turn|8
|
|t:|1779711906
|move|p1a: Porygon-Z|Ice Beam|p2a: Ting-Lu
|-supereffective|p2a: Ting-Lu
|-damage|p2a: Ting-Lu|14/100
|move|p2a: Ting-Lu|Earthquake|p1a: Porygon-Z
|-damage|p1a: Porygon-Z|24/100
|
|upkeep
|turn|9
|
|t:|1779711912
|move|p1a: Porygon-Z|Tri Attack|p2a: Ting-Lu
|-damage|p2a: Ting-Lu|0 fnt
|faint|p2a: Ting-Lu
|
|upkeep
|
|t:|1779711921
|switch|p2a: Corviknight|Corviknight, M|100/100
|-ability|p2a: Corviknight|Pressure
|turn|10
|
|t:|1779711926
|move|p1a: Porygon-Z|Thunderbolt|p2a: Corviknight
|-supereffective|p2a: Corviknight
|-damage|p2a: Corviknight|0 fnt
|faint|p2a: Corviknight
|
|upkeep
|
|t:|1779711930
|switch|p2a: Latias|Latias, F|78/100
|turn|11
|
|t:|1779711935
|move|p2a: Latias|Draco Meteor|p1a: Porygon-Z
|-damage|p1a: Porygon-Z|0 fnt
|-unboost|p2a: Latias|spa|2
|faint|p1a: Porygon-Z
|
|-heal|p2a: Latias|84/100|[from] item: Leftovers
|upkeep
|
|t:|1779711944
|switch|p1a: Metagross|Metagross|100/100
|turn|12
|
|t:|1779711949
|switch|p2a: Dondozo|Dondozo, F|100/100
|move|p1a: Metagross|Stealth Rock|p2a: Dondozo
|-sidestart|p2: antzinmypantz|move: Stealth Rock
|
|upkeep
|turn|13
|
|t:|1779711958
|switch|p1a: Muk|Muk-Alola, M|100/100
|move|p2a: Dondozo|Liquidation|p1a: Muk
|-damage|p1a: Muk|38/100
|
|-heal|p1a: Muk|44/100|[from] item: Leftovers
|upkeep
|turn|14
|
|t:|1779711966
|-terastallize|p1a: Muk|Water
|move|p1a: Muk|Knock Off|p2a: Dondozo
|-damage|p2a: Dondozo|79/100
|-enditem|p2a: Dondozo|Choice Band|[from] move: Knock Off|[of] p1a: Muk
|move|p2a: Dondozo|Liquidation|p1a: Muk
|-resisted|p1a: Muk
|-damage|p1a: Muk|23/100
|-unboost|p1a: Muk|def|1
|
|-heal|p1a: Muk|29/100|[from] item: Leftovers
|upkeep
|turn|15
|
|t:|1779711974
|move|p1a: Muk|Poison Jab|p2a: Dondozo
|-crit|p2a: Dondozo
|-damage|p2a: Dondozo|52/100
|-status|p2a: Dondozo|psn|[from] ability: Poison Touch|[of] p1a: Muk
|move|p2a: Dondozo|Earthquake|p1a: Muk
|-damage|p1a: Muk|0 fnt
|faint|p1a: Muk
|
|-damage|p2a: Dondozo|40/100 psn|[from] psn
|upkeep
|
|t:|1779711982
|switch|p1a: Rotom|Rotom-Wash|67/100
|turn|16
|
|t:|1779711987
|move|p1a: Rotom|Volt Switch|p2a: Dondozo
|-supereffective|p2a: Dondozo
|-damage|p2a: Dondozo|0 fnt
|faint|p2a: Dondozo
|
|t:|1779711991
|switch|p1a: Magnezone|Magnezone|100/100|[from] Volt Switch
|
|upkeep
|
|t:|1779711995
|switch|p2a: Skeledirge|Skeledirge, M|100/100
|turn|17
|
|t:|1779712003
|move|p1a: Magnezone|Volt Switch|p2a: Skeledirge
|-damage|p2a: Skeledirge|38/100
|
|t:|1779712005
|switch|p1a: Rotom|Rotom-Wash|67/100|[from] Volt Switch
|move|p2a: Skeledirge|Torch Song|p1a: Rotom
|-resisted|p1a: Rotom
|-damage|p1a: Rotom|46/100
|-boost|p2a: Skeledirge|spa|1
|
|upkeep
|turn|18
|
|t:|1779712016
|move|p1a: Rotom|Volt Switch|p2a: Skeledirge
|-damage|p2a: Skeledirge|11/100
|
|t:|1779712020
|switch|p1a: Magnezone|Magnezone|100/100|[from] Volt Switch
|move|p2a: Skeledirge|Torch Song|p1a: Magnezone
|-supereffective|p1a: Magnezone
|-damage|p1a: Magnezone|0 fnt
|-boost|p2a: Skeledirge|spa|1
|faint|p1a: Magnezone
|
|upkeep
|
|t:|1779712023
|switch|p1a: Rotom|Rotom-Wash|46/100
|turn|19
|
|t:|1779712027
|move|p1a: Rotom|Volt Switch|p2a: Skeledirge
|-damage|p2a: Skeledirge|0 fnt
|faint|p2a: Skeledirge
|
|t:|1779712029
|switch|p1a: Metagross|Metagross|100/100|[from] Volt Switch
|
|upkeep
|
|t:|1779712039
|switch|p2a: Clefable|Clefable, F|100/100
|turn|20
|
|t:|1779712041
|-terastallize|p2a: Clefable|Fire
|move|p1a: Metagross|Psychic Fangs|p2a: Clefable
|-damage|p2a: Clefable|49/100
|move|p2a: Clefable|Fire Blast|p1a: Metagross
|-supereffective|p1a: Metagross
|-damage|p1a: Metagross|0 fnt
|faint|p1a: Metagross
|
|upkeep
|
|t:|1779712048
|switch|p1a: Rotom|Rotom-Wash|46/100
|turn|21
|
|t:|1779712051
|move|p1a: Rotom|Volt Switch|p2a: Clefable
|-damage|p2a: Clefable|27/100
|move|p2a: Clefable|Moonblast|p1a: Rotom
|-damage|p1a: Rotom|0 fnt
|faint|p1a: Rotom
|
|win|antzinmypantz
|raw|Uiryamu's rating: 1349 &rarr; <strong>1336</strong><br />(-13 for losing)
|raw|antzinmypantz's rating: 1468 &rarr; <strong>1481</strong><br />(+13 for winning)
|c|☆antzinmypantz|gg
|l|☆Uiryamu
|player|p1|
|l|☆antzinmypantz
|player|p2|
