|j|☆Lano Del Rey2
|j|☆xsilver069623
|t:|1779595768
|gametype|singles
|player|p1|Lano Del Rey2|swimmer-gen4dp|1285
|player|p2|xsilver069623|silver|1333
|gen|9
|tier|[Gen 9] OU
|rated|
|rule|HP Percentage Mod: HP is shown in percentages
|rule|Endless Battle Clause: Forcing endless battles is banned
|rule|Species Clause: Limit one of each Pokémon
|rule|OHKO Clause: OHKO moves are banned
|rule|Evasion Items Clause: Evasion items are banned
|rule|Evasion Moves Clause: Evasion moves are banned
|rule|Evasion Abilities Clause: Evasion abilities are banned
|rule|Sleep Moves Clause: Sleep-inducing moves are banned
|clearpoke
|poke|p1|Tyranitar, M|
|poke|p1|Excadrill, F|
|poke|p1|Clefable, M|
|poke|p1|Glimmora, F|
|poke|p1|Vaporeon, M|
|poke|p1|Skarmory, F|
|poke|p2|Volcanion|
|poke|p2|Zoroark-Hisui, M|
|poke|p2|Reuniclus, M|
|poke|p2|Scizor, F|
|poke|p2|Darkrai|
|poke|p2|Kommo-o, M|
|teampreview
|inactive|Battle timer is ON: inactive players will automatically lose when time's up. (requested by xsilver069623)
|inactive|Lano Del Rey2 also wants the timer to be on.
|
|t:|1779595782
|teamsize|p1|6
|teamsize|p2|6
|start
|switch|p1a: Tyranitar|Tyranitar, M|100/100
|switch|p2a: Reuniclus|Reuniclus, M|100/100
|-weather|Sandstorm|[from] ability: Sand Stream|[of] p1a: Tyranitar
|turn|1
|
|t:|1779595789
|move|p1a: Tyranitar|Knock Off|p2a: Reuniclus
|-supereffective|p2a: Reuniclus
|-damage|p2a: Reuniclus|0 fnt
|-enditem|p2a: Reuniclus|Light Clay|[from] move: Knock Off|[of] p1a: Tyranitar
|faint|p2a: Reuniclus
|
|-weather|Sandstorm|[upkeep]
|upkeep
|
|t:|1779595796
|switch|p2a: Kommo-o|Kommo-o, M|100/100
|turn|2
|
|t:|1779595800
|move|p2a: Kommo-o|Clangorous Soul|p2a: Kommo-o
|-boost|p2a: Kommo-o|atk|1
|-boost|p2a: Kommo-o|def|1
|-boost|p2a: Kommo-o|spa|1
|-boost|p2a: Kommo-o|spd|1
|-boost|p2a: Kommo-o|spe|1
|-damage|p2a: Kommo-o|68/100
|move|p1a: Tyranitar|Knock Off|p2a: Kommo-o
|-resisted|p2a: Kommo-o
|-damage|p2a: Kommo-o|43/100
|-enditem|p2a: Kommo-o|Loaded Dice|[from] move: Knock Off|[of] p1a: Tyranitar
|
|-weather|Sandstorm|[upkeep]
|-damage|p2a: Kommo-o|37/100|[from] Sandstorm
|upkeep
|turn|3
|
|t:|1779595816
|switch|p1a: Skarmory|Skarmory, F|100/100
|move|p2a: Kommo-o|Drain Punch|p1a: Skarmory
|-damage|p1a: Skarmory|64/100
|-heal|p2a: Kommo-o|56/100|[from] drain|[of] p1a: Skarmory
|-damage|p2a: Kommo-o|40/100|[from] item: Rocky Helmet|[of] p1a: Skarmory
|
|-weather|Sandstorm|[upkeep]
|-damage|p2a: Kommo-o|34/100|[from] Sandstorm
|upkeep
|turn|4
|
|t:|1779595826
|move|p2a: Kommo-o|Drain Punch|p1a: Skarmory
|-damage|p1a: Skarmory|32/100
|-heal|p2a: Kommo-o|50/100|[from] drain|[of] p1a: Skarmory
|-damage|p2a: Kommo-o|33/100|[from] item: Rocky Helmet|[of] p1a: Skarmory
|move|p1a: Skarmory|Iron Defense|p1a: Skarmory
|-boost|p1a: Skarmory|def|2
|
|-weather|Sandstorm|[upkeep]
|-damage|p2a: Kommo-o|27/100|[from] Sandstorm
|upkeep
|turn|5
|
|t:|1779595837
|move|p2a: Kommo-o|Drain Punch|p1a: Skarmory
|-damage|p1a: Skarmory|16/100
|-heal|p2a: Kommo-o|35/100|[from] drain|[of] p1a: Skarmory
|-damage|p2a: Kommo-o|19/100|[from] item: Rocky Helmet|[of] p1a: Skarmory
|move|p1a: Skarmory|Roost|p1a: Skarmory
|-heal|p1a: Skarmory|66/100
|-singleturn|p1a: Skarmory|move: Roost
|
|-weather|none
|upkeep
|turn|6
|
|t:|1779595847
|move|p2a: Kommo-o|Drain Punch|p1a: Skarmory
|-damage|p1a: Skarmory|50/100
|-heal|p2a: Kommo-o|27/100|[from] drain|[of] p1a: Skarmory
|-damage|p2a: Kommo-o|11/100|[from] item: Rocky Helmet|[of] p1a: Skarmory
|move|p1a: Skarmory|Roost|p1a: Skarmory
|-heal|p1a: Skarmory|99/100
|-singleturn|p1a: Skarmory|move: Roost
|
|upkeep
|turn|7
|
|t:|1779595856
|move|p2a: Kommo-o|Drain Punch|p1a: Skarmory
|-damage|p1a: Skarmory|83/100
|-heal|p2a: Kommo-o|19/100|[from] drain|[of] p1a: Skarmory
|-damage|p2a: Kommo-o|3/100|[from] item: Rocky Helmet|[of] p1a: Skarmory
|move|p1a: Skarmory|Stealth Rock|p2a: Kommo-o
|-sidestart|p2: xsilver069623|move: Stealth Rock
|
|upkeep
|turn|8
|
|t:|1779595867
|move|p2a: Kommo-o|Drain Punch|p1a: Skarmory
|-damage|p1a: Skarmory|66/100
|-heal|p2a: Kommo-o|12/100|[from] drain|[of] p1a: Skarmory
|-damage|p2a: Kommo-o|0 fnt|[from] item: Rocky Helmet|[of] p1a: Skarmory
|faint|p2a: Kommo-o
|move|p1a: Skarmory|Body Press|p2: Kommo-o|[notarget]
|-fail|p1a: Skarmory
|
|upkeep
|
|t:|1779595874
|switch|p2a: Scizor|Scizor, F|100/100
|turn|9
|
|t:|1779595878
|move|p1a: Skarmory|Body Press|p2a: Scizor
|-damage|p2a: Scizor|37/100
|move|p2a: Scizor|Defog|p1a: Skarmory
|-unboost|p1a: Skarmory|evasion|1
|-sideend|p2: xsilver069623|Stealth Rock|[from] move: Defog|[of] p2a: Scizor
|
|upkeep
|turn|10
|
|t:|1779595884
|switch|p2a: Darkrai|Darkrai|100/100
|move|p1a: Skarmory|Body Press|p2a: Darkrai
|-immune|p2a: Darkrai
|
|upkeep
|turn|11
|
|t:|1779595894
|switch|p1a: Tyranitar|Tyranitar, M|100/100
|-weather|Sandstorm|[from] ability: Sand Stream|[of] p1a: Tyranitar
|move|p2a: Darkrai|Nasty Plot|p2a: Darkrai
|-boost|p2a: Darkrai|spa|2
|
|-weather|Sandstorm|[upkeep]
|-damage|p2a: Darkrai|95/100|[from] Sandstorm
|upkeep
|turn|12
|
|t:|1779595903
|move|p2a: Darkrai|Focus Blast|p1a: Tyranitar
|-supereffective|p1a: Tyranitar
|-damage|p1a: Tyranitar|0 fnt
|faint|p1a: Tyranitar
|
|-weather|Sandstorm|[upkeep]
|-damage|p2a: Darkrai|89/100|[from] Sandstorm
|upkeep
|
|t:|1779595909
|switch|p1a: Excadrill|Excadrill, F|100/100
|-item|p1a: Excadrill|Air Balloon
|turn|13
|
|t:|1779595914
|move|p1a: Excadrill|Iron Head|p2a: Darkrai
|-damage|p2a: Darkrai|0 fnt
|replace|p2a: Zoroark|Zoroark-Hisui, M
|-end|p2a: Zoroark|Illusion
|faint|p2a: Zoroark
|
|-weather|Sandstorm|[upkeep]
|upkeep
|
|t:|1779595924
|switch|p2a: Volcanion|Volcanion|100/100
|turn|14
|
|t:|1779595931
|-terastallize|p2a: Volcanion|Grass
|move|p1a: Excadrill|Earthquake|p2a: Volcanion
|-resisted|p2a: Volcanion
|-damage|p2a: Volcanion|77/100
|move|p2a: Volcanion|Steam Eruption|p1a: Excadrill
|-supereffective|p1a: Excadrill
|-damage|p1a: Excadrill|0 fnt
|-enditem|p1a: Excadrill|Air Balloon
|faint|p1a: Excadrill
|
|-weather|Sandstorm|[upkeep]
|-damage|p2a: Volcanion|71/100|[from] Sandstorm
|-heal|p2a: Volcanion|77/100|[from] item: Leftovers
|upkeep
|
|t:|1779595945
|switch|p1a: Fishtail|Vaporeon, M|100/100
|turn|15
|
|t:|1779595949
|move|p2a: Volcanion|Taunt|p1a: Fishtail
|-start|p1a: Fishtail|move: Taunt
|move|p1a: Fishtail|Mud-Slap|p2a: Volcanion
|-resisted|p2a: Volcanion
|-damage|p2a: Volcanion|74/100
|-unboost|p2a: Volcanion|accuracy|1
|
|-weather|none
|-heal|p2a: Volcanion|80/100|[from] item: Leftovers
|upkeep
|turn|16
|
|t:|1779595962
|switch|p2a: Scizor|Scizor, F|37/100
|move|p1a: Fishtail|Mud-Slap|p2a: Scizor
|-damage|p2a: Scizor|31/100
|-unboost|p2a: Scizor|accuracy|1
|
|upkeep
|turn|17
|
|t:|1779595969
|move|p2a: Scizor|Knock Off|p1a: Fishtail|[miss]
|-miss|p2a: Scizor|p1a: Fishtail
|move|p1a: Fishtail|Scald|p2a: Scizor
|-damage|p2a: Scizor|0 fnt
|faint|p2a: Scizor
|
|-end|p1a: Fishtail|move: Taunt
|upkeep
|
|t:|1779595977
|switch|p2a: Darkrai|Darkrai|100/100
|turn|18
|
|t:|1779595981
|move|p2a: Darkrai|Nasty Plot|p2a: Darkrai
|-boost|p2a: Darkrai|spa|2
|move|p1a: Fishtail|Mud-Slap|p2a: Darkrai
|-damage|p2a: Darkrai|94/100
|-unboost|p2a: Darkrai|accuracy|1
|
|upkeep
|turn|19
|
|t:|1779595989
|move|p2a: Darkrai|Dark Pulse|p1a: Fishtail
|-crit|p1a: Fishtail
|-damage|p1a: Fishtail|15/100
|move|p1a: Fishtail|Mud-Slap|p2a: Darkrai
|-damage|p2a: Darkrai|87/100
|-unboost|p2a: Darkrai|accuracy|1
|
|-heal|p1a: Fishtail|21/100|[from] item: Leftovers
|upkeep
|turn|20
|
|t:|1779596000
|move|p2a: Darkrai|Dark Pulse|p1a: Fishtail|[miss]
|-miss|p2a: Darkrai|p1a: Fishtail
|move|p1a: Fishtail|Wish|p1a: Fishtail
|
|-heal|p1a: Fishtail|27/100|[from] item: Leftovers
|upkeep
|turn|21
|
|t:|1779596007
|move|p1a: Fishtail|Protect|p1a: Fishtail
|-singleturn|p1a: Fishtail|Protect
|move|p2a: Darkrai|Nasty Plot|p2a: Darkrai
|-boost|p2a: Darkrai|spa|2
|
|-heal|p1a: Fishtail|77/100|[from] move: Wish|[wisher] Fishtail
|-heal|p1a: Fishtail|84/100|[from] item: Leftovers
|upkeep
|turn|22
|
|t:|1779596016
|move|p2a: Darkrai|Dark Pulse|p1a: Fishtail
|-damage|p1a: Fishtail|0 fnt
|faint|p1a: Fishtail
|
|upkeep
|
|t:|1779596022
|switch|p1a: Clefable|Clefable, M|100/100
|turn|23
|
|t:|1779596025
|move|p2a: Darkrai|Sludge Bomb|p1a: Clefable|[miss]
|-miss|p2a: Darkrai|p1a: Clefable
|move|p1a: Clefable|Moonblast|p2a: Darkrai
|-supereffective|p2a: Darkrai
|-damage|p2a: Darkrai|0 fnt
|faint|p2a: Darkrai
|
|upkeep
|
|t:|1779596032
|switch|p2a: Volcanion|Volcanion, tera:Grass|80/100
|turn|24
|
|t:|1779596037
|move|p2a: Volcanion|Sludge Bomb|p1a: Clefable
|-supereffective|p1a: Clefable
|-damage|p1a: Clefable|39/100
|move|p1a: Clefable|Flamethrower|p2a: Volcanion
|-supereffective|p2a: Volcanion
|-damage|p2a: Volcanion|25/100
|
|-heal|p2a: Volcanion|32/100|[from] item: Leftovers
|upkeep
|turn|25
|
|t:|1779596047
|move|p2a: Volcanion|Sludge Bomb|p1a: Clefable
|-supereffective|p1a: Clefable
|-damage|p1a: Clefable|0 fnt
|faint|p1a: Clefable
|
|-heal|p2a: Volcanion|38/100|[from] item: Leftovers
|upkeep
|
|t:|1779596053
|switch|p1a: A&W|Glimmora, F, shiny|100/100
|turn|26
|
|t:|1779596056
|-terastallize|p1a: A&W|Ghost
|move|p1a: A&W|Sludge Wave|p2a: Volcanion
|-supereffective|p2a: Volcanion
|-damage|p2a: Volcanion|0 fnt
|faint|p2a: Volcanion
|
|win|Lano Del Rey2
|raw|Lano Del Rey2's rating: 1285 &rarr; <strong>1313</strong><br />(+28 for winning)
|raw|xsilver069623's rating: 1333 &rarr; <strong>1310</strong><br />(-23 for losing)
|l|☆Lano Del Rey2
|player|p1|
|l|☆xsilver069623
|player|p2|
