|j|☆sansdddsans
|j|☆shauryagarchamp
|t:|1779616594
|gametype|singles
|player|p1|sansdddsans|1|1093
|player|p2|shauryagarchamp|elesa-masters3|1061
|gen|9
|tier|[Gen 9] OU
|rated|
|rule|HP Percentage Mod: HP is shown in percentages
|rule|Endless Battle Clause: Forcing endless battles is banned
|rule|Species Clause: Limit one of each Pokémon
|rule|OHKO Clause: OHKO moves are banned
|rule|Evasion Items Clause: Evasion items are banned
|rule|Evasion Moves Clause: Evasion moves are banned
|rule|Evasion Abilities Clause: Evasion abilities are banned
|rule|Sleep Moves Clause: Sleep-inducing moves are banned
|clearpoke
|poke|p1|Ceruledge, M|
|poke|p1|Florges, F|
|poke|p1|Venusaur, F|
|poke|p1|Greninja-*, M|
|poke|p1|Duraludon, M|
|poke|p1|Ting-Lu|
|poke|p2|Ceruledge, M|
|poke|p2|Weavile, F|
|poke|p2|Gastrodon-East, F|
|poke|p2|Thundurus-Therian, M|
|teampreview
|inactive|Battle timer is ON: inactive players will automatically lose when time's up. (requested by shauryagarchamp)
|
|t:|1779616620
|teamsize|p1|6
|teamsize|p2|4
|start
|switch|p1a: Venusaur|Venusaur, F, shiny|100/100
|switch|p2a: Gastrodon|Gastrodon-East, F|100/100
|turn|1
|
|t:|1779616643
|move|p1a: Venusaur|Substitute|p1a: Venusaur
|-start|p1a: Venusaur|Substitute
|-damage|p1a: Venusaur|76/100
|move|p2a: Gastrodon|Ice Beam|p1a: Venusaur
|-supereffective|p1a: Venusaur
|-end|p1a: Venusaur|Substitute
|
|-heal|p1a: Venusaur|82/100|[from] item: Leftovers
|upkeep
|turn|2
|
|t:|1779616654
|move|p1a: Venusaur|Protect|p1a: Venusaur
|-singleturn|p1a: Venusaur|Protect
|move|p2a: Gastrodon|Ice Beam|p1a: Venusaur
|-activate|p1a: Venusaur|move: Protect
|
|-heal|p1a: Venusaur|88/100|[from] item: Leftovers
|upkeep
|turn|3
|
|t:|1779616669
|switch|p1a: Greninja|Greninja, M, shiny|100/100
|move|p2a: Gastrodon|Ice Beam|p1a: Greninja
|-resisted|p1a: Greninja
|-damage|p1a: Greninja|87/100
|
|upkeep
|turn|4
|c|☆shauryagarchamp|Just one giga drain and its over
|
|t:|1779616682
|move|p1a: Greninja|Surf|p2a: Gastrodon
|-ability|p2a: Gastrodon|Storm Drain|boost
|-boost|p2a: Gastrodon|spa|1
|move|p2a: Gastrodon|Stealth Rock|p1a: Greninja
|-sidestart|p1: sansdddsans|move: Stealth Rock
|
|upkeep
|turn|5
|c|☆shauryagarchamp|That black greninja is sick!
|
|t:|1779616698
|move|p1a: Greninja|Dark Pulse|p2a: Gastrodon
|-crit|p2a: Gastrodon
|-damage|p2a: Gastrodon|67/100
|cant|p2a: Gastrodon|flinch
|
|upkeep
|turn|6
|
|t:|1779616705
|move|p1a: Greninja|Dark Pulse|p2a: Gastrodon
|-damage|p2a: Gastrodon|43/100
|move|p2a: Gastrodon|Recover|p2a: Gastrodon
|-heal|p2a: Gastrodon|93/100
|
|upkeep
|turn|7
|
|t:|1779616715
|move|p1a: Greninja|Dark Pulse|p2a: Gastrodon
|-crit|p2a: Gastrodon
|-damage|p2a: Gastrodon|58/100
|move|p2a: Gastrodon|Ice Beam|p1a: Greninja
|-resisted|p1a: Greninja
|-damage|p1a: Greninja|66/100
|
|upkeep
|turn|8
|
|t:|1779616725
|move|p1a: Greninja|Dark Pulse|p2a: Gastrodon
|-damage|p2a: Gastrodon|36/100
|move|p2a: Gastrodon|Recover|p2a: Gastrodon
|-heal|p2a: Gastrodon|86/100
|
|upkeep
|turn|9
|
|t:|1779616734
|move|p1a: Greninja|Ice Beam|p2a: Gastrodon
|-damage|p2a: Gastrodon|68/100
|move|p2a: Gastrodon|Ice Beam|p1a: Greninja
|-resisted|p1a: Greninja
|-damage|p1a: Greninja|46/100
|
|upkeep
|turn|10
|
|t:|1779616743
|move|p1a: Greninja|Extrasensory|p2a: Gastrodon
|-damage|p2a: Gastrodon|54/100
|move|p2a: Gastrodon|Recover|p2a: Gastrodon
|-heal|p2a: Gastrodon|100/100
|
|upkeep
|turn|11
|
|t:|1779616756
|switch|p1a: Duraludon|Duraludon, M, shiny|100/100
|-damage|p1a: Duraludon|94/100|[from] Stealth Rock
|move|p2a: Gastrodon|Ice Beam|p1a: Duraludon
|-damage|p1a: Duraludon|56/100
|
|upkeep
|turn|12
|
|t:|1779616774
|move|p1a: Duraludon|Dragon Pulse|p2a: Gastrodon
|-damage|p2a: Gastrodon|66/100
|move|p2a: Gastrodon|Stealth Rock||[still]
|-fail|p2a: Gastrodon
|
|upkeep
|turn|13
|
|t:|1779616781
|move|p1a: Duraludon|Solar Beam||[still]
|-prepare|p1a: Duraludon|Solar Beam
|move|p2a: Gastrodon|Recover|p2a: Gastrodon
|-heal|p2a: Gastrodon|100/100
|
|upkeep
|turn|14
|
|t:|1779616790
|switch|p2a: Long time bud|Ceruledge, M, shiny|100/100
|move|p1a: Duraludon|Solar Beam|p2a: Long time bud|[from] lockedmove
|-resisted|p2a: Long time bud
|-damage|p2a: Long time bud|83/100
|
|upkeep
|turn|15
|
|t:|1779616810
|move|p2a: Long time bud|Swords Dance|p2a: Long time bud
|-boost|p2a: Long time bud|atk|2
|move|p1a: Duraludon|Dark Pulse|p2a: Long time bud
|-supereffective|p2a: Long time bud
|-damage|p2a: Long time bud|36/100
|-enditem|p2a: Long time bud|Sitrus Berry|[eat]
|-heal|p2a: Long time bud|61/100|[from] item: Sitrus Berry
|
|upkeep
|turn|16
|c|☆shauryagarchamp|I dont want my gastro to die that early!
|
|t:|1779616818
|move|p2a: Long time bud|Bitter Blade|p1a: Duraludon
|-damage|p1a: Duraludon|0 fnt
|-heal|p2a: Long time bud|83/100|[from] drain|[of] p1a: Duraludon
|faint|p1a: Duraludon
|
|upkeep
|
|t:|1779616827
|switch|p1a: Greninja|Greninja, M, shiny|46/100
|-damage|p1a: Greninja|34/100|[from] Stealth Rock
|turn|17
|
|t:|1779616835
|move|p2a: Long time bud|Shadow Sneak|p1a: Greninja
|-resisted|p1a: Greninja
|-damage|p1a: Greninja|6/100
|move|p1a: Greninja|Surf|p2a: Long time bud
|-supereffective|p2a: Long time bud
|-damage|p2a: Long time bud|0 fnt
|faint|p2a: Long time bud
|
|upkeep
|
|t:|1779616844
|switch|p2a: Full utility|Weavile, F|100/100
|turn|18
|
|t:|1779616856
|move|p2a: Full utility|Low Sweep|p1a: Greninja
|-supereffective|p1a: Greninja
|-damage|p1a: Greninja|0 fnt
|faint|p1a: Greninja
|
|upkeep
|
|t:|1779616870
|switch|p1a: Ceruledge|Ceruledge, M, shiny|100/100
|-damage|p1a: Ceruledge|76/100|[from] Stealth Rock
|turn|19
|
|t:|1779616878
|-terastallize|p1a: Ceruledge|Fire
|move|p2a: Full utility|Knock Off|p1a: Ceruledge
|-damage|p1a: Ceruledge|25/100
|-ability|p1a: Ceruledge|Weak Armor|boost
|-unboost|p1a: Ceruledge|def|1
|-boost|p1a: Ceruledge|spe|2
|-enditem|p1a: Ceruledge|Flame Plate|[from] move: Knock Off|[of] p2a: Full utility
|move|p1a: Ceruledge|Bitter Blade|p2a: Full utility
|-supereffective|p2a: Full utility
|-enditem|p2a: Full utility|Focus Sash
|-damage|p2a: Full utility|1/100
|-heal|p1a: Ceruledge|74/100|[from] drain|[of] p2a: Full utility
|
|upkeep
|turn|20
|
|t:|1779616903
|move|p2a: Full utility|Ice Shard|p1a: Ceruledge
|-resisted|p1a: Ceruledge
|-damage|p1a: Ceruledge|58/100
|-ability|p1a: Ceruledge|Weak Armor|boost
|-unboost|p1a: Ceruledge|def|1
|-boost|p1a: Ceruledge|spe|2
|move|p1a: Ceruledge|Bitter Blade|p2a: Full utility
|-supereffective|p2a: Full utility
|-damage|p2a: Full utility|0 fnt
|-heal|p1a: Ceruledge|58/100|[from] drain|[of] p2a: Full utility
|faint|p2a: Full utility
|
|upkeep
|inactive|shauryagarchamp has 120 seconds left.
|
|t:|1779616918
|switch|p2a: Thundurus|Thundurus-Therian, M|100/100
|turn|21
|inactive|shauryagarchamp has 120 seconds left.
|
|t:|1779616929
|-terastallize|p2a: Thundurus|Psychic
|move|p1a: Ceruledge|Bitter Blade|p2a: Thundurus
|-damage|p2a: Thundurus|19/100
|-heal|p1a: Ceruledge|100/100|[from] drain|[of] p2a: Thundurus
|move|p2a: Thundurus|Psychic|p1a: Ceruledge
|-damage|p1a: Ceruledge|46/100
|
|upkeep
|turn|22
|inactive|shauryagarchamp has 120 seconds left.
|
|t:|1779616942
|move|p1a: Ceruledge|Bitter Blade|p2a: Thundurus
|-damage|p2a: Thundurus|0 fnt
|-heal|p1a: Ceruledge|57/100|[from] drain|[of] p2a: Thundurus
|faint|p2a: Thundurus
|
|upkeep
|
|t:|1779616945
|switch|p2a: Gastrodon|Gastrodon-East, F|100/100
|turn|23
|c|☆shauryagarchamp|He wins,i loose!
|
|t:|1779616958
|move|p1a: Ceruledge|Poltergeist|p2a: Gastrodon
|-activate|p2a: Gastrodon|move: Poltergeist|Rocky Helmet
|-crit|p2a: Gastrodon
|-damage|p2a: Gastrodon|14/100
|move|p2a: Gastrodon|Clear Smog|p1a: Ceruledge
|-damage|p1a: Ceruledge|47/100
|-clearboost|p1a: Ceruledge
|
|upkeep
|turn|24
|
|t:|1779616972
|move|p1a: Ceruledge|Phantom Force||[still]
|-prepare|p1a: Ceruledge|Phantom Force
|move|p2a: Gastrodon|Recover|p2a: Gastrodon
|-heal|p2a: Gastrodon|64/100
|
|upkeep
|turn|25
|
|t:|1779616980
|move|p1a: Ceruledge|Phantom Force|p2a: Gastrodon|[from] lockedmove
|-damage|p2a: Gastrodon|10/100
|-damage|p1a: Ceruledge|30/100|[from] item: Rocky Helmet|[of] p2a: Gastrodon
|move|p2a: Gastrodon|Ice Beam|p1a: Ceruledge
|-resisted|p1a: Ceruledge
|-damage|p1a: Ceruledge|20/100
|
|upkeep
|turn|26
|
|t:|1779616994
|move|p1a: Ceruledge|Poltergeist|p2a: Gastrodon
|-activate|p2a: Gastrodon|move: Poltergeist|Rocky Helmet
|-damage|p2a: Gastrodon|0 fnt
|faint|p2a: Gastrodon
|
|win|sansdddsans
|raw|sansdddsans's rating: 1093 &rarr; <strong>1117</strong><br />(+24 for winning)
|raw|shauryagarchamp's rating: 1061 &rarr; <strong>1044</strong><br />(-17 for losing)
|l|☆shauryagarchamp
|player|p2|
