|j|☆louwilliamzz
|j|☆BigCungusxRemix
|t:|1779667284
|gametype|singles
|player|p1|louwilliamzz|266|1357
|player|p2|BigCungusxRemix|101|1428
|gen|9
|tier|[Gen 9] OU
|rated|
|rule|HP Percentage Mod: HP is shown in percentages
|rule|Endless Battle Clause: Forcing endless battles is banned
|rule|Species Clause: Limit one of each Pokémon
|rule|OHKO Clause: OHKO moves are banned
|rule|Evasion Items Clause: Evasion items are banned
|rule|Evasion Moves Clause: Evasion moves are banned
|rule|Evasion Abilities Clause: Evasion abilities are banned
|rule|Sleep Moves Clause: Sleep-inducing moves are banned
|clearpoke
|poke|p1|Hatterene, F|
|poke|p1|Ursaluna, M|
|poke|p1|Alomomola, F|
|poke|p1|Slowking-Galar, M|
|poke|p1|Kingambit, M|
|poke|p1|Vikavolt, M|
|poke|p2|Volcanion|
|poke|p2|Samurott-Hisui, F|
|poke|p2|Pecharunt|
|poke|p2|Quaquaval, F|
|poke|p2|Gliscor, M|
|poke|p2|Rotom-Wash|
|teampreview
|
|t:|1779667292
|teamsize|p1|6
|teamsize|p2|6
|start
|switch|p1a: Hatterene|Hatterene, F|100/100
|switch|p2a: Samurott|Samurott-Hisui, F|100/100
|turn|1
|
|t:|1779667300
|move|p2a: Samurott|Ceaseless Edge|p1a: Hatterene
|-damage|p1a: Hatterene|46/100
|-damage|p2a: Samurott|84/100|[from] item: Rocky Helmet|[of] p1a: Hatterene
|-sidestart|p1: louwilliamzz|Spikes
|move|p1a: Hatterene|Dazzling Gleam|p2a: Samurott
|-supereffective|p2a: Samurott
|-damage|p2a: Samurott|0 fnt
|faint|p2a: Samurott
|
|upkeep
|
|t:|1779667309
|switch|p2a: Volcanion|Volcanion|100/100
|turn|2
|
|t:|1779667314
|switch|p1a: Alomomola|Alomomola, F, shiny|100/100
|-damage|p1a: Alomomola|88/100|[from] Spikes
|move|p2a: Volcanion|Sludge Bomb|p1a: Alomomola
|-damage|p1a: Alomomola|69/100
|-status|p1a: Alomomola|psn
|
|-damage|p1a: Alomomola|57/100 psn|[from] psn
|upkeep
|turn|3
|
|t:|1779667325
|move|p2a: Volcanion|Fire Spin|p1a: Alomomola|[miss]
|-miss|p2a: Volcanion|p1a: Alomomola
|move|p1a: Alomomola|Mirror Coat||[still]
|-fail|p1a: Alomomola
|
|-damage|p1a: Alomomola|44/100 psn|[from] psn
|upkeep
|turn|4
|
|t:|1779667349
|switch|p1a: Slowking|Slowking-Galar, M|100/100
|-damage|p1a: Slowking|88/100|[from] Spikes
|move|p2a: Volcanion|Fire Spin|p1a: Slowking
|-damage|p1a: Slowking|71/100
|-activate|p1a: Slowking|move: Fire Spin|[of] p2a: Volcanion
|
|-heal|p1a: Slowking|77/100|[from] item: Black Sludge
|-damage|p1a: Slowking|65/100|[from] move: Fire Spin|[partiallytrapped]
|upkeep
|turn|5
|
|t:|1779667358
|move|p2a: Volcanion|Taunt|p1a: Slowking
|-start|p1a: Slowking|move: Taunt
|cant|p1a: Slowking|move: Taunt|Trick Room
|
|-heal|p1a: Slowking|71/100|[from] item: Black Sludge
|-damage|p1a: Slowking|59/100|[from] move: Fire Spin|[partiallytrapped]
|upkeep
|turn|6
|
|t:|1779667364
|move|p2a: Volcanion|Steam Eruption|p1a: Slowking
|-damage|p1a: Slowking|7/100
|move|p1a: Slowking|Future Sight|p2a: Volcanion
|-start|p1a: Slowking|move: Future Sight
|
|-heal|p1a: Slowking|13/100|[from] item: Black Sludge
|-damage|p1a: Slowking|0 fnt|[from] move: Fire Spin|[partiallytrapped]
|faint|p1a: Slowking
|upkeep
|
|t:|1779667385
|switch|p1a: Vikavolt|Vikavolt, M, shiny|100/100
|turn|7
|
|t:|1779667397
|-terastallize|p1a: Vikavolt|Electric
|move|p2a: Volcanion|Fire Spin|p1a: Vikavolt
|-damage|p1a: Vikavolt|75/100
|-activate|p1a: Vikavolt|move: Fire Spin|[of] p2a: Volcanion
|move|p1a: Vikavolt|Thunderbolt|p2a: Volcanion
|-supereffective|p2a: Volcanion
|-damage|p2a: Volcanion|0 fnt
|faint|p2a: Volcanion
|
|-end|p1a: Vikavolt|Fire Spin|[partiallytrapped]|[silent]
|upkeep
|
|t:|1779667410
|switch|p2a: Gliscor|Gliscor, M|100/100
|turn|8
|
|t:|1779667423
|switch|p1a: Alomomola|Alomomola, F, shiny|77/100 psn
|-damage|p1a: Alomomola|65/100 psn|[from] Spikes
|move|p2a: Gliscor|Earthquake|p1a: Alomomola
|-damage|p1a: Alomomola|40/100 psn
|
|-end|p2a: Gliscor|move: Future Sight
|-damage|p2a: Gliscor|59/100
|-damage|p1a: Alomomola|28/100 psn|[from] psn
|-status|p2a: Gliscor|tox|[from] item: Toxic Orb
|upkeep
|turn|9
|
|t:|1779667439
|move|p2a: Gliscor|Earthquake|p1a: Alomomola
|-damage|p1a: Alomomola|3/100 psn
|move|p1a: Alomomola|Flip Turn|p2a: Gliscor
|-supereffective|p2a: Gliscor
|-damage|p2a: Gliscor|30/100 tox
|inactive|Battle timer is ON: inactive players will automatically lose when time's up. (requested by louwilliamzz)
|
|t:|1779667451
|switch|p1a: Ursaluna|Ursaluna, M|100/100|[from] Flip Turn
|-damage|p1a: Ursaluna|88/100|[from] Spikes
|
|-heal|p2a: Gliscor|42/100 tox|[from] ability: Poison Heal
|-status|p1a: Ursaluna|brn|[from] item: Flame Orb
|upkeep
|turn|10
|
|t:|1779667471
|move|p2a: Gliscor|Earthquake|p1a: Ursaluna
|-damage|p1a: Ursaluna|66/100 brn
|move|p1a: Ursaluna|Facade|p2a: Gliscor
|-damage|p2a: Gliscor|0 fnt
|faint|p2a: Gliscor
|
|-damage|p1a: Ursaluna|59/100 brn|[from] brn
|upkeep
|
|t:|1779667479
|switch|p2a: Quaquaval|Quaquaval, F|100/100
|turn|11
|inactive|louwilliamzz has 120 seconds left.
|
|t:|1779667525
|switch|p1a: Hatterene|Hatterene, F|46/100
|-damage|p1a: Hatterene|34/100|[from] Spikes
|move|p2a: Quaquaval|Close Combat|p1a: Hatterene
|-resisted|p1a: Hatterene
|-damage|p1a: Hatterene|19/100
|-unboost|p2a: Quaquaval|def|1
|-unboost|p2a: Quaquaval|spd|1
|-damage|p2a: Quaquaval|84/100|[from] item: Rocky Helmet|[of] p1a: Hatterene
|
|upkeep
|turn|12
|
|t:|1779667538
|move|p2a: Quaquaval|Aqua Step|p1a: Hatterene
|-damage|p1a: Hatterene|0 fnt
|-boost|p2a: Quaquaval|spe|1
|-damage|p2a: Quaquaval|68/100|[from] item: Rocky Helmet|[of] p1a: Hatterene
|faint|p1a: Hatterene
|-ability|p2a: Quaquaval|Moxie|boost
|-boost|p2a: Quaquaval|atk|1
|
|upkeep
|
|t:|1779667552
|switch|p1a: Alomomola|Alomomola, F, shiny|36/100 psn
|-damage|p1a: Alomomola|23/100 psn|[from] Spikes
|turn|13
|
|t:|1779667558
|move|p2a: Quaquaval|Close Combat|p1a: Alomomola
|-damage|p1a: Alomomola|0 fnt
|-unboost|p2a: Quaquaval|def|1
|-unboost|p2a: Quaquaval|spd|1
|faint|p1a: Alomomola
|-ability|p2a: Quaquaval|Moxie|boost
|-boost|p2a: Quaquaval|atk|1
|
|upkeep
|-message|louwilliamzz forfeited.
|
|win|BigCungusxRemix
|raw|louwilliamzz's rating: 1357 &rarr; <strong>1341</strong><br />(-16 for losing)
|raw|BigCungusxRemix's rating: 1428 &rarr; <strong>1444</strong><br />(+16 for winning)
|l|☆louwilliamzz
|player|p1|
