|j|☆iamcarguy
|j|☆blacksoulshater67
|t:|1779658318
|gametype|singles
|player|p1|iamcarguy|palmer|1306
|player|p2|blacksoulshater67|boarder|1251
|gen|9
|tier|[Gen 9] OU
|rated|
|rule|HP Percentage Mod: HP is shown in percentages
|rule|Endless Battle Clause: Forcing endless battles is banned
|rule|Species Clause: Limit one of each Pokémon
|rule|OHKO Clause: OHKO moves are banned
|rule|Evasion Items Clause: Evasion items are banned
|rule|Evasion Moves Clause: Evasion moves are banned
|rule|Evasion Abilities Clause: Evasion abilities are banned
|rule|Sleep Moves Clause: Sleep-inducing moves are banned
|clearpoke
|poke|p1|Lokix, M|
|poke|p1|Ninetales-Alola, M|
|poke|p1|Raging Bolt|
|poke|p1|Great Tusk|
|poke|p1|Gholdengo|
|poke|p1|Dragapult, F|
|poke|p2|Ceruledge, M|
|poke|p2|Deoxys-Speed|
|poke|p2|Great Tusk|
|poke|p2|Landorus-Therian, M|
|poke|p2|Darkrai|
|poke|p2|Kyurem|
|teampreview
|inactive|Battle timer is ON: inactive players will automatically lose when time's up. (requested by iamcarguy)
|
|t:|1779658325
|teamsize|p1|6
|teamsize|p2|6
|start
|switch|p1a: Lokix|Lokix, M|100/100
|switch|p2a: Deoxys|Deoxys-Speed|100/100
|-ability|p2a: Deoxys|Pressure
|turn|1
|
|t:|1779658337
|move|p2a: Deoxys|Reflect|p2a: Deoxys
|-sidestart|p2: blacksoulshater67|Reflect
|move|p1a: Lokix|Knock Off|p2a: Deoxys
|-supereffective|p2a: Deoxys
|-damage|p2a: Deoxys|37/100
|-enditem|p2a: Deoxys|Light Clay|[from] move: Knock Off|[of] p1a: Lokix
|
|upkeep
|turn|2
|
|t:|1779658342
|move|p2a: Deoxys|Light Screen|p2a: Deoxys
|-sidestart|p2: blacksoulshater67|move: Light Screen
|move|p1a: Lokix|Knock Off|p2a: Deoxys
|-supereffective|p2a: Deoxys
|-damage|p2a: Deoxys|0 fnt
|faint|p2a: Deoxys
|
|upkeep
|
|t:|1779658347
|switch|p2a: Ceruledge|Ceruledge, M|100/100
|turn|3
|
|t:|1779658349
|switch|p1a: Ninetales|Ninetales-Alola, M, shiny|100/100
|-weather|Snowscape|[from] ability: Snow Warning|[of] p1a: Ninetales
|move|p2a: Ceruledge|Swords Dance|p2a: Ceruledge
|-boost|p2a: Ceruledge|atk|2
|
|-weather|Snowscape|[upkeep]
|upkeep
|turn|4
|
|t:|1779658372
|switch|p1a: Great Tusk|Great Tusk|100/100
|move|p2a: Ceruledge|Swords Dance|p2a: Ceruledge
|-boost|p2a: Ceruledge|atk|2
|
|-weather|Snowscape|[upkeep]
|upkeep
|turn|5
|
|t:|1779658381
|move|p1a: Great Tusk|Headlong Rush|p2a: Ceruledge
|-supereffective|p2a: Ceruledge
|-damage|p2a: Ceruledge|23/100
|-unboost|p1a: Great Tusk|def|1
|-unboost|p1a: Great Tusk|spd|1
|-ability|p2a: Ceruledge|Weak Armor|boost
|-unboost|p2a: Ceruledge|def|1
|-boost|p2a: Ceruledge|spe|2
|move|p2a: Ceruledge|Poltergeist|p1a: Great Tusk
|-activate|p1a: Great Tusk|move: Poltergeist|Rocky Helmet
|-damage|p1a: Great Tusk|0 fnt
|faint|p1a: Great Tusk
|-end|p1a: Great Tusk|Protosynthesis|[silent]
|-damage|p2a: Ceruledge|13/100|[from] item: Life Orb
|
|-weather|Snowscape|[upkeep]
|upkeep
|
|t:|1779658395
|switch|p1a: Lokix|Lokix, M|100/100
|turn|6
|
|t:|1779658403
|move|p1a: Lokix|Sucker Punch|p2a: Ceruledge
|-supereffective|p2a: Ceruledge
|-damage|p2a: Ceruledge|0 fnt
|faint|p2a: Ceruledge
|
|-weather|Snowscape|[upkeep]
|-sideend|p2: blacksoulshater67|move: Light Screen
|upkeep
|
|t:|1779658414
|switch|p2a: Great Tusk|Great Tusk|100/100
|turn|7
|
|t:|1779658424
|switch|p1a: Ninetales|Ninetales-Alola, M, shiny|100/100
|move|p2a: Great Tusk|Stealth Rock|p1a: Ninetales
|-sidestart|p1: iamcarguy|move: Stealth Rock
|
|-weather|none
|upkeep
|turn|8
|
|t:|1779658445
|-end|p2a: Great Tusk|Protosynthesis|[silent]
|switch|p2a: Kyurem|Kyurem|100/100
|-ability|p2a: Kyurem|Pressure
|move|p1a: Ninetales|Moonblast|p2a: Kyurem
|-supereffective|p2a: Kyurem
|-damage|p2a: Kyurem|70/100
|-unboost|p2a: Kyurem|spa|1
|
|-sideend|p2: blacksoulshater67|Reflect
|upkeep
|turn|9
|inactive|blacksoulshater67 has 120 seconds left.
|
|t:|1779658466
|move|p1a: Ninetales|Moonblast|p2a: Kyurem
|-supereffective|p2a: Kyurem
|-damage|p2a: Kyurem|39/100
|move|p2a: Kyurem|Earth Power|p1a: Ninetales
|-damage|p1a: Ninetales|78/100
|
|upkeep
|turn|10
|inactive|blacksoulshater67 has 120 seconds left.
|
|t:|1779658477
|switch|p2a: Landorus|Landorus-Therian, M|100/100
|-ability|p2a: Landorus|Intimidate|boost
|-unboost|p1a: Ninetales|atk|1
|move|p1a: Ninetales|Moonblast|p2a: Landorus
|-damage|p2a: Landorus|68/100
|
|upkeep
|turn|11
|inactive|blacksoulshater67 has 120 seconds left.
|
|t:|1779658505
|move|p1a: Ninetales|Freeze-Dry|p2a: Landorus
|-supereffective|p2a: Landorus
|-damage|p2a: Landorus|0 fnt
|faint|p2a: Landorus
|
|upkeep
|
|t:|1779658508
|switch|p2a: Darkrai|Darkrai|100/100
|turn|12
|
|t:|1779658528
|switch|p1a: Gholdengo|Gholdengo|100/100
|-damage|p1a: Gholdengo|94/100|[from] Stealth Rock
|-item|p1a: Gholdengo|Air Balloon
|-terastallize|p2a: Darkrai|Poison
|move|p2a: Darkrai|Sludge Bomb|p1a: Gholdengo
|-immune|p1a: Gholdengo
|
|upkeep
|turn|13
|inactive|blacksoulshater67 has 120 seconds left.
|
|t:|1779658547
|-terastallize|p1a: Gholdengo|Steel
|move|p2a: Darkrai|Dark Pulse|p1a: Gholdengo
|-damage|p1a: Gholdengo|33/100
|-enditem|p1a: Gholdengo|Air Balloon
|-damage|p2a: Darkrai|91/100|[from] item: Life Orb
|cant|p1a: Gholdengo|flinch
|
|upkeep
|turn|14
|
|t:|1779658558
|move|p2a: Darkrai|Dark Pulse|p1a: Gholdengo
|-damage|p1a: Gholdengo|0 fnt
|faint|p1a: Gholdengo
|-damage|p2a: Darkrai|81/100|[from] item: Life Orb
|
|upkeep
|
|t:|1779658564
|switch|p1a: Dragapult|Dragapult, F|100/100
|turn|15
|inactive|blacksoulshater67 has 120 seconds left.
|
|t:|1779658571
|move|p1a: Dragapult|Draco Meteor|p2a: Darkrai
|-damage|p2a: Darkrai|7/100
|-unboost|p1a: Dragapult|spa|2
|move|p2a: Darkrai|Dark Pulse|p1a: Dragapult
|-supereffective|p1a: Dragapult
|-damage|p1a: Dragapult|0 fnt
|faint|p1a: Dragapult
|-damage|p2a: Darkrai|0 fnt|[from] item: Life Orb
|faint|p2a: Darkrai
|
|upkeep
|inactive|blacksoulshater67 has 120 seconds left.
|
|t:|1779658593
|switch|p1a: Ninetales|Ninetales-Alola, M, shiny|78/100
|switch|p2a: Kyurem|Kyurem|39/100
|-damage|p1a: Ninetales|54/100|[from] Stealth Rock
|-weather|Snowscape|[from] ability: Snow Warning|[of] p1a: Ninetales
|-ability|p2a: Kyurem|Pressure
|turn|16
|
|t:|1779658597
|move|p1a: Ninetales|Moonblast|p2a: Kyurem
|-supereffective|p2a: Kyurem
|-damage|p2a: Kyurem|7/100
|move|p2a: Kyurem|Earth Power|p1a: Ninetales
|-damage|p1a: Ninetales|19/100
|-unboost|p1a: Ninetales|spd|1
|
|-weather|Snowscape|[upkeep]
|upkeep
|turn|17
|
|t:|1779658602
|move|p1a: Ninetales|Moonblast|p2a: Kyurem
|-supereffective|p2a: Kyurem
|-damage|p2a: Kyurem|0 fnt
|faint|p2a: Kyurem
|
|-weather|Snowscape|[upkeep]
|upkeep
|
|t:|1779658603
|switch|p2a: Great Tusk|Great Tusk|100/100
|turn|18
|
|t:|1779658608
|move|p1a: Ninetales|Moonblast|p2a: Great Tusk
|-supereffective|p2a: Great Tusk
|-damage|p2a: Great Tusk|19/100
|move|p2a: Great Tusk|Headlong Rush|p1a: Ninetales
|-damage|p1a: Ninetales|0 fnt
|-unboost|p2a: Great Tusk|def|1
|-unboost|p2a: Great Tusk|spd|1
|faint|p1a: Ninetales
|
|-weather|Snowscape|[upkeep]
|upkeep
|
|t:|1779658613
|switch|p1a: Lokix|Lokix, M|100/100
|-damage|p1a: Lokix|76/100|[from] Stealth Rock
|turn|19
|
|t:|1779658619
|move|p1a: Lokix|Sucker Punch|p2a: Great Tusk
|-resisted|p2a: Great Tusk
|-damage|p2a: Great Tusk|0 fnt
|faint|p2a: Great Tusk
|-end|p2a: Great Tusk|Protosynthesis|[silent]
|
|win|iamcarguy
