|badge|p2|silver|gen9ubers|30-9
|uhtml|medal-msg|<div class="broadcast-blue">Curious what those medals under the avatar are? PS now has Ladder Seasons! For more information, check out the <a href="https://www.smogon.com/forums/threads/3740067/">thread on Smogon.</a></div>
|j|☆1000TURNSFR
|j|☆Thajester
|t:|1779669528
|gametype|singles
|player|p1|1000TURNSFR|ghetsis|1640
|player|p2|Thajester|1|1647
|gen|9
|tier|[Gen 9] OU
|rated|
|rule|HP Percentage Mod: HP is shown in percentages
|rule|Endless Battle Clause: Forcing endless battles is banned
|rule|Species Clause: Limit one of each Pokémon
|rule|OHKO Clause: OHKO moves are banned
|rule|Evasion Items Clause: Evasion items are banned
|rule|Evasion Moves Clause: Evasion moves are banned
|rule|Evasion Abilities Clause: Evasion abilities are banned
|rule|Sleep Moves Clause: Sleep-inducing moves are banned
|clearpoke
|poke|p1|Clodsire, F|
|poke|p1|Dondozo, F|
|poke|p1|Alomomola, F|
|poke|p1|Talonflame, F|
|poke|p1|Toxapex, F|
|poke|p1|Blissey, F|
|poke|p2|Gholdengo|
|poke|p2|Blaziken, M|
|poke|p2|Landorus-Therian, M|
|poke|p2|Deoxys-Speed|
|poke|p2|Zamazenta-*|
|poke|p2|Raging Bolt|
|teampreview
|inactive|Battle timer is ON: inactive players will automatically lose when time's up. (requested by Thajester)
|
|t:|1779669543
|teamsize|p1|6
|teamsize|p2|6
|start
|switch|p1a: Keep Trying.|Toxapex, F|100/100
|switch|p2a: Landorus|Landorus-Therian, M|100/100
|-ability|p2a: Landorus|Intimidate|boost
|-unboost|p1a: Keep Trying.|atk|1
|turn|1
|
|t:|1779669546
|move|p2a: Landorus|Stealth Rock|p1a: Keep Trying.
|-sidestart|p1: 1000TURNSFR|move: Stealth Rock
|move|p1a: Keep Trying.|Toxic|p2a: Landorus
|-status|p2a: Landorus|tox
|
|-damage|p2a: Landorus|94/100 tox|[from] psn
|upkeep
|turn|2
|
|t:|1779669550
|switch|p1a: Try Harder.|Alomomola, F, shiny|100/100
|move|p2a: Landorus|Taunt|p1a: Try Harder.
|-start|p1a: Try Harder.|move: Taunt
|
|-damage|p2a: Landorus|82/100 tox|[from] psn
|upkeep
|turn|3
|
|t:|1779669553
|move|p2a: Landorus|U-turn|p1a: Try Harder.
|-damage|p1a: Try Harder.|88/100
|
|t:|1779669556
|switch|p2a: Raging Bolt|Raging Bolt|100/100|[from] U-turn
|move|p1a: Try Harder.|Flip Turn|p2a: Raging Bolt
|-resisted|p2a: Raging Bolt
|-damage|p2a: Raging Bolt|94/100
|
|t:|1779669561
|switch|p1a: Worth Trying.|Clodsire, F, shiny|100/100|[from] Flip Turn
|
|upkeep
|turn|4
|
|t:|1779669566
|-end|p2a: Raging Bolt|Protosynthesis|[silent]
|switch|p2a: Landorus|Landorus-Therian, M|82/100 tox
|-ability|p2a: Landorus|Intimidate|boost
|-unboost|p1a: Worth Trying.|atk|1
|move|p1a: Worth Trying.|Toxic|p2a: Landorus
|-fail|p2a: Landorus|tox
|
|-damage|p2a: Landorus|76/100 tox|[from] psn
|upkeep
|turn|5
|
|t:|1779669568
|switch|p1a: Try Harder.|Alomomola, F, shiny|100/100
|move|p2a: Landorus|U-turn|p1a: Try Harder.
|-damage|p1a: Try Harder.|87/100
|
|t:|1779669573
|switch|p2a: Gholdengo|Gholdengo|100/100|[from] U-turn
|
|upkeep
|turn|6
|
|t:|1779669585
|switch|p1a: You Tried.|Dondozo, F, shiny|100/100
|move|p2a: Gholdengo|Trick|p1a: You Tried.
|-activate|p2a: Gholdengo|move: Trick|[of] p1a: You Tried.
|-item|p1a: You Tried.|Choice Scarf|[from] move: Trick
|-item|p2a: Gholdengo|Heavy-Duty Boots|[from] move: Trick
|
|upkeep
|turn|7
|
|t:|1779669591
|switch|p1a: Still Trying?|Blissey, F, shiny|100/100
|move|p2a: Gholdengo|Shadow Ball|p1a: Still Trying?
|-immune|p1a: Still Trying?
|
|upkeep
|turn|8
|
|t:|1779669598
|switch|p2a: Blaziken|Blaziken, M|100/100
|-item|p2a: Blaziken|Air Balloon
|switch|p1a: Keep Trying.|Toxapex, F|100/100
|
|upkeep
|turn|9
|
|t:|1779669603
|move|p2a: Blaziken|Swords Dance|p2a: Blaziken
|-boost|p2a: Blaziken|atk|2
|move|p1a: Keep Trying.|Toxic|p2a: Blaziken
|-status|p2a: Blaziken|tox
|
|-damage|p2a: Blaziken|95/100 tox|[from] psn
|-ability|p2a: Blaziken|Speed Boost|boost
|-boost|p2a: Blaziken|spe|1
|upkeep
|turn|10
|
|t:|1779669610
|move|p1a: Keep Trying.|Baneful Bunker|p1a: Keep Trying.
|-singleturn|p1a: Keep Trying.|move: Protect
|move|p2a: Blaziken|Knock Off|p1a: Keep Trying.
|-activate|p1a: Keep Trying.|move: Protect
|
|-damage|p2a: Blaziken|83/100 tox|[from] psn
|-ability|p2a: Blaziken|Speed Boost|boost
|-boost|p2a: Blaziken|spe|1
|upkeep
|turn|11
|
|t:|1779669613
|switch|p1a: You Tried.|Dondozo, F, shiny|100/100
|-damage|p1a: You Tried.|88/100|[from] Stealth Rock
|move|p2a: Blaziken|Knock Off|p1a: You Tried.
|-damage|p1a: You Tried.|72/100
|-enditem|p1a: You Tried.|Choice Scarf|[from] move: Knock Off|[of] p2a: Blaziken
|
|-damage|p2a: Blaziken|65/100 tox|[from] psn
|-ability|p2a: Blaziken|Speed Boost|boost
|-boost|p2a: Blaziken|spe|1
|upkeep
|turn|12
|
|t:|1779669617
|switch|p2a: Deoxys|Deoxys-Speed|100/100
|-ability|p2a: Deoxys|Pressure
|move|p1a: You Tried.|Rest|p1a: You Tried.
|-status|p1a: You Tried.|slp|[from] move: Rest
|-heal|p1a: You Tried.|100/100 slp|[silent]
|
|upkeep
|turn|13
|
|t:|1779669621
|switch|p1a: Still Trying?|Blissey, F, shiny|100/100
|move|p2a: Deoxys|Nasty Plot|p2a: Deoxys
|-boost|p2a: Deoxys|spa|2
|
|upkeep
|turn|14
|
|t:|1779669628
|-terastallize|p1a: Still Trying?|Dark
|move|p2a: Deoxys|Focus Blast|p1a: Still Trying?
|-supereffective|p1a: Still Trying?
|-damage|p1a: Still Trying?|40/100
|-damage|p2a: Deoxys|91/100|[from] item: Life Orb
|move|p1a: Still Trying?|Seismic Toss|p2a: Deoxys
|-damage|p2a: Deoxys|49/100
|
|upkeep
|turn|15
|
|t:|1779669634
|switch|p1a: Worth Trying.|Clodsire, F, shiny|100/100
|move|p2a: Deoxys|Focus Blast|p1a: Worth Trying.
|-resisted|p1a: Worth Trying.
|-damage|p1a: Worth Trying.|87/100
|-damage|p2a: Deoxys|39/100|[from] item: Life Orb
|
|upkeep
|turn|16
|
|t:|1779669639
|move|p2a: Deoxys|Psycho Boost|p1a: Worth Trying.
|-supereffective|p1a: Worth Trying.
|-damage|p1a: Worth Trying.|0 fnt
|-unboost|p2a: Deoxys|spa|2
|faint|p1a: Worth Trying.
|-damage|p2a: Deoxys|29/100|[from] item: Life Orb
|
|upkeep
|
|t:|1779669645
|switch|p1a: Still Trying?|Blissey, F, shiny, tera:Dark|40/100
|turn|17
|
|t:|1779669647
|move|p2a: Deoxys|Nasty Plot|p2a: Deoxys
|-boost|p2a: Deoxys|spa|2
|move|p1a: Still Trying?|Soft-Boiled|p1a: Still Trying?
|-heal|p1a: Still Trying?|90/100
|
|upkeep
|turn|18
|
|t:|1779669653
|move|p2a: Deoxys|Focus Blast|p1a: Still Trying?|[miss]
|-miss|p2a: Deoxys|p1a: Still Trying?
|move|p1a: Still Trying?|Shadow Ball|p2a: Deoxys
|-supereffective|p2a: Deoxys
|-damage|p2a: Deoxys|0 fnt
|faint|p2a: Deoxys
|
|upkeep
|
|t:|1779669658
|switch|p2a: Zamazenta|Zamazenta|100/100
|-ability|p2a: Zamazenta|Dauntless Shield|boost
|-boost|p2a: Zamazenta|def|1
|turn|19
|
|t:|1779669663
|switch|p1a: Keep Trying.|Toxapex, F|100/100
|move|p2a: Zamazenta|Howl|p2a: Zamazenta
|-boost|p2a: Zamazenta|atk|1
|
|upkeep
|turn|20
|
|t:|1779669675
|-terastallize|p2a: Zamazenta|Steel
|move|p2a: Zamazenta|Howl|p2a: Zamazenta
|-boost|p2a: Zamazenta|atk|1
|move|p1a: Keep Trying.|Toxic|p2a: Zamazenta
|-immune|p2a: Zamazenta
|
|upkeep
|turn|21
|
|t:|1779669684
|switch|p1a: You Tried.|Dondozo, F, shiny|100/100 slp
|-damage|p1a: You Tried.|88/100 slp|[from] Stealth Rock
|move|p2a: Zamazenta|Crunch|p1a: You Tried.
|-damage|p1a: You Tried.|76/100 slp
|
|upkeep
|turn|22
|
|t:|1779669689
|move|p2a: Zamazenta|Close Combat|p1a: You Tried.
|-damage|p1a: You Tried.|48/100 slp
|-unboost|p2a: Zamazenta|def|1
|-unboost|p2a: Zamazenta|spd|1
|cant|p1a: You Tried.|slp
|move|p1a: You Tried.|Sleep Talk|p1a: You Tried.
|move|p1a: You Tried.|Body Press|p2a: Zamazenta|[from] move: Sleep Talk
|-supereffective|p2a: Zamazenta
|-damage|p2a: Zamazenta|52/100
|
|upkeep
|turn|23
|
|t:|1779669699
|switch|p1a: Nice Try.|Talonflame, F, shiny|100/100
|move|p2a: Zamazenta|Close Combat|p1a: Nice Try.
|-resisted|p1a: Nice Try.
|-damage|p1a: Nice Try.|42/100
|-unboost|p2a: Zamazenta|def|1
|-unboost|p2a: Zamazenta|spd|1
|
|upkeep
|turn|24
|
|t:|1779669706
|switch|p1a: Try Harder.|Alomomola, F, shiny|100/100
|move|p2a: Zamazenta|Crunch|p1a: Try Harder.
|-damage|p1a: Try Harder.|70/100
|
|upkeep
|turn|25
|
|t:|1779669717
|move|p2a: Zamazenta|Close Combat|p1a: Try Harder.
|-damage|p1a: Try Harder.|0 fnt
|-unboost|p2a: Zamazenta|def|1
|-unboost|p2a: Zamazenta|spd|1
|faint|p1a: Try Harder.
|
|upkeep
|-message|1000TURNSFR forfeited.
|
|win|Thajester
|raw|1000TURNSFR's rating: 1640 &rarr; <strong>1620</strong><br />(-20 for losing)
|raw|Thajester's rating: 1647 &rarr; <strong>1667</strong><br />(+20 for winning)
|l|☆1000TURNSFR
|player|p1|
|l|☆Thajester
|player|p2|
