|j|☆backw1thm1lk
|j|☆SgtBrick14
|t:|1779599408
|gametype|singles
|player|p1|backw1thm1lk|266|1468
|player|p2|SgtBrick14|pokemonranger|1509
|gen|9
|tier|[Gen 9] OU
|rated|
|rule|HP Percentage Mod: HP is shown in percentages
|rule|Endless Battle Clause: Forcing endless battles is banned
|rule|Species Clause: Limit one of each Pokémon
|rule|OHKO Clause: OHKO moves are banned
|rule|Evasion Items Clause: Evasion items are banned
|rule|Evasion Moves Clause: Evasion moves are banned
|rule|Evasion Abilities Clause: Evasion abilities are banned
|rule|Sleep Moves Clause: Sleep-inducing moves are banned
|clearpoke
|poke|p1|Araquanid, F|
|poke|p1|Kingambit, M|
|poke|p1|Dragalge, F|
|poke|p1|Cinderace, F|
|poke|p1|Serperior, M|
|poke|p1|Sandy Shocks|
|poke|p2|Hatterene, F|
|poke|p2|Smeargle, M|
|poke|p2|Dragapult, F|
|poke|p2|Gengar, M|
|poke|p2|Regidrago|
|poke|p2|Torkoal, M|
|teampreview
|
|t:|1779599419
|teamsize|p1|6
|teamsize|p2|6
|start
|switch|p1a: Dragalge|Dragalge, F|100/100
|switch|p2a: Hatterene|Hatterene, F|100/100
|turn|1
|
|t:|1779599425
|move|p1a: Dragalge|Sludge Bomb|p2a: Hatterene
|-supereffective|p2a: Hatterene
|-enditem|p2a: Hatterene|Focus Sash
|-damage|p2a: Hatterene|1/100
|move|p2a: Hatterene|Trick Room|p2a: Hatterene
|-fieldstart|move: Trick Room|[of] p2a: Hatterene
|
|upkeep
|turn|2
|
|t:|1779599437
|move|p2a: Hatterene|Misty Explosion|p1a: Dragalge
|-damage|p1a: Dragalge|68/100
|faint|p2a: Hatterene
|move|p1a: Dragalge|Sludge Bomb|p2: Hatterene|[notarget]
|-fail|p1a: Dragalge
|
|upkeep
|
|t:|1779599439
|switch|p2a: Torkoal|Torkoal, M|100/100
|-weather|SunnyDay|[from] ability: Drought|[of] p2a: Torkoal
|turn|3
|
|t:|1779599449
|move|p2a: Torkoal|Eruption|p1a: Dragalge
|-resisted|p1a: Dragalge
|-damage|p1a: Dragalge|25/100
|move|p1a: Dragalge|Sludge Bomb|p2a: Torkoal
|-damage|p2a: Torkoal|31/100
|
|-weather|SunnyDay|[upkeep]
|upkeep
|turn|4
|
|t:|1779599457
|move|p2a: Torkoal|Eruption|p1a: Dragalge
|-resisted|p1a: Dragalge
|-damage|p1a: Dragalge|12/100
|move|p1a: Dragalge|Sludge Bomb|p2a: Torkoal
|-damage|p2a: Torkoal|0 fnt
|faint|p2a: Torkoal
|
|-weather|SunnyDay|[upkeep]
|upkeep
|
|t:|1779599461
|switch|p2a: Smeargle|Smeargle, M|100/100
|turn|5
|c|☆backw1thm1lk|did you just cook yourself
|
|t:|1779599470
|move|p1a: Dragalge|Sludge Bomb|p2a: Smeargle
|-enditem|p2a: Smeargle|Focus Sash
|-damage|p2a: Smeargle|1/100
|move|p2a: Smeargle|Sticky Web|p1a: Dragalge
|-sidestart|p1: backw1thm1lk|move: Sticky Web
|
|-weather|SunnyDay|[upkeep]
|-fieldend|move: Trick Room
|upkeep
|turn|6
|c|☆backw1thm1lk|bro set me up for a triple kill
|
|t:|1779599483
|move|p2a: Smeargle|Stealth Rock|p1a: Dragalge
|-sidestart|p1: backw1thm1lk|move: Stealth Rock
|move|p1a: Dragalge|Sludge Bomb|p2a: Smeargle
|-damage|p2a: Smeargle|0 fnt
|faint|p2a: Smeargle
|
|-weather|SunnyDay|[upkeep]
|upkeep
|
|t:|1779599500
|switch|p2a: Dragapult|Dragapult, F|100/100
|turn|7
|
|t:|1779599504
|move|p2a: Dragapult|Dragon Dance|p2a: Dragapult
|-boost|p2a: Dragapult|atk|1
|-boost|p2a: Dragapult|spe|1
|move|p1a: Dragalge|Draco Meteor|p2a: Dragapult
|-supereffective|p2a: Dragapult
|-enditem|p2a: Dragapult|Focus Sash
|-damage|p2a: Dragapult|1/100
|-unboost|p1a: Dragalge|spa|2
|
|-weather|none
|upkeep
|turn|8
|
|t:|1779599513
|move|p2a: Dragapult|Dragon Dance|p2a: Dragapult
|-boost|p2a: Dragapult|atk|1
|-boost|p2a: Dragapult|spe|1
|move|p1a: Dragalge|Sludge Bomb|p2a: Dragapult
|-resisted|p2a: Dragapult
|-damage|p2a: Dragapult|0 fnt
|faint|p2a: Dragapult
|
|upkeep
|
|t:|1779599514
|switch|p2a: Gengar|Gengar, M|100/100
|turn|9
|
|t:|1779599519
|move|p2a: Gengar|Taunt|p1a: Dragalge
|-start|p1a: Dragalge|move: Taunt
|move|p1a: Dragalge|Draco Meteor|p2a: Gengar
|-damage|p2a: Gengar|39/100
|-unboost|p1a: Dragalge|spa|2
|
|upkeep
|turn|10
|
|t:|1779599526
|move|p2a: Gengar|Taunt||[still]
|-fail|p2a: Gengar
|move|p1a: Dragalge|Draco Meteor|p2a: Gengar
|-damage|p2a: Gengar|0 fnt
|-unboost|p1a: Dragalge|spa|2
|faint|p2a: Gengar
|
|upkeep
|
|t:|1779599527
|switch|p2a: Regidrago|Regidrago|100/100
|turn|11
|
|t:|1779599531
|move|p2a: Regidrago|Dragon Energy|p1a: Dragalge
|-supereffective|p1a: Dragalge
|-damage|p1a: Dragalge|0 fnt
|faint|p1a: Dragalge
|
|upkeep
|
|t:|1779599536
|switch|p1a: Kingambit|Kingambit, M|100/100
|-activate|p1a: Kingambit|move: Sticky Web
|-unboost|p1a: Kingambit|spe|1
|-damage|p1a: Kingambit|94/100|[from] Stealth Rock
|-activate|p1a: Kingambit|ability: Supreme Overlord
|-start|p1a: Kingambit|fallen1|[silent]
|turn|12
|-message|SgtBrick14 forfeited.
|
|win|backw1thm1lk
|raw|backw1thm1lk's rating: 1468 &rarr; <strong>1490</strong><br />(+22 for winning)
|raw|SgtBrick14's rating: 1497 &rarr; <strong>1475</strong><br />(-22 for losing)
|l|☆SgtBrick14
|player|p2|
|l|☆backw1thm1lk
|player|p1|
