|j|☆jucoxdeluxe
|j|☆ChillLanturnYT
|t:|1779664854
|gametype|singles
|player|p1|jucoxdeluxe|rocketgrunt|1113
|player|p2|ChillLanturnYT|palmer|1144
|gen|9
|tier|[Gen 9] OU
|rated|
|rule|HP Percentage Mod: HP is shown in percentages
|rule|Endless Battle Clause: Forcing endless battles is banned
|rule|Species Clause: Limit one of each Pokémon
|rule|OHKO Clause: OHKO moves are banned
|rule|Evasion Items Clause: Evasion items are banned
|rule|Evasion Moves Clause: Evasion moves are banned
|rule|Evasion Abilities Clause: Evasion abilities are banned
|rule|Sleep Moves Clause: Sleep-inducing moves are banned
|clearpoke
|poke|p1|Typhlosion, M|
|poke|p1|Umbreon, F|
|poke|p1|Slowking, F|
|poke|p1|Blissey, F|
|poke|p1|Ariados, F|
|poke|p1|Noctowl, M|
|poke|p2|Exeggutor, F|
|poke|p2|Dragonite, M|
|poke|p2|Samurott-Hisui, F|
|poke|p2|Jirachi|
|poke|p2|Iron Treads|
|poke|p2|Raging Bolt|
|teampreview
|inactive|Battle timer is ON: inactive players will automatically lose when time's up. (requested by ChillLanturnYT)
|
|t:|1779664865
|teamsize|p1|6
|teamsize|p2|6
|start
|switch|p1a: Slowking|Slowking, F|100/100
|switch|p2a: Samurott|Samurott-Hisui, F|100/100
|turn|1
|
|t:|1779664883
|switch|p1a: Umbreon|Umbreon, F|100/100
|move|p2a: Samurott|Ceaseless Edge|p1a: Umbreon
|-resisted|p1a: Umbreon
|-damage|p1a: Umbreon|84/100
|-damage|p2a: Samurott|84/100|[from] item: Rocky Helmet|[of] p1a: Umbreon
|-sidestart|p1: jucoxdeluxe|Spikes
|
|upkeep
|turn|2
|
|t:|1779664894
|switch|p2a: Raging Bolt|Raging Bolt|100/100
|move|p1a: Umbreon|Foul Play|p2a: Raging Bolt
|-damage|p2a: Raging Bolt|80/100
|
|upkeep
|turn|3
|
|t:|1779664901
|move|p2a: Raging Bolt|Thunderbolt|p1a: Umbreon
|-damage|p1a: Umbreon|50/100
|move|p1a: Umbreon|Toxic|p2a: Raging Bolt
|-status|p2a: Raging Bolt|tox
|
|-damage|p2a: Raging Bolt|73/100 tox|[from] psn
|upkeep
|turn|4
|
|t:|1779664910
|move|p2a: Raging Bolt|Thunderbolt|p1a: Umbreon
|-damage|p1a: Umbreon|19/100
|move|p1a: Umbreon|Moonlight|p1a: Umbreon
|-heal|p1a: Umbreon|69/100
|
|-damage|p2a: Raging Bolt|61/100 tox|[from] psn
|upkeep
|turn|5
|
|t:|1779664918
|move|p1a: Umbreon|Protect|p1a: Umbreon
|-singleturn|p1a: Umbreon|Protect
|move|p2a: Raging Bolt|Zap Cannon|p1a: Umbreon
|-activate|p1a: Umbreon|move: Protect
|
|-damage|p2a: Raging Bolt|43/100 tox|[from] psn
|upkeep
|turn|6
|
|t:|1779664928
|-end|p2a: Raging Bolt|Protosynthesis|[silent]
|switch|p2a: Iron Treads|Iron Treads|100/100
|move|p1a: Umbreon|Moonlight|p1a: Umbreon
|-heal|p1a: Umbreon|100/100
|
|upkeep
|turn|7
|
|t:|1779664937
|move|p2a: Iron Treads|Knock Off|p1a: Umbreon
|-resisted|p1a: Umbreon
|-damage|p1a: Umbreon|88/100
|-damage|p2a: Iron Treads|84/100|[from] item: Rocky Helmet|[of] p1a: Umbreon
|-enditem|p1a: Umbreon|Rocky Helmet|[from] move: Knock Off|[of] p2a: Iron Treads
|move|p1a: Umbreon|Foul Play|p2a: Iron Treads
|-damage|p2a: Iron Treads|44/100
|
|-heal|p2a: Iron Treads|51/100|[from] item: Leftovers
|upkeep
|turn|8
|
|t:|1779664947
|move|p2a: Iron Treads|Stealth Rock|p1a: Umbreon
|-sidestart|p1: jucoxdeluxe|move: Stealth Rock
|move|p1a: Umbreon|Foul Play|p2a: Iron Treads
|-damage|p2a: Iron Treads|7/100
|
|-heal|p2a: Iron Treads|14/100|[from] item: Leftovers
|upkeep
|turn|9
|
|t:|1779664960
|-end|p2a: Iron Treads|Quark Drive|[silent]
|switch|p2a: Raging Bolt|Raging Bolt|43/100 tox
|move|p1a: Umbreon|Foul Play|p2a: Raging Bolt
|-damage|p2a: Raging Bolt|21/100 tox
|
|-damage|p2a: Raging Bolt|15/100 tox|[from] psn
|upkeep
|turn|10
|
|t:|1779664968
|move|p1a: Umbreon|Protect|p1a: Umbreon
|-singleturn|p1a: Umbreon|Protect
|move|p2a: Raging Bolt|Thunderbolt|p1a: Umbreon
|-activate|p1a: Umbreon|move: Protect
|
|-damage|p2a: Raging Bolt|3/100 tox|[from] psn
|upkeep
|turn|11
|
|t:|1779664977
|move|p2a: Raging Bolt|Zap Cannon||[still]
|-crit|p1a: Umbreon
|-damage|p1a: Umbreon|18/100
|-status|p1a: Umbreon|par
|-activate|p1a: Umbreon|ability: Synchronize
|-fail|p1a: Umbreon
|move|p1a: Umbreon|Moonlight|p1a: Umbreon
|-heal|p1a: Umbreon|68/100 par
|
|-damage|p2a: Raging Bolt|0 fnt|[from] psn
|faint|p2a: Raging Bolt
|-end|p2a: Raging Bolt|Protosynthesis|[silent]
|upkeep
|
|t:|1779664987
|switch|p2a: Exeggutor|Exeggutor, F|100/100
|turn|12
|
|t:|1779664998
|move|p2a: Exeggutor|Substitute|p2a: Exeggutor
|-start|p2a: Exeggutor|Substitute
|-damage|p2a: Exeggutor|75/100
|move|p1a: Umbreon|Foul Play|p2a: Exeggutor
|-supereffective|p2a: Exeggutor
|-end|p2a: Exeggutor|Substitute
|
|upkeep
|turn|13
|
|t:|1779665006
|move|p2a: Exeggutor|Substitute|p2a: Exeggutor
|-start|p2a: Exeggutor|Substitute
|-damage|p2a: Exeggutor|50/100
|move|p1a: Umbreon|Foul Play|p2a: Exeggutor
|-supereffective|p2a: Exeggutor
|-end|p2a: Exeggutor|Substitute
|
|upkeep
|turn|14
|
|t:|1779665012
|-terastallize|p2a: Exeggutor|Fairy
|move|p2a: Exeggutor|Substitute|p2a: Exeggutor
|-start|p2a: Exeggutor|Substitute
|-damage|p2a: Exeggutor|25/100
|-enditem|p2a: Exeggutor|Starf Berry|[eat]
|-boost|p2a: Exeggutor|def|2|[from] item: Starf Berry
|move|p1a: Umbreon|Foul Play|p2a: Exeggutor
|-resisted|p2a: Exeggutor
|-activate|p2a: Exeggutor|move: Substitute|[damage]
|
|-item|p2a: Exeggutor|Starf Berry|[from] ability: Harvest
|upkeep
|-enditem|p2a: Exeggutor|Starf Berry|[eat]
|-boost|p2a: Exeggutor|spe|2|[from] item: Starf Berry
|turn|15
|
|t:|1779665031
|switch|p1a: Noctowl|Noctowl, M|100/100
|move|p2a: Exeggutor|Giga Drain|p1a: Noctowl
|-resisted|p1a: Noctowl
|-damage|p1a: Noctowl|86/100
|-heal|p2a: Exeggutor|33/100|[from] drain|[of] p1a: Noctowl
|
|-item|p2a: Exeggutor|Starf Berry|[from] ability: Harvest
|upkeep
|turn|16
|
|t:|1779665041
|move|p2a: Exeggutor|Stored Power|p1a: Noctowl
|-damage|p1a: Noctowl|49/100
|move|p1a: Noctowl|Defog|p2a: Exeggutor
|-sideend|p1: jucoxdeluxe|Spikes|[from] move: Defog|[of] p1a: Noctowl
|-sideend|p1: jucoxdeluxe|Stealth Rock|[from] move: Defog|[of] p1a: Noctowl
|
|upkeep
|turn|17
|
|t:|1779665052
|-terastallize|p1a: Noctowl|Normal
|move|p2a: Exeggutor|Giga Drain|p1a: Noctowl
|-damage|p1a: Noctowl|21/100
|-heal|p2a: Exeggutor|47/100|[from] drain|[of] p1a: Noctowl
|move|p1a: Noctowl|Hyper Voice|p2a: Exeggutor
|-damage|p2a: Exeggutor|0 fnt
|faint|p2a: Exeggutor
|
|upkeep
|
|t:|1779665063
|switch|p2a: Samurott|Samurott-Hisui, F|84/100
|turn|18
|
|t:|1779665066
|move|p2a: Samurott|Ceaseless Edge|p1a: Noctowl
|-damage|p1a: Noctowl|0 fnt
|-sidestart|p1: jucoxdeluxe|Spikes
|faint|p1a: Noctowl
|
|upkeep
|
|t:|1779665078
|switch|p1a: Umbreon|Umbreon, F|68/100 par
|-damage|p1a: Umbreon|56/100 par|[from] Spikes
|turn|19
|
|t:|1779665087
|move|p2a: Samurott|Ceaseless Edge|p1a: Umbreon
|-resisted|p1a: Umbreon
|-damage|p1a: Umbreon|40/100 par
|-sidestart|p1: jucoxdeluxe|Spikes
|move|p1a: Umbreon|Moonlight|p1a: Umbreon
|-heal|p1a: Umbreon|90/100 par
|
|upkeep
|turn|20
|
|t:|1779665095
|move|p2a: Samurott|Ceaseless Edge|p1a: Umbreon
|-resisted|p1a: Umbreon
|-damage|p1a: Umbreon|74/100 par
|-sidestart|p1: jucoxdeluxe|Spikes
|cant|p1a: Umbreon|par
|
|upkeep
|turn|21
|
|t:|1779665102
|switch|p2a: Iron Treads|Iron Treads|14/100
|move|p1a: Umbreon|Foul Play|p2a: Iron Treads
|-damage|p2a: Iron Treads|0 fnt
|faint|p2a: Iron Treads
|-end|p2a: Iron Treads|Quark Drive|[silent]
|
|upkeep
|
|t:|1779665110
|switch|p2a: Jirachi|Jirachi|100/100
|turn|22
|
|t:|1779665115
|move|p2a: Jirachi|Cosmic Power|p2a: Jirachi
|-boost|p2a: Jirachi|def|1
|-boost|p2a: Jirachi|spd|1
|move|p1a: Umbreon|Foul Play|p2a: Jirachi
|-supereffective|p2a: Jirachi
|-damage|p2a: Jirachi|75/100
|
|-heal|p2a: Jirachi|81/100|[from] item: Leftovers
|upkeep
|turn|23
|
|t:|1779665127
|switch|p1a: Typhlosion|Typhlosion, M|100/100
|-damage|p1a: Typhlosion|76/100|[from] Spikes
|move|p2a: Jirachi|Cosmic Power|p2a: Jirachi
|-boost|p2a: Jirachi|def|1
|-boost|p2a: Jirachi|spd|1
|
|-heal|p2a: Jirachi|88/100|[from] item: Leftovers
|upkeep
|turn|24
|
|t:|1779665139
|switch|p2a: Samurott|Samurott-Hisui, F|84/100
|move|p1a: Typhlosion|Eruption|p2a: Samurott
|-resisted|p2a: Samurott
|-damage|p2a: Samurott|26/100
|
|upkeep
|turn|25
|
|t:|1779665148
|switch|p1a: Umbreon|Umbreon, F|74/100 par
|-damage|p1a: Umbreon|49/100 par|[from] Spikes
|move|p2a: Samurott|Flip Turn|p1a: Umbreon
|-damage|p1a: Umbreon|28/100 par
|
|t:|1779665156
|switch|p2a: Dragonite|Dragonite, M|100/100|[from] Flip Turn
|
|upkeep
|turn|26
|
|t:|1779665162
|move|p2a: Dragonite|Earthquake|p1a: Umbreon
|-damage|p1a: Umbreon|0 fnt
|faint|p1a: Umbreon
|
|upkeep
|
|t:|1779665168
|switch|p1a: Slowking|Slowking, F|100/100
|-damage|p1a: Slowking|76/100|[from] Spikes
|turn|27
|
|t:|1779665174
|switch|p2a: Samurott|Samurott-Hisui, F|26/100
|move|p1a: Slowking|Scald|p2a: Samurott
|-resisted|p2a: Samurott
|-damage|p2a: Samurott|0 fnt
|faint|p2a: Samurott
|
|-heal|p1a: Slowking|82/100|[from] item: Leftovers
|upkeep
|
|t:|1779665203
|switch|p2a: Dragonite|Dragonite, M|100/100
|turn|28
|
|t:|1779665206
|move|p2a: Dragonite|Dragon Dance|p2a: Dragonite
|-boost|p2a: Dragonite|atk|1
|-boost|p2a: Dragonite|spe|1
|move|p1a: Slowking|Scald|p2a: Dragonite
|-resisted|p2a: Dragonite
|-damage|p2a: Dragonite|92/100
|
|-heal|p2a: Dragonite|98/100|[from] item: Leftovers
|-heal|p1a: Slowking|88/100|[from] item: Leftovers
|upkeep
|turn|29
|
|t:|1779665215
|move|p2a: Dragonite|Earthquake|p1a: Slowking
|-damage|p1a: Slowking|17/100
|move|p1a: Slowking|Scald|p2a: Dragonite
|-resisted|p2a: Dragonite
|-damage|p2a: Dragonite|78/100
|
|-heal|p2a: Dragonite|85/100|[from] item: Leftovers
|-heal|p1a: Slowking|23/100|[from] item: Leftovers
|upkeep
|turn|30
|
|t:|1779665225
|move|p2a: Dragonite|Earthquake|p1a: Slowking
|-damage|p1a: Slowking|0 fnt
|faint|p1a: Slowking
|
|-heal|p2a: Dragonite|91/100|[from] item: Leftovers
|upkeep
|
|t:|1779665232
|switch|p1a: Ariados|Ariados, F|100/100
|-damage|p1a: Ariados|76/100|[from] Spikes
|turn|31
|
|t:|1779665240
|move|p2a: Dragonite|Fire Punch|p1a: Ariados
|-supereffective|p1a: Ariados
|-damage|p1a: Ariados|0 fnt
|faint|p1a: Ariados
|
|-heal|p2a: Dragonite|97/100|[from] item: Leftovers
|upkeep
|
|t:|1779665247
|switch|p1a: Blissey|Blissey, F|100/100
|-damage|p1a: Blissey|76/100|[from] Spikes
|turn|32
|-message|jucoxdeluxe forfeited.
|
|win|ChillLanturnYT
|raw|jucoxdeluxe's rating: 1113 &rarr; <strong>1090</strong><br />(-23 for losing)
|raw|ChillLanturnYT's rating: 1144 &rarr; <strong>1167</strong><br />(+23 for winning)
|l|☆jucoxdeluxe
|player|p1|
|l|☆ChillLanturnYT
|player|p2|
