|j|☆imaginethat_17
|j|☆fgidfid
|t:|1779696508
|gametype|singles
|player|p1|imaginethat_17|birdkeeper|1290
|player|p2|fgidfid|pokemonranger-gen4|1247
|gen|9
|tier|[Gen 9] OU
|rated|
|rule|HP Percentage Mod: HP is shown in percentages
|rule|Endless Battle Clause: Forcing endless battles is banned
|rule|Species Clause: Limit one of each Pokémon
|rule|OHKO Clause: OHKO moves are banned
|rule|Evasion Items Clause: Evasion items are banned
|rule|Evasion Moves Clause: Evasion moves are banned
|rule|Evasion Abilities Clause: Evasion abilities are banned
|rule|Sleep Moves Clause: Sleep-inducing moves are banned
|clearpoke
|poke|p1|Ogerpon-Cornerstone, F|
|poke|p1|Dragonite, M|
|poke|p1|Weavile, F|
|poke|p1|Iron Moth|
|poke|p1|Yanmega, F|
|poke|p1|Greninja-*, M|
|poke|p2|Hydreigon, F|
|poke|p2|Slowking-Galar, M|
|poke|p2|Ogerpon, F|
|poke|p2|Kingambit, F|
|poke|p2|Great Tusk|
|poke|p2|Raging Bolt|
|teampreview
|c|☆fgidfid|THREE TIMES IN A ROW?!
|c|☆fgidfid|and im gonna lose again?
|c|☆fgidfid|alrrrrr
|
|t:|1779696543
|teamsize|p1|6
|teamsize|p2|6
|start
|switch|p1a: Greninja|Greninja, M|100/100
|switch|p2a: Raging Bolt|Raging Bolt|100/100
|-enditem|p2a: Raging Bolt|Booster Energy
|-activate|p2a: Raging Bolt|ability: Protosynthesis|[fromitem]
|-start|p2a: Raging Bolt|protosynthesisspa
|turn|1
|inactive|Battle timer is ON: inactive players will automatically lose when time's up. (requested by imaginethat_17)
|
|t:|1779696553
|move|p1a: Greninja|Ice Beam|p2a: Raging Bolt
|-supereffective|p2a: Raging Bolt
|-damage|p2a: Raging Bolt|33/100
|-damage|p1a: Greninja|91/100|[from] item: Life Orb
|move|p2a: Raging Bolt|Calm Mind|p2a: Raging Bolt
|-boost|p2a: Raging Bolt|spa|1
|-boost|p2a: Raging Bolt|spd|1
|
|upkeep
|turn|2
|
|t:|1779696560
|move|p1a: Greninja|Water Shuriken|p2a: Raging Bolt
|-resisted|p2a: Raging Bolt
|-damage|p2a: Raging Bolt|30/100
|-resisted|p2a: Raging Bolt
|-damage|p2a: Raging Bolt|27/100
|-resisted|p2a: Raging Bolt
|-damage|p2a: Raging Bolt|24/100
|-resisted|p2a: Raging Bolt
|-damage|p2a: Raging Bolt|21/100
|-resisted|p2a: Raging Bolt
|-damage|p2a: Raging Bolt|18/100
|-hitcount|p2a: Raging Bolt|5
|-damage|p1a: Greninja|81/100|[from] item: Life Orb
|move|p2a: Raging Bolt|Thunderclap||[still]
|-fail|p2a: Raging Bolt
|
|upkeep
|turn|3
|
|t:|1779696574
|move|p1a: Greninja|Water Shuriken|p2a: Raging Bolt
|-resisted|p2a: Raging Bolt
|-damage|p2a: Raging Bolt|15/100
|-resisted|p2a: Raging Bolt
|-damage|p2a: Raging Bolt|13/100
|-hitcount|p2a: Raging Bolt|2
|-damage|p1a: Greninja|71/100|[from] item: Life Orb
|move|p2a: Raging Bolt|Thunderclap||[still]
|-fail|p2a: Raging Bolt
|
|upkeep
|turn|4
|
|t:|1779696586
|-terastallize|p1a: Greninja|Ghost
|move|p1a: Greninja|Ice Beam|p2a: Raging Bolt
|-supereffective|p2a: Raging Bolt
|-damage|p2a: Raging Bolt|0 fnt
|faint|p2a: Raging Bolt
|-end|p2a: Raging Bolt|Protosynthesis|[silent]
|-ability|p1a: Greninja|Battle Bond|boost
|-boost|p1a: Greninja|atk|1
|-boost|p1a: Greninja|spa|1
|-boost|p1a: Greninja|spe|1
|-activate|p1a: Greninja|ability: Battle Bond
|-damage|p1a: Greninja|61/100|[from] item: Life Orb
|
|upkeep
|
|t:|1779696597
|switch|p2a: Kingambit|Kingambit, F|100/100
|-activate|p2a: Kingambit|ability: Supreme Overlord
|-start|p2a: Kingambit|fallen1|[silent]
|turn|5
|
|t:|1779696601
|move|p1a: Greninja|Water Shuriken|p2a: Kingambit
|-damage|p2a: Kingambit|87/100
|-damage|p2a: Kingambit|75/100
|-hitcount|p2a: Kingambit|2
|-damage|p1a: Greninja|51/100|[from] item: Life Orb
|move|p2a: Kingambit|Kowtow Cleave|p1a: Greninja
|-supereffective|p1a: Greninja
|-damage|p1a: Greninja|0 fnt
|faint|p1a: Greninja
|
|upkeep
|inactive|imaginethat_17 has 120 seconds left.
|
|t:|1779696634
|switch|p1a: Iron Moth|Iron Moth|100/100
|-enditem|p1a: Iron Moth|Booster Energy
|-activate|p1a: Iron Moth|ability: Quark Drive|[fromitem]
|-start|p1a: Iron Moth|quarkdrivespe
|turn|6
|
|t:|1779696647
|-terastallize|p2a: Kingambit|Fairy
|move|p1a: Iron Moth|Fiery Dance|p2a: Kingambit
|-damage|p2a: Kingambit|35/100
|-boost|p1a: Iron Moth|spa|1
|move|p2a: Kingambit|Kowtow Cleave|p1a: Iron Moth
|-damage|p1a: Iron Moth|21/100
|
|upkeep
|turn|7
|
|t:|1779696663
|move|p2a: Kingambit|Sucker Punch|p1a: Iron Moth
|-damage|p1a: Iron Moth|0 fnt
|faint|p1a: Iron Moth
|-end|p1a: Iron Moth|Quark Drive|[silent]
|
|upkeep
|inactive|imaginethat_17 has 120 seconds left.
|
|t:|1779696673
|switch|p1a: Yanmega|Yanmega, F|100/100
|turn|8
|
|t:|1779696677
|move|p1a: Yanmega|Bug Buzz|p2a: Kingambit
|-resisted|p2a: Kingambit
|-damage|p2a: Kingambit|9/100
|-enditem|p1a: Yanmega|Throat Spray
|-boost|p1a: Yanmega|spa|1|[from] item: Throat Spray
|move|p2a: Kingambit|Kowtow Cleave|p1a: Yanmega
|-damage|p1a: Yanmega|30/100
|
|-ability|p1a: Yanmega|Speed Boost|boost
|-boost|p1a: Yanmega|spe|1
|upkeep
|turn|9
|
|t:|1779696686
|move|p1a: Yanmega|Protect|p1a: Yanmega
|-singleturn|p1a: Yanmega|Protect
|move|p2a: Kingambit|Sucker Punch||[still]
|-fail|p2a: Kingambit
|
|-ability|p1a: Yanmega|Speed Boost|boost
|-boost|p1a: Yanmega|spe|1
|upkeep
|turn|10
|
|t:|1779696692
|move|p1a: Yanmega|Protect|p1a: Yanmega
|-singleturn|p1a: Yanmega|Protect
|move|p2a: Kingambit|Sucker Punch||[still]
|-fail|p2a: Kingambit
|
|-ability|p1a: Yanmega|Speed Boost|boost
|-boost|p1a: Yanmega|spe|1
|upkeep
|turn|11
|
|t:|1779696698
|move|p1a: Yanmega|Protect||[still]
|-fail|p1a: Yanmega
|move|p2a: Kingambit|Iron Head|p1a: Yanmega
|-crit|p1a: Yanmega
|-damage|p1a: Yanmega|0 fnt
|faint|p1a: Yanmega
|
|upkeep
|
|t:|1779696704
|switch|p1a: Weavile|Weavile, F|100/100
|-ability|p1a: Weavile|Pressure
|turn|12
|
|t:|1779696709
|move|p1a: Weavile|Swords Dance|p1a: Weavile
|-boost|p1a: Weavile|atk|2
|move|p2a: Kingambit|Iron Head|p1a: Weavile
|-supereffective|p1a: Weavile
|-enditem|p1a: Weavile|Focus Sash
|-damage|p1a: Weavile|1/100
|
|upkeep
|turn|13
|
|t:|1779696715
|move|p1a: Weavile|Ice Shard|p2a: Kingambit
|-damage|p2a: Kingambit|0 fnt
|faint|p2a: Kingambit
|-end|p2a: Kingambit|fallen1|[silent]
|
|upkeep
|
|t:|1779696719
|switch|p2a: Slowking|Slowking-Galar, M, shiny|100/100
|turn|14
|
|t:|1779696722
|move|p1a: Weavile|Knock Off|p2a: Slowking
|-supereffective|p2a: Slowking
|-damage|p2a: Slowking|0 fnt
|-enditem|p2a: Slowking|Heavy-Duty Boots|[from] move: Knock Off|[of] p1a: Weavile
|faint|p2a: Slowking
|
|upkeep
|
|t:|1779696726
|switch|p2a: Great Tusk|Great Tusk|100/100
|turn|15
|
|t:|1779696729
|move|p1a: Weavile|Icicle Crash|p2a: Great Tusk
|-supereffective|p2a: Great Tusk
|-damage|p2a: Great Tusk|0 fnt
|faint|p2a: Great Tusk
|-end|p2a: Great Tusk|Protosynthesis|[silent]
|
|upkeep
|
|t:|1779696734
|switch|p2a: Hydreigon|Hydreigon, F, shiny|100/100
|turn|16
|
|t:|1779696737
|move|p1a: Weavile|Ice Shard|p2a: Hydreigon
|-supereffective|p2a: Hydreigon
|-damage|p2a: Hydreigon|10/100
|move|p2a: Hydreigon|Flash Cannon|p1a: Weavile
|-supereffective|p1a: Weavile
|-damage|p1a: Weavile|0 fnt
|faint|p1a: Weavile
|
|upkeep
|
|t:|1779696743
|switch|p1a: Dragonite|Dragonite, M|100/100
|turn|17
|c|☆fgidfid|ggs
|c|☆fgidfid|fuvk
|-message|fgidfid forfeited.
|
|win|imaginethat_17
|raw|imaginethat_17's rating: 1290 &rarr; <strong>1312</strong><br />(+22 for winning)
|raw|fgidfid's rating: 1247 &rarr; <strong>1225</strong><br />(-22 for losing)
|l|☆imaginethat_17
|player|p1|
|l|☆fgidfid
|player|p2|
