|j|☆chrisfeb1992
|j|☆DAVID-JD0
|t:|1779592725
|gametype|singles
|player|p1|chrisfeb1992|101|1242
|player|p2|DAVID-JD0|palmer|1206
|gen|9
|tier|[Gen 9] OU
|rated|
|rule|HP Percentage Mod: HP is shown in percentages
|rule|Endless Battle Clause: Forcing endless battles is banned
|rule|Species Clause: Limit one of each Pokémon
|rule|OHKO Clause: OHKO moves are banned
|rule|Evasion Items Clause: Evasion items are banned
|rule|Evasion Moves Clause: Evasion moves are banned
|rule|Evasion Abilities Clause: Evasion abilities are banned
|rule|Sleep Moves Clause: Sleep-inducing moves are banned
|clearpoke
|poke|p1|Ceruledge, M|
|poke|p1|Ribombee, F|
|poke|p1|Ursaluna, F|
|poke|p1|Darkrai|
|poke|p1|Iron Treads|
|poke|p1|Regieleki|
|poke|p2|Hydreigon, M|
|poke|p2|Clodsire, M|
|poke|p2|Espeon, F|
|poke|p2|Corviknight, M|
|poke|p2|Blaziken, M|
|poke|p2|Dragonite, M|
|teampreview
|
|t:|1779592733
|teamsize|p1|6
|teamsize|p2|6
|start
|switch|p1a: Ribombee|Ribombee, F|100/100
|switch|p2a: Corviknight|Corviknight, M|100/100
|turn|1
|
|t:|1779592740
|switch|p2a: Espeon|Espeon, F|100/100
|move|p1a: Ribombee|Quiver Dance|p1a: Ribombee
|-boost|p1a: Ribombee|spa|1
|-boost|p1a: Ribombee|spd|1
|-boost|p1a: Ribombee|spe|1
|
|upkeep
|turn|2
|
|t:|1779592747
|move|p2a: Espeon|Protect|p2a: Espeon
|-singleturn|p2a: Espeon|Protect
|move|p1a: Ribombee|Moonblast|p2a: Espeon
|-activate|p2a: Espeon|move: Protect
|
|upkeep
|turn|3
|inactive|Battle timer is ON: inactive players will automatically lose when time's up. (requested by DAVID-JD0)
|
|t:|1779592754
|switch|p2a: Clodsire|Clodsire, M|100/100
|move|p1a: Ribombee|Moonblast|p2a: Clodsire
|-resisted|p2a: Clodsire
|-damage|p2a: Clodsire|89/100
|
|-heal|p2a: Clodsire|95/100|[from] item: Leftovers
|upkeep
|turn|4
|
|t:|1779592763
|move|p1a: Ribombee|Sticky Web|p2a: Clodsire
|-sidestart|p2: DAVID-JD0|move: Sticky Web
|move|p2a: Clodsire|Stealth Rock|p1a: Ribombee
|-sidestart|p1: chrisfeb1992|move: Stealth Rock
|
|-heal|p2a: Clodsire|100/100|[from] item: Leftovers
|upkeep
|turn|5
|
|t:|1779592769
|move|p1a: Ribombee|U-turn|p2a: Clodsire
|-resisted|p2a: Clodsire
|-damage|p2a: Clodsire|92/100
|
|t:|1779592772
|switch|p1a: Ursaluna|Ursaluna, F|100/100|[from] U-turn
|-damage|p1a: Ursaluna|94/100|[from] Stealth Rock
|move|p2a: Clodsire|Toxic|p1a: Ursaluna
|-status|p1a: Ursaluna|tox
|
|-heal|p2a: Clodsire|98/100|[from] item: Leftovers
|-damage|p1a: Ursaluna|88/100 tox|[from] psn
|upkeep
|turn|6
|
|t:|1779592783
|switch|p2a: Corviknight|Corviknight, M|100/100
|move|p1a: Ursaluna|Swords Dance|p1a: Ursaluna
|-boost|p1a: Ursaluna|atk|2
|
|-damage|p1a: Ursaluna|75/100 tox|[from] psn
|upkeep
|turn|7
|
|t:|1779592795
|move|p1a: Ursaluna|Facade|p2a: Corviknight
|-resisted|p2a: Corviknight
|-damage|p2a: Corviknight|22/100
|move|p2a: Corviknight|Iron Defense|p2a: Corviknight
|-boost|p2a: Corviknight|def|2
|
|-heal|p2a: Corviknight|28/100|[from] item: Leftovers
|-damage|p1a: Ursaluna|57/100 tox|[from] psn
|upkeep
|turn|8
|
|t:|1779592804
|move|p1a: Ursaluna|Facade|p2a: Corviknight
|-resisted|p2a: Corviknight
|-damage|p2a: Corviknight|0 fnt
|faint|p2a: Corviknight
|
|-damage|p1a: Ursaluna|32/100 tox|[from] psn
|upkeep
|
|t:|1779592810
|switch|p2a: Blaziken|Blaziken, M|100/100
|-activate|p2a: Blaziken|move: Sticky Web
|-unboost|p2a: Blaziken|spe|1
|turn|9
|
|t:|1779592816
|move|p2a: Blaziken|Protect|p2a: Blaziken
|-singleturn|p2a: Blaziken|Protect
|move|p1a: Ursaluna|Facade|p2a: Blaziken
|-activate|p2a: Blaziken|move: Protect
|
|-damage|p1a: Ursaluna|0 fnt|[from] psn
|faint|p1a: Ursaluna
|-ability|p2a: Blaziken|Speed Boost|boost
|-boost|p2a: Blaziken|spe|1
|upkeep
|
|t:|1779592826
|switch|p1a: Iron Treads|Iron Treads|100/100
|-damage|p1a: Iron Treads|97/100|[from] Stealth Rock
|-enditem|p1a: Iron Treads|Booster Energy
|-activate|p1a: Iron Treads|ability: Quark Drive|[fromitem]
|-start|p1a: Iron Treads|quarkdrivespe
|turn|10
|
|t:|1779592833
|move|p1a: Iron Treads|Rapid Spin|p2a: Blaziken
|-damage|p2a: Blaziken|78/100
|-boost|p1a: Iron Treads|spe|1
|-sideend|p1: chrisfeb1992|Stealth Rock|[from] move: Rapid Spin|[of] p1a: Iron Treads
|move|p2a: Blaziken|Close Combat|p1a: Iron Treads
|-supereffective|p1a: Iron Treads
|-damage|p1a: Iron Treads|0 fnt
|-unboost|p2a: Blaziken|def|1
|-unboost|p2a: Blaziken|spd|1
|faint|p1a: Iron Treads
|-end|p1a: Iron Treads|Quark Drive|[silent]
|-damage|p2a: Blaziken|68/100|[from] item: Life Orb
|
|-ability|p2a: Blaziken|Speed Boost|boost
|-boost|p2a: Blaziken|spe|1
|upkeep
|
|t:|1779592847
|switch|p1a: Ceruledge|Ceruledge, M|100/100
|turn|11
|
|t:|1779592851
|switch|p2a: Clodsire|Clodsire, M|98/100
|-activate|p2a: Clodsire|move: Sticky Web
|-unboost|p2a: Clodsire|spe|1
|move|p1a: Ceruledge|Swords Dance|p1a: Ceruledge
|-boost|p1a: Ceruledge|atk|2
|
|-heal|p2a: Clodsire|100/100|[from] item: Leftovers
|upkeep
|turn|12
|
|t:|1779592861
|-terastallize|p1a: Ceruledge|Ghost
|move|p1a: Ceruledge|Poltergeist|p2a: Clodsire
|-activate|p2a: Clodsire|move: Poltergeist|Leftovers
|-damage|p2a: Clodsire|17/100
|move|p2a: Clodsire|Toxic|p1a: Ceruledge
|-status|p1a: Ceruledge|tox
|
|-heal|p2a: Clodsire|23/100|[from] item: Leftovers
|-damage|p1a: Ceruledge|94/100 tox|[from] psn
|upkeep
|turn|13
|
|t:|1779592876
|move|p1a: Ceruledge|Poltergeist|p2a: Clodsire
|-activate|p2a: Clodsire|move: Poltergeist|Leftovers
|-crit|p2a: Clodsire
|-damage|p2a: Clodsire|0 fnt
|faint|p2a: Clodsire
|
|-damage|p1a: Ceruledge|82/100 tox|[from] psn
|upkeep
|
|t:|1779592880
|switch|p2a: Dragonite|Dragonite, M|100/100
|turn|14
|
|t:|1779592887
|move|p1a: Ceruledge|Bitter Blade|p2a: Dragonite
|-resisted|p2a: Dragonite
|-damage|p2a: Dragonite|75/100
|-heal|p1a: Ceruledge|96/100 tox|[from] drain|[of] p2a: Dragonite
|move|p2a: Dragonite|Dragon Dance|p2a: Dragonite
|-boost|p2a: Dragonite|atk|1
|-boost|p2a: Dragonite|spe|1
|
|-damage|p1a: Ceruledge|77/100 tox|[from] psn
|upkeep
|turn|15
|
|t:|1779592899
|move|p2a: Dragonite|Dragon Claw|p1a: Ceruledge
|-damage|p1a: Ceruledge|0 fnt
|faint|p1a: Ceruledge
|
|upkeep
|
|t:|1779592908
|switch|p1a: Regieleki|Regieleki|100/100
|turn|16
|
|t:|1779592916
|switch|p2a: Espeon|Espeon, F|100/100
|-activate|p2a: Espeon|move: Sticky Web
|-unboost|p2a: Espeon|spe|1
|move|p1a: Regieleki|Thunderbolt|p2a: Espeon
|-damage|p2a: Espeon|0 fnt
|faint|p2a: Espeon
|
|upkeep
|
|t:|1779592924
|switch|p2a: Hydreigon|Hydreigon, M|100/100
|turn|17
|
|t:|1779592928
|switch|p1a: Ribombee|Ribombee, F|100/100
|move|p2a: Hydreigon|Nasty Plot|p2a: Hydreigon
|-boost|p2a: Hydreigon|spa|2
|
|upkeep
|turn|18
|
|t:|1779592938
|-terastallize|p2a: Hydreigon|Steel
|move|p1a: Ribombee|Moonblast|p2a: Hydreigon
|-resisted|p2a: Hydreigon
|-damage|p2a: Hydreigon|77/100
|move|p2a: Hydreigon|Flash Cannon|p1a: Ribombee
|-supereffective|p1a: Ribombee
|-crit|p1a: Ribombee
|-enditem|p1a: Ribombee|Focus Sash
|-damage|p1a: Ribombee|1/100
|
|upkeep
|turn|19
|
|t:|1779592950
|move|p1a: Ribombee|Moonblast|p2a: Hydreigon
|-resisted|p2a: Hydreigon
|-damage|p2a: Hydreigon|54/100
|move|p2a: Hydreigon|Dark Pulse|p1a: Ribombee
|-resisted|p1a: Ribombee
|-damage|p1a: Ribombee|0 fnt
|faint|p1a: Ribombee
|
|upkeep
|
|t:|1779592959
|switch|p1a: Regieleki|Regieleki|100/100
|turn|20
|
|t:|1779592962
|move|p1a: Regieleki|Thunderbolt|p2a: Hydreigon
|-damage|p2a: Hydreigon|0 fnt
|faint|p2a: Hydreigon
|
|upkeep
|
|t:|1779592969
|switch|p2a: Dragonite|Dragonite, M|75/100
|turn|21
|
|t:|1779592977
|move|p1a: Regieleki|Thunderbolt|p2a: Dragonite
|-crit|p2a: Dragonite
|-damage|p2a: Dragonite|0 fnt
|faint|p2a: Dragonite
|
|upkeep
|
|t:|1779592980
|switch|p2a: Blaziken|Blaziken, M|68/100
|-activate|p2a: Blaziken|move: Sticky Web
|-unboost|p2a: Blaziken|spe|1
|turn|22
|
|t:|1779592985
|move|p2a: Blaziken|Protect|p2a: Blaziken
|-singleturn|p2a: Blaziken|Protect
|move|p1a: Regieleki|Thunderbolt|p2a: Blaziken
|-activate|p2a: Blaziken|move: Protect
|
|-ability|p2a: Blaziken|Speed Boost|boost
|-boost|p2a: Blaziken|spe|1
|upkeep
|turn|23
|
|t:|1779592994
|move|p2a: Blaziken|Protect||[still]
|-fail|p2a: Blaziken
|move|p1a: Regieleki|Thunderbolt|p2a: Blaziken
|-damage|p2a: Blaziken|0 fnt
|faint|p2a: Blaziken
|
|win|chrisfeb1992
|raw|chrisfeb1992's rating: 1242 &rarr; <strong>1264</strong><br />(+22 for winning)
|raw|DAVID-JD0's rating: 1206 &rarr; <strong>1184</strong><br />(-22 for losing)
|l|☆DAVID-JD0
|player|p2|
