|j|☆Bigger Yeagle
|j|☆kopv
|t:|1779647881
|gametype|singles
|player|p1|Bigger Yeagle|2|1662
|player|p2|kopv|bugcatcher-gen4dp|1617
|gen|9
|tier|[Gen 9] OU
|rated|
|rule|HP Percentage Mod: HP is shown in percentages
|rule|Endless Battle Clause: Forcing endless battles is banned
|rule|Species Clause: Limit one of each Pokémon
|rule|OHKO Clause: OHKO moves are banned
|rule|Evasion Items Clause: Evasion items are banned
|rule|Evasion Moves Clause: Evasion moves are banned
|rule|Evasion Abilities Clause: Evasion abilities are banned
|rule|Sleep Moves Clause: Sleep-inducing moves are banned
|clearpoke
|poke|p1|Regieleki|
|poke|p1|Raging Bolt|
|poke|p1|Hatterene, F|
|poke|p1|Gliscor, F|
|poke|p1|Iron Crown|
|poke|p1|Ting-Lu|
|poke|p2|Pelipper, M|
|poke|p2|Barraskewda, F|
|poke|p2|Iron Treads|
|poke|p2|Bruxish, F|
|poke|p2|Raging Bolt|
|poke|p2|Enamorus, F|
|teampreview
|
|t:|1779647895
|teamsize|p1|6
|teamsize|p2|6
|start
|switch|p1a: Raging Bolt|Raging Bolt|100/100
|switch|p2a: Pelipper|Pelipper, M|100/100
|-weather|RainDance|[from] ability: Drizzle|[of] p2a: Pelipper
|turn|1
|
|t:|1779647899
|switch|p2a: Iron Treads|Iron Treads|100/100
|move|p1a: Raging Bolt|Draco Meteor|p2a: Iron Treads
|-resisted|p2a: Iron Treads
|-crit|p2a: Iron Treads
|-damage|p2a: Iron Treads|21/100
|-unboost|p1a: Raging Bolt|spa|2
|
|-weather|RainDance|[upkeep]
|-heal|p2a: Iron Treads|27/100|[from] item: Leftovers
|upkeep
|turn|2
|
|t:|1779647909
|-end|p1a: Raging Bolt|Protosynthesis|[silent]
|switch|p1a: Hatterene|Hatterene, F|100/100
|move|p2a: Iron Treads|Iron Head|p1a: Hatterene
|-supereffective|p1a: Hatterene
|-damage|p1a: Hatterene|50/100
|-damage|p2a: Iron Treads|11/100|[from] item: Rocky Helmet|[of] p1a: Hatterene
|
|-weather|RainDance|[upkeep]
|-heal|p2a: Iron Treads|17/100|[from] item: Leftovers
|upkeep
|turn|3
|j| brother iggins
|inactive|Battle timer is ON: inactive players will automatically lose when time's up. (requested by Bigger Yeagle)
|
|t:|1779647945
|-end|p2a: Iron Treads|Quark Drive|[silent]
|switch|p2a: Barraskewda|Barraskewda, F|100/100
|move|p1a: Hatterene|Draining Kiss|p2a: Barraskewda
|-damage|p2a: Barraskewda|52/100
|-heal|p1a: Hatterene|79/100|[from] drain|[of] p2a: Barraskewda
|
|-weather|RainDance|[upkeep]
|upkeep
|turn|4
|
|t:|1779647952
|move|p2a: Barraskewda|Liquidation|p1a: Hatterene
|-damage|p1a: Hatterene|0 fnt
|-damage|p2a: Barraskewda|36/100|[from] item: Rocky Helmet|[of] p1a: Hatterene
|faint|p1a: Hatterene
|-damage|p2a: Barraskewda|26/100|[from] item: Life Orb
|
|-weather|RainDance|[upkeep]
|upkeep
|
|t:|1779647956
|switch|p1a: Raging Bolt|Raging Bolt|100/100
|turn|5
|
|t:|1779647976
|move|p2a: Barraskewda|Flip Turn|p1a: Raging Bolt
|-resisted|p1a: Raging Bolt
|-damage|p1a: Raging Bolt|76/100
|-damage|p2a: Barraskewda|16/100|[from] item: Life Orb
|
|t:|1779647979
|switch|p2a: Enamorus|Enamorus, F|100/100|[from] Flip Turn
|move|p1a: Raging Bolt|Volt Switch|p2a: Enamorus
|-supereffective|p2a: Enamorus
|-damage|p2a: Enamorus|0 fnt
|faint|p2a: Enamorus
|
|t:|1779647996
|-end|p1a: Raging Bolt|Protosynthesis|[silent]
|switch|p1a: Gliscor|Gliscor, F|100/100|[from] Volt Switch
|
|-weather|RainDance|[upkeep]
|-status|p1a: Gliscor|tox|[from] item: Toxic Orb
|upkeep
|
|t:|1779648005
|switch|p2a: 'Ello gov'na|Bruxish, F|100/100
|turn|6
|
|t:|1779648010
|move|p1a: Gliscor|Protect|p1a: Gliscor
|-singleturn|p1a: Gliscor|Protect
|move|p2a: 'Ello gov'na|Wave Crash|p1a: Gliscor
|-activate|p1a: Gliscor|move: Protect
|
|-weather|RainDance|[upkeep]
|upkeep
|turn|7
|
|t:|1779648025
|-terastallize|p1a: Gliscor|Normal
|move|p2a: 'Ello gov'na|Wave Crash|p1a: Gliscor
|-damage|p1a: Gliscor|0 fnt
|faint|p1a: Gliscor
|-damage|p2a: 'Ello gov'na|59/100|[from] Recoil
|
|-weather|RainDance|[upkeep]
|upkeep
|
|t:|1779648031
|switch|p1a: Raging Bolt|Raging Bolt|76/100
|turn|8
|
|t:|1779648041
|-terastallize|p2a: 'Ello gov'na|Water
|move|p1a: Raging Bolt|Thunderclap||[still]
|cant|p2a: 'Ello gov'na|ability: Dazzling|Thunderclap|[of] p1a: Raging Bolt
|move|p2a: 'Ello gov'na|Wave Crash|p1a: Raging Bolt
|-resisted|p1a: Raging Bolt
|-damage|p1a: Raging Bolt|8/100
|-damage|p2a: 'Ello gov'na|21/100|[from] Recoil
|
|-weather|none
|upkeep
|turn|9
|
|t:|1779648063
|-end|p1a: Raging Bolt|Protosynthesis|[silent]
|switch|p1a: Ting-Lu|Ting-Lu|100/100
|-ability|p1a: Ting-Lu|Vessel of Ruin
|move|p2a: 'Ello gov'na|Wave Crash|p1a: Ting-Lu
|-supereffective|p1a: Ting-Lu
|-crit|p1a: Ting-Lu
|-damage|p1a: Ting-Lu|0 fnt
|faint|p1a: Ting-Lu
|-damage|p2a: 'Ello gov'na|0 fnt|[from] Recoil
|faint|p2a: 'Ello gov'na
|
|upkeep
|
|t:|1779648071
|switch|p2a: Pelipper|Pelipper, M|100/100
|switch|p1a: Regieleki|Regieleki|100/100
|-weather|RainDance|[from] ability: Drizzle|[of] p2a: Pelipper
|turn|10
|
|t:|1779648082
|switch|p1a: Iron Crown|Iron Crown|100/100
|switch|p2a: Iron Treads|Iron Treads|17/100
|
|-weather|RainDance|[upkeep]
|-heal|p2a: Iron Treads|23/100|[from] item: Leftovers
|upkeep
|turn|11
|
|t:|1779648088
|-end|p2a: Iron Treads|Quark Drive|[silent]
|switch|p2a: Raging Bolt|Raging Bolt|100/100
|move|p1a: Iron Crown|Tachyon Cutter|p2a: Raging Bolt
|-resisted|p2a: Raging Bolt
|-damage|p2a: Raging Bolt|88/100
|-resisted|p2a: Raging Bolt
|-damage|p2a: Raging Bolt|75/100
|-hitcount|p2a: Raging Bolt|2
|
|-weather|RainDance|[upkeep]
|-heal|p2a: Raging Bolt|81/100|[from] item: Leftovers
|upkeep
|turn|12
|
|t:|1779648096
|move|p1a: Iron Crown|Psychic Noise|p2a: Raging Bolt
|-damage|p2a: Raging Bolt|47/100
|-start|p2a: Raging Bolt|move: Heal Block
|move|p2a: Raging Bolt|Thunder|p1a: Iron Crown
|-damage|p1a: Iron Crown|58/100
|-status|p1a: Iron Crown|par
|
|-weather|RainDance|[upkeep]
|upkeep
|turn|13
|j| FaronAan
|l| FaronAan
|
|t:|1779648115
|move|p2a: Raging Bolt|Thunder|p1a: Iron Crown
|-damage|p1a: Iron Crown|14/100 par
|cant|p1a: Iron Crown|par
|
|-weather|RainDance|[upkeep]
|-end|p2a: Raging Bolt|move: Heal Block
|upkeep
|turn|14
|
|t:|1779648120
|move|p2a: Raging Bolt|Thunder|p1a: Iron Crown
|-damage|p1a: Iron Crown|0 fnt
|faint|p1a: Iron Crown
|-end|p1a: Iron Crown|Quark Drive|[silent]
|
|-weather|RainDance|[upkeep]
|-heal|p2a: Raging Bolt|53/100|[from] item: Leftovers
|upkeep
|
|t:|1779648122
|switch|p1a: Raging Bolt|Raging Bolt|8/100
|turn|15
|
|t:|1779648126
|move|p2a: Raging Bolt|Thunderclap|p1a: Raging Bolt
|-resisted|p1a: Raging Bolt
|-damage|p1a: Raging Bolt|0 fnt
|faint|p1a: Raging Bolt
|-end|p1a: Raging Bolt|Protosynthesis|[silent]
|
|-weather|RainDance|[upkeep]
|-heal|p2a: Raging Bolt|59/100|[from] item: Leftovers
|upkeep
|-message|Bigger Yeagle forfeited.
|
|win|kopv
|raw|Bigger Yeagle's rating: 1662 &rarr; <strong>1639</strong><br />(-23 for losing)
|raw|kopv's rating: 1617 &rarr; <strong>1640</strong><br />(+23 for winning)
|l|☆Bigger Yeagle
|player|p1|
|l| brother iggins
