|j|☆Nejuuu
|j|☆phap'a
|t:|1779707845
|gametype|singles
|player|p1|Nejuuu|bea|1158
|player|p2|phap'a|dawn|1190
|gen|9
|tier|[Gen 9] OU
|rated|
|rule|HP Percentage Mod: HP is shown in percentages
|rule|Endless Battle Clause: Forcing endless battles is banned
|rule|Species Clause: Limit one of each Pokémon
|rule|OHKO Clause: OHKO moves are banned
|rule|Evasion Items Clause: Evasion items are banned
|rule|Evasion Moves Clause: Evasion moves are banned
|rule|Evasion Abilities Clause: Evasion abilities are banned
|rule|Sleep Moves Clause: Sleep-inducing moves are banned
|clearpoke
|poke|p1|Glimmora, M|
|poke|p1|Great Tusk|
|poke|p1|Iron Valiant|
|poke|p1|Toxapex, M|
|poke|p1|Raging Bolt|
|poke|p1|Lokix, M|
|poke|p2|Iron Treads|
|poke|p2|Samurott-Hisui, M|
|poke|p2|Iron Moth|
|poke|p2|Kyurem|
|poke|p2|Ting-Lu|
|poke|p2|Deoxys-Speed|
|teampreview
|inactive|Battle timer is ON: inactive players will automatically lose when time's up. (requested by Nejuuu)
|c|☆phap'a|GLHF
|
|t:|1779707859
|teamsize|p1|6
|teamsize|p2|6
|start
|switch|p1a: Iron Valiant|Iron Valiant|100/100
|switch|p2a: Deoxys|Deoxys-Speed|100/100
|-ability|p2a: Deoxys|Pressure
|-enditem|p1a: Iron Valiant|Booster Energy
|-activate|p1a: Iron Valiant|ability: Quark Drive|[fromitem]
|-start|p1a: Iron Valiant|quarkdrivespe
|turn|1
|
|t:|1779707867
|move|p1a: Iron Valiant|Spirit Break|p2a: Deoxys
|-damage|p2a: Deoxys|50/100
|-unboost|p2a: Deoxys|spa|1
|move|p2a: Deoxys|Thunder Wave|p1a: Iron Valiant
|-status|p1a: Iron Valiant|par
|
|upkeep
|turn|2
|
|t:|1779707878
|move|p2a: Deoxys|Psycho Boost|p1a: Iron Valiant
|-supereffective|p1a: Iron Valiant
|-crit|p1a: Iron Valiant
|-damage|p1a: Iron Valiant|0 fnt
|-unboost|p2a: Deoxys|spa|2
|faint|p1a: Iron Valiant
|-end|p1a: Iron Valiant|Quark Drive|[silent]
|
|upkeep
|
|t:|1779707883
|switch|p1a: Lokix|Lokix, M|100/100
|turn|3
|
|t:|1779707895
|switch|p2a: Kyurem|Kyurem|100/100
|-ability|p2a: Kyurem|Pressure
|move|p1a: Lokix|First Impression|p2a: Kyurem
|-damage|p2a: Kyurem|43/100
|-damage|p1a: Lokix|91/100|[from] item: Life Orb
|
|upkeep
|turn|4
|
|t:|1779707904
|move|p1a: Lokix|Sucker Punch||[still]
|-fail|p1a: Lokix
|move|p2a: Kyurem|Dragon Dance|p2a: Kyurem
|-boost|p2a: Kyurem|atk|1
|-boost|p2a: Kyurem|spe|1
|
|upkeep
|turn|5
|
|t:|1779707910
|move|p1a: Lokix|Sucker Punch|p2a: Kyurem
|-damage|p2a: Kyurem|1/100
|-damage|p1a: Lokix|81/100|[from] item: Life Orb
|move|p2a: Kyurem|Icicle Spear|p1a: Lokix
|-damage|p1a: Lokix|48/100
|-damage|p1a: Lokix|17/100
|-damage|p1a: Lokix|0 fnt
|faint|p1a: Lokix
|-hitcount|p1: Lokix|3
|
|upkeep
|
|t:|1779707919
|switch|p1a: Raging Bolt|Raging Bolt|100/100
|turn|6
|
|t:|1779707924
|move|p1a: Raging Bolt|Thunderclap||[still]
|-fail|p1a: Raging Bolt
|move|p2a: Kyurem|Dragon Dance|p2a: Kyurem
|-boost|p2a: Kyurem|atk|1
|-boost|p2a: Kyurem|spe|1
|
|upkeep
|turn|7
|
|t:|1779707929
|-terastallize|p1a: Raging Bolt|Fairy
|move|p1a: Raging Bolt|Thunderclap||[still]
|-fail|p1a: Raging Bolt
|move|p2a: Kyurem|Dragon Dance|p2a: Kyurem
|-boost|p2a: Kyurem|atk|1
|-boost|p2a: Kyurem|spe|1
|
|upkeep
|turn|8
|
|t:|1779707938
|move|p2a: Kyurem|Dragon Dance|p2a: Kyurem
|-boost|p2a: Kyurem|atk|1
|-boost|p2a: Kyurem|spe|1
|move|p1a: Raging Bolt|Thunderbolt|p2a: Kyurem
|-resisted|p2a: Kyurem
|-damage|p2a: Kyurem|0 fnt
|faint|p2a: Kyurem
|
|upkeep
|
|t:|1779707948
|switch|p2a: Iron Moth|Iron Moth|100/100
|-enditem|p2a: Iron Moth|Booster Energy
|-activate|p2a: Iron Moth|ability: Quark Drive|[fromitem]
|-start|p2a: Iron Moth|quarkdrivespa
|turn|9
|
|t:|1779707952
|move|p1a: Raging Bolt|Thunderclap|p2a: Iron Moth
|-damage|p2a: Iron Moth|54/100
|move|p2a: Iron Moth|Sludge Wave|p1a: Raging Bolt
|-supereffective|p1a: Raging Bolt
|-damage|p1a: Raging Bolt|0 fnt
|faint|p1a: Raging Bolt
|-end|p1a: Raging Bolt|Protosynthesis|[silent]
|
|upkeep
|
|t:|1779707961
|switch|p1a: Glimmora|Glimmora, M|100/100
|turn|10
|
|t:|1779707974
|-end|p2a: Iron Moth|Quark Drive|[silent]
|switch|p2a: Ting-Lu|Ting-Lu|100/100
|-ability|p2a: Ting-Lu|Vessel of Ruin
|move|p1a: Glimmora|Stealth Rock|p2a: Ting-Lu
|-sidestart|p2: phap'a|move: Stealth Rock
|
|upkeep
|turn|11
|
|t:|1779707980
|move|p1a: Glimmora|Mortal Spin|p2a: Ting-Lu
|-resisted|p2a: Ting-Lu
|-damage|p2a: Ting-Lu|99/100
|-status|p2a: Ting-Lu|psn
|-damage|p1a: Glimmora|84/100|[from] item: Rocky Helmet|[of] p2a: Ting-Lu
|move|p2a: Ting-Lu|Ruination|p1a: Glimmora
|-damage|p1a: Glimmora|42/100
|
|-damage|p2a: Ting-Lu|86/100 psn|[from] psn
|upkeep
|turn|12
|
|t:|1779707989
|move|p1a: Glimmora|Earth Power|p2a: Ting-Lu
|-damage|p2a: Ting-Lu|70/100 psn
|move|p2a: Ting-Lu|Earthquake|p1a: Glimmora
|-supereffective|p1a: Glimmora
|-damage|p1a: Glimmora|0 fnt
|-activate|p1a: Glimmora|ability: Toxic Debris
|-sidestart|p2: phap'a|move: Toxic Spikes
|faint|p1a: Glimmora
|
|-damage|p2a: Ting-Lu|57/100 psn|[from] psn
|upkeep
|
|t:|1779707997
|switch|p1a: Great Tusk|Great Tusk|100/100
|turn|13
|
|t:|1779708004
|move|p1a: Great Tusk|Rapid Spin|p2a: Ting-Lu
|-damage|p2a: Ting-Lu|47/100 psn
|-boost|p1a: Great Tusk|spe|1
|-damage|p1a: Great Tusk|84/100|[from] item: Rocky Helmet|[of] p2a: Ting-Lu
|move|p2a: Ting-Lu|Whirlwind|p1a: Great Tusk
|-end|p1a: Great Tusk|Protosynthesis|[silent]
|drag|p1a: Toxapex|Toxapex, M|100/100
|
|-damage|p2a: Ting-Lu|35/100 psn|[from] psn
|upkeep
|turn|14
|
|t:|1779708010
|switch|p1a: Great Tusk|Great Tusk|84/100
|move|p2a: Ting-Lu|Ruination|p1a: Great Tusk
|-damage|p1a: Great Tusk|42/100
|
|-heal|p1a: Great Tusk|48/100|[from] item: Leftovers
|-damage|p2a: Ting-Lu|22/100 psn|[from] psn
|upkeep
|turn|15
|
|t:|1779708014
|move|p1a: Great Tusk|Rapid Spin|p2a: Ting-Lu
|-damage|p2a: Ting-Lu|13/100 psn
|-boost|p1a: Great Tusk|spe|1
|-damage|p1a: Great Tusk|32/100|[from] item: Rocky Helmet|[of] p2a: Ting-Lu
|move|p2a: Ting-Lu|Whirlwind|p1a: Great Tusk
|-end|p1a: Great Tusk|Protosynthesis|[silent]
|drag|p1a: Toxapex|Toxapex, M|100/100
|
|-damage|p2a: Ting-Lu|0 fnt|[from] psn
|faint|p2a: Ting-Lu
|upkeep
|
|t:|1779708021
|switch|p2a: Iron Treads|Iron Treads|100/100
|-damage|p2a: Iron Treads|97/100|[from] Stealth Rock
|-enditem|p2a: Iron Treads|Booster Energy
|-activate|p2a: Iron Treads|ability: Quark Drive|[fromitem]
|-start|p2a: Iron Treads|quarkdrivespe
|turn|16
|
|t:|1779708030
|move|p2a: Iron Treads|Rapid Spin|p1a: Toxapex
|-damage|p1a: Toxapex|90/100
|-boost|p2a: Iron Treads|spe|1
|-damage|p2a: Iron Treads|81/100|[from] item: Rocky Helmet|[of] p1a: Toxapex
|-sideend|p2: phap'a|Toxic Spikes|[from] move: Rapid Spin|[of] p2a: Iron Treads
|-sideend|p2: phap'a|Stealth Rock|[from] move: Rapid Spin|[of] p2a: Iron Treads
|move|p1a: Toxapex|Surf|p2a: Iron Treads
|-supereffective|p2a: Iron Treads
|-crit|p2a: Iron Treads
|-damage|p2a: Iron Treads|0 fnt
|faint|p2a: Iron Treads
|-end|p2a: Iron Treads|Quark Drive|[silent]
|
|upkeep
|
|t:|1779708042
|switch|p2a: Deoxys|Deoxys-Speed|50/100
|-ability|p2a: Deoxys|Pressure
|turn|17
|
|t:|1779708048
|move|p2a: Deoxys|Psycho Boost|p1a: Toxapex
|-supereffective|p1a: Toxapex
|-damage|p1a: Toxapex|24/100
|-unboost|p2a: Deoxys|spa|2
|move|p1a: Toxapex|Toxic|p2a: Deoxys
|-status|p2a: Deoxys|tox
|
|-damage|p2a: Deoxys|44/100 tox|[from] psn
|upkeep
|turn|18
|
|t:|1779708057
|move|p1a: Toxapex|Baneful Bunker|p1a: Toxapex
|-singleturn|p1a: Toxapex|move: Protect
|move|p2a: Deoxys|Psycho Boost|p1a: Toxapex
|-activate|p1a: Toxapex|move: Protect
|
|-damage|p2a: Deoxys|32/100 tox|[from] psn
|upkeep
|turn|19
|
|t:|1779708062
|switch|p1a: Great Tusk|Great Tusk|32/100
|move|p2a: Deoxys|Psycho Boost|p1a: Great Tusk
|-supereffective|p1a: Great Tusk
|-damage|p1a: Great Tusk|0 fnt
|-unboost|p2a: Deoxys|spa|2
|faint|p1a: Great Tusk
|-end|p1a: Great Tusk|Protosynthesis|[silent]
|
|-damage|p2a: Deoxys|14/100 tox|[from] psn
|upkeep
|
|t:|1779708068
|switch|p1a: Toxapex|Toxapex, M|57/100
|turn|20
|
|t:|1779708076
|move|p1a: Toxapex|Baneful Bunker|p1a: Toxapex
|-singleturn|p1a: Toxapex|move: Protect
|move|p2a: Deoxys|Thunder Wave|p1a: Toxapex
|-activate|p1a: Toxapex|move: Protect
|
|-damage|p2a: Deoxys|0 fnt|[from] psn
|faint|p2a: Deoxys
|upkeep
|
|t:|1779708079
|switch|p2a: Samurott|Samurott-Hisui, M|100/100
|turn|21
|
|t:|1779708087
|move|p2a: Samurott|Ceaseless Edge|p1a: Toxapex|[miss]
|-miss|p2a: Samurott|p1a: Toxapex
|move|p1a: Toxapex|Toxic|p2a: Samurott
|-status|p2a: Samurott|tox
|
|-damage|p2a: Samurott|94/100 tox|[from] psn
|upkeep
|turn|22
|
|t:|1779708091
|move|p2a: Samurott|Ceaseless Edge|p1a: Toxapex|[miss]
|-miss|p2a: Samurott|p1a: Toxapex
|move|p1a: Toxapex|Recover|p1a: Toxapex
|-heal|p1a: Toxapex|100/100
|
|-damage|p2a: Samurott|82/100 tox|[from] psn
|upkeep
|turn|23
|
|t:|1779708097
|move|p1a: Toxapex|Baneful Bunker|p1a: Toxapex
|-singleturn|p1a: Toxapex|move: Protect
|move|p2a: Samurott|Ceaseless Edge|p1a: Toxapex
|-activate|p1a: Toxapex|move: Protect
|
|-damage|p2a: Samurott|63/100 tox|[from] psn
|upkeep
|turn|24
|
|t:|1779708103
|move|p2a: Samurott|Ceaseless Edge|p1a: Toxapex
|-damage|p1a: Toxapex|62/100
|-damage|p2a: Samurott|47/100 tox|[from] item: Rocky Helmet|[of] p1a: Toxapex
|-sidestart|p1: Nejuuu|Spikes
|-damage|p2a: Samurott|37/100 tox|[from] item: Life Orb
|move|p1a: Toxapex|Surf|p2a: Samurott
|-resisted|p2a: Samurott
|-damage|p2a: Samurott|20/100 tox
|
|-damage|p2a: Samurott|0 fnt|[from] psn
|faint|p2a: Samurott
|upkeep
|
|t:|1779708110
|switch|p2a: Iron Moth|Iron Moth|54/100
|turn|25
|
|t:|1779708116
|-terastallize|p2a: Iron Moth|Grass
|move|p1a: Toxapex|Baneful Bunker|p1a: Toxapex
|-singleturn|p1a: Toxapex|move: Protect
|move|p2a: Iron Moth|Energy Ball|p1a: Toxapex
|-activate|p1a: Toxapex|move: Protect
|
|upkeep
|turn|26
|
|t:|1779708121
|move|p2a: Iron Moth|Energy Ball|p1a: Toxapex
|-damage|p1a: Toxapex|23/100
|move|p1a: Toxapex|Recover|p1a: Toxapex
|-heal|p1a: Toxapex|73/100
|
|upkeep
|turn|27
|
|t:|1779708126
|move|p2a: Iron Moth|Energy Ball|p1a: Toxapex
|-damage|p1a: Toxapex|38/100
|move|p1a: Toxapex|Toxic|p2a: Iron Moth
|-status|p2a: Iron Moth|tox
|
|-damage|p2a: Iron Moth|48/100 tox|[from] psn
|upkeep
|turn|28
|
|t:|1779708131
|move|p1a: Toxapex|Baneful Bunker|p1a: Toxapex
|-singleturn|p1a: Toxapex|move: Protect
|move|p2a: Iron Moth|Energy Ball|p1a: Toxapex
|-activate|p1a: Toxapex|move: Protect
|
|-damage|p2a: Iron Moth|36/100 tox|[from] psn
|upkeep
|turn|29
|
|t:|1779708136
|move|p2a: Iron Moth|Energy Ball|p1a: Toxapex
|-damage|p1a: Toxapex|0 fnt
|faint|p1a: Toxapex
|
|win|phap'a
|raw|Nejuuu's rating: 1158 &rarr; <strong>1135</strong><br />(-23 for losing)
|raw|phap&apos;a's rating: 1190 &rarr; <strong>1213</strong><br />(+23 for winning)
|c|☆phap'a|gg
|c|☆phap'a|toxapex such a troublesome mon
|l|☆Nejuuu
|player|p1|
