|j|☆ZeemeerminGeertJan
|j|☆megalati
|t:|1779615730
|gametype|singles
|player|p1|ZeemeerminGeertJan|266|1552
|player|p2|megalati|1|1527
|gen|9
|tier|[Gen 9] OU
|rated|
|rule|HP Percentage Mod: HP is shown in percentages
|rule|Endless Battle Clause: Forcing endless battles is banned
|rule|Species Clause: Limit one of each Pokémon
|rule|OHKO Clause: OHKO moves are banned
|rule|Evasion Items Clause: Evasion items are banned
|rule|Evasion Moves Clause: Evasion moves are banned
|rule|Evasion Abilities Clause: Evasion abilities are banned
|rule|Sleep Moves Clause: Sleep-inducing moves are banned
|clearpoke
|poke|p1|Cramorant, F|
|poke|p1|Gallade, M|
|poke|p1|Kingambit, F|
|poke|p1|Iron Moth|
|poke|p1|Enamorus, F|
|poke|p1|Ogerpon-Cornerstone, F|
|poke|p2|Hatterene, F|
|poke|p2|Cresselia, F|
|poke|p2|Ursaluna, M|
|poke|p2|Iron Hands|
|poke|p2|Kingambit, M|
|poke|p2|Landorus-Therian, M|
|teampreview
|inactive|Battle timer is ON: inactive players will automatically lose when time's up. (requested by ZeemeerminGeertJan)
|inactive|megalati has 120 seconds left.
|
|t:|1779615800
|teamsize|p1|6
|teamsize|p2|6
|start
|switch|p1a: Cramorant|Cramorant, F, shiny|100/100
|switch|p2a: Cresselia|Cresselia, F|100/100
|turn|1
|
|t:|1779615808
|move|p1a: Cramorant|Surf|p2a: Cresselia
|-formechange|p1a: Cramorant|Cramorant-Gulping|
|-damage|p2a: Cresselia|76/100
|move|p2a: Cresselia|Trick Room|p2a: Cresselia
|-fieldstart|move: Trick Room|[of] p2a: Cresselia
|
|upkeep
|turn|2
|
|t:|1779615819
|switch|p2a: Iron Hands|Iron Hands|100/100
|-enditem|p2a: Iron Hands|Booster Energy
|-activate|p2a: Iron Hands|ability: Quark Drive|[fromitem]
|-start|p2a: Iron Hands|quarkdriveatk
|move|p1a: Cramorant|Surf|p2a: Iron Hands
|-damage|p2a: Iron Hands|72/100
|
|upkeep
|turn|3
|
|t:|1779615840
|move|p2a: Iron Hands|Close Combat|p1a: Cramorant
|-resisted|p1a: Cramorant
|-damage|p1a: Cramorant|5/100
|-unboost|p2a: Iron Hands|def|1
|-unboost|p2a: Iron Hands|spd|1
|-damage|p2a: Iron Hands|47/100|[from] ability: Gulp Missile|[of] p1a: Cramorant
|-unboost|p2a: Iron Hands|def|1
|-formechange|p1a: Cramorant|Cramorant|
|move|p1a: Cramorant|Surf|p2a: Iron Hands
|-formechange|p1a: Cramorant|Cramorant-Gorging|
|-damage|p2a: Iron Hands|4/100
|
|upkeep
|turn|4
|
|t:|1779615846
|move|p2a: Iron Hands|Thunder Punch|p1a: Cramorant
|-supereffective|p1a: Cramorant
|-damage|p1a: Cramorant|0 fnt
|-damage|p2a: Iron Hands|0 fnt|[from] ability: Gulp Missile|[of] p1a: Cramorant
|-formechange|p1a: Cramorant|Cramorant|
|faint|p1a: Cramorant
|faint|p2a: Iron Hands
|-end|p2a: Iron Hands|Quark Drive|[silent]
|
|upkeep
|
|t:|1779615870
|switch|p2a: Ursaluna|Ursaluna, M|100/100
|switch|p1a: Enamorus|Enamorus, F|100/100
|turn|5
|
|t:|1779615884
|move|p2a: Ursaluna|Facade|p1a: Enamorus
|-damage|p1a: Enamorus|27/100
|move|p1a: Enamorus|Superpower|p2a: Ursaluna
|-supereffective|p2a: Ursaluna
|-damage|p2a: Ursaluna|55/100
|-boost|p1a: Enamorus|atk|1
|-boost|p1a: Enamorus|def|1
|
|-fieldend|move: Trick Room
|-status|p2a: Ursaluna|brn|[from] item: Flame Orb
|upkeep
|turn|6
|inactive|megalati has 120 seconds left.
|
|t:|1779615906
|switch|p2a: Cresselia|Cresselia, F|76/100
|move|p1a: Enamorus|Superpower|p2a: Cresselia
|-resisted|p2a: Cresselia
|-damage|p2a: Cresselia|65/100
|-boost|p1a: Enamorus|atk|1
|-boost|p1a: Enamorus|def|1
|
|upkeep
|turn|7
|
|t:|1779615910
|move|p1a: Enamorus|Moonblast|p2a: Cresselia
|-damage|p2a: Cresselia|29/100
|-unboost|p2a: Cresselia|spa|1
|move|p2a: Cresselia|Ice Beam|p1a: Enamorus
|-supereffective|p1a: Enamorus
|-damage|p1a: Enamorus|0 fnt
|faint|p1a: Enamorus
|
|upkeep
|
|t:|1779615926
|switch|p1a: Iron Moth|Iron Moth|100/100
|-enditem|p1a: Iron Moth|Booster Energy
|-activate|p1a: Iron Moth|ability: Quark Drive|[fromitem]
|-start|p1a: Iron Moth|quarkdrivespe
|turn|8
|
|t:|1779615935
|move|p1a: Iron Moth|Fiery Dance|p2a: Cresselia
|-damage|p2a: Cresselia|2/100
|move|p2a: Cresselia|Trick Room|p2a: Cresselia
|-fieldstart|move: Trick Room|[of] p2a: Cresselia
|
|upkeep
|turn|9
|
|t:|1779615942
|move|p2a: Cresselia|Lunar Dance|p2a: Cresselia
|faint|p2a: Cresselia
|move|p1a: Iron Moth|Fiery Dance|p2: Cresselia|[notarget]
|-fail|p1a: Iron Moth
|
|upkeep
|
|t:|1779615947
|switch|p2a: Ursaluna|Ursaluna, M|55/100 brn
|-heal|p2a: Ursaluna|100/100|[from] move: Lunar Dance
|turn|10
|
|t:|1779615957
|-terastallize|p1a: Iron Moth|Grass
|move|p2a: Ursaluna|Headlong Rush|p1a: Iron Moth
|-resisted|p1a: Iron Moth
|-damage|p1a: Iron Moth|47/100
|-unboost|p2a: Ursaluna|def|1
|-unboost|p2a: Ursaluna|spd|1
|move|p1a: Iron Moth|Energy Ball|p2a: Ursaluna
|-supereffective|p2a: Ursaluna
|-damage|p2a: Ursaluna|0 fnt
|faint|p2a: Ursaluna
|
|upkeep
|
|t:|1779615971
|switch|p2a: Kingambit|Kingambit, M|100/100
|-activate|p2a: Kingambit|ability: Supreme Overlord
|-start|p2a: Kingambit|fallen3|[silent]
|-item|p2a: Kingambit|Air Balloon
|turn|11
|
|t:|1779615978
|move|p2a: Kingambit|Kowtow Cleave|p1a: Iron Moth
|-damage|p1a: Iron Moth|0 fnt
|faint|p1a: Iron Moth
|-end|p1a: Iron Moth|Quark Drive|[silent]
|
|upkeep
|
|t:|1779615985
|switch|p1a: Kingambit|Kingambit, F|100/100
|-activate|p1a: Kingambit|ability: Supreme Overlord
|-start|p1a: Kingambit|fallen3|[silent]
|turn|12
|
|t:|1779615989
|move|p2a: Kingambit|Low Kick|p1a: Kingambit
|-supereffective|p1a: Kingambit
|-damage|p1a: Kingambit|0 fnt
|faint|p1a: Kingambit
|-end|p1a: Kingambit|fallen3|[silent]
|
|-fieldend|move: Trick Room
|upkeep
|
|t:|1779615992
|switch|p1a: Gallade|Gallade, M|100/100
|turn|13
|
|t:|1779616007
|-end|p2a: Kingambit|fallen3|[silent]
|switch|p2a: Hatterene|Hatterene, F|100/100
|move|p1a: Gallade|Swords Dance|p1a: Gallade
|-boost|p1a: Gallade|atk|2
|
|upkeep
|turn|14
|
|t:|1779616016
|move|p1a: Gallade|Shadow Sneak|p2a: Hatterene
|-supereffective|p2a: Hatterene
|-damage|p2a: Hatterene|39/100
|move|p2a: Hatterene|Trick Room|p2a: Hatterene
|-fieldstart|move: Trick Room|[of] p2a: Hatterene
|
|upkeep
|turn|15
|
|t:|1779616023
|move|p1a: Gallade|Shadow Sneak|p2a: Hatterene
|-supereffective|p2a: Hatterene
|-damage|p2a: Hatterene|0 fnt
|faint|p2a: Hatterene
|
|upkeep
|
|t:|1779616026
|switch|p2a: Kingambit|Kingambit, M|100/100
|-activate|p2a: Kingambit|ability: Supreme Overlord
|-start|p2a: Kingambit|fallen4|[silent]
|-item|p2a: Kingambit|Air Balloon
|turn|16
|l|☆megalati
|inactive|megalati disconnected and has a minute to reconnect!
|player|p2|
|inactive|megalati has 30 seconds to reconnect!
|inactive|megalati has 20 seconds to reconnect!
|inactive|megalati has 15 seconds to reconnect!
|inactive|megalati has 10 seconds to reconnect!
|inactive|megalati has 5 seconds to reconnect!
|-message|megalati lost due to inactivity.
|
|win|ZeemeerminGeertJan
|raw|ZeemeerminGeertJan's rating: 1552 &rarr; <strong>1571</strong><br />(+19 for winning)
|raw|megalati's rating: 1527 &rarr; <strong>1508</strong><br />(-19 for losing)
|l|☆ZeemeerminGeertJan
|player|p1|
|j|☆megalati
|player|p2|megalati|1|
|l|☆megalati
|player|p2|
