|j|☆isa2381
|j|☆silverlol
|t:|1779580333
|gametype|singles
|player|p1|isa2381|lady|1272
|player|p2|silverlol|gambler|1248
|gen|9
|tier|[Gen 9] OU
|rated|
|rule|HP Percentage Mod: HP is shown in percentages
|rule|Endless Battle Clause: Forcing endless battles is banned
|rule|Species Clause: Limit one of each Pokémon
|rule|OHKO Clause: OHKO moves are banned
|rule|Evasion Items Clause: Evasion items are banned
|rule|Evasion Moves Clause: Evasion moves are banned
|rule|Evasion Abilities Clause: Evasion abilities are banned
|rule|Sleep Moves Clause: Sleep-inducing moves are banned
|clearpoke
|poke|p1|Skeledirge, F|
|poke|p1|Corviknight, F|
|poke|p1|Ogerpon-Wellspring, F|
|poke|p1|Slowking-Galar, F|
|poke|p1|Tyranitar, F|
|poke|p1|Iron Valiant|
|poke|p2|Scizor, M|
|poke|p2|Greninja-*, M|
|poke|p2|Garchomp, M|
|poke|p2|Metagross|
|poke|p2|Zapdos|
|poke|p2|Excadrill, F|
|teampreview
|
|t:|1779580345
|teamsize|p1|6
|teamsize|p2|6
|start
|switch|p1a: Skeledirge|Skeledirge, F|100/100
|switch|p2a: Metagross|Metagross|100/100
|turn|1
|
|t:|1779580364
|move|p2a: Metagross|Earthquake|p1a: Skeledirge
|-supereffective|p1a: Skeledirge
|-damage|p1a: Skeledirge|37/100
|move|p1a: Skeledirge|Will-O-Wisp|p2a: Metagross
|-status|p2a: Metagross|brn
|
|-damage|p2a: Metagross|94/100 brn|[from] brn
|upkeep
|turn|2
|
|t:|1779580380
|switch|p1a: Corviknight|Corviknight, F|100/100
|-ability|p1a: Corviknight|Pressure
|move|p2a: Metagross|Earthquake|p1a: Corviknight
|-immune|p1a: Corviknight
|
|-damage|p2a: Metagross|88/100 brn|[from] brn
|upkeep
|turn|3
|
|t:|1779580389
|move|p2a: Metagross|Psychic Fangs|p1a: Corviknight
|-resisted|p1a: Corviknight
|-damage|p1a: Corviknight|94/100
|-damage|p2a: Metagross|72/100 brn|[from] item: Rocky Helmet|[of] p1a: Corviknight
|move|p1a: Corviknight|U-turn|p2a: Metagross
|-damage|p2a: Metagross|62/100 brn
|
|t:|1779580397
|switch|p1a: Skeledirge|Skeledirge, F|37/100|[from] U-turn
|
|-damage|p2a: Metagross|56/100 brn|[from] brn
|upkeep
|turn|4
|
|t:|1779580410
|move|p2a: Metagross|Earthquake|p1a: Skeledirge
|-supereffective|p1a: Skeledirge
|-damage|p1a: Skeledirge|9/100
|move|p1a: Skeledirge|Slack Off|p1a: Skeledirge
|-heal|p1a: Skeledirge|59/100
|
|-damage|p2a: Metagross|50/100 brn|[from] brn
|upkeep
|turn|5
|
|t:|1779580417
|switch|p2a: Greninja|Greninja, M|100/100
|move|p1a: Skeledirge|Slack Off|p1a: Skeledirge
|-heal|p1a: Skeledirge|100/100
|
|upkeep
|turn|6
|
|t:|1779580423
|switch|p1a: Ogerpon|Ogerpon-Wellspring, F|100/100
|move|p2a: Greninja|Dark Pulse|p1a: Ogerpon
|-damage|p1a: Ogerpon|54/100
|
|upkeep
|turn|7
|
|t:|1779580429
|-terastallize|p2a: Greninja|Poison
|move|p1a: Ogerpon|Horn Leech|p2a: Greninja
|-resisted|p2a: Greninja
|-damage|p2a: Greninja|64/100
|-heal|p1a: Ogerpon|71/100|[from] drain|[of] p2a: Greninja
|move|p2a: Greninja|Sludge Wave|p1a: Ogerpon
|-supereffective|p1a: Ogerpon
|-damage|p1a: Ogerpon|0 fnt
|faint|p1a: Ogerpon
|-ability|p2a: Greninja|Battle Bond|boost
|-boost|p2a: Greninja|atk|1
|-boost|p2a: Greninja|spa|1
|-boost|p2a: Greninja|spe|1
|-activate|p2a: Greninja|ability: Battle Bond
|
|upkeep
|
|t:|1779580448
|switch|p1a: Slowking|Slowking-Galar, F|100/100
|turn|8
|
|t:|1779580463
|move|p2a: Greninja|Dark Pulse|p1a: Slowking
|-supereffective|p1a: Slowking
|-damage|p1a: Slowking|34/100
|move|p1a: Slowking|Psychic Noise|p2a: Greninja
|-supereffective|p2a: Greninja
|-damage|p2a: Greninja|0 fnt
|faint|p2a: Greninja
|
|upkeep
|
|t:|1779580479
|switch|p2a: Zapdos|Zapdos, shiny|100/100
|turn|9
|
|t:|1779580494
|switch|p1a: Tyranitar|Tyranitar, F|100/100
|-weather|Sandstorm|[from] ability: Sand Stream|[of] p1a: Tyranitar
|move|p2a: Zapdos|Volt Switch|p1a: Tyranitar
|-damage|p1a: Tyranitar|74/100
|
|t:|1779580499
|switch|p2a: Excadrill|Excadrill, F|100/100|[from] Volt Switch
|-ability|p2a: Excadrill|Mold Breaker
|
|-weather|Sandstorm|[upkeep]
|upkeep
|turn|10
|
|t:|1779580506
|move|p1a: Tyranitar|Low Kick|p2a: Excadrill
|-supereffective|p2a: Excadrill
|-damage|p2a: Excadrill|38/100
|move|p2a: Excadrill|Iron Head|p1a: Tyranitar
|-supereffective|p1a: Tyranitar
|-damage|p1a: Tyranitar|0 fnt
|faint|p1a: Tyranitar
|
|-weather|Sandstorm|[upkeep]
|upkeep
|
|t:|1779580518
|switch|p1a: Iron Valiant|Iron Valiant|100/100
|-enditem|p1a: Iron Valiant|Booster Energy
|-activate|p1a: Iron Valiant|ability: Quark Drive|[fromitem]
|-start|p1a: Iron Valiant|quarkdrivespe
|turn|11
|
|t:|1779580530
|move|p1a: Iron Valiant|Knock Off|p2a: Excadrill
|-damage|p2a: Excadrill|0 fnt
|-enditem|p2a: Excadrill|Razor Claw|[from] move: Knock Off|[of] p1a: Iron Valiant
|faint|p2a: Excadrill
|
|-weather|Sandstorm|[upkeep]
|-damage|p1a: Iron Valiant|94/100|[from] Sandstorm
|upkeep
|
|t:|1779580534
|switch|p2a: Metagross|Metagross|50/100 brn
|turn|12
|
|t:|1779580540
|move|p2a: Metagross|Bullet Punch|p1a: Iron Valiant
|-supereffective|p1a: Iron Valiant
|-damage|p1a: Iron Valiant|68/100
|move|p1a: Iron Valiant|Close Combat|p2a: Metagross
|-damage|p2a: Metagross|13/100 brn
|-unboost|p1a: Iron Valiant|def|1
|-unboost|p1a: Iron Valiant|spd|1
|
|-weather|Sandstorm|[upkeep]
|-damage|p1a: Iron Valiant|62/100|[from] Sandstorm
|-damage|p2a: Metagross|7/100 brn|[from] brn
|upkeep
|turn|13
|
|t:|1779580556
|-end|p1a: Iron Valiant|Quark Drive|[silent]
|switch|p1a: Corviknight|Corviknight, F|94/100
|-ability|p1a: Corviknight|Pressure
|move|p2a: Metagross|Bullet Punch|p1a: Corviknight
|-resisted|p1a: Corviknight
|-damage|p1a: Corviknight|91/100
|-damage|p2a: Metagross|0 fnt|[from] item: Rocky Helmet|[of] p1a: Corviknight
|faint|p2a: Metagross
|
|-weather|none
|upkeep
|
|t:|1779580559
|switch|p2a: Zapdos|Zapdos, shiny|100/100
|turn|14
|inactive|Battle timer is ON: inactive players will automatically lose when time's up. (requested by silverlol)
|
|t:|1779580578
|switch|p1a: Skeledirge|Skeledirge, F|100/100
|move|p2a: Zapdos|Thunderbolt|p1a: Skeledirge
|-damage|p1a: Skeledirge|62/100
|
|upkeep
|turn|15
|
|t:|1779580584
|move|p2a: Zapdos|Hurricane|p1a: Skeledirge
|-damage|p1a: Skeledirge|20/100
|move|p1a: Skeledirge|Will-O-Wisp|p2a: Zapdos|[miss]
|-miss|p1a: Skeledirge|p2a: Zapdos
|
|upkeep
|turn|16
|inactive|isa2381 has 120 seconds left.
|
|t:|1779580623
|switch|p1a: Slowking|Slowking-Galar, F|67/100
|move|p2a: Zapdos|Thunderbolt|p1a: Slowking
|-damage|p1a: Slowking|42/100
|
|upkeep
|turn|17
|inactive|isa2381 has 120 seconds left.
|
|t:|1779580633
|move|p2a: Zapdos|Volt Switch|p1a: Slowking
|-damage|p1a: Slowking|23/100
|
|t:|1779580637
|switch|p2a: Garchomp|Garchomp, M|100/100|[from] Volt Switch
|move|p1a: Slowking|Ice Beam|p2a: Garchomp
|-supereffective|p2a: Garchomp
|-damage|p2a: Garchomp|0 fnt
|faint|p2a: Garchomp
|
|upkeep
|
|t:|1779580644
|switch|p2a: Scizor|Scizor, M|100/100
|turn|18
|
|t:|1779580651
|switch|p1a: Corviknight|Corviknight, F|91/100
|-ability|p1a: Corviknight|Pressure
|move|p2a: Scizor|Dual Wingbeat|p1a: Corviknight
|-resisted|p1a: Corviknight
|-damage|p1a: Corviknight|84/100
|-damage|p2a: Scizor|84/100|[from] item: Rocky Helmet|[of] p1a: Corviknight
|-resisted|p1a: Corviknight
|-damage|p1a: Corviknight|78/100
|-damage|p2a: Scizor|67/100|[from] item: Rocky Helmet|[of] p1a: Corviknight
|-hitcount|p1a: Corviknight|2
|
|upkeep
|turn|19
|
|t:|1779580663
|move|p1a: Corviknight|U-turn|p2a: Scizor
|-resisted|p2a: Scizor
|-damage|p2a: Scizor|61/100
|
|t:|1779580672
|switch|p1a: Skeledirge|Skeledirge, F|20/100|[from] U-turn
|move|p2a: Scizor|Swords Dance|p2a: Scizor
|-boost|p2a: Scizor|atk|2
|
|upkeep
|turn|20
|
|t:|1779580678
|move|p2a: Scizor|Bullet Punch|p1a: Skeledirge
|-resisted|p1a: Skeledirge
|-damage|p1a: Skeledirge|3/100
|move|p1a: Skeledirge|Slack Off|p1a: Skeledirge
|-heal|p1a: Skeledirge|54/100
|
|upkeep
|turn|21
|
|t:|1779580684
|move|p1a: Skeledirge|Slack Off|p1a: Skeledirge
|-heal|p1a: Skeledirge|100/100
|move|p2a: Scizor|Dual Wingbeat|p1a: Skeledirge
|-damage|p1a: Skeledirge|83/100
|-damage|p1a: Skeledirge|64/100
|-hitcount|p1a: Skeledirge|2
|
|upkeep
|turn|22
|
|t:|1779580693
|move|p1a: Skeledirge|Will-O-Wisp|p2a: Scizor
|-status|p2a: Scizor|brn
|move|p2a: Scizor|Dual Wingbeat|p1a: Skeledirge
|-damage|p1a: Skeledirge|55/100
|-damage|p1a: Skeledirge|45/100
|-hitcount|p1a: Skeledirge|2
|
|-damage|p2a: Scizor|54/100 brn|[from] brn
|upkeep
|turn|23
|
|t:|1779580702
|move|p1a: Skeledirge|Slack Off|p1a: Skeledirge
|-heal|p1a: Skeledirge|95/100
|move|p2a: Scizor|Dual Wingbeat|p1a: Skeledirge
|-crit|p1a: Skeledirge
|-damage|p1a: Skeledirge|81/100
|-damage|p1a: Skeledirge|72/100
|-hitcount|p1a: Skeledirge|2
|
|-damage|p2a: Scizor|48/100 brn|[from] brn
|upkeep
|turn|24
|
|t:|1779580714
|switch|p2a: Zapdos|Zapdos, shiny|100/100
|move|p1a: Skeledirge|Slack Off|p1a: Skeledirge
|-heal|p1a: Skeledirge|100/100
|
|upkeep
|turn|25
|
|t:|1779580719
|move|p2a: Zapdos|Hurricane|p1a: Skeledirge|[miss]
|-miss|p2a: Zapdos|p1a: Skeledirge
|move|p1a: Skeledirge|Will-O-Wisp|p2a: Zapdos
|-status|p2a: Zapdos|brn
|
|-damage|p2a: Zapdos|94/100 brn|[from] brn
|upkeep
|turn|26
|-message|silverlol forfeited.
|
|win|isa2381
|raw|isa2381's rating: 1272 &rarr; <strong>1295</strong><br />(+23 for winning)
|raw|silverlol's rating: 1248 &rarr; <strong>1225</strong><br />(-23 for losing)
|l|☆silverlol
|player|p2|
