|j|☆greynolabar
|j|☆bodych0ke
|t:|1779626024
|gametype|singles
|player|p1|greynolabar|brock|1364
|player|p2|bodych0ke|ghetsis|1346
|gen|9
|tier|[Gen 9] OU
|rated|
|rule|HP Percentage Mod: HP is shown in percentages
|rule|Endless Battle Clause: Forcing endless battles is banned
|rule|Species Clause: Limit one of each Pokémon
|rule|OHKO Clause: OHKO moves are banned
|rule|Evasion Items Clause: Evasion items are banned
|rule|Evasion Moves Clause: Evasion moves are banned
|rule|Evasion Abilities Clause: Evasion abilities are banned
|rule|Sleep Moves Clause: Sleep-inducing moves are banned
|clearpoke
|poke|p1|Skeledirge, M|
|poke|p1|Serperior, F|
|poke|p1|Ditto|
|poke|p1|Malamar, F|
|poke|p1|Azumarill, F|
|poke|p1|Corviknight, M|
|poke|p2|Torkoal, M|
|poke|p2|Walking Wake|
|poke|p2|Raging Bolt|
|poke|p2|Ceruledge, M|
|poke|p2|Corviknight, M|
|poke|p2|Dragonite, M|
|teampreview
|inactive|Battle timer is ON: inactive players will automatically lose when time's up. (requested by greynolabar)
|
|t:|1779626049
|teamsize|p1|6
|teamsize|p2|6
|start
|switch|p1a: Skeledirge|Skeledirge, M|100/100
|switch|p2a: Torkoal|Torkoal, M|100/100
|-weather|SunnyDay|[from] ability: Drought|[of] p2a: Torkoal
|turn|1
|
|t:|1779626058
|switch|p2a: Walking Wake|Walking Wake|100/100
|-activate|p2a: Walking Wake|ability: Protosynthesis
|-start|p2a: Walking Wake|protosynthesisspe
|move|p1a: Skeledirge|Shadow Ball|p2a: Walking Wake
|-damage|p2a: Walking Wake|54/100
|-unboost|p2a: Walking Wake|spd|1
|
|-weather|SunnyDay|[upkeep]
|upkeep
|turn|2
|
|t:|1779626070
|-terastallize|p2a: Walking Wake|Water
|-terastallize|p1a: Skeledirge|Dragon
|move|p2a: Walking Wake|Hydro Steam|p1a: Skeledirge
|-resisted|p1a: Skeledirge
|-damage|p1a: Skeledirge|42/100
|move|p1a: Skeledirge|Shadow Ball|p2a: Walking Wake
|-damage|p2a: Walking Wake|6/100
|
|-weather|SunnyDay|[upkeep]
|-heal|p1a: Skeledirge|48/100|[from] item: Leftovers
|upkeep
|turn|3
|
|t:|1779626095
|switch|p1a: Azumarill|Azumarill, F|100/100
|move|p2a: Walking Wake|Hydro Steam|p1a: Azumarill
|-resisted|p1a: Azumarill
|-damage|p1a: Azumarill|44/100
|-enditem|p1a: Azumarill|Sitrus Berry|[eat]
|-heal|p1a: Azumarill|68/100|[from] item: Sitrus Berry
|
|-weather|SunnyDay|[upkeep]
|upkeep
|turn|4
|
|t:|1779626114
|-end|p2a: Walking Wake|Protosynthesis|[silent]
|switch|p2a: Raging Bolt|Raging Bolt|100/100
|-activate|p2a: Raging Bolt|ability: Protosynthesis
|-start|p2a: Raging Bolt|protosynthesisspa
|move|p1a: Azumarill|Knock Off|p2a: Raging Bolt
|-damage|p2a: Raging Bolt|62/100
|-enditem|p2a: Raging Bolt|Leftovers|[from] move: Knock Off|[of] p1a: Azumarill
|
|-weather|SunnyDay|[upkeep]
|upkeep
|turn|5
|
|t:|1779626126
|switch|p1a: Ditto|Ditto|100/100
|-transform|p1a: Ditto|p2a: Raging Bolt|[from] ability: Imposter
|move|p2a: Raging Bolt|Thunderbolt|p1a: Ditto
|-resisted|p1a: Ditto
|-damage|p1a: Ditto|79/100
|
|-weather|SunnyDay|[upkeep]
|upkeep
|turn|6
|
|t:|1779626146
|move|p1a: Ditto|Dragon Pulse|p2a: Raging Bolt
|-supereffective|p2a: Raging Bolt
|-damage|p2a: Raging Bolt|0 fnt
|faint|p2a: Raging Bolt
|-end|p2a: Raging Bolt|Protosynthesis|[silent]
|
|-weather|SunnyDay|[upkeep]
|upkeep
|-message|bodych0ke forfeited.
|
|win|greynolabar
|raw|greynolabar's rating: 1364 &rarr; <strong>1383</strong><br />(+19 for winning)
|raw|bodych0ke's rating: 1346 &rarr; <strong>1327</strong><br />(-19 for losing)
|l|☆bodych0ke
|player|p2|
|l|☆greynolabar
|player|p1|
