|j|☆esta man oe
|j|☆Leader Alastor
|t:|1779581582
|gametype|singles
|player|p1|esta man oe|preschooler|1399
|player|p2|Leader Alastor|blue|1486
|gen|9
|tier|[Gen 9] OU
|rated|
|rule|HP Percentage Mod: HP is shown in percentages
|rule|Endless Battle Clause: Forcing endless battles is banned
|rule|Species Clause: Limit one of each Pokémon
|rule|OHKO Clause: OHKO moves are banned
|rule|Evasion Items Clause: Evasion items are banned
|rule|Evasion Moves Clause: Evasion moves are banned
|rule|Evasion Abilities Clause: Evasion abilities are banned
|rule|Sleep Moves Clause: Sleep-inducing moves are banned
|clearpoke
|poke|p1|Torkoal, M|
|poke|p1|Pelipper, M|
|poke|p1|Walking Wake|
|poke|p1|Hatterene, F|
|poke|p1|Raging Bolt|
|poke|p1|Alomomola, F|
|poke|p2|Ceruledge, F|
|poke|p2|Iron Valiant|
|poke|p2|Lilligant, F|
|poke|p2|Cloyster, F|
|poke|p2|Noivern, F|
|poke|p2|Malamar, F|
|teampreview
|inactive|Battle timer is ON: inactive players will automatically lose when time's up. (requested by esta man oe)
|c|☆Leader Alastor|Wow
|c|☆Leader Alastor|Another sun team
|c|☆Leader Alastor|How original
|
|t:|1779581594
|teamsize|p1|6
|teamsize|p2|6
|start
|switch|p1a: Torkoal|Torkoal, M|100/100
|switch|p2a: Trident|Cloyster, F|100/100
|-weather|SunnyDay|[from] ability: Drought|[of] p1a: Torkoal
|turn|1
|
|t:|1779581597
|move|p2a: Trident|Shell Smash|p2a: Trident
|-unboost|p2a: Trident|def|1
|-unboost|p2a: Trident|spd|1
|-boost|p2a: Trident|atk|2
|-boost|p2a: Trident|spa|2
|-boost|p2a: Trident|spe|2
|move|p1a: Torkoal|Will-O-Wisp|p2a: Trident
|-status|p2a: Trident|brn
|
|-weather|SunnyDay|[upkeep]
|-damage|p2a: Trident|94/100 brn|[from] brn
|upkeep
|turn|2
|
|t:|1779581617
|move|p2a: Trident|Rock Blast|p1a: Torkoal
|-supereffective|p1a: Torkoal
|-damage|p1a: Torkoal|91/100
|-supereffective|p1a: Torkoal
|-damage|p1a: Torkoal|82/100
|-supereffective|p1a: Torkoal
|-damage|p1a: Torkoal|72/100
|-supereffective|p1a: Torkoal
|-damage|p1a: Torkoal|63/100
|-supereffective|p1a: Torkoal
|-damage|p1a: Torkoal|53/100
|-hitcount|p1a: Torkoal|5
|move|p1a: Torkoal|Lava Plume|p2a: Trident
|-damage|p2a: Trident|0 fnt
|faint|p2a: Trident
|
|-weather|SunnyDay|[upkeep]
|upkeep
|
|t:|1779581630
|switch|p2a: Flamberge|Ceruledge, F|100/100
|turn|3
|
|t:|1779581638
|switch|p1a: Pelipper|Pelipper, M|100/100
|-weather|RainDance|[from] ability: Drizzle|[of] p1a: Pelipper
|move|p2a: Flamberge|Swords Dance|p2a: Flamberge
|-boost|p2a: Flamberge|atk|2
|
|-weather|RainDance|[upkeep]
|upkeep
|turn|4
|
|t:|1779581644
|move|p2a: Flamberge|Swords Dance|p2a: Flamberge
|-boost|p2a: Flamberge|atk|2
|move|p1a: Pelipper|Hydro Pump|p2a: Flamberge
|-supereffective|p2a: Flamberge
|-enditem|p2a: Flamberge|Focus Sash
|-damage|p2a: Flamberge|1/100
|
|-weather|RainDance|[upkeep]
|upkeep
|turn|5
|
|t:|1779581650
|move|p2a: Flamberge|Shadow Sneak|p1a: Pelipper
|-damage|p1a: Pelipper|57/100
|move|p1a: Pelipper|Hurricane|p2a: Flamberge
|-damage|p2a: Flamberge|0 fnt
|faint|p2a: Flamberge
|
|-weather|RainDance|[upkeep]
|upkeep
|
|t:|1779581652
|switch|p2a: Gladius|Lilligant, F|100/100
|turn|6
|
|t:|1779581661
|move|p2a: Gladius|Quiver Dance|p2a: Gladius
|-boost|p2a: Gladius|spa|1
|-boost|p2a: Gladius|spd|1
|-boost|p2a: Gladius|spe|1
|move|p1a: Pelipper|Hurricane|p2a: Gladius
|-supereffective|p2a: Gladius
|-damage|p2a: Gladius|21/100
|-start|p2a: Gladius|confusion
|-enditem|p2a: Gladius|Weakness Policy
|-boost|p2a: Gladius|atk|2|[from] item: Weakness Policy
|-boost|p2a: Gladius|spa|2|[from] item: Weakness Policy
|
|-weather|RainDance|[upkeep]
|upkeep
|turn|7
|
|t:|1779581666
|-activate|p2a: Gladius|confusion
|-damage|p2a: Gladius|9/100|[from] confusion
|move|p1a: Pelipper|Hurricane|p2a: Gladius
|-supereffective|p2a: Gladius
|-damage|p2a: Gladius|0 fnt
|faint|p2a: Gladius
|
|-weather|RainDance|[upkeep]
|upkeep
|c|☆Leader Alastor|NOOOOOOOOO
|c|☆Leader Alastor|Damn
|
|t:|1779581676
|switch|p2a: Scimitar|Noivern, F|100/100
|turn|8
|
|t:|1779581679
|switch|p1a: Alomomola|Alomomola, F|100/100
|move|p2a: Scimitar|Boomburst|p1a: Alomomola
|-damage|p1a: Alomomola|72/100
|-enditem|p2a: Scimitar|Throat Spray
|-boost|p2a: Scimitar|spa|1|[from] item: Throat Spray
|
|-weather|RainDance|[upkeep]
|upkeep
|turn|9
|
|t:|1779581685
|switch|p1a: Torkoal|Torkoal, M|53/100
|-weather|SunnyDay|[from] ability: Drought|[of] p1a: Torkoal
|move|p2a: Scimitar|Air Slash|p1a: Torkoal
|-damage|p1a: Torkoal|0 fnt
|faint|p1a: Torkoal
|
|-weather|SunnyDay|[upkeep]
|upkeep
|
|t:|1779581687
|switch|p1a: Raging Bolt|Raging Bolt|100/100
|-activate|p1a: Raging Bolt|ability: Protosynthesis
|-start|p1a: Raging Bolt|protosynthesisspa
|turn|10
|
|t:|1779581692
|move|p1a: Raging Bolt|Draco Meteor|p2a: Scimitar
|-supereffective|p2a: Scimitar
|-damage|p2a: Scimitar|0 fnt
|-unboost|p1a: Raging Bolt|spa|2
|faint|p2a: Scimitar
|
|-weather|SunnyDay|[upkeep]
|upkeep
|
|t:|1779581695
|switch|p2a: Partisan|Malamar, F|100/100
|turn|11
|-activate|p2a: Partisan|item: Quick Claw
|
|t:|1779581701
|-end|p1a: Raging Bolt|Protosynthesis|[silent]
|switch|p1a: Hatterene|Hatterene, F, shiny|100/100
|move|p2a: Partisan|Superpower|p1a: Hatterene
|-resisted|p1a: Hatterene
|-damage|p1a: Hatterene|94/100
|-boost|p2a: Partisan|atk|1
|-boost|p2a: Partisan|def|1
|-enditem|p1a: Hatterene|Eject Button
|
|t:|1779581713
|switch|p1a: Walking Wake|Walking Wake|100/100
|-activate|p1a: Walking Wake|ability: Protosynthesis
|-start|p1a: Walking Wake|protosynthesisspa
|
|-weather|SunnyDay|[upkeep]
|upkeep
|turn|12
|
|t:|1779581719
|-terastallize|p1a: Walking Wake|Water
|move|p1a: Walking Wake|Hydro Steam|p2a: Partisan
|-damage|p2a: Partisan|0 fnt
|faint|p2a: Partisan
|
|-weather|SunnyDay|[upkeep]
|upkeep
|
|t:|1779581723
|switch|p2a: Glaive|Iron Valiant|100/100
|-enditem|p2a: Glaive|Booster Energy
|-activate|p2a: Glaive|ability: Quark Drive|[fromitem]
|-start|p2a: Glaive|quarkdrivespe
|turn|13
|
|t:|1779581726
|move|p2a: Glaive|Spirit Break|p1a: Walking Wake
|-damage|p1a: Walking Wake|60/100
|-unboost|p1a: Walking Wake|spa|1
|move|p1a: Walking Wake|Hydro Steam|p2a: Glaive
|-damage|p2a: Glaive|0 fnt
|faint|p2a: Glaive
|-end|p2a: Glaive|Quark Drive|[silent]
|
|win|esta man oe
|raw|esta man oe's rating: 1399 &rarr; <strong>1424</strong><br />(+25 for winning)
|raw|Leader Alastor's rating: 1486 &rarr; <strong>1461</strong><br />(-25 for losing)
