|j|☆Macrel
|j|☆SgtBrick14
|t:|1779571569
|gametype|singles
|player|p1|Macrel|cynthia-gen4|1448
|player|p2|SgtBrick14|pokemonranger|1399
|gen|9
|tier|[Gen 9] OU
|rated|
|rule|HP Percentage Mod: HP is shown in percentages
|rule|Endless Battle Clause: Forcing endless battles is banned
|rule|Species Clause: Limit one of each Pokémon
|rule|OHKO Clause: OHKO moves are banned
|rule|Evasion Items Clause: Evasion items are banned
|rule|Evasion Moves Clause: Evasion moves are banned
|rule|Evasion Abilities Clause: Evasion abilities are banned
|rule|Sleep Moves Clause: Sleep-inducing moves are banned
|clearpoke
|poke|p1|Jolteon, M|
|poke|p1|Slowking-Galar, M|
|poke|p1|Great Tusk|
|poke|p1|Moltres|
|poke|p1|Kingambit, M|
|poke|p1|Hydrapple, M|
|poke|p2|Lucario, M|
|poke|p2|Kingambit, M|
|poke|p2|Ceruledge, F|
|poke|p2|Gengar, F|
|poke|p2|Cloyster, M|
|poke|p2|Froslass, F|
|teampreview
|inactive|Battle timer is ON: inactive players will automatically lose when time's up. (requested by Macrel)
|
|t:|1779571583
|teamsize|p1|6
|teamsize|p2|6
|start
|switch|p1a: Moltres|Moltres|100/100
|switch|p2a: Ceruledge|Ceruledge, F|100/100
|turn|1
|
|t:|1779571587
|move|p2a: Ceruledge|Swords Dance|p2a: Ceruledge
|-boost|p2a: Ceruledge|atk|2
|move|p1a: Moltres|Scorching Sands|p2a: Ceruledge
|-supereffective|p2a: Ceruledge
|-damage|p2a: Ceruledge|57/100
|
|upkeep
|turn|2
|
|t:|1779571589
|move|p2a: Ceruledge|Bitter Blade|p1a: Moltres
|-resisted|p1a: Moltres
|-damage|p1a: Moltres|65/100
|-heal|p2a: Ceruledge|80/100|[from] drain|[of] p1a: Moltres
|move|p1a: Moltres|Scorching Sands|p2a: Ceruledge
|-supereffective|p2a: Ceruledge
|-damage|p2a: Ceruledge|35/100
|
|upkeep
|turn|3
|
|t:|1779571598
|switch|p2a: Froslass|Froslass, F|100/100
|move|p1a: Moltres|Scorching Sands|p2a: Froslass
|-damage|p2a: Froslass|73/100
|-status|p2a: Froslass|brn
|
|-damage|p2a: Froslass|67/100 brn|[from] brn
|upkeep
|turn|4
|
|t:|1779571601
|move|p2a: Froslass|Thunder Wave|p1a: Moltres
|-status|p1a: Moltres|par
|cant|p1a: Moltres|par
|
|-damage|p2a: Froslass|61/100 brn|[from] brn
|upkeep
|turn|5
|
|t:|1779571604
|move|p2a: Froslass|Spikes|p1a: Moltres
|-sidestart|p1: Macrel|Spikes
|move|p1a: Moltres|Roost|p1a: Moltres
|-heal|p1a: Moltres|100/100 par
|-singleturn|p1a: Moltres|move: Roost
|
|-damage|p2a: Froslass|55/100 brn|[from] brn
|upkeep
|turn|6
|
|t:|1779571606
|move|p2a: Froslass|Spikes|p1a: Moltres
|-sidestart|p1: Macrel|Spikes
|move|p1a: Moltres|Flamethrower|p2a: Froslass
|-supereffective|p2a: Froslass
|-damage|p2a: Froslass|0 fnt
|-start|p1a: Moltres|Disable|Flamethrower|[from] ability: Cursed Body|[of] p2a: Froslass
|faint|p2a: Froslass
|
|upkeep
|
|t:|1779571611
|switch|p2a: Cloyster|Cloyster, M|100/100
|turn|7
|
|t:|1779571613
|move|p2a: Cloyster|Shell Smash|p2a: Cloyster
|-unboost|p2a: Cloyster|def|1
|-unboost|p2a: Cloyster|spd|1
|-boost|p2a: Cloyster|atk|2
|-boost|p2a: Cloyster|spa|2
|-boost|p2a: Cloyster|spe|2
|move|p1a: Moltres|Will-O-Wisp|p2a: Cloyster|[miss]
|-miss|p1a: Moltres|p2a: Cloyster
|
|upkeep
|turn|8
|
|t:|1779571616
|-terastallize|p2a: Cloyster|Ice
|move|p2a: Cloyster|Icicle Spear|p1a: Moltres
|-damage|p1a: Moltres|77/100 par
|-damage|p1a: Moltres|53/100 par
|-damage|p1a: Moltres|27/100 par
|-damage|p1a: Moltres|1/100 par
|-damage|p1a: Moltres|0 fnt
|faint|p1a: Moltres
|-hitcount|p1: Moltres|5
|
|upkeep
|
|t:|1779571621
|switch|p1a: Great Tusk|Great Tusk|100/100
|-damage|p1a: Great Tusk|84/100|[from] Spikes
|turn|9
|
|t:|1779571623
|-terastallize|p1a: Great Tusk|Water
|move|p2a: Cloyster|Icicle Spear|p1a: Great Tusk
|-resisted|p1a: Great Tusk
|-damage|p1a: Great Tusk|77/100
|-resisted|p1a: Great Tusk
|-damage|p1a: Great Tusk|70/100
|-resisted|p1a: Great Tusk
|-damage|p1a: Great Tusk|62/100
|-resisted|p1a: Great Tusk
|-damage|p1a: Great Tusk|55/100
|-resisted|p1a: Great Tusk
|-damage|p1a: Great Tusk|47/100
|-hitcount|p1a: Great Tusk|5
|move|p1a: Great Tusk|Body Press|p2a: Cloyster
|-supereffective|p2a: Cloyster
|-enditem|p2a: Cloyster|Focus Sash
|-damage|p2a: Cloyster|1/100
|
|upkeep
|turn|10
|
|t:|1779571629
|move|p2a: Cloyster|Icicle Spear|p1a: Great Tusk
|-resisted|p1a: Great Tusk
|-damage|p1a: Great Tusk|40/100
|-resisted|p1a: Great Tusk
|-damage|p1a: Great Tusk|33/100
|-resisted|p1a: Great Tusk
|-damage|p1a: Great Tusk|25/100
|-resisted|p1a: Great Tusk
|-crit|p1a: Great Tusk
|-damage|p1a: Great Tusk|15/100
|-resisted|p1a: Great Tusk
|-damage|p1a: Great Tusk|7/100
|-hitcount|p1a: Great Tusk|5
|move|p1a: Great Tusk|Body Press|p2a: Cloyster
|-supereffective|p2a: Cloyster
|-damage|p2a: Cloyster|0 fnt
|faint|p2a: Cloyster
|
|upkeep
|
|t:|1779571643
|switch|p2a: Gengar|Gengar, F|100/100
|turn|11
|
|t:|1779571647
|move|p2a: Gengar|Shadow Ball|p1a: Great Tusk
|-damage|p1a: Great Tusk|0 fnt
|faint|p1a: Great Tusk
|-end|p1a: Great Tusk|Protosynthesis|[silent]
|
|upkeep
|
|t:|1779571652
|switch|p1a: Kingambit|Kingambit, M|100/100
|-damage|p1a: Kingambit|84/100|[from] Spikes
|-activate|p1a: Kingambit|ability: Supreme Overlord
|-start|p1a: Kingambit|fallen2|[silent]
|turn|12
|
|t:|1779571658
|move|p2a: Gengar|Shadow Ball|p1a: Kingambit
|-resisted|p1a: Kingambit
|-damage|p1a: Kingambit|57/100
|move|p1a: Kingambit|Swords Dance|p1a: Kingambit
|-boost|p1a: Kingambit|atk|2
|
|-heal|p1a: Kingambit|64/100|[from] item: Leftovers
|upkeep
|turn|13
|
|t:|1779571661
|move|p1a: Kingambit|Sucker Punch|p2a: Gengar
|-supereffective|p2a: Gengar
|-enditem|p2a: Gengar|Focus Sash
|-damage|p2a: Gengar|1/100
|move|p2a: Gengar|Shadow Ball|p1a: Kingambit
|-resisted|p1a: Kingambit
|-damage|p1a: Kingambit|39/100
|
|-heal|p1a: Kingambit|45/100|[from] item: Leftovers
|upkeep
|turn|14
|
|t:|1779571665
|move|p1a: Kingambit|Sucker Punch||[still]
|-fail|p1a: Kingambit
|move|p2a: Gengar|Destiny Bond|p2a: Gengar
|-singlemove|p2a: Gengar|Destiny Bond
|
|-heal|p1a: Kingambit|51/100|[from] item: Leftovers
|upkeep
|turn|15
|
|t:|1779571667
|move|p2a: Gengar|Shadow Ball|p1a: Kingambit
|-resisted|p1a: Kingambit
|-damage|p1a: Kingambit|25/100
|-unboost|p1a: Kingambit|spd|1
|move|p1a: Kingambit|Swords Dance|p1a: Kingambit
|-boost|p1a: Kingambit|atk|2
|
|-heal|p1a: Kingambit|31/100|[from] item: Leftovers
|upkeep
|turn|16
|
|t:|1779571671
|move|p1a: Kingambit|Sucker Punch|p2a: Gengar
|-supereffective|p2a: Gengar
|-damage|p2a: Gengar|0 fnt
|faint|p2a: Gengar
|
|-heal|p1a: Kingambit|37/100|[from] item: Leftovers
|upkeep
|
|t:|1779571674
|switch|p2a: Lucario|Lucario, M|100/100
|turn|17
|
|t:|1779571686
|move|p1a: Kingambit|Sucker Punch|p2a: Lucario
|-resisted|p2a: Lucario
|-damage|p2a: Lucario|0 fnt
|faint|p2a: Lucario
|
|-heal|p1a: Kingambit|43/100|[from] item: Leftovers
|upkeep
|
|t:|1779571692
|switch|p2a: Ceruledge|Ceruledge, F|35/100
|turn|18
|
|t:|1779571696
|move|p1a: Kingambit|Sucker Punch||[still]
|-fail|p1a: Kingambit
|move|p2a: Ceruledge|Destiny Bond|p2a: Ceruledge
|-singlemove|p2a: Ceruledge|Destiny Bond
|
|-heal|p1a: Kingambit|49/100|[from] item: Leftovers
|upkeep
|turn|19
|
|t:|1779571699
|move|p1a: Kingambit|Sucker Punch|p2a: Ceruledge
|-supereffective|p2a: Ceruledge
|-damage|p2a: Ceruledge|0 fnt
|faint|p2a: Ceruledge
|-activate|p2a: Ceruledge|move: Destiny Bond
|faint|p1a: Kingambit
|-end|p1a: Kingambit|fallen2|[silent]
|
|upkeep
|
|t:|1779571703
|switch|p2a: Kingambit|Kingambit, M|100/100
|switch|p1a: Hydrapple|Hydrapple, M|100/100
|-activate|p2a: Kingambit|ability: Supreme Overlord
|-start|p2a: Kingambit|fallen5|[silent]
|turn|20
|
|t:|1779571712
|move|p2a: Kingambit|Swords Dance|p2a: Kingambit
|-boost|p2a: Kingambit|atk|2
|move|p1a: Hydrapple|Earth Power|p2a: Kingambit
|-supereffective|p2a: Kingambit
|-damage|p2a: Kingambit|51/100
|
|upkeep
|turn|21
|
|t:|1779571714
|move|p2a: Kingambit|Kowtow Cleave|p1a: Hydrapple
|-damage|p1a: Hydrapple|5/100
|move|p1a: Hydrapple|Earth Power|p2a: Kingambit
|-supereffective|p2a: Kingambit
|-damage|p2a: Kingambit|2/100
|
|upkeep
|turn|22
|
|t:|1779571725
|move|p2a: Kingambit|Iron Head|p1a: Hydrapple
|-damage|p1a: Hydrapple|0 fnt
|faint|p1a: Hydrapple
|
|upkeep
|
|t:|1779571727
|switch|p1a: Jolteon|Jolteon, M|100/100
|turn|23
|
|t:|1779571733
|move|p2a: Kingambit|Sucker Punch||[still]
|-fail|p2a: Kingambit
|move|p1a: Jolteon|Calm Mind|p1a: Jolteon
|-boost|p1a: Jolteon|spa|1
|-boost|p1a: Jolteon|spd|1
|
|upkeep
|turn|24
|
|t:|1779571742
|move|p2a: Kingambit|Sucker Punch|p1a: Jolteon
|-crit|p1a: Jolteon
|-damage|p1a: Jolteon|0 fnt
|faint|p1a: Jolteon
|
|upkeep
|
|t:|1779571745
|switch|p1a: Slowking|Slowking-Galar, M|100/100
|-damage|p1a: Slowking|84/100|[from] Spikes
|turn|25
|
|t:|1779571751
|move|p2a: Kingambit|Kowtow Cleave|p1a: Slowking
|-supereffective|p1a: Slowking
|-damage|p1a: Slowking|0 fnt
|faint|p1a: Slowking
|
|win|SgtBrick14
|raw|Macrel's rating: 1448 &rarr; <strong>1426</strong><br />(-22 for losing)
|raw|SgtBrick14's rating: 1421 &rarr; <strong>1443</strong><br />(+22 for winning)
|l|☆Macrel
|player|p1|
|l|☆SgtBrick14
|player|p2|
