|j|☆YarMathey
|j|☆kemdpw
|t:|1779711357
|gametype|singles
|player|p1|YarMathey|skyla|1146
|player|p2|kemdpw|169|1207
|gen|9
|tier|[Gen 9] OU
|rated|
|rule|HP Percentage Mod: HP is shown in percentages
|rule|Endless Battle Clause: Forcing endless battles is banned
|rule|Species Clause: Limit one of each Pokémon
|rule|OHKO Clause: OHKO moves are banned
|rule|Evasion Items Clause: Evasion items are banned
|rule|Evasion Moves Clause: Evasion moves are banned
|rule|Evasion Abilities Clause: Evasion abilities are banned
|rule|Sleep Moves Clause: Sleep-inducing moves are banned
|clearpoke
|poke|p1|Sandslash-Alola, M|
|poke|p1|Slowking, F|
|poke|p1|Raging Bolt|
|poke|p1|Corviknight, M|
|poke|p1|Ting-Lu|
|poke|p1|Primarina, F|
|poke|p2|Gliscor, F|
|poke|p2|Gholdengo|
|poke|p2|Dragonite, M|
|poke|p2|Ting-Lu|
|poke|p2|Darkrai|
|poke|p2|Zamazenta-*|
|teampreview
|
|t:|1779711376
|teamsize|p1|6
|teamsize|p2|6
|start
|switch|p1a: Slowking|Slowking, F|100/100
|switch|p2a: Ting-Lu|Ting-Lu|100/100
|-ability|p2a: Ting-Lu|Vessel of Ruin
|turn|1
|
|t:|1779711391
|move|p2a: Ting-Lu|Stealth Rock|p1a: Slowking
|-sidestart|p1: YarMathey|move: Stealth Rock
|move|p1a: Slowking|Scald|p2a: Ting-Lu
|-supereffective|p2a: Ting-Lu
|-damage|p2a: Ting-Lu|77/100
|-status|p2a: Ting-Lu|brn
|
|-heal|p2a: Ting-Lu|83/100 brn|[from] item: Leftovers
|-damage|p2a: Ting-Lu|77/100 brn|[from] brn
|upkeep
|turn|2
|
|t:|1779711397
|-prepare|p1a: Slowking|Chilly Reception|[premajor]
|move|p1a: Slowking|Chilly Reception|p1a: Slowking
|-weather|Snowscape
|inactive|Battle timer is ON: inactive players will automatically lose when time's up. (requested by kemdpw)
|
|t:|1779711413
|switch|p1a: Corviknight|Corviknight, M|100/100|[from] Chilly Reception
|-damage|p1a: Corviknight|88/100|[from] Stealth Rock
|-ability|p1a: Corviknight|Pressure
|move|p2a: Ting-Lu|Whirlwind|p1a: Corviknight
|drag|p1a: Slowking|Slowking, F|100/100
|
|-weather|Snowscape|[upkeep]
|-heal|p2a: Ting-Lu|83/100 brn|[from] item: Leftovers
|-damage|p2a: Ting-Lu|77/100 brn|[from] brn
|upkeep
|turn|3
|
|t:|1779711424
|move|p1a: Slowking|Scald|p2a: Ting-Lu
|-supereffective|p2a: Ting-Lu
|-damage|p2a: Ting-Lu|55/100 brn
|move|p2a: Ting-Lu|Whirlwind|p1a: Slowking
|drag|p1a: Corviknight|Corviknight, M|88/100
|-damage|p1a: Corviknight|75/100|[from] Stealth Rock
|-ability|p1a: Corviknight|Pressure
|
|-weather|Snowscape|[upkeep]
|-heal|p1a: Corviknight|82/100|[from] item: Leftovers
|-heal|p2a: Ting-Lu|61/100 brn|[from] item: Leftovers
|-damage|p2a: Ting-Lu|55/100 brn|[from] brn
|upkeep
|turn|4
|
|t:|1779711431
|switch|p2a: Gholdengo|Gholdengo|100/100
|move|p1a: Corviknight|Defog|p2a: Gholdengo
|-immune|p2a: Gholdengo|[from] ability: Good as Gold
|
|-weather|Snowscape|[upkeep]
|-heal|p1a: Corviknight|88/100|[from] item: Leftovers
|upkeep
|turn|5
|
|t:|1779711439
|switch|p1a: Ting-Lu|Ting-Lu|100/100
|-damage|p1a: Ting-Lu|94/100|[from] Stealth Rock
|-ability|p1a: Ting-Lu|Vessel of Ruin
|move|p2a: Gholdengo|Trick|p1a: Ting-Lu
|-activate|p2a: Gholdengo|move: Trick|[of] p1a: Ting-Lu
|-item|p1a: Ting-Lu|Choice Scarf|[from] move: Trick
|-item|p2a: Gholdengo|Leftovers|[from] move: Trick
|
|-weather|Snowscape|[upkeep]
|upkeep
|turn|6
|
|t:|1779711451
|switch|p2a: Gliscor|Gliscor, F|100/100
|move|p1a: Ting-Lu|Stealth Rock|p2a: Gliscor
|-sidestart|p2: kemdpw|move: Stealth Rock
|
|-weather|none
|-status|p2a: Gliscor|tox|[from] item: Toxic Orb
|upkeep
|turn|7
|
|t:|1779711458
|switch|p1a: Sandslash|Sandslash-Alola, M|100/100
|-damage|p1a: Sandslash|88/100|[from] Stealth Rock
|move|p2a: Gliscor|Spikes|p1a: Sandslash
|-sidestart|p1: YarMathey|Spikes
|
|upkeep
|turn|8
|
|t:|1779711474
|switch|p2a: Zamazenta|Zamazenta|100/100
|-ability|p2a: Zamazenta|Dauntless Shield|boost
|-boost|p2a: Zamazenta|def|1
|move|p1a: Sandslash|Icicle Crash|p2a: Zamazenta
|-damage|p2a: Zamazenta|64/100
|
|upkeep
|turn|9
|
|t:|1779711485
|switch|p1a: Slowking|Slowking, F|100/100
|move|p2a: Zamazenta|Crunch|p1a: Slowking
|-supereffective|p1a: Slowking
|-crit|p1a: Slowking
|-damage|p1a: Slowking|46/100
|
|upkeep
|turn|10
|
|t:|1779711494
|move|p2a: Zamazenta|Crunch|p1a: Slowking
|-supereffective|p1a: Slowking
|-damage|p1a: Slowking|10/100
|-unboost|p1a: Slowking|def|1
|move|p1a: Slowking|Scald|p2a: Zamazenta
|-damage|p2a: Zamazenta|40/100
|
|upkeep
|turn|11
|
|t:|1779711502
|switch|p1a: Primarina|Primarina, F|100/100
|-damage|p1a: Primarina|88/100|[from] Stealth Rock
|-damage|p1a: Primarina|76/100|[from] Spikes
|move|p2a: Zamazenta|Close Combat|p1a: Primarina
|-resisted|p1a: Primarina
|-damage|p1a: Primarina|38/100
|-unboost|p2a: Zamazenta|def|1
|-unboost|p2a: Zamazenta|spd|1
|
|-heal|p1a: Primarina|44/100|[from] item: Leftovers
|upkeep
|turn|12
|
|t:|1779711518
|move|p2a: Zamazenta|Heavy Slam|p1a: Primarina
|-damage|p1a: Primarina|4/100
|move|p1a: Primarina|Hyper Voice|p2a: Zamazenta
|-damage|p2a: Zamazenta|0 fnt
|faint|p2a: Zamazenta
|
|-heal|p1a: Primarina|10/100|[from] item: Leftovers
|upkeep
|
|t:|1779711531
|switch|p2a: Darkrai|Darkrai|100/100
|turn|13
|
|t:|1779711535
|switch|p1a: Corviknight|Corviknight, M|88/100
|-damage|p1a: Corviknight|75/100|[from] Stealth Rock
|-ability|p1a: Corviknight|Pressure
|move|p2a: Darkrai|Ice Beam|p1a: Corviknight
|-damage|p1a: Corviknight|53/100
|
|-heal|p1a: Corviknight|59/100|[from] item: Leftovers
|upkeep
|turn|14
|
|t:|1779711545
|switch|p2a: Gholdengo|Gholdengo|100/100
|-damage|p2a: Gholdengo|94/100|[from] Stealth Rock
|switch|p1a: Raging Bolt|Raging Bolt|100/100
|-damage|p1a: Raging Bolt|88/100|[from] Stealth Rock
|-damage|p1a: Raging Bolt|76/100|[from] Spikes
|
|-heal|p2a: Gholdengo|100/100|[from] item: Leftovers
|upkeep
|turn|15
|
|t:|1779711556
|switch|p2a: Ting-Lu|Ting-Lu|55/100 brn
|-damage|p2a: Ting-Lu|48/100 brn|[from] Stealth Rock
|-ability|p2a: Ting-Lu|Vessel of Ruin
|move|p1a: Raging Bolt|Draco Meteor|p2a: Ting-Lu
|-damage|p2a: Ting-Lu|0 fnt
|-unboost|p1a: Raging Bolt|spa|2
|faint|p2a: Ting-Lu
|
|upkeep
|
|t:|1779711562
|switch|p2a: Gliscor|Gliscor, F|100/100 tox
|-damage|p2a: Gliscor|88/100 tox|[from] Stealth Rock
|turn|16
|
|t:|1779711572
|-end|p1a: Raging Bolt|Protosynthesis|[silent]
|switch|p1a: Corviknight|Corviknight, M|59/100
|-damage|p1a: Corviknight|47/100|[from] Stealth Rock
|-ability|p1a: Corviknight|Pressure
|move|p2a: Gliscor|Spikes|p1a: Corviknight
|-sidestart|p1: YarMathey|Spikes
|
|-heal|p1a: Corviknight|53/100|[from] item: Leftovers
|-heal|p2a: Gliscor|100/100 tox|[from] ability: Poison Heal
|upkeep
|turn|17
|
|t:|1779711580
|switch|p2a: Gholdengo|Gholdengo|100/100
|-damage|p2a: Gholdengo|94/100|[from] Stealth Rock
|switch|p1a: Slowking|Slowking, F|43/100
|
|-heal|p2a: Gholdengo|100/100|[from] item: Leftovers
|upkeep
|turn|18
|
|t:|1779711586
|move|p2a: Gholdengo|Shadow Ball|p1a: Slowking
|-supereffective|p1a: Slowking
|-damage|p1a: Slowking|0 fnt
|faint|p1a: Slowking
|
|upkeep
|
|t:|1779711590
|switch|p1a: Ting-Lu|Ting-Lu|94/100
|-damage|p1a: Ting-Lu|88/100|[from] Stealth Rock
|-damage|p1a: Ting-Lu|72/100|[from] Spikes
|-ability|p1a: Ting-Lu|Vessel of Ruin
|turn|19
|
|t:|1779711600
|switch|p2a: Gliscor|Gliscor, F|100/100 tox
|-damage|p2a: Gliscor|88/100 tox|[from] Stealth Rock
|move|p1a: Ting-Lu|Ruination|p2a: Gliscor
|-damage|p2a: Gliscor|44/100 tox
|
|-heal|p2a: Gliscor|57/100 tox|[from] ability: Poison Heal
|upkeep
|turn|20
|
|t:|1779711607
|switch|p1a: Corviknight|Corviknight, M|53/100
|-damage|p1a: Corviknight|41/100|[from] Stealth Rock
|-ability|p1a: Corviknight|Pressure
|move|p2a: Gliscor|Toxic|p1a: Corviknight
|-immune|p1a: Corviknight
|
|-heal|p1a: Corviknight|47/100|[from] item: Leftovers
|-heal|p2a: Gliscor|69/100 tox|[from] ability: Poison Heal
|upkeep
|turn|21
|
|t:|1779711614
|move|p2a: Gliscor|Spikes|p1a: Corviknight
|-sidestart|p1: YarMathey|Spikes
|move|p1a: Corviknight|Defog|p2a: Gliscor
|-unboost|p2a: Gliscor|evasion|1
|-sideend|p2: kemdpw|Stealth Rock|[from] move: Defog|[of] p1a: Corviknight
|-sideend|p1: YarMathey|Spikes|[from] move: Defog|[of] p1a: Corviknight
|-sideend|p1: YarMathey|Stealth Rock|[from] move: Defog|[of] p1a: Corviknight
|
|-heal|p1a: Corviknight|53/100|[from] item: Leftovers
|-heal|p2a: Gliscor|82/100 tox|[from] ability: Poison Heal
|upkeep
|turn|22
|
|t:|1779711621
|switch|p1a: Primarina|Primarina, F|10/100
|move|p2a: Gliscor|Spikes|p1a: Primarina
|-sidestart|p1: YarMathey|Spikes
|
|-heal|p1a: Primarina|16/100|[from] item: Leftovers
|-heal|p2a: Gliscor|94/100 tox|[from] ability: Poison Heal
|upkeep
|turn|23
|
|t:|1779711625
|move|p2a: Gliscor|Earthquake|p1a: Primarina
|-damage|p1a: Primarina|0 fnt
|faint|p1a: Primarina
|
|-heal|p2a: Gliscor|100/100 tox|[from] ability: Poison Heal
|upkeep
|
|t:|1779711631
|switch|p1a: Sandslash|Sandslash-Alola, M|88/100
|-damage|p1a: Sandslash|76/100|[from] Spikes
|turn|24
|
|t:|1779711641
|switch|p2a: Gholdengo|Gholdengo|100/100
|move|p1a: Sandslash|Icicle Crash|p2a: Gholdengo
|-resisted|p2a: Gholdengo
|-damage|p2a: Gholdengo|67/100
|
|-heal|p2a: Gholdengo|73/100|[from] item: Leftovers
|upkeep
|turn|25
|
|t:|1779711648
|switch|p1a: Ting-Lu|Ting-Lu|72/100
|-damage|p1a: Ting-Lu|59/100|[from] Spikes
|-ability|p1a: Ting-Lu|Vessel of Ruin
|move|p2a: Gholdengo|Shadow Ball|p1a: Ting-Lu
|-resisted|p1a: Ting-Lu
|-damage|p1a: Ting-Lu|47/100
|
|-heal|p2a: Gholdengo|79/100|[from] item: Leftovers
|upkeep
|turn|26
|
|t:|1779711664
|switch|p2a: Gliscor|Gliscor, F|100/100 tox
|switch|p1a: Corviknight|Corviknight, M|53/100
|-ability|p1a: Corviknight|Pressure
|
|-heal|p1a: Corviknight|59/100|[from] item: Leftovers
|upkeep
|turn|27
|
|t:|1779711670
|switch|p2a: Gholdengo|Gholdengo|79/100
|switch|p1a: Sandslash|Sandslash-Alola, M|76/100
|-damage|p1a: Sandslash|63/100|[from] Spikes
|
|-heal|p2a: Gholdengo|85/100|[from] item: Leftovers
|upkeep
|turn|28
|
|t:|1779711676
|move|p2a: Gholdengo|Shadow Ball|p1a: Sandslash
|-damage|p1a: Sandslash|9/100
|-unboost|p1a: Sandslash|spd|1
|move|p1a: Sandslash|Knock Off|p2a: Gholdengo
|-supereffective|p2a: Gholdengo
|-damage|p2a: Gholdengo|0 fnt
|-enditem|p2a: Gholdengo|Leftovers|[from] move: Knock Off|[of] p1a: Sandslash
|faint|p2a: Gholdengo
|
|upkeep
|
|t:|1779711696
|switch|p2a: Darkrai|Darkrai|100/100
|turn|29
|
|t:|1779711701
|move|p2a: Darkrai|Knock Off|p1a: Sandslash
|-damage|p1a: Sandslash|0 fnt
|-enditem|p1a: Sandslash|Choice Band|[from] move: Knock Off|[of] p2a: Darkrai
|faint|p1a: Sandslash
|
|upkeep
|
|t:|1779711724
|switch|p1a: Raging Bolt|Raging Bolt|76/100
|-damage|p1a: Raging Bolt|63/100|[from] Spikes
|turn|30
|
|t:|1779711727
|move|p1a: Raging Bolt|Thunderclap|p2a: Darkrai
|-damage|p2a: Darkrai|18/100
|move|p2a: Darkrai|Dark Pulse|p1a: Raging Bolt
|-damage|p1a: Raging Bolt|31/100
|
|upkeep
|turn|31
|
|t:|1779711737
|switch|p2a: Dragonite|Dragonite, M|100/100
|move|p1a: Raging Bolt|Thunderclap||[still]
|-fail|p1a: Raging Bolt
|
|upkeep
|turn|32
|
|t:|1779711745
|-end|p1a: Raging Bolt|Protosynthesis|[silent]
|switch|p1a: Corviknight|Corviknight, M|59/100
|-ability|p1a: Corviknight|Pressure
|move|p2a: Dragonite|Extreme Speed|p1a: Corviknight
|-resisted|p1a: Corviknight
|-damage|p1a: Corviknight|46/100
|
|-heal|p1a: Corviknight|53/100|[from] item: Leftovers
|upkeep
|turn|33
|
|t:|1779711754
|switch|p2a: Gliscor|Gliscor, F|100/100 tox
|move|p1a: Corviknight|Iron Defense|p1a: Corviknight
|-boost|p1a: Corviknight|def|2
|
|-heal|p1a: Corviknight|59/100|[from] item: Leftovers
|upkeep
|turn|34
|
|t:|1779711761
|move|p2a: Gliscor|Spikes|p1a: Corviknight
|-sidestart|p1: YarMathey|Spikes
|move|p1a: Corviknight|Iron Defense|p1a: Corviknight
|-boost|p1a: Corviknight|def|2
|
|-heal|p1a: Corviknight|65/100|[from] item: Leftovers
|upkeep
|turn|35
|
|t:|1779711765
|move|p2a: Gliscor|Spikes|p1a: Corviknight
|-sidestart|p1: YarMathey|Spikes
|move|p1a: Corviknight|Iron Defense|p1a: Corviknight
|-boost|p1a: Corviknight|def|2
|
|-heal|p1a: Corviknight|71/100|[from] item: Leftovers
|upkeep
|turn|36
|
|t:|1779711768
|move|p2a: Gliscor|Protect|p2a: Gliscor
|-singleturn|p2a: Gliscor|Protect
|move|p1a: Corviknight|Roost|p1a: Corviknight
|-heal|p1a: Corviknight|100/100
|-singleturn|p1a: Corviknight|move: Roost
|
|upkeep
|turn|37
|
|t:|1779711772
|move|p2a: Gliscor|Earthquake|p1a: Corviknight
|-immune|p1a: Corviknight
|move|p1a: Corviknight|Body Press|p2a: Gliscor
|-resisted|p2a: Gliscor
|-damage|p2a: Gliscor|79/100 tox
|
|-heal|p2a: Gliscor|91/100 tox|[from] ability: Poison Heal
|upkeep
|turn|38
|
|t:|1779711777
|move|p2a: Gliscor|Toxic|p1a: Corviknight
|-immune|p1a: Corviknight
|move|p1a: Corviknight|Body Press|p2a: Gliscor
|-resisted|p2a: Gliscor
|-damage|p2a: Gliscor|70/100 tox
|
|-heal|p2a: Gliscor|82/100 tox|[from] ability: Poison Heal
|upkeep
|turn|39
|
|t:|1779711783
|move|p2a: Gliscor|Toxic|p1a: Corviknight
|-immune|p1a: Corviknight
|move|p1a: Corviknight|Body Press|p2a: Gliscor
|-resisted|p2a: Gliscor
|-damage|p2a: Gliscor|60/100 tox
|
|-heal|p2a: Gliscor|73/100 tox|[from] ability: Poison Heal
|upkeep
|turn|40
|
|t:|1779711788
|move|p2a: Gliscor|Protect|p2a: Gliscor
|-singleturn|p2a: Gliscor|Protect
|move|p1a: Corviknight|Body Press|p2a: Gliscor
|-activate|p2a: Gliscor|move: Protect
|
|-heal|p2a: Gliscor|85/100 tox|[from] ability: Poison Heal
|upkeep
|turn|41
|
|t:|1779711792
|move|p2a: Gliscor|Toxic|p1a: Corviknight
|-immune|p1a: Corviknight
|move|p1a: Corviknight|Defog|p2a: Gliscor
|-unboost|p2a: Gliscor|evasion|1
|-sideend|p1: YarMathey|Spikes|[from] move: Defog|[of] p1a: Corviknight
|
|-heal|p2a: Gliscor|98/100 tox|[from] ability: Poison Heal
|upkeep
|turn|42
|
|t:|1779711795
|move|p2a: Gliscor|Spikes|p1a: Corviknight
|-sidestart|p1: YarMathey|Spikes
|move|p1a: Corviknight|Defog|p2a: Gliscor
|-unboost|p2a: Gliscor|evasion|1
|-sideend|p1: YarMathey|Spikes|[from] move: Defog|[of] p1a: Corviknight
|
|-heal|p2a: Gliscor|100/100 tox|[from] ability: Poison Heal
|upkeep
|turn|43
|
|t:|1779711798
|move|p2a: Gliscor|Spikes|p1a: Corviknight
|-sidestart|p1: YarMathey|Spikes
|move|p1a: Corviknight|Defog|p2a: Gliscor
|-unboost|p2a: Gliscor|evasion|1
|-sideend|p1: YarMathey|Spikes|[from] move: Defog|[of] p1a: Corviknight
|
|upkeep
|turn|44
|
|t:|1779711803
|move|p2a: Gliscor|Toxic|p1a: Corviknight
|-immune|p1a: Corviknight
|move|p1a: Corviknight|Defog|p2a: Gliscor
|-unboost|p2a: Gliscor|evasion|1
|
|upkeep
|turn|45
|
|t:|1779711805
|move|p2a: Gliscor|Earthquake|p1a: Corviknight
|-immune|p1a: Corviknight
|move|p1a: Corviknight|Defog|p2a: Gliscor
|-unboost|p2a: Gliscor|evasion|1
|
|upkeep
|turn|46
|
|t:|1779711809
|move|p2a: Gliscor|Spikes|p1a: Corviknight
|-sidestart|p1: YarMathey|Spikes
|move|p1a: Corviknight|Defog|p2a: Gliscor
|-unboost|p2a: Gliscor|evasion|1
|-sideend|p1: YarMathey|Spikes|[from] move: Defog|[of] p1a: Corviknight
|
|upkeep
|turn|47
|
|t:|1779711812
|move|p2a: Gliscor|Earthquake|p1a: Corviknight
|-immune|p1a: Corviknight
|move|p1a: Corviknight|Defog||[still]
|-unboost|p2a: Gliscor|evasion|0
|-fail|p1a: Corviknight
|
|upkeep
|turn|48
|
|t:|1779711817
|move|p2a: Gliscor|Spikes|p1a: Corviknight
|-sidestart|p1: YarMathey|Spikes
|move|p1a: Corviknight|Defog|p2a: Gliscor
|-unboost|p2a: Gliscor|evasion|0
|-sideend|p1: YarMathey|Spikes|[from] move: Defog|[of] p1a: Corviknight
|
|upkeep
|turn|49
|
|t:|1779711820
|move|p2a: Gliscor|Spikes|p1a: Corviknight
|-sidestart|p1: YarMathey|Spikes
|move|p1a: Corviknight|Iron Defense|p1a: Corviknight
|-boost|p1a: Corviknight|def|0
|
|upkeep
|turn|50
|
|t:|1779711827
|move|p2a: Gliscor|Spikes|p1a: Corviknight
|-sidestart|p1: YarMathey|Spikes
|move|p1a: Corviknight|Defog|p2a: Gliscor
|-unboost|p2a: Gliscor|evasion|0
|-sideend|p1: YarMathey|Spikes|[from] move: Defog|[of] p1a: Corviknight
|
|upkeep
|turn|51
|
|t:|1779711830
|move|p2a: Gliscor|Spikes|p1a: Corviknight
|-sidestart|p1: YarMathey|Spikes
|move|p1a: Corviknight|Iron Defense|p1a: Corviknight
|-boost|p1a: Corviknight|def|0
|
|upkeep
|turn|52
|
|t:|1779711834
|move|p2a: Gliscor|Spikes|p1a: Corviknight
|-sidestart|p1: YarMathey|Spikes
|move|p1a: Corviknight|Iron Defense|p1a: Corviknight
|-boost|p1a: Corviknight|def|0
|
|upkeep
|turn|53
|
|t:|1779711836
|move|p2a: Gliscor|Spikes|p1a: Corviknight
|-sidestart|p1: YarMathey|Spikes
|move|p1a: Corviknight|Defog|p2a: Gliscor
|-unboost|p2a: Gliscor|evasion|0
|-sideend|p1: YarMathey|Spikes|[from] move: Defog|[of] p1a: Corviknight
|
|upkeep
|turn|54
|
|t:|1779711840
|move|p2a: Gliscor|Spikes|p1a: Corviknight
|-sidestart|p1: YarMathey|Spikes
|move|p1a: Corviknight|Iron Defense|p1a: Corviknight
|-boost|p1a: Corviknight|def|0
|
|upkeep
|turn|55
|
|t:|1779711847
|move|p2a: Gliscor|Earthquake|p1a: Corviknight
|-immune|p1a: Corviknight
|move|p1a: Corviknight|Iron Defense|p1a: Corviknight
|-boost|p1a: Corviknight|def|0
|
|upkeep
|turn|56
|
|t:|1779711852
|move|p2a: Gliscor|Earthquake|p1a: Corviknight
|-immune|p1a: Corviknight
|move|p1a: Corviknight|Iron Defense|p1a: Corviknight
|-boost|p1a: Corviknight|def|0
|
|upkeep
|turn|57
|
|t:|1779711855
|move|p2a: Gliscor|Earthquake|p1a: Corviknight
|-immune|p1a: Corviknight
|move|p1a: Corviknight|Defog|p2a: Gliscor
|-unboost|p2a: Gliscor|evasion|0
|-sideend|p1: YarMathey|Spikes|[from] move: Defog|[of] p1a: Corviknight
|
|upkeep
|turn|58
|
|t:|1779711864
|switch|p2a: Darkrai|Darkrai|18/100
|move|p1a: Corviknight|Iron Defense|p1a: Corviknight
|-boost|p1a: Corviknight|def|0
|
|upkeep
|turn|59
|
|t:|1779711867
|move|p2a: Darkrai|Will-O-Wisp|p1a: Corviknight|[miss]
|-miss|p2a: Darkrai|p1a: Corviknight
|move|p1a: Corviknight|Body Press|p2a: Darkrai
|-supereffective|p2a: Darkrai
|-damage|p2a: Darkrai|0 fnt
|faint|p2a: Darkrai
|
|upkeep
|-message|kemdpw forfeited.
|
|win|YarMathey
|raw|YarMathey's rating: 1146 &rarr; <strong>1175</strong><br />(+29 for winning)
|raw|kemdpw's rating: 1207 &rarr; <strong>1178</strong><br />(-29 for losing)
|l|☆kemdpw
|player|p2|
|l|☆YarMathey
|player|p1|
