|j|☆Slashutu
|j|☆jubox
|t:|1779572170
|gametype|singles
|player|p1|Slashutu|265|1525
|player|p2|jubox|benga|1465
|gen|9
|tier|[Gen 9] OU
|rated|
|rule|HP Percentage Mod: HP is shown in percentages
|rule|Endless Battle Clause: Forcing endless battles is banned
|rule|Species Clause: Limit one of each Pokémon
|rule|OHKO Clause: OHKO moves are banned
|rule|Evasion Items Clause: Evasion items are banned
|rule|Evasion Moves Clause: Evasion moves are banned
|rule|Evasion Abilities Clause: Evasion abilities are banned
|rule|Sleep Moves Clause: Sleep-inducing moves are banned
|clearpoke
|poke|p1|Hatterene, F|
|poke|p1|Ursaluna, M|
|poke|p1|Porygon2|
|poke|p1|Cresselia, F|
|poke|p1|Iron Hands|
|poke|p1|Volcanion|
|poke|p2|Dragapult, M|
|poke|p2|Iron Valiant|
|poke|p2|Cinderace, M|
|poke|p2|Dragonite, F|
|poke|p2|Samurott-Hisui, M|
|poke|p2|Scizor, F|
|teampreview
|
|t:|1779572183
|teamsize|p1|6
|teamsize|p2|6
|start
|switch|p1a: Mann|Ursaluna, M|100/100
|switch|p2a: Samurott|Samurott-Hisui, M|100/100
|turn|1
|
|t:|1779572189
|move|p1a: Mann|Protect|p1a: Mann
|-singleturn|p1a: Mann|Protect
|move|p2a: Samurott|Razor Shell|p1a: Mann
|-activate|p1a: Mann|move: Protect
|
|-status|p1a: Mann|brn|[from] item: Flame Orb
|upkeep
|turn|2
|
|t:|1779572196
|move|p2a: Samurott|Razor Shell|p1a: Mann|[miss]
|-miss|p2a: Samurott|p1a: Mann
|move|p1a: Mann|Facade|p2a: Samurott
|-damage|p2a: Samurott|0 fnt
|faint|p2a: Samurott
|
|-damage|p1a: Mann|94/100 brn|[from] brn
|upkeep
|
|t:|1779572209
|switch|p2a: Scizor|Scizor, F, shiny|100/100
|turn|3
|
|t:|1779572213
|move|p2a: Scizor|Close Combat|p1a: Mann
|-supereffective|p1a: Mann
|-damage|p1a: Mann|3/100 brn
|-unboost|p2a: Scizor|def|1
|-unboost|p2a: Scizor|spd|1
|move|p1a: Mann|Fire Punch|p2a: Scizor
|-supereffective|p2a: Scizor
|-damage|p2a: Scizor|0 fnt
|faint|p2a: Scizor
|
|-damage|p1a: Mann|0 fnt|[from] brn
|faint|p1a: Mann
|upkeep
|
|t:|1779572224
|switch|p2a: Dragonite|Dragonite, F, shiny|100/100
|switch|p1a: TARS|Porygon2|100/100
|-ability|p1a: TARS|Download|boost
|-boost|p1a: TARS|atk|1
|turn|4
|
|t:|1779572231
|move|p2a: Dragonite|Dragon Dance|p2a: Dragonite
|-boost|p2a: Dragonite|atk|1
|-boost|p2a: Dragonite|spe|1
|move|p1a: TARS|Trick Room|p1a: TARS
|-fieldstart|move: Trick Room|[of] p1a: TARS
|
|upkeep
|turn|5
|
|t:|1779572235
|move|p1a: TARS|Ice Beam|p2a: Dragonite
|-supereffective|p2a: Dragonite
|-damage|p2a: Dragonite|40/100
|move|p2a: Dragonite|Dragon Dance|p2a: Dragonite
|-boost|p2a: Dragonite|atk|1
|-boost|p2a: Dragonite|spe|1
|
|upkeep
|turn|6
|
|t:|1779572242
|move|p2a: Dragonite|Extreme Speed|p1a: TARS
|-damage|p1a: TARS|58/100
|move|p1a: TARS|Ice Beam|p2a: Dragonite
|-supereffective|p2a: Dragonite
|-damage|p2a: Dragonite|0 fnt
|faint|p2a: Dragonite
|
|upkeep
|
|t:|1779572249
|switch|p2a: Iron Valiant|Iron Valiant, shiny|100/100
|turn|7
|
|t:|1779572254
|move|p1a: TARS|Tri Attack|p2a: Iron Valiant
|-damage|p2a: Iron Valiant|34/100
|move|p2a: Iron Valiant|Aura Sphere|p1a: TARS
|-supereffective|p1a: TARS
|-damage|p1a: TARS|0 fnt
|faint|p1a: TARS
|-damage|p2a: Iron Valiant|24/100|[from] item: Life Orb
|
|upkeep
|
|t:|1779572265
|switch|p1a: Brand|Hatterene, F, shiny|100/100
|turn|8
|
|t:|1779572269
|-end|p2a: Iron Valiant|Quark Drive|[silent]
|switch|p2a: Cinderace|Cinderace, M, shiny|100/100
|move|p1a: Brand|Psychic Noise|p2a: Cinderace
|-crit|p2a: Cinderace
|-damage|p2a: Cinderace|13/100
|-start|p2a: Cinderace|move: Heal Block
|
|-fieldend|move: Trick Room
|upkeep
|turn|9
|
|t:|1779572277
|move|p2a: Cinderace|Gunk Shot|p1a: Brand
|-start|p2a: Cinderace|typechange|Poison|[from] ability: Libero
|-supereffective|p1a: Brand
|-enditem|p1a: Brand|Focus Sash
|-damage|p1a: Brand|1/100
|move|p1a: Brand|Trick Room|p1a: Brand
|-fieldstart|move: Trick Room|[of] p1a: Brand
|
|-end|p2a: Cinderace|move: Heal Block
|upkeep
|turn|10
|
|t:|1779572287
|move|p1a: Brand|Psychic Noise|p2a: Cinderace
|-supereffective|p2a: Cinderace
|-damage|p2a: Cinderace|0 fnt
|faint|p2a: Cinderace
|
|upkeep
|-message|jubox forfeited.
|
|win|Slashutu
|raw|Slashutu's rating: 1525 &rarr; <strong>1542</strong><br />(+17 for winning)
|raw|jubox's rating: 1465 &rarr; <strong>1448</strong><br />(-17 for losing)
|l|☆jubox
|player|p2|
|l|☆Slashutu
|player|p1|
