|j|☆soulspark
|j|☆hat40
|t:|1779663219
|gametype|singles
|player|p1|soulspark|1|1571
|player|p2|hat40|266|1566
|gen|9
|tier|[Gen 9] OU
|rated|
|rule|HP Percentage Mod: HP is shown in percentages
|rule|Endless Battle Clause: Forcing endless battles is banned
|rule|Species Clause: Limit one of each Pokémon
|rule|OHKO Clause: OHKO moves are banned
|rule|Evasion Items Clause: Evasion items are banned
|rule|Evasion Moves Clause: Evasion moves are banned
|rule|Evasion Abilities Clause: Evasion abilities are banned
|rule|Sleep Moves Clause: Sleep-inducing moves are banned
|clearpoke
|poke|p1|Meowscarada, F|
|poke|p1|Iron Crown|
|poke|p1|Alomomola, M|
|poke|p1|Hoopa-Unbound|
|poke|p1|Goodra-Hisui, M|
|poke|p1|Corviknight, M|
|poke|p2|Pelipper, F|
|poke|p2|Manaphy|
|poke|p2|Bruxish, F|
|poke|p2|Overqwil, M|
|poke|p2|Iron Treads|
|poke|p2|Raging Bolt|
|teampreview
|
|t:|1779663234
|teamsize|p1|6
|teamsize|p2|6
|start
|switch|p1a: Hoopa|Hoopa-Unbound|100/100
|switch|p2a: Bruxish|Bruxish, F|100/100
|turn|1
|
|t:|1779663247
|move|p2a: Bruxish|Flip Turn|p1a: Hoopa
|-damage|p1a: Hoopa|63/100
|-enditem|p1a: Hoopa|Red Card|[of] p2a: Bruxish
|drag|p2a: Overqwil|Overqwil, M|100/100
|move|p1a: Hoopa|Substitute|p1a: Hoopa
|-start|p1a: Hoopa|Substitute
|-damage|p1a: Hoopa|38/100
|
|upkeep
|turn|2
|
|t:|1779663257
|-singleturn|p1a: Hoopa|move: Focus Punch
|move|p2a: Overqwil|Crunch|p1a: Hoopa
|-end|p1a: Hoopa|Substitute
|-damage|p2a: Overqwil|91/100|[from] item: Life Orb
|move|p1a: Hoopa|Focus Punch|p2a: Overqwil
|-damage|p2a: Overqwil|14/100
|-item|p1a: Hoopa|Life Orb|[from] ability: Magician|[of] p2a: Overqwil
|
|upkeep
|turn|3
|
|t:|1779663271
|switch|p1a: Corviknight|Corviknight, M|100/100
|move|p2a: Overqwil|Gunk Shot|p1a: Corviknight
|-immune|p1a: Corviknight
|
|upkeep
|turn|4
|
|t:|1779663278
|switch|p2a: Pelipper|Pelipper, F|100/100
|-weather|RainDance|[from] ability: Drizzle|[of] p2a: Pelipper
|move|p1a: Corviknight|U-turn|p2a: Pelipper
|-resisted|p2a: Pelipper
|-damage|p2a: Pelipper|95/100
|
|t:|1779663282
|switch|p1a: Alomomola|Alomomola, M|100/100|[from] U-turn
|
|-weather|RainDance|[upkeep]
|upkeep
|turn|5
|
|t:|1779663284
|move|p2a: Pelipper|Hurricane|p1a: Alomomola
|-damage|p1a: Alomomola|65/100
|move|p1a: Alomomola|Wish|p1a: Alomomola
|
|-weather|RainDance|[upkeep]
|upkeep
|turn|6
|
|t:|1779663291
|move|p2a: Pelipper|Hurricane|p1a: Alomomola
|-damage|p1a: Alomomola|29/100
|move|p1a: Alomomola|Flip Turn|p2a: Pelipper
|-resisted|p2a: Pelipper
|-damage|p2a: Pelipper|86/100
|
|t:|1779663297
|switch|p1a: Hoopa|Hoopa-Unbound|38/100|[from] Flip Turn
|
|-weather|RainDance|[upkeep]
|-heal|p1a: Hoopa|100/100|[from] move: Wish|[wisher] Alomomola
|upkeep
|turn|7
|
|t:|1779663304
|move|p1a: Hoopa|Future Sight|p2a: Pelipper
|-start|p1a: Hoopa|move: Future Sight
|move|p2a: Pelipper|Weather Ball|p1a: Hoopa
|-damage|p1a: Hoopa|63/100
|
|-weather|RainDance|[upkeep]
|upkeep
|turn|8
|
|t:|1779663312
|move|p1a: Hoopa|Substitute|p1a: Hoopa
|-start|p1a: Hoopa|Substitute
|-damage|p1a: Hoopa|38/100
|move|p2a: Pelipper|Weather Ball|p1a: Hoopa
|-end|p1a: Hoopa|Substitute
|
|-weather|RainDance|[upkeep]
|upkeep
|turn|9
|
|t:|1779663322
|move|p1a: Hoopa|Substitute|p1a: Hoopa
|-start|p1a: Hoopa|Substitute
|-damage|p1a: Hoopa|13/100
|move|p2a: Pelipper|U-turn|p1a: Hoopa
|-supereffective|p1a: Hoopa
|-end|p1a: Hoopa|Substitute
|
|t:|1779663324
|switch|p2a: Overqwil|Overqwil, M|14/100|[from] U-turn
|
|-weather|RainDance|[upkeep]
|-end|p2a: Overqwil|move: Future Sight
|-immune|p2a: Overqwil
|-damage|p1a: Hoopa|4/100|[from] item: Life Orb
|upkeep
|turn|10
|
|t:|1779663343
|switch|p1a: Alomomola|Alomomola, M|62/100
|move|p2a: Overqwil|Crunch|p1a: Alomomola
|-damage|p1a: Alomomola|41/100
|
|-weather|RainDance|[upkeep]
|upkeep
|turn|11
|
|t:|1779663356
|switch|p1a: Corviknight|Corviknight, M|100/100
|move|p2a: Overqwil|Gunk Shot|p1a: Corviknight
|-immune|p1a: Corviknight
|
|-weather|none
|upkeep
|turn|12
|
|t:|1779663364
|switch|p2a: Pelipper|Pelipper, F|86/100
|-weather|RainDance|[from] ability: Drizzle|[of] p2a: Pelipper
|move|p1a: Corviknight|U-turn|p2a: Pelipper
|-resisted|p2a: Pelipper
|-damage|p2a: Pelipper|80/100
|
|t:|1779663372
|switch|p1a: Alomomola|Alomomola, M|74/100|[from] U-turn
|
|-weather|RainDance|[upkeep]
|upkeep
|turn|13
|
|t:|1779663386
|move|p1a: Alomomola|Wish|p1a: Alomomola
|move|p2a: Pelipper|U-turn|p1a: Alomomola
|-damage|p1a: Alomomola|69/100
|
|t:|1779663389
|switch|p2a: Raging Bolt|Raging Bolt|100/100|[from] U-turn
|-enditem|p2a: Raging Bolt|Booster Energy
|-activate|p2a: Raging Bolt|ability: Protosynthesis|[fromitem]
|-start|p2a: Raging Bolt|protosynthesisspa
|
|-weather|RainDance|[upkeep]
|upkeep
|turn|14
|
|t:|1779663399
|move|p1a: Alomomola|Protect|p1a: Alomomola
|-singleturn|p1a: Alomomola|Protect
|move|p2a: Raging Bolt|Thunderbolt|p1a: Alomomola
|-activate|p1a: Alomomola|move: Protect
|
|-weather|RainDance|[upkeep]
|-heal|p1a: Alomomola|100/100|[from] move: Wish|[wisher] Alomomola
|upkeep
|turn|15
|
|t:|1779663408
|move|p2a: Raging Bolt|Thunderbolt|p1a: Alomomola
|-supereffective|p1a: Alomomola
|-enditem|p1a: Alomomola|Wacan Berry|[eat]
|-enditem|p1a: Alomomola|Wacan Berry|[weaken]
|-damage|p1a: Alomomola|35/100
|move|p1a: Alomomola|Mirror Coat|p2a: Raging Bolt
|-damage|p2a: Raging Bolt|0 fnt
|faint|p2a: Raging Bolt
|-end|p2a: Raging Bolt|Protosynthesis|[silent]
|
|-weather|RainDance|[upkeep]
|upkeep
|
|t:|1779663416
|switch|p2a: Overqwil|Overqwil, M|14/100
|turn|16
|
|t:|1779663422
|switch|p1a: Corviknight|Corviknight, M|100/100
|move|p2a: Overqwil|Swords Dance|p2a: Overqwil
|-boost|p2a: Overqwil|atk|2
|
|-weather|RainDance|[upkeep]
|upkeep
|turn|17
|
|t:|1779663431
|move|p2a: Overqwil|Liquidation|p1a: Corviknight
|-crit|p1a: Corviknight
|-damage|p1a: Corviknight|30/100
|-damage|p2a: Overqwil|0 fnt|[from] item: Rocky Helmet|[of] p1a: Corviknight
|faint|p2a: Overqwil
|move|p1a: Corviknight|Roost|p1a: Corviknight
|-heal|p1a: Corviknight|80/100
|-singleturn|p1a: Corviknight|move: Roost
|
|-weather|RainDance|[upkeep]
|upkeep
|
|t:|1779663435
|switch|p2a: Manaphy|Manaphy|100/100
|turn|18
|
|t:|1779663447
|move|p2a: Manaphy|Tail Glow|p2a: Manaphy
|-boost|p2a: Manaphy|spa|3
|move|p1a: Corviknight|U-turn|p2a: Manaphy
|-damage|p2a: Manaphy|87/100
|
|t:|1779663453
|switch|p1a: Goodra|Goodra-Hisui, M|100/100|[from] U-turn
|
|-weather|RainDance|[upkeep]
|upkeep
|turn|19
|
|t:|1779663460
|move|p2a: Manaphy|Tail Glow|p2a: Manaphy
|-boost|p2a: Manaphy|spa|3
|move|p1a: Goodra|Knock Off|p2a: Manaphy
|-damage|p2a: Manaphy|64/100
|-enditem|p2a: Manaphy|Mystic Water|[from] move: Knock Off|[of] p1a: Goodra
|
|-weather|none
|upkeep
|turn|20
|
|t:|1779663469
|move|p2a: Manaphy|Ice Beam|p1a: Goodra
|-damage|p1a: Goodra|63/100
|move|p1a: Goodra|Dragon Breath|p2a: Manaphy
|-damage|p2a: Manaphy|42/100
|
|upkeep
|turn|21
|
|t:|1779663476
|move|p2a: Manaphy|Ice Beam|p1a: Goodra
|-damage|p1a: Goodra|27/100
|move|p1a: Goodra|Dragon Breath|p2a: Manaphy
|-damage|p2a: Manaphy|19/100
|-status|p2a: Manaphy|par
|
|upkeep
|turn|22
|-message|hat40 forfeited.
|
|win|soulspark
|raw|soulspark's rating: 1571 &rarr; <strong>1591</strong><br />(+20 for winning)
|raw|hat40's rating: 1566 &rarr; <strong>1546</strong><br />(-20 for losing)
|l|☆hat40
|player|p2|
|l|☆soulspark
|player|p1|
