|j|☆BlabberSaur
|j|☆Laban1024
|t:|1779654381
|gametype|singles
|player|p1|BlabberSaur|wallace|
|player|p2|Laban1024|koga|
|gen|9
|tier|[Gen 9] OU
|rule|HP Percentage Mod: HP is shown in percentages
|rule|Endless Battle Clause: Forcing endless battles is banned
|rule|Species Clause: Limit one of each Pokémon
|rule|OHKO Clause: OHKO moves are banned
|rule|Evasion Items Clause: Evasion items are banned
|rule|Evasion Moves Clause: Evasion moves are banned
|rule|Evasion Abilities Clause: Evasion abilities are banned
|rule|Sleep Moves Clause: Sleep-inducing moves are banned
|clearpoke
|poke|p1|Blaziken, F|
|poke|p1|Dragonite, F|
|poke|p1|Darkrai|
|poke|p1|Garganacl, M|
|poke|p1|Primarina, M|
|poke|p1|Great Tusk|
|poke|p2|Torkoal, F|
|poke|p2|Ceruledge, F|
|poke|p2|Lilligant-Hisui, F|
|poke|p2|Walking Wake|
|poke|p2|Raging Bolt|
|poke|p2|Moltres|
|teampreview
|inactive|Battle timer is ON: inactive players will automatically lose when time's up. (requested by BlabberSaur)
|
|t:|1779654387
|teamsize|p1|6
|teamsize|p2|6
|start
|switch|p1a: Darkrai|Darkrai|100/100
|switch|p2a: Torkoal|Torkoal, F|100/100
|-weather|SunnyDay|[from] ability: Drought|[of] p2a: Torkoal
|turn|1
|inactive|Laban1024 has 270 seconds left.
|
|t:|1779654422
|switch|p2a: Raging Bolt|Raging Bolt|100/100
|-item|p2a: Raging Bolt|Air Balloon
|-activate|p2a: Raging Bolt|ability: Protosynthesis
|-start|p2a: Raging Bolt|protosynthesisspa
|move|p1a: Darkrai|Nasty Plot|p1a: Darkrai
|-boost|p1a: Darkrai|spa|2
|
|-weather|SunnyDay|[upkeep]
|upkeep
|turn|2
|inactive|Laban1024 has 270 seconds left.
|
|t:|1779654433
|move|p1a: Darkrai|Ice Beam|p2a: Raging Bolt
|-supereffective|p2a: Raging Bolt
|-damage|p2a: Raging Bolt|0 fnt
|-enditem|p2a: Raging Bolt|Air Balloon
|faint|p2a: Raging Bolt
|-end|p2a: Raging Bolt|Protosynthesis|[silent]
|
|-weather|SunnyDay|[upkeep]
|upkeep
|c|☆Laban1024|expected you to try and kill
|c|☆Laban1024|no i thoughti had the tank lowkey
|c|☆Laban1024|shoudlve clear smogged
|inactive|Laban1024 has 240 seconds left.
|
|t:|1779654472
|switch|p2a: Walking Wake|Walking Wake|100/100
|-activate|p2a: Walking Wake|ability: Protosynthesis
|-start|p2a: Walking Wake|protosynthesisspe
|turn|3
|
|t:|1779654478
|move|p2a: Walking Wake|Hydro Steam|p1a: Darkrai
|-enditem|p1a: Darkrai|Focus Sash
|-damage|p1a: Darkrai|1/100
|move|p1a: Darkrai|Dark Pulse|p2a: Walking Wake
|-damage|p2a: Walking Wake|0 fnt
|faint|p2a: Walking Wake
|-end|p2a: Walking Wake|Protosynthesis|[silent]
|
|-weather|SunnyDay|[upkeep]
|upkeep
|
|t:|1779654481
|switch|p2a: Ceruledge|Ceruledge, F|100/100
|turn|4
|
|t:|1779654488
|move|p2a: Ceruledge|Shadow Sneak|p1a: Darkrai
|-resisted|p1a: Darkrai
|-damage|p1a: Darkrai|0 fnt
|faint|p1a: Darkrai
|
|-weather|SunnyDay|[upkeep]
|upkeep
|
|t:|1779654497
|switch|p1a: Garganacl|Garganacl, M|100/100
|turn|5
|inactive|Laban1024 has 270 seconds left.
|
|t:|1779654504
|move|p2a: Ceruledge|Swords Dance|p2a: Ceruledge
|-boost|p2a: Ceruledge|atk|2
|move|p1a: Garganacl|Iron Defense|p1a: Garganacl
|-boost|p1a: Garganacl|def|2
|
|-weather|SunnyDay|[upkeep]
|upkeep
|turn|6
|
|t:|1779654513
|move|p2a: Ceruledge|Close Combat|p1a: Garganacl
|-supereffective|p1a: Garganacl
|-damage|p1a: Garganacl|51/100
|-unboost|p2a: Ceruledge|def|1
|-unboost|p2a: Ceruledge|spd|1
|move|p1a: Garganacl|Iron Defense|p1a: Garganacl
|-boost|p1a: Garganacl|def|2
|
|-weather|SunnyDay|[upkeep]
|-heal|p1a: Garganacl|57/100|[from] item: Leftovers
|upkeep
|turn|7
|
|t:|1779654519
|move|p2a: Ceruledge|Swords Dance|p2a: Ceruledge
|-boost|p2a: Ceruledge|atk|2
|move|p1a: Garganacl|Recover|p1a: Garganacl
|-heal|p1a: Garganacl|100/100
|
|-weather|SunnyDay|[upkeep]
|upkeep
|turn|8
|
|t:|1779654523
|move|p2a: Ceruledge|Swords Dance|p2a: Ceruledge
|-boost|p2a: Ceruledge|atk|2
|move|p1a: Garganacl|Salt Cure|p2a: Ceruledge
|-supereffective|p2a: Ceruledge
|-damage|p2a: Ceruledge|43/100
|-start|p2a: Ceruledge|Salt Cure
|-ability|p2a: Ceruledge|Weak Armor|boost
|-unboost|p2a: Ceruledge|def|1
|-boost|p2a: Ceruledge|spe|2
|
|-weather|none
|-damage|p2a: Ceruledge|31/100|[from] Salt Cure
|upkeep
|turn|9
|
|t:|1779654528
|move|p2a: Ceruledge|Close Combat|p1a: Garganacl
|-supereffective|p1a: Garganacl
|-damage|p1a: Garganacl|40/100
|-unboost|p2a: Ceruledge|def|1
|-unboost|p2a: Ceruledge|spd|1
|move|p1a: Garganacl|Salt Cure|p2a: Ceruledge
|-supereffective|p2a: Ceruledge
|-damage|p2a: Ceruledge|0 fnt
|faint|p2a: Ceruledge
|
|-heal|p1a: Garganacl|46/100|[from] item: Leftovers
|upkeep
|
|t:|1779654543
|switch|p2a: Torkoal|Torkoal, F|100/100
|-weather|SunnyDay|[from] ability: Drought|[of] p2a: Torkoal
|turn|10
|
|t:|1779654547
|move|p1a: Garganacl|Salt Cure|p2a: Torkoal
|-supereffective|p2a: Torkoal
|-damage|p2a: Torkoal|84/100
|-start|p2a: Torkoal|Salt Cure
|move|p2a: Torkoal|Clear Smog|p1a: Garganacl
|-resisted|p1a: Garganacl
|-damage|p1a: Garganacl|41/100
|-clearboost|p1a: Garganacl
|
|-weather|SunnyDay|[upkeep]
|-heal|p1a: Garganacl|48/100|[from] item: Leftovers
|-damage|p2a: Torkoal|72/100|[from] Salt Cure
|upkeep
|turn|11
|
|t:|1779654561
|switch|p2a: Moltres|Moltres|100/100
|move|p1a: Garganacl|Recover|p1a: Garganacl
|-heal|p1a: Garganacl|98/100
|
|-weather|SunnyDay|[upkeep]
|-heal|p1a: Garganacl|100/100|[from] item: Leftovers
|upkeep
|turn|12
|
|t:|1779654566
|move|p2a: Moltres|Will-O-Wisp|p1a: Garganacl
|-immune|p1a: Garganacl|[from] ability: Purifying Salt
|move|p1a: Garganacl|Iron Defense|p1a: Garganacl
|-boost|p1a: Garganacl|def|2
|
|-weather|SunnyDay|[upkeep]
|upkeep
|turn|13
|c|☆Laban1024|yeah so i forgot.
|
|t:|1779654583
|move|p2a: Moltres|Flamethrower|p1a: Garganacl
|-resisted|p1a: Garganacl
|-damage|p1a: Garganacl|76/100
|move|p1a: Garganacl|Salt Cure|p2a: Moltres
|-supereffective|p2a: Moltres
|-damage|p2a: Moltres|60/100
|-start|p2a: Moltres|Salt Cure
|
|-weather|SunnyDay|[upkeep]
|-heal|p1a: Garganacl|83/100|[from] item: Leftovers
|-damage|p2a: Moltres|47/100|[from] Salt Cure
|upkeep
|turn|14
|
|t:|1779654590
|move|p2a: Moltres|Flamethrower|p1a: Garganacl
|-resisted|p1a: Garganacl
|-damage|p1a: Garganacl|56/100
|move|p1a: Garganacl|Iron Defense|p1a: Garganacl
|-boost|p1a: Garganacl|def|2
|
|-weather|SunnyDay|[upkeep]
|-heal|p1a: Garganacl|62/100|[from] item: Leftovers
|-damage|p2a: Moltres|35/100|[from] Salt Cure
|upkeep
|turn|15
|
|t:|1779654594
|move|p2a: Moltres|Flamethrower|p1a: Garganacl
|-resisted|p1a: Garganacl
|-damage|p1a: Garganacl|38/100
|move|p1a: Garganacl|Salt Cure|p2a: Moltres
|-supereffective|p2a: Moltres
|-damage|p2a: Moltres|0 fnt
|faint|p2a: Moltres
|
|-weather|SunnyDay|[upkeep]
|-heal|p1a: Garganacl|45/100|[from] item: Leftovers
|upkeep
|
|t:|1779654597
|switch|p2a: Torkoal|Torkoal, F|72/100
|turn|16
|
|t:|1779654599
|move|p1a: Garganacl|Body Press|p2a: Torkoal
|-damage|p2a: Torkoal|24/100
|move|p2a: Torkoal|Clear Smog|p1a: Garganacl
|-resisted|p1a: Garganacl
|-damage|p1a: Garganacl|40/100
|-clearboost|p1a: Garganacl
|
|-weather|SunnyDay|[upkeep]
|-heal|p1a: Garganacl|46/100|[from] item: Leftovers
|upkeep
|turn|17
|
|t:|1779654610
|switch|p1a: Blaziken|Blaziken, F|100/100
|move|p2a: Torkoal|Clear Smog|p1a: Blaziken
|-damage|p1a: Blaziken|85/100
|-clearboost|p1a: Blaziken
|
|-weather|none
|upkeep
|turn|18
|
|t:|1779654615
|move|p1a: Blaziken|Swords Dance|p1a: Blaziken
|-boost|p1a: Blaziken|atk|2
|move|p2a: Torkoal|Rapid Spin|p1a: Blaziken
|-damage|p1a: Blaziken|70/100
|-boost|p2a: Torkoal|spe|1
|
|-ability|p1a: Blaziken|Speed Boost|boost
|-boost|p1a: Blaziken|spe|1
|upkeep
|turn|19
|
|t:|1779654621
|move|p1a: Blaziken|Close Combat|p2a: Torkoal
|-damage|p2a: Torkoal|0 fnt
|-unboost|p1a: Blaziken|def|1
|-unboost|p1a: Blaziken|spd|1
|faint|p2a: Torkoal
|-damage|p1a: Blaziken|60/100|[from] item: Life Orb
|
|-ability|p1a: Blaziken|Speed Boost|boost
|-boost|p1a: Blaziken|spe|1
|upkeep
|c|☆Laban1024|ah fuck
|
|t:|1779654625
|switch|p2a: Lilligant|Lilligant-Hisui, F|100/100
|turn|20
|
|t:|1779654645
|move|p1a: Blaziken|Flare Blitz|p2a: Lilligant
|-supereffective|p2a: Lilligant
|-damage|p2a: Lilligant|0 fnt
|faint|p2a: Lilligant
|-damage|p1a: Blaziken|29/100|[from] Recoil
|-damage|p1a: Blaziken|19/100|[from] item: Life Orb
|
|win|BlabberSaur
