|j|☆Yukinoshitafan1234
|j|☆SparkyBoomBoomBoiY
|t:|1779657708
|gametype|singles
|player|p1|Yukinoshitafan1234|ghetsis|1106
|player|p2|SparkyBoomBoomBoiY|marlon|1065
|gen|9
|tier|[Gen 9] OU
|rated|
|rule|HP Percentage Mod: HP is shown in percentages
|rule|Endless Battle Clause: Forcing endless battles is banned
|rule|Species Clause: Limit one of each Pokémon
|rule|OHKO Clause: OHKO moves are banned
|rule|Evasion Items Clause: Evasion items are banned
|rule|Evasion Moves Clause: Evasion moves are banned
|rule|Evasion Abilities Clause: Evasion abilities are banned
|rule|Sleep Moves Clause: Sleep-inducing moves are banned
|clearpoke
|poke|p1|Krookodile, M|
|poke|p1|Yanmega, M|
|poke|p1|Garchomp, M|
|poke|p1|Araquanid, M|
|poke|p1|Zoroark-Hisui, M|
|poke|p1|Corviknight, M|
|poke|p2|Tornadus-Therian, M|
|poke|p2|Tsareena, F|
|poke|p2|Cramorant, F|
|poke|p2|Glimmora, M|
|poke|p2|Grafaiai, F|
|poke|p2|Dragapult, M|
|teampreview
|
|t:|1779657727
|teamsize|p1|6
|teamsize|p2|6
|start
|switch|p1a: Araquanid|Araquanid, M|100/100
|switch|p2a: Nuisance|Grafaiai, F|100/100
|turn|1
|
|t:|1779657736
|move|p2a: Nuisance|Taunt|p1a: Araquanid
|-start|p1a: Araquanid|move: Taunt
|move|p1a: Araquanid|Infestation|p2a: Nuisance
|-resisted|p2a: Nuisance
|-damage|p2a: Nuisance|98/100
|-activate|p2a: Nuisance|move: Infestation|[of] p1a: Araquanid
|
|-heal|p2a: Nuisance|100/100|[from] item: Black Sludge
|-damage|p2a: Nuisance|88/100|[from] move: Infestation|[partiallytrapped]
|upkeep
|turn|2
|
|t:|1779657746
|move|p2a: Nuisance|Toxic|p1a: Araquanid
|-status|p1a: Araquanid|tox
|move|p1a: Araquanid|Liquidation|p2a: Nuisance
|-damage|p2a: Nuisance|30/100
|
|-heal|p2a: Nuisance|36/100|[from] item: Black Sludge
|-damage|p1a: Araquanid|95/100 tox|[from] psn
|-damage|p2a: Nuisance|23/100|[from] move: Infestation|[partiallytrapped]
|upkeep
|turn|3
|
|t:|1779657756
|move|p2a: Nuisance|Protect|p2a: Nuisance
|-singleturn|p2a: Nuisance|Protect
|move|p1a: Araquanid|Liquidation|p2a: Nuisance
|-activate|p2a: Nuisance|move: Protect
|
|-heal|p2a: Nuisance|29/100|[from] item: Black Sludge
|-damage|p1a: Araquanid|83/100 tox|[from] psn
|-damage|p2a: Nuisance|17/100|[from] move: Infestation|[partiallytrapped]
|-end|p1a: Araquanid|move: Taunt
|upkeep
|turn|4
|
|t:|1779657768
|move|p2a: Nuisance|Taunt|p1a: Araquanid
|-start|p1a: Araquanid|move: Taunt
|move|p1a: Araquanid|Liquidation|p2a: Nuisance
|-damage|p2a: Nuisance|0 fnt
|faint|p2a: Nuisance
|
|-damage|p1a: Araquanid|65/100 tox|[from] psn
|upkeep
|
|t:|1779657795
|switch|p2a: Glimmora|Glimmora, M|100/100
|turn|5
|
|t:|1779657801
|move|p2a: Glimmora|Spiky Shield|p2a: Glimmora
|-singleturn|p2a: Glimmora|move: Protect
|move|p1a: Araquanid|Liquidation|p2a: Glimmora
|-activate|p2a: Glimmora|move: Protect
|-damage|p1a: Araquanid|52/100 tox|[from] Spiky Shield|[of] p2a: Glimmora
|
|-damage|p1a: Araquanid|29/100 tox|[from] psn
|upkeep
|turn|6
|
|t:|1779657812
|move|p2a: Glimmora|Stealth Rock|p1a: Araquanid
|-sidestart|p1: Yukinoshitafan1234|move: Stealth Rock
|move|p1a: Araquanid|Liquidation|p2a: Glimmora
|-supereffective|p2a: Glimmora
|-crit|p2a: Glimmora
|-damage|p2a: Glimmora|0 fnt
|-activate|p2a: Glimmora|ability: Toxic Debris
|-sidestart|p1: Yukinoshitafan1234|move: Toxic Spikes
|faint|p2a: Glimmora
|
|-damage|p1a: Araquanid|0 fnt|[from] psn
|faint|p1a: Araquanid
|upkeep
|
|t:|1779657838
|switch|p2a: In-the-back|Tornadus-Therian, M|100/100
|switch|p1a: Corviknight|Corviknight, M|100/100
|turn|7
|
|t:|1779657845
|move|p2a: In-the-back|Heat Wave|p1a: Corviknight
|-supereffective|p1a: Corviknight
|-damage|p1a: Corviknight|35/100
|-damage|p2a: In-the-back|90/100|[from] item: Life Orb
|move|p1a: Corviknight|Defog|p2a: In-the-back
|-unboost|p2a: In-the-back|evasion|1
|-sideend|p1: Yukinoshitafan1234|Toxic Spikes|[from] move: Defog|[of] p1a: Corviknight
|-sideend|p1: Yukinoshitafan1234|Stealth Rock|[from] move: Defog|[of] p1a: Corviknight
|
|upkeep
|turn|8
|
|t:|1779657857
|switch|p1a: Garchomp|Garchomp, M, shiny|100/100
|move|p2a: In-the-back|Heat Wave|p1a: Garchomp
|-resisted|p1a: Garchomp
|-damage|p1a: Garchomp|76/100
|-damage|p2a: In-the-back|80/100|[from] item: Life Orb
|
|upkeep
|turn|9
|
|t:|1779657888
|move|p2a: In-the-back|Bleakwind Storm|p1a: Garchomp
|-damage|p1a: Garchomp|8/100
|-damage|p2a: In-the-back|70/100|[from] item: Life Orb
|move|p1a: Garchomp|Swords Dance|p1a: Garchomp
|-boost|p1a: Garchomp|atk|2
|
|upkeep
|turn|10
|
|t:|1779657896
|move|p2a: In-the-back|Dark Pulse|p1a: Garchomp
|-damage|p1a: Garchomp|0 fnt
|faint|p1a: Garchomp
|-damage|p2a: In-the-back|60/100|[from] item: Life Orb
|
|upkeep
|
|t:|1779657906
|switch|p1a: Corviknight|Corviknight, M|100/100
|turn|11
|
|t:|1779657915
|switch|p2a: Guzzler|Cramorant, F, shiny|100/100
|move|p1a: Corviknight|Hyper Voice|p2a: Guzzler
|-damage|p2a: Guzzler|48/100
|
|-heal|p2a: Guzzler|54/100|[from] item: Leftovers
|upkeep
|turn|12
|
|t:|1779657925
|move|p1a: Corviknight|Nasty Plot|p1a: Corviknight
|-boost|p1a: Corviknight|spa|2
|move|p2a: Guzzler|Surf|p1a: Corviknight
|-formechange|p2a: Guzzler|Cramorant-Gulping|
|-damage|p1a: Corviknight|50/100
|replace|p1a: Zoroark|Zoroark-Hisui, M
|-end|p1a: Zoroark|Illusion
|
|-heal|p2a: Guzzler|60/100|[from] item: Leftovers
|upkeep
|turn|13
|
|t:|1779657936
|-terastallize|p2a: Guzzler|Steel
|move|p1a: Zoroark|Shadow Ball|p2a: Guzzler
|-damage|p2a: Guzzler|0 fnt
|-damage|p1a: Zoroark|25/100|[from] ability: Gulp Missile|[of] p2a: Guzzler
|-unboost|p1a: Zoroark|def|1
|-formechange|p2a: Guzzler|Cramorant|
|faint|p2a: Guzzler
|
|upkeep
|
|t:|1779657947
|switch|p2a: Yoruichi|Tsareena, F|100/100
|turn|14
|
|t:|1779657956
|move|p2a: Yoruichi|Trop Kick|p1a: Zoroark
|-damage|p1a: Zoroark|0 fnt
|faint|p1a: Zoroark
|
|upkeep
|
|t:|1779657960
|switch|p1a: Yanmega|Yanmega, M|100/100
|turn|15
|
|t:|1779657968
|move|p1a: Yanmega|Protect|p1a: Yanmega
|-singleturn|p1a: Yanmega|Protect
|move|p2a: Yoruichi|Trop Kick|p1a: Yanmega
|-activate|p1a: Yanmega|move: Protect
|
|-ability|p1a: Yanmega|Speed Boost|boost
|-boost|p1a: Yanmega|spe|1
|upkeep
|turn|16
|
|t:|1779657976
|move|p2a: Yoruichi|Trop Kick|p1a: Yanmega
|-resisted|p1a: Yanmega
|-damage|p1a: Yanmega|92/100
|-unboost|p1a: Yanmega|atk|1
|move|p1a: Yanmega|Air Slash|p2a: Yoruichi
|-supereffective|p2a: Yoruichi
|-damage|p2a: Yoruichi|5/100
|
|-ability|p1a: Yanmega|Speed Boost|boost
|-boost|p1a: Yanmega|spe|1
|upkeep
|turn|17
|
|t:|1779657987
|move|p1a: Yanmega|Air Slash|p2a: Yoruichi
|-supereffective|p2a: Yoruichi
|-damage|p2a: Yoruichi|0 fnt
|faint|p2a: Yoruichi
|
|-ability|p1a: Yanmega|Speed Boost|boost
|-boost|p1a: Yanmega|spe|1
|upkeep
|
|t:|1779657994
|switch|p2a: In-the-back|Tornadus-Therian, M|94/100
|turn|18
|
|t:|1779658000
|-terastallize|p1a: Yanmega|Dragon
|move|p1a: Yanmega|Air Slash|p2a: In-the-back
|-damage|p2a: In-the-back|49/100
|move|p2a: In-the-back|Bleakwind Storm|p1a: Yanmega
|-damage|p1a: Yanmega|0 fnt
|faint|p1a: Yanmega
|-damage|p2a: In-the-back|39/100|[from] item: Life Orb
|
|upkeep
|
|t:|1779658010
|switch|p1a: Krookodile|Krookodile, M|100/100
|-ability|p1a: Krookodile|Intimidate|boost
|-unboost|p2a: In-the-back|atk|1
|turn|19
|
|t:|1779658021
|move|p2a: In-the-back|Bleakwind Storm|p1a: Krookodile
|-damage|p1a: Krookodile|16/100
|-unboost|p1a: Krookodile|spe|1
|-damage|p2a: In-the-back|29/100|[from] item: Life Orb
|move|p1a: Krookodile|Foul Play|p2a: In-the-back
|-damage|p2a: In-the-back|6/100
|
|-heal|p1a: Krookodile|22/100|[from] item: Leftovers
|upkeep
|turn|20
|-message|Yukinoshitafan1234 forfeited.
|
|win|SparkyBoomBoomBoiY
|raw|Yukinoshitafan1234's rating: 1106 &rarr; <strong>1078</strong><br />(-28 for losing)
|raw|SparkyBoomBoomBoiY's rating: 1065 &rarr; <strong>1099</strong><br />(+34 for winning)
|l|☆Yukinoshitafan1234
|player|p1|
|c|☆SparkyBoomBoomBoiY|Intimidate into foul play????
|c|☆SparkyBoomBoomBoiY|What a genius
