|j|☆lol man1111
|j|☆iwowoooowo2o
|t:|1779603580
|gametype|singles
|player|p1|lol man1111|gentleman-gen4|1198
|player|p2|iwowoooowo2o|265|1247
|gen|9
|tier|[Gen 9] OU
|rated|
|rule|HP Percentage Mod: HP is shown in percentages
|rule|Endless Battle Clause: Forcing endless battles is banned
|rule|Species Clause: Limit one of each Pokémon
|rule|OHKO Clause: OHKO moves are banned
|rule|Evasion Items Clause: Evasion items are banned
|rule|Evasion Moves Clause: Evasion moves are banned
|rule|Evasion Abilities Clause: Evasion abilities are banned
|rule|Sleep Moves Clause: Sleep-inducing moves are banned
|clearpoke
|poke|p1|Blaziken, M|
|poke|p1|Primarina, M|
|poke|p1|Garganacl, F|
|poke|p1|Excadrill, M|
|poke|p1|Ogerpon-Wellspring, F|
|poke|p1|Gholdengo|
|poke|p2|Tornadus-Therian, M|
|poke|p2|Alomomola, M|
|poke|p2|Great Tusk|
|poke|p2|Meowscarada, F|
|poke|p2|Kyurem|
|poke|p2|Gliscor, M|
|teampreview
|inactive|Battle timer is ON: inactive players will automatically lose when time's up. (requested by iwowoooowo2o)
|
|t:|1779603598
|teamsize|p1|6
|teamsize|p2|6
|start
|switch|p1a: Gholdengo|Gholdengo|100/100
|switch|p2a: Meowscarada|Meowscarada, F|100/100
|turn|1
|
|t:|1779603603
|move|p1a: Gholdengo|Dazzling Gleam|p2a: Meowscarada
|-supereffective|p2a: Meowscarada
|-damage|p2a: Meowscarada|4/100
|move|p2a: Meowscarada|U-turn|p1a: Gholdengo
|-start|p2a: Meowscarada|typechange|Bug|[from] ability: Protean
|-resisted|p1a: Gholdengo
|-damage|p1a: Gholdengo|86/100
|
|t:|1779603612
|switch|p2a: Tornadus|Tornadus-Therian, M|100/100|[from] U-turn
|
|upkeep
|turn|2
|
|t:|1779603620
|switch|p1a: Primarina|Primarina, M, shiny|100/100
|move|p2a: Tornadus|Knock Off|p1a: Primarina
|-resisted|p1a: Primarina
|-damage|p1a: Primarina|84/100
|-enditem|p1a: Primarina|Leftovers|[from] move: Knock Off|[of] p2a: Tornadus
|
|upkeep
|turn|3
|
|t:|1779603626
|switch|p2a: Alomomola|Alomomola, M|100/100
|move|p1a: Primarina|Calm Mind|p1a: Primarina
|-boost|p1a: Primarina|spa|1
|-boost|p1a: Primarina|spd|1
|
|upkeep
|turn|4
|
|t:|1779603631
|move|p1a: Primarina|Calm Mind|p1a: Primarina
|-boost|p1a: Primarina|spa|1
|-boost|p1a: Primarina|spd|1
|move|p2a: Alomomola|Flip Turn|p1a: Primarina
|-resisted|p1a: Primarina
|-crit|p1a: Primarina
|-damage|p1a: Primarina|75/100
|
|t:|1779603638
|switch|p2a: Meowscarada|Meowscarada, F|4/100|[from] Flip Turn
|
|upkeep
|turn|5
|
|t:|1779603647
|switch|p1a: Gholdengo|Gholdengo|86/100
|move|p2a: Meowscarada|Flower Trick|p1a: Gholdengo
|-start|p2a: Meowscarada|typechange|Grass|[from] ability: Protean
|-resisted|p1a: Gholdengo
|-crit|p1a: Gholdengo
|-damage|p1a: Gholdengo|43/100
|
|upkeep
|turn|6
|
|t:|1779603660
|switch|p2a: Alomomola|Alomomola, M|100/100
|move|p1a: Gholdengo|Dazzling Gleam|p2a: Alomomola
|-damage|p2a: Alomomola|87/100
|
|upkeep
|turn|7
|
|t:|1779603669
|switch|p2a: Kyurem|Kyurem|100/100
|-ability|p2a: Kyurem|Pressure
|move|p1a: Gholdengo|Dazzling Gleam|p2a: Kyurem
|-supereffective|p2a: Kyurem
|-damage|p2a: Kyurem|48/100
|
|upkeep
|turn|8
|
|t:|1779603677
|switch|p2a: Alomomola|Alomomola, M|100/100
|move|p1a: Gholdengo|Dazzling Gleam|p2a: Alomomola
|-damage|p2a: Alomomola|86/100
|
|upkeep
|turn|9
|
|t:|1779603682
|switch|p1a: Ogerpon|Ogerpon-Wellspring, F|100/100
|move|p2a: Alomomola|Flip Turn|p1a: Ogerpon
|-immune|p1a: Ogerpon|[from] ability: Water Absorb
|
|upkeep
|turn|10
|
|t:|1779603688
|move|p1a: Ogerpon|Knock Off|p2a: Alomomola
|-damage|p2a: Alomomola|55/100
|-enditem|p2a: Alomomola|Assault Vest|[from] move: Knock Off|[of] p1a: Ogerpon
|move|p2a: Alomomola|Play Rough|p1a: Ogerpon
|-damage|p1a: Ogerpon|79/100
|
|upkeep
|turn|11
|
|t:|1779603691
|switch|p2a: Tornadus|Tornadus-Therian, M|100/100
|move|p1a: Ogerpon|Swords Dance|p1a: Ogerpon
|-boost|p1a: Ogerpon|atk|2
|
|upkeep
|turn|12
|c|☆lol man1111|hurricane
|c|☆lol man1111|if you miss
|c|☆lol man1111|please
|
|t:|1779603706
|move|p2a: Tornadus|U-turn|p1a: Ogerpon
|-supereffective|p1a: Ogerpon
|-damage|p1a: Ogerpon|5/100
|c|☆lol man1111|nvm
|c|☆lol man1111|we ball
|
|t:|1779603717
|switch|p2a: Gliscor|Gliscor, M|100/100|[from] U-turn
|move|p1a: Ogerpon|Ivy Cudgel|p2a: Gliscor|[anim] Ivy Cudgel Water
|-supereffective|p2a: Gliscor
|-damage|p2a: Gliscor|0 fnt
|faint|p2a: Gliscor
|
|upkeep
|c|☆lol man1111|rip kyruem
|c|☆lol man1111|son
|c|☆lol man1111|why u do that
|
|t:|1779603726
|switch|p2a: Tornadus|Tornadus-Therian, M|100/100
|turn|13
|
|t:|1779603733
|switch|p1a: Gholdengo|Gholdengo|43/100
|move|p2a: Tornadus|U-turn|p1a: Gholdengo
|-resisted|p1a: Gholdengo
|-damage|p1a: Gholdengo|34/100
|
|t:|1779603738
|switch|p2a: Alomomola|Alomomola, M|89/100|[from] U-turn
|
|upkeep
|turn|14
|
|t:|1779603742
|move|p1a: Gholdengo|Trick|p2a: Alomomola
|-activate|p1a: Gholdengo|move: Trick|[of] p2a: Alomomola
|-item|p2a: Alomomola|Choice Scarf|[from] move: Trick
|-enditem|p1a: Gholdengo|Choice Scarf|[silent]|[from] move: Trick
|move|p2a: Alomomola|Play Rough|p1a: Gholdengo
|-resisted|p1a: Gholdengo
|-damage|p1a: Gholdengo|24/100
|
|upkeep
|turn|15
|c|☆lol man1111|haha
|
|t:|1779603751
|move|p1a: Gholdengo|Dazzling Gleam|p2a: Alomomola
|-damage|p2a: Alomomola|68/100
|move|p2a: Alomomola|Play Rough|p1a: Gholdengo
|-resisted|p1a: Gholdengo
|-damage|p1a: Gholdengo|14/100
|
|upkeep
|turn|16
|
|t:|1779603754
|move|p1a: Gholdengo|Shadow Ball|p2a: Alomomola
|-damage|p2a: Alomomola|39/100
|move|p2a: Alomomola|Play Rough|p1a: Gholdengo
|-resisted|p1a: Gholdengo
|-damage|p1a: Gholdengo|5/100
|-unboost|p1a: Gholdengo|atk|1
|
|upkeep
|turn|17
|
|t:|1779603758
|switch|p1a: Excadrill|Excadrill, M|100/100
|-ability|p1a: Excadrill|Mold Breaker
|switch|p2a: Tornadus|Tornadus-Therian, M|100/100
|
|upkeep
|turn|18
|
|t:|1779603762
|move|p2a: Tornadus|Hammer Arm|p1a: Excadrill
|-supereffective|p1a: Excadrill
|-damage|p1a: Excadrill|0 fnt
|-unboost|p2a: Tornadus|spe|1
|faint|p1a: Excadrill
|
|upkeep
|
|t:|1779603772
|switch|p1a: Ogerpon|Ogerpon-Wellspring, F|5/100
|turn|19
|
|t:|1779603778
|move|p1a: Ogerpon|Knock Off|p2a: Tornadus
|-damage|p2a: Tornadus|40/100
|-enditem|p2a: Tornadus|Choice Band|[from] move: Knock Off|[of] p1a: Ogerpon
|move|p2a: Tornadus|Hammer Arm|p1a: Ogerpon
|-damage|p1a: Ogerpon|0 fnt
|-unboost|p2a: Tornadus|spe|1
|faint|p1a: Ogerpon
|
|upkeep
|
|t:|1779603790
|switch|p1a: Blaziken|Blaziken, M|100/100
|turn|20
|
|t:|1779603800
|switch|p2a: Alomomola|Alomomola, M|72/100
|move|p1a: Blaziken|Fire Blast|p2a: Alomomola
|-resisted|p2a: Alomomola
|-damage|p2a: Alomomola|42/100
|
|-ability|p1a: Blaziken|Speed Boost|boost
|-boost|p1a: Blaziken|spe|1
|upkeep
|turn|21
|
|t:|1779603807
|switch|p1a: Primarina|Primarina, M, shiny|75/100
|move|p2a: Alomomola|Flip Turn|p1a: Primarina
|-resisted|p1a: Primarina
|-damage|p1a: Primarina|68/100
|
|t:|1779603812
|switch|p2a: Kyurem|Kyurem|48/100|[from] Flip Turn
|-ability|p2a: Kyurem|Pressure
|
|upkeep
|turn|22
|
|t:|1779603816
|move|p2a: Kyurem|Freeze-Dry|p1a: Primarina
|-supereffective|p1a: Primarina
|-damage|p1a: Primarina|0 fnt
|faint|p1a: Primarina
|
|upkeep
|
|t:|1779603821
|switch|p1a: Garganacl|Garganacl, F|100/100
|turn|23
|
|t:|1779603826
|switch|p2a: Alomomola|Alomomola, M|76/100
|move|p1a: Garganacl|Curse|p1a: Garganacl
|-unboost|p1a: Garganacl|spe|1
|-boost|p1a: Garganacl|atk|1
|-boost|p1a: Garganacl|def|1
|
|upkeep
|turn|24
|
|t:|1779603830
|move|p1a: Garganacl|Protect|p1a: Garganacl
|-singleturn|p1a: Garganacl|Protect
|move|p2a: Alomomola|Scald|p1a: Garganacl
|-activate|p1a: Garganacl|move: Protect
|
|upkeep
|turn|25
|
|t:|1779603834
|move|p2a: Alomomola|Scald|p1a: Garganacl
|-supereffective|p1a: Garganacl
|-damage|p1a: Garganacl|76/100
|move|p1a: Garganacl|Curse|p1a: Garganacl
|-unboost|p1a: Garganacl|spe|1
|-boost|p1a: Garganacl|atk|1
|-boost|p1a: Garganacl|def|1
|
|-heal|p1a: Garganacl|82/100|[from] item: Leftovers
|upkeep
|turn|26
|
|t:|1779603839
|move|p2a: Alomomola|Scald|p1a: Garganacl
|-supereffective|p1a: Garganacl
|-damage|p1a: Garganacl|59/100
|move|p1a: Garganacl|Curse|p1a: Garganacl
|-unboost|p1a: Garganacl|spe|1
|-boost|p1a: Garganacl|atk|1
|-boost|p1a: Garganacl|def|1
|
|-heal|p1a: Garganacl|65/100|[from] item: Leftovers
|upkeep
|turn|27
|
|t:|1779603849
|move|p2a: Alomomola|Scald|p1a: Garganacl
|-supereffective|p1a: Garganacl
|-damage|p1a: Garganacl|40/100
|move|p1a: Garganacl|Salt Cure|p2a: Alomomola
|-damage|p2a: Alomomola|49/100
|-start|p2a: Alomomola|Salt Cure
|
|-heal|p1a: Garganacl|46/100|[from] item: Leftovers
|-damage|p2a: Alomomola|24/100|[from] Salt Cure
|upkeep
|turn|28
|
|t:|1779603858
|move|p2a: Alomomola|Scald|p1a: Garganacl
|-supereffective|p1a: Garganacl
|-damage|p1a: Garganacl|19/100
|move|p1a: Garganacl|Recover|p1a: Garganacl
|-heal|p1a: Garganacl|69/100
|
|-heal|p1a: Garganacl|75/100|[from] item: Leftovers
|-damage|p2a: Alomomola|0 fnt|[from] Salt Cure
|faint|p2a: Alomomola
|upkeep
|
|t:|1779603872
|switch|p2a: Kyurem|Kyurem|48/100
|-ability|p2a: Kyurem|Pressure
|turn|29
|
|t:|1779603876
|move|p2a: Kyurem|Draco Meteor|p1a: Garganacl
|-damage|p1a: Garganacl|0 fnt
|-unboost|p2a: Kyurem|spa|2
|faint|p1a: Garganacl
|
|upkeep
|
|t:|1779603886
|switch|p1a: Blaziken|Blaziken, M|100/100
|turn|30
|
|t:|1779603894
|move|p2a: Kyurem|Draco Meteor|p1a: Blaziken
|-damage|p1a: Blaziken|29/100
|-unboost|p2a: Kyurem|spa|2
|move|p1a: Blaziken|Fire Blast|p2a: Kyurem
|-damage|p2a: Kyurem|0 fnt
|faint|p2a: Kyurem
|
|-ability|p1a: Blaziken|Speed Boost|boost
|-boost|p1a: Blaziken|spe|1
|upkeep
|
|t:|1779603903
|switch|p2a: Great Tusk|Great Tusk|100/100
|turn|31
|
|t:|1779603909
|-terastallize|p1a: Blaziken|Fire
|move|p1a: Blaziken|Fire Blast|p2a: Great Tusk
|-damage|p2a: Great Tusk|0 fnt
|faint|p2a: Great Tusk
|-end|p2a: Great Tusk|Protosynthesis|[silent]
|
|-ability|p1a: Blaziken|Speed Boost|boost
|-boost|p1a: Blaziken|spe|1
|upkeep
|
|t:|1779603916
|switch|p2a: Tornadus|Tornadus-Therian, M|73/100
|turn|32
|
|t:|1779603921
|switch|p2a: Meowscarada|Meowscarada, F|4/100
|move|p1a: Blaziken|Fire Blast|p2a: Meowscarada
|-supereffective|p2a: Meowscarada
|-damage|p2a: Meowscarada|0 fnt
|faint|p2a: Meowscarada
|
|-ability|p1a: Blaziken|Speed Boost|boost
|-boost|p1a: Blaziken|spe|1
|upkeep
|c|☆lol man1111|BLAZIKEN
|
|t:|1779603924
|switch|p2a: Tornadus|Tornadus-Therian, M|100/100
|turn|33
|c|☆lol man1111|GIVE ME EVERYTHING
|
|t:|1779603929
|move|p1a: Blaziken|Fire Blast|p2a: Tornadus
|-damage|p2a: Tornadus|0 fnt
|faint|p2a: Tornadus
|
|win|lol man1111
|raw|lol man1111's rating: 1198 &rarr; <strong>1227</strong><br />(+29 for winning)
|raw|iwowoooowo2o's rating: 1247 &rarr; <strong>1218</strong><br />(-29 for losing)
|c|☆lol man1111|YES
