|j|☆Aiden17
|j|☆stoopley
|t:|1779629013
|gametype|singles
|player|p1|Aiden17|mira|1058
|player|p2|stoopley|lucas|1095
|gen|9
|tier|[Gen 9] OU
|rated|
|rule|HP Percentage Mod: HP is shown in percentages
|rule|Endless Battle Clause: Forcing endless battles is banned
|rule|Species Clause: Limit one of each Pokémon
|rule|OHKO Clause: OHKO moves are banned
|rule|Evasion Items Clause: Evasion items are banned
|rule|Evasion Moves Clause: Evasion moves are banned
|rule|Evasion Abilities Clause: Evasion abilities are banned
|rule|Sleep Moves Clause: Sleep-inducing moves are banned
|clearpoke
|poke|p1|Cinderace, M|
|poke|p1|Garganacl, M|
|poke|p1|Tsareena, F|
|poke|p1|Alomomola, M|
|poke|p1|Darkrai|
|poke|p1|Tornadus-Therian, M|
|poke|p2|Dugtrio, F|
|poke|p2|Gothitelle, F|
|poke|p2|Cloyster, F|
|poke|p2|Mienshao, F|
|poke|p2|Staraptor, M|
|poke|p2|Vileplume, F|
|teampreview
|inactive|Battle timer is ON: inactive players will automatically lose when time's up. (requested by Aiden17)
|inactive|stoopley also wants the timer to be on.
|
|t:|1779629018
|teamsize|p1|6
|teamsize|p2|6
|start
|switch|p1a: Garganacl|Garganacl, M|100/100
|switch|p2a: Flower power|Vileplume, F, shiny|100/100
|turn|1
|
|t:|1779629024
|move|p2a: Flower power|Leech Seed|p1a: Garganacl
|-start|p1a: Garganacl|move: Leech Seed
|move|p1a: Garganacl|Iron Defense|p1a: Garganacl
|-boost|p1a: Garganacl|def|2
|
|-damage|p1a: Garganacl|88/100|[from] Leech Seed|[of] p2a: Flower power
|upkeep
|turn|2
|
|t:|1779629032
|move|p2a: Flower power|Giga Drain|p1a: Garganacl
|-supereffective|p1a: Garganacl
|-damage|p1a: Garganacl|50/100
|move|p1a: Garganacl|Salt Cure|p2a: Flower power
|-damage|p2a: Flower power|88/100
|-start|p2a: Flower power|Salt Cure
|
|-heal|p2a: Flower power|94/100|[from] item: Black Sludge
|-heal|p1a: Garganacl|56/100|[from] item: Leftovers
|-damage|p1a: Garganacl|43/100|[from] Leech Seed|[of] p2a: Flower power
|-heal|p2a: Flower power|100/100|[silent]
|-damage|p2a: Flower power|88/100|[from] Salt Cure
|upkeep
|turn|3
|
|t:|1779629037
|-terastallize|p1a: Garganacl|Fairy
|move|p2a: Flower power|Giga Drain|p1a: Garganacl
|-damage|p1a: Garganacl|26/100
|-heal|p2a: Flower power|98/100|[from] drain|[of] p1a: Garganacl
|move|p1a: Garganacl|Recover|p1a: Garganacl
|-heal|p1a: Garganacl|76/100
|
|-heal|p2a: Flower power|100/100|[from] item: Black Sludge
|-heal|p1a: Garganacl|82/100|[from] item: Leftovers
|-damage|p1a: Garganacl|70/100|[from] Leech Seed|[of] p2a: Flower power
|-damage|p2a: Flower power|88/100|[from] Salt Cure
|upkeep
|turn|4
|
|t:|1779629044
|switch|p1a: Cinderace|Cinderace, M|100/100
|move|p2a: Flower power|Sludge Bomb|p1a: Cinderace
|-damage|p1a: Cinderace|49/100
|
|-heal|p2a: Flower power|94/100|[from] item: Black Sludge
|-damage|p2a: Flower power|82/100|[from] Salt Cure
|upkeep
|turn|5
|
|t:|1779629055
|switch|p2a: Bob|Dugtrio, F, shiny|100/100
|move|p1a: Cinderace|Pyro Ball|p2a: Bob
|-damage|p2a: Bob|0 fnt
|faint|p2a: Bob
|
|upkeep
|
|t:|1779629062
|switch|p2a: Bird up|Staraptor, M, shiny|100/100
|turn|6
|
|t:|1779629067
|switch|p1a: Tornadus|Tornadus-Therian, M|100/100
|move|p2a: Bird up|Brave Bird|p1a: Tornadus
|-damage|p1a: Tornadus|22/100
|-damage|p2a: Bird up|84/100|[from] item: Rocky Helmet|[of] p1a: Tornadus
|-damage|p2a: Bird up|54/100|[from] Recoil
|
|upkeep
|turn|7
|
|t:|1779629076
|move|p2a: Bird up|Brave Bird|p1a: Tornadus
|-damage|p1a: Tornadus|0 fnt
|-damage|p2a: Bird up|38/100|[from] item: Rocky Helmet|[of] p1a: Tornadus
|faint|p1a: Tornadus
|-damage|p2a: Bird up|29/100|[from] Recoil
|
|upkeep
|
|t:|1779629079
|switch|p1a: Cinderace|Cinderace, M|49/100
|turn|8
|
|t:|1779629084
|move|p1a: Cinderace|Sucker Punch|p2a: Bird up
|-start|p1a: Cinderace|typechange|Dark|[from] ability: Libero
|-damage|p2a: Bird up|0 fnt
|faint|p2a: Bird up
|
|upkeep
|
|t:|1779629089
|switch|p2a: The Cloy|Cloyster, F, shiny|100/100
|turn|9
|
|t:|1779629095
|move|p1a: Cinderace|U-turn|p2a: The Cloy
|-damage|p2a: The Cloy|81/100
|
|t:|1779629100
|switch|p1a: Garganacl|Garganacl, M, tera:Fairy|70/100|[from] U-turn
|move|p2a: The Cloy|Shell Smash|p2a: The Cloy
|-unboost|p2a: The Cloy|def|1
|-unboost|p2a: The Cloy|spd|1
|-boost|p2a: The Cloy|atk|2
|-boost|p2a: The Cloy|spa|2
|-boost|p2a: The Cloy|spe|2
|
|-heal|p1a: Garganacl|76/100|[from] item: Leftovers
|upkeep
|turn|10
|
|t:|1779629106
|move|p2a: The Cloy|Icicle Spear|p1a: Garganacl
|-damage|p1a: Garganacl|62/100
|-damage|p1a: Garganacl|47/100
|-crit|p1a: Garganacl
|-damage|p1a: Garganacl|22/100
|-damage|p1a: Garganacl|7/100
|-damage|p1a: Garganacl|0 fnt
|faint|p1a: Garganacl
|-hitcount|p1: Garganacl|5
|
|upkeep
|
|t:|1779629110
|switch|p1a: Cinderace|Cinderace, M|49/100
|turn|11
|
|t:|1779629120
|move|p1a: Cinderace|Sucker Punch|p2a: The Cloy
|-start|p1a: Cinderace|typechange|Dark|[from] ability: Libero
|-damage|p2a: The Cloy|37/100
|move|p2a: The Cloy|Waterfall|p1a: Cinderace
|-damage|p1a: Cinderace|0 fnt
|faint|p1a: Cinderace
|
|upkeep
|
|t:|1779629125
|switch|p1a: Tsareena|Tsareena, F, shiny|100/100
|turn|12
|
|t:|1779629129
|move|p2a: The Cloy|Icicle Spear|p1a: Tsareena
|-supereffective|p1a: Tsareena
|-damage|p1a: Tsareena|46/100
|-supereffective|p1a: Tsareena
|-damage|p1a: Tsareena|0 fnt
|faint|p1a: Tsareena
|-hitcount|p1: Tsareena|2
|
|upkeep
|
|t:|1779629131
|switch|p1a: Darkrai|Darkrai|100/100
|turn|13
|
|t:|1779629138
|move|p2a: The Cloy|Icicle Spear|p1a: Darkrai
|-crit|p1a: Darkrai
|-damage|p1a: Darkrai|59/100
|-damage|p1a: Darkrai|27/100
|-damage|p1a: Darkrai|0 fnt
|faint|p1a: Darkrai
|-hitcount|p1: Darkrai|3
|
|upkeep
|-message|Aiden17 forfeited.
|
|win|stoopley
|raw|Aiden17's rating: 1058 &rarr; <strong>1041</strong><br />(-17 for losing)
|raw|stoopley's rating: 1095 &rarr; <strong>1118</strong><br />(+23 for winning)
|l|☆Aiden17
|player|p1|
|l|☆stoopley
|player|p2|
