|j|☆alt1 lord greed
|j|☆yakuman
|t:|1779588907
|gametype|singles
|player|p1|alt1 lord greed|169|1445
|player|p2|yakuman|102|1511
|gen|9
|tier|[Gen 9] OU
|rated|
|rule|HP Percentage Mod: HP is shown in percentages
|rule|Endless Battle Clause: Forcing endless battles is banned
|rule|Species Clause: Limit one of each Pokémon
|rule|OHKO Clause: OHKO moves are banned
|rule|Evasion Items Clause: Evasion items are banned
|rule|Evasion Moves Clause: Evasion moves are banned
|rule|Evasion Abilities Clause: Evasion abilities are banned
|rule|Sleep Moves Clause: Sleep-inducing moves are banned
|clearpoke
|poke|p1|Glastrier|
|poke|p1|Slowking-Galar, M|
|poke|p1|Heatran, M|
|poke|p1|Tornadus-Therian, M|
|poke|p1|Hydrapple, M|
|poke|p1|Great Tusk|
|poke|p2|Deoxys-Speed|
|poke|p2|Kingambit, M|
|poke|p2|Samurott-Hisui, M|
|poke|p2|Great Tusk|
|poke|p2|Tornadus-Therian, M|
|poke|p2|Dragonite, M|
|teampreview
|inactive|Battle timer is ON: inactive players will automatically lose when time's up. (requested by yakuman)
|inactive|alt1 lord greed also wants the timer to be on.
|
|t:|1779588921
|teamsize|p1|6
|teamsize|p2|6
|start
|switch|p1a: Tornadus|Tornadus-Therian, M|100/100
|switch|p2a: Samurott|Samurott-Hisui, M|100/100
|turn|1
|
|t:|1779588925
|move|p1a: Tornadus|Bleakwind Storm|p2a: Samurott
|-damage|p2a: Samurott|49/100
|move|p2a: Samurott|Ceaseless Edge|p1a: Tornadus
|-damage|p1a: Tornadus|50/100
|-sidestart|p1: alt1 lord greed|Spikes
|
|upkeep
|turn|2
|
|t:|1779588939
|move|p1a: Tornadus|Bleakwind Storm|p2a: Samurott
|-damage|p2a: Samurott|0 fnt
|faint|p2a: Samurott
|
|upkeep
|
|t:|1779588949
|switch|p2a: Dragonite|Dragonite, M|100/100
|turn|3
|
|t:|1779588952
|move|p1a: Tornadus|Taunt|p2a: Dragonite
|-start|p2a: Dragonite|move: Taunt
|cant|p2a: Dragonite|move: Taunt|Dragon Dance
|
|upkeep
|turn|4
|
|t:|1779588957
|switch|p1a: Great Tusk|Great Tusk|100/100
|move|p2a: Dragonite|Ice Spinner|p1a: Great Tusk
|-supereffective|p1a: Great Tusk
|-damage|p1a: Great Tusk|51/100
|
|upkeep
|turn|5
|
|t:|1779588966
|move|p1a: Great Tusk|Rapid Spin|p2a: Dragonite
|-damage|p2a: Dragonite|91/100
|-boost|p1a: Great Tusk|spe|1
|-sideend|p1: alt1 lord greed|Spikes|[from] move: Rapid Spin|[of] p1a: Great Tusk
|move|p2a: Dragonite|Ice Spinner|p1a: Great Tusk
|-supereffective|p1a: Great Tusk
|-damage|p1a: Great Tusk|3/100
|
|-end|p2a: Dragonite|move: Taunt
|upkeep
|turn|6
|
|t:|1779588970
|-end|p1a: Great Tusk|Protosynthesis|[silent]
|switch|p1a: Glastrier|Glastrier|100/100
|move|p2a: Dragonite|Dragon Dance|p2a: Dragonite
|-boost|p2a: Dragonite|atk|1
|-boost|p2a: Dragonite|spe|1
|
|upkeep
|turn|7
|
|t:|1779588975
|-terastallize|p2a: Dragonite|Normal
|move|p2a: Dragonite|Extreme Speed|p1a: Glastrier
|-damage|p1a: Glastrier|51/100
|move|p1a: Glastrier|Icicle Crash|p2a: Dragonite|[miss]
|-miss|p1a: Glastrier|p2a: Dragonite
|
|upkeep
|turn|8
|
|t:|1779588979
|move|p2a: Dragonite|Extreme Speed|p1a: Glastrier
|-damage|p1a: Glastrier|0 fnt
|faint|p1a: Glastrier
|
|upkeep
|
|t:|1779588983
|switch|p1a: Hydrapple|Hydrapple, M, shiny|100/100
|turn|9
|
|t:|1779588990
|-terastallize|p1a: Hydrapple|Dark
|move|p2a: Dragonite|Ice Spinner|p1a: Hydrapple
|-damage|p1a: Hydrapple|65/100
|move|p1a: Hydrapple|Leaf Storm|p2a: Dragonite
|-damage|p2a: Dragonite|0 fnt
|-unboost|p1a: Hydrapple|spa|2
|faint|p2a: Dragonite
|
|upkeep
|
|t:|1779588999
|switch|p2a: Deoxys|Deoxys-Speed|100/100
|-ability|p2a: Deoxys|Pressure
|turn|10
|
|t:|1779589006
|switch|p1a: Slowking|Slowking-Galar, M|100/100
|move|p2a: Deoxys|Nasty Plot|p2a: Deoxys
|-boost|p2a: Deoxys|spa|2
|
|upkeep
|turn|11
|
|t:|1779589008
|move|p2a: Deoxys|Shadow Ball|p1a: Slowking
|-supereffective|p1a: Slowking
|-damage|p1a: Slowking|21/100
|-damage|p2a: Deoxys|91/100|[from] item: Life Orb
|move|p1a: Slowking|Sludge Bomb|p2a: Deoxys
|-damage|p2a: Deoxys|35/100
|
|upkeep
|turn|12
|
|t:|1779589013
|move|p2a: Deoxys|Shadow Ball|p1a: Slowking
|-supereffective|p1a: Slowking
|-damage|p1a: Slowking|0 fnt
|faint|p1a: Slowking
|-damage|p2a: Deoxys|25/100|[from] item: Life Orb
|
|upkeep
|
|t:|1779589016
|switch|p1a: Heatran|Heatran, M, shiny|100/100
|turn|13
|
|t:|1779589020
|move|p2a: Deoxys|Focus Blast|p1a: Heatran
|-supereffective|p1a: Heatran
|-damage|p1a: Heatran|0 fnt
|faint|p1a: Heatran
|-damage|p2a: Deoxys|15/100|[from] item: Life Orb
|
|upkeep
|
|t:|1779589022
|switch|p1a: Tornadus|Tornadus-Therian, M|83/100
|turn|14
|
|t:|1779589028
|move|p2a: Deoxys|Psycho Boost|p1a: Tornadus
|-damage|p1a: Tornadus|0 fnt
|-unboost|p2a: Deoxys|spa|2
|faint|p1a: Tornadus
|-damage|p2a: Deoxys|5/100|[from] item: Life Orb
|
|upkeep
|
|t:|1779589030
|switch|p1a: Hydrapple|Hydrapple, M, shiny, tera:Dark|98/100
|turn|15
|
|t:|1779589035
|move|p2a: Deoxys|Focus Blast|p1a: Hydrapple
|-supereffective|p1a: Hydrapple
|-damage|p1a: Hydrapple|11/100
|-damage|p2a: Deoxys|0 fnt|[from] item: Life Orb
|faint|p2a: Deoxys
|move|p1a: Hydrapple|Earth Power|p2: Deoxys|[notarget]
|-fail|p1a: Hydrapple
|
|upkeep
|
|t:|1779589040
|switch|p2a: Tornadus|Tornadus-Therian, M|100/100
|turn|16
|
|t:|1779589044
|switch|p1a: Great Tusk|Great Tusk|3/100
|move|p2a: Tornadus|U-turn|p1a: Great Tusk
|-resisted|p1a: Great Tusk
|-damage|p1a: Great Tusk|0 fnt
|faint|p1a: Great Tusk
|-end|p1a: Great Tusk|Protosynthesis|[silent]
|
|t:|1779589047
|switch|p2a: Kingambit|Kingambit, M|100/100|[from] U-turn
|-activate|p2a: Kingambit|ability: Supreme Overlord
|-start|p2a: Kingambit|fallen3|[silent]
|
|upkeep
|
|t:|1779589048
|switch|p1a: Hydrapple|Hydrapple, M, shiny, tera:Dark|44/100
|turn|17
|
|t:|1779589055
|move|p2a: Kingambit|Iron Head|p1a: Hydrapple
|-damage|p1a: Hydrapple|0 fnt
|faint|p1a: Hydrapple
|
|win|yakuman
|raw|alt1 lord greed's rating: 1445 &rarr; <strong>1429</strong><br />(-16 for losing)
|raw|yakuman's rating: 1511 &rarr; <strong>1527</strong><br />(+16 for winning)
|l|☆yakuman
|player|p2|
|l|☆alt1 lord greed
|player|p1|
