|j|☆parkiay
|j|☆kilowatrel
|t:|1779641780
|gametype|singles
|player|p1|parkiay|juan|1536
|player|p2|kilowatrel|leon|1551
|gen|9
|tier|[Gen 9] OU
|rated|
|rule|HP Percentage Mod: HP is shown in percentages
|rule|Endless Battle Clause: Forcing endless battles is banned
|rule|Species Clause: Limit one of each Pokémon
|rule|OHKO Clause: OHKO moves are banned
|rule|Evasion Items Clause: Evasion items are banned
|rule|Evasion Moves Clause: Evasion moves are banned
|rule|Evasion Abilities Clause: Evasion abilities are banned
|rule|Sleep Moves Clause: Sleep-inducing moves are banned
|clearpoke
|poke|p1|Cinderace, F|
|poke|p1|Rotom-Wash|
|poke|p1|Darkrai|
|poke|p1|Ogerpon-Cornerstone, F|
|poke|p1|Iron Moth|
|poke|p1|Raging Bolt|
|poke|p2|Samurott-Hisui, M|
|poke|p2|Kommo-o, F|
|poke|p2|Slowking-Galar, M|
|poke|p2|Corviknight, F|
|poke|p2|Landorus-Therian, M|
|poke|p2|Meowscarada, F|
|teampreview
|inactive|Battle timer is ON: inactive players will automatically lose when time's up. (requested by kilowatrel)
|inactive|parkiay also wants the timer to be on.
|c|☆parkiay|gg
|c|☆parkiay|wp
|
|t:|1779641802
|teamsize|p1|6
|teamsize|p2|6
|start
|switch|p1a: Rotom|Rotom-Wash|100/100
|switch|p2a: delta|Meowscarada, F|100/100
|turn|1
|
|t:|1779641829
|move|p2a: delta|U-turn|p1a: Rotom
|-start|p2a: delta|typechange|Bug|[from] ability: Protean
|-damage|p1a: Rotom|75/100
|
|t:|1779641833
|switch|p2a: Slowking|Slowking-Galar, M|100/100|[from] U-turn
|move|p1a: Rotom|Will-O-Wisp|p2a: Slowking|[miss]
|-miss|p1a: Rotom|p2a: Slowking
|
|-heal|p1a: Rotom|82/100|[from] item: Leftovers
|upkeep
|turn|2
|
|t:|1779641846
|move|p1a: Rotom|Discharge|p2a: Slowking
|-damage|p2a: Slowking|82/100
|move|p2a: Slowking|Sludge Bomb|p1a: Rotom
|-damage|p1a: Rotom|49/100
|
|-heal|p1a: Rotom|55/100|[from] item: Leftovers
|upkeep
|turn|3
|
|t:|1779641851
|move|p1a: Rotom|Pain Split|p2a: Slowking
|-sethp|p2a: Slowking|62/100|[from] move: Pain Split|[silent]
|-sethp|p1a: Rotom|80/100|[from] move: Pain Split
|move|p2a: Slowking|Sludge Bomb|p1a: Rotom
|-damage|p1a: Rotom|47/100
|
|-heal|p1a: Rotom|53/100|[from] item: Leftovers
|upkeep
|turn|4
|
|t:|1779641861
|move|p1a: Rotom|Discharge|p2a: Slowking
|-damage|p2a: Slowking|45/100
|move|p2a: Slowking|Sludge Bomb|p1a: Rotom
|-damage|p1a: Rotom|17/100
|
|-heal|p1a: Rotom|24/100|[from] item: Leftovers
|upkeep
|turn|5
|
|t:|1779641870
|move|p1a: Rotom|Pain Split|p2a: Slowking
|-sethp|p2a: Slowking|32/100|[from] move: Pain Split|[silent]
|-sethp|p1a: Rotom|41/100|[from] move: Pain Split
|-prepare|p2a: Slowking|Chilly Reception|[premajor]
|move|p2a: Slowking|Chilly Reception|p2a: Slowking
|-weather|Snowscape
|
|t:|1779641878
|switch|p2a: delta|Meowscarada, F|100/100|[from] Chilly Reception
|
|-weather|Snowscape|[upkeep]
|-heal|p1a: Rotom|47/100|[from] item: Leftovers
|upkeep
|turn|6
|
|t:|1779641882
|switch|p1a: Cinderace|Cinderace, F|100/100
|move|p2a: delta|Flower Trick|p1a: Cinderace
|-start|p2a: delta|typechange|Grass|[from] ability: Protean
|-resisted|p1a: Cinderace
|-crit|p1a: Cinderace
|-damage|p1a: Cinderace|66/100
|
|-weather|Snowscape|[upkeep]
|upkeep
|turn|7
|
|t:|1779641888
|switch|p2a: Landorus|Landorus-Therian, M|100/100
|-ability|p2a: Landorus|Intimidate|boost
|-unboost|p1a: Cinderace|atk|1
|move|p1a: Cinderace|Pyro Ball|p2a: Landorus
|-damage|p2a: Landorus|53/100
|
|-weather|Snowscape|[upkeep]
|upkeep
|turn|8
|
|t:|1779641902
|move|p1a: Cinderace|Pyro Ball|p2a: Landorus
|-damage|p2a: Landorus|5/100
|move|p2a: Landorus|Earthquake|p1a: Cinderace
|-supereffective|p1a: Cinderace
|-damage|p1a: Cinderace|0 fnt
|faint|p1a: Cinderace
|
|-weather|Snowscape|[upkeep]
|upkeep
|
|t:|1779641907
|switch|p1a: Iron Moth|Iron Moth|100/100
|-enditem|p1a: Iron Moth|Booster Energy
|-activate|p1a: Iron Moth|ability: Quark Drive|[fromitem]
|-start|p1a: Iron Moth|quarkdrivespe
|turn|9
|
|t:|1779641922
|switch|p2a: Slowking|Slowking-Galar, M|65/100
|move|p1a: Iron Moth|Fiery Dance|p2a: Slowking
|-damage|p2a: Slowking|40/100
|
|-weather|none
|upkeep
|turn|10
|
|t:|1779641932
|move|p1a: Iron Moth|Fiery Dance|p2a: Slowking
|-crit|p2a: Slowking
|-damage|p2a: Slowking|7/100
|-boost|p1a: Iron Moth|spa|1
|move|p2a: Slowking|Thunder Wave|p1a: Iron Moth
|-status|p1a: Iron Moth|par
|
|upkeep
|turn|11
|
|t:|1779641942
|move|p1a: Iron Moth|Substitute|p1a: Iron Moth
|-start|p1a: Iron Moth|Substitute
|-damage|p1a: Iron Moth|76/100 par
|-prepare|p2a: Slowking|Chilly Reception|[premajor]
|move|p2a: Slowking|Chilly Reception|p2a: Slowking
|-weather|Snowscape
|
|t:|1779641951
|switch|p2a: Landorus|Landorus-Therian, M|5/100|[from] Chilly Reception
|-ability|p2a: Landorus|Intimidate|boost
|-immune|p1a: Iron Moth
|
|-weather|Snowscape|[upkeep]
|upkeep
|turn|12
|
|t:|1779641958
|move|p2a: Landorus|Earthquake|p1a: Iron Moth
|-supereffective|p1a: Iron Moth
|-end|p1a: Iron Moth|Substitute
|cant|p1a: Iron Moth|par
|
|-weather|Snowscape|[upkeep]
|upkeep
|turn|13
|c|☆parkiay|ha
|
|t:|1779641968
|move|p2a: Landorus|Stone Edge|p1a: Iron Moth
|-supereffective|p1a: Iron Moth
|-damage|p1a: Iron Moth|0 fnt
|faint|p1a: Iron Moth
|-end|p1a: Iron Moth|Quark Drive|[silent]
|
|-weather|Snowscape|[upkeep]
|upkeep
|
|t:|1779641975
|switch|p1a: Rotom|Rotom-Wash|47/100
|turn|14
|
|t:|1779641980
|move|p2a: Landorus|U-turn|p1a: Rotom
|-damage|p1a: Rotom|25/100
|
|t:|1779641984
|switch|p2a: Slowking|Slowking-Galar, M|40/100|[from] U-turn
|move|p1a: Rotom|Pain Split|p2a: Slowking
|-sethp|p2a: Slowking|30/100|[from] move: Pain Split|[silent]
|-sethp|p1a: Rotom|39/100|[from] move: Pain Split
|
|-weather|Snowscape|[upkeep]
|-heal|p1a: Rotom|45/100|[from] item: Leftovers
|upkeep
|turn|15
|
|t:|1779641989
|move|p1a: Rotom|Discharge|p2a: Slowking
|-damage|p2a: Slowking|11/100
|-status|p2a: Slowking|par
|-prepare|p2a: Slowking|Chilly Reception|[premajor]
|cant|p2a: Slowking|par
|
|-weather|none
|-heal|p1a: Rotom|51/100|[from] item: Leftovers
|upkeep
|turn|16
|
|t:|1779641997
|move|p1a: Rotom|Discharge|p2a: Slowking
|-damage|p2a: Slowking|0 fnt
|faint|p2a: Slowking
|
|-heal|p1a: Rotom|57/100|[from] item: Leftovers
|upkeep
|
|t:|1779642006
|switch|p2a: delta|Meowscarada, F|100/100
|turn|17
|
|t:|1779642015
|move|p2a: delta|Triple Axel|p1a: Rotom
|-start|p2a: delta|typechange|Ice|[from] ability: Protean
|-resisted|p1a: Rotom
|-damage|p1a: Rotom|53/100
|-resisted|p1a: Rotom
|-damage|p1a: Rotom|46/100
|-resisted|p1a: Rotom
|-damage|p1a: Rotom|35/100
|-hitcount|p1a: Rotom|3
|move|p1a: Rotom|Will-O-Wisp|p2a: delta
|-status|p2a: delta|brn
|
|-heal|p1a: Rotom|42/100|[from] item: Leftovers
|-damage|p2a: delta|94/100 brn|[from] brn
|upkeep
|turn|18
|
|t:|1779642027
|switch|p2a: Landorus|Landorus-Therian, M|5/100
|-ability|p2a: Landorus|Intimidate|boost
|-unboost|p1a: Rotom|atk|1
|move|p1a: Rotom|Pain Split|p2a: Landorus
|-sethp|p2a: Landorus|22/100|[from] move: Pain Split|[silent]
|-sethp|p1a: Rotom|24/100|[from] move: Pain Split
|
|-heal|p1a: Rotom|30/100|[from] item: Leftovers
|upkeep
|turn|19
|
|t:|1779642036
|move|p2a: Landorus|Stone Edge|p1a: Rotom|[miss]
|-miss|p2a: Landorus|p1a: Rotom
|move|p1a: Rotom|Discharge|p2a: Landorus
|-immune|p2a: Landorus
|
|-heal|p1a: Rotom|36/100|[from] item: Leftovers
|upkeep
|turn|20
|
|t:|1779642043
|move|p2a: Landorus|Stone Edge|p1a: Rotom
|-damage|p1a: Rotom|3/100
|move|p1a: Rotom|Hydro Pump|p2a: Landorus
|-supereffective|p2a: Landorus
|-damage|p2a: Landorus|0 fnt
|faint|p2a: Landorus
|
|-heal|p1a: Rotom|9/100|[from] item: Leftovers
|upkeep
|
|t:|1779642051
|switch|p2a: shadow|Samurott-Hisui, M|100/100
|turn|21
|
|t:|1779642056
|move|p2a: shadow|Ceaseless Edge|p1a: Rotom
|-damage|p1a: Rotom|0 fnt
|-sidestart|p1: parkiay|Spikes
|faint|p1a: Rotom
|
|upkeep
|
|t:|1779642060
|switch|p1a: Raging Bolt|Raging Bolt|100/100
|-damage|p1a: Raging Bolt|88/100|[from] Spikes
|-enditem|p1a: Raging Bolt|Booster Energy
|-activate|p1a: Raging Bolt|ability: Protosynthesis|[fromitem]
|-start|p1a: Raging Bolt|protosynthesisspa
|turn|22
|
|t:|1779642070
|move|p2a: shadow|Ceaseless Edge|p1a: Raging Bolt
|-damage|p1a: Raging Bolt|28/100
|-sidestart|p1: parkiay|Spikes
|move|p1a: Raging Bolt|Thunderbolt|p2a: shadow
|-supereffective|p2a: shadow
|-damage|p2a: shadow|0 fnt
|faint|p2a: shadow
|
|upkeep
|
|t:|1779642087
|switch|p2a: delta|Meowscarada, F|94/100 brn
|turn|23
|
|t:|1779642106
|move|p2a: delta|Triple Axel|p1a: Raging Bolt
|-start|p2a: delta|typechange|Ice|[from] ability: Protean
|-supereffective|p1a: Raging Bolt
|-damage|p1a: Raging Bolt|20/100
|-supereffective|p1a: Raging Bolt
|-damage|p1a: Raging Bolt|2/100
|-supereffective|p1a: Raging Bolt
|-damage|p1a: Raging Bolt|0 fnt
|faint|p1a: Raging Bolt
|-end|p1a: Raging Bolt|Protosynthesis|[silent]
|-hitcount|p1: Raging Bolt|3
|
|-damage|p2a: delta|88/100 brn|[from] brn
|upkeep
|
|t:|1779642118
|switch|p1a: Darkrai|Darkrai|100/100
|-damage|p1a: Darkrai|84/100|[from] Spikes
|turn|24
|
|t:|1779642122
|move|p2a: delta|Triple Axel|p1a: Darkrai
|-damage|p1a: Darkrai|78/100
|-hitcount|p1a: Darkrai|1
|move|p1a: Darkrai|Nasty Plot|p1a: Darkrai
|-boost|p1a: Darkrai|spa|2
|
|-heal|p1a: Darkrai|84/100|[from] item: Leftovers
|-damage|p2a: delta|82/100 brn|[from] brn
|upkeep
|turn|25
|
|t:|1779642129
|move|p2a: delta|Triple Axel|p1a: Darkrai
|-damage|p1a: Darkrai|77/100
|-damage|p1a: Darkrai|66/100
|-damage|p1a: Darkrai|46/100
|-hitcount|p1a: Darkrai|3
|move|p1a: Darkrai|Dark Pulse|p2a: delta
|-damage|p2a: delta|0 fnt
|faint|p2a: delta
|
|-heal|p1a: Darkrai|52/100|[from] item: Leftovers
|upkeep
|
|t:|1779642133
|switch|p2a: eagle 4|Kommo-o, F|100/100
|turn|26
|
|t:|1779642141
|move|p1a: Darkrai|Ice Beam|p2a: eagle 4
|-supereffective|p2a: eagle 4
|-damage|p2a: eagle 4|0 fnt
|faint|p2a: eagle 4
|
|-heal|p1a: Darkrai|58/100|[from] item: Leftovers
|upkeep
|c|☆parkiay|ggs
|
|t:|1779642145
|switch|p2a: Corviknight|Corviknight, F|100/100
|-ability|p2a: Corviknight|Pressure
|turn|27
|c|☆kilowatrel|gg
|
|t:|1779642150
|move|p1a: Darkrai|Dark Pulse|p2a: Corviknight
|-damage|p2a: Corviknight|13/100
|move|p2a: Corviknight|Brave Bird|p1a: Darkrai
|-damage|p1a: Darkrai|6/100
|-damage|p2a: Corviknight|1/100|[from] Recoil
|
|-heal|p1a: Darkrai|12/100|[from] item: Leftovers
|upkeep
|turn|28
|
|t:|1779642155
|move|p1a: Darkrai|Ice Beam|p2a: Corviknight
|-damage|p2a: Corviknight|0 fnt
|faint|p2a: Corviknight
|
|win|parkiay
|raw|parkiay's rating: 1536 &rarr; <strong>1557</strong><br />(+21 for winning)
|raw|kilowatrel's rating: 1551 &rarr; <strong>1530</strong><br />(-21 for losing)
|l|☆parkiay
|player|p1|
|l|☆kilowatrel
|player|p2|
