|j|☆UnchainedAbom
|j|☆kuraiyagare
|t:|1779638585
|gametype|singles
|player|p1|UnchainedAbom|2|1310
|player|p2|kuraiyagare|pokemonranger-gen4|1359
|gen|9
|tier|[Gen 9] OU
|rated|
|rule|HP Percentage Mod: HP is shown in percentages
|rule|Endless Battle Clause: Forcing endless battles is banned
|rule|Species Clause: Limit one of each Pokémon
|rule|OHKO Clause: OHKO moves are banned
|rule|Evasion Items Clause: Evasion items are banned
|rule|Evasion Moves Clause: Evasion moves are banned
|rule|Evasion Abilities Clause: Evasion abilities are banned
|rule|Sleep Moves Clause: Sleep-inducing moves are banned
|clearpoke
|poke|p1|Ting-Lu|
|poke|p1|Dragapult, M|
|poke|p1|Cinderace, M|
|poke|p1|Iron Treads|
|poke|p1|Zapdos|
|poke|p1|Zamazenta-*|
|poke|p2|Breloom, F|
|poke|p2|Gardevoir, F|
|poke|p2|Talonflame, M|
|poke|p2|Magnezone|
|poke|p2|Drifblim, M|
|poke|p2|Gallade, M|
|teampreview
|inactive|Battle timer is ON: inactive players will automatically lose when time's up. (requested by UnchainedAbom)
|
|t:|1779638611
|teamsize|p1|6
|teamsize|p2|6
|start
|switch|p1a: Dragapult|Dragapult, M|100/100
|switch|p2a: Drastenie|Breloom, F|100/100
|turn|1
|
|t:|1779638621
|move|p1a: Dragapult|U-turn|p2a: Drastenie
|-damage|p2a: Drastenie|76/100
|
|t:|1779638627
|switch|p1a: Zapdos|Zapdos|100/100|[from] U-turn
|move|p2a: Drastenie|Bulldoze|p1a: Zapdos
|-immune|p1a: Zapdos
|
|upkeep
|turn|2
|
|t:|1779638634
|move|p2a: Drastenie|Rock Tomb|p1a: Zapdos
|-supereffective|p1a: Zapdos
|-damage|p1a: Zapdos|24/100
|-unboost|p1a: Zapdos|spe|1
|move|p1a: Zapdos|Hurricane|p2a: Drastenie|[miss]
|-miss|p1a: Zapdos|p2a: Drastenie
|
|upkeep
|turn|3
|inactive|UnchainedAbom has 120 seconds left.
|
|t:|1779638671
|switch|p1a: Ting-Lu|Ting-Lu|100/100
|-ability|p1a: Ting-Lu|Vessel of Ruin
|move|p2a: Drastenie|Rock Tomb|p1a: Ting-Lu
|-resisted|p1a: Ting-Lu
|-damage|p1a: Ting-Lu|93/100
|-unboost|p1a: Ting-Lu|spe|1
|
|-heal|p1a: Ting-Lu|99/100|[from] item: Leftovers
|upkeep
|turn|4
|inactive|UnchainedAbom has 120 seconds left.
|
|t:|1779638680
|move|p2a: Drastenie|Bullet Seed|p1a: Ting-Lu
|-supereffective|p1a: Ting-Lu
|-damage|p1a: Ting-Lu|81/100
|-supereffective|p1a: Ting-Lu
|-damage|p1a: Ting-Lu|65/100
|-supereffective|p1a: Ting-Lu
|-damage|p1a: Ting-Lu|46/100
|-hitcount|p1a: Ting-Lu|3
|move|p1a: Ting-Lu|Stealth Rock|p2a: Drastenie
|-sidestart|p2: kuraiyagare|move: Stealth Rock
|
|-heal|p1a: Ting-Lu|52/100|[from] item: Leftovers
|upkeep
|turn|5
|
|t:|1779638687
|switch|p1a: Dragapult|Dragapult, M|100/100
|move|p2a: Drastenie|Bulldoze|p1a: Dragapult
|-damage|p1a: Dragapult|54/100
|
|upkeep
|turn|6
|
|t:|1779638701
|move|p1a: Dragapult|Fire Blast|p2a: Drastenie
|-supereffective|p2a: Drastenie
|-damage|p2a: Drastenie|0 fnt
|faint|p2a: Drastenie
|
|upkeep
|
|t:|1779638704
|switch|p2a: Vatra|Talonflame, M|100/100
|turn|7
|
|t:|1779638711
|move|p2a: Vatra|Brave Bird|p1a: Dragapult
|-damage|p1a: Dragapult|0 fnt
|faint|p1a: Dragapult
|-damage|p2a: Vatra|82/100|[from] Recoil
|
|upkeep
|
|t:|1779638715
|switch|p1a: Zamazenta|Zamazenta|100/100
|-ability|p1a: Zamazenta|Dauntless Shield|boost
|-boost|p1a: Zamazenta|def|1
|turn|8
|
|t:|1779638718
|move|p1a: Zamazenta|Stone Edge|p2a: Vatra
|-supereffective|p2a: Vatra
|-crit|p2a: Vatra
|-damage|p2a: Vatra|0 fnt
|faint|p2a: Vatra
|-damage|p1a: Zamazenta|91/100|[from] item: Life Orb
|
|upkeep
|
|t:|1779638723
|switch|p2a: Gallardo|Gallade, M|100/100
|-damage|p2a: Gallardo|94/100|[from] Stealth Rock
|turn|9
|
|t:|1779638730
|switch|p1a: Zapdos|Zapdos|24/100
|move|p2a: Gallardo|Bulk Up|p2a: Gallardo
|-boost|p2a: Gallardo|atk|1
|-boost|p2a: Gallardo|def|1
|
|-heal|p2a: Gallardo|100/100|[from] item: Leftovers
|upkeep
|turn|10
|
|t:|1779638734
|move|p1a: Zapdos|Roost|p1a: Zapdos
|-heal|p1a: Zapdos|74/100
|-singleturn|p1a: Zapdos|move: Roost
|move|p2a: Gallardo|Psycho Cut|p1a: Zapdos
|-damage|p1a: Zapdos|0 fnt
|faint|p1a: Zapdos
|
|upkeep
|
|t:|1779638749
|switch|p1a: Iron Treads|Iron Treads|100/100
|turn|11
|inactive|kuraiyagare has 120 seconds left.
|inactive|kuraiyagare has 90 seconds left.
|inactive|kuraiyagare has 60 seconds left.
|
|t:|1779638840
|-terastallize|p1a: Iron Treads|Ghost
|move|p1a: Iron Treads|Knock Off|p2a: Gallardo
|-damage|p2a: Gallardo|65/100
|-enditem|p2a: Gallardo|Leftovers|[from] move: Knock Off|[of] p1a: Iron Treads
|move|p2a: Gallardo|Drain Punch|p1a: Iron Treads
|-immune|p1a: Iron Treads
|
|upkeep
|turn|12
|
|t:|1779638856
|move|p1a: Iron Treads|Volt Switch|p2a: Gallardo
|-damage|p2a: Gallardo|55/100
|
|t:|1779638859
|-end|p1a: Iron Treads|Quark Drive|[silent]
|switch|p1a: Ting-Lu|Ting-Lu|52/100|[from] Volt Switch
|-ability|p1a: Ting-Lu|Vessel of Ruin
|move|p2a: Gallardo|Psycho Cut|p1a: Ting-Lu
|-immune|p1a: Ting-Lu
|
|-heal|p1a: Ting-Lu|58/100|[from] item: Leftovers
|upkeep
|turn|13
|inactive|kuraiyagare has 60 seconds left.
|
|t:|1779638885
|move|p2a: Gallardo|Drain Punch|p1a: Ting-Lu
|-supereffective|p1a: Ting-Lu
|-damage|p1a: Ting-Lu|7/100
|-heal|p2a: Gallardo|100/100|[from] drain|[of] p1a: Ting-Lu
|move|p1a: Ting-Lu|Whirlwind|p2a: Gallardo
|drag|p2a: Gardenia|Gardevoir, F|100/100
|-damage|p2a: Gardenia|88/100|[from] Stealth Rock
|-ability|p2a: Gardenia|Vessel of Ruin|Trace|[from] ability: Trace|[of] p1a: Ting-Lu
|-ability|p2a: Gardenia|Vessel of Ruin
|
|-heal|p1a: Ting-Lu|13/100|[from] item: Leftovers
|upkeep
|turn|14
|
|t:|1779638894
|switch|p1a: Iron Treads|Iron Treads, tera:Ghost|100/100
|move|p2a: Gardenia|Moonblast|p1a: Iron Treads
|-damage|p1a: Iron Treads|53/100
|
|upkeep
|turn|15
|
|t:|1779638901
|move|p1a: Iron Treads|Earthquake|p2a: Gardenia
|-damage|p2a: Gardenia|7/100
|move|p2a: Gardenia|Moonblast|p1a: Iron Treads
|-damage|p1a: Iron Treads|5/100
|
|upkeep
|turn|16
|
|t:|1779638907
|move|p1a: Iron Treads|Earthquake|p2a: Gardenia
|-damage|p2a: Gardenia|0 fnt
|faint|p2a: Gardenia
|
|upkeep
|
|t:|1779638909
|switch|p2a: drifflim|Drifblim, M|100/100
|-damage|p2a: drifflim|76/100|[from] Stealth Rock
|turn|17
|inactive|kuraiyagare has 90 seconds left.
|
|t:|1779638921
|move|p1a: Iron Treads|Knock Off|p2a: drifflim
|-supereffective|p2a: drifflim
|-damage|p2a: drifflim|3/100
|-enditem|p2a: drifflim|Weakness Policy
|-boost|p2a: drifflim|atk|2|[from] item: Weakness Policy
|-boost|p2a: drifflim|spa|2|[from] item: Weakness Policy
|move|p2a: drifflim|Calm Mind|p2a: drifflim
|-boost|p2a: drifflim|spa|1
|-boost|p2a: drifflim|spd|1
|
|upkeep
|turn|18
|inactive|kuraiyagare has 90 seconds left.
|
|t:|1779638930
|move|p2a: drifflim|Strength Sap|p1a: Iron Treads
|-unboost|p1a: Iron Treads|atk|1
|-heal|p2a: drifflim|77/100
|move|p1a: Iron Treads|Knock Off|p2a: drifflim
|-supereffective|p2a: drifflim
|-damage|p2a: drifflim|44/100
|
|upkeep
|turn|19
|inactive|kuraiyagare has 90 seconds left.
|
|t:|1779638943
|move|p2a: drifflim|Calm Mind|p2a: drifflim
|-boost|p2a: drifflim|spa|1
|-boost|p2a: drifflim|spd|1
|move|p1a: Iron Treads|Volt Switch|p2a: drifflim
|-supereffective|p2a: drifflim
|-damage|p2a: drifflim|32/100
|
|t:|1779638956
|-end|p1a: Iron Treads|Quark Drive|[silent]
|switch|p1a: Zamazenta|Zamazenta|91/100|[from] Volt Switch
|
|upkeep
|turn|20
|
|t:|1779638960
|move|p2a: drifflim|Shadow Ball|p1a: Zamazenta
|-damage|p1a: Zamazenta|0 fnt
|faint|p1a: Zamazenta
|
|upkeep
|
|t:|1779638964
|switch|p1a: Cinderace|Cinderace, M|100/100
|turn|21
|
|t:|1779638969
|-terastallize|p2a: drifflim|Fighting
|move|p2a: drifflim|Strength Sap|p1a: Cinderace
|-unboost|p1a: Cinderace|atk|1
|-heal|p2a: drifflim|100/100
|move|p1a: Cinderace|Pyro Ball|p2a: drifflim
|-damage|p2a: drifflim|51/100
|
|upkeep
|turn|22
|-message|UnchainedAbom forfeited.
|
|win|kuraiyagare
|raw|UnchainedAbom's rating: 1310 &rarr; <strong>1293</strong><br />(-17 for losing)
|raw|kuraiyagare's rating: 1359 &rarr; <strong>1376</strong><br />(+17 for winning)
|l|☆UnchainedAbom
|player|p1|
|l|☆kuraiyagare
|player|p2|
