|j|‽Leap Call
|j|☆Gx001
|t:|1779674580
|gametype|singles
|player|p1|Leap Call|1|1364
|player|p2|Gx001|2|1382
|gen|9
|tier|[Gen 9] OU
|rated|
|rule|HP Percentage Mod: HP is shown in percentages
|rule|Endless Battle Clause: Forcing endless battles is banned
|rule|Species Clause: Limit one of each Pokémon
|rule|OHKO Clause: OHKO moves are banned
|rule|Evasion Items Clause: Evasion items are banned
|rule|Evasion Moves Clause: Evasion moves are banned
|rule|Evasion Abilities Clause: Evasion abilities are banned
|rule|Sleep Moves Clause: Sleep-inducing moves are banned
|clearpoke
|poke|p1|Pelipper, M|
|poke|p1|Lokix, M|
|poke|p1|Raging Bolt|
|poke|p1|Overqwil, F|
|poke|p1|Iron Treads|
|poke|p1|Dragonite, F|
|poke|p2|Darkrai|
|poke|p2|Blaziken, M|
|poke|p2|Gholdengo|
|poke|p2|Enamorus, F|
|poke|p2|Raging Bolt|
|poke|p2|Tentacruel, F|
|teampreview
|inactive|Battle timer is ON: inactive players will automatically lose when time's up. (requested by Gx001)
|inactive|Leap Call has 120 seconds left.
|
|t:|1779674614
|teamsize|p1|6
|teamsize|p2|6
|start
|switch|p1a: Raging Bolt|Raging Bolt|100/100
|switch|p2a: Darkrai|Darkrai, shiny|100/100
|turn|1
|
|t:|1779674618
|-terastallize|p1a: Raging Bolt|Fairy
|move|p2a: Darkrai|Blizzard|p1a: Raging Bolt
|-damage|p1a: Raging Bolt|59/100
|move|p1a: Raging Bolt|Draco Meteor|p2a: Darkrai
|-damage|p2a: Darkrai|2/100
|-unboost|p1a: Raging Bolt|spa|2
|
|upkeep
|turn|2
|
|t:|1779674636
|switch|p2a: Enamorus|Enamorus, F|100/100
|-end|p1a: Raging Bolt|Protosynthesis|[silent]
|switch|p1a: Pelipper|Pelipper, M|100/100
|-weather|RainDance|[from] ability: Drizzle|[of] p1a: Pelipper
|
|-weather|RainDance|[upkeep]
|upkeep
|turn|3
|
|t:|1779674643
|move|p2a: Enamorus|Moonblast|p1a: Pelipper
|-crit|p1a: Pelipper
|-damage|p1a: Pelipper|21/100
|-unboost|p1a: Pelipper|spa|1
|move|p1a: Pelipper|U-turn|p2a: Enamorus
|-resisted|p2a: Enamorus
|-damage|p2a: Enamorus|97/100
|
|t:|1779674654
|switch|p1a: Iron Treads|Iron Treads|100/100|[from] U-turn
|-item|p1a: Iron Treads|Air Balloon
|
|-weather|RainDance|[upkeep]
|upkeep
|turn|4
|
|t:|1779674671
|switch|p2a: Tentacruel|Tentacruel, F, shiny|100/100
|move|p1a: Iron Treads|Stealth Rock|p2a: Tentacruel
|-sidestart|p2: Gx001|move: Stealth Rock
|
|-weather|RainDance|[upkeep]
|upkeep
|turn|5
|
|t:|1779674675
|move|p1a: Iron Treads|High Horsepower|p2a: Tentacruel
|-supereffective|p2a: Tentacruel
|-damage|p2a: Tentacruel|10/100
|-damage|p1a: Iron Treads|84/100|[from] item: Rocky Helmet|[of] p2a: Tentacruel
|move|p2a: Tentacruel|Surf|p1a: Iron Treads
|-supereffective|p1a: Iron Treads
|-damage|p1a: Iron Treads|0 fnt
|-enditem|p1a: Iron Treads|Air Balloon
|faint|p1a: Iron Treads
|-end|p1a: Iron Treads|Quark Drive|[silent]
|
|-weather|RainDance|[upkeep]
|upkeep
|
|t:|1779674685
|switch|p1a: Overqwil|Overqwil, F|100/100
|turn|6
|
|t:|1779674693
|move|p1a: Overqwil|Crunch|p2a: Tentacruel
|-damage|p2a: Tentacruel|0 fnt
|-damage|p1a: Overqwil|84/100|[from] item: Rocky Helmet|[of] p2a: Tentacruel
|faint|p2a: Tentacruel
|-damage|p1a: Overqwil|74/100|[from] item: Life Orb
|
|-weather|RainDance|[upkeep]
|upkeep
|
|t:|1779674703
|switch|p2a: Enamorus|Enamorus, F|97/100
|-damage|p2a: Enamorus|72/100|[from] Stealth Rock
|turn|7
|
|t:|1779674716
|move|p1a: Overqwil|Liquidation|p2a: Enamorus
|-damage|p2a: Enamorus|0 fnt
|faint|p2a: Enamorus
|-damage|p1a: Overqwil|64/100|[from] item: Life Orb
|
|-weather|RainDance|[upkeep]
|upkeep
|
|t:|1779674722
|switch|p2a: Raging Bolt|Raging Bolt|100/100
|turn|8
|
|t:|1779674730
|move|p1a: Overqwil|Gunk Shot|p2a: Raging Bolt|[miss]
|-miss|p1a: Overqwil|p2a: Raging Bolt
|move|p2a: Raging Bolt|Volt Switch|p1a: Overqwil
|-damage|p1a: Overqwil|0 fnt
|faint|p1a: Overqwil
|
|t:|1779674735
|-end|p2a: Raging Bolt|Protosynthesis|[silent]
|switch|p2a: Blaziken|Blaziken, M, shiny|100/100|[from] Volt Switch
|-damage|p2a: Blaziken|88/100|[from] Stealth Rock
|
|-weather|RainDance|[upkeep]
|upkeep
|
|t:|1779674740
|switch|p1a: Dragonite|Dragonite, F|100/100
|turn|9
|
|t:|1779674745
|move|p1a: Dragonite|Dragon Dance|p1a: Dragonite
|-boost|p1a: Dragonite|atk|1
|-boost|p1a: Dragonite|spe|1
|move|p2a: Blaziken|Blaze Kick|p1a: Dragonite
|-resisted|p1a: Dragonite
|-damage|p1a: Dragonite|94/100
|
|-weather|none
|-ability|p2a: Blaziken|Speed Boost|boost
|-boost|p2a: Blaziken|spe|1
|upkeep
|turn|10
|
|t:|1779674753
|move|p2a: Blaziken|Swords Dance|p2a: Blaziken
|-boost|p2a: Blaziken|atk|2
|move|p1a: Dragonite|Dragon Dance|p1a: Dragonite
|-boost|p1a: Dragonite|atk|1
|-boost|p1a: Dragonite|spe|1
|
|-ability|p2a: Blaziken|Speed Boost|boost
|-boost|p2a: Blaziken|spe|1
|upkeep
|turn|11
|
|t:|1779674762
|move|p2a: Blaziken|Endure|p2a: Blaziken
|-singleturn|p2a: Blaziken|move: Endure
|move|p1a: Dragonite|Extreme Speed|p2a: Blaziken
|-activate|p2a: Blaziken|move: Endure
|-damage|p2a: Blaziken|1/100
|
|-ability|p2a: Blaziken|Speed Boost|boost
|-boost|p2a: Blaziken|spe|1
|upkeep
|turn|12
|
|t:|1779674765
|-terastallize|p2a: Blaziken|Ghost
|move|p1a: Dragonite|Extreme Speed|p2a: Blaziken
|-immune|p2a: Blaziken
|move|p2a: Blaziken|Reversal|p1a: Dragonite
|-resisted|p1a: Dragonite
|-damage|p1a: Dragonite|0 fnt
|faint|p1a: Dragonite
|
|-ability|p2a: Blaziken|Speed Boost|boost
|-boost|p2a: Blaziken|spe|1
|upkeep
|
|t:|1779674770
|switch|p1a: Lokix|Lokix, M|100/100
|turn|13
|
|t:|1779674774
|move|p1a: Lokix|First Impression|p2a: Blaziken
|-resisted|p2a: Blaziken
|-damage|p2a: Blaziken|0 fnt
|faint|p2a: Blaziken
|
|upkeep
|
|t:|1779674778
|switch|p2a: Raging Bolt|Raging Bolt|100/100
|turn|14
|
|t:|1779674782
|switch|p1a: Pelipper|Pelipper, M|21/100
|-weather|RainDance|[from] ability: Drizzle|[of] p1a: Pelipper
|move|p2a: Raging Bolt|Draco Meteor|p1a: Pelipper
|-damage|p1a: Pelipper|0 fnt
|-unboost|p2a: Raging Bolt|spa|2
|faint|p1a: Pelipper
|
|-weather|RainDance|[upkeep]
|upkeep
|
|t:|1779674784
|switch|p1a: Raging Bolt|Raging Bolt, tera:Fairy|59/100
|turn|15
|
|t:|1779674792
|-end|p2a: Raging Bolt|Protosynthesis|[silent]
|switch|p2a: Darkrai|Darkrai, shiny|2/100
|-damage|p2a: Darkrai|0 fnt|[from] Stealth Rock
|faint|p2a: Darkrai
|move|p1a: Raging Bolt|Thunder|p2: Darkrai|[notarget]
|-fail|p1a: Raging Bolt
|
|-weather|RainDance|[upkeep]
|upkeep
|
|t:|1779674795
|switch|p2a: Gholdengo|Gholdengo|100/100
|-damage|p2a: Gholdengo|94/100|[from] Stealth Rock
|-item|p2a: Gholdengo|Air Balloon
|turn|16
|
|t:|1779674799
|move|p1a: Raging Bolt|Thunder|p2a: Gholdengo
|-damage|p2a: Gholdengo|33/100
|-status|p2a: Gholdengo|par
|-enditem|p2a: Gholdengo|Air Balloon
|move|p2a: Gholdengo|Make It Rain|p1a: Raging Bolt
|-supereffective|p1a: Raging Bolt
|-damage|p1a: Raging Bolt|0 fnt
|-unboost|p2a: Gholdengo|spa|1
|faint|p1a: Raging Bolt
|-end|p1a: Raging Bolt|Protosynthesis|[silent]
|
|-weather|RainDance|[upkeep]
|upkeep
|
|t:|1779674806
|switch|p1a: Lokix|Lokix, M|100/100
|turn|17
|
|t:|1779674809
|move|p1a: Lokix|Leech Life|p2a: Gholdengo
|-resisted|p2a: Gholdengo
|-damage|p2a: Gholdengo|11/100 par
|move|p2a: Gholdengo|Make It Rain|p1a: Lokix
|-damage|p1a: Lokix|34/100
|-unboost|p2a: Gholdengo|spa|1
|
|-weather|RainDance|[upkeep]
|upkeep
|turn|18
|
|t:|1779674813
|move|p1a: Lokix|Leech Life|p2a: Gholdengo
|-resisted|p2a: Gholdengo
|-damage|p2a: Gholdengo|0 fnt
|-heal|p1a: Lokix|41/100|[from] drain|[of] p2a: Gholdengo
|faint|p2a: Gholdengo
|
|-weather|RainDance|[upkeep]
|upkeep
|
|t:|1779674814
|switch|p2a: Raging Bolt|Raging Bolt|100/100
|turn|19
|-message|Leap Call forfeited.
|
|win|Gx001
|raw|Leap Call's rating: 1364 &rarr; <strong>1345</strong><br />(-19 for losing)
|raw|Gx001's rating: 1382 &rarr; <strong>1401</strong><br />(+19 for winning)
|l|☆Gx001
|player|p2|
