|j|☆agape boy
|j|☆dooozdzdz
|t:|1779659521
|gametype|singles
|player|p1|agape boy|waiter|1688
|player|p2|dooozdzdz|cilan|1690
|gen|9
|tier|[Gen 9] OU
|rated|
|rule|HP Percentage Mod: HP is shown in percentages
|rule|Endless Battle Clause: Forcing endless battles is banned
|rule|Species Clause: Limit one of each Pokémon
|rule|OHKO Clause: OHKO moves are banned
|rule|Evasion Items Clause: Evasion items are banned
|rule|Evasion Moves Clause: Evasion moves are banned
|rule|Evasion Abilities Clause: Evasion abilities are banned
|rule|Sleep Moves Clause: Sleep-inducing moves are banned
|clearpoke
|poke|p1|Deoxys-Speed|
|poke|p1|Darkrai|
|poke|p1|Dragonite, F|
|poke|p1|Ceruledge, F|
|poke|p1|Enamorus, F|
|poke|p1|Zamazenta-*|
|poke|p2|Iron Hands|
|poke|p2|Frosmoth, M|
|poke|p2|Slowking-Galar, F|
|poke|p2|Lokix, M|
|poke|p2|Iron Treads|
|poke|p2|Tornadus-Therian, M|
|teampreview
|j| DenseColor
|
|t:|1779659549
|teamsize|p1|6
|teamsize|p2|6
|start
|switch|p1a: Ceruledge|Ceruledge, F|100/100
|switch|p2a: Tornadus|Tornadus-Therian, M|100/100
|turn|1
|
|t:|1779659567
|move|p2a: Tornadus|Knock Off|p1a: Ceruledge
|-supereffective|p1a: Ceruledge
|-damage|p1a: Ceruledge|39/100
|-ability|p1a: Ceruledge|Weak Armor|boost
|-unboost|p1a: Ceruledge|def|1
|-boost|p1a: Ceruledge|spe|2
|-enditem|p1a: Ceruledge|Focus Sash|[from] move: Knock Off|[of] p2a: Tornadus
|move|p1a: Ceruledge|Bitter Blade|p2a: Tornadus
|-damage|p2a: Tornadus|51/100
|-heal|p1a: Ceruledge|70/100|[from] drain|[of] p2a: Tornadus
|
|upkeep
|turn|2
|
|t:|1779659582
|move|p1a: Ceruledge|Poltergeist|p2a: Tornadus
|-activate|p2a: Tornadus|move: Poltergeist|Assault Vest
|-damage|p2a: Tornadus|0 fnt
|faint|p2a: Tornadus
|
|upkeep
|
|t:|1779659589
|switch|p2a: Lokix|Lokix, M|100/100
|turn|3
|
|t:|1779659602
|switch|p1a: Zamazenta|Zamazenta|100/100
|-ability|p1a: Zamazenta|Dauntless Shield|boost
|-boost|p1a: Zamazenta|def|1
|-terastallize|p2a: Lokix|Bug
|move|p2a: Lokix|First Impression|p1a: Zamazenta
|-resisted|p1a: Zamazenta
|-crit|p1a: Zamazenta
|-damage|p1a: Zamazenta|8/100
|
|-heal|p1a: Zamazenta|14/100|[from] item: Leftovers
|upkeep
|turn|4
|
|t:|1779659614
|switch|p2a: Slowking|Slowking-Galar, F|100/100
|move|p1a: Zamazenta|Iron Defense|p1a: Zamazenta
|-boost|p1a: Zamazenta|def|2
|
|-heal|p1a: Zamazenta|20/100|[from] item: Leftovers
|upkeep
|turn|5
|
|t:|1779659620
|switch|p1a: Deoxys|Deoxys-Speed|100/100
|-ability|p1a: Deoxys|Pressure
|move|p2a: Slowking|Sludge Bomb|p1a: Deoxys
|-damage|p1a: Deoxys|59/100
|-enditem|p1a: Deoxys|Red Card|[of] p2a: Slowking
|drag|p2a: Lokix|Lokix, M, tera:Bug|100/100
|
|upkeep
|turn|6
|c|☆agape boy|sigh
|
|t:|1779659637
|switch|p1a: Zamazenta|Zamazenta|20/100
|move|p2a: Lokix|First Impression|p1a: Zamazenta
|-resisted|p1a: Zamazenta
|-damage|p1a: Zamazenta|0 fnt
|faint|p1a: Zamazenta
|
|upkeep
|c|☆dooozdzdz|*le sigh*
|
|t:|1779659670
|switch|p1a: Enamorus|Enamorus, F|100/100
|turn|7
|c| DenseColor|sigh..
|
|t:|1779659678
|switch|p2a: Frosmoth|Frosmoth, M|100/100
|move|p1a: Enamorus|Earth Power|p2a: Frosmoth
|-resisted|p2a: Frosmoth
|-damage|p2a: Frosmoth|87/100
|
|upkeep
|turn|8
|
|t:|1779659687
|switch|p1a: Ceruledge|Ceruledge, F|70/100
|move|p2a: Frosmoth|Ice Beam|p1a: Ceruledge
|-resisted|p1a: Ceruledge
|-damage|p1a: Ceruledge|47/100
|
|upkeep
|turn|9
|
|t:|1779659694
|switch|p2a: Iron Hands|Iron Hands|100/100
|move|p1a: Ceruledge|Bitter Blade|p2a: Iron Hands
|-damage|p2a: Iron Hands|67/100
|-heal|p1a: Ceruledge|73/100|[from] drain|[of] p2a: Iron Hands
|
|upkeep
|turn|10
|
|t:|1779659704
|move|p1a: Ceruledge|Poltergeist|p2a: Iron Hands
|-activate|p2a: Iron Hands|move: Poltergeist|Punching Glove
|-damage|p2a: Iron Hands|27/100
|move|p2a: Iron Hands|Thunder Punch|p1a: Ceruledge
|-damage|p1a: Ceruledge|0 fnt
|faint|p1a: Ceruledge
|
|upkeep
|
|t:|1779659727
|switch|p1a: Deoxys|Deoxys-Speed|59/100
|-ability|p1a: Deoxys|Pressure
|turn|11
|
|t:|1779659731
|move|p1a: Deoxys|Stealth Rock|p2a: Iron Hands
|-sidestart|p2: dooozdzdz|move: Stealth Rock
|move|p2a: Iron Hands|Thunder Punch|p1a: Deoxys
|-damage|p1a: Deoxys|0 fnt
|faint|p1a: Deoxys
|
|upkeep
|
|t:|1779659737
|switch|p1a: Enamorus|Enamorus, F|100/100
|turn|12
|
|t:|1779659742
|-end|p2a: Iron Hands|Quark Drive|[silent]
|switch|p2a: Frosmoth|Frosmoth, M|87/100
|move|p1a: Enamorus|Moonblast|p2a: Frosmoth
|-crit|p2a: Frosmoth
|-damage|p2a: Frosmoth|22/100
|
|upkeep
|turn|13
|
|t:|1779659748
|move|p1a: Enamorus|Moonblast|p2a: Frosmoth
|-damage|p2a: Frosmoth|0 fnt
|faint|p2a: Frosmoth
|
|upkeep
|j| zyqq6
|
|t:|1779659750
|switch|p2a: Slowking|Slowking-Galar, F|100/100
|turn|14
|
|t:|1779659753
|switch|p1a: Darkrai|Darkrai|100/100
|move|p2a: Slowking|Thunder Wave|p1a: Darkrai|[miss]
|-miss|p2a: Slowking|p1a: Darkrai
|
|upkeep
|turn|15
|
|t:|1779659760
|move|p1a: Darkrai|Dark Pulse|p2a: Slowking
|-supereffective|p2a: Slowking
|-damage|p2a: Slowking|50/100
|move|p2a: Slowking|Thunder Wave|p1a: Darkrai
|-status|p1a: Darkrai|par
|
|upkeep
|turn|16
|c|☆dooozdzdz|*sighhhhhhh*
|
|t:|1779659772
|switch|p2a: Iron Treads|Iron Treads|100/100
|-damage|p2a: Iron Treads|97/100|[from] Stealth Rock
|move|p1a: Darkrai|Dark Pulse|p2a: Iron Treads
|-damage|p2a: Iron Treads|31/100
|
|-heal|p2a: Iron Treads|37/100|[from] item: Leftovers
|upkeep
|turn|17
|
|t:|1779659778
|move|p2a: Iron Treads|Stealth Rock|p1a: Darkrai
|-sidestart|p1: agape boy|move: Stealth Rock
|move|p1a: Darkrai|Dark Pulse|p2a: Iron Treads
|-damage|p2a: Iron Treads|0 fnt
|faint|p2a: Iron Treads
|-end|p2a: Iron Treads|Quark Drive|[silent]
|
|upkeep
|
|t:|1779659780
|switch|p2a: Lokix|Lokix, M, tera:Bug|100/100
|-damage|p2a: Lokix|76/100|[from] Stealth Rock
|turn|18
|
|t:|1779659784
|move|p2a: Lokix|Leech Life|p1a: Darkrai
|-supereffective|p1a: Darkrai
|-damage|p1a: Darkrai|0 fnt
|-heal|p2a: Lokix|100/100|[from] drain|[of] p1a: Darkrai
|faint|p1a: Darkrai
|
|upkeep
|
|t:|1779659795
|switch|p1a: Dragonite|Dragonite, F|100/100
|-damage|p1a: Dragonite|76/100|[from] Stealth Rock
|turn|19
|
|t:|1779659805
|move|p2a: Lokix|Leech Life|p1a: Dragonite
|-resisted|p1a: Dragonite
|-damage|p1a: Dragonite|0 fnt
|faint|p1a: Dragonite
|
|upkeep
|c| DenseColor|jesus lol
|c|☆agape boy|hell nah
|c|☆agape boy|sum wrong with that thing i swear
|l| zyqq6
|c| DenseColor|ikr
|-message|agape boy forfeited.
|
|win|dooozdzdz
|raw|agape boy's rating: 1688 &rarr; <strong>1668</strong><br />(-20 for losing)
|raw|dooozdzdz's rating: 1690 &rarr; <strong>1710</strong><br />(+20 for winning)
|l|☆agape boy
|player|p1|
|c|☆dooozdzdz|cheap asf mon
|l| DenseColor
|l|☆dooozdzdz
|player|p2|
