|j|☆ZarrHaka
|j|☆fallen41
|t:|1779712258
|gametype|singles
|player|p1|ZarrHaka|pokemaniac|1151
|player|p2|fallen41|169|1181
|gen|9
|tier|[Gen 9] OU
|rated|
|rule|HP Percentage Mod: HP is shown in percentages
|rule|Endless Battle Clause: Forcing endless battles is banned
|rule|Species Clause: Limit one of each Pokémon
|rule|OHKO Clause: OHKO moves are banned
|rule|Evasion Items Clause: Evasion items are banned
|rule|Evasion Moves Clause: Evasion moves are banned
|rule|Evasion Abilities Clause: Evasion abilities are banned
|rule|Sleep Moves Clause: Sleep-inducing moves are banned
|clearpoke
|poke|p1|Exeggutor, F|
|poke|p1|Ribombee, F|
|poke|p1|Raichu, M|
|poke|p1|Talonflame, M|
|poke|p1|Araquanid, M|
|poke|p1|Dragapult, M|
|poke|p2|Gliscor, M|
|poke|p2|Dragapult, F|
|poke|p2|Corviknight, F|
|poke|p2|Heatran, F|
|poke|p2|Ogerpon-Wellspring, F|
|poke|p2|Zamazenta-*|
|teampreview
|
|t:|1779712277
|teamsize|p1|6
|teamsize|p2|6
|start
|switch|p1a: Ribombee|Ribombee, F|100/100
|switch|p2a: Gliscor|Gliscor, M, shiny|100/100
|turn|1
|
|t:|1779712284
|move|p1a: Ribombee|Trick|p2a: Gliscor
|-activate|p1a: Ribombee|move: Trick|[of] p2a: Gliscor
|-item|p2a: Gliscor|Ring Target|[from] move: Trick
|-item|p1a: Ribombee|Toxic Orb|[from] move: Trick
|move|p2a: Gliscor|Toxic|p1a: Ribombee
|-status|p1a: Ribombee|tox
|
|-damage|p1a: Ribombee|94/100 tox|[from] psn
|upkeep
|turn|2
|
|t:|1779712300
|move|p1a: Ribombee|Skill Swap|p2a: Gliscor
|-activate|p1a: Ribombee|Skill Swap|Poison Heal|Shield Dust|[of] p2a: Gliscor
|move|p2a: Gliscor|Spikes|p1a: Ribombee
|-sidestart|p1: ZarrHaka|Spikes
|
|-heal|p1a: Ribombee|100/100 tox|[from] ability: Poison Heal
|upkeep
|turn|3
|
|t:|1779712315
|switch|p2a: Corviknight|Corviknight, F, shiny|100/100
|-ability|p2a: Corviknight|Pressure
|move|p1a: Ribombee|Quiver Dance|p1a: Ribombee
|-boost|p1a: Ribombee|spa|1
|-boost|p1a: Ribombee|spd|1
|-boost|p1a: Ribombee|spe|1
|
|upkeep
|turn|4
|
|t:|1779712326
|move|p1a: Ribombee|Trick|p2a: Corviknight
|-activate|p1a: Ribombee|move: Trick|[of] p2a: Corviknight
|-item|p2a: Corviknight|Toxic Orb|[from] move: Trick
|-item|p1a: Ribombee|Rocky Helmet|[from] move: Trick
|move|p2a: Corviknight|Brave Bird|p1a: Ribombee
|-supereffective|p1a: Ribombee
|-damage|p1a: Ribombee|0 fnt
|-damage|p2a: Corviknight|84/100|[from] item: Rocky Helmet|[of] p1a: Ribombee
|faint|p1a: Ribombee
|-damage|p2a: Corviknight|62/100|[from] Recoil
|
|upkeep
|
|t:|1779712332
|switch|p1a: Talonflame|Talonflame, M|100/100
|turn|5
|inactive|Battle timer is ON: inactive players will automatically lose when time's up. (requested by ZarrHaka)
|
|t:|1779712352
|switch|p2a: Heatran|Heatran, F, shiny|100/100
|-item|p2a: Heatran|Air Balloon
|move|p1a: Talonflame|Will-O-Wisp|p2a: Heatran
|-start|p2a: Heatran|ability: Flash Fire
|
|upkeep
|turn|6
|
|t:|1779712365
|move|p1a: Talonflame|Defog|p2a: Heatran
|-unboost|p2a: Heatran|evasion|1
|-sideend|p1: ZarrHaka|Spikes|[from] move: Defog|[of] p1a: Talonflame
|move|p2a: Heatran|Magma Storm|p1a: Talonflame
|-resisted|p1a: Talonflame
|-damage|p1a: Talonflame|51/100
|-activate|p1a: Talonflame|move: Magma Storm|[of] p2a: Heatran
|
|-damage|p1a: Talonflame|38/100|[from] move: Magma Storm|[partiallytrapped]
|upkeep
|turn|7
|
|t:|1779712374
|move|p1a: Talonflame|U-turn|p2a: Heatran
|-resisted|p2a: Heatran
|-damage|p2a: Heatran|98/100
|-enditem|p2a: Heatran|Air Balloon
|
|t:|1779712377
|switch|p1a: Araquanid|Araquanid, M|100/100|[from] U-turn
|move|p2a: Heatran|Magma Storm|p1a: Araquanid
|-damage|p1a: Araquanid|83/100
|-activate|p1a: Araquanid|move: Magma Storm|[of] p2a: Heatran
|
|-heal|p1a: Araquanid|89/100|[from] item: Leftovers
|-damage|p1a: Araquanid|76/100|[from] move: Magma Storm|[partiallytrapped]
|upkeep
|turn|8
|
|t:|1779712399
|-end|p2a: Heatran|ability: Flash Fire|[silent]
|switch|p2a: Ogerpon|Ogerpon-Wellspring, F|100/100
|move|p1a: Araquanid|Power Split|p2a: Ogerpon
|-activate|p1a: Araquanid|move: Power Split|[of] p2a: Ogerpon
|
|-heal|p1a: Araquanid|83/100|[from] item: Leftovers
|-end|p1a: Araquanid|Magma Storm|[partiallytrapped]|[silent]
|upkeep
|turn|9
|
|t:|1779712414
|-terastallize|p2a: Ogerpon|Water
|detailschange|p2a: Ogerpon|Ogerpon-Wellspring-Tera, F, tera:Water
|-ability|p2a: Ogerpon|Embody Aspect (Wellspring)|boost
|-boost|p2a: Ogerpon|spd|1
|move|p2a: Ogerpon|Swords Dance|p2a: Ogerpon
|-boost|p2a: Ogerpon|atk|2
|move|p1a: Araquanid|Infestation|p2a: Ogerpon
|-damage|p2a: Ogerpon|97/100
|-activate|p2a: Ogerpon|move: Infestation|[of] p1a: Araquanid
|
|-heal|p1a: Araquanid|89/100|[from] item: Leftovers
|-damage|p2a: Ogerpon|84/100|[from] move: Infestation|[partiallytrapped]
|upkeep
|turn|10
|
|t:|1779712432
|switch|p1a: Dragapult|Dragapult, M|100/100
|move|p2a: Ogerpon|Knock Off|p1a: Dragapult
|-supereffective|p1a: Dragapult
|-damage|p1a: Dragapult|0 fnt
|-start|p2a: Ogerpon|Disable|Knock Off|[from] ability: Cursed Body|[of] p1a: Dragapult
|-enditem|p1a: Dragapult|Mirror Herb|[from] move: Knock Off|[of] p2a: Ogerpon
|faint|p1a: Dragapult
|
|-end|p2a: Ogerpon|Infestation|[partiallytrapped]|[silent]
|upkeep
|
|t:|1779712438
|switch|p1a: Raichu|Raichu, M, shiny|100/100
|turn|11
|
|t:|1779712446
|move|p1a: Raichu|Nuzzle|p2a: Ogerpon
|-supereffective|p2a: Ogerpon
|-damage|p2a: Ogerpon|70/100
|-status|p2a: Ogerpon|par
|move|p2a: Ogerpon|Ivy Cudgel|p1a: Raichu|[anim] Ivy Cudgel Water
|-enditem|p1a: Raichu|Focus Sash
|-damage|p1a: Raichu|1/100
|
|upkeep
|turn|12
|
|t:|1779712456
|move|p1a: Raichu|Endeavor|p2a: Ogerpon
|-damage|p2a: Ogerpon|1/100 par
|move|p2a: Ogerpon|Ivy Cudgel|p1a: Raichu|[anim] Ivy Cudgel Water
|-damage|p1a: Raichu|0 fnt
|faint|p1a: Raichu
|
|upkeep
|
|t:|1779712480
|switch|p1a: Talonflame|Talonflame, M|38/100
|turn|13
|
|t:|1779712484
|move|p1a: Talonflame|U-turn|p2a: Ogerpon
|-damage|p2a: Ogerpon|0 fnt
|faint|p2a: Ogerpon
|detailschange|p2: Ogerpon|Ogerpon-Wellspring, F|[silent]
|
|t:|1779712486
|switch|p1a: Araquanid|Araquanid, M|89/100|[from] U-turn
|
|-heal|p1a: Araquanid|95/100|[from] item: Leftovers
|upkeep
|
|t:|1779712501
|switch|p2a: Dragapult|Dragapult, F, shiny|100/100
|turn|14
|
|t:|1779712507
|move|p2a: Dragapult|Shadow Ball|p1a: Araquanid
|-damage|p1a: Araquanid|63/100
|move|p1a: Araquanid|Power Split|p2a: Dragapult
|-activate|p1a: Araquanid|move: Power Split|[of] p2a: Dragapult
|
|-heal|p1a: Araquanid|69/100|[from] item: Leftovers
|upkeep
|turn|15
|
|t:|1779712515
|move|p2a: Dragapult|Shadow Ball|p1a: Araquanid
|-damage|p1a: Araquanid|44/100
|move|p1a: Araquanid|Infestation|p2a: Dragapult
|-resisted|p2a: Dragapult
|-crit|p2a: Dragapult
|-damage|p2a: Dragapult|94/100
|-activate|p2a: Dragapult|move: Infestation|[of] p1a: Araquanid
|
|-heal|p1a: Araquanid|50/100|[from] item: Leftovers
|-damage|p2a: Dragapult|81/100|[from] move: Infestation|[partiallytrapped]
|upkeep
|turn|16
|
|t:|1779712525
|move|p2a: Dragapult|Shadow Ball|p1a: Araquanid
|-damage|p1a: Araquanid|25/100
|move|p1a: Araquanid|Mirror Coat|p2a: Dragapult
|-damage|p2a: Dragapult|26/100
|
|-heal|p1a: Araquanid|31/100|[from] item: Leftovers
|-damage|p2a: Dragapult|14/100|[from] move: Infestation|[partiallytrapped]
|upkeep
|turn|17
|
|t:|1779712534
|move|p2a: Dragapult|Shadow Ball|p1a: Araquanid
|-damage|p1a: Araquanid|7/100
|move|p1a: Araquanid|Liquidation|p2a: Dragapult
|-resisted|p2a: Dragapult
|-crit|p2a: Dragapult
|-damage|p2a: Dragapult|0 fnt
|faint|p2a: Dragapult
|
|-heal|p1a: Araquanid|13/100|[from] item: Leftovers
|upkeep
|
|t:|1779712548
|switch|p2a: Zamazenta|Zamazenta, shiny|100/100
|-ability|p2a: Zamazenta|Dauntless Shield|boost
|-boost|p2a: Zamazenta|def|1
|turn|18
|
|t:|1779712554
|switch|p1a: Talonflame|Talonflame, M|38/100
|move|p2a: Zamazenta|Body Press|p1a: Talonflame
|-resisted|p1a: Talonflame
|-damage|p1a: Talonflame|13/100
|
|upkeep
|turn|19
|
|t:|1779712562
|move|p2a: Zamazenta|Body Press|p1a: Talonflame
|-resisted|p1a: Talonflame
|-damage|p1a: Talonflame|0 fnt
|faint|p1a: Talonflame
|
|upkeep
|
|t:|1779712565
|switch|p1a: Exeggutor|Exeggutor, F|100/100
|turn|20
|
|t:|1779712576
|switch|p2a: Heatran|Heatran, F, shiny|98/100
|-terastallize|p1a: Exeggutor|Fire
|move|p1a: Exeggutor|Leech Seed|p2a: Heatran
|-start|p2a: Heatran|move: Leech Seed
|
|-damage|p2a: Heatran|85/100|[from] Leech Seed|[of] p1a: Exeggutor
|upkeep
|turn|21
|
|t:|1779712588
|move|p2a: Heatran|Earth Power|p1a: Exeggutor
|-supereffective|p1a: Exeggutor
|-damage|p1a: Exeggutor|40/100
|-enditem|p1a: Exeggutor|Sitrus Berry|[eat]
|-heal|p1a: Exeggutor|64/100|[from] item: Sitrus Berry
|move|p1a: Exeggutor|Calm Mind|p1a: Exeggutor
|-boost|p1a: Exeggutor|spa|1
|-boost|p1a: Exeggutor|spd|1
|
|-damage|p2a: Heatran|73/100|[from] Leech Seed|[of] p1a: Exeggutor
|-heal|p1a: Exeggutor|77/100|[silent]
|upkeep
|turn|22
|
|t:|1779712605
|move|p2a: Heatran|Taunt|p1a: Exeggutor
|-start|p1a: Exeggutor|move: Taunt
|move|p1a: Exeggutor|Psychic Noise|p2a: Heatran
|-resisted|p2a: Heatran
|-crit|p2a: Heatran
|-damage|p2a: Heatran|49/100
|-start|p2a: Heatran|move: Heal Block
|
|-damage|p2a: Heatran|37/100|[from] Leech Seed|[of] p1a: Exeggutor
|-heal|p1a: Exeggutor|89/100|[silent]
|upkeep
|turn|23
|
|t:|1779712620
|switch|p2a: Gliscor|Gliscor, M, shiny|100/100
|move|p1a: Exeggutor|Psychic Noise|p2a: Gliscor
|-damage|p2a: Gliscor|35/100
|-start|p2a: Gliscor|move: Heal Block
|
|upkeep
|turn|24
|
|t:|1779712633
|move|p2a: Gliscor|Toxic|p1a: Exeggutor
|-status|p1a: Exeggutor|tox
|move|p1a: Exeggutor|Psychic Noise|p2a: Gliscor
|-damage|p2a: Gliscor|0 fnt
|faint|p2a: Gliscor
|
|-damage|p1a: Exeggutor|83/100 tox|[from] psn
|-end|p1a: Exeggutor|move: Taunt
|upkeep
|
|t:|1779712651
|switch|p2a: Heatran|Heatran, F, shiny|37/100
|turn|25
|inactive|fallen41 has 120 seconds left.
|
|t:|1779712675
|move|p2a: Heatran|Earth Power|p1a: Exeggutor
|-supereffective|p1a: Exeggutor
|-crit|p1a: Exeggutor
|-damage|p1a: Exeggutor|0 fnt
|faint|p1a: Exeggutor
|
|upkeep
|
|t:|1779712677
|switch|p1a: Araquanid|Araquanid, M|13/100
|turn|26
|
|t:|1779712687
|move|p2a: Heatran|Earth Power|p1a: Araquanid
|-resisted|p1a: Araquanid
|-damage|p1a: Araquanid|5/100
|move|p1a: Araquanid|Liquidation|p2a: Heatran
|-supereffective|p2a: Heatran
|-damage|p2a: Heatran|0 fnt
|faint|p2a: Heatran
|
|-heal|p1a: Araquanid|12/100|[from] item: Leftovers
|upkeep
|
|t:|1779712701
|switch|p2a: Corviknight|Corviknight, F, shiny|62/100
|-ability|p2a: Corviknight|Pressure
|turn|27
|
|t:|1779712709
|move|p2a: Corviknight|Brave Bird|p1a: Araquanid
|-supereffective|p1a: Araquanid
|-damage|p1a: Araquanid|0 fnt
|faint|p1a: Araquanid
|-damage|p2a: Corviknight|59/100|[from] Recoil
|
|win|fallen41
|raw|ZarrHaka's rating: 1151 &rarr; <strong>1128</strong><br />(-23 for losing)
|raw|fallen41's rating: 1181 &rarr; <strong>1204</strong><br />(+23 for winning)
|l|☆ZarrHaka
|player|p1|
|l|☆fallen41
|player|p2|
