|j|☆my shitters
|j|☆Hibernight
|t:|1779592867
|gametype|singles
|player|p1|my shitters|preschooler|1209
|player|p2|Hibernight|dawn-gen4pt|1248
|gen|9
|tier|[Gen 9] OU
|rated|
|rule|HP Percentage Mod: HP is shown in percentages
|rule|Endless Battle Clause: Forcing endless battles is banned
|rule|Species Clause: Limit one of each Pokémon
|rule|OHKO Clause: OHKO moves are banned
|rule|Evasion Items Clause: Evasion items are banned
|rule|Evasion Moves Clause: Evasion moves are banned
|rule|Evasion Abilities Clause: Evasion abilities are banned
|rule|Sleep Moves Clause: Sleep-inducing moves are banned
|clearpoke
|poke|p1|Sableye, M|
|poke|p1|Glastrier|
|poke|p1|Alcremie-Ruby-Swirl, F|
|poke|p1|Ursaring, M|
|poke|p1|Primeape, M|
|poke|p1|Vikavolt, M|
|poke|p2|Dragapult, F|
|poke|p2|Gliscor, M|
|poke|p2|Ogerpon-Wellspring, F|
|poke|p2|Iron Crown|
|poke|p2|Ting-Lu|
|poke|p2|Kingambit, F|
|teampreview
|inactive|Battle timer is ON: inactive players will automatically lose when time's up. (requested by my shitters)
|
|t:|1779592879
|teamsize|p1|6
|teamsize|p2|6
|start
|switch|p1a: Only4CubanLinx|Ursaring, M|100/100
|switch|p2a: Dragapult|Dragapult, F|100/100
|turn|1
|
|t:|1779592890
|move|p2a: Dragapult|U-turn|p1a: Only4CubanLinx
|-damage|p1a: Only4CubanLinx|74/100
|
|t:|1779592892
|switch|p2a: Ogerpon|Ogerpon-Wellspring, F|100/100|[from] U-turn
|move|p1a: Only4CubanLinx|Throat Chop|p2a: Ogerpon
|-damage|p2a: Ogerpon|64/100
|-start|p2a: Ogerpon|Throat Chop|[silent]
|
|-status|p1a: Only4CubanLinx|brn|[from] item: Flame Orb
|upkeep
|turn|2
|
|t:|1779592903
|-terastallize|p2a: Ogerpon|Water
|detailschange|p2a: Ogerpon|Ogerpon-Wellspring-Tera, F, tera:Water
|-ability|p2a: Ogerpon|Embody Aspect (Wellspring)|boost
|-boost|p2a: Ogerpon|spd|1
|move|p2a: Ogerpon|Ivy Cudgel|p1a: Only4CubanLinx|[anim] Ivy Cudgel Water
|-damage|p1a: Only4CubanLinx|0 fnt
|faint|p1a: Only4CubanLinx
|
|-end|p2a: Ogerpon|Throat Chop|[silent]
|upkeep
|
|t:|1779592906
|switch|p1a: 💎Posting|Sableye, M|100/100
|turn|3
|
|t:|1779592915
|switch|p2a: Gliscor|Gliscor, M|100/100
|move|p1a: 💎Posting|Reflect|p1a: 💎Posting
|-sidestart|p1: my shitters|Reflect
|
|-status|p2a: Gliscor|tox|[from] item: Toxic Orb
|upkeep
|turn|4
|
|t:|1779592921
|move|p1a: 💎Posting|Taunt|p2a: Gliscor
|-start|p2a: Gliscor|move: Taunt
|cant|p2a: Gliscor|move: Taunt|Toxic Spikes
|
|upkeep
|turn|5
|
|t:|1779592928
|move|p1a: 💎Posting|Light Screen|p1a: 💎Posting
|-sidestart|p1: my shitters|move: Light Screen
|move|p2a: Gliscor|Earthquake|p1a: 💎Posting
|-damage|p1a: 💎Posting|86/100
|
|upkeep
|turn|6
|
|t:|1779592945
|switch|p2a: Ting-Lu|Ting-Lu|100/100
|-ability|p2a: Ting-Lu|Vessel of Ruin
|switch|p1a: CremDeLaCreamie|Alcremie-Ruby-Swirl, F|100/100
|
|upkeep
|turn|7
|
|t:|1779592950
|move|p1a: CremDeLaCreamie|Calm Mind|p1a: CremDeLaCreamie
|-boost|p1a: CremDeLaCreamie|spa|1
|-boost|p1a: CremDeLaCreamie|spd|1
|move|p2a: Ting-Lu|Heavy Slam|p1a: CremDeLaCreamie
|-supereffective|p1a: CremDeLaCreamie
|-damage|p1a: CremDeLaCreamie|72/100
|
|-heal|p1a: CremDeLaCreamie|78/100|[from] item: Leftovers
|upkeep
|turn|8
|
|t:|1779592953
|move|p1a: CremDeLaCreamie|Calm Mind|p1a: CremDeLaCreamie
|-boost|p1a: CremDeLaCreamie|spa|1
|-boost|p1a: CremDeLaCreamie|spd|1
|move|p2a: Ting-Lu|Heavy Slam|p1a: CremDeLaCreamie
|-supereffective|p1a: CremDeLaCreamie
|-damage|p1a: CremDeLaCreamie|52/100
|
|-heal|p1a: CremDeLaCreamie|58/100|[from] item: Leftovers
|upkeep
|turn|9
|
|t:|1779592955
|move|p1a: CremDeLaCreamie|Acid Armor|p1a: CremDeLaCreamie
|-boost|p1a: CremDeLaCreamie|def|2
|move|p2a: Ting-Lu|Heavy Slam|p1a: CremDeLaCreamie
|-supereffective|p1a: CremDeLaCreamie
|-damage|p1a: CremDeLaCreamie|42/100
|
|-heal|p1a: CremDeLaCreamie|48/100|[from] item: Leftovers
|upkeep
|turn|10
|
|t:|1779592957
|move|p1a: CremDeLaCreamie|Acid Armor|p1a: CremDeLaCreamie
|-boost|p1a: CremDeLaCreamie|def|2
|move|p2a: Ting-Lu|Heavy Slam|p1a: CremDeLaCreamie
|-supereffective|p1a: CremDeLaCreamie
|-damage|p1a: CremDeLaCreamie|39/100
|
|-heal|p1a: CremDeLaCreamie|45/100|[from] item: Leftovers
|-sideend|p1: my shitters|Reflect
|upkeep
|turn|11
|
|t:|1779592959
|move|p1a: CremDeLaCreamie|Calm Mind|p1a: CremDeLaCreamie
|-boost|p1a: CremDeLaCreamie|spa|1
|-boost|p1a: CremDeLaCreamie|spd|1
|move|p2a: Ting-Lu|Heavy Slam|p1a: CremDeLaCreamie
|-supereffective|p1a: CremDeLaCreamie
|-damage|p1a: CremDeLaCreamie|26/100
|
|-heal|p1a: CremDeLaCreamie|32/100|[from] item: Leftovers
|upkeep
|turn|12
|
|t:|1779592966
|move|p1a: CremDeLaCreamie|Draining Kiss|p2a: Ting-Lu
|-supereffective|p2a: Ting-Lu
|-damage|p2a: Ting-Lu|60/100
|-heal|p1a: CremDeLaCreamie|79/100|[from] drain|[of] p2a: Ting-Lu
|move|p2a: Ting-Lu|Ruination|p1a: CremDeLaCreamie
|-damage|p1a: CremDeLaCreamie|40/100
|
|-heal|p1a: CremDeLaCreamie|46/100|[from] item: Leftovers
|-heal|p2a: Ting-Lu|66/100|[from] item: Leftovers
|-sideend|p1: my shitters|move: Light Screen
|upkeep
|turn|13
|
|t:|1779592970
|move|p1a: CremDeLaCreamie|Draining Kiss|p2a: Ting-Lu
|-supereffective|p2a: Ting-Lu
|-damage|p2a: Ting-Lu|23/100
|-heal|p1a: CremDeLaCreamie|96/100|[from] drain|[of] p2a: Ting-Lu
|move|p2a: Ting-Lu|Heavy Slam|p1a: CremDeLaCreamie
|-supereffective|p1a: CremDeLaCreamie
|-damage|p1a: CremDeLaCreamie|77/100
|
|-heal|p1a: CremDeLaCreamie|83/100|[from] item: Leftovers
|-heal|p2a: Ting-Lu|29/100|[from] item: Leftovers
|upkeep
|turn|14
|
|t:|1779592977
|move|p1a: CremDeLaCreamie|Calm Mind|p1a: CremDeLaCreamie
|-boost|p1a: CremDeLaCreamie|spa|1
|-boost|p1a: CremDeLaCreamie|spd|1
|move|p2a: Ting-Lu|Ruination|p1a: CremDeLaCreamie
|-damage|p1a: CremDeLaCreamie|42/100
|
|-heal|p1a: CremDeLaCreamie|48/100|[from] item: Leftovers
|-heal|p2a: Ting-Lu|35/100|[from] item: Leftovers
|upkeep
|turn|15
|
|t:|1779592984
|move|p1a: CremDeLaCreamie|Draining Kiss|p2a: Ting-Lu
|-supereffective|p2a: Ting-Lu
|-damage|p2a: Ting-Lu|0 fnt
|-heal|p1a: CremDeLaCreamie|88/100|[from] drain|[of] p2a: Ting-Lu
|faint|p2a: Ting-Lu
|
|-heal|p1a: CremDeLaCreamie|94/100|[from] item: Leftovers
|upkeep
|
|t:|1779592989
|switch|p2a: Ogerpon|Ogerpon-Wellspring-Tera, F, tera:Water|64/100
|-ability|p2a: Ogerpon|Embody Aspect (Wellspring)|boost
|-boost|p2a: Ogerpon|spd|1
|turn|16
|
|t:|1779592993
|move|p2a: Ogerpon|Ivy Cudgel|p1a: CremDeLaCreamie|[anim] Ivy Cudgel Water
|-damage|p1a: CremDeLaCreamie|67/100
|move|p1a: CremDeLaCreamie|Stored Power|p2a: Ogerpon
|-damage|p2a: Ogerpon|0 fnt
|faint|p2a: Ogerpon
|detailschange|p2: Ogerpon|Ogerpon-Wellspring, F|[silent]
|
|-heal|p1a: CremDeLaCreamie|73/100|[from] item: Leftovers
|upkeep
|
|t:|1779592998
|switch|p2a: Dragapult|Dragapult, F|100/100
|turn|17
|
|t:|1779593002
|move|p2a: Dragapult|Hex|p1a: CremDeLaCreamie
|-damage|p1a: CremDeLaCreamie|64/100
|move|p1a: CremDeLaCreamie|Draining Kiss|p2a: Dragapult
|-supereffective|p2a: Dragapult
|-damage|p2a: Dragapult|0 fnt
|-heal|p1a: CremDeLaCreamie|100/100|[from] drain|[of] p2a: Dragapult
|faint|p2a: Dragapult
|
|upkeep
|
|t:|1779593003
|switch|p2a: Iron Crown|Iron Crown|100/100
|-enditem|p2a: Iron Crown|Booster Energy
|-activate|p2a: Iron Crown|ability: Quark Drive|[fromitem]
|-start|p2a: Iron Crown|quarkdrivespe
|turn|18
|
|t:|1779593009
|-terastallize|p1a: CremDeLaCreamie|Steel
|move|p2a: Iron Crown|Tachyon Cutter|p1a: CremDeLaCreamie
|-resisted|p1a: CremDeLaCreamie
|-damage|p1a: CremDeLaCreamie|97/100
|-resisted|p1a: CremDeLaCreamie
|-damage|p1a: CremDeLaCreamie|93/100
|-hitcount|p1a: CremDeLaCreamie|2
|move|p1a: CremDeLaCreamie|Stored Power|p2a: Iron Crown
|-resisted|p2a: Iron Crown
|-damage|p2a: Iron Crown|56/100
|
|-heal|p1a: CremDeLaCreamie|99/100|[from] item: Leftovers
|upkeep
|turn|19
|
|t:|1779593015
|move|p2a: Iron Crown|Focus Blast|p1a: CremDeLaCreamie
|-supereffective|p1a: CremDeLaCreamie
|-damage|p1a: CremDeLaCreamie|78/100
|move|p1a: CremDeLaCreamie|Calm Mind|p1a: CremDeLaCreamie
|-boost|p1a: CremDeLaCreamie|spa|1
|-boost|p1a: CremDeLaCreamie|spd|1
|
|-heal|p1a: CremDeLaCreamie|84/100|[from] item: Leftovers
|upkeep
|turn|20
|
|t:|1779593021
|move|p2a: Iron Crown|Focus Blast|p1a: CremDeLaCreamie
|-supereffective|p1a: CremDeLaCreamie
|-damage|p1a: CremDeLaCreamie|65/100
|-unboost|p1a: CremDeLaCreamie|spd|1
|move|p1a: CremDeLaCreamie|Draining Kiss|p2a: Iron Crown
|-resisted|p2a: Iron Crown
|-damage|p2a: Iron Crown|24/100
|-heal|p1a: CremDeLaCreamie|89/100|[from] drain|[of] p2a: Iron Crown
|
|-heal|p1a: CremDeLaCreamie|95/100|[from] item: Leftovers
|upkeep
|turn|21
|
|t:|1779593027
|move|p2a: Iron Crown|Focus Blast|p1a: CremDeLaCreamie
|-supereffective|p1a: CremDeLaCreamie
|-damage|p1a: CremDeLaCreamie|72/100
|move|p1a: CremDeLaCreamie|Stored Power|p2a: Iron Crown
|-resisted|p2a: Iron Crown
|-damage|p2a: Iron Crown|0 fnt
|faint|p2a: Iron Crown
|-end|p2a: Iron Crown|Quark Drive|[silent]
|
|-heal|p1a: CremDeLaCreamie|78/100|[from] item: Leftovers
|upkeep
|
|t:|1779593028
|switch|p2a: Gliscor|Gliscor, M|100/100 tox
|turn|22
|-message|Hibernight forfeited.
|
|win|my shitters
|raw|my shitters's rating: 1232 &rarr; <strong>1258</strong><br />(+26 for winning)
|raw|Hibernight's rating: 1248 &rarr; <strong>1222</strong><br />(-26 for losing)
|l|☆Hibernight
|player|p2|
