|j|☆Windy189
|j|☆esta man oe
|t:|1779637726
|gametype|singles
|player|p1|Windy189|169|1365
|player|p2|esta man oe|preschooler|1400
|gen|9
|tier|[Gen 9] OU
|rated|
|rule|HP Percentage Mod: HP is shown in percentages
|rule|Endless Battle Clause: Forcing endless battles is banned
|rule|Species Clause: Limit one of each Pokémon
|rule|OHKO Clause: OHKO moves are banned
|rule|Evasion Items Clause: Evasion items are banned
|rule|Evasion Moves Clause: Evasion moves are banned
|rule|Evasion Abilities Clause: Evasion abilities are banned
|rule|Sleep Moves Clause: Sleep-inducing moves are banned
|clearpoke
|poke|p1|Blaziken, M|
|poke|p1|Darkrai|
|poke|p1|Dragonite, M|
|poke|p1|Skeledirge, F|
|poke|p1|Pawmot, F|
|poke|p1|Great Tusk|
|poke|p2|Torkoal, M|
|poke|p2|Pelipper, M|
|poke|p2|Walking Wake|
|poke|p2|Hatterene, F|
|poke|p2|Raging Bolt|
|poke|p2|Alomomola, F|
|teampreview
|inactive|Battle timer is ON: inactive players will automatically lose when time's up. (requested by esta man oe)
|inactive|Windy189 also wants the timer to be on.
|
|t:|1779637731
|teamsize|p1|6
|teamsize|p2|6
|start
|switch|p1a: Darkrai|Darkrai|100/100
|switch|p2a: Walking Wake|Walking Wake|100/100
|turn|1
|
|t:|1779637743
|move|p1a: Darkrai|Sludge Bomb|p2a: Walking Wake
|-damage|p2a: Walking Wake|63/100
|-status|p2a: Walking Wake|psn
|move|p2a: Walking Wake|Draco Meteor|p1a: Darkrai
|-enditem|p1a: Darkrai|Focus Sash
|-damage|p1a: Darkrai|1/100
|-unboost|p2a: Walking Wake|spa|2
|
|-damage|p2a: Walking Wake|51/100 psn|[from] psn
|upkeep
|turn|2
|
|t:|1779637758
|-end|p2a: Walking Wake|Protosynthesis|[silent]
|switch|p2a: Alomomola|Alomomola, F|100/100
|move|p1a: Darkrai|Dark Pulse|p2a: Alomomola
|-damage|p2a: Alomomola|67/100
|
|upkeep
|turn|3
|
|t:|1779637768
|switch|p1a: Dragonite|Dragonite, M|100/100
|move|p2a: Alomomola|Flip Turn|p1a: Dragonite
|-resisted|p1a: Dragonite
|-damage|p1a: Dragonite|97/100
|
|t:|1779637774
|switch|p2a: Torkoal|Torkoal, M|100/100|[from] Flip Turn
|-weather|SunnyDay|[from] ability: Drought|[of] p2a: Torkoal
|
|-weather|SunnyDay|[upkeep]
|-heal|p1a: Dragonite|100/100|[from] item: Leftovers
|upkeep
|turn|4
|
|t:|1779637784
|move|p1a: Dragonite|Dragon Dance|p1a: Dragonite
|-boost|p1a: Dragonite|atk|1
|-boost|p1a: Dragonite|spe|1
|move|p2a: Torkoal|Will-O-Wisp|p1a: Dragonite
|-status|p1a: Dragonite|brn
|
|-weather|SunnyDay|[upkeep]
|-damage|p1a: Dragonite|94/100 brn|[from] brn
|upkeep
|turn|5
|
|t:|1779637794
|move|p1a: Dragonite|Earthquake|p2a: Torkoal
|-supereffective|p2a: Torkoal
|-damage|p2a: Torkoal|75/100
|move|p2a: Torkoal|Stealth Rock|p1a: Dragonite
|-sidestart|p1: Windy189|move: Stealth Rock
|
|-weather|SunnyDay|[upkeep]
|-heal|p1a: Dragonite|100/100 brn|[from] item: Leftovers
|-damage|p1a: Dragonite|94/100 brn|[from] brn
|upkeep
|turn|6
|
|t:|1779637805
|switch|p2a: Pelipper|Pelipper, M|100/100
|-weather|RainDance|[from] ability: Drizzle|[of] p2a: Pelipper
|move|p1a: Dragonite|Dragon Dance|p1a: Dragonite
|-boost|p1a: Dragonite|atk|1
|-boost|p1a: Dragonite|spe|1
|
|-weather|RainDance|[upkeep]
|-heal|p1a: Dragonite|100/100 brn|[from] item: Leftovers
|-damage|p1a: Dragonite|94/100 brn|[from] brn
|upkeep
|turn|7
|
|t:|1779637818
|move|p1a: Dragonite|Extreme Speed|p2a: Pelipper
|-damage|p2a: Pelipper|82/100
|move|p2a: Pelipper|Hurricane|p1a: Dragonite
|-damage|p1a: Dragonite|62/100 brn
|
|-weather|RainDance|[upkeep]
|-heal|p1a: Dragonite|68/100 brn|[from] item: Leftovers
|-damage|p1a: Dragonite|62/100 brn|[from] brn
|upkeep
|turn|8
|
|t:|1779637828
|move|p1a: Dragonite|Extreme Speed|p2a: Pelipper
|-damage|p2a: Pelipper|63/100
|move|p2a: Pelipper|Hurricane|p1a: Dragonite
|-damage|p1a: Dragonite|28/100 brn
|
|-weather|RainDance|[upkeep]
|-heal|p1a: Dragonite|34/100 brn|[from] item: Leftovers
|-damage|p1a: Dragonite|28/100 brn|[from] brn
|upkeep
|turn|9
|
|t:|1779637838
|move|p1a: Dragonite|Roost|p1a: Dragonite
|-heal|p1a: Dragonite|78/100 brn
|-singleturn|p1a: Dragonite|move: Roost
|move|p2a: Pelipper|Roost|p2a: Pelipper
|-heal|p2a: Pelipper|100/100
|-singleturn|p2a: Pelipper|move: Roost
|
|-weather|RainDance|[upkeep]
|-heal|p1a: Dragonite|84/100 brn|[from] item: Leftovers
|-damage|p1a: Dragonite|78/100 brn|[from] brn
|upkeep
|turn|10
|inactive|Windy189 has 120 seconds left.
|
|t:|1779637869
|move|p1a: Dragonite|Roost|p1a: Dragonite
|-heal|p1a: Dragonite|100/100 brn
|-singleturn|p1a: Dragonite|move: Roost
|move|p2a: Pelipper|Hurricane|p1a: Dragonite
|-damage|p1a: Dragonite|84/100 brn
|
|-weather|RainDance|[upkeep]
|-heal|p1a: Dragonite|90/100 brn|[from] item: Leftovers
|-damage|p1a: Dragonite|84/100 brn|[from] brn
|upkeep
|turn|11
|inactive|Windy189 has 120 seconds left.
|
|t:|1779637885
|switch|p1a: Great Tusk|Great Tusk|100/100
|-damage|p1a: Great Tusk|98/100|[from] Stealth Rock
|-enditem|p1a: Great Tusk|Booster Energy
|-activate|p1a: Great Tusk|ability: Protosynthesis|[fromitem]
|-start|p1a: Great Tusk|protosynthesisatk
|move|p2a: Pelipper|U-turn|p1a: Great Tusk
|-resisted|p1a: Great Tusk
|-crit|p1a: Great Tusk
|-damage|p1a: Great Tusk|93/100
|
|t:|1779637888
|switch|p2a: Walking Wake|Walking Wake|51/100 psn|[from] U-turn
|
|-weather|RainDance|[upkeep]
|-damage|p2a: Walking Wake|39/100 psn|[from] psn
|upkeep
|turn|12
|inactive|Windy189 has 120 seconds left.
|
|t:|1779637901
|move|p2a: Walking Wake|Hydro Steam|p1a: Great Tusk
|-supereffective|p1a: Great Tusk
|-damage|p1a: Great Tusk|0 fnt
|faint|p1a: Great Tusk
|-end|p1a: Great Tusk|Protosynthesis|[silent]
|
|-weather|RainDance|[upkeep]
|-damage|p2a: Walking Wake|26/100 psn|[from] psn
|upkeep
|inactive|Windy189 has 120 seconds left.
|
|t:|1779637909
|switch|p1a: Dragonite|Dragonite, M|84/100 brn
|-damage|p1a: Dragonite|59/100 brn|[from] Stealth Rock
|turn|13
|
|t:|1779637914
|-end|p2a: Walking Wake|Protosynthesis|[silent]
|switch|p2a: Hatterene|Hatterene, F, shiny|100/100
|move|p1a: Dragonite|Dragon Dance|p1a: Dragonite
|-boost|p1a: Dragonite|atk|1
|-boost|p1a: Dragonite|spe|1
|
|-weather|none
|-heal|p1a: Dragonite|65/100 brn|[from] item: Leftovers
|-damage|p1a: Dragonite|59/100 brn|[from] brn
|upkeep
|turn|14
|
|t:|1779637925
|move|p1a: Dragonite|Earthquake|p2a: Hatterene
|-damage|p2a: Hatterene|83/100
|-enditem|p2a: Hatterene|Eject Button
|
|t:|1779637933
|switch|p2a: Alomomola|Alomomola, F|100/100
|
|-heal|p1a: Dragonite|65/100 brn|[from] item: Leftovers
|-damage|p1a: Dragonite|59/100 brn|[from] brn
|upkeep
|turn|15
|
|t:|1779637941
|move|p1a: Dragonite|Earthquake|p2a: Alomomola
|-damage|p2a: Alomomola|82/100
|move|p2a: Alomomola|Wish|p2a: Alomomola
|
|-heal|p1a: Dragonite|65/100 brn|[from] item: Leftovers
|-damage|p1a: Dragonite|59/100 brn|[from] brn
|upkeep
|turn|16
|
|t:|1779637956
|switch|p1a: Pawmot|Pawmot, F, shiny|100/100
|-damage|p1a: Pawmot|94/100|[from] Stealth Rock
|move|p2a: Alomomola|Flip Turn|p1a: Pawmot
|-damage|p1a: Pawmot|65/100
|
|t:|1779637964
|switch|p2a: Walking Wake|Walking Wake|26/100 psn|[from] Flip Turn
|
|-heal|p2a: Walking Wake|100/100 psn|[from] move: Wish|[wisher] Alomomola
|-damage|p2a: Walking Wake|88/100 psn|[from] psn
|upkeep
|turn|17
|
|t:|1779637972
|move|p2a: Walking Wake|Draco Meteor|p1a: Pawmot
|-damage|p1a: Pawmot|0 fnt
|-unboost|p2a: Walking Wake|spa|2
|faint|p1a: Pawmot
|
|-damage|p2a: Walking Wake|76/100 psn|[from] psn
|upkeep
|-message|Windy189 forfeited.
|
|win|esta man oe
|raw|Windy189's rating: 1365 &rarr; <strong>1347</strong><br />(-18 for losing)
|raw|esta man oe's rating: 1400 &rarr; <strong>1418</strong><br />(+18 for winning)
|l|☆Windy189
|player|p1|
