|j|☆Marraquet0
|j|☆akazelol
|t:|1779603250
|gametype|singles
|player|p1|Marraquet0|265|1126
|player|p2|akazelol|n|1135
|gen|9
|tier|[Gen 9] OU
|rated|
|rule|HP Percentage Mod: HP is shown in percentages
|rule|Endless Battle Clause: Forcing endless battles is banned
|rule|Species Clause: Limit one of each Pokémon
|rule|OHKO Clause: OHKO moves are banned
|rule|Evasion Items Clause: Evasion items are banned
|rule|Evasion Moves Clause: Evasion moves are banned
|rule|Evasion Abilities Clause: Evasion abilities are banned
|rule|Sleep Moves Clause: Sleep-inducing moves are banned
|clearpoke
|poke|p1|Weezing-Galar, M|
|poke|p1|Ogerpon, F|
|poke|p1|Skarmory, M|
|poke|p1|Alomomola, M|
|poke|p1|Clodsire, M|
|poke|p1|Hydreigon, M|
|poke|p2|Zoroark, F|
|poke|p2|Reuniclus, F|
|poke|p2|Mandibuzz, F|
|poke|p2|Hydreigon, M|
|poke|p2|Serperior, M|
|poke|p2|Excadrill, M|
|teampreview
|inactive|Battle timer is ON: inactive players will automatically lose when time's up. (requested by akazelol)
|inactive|Marraquet0 has 120 seconds left.
|
|t:|1779603285
|teamsize|p1|6
|teamsize|p2|6
|start
|switch|p1a: Endless Nameless|Clodsire, M, shiny|100/100
|switch|p2a: Excadrill|Excadrill, M|100/100
|turn|1
|
|t:|1779603302
|move|p2a: Excadrill|Nasty Plot|p2a: Excadrill
|-boost|p2a: Excadrill|spa|2
|move|p1a: Endless Nameless|Earthquake|p2a: Excadrill
|-damage|p2a: Excadrill|48/100
|replace|p2a: Zoroark|Zoroark, F
|-end|p2a: Zoroark|Illusion
|
|upkeep
|turn|2
|inactive|Marraquet0 has 120 seconds left.
|
|t:|1779603332
|move|p2a: Zoroark|Dark Pulse|p1a: Endless Nameless
|-damage|p1a: Endless Nameless|78/100
|move|p1a: Endless Nameless|Stealth Rock|p2a: Zoroark
|-sidestart|p2: akazelol|move: Stealth Rock
|
|upkeep
|turn|3
|
|t:|1779603339
|move|p2a: Zoroark|Dark Pulse|p1a: Endless Nameless
|-damage|p1a: Endless Nameless|59/100
|move|p1a: Endless Nameless|Earthquake|p2a: Zoroark
|-crit|p2a: Zoroark
|-damage|p2a: Zoroark|0 fnt
|faint|p2a: Zoroark
|
|upkeep
|
|t:|1779603356
|switch|p2a: Serperior|Serperior, M|100/100
|-damage|p2a: Serperior|88/100|[from] Stealth Rock
|turn|4
|
|t:|1779603364
|move|p2a: Serperior|Glare|p1a: Endless Nameless
|-status|p1a: Endless Nameless|par
|move|p1a: Endless Nameless|Toxic|p2a: Serperior
|-status|p2a: Serperior|tox
|
|-heal|p2a: Serperior|94/100 tox|[from] item: Leftovers
|-damage|p2a: Serperior|88/100 tox|[from] psn
|upkeep
|turn|5
|
|t:|1779603380
|move|p2a: Serperior|Leaf Storm|p1a: Endless Nameless
|-damage|p1a: Endless Nameless|34/100 par
|-boost|p2a: Serperior|spa|2
|move|p1a: Endless Nameless|Recover|p1a: Endless Nameless
|-heal|p1a: Endless Nameless|84/100 par
|
|-heal|p2a: Serperior|94/100 tox|[from] item: Leftovers
|-damage|p2a: Serperior|82/100 tox|[from] psn
|upkeep
|turn|6
|
|t:|1779603392
|move|p2a: Serperior|Leaf Storm|p1a: Endless Nameless
|-damage|p1a: Endless Nameless|57/100 par
|-boost|p2a: Serperior|spa|2
|move|p1a: Endless Nameless|Earthquake|p2a: Serperior
|-resisted|p2a: Serperior
|-damage|p2a: Serperior|64/100 tox
|
|-heal|p2a: Serperior|70/100 tox|[from] item: Leftovers
|-damage|p2a: Serperior|52/100 tox|[from] psn
|upkeep
|turn|7
|
|t:|1779603405
|move|p2a: Serperior|Leaf Storm|p1a: Endless Nameless
|-damage|p1a: Endless Nameless|34/100 par
|-boost|p2a: Serperior|spa|2
|move|p1a: Endless Nameless|Earthquake|p2a: Serperior
|-resisted|p2a: Serperior
|-damage|p2a: Serperior|34/100 tox
|
|-heal|p2a: Serperior|40/100 tox|[from] item: Leftovers
|-damage|p2a: Serperior|16/100 tox|[from] psn
|upkeep
|turn|8
|
|t:|1779603421
|move|p2a: Serperior|Dragon Pulse|p1a: Endless Nameless
|-damage|p1a: Endless Nameless|22/100 par
|move|p1a: Endless Nameless|Recover|p1a: Endless Nameless
|-heal|p1a: Endless Nameless|72/100 par
|
|-heal|p2a: Serperior|22/100 tox|[from] item: Leftovers
|-damage|p2a: Serperior|0 fnt|[from] psn
|faint|p2a: Serperior
|upkeep
|-message|akazelol forfeited.
|
|win|Marraquet0
|raw|Marraquet0's rating: 1126 &rarr; <strong>1154</strong><br />(+28 for winning)
|raw|akazelol's rating: 1162 &rarr; <strong>1134</strong><br />(-28 for losing)
|l|☆akazelol
|player|p2|
