|j|☆nastykarma
|j|☆AP Precalculus
|t:|1779604502
|gametype|singles
|player|p1|nastykarma|170|1309
|player|p2|AP Precalculus|workerice|1325
|gen|9
|tier|[Gen 9] OU
|rated|
|rule|HP Percentage Mod: HP is shown in percentages
|rule|Endless Battle Clause: Forcing endless battles is banned
|rule|Species Clause: Limit one of each Pokémon
|rule|OHKO Clause: OHKO moves are banned
|rule|Evasion Items Clause: Evasion items are banned
|rule|Evasion Moves Clause: Evasion moves are banned
|rule|Evasion Abilities Clause: Evasion abilities are banned
|rule|Sleep Moves Clause: Sleep-inducing moves are banned
|clearpoke
|poke|p1|Deoxys-Speed|
|poke|p1|Magnezone|
|poke|p1|Darkrai|
|poke|p1|Great Tusk|
|poke|p1|Rillaboom, F|
|poke|p1|Salamence, M|
|poke|p2|Grimmsnarl, M|
|poke|p2|Latios, M|
|poke|p2|Glimmora, F|
|poke|p2|Iron Moth|
|poke|p2|Iron Hands|
|poke|p2|Kommo-o, F|
|teampreview
|inactive|Battle timer is ON: inactive players will automatically lose when time's up. (requested by AP Precalculus)
|inactive|nastykarma also wants the timer to be on.
|inactive|nastykarma has 120 seconds left.
|
|t:|1779604533
|teamsize|p1|6
|teamsize|p2|6
|start
|switch|p1a: Deoxys|Deoxys-Speed|100/100
|switch|p2a: Mr Grimm|Grimmsnarl, M|100/100
|-ability|p1a: Deoxys|Pressure
|turn|1
|
|t:|1779604541
|move|p2a: Mr Grimm|Reflect|p2a: Mr Grimm
|-sidestart|p2: AP Precalculus|Reflect
|move|p1a: Deoxys|Taunt|p2a: Mr Grimm
|-start|p2a: Mr Grimm|move: Taunt
|
|upkeep
|turn|2
|
|t:|1779604555
|move|p1a: Deoxys|Reflect|p1a: Deoxys
|-sidestart|p1: nastykarma|Reflect
|move|p2a: Mr Grimm|Spirit Break|p1a: Deoxys
|-damage|p1a: Deoxys|82/100
|-unboost|p1a: Deoxys|spa|1
|
|upkeep
|turn|3
|
|t:|1779604558
|move|p1a: Deoxys|Light Screen|p1a: Deoxys
|-sidestart|p1: nastykarma|move: Light Screen
|move|p2a: Mr Grimm|Spirit Break|p1a: Deoxys
|-damage|p1a: Deoxys|64/100
|-unboost|p1a: Deoxys|spa|1
|
|upkeep
|turn|4
|
|t:|1779604562
|move|p2a: Mr Grimm|Spirit Break|p1a: Deoxys
|-damage|p1a: Deoxys|45/100
|-unboost|p1a: Deoxys|spa|1
|move|p1a: Deoxys|Teleport|p1a: Deoxys
|
|t:|1779604569
|switch|p1a: Rillaboom|Rillaboom, F|100/100|[from] Teleport
|-fieldstart|move: Grassy Terrain|[from] ability: Grassy Surge|[of] p1a: Rillaboom
|
|-end|p2a: Mr Grimm|move: Taunt
|upkeep
|turn|5
|
|t:|1779604573
|move|p2a: Mr Grimm|Light Screen|p2a: Mr Grimm
|-sidestart|p2: AP Precalculus|move: Light Screen
|move|p1a: Rillaboom|Swords Dance|p1a: Rillaboom
|-boost|p1a: Rillaboom|atk|2
|
|upkeep
|turn|6
|
|t:|1779604577
|move|p2a: Mr Grimm|Taunt|p1a: Rillaboom
|-start|p1a: Rillaboom|move: Taunt
|move|p1a: Rillaboom|Wood Hammer|p2a: Mr Grimm
|-damage|p2a: Mr Grimm|0 fnt
|faint|p2a: Mr Grimm
|-damage|p1a: Rillaboom|62/100|[from] Recoil
|
|-heal|p1a: Rillaboom|69/100|[from] Grassy Terrain
|upkeep
|
|t:|1779604581
|switch|p2a: a bug?|Iron Moth|100/100
|-enditem|p2a: a bug?|Booster Energy
|-activate|p2a: a bug?|ability: Quark Drive|[fromitem]
|-start|p2a: a bug?|quarkdrivespa
|turn|7
|
|t:|1779604599
|move|p2a: a bug?|Fiery Dance|p1a: Rillaboom
|-supereffective|p1a: Rillaboom
|-damage|p1a: Rillaboom|0 fnt
|-boost|p2a: a bug?|spa|1
|faint|p1a: Rillaboom
|
|upkeep
|
|t:|1779604605
|switch|p1a: Salamence|Salamence, M|100/100
|turn|8
|
|t:|1779604613
|move|p2a: a bug?|Sludge Wave|p1a: Salamence
|-damage|p1a: Salamence|42/100
|move|p1a: Salamence|Dragon Dance|p1a: Salamence
|-boost|p1a: Salamence|atk|1
|-boost|p1a: Salamence|spe|1
|
|-sideend|p2: AP Precalculus|Reflect
|-fieldend|move: Grassy Terrain
|upkeep
|turn|9
|
|t:|1779604621
|move|p1a: Salamence|Earthquake|p2a: a bug?
|-supereffective|p2a: a bug?
|-damage|p2a: a bug?|0 fnt
|faint|p2a: a bug?
|-end|p2a: a bug?|Quark Drive|[silent]
|-ability|p1a: Salamence|Moxie|boost
|-boost|p1a: Salamence|atk|1
|
|-sideend|p1: nastykarma|Reflect
|upkeep
|
|t:|1779604627
|switch|p2a: Bing Bong|Glimmora, F|100/100
|turn|10
|
|t:|1779604630
|move|p1a: Salamence|Earthquake|p2a: Bing Bong
|-supereffective|p2a: Bing Bong
|-enditem|p2a: Bing Bong|Focus Sash
|-damage|p2a: Bing Bong|1/100
|-activate|p2a: Bing Bong|ability: Toxic Debris
|-sidestart|p1: nastykarma|move: Toxic Spikes
|move|p2a: Bing Bong|Power Gem|p1a: Salamence
|-supereffective|p1a: Salamence
|-damage|p1a: Salamence|0 fnt
|faint|p1a: Salamence
|
|-sideend|p1: nastykarma|move: Light Screen
|upkeep
|
|t:|1779604639
|switch|p1a: Great Tusk|Great Tusk|100/100
|turn|11
|
|t:|1779604650
|switch|p2a: Which One|Latios, M, shiny|100/100
|move|p1a: Great Tusk|Rapid Spin|p2a: Which One
|-damage|p2a: Which One|82/100
|-boost|p1a: Great Tusk|spe|1
|-sideend|p1: nastykarma|Toxic Spikes|[from] move: Rapid Spin|[of] p1a: Great Tusk
|
|upkeep
|turn|12
|
|t:|1779604658
|move|p1a: Great Tusk|Ice Spinner|p2a: Which One
|-supereffective|p2a: Which One
|-damage|p2a: Which One|28/100
|-enditem|p2a: Which One|Weakness Policy
|-boost|p2a: Which One|atk|2|[from] item: Weakness Policy
|-boost|p2a: Which One|spa|2|[from] item: Weakness Policy
|move|p2a: Which One|Agility|p2a: Which One
|-boost|p2a: Which One|spe|2
|
|-sideend|p2: AP Precalculus|move: Light Screen
|upkeep
|turn|13
|
|t:|1779604664
|move|p2a: Which One|Stored Power|p1a: Great Tusk
|-supereffective|p1a: Great Tusk
|-damage|p1a: Great Tusk|0 fnt
|faint|p1a: Great Tusk
|-end|p1a: Great Tusk|Protosynthesis|[silent]
|
|upkeep
|
|t:|1779604669
|switch|p1a: Deoxys|Deoxys-Speed|45/100
|-ability|p1a: Deoxys|Pressure
|turn|14
|
|t:|1779604674
|move|p2a: Which One|Stored Power|p1a: Deoxys
|-resisted|p1a: Deoxys
|-damage|p1a: Deoxys|0 fnt
|faint|p1a: Deoxys
|
|upkeep
|
|t:|1779604676
|switch|p1a: Magnezone|Magnezone|100/100
|turn|15
|
|t:|1779604686
|move|p2a: Which One|Aura Sphere|p1a: Magnezone
|-supereffective|p1a: Magnezone
|-damage|p1a: Magnezone|24/100
|move|p1a: Magnezone|Flash Cannon|p2a: Which One
|-damage|p2a: Which One|0 fnt
|faint|p2a: Which One
|
|upkeep
|
|t:|1779604696
|switch|p2a: Bing Bong|Glimmora, F|1/100
|turn|16
|
|t:|1779604700
|move|p2a: Bing Bong|Stealth Rock|p1a: Magnezone
|-sidestart|p1: nastykarma|move: Stealth Rock
|move|p1a: Magnezone|Flash Cannon|p2a: Bing Bong
|-supereffective|p2a: Bing Bong
|-crit|p2a: Bing Bong
|-damage|p2a: Bing Bong|0 fnt
|faint|p2a: Bing Bong
|
|upkeep
|
|t:|1779604722
|switch|p2a: THE HANDS|Iron Hands|100/100
|turn|17
|
|t:|1779604727
|move|p2a: THE HANDS|Belly Drum|p2a: THE HANDS
|-damage|p2a: THE HANDS|50/100
|-setboost|p2a: THE HANDS|atk|6|[from] move: Belly Drum
|-enditem|p2a: THE HANDS|Sitrus Berry|[eat]
|-heal|p2a: THE HANDS|75/100|[from] item: Sitrus Berry
|move|p1a: Magnezone|Flash Cannon|p2a: THE HANDS
|-resisted|p2a: THE HANDS
|-damage|p2a: THE HANDS|53/100
|
|upkeep
|turn|18
|
|t:|1779604736
|move|p2a: THE HANDS|Drain Punch|p1a: Magnezone
|-supereffective|p1a: Magnezone
|-damage|p1a: Magnezone|0 fnt
|-heal|p2a: THE HANDS|61/100|[from] drain|[of] p1a: Magnezone
|faint|p1a: Magnezone
|
|upkeep
|inactive|nastykarma has 120 seconds left.
|
|t:|1779604794
|switch|p1a: Darkrai|Darkrai|100/100
|-damage|p1a: Darkrai|88/100|[from] Stealth Rock
|turn|19
|
|t:|1779604802
|-terastallize|p1a: Darkrai|Poison
|move|p1a: Darkrai|Nasty Plot|p1a: Darkrai
|-boost|p1a: Darkrai|spa|2
|move|p2a: THE HANDS|Drain Punch|p1a: Darkrai
|-resisted|p1a: Darkrai
|-damage|p1a: Darkrai|0 fnt
|-heal|p2a: THE HANDS|86/100|[from] drain|[of] p1a: Darkrai
|faint|p1a: Darkrai
|
|win|AP Precalculus
|raw|nastykarma's rating: 1309 &rarr; <strong>1290</strong><br />(-19 for losing)
|raw|AP Precalculus's rating: 1325 &rarr; <strong>1344</strong><br />(+19 for winning)
|l|☆AP Precalculus
|player|p2|
|l|☆nastykarma
|player|p1|
