|j|☆mechamakachino
|j|☆jojosworld
|t:|1779597349
|gametype|singles
|player|p1|mechamakachino|266|1488
|player|p2|jojosworld|bellelba|1528
|gen|9
|tier|[Gen 9] OU
|rated|
|rule|HP Percentage Mod: HP is shown in percentages
|rule|Endless Battle Clause: Forcing endless battles is banned
|rule|Species Clause: Limit one of each Pokémon
|rule|OHKO Clause: OHKO moves are banned
|rule|Evasion Items Clause: Evasion items are banned
|rule|Evasion Moves Clause: Evasion moves are banned
|rule|Evasion Abilities Clause: Evasion abilities are banned
|rule|Sleep Moves Clause: Sleep-inducing moves are banned
|clearpoke
|poke|p1|Darkrai|
|poke|p1|Garchomp, M|
|poke|p1|Alomomola, M|
|poke|p1|Corviknight, M|
|poke|p1|Weezing-Galar, M|
|poke|p1|Ogerpon, F|
|poke|p2|Corviknight, F|
|poke|p2|Alomomola, F|
|poke|p2|Lokix, F|
|poke|p2|Slowking-Galar, F|
|poke|p2|Dragapult, F|
|poke|p2|Fezandipiti, M|
|teampreview
|inactive|Battle timer is ON: inactive players will automatically lose when time's up. (requested by jojosworld)
|
|t:|1779597361
|teamsize|p1|6
|teamsize|p2|6
|start
|switch|p1a: Darkrai|Darkrai|100/100
|switch|p2a: Dragapult|Dragapult, F, shiny|100/100
|turn|1
|
|t:|1779597366
|switch|p2a: Fezandipiti|Fezandipiti, M|100/100
|switch|p1a: Alomomola|Alomomola, M|100/100
|
|upkeep
|turn|2
|
|t:|1779597371
|move|p2a: Fezandipiti|Beat Up|p1a: Alomomola
|-damage|p1a: Alomomola|98/100
|-status|p1a: Alomomola|tox|[from] ability: Toxic Chain|[of] p2a: Fezandipiti
|-damage|p1a: Alomomola|95/100 tox
|-damage|p1a: Alomomola|92/100 tox
|-damage|p1a: Alomomola|90/100 tox
|-damage|p1a: Alomomola|88/100 tox
|-damage|p1a: Alomomola|85/100 tox
|-hitcount|p1a: Alomomola|6
|move|p1a: Alomomola|Flip Turn|p2a: Fezandipiti
|-damage|p2a: Fezandipiti|83/100
|
|t:|1779597378
|switch|p1a: Garchomp|Garchomp, M|100/100|[from] Flip Turn
|
|upkeep
|turn|3
|
|t:|1779597390
|switch|p2a: Corviknight|Corviknight, F, shiny|100/100
|-ability|p2a: Corviknight|Pressure
|move|p1a: Garchomp|Stealth Rock|p2a: Corviknight
|-sidestart|p2: jojosworld|move: Stealth Rock
|
|upkeep
|turn|4
|
|t:|1779597393
|switch|p1a: Darkrai|Darkrai|100/100
|move|p2a: Corviknight|Defog|p1a: Darkrai
|-unboost|p1a: Darkrai|evasion|1
|-sideend|p2: jojosworld|Stealth Rock|[from] move: Defog|[of] p2a: Corviknight
|
|upkeep
|turn|5
|
|t:|1779597398
|switch|p2a: Fezandipiti|Fezandipiti, M|83/100
|move|p1a: Darkrai|Dark Pulse|p2a: Fezandipiti
|-resisted|p2a: Fezandipiti
|-damage|p2a: Fezandipiti|64/100
|
|upkeep
|turn|6
|
|t:|1779597411
|switch|p1a: Corviknight|Corviknight, M|100/100
|-ability|p1a: Corviknight|Pressure
|move|p2a: Fezandipiti|Roost|p2a: Fezandipiti
|-heal|p2a: Fezandipiti|100/100
|-singleturn|p2a: Fezandipiti|move: Roost
|
|upkeep
|turn|7
|
|t:|1779597415
|switch|p2a: Corviknight|Corviknight, F, shiny|100/100
|-ability|p2a: Corviknight|Pressure
|move|p1a: Corviknight|U-turn|p2a: Corviknight
|-resisted|p2a: Corviknight
|-damage|p2a: Corviknight|98/100
|-damage|p1a: Corviknight|84/100|[from] item: Rocky Helmet|[of] p2a: Corviknight
|
|t:|1779597419
|switch|p1a: Weezing|Weezing-Galar, M|100/100|[from] U-turn
|-ability|p1a: Weezing|Neutralizing Gas
|
|upkeep
|turn|8
|
|t:|1779597422
|move|p2a: Corviknight|U-turn|p1a: Weezing
|-resisted|p1a: Weezing
|-damage|p1a: Weezing|98/100
|j| Pakas123
|
|t:|1779597425
|switch|p2a: Slowking|Slowking-Galar, F, shiny|100/100|[from] U-turn
|move|p1a: Weezing|Will-O-Wisp|p2a: Slowking
|-status|p2a: Slowking|brn
|
|-heal|p1a: Weezing|100/100|[from] item: Leftovers
|-damage|p2a: Slowking|94/100 brn|[from] brn
|upkeep
|turn|9
|
|t:|1779597430
|-end|p1a: Weezing|ability: Neutralizing Gas
|switch|p1a: Alomomola|Alomomola, M|100/100 tox
|-prepare|p2a: Slowking|Chilly Reception|[premajor]
|move|p2a: Slowking|Chilly Reception|p2a: Slowking
|-weather|Snowscape
|
|t:|1779597434
|switch|p2a: Dragapult|Dragapult, F, shiny|100/100|[from] Chilly Reception
|
|-weather|Snowscape|[upkeep]
|-damage|p1a: Alomomola|94/100 tox|[from] psn
|upkeep
|turn|10
|
|t:|1779597440
|move|p2a: Dragapult|Dragon Darts|p1a: Alomomola
|-damage|p1a: Alomomola|78/100 tox
|-anim|p2a: Dragapult|Dragon Darts|p1a: Alomomola
|-damage|p1a: Alomomola|61/100 tox
|move|p1a: Alomomola|Mirror Coat||[still]
|-fail|p1a: Alomomola
|
|-weather|Snowscape|[upkeep]
|-damage|p1a: Alomomola|49/100 tox|[from] psn
|upkeep
|turn|11
|
|t:|1779597446
|switch|p1a: Weezing|Weezing-Galar, M|100/100
|-ability|p1a: Weezing|Neutralizing Gas
|move|p2a: Dragapult|Will-O-Wisp|p1a: Weezing|[miss]
|-miss|p2a: Dragapult|p1a: Weezing
|
|-weather|Snowscape|[upkeep]
|upkeep
|turn|12
|
|t:|1779597452
|-end|p1a: Weezing|ability: Neutralizing Gas
|switch|p1a: Garchomp|Garchomp, M|100/100
|move|p2a: Dragapult|U-turn|p1a: Garchomp
|-damage|p1a: Garchomp|88/100
|-damage|p2a: Dragapult|88/100|[from] ability: Rough Skin|[of] p1a: Garchomp
|-damage|p2a: Dragapult|72/100|[from] item: Rocky Helmet|[of] p1a: Garchomp
|
|t:|1779597462
|switch|p2a: Corviknight|Corviknight, F, shiny|98/100|[from] U-turn
|-ability|p2a: Corviknight|Pressure
|
|-weather|Snowscape|[upkeep]
|upkeep
|turn|13
|
|t:|1779597466
|move|p1a: Garchomp|Spikes|p2a: Corviknight
|-sidestart|p2: jojosworld|Spikes
|move|p2a: Corviknight|U-turn|p1a: Garchomp
|-crit|p1a: Garchomp
|-damage|p1a: Garchomp|74/100
|-damage|p2a: Corviknight|86/100|[from] ability: Rough Skin|[of] p1a: Garchomp
|-damage|p2a: Corviknight|70/100|[from] item: Rocky Helmet|[of] p1a: Garchomp
|
|t:|1779597468
|switch|p2a: Alomomola|Alomomola, F, shiny|100/100|[from] U-turn
|
|-weather|none
|upkeep
|turn|14
|
|t:|1779597471
|move|p1a: Garchomp|Stealth Rock|p2a: Alomomola
|-sidestart|p2: jojosworld|move: Stealth Rock
|move|p2a: Alomomola|Wish|p2a: Alomomola
|
|upkeep
|turn|15
|
|t:|1779597474
|move|p2a: Alomomola|Flip Turn|p1a: Garchomp
|-damage|p1a: Garchomp|64/100
|-damage|p2a: Alomomola|88/100|[from] ability: Rough Skin|[of] p1a: Garchomp
|-damage|p2a: Alomomola|71/100|[from] item: Rocky Helmet|[of] p1a: Garchomp
|
|t:|1779597478
|switch|p2a: Slowking|Slowking-Galar, F, shiny|100/100 brn|[from] Flip Turn
|move|p1a: Garchomp|Dragon Tail|p2a: Slowking
|-damage|p2a: Slowking|72/100 brn
|drag|p2a: Corviknight|Corviknight, F, shiny|70/100
|-damage|p2a: Corviknight|57/100|[from] Stealth Rock
|-ability|p2a: Corviknight|Pressure
|
|-heal|p2a: Corviknight|100/100|[from] move: Wish|[wisher] Alomomola
|upkeep
|turn|16
|
|t:|1779597486
|switch|p1a: Darkrai|Darkrai|100/100
|move|p2a: Corviknight|Defog|p1a: Darkrai
|-unboost|p1a: Darkrai|evasion|1
|-sideend|p2: jojosworld|Spikes|[from] move: Defog|[of] p2a: Corviknight
|-sideend|p2: jojosworld|Stealth Rock|[from] move: Defog|[of] p2a: Corviknight
|
|upkeep
|turn|17
|
|t:|1779597491
|move|p1a: Darkrai|Trick|p2a: Corviknight
|-activate|p1a: Darkrai|move: Trick|[of] p2a: Corviknight
|-item|p2a: Corviknight|Choice Specs|[from] move: Trick
|-item|p1a: Darkrai|Rocky Helmet|[from] move: Trick
|move|p2a: Corviknight|U-turn|p1a: Darkrai
|-supereffective|p1a: Darkrai
|-damage|p1a: Darkrai|60/100
|-damage|p2a: Corviknight|84/100|[from] item: Rocky Helmet|[of] p1a: Darkrai
|
|t:|1779597494
|switch|p2a: Dragapult|Dragapult, F, shiny|72/100|[from] U-turn
|
|upkeep
|turn|18
|
|t:|1779597497
|switch|p1a: Weezing|Weezing-Galar, M|100/100
|-ability|p1a: Weezing|Neutralizing Gas
|move|p2a: Dragapult|Dragon Darts|p1a: Weezing
|-immune|p1a: Weezing
|
|upkeep
|turn|19
|
|t:|1779597505
|move|p2a: Dragapult|Will-O-Wisp|p1a: Weezing
|-status|p1a: Weezing|brn
|move|p1a: Weezing|Will-O-Wisp|p2a: Dragapult
|-status|p2a: Dragapult|brn
|
|-damage|p2a: Dragapult|66/100 brn|[from] brn
|-damage|p1a: Weezing|94/100 brn|[from] brn
|upkeep
|turn|20
|
|t:|1779597509
|-terastallize|p2a: Dragapult|Ghost
|move|p2a: Dragapult|Hex|p1a: Weezing
|-damage|p1a: Weezing|0 fnt
|faint|p1a: Weezing
|-end|p1a: Weezing|ability: Neutralizing Gas
|
|-damage|p2a: Dragapult|60/100 brn|[from] brn
|upkeep
|
|t:|1779597517
|switch|p1a: Ogerpon|Ogerpon, F|100/100
|turn|21
|
|t:|1779597524
|switch|p2a: Corviknight|Corviknight, F, shiny|84/100
|-ability|p2a: Corviknight|Pressure
|-terastallize|p1a: Ogerpon|Grass
|detailschange|p1a: Ogerpon|Ogerpon-Teal-Tera, F, tera:Grass
|-ability|p1a: Ogerpon|Embody Aspect (Teal)|boost
|-boost|p1a: Ogerpon|spe|1
|move|p1a: Ogerpon|Ivy Cudgel|p2a: Corviknight
|-resisted|p2a: Corviknight
|-crit|p2a: Corviknight
|-damage|p2a: Corviknight|69/100
|
|upkeep
|turn|22
|
|t:|1779597534
|move|p1a: Ogerpon|Swords Dance|p1a: Ogerpon
|-boost|p1a: Ogerpon|atk|2
|move|p2a: Corviknight|Roost|p2a: Corviknight
|-heal|p2a: Corviknight|100/100
|-singleturn|p2a: Corviknight|move: Roost
|
|upkeep
|turn|23
|
|t:|1779597537
|switch|p2a: Fezandipiti|Fezandipiti, M|100/100
|move|p1a: Ogerpon|Swords Dance|p1a: Ogerpon
|-boost|p1a: Ogerpon|atk|2
|
|upkeep
|turn|24
|
|t:|1779597541
|switch|p2a: Corviknight|Corviknight, F, shiny|100/100
|-ability|p2a: Corviknight|Pressure
|move|p1a: Ogerpon|Ivy Cudgel|p2a: Corviknight
|-resisted|p2a: Corviknight
|-damage|p2a: Corviknight|70/100
|
|upkeep
|turn|25
|
|t:|1779597545
|move|p1a: Ogerpon|Swords Dance|p1a: Ogerpon
|-boost|p1a: Ogerpon|atk|2
|move|p2a: Corviknight|U-turn|p1a: Ogerpon
|-supereffective|p1a: Ogerpon
|-damage|p1a: Ogerpon|66/100
|
|t:|1779597548
|switch|p2a: Lokix|Lokix, F, shiny|100/100|[from] U-turn
|
|upkeep
|turn|26
|
|t:|1779597550
|switch|p1a: Garchomp|Garchomp, M|64/100
|move|p2a: Lokix|First Impression|p1a: Garchomp
|-damage|p1a: Garchomp|23/100
|-damage|p2a: Lokix|88/100|[from] ability: Rough Skin|[of] p1a: Garchomp
|-damage|p2a: Lokix|72/100|[from] item: Rocky Helmet|[of] p1a: Garchomp
|
|upkeep
|turn|27
|
|t:|1779597553
|switch|p2a: Corviknight|Corviknight, F, shiny|70/100
|-ability|p2a: Corviknight|Pressure
|switch|p1a: Ogerpon|Ogerpon-Teal-Tera, F, tera:Grass|66/100
|-ability|p1a: Ogerpon|Embody Aspect (Teal)|boost
|-boost|p1a: Ogerpon|spe|1
|
|upkeep
|turn|28
|
|t:|1779597556
|switch|p1a: Garchomp|Garchomp, M|23/100
|move|p2a: Corviknight|U-turn|p1a: Garchomp
|-damage|p1a: Garchomp|15/100
|-damage|p2a: Corviknight|58/100|[from] ability: Rough Skin|[of] p1a: Garchomp
|-damage|p2a: Corviknight|42/100|[from] item: Rocky Helmet|[of] p1a: Garchomp
|
|t:|1779597559
|switch|p2a: Dragapult|Dragapult, F, shiny, tera:Ghost|60/100 brn|[from] U-turn
|
|-damage|p2a: Dragapult|54/100 brn|[from] brn
|upkeep
|turn|29
|
|t:|1779597561
|switch|p1a: Alomomola|Alomomola, M|82/100 tox
|move|p2a: Dragapult|Hex|p1a: Alomomola
|-damage|p1a: Alomomola|45/100 tox
|
|-damage|p1a: Alomomola|39/100 tox|[from] psn
|-damage|p2a: Dragapult|48/100 brn|[from] brn
|upkeep
|turn|30
|
|t:|1779597566
|move|p1a: Alomomola|Aqua Jet|p2a: Dragapult
|-damage|p2a: Dragapult|32/100 brn
|move|p2a: Dragapult|Dragon Darts|p1a: Alomomola
|-damage|p1a: Alomomola|32/100 tox
|-anim|p2a: Dragapult|Dragon Darts|p1a: Alomomola
|-damage|p1a: Alomomola|24/100 tox
|
|-damage|p1a: Alomomola|12/100 tox|[from] psn
|-damage|p2a: Dragapult|26/100 brn|[from] brn
|upkeep
|turn|31
|
|t:|1779597572
|move|p1a: Alomomola|Aqua Jet|p2a: Dragapult
|-damage|p2a: Dragapult|12/100 brn
|move|p2a: Dragapult|Hex|p1a: Alomomola
|-damage|p1a: Alomomola|0 fnt
|faint|p1a: Alomomola
|
|-damage|p2a: Dragapult|6/100 brn|[from] brn
|upkeep
|
|t:|1779597573
|switch|p1a: Ogerpon|Ogerpon-Teal-Tera, F, tera:Grass|66/100
|-ability|p1a: Ogerpon|Embody Aspect (Teal)|boost
|-boost|p1a: Ogerpon|spe|1
|turn|32
|
|t:|1779597576
|switch|p2a: Corviknight|Corviknight, F, shiny|42/100
|-ability|p2a: Corviknight|Pressure
|move|p1a: Ogerpon|Swords Dance|p1a: Ogerpon
|-boost|p1a: Ogerpon|atk|2
|
|upkeep
|turn|33
|
|t:|1779597579
|move|p1a: Ogerpon|Knock Off|p2a: Corviknight
|-damage|p2a: Corviknight|4/100
|-enditem|p2a: Corviknight|Choice Specs|[from] move: Knock Off|[of] p1a: Ogerpon
|move|p2a: Corviknight|U-turn|p1a: Ogerpon
|-supereffective|p1a: Ogerpon
|-damage|p1a: Ogerpon|27/100
|
|t:|1779597582
|switch|p2a: Lokix|Lokix, F, shiny|72/100|[from] U-turn
|
|upkeep
|turn|34
|
|t:|1779597587
|move|p2a: Lokix|First Impression|p1a: Ogerpon
|-supereffective|p1a: Ogerpon
|-damage|p1a: Ogerpon|0 fnt
|faint|p1a: Ogerpon
|detailschange|p1: Ogerpon|Ogerpon, F|[silent]
|
|upkeep
|-message|mechamakachino forfeited.
|
|win|jojosworld
|raw|mechamakachino's rating: 1488 &rarr; <strong>1470</strong><br />(-18 for losing)
|raw|jojosworld's rating: 1528 &rarr; <strong>1546</strong><br />(+18 for winning)
|l|☆mechamakachino
|player|p1|
|l| Pakas123
|l|☆jojosworld
|player|p2|
