|j|☆ArchStanton47
|j|☆kilobyt3
|t:|1779600196
|gametype|singles
|player|p1|ArchStanton47|ethan-pokeathlon|1359
|player|p2|kilobyt3|gambler|1409
|gen|9
|tier|[Gen 9] OU
|rated|
|rule|HP Percentage Mod: HP is shown in percentages
|rule|Endless Battle Clause: Forcing endless battles is banned
|rule|Species Clause: Limit one of each Pokémon
|rule|OHKO Clause: OHKO moves are banned
|rule|Evasion Items Clause: Evasion items are banned
|rule|Evasion Moves Clause: Evasion moves are banned
|rule|Evasion Abilities Clause: Evasion abilities are banned
|rule|Sleep Moves Clause: Sleep-inducing moves are banned
|clearpoke
|poke|p1|Weezing-Galar, M|
|poke|p1|Hitmonlee, M|
|poke|p1|Hydrapple, M|
|poke|p1|Landorus-Therian, M|
|poke|p1|Hatterene, F|
|poke|p1|Kyurem|
|poke|p2|Rillaboom, M|
|poke|p2|Dudunsparce-*, F|
|poke|p2|Grimmsnarl, M|
|poke|p2|Pecharunt|
|poke|p2|Ogerpon-Wellspring, F|
|poke|p2|Great Tusk|
|teampreview
|
|t:|1779600206
|teamsize|p1|6
|teamsize|p2|6
|start
|switch|p1a: Weezing|Weezing-Galar, M|100/100
|switch|p2a: Rillaboom|Rillaboom, M|100/100
|-fieldstart|move: Grassy Terrain|[from] ability: Grassy Surge|[of] p2a: Rillaboom
|-fieldstart|move: Misty Terrain|[from] ability: Misty Surge|[of] p1a: Weezing
|turn|1
|inactive|Battle timer is ON: inactive players will automatically lose when time's up. (requested by ArchStanton47)
|
|t:|1779600217
|switch|p2a: Pecharunt|Pecharunt|100/100
|move|p1a: Weezing|Clear Smog|p2a: Pecharunt
|-resisted|p2a: Pecharunt
|-damage|p2a: Pecharunt|96/100
|-clearboost|p2a: Pecharunt
|
|-heal|p2a: Pecharunt|100/100|[from] item: Leftovers
|upkeep
|turn|2
|
|t:|1779600228
|switch|p1a: Landorus|Landorus-Therian, M|100/100
|-ability|p1a: Landorus|Intimidate|boost
|-unboost|p2a: Pecharunt|atk|1
|move|p2a: Pecharunt|Malignant Chain|p1a: Landorus
|-resisted|p1a: Landorus
|-damage|p1a: Landorus|74/100
|
|upkeep
|turn|3
|
|t:|1779600243
|switch|p2a: Rillaboom|Rillaboom, M|100/100
|-fieldstart|move: Grassy Terrain|[from] ability: Grassy Surge|[of] p2a: Rillaboom
|move|p1a: Landorus|U-turn|p2a: Rillaboom
|-supereffective|p2a: Rillaboom
|-damage|p2a: Rillaboom|52/100
|
|t:|1779600250
|switch|p1a: Weezing|Weezing-Galar, M|100/100|[from] U-turn
|-fieldstart|move: Misty Terrain|[from] ability: Misty Surge|[of] p1a: Weezing
|
|upkeep
|turn|4
|
|t:|1779600255
|switch|p2a: Pecharunt|Pecharunt|100/100
|switch|p1a: Landorus|Landorus-Therian, M|74/100
|-ability|p1a: Landorus|Intimidate|boost
|-unboost|p2a: Pecharunt|atk|1
|
|upkeep
|turn|5
|
|t:|1779600263
|move|p1a: Landorus|Earthquake|p2a: Pecharunt
|-supereffective|p2a: Pecharunt
|-crit|p2a: Pecharunt
|-damage|p2a: Pecharunt|0 fnt
|faint|p2a: Pecharunt
|
|upkeep
|
|t:|1779600268
|switch|p2a: Ogerpon|Ogerpon-Wellspring, F|100/100
|turn|6
|
|t:|1779600272
|switch|p1a: Weezing|Weezing-Galar, M|100/100
|move|p2a: Ogerpon|Ivy Cudgel|p1a: Weezing|[anim] Ivy Cudgel Water
|-damage|p1a: Weezing|57/100
|
|upkeep
|turn|7
|
|t:|1779600279
|switch|p1a: Hydrapple|Hydrapple, M|100/100
|-terastallize|p2a: Ogerpon|Water
|detailschange|p2a: Ogerpon|Ogerpon-Wellspring-Tera, F, tera:Water
|-ability|p2a: Ogerpon|Embody Aspect (Wellspring)|boost
|-boost|p2a: Ogerpon|spd|1
|move|p2a: Ogerpon|Ivy Cudgel|p1a: Hydrapple|[anim] Ivy Cudgel Water
|-resisted|p1a: Hydrapple
|-damage|p1a: Hydrapple|85/100
|
|upkeep
|turn|8
|
|t:|1779600288
|switch|p2a: Rillaboom|Rillaboom, M|52/100
|-fieldstart|move: Grassy Terrain|[from] ability: Grassy Surge|[of] p2a: Rillaboom
|move|p1a: Hydrapple|Leaf Storm|p2a: Rillaboom
|-resisted|p2a: Rillaboom
|-damage|p2a: Rillaboom|0 fnt
|-unboost|p1a: Hydrapple|spa|2
|faint|p2a: Rillaboom
|-enditem|p1a: Hydrapple|Eject Pack
|
|t:|1779600304
|switch|p1a: Weezing|Weezing-Galar, M|57/100
|-fieldstart|move: Misty Terrain|[from] ability: Misty Surge|[of] p1a: Weezing
|
|upkeep
|
|t:|1779600311
|switch|p2a: Ogerpon|Ogerpon-Wellspring-Tera, F, tera:Water|100/100
|-ability|p2a: Ogerpon|Embody Aspect (Wellspring)|boost
|-boost|p2a: Ogerpon|spd|1
|turn|9
|
|t:|1779600316
|move|p2a: Ogerpon|Play Rough|p1a: Weezing
|-resisted|p1a: Weezing
|-damage|p1a: Weezing|45/100
|move|p1a: Weezing|Pain Split|p2a: Ogerpon
|-sethp|p2a: Ogerpon|75/100|[from] move: Pain Split|[silent]
|-sethp|p1a: Weezing|68/100|[from] move: Pain Split
|
|upkeep
|turn|10
|
|t:|1779600323
|move|p2a: Ogerpon|Play Rough|p1a: Weezing
|-resisted|p1a: Weezing
|-damage|p1a: Weezing|56/100
|move|p1a: Weezing|Clear Smog|p2a: Ogerpon
|-damage|p2a: Ogerpon|64/100
|-clearboost|p2a: Ogerpon
|
|upkeep
|turn|11
|
|t:|1779600344
|move|p2a: Ogerpon|Ivy Cudgel|p1a: Weezing|[anim] Ivy Cudgel Water
|-damage|p1a: Weezing|2/100
|move|p1a: Weezing|Pain Split|p2a: Ogerpon
|-sethp|p2a: Ogerpon|33/100|[from] move: Pain Split|[silent]
|-sethp|p1a: Weezing|30/100|[from] move: Pain Split
|
|upkeep
|turn|12
|
|t:|1779600352
|move|p2a: Ogerpon|Ivy Cudgel|p1a: Weezing|[anim] Ivy Cudgel Water
|-damage|p1a: Weezing|0 fnt
|faint|p1a: Weezing
|
|upkeep
|
|t:|1779600355
|switch|p1a: Hitmonlee|Hitmonlee, M|100/100
|-enditem|p1a: Hitmonlee|Misty Seed
|-boost|p1a: Hitmonlee|spd|1|[from] item: Misty Seed
|turn|13
|
|t:|1779600363
|switch|p2a: Grimmsnarl|Grimmsnarl, M|100/100
|move|p1a: Hitmonlee|High Jump Kick|p2a: Grimmsnarl
|-damage|p2a: Grimmsnarl|21/100
|
|upkeep
|turn|14
|
|t:|1779600374
|move|p2a: Grimmsnarl|Reflect|p2a: Grimmsnarl
|-sidestart|p2: kilobyt3|Reflect
|move|p1a: Hitmonlee|Poison Jab|p2a: Grimmsnarl
|-supereffective|p2a: Grimmsnarl
|-damage|p2a: Grimmsnarl|0 fnt
|faint|p2a: Grimmsnarl
|
|upkeep
|
|t:|1779600378
|switch|p2a: Great Tusk|Great Tusk|100/100
|-enditem|p2a: Great Tusk|Booster Energy
|-activate|p2a: Great Tusk|ability: Protosynthesis|[fromitem]
|-start|p2a: Great Tusk|protosynthesisspe
|turn|15
|
|t:|1779600382
|move|p1a: Hitmonlee|High Jump Kick|p2a: Great Tusk
|-damage|p2a: Great Tusk|79/100
|move|p2a: Great Tusk|Bulk Up|p2a: Great Tusk
|-boost|p2a: Great Tusk|atk|1
|-boost|p2a: Great Tusk|def|1
|
|-fieldend|Misty Terrain
|upkeep
|turn|16
|
|t:|1779600399
|switch|p1a: Hatterene|Hatterene, F|100/100
|move|p2a: Great Tusk|Bulk Up|p2a: Great Tusk
|-boost|p2a: Great Tusk|atk|1
|-boost|p2a: Great Tusk|def|1
|
|upkeep
|turn|17
|
|t:|1779600405
|move|p2a: Great Tusk|Headlong Rush|p1a: Hatterene
|-damage|p1a: Hatterene|0 fnt
|-unboost|p2a: Great Tusk|def|1
|-unboost|p2a: Great Tusk|spd|1
|faint|p1a: Hatterene
|
|upkeep
|
|t:|1779600412
|switch|p1a: Hydrapple|Hydrapple, M|100/100
|turn|18
|
|t:|1779600419
|move|p2a: Great Tusk|Headlong Rush|p1a: Hydrapple
|-resisted|p1a: Hydrapple
|-damage|p1a: Hydrapple|63/100
|-unboost|p2a: Great Tusk|def|1
|-unboost|p2a: Great Tusk|spd|1
|move|p1a: Hydrapple|Leaf Storm|p2a: Great Tusk
|-supereffective|p2a: Great Tusk
|-damage|p2a: Great Tusk|0 fnt
|-unboost|p1a: Hydrapple|spa|2
|faint|p2a: Great Tusk
|-end|p2a: Great Tusk|Protosynthesis|[silent]
|
|upkeep
|
|t:|1779600422
|switch|p2a: Dudunsparce|Dudunsparce-Three-Segment, F, shiny|100/100
|turn|19
|
|t:|1779600430
|switch|p1a: Landorus|Landorus-Therian, M|74/100
|-ability|p1a: Landorus|Intimidate|boost
|-unboost|p2a: Dudunsparce|atk|1
|-ability|p2a: Dudunsparce|Rattled|boost
|-boost|p2a: Dudunsparce|spe|1
|move|p2a: Dudunsparce|Calm Mind|p2a: Dudunsparce
|-boost|p2a: Dudunsparce|spa|1
|-boost|p2a: Dudunsparce|spd|1
|
|upkeep
|turn|20
|
|t:|1779600438
|move|p1a: Landorus|U-turn|p2a: Dudunsparce
|-damage|p2a: Dudunsparce|93/100
|-ability|p2a: Dudunsparce|Rattled|boost
|-boost|p2a: Dudunsparce|spe|1
|
|t:|1779600452
|switch|p1a: Hydrapple|Hydrapple, M|96/100|[from] U-turn
|move|p2a: Dudunsparce|Calm Mind|p2a: Dudunsparce
|-boost|p2a: Dudunsparce|spa|1
|-boost|p2a: Dudunsparce|spd|1
|
|upkeep
|turn|21
|
|t:|1779600458
|move|p2a: Dudunsparce|Boomburst|p1a: Hydrapple
|-damage|p1a: Hydrapple|11/100
|move|p1a: Hydrapple|Draco Meteor|p2a: Dudunsparce
|-damage|p2a: Dudunsparce|58/100
|-unboost|p1a: Hydrapple|spa|2
|
|-sideend|p2: kilobyt3|Reflect
|upkeep
|turn|22
|
|t:|1779600466
|switch|p1a: Landorus|Landorus-Therian, M|74/100
|-ability|p1a: Landorus|Intimidate|boost
|-unboost|p2a: Dudunsparce|atk|1
|-ability|p2a: Dudunsparce|Rattled|boost
|-boost|p2a: Dudunsparce|spe|1
|move|p2a: Dudunsparce|Roost|p2a: Dudunsparce
|-heal|p2a: Dudunsparce|100/100
|-singleturn|p2a: Dudunsparce|move: Roost
|
|upkeep
|turn|23
|
|t:|1779600476
|move|p1a: Landorus|Earthquake|p2a: Dudunsparce
|-damage|p2a: Dudunsparce|64/100
|move|p2a: Dudunsparce|Calm Mind|p2a: Dudunsparce
|-boost|p2a: Dudunsparce|spa|1
|-boost|p2a: Dudunsparce|spd|1
|
|upkeep
|turn|24
|
|t:|1779600480
|move|p1a: Landorus|Earthquake|p2a: Dudunsparce
|-damage|p2a: Dudunsparce|29/100
|move|p2a: Dudunsparce|Boomburst|p1a: Landorus
|-damage|p1a: Landorus|0 fnt
|faint|p1a: Landorus
|
|upkeep
|
|t:|1779600485
|switch|p1a: Hitmonlee|Hitmonlee, M|100/100
|turn|25
|
|t:|1779600488
|move|p2a: Dudunsparce|Boomburst|p1a: Hitmonlee
|-damage|p1a: Hitmonlee|0 fnt
|faint|p1a: Hitmonlee
|
|upkeep
|
|t:|1779600492
|switch|p1a: Kyurem|Kyurem|100/100
|-ability|p1a: Kyurem|Pressure
|turn|26
|
|t:|1779600500
|-terastallize|p1a: Kyurem|Steel
|move|p2a: Dudunsparce|Roost|p2a: Dudunsparce
|-heal|p2a: Dudunsparce|79/100
|-singleturn|p2a: Dudunsparce|move: Roost
|move|p1a: Kyurem|Iron Head|p2a: Dudunsparce
|-damage|p2a: Dudunsparce|49/100
|
|upkeep
|turn|27
|
|t:|1779600510
|move|p2a: Dudunsparce|Boomburst|p1a: Kyurem
|-resisted|p1a: Kyurem
|-damage|p1a: Kyurem|51/100
|move|p1a: Kyurem|Iron Head|p2a: Dudunsparce
|-damage|p2a: Dudunsparce|18/100
|
|upkeep
|turn|28
|
|t:|1779600517
|move|p2a: Dudunsparce|Roost|p2a: Dudunsparce
|-heal|p2a: Dudunsparce|68/100
|-singleturn|p2a: Dudunsparce|move: Roost
|move|p1a: Kyurem|Dragon Dance|p1a: Kyurem
|-boost|p1a: Kyurem|atk|1
|-boost|p1a: Kyurem|spe|1
|
|upkeep
|turn|29
|
|t:|1779600535
|move|p1a: Kyurem|Iron Head|p2a: Dudunsparce
|-damage|p2a: Dudunsparce|22/100
|cant|p2a: Dudunsparce|flinch
|
|upkeep
|turn|30
|c|☆kilobyt3|ok
|c|☆kilobyt3|ok bro
|
|t:|1779600543
|move|p1a: Kyurem|Iron Head|p2a: Dudunsparce
|-damage|p2a: Dudunsparce|0 fnt
|faint|p2a: Dudunsparce
|
|upkeep
|
|t:|1779600546
|switch|p2a: Ogerpon|Ogerpon-Wellspring-Tera, F, tera:Water|33/100
|-ability|p2a: Ogerpon|Embody Aspect (Wellspring)|boost
|-boost|p2a: Ogerpon|spd|1
|turn|31
|
|t:|1779600555
|move|p1a: Kyurem|Scale Shot|p2a: Ogerpon
|-damage|p2a: Ogerpon|5/100
|-damage|p2a: Ogerpon|0 fnt
|faint|p2a: Ogerpon
|detailschange|p2: Ogerpon|Ogerpon-Wellspring, F|[silent]
|-hitcount|p2: Ogerpon|2
|
|win|ArchStanton47
|raw|ArchStanton47's rating: 1359 &rarr; <strong>1382</strong><br />(+23 for winning)
|raw|kilobyt3's rating: 1409 &rarr; <strong>1386</strong><br />(-23 for losing)
|l|☆kilobyt3
|player|p2|
|l|☆ArchStanton47
|player|p1|
