|inactive|Battle timer is ON: inactive players will automatically lose when time's up.
|t:|1779646853
|gametype|singles
|player|p1|Hydra_Y21|dawn|
|player|p2|Nashrock|#wcop2026china2|
|gen|9
|tier|[Gen 9] OU
|rule|HP Percentage Mod: HP is shown in percentages
|rule|Endless Battle Clause: Forcing endless battles is banned
|rule|Species Clause: Limit one of each Pokémon
|rule|OHKO Clause: OHKO moves are banned
|rule|Evasion Items Clause: Evasion items are banned
|rule|Evasion Moves Clause: Evasion moves are banned
|rule|Evasion Abilities Clause: Evasion abilities are banned
|rule|Sleep Moves Clause: Sleep-inducing moves are banned
|clearpoke
|poke|p1|Kingambit, F|
|poke|p1|Kommo-o, M|
|poke|p1|Iron Valiant|
|poke|p1|Kyurem|
|poke|p1|Iron Treads|
|poke|p1|Iron Crown|
|poke|p2|Slowking-Galar, F|
|poke|p2|Kingambit, F|
|poke|p2|Hatterene, F|
|poke|p2|Great Tusk|
|poke|p2|Tornadus-Therian, M|
|poke|p2|Kyurem|
|teampreview
|c|☆Nashrock|hf
|c|☆Hydra_Y21|glhf
|inactive|Nashrock has 270 seconds left.
|
|t:|1779646890
|teamsize|p1|6
|teamsize|p2|6
|start
|switch|p1a: Iron Treads|Iron Treads|100/100
|switch|p2a: Great Tusk|Great Tusk|100/100
|-enditem|p1a: Iron Treads|Booster Energy
|-activate|p1a: Iron Treads|ability: Quark Drive|[fromitem]
|-start|p1a: Iron Treads|quarkdrivespe
|turn|1
|
|t:|1779646906
|move|p1a: Iron Treads|Stealth Rock|p2a: Great Tusk
|-sidestart|p2: Nashrock|move: Stealth Rock
|move|p2a: Great Tusk|Close Combat|p1a: Iron Treads
|-supereffective|p1a: Iron Treads
|-damage|p1a: Iron Treads|9/100
|-unboost|p2a: Great Tusk|def|1
|-unboost|p2a: Great Tusk|spd|1
|
|upkeep
|turn|2
|
|t:|1779646915
|-terastallize|p1a: Iron Treads|Ghost
|move|p1a: Iron Treads|Endeavor|p2a: Great Tusk
|-damage|p2a: Great Tusk|9/100
|move|p2a: Great Tusk|Close Combat|p1a: Iron Treads
|-immune|p1a: Iron Treads
|
|upkeep
|turn|3
|
|t:|1779646933
|-end|p2a: Great Tusk|Protosynthesis|[silent]
|switch|p2a: Hatterene|Hatterene, F|100/100
|-damage|p2a: Hatterene|88/100|[from] Stealth Rock
|move|p1a: Iron Treads|Earthquake|p2a: Hatterene
|-damage|p2a: Hatterene|56/100
|
|upkeep
|turn|4
|
|t:|1779646940
|move|p1a: Iron Treads|Endeavor|p2a: Hatterene
|-damage|p2a: Hatterene|11/100
|-damage|p1a: Iron Treads|0 fnt|[from] item: Rocky Helmet|[of] p2a: Hatterene
|faint|p1a: Iron Treads
|-end|p1a: Iron Treads|Quark Drive|[silent]
|move|p2a: Hatterene|Draining Kiss|p1: Iron Treads|[notarget]
|-fail|p2a: Hatterene
|
|upkeep
|
|t:|1779646970
|switch|p1a: Kyurem|Kyurem|100/100
|-ability|p1a: Kyurem|Pressure
|turn|5
|
|t:|1779646977
|move|p1a: Kyurem|Earth Power|p2a: Hatterene
|-damage|p2a: Hatterene|0 fnt
|faint|p2a: Hatterene
|
|upkeep
|
|t:|1779646999
|switch|p2a: Great Tusk|Great Tusk|9/100
|-damage|p2a: Great Tusk|6/100|[from] Stealth Rock
|turn|6
|
|t:|1779647020
|switch|p1a: Iron Valiant|Iron Valiant|100/100
|-enditem|p1a: Iron Valiant|Booster Energy
|-activate|p1a: Iron Valiant|ability: Quark Drive|[fromitem]
|-start|p1a: Iron Valiant|quarkdrivespe
|move|p2a: Great Tusk|Close Combat|p1a: Iron Valiant
|-resisted|p1a: Iron Valiant
|-damage|p1a: Iron Valiant|62/100
|-unboost|p2a: Great Tusk|def|1
|-unboost|p2a: Great Tusk|spd|1
|
|upkeep
|turn|7
|
|t:|1779647027
|-end|p2a: Great Tusk|Protosynthesis|[silent]
|switch|p2a: Tornadus|Tornadus-Therian, M|100/100
|-damage|p2a: Tornadus|76/100|[from] Stealth Rock
|move|p1a: Iron Valiant|Moonblast|p2a: Tornadus
|-crit|p2a: Tornadus
|-damage|p2a: Tornadus|30/100
|
|upkeep
|turn|8
|
|t:|1779647042
|switch|p2a: Slowking|Slowking-Galar, F|100/100
|-damage|p2a: Slowking|88/100|[from] Stealth Rock
|move|p1a: Iron Valiant|Moonblast|p2a: Slowking
|-resisted|p2a: Slowking
|-damage|p2a: Slowking|73/100
|
|upkeep
|turn|9
|
|t:|1779647049
|move|p1a: Iron Valiant|Shadow Ball|p2a: Slowking
|-supereffective|p2a: Slowking
|-damage|p2a: Slowking|39/100
|move|p2a: Slowking|Sludge Bomb|p1a: Iron Valiant
|-supereffective|p1a: Iron Valiant
|-damage|p1a: Iron Valiant|0 fnt
|faint|p1a: Iron Valiant
|-end|p1a: Iron Valiant|Quark Drive|[silent]
|
|upkeep
|
|t:|1779647064
|switch|p1a: Kyurem|Kyurem|100/100
|-ability|p1a: Kyurem|Pressure
|turn|10
|
|t:|1779647068
|move|p1a: Kyurem|Dragon Dance|p1a: Kyurem
|-boost|p1a: Kyurem|atk|1
|-boost|p1a: Kyurem|spe|1
|-prepare|p2a: Slowking|Chilly Reception|[premajor]
|move|p2a: Slowking|Chilly Reception|p2a: Slowking
|-weather|Snowscape
|
|t:|1779647074
|switch|p2a: Kingambit|Kingambit, F|100/100|[from] Chilly Reception
|-damage|p2a: Kingambit|94/100|[from] Stealth Rock
|-activate|p2a: Kingambit|ability: Supreme Overlord
|-start|p2a: Kingambit|fallen1|[silent]
|
|-weather|Snowscape|[upkeep]
|-heal|p2a: Kingambit|100/100|[from] item: Leftovers
|upkeep
|turn|11
|
|t:|1779647093
|move|p1a: Kyurem|Earth Power|p2a: Kingambit
|-supereffective|p2a: Kingambit
|-damage|p2a: Kingambit|44/100
|-unboost|p2a: Kingambit|spd|1
|move|p2a: Kingambit|Iron Head|p1a: Kyurem
|-supereffective|p1a: Kyurem
|-damage|p1a: Kyurem|29/100
|
|-weather|Snowscape|[upkeep]
|-heal|p2a: Kingambit|50/100|[from] item: Leftovers
|upkeep
|turn|12
|
|t:|1779647114
|switch|p1a: Kommo-o|Kommo-o, M|100/100
|move|p2a: Kingambit|Sucker Punch||[still]
|-fail|p2a: Kingambit
|
|-weather|Snowscape|[upkeep]
|-heal|p2a: Kingambit|56/100|[from] item: Leftovers
|upkeep
|turn|13
|
|t:|1779647118
|-end|p2a: Kingambit|fallen1|[silent]
|switch|p2a: Slowking|Slowking-Galar, F|73/100
|-damage|p2a: Slowking|60/100|[from] Stealth Rock
|move|p1a: Kommo-o|Substitute|p1a: Kommo-o
|-start|p1a: Kommo-o|Substitute
|-damage|p1a: Kommo-o|75/100
|
|-weather|Snowscape|[upkeep]
|-heal|p1a: Kommo-o|82/100|[from] item: Leftovers
|upkeep
|turn|14
|
|t:|1779647125
|move|p1a: Kommo-o|Clangorous Soul|p1a: Kommo-o
|-boost|p1a: Kommo-o|atk|1
|-boost|p1a: Kommo-o|def|1
|-boost|p1a: Kommo-o|spa|1
|-boost|p1a: Kommo-o|spd|1
|-boost|p1a: Kommo-o|spe|1
|-damage|p1a: Kommo-o|49/100
|move|p2a: Slowking|Future Sight|p1a: Kommo-o
|-start|p2a: Slowking|move: Future Sight
|
|-weather|none
|-heal|p1a: Kommo-o|55/100|[from] item: Leftovers
|upkeep
|turn|15
|
|t:|1779647133
|move|p1a: Kommo-o|Shadow Claw|p2a: Slowking
|-supereffective|p2a: Slowking
|-damage|p2a: Slowking|5/100
|-prepare|p2a: Slowking|Chilly Reception|[premajor]
|move|p2a: Slowking|Chilly Reception|p2a: Slowking
|-weather|Snowscape
|inactive|Nashrock has 270 seconds left.
|
|t:|1779647168
|switch|p2a: Tornadus|Tornadus-Therian, M|63/100|[from] Chilly Reception
|-damage|p2a: Tornadus|38/100|[from] Stealth Rock
|
|-weather|Snowscape|[upkeep]
|-heal|p1a: Kommo-o|61/100|[from] item: Leftovers
|upkeep
|turn|16
|
|t:|1779647173
|move|p1a: Kommo-o|Shadow Claw|p2a: Tornadus
|-damage|p2a: Tornadus|10/100
|move|p2a: Tornadus|Bleakwind Storm|p1a: Kommo-o|[miss]
|-miss|p2a: Tornadus|p1a: Kommo-o
|
|-weather|Snowscape|[upkeep]
|-end|p1a: Kommo-o|move: Future Sight
|-supereffective|p1a: Kommo-o
|-end|p1a: Kommo-o|Substitute
|-heal|p1a: Kommo-o|68/100|[from] item: Leftovers
|upkeep
|turn|17
|
|t:|1779647191
|move|p1a: Kommo-o|Shadow Claw|p2a: Tornadus
|-damage|p2a: Tornadus|0 fnt
|faint|p2a: Tornadus
|
|-weather|Snowscape|[upkeep]
|-heal|p1a: Kommo-o|74/100|[from] item: Leftovers
|upkeep
|inactive|Nashrock has 270 seconds left.
|
|t:|1779647201
|switch|p2a: Great Tusk|Great Tusk|6/100
|-damage|p2a: Great Tusk|3/100|[from] Stealth Rock
|turn|18
|
|t:|1779647206
|move|p2a: Great Tusk|Rapid Spin|p1a: Kommo-o
|-damage|p1a: Kommo-o|64/100
|-boost|p2a: Great Tusk|spe|1
|-sideend|p2: Nashrock|Stealth Rock|[from] move: Rapid Spin|[of] p2a: Great Tusk
|move|p1a: Kommo-o|Drain Punch|p2a: Great Tusk
|-damage|p2a: Great Tusk|0 fnt
|-heal|p1a: Kommo-o|66/100|[from] drain|[of] p2a: Great Tusk
|faint|p2a: Great Tusk
|-end|p2a: Great Tusk|Protosynthesis|[silent]
|
|-weather|Snowscape|[upkeep]
|-heal|p1a: Kommo-o|72/100|[from] item: Leftovers
|upkeep
|inactive|Nashrock disconnected and has 300 seconds to reconnect!
|player|p2|
|inactive|Nashrock reconnected and has 275 seconds left.
|player|p2|Nashrock|#wcop2026china2|
|inactive|Nashrock has 270 seconds left.
|
|t:|1779647236
|switch|p2a: Kyurem|Kyurem|100/100
|-ability|p2a: Kyurem|Pressure
|turn|19
|inactive|Nashrock has 270 seconds left.
|
|t:|1779647247
|move|p1a: Kommo-o|Drain Punch|p2a: Kyurem
|-supereffective|p2a: Kyurem
|-damage|p2a: Kyurem|44/100
|-heal|p1a: Kommo-o|100/100|[from] drain|[of] p2a: Kyurem
|move|p2a: Kyurem|Blizzard|p1a: Kommo-o
|-supereffective|p1a: Kommo-o
|-damage|p1a: Kommo-o|0 fnt
|faint|p1a: Kommo-o
|
|-weather|none
|upkeep
|
|t:|1779647264
|switch|p1a: Iron Crown|Iron Crown|100/100
|-enditem|p1a: Iron Crown|Booster Energy
|-activate|p1a: Iron Crown|ability: Quark Drive|[fromitem]
|-start|p1a: Iron Crown|quarkdrivespe
|turn|20
|
|t:|1779647267
|switch|p2a: Slowking|Slowking-Galar, F|38/100
|move|p1a: Iron Crown|Calm Mind|p1a: Iron Crown
|-boost|p1a: Iron Crown|spa|1
|-boost|p1a: Iron Crown|spd|1
|
|upkeep
|turn|21
|
|t:|1779647272
|move|p1a: Iron Crown|Tachyon Cutter|p2a: Slowking
|-damage|p2a: Slowking|15/100
|-damage|p2a: Slowking|0 fnt
|faint|p2a: Slowking
|-hitcount|p2: Slowking|2
|
|upkeep
|
|t:|1779647274
|switch|p2a: Kingambit|Kingambit, F|56/100
|-activate|p2a: Kingambit|ability: Supreme Overlord
|-start|p2a: Kingambit|fallen4|[silent]
|turn|22
|
|t:|1779647287
|-terastallize|p2a: Kingambit|Ghost
|move|p1a: Iron Crown|Focus Blast|p2a: Kingambit
|-immune|p2a: Kingambit
|move|p2a: Kingambit|Swords Dance|p2a: Kingambit
|-boost|p2a: Kingambit|atk|2
|
|-heal|p2a: Kingambit|62/100|[from] item: Leftovers
|upkeep
|turn|23
|
|t:|1779647305
|-end|p1a: Iron Crown|Quark Drive|[silent]
|switch|p1a: Kingambit|Kingambit, F|100/100
|-activate|p1a: Kingambit|ability: Supreme Overlord
|-start|p1a: Kingambit|fallen3|[silent]
|move|p2a: Kingambit|Sucker Punch||[still]
|-fail|p2a: Kingambit
|
|-heal|p2a: Kingambit|68/100|[from] item: Leftovers
|upkeep
|turn|24
|
|t:|1779647314
|move|p1a: Kingambit|Sucker Punch|p2a: Kingambit
|-supereffective|p2a: Kingambit
|-damage|p2a: Kingambit|0 fnt
|faint|p2a: Kingambit
|-end|p2a: Kingambit|fallen4|[silent]
|
|upkeep
|
|t:|1779647318
|switch|p2a: Kyurem|Kyurem|44/100
|-ability|p2a: Kyurem|Pressure
|turn|25
|
|t:|1779647321
|move|p2a: Kyurem|Earth Power|p1a: Kingambit
|-supereffective|p1a: Kingambit
|-damage|p1a: Kingambit|0 fnt
|faint|p1a: Kingambit
|-end|p1a: Kingambit|fallen3|[silent]
|
|upkeep
|
|t:|1779647325
|switch|p1a: Iron Crown|Iron Crown|100/100
|turn|26
|
|t:|1779647328
|move|p1a: Iron Crown|Tachyon Cutter|p2a: Kyurem
|-supereffective|p2a: Kyurem
|-damage|p2a: Kyurem|0 fnt
|faint|p2a: Kyurem
|-hitcount|p2: Kyurem|1
|
|win|Hydra_Y21
|c|☆Hydra_Y21|gg
|player|p2|
|player|p1|
