|j|☆Haxlut
|j|☆DrakEragon
|t:|1779714243
|gametype|singles
|player|p1|Haxlut|n|1122
|player|p2|DrakEragon|morty|1156
|gen|9
|tier|[Gen 9] OU
|rated|
|rule|HP Percentage Mod: HP is shown in percentages
|rule|Endless Battle Clause: Forcing endless battles is banned
|rule|Species Clause: Limit one of each Pokémon
|rule|OHKO Clause: OHKO moves are banned
|rule|Evasion Items Clause: Evasion items are banned
|rule|Evasion Moves Clause: Evasion moves are banned
|rule|Evasion Abilities Clause: Evasion abilities are banned
|rule|Sleep Moves Clause: Sleep-inducing moves are banned
|clearpoke
|poke|p1|Deoxys-Speed|
|poke|p1|Armarouge, M|
|poke|p1|Corviknight, M|
|poke|p1|Pelipper, F|
|poke|p1|Lokix, M|
|poke|p1|Feraligatr, M|
|poke|p2|Electivire, M|
|poke|p2|Clodsire, M|
|poke|p2|Glimmora, F|
|poke|p2|Walking Wake|
|poke|p2|Corviknight, F|
|poke|p2|Dragapult, M|
|teampreview
|inactive|Battle timer is ON: inactive players will automatically lose when time's up. (requested by Haxlut)
|
|t:|1779714253
|teamsize|p1|6
|teamsize|p2|6
|start
|switch|p1a: Deoxys goes weooh|Deoxys-Speed, shiny|100/100
|switch|p2a: Electivire|Electivire, M|100/100
|-ability|p1a: Deoxys goes weooh|Pressure
|turn|1
|
|t:|1779714261
|move|p1a: Deoxys goes weooh|Stealth Rock|p2a: Electivire
|-sidestart|p2: DrakEragon|move: Stealth Rock
|move|p2a: Electivire|Supercell Slam|p1a: Deoxys goes weooh
|-damage|p1a: Deoxys goes weooh|32/100
|
|upkeep
|turn|2
|
|t:|1779714269
|move|p1a: Deoxys goes weooh|Psychic Terrain|p1a: Deoxys goes weooh
|-fieldstart|move: Psychic Terrain
|move|p2a: Electivire|Supercell Slam|p1a: Deoxys goes weooh
|-damage|p1a: Deoxys goes weooh|0 fnt
|faint|p1a: Deoxys goes weooh
|
|upkeep
|
|t:|1779714276
|switch|p1a: Inferouge|Armarouge, M|100/100
|turn|3
|
|t:|1779714282
|move|p2a: Electivire|Earthquake|p1a: Inferouge
|-supereffective|p1a: Inferouge
|-damage|p1a: Inferouge|34/100
|-enditem|p1a: Inferouge|Weakness Policy
|-boost|p1a: Inferouge|atk|2|[from] item: Weakness Policy
|-boost|p1a: Inferouge|spa|2|[from] item: Weakness Policy
|move|p1a: Inferouge|Expanding Force|p2a: Electivire
|-crit|p2a: Electivire
|-damage|p2a: Electivire|0 fnt
|faint|p2a: Electivire
|
|upkeep
|
|t:|1779714295
|switch|p2a: Dragapult|Dragapult, M|100/100
|-damage|p2a: Dragapult|88/100|[from] Stealth Rock
|turn|4
|
|t:|1779714300
|move|p2a: Dragapult|Sucker Punch|p1a: Inferouge
|-activate|p1a: Inferouge|move: Psychic Terrain
|move|p1a: Inferouge|Expanding Force|p2a: Dragapult
|-damage|p2a: Dragapult|0 fnt
|faint|p2a: Dragapult
|
|upkeep
|
|t:|1779714311
|switch|p2a: Walking Wake|Walking Wake|100/100
|-damage|p2a: Walking Wake|88/100|[from] Stealth Rock
|-enditem|p2a: Walking Wake|Booster Energy
|-activate|p2a: Walking Wake|ability: Protosynthesis|[fromitem]
|-start|p2a: Walking Wake|protosynthesisspe
|turn|5
|
|t:|1779714318
|move|p2a: Walking Wake|Hydro Pump|p1a: Inferouge
|-supereffective|p1a: Inferouge
|-damage|p1a: Inferouge|0 fnt
|faint|p1a: Inferouge
|
|upkeep
|
|t:|1779714324
|switch|p1a: Pepper|Pelipper, F|100/100
|-weather|RainDance|[from] ability: Drizzle|[of] p1a: Pepper
|turn|6
|
|t:|1779714331
|move|p2a: Walking Wake|Draco Meteor|p1a: Pepper|[miss]
|-miss|p2a: Walking Wake|p1a: Pepper
|move|p1a: Pepper|Hurricane|p2a: Walking Wake
|-damage|p2a: Walking Wake|31/100
|
|-weather|RainDance|[upkeep]
|-fieldend|move: Psychic Terrain
|upkeep
|turn|7
|
|t:|1779714339
|move|p2a: Walking Wake|Draco Meteor|p1a: Pepper
|-damage|p1a: Pepper|3/100
|-unboost|p2a: Walking Wake|spa|2
|move|p1a: Pepper|Hurricane|p2a: Walking Wake
|-damage|p2a: Walking Wake|0 fnt
|faint|p2a: Walking Wake
|-end|p2a: Walking Wake|Protosynthesis|[silent]
|
|-weather|RainDance|[upkeep]
|upkeep
|
|t:|1779714357
|switch|p2a: Corviknight|Corviknight, F|100/100
|-damage|p2a: Corviknight|88/100|[from] Stealth Rock
|turn|8
|
|t:|1779714365
|move|p1a: Pepper|Roost|p1a: Pepper
|-heal|p1a: Pepper|53/100
|-singleturn|p1a: Pepper|move: Roost
|move|p2a: Corviknight|Body Press|p1a: Pepper
|-damage|p1a: Pepper|24/100
|
|-weather|RainDance|[upkeep]
|-heal|p2a: Corviknight|94/100|[from] item: Leftovers
|upkeep
|turn|9
|
|t:|1779714386
|move|p1a: Pepper|Roost|p1a: Pepper
|-heal|p1a: Pepper|74/100
|-singleturn|p1a: Pepper|move: Roost
|move|p2a: Corviknight|Iron Defense|p2a: Corviknight
|-boost|p2a: Corviknight|def|2
|
|-weather|RainDance|[upkeep]
|-heal|p2a: Corviknight|100/100|[from] item: Leftovers
|upkeep
|turn|10
|
|t:|1779714400
|move|p1a: Pepper|Weather Ball|p2a: Corviknight
|-damage|p2a: Corviknight|39/100
|move|p2a: Corviknight|Iron Defense|p2a: Corviknight
|-boost|p2a: Corviknight|def|2
|
|-weather|none
|-heal|p2a: Corviknight|45/100|[from] item: Leftovers
|upkeep
|turn|11
|
|t:|1779714410
|move|p2a: Corviknight|Protect|p2a: Corviknight
|-singleturn|p2a: Corviknight|Protect
|move|p1a: Pepper|Hurricane|p2a: Corviknight
|-activate|p2a: Corviknight|move: Protect
|
|-heal|p2a: Corviknight|51/100|[from] item: Leftovers
|upkeep
|turn|12
|
|t:|1779714420
|switch|p1a: Aquanaw|Feraligatr, M|100/100
|move|p2a: Corviknight|Roost|p2a: Corviknight
|-heal|p2a: Corviknight|100/100
|-singleturn|p2a: Corviknight|move: Roost
|
|upkeep
|turn|13
|
|t:|1779714434
|move|p2a: Corviknight|Body Press|p1a: Aquanaw
|-damage|p1a: Aquanaw|32/100
|move|p1a: Aquanaw|Dragon Tail|p2a: Corviknight
|-resisted|p2a: Corviknight
|-damage|p2a: Corviknight|98/100
|drag|p2a: Glimmora|Glimmora, F|100/100
|-damage|p2a: Glimmora|88/100|[from] Stealth Rock
|
|upkeep
|turn|14
|
|t:|1779714445
|move|p2a: Glimmora|Sludge Wave|p1a: Aquanaw
|-damage|p1a: Aquanaw|0 fnt
|faint|p1a: Aquanaw
|
|upkeep
|
|t:|1779714451
|switch|p1a: Pepper|Pelipper, F|74/100
|-weather|RainDance|[from] ability: Drizzle|[of] p1a: Pepper
|turn|15
|
|t:|1779714456
|move|p2a: Glimmora|Power Gem|p1a: Pepper
|-supereffective|p1a: Pepper
|-crit|p1a: Pepper
|-damage|p1a: Pepper|0 fnt
|faint|p1a: Pepper
|
|-weather|RainDance|[upkeep]
|upkeep
|
|t:|1779714463
|switch|p1a: Cyvailus|Corviknight, M|100/100
|turn|16
|
|t:|1779714470
|move|p2a: Glimmora|Power Gem|p1a: Cyvailus
|-damage|p1a: Cyvailus|56/100
|move|p1a: Cyvailus|Iron Head|p2a: Glimmora
|-supereffective|p2a: Glimmora
|-damage|p2a: Glimmora|20/100
|-activate|p2a: Glimmora|ability: Toxic Debris
|-sidestart|p1: Haxlut|move: Toxic Spikes
|
|-weather|RainDance|[upkeep]
|upkeep
|turn|17
|
|t:|1779714482
|move|p2a: Glimmora|Power Gem|p1a: Cyvailus
|-damage|p1a: Cyvailus|11/100
|move|p1a: Cyvailus|Iron Head|p2a: Glimmora
|-supereffective|p2a: Glimmora
|-damage|p2a: Glimmora|0 fnt
|-activate|p2a: Glimmora|ability: Toxic Debris
|-sidestart|p1: Haxlut|move: Toxic Spikes
|faint|p2a: Glimmora
|
|-weather|RainDance|[upkeep]
|upkeep
|
|t:|1779714491
|switch|p2a: Corviknight|Corviknight, F|98/100
|-damage|p2a: Corviknight|86/100|[from] Stealth Rock
|turn|18
|
|t:|1779714497
|move|p1a: Cyvailus|Defog|p2a: Corviknight
|-ability|p2a: Corviknight|Mirror Armor
|-unboost|p1a: Cyvailus|evasion|1
|-sideend|p2: DrakEragon|Stealth Rock|[from] move: Defog|[of] p1a: Cyvailus
|-sideend|p1: Haxlut|Toxic Spikes|[from] move: Defog|[of] p1a: Cyvailus
|move|p2a: Corviknight|Body Press|p1a: Cyvailus
|-damage|p1a: Cyvailus|0 fnt
|-damage|p2a: Corviknight|69/100|[from] item: Rocky Helmet|[of] p1a: Cyvailus
|faint|p1a: Cyvailus
|
|-weather|RainDance|[upkeep]
|-heal|p2a: Corviknight|75/100|[from] item: Leftovers
|upkeep
|
|t:|1779714510
|switch|p1a: BugRider|Lokix, M|100/100
|turn|19
|
|t:|1779714522
|-terastallize|p1a: BugRider|Dark
|move|p1a: BugRider|Trailblaze|p2a: Corviknight
|-resisted|p2a: Corviknight
|-damage|p2a: Corviknight|70/100
|-boost|p1a: BugRider|spe|1
|move|p2a: Corviknight|Iron Defense|p2a: Corviknight
|-boost|p2a: Corviknight|def|2
|
|-weather|none
|-heal|p2a: Corviknight|76/100|[from] item: Leftovers
|upkeep
|turn|20
|
|t:|1779714536
|move|p1a: BugRider|Knock Off|p2a: Corviknight
|-damage|p2a: Corviknight|53/100
|-enditem|p2a: Corviknight|Leftovers|[from] move: Knock Off|[of] p1a: BugRider
|move|p2a: Corviknight|Body Press|p1a: BugRider
|-supereffective|p1a: BugRider
|-crit|p1a: BugRider
|-damage|p1a: BugRider|0 fnt
|faint|p1a: BugRider
|
|win|DrakEragon
|raw|Haxlut's rating: 1122 &rarr; <strong>1099</strong><br />(-23 for losing)
|raw|DrakEragon's rating: 1156 &rarr; <strong>1179</strong><br />(+23 for winning)
|l|☆Haxlut
|player|p1|
|l|☆DrakEragon
|player|p2|
