|j|☆bomberr
|j|☆s1lverpoke
|t:|1779600678
|gametype|singles
|player|p1|bomberr|birdkeeper-gen4dp|1438
|player|p2|s1lverpoke|101|1487
|gen|9
|tier|[Gen 9] OU
|rated|
|rule|HP Percentage Mod: HP is shown in percentages
|rule|Endless Battle Clause: Forcing endless battles is banned
|rule|Species Clause: Limit one of each Pokémon
|rule|OHKO Clause: OHKO moves are banned
|rule|Evasion Items Clause: Evasion items are banned
|rule|Evasion Moves Clause: Evasion moves are banned
|rule|Evasion Abilities Clause: Evasion abilities are banned
|rule|Sleep Moves Clause: Sleep-inducing moves are banned
|clearpoke
|poke|p1|Kingambit, F|
|poke|p1|Zamazenta-*|
|poke|p1|Ninetales-Alola, F|
|poke|p1|Kyurem|
|poke|p1|Tornadus-Therian, M|
|poke|p1|Iron Moth|
|poke|p2|Samurott-Hisui, M|
|poke|p2|Dragonite, M|
|poke|p2|Kingambit, M|
|poke|p2|Iron Moth|
|poke|p2|Iron Valiant|
|poke|p2|Moltres-Galar|
|teampreview
|inactive|Battle timer is ON: inactive players will automatically lose when time's up. (requested by s1lverpoke)
|
|t:|1779600703
|teamsize|p1|6
|teamsize|p2|6
|start
|switch|p1a: Tornadus|Tornadus-Therian, M|100/100
|switch|p2a: Moltres|Moltres-Galar|100/100
|turn|1
|
|t:|1779600721
|move|p1a: Tornadus|Taunt|p2a: Moltres
|-start|p2a: Moltres|move: Taunt
|cant|p2a: Moltres|move: Taunt|Nasty Plot
|
|upkeep
|turn|2
|
|t:|1779600726
|move|p1a: Tornadus|Knock Off|p2a: Moltres
|-resisted|p2a: Moltres
|-damage|p2a: Moltres|88/100
|-enditem|p2a: Moltres|Sitrus Berry|[from] move: Knock Off|[of] p1a: Tornadus
|move|p2a: Moltres|Fiery Wrath|p1a: Tornadus
|-damage|p1a: Tornadus|54/100
|
|upkeep
|turn|3
|
|t:|1779600734
|move|p1a: Tornadus|U-turn|p2a: Moltres
|-damage|p2a: Moltres|69/100
|
|t:|1779600737
|switch|p1a: Ninetales|Ninetales-Alola, F, shiny|100/100|[from] U-turn
|-weather|Snowscape|[from] ability: Snow Warning|[of] p1a: Ninetales
|move|p2a: Moltres|Fiery Wrath|p1a: Ninetales
|-resisted|p1a: Ninetales
|-damage|p1a: Ninetales|78/100
|
|-weather|Snowscape|[upkeep]
|-end|p2a: Moltres|move: Taunt
|upkeep
|turn|4
|
|t:|1779600747
|move|p1a: Ninetales|Encore|p2a: Moltres
|-start|p2a: Moltres|Encore
|move|p2a: Moltres|Fiery Wrath|p1a: Ninetales
|-resisted|p1a: Ninetales
|-damage|p1a: Ninetales|58/100
|
|-weather|Snowscape|[upkeep]
|upkeep
|turn|5
|
|t:|1779600753
|move|p1a: Ninetales|Aurora Veil|p1a: Ninetales
|-sidestart|p1: bomberr|move: Aurora Veil
|move|p2a: Moltres|Fiery Wrath|p1a: Ninetales
|-resisted|p1a: Ninetales
|-damage|p1a: Ninetales|47/100
|
|-weather|Snowscape|[upkeep]
|upkeep
|turn|6
|
|t:|1779600772
|switch|p1a: Iron Moth|Iron Moth, shiny|100/100
|-enditem|p1a: Iron Moth|Booster Energy
|-activate|p1a: Iron Moth|ability: Quark Drive|[fromitem]
|-start|p1a: Iron Moth|quarkdrivespe
|switch|p2a: Iron Moth|Iron Moth|100/100
|-enditem|p2a: Iron Moth|Booster Energy
|-activate|p2a: Iron Moth|ability: Quark Drive|[fromitem]
|-start|p2a: Iron Moth|quarkdrivespe
|
|-weather|Snowscape|[upkeep]
|upkeep
|turn|7
|
|t:|1779600806
|move|p1a: Iron Moth|Fiery Dance|p2a: Iron Moth
|-resisted|p2a: Iron Moth
|-damage|p2a: Iron Moth|80/100
|move|p2a: Iron Moth|Psychic|p1a: Iron Moth
|-supereffective|p1a: Iron Moth
|-damage|p1a: Iron Moth|73/100
|
|-weather|none
|upkeep
|turn|8
|
|t:|1779600818
|move|p2a: Iron Moth|Fiery Dance|p1a: Iron Moth
|-resisted|p1a: Iron Moth
|-damage|p1a: Iron Moth|63/100
|move|p1a: Iron Moth|Fiery Dance|p2a: Iron Moth
|-resisted|p2a: Iron Moth
|-damage|p2a: Iron Moth|57/100
|
|upkeep
|turn|9
|
|t:|1779600829
|move|p2a: Iron Moth|Fiery Dance|p1a: Iron Moth
|-resisted|p1a: Iron Moth
|-damage|p1a: Iron Moth|53/100
|move|p1a: Iron Moth|Psychic|p2a: Iron Moth
|-supereffective|p2a: Iron Moth
|-damage|p2a: Iron Moth|0 fnt
|faint|p2a: Iron Moth
|-end|p2a: Iron Moth|Quark Drive|[silent]
|
|upkeep
|
|t:|1779600836
|switch|p2a: Samurott|Samurott-Hisui, M|100/100
|turn|10
|
|t:|1779600840
|-terastallize|p1a: Iron Moth|Grass
|move|p1a: Iron Moth|Energy Ball|p2a: Samurott
|-supereffective|p2a: Samurott
|-enditem|p2a: Samurott|Focus Sash
|-damage|p2a: Samurott|1/100
|move|p2a: Samurott|Razor Shell|p1a: Iron Moth
|-resisted|p1a: Iron Moth
|-damage|p1a: Iron Moth|31/100
|-unboost|p1a: Iron Moth|def|1
|
|upkeep
|turn|11
|
|t:|1779600853
|move|p2a: Samurott|Sucker Punch|p1a: Iron Moth
|-damage|p1a: Iron Moth|0 fnt
|faint|p1a: Iron Moth
|-end|p1a: Iron Moth|Quark Drive|[silent]
|
|upkeep
|
|t:|1779600861
|switch|p1a: Ninetales|Ninetales-Alola, F, shiny|47/100
|-weather|Snowscape|[from] ability: Snow Warning|[of] p1a: Ninetales
|turn|12
|
|t:|1779600869
|move|p1a: Ninetales|Encore|p2a: Samurott
|-start|p2a: Samurott|Encore
|move|p2a: Samurott|Sucker Punch||[still]
|-fail|p2a: Samurott
|
|-weather|Snowscape|[upkeep]
|-sideend|p1: bomberr|move: Aurora Veil
|upkeep
|turn|13
|
|t:|1779600875
|move|p2a: Samurott|Sucker Punch||[still]
|-fail|p2a: Samurott
|move|p1a: Ninetales|Aurora Veil|p1a: Ninetales
|-sidestart|p1: bomberr|move: Aurora Veil
|
|-weather|Snowscape|[upkeep]
|upkeep
|turn|14
|
|t:|1779600887
|switch|p1a: Zamazenta|Zamazenta|100/100
|-ability|p1a: Zamazenta|Dauntless Shield|boost
|-boost|p1a: Zamazenta|def|1
|switch|p2a: Moltres|Moltres-Galar|69/100
|
|-weather|Snowscape|[upkeep]
|upkeep
|turn|15
|
|t:|1779600897
|move|p1a: Zamazenta|Iron Defense|p1a: Zamazenta
|-boost|p1a: Zamazenta|def|2
|move|p2a: Moltres|Air Slash|p1a: Zamazenta
|-supereffective|p1a: Zamazenta
|-damage|p1a: Zamazenta|73/100
|
|-weather|Snowscape|[upkeep]
|-heal|p1a: Zamazenta|79/100|[from] item: Leftovers
|upkeep
|turn|16
|
|t:|1779600907
|move|p1a: Zamazenta|Iron Defense|p1a: Zamazenta
|-boost|p1a: Zamazenta|def|2
|move|p2a: Moltres|Nasty Plot|p2a: Moltres
|-boost|p2a: Moltres|spa|2
|
|-weather|none
|-heal|p1a: Zamazenta|86/100|[from] item: Leftovers
|upkeep
|turn|17
|
|t:|1779600916
|move|p1a: Zamazenta|Body Press|p2a: Moltres
|-damage|p2a: Moltres|0 fnt
|faint|p2a: Moltres
|
|-heal|p1a: Zamazenta|92/100|[from] item: Leftovers
|upkeep
|
|t:|1779600922
|switch|p2a: Dragonite|Dragonite, M|100/100
|turn|18
|
|t:|1779600927
|move|p1a: Zamazenta|Substitute|p1a: Zamazenta
|-start|p1a: Zamazenta|Substitute
|-damage|p1a: Zamazenta|67/100
|move|p2a: Dragonite|Outrage|p1a: Zamazenta
|-activate|p1a: Zamazenta|move: Substitute|[damage]
|
|-heal|p1a: Zamazenta|73/100|[from] item: Leftovers
|upkeep
|turn|19
|-message|s1lverpoke forfeited.
|
|win|bomberr
|raw|bomberr's rating: 1438 &rarr; <strong>1460</strong><br />(+22 for winning)
|raw|s1lverpoke's rating: 1468 &rarr; <strong>1446</strong><br />(-22 for losing)
|l|☆s1lverpoke
|player|p2|
|l|☆bomberr
|player|p1|
