|j|☆Acespeedy1
|j|☆Xiguana
|t:|1779714446
|gametype|singles
|player|p1|Acespeedy1|red|1440
|player|p2|Xiguana|1|1488
|gen|9
|tier|[Gen 9] OU
|rated|
|rule|HP Percentage Mod: HP is shown in percentages
|rule|Endless Battle Clause: Forcing endless battles is banned
|rule|Species Clause: Limit one of each Pokémon
|rule|OHKO Clause: OHKO moves are banned
|rule|Evasion Items Clause: Evasion items are banned
|rule|Evasion Moves Clause: Evasion moves are banned
|rule|Evasion Abilities Clause: Evasion abilities are banned
|rule|Sleep Moves Clause: Sleep-inducing moves are banned
|clearpoke
|poke|p1|Blaziken, M|
|poke|p1|Rillaboom, M|
|poke|p1|Dragapult, M|
|poke|p1|Slowking-Galar, M|
|poke|p1|Corviknight, M|
|poke|p1|Quagsire, M|
|poke|p2|Zamazenta-*|
|poke|p2|Dragapult, M|
|poke|p2|Pecharunt|
|poke|p2|Ogerpon-Wellspring, F|
|poke|p2|Iron Treads|
|poke|p2|Kingambit, F|
|teampreview
|inactive|Battle timer is ON: inactive players will automatically lose when time's up. (requested by Xiguana)
|
|t:|1779714455
|teamsize|p1|6
|teamsize|p2|6
|start
|switch|p1a: Dragapult|Dragapult, M|100/100
|switch|p2a: Ogerpon|Ogerpon-Wellspring, F|100/100
|turn|1
|
|t:|1779714467
|move|p1a: Dragapult|U-turn|p2a: Ogerpon
|-supereffective|p2a: Ogerpon
|-damage|p2a: Ogerpon|56/100
|
|t:|1779714470
|switch|p1a: Corviknight|Corviknight, M, shiny|100/100|[from] U-turn
|move|p2a: Ogerpon|Substitute|p2a: Ogerpon
|-start|p2a: Ogerpon|Substitute
|-damage|p2a: Ogerpon|31/100
|
|upkeep
|turn|2
|
|t:|1779714485
|move|p2a: Ogerpon|Swords Dance|p2a: Ogerpon
|-boost|p2a: Ogerpon|atk|2
|move|p1a: Corviknight|U-turn|p2a: Ogerpon
|-supereffective|p2a: Ogerpon
|-crit|p2a: Ogerpon
|-end|p2a: Ogerpon|Substitute
|
|t:|1779714491
|switch|p1a: Dragapult|Dragapult, M|100/100|[from] U-turn
|
|upkeep
|turn|3
|inactive|Xiguana has 120 seconds left.
|
|t:|1779714533
|-terastallize|p2a: Ogerpon|Water
|detailschange|p2a: Ogerpon|Ogerpon-Wellspring-Tera, F, tera:Water
|-ability|p2a: Ogerpon|Embody Aspect (Wellspring)|boost
|-boost|p2a: Ogerpon|spd|1
|move|p1a: Dragapult|U-turn|p2a: Ogerpon
|-damage|p2a: Ogerpon|9/100
|
|t:|1779714541
|switch|p1a: Corviknight|Corviknight, M, shiny|100/100|[from] U-turn
|move|p2a: Ogerpon|Horn Leech|p1a: Corviknight
|-resisted|p1a: Corviknight
|-damage|p1a: Corviknight|87/100
|-heal|p2a: Ogerpon|18/100|[from] drain|[of] p1a: Corviknight
|-damage|p2a: Ogerpon|1/100|[from] item: Rocky Helmet|[of] p1a: Corviknight
|
|upkeep
|turn|4
|
|t:|1779714551
|move|p2a: Ogerpon|Ivy Cudgel|p1a: Corviknight|[anim] Ivy Cudgel Water
|-damage|p1a: Corviknight|0 fnt
|faint|p1a: Corviknight
|
|upkeep
|
|t:|1779714555
|switch|p1a: Rillaboom|Rillaboom, M|100/100
|-fieldstart|move: Grassy Terrain|[from] ability: Grassy Surge|[of] p1a: Rillaboom
|turn|5
|
|t:|1779714564
|switch|p2a: Zamazenta|Zamazenta|100/100
|-ability|p2a: Zamazenta|Dauntless Shield|boost
|-boost|p2a: Zamazenta|def|1
|move|p1a: Rillaboom|Grassy Glide|p2a: Zamazenta
|-damage|p2a: Zamazenta|71/100
|
|-heal|p2a: Zamazenta|77/100|[from] Grassy Terrain
|upkeep
|turn|6
|
|t:|1779714568
|switch|p1a: Dragapult|Dragapult, M|100/100
|move|p2a: Zamazenta|Reflect|p2a: Zamazenta
|-sidestart|p2: Xiguana|Reflect
|
|-heal|p2a: Zamazenta|83/100|[from] Grassy Terrain
|upkeep
|turn|7
|
|t:|1779714575
|move|p2a: Zamazenta|Light Screen|p2a: Zamazenta
|-sidestart|p2: Xiguana|move: Light Screen
|move|p1a: Dragapult|Draco Meteor|p2a: Zamazenta
|-damage|p2a: Zamazenta|50/100
|-unboost|p1a: Dragapult|spa|2
|
|-heal|p2a: Zamazenta|56/100|[from] Grassy Terrain
|upkeep
|turn|8
|inactive|Xiguana has 120 seconds left.
|
|t:|1779714607
|switch|p2a: Dragapult|Dragapult, M|100/100
|switch|p1a: Slowking|Slowking-Galar, M|100/100
|
|upkeep
|turn|9
|
|t:|1779714611
|move|p2a: Dragapult|Substitute|p2a: Dragapult
|-start|p2a: Dragapult|Substitute
|-damage|p2a: Dragapult|76/100
|move|p1a: Slowking|Thunder Wave|p2a: Dragapult|[miss]
|-miss|p1a: Slowking|p2a: Dragapult
|
|-heal|p2a: Dragapult|82/100|[from] Grassy Terrain
|-heal|p2a: Dragapult|88/100|[from] item: Leftovers
|-fieldend|move: Grassy Terrain
|upkeep
|turn|10
|
|t:|1779714615
|move|p2a: Dragapult|Dragon Dance|p2a: Dragapult
|-boost|p2a: Dragapult|atk|1
|-boost|p2a: Dragapult|spe|1
|move|p1a: Slowking|Future Sight|p2a: Dragapult
|-start|p1a: Slowking|move: Future Sight
|
|-heal|p2a: Dragapult|94/100|[from] item: Leftovers
|upkeep
|turn|11
|
|t:|1779714625
|switch|p1a: Quagsire|Quagsire, M|100/100
|move|p2a: Dragapult|Dragon Dance|p2a: Dragapult
|-boost|p2a: Dragapult|atk|1
|-boost|p2a: Dragapult|spe|1
|
|-heal|p2a: Dragapult|99/100|[from] item: Leftovers
|upkeep
|turn|12
|
|t:|1779714633
|move|p2a: Dragapult|Phantom Force||[still]
|-prepare|p2a: Dragapult|Phantom Force
|move|p1a: Quagsire|Stealth Rock|p2a: Dragapult|[miss]
|-sidestart|p2: Xiguana|move: Stealth Rock
|
|-end|p2a: Dragapult|move: Future Sight
|-miss|p1: Slowking|p2a: Dragapult
|-heal|p2a: Dragapult|100/100|[from] item: Leftovers
|upkeep
|turn|13
|
|t:|1779714641
|move|p2a: Dragapult|Phantom Force|p1a: Quagsire|[from] lockedmove
|-damage|p1a: Quagsire|66/100
|move|p1a: Quagsire|Earthquake|p2a: Dragapult
|-activate|p2a: Dragapult|move: Substitute|[damage]
|
|-heal|p1a: Quagsire|72/100|[from] item: Leftovers
|-sideend|p2: Xiguana|Reflect
|upkeep
|turn|14
|
|t:|1779714649
|move|p2a: Dragapult|Dragon Darts|p1a: Quagsire
|-damage|p1a: Quagsire|54/100
|-anim|p2a: Dragapult|Dragon Darts|p1a: Quagsire
|-damage|p1a: Quagsire|35/100
|move|p1a: Quagsire|Earthquake|p2a: Dragapult
|-end|p2a: Dragapult|Substitute
|
|-heal|p1a: Quagsire|41/100|[from] item: Leftovers
|-sideend|p2: Xiguana|move: Light Screen
|upkeep
|turn|15
|
|t:|1779714654
|move|p2a: Dragapult|Substitute|p2a: Dragapult
|-start|p2a: Dragapult|Substitute
|-damage|p2a: Dragapult|76/100
|move|p1a: Quagsire|Toxic||[still]
|-fail|p1a: Quagsire
|
|-heal|p2a: Dragapult|82/100|[from] item: Leftovers
|-heal|p1a: Quagsire|47/100|[from] item: Leftovers
|upkeep
|turn|16
|
|t:|1779714657
|move|p2a: Dragapult|Dragon Darts|p1a: Quagsire
|-damage|p1a: Quagsire|30/100
|-anim|p2a: Dragapult|Dragon Darts|p1a: Quagsire
|-damage|p1a: Quagsire|11/100
|move|p1a: Quagsire|Earthquake|p2a: Dragapult
|-end|p2a: Dragapult|Substitute
|
|-heal|p2a: Dragapult|88/100|[from] item: Leftovers
|-heal|p1a: Quagsire|18/100|[from] item: Leftovers
|upkeep
|turn|17
|
|t:|1779714668
|move|p2a: Dragapult|Dragon Darts|p1a: Quagsire
|-damage|p1a: Quagsire|0 fnt
|faint|p1a: Quagsire
|
|-heal|p2a: Dragapult|94/100|[from] item: Leftovers
|upkeep
|
|t:|1779714671
|switch|p1a: Rillaboom|Rillaboom, M|100/100
|-fieldstart|move: Grassy Terrain|[from] ability: Grassy Surge|[of] p1a: Rillaboom
|turn|18
|
|t:|1779714675
|-terastallize|p1a: Rillaboom|Grass
|move|p1a: Rillaboom|Grassy Glide|p2a: Dragapult
|-resisted|p2a: Dragapult
|-damage|p2a: Dragapult|43/100
|move|p2a: Dragapult|Dragon Darts|p1a: Rillaboom
|-damage|p1a: Rillaboom|44/100
|-anim|p2a: Dragapult|Dragon Darts|p1a: Rillaboom
|-damage|p1a: Rillaboom|0 fnt
|faint|p1a: Rillaboom
|
|-heal|p2a: Dragapult|49/100|[from] Grassy Terrain
|-heal|p2a: Dragapult|55/100|[from] item: Leftovers
|upkeep
|
|t:|1779714686
|switch|p1a: Blaziken|Blaziken, M, shiny|100/100
|turn|19
|
|t:|1779714690
|move|p1a: Blaziken|Protect|p1a: Blaziken
|-singleturn|p1a: Blaziken|Protect
|move|p2a: Dragapult|Substitute|p2a: Dragapult
|-start|p2a: Dragapult|Substitute
|-damage|p2a: Dragapult|30/100
|
|-heal|p2a: Dragapult|36/100|[from] Grassy Terrain
|-heal|p2a: Dragapult|42/100|[from] item: Leftovers
|-ability|p1a: Blaziken|Speed Boost|boost
|-boost|p1a: Blaziken|spe|1
|upkeep
|turn|20
|
|t:|1779714695
|move|p2a: Dragapult|Dragon Darts|p1a: Blaziken
|-damage|p1a: Blaziken|21/100
|-anim|p2a: Dragapult|Dragon Darts|p1a: Blaziken
|-damage|p1a: Blaziken|0 fnt
|faint|p1a: Blaziken
|
|-heal|p2a: Dragapult|48/100|[from] Grassy Terrain
|-heal|p2a: Dragapult|54/100|[from] item: Leftovers
|upkeep
|-message|Acespeedy1 forfeited.
|
|win|Xiguana
|raw|Acespeedy1's rating: 1440 &rarr; <strong>1423</strong><br />(-17 for losing)
|raw|Xiguana's rating: 1488 &rarr; <strong>1505</strong><br />(+17 for winning)
|l|☆Acespeedy1
|player|p1|
