|inactive|Battle timer is ON: inactive players will automatically lose when time's up.
|t:|1779650888
|gametype|singles
|player|p1|fardin|gentleman-gen4dp|
|player|p2|Ghoulish Champ|#hplvikochiquakers|
|gen|9
|tier|[Gen 9] OU
|rule|HP Percentage Mod: HP is shown in percentages
|rule|Endless Battle Clause: Forcing endless battles is banned
|rule|Species Clause: Limit one of each Pokémon
|rule|OHKO Clause: OHKO moves are banned
|rule|Evasion Items Clause: Evasion items are banned
|rule|Evasion Moves Clause: Evasion moves are banned
|rule|Evasion Abilities Clause: Evasion abilities are banned
|rule|Sleep Moves Clause: Sleep-inducing moves are banned
|clearpoke
|poke|p1|Ogerpon-Wellspring, F|
|poke|p1|Gliscor, M|
|poke|p1|Ting-Lu|
|poke|p1|Zamazenta-*|
|poke|p1|Great Tusk|
|poke|p1|Gholdengo|
|poke|p2|Indeedee, M|
|poke|p2|Landorus-Therian, M|
|poke|p2|Armarouge, M|
|poke|p2|Iron Crown|
|poke|p2|Kyurem|
|poke|p2|Zamazenta-*|
|teampreview
|c|☆fardin|hf
|inactive|fardin has 270 seconds left.
|inactive|Ghoulish Champ has 270 seconds left.
|c|☆Ghoulish Champ|hf
|inactive|Ghoulish Champ has 240 seconds left.
|
|t:|1779650952
|teamsize|p1|6
|teamsize|p2|6
|start
|switch|p1a: Ogerpon|Ogerpon-Wellspring, F|100/100
|switch|p2a: Landorus|Landorus-Therian, M|100/100
|-ability|p2a: Landorus|Intimidate|boost
|-unboost|p1a: Ogerpon|atk|1
|turn|1
|
|t:|1779650958
|move|p1a: Ogerpon|Ivy Cudgel|p2a: Landorus|[anim] Ivy Cudgel Water
|-supereffective|p2a: Landorus
|-damage|p2a: Landorus|24/100
|move|p2a: Landorus|U-turn|p1a: Ogerpon
|-supereffective|p1a: Ogerpon
|-damage|p1a: Ogerpon|49/100
|
|t:|1779650962
|switch|p2a: Kyurem|Kyurem|100/100|[from] U-turn
|-ability|p2a: Kyurem|Pressure
|
|upkeep
|turn|2
|
|t:|1779650968
|move|p1a: Ogerpon|U-turn|p2a: Kyurem
|-damage|p2a: Kyurem|84/100
|
|t:|1779650970
|switch|p1a: Zamazenta|Zamazenta|100/100|[from] U-turn
|-ability|p1a: Zamazenta|Dauntless Shield|boost
|-boost|p1a: Zamazenta|def|1
|move|p2a: Kyurem|Earth Power|p1a: Zamazenta
|-damage|p1a: Zamazenta|71/100
|
|upkeep
|turn|3
|
|t:|1779650977
|switch|p2a: Landorus|Landorus-Therian, M|24/100
|-ability|p2a: Landorus|Intimidate|boost
|-unboost|p1a: Zamazenta|atk|1
|move|p1a: Zamazenta|Iron Defense|p1a: Zamazenta
|-boost|p1a: Zamazenta|def|2
|
|upkeep
|turn|4
|
|t:|1779650994
|switch|p2a: Armarouge|Armarouge, M|100/100
|move|p1a: Zamazenta|Body Press|p2a: Armarouge
|-resisted|p2a: Armarouge
|-damage|p2a: Armarouge|54/100
|-ability|p2a: Armarouge|Weak Armor|boost
|-unboost|p2a: Armarouge|def|1
|-boost|p2a: Armarouge|spe|2
|
|upkeep
|turn|5
|
|t:|1779651006
|switch|p2a: Landorus|Landorus-Therian, M|24/100
|-ability|p2a: Landorus|Intimidate|boost
|-unboost|p1a: Zamazenta|atk|1
|switch|p1a: Ting-Lu|Ting-Lu|100/100
|-ability|p1a: Ting-Lu|Vessel of Ruin
|
|upkeep
|turn|6
|
|t:|1779651015
|switch|p1a: Ogerpon|Ogerpon-Wellspring, F|49/100
|move|p2a: Landorus|Stealth Rock|p1a: Ogerpon
|-sidestart|p1: fardin|move: Stealth Rock
|
|upkeep
|turn|7
|
|t:|1779651021
|switch|p2a: Kyurem|Kyurem|84/100
|-ability|p2a: Kyurem|Pressure
|move|p1a: Ogerpon|Ivy Cudgel|p2a: Kyurem|[anim] Ivy Cudgel Water
|-resisted|p2a: Kyurem
|-crit|p2a: Kyurem
|-damage|p2a: Kyurem|45/100
|
|upkeep
|turn|8
|
|t:|1779651024
|switch|p2a: Landorus|Landorus-Therian, M|24/100
|-ability|p2a: Landorus|Intimidate|boost
|-unboost|p1a: Ogerpon|atk|1
|move|p1a: Ogerpon|Play Rough|p2a: Landorus|[miss]
|-miss|p1a: Ogerpon|p2a: Landorus
|
|upkeep
|turn|9
|inactive|Ghoulish Champ has 270 seconds left.
|inactive|Ghoulish Champ has 240 seconds left.
|
|t:|1779651101
|move|p1a: Ogerpon|Ivy Cudgel|p2a: Landorus|[anim] Ivy Cudgel Water
|-supereffective|p2a: Landorus
|-damage|p2a: Landorus|0 fnt
|faint|p2a: Landorus
|
|upkeep
|
|t:|1779651116
|switch|p2a: Indeedee|Indeedee, M|100/100
|-fieldstart|move: Psychic Terrain|[from] ability: Psychic Surge|[of] p2a: Indeedee
|turn|10
|
|t:|1779651130
|switch|p2a: Zamazenta|Zamazenta|100/100
|-ability|p2a: Zamazenta|Dauntless Shield|boost
|-boost|p2a: Zamazenta|def|1
|move|p1a: Ogerpon|U-turn|p2a: Zamazenta
|-resisted|p2a: Zamazenta
|-damage|p2a: Zamazenta|95/100
|
|t:|1779651138
|switch|p1a: Gholdengo|Gholdengo|100/100|[from] U-turn
|-damage|p1a: Gholdengo|94/100|[from] Stealth Rock
|
|upkeep
|turn|11
|
|t:|1779651145
|move|p2a: Zamazenta|Crunch|p1a: Gholdengo
|-supereffective|p1a: Gholdengo
|-crit|p1a: Gholdengo
|-enditem|p1a: Gholdengo|Colbur Berry|[eat]
|-enditem|p1a: Gholdengo|Colbur Berry|[weaken]
|-damage|p1a: Gholdengo|55/100
|-damage|p2a: Zamazenta|85/100|[from] item: Life Orb
|move|p1a: Gholdengo|Shadow Ball|p2a: Zamazenta
|-damage|p2a: Zamazenta|51/100
|
|upkeep
|turn|12
|
|t:|1779651175
|switch|p2a: Kyurem|Kyurem|45/100
|-ability|p2a: Kyurem|Pressure
|switch|p1a: Gliscor|Gliscor, M|100/100
|-damage|p1a: Gliscor|88/100|[from] Stealth Rock
|
|-status|p1a: Gliscor|tox|[from] item: Toxic Orb
|upkeep
|turn|13
|
|t:|1779651186
|-terastallize|p1a: Gliscor|Ice
|move|p2a: Kyurem|Dragon Dance|p2a: Kyurem
|-boost|p2a: Kyurem|atk|1
|-boost|p2a: Kyurem|spe|1
|move|p1a: Gliscor|Earthquake|p2a: Kyurem
|-damage|p2a: Kyurem|14/100
|
|-heal|p1a: Gliscor|100/100 tox|[from] ability: Poison Heal
|upkeep
|turn|14
|inactive|Ghoulish Champ has 240 seconds left.
|
|t:|1779651194
|move|p2a: Kyurem|Earth Power|p1a: Gliscor
|-damage|p1a: Gliscor|62/100 tox
|move|p1a: Gliscor|Earthquake|p2a: Kyurem
|-damage|p2a: Kyurem|0 fnt
|faint|p2a: Kyurem
|
|-heal|p1a: Gliscor|75/100 tox|[from] ability: Poison Heal
|upkeep
|inactive|Ghoulish Champ has 240 seconds left.
|
|t:|1779651202
|switch|p2a: Zamazenta|Zamazenta|51/100
|turn|15
|
|t:|1779651209
|move|p1a: Gliscor|Protect|p1a: Gliscor
|-singleturn|p1a: Gliscor|Protect
|move|p2a: Zamazenta|Close Combat|p1a: Gliscor
|-activate|p1a: Gliscor|move: Protect
|
|-heal|p1a: Gliscor|87/100 tox|[from] ability: Poison Heal
|upkeep
|turn|16
|
|t:|1779651215
|move|p2a: Zamazenta|Close Combat|p1a: Gliscor
|-supereffective|p1a: Gliscor
|-damage|p1a: Gliscor|0 fnt
|-unboost|p2a: Zamazenta|def|1
|-unboost|p2a: Zamazenta|spd|1
|faint|p1a: Gliscor
|-damage|p2a: Zamazenta|41/100|[from] item: Life Orb
|
|upkeep
|
|t:|1779651220
|switch|p1a: Great Tusk|Great Tusk|100/100
|-damage|p1a: Great Tusk|98/100|[from] Stealth Rock
|turn|17
|
|t:|1779651224
|-terastallize|p2a: Zamazenta|Psychic
|move|p2a: Zamazenta|Psychic Fangs|p1a: Great Tusk
|-supereffective|p1a: Great Tusk
|-damage|p1a: Great Tusk|0 fnt
|faint|p1a: Great Tusk
|-end|p1a: Great Tusk|Protosynthesis|[silent]
|-damage|p2a: Zamazenta|32/100|[from] item: Life Orb
|
|-fieldend|move: Psychic Terrain
|upkeep
|
|t:|1779651231
|switch|p1a: Zamazenta|Zamazenta|71/100
|-damage|p1a: Zamazenta|65/100|[from] Stealth Rock
|turn|18
|c|+aquiIo|GOAT
|
|t:|1779651241
|switch|p2a: Armarouge|Armarouge, M|54/100
|move|p1a: Zamazenta|Body Press|p2a: Armarouge
|-resisted|p2a: Armarouge
|-damage|p2a: Armarouge|33/100
|-ability|p2a: Armarouge|Weak Armor|boost
|-unboost|p2a: Armarouge|def|1
|-boost|p2a: Armarouge|spe|2
|
|upkeep
|turn|19
|c|+aquiIo|ALLEZ CHAMPPL
|inactive|Ghoulish Champ has 270 seconds left.
|inactive|fardin has 270 seconds left.
|
|t:|1779651272
|switch|p1a: Ting-Lu|Ting-Lu|100/100
|-damage|p1a: Ting-Lu|94/100|[from] Stealth Rock
|-ability|p1a: Ting-Lu|Vessel of Ruin
|move|p2a: Armarouge|Expanding Force|p1a: Ting-Lu
|-immune|p1a: Ting-Lu
|
|-heal|p1a: Ting-Lu|100/100|[from] item: Leftovers
|upkeep
|turn|20
|inactive|fardin has 270 seconds left.
|
|t:|1779651283
|move|p2a: Armarouge|Taunt|p1a: Ting-Lu
|-start|p1a: Ting-Lu|move: Taunt
|move|p1a: Ting-Lu|Earthquake|p2a: Armarouge
|-supereffective|p2a: Armarouge
|-damage|p2a: Armarouge|0 fnt
|faint|p2a: Armarouge
|
|upkeep
|
|t:|1779651285
|switch|p2a: Indeedee|Indeedee, M|100/100
|-fieldstart|move: Psychic Terrain|[from] ability: Psychic Surge|[of] p2a: Indeedee
|turn|21
|
|t:|1779651293
|move|p2a: Indeedee|Healing Wish|p2a: Indeedee
|faint|p2a: Indeedee
|move|p1a: Ting-Lu|Earthquake|p2: Indeedee|[notarget]
|-fail|p1a: Ting-Lu
|
|upkeep
|
|t:|1779651296
|switch|p2a: Zamazenta|Zamazenta, tera:Psychic|32/100
|-heal|p2a: Zamazenta|100/100|[from] move: Healing Wish
|turn|22
|
|t:|1779651302
|switch|p1a: Ogerpon|Ogerpon-Wellspring, F|49/100
|-damage|p1a: Ogerpon|37/100|[from] Stealth Rock
|move|p2a: Zamazenta|Close Combat|p1a: Ogerpon
|-damage|p1a: Ogerpon|0 fnt
|-unboost|p2a: Zamazenta|def|1
|-unboost|p2a: Zamazenta|spd|1
|faint|p1a: Ogerpon
|-damage|p2a: Zamazenta|91/100|[from] item: Life Orb
|
|upkeep
|
|t:|1779651307
|switch|p1a: Zamazenta|Zamazenta|65/100
|-damage|p1a: Zamazenta|59/100|[from] Stealth Rock
|turn|23
|
|t:|1779651315
|move|p1a: Zamazenta|Crunch|p2a: Zamazenta
|-supereffective|p2a: Zamazenta
|-damage|p2a: Zamazenta|24/100
|move|p2a: Zamazenta|Psychic Fangs|p1a: Zamazenta
|-supereffective|p1a: Zamazenta
|-damage|p1a: Zamazenta|0 fnt
|faint|p1a: Zamazenta
|-damage|p2a: Zamazenta|14/100|[from] item: Life Orb
|
|upkeep
|
|t:|1779651324
|switch|p1a: Gholdengo|Gholdengo|55/100
|-damage|p1a: Gholdengo|49/100|[from] Stealth Rock
|turn|24
|inactive|Ghoulish Champ has 270 seconds left.
|
|t:|1779651366
|move|p2a: Zamazenta|Crunch|p1a: Gholdengo
|-supereffective|p1a: Gholdengo
|-damage|p1a: Gholdengo|0 fnt
|faint|p1a: Gholdengo
|-damage|p2a: Zamazenta|4/100|[from] item: Life Orb
|
|upkeep
|c|☆Ghoulish Champ|gg
|c|☆fardin|sure
|
|t:|1779651374
|switch|p1a: Ting-Lu|Ting-Lu|100/100
|-damage|p1a: Ting-Lu|94/100|[from] Stealth Rock
|-ability|p1a: Ting-Lu|Vessel of Ruin
|turn|25
|c|+blooclipse|fym sure
|c|☆Ghoulish Champ|🥸
|
|t:|1779651378
|move|p2a: Zamazenta|Close Combat|p1a: Ting-Lu
|-supereffective|p1a: Ting-Lu
|-damage|p1a: Ting-Lu|5/100
|-unboost|p2a: Zamazenta|def|1
|-unboost|p2a: Zamazenta|spd|1
|-damage|p2a: Zamazenta|0 fnt|[from] item: Life Orb
|faint|p2a: Zamazenta
|move|p1a: Ting-Lu|Earthquake|p2: Zamazenta|[notarget]
|-fail|p1a: Ting-Lu
|
|-heal|p1a: Ting-Lu|12/100|[from] item: Leftovers
|upkeep
|c|+sire clod|#sure
|
|t:|1779651380
|switch|p2a: Iron Crown|Iron Crown|100/100
|-enditem|p2a: Iron Crown|Booster Energy
|-activate|p2a: Iron Crown|ability: Quark Drive|[fromitem]
|-start|p2a: Iron Crown|quarkdrivespe
|turn|26
|-message|fardin forfeited.
|
|win|Ghoulish Champ
|player|p1|
|c|+aquiIo|sure
|player|p2|
|player|p1|fardin|gentleman-gen4dp|
|c|☆fardin|sure as in no crit on ghold and i never have to waste tera on glisc
|c|☆fardin|genius players here
|player|p1|
|c|+sire clod|indiddled
|player|p1|fardin|gentleman-gen4dp|
|c|+aquiIo|lowks tera on glisc was regardless #questionable
|player|p1|
|player|p1|fardin|gentleman-gen4dp|
|c|☆fardin|thats fair
|player|p1|
