|j|☆LeoN22poke
|j|☆claudechamp
|t:|1779715283
|gametype|singles
|player|p1|LeoN22poke|steven|1141
|player|p2|claudechamp|102|1144
|gen|9
|tier|[Gen 9] OU
|rated|
|rule|HP Percentage Mod: HP is shown in percentages
|rule|Endless Battle Clause: Forcing endless battles is banned
|rule|Species Clause: Limit one of each Pokémon
|rule|OHKO Clause: OHKO moves are banned
|rule|Evasion Items Clause: Evasion items are banned
|rule|Evasion Moves Clause: Evasion moves are banned
|rule|Evasion Abilities Clause: Evasion abilities are banned
|rule|Sleep Moves Clause: Sleep-inducing moves are banned
|clearpoke
|poke|p1|Gholdengo|
|poke|p1|Blaziken, M|
|poke|p1|Samurott-Hisui, F|
|poke|p1|Toxtricity-Low-Key, F|
|poke|p1|Porygon2|
|poke|p1|Toedscruel, F|
|poke|p2|Gliscor, M|
|poke|p2|Ogerpon, F|
|poke|p2|Walking Wake|
|poke|p2|Blissey, F|
|poke|p2|Corviknight, F|
|poke|p2|Pecharunt|
|teampreview
|c|☆claudechamp|hf
|inactive|Battle timer is ON: inactive players will automatically lose when time's up. (requested by claudechamp)
|
|t:|1779715312
|teamsize|p1|6
|teamsize|p2|6
|start
|switch|p1a: Toxtricity|Toxtricity-Low-Key, F, shiny|100/100
|switch|p2a: Gliscor|Gliscor, M|100/100
|turn|1
|
|t:|1779715326
|switch|p1a: Samurott|Samurott-Hisui, F, shiny|100/100
|move|p2a: Gliscor|Spikes|p1a: Samurott
|-sidestart|p1: LeoN22poke|Spikes
|
|-status|p2a: Gliscor|tox|[from] item: Toxic Orb
|upkeep
|turn|2
|
|t:|1779715336
|move|p1a: Samurott|Ceaseless Edge|p2a: Gliscor
|-crit|p2a: Gliscor
|-damage|p2a: Gliscor|37/100 tox
|-sidestart|p2: claudechamp|Spikes
|move|p2a: Gliscor|Earthquake|p1a: Samurott
|-damage|p1a: Samurott|57/100
|
|-heal|p2a: Gliscor|49/100 tox|[from] ability: Poison Heal
|upkeep
|turn|3
|
|t:|1779715346
|move|p2a: Gliscor|Protect|p2a: Gliscor
|-singleturn|p2a: Gliscor|Protect
|move|p1a: Samurott|Razor Shell|p2a: Gliscor
|-activate|p2a: Gliscor|move: Protect
|
|-heal|p2a: Gliscor|62/100 tox|[from] ability: Poison Heal
|upkeep
|turn|4
|
|t:|1779715355
|switch|p2a: Ogerpon|Ogerpon, F|100/100
|move|p1a: Samurott|Ceaseless Edge|p2a: Ogerpon
|-damage|p2a: Ogerpon|28/100
|-sidestart|p2: claudechamp|Spikes
|
|upkeep
|turn|5
|
|t:|1779715375
|move|p2a: Ogerpon|Ivy Cudgel|p1a: Samurott
|-supereffective|p1a: Samurott
|-damage|p1a: Samurott|0 fnt
|faint|p1a: Samurott
|
|upkeep
|
|t:|1779715381
|switch|p1a: Toedscruel|Toedscruel, F, shiny|100/100
|-damage|p1a: Toedscruel|88/100|[from] Spikes
|turn|6
|
|t:|1779715388
|move|p2a: Ogerpon|Knock Off|p1a: Toedscruel
|-damage|p1a: Toedscruel|48/100
|-enditem|p1a: Toedscruel|Leftovers|[from] move: Knock Off|[of] p2a: Ogerpon
|move|p1a: Toedscruel|Rapid Spin|p2a: Ogerpon
|-damage|p2a: Ogerpon|18/100
|-boost|p1a: Toedscruel|spe|1
|-sideend|p1: LeoN22poke|Spikes|[from] move: Rapid Spin|[of] p1a: Toedscruel
|
|upkeep
|turn|7
|
|t:|1779715408
|move|p1a: Toedscruel|Giga Drain|p2a: Ogerpon
|-resisted|p2a: Ogerpon
|-damage|p2a: Ogerpon|1/100
|-heal|p1a: Toedscruel|55/100|[from] drain|[of] p2a: Ogerpon
|move|p2a: Ogerpon|Ivy Cudgel|p1a: Toedscruel
|-damage|p1a: Toedscruel|0 fnt
|faint|p1a: Toedscruel
|
|upkeep
|
|t:|1779715420
|switch|p1a: Toxtricity|Toxtricity-Low-Key, F, shiny|100/100
|turn|8
|
|t:|1779715425
|switch|p2a: Gliscor|Gliscor, M|62/100 tox
|move|p1a: Toxtricity|Volt Switch|p2a: Gliscor
|-immune|p2a: Gliscor
|
|-heal|p2a: Gliscor|74/100 tox|[from] ability: Poison Heal
|upkeep
|turn|9
|
|t:|1779715439
|switch|p1a: Porygon2|Porygon2, shiny|100/100
|-ability|p1a: Porygon2|Poison Heal|Trace|[from] ability: Trace|[of] p2a: Gliscor
|move|p2a: Gliscor|Spikes|p1a: Porygon2
|-sidestart|p1: LeoN22poke|Spikes
|
|-heal|p2a: Gliscor|86/100 tox|[from] ability: Poison Heal
|upkeep
|turn|10
|
|t:|1779715442
|move|p2a: Gliscor|Earthquake|p1a: Porygon2
|-damage|p1a: Porygon2|81/100
|move|p1a: Porygon2|Tri Attack|p2a: Gliscor
|-crit|p2a: Gliscor
|-damage|p2a: Gliscor|47/100 tox
|
|-heal|p2a: Gliscor|59/100 tox|[from] ability: Poison Heal
|upkeep
|turn|11
|
|t:|1779715453
|-terastallize|p2a: Gliscor|Ghost
|move|p2a: Gliscor|Earthquake|p1a: Porygon2
|-damage|p1a: Porygon2|64/100
|move|p1a: Porygon2|Tri Attack|p2a: Gliscor
|-immune|p2a: Gliscor
|
|-heal|p2a: Gliscor|71/100 tox|[from] ability: Poison Heal
|upkeep
|turn|12
|
|t:|1779715458
|move|p2a: Gliscor|Spikes|p1a: Porygon2
|-sidestart|p1: LeoN22poke|Spikes
|move|p1a: Porygon2|Foul Play|p2a: Gliscor
|-supereffective|p2a: Gliscor
|-damage|p2a: Gliscor|39/100 tox
|
|-heal|p2a: Gliscor|52/100 tox|[from] ability: Poison Heal
|upkeep
|turn|13
|
|t:|1779715464
|move|p2a: Gliscor|Protect|p2a: Gliscor
|-singleturn|p2a: Gliscor|Protect
|move|p1a: Porygon2|Recover|p1a: Porygon2
|-heal|p1a: Porygon2|100/100
|
|-heal|p2a: Gliscor|64/100 tox|[from] ability: Poison Heal
|upkeep
|turn|14
|
|t:|1779715473
|move|p2a: Gliscor|Spikes|p1a: Porygon2
|-sidestart|p1: LeoN22poke|Spikes
|move|p1a: Porygon2|Foul Play|p2a: Gliscor
|-supereffective|p2a: Gliscor
|-damage|p2a: Gliscor|34/100 tox
|
|-heal|p2a: Gliscor|46/100 tox|[from] ability: Poison Heal
|upkeep
|turn|15
|
|t:|1779715483
|switch|p2a: Blissey|Blissey, F|100/100
|move|p1a: Porygon2|Foul Play|p2a: Blissey
|-damage|p2a: Blissey|98/100
|
|upkeep
|turn|16
|
|t:|1779715490
|move|p1a: Porygon2|Thunder Wave|p2a: Blissey
|-status|p2a: Blissey|par
|move|p2a: Blissey|Stealth Rock|p1a: Porygon2
|-sidestart|p1: LeoN22poke|move: Stealth Rock
|
|upkeep
|turn|17
|
|t:|1779715496
|switch|p1a: Blaziken|Blaziken, M, shiny|100/100
|-damage|p1a: Blaziken|76/100|[from] Spikes
|-damage|p1a: Blaziken|63/100|[from] Stealth Rock
|move|p2a: Blissey|Seismic Toss|p1a: Blaziken
|-damage|p1a: Blaziken|30/100
|
|upkeep
|turn|18
|
|t:|1779715506
|-curestatus|p2a: Blissey|par|[from] ability: Natural Cure|[silent]
|switch|p2a: Pecharunt|Pecharunt|100/100
|move|p1a: Blaziken|Swords Dance|p1a: Blaziken
|-boost|p1a: Blaziken|atk|2
|
|-ability|p1a: Blaziken|Speed Boost|boost
|-boost|p1a: Blaziken|spe|1
|upkeep
|turn|19
|
|t:|1779715518
|move|p1a: Blaziken|Brave Bird|p2a: Pecharunt
|-damage|p2a: Pecharunt|60/100
|-damage|p1a: Blaziken|14/100|[from] Recoil
|move|p2a: Pecharunt|Foul Play|p1a: Blaziken
|-resisted|p1a: Blaziken
|-damage|p1a: Blaziken|0 fnt
|faint|p1a: Blaziken
|
|upkeep
|
|t:|1779715532
|switch|p1a: Gholdengo|Gholdengo|100/100
|-damage|p1a: Gholdengo|75/100|[from] Spikes
|-damage|p1a: Gholdengo|69/100|[from] Stealth Rock
|turn|20
|
|t:|1779715536
|move|p1a: Gholdengo|Shadow Ball|p2a: Pecharunt
|-supereffective|p2a: Pecharunt
|-damage|p2a: Pecharunt|0 fnt
|faint|p2a: Pecharunt
|-damage|p1a: Gholdengo|60/100|[from] item: Life Orb
|
|upkeep
|
|t:|1779715540
|switch|p2a: Ogerpon|Ogerpon, F|1/100
|turn|21
|
|t:|1779715546
|switch|p1a: Porygon2|Porygon2, shiny|100/100
|-damage|p1a: Porygon2|76/100|[from] Spikes
|-damage|p1a: Porygon2|63/100|[from] Stealth Rock
|-ability|p1a: Porygon2|Defiant|Trace|[from] ability: Trace|[of] p2a: Ogerpon
|move|p2a: Ogerpon|Knock Off|p1a: Porygon2
|-damage|p1a: Porygon2|45/100
|-enditem|p1a: Porygon2|Eviolite|[from] move: Knock Off|[of] p2a: Ogerpon
|
|upkeep
|turn|22
|
|t:|1779715556
|move|p2a: Ogerpon|Ivy Cudgel|p1a: Porygon2
|-crit|p1a: Porygon2
|-damage|p1a: Porygon2|0 fnt
|faint|p1a: Porygon2
|
|upkeep
|
|t:|1779715560
|switch|p1a: Toxtricity|Toxtricity-Low-Key, F, shiny|100/100
|-damage|p1a: Toxtricity|75/100|[from] Spikes
|-damage|p1a: Toxtricity|63/100|[from] Stealth Rock
|turn|23
|
|t:|1779715564
|move|p1a: Toxtricity|Boomburst|p2a: Ogerpon
|-damage|p2a: Ogerpon|0 fnt
|faint|p2a: Ogerpon
|
|upkeep
|
|t:|1779715569
|switch|p2a: Walking Wake|Walking Wake|100/100
|turn|24
|
|t:|1779715573
|-terastallize|p1a: Toxtricity|Normal
|move|p1a: Toxtricity|Boomburst|p2a: Walking Wake
|-damage|p2a: Walking Wake|6/100
|move|p2a: Walking Wake|Surf|p1a: Toxtricity
|-damage|p1a: Toxtricity|0 fnt
|faint|p1a: Toxtricity
|
|upkeep
|l|☆LeoN22poke
|inactive|LeoN22poke disconnected and has a minute to reconnect!
|player|p1|
|j|☆LeoN22poke
|inactive|LeoN22poke reconnected and has 140 seconds left.
|player|p1|LeoN22poke|steven|
|-message|LeoN22poke forfeited.
|
|win|claudechamp
|raw|LeoN22poke's rating: 1141 &rarr; <strong>1116</strong><br />(-25 for losing)
|raw|claudechamp's rating: 1145 &rarr; <strong>1170</strong><br />(+25 for winning)
|l|☆LeoN22poke
|player|p1|
|c|☆claudechamp|gg
