|j|☆taurinide
|j|☆alt1 lord greed
|t:|1779660093
|gametype|singles
|player|p1|taurinide|archer|1441
|player|p2|alt1 lord greed|101|1441
|gen|9
|tier|[Gen 9] OU
|rated|
|rule|HP Percentage Mod: HP is shown in percentages
|rule|Endless Battle Clause: Forcing endless battles is banned
|rule|Species Clause: Limit one of each Pokémon
|rule|OHKO Clause: OHKO moves are banned
|rule|Evasion Items Clause: Evasion items are banned
|rule|Evasion Moves Clause: Evasion moves are banned
|rule|Evasion Abilities Clause: Evasion abilities are banned
|rule|Sleep Moves Clause: Sleep-inducing moves are banned
|clearpoke
|poke|p1|Ceruledge, M|
|poke|p1|Torkoal, M|
|poke|p1|Venusaur, F|
|poke|p1|Walking Wake|
|poke|p1|Great Tusk|
|poke|p1|Raging Bolt|
|poke|p2|Glastrier|
|poke|p2|Slowking-Galar, F|
|poke|p2|Heatran, M|
|poke|p2|Tornadus-Therian, M|
|poke|p2|Hydrapple, M|
|poke|p2|Great Tusk|
|teampreview
|inactive|Battle timer is ON: inactive players will automatically lose when time's up. (requested by alt1 lord greed)
|
|t:|1779660116
|teamsize|p1|6
|teamsize|p2|6
|start
|switch|p1a: Walking Wake|Walking Wake|100/100
|switch|p2a: Slowking|Slowking-Galar, F|100/100
|turn|1
|
|t:|1779660123
|move|p1a: Walking Wake|Flip Turn|p2a: Slowking
|-damage|p2a: Slowking|78/100
|-damage|p1a: Walking Wake|91/100|[from] item: Life Orb
|
|t:|1779660133
|-end|p1a: Walking Wake|Protosynthesis|[silent]
|switch|p1a: Great Tusk|Great Tusk|100/100|[from] Flip Turn
|-enditem|p1a: Great Tusk|Booster Energy
|-activate|p1a: Great Tusk|ability: Protosynthesis|[fromitem]
|-start|p1a: Great Tusk|protosynthesisspe
|move|p2a: Slowking|Future Sight|p1a: Great Tusk
|-start|p2a: Slowking|move: Future Sight
|
|upkeep
|turn|2
|
|t:|1779660146
|switch|p2a: Tornadus|Tornadus-Therian, M|100/100
|move|p1a: Great Tusk|Bulk Up|p1a: Great Tusk
|-boost|p1a: Great Tusk|atk|1
|-boost|p1a: Great Tusk|def|1
|
|upkeep
|turn|3
|
|t:|1779660153
|-terastallize|p1a: Great Tusk|Ice
|move|p1a: Great Tusk|Ice Spinner|p2a: Tornadus
|-supereffective|p2a: Tornadus
|-damage|p2a: Tornadus|0 fnt
|faint|p2a: Tornadus
|
|-end|p1a: Great Tusk|move: Future Sight
|-damage|p1a: Great Tusk|40/100
|upkeep
|
|t:|1779660158
|switch|p2a: Glastrier|Glastrier|100/100
|turn|4
|
|t:|1779660165
|move|p1a: Great Tusk|Headlong Rush|p2a: Glastrier
|-damage|p2a: Glastrier|43/100
|-unboost|p1a: Great Tusk|def|1
|-unboost|p1a: Great Tusk|spd|1
|move|p2a: Glastrier|Close Combat|p1a: Great Tusk
|-supereffective|p1a: Great Tusk
|-damage|p1a: Great Tusk|0 fnt
|-unboost|p2a: Glastrier|def|1
|-unboost|p2a: Glastrier|spd|1
|faint|p1a: Great Tusk
|-end|p1a: Great Tusk|Protosynthesis|[silent]
|-ability|p2a: Glastrier|Chilling Neigh|boost
|-boost|p2a: Glastrier|atk|1
|
|upkeep
|
|t:|1779660187
|switch|p1a: Ceruledge|Ceruledge, M|100/100
|turn|5
|
|t:|1779660189
|move|p1a: Ceruledge|Swords Dance|p1a: Ceruledge
|-boost|p1a: Ceruledge|atk|2
|move|p2a: Glastrier|High Horsepower|p1a: Ceruledge
|-supereffective|p1a: Ceruledge
|-enditem|p1a: Ceruledge|Focus Sash
|-damage|p1a: Ceruledge|1/100
|-ability|p1a: Ceruledge|Weak Armor|boost
|-unboost|p1a: Ceruledge|def|1
|-boost|p1a: Ceruledge|spe|2
|
|upkeep
|turn|6
|
|t:|1779660199
|switch|p2a: Heatran|Heatran, M, shiny|100/100
|move|p1a: Ceruledge|Shadow Sneak|p2a: Heatran
|-damage|p2a: Heatran|64/100
|
|-heal|p2a: Heatran|71/100|[from] item: Leftovers
|upkeep
|turn|7
|
|t:|1779660205
|-terastallize|p2a: Heatran|Normal
|move|p1a: Ceruledge|Poltergeist|p2a: Heatran
|-immune|p2a: Heatran
|move|p2a: Heatran|Stealth Rock|p1a: Ceruledge
|-sidestart|p1: taurinide|move: Stealth Rock
|
|-heal|p2a: Heatran|77/100|[from] item: Leftovers
|upkeep
|turn|8
|
|t:|1779660223
|switch|p1a: Walking Wake|Walking Wake|91/100
|-damage|p1a: Walking Wake|78/100|[from] Stealth Rock
|move|p2a: Heatran|Earth Power|p1a: Walking Wake
|-damage|p1a: Walking Wake|49/100
|
|-heal|p2a: Heatran|83/100|[from] item: Leftovers
|upkeep
|turn|9
|
|t:|1779660235
|switch|p2a: Slowking|Slowking-Galar, F|100/100
|move|p1a: Walking Wake|Flip Turn|p2a: Slowking
|-damage|p2a: Slowking|81/100
|-damage|p1a: Walking Wake|39/100|[from] item: Life Orb
|
|t:|1779660254
|-end|p1a: Walking Wake|Protosynthesis|[silent]
|switch|p1a: Torkoal|Torkoal, M|100/100|[from] Flip Turn
|-damage|p1a: Torkoal|76/100|[from] Stealth Rock
|-weather|SunnyDay|[from] ability: Drought|[of] p1a: Torkoal
|
|-weather|SunnyDay|[upkeep]
|upkeep
|turn|10
|
|t:|1779660261
|-prepare|p2a: Slowking|Chilly Reception|[premajor]
|move|p2a: Slowking|Chilly Reception|p2a: Slowking
|-weather|Snowscape
|
|t:|1779660268
|switch|p2a: Heatran|Heatran, M, shiny, tera:Normal|83/100|[from] Chilly Reception
|move|p1a: Torkoal|Rapid Spin|p2a: Heatran
|-damage|p2a: Heatran|75/100
|-boost|p1a: Torkoal|spe|1
|-sideend|p1: taurinide|Stealth Rock|[from] move: Rapid Spin|[of] p1a: Torkoal
|
|-weather|Snowscape|[upkeep]
|-heal|p2a: Heatran|81/100|[from] item: Leftovers
|upkeep
|turn|11
|inactive|taurinide has 120 seconds left.
|
|t:|1779660299
|move|p2a: Heatran|Stealth Rock|p1a: Torkoal
|-sidestart|p1: taurinide|move: Stealth Rock
|move|p1a: Torkoal|Stealth Rock|p2a: Heatran
|-sidestart|p2: alt1 lord greed|move: Stealth Rock
|
|-weather|Snowscape|[upkeep]
|-heal|p2a: Heatran|87/100|[from] item: Leftovers
|upkeep
|turn|12
|inactive|taurinide has 120 seconds left.
|
|t:|1779660305
|move|p2a: Heatran|Earth Power|p1a: Torkoal
|-supereffective|p1a: Torkoal
|-damage|p1a: Torkoal|12/100
|move|p1a: Torkoal|Rapid Spin|p2a: Heatran
|-damage|p2a: Heatran|78/100
|-boost|p1a: Torkoal|spe|1
|-sideend|p1: taurinide|Stealth Rock|[from] move: Rapid Spin|[of] p1a: Torkoal
|
|-weather|Snowscape|[upkeep]
|-heal|p2a: Heatran|84/100|[from] item: Leftovers
|upkeep
|turn|13
|inactive|taurinide has 120 seconds left.
|
|t:|1779660324
|switch|p1a: Venusaur|Venusaur, F|100/100
|move|p2a: Heatran|Stealth Rock|p1a: Venusaur
|-sidestart|p1: taurinide|move: Stealth Rock
|
|-weather|Snowscape|[upkeep]
|-heal|p2a: Heatran|90/100|[from] item: Leftovers
|upkeep
|turn|14
|inactive|taurinide has 120 seconds left.
|
|t:|1779660342
|move|p1a: Venusaur|Sludge Bomb|p2a: Heatran
|-damage|p2a: Heatran|58/100
|-damage|p1a: Venusaur|91/100|[from] item: Life Orb
|move|p2a: Heatran|Fire Blast|p1a: Venusaur
|-supereffective|p1a: Venusaur
|-damage|p1a: Venusaur|0 fnt
|faint|p1a: Venusaur
|
|-weather|none
|-heal|p2a: Heatran|64/100|[from] item: Leftovers
|upkeep
|
|t:|1779660355
|switch|p1a: Raging Bolt|Raging Bolt|100/100
|-damage|p1a: Raging Bolt|88/100|[from] Stealth Rock
|turn|15
|
|t:|1779660359
|switch|p2a: Glastrier|Glastrier|43/100
|-damage|p2a: Glastrier|18/100|[from] Stealth Rock
|move|p1a: Raging Bolt|Calm Mind|p1a: Raging Bolt
|-boost|p1a: Raging Bolt|spa|1
|-boost|p1a: Raging Bolt|spd|1
|
|-heal|p1a: Raging Bolt|94/100|[from] item: Leftovers
|upkeep
|turn|16
|inactive|taurinide has 120 seconds left.
|
|t:|1779660370
|move|p1a: Raging Bolt|Dragon Pulse|p2a: Glastrier
|-damage|p2a: Glastrier|0 fnt
|faint|p2a: Glastrier
|
|-heal|p1a: Raging Bolt|100/100|[from] item: Leftovers
|upkeep
|
|t:|1779660372
|switch|p2a: Great Tusk|Great Tusk|100/100
|turn|17
|inactive|taurinide has 120 seconds left.
|
|t:|1779660382
|move|p2a: Great Tusk|Headlong Rush|p1a: Raging Bolt
|-supereffective|p1a: Raging Bolt
|-damage|p1a: Raging Bolt|0 fnt
|-unboost|p2a: Great Tusk|def|1
|-unboost|p2a: Great Tusk|spd|1
|faint|p1a: Raging Bolt
|-end|p1a: Raging Bolt|Protosynthesis|[silent]
|
|upkeep
|inactive|taurinide has 120 seconds left.
|
|t:|1779660389
|switch|p1a: Walking Wake|Walking Wake|39/100
|-damage|p1a: Walking Wake|27/100|[from] Stealth Rock
|turn|18
|
|t:|1779660396
|-end|p2a: Great Tusk|Protosynthesis|[silent]
|switch|p2a: Slowking|Slowking-Galar, F|100/100
|move|p1a: Walking Wake|Hydro Steam|p2a: Slowking
|-damage|p2a: Slowking|69/100
|-damage|p1a: Walking Wake|17/100|[from] item: Life Orb
|
|upkeep
|turn|19
|-message|taurinide forfeited.
|
|win|alt1 lord greed
|raw|taurinide's rating: 1441 &rarr; <strong>1421</strong><br />(-20 for losing)
|raw|alt1 lord greed's rating: 1441 &rarr; <strong>1461</strong><br />(+20 for winning)
|l|☆taurinide
|player|p1|
|l|☆alt1 lord greed
|player|p2|
