|j|☆summerenaissance
|j|☆lklowxhn
|t:|1779592588
|gametype|singles
|player|p1|summerenaissance|iris-gen5bw2|1704
|player|p2|lklowxhn|miku-ghost|1646
|gen|9
|tier|[Gen 9] OU
|rated|
|rule|HP Percentage Mod: HP is shown in percentages
|rule|Endless Battle Clause: Forcing endless battles is banned
|rule|Species Clause: Limit one of each Pokémon
|rule|OHKO Clause: OHKO moves are banned
|rule|Evasion Items Clause: Evasion items are banned
|rule|Evasion Moves Clause: Evasion moves are banned
|rule|Evasion Abilities Clause: Evasion abilities are banned
|rule|Sleep Moves Clause: Sleep-inducing moves are banned
|clearpoke
|poke|p1|Munkidori, M|
|poke|p1|Garganacl, F|
|poke|p1|Corviknight, F|
|poke|p1|Iron Moth|
|poke|p1|Ting-Lu|
|poke|p1|Dragonite, F|
|poke|p2|Ninetales, M|
|poke|p2|Walking Wake|
|poke|p2|Venusaur, M|
|poke|p2|Great Tusk|
|poke|p2|Hatterene, F|
|poke|p2|Hydreigon, F|
|teampreview
|inactive|Battle timer is ON: inactive players will automatically lose when time's up. (requested by lklowxhn)
|
|t:|1779592593
|teamsize|p1|6
|teamsize|p2|6
|start
|switch|p1a: Munkidori|Munkidori, M|100/100
|switch|p2a: Ninetales|Ninetales, M|100/100
|-weather|SunnyDay|[from] ability: Drought|[of] p2a: Ninetales
|turn|1
|
|t:|1779592597
|switch|p2a: Hatterene|Hatterene, F|100/100
|move|p1a: Munkidori|Fake Out|p2a: Hatterene
|-damage|p2a: Hatterene|93/100
|-status|p2a: Hatterene|tox|[from] ability: Toxic Chain|[of] p1a: Munkidori
|-enditem|p2a: Hatterene|Eject Button
|
|t:|1779592600
|switch|p2a: Walking Wake|Walking Wake|100/100
|-activate|p2a: Walking Wake|ability: Protosynthesis
|-start|p2a: Walking Wake|protosynthesisspa
|
|-weather|SunnyDay|[upkeep]
|upkeep
|turn|2
|
|t:|1779592606
|switch|p1a: Dragonite|Dragonite, F|100/100
|move|p2a: Walking Wake|Hydro Steam|p1a: Dragonite
|-resisted|p1a: Dragonite
|-damage|p1a: Dragonite|70/100
|
|-weather|SunnyDay|[upkeep]
|upkeep
|turn|3
|
|t:|1779592615
|-terastallize|p2a: Walking Wake|Water
|move|p1a: Dragonite|Extreme Speed|p2a: Walking Wake
|-damage|p2a: Walking Wake|45/100
|move|p2a: Walking Wake|Hydro Steam|p1a: Dragonite
|-resisted|p1a: Dragonite
|-damage|p1a: Dragonite|0 fnt
|faint|p1a: Dragonite
|
|-weather|SunnyDay|[upkeep]
|upkeep
|
|t:|1779592629
|switch|p1a: Garganacl|Garganacl, F|100/100
|turn|4
|
|t:|1779592639
|-end|p2a: Walking Wake|Protosynthesis|[silent]
|switch|p2a: Hatterene|Hatterene, F|93/100 tox
|-terastallize|p1a: Garganacl|Water
|move|p1a: Garganacl|Salt Cure|p2a: Hatterene
|-damage|p2a: Hatterene|81/100 tox
|-start|p2a: Hatterene|Salt Cure
|
|-weather|SunnyDay|[upkeep]
|-damage|p2a: Hatterene|75/100 tox|[from] psn
|-damage|p2a: Hatterene|63/100 tox|[from] Salt Cure
|upkeep
|turn|5
|
|t:|1779592647
|switch|p1a: Munkidori|Munkidori, M|100/100
|move|p2a: Hatterene|Healing Wish|p2a: Hatterene
|faint|p2a: Hatterene
|
|-weather|SunnyDay|[upkeep]
|upkeep
|
|t:|1779592656
|switch|p2a: Great Tusk|Great Tusk|100/100
|-activate|p2a: Great Tusk|ability: Protosynthesis
|-start|p2a: Great Tusk|protosynthesisatk
|turn|6
|
|t:|1779592661
|switch|p1a: Corviknight|Corviknight, F|100/100
|-ability|p1a: Corviknight|Pressure
|move|p2a: Great Tusk|Headlong Rush|p1a: Corviknight
|-immune|p1a: Corviknight
|
|-weather|SunnyDay|[upkeep]
|upkeep
|turn|7
|
|t:|1779592673
|-end|p2a: Great Tusk|Protosynthesis|[silent]
|switch|p2a: Walking Wake|Walking Wake, tera:Water|45/100
|-heal|p2a: Walking Wake|100/100|[from] move: Healing Wish
|-activate|p2a: Walking Wake|ability: Protosynthesis
|-start|p2a: Walking Wake|protosynthesisspa
|move|p1a: Corviknight|U-turn|p2a: Walking Wake
|-damage|p2a: Walking Wake|85/100
|
|t:|1779592676
|switch|p1a: Munkidori|Munkidori, M|100/100|[from] U-turn
|
|-weather|SunnyDay|[upkeep]
|upkeep
|turn|8
|
|t:|1779592688
|-end|p2a: Walking Wake|Protosynthesis|[silent]
|switch|p2a: Hydreigon|Hydreigon, F|100/100
|move|p1a: Munkidori|Fake Out|p2a: Hydreigon
|-damage|p2a: Hydreigon|92/100
|-status|p2a: Hydreigon|tox|[from] ability: Toxic Chain|[of] p1a: Munkidori
|
|-weather|none
|-heal|p2a: Hydreigon|98/100 tox|[from] item: Leftovers
|-damage|p2a: Hydreigon|92/100 tox|[from] psn
|upkeep
|turn|9
|
|t:|1779592694
|switch|p1a: Garganacl|Garganacl, F, tera:Water|100/100
|move|p2a: Hydreigon|Stealth Rock|p1a: Garganacl
|-sidestart|p1: summerenaissance|move: Stealth Rock
|
|-heal|p2a: Hydreigon|98/100 tox|[from] item: Leftovers
|-damage|p2a: Hydreigon|86/100 tox|[from] psn
|upkeep
|turn|10
|
|t:|1779592699
|move|p2a: Hydreigon|Draco Meteor|p1a: Garganacl
|-damage|p1a: Garganacl|59/100
|-unboost|p2a: Hydreigon|spa|2
|move|p1a: Garganacl|Stealth Rock|p2a: Hydreigon
|-sidestart|p2: lklowxhn|move: Stealth Rock
|
|-heal|p2a: Hydreigon|92/100 tox|[from] item: Leftovers
|-heal|p1a: Garganacl|65/100|[from] item: Leftovers
|-damage|p2a: Hydreigon|73/100 tox|[from] psn
|upkeep
|turn|11
|
|t:|1779592708
|move|p2a: Hydreigon|U-turn|p1a: Garganacl
|-damage|p1a: Garganacl|54/100
|
|t:|1779592711
|switch|p2a: Ninetales|Ninetales, M|100/100|[from] U-turn
|-damage|p2a: Ninetales|76/100|[from] Stealth Rock
|-weather|SunnyDay|[from] ability: Drought|[of] p2a: Ninetales
|move|p1a: Garganacl|Recover|p1a: Garganacl
|-heal|p1a: Garganacl|100/100
|
|-weather|SunnyDay|[upkeep]
|upkeep
|turn|12
|
|t:|1779592715
|switch|p1a: Munkidori|Munkidori, M|100/100
|-damage|p1a: Munkidori|88/100|[from] Stealth Rock
|move|p2a: Ninetales|Encore||[still]
|-fail|p2a: Ninetales
|
|-weather|SunnyDay|[upkeep]
|-heal|p1a: Munkidori|94/100|[from] item: Black Sludge
|upkeep
|turn|13
|
|t:|1779592720
|switch|p2a: Hydreigon|Hydreigon, F|73/100 tox
|-damage|p2a: Hydreigon|61/100 tox|[from] Stealth Rock
|move|p1a: Munkidori|Fake Out|p2a: Hydreigon
|-damage|p2a: Hydreigon|52/100 tox
|
|-weather|SunnyDay|[upkeep]
|-heal|p1a: Munkidori|99/100|[from] item: Black Sludge
|-heal|p2a: Hydreigon|58/100 tox|[from] item: Leftovers
|-damage|p2a: Hydreigon|52/100 tox|[from] psn
|upkeep
|turn|14
|
|t:|1779592728
|move|p1a: Munkidori|U-turn|p2a: Hydreigon
|-supereffective|p2a: Hydreigon
|-damage|p2a: Hydreigon|22/100 tox
|
|t:|1779592732
|switch|p1a: Garganacl|Garganacl, F, tera:Water|100/100|[from] U-turn
|-damage|p1a: Garganacl|88/100|[from] Stealth Rock
|move|p2a: Hydreigon|Earth Power|p1a: Garganacl
|-damage|p1a: Garganacl|68/100
|
|-weather|SunnyDay|[upkeep]
|-heal|p2a: Hydreigon|28/100 tox|[from] item: Leftovers
|-heal|p1a: Garganacl|75/100|[from] item: Leftovers
|-damage|p2a: Hydreigon|16/100 tox|[from] psn
|upkeep
|turn|15
|
|t:|1779592739
|move|p2a: Hydreigon|Draco Meteor|p1a: Garganacl
|-damage|p1a: Garganacl|28/100
|-unboost|p2a: Hydreigon|spa|2
|move|p1a: Garganacl|Recover|p1a: Garganacl
|-heal|p1a: Garganacl|78/100
|
|-weather|SunnyDay|[upkeep]
|-heal|p2a: Hydreigon|22/100 tox|[from] item: Leftovers
|-heal|p1a: Garganacl|85/100|[from] item: Leftovers
|-damage|p2a: Hydreigon|3/100 tox|[from] psn
|upkeep
|turn|16
|
|t:|1779592746
|move|p2a: Hydreigon|U-turn|p1a: Garganacl
|-crit|p1a: Garganacl
|-damage|p1a: Garganacl|69/100
|
|t:|1779592750
|switch|p2a: Venusaur|Venusaur, M|100/100|[from] U-turn
|-damage|p2a: Venusaur|88/100|[from] Stealth Rock
|move|p1a: Garganacl|Recover|p1a: Garganacl
|-heal|p1a: Garganacl|100/100
|
|-weather|SunnyDay|[upkeep]
|upkeep
|turn|17
|
|t:|1779592756
|move|p2a: Venusaur|Solar Beam||[still]
|-prepare|p2a: Venusaur|Solar Beam
|-anim|p2a: Venusaur|Solar Beam|p1a: Garganacl
|-supereffective|p1a: Garganacl
|-damage|p1a: Garganacl|1/100
|-damage|p2a: Venusaur|78/100|[from] item: Life Orb
|move|p1a: Garganacl|Salt Cure|p2a: Venusaur
|-damage|p2a: Venusaur|58/100
|-start|p2a: Venusaur|Salt Cure
|
|-weather|SunnyDay|[upkeep]
|-heal|p1a: Garganacl|8/100|[from] item: Leftovers
|-damage|p2a: Venusaur|46/100|[from] Salt Cure
|upkeep
|turn|18
|
|t:|1779592764
|move|p2a: Venusaur|Weather Ball|p1a: Garganacl
|-resisted|p1a: Garganacl
|-crit|p1a: Garganacl
|-damage|p1a: Garganacl|0 fnt
|faint|p1a: Garganacl
|-damage|p2a: Venusaur|36/100|[from] item: Life Orb
|
|-weather|none
|-damage|p2a: Venusaur|23/100|[from] Salt Cure
|upkeep
|
|t:|1779592769
|switch|p1a: Munkidori|Munkidori, M|99/100
|-damage|p1a: Munkidori|88/100|[from] Stealth Rock
|turn|19
|
|t:|1779592772
|switch|p2a: Hydreigon|Hydreigon, F|3/100 tox
|-damage|p2a: Hydreigon|0 fnt|[from] Stealth Rock
|faint|p2a: Hydreigon
|move|p1a: Munkidori|Psychic Noise|p2: Hydreigon|[notarget]
|-fail|p1a: Munkidori
|
|-heal|p1a: Munkidori|94/100|[from] item: Black Sludge
|upkeep
|
|t:|1779592779
|switch|p2a: Ninetales|Ninetales, M|76/100
|-damage|p2a: Ninetales|51/100|[from] Stealth Rock
|-weather|SunnyDay|[from] ability: Drought|[of] p2a: Ninetales
|turn|20
|
|t:|1779592782
|move|p1a: Munkidori|Sludge Bomb|p2a: Ninetales
|-damage|p2a: Ninetales|0 fnt
|faint|p2a: Ninetales
|
|-weather|SunnyDay|[upkeep]
|-heal|p1a: Munkidori|99/100|[from] item: Black Sludge
|upkeep
|
|t:|1779592788
|switch|p2a: Walking Wake|Walking Wake, tera:Water|85/100
|-damage|p2a: Walking Wake|72/100|[from] Stealth Rock
|-activate|p2a: Walking Wake|ability: Protosynthesis
|-start|p2a: Walking Wake|protosynthesisspa
|turn|21
|
|t:|1779592801
|switch|p1a: Iron Moth|Iron Moth|100/100
|-damage|p1a: Iron Moth|76/100|[from] Stealth Rock
|move|p2a: Walking Wake|Hydro Steam|p1a: Iron Moth
|-supereffective|p1a: Iron Moth
|-damage|p1a: Iron Moth|0 fnt
|faint|p1a: Iron Moth
|-end|p1a: Iron Moth|Quark Drive|[silent]
|
|-weather|SunnyDay|[upkeep]
|upkeep
|
|t:|1779592811
|switch|p1a: Munkidori|Munkidori, M|99/100
|-damage|p1a: Munkidori|88/100|[from] Stealth Rock
|turn|22
|
|t:|1779592815
|-end|p2a: Walking Wake|Protosynthesis|[silent]
|switch|p2a: Venusaur|Venusaur, M|23/100
|-damage|p2a: Venusaur|11/100|[from] Stealth Rock
|move|p1a: Munkidori|Fake Out|p2a: Venusaur
|-damage|p2a: Venusaur|1/100
|
|-weather|SunnyDay|[upkeep]
|-heal|p1a: Munkidori|94/100|[from] item: Black Sludge
|upkeep
|turn|23
|
|t:|1779592825
|move|p2a: Venusaur|Weather Ball|p1a: Munkidori
|-damage|p1a: Munkidori|16/100
|-damage|p2a: Venusaur|0 fnt|[from] item: Life Orb
|faint|p2a: Venusaur
|move|p1a: Munkidori|U-turn|p2: Venusaur|[notarget]
|-fail|p1a: Munkidori
|
|-weather|SunnyDay|[upkeep]
|-heal|p1a: Munkidori|22/100|[from] item: Black Sludge
|upkeep
|
|t:|1779592829
|switch|p2a: Walking Wake|Walking Wake, tera:Water|72/100
|-damage|p2a: Walking Wake|60/100|[from] Stealth Rock
|-activate|p2a: Walking Wake|ability: Protosynthesis
|-start|p2a: Walking Wake|protosynthesisspa
|turn|24
|
|t:|1779592834
|switch|p1a: Ting-Lu|Ting-Lu|100/100
|-damage|p1a: Ting-Lu|94/100|[from] Stealth Rock
|-ability|p1a: Ting-Lu|Vessel of Ruin
|move|p2a: Walking Wake|Hydro Steam|p1a: Ting-Lu
|-supereffective|p1a: Ting-Lu
|-damage|p1a: Ting-Lu|0 fnt
|faint|p1a: Ting-Lu
|
|-weather|SunnyDay|[upkeep]
|upkeep
|
|t:|1779592836
|switch|p1a: Munkidori|Munkidori, M|22/100
|-damage|p1a: Munkidori|10/100|[from] Stealth Rock
|turn|25
|
|t:|1779592838
|move|p1a: Munkidori|Fake Out|p2a: Walking Wake
|-damage|p2a: Walking Wake|52/100
|cant|p2a: Walking Wake|flinch
|
|-weather|SunnyDay|[upkeep]
|-heal|p1a: Munkidori|16/100|[from] item: Black Sludge
|upkeep
|turn|26
|
|t:|1779592842
|move|p2a: Walking Wake|Hydro Steam|p1a: Munkidori
|-damage|p1a: Munkidori|0 fnt
|faint|p1a: Munkidori
|
|-weather|SunnyDay|[upkeep]
|upkeep
|
|t:|1779592843
|switch|p1a: Corviknight|Corviknight, F|100/100
|-damage|p1a: Corviknight|88/100|[from] Stealth Rock
|-ability|p1a: Corviknight|Pressure
|turn|27
|-message|summerenaissance forfeited.
|
|win|lklowxhn
|raw|summerenaissance's rating: 1704 &rarr; <strong>1681</strong><br />(-23 for losing)
|raw|lklowxhn's rating: 1646 &rarr; <strong>1669</strong><br />(+23 for winning)
|l|☆summerenaissance
|player|p1|
|l|☆lklowxhn
|player|p2|
