|j|☆Josh2a
|j|☆enigma96
|t:|1779671577
|gametype|singles
|player|p1|Josh2a|hilbert|1185
|player|p2|enigma96|jogger|1176
|gen|9
|tier|[Gen 9] OU
|rated|
|rule|HP Percentage Mod: HP is shown in percentages
|rule|Endless Battle Clause: Forcing endless battles is banned
|rule|Species Clause: Limit one of each Pokémon
|rule|OHKO Clause: OHKO moves are banned
|rule|Evasion Items Clause: Evasion items are banned
|rule|Evasion Moves Clause: Evasion moves are banned
|rule|Evasion Abilities Clause: Evasion abilities are banned
|rule|Sleep Moves Clause: Sleep-inducing moves are banned
|clearpoke
|poke|p1|Iron Moth|
|poke|p1|Gliscor, M|
|poke|p1|Hatterene, F|
|poke|p1|Ogerpon-Wellspring, F|
|poke|p1|Raging Bolt|
|poke|p1|Zamazenta-*|
|poke|p2|Incineroar, M|
|poke|p2|Meowscarada, M|
|poke|p2|Luxray, M|
|poke|p2|Espeon, M|
|poke|p2|Pyroar, M|
|poke|p2|Persian-Alola, M|
|teampreview
|inactive|Battle timer is ON: inactive players will automatically lose when time's up. (requested by Josh2a)
|
|t:|1779671587
|teamsize|p1|6
|teamsize|p2|6
|start
|switch|p1a: Hatterene|Hatterene, F|100/100
|switch|p2a: Meowscarada|Meowscarada, M, shiny|100/100
|turn|1
|
|t:|1779671596
|move|p2a: Meowscarada|U-turn|p1a: Hatterene
|-start|p2a: Meowscarada|typechange|Bug|[from] ability: Protean
|-damage|p1a: Hatterene|74/100
|inactive|enigma96 has 120 seconds left.
|
|t:|1779671633
|switch|p2a: Pyroar|Pyroar, M|100/100|[from] U-turn
|-ability|p2a: Pyroar|Unnerve
|move|p1a: Hatterene|Calm Mind|p1a: Hatterene
|-boost|p1a: Hatterene|spa|1
|-boost|p1a: Hatterene|spd|1
|
|-heal|p1a: Hatterene|80/100|[from] item: Leftovers
|upkeep
|turn|2
|inactive|enigma96 has 120 seconds left.
|
|t:|1779671647
|-terastallize|p1a: Hatterene|Water
|move|p2a: Pyroar|Hyper Voice|p1a: Hatterene
|-damage|p1a: Hatterene|52/100
|move|p1a: Hatterene|Calm Mind|p1a: Hatterene
|-boost|p1a: Hatterene|spa|1
|-boost|p1a: Hatterene|spd|1
|
|-heal|p1a: Hatterene|58/100|[from] item: Leftovers
|upkeep
|turn|3
|inactive|enigma96 has 120 seconds left.
|
|t:|1779671657
|move|p2a: Pyroar|Hyper Voice|p1a: Hatterene
|-damage|p1a: Hatterene|36/100
|move|p1a: Hatterene|Stored Power|p2a: Pyroar
|-damage|p2a: Pyroar|10/100
|
|-heal|p1a: Hatterene|42/100|[from] item: Leftovers
|upkeep
|turn|4
|inactive|enigma96 has 120 seconds left.
|
|t:|1779671666
|move|p2a: Pyroar|Hyper Voice|p1a: Hatterene
|-damage|p1a: Hatterene|23/100
|move|p1a: Hatterene|Stored Power|p2a: Pyroar
|-damage|p2a: Pyroar|0 fnt
|faint|p2a: Pyroar
|
|-heal|p1a: Hatterene|29/100|[from] item: Leftovers
|upkeep
|inactive|enigma96 has 120 seconds left.
|
|t:|1779671678
|switch|p2a: Luxray|Luxray, M|100/100
|turn|5
|
|t:|1779671683
|move|p2a: Luxray|Trailblaze|p1a: Hatterene
|-supereffective|p1a: Hatterene
|-damage|p1a: Hatterene|3/100
|-boost|p2a: Luxray|spe|1
|move|p1a: Hatterene|Draining Kiss|p2a: Luxray
|-damage|p2a: Luxray|37/100
|-heal|p1a: Hatterene|48/100|[from] drain|[of] p2a: Luxray
|
|-heal|p1a: Hatterene|54/100|[from] item: Leftovers
|-status|p2a: Luxray|brn|[from] item: Flame Orb
|upkeep
|turn|6
|inactive|enigma96 has 120 seconds left.
|
|t:|1779671709
|move|p2a: Luxray|Facade|p1a: Hatterene
|-damage|p1a: Hatterene|0 fnt
|faint|p1a: Hatterene
|
|-damage|p2a: Luxray|31/100 brn|[from] brn
|upkeep
|
|t:|1779671716
|switch|p1a: Iron Moth|Iron Moth|100/100
|-enditem|p1a: Iron Moth|Booster Energy
|-activate|p1a: Iron Moth|ability: Quark Drive|[fromitem]
|-start|p1a: Iron Moth|quarkdrivespe
|turn|7
|
|t:|1779671721
|move|p1a: Iron Moth|Sludge Wave|p2a: Luxray
|-damage|p2a: Luxray|0 fnt
|faint|p2a: Luxray
|
|upkeep
|inactive|enigma96 has 120 seconds left.
|
|t:|1779671737
|switch|p2a: Espeon|Espeon, M|100/100
|turn|8
|
|t:|1779671747
|move|p1a: Iron Moth|Sludge Wave|p2a: Espeon
|-damage|p2a: Espeon|34/100
|move|p2a: Espeon|Psychic|p1a: Iron Moth
|-supereffective|p1a: Iron Moth
|-damage|p1a: Iron Moth|0 fnt
|faint|p1a: Iron Moth
|-end|p1a: Iron Moth|Quark Drive|[silent]
|
|upkeep
|
|t:|1779671751
|switch|p1a: Raging Bolt|Raging Bolt|100/100
|-enditem|p1a: Raging Bolt|Booster Energy
|-activate|p1a: Raging Bolt|ability: Protosynthesis|[fromitem]
|-start|p1a: Raging Bolt|protosynthesisspa
|turn|9
|
|t:|1779671764
|switch|p2a: Persian|Persian-Alola, M, shiny|100/100
|move|p1a: Raging Bolt|Thunderclap||[still]
|-fail|p1a: Raging Bolt
|
|upkeep
|turn|10
|
|t:|1779671777
|-end|p1a: Raging Bolt|Protosynthesis|[silent]
|switch|p1a: Gliscor|Gliscor, M|100/100
|move|p2a: Persian|Taunt|p1a: Gliscor
|-start|p1a: Gliscor|move: Taunt
|
|-status|p1a: Gliscor|tox|[from] item: Toxic Orb
|upkeep
|turn|11
|
|t:|1779671787
|move|p2a: Persian|Chilling Water|p1a: Gliscor
|-supereffective|p1a: Gliscor
|-damage|p1a: Gliscor|70/100 tox
|-unboost|p1a: Gliscor|atk|1
|move|p1a: Gliscor|Facade|p2a: Persian
|-crit|p2a: Persian
|-damage|p2a: Persian|38/100
|-damage|p1a: Gliscor|53/100 tox|[from] item: Rocky Helmet|[of] p2a: Persian
|
|-heal|p1a: Gliscor|66/100 tox|[from] ability: Poison Heal
|upkeep
|turn|12
|
|t:|1779671798
|move|p2a: Persian|Parting Shot|p1a: Gliscor
|-unboost|p1a: Gliscor|atk|1
|-unboost|p1a: Gliscor|spa|1
|
|t:|1779671808
|switch|p2a: Incineroar|Incineroar, M, shiny|100/100|[from] Parting Shot
|-ability|p2a: Incineroar|Intimidate|boost
|-unboost|p1a: Gliscor|atk|1
|move|p1a: Gliscor|Facade|p2a: Incineroar
|-damage|p2a: Incineroar|81/100
|
|-heal|p1a: Gliscor|78/100 tox|[from] ability: Poison Heal
|-end|p1a: Gliscor|move: Taunt
|upkeep
|turn|13
|
|t:|1779671822
|switch|p1a: Ogerpon|Ogerpon-Wellspring, F|100/100
|move|p2a: Incineroar|Knock Off|p1a: Ogerpon
|-damage|p1a: Ogerpon|61/100
|
|upkeep
|turn|14
|
|t:|1779671833
|move|p1a: Ogerpon|Ivy Cudgel|p2a: Incineroar|[anim] Ivy Cudgel Water
|-supereffective|p2a: Incineroar
|-damage|p2a: Incineroar|0 fnt
|faint|p2a: Incineroar
|
|upkeep
|
|t:|1779671840
|switch|p2a: Meowscarada|Meowscarada, M, shiny|100/100
|turn|15
|
|t:|1779671855
|switch|p1a: Raging Bolt|Raging Bolt|100/100
|move|p2a: Meowscarada|U-turn|p1a: Raging Bolt
|-start|p2a: Meowscarada|typechange|Bug|[from] ability: Protean
|-damage|p1a: Raging Bolt|70/100
|
|t:|1779671864
|switch|p2a: Espeon|Espeon, M|34/100|[from] U-turn
|
|upkeep
|turn|16
|
|t:|1779671869
|move|p1a: Raging Bolt|Thunderclap|p2a: Espeon
|-damage|p2a: Espeon|0 fnt
|faint|p2a: Espeon
|
|upkeep
|
|t:|1779671876
|switch|p2a: Meowscarada|Meowscarada, M, shiny|100/100
|turn|17
|
|t:|1779671880
|move|p2a: Meowscarada|Triple Axel|p1a: Raging Bolt
|-start|p2a: Meowscarada|typechange|Ice|[from] ability: Protean
|-supereffective|p1a: Raging Bolt
|-damage|p1a: Raging Bolt|51/100
|-hitcount|p1a: Raging Bolt|1
|move|p1a: Raging Bolt|Calm Mind|p1a: Raging Bolt
|-boost|p1a: Raging Bolt|spa|1
|-boost|p1a: Raging Bolt|spd|1
|
|upkeep
|turn|18
|
|t:|1779671890
|move|p2a: Meowscarada|Triple Axel|p1a: Raging Bolt
|-supereffective|p1a: Raging Bolt
|-damage|p1a: Raging Bolt|33/100
|-supereffective|p1a: Raging Bolt
|-damage|p1a: Raging Bolt|0 fnt
|faint|p1a: Raging Bolt
|-end|p1a: Raging Bolt|Protosynthesis|[silent]
|-hitcount|p1: Raging Bolt|2
|
|upkeep
|
|t:|1779671893
|switch|p1a: Zamazenta|Zamazenta|100/100
|-ability|p1a: Zamazenta|Dauntless Shield|boost
|-boost|p1a: Zamazenta|def|1
|turn|19
|
|t:|1779671902
|switch|p2a: Persian|Persian-Alola, M, shiny|38/100
|move|p1a: Zamazenta|Close Combat|p2a: Persian
|-supereffective|p2a: Persian
|-damage|p2a: Persian|0 fnt
|-unboost|p1a: Zamazenta|def|1
|-unboost|p1a: Zamazenta|spd|1
|-damage|p1a: Zamazenta|84/100|[from] item: Rocky Helmet|[of] p2a: Persian
|faint|p2a: Persian
|
|upkeep
|
|t:|1779671912
|switch|p2a: Meowscarada|Meowscarada, M, shiny|100/100
|turn|20
|
|t:|1779671920
|switch|p1a: Gliscor|Gliscor, M|78/100 tox
|-terastallize|p2a: Meowscarada|Grass
|move|p2a: Meowscarada|Flower Trick|p1a: Gliscor
|-crit|p1a: Gliscor
|-damage|p1a: Gliscor|26/100 tox
|
|-heal|p1a: Gliscor|38/100 tox|[from] ability: Poison Heal
|upkeep
|turn|21
|
|t:|1779671931
|move|p2a: Meowscarada|Flower Trick|p1a: Gliscor
|-crit|p1a: Gliscor
|-damage|p1a: Gliscor|0 fnt
|faint|p1a: Gliscor
|
|upkeep
|
|t:|1779671942
|switch|p1a: Zamazenta|Zamazenta|84/100
|turn|22
|
|t:|1779671949
|move|p2a: Meowscarada|Flower Trick|p1a: Zamazenta
|-crit|p1a: Zamazenta
|-damage|p1a: Zamazenta|32/100
|move|p1a: Zamazenta|Ice Fang|p2a: Meowscarada
|-supereffective|p2a: Meowscarada
|-damage|p2a: Meowscarada|46/100
|
|upkeep
|turn|23
|
|t:|1779671956
|move|p2a: Meowscarada|Flower Trick|p1a: Zamazenta
|-crit|p1a: Zamazenta
|-damage|p1a: Zamazenta|0 fnt
|faint|p1a: Zamazenta
|
|upkeep
|
|t:|1779671960
|switch|p1a: Ogerpon|Ogerpon-Wellspring, F|61/100
|turn|24
|
|t:|1779671966
|move|p2a: Meowscarada|Flower Trick|p1a: Ogerpon
|-crit|p1a: Ogerpon
|-damage|p1a: Ogerpon|0 fnt
|faint|p1a: Ogerpon
|
|win|enigma96
|raw|Josh2a's rating: 1185 &rarr; <strong>1159</strong><br />(-26 for losing)
|raw|enigma96's rating: 1176 &rarr; <strong>1202</strong><br />(+26 for winning)
|c|☆Josh2a|gg
|l|☆Josh2a
|player|p1|
|l|☆enigma96
|player|p2|
