|j|☆1331798aaa0
|j|☆Kiysara
|t:|1779609817
|gametype|singles
|player|p1|1331798aaa0|dawn|1071
|player|p2|Kiysara|265|1080
|gen|9
|tier|[Gen 9] OU
|rated|
|rule|HP Percentage Mod: HP is shown in percentages
|rule|Endless Battle Clause: Forcing endless battles is banned
|rule|Species Clause: Limit one of each Pokémon
|rule|OHKO Clause: OHKO moves are banned
|rule|Evasion Items Clause: Evasion items are banned
|rule|Evasion Moves Clause: Evasion moves are banned
|rule|Evasion Abilities Clause: Evasion abilities are banned
|rule|Sleep Moves Clause: Sleep-inducing moves are banned
|clearpoke
|poke|p1|Tyranitar, M|
|poke|p1|Great Tusk|
|poke|p1|Excadrill, M|
|poke|p1|Hippowdon, F|
|poke|p1|Garchomp, M|
|poke|p1|Ursaluna, M|
|poke|p2|Pelipper, F|
|poke|p2|Zapdos|
|poke|p2|Barraskewda, M|
|poke|p2|Gastrodon, M|
|poke|p2|Dragonite, M|
|poke|p2|Ting-Lu|
|teampreview
|inactive|Battle timer is ON: inactive players will automatically lose when time's up. (requested by 1331798aaa0)
|
|t:|1779609831
|teamsize|p1|6
|teamsize|p2|6
|start
|switch|p1a: Hippowdon|Hippowdon, F|100/100
|switch|p2a: Pelipper|Pelipper, F|100/100
|-weather|RainDance|[from] ability: Drizzle|[of] p2a: Pelipper
|-weather|Sandstorm|[from] ability: Sand Stream|[of] p1a: Hippowdon
|turn|1
|
|t:|1779609845
|move|p2a: Pelipper|U-turn|p1a: Hippowdon
|-damage|p1a: Hippowdon|95/100
|
|t:|1779609849
|switch|p2a: Ting-Lu|Ting-Lu|100/100|[from] U-turn
|-ability|p2a: Ting-Lu|Vessel of Ruin
|move|p1a: Hippowdon|Stealth Rock|p2a: Ting-Lu
|-sidestart|p2: Kiysara|move: Stealth Rock
|
|-weather|Sandstorm|[upkeep]
|upkeep
|turn|2
|
|t:|1779609859
|move|p2a: Ting-Lu|Stealth Rock|p1a: Hippowdon
|-sidestart|p1: 1331798aaa0|move: Stealth Rock
|move|p1a: Hippowdon|Whirlwind|p2a: Ting-Lu
|drag|p2a: Zapdos|Zapdos|100/100
|
|-weather|Sandstorm|[upkeep]
|-damage|p2a: Zapdos|94/100|[from] Sandstorm
|upkeep
|turn|3
|
|t:|1779609876
|switch|p2a: Pelipper|Pelipper, F|100/100
|-damage|p2a: Pelipper|76/100|[from] Stealth Rock
|-weather|RainDance|[from] ability: Drizzle|[of] p2a: Pelipper
|switch|p1a: Great Tusk|Great Tusk|100/100
|-damage|p1a: Great Tusk|98/100|[from] Stealth Rock
|-enditem|p1a: Great Tusk|Booster Energy
|-activate|p1a: Great Tusk|ability: Protosynthesis|[fromitem]
|-start|p1a: Great Tusk|protosynthesisatk
|
|-weather|RainDance|[upkeep]
|upkeep
|turn|4
|
|t:|1779609889
|move|p1a: Great Tusk|Rapid Spin|p2a: Pelipper
|-damage|p2a: Pelipper|48/100
|-boost|p1a: Great Tusk|spe|1
|-sideend|p1: 1331798aaa0|Stealth Rock|[from] move: Rapid Spin|[of] p1a: Great Tusk
|move|p2a: Pelipper|Hurricane|p1a: Great Tusk
|-supereffective|p1a: Great Tusk
|-damage|p1a: Great Tusk|3/100
|-start|p1a: Great Tusk|confusion
|
|-weather|RainDance|[upkeep]
|upkeep
|turn|5
|
|t:|1779609901
|-end|p1a: Great Tusk|Protosynthesis|[silent]
|switch|p1a: Tyranitar|Tyranitar, M|100/100
|-weather|Sandstorm|[from] ability: Sand Stream|[of] p1a: Tyranitar
|move|p2a: Pelipper|Roost|p2a: Pelipper
|-heal|p2a: Pelipper|98/100
|-singleturn|p2a: Pelipper|move: Roost
|
|-weather|Sandstorm|[upkeep]
|-damage|p2a: Pelipper|92/100|[from] Sandstorm
|upkeep
|turn|6
|
|t:|1779609912
|move|p2a: Pelipper|U-turn|p1a: Tyranitar
|-supereffective|p1a: Tyranitar
|-damage|p1a: Tyranitar|88/100
|-enditem|p1a: Tyranitar|Weakness Policy
|-boost|p1a: Tyranitar|atk|2|[from] item: Weakness Policy
|-boost|p1a: Tyranitar|spa|2|[from] item: Weakness Policy
|
|t:|1779609920
|switch|p2a: Ting-Lu|Ting-Lu|100/100|[from] U-turn
|-damage|p2a: Ting-Lu|94/100|[from] Stealth Rock
|-ability|p2a: Ting-Lu|Vessel of Ruin
|move|p1a: Tyranitar|Ice Punch|p2a: Ting-Lu
|-supereffective|p2a: Ting-Lu
|-damage|p2a: Ting-Lu|29/100
|
|-weather|Sandstorm|[upkeep]
|-heal|p2a: Ting-Lu|35/100|[from] item: Leftovers
|upkeep
|turn|7
|
|t:|1779609935
|move|p1a: Tyranitar|Ice Punch|p2a: Ting-Lu
|-supereffective|p2a: Ting-Lu
|-damage|p2a: Ting-Lu|0 fnt
|faint|p2a: Ting-Lu
|
|-weather|Sandstorm|[upkeep]
|upkeep
|
|t:|1779609941
|switch|p2a: Gastrodon|Gastrodon, M|100/100
|-damage|p2a: Gastrodon|94/100|[from] Stealth Rock
|turn|8
|
|t:|1779609948
|move|p1a: Tyranitar|Earthquake|p2a: Gastrodon
|-damage|p2a: Gastrodon|12/100
|move|p2a: Gastrodon|Earth Power|p1a: Tyranitar
|-supereffective|p1a: Tyranitar
|-damage|p1a: Tyranitar|57/100
|
|-weather|Sandstorm|[upkeep]
|-heal|p2a: Gastrodon|19/100|[from] item: Leftovers
|upkeep
|turn|9
|
|t:|1779609959
|switch|p2a: Dragonite|Dragonite, M|100/100
|move|p1a: Tyranitar|Ice Punch|p2a: Dragonite
|-supereffective|p2a: Dragonite
|-damage|p2a: Dragonite|0 fnt
|faint|p2a: Dragonite
|
|-weather|none
|upkeep
|
|t:|1779609966
|switch|p2a: Barraskewda|Barraskewda, M|100/100
|-damage|p2a: Barraskewda|88/100|[from] Stealth Rock
|turn|10
|
|t:|1779609971
|move|p2a: Barraskewda|Close Combat|p1a: Tyranitar
|-supereffective|p1a: Tyranitar
|-damage|p1a: Tyranitar|0 fnt
|-unboost|p2a: Barraskewda|def|1
|-unboost|p2a: Barraskewda|spd|1
|faint|p1a: Tyranitar
|
|upkeep
|
|t:|1779609976
|switch|p1a: Hippowdon|Hippowdon, F|95/100
|-weather|Sandstorm|[from] ability: Sand Stream|[of] p1a: Hippowdon
|turn|11
|
|t:|1779609987
|switch|p2a: Pelipper|Pelipper, F|92/100
|-damage|p2a: Pelipper|67/100|[from] Stealth Rock
|-weather|RainDance|[from] ability: Drizzle|[of] p2a: Pelipper
|move|p1a: Hippowdon|Earthquake|p2a: Pelipper
|-immune|p2a: Pelipper
|
|-weather|RainDance|[upkeep]
|upkeep
|turn|12
|
|t:|1779609997
|switch|p1a: Excadrill|Excadrill, M|100/100
|move|p2a: Pelipper|Surf|p1a: Excadrill
|-supereffective|p1a: Excadrill
|-damage|p1a: Excadrill|0 fnt
|faint|p1a: Excadrill
|
|-weather|RainDance|[upkeep]
|upkeep
|
|t:|1779610000
|switch|p1a: Hippowdon|Hippowdon, F|95/100
|-weather|Sandstorm|[from] ability: Sand Stream|[of] p1a: Hippowdon
|turn|13
|
|t:|1779610007
|move|p2a: Pelipper|U-turn|p1a: Hippowdon
|-damage|p1a: Hippowdon|89/100
|
|t:|1779610011
|switch|p2a: Barraskewda|Barraskewda, M|88/100|[from] U-turn
|-damage|p2a: Barraskewda|76/100|[from] Stealth Rock
|move|p1a: Hippowdon|Whirlwind|p2a: Barraskewda
|drag|p2a: Pelipper|Pelipper, F|67/100
|-damage|p2a: Pelipper|43/100|[from] Stealth Rock
|-weather|RainDance|[from] ability: Drizzle|[of] p2a: Pelipper
|
|-weather|RainDance|[upkeep]
|upkeep
|turn|14
|
|t:|1779610021
|switch|p1a: Ursaluna|Ursaluna, M|100/100
|move|p2a: Pelipper|Surf|p1a: Ursaluna
|-supereffective|p1a: Ursaluna
|-damage|p1a: Ursaluna|27/100
|
|-weather|RainDance|[upkeep]
|-status|p1a: Ursaluna|brn|[from] item: Flame Orb
|upkeep
|turn|15
|
|t:|1779610028
|move|p2a: Pelipper|Surf|p1a: Ursaluna
|-supereffective|p1a: Ursaluna
|-damage|p1a: Ursaluna|0 fnt
|faint|p1a: Ursaluna
|
|-weather|RainDance|[upkeep]
|upkeep
|
|t:|1779610034
|switch|p1a: Garchomp|Garchomp, M|100/100
|turn|16
|
|t:|1779610039
|move|p1a: Garchomp|Stone Edge|p2a: Pelipper
|-supereffective|p2a: Pelipper
|-damage|p2a: Pelipper|0 fnt
|faint|p2a: Pelipper
|
|-weather|RainDance|[upkeep]
|upkeep
|
|t:|1779610045
|switch|p2a: Gastrodon|Gastrodon, M|19/100
|-damage|p2a: Gastrodon|12/100|[from] Stealth Rock
|turn|17
|
|t:|1779610050
|move|p1a: Garchomp|Earthquake|p2a: Gastrodon
|-damage|p2a: Gastrodon|0 fnt
|faint|p2a: Gastrodon
|
|-weather|RainDance|[upkeep]
|upkeep
|
|t:|1779610055
|switch|p2a: Barraskewda|Barraskewda, M|76/100
|-damage|p2a: Barraskewda|64/100|[from] Stealth Rock
|turn|18
|
|t:|1779610067
|switch|p1a: Hippowdon|Hippowdon, F|89/100
|-weather|Sandstorm|[from] ability: Sand Stream|[of] p1a: Hippowdon
|move|p2a: Barraskewda|Flip Turn|p1a: Hippowdon
|-supereffective|p1a: Hippowdon
|-damage|p1a: Hippowdon|21/100
|
|t:|1779610075
|switch|p2a: Zapdos|Zapdos|94/100|[from] Flip Turn
|
|-weather|Sandstorm|[upkeep]
|-damage|p2a: Zapdos|88/100|[from] Sandstorm
|upkeep
|turn|19
|
|t:|1779610082
|move|p2a: Zapdos|Hurricane|p1a: Hippowdon
|-damage|p1a: Hippowdon|0 fnt
|faint|p1a: Hippowdon
|
|-weather|Sandstorm|[upkeep]
|-damage|p2a: Zapdos|82/100|[from] Sandstorm
|upkeep
|
|t:|1779610085
|switch|p1a: Garchomp|Garchomp, M|100/100
|turn|20
|
|t:|1779610093
|move|p1a: Garchomp|Stone Edge|p2a: Zapdos|[miss]
|-miss|p1a: Garchomp|p2a: Zapdos
|move|p2a: Zapdos|Hurricane|p1a: Garchomp|[miss]
|-miss|p2a: Zapdos|p1a: Garchomp
|
|-weather|Sandstorm|[upkeep]
|-damage|p2a: Zapdos|76/100|[from] Sandstorm
|upkeep
|turn|21
|
|t:|1779610101
|move|p1a: Garchomp|Stone Edge|p2a: Zapdos
|-supereffective|p2a: Zapdos
|-crit|p2a: Zapdos
|-damage|p2a: Zapdos|0 fnt
|faint|p2a: Zapdos
|
|-weather|Sandstorm|[upkeep]
|upkeep
|
|t:|1779610107
|switch|p2a: Barraskewda|Barraskewda, M|64/100
|-damage|p2a: Barraskewda|52/100|[from] Stealth Rock
|turn|22
|
|t:|1779610117
|move|p2a: Barraskewda|Close Combat|p1a: Garchomp
|-damage|p1a: Garchomp|41/100
|-unboost|p2a: Barraskewda|def|1
|-unboost|p2a: Barraskewda|spd|1
|-damage|p2a: Barraskewda|40/100|[from] ability: Rough Skin|[of] p1a: Garchomp
|-damage|p2a: Barraskewda|23/100|[from] item: Rocky Helmet|[of] p1a: Garchomp
|move|p1a: Garchomp|Earthquake|p2a: Barraskewda
|-damage|p2a: Barraskewda|0 fnt
|faint|p2a: Barraskewda
|
|win|1331798aaa0
|raw|1331798aaa0's rating: 1071 &rarr; <strong>1101</strong><br />(+30 for winning)
|raw|Kiysara's rating: 1080 &rarr; <strong>1057</strong><br />(-23 for losing)
