|j|☆Yujiro_Jamon
|j|☆etherproselyte
|t:|1779675543
|gametype|singles
|player|p1|Yujiro_Jamon|alder|1317
|player|p2|etherproselyte|miku-water|1314
|gen|9
|tier|[Gen 9] OU
|rated|
|rule|HP Percentage Mod: HP is shown in percentages
|rule|Endless Battle Clause: Forcing endless battles is banned
|rule|Species Clause: Limit one of each Pokémon
|rule|OHKO Clause: OHKO moves are banned
|rule|Evasion Items Clause: Evasion items are banned
|rule|Evasion Moves Clause: Evasion moves are banned
|rule|Evasion Abilities Clause: Evasion abilities are banned
|rule|Sleep Moves Clause: Sleep-inducing moves are banned
|clearpoke
|poke|p1|Alomomola, F|
|poke|p1|Conkeldurr, M|
|poke|p1|Corviknight, M|
|poke|p1|Zapdos|
|poke|p1|Clefable, F|
|poke|p1|Blaziken, F|
|poke|p2|Ribombee, F|
|poke|p2|Glimmora, F|
|poke|p2|Iron Valiant|
|poke|p2|Iron Moth|
|poke|p2|Greninja-*, M|
|poke|p2|Gholdengo|
|teampreview
|inactive|Battle timer is ON: inactive players will automatically lose when time's up. (requested by etherproselyte)
|inactive|etherproselyte has 120 seconds left.
|
|t:|1779675597
|teamsize|p1|6
|teamsize|p2|6
|start
|switch|p1a: Blaziken|Blaziken, F|100/100
|switch|p2a: lilac slumber|Ribombee, F, shiny|100/100
|turn|1
|inactive|Yujiro_Jamon has 120 seconds left.
|
|t:|1779675637
|move|p2a: lilac slumber|Moonblast|p1a: Blaziken
|-damage|p1a: Blaziken|38/100
|-unboost|p1a: Blaziken|spa|1
|move|p1a: Blaziken|Flare Blitz|p2a: lilac slumber
|-supereffective|p2a: lilac slumber
|-crit|p2a: lilac slumber
|-enditem|p2a: lilac slumber|Focus Sash
|-damage|p2a: lilac slumber|1/100
|-damage|p1a: Blaziken|10/100|[from] Recoil
|
|-heal|p1a: Blaziken|16/100|[from] item: Leftovers
|-ability|p1a: Blaziken|Speed Boost|boost
|-boost|p1a: Blaziken|spe|1
|upkeep
|turn|2
|
|t:|1779675650
|move|p1a: Blaziken|Close Combat|p2a: lilac slumber
|-resisted|p2a: lilac slumber
|-damage|p2a: lilac slumber|0 fnt
|-unboost|p1a: Blaziken|def|1
|-unboost|p1a: Blaziken|spd|1
|faint|p2a: lilac slumber
|
|-heal|p1a: Blaziken|22/100|[from] item: Leftovers
|-ability|p1a: Blaziken|Speed Boost|boost
|-boost|p1a: Blaziken|spe|1
|upkeep
|
|t:|1779675657
|switch|p2a: aphelion point|Glimmora, F|100/100
|turn|3
|inactive|Yujiro_Jamon has 120 seconds left.
|
|t:|1779675666
|move|p1a: Blaziken|Close Combat|p2a: aphelion point
|-damage|p2a: aphelion point|15/100
|-unboost|p1a: Blaziken|def|1
|-unboost|p1a: Blaziken|spd|1
|-activate|p2a: aphelion point|ability: Toxic Debris
|-sidestart|p1: Yujiro_Jamon|move: Toxic Spikes
|move|p2a: aphelion point|Power Gem|p1a: Blaziken
|-damage|p1a: Blaziken|0 fnt
|faint|p1a: Blaziken
|
|upkeep
|inactive|Yujiro_Jamon has 120 seconds left.
|
|t:|1779675675
|switch|p1a: Conkeldurr|Conkeldurr, M|100/100
|-status|p1a: Conkeldurr|psn
|turn|4
|
|t:|1779675679
|move|p1a: Conkeldurr|Mach Punch|p2a: aphelion point
|-damage|p2a: aphelion point|0 fnt
|-activate|p2a: aphelion point|ability: Toxic Debris
|-sidestart|p1: Yujiro_Jamon|move: Toxic Spikes
|faint|p2a: aphelion point
|
|-damage|p1a: Conkeldurr|88/100 psn|[from] psn
|upkeep
|
|t:|1779675689
|switch|p2a: alpine blue|Greninja, M|100/100
|turn|5
|
|t:|1779675696
|-terastallize|p2a: alpine blue|Ghost
|move|p1a: Conkeldurr|Mach Punch|p2a: alpine blue
|-immune|p2a: alpine blue
|move|p2a: alpine blue|Swords Dance|p2a: alpine blue
|-boost|p2a: alpine blue|atk|2
|
|-damage|p1a: Conkeldurr|76/100 psn|[from] psn
|upkeep
|turn|6
|
|t:|1779675707
|move|p2a: alpine blue|Swords Dance|p2a: alpine blue
|-boost|p2a: alpine blue|atk|2
|move|p1a: Conkeldurr|Knock Off|p2a: alpine blue
|-supereffective|p2a: alpine blue
|-enditem|p2a: alpine blue|Focus Sash
|-damage|p2a: alpine blue|1/100
|
|-damage|p1a: Conkeldurr|64/100 psn|[from] psn
|upkeep
|turn|7
|
|t:|1779675714
|switch|p1a: Corviknight|Corviknight, M|100/100
|-ability|p1a: Corviknight|Pressure
|move|p2a: alpine blue|Liquidation|p1a: Corviknight
|-damage|p1a: Corviknight|37/100
|-damage|p2a: alpine blue|0 fnt|[from] item: Rocky Helmet|[of] p1a: Corviknight
|faint|p2a: alpine blue
|
|upkeep
|
|t:|1779675720
|switch|p2a: steam driven girl|Iron Moth|100/100
|-enditem|p2a: steam driven girl|Booster Energy
|-activate|p2a: steam driven girl|ability: Quark Drive|[fromitem]
|-start|p2a: steam driven girl|quarkdrivespa
|turn|8
|
|t:|1779675724
|move|p2a: steam driven girl|Fiery Dance|p1a: Corviknight
|-supereffective|p1a: Corviknight
|-damage|p1a: Corviknight|0 fnt
|faint|p1a: Corviknight
|
|upkeep
|
|t:|1779675732
|switch|p1a: Zapdos|Zapdos|100/100
|-ability|p1a: Zapdos|Pressure
|turn|9
|inactive|etherproselyte has 120 seconds left.
|
|t:|1779675781
|-terastallize|p1a: Zapdos|Electric
|move|p2a: steam driven girl|Fiery Dance|p1a: Zapdos
|-damage|p1a: Zapdos|33/100
|-boost|p2a: steam driven girl|spa|1
|move|p1a: Zapdos|Thunderbolt|p2a: steam driven girl
|-damage|p2a: steam driven girl|7/100
|-damage|p1a: Zapdos|23/100|[from] item: Life Orb
|
|upkeep
|turn|10
|
|t:|1779675790
|move|p2a: steam driven girl|Fiery Dance|p1a: Zapdos
|-crit|p1a: Zapdos
|-damage|p1a: Zapdos|0 fnt
|faint|p1a: Zapdos
|
|upkeep
|
|t:|1779675793
|switch|p1a: Conkeldurr|Conkeldurr, M|64/100 psn
|turn|11
|
|t:|1779675796
|-end|p2a: steam driven girl|Quark Drive|[silent]
|switch|p2a: dear ghost|Gholdengo, shiny|100/100
|move|p1a: Conkeldurr|Mach Punch|p2a: dear ghost
|-immune|p2a: dear ghost
|
|-damage|p1a: Conkeldurr|51/100 psn|[from] psn
|upkeep
|turn|12
|
|t:|1779675799
|move|p2a: dear ghost|Dazzling Gleam|p1a: Conkeldurr
|-supereffective|p1a: Conkeldurr
|-damage|p1a: Conkeldurr|10/100 psn
|move|p1a: Conkeldurr|Knock Off|p2a: dear ghost
|-supereffective|p2a: dear ghost
|-damage|p2a: dear ghost|0 fnt
|-enditem|p2a: dear ghost|Shuca Berry|[from] move: Knock Off|[of] p1a: Conkeldurr
|faint|p2a: dear ghost
|
|-damage|p1a: Conkeldurr|0 fnt|[from] psn
|faint|p1a: Conkeldurr
|upkeep
|
|t:|1779675807
|switch|p2a: magnolia city|Iron Valiant, shiny|100/100
|switch|p1a: Alomomola|Alomomola, F|100/100
|-status|p1a: Alomomola|tox
|-enditem|p2a: magnolia city|Booster Energy
|-activate|p2a: magnolia city|ability: Quark Drive|[fromitem]
|-start|p2a: magnolia city|quarkdrivespe
|turn|13
|
|t:|1779675818
|move|p2a: magnolia city|Swords Dance|p2a: magnolia city
|-boost|p2a: magnolia city|atk|2
|move|p1a: Alomomola|Flip Turn|p2a: magnolia city
|-damage|p2a: magnolia city|81/100
|
|t:|1779675821
|switch|p1a: Clefable|Clefable, F|100/100|[from] Flip Turn
|-status|p1a: Clefable|tox
|
|-damage|p1a: Clefable|94/100 tox|[from] psn
|upkeep
|turn|14
|
|t:|1779675830
|move|p2a: magnolia city|Substitute|p2a: magnolia city
|-start|p2a: magnolia city|Substitute
|-damage|p2a: magnolia city|56/100
|move|p1a: Clefable|Moonblast|p2a: magnolia city
|-supereffective|p2a: magnolia city
|-end|p2a: magnolia city|Substitute
|
|-heal|p1a: Clefable|100/100 tox|[from] item: Leftovers
|-damage|p1a: Clefable|88/100 tox|[from] psn
|upkeep
|turn|15
|
|t:|1779675835
|move|p2a: magnolia city|Substitute|p2a: magnolia city
|-start|p2a: magnolia city|Substitute
|-damage|p2a: magnolia city|31/100
|move|p1a: Clefable|Moonblast|p2a: magnolia city
|-supereffective|p2a: magnolia city
|-end|p2a: magnolia city|Substitute
|
|-heal|p1a: Clefable|94/100 tox|[from] item: Leftovers
|-damage|p1a: Clefable|76/100 tox|[from] psn
|upkeep
|turn|16
|
|t:|1779675839
|move|p2a: magnolia city|Substitute|p2a: magnolia city
|-start|p2a: magnolia city|Substitute
|-damage|p2a: magnolia city|6/100
|move|p1a: Clefable|Moonblast|p2a: magnolia city
|-supereffective|p2a: magnolia city
|-end|p2a: magnolia city|Substitute
|
|-heal|p1a: Clefable|82/100 tox|[from] item: Leftovers
|-damage|p1a: Clefable|58/100 tox|[from] psn
|upkeep
|turn|17
|
|t:|1779675848
|move|p2a: magnolia city|Close Combat|p1a: Clefable
|-resisted|p1a: Clefable
|-damage|p1a: Clefable|21/100 tox
|-unboost|p2a: magnolia city|def|1
|-unboost|p2a: magnolia city|spd|1
|move|p1a: Clefable|Moonblast|p2a: magnolia city
|-supereffective|p2a: magnolia city
|-damage|p2a: magnolia city|0 fnt
|faint|p2a: magnolia city
|-end|p2a: magnolia city|Quark Drive|[silent]
|
|-heal|p1a: Clefable|27/100 tox|[from] item: Leftovers
|-damage|p1a: Clefable|0 fnt|[from] psn
|faint|p1a: Clefable
|upkeep
|
|t:|1779675852
|switch|p2a: steam driven girl|Iron Moth|7/100
|switch|p1a: Alomomola|Alomomola, F|100/100 tox
|turn|18
|
|t:|1779675854
|move|p2a: steam driven girl|Energy Ball|p1a: Alomomola
|-supereffective|p1a: Alomomola
|-crit|p1a: Alomomola
|-damage|p1a: Alomomola|0 fnt
|faint|p1a: Alomomola
|
|win|etherproselyte
|raw|Yujiro_Jamon's rating: 1317 &rarr; <strong>1297</strong><br />(-20 for losing)
|raw|etherproselyte's rating: 1314 &rarr; <strong>1334</strong><br />(+20 for winning)
|c|☆etherproselyte|mb
|c|☆Yujiro_Jamon|Haxer
|n|!Yujiro_Jamon|yujirojamon
|l|☆etherproselyte
|player|p2|
|l|!Yujiro_Jamon
|player|p1|
