|j|☆legend za legend
|j|☆huuugefella
|t:|1779622492
|gametype|singles
|player|p1|legend za legend|169|1243
|player|p2|huuugefella|2|1229
|gen|9
|tier|[Gen 9] OU
|rated|
|rule|HP Percentage Mod: HP is shown in percentages
|rule|Endless Battle Clause: Forcing endless battles is banned
|rule|Species Clause: Limit one of each Pokémon
|rule|OHKO Clause: OHKO moves are banned
|rule|Evasion Items Clause: Evasion items are banned
|rule|Evasion Moves Clause: Evasion moves are banned
|rule|Evasion Abilities Clause: Evasion abilities are banned
|rule|Sleep Moves Clause: Sleep-inducing moves are banned
|clearpoke
|poke|p1|Hoopa|
|poke|p1|Cinderace, M|
|poke|p1|Mandibuzz, F|
|poke|p1|Kyurem|
|poke|p1|Ting-Lu|
|poke|p1|Manaphy|
|poke|p2|Alomomola, F|
|poke|p2|Tornadus-Therian, M|
|poke|p2|Magnezone|
|poke|p2|Clodsire, M|
|poke|p2|Meowscarada, M|
|poke|p2|Maushold-Four|
|teampreview
|inactive|Battle timer is ON: inactive players will automatically lose when time's up. (requested by huuugefella)
|
|t:|1779622498
|teamsize|p1|6
|teamsize|p2|6
|start
|switch|p1a: Cinderace|Cinderace, M|100/100
|switch|p2a: Clodsire|Clodsire, M|100/100
|turn|1
|
|t:|1779622504
|move|p1a: Cinderace|U-turn|p2a: Clodsire
|-start|p1a: Cinderace|typechange|Bug|[from] ability: Libero
|-resisted|p2a: Clodsire
|-damage|p2a: Clodsire|88/100
|
|t:|1779622510
|switch|p1a: Ting-Lucifer|Ting-Lu|100/100|[from] U-turn
|-ability|p1a: Ting-Lucifer|Vessel of Ruin
|move|p2a: Clodsire|Spikes|p1a: Ting-Lucifer
|-sidestart|p1: legend za legend|Spikes
|
|-heal|p2a: Clodsire|95/100|[from] item: Leftovers
|upkeep
|turn|2
|
|t:|1779622516
|move|p1a: Ting-Lucifer|Earthquake|p2a: Clodsire
|-supereffective|p2a: Clodsire
|-damage|p2a: Clodsire|24/100
|move|p2a: Clodsire|Toxic|p1a: Ting-Lucifer
|-status|p1a: Ting-Lucifer|tox
|
|-heal|p2a: Clodsire|31/100|[from] item: Leftovers
|-damage|p1a: Ting-Lucifer|94/100 tox|[from] psn
|upkeep
|turn|3
|
|t:|1779622524
|switch|p1a: Cinderace|Cinderace, M|100/100
|-damage|p1a: Cinderace|88/100|[from] Spikes
|-terastallize|p2a: Clodsire|Flying
|move|p2a: Clodsire|Recover|p2a: Clodsire
|-heal|p2a: Clodsire|81/100
|
|-heal|p2a: Clodsire|87/100|[from] item: Leftovers
|upkeep
|turn|4
|
|t:|1779622529
|move|p1a: Cinderace|Pyro Ball|p2a: Clodsire
|-damage|p2a: Clodsire|36/100
|move|p2a: Clodsire|Spikes|p1a: Cinderace
|-sidestart|p1: legend za legend|Spikes
|
|-heal|p2a: Clodsire|42/100|[from] item: Leftovers
|upkeep
|turn|5
|
|t:|1779622533
|move|p1a: Cinderace|Pyro Ball|p2a: Clodsire
|-damage|p2a: Clodsire|0 fnt
|faint|p2a: Clodsire
|
|upkeep
|
|t:|1779622542
|switch|p2a: Alomomola|Alomomola, F|100/100
|turn|6
|
|t:|1779622545
|move|p1a: Cinderace|Court Change|p1a: Cinderace
|-start|p1a: Cinderace|typechange|Normal|[from] ability: Libero
|-swapsideconditions
|-activate|p1a: Cinderace|move: Court Change
|move|p2a: Alomomola|Flip Turn|p1a: Cinderace
|-damage|p1a: Cinderace|65/100
|
|t:|1779622557
|switch|p2a: Meowscarada|Meowscarada, M|100/100|[from] Flip Turn
|-damage|p2a: Meowscarada|84/100|[from] Spikes
|
|upkeep
|turn|7
|
|t:|1779622562
|switch|p1a: Mandibuzz|Mandibuzz, F, shiny|100/100
|move|p2a: Meowscarada|Flower Trick|p1a: Mandibuzz
|-start|p2a: Meowscarada|typechange|Grass|[from] ability: Protean
|-resisted|p1a: Mandibuzz
|-crit|p1a: Mandibuzz
|-damage|p1a: Mandibuzz|78/100
|
|upkeep
|turn|8
|
|t:|1779622569
|switch|p2a: Maushold|Maushold-Four|100/100
|-damage|p2a: Maushold|84/100|[from] Spikes
|move|p1a: Mandibuzz|Foul Play|p2a: Maushold
|-damage|p2a: Maushold|32/100
|
|upkeep
|turn|9
|
|t:|1779622575
|move|p2a: Maushold|Population Bomb|p1a: Mandibuzz
|-damage|p1a: Mandibuzz|72/100
|-damage|p2a: Maushold|15/100|[from] item: Rocky Helmet|[of] p1a: Mandibuzz
|-damage|p1a: Mandibuzz|65/100
|-damage|p2a: Maushold|0 fnt|[from] item: Rocky Helmet|[of] p1a: Mandibuzz
|faint|p2a: Maushold
|-hitcount|p1a: Mandibuzz|2
|move|p1a: Mandibuzz|Foul Play|p2: Maushold|[notarget]
|-fail|p1a: Mandibuzz
|
|upkeep
|-message|huuugefella forfeited.
|
|win|legend za legend
|raw|legend za legend's rating: 1243 &rarr; <strong>1267</strong><br />(+24 for winning)
|raw|huuugefella's rating: 1229 &rarr; <strong>1205</strong><br />(-24 for losing)
