|j|☆togekaiser
|j|☆jubox
|t:|1779561945
|gametype|singles
|player|p1|togekaiser|wattson|1517
|player|p2|jubox|benga|1521
|gen|9
|tier|[Gen 9] OU
|rated|
|rule|HP Percentage Mod: HP is shown in percentages
|rule|Endless Battle Clause: Forcing endless battles is banned
|rule|Species Clause: Limit one of each Pokémon
|rule|OHKO Clause: OHKO moves are banned
|rule|Evasion Items Clause: Evasion items are banned
|rule|Evasion Moves Clause: Evasion moves are banned
|rule|Evasion Abilities Clause: Evasion abilities are banned
|rule|Sleep Moves Clause: Sleep-inducing moves are banned
|clearpoke
|poke|p1|Darkrai|
|poke|p1|Slowking-Galar, M|
|poke|p1|Great Tusk|
|poke|p1|Ogerpon, F|
|poke|p1|Skarmory, M|
|poke|p1|Alomomola, F|
|poke|p2|Ceruledge, M|
|poke|p2|Corviknight, M|
|poke|p2|Dragapult, M|
|poke|p2|Rillaboom, M|
|poke|p2|Lokix, M|
|poke|p2|Ogerpon-Wellspring, F|
|teampreview
|inactive|Battle timer is ON: inactive players will automatically lose when time's up. (requested by jubox)
|
|t:|1779561971
|teamsize|p1|6
|teamsize|p2|6
|start
|switch|p1a: Ogerpon|Ogerpon, F|100/100
|switch|p2a: Lokix|Lokix, M|100/100
|turn|1
|
|t:|1779561979
|switch|p1a: Skarmory|Skarmory, M|100/100
|move|p2a: Lokix|First Impression|p1a: Skarmory
|-resisted|p1a: Skarmory
|-damage|p1a: Skarmory|84/100
|-damage|p2a: Lokix|84/100|[from] item: Rocky Helmet|[of] p1a: Skarmory
|
|upkeep
|turn|2
|
|t:|1779561988
|switch|p2a: Ceruledge|Ceruledge, M, shiny|100/100
|move|p1a: Skarmory|Spikes|p2a: Ceruledge
|-sidestart|p2: jubox|Spikes
|
|upkeep
|turn|3
|
|t:|1779561995
|move|p2a: Ceruledge|Swords Dance|p2a: Ceruledge
|-boost|p2a: Ceruledge|atk|2
|move|p1a: Skarmory|Whirlwind|p2a: Ceruledge
|drag|p2a: Rillaboom|Rillaboom, M, shiny|100/100
|-damage|p2a: Rillaboom|88/100|[from] Spikes
|-fieldstart|move: Grassy Terrain|[from] ability: Grassy Surge|[of] p2a: Rillaboom
|
|-heal|p2a: Rillaboom|94/100|[from] Grassy Terrain
|upkeep
|turn|4
|
|t:|1779562004
|move|p2a: Rillaboom|Knock Off|p1a: Skarmory
|-damage|p1a: Skarmory|57/100
|-damage|p2a: Rillaboom|78/100|[from] item: Rocky Helmet|[of] p1a: Skarmory
|-enditem|p1a: Skarmory|Rocky Helmet|[from] move: Knock Off|[of] p2a: Rillaboom
|-damage|p2a: Rillaboom|68/100|[from] item: Life Orb
|move|p1a: Skarmory|Spikes|p2a: Rillaboom
|-sidestart|p2: jubox|Spikes
|
|-heal|p2a: Rillaboom|74/100|[from] Grassy Terrain
|upkeep
|turn|5
|
|t:|1779562015
|move|p2a: Rillaboom|U-turn|p1a: Skarmory
|-resisted|p1a: Skarmory
|-damage|p1a: Skarmory|53/100
|-damage|p2a: Rillaboom|64/100|[from] item: Life Orb
|
|t:|1779562022
|switch|p2a: Corviknight|Corviknight, M, shiny|100/100|[from] U-turn
|-ability|p2a: Corviknight|Pressure
|move|p1a: Skarmory|Whirlwind|p2a: Corviknight
|drag|p2a: Ceruledge|Ceruledge, M, shiny|100/100
|-damage|p2a: Ceruledge|84/100|[from] Spikes
|
|-heal|p2a: Ceruledge|90/100|[from] Grassy Terrain
|upkeep
|turn|6
|
|t:|1779562034
|switch|p1a: Darkrai|Darkrai|100/100
|move|p2a: Ceruledge|Bitter Blade|p1a: Darkrai
|-damage|p1a: Darkrai|42/100
|-heal|p2a: Ceruledge|100/100|[from] drain|[of] p1a: Darkrai
|
|-heal|p1a: Darkrai|49/100|[from] Grassy Terrain
|upkeep
|turn|7
|
|t:|1779562043
|-terastallize|p2a: Ceruledge|Fighting
|move|p1a: Darkrai|Dark Pulse|p2a: Ceruledge
|-resisted|p2a: Ceruledge
|-damage|p2a: Ceruledge|61/100
|move|p2a: Ceruledge|Swords Dance|p2a: Ceruledge
|-boost|p2a: Ceruledge|atk|2
|
|-heal|p1a: Darkrai|55/100|[from] Grassy Terrain
|-heal|p2a: Ceruledge|67/100|[from] Grassy Terrain
|-fieldend|move: Grassy Terrain
|upkeep
|turn|8
|
|t:|1779562059
|switch|p1a: Skarmory|Skarmory, M|53/100
|move|p2a: Ceruledge|Bitter Blade|p1a: Skarmory
|-supereffective|p1a: Skarmory
|-damage|p1a: Skarmory|0 fnt
|-heal|p2a: Ceruledge|97/100|[from] drain|[of] p1a: Skarmory
|faint|p1a: Skarmory
|
|upkeep
|inactive|togekaiser has 120 seconds left.
|inactive|togekaiser has 90 seconds left.
|
|t:|1779562140
|switch|p1a: Darkrai|Darkrai|55/100
|turn|9
|
|t:|1779562146
|move|p1a: Darkrai|Dark Pulse|p2a: Ceruledge
|-resisted|p2a: Ceruledge
|-damage|p2a: Ceruledge|57/100
|cant|p2a: Ceruledge|flinch
|
|upkeep
|turn|10
|
|t:|1779562154
|-terastallize|p1a: Darkrai|Dark
|move|p1a: Darkrai|Dark Pulse|p2a: Ceruledge
|-resisted|p2a: Ceruledge
|-damage|p2a: Ceruledge|4/100
|move|p2a: Ceruledge|Bitter Blade|p1a: Darkrai
|-damage|p1a: Darkrai|0 fnt
|-heal|p2a: Ceruledge|30/100|[from] drain|[of] p1a: Darkrai
|faint|p1a: Darkrai
|
|upkeep
|
|t:|1779562158
|switch|p1a: Ogerpon|Ogerpon, F|100/100
|turn|11
|
|t:|1779562173
|move|p2a: Ceruledge|Shadow Sneak|p1a: Ogerpon
|-damage|p1a: Ogerpon|46/100
|move|p1a: Ogerpon|Ivy Cudgel|p2a: Ceruledge
|-crit|p2a: Ceruledge
|-damage|p2a: Ceruledge|0 fnt
|faint|p2a: Ceruledge
|
|upkeep
|
|t:|1779562180
|switch|p2a: Corviknight|Corviknight, M, shiny|100/100
|-ability|p2a: Corviknight|Pressure
|turn|12
|
|t:|1779562184
|switch|p1a: Great Tusk|Great Tusk|100/100
|move|p2a: Corviknight|Defog|p1a: Great Tusk
|-unboost|p1a: Great Tusk|evasion|1
|-sideend|p2: jubox|Spikes|[from] move: Defog|[of] p2a: Corviknight
|
|upkeep
|turn|13
|
|t:|1779562198
|move|p1a: Great Tusk|Stealth Rock|p2a: Corviknight
|-sidestart|p2: jubox|move: Stealth Rock
|move|p2a: Corviknight|Brave Bird|p1a: Great Tusk
|-supereffective|p1a: Great Tusk
|-damage|p1a: Great Tusk|44/100
|-damage|p2a: Corviknight|83/100|[from] Recoil
|
|upkeep
|turn|14
|-message|togekaiser forfeited.
|
|win|jubox
|raw|togekaiser's rating: 1517 &rarr; <strong>1497</strong><br />(-20 for losing)
|raw|jubox's rating: 1521 &rarr; <strong>1541</strong><br />(+20 for winning)
|l|☆togekaiser
|player|p1|
|l|☆jubox
|player|p2|
