|j|☆Noobtin
|j|☆MoncefTheW
|t:|1779702542
|gametype|singles
|player|p1|Noobtin|ninjaboy|1219
|player|p2|MoncefTheW|psychic-gen4|1203
|gen|9
|tier|[Gen 9] OU
|rated|
|rule|HP Percentage Mod: HP is shown in percentages
|rule|Endless Battle Clause: Forcing endless battles is banned
|rule|Species Clause: Limit one of each Pokémon
|rule|OHKO Clause: OHKO moves are banned
|rule|Evasion Items Clause: Evasion items are banned
|rule|Evasion Moves Clause: Evasion moves are banned
|rule|Evasion Abilities Clause: Evasion abilities are banned
|rule|Sleep Moves Clause: Sleep-inducing moves are banned
|clearpoke
|poke|p1|Dragonite, F|
|poke|p1|Great Tusk|
|poke|p1|Iron Crown|
|poke|p1|Iron Moth|
|poke|p1|Ogerpon, F|
|poke|p1|Primarina, M|
|poke|p2|Meowscarada, F|
|poke|p2|Volcanion|
|poke|p2|Scizor, M|
|poke|p2|Mimikyu, M|
|poke|p2|Blissey, F|
|poke|p2|Iron Hands|
|teampreview
|inactive|Battle timer is ON: inactive players will automatically lose when time's up. (requested by MoncefTheW)
|inactive|Noobtin has 120 seconds left.
|
|t:|1779702578
|teamsize|p1|6
|teamsize|p2|6
|start
|switch|p1a: Iron Crown|Iron Crown|100/100
|switch|p2a: paws with claws|Meowscarada, F, shiny|100/100
|turn|1
|
|t:|1779702590
|-terastallize|p1a: Iron Crown|Steel
|move|p2a: paws with claws|U-turn|p1a: Iron Crown
|-start|p2a: paws with claws|typechange|Bug|[from] ability: Protean
|-resisted|p1a: Iron Crown
|-damage|p1a: Iron Crown|77/100
|
|t:|1779702616
|switch|p2a: Obsidian|Volcanion|100/100|[from] U-turn
|move|p1a: Iron Crown|Focus Blast|p2a: Obsidian|[miss]
|-miss|p1a: Iron Crown|p2a: Obsidian
|
|upkeep
|turn|2
|
|t:|1779702628
|-end|p1a: Iron Crown|Quark Drive|[silent]
|switch|p1a: Dragonite|Dragonite, F|100/100
|move|p2a: Obsidian|Steam Eruption|p1a: Dragonite
|-resisted|p1a: Dragonite
|-damage|p1a: Dragonite|84/100
|-status|p1a: Dragonite|brn
|
|-damage|p1a: Dragonite|78/100 brn|[from] brn
|upkeep
|turn|3
|
|t:|1779702638
|move|p1a: Dragonite|Earthquake|p2a: Obsidian
|-supereffective|p2a: Obsidian
|-damage|p2a: Obsidian|46/100
|move|p2a: Obsidian|Sludge Wave|p1a: Dragonite
|-damage|p1a: Dragonite|37/100 brn
|
|-heal|p2a: Obsidian|52/100|[from] item: Leftovers
|-damage|p1a: Dragonite|31/100 brn|[from] brn
|upkeep
|turn|4
|inactive|MoncefTheW has 120 seconds left.
|
|t:|1779702688
|move|p1a: Dragonite|Earthquake|p2a: Obsidian
|-supereffective|p2a: Obsidian
|-damage|p2a: Obsidian|0 fnt
|faint|p2a: Obsidian
|
|-damage|p1a: Dragonite|24/100 brn|[from] brn
|upkeep
|
|t:|1779702692
|switch|p2a: scissors|Scizor, M|100/100
|turn|5
|
|t:|1779702697
|move|p1a: Dragonite|Earthquake|p2a: scissors
|-damage|p2a: scissors|65/100
|move|p2a: scissors|Swords Dance|p2a: scissors
|-boost|p2a: scissors|atk|2
|
|-heal|p2a: scissors|71/100|[from] item: Leftovers
|-damage|p1a: Dragonite|18/100 brn|[from] brn
|upkeep
|turn|6
|
|t:|1779702705
|move|p1a: Dragonite|Earthquake|p2a: scissors
|-damage|p2a: scissors|39/100
|move|p2a: scissors|Swords Dance|p2a: scissors
|-boost|p2a: scissors|atk|2
|
|-heal|p2a: scissors|45/100|[from] item: Leftovers
|-damage|p1a: Dragonite|12/100 brn|[from] brn
|upkeep
|turn|7
|
|t:|1779702713
|-terastallize|p2a: scissors|Flying
|move|p1a: Dragonite|Earthquake|p2a: scissors
|-immune|p2a: scissors
|move|p2a: scissors|Swords Dance|p2a: scissors
|-boost|p2a: scissors|atk|2
|
|-heal|p2a: scissors|51/100|[from] item: Leftovers
|-damage|p1a: Dragonite|6/100 brn|[from] brn
|upkeep
|turn|8
|
|t:|1779702732
|switch|p1a: Primarina|Primarina, M|100/100
|move|p2a: scissors|Bullet Punch|p1a: Primarina
|-damage|p1a: Primarina|0 fnt
|faint|p1a: Primarina
|
|-heal|p2a: scissors|57/100|[from] item: Leftovers
|upkeep
|
|t:|1779702749
|switch|p1a: Iron Moth|Iron Moth|100/100
|-enditem|p1a: Iron Moth|Booster Energy
|-activate|p1a: Iron Moth|ability: Quark Drive|[fromitem]
|-start|p1a: Iron Moth|quarkdrivespe
|turn|9
|
|t:|1779702754
|move|p2a: scissors|Bullet Punch|p1a: Iron Moth
|-resisted|p1a: Iron Moth
|-damage|p1a: Iron Moth|6/100
|move|p1a: Iron Moth|Fiery Dance|p2a: scissors
|-damage|p2a: scissors|6/100
|
|-heal|p2a: scissors|12/100|[from] item: Leftovers
|upkeep
|turn|10
|
|t:|1779702764
|move|p2a: scissors|Bullet Punch|p1a: Iron Moth
|-resisted|p1a: Iron Moth
|-damage|p1a: Iron Moth|0 fnt
|faint|p1a: Iron Moth
|-end|p1a: Iron Moth|Quark Drive|[silent]
|
|-heal|p2a: scissors|18/100|[from] item: Leftovers
|upkeep
|
|t:|1779702770
|switch|p1a: Dragonite|Dragonite, F|6/100 brn
|turn|11
|
|t:|1779702773
|move|p1a: Dragonite|Extreme Speed|p2a: scissors
|-damage|p2a: scissors|0 fnt
|faint|p2a: scissors
|
|-damage|p1a: Dragonite|0 fnt|[from] brn
|faint|p1a: Dragonite
|upkeep
|
|t:|1779702792
|switch|p1a: Ogerpon|Ogerpon, F|100/100
|switch|p2a: paws with claws|Meowscarada, F, shiny|100/100
|turn|12
|
|t:|1779702800
|move|p2a: paws with claws|U-turn|p1a: Ogerpon
|-start|p2a: paws with claws|typechange|Bug|[from] ability: Protean
|-supereffective|p1a: Ogerpon
|-damage|p1a: Ogerpon|0 fnt
|faint|p1a: Ogerpon
|
|t:|1779702809
|switch|p2a: pikachu wannabe|Mimikyu, M, shiny|100/100|[from] U-turn
|
|upkeep
|
|t:|1779702820
|switch|p1a: Iron Crown|Iron Crown, tera:Steel|77/100
|turn|13
|
|t:|1779702825
|move|p1a: Iron Crown|Tachyon Cutter|p2a: pikachu wannabe
|-activate|p2a: pikachu wannabe|ability: Disguise
|-damage|p2a: pikachu wannabe|100/100
|detailschange|p2a: pikachu wannabe|Mimikyu-Busted, M, shiny
|-damage|p2a: pikachu wannabe|88/100|[from] pokemon: Mimikyu-Busted
|-supereffective|p2a: pikachu wannabe
|-damage|p2a: pikachu wannabe|0 fnt
|faint|p2a: pikachu wannabe
|-hitcount|p2: pikachu wannabe|2
|
|upkeep
|
|t:|1779702829
|switch|p2a: paws with claws|Meowscarada, F, shiny|100/100
|turn|14
|
|t:|1779702836
|move|p2a: paws with claws|Thunder Punch|p1a: Iron Crown
|-start|p2a: paws with claws|typechange|Electric|[from] ability: Protean
|-damage|p1a: Iron Crown|20/100
|move|p1a: Iron Crown|Tachyon Cutter|p2a: paws with claws
|-resisted|p2a: paws with claws
|-damage|p2a: paws with claws|61/100
|-resisted|p2a: paws with claws
|-damage|p2a: paws with claws|20/100
|-hitcount|p2a: paws with claws|2
|
|upkeep
|turn|15
|
|t:|1779702849
|switch|p2a: fat but enduring|Blissey, F|100/100
|move|p1a: Iron Crown|Tachyon Cutter|p2a: fat but enduring
|-damage|p2a: fat but enduring|82/100
|-damage|p2a: fat but enduring|66/100
|-hitcount|p2a: fat but enduring|2
|
|-heal|p2a: fat but enduring|73/100|[from] item: Leftovers
|upkeep
|turn|16
|
|t:|1779702857
|-end|p1a: Iron Crown|Quark Drive|[silent]
|switch|p1a: Great Tusk|Great Tusk|100/100
|move|p2a: fat but enduring|Healing Wish|p2a: fat but enduring
|faint|p2a: fat but enduring
|
|upkeep
|
|t:|1779702860
|switch|p2a: paws with claws|Meowscarada, F, shiny|20/100
|-heal|p2a: paws with claws|100/100|[from] move: Healing Wish
|turn|17
|
|t:|1779702867
|move|p2a: paws with claws|Triple Axel|p1a: Great Tusk
|-start|p2a: paws with claws|typechange|Ice|[from] ability: Protean
|-supereffective|p1a: Great Tusk
|-damage|p1a: Great Tusk|81/100
|-damage|p2a: paws with claws|84/100|[from] item: Rocky Helmet|[of] p1a: Great Tusk
|-supereffective|p1a: Great Tusk
|-damage|p1a: Great Tusk|40/100
|-damage|p2a: paws with claws|67/100|[from] item: Rocky Helmet|[of] p1a: Great Tusk
|-supereffective|p1a: Great Tusk
|-damage|p1a: Great Tusk|0 fnt
|-damage|p2a: paws with claws|50/100|[from] item: Rocky Helmet|[of] p1a: Great Tusk
|faint|p1a: Great Tusk
|-end|p1a: Great Tusk|Protosynthesis|[silent]
|-hitcount|p1: Great Tusk|3
|
|upkeep
|
|t:|1779702880
|switch|p1a: Iron Crown|Iron Crown, tera:Steel|20/100
|turn|18
|
|t:|1779702883
|move|p2a: paws with claws|Triple Axel|p1a: Iron Crown
|-resisted|p1a: Iron Crown
|-damage|p1a: Iron Crown|12/100
|-resisted|p1a: Iron Crown
|-damage|p1a: Iron Crown|0 fnt
|faint|p1a: Iron Crown
|-end|p1a: Iron Crown|Quark Drive|[silent]
|-hitcount|p1: Iron Crown|2
|
|win|MoncefTheW
|raw|Noobtin's rating: 1219 &rarr; <strong>1193</strong><br />(-26 for losing)
|raw|MoncefTheW's rating: 1203 &rarr; <strong>1229</strong><br />(+26 for winning)
