|j|☆dooozdzdz
|j|☆ytggu
|t:|1779664065
|gametype|singles
|player|p1|dooozdzdz|cilan|1657
|player|p2|ytggu|265|1686
|gen|9
|tier|[Gen 9] OU
|rated|
|rule|HP Percentage Mod: HP is shown in percentages
|rule|Endless Battle Clause: Forcing endless battles is banned
|rule|Species Clause: Limit one of each Pokémon
|rule|OHKO Clause: OHKO moves are banned
|rule|Evasion Items Clause: Evasion items are banned
|rule|Evasion Moves Clause: Evasion moves are banned
|rule|Evasion Abilities Clause: Evasion abilities are banned
|rule|Sleep Moves Clause: Sleep-inducing moves are banned
|clearpoke
|poke|p1|Ogerpon-Wellspring, F|
|poke|p1|Arcanine-Hisui, M|
|poke|p1|Corviknight, F|
|poke|p1|Hatterene, F|
|poke|p1|Ting-Lu|
|poke|p1|Okidogi, M|
|poke|p2|Tyranitar, F|
|poke|p2|Samurott-Hisui, F|
|poke|p2|Rillaboom, M|
|poke|p2|Slowking-Galar, M|
|poke|p2|Excadrill, M|
|poke|p2|Pawmot, F|
|teampreview
|
|t:|1779664078
|teamsize|p1|6
|teamsize|p2|6
|start
|switch|p1a: Ogerpon|Ogerpon-Wellspring, F|100/100
|switch|p2a: Pawmot|Pawmot, F|100/100
|turn|1
|
|t:|1779664083
|move|p1a: Ogerpon|Ivy Cudgel|p2a: Pawmot|[anim] Ivy Cudgel Water
|-damage|p2a: Pawmot|1/100
|move|p2a: Pawmot|Double Shock|p1a: Ogerpon
|-damage|p1a: Ogerpon|30/100
|-start|p2a: Pawmot|typechange|???/Fighting|[from] move: Double Shock
|
|upkeep
|turn|2
|
|t:|1779664097
|switch|p1a: Hatterene|Hatterene, F|100/100
|switch|p2a: Slowking|Slowking-Galar, M|100/100
|
|upkeep
|turn|3
|
|t:|1779664102
|switch|p1a: Ting-Lu|Ting-Lu|100/100
|-ability|p1a: Ting-Lu|Vessel of Ruin
|move|p2a: Slowking|Sludge Bomb|p1a: Ting-Lu
|-resisted|p1a: Ting-Lu
|-damage|p1a: Ting-Lu|93/100
|
|-heal|p1a: Ting-Lu|99/100|[from] item: Leftovers
|upkeep
|turn|4
|
|t:|1779664106
|switch|p2a: Rillaboom|Rillaboom, M|100/100
|-fieldstart|move: Grassy Terrain|[from] ability: Grassy Surge|[of] p2a: Rillaboom
|move|p1a: Ting-Lu|Stealth Rock|p2a: Rillaboom
|-sidestart|p2: ytggu|move: Stealth Rock
|
|-heal|p1a: Ting-Lu|100/100|[from] Grassy Terrain
|upkeep
|turn|5
|
|t:|1779664112
|switch|p1a: Corviknight|Corviknight, F|100/100
|-ability|p1a: Corviknight|Pressure
|move|p2a: Rillaboom|Knock Off|p1a: Corviknight
|-damage|p1a: Corviknight|69/100
|-damage|p2a: Rillaboom|84/100|[from] item: Rocky Helmet|[of] p1a: Corviknight
|-enditem|p1a: Corviknight|Rocky Helmet|[from] move: Knock Off|[of] p2a: Rillaboom
|
|-heal|p2a: Rillaboom|90/100|[from] Grassy Terrain
|upkeep
|turn|6
|
|t:|1779664126
|switch|p2a: Excadrill|Excadrill, M|100/100
|-damage|p2a: Excadrill|97/100|[from] Stealth Rock
|move|p1a: Corviknight|U-turn|p2a: Excadrill
|-resisted|p2a: Excadrill
|-damage|p2a: Excadrill|88/100
|inactive|Battle timer is ON: inactive players will automatically lose when time's up. (requested by ytggu)
|
|t:|1779664130
|switch|p1a: Arcanine|Arcanine-Hisui, M|100/100|[from] U-turn
|
|-heal|p2a: Excadrill|94/100|[from] Grassy Terrain
|-heal|p2a: Excadrill|99/100|[from] item: Leftovers
|upkeep
|turn|7
|
|t:|1779664136
|move|p1a: Arcanine|Close Combat|p2a: Excadrill
|-supereffective|p2a: Excadrill
|-damage|p2a: Excadrill|0 fnt
|-unboost|p1a: Arcanine|def|1
|-unboost|p1a: Arcanine|spd|1
|faint|p2a: Excadrill
|
|upkeep
|
|t:|1779664149
|switch|p2a: Rillaboom|Rillaboom, M|90/100
|-damage|p2a: Rillaboom|78/100|[from] Stealth Rock
|turn|8
|
|t:|1779664154
|switch|p1a: Corviknight|Corviknight, F|69/100
|-ability|p1a: Corviknight|Pressure
|move|p2a: Rillaboom|U-turn|p1a: Corviknight
|-resisted|p1a: Corviknight
|-damage|p1a: Corviknight|63/100
|
|t:|1779664163
|switch|p2a: Slowking|Slowking-Galar, M|100/100|[from] U-turn
|-damage|p2a: Slowking|88/100|[from] Stealth Rock
|
|-heal|p2a: Slowking|94/100|[from] Grassy Terrain
|-fieldend|move: Grassy Terrain
|upkeep
|turn|9
|
|t:|1779664165
|move|p1a: Corviknight|U-turn|p2a: Slowking
|-damage|p2a: Slowking|84/100
|
|t:|1779664167
|switch|p1a: Ting-Lu|Ting-Lu|100/100|[from] U-turn
|-ability|p1a: Ting-Lu|Vessel of Ruin
|move|p2a: Slowking|Flamethrower|p1a: Ting-Lu
|-damage|p1a: Ting-Lu|91/100
|
|-heal|p1a: Ting-Lu|97/100|[from] item: Leftovers
|upkeep
|turn|10
|-message|ytggu forfeited.
|
|win|dooozdzdz
|raw|dooozdzdz's rating: 1657 &rarr; <strong>1679</strong><br />(+22 for winning)
|raw|ytggu's rating: 1686 &rarr; <strong>1664</strong><br />(-22 for losing)
|l|☆ytggu
|player|p2|
|l|☆dooozdzdz
|player|p1|
