|j|☆climate3c
|j|☆sneakdizzing
|t:|1779606189
|gametype|singles
|player|p1|climate3c|hiker-gen4|1066
|player|p2|sneakdizzing|crasherwake|1102
|gen|9
|tier|[Gen 9] OU
|rated|
|rule|HP Percentage Mod: HP is shown in percentages
|rule|Endless Battle Clause: Forcing endless battles is banned
|rule|Species Clause: Limit one of each Pokémon
|rule|OHKO Clause: OHKO moves are banned
|rule|Evasion Items Clause: Evasion items are banned
|rule|Evasion Moves Clause: Evasion moves are banned
|rule|Evasion Abilities Clause: Evasion abilities are banned
|rule|Sleep Moves Clause: Sleep-inducing moves are banned
|clearpoke
|poke|p1|Gengar, F|
|poke|p1|Dudunsparce-*, F|
|poke|p1|Manaphy|
|poke|p1|Heatran, F|
|poke|p1|Hawlucha, F|
|poke|p1|Gliscor, F|
|poke|p2|Weezing-Galar, F|
|poke|p2|Gliscor, F|
|poke|p2|Chansey, F|
|poke|p2|Corviknight, F|
|poke|p2|Dondozo, M|
|poke|p2|Toxapex, M|
|teampreview
|inactive|Battle timer is ON: inactive players will automatically lose when time's up. (requested by climate3c)
|
|t:|1779606194
|teamsize|p1|6
|teamsize|p2|6
|start
|switch|p1a: Manaphy|Manaphy|100/100
|switch|p2a: Chansey|Chansey, F|100/100
|turn|1
|
|t:|1779606199
|move|p1a: Manaphy|Tail Glow|p1a: Manaphy
|-boost|p1a: Manaphy|spa|3
|move|p2a: Chansey|Thunder Wave|p1a: Manaphy|[miss]
|-miss|p2a: Chansey|p1a: Manaphy
|
|upkeep
|turn|2
|
|t:|1779606205
|move|p1a: Manaphy|Tail Glow|p1a: Manaphy
|-boost|p1a: Manaphy|spa|3
|move|p2a: Chansey|Stealth Rock|p1a: Manaphy
|-sidestart|p1: climate3c|move: Stealth Rock
|
|upkeep
|turn|3
|
|t:|1779606211
|-terastallize|p1a: Manaphy|Water
|move|p1a: Manaphy|Hydro Pump|p2a: Chansey
|-damage|p2a: Chansey|30/100
|move|p2a: Chansey|Seismic Toss|p1a: Manaphy
|-damage|p1a: Manaphy|71/100
|
|upkeep
|turn|4
|
|t:|1779606227
|move|p1a: Manaphy|Surf|p2a: Chansey
|-damage|p2a: Chansey|0 fnt
|faint|p2a: Chansey
|
|upkeep
|
|t:|1779606231
|switch|p2a: Toxapex|Toxapex, M|100/100
|turn|5
|
|t:|1779606236
|move|p1a: Manaphy|Hydro Pump|p2a: Toxapex
|-resisted|p2a: Toxapex
|-damage|p2a: Toxapex|0 fnt
|faint|p2a: Toxapex
|
|upkeep
|
|t:|1779606247
|switch|p2a: Dondozo|Dondozo, M|100/100
|turn|6
|
|t:|1779606252
|move|p1a: Manaphy|Hydro Pump|p2a: Dondozo
|-resisted|p2a: Dondozo
|-damage|p2a: Dondozo|62/100
|move|p2a: Dondozo|Waterfall|p1a: Manaphy
|-resisted|p1a: Manaphy
|-damage|p1a: Manaphy|58/100
|
|-heal|p2a: Dondozo|68/100|[from] item: Leftovers
|upkeep
|turn|7
|
|t:|1779606257
|move|p1a: Manaphy|Hydro Pump|p2a: Dondozo
|-resisted|p2a: Dondozo
|-damage|p2a: Dondozo|29/100
|move|p2a: Dondozo|Curse|p2a: Dondozo
|-unboost|p2a: Dondozo|spe|1
|-boost|p2a: Dondozo|atk|1
|-boost|p2a: Dondozo|def|1
|
|-heal|p2a: Dondozo|35/100|[from] item: Leftovers
|upkeep
|turn|8
|
|t:|1779606263
|move|p1a: Manaphy|Hydro Pump|p2a: Dondozo
|-resisted|p2a: Dondozo
|-crit|p2a: Dondozo
|-damage|p2a: Dondozo|0 fnt
|faint|p2a: Dondozo
|
|upkeep
|-message|sneakdizzing forfeited.
|
|win|climate3c
|raw|climate3c's rating: 1066 &rarr; <strong>1099</strong><br />(+33 for winning)
|raw|sneakdizzing's rating: 1102 &rarr; <strong>1074</strong><br />(-28 for losing)
|l|☆sneakdizzing
|player|p2|
|l|☆climate3c
|player|p1|
