|j|☆g3thyp
|j|☆Sandysuit
|t:|1779662296
|gametype|singles
|player|p1|g3thyp|backersf|1482
|player|p2|Sandysuit|170|1443
|gen|9
|tier|[Gen 9] OU
|rated|
|rule|HP Percentage Mod: HP is shown in percentages
|rule|Endless Battle Clause: Forcing endless battles is banned
|rule|Species Clause: Limit one of each Pokémon
|rule|OHKO Clause: OHKO moves are banned
|rule|Evasion Items Clause: Evasion items are banned
|rule|Evasion Moves Clause: Evasion moves are banned
|rule|Evasion Abilities Clause: Evasion abilities are banned
|rule|Sleep Moves Clause: Sleep-inducing moves are banned
|clearpoke
|poke|p1|Rotom-Wash|
|poke|p1|Cinderace, M|
|poke|p1|Tyranitar, F|
|poke|p1|Dragapult, M|
|poke|p1|Gliscor, F|
|poke|p1|Corviknight, M|
|poke|p2|Dragapult, M|
|poke|p2|Quaquaval, F|
|poke|p2|Samurott-Hisui, M|
|poke|p2|Maushold|
|poke|p2|Gholdengo|
|poke|p2|Scizor, F|
|teampreview
|inactive|Battle timer is ON: inactive players will automatically lose when time's up. (requested by g3thyp)
|
|t:|1779662312
|teamsize|p1|6
|teamsize|p2|6
|start
|switch|p1a: Cinderace|Cinderace, M|100/100
|switch|p2a: Maushold|Maushold|100/100
|turn|1
|
|t:|1779662316
|switch|p2a: Dragapult|Dragapult, M|100/100
|move|p1a: Cinderace|Will-O-Wisp|p2a: Dragapult
|-status|p2a: Dragapult|brn
|
|-damage|p2a: Dragapult|95/100 brn|[from] brn
|upkeep
|turn|2
|
|t:|1779662321
|switch|p1a: Tyranitar|Tyranitar, F|100/100
|-weather|Sandstorm|[from] ability: Sand Stream|[of] p1a: Tyranitar
|move|p2a: Dragapult|Draco Meteor|p1a: Tyranitar
|-crit|p1a: Tyranitar
|-damage|p1a: Tyranitar|50/100
|-unboost|p2a: Dragapult|spa|2
|
|-weather|Sandstorm|[upkeep]
|-damage|p2a: Dragapult|89/100 brn|[from] Sandstorm
|-heal|p1a: Tyranitar|56/100|[from] item: Leftovers
|-damage|p2a: Dragapult|83/100 brn|[from] brn
|upkeep
|turn|3
|
|t:|1779662324
|switch|p2a: Quaquaval|Quaquaval, F|100/100
|move|p1a: Tyranitar|Knock Off|p2a: Quaquaval
|-resisted|p2a: Quaquaval
|-damage|p2a: Quaquaval|77/100
|-enditem|p2a: Quaquaval|Leftovers|[from] move: Knock Off|[of] p1a: Tyranitar
|
|-weather|Sandstorm|[upkeep]
|-damage|p2a: Quaquaval|70/100|[from] Sandstorm
|-heal|p1a: Tyranitar|62/100|[from] item: Leftovers
|upkeep
|turn|4
|
|t:|1779662335
|switch|p1a: Rotom|Rotom-Wash|100/100
|move|p2a: Quaquaval|Close Combat|p1a: Rotom
|-damage|p1a: Rotom|58/100
|-unboost|p2a: Quaquaval|def|1
|-unboost|p2a: Quaquaval|spd|1
|
|-weather|Sandstorm|[upkeep]
|-damage|p2a: Quaquaval|64/100|[from] Sandstorm
|-damage|p1a: Rotom|52/100|[from] Sandstorm
|-heal|p1a: Rotom|58/100|[from] item: Leftovers
|upkeep
|turn|5
|
|t:|1779662348
|switch|p2a: Dragapult|Dragapult, M|83/100 brn
|move|p1a: Rotom|Pain Split|p2a: Dragapult
|-sethp|p2a: Dragapult|69/100 brn|[from] move: Pain Split|[silent]
|-sethp|p1a: Rotom|72/100|[from] move: Pain Split
|
|-weather|Sandstorm|[upkeep]
|-damage|p2a: Dragapult|63/100 brn|[from] Sandstorm
|-damage|p1a: Rotom|66/100|[from] Sandstorm
|-heal|p1a: Rotom|72/100|[from] item: Leftovers
|-damage|p2a: Dragapult|57/100 brn|[from] brn
|upkeep
|turn|6
|
|t:|1779662357
|switch|p1a: Tyranitar|Tyranitar, F|62/100
|move|p2a: Dragapult|Draco Meteor|p1a: Tyranitar
|-damage|p1a: Tyranitar|30/100
|-unboost|p2a: Dragapult|spa|2
|
|-weather|none
|-heal|p1a: Tyranitar|36/100|[from] item: Leftovers
|-damage|p2a: Dragapult|51/100 brn|[from] brn
|upkeep
|turn|7
|
|t:|1779662363
|switch|p2a: Quaquaval|Quaquaval, F|64/100
|move|p1a: Tyranitar|Knock Off|p2a: Quaquaval
|-resisted|p2a: Quaquaval
|-damage|p2a: Quaquaval|49/100
|
|-heal|p1a: Tyranitar|43/100|[from] item: Leftovers
|upkeep
|turn|8
|
|t:|1779662368
|switch|p1a: Dragapult|Dragapult, M|100/100
|move|p2a: Quaquaval|Roost|p2a: Quaquaval
|-heal|p2a: Quaquaval|99/100
|-singleturn|p2a: Quaquaval|move: Roost
|
|upkeep
|turn|9
|
|t:|1779662380
|switch|p2a: Dragapult|Dragapult, M|51/100 brn
|move|p1a: Dragapult|Draco Meteor|p2a: Dragapult
|-supereffective|p2a: Dragapult
|-damage|p2a: Dragapult|0 fnt
|-unboost|p1a: Dragapult|spa|2
|faint|p2a: Dragapult
|-damage|p1a: Dragapult|91/100|[from] item: Life Orb
|
|upkeep
|
|t:|1779662394
|switch|p2a: Samurott|Samurott-Hisui, M|100/100
|turn|10
|
|t:|1779662398
|switch|p1a: Rotom|Rotom-Wash|72/100
|move|p2a: Samurott|Ceaseless Edge|p1a: Rotom
|-damage|p1a: Rotom|35/100
|-sidestart|p1: g3thyp|Spikes
|
|-heal|p1a: Rotom|41/100|[from] item: Leftovers
|upkeep
|turn|11
|
|t:|1779662406
|move|p2a: Samurott|Ceaseless Edge|p1a: Rotom
|-damage|p1a: Rotom|7/100
|-sidestart|p1: g3thyp|Spikes
|move|p1a: Rotom|Pain Split|p2a: Samurott
|-sethp|p2a: Samurott|53/100|[from] move: Pain Split|[silent]
|-sethp|p1a: Rotom|56/100|[from] move: Pain Split
|
|-heal|p1a: Rotom|63/100|[from] item: Leftovers
|upkeep
|turn|12
|
|t:|1779662414
|switch|p2a: Gholdengo|Gholdengo|100/100
|move|p1a: Rotom|Volt Switch|p2a: Gholdengo
|-damage|p2a: Gholdengo|79/100
|
|t:|1779662418
|switch|p1a: Cinderace|Cinderace, M|100/100|[from] Volt Switch
|
|-heal|p2a: Gholdengo|85/100|[from] item: Leftovers
|upkeep
|turn|13
|
|t:|1779662428
|switch|p2a: Quaquaval|Quaquaval, F|99/100
|move|p1a: Cinderace|Pyro Ball|p2a: Quaquaval
|-resisted|p2a: Quaquaval
|-damage|p2a: Quaquaval|72/100
|
|upkeep
|turn|14
|
|t:|1779662432
|move|p1a: Cinderace|Will-O-Wisp|p2a: Quaquaval
|-status|p2a: Quaquaval|brn
|move|p2a: Quaquaval|Aqua Step|p1a: Cinderace
|-supereffective|p1a: Cinderace
|-damage|p1a: Cinderace|54/100
|-boost|p2a: Quaquaval|spe|1
|
|-damage|p2a: Quaquaval|66/100 brn|[from] brn
|upkeep
|turn|15
|
|t:|1779662440
|move|p2a: Quaquaval|Close Combat|p1a: Cinderace
|-damage|p1a: Cinderace|20/100
|-unboost|p2a: Quaquaval|def|1
|-unboost|p2a: Quaquaval|spd|1
|move|p1a: Cinderace|Court Change|p1a: Cinderace
|-swapsideconditions
|-activate|p1a: Cinderace|move: Court Change
|
|-damage|p2a: Quaquaval|59/100 brn|[from] brn
|upkeep
|turn|16
|
|t:|1779662450
|switch|p1a: Rotom|Rotom-Wash|63/100
|move|p2a: Quaquaval|Aqua Step|p1a: Rotom
|-resisted|p1a: Rotom
|-damage|p1a: Rotom|56/100
|-boost|p2a: Quaquaval|spe|1
|
|-heal|p1a: Rotom|62/100|[from] item: Leftovers
|-damage|p2a: Quaquaval|53/100 brn|[from] brn
|upkeep
|turn|17
|
|t:|1779662453
|switch|p2a: Gholdengo|Gholdengo|85/100
|-damage|p2a: Gholdengo|69/100|[from] Spikes
|move|p1a: Rotom|Volt Switch|p2a: Gholdengo
|-damage|p2a: Gholdengo|47/100
|
|t:|1779662457
|switch|p1a: Dragapult|Dragapult, M|91/100|[from] Volt Switch
|
|-heal|p2a: Gholdengo|53/100|[from] item: Leftovers
|upkeep
|turn|18
|
|t:|1779662468
|-terastallize|p2a: Gholdengo|Fairy
|move|p1a: Dragapult|Shadow Ball|p2a: Gholdengo
|-damage|p2a: Gholdengo|14/100
|-damage|p1a: Dragapult|81/100|[from] item: Life Orb
|move|p2a: Gholdengo|Dazzling Gleam|p1a: Dragapult
|-supereffective|p1a: Dragapult
|-crit|p1a: Dragapult
|-damage|p1a: Dragapult|0 fnt
|faint|p1a: Dragapult
|
|-heal|p2a: Gholdengo|20/100|[from] item: Leftovers
|upkeep
|
|t:|1779662476
|switch|p1a: Cinderace|Cinderace, M|20/100
|turn|19
|
|t:|1779662485
|switch|p2a: Quaquaval|Quaquaval, F|53/100 brn
|-damage|p2a: Quaquaval|37/100 brn|[from] Spikes
|move|p1a: Cinderace|Pyro Ball|p2a: Quaquaval
|-resisted|p2a: Quaquaval
|-damage|p2a: Quaquaval|0 fnt
|faint|p2a: Quaquaval
|
|upkeep
|
|t:|1779662492
|switch|p2a: Scizor|Scizor, F|100/100
|-damage|p2a: Scizor|84/100|[from] Spikes
|turn|20
|
|t:|1779662498
|move|p1a: Cinderace|Pyro Ball|p2a: Scizor
|-supereffective|p2a: Scizor
|-crit|p2a: Scizor
|-damage|p2a: Scizor|0 fnt
|faint|p2a: Scizor
|
|upkeep
|-message|Sandysuit forfeited.
|
|win|g3thyp
|raw|g3thyp's rating: 1482 &rarr; <strong>1500</strong><br />(+18 for winning)
|raw|Sandysuit's rating: 1443 &rarr; <strong>1425</strong><br />(-18 for losing)
|l|☆Sandysuit
|player|p2|
|l|☆g3thyp
|player|p1|
