|inactive|Battle timer is ON: inactive players will automatically lose when time's up.
|t:|1779567149
|gametype|singles
|player|p1|Huarguensy|#wcop2026peru2|
|player|p2|Light DN|#adpl8|
|gen|9
|tier|[Gen 9] OU
|rule|HP Percentage Mod: HP is shown in percentages
|rule|Endless Battle Clause: Forcing endless battles is banned
|rule|Species Clause: Limit one of each Pokémon
|rule|OHKO Clause: OHKO moves are banned
|rule|Evasion Items Clause: Evasion items are banned
|rule|Evasion Moves Clause: Evasion moves are banned
|rule|Evasion Abilities Clause: Evasion abilities are banned
|rule|Sleep Moves Clause: Sleep-inducing moves are banned
|clearpoke
|poke|p1|Garganacl, M|
|poke|p1|Landorus-Therian, M|
|poke|p1|Weezing-Galar, M|
|poke|p1|Dragapult, M|
|poke|p1|Hoopa-Unbound|
|poke|p1|Scizor, M|
|poke|p2|Moltres-Galar|
|poke|p2|Gholdengo|
|poke|p2|Iron Valiant|
|poke|p2|Primarina, F|
|poke|p2|Iron Treads|
|poke|p2|Zamazenta-*|
|teampreview
|c|☆Light DN|hf
|c|☆Huarguensy|hf
|inactive|Huarguensy has 270 seconds left.
|inactive|Light DN has 270 seconds left.
|inactive|Huarguensy has 240 seconds left.
|
|t:|1779567218
|teamsize|p1|6
|teamsize|p2|6
|start
|switch|p1a: Dragapult|Dragapult, M, shiny|100/100
|switch|p2a: Primarina|Primarina, F|100/100
|turn|1
|
|t:|1779567226
|move|p1a: Dragapult|U-turn|p2a: Primarina
|-resisted|p2a: Primarina
|-damage|p2a: Primarina|89/100
|
|t:|1779567235
|switch|p1a: Scizor|Scizor, M|100/100|[from] U-turn
|move|p2a: Primarina|Surf|p1a: Scizor
|-damage|p1a: Scizor|28/100
|
|upkeep
|turn|2
|
|t:|1779567241
|move|p1a: Scizor|Bullet Punch|p2a: Primarina
|-damage|p2a: Primarina|15/100
|move|p2a: Primarina|Surf|p1a: Scizor
|-crit|p1a: Scizor
|-damage|p1a: Scizor|0 fnt
|faint|p1a: Scizor
|
|upkeep
|
|t:|1779567243
|switch|p1a: Dragapult|Dragapult, M, shiny|100/100
|turn|3
|
|t:|1779567246
|move|p1a: Dragapult|Shadow Ball|p2a: Primarina
|-crit|p2a: Primarina
|-damage|p2a: Primarina|0 fnt
|faint|p2a: Primarina
|
|upkeep
|
|t:|1779567251
|switch|p2a: Moltres|Moltres-Galar|100/100
|turn|4
|
|t:|1779567255
|switch|p1a: Garganacl|Garganacl, M, shiny|100/100
|move|p2a: Moltres|Nasty Plot|p2a: Moltres
|-boost|p2a: Moltres|spa|2
|
|upkeep
|turn|5
|
|t:|1779567265
|-terastallize|p2a: Moltres|Ground
|move|p2a: Moltres|Agility|p2a: Moltres
|-boost|p2a: Moltres|spe|2
|move|p1a: Garganacl|Salt Cure|p2a: Moltres
|-resisted|p2a: Moltres
|-damage|p2a: Moltres|92/100
|-start|p2a: Moltres|Salt Cure
|
|-damage|p2a: Moltres|80/100|[from] Salt Cure
|upkeep
|turn|6
|
|t:|1779567272
|move|p1a: Garganacl|Protect|p1a: Garganacl
|-singleturn|p1a: Garganacl|Protect
|move|p2a: Moltres|Nasty Plot|p2a: Moltres
|-boost|p2a: Moltres|spa|2
|
|-damage|p2a: Moltres|67/100|[from] Salt Cure
|upkeep
|turn|7
|
|t:|1779567274
|move|p2a: Moltres|Fiery Wrath|p1a: Garganacl
|-damage|p1a: Garganacl|9/100
|move|p1a: Garganacl|Stealth Rock|p2a: Moltres
|-sidestart|p2: Light DN|move: Stealth Rock
|
|-heal|p1a: Garganacl|15/100|[from] item: Leftovers
|-damage|p2a: Moltres|55/100|[from] Salt Cure
|upkeep
|turn|8
|
|t:|1779567276
|move|p1a: Garganacl|Protect|p1a: Garganacl
|-singleturn|p1a: Garganacl|Protect
|move|p2a: Moltres|Fiery Wrath|p1a: Garganacl
|-activate|p1a: Garganacl|move: Protect
|
|-heal|p1a: Garganacl|21/100|[from] item: Leftovers
|-damage|p2a: Moltres|43/100|[from] Salt Cure
|upkeep
|-enditem|p2a: Moltres|Sitrus Berry|[eat]
|-heal|p2a: Moltres|67/100|[from] item: Sitrus Berry
|turn|9
|
|t:|1779567282
|move|p1a: Garganacl|Protect||[still]
|-fail|p1a: Garganacl
|move|p2a: Moltres|Fiery Wrath|p1a: Garganacl
|-damage|p1a: Garganacl|0 fnt
|faint|p1a: Garganacl
|
|-damage|p2a: Moltres|55/100|[from] Salt Cure
|upkeep
|
|t:|1779567284
|switch|p1a: Hoopa|Hoopa-Unbound|100/100
|turn|10
|
|t:|1779567293
|-terastallize|p1a: Hoopa|Fighting
|move|p2a: Moltres|Hurricane|p1a: Hoopa
|-supereffective|p1a: Hoopa
|-damage|p1a: Hoopa|0 fnt
|faint|p1a: Hoopa
|
|-damage|p2a: Moltres|43/100|[from] Salt Cure
|upkeep
|
|t:|1779567297
|switch|p1a: Landorus|Landorus-Therian, M, shiny|100/100
|-ability|p1a: Landorus|Intimidate|boost
|-unboost|p2a: Moltres|atk|1
|turn|11
|
|t:|1779567300
|move|p2a: Moltres|Fiery Wrath|p1a: Landorus
|-damage|p1a: Landorus|0 fnt
|faint|p1a: Landorus
|
|-damage|p2a: Moltres|30/100|[from] Salt Cure
|upkeep
|-message|Huarguensy forfeited.
|
|win|Light DN
