|j|☆whisperingcloth
|j|☆fivetomatoes
|t:|1779673182
|gametype|singles
|player|p1|whisperingcloth|169|1683
|player|p2|fivetomatoes|169|1642
|gen|9
|tier|[Gen 9] OU
|rated|
|rule|HP Percentage Mod: HP is shown in percentages
|rule|Endless Battle Clause: Forcing endless battles is banned
|rule|Species Clause: Limit one of each Pokémon
|rule|OHKO Clause: OHKO moves are banned
|rule|Evasion Items Clause: Evasion items are banned
|rule|Evasion Moves Clause: Evasion moves are banned
|rule|Evasion Abilities Clause: Evasion abilities are banned
|rule|Sleep Moves Clause: Sleep-inducing moves are banned
|clearpoke
|poke|p1|Scizor, F|
|poke|p1|Deoxys-Speed|
|poke|p1|Garganacl, M|
|poke|p1|Kyurem|
|poke|p1|Great Tusk|
|poke|p1|Zapdos|
|poke|p2|Rotom-Wash|
|poke|p2|Rillaboom, M|
|poke|p2|Glimmora, F|
|poke|p2|Garganacl, M|
|poke|p2|Dragapult, F|
|poke|p2|Gholdengo|
|teampreview
|inactive|Battle timer is ON: inactive players will automatically lose when time's up. (requested by fivetomatoes)
|inactive|whisperingcloth also wants the timer to be on.
|
|t:|1779673207
|teamsize|p1|6
|teamsize|p2|6
|start
|switch|p1a: Kyurem|Kyurem|100/100
|switch|p2a: Rillaboom|Rillaboom, M|100/100
|-ability|p1a: Kyurem|Pressure
|-fieldstart|move: Grassy Terrain|[from] ability: Grassy Surge|[of] p2a: Rillaboom
|turn|1
|
|t:|1779673213
|switch|p2a: Gholdengo|Gholdengo|100/100
|move|p1a: Kyurem|Freeze-Dry|p2a: Gholdengo
|-resisted|p2a: Gholdengo
|-damage|p2a: Gholdengo|78/100
|
|-heal|p2a: Gholdengo|84/100|[from] Grassy Terrain
|upkeep
|turn|2
|
|t:|1779673219
|switch|p1a: Zapdos|Zapdos|100/100
|move|p2a: Gholdengo|Make It Rain|p1a: Zapdos
|-resisted|p1a: Zapdos
|-damage|p1a: Zapdos|70/100
|-unboost|p2a: Gholdengo|spa|1
|
|-heal|p2a: Gholdengo|90/100|[from] Grassy Terrain
|upkeep
|turn|3
|
|t:|1779673224
|switch|p2a: Garganacl|Garganacl, M|100/100
|move|p1a: Zapdos|Volt Switch|p2a: Garganacl
|-damage|p2a: Garganacl|74/100
|
|t:|1779673228
|switch|p1a: Scizor|Scizor, F|100/100|[from] Volt Switch
|
|-heal|p2a: Garganacl|80/100|[from] Grassy Terrain
|-heal|p2a: Garganacl|86/100|[from] item: Leftovers
|upkeep
|turn|4
|
|t:|1779673231
|move|p2a: Garganacl|Protect|p2a: Garganacl
|-singleturn|p2a: Garganacl|Protect
|move|p1a: Scizor|Knock Off|p2a: Garganacl
|-activate|p2a: Garganacl|move: Protect
|
|-heal|p2a: Garganacl|92/100|[from] Grassy Terrain
|-heal|p2a: Garganacl|99/100|[from] item: Leftovers
|upkeep
|turn|5
|
|t:|1779673237
|move|p1a: Scizor|Knock Off|p2a: Garganacl
|-damage|p2a: Garganacl|69/100
|-enditem|p2a: Garganacl|Leftovers|[from] move: Knock Off|[of] p1a: Scizor
|move|p2a: Garganacl|Salt Cure|p1a: Scizor
|-damage|p1a: Scizor|83/100
|-start|p1a: Scizor|Salt Cure
|
|-heal|p1a: Scizor|89/100|[from] Grassy Terrain
|-heal|p2a: Garganacl|75/100|[from] Grassy Terrain
|-damage|p1a: Scizor|65/100|[from] Salt Cure
|-fieldend|move: Grassy Terrain
|upkeep
|turn|6
|
|t:|1779673250
|switch|p1a: Great Tusk|Great Tusk|100/100
|move|p2a: Garganacl|Salt Cure|p1a: Great Tusk
|-resisted|p1a: Great Tusk
|-damage|p1a: Great Tusk|98/100
|-start|p1a: Great Tusk|Salt Cure
|
|-damage|p1a: Great Tusk|85/100|[from] Salt Cure
|upkeep
|turn|7
|
|t:|1779673256
|switch|p2a: Rotom|Rotom-Wash|100/100
|move|p1a: Great Tusk|Headlong Rush|p2a: Rotom
|-immune|p2a: Rotom|[from] ability: Levitate
|
|-damage|p1a: Great Tusk|73/100|[from] Salt Cure
|upkeep
|turn|8
|
|t:|1779673260
|-end|p1a: Great Tusk|Protosynthesis|[silent]
|switch|p1a: Kyurem|Kyurem|100/100
|-ability|p1a: Kyurem|Pressure
|move|p2a: Rotom|Hydro Pump|p1a: Kyurem
|-resisted|p1a: Kyurem
|-damage|p1a: Kyurem|77/100
|
|upkeep
|turn|9
|
|t:|1779673273
|switch|p2a: Gholdengo|Gholdengo|90/100
|move|p1a: Kyurem|Dragon Dance|p1a: Kyurem
|-boost|p1a: Kyurem|atk|1
|-boost|p1a: Kyurem|spe|1
|
|upkeep
|turn|10
|
|t:|1779673281
|move|p1a: Kyurem|Earth Power|p2a: Gholdengo
|-supereffective|p2a: Gholdengo
|-damage|p2a: Gholdengo|22/100
|move|p2a: Gholdengo|Make It Rain|p1a: Kyurem
|-supereffective|p1a: Kyurem
|-damage|p1a: Kyurem|0 fnt
|-unboost|p2a: Gholdengo|spa|1
|faint|p1a: Kyurem
|
|upkeep
|
|t:|1779673289
|switch|p1a: Scizor|Scizor, F|65/100
|turn|11
|
|t:|1779673303
|switch|p2a: Glimmora|Glimmora, F|100/100
|move|p1a: Scizor|U-turn|p2a: Glimmora
|-resisted|p2a: Glimmora
|-damage|p2a: Glimmora|77/100
|-activate|p2a: Glimmora|ability: Toxic Debris
|-sidestart|p1: whisperingcloth|move: Toxic Spikes
|
|t:|1779673307
|switch|p1a: Great Tusk|Great Tusk|73/100|[from] U-turn
|
|upkeep
|turn|12
|
|t:|1779673310
|move|p2a: Glimmora|Spiky Shield|p2a: Glimmora
|-singleturn|p2a: Glimmora|move: Protect
|move|p1a: Great Tusk|Rapid Spin|p2a: Glimmora
|-activate|p2a: Glimmora|move: Protect
|-damage|p1a: Great Tusk|61/100|[from] Spiky Shield|[of] p2a: Glimmora
|
|upkeep
|turn|13
|
|t:|1779673315
|switch|p2a: Rotom|Rotom-Wash|100/100
|move|p1a: Great Tusk|Knock Off|p2a: Rotom
|-damage|p2a: Rotom|51/100
|-enditem|p2a: Rotom|Choice Scarf|[from] move: Knock Off|[of] p1a: Great Tusk
|
|upkeep
|turn|14
|
|t:|1779673324
|-end|p1a: Great Tusk|Protosynthesis|[silent]
|switch|p1a: Zapdos|Zapdos|70/100
|move|p2a: Rotom|Hydro Pump|p1a: Zapdos
|-damage|p1a: Zapdos|20/100
|
|upkeep
|turn|15
|
|t:|1779673329
|move|p2a: Rotom|Volt Switch|p1a: Zapdos
|-damage|p1a: Zapdos|0 fnt
|faint|p1a: Zapdos
|
|t:|1779673341
|switch|p2a: Gholdengo|Gholdengo|22/100|[from] Volt Switch
|
|upkeep
|
|t:|1779673364
|switch|p1a: Scizor|Scizor, F|65/100
|turn|16
|
|t:|1779673374
|move|p1a: Scizor|Bullet Punch|p2a: Gholdengo
|-resisted|p2a: Gholdengo
|-damage|p2a: Gholdengo|0 fnt
|faint|p2a: Gholdengo
|
|upkeep
|
|t:|1779673378
|switch|p2a: Rotom|Rotom-Wash|51/100
|turn|17
|
|t:|1779673383
|switch|p1a: Garganacl|Garganacl, M|100/100
|move|p2a: Rotom|Hydro Pump|p1a: Garganacl
|-supereffective|p1a: Garganacl
|-damage|p1a: Garganacl|28/100
|
|-heal|p1a: Garganacl|34/100|[from] item: Leftovers
|upkeep
|turn|18
|
|t:|1779673389
|move|p1a: Garganacl|Protect|p1a: Garganacl
|-singleturn|p1a: Garganacl|Protect
|move|p2a: Rotom|Hydro Pump|p1a: Garganacl
|-activate|p1a: Garganacl|move: Protect
|
|-heal|p1a: Garganacl|40/100|[from] item: Leftovers
|upkeep
|turn|19
|
|t:|1779673392
|-terastallize|p1a: Garganacl|Water
|move|p2a: Rotom|Hydro Pump|p1a: Garganacl
|-resisted|p1a: Garganacl
|-damage|p1a: Garganacl|22/100
|move|p1a: Garganacl|Recover|p1a: Garganacl
|-heal|p1a: Garganacl|72/100
|
|-heal|p1a: Garganacl|78/100|[from] item: Leftovers
|upkeep
|turn|20
|
|t:|1779673394
|move|p1a: Garganacl|Protect|p1a: Garganacl
|-singleturn|p1a: Garganacl|Protect
|move|p2a: Rotom|Volt Switch|p1a: Garganacl
|-activate|p1a: Garganacl|move: Protect
|
|-heal|p1a: Garganacl|85/100|[from] item: Leftovers
|upkeep
|turn|21
|
|t:|1779673403
|move|p2a: Rotom|Volt Switch|p1a: Garganacl
|-supereffective|p1a: Garganacl
|-damage|p1a: Garganacl|39/100
|
|t:|1779673404
|switch|p2a: Garganacl|Garganacl, M|75/100|[from] Volt Switch
|move|p1a: Garganacl|Recover|p1a: Garganacl
|-heal|p1a: Garganacl|89/100
|
|-heal|p1a: Garganacl|95/100|[from] item: Leftovers
|upkeep
|turn|22
|
|t:|1779673409
|move|p1a: Garganacl|Salt Cure|p2a: Garganacl
|-damage|p2a: Garganacl|68/100
|-start|p2a: Garganacl|Salt Cure
|move|p2a: Garganacl|Salt Cure|p1a: Garganacl
|-damage|p1a: Garganacl|86/100
|-start|p1a: Garganacl|Salt Cure
|
|-heal|p1a: Garganacl|92/100|[from] item: Leftovers
|-damage|p1a: Garganacl|67/100|[from] Salt Cure
|-damage|p2a: Garganacl|55/100|[from] Salt Cure
|upkeep
|turn|23
|
|t:|1779673411
|switch|p1a: Great Tusk|Great Tusk|61/100
|move|p2a: Garganacl|Salt Cure|p1a: Great Tusk
|-resisted|p1a: Great Tusk
|-damage|p1a: Great Tusk|58/100
|-start|p1a: Great Tusk|Salt Cure
|
|-damage|p1a: Great Tusk|46/100|[from] Salt Cure
|-damage|p2a: Garganacl|43/100|[from] Salt Cure
|upkeep
|turn|24
|
|t:|1779673421
|switch|p2a: Dragapult|Dragapult, F|100/100
|move|p1a: Great Tusk|Headlong Rush|p2a: Dragapult
|-damage|p2a: Dragapult|23/100
|-unboost|p1a: Great Tusk|def|1
|-unboost|p1a: Great Tusk|spd|1
|
|-heal|p2a: Dragapult|29/100|[from] item: Leftovers
|-damage|p1a: Great Tusk|33/100|[from] Salt Cure
|upkeep
|turn|25
|
|t:|1779673427
|move|p2a: Dragapult|Dragon Darts|p1a: Great Tusk
|-damage|p1a: Great Tusk|10/100
|-anim|p2a: Dragapult|Dragon Darts|p1a: Great Tusk
|-damage|p1a: Great Tusk|0 fnt
|faint|p1a: Great Tusk
|-end|p1a: Great Tusk|Protosynthesis|[silent]
|
|-heal|p2a: Dragapult|35/100|[from] item: Leftovers
|upkeep
|
|t:|1779673429
|switch|p1a: Scizor|Scizor, F|65/100
|turn|26
|j| DenseColor
|
|t:|1779673433
|switch|p2a: Rotom|Rotom-Wash|51/100
|move|p1a: Scizor|Bullet Punch|p2a: Rotom
|-resisted|p2a: Rotom
|-damage|p2a: Rotom|34/100
|
|upkeep
|turn|27
|
|t:|1779673440
|switch|p1a: Garganacl|Garganacl, M, tera:Water|67/100
|move|p2a: Rotom|Volt Switch|p1a: Garganacl
|-supereffective|p1a: Garganacl
|-damage|p1a: Garganacl|24/100
|
|t:|1779673445
|switch|p2a: Rillaboom|Rillaboom, M|100/100|[from] Volt Switch
|-fieldstart|move: Grassy Terrain|[from] ability: Grassy Surge|[of] p2a: Rillaboom
|
|-heal|p1a: Garganacl|30/100|[from] Grassy Terrain
|-heal|p1a: Garganacl|36/100|[from] item: Leftovers
|upkeep
|turn|28
|
|t:|1779673450
|move|p2a: Rillaboom|Wood Hammer|p1a: Garganacl
|-supereffective|p1a: Garganacl
|-damage|p1a: Garganacl|0 fnt
|faint|p1a: Garganacl
|-damage|p2a: Rillaboom|86/100|[from] Recoil
|-damage|p2a: Rillaboom|76/100|[from] item: Life Orb
|
|-heal|p2a: Rillaboom|83/100|[from] Grassy Terrain
|upkeep
|
|t:|1779673452
|switch|p1a: Scizor|Scizor, F|65/100
|turn|29
|
|t:|1779673458
|move|p1a: Scizor|U-turn|p2a: Rillaboom
|-supereffective|p2a: Rillaboom
|-damage|p2a: Rillaboom|0 fnt
|faint|p2a: Rillaboom
|
|t:|1779673460
|switch|p1a: Deoxys|Deoxys-Speed|100/100|[from] U-turn
|-status|p1a: Deoxys|psn
|-ability|p1a: Deoxys|Pressure
|
|-damage|p1a: Deoxys|88/100 psn|[from] psn
|upkeep
|
|t:|1779673473
|switch|p2a: Garganacl|Garganacl, M|43/100
|turn|30
|
|t:|1779673478
|move|p2a: Garganacl|Protect|p2a: Garganacl
|-singleturn|p2a: Garganacl|Protect
|move|p1a: Deoxys|Psycho Boost|p2a: Garganacl
|-activate|p2a: Garganacl|move: Protect
|
|-heal|p1a: Deoxys|94/100 psn|[from] Grassy Terrain
|-heal|p2a: Garganacl|49/100|[from] Grassy Terrain
|-damage|p1a: Deoxys|82/100 psn|[from] psn
|upkeep
|turn|31
|
|t:|1779673482
|-terastallize|p2a: Garganacl|Dark
|move|p1a: Deoxys|Superpower|p2a: Garganacl
|-supereffective|p2a: Garganacl
|-damage|p2a: Garganacl|14/100
|-unboost|p1a: Deoxys|atk|1
|-unboost|p1a: Deoxys|def|1
|-enditem|p1a: Deoxys|Eject Pack
|
|t:|1779673486
|switch|p1a: Scizor|Scizor, F|65/100
|move|p2a: Garganacl|Recover|p2a: Garganacl
|-heal|p2a: Garganacl|64/100
|
|-heal|p1a: Scizor|71/100|[from] Grassy Terrain
|-heal|p2a: Garganacl|70/100|[from] Grassy Terrain
|-fieldend|move: Grassy Terrain
|upkeep
|turn|32
|
|t:|1779673489
|move|p2a: Garganacl|Protect|p2a: Garganacl
|-singleturn|p2a: Garganacl|Protect
|move|p1a: Scizor|U-turn|p2a: Garganacl
|-activate|p2a: Garganacl|move: Protect
|
|upkeep
|turn|33
|
|t:|1779673491
|switch|p2a: Glimmora|Glimmora, F|77/100
|move|p1a: Scizor|U-turn|p2a: Glimmora
|-resisted|p2a: Glimmora
|-damage|p2a: Glimmora|56/100
|-activate|p2a: Glimmora|ability: Toxic Debris
|-sidestart|p1: whisperingcloth|move: Toxic Spikes
|
|t:|1779673493
|switch|p1a: Deoxys|Deoxys-Speed|82/100 psn|[from] U-turn
|-ability|p1a: Deoxys|Pressure
|
|-damage|p1a: Deoxys|69/100 psn|[from] psn
|upkeep
|turn|34
|
|t:|1779673499
|switch|p1a: Scizor|Scizor, F|71/100
|move|p2a: Glimmora|Spiky Shield||[still]
|-fail|p2a: Glimmora
|
|upkeep
|turn|35
|
|t:|1779673501
|move|p2a: Glimmora|Spiky Shield|p2a: Glimmora
|-singleturn|p2a: Glimmora|move: Protect
|move|p1a: Scizor|Bullet Punch|p2a: Glimmora
|-activate|p2a: Glimmora|move: Protect
|-damage|p1a: Scizor|58/100|[from] Spiky Shield|[of] p2a: Glimmora
|
|upkeep
|turn|36
|
|t:|1779673506
|switch|p2a: Rotom|Rotom-Wash|34/100
|move|p1a: Scizor|Bullet Punch|p2a: Rotom
|-resisted|p2a: Rotom
|-damage|p2a: Rotom|16/100
|
|upkeep
|turn|37
|
|t:|1779673511
|move|p1a: Scizor|Bullet Punch|p2a: Rotom
|-resisted|p2a: Rotom
|-damage|p2a: Rotom|0 fnt
|faint|p2a: Rotom
|
|upkeep
|
|t:|1779673514
|switch|p2a: Garganacl|Garganacl, M, tera:Dark|70/100
|turn|38
|
|t:|1779673520
|move|p1a: Scizor|Bullet Punch|p2a: Garganacl
|-damage|p2a: Garganacl|46/100
|move|p2a: Garganacl|Curse|p2a: Garganacl
|-unboost|p2a: Garganacl|spe|1
|-boost|p2a: Garganacl|atk|1
|-boost|p2a: Garganacl|def|1
|
|upkeep
|turn|39
|l| DenseColor
|
|t:|1779673523
|switch|p1a: Deoxys|Deoxys-Speed|69/100 psn
|-ability|p1a: Deoxys|Pressure
|move|p2a: Garganacl|Recover|p2a: Garganacl
|-heal|p2a: Garganacl|96/100
|
|-damage|p1a: Deoxys|57/100 psn|[from] psn
|upkeep
|turn|40
|
|t:|1779673525
|move|p2a: Garganacl|Protect|p2a: Garganacl
|-singleturn|p2a: Garganacl|Protect
|move|p1a: Deoxys|Superpower|p2a: Garganacl
|-activate|p2a: Garganacl|move: Protect
|
|-damage|p1a: Deoxys|44/100 psn|[from] psn
|upkeep
|turn|41
|
|t:|1779673529
|move|p1a: Deoxys|Superpower|p2a: Garganacl
|-supereffective|p2a: Garganacl
|-damage|p2a: Garganacl|72/100
|-unboost|p1a: Deoxys|atk|1
|-unboost|p1a: Deoxys|def|1
|move|p2a: Garganacl|Curse|p2a: Garganacl
|-unboost|p2a: Garganacl|spe|1
|-boost|p2a: Garganacl|atk|1
|-boost|p2a: Garganacl|def|1
|
|-damage|p1a: Deoxys|32/100 psn|[from] psn
|upkeep
|turn|42
|
|t:|1779673533
|move|p2a: Garganacl|Protect|p2a: Garganacl
|-singleturn|p2a: Garganacl|Protect
|move|p1a: Deoxys|Ice Beam|p2a: Garganacl
|-activate|p2a: Garganacl|move: Protect
|
|-damage|p1a: Deoxys|20/100 psn|[from] psn
|upkeep
|turn|43
|
|t:|1779673536
|move|p1a: Deoxys|Ice Beam|p2a: Garganacl
|-damage|p2a: Garganacl|48/100
|move|p2a: Garganacl|Recover|p2a: Garganacl
|-heal|p2a: Garganacl|98/100
|
|-damage|p1a: Deoxys|7/100 psn|[from] psn
|upkeep
|turn|44
|
|t:|1779673538
|move|p2a: Garganacl|Protect|p2a: Garganacl
|-singleturn|p2a: Garganacl|Protect
|move|p1a: Deoxys|Ice Beam|p2a: Garganacl
|-activate|p2a: Garganacl|move: Protect
|
|-damage|p1a: Deoxys|0 fnt|[from] psn
|faint|p1a: Deoxys
|upkeep
|
|t:|1779673540
|switch|p1a: Scizor|Scizor, F|58/100
|turn|45
|
|t:|1779673549
|move|p1a: Scizor|Bullet Punch|p2a: Garganacl
|-damage|p2a: Garganacl|85/100
|move|p2a: Garganacl|Salt Cure|p1a: Scizor
|-damage|p1a: Scizor|25/100
|-start|p1a: Scizor|Salt Cure
|
|-damage|p1a: Scizor|0 fnt|[from] Salt Cure
|faint|p1a: Scizor
|
|win|fivetomatoes
|raw|whisperingcloth's rating: 1683 &rarr; <strong>1661</strong><br />(-22 for losing)
|raw|fivetomatoes's rating: 1642 &rarr; <strong>1664</strong><br />(+22 for winning)
|c|☆whisperingcloth|gg
|l|☆fivetomatoes
|player|p2|
