|j|☆KenjiShiguma
|j|☆demre
|t:|1779628533
|gametype|singles
|player|p1|KenjiShiguma|pokemonbreeder-gen4|1150
|player|p2|demre|rocketgrunt|1124
|gen|9
|tier|[Gen 9] OU
|rated|
|rule|HP Percentage Mod: HP is shown in percentages
|rule|Endless Battle Clause: Forcing endless battles is banned
|rule|Species Clause: Limit one of each Pokémon
|rule|OHKO Clause: OHKO moves are banned
|rule|Evasion Items Clause: Evasion items are banned
|rule|Evasion Moves Clause: Evasion moves are banned
|rule|Evasion Abilities Clause: Evasion abilities are banned
|rule|Sleep Moves Clause: Sleep-inducing moves are banned
|clearpoke
|poke|p1|Drednaw, M|
|poke|p1|Golem, M|
|poke|p1|Snorlax, M|
|poke|p1|Clefable, M|
|poke|p1|Oricorio-Sensu, F|
|poke|p1|Infernape, M|
|poke|p2|Iron Moth|
|poke|p2|Iron Valiant|
|poke|p2|Raging Bolt|
|poke|p2|Corviknight, F|
|poke|p2|Kingambit, M|
|poke|p2|Ursaluna, F|
|teampreview
|
|t:|1779628537
|teamsize|p1|6
|teamsize|p2|6
|start
|switch|p1a: Infernape|Infernape, M|100/100
|switch|p2a: Ursaluna|Ursaluna, F|100/100
|turn|1
|
|t:|1779628551
|switch|p1a: Oricorio|Oricorio-Sensu, F|100/100
|move|p2a: Ursaluna|Headlong Rush|p1a: Oricorio
|-immune|p1a: Oricorio
|
|-status|p2a: Ursaluna|brn|[from] item: Flame Orb
|upkeep
|turn|2
|
|t:|1779628562
|-terastallize|p2a: Ursaluna|Normal
|move|p1a: Oricorio|Quiver Dance|p1a: Oricorio
|-boost|p1a: Oricorio|spa|1
|-boost|p1a: Oricorio|spd|1
|-boost|p1a: Oricorio|spe|1
|move|p2a: Ursaluna|Crunch|p1a: Oricorio
|-supereffective|p1a: Oricorio
|-damage|p1a: Oricorio|0 fnt
|faint|p1a: Oricorio
|
|-damage|p2a: Ursaluna|94/100 brn|[from] brn
|upkeep
|
|t:|1779628577
|switch|p1a: Snorlax|Snorlax, M|100/100
|turn|3
|
|t:|1779628583
|-terastallize|p1a: Snorlax|Ghost
|move|p2a: Ursaluna|Facade|p1a: Snorlax
|-immune|p1a: Snorlax
|move|p1a: Snorlax|Encore|p2a: Ursaluna
|-start|p2a: Ursaluna|Encore
|
|-damage|p2a: Ursaluna|88/100 brn|[from] brn
|upkeep
|turn|4
|
|t:|1779628593
|switch|p2a: Corviknight|Corviknight, F|100/100
|move|p1a: Snorlax|Block|p2a: Corviknight
|-activate|p2a: Corviknight|trapped
|
|upkeep
|turn|5
|
|t:|1779628603
|move|p2a: Corviknight|Light Screen|p2a: Corviknight
|-sidestart|p2: demre|move: Light Screen
|move|p1a: Snorlax|Encore|p2a: Corviknight
|-start|p2a: Corviknight|Encore
|
|upkeep
|turn|6
|
|t:|1779628614
|move|p2a: Corviknight|Light Screen||[still]
|-fail|p2a: Corviknight
|move|p1a: Snorlax|Earthquake|p2a: Corviknight
|-immune|p2a: Corviknight
|
|upkeep
|turn|7
|
|t:|1779628621
|move|p2a: Corviknight|Light Screen||[still]
|-fail|p2a: Corviknight
|move|p1a: Snorlax|Earthquake|p2a: Corviknight
|-immune|p2a: Corviknight
|
|upkeep
|turn|8
|
|t:|1779628630
|move|p2a: Corviknight|Light Screen||[still]
|-fail|p2a: Corviknight
|move|p1a: Snorlax|Block||[still]
|-fail|p1a: Snorlax
|
|-end|p2a: Corviknight|Encore
|upkeep
|turn|9
|
|t:|1779628643
|move|p2a: Corviknight|Light Screen||[still]
|-fail|p2a: Corviknight
|move|p1a: Snorlax|Encore|p2a: Corviknight
|-start|p2a: Corviknight|Encore
|
|-sideend|p2: demre|move: Light Screen
|upkeep
|turn|10
|
|t:|1779628652
|move|p2a: Corviknight|Light Screen|p2a: Corviknight
|-sidestart|p2: demre|move: Light Screen
|move|p1a: Snorlax|Last Resort|p2a: Corviknight
|-resisted|p2a: Corviknight
|-damage|p2a: Corviknight|85/100
|
|-heal|p2a: Corviknight|91/100|[from] item: Leftovers
|upkeep
|turn|11
|
|t:|1779628660
|switch|p1a: Infernape|Infernape, M|100/100
|move|p2a: Corviknight|Light Screen||[still]
|-fail|p2a: Corviknight
|
|-heal|p2a: Corviknight|97/100|[from] item: Leftovers
|upkeep
|turn|12
|
|t:|1779628668
|move|p1a: Infernape|Switcheroo|p2a: Corviknight
|-activate|p1a: Infernape|move: Trick|[of] p2a: Corviknight
|-item|p2a: Corviknight|Choice Scarf|[from] move: Switcheroo
|-item|p1a: Infernape|Leftovers|[from] move: Switcheroo
|move|p2a: Corviknight|Light Screen||[still]
|-fail|p2a: Corviknight
|
|-end|p2a: Corviknight|Encore
|upkeep
|turn|13
|
|t:|1779628676
|-singleturn|p1a: Infernape|move: Focus Punch
|move|p2a: Corviknight|Light Screen||[still]
|-fail|p2a: Corviknight
|move|p1a: Infernape|Focus Punch|p2a: Corviknight
|-damage|p2a: Corviknight|46/100
|
|upkeep
|turn|14
|
|t:|1779628684
|-singleturn|p1a: Infernape|move: Focus Punch
|move|p2a: Corviknight|Light Screen||[still]
|-fail|p2a: Corviknight
|move|p1a: Infernape|Focus Punch|p2a: Corviknight
|-damage|p2a: Corviknight|0 fnt
|faint|p2a: Corviknight
|
|-sideend|p2: demre|move: Light Screen
|upkeep
|
|t:|1779628694
|switch|p2a: Ursaluna|Ursaluna, F, tera:Normal|88/100 brn
|turn|15
|
|t:|1779628698
|switch|p1a: Golem|Golem, M|100/100
|move|p2a: Ursaluna|Headlong Rush|p1a: Golem
|-supereffective|p1a: Golem
|-ability|p1a: Golem|Sturdy
|-damage|p1a: Golem|1/100
|-unboost|p2a: Ursaluna|def|1
|-unboost|p2a: Ursaluna|spd|1
|
|-damage|p2a: Ursaluna|82/100 brn|[from] brn
|upkeep
|turn|16
|-enditem|p1a: Golem|Custap Berry|[eat]
|-activate|p1a: Golem|item: Custap Berry|[consumed]
|
|t:|1779628714
|move|p1a: Golem|Explosion|p2a: Ursaluna
|-damage|p2a: Ursaluna|0 fnt
|faint|p1a: Golem
|faint|p2a: Ursaluna
|
|upkeep
|
|t:|1779628725
|switch|p2a: Raging Bolt|Raging Bolt|100/100
|switch|p1a: Snorlax|Snorlax, M, tera:Ghost|100/100
|-enditem|p2a: Raging Bolt|Booster Energy
|-activate|p2a: Raging Bolt|ability: Protosynthesis|[fromitem]
|-start|p2a: Raging Bolt|protosynthesisspa
|turn|17
|
|t:|1779628736
|move|p2a: Raging Bolt|Thunderbolt|p1a: Snorlax
|-damage|p1a: Snorlax|71/100
|move|p1a: Snorlax|Block|p2a: Raging Bolt
|-activate|p2a: Raging Bolt|trapped
|
|upkeep
|turn|18
|
|t:|1779628746
|move|p2a: Raging Bolt|Thunderbolt|p1a: Snorlax
|-damage|p1a: Snorlax|40/100
|-enditem|p1a: Snorlax|Sitrus Berry|[eat]
|-heal|p1a: Snorlax|65/100|[from] item: Sitrus Berry
|move|p1a: Snorlax|Encore|p2a: Raging Bolt
|-start|p2a: Raging Bolt|Encore
|
|upkeep
|turn|19
|
|t:|1779628753
|move|p2a: Raging Bolt|Thunderbolt|p1a: Snorlax
|-damage|p1a: Snorlax|34/100
|move|p1a: Snorlax|Earthquake|p2a: Raging Bolt
|-supereffective|p2a: Raging Bolt
|-damage|p2a: Raging Bolt|62/100
|
|upkeep
|turn|20
|
|t:|1779628760
|move|p2a: Raging Bolt|Thunderbolt|p1a: Snorlax
|-damage|p1a: Snorlax|3/100
|move|p1a: Snorlax|Last Resort|p2a: Raging Bolt
|-damage|p2a: Raging Bolt|20/100
|
|upkeep
|turn|21
|
|t:|1779628766
|move|p2a: Raging Bolt|Thunderbolt|p1a: Snorlax
|-damage|p1a: Snorlax|0 fnt
|faint|p1a: Snorlax
|
|-end|p2a: Raging Bolt|Encore
|upkeep
|
|t:|1779628772
|switch|p1a: Clefable|Clefable, M|100/100
|turn|22
|
|t:|1779628779
|move|p2a: Raging Bolt|Thunderclap|p1a: Clefable
|-damage|p1a: Clefable|68/100
|move|p1a: Clefable|Moonblast|p2a: Raging Bolt
|-supereffective|p2a: Raging Bolt
|-damage|p2a: Raging Bolt|0 fnt
|faint|p2a: Raging Bolt
|-end|p2a: Raging Bolt|Protosynthesis|[silent]
|
|upkeep
|
|t:|1779628787
|switch|p2a: Iron Valiant|Iron Valiant|100/100
|-enditem|p2a: Iron Valiant|Booster Energy
|-activate|p2a: Iron Valiant|ability: Quark Drive|[fromitem]
|-start|p2a: Iron Valiant|quarkdrivespe
|turn|23
|
|t:|1779628796
|move|p2a: Iron Valiant|Spirit Break|p1a: Clefable
|-damage|p1a: Clefable|24/100
|-unboost|p1a: Clefable|spa|1
|move|p1a: Clefable|Moonblast|p2a: Iron Valiant
|-supereffective|p2a: Iron Valiant
|-damage|p2a: Iron Valiant|0 fnt
|faint|p2a: Iron Valiant
|-end|p2a: Iron Valiant|Quark Drive|[silent]
|
|upkeep
|
|t:|1779628804
|switch|p2a: Iron Moth|Iron Moth|100/100
|turn|24
|
|t:|1779628808
|move|p2a: Iron Moth|Sludge Wave|p1a: Clefable
|-supereffective|p1a: Clefable
|-damage|p1a: Clefable|0 fnt
|faint|p1a: Clefable
|
|upkeep
|
|t:|1779628814
|switch|p1a: Drednaw|Drednaw, M|100/100
|turn|25
|
|t:|1779628826
|move|p2a: Iron Moth|Bug Buzz|p1a: Drednaw
|-damage|p1a: Drednaw|58/100
|-unboost|p1a: Drednaw|spd|1
|-enditem|p1a: Drednaw|White Herb
|-clearnegativeboost|p1a: Drednaw|[silent]
|move|p1a: Drednaw|Liquidation|p2a: Iron Moth
|-supereffective|p2a: Iron Moth
|-enditem|p2a: Iron Moth|Focus Sash
|-damage|p2a: Iron Moth|1/100
|
|upkeep
|turn|26
|
|t:|1779628836
|move|p2a: Iron Moth|Bug Buzz|p1a: Drednaw
|-damage|p1a: Drednaw|11/100
|move|p1a: Drednaw|Liquidation|p2a: Iron Moth
|-supereffective|p2a: Iron Moth
|-damage|p2a: Iron Moth|0 fnt
|faint|p2a: Iron Moth
|-end|p2a: Iron Moth|Quark Drive|[silent]
|
|upkeep
|
|t:|1779628843
|switch|p2a: Kingambit|Kingambit, M|100/100
|-activate|p2a: Kingambit|ability: Supreme Overlord
|-start|p2a: Kingambit|fallen5|[silent]
|turn|27
|
|t:|1779628848
|switch|p1a: Infernape|Infernape, M|100/100
|move|p2a: Kingambit|Sucker Punch||[still]
|-fail|p2a: Kingambit
|
|upkeep
|turn|28
|
|t:|1779628856
|move|p2a: Kingambit|Sucker Punch||[still]
|-fail|p2a: Kingambit
|move|p1a: Infernape|Encore|p2a: Kingambit
|-start|p2a: Kingambit|Encore
|
|upkeep
|turn|29
|
|t:|1779628865
|switch|p1a: Drednaw|Drednaw, M|11/100
|move|p2a: Kingambit|Sucker Punch||[still]
|-fail|p2a: Kingambit
|
|upkeep
|turn|30
|
|t:|1779628870
|move|p2a: Kingambit|Sucker Punch||[still]
|-fail|p2a: Kingambit
|move|p1a: Drednaw|Shell Smash|p1a: Drednaw
|-unboost|p1a: Drednaw|def|1
|-unboost|p1a: Drednaw|spd|1
|-boost|p1a: Drednaw|atk|2
|-boost|p1a: Drednaw|spa|2
|-boost|p1a: Drednaw|spe|2
|
|upkeep
|turn|31
|
|t:|1779628878
|switch|p1a: Infernape|Infernape, M|100/100
|move|p2a: Kingambit|Sucker Punch||[still]
|-fail|p2a: Kingambit
|
|-end|p2a: Kingambit|Encore
|upkeep
|turn|32
|
|t:|1779628886
|move|p2a: Kingambit|Sucker Punch||[still]
|-fail|p2a: Kingambit
|move|p1a: Infernape|Encore|p2a: Kingambit
|-start|p2a: Kingambit|Encore
|
|upkeep
|turn|33
|
|t:|1779628891
|switch|p1a: Drednaw|Drednaw, M|11/100
|move|p2a: Kingambit|Sucker Punch||[still]
|-fail|p2a: Kingambit
|
|upkeep
|turn|34
|
|t:|1779628897
|move|p2a: Kingambit|Sucker Punch||[still]
|-fail|p2a: Kingambit
|move|p1a: Drednaw|Shell Smash|p1a: Drednaw
|-unboost|p1a: Drednaw|def|1
|-unboost|p1a: Drednaw|spd|1
|-boost|p1a: Drednaw|atk|2
|-boost|p1a: Drednaw|spa|2
|-boost|p1a: Drednaw|spe|2
|
|-end|p2a: Kingambit|Encore
|upkeep
|turn|35
|
|t:|1779628907
|move|p1a: Drednaw|Liquidation|p2a: Kingambit
|-damage|p2a: Kingambit|19/100
|move|p2a: Kingambit|Iron Head|p1a: Drednaw
|-damage|p1a: Drednaw|0 fnt
|faint|p1a: Drednaw
|
|-heal|p2a: Kingambit|25/100|[from] item: Leftovers
|upkeep
|
|t:|1779628916
|switch|p1a: Infernape|Infernape, M|100/100
|turn|36
|
|t:|1779628921
|move|p1a: Infernape|Fire Punch|p2a: Kingambit
|-supereffective|p2a: Kingambit
|-damage|p2a: Kingambit|0 fnt
|faint|p2a: Kingambit
|-end|p2a: Kingambit|fallen5|[silent]
|
|win|KenjiShiguma
|raw|KenjiShiguma's rating: 1150 &rarr; <strong>1173</strong><br />(+23 for winning)
|raw|demre's rating: 1124 &rarr; <strong>1101</strong><br />(-23 for losing)
|l|☆demre
|player|p2|
|l|☆KenjiShiguma
|player|p1|
