|j|☆mythiixx
|j|☆sickofme
|t:|1779706363
|gametype|singles
|player|p1|mythiixx|265|1615
|player|p2|sickofme|miku-water|1605
|gen|9
|tier|[Gen 9] OU
|rated|
|rule|HP Percentage Mod: HP is shown in percentages
|rule|Endless Battle Clause: Forcing endless battles is banned
|rule|Species Clause: Limit one of each Pokémon
|rule|OHKO Clause: OHKO moves are banned
|rule|Evasion Items Clause: Evasion items are banned
|rule|Evasion Moves Clause: Evasion moves are banned
|rule|Evasion Abilities Clause: Evasion abilities are banned
|rule|Sleep Moves Clause: Sleep-inducing moves are banned
|clearpoke
|poke|p1|Alomomola, F|
|poke|p1|Ogerpon, F|
|poke|p1|Gliscor, M|
|poke|p1|Iron Crown|
|poke|p1|Dragapult, F|
|poke|p1|Weezing-Galar, F|
|poke|p2|Alomomola, L99, M|
|poke|p2|Landorus-Therian, M|
|poke|p2|Kyurem|
|poke|p2|Great Tusk|
|poke|p2|Slowking-Galar, F|
|poke|p2|Heatran, M|
|teampreview
|inactive|Battle timer is ON: inactive players will automatically lose when time's up. (requested by sickofme)
|
|t:|1779706371
|teamsize|p1|6
|teamsize|p2|6
|start
|switch|p1a: Alomomola|Alomomola, F|100/100
|switch|p2a: Kyurem|Kyurem|100/100
|-ability|p2a: Kyurem|Pressure
|turn|1
|
|t:|1779706384
|move|p2a: Kyurem|Freeze-Dry|p1a: Alomomola
|-supereffective|p1a: Alomomola
|-damage|p1a: Alomomola|38/100
|move|p1a: Alomomola|Mirror Coat|p2a: Kyurem
|-damage|p2a: Kyurem|0 fnt
|faint|p2a: Kyurem
|
|upkeep
|
|t:|1779706394
|switch|p2a: Great Tusk|Great Tusk|100/100
|turn|2
|
|t:|1779706410
|switch|p1a: Gliscor|Gliscor, M|100/100
|move|p2a: Great Tusk|Bulk Up|p2a: Great Tusk
|-boost|p2a: Great Tusk|atk|1
|-boost|p2a: Great Tusk|def|1
|
|-status|p1a: Gliscor|tox|[from] item: Toxic Orb
|upkeep
|turn|3
|inactive|mythiixx has 120 seconds left.
|
|t:|1779706445
|switch|p1a: Dragapult|Dragapult, F|100/100
|move|p2a: Great Tusk|Rapid Spin|p1a: Dragapult
|-immune|p1a: Dragapult
|
|upkeep
|turn|4
|
|t:|1779706455
|move|p1a: Dragapult|Substitute|p1a: Dragapult
|-start|p1a: Dragapult|Substitute
|-damage|p1a: Dragapult|75/100
|move|p2a: Great Tusk|Ice Spinner|p1a: Dragapult
|-supereffective|p1a: Dragapult
|-end|p1a: Dragapult|Substitute
|
|-heal|p1a: Dragapult|82/100|[from] item: Leftovers
|upkeep
|turn|5
|inactive|mythiixx has 90 seconds left.
|
|t:|1779706498
|move|p1a: Dragapult|Hex|p2a: Great Tusk
|-damage|p2a: Great Tusk|64/100
|move|p2a: Great Tusk|Ice Spinner|p1a: Dragapult
|-supereffective|p1a: Dragapult
|-damage|p1a: Dragapult|0 fnt
|faint|p1a: Dragapult
|
|upkeep
|
|t:|1779706505
|switch|p1a: Ogerpon|Ogerpon, F|100/100
|turn|6
|
|t:|1779706529
|-terastallize|p1a: Ogerpon|Grass
|detailschange|p1a: Ogerpon|Ogerpon-Teal-Tera, F, tera:Grass
|-ability|p1a: Ogerpon|Embody Aspect (Teal)|boost
|-boost|p1a: Ogerpon|spe|1
|-terastallize|p2a: Great Tusk|Fire
|move|p1a: Ogerpon|Ivy Cudgel|p2a: Great Tusk
|-resisted|p2a: Great Tusk
|-damage|p2a: Great Tusk|39/100
|move|p2a: Great Tusk|Ice Spinner|p1a: Ogerpon
|-supereffective|p1a: Ogerpon
|-damage|p1a: Ogerpon|0 fnt
|faint|p1a: Ogerpon
|detailschange|p1: Ogerpon|Ogerpon, F|[silent]
|
|upkeep
|
|t:|1779706537
|switch|p1a: Iron Crown|Iron Crown|100/100
|turn|7
|
|t:|1779706542
|-end|p2a: Great Tusk|Protosynthesis|[silent]
|switch|p2a: Heatran|Heatran, M|100/100
|move|p1a: Iron Crown|Volt Switch|p2a: Heatran
|-damage|p2a: Heatran|74/100
|
|t:|1779706545
|-end|p1a: Iron Crown|Quark Drive|[silent]
|switch|p1a: Gliscor|Gliscor, M|100/100 tox|[from] Volt Switch
|
|-heal|p2a: Heatran|80/100|[from] item: Leftovers
|upkeep
|turn|8
|
|t:|1779706560
|switch|p2a: Alomomola|Alomomola, L99, M|100/100
|move|p1a: Gliscor|Stealth Rock|p2a: Alomomola
|-sidestart|p2: sickofme|move: Stealth Rock
|
|upkeep
|turn|9
|
|t:|1779706564
|move|p1a: Gliscor|Knock Off|p2a: Alomomola
|-damage|p2a: Alomomola|83/100
|-enditem|p2a: Alomomola|Heavy-Duty Boots|[from] move: Knock Off|[of] p1a: Gliscor
|move|p2a: Alomomola|Wish|p2a: Alomomola
|
|upkeep
|turn|10
|inactive|mythiixx has 120 seconds left.
|
|t:|1779706574
|move|p1a: Gliscor|Protect|p1a: Gliscor
|-singleturn|p1a: Gliscor|Protect
|move|p2a: Alomomola|Flip Turn|p1a: Gliscor
|-activate|p1a: Gliscor|move: Protect
|
|-heal|p2a: Alomomola|100/100|[from] move: Wish|[wisher] Alomomola
|upkeep
|turn|11
|inactive|mythiixx has 120 seconds left.
|
|t:|1779706584
|switch|p1a: Iron Crown|Iron Crown|100/100
|move|p2a: Alomomola|Wish|p2a: Alomomola
|
|upkeep
|turn|12
|
|t:|1779706591
|move|p1a: Iron Crown|Volt Switch|p2a: Alomomola
|-supereffective|p2a: Alomomola
|-damage|p2a: Alomomola|49/100
|
|t:|1779706598
|-end|p1a: Iron Crown|Quark Drive|[silent]
|switch|p1a: Alomomola|Alomomola, F|72/100|[from] Volt Switch
|move|p2a: Alomomola|Flip Turn|p1a: Alomomola
|-resisted|p1a: Alomomola
|-damage|p1a: Alomomola|66/100
|
|t:|1779706615
|switch|p2a: Great Tusk|Great Tusk, tera:Fire|39/100|[from] Flip Turn
|
|-heal|p2a: Great Tusk|100/100|[from] move: Wish|[wisher] Alomomola
|upkeep
|turn|13
|
|t:|1779706621
|-end|p2a: Great Tusk|Protosynthesis|[silent]
|switch|p2a: Alomomola|Alomomola, L99, M|82/100
|-damage|p2a: Alomomola|69/100|[from] Stealth Rock
|move|p1a: Alomomola|Flip Turn|p2a: Alomomola
|-resisted|p2a: Alomomola
|-damage|p2a: Alomomola|63/100
|
|t:|1779706627
|switch|p1a: Iron Crown|Iron Crown|100/100|[from] Flip Turn
|
|upkeep
|turn|14
|
|t:|1779706642
|move|p1a: Iron Crown|Tachyon Cutter|p2a: Alomomola
|-resisted|p2a: Alomomola
|-damage|p2a: Alomomola|49/100
|-resisted|p2a: Alomomola
|-damage|p2a: Alomomola|34/100
|-hitcount|p2a: Alomomola|2
|move|p2a: Alomomola|Flip Turn|p1a: Iron Crown
|-damage|p1a: Iron Crown|82/100
|
|t:|1779706647
|switch|p2a: Heatran|Heatran, M|80/100|[from] Flip Turn
|-damage|p2a: Heatran|68/100|[from] Stealth Rock
|
|-heal|p2a: Heatran|74/100|[from] item: Leftovers
|upkeep
|turn|15
|
|t:|1779706652
|-end|p1a: Iron Crown|Quark Drive|[silent]
|switch|p1a: Alomomola|Alomomola, F|99/100
|move|p2a: Heatran|Magma Storm|p1a: Alomomola|[miss]
|-miss|p2a: Heatran|p1a: Alomomola
|
|-heal|p2a: Heatran|80/100|[from] item: Leftovers
|upkeep
|turn|16
|inactive|sickofme has 120 seconds left.
|
|t:|1779706696
|switch|p2a: Alomomola|Alomomola, L99, M|67/100
|-damage|p2a: Alomomola|55/100|[from] Stealth Rock
|move|p1a: Alomomola|Flip Turn|p2a: Alomomola
|-resisted|p2a: Alomomola
|-damage|p2a: Alomomola|48/100
|
|t:|1779706700
|switch|p1a: Weezing|Weezing-Galar, F|100/100|[from] Flip Turn
|-ability|p1a: Weezing|Neutralizing Gas
|
|upkeep
|turn|17
|inactive|sickofme has 120 seconds left.
|
|t:|1779706706
|switch|p2a: Heatran|Heatran, M|80/100
|-damage|p2a: Heatran|68/100|[from] Stealth Rock
|move|p1a: Weezing|Strange Steam|p2a: Heatran
|-resisted|p2a: Heatran
|-crit|p2a: Heatran
|-damage|p2a: Heatran|61/100
|-start|p2a: Heatran|confusion
|
|-heal|p2a: Heatran|67/100|[from] item: Leftovers
|upkeep
|turn|18
|
|t:|1779706712
|switch|p2a: Alomomola|Alomomola, L99, M|48/100
|-damage|p2a: Alomomola|36/100|[from] Stealth Rock
|-end|p1a: Weezing|ability: Neutralizing Gas
|switch|p1a: Alomomola|Alomomola, F|100/100
|
|upkeep
|turn|19
|
|t:|1779706715
|switch|p1a: Weezing|Weezing-Galar, F|100/100
|-ability|p1a: Weezing|Neutralizing Gas
|move|p2a: Alomomola|Flip Turn|p1a: Weezing
|-damage|p1a: Weezing|90/100
|
|t:|1779706719
|switch|p2a: Great Tusk|Great Tusk, tera:Fire|100/100|[from] Flip Turn
|
|upkeep
|turn|20
|
|t:|1779706725
|-end|p1a: Weezing|ability: Neutralizing Gas
|switch|p1a: Alomomola|Alomomola, F|100/100
|move|p2a: Great Tusk|Rapid Spin|p1a: Alomomola
|-damage|p1a: Alomomola|88/100
|-boost|p2a: Great Tusk|spe|1
|-sideend|p2: sickofme|Stealth Rock|[from] move: Rapid Spin|[of] p2a: Great Tusk
|
|upkeep
|turn|21
|
|t:|1779706733
|-end|p2a: Great Tusk|Protosynthesis|[silent]
|switch|p2a: Alomomola|Alomomola, L99, M|36/100
|move|p1a: Alomomola|Scald|p2a: Alomomola
|-resisted|p2a: Alomomola
|-damage|p2a: Alomomola|31/100
|
|upkeep
|turn|22
|
|t:|1779706741
|switch|p1a: Weezing|Weezing-Galar, F|90/100
|-ability|p1a: Weezing|Neutralizing Gas
|move|p2a: Alomomola|Flip Turn|p1a: Weezing
|-damage|p1a: Weezing|79/100
|
|t:|1779706752
|switch|p2a: Landorus|Landorus-Therian, M|100/100|[from] Flip Turn
|
|upkeep
|turn|23
|
|t:|1779706762
|move|p2a: Landorus|Stealth Rock|p1a: Weezing
|-sidestart|p1: mythiixx|move: Stealth Rock
|move|p1a: Weezing|Will-O-Wisp|p2a: Landorus|[miss]
|-miss|p1a: Weezing|p2a: Landorus
|
|upkeep
|turn|24
|
|t:|1779706768
|switch|p2a: Heatran|Heatran, M|67/100
|-end|p1a: Weezing|ability: Neutralizing Gas
|switch|p1a: Gliscor|Gliscor, M|100/100 tox
|-damage|p1a: Gliscor|88/100 tox|[from] Stealth Rock
|
|-heal|p2a: Heatran|73/100|[from] item: Leftovers
|-heal|p1a: Gliscor|100/100 tox|[from] ability: Poison Heal
|upkeep
|turn|25
|
|t:|1779706783
|switch|p2a: Landorus|Landorus-Therian, M|100/100
|-ability|p2a: Landorus|Intimidate|boost
|-unboost|p1a: Gliscor|atk|1
|move|p1a: Gliscor|Stealth Rock|p2a: Landorus
|-sidestart|p2: sickofme|move: Stealth Rock
|
|upkeep
|turn|26
|
|t:|1779706787
|move|p2a: Landorus|U-turn|p1a: Gliscor
|-resisted|p1a: Gliscor
|-damage|p1a: Gliscor|89/100 tox
|
|t:|1779706793
|switch|p2a: Alomomola|Alomomola, L99, M|31/100|[from] U-turn
|-damage|p2a: Alomomola|18/100|[from] Stealth Rock
|move|p1a: Gliscor|Knock Off|p2a: Alomomola
|-damage|p2a: Alomomola|10/100
|
|-heal|p1a: Gliscor|100/100 tox|[from] ability: Poison Heal
|upkeep
|turn|27
|
|t:|1779706802
|switch|p1a: Weezing|Weezing-Galar, F|79/100
|-ability|p1a: Weezing|Neutralizing Gas
|switch|p2a: Landorus|Landorus-Therian, M|100/100
|-damage|p2a: Landorus|88/100|[from] Stealth Rock
|
|upkeep
|turn|28
|
|t:|1779706811
|-end|p1a: Weezing|ability: Neutralizing Gas
|-ability|p2a: Landorus|Intimidate|boost
|-unboost|p1a: Weezing|atk|1
|switch|p1a: Gliscor|Gliscor, M|100/100 tox
|-damage|p1a: Gliscor|88/100 tox|[from] Stealth Rock
|move|p2a: Landorus|Earthquake|p1a: Gliscor
|-immune|p1a: Gliscor
|
|-heal|p1a: Gliscor|100/100 tox|[from] ability: Poison Heal
|upkeep
|turn|29
|
|t:|1779706819
|switch|p2a: Slowking|Slowking-Galar, F|100/100
|-damage|p2a: Slowking|88/100|[from] Stealth Rock
|move|p1a: Gliscor|Knock Off|p2a: Slowking
|-supereffective|p2a: Slowking
|-damage|p2a: Slowking|55/100
|-damage|p1a: Gliscor|84/100 tox|[from] item: Rocky Helmet|[of] p2a: Slowking
|-enditem|p2a: Slowking|Rocky Helmet|[from] move: Knock Off|[of] p1a: Gliscor
|
|-heal|p1a: Gliscor|97/100 tox|[from] ability: Poison Heal
|upkeep
|turn|30
|j| pok-a-bowl
|
|t:|1779706842
|move|p1a: Gliscor|Earthquake|p2a: Slowking
|-supereffective|p2a: Slowking
|-damage|p2a: Slowking|9/100
|-prepare|p2a: Slowking|Chilly Reception|[premajor]
|move|p2a: Slowking|Chilly Reception|p2a: Slowking
|-weather|Snowscape
|
|t:|1779706845
|switch|p2a: Great Tusk|Great Tusk, tera:Fire|100/100|[from] Chilly Reception
|
|-weather|Snowscape|[upkeep]
|-heal|p1a: Gliscor|100/100 tox|[from] ability: Poison Heal
|upkeep
|turn|31
|
|t:|1779706852
|move|p2a: Great Tusk|Bulk Up|p2a: Great Tusk
|-boost|p2a: Great Tusk|atk|1
|-boost|p2a: Great Tusk|def|1
|move|p1a: Gliscor|Earthquake|p2a: Great Tusk
|-supereffective|p2a: Great Tusk
|-damage|p2a: Great Tusk|67/100
|
|-weather|Snowscape|[upkeep]
|upkeep
|turn|32
|
|t:|1779706868
|switch|p1a: Alomomola|Alomomola, F|100/100
|-damage|p1a: Alomomola|88/100|[from] Stealth Rock
|move|p2a: Great Tusk|Bulk Up|p2a: Great Tusk
|-boost|p2a: Great Tusk|atk|1
|-boost|p2a: Great Tusk|def|1
|
|-weather|Snowscape|[upkeep]
|upkeep
|turn|33
|
|t:|1779706880
|move|p2a: Great Tusk|Headlong Rush|p1a: Alomomola
|-damage|p1a: Alomomola|0 fnt
|-unboost|p2a: Great Tusk|def|1
|-unboost|p2a: Great Tusk|spd|1
|faint|p1a: Alomomola
|
|-weather|Snowscape|[upkeep]
|upkeep
|
|t:|1779706884
|switch|p1a: Iron Crown|Iron Crown|82/100
|-damage|p1a: Iron Crown|76/100|[from] Stealth Rock
|turn|34
|
|t:|1779706894
|-end|p2a: Great Tusk|Protosynthesis|[silent]
|switch|p2a: Slowking|Slowking-Galar, F|42/100
|-damage|p2a: Slowking|30/100|[from] Stealth Rock
|move|p1a: Iron Crown|Tachyon Cutter|p2a: Slowking
|-crit|p2a: Slowking
|-damage|p2a: Slowking|0 fnt
|faint|p2a: Slowking
|-hitcount|p2: Slowking|1
|
|-weather|none
|upkeep
|
|t:|1779706898
|switch|p2a: Landorus|Landorus-Therian, M|88/100
|-damage|p2a: Landorus|76/100|[from] Stealth Rock
|-ability|p2a: Landorus|Intimidate|boost
|-unboost|p1a: Iron Crown|atk|1
|turn|35
|
|t:|1779706903
|move|p2a: Landorus|Earthquake|p1a: Iron Crown
|-supereffective|p1a: Iron Crown
|-damage|p1a: Iron Crown|0 fnt
|faint|p1a: Iron Crown
|-end|p1a: Iron Crown|Quark Drive|[silent]
|
|upkeep
|
|t:|1779706907
|switch|p1a: Gliscor|Gliscor, M|100/100 tox
|-damage|p1a: Gliscor|88/100 tox|[from] Stealth Rock
|turn|36
|
|t:|1779706916
|switch|p2a: Alomomola|Alomomola, L99, M|10/100
|-damage|p2a: Alomomola|0 fnt|[from] Stealth Rock
|faint|p2a: Alomomola
|move|p1a: Gliscor|Earthquake|p2: Alomomola|[notarget]
|-fail|p1a: Gliscor
|
|-heal|p1a: Gliscor|100/100 tox|[from] ability: Poison Heal
|upkeep
|
|t:|1779706927
|switch|p2a: Great Tusk|Great Tusk, tera:Fire|67/100
|turn|37
|
|t:|1779706930
|move|p2a: Great Tusk|Bulk Up|p2a: Great Tusk
|-boost|p2a: Great Tusk|atk|1
|-boost|p2a: Great Tusk|def|1
|move|p1a: Gliscor|Earthquake|p2a: Great Tusk
|-supereffective|p2a: Great Tusk
|-damage|p2a: Great Tusk|32/100
|
|upkeep
|turn|38
|
|t:|1779706937
|move|p2a: Great Tusk|Ice Spinner|p1a: Gliscor
|-supereffective|p1a: Gliscor
|-damage|p1a: Gliscor|0 fnt
|faint|p1a: Gliscor
|
|upkeep
|
|t:|1779706940
|switch|p1a: Weezing|Weezing-Galar, F|79/100
|-ability|p1a: Weezing|Neutralizing Gas
|turn|39
|
|t:|1779706942
|move|p2a: Great Tusk|Headlong Rush|p1a: Weezing
|-supereffective|p1a: Weezing
|-damage|p1a: Weezing|0 fnt
|-unboost|p2a: Great Tusk|def|1
|-unboost|p2a: Great Tusk|spd|1
|faint|p1a: Weezing
|-end|p1a: Weezing|ability: Neutralizing Gas
|
|win|sickofme
|raw|mythiixx's rating: 1615 &rarr; <strong>1594</strong><br />(-21 for losing)
|raw|sickofme's rating: 1605 &rarr; <strong>1626</strong><br />(+21 for winning)
|l|☆mythiixx
|player|p1|
|l|☆sickofme
|player|p2|
|l| pok-a-bowl
