|j|☆BiggieChed66
|j|☆hat_fm
|t:|1779591741
|gametype|singles
|player|p1|BiggieChed66|ghetsis-gen5bw|1216
|player|p2|hat_fm|pilot|1287
|gen|9
|tier|[Gen 9] OU
|rated|
|rule|HP Percentage Mod: HP is shown in percentages
|rule|Endless Battle Clause: Forcing endless battles is banned
|rule|Species Clause: Limit one of each Pokémon
|rule|OHKO Clause: OHKO moves are banned
|rule|Evasion Items Clause: Evasion items are banned
|rule|Evasion Moves Clause: Evasion moves are banned
|rule|Evasion Abilities Clause: Evasion abilities are banned
|rule|Sleep Moves Clause: Sleep-inducing moves are banned
|clearpoke
|poke|p1|Gholdengo|
|poke|p1|Gliscor, M|
|poke|p1|Iron Moth|
|poke|p1|Great Tusk|
|poke|p1|Ogerpon-Wellspring, F|
|poke|p1|Zapdos|
|poke|p2|Zamazenta-*|
|poke|p2|Ceruledge, F|
|poke|p2|Scizor, M|
|poke|p2|Donphan, M|
|poke|p2|Lycanroc-Dusk, M|
|poke|p2|Florges, F|
|teampreview
|inactive|Battle timer is ON: inactive players will automatically lose when time's up. (requested by BiggieChed66)
|
|t:|1779591745
|teamsize|p1|6
|teamsize|p2|6
|start
|switch|p1a: Great Tusk|Great Tusk|100/100
|switch|p2a: Donphan|Donphan, M|100/100
|turn|1
|
|t:|1779591754
|move|p1a: Great Tusk|Stealth Rock|p2a: Donphan
|-sidestart|p2: hat_fm|move: Stealth Rock
|move|p2a: Donphan|Stealth Rock|p1a: Great Tusk
|-sidestart|p1: BiggieChed66|move: Stealth Rock
|
|upkeep
|turn|2
|
|t:|1779591758
|move|p1a: Great Tusk|Rapid Spin|p2a: Donphan
|-damage|p2a: Donphan|91/100
|-boost|p1a: Great Tusk|spe|1
|-damage|p1a: Great Tusk|84/100|[from] item: Rocky Helmet|[of] p2a: Donphan
|-sideend|p1: BiggieChed66|Stealth Rock|[from] move: Rapid Spin|[of] p1a: Great Tusk
|move|p2a: Donphan|Earthquake|p1a: Great Tusk
|-crit|p1a: Great Tusk
|-damage|p1a: Great Tusk|40/100
|
|upkeep
|turn|3
|
|t:|1779591768
|-end|p1a: Great Tusk|Protosynthesis|[silent]
|switch|p1a: Gliscor|Gliscor, M|100/100
|move|p2a: Donphan|Stealth Rock|p1a: Gliscor
|-sidestart|p1: BiggieChed66|move: Stealth Rock
|
|-status|p1a: Gliscor|tox|[from] item: Toxic Orb
|upkeep
|turn|4
|
|t:|1779591775
|move|p1a: Gliscor|Toxic|p2a: Donphan
|-status|p2a: Donphan|tox
|move|p2a: Donphan|Rapid Spin|p1a: Gliscor
|-damage|p1a: Gliscor|92/100 tox
|-boost|p2a: Donphan|spe|1
|-sideend|p2: hat_fm|Stealth Rock|[from] move: Rapid Spin|[of] p2a: Donphan
|
|-heal|p1a: Gliscor|100/100 tox|[from] ability: Poison Heal
|-damage|p2a: Donphan|85/100 tox|[from] psn
|upkeep
|turn|5
|
|t:|1779591780
|move|p1a: Gliscor|Knock Off|p2a: Donphan
|-crit|p2a: Donphan
|-damage|p2a: Donphan|68/100 tox
|-damage|p1a: Gliscor|84/100 tox|[from] item: Rocky Helmet|[of] p2a: Donphan
|-enditem|p2a: Donphan|Rocky Helmet|[from] move: Knock Off|[of] p1a: Gliscor
|move|p2a: Donphan|Knock Off|p1a: Gliscor
|-damage|p1a: Gliscor|68/100 tox
|-enditem|p1a: Gliscor|Toxic Orb|[from] move: Knock Off|[of] p2a: Donphan
|
|-heal|p1a: Gliscor|80/100 tox|[from] ability: Poison Heal
|-damage|p2a: Donphan|56/100 tox|[from] psn
|upkeep
|turn|6
|
|t:|1779591795
|switch|p2a: Scizor|Scizor, M|100/100
|move|p1a: Gliscor|Earthquake|p2a: Scizor
|-crit|p2a: Scizor
|-damage|p2a: Scizor|52/100
|
|-heal|p1a: Gliscor|93/100 tox|[from] ability: Poison Heal
|upkeep
|turn|7
|
|t:|1779591801
|move|p1a: Gliscor|Knock Off|p2a: Scizor
|-damage|p2a: Scizor|32/100
|-enditem|p2a: Scizor|Life Orb|[from] move: Knock Off|[of] p1a: Gliscor
|move|p2a: Scizor|Swords Dance|p2a: Scizor
|-boost|p2a: Scizor|atk|2
|
|-heal|p1a: Gliscor|100/100 tox|[from] ability: Poison Heal
|upkeep
|turn|8
|
|t:|1779591818
|move|p1a: Gliscor|Earthquake|p2a: Scizor
|-damage|p2a: Scizor|2/100
|move|p2a: Scizor|Swords Dance|p2a: Scizor
|-boost|p2a: Scizor|atk|2
|
|upkeep
|turn|9
|
|t:|1779591821
|move|p2a: Scizor|Bullet Punch|p1a: Gliscor
|-damage|p1a: Gliscor|40/100 tox
|move|p1a: Gliscor|Earthquake|p2a: Scizor
|-damage|p2a: Scizor|0 fnt
|faint|p2a: Scizor
|
|-heal|p1a: Gliscor|52/100 tox|[from] ability: Poison Heal
|upkeep
|
|t:|1779591828
|switch|p2a: Lycanroc|Lycanroc-Dusk, M|100/100
|turn|10
|
|t:|1779591835
|move|p1a: Gliscor|Protect|p1a: Gliscor
|-singleturn|p1a: Gliscor|Protect
|move|p2a: Lycanroc|Swords Dance|p2a: Lycanroc
|-boost|p2a: Lycanroc|atk|2
|
|-heal|p1a: Gliscor|65/100 tox|[from] ability: Poison Heal
|upkeep
|turn|11
|
|t:|1779591842
|move|p2a: Lycanroc|Stone Edge|p1a: Gliscor
|-damage|p1a: Gliscor|0 fnt
|faint|p1a: Gliscor
|-damage|p2a: Lycanroc|91/100|[from] item: Life Orb
|
|upkeep
|
|t:|1779591851
|switch|p1a: Gholdengo|Gholdengo|100/100
|-damage|p1a: Gholdengo|94/100|[from] Stealth Rock
|turn|12
|
|t:|1779591861
|move|p1a: Gholdengo|Make It Rain|p2a: Lycanroc
|-supereffective|p2a: Lycanroc
|-damage|p2a: Lycanroc|0 fnt
|-unboost|p1a: Gholdengo|spa|1
|faint|p2a: Lycanroc
|
|upkeep
|
|t:|1779591864
|switch|p2a: Ceruledge|Ceruledge, F|100/100
|turn|13
|
|t:|1779591875
|switch|p1a: Iron Moth|Iron Moth|100/100
|-damage|p1a: Iron Moth|76/100|[from] Stealth Rock
|-enditem|p1a: Iron Moth|Booster Energy
|-activate|p1a: Iron Moth|ability: Quark Drive|[fromitem]
|-start|p1a: Iron Moth|quarkdrivespe
|move|p2a: Ceruledge|Swords Dance|p2a: Ceruledge
|-boost|p2a: Ceruledge|atk|2
|
|upkeep
|turn|14
|
|t:|1779591888
|move|p1a: Iron Moth|Sludge Wave|p2a: Ceruledge
|-resisted|p2a: Ceruledge
|-damage|p2a: Ceruledge|74/100
|move|p2a: Ceruledge|Poltergeist||[still]
|-fail|p2a: Ceruledge
|
|upkeep
|turn|15
|
|t:|1779591895
|move|p1a: Iron Moth|Sludge Wave|p2a: Ceruledge
|-resisted|p2a: Ceruledge
|-damage|p2a: Ceruledge|44/100
|move|p2a: Ceruledge|Bitter Blade|p1a: Iron Moth
|-resisted|p1a: Iron Moth
|-damage|p1a: Iron Moth|9/100
|-heal|p2a: Ceruledge|79/100|[from] drain|[of] p1a: Iron Moth
|
|upkeep
|turn|16
|
|t:|1779591902
|move|p2a: Ceruledge|Shadow Sneak|p1a: Iron Moth
|-damage|p1a: Iron Moth|0 fnt
|faint|p1a: Iron Moth
|-end|p1a: Iron Moth|Quark Drive|[silent]
|
|upkeep
|
|t:|1779591905
|switch|p1a: Gholdengo|Gholdengo|94/100
|-damage|p1a: Gholdengo|88/100|[from] Stealth Rock
|turn|17
|
|t:|1779591913
|move|p2a: Ceruledge|Shadow Sneak|p1a: Gholdengo
|-supereffective|p1a: Gholdengo
|-damage|p1a: Gholdengo|0 fnt
|faint|p1a: Gholdengo
|
|upkeep
|
|t:|1779591918
|switch|p1a: Ogerpon|Ogerpon-Wellspring, F|100/100
|-damage|p1a: Ogerpon|88/100|[from] Stealth Rock
|turn|18
|
|t:|1779591923
|move|p2a: Ceruledge|Shadow Sneak|p1a: Ogerpon
|-damage|p1a: Ogerpon|35/100
|move|p1a: Ogerpon|Ivy Cudgel|p2a: Ceruledge|[anim] Ivy Cudgel Water
|-supereffective|p2a: Ceruledge
|-damage|p2a: Ceruledge|0 fnt
|faint|p2a: Ceruledge
|
|upkeep
|
|t:|1779591929
|switch|p2a: Zamazenta|Zamazenta|100/100
|-ability|p2a: Zamazenta|Dauntless Shield|boost
|-boost|p2a: Zamazenta|def|1
|turn|19
|
|t:|1779591934
|move|p1a: Ogerpon|U-turn|p2a: Zamazenta
|-resisted|p2a: Zamazenta
|-damage|p2a: Zamazenta|94/100
|
|t:|1779591935
|switch|p1a: Zapdos|Zapdos, shiny|100/100|[from] U-turn
|move|p2a: Zamazenta|Roar|p1a: Zapdos
|drag|p1a: Great Tusk|Great Tusk|40/100
|
|-heal|p2a: Zamazenta|99/100|[from] item: Leftovers
|upkeep
|turn|20
|
|t:|1779591945
|move|p2a: Zamazenta|Body Press|p1a: Great Tusk
|-damage|p1a: Great Tusk|0 fnt
|faint|p1a: Great Tusk
|-end|p1a: Great Tusk|Protosynthesis|[silent]
|
|-heal|p2a: Zamazenta|100/100|[from] item: Leftovers
|upkeep
|
|t:|1779591948
|switch|p1a: Zapdos|Zapdos, shiny|100/100
|turn|21
|
|t:|1779591955
|move|p1a: Zapdos|Hurricane|p2a: Zamazenta
|-supereffective|p2a: Zamazenta
|-damage|p2a: Zamazenta|1/100
|-start|p2a: Zamazenta|confusion
|-activate|p2a: Zamazenta|confusion
|move|p2a: Zamazenta|Roar|p1a: Zapdos
|drag|p1a: Ogerpon|Ogerpon-Wellspring, F|35/100
|-damage|p1a: Ogerpon|23/100|[from] Stealth Rock
|
|-heal|p2a: Zamazenta|7/100|[from] item: Leftovers
|upkeep
|turn|22
|
|t:|1779591962
|-activate|p2a: Zamazenta|confusion
|move|p2a: Zamazenta|Body Press|p1a: Ogerpon
|-damage|p1a: Ogerpon|0 fnt
|faint|p1a: Ogerpon
|
|-heal|p2a: Zamazenta|13/100|[from] item: Leftovers
|upkeep
|
|t:|1779591964
|switch|p1a: Zapdos|Zapdos, shiny|100/100
|turn|23
|
|t:|1779591968
|-activate|p2a: Zamazenta|confusion
|-damage|p2a: Zamazenta|8/100|[from] confusion
|move|p1a: Zapdos|Volt Switch|p2a: Zamazenta
|-damage|p2a: Zamazenta|0 fnt
|faint|p2a: Zamazenta
|
|upkeep
|
|t:|1779591970
|switch|p2a: Florges|Florges, F|100/100
|turn|24
|
|t:|1779591978
|-terastallize|p2a: Florges|Grass
|move|p1a: Zapdos|Hurricane|p2a: Florges|[miss]
|-miss|p1a: Zapdos|p2a: Florges
|move|p2a: Florges|Calm Mind|p2a: Florges
|-boost|p2a: Florges|spa|1
|-boost|p2a: Florges|spd|1
|
|upkeep
|turn|25
|
|t:|1779591985
|-terastallize|p1a: Zapdos|Fire
|move|p1a: Zapdos|Heat Wave|p2a: Florges
|-supereffective|p2a: Florges
|-damage|p2a: Florges|59/100
|move|p2a: Florges|Calm Mind|p2a: Florges
|-boost|p2a: Florges|spa|1
|-boost|p2a: Florges|spd|1
|
|-heal|p2a: Florges|65/100|[from] item: Leftovers
|upkeep
|turn|26
|
|t:|1779591991
|move|p1a: Zapdos|Hurricane|p2a: Florges|[miss]
|-miss|p1a: Zapdos|p2a: Florges
|move|p2a: Florges|Calm Mind|p2a: Florges
|-boost|p2a: Florges|spa|1
|-boost|p2a: Florges|spd|1
|
|-heal|p2a: Florges|71/100|[from] item: Leftovers
|upkeep
|turn|27
|
|t:|1779591994
|move|p1a: Zapdos|Hurricane|p2a: Florges
|-supereffective|p2a: Florges
|-damage|p2a: Florges|40/100
|move|p2a: Florges|Calm Mind|p2a: Florges
|-boost|p2a: Florges|spa|1
|-boost|p2a: Florges|spd|1
|
|-heal|p2a: Florges|46/100|[from] item: Leftovers
|upkeep
|turn|28
|
|t:|1779591998
|move|p1a: Zapdos|Heat Wave|p2a: Florges
|-supereffective|p2a: Florges
|-damage|p2a: Florges|24/100
|move|p2a: Florges|Giga Drain|p1a: Zapdos
|-resisted|p1a: Zapdos
|-damage|p1a: Zapdos|34/100
|-heal|p2a: Florges|56/100|[from] drain|[of] p1a: Zapdos
|
|-heal|p2a: Florges|62/100|[from] item: Leftovers
|upkeep
|turn|29
|
|t:|1779592005
|move|p1a: Zapdos|Hurricane|p2a: Florges
|-supereffective|p2a: Florges
|-damage|p2a: Florges|36/100
|move|p2a: Florges|Giga Drain|p1a: Zapdos
|-resisted|p1a: Zapdos
|-damage|p1a: Zapdos|0 fnt
|-heal|p2a: Florges|53/100|[from] drain|[of] p1a: Zapdos
|faint|p1a: Zapdos
|
|win|hat_fm
|raw|BiggieChed66's rating: 1216 &rarr; <strong>1196</strong><br />(-20 for losing)
|raw|hat_fm's rating: 1287 &rarr; <strong>1307</strong><br />(+20 for winning)
|l|☆BiggieChed66
|player|p1|
|l|☆hat_fm
|player|p2|
