|j|☆its.kirubel
|j|☆Firebro2026
|t:|1779678134
|gametype|singles
|player|p1|its.kirubel|iris-gen5bw2|1220
|player|p2|Firebro2026|benga|1229
|gen|9
|tier|[Gen 9] OU
|rated|
|rule|HP Percentage Mod: HP is shown in percentages
|rule|Endless Battle Clause: Forcing endless battles is banned
|rule|Species Clause: Limit one of each Pokémon
|rule|OHKO Clause: OHKO moves are banned
|rule|Evasion Items Clause: Evasion items are banned
|rule|Evasion Moves Clause: Evasion moves are banned
|rule|Evasion Abilities Clause: Evasion abilities are banned
|rule|Sleep Moves Clause: Sleep-inducing moves are banned
|clearpoke
|poke|p1|Darkrai|
|poke|p1|Garchomp, F|
|poke|p1|Alomomola, M|
|poke|p1|Corviknight, F|
|poke|p1|Weezing-Galar, M|
|poke|p1|Ogerpon, F|
|poke|p2|Iron Crown|
|poke|p2|Deoxys-Speed|
|poke|p2|Armarouge, M|
|poke|p2|Ogerpon, F|
|poke|p2|Samurott-Hisui, M|
|poke|p2|Iron Valiant|
|teampreview
|inactive|Battle timer is ON: inactive players will automatically lose when time's up. (requested by Firebro2026)
|
|t:|1779678160
|teamsize|p1|6
|teamsize|p2|6
|start
|switch|p1a: Weezing|Weezing-Galar, M|100/100
|switch|p2a: Deoxys|Deoxys-Speed|100/100
|-ability|p1a: Weezing|Neutralizing Gas
|turn|1
|
|t:|1779678179
|move|p2a: Deoxys|Taunt|p1a: Weezing
|-start|p1a: Weezing|move: Taunt
|move|p1a: Weezing|Sludge Bomb|p2a: Deoxys
|-damage|p2a: Deoxys|55/100
|
|upkeep
|turn|2
|
|t:|1779678186
|move|p2a: Deoxys|Psychic Terrain|p2a: Deoxys
|-fieldstart|move: Psychic Terrain
|move|p1a: Weezing|Sludge Bomb|p2a: Deoxys
|-damage|p2a: Deoxys|11/100
|
|upkeep
|turn|3
|
|t:|1779678201
|-end|p1a: Weezing|ability: Neutralizing Gas
|-ability|p2a: Deoxys|Pressure
|switch|p1a: Alomomola|Alomomola, M|100/100
|move|p2a: Deoxys|Expanding Force|p1a: Alomomola
|-damage|p1a: Alomomola|68/100
|
|upkeep
|turn|4
|
|t:|1779678213
|move|p2a: Deoxys|Taunt|p1a: Alomomola
|-start|p1a: Alomomola|move: Taunt
|move|p1a: Alomomola|Flip Turn|p2a: Deoxys
|-damage|p2a: Deoxys|0 fnt
|faint|p2a: Deoxys
|
|t:|1779678229
|switch|p1a: Darkrai|Darkrai|100/100|[from] Flip Turn
|
|upkeep
|
|t:|1779678247
|switch|p2a: Iron Valiant|Iron Valiant, shiny|100/100
|-enditem|p2a: Iron Valiant|Booster Energy
|-activate|p2a: Iron Valiant|ability: Quark Drive|[fromitem]
|-start|p2a: Iron Valiant|quarkdrivespe
|turn|5
|inactive|its.kirubel has 120 seconds left.
|
|t:|1779678283
|switch|p1a: Weezing|Weezing-Galar, M|100/100
|-ability|p1a: Weezing|Neutralizing Gas
|move|p2a: Iron Valiant|Calm Mind|p2a: Iron Valiant
|-boost|p2a: Iron Valiant|spa|1
|-boost|p2a: Iron Valiant|spd|1
|
|upkeep
|turn|6
|
|t:|1779678295
|-terastallize|p2a: Iron Valiant|Psychic
|move|p2a: Iron Valiant|Expanding Force|p1a: Weezing
|-supereffective|p1a: Weezing
|-damage|p1a: Weezing|0 fnt
|faint|p1a: Weezing
|-end|p1a: Weezing|ability: Neutralizing Gas
|
|upkeep
|
|t:|1779678310
|switch|p1a: Darkrai|Darkrai|100/100
|turn|7
|
|t:|1779678315
|move|p2a: Iron Valiant|Aura Sphere|p1a: Darkrai
|-supereffective|p1a: Darkrai
|-damage|p1a: Darkrai|0 fnt
|faint|p1a: Darkrai
|
|upkeep
|
|t:|1779678320
|switch|p1a: Ogerpon|Ogerpon, F|100/100
|turn|8
|
|t:|1779678324
|-terastallize|p1a: Ogerpon|Grass
|detailschange|p1a: Ogerpon|Ogerpon-Teal-Tera, F, tera:Grass
|-ability|p1a: Ogerpon|Embody Aspect (Teal)|boost
|-boost|p1a: Ogerpon|spe|1
|move|p2a: Iron Valiant|Expanding Force|p1a: Ogerpon
|-damage|p1a: Ogerpon|0 fnt
|faint|p1a: Ogerpon
|detailschange|p1: Ogerpon|Ogerpon, F|[silent]
|
|upkeep
|inactive|its.kirubel has 120 seconds left.
|
|t:|1779678331
|switch|p1a: Garchomp|Garchomp, F|100/100
|turn|9
|
|t:|1779678334
|move|p2a: Iron Valiant|Moonblast|p1a: Garchomp
|-supereffective|p1a: Garchomp
|-damage|p1a: Garchomp|0 fnt
|faint|p1a: Garchomp
|
|-fieldend|move: Psychic Terrain
|upkeep
|
|t:|1779678341
|switch|p1a: Alomomola|Alomomola, M|100/100
|turn|10
|
|t:|1779678343
|move|p2a: Iron Valiant|Calm Mind|p2a: Iron Valiant
|-boost|p2a: Iron Valiant|spa|1
|-boost|p2a: Iron Valiant|spd|1
|move|p1a: Alomomola|Mirror Coat||[still]
|-fail|p1a: Alomomola
|
|upkeep
|turn|11
|
|t:|1779678347
|move|p2a: Iron Valiant|Calm Mind|p2a: Iron Valiant
|-boost|p2a: Iron Valiant|spa|1
|-boost|p2a: Iron Valiant|spd|1
|move|p1a: Alomomola|Mirror Coat||[still]
|-fail|p1a: Alomomola
|
|upkeep
|turn|12
|
|t:|1779678351
|move|p2a: Iron Valiant|Calm Mind|p2a: Iron Valiant
|-boost|p2a: Iron Valiant|spa|1
|-boost|p2a: Iron Valiant|spd|1
|move|p1a: Alomomola|Body Slam|p2a: Iron Valiant
|-damage|p2a: Iron Valiant|80/100
|
|upkeep
|turn|13
|
|t:|1779678353
|move|p2a: Iron Valiant|Calm Mind|p2a: Iron Valiant
|-boost|p2a: Iron Valiant|spa|1
|-boost|p2a: Iron Valiant|spd|1
|move|p1a: Alomomola|Mirror Coat||[still]
|-fail|p1a: Alomomola
|
|upkeep
|turn|14
|
|t:|1779678356
|move|p2a: Iron Valiant|Calm Mind|p2a: Iron Valiant
|-boost|p2a: Iron Valiant|spa|1
|-boost|p2a: Iron Valiant|spd|1
|move|p1a: Alomomola|Body Slam|p2a: Iron Valiant
|-damage|p2a: Iron Valiant|61/100
|
|upkeep
|turn|15
|
|t:|1779678359
|move|p2a: Iron Valiant|Moonblast|p1a: Alomomola
|-damage|p1a: Alomomola|13/100
|-unboost|p1a: Alomomola|spa|1
|move|p1a: Alomomola|Mirror Coat|p2a: Iron Valiant
|-damage|p2a: Iron Valiant|0 fnt
|faint|p2a: Iron Valiant
|-end|p2a: Iron Valiant|Quark Drive|[silent]
|
|upkeep
|
|t:|1779678365
|switch|p2a: Iron Crown|Iron Crown|100/100
|-enditem|p2a: Iron Crown|Booster Energy
|-activate|p2a: Iron Crown|ability: Quark Drive|[fromitem]
|-start|p2a: Iron Crown|quarkdrivespa
|turn|16
|
|t:|1779678370
|move|p1a: Alomomola|Aqua Jet|p2a: Iron Crown
|-damage|p2a: Iron Crown|88/100
|move|p2a: Iron Crown|Agility|p2a: Iron Crown
|-boost|p2a: Iron Crown|spe|2
|
|upkeep
|turn|17
|
|t:|1779678379
|move|p2a: Iron Crown|Tachyon Cutter|p1a: Alomomola
|-resisted|p1a: Alomomola
|-damage|p1a: Alomomola|4/100
|-resisted|p1a: Alomomola
|-damage|p1a: Alomomola|0 fnt
|faint|p1a: Alomomola
|-hitcount|p1: Alomomola|2
|
|upkeep
|
|t:|1779678381
|switch|p1a: Corviknight|Corviknight, F|100/100
|-ability|p1a: Corviknight|Pressure
|turn|18
|
|t:|1779678384
|move|p2a: Iron Crown|Focus Blast|p1a: Corviknight
|-damage|p1a: Corviknight|59/100
|move|p1a: Corviknight|U-turn|p2a: Iron Crown
|-damage|p2a: Iron Crown|73/100
|
|-heal|p1a: Corviknight|65/100|[from] item: Leftovers
|upkeep
|turn|19
|
|t:|1779678390
|move|p2a: Iron Crown|Focus Blast|p1a: Corviknight
|-damage|p1a: Corviknight|26/100
|move|p1a: Corviknight|Roost|p1a: Corviknight
|-heal|p1a: Corviknight|76/100
|-singleturn|p1a: Corviknight|move: Roost
|
|-heal|p1a: Corviknight|82/100|[from] item: Leftovers
|upkeep
|turn|20
|
|t:|1779678393
|move|p2a: Iron Crown|Focus Blast|p1a: Corviknight
|-damage|p1a: Corviknight|45/100
|move|p1a: Corviknight|Roost|p1a: Corviknight
|-heal|p1a: Corviknight|95/100
|-singleturn|p1a: Corviknight|move: Roost
|
|-heal|p1a: Corviknight|100/100|[from] item: Leftovers
|upkeep
|turn|21
|
|t:|1779678403
|move|p2a: Iron Crown|Focus Blast|p1a: Corviknight
|-damage|p1a: Corviknight|59/100
|move|p1a: Corviknight|Roost|p1a: Corviknight
|-heal|p1a: Corviknight|100/100
|-singleturn|p1a: Corviknight|move: Roost
|
|upkeep
|turn|22
|c|☆Firebro2026|Bro you lose 😭
|
|t:|1779678408
|move|p2a: Iron Crown|Tachyon Cutter|p1a: Corviknight
|-resisted|p1a: Corviknight
|-damage|p1a: Corviknight|88/100
|-resisted|p1a: Corviknight
|-damage|p1a: Corviknight|75/100
|-hitcount|p1a: Corviknight|2
|move|p1a: Corviknight|Roost|p1a: Corviknight
|-heal|p1a: Corviknight|100/100
|-singleturn|p1a: Corviknight|move: Roost
|
|upkeep
|turn|23
|c|☆its.kirubel|u ever been mad
|c|☆its.kirubel|at how
|c|☆its.kirubel|bad u are at the game
|c|☆its.kirubel|thats me rn
|inactive|its.kirubel has 120 seconds left.
|c|☆Firebro2026|I’m beating you so what does that make you
|c|☆its.kirubel|and imma share this salt
|c|☆its.kirubel|nah im saying im mad
|c|☆its.kirubel|because
|c|☆its.kirubel|IM bad myself
|c|☆Firebro2026|O
|c|☆its.kirubel|u cooked me bro fair
|c|☆its.kirubel|and sqaure
|inactive|its.kirubel has 90 seconds left.
|c|☆Firebro2026|I’ve definitely been there
|inactive|its.kirubel has 60 seconds left.
|
|t:|1779678518
|move|p2a: Iron Crown|Tachyon Cutter|p1a: Corviknight
|-resisted|p1a: Corviknight
|-damage|p1a: Corviknight|88/100
|-resisted|p1a: Corviknight
|-damage|p1a: Corviknight|76/100
|-hitcount|p1a: Corviknight|2
|move|p1a: Corviknight|Roost|p1a: Corviknight
|-heal|p1a: Corviknight|100/100
|-singleturn|p1a: Corviknight|move: Roost
|
|upkeep
|turn|24
|c|☆its.kirubel|aight im done trolling
|c|☆its.kirubel|gg
|c|☆its.kirubel|wp broskiiiiiiiiii
|-message|its.kirubel forfeited.
|
|win|Firebro2026
|raw|its.kirubel's rating: 1220 &rarr; <strong>1196</strong><br />(-24 for losing)
|raw|Firebro2026's rating: 1229 &rarr; <strong>1253</strong><br />(+24 for winning)
|l|☆its.kirubel
|player|p1|
