|j|☆PlashShlate
|j|☆Humerus_Skelepun
|t:|1779604820
|gametype|singles
|player|p1|PlashShlate|101|1526
|player|p2|Humerus_Skelepun|169|1455
|gen|9
|tier|[Gen 9] OU
|rated|
|rule|HP Percentage Mod: HP is shown in percentages
|rule|Endless Battle Clause: Forcing endless battles is banned
|rule|Species Clause: Limit one of each Pokémon
|rule|OHKO Clause: OHKO moves are banned
|rule|Evasion Items Clause: Evasion items are banned
|rule|Evasion Moves Clause: Evasion moves are banned
|rule|Evasion Abilities Clause: Evasion abilities are banned
|rule|Sleep Moves Clause: Sleep-inducing moves are banned
|clearpoke
|poke|p1|Landorus-Therian, M|
|poke|p1|Gholdengo|
|poke|p1|Rillaboom, F|
|poke|p1|Walking Wake|
|poke|p1|Volcanion|
|poke|p1|Zamazenta-*|
|poke|p2|Amoonguss, F|
|poke|p2|Toxapex, M|
|poke|p2|Corviknight, M|
|poke|p2|Dondozo, F|
|poke|p2|Blissey, F|
|poke|p2|Gliscor, F|
|teampreview
|inactive|Battle timer is ON: inactive players will automatically lose when time's up. (requested by Humerus_Skelepun)
|inactive|PlashShlate also wants the timer to be on.
|
|t:|1779604832
|teamsize|p1|6
|teamsize|p2|6
|start
|switch|p1a: Landorus|Landorus-Therian, M|100/100
|switch|p2a: Amoonguss|Amoonguss, F|100/100
|-ability|p1a: Landorus|Intimidate|boost
|-unboost|p2a: Amoonguss|atk|1
|turn|1
|
|t:|1779604835
|move|p1a: Landorus|Taunt|p2a: Amoonguss
|-start|p2a: Amoonguss|move: Taunt
|cant|p2a: Amoonguss|move: Taunt|Toxic
|
|upkeep
|turn|2
|
|t:|1779604852
|switch|p2a: Gliscor|Gliscor, F|100/100
|move|p1a: Landorus|Stealth Rock|p2a: Gliscor
|-sidestart|p2: Humerus_Skelepun|move: Stealth Rock
|
|-status|p2a: Gliscor|tox|[from] item: Toxic Orb
|upkeep
|turn|3
|
|t:|1779604855
|move|p1a: Landorus|Taunt|p2a: Gliscor
|-start|p2a: Gliscor|move: Taunt
|move|p2a: Gliscor|Knock Off|p1a: Landorus
|-damage|p1a: Landorus|78/100
|-damage|p2a: Gliscor|84/100 tox|[from] item: Rocky Helmet|[of] p1a: Landorus
|-enditem|p1a: Landorus|Rocky Helmet|[from] move: Knock Off|[of] p2a: Gliscor
|
|-heal|p2a: Gliscor|97/100 tox|[from] ability: Poison Heal
|upkeep
|turn|4
|
|t:|1779604859
|move|p1a: Landorus|U-turn|p2a: Gliscor
|-resisted|p2a: Gliscor
|-damage|p2a: Gliscor|88/100 tox
|
|t:|1779604862
|switch|p1a: Walking Wake|Walking Wake|100/100|[from] U-turn
|-enditem|p1a: Walking Wake|Booster Energy
|-activate|p1a: Walking Wake|ability: Protosynthesis|[fromitem]
|-start|p1a: Walking Wake|protosynthesisspa
|move|p2a: Gliscor|Knock Off|p1a: Walking Wake
|-damage|p1a: Walking Wake|84/100
|
|-heal|p2a: Gliscor|100/100 tox|[from] ability: Poison Heal
|upkeep
|turn|5
|
|t:|1779604872
|switch|p2a: Blissey|Blissey, F|100/100
|move|p1a: Walking Wake|Surf|p2a: Blissey
|-damage|p2a: Blissey|80/100
|
|upkeep
|turn|6
|
|t:|1779604881
|-end|p1a: Walking Wake|Protosynthesis|[silent]
|switch|p1a: Landorus|Landorus-Therian, M|78/100
|-ability|p1a: Landorus|Intimidate|boost
|-unboost|p2a: Blissey|atk|1
|move|p2a: Blissey|Stealth Rock|p1a: Landorus
|-sidestart|p1: PlashShlate|move: Stealth Rock
|
|upkeep
|turn|7
|
|t:|1779604886
|switch|p2a: Corviknight|Corviknight, M|100/100
|-ability|p2a: Corviknight|Pressure
|move|p1a: Landorus|U-turn|p2a: Corviknight
|-resisted|p2a: Corviknight
|-damage|p2a: Corviknight|97/100
|
|t:|1779604889
|switch|p1a: Volcanion|Volcanion|100/100|[from] U-turn
|-damage|p1a: Volcanion|76/100|[from] Stealth Rock
|
|upkeep
|turn|8
|
|t:|1779604899
|switch|p2a: Toxapex|Toxapex, M|100/100
|move|p1a: Volcanion|Steam Eruption|p2a: Toxapex|[miss]
|-miss|p1a: Volcanion|p2a: Toxapex
|
|upkeep
|turn|9
|
|t:|1779604907
|switch|p1a: Gholdengo|Gholdengo|100/100
|-damage|p1a: Gholdengo|94/100|[from] Stealth Rock
|move|p2a: Toxapex|Toxic|p1a: Gholdengo
|-immune|p1a: Gholdengo|[from] ability: Good as Gold
|
|upkeep
|turn|10
|
|t:|1779604913
|switch|p2a: Gliscor|Gliscor, F|100/100 tox
|-damage|p2a: Gliscor|88/100 tox|[from] Stealth Rock
|move|p1a: Gholdengo|Nasty Plot|p1a: Gholdengo
|-boost|p1a: Gholdengo|spa|2
|
|-heal|p2a: Gliscor|100/100 tox|[from] ability: Poison Heal
|upkeep
|turn|11
|
|t:|1779604927
|switch|p2a: Toxapex|Toxapex, M|100/100
|move|p1a: Gholdengo|Make It Rain|p2a: Toxapex
|-resisted|p2a: Toxapex
|-damage|p2a: Toxapex|65/100
|-unboost|p1a: Gholdengo|spa|1
|
|upkeep
|turn|12
|
|t:|1779604932
|switch|p2a: Blissey|Blissey, F|80/100
|move|p1a: Gholdengo|Nasty Plot|p1a: Gholdengo
|-boost|p1a: Gholdengo|spa|2
|
|upkeep
|turn|13
|
|t:|1779604938
|move|p1a: Gholdengo|Nasty Plot|p1a: Gholdengo
|-boost|p1a: Gholdengo|spa|2
|move|p2a: Blissey|Calm Mind|p2a: Blissey
|-boost|p2a: Blissey|spa|1
|-boost|p2a: Blissey|spd|1
|
|upkeep
|turn|14
|
|t:|1779604947
|move|p1a: Gholdengo|Make It Rain|p2a: Blissey
|-damage|p2a: Blissey|36/100
|-unboost|p1a: Gholdengo|spa|1
|move|p2a: Blissey|Soft-Boiled|p2a: Blissey
|-heal|p2a: Blissey|86/100
|
|upkeep
|turn|15
|
|t:|1779604953
|move|p1a: Gholdengo|Nasty Plot|p1a: Gholdengo
|-boost|p1a: Gholdengo|spa|2
|move|p2a: Blissey|Calm Mind|p2a: Blissey
|-boost|p2a: Blissey|spa|1
|-boost|p2a: Blissey|spd|1
|
|upkeep
|turn|16
|
|t:|1779604959
|switch|p1a: Rillaboom|Rillaboom, F|100/100
|-damage|p1a: Rillaboom|88/100|[from] Stealth Rock
|-fieldstart|move: Grassy Terrain|[from] ability: Grassy Surge|[of] p1a: Rillaboom
|move|p2a: Blissey|Flamethrower|p1a: Rillaboom
|-supereffective|p1a: Rillaboom
|-damage|p1a: Rillaboom|4/100
|
|-heal|p1a: Rillaboom|10/100|[from] Grassy Terrain
|-heal|p2a: Blissey|92/100|[from] Grassy Terrain
|upkeep
|turn|17
|
|t:|1779604970
|switch|p2a: Amoonguss|Amoonguss, F|100/100
|move|p1a: Rillaboom|Grassy Glide|p2a: Amoonguss
|-resisted|p2a: Amoonguss
|-damage|p2a: Amoonguss|91/100
|-damage|p1a: Rillaboom|0 fnt|[from] item: Life Orb
|faint|p1a: Rillaboom
|
|-heal|p2a: Amoonguss|97/100|[from] Grassy Terrain
|upkeep
|
|t:|1779604972
|switch|p1a: Gholdengo|Gholdengo|94/100
|-damage|p1a: Gholdengo|88/100|[from] Stealth Rock
|-enditem|p1a: Gholdengo|Grassy Seed
|-boost|p1a: Gholdengo|def|1|[from] item: Grassy Seed
|turn|18
|
|t:|1779604980
|switch|p2a: Blissey|Blissey, F|92/100
|move|p1a: Gholdengo|Nasty Plot|p1a: Gholdengo
|-boost|p1a: Gholdengo|spa|2
|
|-heal|p1a: Gholdengo|94/100|[from] Grassy Terrain
|-heal|p2a: Blissey|98/100|[from] Grassy Terrain
|upkeep
|turn|19
|
|t:|1779604984
|move|p1a: Gholdengo|Nasty Plot|p1a: Gholdengo
|-boost|p1a: Gholdengo|spa|2
|move|p2a: Blissey|Calm Mind|p2a: Blissey
|-boost|p2a: Blissey|spa|1
|-boost|p2a: Blissey|spd|1
|
|-heal|p1a: Gholdengo|100/100|[from] Grassy Terrain
|-heal|p2a: Blissey|100/100|[from] Grassy Terrain
|upkeep
|turn|20
|
|t:|1779604987
|switch|p1a: Zamazenta|Zamazenta|100/100
|-damage|p1a: Zamazenta|94/100|[from] Stealth Rock
|-ability|p1a: Zamazenta|Dauntless Shield|boost
|-boost|p1a: Zamazenta|def|1
|move|p2a: Blissey|Calm Mind|p2a: Blissey
|-boost|p2a: Blissey|spa|1
|-boost|p2a: Blissey|spd|1
|
|-heal|p1a: Zamazenta|100/100|[from] Grassy Terrain
|-fieldend|move: Grassy Terrain
|upkeep
|turn|21
|-message|PlashShlate forfeited.
|
|win|Humerus_Skelepun
|raw|PlashShlate's rating: 1526 &rarr; <strong>1502</strong><br />(-24 for losing)
|raw|Humerus_Skelepun's rating: 1455 &rarr; <strong>1479</strong><br />(+24 for winning)
|l|☆PlashShlate
|player|p1|
|c|☆Humerus_Skelepun|nooooooooo
|l|☆Humerus_Skelepun
|player|p2|
