|j|☆CakNoel
|j|☆Shinydragonzord6
|t:|1779668590
|gametype|singles
|player|p1|CakNoel|hoopster|1400
|player|p2|Shinydragonzord6|byron|1450
|gen|9
|tier|[Gen 9] OU
|rated|
|rule|HP Percentage Mod: HP is shown in percentages
|rule|Endless Battle Clause: Forcing endless battles is banned
|rule|Species Clause: Limit one of each Pokémon
|rule|OHKO Clause: OHKO moves are banned
|rule|Evasion Items Clause: Evasion items are banned
|rule|Evasion Moves Clause: Evasion moves are banned
|rule|Evasion Abilities Clause: Evasion abilities are banned
|rule|Sleep Moves Clause: Sleep-inducing moves are banned
|clearpoke
|poke|p1|Tyranitar, M|
|poke|p1|Excadrill, M|
|poke|p1|Kingambit, M|
|poke|p1|Alomomola, M|
|poke|p1|Raging Bolt|
|poke|p1|Gliscor, F|
|poke|p2|Weavile, F|
|poke|p2|Volcanion|
|poke|p2|Great Tusk|
|poke|p2|Hatterene, F|
|poke|p2|Gholdengo|
|poke|p2|Dragonite, F|
|teampreview
|inactive|Battle timer is ON: inactive players will automatically lose when time's up. (requested by Shinydragonzord6)
|
|t:|1779668614
|teamsize|p1|6
|teamsize|p2|6
|start
|switch|p1a: Tyranitar|Tyranitar, M|100/100
|switch|p2a: Weavile|Weavile, F|100/100
|-weather|Sandstorm|[from] ability: Sand Stream|[of] p1a: Tyranitar
|turn|1
|
|t:|1779668628
|switch|p1a: Alomomola|Alomomola, M|100/100
|move|p2a: Weavile|Low Kick|p1a: Alomomola
|-damage|p1a: Alomomola|80/100
|-damage|p2a: Weavile|84/100|[from] item: Rocky Helmet|[of] p1a: Alomomola
|
|-weather|Sandstorm|[upkeep]
|-damage|p2a: Weavile|78/100|[from] Sandstorm
|-damage|p1a: Alomomola|74/100|[from] Sandstorm
|upkeep
|turn|2
|
|t:|1779668644
|switch|p2a: Great Tusk|Great Tusk|100/100
|move|p1a: Alomomola|Wish|p1a: Alomomola
|
|-weather|Sandstorm|[upkeep]
|-damage|p1a: Alomomola|67/100|[from] Sandstorm
|upkeep
|turn|3
|l|☆CakNoel
|inactive|CakNoel disconnected and has a minute to reconnect!
|player|p1|
|j|☆CakNoel
|inactive|CakNoel reconnected and has 120 seconds left.
|player|p1|CakNoel|hoopster|
|inactive|Shinydragonzord6 has 120 seconds left.
|
|t:|1779668686
|-end|p2a: Great Tusk|Protosynthesis|[silent]
|switch|p2a: Volcanion|Volcanion|100/100
|move|p1a: Alomomola|Flip Turn|p2a: Volcanion
|-immune|p2a: Volcanion|[from] ability: Water Absorb
|
|-weather|Sandstorm|[upkeep]
|-damage|p2a: Volcanion|94/100|[from] Sandstorm
|-damage|p1a: Alomomola|61/100|[from] Sandstorm
|-heal|p1a: Alomomola|100/100|[from] move: Wish|[wisher] Alomomola
|upkeep
|turn|4
|inactive|Shinydragonzord6 has 120 seconds left.
|
|t:|1779668698
|move|p2a: Volcanion|Will-O-Wisp|p1a: Alomomola
|-status|p1a: Alomomola|brn
|move|p1a: Alomomola|Wish|p1a: Alomomola
|
|-weather|Sandstorm|[upkeep]
|-damage|p2a: Volcanion|88/100|[from] Sandstorm
|-damage|p1a: Alomomola|94/100 brn|[from] Sandstorm
|-damage|p1a: Alomomola|88/100 brn|[from] brn
|upkeep
|turn|5
|inactive|CakNoel has 120 seconds left.
|inactive|Shinydragonzord6 has 120 seconds left.
|
|t:|1779668708
|switch|p1a: Tyranitar|Tyranitar, M|100/100
|move|p2a: Volcanion|Steam Eruption|p1a: Tyranitar
|-supereffective|p1a: Tyranitar
|-damage|p1a: Tyranitar|58/100
|-status|p1a: Tyranitar|brn
|
|-weather|Sandstorm|[upkeep]
|-damage|p2a: Volcanion|82/100|[from] Sandstorm
|-heal|p1a: Tyranitar|100/100 brn|[from] move: Wish|[wisher] Alomomola
|-damage|p1a: Tyranitar|94/100 brn|[from] brn
|upkeep
|turn|6
|inactive|Shinydragonzord6 has 120 seconds left.
|
|t:|1779668721
|move|p2a: Volcanion|Steam Eruption|p1a: Tyranitar
|-supereffective|p1a: Tyranitar
|-damage|p1a: Tyranitar|50/100 brn
|move|p1a: Tyranitar|Thunder Wave|p2a: Volcanion
|-status|p2a: Volcanion|par
|
|-weather|Sandstorm|[upkeep]
|-damage|p2a: Volcanion|76/100 par|[from] Sandstorm
|-damage|p1a: Tyranitar|44/100 brn|[from] brn
|upkeep
|turn|7
|inactive|Shinydragonzord6 has 120 seconds left.
|
|t:|1779668733
|switch|p1a: Alomomola|Alomomola, M|100/100 brn
|cant|p2a: Volcanion|par
|
|-weather|Sandstorm|[upkeep]
|-damage|p1a: Alomomola|94/100 brn|[from] Sandstorm
|-damage|p2a: Volcanion|70/100 par|[from] Sandstorm
|-damage|p1a: Alomomola|88/100 brn|[from] brn
|upkeep
|turn|8
|inactive|Shinydragonzord6 has 120 seconds left.
|
|t:|1779668743
|move|p1a: Alomomola|Wish|p1a: Alomomola
|cant|p2a: Volcanion|par
|
|-weather|none
|-damage|p1a: Alomomola|82/100 brn|[from] brn
|upkeep
|turn|9
|
|t:|1779668749
|switch|p1a: Raging Bolt|Raging Bolt|100/100
|move|p2a: Volcanion|Steam Eruption|p1a: Raging Bolt
|-resisted|p1a: Raging Bolt
|-damage|p1a: Raging Bolt|73/100
|
|-heal|p1a: Raging Bolt|100/100|[from] move: Wish|[wisher] Alomomola
|upkeep
|turn|10
|
|t:|1779668759
|switch|p2a: Hatterene|Hatterene, F|100/100
|move|p1a: Raging Bolt|Thunderbolt|p2a: Hatterene
|-damage|p2a: Hatterene|44/100
|
|upkeep
|turn|11
|
|t:|1779668766
|move|p1a: Raging Bolt|Thunderbolt|p2a: Hatterene
|-damage|p2a: Hatterene|0 fnt
|faint|p2a: Hatterene
|
|upkeep
|
|t:|1779668775
|switch|p2a: Weavile|Weavile, F|78/100
|turn|12
|
|t:|1779668781
|-end|p1a: Raging Bolt|Protosynthesis|[silent]
|switch|p1a: Alomomola|Alomomola, M|100/100 brn
|move|p2a: Weavile|Triple Axel|p1a: Alomomola
|-resisted|p1a: Alomomola
|-damage|p1a: Alomomola|95/100 brn
|-damage|p2a: Weavile|62/100|[from] item: Rocky Helmet|[of] p1a: Alomomola
|-resisted|p1a: Alomomola
|-damage|p1a: Alomomola|86/100 brn
|-damage|p2a: Weavile|45/100|[from] item: Rocky Helmet|[of] p1a: Alomomola
|-resisted|p1a: Alomomola
|-damage|p1a: Alomomola|71/100 brn
|-damage|p2a: Weavile|29/100|[from] item: Rocky Helmet|[of] p1a: Alomomola
|-hitcount|p1a: Alomomola|3
|
|-damage|p1a: Alomomola|65/100 brn|[from] brn
|upkeep
|turn|13
|
|t:|1779668810
|switch|p2a: Dragonite|Dragonite, F|100/100
|move|p1a: Alomomola|Wish|p1a: Alomomola
|
|-damage|p1a: Alomomola|59/100 brn|[from] brn
|upkeep
|turn|14
|
|t:|1779668818
|move|p2a: Dragonite|Encore|p1a: Alomomola
|-start|p1a: Alomomola|Encore
|move|p1a: Alomomola|Wish||[still]
|-fail|p1a: Alomomola
|
|-heal|p1a: Alomomola|100/100 brn|[from] move: Wish|[wisher] Alomomola
|-damage|p1a: Alomomola|94/100 brn|[from] brn
|upkeep
|turn|15
|
|t:|1779668829
|switch|p1a: Gliscor|Gliscor, F|100/100
|move|p2a: Dragonite|Dragon Dance|p2a: Dragonite
|-boost|p2a: Dragonite|atk|1
|-boost|p2a: Dragonite|spe|1
|
|-status|p1a: Gliscor|tox|[from] item: Toxic Orb
|upkeep
|turn|16
|
|t:|1779668837
|move|p2a: Dragonite|Ice Spinner|p1a: Gliscor
|-supereffective|p1a: Gliscor
|-damage|p1a: Gliscor|5/100 tox
|move|p1a: Gliscor|Toxic|p2a: Dragonite|[miss]
|-miss|p1a: Gliscor|p2a: Dragonite
|
|-heal|p1a: Gliscor|18/100 tox|[from] ability: Poison Heal
|upkeep
|turn|17
|
|t:|1779668847
|switch|p1a: Alomomola|Alomomola, M|100/100 brn
|move|p2a: Dragonite|Ice Spinner|p1a: Alomomola
|-resisted|p1a: Alomomola
|-damage|p1a: Alomomola|86/100 brn
|-damage|p2a: Dragonite|84/100|[from] item: Rocky Helmet|[of] p1a: Alomomola
|
|-heal|p2a: Dragonite|90/100|[from] item: Leftovers
|-damage|p1a: Alomomola|80/100 brn|[from] brn
|upkeep
|turn|18
|
|t:|1779668860
|move|p2a: Dragonite|Dragon Dance|p2a: Dragonite
|-boost|p2a: Dragonite|atk|1
|-boost|p2a: Dragonite|spe|1
|move|p1a: Alomomola|Scald|p2a: Dragonite
|-resisted|p2a: Dragonite
|-damage|p2a: Dragonite|83/100
|
|-heal|p2a: Dragonite|89/100|[from] item: Leftovers
|-damage|p1a: Alomomola|74/100 brn|[from] brn
|upkeep
|turn|19
|
|t:|1779668874
|-terastallize|p2a: Dragonite|Ground
|move|p2a: Dragonite|Earthquake|p1a: Alomomola
|-damage|p1a: Alomomola|3/100 brn
|move|p1a: Alomomola|Scald|p2a: Dragonite
|-supereffective|p2a: Dragonite
|-damage|p2a: Dragonite|58/100
|
|-heal|p2a: Dragonite|64/100|[from] item: Leftovers
|-damage|p1a: Alomomola|0 fnt|[from] brn
|faint|p1a: Alomomola
|upkeep
|
|t:|1779668887
|switch|p1a: Tyranitar|Tyranitar, M|44/100 brn
|-weather|Sandstorm|[from] ability: Sand Stream|[of] p1a: Tyranitar
|turn|20
|
|t:|1779668894
|move|p2a: Dragonite|Earthquake|p1a: Tyranitar
|-supereffective|p1a: Tyranitar
|-damage|p1a: Tyranitar|0 fnt
|faint|p1a: Tyranitar
|
|-weather|Sandstorm|[upkeep]
|-heal|p2a: Dragonite|70/100|[from] item: Leftovers
|upkeep
|
|t:|1779668897
|switch|p1a: Excadrill|Excadrill, M|100/100
|turn|21
|
|t:|1779668911
|move|p1a: Excadrill|Earthquake|p2a: Dragonite
|-damage|p2a: Dragonite|0 fnt
|faint|p2a: Dragonite
|-damage|p1a: Excadrill|91/100|[from] item: Life Orb
|
|-weather|Sandstorm|[upkeep]
|upkeep
|
|t:|1779668922
|switch|p2a: Volcanion|Volcanion|70/100 par
|turn|22
|
|t:|1779668926
|move|p1a: Excadrill|Earthquake|p2a: Volcanion
|-supereffective|p2a: Volcanion
|-enditem|p2a: Volcanion|Shuca Berry|[eat]
|-enditem|p2a: Volcanion|Shuca Berry|[weaken]
|-damage|p2a: Volcanion|13/100 par
|-damage|p1a: Excadrill|81/100|[from] item: Life Orb
|cant|p2a: Volcanion|par
|
|-weather|Sandstorm|[upkeep]
|-damage|p2a: Volcanion|7/100 par|[from] Sandstorm
|upkeep
|turn|23
|
|t:|1779668936
|move|p1a: Excadrill|Rapid Spin|p2a: Volcanion
|-damage|p2a: Volcanion|0 fnt
|-boost|p1a: Excadrill|spe|1
|faint|p2a: Volcanion
|-damage|p1a: Excadrill|71/100|[from] item: Life Orb
|
|-weather|Sandstorm|[upkeep]
|upkeep
|
|t:|1779668944
|switch|p2a: Great Tusk|Great Tusk|100/100
|turn|24
|
|t:|1779668970
|switch|p1a: Gliscor|Gliscor, F|18/100 tox
|move|p2a: Great Tusk|Headlong Rush|p1a: Gliscor
|-immune|p1a: Gliscor
|
|-weather|Sandstorm|[upkeep]
|-heal|p1a: Gliscor|30/100 tox|[from] ability: Poison Heal
|upkeep
|turn|25
|
|t:|1779668979
|move|p1a: Gliscor|Protect|p1a: Gliscor
|-singleturn|p1a: Gliscor|Protect
|move|p2a: Great Tusk|Ice Spinner|p1a: Gliscor
|-activate|p1a: Gliscor|move: Protect
|
|-weather|Sandstorm|[upkeep]
|-heal|p1a: Gliscor|43/100 tox|[from] ability: Poison Heal
|upkeep
|turn|26
|inactive|CakNoel has 120 seconds left.
|
|t:|1779669011
|-terastallize|p1a: Gliscor|Ground
|move|p2a: Great Tusk|Ice Spinner|p1a: Gliscor
|-supereffective|p1a: Gliscor
|-damage|p1a: Gliscor|10/100 tox
|move|p1a: Gliscor|Toxic|p2a: Great Tusk
|-status|p2a: Great Tusk|tox
|
|-weather|Sandstorm|[upkeep]
|-damage|p2a: Great Tusk|94/100 tox|[from] psn
|-heal|p1a: Gliscor|22/100 tox|[from] ability: Poison Heal
|upkeep
|turn|27
|
|t:|1779669028
|move|p1a: Gliscor|Protect|p1a: Gliscor
|-singleturn|p1a: Gliscor|Protect
|move|p2a: Great Tusk|Ice Spinner|p1a: Gliscor
|-activate|p1a: Gliscor|move: Protect
|
|-weather|none
|-damage|p2a: Great Tusk|82/100 tox|[from] psn
|-heal|p1a: Gliscor|35/100 tox|[from] ability: Poison Heal
|upkeep
|turn|28
|inactive|CakNoel has 120 seconds left.
|
|t:|1779669038
|move|p2a: Great Tusk|Close Combat|p1a: Gliscor
|-crit|p1a: Gliscor
|-damage|p1a: Gliscor|0 fnt
|-unboost|p2a: Great Tusk|def|1
|-unboost|p2a: Great Tusk|spd|1
|faint|p1a: Gliscor
|
|-damage|p2a: Great Tusk|64/100 tox|[from] psn
|upkeep
|inactive|CakNoel has 120 seconds left.
|
|t:|1779669047
|switch|p1a: Raging Bolt|Raging Bolt|100/100
|turn|29
|
|t:|1779669051
|move|p2a: Great Tusk|Headlong Rush|p1a: Raging Bolt
|-supereffective|p1a: Raging Bolt
|-damage|p1a: Raging Bolt|8/100
|-unboost|p2a: Great Tusk|def|1
|-unboost|p2a: Great Tusk|spd|1
|move|p1a: Raging Bolt|Draco Meteor|p2a: Great Tusk
|-damage|p2a: Great Tusk|0 fnt
|-unboost|p1a: Raging Bolt|spa|2
|faint|p2a: Great Tusk
|-end|p2a: Great Tusk|Protosynthesis|[silent]
|
|-heal|p1a: Raging Bolt|14/100|[from] item: Leftovers
|upkeep
|
|t:|1779669068
|switch|p2a: Weavile|Weavile, F|29/100
|turn|30
|
|t:|1779669076
|move|p2a: Weavile|Ice Shard|p1a: Raging Bolt
|-supereffective|p1a: Raging Bolt
|-damage|p1a: Raging Bolt|0 fnt
|faint|p1a: Raging Bolt
|-end|p1a: Raging Bolt|Protosynthesis|[silent]
|
|upkeep
|
|t:|1779669081
|switch|p1a: Kingambit|Kingambit, M|100/100
|-activate|p1a: Kingambit|ability: Supreme Overlord
|-start|p1a: Kingambit|fallen4|[silent]
|turn|31
|
|t:|1779669106
|switch|p2a: Gholdengo|Gholdengo|100/100
|move|p1a: Kingambit|Sucker Punch||[still]
|-fail|p1a: Kingambit
|
|upkeep
|turn|32
|
|t:|1779669113
|move|p2a: Gholdengo|Focus Blast|p1a: Kingambit|[miss]
|-miss|p2a: Gholdengo|p1a: Kingambit
|move|p1a: Kingambit|Kowtow Cleave|p2a: Gholdengo
|-supereffective|p2a: Gholdengo
|-damage|p2a: Gholdengo|0 fnt
|faint|p2a: Gholdengo
|
|upkeep
|
|t:|1779669121
|switch|p2a: Weavile|Weavile, F|29/100
|turn|33
|
|t:|1779669125
|move|p1a: Kingambit|Sucker Punch|p2a: Weavile
|-resisted|p2a: Weavile
|-damage|p2a: Weavile|0 fnt
|faint|p2a: Weavile
|
|win|CakNoel
|raw|CakNoel's rating: 1400 &rarr; <strong>1423</strong><br />(+23 for winning)
|raw|Shinydragonzord6's rating: 1450 &rarr; <strong>1427</strong><br />(-23 for losing)
