|j|☆Animal Stylez
|j|☆Holy Air
|t:|1779583533
|gametype|singles
|player|p1|Animal Stylez|266|1399
|player|p2|Holy Air|miku-ground|1433
|gen|9
|tier|[Gen 9] OU
|rated|
|rule|HP Percentage Mod: HP is shown in percentages
|rule|Endless Battle Clause: Forcing endless battles is banned
|rule|Species Clause: Limit one of each Pokémon
|rule|OHKO Clause: OHKO moves are banned
|rule|Evasion Items Clause: Evasion items are banned
|rule|Evasion Moves Clause: Evasion moves are banned
|rule|Evasion Abilities Clause: Evasion abilities are banned
|rule|Sleep Moves Clause: Sleep-inducing moves are banned
|clearpoke
|poke|p1|Moltres-Galar|
|poke|p1|Gholdengo|
|poke|p1|Samurott-Hisui, M|
|poke|p1|Smeargle, F|
|poke|p1|Zamazenta-*|
|poke|p1|Deoxys-Speed|
|poke|p2|Ribombee, F|
|poke|p2|Ogerpon-Wellspring, F|
|poke|p2|Glimmora, M|
|poke|p2|Ceruledge, F|
|poke|p2|Gholdengo|
|poke|p2|Zamazenta-*|
|teampreview
|inactive|Battle timer is ON: inactive players will automatically lose when time's up. (requested by Holy Air)
|
|t:|1779583555
|teamsize|p1|6
|teamsize|p2|6
|start
|switch|p1a: Deoxys|Deoxys-Speed|100/100
|switch|p2a: Ribombee|Ribombee, F|100/100
|-ability|p1a: Deoxys|Pressure
|turn|1
|
|t:|1779583559
|move|p1a: Deoxys|Taunt|p2a: Ribombee
|-start|p2a: Ribombee|move: Taunt
|cant|p2a: Ribombee|move: Taunt|Stun Spore
|
|upkeep
|turn|2
|
|t:|1779583565
|switch|p2a: Ceruledge|Ceruledge, F|100/100
|move|p1a: Deoxys|Light Screen|p1a: Deoxys
|-sidestart|p1: Animal Stylez|move: Light Screen
|
|upkeep
|turn|3
|inactive|Animal Stylez has 120 seconds left.
|
|t:|1779583600
|switch|p1a: Zamazenta|Zamazenta|100/100
|-ability|p1a: Zamazenta|Dauntless Shield|boost
|-boost|p1a: Zamazenta|def|1
|move|p2a: Ceruledge|Poltergeist|p1a: Zamazenta
|-activate|p1a: Zamazenta|move: Poltergeist|Leftovers
|-damage|p1a: Zamazenta|74/100
|
|-heal|p1a: Zamazenta|80/100|[from] item: Leftovers
|upkeep
|turn|4
|inactive|Animal Stylez has 120 seconds left.
|
|t:|1779583623
|move|p2a: Ceruledge|Bulk Up|p2a: Ceruledge
|-boost|p2a: Ceruledge|atk|1
|-boost|p2a: Ceruledge|def|1
|move|p1a: Zamazenta|Roar|p2a: Ceruledge
|drag|p2a: Ogerpon|Ogerpon-Wellspring, F|100/100
|
|-heal|p1a: Zamazenta|86/100|[from] item: Leftovers
|upkeep
|turn|5
|inactive|Animal Stylez has 90 seconds left.
|inactive|Animal Stylez has 60 seconds left.
|
|t:|1779583686
|switch|p1a: Samurott|Samurott-Hisui, M|100/100
|move|p2a: Ogerpon|Play Rough|p1a: Samurott
|-supereffective|p1a: Samurott
|-damage|p1a: Samurott|7/100
|
|upkeep
|turn|6
|inactive|Animal Stylez has 60 seconds left.
|inactive|Animal Stylez has 30 seconds left.
|inactive|Animal Stylez has 20 seconds left.
|
|t:|1779583732
|switch|p1a: Deoxys|Deoxys-Speed|100/100
|-ability|p1a: Deoxys|Pressure
|move|p2a: Ogerpon|Ivy Cudgel|p1a: Deoxys|[anim] Ivy Cudgel Water
|-damage|p1a: Deoxys|31/100
|
|upkeep
|turn|7
|inactive|Animal Stylez has 30 seconds left this turn.
|inactive|Animal Stylez has 20 seconds left.
|
|t:|1779583751
|move|p1a: Deoxys|Reflect|p1a: Deoxys
|-sidestart|p1: Animal Stylez|Reflect
|move|p2a: Ogerpon|Ivy Cudgel|p1a: Deoxys|[anim] Ivy Cudgel Water
|-damage|p1a: Deoxys|0 fnt
|faint|p1a: Deoxys
|
|upkeep
|inactive|Animal Stylez has 25 seconds left this turn.
|inactive|Animal Stylez has 20 seconds left.
|inactive|Animal Stylez has 15 seconds left.
|
|t:|1779583765
|switch|p1a: Moltres|Moltres-Galar|100/100
|turn|8
|inactive|Animal Stylez has 25 seconds left this turn.
|inactive|Animal Stylez has 20 seconds left.
|
|t:|1779583773
|switch|p2a: Glimmora|Glimmora, M|100/100
|-terastallize|p1a: Moltres|Ghost
|move|p1a: Moltres|Agility|p1a: Moltres
|-boost|p1a: Moltres|spe|2
|
|upkeep
|turn|9
|inactive|Animal Stylez has 30 seconds left this turn.
|
|t:|1779583780
|move|p1a: Moltres|Nasty Plot|p1a: Moltres
|-boost|p1a: Moltres|spa|2
|move|p2a: Glimmora|Meteor Beam||[still]
|-prepare|p2a: Glimmora|Meteor Beam
|-boost|p2a: Glimmora|spa|1
|-enditem|p2a: Glimmora|Power Herb
|-anim|p2a: Glimmora|Meteor Beam|p1a: Moltres
|-damage|p1a: Moltres|57/100
|
|-sideend|p1: Animal Stylez|move: Light Screen
|upkeep
|turn|10
|inactive|Animal Stylez has 30 seconds left.
|
|t:|1779583796
|move|p1a: Moltres|Fiery Wrath|p2a: Glimmora
|-damage|p2a: Glimmora|0 fnt
|faint|p2a: Glimmora
|
|upkeep
|
|t:|1779583812
|switch|p2a: Gholdengo|Gholdengo|100/100
|-item|p2a: Gholdengo|Air Balloon
|turn|11
|
|t:|1779583820
|-terastallize|p2a: Gholdengo|Fairy
|move|p1a: Moltres|Hurricane|p2a: Gholdengo
|-damage|p2a: Gholdengo|0 fnt
|-enditem|p2a: Gholdengo|Air Balloon
|faint|p2a: Gholdengo
|
|upkeep
|
|t:|1779583831
|switch|p2a: Ribombee|Ribombee, F|100/100
|turn|12
|
|t:|1779583841
|move|p1a: Moltres|Hurricane|p2a: Ribombee|[miss]
|-miss|p1a: Moltres|p2a: Ribombee
|move|p2a: Ribombee|Stun Spore|p1a: Moltres|[miss]
|-miss|p2a: Ribombee|p1a: Moltres
|
|upkeep
|turn|13
|
|t:|1779583848
|move|p1a: Moltres|Fiery Wrath|p2a: Ribombee
|-resisted|p2a: Ribombee
|-damage|p2a: Ribombee|32/100
|move|p2a: Ribombee|Stun Spore|p1a: Moltres
|-status|p1a: Moltres|par
|
|upkeep
|turn|14
|
|t:|1779583870
|move|p2a: Ribombee|Skill Swap|p1a: Moltres
|-activate|p2a: Ribombee|Skill Swap|Berserk|Shield Dust|[of] p1a: Moltres
|cant|p1a: Moltres|par
|
|-sideend|p1: Animal Stylez|Reflect
|upkeep
|turn|15
|
|t:|1779583877
|move|p2a: Ribombee|Moonblast|p1a: Moltres
|-crit|p1a: Moltres
|-damage|p1a: Moltres|2/100 par
|-enditem|p1a: Moltres|Sitrus Berry|[eat]
|-heal|p1a: Moltres|27/100 par|[from] item: Sitrus Berry
|move|p1a: Moltres|Fiery Wrath|p2a: Ribombee
|-resisted|p2a: Ribombee
|-damage|p2a: Ribombee|0 fnt
|faint|p2a: Ribombee
|
|upkeep
|
|t:|1779583882
|switch|p2a: Ceruledge|Ceruledge, F|100/100
|turn|16
|
|t:|1779583888
|move|p2a: Ceruledge|Shadow Sneak|p1a: Moltres
|-supereffective|p1a: Moltres
|-damage|p1a: Moltres|0 fnt
|faint|p1a: Moltres
|
|upkeep
|inactive|Animal Stylez has 60 seconds left.
|
|t:|1779583909
|switch|p1a: Smeargle|Smeargle, F|100/100
|turn|17
|
|t:|1779583914
|move|p2a: Ceruledge|Bulk Up|p2a: Ceruledge
|-boost|p2a: Ceruledge|atk|1
|-boost|p2a: Ceruledge|def|1
|move|p1a: Smeargle|Jaw Lock|p2a: Ceruledge
|-supereffective|p2a: Ceruledge
|-damage|p2a: Ceruledge|79/100
|-activate|p1a: Smeargle|trapped
|
|-heal|p2a: Ceruledge|85/100|[from] item: Leftovers
|upkeep
|turn|18
|inactive|Animal Stylez has 60 seconds left.
|
|t:|1779583922
|move|p2a: Ceruledge|Bitter Blade|p1a: Smeargle
|-damage|p1a: Smeargle|0 fnt
|-heal|p2a: Ceruledge|100/100|[from] drain|[of] p1a: Smeargle
|faint|p1a: Smeargle
|
|upkeep
|inactive|Animal Stylez has 60 seconds left.
|
|t:|1779583933
|switch|p1a: Gholdengo|Gholdengo|100/100
|turn|19
|
|t:|1779583936
|move|p1a: Gholdengo|Shadow Ball|p2a: Ceruledge
|-supereffective|p2a: Ceruledge
|-crit|p2a: Ceruledge
|-damage|p2a: Ceruledge|0 fnt
|faint|p2a: Ceruledge
|
|upkeep
|
|t:|1779583940
|switch|p2a: Zamazenta|Zamazenta|100/100
|-ability|p2a: Zamazenta|Dauntless Shield|boost
|-boost|p2a: Zamazenta|def|1
|turn|20
|inactive|Animal Stylez has 60 seconds left.
|
|t:|1779583971
|move|p1a: Gholdengo|Shadow Ball|p2a: Zamazenta
|-damage|p2a: Zamazenta|68/100
|move|p2a: Zamazenta|Iron Defense|p2a: Zamazenta
|-boost|p2a: Zamazenta|def|2
|
|-heal|p2a: Zamazenta|74/100|[from] item: Leftovers
|upkeep
|turn|21
|
|t:|1779583977
|move|p1a: Gholdengo|Shadow Ball|p2a: Zamazenta
|-damage|p2a: Zamazenta|40/100
|move|p2a: Zamazenta|Heavy Slam|p1a: Gholdengo
|-resisted|p1a: Gholdengo
|-damage|p1a: Gholdengo|83/100
|
|-heal|p2a: Zamazenta|46/100|[from] item: Leftovers
|upkeep
|turn|22
|inactive|Animal Stylez has 60 seconds left.
|
|t:|1779583983
|switch|p2a: Ogerpon|Ogerpon-Wellspring, F|100/100
|move|p1a: Gholdengo|Shadow Ball|p2a: Ogerpon
|-damage|p2a: Ogerpon|54/100
|-unboost|p2a: Ogerpon|spd|1
|
|upkeep
|turn|23
|-message|Holy Air forfeited.
|
|win|Animal Stylez
|raw|Animal Stylez's rating: 1399 &rarr; <strong>1421</strong><br />(+22 for winning)
|raw|Holy Air's rating: 1433 &rarr; <strong>1411</strong><br />(-22 for losing)
|l|☆Holy Air
|player|p2|
