|j|☆Lasguvainilla
|j|☆draconotmeteor
|t:|1779693895
|gametype|singles
|player|p1|Lasguvainilla|1|1231
|player|p2|draconotmeteor|shauntal|1269
|gen|9
|tier|[Gen 9] OU
|rated|
|rule|HP Percentage Mod: HP is shown in percentages
|rule|Endless Battle Clause: Forcing endless battles is banned
|rule|Species Clause: Limit one of each Pokémon
|rule|OHKO Clause: OHKO moves are banned
|rule|Evasion Items Clause: Evasion items are banned
|rule|Evasion Moves Clause: Evasion moves are banned
|rule|Evasion Abilities Clause: Evasion abilities are banned
|rule|Sleep Moves Clause: Sleep-inducing moves are banned
|clearpoke
|poke|p1|Mimikyu, F|
|poke|p1|Alomomola, F|
|poke|p1|Moltres|
|poke|p1|Dragapult, F|
|poke|p1|Serperior, F|
|poke|p1|Pecharunt|
|poke|p2|Cyclizar, F|
|poke|p2|Corviknight, F|
|poke|p2|Ting-Lu|
|poke|p2|Slowking-Galar, M|
|poke|p2|Kyurem|
|poke|p2|Garganacl, M|
|teampreview
|
|t:|1779693912
|teamsize|p1|6
|teamsize|p2|6
|start
|switch|p1a: The pult|Dragapult, F|100/100
|switch|p2a: Corviknight|Corviknight, F|100/100
|-ability|p2a: Corviknight|Pressure
|turn|1
|
|t:|1779693921
|switch|p2a: Garganacl|Garganacl, M|100/100
|move|p1a: The pult|Will-O-Wisp|p2a: Garganacl|[miss]
|-miss|p1a: The pult|p2a: Garganacl
|
|upkeep
|turn|2
|
|t:|1779693932
|switch|p1a: Pecharunt|Pecharunt|100/100
|move|p2a: Garganacl|Stealth Rock|p1a: Pecharunt
|-sidestart|p1: Lasguvainilla|move: Stealth Rock
|
|upkeep
|turn|3
|
|t:|1779693937
|switch|p2a: Slowking|Slowking-Galar, M|100/100
|move|p1a: Pecharunt|Nasty Plot|p1a: Pecharunt
|-boost|p1a: Pecharunt|spa|2
|
|upkeep
|turn|4
|
|t:|1779693948
|move|p1a: Pecharunt|Nasty Plot|p1a: Pecharunt
|-boost|p1a: Pecharunt|spa|2
|-prepare|p2a: Slowking|Chilly Reception|[premajor]
|move|p2a: Slowking|Chilly Reception|p2a: Slowking
|-weather|Snowscape
|
|t:|1779693950
|switch|p2a: Kyurem|Kyurem|100/100|[from] Chilly Reception
|-ability|p2a: Kyurem|Pressure
|
|-weather|Snowscape|[upkeep]
|upkeep
|turn|5
|
|t:|1779693960
|move|p2a: Kyurem|Protect|p2a: Kyurem
|-singleturn|p2a: Kyurem|Protect
|move|p1a: Pecharunt|Malignant Chain|p2a: Kyurem
|-activate|p2a: Kyurem|move: Protect
|
|-weather|Snowscape|[upkeep]
|upkeep
|turn|6
|
|t:|1779693968
|move|p2a: Kyurem|Substitute|p2a: Kyurem
|-start|p2a: Kyurem|Substitute
|-damage|p2a: Kyurem|75/100
|move|p1a: Pecharunt|Hex|p2a: Kyurem
|-end|p2a: Kyurem|Substitute
|
|-weather|Snowscape|[upkeep]
|-heal|p2a: Kyurem|82/100|[from] item: Leftovers
|upkeep
|turn|7
|
|t:|1779693979
|move|p2a: Kyurem|Protect|p2a: Kyurem
|-singleturn|p2a: Kyurem|Protect
|move|p1a: Pecharunt|Malignant Chain|p2a: Kyurem
|-activate|p2a: Kyurem|move: Protect
|
|-weather|Snowscape|[upkeep]
|-heal|p2a: Kyurem|88/100|[from] item: Leftovers
|upkeep
|turn|8
|
|t:|1779693987
|move|p2a: Kyurem|Substitute|p2a: Kyurem
|-start|p2a: Kyurem|Substitute
|-damage|p2a: Kyurem|63/100
|move|p1a: Pecharunt|Malignant Chain|p2a: Kyurem
|-end|p2a: Kyurem|Substitute
|
|-weather|none
|-heal|p2a: Kyurem|69/100|[from] item: Leftovers
|upkeep
|turn|9
|
|t:|1779693995
|move|p2a: Kyurem|Protect|p2a: Kyurem
|-singleturn|p2a: Kyurem|Protect
|move|p1a: Pecharunt|Nasty Plot|p1a: Pecharunt
|-boost|p1a: Pecharunt|spa|2
|
|-heal|p2a: Kyurem|75/100|[from] item: Leftovers
|upkeep
|turn|10
|
|t:|1779694003
|move|p2a: Kyurem|Substitute|p2a: Kyurem
|-start|p2a: Kyurem|Substitute
|-damage|p2a: Kyurem|50/100
|move|p1a: Pecharunt|Hex|p2a: Kyurem
|-end|p2a: Kyurem|Substitute
|
|-heal|p2a: Kyurem|56/100|[from] item: Leftovers
|upkeep
|turn|11
|
|t:|1779694018
|move|p2a: Kyurem|Protect|p2a: Kyurem
|-singleturn|p2a: Kyurem|Protect
|move|p1a: Pecharunt|Hex|p2a: Kyurem
|-activate|p2a: Kyurem|move: Protect
|
|-heal|p2a: Kyurem|63/100|[from] item: Leftovers
|upkeep
|turn|12
|
|t:|1779694028
|move|p2a: Kyurem|Substitute|p2a: Kyurem
|-start|p2a: Kyurem|Substitute
|-damage|p2a: Kyurem|38/100
|move|p1a: Pecharunt|Hex|p2a: Kyurem
|-end|p2a: Kyurem|Substitute
|
|-heal|p2a: Kyurem|44/100|[from] item: Leftovers
|upkeep
|turn|13
|
|t:|1779694037
|move|p2a: Kyurem|Protect|p2a: Kyurem
|-singleturn|p2a: Kyurem|Protect
|move|p1a: Pecharunt|Hex|p2a: Kyurem
|-activate|p2a: Kyurem|move: Protect
|
|-heal|p2a: Kyurem|50/100|[from] item: Leftovers
|upkeep
|turn|14
|
|t:|1779694051
|switch|p2a: Cyclizar|Cyclizar, F|100/100
|switch|p1a: Mikyu :3|Mimikyu, F|100/100
|-damage|p1a: Mikyu :3|88/100|[from] Stealth Rock
|
|upkeep
|turn|15
|
|t:|1779694058
|move|p2a: Cyclizar|U-turn|p1a: Mikyu :3
|-activate|p1a: Mikyu :3|ability: Disguise
|-damage|p1a: Mikyu :3|88/100
|detailschange|p1a: Mikyu :3|Mimikyu-Busted, F
|-damage|p1a: Mikyu :3|76/100|[from] pokemon: Mimikyu-Busted
|
|t:|1779694075
|switch|p2a: Ting-Lu|Ting-Lu|100/100|[from] U-turn
|-ability|p2a: Ting-Lu|Vessel of Ruin
|move|p1a: Mikyu :3|Swords Dance|p1a: Mikyu :3
|-boost|p1a: Mikyu :3|atk|2
|
|upkeep
|turn|16
|
|t:|1779694089
|-terastallize|p2a: Ting-Lu|Water
|move|p1a: Mikyu :3|Play Rough|p2a: Ting-Lu
|-damage|p2a: Ting-Lu|50/100
|-damage|p1a: Mikyu :3|66/100|[from] item: Life Orb
|move|p2a: Ting-Lu|Whirlwind|p1a: Mikyu :3
|drag|p1a: Burn him|Moltres|100/100
|
|-heal|p2a: Ting-Lu|56/100|[from] item: Leftovers
|upkeep
|turn|17
|
|t:|1779694103
|switch|p2a: Garganacl|Garganacl, M|100/100
|move|p1a: Burn him|U-turn|p2a: Garganacl
|-damage|p2a: Garganacl|91/100
|
|t:|1779694112
|switch|p1a: Serperior|Serperior, F|100/100|[from] U-turn
|
|-heal|p2a: Garganacl|97/100|[from] item: Leftovers
|upkeep
|turn|18
|
|t:|1779694123
|switch|p2a: Corviknight|Corviknight, F|100/100
|-ability|p2a: Corviknight|Pressure
|move|p1a: Serperior|Leaf Storm|p2a: Corviknight
|-resisted|p2a: Corviknight
|-damage|p2a: Corviknight|89/100
|-boost|p1a: Serperior|spa|2
|
|upkeep
|turn|19
|
|t:|1779694137
|-terastallize|p1a: Serperior|Dragon
|move|p1a: Serperior|Leaf Storm|p2a: Corviknight
|-resisted|p2a: Corviknight
|-damage|p2a: Corviknight|66/100
|-boost|p1a: Serperior|spa|2
|move|p2a: Corviknight|U-turn|p1a: Serperior
|-damage|p1a: Serperior|84/100
|
|t:|1779694142
|switch|p2a: Kyurem|Kyurem|50/100|[from] U-turn
|-ability|p2a: Kyurem|Pressure
|
|-heal|p2a: Kyurem|56/100|[from] item: Leftovers
|upkeep
|turn|20
|
|t:|1779694153
|switch|p2a: Slowking|Slowking-Galar, M|100/100
|move|p1a: Serperior|Dragon Pulse|p2a: Slowking
|-damage|p2a: Slowking|42/100
|
|upkeep
|turn|21
|
|t:|1779694162
|move|p1a: Serperior|Dragon Pulse|p2a: Slowking
|-damage|p2a: Slowking|0 fnt
|faint|p2a: Slowking
|
|upkeep
|
|t:|1779694164
|switch|p2a: Corviknight|Corviknight, F|66/100
|-ability|p2a: Corviknight|Pressure
|turn|22
|
|t:|1779694172
|move|p1a: Serperior|Dragon Pulse|p2a: Corviknight
|-resisted|p2a: Corviknight
|-damage|p2a: Corviknight|23/100
|move|p2a: Corviknight|Roost|p2a: Corviknight
|-heal|p2a: Corviknight|73/100
|-singleturn|p2a: Corviknight|move: Roost
|
|upkeep
|turn|23
|
|t:|1779694180
|move|p1a: Serperior|Leaf Storm|p2a: Corviknight
|-resisted|p2a: Corviknight
|-damage|p2a: Corviknight|40/100
|-boost|p1a: Serperior|spa|2
|move|p2a: Corviknight|Roost|p2a: Corviknight
|-heal|p2a: Corviknight|90/100
|-singleturn|p2a: Corviknight|move: Roost
|
|upkeep
|turn|24
|
|t:|1779694189
|move|p1a: Serperior|Giga Drain|p2a: Corviknight
|-resisted|p2a: Corviknight
|-damage|p2a: Corviknight|62/100
|-heal|p1a: Serperior|100/100|[from] drain|[of] p2a: Corviknight
|move|p2a: Corviknight|Roost|p2a: Corviknight
|-heal|p2a: Corviknight|100/100
|-singleturn|p2a: Corviknight|move: Roost
|
|upkeep
|turn|25
|
|t:|1779694199
|move|p1a: Serperior|Dragon Pulse|p2a: Corviknight
|-resisted|p2a: Corviknight
|-damage|p2a: Corviknight|43/100
|move|p2a: Corviknight|U-turn|p1a: Serperior
|-damage|p1a: Serperior|82/100
|
|t:|1779694201
|switch|p2a: Cyclizar|Cyclizar, F|100/100|[from] U-turn
|
|upkeep
|turn|26
|
|t:|1779694209
|move|p2a: Cyclizar|Draco Meteor|p1a: Serperior
|-supereffective|p1a: Serperior
|-damage|p1a: Serperior|0 fnt
|-unboost|p2a: Cyclizar|spa|2
|faint|p1a: Serperior
|
|upkeep
|
|t:|1779694217
|switch|p1a: Mikyu :3|Mimikyu-Busted, F|66/100
|-damage|p1a: Mikyu :3|53/100|[from] Stealth Rock
|turn|27
|
|t:|1779694226
|move|p2a: Cyclizar|U-turn|p1a: Mikyu :3
|-resisted|p1a: Mikyu :3
|-damage|p1a: Mikyu :3|48/100
|
|t:|1779694228
|switch|p2a: Kyurem|Kyurem|56/100|[from] U-turn
|-ability|p2a: Kyurem|Pressure
|move|p1a: Mikyu :3|Drain Punch|p2a: Kyurem
|-supereffective|p2a: Kyurem
|-damage|p2a: Kyurem|8/100
|-heal|p1a: Mikyu :3|87/100|[from] drain|[of] p2a: Kyurem
|-damage|p1a: Mikyu :3|77/100|[from] item: Life Orb
|
|-heal|p2a: Kyurem|14/100|[from] item: Leftovers
|upkeep
|turn|28
|
|t:|1779694239
|move|p1a: Mikyu :3|Shadow Sneak|p2a: Kyurem
|-damage|p2a: Kyurem|0 fnt
|faint|p2a: Kyurem
|-damage|p1a: Mikyu :3|67/100|[from] item: Life Orb
|
|upkeep
|
|t:|1779694247
|switch|p2a: Garganacl|Garganacl, M|97/100
|turn|29
|
|t:|1779694252
|move|p1a: Mikyu :3|Drain Punch|p2a: Garganacl
|-supereffective|p2a: Garganacl
|-damage|p2a: Garganacl|66/100
|-heal|p1a: Mikyu :3|93/100|[from] drain|[of] p2a: Garganacl
|-damage|p1a: Mikyu :3|83/100|[from] item: Life Orb
|move|p2a: Garganacl|Salt Cure|p1a: Mikyu :3
|-damage|p1a: Mikyu :3|60/100
|-start|p1a: Mikyu :3|Salt Cure
|
|-heal|p2a: Garganacl|72/100|[from] item: Leftovers
|-damage|p1a: Mikyu :3|48/100|[from] Salt Cure
|upkeep
|turn|30
|
|t:|1779694263
|switch|p2a: Ting-Lu|Ting-Lu, tera:Water|56/100
|-ability|p2a: Ting-Lu|Vessel of Ruin
|move|p1a: Mikyu :3|Swords Dance|p1a: Mikyu :3
|-boost|p1a: Mikyu :3|atk|2
|
|-heal|p2a: Ting-Lu|63/100|[from] item: Leftovers
|-damage|p1a: Mikyu :3|35/100|[from] Salt Cure
|upkeep
|turn|31
|
|t:|1779694272
|move|p1a: Mikyu :3|Drain Punch|p2a: Ting-Lu
|-damage|p2a: Ting-Lu|36/100
|-heal|p1a: Mikyu :3|63/100|[from] drain|[of] p2a: Ting-Lu
|-damage|p1a: Mikyu :3|53/100|[from] item: Life Orb
|move|p2a: Ting-Lu|Earthquake|p1a: Mikyu :3
|-crit|p1a: Mikyu :3
|-damage|p1a: Mikyu :3|0 fnt
|faint|p1a: Mikyu :3
|
|-heal|p2a: Ting-Lu|42/100|[from] item: Leftovers
|upkeep
|
|t:|1779694283
|switch|p1a: The pult|Dragapult, F|100/100
|-damage|p1a: The pult|88/100|[from] Stealth Rock
|turn|32
|
|t:|1779694289
|switch|p2a: Garganacl|Garganacl, M|72/100
|move|p1a: The pult|Dragon Darts|p2a: Garganacl
|-damage|p2a: Garganacl|55/100
|-anim|p1a: The pult|Dragon Darts|p2a: Garganacl
|-damage|p2a: Garganacl|37/100
|
|-heal|p2a: Garganacl|43/100|[from] item: Leftovers
|upkeep
|turn|33
|
|t:|1779694306
|switch|p1a: Pecharunt|Pecharunt|100/100
|-damage|p1a: Pecharunt|88/100|[from] Stealth Rock
|move|p2a: Garganacl|Recover|p2a: Garganacl
|-heal|p2a: Garganacl|93/100
|
|-heal|p1a: Pecharunt|94/100|[from] item: Leftovers
|-heal|p2a: Garganacl|99/100|[from] item: Leftovers
|upkeep
|turn|34
|
|t:|1779694315
|move|p1a: Pecharunt|Nasty Plot|p1a: Pecharunt
|-boost|p1a: Pecharunt|spa|2
|move|p2a: Garganacl|Salt Cure|p1a: Pecharunt
|-crit|p1a: Pecharunt
|-damage|p1a: Pecharunt|81/100
|-start|p1a: Pecharunt|Salt Cure
|
|-heal|p1a: Pecharunt|87/100|[from] item: Leftovers
|-heal|p2a: Garganacl|100/100|[from] item: Leftovers
|-damage|p1a: Pecharunt|74/100|[from] Salt Cure
|upkeep
|turn|35
|
|t:|1779694327
|switch|p2a: Cyclizar|Cyclizar, F|100/100
|move|p1a: Pecharunt|Nasty Plot|p1a: Pecharunt
|-boost|p1a: Pecharunt|spa|2
|
|-heal|p1a: Pecharunt|80/100|[from] item: Leftovers
|-damage|p1a: Pecharunt|68/100|[from] Salt Cure
|upkeep
|turn|36
|
|t:|1779694336
|move|p2a: Cyclizar|U-turn|p1a: Pecharunt
|-resisted|p1a: Pecharunt
|-damage|p1a: Pecharunt|66/100
|
|t:|1779694339
|switch|p2a: Corviknight|Corviknight, F|43/100|[from] U-turn
|-ability|p2a: Corviknight|Pressure
|move|p1a: Pecharunt|Malignant Chain|p2a: Corviknight
|-immune|p2a: Corviknight
|
|-heal|p1a: Pecharunt|72/100|[from] item: Leftovers
|-damage|p1a: Pecharunt|60/100|[from] Salt Cure
|upkeep
|turn|37
|
|t:|1779694350
|switch|p2a: Cyclizar|Cyclizar, F|100/100
|move|p1a: Pecharunt|Recover|p1a: Pecharunt
|-heal|p1a: Pecharunt|100/100
|
|-damage|p1a: Pecharunt|88/100|[from] Salt Cure
|upkeep
|turn|38
|
|t:|1779694361
|switch|p1a: Burn him|Moltres|100/100
|move|p2a: Cyclizar|Knock Off|p1a: Burn him
|-damage|p1a: Burn him|82/100
|-enditem|p1a: Burn him|Heavy-Duty Boots|[from] move: Knock Off|[of] p2a: Cyclizar
|
|upkeep
|turn|39
|
|t:|1779694370
|move|p2a: Cyclizar|U-turn|p1a: Burn him
|-resisted|p1a: Burn him
|-damage|p1a: Burn him|79/100
|-status|p2a: Cyclizar|brn|[from] ability: Flame Body|[of] p1a: Burn him
|
|t:|1779694372
|switch|p2a: Garganacl|Garganacl, M|100/100|[from] U-turn
|move|p1a: Burn him|Roost|p1a: Burn him
|-heal|p1a: Burn him|100/100
|-singleturn|p1a: Burn him|move: Roost
|
|upkeep
|turn|40
|
|t:|1779694404
|move|p1a: Burn him|U-turn|p2a: Garganacl
|-damage|p2a: Garganacl|92/100
|
|t:|1779694409
|switch|p1a: Pecharunt|Pecharunt|88/100|[from] U-turn
|-damage|p1a: Pecharunt|76/100|[from] Stealth Rock
|move|p2a: Garganacl|Salt Cure|p1a: Pecharunt
|-damage|p1a: Pecharunt|67/100
|-start|p1a: Pecharunt|Salt Cure
|
|-heal|p1a: Pecharunt|73/100|[from] item: Leftovers
|-heal|p2a: Garganacl|98/100|[from] item: Leftovers
|-damage|p1a: Pecharunt|60/100|[from] Salt Cure
|upkeep
|turn|41
|
|t:|1779694438
|switch|p1a: The pult|Dragapult, F|88/100
|-damage|p1a: The pult|76/100|[from] Stealth Rock
|switch|p2a: Cyclizar|Cyclizar, F|100/100 brn
|
|-damage|p2a: Cyclizar|94/100 brn|[from] brn
|upkeep
|turn|42
|
|t:|1779694448
|switch|p2a: Garganacl|Garganacl, M|98/100
|move|p1a: The pult|Dragon Darts|p2a: Garganacl
|-damage|p2a: Garganacl|80/100
|-anim|p1a: The pult|Dragon Darts|p2a: Garganacl
|-damage|p2a: Garganacl|62/100
|
|-heal|p2a: Garganacl|68/100|[from] item: Leftovers
|upkeep
|turn|43
|
|t:|1779694457
|move|p1a: The pult|Dragon Darts|p2a: Garganacl
|-damage|p2a: Garganacl|51/100
|-anim|p1a: The pult|Dragon Darts|p2a: Garganacl
|-damage|p2a: Garganacl|33/100
|move|p2a: Garganacl|Salt Cure|p1a: The pult
|-damage|p1a: The pult|57/100
|-start|p1a: The pult|Salt Cure
|
|-heal|p2a: Garganacl|40/100|[from] item: Leftovers
|-damage|p1a: The pult|44/100|[from] Salt Cure
|upkeep
|turn|44
|
|t:|1779694481
|move|p2a: Garganacl|Protect|p2a: Garganacl
|-singleturn|p2a: Garganacl|Protect
|move|p1a: The pult|Dragon Darts|p2a: Garganacl
|-activate|p2a: Garganacl|move: Protect
|
|-heal|p2a: Garganacl|46/100|[from] item: Leftovers
|-damage|p1a: The pult|32/100|[from] Salt Cure
|upkeep
|turn|45
|inactive|Battle timer is ON: inactive players will automatically lose when time's up. (requested by draconotmeteor)
|
|t:|1779694489
|move|p1a: The pult|Dragon Darts|p2a: Garganacl
|-damage|p2a: Garganacl|28/100
|-anim|p1a: The pult|Dragon Darts|p2a: Garganacl
|-damage|p2a: Garganacl|11/100
|move|p2a: Garganacl|Recover|p2a: Garganacl
|-heal|p2a: Garganacl|61/100
|
|-heal|p2a: Garganacl|68/100|[from] item: Leftovers
|-damage|p1a: The pult|20/100|[from] Salt Cure
|upkeep
|turn|46
|
|t:|1779694504
|switch|p1a: Palindrome|Alomomola, F|100/100
|-damage|p1a: Palindrome|88/100|[from] Stealth Rock
|move|p2a: Garganacl|Salt Cure|p1a: Palindrome
|-damage|p1a: Palindrome|77/100
|-start|p1a: Palindrome|Salt Cure
|
|-heal|p2a: Garganacl|74/100|[from] item: Leftovers
|-damage|p1a: Palindrome|52/100|[from] Salt Cure
|upkeep
|turn|47
|-message|Lasguvainilla forfeited.
|
|win|draconotmeteor
|raw|Lasguvainilla's rating: 1231 &rarr; <strong>1209</strong><br />(-22 for losing)
|raw|draconotmeteor's rating: 1269 &rarr; <strong>1291</strong><br />(+22 for winning)
|l|☆Lasguvainilla
|player|p1|
