|j|☆Relish Toast
|j|☆Minnesotaaa
|t:|1779712262
|gametype|singles
|player|p1|Relish Toast|kieran-festival|1169
|player|p2|Minnesotaaa|blue|1213
|gen|9
|tier|[Gen 9] OU
|rated|
|rule|HP Percentage Mod: HP is shown in percentages
|rule|Endless Battle Clause: Forcing endless battles is banned
|rule|Species Clause: Limit one of each Pokémon
|rule|OHKO Clause: OHKO moves are banned
|rule|Evasion Items Clause: Evasion items are banned
|rule|Evasion Moves Clause: Evasion moves are banned
|rule|Evasion Abilities Clause: Evasion abilities are banned
|rule|Sleep Moves Clause: Sleep-inducing moves are banned
|clearpoke
|poke|p1|Torkoal, F|
|poke|p1|Trevenant, F|
|poke|p1|Great Tusk|
|poke|p1|Vileplume, F|
|poke|p1|Leavanny, F|
|poke|p1|Raging Bolt|
|poke|p2|Ribombee, F|
|poke|p2|Kingambit, F|
|poke|p2|Malamar, F|
|poke|p2|Serperior, F|
|poke|p2|Milotic, M|
|poke|p2|Cinderace, F|
|teampreview
|inactive|Battle timer is ON: inactive players will automatically lose when time's up. (requested by Relish Toast)
|
|t:|1779712277
|teamsize|p1|6
|teamsize|p2|6
|start
|switch|p1a: Leavanny|Leavanny, F, shiny|100/100
|switch|p2a: Ribombee|Ribombee, F|100/100
|turn|1
|
|t:|1779712282
|move|p2a: Ribombee|Sticky Web|p1a: Leavanny
|-sidestart|p1: Relish Toast|move: Sticky Web
|move|p1a: Leavanny|Sunny Day|p1a: Leavanny
|-weather|SunnyDay
|
|-weather|SunnyDay|[upkeep]
|upkeep
|turn|2
|
|t:|1779712295
|switch|p1a: Torkoal|Torkoal, F|100/100
|-activate|p1a: Torkoal|move: Sticky Web
|-unboost|p1a: Torkoal|spe|1
|move|p2a: Ribombee|Bug Buzz|p1a: Torkoal
|-resisted|p1a: Torkoal
|-damage|p1a: Torkoal|74/100
|
|-weather|SunnyDay|[upkeep]
|upkeep
|turn|3
|
|t:|1779712309
|switch|p2a: Cinderace|Cinderace, F|100/100
|move|p1a: Torkoal|Rapid Spin|p2a: Cinderace
|-damage|p2a: Cinderace|86/100
|-boost|p1a: Torkoal|spe|1
|-sideend|p1: Relish Toast|Sticky Web|[from] move: Rapid Spin|[of] p1a: Torkoal
|
|-weather|SunnyDay|[upkeep]
|upkeep
|turn|4
|
|t:|1779712317
|move|p2a: Cinderace|U-turn|p1a: Torkoal
|-start|p2a: Cinderace|typechange|Bug|[from] ability: Libero
|-resisted|p1a: Torkoal
|-damage|p1a: Torkoal|63/100
|
|t:|1779712320
|switch|p2a: Milotic|Milotic, M|100/100|[from] U-turn
|move|p1a: Torkoal|Stealth Rock|p2a: Milotic
|-sidestart|p2: Minnesotaaa|move: Stealth Rock
|
|-weather|SunnyDay|[upkeep]
|upkeep
|turn|5
|
|t:|1779712328
|switch|p1a: Leavanny|Leavanny, F, shiny|100/100
|move|p2a: Milotic|Scald|p1a: Leavanny
|-resisted|p1a: Leavanny
|-damage|p1a: Leavanny|91/100
|-status|p1a: Leavanny|brn
|
|-weather|none
|-damage|p1a: Leavanny|85/100 brn|[from] brn
|upkeep
|turn|6
|
|t:|1779712337
|switch|p2a: Ribombee|Ribombee, F|100/100
|-damage|p2a: Ribombee|76/100|[from] Stealth Rock
|move|p1a: Leavanny|Knock Off|p2a: Ribombee
|-resisted|p2a: Ribombee
|-damage|p2a: Ribombee|62/100
|-enditem|p2a: Ribombee|Focus Sash|[from] move: Knock Off|[of] p1a: Leavanny
|
|-damage|p1a: Leavanny|79/100 brn|[from] brn
|upkeep
|turn|7
|
|t:|1779712346
|switch|p1a: Torkoal|Torkoal, F|63/100
|-weather|SunnyDay|[from] ability: Drought|[of] p1a: Torkoal
|move|p2a: Ribombee|Sticky Web|p1a: Torkoal
|-sidestart|p1: Relish Toast|move: Sticky Web
|
|-weather|SunnyDay|[upkeep]
|upkeep
|turn|8
|
|t:|1779712366
|move|p2a: Ribombee|Quiver Dance|p2a: Ribombee
|-boost|p2a: Ribombee|spa|1
|-boost|p2a: Ribombee|spd|1
|-boost|p2a: Ribombee|spe|1
|move|p1a: Torkoal|Rapid Spin|p2a: Ribombee
|-damage|p2a: Ribombee|43/100
|-boost|p1a: Torkoal|spe|1
|-sideend|p1: Relish Toast|Sticky Web|[from] move: Rapid Spin|[of] p1a: Torkoal
|
|-weather|SunnyDay|[upkeep]
|upkeep
|turn|9
|
|t:|1779712370
|move|p2a: Ribombee|Sticky Web|p1a: Torkoal
|-sidestart|p1: Relish Toast|move: Sticky Web
|move|p1a: Torkoal|Rapid Spin|p2a: Ribombee
|-damage|p2a: Ribombee|22/100
|-boost|p1a: Torkoal|spe|1
|-sideend|p1: Relish Toast|Sticky Web|[from] move: Rapid Spin|[of] p1a: Torkoal
|
|-weather|SunnyDay|[upkeep]
|upkeep
|turn|10
|
|t:|1779712377
|move|p2a: Ribombee|Sticky Web|p1a: Torkoal
|-sidestart|p1: Relish Toast|move: Sticky Web
|move|p1a: Torkoal|Rapid Spin|p2a: Ribombee
|-damage|p2a: Ribombee|2/100
|-boost|p1a: Torkoal|spe|1
|-sideend|p1: Relish Toast|Sticky Web|[from] move: Rapid Spin|[of] p1a: Torkoal
|
|-weather|SunnyDay|[upkeep]
|upkeep
|turn|11
|
|t:|1779712383
|move|p2a: Ribombee|Sticky Web|p1a: Torkoal
|-sidestart|p1: Relish Toast|move: Sticky Web
|move|p1a: Torkoal|Rapid Spin|p2a: Ribombee
|-crit|p2a: Ribombee
|-damage|p2a: Ribombee|0 fnt
|-boost|p1a: Torkoal|spe|1
|-sideend|p1: Relish Toast|Sticky Web|[from] move: Rapid Spin|[of] p1a: Torkoal
|faint|p2a: Ribombee
|
|-weather|SunnyDay|[upkeep]
|upkeep
|
|t:|1779712385
|switch|p2a: Cinderace|Cinderace, F|86/100
|turn|12
|
|t:|1779712390
|move|p2a: Cinderace|Court Change|p2a: Cinderace
|-start|p2a: Cinderace|typechange|Normal|[from] ability: Libero
|-swapsideconditions
|-activate|p2a: Cinderace|move: Court Change
|move|p1a: Torkoal|Rapid Spin|p2a: Cinderace
|-damage|p2a: Cinderace|72/100
|-boost|p1a: Torkoal|spe|1
|-sideend|p1: Relish Toast|Stealth Rock|[from] move: Rapid Spin|[of] p1a: Torkoal
|
|-weather|SunnyDay|[upkeep]
|upkeep
|turn|13
|
|t:|1779712402
|move|p2a: Cinderace|U-turn|p1a: Torkoal
|-resisted|p1a: Torkoal
|-damage|p1a: Torkoal|56/100
|
|t:|1779712404
|switch|p2a: Milotic|Milotic, M|100/100|[from] U-turn
|move|p1a: Torkoal|Stealth Rock|p2a: Milotic
|-sidestart|p2: Minnesotaaa|move: Stealth Rock
|
|-weather|SunnyDay|[upkeep]
|upkeep
|turn|14
|
|t:|1779712412
|switch|p1a: Leavanny|Leavanny, F, shiny|79/100 brn
|move|p2a: Milotic|Ice Beam|p1a: Leavanny
|-supereffective|p1a: Leavanny
|-damage|p1a: Leavanny|19/100 brn
|
|-weather|none
|-damage|p1a: Leavanny|13/100 brn|[from] brn
|upkeep
|turn|15
|
|t:|1779712424
|switch|p2a: Cinderace|Cinderace, F|72/100
|move|p1a: Leavanny|Knock Off|p2a: Cinderace
|-damage|p2a: Cinderace|51/100
|-enditem|p2a: Cinderace|Heavy-Duty Boots|[from] move: Knock Off|[of] p1a: Leavanny
|
|-damage|p1a: Leavanny|7/100 brn|[from] brn
|upkeep
|turn|16
|
|t:|1779712434
|switch|p1a: Torkoal|Torkoal, F|56/100
|-weather|SunnyDay|[from] ability: Drought|[of] p1a: Torkoal
|move|p2a: Cinderace|Court Change|p2a: Cinderace
|-start|p2a: Cinderace|typechange|Normal|[from] ability: Libero
|-swapsideconditions
|-activate|p2a: Cinderace|move: Court Change
|
|-weather|SunnyDay|[upkeep]
|upkeep
|turn|17
|
|t:|1779712438
|move|p2a: Cinderace|High Jump Kick|p1a: Torkoal
|-damage|p1a: Torkoal|29/100
|move|p1a: Torkoal|Rapid Spin|p2a: Cinderace
|-damage|p2a: Cinderace|36/100
|-boost|p1a: Torkoal|spe|1
|-sideend|p1: Relish Toast|Stealth Rock|[from] move: Rapid Spin|[of] p1a: Torkoal
|
|-weather|SunnyDay|[upkeep]
|upkeep
|turn|18
|
|t:|1779712446
|move|p2a: Cinderace|U-turn|p1a: Torkoal
|-resisted|p1a: Torkoal
|-damage|p1a: Torkoal|21/100
|
|t:|1779712451
|switch|p2a: Malamar|Malamar, F|100/100|[from] U-turn
|move|p1a: Torkoal|Stealth Rock|p2a: Malamar
|-sidestart|p2: Minnesotaaa|move: Stealth Rock
|
|-weather|SunnyDay|[upkeep]
|upkeep
|turn|19
|
|t:|1779712461
|switch|p1a: Leavanny|Leavanny, F, shiny|7/100 brn
|move|p2a: Malamar|Superpower|p1a: Leavanny
|-resisted|p1a: Leavanny
|-damage|p1a: Leavanny|0 fnt
|-boost|p2a: Malamar|atk|1
|-boost|p2a: Malamar|def|1
|faint|p1a: Leavanny
|
|-weather|SunnyDay|[upkeep]
|upkeep
|
|t:|1779712468
|switch|p1a: Vileplume|Vileplume, F, shiny|100/100
|turn|20
|
|t:|1779712473
|-terastallize|p1a: Vileplume|Fairy
|move|p1a: Vileplume|Moonblast|p2a: Malamar
|-supereffective|p2a: Malamar
|-damage|p2a: Malamar|0 fnt
|faint|p2a: Malamar
|-damage|p1a: Vileplume|91/100|[from] item: Life Orb
|
|-weather|SunnyDay|[upkeep]
|upkeep
|
|t:|1779712489
|switch|p2a: Cinderace|Cinderace, F|36/100
|-damage|p2a: Cinderace|11/100|[from] Stealth Rock
|turn|21
|
|t:|1779712494
|move|p1a: Vileplume|Moonblast|p2a: Cinderace
|-resisted|p2a: Cinderace
|-damage|p2a: Cinderace|0 fnt
|faint|p2a: Cinderace
|-damage|p1a: Vileplume|81/100|[from] item: Life Orb
|
|-weather|SunnyDay|[upkeep]
|upkeep
|inactive|Minnesotaaa has 120 seconds left.
|
|t:|1779712537
|switch|p2a: Kingambit|Kingambit, F|100/100
|-damage|p2a: Kingambit|94/100|[from] Stealth Rock
|turn|22
|
|t:|1779712549
|switch|p1a: Great Tusk|Great Tusk|100/100
|-activate|p1a: Great Tusk|ability: Protosynthesis
|-start|p1a: Great Tusk|protosynthesisatk
|move|p2a: Kingambit|Iron Head|p1a: Great Tusk
|-damage|p1a: Great Tusk|66/100
|
|-weather|SunnyDay|[upkeep]
|upkeep
|turn|23
|inactive|Minnesotaaa has 120 seconds left.
|
|t:|1779712569
|switch|p2a: Serperior|Serperior, F|100/100
|-damage|p2a: Serperior|88/100|[from] Stealth Rock
|move|p1a: Great Tusk|Rapid Spin|p2a: Serperior
|-damage|p2a: Serperior|59/100
|-boost|p1a: Great Tusk|spe|1
|-damage|p1a: Great Tusk|57/100|[from] item: Life Orb
|
|-weather|none
|-end|p1a: Great Tusk|Protosynthesis
|-heal|p2a: Serperior|65/100|[from] item: Leftovers
|upkeep
|turn|24
|
|t:|1779712583
|move|p1a: Great Tusk|Knock Off|p2a: Serperior
|-damage|p2a: Serperior|22/100
|-enditem|p2a: Serperior|Leftovers|[from] move: Knock Off|[of] p1a: Great Tusk
|-damage|p1a: Great Tusk|47/100|[from] item: Life Orb
|move|p2a: Serperior|Leech Seed|p1a: Great Tusk
|-start|p1a: Great Tusk|move: Leech Seed
|
|-damage|p1a: Great Tusk|34/100|[from] Leech Seed|[of] p2a: Serperior
|-heal|p2a: Serperior|36/100|[silent]
|upkeep
|turn|25
|
|t:|1779712595
|switch|p2a: Milotic|Milotic, M|100/100
|-damage|p2a: Milotic|88/100|[from] Stealth Rock
|move|p1a: Great Tusk|Headlong Rush|p2a: Milotic
|-damage|p2a: Milotic|14/100
|-unboost|p1a: Great Tusk|def|1
|-unboost|p1a: Great Tusk|spd|1
|-damage|p1a: Great Tusk|25/100|[from] item: Life Orb
|
|-heal|p2a: Milotic|20/100|[from] item: Leftovers
|-damage|p1a: Great Tusk|12/100|[from] Leech Seed|[of] p2a: Milotic
|-heal|p2a: Milotic|34/100|[silent]
|upkeep
|turn|26
|
|t:|1779712601
|-end|p1a: Great Tusk|Protosynthesis|[silent]
|switch|p1a: Torkoal|Torkoal, F|21/100
|-weather|SunnyDay|[from] ability: Drought|[of] p1a: Torkoal
|move|p2a: Milotic|Protect||[still]
|-fail|p2a: Milotic
|
|-weather|SunnyDay|[upkeep]
|-heal|p2a: Milotic|40/100|[from] item: Leftovers
|upkeep
|turn|27
|
|t:|1779712613
|switch|p1a: Vileplume|Vileplume, F, shiny, tera:Fairy|81/100
|move|p2a: Milotic|Recover|p2a: Milotic
|-heal|p2a: Milotic|90/100
|
|-weather|SunnyDay|[upkeep]
|-heal|p2a: Milotic|96/100|[from] item: Leftovers
|upkeep
|turn|28
|
|t:|1779712627
|-terastallize|p2a: Milotic|Fire
|move|p1a: Vileplume|Giga Drain|p2a: Milotic
|-resisted|p2a: Milotic
|-damage|p2a: Milotic|82/100
|-heal|p1a: Vileplume|88/100|[from] drain|[of] p2a: Milotic
|-damage|p1a: Vileplume|78/100|[from] item: Life Orb
|move|p2a: Milotic|Ice Beam|p1a: Vileplume
|-damage|p1a: Vileplume|56/100
|
|-weather|SunnyDay|[upkeep]
|-heal|p2a: Milotic|88/100|[from] item: Leftovers
|upkeep
|turn|29
|
|t:|1779712639
|move|p1a: Vileplume|Growth|p1a: Vileplume
|-boost|p1a: Vileplume|atk|2
|-boost|p1a: Vileplume|spa|2
|move|p2a: Milotic|Scald|p1a: Vileplume
|-damage|p1a: Vileplume|40/100
|-status|p1a: Vileplume|brn
|
|-weather|SunnyDay|[upkeep]
|-heal|p2a: Milotic|94/100|[from] item: Leftovers
|-damage|p1a: Vileplume|34/100 brn|[from] brn
|upkeep
|turn|30
|
|t:|1779712647
|move|p2a: Milotic|Protect|p2a: Milotic
|-singleturn|p2a: Milotic|Protect
|move|p1a: Vileplume|Sludge Bomb|p2a: Milotic
|-activate|p2a: Milotic|move: Protect
|
|-weather|SunnyDay|[upkeep]
|-heal|p2a: Milotic|99/100|[from] item: Leftovers
|-damage|p1a: Vileplume|28/100 brn|[from] brn
|upkeep
|turn|31
|
|t:|1779712653
|switch|p2a: Kingambit|Kingambit, F|94/100
|-damage|p2a: Kingambit|88/100|[from] Stealth Rock
|move|p1a: Vileplume|Moonblast|p2a: Kingambit
|-damage|p2a: Kingambit|0 fnt
|faint|p2a: Kingambit
|-damage|p1a: Vileplume|18/100 brn|[from] item: Life Orb
|
|-weather|SunnyDay|[upkeep]
|-damage|p1a: Vileplume|12/100 brn|[from] brn
|upkeep
|
|t:|1779712660
|switch|p2a: Milotic|Milotic, M, tera:Fire|99/100
|-damage|p2a: Milotic|75/100|[from] Stealth Rock
|turn|32
|c|☆Relish Toast|And there goes the threat
|
|t:|1779712678
|move|p1a: Vileplume|Moonblast|p2a: Milotic
|-resisted|p2a: Milotic
|-damage|p2a: Milotic|42/100
|-damage|p1a: Vileplume|2/100 brn|[from] item: Life Orb
|move|p2a: Milotic|Ice Beam|p1a: Vileplume
|-damage|p1a: Vileplume|0 fnt
|faint|p1a: Vileplume
|
|-weather|SunnyDay|[upkeep]
|-heal|p2a: Milotic|49/100|[from] item: Leftovers
|upkeep
|
|t:|1779712685
|switch|p1a: Raging Bolt|Raging Bolt|100/100
|-activate|p1a: Raging Bolt|ability: Protosynthesis
|-start|p1a: Raging Bolt|protosynthesisspa
|turn|33
|
|t:|1779712691
|move|p2a: Milotic|Recover|p2a: Milotic
|-heal|p2a: Milotic|99/100
|move|p1a: Raging Bolt|Dragon Pulse|p2a: Milotic
|-damage|p2a: Milotic|59/100
|
|-weather|none
|-end|p1a: Raging Bolt|Protosynthesis
|-heal|p2a: Milotic|65/100|[from] item: Leftovers
|upkeep
|turn|34
|
|t:|1779712697
|move|p2a: Milotic|Ice Beam|p1a: Raging Bolt
|-supereffective|p1a: Raging Bolt
|-damage|p1a: Raging Bolt|71/100
|-enditem|p1a: Raging Bolt|Weakness Policy
|-boost|p1a: Raging Bolt|atk|2|[from] item: Weakness Policy
|-boost|p1a: Raging Bolt|spa|2|[from] item: Weakness Policy
|move|p1a: Raging Bolt|Calm Mind|p1a: Raging Bolt
|-boost|p1a: Raging Bolt|spa|1
|-boost|p1a: Raging Bolt|spd|1
|
|-heal|p2a: Milotic|71/100|[from] item: Leftovers
|upkeep
|turn|35
|
|t:|1779712711
|move|p2a: Milotic|Ice Beam|p1a: Raging Bolt
|-supereffective|p1a: Raging Bolt
|-damage|p1a: Raging Bolt|52/100
|move|p1a: Raging Bolt|Dragon Pulse|p2a: Milotic
|-damage|p2a: Milotic|0 fnt
|faint|p2a: Milotic
|
|upkeep
|-message|Minnesotaaa forfeited.
|
|win|Relish Toast
|raw|Relish Toast's rating: 1169 &rarr; <strong>1197</strong><br />(+28 for winning)
|raw|Minnesotaaa's rating: 1213 &rarr; <strong>1185</strong><br />(-28 for losing)
|l|☆Minnesotaaa
|player|p2|
|l|☆Relish Toast
|player|p1|
