|j|☆JosueKhan
|j|☆yello_w022
|t:|1779668997
|gametype|singles
|player|p1|JosueKhan|ghetsis|1101
|player|p2|yello_w022|170|1087
|gen|9
|tier|[Gen 9] OU
|rated|
|rule|HP Percentage Mod: HP is shown in percentages
|rule|Endless Battle Clause: Forcing endless battles is banned
|rule|Species Clause: Limit one of each Pokémon
|rule|OHKO Clause: OHKO moves are banned
|rule|Evasion Items Clause: Evasion items are banned
|rule|Evasion Moves Clause: Evasion moves are banned
|rule|Evasion Abilities Clause: Evasion abilities are banned
|rule|Sleep Moves Clause: Sleep-inducing moves are banned
|clearpoke
|poke|p1|Corviknight, M|
|poke|p1|Houndstone, M|
|poke|p1|Greninja-*, M|
|poke|p1|Shiftry, M|
|poke|p1|Gliscor, M|
|poke|p1|Hatterene, F|
|poke|p2|Great Tusk|
|poke|p2|Hatterene, F|
|poke|p2|Slowking-Galar, M|
|poke|p2|Kingambit, M|
|poke|p2|Gholdengo|
|poke|p2|Iron Moth|
|teampreview
|
|t:|1779669005
|teamsize|p1|6
|teamsize|p2|6
|start
|switch|p1a: Houndstone|Houndstone, M|100/100
|switch|p2a: Slowking|Slowking-Galar, M, shiny|100/100
|turn|1
|
|t:|1779669018
|move|p1a: Houndstone|Poltergeist|p2a: Slowking
|-activate|p2a: Slowking|move: Poltergeist|Heavy-Duty Boots
|-supereffective|p2a: Slowking
|-damage|p2a: Slowking|0 fnt
|faint|p2a: Slowking
|
|upkeep
|
|t:|1779669033
|switch|p2a: Hatterene|Hatterene, F, shiny|100/100
|turn|2
|inactive|Battle timer is ON: inactive players will automatically lose when time's up. (requested by JosueKhan)
|
|t:|1779669039
|move|p1a: Houndstone|Poltergeist|p2a: Hatterene
|-activate|p2a: Hatterene|move: Poltergeist|Focus Sash
|-supereffective|p2a: Hatterene
|-damage|p2a: Hatterene|8/100
|move|p2a: Hatterene|Trick Room|p2a: Hatterene
|-fieldstart|move: Trick Room|[of] p2a: Hatterene
|
|upkeep
|turn|3
|
|t:|1779669046
|move|p1a: Houndstone|Shadow Sneak|p2a: Hatterene
|-supereffective|p2a: Hatterene
|-damage|p2a: Hatterene|0 fnt
|faint|p2a: Hatterene
|
|upkeep
|
|t:|1779669053
|switch|p2a: Great Tusk|Great Tusk, shiny|100/100
|-enditem|p2a: Great Tusk|Booster Energy
|-activate|p2a: Great Tusk|ability: Protosynthesis|[fromitem]
|-start|p2a: Great Tusk|protosynthesisatk
|turn|4
|
|t:|1779669062
|move|p2a: Great Tusk|Earthquake|p1a: Houndstone
|-damage|p1a: Houndstone|27/100
|move|p1a: Houndstone|Howl|p1a: Houndstone
|-boost|p1a: Houndstone|atk|1
|
|upkeep
|turn|5
|
|t:|1779669075
|move|p1a: Houndstone|Shadow Sneak|p2a: Great Tusk
|-damage|p2a: Great Tusk|82/100
|move|p2a: Great Tusk|Earthquake|p1a: Houndstone
|-damage|p1a: Houndstone|0 fnt
|faint|p1a: Houndstone
|
|upkeep
|
|t:|1779669079
|switch|p1a: Hatterene|Hatterene, F|100/100
|turn|6
|
|t:|1779669087
|move|p1a: Hatterene|Draining Kiss|p2a: Great Tusk
|-supereffective|p2a: Great Tusk
|-damage|p2a: Great Tusk|0 fnt
|faint|p2a: Great Tusk
|-end|p2a: Great Tusk|Protosynthesis|[silent]
|-damage|p1a: Hatterene|91/100|[from] item: Life Orb
|
|-fieldend|move: Trick Room
|upkeep
|
|t:|1779669093
|switch|p2a: Iron Moth|Iron Moth, shiny|100/100
|-enditem|p2a: Iron Moth|Booster Energy
|-activate|p2a: Iron Moth|ability: Quark Drive|[fromitem]
|-start|p2a: Iron Moth|quarkdrivespa
|turn|7
|
|t:|1779669100
|move|p2a: Iron Moth|Sludge Wave|p1a: Hatterene
|-supereffective|p1a: Hatterene
|-damage|p1a: Hatterene|0 fnt
|faint|p1a: Hatterene
|
|upkeep
|
|t:|1779669103
|switch|p1a: Greninja|Greninja, M|100/100
|turn|8
|
|t:|1779669119
|move|p1a: Greninja|Surf|p2a: Iron Moth
|-supereffective|p2a: Iron Moth
|-damage|p2a: Iron Moth|19/100
|move|p2a: Iron Moth|Energy Ball|p1a: Greninja
|-supereffective|p1a: Greninja
|-enditem|p1a: Greninja|Focus Sash
|-damage|p1a: Greninja|1/100
|
|upkeep
|turn|9
|
|t:|1779669130
|-end|p2a: Iron Moth|Quark Drive|[silent]
|switch|p2a: Kingambit|Kingambit, M, shiny|100/100
|-activate|p2a: Kingambit|ability: Supreme Overlord
|-start|p2a: Kingambit|fallen3|[silent]
|move|p1a: Greninja|Surf|p2a: Kingambit
|-damage|p2a: Kingambit|61/100
|
|upkeep
|turn|10
|
|t:|1779669142
|switch|p1a: Gliscor|Gliscor, M|100/100
|move|p2a: Kingambit|Sucker Punch||[still]
|-fail|p2a: Kingambit
|
|-status|p1a: Gliscor|tox|[from] item: Toxic Orb
|upkeep
|turn|11
|
|t:|1779669153
|move|p1a: Gliscor|Swords Dance|p1a: Gliscor
|-boost|p1a: Gliscor|atk|2
|move|p2a: Kingambit|Kowtow Cleave|p1a: Gliscor
|-damage|p1a: Gliscor|24/100 tox
|
|-heal|p1a: Gliscor|37/100 tox|[from] ability: Poison Heal
|upkeep
|turn|12
|
|t:|1779669163
|move|p2a: Kingambit|Sucker Punch||[still]
|-fail|p2a: Kingambit
|move|p1a: Gliscor|Swords Dance|p1a: Gliscor
|-boost|p1a: Gliscor|atk|2
|
|-heal|p1a: Gliscor|49/100 tox|[from] ability: Poison Heal
|upkeep
|turn|13
|
|t:|1779669170
|move|p1a: Gliscor|Earthquake|p2a: Kingambit
|-supereffective|p2a: Kingambit
|-damage|p2a: Kingambit|0 fnt
|faint|p2a: Kingambit
|-end|p2a: Kingambit|fallen3|[silent]
|
|-heal|p1a: Gliscor|61/100 tox|[from] ability: Poison Heal
|upkeep
|
|t:|1779669178
|switch|p2a: Gholdengo|Gholdengo, shiny|100/100
|turn|14
|
|t:|1779669189
|move|p1a: Gliscor|Earthquake|p2a: Gholdengo
|-supereffective|p2a: Gholdengo
|-damage|p2a: Gholdengo|0 fnt
|faint|p2a: Gholdengo
|
|-heal|p1a: Gliscor|74/100 tox|[from] ability: Poison Heal
|upkeep
|
|t:|1779669196
|switch|p2a: Iron Moth|Iron Moth, shiny|19/100
|turn|15
|
|t:|1779669204
|move|p2a: Iron Moth|Energy Ball|p1a: Gliscor
|-damage|p1a: Gliscor|24/100 tox
|move|p1a: Gliscor|Earthquake|p2a: Iron Moth
|-supereffective|p2a: Iron Moth
|-damage|p2a: Iron Moth|0 fnt
|faint|p2a: Iron Moth
|-end|p2a: Iron Moth|Quark Drive|[silent]
|
|win|JosueKhan
|raw|JosueKhan's rating: 1101 &rarr; <strong>1125</strong><br />(+24 for winning)
|raw|yello_w022's rating: 1087 &rarr; <strong>1065</strong><br />(-22 for losing)
|l|☆yello_w022
|player|p2|
|l|☆JosueKhan
|player|p1|
