|j|☆china blu camaleon
|j|‽aaagislash
|t:|1779631983
|gametype|singles
|player|p1|china blu camaleon|169|1428
|player|p2|aaagislash|102|1433
|gen|9
|tier|[Gen 9] OU
|rated|
|rule|HP Percentage Mod: HP is shown in percentages
|rule|Endless Battle Clause: Forcing endless battles is banned
|rule|Species Clause: Limit one of each Pokémon
|rule|OHKO Clause: OHKO moves are banned
|rule|Evasion Items Clause: Evasion items are banned
|rule|Evasion Moves Clause: Evasion moves are banned
|rule|Evasion Abilities Clause: Evasion abilities are banned
|rule|Sleep Moves Clause: Sleep-inducing moves are banned
|clearpoke
|poke|p1|Dragonite, M|
|poke|p1|Ting-Lu|
|poke|p1|Clefable, M|
|poke|p1|Pecharunt|
|poke|p1|Heatran, F|
|poke|p1|Zamazenta-*|
|poke|p2|Bisharp, M|
|poke|p2|Empoleon, F|
|poke|p2|Smeargle, F|
|poke|p2|Falinks|
|poke|p2|Rabsca, F|
|poke|p2|Cresselia, F|
|teampreview
|
|t:|1779632003
|teamsize|p1|6
|teamsize|p2|6
|start
|switch|p1a: Ting-Lu|Ting-Lu|100/100
|switch|p2a: Smeargle|Smeargle, F|100/100
|-ability|p1a: Ting-Lu|Vessel of Ruin
|turn|1
|
|t:|1779632005
|move|p2a: Smeargle|Sticky Web|p1a: Ting-Lu
|-sidestart|p1: china blu camaleon|move: Sticky Web
|move|p1a: Ting-Lu|Earthquake|p2a: Smeargle
|-damage|p2a: Smeargle|47/100
|
|upkeep
|turn|2
|
|t:|1779632008
|move|p2a: Smeargle|Court Change|p2a: Smeargle
|-swapsideconditions
|-activate|p2a: Smeargle|move: Court Change
|move|p1a: Ting-Lu|Earthquake|p2a: Smeargle
|-damage|p2a: Smeargle|0 fnt
|faint|p2a: Smeargle
|
|upkeep
|
|t:|1779632011
|switch|p2a: Empoleon|Empoleon, F|100/100
|-activate|p2a: Empoleon|move: Sticky Web
|-unboost|p2a: Empoleon|spe|1
|-ability|p2a: Empoleon|Competitive|boost
|-boost|p2a: Empoleon|spa|2
|turn|3
|
|t:|1779632023
|-terastallize|p1a: Ting-Lu|Water
|move|p1a: Ting-Lu|Earthquake|p2a: Empoleon
|-supereffective|p2a: Empoleon
|-damage|p2a: Empoleon|18/100
|move|p2a: Empoleon|Surf|p1a: Ting-Lu
|-resisted|p1a: Ting-Lu
|-damage|p1a: Ting-Lu|72/100
|
|-heal|p1a: Ting-Lu|79/100|[from] item: Leftovers
|upkeep
|turn|4
|
|t:|1779632038
|switch|p2a: Falinks|Falinks|100/100
|-activate|p2a: Falinks|move: Sticky Web
|-unboost|p2a: Falinks|spe|1
|-ability|p2a: Falinks|Defiant|boost
|-boost|p2a: Falinks|atk|2
|move|p1a: Ting-Lu|Earthquake|p2a: Falinks
|-damage|p2a: Falinks|59/100
|
|-heal|p1a: Ting-Lu|85/100|[from] item: Leftovers
|upkeep
|turn|5
|
|t:|1779632048
|switch|p1a: Pecharunt|Pecharunt|100/100
|move|p2a: Falinks|Knock Off|p1a: Pecharunt
|-supereffective|p1a: Pecharunt
|-damage|p1a: Pecharunt|10/100
|-enditem|p1a: Pecharunt|Heavy-Duty Boots|[from] move: Knock Off|[of] p2a: Falinks
|
|upkeep
|turn|6
|
|t:|1779632055
|switch|p1a: Clefable|Clefable, M|100/100
|switch|p2a: Bisharp|Bisharp, M|100/100
|-activate|p2a: Bisharp|move: Sticky Web
|-unboost|p2a: Bisharp|spe|1
|-ability|p2a: Bisharp|Defiant|boost
|-boost|p2a: Bisharp|atk|2
|
|upkeep
|turn|7
|
|t:|1779632062
|switch|p1a: Heatran|Heatran, F|100/100
|move|p2a: Bisharp|Iron Head|p1a: Heatran
|-resisted|p1a: Heatran
|-damage|p1a: Heatran|83/100
|
|-heal|p1a: Heatran|90/100|[from] item: Leftovers
|upkeep
|turn|8
|
|t:|1779632074
|-terastallize|p2a: Bisharp|Dark
|move|p1a: Heatran|Magma Storm|p2a: Bisharp
|-damage|p2a: Bisharp|58/100
|-activate|p2a: Bisharp|move: Magma Storm|[of] p1a: Heatran
|move|p2a: Bisharp|Low Kick|p1a: Heatran
|-supereffective|p1a: Heatran
|-damage|p1a: Heatran|0 fnt
|faint|p1a: Heatran
|
|-end|p2a: Bisharp|Magma Storm|[partiallytrapped]|[silent]
|upkeep
|
|t:|1779632083
|switch|p1a: Zamazenta|Zamazenta|100/100
|-ability|p1a: Zamazenta|Dauntless Shield|boost
|-boost|p1a: Zamazenta|def|1
|turn|9
|
|t:|1779632087
|switch|p2a: Cresselia|Cresselia, F|100/100
|move|p1a: Zamazenta|Close Combat|p2a: Cresselia
|-resisted|p2a: Cresselia
|-damage|p2a: Cresselia|86/100
|-unboost|p1a: Zamazenta|def|1
|-unboost|p1a: Zamazenta|spd|1
|
|upkeep
|turn|10
|
|t:|1779632097
|switch|p1a: Ting-Lu|Ting-Lu, tera:Water|85/100
|-ability|p1a: Ting-Lu|Vessel of Ruin
|move|p2a: Cresselia|Trick Room|p2a: Cresselia
|-fieldstart|move: Trick Room|[of] p2a: Cresselia
|
|-heal|p1a: Ting-Lu|91/100|[from] item: Leftovers
|upkeep
|turn|11
|
|t:|1779632106
|switch|p2a: Bisharp|Bisharp, M, tera:Dark|58/100
|-activate|p2a: Bisharp|move: Sticky Web
|-unboost|p2a: Bisharp|spe|1
|-ability|p2a: Bisharp|Defiant|boost
|-boost|p2a: Bisharp|atk|2
|move|p1a: Ting-Lu|Whirlwind|p2a: Bisharp
|drag|p2a: Empoleon|Empoleon, F|18/100
|-activate|p2a: Empoleon|move: Sticky Web
|-unboost|p2a: Empoleon|spe|1
|-ability|p2a: Empoleon|Competitive|boost
|-boost|p2a: Empoleon|spa|2
|
|-heal|p1a: Ting-Lu|97/100|[from] item: Leftovers
|upkeep
|turn|12
|
|t:|1779632119
|move|p2a: Empoleon|Steel Beam|p1a: Ting-Lu
|-resisted|p1a: Ting-Lu
|-damage|p1a: Ting-Lu|51/100
|-damage|p2a: Empoleon|0 fnt|[from] steelbeam
|faint|p2a: Empoleon
|move|p1a: Ting-Lu|Spikes|p2: Empoleon
|-sidestart|p2: aaagislash|Spikes
|
|-heal|p1a: Ting-Lu|58/100|[from] item: Leftovers
|upkeep
|
|t:|1779632124
|switch|p2a: Bisharp|Bisharp, M, tera:Dark|58/100
|-activate|p2a: Bisharp|move: Sticky Web
|-unboost|p2a: Bisharp|spe|1
|-ability|p2a: Bisharp|Defiant|boost
|-boost|p2a: Bisharp|atk|2
|-damage|p2a: Bisharp|46/100|[from] Spikes
|turn|13
|
|t:|1779632143
|switch|p1a: Zamazenta|Zamazenta|100/100
|move|p2a: Bisharp|Throat Chop|p1a: Zamazenta
|-resisted|p1a: Zamazenta
|-damage|p1a: Zamazenta|43/100
|-start|p1a: Zamazenta|Throat Chop|[silent]
|
|upkeep
|turn|14
|
|t:|1779632152
|move|p2a: Bisharp|Iron Head|p1a: Zamazenta
|-damage|p1a: Zamazenta|0 fnt
|faint|p1a: Zamazenta
|
|-fieldend|move: Trick Room
|upkeep
|
|t:|1779632155
|switch|p1a: Dragonite|Dragonite, M|100/100
|turn|15
|
|t:|1779632158
|move|p2a: Bisharp|Throat Chop|p1a: Dragonite
|-damage|p1a: Dragonite|44/100
|-start|p1a: Dragonite|Throat Chop|[silent]
|move|p1a: Dragonite|Dragon Tail|p2a: Bisharp
|-damage|p2a: Bisharp|24/100
|drag|p2a: Rabsca|Rabsca, F|100/100
|
|upkeep
|turn|16
|
|t:|1779632168
|switch|p1a: Clefable|Clefable, M|100/100
|move|p2a: Rabsca|Revival Blessing|p2a: Rabsca
|
|t:|1779632171
|-heal|p2: Empoleon|50/100|[from] move: Revival Blessing
|
|upkeep
|turn|17
|
|t:|1779632182
|switch|p2a: Cresselia|Cresselia, F|86/100
|move|p1a: Clefable|Moonblast|p2a: Cresselia
|-damage|p2a: Cresselia|65/100
|
|upkeep
|turn|18
|
|t:|1779632193
|switch|p1a: Ting-Lu|Ting-Lu, tera:Water|58/100
|-ability|p1a: Ting-Lu|Vessel of Ruin
|move|p2a: Cresselia|Trick Room|p2a: Cresselia
|-fieldstart|move: Trick Room|[of] p2a: Cresselia
|
|-heal|p1a: Ting-Lu|64/100|[from] item: Leftovers
|upkeep
|turn|19
|
|t:|1779632199
|move|p2a: Cresselia|Lunar Dance|p2a: Cresselia
|faint|p2a: Cresselia
|move|p1a: Ting-Lu|Whirlwind|p2: Cresselia|[notarget]
|-fail|p1a: Ting-Lu
|
|-heal|p1a: Ting-Lu|70/100|[from] item: Leftovers
|upkeep
|
|t:|1779632201
|switch|p2a: Bisharp|Bisharp, M, tera:Dark|24/100
|-heal|p2a: Bisharp|100/100|[from] move: Lunar Dance
|-activate|p2a: Bisharp|move: Sticky Web
|-unboost|p2a: Bisharp|spe|1
|-ability|p2a: Bisharp|Defiant|boost
|-boost|p2a: Bisharp|atk|2
|-damage|p2a: Bisharp|88/100|[from] Spikes
|turn|20
|
|t:|1779632216
|move|p2a: Bisharp|Throat Chop|p1a: Ting-Lu
|-damage|p1a: Ting-Lu|8/100
|-start|p1a: Ting-Lu|Throat Chop|[silent]
|move|p1a: Ting-Lu|Whirlwind|p2a: Bisharp
|drag|p2a: Falinks|Falinks|59/100
|-activate|p2a: Falinks|move: Sticky Web
|-unboost|p2a: Falinks|spe|1
|-ability|p2a: Falinks|Defiant|boost
|-boost|p2a: Falinks|atk|2
|-damage|p2a: Falinks|47/100|[from] Spikes
|
|-heal|p1a: Ting-Lu|14/100|[from] item: Leftovers
|upkeep
|turn|21
|-message|china blu camaleon forfeited.
|
|win|aaagislash
|raw|china blu camaleon's rating: 1428 &rarr; <strong>1408</strong><br />(-20 for losing)
|raw|aaagislash's rating: 1433 &rarr; <strong>1453</strong><br />(+20 for winning)
|l|☆china blu camaleon
|player|p1|
|l|‽aaagislash
|player|p2|
