|j|☆jewking
|j|☆LOTRsucks
|t:|1779561334
|gametype|singles
|player|p1|jewking|2|1421
|player|p2|LOTRsucks|265|1484
|gen|9
|tier|[Gen 9] OU
|rated|
|rule|HP Percentage Mod: HP is shown in percentages
|rule|Endless Battle Clause: Forcing endless battles is banned
|rule|Species Clause: Limit one of each Pokémon
|rule|OHKO Clause: OHKO moves are banned
|rule|Evasion Items Clause: Evasion items are banned
|rule|Evasion Moves Clause: Evasion moves are banned
|rule|Evasion Abilities Clause: Evasion abilities are banned
|rule|Sleep Moves Clause: Sleep-inducing moves are banned
|clearpoke
|poke|p1|Ribombee, F|
|poke|p1|Blaziken, M|
|poke|p1|Hydreigon, F|
|poke|p1|Haxorus, F|
|poke|p1|Samurott-Hisui, F|
|poke|p1|Azelf|
|poke|p2|Hatterene, F|
|poke|p2|Great Tusk|
|poke|p2|Tornadus-Therian, M|
|poke|p2|Kyurem|
|poke|p2|Slowking-Galar, M|
|poke|p2|Kingambit, M|
|teampreview
|inactive|Battle timer is ON: inactive players will automatically lose when time's up. (requested by LOTRsucks)
|
|t:|1779561341
|teamsize|p1|6
|teamsize|p2|6
|start
|switch|p1a: Azelf|Azelf|100/100
|switch|p2a: Tornadus|Tornadus-Therian, M|100/100
|turn|1
|
|t:|1779561350
|move|p2a: Tornadus|Knock Off|p1a: Azelf
|-supereffective|p1a: Azelf
|-damage|p1a: Azelf|36/100
|-enditem|p1a: Azelf|Focus Sash|[from] move: Knock Off|[of] p2a: Tornadus
|move|p1a: Azelf|Explosion|p2a: Tornadus
|-damage|p2a: Tornadus|0 fnt
|faint|p1a: Azelf
|faint|p2a: Tornadus
|
|upkeep
|
|t:|1779561366
|switch|p2a: Slowking|Slowking-Galar, M|100/100
|switch|p1a: Samurott|Samurott-Hisui, F|100/100
|turn|2
|
|t:|1779561373
|switch|p2a: Great Tusk|Great Tusk|100/100
|move|p1a: Samurott|Ceaseless Edge|p2a: Great Tusk
|-resisted|p2a: Great Tusk
|-damage|p2a: Great Tusk|85/100
|-damage|p1a: Samurott|84/100|[from] item: Rocky Helmet|[of] p2a: Great Tusk
|-sidestart|p2: LOTRsucks|Spikes
|
|upkeep
|turn|3
|
|t:|1779561381
|move|p2a: Great Tusk|Stealth Rock|p1a: Samurott
|-sidestart|p1: jewking|move: Stealth Rock
|move|p1a: Samurott|Aqua Cutter|p2a: Great Tusk
|-supereffective|p2a: Great Tusk
|-crit|p2a: Great Tusk
|-damage|p2a: Great Tusk|0 fnt
|faint|p2a: Great Tusk
|-end|p2a: Great Tusk|Protosynthesis|[silent]
|
|upkeep
|
|t:|1779561389
|switch|p2a: Kyurem|Kyurem|100/100
|-damage|p2a: Kyurem|88/100|[from] Spikes
|-ability|p2a: Kyurem|Pressure
|turn|4
|
|t:|1779561394
|move|p1a: Samurott|Sucker Punch|p2a: Kyurem
|-damage|p2a: Kyurem|56/100
|move|p2a: Kyurem|Freeze-Dry|p1a: Samurott
|-supereffective|p1a: Samurott
|-damage|p1a: Samurott|0 fnt
|faint|p1a: Samurott
|
|upkeep
|
|t:|1779561404
|switch|p1a: Ribombee|Ribombee, F|100/100
|-damage|p1a: Ribombee|76/100|[from] Stealth Rock
|turn|5
|
|t:|1779561411
|switch|p2a: Hatterene|Hatterene, F|100/100
|-damage|p2a: Hatterene|88/100|[from] Spikes
|move|p1a: Ribombee|Quiver Dance|p1a: Ribombee
|-boost|p1a: Ribombee|spa|1
|-boost|p1a: Ribombee|spd|1
|-boost|p1a: Ribombee|spe|1
|
|upkeep
|turn|6
|
|t:|1779561419
|move|p1a: Ribombee|Moonblast|p2a: Hatterene
|-damage|p2a: Hatterene|24/100
|move|p2a: Hatterene|Nuzzle|p1a: Ribombee
|-damage|p1a: Ribombee|68/100
|-status|p1a: Ribombee|par
|
|upkeep
|turn|7
|
|t:|1779561426
|cant|p1a: Ribombee|par
|move|p2a: Hatterene|Pain Split|p1a: Ribombee
|-sethp|p1a: Ribombee|49/100 par|[from] move: Pain Split|[silent]
|-sethp|p2a: Hatterene|40/100|[from] move: Pain Split
|
|upkeep
|turn|8
|
|t:|1779561432
|move|p1a: Ribombee|Quiver Dance|p1a: Ribombee
|-boost|p1a: Ribombee|spa|1
|-boost|p1a: Ribombee|spd|1
|-boost|p1a: Ribombee|spe|1
|move|p2a: Hatterene|Psychic Noise|p1a: Ribombee
|-damage|p1a: Ribombee|19/100 par
|-start|p1a: Ribombee|move: Heal Block
|
|upkeep
|turn|9
|
|t:|1779561443
|move|p1a: Ribombee|Moonblast|p2a: Hatterene
|-damage|p2a: Hatterene|0 fnt
|faint|p2a: Hatterene
|
|-end|p1a: Ribombee|move: Heal Block
|upkeep
|
|t:|1779561448
|switch|p2a: Kingambit|Kingambit, M|100/100
|-damage|p2a: Kingambit|88/100|[from] Spikes
|-activate|p2a: Kingambit|ability: Supreme Overlord
|-start|p2a: Kingambit|fallen3|[silent]
|turn|10
|
|t:|1779561453
|move|p1a: Ribombee|Sticky Web|p2a: Kingambit
|-sidestart|p2: LOTRsucks|move: Sticky Web
|move|p2a: Kingambit|Iron Head|p1a: Ribombee
|-supereffective|p1a: Ribombee
|-damage|p1a: Ribombee|0 fnt
|faint|p1a: Ribombee
|
|-heal|p2a: Kingambit|94/100|[from] item: Leftovers
|upkeep
|
|t:|1779561473
|switch|p1a: Haxorus|Haxorus, F|100/100
|-damage|p1a: Haxorus|88/100|[from] Stealth Rock
|-ability|p1a: Haxorus|Mold Breaker
|turn|11
|
|t:|1779561483
|move|p1a: Haxorus|Focus Energy|p1a: Haxorus
|-start|p1a: Haxorus|move: Focus Energy
|move|p2a: Kingambit|Iron Head|p1a: Haxorus
|-damage|p1a: Haxorus|16/100
|
|-heal|p2a: Kingambit|100/100|[from] item: Leftovers
|upkeep
|turn|12
|
|t:|1779561490
|move|p2a: Kingambit|Sucker Punch|p1a: Haxorus
|-damage|p1a: Haxorus|0 fnt
|faint|p1a: Haxorus
|
|upkeep
|
|t:|1779561502
|switch|p1a: Blaziken|Blaziken, M|100/100
|-damage|p1a: Blaziken|88/100|[from] Stealth Rock
|turn|13
|
|t:|1779561509
|move|p1a: Blaziken|Overheat|p2a: Kingambit
|-supereffective|p2a: Kingambit
|-damage|p2a: Kingambit|0 fnt
|-unboost|p1a: Blaziken|spa|2
|faint|p2a: Kingambit
|-end|p2a: Kingambit|fallen3|[silent]
|
|-ability|p1a: Blaziken|Speed Boost|boost
|-boost|p1a: Blaziken|spe|1
|upkeep
|
|t:|1779561516
|switch|p2a: Slowking|Slowking-Galar, M|100/100
|-damage|p2a: Slowking|88/100|[from] Spikes
|-activate|p2a: Slowking|move: Sticky Web
|-unboost|p2a: Slowking|spe|1
|turn|14
|
|t:|1779561524
|-terastallize|p1a: Blaziken|Fire
|move|p1a: Blaziken|Focus Energy|p1a: Blaziken
|-start|p1a: Blaziken|move: Focus Energy
|move|p2a: Slowking|Sludge Bomb|p1a: Blaziken
|-damage|p1a: Blaziken|36/100
|
|-heal|p2a: Slowking|94/100|[from] item: Black Sludge
|-ability|p1a: Blaziken|Speed Boost|boost
|-boost|p1a: Blaziken|spe|1
|upkeep
|turn|15
|
|t:|1779561533
|move|p1a: Blaziken|Overheat|p2a: Slowking
|-crit|p2a: Slowking
|-damage|p2a: Slowking|0 fnt
|-unboost|p1a: Blaziken|spa|2
|faint|p2a: Slowking
|
|-ability|p1a: Blaziken|Speed Boost|boost
|-boost|p1a: Blaziken|spe|1
|upkeep
|c|☆LOTRsucks|gg
|-message|LOTRsucks forfeited.
|
|win|jewking
|raw|jewking's rating: 1421 &rarr; <strong>1445</strong><br />(+24 for winning)
|raw|LOTRsucks's rating: 1484 &rarr; <strong>1460</strong><br />(-24 for losing)
|l|☆LOTRsucks
|player|p2|
|l|☆jewking
|player|p1|
