|j|☆Eiyuro
|j|☆Luisowbro
|t:|1779618622
|gametype|singles
|player|p1|Eiyuro|lance|1295
|player|p2|Luisowbro|ingo|1314
|gen|9
|tier|[Gen 9] OU
|rated|
|rule|HP Percentage Mod: HP is shown in percentages
|rule|Endless Battle Clause: Forcing endless battles is banned
|rule|Species Clause: Limit one of each Pokémon
|rule|OHKO Clause: OHKO moves are banned
|rule|Evasion Items Clause: Evasion items are banned
|rule|Evasion Moves Clause: Evasion moves are banned
|rule|Evasion Abilities Clause: Evasion abilities are banned
|rule|Sleep Moves Clause: Sleep-inducing moves are banned
|clearpoke
|poke|p1|Great Tusk|
|poke|p1|Ogerpon-Wellspring, F|
|poke|p1|Ceruledge, F|
|poke|p1|Dragapult, M|
|poke|p1|Garganacl, F|
|poke|p1|Dragonite, M|
|poke|p2|Haxorus, M|
|poke|p2|Moltres-Galar|
|poke|p2|Mamoswine, M|
|poke|p2|Scizor, M|
|poke|p2|Volcanion|
|poke|p2|Ninetales-Alola, F|
|teampreview
|inactive|Battle timer is ON: inactive players will automatically lose when time's up. (requested by Luisowbro)
|
|t:|1779618639
|teamsize|p1|6
|teamsize|p2|6
|start
|switch|p1a: Garganacl|Garganacl, F, shiny|100/100
|switch|p2a: Volcanion|Volcanion|100/100
|turn|1
|
|t:|1779618661
|move|p2a: Volcanion|Earth Power|p1a: Garganacl
|-supereffective|p1a: Garganacl
|-damage|p1a: Garganacl|42/100
|move|p1a: Garganacl|Salt Cure|p2a: Volcanion
|-supereffective|p2a: Volcanion
|-damage|p2a: Volcanion|77/100
|-start|p2a: Volcanion|Salt Cure
|
|-heal|p1a: Garganacl|48/100|[from] item: Leftovers
|-damage|p2a: Volcanion|53/100|[from] Salt Cure
|upkeep
|turn|2
|
|t:|1779618675
|switch|p2a: Mamoswine|Mamoswine, M|100/100
|switch|p1a: Dragonite|Dragonite, M, shiny|100/100
|
|upkeep
|turn|3
|
|t:|1779618684
|move|p2a: Mamoswine|Icicle Crash|p1a: Dragonite
|-supereffective|p1a: Dragonite
|-damage|p1a: Dragonite|17/100
|move|p1a: Dragonite|Stone Edge|p2a: Mamoswine
|-damage|p2a: Mamoswine|62/100
|
|upkeep
|turn|4
|
|t:|1779618691
|move|p1a: Dragonite|Extreme Speed|p2a: Mamoswine
|-damage|p2a: Mamoswine|31/100
|move|p2a: Mamoswine|Icicle Crash|p1a: Dragonite
|-supereffective|p1a: Dragonite
|-damage|p1a: Dragonite|0 fnt
|faint|p1a: Dragonite
|
|upkeep
|
|t:|1779618704
|switch|p1a: Ceruledge|Ceruledge, F, shiny|100/100
|turn|5
|
|t:|1779618710
|switch|p2a: Volcanion|Volcanion|53/100
|move|p1a: Ceruledge|Swords Dance|p1a: Ceruledge
|-boost|p1a: Ceruledge|atk|2
|
|upkeep
|turn|6
|
|t:|1779618721
|move|p1a: Ceruledge|Poltergeist|p2a: Volcanion
|-activate|p2a: Volcanion|move: Poltergeist|Assault Vest
|-damage|p2a: Volcanion|0 fnt
|faint|p2a: Volcanion
|
|upkeep
|
|t:|1779618742
|switch|p2a: Moltres|Moltres-Galar, shiny|100/100
|turn|7
|
|t:|1779618751
|-terastallize|p1a: Ceruledge|Fire
|move|p1a: Ceruledge|Bitter Blade|p2a: Moltres
|-damage|p2a: Moltres|0 fnt
|faint|p2a: Moltres
|
|upkeep
|
|t:|1779618762
|switch|p2a: Mamoswine|Mamoswine, M|31/100
|turn|8
|
|t:|1779618766
|move|p1a: Ceruledge|Shadow Sneak|p2a: Mamoswine
|-damage|p2a: Mamoswine|0 fnt
|faint|p2a: Mamoswine
|
|upkeep
|
|t:|1779618777
|switch|p2a: Ninetales|Ninetales-Alola, F, shiny|100/100
|-weather|Snowscape|[from] ability: Snow Warning|[of] p2a: Ninetales
|turn|9
|
|t:|1779618788
|move|p2a: Ninetales|Aurora Veil|p2a: Ninetales
|-sidestart|p2: Luisowbro|move: Aurora Veil
|move|p1a: Ceruledge|Bitter Blade|p2a: Ninetales
|-supereffective|p2a: Ninetales
|-damage|p2a: Ninetales|0 fnt
|faint|p2a: Ninetales
|
|-weather|Snowscape|[upkeep]
|upkeep
|
|t:|1779618795
|switch|p2a: Haxorus|Haxorus, M, shiny|100/100
|-ability|p2a: Haxorus|Mold Breaker
|turn|10
|
|t:|1779618802
|move|p2a: Haxorus|Scale Shot|p1a: Ceruledge
|-damage|p1a: Ceruledge|82/100
|-ability|p1a: Ceruledge|Weak Armor|boost
|-unboost|p1a: Ceruledge|def|1
|-boost|p1a: Ceruledge|spe|2
|-damage|p1a: Ceruledge|49/100
|-ability|p1a: Ceruledge|Weak Armor|boost
|-unboost|p1a: Ceruledge|def|1
|-boost|p1a: Ceruledge|spe|2
|-damage|p1a: Ceruledge|12/100
|-ability|p1a: Ceruledge|Weak Armor|boost
|-unboost|p1a: Ceruledge|def|1
|-boost|p1a: Ceruledge|spe|2
|-damage|p1a: Ceruledge|0 fnt
|faint|p1a: Ceruledge
|-hitcount|p1: Ceruledge|4
|-unboost|p2a: Haxorus|def|1
|-boost|p2a: Haxorus|spe|1
|
|-weather|Snowscape|[upkeep]
|upkeep
|c|☆Luisowbro|shit
|c|☆Luisowbro|didnt notice i could do that
|inactive|Eiyuro has 120 seconds left.
|
|t:|1779618834
|switch|p1a: Great Tusk|Great Tusk, shiny|100/100
|-enditem|p1a: Great Tusk|Booster Energy
|-activate|p1a: Great Tusk|ability: Protosynthesis|[fromitem]
|-start|p1a: Great Tusk|protosynthesisatk
|turn|11
|
|t:|1779618846
|move|p2a: Haxorus|Swords Dance|p2a: Haxorus
|-boost|p2a: Haxorus|atk|2
|move|p1a: Great Tusk|Ice Spinner|p2a: Haxorus
|-supereffective|p2a: Haxorus
|-damage|p2a: Haxorus|35/100
|
|-weather|Snowscape|[upkeep]
|upkeep
|turn|12
|
|t:|1779618866
|-terastallize|p2a: Haxorus|Steel
|move|p2a: Haxorus|Swords Dance|p2a: Haxorus
|-boost|p2a: Haxorus|atk|2
|move|p1a: Great Tusk|Ice Spinner|p2a: Haxorus
|-resisted|p2a: Haxorus
|-damage|p2a: Haxorus|21/100
|
|-weather|Snowscape|[upkeep]
|upkeep
|turn|13
|
|t:|1779618876
|move|p2a: Haxorus|Scale Shot|p1a: Great Tusk
|-damage|p1a: Great Tusk|73/100
|-damage|p1a: Great Tusk|48/100
|-damage|p1a: Great Tusk|21/100
|-damage|p1a: Great Tusk|0 fnt
|faint|p1a: Great Tusk
|-end|p1a: Great Tusk|Protosynthesis|[silent]
|-hitcount|p1: Great Tusk|4
|-unboost|p2a: Haxorus|def|1
|-boost|p2a: Haxorus|spe|1
|
|-weather|none
|upkeep
|
|t:|1779618890
|switch|p1a: Dragapult|Dragapult, M, shiny|100/100
|turn|14
|
|t:|1779618897
|move|p2a: Haxorus|Iron Head|p1a: Dragapult
|-damage|p1a: Dragapult|0 fnt
|faint|p1a: Dragapult
|
|upkeep
|-message|Eiyuro forfeited.
|
|win|Luisowbro
|raw|Eiyuro's rating: 1295 &rarr; <strong>1271</strong><br />(-24 for losing)
|raw|Luisowbro's rating: 1314 &rarr; <strong>1333</strong><br />(+19 for winning)
|l|☆Eiyuro
|player|p1|
|l|☆Luisowbro
|player|p2|
