|j|☆Liaoa
|j|☆lklowxhn
|t:|1779597045
|gametype|singles
|player|p1|Liaoa|bellelba|1466
|player|p2|lklowxhn|miku-ghost|1570
|gen|9
|tier|[Gen 9] OU
|rated|
|rule|HP Percentage Mod: HP is shown in percentages
|rule|Endless Battle Clause: Forcing endless battles is banned
|rule|Species Clause: Limit one of each Pokémon
|rule|OHKO Clause: OHKO moves are banned
|rule|Evasion Items Clause: Evasion items are banned
|rule|Evasion Moves Clause: Evasion moves are banned
|rule|Evasion Abilities Clause: Evasion abilities are banned
|rule|Sleep Moves Clause: Sleep-inducing moves are banned
|clearpoke
|poke|p1|Hatterene, F|
|poke|p1|Cinderace, M|
|poke|p1|Landorus-Therian, M|
|poke|p1|Dragapult, M|
|poke|p1|Zapdos|
|poke|p1|Iron Moth|
|poke|p2|Ninetales, M|
|poke|p2|Walking Wake|
|poke|p2|Venusaur, F|
|poke|p2|Great Tusk|
|poke|p2|Hatterene, F|
|poke|p2|Hydreigon, M|
|teampreview
|inactive|Battle timer is ON: inactive players will automatically lose when time's up. (requested by lklowxhn)
|
|t:|1779597071
|teamsize|p1|6
|teamsize|p2|6
|start
|switch|p1a: Landorus|Landorus-Therian, M|100/100
|switch|p2a: Ninetales|Ninetales, M|100/100
|-ability|p1a: Landorus|Intimidate|boost
|-unboost|p2a: Ninetales|atk|1
|-weather|SunnyDay|[from] ability: Drought|[of] p2a: Ninetales
|turn|1
|
|t:|1779597082
|switch|p2a: Hatterene|Hatterene, F|100/100
|move|p1a: Landorus|Stealth Rock|p2a: Hatterene
|move|p2a: Hatterene|Stealth Rock|p1a: Landorus|[from] ability: Magic Bounce
|-sidestart|p1: Liaoa|move: Stealth Rock
|
|-weather|SunnyDay|[upkeep]
|upkeep
|turn|2
|
|t:|1779597085
|switch|p1a: Cinderace|Cinderace, M|100/100
|move|p2a: Hatterene|Future Sight|p1a: Cinderace
|-start|p2a: Hatterene|move: Future Sight
|
|-weather|SunnyDay|[upkeep]
|upkeep
|turn|3
|
|t:|1779597100
|switch|p2a: Walking Wake|Walking Wake|100/100
|-activate|p2a: Walking Wake|ability: Protosynthesis
|-start|p2a: Walking Wake|protosynthesisspa
|move|p1a: Cinderace|Court Change|p1a: Cinderace
|-swapsideconditions
|-activate|p1a: Cinderace|move: Court Change
|
|-weather|SunnyDay|[upkeep]
|upkeep
|turn|4
|
|t:|1779597105
|move|p1a: Cinderace|U-turn|p2a: Walking Wake
|-damage|p2a: Walking Wake|77/100
|
|t:|1779597120
|switch|p1a: Zapdos|Zapdos|100/100|[from] U-turn
|move|p2a: Walking Wake|Hydro Steam|p1a: Zapdos
|-damage|p1a: Zapdos|0 fnt
|faint|p1a: Zapdos
|
|-weather|SunnyDay|[upkeep]
|-hint|Future Sight did not hit because the target is fainted.
|upkeep
|
|t:|1779597124
|switch|p1a: Dragapult|Dragapult, M|100/100
|turn|5
|inactive|lklowxhn has 120 seconds left.
|
|t:|1779597167
|-end|p2a: Walking Wake|Protosynthesis|[silent]
|switch|p2a: Hatterene|Hatterene, F|100/100
|-damage|p2a: Hatterene|88/100|[from] Stealth Rock
|move|p1a: Dragapult|Draco Meteor|p2a: Hatterene
|-immune|p2a: Hatterene
|
|-weather|SunnyDay|[upkeep]
|upkeep
|turn|6
|
|t:|1779597175
|move|p1a: Dragapult|U-turn|p2a: Hatterene
|-damage|p2a: Hatterene|71/100
|-enditem|p2a: Hatterene|Eject Button
|
|t:|1779597184
|switch|p2a: Great Tusk|Great Tusk|100/100
|-damage|p2a: Great Tusk|98/100|[from] Stealth Rock
|-activate|p2a: Great Tusk|ability: Protosynthesis
|-start|p2a: Great Tusk|protosynthesisatk
|
|-weather|SunnyDay|[upkeep]
|upkeep
|turn|7
|inactive|lklowxhn has 120 seconds left.
|
|t:|1779597197
|move|p2a: Great Tusk|Headlong Rush|p1a: Dragapult
|-damage|p1a: Dragapult|0 fnt
|-unboost|p2a: Great Tusk|def|1
|-unboost|p2a: Great Tusk|spd|1
|faint|p1a: Dragapult
|
|-weather|SunnyDay|[upkeep]
|upkeep
|
|t:|1779597200
|switch|p1a: Landorus|Landorus-Therian, M|100/100
|-ability|p1a: Landorus|Intimidate|boost
|-unboost|p2a: Great Tusk|atk|1
|turn|8
|
|t:|1779597207
|-end|p2a: Great Tusk|Protosynthesis|[silent]
|switch|p2a: Hatterene|Hatterene, F|71/100
|-damage|p2a: Hatterene|58/100|[from] Stealth Rock
|move|p1a: Landorus|U-turn|p2a: Hatterene
|-damage|p2a: Hatterene|31/100
|
|t:|1779597214
|switch|p1a: Iron Moth|Iron Moth|100/100|[from] U-turn
|-enditem|p1a: Iron Moth|Booster Energy
|-activate|p1a: Iron Moth|ability: Quark Drive|[fromitem]
|-start|p1a: Iron Moth|quarkdrivespa
|
|-weather|none
|upkeep
|turn|9
|
|t:|1779597222
|-terastallize|p1a: Iron Moth|Ground
|move|p1a: Iron Moth|Agility|p1a: Iron Moth
|-boost|p1a: Iron Moth|spe|2
|move|p2a: Hatterene|Future Sight|p1a: Iron Moth
|-start|p2a: Hatterene|move: Future Sight
|
|upkeep
|turn|10
|
|t:|1779597227
|move|p1a: Iron Moth|Fiery Dance|p2a: Hatterene
|-damage|p2a: Hatterene|0 fnt
|-boost|p1a: Iron Moth|spa|1
|faint|p2a: Hatterene
|
|upkeep
|
|t:|1779597237
|switch|p2a: Ninetales|Ninetales, M|100/100
|-damage|p2a: Ninetales|76/100|[from] Stealth Rock
|-weather|SunnyDay|[from] ability: Drought|[of] p2a: Ninetales
|turn|11
|
|t:|1779597243
|move|p1a: Iron Moth|Sludge Wave|p2a: Ninetales
|-damage|p2a: Ninetales|0 fnt
|faint|p2a: Ninetales
|
|-weather|SunnyDay|[upkeep]
|-end|p1a: Iron Moth|move: Future Sight
|-damage|p1a: Iron Moth|44/100
|upkeep
|
|t:|1779597247
|switch|p2a: Venusaur|Venusaur, F|100/100
|-damage|p2a: Venusaur|88/100|[from] Stealth Rock
|turn|12
|
|t:|1779597252
|-terastallize|p2a: Venusaur|Fire
|move|p1a: Iron Moth|Fiery Dance|p2a: Venusaur
|-resisted|p2a: Venusaur
|-damage|p2a: Venusaur|10/100
|move|p2a: Venusaur|Solar Beam||[still]
|-prepare|p2a: Venusaur|Solar Beam
|-anim|p2a: Venusaur|Solar Beam|p1a: Iron Moth
|-supereffective|p1a: Iron Moth
|-damage|p1a: Iron Moth|0 fnt
|faint|p1a: Iron Moth
|-end|p1a: Iron Moth|Quark Drive|[silent]
|-damage|p2a: Venusaur|0 fnt|[from] item: Life Orb
|faint|p2a: Venusaur
|
|-weather|SunnyDay|[upkeep]
|upkeep
|
|t:|1779597264
|switch|p1a: Landorus|Landorus-Therian, M|100/100
|switch|p2a: Great Tusk|Great Tusk|98/100
|-ability|p1a: Landorus|Intimidate|boost
|-unboost|p2a: Great Tusk|atk|1
|-damage|p2a: Great Tusk|95/100|[from] Stealth Rock
|-activate|p2a: Great Tusk|ability: Protosynthesis
|-start|p2a: Great Tusk|protosynthesisspe
|turn|13
|
|t:|1779597282
|move|p2a: Great Tusk|Ice Spinner|p1a: Landorus
|-supereffective|p1a: Landorus
|-damage|p1a: Landorus|6/100
|move|p1a: Landorus|U-turn|p2a: Great Tusk
|-resisted|p2a: Great Tusk
|-damage|p2a: Great Tusk|85/100
|
|t:|1779597286
|switch|p1a: Hatterene|Hatterene, F|100/100|[from] U-turn
|
|-weather|SunnyDay|[upkeep]
|upkeep
|turn|14
|
|t:|1779597290
|-end|p2a: Great Tusk|Protosynthesis|[silent]
|switch|p2a: Hydreigon|Hydreigon, M|100/100
|-damage|p2a: Hydreigon|88/100|[from] Stealth Rock
|move|p1a: Hatterene|Calm Mind|p1a: Hatterene
|-boost|p1a: Hatterene|spa|1
|-boost|p1a: Hatterene|spd|1
|
|-weather|SunnyDay|[upkeep]
|-heal|p2a: Hydreigon|94/100|[from] item: Leftovers
|upkeep
|turn|15
|
|t:|1779597297
|move|p2a: Hydreigon|U-turn|p1a: Hatterene
|-damage|p1a: Hatterene|84/100
|
|t:|1779597300
|switch|p2a: Walking Wake|Walking Wake|77/100|[from] U-turn
|-damage|p2a: Walking Wake|65/100|[from] Stealth Rock
|-activate|p2a: Walking Wake|ability: Protosynthesis
|-start|p2a: Walking Wake|protosynthesisspa
|move|p1a: Hatterene|Draining Kiss|p2a: Walking Wake
|-supereffective|p2a: Walking Wake
|-damage|p2a: Walking Wake|0 fnt
|-heal|p1a: Hatterene|100/100|[from] drain|[of] p2a: Walking Wake
|faint|p2a: Walking Wake
|-end|p2a: Walking Wake|Protosynthesis|[silent]
|
|-weather|SunnyDay|[upkeep]
|upkeep
|
|t:|1779597303
|switch|p2a: Great Tusk|Great Tusk|85/100
|-damage|p2a: Great Tusk|82/100|[from] Stealth Rock
|-activate|p2a: Great Tusk|ability: Protosynthesis
|-start|p2a: Great Tusk|protosynthesisatk
|turn|16
|
|t:|1779597306
|switch|p1a: Landorus|Landorus-Therian, M|6/100
|-ability|p1a: Landorus|Intimidate|boost
|-unboost|p2a: Great Tusk|atk|1
|move|p2a: Great Tusk|Headlong Rush|p1a: Landorus
|-immune|p1a: Landorus
|
|-weather|SunnyDay|[upkeep]
|upkeep
|turn|17
|
|t:|1779597309
|-end|p2a: Great Tusk|Protosynthesis|[silent]
|switch|p2a: Hydreigon|Hydreigon, M|94/100
|-damage|p2a: Hydreigon|82/100|[from] Stealth Rock
|move|p1a: Landorus|U-turn|p2a: Hydreigon
|-supereffective|p2a: Hydreigon
|-damage|p2a: Hydreigon|24/100
|
|t:|1779597311
|switch|p1a: Cinderace|Cinderace, M|100/100|[from] U-turn
|
|-weather|SunnyDay|[upkeep]
|-heal|p2a: Hydreigon|30/100|[from] item: Leftovers
|upkeep
|turn|18
|
|t:|1779597314
|move|p1a: Cinderace|U-turn|p2a: Hydreigon
|-supereffective|p2a: Hydreigon
|-damage|p2a: Hydreigon|0 fnt
|faint|p2a: Hydreigon
|
|t:|1779597317
|switch|p1a: Hatterene|Hatterene, F|100/100|[from] U-turn
|
|-weather|none
|upkeep
|
|t:|1779597319
|switch|p2a: Great Tusk|Great Tusk|82/100
|-damage|p2a: Great Tusk|79/100|[from] Stealth Rock
|turn|19
|
|t:|1779597322
|switch|p1a: Landorus|Landorus-Therian, M|6/100
|-ability|p1a: Landorus|Intimidate|boost
|-unboost|p2a: Great Tusk|atk|1
|move|p2a: Great Tusk|Headlong Rush|p1a: Landorus
|-immune|p1a: Landorus
|
|upkeep
|turn|20
|-message|lklowxhn forfeited.
|
|win|Liaoa
|raw|Liaoa's rating: 1466 &rarr; <strong>1492</strong><br />(+26 for winning)
|raw|lklowxhn's rating: 1570 &rarr; <strong>1544</strong><br />(-26 for losing)
|c|☆Liaoa|gg
|c|☆lklowxhn|gg
|l|☆Liaoa
|player|p1|
|l|☆lklowxhn
|player|p2|
|j|☆lklowxhn
|player|p2|lklowxhn|miku-ghost|
|l|☆lklowxhn
|player|p2|
