|j|☆A05236
|j|☆Abyssal Bot
|t:|1779568433
|gametype|singles
|player|p1|A05236|265|
|player|p2|Abyssal Bot|supernerd|
|teamsize|p1|6
|teamsize|p2|6
|gen|9
|tier|[Gen 9] OU
|rule|Species Clause: Limit one of each Pokémon
|rule|OHKO Clause: OHKO moves are banned
|rule|Evasion Items Clause: Evasion items are banned
|rule|Evasion Moves Clause: Evasion moves are banned
|rule|Endless Battle Clause: Forcing endless battles is banned
|rule|HP Percentage Mod: HP is shown in percentages
|rule|Sleep Moves Clause: Sleep-inducing moves are banned
|clearpoke
|poke|p1|Rufflet, M|
|poke|p1|Dipplin, M|
|poke|p1|Carkol, F|
|poke|p1|Dragonair, F|
|poke|p1|Magnezone|
|poke|p1|Dragonite, M|
|poke|p2|Iron Treads|
|poke|p2|Skeledirge, M|
|poke|p2|Ogerpon-Wellspring, F|
|poke|p2|Enamorus, F|
|poke|p2|Zamazenta-*|
|poke|p2|Roaring Moon|
|teampreview
|c|☆Abyssal Bot|Good Luck and Have Fun my Friend!
|inactive|Battle timer is ON: inactive players will automatically lose when time's up. (requested by Abyssal Bot)
|j|*Turbo Bottttt
|
|t:|1779568436
|start
|switch|p1a: deadly|Magnezone|100/100
|switch|p2a: Enamorus|Enamorus, F|100/100
|turn|1
|
|t:|1779568439
|switch|p1a: twice|Rufflet, M|100/100
|move|p2a: Enamorus|Earth Power|p1a: twice
|-immune|p1a: twice
|
|upkeep
|turn|2
|
|t:|1779568441
|move|p2a: Enamorus|Moonblast|p1a: twice
|-damage|p1a: twice|50/100
|move|p1a: twice|Brave Bird|p2a: Enamorus
|-enditem|p2a: Enamorus|Focus Sash
|-damage|p2a: Enamorus|1/100
|-damage|p1a: twice|16/100|[from] Recoil
|
|upkeep
|turn|3
|
|t:|1779568445
|move|p2a: Enamorus|Moonblast|p1a: twice
|-damage|p1a: twice|0
|faint|p1a: twice
|
|upkeep
|
|t:|1779568469
|switch|p1a: safety concerns|Dipplin, M|100/100
|turn|4
|
|t:|1779568470
|move|p2a: Enamorus|Moonblast|p1a: safety concerns
|-supereffective|p1a: safety concerns
|-damage|p1a: safety concerns|16/100
|move|p1a: safety concerns|Pollen Puff|p2a: Enamorus
|-resisted|p2a: Enamorus
|-damage|p2a: Enamorus|0
|faint|p2a: Enamorus
|
|upkeep
|
|t:|1779568470
|switch|p2a: Iron Treads|Iron Treads|100/100
|-enditem|p2a: Iron Treads|Booster Energy
|-activate|p2a: Iron Treads|ability: Quark Drive|[fromitem]
|-start|p2a: Iron Treads|quarkdrivespe
|turn|5
|
|t:|1779568474
|move|p2a: Iron Treads|Earth Power|p1a: safety concerns
|-resisted|p1a: safety concerns
|-damage|p1a: safety concerns|5/100
|move|p1a: safety concerns|Recover|p1a: safety concerns
|-heal|p1a: safety concerns|55/100
|
|upkeep
|turn|6
|
|t:|1779568477
|move|p2a: Iron Treads|Steel Beam|p1a: safety concerns
|-damage|p1a: safety concerns|20/100
|-damage|p2a: Iron Treads|50/100|[from] steelbeam
|move|p1a: safety concerns|Recover|p1a: safety concerns
|-heal|p1a: safety concerns|70/100
|
|upkeep
|turn|7
|
|t:|1779568479
|move|p2a: Iron Treads|Steel Beam|p1a: safety concerns
|-damage|p1a: safety concerns|32/100
|-damage|p2a: Iron Treads|0|[from] steelbeam
|faint|p2a: Iron Treads
|-end|p2a: Iron Treads|Quark Drive|[silent]
|move|p1a: safety concerns|Recover|p1a: safety concerns
|-heal|p1a: safety concerns|82/100
|
|upkeep
|
|t:|1779568479
|switch|p2a: Skeledirge|Skeledirge, M|100/100
|turn|8
|
|t:|1779568489
|switch|p1a: inroads|Carkol, F|100/100
|move|p2a: Skeledirge|Will-O-Wisp|p1a: inroads|[miss]
|-miss|p2a: Skeledirge|p1a: inroads
|
|upkeep
|turn|9
|c|☆Abyssal Bot|;-;
|
|t:|1779568492
|switch|p2a: Roaring Moon|Roaring Moon|100/100
|-enditem|p2a: Roaring Moon|Booster Energy
|-activate|p2a: Roaring Moon|ability: Protosynthesis|[fromitem]
|-start|p2a: Roaring Moon|protosynthesisatk
|move|p1a: inroads|Stealth Rock|p2a: Roaring Moon
|-sidestart|p2: Abyssal Bot|move: Stealth Rock
|
|upkeep
|turn|10
|
|t:|1779568494
|move|p2a: Roaring Moon|Earthquake|p1a: inroads
|-supereffective|p1a: inroads
|-damage|p1a: inroads|10/100
|move|p1a: inroads|Body Press|p2a: Roaring Moon
|-supereffective|p2a: Roaring Moon
|-damage|p2a: Roaring Moon|41/100
|
|upkeep
|turn|11
|
|t:|1779568500
|move|p2a: Roaring Moon|Acrobatics|p1a: inroads
|-resisted|p1a: inroads
|-damage|p1a: inroads|0
|faint|p1a: inroads
|
|upkeep
|
|t:|1779568526
|switch|p1a: safety concerns|Dipplin, M|82/100
|turn|12
|
|t:|1779568527
|move|p2a: Roaring Moon|Knock Off|p1a: safety concerns
|-damage|p1a: safety concerns|50/100
|-activate|p1a: safety concerns|ability: Sticky Hold
|move|p1a: safety concerns|Dragon Pulse|p2a: Roaring Moon
|-supereffective|p2a: Roaring Moon
|-damage|p2a: Roaring Moon|0
|faint|p2a: Roaring Moon
|-end|p2a: Roaring Moon|Protosynthesis|[silent]
|
|upkeep
|
|t:|1779568528
|switch|p2a: Skeledirge|Skeledirge, M|100/100
|turn|13
|
|t:|1779568531
|move|p2a: Skeledirge|Will-O-Wisp|p1a: safety concerns|[miss]
|-miss|p2a: Skeledirge|p1a: safety concerns
|move|p1a: safety concerns|Dragon Pulse|p2a: Skeledirge
|-damage|p2a: Skeledirge|79/100
|
|upkeep
|turn|14
|c|☆Abyssal Bot|Uh Skeledirge, you're as blind as Deino...
|
|t:|1779568534
|move|p2a: Skeledirge|Will-O-Wisp|p1a: safety concerns
|-status|p1a: safety concerns|brn
|move|p1a: safety concerns|Dragon Pulse|p2a: Skeledirge
|-damage|p2a: Skeledirge|56/100
|
|-damage|p1a: safety concerns|44/100 brn|[from] brn|[of] p2a: Skeledirge
|upkeep
|turn|15
|
|t:|1779568536
|move|p2a: Skeledirge|Alluring Voice|p1a: safety concerns
|-supereffective|p1a: safety concerns
|-damage|p1a: safety concerns|13/100 brn
|move|p1a: safety concerns|Dragon Pulse|p2a: Skeledirge
|-damage|p2a: Skeledirge|35/100
|
|-damage|p1a: safety concerns|7/100 brn|[from] brn|[of] p2a: Skeledirge
|upkeep
|turn|16
|
|t:|1779568539
|move|p2a: Skeledirge|Torch Song|p1a: safety concerns
|-damage|p1a: safety concerns|0 brn
|-boost|p2a: Skeledirge|spa|1
|faint|p1a: safety concerns
|
|upkeep
|
|t:|1779568544
|switch|p1a: the agency|Dragonite, M|100/100
|turn|17
|
|t:|1779568546
|move|p1a: the agency|Encore|p2a: Skeledirge
|-start|p2a: Skeledirge|Encore
|move|p2a: Skeledirge|Torch Song|p1a: the agency
|-resisted|p1a: the agency
|-damage|p1a: the agency|89/100
|-boost|p2a: Skeledirge|spa|1
|
|upkeep
|turn|18
|
|t:|1779568548
|move|p1a: the agency|Dragon Dance|p1a: the agency
|-boost|p1a: the agency|atk|1
|-boost|p1a: the agency|spe|1
|move|p2a: Skeledirge|Torch Song|p1a: the agency
|-resisted|p1a: the agency
|-damage|p1a: the agency|60/100
|-boost|p2a: Skeledirge|spa|1
|
|upkeep
|turn|19
|
|t:|1779568554
|move|p1a: the agency|Dragon Dance|p1a: the agency
|-boost|p1a: the agency|atk|1
|-boost|p1a: the agency|spe|1
|move|p2a: Skeledirge|Torch Song|p1a: the agency
|-resisted|p1a: the agency
|-damage|p1a: the agency|24/100
|-boost|p2a: Skeledirge|spa|1
|
|-end|p2a: Skeledirge|Encore
|upkeep
|turn|20
|
|t:|1779568556
|move|p1a: the agency|Scale Shot|p2a: Skeledirge
|-damage|p2a: Skeledirge|24/100
|-damage|p2a: Skeledirge|14/100
|-damage|p2a: Skeledirge|3/100
|-damage|p2a: Skeledirge|0
|faint|p2a: Skeledirge
|-hitcount|p2: Skeledirge|4
|-unboost|p1a: the agency|def|1
|-boost|p1a: the agency|spe|1
|
|upkeep
|
|t:|1779568556
|switch|p2a: Ogerpon|Ogerpon-Wellspring, F|100/100
|-damage|p2a: Ogerpon|88/100|[from] Stealth Rock|[of] p1: inroads
|turn|21
|
|t:|1779568561
|move|p1a: the agency|Scale Shot|p2a: Ogerpon
|-damage|p2a: Ogerpon|48/100
|-damage|p2a: Ogerpon|8/100
|-damage|p2a: Ogerpon|0
|faint|p2a: Ogerpon
|-hitcount|p2: Ogerpon|3
|-unboost|p1a: the agency|def|1
|-boost|p1a: the agency|spe|1
|
|upkeep
|
|t:|1779568561
|switch|p2a: Zamazenta|Zamazenta|100/100
|-damage|p2a: Zamazenta|94/100|[from] Stealth Rock|[of] p1: inroads
|-ability|p2a: Zamazenta|Dauntless Shield|boost
|-boost|p2a: Zamazenta|def|1
|turn|22
|
|t:|1779568565
|move|p1a: the agency|Scale Shot|p2a: Zamazenta
|-damage|p2a: Zamazenta|81/100
|-damage|p2a: Zamazenta|67/100
|-damage|p2a: Zamazenta|54/100
|-damage|p2a: Zamazenta|40/100
|-hitcount|p2a: Zamazenta|4
|-unboost|p1a: the agency|def|1
|-boost|p1a: the agency|spe|1
|move|p2a: Zamazenta|Body Press|p1a: the agency
|-resisted|p1a: the agency
|-damage|p1a: the agency|0
|faint|p1a: the agency
|
|-heal|p2a: Zamazenta|46/100|[from] item: Leftovers
|upkeep
|
|t:|1779568576
|switch|p1a: china|Dragonair, F|100/100
|turn|23
|
|t:|1779568578
|move|p2a: Zamazenta|Body Press|p1a: china
|-damage|p1a: china|51/100
|move|p1a: china|Thunder Wave|p2a: Zamazenta
|-status|p2a: Zamazenta|par
|
|-heal|p2a: Zamazenta|52/100 par|[from] item: Leftovers
|upkeep
|turn|24
|
|t:|1779568582
|move|p2a: Zamazenta|Body Press|p1a: china
|-damage|p1a: china|5/100
|move|p1a: china|Dragon Dance|p1a: china
|-boost|p1a: china|atk|1
|-boost|p1a: china|spe|1
|
|-heal|p2a: Zamazenta|58/100 par|[from] item: Leftovers
|upkeep
|turn|25
|
|t:|1779568584
|move|p1a: china|Outrage|p2a: Zamazenta
|-damage|p2a: Zamazenta|33/100 par
|move|p2a: Zamazenta|Crunch|p1a: china
|-damage|p1a: china|0
|faint|p1a: china
|
|-heal|p2a: Zamazenta|39/100 par|[from] item: Leftovers
|upkeep
|
|t:|1779568587
|switch|p1a: deadly|Magnezone|100/100
|turn|26
|
|t:|1779568591
|move|p1a: deadly|Thunderbolt|p2a: Zamazenta
|-damage|p2a: Zamazenta|0 par
|faint|p2a: Zamazenta
|-damage|p1a: deadly|91/100|[from] item: Life Orb
|
|win|A05236
|c|☆Abyssal Bot|This loss doesn't matter, because I'm just a bot.
|l|☆Abyssal Bot
|player|p2|
|l|*Turbo Bottttt
