|j|☆ok9877
|j|☆claudechamp
|t:|1779696261
|gametype|singles
|player|p1|ok9877|2|1134
|player|p2|claudechamp|169|1148
|gen|9
|tier|[Gen 9] OU
|rated|
|rule|HP Percentage Mod: HP is shown in percentages
|rule|Endless Battle Clause: Forcing endless battles is banned
|rule|Species Clause: Limit one of each Pokémon
|rule|OHKO Clause: OHKO moves are banned
|rule|Evasion Items Clause: Evasion items are banned
|rule|Evasion Moves Clause: Evasion moves are banned
|rule|Evasion Abilities Clause: Evasion abilities are banned
|rule|Sleep Moves Clause: Sleep-inducing moves are banned
|clearpoke
|poke|p1|Regieleki|
|poke|p1|Tsareena, F|
|poke|p1|Dragapult, F|
|poke|p1|Zamazenta-*|
|poke|p1|Pelipper, F|
|poke|p1|Barraskewda, F|
|poke|p2|Gliscor, M|
|poke|p2|Gholdengo|
|poke|p2|Zamazenta-*|
|poke|p2|Blissey, F|
|poke|p2|Skarmory, M|
|poke|p2|Pecharunt|
|teampreview
|c|☆claudechamp|hf
|inactive|Battle timer is ON: inactive players will automatically lose when time's up. (requested by claudechamp)
|
|t:|1779696275
|teamsize|p1|6
|teamsize|p2|6
|start
|switch|p1a: Pelipper|Pelipper, F, shiny|100/100
|switch|p2a: Skarmory|Skarmory, M|100/100
|-weather|RainDance|[from] ability: Drizzle|[of] p1a: Pelipper
|turn|1
|
|t:|1779696279
|move|p1a: Pelipper|Weather Ball|p2a: Skarmory
|-damage|p2a: Skarmory|20/100
|move|p2a: Skarmory|Spikes|p1a: Pelipper
|-sidestart|p1: ok9877|Spikes
|
|-weather|RainDance|[upkeep]
|upkeep
|turn|2
|
|t:|1779696285
|switch|p2a: Blissey|Blissey, F|100/100
|move|p1a: Pelipper|Weather Ball|p2a: Blissey
|-damage|p2a: Blissey|81/100
|
|-weather|RainDance|[upkeep]
|upkeep
|turn|3
|
|t:|1779696293
|switch|p1a: Barraskewda|Barraskewda, F, shiny|100/100
|-damage|p1a: Barraskewda|88/100|[from] Spikes
|move|p2a: Blissey|Stealth Rock|p1a: Barraskewda
|-sidestart|p1: ok9877|move: Stealth Rock
|
|-weather|RainDance|[upkeep]
|upkeep
|turn|4
|
|t:|1779696299
|switch|p2a: Gholdengo|Gholdengo|100/100
|move|p1a: Barraskewda|Liquidation|p2a: Gholdengo
|-damage|p2a: Gholdengo|20/100
|
|-weather|RainDance|[upkeep]
|upkeep
|turn|5
|
|t:|1779696302
|move|p1a: Barraskewda|Liquidation|p2a: Gholdengo
|-damage|p2a: Gholdengo|0 fnt
|faint|p2a: Gholdengo
|
|-weather|none
|upkeep
|
|t:|1779696304
|switch|p2a: Zamazenta|Zamazenta|100/100
|-ability|p2a: Zamazenta|Dauntless Shield|boost
|-boost|p2a: Zamazenta|def|1
|turn|6
|
|t:|1779696308
|switch|p1a: Pelipper|Pelipper, F, shiny|100/100
|-damage|p1a: Pelipper|76/100|[from] Stealth Rock
|-weather|RainDance|[from] ability: Drizzle|[of] p1a: Pelipper
|move|p2a: Zamazenta|Close Combat|p1a: Pelipper
|-resisted|p1a: Pelipper
|-damage|p1a: Pelipper|34/100
|-unboost|p2a: Zamazenta|def|1
|-unboost|p2a: Zamazenta|spd|1
|
|-weather|RainDance|[upkeep]
|upkeep
|turn|7
|
|t:|1779696313
|move|p2a: Zamazenta|Close Combat|p1a: Pelipper
|-resisted|p1a: Pelipper
|-damage|p1a: Pelipper|0 fnt
|-unboost|p2a: Zamazenta|def|1
|-unboost|p2a: Zamazenta|spd|1
|faint|p1a: Pelipper
|
|-weather|RainDance|[upkeep]
|upkeep
|
|t:|1779696318
|switch|p1a: Barraskewda|Barraskewda, F, shiny|88/100
|-damage|p1a: Barraskewda|76/100|[from] Spikes
|-damage|p1a: Barraskewda|63/100|[from] Stealth Rock
|turn|8
|
|t:|1779696323
|move|p1a: Barraskewda|Liquidation|p2a: Zamazenta
|-damage|p2a: Zamazenta|0 fnt
|faint|p2a: Zamazenta
|
|-weather|RainDance|[upkeep]
|upkeep
|
|t:|1779696328
|switch|p2a: Pecharunt|Pecharunt|100/100
|turn|9
|inactive|ok9877 has 120 seconds left.
|inactive|ok9877 has 90 seconds left.
|
|t:|1779696400
|move|p1a: Barraskewda|Liquidation|p2a: Pecharunt
|-damage|p2a: Pecharunt|54/100
|move|p2a: Pecharunt|Shadow Ball|p1a: Barraskewda
|-damage|p1a: Barraskewda|16/100
|
|-weather|RainDance|[upkeep]
|upkeep
|turn|10
|
|t:|1779696407
|move|p1a: Barraskewda|Liquidation|p2a: Pecharunt
|-damage|p2a: Pecharunt|3/100
|move|p2a: Pecharunt|Shadow Ball|p1a: Barraskewda
|-damage|p1a: Barraskewda|0 fnt
|faint|p1a: Barraskewda
|
|-weather|none
|upkeep
|
|t:|1779696411
|switch|p1a: Regieleki|Regieleki, shiny|100/100
|-damage|p1a: Regieleki|88/100|[from] Spikes
|-damage|p1a: Regieleki|76/100|[from] Stealth Rock
|turn|11
|
|t:|1779696417
|move|p1a: Regieleki|Ancient Power|p2a: Pecharunt
|-damage|p2a: Pecharunt|0 fnt
|faint|p2a: Pecharunt
|
|upkeep
|
|t:|1779696420
|switch|p2a: Gliscor|Gliscor, M|100/100
|turn|12
|
|t:|1779696429
|switch|p1a: Dragapult|Dragapult, F, shiny|100/100
|-damage|p1a: Dragapult|88/100|[from] Spikes
|-damage|p1a: Dragapult|76/100|[from] Stealth Rock
|move|p2a: Gliscor|Swords Dance|p2a: Gliscor
|-boost|p2a: Gliscor|atk|2
|
|-status|p2a: Gliscor|tox|[from] item: Toxic Orb
|upkeep
|turn|13
|
|t:|1779696449
|move|p1a: Dragapult|Dragon Darts|p2a: Gliscor
|-damage|p2a: Gliscor|72/100 tox
|-anim|p1a: Dragapult|Dragon Darts|p2a: Gliscor
|-damage|p2a: Gliscor|42/100 tox
|move|p2a: Gliscor|Knock Off|p1a: Dragapult
|-supereffective|p1a: Dragapult
|-damage|p1a: Dragapult|0 fnt
|-enditem|p1a: Dragapult|Choice Band|[from] move: Knock Off|[of] p2a: Gliscor
|faint|p1a: Dragapult
|
|-heal|p2a: Gliscor|54/100 tox|[from] ability: Poison Heal
|upkeep
|
|t:|1779696460
|switch|p1a: Zamazenta|Zamazenta, shiny|100/100
|-damage|p1a: Zamazenta|88/100|[from] Spikes
|-damage|p1a: Zamazenta|82/100|[from] Stealth Rock
|-ability|p1a: Zamazenta|Dauntless Shield|boost
|-boost|p1a: Zamazenta|def|1
|turn|14
|
|t:|1779696469
|move|p1a: Zamazenta|Heavy Slam|p2a: Gliscor
|-damage|p2a: Gliscor|15/100 tox
|move|p2a: Gliscor|Knock Off|p1a: Zamazenta
|-resisted|p1a: Zamazenta
|-damage|p1a: Zamazenta|69/100
|-enditem|p1a: Zamazenta|Choice Band|[from] move: Knock Off|[of] p2a: Gliscor
|
|-heal|p2a: Gliscor|28/100 tox|[from] ability: Poison Heal
|upkeep
|turn|15
|
|t:|1779696483
|move|p2a: Gliscor|Protect|p2a: Gliscor
|-singleturn|p2a: Gliscor|Protect
|move|p1a: Zamazenta|Close Combat|p2a: Gliscor
|-activate|p2a: Gliscor|move: Protect
|
|-heal|p2a: Gliscor|40/100 tox|[from] ability: Poison Heal
|upkeep
|turn|16
|
|t:|1779696488
|move|p1a: Zamazenta|Close Combat|p2a: Gliscor
|-resisted|p2a: Gliscor
|-damage|p2a: Gliscor|16/100 tox
|-unboost|p1a: Zamazenta|def|1
|-unboost|p1a: Zamazenta|spd|1
|move|p2a: Gliscor|Earthquake|p1a: Zamazenta
|-damage|p1a: Zamazenta|10/100
|
|-heal|p2a: Gliscor|28/100 tox|[from] ability: Poison Heal
|upkeep
|turn|17
|-message|ok9877 forfeited.
|
|win|claudechamp
|raw|ok9877's rating: 1134 &rarr; <strong>1106</strong><br />(-28 for losing)
|raw|claudechamp's rating: 1098 &rarr; <strong>1126</strong><br />(+28 for winning)
|c|☆claudechamp|gg
|l|☆ok9877
|player|p1|
