|j|☆chrisfeb1992
|j|‽Moxieproelite2222
|t:|1779653184
|gametype|singles
|player|p1|chrisfeb1992|266|1221
|player|p2|Moxieproelite2222|101|1110
|gen|9
|tier|[Gen 9] OU
|rated|
|rule|HP Percentage Mod: HP is shown in percentages
|rule|Endless Battle Clause: Forcing endless battles is banned
|rule|Species Clause: Limit one of each Pokémon
|rule|OHKO Clause: OHKO moves are banned
|rule|Evasion Items Clause: Evasion items are banned
|rule|Evasion Moves Clause: Evasion moves are banned
|rule|Evasion Abilities Clause: Evasion abilities are banned
|rule|Sleep Moves Clause: Sleep-inducing moves are banned
|clearpoke
|poke|p1|Ceruledge, F|
|poke|p1|Ribombee, F|
|poke|p1|Ursaluna, M|
|poke|p1|Darkrai|
|poke|p1|Iron Treads|
|poke|p1|Regieleki|
|poke|p2|Flamigo, F|
|poke|p2|Hawlucha, F|
|poke|p2|Ceruledge, F|
|poke|p2|Armarouge, M|
|poke|p2|Glimmora, F|
|poke|p2|Enamorus, F|
|teampreview
|
|t:|1779653193
|teamsize|p1|6
|teamsize|p2|6
|start
|switch|p1a: Iron Treads|Iron Treads|100/100
|switch|p2a: Glimmora|Glimmora, F|100/100
|-enditem|p1a: Iron Treads|Booster Energy
|-activate|p1a: Iron Treads|ability: Quark Drive|[fromitem]
|-start|p1a: Iron Treads|quarkdrivespe
|turn|1
|
|t:|1779653202
|move|p2a: Glimmora|Spiky Shield|p2a: Glimmora
|-singleturn|p2a: Glimmora|move: Protect
|move|p1a: Iron Treads|Earthquake|p2a: Glimmora
|-activate|p2a: Glimmora|move: Protect
|
|upkeep
|turn|2
|
|t:|1779653209
|switch|p2a: Hawlucha|Hawlucha, F, shiny|100/100
|move|p1a: Iron Treads|Stealth Rock|p2a: Hawlucha
|-sidestart|p2: Moxieproelite2222|move: Stealth Rock
|
|upkeep
|turn|3
|
|t:|1779653217
|move|p1a: Iron Treads|Volt Switch|p2a: Hawlucha
|-supereffective|p2a: Hawlucha
|-damage|p2a: Hawlucha|65/100
|
|t:|1779653224
|-end|p1a: Iron Treads|Quark Drive|[silent]
|switch|p1a: Ceruledge|Ceruledge, F|100/100|[from] Volt Switch
|move|p2a: Hawlucha|Swords Dance|p2a: Hawlucha
|-boost|p2a: Hawlucha|atk|2
|
|upkeep
|turn|4
|
|t:|1779653235
|move|p2a: Hawlucha|Acrobatics|p1a: Ceruledge
|-damage|p1a: Ceruledge|30/100
|-ability|p1a: Ceruledge|Weak Armor|boost
|-unboost|p1a: Ceruledge|def|1
|-boost|p1a: Ceruledge|spe|2
|move|p1a: Ceruledge|Swords Dance|p1a: Ceruledge
|-boost|p1a: Ceruledge|atk|2
|
|upkeep
|turn|5
|
|t:|1779653244
|move|p1a: Ceruledge|Bitter Blade|p2a: Hawlucha
|-damage|p2a: Hawlucha|0 fnt
|-heal|p1a: Ceruledge|63/100|[from] drain|[of] p2a: Hawlucha
|faint|p2a: Hawlucha
|
|upkeep
|
|t:|1779653252
|switch|p2a: Armarouge|Armarouge, M|100/100
|-damage|p2a: Armarouge|76/100|[from] Stealth Rock
|turn|6
|
|t:|1779653258
|-terastallize|p1a: Ceruledge|Ghost
|move|p1a: Ceruledge|Poltergeist|p2a: Armarouge
|-activate|p2a: Armarouge|move: Poltergeist|Weakness Policy
|-supereffective|p2a: Armarouge
|-damage|p2a: Armarouge|0 fnt
|faint|p2a: Armarouge
|
|upkeep
|
|t:|1779653268
|switch|p2a: Flamigo|Flamigo, F|100/100
|-damage|p2a: Flamigo|88/100|[from] Stealth Rock
|turn|7
|
|t:|1779653273
|move|p1a: Ceruledge|Bitter Blade|p2a: Flamigo
|-damage|p2a: Flamigo|0 fnt
|-heal|p1a: Ceruledge|100/100|[from] drain|[of] p2a: Flamigo
|faint|p2a: Flamigo
|
|upkeep
|-message|Moxieproelite2222 forfeited.
|
|win|chrisfeb1992
|raw|chrisfeb1992's rating: 1221 &rarr; <strong>1238</strong><br />(+17 for winning)
|raw|Moxieproelite2222's rating: 1110 &rarr; <strong>1093</strong><br />(-17 for losing)
|l|‽Moxieproelite2222
|player|p2|
