|j|☆spindle pit
|j|☆ohko by scald
|t:|1779636895
|gametype|singles
|player|p1|spindle pit|ethan|1349
|player|p2|ohko by scald|roxie-masters|1401
|gen|9
|tier|[Gen 9] OU
|rated|
|rule|HP Percentage Mod: HP is shown in percentages
|rule|Endless Battle Clause: Forcing endless battles is banned
|rule|Species Clause: Limit one of each Pokémon
|rule|OHKO Clause: OHKO moves are banned
|rule|Evasion Items Clause: Evasion items are banned
|rule|Evasion Moves Clause: Evasion moves are banned
|rule|Evasion Abilities Clause: Evasion abilities are banned
|rule|Sleep Moves Clause: Sleep-inducing moves are banned
|clearpoke
|poke|p1|Pincurchin, F|
|poke|p1|Raging Bolt|
|poke|p1|Latios, M|
|poke|p1|Corviknight, M|
|poke|p1|Iron Crown|
|poke|p1|Iron Valiant|
|poke|p2|Cloyster, M|
|poke|p2|Toxtricity, F|
|poke|p2|Dragapult, M|
|poke|p2|Hawlucha, F|
|poke|p2|Rillaboom, M|
|poke|p2|Heatran, F|
|teampreview
|inactive|Battle timer is ON: inactive players will automatically lose when time's up. (requested by ohko by scald)
|inactive|spindle pit also wants the timer to be on.
|
|t:|1779636914
|teamsize|p1|6
|teamsize|p2|6
|start
|switch|p1a: Latte|Latios, M|100/100
|switch|p2a: Cloist Mritical|Cloyster, M|100/100
|turn|1
|
|t:|1779636925
|move|p1a: Latte|Aura Sphere|p2a: Cloist Mritical
|-supereffective|p2a: Cloist Mritical
|-enditem|p2a: Cloist Mritical|Focus Sash
|-damage|p2a: Cloist Mritical|1/100
|move|p2a: Cloist Mritical|Shell Smash|p2a: Cloist Mritical
|-unboost|p2a: Cloist Mritical|def|1
|-unboost|p2a: Cloist Mritical|spd|1
|-boost|p2a: Cloist Mritical|atk|2
|-boost|p2a: Cloist Mritical|spa|2
|-boost|p2a: Cloist Mritical|spe|2
|
|upkeep
|turn|2
|
|t:|1779636928
|-terastallize|p1a: Latte|Steel
|move|p1a: Latte|Aura Sphere|p2a: Cloist Mritical
|-supereffective|p2a: Cloist Mritical
|-damage|p2a: Cloist Mritical|0 fnt
|faint|p2a: Cloist Mritical
|
|upkeep
|
|t:|1779636938
|switch|p2a: MF BOOM 2|Toxtricity, F|100/100
|turn|3
|
|t:|1779636945
|switch|p1a: Pliny|Pincurchin, F|100/100
|-fieldstart|move: Electric Terrain|[from] ability: Electric Surge|[of] p1a: Pliny
|move|p2a: MF BOOM 2|Shift Gear|p2a: MF BOOM 2
|-boost|p2a: MF BOOM 2|spe|2
|-boost|p2a: MF BOOM 2|atk|1
|
|upkeep
|turn|4
|
|t:|1779636949
|switch|p1a: Cron|Iron Crown|100/100
|-item|p1a: Cron|Air Balloon
|-activate|p1a: Cron|ability: Quark Drive
|-start|p1a: Cron|quarkdrivespe
|move|p2a: MF BOOM 2|Boomburst|p1a: Cron
|-resisted|p1a: Cron
|-damage|p1a: Cron|63/100
|-enditem|p1a: Cron|Air Balloon
|-damage|p2a: MF BOOM 2|91/100|[from] item: Life Orb
|
|upkeep
|turn|5
|
|t:|1779636960
|move|p2a: MF BOOM 2|Overdrive|p1a: Cron
|-damage|p1a: Cron|0 fnt
|faint|p1a: Cron
|-end|p1a: Cron|Quark Drive|[silent]
|-damage|p2a: MF BOOM 2|81/100|[from] item: Life Orb
|
|upkeep
|
|t:|1779636963
|switch|p1a: Thundrink|Raging Bolt|100/100
|turn|6
|
|t:|1779636979
|switch|p2a: MF BOOM|Rillaboom, M|100/100
|-fieldstart|move: Grassy Terrain|[from] ability: Grassy Surge|[of] p2a: MF BOOM
|move|p1a: Thundrink|Rising Voltage|p2a: MF BOOM
|-resisted|p2a: MF BOOM
|-damage|p2a: MF BOOM|69/100
|
|-heal|p2a: MF BOOM|76/100|[from] Grassy Terrain
|upkeep
|turn|7
|inactive|ohko by scald has 120 seconds left.
|
|t:|1779637009
|-end|p1a: Thundrink|Protosynthesis|[silent]
|switch|p1a: Pliny|Pincurchin, F|100/100
|-fieldstart|move: Electric Terrain|[from] ability: Electric Surge|[of] p1a: Pliny
|move|p2a: MF BOOM|Knock Off|p1a: Pliny
|-damage|p1a: Pliny|58/100
|-enditem|p1a: Pliny|Terrain Extender|[from] move: Knock Off|[of] p2a: MF BOOM
|
|upkeep
|turn|8
|
|t:|1779637019
|switch|p2a: MF BOOM 2|Toxtricity, F|81/100
|switch|p1a: Vala|Iron Valiant|100/100
|-activate|p1a: Vala|ability: Quark Drive
|-start|p1a: Vala|quarkdrivespe
|
|upkeep
|turn|9
|
|t:|1779637026
|move|p1a: Vala|Shadow Ball|p2a: MF BOOM 2
|-damage|p2a: MF BOOM 2|36/100
|move|p2a: MF BOOM 2|Overdrive|p1a: Vala
|-enditem|p1a: Vala|Focus Sash
|-damage|p1a: Vala|1/100
|-damage|p2a: MF BOOM 2|26/100|[from] item: Life Orb
|
|upkeep
|turn|10
|
|t:|1779637039
|move|p1a: Vala|Shadow Ball|p2a: MF BOOM 2
|-damage|p2a: MF BOOM 2|0 fnt
|faint|p2a: MF BOOM 2
|
|upkeep
|
|t:|1779637041
|switch|p2a: MF BOOM|Rillaboom, M|76/100
|-fieldstart|move: Grassy Terrain|[from] ability: Grassy Surge|[of] p2a: MF BOOM
|-end|p1a: Vala|Quark Drive
|turn|11
|
|t:|1779637048
|move|p2a: MF BOOM|Grassy Glide|p1a: Vala
|-damage|p1a: Vala|0 fnt
|faint|p1a: Vala
|-end|p1a: Vala|Quark Drive|[silent]
|
|-heal|p2a: MF BOOM|82/100|[from] Grassy Terrain
|upkeep
|
|t:|1779637050
|switch|p1a: Pliny|Pincurchin, F|58/100
|-fieldstart|move: Electric Terrain|[from] ability: Electric Surge|[of] p1a: Pliny
|turn|12
|
|t:|1779637058
|switch|p2a: 700°C iron ball|Heatran, F, shiny|100/100
|move|p1a: Pliny|Recover|p1a: Pliny
|-heal|p1a: Pliny|100/100
|
|upkeep
|turn|13
|
|t:|1779637069
|switch|p2a: MF BOOM|Rillaboom, M|82/100
|-fieldstart|move: Grassy Terrain|[from] ability: Grassy Surge|[of] p2a: MF BOOM
|switch|p1a: Thundrink|Raging Bolt|100/100
|
|-heal|p2a: MF BOOM|88/100|[from] Grassy Terrain
|upkeep
|turn|14
|
|t:|1779637080
|move|p2a: MF BOOM|U-turn|p1a: Thundrink
|-damage|p1a: Thundrink|71/100
|
|t:|1779637083
|switch|p2a: 700°C iron ball|Heatran, F, shiny|100/100|[from] U-turn
|move|p1a: Thundrink|Volt Switch|p2a: 700°C iron ball
|-damage|p2a: 700°C iron ball|48/100
|
|t:|1779637087
|-end|p1a: Thundrink|Protosynthesis|[silent]
|switch|p1a: Latte|Latios, M, tera:Steel|100/100|[from] Volt Switch
|
|-heal|p2a: 700°C iron ball|54/100|[from] Grassy Terrain
|-heal|p2a: 700°C iron ball|61/100|[from] item: Leftovers
|upkeep
|turn|15
|
|t:|1779637098
|move|p1a: Latte|Aura Sphere|p2a: 700°C iron ball
|-supereffective|p2a: 700°C iron ball
|-damage|p2a: 700°C iron ball|0 fnt
|faint|p2a: 700°C iron ball
|
|upkeep
|
|t:|1779637106
|switch|p2a: John Cena|Hawlucha, F|100/100
|-enditem|p2a: John Cena|Grassy Seed
|-boost|p2a: John Cena|def|1|[from] item: Grassy Seed
|turn|16
|
|t:|1779637113
|switch|p1a: Corkini|Corviknight, M|100/100
|-ability|p1a: Corkini|Pressure
|move|p2a: John Cena|Swords Dance|p2a: John Cena
|-boost|p2a: John Cena|atk|2
|
|upkeep
|turn|17
|
|t:|1779637121
|move|p2a: John Cena|Swords Dance|p2a: John Cena
|-boost|p2a: John Cena|atk|2
|move|p1a: Corkini|Brave Bird|p2a: John Cena
|-supereffective|p2a: John Cena
|-damage|p2a: John Cena|30/100
|-damage|p1a: Corkini|82/100|[from] Recoil
|
|-fieldend|move: Grassy Terrain
|upkeep
|turn|18
|
|t:|1779637125
|move|p2a: John Cena|Close Combat|p1a: Corkini
|-damage|p1a: Corkini|0 fnt
|-unboost|p2a: John Cena|def|1
|-unboost|p2a: John Cena|spd|1
|-damage|p2a: John Cena|14/100|[from] item: Rocky Helmet|[of] p1a: Corkini
|faint|p1a: Corkini
|
|upkeep
|
|t:|1779637137
|switch|p1a: Pliny|Pincurchin, F|100/100
|-fieldstart|move: Electric Terrain|[from] ability: Electric Surge|[of] p1a: Pliny
|turn|19
|
|t:|1779637141
|move|p1a: Pliny|Sucker Punch|p2a: John Cena
|-resisted|p2a: John Cena
|-damage|p2a: John Cena|3/100
|move|p2a: John Cena|Close Combat|p1a: Pliny
|-damage|p1a: Pliny|0 fnt
|-unboost|p2a: John Cena|def|1
|-unboost|p2a: John Cena|spd|1
|faint|p1a: Pliny
|
|upkeep
|
|t:|1779637148
|switch|p1a: Thundrink|Raging Bolt|71/100
|turn|20
|
|t:|1779637151
|move|p1a: Thundrink|Thunderclap|p2a: John Cena
|-supereffective|p2a: John Cena
|-damage|p2a: John Cena|0 fnt
|faint|p2a: John Cena
|
|upkeep
|
|t:|1779637156
|switch|p2a: MF BOOM|Rillaboom, M|88/100
|-fieldstart|move: Grassy Terrain|[from] ability: Grassy Surge|[of] p2a: MF BOOM
|turn|21
|
|t:|1779637162
|-end|p1a: Thundrink|Protosynthesis|[silent]
|switch|p1a: Latte|Latios, M, tera:Steel|100/100
|move|p2a: MF BOOM|Knock Off|p1a: Latte
|-damage|p1a: Latte|28/100
|-enditem|p1a: Latte|Choice Scarf|[from] move: Knock Off|[of] p2a: MF BOOM
|
|-heal|p2a: MF BOOM|94/100|[from] Grassy Terrain
|upkeep
|turn|22
|-message|spindle pit forfeited.
|
|win|ohko by scald
|raw|spindle pit's rating: 1349 &rarr; <strong>1332</strong><br />(-17 for losing)
|raw|ohko by scald's rating: 1401 &rarr; <strong>1418</strong><br />(+17 for winning)
|l|☆spindle pit
|player|p1|
