|j|☆Acastillo631
|j|☆TestAccountNo.123
|t:|1779713459
|gametype|singles
|player|p1|Acastillo631|silver|1558
|player|p2|TestAccountNo.123|pokemonbreederf-gen4|1531
|gen|9
|tier|[Gen 9] OU
|rated|
|rule|HP Percentage Mod: HP is shown in percentages
|rule|Endless Battle Clause: Forcing endless battles is banned
|rule|Species Clause: Limit one of each Pokémon
|rule|OHKO Clause: OHKO moves are banned
|rule|Evasion Items Clause: Evasion items are banned
|rule|Evasion Moves Clause: Evasion moves are banned
|rule|Evasion Abilities Clause: Evasion abilities are banned
|rule|Sleep Moves Clause: Sleep-inducing moves are banned
|clearpoke
|poke|p1|Iron Valiant|
|poke|p1|Sinistcha|
|poke|p1|Tyranitar, M|
|poke|p1|Klefki, F|
|poke|p1|Corviknight, M|
|poke|p1|Swampert, F|
|poke|p2|Clefable, F|
|poke|p2|Moltres|
|poke|p2|Great Tusk|
|poke|p2|Hydrapple, F|
|poke|p2|Iron Hands|
|poke|p2|Meowscarada, F|
|teampreview
|
|t:|1779713470
|teamsize|p1|6
|teamsize|p2|6
|start
|switch|p1a: Redips|Klefki, F|100/100
|switch|p2a: Great Tusk|Great Tusk|100/100
|turn|1
|
|t:|1779713473
|move|p1a: Redips|Magnet Rise|p1a: Redips
|-start|p1a: Redips|Magnet Rise
|move|p2a: Great Tusk|Headlong Rush|p1a: Redips
|-immune|p1a: Redips
|
|upkeep
|turn|2
|
|t:|1779713477
|move|p1a: Redips|Spikes|p2a: Great Tusk
|-sidestart|p2: TestAccountNo.123|Spikes
|move|p2a: Great Tusk|Close Combat|p1a: Redips
|-damage|p1a: Redips|53/100
|-unboost|p2a: Great Tusk|def|1
|-unboost|p2a: Great Tusk|spd|1
|-damage|p2a: Great Tusk|84/100|[from] item: Rocky Helmet|[of] p1a: Redips
|
|upkeep
|turn|3
|
|t:|1779713484
|-end|p2a: Great Tusk|Protosynthesis|[silent]
|switch|p2a: Moltres|Moltres|100/100
|move|p1a: Redips|Dazzling Gleam|p2a: Moltres
|-resisted|p2a: Moltres
|-damage|p2a: Moltres|92/100
|
|upkeep
|turn|4
|
|t:|1779713491
|switch|p1a: Duff Mcwhalen|Swampert, F|100/100
|move|p2a: Moltres|U-turn|p1a: Duff Mcwhalen
|-damage|p1a: Duff Mcwhalen|87/100
|j| Wildkoter
|
|t:|1779713495
|switch|p2a: Hydrapple|Hydrapple, F, shiny|100/100|[from] U-turn
|
|-heal|p1a: Duff Mcwhalen|93/100|[from] item: Leftovers
|upkeep
|turn|5
|
|t:|1779713499
|move|p1a: Duff Mcwhalen|Flip Turn|p2a: Hydrapple
|-resisted|p2a: Hydrapple
|-damage|p2a: Hydrapple|97/100
|l| Wildkoter
|
|t:|1779713500
|switch|p1a: Eregion|Tyranitar, M|100/100|[from] Flip Turn
|-weather|Sandstorm|[from] ability: Sand Stream|[of] p1a: Eregion
|move|p2a: Hydrapple|Giga Drain|p1a: Eregion
|-supereffective|p1a: Eregion
|-damage|p1a: Eregion|72/100
|-heal|p2a: Hydrapple|100/100|[from] drain|[of] p1a: Eregion
|
|-weather|Sandstorm|[upkeep]
|-damage|p2a: Hydrapple|94/100|[from] Sandstorm
|-heal|p1a: Eregion|78/100|[from] item: Leftovers
|upkeep
|turn|6
|
|t:|1779713507
|move|p1a: Eregion|Ice Beam|p2a: Hydrapple
|-supereffective|p2a: Hydrapple
|-damage|p2a: Hydrapple|20/100
|move|p2a: Hydrapple|Giga Drain|p1a: Eregion
|-supereffective|p1a: Eregion
|-damage|p1a: Eregion|52/100
|-heal|p2a: Hydrapple|33/100|[from] drain|[of] p1a: Eregion
|
|-weather|Sandstorm|[upkeep]
|-damage|p2a: Hydrapple|27/100|[from] Sandstorm
|-heal|p1a: Eregion|58/100|[from] item: Leftovers
|upkeep
|turn|7
|
|t:|1779713514
|switch|p2a: Clefable|Clefable, F|100/100
|move|p1a: Eregion|Knock Off|p2a: Clefable
|-resisted|p2a: Clefable
|-damage|p2a: Clefable|83/100
|-enditem|p2a: Clefable|Leftovers|[from] move: Knock Off|[of] p1a: Eregion
|
|-weather|Sandstorm|[upkeep]
|-heal|p1a: Eregion|64/100|[from] item: Leftovers
|upkeep
|turn|8
|
|t:|1779713527
|switch|p1a: Duff Mcwhalen|Swampert, F|93/100
|move|p2a: Clefable|Stealth Rock|p1a: Duff Mcwhalen
|-sidestart|p1: Acastillo631|move: Stealth Rock
|
|-weather|Sandstorm|[upkeep]
|-heal|p1a: Duff Mcwhalen|99/100|[from] item: Leftovers
|upkeep
|turn|9
|
|t:|1779713532
|move|p2a: Clefable|Moonblast|p1a: Duff Mcwhalen
|-damage|p1a: Duff Mcwhalen|78/100
|-unboost|p1a: Duff Mcwhalen|spa|1
|move|p1a: Duff Mcwhalen|Stealth Rock|p2a: Clefable
|-sidestart|p2: TestAccountNo.123|move: Stealth Rock
|
|-weather|none
|-heal|p1a: Duff Mcwhalen|85/100|[from] item: Leftovers
|upkeep
|turn|10
|
|t:|1779713536
|move|p2a: Clefable|Moonblast|p1a: Duff Mcwhalen
|-damage|p1a: Duff Mcwhalen|65/100
|move|p1a: Duff Mcwhalen|Earthquake|p2a: Clefable
|-damage|p2a: Clefable|53/100
|
|-heal|p1a: Duff Mcwhalen|71/100|[from] item: Leftovers
|upkeep
|turn|11
|
|t:|1779713539
|move|p2a: Clefable|Moonlight|p2a: Clefable
|-heal|p2a: Clefable|100/100
|move|p1a: Duff Mcwhalen|Earthquake|p2a: Clefable
|-damage|p2a: Clefable|72/100
|
|-heal|p1a: Duff Mcwhalen|77/100|[from] item: Leftovers
|upkeep
|turn|12
|
|t:|1779713547
|move|p2a: Clefable|Moonblast|p1a: Duff Mcwhalen
|-damage|p1a: Duff Mcwhalen|56/100
|move|p1a: Duff Mcwhalen|Earthquake|p2a: Clefable
|-damage|p2a: Clefable|42/100
|
|-heal|p1a: Duff Mcwhalen|62/100|[from] item: Leftovers
|upkeep
|turn|13
|
|t:|1779713550
|move|p2a: Clefable|Moonlight|p2a: Clefable
|-heal|p2a: Clefable|92/100
|move|p1a: Duff Mcwhalen|Flip Turn|p2a: Clefable
|-damage|p2a: Clefable|75/100
|inactive|Battle timer is ON: inactive players will automatically lose when time's up. (requested by TestAccountNo.123)
|
|t:|1779713583
|switch|p1a: Wire Sponge|Sinistcha|100/100|[from] Flip Turn
|
|upkeep
|turn|14
|
|t:|1779713597
|switch|p2a: Moltres|Moltres|92/100
|move|p1a: Wire Sponge|Calm Mind|p1a: Wire Sponge
|-boost|p1a: Wire Sponge|spa|1
|-boost|p1a: Wire Sponge|spd|1
|
|upkeep
|turn|15
|
|t:|1779713601
|move|p2a: Moltres|Will-O-Wisp|p1a: Wire Sponge
|-status|p1a: Wire Sponge|brn
|move|p1a: Wire Sponge|Shadow Ball|p2a: Moltres
|-damage|p2a: Moltres|57/100
|
|-damage|p1a: Wire Sponge|98/100 brn|[from] brn
|upkeep
|turn|16
|
|t:|1779713607
|move|p2a: Moltres|Flamethrower|p1a: Wire Sponge
|-supereffective|p1a: Wire Sponge
|-damage|p1a: Wire Sponge|68/100 brn
|move|p1a: Wire Sponge|Calm Mind|p1a: Wire Sponge
|-boost|p1a: Wire Sponge|spa|1
|-boost|p1a: Wire Sponge|spd|1
|
|-damage|p1a: Wire Sponge|65/100 brn|[from] brn
|upkeep
|turn|17
|
|t:|1779713610
|move|p2a: Moltres|Roost|p2a: Moltres
|-heal|p2a: Moltres|100/100
|-singleturn|p2a: Moltres|move: Roost
|move|p1a: Wire Sponge|Shadow Ball|p2a: Moltres
|-damage|p2a: Moltres|55/100
|
|-damage|p1a: Wire Sponge|62/100 brn|[from] brn
|upkeep
|turn|18
|
|t:|1779713613
|move|p2a: Moltres|Flamethrower|p1a: Wire Sponge
|-supereffective|p1a: Wire Sponge
|-damage|p1a: Wire Sponge|42/100 brn
|move|p1a: Wire Sponge|Strength Sap|p2a: Moltres
|-unboost|p2a: Moltres|atk|1
|-heal|p1a: Wire Sponge|100/100 brn
|
|-damage|p1a: Wire Sponge|98/100 brn|[from] brn
|upkeep
|turn|19
|
|t:|1779713615
|move|p2a: Moltres|Roost|p2a: Moltres
|-heal|p2a: Moltres|100/100
|-singleturn|p2a: Moltres|move: Roost
|move|p1a: Wire Sponge|Shadow Ball|p2a: Moltres
|-damage|p2a: Moltres|51/100
|-unboost|p2a: Moltres|spd|1
|
|-damage|p1a: Wire Sponge|95/100 brn|[from] brn
|upkeep
|turn|20
|
|t:|1779713623
|move|p2a: Moltres|U-turn|p1a: Wire Sponge
|-damage|p1a: Wire Sponge|88/100 brn
|
|t:|1779713625
|switch|p2a: Clefable|Clefable, F|75/100|[from] U-turn
|move|p1a: Wire Sponge|Shadow Ball|p2a: Clefable
|-damage|p2a: Clefable|14/100
|-unboost|p2a: Clefable|spd|1
|
|-damage|p1a: Wire Sponge|85/100 brn|[from] brn
|upkeep
|turn|21
|
|t:|1779713629
|move|p1a: Wire Sponge|Shadow Ball|p2a: Clefable
|-damage|p2a: Clefable|0 fnt
|faint|p2a: Clefable
|
|-damage|p1a: Wire Sponge|82/100 brn|[from] brn
|upkeep
|
|t:|1779713631
|switch|p2a: Meowscarada|Meowscarada, F|100/100
|-damage|p2a: Meowscarada|88/100|[from] Spikes
|-damage|p2a: Meowscarada|76/100|[from] Stealth Rock
|turn|22
|
|t:|1779713656
|-terastallize|p1a: Wire Sponge|Poison
|move|p2a: Meowscarada|Knock Off|p1a: Wire Sponge
|-start|p2a: Meowscarada|typechange|Dark|[from] ability: Protean
|-damage|p1a: Wire Sponge|48/100 brn
|-enditem|p1a: Wire Sponge|Heavy-Duty Boots|[from] move: Knock Off|[of] p2a: Meowscarada
|move|p1a: Wire Sponge|Strength Sap|p2a: Meowscarada
|-unboost|p2a: Meowscarada|atk|1
|-heal|p1a: Wire Sponge|100/100 brn
|
|-damage|p1a: Wire Sponge|98/100 brn|[from] brn
|upkeep
|turn|23
|
|t:|1779713668
|switch|p2a: Moltres|Moltres|51/100
|move|p1a: Wire Sponge|Matcha Gotcha|p2a: Moltres
|-resisted|p2a: Moltres
|-damage|p2a: Moltres|39/100
|-heal|p1a: Wire Sponge|100/100 brn|[from] drain|[of] p2a: Moltres
|
|-damage|p1a: Wire Sponge|98/100 brn|[from] brn
|upkeep
|turn|24
|
|t:|1779713673
|move|p2a: Moltres|Flamethrower|p1a: Wire Sponge
|-damage|p1a: Wire Sponge|86/100 brn
|move|p1a: Wire Sponge|Shadow Ball|p2a: Moltres
|-damage|p2a: Moltres|0 fnt
|faint|p2a: Moltres
|
|-damage|p1a: Wire Sponge|83/100 brn|[from] brn
|upkeep
|
|t:|1779713674
|switch|p2a: Great Tusk|Great Tusk|84/100
|turn|25
|
|t:|1779713681
|move|p2a: Great Tusk|Headlong Rush|p1a: Wire Sponge
|-supereffective|p1a: Wire Sponge
|-damage|p1a: Wire Sponge|0 fnt
|-unboost|p2a: Great Tusk|def|1
|-unboost|p2a: Great Tusk|spd|1
|faint|p1a: Wire Sponge
|
|upkeep
|
|t:|1779713689
|switch|p1a: Sage Harpuia|Iron Valiant|100/100
|-damage|p1a: Sage Harpuia|94/100|[from] Stealth Rock
|-enditem|p1a: Sage Harpuia|Booster Energy
|-activate|p1a: Sage Harpuia|ability: Quark Drive|[fromitem]
|-start|p1a: Sage Harpuia|quarkdrivespe
|turn|26
|
|t:|1779713697
|-terastallize|p2a: Great Tusk|Steel
|move|p1a: Sage Harpuia|Moonblast|p2a: Great Tusk
|-resisted|p2a: Great Tusk
|-damage|p2a: Great Tusk|31/100
|move|p2a: Great Tusk|Rapid Spin|p1a: Sage Harpuia
|-damage|p1a: Sage Harpuia|71/100
|-boost|p2a: Great Tusk|spe|1
|-sideend|p2: TestAccountNo.123|Spikes|[from] move: Rapid Spin|[of] p2a: Great Tusk
|-sideend|p2: TestAccountNo.123|Stealth Rock|[from] move: Rapid Spin|[of] p2a: Great Tusk
|
|upkeep
|turn|27
|
|t:|1779713704
|move|p1a: Sage Harpuia|Moonblast|p2a: Great Tusk
|-resisted|p2a: Great Tusk
|-damage|p2a: Great Tusk|0 fnt
|faint|p2a: Great Tusk
|-end|p2a: Great Tusk|Protosynthesis|[silent]
|
|upkeep
|
|t:|1779713706
|switch|p2a: Iron Hands|Iron Hands|100/100
|turn|28
|-message|TestAccountNo.123 forfeited.
|
|win|Acastillo631
|raw|Acastillo631's rating: 1558 &rarr; <strong>1576</strong><br />(+18 for winning)
|raw|TestAccountNo.123's rating: 1531 &rarr; <strong>1513</strong><br />(-18 for losing)
|l|☆TestAccountNo.123
|player|p2|
|j|☆TestAccountNo.123
|player|p2|TestAccountNo.123|pokemonbreederf-gen4|
|l|☆TestAccountNo.123
|player|p2|
|l|☆Acastillo631
|player|p1|
