|j|☆SlimyTime
|j|☆SWAGGER_W2F
|t:|1779633199
|gametype|singles
|player|p1|SlimyTime|ltsurge|1681
|player|p2|SWAGGER_W2F|265|1609
|gen|9
|tier|[Gen 9] OU
|rated|
|rule|HP Percentage Mod: HP is shown in percentages
|rule|Endless Battle Clause: Forcing endless battles is banned
|rule|Species Clause: Limit one of each Pokémon
|rule|OHKO Clause: OHKO moves are banned
|rule|Evasion Items Clause: Evasion items are banned
|rule|Evasion Moves Clause: Evasion moves are banned
|rule|Evasion Abilities Clause: Evasion abilities are banned
|rule|Sleep Moves Clause: Sleep-inducing moves are banned
|clearpoke
|poke|p1|Dragapult, M|
|poke|p1|Zamazenta-*|
|poke|p1|Darkrai|
|poke|p1|Iron Crown|
|poke|p1|Iron Treads|
|poke|p1|Landorus-Therian, M|
|poke|p2|Ceruledge, F|
|poke|p2|Scizor, F|
|poke|p2|Raging Bolt|
|poke|p2|Primarina, F|
|poke|p2|Mandibuzz, F|
|poke|p2|Great Tusk|
|teampreview
|
|t:|1779633226
|teamsize|p1|6
|teamsize|p2|6
|start
|switch|p1a: Landorus|Landorus-Therian, M|100/100
|switch|p2a: Mandibuzz|Mandibuzz, F|100/100
|-ability|p1a: Landorus|Intimidate|boost
|-unboost|p2a: Mandibuzz|atk|1
|turn|1
|
|t:|1779633234
|move|p1a: Landorus|Substitute|p1a: Landorus
|-start|p1a: Landorus|Substitute
|-damage|p1a: Landorus|76/100
|move|p2a: Mandibuzz|Foul Play|p1a: Landorus
|-end|p1a: Landorus|Substitute
|
|-heal|p1a: Landorus|82/100|[from] item: Leftovers
|upkeep
|turn|2
|
|t:|1779633243
|move|p1a: Landorus|Swords Dance|p1a: Landorus
|-boost|p1a: Landorus|atk|2
|move|p2a: Mandibuzz|Foul Play|p1a: Landorus
|-damage|p1a: Landorus|0 fnt
|faint|p1a: Landorus
|
|upkeep
|
|t:|1779633249
|switch|p1a: Darkrai|Darkrai|100/100
|turn|3
|
|t:|1779633254
|switch|p2a: Ceruledge|Ceruledge, F|100/100
|move|p1a: Darkrai|Will-O-Wisp|p2a: Ceruledge
|-start|p2a: Ceruledge|ability: Flash Fire
|
|upkeep
|turn|4
|
|t:|1779633261
|move|p1a: Darkrai|Dark Pulse|p2a: Ceruledge
|-supereffective|p2a: Ceruledge
|-damage|p2a: Ceruledge|54/100
|move|p2a: Ceruledge|Bitter Blade|p1a: Darkrai
|-damage|p1a: Darkrai|14/100
|-heal|p2a: Ceruledge|96/100|[from] drain|[of] p1a: Darkrai
|
|-heal|p1a: Darkrai|21/100|[from] item: Leftovers
|upkeep
|turn|5
|j| choispecs ironmoth
|
|t:|1779633274
|move|p1a: Darkrai|Dark Pulse|p2a: Ceruledge
|-supereffective|p2a: Ceruledge
|-damage|p2a: Ceruledge|48/100
|move|p2a: Ceruledge|Bitter Blade|p1a: Darkrai
|-damage|p1a: Darkrai|0 fnt
|-heal|p2a: Ceruledge|58/100|[from] drain|[of] p1a: Darkrai
|faint|p1a: Darkrai
|
|upkeep
|
|t:|1779633280
|switch|p1a: Iron Treads|Iron Treads|100/100
|-enditem|p1a: Iron Treads|Booster Energy
|-activate|p1a: Iron Treads|ability: Quark Drive|[fromitem]
|-start|p1a: Iron Treads|quarkdrivespe
|turn|6
|
|t:|1779633288
|-end|p2a: Ceruledge|ability: Flash Fire|[silent]
|switch|p2a: Mandibuzz|Mandibuzz, F|100/100
|move|p1a: Iron Treads|Knock Off|p2a: Mandibuzz
|-resisted|p2a: Mandibuzz
|-damage|p2a: Mandibuzz|92/100
|-enditem|p2a: Mandibuzz|Heavy-Duty Boots|[from] move: Knock Off|[of] p1a: Iron Treads
|
|upkeep
|turn|7
|
|t:|1779633295
|move|p1a: Iron Treads|Stealth Rock|p2a: Mandibuzz
|-sidestart|p2: SWAGGER_W2F|move: Stealth Rock
|move|p2a: Mandibuzz|Foul Play|p1a: Iron Treads
|-damage|p1a: Iron Treads|58/100
|
|upkeep
|turn|8
|
|t:|1779633302
|-end|p1a: Iron Treads|Quark Drive|[silent]
|switch|p1a: Iron Crown|Iron Crown|100/100
|-enditem|p1a: Iron Crown|Booster Energy
|-activate|p1a: Iron Crown|ability: Quark Drive|[fromitem]
|-start|p1a: Iron Crown|quarkdrivespe
|move|p2a: Mandibuzz|Defog|p1a: Iron Crown
|-unboost|p1a: Iron Crown|evasion|1
|-sideend|p2: SWAGGER_W2F|Stealth Rock|[from] move: Defog|[of] p2a: Mandibuzz
|
|upkeep
|turn|9
|
|t:|1779633312
|switch|p2a: Ceruledge|Ceruledge, F|58/100
|move|p1a: Iron Crown|Calm Mind|p1a: Iron Crown
|-boost|p1a: Iron Crown|spa|1
|-boost|p1a: Iron Crown|spd|1
|
|upkeep
|turn|10
|inactive|Battle timer is ON: inactive players will automatically lose when time's up. (requested by SWAGGER_W2F)
|
|t:|1779633334
|move|p1a: Iron Crown|Psyshock|p2a: Ceruledge
|-damage|p2a: Ceruledge|0 fnt
|faint|p2a: Ceruledge
|
|upkeep
|
|t:|1779633347
|switch|p2a: Scizor|Scizor, F|100/100
|turn|11
|j| HonchkrowLover27
|
|t:|1779633353
|move|p1a: Iron Crown|Focus Blast|p2a: Scizor
|-damage|p2a: Scizor|25/100
|move|p2a: Scizor|U-turn|p1a: Iron Crown
|-damage|p1a: Iron Crown|44/100
|
|t:|1779633363
|switch|p2a: Raging Bolt|Raging Bolt|100/100|[from] U-turn
|
|upkeep
|turn|12
|
|t:|1779633369
|move|p1a: Iron Crown|Psyshock|p2a: Raging Bolt
|-damage|p2a: Raging Bolt|47/100
|move|p2a: Raging Bolt|Thunderbolt|p1a: Iron Crown
|-damage|p1a: Iron Crown|0 fnt
|faint|p1a: Iron Crown
|-end|p1a: Iron Crown|Quark Drive|[silent]
|
|upkeep
|
|t:|1779633373
|switch|p1a: Iron Treads|Iron Treads|58/100
|turn|13
|
|t:|1779633379
|-end|p2a: Raging Bolt|Protosynthesis|[silent]
|switch|p2a: Mandibuzz|Mandibuzz, F|92/100
|move|p1a: Iron Treads|Stealth Rock|p2a: Mandibuzz
|-sidestart|p2: SWAGGER_W2F|move: Stealth Rock
|
|upkeep
|turn|14
|
|t:|1779633387
|-end|p1a: Iron Treads|Quark Drive|[silent]
|switch|p1a: Zamazenta|Zamazenta|100/100
|-ability|p1a: Zamazenta|Dauntless Shield|boost
|-boost|p1a: Zamazenta|def|1
|move|p2a: Mandibuzz|Defog|p1a: Zamazenta
|-unboost|p1a: Zamazenta|evasion|1
|-sideend|p2: SWAGGER_W2F|Stealth Rock|[from] move: Defog|[of] p2a: Mandibuzz
|
|upkeep
|turn|15
|
|t:|1779633395
|move|p1a: Zamazenta|Reflect|p1a: Zamazenta
|-sidestart|p1: SlimyTime|Reflect
|move|p2a: Mandibuzz|U-turn|p1a: Zamazenta
|-resisted|p1a: Zamazenta
|-damage|p1a: Zamazenta|99/100
|
|t:|1779633399
|switch|p2a: Primarina|Primarina, F|100/100|[from] U-turn
|
|upkeep
|turn|16
|
|t:|1779633404
|move|p1a: Zamazenta|Light Screen|p1a: Zamazenta
|-sidestart|p1: SlimyTime|move: Light Screen
|move|p2a: Primarina|Substitute|p2a: Primarina
|-start|p2a: Primarina|Substitute
|-damage|p2a: Primarina|75/100
|
|-heal|p2a: Primarina|82/100|[from] item: Leftovers
|upkeep
|turn|17
|
|t:|1779633411
|move|p2a: Primarina|Calm Mind|p2a: Primarina
|-boost|p2a: Primarina|spa|1
|-boost|p2a: Primarina|spd|1
|move|p1a: Zamazenta|Roar|p2a: Primarina
|drag|p2a: Scizor|Scizor, F|25/100
|
|upkeep
|turn|18
|
|t:|1779633423
|switch|p2a: Mandibuzz|Mandibuzz, F|92/100
|move|p1a: Zamazenta|Body Press|p2a: Mandibuzz
|-damage|p2a: Mandibuzz|64/100
|
|upkeep
|turn|19
|
|t:|1779633430
|move|p1a: Zamazenta|Body Press|p2a: Mandibuzz
|-damage|p2a: Mandibuzz|36/100
|move|p2a: Mandibuzz|Defog|p1a: Zamazenta
|-unboost|p1a: Zamazenta|evasion|1
|-sideend|p1: SlimyTime|Reflect
|-sideend|p1: SlimyTime|move: Light Screen
|
|upkeep
|turn|20
|
|t:|1779633437
|switch|p1a: Dragapult|Dragapult, M|100/100
|move|p2a: Mandibuzz|Roost|p2a: Mandibuzz
|-heal|p2a: Mandibuzz|86/100
|-singleturn|p2a: Mandibuzz|move: Roost
|
|upkeep
|turn|21
|
|t:|1779633444
|-terastallize|p1a: Dragapult|Dragon
|move|p1a: Dragapult|Dragon Darts|p2a: Mandibuzz
|-damage|p2a: Mandibuzz|66/100
|-anim|p1a: Dragapult|Dragon Darts|p2a: Mandibuzz
|-damage|p2a: Mandibuzz|46/100
|move|p2a: Mandibuzz|U-turn|p1a: Dragapult
|-damage|p1a: Dragapult|85/100
|
|t:|1779633453
|switch|p2a: Scizor|Scizor, F|25/100|[from] U-turn
|
|-heal|p1a: Dragapult|91/100|[from] item: Leftovers
|upkeep
|turn|22
|
|t:|1779633461
|switch|p1a: Iron Treads|Iron Treads|58/100
|-terastallize|p2a: Scizor|Steel
|move|p2a: Scizor|Bullet Punch|p1a: Iron Treads
|-resisted|p1a: Iron Treads
|-damage|p1a: Iron Treads|25/100
|
|upkeep
|turn|23
|
|t:|1779633469
|move|p2a: Scizor|Bullet Punch|p1a: Iron Treads
|-resisted|p1a: Iron Treads
|-damage|p1a: Iron Treads|0 fnt
|faint|p1a: Iron Treads
|-end|p1a: Iron Treads|Quark Drive|[silent]
|
|upkeep
|
|t:|1779633473
|switch|p1a: Zamazenta|Zamazenta|99/100
|turn|24
|
|t:|1779633477
|switch|p2a: Mandibuzz|Mandibuzz, F|46/100
|move|p1a: Zamazenta|Body Press|p2a: Mandibuzz
|-damage|p2a: Mandibuzz|26/100
|
|upkeep
|turn|25
|
|t:|1779633484
|switch|p1a: Dragapult|Dragapult, M, tera:Dragon|91/100
|move|p2a: Mandibuzz|Roost|p2a: Mandibuzz
|-heal|p2a: Mandibuzz|76/100
|-singleturn|p2a: Mandibuzz|move: Roost
|
|-heal|p1a: Dragapult|97/100|[from] item: Leftovers
|upkeep
|turn|26
|
|t:|1779633494
|move|p1a: Dragapult|Substitute|p1a: Dragapult
|-start|p1a: Dragapult|Substitute
|-damage|p1a: Dragapult|72/100
|move|p2a: Mandibuzz|Roost|p2a: Mandibuzz
|-heal|p2a: Mandibuzz|100/100
|-singleturn|p2a: Mandibuzz|move: Roost
|
|-heal|p1a: Dragapult|78/100|[from] item: Leftovers
|upkeep
|turn|27
|
|t:|1779633504
|move|p1a: Dragapult|Dragon Dance|p1a: Dragapult
|-boost|p1a: Dragapult|atk|1
|-boost|p1a: Dragapult|spe|1
|move|p2a: Mandibuzz|Foul Play|p1a: Dragapult
|-end|p1a: Dragapult|Substitute
|
|-heal|p1a: Dragapult|84/100|[from] item: Leftovers
|upkeep
|turn|28
|
|t:|1779633513
|move|p1a: Dragapult|Dragon Darts|p2a: Mandibuzz
|-damage|p2a: Mandibuzz|68/100
|-anim|p1a: Dragapult|Dragon Darts|p2a: Mandibuzz
|-damage|p2a: Mandibuzz|35/100
|move|p2a: Mandibuzz|Foul Play|p1a: Dragapult
|-damage|p1a: Dragapult|0 fnt
|faint|p1a: Dragapult
|
|upkeep
|-message|SlimyTime forfeited.
|
|win|SWAGGER_W2F
|raw|SlimyTime's rating: 1681 &rarr; <strong>1657</strong><br />(-24 for losing)
|raw|SWAGGER_W2F's rating: 1609 &rarr; <strong>1633</strong><br />(+24 for winning)
|l|☆SlimyTime
|player|p1|
|l|☆SWAGGER_W2F
|player|p2|
