|j|☆MaliMirko
|j|☆leo_koa
|t:|1779711286
|gametype|singles
|player|p1|MaliMirko|265|1063
|player|p2|leo_koa|101|1054
|gen|9
|tier|[Gen 9] OU
|rated|
|rule|HP Percentage Mod: HP is shown in percentages
|rule|Endless Battle Clause: Forcing endless battles is banned
|rule|Species Clause: Limit one of each Pokémon
|rule|OHKO Clause: OHKO moves are banned
|rule|Evasion Items Clause: Evasion items are banned
|rule|Evasion Moves Clause: Evasion moves are banned
|rule|Evasion Abilities Clause: Evasion abilities are banned
|rule|Sleep Moves Clause: Sleep-inducing moves are banned
|clearpoke
|poke|p1|Cacturne, M|
|poke|p1|Gholdengo|
|poke|p1|Great Tusk|
|poke|p1|Dragapult, M|
|poke|p1|Iron Valiant|
|poke|p1|Kingambit, F|
|poke|p2|Dragonite, F|
|poke|p2|Glimmora, M|
|poke|p2|Ceruledge, F|
|poke|p2|Hatterene, F|
|poke|p2|Torterra, M|
|poke|p2|Swanna, F|
|teampreview
|
|t:|1779711293
|teamsize|p1|6
|teamsize|p2|6
|start
|switch|p1a: Cacturne|Cacturne, M|100/100
|switch|p2a: Hatterene|Hatterene, F, shiny|100/100
|turn|1
|inactive|Battle timer is ON: inactive players will automatically lose when time's up. (requested by leo_koa)
|
|t:|1779711320
|switch|p1a: Gholdengo|Gholdengo|100/100
|-item|p1a: Gholdengo|Air Balloon
|move|p2a: Hatterene|Calm Mind|p2a: Hatterene
|-boost|p2a: Hatterene|spa|1
|-boost|p2a: Hatterene|spd|1
|
|upkeep
|turn|2
|
|t:|1779711328
|move|p1a: Gholdengo|Nasty Plot|p1a: Gholdengo
|-boost|p1a: Gholdengo|spa|2
|move|p2a: Hatterene|Mystical Fire|p1a: Gholdengo
|-supereffective|p1a: Gholdengo
|-damage|p1a: Gholdengo|0 fnt
|-enditem|p1a: Gholdengo|Air Balloon
|faint|p1a: Gholdengo
|
|upkeep
|
|t:|1779711347
|switch|p1a: Kingambit|Kingambit, F|100/100
|-activate|p1a: Kingambit|ability: Supreme Overlord
|-start|p1a: Kingambit|fallen1|[silent]
|turn|3
|
|t:|1779711355
|-terastallize|p1a: Kingambit|Flying
|move|p1a: Kingambit|Kowtow Cleave|p2a: Hatterene
|-damage|p2a: Hatterene|25/100
|move|p2a: Hatterene|Mystical Fire|p1a: Kingambit
|-damage|p1a: Kingambit|47/100
|-unboost|p1a: Kingambit|spa|1
|
|-heal|p2a: Hatterene|31/100|[from] item: Leftovers
|upkeep
|turn|4
|
|t:|1779711369
|move|p1a: Kingambit|Kowtow Cleave|p2a: Hatterene
|-damage|p2a: Hatterene|0 fnt
|faint|p2a: Hatterene
|
|upkeep
|
|t:|1779711389
|switch|p2a: Swanna|Swanna, F, shiny|100/100
|turn|5
|
|t:|1779711403
|move|p2a: Swanna|Ice Beam|p1a: Kingambit
|-supereffective|p1a: Kingambit
|-damage|p1a: Kingambit|0 fnt
|faint|p1a: Kingambit
|-end|p1a: Kingambit|fallen1|[silent]
|
|upkeep
|
|t:|1779711414
|switch|p1a: Iron Valiant|Iron Valiant|100/100
|-enditem|p1a: Iron Valiant|Booster Energy
|-activate|p1a: Iron Valiant|ability: Quark Drive|[fromitem]
|-start|p1a: Iron Valiant|quarkdrivespe
|turn|6
|
|t:|1779711422
|move|p1a: Iron Valiant|Thunderbolt|p2a: Swanna
|-supereffective|p2a: Swanna
|-damage|p2a: Swanna|0 fnt
|faint|p2a: Swanna
|
|upkeep
|
|t:|1779711434
|switch|p2a: Ceruledge|Ceruledge, F|100/100
|turn|7
|
|t:|1779711449
|move|p1a: Iron Valiant|Moonblast|p2a: Ceruledge
|-resisted|p2a: Ceruledge
|-damage|p2a: Ceruledge|74/100
|move|p2a: Ceruledge|Will-O-Wisp|p1a: Iron Valiant|[miss]
|-miss|p2a: Ceruledge|p1a: Iron Valiant
|
|upkeep
|turn|8
|
|t:|1779711464
|move|p1a: Iron Valiant|Calm Mind|p1a: Iron Valiant
|-boost|p1a: Iron Valiant|spa|1
|-boost|p1a: Iron Valiant|spd|1
|move|p2a: Ceruledge|Bitter Blade|p1a: Iron Valiant
|-damage|p1a: Iron Valiant|44/100
|-heal|p2a: Ceruledge|100/100|[from] drain|[of] p1a: Iron Valiant
|
|upkeep
|turn|9
|
|t:|1779711475
|move|p1a: Iron Valiant|Thunderbolt|p2a: Ceruledge
|-damage|p2a: Ceruledge|49/100
|move|p2a: Ceruledge|Will-O-Wisp|p1a: Iron Valiant
|-status|p1a: Iron Valiant|brn
|
|-damage|p1a: Iron Valiant|38/100 brn|[from] brn
|upkeep
|turn|10
|
|t:|1779711484
|move|p1a: Iron Valiant|Encore|p2a: Ceruledge
|-start|p2a: Ceruledge|Encore
|move|p2a: Ceruledge|Will-O-Wisp|p1a: Iron Valiant
|-fail|p1a: Iron Valiant|brn
|
|-damage|p1a: Iron Valiant|32/100 brn|[from] brn
|upkeep
|turn|11
|
|t:|1779711494
|switch|p2a: Glimmora|Glimmora, M, shiny|100/100
|-item|p2a: Glimmora|Air Balloon
|move|p1a: Iron Valiant|Calm Mind|p1a: Iron Valiant
|-boost|p1a: Iron Valiant|spa|1
|-boost|p1a: Iron Valiant|spd|1
|
|-damage|p1a: Iron Valiant|25/100 brn|[from] brn
|upkeep
|turn|12
|
|t:|1779711506
|move|p1a: Iron Valiant|Thunderbolt|p2a: Glimmora
|-damage|p2a: Glimmora|15/100
|-enditem|p2a: Glimmora|Air Balloon
|move|p2a: Glimmora|Dazzling Gleam|p1a: Iron Valiant
|-supereffective|p1a: Iron Valiant
|-damage|p1a: Iron Valiant|0 fnt
|faint|p1a: Iron Valiant
|-end|p1a: Iron Valiant|Quark Drive|[silent]
|
|upkeep
|
|t:|1779711518
|switch|p1a: Dragapult|Dragapult, M|100/100
|turn|13
|
|t:|1779711534
|move|p1a: Dragapult|Shadow Ball|p2a: Glimmora
|-damage|p2a: Glimmora|0 fnt
|faint|p2a: Glimmora
|
|upkeep
|
|t:|1779711541
|switch|p2a: Ceruledge|Ceruledge, F|49/100
|turn|14
|
|t:|1779711543
|move|p2a: Ceruledge|Shadow Sneak|p1a: Dragapult
|-supereffective|p1a: Dragapult
|-damage|p1a: Dragapult|43/100
|move|p1a: Dragapult|Shadow Ball|p2a: Ceruledge
|-supereffective|p2a: Ceruledge
|-damage|p2a: Ceruledge|0 fnt
|faint|p2a: Ceruledge
|
|upkeep
|
|t:|1779711547
|switch|p2a: Torterra|Torterra, M|100/100
|turn|15
|
|t:|1779711561
|switch|p1a: Great Tusk|Great Tusk|100/100
|move|p2a: Torterra|Shell Smash|p2a: Torterra
|-unboost|p2a: Torterra|def|1
|-unboost|p2a: Torterra|spd|1
|-boost|p2a: Torterra|atk|2
|-boost|p2a: Torterra|spa|2
|-boost|p2a: Torterra|spe|2
|-enditem|p2a: Torterra|White Herb
|-clearnegativeboost|p2a: Torterra|[silent]
|
|upkeep
|turn|16
|
|t:|1779711571
|move|p2a: Torterra|Trailblaze|p1a: Great Tusk
|-supereffective|p1a: Great Tusk
|-damage|p1a: Great Tusk|51/100
|-boost|p2a: Torterra|spe|1
|move|p1a: Great Tusk|Stealth Rock|p2a: Torterra
|-sidestart|p2: leo_koa|move: Stealth Rock
|
|-heal|p1a: Great Tusk|57/100|[from] item: Leftovers
|upkeep
|turn|17
|
|t:|1779711585
|move|p2a: Torterra|Earthquake|p1a: Great Tusk
|-damage|p1a: Great Tusk|4/100
|move|p1a: Great Tusk|Knock Off|p2a: Torterra
|-damage|p2a: Torterra|82/100
|
|-heal|p1a: Great Tusk|10/100|[from] item: Leftovers
|upkeep
|turn|18
|
|t:|1779711606
|move|p2a: Torterra|Trailblaze|p1a: Great Tusk
|-supereffective|p1a: Great Tusk
|-damage|p1a: Great Tusk|0 fnt
|-boost|p2a: Torterra|spe|1
|faint|p1a: Great Tusk
|-end|p1a: Great Tusk|Protosynthesis|[silent]
|
|upkeep
|
|t:|1779711610
|switch|p1a: Cacturne|Cacturne, M|100/100
|turn|19
|
|t:|1779711619
|move|p2a: Torterra|Earthquake|p1a: Cacturne
|-resisted|p1a: Cacturne
|-damage|p1a: Cacturne|25/100
|move|p1a: Cacturne|Ingrain|p1a: Cacturne
|-start|p1a: Cacturne|move: Ingrain
|
|-heal|p1a: Cacturne|31/100|[from] item: Leftovers
|-heal|p1a: Cacturne|37/100|[from] Ingrain
|upkeep
|turn|20
|
|t:|1779711632
|move|p2a: Torterra|Earthquake|p1a: Cacturne
|-resisted|p1a: Cacturne
|-damage|p1a: Cacturne|0 fnt
|faint|p1a: Cacturne
|
|upkeep
|
|t:|1779711635
|switch|p1a: Dragapult|Dragapult, M|43/100
|turn|21
|
|t:|1779711654
|move|p2a: Torterra|Earthquake|p1a: Dragapult
|-crit|p1a: Dragapult
|-damage|p1a: Dragapult|0 fnt
|faint|p1a: Dragapult
|
|win|leo_koa
|raw|MaliMirko's rating: 1063 &rarr; <strong>1043</strong><br />(-20 for losing)
|raw|leo_koa's rating: 1054 &rarr; <strong>1087</strong><br />(+33 for winning)
|l|☆MaliMirko
|player|p1|
|j|☆MaliMirko
|player|p1|MaliMirko|265|
|l|☆leo_koa
|player|p2|
|l|☆MaliMirko
|player|p1|
