|j|☆Sunds
|j|☆claudechamp
|t:|1779577795
|gametype|singles
|player|p1|Sunds|101|1335
|player|p2|claudechamp|101|1284
|gen|9
|tier|[Gen 9] OU
|rated|
|rule|HP Percentage Mod: HP is shown in percentages
|rule|Endless Battle Clause: Forcing endless battles is banned
|rule|Species Clause: Limit one of each Pokémon
|rule|OHKO Clause: OHKO moves are banned
|rule|Evasion Items Clause: Evasion items are banned
|rule|Evasion Moves Clause: Evasion moves are banned
|rule|Evasion Abilities Clause: Evasion abilities are banned
|rule|Sleep Moves Clause: Sleep-inducing moves are banned
|clearpoke
|poke|p1|Great Tusk|
|poke|p1|Gholdengo|
|poke|p1|Dragonite, F|
|poke|p1|Skeledirge, F|
|poke|p1|Ting-Lu|
|poke|p1|Iron Valiant|
|poke|p2|Gliscor, M|
|poke|p2|Ogerpon, F|
|poke|p2|Walking Wake|
|poke|p2|Blissey, F|
|poke|p2|Corviknight, M|
|poke|p2|Pecharunt|
|teampreview
|c|☆claudechamp|hf
|inactive|Battle timer is ON: inactive players will automatically lose when time's up. (requested by claudechamp)
|
|t:|1779577828
|teamsize|p1|6
|teamsize|p2|6
|start
|switch|p1a: Great Tusk|Great Tusk|100/100
|switch|p2a: Gliscor|Gliscor, M|100/100
|turn|1
|
|t:|1779577836
|move|p1a: Great Tusk|Knock Off|p2a: Gliscor
|-damage|p2a: Gliscor|76/100
|-enditem|p2a: Gliscor|Toxic Orb|[from] move: Knock Off|[of] p1a: Great Tusk
|move|p2a: Gliscor|Spikes|p1a: Great Tusk
|-sidestart|p1: Sunds|Spikes
|
|upkeep
|turn|2
|
|t:|1779577839
|move|p1a: Great Tusk|Ice Spinner|p2a: Gliscor
|-supereffective|p2a: Gliscor
|-damage|p2a: Gliscor|0 fnt
|faint|p2a: Gliscor
|
|upkeep
|c|☆Sunds|Twat
|
|t:|1779577848
|switch|p2a: Walking Wake|Walking Wake|100/100
|turn|3
|
|t:|1779577862
|-end|p1a: Great Tusk|Protosynthesis|[silent]
|switch|p1a: Ting-Lu|Ting-Lu|100/100
|-damage|p1a: Ting-Lu|88/100|[from] Spikes
|-ability|p1a: Ting-Lu|Vessel of Ruin
|move|p2a: Walking Wake|Surf|p1a: Ting-Lu
|-supereffective|p1a: Ting-Lu
|-damage|p1a: Ting-Lu|53/100
|
|-heal|p1a: Ting-Lu|59/100|[from] item: Leftovers
|upkeep
|turn|4
|
|t:|1779577881
|move|p2a: Walking Wake|Surf|p1a: Ting-Lu
|-supereffective|p1a: Ting-Lu
|-damage|p1a: Ting-Lu|24/100
|move|p1a: Ting-Lu|Ruination|p2a: Walking Wake
|-damage|p2a: Walking Wake|51/100
|
|-heal|p1a: Ting-Lu|30/100|[from] item: Leftovers
|upkeep
|turn|5
|
|t:|1779577888
|move|p2a: Walking Wake|Surf|p1a: Ting-Lu
|-supereffective|p1a: Ting-Lu
|-damage|p1a: Ting-Lu|0 fnt
|faint|p1a: Ting-Lu
|
|upkeep
|
|t:|1779577897
|switch|p1a: Iron Valiant|Iron Valiant|100/100
|-damage|p1a: Iron Valiant|88/100|[from] Spikes
|turn|6
|
|t:|1779577913
|move|p1a: Iron Valiant|Moonblast|p2a: Walking Wake
|-supereffective|p2a: Walking Wake
|-damage|p2a: Walking Wake|0 fnt
|faint|p2a: Walking Wake
|-end|p2a: Walking Wake|Protosynthesis|[silent]
|
|upkeep
|
|t:|1779577915
|switch|p2a: Blissey|Blissey, F|100/100
|turn|7
|inactive|Sunds has 120 seconds left.
|
|t:|1779577947
|-end|p1a: Iron Valiant|Quark Drive|[silent]
|switch|p1a: Skeledirge|Skeledirge, F|100/100
|move|p2a: Blissey|Stealth Rock|p1a: Skeledirge
|-sidestart|p1: Sunds|move: Stealth Rock
|
|upkeep
|turn|8
|
|t:|1779577954
|move|p1a: Skeledirge|Will-O-Wisp|p2a: Blissey|[miss]
|-miss|p1a: Skeledirge|p2a: Blissey
|move|p2a: Blissey|Calm Mind|p2a: Blissey
|-boost|p2a: Blissey|spa|1
|-boost|p2a: Blissey|spd|1
|
|upkeep
|turn|9
|
|t:|1779577961
|move|p1a: Skeledirge|Will-O-Wisp|p2a: Blissey
|-status|p2a: Blissey|brn
|move|p2a: Blissey|Calm Mind|p2a: Blissey
|-boost|p2a: Blissey|spa|1
|-boost|p2a: Blissey|spd|1
|
|-damage|p2a: Blissey|94/100 brn|[from] brn
|upkeep
|turn|10
|
|t:|1779577979
|switch|p1a: Gholdengo|Gholdengo|100/100
|-damage|p1a: Gholdengo|88/100|[from] Spikes
|-damage|p1a: Gholdengo|82/100|[from] Stealth Rock
|move|p2a: Blissey|Soft-Boiled|p2a: Blissey
|-heal|p2a: Blissey|100/100 brn
|
|-damage|p2a: Blissey|94/100 brn|[from] brn
|upkeep
|turn|11
|
|t:|1779577986
|-curestatus|p2a: Blissey|brn|[from] ability: Natural Cure|[silent]
|switch|p2a: Ogerpon|Ogerpon, F|100/100
|move|p1a: Gholdengo|Trick|p2a: Ogerpon
|-activate|p1a: Gholdengo|move: Trick|[of] p2a: Ogerpon
|-item|p2a: Ogerpon|Choice Specs|[from] move: Trick
|-item|p1a: Gholdengo|Heavy-Duty Boots|[from] move: Trick
|
|upkeep
|turn|12
|
|t:|1779577997
|move|p2a: Ogerpon|Knock Off|p1a: Gholdengo
|-supereffective|p1a: Gholdengo
|-damage|p1a: Gholdengo|22/100
|-enditem|p1a: Gholdengo|Heavy-Duty Boots|[from] move: Knock Off|[of] p2a: Ogerpon
|move|p1a: Gholdengo|Make It Rain|p2a: Ogerpon
|-damage|p2a: Ogerpon|24/100
|-unboost|p1a: Gholdengo|spa|1
|
|upkeep
|turn|13
|
|t:|1779578003
|switch|p1a: Great Tusk|Great Tusk|100/100
|move|p2a: Ogerpon|Knock Off|p1a: Great Tusk
|-resisted|p1a: Great Tusk
|-damage|p1a: Great Tusk|88/100
|-enditem|p1a: Great Tusk|Heavy-Duty Boots|[from] move: Knock Off|[of] p2a: Ogerpon
|
|upkeep
|turn|14
|
|t:|1779578006
|switch|p2a: Pecharunt|Pecharunt|100/100
|move|p1a: Great Tusk|Rapid Spin|p2a: Pecharunt
|-immune|p2a: Pecharunt
|
|upkeep
|turn|15
|
|t:|1779578009
|move|p1a: Great Tusk|Headlong Rush|p2a: Pecharunt
|-supereffective|p2a: Pecharunt
|-damage|p2a: Pecharunt|36/100
|-unboost|p1a: Great Tusk|def|1
|-unboost|p1a: Great Tusk|spd|1
|move|p2a: Pecharunt|Malignant Chain|p1a: Great Tusk
|-resisted|p1a: Great Tusk
|-damage|p1a: Great Tusk|53/100
|-status|p1a: Great Tusk|tox
|-start|p1a: Great Tusk|confusion|[from] ability: Poison Puppeteer|[of] p2a: Pecharunt
|
|-damage|p1a: Great Tusk|47/100 tox|[from] psn
|upkeep
|turn|16
|
|t:|1779578012
|-terastallize|p2a: Pecharunt|Dark
|-activate|p1a: Great Tusk|confusion
|move|p1a: Great Tusk|Headlong Rush|p2a: Pecharunt
|-damage|p2a: Pecharunt|6/100
|-unboost|p1a: Great Tusk|def|1
|-unboost|p1a: Great Tusk|spd|1
|move|p2a: Pecharunt|Recover|p2a: Pecharunt
|-heal|p2a: Pecharunt|56/100
|
|-damage|p1a: Great Tusk|34/100 tox|[from] psn
|upkeep
|turn|17
|
|t:|1779578023
|-activate|p1a: Great Tusk|confusion
|-damage|p1a: Great Tusk|13/100 tox|[from] confusion
|move|p2a: Pecharunt|Malignant Chain|p1a: Great Tusk
|-resisted|p1a: Great Tusk
|-damage|p1a: Great Tusk|0 fnt
|faint|p1a: Great Tusk
|-end|p1a: Great Tusk|Protosynthesis|[silent]
|
|upkeep
|
|t:|1779578027
|switch|p1a: Iron Valiant|Iron Valiant|88/100
|-damage|p1a: Iron Valiant|76/100|[from] Spikes
|-damage|p1a: Iron Valiant|69/100|[from] Stealth Rock
|turn|18
|
|t:|1779578033
|switch|p2a: Blissey|Blissey, F|94/100
|move|p1a: Iron Valiant|Aura Sphere|p2a: Blissey
|-supereffective|p2a: Blissey
|-damage|p2a: Blissey|69/100
|
|upkeep
|turn|19
|
|t:|1779578040
|-end|p1a: Iron Valiant|Quark Drive|[silent]
|switch|p1a: Dragonite|Dragonite, F|100/100
|move|p2a: Blissey|Seismic Toss|p1a: Dragonite
|-damage|p1a: Dragonite|70/100
|
|upkeep
|turn|20
|
|t:|1779578044
|move|p1a: Dragonite|Dragon Dance|p1a: Dragonite
|-boost|p1a: Dragonite|atk|1
|-boost|p1a: Dragonite|spe|1
|move|p2a: Blissey|Calm Mind|p2a: Blissey
|-boost|p2a: Blissey|spa|1
|-boost|p2a: Blissey|spd|1
|
|upkeep
|turn|21
|
|t:|1779578054
|-terastallize|p1a: Dragonite|Normal
|move|p1a: Dragonite|Dragon Dance|p1a: Dragonite
|-boost|p1a: Dragonite|atk|1
|-boost|p1a: Dragonite|spe|1
|move|p2a: Blissey|Seismic Toss|p1a: Dragonite
|-damage|p1a: Dragonite|39/100
|
|upkeep
|turn|22
|
|t:|1779578061
|move|p1a: Dragonite|Roost|p1a: Dragonite
|-heal|p1a: Dragonite|89/100
|move|p2a: Blissey|Seismic Toss|p1a: Dragonite
|-damage|p1a: Dragonite|58/100
|
|upkeep
|turn|23
|
|t:|1779578065
|switch|p2a: Pecharunt|Pecharunt, tera:Dark|56/100
|move|p1a: Dragonite|Roost|p1a: Dragonite
|-heal|p1a: Dragonite|100/100
|
|upkeep
|turn|24
|
|t:|1779578074
|move|p1a: Dragonite|Extreme Speed|p2a: Pecharunt
|-damage|p2a: Pecharunt|13/100
|move|p2a: Pecharunt|Malignant Chain|p1a: Dragonite
|-crit|p1a: Dragonite
|-damage|p1a: Dragonite|75/100
|
|upkeep
|turn|25
|
|t:|1779578079
|switch|p2a: Corviknight|Corviknight, M|100/100
|-ability|p2a: Corviknight|Pressure
|move|p1a: Dragonite|Extreme Speed|p2a: Corviknight
|-resisted|p2a: Corviknight
|-damage|p2a: Corviknight|69/100
|
|upkeep
|turn|26
|
|t:|1779578088
|move|p1a: Dragonite|Dragon Dance|p1a: Dragonite
|-boost|p1a: Dragonite|atk|1
|-boost|p1a: Dragonite|spe|1
|move|p2a: Corviknight|Body Press|p1a: Dragonite
|-supereffective|p1a: Dragonite
|-damage|p1a: Dragonite|17/100
|
|upkeep
|turn|27
|
|t:|1779578095
|move|p1a: Dragonite|Extreme Speed|p2a: Corviknight
|-resisted|p2a: Corviknight
|-damage|p2a: Corviknight|29/100
|move|p2a: Corviknight|Body Press|p1a: Dragonite
|-supereffective|p1a: Dragonite
|-damage|p1a: Dragonite|0 fnt
|faint|p1a: Dragonite
|
|upkeep
|
|t:|1779578103
|switch|p1a: Iron Valiant|Iron Valiant|69/100
|-damage|p1a: Iron Valiant|57/100|[from] Spikes
|-damage|p1a: Iron Valiant|51/100|[from] Stealth Rock
|turn|28
|
|t:|1779578113
|switch|p2a: Blissey|Blissey, F|69/100
|move|p1a: Iron Valiant|Aura Sphere|p2a: Blissey
|-supereffective|p2a: Blissey
|-damage|p2a: Blissey|45/100
|
|upkeep
|turn|29
|
|t:|1779578118
|move|p1a: Iron Valiant|Aura Sphere|p2a: Blissey
|-supereffective|p2a: Blissey
|-damage|p2a: Blissey|23/100
|move|p2a: Blissey|Soft-Boiled|p2a: Blissey
|-heal|p2a: Blissey|73/100
|
|upkeep
|turn|30
|l|☆Sunds
|inactive|Sunds disconnected and has a minute to reconnect!
|player|p1|
|inactive|Sunds has 30 seconds to reconnect!
|inactive|Sunds has 20 seconds to reconnect!
|inactive|Sunds has 15 seconds to reconnect!
|inactive|Sunds has 10 seconds to reconnect!
|inactive|Sunds has 5 seconds to reconnect!
|-message|Sunds lost due to inactivity.
|
|win|claudechamp
|raw|Sunds's rating: 1335 &rarr; <strong>1310</strong><br />(-25 for losing)
|raw|claudechamp's rating: 1238 &rarr; <strong>1270</strong><br />(+32 for winning)
|c|☆claudechamp|gg
