|j|☆owl_with_scarf
|j|☆rblt ryo
|t:|1779604752
|gametype|singles
|player|p1|owl_with_scarf|#owlwithscarf|1524
|player|p2|rblt ryo|grimsley-gen7|1545
|gen|9
|tier|[Gen 9] OU
|rated|
|rule|HP Percentage Mod: HP is shown in percentages
|rule|Endless Battle Clause: Forcing endless battles is banned
|rule|Species Clause: Limit one of each Pokémon
|rule|OHKO Clause: OHKO moves are banned
|rule|Evasion Items Clause: Evasion items are banned
|rule|Evasion Moves Clause: Evasion moves are banned
|rule|Evasion Abilities Clause: Evasion abilities are banned
|rule|Sleep Moves Clause: Sleep-inducing moves are banned
|clearpoke
|poke|p1|Diancie|
|poke|p1|Blaziken, M|
|poke|p1|Oricorio-Pom-Pom, F|
|poke|p1|Cinderace, F|
|poke|p1|Regidrago|
|poke|p1|Ursaluna, F|
|poke|p2|Slowking-Galar, M|
|poke|p2|Zamazenta-*|
|poke|p2|Ting-Lu|
|poke|p2|Corviknight, F|
|poke|p2|Lokix, F|
|poke|p2|Alomomola, M|
|teampreview
|inactive|Battle timer is ON: inactive players will automatically lose when time's up. (requested by owl_with_scarf)
|j| Kakimori
|inactive|rblt ryo has 120 seconds left.
|
|t:|1779604805
|teamsize|p1|6
|teamsize|p2|6
|start
|switch|p1a: Cinderace|Cinderace, F|100/100
|switch|p2a: Zamazenta|Zamazenta|100/100
|-ability|p2a: Zamazenta|Dauntless Shield|boost
|-boost|p2a: Zamazenta|def|1
|turn|1
|
|t:|1779604812
|switch|p2a: Alomomola|Alomomola, M|100/100
|move|p1a: Cinderace|Gunk Shot|p2a: Alomomola
|-start|p1a: Cinderace|typechange|Poison|[from] ability: Libero
|-damage|p2a: Alomomola|54/100
|
|upkeep
|turn|2
|
|t:|1779604836
|move|p1a: Cinderace|Gunk Shot|p2a: Alomomola|[miss]
|-miss|p1a: Cinderace|p2a: Alomomola
|move|p2a: Alomomola|Flip Turn|p1a: Cinderace
|-damage|p1a: Cinderace|75/100
|
|t:|1779604846
|switch|p2a: Lokix|Lokix, F|100/100|[from] Flip Turn
|
|upkeep
|turn|3
|
|t:|1779604858
|-terastallize|p2a: Lokix|Bug
|move|p2a: Lokix|First Impression|p1a: Cinderace
|-resisted|p1a: Cinderace
|-damage|p1a: Cinderace|0 fnt
|faint|p1a: Cinderace
|
|upkeep
|
|t:|1779604861
|switch|p1a: Blaziken|Blaziken, M|100/100
|turn|4
|
|t:|1779604870
|move|p2a: Lokix|U-turn|p1a: Blaziken
|-resisted|p1a: Blaziken
|-damage|p1a: Blaziken|69/100
|
|t:|1779604874
|switch|p2a: Slowking|Slowking-Galar, M|100/100|[from] U-turn
|move|p1a: Blaziken|Swords Dance|p1a: Blaziken
|-boost|p1a: Blaziken|atk|2
|
|-heal|p1a: Blaziken|75/100|[from] item: Leftovers
|-ability|p1a: Blaziken|Speed Boost|boost
|-boost|p1a: Blaziken|spe|1
|upkeep
|turn|5
|
|t:|1779604905
|move|p1a: Blaziken|Knock Off|p2a: Slowking
|-supereffective|p2a: Slowking
|-damage|p2a: Slowking|0 fnt
|-enditem|p2a: Slowking|Heavy-Duty Boots|[from] move: Knock Off|[of] p1a: Blaziken
|faint|p2a: Slowking
|
|-heal|p1a: Blaziken|81/100|[from] item: Leftovers
|-ability|p1a: Blaziken|Speed Boost|boost
|-boost|p1a: Blaziken|spe|1
|upkeep
|inactive|rblt ryo has 120 seconds left.
|
|t:|1779604936
|switch|p2a: Ting-Lu|Ting-Lu|100/100
|-ability|p2a: Ting-Lu|Vessel of Ruin
|turn|6
|
|t:|1779604942
|move|p1a: Blaziken|Close Combat|p2a: Ting-Lu
|-supereffective|p2a: Ting-Lu
|-crit|p2a: Ting-Lu
|-damage|p2a: Ting-Lu|0 fnt
|-unboost|p1a: Blaziken|def|1
|-unboost|p1a: Blaziken|spd|1
|faint|p2a: Ting-Lu
|
|-heal|p1a: Blaziken|87/100|[from] item: Leftovers
|-ability|p1a: Blaziken|Speed Boost|boost
|-boost|p1a: Blaziken|spe|1
|upkeep
|
|t:|1779604946
|switch|p2a: Zamazenta|Zamazenta|100/100
|turn|7
|
|t:|1779604949
|move|p1a: Blaziken|Flare Blitz|p2a: Zamazenta
|-damage|p2a: Zamazenta|0 fnt
|faint|p2a: Zamazenta
|-damage|p1a: Blaziken|51/100|[from] Recoil
|
|-heal|p1a: Blaziken|57/100|[from] item: Leftovers
|-ability|p1a: Blaziken|Speed Boost|boost
|-boost|p1a: Blaziken|spe|1
|upkeep
|inactive|rblt ryo has 120 seconds left.
|
|t:|1779604955
|switch|p2a: Lokix|Lokix, F, tera:Bug|100/100
|turn|8
|
|t:|1779604958
|move|p2a: Lokix|First Impression|p1a: Blaziken
|-resisted|p1a: Blaziken
|-damage|p1a: Blaziken|0 fnt
|faint|p1a: Blaziken
|
|upkeep
|
|t:|1779604960
|switch|p1a: Regidrago|Regidrago|100/100
|turn|9
|
|t:|1779604966
|move|p2a: Lokix|Sucker Punch|p1a: Regidrago
|-damage|p1a: Regidrago|58/100
|move|p1a: Regidrago|Dragon Energy|p2a: Lokix
|-crit|p2a: Lokix
|-damage|p2a: Lokix|0 fnt
|faint|p2a: Lokix
|
|upkeep
|
|t:|1779604972
|switch|p2a: Corviknight|Corviknight, F|100/100
|-ability|p2a: Corviknight|Pressure
|turn|10
|
|t:|1779604993
|switch|p2a: Alomomola|Alomomola, M|88/100
|move|p1a: Regidrago|Draco Meteor|p2a: Alomomola
|-damage|p2a: Alomomola|34/100
|-unboost|p1a: Regidrago|spa|2
|
|upkeep
|turn|11
|
|t:|1779605003
|switch|p2a: Corviknight|Corviknight, F|100/100
|-ability|p2a: Corviknight|Pressure
|move|p1a: Regidrago|Scale Shot|p2a: Corviknight
|-resisted|p2a: Corviknight
|-damage|p2a: Corviknight|96/100
|-resisted|p2a: Corviknight
|-damage|p2a: Corviknight|91/100
|-resisted|p2a: Corviknight
|-damage|p2a: Corviknight|86/100
|-resisted|p2a: Corviknight
|-damage|p2a: Corviknight|82/100
|-resisted|p2a: Corviknight
|-damage|p2a: Corviknight|77/100
|-hitcount|p2a: Corviknight|5
|-unboost|p1a: Regidrago|def|1
|-boost|p1a: Regidrago|spe|1
|
|-heal|p2a: Corviknight|83/100|[from] item: Leftovers
|upkeep
|turn|12
|
|t:|1779605024
|switch|p1a: Oricorio|Oricorio-Pom-Pom, F|100/100
|move|p2a: Corviknight|Iron Defense|p2a: Corviknight
|-boost|p2a: Corviknight|def|2
|
|-heal|p2a: Corviknight|89/100|[from] item: Leftovers
|upkeep
|turn|13
|
|t:|1779605036
|switch|p2a: Alomomola|Alomomola, M|67/100
|move|p1a: Oricorio|Quiver Dance|p1a: Oricorio
|-boost|p1a: Oricorio|spa|1
|-boost|p1a: Oricorio|spd|1
|-boost|p1a: Oricorio|spe|1
|
|upkeep
|turn|14
|
|t:|1779605043
|move|p1a: Oricorio|Quiver Dance|p1a: Oricorio
|-boost|p1a: Oricorio|spa|1
|-boost|p1a: Oricorio|spd|1
|-boost|p1a: Oricorio|spe|1
|move|p2a: Alomomola|Mirror Coat||[still]
|-fail|p2a: Alomomola
|
|upkeep
|turn|15
|
|t:|1779605047
|move|p1a: Oricorio|Quiver Dance|p1a: Oricorio
|-boost|p1a: Oricorio|spa|1
|-boost|p1a: Oricorio|spd|1
|-boost|p1a: Oricorio|spe|1
|move|p2a: Alomomola|Scald|p1a: Oricorio
|-damage|p1a: Oricorio|94/100
|
|-heal|p1a: Oricorio|99/100|[from] item: Leftovers
|upkeep
|turn|16
|
|t:|1779605049
|move|p1a: Oricorio|Quiver Dance|p1a: Oricorio
|-boost|p1a: Oricorio|spa|1
|-boost|p1a: Oricorio|spd|1
|-boost|p1a: Oricorio|spe|1
|move|p2a: Alomomola|Mirror Coat||[still]
|-fail|p2a: Alomomola
|
|-heal|p1a: Oricorio|100/100|[from] item: Leftovers
|upkeep
|turn|17
|-message|rblt ryo forfeited.
|
|win|owl_with_scarf
|raw|owl_with_scarf's rating: 1528 &rarr; <strong>1549</strong><br />(+21 for winning)
|raw|rblt ryo's rating: 1545 &rarr; <strong>1524</strong><br />(-21 for losing)
|l|☆owl_with_scarf
|player|p1|
|l| Kakimori
