|j|☆ankoro
|j|☆Mca player 11
|t:|1779712522
|gametype|singles
|player|p1|ankoro|acetrainer-gen2|1411
|player|p2|Mca player 11|lucas|1489
|gen|9
|tier|[Gen 9] OU
|rated|
|rule|HP Percentage Mod: HP is shown in percentages
|rule|Endless Battle Clause: Forcing endless battles is banned
|rule|Species Clause: Limit one of each Pokémon
|rule|OHKO Clause: OHKO moves are banned
|rule|Evasion Items Clause: Evasion items are banned
|rule|Evasion Moves Clause: Evasion moves are banned
|rule|Evasion Abilities Clause: Evasion abilities are banned
|rule|Sleep Moves Clause: Sleep-inducing moves are banned
|clearpoke
|poke|p1|Corviknight, M|
|poke|p1|Cinderace, M|
|poke|p1|Slowking-Galar, F|
|poke|p1|Crawdaunt, F|
|poke|p1|Kyurem|
|poke|p1|Dragonite, F|
|poke|p2|Deoxys-Speed|
|poke|p2|Iron Moth|
|poke|p2|Zamazenta-*|
|poke|p2|Gholdengo|
|poke|p2|Rillaboom, M|
|poke|p2|Iron Jugulis|
|teampreview
|
|t:|1779712557
|teamsize|p1|6
|teamsize|p2|6
|start
|switch|p1a: ecdysis|Kyurem|100/100
|switch|p2a: Deoxys|Deoxys-Speed|100/100
|-ability|p2a: Deoxys|Pressure
|-ability|p1a: ecdysis|Pressure
|turn|1
|
|t:|1779712564
|switch|p2a: Gholdengo|Gholdengo|100/100
|move|p1a: ecdysis|Ice Beam|p2a: Gholdengo
|-resisted|p2a: Gholdengo
|-damage|p2a: Gholdengo|77/100
|
|upkeep
|turn|2
|
|t:|1779712571
|switch|p1a: The Rooster|Corviknight, M|100/100
|-ability|p1a: The Rooster|Pressure
|switch|p2a: Deoxys|Deoxys-Speed|100/100
|-ability|p2a: Deoxys|Pressure
|
|upkeep
|turn|3
|
|t:|1779712575
|move|p2a: Deoxys|Stealth Rock|p1a: The Rooster
|-sidestart|p1: ankoro|move: Stealth Rock
|move|p1a: The Rooster|U-turn|p2a: Deoxys
|-supereffective|p2a: Deoxys
|-damage|p2a: Deoxys|67/100
|-damage|p1a: The Rooster|84/100|[from] item: Rocky Helmet|[of] p2a: Deoxys
|
|t:|1779712583
|switch|p1a: Paquebet|Cinderace, M|100/100|[from] U-turn
|
|upkeep
|turn|4
|
|t:|1779712586
|move|p2a: Deoxys|Taunt|p1a: Paquebet
|-start|p1a: Paquebet|move: Taunt
|move|p1a: Paquebet|U-turn|p2a: Deoxys
|-supereffective|p2a: Deoxys
|-damage|p2a: Deoxys|11/100
|-damage|p1a: Paquebet|84/100|[from] item: Rocky Helmet|[of] p2a: Deoxys
|
|t:|1779712596
|switch|p1a: The Rooster|Corviknight, M|84/100|[from] U-turn
|-damage|p1a: The Rooster|72/100|[from] Stealth Rock
|-ability|p1a: The Rooster|Pressure
|
|upkeep
|turn|5
|
|t:|1779712599
|move|p2a: Deoxys|Pain Split|p1a: The Rooster
|-sethp|p1a: The Rooster|40/100|[from] move: Pain Split|[silent]
|-sethp|p2a: Deoxys|52/100|[from] move: Pain Split
|move|p1a: The Rooster|U-turn|p2a: Deoxys
|-supereffective|p2a: Deoxys
|-damage|p2a: Deoxys|17/100
|-damage|p1a: The Rooster|23/100|[from] item: Rocky Helmet|[of] p2a: Deoxys
|
|t:|1779712605
|switch|p1a: Paquebet|Cinderace, M|84/100|[from] U-turn
|
|upkeep
|turn|6
|
|t:|1779712611
|move|p2a: Deoxys|Taunt|p1a: Paquebet
|-start|p1a: Paquebet|move: Taunt
|cant|p1a: Paquebet|move: Taunt|Court Change
|
|upkeep
|turn|7
|
|t:|1779712630
|switch|p2a: Iron Moth|Iron Moth|100/100
|-enditem|p2a: Iron Moth|Booster Energy
|-activate|p2a: Iron Moth|ability: Quark Drive|[fromitem]
|-start|p2a: Iron Moth|quarkdrivespe
|move|p1a: Paquebet|U-turn|p2a: Iron Moth
|-resisted|p2a: Iron Moth
|-damage|p2a: Iron Moth|92/100
|
|t:|1779712638
|switch|p1a: rei malandro|Slowking-Galar, F|100/100|[from] U-turn
|
|upkeep
|turn|8
|
|t:|1779712642
|move|p2a: Iron Moth|Fiery Dance|p1a: rei malandro
|-damage|p1a: rei malandro|75/100
|move|p1a: rei malandro|Future Sight|p2a: Iron Moth
|-start|p1a: rei malandro|move: Future Sight
|
|upkeep
|turn|9
|
|t:|1779712661
|-end|p2a: Iron Moth|Quark Drive|[silent]
|switch|p2a: Iron Jugulis|Iron Jugulis|100/100
|-enditem|p2a: Iron Jugulis|Booster Energy
|-activate|p2a: Iron Jugulis|ability: Quark Drive|[fromitem]
|-start|p2a: Iron Jugulis|quarkdrivespe
|-prepare|p1a: rei malandro|Chilly Reception|[premajor]
|move|p1a: rei malandro|Chilly Reception|p1a: rei malandro
|-weather|Snowscape
|inactive|Battle timer is ON: inactive players will automatically lose when time's up. (requested by Mca player 11)
|
|t:|1779712680
|switch|p1a: ecdysis|Kyurem|100/100|[from] Chilly Reception
|-damage|p1a: ecdysis|76/100|[from] Stealth Rock
|-ability|p1a: ecdysis|Pressure
|
|-weather|Snowscape|[upkeep]
|upkeep
|turn|10
|
|t:|1779712683
|move|p2a: Iron Jugulis|Hurricane|p1a: ecdysis|[miss]
|-miss|p2a: Iron Jugulis|p1a: ecdysis
|move|p1a: ecdysis|Ice Beam|p2a: Iron Jugulis
|-supereffective|p2a: Iron Jugulis
|-damage|p2a: Iron Jugulis|0 fnt
|faint|p2a: Iron Jugulis
|-end|p2a: Iron Jugulis|Quark Drive|[silent]
|
|-weather|Snowscape|[upkeep]
|-hint|Future Sight did not hit because the target is fainted.
|upkeep
|
|t:|1779712686
|switch|p2a: Zamazenta|Zamazenta, shiny|100/100
|-ability|p2a: Zamazenta|Dauntless Shield|boost
|-boost|p2a: Zamazenta|def|1
|turn|11
|inactive|ankoro has 120 seconds left.
|
|t:|1779712722
|switch|p2a: Deoxys|Deoxys-Speed|17/100
|-ability|p2a: Deoxys|Pressure
|switch|p1a: The Rooster|Corviknight, M|23/100
|-damage|p1a: The Rooster|11/100|[from] Stealth Rock
|-ability|p1a: The Rooster|Pressure
|
|-weather|Snowscape|[upkeep]
|upkeep
|turn|12
|
|t:|1779712730
|move|p2a: Deoxys|Taunt|p1a: The Rooster
|-start|p1a: The Rooster|move: Taunt
|cant|p1a: The Rooster|move: Taunt|Roost
|
|-weather|Snowscape|[upkeep]
|upkeep
|turn|13
|
|t:|1779712739
|move|p2a: Deoxys|Spikes|p1a: The Rooster
|-sidestart|p1: ankoro|Spikes
|move|p1a: The Rooster|U-turn|p2a: Deoxys
|-supereffective|p2a: Deoxys
|-damage|p2a: Deoxys|0 fnt
|-damage|p1a: The Rooster|0 fnt|[from] item: Rocky Helmet|[of] p2a: Deoxys
|faint|p2a: Deoxys
|faint|p1a: The Rooster
|
|-weather|none
|upkeep
|
|t:|1779712744
|switch|p2a: Zamazenta|Zamazenta, shiny|100/100
|switch|p1a: Paquebet|Cinderace, M|84/100
|turn|14
|
|t:|1779712748
|move|p2a: Zamazenta|Close Combat|p1a: Paquebet
|-damage|p1a: Paquebet|0 fnt
|-unboost|p2a: Zamazenta|def|1
|-unboost|p2a: Zamazenta|spd|1
|faint|p1a: Paquebet
|
|upkeep
|
|t:|1779712753
|switch|p1a: dragospeedo|Dragonite, F|100/100
|-damage|p1a: dragospeedo|76/100|[from] Stealth Rock
|turn|15
|
|t:|1779712756
|switch|p2a: Rillaboom|Rillaboom, M|100/100
|-fieldstart|move: Grassy Terrain|[from] ability: Grassy Surge|[of] p2a: Rillaboom
|move|p1a: dragospeedo|Dragon Dance|p1a: dragospeedo
|-boost|p1a: dragospeedo|atk|1
|-boost|p1a: dragospeedo|spe|1
|
|upkeep
|turn|16
|
|t:|1779712764
|switch|p2a: Gholdengo|Gholdengo|77/100
|-enditem|p2a: Gholdengo|Grassy Seed
|-boost|p2a: Gholdengo|def|1|[from] item: Grassy Seed
|move|p1a: dragospeedo|Dragon Dance|p1a: dragospeedo
|-boost|p1a: dragospeedo|atk|1
|-boost|p1a: dragospeedo|spe|1
|
|-heal|p2a: Gholdengo|83/100|[from] Grassy Terrain
|upkeep
|turn|17
|
|t:|1779712769
|-terastallize|p1a: dragospeedo|Fire
|move|p1a: dragospeedo|Fire Punch|p2a: Gholdengo
|-supereffective|p2a: Gholdengo
|-damage|p2a: Gholdengo|0 fnt
|faint|p2a: Gholdengo
|
|-heal|p1a: dragospeedo|82/100|[from] Grassy Terrain
|upkeep
|
|t:|1779712772
|switch|p2a: Zamazenta|Zamazenta, shiny|100/100
|turn|18
|
|t:|1779712778
|move|p1a: dragospeedo|Fire Punch|p2a: Zamazenta
|-damage|p2a: Zamazenta|21/100
|move|p2a: Zamazenta|Close Combat|p1a: dragospeedo
|-damage|p1a: dragospeedo|0 fnt
|-unboost|p2a: Zamazenta|def|1
|-unboost|p2a: Zamazenta|spd|1
|faint|p1a: dragospeedo
|
|-heal|p2a: Zamazenta|27/100|[from] Grassy Terrain
|upkeep
|
|t:|1779712785
|switch|p1a: rei malandro|Slowking-Galar, F|100/100
|turn|19
|
|t:|1779712792
|switch|p2a: Iron Moth|Iron Moth|92/100
|move|p1a: rei malandro|Thunder Wave|p2a: Iron Moth
|-status|p2a: Iron Moth|par
|
|-heal|p2a: Iron Moth|98/100 par|[from] Grassy Terrain
|-fieldend|move: Grassy Terrain
|upkeep
|turn|20
|
|t:|1779712802
|cant|p2a: Iron Moth|par
|move|p1a: rei malandro|Future Sight|p2a: Iron Moth
|-start|p1a: rei malandro|move: Future Sight
|
|upkeep
|turn|21
|
|t:|1779712806
|move|p2a: Iron Moth|Toxic Spikes|p1a: rei malandro
|-sidestart|p1: ankoro|move: Toxic Spikes
|-prepare|p1a: rei malandro|Chilly Reception|[premajor]
|move|p1a: rei malandro|Chilly Reception|p1a: rei malandro
|-weather|Snowscape
|
|t:|1779712830
|switch|p1a: Lagosta de agosto|Crawdaunt, F|100/100|[from] Chilly Reception
|-damage|p1a: Lagosta de agosto|88/100|[from] Stealth Rock
|-damage|p1a: Lagosta de agosto|76/100|[from] Spikes
|-status|p1a: Lagosta de agosto|psn
|
|-weather|Snowscape|[upkeep]
|-damage|p1a: Lagosta de agosto|63/100 psn|[from] psn
|upkeep
|turn|22
|
|t:|1779712835
|move|p1a: Lagosta de agosto|Knock Off|p2a: Iron Moth
|-damage|p2a: Iron Moth|12/100 par
|move|p2a: Iron Moth|Fiery Dance|p1a: Lagosta de agosto
|-resisted|p1a: Lagosta de agosto
|-damage|p1a: Lagosta de agosto|20/100 psn
|-boost|p2a: Iron Moth|spa|1
|
|-weather|Snowscape|[upkeep]
|-end|p2a: Iron Moth|move: Future Sight
|-supereffective|p2a: Iron Moth
|-damage|p2a: Iron Moth|0 fnt
|faint|p2a: Iron Moth
|-end|p2a: Iron Moth|Quark Drive|[silent]
|-damage|p1a: Lagosta de agosto|7/100 psn|[from] psn
|upkeep
|
|t:|1779712839
|switch|p2a: Rillaboom|Rillaboom, M|100/100
|-fieldstart|move: Grassy Terrain|[from] ability: Grassy Surge|[of] p2a: Rillaboom
|turn|23
|inactive|ankoro has 120 seconds left.
|
|t:|1779712877
|move|p2a: Rillaboom|Grassy Glide|p1a: Lagosta de agosto
|-supereffective|p1a: Lagosta de agosto
|-damage|p1a: Lagosta de agosto|0 fnt
|faint|p1a: Lagosta de agosto
|-damage|p2a: Rillaboom|91/100|[from] item: Life Orb
|
|-weather|Snowscape|[upkeep]
|-heal|p2a: Rillaboom|97/100|[from] Grassy Terrain
|upkeep
|
|t:|1779712880
|switch|p1a: rei malandro|Slowking-Galar, F|100/100
|-sideend|p1: ankoro|move: Toxic Spikes|[of] p1a: rei malandro
|turn|24
|
|t:|1779712884
|move|p2a: Rillaboom|Knock Off|p1a: rei malandro
|-supereffective|p1a: rei malandro
|-damage|p1a: rei malandro|0 fnt
|-enditem|p1a: rei malandro|Heavy-Duty Boots|[from] move: Knock Off|[of] p2a: Rillaboom
|faint|p1a: rei malandro
|-damage|p2a: Rillaboom|87/100|[from] item: Life Orb
|
|-weather|Snowscape|[upkeep]
|-heal|p2a: Rillaboom|93/100|[from] Grassy Terrain
|upkeep
|l|☆ankoro
|inactive|ankoro disconnected and has a minute to reconnect!
|player|p1|
|inactive|ankoro has 30 seconds to reconnect!
|inactive|ankoro has 20 seconds to reconnect!
|inactive|ankoro has 15 seconds to reconnect!
|inactive|ankoro has 10 seconds to reconnect!
|inactive|ankoro has 5 seconds to reconnect!
|-message|ankoro lost due to inactivity.
|
|win|Mca player 11
|raw|ankoro's rating: 1411 &rarr; <strong>1395</strong><br />(-16 for losing)
|raw|Mca player 11's rating: 1489 &rarr; <strong>1505</strong><br />(+16 for winning)
|l|☆Mca player 11
|player|p2|
