|j|☆mosayashi
|j|☆nachocrispy
|t:|1779710716
|gametype|singles
|player|p1|mosayashi|2|1080
|player|p2|nachocrispy|dawn-gen4pt|1072
|gen|9
|tier|[Gen 9] OU
|rated|
|rule|HP Percentage Mod: HP is shown in percentages
|rule|Endless Battle Clause: Forcing endless battles is banned
|rule|Species Clause: Limit one of each Pokémon
|rule|OHKO Clause: OHKO moves are banned
|rule|Evasion Items Clause: Evasion items are banned
|rule|Evasion Moves Clause: Evasion moves are banned
|rule|Evasion Abilities Clause: Evasion abilities are banned
|rule|Sleep Moves Clause: Sleep-inducing moves are banned
|clearpoke
|poke|p1|Tatsugiri-Droopy, F|
|poke|p1|Hoopa-Unbound|
|poke|p1|Great Tusk|
|poke|p1|Slowking-Galar, F|
|poke|p1|Cinderace, M|
|poke|p1|Thundurus-Therian, M|
|poke|p2|Serperior, F|
|poke|p2|Primarina, M|
|poke|p2|Regieleki|
|poke|p2|Kingambit, F|
|poke|p2|Dragapult, M|
|poke|p2|Excadrill, M|
|teampreview
|
|t:|1779710735
|teamsize|p1|6
|teamsize|p2|6
|start
|switch|p1a: Tatsugiri|Tatsugiri-Droopy, F, shiny|100/100
|switch|p2a: Regieleki|Regieleki, shiny|100/100
|turn|1
|
|t:|1779710741
|switch|p1a: Great Tusk|Great Tusk|100/100
|move|p2a: Regieleki|Reflect|p2a: Regieleki
|-sidestart|p2: nachocrispy|Reflect
|
|upkeep
|turn|2
|
|t:|1779710747
|move|p2a: Regieleki|Light Screen|p2a: Regieleki
|-sidestart|p2: nachocrispy|move: Light Screen
|move|p1a: Great Tusk|Headlong Rush|p2a: Regieleki
|-supereffective|p2a: Regieleki
|-damage|p2a: Regieleki|0 fnt
|-unboost|p1a: Great Tusk|def|1
|-unboost|p1a: Great Tusk|spd|1
|faint|p2a: Regieleki
|
|upkeep
|
|t:|1779710759
|switch|p2a: Primarina|Primarina, M|100/100
|turn|3
|
|t:|1779710769
|-end|p1a: Great Tusk|Protosynthesis|[silent]
|switch|p1a: Tatsugiri|Tatsugiri-Droopy, F, shiny|100/100
|move|p2a: Primarina|Substitute|p2a: Primarina
|-start|p2a: Primarina|Substitute
|-damage|p2a: Primarina|76/100
|
|-heal|p2a: Primarina|82/100|[from] item: Leftovers
|upkeep
|turn|4
|
|t:|1779710777
|move|p2a: Primarina|Calm Mind|p2a: Primarina
|-boost|p2a: Primarina|spa|1
|-boost|p2a: Primarina|spd|1
|move|p1a: Tatsugiri|Mirror Coat||[still]
|-fail|p1a: Tatsugiri
|
|-heal|p2a: Primarina|88/100|[from] item: Leftovers
|upkeep
|turn|5
|
|t:|1779710787
|move|p1a: Tatsugiri|Rapid Spin|p2a: Primarina
|-activate|p2a: Primarina|move: Substitute|[damage]
|-boost|p1a: Tatsugiri|spe|1
|-damage|p1a: Tatsugiri|91/100|[from] item: Life Orb
|move|p2a: Primarina|Calm Mind|p2a: Primarina
|-boost|p2a: Primarina|spa|1
|-boost|p2a: Primarina|spd|1
|
|-heal|p2a: Primarina|94/100|[from] item: Leftovers
|upkeep
|turn|6
|
|t:|1779710797
|move|p1a: Tatsugiri|Surf|p2a: Primarina
|-resisted|p2a: Primarina
|-activate|p2a: Primarina|move: Substitute|[damage]
|-damage|p1a: Tatsugiri|81/100|[from] item: Life Orb
|move|p2a: Primarina|Calm Mind|p2a: Primarina
|-boost|p2a: Primarina|spa|1
|-boost|p2a: Primarina|spd|1
|
|-heal|p2a: Primarina|99/100|[from] item: Leftovers
|upkeep
|turn|7
|
|t:|1779710808
|move|p1a: Tatsugiri|Surf|p2a: Primarina
|-resisted|p2a: Primarina
|-crit|p2a: Primarina
|-end|p2a: Primarina|Substitute
|-damage|p1a: Tatsugiri|71/100|[from] item: Life Orb
|move|p2a: Primarina|Calm Mind|p2a: Primarina
|-boost|p2a: Primarina|spa|1
|-boost|p2a: Primarina|spd|1
|
|-heal|p2a: Primarina|100/100|[from] item: Leftovers
|upkeep
|turn|8
|
|t:|1779710824
|move|p1a: Tatsugiri|Surf|p2a: Primarina
|-resisted|p2a: Primarina
|-damage|p2a: Primarina|96/100
|-damage|p1a: Tatsugiri|62/100|[from] item: Life Orb
|move|p2a: Primarina|Draining Kiss|p1a: Tatsugiri
|-supereffective|p1a: Tatsugiri
|-damage|p1a: Tatsugiri|0 fnt
|-heal|p2a: Primarina|100/100|[from] drain|[of] p1a: Tatsugiri
|faint|p1a: Tatsugiri
|
|-sideend|p2: nachocrispy|Reflect
|upkeep
|
|t:|1779710844
|switch|p1a: Thundurus|Thundurus-Therian, M|100/100
|turn|9
|
|t:|1779710851
|move|p1a: Thundurus|Thunderbolt|p2a: Primarina
|-supereffective|p2a: Primarina
|-damage|p2a: Primarina|81/100
|-damage|p1a: Thundurus|91/100|[from] item: Life Orb
|move|p2a: Primarina|Surf|p1a: Thundurus
|-crit|p1a: Thundurus
|-damage|p1a: Thundurus|0 fnt
|faint|p1a: Thundurus
|
|-heal|p2a: Primarina|87/100|[from] item: Leftovers
|-sideend|p2: nachocrispy|move: Light Screen
|upkeep
|-message|mosayashi forfeited.
|
|win|nachocrispy
|raw|mosayashi's rating: 1080 &rarr; <strong>1057</strong><br />(-23 for losing)
|raw|nachocrispy's rating: 1072 &rarr; <strong>1102</strong><br />(+30 for winning)
|l|☆mosayashi
|player|p1|
|l|☆nachocrispy
|player|p2|
