|j|☆vanllesco
|j|☆Uranium233
|t:|1779667124
|gametype|singles
|player|p1|vanllesco|hilbert|1254
|player|p2|Uranium233|morty-masters|1286
|gen|9
|tier|[Gen 9] OU
|rated|
|rule|HP Percentage Mod: HP is shown in percentages
|rule|Endless Battle Clause: Forcing endless battles is banned
|rule|Species Clause: Limit one of each Pokémon
|rule|OHKO Clause: OHKO moves are banned
|rule|Evasion Items Clause: Evasion items are banned
|rule|Evasion Moves Clause: Evasion moves are banned
|rule|Evasion Abilities Clause: Evasion abilities are banned
|rule|Sleep Moves Clause: Sleep-inducing moves are banned
|clearpoke
|poke|p1|Samurott-Hisui, M|
|poke|p1|Corviknight, M|
|poke|p1|Hatterene, F|
|poke|p1|Umbreon, F|
|poke|p1|Toxtricity-Low-Key, M|
|poke|p1|Garchomp, M|
|poke|p2|Ogerpon, F|
|poke|p2|Samurott-Hisui, F|
|poke|p2|Blissey, F|
|poke|p2|Gliscor, M|
|poke|p2|Skarmory, F|
|poke|p2|Pecharunt|
|teampreview
|
|t:|1779667196
|teamsize|p1|6
|teamsize|p2|6
|start
|switch|p1a: MC Ride|Samurott-Hisui, M|100/100
|switch|p2a: Ogerpon|Ogerpon, F|100/100
|turn|1
|inactive|Battle timer is ON: inactive players will automatically lose when time's up. (requested by vanllesco)
|
|t:|1779667208
|switch|p1a: BIRD|Corviknight, M|100/100
|move|p2a: Ogerpon|Ivy Cudgel|p1a: BIRD
|-resisted|p1a: BIRD
|-damage|p1a: BIRD|91/100
|
|upkeep
|turn|2
|
|t:|1779667220
|move|p2a: Ogerpon|U-turn|p1a: BIRD
|-resisted|p1a: BIRD
|-damage|p1a: BIRD|87/100
|-damage|p2a: Ogerpon|84/100|[from] item: Rocky Helmet|[of] p1a: BIRD
|
|t:|1779667236
|switch|p2a: Samurott|Samurott-Hisui, F|100/100|[from] U-turn
|move|p1a: BIRD|U-turn|p2a: Samurott
|-supereffective|p2a: Samurott
|-damage|p2a: Samurott|64/100
|inactive|vanllesco has 120 seconds left.
|
|t:|1779667289
|switch|p1a: My name is mud|Toxtricity-Low-Key, M|100/100|[from] U-turn
|
|upkeep
|turn|3
|
|t:|1779667307
|switch|p2a: Gliscor|Gliscor, M|100/100
|move|p1a: My name is mud|Boomburst|p2a: Gliscor
|-damage|p2a: Gliscor|47/100
|
|-status|p2a: Gliscor|tox|[from] item: Toxic Orb
|upkeep
|turn|4
|
|t:|1779667319
|move|p2a: Gliscor|Protect|p2a: Gliscor
|-singleturn|p2a: Gliscor|Protect
|move|p1a: My name is mud|Boomburst|p2a: Gliscor
|-activate|p2a: Gliscor|move: Protect
|
|-heal|p2a: Gliscor|60/100 tox|[from] ability: Poison Heal
|upkeep
|turn|5
|
|t:|1779667338
|switch|p1a: MC Ride|Samurott-Hisui, M|100/100
|move|p2a: Gliscor|Earthquake|p1a: MC Ride
|-damage|p1a: MC Ride|61/100
|
|-heal|p1a: MC Ride|67/100|[from] item: Leftovers
|-heal|p2a: Gliscor|72/100 tox|[from] ability: Poison Heal
|upkeep
|turn|6
|inactive|vanllesco has 120 seconds left.
|inactive|Uranium233 has 120 seconds left.
|
|t:|1779667357
|move|p2a: Gliscor|Protect|p2a: Gliscor
|-singleturn|p2a: Gliscor|Protect
|move|p1a: MC Ride|Razor Shell|p2a: Gliscor
|-activate|p2a: Gliscor|move: Protect
|
|-heal|p1a: MC Ride|73/100|[from] item: Leftovers
|-heal|p2a: Gliscor|85/100 tox|[from] ability: Poison Heal
|upkeep
|turn|7
|inactive|Uranium233 has 120 seconds left.
|
|t:|1779667377
|switch|p2a: Ogerpon|Ogerpon, F|84/100
|move|p1a: MC Ride|Ceaseless Edge|p2a: Ogerpon
|-damage|p2a: Ogerpon|25/100
|-sidestart|p2: Uranium233|Spikes
|
|-heal|p1a: MC Ride|80/100|[from] item: Leftovers
|upkeep
|turn|8
|
|t:|1779667384
|move|p1a: MC Ride|Sucker Punch|p2a: Ogerpon
|-damage|p2a: Ogerpon|0 fnt
|faint|p2a: Ogerpon
|
|-heal|p1a: MC Ride|86/100|[from] item: Leftovers
|upkeep
|
|t:|1779667397
|switch|p2a: Skarmory|Skarmory, F|100/100
|turn|9
|inactive|vanllesco has 120 seconds left.
|
|t:|1779667419
|switch|p1a: Doe Deer|Hatterene, F|100/100
|move|p2a: Skarmory|Stealth Rock|p1a: Doe Deer
|move|p1a: Doe Deer|Stealth Rock|p2a: Skarmory|[from] ability: Magic Bounce
|-sidestart|p2: Uranium233|move: Stealth Rock
|
|upkeep
|turn|10
|inactive|Uranium233 has 120 seconds left.
|
|t:|1779667435
|switch|p2a: Pecharunt|Pecharunt|100/100
|move|p1a: Doe Deer|Mystical Fire|p2a: Pecharunt
|-damage|p2a: Pecharunt|77/100
|-unboost|p2a: Pecharunt|spa|1
|
|upkeep
|turn|11
|inactive|vanllesco has 120 seconds left.
|
|t:|1779667471
|switch|p1a: BIRD|Corviknight, M|87/100
|move|p2a: Pecharunt|Shadow Ball|p1a: BIRD
|-damage|p1a: BIRD|72/100
|
|upkeep
|turn|12
|
|t:|1779667488
|move|p2a: Pecharunt|Recover|p2a: Pecharunt
|-heal|p2a: Pecharunt|100/100
|move|p1a: BIRD|U-turn|p2a: Pecharunt
|-resisted|p2a: Pecharunt
|-damage|p2a: Pecharunt|99/100
|inactive|vanllesco has 90 seconds left.
|
|t:|1779667538
|switch|p1a: Morin|Umbreon, F, shiny|100/100|[from] U-turn
|
|upkeep
|turn|13
|
|t:|1779667545
|move|p2a: Pecharunt|Toxic|p1a: Morin
|-status|p1a: Morin|tox
|-start|p1a: Morin|confusion|[from] ability: Poison Puppeteer|[of] p2a: Pecharunt
|-activate|p1a: Morin|confusion
|move|p1a: Morin|Thunder Wave|p2a: Pecharunt|[miss]
|-miss|p1a: Morin|p2a: Pecharunt
|
|-damage|p1a: Morin|94/100 tox|[from] psn
|upkeep
|turn|14
|inactive|vanllesco has 90 seconds left.
|inactive|Uranium233 has 120 seconds left.
|
|t:|1779667558
|move|p2a: Pecharunt|Parting Shot|p1a: Morin
|-unboost|p1a: Morin|atk|1
|-unboost|p1a: Morin|spa|1
|
|t:|1779667568
|switch|p2a: Gliscor|Gliscor, M|85/100 tox|[from] Parting Shot
|-damage|p2a: Gliscor|72/100 tox|[from] Stealth Rock
|-activate|p1a: Morin|confusion
|move|p1a: Morin|Thunder Wave|p2a: Gliscor
|-immune|p2a: Gliscor
|
|-heal|p1a: Morin|100/100 tox|[from] item: Leftovers
|-heal|p2a: Gliscor|85/100 tox|[from] ability: Poison Heal
|-damage|p1a: Morin|88/100 tox|[from] psn
|upkeep
|turn|15
|inactive|Uranium233 has 120 seconds left.
|
|t:|1779667579
|switch|p1a: BIRD|Corviknight, M|72/100
|move|p2a: Gliscor|Swords Dance|p2a: Gliscor
|-boost|p2a: Gliscor|atk|2
|
|-heal|p2a: Gliscor|97/100 tox|[from] ability: Poison Heal
|upkeep
|turn|16
|inactive|Uranium233 has 120 seconds left.
|inactive|vanllesco has 90 seconds left.
|
|t:|1779667618
|move|p2a: Gliscor|Swords Dance|p2a: Gliscor
|-boost|p2a: Gliscor|atk|2
|move|p1a: BIRD|U-turn|p2a: Gliscor
|-resisted|p2a: Gliscor
|-damage|p2a: Gliscor|91/100 tox
|
|t:|1779667620
|switch|p1a: Morin|Umbreon, F, shiny|88/100 tox|[from] U-turn
|
|-heal|p1a: Morin|94/100 tox|[from] item: Leftovers
|-heal|p2a: Gliscor|100/100 tox|[from] ability: Poison Heal
|-damage|p1a: Morin|88/100 tox|[from] psn
|upkeep
|turn|17
|
|t:|1779667627
|move|p2a: Gliscor|Earthquake|p1a: Morin
|-damage|p1a: Morin|24/100 tox
|move|p1a: Morin|Foul Play|p2a: Gliscor
|-damage|p2a: Gliscor|28/100 tox
|
|-heal|p1a: Morin|30/100 tox|[from] item: Leftovers
|-heal|p2a: Gliscor|41/100 tox|[from] ability: Poison Heal
|-damage|p1a: Morin|18/100 tox|[from] psn
|upkeep
|turn|18
|inactive|vanllesco has 90 seconds left.
|inactive|Uranium233 has 120 seconds left.
|
|t:|1779667637
|switch|p1a: BIRD|Corviknight, M|72/100
|move|p2a: Gliscor|Protect||[still]
|-fail|p2a: Gliscor
|
|-heal|p2a: Gliscor|53/100 tox|[from] ability: Poison Heal
|upkeep
|turn|19
|inactive|Uranium233 has 120 seconds left.
|
|t:|1779667644
|move|p2a: Gliscor|Protect|p2a: Gliscor
|-singleturn|p2a: Gliscor|Protect
|move|p1a: BIRD|Brave Bird|p2a: Gliscor
|-activate|p2a: Gliscor|move: Protect
|
|-heal|p2a: Gliscor|65/100 tox|[from] ability: Poison Heal
|upkeep
|turn|20
|
|t:|1779667651
|move|p2a: Gliscor|Facade|p1a: BIRD
|-resisted|p1a: BIRD
|-damage|p1a: BIRD|40/100
|-damage|p2a: Gliscor|49/100 tox|[from] item: Rocky Helmet|[of] p1a: BIRD
|move|p1a: BIRD|Brave Bird|p2a: Gliscor
|-damage|p2a: Gliscor|21/100 tox
|-damage|p1a: BIRD|32/100|[from] Recoil
|
|-heal|p2a: Gliscor|34/100 tox|[from] ability: Poison Heal
|upkeep
|turn|21
|
|t:|1779667661
|move|p2a: Gliscor|Protect|p2a: Gliscor
|-singleturn|p2a: Gliscor|Protect
|move|p1a: BIRD|Roost|p1a: BIRD
|-heal|p1a: BIRD|82/100
|-singleturn|p1a: BIRD|move: Roost
|
|-heal|p2a: Gliscor|46/100 tox|[from] ability: Poison Heal
|upkeep
|turn|22
|
|t:|1779667668
|move|p2a: Gliscor|Swords Dance|p2a: Gliscor
|-boost|p2a: Gliscor|atk|2
|move|p1a: BIRD|Brave Bird|p2a: Gliscor
|-damage|p2a: Gliscor|19/100 tox
|-damage|p1a: BIRD|73/100|[from] Recoil
|
|-heal|p2a: Gliscor|31/100 tox|[from] ability: Poison Heal
|upkeep
|turn|23
|
|t:|1779667677
|move|p2a: Gliscor|Protect|p2a: Gliscor
|-singleturn|p2a: Gliscor|Protect
|move|p1a: BIRD|Brave Bird|p2a: Gliscor
|-activate|p2a: Gliscor|move: Protect
|
|-heal|p2a: Gliscor|44/100 tox|[from] ability: Poison Heal
|upkeep
|turn|24
|
|t:|1779667699
|move|p2a: Gliscor|Protect||[still]
|-fail|p2a: Gliscor
|move|p1a: BIRD|Brave Bird|p2a: Gliscor
|-damage|p2a: Gliscor|15/100 tox
|-damage|p1a: BIRD|64/100|[from] Recoil
|
|-heal|p2a: Gliscor|27/100 tox|[from] ability: Poison Heal
|upkeep
|turn|25
|inactive|vanllesco has 120 seconds left.
|
|t:|1779667749
|move|p2a: Gliscor|Protect|p2a: Gliscor
|-singleturn|p2a: Gliscor|Protect
|move|p1a: BIRD|Brave Bird|p2a: Gliscor
|-activate|p2a: Gliscor|move: Protect
|
|-heal|p2a: Gliscor|39/100 tox|[from] ability: Poison Heal
|upkeep
|turn|26
|
|t:|1779667763
|move|p2a: Gliscor|Protect|p2a: Gliscor
|-singleturn|p2a: Gliscor|Protect
|move|p1a: BIRD|Brave Bird|p2a: Gliscor
|-activate|p2a: Gliscor|move: Protect
|
|-heal|p2a: Gliscor|52/100 tox|[from] ability: Poison Heal
|upkeep
|turn|27
|
|t:|1779667771
|move|p2a: Gliscor|Facade|p1a: BIRD
|-resisted|p1a: BIRD
|-damage|p1a: BIRD|26/100
|-damage|p2a: Gliscor|35/100 tox|[from] item: Rocky Helmet|[of] p1a: BIRD
|move|p1a: BIRD|Brave Bird|p2a: Gliscor
|-damage|p2a: Gliscor|6/100 tox
|-damage|p1a: BIRD|16/100|[from] Recoil
|
|-heal|p2a: Gliscor|18/100 tox|[from] ability: Poison Heal
|upkeep
|turn|28
|
|t:|1779667781
|move|p2a: Gliscor|Protect|p2a: Gliscor
|-singleturn|p2a: Gliscor|Protect
|move|p1a: BIRD|Roost|p1a: BIRD
|-heal|p1a: BIRD|66/100
|-singleturn|p1a: BIRD|move: Roost
|
|-heal|p2a: Gliscor|30/100 tox|[from] ability: Poison Heal
|upkeep
|turn|29
|
|t:|1779667806
|switch|p2a: Skarmory|Skarmory, F|100/100
|move|p1a: BIRD|Brave Bird|p2a: Skarmory
|-resisted|p2a: Skarmory
|-damage|p2a: Skarmory|90/100
|-damage|p1a: BIRD|64/100|[from] Recoil
|
|upkeep
|turn|30
|inactive|vanllesco has 120 seconds left.
|
|t:|1779667839
|switch|p1a: Doe Deer|Hatterene, F|100/100
|move|p2a: Skarmory|Stealth Rock|p1a: Doe Deer
|move|p1a: Doe Deer|Stealth Rock||[from] ability: Magic Bounce|[still]
|-fail|p1a: Doe Deer
|
|upkeep
|turn|31
|
|t:|1779667853
|switch|p2a: Blissey|Blissey, F|100/100
|move|p1a: Doe Deer|Mystical Fire|p2a: Blissey
|-damage|p2a: Blissey|93/100
|-unboost|p2a: Blissey|spa|1
|
|upkeep
|turn|32
|
|t:|1779667860
|switch|p1a: Zachill|Garchomp, M|100/100
|move|p2a: Blissey|Calm Mind|p2a: Blissey
|-boost|p2a: Blissey|spa|1
|-boost|p2a: Blissey|spd|1
|
|upkeep
|turn|33
|
|t:|1779667870
|switch|p2a: Skarmory|Skarmory, F|90/100
|move|p1a: Zachill|Earthquake|p2a: Skarmory
|-immune|p2a: Skarmory
|
|upkeep
|turn|34
|
|t:|1779667890
|switch|p1a: My name is mud|Toxtricity-Low-Key, M|100/100
|switch|p2a: Pecharunt|Pecharunt|99/100
|
|upkeep
|turn|35
|
|t:|1779667902
|move|p1a: My name is mud|Psychic Noise|p2a: Pecharunt
|-supereffective|p2a: Pecharunt
|-damage|p2a: Pecharunt|30/100
|-start|p2a: Pecharunt|move: Heal Block
|move|p2a: Pecharunt|Parting Shot|p1a: My name is mud
|-unboost|p1a: My name is mud|atk|1
|-unboost|p1a: My name is mud|spa|1
|
|t:|1779667913
|switch|p2a: Gliscor|Gliscor, M|30/100 tox|[from] Parting Shot
|-damage|p2a: Gliscor|18/100 tox|[from] Stealth Rock
|
|-heal|p2a: Gliscor|30/100 tox|[from] ability: Poison Heal
|upkeep
|turn|36
|
|t:|1779667919
|move|p2a: Gliscor|Protect|p2a: Gliscor
|-singleturn|p2a: Gliscor|Protect
|move|p1a: My name is mud|Psychic Noise|p2a: Gliscor
|-activate|p2a: Gliscor|move: Protect
|
|-heal|p2a: Gliscor|43/100 tox|[from] ability: Poison Heal
|upkeep
|turn|37
|
|t:|1779667927
|move|p1a: My name is mud|Psychic Noise|p2a: Gliscor
|-damage|p2a: Gliscor|25/100 tox
|-start|p2a: Gliscor|move: Heal Block
|move|p2a: Gliscor|Earthquake|p1a: My name is mud
|-supereffective|p1a: My name is mud
|-damage|p1a: My name is mud|0 fnt
|faint|p1a: My name is mud
|
|upkeep
|
|t:|1779667932
|switch|p1a: Zachill|Garchomp, M|100/100
|turn|38
|
|t:|1779667939
|switch|p2a: Skarmory|Skarmory, F|90/100
|move|p1a: Zachill|Swords Dance|p1a: Zachill
|-boost|p1a: Zachill|atk|2
|
|upkeep
|turn|39
|
|t:|1779667943
|switch|p1a: Doe Deer|Hatterene, F|100/100
|move|p2a: Skarmory|Whirlwind|p1a: Doe Deer
|move|p1a: Doe Deer|Whirlwind|p2a: Skarmory|[from] ability: Magic Bounce
|drag|p2a: Pecharunt|Pecharunt|30/100
|
|upkeep
|turn|40
|
|t:|1779667957
|switch|p1a: BIRD|Corviknight, M|64/100
|move|p2a: Pecharunt|Recover|p2a: Pecharunt
|-heal|p2a: Pecharunt|80/100
|
|upkeep
|turn|41
|
|t:|1779667964
|move|p2a: Pecharunt|Shadow Ball|p1a: BIRD
|-damage|p1a: BIRD|39/100
|move|p1a: BIRD|U-turn|p2a: Pecharunt
|-resisted|p2a: Pecharunt
|-crit|p2a: Pecharunt
|-damage|p2a: Pecharunt|77/100
|
|t:|1779667985
|switch|p1a: Zachill|Garchomp, M|100/100|[from] U-turn
|
|upkeep
|turn|42
|
|t:|1779667991
|switch|p1a: Doe Deer|Hatterene, F|100/100
|move|p2a: Pecharunt|Parting Shot|p1a: Doe Deer
|move|p1a: Doe Deer|Parting Shot|p2a: Pecharunt|[from] ability: Magic Bounce
|-unboost|p2a: Pecharunt|atk|1
|-unboost|p2a: Pecharunt|spa|1
|
|t:|1779667996
|switch|p1a: MC Ride|Samurott-Hisui, M|86/100|[from] Parting Shot
|
|-heal|p1a: MC Ride|92/100|[from] item: Leftovers
|upkeep
|turn|43
|
|t:|1779668009
|switch|p2a: Skarmory|Skarmory, F|90/100
|move|p1a: MC Ride|Ceaseless Edge|p2a: Skarmory|[miss]
|-miss|p1a: MC Ride|p2a: Skarmory
|
|-heal|p1a: MC Ride|98/100|[from] item: Leftovers
|upkeep
|turn|44
|
|t:|1779668014
|switch|p1a: Doe Deer|Hatterene, F|100/100
|move|p2a: Skarmory|Body Press|p1a: Doe Deer
|-resisted|p1a: Doe Deer
|-damage|p1a: Doe Deer|94/100
|
|upkeep
|turn|45
|
|t:|1779668025
|switch|p2a: Pecharunt|Pecharunt|77/100
|move|p1a: Doe Deer|Calm Mind|p1a: Doe Deer
|-boost|p1a: Doe Deer|spa|1
|-boost|p1a: Doe Deer|spd|1
|
|upkeep
|turn|46
|
|t:|1779668031
|switch|p1a: MC Ride|Samurott-Hisui, M|98/100
|move|p2a: Pecharunt|Parting Shot|p1a: MC Ride
|-unboost|p1a: MC Ride|atk|1
|-unboost|p1a: MC Ride|spa|1
|
|t:|1779668040
|switch|p2a: Gliscor|Gliscor, M|25/100 tox|[from] Parting Shot
|-damage|p2a: Gliscor|13/100 tox|[from] Stealth Rock
|
|-heal|p1a: MC Ride|100/100|[from] item: Leftovers
|-heal|p2a: Gliscor|25/100 tox|[from] ability: Poison Heal
|upkeep
|turn|47
|
|t:|1779668047
|move|p2a: Gliscor|Protect|p2a: Gliscor
|-singleturn|p2a: Gliscor|Protect
|move|p1a: MC Ride|Razor Shell|p2a: Gliscor
|-activate|p2a: Gliscor|move: Protect
|
|-heal|p2a: Gliscor|38/100 tox|[from] ability: Poison Heal
|upkeep
|turn|48
|
|t:|1779668062
|switch|p2a: Skarmory|Skarmory, F|90/100
|move|p1a: MC Ride|Razor Shell|p2a: Skarmory
|-damage|p2a: Skarmory|69/100
|-unboost|p2a: Skarmory|def|1
|
|upkeep
|turn|49
|
|t:|1779668072
|switch|p1a: Doe Deer|Hatterene, F|94/100
|move|p2a: Skarmory|Roost|p2a: Skarmory
|-heal|p2a: Skarmory|100/100
|-singleturn|p2a: Skarmory|move: Roost
|
|upkeep
|turn|50
|
|t:|1779668084
|switch|p2a: Pecharunt|Pecharunt|77/100
|move|p1a: Doe Deer|Mystical Fire|p2a: Pecharunt
|-damage|p2a: Pecharunt|56/100
|-unboost|p2a: Pecharunt|spa|1
|
|upkeep
|turn|51
|
|t:|1779668091
|switch|p1a: BIRD|Corviknight, M|39/100
|move|p2a: Pecharunt|Parting Shot|p1a: BIRD
|-ability|p1a: BIRD|Mirror Armor
|-unboost|p2a: Pecharunt|atk|1
|-ability|p1a: BIRD|Mirror Armor
|-unboost|p2a: Pecharunt|spa|1
|
|t:|1779668104
|switch|p2a: Samurott|Samurott-Hisui, F|64/100|[from] Parting Shot
|
|upkeep
|turn|52
|
|t:|1779668116
|move|p2a: Samurott|Ceaseless Edge|p1a: BIRD
|-damage|p1a: BIRD|5/100
|-damage|p2a: Samurott|47/100|[from] item: Rocky Helmet|[of] p1a: BIRD
|-sidestart|p1: vanllesco|Spikes
|move|p1a: BIRD|Roost|p1a: BIRD
|-heal|p1a: BIRD|55/100
|-singleturn|p1a: BIRD|move: Roost
|
|upkeep
|turn|53
|
|t:|1779668126
|move|p2a: Samurott|Encore|p1a: BIRD
|-start|p1a: BIRD|Encore
|move|p1a: BIRD|Roost|p1a: BIRD
|-heal|p1a: BIRD|100/100
|-singleturn|p1a: BIRD|move: Roost
|
|upkeep
|turn|54
|
|t:|1779668136
|switch|p1a: Doe Deer|Hatterene, F|94/100
|-damage|p1a: Doe Deer|81/100|[from] Spikes
|move|p2a: Samurott|Ceaseless Edge|p1a: Doe Deer
|-crit|p1a: Doe Deer
|-damage|p1a: Doe Deer|14/100
|-sidestart|p1: vanllesco|Spikes
|
|upkeep
|turn|55
|
|t:|1779668148
|move|p2a: Samurott|Ceaseless Edge|p1a: Doe Deer
|-damage|p1a: Doe Deer|0 fnt
|-sidestart|p1: vanllesco|Spikes
|faint|p1a: Doe Deer
|
|upkeep
|
|t:|1779668151
|switch|p1a: BIRD|Corviknight, M|100/100
|turn|56
|
|t:|1779668166
|move|p2a: Samurott|Knock Off|p1a: BIRD
|-damage|p1a: BIRD|70/100
|-damage|p2a: Samurott|31/100|[from] item: Rocky Helmet|[of] p1a: BIRD
|-enditem|p1a: BIRD|Rocky Helmet|[from] move: Knock Off|[of] p2a: Samurott
|move|p1a: BIRD|Brave Bird|p2a: Samurott
|-damage|p2a: Samurott|0 fnt
|faint|p2a: Samurott
|-damage|p1a: BIRD|61/100|[from] Recoil
|
|upkeep
|
|t:|1779668180
|switch|p2a: Skarmory|Skarmory, F|100/100
|turn|57
|
|t:|1779668183
|move|p2a: Skarmory|Stealth Rock|p1a: BIRD
|-sidestart|p1: vanllesco|move: Stealth Rock
|move|p1a: BIRD|Defog|p2a: Skarmory
|-unboost|p2a: Skarmory|evasion|1
|-sideend|p2: Uranium233|Spikes|[from] move: Defog|[of] p1a: BIRD
|-sideend|p2: Uranium233|Stealth Rock|[from] move: Defog|[of] p1a: BIRD
|-sideend|p1: vanllesco|Spikes|[from] move: Defog|[of] p1a: BIRD
|-sideend|p1: vanllesco|Stealth Rock|[from] move: Defog|[of] p1a: BIRD
|
|upkeep
|turn|58
|
|t:|1779668193
|move|p2a: Skarmory|Stealth Rock|p1a: BIRD
|-sidestart|p1: vanllesco|move: Stealth Rock
|move|p1a: BIRD|Roost|p1a: BIRD
|-heal|p1a: BIRD|100/100
|-singleturn|p1a: BIRD|move: Roost
|
|upkeep
|turn|59
|
|t:|1779668197
|move|p1a: BIRD|Defog|p2a: Skarmory
|-unboost|p2a: Skarmory|evasion|1
|-sideend|p1: vanllesco|Stealth Rock|[from] move: Defog|[of] p1a: BIRD
|move|p2a: Skarmory|Whirlwind|p1a: BIRD
|drag|p1a: Zachill|Garchomp, M|100/100
|
|upkeep
|turn|60
|
|t:|1779668210
|move|p1a: Zachill|Swords Dance|p1a: Zachill
|-boost|p1a: Zachill|atk|2
|move|p2a: Skarmory|Stealth Rock|p1a: Zachill
|-sidestart|p1: vanllesco|move: Stealth Rock
|
|upkeep
|turn|61
|
|t:|1779668214
|move|p1a: Zachill|Swords Dance|p1a: Zachill
|-boost|p1a: Zachill|atk|2
|move|p2a: Skarmory|Whirlwind|p1a: Zachill
|drag|p1a: BIRD|Corviknight, M|100/100
|-damage|p1a: BIRD|88/100|[from] Stealth Rock
|
|upkeep
|turn|62
|
|t:|1779668224
|move|p2a: Skarmory|Body Press|p1a: BIRD
|-damage|p1a: BIRD|67/100
|move|p1a: BIRD|Defog|p2a: Skarmory
|-unboost|p2a: Skarmory|evasion|1
|-sideend|p1: vanllesco|Stealth Rock|[from] move: Defog|[of] p1a: BIRD
|
|upkeep
|turn|63
|
|t:|1779668234
|move|p2a: Skarmory|Stealth Rock|p1a: BIRD
|-sidestart|p1: vanllesco|move: Stealth Rock
|move|p1a: BIRD|Roost|p1a: BIRD
|-heal|p1a: BIRD|100/100
|-singleturn|p1a: BIRD|move: Roost
|
|upkeep
|turn|64
|
|t:|1779668238
|move|p2a: Skarmory|Body Press|p1a: BIRD
|-damage|p1a: BIRD|79/100
|move|p1a: BIRD|Defog|p2a: Skarmory
|-unboost|p2a: Skarmory|evasion|1
|-sideend|p1: vanllesco|Stealth Rock|[from] move: Defog|[of] p1a: BIRD
|
|upkeep
|turn|65
|
|t:|1779668245
|move|p2a: Skarmory|Stealth Rock|p1a: BIRD
|-sidestart|p1: vanllesco|move: Stealth Rock
|move|p1a: BIRD|Brave Bird|p2a: Skarmory
|-resisted|p2a: Skarmory
|-damage|p2a: Skarmory|89/100
|-damage|p1a: BIRD|75/100|[from] Recoil
|
|upkeep
|turn|66
|c|☆vanllesco|Lame stall thats why no one likes this Game anymore
|
|t:|1779668275
|move|p2a: Skarmory|Body Press|p1a: BIRD
|-damage|p1a: BIRD|54/100
|move|p1a: BIRD|Defog|p2a: Skarmory
|-unboost|p2a: Skarmory|evasion|1
|-sideend|p1: vanllesco|Stealth Rock|[from] move: Defog|[of] p1a: BIRD
|
|upkeep
|turn|67
|c|☆Uranium233|this is balance lol
|
|t:|1779668282
|move|p2a: Skarmory|Stealth Rock|p1a: BIRD
|-sidestart|p1: vanllesco|move: Stealth Rock
|move|p1a: BIRD|U-turn|p2a: Skarmory
|-resisted|p2a: Skarmory
|-damage|p2a: Skarmory|87/100
|
|t:|1779668290
|switch|p1a: Morin|Umbreon, F, shiny|18/100 tox|[from] U-turn
|-damage|p1a: Morin|6/100 tox|[from] Stealth Rock
|
|-heal|p1a: Morin|12/100 tox|[from] item: Leftovers
|-damage|p1a: Morin|6/100 tox|[from] psn
|upkeep
|turn|68
|c|☆Uranium233|and if no one likes it then why are you playing it
|
|t:|1779668304
|move|p1a: Morin|Thunder Wave|p2a: Skarmory
|-status|p2a: Skarmory|par
|move|p2a: Skarmory|Whirlwind|p1a: Morin
|drag|p1a: Zachill|Garchomp, M|100/100
|-damage|p1a: Zachill|94/100|[from] Stealth Rock
|
|upkeep
|turn|69
|
|t:|1779668320
|switch|p1a: BIRD|Corviknight, M|54/100
|-damage|p1a: BIRD|41/100|[from] Stealth Rock
|move|p2a: Skarmory|Whirlwind|p1a: BIRD
|drag|p1a: Morin|Umbreon, F, shiny|6/100 tox
|-damage|p1a: Morin|0 fnt|[from] Stealth Rock
|faint|p1a: Morin
|
|upkeep
|
|t:|1779668322
|switch|p1a: BIRD|Corviknight, M|41/100
|-damage|p1a: BIRD|29/100|[from] Stealth Rock
|turn|70
|
|t:|1779668331
|move|p1a: BIRD|Roost|p1a: BIRD
|-heal|p1a: BIRD|79/100
|-singleturn|p1a: BIRD|move: Roost
|move|p2a: Skarmory|Body Press|p1a: BIRD
|-supereffective|p1a: BIRD
|-damage|p1a: BIRD|39/100
|
|upkeep
|turn|71
|c|☆vanllesco|I am doing boring homework while this
|inactive|vanllesco has 120 seconds left.
|c|☆Uranium233|whatever you say bro
|
|t:|1779668372
|move|p1a: BIRD|Defog|p2a: Skarmory
|-unboost|p2a: Skarmory|evasion|1
|-sideend|p1: vanllesco|Stealth Rock|[from] move: Defog|[of] p1a: BIRD
|move|p2a: Skarmory|Body Press|p1a: BIRD
|-damage|p1a: BIRD|17/100
|
|upkeep
|turn|72
|
|t:|1779668384
|move|p1a: BIRD|Roost|p1a: BIRD
|-heal|p1a: BIRD|67/100
|-singleturn|p1a: BIRD|move: Roost
|move|p2a: Skarmory|Stealth Rock|p1a: BIRD
|-sidestart|p1: vanllesco|move: Stealth Rock
|
|upkeep
|turn|73
|
|t:|1779668391
|move|p1a: BIRD|Defog|p2a: Skarmory
|-unboost|p2a: Skarmory|evasion|0
|-sideend|p1: vanllesco|Stealth Rock|[from] move: Defog|[of] p1a: BIRD
|move|p2a: Skarmory|Body Press|p1a: BIRD
|-damage|p1a: BIRD|47/100
|
|upkeep
|turn|74
|
|t:|1779668403
|move|p1a: BIRD|U-turn|p2a: Skarmory
|-resisted|p2a: Skarmory
|-damage|p2a: Skarmory|85/100 par
|
|t:|1779668406
|switch|p1a: MC Ride|Samurott-Hisui, M|100/100|[from] U-turn
|cant|p2a: Skarmory|par
|
|upkeep
|turn|75
|
|t:|1779668414
|-terastallize|p1a: MC Ride|Ground
|move|p1a: MC Ride|Razor Shell|p2a: Skarmory
|-damage|p2a: Skarmory|55/100 par
|-unboost|p2a: Skarmory|def|1
|move|p2a: Skarmory|Body Press|p1a: MC Ride
|-damage|p1a: MC Ride|73/100
|
|-heal|p1a: MC Ride|79/100|[from] item: Leftovers
|upkeep
|turn|76
|inactive|Uranium233 has 120 seconds left.
|
|t:|1779668445
|move|p1a: MC Ride|Razor Shell|p2a: Skarmory
|-damage|p2a: Skarmory|8/100 par
|cant|p2a: Skarmory|par
|
|-heal|p1a: MC Ride|86/100|[from] item: Leftovers
|upkeep
|turn|77
|inactive|Uranium233 has 120 seconds left.
|
|t:|1779668457
|switch|p2a: Pecharunt|Pecharunt|56/100
|move|p1a: MC Ride|Ceaseless Edge|p2a: Pecharunt
|-supereffective|p2a: Pecharunt
|-damage|p2a: Pecharunt|13/100
|-sidestart|p2: Uranium233|Spikes
|
|-heal|p1a: MC Ride|92/100|[from] item: Leftovers
|upkeep
|turn|78
|inactive|Uranium233 has 120 seconds left.
|
|t:|1779668477
|switch|p2a: Blissey|Blissey, F|93/100
|move|p1a: MC Ride|Ceaseless Edge|p2a: Blissey
|-damage|p2a: Blissey|49/100
|-sidestart|p2: Uranium233|Spikes
|
|-heal|p1a: MC Ride|98/100|[from] item: Leftovers
|upkeep
|turn|79
|inactive|Uranium233 has 120 seconds left.
|
|t:|1779668489
|move|p1a: MC Ride|Sacred Sword|p2a: Blissey
|-supereffective|p2a: Blissey
|-damage|p2a: Blissey|0 fnt
|faint|p2a: Blissey
|
|-heal|p1a: MC Ride|100/100|[from] item: Leftovers
|upkeep
|
|t:|1779668495
|switch|p2a: Gliscor|Gliscor, M|38/100 tox
|turn|80
|
|t:|1779668500
|move|p2a: Gliscor|Protect|p2a: Gliscor
|-singleturn|p2a: Gliscor|Protect
|move|p1a: MC Ride|Razor Shell|p2a: Gliscor
|-activate|p2a: Gliscor|move: Protect
|
|-heal|p2a: Gliscor|50/100 tox|[from] ability: Poison Heal
|upkeep
|turn|81
|inactive|Uranium233 has 120 seconds left.
|
|t:|1779668522
|-terastallize|p2a: Gliscor|Normal
|move|p1a: MC Ride|Razor Shell|p2a: Gliscor
|-damage|p2a: Gliscor|6/100 tox
|-unboost|p2a: Gliscor|def|1
|move|p2a: Gliscor|Swords Dance|p2a: Gliscor
|-boost|p2a: Gliscor|atk|2
|
|-heal|p2a: Gliscor|19/100 tox|[from] ability: Poison Heal
|upkeep
|turn|82
|inactive|Uranium233 has 120 seconds left.
|
|t:|1779668530
|move|p2a: Gliscor|Protect|p2a: Gliscor
|-singleturn|p2a: Gliscor|Protect
|move|p1a: MC Ride|Sacred Sword|p2a: Gliscor
|-activate|p2a: Gliscor|move: Protect
|
|-heal|p2a: Gliscor|31/100 tox|[from] ability: Poison Heal
|upkeep
|turn|83
|inactive|Uranium233 has 120 seconds left.
|
|t:|1779668546
|switch|p2a: Skarmory|Skarmory, F|8/100 par
|move|p1a: MC Ride|Sacred Sword|p2a: Skarmory
|-damage|p2a: Skarmory|0 fnt
|faint|p2a: Skarmory
|
|upkeep
|c|☆vanllesco|My tera woped the table
|
|t:|1779668553
|switch|p2a: Pecharunt|Pecharunt|13/100
|turn|84
|
|t:|1779668556
|move|p1a: MC Ride|Ceaseless Edge|p2a: Pecharunt
|-supereffective|p2a: Pecharunt
|-damage|p2a: Pecharunt|0 fnt
|-sidestart|p2: Uranium233|Spikes
|faint|p2a: Pecharunt
|
|upkeep
|
|t:|1779668559
|switch|p2a: Gliscor|Gliscor, M, tera:Normal|31/100 tox
|-damage|p2a: Gliscor|6/100 tox|[from] Spikes
|turn|85
|c|☆vanllesco|Hope You spam protect one last time bro
|inactive|vanllesco has 120 seconds left.
|
|t:|1779668605
|switch|p1a: Zachill|Garchomp, M|94/100
|move|p2a: Gliscor|Protect||[still]
|-fail|p2a: Gliscor
|
|-heal|p2a: Gliscor|19/100 tox|[from] ability: Poison Heal
|upkeep
|turn|86
|
|t:|1779668612
|move|p2a: Gliscor|Protect|p2a: Gliscor
|-singleturn|p2a: Gliscor|Protect
|move|p1a: Zachill|Swords Dance|p1a: Zachill
|-boost|p1a: Zachill|atk|2
|
|-heal|p2a: Gliscor|31/100 tox|[from] ability: Poison Heal
|upkeep
|turn|87
|
|t:|1779668620
|move|p1a: Zachill|Swords Dance|p1a: Zachill
|-boost|p1a: Zachill|atk|2
|move|p2a: Gliscor|Facade|p1a: Zachill
|-damage|p1a: Zachill|50/100
|-damage|p2a: Gliscor|19/100 tox|[from] ability: Rough Skin|[of] p1a: Zachill
|
|-heal|p2a: Gliscor|31/100 tox|[from] ability: Poison Heal
|upkeep
|turn|88
|inactive|vanllesco has 120 seconds left.
|
|t:|1779668630
|move|p1a: Zachill|Earthquake|p2a: Gliscor
|-damage|p2a: Gliscor|0 fnt
|faint|p2a: Gliscor
|
|win|vanllesco
|raw|vanllesco's rating: 1254 &rarr; <strong>1281</strong><br />(+27 for winning)
|raw|Uranium233's rating: 1286 &rarr; <strong>1259</strong><br />(-27 for losing)
|l|☆Uranium233
|player|p2|
