|j|☆91mht
|j|☆yEduUNITED
|t:|1779627938
|gametype|singles
|player|p1|91mht|rosa|1112
|player|p2|yEduUNITED|1|1080
|gen|9
|tier|[Gen 9] OU
|rated|
|rule|HP Percentage Mod: HP is shown in percentages
|rule|Endless Battle Clause: Forcing endless battles is banned
|rule|Species Clause: Limit one of each Pokémon
|rule|OHKO Clause: OHKO moves are banned
|rule|Evasion Items Clause: Evasion items are banned
|rule|Evasion Moves Clause: Evasion moves are banned
|rule|Evasion Abilities Clause: Evasion abilities are banned
|rule|Sleep Moves Clause: Sleep-inducing moves are banned
|clearpoke
|poke|p1|Darkrai|
|poke|p1|Riolu, M|
|poke|p1|Weezing-Galar, F|
|poke|p1|Alomomola, F|
|poke|p1|Latias, F|
|poke|p1|Ceruledge, M|
|poke|p2|Dragapult, M|
|poke|p2|Blissey, F|
|poke|p2|Kingambit, M|
|poke|p2|Amoonguss, M|
|poke|p2|Glimmora, F|
|poke|p2|Rotom-Wash|
|teampreview
|inactive|Battle timer is ON: inactive players will automatically lose when time's up. (requested by 91mht)
|
|t:|1779627960
|teamsize|p1|6
|teamsize|p2|6
|start
|switch|p1a: Weezing|Weezing-Galar, F|100/100
|switch|p2a: Dragapult|Dragapult, M|100/100
|-ability|p1a: Weezing|Neutralizing Gas
|turn|1
|
|t:|1779627976
|move|p2a: Dragapult|U-turn|p1a: Weezing
|-resisted|p1a: Weezing
|-damage|p1a: Weezing|98/100
|
|t:|1779627979
|switch|p2a: Kingambit|Kingambit, M|100/100|[from] U-turn
|move|p1a: Weezing|Will-O-Wisp|p2a: Kingambit
|-status|p2a: Kingambit|brn
|
|-heal|p1a: Weezing|100/100|[from] item: Black Sludge
|-damage|p2a: Kingambit|94/100 brn|[from] brn
|upkeep
|turn|2
|
|t:|1779628006
|-end|p1a: Weezing|ability: Neutralizing Gas
|switch|p1a: Darkrai|Darkrai|100/100
|move|p2a: Kingambit|Swords Dance|p2a: Kingambit
|-boost|p2a: Kingambit|atk|2
|
|-damage|p2a: Kingambit|88/100 brn|[from] brn
|upkeep
|turn|3
|
|t:|1779628021
|switch|p1a: Riolu|Riolu, M|100/100
|move|p2a: Kingambit|Sucker Punch||[still]
|-fail|p2a: Kingambit
|
|-damage|p2a: Kingambit|82/100 brn|[from] brn
|upkeep
|turn|4
|
|t:|1779628027
|move|p1a: Riolu|Reversal|p2a: Kingambit
|-supereffective|p2a: Kingambit
|-damage|p2a: Kingambit|63/100 brn
|move|p2a: Kingambit|Swords Dance|p2a: Kingambit
|-boost|p2a: Kingambit|atk|2
|
|-damage|p2a: Kingambit|57/100 brn|[from] brn
|upkeep
|turn|5
|
|t:|1779628042
|move|p1a: Riolu|Substitute|p1a: Riolu
|-start|p1a: Riolu|Substitute
|-damage|p1a: Riolu|76/100
|move|p2a: Kingambit|Iron Head|p1a: Riolu
|-end|p1a: Riolu|Substitute
|
|-damage|p2a: Kingambit|51/100 brn|[from] brn
|upkeep
|turn|6
|
|t:|1779628051
|move|p1a: Riolu|Substitute|p1a: Riolu
|-start|p1a: Riolu|Substitute
|-damage|p1a: Riolu|51/100
|move|p2a: Kingambit|Iron Head|p1a: Riolu
|-end|p1a: Riolu|Substitute
|
|-damage|p2a: Kingambit|45/100 brn|[from] brn
|upkeep
|turn|7
|
|t:|1779628057
|move|p1a: Riolu|Substitute|p1a: Riolu
|-start|p1a: Riolu|Substitute
|-damage|p1a: Riolu|26/100
|move|p2a: Kingambit|Iron Head|p1a: Riolu
|-end|p1a: Riolu|Substitute
|
|-damage|p2a: Kingambit|39/100 brn|[from] brn
|upkeep
|turn|8
|
|t:|1779628062
|move|p1a: Riolu|Reversal|p2a: Kingambit
|-supereffective|p2a: Kingambit
|-damage|p2a: Kingambit|0 fnt
|faint|p2a: Kingambit
|-end|p2a: Kingambit|fallenundefined|[silent]
|
|upkeep
|
|t:|1779628089
|switch|p2a: Amoonguss|Amoonguss, M|100/100
|turn|9
|
|t:|1779628097
|switch|p1a: Alomomola|Alomomola, F|100/100
|move|p2a: Amoonguss|Sludge Bomb|p1a: Alomomola
|-damage|p1a: Alomomola|67/100
|
|-heal|p1a: Alomomola|74/100|[from] item: Leftovers
|upkeep
|turn|10
|
|t:|1779628112
|move|p2a: Amoonguss|Giga Drain|p1a: Alomomola
|-supereffective|p1a: Alomomola
|-damage|p1a: Alomomola|18/100
|move|p1a: Alomomola|Mirror Coat|p2a: Amoonguss
|-damage|p2a: Amoonguss|0 fnt
|faint|p2a: Amoonguss
|
|-heal|p1a: Alomomola|24/100|[from] item: Leftovers
|upkeep
|l|☆yEduUNITED
|inactive|yEduUNITED disconnected and has a minute to reconnect!
|player|p2|
|inactive|yEduUNITED has 30 seconds to reconnect!
|inactive|yEduUNITED has 20 seconds to reconnect!
|inactive|yEduUNITED has 15 seconds to reconnect!
|inactive|yEduUNITED has 10 seconds to reconnect!
|inactive|yEduUNITED has 5 seconds to reconnect!
|-message|yEduUNITED lost due to inactivity.
|
|win|91mht
|raw|91mht's rating: 1112 &rarr; <strong>1135</strong><br />(+23 for winning)
|raw|yEduUNITED's rating: 1080 &rarr; <strong>1060</strong><br />(-20 for losing)
|l|☆91mht
|player|p1|
