|j|☆i_had_taco
|j|☆BloodyBill
|t:|1779575337
|gametype|singles
|player|p1|i_had_taco|ethan|1112
|player|p2|BloodyBill|ltsurge|1108
|gen|9
|tier|[Gen 9] OU
|rated|
|rule|HP Percentage Mod: HP is shown in percentages
|rule|Endless Battle Clause: Forcing endless battles is banned
|rule|Species Clause: Limit one of each Pokémon
|rule|OHKO Clause: OHKO moves are banned
|rule|Evasion Items Clause: Evasion items are banned
|rule|Evasion Moves Clause: Evasion moves are banned
|rule|Evasion Abilities Clause: Evasion abilities are banned
|rule|Sleep Moves Clause: Sleep-inducing moves are banned
|clearpoke
|poke|p1|Garganacl, F|
|poke|p1|Cinderace, M|
|poke|p1|Ogerpon-Wellspring, F|
|poke|p1|Iron Valiant|
|poke|p1|Dragonite, M|
|poke|p1|Kingambit, M|
|poke|p2|Excadrill, M|
|poke|p2|Golem, M|
|poke|p2|Sandslash, M|
|poke|p2|Tyranitar, M|
|poke|p2|Landorus-Therian, M|
|poke|p2|Hippowdon, M|
|teampreview
|inactive|Battle timer is ON: inactive players will automatically lose when time's up. (requested by BloodyBill)
|c|☆i_had_taco|i think i see the vision already
|c|☆i_had_taco|a sandstorm team?
|
|t:|1779575353
|teamsize|p1|6
|teamsize|p2|6
|start
|switch|p1a: Garganacl|Garganacl, F|100/100
|switch|p2a: Gritty|Hippowdon, M|100/100
|-weather|Sandstorm|[from] ability: Sand Stream|[of] p2a: Gritty
|turn|1
|
|t:|1779575360
|move|p2a: Gritty|Stealth Rock|p1a: Garganacl
|-sidestart|p1: i_had_taco|move: Stealth Rock
|move|p1a: Garganacl|Body Press|p2a: Gritty
|-damage|p2a: Gritty|89/100
|
|-weather|Sandstorm|[upkeep]
|upkeep
|turn|2
|
|t:|1779575367
|switch|p1a: Ogerpon|Ogerpon-Wellspring, F|100/100
|-damage|p1a: Ogerpon|88/100|[from] Stealth Rock
|move|p2a: Gritty|Mud Shot|p1a: Ogerpon
|-resisted|p1a: Ogerpon
|-damage|p1a: Ogerpon|81/100
|-unboost|p1a: Ogerpon|spe|1
|
|-weather|Sandstorm|[upkeep]
|-damage|p1a: Ogerpon|75/100|[from] Sandstorm
|upkeep
|turn|3
|
|t:|1779575371
|move|p1a: Ogerpon|Horn Leech|p2a: Gritty
|-supereffective|p2a: Gritty
|-damage|p2a: Gritty|40/100
|-heal|p1a: Ogerpon|100/100|[from] drain|[of] p2a: Gritty
|move|p2a: Gritty|Whirlwind|p1a: Ogerpon
|drag|p1a: Kingambit|Kingambit, M|100/100
|-damage|p1a: Kingambit|94/100|[from] Stealth Rock
|
|-weather|Sandstorm|[upkeep]
|upkeep
|turn|4
|
|t:|1779575377
|-end|p1a: Kingambit|fallenundefined|[silent]
|switch|p1a: Ogerpon|Ogerpon-Wellspring, F|100/100
|-damage|p1a: Ogerpon|88/100|[from] Stealth Rock
|move|p2a: Gritty|Slack Off|p2a: Gritty
|-heal|p2a: Gritty|90/100
|
|-weather|Sandstorm|[upkeep]
|-damage|p1a: Ogerpon|82/100|[from] Sandstorm
|upkeep
|turn|5
|
|t:|1779575383
|switch|p2a: Norris|Landorus-Therian, M|100/100
|-ability|p2a: Norris|Intimidate|boost
|-unboost|p1a: Ogerpon|atk|1
|move|p1a: Ogerpon|Ivy Cudgel|p2a: Norris|[anim] Ivy Cudgel Water
|-supereffective|p2a: Norris
|-damage|p2a: Norris|14/100
|
|-weather|Sandstorm|[upkeep]
|-damage|p1a: Ogerpon|76/100|[from] Sandstorm
|upkeep
|turn|6
|
|t:|1779575394
|switch|p2a: MVP|Golem, M|100/100
|move|p1a: Ogerpon|Ivy Cudgel|p2a: MVP|[anim] Ivy Cudgel Water
|-supereffective|p2a: MVP
|-ability|p2a: MVP|Sturdy
|-damage|p2a: MVP|1/100
|
|-weather|Sandstorm|[upkeep]
|-damage|p1a: Ogerpon|70/100|[from] Sandstorm
|upkeep
|turn|7
|-enditem|p2a: MVP|Custap Berry|[eat]
|-activate|p2a: MVP|item: Custap Berry|[consumed]
|
|t:|1779575397
|move|p2a: MVP|Explosion|p1a: Ogerpon
|-damage|p1a: Ogerpon|0 fnt
|faint|p2a: MVP
|faint|p1a: Ogerpon
|
|-weather|Sandstorm|[upkeep]
|upkeep
|
|t:|1779575408
|switch|p1a: Garganacl|Garganacl, F|100/100
|switch|p2a: Sonic|Sandslash, M|100/100
|-damage|p1a: Garganacl|88/100|[from] Stealth Rock
|turn|8
|
|t:|1779575414
|move|p2a: Sonic|Earthquake|p1a: Garganacl
|-supereffective|p1a: Garganacl
|-damage|p1a: Garganacl|28/100
|move|p1a: Garganacl|Heavy Slam|p2a: Sonic
|-damage|p2a: Sonic|60/100
|
|-weather|none
|-heal|p1a: Garganacl|34/100|[from] item: Leftovers
|upkeep
|turn|9
|
|t:|1779575427
|move|p2a: Sonic|Earthquake|p1a: Garganacl
|-supereffective|p1a: Garganacl
|-damage|p1a: Garganacl|0 fnt
|faint|p1a: Garganacl
|
|upkeep
|
|t:|1779575431
|switch|p1a: Cinderace|Cinderace, M, shiny|100/100
|turn|10
|
|t:|1779575438
|move|p1a: Cinderace|Trailblaze|p2a: Sonic
|-start|p1a: Cinderace|typechange|Grass|[from] ability: Libero
|-supereffective|p2a: Sonic
|-damage|p2a: Sonic|8/100
|-boost|p1a: Cinderace|spe|1
|move|p2a: Sonic|Rapid Spin|p1a: Cinderace
|-damage|p1a: Cinderace|79/100
|-boost|p2a: Sonic|spe|1
|
|upkeep
|turn|11
|
|t:|1779575444
|switch|p2a: Norris|Landorus-Therian, M|14/100
|-ability|p2a: Norris|Intimidate|boost
|-unboost|p1a: Cinderace|atk|1
|move|p1a: Cinderace|Trailblaze|p2a: Norris
|-damage|p2a: Norris|0 fnt
|-boost|p1a: Cinderace|spe|1
|faint|p2a: Norris
|
|upkeep
|
|t:|1779575447
|switch|p2a: Reptar|Tyranitar, M|100/100
|-weather|Sandstorm|[from] ability: Sand Stream|[of] p2a: Reptar
|turn|12
|
|t:|1779575452
|move|p1a: Cinderace|Iron Head|p2a: Reptar
|-supereffective|p2a: Reptar
|-damage|p2a: Reptar|71/100
|move|p2a: Reptar|Fire Punch|p1a: Cinderace
|-supereffective|p1a: Cinderace
|-damage|p1a: Cinderace|0 fnt
|faint|p1a: Cinderace
|
|-weather|Sandstorm|[upkeep]
|upkeep
|
|t:|1779575459
|switch|p1a: Dragonite|Dragonite, M, shiny|100/100
|-damage|p1a: Dragonite|76/100|[from] Stealth Rock
|turn|13
|
|t:|1779575465
|move|p2a: Reptar|Dragon Dance|p2a: Reptar
|-boost|p2a: Reptar|atk|1
|-boost|p2a: Reptar|spe|1
|move|p1a: Dragonite|Low Kick|p2a: Reptar
|-supereffective|p2a: Reptar
|-damage|p2a: Reptar|0 fnt
|faint|p2a: Reptar
|
|-weather|Sandstorm|[upkeep]
|-damage|p1a: Dragonite|69/100|[from] Sandstorm
|upkeep
|
|t:|1779575469
|switch|p2a: Ouch!|Excadrill, M|100/100
|turn|14
|
|t:|1779575474
|move|p2a: Ouch!|Rock Slide|p1a: Dragonite
|-supereffective|p1a: Dragonite
|-damage|p1a: Dragonite|18/100
|move|p1a: Dragonite|Earthquake|p2a: Ouch!
|-supereffective|p2a: Ouch!
|-enditem|p2a: Ouch!|Focus Sash
|-damage|p2a: Ouch!|1/100
|
|-weather|Sandstorm|[upkeep]
|-damage|p1a: Dragonite|12/100|[from] Sandstorm
|upkeep
|turn|15
|
|t:|1779575483
|switch|p1a: Iron Valiant|Iron Valiant|100/100
|-damage|p1a: Iron Valiant|94/100|[from] Stealth Rock
|-enditem|p1a: Iron Valiant|Booster Energy
|-activate|p1a: Iron Valiant|ability: Quark Drive|[fromitem]
|-start|p1a: Iron Valiant|quarkdrivespe
|move|p2a: Ouch!|Rapid Spin|p1a: Iron Valiant
|-damage|p1a: Iron Valiant|69/100
|-boost|p2a: Ouch!|spe|1
|
|-weather|Sandstorm|[upkeep]
|-damage|p1a: Iron Valiant|62/100|[from] Sandstorm
|upkeep
|turn|16
|
|t:|1779575490
|move|p2a: Ouch!|Iron Head|p1a: Iron Valiant
|-supereffective|p1a: Iron Valiant
|-damage|p1a: Iron Valiant|0 fnt
|faint|p1a: Iron Valiant
|-end|p1a: Iron Valiant|Quark Drive|[silent]
|
|-weather|none
|upkeep
|
|t:|1779575493
|switch|p1a: Dragonite|Dragonite, M, shiny|12/100
|-damage|p1a: Dragonite|0 fnt|[from] Stealth Rock
|faint|p1a: Dragonite
|
|t:|1779575494
|switch|p1a: Kingambit|Kingambit, M|94/100
|-damage|p1a: Kingambit|88/100|[from] Stealth Rock
|-activate|p1a: Kingambit|ability: Supreme Overlord
|-start|p1a: Kingambit|fallen5|[silent]
|turn|17
|
|t:|1779575501
|move|p2a: Ouch!|Earthquake|p1a: Kingambit
|-supereffective|p1a: Kingambit
|-damage|p1a: Kingambit|6/100
|move|p1a: Kingambit|Iron Defense|p1a: Kingambit
|-boost|p1a: Kingambit|def|2
|
|upkeep
|turn|18
|
|t:|1779575513
|-terastallize|p1a: Kingambit|Bug
|move|p2a: Ouch!|Earthquake|p1a: Kingambit
|-resisted|p1a: Kingambit
|-damage|p1a: Kingambit|0 fnt
|faint|p1a: Kingambit
|-end|p1a: Kingambit|fallen5|[silent]
|
|win|BloodyBill
|raw|i_had_taco's rating: 1112 &rarr; <strong>1087</strong><br />(-25 for losing)
|raw|BloodyBill's rating: 1108 &rarr; <strong>1133</strong><br />(+25 for winning)
|l|☆BloodyBill
|player|p2|
|c|☆i_had_taco|gg
|l|☆i_had_taco
|player|p1|
