|j|☆fregene97
|j|☆Mini uk
|t:|1779654302
|gametype|singles
|player|p1|fregene97|hiker-gen4|1402
|player|p2|Mini uk|steven|1426
|gen|9
|tier|[Gen 9] OU
|rated|
|rule|HP Percentage Mod: HP is shown in percentages
|rule|Endless Battle Clause: Forcing endless battles is banned
|rule|Species Clause: Limit one of each Pokémon
|rule|OHKO Clause: OHKO moves are banned
|rule|Evasion Items Clause: Evasion items are banned
|rule|Evasion Moves Clause: Evasion moves are banned
|rule|Evasion Abilities Clause: Evasion abilities are banned
|rule|Sleep Moves Clause: Sleep-inducing moves are banned
|clearpoke
|poke|p1|Kingambit, M|
|poke|p1|Iron Valiant|
|poke|p1|Gholdengo|
|poke|p1|Araquanid, F|
|poke|p1|Great Tusk|
|poke|p1|Porygon-Z|
|poke|p2|Hatterene, F|
|poke|p2|Maushold|
|poke|p2|Ceruledge, F|
|poke|p2|Ogerpon-Cornerstone, F|
|poke|p2|Dragonite, F|
|poke|p2|Mamoswine, F|
|teampreview
|inactive|Battle timer is ON: inactive players will automatically lose when time's up. (requested by Mini uk)
|
|t:|1779654342
|teamsize|p1|6
|teamsize|p2|6
|start
|switch|p1a: Gholdengo|Gholdengo|100/100
|switch|p2a: Mamoswine|Mamoswine, F|100/100
|-item|p1a: Gholdengo|Air Balloon
|turn|1
|
|t:|1779654352
|-terastallize|p1a: Gholdengo|Fairy
|move|p2a: Mamoswine|Ice Shard|p1a: Gholdengo
|-damage|p1a: Gholdengo|84/100
|-enditem|p1a: Gholdengo|Air Balloon
|move|p1a: Gholdengo|Make It Rain|p2a: Mamoswine
|-supereffective|p2a: Mamoswine
|-enditem|p2a: Mamoswine|Focus Sash
|-damage|p2a: Mamoswine|1/100
|-unboost|p1a: Gholdengo|spa|1
|
|upkeep
|turn|2
|
|t:|1779654369
|switch|p2a: Ceruledge|Ceruledge, F|100/100
|move|p1a: Gholdengo|Shadow Ball|p2a: Ceruledge
|-supereffective|p2a: Ceruledge
|-damage|p2a: Ceruledge|43/100
|
|upkeep
|turn|3
|
|t:|1779654389
|switch|p2a: Maushold|Maushold|100/100
|move|p1a: Gholdengo|Shadow Ball|p2a: Maushold
|-immune|p2a: Maushold
|
|upkeep
|turn|4
|
|t:|1779654413
|move|p2a: Maushold|Population Bomb|p1a: Gholdengo
|-damage|p1a: Gholdengo|76/100
|-damage|p1a: Gholdengo|68/100
|-damage|p1a: Gholdengo|60/100
|-damage|p1a: Gholdengo|53/100
|-damage|p1a: Gholdengo|46/100
|-damage|p1a: Gholdengo|38/100
|-damage|p1a: Gholdengo|30/100
|-damage|p1a: Gholdengo|22/100
|-damage|p1a: Gholdengo|14/100
|-damage|p1a: Gholdengo|6/100
|-hitcount|p1a: Gholdengo|10
|move|p1a: Gholdengo|Make It Rain|p2a: Maushold
|-damage|p2a: Maushold|44/100
|-unboost|p1a: Gholdengo|spa|1
|
|upkeep
|turn|5
|
|t:|1779654432
|move|p2a: Maushold|Population Bomb|p1a: Gholdengo
|-damage|p1a: Gholdengo|0 fnt
|faint|p1a: Gholdengo
|-hitcount|p1: Gholdengo|1
|
|upkeep
|
|t:|1779654445
|switch|p1a: Iron Valiant|Iron Valiant|100/100
|-enditem|p1a: Iron Valiant|Booster Energy
|-activate|p1a: Iron Valiant|ability: Quark Drive|[fromitem]
|-start|p1a: Iron Valiant|quarkdrivespe
|turn|6
|
|t:|1779654458
|move|p1a: Iron Valiant|Moonblast|p2a: Maushold
|-damage|p2a: Maushold|0 fnt
|faint|p2a: Maushold
|
|upkeep
|
|t:|1779654467
|switch|p2a: Hatterene|Hatterene, F|100/100
|turn|7
|
|t:|1779654480
|move|p1a: Iron Valiant|Knock Off|p2a: Hatterene
|-damage|p2a: Hatterene|77/100
|-damage|p1a: Iron Valiant|84/100|[from] item: Rocky Helmet|[of] p2a: Hatterene
|-enditem|p2a: Hatterene|Rocky Helmet|[from] move: Knock Off|[of] p1a: Iron Valiant
|move|p2a: Hatterene|Draining Kiss|p1a: Iron Valiant
|-supereffective|p1a: Iron Valiant
|-damage|p1a: Iron Valiant|0 fnt
|-heal|p2a: Hatterene|100/100|[from] drain|[of] p1a: Iron Valiant
|faint|p1a: Iron Valiant
|-end|p1a: Iron Valiant|Quark Drive|[silent]
|
|upkeep
|
|t:|1779654483
|switch|p1a: Kingambit|Kingambit, M|100/100
|-activate|p1a: Kingambit|ability: Supreme Overlord
|-start|p1a: Kingambit|fallen2|[silent]
|turn|8
|
|t:|1779654500
|switch|p2a: Mamoswine|Mamoswine, F|1/100
|move|p1a: Kingambit|Iron Head|p2a: Mamoswine
|-supereffective|p2a: Mamoswine
|-damage|p2a: Mamoswine|0 fnt
|faint|p2a: Mamoswine
|
|upkeep
|inactive|Mini uk has 120 seconds left.
|
|t:|1779654521
|switch|p2a: Ceruledge|Ceruledge, F|43/100
|turn|9
|inactive|fregene97 has 120 seconds left.
|
|t:|1779654555
|move|p2a: Ceruledge|Swords Dance|p2a: Ceruledge
|-boost|p2a: Ceruledge|atk|2
|move|p1a: Kingambit|Kowtow Cleave|p2a: Ceruledge
|-supereffective|p2a: Ceruledge
|-damage|p2a: Ceruledge|0 fnt
|faint|p2a: Ceruledge
|
|upkeep
|
|t:|1779654564
|switch|p2a: Dragonite|Dragonite, F|100/100
|turn|10
|
|t:|1779654569
|-end|p1a: Kingambit|fallen2|[silent]
|switch|p1a: Porygon-Z|Porygon-Z|100/100
|-ability|p1a: Porygon-Z|Download|boost
|-boost|p1a: Porygon-Z|atk|1
|move|p2a: Dragonite|Earthquake|p1a: Porygon-Z
|-damage|p1a: Porygon-Z|41/100
|
|upkeep
|turn|11
|
|t:|1779654582
|move|p1a: Porygon-Z|Ice Beam|p2a: Dragonite
|-supereffective|p2a: Dragonite
|-damage|p2a: Dragonite|8/100
|move|p2a: Dragonite|Dragon Dance|p2a: Dragonite
|-boost|p2a: Dragonite|atk|1
|-boost|p2a: Dragonite|spe|1
|
|upkeep
|turn|12
|
|t:|1779654588
|switch|p1a: Araquanid|Araquanid, F, shiny|100/100
|move|p2a: Dragonite|Extreme Speed|p1a: Araquanid
|-damage|p1a: Araquanid|48/100
|
|upkeep
|turn|13
|
|t:|1779654600
|move|p2a: Dragonite|Extreme Speed|p1a: Araquanid
|-damage|p1a: Araquanid|0 fnt
|faint|p1a: Araquanid
|
|upkeep
|
|t:|1779654606
|switch|p1a: Great Tusk|Great Tusk|100/100
|-enditem|p1a: Great Tusk|Booster Energy
|-activate|p1a: Great Tusk|ability: Protosynthesis|[fromitem]
|-start|p1a: Great Tusk|protosynthesisatk
|turn|14
|
|t:|1779654610
|move|p2a: Dragonite|Aerial Ace|p1a: Great Tusk
|-supereffective|p1a: Great Tusk
|-damage|p1a: Great Tusk|5/100
|move|p1a: Great Tusk|Rapid Spin|p2a: Dragonite
|-crit|p2a: Dragonite
|-damage|p2a: Dragonite|0 fnt
|-boost|p1a: Great Tusk|spe|1
|faint|p2a: Dragonite
|
|upkeep
|
|t:|1779654617
|switch|p2a: Hatterene|Hatterene, F|100/100
|turn|15
|
|t:|1779654624
|-terastallize|p2a: Hatterene|Flying
|move|p1a: Great Tusk|Headlong Rush|p2a: Hatterene
|-immune|p2a: Hatterene
|move|p2a: Hatterene|Draining Kiss|p1a: Great Tusk
|-supereffective|p1a: Great Tusk
|-damage|p1a: Great Tusk|0 fnt
|faint|p1a: Great Tusk
|-end|p1a: Great Tusk|Protosynthesis|[silent]
|
|upkeep
|
|t:|1779654627
|switch|p1a: Porygon-Z|Porygon-Z|41/100
|-ability|p1a: Porygon-Z|Download|boost
|-boost|p1a: Porygon-Z|spa|1
|turn|16
|
|t:|1779654630
|move|p1a: Porygon-Z|Ice Beam|p2a: Hatterene
|-supereffective|p2a: Hatterene
|-damage|p2a: Hatterene|0 fnt
|faint|p2a: Hatterene
|
|upkeep
|
|t:|1779654632
|switch|p2a: Ogerpon|Ogerpon-Cornerstone, F|100/100
|turn|17
|
|t:|1779654635
|move|p2a: Ogerpon|Ivy Cudgel|p1a: Porygon-Z|[anim] Ivy Cudgel Rock
|-damage|p1a: Porygon-Z|0 fnt
|faint|p1a: Porygon-Z
|
|upkeep
|
|t:|1779654637
|switch|p1a: Kingambit|Kingambit, M|100/100
|-activate|p1a: Kingambit|ability: Supreme Overlord
|-start|p1a: Kingambit|fallen5|[silent]
|turn|18
|
|t:|1779654642
|move|p2a: Ogerpon|Superpower|p1a: Kingambit
|-supereffective|p1a: Kingambit
|-damage|p1a: Kingambit|0 fnt
|-unboost|p2a: Ogerpon|atk|1
|-unboost|p2a: Ogerpon|def|1
|faint|p1a: Kingambit
|-end|p1a: Kingambit|fallen5|[silent]
|
|win|Mini uk
|raw|fregene97's rating: 1421 &rarr; <strong>1401</strong><br />(-20 for losing)
|raw|Mini uk's rating: 1426 &rarr; <strong>1446</strong><br />(+20 for winning)
|l|☆fregene97
|player|p1|
|l|☆Mini uk
|player|p2|
