|j|☆TWENNY7
|j|☆rasb
|t:|1779678028
|gametype|singles
|player|p1|TWENNY7|hau-stance|1432
|player|p2|rasb|101|1366
|gen|9
|tier|[Gen 9] OU
|rated|
|rule|HP Percentage Mod: HP is shown in percentages
|rule|Endless Battle Clause: Forcing endless battles is banned
|rule|Species Clause: Limit one of each Pokémon
|rule|OHKO Clause: OHKO moves are banned
|rule|Evasion Items Clause: Evasion items are banned
|rule|Evasion Moves Clause: Evasion moves are banned
|rule|Evasion Abilities Clause: Evasion abilities are banned
|rule|Sleep Moves Clause: Sleep-inducing moves are banned
|clearpoke
|poke|p1|Iron Valiant|
|poke|p1|Tyranitar, F|
|poke|p1|Zapdos|
|poke|p1|Darkrai|
|poke|p1|Okidogi, M|
|poke|p1|Iron Boulder|
|poke|p2|Ceruledge, F|
|poke|p2|Raging Bolt|
|poke|p2|Ogerpon-Wellspring, F|
|poke|p2|Darkrai|
|poke|p2|Great Tusk|
|poke|p2|Gholdengo|
|teampreview
|inactive|Battle timer is ON: inactive players will automatically lose when time's up. (requested by rasb)
|
|t:|1779678045
|teamsize|p1|6
|teamsize|p2|6
|start
|switch|p1a: CODE:red|Tyranitar, F, shiny|100/100
|switch|p2a: Great Tusk|Great Tusk|100/100
|-weather|Sandstorm|[from] ability: Sand Stream|[of] p1a: CODE:red
|turn|1
|
|t:|1779678057
|-terastallize|p1a: CODE:red|Ghost
|move|p2a: Great Tusk|Stealth Rock|p1a: CODE:red
|-sidestart|p1: TWENNY7|move: Stealth Rock
|move|p1a: CODE:red|Stealth Rock|p2a: Great Tusk
|-sidestart|p2: rasb|move: Stealth Rock
|
|-weather|Sandstorm|[upkeep]
|-damage|p1a: CODE:red|94/100|[from] Sandstorm
|upkeep
|turn|2
|
|t:|1779678078
|move|p2a: Great Tusk|Headlong Rush|p1a: CODE:red
|-damage|p1a: CODE:red|50/100
|-unboost|p2a: Great Tusk|def|1
|-unboost|p2a: Great Tusk|spd|1
|-enditem|p1a: CODE:red|Red Card|[of] p2a: Great Tusk
|-end|p2a: Great Tusk|Protosynthesis|[silent]
|drag|p2a: Gholdengo|Gholdengo|100/100
|-damage|p2a: Gholdengo|94/100|[from] Stealth Rock
|-item|p2a: Gholdengo|Air Balloon
|move|p1a: CODE:red|Knock Off|p2a: Gholdengo
|-supereffective|p2a: Gholdengo
|-damage|p2a: Gholdengo|5/100
|-enditem|p2a: Gholdengo|Air Balloon
|
|-weather|Sandstorm|[upkeep]
|-damage|p1a: CODE:red|44/100|[from] Sandstorm
|upkeep
|turn|3
|
|t:|1779678088
|switch|p1a: Zzz|Darkrai|100/100
|-damage|p1a: Zzz|88/100|[from] Stealth Rock
|move|p2a: Gholdengo|Shadow Ball|p1a: Zzz
|-resisted|p1a: Zzz
|-damage|p1a: Zzz|55/100
|
|-weather|Sandstorm|[upkeep]
|-damage|p1a: Zzz|49/100|[from] Sandstorm
|upkeep
|turn|4
|
|t:|1779678107
|switch|p2a: Darkrai|Darkrai|100/100
|-damage|p2a: Darkrai|88/100|[from] Stealth Rock
|move|p1a: Zzz|Dark Pulse|p2a: Darkrai
|-resisted|p2a: Darkrai
|-damage|p2a: Darkrai|57/100
|
|-weather|Sandstorm|[upkeep]
|-damage|p2a: Darkrai|51/100|[from] Sandstorm
|-damage|p1a: Zzz|42/100|[from] Sandstorm
|upkeep
|turn|5
|
|t:|1779678118
|move|p2a: Darkrai|Ice Beam|p1a: Zzz
|-damage|p1a: Zzz|2/100
|move|p1a: Zzz|Dark Pulse|p2a: Darkrai
|-resisted|p2a: Darkrai
|-damage|p2a: Darkrai|20/100
|
|-weather|none
|upkeep
|turn|6
|
|t:|1779678121
|move|p2a: Darkrai|Ice Beam|p1a: Zzz
|-damage|p1a: Zzz|0 fnt
|faint|p1a: Zzz
|
|upkeep
|c|☆TWENNY7|2 speed ties wth
|c|☆rasb|you sure
|
|t:|1779678151
|switch|p1a: CASPER|Okidogi, M|100/100
|-damage|p1a: CASPER|94/100|[from] Stealth Rock
|turn|7
|
|t:|1779678163
|switch|p2a: Great Tusk|Great Tusk|100/100
|-damage|p2a: Great Tusk|98/100|[from] Stealth Rock
|move|p1a: CASPER|Bulk Up|p1a: CASPER
|-boost|p1a: CASPER|atk|1
|-boost|p1a: CASPER|def|1
|
|-heal|p1a: CASPER|100/100|[from] item: Leftovers
|upkeep
|turn|8
|c|☆TWENNY7|Yea
|
|t:|1779678179
|switch|p1a: SHOXY|Zapdos|100/100
|-damage|p1a: SHOXY|76/100|[from] Stealth Rock
|move|p2a: Great Tusk|Rapid Spin|p1a: SHOXY
|-damage|p1a: SHOXY|56/100
|-boost|p2a: Great Tusk|spe|1
|-status|p2a: Great Tusk|par|[from] ability: Static|[of] p1a: SHOXY
|-sideend|p2: rasb|Stealth Rock|[from] move: Rapid Spin|[of] p2a: Great Tusk
|
|upkeep
|turn|9
|
|t:|1779678187
|-end|p2a: Great Tusk|Protosynthesis|[silent]
|switch|p2a: Raging Bolt|Raging Bolt|100/100
|move|p1a: SHOXY|Hurricane|p2a: Raging Bolt
|-resisted|p2a: Raging Bolt
|-damage|p2a: Raging Bolt|61/100
|
|-heal|p2a: Raging Bolt|67/100|[from] item: Leftovers
|upkeep
|turn|10
|
|t:|1779678191
|switch|p1a: CODE:red|Tyranitar, F, shiny, tera:Ghost|44/100
|-damage|p1a: CODE:red|32/100|[from] Stealth Rock
|-weather|Sandstorm|[from] ability: Sand Stream|[of] p1a: CODE:red
|move|p2a: Raging Bolt|Calm Mind|p2a: Raging Bolt
|-boost|p2a: Raging Bolt|spa|1
|-boost|p2a: Raging Bolt|spd|1
|
|-weather|Sandstorm|[upkeep]
|-damage|p2a: Raging Bolt|61/100|[from] Sandstorm
|-damage|p1a: CODE:red|26/100|[from] Sandstorm
|-heal|p2a: Raging Bolt|67/100|[from] item: Leftovers
|upkeep
|turn|11
|
|t:|1779678196
|move|p2a: Raging Bolt|Thunderclap||[still]
|-fail|p2a: Raging Bolt
|move|p1a: CODE:red|Stealth Rock|p2a: Raging Bolt
|-sidestart|p2: rasb|move: Stealth Rock
|
|-weather|Sandstorm|[upkeep]
|-damage|p2a: Raging Bolt|61/100|[from] Sandstorm
|-damage|p1a: CODE:red|20/100|[from] Sandstorm
|-heal|p2a: Raging Bolt|67/100|[from] item: Leftovers
|upkeep
|turn|12
|
|t:|1779678202
|move|p2a: Raging Bolt|Thunderclap||[still]
|-fail|p2a: Raging Bolt
|move|p1a: CODE:red|Roar|p2a: Raging Bolt
|-end|p2a: Raging Bolt|Protosynthesis|[silent]
|drag|p2a: Ceruledge|Ceruledge, F|100/100
|
|-weather|Sandstorm|[upkeep]
|-damage|p2a: Ceruledge|94/100|[from] Sandstorm
|-damage|p1a: CODE:red|13/100|[from] Sandstorm
|upkeep
|turn|13
|
|t:|1779678207
|switch|p1a: SHOXY|Zapdos|56/100
|-damage|p1a: SHOXY|31/100|[from] Stealth Rock
|move|p2a: Ceruledge|Bitter Blade|p1a: SHOXY
|-damage|p1a: SHOXY|0 fnt
|-heal|p2a: Ceruledge|100/100|[from] drain|[of] p1a: SHOXY
|-status|p2a: Ceruledge|par|[from] ability: Static|[of] p1a: SHOXY
|faint|p1a: SHOXY
|
|-weather|Sandstorm|[upkeep]
|-damage|p2a: Ceruledge|94/100 par|[from] Sandstorm
|upkeep
|
|t:|1779678211
|switch|p1a: CASPER|Okidogi, M|100/100
|-damage|p1a: CASPER|94/100|[from] Stealth Rock
|turn|14
|
|t:|1779678223
|move|p1a: CASPER|Bulk Up|p1a: CASPER
|-boost|p1a: CASPER|atk|1
|-boost|p1a: CASPER|def|1
|move|p2a: Ceruledge|Swords Dance|p2a: Ceruledge
|-boost|p2a: Ceruledge|atk|2
|
|-weather|none
|-heal|p1a: CASPER|100/100|[from] item: Leftovers
|upkeep
|turn|15
|
|t:|1779678243
|move|p2a: Ceruledge|Endure|p2a: Ceruledge
|-singleturn|p2a: Ceruledge|move: Endure
|move|p1a: CASPER|Knock Off|p2a: Ceruledge
|-supereffective|p2a: Ceruledge
|-activate|p2a: Ceruledge|move: Endure
|-damage|p2a: Ceruledge|1/100 par
|-ability|p2a: Ceruledge|Weak Armor|boost
|-unboost|p2a: Ceruledge|def|1
|-boost|p2a: Ceruledge|spe|2
|-enditem|p2a: Ceruledge|Heavy-Duty Boots|[from] move: Knock Off|[of] p1a: CASPER
|
|upkeep
|turn|16
|
|t:|1779678251
|switch|p1a: CODE:red|Tyranitar, F, shiny, tera:Ghost|13/100
|-damage|p1a: CODE:red|1/100|[from] Stealth Rock
|-weather|Sandstorm|[from] ability: Sand Stream|[of] p1a: CODE:red
|move|p2a: Ceruledge|Poltergeist||[still]
|-fail|p2a: Ceruledge
|
|-weather|Sandstorm|[upkeep]
|-damage|p2a: Ceruledge|0 fnt|[from] Sandstorm
|-damage|p1a: CODE:red|0 fnt|[from] Sandstorm
|faint|p2a: Ceruledge
|faint|p1a: CODE:red
|upkeep
|
|t:|1779678271
|switch|p2a: Raging Bolt|Raging Bolt|67/100
|switch|p1a: RUNE 2H|Iron Valiant|100/100
|-damage|p1a: RUNE 2H|94/100|[from] Stealth Rock
|-damage|p2a: Raging Bolt|55/100|[from] Stealth Rock
|turn|17
|
|t:|1779678277
|-terastallize|p2a: Raging Bolt|Fairy
|move|p1a: RUNE 2H|Moonblast|p2a: Raging Bolt
|-damage|p2a: Raging Bolt|0 fnt
|faint|p2a: Raging Bolt
|-end|p2a: Raging Bolt|Protosynthesis|[silent]
|
|-weather|Sandstorm|[upkeep]
|-damage|p1a: RUNE 2H|88/100|[from] Sandstorm
|upkeep
|
|t:|1779678283
|switch|p2a: Ogerpon|Ogerpon-Wellspring, F|100/100
|-damage|p2a: Ogerpon|88/100|[from] Stealth Rock
|turn|18
|
|t:|1779678285
|move|p1a: RUNE 2H|Moonblast|p2a: Ogerpon
|-damage|p2a: Ogerpon|1/100
|move|p2a: Ogerpon|Ivy Cudgel|p1a: RUNE 2H|[anim] Ivy Cudgel Water
|-damage|p1a: RUNE 2H|8/100
|
|-weather|Sandstorm|[upkeep]
|-damage|p1a: RUNE 2H|2/100|[from] Sandstorm
|-damage|p2a: Ogerpon|0 fnt|[from] Sandstorm
|faint|p2a: Ogerpon
|upkeep
|
|t:|1779678294
|switch|p2a: Darkrai|Darkrai|20/100
|-damage|p2a: Darkrai|8/100|[from] Stealth Rock
|turn|19
|
|t:|1779678301
|move|p2a: Darkrai|Dark Pulse|p1a: RUNE 2H
|-resisted|p1a: RUNE 2H
|-damage|p1a: RUNE 2H|0 fnt
|faint|p1a: RUNE 2H
|-end|p1a: RUNE 2H|Quark Drive|[silent]
|
|-weather|Sandstorm|[upkeep]
|-damage|p2a: Darkrai|2/100|[from] Sandstorm
|upkeep
|
|t:|1779678311
|switch|p1a: CASPER|Okidogi, M|100/100
|-damage|p1a: CASPER|94/100|[from] Stealth Rock
|turn|20
|
|t:|1779678321
|switch|p2a: Great Tusk|Great Tusk|98/100 par
|-damage|p2a: Great Tusk|95/100 par|[from] Stealth Rock
|move|p1a: CASPER|Knock Off|p2a: Great Tusk
|-resisted|p2a: Great Tusk
|-damage|p2a: Great Tusk|87/100 par
|-damage|p1a: CASPER|78/100|[from] item: Rocky Helmet|[of] p2a: Great Tusk
|-enditem|p2a: Great Tusk|Rocky Helmet|[from] move: Knock Off|[of] p1a: CASPER
|
|-weather|none
|-heal|p1a: CASPER|84/100|[from] item: Leftovers
|upkeep
|turn|21
|
|t:|1779678327
|switch|p1a: JUSTICIAR|Iron Boulder|100/100
|-damage|p1a: JUSTICIAR|88/100|[from] Stealth Rock
|-enditem|p1a: JUSTICIAR|Booster Energy
|-activate|p1a: JUSTICIAR|ability: Quark Drive|[fromitem]
|-start|p1a: JUSTICIAR|quarkdrivespe
|move|p2a: Great Tusk|Rapid Spin|p1a: JUSTICIAR
|-resisted|p1a: JUSTICIAR
|-damage|p1a: JUSTICIAR|77/100
|-boost|p2a: Great Tusk|spe|1
|-sideend|p2: rasb|Stealth Rock|[from] move: Rapid Spin|[of] p2a: Great Tusk
|
|upkeep
|turn|22
|
|t:|1779678334
|move|p1a: JUSTICIAR|Psycho Cut|p2a: Great Tusk
|-supereffective|p2a: Great Tusk
|-damage|p2a: Great Tusk|52/100 par
|move|p2a: Great Tusk|Stealth Rock||[still]
|-fail|p2a: Great Tusk
|
|upkeep
|turn|23
|
|t:|1779678338
|move|p1a: JUSTICIAR|Psycho Cut|p2a: Great Tusk
|-supereffective|p2a: Great Tusk
|-damage|p2a: Great Tusk|14/100 par
|move|p2a: Great Tusk|Headlong Rush|p1a: JUSTICIAR
|-supereffective|p1a: JUSTICIAR
|-damage|p1a: JUSTICIAR|0 fnt
|-unboost|p2a: Great Tusk|def|1
|-unboost|p2a: Great Tusk|spd|1
|faint|p1a: JUSTICIAR
|-end|p1a: JUSTICIAR|Quark Drive|[silent]
|
|upkeep
|
|t:|1779678340
|switch|p1a: CASPER|Okidogi, M|84/100
|-damage|p1a: CASPER|78/100|[from] Stealth Rock
|turn|24
|
|t:|1779678349
|move|p1a: CASPER|Bulk Up|p1a: CASPER
|-boost|p1a: CASPER|atk|1
|-boost|p1a: CASPER|def|1
|move|p2a: Great Tusk|Headlong Rush|p1a: CASPER
|-supereffective|p1a: CASPER
|-damage|p1a: CASPER|2/100
|-unboost|p2a: Great Tusk|def|1
|-unboost|p2a: Great Tusk|spd|1
|
|-heal|p1a: CASPER|9/100|[from] item: Leftovers
|upkeep
|turn|25
|
|t:|1779678353
|move|p1a: CASPER|Drain Punch|p2a: Great Tusk
|-damage|p2a: Great Tusk|0 fnt
|-heal|p1a: CASPER|17/100|[from] drain|[of] p2a: Great Tusk
|faint|p2a: Great Tusk
|-end|p2a: Great Tusk|Protosynthesis|[silent]
|
|-heal|p1a: CASPER|23/100|[from] item: Leftovers
|upkeep
|
|t:|1779678359
|switch|p2a: Darkrai|Darkrai|2/100
|turn|26
|
|t:|1779678361
|move|p2a: Darkrai|Ice Beam|p1a: CASPER
|-damage|p1a: CASPER|0 fnt
|faint|p1a: CASPER
|
|win|rasb
|raw|TWENNY7's rating: 1432 &rarr; <strong>1408</strong><br />(-24 for losing)
|raw|rasb's rating: 1366 &rarr; <strong>1390</strong><br />(+24 for winning)
