|j|☆calaaa!!!
|j|☆sanos
|t:|1779559930
|gametype|singles
|player|p1|calaaa!!!|#sdpliidelphoxes|
|player|p2|sanos|bianca-pwt|
|gen|9
|tier|[Gen 9] OU
|rule|HP Percentage Mod: HP is shown in percentages
|rule|Endless Battle Clause: Forcing endless battles is banned
|rule|Species Clause: Limit one of each Pokémon
|rule|OHKO Clause: OHKO moves are banned
|rule|Evasion Items Clause: Evasion items are banned
|rule|Evasion Moves Clause: Evasion moves are banned
|rule|Evasion Abilities Clause: Evasion abilities are banned
|rule|Sleep Moves Clause: Sleep-inducing moves are banned
|clearpoke
|poke|p1|Samurott-Hisui, F|
|poke|p1|Great Tusk|
|poke|p1|Latios, M|
|poke|p1|Pecharunt|
|poke|p1|Moltres|
|poke|p1|Iron Valiant|
|poke|p2|Raging Bolt|
|poke|p2|Darkrai|
|poke|p2|Ogerpon-Wellspring, F|
|poke|p2|Great Tusk|
|poke|p2|Gholdengo|
|poke|p2|Corviknight, F|
|teampreview
|inactive|Battle timer is ON: inactive players will automatically lose when time's up. (requested by calaaa!!!)
|c|☆sanos|glhf
|c|☆calaaa!!!|u2
|inactive|calaaa!!! has 270 seconds left.
|inactive|sanos has 270 seconds left.
|
|t:|1779559967
|teamsize|p1|6
|teamsize|p2|6
|start
|switch|p1a: Latios|Latios, M|100/100
|switch|p2a: Raging Bolt|Raging Bolt|100/100
|turn|1
|
|t:|1779559987
|-end|p2a: Raging Bolt|Protosynthesis|[silent]
|switch|p2a: Corviknight|Corviknight, F|100/100
|-ability|p2a: Corviknight|Pressure
|move|p1a: Latios|Flip Turn|p2a: Corviknight
|-damage|p2a: Corviknight|94/100
|-damage|p1a: Latios|84/100|[from] item: Rocky Helmet|[of] p2a: Corviknight
|
|t:|1779559999
|switch|p1a: Moltres|Moltres|100/100|[from] Flip Turn
|
|upkeep
|turn|2
|
|t:|1779560010
|move|p1a: Moltres|U-turn|p2a: Corviknight
|-resisted|p2a: Corviknight
|-damage|p2a: Corviknight|92/100
|-damage|p1a: Moltres|84/100|[from] item: Rocky Helmet|[of] p2a: Corviknight
|
|t:|1779560016
|switch|p1a: Iron Valiant|Iron Valiant|100/100|[from] U-turn
|move|p2a: Corviknight|U-turn|p1a: Iron Valiant
|-resisted|p1a: Iron Valiant
|-damage|p1a: Iron Valiant|96/100
|inactive|sanos has 270 seconds left.
|
|t:|1779560047
|switch|p2a: Gholdengo|Gholdengo|100/100|[from] U-turn
|
|upkeep
|turn|3
|inactive|sanos has 270 seconds left.
|
|t:|1779560057
|switch|p2a: Raging Bolt|Raging Bolt|100/100
|-end|p1a: Iron Valiant|Quark Drive|[silent]
|switch|p1a: Samurott|Samurott-Hisui, F|100/100
|
|upkeep
|turn|4
|inactive|sanos has 270 seconds left.
|
|t:|1779560072
|move|p2a: Raging Bolt|Thunderbolt|p1a: Samurott
|-supereffective|p1a: Samurott
|-damage|p1a: Samurott|0 fnt
|faint|p1a: Samurott
|
|upkeep
|
|t:|1779560089
|switch|p1a: Great Tusk|Great Tusk|100/100
|turn|5
|
|t:|1779560094
|-end|p2a: Raging Bolt|Protosynthesis|[silent]
|switch|p2a: Great Tusk|Great Tusk|100/100
|move|p1a: Great Tusk|Stealth Rock|p2a: Great Tusk
|-sidestart|p2: sanos|move: Stealth Rock
|
|upkeep
|turn|6
|
|t:|1779560097
|-end|p1a: Great Tusk|Protosynthesis|[silent]
|switch|p1a: Pecharunt|Pecharunt|100/100
|-item|p1a: Pecharunt|Air Balloon
|move|p2a: Great Tusk|Stealth Rock|p1a: Pecharunt
|-sidestart|p1: calaaa!!!|move: Stealth Rock
|
|upkeep
|turn|7
|
|t:|1779560110
|-end|p2a: Great Tusk|Protosynthesis|[silent]
|switch|p2a: Gholdengo|Gholdengo|100/100
|-damage|p2a: Gholdengo|94/100|[from] Stealth Rock
|move|p1a: Pecharunt|Malignant Chain|p2a: Gholdengo
|-immune|p2a: Gholdengo
|
|upkeep
|turn|8
|
|t:|1779560133
|switch|p2a: Darkrai|Darkrai|100/100
|move|p1a: Pecharunt|Shadow Ball|p2a: Darkrai
|-resisted|p2a: Darkrai
|-damage|p2a: Darkrai|84/100
|
|upkeep
|turn|9
|
|t:|1779560158
|switch|p1a: Great Tusk|Great Tusk|100/100
|move|p2a: Darkrai|Sludge Bomb|p1a: Great Tusk
|-resisted|p1a: Great Tusk
|-crit|p1a: Great Tusk
|-damage|p1a: Great Tusk|64/100
|
|upkeep
|turn|10
|
|t:|1779560178
|-end|p1a: Great Tusk|Protosynthesis|[silent]
|switch|p1a: Moltres|Moltres|84/100
|move|p2a: Darkrai|Ice Beam|p1a: Moltres
|-damage|p1a: Moltres|58/100
|
|upkeep
|turn|11
|
|t:|1779560202
|move|p2a: Darkrai|Knock Off|p1a: Moltres
|-damage|p1a: Moltres|36/100
|-enditem|p1a: Moltres|Heavy-Duty Boots|[from] move: Knock Off|[of] p2a: Darkrai
|move|p1a: Moltres|Roost|p1a: Moltres
|-heal|p1a: Moltres|86/100
|-singleturn|p1a: Moltres|move: Roost
|
|upkeep
|turn|12
|
|t:|1779560213
|switch|p2a: Raging Bolt|Raging Bolt|100/100
|-damage|p2a: Raging Bolt|88/100|[from] Stealth Rock
|move|p1a: Moltres|Flamethrower|p2a: Raging Bolt
|-resisted|p2a: Raging Bolt
|-damage|p2a: Raging Bolt|69/100
|
|upkeep
|turn|13
|inactive|sanos has 270 seconds left.
|
|t:|1779560233
|move|p2a: Raging Bolt|Draco Meteor|p1a: Moltres
|-damage|p1a: Moltres|0 fnt
|-unboost|p2a: Raging Bolt|spa|2
|faint|p1a: Moltres
|
|upkeep
|
|t:|1779560243
|switch|p1a: Iron Valiant|Iron Valiant|96/100
|-damage|p1a: Iron Valiant|90/100|[from] Stealth Rock
|turn|14
|inactive|sanos has 270 seconds left.
|
|t:|1779560263
|-end|p2a: Raging Bolt|Protosynthesis|[silent]
|switch|p2a: Corviknight|Corviknight, F|92/100
|-damage|p2a: Corviknight|80/100|[from] Stealth Rock
|-ability|p2a: Corviknight|Pressure
|move|p1a: Iron Valiant|Shadow Ball|p2a: Corviknight
|-damage|p2a: Corviknight|44/100
|
|upkeep
|turn|15
|inactive|sanos has 270 seconds left.
|
|t:|1779560296
|move|p1a: Iron Valiant|Shadow Ball|p2a: Corviknight
|-damage|p2a: Corviknight|3/100
|move|p2a: Corviknight|U-turn|p1a: Iron Valiant
|-resisted|p1a: Iron Valiant
|-damage|p1a: Iron Valiant|85/100
|
|t:|1779560299
|switch|p2a: Darkrai|Darkrai|84/100|[from] U-turn
|
|upkeep
|turn|16
|inactive|calaaa!!! has 270 seconds left.
|
|t:|1779560323
|-end|p1a: Iron Valiant|Quark Drive|[silent]
|switch|p1a: Great Tusk|Great Tusk|64/100
|move|p2a: Darkrai|Ice Beam|p1a: Great Tusk
|-supereffective|p1a: Great Tusk
|-damage|p1a: Great Tusk|0 fnt
|faint|p1a: Great Tusk
|-end|p1a: Great Tusk|Protosynthesis|[silent]
|
|upkeep
|
|t:|1779560324
|switch|p1a: Latios|Latios, M|84/100
|-damage|p1a: Latios|72/100|[from] Stealth Rock
|turn|17
|
|t:|1779560343
|move|p1a: Latios|Flip Turn|p2a: Darkrai
|-damage|p2a: Darkrai|70/100
|
|t:|1779560345
|switch|p1a: Iron Valiant|Iron Valiant|85/100|[from] Flip Turn
|-damage|p1a: Iron Valiant|79/100|[from] Stealth Rock
|move|p2a: Darkrai|Dark Pulse|p1a: Iron Valiant
|-resisted|p1a: Iron Valiant
|-damage|p1a: Iron Valiant|61/100
|
|upkeep
|turn|18
|
|t:|1779560365
|move|p1a: Iron Valiant|Vacuum Wave|p2a: Darkrai
|-supereffective|p2a: Darkrai
|-damage|p2a: Darkrai|0 fnt
|faint|p2a: Darkrai
|
|upkeep
|inactive|sanos has 240 seconds left.
|
|t:|1779560383
|switch|p2a: Gholdengo|Gholdengo|94/100
|-damage|p2a: Gholdengo|88/100|[from] Stealth Rock
|turn|19
|
|t:|1779560399
|-end|p1a: Iron Valiant|Quark Drive|[silent]
|switch|p1a: Latios|Latios, M|72/100
|-damage|p1a: Latios|59/100|[from] Stealth Rock
|move|p2a: Gholdengo|Shadow Ball|p1a: Latios
|-supereffective|p1a: Latios
|-damage|p1a: Latios|0 fnt
|faint|p1a: Latios
|
|upkeep
|
|t:|1779560400
|switch|p1a: Iron Valiant|Iron Valiant|61/100
|-damage|p1a: Iron Valiant|55/100|[from] Stealth Rock
|turn|20
|
|t:|1779560423
|switch|p2a: Corviknight|Corviknight, F|3/100
|-damage|p2a: Corviknight|0 fnt|[from] Stealth Rock
|faint|p2a: Corviknight
|move|p1a: Iron Valiant|Shadow Ball|p2: Corviknight|[notarget]
|-fail|p1a: Iron Valiant
|
|upkeep
|
|t:|1779560429
|switch|p2a: Raging Bolt|Raging Bolt|69/100
|-damage|p2a: Raging Bolt|57/100|[from] Stealth Rock
|turn|21
|
|t:|1779560432
|move|p1a: Iron Valiant|Shadow Ball|p2a: Raging Bolt
|-damage|p2a: Raging Bolt|16/100
|move|p2a: Raging Bolt|Thunderbolt|p1a: Iron Valiant
|-damage|p1a: Iron Valiant|0 fnt
|faint|p1a: Iron Valiant
|-end|p1a: Iron Valiant|Quark Drive|[silent]
|
|upkeep
|
|t:|1779560434
|switch|p1a: Pecharunt|Pecharunt|100/100
|-damage|p1a: Pecharunt|88/100|[from] Stealth Rock
|-item|p1a: Pecharunt|Air Balloon
|turn|22
|
|t:|1779560440
|move|p1a: Pecharunt|Nasty Plot|p1a: Pecharunt
|-boost|p1a: Pecharunt|spa|2
|move|p2a: Raging Bolt|Thunderbolt|p1a: Pecharunt
|-damage|p1a: Pecharunt|13/100
|-enditem|p1a: Pecharunt|Air Balloon
|
|upkeep
|turn|23
|
|t:|1779560444
|move|p1a: Pecharunt|Shadow Ball|p2a: Raging Bolt
|-damage|p2a: Raging Bolt|0 fnt
|faint|p2a: Raging Bolt
|-end|p2a: Raging Bolt|Protosynthesis|[silent]
|
|upkeep
|
|t:|1779560448
|switch|p2a: Gholdengo|Gholdengo|88/100
|-damage|p2a: Gholdengo|82/100|[from] Stealth Rock
|turn|24
|
|t:|1779560449
|-terastallize|p1a: Pecharunt|Ghost
|move|p2a: Gholdengo|Make It Rain|p1a: Pecharunt
|-damage|p1a: Pecharunt|0 fnt
|-unboost|p2a: Gholdengo|spa|1
|faint|p1a: Pecharunt
|
|win|sanos
|c|☆sanos|gg
|c|☆calaaa!!!|gg
|c|☆calaaa!!!|gen 8
|c|☆sanos|k
|l|☆sanos
|player|p2|
