|j|☆MyFatherLeftMe69
|j|‽aaagislash
|t:|1779609691
|gametype|singles
|player|p1|MyFatherLeftMe69|1|1136
|player|p2|aaagislash|102|1159
|gen|9
|tier|[Gen 9] OU
|rated|
|rule|HP Percentage Mod: HP is shown in percentages
|rule|Endless Battle Clause: Forcing endless battles is banned
|rule|Species Clause: Limit one of each Pokémon
|rule|OHKO Clause: OHKO moves are banned
|rule|Evasion Items Clause: Evasion items are banned
|rule|Evasion Moves Clause: Evasion moves are banned
|rule|Evasion Abilities Clause: Evasion abilities are banned
|rule|Sleep Moves Clause: Sleep-inducing moves are banned
|clearpoke
|poke|p1|Araquanid, M|
|poke|p1|Serperior, F|
|poke|p1|Cinderace, M|
|poke|p1|Iron Valiant|
|poke|p1|Malamar, M|
|poke|p1|Gholdengo|
|poke|p2|Iron Treads|
|poke|p2|Sableye, F|
|poke|p2|Cinderace, F|
|poke|p2|Chandelure, F|
|poke|p2|Rillaboom, M|
|poke|p2|Deoxys-Speed|
|teampreview
|
|t:|1779609715
|teamsize|p1|6
|teamsize|p2|6
|start
|switch|p1a: Malamar|Malamar, M|100/100
|switch|p2a: Chandelure|Chandelure, F|100/100
|turn|1
|
|t:|1779609732
|move|p2a: Chandelure|Inferno|p1a: Malamar
|-damage|p1a: Malamar|56/100
|-status|p1a: Malamar|brn
|move|p1a: Malamar|Knock Off|p2a: Chandelure
|-supereffective|p2a: Chandelure
|-damage|p2a: Chandelure|52/100
|-enditem|p2a: Chandelure|Choice Scarf|[from] move: Knock Off|[of] p1a: Malamar
|
|-heal|p1a: Malamar|62/100 brn|[from] item: Leftovers
|-damage|p1a: Malamar|56/100 brn|[from] brn
|upkeep
|turn|2
|
|t:|1779609754
|switch|p1a: Cinderace|Cinderace, M|100/100
|move|p2a: Chandelure|Fire Blast|p1a: Cinderace
|-resisted|p1a: Cinderace
|-damage|p1a: Cinderace|55/100
|
|upkeep
|turn|3
|
|t:|1779609766
|move|p1a: Cinderace|Sucker Punch|p2a: Chandelure
|-start|p1a: Cinderace|typechange|Dark|[from] ability: Libero
|-supereffective|p2a: Chandelure
|-crit|p2a: Chandelure
|-damage|p2a: Chandelure|0 fnt
|faint|p2a: Chandelure
|
|upkeep
|
|t:|1779609771
|switch|p2a: Cinderace|Cinderace, F|100/100
|turn|4
|
|t:|1779609776
|switch|p1a: Araquanid|Araquanid, M|100/100
|move|p2a: Cinderace|U-turn|p1a: Araquanid
|-start|p2a: Cinderace|typechange|Bug|[from] ability: Libero
|-damage|p1a: Araquanid|70/100
|
|t:|1779609778
|switch|p2a: Rillaboom|Rillaboom, M|100/100|[from] U-turn
|-fieldstart|move: Grassy Terrain|[from] ability: Grassy Surge|[of] p2a: Rillaboom
|
|-heal|p1a: Araquanid|77/100|[from] Grassy Terrain
|upkeep
|turn|5
|
|t:|1779609789
|move|p2a: Rillaboom|Swords Dance|p2a: Rillaboom
|-boost|p2a: Rillaboom|atk|2
|move|p1a: Araquanid|Sticky Web|p2a: Rillaboom
|-sidestart|p2: aaagislash|move: Sticky Web
|
|-heal|p1a: Araquanid|83/100|[from] Grassy Terrain
|upkeep
|turn|6
|
|t:|1779609806
|switch|p1a: Serperior|Serperior, F|100/100
|move|p2a: Rillaboom|Drum Beating|p1a: Serperior
|-resisted|p1a: Serperior
|-damage|p1a: Serperior|21/100
|-boost|p1a: Serperior|spe|1
|-damage|p2a: Rillaboom|91/100|[from] item: Life Orb
|
|-heal|p1a: Serperior|27/100|[from] Grassy Terrain
|-heal|p1a: Serperior|33/100|[from] item: Leftovers
|-heal|p2a: Rillaboom|97/100|[from] Grassy Terrain
|upkeep
|turn|7
|
|t:|1779609814
|move|p2a: Rillaboom|Grassy Glide|p1a: Serperior
|-resisted|p1a: Serperior
|-damage|p1a: Serperior|0 fnt
|faint|p1a: Serperior
|-damage|p2a: Rillaboom|87/100|[from] item: Life Orb
|
|-heal|p2a: Rillaboom|93/100|[from] Grassy Terrain
|upkeep
|
|t:|1779609823
|switch|p1a: Cinderace|Cinderace, M|55/100
|turn|8
|
|t:|1779609835
|move|p2a: Rillaboom|Grassy Glide|p1a: Cinderace
|-resisted|p1a: Cinderace
|-damage|p1a: Cinderace|0 fnt
|faint|p1a: Cinderace
|-damage|p2a: Rillaboom|83/100|[from] item: Life Orb
|
|-heal|p2a: Rillaboom|89/100|[from] Grassy Terrain
|-fieldend|move: Grassy Terrain
|upkeep
|
|t:|1779609846
|switch|p1a: Gholdengo|Gholdengo|100/100
|-item|p1a: Gholdengo|Air Balloon
|turn|9
|
|t:|1779609855
|switch|p2a: Sableye|Sableye, F|100/100
|-activate|p2a: Sableye|move: Sticky Web
|-unboost|p2a: Sableye|spe|1
|move|p1a: Gholdengo|Make It Rain|p2a: Sableye
|-damage|p2a: Sableye|10/100
|-unboost|p1a: Gholdengo|spa|1
|-enditem|p2a: Sableye|Eject Button
|
|t:|1779609857
|switch|p2a: Cinderace|Cinderace, F|100/100
|
|upkeep
|turn|10
|
|t:|1779609869
|switch|p1a: Iron Valiant|Iron Valiant|100/100
|-enditem|p1a: Iron Valiant|Booster Energy
|-activate|p1a: Iron Valiant|ability: Quark Drive|[fromitem]
|-start|p1a: Iron Valiant|quarkdrivespe
|move|p2a: Cinderace|Court Change|p2a: Cinderace
|-start|p2a: Cinderace|typechange|Normal|[from] ability: Libero
|-swapsideconditions
|-activate|p2a: Cinderace|move: Court Change
|
|upkeep
|turn|11
|
|t:|1779609884
|switch|p2a: Deoxys|Deoxys-Speed|100/100
|-ability|p2a: Deoxys|Pressure
|move|p1a: Iron Valiant|Encore||[still]
|-fail|p1a: Iron Valiant
|
|upkeep
|turn|12
|
|t:|1779609890
|move|p1a: Iron Valiant|Moonblast|p2a: Deoxys
|-damage|p2a: Deoxys|29/100
|-unboost|p2a: Deoxys|spa|1
|move|p2a: Deoxys|Psycho Boost|p1a: Iron Valiant
|-supereffective|p1a: Iron Valiant
|-damage|p1a: Iron Valiant|0 fnt
|-unboost|p2a: Deoxys|spa|2
|faint|p1a: Iron Valiant
|-end|p1a: Iron Valiant|Quark Drive|[silent]
|-damage|p2a: Deoxys|19/100|[from] item: Life Orb
|
|upkeep
|
|t:|1779609905
|switch|p1a: Malamar|Malamar, M|56/100 brn
|-activate|p1a: Malamar|move: Sticky Web
|-boost|p1a: Malamar|spe|1
|turn|13
|
|t:|1779609914
|move|p2a: Deoxys|Gravity|p2a: Deoxys
|-fieldstart|move: Gravity
|move|p1a: Malamar|Knock Off|p2a: Deoxys
|-supereffective|p2a: Deoxys
|-damage|p2a: Deoxys|0 fnt
|-enditem|p2a: Deoxys|Life Orb|[from] move: Knock Off|[of] p1a: Malamar
|faint|p2a: Deoxys
|
|-heal|p1a: Malamar|62/100 brn|[from] item: Leftovers
|-damage|p1a: Malamar|56/100 brn|[from] brn
|upkeep
|
|t:|1779609919
|switch|p2a: Rillaboom|Rillaboom, M|89/100
|-fieldstart|move: Grassy Terrain|[from] ability: Grassy Surge|[of] p2a: Rillaboom
|turn|14
|
|t:|1779609926
|-terastallize|p1a: Malamar|Poison
|move|p2a: Rillaboom|Swords Dance|p2a: Rillaboom
|-boost|p2a: Rillaboom|atk|2
|move|p1a: Malamar|Superpower|p2a: Rillaboom
|-damage|p2a: Rillaboom|76/100
|-boost|p1a: Malamar|atk|1
|-boost|p1a: Malamar|def|1
|
|-heal|p2a: Rillaboom|82/100|[from] Grassy Terrain
|-heal|p1a: Malamar|62/100 brn|[from] Grassy Terrain
|-heal|p1a: Malamar|68/100 brn|[from] item: Leftovers
|-damage|p1a: Malamar|62/100 brn|[from] brn
|upkeep
|turn|15
|
|t:|1779609939
|move|p2a: Rillaboom|High Horsepower|p1a: Malamar
|-supereffective|p1a: Malamar
|-damage|p1a: Malamar|0 fnt
|faint|p1a: Malamar
|-damage|p2a: Rillaboom|72/100|[from] item: Life Orb
|
|-heal|p2a: Rillaboom|78/100|[from] Grassy Terrain
|upkeep
|-message|MyFatherLeftMe69 forfeited.
|
|win|aaagislash
|raw|MyFatherLeftMe69's rating: 1136 &rarr; <strong>1113</strong><br />(-23 for losing)
|raw|aaagislash's rating: 1159 &rarr; <strong>1182</strong><br />(+23 for winning)
|l|☆MyFatherLeftMe69
|player|p1|
|l|‽aaagislash
|player|p2|
