|j|☆owl_with_scarf
|j|☆erennotyaeger
|t:|1779601355
|gametype|singles
|player|p1|owl_with_scarf|#owlwithscarf|1528
|player|p2|erennotyaeger|102|1619
|gen|9
|tier|[Gen 9] OU
|rated|
|rule|HP Percentage Mod: HP is shown in percentages
|rule|Endless Battle Clause: Forcing endless battles is banned
|rule|Species Clause: Limit one of each Pokémon
|rule|OHKO Clause: OHKO moves are banned
|rule|Evasion Items Clause: Evasion items are banned
|rule|Evasion Moves Clause: Evasion moves are banned
|rule|Evasion Abilities Clause: Evasion abilities are banned
|rule|Sleep Moves Clause: Sleep-inducing moves are banned
|clearpoke
|poke|p1|Diancie|
|poke|p1|Blaziken, F|
|poke|p1|Oricorio-Pom-Pom, M|
|poke|p1|Cinderace, F|
|poke|p1|Regidrago|
|poke|p1|Ursaluna, M|
|poke|p2|Ogerpon-Cornerstone, F|
|poke|p2|Araquanid, M|
|poke|p2|Great Tusk|
|poke|p2|Enamorus, F|
|poke|p2|Kingambit, F|
|poke|p2|Ceruledge, F|
|teampreview
|inactive|Battle timer is ON: inactive players will automatically lose when time's up. (requested by owl_with_scarf)
|
|t:|1779601373
|teamsize|p1|6
|teamsize|p2|6
|start
|switch|p1a: Diancie|Diancie|100/100
|switch|p2a: Ogerpon|Ogerpon-Cornerstone, F|100/100
|turn|1
|
|t:|1779601380
|move|p2a: Ogerpon|Power Whip|p1a: Diancie
|-supereffective|p1a: Diancie
|-damage|p1a: Diancie|0 fnt
|faint|p1a: Diancie
|
|upkeep
|
|t:|1779601406
|switch|p1a: Regidrago|Regidrago|100/100
|turn|2
|inactive|erennotyaeger has 120 seconds left.
|
|t:|1779601444
|switch|p2a: Enamorus|Enamorus, F|100/100
|move|p1a: Regidrago|Scale Shot|p2a: Enamorus
|-immune|p2a: Enamorus
|
|upkeep
|turn|3
|inactive|erennotyaeger has 120 seconds left.
|
|t:|1779601454
|switch|p1a: Cinderace|Cinderace, F|100/100
|move|p2a: Enamorus|Moonblast|p1a: Cinderace
|-resisted|p1a: Cinderace
|-damage|p1a: Cinderace|46/100
|-unboost|p1a: Cinderace|spa|1
|
|upkeep
|turn|4
|
|t:|1779601465
|switch|p2a: Ceruledge|Ceruledge, F|100/100
|move|p1a: Cinderace|Gunk Shot|p2a: Ceruledge
|-start|p1a: Cinderace|typechange|Poison|[from] ability: Libero
|-resisted|p2a: Ceruledge
|-damage|p2a: Ceruledge|61/100
|-ability|p2a: Ceruledge|Weak Armor|boost
|-unboost|p2a: Ceruledge|def|1
|-boost|p2a: Ceruledge|spe|2
|
|upkeep
|turn|5
|inactive|erennotyaeger has 120 seconds left.
|
|t:|1779601491
|move|p2a: Ceruledge|Bitter Blade|p1a: Cinderace
|-damage|p1a: Cinderace|0 fnt
|-heal|p2a: Ceruledge|84/100|[from] drain|[of] p1a: Cinderace
|faint|p1a: Cinderace
|-damage|p2a: Ceruledge|74/100|[from] item: Life Orb
|
|upkeep
|
|t:|1779601496
|switch|p1a: Regidrago|Regidrago|100/100
|turn|6
|inactive|erennotyaeger has 120 seconds left.
|
|t:|1779601506
|switch|p2a: Enamorus|Enamorus, F|100/100
|move|p1a: Regidrago|Scale Shot|p2a: Enamorus
|-immune|p2a: Enamorus
|
|upkeep
|turn|7
|inactive|erennotyaeger has 120 seconds left.
|
|t:|1779601517
|move|p2a: Enamorus|Moonblast|p1a: Regidrago
|-supereffective|p1a: Regidrago
|-damage|p1a: Regidrago|0 fnt
|faint|p1a: Regidrago
|
|upkeep
|
|t:|1779601520
|switch|p1a: Blaziken|Blaziken, F|100/100
|turn|8
|
|t:|1779601532
|move|p2a: Enamorus|Moonblast|p1a: Blaziken
|-damage|p1a: Blaziken|0 fnt
|faint|p1a: Blaziken
|
|upkeep
|
|t:|1779601537
|switch|p1a: Ursaluna|Ursaluna, M|100/100
|turn|9
|
|t:|1779601551
|move|p2a: Enamorus|Moonblast|p1a: Ursaluna
|-damage|p1a: Ursaluna|11/100
|move|p1a: Ursaluna|Facade|p2a: Enamorus
|-damage|p2a: Enamorus|43/100
|
|-status|p1a: Ursaluna|brn|[from] item: Flame Orb
|upkeep
|turn|10
|
|t:|1779601563
|move|p2a: Enamorus|Moonblast|p1a: Ursaluna
|-damage|p1a: Ursaluna|0 fnt
|faint|p1a: Ursaluna
|
|upkeep
|
|t:|1779601564
|switch|p1a: Oricorio|Oricorio-Pom-Pom, M|100/100
|turn|11
|
|t:|1779601566
|move|p2a: Enamorus|Moonblast|p1a: Oricorio
|-damage|p1a: Oricorio|0 fnt
|faint|p1a: Oricorio
|
|win|erennotyaeger
|raw|owl_with_scarf's rating: 1544 &rarr; <strong>1528</strong><br />(-16 for losing)
|raw|erennotyaeger's rating: 1619 &rarr; <strong>1635</strong><br />(+16 for winning)
|c|☆erennotyaeger|gg
|l|☆owl_with_scarf
|player|p1|
|l|☆erennotyaeger
|player|p2|
