|j|☆fattyboy1809
|j|☆killer07
|t:|1779723045
|gametype|singles
|player|p1|fattyboy1809|supernerd|1184
|player|p2|killer07|266|1221
|gen|9
|tier|[Gen 9] OU
|rated|
|rule|HP Percentage Mod: HP is shown in percentages
|rule|Endless Battle Clause: Forcing endless battles is banned
|rule|Species Clause: Limit one of each Pokémon
|rule|OHKO Clause: OHKO moves are banned
|rule|Evasion Items Clause: Evasion items are banned
|rule|Evasion Moves Clause: Evasion moves are banned
|rule|Evasion Abilities Clause: Evasion abilities are banned
|rule|Sleep Moves Clause: Sleep-inducing moves are banned
|clearpoke
|poke|p1|Greninja-*, M|
|poke|p1|Lokix, F|
|poke|p1|Clefable, M|
|poke|p1|Mabosstiff, M|
|poke|p1|Clodsire, F|
|poke|p1|Ambipom, F|
|poke|p2|Slowking-Galar, F|
|poke|p2|Kyurem|
|poke|p2|Corviknight, F|
|poke|p2|Lokix, M|
|poke|p2|Rotom-Wash|
|poke|p2|Meowscarada, F|
|teampreview
|
|t:|1779723065
|teamsize|p1|6
|teamsize|p2|6
|start
|switch|p1a: Clefable|Clefable, M|100/100
|switch|p2a: Rotom|Rotom-Wash|100/100
|turn|1
|
|t:|1779723073
|move|p2a: Rotom|Hydro Pump|p1a: Clefable|[miss]
|-miss|p2a: Rotom|p1a: Clefable
|move|p1a: Clefable|Calm Mind|p1a: Clefable
|-boost|p1a: Clefable|spa|1
|-boost|p1a: Clefable|spd|1
|
|upkeep
|turn|2
|
|t:|1779723075
|move|p2a: Rotom|Hydro Pump|p1a: Clefable|[miss]
|-miss|p2a: Rotom|p1a: Clefable
|move|p1a: Clefable|Calm Mind|p1a: Clefable
|-boost|p1a: Clefable|spa|1
|-boost|p1a: Clefable|spd|1
|
|upkeep
|turn|3
|
|t:|1779723078
|move|p2a: Rotom|Hydro Pump|p1a: Clefable
|-damage|p1a: Clefable|82/100
|move|p1a: Clefable|Moonblast|p2a: Rotom
|-damage|p2a: Rotom|9/100
|
|-heal|p2a: Rotom|15/100|[from] item: Leftovers
|upkeep
|turn|4
|
|t:|1779723082
|move|p2a: Rotom|Pain Split|p1a: Clefable
|-sethp|p1a: Clefable|48/100|[from] move: Pain Split|[silent]
|-sethp|p2a: Rotom|52/100|[from] move: Pain Split
|move|p1a: Clefable|Calm Mind|p1a: Clefable
|-boost|p1a: Clefable|spa|1
|-boost|p1a: Clefable|spd|1
|
|-heal|p2a: Rotom|59/100|[from] item: Leftovers
|upkeep
|turn|5
|
|t:|1779723086
|move|p2a: Rotom|Will-O-Wisp|p1a: Clefable
|-status|p1a: Clefable|brn
|move|p1a: Clefable|Moonlight|p1a: Clefable
|-heal|p1a: Clefable|98/100 brn
|
|-heal|p2a: Rotom|65/100|[from] item: Leftovers
|upkeep
|turn|6
|
|t:|1779723090
|move|p2a: Rotom|Pain Split|p1a: Clefable
|-sethp|p1a: Clefable|79/100 brn|[from] move: Pain Split|[silent]
|-sethp|p2a: Rotom|86/100|[from] move: Pain Split
|move|p1a: Clefable|Calm Mind|p1a: Clefable
|-boost|p1a: Clefable|spa|1
|-boost|p1a: Clefable|spd|1
|
|-heal|p2a: Rotom|92/100|[from] item: Leftovers
|upkeep
|turn|7
|
|t:|1779723094
|move|p2a: Rotom|Hydro Pump|p1a: Clefable|[miss]
|-miss|p2a: Rotom|p1a: Clefable
|move|p1a: Clefable|Moonblast|p2a: Rotom
|-damage|p2a: Rotom|0 fnt
|faint|p2a: Rotom
|
|upkeep
|c|☆fattyboy1809|im sorry twin
|
|t:|1779723101
|switch|p2a: Lokix|Lokix, M|100/100
|turn|8
|
|t:|1779723108
|-terastallize|p2a: Lokix|Bug
|move|p2a: Lokix|U-turn|p1a: Clefable
|-resisted|p1a: Clefable
|-damage|p1a: Clefable|0 fnt
|faint|p1a: Clefable
|
|t:|1779723113
|switch|p2a: Meowscarada|Meowscarada, F|100/100|[from] U-turn
|
|upkeep
|
|t:|1779723120
|switch|p1a: Mabosstiff|Mabosstiff, M|100/100
|turn|9
|
|t:|1779723142
|move|p2a: Meowscarada|U-turn|p1a: Mabosstiff
|-start|p2a: Meowscarada|typechange|Bug|[from] ability: Protean
|-supereffective|p1a: Mabosstiff
|-damage|p1a: Mabosstiff|24/100
|
|t:|1779723145
|switch|p2a: Corviknight|Corviknight, F|100/100|[from] U-turn
|-ability|p2a: Corviknight|Pressure
|move|p1a: Mabosstiff|Play Rough|p2a: Corviknight|[miss]
|-miss|p1a: Mabosstiff|p2a: Corviknight
|
|upkeep
|turn|10
|
|t:|1779723165
|switch|p1a: Greninja|Greninja, M|100/100
|move|p2a: Corviknight|U-turn|p1a: Greninja
|-supereffective|p1a: Greninja
|-damage|p1a: Greninja|54/100
|
|t:|1779723168
|switch|p2a: Lokix|Lokix, M, tera:Bug|100/100|[from] U-turn
|
|upkeep
|turn|11
|
|t:|1779723175
|move|p2a: Lokix|First Impression|p1a: Greninja
|-supereffective|p1a: Greninja
|-damage|p1a: Greninja|0 fnt
|faint|p1a: Greninja
|
|upkeep
|
|t:|1779723181
|switch|p1a: Ambipom|Ambipom, F|100/100
|turn|12
|
|t:|1779723184
|switch|p2a: Corviknight|Corviknight, F|100/100
|-ability|p2a: Corviknight|Pressure
|move|p1a: Ambipom|Fake Out|p2a: Corviknight
|-resisted|p2a: Corviknight
|-damage|p2a: Corviknight|92/100
|-damage|p1a: Ambipom|84/100|[from] item: Rocky Helmet|[of] p2a: Corviknight
|
|upkeep
|turn|13
|-message|fattyboy1809 forfeited.
|
|win|killer07
|raw|fattyboy1809's rating: 1184 &rarr; <strong>1162</strong><br />(-22 for losing)
|raw|killer07's rating: 1221 &rarr; <strong>1243</strong><br />(+22 for winning)
|l|☆fattyboy1809
|player|p1|
|l|☆killer07
|player|p2|
