|j|☆Dodiabla
|j|☆BiggieChed66
|t:|1779685287
|gametype|singles
|player|p1|Dodiabla|blue|1344
|player|p2|BiggieChed66|ghetsis-gen5bw|1311
|gen|9
|tier|[Gen 9] OU
|rated|
|rule|HP Percentage Mod: HP is shown in percentages
|rule|Endless Battle Clause: Forcing endless battles is banned
|rule|Species Clause: Limit one of each Pokémon
|rule|OHKO Clause: OHKO moves are banned
|rule|Evasion Items Clause: Evasion items are banned
|rule|Evasion Moves Clause: Evasion moves are banned
|rule|Evasion Abilities Clause: Evasion abilities are banned
|rule|Sleep Moves Clause: Sleep-inducing moves are banned
|clearpoke
|poke|p1|Conkeldurr, M|
|poke|p1|Iron Crown|
|poke|p1|Glimmora, M|
|poke|p1|Enamorus, F|
|poke|p1|Clodsire, F|
|poke|p1|Zapdos|
|poke|p2|Gholdengo|
|poke|p2|Gliscor, M|
|poke|p2|Iron Moth|
|poke|p2|Ogerpon-Wellspring, F|
|poke|p2|Great Tusk|
|poke|p2|Darkrai|
|teampreview
|
|t:|1779685291
|teamsize|p1|6
|teamsize|p2|6
|start
|switch|p1a: Glimmora|Glimmora, M|100/100
|switch|p2a: Gliscor|Gliscor, M|100/100
|turn|1
|inactive|Battle timer is ON: inactive players will automatically lose when time's up. (requested by BiggieChed66)
|
|t:|1779685298
|move|p1a: Glimmora|Stealth Rock|p2a: Gliscor
|-sidestart|p2: BiggieChed66|move: Stealth Rock
|move|p2a: Gliscor|Earthquake|p1a: Glimmora
|-supereffective|p1a: Glimmora
|-enditem|p1a: Glimmora|Focus Sash
|-damage|p1a: Glimmora|1/100
|-activate|p1a: Glimmora|ability: Toxic Debris
|-sidestart|p2: BiggieChed66|move: Toxic Spikes
|
|-status|p2a: Gliscor|tox|[from] item: Toxic Orb
|upkeep
|turn|2
|
|t:|1779685302
|move|p1a: Glimmora|Spikes|p2a: Gliscor
|-sidestart|p2: BiggieChed66|Spikes
|move|p2a: Gliscor|Earthquake|p1a: Glimmora
|-supereffective|p1a: Glimmora
|-damage|p1a: Glimmora|0 fnt
|-activate|p1a: Glimmora|ability: Toxic Debris
|-sidestart|p2: BiggieChed66|move: Toxic Spikes
|faint|p1a: Glimmora
|
|upkeep
|
|t:|1779685308
|switch|p1a: Conkeldurr|Conkeldurr, M|100/100
|turn|3
|
|t:|1779685312
|move|p2a: Gliscor|Toxic|p1a: Conkeldurr
|-status|p1a: Conkeldurr|tox
|move|p1a: Conkeldurr|Ice Punch|p2a: Gliscor
|-supereffective|p2a: Gliscor
|-damage|p2a: Gliscor|0 fnt
|faint|p2a: Gliscor
|-damage|p1a: Conkeldurr|91/100 tox|[from] item: Life Orb
|
|-damage|p1a: Conkeldurr|85/100 tox|[from] psn
|upkeep
|
|t:|1779685321
|switch|p2a: Iron Moth|Iron Moth|100/100
|-damage|p2a: Iron Moth|76/100|[from] Stealth Rock
|-sideend|p2: BiggieChed66|move: Toxic Spikes|[of] p2a: Iron Moth
|-damage|p2a: Iron Moth|63/100|[from] Spikes
|-enditem|p2a: Iron Moth|Booster Energy
|-activate|p2a: Iron Moth|ability: Quark Drive|[fromitem]
|-start|p2a: Iron Moth|quarkdrivespa
|turn|4
|
|t:|1779685332
|-terastallize|p2a: Iron Moth|Fairy
|move|p2a: Iron Moth|Dazzling Gleam|p1a: Conkeldurr
|-supereffective|p1a: Conkeldurr
|-damage|p1a: Conkeldurr|0 fnt
|faint|p1a: Conkeldurr
|
|upkeep
|
|t:|1779685336
|switch|p1a: Iron Crown|Iron Crown|100/100
|-enditem|p1a: Iron Crown|Booster Energy
|-activate|p1a: Iron Crown|ability: Quark Drive|[fromitem]
|-start|p1a: Iron Crown|quarkdrivespa
|turn|5
|
|t:|1779685341
|move|p2a: Iron Moth|Fiery Dance|p1a: Iron Crown
|-supereffective|p1a: Iron Crown
|-damage|p1a: Iron Crown|0 fnt
|-boost|p2a: Iron Moth|spa|1
|faint|p1a: Iron Crown
|-end|p1a: Iron Crown|Quark Drive|[silent]
|
|upkeep
|
|t:|1779685351
|switch|p1a: Clodsire|Clodsire, F|100/100
|turn|6
|
|t:|1779685354
|move|p2a: Iron Moth|Psychic|p1a: Clodsire
|-supereffective|p1a: Clodsire
|-damage|p1a: Clodsire|29/100
|move|p1a: Clodsire|Earthquake|p2a: Iron Moth
|-damage|p2a: Iron Moth|19/100
|
|upkeep
|turn|7
|
|t:|1779685358
|move|p2a: Iron Moth|Psychic|p1a: Clodsire
|-supereffective|p1a: Clodsire
|-damage|p1a: Clodsire|0 fnt
|faint|p1a: Clodsire
|
|upkeep
|
|t:|1779685360
|switch|p1a: Zapdos|Zapdos|100/100
|turn|8
|
|t:|1779685365
|move|p2a: Iron Moth|Sludge Wave|p1a: Zapdos
|-damage|p1a: Zapdos|0 fnt
|faint|p1a: Zapdos
|
|upkeep
|
|t:|1779685367
|switch|p1a: Enamorus|Enamorus, F|100/100
|turn|9
|
|t:|1779685370
|move|p1a: Enamorus|Moonblast|p2a: Iron Moth
|-damage|p2a: Iron Moth|0 fnt
|faint|p2a: Iron Moth
|-end|p2a: Iron Moth|Quark Drive|[silent]
|
|upkeep
|
|t:|1779685373
|switch|p2a: Gholdengo|Gholdengo|100/100
|-damage|p2a: Gholdengo|94/100|[from] Stealth Rock
|-damage|p2a: Gholdengo|82/100|[from] Spikes
|turn|10
|
|t:|1779685379
|move|p1a: Enamorus|Moonblast|p2a: Gholdengo
|-resisted|p2a: Gholdengo
|-crit|p2a: Gholdengo
|-damage|p2a: Gholdengo|37/100
|-unboost|p2a: Gholdengo|spa|1
|move|p2a: Gholdengo|Make It Rain|p1a: Enamorus
|-supereffective|p1a: Enamorus
|-damage|p1a: Enamorus|0 fnt
|-unboost|p2a: Gholdengo|spa|1
|faint|p1a: Enamorus
|
|win|BiggieChed66
|raw|Dodiabla's rating: 1344 &rarr; <strong>1322</strong><br />(-22 for losing)
|raw|BiggieChed66's rating: 1311 &rarr; <strong>1333</strong><br />(+22 for winning)
|l|☆Dodiabla
|player|p1|
|l|☆BiggieChed66
|player|p2|
