|j|☆yoki
|j|☆MiaTaylor612
|t:|1779684986
|gametype|singles
|player|p1|yoki|2|1428
|player|p2|MiaTaylor612|idol|1454
|gen|9
|tier|[Gen 9] OU
|rated|
|rule|HP Percentage Mod: HP is shown in percentages
|rule|Endless Battle Clause: Forcing endless battles is banned
|rule|Species Clause: Limit one of each Pokémon
|rule|OHKO Clause: OHKO moves are banned
|rule|Evasion Items Clause: Evasion items are banned
|rule|Evasion Moves Clause: Evasion moves are banned
|rule|Evasion Abilities Clause: Evasion abilities are banned
|rule|Sleep Moves Clause: Sleep-inducing moves are banned
|clearpoke
|poke|p1|Slowking-Galar, M|
|poke|p1|Great Tusk|
|poke|p1|Kyurem|
|poke|p1|Keldeo-Resolute|
|poke|p1|Darkrai|
|poke|p1|Zapdos|
|poke|p2|Ogerpon, F|
|poke|p2|Alomomola, M|
|poke|p2|Great Tusk|
|poke|p2|Landorus-Therian, M|
|poke|p2|Iron Crown|
|poke|p2|Enamorus, F|
|teampreview
|inactive|Battle timer is ON: inactive players will automatically lose when time's up. (requested by MiaTaylor612)
|
|t:|1779684995
|teamsize|p1|6
|teamsize|p2|6
|start
|switch|p1a: Keldeo|Keldeo-Resolute|100/100
|switch|p2a: Landorus|Landorus-Therian, M|100/100
|-ability|p2a: Landorus|Intimidate|boost
|-unboost|p1a: Keldeo|atk|1
|turn|1
|
|t:|1779685004
|switch|p2a: Alomomola|Alomomola, M|100/100
|move|p1a: Keldeo|Flip Turn|p2a: Alomomola
|-resisted|p2a: Alomomola
|-damage|p2a: Alomomola|97/100
|
|t:|1779685008
|switch|p1a: Kyurem|Kyurem|100/100|[from] Flip Turn
|-ability|p1a: Kyurem|Pressure
|
|upkeep
|turn|2
|
|t:|1779685025
|switch|p1a: Zapdos|Zapdos, shiny|100/100
|move|p2a: Alomomola|Mirror Coat||[still]
|-fail|p2a: Alomomola
|
|upkeep
|turn|3
|
|t:|1779685031
|move|p1a: Zapdos|Thunder Wave|p2a: Alomomola
|-status|p2a: Alomomola|par
|move|p2a: Alomomola|Mirror Coat||[still]
|-fail|p2a: Alomomola
|
|upkeep
|turn|4
|
|t:|1779685037
|move|p1a: Zapdos|Volt Switch|p2a: Alomomola
|-supereffective|p2a: Alomomola
|-damage|p2a: Alomomola|70/100 par
|
|t:|1779685039
|switch|p1a: Slowking|Slowking-Galar, M|100/100|[from] Volt Switch
|move|p2a: Alomomola|Flip Turn|p1a: Slowking
|-damage|p1a: Slowking|83/100
|
|t:|1779685047
|switch|p2a: Ogerpon|Ogerpon, F|100/100|[from] Flip Turn
|
|upkeep
|turn|5
|
|t:|1779685049
|move|p2a: Ogerpon|Knock Off|p1a: Slowking
|-supereffective|p1a: Slowking
|-enditem|p1a: Slowking|Colbur Berry|[eat]
|-enditem|p1a: Slowking|Colbur Berry|[weaken]
|-damage|p1a: Slowking|35/100
|move|p1a: Slowking|Thunder Wave|p2a: Ogerpon
|-status|p2a: Ogerpon|par
|
|upkeep
|turn|6
|
|t:|1779685057
|switch|p1a: Zapdos|Zapdos, shiny|100/100
|move|p2a: Ogerpon|Knock Off|p1a: Zapdos
|-damage|p1a: Zapdos|67/100
|-enditem|p1a: Zapdos|Heavy-Duty Boots|[from] move: Knock Off|[of] p2a: Ogerpon
|
|upkeep
|turn|7
|
|t:|1779685063
|switch|p2a: Alomomola|Alomomola, M|100/100 par
|move|p1a: Zapdos|Hurricane|p2a: Alomomola|[miss]
|-miss|p1a: Zapdos|p2a: Alomomola
|
|upkeep
|turn|8
|
|t:|1779685067
|switch|p1a: Slowking|Slowking-Galar, M|69/100
|cant|p2a: Alomomola|par
|
|upkeep
|turn|9
|
|t:|1779685071
|move|p2a: Alomomola|Flip Turn|p1a: Slowking
|-damage|p1a: Slowking|51/100
|
|t:|1779685074
|switch|p2a: Landorus|Landorus-Therian, M|100/100|[from] Flip Turn
|-ability|p2a: Landorus|Intimidate|boost
|-unboost|p1a: Slowking|atk|1
|-prepare|p1a: Slowking|Chilly Reception|[premajor]
|move|p1a: Slowking|Chilly Reception|p1a: Slowking
|-weather|Snowscape
|
|t:|1779685082
|switch|p1a: Kyurem|Kyurem|100/100|[from] Chilly Reception
|-ability|p1a: Kyurem|Pressure
|
|-weather|Snowscape|[upkeep]
|upkeep
|turn|10
|
|t:|1779685085
|switch|p2a: Alomomola|Alomomola, M|100/100 par
|-terastallize|p1a: Kyurem|Ice
|move|p1a: Kyurem|Freeze-Dry|p2a: Alomomola
|-supereffective|p2a: Alomomola
|-damage|p2a: Alomomola|26/100 par
|
|-weather|Snowscape|[upkeep]
|upkeep
|turn|11
|
|t:|1779685091
|switch|p2a: Iron Crown|Iron Crown|100/100
|move|p1a: Kyurem|Freeze-Dry|p2a: Iron Crown
|-resisted|p2a: Iron Crown
|-damage|p2a: Iron Crown|63/100
|-status|p2a: Iron Crown|frz
|
|-weather|Snowscape|[upkeep]
|upkeep
|turn|12
|
|t:|1779685109
|switch|p1a: Keldeo|Keldeo-Resolute|100/100
|-curestatus|p2a: Iron Crown|frz|[msg]
|move|p2a: Iron Crown|Tachyon Cutter|p1a: Keldeo
|-resisted|p1a: Keldeo
|-damage|p1a: Keldeo|80/100
|-resisted|p1a: Keldeo
|-damage|p1a: Keldeo|60/100
|-hitcount|p1a: Keldeo|2
|
|-weather|Snowscape|[upkeep]
|-heal|p1a: Keldeo|66/100|[from] item: Leftovers
|upkeep
|turn|13
|
|t:|1779685116
|-end|p2a: Iron Crown|Quark Drive|[silent]
|switch|p2a: Landorus|Landorus-Therian, M|100/100
|-ability|p2a: Landorus|Intimidate|boost
|-unboost|p1a: Keldeo|atk|1
|move|p1a: Keldeo|Flip Turn|p2a: Landorus
|-supereffective|p2a: Landorus
|-damage|p2a: Landorus|82/100
|-damage|p1a: Keldeo|50/100|[from] item: Rocky Helmet|[of] p2a: Landorus
|
|t:|1779685145
|switch|p1a: Kyurem|Kyurem, tera:Ice|100/100|[from] Flip Turn
|-ability|p1a: Kyurem|Pressure
|
|-weather|none
|upkeep
|turn|14
|
|t:|1779685157
|switch|p2a: Iron Crown|Iron Crown|63/100
|move|p1a: Kyurem|Freeze-Dry|p2a: Iron Crown
|-resisted|p2a: Iron Crown
|-damage|p2a: Iron Crown|29/100
|-status|p2a: Iron Crown|frz
|
|upkeep
|turn|15
|
|t:|1779685166
|switch|p1a: Slowking|Slowking-Galar, M|84/100
|cant|p2a: Iron Crown|frz
|
|upkeep
|turn|16
|
|t:|1779685170
|-curestatus|p2a: Iron Crown|frz|[msg]
|move|p2a: Iron Crown|Tachyon Cutter|p1a: Slowking
|-damage|p1a: Slowking|61/100
|-crit|p1a: Slowking
|-damage|p1a: Slowking|24/100
|-hitcount|p1a: Slowking|2
|-prepare|p1a: Slowking|Chilly Reception|[premajor]
|move|p1a: Slowking|Chilly Reception|p1a: Slowking
|-weather|Snowscape
|
|t:|1779685178
|switch|p1a: Darkrai|Darkrai|100/100|[from] Chilly Reception
|
|-weather|Snowscape|[upkeep]
|upkeep
|turn|17
|
|t:|1779685183
|switch|p1a: Kyurem|Kyurem, tera:Ice|100/100
|-ability|p1a: Kyurem|Pressure
|-end|p2a: Iron Crown|Quark Drive|[silent]
|switch|p2a: Alomomola|Alomomola, M|59/100 par
|
|-weather|Snowscape|[upkeep]
|upkeep
|turn|18
|
|t:|1779685188
|switch|p2a: Iron Crown|Iron Crown|29/100
|move|p1a: Kyurem|Freeze-Dry|p2a: Iron Crown
|-resisted|p2a: Iron Crown
|-damage|p2a: Iron Crown|0 fnt
|faint|p2a: Iron Crown
|-end|p2a: Iron Crown|Quark Drive|[silent]
|
|-weather|Snowscape|[upkeep]
|upkeep
|
|t:|1779685193
|switch|p2a: Enamorus|Enamorus, F|100/100
|turn|19
|
|t:|1779685201
|switch|p1a: Slowking|Slowking-Galar, M|57/100
|move|p2a: Enamorus|Mystical Fire|p1a: Slowking
|-damage|p1a: Slowking|37/100
|-unboost|p1a: Slowking|spa|1
|
|-weather|Snowscape|[upkeep]
|upkeep
|turn|20
|
|t:|1779685213
|move|p2a: Enamorus|Mystical Fire|p1a: Slowking
|-damage|p1a: Slowking|19/100
|-unboost|p1a: Slowking|spa|1
|-prepare|p1a: Slowking|Chilly Reception|[premajor]
|move|p1a: Slowking|Chilly Reception|p1a: Slowking
|
|t:|1779685231
|switch|p1a: Zapdos|Zapdos, shiny|67/100|[from] Chilly Reception
|
|-weather|none
|upkeep
|turn|21
|
|t:|1779685240
|switch|p2a: Landorus|Landorus-Therian, M|82/100
|-ability|p2a: Landorus|Intimidate|boost
|-unboost|p1a: Zapdos|atk|1
|move|p1a: Zapdos|Roost|p1a: Zapdos
|-heal|p1a: Zapdos|100/100
|-singleturn|p1a: Zapdos|move: Roost
|
|upkeep
|turn|22
|
|t:|1779685245
|move|p2a: Landorus|Stealth Rock|p1a: Zapdos
|-sidestart|p1: yoki|move: Stealth Rock
|move|p1a: Zapdos|Hurricane|p2a: Landorus
|-damage|p2a: Landorus|35/100
|-start|p2a: Landorus|confusion
|
|upkeep
|turn|23
|
|t:|1779685251
|switch|p2a: Alomomola|Alomomola, M|92/100 par
|move|p1a: Zapdos|Hurricane|p2a: Alomomola
|-damage|p2a: Alomomola|69/100 par
|
|upkeep
|turn|24
|inactive|MiaTaylor612 has 120 seconds left.
|
|t:|1779685292
|switch|p1a: Slowking|Slowking-Galar, M|52/100
|-damage|p1a: Slowking|40/100|[from] Stealth Rock
|move|p2a: Alomomola|Flip Turn|p1a: Slowking
|-damage|p1a: Slowking|23/100
|
|t:|1779685300
|switch|p2a: Enamorus|Enamorus, F|100/100|[from] Flip Turn
|
|upkeep
|turn|25
|
|t:|1779685309
|switch|p1a: Keldeo|Keldeo-Resolute|50/100
|-damage|p1a: Keldeo|44/100|[from] Stealth Rock
|move|p2a: Enamorus|Moonblast|p1a: Keldeo
|-supereffective|p1a: Keldeo
|-damage|p1a: Keldeo|0 fnt
|faint|p1a: Keldeo
|
|upkeep
|
|t:|1779685312
|switch|p1a: Slowking|Slowking-Galar, M|57/100
|-damage|p1a: Slowking|44/100|[from] Stealth Rock
|turn|26
|
|t:|1779685318
|move|p2a: Enamorus|Moonblast|p1a: Slowking
|-resisted|p1a: Slowking
|-damage|p1a: Slowking|27/100
|-unboost|p1a: Slowking|spa|1
|-prepare|p1a: Slowking|Chilly Reception|[premajor]
|move|p1a: Slowking|Chilly Reception|p1a: Slowking
|-weather|Snowscape
|
|t:|1779685330
|switch|p1a: Zapdos|Zapdos, shiny|100/100|[from] Chilly Reception
|-damage|p1a: Zapdos|76/100|[from] Stealth Rock
|
|-weather|Snowscape|[upkeep]
|upkeep
|turn|27
|
|t:|1779685351
|move|p2a: Enamorus|Moonblast|p1a: Zapdos
|-damage|p1a: Zapdos|21/100
|move|p1a: Zapdos|Thunder Wave|p2a: Enamorus
|-status|p2a: Enamorus|par
|
|-weather|Snowscape|[upkeep]
|upkeep
|turn|28
|
|t:|1779685357
|move|p1a: Zapdos|Roost|p1a: Zapdos
|-heal|p1a: Zapdos|71/100
|-singleturn|p1a: Zapdos|move: Roost
|move|p2a: Enamorus|Moonblast|p1a: Zapdos
|-damage|p1a: Zapdos|15/100
|
|-weather|Snowscape|[upkeep]
|upkeep
|turn|29
|
|t:|1779685363
|move|p1a: Zapdos|Roost|p1a: Zapdos
|-heal|p1a: Zapdos|65/100
|-singleturn|p1a: Zapdos|move: Roost
|move|p2a: Enamorus|Moonblast|p1a: Zapdos
|-damage|p1a: Zapdos|10/100
|
|-weather|Snowscape|[upkeep]
|upkeep
|turn|30
|
|t:|1779685371
|move|p1a: Zapdos|Roost|p1a: Zapdos
|-heal|p1a: Zapdos|61/100
|-singleturn|p1a: Zapdos|move: Roost
|move|p2a: Enamorus|Moonblast|p1a: Zapdos
|-damage|p1a: Zapdos|4/100
|
|-weather|none
|upkeep
|turn|31
|
|t:|1779685376
|move|p1a: Zapdos|Volt Switch|p2a: Enamorus
|-supereffective|p2a: Enamorus
|-damage|p2a: Enamorus|25/100 par
|
|t:|1779685379
|switch|p1a: Slowking|Slowking-Galar, M|61/100|[from] Volt Switch
|-damage|p1a: Slowking|48/100|[from] Stealth Rock
|move|p2a: Enamorus|Moonblast|p1a: Slowking
|-resisted|p1a: Slowking
|-damage|p1a: Slowking|30/100
|
|upkeep
|turn|32
|
|t:|1779685386
|move|p2a: Enamorus|Moonblast|p1a: Slowking
|-resisted|p1a: Slowking
|-damage|p1a: Slowking|12/100
|-unboost|p1a: Slowking|spa|1
|move|p1a: Slowking|Sludge Bomb|p2a: Enamorus
|-supereffective|p2a: Enamorus
|-damage|p2a: Enamorus|0 fnt
|faint|p2a: Enamorus
|
|upkeep
|
|t:|1779685391
|switch|p2a: Great Tusk|Great Tusk|100/100
|turn|33
|
|t:|1779685394
|switch|p1a: Zapdos|Zapdos, shiny|4/100
|-damage|p1a: Zapdos|0 fnt|[from] Stealth Rock
|faint|p1a: Zapdos
|move|p2a: Great Tusk|Rapid Spin|p1: Zapdos|[notarget]
|-fail|p2a: Great Tusk
|
|upkeep
|
|t:|1779685400
|switch|p1a: Kyurem|Kyurem, tera:Ice|100/100
|-damage|p1a: Kyurem|76/100|[from] Stealth Rock
|-ability|p1a: Kyurem|Pressure
|turn|34
|
|t:|1779685403
|-end|p2a: Great Tusk|Protosynthesis|[silent]
|switch|p2a: Ogerpon|Ogerpon, F|100/100 par
|move|p1a: Kyurem|Freeze-Dry|p2a: Ogerpon
|-supereffective|p2a: Ogerpon
|-damage|p2a: Ogerpon|0 fnt
|faint|p2a: Ogerpon
|
|upkeep
|
|t:|1779685405
|switch|p2a: Alomomola|Alomomola, M|100/100 par
|turn|35
|
|t:|1779685411
|switch|p1a: Great Tusk|Great Tusk|100/100
|-damage|p1a: Great Tusk|97/100|[from] Stealth Rock
|cant|p2a: Alomomola|par
|
|-heal|p1a: Great Tusk|100/100|[from] item: Leftovers
|upkeep
|turn|36
|
|t:|1779685416
|move|p1a: Great Tusk|Rapid Spin|p2a: Alomomola
|-damage|p2a: Alomomola|87/100 par
|-boost|p1a: Great Tusk|spe|1
|-sideend|p1: yoki|Stealth Rock|[from] move: Rapid Spin|[of] p1a: Great Tusk
|move|p2a: Alomomola|Flip Turn|p1a: Great Tusk
|-supereffective|p1a: Great Tusk
|-damage|p1a: Great Tusk|76/100
|
|t:|1779685422
|switch|p2a: Landorus|Landorus-Therian, M|35/100|[from] Flip Turn
|-ability|p2a: Landorus|Intimidate|boost
|-unboost|p1a: Great Tusk|atk|1
|
|-heal|p1a: Great Tusk|82/100|[from] item: Leftovers
|upkeep
|turn|37
|
|t:|1779685425
|move|p1a: Great Tusk|Ice Spinner|p2a: Landorus
|-supereffective|p2a: Landorus
|-damage|p2a: Landorus|0 fnt
|-damage|p1a: Great Tusk|65/100|[from] item: Rocky Helmet|[of] p2a: Landorus
|faint|p2a: Landorus
|
|-heal|p1a: Great Tusk|71/100|[from] item: Leftovers
|upkeep
|
|t:|1779685427
|switch|p2a: Great Tusk|Great Tusk|100/100
|turn|38
|
|t:|1779685442
|move|p1a: Great Tusk|Ice Spinner|p2a: Great Tusk
|-supereffective|p2a: Great Tusk
|-damage|p2a: Great Tusk|76/100
|move|p2a: Great Tusk|Rapid Spin|p1a: Great Tusk
|-damage|p1a: Great Tusk|59/100
|-boost|p2a: Great Tusk|spe|1
|
|-heal|p1a: Great Tusk|65/100|[from] item: Leftovers
|upkeep
|turn|39
|inactive|MiaTaylor612 has 120 seconds left.
|
|t:|1779685475
|-end|p1a: Great Tusk|Protosynthesis|[silent]
|switch|p1a: Slowking|Slowking-Galar, M|45/100
|move|p2a: Great Tusk|Ice Spinner|p1a: Slowking
|-damage|p1a: Slowking|18/100
|
|upkeep
|turn|40
|
|t:|1779685482
|move|p2a: Great Tusk|Ice Spinner|p1a: Slowking
|-damage|p1a: Slowking|0 fnt
|faint|p1a: Slowking
|
|upkeep
|
|t:|1779685494
|switch|p1a: Darkrai|Darkrai|100/100
|turn|41
|
|t:|1779685497
|move|p2a: Great Tusk|Close Combat|p1a: Darkrai
|-supereffective|p1a: Darkrai
|-damage|p1a: Darkrai|0 fnt
|-unboost|p2a: Great Tusk|def|1
|-unboost|p2a: Great Tusk|spd|1
|faint|p1a: Darkrai
|
|upkeep
|
|t:|1779685520
|switch|p1a: Great Tusk|Great Tusk|65/100
|turn|42
|
|t:|1779685529
|move|p2a: Great Tusk|Ice Spinner|p1a: Great Tusk
|-supereffective|p1a: Great Tusk
|-damage|p1a: Great Tusk|23/100
|move|p1a: Great Tusk|Ice Spinner|p2a: Great Tusk
|-supereffective|p2a: Great Tusk
|-damage|p2a: Great Tusk|20/100
|
|-heal|p1a: Great Tusk|30/100|[from] item: Leftovers
|upkeep
|turn|43
|
|t:|1779685533
|move|p2a: Great Tusk|Ice Spinner|p1a: Great Tusk
|-supereffective|p1a: Great Tusk
|-damage|p1a: Great Tusk|0 fnt
|faint|p1a: Great Tusk
|-end|p1a: Great Tusk|Protosynthesis|[silent]
|
|upkeep
|
|t:|1779685535
|switch|p1a: Kyurem|Kyurem, tera:Ice|76/100
|-ability|p1a: Kyurem|Pressure
|turn|44
|
|t:|1779685537
|move|p2a: Great Tusk|Close Combat|p1a: Kyurem
|-supereffective|p1a: Kyurem
|-damage|p1a: Kyurem|0 fnt
|-unboost|p2a: Great Tusk|def|1
|-unboost|p2a: Great Tusk|spd|1
|faint|p1a: Kyurem
|
|win|MiaTaylor612
|raw|yoki's rating: 1428 &rarr; <strong>1409</strong><br />(-19 for losing)
|raw|MiaTaylor612's rating: 1454 &rarr; <strong>1473</strong><br />(+19 for winning)
|l|☆yoki
|player|p1|
|l|☆MiaTaylor612
|player|p2|
