|inactive|Battle timer is ON: inactive players will automatically lose when time's up.
|t:|1779571887
|gametype|singles
|player|p1|corperaten|winona-gen3|
|player|p2|KeshBa45|red|
|gen|9
|tier|[Gen 9] OU
|rule|HP Percentage Mod: HP is shown in percentages
|rule|Endless Battle Clause: Forcing endless battles is banned
|rule|Species Clause: Limit one of each Pokémon
|rule|OHKO Clause: OHKO moves are banned
|rule|Evasion Items Clause: Evasion items are banned
|rule|Evasion Moves Clause: Evasion moves are banned
|rule|Evasion Abilities Clause: Evasion abilities are banned
|rule|Sleep Moves Clause: Sleep-inducing moves are banned
|clearpoke
|poke|p1|Hatterene, F|
|poke|p1|Great Tusk|
|poke|p1|Tornadus-Therian, M|
|poke|p1|Kyurem|
|poke|p1|Slowking-Galar, F|
|poke|p1|Kingambit, F|
|poke|p2|Gliscor, M|
|poke|p2|Ting-Lu|
|poke|p2|Gholdengo|
|poke|p2|Slither Wing|
|poke|p2|Walking Wake|
|poke|p2|Pecharunt|
|teampreview
|c|☆corperaten|hf
|inactive|corperaten has 270 seconds left.
|inactive|corperaten has 240 seconds left.
|
|t:|1779571964
|teamsize|p1|6
|teamsize|p2|6
|start
|switch|p1a: Tornadus|Tornadus-Therian, M|100/100
|switch|p2a: Gliscor|Gliscor, M|100/100
|turn|1
|inactive|KeshBa45 has 270 seconds left.
|
|t:|1779572004
|switch|p1a: Kyurem|Kyurem|100/100
|-ability|p1a: Kyurem|Pressure
|move|p2a: Gliscor|Protect||[still]
|-fail|p2a: Gliscor
|
|-status|p2a: Gliscor|tox|[from] item: Toxic Orb
|upkeep
|turn|2
|inactive|KeshBa45 has 240 seconds left.
|
|t:|1779572054
|-terastallize|p2a: Gliscor|Normal
|move|p1a: Kyurem|Freeze-Dry|p2a: Gliscor
|-damage|p2a: Gliscor|47/100 tox
|move|p2a: Gliscor|Facade|p1a: Kyurem
|-damage|p1a: Kyurem|55/100
|
|-heal|p2a: Gliscor|59/100 tox|[from] ability: Poison Heal
|upkeep
|turn|3
|
|t:|1779572077
|switch|p1a: Great Tusk|Great Tusk|100/100
|move|p2a: Gliscor|Protect||[still]
|-fail|p2a: Gliscor
|
|-heal|p2a: Gliscor|72/100 tox|[from] ability: Poison Heal
|upkeep
|turn|4
|inactive|KeshBa45 has 210 seconds left.
|inactive|KeshBa45 has 180 seconds left.
|
|t:|1779572135
|switch|p2a: Slither Wing|Slither Wing|100/100
|move|p1a: Great Tusk|Stealth Rock|p2a: Slither Wing
|-sidestart|p2: KeshBa45|move: Stealth Rock
|
|upkeep
|turn|5
|inactive|KeshBa45 has 180 seconds left.
|
|t:|1779572170
|-end|p1a: Great Tusk|Protosynthesis|[silent]
|switch|p1a: Tornadus|Tornadus-Therian, M|100/100
|move|p2a: Slither Wing|U-turn|p1a: Tornadus
|-resisted|p1a: Tornadus
|-damage|p1a: Tornadus|81/100
|
|t:|1779572174
|-end|p2a: Slither Wing|Protosynthesis|[silent]
|switch|p2a: Gliscor|Gliscor, M, tera:Normal|72/100 tox|[from] U-turn
|-damage|p2a: Gliscor|59/100 tox|[from] Stealth Rock
|
|-heal|p2a: Gliscor|72/100 tox|[from] ability: Poison Heal
|upkeep
|turn|6
|
|t:|1779572177
|move|p1a: Tornadus|U-turn|p2a: Gliscor
|-damage|p2a: Gliscor|60/100 tox
|
|t:|1779572182
|switch|p1a: Great Tusk|Great Tusk|100/100|[from] U-turn
|move|p2a: Gliscor|Knock Off|p1a: Great Tusk
|-resisted|p1a: Great Tusk
|-damage|p1a: Great Tusk|93/100
|-damage|p2a: Gliscor|43/100 tox|[from] item: Rocky Helmet|[of] p1a: Great Tusk
|-enditem|p1a: Great Tusk|Rocky Helmet|[from] move: Knock Off|[of] p2a: Gliscor
|
|-heal|p2a: Gliscor|56/100 tox|[from] ability: Poison Heal
|upkeep
|turn|7
|inactive|corperaten has 270 seconds left.
|
|t:|1779572212
|move|p2a: Gliscor|Protect|p2a: Gliscor
|-singleturn|p2a: Gliscor|Protect
|move|p1a: Great Tusk|Headlong Rush|p2a: Gliscor
|-activate|p2a: Gliscor|move: Protect
|
|-heal|p2a: Gliscor|68/100 tox|[from] ability: Poison Heal
|upkeep
|turn|8
|
|t:|1779572227
|switch|p2a: Slither Wing|Slither Wing|100/100
|move|p1a: Great Tusk|Headlong Rush|p2a: Slither Wing
|-resisted|p2a: Slither Wing
|-damage|p2a: Slither Wing|74/100
|-unboost|p1a: Great Tusk|def|1
|-unboost|p1a: Great Tusk|spd|1
|
|upkeep
|turn|9
|
|t:|1779572241
|-end|p1a: Great Tusk|Protosynthesis|[silent]
|switch|p1a: Tornadus|Tornadus-Therian, M|100/100
|move|p2a: Slither Wing|U-turn|p1a: Tornadus
|-resisted|p1a: Tornadus
|-damage|p1a: Tornadus|81/100
|
|t:|1779572251
|-end|p2a: Slither Wing|Protosynthesis|[silent]
|switch|p2a: Gliscor|Gliscor, M, tera:Normal|68/100 tox|[from] U-turn
|-damage|p2a: Gliscor|56/100 tox|[from] Stealth Rock
|
|-heal|p2a: Gliscor|68/100 tox|[from] ability: Poison Heal
|upkeep
|turn|10
|inactive|KeshBa45 has 180 seconds left.
|
|t:|1779572268
|move|p2a: Gliscor|Protect|p2a: Gliscor
|-singleturn|p2a: Gliscor|Protect
|move|p1a: Tornadus|Bleakwind Storm|p2a: Gliscor
|-activate|p2a: Gliscor|move: Protect
|
|-heal|p2a: Gliscor|81/100 tox|[from] ability: Poison Heal
|upkeep
|turn|11
|
|t:|1779572295
|move|p1a: Tornadus|Bleakwind Storm|p2a: Gliscor|[miss]
|-miss|p1a: Tornadus|p2a: Gliscor
|move|p2a: Gliscor|Facade|p1a: Tornadus
|-damage|p1a: Tornadus|28/100
|
|-heal|p2a: Gliscor|93/100 tox|[from] ability: Poison Heal
|upkeep
|turn|12
|
|t:|1779572303
|move|p1a: Tornadus|U-turn|p2a: Gliscor
|-damage|p2a: Gliscor|82/100 tox
|
|t:|1779572309
|switch|p1a: Kingambit|Kingambit, F|100/100|[from] U-turn
|move|p2a: Gliscor|Facade|p1a: Kingambit
|-resisted|p1a: Kingambit
|-damage|p1a: Kingambit|84/100
|
|-heal|p1a: Kingambit|90/100|[from] item: Leftovers
|-heal|p2a: Gliscor|94/100 tox|[from] ability: Poison Heal
|upkeep
|turn|13
|
|t:|1779572321
|switch|p2a: Slither Wing|Slither Wing|74/100
|move|p1a: Kingambit|Swords Dance|p1a: Kingambit
|-boost|p1a: Kingambit|atk|2
|
|-heal|p1a: Kingambit|97/100|[from] item: Leftovers
|upkeep
|turn|14
|inactive|KeshBa45 has 180 seconds left.
|inactive|corperaten has 270 seconds left.
|inactive|KeshBa45 has 150 seconds left.
|
|t:|1779572388
|-end|p1a: Kingambit|fallenundefined|[silent]
|switch|p1a: Slowking|Slowking-Galar, F|100/100
|move|p2a: Slither Wing|U-turn|p1a: Slowking
|-damage|p1a: Slowking|79/100
|
|t:|1779572402
|-end|p2a: Slither Wing|Protosynthesis|[silent]
|switch|p2a: Ting-Lu|Ting-Lu|100/100|[from] U-turn
|-damage|p2a: Ting-Lu|94/100|[from] Stealth Rock
|-ability|p2a: Ting-Lu|Vessel of Ruin
|
|-heal|p2a: Ting-Lu|100/100|[from] item: Leftovers
|-heal|p1a: Slowking|85/100|[from] item: Black Sludge
|upkeep
|turn|15
|inactive|corperaten has 270 seconds left.
|
|t:|1779572412
|switch|p1a: Hatterene|Hatterene, F|100/100
|move|p2a: Ting-Lu|Stealth Rock|p1a: Hatterene
|move|p1a: Hatterene|Stealth Rock||[from] ability: Magic Bounce|[still]
|-fail|p1a: Hatterene
|
|upkeep
|turn|16
|
|t:|1779572418
|move|p2a: Ting-Lu|Ruination|p1a: Hatterene
|-damage|p1a: Hatterene|51/100
|move|p1a: Hatterene|Psychic Noise|p2a: Ting-Lu
|-immune|p2a: Ting-Lu
|
|upkeep
|turn|17
|inactive|KeshBa45 has 150 seconds left.
|
|t:|1779572447
|switch|p2a: Gholdengo|Gholdengo|100/100
|-damage|p2a: Gholdengo|94/100|[from] Stealth Rock
|move|p1a: Hatterene|Pain Split|p2a: Gholdengo
|-immune|p2a: Gholdengo|[from] ability: Good as Gold
|
|upkeep
|turn|18
|inactive|corperaten has 270 seconds left.
|
|t:|1779572483
|switch|p1a: Slowking|Slowking-Galar, F|100/100
|move|p2a: Gholdengo|Shadow Ball|p1a: Slowking
|-supereffective|p1a: Slowking
|-damage|p1a: Slowking|27/100
|-unboost|p1a: Slowking|spd|1
|
|-heal|p1a: Slowking|33/100|[from] item: Black Sludge
|upkeep
|turn|19
|
|t:|1779572496
|switch|p1a: Kingambit|Kingambit, F|97/100
|move|p2a: Gholdengo|Shadow Ball|p1a: Kingambit
|-resisted|p1a: Kingambit
|-damage|p1a: Kingambit|75/100
|
|-heal|p1a: Kingambit|81/100|[from] item: Leftovers
|upkeep
|turn|20
|inactive|corperaten has 270 seconds left.
|
|t:|1779572518
|-end|p1a: Kingambit|fallenundefined|[silent]
|switch|p1a: Hatterene|Hatterene, F|51/100
|move|p2a: Gholdengo|Shadow Ball|p1a: Hatterene
|-supereffective|p1a: Hatterene
|-damage|p1a: Hatterene|0 fnt
|faint|p1a: Hatterene
|
|upkeep
|
|t:|1779572520
|switch|p1a: Kyurem|Kyurem|55/100
|-ability|p1a: Kyurem|Pressure
|turn|21
|inactive|KeshBa45 has 120 seconds left.
|
|t:|1779572568
|switch|p2a: Gliscor|Gliscor, M, tera:Normal|94/100 tox
|-damage|p2a: Gliscor|82/100 tox|[from] Stealth Rock
|move|p1a: Kyurem|Earth Power|p2a: Gliscor
|-damage|p2a: Gliscor|39/100 tox
|
|-heal|p2a: Gliscor|52/100 tox|[from] ability: Poison Heal
|upkeep
|turn|22
|
|t:|1779572580
|move|p1a: Kyurem|Earth Power|p2a: Gliscor
|-damage|p2a: Gliscor|10/100 tox
|move|p2a: Gliscor|Facade|p1a: Kyurem
|-damage|p1a: Kyurem|9/100
|
|-heal|p2a: Gliscor|23/100 tox|[from] ability: Poison Heal
|upkeep
|turn|23
|
|t:|1779572584
|move|p2a: Gliscor|Protect|p2a: Gliscor
|-singleturn|p2a: Gliscor|Protect
|move|p1a: Kyurem|Earth Power|p2a: Gliscor
|-activate|p2a: Gliscor|move: Protect
|
|-heal|p2a: Gliscor|35/100 tox|[from] ability: Poison Heal
|upkeep
|turn|24
|
|t:|1779572588
|switch|p1a: Tornadus|Tornadus-Therian, M|61/100
|switch|p2a: Slither Wing|Slither Wing|74/100
|
|upkeep
|turn|25
|
|t:|1779572597
|-end|p2a: Slither Wing|Protosynthesis|[silent]
|switch|p2a: Ting-Lu|Ting-Lu|100/100
|-damage|p2a: Ting-Lu|94/100|[from] Stealth Rock
|-ability|p2a: Ting-Lu|Vessel of Ruin
|move|p1a: Tornadus|U-turn|p2a: Ting-Lu
|-supereffective|p2a: Ting-Lu
|-damage|p2a: Ting-Lu|79/100
|
|t:|1779572622
|switch|p1a: Kyurem|Kyurem|9/100|[from] U-turn
|-ability|p1a: Kyurem|Pressure
|
|-heal|p2a: Ting-Lu|85/100|[from] item: Leftovers
|upkeep
|turn|26
|
|t:|1779572640
|switch|p2a: Gliscor|Gliscor, M, tera:Normal|35/100 tox
|-damage|p2a: Gliscor|23/100 tox|[from] Stealth Rock
|-terastallize|p1a: Kyurem|Ice
|move|p1a: Kyurem|Blizzard|p2a: Gliscor
|-damage|p2a: Gliscor|0 fnt
|faint|p2a: Gliscor
|
|upkeep
|inactive|KeshBa45 has 120 seconds left.
|
|t:|1779572651
|switch|p2a: Walking Wake|Walking Wake|100/100
|turn|27
|
|t:|1779572654
|switch|p1a: Tornadus|Tornadus-Therian, M|94/100
|move|p2a: Walking Wake|Flip Turn|p1a: Tornadus
|-damage|p1a: Tornadus|76/100
|
|t:|1779572657
|-end|p2a: Walking Wake|Protosynthesis|[silent]
|switch|p2a: Ting-Lu|Ting-Lu|85/100|[from] Flip Turn
|-damage|p2a: Ting-Lu|79/100|[from] Stealth Rock
|-ability|p2a: Ting-Lu|Vessel of Ruin
|
|-heal|p2a: Ting-Lu|85/100|[from] item: Leftovers
|upkeep
|turn|28
|
|t:|1779572664
|move|p1a: Tornadus|U-turn|p2a: Ting-Lu
|-supereffective|p2a: Ting-Lu
|-damage|p2a: Ting-Lu|70/100
|
|t:|1779572666
|switch|p1a: Kyurem|Kyurem, tera:Ice|9/100|[from] U-turn
|-ability|p1a: Kyurem|Pressure
|move|p2a: Ting-Lu|Stealth Rock|p1a: Kyurem
|-sidestart|p1: corperaten|move: Stealth Rock
|
|-heal|p2a: Ting-Lu|76/100|[from] item: Leftovers
|upkeep
|turn|29
|inactive|KeshBa45 has 150 seconds left.
|
|t:|1779572688
|switch|p2a: Gholdengo|Gholdengo|94/100
|-damage|p2a: Gholdengo|88/100|[from] Stealth Rock
|move|p1a: Kyurem|Ice Beam|p2a: Gholdengo
|-resisted|p2a: Gholdengo
|-damage|p2a: Gholdengo|34/100
|
|upkeep
|turn|30
|
|t:|1779572703
|switch|p1a: Tornadus|Tornadus-Therian, M|100/100
|-damage|p1a: Tornadus|76/100|[from] Stealth Rock
|move|p2a: Gholdengo|Shadow Ball|p1a: Tornadus
|-crit|p1a: Tornadus
|-damage|p1a: Tornadus|33/100
|
|upkeep
|turn|31
|inactive|KeshBa45 has 150 seconds left.
|
|t:|1779572715
|move|p2a: Gholdengo|Shadow Ball|p1a: Tornadus
|-damage|p1a: Tornadus|3/100
|move|p1a: Tornadus|Knock Off|p2a: Gholdengo
|-supereffective|p2a: Gholdengo
|-crit|p2a: Gholdengo
|-damage|p2a: Gholdengo|0 fnt
|-enditem|p2a: Gholdengo|Choice Scarf|[from] move: Knock Off|[of] p1a: Tornadus
|faint|p2a: Gholdengo
|
|upkeep
|
|t:|1779572722
|switch|p2a: Slither Wing|Slither Wing|74/100
|turn|32
|inactive|KeshBa45 has 150 seconds left.
|inactive|KeshBa45 has 120 seconds left.
|
|t:|1779572774
|switch|p1a: Great Tusk|Great Tusk|93/100
|-damage|p1a: Great Tusk|91/100|[from] Stealth Rock
|-end|p2a: Slither Wing|Protosynthesis|[silent]
|switch|p2a: Pecharunt|Pecharunt|100/100
|
|upkeep
|turn|33
|
|t:|1779572782
|move|p1a: Great Tusk|Headlong Rush|p2a: Pecharunt
|-supereffective|p2a: Pecharunt
|-damage|p2a: Pecharunt|37/100
|-unboost|p1a: Great Tusk|def|1
|-unboost|p1a: Great Tusk|spd|1
|move|p2a: Pecharunt|Parting Shot|p1a: Great Tusk
|-unboost|p1a: Great Tusk|atk|1
|-unboost|p1a: Great Tusk|spa|1
|
|t:|1779572785
|switch|p2a: Walking Wake|Walking Wake|100/100|[from] Parting Shot
|
|upkeep
|turn|34
|
|t:|1779572792
|-end|p1a: Great Tusk|Protosynthesis|[silent]
|switch|p1a: Kyurem|Kyurem, tera:Ice|9/100
|-damage|p1a: Kyurem|0 fnt|[from] Stealth Rock
|faint|p1a: Kyurem
|move|p2a: Walking Wake|Surf|p1: Kyurem|[notarget]
|-fail|p2a: Walking Wake
|
|upkeep
|
|t:|1779572804
|switch|p1a: Slowking|Slowking-Galar, F|66/100
|-damage|p1a: Slowking|54/100|[from] Stealth Rock
|turn|35
|
|t:|1779572826
|move|p2a: Walking Wake|Knock Off|p1a: Slowking
|-supereffective|p1a: Slowking
|-damage|p1a: Slowking|31/100
|-enditem|p1a: Slowking|Black Sludge|[from] move: Knock Off|[of] p2a: Walking Wake
|move|p1a: Slowking|Trick|p2a: Walking Wake
|-activate|p1a: Slowking|move: Trick|[of] p2a: Walking Wake
|-enditem|p2a: Walking Wake|Heavy-Duty Boots|[silent]|[from] move: Trick
|-item|p1a: Slowking|Heavy-Duty Boots|[from] move: Trick
|
|upkeep
|turn|36
|inactive|corperaten has 270 seconds left.
|
|t:|1779572845
|move|p2a: Walking Wake|Surf|p1a: Slowking
|-damage|p1a: Slowking|0 fnt
|faint|p1a: Slowking
|
|upkeep
|
|t:|1779572849
|switch|p1a: Tornadus|Tornadus-Therian, M|36/100
|-damage|p1a: Tornadus|11/100|[from] Stealth Rock
|turn|37
|
|t:|1779572856
|move|p1a: Tornadus|Bleakwind Storm|p2a: Walking Wake|[miss]
|-miss|p1a: Tornadus|p2a: Walking Wake
|move|p2a: Walking Wake|Surf|p1a: Tornadus
|-damage|p1a: Tornadus|0 fnt
|faint|p1a: Tornadus
|
|upkeep
|
|t:|1779572861
|switch|p1a: Kingambit|Kingambit, F|81/100
|-damage|p1a: Kingambit|75/100|[from] Stealth Rock
|-activate|p1a: Kingambit|ability: Supreme Overlord
|-start|p1a: Kingambit|fallen4|[silent]
|turn|38
|
|t:|1779572868
|move|p2a: Walking Wake|Surf|p1a: Kingambit
|-damage|p1a: Kingambit|31/100
|move|p1a: Kingambit|Swords Dance|p1a: Kingambit
|-boost|p1a: Kingambit|atk|2
|
|-heal|p1a: Kingambit|38/100|[from] item: Leftovers
|upkeep
|turn|39
|inactive|KeshBa45 has 150 seconds left.
|
|t:|1779572899
|move|p1a: Kingambit|Sucker Punch|p2a: Walking Wake
|-damage|p2a: Walking Wake|0 fnt
|faint|p2a: Walking Wake
|-end|p2a: Walking Wake|Protosynthesis|[silent]
|
|-heal|p1a: Kingambit|44/100|[from] item: Leftovers
|upkeep
|
|t:|1779572905
|switch|p2a: Slither Wing|Slither Wing|74/100
|turn|40
|
|t:|1779572909
|-end|p1a: Kingambit|fallen4|[silent]
|switch|p1a: Great Tusk|Great Tusk|91/100
|-damage|p1a: Great Tusk|88/100|[from] Stealth Rock
|move|p2a: Slither Wing|Will-O-Wisp|p1a: Great Tusk
|-status|p1a: Great Tusk|brn
|
|-damage|p1a: Great Tusk|81/100 brn|[from] brn
|upkeep
|turn|41
|
|t:|1779572912
|move|p1a: Great Tusk|Rapid Spin|p2a: Slither Wing
|-damage|p2a: Slither Wing|67/100
|-boost|p1a: Great Tusk|spe|1
|-sideend|p1: corperaten|Stealth Rock|[from] move: Rapid Spin|[of] p1a: Great Tusk
|move|p2a: Slither Wing|Morning Sun|p2a: Slither Wing
|-heal|p2a: Slither Wing|100/100
|
|-damage|p1a: Great Tusk|75/100 brn|[from] brn
|upkeep
|turn|42
|
|t:|1779572917
|move|p1a: Great Tusk|Ice Spinner|p2a: Slither Wing
|-damage|p2a: Slither Wing|89/100
|move|p2a: Slither Wing|U-turn|p1a: Great Tusk
|-resisted|p1a: Great Tusk
|-damage|p1a: Great Tusk|63/100 brn
|
|t:|1779572921
|-end|p2a: Slither Wing|Protosynthesis|[silent]
|switch|p2a: Pecharunt|Pecharunt|37/100|[from] U-turn
|
|-damage|p1a: Great Tusk|57/100 brn|[from] brn
|upkeep
|turn|43
|
|t:|1779572925
|-end|p1a: Great Tusk|Protosynthesis|[silent]
|switch|p1a: Kingambit|Kingambit, F|44/100
|-activate|p1a: Kingambit|ability: Supreme Overlord
|-start|p1a: Kingambit|fallen4|[silent]
|move|p2a: Pecharunt|Foul Play|p1a: Kingambit
|-resisted|p1a: Kingambit
|-damage|p1a: Kingambit|30/100
|
|-heal|p1a: Kingambit|36/100|[from] item: Leftovers
|upkeep
|turn|44
|
|t:|1779572935
|move|p2a: Pecharunt|Parting Shot|p1a: Kingambit
|-unboost|p1a: Kingambit|atk|1
|-unboost|p1a: Kingambit|spa|1
|
|t:|1779572936
|switch|p2a: Slither Wing|Slither Wing|89/100|[from] Parting Shot
|move|p1a: Kingambit|Iron Head|p2a: Slither Wing
|-damage|p2a: Slither Wing|55/100
|
|-heal|p1a: Kingambit|42/100|[from] item: Leftovers
|upkeep
|turn|45
|
|t:|1779572940
|-end|p1a: Kingambit|fallen4|[silent]
|switch|p1a: Great Tusk|Great Tusk|57/100 brn
|move|p2a: Slither Wing|Morning Sun|p2a: Slither Wing
|-heal|p2a: Slither Wing|100/100
|
|-damage|p1a: Great Tusk|51/100 brn|[from] brn
|upkeep
|turn|46
|
|t:|1779572943
|-end|p2a: Slither Wing|Protosynthesis|[silent]
|switch|p2a: Ting-Lu|Ting-Lu|76/100
|-damage|p2a: Ting-Lu|70/100|[from] Stealth Rock
|-ability|p2a: Ting-Lu|Vessel of Ruin
|move|p1a: Great Tusk|Ice Spinner|p2a: Ting-Lu
|-supereffective|p2a: Ting-Lu
|-damage|p2a: Ting-Lu|55/100
|
|-heal|p2a: Ting-Lu|61/100|[from] item: Leftovers
|-damage|p1a: Great Tusk|45/100 brn|[from] brn
|upkeep
|turn|47
|
|t:|1779572948
|move|p1a: Great Tusk|Ice Spinner|p2a: Ting-Lu
|-supereffective|p2a: Ting-Lu
|-damage|p2a: Ting-Lu|46/100
|move|p2a: Ting-Lu|Spikes|p1a: Great Tusk
|-sidestart|p1: corperaten|Spikes
|
|-heal|p2a: Ting-Lu|53/100|[from] item: Leftovers
|-damage|p1a: Great Tusk|39/100 brn|[from] brn
|upkeep
|turn|48
|
|t:|1779572952
|move|p1a: Great Tusk|Ice Spinner|p2a: Ting-Lu
|-supereffective|p2a: Ting-Lu
|-damage|p2a: Ting-Lu|37/100
|move|p2a: Ting-Lu|Spikes|p1a: Great Tusk
|-sidestart|p1: corperaten|Spikes
|
|-heal|p2a: Ting-Lu|43/100|[from] item: Leftovers
|-damage|p1a: Great Tusk|32/100 brn|[from] brn
|upkeep
|turn|49
|
|t:|1779572956
|switch|p2a: Pecharunt|Pecharunt|37/100
|move|p1a: Great Tusk|Rapid Spin|p2a: Pecharunt
|-immune|p2a: Pecharunt
|
|-damage|p1a: Great Tusk|26/100 brn|[from] brn
|upkeep
|turn|50
|
|t:|1779572959
|move|p1a: Great Tusk|Headlong Rush|p2a: Pecharunt
|-supereffective|p2a: Pecharunt
|-damage|p2a: Pecharunt|10/100
|-unboost|p1a: Great Tusk|def|1
|-unboost|p1a: Great Tusk|spd|1
|move|p2a: Pecharunt|Recover|p2a: Pecharunt
|-heal|p2a: Pecharunt|60/100
|
|-damage|p1a: Great Tusk|20/100 brn|[from] brn
|upkeep
|turn|51
|c|☆corperaten|gg
|-message|corperaten forfeited.
|
|win|KeshBa45
|player|p2|
|player|p1|
|player|p2|KeshBa45|red|
