|j|☆OscarGamble
|j|☆gojimon18
|t:|1779686225
|gametype|singles
|player|p1|OscarGamble|1|1490
|player|p2|gojimon18|silver|1481
|gen|9
|tier|[Gen 9] OU
|rated|
|rule|HP Percentage Mod: HP is shown in percentages
|rule|Endless Battle Clause: Forcing endless battles is banned
|rule|Species Clause: Limit one of each Pokémon
|rule|OHKO Clause: OHKO moves are banned
|rule|Evasion Items Clause: Evasion items are banned
|rule|Evasion Moves Clause: Evasion moves are banned
|rule|Evasion Abilities Clause: Evasion abilities are banned
|rule|Sleep Moves Clause: Sleep-inducing moves are banned
|clearpoke
|poke|p1|Dragonite, F|
|poke|p1|Slowking-Galar, F|
|poke|p1|Gholdengo|
|poke|p1|Samurott-Hisui, M|
|poke|p1|Corviknight, F|
|poke|p1|Dragapult, F|
|poke|p2|Latias, F|
|poke|p2|Donphan, M|
|poke|p2|Incineroar, M|
|poke|p2|Samurott-Hisui, M|
|poke|p2|Rotom-Wash|
|poke|p2|Dragapult, M|
|teampreview
|
|t:|1779686233
|teamsize|p1|6
|teamsize|p2|6
|start
|switch|p1a: Slowking|Slowking-Galar, F|100/100
|switch|p2a: Shin Godzilla|Dragapult, M|100/100
|turn|1
|inactive|Battle timer is ON: inactive players will automatically lose when time's up. (requested by gojimon18)
|
|t:|1779686240
|move|p2a: Shin Godzilla|Shadow Ball|p1a: Slowking
|-supereffective|p1a: Slowking
|-damage|p1a: Slowking|40/100
|move|p1a: Slowking|Trick|p2a: Shin Godzilla
|-activate|p1a: Slowking|move: Trick|[of] p2a: Shin Godzilla
|-item|p2a: Shin Godzilla|Black Sludge|[from] move: Trick
|-item|p1a: Slowking|Choice Specs|[from] move: Trick
|
|-damage|p2a: Shin Godzilla|88/100|[from] item: Black Sludge
|upkeep
|turn|2
|
|t:|1779686253
|move|p2a: Shin Godzilla|Shadow Ball|p1a: Slowking
|-supereffective|p1a: Slowking
|-damage|p1a: Slowking|0 fnt
|faint|p1a: Slowking
|
|-damage|p2a: Shin Godzilla|76/100|[from] item: Black Sludge
|upkeep
|
|t:|1779686260
|switch|p1a: Samurott|Samurott-Hisui, M|100/100
|turn|3
|
|t:|1779686272
|switch|p2a: King Caesar|Incineroar, M|100/100
|-ability|p2a: King Caesar|Intimidate|boost
|-unboost|p1a: Samurott|atk|1
|move|p1a: Samurott|Ceaseless Edge|p2a: King Caesar
|-resisted|p2a: King Caesar
|-damage|p2a: King Caesar|88/100
|-sidestart|p2: gojimon18|Spikes
|
|upkeep
|turn|4
|
|t:|1779686282
|switch|p1a: Corviknight|Corviknight, F|100/100
|-ability|p1a: Corviknight|Pressure
|switch|p2a: Anguirus|Donphan, M, shiny|100/100
|-damage|p2a: Anguirus|88/100|[from] Spikes
|
|upkeep
|turn|5
|
|t:|1779686293
|switch|p1a: Samurott|Samurott-Hisui, M|100/100
|move|p2a: Anguirus|Knock Off|p1a: Samurott
|-resisted|p1a: Samurott
|-damage|p1a: Samurott|81/100
|-enditem|p1a: Samurott|Choice Scarf|[from] move: Knock Off|[of] p2a: Anguirus
|
|upkeep
|turn|6
|
|t:|1779686304
|move|p1a: Samurott|Flip Turn|p2a: Anguirus
|-supereffective|p2a: Anguirus
|-crit|p2a: Anguirus
|-damage|p2a: Anguirus|21/100
|
|t:|1779686307
|switch|p1a: Gholdengo|Gholdengo|100/100|[from] Flip Turn
|move|p2a: Anguirus|Rapid Spin|p1a: Gholdengo
|-immune|p1a: Gholdengo
|
|upkeep
|turn|7
|
|t:|1779686319
|move|p1a: Gholdengo|Hex|p2a: Anguirus
|-damage|p2a: Anguirus|0 fnt
|faint|p2a: Anguirus
|
|upkeep
|
|t:|1779686329
|switch|p2a: King Caesar|Incineroar, M|88/100
|-damage|p2a: King Caesar|75/100|[from] Spikes
|-ability|p2a: King Caesar|Intimidate|boost
|-unboost|p1a: Gholdengo|atk|1
|turn|8
|
|t:|1779686338
|move|p1a: Gholdengo|Thunder Wave|p2a: King Caesar
|-status|p2a: King Caesar|par
|move|p2a: King Caesar|Knock Off|p1a: Gholdengo
|-supereffective|p1a: Gholdengo
|-enditem|p1a: Gholdengo|Colbur Berry|[eat]
|-enditem|p1a: Gholdengo|Colbur Berry|[weaken]
|-damage|p1a: Gholdengo|56/100
|
|upkeep
|turn|9
|
|t:|1779686349
|switch|p1a: Corviknight|Corviknight, F|100/100
|-ability|p1a: Corviknight|Pressure
|move|p2a: King Caesar|Flare Blitz|p1a: Corviknight
|-supereffective|p1a: Corviknight
|-damage|p1a: Corviknight|48/100
|-status|p1a: Corviknight|brn
|-damage|p2a: King Caesar|59/100 par|[from] item: Rocky Helmet|[of] p1a: Corviknight
|-damage|p2a: King Caesar|41/100 par|[from] Recoil
|
|-damage|p1a: Corviknight|42/100 brn|[from] brn
|upkeep
|turn|10
|
|t:|1779686366
|move|p1a: Corviknight|Roost|p1a: Corviknight
|-heal|p1a: Corviknight|92/100 brn
|-singleturn|p1a: Corviknight|move: Roost
|cant|p2a: King Caesar|par
|
|-damage|p1a: Corviknight|86/100 brn|[from] brn
|upkeep
|turn|11
|
|t:|1779686375
|move|p1a: Corviknight|Body Press|p2a: King Caesar
|-supereffective|p2a: King Caesar
|-damage|p2a: King Caesar|21/100 par
|cant|p2a: King Caesar|par
|
|-damage|p1a: Corviknight|80/100 brn|[from] brn
|upkeep
|turn|12
|
|t:|1779686384
|move|p1a: Corviknight|Body Press|p2a: King Caesar
|-supereffective|p2a: King Caesar
|-damage|p2a: King Caesar|0 fnt
|faint|p2a: King Caesar
|
|-damage|p1a: Corviknight|74/100 brn|[from] brn
|upkeep
|
|t:|1779686400
|switch|p2a: Moguera|Rotom-Wash|100/100
|turn|13
|
|t:|1779686405
|switch|p1a: Dragapult|Dragapult, F|100/100
|move|p2a: Moguera|Discharge|p1a: Dragapult
|-resisted|p1a: Dragapult
|-damage|p1a: Dragapult|77/100
|
|upkeep
|turn|14
|
|t:|1779686416
|move|p1a: Dragapult|Dragon Darts|p2a: Moguera
|-damage|p2a: Moguera|76/100
|-anim|p1a: Dragapult|Dragon Darts|p2a: Moguera
|-damage|p2a: Moguera|53/100
|-damage|p1a: Dragapult|68/100|[from] item: Life Orb
|move|p2a: Moguera|Will-O-Wisp|p1a: Dragapult
|-status|p1a: Dragapult|brn
|
|-damage|p1a: Dragapult|62/100 brn|[from] brn
|upkeep
|turn|15
|
|t:|1779686429
|move|p1a: Dragapult|Shadow Ball|p2a: Moguera
|-damage|p2a: Moguera|5/100
|-damage|p1a: Dragapult|52/100 brn|[from] item: Life Orb
|move|p2a: Moguera|Pain Split|p1a: Dragapult
|-sethp|p1a: Dragapult|29/100 brn|[from] move: Pain Split|[silent]
|-sethp|p2a: Moguera|30/100|[from] move: Pain Split
|
|-damage|p1a: Dragapult|23/100 brn|[from] brn
|upkeep
|turn|16
|
|t:|1779686442
|switch|p2a: Baragon|Samurott-Hisui, M|100/100
|-damage|p2a: Baragon|88/100|[from] Spikes
|move|p1a: Dragapult|Shadow Ball|p2a: Baragon
|-resisted|p2a: Baragon
|-damage|p2a: Baragon|55/100
|-damage|p1a: Dragapult|13/100 brn|[from] item: Life Orb
|
|-damage|p1a: Dragapult|7/100 brn|[from] brn
|upkeep
|turn|17
|
|t:|1779686460
|switch|p1a: Corviknight|Corviknight, F|74/100 brn
|-ability|p1a: Corviknight|Pressure
|move|p2a: Baragon|Ceaseless Edge|p1a: Corviknight
|-damage|p1a: Corviknight|46/100 brn
|-damage|p2a: Baragon|39/100|[from] item: Rocky Helmet|[of] p1a: Corviknight
|-sidestart|p1: OscarGamble|Spikes
|
|-damage|p1a: Corviknight|40/100 brn|[from] brn
|upkeep
|turn|18
|
|t:|1779686472
|move|p2a: Baragon|Ceaseless Edge|p1a: Corviknight
|-damage|p1a: Corviknight|13/100 brn
|-damage|p2a: Baragon|22/100|[from] item: Rocky Helmet|[of] p1a: Corviknight
|-sidestart|p1: OscarGamble|Spikes
|move|p1a: Corviknight|U-turn|p2a: Baragon
|-supereffective|p2a: Baragon
|-damage|p2a: Baragon|3/100
|
|t:|1779686484
|switch|p1a: Samurott|Samurott-Hisui, M|81/100|[from] U-turn
|-damage|p1a: Samurott|64/100|[from] Spikes
|
|upkeep
|turn|19
|
|t:|1779686489
|move|p2a: Baragon|Ceaseless Edge|p1a: Samurott
|-resisted|p1a: Samurott
|-damage|p1a: Samurott|33/100
|-sidestart|p1: OscarGamble|Spikes
|move|p1a: Samurott|Flip Turn|p2a: Baragon
|-resisted|p2a: Baragon
|-crit|p2a: Baragon
|-damage|p2a: Baragon|0 fnt
|faint|p2a: Baragon
|
|t:|1779686494
|switch|p1a: Dragonite|Dragonite, F|100/100|[from] Flip Turn
|
|upkeep
|
|t:|1779686506
|switch|p2a: Godzooky|Latias, F, shiny|100/100
|turn|20
|
|t:|1779686511
|-terastallize|p2a: Godzooky|Poison
|move|p2a: Godzooky|Calm Mind|p2a: Godzooky
|-boost|p2a: Godzooky|spa|1
|-boost|p2a: Godzooky|spd|1
|move|p1a: Dragonite|Thunder Wave|p2a: Godzooky
|-status|p2a: Godzooky|par
|
|upkeep
|turn|21
|
|t:|1779686519
|move|p2a: Godzooky|Calm Mind|p2a: Godzooky
|-boost|p2a: Godzooky|spa|1
|-boost|p2a: Godzooky|spd|1
|move|p1a: Dragonite|Dragon Tail|p2a: Godzooky
|-damage|p2a: Godzooky|82/100 par
|drag|p2a: Shin Godzilla|Dragapult, M|76/100
|-damage|p2a: Shin Godzilla|64/100|[from] Spikes
|
|-damage|p2a: Shin Godzilla|51/100|[from] item: Black Sludge
|upkeep
|turn|22
|
|t:|1779686549
|switch|p1a: Corviknight|Corviknight, F|13/100 brn
|-ability|p1a: Corviknight|Pressure
|move|p2a: Shin Godzilla|Draco Meteor|p1a: Corviknight
|-resisted|p1a: Corviknight
|-damage|p1a: Corviknight|0 fnt
|-unboost|p2a: Shin Godzilla|spa|2
|faint|p1a: Corviknight
|
|-damage|p2a: Shin Godzilla|39/100|[from] item: Black Sludge
|upkeep
|inactive|OscarGamble has 120 seconds left.
|
|t:|1779686560
|switch|p1a: Gholdengo|Gholdengo|56/100
|-damage|p1a: Gholdengo|31/100|[from] Spikes
|turn|23
|
|t:|1779686566
|switch|p2a: Moguera|Rotom-Wash|30/100
|-terastallize|p1a: Gholdengo|Fairy
|move|p1a: Gholdengo|Recover|p1a: Gholdengo
|-heal|p1a: Gholdengo|81/100
|
|upkeep
|turn|24
|
|t:|1779686579
|switch|p1a: Dragapult|Dragapult, F|7/100 brn
|-damage|p1a: Dragapult|0 fnt|[from] Spikes
|faint|p1a: Dragapult
|move|p2a: Moguera|Pain Split|p1: Dragapult|[notarget]
|-fail|p2a: Moguera
|
|upkeep
|
|t:|1779686585
|switch|p1a: Samurott|Samurott-Hisui, M|33/100
|-damage|p1a: Samurott|8/100|[from] Spikes
|turn|25
|
|t:|1779686590
|move|p1a: Samurott|Knock Off|p2a: Moguera
|-damage|p2a: Moguera|0 fnt
|-damage|p1a: Samurott|0 fnt|[from] item: Rocky Helmet|[of] p2a: Moguera
|faint|p2a: Moguera
|faint|p1a: Samurott
|
|upkeep
|
|t:|1779686600
|switch|p1a: Dragonite|Dragonite, F|100/100
|switch|p2a: Shin Godzilla|Dragapult, M|39/100
|-damage|p2a: Shin Godzilla|27/100|[from] Spikes
|turn|26
|
|t:|1779686607
|move|p2a: Shin Godzilla|Draco Meteor|p1a: Dragonite
|-supereffective|p1a: Dragonite
|-damage|p1a: Dragonite|56/100
|-unboost|p2a: Shin Godzilla|spa|2
|move|p1a: Dragonite|Earthquake|p2a: Shin Godzilla
|-damage|p2a: Shin Godzilla|0 fnt
|faint|p2a: Shin Godzilla
|
|upkeep
|
|t:|1779686617
|switch|p2a: Godzooky|Latias, F, shiny, tera:Poison|82/100 par
|turn|27
|
|t:|1779686622
|switch|p1a: Gholdengo|Gholdengo, tera:Fairy|81/100
|-damage|p1a: Gholdengo|56/100|[from] Spikes
|cant|p2a: Godzooky|par
|
|-heal|p2a: Godzooky|88/100 par|[from] item: Leftovers
|upkeep
|turn|28
|
|t:|1779686631
|move|p1a: Gholdengo|Hex|p2a: Godzooky
|-damage|p2a: Godzooky|32/100 par
|move|p2a: Godzooky|Calm Mind|p2a: Godzooky
|-boost|p2a: Godzooky|spa|1
|-boost|p2a: Godzooky|spd|1
|
|-heal|p2a: Godzooky|38/100 par|[from] item: Leftovers
|upkeep
|turn|29
|
|t:|1779686640
|move|p1a: Gholdengo|Hex|p2a: Godzooky
|-damage|p2a: Godzooky|1/100 par
|move|p2a: Godzooky|Recover|p2a: Godzooky
|-heal|p2a: Godzooky|51/100 par
|
|-heal|p2a: Godzooky|57/100 par|[from] item: Leftovers
|upkeep
|turn|30
|
|t:|1779686648
|move|p1a: Gholdengo|Hex|p2a: Godzooky
|-damage|p2a: Godzooky|23/100 par
|cant|p2a: Godzooky|par
|
|-heal|p2a: Godzooky|29/100 par|[from] item: Leftovers
|upkeep
|turn|31
|
|t:|1779686656
|move|p1a: Gholdengo|Hex|p2a: Godzooky
|-damage|p2a: Godzooky|0 fnt
|faint|p2a: Godzooky
|
|win|OscarGamble
|raw|OscarGamble's rating: 1490 &rarr; <strong>1509</strong><br />(+19 for winning)
|raw|gojimon18's rating: 1481 &rarr; <strong>1462</strong><br />(-19 for losing)
|l|☆OscarGamble
|player|p1|
|l|☆gojimon18
|player|p2|
