|j|☆ubululu
|j|☆Chino_Gmr
|t:|1779632657
|gametype|singles
|player|p1|ubululu|169|1158
|player|p2|Chino_Gmr|cynthia|1152
|gen|9
|tier|[Gen 9] OU
|rated|
|rule|HP Percentage Mod: HP is shown in percentages
|rule|Endless Battle Clause: Forcing endless battles is banned
|rule|Species Clause: Limit one of each Pokémon
|rule|OHKO Clause: OHKO moves are banned
|rule|Evasion Items Clause: Evasion items are banned
|rule|Evasion Moves Clause: Evasion moves are banned
|rule|Evasion Abilities Clause: Evasion abilities are banned
|rule|Sleep Moves Clause: Sleep-inducing moves are banned
|clearpoke
|poke|p1|Great Tusk|
|poke|p1|Kingambit, F|
|poke|p1|Gholdengo|
|poke|p1|Raging Bolt|
|poke|p1|Ogerpon-Wellspring, F|
|poke|p1|Landorus-Therian, M|
|poke|p2|Garchomp, M|
|poke|p2|Milotic, F|
|poke|p2|Spiritomb, M|
|poke|p2|Lucario, F|
|poke|p2|Eelektross, M|
|poke|p2|Braviary-Hisui, M|
|teampreview
|inactive|Battle timer is ON: inactive players will automatically lose when time's up. (requested by ubululu)
|
|t:|1779632674
|teamsize|p1|6
|teamsize|p2|6
|start
|switch|p1a: Landorus|Landorus-Therian, M, shiny|100/100
|switch|p2a: Spiritomb|Spiritomb, M, shiny|100/100
|-ability|p1a: Landorus|Intimidate|boost
|-unboost|p2a: Spiritomb|atk|1
|turn|1
|
|t:|1779632688
|move|p1a: Landorus|Taunt|p2a: Spiritomb
|-start|p2a: Spiritomb|move: Taunt
|cant|p2a: Spiritomb|move: Taunt|Will-O-Wisp
|
|upkeep
|turn|2
|
|t:|1779632698
|switch|p2a: Milotic|Milotic, F|100/100
|move|p1a: Landorus|Stealth Rock|p2a: Milotic
|-sidestart|p2: Chino_Gmr|move: Stealth Rock
|
|upkeep
|turn|3
|
|t:|1779632710
|switch|p1a: Ogerpon|Ogerpon-Wellspring, F|100/100
|move|p2a: Milotic|Ice Beam|p1a: Ogerpon
|-damage|p1a: Ogerpon|76/100
|
|upkeep
|turn|4
|
|t:|1779632726
|switch|p2a: Braviary|Braviary-Hisui, M, shiny|100/100
|-damage|p2a: Braviary|76/100|[from] Stealth Rock
|move|p1a: Ogerpon|Swords Dance|p1a: Ogerpon
|-boost|p1a: Ogerpon|atk|2
|
|upkeep
|turn|5
|
|t:|1779632741
|move|p1a: Ogerpon|Ivy Cudgel|p2a: Braviary|[anim] Ivy Cudgel Water
|-damage|p2a: Braviary|0 fnt
|faint|p2a: Braviary
|
|upkeep
|
|t:|1779632745
|switch|p2a: Spiritomb|Spiritomb, M, shiny|100/100
|-damage|p2a: Spiritomb|88/100|[from] Stealth Rock
|turn|6
|
|t:|1779632752
|move|p1a: Ogerpon|Power Whip|p2a: Spiritomb
|-damage|p2a: Spiritomb|0 fnt
|faint|p2a: Spiritomb
|
|upkeep
|
|t:|1779632764
|switch|p2a: Lucario|Lucario, F|100/100
|-damage|p2a: Lucario|98/100|[from] Stealth Rock
|turn|7
|
|t:|1779632771
|move|p2a: Lucario|Extreme Speed|p1a: Ogerpon
|-damage|p1a: Ogerpon|33/100
|-damage|p2a: Lucario|88/100|[from] item: Life Orb
|move|p1a: Ogerpon|Ivy Cudgel|p2a: Lucario|[anim] Ivy Cudgel Water
|-damage|p2a: Lucario|0 fnt
|faint|p2a: Lucario
|
|upkeep
|
|t:|1779632780
|switch|p2a: Garchomp|Garchomp, M|100/100
|-damage|p2a: Garchomp|94/100|[from] Stealth Rock
|turn|8
|
|t:|1779632807
|move|p1a: Ogerpon|Power Whip|p2a: Garchomp
|-damage|p2a: Garchomp|0 fnt
|-damage|p1a: Ogerpon|21/100|[from] ability: Rough Skin|[of] p2a: Garchomp
|faint|p2a: Garchomp
|
|upkeep
|
|t:|1779632815
|switch|p2a: Eelektross|Eelektross, M|100/100
|-damage|p2a: Eelektross|88/100|[from] Stealth Rock
|turn|9
|
|t:|1779632821
|move|p1a: Ogerpon|Ivy Cudgel|p2a: Eelektross|[anim] Ivy Cudgel Water
|-damage|p2a: Eelektross|0 fnt
|faint|p2a: Eelektross
|
|upkeep
|
|t:|1779632826
|switch|p2a: Milotic|Milotic, F|100/100
|-damage|p2a: Milotic|88/100|[from] Stealth Rock
|turn|10
|
|t:|1779632832
|-terastallize|p2a: Milotic|Dragon
|move|p1a: Ogerpon|Power Whip|p2a: Milotic|[miss]
|-miss|p1a: Ogerpon|p2a: Milotic
|move|p2a: Milotic|Recover|p2a: Milotic
|-heal|p2a: Milotic|100/100
|
|upkeep
|turn|11
|
|t:|1779632840
|move|p1a: Ogerpon|Ivy Cudgel|p2a: Milotic|[anim] Ivy Cudgel Water
|-resisted|p2a: Milotic
|-damage|p2a: Milotic|55/100
|move|p2a: Milotic|Ice Beam|p1a: Ogerpon
|-damage|p1a: Ogerpon|0 fnt
|faint|p1a: Ogerpon
|
|-heal|p2a: Milotic|61/100|[from] item: Leftovers
|upkeep
|
|t:|1779632850
|switch|p1a: Great Tusk|Great Tusk|100/100
|turn|12
|
|t:|1779632858
|move|p1a: Great Tusk|Headlong Rush|p2a: Milotic
|-crit|p2a: Milotic
|-damage|p2a: Milotic|0 fnt
|-unboost|p1a: Great Tusk|def|1
|-unboost|p1a: Great Tusk|spd|1
|faint|p2a: Milotic
|
|win|ubululu
|raw|ubululu's rating: 1158 &rarr; <strong>1183</strong><br />(+25 for winning)
|raw|Chino_Gmr's rating: 1152 &rarr; <strong>1127</strong><br />(-25 for losing)
|l|☆Chino_Gmr
|player|p2|
|l|☆ubululu
|player|p1|
