|j|☆my 100lb pug
|j|☆Jus4funsies
|t:|1779591027
|gametype|singles
|player|p1|my 100lb pug|266|1633
|player|p2|Jus4funsies|teamrocket|1601
|gen|9
|tier|[Gen 9] OU
|rated|
|rule|HP Percentage Mod: HP is shown in percentages
|rule|Endless Battle Clause: Forcing endless battles is banned
|rule|Species Clause: Limit one of each Pokémon
|rule|OHKO Clause: OHKO moves are banned
|rule|Evasion Items Clause: Evasion items are banned
|rule|Evasion Moves Clause: Evasion moves are banned
|rule|Evasion Abilities Clause: Evasion abilities are banned
|rule|Sleep Moves Clause: Sleep-inducing moves are banned
|clearpoke
|poke|p1|Delphox, M|
|poke|p1|Raging Bolt|
|poke|p1|Samurott-Hisui, M|
|poke|p1|Hatterene, F|
|poke|p1|Great Tusk|
|poke|p1|Kyurem|
|poke|p2|Samurott-Hisui, F|
|poke|p2|Gholdengo|
|poke|p2|Great Tusk|
|poke|p2|Dragonite, M|
|poke|p2|Raging Bolt|
|poke|p2|Kingambit, M|
|teampreview
|
|t:|1779591035
|teamsize|p1|6
|teamsize|p2|6
|start
|switch|p1a: Samurott|Samurott-Hisui, M|100/100
|switch|p2a: Shamiqua|Samurott-Hisui, F|100/100
|turn|1
|j| Bfarias19
|
|t:|1779591039
|move|p1a: Samurott|Sacred Sword|p2a: Shamiqua
|-supereffective|p2a: Shamiqua
|-damage|p2a: Shamiqua|2/100
|move|p2a: Shamiqua|Ceaseless Edge|p1a: Samurott
|-resisted|p1a: Samurott
|-damage|p1a: Samurott|74/100
|-sidestart|p1: my 100lb pug|Spikes
|
|upkeep
|turn|2
|
|t:|1779591050
|switch|p2a: Cinna-Mon|Gholdengo|100/100
|-item|p2a: Cinna-Mon|Air Balloon
|move|p1a: Samurott|Sacred Sword|p2a: Cinna-Mon
|-immune|p2a: Cinna-Mon
|
|upkeep
|turn|3
|
|t:|1779591060
|switch|p1a: Kyurem|Kyurem|100/100
|-ability|p1a: Kyurem|Pressure
|move|p2a: Cinna-Mon|Make It Rain|p1a: Kyurem
|-supereffective|p1a: Kyurem
|-damage|p1a: Kyurem|0 fnt
|-unboost|p2a: Cinna-Mon|spa|1
|faint|p1a: Kyurem
|
|upkeep
|
|t:|1779591063
|switch|p1a: Samurott|Samurott-Hisui, M|74/100
|-damage|p1a: Samurott|62/100|[from] Spikes
|turn|4
|
|t:|1779591067
|switch|p2a: Tyrone|Great Tusk|100/100
|move|p1a: Samurott|Ceaseless Edge|p2a: Tyrone
|-resisted|p2a: Tyrone
|-damage|p2a: Tyrone|84/100
|-sidestart|p2: Jus4funsies|Spikes
|
|upkeep
|turn|5
|
|t:|1779591071
|switch|p1a: Great Tusk|Great Tusk|100/100
|move|p2a: Tyrone|Stealth Rock|p1a: Great Tusk
|-sidestart|p1: my 100lb pug|move: Stealth Rock
|
|upkeep
|turn|6
|
|t:|1779591082
|-end|p2a: Tyrone|Protosynthesis|[silent]
|switch|p2a: Cinna-Mon|Gholdengo|100/100
|-item|p2a: Cinna-Mon|Air Balloon
|move|p1a: Great Tusk|Knock Off|p2a: Cinna-Mon
|-supereffective|p2a: Cinna-Mon
|-damage|p2a: Cinna-Mon|35/100
|-enditem|p2a: Cinna-Mon|Air Balloon
|
|upkeep
|turn|7
|
|t:|1779591086
|-terastallize|p2a: Cinna-Mon|Flying
|move|p2a: Cinna-Mon|Make It Rain|p1a: Great Tusk
|-damage|p1a: Great Tusk|25/100
|-unboost|p2a: Cinna-Mon|spa|1
|move|p1a: Great Tusk|Headlong Rush|p2a: Cinna-Mon
|-immune|p2a: Cinna-Mon
|
|upkeep
|turn|8
|
|t:|1779591100
|switch|p2a: Shamiqua|Samurott-Hisui, F|2/100
|-damage|p2a: Shamiqua|0 fnt|[from] Spikes
|faint|p2a: Shamiqua
|-end|p1a: Great Tusk|Protosynthesis|[silent]
|switch|p1a: Samurott|Samurott-Hisui, M|62/100
|-damage|p1a: Samurott|49/100|[from] Spikes
|-damage|p1a: Samurott|37/100|[from] Stealth Rock
|
|upkeep
|
|t:|1779591107
|switch|p2a: Tyrone|Great Tusk|84/100
|turn|9
|
|t:|1779591112
|move|p1a: Samurott|Aqua Cutter|p2a: Tyrone
|-supereffective|p2a: Tyrone
|-damage|p2a: Tyrone|20/100
|move|p2a: Tyrone|Rapid Spin|p1a: Samurott
|-damage|p1a: Samurott|12/100
|-boost|p2a: Tyrone|spe|1
|-sideend|p2: Jus4funsies|Spikes|[from] move: Rapid Spin|[of] p2a: Tyrone
|
|upkeep
|turn|10
|
|t:|1779591118
|move|p2a: Tyrone|Rapid Spin|p1a: Samurott
|-damage|p1a: Samurott|0 fnt
|-boost|p2a: Tyrone|spe|1
|faint|p1a: Samurott
|
|upkeep
|
|t:|1779591126
|switch|p1a: Raging Bolt|Raging Bolt|100/100
|-damage|p1a: Raging Bolt|88/100|[from] Spikes
|-damage|p1a: Raging Bolt|76/100|[from] Stealth Rock
|-enditem|p1a: Raging Bolt|Booster Energy
|-activate|p1a: Raging Bolt|ability: Protosynthesis|[fromitem]
|-start|p1a: Raging Bolt|protosynthesisspa
|turn|11
|
|t:|1779591133
|-terastallize|p1a: Raging Bolt|Flying
|move|p2a: Tyrone|Headlong Rush|p1a: Raging Bolt
|-immune|p1a: Raging Bolt
|move|p1a: Raging Bolt|Dragon Pulse|p2a: Tyrone
|-damage|p2a: Tyrone|0 fnt
|faint|p2a: Tyrone
|-end|p2a: Tyrone|Protosynthesis|[silent]
|
|upkeep
|
|t:|1779591135
|switch|p2a: Daddy long neck|Raging Bolt|100/100
|-enditem|p2a: Daddy long neck|Booster Energy
|-activate|p2a: Daddy long neck|ability: Protosynthesis|[fromitem]
|-start|p2a: Daddy long neck|protosynthesisspa
|turn|12
|
|t:|1779591140
|move|p2a: Daddy long neck|Thunderbolt|p1a: Raging Bolt
|-supereffective|p1a: Raging Bolt
|-damage|p1a: Raging Bolt|0 fnt
|faint|p1a: Raging Bolt
|-end|p1a: Raging Bolt|Protosynthesis|[silent]
|
|upkeep
|
|t:|1779591146
|switch|p1a: Great Tusk|Great Tusk|25/100
|turn|13
|
|t:|1779591153
|-end|p2a: Daddy long neck|Protosynthesis|[silent]
|switch|p2a: DragoniGG|Dragonite, M|100/100
|move|p1a: Great Tusk|Rapid Spin|p2a: DragoniGG
|-crit|p2a: DragoniGG
|-damage|p2a: DragoniGG|87/100
|-boost|p1a: Great Tusk|spe|1
|-sideend|p1: my 100lb pug|Spikes|[from] move: Rapid Spin|[of] p1a: Great Tusk
|-sideend|p1: my 100lb pug|Stealth Rock|[from] move: Rapid Spin|[of] p1a: Great Tusk
|
|upkeep
|turn|14
|
|t:|1779591156
|move|p1a: Great Tusk|Knock Off|p2a: DragoniGG
|-damage|p2a: DragoniGG|59/100
|-enditem|p2a: DragoniGG|Heavy-Duty Boots|[from] move: Knock Off|[of] p1a: Great Tusk
|move|p2a: DragoniGG|Earthquake|p1a: Great Tusk
|-damage|p1a: Great Tusk|3/100
|
|upkeep
|turn|15
|
|t:|1779591159
|move|p2a: DragoniGG|Extreme Speed|p1a: Great Tusk
|-damage|p1a: Great Tusk|0 fnt
|faint|p1a: Great Tusk
|-end|p1a: Great Tusk|Protosynthesis|[silent]
|
|upkeep
|
|t:|1779591166
|switch|p1a: Hatterene|Hatterene, F|100/100
|turn|16
|
|t:|1779591173
|switch|p2a: Cinna-Mon|Gholdengo, tera:Flying|35/100
|move|p1a: Hatterene|Draining Kiss|p2a: Cinna-Mon
|-damage|p2a: Cinna-Mon|0 fnt
|faint|p2a: Cinna-Mon
|
|upkeep
|
|t:|1779591178
|switch|p2a: WE WUZ|Kingambit, M, shiny|100/100
|-activate|p2a: WE WUZ|ability: Supreme Overlord
|-start|p2a: WE WUZ|fallen3|[silent]
|turn|17
|
|t:|1779591184
|move|p2a: WE WUZ|Iron Head|p1a: Hatterene
|-supereffective|p1a: Hatterene
|-damage|p1a: Hatterene|0 fnt
|faint|p1a: Hatterene
|
|upkeep
|
|t:|1779591186
|switch|p1a: Delphox|Delphox, M|100/100
|turn|18
|
|t:|1779591188
|move|p2a: WE WUZ|Sucker Punch|p1a: Delphox
|-supereffective|p1a: Delphox
|-damage|p1a: Delphox|0 fnt
|faint|p1a: Delphox
|
|win|Jus4funsies
|raw|my 100lb pug's rating: 1633 &rarr; <strong>1611</strong><br />(-22 for losing)
|raw|Jus4funsies's rating: 1601 &rarr; <strong>1623</strong><br />(+22 for winning)
|l|☆Jus4funsies
|player|p2|
|l|☆my 100lb pug
|player|p1|
|l| Bfarias19
