|j|☆BananIsac
|j|☆Coronojk
|t:|1779646171
|gametype|singles
|player|p1|BananIsac|caitlin|1109
|player|p2|Coronojk|2|1102
|gen|9
|tier|[Gen 9] OU
|rated|
|rule|HP Percentage Mod: HP is shown in percentages
|rule|Endless Battle Clause: Forcing endless battles is banned
|rule|Species Clause: Limit one of each Pokémon
|rule|OHKO Clause: OHKO moves are banned
|rule|Evasion Items Clause: Evasion items are banned
|rule|Evasion Moves Clause: Evasion moves are banned
|rule|Evasion Abilities Clause: Evasion abilities are banned
|rule|Sleep Moves Clause: Sleep-inducing moves are banned
|clearpoke
|poke|p1|Great Tusk|
|poke|p1|Gholdengo|
|poke|p1|Raging Bolt|
|poke|p1|Sylveon, M|
|poke|p1|Kyurem|
|poke|p1|Slowking-Galar, F|
|poke|p2|Pawmot, M|
|poke|p2|Regieleki|
|poke|p2|Flaaffy, F|
|poke|p2|Magikarp, M|
|poke|p2|Cufant, M|
|poke|p2|Gallade, M|
|teampreview
|inactive|Battle timer is ON: inactive players will automatically lose when time's up. (requested by BananIsac)
|
|t:|1779646186
|teamsize|p1|6
|teamsize|p2|6
|start
|switch|p1a: Great Tusk|Great Tusk|100/100
|switch|p2a: Cufant|Cufant, M|100/100
|turn|1
|
|t:|1779646198
|move|p1a: Great Tusk|Stealth Rock|p2a: Cufant
|-sidestart|p2: Coronojk|move: Stealth Rock
|move|p2a: Cufant|Stealth Rock|p1a: Great Tusk
|-sidestart|p1: BananIsac|move: Stealth Rock
|
|upkeep
|turn|2
|
|t:|1779646203
|move|p1a: Great Tusk|Headlong Rush|p2a: Cufant
|-supereffective|p2a: Cufant
|-damage|p2a: Cufant|0 fnt
|-unboost|p1a: Great Tusk|def|1
|-unboost|p1a: Great Tusk|spd|1
|faint|p2a: Cufant
|
|upkeep
|inactive|Coronojk has 120 seconds left.
|
|t:|1779646235
|switch|p2a: Gallade|Gallade, M|100/100
|-damage|p2a: Gallade|94/100|[from] Stealth Rock
|turn|3
|
|t:|1779646239
|move|p1a: Great Tusk|Headlong Rush|p2a: Gallade
|-damage|p2a: Gallade|0 fnt
|-unboost|p1a: Great Tusk|def|1
|-unboost|p1a: Great Tusk|spd|1
|faint|p2a: Gallade
|
|upkeep
|
|t:|1779646243
|switch|p2a: Pawmot|Pawmot, M|100/100
|-damage|p2a: Pawmot|94/100|[from] Stealth Rock
|turn|4
|
|t:|1779646247
|move|p2a: Pawmot|Close Combat|p1a: Great Tusk
|-damage|p1a: Great Tusk|23/100
|-unboost|p2a: Pawmot|def|1
|-unboost|p2a: Pawmot|spd|1
|-damage|p2a: Pawmot|78/100|[from] item: Rocky Helmet|[of] p1a: Great Tusk
|move|p1a: Great Tusk|Headlong Rush|p2a: Pawmot
|-supereffective|p2a: Pawmot
|-damage|p2a: Pawmot|0 fnt
|-unboost|p1a: Great Tusk|def|1
|-unboost|p1a: Great Tusk|spd|1
|faint|p2a: Pawmot
|
|upkeep
|
|t:|1779646255
|switch|p2a: Magikarp|Magikarp, M|100/100
|-damage|p2a: Magikarp|88/100|[from] Stealth Rock
|turn|5
|
|t:|1779646261
|move|p1a: Great Tusk|Headlong Rush|p2a: Magikarp
|-damage|p2a: Magikarp|0 fnt
|-unboost|p1a: Great Tusk|def|1
|-unboost|p1a: Great Tusk|spd|1
|faint|p2a: Magikarp
|
|upkeep
|
|t:|1779646264
|switch|p2a: Flaaffy|Flaaffy, F|100/100
|-damage|p2a: Flaaffy|88/100|[from] Stealth Rock
|turn|6
|
|t:|1779646269
|-terastallize|p2a: Flaaffy|Fairy
|move|p1a: Great Tusk|Headlong Rush|p2a: Flaaffy
|-damage|p2a: Flaaffy|29/100
|-unboost|p1a: Great Tusk|def|1
|-unboost|p1a: Great Tusk|spd|1
|-status|p1a: Great Tusk|par|[from] ability: Static|[of] p2a: Flaaffy
|move|p2a: Flaaffy|Dazzling Gleam|p1a: Great Tusk
|-supereffective|p1a: Great Tusk
|-damage|p1a: Great Tusk|0 fnt
|faint|p1a: Great Tusk
|-end|p1a: Great Tusk|Protosynthesis|[silent]
|
|upkeep
|
|t:|1779646283
|switch|p1a: Sylveon|Sylveon, M|100/100
|-damage|p1a: Sylveon|88/100|[from] Stealth Rock
|turn|7
|
|t:|1779646290
|move|p1a: Sylveon|Hyper Voice|p2a: Flaaffy
|-damage|p2a: Flaaffy|0 fnt
|faint|p2a: Flaaffy
|
|upkeep
|
|t:|1779646293
|switch|p2a: Regieleki|Regieleki|100/100
|-damage|p2a: Regieleki|88/100|[from] Stealth Rock
|turn|8
|
|t:|1779646298
|-terastallize|p1a: Sylveon|Fairy
|move|p2a: Regieleki|Thunderbolt|p1a: Sylveon
|-damage|p1a: Sylveon|48/100
|-damage|p2a: Regieleki|78/100|[from] item: Life Orb
|move|p1a: Sylveon|Hyper Beam|p2a: Regieleki
|-damage|p2a: Regieleki|0 fnt
|-mustrecharge|p1a: Sylveon
|faint|p2a: Regieleki
|
|win|BananIsac
|raw|BananIsac's rating: 1109 &rarr; <strong>1133</strong><br />(+24 for winning)
|raw|Coronojk's rating: 1102 &rarr; <strong>1078</strong><br />(-24 for losing)
|l|☆Coronojk
|player|p2|
|l|☆BananIsac
|player|p1|
