|j|☆fly casanova
|j|☆bobrumba
|t:|1779666910
|gametype|singles
|player|p1|fly casanova|gamer-gen3|1617
|player|p2|bobrumba|cynthia-gen4|1639
|gen|9
|tier|[Gen 9] OU
|rated|
|rule|HP Percentage Mod: HP is shown in percentages
|rule|Endless Battle Clause: Forcing endless battles is banned
|rule|Species Clause: Limit one of each Pokémon
|rule|OHKO Clause: OHKO moves are banned
|rule|Evasion Items Clause: Evasion items are banned
|rule|Evasion Moves Clause: Evasion moves are banned
|rule|Evasion Abilities Clause: Evasion abilities are banned
|rule|Sleep Moves Clause: Sleep-inducing moves are banned
|clearpoke
|poke|p1|Maushold-Four|
|poke|p1|Hatterene, F|
|poke|p1|Dragonite, F|
|poke|p1|Kyurem|
|poke|p1|Glimmora, M|
|poke|p1|Ceruledge, F|
|poke|p2|Dondozo, F|
|poke|p2|Blissey, F|
|poke|p2|Corviknight, M|
|poke|p2|Weezing-Galar, F|
|poke|p2|Gliscor, M|
|poke|p2|Toxapex, F|
|teampreview
|
|t:|1779666918
|teamsize|p1|6
|teamsize|p2|6
|start
|switch|p1a: Glimmora|Glimmora, M|100/100
|switch|p2a: Corviknight|Corviknight, M|100/100
|-ability|p2a: Corviknight|Pressure
|turn|1
|inactive|Battle timer is ON: inactive players will automatically lose when time's up. (requested by bobrumba)
|
|t:|1779666927
|move|p1a: Glimmora|Stealth Rock|p2a: Corviknight
|-sidestart|p2: bobrumba|move: Stealth Rock
|move|p2a: Corviknight|Body Press|p1a: Glimmora
|-damage|p1a: Glimmora|68/100
|-activate|p1a: Glimmora|ability: Toxic Debris
|-sidestart|p2: bobrumba|move: Toxic Spikes
|
|upkeep
|turn|2
|
|t:|1779666929
|move|p1a: Glimmora|Power Gem|p2a: Corviknight
|-damage|p2a: Corviknight|60/100
|move|p2a: Corviknight|Defog|p1a: Glimmora
|-unboost|p1a: Glimmora|evasion|1
|-sideend|p2: bobrumba|Toxic Spikes|[from] move: Defog|[of] p2a: Corviknight
|-sideend|p2: bobrumba|Stealth Rock|[from] move: Defog|[of] p2a: Corviknight
|
|-heal|p2a: Corviknight|67/100|[from] item: Leftovers
|upkeep
|turn|3
|
|t:|1779666932
|switch|p2a: Gliscor|Gliscor, M|100/100
|move|p1a: Glimmora|Power Gem|p2a: Gliscor
|-damage|p2a: Gliscor|64/100
|
|-status|p2a: Gliscor|tox|[from] item: Toxic Orb
|upkeep
|turn|4
|
|t:|1779666936
|move|p1a: Glimmora|Power Gem|p2a: Gliscor
|-damage|p2a: Gliscor|30/100 tox
|move|p2a: Gliscor|Earthquake|p1a: Glimmora
|-supereffective|p1a: Glimmora
|-damage|p1a: Glimmora|0 fnt
|-activate|p1a: Glimmora|ability: Toxic Debris
|-sidestart|p2: bobrumba|move: Toxic Spikes
|faint|p1a: Glimmora
|
|-heal|p2a: Gliscor|43/100 tox|[from] ability: Poison Heal
|upkeep
|
|t:|1779666939
|switch|p1a: Kyurem|Kyurem|100/100
|-ability|p1a: Kyurem|Pressure
|turn|5
|
|t:|1779666946
|switch|p2a: Toxapex|Toxapex, F|100/100
|-sideend|p2: bobrumba|move: Toxic Spikes|[of] p2a: Toxapex
|move|p1a: Kyurem|Dragon Dance|p1a: Kyurem
|-boost|p1a: Kyurem|atk|1
|-boost|p1a: Kyurem|spe|1
|
|upkeep
|turn|6
|
|t:|1779666949
|move|p1a: Kyurem|Earth Power|p2a: Toxapex
|-supereffective|p2a: Toxapex
|-damage|p2a: Toxapex|66/100
|move|p2a: Toxapex|Haze|p2a: Toxapex
|-clearallboost
|
|-heal|p2a: Toxapex|72/100|[from] item: Black Sludge
|upkeep
|turn|7
|
|t:|1779666952
|switch|p1a: Hatterene|Hatterene, F|100/100
|move|p2a: Toxapex|Toxic|p1a: Hatterene
|move|p1a: Hatterene|Toxic|p2a: Toxapex|[from] ability: Magic Bounce|[miss]
|-miss|p1a: Hatterene|p2a: Toxapex
|
|-heal|p2a: Toxapex|78/100|[from] item: Black Sludge
|upkeep
|turn|8
|
|t:|1779666955
|move|p2a: Toxapex|Poison Jab|p1a: Hatterene
|-supereffective|p1a: Hatterene
|-damage|p1a: Hatterene|68/100
|-damage|p2a: Toxapex|62/100|[from] item: Rocky Helmet|[of] p1a: Hatterene
|move|p1a: Hatterene|Psychic Noise|p2a: Toxapex
|-supereffective|p2a: Toxapex
|-damage|p2a: Toxapex|20/100
|-start|p2a: Toxapex|move: Heal Block
|
|upkeep
|turn|9
|
|t:|1779666963
|switch|p2a: Blissey|Blissey, F|100/100
|switch|p1a: Ceruledge|Ceruledge, F|100/100
|
|upkeep
|turn|10
|
|t:|1779666969
|switch|p2a: Dondozo|Dondozo, F|100/100
|move|p1a: Ceruledge|Close Combat|p2a: Dondozo
|-damage|p2a: Dondozo|84/100
|-unboost|p1a: Ceruledge|def|1
|-unboost|p1a: Ceruledge|spd|1
|
|-heal|p2a: Dondozo|90/100|[from] item: Leftovers
|upkeep
|turn|11
|
|t:|1779666976
|switch|p1a: Hatterene|Hatterene, F|68/100
|switch|p2a: Gliscor|Gliscor, M|43/100 tox
|
|-heal|p2a: Gliscor|55/100 tox|[from] ability: Poison Heal
|upkeep
|turn|12
|
|t:|1779666980
|move|p2a: Gliscor|Protect|p2a: Gliscor
|-singleturn|p2a: Gliscor|Protect
|move|p1a: Hatterene|Psychic Noise|p2a: Gliscor
|-activate|p2a: Gliscor|move: Protect
|
|-heal|p2a: Gliscor|68/100 tox|[from] ability: Poison Heal
|upkeep
|turn|13
|
|t:|1779666987
|switch|p2a: Blissey|Blissey, F|100/100
|move|p1a: Hatterene|Psychic Noise|p2a: Blissey
|-damage|p2a: Blissey|90/100
|-start|p2a: Blissey|move: Heal Block
|
|upkeep
|turn|14
|
|t:|1779666999
|switch|p2a: Toxapex|Toxapex, F|53/100
|switch|p1a: Maushold|Maushold-Four|100/100
|
|-heal|p2a: Toxapex|59/100|[from] item: Black Sludge
|upkeep
|turn|15
|j| brrr29
|
|t:|1779667003
|switch|p1a: Hatterene|Hatterene, F|68/100
|move|p2a: Toxapex|Toxic|p1a: Hatterene
|move|p1a: Hatterene|Toxic|p2a: Toxapex|[from] ability: Magic Bounce
|-immune|p2a: Toxapex
|
|-heal|p2a: Toxapex|65/100|[from] item: Black Sludge
|upkeep
|turn|16
|
|t:|1779667008
|switch|p2a: Blissey|Blissey, F|90/100
|move|p1a: Hatterene|Psychic Noise|p2a: Blissey
|-damage|p2a: Blissey|80/100
|-start|p2a: Blissey|move: Heal Block
|
|upkeep
|turn|17
|
|t:|1779667016
|switch|p1a: Maushold|Maushold-Four|100/100
|move|p2a: Blissey|Seismic Toss|p1a: Maushold
|-damage|p1a: Maushold|66/100
|
|-end|p2a: Blissey|move: Heal Block
|upkeep
|turn|18
|
|t:|1779667022
|switch|p2a: Weezing|Weezing-Galar, F|100/100
|-ability|p2a: Weezing|Neutralizing Gas
|move|p1a: Maushold|Tidy Up|p1a: Maushold
|-boost|p1a: Maushold|atk|1
|-boost|p1a: Maushold|spe|1
|
|upkeep
|turn|19
|
|t:|1779667029
|switch|p1a: Ceruledge|Ceruledge, F|100/100
|-terastallize|p2a: Weezing|Ghost
|move|p2a: Weezing|Will-O-Wisp|p1a: Ceruledge|[miss]
|-miss|p2a: Weezing|p1a: Ceruledge
|
|upkeep
|turn|20
|
|t:|1779667041
|-end|p2a: Weezing|ability: Neutralizing Gas
|switch|p2a: Dondozo|Dondozo, F|90/100
|move|p1a: Ceruledge|Swords Dance|p1a: Ceruledge
|-boost|p1a: Ceruledge|atk|2
|
|-heal|p2a: Dondozo|96/100|[from] item: Leftovers
|upkeep
|turn|21
|
|t:|1779667048
|switch|p1a: Kyurem|Kyurem|100/100
|-ability|p1a: Kyurem|Pressure
|move|p2a: Dondozo|Body Press|p1a: Kyurem
|-supereffective|p1a: Kyurem
|-damage|p1a: Kyurem|42/100
|
|-heal|p2a: Dondozo|100/100|[from] item: Leftovers
|upkeep
|turn|22
|
|t:|1779667053
|switch|p2a: Toxapex|Toxapex, F|99/100
|move|p1a: Kyurem|Freeze-Dry|p2a: Toxapex
|-supereffective|p2a: Toxapex
|-damage|p2a: Toxapex|49/100
|
|-heal|p2a: Toxapex|55/100|[from] item: Black Sludge
|upkeep
|turn|23
|
|t:|1779667056
|move|p1a: Kyurem|Freeze-Dry|p2a: Toxapex
|-supereffective|p2a: Toxapex
|-damage|p2a: Toxapex|5/100
|move|p2a: Toxapex|Poison Jab|p1a: Kyurem
|-damage|p1a: Kyurem|23/100
|
|-heal|p2a: Toxapex|11/100|[from] item: Black Sludge
|upkeep
|turn|24
|
|t:|1779667061
|switch|p2a: Blissey|Blissey, F|80/100
|move|p1a: Kyurem|Icicle Spear|p2a: Blissey
|-damage|p2a: Blissey|64/100
|-damage|p2a: Blissey|47/100
|-damage|p2a: Blissey|31/100
|-crit|p2a: Blissey
|-damage|p2a: Blissey|7/100
|-hitcount|p2a: Blissey|4
|
|-heal|p2a: Blissey|13/100|[from] item: Leftovers
|upkeep
|turn|25
|l| brrr29
|
|t:|1779667064
|move|p1a: Kyurem|Icicle Spear|p2a: Blissey
|-damage|p2a: Blissey|0 fnt
|faint|p2a: Blissey
|-hitcount|p2: Blissey|1
|
|upkeep
|
|t:|1779667071
|switch|p2a: Corviknight|Corviknight, M|67/100
|-ability|p2a: Corviknight|Pressure
|turn|26
|
|t:|1779667076
|switch|p1a: Ceruledge|Ceruledge, F|100/100
|move|p2a: Corviknight|Body Press|p1a: Ceruledge
|-immune|p1a: Ceruledge
|
|-heal|p2a: Corviknight|73/100|[from] item: Leftovers
|upkeep
|turn|27
|
|t:|1779667080
|switch|p1a: Hatterene|Hatterene, F|68/100
|switch|p2a: Dondozo|Dondozo, F|100/100
|
|upkeep
|turn|28
|
|t:|1779667085
|switch|p2a: Corviknight|Corviknight, M|73/100
|-ability|p2a: Corviknight|Pressure
|move|p1a: Hatterene|Psychic Noise|p2a: Corviknight
|-resisted|p2a: Corviknight
|-damage|p2a: Corviknight|58/100
|-start|p2a: Corviknight|move: Heal Block
|
|upkeep
|turn|29
|j| brrr29
|
|t:|1779667091
|move|p2a: Corviknight|Iron Defense|p2a: Corviknight
|-boost|p2a: Corviknight|def|2
|move|p1a: Hatterene|Nuzzle|p2a: Corviknight
|-supereffective|p2a: Corviknight
|-damage|p2a: Corviknight|55/100
|-status|p2a: Corviknight|par
|
|-end|p2a: Corviknight|move: Heal Block
|upkeep
|turn|30
|
|t:|1779667096
|move|p1a: Hatterene|Psychic Noise|p2a: Corviknight
|-resisted|p2a: Corviknight
|-damage|p2a: Corviknight|40/100 par
|-start|p2a: Corviknight|move: Heal Block
|cant|p2a: Corviknight|move: Heal Block|Roost
|
|upkeep
|turn|31
|
|t:|1779667102
|move|p1a: Hatterene|Dazzling Gleam|p2a: Corviknight
|-resisted|p2a: Corviknight
|-damage|p2a: Corviknight|22/100 par
|move|p2a: Corviknight|Body Press|p1a: Hatterene
|-resisted|p1a: Hatterene
|-damage|p1a: Hatterene|58/100
|-damage|p2a: Corviknight|6/100 par|[from] item: Rocky Helmet|[of] p1a: Hatterene
|
|-end|p2a: Corviknight|move: Heal Block
|upkeep
|turn|32
|
|t:|1779667107
|move|p1a: Hatterene|Psychic Noise|p2a: Corviknight
|-resisted|p2a: Corviknight
|-damage|p2a: Corviknight|0 fnt
|faint|p2a: Corviknight
|
|upkeep
|
|t:|1779667109
|switch|p2a: Gliscor|Gliscor, M|68/100 tox
|turn|33
|
|t:|1779667112
|move|p2a: Gliscor|Earthquake|p1a: Hatterene
|-damage|p1a: Hatterene|32/100
|move|p1a: Hatterene|Psychic Noise|p2a: Gliscor
|-damage|p2a: Gliscor|38/100 tox
|-start|p2a: Gliscor|move: Heal Block
|
|upkeep
|turn|34
|
|t:|1779667118
|move|p2a: Gliscor|Earthquake|p1a: Hatterene
|-damage|p1a: Hatterene|1/100
|move|p1a: Hatterene|Healing Wish|p1a: Hatterene
|faint|p1a: Hatterene
|
|-end|p2a: Gliscor|move: Heal Block
|upkeep
|
|t:|1779667120
|switch|p1a: Kyurem|Kyurem|23/100
|-heal|p1a: Kyurem|100/100|[from] move: Healing Wish
|-ability|p1a: Kyurem|Pressure
|turn|35
|
|t:|1779667127
|switch|p2a: Toxapex|Toxapex, F|44/100
|move|p1a: Kyurem|Freeze-Dry|p2a: Toxapex
|-supereffective|p2a: Toxapex
|-damage|p2a: Toxapex|0 fnt
|faint|p2a: Toxapex
|
|upkeep
|
|t:|1779667131
|switch|p2a: Weezing|Weezing-Galar, F, tera:Ghost|100/100
|-ability|p2a: Weezing|Neutralizing Gas
|turn|36
|
|t:|1779667138
|-terastallize|p1a: Kyurem|Ice
|move|p1a: Kyurem|Freeze-Dry|p2a: Weezing
|-damage|p2a: Weezing|27/100
|move|p2a: Weezing|Will-O-Wisp|p1a: Kyurem
|-status|p1a: Kyurem|brn
|
|-damage|p1a: Kyurem|94/100 brn|[from] brn
|upkeep
|turn|37
|-message|bobrumba forfeited.
|
|win|fly casanova
|raw|fly casanova's rating: 1617 &rarr; <strong>1638</strong><br />(+21 for winning)
|raw|bobrumba's rating: 1639 &rarr; <strong>1618</strong><br />(-21 for losing)
