|j|☆AZZBoi
|j|☆lunarfae
|t:|1779688213
|gametype|singles
|player|p1|AZZBoi|102|1135
|player|p2|lunarfae|doubleteam|1135
|gen|9
|tier|[Gen 9] OU
|rated|
|rule|HP Percentage Mod: HP is shown in percentages
|rule|Endless Battle Clause: Forcing endless battles is banned
|rule|Species Clause: Limit one of each Pokémon
|rule|OHKO Clause: OHKO moves are banned
|rule|Evasion Items Clause: Evasion items are banned
|rule|Evasion Moves Clause: Evasion moves are banned
|rule|Evasion Abilities Clause: Evasion abilities are banned
|rule|Sleep Moves Clause: Sleep-inducing moves are banned
|clearpoke
|poke|p1|Feraligatr, F|
|poke|p1|Typhlosion-Hisui, F|
|poke|p1|Garganacl, F|
|poke|p1|Kingambit, M|
|poke|p1|Gholdengo|
|poke|p1|Deoxys-Speed|
|poke|p2|Mandibuzz, F|
|poke|p2|Goodra-Hisui, F|
|poke|p2|Registeel|
|poke|p2|Jumpluff, M|
|poke|p2|Vaporeon, M|
|poke|p2|Mudsdale, M|
|teampreview
|
|t:|1779688218
|teamsize|p1|6
|teamsize|p2|6
|start
|switch|p1a: Deoxys|Deoxys-Speed|100/100
|switch|p2a: Jumpluff|Jumpluff, M, shiny|100/100
|-ability|p1a: Deoxys|Pressure
|turn|1
|
|t:|1779688223
|move|p1a: Deoxys|Taunt|p2a: Jumpluff
|-start|p2a: Jumpluff|move: Taunt
|cant|p2a: Jumpluff|move: Taunt|Switcheroo
|
|-status|p2a: Jumpluff|tox|[from] item: Toxic Orb
|upkeep
|turn|2
|inactive|Battle timer is ON: inactive players will automatically lose when time's up. (requested by lunarfae)
|
|t:|1779688253
|switch|p2a: Mandibuzz|Mandibuzz, F|100/100
|move|p1a: Deoxys|Stealth Rock|p2a: Mandibuzz
|-sidestart|p2: lunarfae|move: Stealth Rock
|
|upkeep
|turn|3
|
|t:|1779688263
|move|p1a: Deoxys|Skill Swap|p2a: Mandibuzz
|-activate|p1a: Deoxys|Skill Swap|Overcoat|Pressure|[of] p2a: Mandibuzz
|-ability|p2a: Mandibuzz|Pressure
|move|p2a: Mandibuzz|Foul Play|p1a: Deoxys
|-supereffective|p1a: Deoxys
|-damage|p1a: Deoxys|41/100
|-enditem|p1a: Deoxys|Red Card|[of] p2a: Mandibuzz
|drag|p2a: Mudsdale|Mudsdale, M|100/100
|-damage|p2a: Mudsdale|94/100|[from] Stealth Rock
|
|upkeep
|turn|4
|
|t:|1779688278
|move|p1a: Deoxys|Spikes|p2a: Mudsdale
|-sidestart|p2: lunarfae|Spikes
|move|p2a: Mudsdale|Stealth Rock|p1a: Deoxys
|-sidestart|p1: AZZBoi|move: Stealth Rock
|
|upkeep
|turn|5
|
|t:|1779688285
|move|p1a: Deoxys|Spikes|p2a: Mudsdale
|-sidestart|p2: lunarfae|Spikes
|move|p2a: Mudsdale|Earthquake|p1a: Deoxys
|-damage|p1a: Deoxys|0 fnt
|faint|p1a: Deoxys
|
|upkeep
|
|t:|1779688291
|switch|p1a: Gholdengo|Gholdengo|100/100
|-damage|p1a: Gholdengo|94/100|[from] Stealth Rock
|-item|p1a: Gholdengo|Air Balloon
|turn|6
|
|t:|1779688296
|move|p1a: Gholdengo|Nasty Plot|p1a: Gholdengo
|-boost|p1a: Gholdengo|spa|2
|move|p2a: Mudsdale|Roar|p1a: Gholdengo
|-immune|p1a: Gholdengo|[from] ability: Good as Gold
|
|upkeep
|turn|7
|
|t:|1779688304
|switch|p2a: Mandibuzz|Mandibuzz, F|100/100
|move|p1a: Gholdengo|Nasty Plot|p1a: Gholdengo
|-boost|p1a: Gholdengo|spa|2
|
|upkeep
|turn|8
|
|t:|1779688312
|-terastallize|p2a: Mandibuzz|Steel
|move|p1a: Gholdengo|Thunderbolt|p2a: Mandibuzz
|-crit|p2a: Mandibuzz
|-damage|p2a: Mandibuzz|0 fnt
|faint|p2a: Mandibuzz
|
|upkeep
|
|t:|1779688317
|switch|p2a: Goodra|Goodra-Hisui, F|100/100
|-damage|p2a: Goodra|94/100|[from] Stealth Rock
|-damage|p2a: Goodra|78/100|[from] Spikes
|turn|9
|
|t:|1779688324
|move|p1a: Gholdengo|Shadow Ball|p2a: Goodra
|-damage|p2a: Goodra|26/100
|move|p2a: Goodra|Fire Blast|p1a: Gholdengo
|-supereffective|p1a: Gholdengo
|-damage|p1a: Gholdengo|11/100
|-enditem|p1a: Gholdengo|Air Balloon
|
|upkeep
|turn|10
|c|☆AZZBoi|daamn
|
|t:|1779688336
|move|p1a: Gholdengo|Shadow Ball|p2a: Goodra
|-damage|p2a: Goodra|0 fnt
|faint|p2a: Goodra
|
|upkeep
|c|☆AZZBoi|bulky af
|
|t:|1779688347
|switch|p2a: Vaporeon|Vaporeon, M|100/100
|-damage|p2a: Vaporeon|88/100|[from] Stealth Rock
|-damage|p2a: Vaporeon|72/100|[from] Spikes
|turn|11
|
|t:|1779688354
|move|p1a: Gholdengo|Thunderbolt|p2a: Vaporeon
|-supereffective|p2a: Vaporeon
|-damage|p2a: Vaporeon|0 fnt
|faint|p2a: Vaporeon
|
|upkeep
|
|t:|1779688358
|switch|p2a: Mudsdale|Mudsdale, M|94/100
|-damage|p2a: Mudsdale|88/100|[from] Stealth Rock
|-damage|p2a: Mudsdale|72/100|[from] Spikes
|turn|12
|
|t:|1779688364
|move|p1a: Gholdengo|Make It Rain|p2a: Mudsdale
|-damage|p2a: Mudsdale|0 fnt
|-unboost|p1a: Gholdengo|spa|1
|faint|p2a: Mudsdale
|
|upkeep
|-message|lunarfae forfeited.
|
|win|AZZBoi
|raw|AZZBoi's rating: 1135 &rarr; <strong>1160</strong><br />(+25 for winning)
|raw|lunarfae's rating: 1135 &rarr; <strong>1110</strong><br />(-25 for losing)
|l|☆lunarfae
|player|p2|
|l|☆AZZBoi
|player|p1|
