|j|☆vvnvcv
|j|☆The Name Change
|t:|1779686517
|gametype|singles
|player|p1|vvnvcv|2|1316
|player|p2|The Name Change|lusamine-nihilego|1421
|gen|9
|tier|[Gen 9] OU
|rated|
|rule|HP Percentage Mod: HP is shown in percentages
|rule|Endless Battle Clause: Forcing endless battles is banned
|rule|Species Clause: Limit one of each Pokémon
|rule|OHKO Clause: OHKO moves are banned
|rule|Evasion Items Clause: Evasion items are banned
|rule|Evasion Moves Clause: Evasion moves are banned
|rule|Evasion Abilities Clause: Evasion abilities are banned
|rule|Sleep Moves Clause: Sleep-inducing moves are banned
|clearpoke
|poke|p1|Dondozo, F|
|poke|p1|Dragapult, M|
|poke|p1|Great Tusk|
|poke|p1|Gholdengo|
|poke|p1|Garchomp, M|
|poke|p1|Kleavor, M|
|poke|p2|Pelipper, F|
|poke|p2|Raging Bolt|
|poke|p2|Overqwil, M|
|poke|p2|Barraskewda, M|
|poke|p2|Iron Treads|
|poke|p2|Kingambit, F|
|teampreview
|
|t:|1779686527
|teamsize|p1|6
|teamsize|p2|6
|start
|switch|p1a: Kleavor|Kleavor, M|100/100
|switch|p2a: Barraskewda|Barraskewda, M|100/100
|turn|1
|
|t:|1779686535
|move|p1a: Kleavor|Stone Axe|p2a: Barraskewda
|-damage|p2a: Barraskewda|7/100
|-sidestart|p2: The Name Change|move: Stealth Rock
|move|p2a: Barraskewda|Flip Turn|p1a: Kleavor
|-supereffective|p1a: Kleavor
|-damage|p1a: Kleavor|0 fnt
|faint|p1a: Kleavor
|
|t:|1779686547
|switch|p2a: Pelipper|Pelipper, F|100/100|[from] Flip Turn
|-damage|p2a: Pelipper|76/100|[from] Stealth Rock
|-weather|RainDance|[from] ability: Drizzle|[of] p2a: Pelipper
|
|-weather|RainDance|[upkeep]
|upkeep
|
|t:|1779686555
|switch|p1a: Gholdengo|Gholdengo|100/100
|turn|2
|
|t:|1779686577
|switch|p2a: Kingambit|Kingambit, F|100/100
|-damage|p2a: Kingambit|94/100|[from] Stealth Rock
|move|p1a: Gholdengo|Shadow Ball|p2a: Kingambit
|-resisted|p2a: Kingambit
|-damage|p2a: Kingambit|65/100
|-damage|p1a: Gholdengo|91/100|[from] item: Life Orb
|
|-weather|RainDance|[upkeep]
|-heal|p2a: Kingambit|71/100|[from] item: Leftovers
|upkeep
|turn|3
|
|t:|1779686585
|switch|p1a: Great Tusk|Great Tusk|100/100
|-enditem|p1a: Great Tusk|Booster Energy
|-activate|p1a: Great Tusk|ability: Protosynthesis|[fromitem]
|-start|p1a: Great Tusk|protosynthesisatk
|-end|p2a: Kingambit|fallenundefined|[silent]
|switch|p2a: Iron Treads|Iron Treads|100/100
|-damage|p2a: Iron Treads|97/100|[from] Stealth Rock
|-enditem|p2a: Iron Treads|Booster Energy
|-activate|p2a: Iron Treads|ability: Quark Drive|[fromitem]
|-start|p2a: Iron Treads|quarkdrivespe
|
|-weather|RainDance|[upkeep]
|upkeep
|turn|4
|
|t:|1779686601
|-end|p1a: Great Tusk|Protosynthesis|[silent]
|switch|p1a: Dragapult|Dragapult, M|100/100
|move|p2a: Iron Treads|Earth Power|p1a: Dragapult
|-damage|p1a: Dragapult|47/100
|
|-weather|RainDance|[upkeep]
|upkeep
|turn|5
|
|t:|1779686609
|move|p2a: Iron Treads|Earth Power|p1a: Dragapult
|-damage|p1a: Dragapult|0 fnt
|faint|p1a: Dragapult
|
|-weather|RainDance|[upkeep]
|upkeep
|-message|vvnvcv forfeited.
|
|win|The Name Change
|raw|vvnvcv's rating: 1316 &rarr; <strong>1303</strong><br />(-13 for losing)
|raw|The Name Change's rating: 1437 &rarr; <strong>1450</strong><br />(+13 for winning)
|l|☆vvnvcv
|player|p1|
|l|☆The Name Change
|player|p2|
