|j|☆kopv
|j|☆OP Earthquakes
|t:|1779649224
|gametype|singles
|player|p1|kopv|bugcatcher-gen4dp|1591
|player|p2|OP Earthquakes|giovanni-masters|1640
|gen|9
|tier|[Gen 9] OU
|rated|
|rule|HP Percentage Mod: HP is shown in percentages
|rule|Endless Battle Clause: Forcing endless battles is banned
|rule|Species Clause: Limit one of each Pokémon
|rule|OHKO Clause: OHKO moves are banned
|rule|Evasion Items Clause: Evasion items are banned
|rule|Evasion Moves Clause: Evasion moves are banned
|rule|Evasion Abilities Clause: Evasion abilities are banned
|rule|Sleep Moves Clause: Sleep-inducing moves are banned
|clearpoke
|poke|p1|Pelipper, F|
|poke|p1|Barraskewda, M|
|poke|p1|Iron Treads|
|poke|p1|Bruxish, F|
|poke|p1|Raging Bolt|
|poke|p1|Enamorus, F|
|poke|p2|Tyranitar, F|
|poke|p2|Pawmot, F|
|poke|p2|Kyurem|
|poke|p2|Excadrill, F|
|poke|p2|Hawlucha, M|
|poke|p2|Grimmsnarl, M|
|teampreview
|inactive|Battle timer is ON: inactive players will automatically lose when time's up. (requested by OP Earthquakes)
|
|t:|1779649244
|teamsize|p1|6
|teamsize|p2|6
|start
|switch|p1a: 'Ello gov'na|Bruxish, F|100/100
|switch|p2a: Toshiro|Kyurem, shiny|100/100
|-ability|p2a: Toshiro|Pressure
|turn|1
|
|t:|1779649260
|switch|p1a: Iron Treads|Iron Treads|100/100
|move|p2a: Toshiro|Freeze-Dry|p1a: Iron Treads
|-damage|p1a: Iron Treads|59/100
|
|-heal|p1a: Iron Treads|65/100|[from] item: Leftovers
|upkeep
|turn|2
|
|t:|1779649268
|move|p1a: Iron Treads|Iron Head|p2a: Toshiro
|-supereffective|p2a: Toshiro
|-damage|p2a: Toshiro|47/100
|move|p2a: Toshiro|Earth Power|p1a: Iron Treads
|-supereffective|p1a: Iron Treads
|-damage|p1a: Iron Treads|0 fnt
|faint|p1a: Iron Treads
|-end|p1a: Iron Treads|Quark Drive|[silent]
|
|upkeep
|
|t:|1779649276
|switch|p1a: Barraskewda|Barraskewda, M|100/100
|turn|3
|
|t:|1779649289
|switch|p2a: Grimmsnarl|Grimmsnarl, M|100/100
|move|p1a: Barraskewda|Close Combat|p2a: Grimmsnarl
|-damage|p2a: Grimmsnarl|23/100
|-unboost|p1a: Barraskewda|def|1
|-unboost|p1a: Barraskewda|spd|1
|-damage|p1a: Barraskewda|91/100|[from] item: Life Orb
|
|upkeep
|turn|4
|
|t:|1779649294
|move|p2a: Grimmsnarl|Reflect|p2a: Grimmsnarl
|-sidestart|p2: OP Earthquakes|Reflect
|move|p1a: Barraskewda|Flip Turn|p2a: Grimmsnarl
|-damage|p2a: Grimmsnarl|0 fnt
|faint|p2a: Grimmsnarl
|-damage|p1a: Barraskewda|81/100|[from] item: Life Orb
|j| FaronAan
|
|t:|1779649298
|switch|p1a: Pelipper|Pelipper, F|100/100|[from] Flip Turn
|-weather|RainDance|[from] ability: Drizzle|[of] p1a: Pelipper
|
|-weather|RainDance|[upkeep]
|upkeep
|
|t:|1779649300
|switch|p2a: Toshiro|Kyurem, shiny|47/100
|-ability|p2a: Toshiro|Pressure
|turn|5
|
|t:|1779649314
|switch|p1a: 'Ello gov'na|Bruxish, F|100/100
|move|p2a: Toshiro|Freeze-Dry|p1a: 'Ello gov'na
|-supereffective|p1a: 'Ello gov'na
|-crit|p1a: 'Ello gov'na
|-damage|p1a: 'Ello gov'na|0 fnt
|faint|p1a: 'Ello gov'na
|
|-weather|RainDance|[upkeep]
|upkeep
|
|t:|1779649323
|switch|p1a: Enamorus|Enamorus, F|100/100
|turn|6
|
|t:|1779649334
|switch|p2a: The sandstorm|Tyranitar, F, shiny|100/100
|-weather|Sandstorm|[from] ability: Sand Stream|[of] p2a: The sandstorm
|move|p1a: Enamorus|Weather Ball|p2a: The sandstorm
|-damage|p2a: The sandstorm|76/100
|
|-weather|Sandstorm|[upkeep]
|-damage|p1a: Enamorus|94/100|[from] Sandstorm
|upkeep
|turn|7
|
|t:|1779649346
|switch|p1a: Pelipper|Pelipper, F|100/100
|-weather|RainDance|[from] ability: Drizzle|[of] p1a: Pelipper
|switch|p2a: Toshiro|Kyurem, shiny|47/100
|-ability|p2a: Toshiro|Pressure
|
|-weather|RainDance|[upkeep]
|upkeep
|turn|8
|j| omari p
|
|t:|1779649366
|-terastallize|p1a: Pelipper|Fighting
|move|p2a: Toshiro|Freeze-Dry|p1a: Pelipper
|-damage|p1a: Pelipper|45/100
|move|p1a: Pelipper|U-turn|p2a: Toshiro
|-damage|p2a: Toshiro|42/100
|
|t:|1779649377
|switch|p1a: Enamorus|Enamorus, F|94/100|[from] U-turn
|
|-weather|RainDance|[upkeep]
|upkeep
|turn|9
|
|t:|1779649387
|switch|p2a: The sandstorm|Tyranitar, F, shiny|76/100
|-weather|Sandstorm|[from] ability: Sand Stream|[of] p2a: The sandstorm
|move|p1a: Enamorus|Moonblast|p2a: The sandstorm
|-supereffective|p2a: The sandstorm
|-damage|p2a: The sandstorm|7/100
|
|-weather|Sandstorm|[upkeep]
|-damage|p1a: Enamorus|88/100|[from] Sandstorm
|upkeep
|turn|10
|
|t:|1779649399
|switch|p2a: OP|Excadrill, F|100/100
|move|p1a: Enamorus|Moonblast|p2a: OP
|-resisted|p2a: OP
|-damage|p2a: OP|66/100
|
|-weather|Sandstorm|[upkeep]
|-damage|p1a: Enamorus|82/100|[from] Sandstorm
|upkeep
|turn|11
|
|t:|1779649410
|switch|p1a: Pelipper|Pelipper, F, tera:Fighting|45/100
|-weather|RainDance|[from] ability: Drizzle|[of] p1a: Pelipper
|move|p2a: OP|Iron Head|p1a: Pelipper
|-damage|p1a: Pelipper|0 fnt
|faint|p1a: Pelipper
|
|-weather|RainDance|[upkeep]
|-sideend|p2: OP Earthquakes|Reflect
|upkeep
|c|☆OP Earthquakes|tuff
|
|t:|1779649423
|switch|p1a: Barraskewda|Barraskewda, M|81/100
|turn|12
|c| omari p|are u banded
|
|t:|1779649426
|switch|p2a: The sandstorm|Tyranitar, F, shiny|7/100
|-weather|Sandstorm|[from] ability: Sand Stream|[of] p2a: The sandstorm
|move|p1a: Barraskewda|Liquidation|p2a: The sandstorm
|-supereffective|p2a: The sandstorm
|-damage|p2a: The sandstorm|0 fnt
|faint|p2a: The sandstorm
|-damage|p1a: Barraskewda|71/100|[from] item: Life Orb
|
|-weather|Sandstorm|[upkeep]
|-damage|p1a: Barraskewda|65/100|[from] Sandstorm
|upkeep
|c| omari p|how did that kill
|
|t:|1779649438
|switch|p2a: Toshiro|Kyurem, shiny|42/100
|-ability|p2a: Toshiro|Pressure
|turn|13
|
|t:|1779649442
|move|p1a: Barraskewda|Close Combat|p2a: Toshiro
|-supereffective|p2a: Toshiro
|-damage|p2a: Toshiro|0 fnt
|-unboost|p1a: Barraskewda|def|1
|-unboost|p1a: Barraskewda|spd|1
|faint|p2a: Toshiro
|-damage|p1a: Barraskewda|55/100|[from] item: Life Orb
|
|-weather|Sandstorm|[upkeep]
|-damage|p1a: Barraskewda|49/100|[from] Sandstorm
|upkeep
|
|t:|1779649459
|switch|p2a: Porunga|Pawmot, F|100/100
|turn|14
|
|t:|1779649462
|move|p1a: Barraskewda|Liquidation|p2a: Porunga
|-damage|p2a: Porunga|24/100
|-damage|p1a: Barraskewda|39/100|[from] item: Life Orb
|move|p2a: Porunga|Revival Blessing|p2a: Porunga
|-enditem|p2a: Porunga|Leppa Berry|[eat]
|-activate|p2a: Porunga|item: Leppa Berry|Revival Blessing|[consumed]
|
|t:|1779649470
|-heal|p2: Toshiro|50/100|[from] move: Revival Blessing
|
|-weather|Sandstorm|[upkeep]
|-damage|p1a: Barraskewda|33/100|[from] Sandstorm
|-damage|p2a: Porunga|18/100|[from] Sandstorm
|upkeep
|turn|15
|
|t:|1779649478
|switch|p1a: Enamorus|Enamorus, F|82/100
|switch|p2a: Itachi|Hawlucha, M, shiny|100/100
|-ability|p2a: Itachi|Mold Breaker
|
|-weather|Sandstorm|[upkeep]
|-damage|p1a: Enamorus|76/100|[from] Sandstorm
|-damage|p2a: Itachi|94/100|[from] Sandstorm
|upkeep
|turn|16
|
|t:|1779649486
|move|p1a: Enamorus|Moonblast|p2a: Itachi
|-supereffective|p2a: Itachi
|-damage|p2a: Itachi|0 fnt
|faint|p2a: Itachi
|
|-weather|Sandstorm|[upkeep]
|-damage|p1a: Enamorus|69/100|[from] Sandstorm
|upkeep
|
|t:|1779649491
|switch|p2a: OP|Excadrill, F|66/100
|turn|17
|
|t:|1779649501
|switch|p1a: Barraskewda|Barraskewda, M|33/100
|move|p2a: OP|Iron Head|p1a: Barraskewda
|-resisted|p1a: Barraskewda
|-damage|p1a: Barraskewda|0 fnt
|faint|p1a: Barraskewda
|
|-weather|Sandstorm|[upkeep]
|upkeep
|
|t:|1779649506
|switch|p1a: Raging Bolt|Raging Bolt|100/100
|turn|18
|j| hattybatty304
|
|t:|1779649513
|switch|p2a: Toshiro|Kyurem, shiny|50/100
|-ability|p2a: Toshiro|Pressure
|move|p1a: Raging Bolt|Draco Meteor|p2a: Toshiro
|-supereffective|p2a: Toshiro
|-damage|p2a: Toshiro|0 fnt
|-unboost|p1a: Raging Bolt|spa|2
|faint|p2a: Toshiro
|
|-weather|Sandstorm|[upkeep]
|-damage|p1a: Raging Bolt|94/100|[from] Sandstorm
|-heal|p1a: Raging Bolt|100/100|[from] item: Leftovers
|upkeep
|
|t:|1779649515
|switch|p2a: Porunga|Pawmot, F|18/100
|turn|19
|
|t:|1779649528
|-end|p1a: Raging Bolt|Protosynthesis|[silent]
|switch|p1a: Enamorus|Enamorus, F|69/100
|move|p2a: Porunga|Revival Blessing|p2a: Porunga
|
|t:|1779649535
|-heal|p2: The sandstorm|50/100|[from] move: Revival Blessing
|
|-weather|none
|upkeep
|turn|20
|
|t:|1779649549
|switch|p2a: The sandstorm|Tyranitar, F, shiny|50/100
|-weather|Sandstorm|[from] ability: Sand Stream|[of] p2a: The sandstorm
|move|p1a: Enamorus|Moonblast|p2a: The sandstorm
|-supereffective|p2a: The sandstorm
|-damage|p2a: The sandstorm|0 fnt
|faint|p2a: The sandstorm
|
|-weather|Sandstorm|[upkeep]
|-damage|p1a: Enamorus|63/100|[from] Sandstorm
|upkeep
|
|t:|1779649551
|switch|p2a: OP|Excadrill, F|66/100
|turn|21
|
|t:|1779649576
|move|p2a: OP|Iron Head|p1a: Enamorus
|-supereffective|p1a: Enamorus
|-damage|p1a: Enamorus|0 fnt
|faint|p1a: Enamorus
|
|-weather|Sandstorm|[upkeep]
|upkeep
|
|t:|1779649578
|switch|p1a: Raging Bolt|Raging Bolt|100/100
|turn|22
|
|t:|1779649584
|switch|p2a: Porunga|Pawmot, F|18/100
|move|p1a: Raging Bolt|Thunderclap||[still]
|-fail|p1a: Raging Bolt
|
|-weather|Sandstorm|[upkeep]
|-damage|p2a: Porunga|12/100|[from] Sandstorm
|-damage|p1a: Raging Bolt|94/100|[from] Sandstorm
|-heal|p1a: Raging Bolt|100/100|[from] item: Leftovers
|upkeep
|turn|23
|c|☆OP Earthquakes|gg
|
|t:|1779649590
|move|p1a: Raging Bolt|Thunderclap||[still]
|-fail|p1a: Raging Bolt
|move|p2a: Porunga|Rest|p2a: Porunga
|-status|p2a: Porunga|slp|[from] move: Rest
|-heal|p2a: Porunga|100/100 slp|[silent]
|
|-weather|Sandstorm|[upkeep]
|-damage|p2a: Porunga|94/100 slp|[from] Sandstorm
|-damage|p1a: Raging Bolt|94/100|[from] Sandstorm
|-heal|p1a: Raging Bolt|100/100|[from] item: Leftovers
|upkeep
|turn|24
|l| FaronAan
|c|☆OP Earthquakes|oh bruuu
|c|☆OP Earthquakes|lmao
|c|☆OP Earthquakes|imma bring it all back
|c| omari p|i love that
|
|t:|1779649603
|cant|p2a: Porunga|slp
|move|p2a: Porunga|Sleep Talk|p2a: Porunga
|move|p2a: Porunga|Revival Blessing|p2a: Porunga|[from] move: Sleep Talk
|
|t:|1779649608
|-heal|p2: The sandstorm|50/100|[from] move: Revival Blessing
|move|p1a: Raging Bolt|Draco Meteor|p2a: Porunga
|-damage|p2a: Porunga|0 fnt
|-unboost|p1a: Raging Bolt|spa|2
|faint|p2a: Porunga
|
|-weather|Sandstorm|[upkeep]
|-damage|p1a: Raging Bolt|94/100|[from] Sandstorm
|-heal|p1a: Raging Bolt|100/100|[from] item: Leftovers
|upkeep
|-message|kopv forfeited.
|
|win|OP Earthquakes
|raw|kopv's rating: 1591 &rarr; <strong>1574</strong><br />(-17 for losing)
|raw|OP Earthquakes's rating: 1640 &rarr; <strong>1657</strong><br />(+17 for winning)
|l|☆kopv
|player|p1|
|c|☆OP Earthquakes|lool
|c|☆OP Earthquakes|thought he was choiced
|l| hattybatty304
