|j|☆riruka fan
|j|☆adriancitokeloke
|t:|1779683330
|gametype|singles
|player|p1|riruka fan|klara|1319
|player|p2|adriancitokeloke|cynthia-gen4|1266
|gen|9
|tier|[Gen 9] OU
|rated|
|rule|HP Percentage Mod: HP is shown in percentages
|rule|Endless Battle Clause: Forcing endless battles is banned
|rule|Species Clause: Limit one of each Pokémon
|rule|OHKO Clause: OHKO moves are banned
|rule|Evasion Items Clause: Evasion items are banned
|rule|Evasion Moves Clause: Evasion moves are banned
|rule|Evasion Abilities Clause: Evasion abilities are banned
|rule|Sleep Moves Clause: Sleep-inducing moves are banned
|clearpoke
|poke|p1|Lilligant-Hisui, F|
|poke|p1|Hatterene, F|
|poke|p1|Cinderace, M|
|poke|p1|Ninetales, F|
|poke|p1|Raging Bolt|
|poke|p1|Walking Wake|
|poke|p2|Hatterene, F|
|poke|p2|Farigiraf, M|
|poke|p2|Mimikyu, F|
|poke|p2|Slither Wing|
|poke|p2|Ursaluna, F|
|poke|p2|Torkoal, M|
|teampreview
|inactive|Battle timer is ON: inactive players will automatically lose when time's up. (requested by riruka fan)
|
|t:|1779683373
|teamsize|p1|6
|teamsize|p2|6
|start
|switch|p1a: Walking Wake|Walking Wake|100/100
|switch|p2a: Mimikyu|Mimikyu, F|100/100
|turn|1
|
|t:|1779683379
|move|p1a: Walking Wake|Flip Turn|p2a: Mimikyu
|-activate|p2a: Mimikyu|ability: Disguise
|-damage|p2a: Mimikyu|100/100
|detailschange|p2a: Mimikyu|Mimikyu-Busted, F
|-damage|p2a: Mimikyu|88/100|[from] pokemon: Mimikyu-Busted
|
|t:|1779683386
|-end|p1a: Walking Wake|Protosynthesis|[silent]
|switch|p1a: Cinderace|Cinderace, M|100/100|[from] Flip Turn
|move|p2a: Mimikyu|Play Rough|p1a: Cinderace
|-resisted|p1a: Cinderace
|-damage|p1a: Cinderace|67/100
|-damage|p2a: Mimikyu|78/100|[from] item: Life Orb
|
|upkeep
|turn|2
|
|t:|1779683399
|switch|p2a: Slither Wing|Slither Wing|100/100
|move|p1a: Cinderace|Will-O-Wisp|p2a: Slither Wing|[miss]
|-miss|p1a: Cinderace|p2a: Slither Wing
|
|upkeep
|turn|3
|
|t:|1779683421
|switch|p1a: Raging Bolt|Raging Bolt|100/100
|-terastallize|p2a: Slither Wing|Fire
|move|p2a: Slither Wing|Close Combat|p1a: Raging Bolt
|-damage|p1a: Raging Bolt|2/100
|-unboost|p2a: Slither Wing|def|1
|-unboost|p2a: Slither Wing|spd|1
|
|upkeep
|turn|4
|inactive|riruka fan has 120 seconds left.
|
|t:|1779683448
|-end|p2a: Slither Wing|Protosynthesis|[silent]
|switch|p2a: Mimikyu|Mimikyu-Busted, F|78/100
|move|p1a: Raging Bolt|Thunderclap||[still]
|-fail|p1a: Raging Bolt
|
|upkeep
|turn|5
|inactive|riruka fan has 120 seconds left.
|
|t:|1779683456
|-end|p1a: Raging Bolt|Protosynthesis|[silent]
|switch|p1a: Ninetales|Ninetales, F|100/100
|-weather|SunnyDay|[from] ability: Drought|[of] p1a: Ninetales
|move|p2a: Mimikyu|Shadow Sneak|p1a: Ninetales
|-damage|p1a: Ninetales|62/100
|-damage|p2a: Mimikyu|69/100|[from] item: Life Orb
|
|-weather|SunnyDay|[upkeep]
|upkeep
|turn|6
|
|t:|1779683463
|move|p1a: Ninetales|Will-O-Wisp|p2a: Mimikyu
|-status|p2a: Mimikyu|brn
|move|p2a: Mimikyu|Trick Room|p2a: Mimikyu
|-fieldstart|move: Trick Room|[of] p2a: Mimikyu
|
|-weather|SunnyDay|[upkeep]
|-damage|p2a: Mimikyu|63/100 brn|[from] brn
|upkeep
|turn|7
|
|t:|1779683471
|move|p2a: Mimikyu|Destiny Bond|p2a: Mimikyu
|-singlemove|p2a: Mimikyu|Destiny Bond
|move|p1a: Ninetales|Encore|p2a: Mimikyu
|-start|p2a: Mimikyu|Encore
|
|-weather|SunnyDay|[upkeep]
|-damage|p2a: Mimikyu|56/100 brn|[from] brn
|upkeep
|turn|8
|inactive|riruka fan has 120 seconds left.
|
|t:|1779683505
|switch|p2a: Ursaluna|Ursaluna, F|100/100
|move|p1a: Ninetales|Solar Beam||[still]
|-prepare|p1a: Ninetales|Solar Beam
|-anim|p1a: Ninetales|Solar Beam|p2a: Ursaluna
|-supereffective|p2a: Ursaluna
|-damage|p2a: Ursaluna|46/100
|
|-weather|SunnyDay|[upkeep]
|-status|p2a: Ursaluna|brn|[from] item: Flame Orb
|upkeep
|turn|9
|
|t:|1779683527
|switch|p1a: Cinderace|Cinderace, M|67/100
|move|p2a: Ursaluna|Facade|p1a: Cinderace
|-damage|p1a: Cinderace|0 fnt
|faint|p1a: Cinderace
|
|-weather|SunnyDay|[upkeep]
|-damage|p2a: Ursaluna|40/100 brn|[from] brn
|upkeep
|
|t:|1779683534
|switch|p1a: Hatterene|Hatterene, F|100/100
|turn|10
|
|t:|1779683541
|move|p2a: Ursaluna|Protect|p2a: Ursaluna
|-singleturn|p2a: Ursaluna|Protect
|move|p1a: Hatterene|Dazzling Gleam|p2a: Ursaluna
|-activate|p2a: Ursaluna|move: Protect
|
|-weather|SunnyDay|[upkeep]
|-damage|p2a: Ursaluna|34/100 brn|[from] brn
|-fieldend|move: Trick Room
|upkeep
|turn|11
|
|t:|1779683547
|move|p1a: Hatterene|Psychic Noise|p2a: Ursaluna
|-damage|p2a: Ursaluna|0 fnt
|faint|p2a: Ursaluna
|
|-weather|SunnyDay|[upkeep]
|upkeep
|
|t:|1779683554
|switch|p2a: Farigiraf|Farigiraf, M|100/100
|turn|12
|inactive|riruka fan has 120 seconds left.
|
|t:|1779683568
|move|p2a: Farigiraf|Nasty Plot|p2a: Farigiraf
|-boost|p2a: Farigiraf|spa|2
|move|p1a: Hatterene|Dazzling Gleam|p2a: Farigiraf
|-damage|p2a: Farigiraf|56/100
|
|-weather|none
|upkeep
|turn|13
|inactive|riruka fan has 120 seconds left.
|
|t:|1779683593
|move|p2a: Farigiraf|Shadow Ball|p1a: Hatterene
|-supereffective|p1a: Hatterene
|-damage|p1a: Hatterene|0 fnt
|faint|p1a: Hatterene
|
|upkeep
|
|t:|1779683611
|switch|p1a: Raging Bolt|Raging Bolt|2/100
|turn|14
|inactive|riruka fan has 90 seconds left.
|
|t:|1779683633
|switch|p2a: Slither Wing|Slither Wing, tera:Fire|100/100
|move|p1a: Raging Bolt|Volt Switch|p2a: Slither Wing
|-damage|p2a: Slither Wing|66/100
|inactive|riruka fan has 90 seconds left.
|
|t:|1779683641
|-end|p1a: Raging Bolt|Protosynthesis|[silent]
|switch|p1a: Ninetales|Ninetales, F|62/100|[from] Volt Switch
|-weather|SunnyDay|[from] ability: Drought|[of] p1a: Ninetales
|-activate|p2a: Slither Wing|ability: Protosynthesis
|-start|p2a: Slither Wing|protosynthesisatk
|
|-weather|SunnyDay|[upkeep]
|upkeep
|turn|15
|inactive|riruka fan has 90 seconds left.
|
|t:|1779683658
|move|p1a: Ninetales|Overheat|p2a: Slither Wing
|-resisted|p2a: Slither Wing
|-damage|p2a: Slither Wing|33/100
|-unboost|p1a: Ninetales|spa|2
|move|p2a: Slither Wing|Close Combat|p1a: Ninetales
|-damage|p1a: Ninetales|0 fnt
|-unboost|p2a: Slither Wing|def|1
|-unboost|p2a: Slither Wing|spd|1
|faint|p1a: Ninetales
|
|-weather|SunnyDay|[upkeep]
|upkeep
|inactive|riruka fan has 90 seconds left.
|
|t:|1779683671
|switch|p1a: Walking Wake|Walking Wake|100/100
|-activate|p1a: Walking Wake|ability: Protosynthesis
|-start|p1a: Walking Wake|protosynthesisspe
|turn|16
|
|t:|1779683676
|move|p1a: Walking Wake|Hydro Steam|p2a: Slither Wing
|-supereffective|p2a: Slither Wing
|-damage|p2a: Slither Wing|0 fnt
|faint|p2a: Slither Wing
|-end|p2a: Slither Wing|Protosynthesis|[silent]
|
|-weather|SunnyDay|[upkeep]
|upkeep
|
|t:|1779683681
|switch|p2a: Hatterene|Hatterene, F|100/100
|turn|17
|
|t:|1779683688
|-terastallize|p1a: Walking Wake|Water
|move|p1a: Walking Wake|Hydro Steam|p2a: Hatterene
|-enditem|p2a: Hatterene|Focus Sash
|-damage|p2a: Hatterene|1/100
|move|p2a: Hatterene|Trick Room|p2a: Hatterene
|-fieldstart|move: Trick Room|[of] p2a: Hatterene
|
|-weather|SunnyDay|[upkeep]
|upkeep
|turn|18
|inactive|riruka fan has 90 seconds left.
|
|t:|1779683718
|-end|p1a: Walking Wake|Protosynthesis|[silent]
|switch|p1a: Raging Bolt|Raging Bolt|2/100
|-activate|p1a: Raging Bolt|ability: Protosynthesis
|-start|p1a: Raging Bolt|protosynthesisspa
|move|p2a: Hatterene|Dazzling Gleam|p1a: Raging Bolt
|-supereffective|p1a: Raging Bolt
|-damage|p1a: Raging Bolt|0 fnt
|faint|p1a: Raging Bolt
|-end|p1a: Raging Bolt|Protosynthesis|[silent]
|
|-weather|SunnyDay|[upkeep]
|upkeep
|inactive|riruka fan has 90 seconds left.
|
|t:|1779683725
|switch|p1a: Walking Wake|Walking Wake, tera:Water|100/100
|-activate|p1a: Walking Wake|ability: Protosynthesis
|-start|p1a: Walking Wake|protosynthesisspe
|turn|19
|inactive|riruka fan has 90 seconds left.
|
|t:|1779683747
|move|p2a: Hatterene|Dazzling Gleam|p1a: Walking Wake
|-damage|p1a: Walking Wake|49/100
|move|p1a: Walking Wake|Flip Turn|p2a: Hatterene
|-damage|p2a: Hatterene|0 fnt
|faint|p2a: Hatterene
|
|t:|1779683754
|-end|p1a: Walking Wake|Protosynthesis|[silent]
|switch|p1a: Lilligant|Lilligant-Hisui, F, shiny|100/100|[from] Flip Turn
|
|-weather|SunnyDay|[upkeep]
|upkeep
|
|t:|1779683759
|switch|p2a: Torkoal|Torkoal, M, shiny|100/100
|turn|20
|
|t:|1779683764
|move|p2a: Torkoal|Eruption|p1a: Lilligant
|-supereffective|p1a: Lilligant
|-damage|p1a: Lilligant|0 fnt
|faint|p1a: Lilligant
|
|-weather|SunnyDay|[upkeep]
|upkeep
|
|t:|1779683767
|switch|p1a: Walking Wake|Walking Wake, tera:Water|49/100
|-activate|p1a: Walking Wake|ability: Protosynthesis
|-start|p1a: Walking Wake|protosynthesisspe
|turn|21
|
|t:|1779683776
|move|p2a: Torkoal|Eruption|p1a: Walking Wake
|-resisted|p1a: Walking Wake
|-damage|p1a: Walking Wake|0 fnt
|faint|p1a: Walking Wake
|-end|p1a: Walking Wake|Protosynthesis|[silent]
|
|win|adriancitokeloke
|raw|riruka fan's rating: 1319 &rarr; <strong>1295</strong><br />(-24 for losing)
|raw|adriancitokeloke's rating: 1243 &rarr; <strong>1273</strong><br />(+30 for winning)
|l|☆riruka fan
|player|p1|
|c|☆adriancitokeloke|Gg
|l|☆adriancitokeloke
|player|p2|
