|j|☆greatteams123
|j|☆kemdpw
|t:|1779693469
|gametype|singles
|player|p1|greatteams123|lucas|1342
|player|p2|kemdpw|101|1374
|gen|9
|tier|[Gen 9] OU
|rated|
|rule|HP Percentage Mod: HP is shown in percentages
|rule|Endless Battle Clause: Forcing endless battles is banned
|rule|Species Clause: Limit one of each Pokémon
|rule|OHKO Clause: OHKO moves are banned
|rule|Evasion Items Clause: Evasion items are banned
|rule|Evasion Moves Clause: Evasion moves are banned
|rule|Evasion Abilities Clause: Evasion abilities are banned
|rule|Sleep Moves Clause: Sleep-inducing moves are banned
|clearpoke
|poke|p1|Dragapult, F|
|poke|p1|Corviknight, F|
|poke|p1|Blissey, F|
|poke|p1|Gliscor, M|
|poke|p1|Amoonguss, M|
|poke|p1|Orthworm, F|
|poke|p2|Kyurem|
|poke|p2|Tornadus-Therian, M|
|poke|p2|Hatterene, F|
|poke|p2|Iron Valiant|
|poke|p2|Great Tusk|
|poke|p2|Kingambit, M|
|teampreview
|
|t:|1779693500
|teamsize|p1|6
|teamsize|p2|6
|start
|switch|p1a: Gliscor|Gliscor, M|100/100
|switch|p2a: Tornadus|Tornadus-Therian, M|100/100
|turn|1
|
|t:|1779693528
|move|p1a: Gliscor|Protect|p1a: Gliscor
|-singleturn|p1a: Gliscor|Protect
|move|p2a: Tornadus|Knock Off|p1a: Gliscor
|-activate|p1a: Gliscor|move: Protect
|
|-status|p1a: Gliscor|tox|[from] item: Toxic Orb
|upkeep
|turn|2
|
|t:|1779693533
|move|p2a: Tornadus|U-turn|p1a: Gliscor
|-resisted|p1a: Gliscor
|-damage|p1a: Gliscor|95/100 tox
|
|t:|1779693536
|switch|p2a: Hatterene|Hatterene, F|100/100|[from] U-turn
|move|p1a: Gliscor|Knock Off|p2a: Hatterene
|-damage|p2a: Hatterene|83/100
|-enditem|p2a: Hatterene|Leftovers|[from] move: Knock Off|[of] p1a: Gliscor
|
|-heal|p1a: Gliscor|100/100 tox|[from] ability: Poison Heal
|upkeep
|turn|3
|
|t:|1779693543
|switch|p1a: Blissey|Blissey, F|100/100
|move|p2a: Hatterene|Draining Kiss|p1a: Blissey
|-damage|p1a: Blissey|93/100
|-heal|p2a: Hatterene|94/100|[from] drain|[of] p1a: Blissey
|
|upkeep
|turn|4
|inactive|Battle timer is ON: inactive players will automatically lose when time's up. (requested by kemdpw)
|
|t:|1779693555
|move|p1a: Blissey|Seismic Toss|p2a: Hatterene
|-damage|p2a: Hatterene|63/100
|move|p2a: Hatterene|Psychic Noise|p1a: Blissey
|-damage|p1a: Blissey|82/100
|-start|p1a: Blissey|move: Heal Block
|
|upkeep
|turn|5
|
|t:|1779693562
|move|p1a: Blissey|Seismic Toss|p2a: Hatterene
|-damage|p2a: Hatterene|31/100
|move|p2a: Hatterene|Pain Split|p1a: Blissey
|-sethp|p1a: Blissey|49/100|[from] move: Pain Split|[silent]
|-sethp|p2a: Hatterene|99/100|[from] move: Pain Split
|
|-end|p1a: Blissey|move: Heal Block
|upkeep
|turn|6
|
|t:|1779693572
|move|p1a: Blissey|Seismic Toss|p2a: Hatterene
|-damage|p2a: Hatterene|68/100
|move|p2a: Hatterene|Psychic Noise|p1a: Blissey
|-damage|p1a: Blissey|38/100
|-start|p1a: Blissey|move: Heal Block
|
|upkeep
|turn|7
|
|t:|1779693577
|move|p1a: Blissey|Calm Mind|p1a: Blissey
|-boost|p1a: Blissey|spa|1
|-boost|p1a: Blissey|spd|1
|move|p2a: Hatterene|Draining Kiss|p1a: Blissey
|-damage|p1a: Blissey|33/100
|-heal|p2a: Hatterene|75/100|[from] drain|[of] p1a: Blissey
|
|-end|p1a: Blissey|move: Heal Block
|upkeep
|turn|8
|
|t:|1779693582
|move|p1a: Blissey|Shadow Ball|p2a: Hatterene
|-supereffective|p2a: Hatterene
|-damage|p2a: Hatterene|31/100
|-unboost|p2a: Hatterene|spd|1
|move|p2a: Hatterene|Nuzzle|p1a: Blissey
|-damage|p1a: Blissey|29/100
|-status|p1a: Blissey|par
|
|upkeep
|turn|9
|
|t:|1779693591
|switch|p2a: Kingambit|Kingambit, M|100/100
|move|p1a: Blissey|Shadow Ball|p2a: Kingambit
|-resisted|p2a: Kingambit
|-damage|p2a: Kingambit|87/100
|-unboost|p2a: Kingambit|spd|1
|
|upkeep
|turn|10
|
|t:|1779693597
|-curestatus|p1a: Blissey|par|[from] ability: Natural Cure|[silent]
|switch|p1a: Corviknight|Corviknight, F|100/100
|-ability|p1a: Corviknight|Pressure
|move|p2a: Kingambit|Iron Head|p1a: Corviknight
|-resisted|p1a: Corviknight
|-damage|p1a: Corviknight|87/100
|
|-heal|p1a: Corviknight|93/100|[from] item: Leftovers
|upkeep
|turn|11
|
|t:|1779693609
|-end|p2a: Kingambit|fallenundefined|[silent]
|switch|p2a: Tornadus|Tornadus-Therian, M|100/100
|switch|p1a: Dragapult|Dragapult, F|100/100
|
|upkeep
|turn|12
|
|t:|1779693624
|switch|p1a: Gliscor|Gliscor, M|100/100 tox
|move|p2a: Tornadus|Knock Off|p1a: Gliscor
|-damage|p1a: Gliscor|85/100 tox
|-enditem|p1a: Gliscor|Toxic Orb|[from] move: Knock Off|[of] p2a: Tornadus
|
|-heal|p1a: Gliscor|97/100 tox|[from] ability: Poison Heal
|upkeep
|turn|13
|
|t:|1779693631
|move|p2a: Tornadus|U-turn|p1a: Gliscor
|-resisted|p1a: Gliscor
|-damage|p1a: Gliscor|91/100 tox
|
|t:|1779693634
|switch|p2a: Hatterene|Hatterene, F|31/100|[from] U-turn
|move|p1a: Gliscor|Knock Off|p2a: Hatterene
|-damage|p2a: Hatterene|18/100
|
|-heal|p1a: Gliscor|100/100 tox|[from] ability: Poison Heal
|upkeep
|turn|14
|
|t:|1779693649
|switch|p2a: Kyurem|Kyurem|100/100
|-ability|p2a: Kyurem|Pressure
|move|p1a: Gliscor|Knock Off|p2a: Kyurem
|-damage|p2a: Kyurem|81/100
|-enditem|p2a: Kyurem|Choice Specs|[from] move: Knock Off|[of] p1a: Gliscor
|
|upkeep
|turn|15
|
|t:|1779693662
|switch|p1a: Orthworm|Orthworm, F|100/100
|move|p2a: Kyurem|Ice Beam|p1a: Orthworm
|-resisted|p1a: Orthworm
|-damage|p1a: Orthworm|76/100
|-status|p1a: Orthworm|frz
|
|-heal|p1a: Orthworm|82/100 frz|[from] item: Leftovers
|upkeep
|turn|16
|
|t:|1779693666
|switch|p2a: Hatterene|Hatterene, F|18/100
|cant|p1a: Orthworm|frz
|
|-heal|p1a: Orthworm|88/100 frz|[from] item: Leftovers
|upkeep
|turn|17
|
|t:|1779693674
|switch|p1a: Blissey|Blissey, F|29/100
|move|p2a: Hatterene|Pain Split|p1a: Blissey
|-sethp|p1a: Blissey|19/100|[from] move: Pain Split|[silent]
|-sethp|p2a: Hatterene|38/100|[from] move: Pain Split
|
|upkeep
|turn|18
|
|t:|1779693679
|move|p1a: Blissey|Soft-Boiled|p1a: Blissey
|-heal|p1a: Blissey|69/100
|move|p2a: Hatterene|Nuzzle|p1a: Blissey
|-damage|p1a: Blissey|64/100
|-status|p1a: Blissey|par
|
|upkeep
|turn|19
|
|t:|1779693688
|-curestatus|p1a: Blissey|par|[from] ability: Natural Cure|[silent]
|switch|p1a: Gliscor|Gliscor, M|100/100 tox
|move|p2a: Hatterene|Pain Split|p1a: Gliscor
|-sethp|p1a: Gliscor|68/100 tox|[from] move: Pain Split|[silent]
|-sethp|p2a: Hatterene|75/100|[from] move: Pain Split
|
|-heal|p1a: Gliscor|80/100 tox|[from] ability: Poison Heal
|upkeep
|turn|20
|
|t:|1779693697
|move|p1a: Gliscor|Knock Off|p2a: Hatterene
|-damage|p2a: Hatterene|62/100
|move|p2a: Hatterene|Draining Kiss|p1a: Gliscor
|-damage|p1a: Gliscor|61/100 tox
|-heal|p2a: Hatterene|78/100|[from] drain|[of] p1a: Gliscor
|
|-heal|p1a: Gliscor|74/100 tox|[from] ability: Poison Heal
|upkeep
|turn|21
|
|t:|1779693706
|move|p1a: Gliscor|Knock Off|p2a: Hatterene
|-damage|p2a: Hatterene|64/100
|move|p2a: Hatterene|Psychic Noise|p1a: Gliscor
|-damage|p1a: Gliscor|42/100 tox
|-start|p1a: Gliscor|move: Heal Block
|
|upkeep
|turn|22
|
|t:|1779693715
|switch|p1a: Blissey|Blissey, F|64/100
|move|p2a: Hatterene|Draining Kiss|p1a: Blissey
|-crit|p1a: Blissey
|-damage|p1a: Blissey|53/100
|-heal|p2a: Hatterene|82/100|[from] drain|[of] p1a: Blissey
|
|upkeep
|turn|23
|
|t:|1779693734
|switch|p2a: Great Tusk|Great Tusk|100/100
|move|p1a: Blissey|Shadow Ball|p2a: Great Tusk
|-damage|p2a: Great Tusk|88/100
|
|upkeep
|turn|24
|
|t:|1779693742
|switch|p1a: Corviknight|Corviknight, F|93/100
|-ability|p1a: Corviknight|Pressure
|move|p2a: Great Tusk|Stealth Rock|p1a: Corviknight
|-sidestart|p1: greatteams123|move: Stealth Rock
|
|-heal|p1a: Corviknight|99/100|[from] item: Leftovers
|upkeep
|turn|25
|
|t:|1779693754
|-end|p2a: Great Tusk|Protosynthesis|[silent]
|switch|p2a: Kyurem|Kyurem|81/100
|-ability|p2a: Kyurem|Pressure
|move|p1a: Corviknight|Brave Bird|p2a: Kyurem
|-damage|p2a: Kyurem|48/100
|-damage|p1a: Corviknight|88/100|[from] Recoil
|
|-heal|p1a: Corviknight|94/100|[from] item: Leftovers
|upkeep
|turn|26
|
|t:|1779693761
|switch|p1a: Orthworm|Orthworm, F|88/100 frz
|-damage|p1a: Orthworm|82/100 frz|[from] Stealth Rock
|move|p2a: Kyurem|Ice Beam|p1a: Orthworm
|-resisted|p1a: Orthworm
|-damage|p1a: Orthworm|54/100 frz
|
|-heal|p1a: Orthworm|60/100 frz|[from] item: Leftovers
|upkeep
|turn|27
|
|t:|1779693768
|switch|p2a: Great Tusk|Great Tusk|88/100
|cant|p1a: Orthworm|frz
|
|-heal|p1a: Orthworm|66/100 frz|[from] item: Leftovers
|upkeep
|turn|28
|
|t:|1779693775
|-end|p2a: Great Tusk|Protosynthesis|[silent]
|switch|p2a: Iron Valiant|Iron Valiant|100/100
|switch|p1a: Corviknight|Corviknight, F|94/100
|-damage|p1a: Corviknight|82/100|[from] Stealth Rock
|-ability|p1a: Corviknight|Pressure
|
|-heal|p1a: Corviknight|88/100|[from] item: Leftovers
|upkeep
|turn|29
|
|t:|1779693783
|-end|p2a: Iron Valiant|Quark Drive|[silent]
|switch|p2a: Tornadus|Tornadus-Therian, M|100/100
|move|p1a: Corviknight|Brave Bird|p2a: Tornadus
|-damage|p2a: Tornadus|58/100
|-damage|p1a: Corviknight|77/100|[from] Recoil
|
|-heal|p1a: Corviknight|83/100|[from] item: Leftovers
|upkeep
|turn|30
|
|t:|1779693790
|move|p2a: Tornadus|Heat Wave|p1a: Corviknight
|-supereffective|p1a: Corviknight
|-damage|p1a: Corviknight|33/100
|-status|p1a: Corviknight|brn
|move|p1a: Corviknight|Brave Bird|p2a: Tornadus
|-damage|p2a: Tornadus|37/100
|-damage|p1a: Corviknight|28/100 brn|[from] Recoil
|
|-heal|p1a: Corviknight|34/100 brn|[from] item: Leftovers
|-damage|p1a: Corviknight|28/100 brn|[from] brn
|upkeep
|turn|31
|
|t:|1779693795
|switch|p1a: Gliscor|Gliscor, M|42/100 tox
|-damage|p1a: Gliscor|30/100 tox|[from] Stealth Rock
|move|p2a: Tornadus|Heat Wave|p1a: Gliscor
|-damage|p1a: Gliscor|6/100 tox
|
|-heal|p1a: Gliscor|19/100 tox|[from] ability: Poison Heal
|upkeep
|turn|32
|
|t:|1779693799
|move|p1a: Gliscor|Protect|p1a: Gliscor
|-singleturn|p1a: Gliscor|Protect
|move|p2a: Tornadus|Bleakwind Storm|p1a: Gliscor
|-activate|p1a: Gliscor|move: Protect
|
|-heal|p1a: Gliscor|31/100 tox|[from] ability: Poison Heal
|upkeep
|turn|33
|
|t:|1779693806
|move|p2a: Tornadus|Bleakwind Storm|p1a: Gliscor|[miss]
|-miss|p2a: Tornadus|p1a: Gliscor
|move|p1a: Gliscor|Spikes|p2a: Tornadus
|-sidestart|p2: kemdpw|Spikes
|
|-heal|p1a: Gliscor|44/100 tox|[from] ability: Poison Heal
|upkeep
|turn|34
|
|t:|1779693810
|move|p1a: Gliscor|Protect|p1a: Gliscor
|-singleturn|p1a: Gliscor|Protect
|move|p2a: Tornadus|Bleakwind Storm|p1a: Gliscor
|-activate|p1a: Gliscor|move: Protect
|
|-heal|p1a: Gliscor|56/100 tox|[from] ability: Poison Heal
|upkeep
|turn|35
|
|t:|1779693817
|move|p2a: Tornadus|U-turn|p1a: Gliscor
|-resisted|p1a: Gliscor
|-damage|p1a: Gliscor|50/100 tox
|
|t:|1779693820
|switch|p2a: Great Tusk|Great Tusk|88/100|[from] U-turn
|-damage|p2a: Great Tusk|76/100|[from] Spikes
|move|p1a: Gliscor|Toxic|p2a: Great Tusk
|-status|p2a: Great Tusk|tox
|
|-heal|p1a: Gliscor|62/100 tox|[from] ability: Poison Heal
|-damage|p2a: Great Tusk|70/100 tox|[from] psn
|upkeep
|turn|36
|
|t:|1779693824
|switch|p1a: Corviknight|Corviknight, F|28/100 brn
|-damage|p1a: Corviknight|16/100 brn|[from] Stealth Rock
|-ability|p1a: Corviknight|Pressure
|move|p2a: Great Tusk|Knock Off|p1a: Corviknight
|-damage|p1a: Corviknight|0 fnt
|-enditem|p1a: Corviknight|Leftovers|[from] move: Knock Off|[of] p2a: Great Tusk
|faint|p1a: Corviknight
|
|-damage|p2a: Great Tusk|57/100 tox|[from] psn
|upkeep
|
|t:|1779693827
|switch|p1a: Dragapult|Dragapult, F|100/100
|-damage|p1a: Dragapult|88/100|[from] Stealth Rock
|turn|37
|
|t:|1779693835
|-end|p2a: Great Tusk|Protosynthesis|[silent]
|switch|p2a: Tornadus|Tornadus-Therian, M|70/100
|-terastallize|p1a: Dragapult|Dragon
|move|p1a: Dragapult|Draco Meteor|p2a: Tornadus
|-damage|p2a: Tornadus|0 fnt
|-unboost|p1a: Dragapult|spa|2
|faint|p2a: Tornadus
|
|upkeep
|
|t:|1779693859
|switch|p2a: Iron Valiant|Iron Valiant|100/100
|-damage|p2a: Iron Valiant|88/100|[from] Spikes
|turn|38
|
|t:|1779693866
|switch|p1a: Amoonguss|Amoonguss, M|100/100
|move|p2a: Iron Valiant|Close Combat|p1a: Amoonguss
|-resisted|p1a: Amoonguss
|-damage|p1a: Amoonguss|75/100
|-unboost|p2a: Iron Valiant|def|1
|-unboost|p2a: Iron Valiant|spd|1
|-damage|p2a: Iron Valiant|78/100|[from] item: Life Orb
|
|upkeep
|turn|39
|
|t:|1779693874
|-end|p2a: Iron Valiant|Quark Drive|[silent]
|switch|p2a: Kingambit|Kingambit, M|87/100
|-damage|p2a: Kingambit|75/100|[from] Spikes
|-activate|p2a: Kingambit|ability: Supreme Overlord
|-start|p2a: Kingambit|fallen1|[silent]
|move|p1a: Amoonguss|Foul Play|p2a: Kingambit
|-resisted|p2a: Kingambit
|-damage|p2a: Kingambit|62/100
|
|upkeep
|turn|40
|
|t:|1779693881
|switch|p1a: Dragapult|Dragapult, F, tera:Dragon|88/100
|-damage|p1a: Dragapult|76/100|[from] Stealth Rock
|move|p2a: Kingambit|Swords Dance|p2a: Kingambit
|-boost|p2a: Kingambit|atk|2
|
|upkeep
|turn|41
|
|t:|1779693885
|move|p2a: Kingambit|Sucker Punch||[still]
|-fail|p2a: Kingambit
|move|p1a: Dragapult|Will-O-Wisp|p2a: Kingambit|[miss]
|-miss|p1a: Dragapult|p2a: Kingambit
|
|upkeep
|turn|42
|
|t:|1779693895
|switch|p1a: Blissey|Blissey, F|53/100
|move|p2a: Kingambit|Swords Dance|p2a: Kingambit
|-boost|p2a: Kingambit|atk|2
|
|upkeep
|turn|43
|
|t:|1779693901
|switch|p1a: Gliscor|Gliscor, M|62/100 tox
|-damage|p1a: Gliscor|50/100 tox|[from] Stealth Rock
|move|p2a: Kingambit|Kowtow Cleave|p1a: Gliscor
|-damage|p1a: Gliscor|0 fnt
|faint|p1a: Gliscor
|
|upkeep
|
|t:|1779693903
|switch|p1a: Dragapult|Dragapult, F, tera:Dragon|76/100
|-damage|p1a: Dragapult|64/100|[from] Stealth Rock
|turn|44
|
|t:|1779693913
|move|p1a: Dragapult|Flamethrower|p2a: Kingambit
|-supereffective|p2a: Kingambit
|-damage|p2a: Kingambit|0 fnt
|faint|p2a: Kingambit
|-end|p2a: Kingambit|fallen1|[silent]
|
|upkeep
|
|t:|1779693922
|switch|p2a: Hatterene|Hatterene, F|82/100
|-damage|p2a: Hatterene|69/100|[from] Spikes
|turn|45
|
|t:|1779693929
|switch|p1a: Blissey|Blissey, F|53/100
|move|p2a: Hatterene|Draining Kiss|p1a: Blissey
|-damage|p1a: Blissey|47/100
|-heal|p2a: Hatterene|79/100|[from] drain|[of] p1a: Blissey
|
|upkeep
|turn|46
|l|☆kemdpw
|inactive|kemdpw disconnected and has a minute to reconnect!
|player|p2|
|inactive|kemdpw has 30 seconds to reconnect!
|inactive|kemdpw has 20 seconds to reconnect!
|j|☆kemdpw
|inactive|kemdpw reconnected and has 110 seconds left.
|player|p2|kemdpw|101|
|
|t:|1779693979
|switch|p2a: Iron Valiant|Iron Valiant|78/100
|-damage|p2a: Iron Valiant|66/100|[from] Spikes
|move|p1a: Blissey|Seismic Toss|p2a: Iron Valiant
|-damage|p2a: Iron Valiant|31/100
|
|upkeep
|turn|47
|inactive|greatteams123 has 120 seconds left.
|
|t:|1779694014
|switch|p1a: Amoonguss|Amoonguss, M|100/100
|move|p2a: Iron Valiant|Knock Off|p1a: Amoonguss
|-damage|p1a: Amoonguss|75/100
|-enditem|p1a: Amoonguss|Heavy-Duty Boots|[from] move: Knock Off|[of] p2a: Iron Valiant
|-damage|p2a: Iron Valiant|22/100|[from] item: Life Orb
|
|upkeep
|turn|48
|-message|kemdpw forfeited.
|
|win|greatteams123
|raw|greatteams123's rating: 1333 &rarr; <strong>1355</strong><br />(+22 for winning)
|raw|kemdpw's rating: 1374 &rarr; <strong>1352</strong><br />(-22 for losing)
|l|☆kemdpw
|player|p2|
|l|☆greatteams123
|player|p1|
