|j|☆mister_ttar
|j|‽leifohman
|t:|1779713584
|gametype|singles
|player|p1|mister_ttar|vince|1560
|player|p2|leifohman|266|1545
|gen|9
|tier|[Gen 9] OU
|rated|
|rule|HP Percentage Mod: HP is shown in percentages
|rule|Endless Battle Clause: Forcing endless battles is banned
|rule|Species Clause: Limit one of each Pokémon
|rule|OHKO Clause: OHKO moves are banned
|rule|Evasion Items Clause: Evasion items are banned
|rule|Evasion Moves Clause: Evasion moves are banned
|rule|Evasion Abilities Clause: Evasion abilities are banned
|rule|Sleep Moves Clause: Sleep-inducing moves are banned
|clearpoke
|poke|p1|Quaquaval, M|
|poke|p1|Zamazenta-*|
|poke|p1|Tornadus-Therian, M|
|poke|p1|Landorus-Therian, M|
|poke|p1|Gholdengo|
|poke|p1|Raging Bolt|
|poke|p2|Porygon2|
|poke|p2|Dragapult, F|
|poke|p2|Deoxys-Speed|
|poke|p2|Donphan, M|
|poke|p2|Gardevoir, F|
|poke|p2|Cinderace, M|
|teampreview
|inactive|Battle timer is ON: inactive players will automatically lose when time's up. (requested by leifohman)
|
|t:|1779713590
|teamsize|p1|6
|teamsize|p2|6
|start
|switch|p1a: Tornadus|Tornadus-Therian, M|100/100
|switch|p2a: Deoxys|Deoxys-Speed, shiny|100/100
|-ability|p2a: Deoxys|Pressure
|turn|1
|
|t:|1779713604
|move|p2a: Deoxys|Knock Off|p1a: Tornadus
|-damage|p1a: Tornadus|52/100
|-enditem|p1a: Tornadus|Heavy-Duty Boots|[from] move: Knock Off|[of] p2a: Deoxys
|-damage|p2a: Deoxys|91/100|[from] item: Life Orb
|move|p1a: Tornadus|Knock Off|p2a: Deoxys
|-supereffective|p2a: Deoxys
|-damage|p2a: Deoxys|7/100
|-enditem|p2a: Deoxys|Life Orb|[from] move: Knock Off|[of] p1a: Tornadus
|
|upkeep
|turn|2
|
|t:|1779713610
|switch|p1a: Gholdengo|Gholdengo|100/100
|move|p2a: Deoxys|Ice Beam|p1a: Gholdengo
|-resisted|p1a: Gholdengo
|-damage|p1a: Gholdengo|90/100
|
|upkeep
|turn|3
|
|t:|1779713619
|switch|p1a: Landorus|Landorus-Therian, M|100/100
|-ability|p1a: Landorus|Intimidate|boost
|-unboost|p2a: Deoxys|atk|1
|move|p2a: Deoxys|Knock Off|p1a: Landorus
|-damage|p1a: Landorus|86/100
|-damage|p2a: Deoxys|0 fnt|[from] item: Rocky Helmet|[of] p1a: Landorus
|faint|p2a: Deoxys
|
|upkeep
|
|t:|1779713643
|switch|p2a: Dragapult|Dragapult, F, shiny|100/100
|turn|4
|
|t:|1779713647
|-terastallize|p2a: Dragapult|Ghost
|move|p2a: Dragapult|Shadow Ball|p1a: Landorus
|-crit|p1a: Landorus
|-damage|p1a: Landorus|0 fnt
|faint|p1a: Landorus
|
|upkeep
|
|t:|1779713654
|switch|p1a: Zamazenta|Zamazenta|100/100
|-ability|p1a: Zamazenta|Dauntless Shield|boost
|-boost|p1a: Zamazenta|def|1
|turn|5
|
|t:|1779713658
|move|p2a: Dragapult|Shadow Ball|p1a: Zamazenta
|-damage|p1a: Zamazenta|38/100
|-unboost|p1a: Zamazenta|spd|1
|move|p1a: Zamazenta|Light Screen|p1a: Zamazenta
|-sidestart|p1: mister_ttar|move: Light Screen
|
|upkeep
|turn|6
|
|t:|1779713663
|move|p2a: Dragapult|Shadow Ball|p1a: Zamazenta
|-damage|p1a: Zamazenta|0 fnt
|faint|p1a: Zamazenta
|
|upkeep
|
|t:|1779713672
|switch|p1a: Raging Bolt|Raging Bolt|100/100
|turn|7
|
|t:|1779713675
|move|p2a: Dragapult|Shadow Ball|p1a: Raging Bolt
|-damage|p1a: Raging Bolt|45/100
|-unboost|p1a: Raging Bolt|spd|1
|move|p1a: Raging Bolt|Calm Mind|p1a: Raging Bolt
|-boost|p1a: Raging Bolt|spa|1
|-boost|p1a: Raging Bolt|spd|1
|
|-heal|p1a: Raging Bolt|51/100|[from] item: Leftovers
|upkeep
|turn|8
|
|t:|1779713683
|move|p2a: Dragapult|Shadow Ball|p1a: Raging Bolt
|-damage|p1a: Raging Bolt|0 fnt
|faint|p1a: Raging Bolt
|-end|p1a: Raging Bolt|Protosynthesis|[silent]
|
|upkeep
|
|t:|1779713685
|switch|p1a: Quaquaval|Quaquaval, M|100/100
|turn|9
|
|t:|1779713689
|move|p2a: Dragapult|Shadow Ball|p1a: Quaquaval
|-damage|p1a: Quaquaval|0 fnt
|faint|p1a: Quaquaval
|
|upkeep
|-message|mister_ttar forfeited.
|
|win|leifohman
|raw|mister_ttar's rating: 1560 &rarr; <strong>1539</strong><br />(-21 for losing)
|raw|leifohman's rating: 1545 &rarr; <strong>1566</strong><br />(+21 for winning)
|l|☆mister_ttar
|player|p1|
|l|‽leifohman
|player|p2|
