|j|☆jsmikelol
|j|☆cryrob9909
|t:|1779581778
|gametype|singles
|player|p1|jsmikelol|ninjaboy|
|player|p2|cryrob9909|plasmagruntf-gen5bw|
|gen|9
|tier|[Gen 9] OU
|rule|HP Percentage Mod: HP is shown in percentages
|rule|Endless Battle Clause: Forcing endless battles is banned
|rule|Species Clause: Limit one of each Pokémon
|rule|OHKO Clause: OHKO moves are banned
|rule|Evasion Items Clause: Evasion items are banned
|rule|Evasion Moves Clause: Evasion moves are banned
|rule|Evasion Abilities Clause: Evasion abilities are banned
|rule|Sleep Moves Clause: Sleep-inducing moves are banned
|clearpoke
|poke|p1|Blaziken, F|
|poke|p1|Iron Boulder|
|poke|p1|Iron Hands|
|poke|p1|Kingambit, M|
|poke|p1|Hatterene, F|
|poke|p1|Weavile, F|
|poke|p2|Ursaluna, F|
|poke|p2|Porygon2|
|poke|p2|Pawmot, F|
|poke|p2|Iron Hands|
|poke|p2|Arboliva, F|
|poke|p2|Kingambit, F|
|teampreview
|inactive|Battle timer is ON: inactive players will automatically lose when time's up. (requested by cryrob9909)
|inactive|jsmikelol also wants the timer to be on.
|
|t:|1779581797
|teamsize|p1|6
|teamsize|p2|6
|start
|switch|p1a: Familiar Face|Hatterene, F|100/100
|switch|p2a: Iron Goat|Iron Hands, shiny|100/100
|-enditem|p2a: Iron Goat|Booster Energy
|-activate|p2a: Iron Goat|ability: Quark Drive|[fromitem]
|-start|p2a: Iron Goat|quarkdriveatk
|turn|1
|
|t:|1779581815
|move|p2a: Iron Goat|Swords Dance|p2a: Iron Goat
|-boost|p2a: Iron Goat|atk|2
|move|p1a: Familiar Face|Expanding Force|p2a: Iron Goat
|-supereffective|p2a: Iron Goat
|-crit|p2a: Iron Goat
|-damage|p2a: Iron Goat|0 fnt
|faint|p2a: Iron Goat
|-end|p2a: Iron Goat|Quark Drive|[silent]
|
|upkeep
|c|☆cryrob9909|???
|
|t:|1779581833
|switch|p2a: Domain expansion|Porygon2, shiny|100/100
|-ability|p2a: Domain expansion|Download|boost
|-boost|p2a: Domain expansion|atk|1
|turn|2
|c|☆jsmikelol|hope that thing dies by a sniper
|
|t:|1779581841
|move|p2a: Domain expansion|Shadow Ball|p1a: Familiar Face
|-supereffective|p1a: Familiar Face
|-damage|p1a: Familiar Face|60/100
|move|p1a: Familiar Face|Calm Mind|p1a: Familiar Face
|-boost|p1a: Familiar Face|spa|1
|-boost|p1a: Familiar Face|spd|1
|
|upkeep
|turn|3
|
|t:|1779581850
|move|p2a: Domain expansion|Shadow Ball|p1a: Familiar Face
|-supereffective|p1a: Familiar Face
|-damage|p1a: Familiar Face|31/100
|move|p1a: Familiar Face|Draining Kiss|p2a: Domain expansion
|-damage|p2a: Domain expansion|80/100
|-heal|p1a: Familiar Face|48/100|[from] drain|[of] p2a: Domain expansion
|
|upkeep
|turn|4
|
|t:|1779581859
|move|p2a: Domain expansion|Thunder Wave|p1a: Familiar Face
|move|p1a: Familiar Face|Thunder Wave|p2a: Domain expansion|[from] ability: Magic Bounce
|-status|p2a: Domain expansion|par
|move|p1a: Familiar Face|Expanding Force|p2a: Domain expansion
|-damage|p2a: Domain expansion|45/100 par
|
|upkeep
|turn|5
|c|☆jsmikelol|yikes
|
|t:|1779581873
|move|p1a: Familiar Face|Expanding Force|p2a: Domain expansion
|-crit|p2a: Domain expansion
|-damage|p2a: Domain expansion|0 fnt
|faint|p2a: Domain expansion
|
|upkeep
|
|t:|1779581879
|switch|p2a: Maxpower Smokey|Ursaluna, F, shiny|100/100
|turn|6
|
|t:|1779581887
|move|p2a: Maxpower Smokey|Earthquake|p1a: Familiar Face
|-damage|p1a: Familiar Face|0 fnt
|faint|p1a: Familiar Face
|
|-status|p2a: Maxpower Smokey|brn|[from] item: Flame Orb
|upkeep
|
|t:|1779581892
|switch|p1a: Iced Out|Weavile, F, shiny|100/100
|-ability|p1a: Iced Out|Pressure
|turn|7
|
|t:|1779581903
|-terastallize|p2a: Maxpower Smokey|Ghost
|move|p1a: Iced Out|Triple Axel|p2a: Maxpower Smokey
|-damage|p2a: Maxpower Smokey|93/100 brn
|-damage|p2a: Maxpower Smokey|79/100 brn
|-crit|p2a: Maxpower Smokey
|-damage|p2a: Maxpower Smokey|48/100 brn
|-hitcount|p2a: Maxpower Smokey|3
|move|p2a: Maxpower Smokey|Play Rough|p1a: Iced Out|[miss]
|-miss|p2a: Maxpower Smokey|p1a: Iced Out
|
|-damage|p2a: Maxpower Smokey|42/100 brn|[from] brn
|upkeep
|turn|8
|
|t:|1779581932
|switch|p2a: last drop|Pawmot, F|100/100
|move|p1a: Iced Out|Knock Off|p2a: last drop
|-resisted|p2a: last drop
|-damage|p2a: last drop|63/100
|-enditem|p2a: last drop|Focus Sash|[from] move: Knock Off|[of] p1a: Iced Out
|
|upkeep
|turn|9
|
|t:|1779581943
|switch|p2a: King Gamble|Kingambit, F|100/100
|-activate|p2a: King Gamble|ability: Supreme Overlord
|-start|p2a: King Gamble|fallen2|[silent]
|-terastallize|p1a: Iced Out|Ghost
|move|p1a: Iced Out|Knock Off|p2a: King Gamble
|-resisted|p2a: King Gamble
|-damage|p2a: King Gamble|83/100
|-enditem|p2a: King Gamble|Assault Vest|[from] move: Knock Off|[of] p1a: Iced Out
|
|upkeep
|turn|10
|
|t:|1779581955
|move|p2a: King Gamble|Sucker Punch||[still]
|-fail|p2a: King Gamble
|move|p1a: Iced Out|Substitute|p1a: Iced Out
|-start|p1a: Iced Out|Substitute
|-damage|p1a: Iced Out|76/100
|
|upkeep
|turn|11
|
|t:|1779581960
|move|p1a: Iced Out|Swords Dance|p1a: Iced Out
|-boost|p1a: Iced Out|atk|2
|move|p2a: King Gamble|Kowtow Cleave|p1a: Iced Out
|-supereffective|p1a: Iced Out
|-end|p1a: Iced Out|Substitute
|
|upkeep
|turn|12
|
|t:|1779581971
|move|p2a: King Gamble|Sucker Punch|p1a: Iced Out
|-supereffective|p1a: Iced Out
|-damage|p1a: Iced Out|0 fnt
|faint|p1a: Iced Out
|
|upkeep
|
|t:|1779581978
|switch|p1a: One Punch|Iron Hands, shiny|100/100
|-enditem|p1a: One Punch|Booster Energy
|-activate|p1a: One Punch|ability: Quark Drive|[fromitem]
|-start|p1a: One Punch|quarkdriveatk
|turn|13
|
|t:|1779581993
|-end|p2a: King Gamble|fallen2|[silent]
|switch|p2a: Maxpower Smokey|Ursaluna, F, shiny, tera:Ghost|42/100 brn
|move|p1a: One Punch|Drain Punch|p2a: Maxpower Smokey
|-immune|p2a: Maxpower Smokey
|
|-damage|p2a: Maxpower Smokey|35/100 brn|[from] brn
|upkeep
|turn|14
|
|t:|1779582003
|move|p1a: One Punch|Ice Punch|p2a: Maxpower Smokey
|-damage|p2a: Maxpower Smokey|11/100 brn
|move|p2a: Maxpower Smokey|Earthquake|p1a: One Punch
|-supereffective|p1a: One Punch
|-damage|p1a: One Punch|0 fnt
|faint|p1a: One Punch
|-end|p1a: One Punch|Quark Drive|[silent]
|
|-damage|p2a: Maxpower Smokey|5/100 brn|[from] brn
|upkeep
|c|☆cryrob9909|W
|
|t:|1779582013
|switch|p1a: Tori|Blaziken, F, shiny|100/100
|turn|15
|
|t:|1779582017
|move|p1a: Tori|Flare Blitz|p2a: Maxpower Smokey
|-damage|p2a: Maxpower Smokey|0 fnt
|faint|p2a: Maxpower Smokey
|-damage|p1a: Tori|99/100|[from] Recoil
|
|-ability|p1a: Tori|Speed Boost|boost
|-boost|p1a: Tori|spe|1
|upkeep
|
|t:|1779582028
|switch|p2a: last drop|Pawmot, F|63/100
|turn|16
|c|☆jsmikelol|no recoil DMG??
|
|t:|1779582041
|move|p1a: Tori|Close Combat|p2a: last drop
|-damage|p2a: last drop|0 fnt
|-unboost|p1a: Tori|def|1
|-unboost|p1a: Tori|spd|1
|faint|p2a: last drop
|
|-ability|p1a: Tori|Speed Boost|boost
|-boost|p1a: Tori|spe|1
|upkeep
|
|t:|1779582049
|switch|p2a: King Gamble|Kingambit, F|83/100
|-activate|p2a: King Gamble|ability: Supreme Overlord
|-start|p2a: King Gamble|fallen4|[silent]
|turn|17
|
|t:|1779582056
|move|p2a: King Gamble|Sucker Punch|p1a: Tori
|-resisted|p1a: Tori
|-damage|p1a: Tori|28/100
|move|p1a: Tori|Flare Blitz|p2a: King Gamble
|-supereffective|p2a: King Gamble
|-crit|p2a: King Gamble
|-damage|p2a: King Gamble|0 fnt
|faint|p2a: King Gamble
|-end|p2a: King Gamble|fallen4|[silent]
|-damage|p1a: Tori|0 fnt|[from] Recoil
|faint|p1a: Tori
|
|upkeep
|
|t:|1779582068
|switch|p1a: King|Kingambit, M|100/100
|switch|p2a: Grass|Arboliva, F, shiny|100/100
|-activate|p1a: King|ability: Supreme Overlord
|-start|p1a: King|fallen4|[silent]
|turn|18
|
|t:|1779582076
|move|p1a: King|Sucker Punch||[still]
|-fail|p1a: King
|move|p2a: Grass|Leech Seed|p1a: King
|-start|p1a: King|move: Leech Seed
|
|-damage|p1a: King|88/100|[from] Leech Seed|[of] p2a: Grass
|upkeep
|turn|19
|
|t:|1779582086
|move|p1a: King|Sucker Punch||[still]
|-fail|p1a: King
|move|p2a: Grass|Strength Sap|p1a: King
|-unboost|p1a: King|atk|1
|
|-damage|p1a: King|76/100|[from] Leech Seed|[of] p2a: Grass
|upkeep
|turn|20
|
|t:|1779582094
|move|p1a: King|Low Kick|p2a: Grass
|-supereffective|p2a: Grass
|-damage|p2a: Grass|59/100
|move|p2a: Grass|Earth Power|p1a: King
|-supereffective|p1a: King
|-damage|p1a: King|20/100
|
|-damage|p1a: King|7/100|[from] Leech Seed|[of] p2a: Grass
|-heal|p2a: Grass|73/100|[silent]
|upkeep
|turn|21
|
|t:|1779582105
|move|p1a: King|Iron Head|p2a: Grass
|-damage|p2a: Grass|29/100
|-enditem|p2a: Grass|Sitrus Berry|[eat]
|-heal|p2a: Grass|54/100|[from] item: Sitrus Berry
|cant|p2a: Grass|flinch
|
|-damage|p1a: King|0 fnt|[from] Leech Seed|[of] p2a: Grass
|-heal|p2a: Grass|61/100|[silent]
|faint|p1a: King
|-end|p1a: King|fallen4|[silent]
|-item|p2a: Grass|Sitrus Berry|[from] ability: Harvest
|upkeep
|
|t:|1779582111
|switch|p1a: Big Man|Iron Boulder|100/100
|-enditem|p1a: Big Man|Booster Energy
|-activate|p1a: Big Man|ability: Quark Drive|[fromitem]
|-start|p1a: Big Man|quarkdrivespe
|turn|22
|
|t:|1779582119
|move|p1a: Big Man|Close Combat|p2a: Grass
|-supereffective|p2a: Grass
|-damage|p2a: Grass|0 fnt
|-unboost|p1a: Big Man|def|1
|-unboost|p1a: Big Man|spd|1
|faint|p2a: Grass
|
|win|jsmikelol
