|j|‽PuzzleSpirit
|j|☆greattrainer123
|t:|1779613586
|gametype|singles
|player|p1|PuzzleSpirit|169|1379
|player|p2|greattrainer123|2|1419
|gen|9
|tier|[Gen 9] OU
|rated|
|rule|HP Percentage Mod: HP is shown in percentages
|rule|Endless Battle Clause: Forcing endless battles is banned
|rule|Species Clause: Limit one of each Pokémon
|rule|OHKO Clause: OHKO moves are banned
|rule|Evasion Items Clause: Evasion items are banned
|rule|Evasion Moves Clause: Evasion moves are banned
|rule|Evasion Abilities Clause: Evasion abilities are banned
|rule|Sleep Moves Clause: Sleep-inducing moves are banned
|clearpoke
|poke|p1|Iron Crown|
|poke|p1|Gliscor, F|
|poke|p1|Primarina, F|
|poke|p1|Zarude-Dada|
|poke|p1|Iron Treads|
|poke|p1|Cinderace, M|
|poke|p2|Alomomola, F|
|poke|p2|Zamazenta-*|
|poke|p2|Slowking-Galar, F|
|poke|p2|Lokix, F|
|poke|p2|Dragapult, M|
|poke|p2|Cinccino, F|
|teampreview
|inactive|Battle timer is ON: inactive players will automatically lose when time's up. (requested by greattrainer123)
|
|t:|1779613602
|teamsize|p1|6
|teamsize|p2|6
|start
|switch|p1a: Iron Crown|Iron Crown|100/100
|switch|p2a: Cinccino|Cinccino, F|100/100
|turn|1
|
|t:|1779613619
|switch|p2a: Slowking|Slowking-Galar, F|100/100
|move|p1a: Iron Crown|Tachyon Cutter|p2a: Slowking
|-damage|p2a: Slowking|78/100
|-damage|p2a: Slowking|55/100
|-hitcount|p2a: Slowking|2
|
|-heal|p2a: Slowking|61/100|[from] item: Leftovers
|upkeep
|turn|2
|
|t:|1779613627
|move|p1a: Iron Crown|Tachyon Cutter|p2a: Slowking
|-damage|p2a: Slowking|37/100
|-damage|p2a: Slowking|14/100
|-hitcount|p2a: Slowking|2
|move|p2a: Slowking|Slack Off|p2a: Slowking
|-heal|p2a: Slowking|64/100
|
|-heal|p2a: Slowking|70/100|[from] item: Leftovers
|upkeep
|turn|3
|
|t:|1779613634
|-terastallize|p1a: Iron Crown|Steel
|move|p1a: Iron Crown|Tachyon Cutter|p2a: Slowking
|-damage|p2a: Slowking|38/100
|-damage|p2a: Slowking|11/100
|-hitcount|p2a: Slowking|2
|move|p2a: Slowking|Slack Off|p2a: Slowking
|-heal|p2a: Slowking|61/100
|
|-heal|p2a: Slowking|67/100|[from] item: Leftovers
|upkeep
|turn|4
|
|t:|1779613654
|-end|p1a: Iron Crown|Quark Drive|[silent]
|switch|p1a: Zarude|Zarude-Dada|100/100
|switch|p2a: Alomomola|Alomomola, F|100/100
|
|upkeep
|turn|5
|
|t:|1779613662
|move|p1a: Zarude|Knock Off|p2a: Alomomola
|-damage|p2a: Alomomola|70/100
|-enditem|p2a: Alomomola|Red Card|[from] move: Knock Off|[of] p1a: Zarude
|move|p2a: Alomomola|Flip Turn|p1a: Zarude
|-resisted|p1a: Zarude
|-damage|p1a: Zarude|93/100
|
|t:|1779613671
|switch|p2a: Lokix|Lokix, F|100/100|[from] Flip Turn
|
|upkeep
|turn|6
|
|t:|1779613679
|switch|p1a: Gliscor|Gliscor, F|100/100
|move|p2a: Lokix|U-turn|p1a: Gliscor
|-resisted|p1a: Gliscor
|-damage|p1a: Gliscor|68/100
|
|t:|1779613684
|switch|p2a: Cinccino|Cinccino, F|100/100|[from] U-turn
|
|-status|p1a: Gliscor|tox|[from] item: Toxic Orb
|upkeep
|turn|7
|
|t:|1779613695
|move|p2a: Cinccino|Triple Axel|p1a: Gliscor|[miss]
|-miss|p2a: Cinccino|p1a: Gliscor
|move|p1a: Gliscor|U-turn|p2a: Cinccino
|-damage|p2a: Cinccino|69/100
|
|t:|1779613713
|switch|p1a: Zarude|Zarude-Dada|93/100|[from] U-turn
|
|upkeep
|turn|8
|
|t:|1779613720
|move|p1a: Zarude|Power Whip|p2a: Cinccino|[miss]
|-miss|p1a: Zarude|p2a: Cinccino
|move|p2a: Cinccino|Triple Axel|p1a: Zarude
|-supereffective|p1a: Zarude
|-damage|p1a: Zarude|76/100
|-supereffective|p1a: Zarude
|-damage|p1a: Zarude|44/100
|-supereffective|p1a: Zarude
|-damage|p1a: Zarude|0 fnt
|faint|p1a: Zarude
|-hitcount|p1: Zarude|3
|
|upkeep
|
|t:|1779613730
|switch|p1a: Cinderace|Cinderace, M|100/100
|turn|9
|
|t:|1779613736
|switch|p2a: Alomomola|Alomomola, F|100/100
|move|p1a: Cinderace|Pyro Ball|p2a: Alomomola
|-resisted|p2a: Alomomola
|-damage|p2a: Alomomola|86/100
|
|upkeep
|turn|10
|
|t:|1779613746
|move|p1a: Cinderace|U-turn|p2a: Alomomola
|-start|p1a: Cinderace|typechange|Bug|[from] ability: Libero
|-damage|p2a: Alomomola|69/100
|
|t:|1779613752
|switch|p1a: Primarina|Primarina, F|100/100|[from] U-turn
|move|p2a: Alomomola|Flip Turn|p1a: Primarina
|-resisted|p1a: Primarina
|-damage|p1a: Primarina|90/100
|
|t:|1779613758
|switch|p2a: Cinccino|Cinccino, F|69/100|[from] Flip Turn
|
|upkeep
|turn|11
|
|t:|1779613763
|move|p2a: Cinccino|Bullet Seed|p1a: Primarina
|-supereffective|p1a: Primarina
|-damage|p1a: Primarina|62/100
|-supereffective|p1a: Primarina
|-damage|p1a: Primarina|33/100
|-supereffective|p1a: Primarina
|-damage|p1a: Primarina|6/100
|-supereffective|p1a: Primarina
|-damage|p1a: Primarina|0 fnt
|faint|p1a: Primarina
|-hitcount|p1: Primarina|4
|
|upkeep
|
|t:|1779613768
|switch|p1a: Cinderace|Cinderace, M|100/100
|turn|12
|
|t:|1779613775
|switch|p2a: Alomomola|Alomomola, F|100/100
|move|p1a: Cinderace|U-turn|p2a: Alomomola
|-start|p1a: Cinderace|typechange|Bug|[from] ability: Libero
|-damage|p2a: Alomomola|81/100
|
|t:|1779613784
|switch|p1a: Iron Crown|Iron Crown, tera:Steel|100/100|[from] U-turn
|
|upkeep
|turn|13
|
|t:|1779613791
|move|p2a: Alomomola|Protect|p2a: Alomomola
|-singleturn|p2a: Alomomola|Protect
|move|p1a: Iron Crown|Volt Switch|p2a: Alomomola
|-activate|p2a: Alomomola|move: Protect
|
|upkeep
|turn|14
|
|t:|1779613798
|switch|p2a: Dragapult|Dragapult, M|100/100
|move|p1a: Iron Crown|Volt Switch|p2a: Dragapult
|-resisted|p2a: Dragapult
|-damage|p2a: Dragapult|77/100
|
|t:|1779613803
|-end|p1a: Iron Crown|Quark Drive|[silent]
|switch|p1a: Gliscor|Gliscor, F|68/100 tox|[from] Volt Switch
|
|-heal|p1a: Gliscor|80/100 tox|[from] ability: Poison Heal
|upkeep
|turn|15
|
|t:|1779613813
|move|p1a: Gliscor|Protect|p1a: Gliscor
|-singleturn|p1a: Gliscor|Protect
|move|p2a: Dragapult|Shadow Ball|p1a: Gliscor
|-activate|p1a: Gliscor|move: Protect
|
|-heal|p1a: Gliscor|92/100 tox|[from] ability: Poison Heal
|upkeep
|turn|16
|
|t:|1779613820
|move|p2a: Dragapult|Shadow Ball|p1a: Gliscor
|-damage|p1a: Gliscor|28/100 tox
|move|p1a: Gliscor|Earthquake|p2a: Dragapult
|-damage|p2a: Dragapult|27/100
|
|-heal|p1a: Gliscor|40/100 tox|[from] ability: Poison Heal
|upkeep
|turn|17
|
|t:|1779613828
|move|p1a: Gliscor|Protect|p1a: Gliscor
|-singleturn|p1a: Gliscor|Protect
|move|p2a: Dragapult|Shadow Ball|p1a: Gliscor
|-activate|p1a: Gliscor|move: Protect
|
|-heal|p1a: Gliscor|52/100 tox|[from] ability: Poison Heal
|upkeep
|turn|18
|
|t:|1779613852
|switch|p1a: Iron Crown|Iron Crown, tera:Steel|100/100
|move|p2a: Dragapult|Shadow Ball|p1a: Iron Crown
|-damage|p1a: Iron Crown|46/100
|-unboost|p1a: Iron Crown|spd|1
|
|upkeep
|turn|19
|
|t:|1779613867
|switch|p2a: Slowking|Slowking-Galar, F|99/100
|move|p1a: Iron Crown|Volt Switch|p2a: Slowking
|-damage|p2a: Slowking|79/100
|
|t:|1779613885
|-end|p1a: Iron Crown|Quark Drive|[silent]
|switch|p1a: Gliscor|Gliscor, F|52/100 tox|[from] Volt Switch
|
|-heal|p2a: Slowking|85/100|[from] item: Leftovers
|-heal|p1a: Gliscor|64/100 tox|[from] ability: Poison Heal
|upkeep
|turn|20
|
|t:|1779613893
|switch|p2a: Alomomola|Alomomola, F|100/100
|move|p1a: Gliscor|Earthquake|p2a: Alomomola
|-damage|p2a: Alomomola|82/100
|
|-heal|p1a: Gliscor|77/100 tox|[from] ability: Poison Heal
|upkeep
|turn|21
|
|t:|1779613901
|move|p1a: Gliscor|U-turn|p2a: Alomomola
|-damage|p2a: Alomomola|72/100
|-message|PuzzleSpirit forfeited.
|
|win|greattrainer123
|raw|PuzzleSpirit's rating: 1379 &rarr; <strong>1361</strong><br />(-18 for losing)
|raw|greattrainer123's rating: 1419 &rarr; <strong>1437</strong><br />(+18 for winning)
|l|‽PuzzleSpirit
|player|p1|
|l|☆greattrainer123
|player|p2|
