|j|☆La_Quezadilla
|j|☆newxam
|t:|1779604306
|gametype|singles
|player|p1|La_Quezadilla|aromalady|1084
|player|p2|newxam|102|1061
|gen|9
|tier|[Gen 9] OU
|rated|
|rule|HP Percentage Mod: HP is shown in percentages
|rule|Endless Battle Clause: Forcing endless battles is banned
|rule|Species Clause: Limit one of each Pokémon
|rule|OHKO Clause: OHKO moves are banned
|rule|Evasion Items Clause: Evasion items are banned
|rule|Evasion Moves Clause: Evasion moves are banned
|rule|Evasion Abilities Clause: Evasion abilities are banned
|rule|Sleep Moves Clause: Sleep-inducing moves are banned
|clearpoke
|poke|p1|Kingambit, M|
|poke|p1|Gholdengo|
|poke|p1|Great Tusk|
|poke|p1|Kyurem|
|poke|p1|Ogerpon-Wellspring, F|
|poke|p1|Slowking-Galar, F|
|poke|p2|Polteageist|
|poke|p2|Indeedee-F, F|
|poke|p2|Samurott-Hisui, F|
|poke|p2|Mimikyu, F|
|poke|p2|Pecharunt|
|poke|p2|Talonflame, F|
|teampreview
|inactive|Battle timer is ON: inactive players will automatically lose when time's up. (requested by newxam)
|
|t:|1779604312
|teamsize|p1|6
|teamsize|p2|6
|start
|switch|p1a: Kyurem|Kyurem|100/100
|switch|p2a: Mimikyu|Mimikyu, F|100/100
|-ability|p1a: Kyurem|Pressure
|turn|1
|
|t:|1779604323
|move|p1a: Kyurem|Earth Power|p2a: Mimikyu
|-activate|p2a: Mimikyu|ability: Disguise
|-damage|p2a: Mimikyu|100/100
|detailschange|p2a: Mimikyu|Mimikyu-Busted, F
|-damage|p2a: Mimikyu|88/100|[from] pokemon: Mimikyu-Busted
|move|p2a: Mimikyu|Swords Dance|p2a: Mimikyu
|-boost|p2a: Mimikyu|atk|2
|
|upkeep
|turn|2
|
|t:|1779604334
|-terastallize|p2a: Mimikyu|Ghost
|move|p1a: Kyurem|Ice Beam|p2a: Mimikyu
|-damage|p2a: Mimikyu|26/100
|move|p2a: Mimikyu|Shadow Claw|p1a: Kyurem
|-damage|p1a: Kyurem|6/100
|-damage|p2a: Mimikyu|16/100|[from] item: Life Orb
|
|upkeep
|turn|3
|
|t:|1779604342
|move|p2a: Mimikyu|Shadow Sneak|p1a: Kyurem
|-damage|p1a: Kyurem|0 fnt
|faint|p1a: Kyurem
|-damage|p2a: Mimikyu|6/100|[from] item: Life Orb
|
|upkeep
|
|t:|1779604350
|switch|p1a: Gholdengo|Gholdengo|100/100
|turn|4
|
|t:|1779604354
|move|p1a: Gholdengo|Shadow Ball|p2a: Mimikyu
|-supereffective|p2a: Mimikyu
|-damage|p2a: Mimikyu|0 fnt
|faint|p2a: Mimikyu
|
|upkeep
|
|t:|1779604371
|switch|p2a: Samurott|Samurott-Hisui, F|100/100
|turn|5
|
|t:|1779604380
|-terastallize|p1a: Gholdengo|Steel
|move|p1a: Gholdengo|Shadow Ball|p2a: Samurott
|-resisted|p2a: Samurott
|-damage|p2a: Samurott|71/100
|-unboost|p2a: Samurott|spd|1
|move|p2a: Samurott|Ceaseless Edge|p1a: Gholdengo
|-damage|p1a: Gholdengo|46/100
|-sidestart|p1: La_Quezadilla|Spikes
|
|upkeep
|turn|6
|
|t:|1779604390
|move|p1a: Gholdengo|Shadow Ball|p2a: Samurott
|-resisted|p2a: Samurott
|-damage|p2a: Samurott|24/100
|move|p2a: Samurott|Ceaseless Edge|p1a: Gholdengo
|-damage|p1a: Gholdengo|0 fnt
|-sidestart|p1: La_Quezadilla|Spikes
|faint|p1a: Gholdengo
|
|upkeep
|
|t:|1779604402
|switch|p1a: Ogerpon|Ogerpon-Wellspring, F|100/100
|-damage|p1a: Ogerpon|84/100|[from] Spikes
|turn|7
|
|t:|1779604414
|move|p1a: Ogerpon|U-turn|p2a: Samurott
|-supereffective|p2a: Samurott
|-damage|p2a: Samurott|0 fnt
|faint|p2a: Samurott
|
|t:|1779604419
|switch|p1a: Great Tusk|Great Tusk|100/100|[from] U-turn
|-damage|p1a: Great Tusk|84/100|[from] Spikes
|
|-heal|p1a: Great Tusk|90/100|[from] item: Leftovers
|upkeep
|
|t:|1779604425
|switch|p2a: Talonflame|Talonflame, F|100/100
|turn|8
|
|t:|1779604430
|move|p2a: Talonflame|Brave Bird|p1a: Great Tusk
|-supereffective|p1a: Great Tusk
|-damage|p1a: Great Tusk|22/100
|-damage|p2a: Talonflame|73/100|[from] Recoil
|move|p1a: Great Tusk|Stealth Rock|p2a: Talonflame
|-sidestart|p2: newxam|move: Stealth Rock
|
|-heal|p1a: Great Tusk|29/100|[from] item: Leftovers
|upkeep
|turn|9
|
|t:|1779604438
|move|p2a: Talonflame|Brave Bird|p1a: Great Tusk
|-supereffective|p1a: Great Tusk
|-damage|p1a: Great Tusk|0 fnt
|faint|p1a: Great Tusk
|-end|p1a: Great Tusk|Protosynthesis|[silent]
|-damage|p2a: Talonflame|61/100|[from] Recoil
|
|upkeep
|
|t:|1779604445
|switch|p1a: Kingambit|Kingambit, M|100/100
|-damage|p1a: Kingambit|84/100|[from] Spikes
|-activate|p1a: Kingambit|ability: Supreme Overlord
|-start|p1a: Kingambit|fallen3|[silent]
|turn|10
|
|t:|1779604455
|move|p1a: Kingambit|Sucker Punch||[still]
|-fail|p1a: Kingambit
|move|p2a: Talonflame|Defog|p1a: Kingambit
|-unboost|p1a: Kingambit|evasion|1
|-sideend|p1: La_Quezadilla|Spikes|[from] move: Defog|[of] p2a: Talonflame
|-sideend|p2: newxam|Stealth Rock|[from] move: Defog|[of] p2a: Talonflame
|
|upkeep
|turn|11
|
|t:|1779604464
|move|p1a: Kingambit|Sucker Punch||[still]
|-fail|p1a: Kingambit
|move|p2a: Talonflame|Rest|p2a: Talonflame
|-status|p2a: Talonflame|slp|[from] move: Rest
|-heal|p2a: Talonflame|100/100 slp|[silent]
|
|upkeep
|turn|12
|
|t:|1779604474
|-end|p1a: Kingambit|fallen3|[silent]
|switch|p1a: Slowking|Slowking-Galar, F|100/100
|cant|p2a: Talonflame|slp
|move|p2a: Talonflame|Sleep Talk|p2a: Talonflame
|move|p2a: Talonflame|Brave Bird|p1a: Slowking|[from] move: Sleep Talk
|-damage|p1a: Slowking|52/100
|-damage|p2a: Talonflame|79/100 slp|[from] Recoil
|
|-heal|p1a: Slowking|58/100|[from] item: Black Sludge
|upkeep
|turn|13
|
|t:|1779604487
|cant|p2a: Talonflame|slp
|move|p2a: Talonflame|Sleep Talk|p2a: Talonflame
|move|p2a: Talonflame|Brave Bird|p1a: Slowking|[from] move: Sleep Talk
|-damage|p1a: Slowking|2/100
|-damage|p2a: Talonflame|55/100 slp|[from] Recoil
|move|p1a: Slowking|Surf|p2a: Talonflame
|-supereffective|p2a: Talonflame
|-damage|p2a: Talonflame|0 fnt
|faint|p2a: Talonflame
|
|-heal|p1a: Slowking|8/100|[from] item: Black Sludge
|upkeep
|
|t:|1779604501
|switch|p2a: Pecharunt|Pecharunt|100/100
|turn|14
|
|t:|1779604507
|move|p2a: Pecharunt|Poltergeist|p1a: Slowking
|-activate|p1a: Slowking|move: Poltergeist|Black Sludge
|-supereffective|p1a: Slowking
|-damage|p1a: Slowking|0 fnt
|faint|p1a: Slowking
|
|upkeep
|
|t:|1779604515
|switch|p1a: Kingambit|Kingambit, M|84/100
|-activate|p1a: Kingambit|ability: Supreme Overlord
|-start|p1a: Kingambit|fallen4|[silent]
|turn|15
|
|t:|1779604522
|move|p2a: Pecharunt|Poltergeist|p1a: Kingambit
|-activate|p1a: Kingambit|move: Poltergeist|Safety Goggles
|-resisted|p1a: Kingambit
|-damage|p1a: Kingambit|72/100
|move|p1a: Kingambit|Kowtow Cleave|p2a: Pecharunt
|-supereffective|p2a: Pecharunt
|-damage|p2a: Pecharunt|10/100
|
|upkeep
|turn|16
|
|t:|1779604531
|-end|p1a: Kingambit|fallen4|[silent]
|switch|p1a: Ogerpon|Ogerpon-Wellspring, F|84/100
|move|p2a: Pecharunt|Hex|p1a: Ogerpon
|-damage|p1a: Ogerpon|52/100
|
|upkeep
|turn|17
|
|t:|1779604541
|move|p1a: Ogerpon|Power Whip|p2a: Pecharunt
|-resisted|p2a: Pecharunt
|-damage|p2a: Pecharunt|0 fnt
|faint|p2a: Pecharunt
|
|upkeep
|
|t:|1779604547
|switch|p2a: Indeedee|Indeedee-F, F|100/100
|-fieldstart|move: Psychic Terrain|[from] ability: Psychic Surge|[of] p2a: Indeedee
|turn|18
|
|t:|1779604557
|move|p1a: Ogerpon|U-turn|p2a: Indeedee
|-supereffective|p2a: Indeedee
|-damage|p2a: Indeedee|29/100
|
|t:|1779604561
|switch|p1a: Kingambit|Kingambit, M|72/100|[from] U-turn
|-activate|p1a: Kingambit|ability: Supreme Overlord
|-start|p1a: Kingambit|fallen4|[silent]
|move|p2a: Indeedee|Reflect|p2a: Indeedee
|-sidestart|p2: newxam|Reflect
|
|upkeep
|turn|19
|
|t:|1779604569
|move|p2a: Indeedee|Light Screen|p2a: Indeedee
|-sidestart|p2: newxam|move: Light Screen
|move|p1a: Kingambit|Swords Dance|p1a: Kingambit
|-boost|p1a: Kingambit|atk|2
|
|upkeep
|turn|20
|
|t:|1779604576
|move|p2a: Indeedee|Healing Wish|p2a: Indeedee
|faint|p2a: Indeedee
|move|p1a: Kingambit|Swords Dance|p1a: Kingambit
|-boost|p1a: Kingambit|atk|2
|
|upkeep
|
|t:|1779604580
|switch|p2a: Polteageist|Polteageist, shiny|100/100
|turn|21
|
|t:|1779604589
|move|p2a: Polteageist|Shell Smash|p2a: Polteageist
|-unboost|p2a: Polteageist|def|1
|-unboost|p2a: Polteageist|spd|1
|-boost|p2a: Polteageist|atk|2
|-boost|p2a: Polteageist|spa|2
|-boost|p2a: Polteageist|spe|2
|move|p1a: Kingambit|Kowtow Cleave|p2a: Polteageist
|-supereffective|p2a: Polteageist
|-enditem|p2a: Polteageist|Focus Sash
|-damage|p2a: Polteageist|1/100
|-ability|p2a: Polteageist|Weak Armor|boost
|-unboost|p2a: Polteageist|def|1
|-boost|p2a: Polteageist|spe|2
|
|upkeep
|turn|22
|
|t:|1779604602
|move|p2a: Polteageist|Night Shade|p1a: Kingambit
|-damage|p1a: Kingambit|46/100
|move|p1a: Kingambit|Kowtow Cleave|p2a: Polteageist
|-supereffective|p2a: Polteageist
|-damage|p2a: Polteageist|0 fnt
|faint|p2a: Polteageist
|
|win|La_Quezadilla
|raw|La_Quezadilla's rating: 1084 &rarr; <strong>1110</strong><br />(+26 for winning)
|raw|newxam's rating: 1061 &rarr; <strong>1043</strong><br />(-18 for losing)
|l|☆newxam
|player|p2|
|l|☆La_Quezadilla
|player|p1|
