|j|☆TheLump
|j|☆garganaclfan1738
|t:|1779716231
|gametype|singles
|player|p1|TheLump|2|1233
|player|p2|garganaclfan1738|lady-gen4|1272
|gen|9
|tier|[Gen 9] OU
|rated|
|rule|HP Percentage Mod: HP is shown in percentages
|rule|Endless Battle Clause: Forcing endless battles is banned
|rule|Species Clause: Limit one of each Pokémon
|rule|OHKO Clause: OHKO moves are banned
|rule|Evasion Items Clause: Evasion items are banned
|rule|Evasion Moves Clause: Evasion moves are banned
|rule|Evasion Abilities Clause: Evasion abilities are banned
|rule|Sleep Moves Clause: Sleep-inducing moves are banned
|clearpoke
|poke|p1|Torkoal, F|
|poke|p1|Weepinbell, M|
|poke|p1|Slither Wing|
|poke|p1|Iron Moth|
|poke|p1|Exeggutor, M|
|poke|p1|Victreebel, M|
|poke|p2|Darkrai|
|poke|p2|Garchomp, M|
|poke|p2|Alomomola, M|
|poke|p2|Corviknight, M|
|poke|p2|Weezing-Galar, F|
|poke|p2|Ogerpon, F|
|teampreview
|
|t:|1779716269
|teamsize|p1|6
|teamsize|p2|6
|start
|switch|p1a: Torkoal|Torkoal, F, shiny|100/100
|switch|p2a: Garchomp|Garchomp, M|100/100
|-weather|SunnyDay|[from] ability: Drought|[of] p1a: Torkoal
|turn|1
|
|t:|1779716275
|move|p2a: Garchomp|Stealth Rock|p1a: Torkoal
|-sidestart|p1: TheLump|move: Stealth Rock
|move|p1a: Torkoal|Will-O-Wisp|p2a: Garchomp
|-status|p2a: Garchomp|brn
|
|-weather|SunnyDay|[upkeep]
|-damage|p2a: Garchomp|94/100 brn|[from] brn
|upkeep
|turn|2
|
|t:|1779716281
|move|p1a: Torkoal|Rapid Spin|p2a: Garchomp
|-damage|p2a: Garchomp|89/100 brn
|-boost|p1a: Torkoal|spe|1
|-damage|p1a: Torkoal|88/100|[from] ability: Rough Skin|[of] p2a: Garchomp
|-damage|p1a: Torkoal|72/100|[from] item: Rocky Helmet|[of] p2a: Garchomp
|-sideend|p1: TheLump|Stealth Rock|[from] move: Rapid Spin|[of] p1a: Torkoal
|move|p2a: Garchomp|Dragon Tail|p1a: Torkoal
|-damage|p1a: Torkoal|63/100
|drag|p1a: Iron Moth|Iron Moth|100/100
|-enditem|p1a: Iron Moth|Booster Energy
|-activate|p1a: Iron Moth|ability: Quark Drive|[fromitem]
|-start|p1a: Iron Moth|quarkdrivespe
|
|-weather|SunnyDay|[upkeep]
|-damage|p2a: Garchomp|83/100 brn|[from] brn
|upkeep
|turn|3
|
|t:|1779716285
|-terastallize|p1a: Iron Moth|Flying
|move|p1a: Iron Moth|Fiery Dance|p2a: Garchomp
|-resisted|p2a: Garchomp
|-damage|p2a: Garchomp|54/100 brn
|-boost|p1a: Iron Moth|spa|1
|move|p2a: Garchomp|Earthquake|p1a: Iron Moth
|-immune|p1a: Iron Moth
|
|-weather|SunnyDay|[upkeep]
|-damage|p2a: Garchomp|48/100 brn|[from] brn
|upkeep
|turn|4
|
|t:|1779716290
|move|p1a: Iron Moth|Dazzling Gleam|p2a: Garchomp
|-supereffective|p2a: Garchomp
|-damage|p2a: Garchomp|0 fnt
|faint|p2a: Garchomp
|
|-weather|SunnyDay|[upkeep]
|upkeep
|
|t:|1779716293
|switch|p2a: Alomomola|Alomomola, M|100/100
|turn|5
|
|t:|1779716296
|move|p1a: Iron Moth|Sludge Wave|p2a: Alomomola
|-damage|p2a: Alomomola|67/100
|move|p2a: Alomomola|Mirror Coat|p1a: Iron Moth
|-damage|p1a: Iron Moth|0 fnt
|faint|p1a: Iron Moth
|-end|p1a: Iron Moth|Quark Drive|[silent]
|
|-weather|SunnyDay|[upkeep]
|upkeep
|
|t:|1779716299
|switch|p1a: Lowi Trusmadi|Victreebel, M, shiny|100/100
|turn|6
|
|t:|1779716310
|switch|p2a: Corviknight|Corviknight, M|100/100
|-ability|p2a: Corviknight|Pressure
|move|p1a: Lowi Trusmadi|Growth|p1a: Lowi Trusmadi
|-boost|p1a: Lowi Trusmadi|atk|2
|-boost|p1a: Lowi Trusmadi|spa|2
|
|-weather|SunnyDay|[upkeep]
|upkeep
|turn|7
|inactive|Battle timer is ON: inactive players will automatically lose when time's up. (requested by garganaclfan1738)
|inactive|TheLump has 120 seconds left.
|
|t:|1779716373
|move|p1a: Lowi Trusmadi|Weather Ball|p2a: Corviknight
|-supereffective|p2a: Corviknight
|-damage|p2a: Corviknight|0 fnt
|faint|p2a: Corviknight
|
|-weather|SunnyDay|[upkeep]
|upkeep
|
|t:|1779716383
|switch|p2a: Weezing|Weezing-Galar, F|100/100
|-ability|p2a: Weezing|Neutralizing Gas
|turn|8
|
|t:|1779716410
|move|p1a: Lowi Trusmadi|Weather Ball|p2a: Weezing
|-damage|p2a: Weezing|0 fnt
|faint|p2a: Weezing
|-end|p2a: Weezing|ability: Neutralizing Gas
|
|-weather|none
|upkeep
|
|t:|1779716413
|switch|p2a: Darkrai|Darkrai|100/100
|turn|9
|inactive|TheLump has 120 seconds left.
|
|t:|1779716438
|-terastallize|p2a: Darkrai|Dark
|move|p2a: Darkrai|Dark Pulse|p1a: Lowi Trusmadi
|-damage|p1a: Lowi Trusmadi|0 fnt
|faint|p1a: Lowi Trusmadi
|
|upkeep
|
|t:|1779716441
|switch|p1a: Slither Wing|Slither Wing, shiny|100/100
|turn|10
|
|t:|1779716444
|switch|p2a: Alomomola|Alomomola, M|100/100
|move|p1a: Slither Wing|First Impression|p2a: Alomomola
|-damage|p2a: Alomomola|64/100
|
|upkeep
|turn|11
|inactive|TheLump has 120 seconds left.
|
|t:|1779716479
|move|p1a: Slither Wing|Close Combat|p2a: Alomomola
|-damage|p2a: Alomomola|14/100
|-unboost|p1a: Slither Wing|def|1
|-unboost|p1a: Slither Wing|spd|1
|move|p2a: Alomomola|Flip Turn|p1a: Slither Wing
|-damage|p1a: Slither Wing|71/100
|
|t:|1779716486
|switch|p2a: Darkrai|Darkrai, tera:Dark|100/100|[from] Flip Turn
|
|upkeep
|turn|12
|inactive|TheLump has 120 seconds left.
|
|t:|1779716517
|switch|p2a: Alomomola|Alomomola, M|47/100
|-end|p1a: Slither Wing|Protosynthesis|[silent]
|switch|p1a: Torkoal|Torkoal, F, shiny|63/100
|-weather|SunnyDay|[from] ability: Drought|[of] p1a: Torkoal
|
|-weather|SunnyDay|[upkeep]
|upkeep
|turn|13
|
|t:|1779716522
|switch|p1a: Macrophylla|Weepinbell, M|100/100
|move|p2a: Alomomola|Flip Turn|p1a: Macrophylla
|-resisted|p1a: Macrophylla
|-damage|p1a: Macrophylla|96/100
|
|t:|1779716528
|switch|p2a: Ogerpon|Ogerpon, F|100/100|[from] Flip Turn
|
|-weather|SunnyDay|[upkeep]
|upkeep
|turn|14
|inactive|TheLump has 120 seconds left.
|
|t:|1779716554
|move|p2a: Ogerpon|Encore||[still]
|-fail|p2a: Ogerpon
|move|p1a: Macrophylla|Toxic|p2a: Ogerpon
|-status|p2a: Ogerpon|tox
|
|-weather|SunnyDay|[upkeep]
|-damage|p2a: Ogerpon|95/100 tox|[from] psn
|upkeep
|turn|15
|
|t:|1779716559
|switch|p1a: Torkoal|Torkoal, F, shiny|63/100
|move|p2a: Ogerpon|Swords Dance|p2a: Ogerpon
|-boost|p2a: Ogerpon|atk|2
|
|-weather|SunnyDay|[upkeep]
|-damage|p2a: Ogerpon|83/100 tox|[from] psn
|upkeep
|turn|16
|
|t:|1779716562
|move|p2a: Ogerpon|Knock Off|p1a: Torkoal
|-damage|p1a: Torkoal|19/100
|-enditem|p1a: Torkoal|Heat Rock|[from] move: Knock Off|[of] p2a: Ogerpon
|move|p1a: Torkoal|Lava Plume|p2a: Ogerpon
|-supereffective|p2a: Ogerpon
|-damage|p2a: Ogerpon|0 fnt
|faint|p2a: Ogerpon
|
|-weather|SunnyDay|[upkeep]
|upkeep
|
|t:|1779716564
|switch|p2a: Darkrai|Darkrai, tera:Dark|100/100
|turn|17
|inactive|TheLump has 120 seconds left.
|
|t:|1779716592
|move|p2a: Darkrai|Trick|p1a: Torkoal
|-activate|p2a: Darkrai|move: Trick|[of] p1a: Torkoal
|-item|p1a: Torkoal|Choice Specs|[from] move: Trick
|-enditem|p2a: Darkrai|Choice Specs|[silent]|[from] move: Trick
|move|p1a: Torkoal|Lava Plume|p2a: Darkrai
|-crit|p2a: Darkrai
|-damage|p2a: Darkrai|0 fnt
|faint|p2a: Darkrai
|
|-weather|SunnyDay|[upkeep]
|upkeep
|
|t:|1779716596
|switch|p2a: Alomomola|Alomomola, M|81/100
|turn|18
|-message|garganaclfan1738 forfeited.
|
|win|TheLump
|raw|TheLump's rating: 1233 &rarr; <strong>1261</strong><br />(+28 for winning)
|raw|garganaclfan1738's rating: 1272 &rarr; <strong>1244</strong><br />(-28 for losing)
|l|☆garganaclfan1738
|player|p2|
|l|☆TheLump
|player|p1|
