|j|☆j.jhony
|j|☆greattrainer123
|t:|1779668796
|gametype|singles
|player|p1|j.jhony|emmet|1300
|player|p2|greattrainer123|102|1225
|gen|9
|tier|[Gen 9] OU
|rated|
|rule|HP Percentage Mod: HP is shown in percentages
|rule|Endless Battle Clause: Forcing endless battles is banned
|rule|Species Clause: Limit one of each Pokémon
|rule|OHKO Clause: OHKO moves are banned
|rule|Evasion Items Clause: Evasion items are banned
|rule|Evasion Moves Clause: Evasion moves are banned
|rule|Evasion Abilities Clause: Evasion abilities are banned
|rule|Sleep Moves Clause: Sleep-inducing moves are banned
|clearpoke
|poke|p1|Zapdos|
|poke|p1|Ogerpon-Wellspring, F|
|poke|p1|Great Tusk|
|poke|p1|Gholdengo|
|poke|p1|Tyranitar, F|
|poke|p1|Excadrill, M|
|poke|p2|Pelipper, M|
|poke|p2|Politoed, M|
|poke|p2|Floatzel, F|
|poke|p2|Zapdos|
|poke|p2|Forretress, F|
|poke|p2|Electivire, M|
|teampreview
|
|t:|1779668813
|teamsize|p1|6
|teamsize|p2|6
|start
|switch|p1a: Ogerpon|Ogerpon-Wellspring, F|100/100
|switch|p2a: Forretress|Forretress, F|100/100
|turn|1
|inactive|Battle timer is ON: inactive players will automatically lose when time's up. (requested by greattrainer123)
|
|t:|1779668823
|move|p1a: Ogerpon|Ivy Cudgel|p2a: Forretress|[anim] Ivy Cudgel Water
|-crit|p2a: Forretress
|-damage|p2a: Forretress|28/100
|move|p2a: Forretress|Volt Switch|p1a: Ogerpon
|-damage|p1a: Ogerpon|87/100
|
|t:|1779668831
|switch|p2a: Pelipper|Pelipper, M|100/100|[from] Volt Switch
|-weather|RainDance|[from] ability: Drizzle|[of] p2a: Pelipper
|
|-weather|RainDance|[upkeep]
|upkeep
|turn|2
|
|t:|1779668840
|move|p1a: Ogerpon|Knock Off|p2a: Pelipper
|-damage|p2a: Pelipper|58/100
|-enditem|p2a: Pelipper|Damp Rock|[from] move: Knock Off|[of] p1a: Ogerpon
|move|p2a: Pelipper|U-turn|p1a: Ogerpon
|-supereffective|p1a: Ogerpon
|-damage|p1a: Ogerpon|62/100
|
|t:|1779668851
|switch|p2a: Zapdos|Zapdos|100/100|[from] U-turn
|
|-weather|RainDance|[upkeep]
|upkeep
|turn|3
|
|t:|1779668864
|switch|p1a: Tyranitar|Tyranitar, F|100/100
|-weather|Sandstorm|[from] ability: Sand Stream|[of] p1a: Tyranitar
|move|p2a: Zapdos|Volt Switch|p1a: Tyranitar
|-damage|p1a: Tyranitar|76/100
|
|t:|1779668867
|switch|p2a: Forretress|Forretress, F|28/100|[from] Volt Switch
|
|-weather|Sandstorm|[upkeep]
|-heal|p2a: Forretress|34/100|[from] item: Leftovers
|upkeep
|turn|4
|
|t:|1779668883
|move|p1a: Tyranitar|Crunch|p2a: Forretress
|-damage|p2a: Forretress|2/100
|-unboost|p2a: Forretress|def|1
|move|p2a: Forretress|Pain Split|p1a: Tyranitar
|-sethp|p1a: Tyranitar|39/100|[from] move: Pain Split|[silent]
|-sethp|p2a: Forretress|38/100|[from] move: Pain Split
|
|-weather|Sandstorm|[upkeep]
|-heal|p2a: Forretress|44/100|[from] item: Leftovers
|upkeep
|turn|5
|
|t:|1779668894
|move|p1a: Tyranitar|Crunch|p2a: Forretress
|-damage|p2a: Forretress|0 fnt
|faint|p2a: Forretress
|
|-weather|Sandstorm|[upkeep]
|upkeep
|
|t:|1779668899
|switch|p2a: Floatzel|Floatzel, F|100/100
|turn|6
|
|t:|1779668908
|switch|p1a: Ogerpon|Ogerpon-Wellspring, F|62/100
|move|p2a: Floatzel|Low Kick|p1a: Ogerpon
|-damage|p1a: Ogerpon|20/100
|
|-weather|Sandstorm|[upkeep]
|-damage|p2a: Floatzel|94/100|[from] Sandstorm
|-damage|p1a: Ogerpon|14/100|[from] Sandstorm
|upkeep
|turn|7
|
|t:|1779668924
|switch|p2a: Pelipper|Pelipper, M|58/100
|-weather|RainDance|[from] ability: Drizzle|[of] p2a: Pelipper
|switch|p1a: Gholdengo|Gholdengo, shiny|100/100
|
|-weather|RainDance|[upkeep]
|upkeep
|turn|8
|
|t:|1779668939
|switch|p2a: Electivire|Electivire, M|100/100
|move|p1a: Gholdengo|Shadow Ball|p2a: Electivire
|-damage|p2a: Electivire|29/100
|
|-weather|RainDance|[upkeep]
|upkeep
|turn|9
|
|t:|1779668948
|move|p1a: Gholdengo|Shadow Ball|p2a: Electivire
|-damage|p2a: Electivire|0 fnt
|faint|p2a: Electivire
|
|-weather|RainDance|[upkeep]
|upkeep
|
|t:|1779668954
|switch|p2a: Floatzel|Floatzel, F|94/100
|turn|10
|
|t:|1779668960
|switch|p1a: Zapdos|Zapdos|100/100
|move|p2a: Floatzel|Flip Turn|p1a: Zapdos
|-damage|p1a: Zapdos|52/100
|-damage|p2a: Floatzel|78/100|[from] item: Rocky Helmet|[of] p1a: Zapdos
|
|t:|1779668964
|switch|p2a: Zapdos|Zapdos|100/100|[from] Flip Turn
|
|-weather|RainDance|[upkeep]
|upkeep
|turn|11
|
|t:|1779668975
|move|p2a: Zapdos|Weather Ball|p1a: Zapdos
|-damage|p1a: Zapdos|0 fnt
|faint|p1a: Zapdos
|
|-weather|none
|upkeep
|
|t:|1779668988
|switch|p1a: Gholdengo|Gholdengo, shiny|100/100
|turn|12
|
|t:|1779669002
|switch|p2a: Politoed|Politoed, M|100/100
|-weather|RainDance|[from] ability: Drizzle|[of] p2a: Politoed
|move|p1a: Gholdengo|Make It Rain|p2a: Politoed
|-resisted|p2a: Politoed
|-damage|p2a: Politoed|51/100
|-unboost|p1a: Gholdengo|spa|1
|
|-weather|RainDance|[upkeep]
|upkeep
|turn|13
|
|t:|1779669014
|switch|p1a: Tyranitar|Tyranitar, F|39/100
|-weather|Sandstorm|[from] ability: Sand Stream|[of] p1a: Tyranitar
|move|p2a: Politoed|Earth Power|p1a: Tyranitar
|-supereffective|p1a: Tyranitar
|-crit|p1a: Tyranitar
|-damage|p1a: Tyranitar|0 fnt
|faint|p1a: Tyranitar
|
|-weather|Sandstorm|[upkeep]
|-damage|p2a: Politoed|45/100|[from] Sandstorm
|upkeep
|
|t:|1779669026
|switch|p1a: Ogerpon|Ogerpon-Wellspring, F|14/100
|turn|14
|
|t:|1779669032
|switch|p2a: Pelipper|Pelipper, M|58/100
|-weather|RainDance|[from] ability: Drizzle|[of] p2a: Pelipper
|move|p1a: Ogerpon|Horn Leech|p2a: Pelipper
|-damage|p2a: Pelipper|9/100
|-heal|p1a: Ogerpon|40/100|[from] drain|[of] p2a: Pelipper
|
|-weather|RainDance|[upkeep]
|upkeep
|turn|15
|
|t:|1779669044
|switch|p2a: Zapdos|Zapdos|100/100
|move|p1a: Ogerpon|Horn Leech|p2a: Zapdos
|-resisted|p2a: Zapdos
|-damage|p2a: Zapdos|73/100
|-heal|p1a: Ogerpon|55/100|[from] drain|[of] p2a: Zapdos
|
|-weather|RainDance|[upkeep]
|upkeep
|turn|16
|
|t:|1779669060
|-terastallize|p1a: Ogerpon|Water
|detailschange|p1a: Ogerpon|Ogerpon-Wellspring-Tera, F, tera:Water
|-ability|p1a: Ogerpon|Embody Aspect (Wellspring)|boost
|-boost|p1a: Ogerpon|spd|1
|move|p2a: Zapdos|Hurricane|p1a: Ogerpon
|-damage|p1a: Ogerpon|9/100
|move|p1a: Ogerpon|Ivy Cudgel|p2a: Zapdos|[anim] Ivy Cudgel Water
|-damage|p2a: Zapdos|0 fnt
|faint|p2a: Zapdos
|
|-weather|RainDance|[upkeep]
|upkeep
|
|t:|1779669071
|switch|p2a: Floatzel|Floatzel, F|78/100
|turn|17
|
|t:|1779669086
|-terastallize|p2a: Floatzel|Water
|move|p2a: Floatzel|Wave Crash|p1a: Ogerpon
|-resisted|p1a: Ogerpon
|-damage|p1a: Ogerpon|0 fnt
|faint|p1a: Ogerpon
|detailschange|p1: Ogerpon|Ogerpon-Wellspring, F|[silent]
|-damage|p2a: Floatzel|75/100|[from] Recoil
|
|-weather|RainDance|[upkeep]
|upkeep
|
|t:|1779669098
|switch|p1a: Gholdengo|Gholdengo, shiny|100/100
|turn|18
|
|t:|1779669109
|move|p2a: Floatzel|Wave Crash|p1a: Gholdengo
|-damage|p1a: Gholdengo|0 fnt
|faint|p1a: Gholdengo
|-damage|p2a: Floatzel|42/100|[from] Recoil
|
|-weather|none
|upkeep
|inactive|j.jhony has 120 seconds left.
|
|t:|1779669145
|switch|p1a: Great Tusk|Great Tusk|100/100
|turn|19
|
|t:|1779669155
|switch|p2a: Pelipper|Pelipper, M|9/100
|-weather|RainDance|[from] ability: Drizzle|[of] p2a: Pelipper
|move|p1a: Great Tusk|Supercell Slam|p2a: Pelipper
|-supereffective|p2a: Pelipper
|-damage|p2a: Pelipper|0 fnt
|faint|p2a: Pelipper
|
|-weather|RainDance|[upkeep]
|upkeep
|
|t:|1779669158
|switch|p2a: Floatzel|Floatzel, F, tera:Water|42/100
|turn|20
|inactive|j.jhony has 120 seconds left.
|
|t:|1779669168
|move|p2a: Floatzel|Wave Crash|p1a: Great Tusk
|-supereffective|p1a: Great Tusk
|-damage|p1a: Great Tusk|0 fnt
|faint|p1a: Great Tusk
|-end|p1a: Great Tusk|Protosynthesis|[silent]
|-damage|p2a: Floatzel|2/100|[from] Recoil
|
|-weather|RainDance|[upkeep]
|upkeep
|
|t:|1779669176
|switch|p1a: Excadrill|Excadrill, M|100/100
|-item|p1a: Excadrill|Air Balloon
|turn|21
|
|t:|1779669199
|move|p2a: Floatzel|Wave Crash|p1a: Excadrill
|-supereffective|p1a: Excadrill
|-damage|p1a: Excadrill|0 fnt
|-enditem|p1a: Excadrill|Air Balloon
|faint|p1a: Excadrill
|-damage|p2a: Floatzel|0 fnt|[from] Recoil
|faint|p2a: Floatzel
|
|win|greattrainer123
|raw|j.jhony's rating: 1300 &rarr; <strong>1270</strong><br />(-30 for losing)
|raw|greattrainer123's rating: 1225 &rarr; <strong>1255</strong><br />(+30 for winning)
|l|☆j.jhony
|player|p1|
|l|☆greattrainer123
|player|p2|
