|j|☆Team BBIO 38
|j|☆Hidrog
|t:|1779597659
|gametype|singles
|player|p1|Team BBIO 38|tate|1238
|player|p2|Hidrog|youngcouple|1235
|gen|9
|tier|[Gen 9] OU
|rated|
|rule|HP Percentage Mod: HP is shown in percentages
|rule|Endless Battle Clause: Forcing endless battles is banned
|rule|Species Clause: Limit one of each Pokémon
|rule|OHKO Clause: OHKO moves are banned
|rule|Evasion Items Clause: Evasion items are banned
|rule|Evasion Moves Clause: Evasion moves are banned
|rule|Evasion Abilities Clause: Evasion abilities are banned
|rule|Sleep Moves Clause: Sleep-inducing moves are banned
|clearpoke
|poke|p1|Dusclops, M|
|poke|p1|Blissey, F|
|poke|p1|Flamigo, M|
|poke|p1|Latias, F|
|poke|p1|Darkrai|
|poke|p1|Porygon2|
|poke|p2|Alomomola, F|
|poke|p2|Great Tusk|
|poke|p2|Corviknight, M|
|poke|p2|Iron Valiant|
|poke|p2|Ceruledge, M|
|poke|p2|Ogerpon-Wellspring, F|
|teampreview
|inactive|Battle timer is ON: inactive players will automatically lose when time's up. (requested by Team BBIO 38)
|
|t:|1779597663
|teamsize|p1|6
|teamsize|p2|6
|start
|switch|p1a: Blissey|Blissey, F|100/100
|switch|p2a: Iron Valiant|Iron Valiant|100/100
|turn|1
|
|t:|1779597668
|move|p2a: Iron Valiant|Trick|p1a: Blissey
|-activate|p2a: Iron Valiant|move: Trick|[of] p1a: Blissey
|-item|p1a: Blissey|Choice Specs|[from] move: Trick
|-item|p2a: Iron Valiant|Leftovers|[from] move: Trick
|move|p1a: Blissey|Stealth Rock|p2a: Iron Valiant
|-sidestart|p2: Hidrog|move: Stealth Rock
|
|upkeep
|turn|2
|
|t:|1779597693
|switch|p1a: Dusclops|Dusclops, M|100/100
|-item|p2a: Iron Valiant|Leftovers|[from] ability: Frisk|[of] p1a: Dusclops
|move|p2a: Iron Valiant|Moonblast|p1a: Dusclops
|-damage|p1a: Dusclops|72/100
|-unboost|p1a: Dusclops|spa|1
|
|upkeep
|turn|3
|
|t:|1779597706
|move|p2a: Iron Valiant|Shadow Ball|p1a: Dusclops
|-supereffective|p1a: Dusclops
|-damage|p1a: Dusclops|40/100
|move|p1a: Dusclops|Pain Split|p2a: Iron Valiant
|-sethp|p2a: Iron Valiant|70/100|[from] move: Pain Split|[silent]
|-sethp|p1a: Dusclops|71/100|[from] move: Pain Split
|
|-heal|p2a: Iron Valiant|76/100|[from] item: Leftovers
|upkeep
|turn|4
|inactive|Hidrog has 120 seconds left.
|
|t:|1779597734
|-end|p2a: Iron Valiant|Quark Drive|[silent]
|switch|p2a: Ogerpon|Ogerpon-Wellspring, F|100/100
|-damage|p2a: Ogerpon|88/100|[from] Stealth Rock
|switch|p1a: Blissey|Blissey, F|100/100
|
|upkeep
|turn|5
|
|t:|1779597755
|switch|p1a: Dusclops|Dusclops, M|71/100
|-item|p2a: Ogerpon|Wellspring Mask|[from] ability: Frisk|[of] p1a: Dusclops
|move|p2a: Ogerpon|U-turn|p1a: Dusclops
|-resisted|p1a: Dusclops
|-damage|p1a: Dusclops|64/100
|
|t:|1779597762
|switch|p2a: Great Tusk|Great Tusk|100/100|[from] U-turn
|
|upkeep
|turn|6
|inactive|Hidrog has 120 seconds left.
|
|t:|1779597768
|move|p2a: Great Tusk|Rapid Spin|p1a: Dusclops
|-immune|p1a: Dusclops
|move|p1a: Dusclops|Will-O-Wisp|p2a: Great Tusk
|-status|p2a: Great Tusk|brn
|
|-damage|p2a: Great Tusk|94/100 brn|[from] brn
|upkeep
|turn|7
|
|t:|1779597774
|move|p2a: Great Tusk|Stealth Rock|p1a: Dusclops
|-sidestart|p1: Team BBIO 38|move: Stealth Rock
|move|p1a: Dusclops|Pain Split|p2a: Great Tusk
|-sethp|p2a: Great Tusk|72/100 brn|[from] move: Pain Split|[silent]
|-sethp|p1a: Dusclops|93/100|[from] move: Pain Split
|
|-damage|p2a: Great Tusk|65/100 brn|[from] brn
|upkeep
|turn|8
|
|t:|1779597792
|-end|p2a: Great Tusk|Protosynthesis|[silent]
|switch|p2a: Ceruledge|Ceruledge, M|100/100
|-damage|p2a: Ceruledge|76/100|[from] Stealth Rock
|move|p1a: Dusclops|Night Shade|p2a: Ceruledge
|-damage|p2a: Ceruledge|41/100
|
|upkeep
|turn|9
|
|t:|1779597800
|switch|p1a: Darkrai|Darkrai|100/100
|move|p2a: Ceruledge|Bitter Blade|p1a: Darkrai
|-damage|p1a: Darkrai|39/100
|-heal|p2a: Ceruledge|71/100|[from] drain|[of] p1a: Darkrai
|
|upkeep
|turn|10
|
|t:|1779597809
|move|p2a: Ceruledge|Bitter Blade|p1a: Darkrai
|-damage|p1a: Darkrai|0 fnt
|-heal|p2a: Ceruledge|90/100|[from] drain|[of] p1a: Darkrai
|faint|p1a: Darkrai
|
|upkeep
|
|t:|1779597820
|switch|p1a: Dusclops|Dusclops, M|93/100
|-damage|p1a: Dusclops|81/100|[from] Stealth Rock
|-item|p2a: Ceruledge|Choice Scarf|[from] ability: Frisk|[of] p1a: Dusclops
|turn|11
|
|t:|1779597836
|switch|p2a: Great Tusk|Great Tusk|65/100 brn
|move|p1a: Dusclops|Pain Split|p2a: Great Tusk
|-sethp|p2a: Great Tusk|64/100 brn|[from] move: Pain Split|[silent]
|-sethp|p1a: Dusclops|83/100|[from] move: Pain Split
|
|-damage|p2a: Great Tusk|58/100 brn|[from] brn
|upkeep
|turn|12
|
|t:|1779597845
|-end|p2a: Great Tusk|Protosynthesis|[silent]
|switch|p2a: Ceruledge|Ceruledge, M|90/100
|-damage|p2a: Ceruledge|65/100|[from] Stealth Rock
|switch|p1a: Flamigo|Flamigo, M|100/100
|-damage|p1a: Flamigo|88/100|[from] Stealth Rock
|
|upkeep
|turn|13
|
|t:|1779597870
|move|p1a: Flamigo|Close Combat|p2a: Ceruledge
|-damage|p2a: Ceruledge|0 fnt
|-unboost|p1a: Flamigo|def|1
|-unboost|p1a: Flamigo|spd|1
|faint|p2a: Ceruledge
|
|upkeep
|inactive|Hidrog has 120 seconds left.
|
|t:|1779597893
|switch|p2a: Corviknight|Corviknight, M|100/100
|-damage|p2a: Corviknight|88/100|[from] Stealth Rock
|-ability|p2a: Corviknight|Pressure
|turn|14
|
|t:|1779597900
|switch|p1a: Dusclops|Dusclops, M|83/100
|-damage|p1a: Dusclops|71/100|[from] Stealth Rock
|-item|p2a: Corviknight|Rocky Helmet|[from] ability: Frisk|[of] p1a: Dusclops
|move|p2a: Corviknight|Brave Bird|p1a: Dusclops
|-damage|p1a: Dusclops|53/100
|-damage|p2a: Corviknight|84/100|[from] Recoil
|
|upkeep
|turn|15
|inactive|Hidrog has 120 seconds left.
|
|t:|1779597915
|switch|p2a: Iron Valiant|Iron Valiant|76/100
|-damage|p2a: Iron Valiant|70/100|[from] Stealth Rock
|move|p1a: Dusclops|Pain Split|p2a: Iron Valiant
|-sethp|p2a: Iron Valiant|61/100|[from] move: Pain Split|[silent]
|-sethp|p1a: Dusclops|62/100|[from] move: Pain Split
|
|-heal|p2a: Iron Valiant|67/100|[from] item: Leftovers
|upkeep
|turn|16
|
|t:|1779597925
|switch|p1a: Blissey|Blissey, F|100/100
|-damage|p1a: Blissey|88/100|[from] Stealth Rock
|move|p2a: Iron Valiant|Trick|p1a: Blissey
|-activate|p2a: Iron Valiant|move: Trick|[of] p1a: Blissey
|-item|p1a: Blissey|Leftovers|[from] move: Trick
|-item|p2a: Iron Valiant|Choice Specs|[from] move: Trick
|
|-heal|p1a: Blissey|94/100|[from] item: Leftovers
|upkeep
|turn|17
|
|t:|1779597938
|move|p2a: Iron Valiant|Shadow Ball|p1a: Blissey
|-immune|p1a: Blissey
|move|p1a: Blissey|Seismic Toss|p2a: Iron Valiant
|-damage|p2a: Iron Valiant|32/100
|
|-heal|p1a: Blissey|99/100|[from] item: Leftovers
|upkeep
|turn|18
|
|t:|1779597945
|-end|p2a: Iron Valiant|Quark Drive|[silent]
|switch|p2a: Alomomola|Alomomola, F|100/100
|-damage|p2a: Alomomola|88/100|[from] Stealth Rock
|move|p1a: Blissey|Seismic Toss|p2a: Alomomola
|-damage|p2a: Alomomola|69/100
|-damage|p1a: Blissey|84/100|[from] item: Rocky Helmet|[of] p2a: Alomomola
|
|-heal|p1a: Blissey|90/100|[from] item: Leftovers
|upkeep
|turn|19
|
|t:|1779597955
|switch|p1a: Porygon2|Porygon2|100/100
|-damage|p1a: Porygon2|88/100|[from] Stealth Rock
|-ability|p1a: Porygon2|Download|boost
|-boost|p1a: Porygon2|spa|1
|move|p2a: Alomomola|Flip Turn|p1a: Porygon2
|-damage|p1a: Porygon2|77/100
|
|t:|1779597974
|switch|p2a: Iron Valiant|Iron Valiant|32/100|[from] Flip Turn
|-damage|p2a: Iron Valiant|26/100|[from] Stealth Rock
|
|upkeep
|turn|20
|
|t:|1779597983
|switch|p1a: Blissey|Blissey, F|90/100
|-damage|p1a: Blissey|77/100|[from] Stealth Rock
|move|p2a: Iron Valiant|Moonblast|p1a: Blissey
|-damage|p1a: Blissey|54/100
|-unboost|p1a: Blissey|spa|1
|
|-heal|p1a: Blissey|60/100|[from] item: Leftovers
|upkeep
|turn|21
|
|t:|1779597991
|-end|p2a: Iron Valiant|Quark Drive|[silent]
|switch|p2a: Great Tusk|Great Tusk|58/100 brn
|move|p1a: Blissey|Seismic Toss|p2a: Great Tusk
|-damage|p2a: Great Tusk|31/100 brn
|
|-heal|p1a: Blissey|66/100|[from] item: Leftovers
|-damage|p2a: Great Tusk|24/100 brn|[from] brn
|upkeep
|turn|22
|
|t:|1779598001
|move|p2a: Great Tusk|Headlong Rush|p1a: Blissey
|-crit|p1a: Blissey
|-damage|p1a: Blissey|27/100
|-unboost|p2a: Great Tusk|def|1
|-unboost|p2a: Great Tusk|spd|1
|move|p1a: Blissey|Seismic Toss|p2a: Great Tusk
|-damage|p2a: Great Tusk|0 fnt
|faint|p2a: Great Tusk
|-end|p2a: Great Tusk|Protosynthesis|[silent]
|
|-heal|p1a: Blissey|34/100|[from] item: Leftovers
|upkeep
|
|t:|1779598011
|switch|p2a: Iron Valiant|Iron Valiant|26/100
|-damage|p2a: Iron Valiant|20/100|[from] Stealth Rock
|turn|23
|
|t:|1779598016
|move|p2a: Iron Valiant|Moonblast|p1a: Blissey
|-damage|p1a: Blissey|7/100
|move|p1a: Blissey|Soft-Boiled|p1a: Blissey
|-heal|p1a: Blissey|57/100
|
|-heal|p1a: Blissey|64/100|[from] item: Leftovers
|upkeep
|turn|24
|
|t:|1779598030
|-end|p2a: Iron Valiant|Quark Drive|[silent]
|switch|p2a: Corviknight|Corviknight, M|84/100
|-damage|p2a: Corviknight|72/100|[from] Stealth Rock
|-ability|p2a: Corviknight|Pressure
|move|p1a: Blissey|Seismic Toss|p2a: Corviknight
|-damage|p2a: Corviknight|47/100
|-damage|p1a: Blissey|47/100|[from] item: Rocky Helmet|[of] p2a: Corviknight
|
|-heal|p1a: Blissey|53/100|[from] item: Leftovers
|upkeep
|turn|25
|
|t:|1779598040
|switch|p1a: Dusclops|Dusclops, M|62/100
|-damage|p1a: Dusclops|49/100|[from] Stealth Rock
|-item|p2a: Corviknight|Rocky Helmet|[from] ability: Frisk|[of] p1a: Dusclops
|move|p2a: Corviknight|Defog|p1a: Dusclops
|-unboost|p1a: Dusclops|evasion|1
|-sideend|p1: Team BBIO 38|Stealth Rock|[from] move: Defog|[of] p2a: Corviknight
|-sideend|p2: Hidrog|Stealth Rock|[from] move: Defog|[of] p2a: Corviknight
|
|upkeep
|turn|26
|
|t:|1779598067
|move|p2a: Corviknight|Brave Bird|p1a: Dusclops
|-damage|p1a: Dusclops|33/100
|-damage|p2a: Corviknight|43/100|[from] Recoil
|move|p1a: Dusclops|Will-O-Wisp|p2a: Corviknight
|-status|p2a: Corviknight|brn
|
|-damage|p2a: Corviknight|37/100 brn|[from] brn
|upkeep
|turn|27
|
|t:|1779598080
|move|p2a: Corviknight|Roost|p2a: Corviknight
|-heal|p2a: Corviknight|87/100 brn
|-singleturn|p2a: Corviknight|move: Roost
|move|p1a: Dusclops|Night Shade|p2a: Corviknight
|-damage|p2a: Corviknight|62/100 brn
|
|-damage|p2a: Corviknight|56/100 brn|[from] brn
|upkeep
|turn|28
|inactive|Team BBIO 38 has 120 seconds left.
|
|t:|1779598100
|move|p2a: Corviknight|U-turn|p1a: Dusclops
|-resisted|p1a: Dusclops
|-damage|p1a: Dusclops|31/100
|
|t:|1779598117
|switch|p2a: Ogerpon|Ogerpon-Wellspring, F|88/100|[from] U-turn
|move|p1a: Dusclops|Pain Split|p2a: Ogerpon
|-sethp|p2a: Ogerpon|59/100|[from] move: Pain Split|[silent]
|-sethp|p1a: Dusclops|62/100|[from] move: Pain Split
|
|upkeep
|turn|29
|
|t:|1779598124
|move|p2a: Ogerpon|Knock Off|p1a: Dusclops
|-supereffective|p1a: Dusclops
|-crit|p1a: Dusclops
|-damage|p1a: Dusclops|9/100
|-enditem|p1a: Dusclops|Eviolite|[from] move: Knock Off|[of] p2a: Ogerpon
|move|p1a: Dusclops|Will-O-Wisp|p2a: Ogerpon
|-status|p2a: Ogerpon|brn
|
|-damage|p2a: Ogerpon|53/100 brn|[from] brn
|upkeep
|turn|30
|
|t:|1779598132
|move|p2a: Ogerpon|U-turn|p1a: Dusclops
|-resisted|p1a: Dusclops
|-damage|p1a: Dusclops|4/100
|-message|Hidrog forfeited.
|
|win|Team BBIO 38
|raw|Team BBIO 38's rating: 1238 &rarr; <strong>1263</strong><br />(+25 for winning)
|raw|Hidrog's rating: 1235 &rarr; <strong>1210</strong><br />(-25 for losing)
|l|☆Hidrog
|player|p2|
|l|☆Team BBIO 38
|player|p1|
