|j|☆hiplk
|j|☆shrkattack
|t:|1779633207
|gametype|singles
|player|p1|hiplk|265|1439
|player|p2|shrkattack|170|1423
|gen|9
|tier|[Gen 9] OU
|rated|
|rule|HP Percentage Mod: HP is shown in percentages
|rule|Endless Battle Clause: Forcing endless battles is banned
|rule|Species Clause: Limit one of each Pokémon
|rule|OHKO Clause: OHKO moves are banned
|rule|Evasion Items Clause: Evasion items are banned
|rule|Evasion Moves Clause: Evasion moves are banned
|rule|Evasion Abilities Clause: Evasion abilities are banned
|rule|Sleep Moves Clause: Sleep-inducing moves are banned
|clearpoke
|poke|p1|Kyurem|
|poke|p1|Iron Moth|
|poke|p1|Rillaboom, F|
|poke|p1|Iron Valiant|
|poke|p1|Gholdengo|
|poke|p1|Ting-Lu|
|poke|p2|Dondozo, F|
|poke|p2|Garganacl, M|
|poke|p2|Zamazenta-*|
|poke|p2|Corviknight, F|
|poke|p2|Clodsire, F|
|poke|p2|Chansey, F|
|teampreview
|
|t:|1779633224
|teamsize|p1|6
|teamsize|p2|6
|start
|switch|p1a: Rillaboom|Rillaboom, F|100/100
|switch|p2a: Garganacl|Garganacl, M|100/100
|-fieldstart|move: Grassy Terrain|[from] ability: Grassy Surge|[of] p1a: Rillaboom
|turn|1
|inactive|Battle timer is ON: inactive players will automatically lose when time's up. (requested by shrkattack)
|
|t:|1779633237
|switch|p2a: Corviknight|Corviknight, F|100/100
|-ability|p2a: Corviknight|Pressure
|move|p1a: Rillaboom|Knock Off|p2a: Corviknight
|-damage|p2a: Corviknight|53/100
|-enditem|p2a: Corviknight|Leftovers|[from] move: Knock Off|[of] p1a: Rillaboom
|
|upkeep
|turn|2
|
|t:|1779633248
|switch|p1a: Ting-Lu|Ting-Lu|100/100
|-ability|p1a: Ting-Lu|Vessel of Ruin
|move|p2a: Corviknight|Roost|p2a: Corviknight
|-heal|p2a: Corviknight|100/100
|-singleturn|p2a: Corviknight|move: Roost
|
|upkeep
|turn|3
|
|t:|1779633257
|move|p2a: Corviknight|Bulk Up|p2a: Corviknight
|-boost|p2a: Corviknight|atk|1
|-boost|p2a: Corviknight|def|1
|move|p1a: Ting-Lu|Stealth Rock|p2a: Corviknight
|-sidestart|p2: shrkattack|move: Stealth Rock
|
|upkeep
|turn|4
|
|t:|1779633264
|move|p2a: Corviknight|Defog|p1a: Ting-Lu
|-unboost|p1a: Ting-Lu|evasion|1
|-sideend|p2: shrkattack|Stealth Rock|[from] move: Defog|[of] p2a: Corviknight
|-fieldend|move: Grassy Terrain
|move|p1a: Ting-Lu|Whirlwind|p2a: Corviknight
|drag|p2a: Dondozo|Dondozo, F|100/100
|
|upkeep
|turn|5
|
|t:|1779633276
|switch|p1a: Rillaboom|Rillaboom, F|100/100
|-fieldstart|move: Grassy Terrain|[from] ability: Grassy Surge|[of] p1a: Rillaboom
|move|p2a: Dondozo|Waterfall|p1a: Rillaboom
|-resisted|p1a: Rillaboom
|-damage|p1a: Rillaboom|84/100
|
|-heal|p1a: Rillaboom|90/100|[from] Grassy Terrain
|upkeep
|turn|6
|
|t:|1779633286
|switch|p2a: Corviknight|Corviknight, F|100/100
|-ability|p2a: Corviknight|Pressure
|move|p1a: Rillaboom|U-turn|p2a: Corviknight
|-resisted|p2a: Corviknight
|-crit|p2a: Corviknight
|-damage|p2a: Corviknight|89/100
|
|t:|1779633305
|switch|p1a: Iron Moth|Iron Moth|100/100|[from] U-turn
|-enditem|p1a: Iron Moth|Booster Energy
|-activate|p1a: Iron Moth|ability: Quark Drive|[fromitem]
|-start|p1a: Iron Moth|quarkdrivespe
|
|upkeep
|turn|7
|
|t:|1779633315
|-end|p1a: Iron Moth|Quark Drive|[silent]
|switch|p1a: Kyurem|Kyurem|100/100
|-ability|p1a: Kyurem|Pressure
|switch|p2a: Clodsire|Clodsire, F|100/100
|
|upkeep
|turn|8
|
|t:|1779633332
|move|p1a: Kyurem|Draco Meteor|p2a: Clodsire
|-damage|p2a: Clodsire|66/100
|-unboost|p1a: Kyurem|spa|2
|move|p2a: Clodsire|Toxic|p1a: Kyurem
|-status|p1a: Kyurem|tox
|
|-heal|p2a: Clodsire|72/100|[from] Grassy Terrain
|-heal|p2a: Clodsire|78/100|[from] item: Black Sludge
|-damage|p1a: Kyurem|94/100 tox|[from] psn
|upkeep
|turn|9
|
|t:|1779633343
|switch|p1a: Ting-Lu|Ting-Lu|100/100
|-ability|p1a: Ting-Lu|Vessel of Ruin
|move|p2a: Clodsire|Spikes|p1a: Ting-Lu
|-sidestart|p1: hiplk|Spikes
|
|-heal|p2a: Clodsire|84/100|[from] Grassy Terrain
|-heal|p2a: Clodsire|90/100|[from] item: Black Sludge
|-fieldend|move: Grassy Terrain
|upkeep
|turn|10
|
|t:|1779633354
|switch|p2a: Corviknight|Corviknight, F|89/100
|-ability|p2a: Corviknight|Pressure
|move|p1a: Ting-Lu|Stealth Rock|p2a: Corviknight
|-sidestart|p2: shrkattack|move: Stealth Rock
|
|upkeep
|turn|11
|
|t:|1779633363
|move|p2a: Corviknight|Bulk Up|p2a: Corviknight
|-boost|p2a: Corviknight|atk|1
|-boost|p2a: Corviknight|def|1
|move|p1a: Ting-Lu|Ruination|p2a: Corviknight
|-damage|p2a: Corviknight|45/100
|
|upkeep
|turn|12
|
|t:|1779633371
|move|p2a: Corviknight|Roost|p2a: Corviknight
|-heal|p2a: Corviknight|95/100
|-singleturn|p2a: Corviknight|move: Roost
|move|p1a: Ting-Lu|Whirlwind|p2a: Corviknight
|drag|p2a: Zamazenta|Zamazenta|100/100
|-damage|p2a: Zamazenta|94/100|[from] Stealth Rock
|-ability|p2a: Zamazenta|Dauntless Shield|boost
|-boost|p2a: Zamazenta|def|1
|
|-heal|p2a: Zamazenta|100/100|[from] item: Leftovers
|upkeep
|turn|13
|
|t:|1779633384
|switch|p1a: Gholdengo|Gholdengo|100/100
|-damage|p1a: Gholdengo|88/100|[from] Spikes
|move|p2a: Zamazenta|Body Press|p1a: Gholdengo
|-immune|p1a: Gholdengo
|
|upkeep
|turn|14
|
|t:|1779633394
|move|p2a: Zamazenta|Crunch|p1a: Gholdengo
|-supereffective|p1a: Gholdengo
|-crit|p1a: Gholdengo
|-damage|p1a: Gholdengo|40/100
|move|p1a: Gholdengo|Shadow Ball|p2a: Zamazenta
|-damage|p2a: Zamazenta|79/100
|
|-heal|p2a: Zamazenta|86/100|[from] item: Leftovers
|upkeep
|turn|15
|
|t:|1779633404
|move|p2a: Zamazenta|Crunch|p1a: Gholdengo
|-supereffective|p1a: Gholdengo
|-damage|p1a: Gholdengo|11/100
|-unboost|p1a: Gholdengo|def|1
|move|p1a: Gholdengo|Recover|p1a: Gholdengo
|-heal|p1a: Gholdengo|61/100
|
|-heal|p2a: Zamazenta|92/100|[from] item: Leftovers
|upkeep
|turn|16
|
|t:|1779633413
|switch|p1a: Iron Valiant|Iron Valiant|100/100
|-damage|p1a: Iron Valiant|88/100|[from] Spikes
|-enditem|p1a: Iron Valiant|Booster Energy
|-activate|p1a: Iron Valiant|ability: Quark Drive|[fromitem]
|-start|p1a: Iron Valiant|quarkdrivespe
|move|p2a: Zamazenta|Crunch|p1a: Iron Valiant
|-resisted|p1a: Iron Valiant
|-damage|p1a: Iron Valiant|81/100
|
|-heal|p2a: Zamazenta|98/100|[from] item: Leftovers
|upkeep
|turn|17
|
|t:|1779633429
|switch|p2a: Corviknight|Corviknight, F|95/100
|-damage|p2a: Corviknight|83/100|[from] Stealth Rock
|-ability|p2a: Corviknight|Pressure
|move|p1a: Iron Valiant|Swords Dance|p1a: Iron Valiant
|-boost|p1a: Iron Valiant|atk|2
|
|upkeep
|turn|18
|
|t:|1779633440
|switch|p2a: Dondozo|Dondozo, F|100/100
|-damage|p2a: Dondozo|88/100|[from] Stealth Rock
|move|p1a: Iron Valiant|Close Combat|p2a: Dondozo
|-damage|p2a: Dondozo|61/100
|-unboost|p1a: Iron Valiant|def|1
|-unboost|p1a: Iron Valiant|spd|1
|
|-heal|p2a: Dondozo|67/100|[from] item: Leftovers
|upkeep
|turn|19
|
|t:|1779633451
|-end|p1a: Iron Valiant|Quark Drive|[silent]
|switch|p1a: Rillaboom|Rillaboom, F|90/100
|-damage|p1a: Rillaboom|78/100|[from] Spikes
|-fieldstart|move: Grassy Terrain|[from] ability: Grassy Surge|[of] p1a: Rillaboom
|move|p2a: Dondozo|Waterfall|p1a: Rillaboom
|-resisted|p1a: Rillaboom
|-damage|p1a: Rillaboom|63/100
|
|-heal|p1a: Rillaboom|69/100|[from] Grassy Terrain
|-heal|p2a: Dondozo|73/100|[from] Grassy Terrain
|-heal|p2a: Dondozo|79/100|[from] item: Leftovers
|upkeep
|turn|20
|
|t:|1779633467
|switch|p2a: Corviknight|Corviknight, F|83/100
|-damage|p2a: Corviknight|70/100|[from] Stealth Rock
|-ability|p2a: Corviknight|Pressure
|move|p1a: Rillaboom|U-turn|p2a: Corviknight
|-resisted|p2a: Corviknight
|-damage|p2a: Corviknight|62/100
|
|t:|1779633481
|switch|p1a: Gholdengo|Gholdengo|61/100|[from] U-turn
|-damage|p1a: Gholdengo|48/100|[from] Spikes
|-enditem|p1a: Gholdengo|Grassy Seed
|-boost|p1a: Gholdengo|def|1|[from] item: Grassy Seed
|
|-heal|p1a: Gholdengo|54/100|[from] Grassy Terrain
|upkeep
|turn|21
|
|t:|1779633492
|move|p1a: Gholdengo|Recover|p1a: Gholdengo
|-heal|p1a: Gholdengo|100/100
|move|p2a: Corviknight|Roost|p2a: Corviknight
|-heal|p2a: Corviknight|100/100
|-singleturn|p2a: Corviknight|move: Roost
|
|upkeep
|turn|22
|
|t:|1779633501
|switch|p2a: Clodsire|Clodsire, F|90/100
|-damage|p2a: Clodsire|84/100|[from] Stealth Rock
|move|p1a: Gholdengo|Shadow Ball|p2a: Clodsire
|-damage|p2a: Clodsire|66/100
|-unboost|p2a: Clodsire|spd|1
|
|-heal|p2a: Clodsire|72/100|[from] Grassy Terrain
|-heal|p2a: Clodsire|78/100|[from] item: Black Sludge
|upkeep
|turn|23
|
|t:|1779633513
|move|p1a: Gholdengo|Shadow Ball|p2a: Clodsire
|-damage|p2a: Clodsire|48/100
|move|p2a: Clodsire|Spikes|p1a: Gholdengo
|-sidestart|p1: hiplk|Spikes
|
|-heal|p2a: Clodsire|54/100|[from] Grassy Terrain
|-heal|p2a: Clodsire|60/100|[from] item: Black Sludge
|-fieldend|move: Grassy Terrain
|upkeep
|turn|24
|
|t:|1779633523
|move|p1a: Gholdengo|Nasty Plot|p1a: Gholdengo
|-boost|p1a: Gholdengo|spa|2
|move|p2a: Clodsire|Recover|p2a: Clodsire
|-heal|p2a: Clodsire|100/100
|
|upkeep
|turn|25
|
|t:|1779633530
|switch|p2a: Chansey|Chansey, F|100/100
|-damage|p2a: Chansey|88/100|[from] Stealth Rock
|move|p1a: Gholdengo|Shadow Ball|p2a: Chansey
|-immune|p2a: Chansey
|
|upkeep
|turn|26
|
|t:|1779633538
|move|p1a: Gholdengo|Nasty Plot|p1a: Gholdengo
|-boost|p1a: Gholdengo|spa|2
|move|p2a: Chansey|Stealth Rock|p1a: Gholdengo
|-sidestart|p1: hiplk|move: Stealth Rock
|
|upkeep
|turn|27
|
|t:|1779633545
|switch|p2a: Clodsire|Clodsire, F|100/100
|-damage|p2a: Clodsire|94/100|[from] Stealth Rock
|move|p1a: Gholdengo|Nasty Plot|p1a: Gholdengo
|-boost|p1a: Gholdengo|spa|2
|
|-heal|p2a: Clodsire|100/100|[from] item: Black Sludge
|upkeep
|turn|28
|
|t:|1779633555
|move|p1a: Gholdengo|Make It Rain|p2a: Clodsire
|-damage|p2a: Clodsire|73/100
|-unboost|p1a: Gholdengo|spa|1
|move|p2a: Clodsire|Earthquake|p1a: Gholdengo
|-supereffective|p1a: Gholdengo
|-damage|p1a: Gholdengo|59/100
|
|-heal|p2a: Clodsire|79/100|[from] item: Black Sludge
|upkeep
|turn|29
|
|t:|1779633566
|move|p1a: Gholdengo|Shadow Ball|p2a: Clodsire
|-damage|p2a: Clodsire|59/100
|move|p2a: Clodsire|Toxic|p1a: Gholdengo
|-immune|p1a: Gholdengo|[from] ability: Good as Gold
|
|-heal|p2a: Clodsire|65/100|[from] item: Black Sludge
|upkeep
|turn|30
|
|t:|1779633576
|move|p1a: Gholdengo|Shadow Ball|p2a: Clodsire
|-damage|p2a: Clodsire|47/100
|move|p2a: Clodsire|Recover|p2a: Clodsire
|-heal|p2a: Clodsire|97/100
|
|-heal|p2a: Clodsire|100/100|[from] item: Black Sludge
|upkeep
|turn|31
|
|t:|1779633585
|move|p1a: Gholdengo|Shadow Ball|p2a: Clodsire
|-damage|p2a: Clodsire|82/100
|move|p2a: Clodsire|Earthquake|p1a: Gholdengo
|-supereffective|p1a: Gholdengo
|-damage|p1a: Gholdengo|20/100
|
|-heal|p2a: Clodsire|88/100|[from] item: Black Sludge
|upkeep
|turn|32
|
|t:|1779633594
|move|p1a: Gholdengo|Recover|p1a: Gholdengo
|-heal|p1a: Gholdengo|70/100
|move|p2a: Clodsire|Spikes|p1a: Gholdengo
|-sidestart|p1: hiplk|Spikes
|
|-heal|p2a: Clodsire|94/100|[from] item: Black Sludge
|upkeep
|turn|33
|
|t:|1779633602
|move|p1a: Gholdengo|Shadow Ball|p2a: Clodsire
|-damage|p2a: Clodsire|76/100
|move|p2a: Clodsire|Earthquake|p1a: Gholdengo
|-supereffective|p1a: Gholdengo
|-damage|p1a: Gholdengo|29/100
|
|-heal|p2a: Clodsire|82/100|[from] item: Black Sludge
|upkeep
|turn|34
|
|t:|1779633615
|-terastallize|p1a: Gholdengo|Fairy
|move|p1a: Gholdengo|Recover|p1a: Gholdengo
|-heal|p1a: Gholdengo|79/100
|move|p2a: Clodsire|Earthquake|p1a: Gholdengo
|-damage|p1a: Gholdengo|61/100
|
|-heal|p2a: Clodsire|88/100|[from] item: Black Sludge
|upkeep
|turn|35
|
|t:|1779633626
|move|p1a: Gholdengo|Shadow Ball|p2a: Clodsire
|-damage|p2a: Clodsire|71/100
|move|p2a: Clodsire|Toxic|p1a: Gholdengo
|-immune|p1a: Gholdengo|[from] ability: Good as Gold
|
|-heal|p2a: Clodsire|77/100|[from] item: Black Sludge
|upkeep
|turn|36
|
|t:|1779633637
|move|p1a: Gholdengo|Shadow Ball|p2a: Clodsire
|-damage|p2a: Clodsire|56/100
|move|p2a: Clodsire|Spikes||[still]
|-fail|p2a: Clodsire
|
|-heal|p2a: Clodsire|62/100|[from] item: Black Sludge
|upkeep
|turn|37
|
|t:|1779633645
|move|p1a: Gholdengo|Shadow Ball|p2a: Clodsire
|-damage|p2a: Clodsire|42/100
|-unboost|p2a: Clodsire|spd|1
|move|p2a: Clodsire|Recover|p2a: Clodsire
|-heal|p2a: Clodsire|92/100
|
|-heal|p2a: Clodsire|98/100|[from] item: Black Sludge
|upkeep
|turn|38
|
|t:|1779633656
|switch|p2a: Chansey|Chansey, F|88/100
|-damage|p2a: Chansey|76/100|[from] Stealth Rock
|move|p1a: Gholdengo|Make It Rain|p2a: Chansey
|-crit|p2a: Chansey
|-damage|p2a: Chansey|0 fnt
|-unboost|p1a: Gholdengo|spa|1
|faint|p2a: Chansey
|
|upkeep
|
|t:|1779633681
|switch|p2a: Clodsire|Clodsire, F|98/100
|-damage|p2a: Clodsire|92/100|[from] Stealth Rock
|turn|39
|
|t:|1779633688
|move|p1a: Gholdengo|Shadow Ball|p2a: Clodsire
|-damage|p2a: Clodsire|74/100
|move|p2a: Clodsire|Earthquake|p1a: Gholdengo
|-damage|p1a: Gholdengo|42/100
|
|-heal|p2a: Clodsire|80/100|[from] item: Black Sludge
|upkeep
|turn|40
|
|t:|1779633697
|move|p1a: Gholdengo|Shadow Ball|p2a: Clodsire
|-damage|p2a: Clodsire|63/100
|-unboost|p2a: Clodsire|spd|1
|move|p2a: Clodsire|Earthquake|p1a: Gholdengo
|-damage|p1a: Gholdengo|23/100
|
|-heal|p2a: Clodsire|69/100|[from] item: Black Sludge
|upkeep
|turn|41
|
|t:|1779633710
|switch|p2a: Corviknight|Corviknight, F|100/100
|-damage|p2a: Corviknight|88/100|[from] Stealth Rock
|-ability|p2a: Corviknight|Pressure
|move|p1a: Gholdengo|Shadow Ball|p2a: Corviknight
|-damage|p2a: Corviknight|15/100
|
|upkeep
|turn|42
|
|t:|1779633731
|move|p1a: Gholdengo|Recover|p1a: Gholdengo
|-heal|p1a: Gholdengo|73/100
|move|p2a: Corviknight|Brave Bird|p1a: Gholdengo
|-damage|p1a: Gholdengo|57/100
|-damage|p2a: Corviknight|10/100|[from] Recoil
|
|upkeep
|turn|43
|
|t:|1779633739
|move|p1a: Gholdengo|Shadow Ball|p2a: Corviknight
|-damage|p2a: Corviknight|0 fnt
|faint|p2a: Corviknight
|
|upkeep
|
|t:|1779633746
|switch|p2a: Clodsire|Clodsire, F|69/100
|-damage|p2a: Clodsire|63/100|[from] Stealth Rock
|turn|44
|
|t:|1779633754
|move|p1a: Gholdengo|Shadow Ball|p2a: Clodsire
|-damage|p2a: Clodsire|46/100
|move|p2a: Clodsire|Recover|p2a: Clodsire
|-heal|p2a: Clodsire|96/100
|
|-heal|p2a: Clodsire|100/100|[from] item: Black Sludge
|upkeep
|turn|45
|
|t:|1779633765
|move|p1a: Gholdengo|Nasty Plot|p1a: Gholdengo
|-boost|p1a: Gholdengo|spa|2
|move|p2a: Clodsire|Spikes||[still]
|-fail|p2a: Clodsire
|
|upkeep
|turn|46
|
|t:|1779633773
|move|p1a: Gholdengo|Recover|p1a: Gholdengo
|-heal|p1a: Gholdengo|100/100
|move|p2a: Clodsire|Spikes||[still]
|-fail|p2a: Clodsire
|
|upkeep
|turn|47
|
|t:|1779633779
|move|p1a: Gholdengo|Shadow Ball|p2a: Clodsire
|-damage|p2a: Clodsire|81/100
|move|p2a: Clodsire|Spikes||[still]
|-fail|p2a: Clodsire
|
|-heal|p2a: Clodsire|88/100|[from] item: Black Sludge
|upkeep
|turn|48
|
|t:|1779633788
|move|p1a: Gholdengo|Shadow Ball|p2a: Clodsire
|-damage|p2a: Clodsire|69/100
|move|p2a: Clodsire|Spikes||[still]
|-fail|p2a: Clodsire
|
|-heal|p2a: Clodsire|75/100|[from] item: Black Sludge
|upkeep
|turn|49
|
|t:|1779633796
|move|p1a: Gholdengo|Shadow Ball|p2a: Clodsire
|-damage|p2a: Clodsire|57/100
|move|p2a: Clodsire|Spikes||[still]
|-fail|p2a: Clodsire
|
|-heal|p2a: Clodsire|63/100|[from] item: Black Sludge
|upkeep
|turn|50
|
|t:|1779633806
|move|p1a: Gholdengo|Shadow Ball|p2a: Clodsire
|-damage|p2a: Clodsire|45/100
|-unboost|p2a: Clodsire|spd|1
|move|p2a: Clodsire|Recover|p2a: Clodsire
|-heal|p2a: Clodsire|95/100
|
|-heal|p2a: Clodsire|100/100|[from] item: Black Sludge
|upkeep
|turn|51
|
|t:|1779633818
|move|p1a: Gholdengo|Make It Rain|p2a: Clodsire
|-damage|p2a: Clodsire|59/100
|-unboost|p1a: Gholdengo|spa|1
|move|p2a: Clodsire|Spikes||[still]
|-fail|p2a: Clodsire
|
|-heal|p2a: Clodsire|65/100|[from] item: Black Sludge
|upkeep
|turn|52
|
|t:|1779633828
|move|p1a: Gholdengo|Make It Rain|p2a: Clodsire
|-damage|p2a: Clodsire|24/100
|-unboost|p1a: Gholdengo|spa|1
|move|p2a: Clodsire|Recover|p2a: Clodsire
|-heal|p2a: Clodsire|74/100
|
|-heal|p2a: Clodsire|80/100|[from] item: Black Sludge
|upkeep
|turn|53
|
|t:|1779633838
|switch|p2a: Dondozo|Dondozo, F|79/100
|-damage|p2a: Dondozo|67/100|[from] Stealth Rock
|move|p1a: Gholdengo|Shadow Ball|p2a: Dondozo
|-damage|p2a: Dondozo|30/100
|
|-heal|p2a: Dondozo|36/100|[from] item: Leftovers
|upkeep
|turn|54
|
|t:|1779633852
|switch|p2a: Clodsire|Clodsire, F|80/100
|-damage|p2a: Clodsire|74/100|[from] Stealth Rock
|move|p1a: Gholdengo|Shadow Ball|p2a: Clodsire
|-damage|p2a: Clodsire|56/100
|
|-heal|p2a: Clodsire|62/100|[from] item: Black Sludge
|upkeep
|turn|55
|
|t:|1779633869
|move|p1a: Gholdengo|Nasty Plot|p1a: Gholdengo
|-boost|p1a: Gholdengo|spa|2
|move|p2a: Clodsire|Recover|p2a: Clodsire
|-heal|p2a: Clodsire|100/100
|
|upkeep
|turn|56
|
|t:|1779633876
|move|p1a: Gholdengo|Make It Rain|p2a: Clodsire
|-damage|p2a: Clodsire|72/100
|-unboost|p1a: Gholdengo|spa|1
|move|p2a: Clodsire|Spikes||[still]
|-fail|p2a: Clodsire
|
|-heal|p2a: Clodsire|78/100|[from] item: Black Sludge
|upkeep
|turn|57
|
|t:|1779633888
|move|p1a: Gholdengo|Nasty Plot|p1a: Gholdengo
|-boost|p1a: Gholdengo|spa|1
|move|p2a: Clodsire|Spikes||[still]
|-fail|p2a: Clodsire
|
|-heal|p2a: Clodsire|84/100|[from] item: Black Sludge
|upkeep
|turn|58
|
|t:|1779633896
|move|p1a: Gholdengo|Nasty Plot|p1a: Gholdengo
|-boost|p1a: Gholdengo|spa|0
|move|p2a: Clodsire|Spikes||[still]
|-fail|p2a: Clodsire
|
|-heal|p2a: Clodsire|90/100|[from] item: Black Sludge
|upkeep
|turn|59
|
|t:|1779633904
|move|p1a: Gholdengo|Nasty Plot|p1a: Gholdengo
|-boost|p1a: Gholdengo|spa|0
|move|p2a: Clodsire|Spikes||[still]
|-fail|p2a: Clodsire
|
|-heal|p2a: Clodsire|96/100|[from] item: Black Sludge
|upkeep
|turn|60
|
|t:|1779633913
|move|p1a: Gholdengo|Nasty Plot|p1a: Gholdengo
|-boost|p1a: Gholdengo|spa|0
|move|p2a: Clodsire|Spikes||[still]
|-fail|p2a: Clodsire
|
|-heal|p2a: Clodsire|100/100|[from] item: Black Sludge
|upkeep
|turn|61
|
|t:|1779633921
|move|p1a: Gholdengo|Nasty Plot|p1a: Gholdengo
|-boost|p1a: Gholdengo|spa|0
|move|p2a: Clodsire|Spikes||[still]
|-fail|p2a: Clodsire
|
|upkeep
|turn|62
|
|t:|1779633931
|move|p1a: Gholdengo|Nasty Plot|p1a: Gholdengo
|-boost|p1a: Gholdengo|spa|0
|move|p2a: Clodsire|Spikes||[still]
|-fail|p2a: Clodsire
|
|upkeep
|turn|63
|
|t:|1779633938
|move|p1a: Gholdengo|Nasty Plot|p1a: Gholdengo
|-boost|p1a: Gholdengo|spa|0
|move|p2a: Clodsire|Spikes||[still]
|-fail|p2a: Clodsire
|
|upkeep
|turn|64
|
|t:|1779633944
|move|p1a: Gholdengo|Nasty Plot|p1a: Gholdengo
|-boost|p1a: Gholdengo|spa|0
|move|p2a: Clodsire|Spikes||[still]
|-fail|p2a: Clodsire
|
|upkeep
|turn|65
|
|t:|1779633950
|move|p1a: Gholdengo|Nasty Plot|p1a: Gholdengo
|-boost|p1a: Gholdengo|spa|0
|move|p2a: Clodsire|Spikes||[still]
|-fail|p2a: Clodsire
|
|upkeep
|turn|66
|
|t:|1779633956
|switch|p2a: Zamazenta|Zamazenta|98/100
|-damage|p2a: Zamazenta|92/100|[from] Stealth Rock
|move|p1a: Gholdengo|Nasty Plot|p1a: Gholdengo
|-boost|p1a: Gholdengo|spa|0
|
|-heal|p2a: Zamazenta|98/100|[from] item: Leftovers
|upkeep
|turn|67
|
|t:|1779633968
|switch|p2a: Clodsire|Clodsire, F|100/100
|-damage|p2a: Clodsire|94/100|[from] Stealth Rock
|move|p1a: Gholdengo|Make It Rain|p2a: Clodsire
|-damage|p2a: Clodsire|67/100
|-unboost|p1a: Gholdengo|spa|1
|
|-heal|p2a: Clodsire|73/100|[from] item: Black Sludge
|upkeep
|turn|68
|
|t:|1779633979
|move|p1a: Gholdengo|Nasty Plot|p1a: Gholdengo
|-boost|p1a: Gholdengo|spa|1
|move|p2a: Clodsire|Spikes||[still]
|-fail|p2a: Clodsire
|
|-heal|p2a: Clodsire|79/100|[from] item: Black Sludge
|upkeep
|turn|69
|
|t:|1779633987
|move|p1a: Gholdengo|Nasty Plot|p1a: Gholdengo
|-boost|p1a: Gholdengo|spa|0
|move|p2a: Clodsire|Spikes||[still]
|-fail|p2a: Clodsire
|
|-heal|p2a: Clodsire|85/100|[from] item: Black Sludge
|upkeep
|turn|70
|
|t:|1779633996
|move|p1a: Gholdengo|Make It Rain|p2a: Clodsire
|-damage|p2a: Clodsire|59/100
|-unboost|p1a: Gholdengo|spa|1
|move|p2a: Clodsire|Toxic|p1a: Gholdengo
|-immune|p1a: Gholdengo|[from] ability: Good as Gold
|
|-heal|p2a: Clodsire|65/100|[from] item: Black Sludge
|upkeep
|turn|71
|
|t:|1779634006
|move|p1a: Gholdengo|Nasty Plot|p1a: Gholdengo
|-boost|p1a: Gholdengo|spa|1
|move|p2a: Clodsire|Spikes||[still]
|-fail|p2a: Clodsire
|
|-heal|p2a: Clodsire|71/100|[from] item: Black Sludge
|upkeep
|turn|72
|
|t:|1779634015
|switch|p2a: Dondozo|Dondozo, F|36/100
|-damage|p2a: Dondozo|24/100|[from] Stealth Rock
|move|p1a: Gholdengo|Nasty Plot|p1a: Gholdengo
|-boost|p1a: Gholdengo|spa|0
|
|-heal|p2a: Dondozo|30/100|[from] item: Leftovers
|upkeep
|turn|73
|
|t:|1779634028
|move|p1a: Gholdengo|Make It Rain|p2a: Dondozo
|-resisted|p2a: Dondozo
|-damage|p2a: Dondozo|7/100
|-unboost|p1a: Gholdengo|spa|1
|move|p2a: Dondozo|Rest|p2a: Dondozo
|-status|p2a: Dondozo|slp|[from] move: Rest
|-heal|p2a: Dondozo|100/100 slp|[silent]
|
|upkeep
|turn|74
|
|t:|1779634037
|switch|p1a: Kyurem|Kyurem|94/100 tox
|-ability|p1a: Kyurem|Pressure
|cant|p2a: Dondozo|slp
|
|-damage|p1a: Kyurem|88/100 tox|[from] psn
|upkeep
|turn|75
|
|t:|1779634048
|switch|p2a: Garganacl|Garganacl, M|100/100
|-damage|p2a: Garganacl|88/100|[from] Stealth Rock
|move|p1a: Kyurem|Freeze-Dry|p2a: Garganacl
|-damage|p2a: Garganacl|52/100
|
|-heal|p2a: Garganacl|58/100|[from] item: Leftovers
|-damage|p1a: Kyurem|76/100 tox|[from] psn
|upkeep
|turn|76
|
|t:|1779634059
|move|p1a: Kyurem|Draco Meteor|p2a: Garganacl
|-damage|p2a: Garganacl|0 fnt
|-unboost|p1a: Kyurem|spa|2
|faint|p2a: Garganacl
|
|-damage|p1a: Kyurem|58/100 tox|[from] psn
|upkeep
|
|t:|1779634067
|switch|p2a: Zamazenta|Zamazenta|98/100
|-damage|p2a: Zamazenta|92/100|[from] Stealth Rock
|turn|77
|
|t:|1779634073
|switch|p1a: Gholdengo|Gholdengo, tera:Fairy|100/100
|-damage|p1a: Gholdengo|76/100|[from] Spikes
|-damage|p1a: Gholdengo|63/100|[from] Stealth Rock
|move|p2a: Zamazenta|Iron Defense|p2a: Zamazenta
|-boost|p2a: Zamazenta|def|2
|
|-heal|p2a: Zamazenta|98/100|[from] item: Leftovers
|upkeep
|turn|78
|
|t:|1779634091
|switch|p1a: Iron Valiant|Iron Valiant|81/100
|-damage|p1a: Iron Valiant|56/100|[from] Spikes
|-damage|p1a: Iron Valiant|50/100|[from] Stealth Rock
|move|p2a: Zamazenta|Iron Defense|p2a: Zamazenta
|-boost|p2a: Zamazenta|def|2
|
|-heal|p2a: Zamazenta|100/100|[from] item: Leftovers
|upkeep
|turn|79
|
|t:|1779634102
|move|p1a: Iron Valiant|Encore|p2a: Zamazenta
|-start|p2a: Zamazenta|Encore
|move|p2a: Zamazenta|Iron Defense|p2a: Zamazenta
|-boost|p2a: Zamazenta|def|2
|
|upkeep
|turn|80
|
|t:|1779634120
|-end|p1a: Iron Valiant|Quark Drive|[silent]
|switch|p1a: Iron Moth|Iron Moth|100/100
|-damage|p1a: Iron Moth|76/100|[from] Spikes
|-damage|p1a: Iron Moth|51/100|[from] Stealth Rock
|move|p2a: Zamazenta|Iron Defense|p2a: Zamazenta
|-boost|p2a: Zamazenta|def|0
|
|upkeep
|turn|81
|
|t:|1779634132
|switch|p2a: Clodsire|Clodsire, F|71/100
|-damage|p2a: Clodsire|65/100|[from] Stealth Rock
|move|p1a: Iron Moth|Dazzling Gleam|p2a: Clodsire
|-resisted|p2a: Clodsire
|-damage|p2a: Clodsire|57/100
|
|-heal|p2a: Clodsire|63/100|[from] item: Black Sludge
|upkeep
|turn|82
|
|t:|1779634147
|move|p1a: Iron Moth|Fiery Dance|p2a: Clodsire
|-damage|p2a: Clodsire|43/100
|move|p2a: Clodsire|Recover|p2a: Clodsire
|-heal|p2a: Clodsire|93/100
|
|-heal|p2a: Clodsire|99/100|[from] item: Black Sludge
|upkeep
|turn|83
|
|t:|1779634155
|move|p1a: Iron Moth|Substitute|p1a: Iron Moth
|-start|p1a: Iron Moth|Substitute
|-damage|p1a: Iron Moth|26/100
|move|p2a: Clodsire|Earthquake|p1a: Iron Moth
|-supereffective|p1a: Iron Moth
|-end|p1a: Iron Moth|Substitute
|
|-heal|p2a: Clodsire|100/100|[from] item: Black Sludge
|upkeep
|turn|84
|
|t:|1779634165
|move|p1a: Iron Moth|Substitute|p1a: Iron Moth
|-start|p1a: Iron Moth|Substitute
|-damage|p1a: Iron Moth|1/100
|move|p2a: Clodsire|Earthquake|p1a: Iron Moth
|-supereffective|p1a: Iron Moth
|-end|p1a: Iron Moth|Substitute
|
|upkeep
|turn|85
|
|t:|1779634172
|move|p1a: Iron Moth|Fiery Dance|p2a: Clodsire
|-damage|p2a: Clodsire|79/100
|move|p2a: Clodsire|Earthquake|p1a: Iron Moth
|-supereffective|p1a: Iron Moth
|-damage|p1a: Iron Moth|0 fnt
|faint|p1a: Iron Moth
|-end|p1a: Iron Moth|Quark Drive|[silent]
|
|-heal|p2a: Clodsire|85/100|[from] item: Black Sludge
|upkeep
|
|t:|1779634177
|switch|p1a: Rillaboom|Rillaboom, F|69/100
|-damage|p1a: Rillaboom|44/100|[from] Spikes
|-damage|p1a: Rillaboom|32/100|[from] Stealth Rock
|-fieldstart|move: Grassy Terrain|[from] ability: Grassy Surge|[of] p1a: Rillaboom
|turn|86
|
|t:|1779634206
|move|p1a: Rillaboom|Grassy Glide|p2a: Clodsire
|-damage|p2a: Clodsire|21/100
|move|p2a: Clodsire|Toxic|p1a: Rillaboom
|-status|p1a: Rillaboom|tox
|
|-heal|p1a: Rillaboom|38/100 tox|[from] Grassy Terrain
|-heal|p2a: Clodsire|27/100|[from] Grassy Terrain
|-heal|p2a: Clodsire|33/100|[from] item: Black Sludge
|-damage|p1a: Rillaboom|32/100 tox|[from] psn
|upkeep
|turn|87
|
|t:|1779634218
|switch|p2a: Zamazenta|Zamazenta|100/100
|-damage|p2a: Zamazenta|94/100|[from] Stealth Rock
|move|p1a: Rillaboom|Grassy Glide|p2a: Zamazenta
|-damage|p2a: Zamazenta|44/100
|
|-heal|p2a: Zamazenta|51/100|[from] Grassy Terrain
|-heal|p2a: Zamazenta|57/100|[from] item: Leftovers
|-heal|p1a: Rillaboom|38/100 tox|[from] Grassy Terrain
|-damage|p1a: Rillaboom|26/100 tox|[from] psn
|upkeep
|turn|88
|inactive|shrkattack has 120 seconds left.
|
|t:|1779634240
|move|p1a: Rillaboom|Grassy Glide|p2a: Zamazenta
|-damage|p2a: Zamazenta|10/100
|move|p2a: Zamazenta|Iron Defense|p2a: Zamazenta
|-boost|p2a: Zamazenta|def|2
|
|-heal|p2a: Zamazenta|16/100|[from] Grassy Terrain
|-heal|p2a: Zamazenta|22/100|[from] item: Leftovers
|-heal|p1a: Rillaboom|32/100 tox|[from] Grassy Terrain
|-damage|p1a: Rillaboom|13/100 tox|[from] psn
|upkeep
|turn|89
|inactive|shrkattack has 120 seconds left.
|
|t:|1779634262
|-terastallize|p2a: Zamazenta|Steel
|move|p1a: Rillaboom|Grassy Glide|p2a: Zamazenta
|-resisted|p2a: Zamazenta
|-damage|p2a: Zamazenta|10/100
|move|p2a: Zamazenta|Rest|p2a: Zamazenta
|-status|p2a: Zamazenta|slp|[from] move: Rest
|-heal|p2a: Zamazenta|100/100 slp|[silent]
|
|-heal|p1a: Rillaboom|20/100 tox|[from] Grassy Terrain
|-damage|p1a: Rillaboom|0 fnt|[from] psn
|faint|p1a: Rillaboom
|upkeep
|
|t:|1779634285
|switch|p1a: Ting-Lu|Ting-Lu|100/100
|-damage|p1a: Ting-Lu|76/100|[from] Spikes
|-damage|p1a: Ting-Lu|69/100|[from] Stealth Rock
|-ability|p1a: Ting-Lu|Vessel of Ruin
|turn|90
|
|t:|1779634294
|cant|p2a: Zamazenta|slp
|move|p1a: Ting-Lu|Whirlwind|p2a: Zamazenta
|drag|p2a: Clodsire|Clodsire, F|33/100
|-damage|p2a: Clodsire|27/100|[from] Stealth Rock
|
|-heal|p1a: Ting-Lu|76/100|[from] Grassy Terrain
|-heal|p1a: Ting-Lu|82/100|[from] item: Leftovers
|-heal|p2a: Clodsire|33/100|[from] Grassy Terrain
|-heal|p2a: Clodsire|39/100|[from] item: Black Sludge
|-fieldend|move: Grassy Terrain
|upkeep
|turn|91
|inactive|shrkattack has 120 seconds left.
|
|t:|1779634307
|move|p1a: Ting-Lu|Earthquake|p2a: Clodsire
|-supereffective|p2a: Clodsire
|-damage|p2a: Clodsire|0 fnt
|faint|p2a: Clodsire
|
|-heal|p1a: Ting-Lu|88/100|[from] item: Leftovers
|upkeep
|
|t:|1779634316
|switch|p2a: Zamazenta|Zamazenta, tera:Steel|100/100 slp
|-damage|p2a: Zamazenta|94/100 slp|[from] Stealth Rock
|turn|92
|inactive|shrkattack has 120 seconds left.
|
|t:|1779634322
|switch|p2a: Dondozo|Dondozo, F|100/100 slp
|-damage|p2a: Dondozo|88/100 slp|[from] Stealth Rock
|move|p1a: Ting-Lu|Earthquake|p2a: Dondozo
|-crit|p2a: Dondozo
|-damage|p2a: Dondozo|64/100 slp
|
|-heal|p1a: Ting-Lu|94/100|[from] item: Leftovers
|-heal|p2a: Dondozo|70/100 slp|[from] item: Leftovers
|upkeep
|turn|93
|inactive|shrkattack has 120 seconds left.
|
|t:|1779634334
|move|p1a: Ting-Lu|Ruination|p2a: Dondozo
|-damage|p2a: Dondozo|35/100 slp
|cant|p2a: Dondozo|slp
|
|-heal|p1a: Ting-Lu|100/100|[from] item: Leftovers
|-heal|p2a: Dondozo|41/100 slp|[from] item: Leftovers
|upkeep
|turn|94
|
|t:|1779634343
|move|p1a: Ting-Lu|Ruination|p2a: Dondozo
|-damage|p2a: Dondozo|21/100 slp
|-curestatus|p2a: Dondozo|slp|[msg]
|move|p2a: Dondozo|Rest|p2a: Dondozo
|-status|p2a: Dondozo|slp|[from] move: Rest
|-heal|p2a: Dondozo|100/100 slp|[silent]
|
|upkeep
|turn|95
|
|t:|1779634352
|move|p1a: Ting-Lu|Ruination|p2a: Dondozo
|-damage|p2a: Dondozo|51/100 slp
|cant|p2a: Dondozo|slp
|
|-heal|p2a: Dondozo|57/100 slp|[from] item: Leftovers
|upkeep
|turn|96
|
|t:|1779634360
|cant|p2a: Dondozo|slp
|move|p1a: Ting-Lu|Whirlwind|p2a: Dondozo
|drag|p2a: Zamazenta|Zamazenta, tera:Steel|94/100 slp
|-damage|p2a: Zamazenta|88/100 slp|[from] Stealth Rock
|
|-heal|p2a: Zamazenta|94/100 slp|[from] item: Leftovers
|upkeep
|turn|97
|
|t:|1779634371
|cant|p2a: Zamazenta|slp
|move|p1a: Ting-Lu|Earthquake|p2a: Zamazenta
|-supereffective|p2a: Zamazenta
|-damage|p2a: Zamazenta|33/100 slp
|
|-heal|p2a: Zamazenta|40/100 slp|[from] item: Leftovers
|upkeep
|turn|98
|
|t:|1779634382
|-curestatus|p2a: Zamazenta|slp|[msg]
|move|p2a: Zamazenta|Iron Defense|p2a: Zamazenta
|-boost|p2a: Zamazenta|def|2
|move|p1a: Ting-Lu|Whirlwind|p2a: Zamazenta
|drag|p2a: Dondozo|Dondozo, F|57/100 slp
|-damage|p2a: Dondozo|44/100 slp|[from] Stealth Rock
|
|-heal|p2a: Dondozo|51/100 slp|[from] item: Leftovers
|upkeep
|turn|99
|
|t:|1779634394
|move|p1a: Ting-Lu|Ruination|p2a: Dondozo
|-damage|p2a: Dondozo|26/100 slp
|-curestatus|p2a: Dondozo|slp|[msg]
|move|p2a: Dondozo|Curse|p2a: Dondozo
|-unboost|p2a: Dondozo|spe|1
|-boost|p2a: Dondozo|atk|1
|-boost|p2a: Dondozo|def|1
|
|-heal|p2a: Dondozo|32/100|[from] item: Leftovers
|upkeep
|turn|100
|
|t:|1779634406
|move|p2a: Dondozo|Rest|p2a: Dondozo
|-status|p2a: Dondozo|slp|[from] move: Rest
|-heal|p2a: Dondozo|100/100 slp|[silent]
|move|p1a: Ting-Lu|Whirlwind|p2a: Dondozo
|drag|p2a: Zamazenta|Zamazenta, tera:Steel|40/100
|-damage|p2a: Zamazenta|33/100|[from] Stealth Rock
|
|-heal|p2a: Zamazenta|40/100|[from] item: Leftovers
|upkeep
|turn|101
|
|t:|1779634418
|move|p2a: Zamazenta|Iron Defense|p2a: Zamazenta
|-boost|p2a: Zamazenta|def|2
|move|p1a: Ting-Lu|Earthquake|p2a: Zamazenta
|-supereffective|p2a: Zamazenta
|-crit|p2a: Zamazenta
|-damage|p2a: Zamazenta|0 fnt
|faint|p2a: Zamazenta
|
|upkeep
|
|t:|1779634426
|switch|p2a: Dondozo|Dondozo, F|100/100 slp
|-damage|p2a: Dondozo|88/100 slp|[from] Stealth Rock
|turn|102
|
|t:|1779634433
|move|p1a: Ting-Lu|Ruination|p2a: Dondozo
|-damage|p2a: Dondozo|44/100 slp
|cant|p2a: Dondozo|slp
|
|-heal|p2a: Dondozo|51/100 slp|[from] item: Leftovers
|upkeep
|turn|103
|
|t:|1779634445
|move|p1a: Ting-Lu|Ruination|p2a: Dondozo
|-damage|p2a: Dondozo|26/100 slp
|cant|p2a: Dondozo|slp
|
|-heal|p2a: Dondozo|32/100 slp|[from] item: Leftovers
|upkeep
|turn|104
|
|t:|1779634455
|move|p1a: Ting-Lu|Earthquake|p2a: Dondozo
|-damage|p2a: Dondozo|16/100 slp
|-curestatus|p2a: Dondozo|slp|[msg]
|move|p2a: Dondozo|Curse|p2a: Dondozo
|-unboost|p2a: Dondozo|spe|1
|-boost|p2a: Dondozo|atk|1
|-boost|p2a: Dondozo|def|1
|
|-heal|p2a: Dondozo|22/100|[from] item: Leftovers
|upkeep
|turn|105
|
|t:|1779634466
|switch|p1a: Iron Valiant|Iron Valiant|50/100
|-damage|p1a: Iron Valiant|25/100|[from] Spikes
|-damage|p1a: Iron Valiant|18/100|[from] Stealth Rock
|move|p2a: Dondozo|Rest|p2a: Dondozo
|-status|p2a: Dondozo|slp|[from] move: Rest
|-heal|p2a: Dondozo|100/100 slp|[silent]
|
|upkeep
|turn|106
|
|t:|1779634477
|-end|p1a: Iron Valiant|Quark Drive|[silent]
|switch|p1a: Kyurem|Kyurem|58/100 tox
|-ability|p1a: Kyurem|Pressure
|cant|p2a: Dondozo|slp
|
|-damage|p1a: Kyurem|51/100 tox|[from] psn
|upkeep
|turn|107
|inactive|shrkattack has 120 seconds left.
|
|t:|1779634487
|move|p1a: Kyurem|Freeze-Dry|p2a: Dondozo
|-supereffective|p2a: Dondozo
|-damage|p2a: Dondozo|31/100 slp
|cant|p2a: Dondozo|slp
|
|-heal|p2a: Dondozo|37/100 slp|[from] item: Leftovers
|-damage|p1a: Kyurem|39/100 tox|[from] psn
|upkeep
|turn|108
|inactive|shrkattack has 120 seconds left.
|
|t:|1779634496
|move|p1a: Kyurem|Freeze-Dry|p2a: Dondozo
|-supereffective|p2a: Dondozo
|-crit|p2a: Dondozo
|-damage|p2a: Dondozo|0 fnt
|faint|p2a: Dondozo
|
|win|hiplk
|raw|hiplk's rating: 1439 &rarr; <strong>1458</strong><br />(+19 for winning)
|raw|shrkattack's rating: 1423 &rarr; <strong>1404</strong><br />(-19 for losing)
|l|☆hiplk
|player|p1|
