|j|☆BlabberSaur
|j|☆Laban1024
|t:|1779651990
|gametype|singles
|player|p1|BlabberSaur|wallace|
|player|p2|Laban1024|koga|
|gen|9
|tier|[Gen 9] OU
|rule|HP Percentage Mod: HP is shown in percentages
|rule|Endless Battle Clause: Forcing endless battles is banned
|rule|Species Clause: Limit one of each Pokémon
|rule|OHKO Clause: OHKO moves are banned
|rule|Evasion Items Clause: Evasion items are banned
|rule|Evasion Moves Clause: Evasion moves are banned
|rule|Evasion Abilities Clause: Evasion abilities are banned
|rule|Sleep Moves Clause: Sleep-inducing moves are banned
|clearpoke
|poke|p1|Blaziken, F|
|poke|p1|Dragapult, M|
|poke|p1|Great Tusk|
|poke|p1|Garganacl, M|
|poke|p1|Primarina, F|
|poke|p1|Kingambit, F|
|poke|p2|Torkoal, F|
|poke|p2|Ceruledge, M|
|poke|p2|Lilligant-Hisui, F|
|poke|p2|Walking Wake|
|poke|p2|Raging Bolt|
|poke|p2|Great Tusk|
|teampreview
|inactive|Battle timer is ON: inactive players will automatically lose when time's up. (requested by BlabberSaur)
|inactive|BlabberSaur has 270 seconds left.
|inactive|Laban1024 has 270 seconds left.
|
|t:|1779652041
|teamsize|p1|6
|teamsize|p2|6
|start
|switch|p1a: Dragapult|Dragapult, M|100/100
|switch|p2a: Torkoal|Torkoal, F|100/100
|-weather|SunnyDay|[from] ability: Drought|[of] p2a: Torkoal
|turn|1
|
|t:|1779652045
|move|p1a: Dragapult|Shadow Ball|p2a: Torkoal
|-damage|p2a: Torkoal|31/100
|move|p2a: Torkoal|Will-O-Wisp|p1a: Dragapult
|-status|p1a: Dragapult|brn
|
|-weather|SunnyDay|[upkeep]
|-damage|p1a: Dragapult|95/100 brn|[from] brn
|upkeep
|turn|2
|inactive|Laban1024 has 270 seconds left.
|
|t:|1779652078
|switch|p2a: Raging Bolt|Raging Bolt|100/100
|-item|p2a: Raging Bolt|Air Balloon
|-activate|p2a: Raging Bolt|ability: Protosynthesis
|-start|p2a: Raging Bolt|protosynthesisspa
|move|p1a: Dragapult|Shadow Ball|p2a: Raging Bolt
|-damage|p2a: Raging Bolt|54/100
|-unboost|p2a: Raging Bolt|spd|1
|-enditem|p2a: Raging Bolt|Air Balloon
|
|-weather|SunnyDay|[upkeep]
|-damage|p1a: Dragapult|89/100 brn|[from] brn
|upkeep
|turn|3
|
|t:|1779652097
|move|p1a: Dragapult|Shadow Ball|p2a: Raging Bolt
|-damage|p2a: Raging Bolt|0 fnt
|faint|p2a: Raging Bolt
|-end|p2a: Raging Bolt|Protosynthesis|[silent]
|
|-weather|SunnyDay|[upkeep]
|-damage|p1a: Dragapult|83/100 brn|[from] brn
|upkeep
|c|☆Laban1024|specs
|inactive|Laban1024 has 270 seconds left.
|c|☆Laban1024|i thought shadow wouldnt 2hit
|
|t:|1779652133
|switch|p2a: Lilligant|Lilligant-Hisui, F|100/100
|turn|4
|
|t:|1779652142
|move|p2a: Lilligant|Triple Axel|p1a: Dragapult
|-supereffective|p1a: Dragapult
|-damage|p1a: Dragapult|57/100 brn
|-supereffective|p1a: Dragapult
|-damage|p1a: Dragapult|10/100 brn
|-supereffective|p1a: Dragapult
|-damage|p1a: Dragapult|0 fnt
|faint|p1a: Dragapult
|-hitcount|p1: Dragapult|3
|-damage|p2a: Lilligant|91/100|[from] item: Life Orb
|
|-weather|SunnyDay|[upkeep]
|upkeep
|
|t:|1779652154
|switch|p1a: Blaziken|Blaziken, F|100/100
|turn|5
|
|t:|1779652159
|move|p1a: Blaziken|Protect|p1a: Blaziken
|-singleturn|p1a: Blaziken|Protect
|move|p2a: Lilligant|Victory Dance|p2a: Lilligant
|-boost|p2a: Lilligant|atk|1
|-boost|p2a: Lilligant|def|1
|-boost|p2a: Lilligant|spe|1
|
|-weather|SunnyDay|[upkeep]
|-ability|p1a: Blaziken|Speed Boost|boost
|-boost|p1a: Blaziken|spe|1
|upkeep
|turn|6
|
|t:|1779652166
|move|p2a: Lilligant|Axe Kick|p1a: Blaziken
|-damage|p1a: Blaziken|0 fnt
|faint|p1a: Blaziken
|-damage|p2a: Lilligant|81/100|[from] item: Life Orb
|
|-weather|SunnyDay|[upkeep]
|upkeep
|c|☆Laban1024|im not dumb
|
|t:|1779652174
|switch|p1a: Kingambit|Kingambit, F|100/100
|-activate|p1a: Kingambit|ability: Supreme Overlord
|-start|p1a: Kingambit|fallen2|[silent]
|turn|7
|
|t:|1779652182
|-terastallize|p1a: Kingambit|Ghost
|move|p2a: Lilligant|Axe Kick|p1a: Kingambit
|-immune|p1a: Kingambit
|-damage|p2a: Lilligant|31/100|[from] highjumpkick
|move|p1a: Kingambit|Iron Head|p2a: Lilligant
|-damage|p2a: Lilligant|0 fnt
|faint|p2a: Lilligant
|
|-weather|SunnyDay|[upkeep]
|upkeep
|c|☆Laban1024|oh
|c|☆Laban1024|forgot you can tera in this format
|inactive|Laban1024 has 270 seconds left.
|
|t:|1779652206
|switch|p2a: Ceruledge|Ceruledge, M|100/100
|turn|8
|
|t:|1779652212
|move|p2a: Ceruledge|Bitter Blade|p1a: Kingambit
|-damage|p1a: Kingambit|46/100
|move|p1a: Kingambit|Kowtow Cleave|p2a: Ceruledge
|-supereffective|p2a: Ceruledge
|-enditem|p2a: Ceruledge|Focus Sash
|-damage|p2a: Ceruledge|1/100
|-ability|p2a: Ceruledge|Weak Armor|boost
|-unboost|p2a: Ceruledge|def|1
|-boost|p2a: Ceruledge|spe|2
|
|-weather|none
|upkeep
|turn|9
|
|t:|1779652222
|move|p1a: Kingambit|Sucker Punch|p2a: Ceruledge
|-supereffective|p2a: Ceruledge
|-damage|p2a: Ceruledge|0 fnt
|faint|p2a: Ceruledge
|
|upkeep
|c|☆Laban1024|oh right
|c|☆Laban1024|shouldve swords
|c|☆Laban1024|WHY AM I SO MUCH WORSE WHEN ITS NOT RANDBATS :SOB
|inactive|Laban1024 has 270 seconds left.
|
|t:|1779652245
|switch|p2a: Great Tusk|Great Tusk|100/100
|turn|10
|
|t:|1779652250
|move|p2a: Great Tusk|Headlong Rush|p1a: Kingambit
|-damage|p1a: Kingambit|0 fnt
|-unboost|p2a: Great Tusk|def|1
|-unboost|p2a: Great Tusk|spd|1
|faint|p1a: Kingambit
|-end|p1a: Kingambit|fallen2|[silent]
|
|upkeep
|
|t:|1779652255
|switch|p1a: Great Tusk|Great Tusk|100/100
|turn|11
|
|t:|1779652265
|move|p1a: Great Tusk|Ice Spinner|p2a: Great Tusk
|-supereffective|p2a: Great Tusk
|-damage|p2a: Great Tusk|37/100
|move|p2a: Great Tusk|Ice Spinner|p1a: Great Tusk
|-supereffective|p1a: Great Tusk
|-damage|p1a: Great Tusk|53/100
|
|upkeep
|turn|12
|
|t:|1779652272
|-end|p2a: Great Tusk|Protosynthesis|[silent]
|switch|p2a: Torkoal|Torkoal, F|31/100
|-weather|SunnyDay|[from] ability: Drought|[of] p2a: Torkoal
|-activate|p1a: Great Tusk|ability: Protosynthesis
|-start|p1a: Great Tusk|protosynthesisatk
|move|p1a: Great Tusk|Ice Spinner|p2a: Torkoal
|-resisted|p2a: Torkoal
|-damage|p2a: Torkoal|20/100
|
|-weather|SunnyDay|[upkeep]
|upkeep
|turn|13
|
|t:|1779652277
|move|p1a: Great Tusk|Rapid Spin|p2a: Torkoal
|-crit|p2a: Torkoal
|-damage|p2a: Torkoal|0 fnt
|-boost|p1a: Great Tusk|spe|1
|faint|p2a: Torkoal
|
|-weather|SunnyDay|[upkeep]
|upkeep
|
|t:|1779652288
|switch|p2a: Walking Wake|Walking Wake|100/100
|-activate|p2a: Walking Wake|ability: Protosynthesis
|-start|p2a: Walking Wake|protosynthesisspe
|turn|14
|
|t:|1779652298
|move|p2a: Walking Wake|Hydro Steam|p1a: Great Tusk
|-supereffective|p1a: Great Tusk
|-damage|p1a: Great Tusk|0 fnt
|faint|p1a: Great Tusk
|-end|p1a: Great Tusk|Protosynthesis|[silent]
|
|-weather|SunnyDay|[upkeep]
|upkeep
|
|t:|1779652301
|switch|p1a: Primarina|Primarina, F|100/100
|turn|15
|
|t:|1779652312
|-end|p2a: Walking Wake|Protosynthesis|[silent]
|switch|p2a: Great Tusk|Great Tusk|37/100
|-activate|p2a: Great Tusk|ability: Protosynthesis
|-start|p2a: Great Tusk|protosynthesisatk
|move|p1a: Primarina|Moonblast|p2a: Great Tusk
|-supereffective|p2a: Great Tusk
|-damage|p2a: Great Tusk|0 fnt
|faint|p2a: Great Tusk
|-end|p2a: Great Tusk|Protosynthesis|[silent]
|
|-weather|SunnyDay|[upkeep]
|upkeep
|
|t:|1779652315
|switch|p2a: Walking Wake|Walking Wake|100/100
|-activate|p2a: Walking Wake|ability: Protosynthesis
|-start|p2a: Walking Wake|protosynthesisspe
|turn|16
|
|t:|1779652331
|-terastallize|p2a: Walking Wake|Fire
|move|p2a: Walking Wake|Flamethrower|p1a: Primarina
|-resisted|p1a: Primarina
|-damage|p1a: Primarina|72/100
|-status|p1a: Primarina|brn
|move|p1a: Primarina|Moonblast|p2a: Walking Wake
|-resisted|p2a: Walking Wake
|-damage|p2a: Walking Wake|71/100
|
|-weather|SunnyDay|[upkeep]
|-damage|p1a: Primarina|66/100 brn|[from] brn
|upkeep
|turn|17
|
|t:|1779652336
|move|p2a: Walking Wake|Flamethrower|p1a: Primarina
|-resisted|p1a: Primarina
|-damage|p1a: Primarina|39/100 brn
|move|p1a: Primarina|Psychic Noise|p2a: Walking Wake
|-supereffective|p2a: Walking Wake
|-damage|p2a: Walking Wake|18/100
|-start|p2a: Walking Wake|move: Heal Block
|
|-weather|SunnyDay|[upkeep]
|-damage|p1a: Primarina|33/100 brn|[from] brn
|upkeep
|turn|18
|
|t:|1779652346
|move|p2a: Walking Wake|Flamethrower|p1a: Primarina
|-resisted|p1a: Primarina
|-damage|p1a: Primarina|6/100 brn
|move|p1a: Primarina|Psychic Noise|p2a: Walking Wake
|-supereffective|p2a: Walking Wake
|-damage|p2a: Walking Wake|0 fnt
|faint|p2a: Walking Wake
|-end|p2a: Walking Wake|Protosynthesis|[silent]
|
|win|BlabberSaur
