|j|☆praise be 1
|j|☆Jeystar
|t:|1779717060
|gametype|singles
|player|p1|praise be 1|steven|1204
|player|p2|Jeystar|shadowtriad|1204
|gen|9
|tier|[Gen 9] OU
|rated|
|rule|HP Percentage Mod: HP is shown in percentages
|rule|Endless Battle Clause: Forcing endless battles is banned
|rule|Species Clause: Limit one of each Pokémon
|rule|OHKO Clause: OHKO moves are banned
|rule|Evasion Items Clause: Evasion items are banned
|rule|Evasion Moves Clause: Evasion moves are banned
|rule|Evasion Abilities Clause: Evasion abilities are banned
|rule|Sleep Moves Clause: Sleep-inducing moves are banned
|clearpoke
|poke|p1|Weavile, M|
|poke|p1|Dragonite, F|
|poke|p1|Landorus-Therian, M|
|poke|p1|Zamazenta-*|
|poke|p1|Heatran, F|
|poke|p1|Basculegion, M|
|poke|p2|Tatsugiri-Droopy, M|
|poke|p2|Zamazenta-*|
|poke|p2|Slowking-Galar, F|
|poke|p2|Sylveon, M|
|poke|p2|Mew|
|poke|p2|Toxapex, F|
|teampreview
|
|t:|1779717069
|teamsize|p1|6
|teamsize|p2|6
|start
|switch|p1a: Weavile|Weavile, M|100/100
|switch|p2a: Pluto to Mars|Mew|100/100
|-ability|p1a: Weavile|Pressure
|turn|1
|inactive|Battle timer is ON: inactive players will automatically lose when time's up. (requested by Jeystar)
|
|t:|1779717078
|move|p1a: Weavile|Beat Up|p2a: Pluto to Mars
|-supereffective|p2a: Pluto to Mars
|-damage|p2a: Pluto to Mars|91/100
|-supereffective|p2a: Pluto to Mars
|-damage|p2a: Pluto to Mars|80/100
|-supereffective|p2a: Pluto to Mars
|-damage|p2a: Pluto to Mars|69/100
|-supereffective|p2a: Pluto to Mars
|-damage|p2a: Pluto to Mars|59/100
|-supereffective|p2a: Pluto to Mars
|-damage|p2a: Pluto to Mars|49/100
|-supereffective|p2a: Pluto to Mars
|-damage|p2a: Pluto to Mars|40/100
|-hitcount|p2a: Pluto to Mars|6
|move|p2a: Pluto to Mars|Body Press|p1a: Weavile
|-supereffective|p1a: Weavile
|-enditem|p1a: Weavile|Focus Sash
|-damage|p1a: Weavile|1/100
|
|upkeep
|turn|2
|
|t:|1779717092
|switch|p2a: x2|Toxapex, F, shiny|100/100
|move|p1a: Weavile|Triple Axel|p2a: x2
|-resisted|p2a: x2
|-crit|p2a: x2
|-damage|p2a: x2|96/100
|-resisted|p2a: x2
|-damage|p2a: x2|89/100
|-resisted|p2a: x2
|-damage|p2a: x2|81/100
|-hitcount|p2a: x2|3
|
|upkeep
|turn|3
|
|t:|1779717104
|switch|p1a: Landorus|Landorus-Therian, M|100/100
|-ability|p1a: Landorus|Intimidate|boost
|-unboost|p2a: x2|atk|1
|move|p2a: x2|Infestation|p1a: Landorus
|-resisted|p1a: Landorus
|-damage|p1a: Landorus|99/100
|-activate|p1a: Landorus|move: Infestation|[of] p2a: x2
|-damage|p2a: x2|65/100|[from] item: Rocky Helmet|[of] p1a: Landorus
|
|-damage|p1a: Landorus|86/100|[from] move: Infestation|[partiallytrapped]
|upkeep
|turn|4
|
|t:|1779717115
|move|p1a: Landorus|Earthquake|p2a: x2
|-supereffective|p2a: x2
|-crit|p2a: x2
|-damage|p2a: x2|0 fnt
|faint|p2a: x2
|
|-end|p1a: Landorus|Infestation|[partiallytrapped]|[silent]
|upkeep
|
|t:|1779717122
|switch|p2a: Spin Again|Tatsugiri-Droopy, M|100/100
|turn|5
|
|t:|1779717131
|switch|p1a: Weavile|Weavile, M|1/100
|-ability|p1a: Weavile|Pressure
|move|p2a: Spin Again|Surf|p1a: Weavile
|-damage|p1a: Weavile|0 fnt
|faint|p1a: Weavile
|
|upkeep
|
|t:|1779717137
|switch|p1a: Dragonite|Dragonite, F|100/100
|turn|6
|
|t:|1779717146
|move|p2a: Spin Again|Draco Meteor|p1a: Dragonite
|-supereffective|p1a: Dragonite
|-damage|p1a: Dragonite|41/100
|-unboost|p2a: Spin Again|spa|2
|move|p1a: Dragonite|Dragon Tail|p2a: Spin Again
|-supereffective|p2a: Spin Again
|-damage|p2a: Spin Again|0 fnt
|faint|p2a: Spin Again
|
|upkeep
|
|t:|1779717154
|switch|p2a: Endless Fashion|Sylveon, M|100/100
|turn|7
|
|t:|1779717158
|move|p2a: Endless Fashion|Psychic|p1a: Dragonite
|-damage|p1a: Dragonite|2/100
|move|p1a: Dragonite|Earthquake|p2a: Endless Fashion
|-damage|p2a: Endless Fashion|39/100
|
|upkeep
|turn|8
|
|t:|1779717163
|move|p1a: Dragonite|Extreme Speed|p2a: Endless Fashion
|-damage|p2a: Endless Fashion|0 fnt
|faint|p2a: Endless Fashion
|
|upkeep
|
|t:|1779717168
|switch|p2a: Rehab|Slowking-Galar, F|100/100
|turn|9
|
|t:|1779717172
|move|p1a: Dragonite|Earthquake|p2a: Rehab
|-supereffective|p2a: Rehab
|-damage|p2a: Rehab|23/100
|move|p2a: Rehab|Sludge Bomb|p1a: Dragonite
|-damage|p1a: Dragonite|0 fnt
|faint|p1a: Dragonite
|
|upkeep
|
|t:|1779717177
|switch|p1a: Landorus|Landorus-Therian, M|86/100
|-ability|p1a: Landorus|Intimidate|boost
|-unboost|p2a: Rehab|atk|1
|turn|10
|
|t:|1779717182
|move|p1a: Landorus|Earthquake|p2a: Rehab
|-supereffective|p2a: Rehab
|-damage|p2a: Rehab|0 fnt
|faint|p2a: Rehab
|
|upkeep
|
|t:|1779717186
|switch|p2a: Pluto to Mars|Mew|40/100
|turn|11
|
|t:|1779717189
|move|p1a: Landorus|Earthquake|p2a: Pluto to Mars
|-damage|p2a: Pluto to Mars|5/100
|move|p2a: Pluto to Mars|Psychic Noise|p1a: Landorus
|-damage|p1a: Landorus|57/100
|-start|p1a: Landorus|move: Heal Block
|
|upkeep
|turn|12
|
|t:|1779717192
|move|p1a: Landorus|Earthquake|p2a: Pluto to Mars
|-damage|p2a: Pluto to Mars|0 fnt
|faint|p2a: Pluto to Mars
|
|-end|p1a: Landorus|move: Heal Block
|upkeep
|
|t:|1779717194
|switch|p2a: Crush Em|Zamazenta, shiny|100/100
|-ability|p2a: Crush Em|Dauntless Shield|boost
|-boost|p2a: Crush Em|def|1
|turn|13
|
|t:|1779717203
|move|p2a: Crush Em|Iron Defense|p2a: Crush Em
|-boost|p2a: Crush Em|def|2
|move|p1a: Landorus|Swords Dance|p1a: Landorus
|-boost|p1a: Landorus|atk|2
|
|upkeep
|turn|14
|
|t:|1779717208
|move|p2a: Crush Em|Iron Defense|p2a: Crush Em
|-boost|p2a: Crush Em|def|2
|move|p1a: Landorus|Swords Dance|p1a: Landorus
|-boost|p1a: Landorus|atk|2
|
|upkeep
|turn|15
|
|t:|1779717212
|move|p1a: Landorus|Earthquake|p2a: Crush Em
|-damage|p2a: Crush Em|65/100
|move|p2a: Crush Em|Roar|p1a: Landorus
|drag|p1a: Basculegion|Basculegion, M|100/100
|
|-heal|p2a: Crush Em|72/100|[from] item: Leftovers
|upkeep
|turn|16
|
|t:|1779717220
|move|p2a: Crush Em|Crunch|p1a: Basculegion
|-supereffective|p1a: Basculegion
|-damage|p1a: Basculegion|49/100
|move|p1a: Basculegion|Liquidation|p2a: Crush Em
|-damage|p2a: Crush Em|60/100
|
|-heal|p2a: Crush Em|66/100|[from] item: Leftovers
|-heal|p1a: Basculegion|55/100|[from] item: Leftovers
|upkeep
|turn|17
|
|t:|1779717229
|move|p2a: Crush Em|Crunch|p1a: Basculegion
|-supereffective|p1a: Basculegion
|-damage|p1a: Basculegion|0 fnt
|faint|p1a: Basculegion
|
|-heal|p2a: Crush Em|73/100|[from] item: Leftovers
|upkeep
|
|t:|1779717234
|switch|p1a: Zamazenta|Zamazenta|100/100
|-ability|p1a: Zamazenta|Dauntless Shield|boost
|-boost|p1a: Zamazenta|def|1
|turn|18
|
|t:|1779717238
|move|p1a: Zamazenta|Iron Defense|p1a: Zamazenta
|-boost|p1a: Zamazenta|def|2
|move|p2a: Crush Em|Body Press|p1a: Zamazenta
|-damage|p1a: Zamazenta|68/100
|
|-heal|p2a: Crush Em|79/100|[from] item: Leftovers
|-heal|p1a: Zamazenta|74/100|[from] item: Leftovers
|upkeep
|turn|19
|
|t:|1779717243
|move|p1a: Zamazenta|Iron Defense|p1a: Zamazenta
|-boost|p1a: Zamazenta|def|2
|move|p2a: Crush Em|Roar|p1a: Zamazenta
|drag|p1a: Landorus|Landorus-Therian, M|57/100
|-ability|p1a: Landorus|Intimidate|boost
|-unboost|p2a: Crush Em|atk|1
|
|-heal|p2a: Crush Em|85/100|[from] item: Leftovers
|upkeep
|turn|20
|
|t:|1779717247
|move|p2a: Crush Em|Body Press|p1a: Landorus
|-resisted|p1a: Landorus
|-damage|p1a: Landorus|0 fnt
|-damage|p2a: Crush Em|69/100|[from] item: Rocky Helmet|[of] p1a: Landorus
|faint|p1a: Landorus
|
|-heal|p2a: Crush Em|75/100|[from] item: Leftovers
|upkeep
|
|t:|1779717254
|switch|p1a: Heatran|Heatran, F|100/100
|turn|21
|
|t:|1779717257
|move|p1a: Heatran|Fire Blast|p2a: Crush Em
|-damage|p2a: Crush Em|30/100
|move|p2a: Crush Em|Body Press|p1a: Heatran
|-supereffective|p1a: Heatran
|-damage|p1a: Heatran|0 fnt
|faint|p1a: Heatran
|
|-heal|p2a: Crush Em|36/100|[from] item: Leftovers
|upkeep
|
|t:|1779717262
|switch|p1a: Zamazenta|Zamazenta|74/100
|turn|22
|
|t:|1779717265
|move|p2a: Crush Em|Body Press|p1a: Zamazenta
|-damage|p1a: Zamazenta|0 fnt
|faint|p1a: Zamazenta
|
|win|Jeystar
|raw|praise be 1's rating: 1204 &rarr; <strong>1179</strong><br />(-25 for losing)
|raw|Jeystar's rating: 1204 &rarr; <strong>1229</strong><br />(+25 for winning)
|c|☆Jeystar|gg
|c|☆praise be 1|i mean i guess
|c|☆praise be 1|youre ass
|l|☆praise be 1
|player|p1|
