|j|☆AmeTheDame
|j|☆cuckalicious
|t:|1779596870
|gametype|singles
|player|p1|AmeTheDame|1|1364
|player|p2|cuckalicious|marley|1396
|gen|9
|tier|[Gen 9] OU
|rated|
|rule|HP Percentage Mod: HP is shown in percentages
|rule|Endless Battle Clause: Forcing endless battles is banned
|rule|Species Clause: Limit one of each Pokémon
|rule|OHKO Clause: OHKO moves are banned
|rule|Evasion Items Clause: Evasion items are banned
|rule|Evasion Moves Clause: Evasion moves are banned
|rule|Evasion Abilities Clause: Evasion abilities are banned
|rule|Sleep Moves Clause: Sleep-inducing moves are banned
|clearpoke
|poke|p1|Heatran, F|
|poke|p1|Walking Wake|
|poke|p1|Ogerpon, F|
|poke|p1|Great Tusk|
|poke|p1|Corviknight, F|
|poke|p1|Clefable, F|
|poke|p2|Ursaluna, M|
|poke|p2|Rillaboom, M|
|poke|p2|Dondozo, F|
|poke|p2|Dragonite, M|
|poke|p2|Corviknight, F|
|poke|p2|Heatran, F|
|teampreview
|inactive|Battle timer is ON: inactive players will automatically lose when time's up. (requested by AmeTheDame)
|
|t:|1779596882
|teamsize|p1|6
|teamsize|p2|6
|start
|switch|p1a: Great Tusk|Great Tusk|100/100
|switch|p2a: Heatran|Heatran, F|100/100
|-enditem|p1a: Great Tusk|Booster Energy
|-activate|p1a: Great Tusk|ability: Protosynthesis|[fromitem]
|-start|p1a: Great Tusk|protosynthesisspe
|turn|1
|
|t:|1779596890
|switch|p2a: Corviknight|Corviknight, F|100/100
|-ability|p2a: Corviknight|Pressure
|move|p1a: Great Tusk|Bulk Up|p1a: Great Tusk
|-boost|p1a: Great Tusk|atk|1
|-boost|p1a: Great Tusk|def|1
|
|upkeep
|turn|2
|
|t:|1779596896
|move|p1a: Great Tusk|Ice Spinner|p2a: Corviknight
|-damage|p2a: Corviknight|75/100
|move|p2a: Corviknight|U-turn|p1a: Great Tusk
|-resisted|p1a: Great Tusk
|-damage|p1a: Great Tusk|98/100
|
|t:|1779596900
|switch|p2a: Dondozo|Dondozo, F|100/100|[from] U-turn
|
|upkeep
|turn|3
|
|t:|1779596907
|-end|p1a: Great Tusk|Protosynthesis|[silent]
|switch|p1a: Ogerpon|Ogerpon, F|100/100
|move|p2a: Dondozo|Curse|p2a: Dondozo
|-unboost|p2a: Dondozo|spe|1
|-boost|p2a: Dondozo|atk|1
|-boost|p2a: Dondozo|def|1
|
|upkeep
|turn|4
|
|t:|1779596913
|switch|p2a: Corviknight|Corviknight, F|75/100
|-ability|p2a: Corviknight|Pressure
|move|p1a: Ogerpon|Ivy Cudgel|p2a: Corviknight
|-resisted|p2a: Corviknight
|-damage|p2a: Corviknight|60/100
|
|upkeep
|turn|5
|
|t:|1779596919
|switch|p1a: Corviknight|Corviknight, F|100/100
|-ability|p1a: Corviknight|Pressure
|move|p2a: Corviknight|U-turn|p1a: Corviknight
|-resisted|p1a: Corviknight
|-damage|p1a: Corviknight|98/100
|-damage|p2a: Corviknight|44/100|[from] item: Rocky Helmet|[of] p1a: Corviknight
|
|t:|1779596922
|switch|p2a: Heatran|Heatran, F|100/100|[from] U-turn
|
|upkeep
|turn|6
|
|t:|1779596927
|switch|p1a: Heatran|Heatran, F|100/100
|move|p2a: Heatran|Stealth Rock|p1a: Heatran
|-sidestart|p1: AmeTheDame|move: Stealth Rock
|
|upkeep
|turn|7
|
|t:|1779596932
|move|p1a: Heatran|Earth Power|p2a: Heatran
|-supereffective|p2a: Heatran
|-damage|p2a: Heatran|37/100
|move|p2a: Heatran|Earth Power|p1a: Heatran
|-supereffective|p1a: Heatran
|-damage|p1a: Heatran|38/100
|
|-heal|p1a: Heatran|45/100|[from] item: Leftovers
|-heal|p2a: Heatran|44/100|[from] item: Leftovers
|upkeep
|turn|8
|
|t:|1779596941
|move|p2a: Heatran|Protect|p2a: Heatran
|-singleturn|p2a: Heatran|Protect
|move|p1a: Heatran|Stealth Rock|p2a: Heatran
|-sidestart|p2: cuckalicious|move: Stealth Rock
|
|-heal|p2a: Heatran|50/100|[from] item: Leftovers
|-heal|p1a: Heatran|51/100|[from] item: Leftovers
|upkeep
|turn|9
|
|t:|1779596946
|move|p2a: Heatran|Earth Power|p1a: Heatran
|-supereffective|p1a: Heatran
|-damage|p1a: Heatran|0 fnt
|faint|p1a: Heatran
|
|-heal|p2a: Heatran|56/100|[from] item: Leftovers
|upkeep
|
|t:|1779596949
|switch|p1a: Great Tusk|Great Tusk|98/100
|-damage|p1a: Great Tusk|95/100|[from] Stealth Rock
|turn|10
|
|t:|1779596955
|switch|p2a: Dondozo|Dondozo, F|100/100
|-damage|p2a: Dondozo|88/100|[from] Stealth Rock
|move|p1a: Great Tusk|Rapid Spin|p2a: Dondozo
|-damage|p2a: Dondozo|82/100
|-boost|p1a: Great Tusk|spe|1
|-sideend|p1: AmeTheDame|Stealth Rock|[from] move: Rapid Spin|[of] p1a: Great Tusk
|
|-heal|p2a: Dondozo|88/100|[from] item: Leftovers
|upkeep
|turn|11
|
|t:|1779596963
|-end|p1a: Great Tusk|Protosynthesis|[silent]
|switch|p1a: Ogerpon|Ogerpon, F|100/100
|move|p2a: Dondozo|Body Press|p1a: Ogerpon
|-damage|p1a: Ogerpon|62/100
|
|-heal|p2a: Dondozo|94/100|[from] item: Leftovers
|upkeep
|turn|12
|
|t:|1779596967
|move|p1a: Ogerpon|Knock Off|p2a: Dondozo
|-damage|p2a: Dondozo|74/100
|-enditem|p2a: Dondozo|Leftovers|[from] move: Knock Off|[of] p1a: Ogerpon
|move|p2a: Dondozo|Body Press|p1a: Ogerpon
|-damage|p1a: Ogerpon|28/100
|
|upkeep
|turn|13
|
|t:|1779596991
|switch|p1a: Clefable|Clefable, F|100/100
|switch|p2a: Corviknight|Corviknight, F|44/100
|-damage|p2a: Corviknight|31/100|[from] Stealth Rock
|-ability|p2a: Corviknight|Pressure
|
|upkeep
|turn|14
|
|t:|1779596994
|move|p2a: Corviknight|Roost|p2a: Corviknight
|-heal|p2a: Corviknight|81/100
|-singleturn|p2a: Corviknight|move: Roost
|move|p1a: Clefable|Thunder Wave|p2a: Corviknight
|-status|p2a: Corviknight|par
|
|upkeep
|turn|15
|
|t:|1779597001
|switch|p1a: Corviknight|Corviknight, F|98/100
|-ability|p1a: Corviknight|Pressure
|move|p2a: Corviknight|Defog|p1a: Corviknight
|-unboost|p1a: Corviknight|evasion|1
|-sideend|p2: cuckalicious|Stealth Rock|[from] move: Defog|[of] p2a: Corviknight
|
|upkeep
|turn|16
|
|t:|1779597010
|move|p1a: Corviknight|U-turn|p2a: Corviknight
|-resisted|p2a: Corviknight
|-damage|p2a: Corviknight|79/100 par
|
|t:|1779597012
|switch|p1a: Great Tusk|Great Tusk|95/100|[from] U-turn
|move|p2a: Corviknight|U-turn|p1a: Great Tusk
|-resisted|p1a: Great Tusk
|-damage|p1a: Great Tusk|90/100
|
|t:|1779597025
|switch|p2a: Dondozo|Dondozo, F|74/100|[from] U-turn
|
|upkeep
|turn|17
|
|t:|1779597032
|-end|p1a: Great Tusk|Protosynthesis|[silent]
|switch|p1a: Clefable|Clefable, F|100/100
|switch|p2a: Heatran|Heatran, F|56/100
|
|-heal|p2a: Heatran|62/100|[from] item: Leftovers
|upkeep
|turn|18
|
|t:|1779597040
|move|p2a: Heatran|Magma Storm|p1a: Clefable
|-damage|p1a: Clefable|58/100
|-activate|p1a: Clefable|move: Magma Storm|[of] p2a: Heatran
|move|p1a: Clefable|Thunder Wave|p2a: Heatran
|-status|p2a: Heatran|par
|
|-heal|p2a: Heatran|68/100 par|[from] item: Leftovers
|-damage|p1a: Clefable|45/100|[from] move: Magma Storm|[partiallytrapped]
|upkeep
|turn|19
|
|t:|1779597046
|move|p1a: Clefable|Moonlight|p1a: Clefable
|-heal|p1a: Clefable|95/100
|move|p2a: Heatran|Magma Storm|p1a: Clefable|[miss]
|-miss|p2a: Heatran|p1a: Clefable
|
|-heal|p2a: Heatran|75/100 par|[from] item: Leftovers
|-damage|p1a: Clefable|83/100|[from] move: Magma Storm|[partiallytrapped]
|upkeep
|turn|20
|
|t:|1779597051
|move|p1a: Clefable|Calm Mind|p1a: Clefable
|-boost|p1a: Clefable|spa|1
|-boost|p1a: Clefable|spd|1
|cant|p2a: Heatran|par
|
|-heal|p2a: Heatran|81/100 par|[from] item: Leftovers
|-damage|p1a: Clefable|70/100|[from] move: Magma Storm|[partiallytrapped]
|upkeep
|turn|21
|
|t:|1779597058
|switch|p2a: Rillaboom|Rillaboom, M|100/100
|-fieldstart|move: Grassy Terrain|[from] ability: Grassy Surge|[of] p2a: Rillaboom
|move|p1a: Clefable|Calm Mind|p1a: Clefable
|-boost|p1a: Clefable|spa|1
|-boost|p1a: Clefable|spd|1
|
|-heal|p1a: Clefable|76/100|[from] Grassy Terrain
|-end|p1a: Clefable|Magma Storm|[partiallytrapped]|[silent]
|upkeep
|turn|22
|
|t:|1779597066
|move|p2a: Rillaboom|U-turn|p1a: Clefable
|-resisted|p1a: Clefable
|-damage|p1a: Clefable|61/100
|
|t:|1779597068
|switch|p2a: Heatran|Heatran, F|81/100 par|[from] U-turn
|move|p1a: Clefable|Moonblast|p2a: Heatran
|-resisted|p2a: Heatran
|-damage|p2a: Heatran|70/100 par
|-unboost|p2a: Heatran|spa|1
|
|-heal|p1a: Clefable|67/100|[from] Grassy Terrain
|-heal|p2a: Heatran|76/100 par|[from] Grassy Terrain
|-heal|p2a: Heatran|83/100 par|[from] item: Leftovers
|upkeep
|turn|23
|
|t:|1779597076
|move|p1a: Clefable|Moonlight|p1a: Clefable
|-heal|p1a: Clefable|100/100
|move|p2a: Heatran|Magma Storm|p1a: Clefable|[miss]
|-miss|p2a: Heatran|p1a: Clefable
|
|-heal|p2a: Heatran|89/100 par|[from] Grassy Terrain
|-heal|p2a: Heatran|95/100 par|[from] item: Leftovers
|upkeep
|turn|24
|
|t:|1779597082
|switch|p2a: Corviknight|Corviknight, F|79/100 par
|-ability|p2a: Corviknight|Pressure
|move|p1a: Clefable|Calm Mind|p1a: Clefable
|-boost|p1a: Clefable|spa|1
|-boost|p1a: Clefable|spd|1
|
|upkeep
|turn|25
|
|t:|1779597087
|move|p1a: Clefable|Calm Mind|p1a: Clefable
|-boost|p1a: Clefable|spa|1
|-boost|p1a: Clefable|spd|1
|move|p2a: Corviknight|Body Press|p1a: Clefable
|-resisted|p1a: Clefable
|-crit|p1a: Clefable
|-damage|p1a: Clefable|88/100
|
|-heal|p1a: Clefable|94/100|[from] Grassy Terrain
|-fieldend|move: Grassy Terrain
|upkeep
|turn|26
|
|t:|1779597095
|move|p1a: Clefable|Calm Mind|p1a: Clefable
|-boost|p1a: Clefable|spa|1
|-boost|p1a: Clefable|spd|1
|move|p2a: Corviknight|Body Press|p1a: Clefable
|-resisted|p1a: Clefable
|-damage|p1a: Clefable|87/100
|
|upkeep
|turn|27
|
|t:|1779597101
|move|p1a: Clefable|Calm Mind|p1a: Clefable
|-boost|p1a: Clefable|spa|1
|-boost|p1a: Clefable|spd|1
|move|p2a: Corviknight|Body Press|p1a: Clefable
|-resisted|p1a: Clefable
|-damage|p1a: Clefable|79/100
|
|upkeep
|turn|28
|
|t:|1779597106
|move|p1a: Clefable|Moonblast|p2a: Corviknight
|-resisted|p2a: Corviknight
|-damage|p2a: Corviknight|32/100 par
|move|p2a: Corviknight|Body Press|p1a: Clefable
|-resisted|p1a: Clefable
|-damage|p1a: Clefable|71/100
|
|upkeep
|turn|29
|
|t:|1779597111
|move|p1a: Clefable|Moonblast|p2a: Corviknight
|-resisted|p2a: Corviknight
|-damage|p2a: Corviknight|0 fnt
|faint|p2a: Corviknight
|
|upkeep
|
|t:|1779597122
|switch|p2a: Rillaboom|Rillaboom, M|100/100
|-fieldstart|move: Grassy Terrain|[from] ability: Grassy Surge|[of] p2a: Rillaboom
|turn|30
|
|t:|1779597126
|move|p2a: Rillaboom|Wood Hammer|p1a: Clefable
|-damage|p1a: Clefable|0 fnt
|faint|p1a: Clefable
|-damage|p2a: Rillaboom|74/100|[from] Recoil
|
|-heal|p2a: Rillaboom|80/100|[from] Grassy Terrain
|upkeep
|
|t:|1779597130
|switch|p1a: Walking Wake|Walking Wake|100/100
|turn|31
|
|t:|1779597141
|switch|p2a: Dondozo|Dondozo, F|74/100
|move|p1a: Walking Wake|Hydro Steam|p2a: Dondozo
|-resisted|p2a: Dondozo
|-crit|p2a: Dondozo
|-damage|p2a: Dondozo|22/100
|
|-heal|p2a: Dondozo|28/100|[from] Grassy Terrain
|upkeep
|turn|32
|
|t:|1779597159
|move|p1a: Walking Wake|Hydro Steam|p2a: Dondozo
|-resisted|p2a: Dondozo
|-damage|p2a: Dondozo|0 fnt
|faint|p2a: Dondozo
|
|upkeep
|
|t:|1779597163
|switch|p2a: Rillaboom|Rillaboom, M|80/100
|turn|33
|
|t:|1779597165
|-end|p1a: Walking Wake|Protosynthesis|[silent]
|switch|p1a: Corviknight|Corviknight, F|98/100
|-ability|p1a: Corviknight|Pressure
|move|p2a: Rillaboom|Knock Off|p1a: Corviknight
|-damage|p1a: Corviknight|65/100
|-damage|p2a: Rillaboom|63/100|[from] item: Rocky Helmet|[of] p1a: Corviknight
|-enditem|p1a: Corviknight|Rocky Helmet|[from] move: Knock Off|[of] p2a: Rillaboom
|
|-heal|p2a: Rillaboom|69/100|[from] Grassy Terrain
|upkeep
|turn|34
|
|t:|1779597172
|switch|p2a: Heatran|Heatran, F|95/100 par
|move|p1a: Corviknight|Brave Bird|p2a: Heatran
|-resisted|p2a: Heatran
|-damage|p2a: Heatran|80/100 par
|-damage|p1a: Corviknight|60/100|[from] Recoil
|
|-heal|p2a: Heatran|87/100 par|[from] Grassy Terrain
|-heal|p2a: Heatran|93/100 par|[from] item: Leftovers
|-fieldend|move: Grassy Terrain
|upkeep
|turn|35
|
|t:|1779597177
|switch|p1a: Walking Wake|Walking Wake|100/100
|move|p2a: Heatran|Magma Storm|p1a: Walking Wake|[miss]
|-miss|p2a: Heatran|p1a: Walking Wake
|
|-heal|p2a: Heatran|99/100 par|[from] item: Leftovers
|upkeep
|turn|36
|
|t:|1779597183
|move|p1a: Walking Wake|Hydro Steam|p2a: Heatran
|-supereffective|p2a: Heatran
|-damage|p2a: Heatran|9/100 par
|move|p2a: Heatran|Magma Storm|p1a: Walking Wake
|-resisted|p1a: Walking Wake
|-damage|p1a: Walking Wake|89/100
|-activate|p1a: Walking Wake|move: Magma Storm|[of] p2a: Heatran
|
|-heal|p2a: Heatran|15/100 par|[from] item: Leftovers
|-damage|p1a: Walking Wake|77/100|[from] move: Magma Storm|[partiallytrapped]
|upkeep
|turn|37
|
|t:|1779597190
|move|p2a: Heatran|Protect|p2a: Heatran
|-singleturn|p2a: Heatran|Protect
|move|p1a: Walking Wake|Hydro Steam|p2a: Heatran
|-activate|p2a: Heatran|move: Protect
|
|-heal|p2a: Heatran|21/100 par|[from] item: Leftovers
|-damage|p1a: Walking Wake|64/100|[from] move: Magma Storm|[partiallytrapped]
|upkeep
|turn|38
|
|t:|1779597193
|move|p1a: Walking Wake|Hydro Steam|p2a: Heatran
|-supereffective|p2a: Heatran
|-damage|p2a: Heatran|0 fnt
|faint|p2a: Heatran
|
|-end|p1a: Walking Wake|Magma Storm|[partiallytrapped]|[silent]
|upkeep
|
|t:|1779597198
|switch|p2a: Dragonite|Dragonite, M|100/100
|turn|39
|
|t:|1779597202
|-end|p1a: Walking Wake|Protosynthesis|[silent]
|switch|p1a: Corviknight|Corviknight, F|60/100
|-ability|p1a: Corviknight|Pressure
|move|p2a: Dragonite|Dragon Dance|p2a: Dragonite
|-boost|p2a: Dragonite|atk|1
|-boost|p2a: Dragonite|spe|1
|
|upkeep
|turn|40
|
|t:|1779597210
|move|p2a: Dragonite|Dragon Dance|p2a: Dragonite
|-boost|p2a: Dragonite|atk|1
|-boost|p2a: Dragonite|spe|1
|move|p1a: Corviknight|Roost|p1a: Corviknight
|-heal|p1a: Corviknight|100/100
|-singleturn|p1a: Corviknight|move: Roost
|
|upkeep
|turn|41
|
|t:|1779597215
|move|p2a: Dragonite|Dragon Dance|p2a: Dragonite
|-boost|p2a: Dragonite|atk|1
|-boost|p2a: Dragonite|spe|1
|move|p1a: Corviknight|U-turn|p2a: Dragonite
|-resisted|p2a: Dragonite
|-damage|p2a: Dragonite|97/100
|
|t:|1779597217
|switch|p1a: Great Tusk|Great Tusk|90/100|[from] U-turn
|
|upkeep
|turn|42
|
|t:|1779597227
|-terastallize|p1a: Great Tusk|Ice
|move|p2a: Dragonite|Ice Spinner|p1a: Great Tusk
|-resisted|p1a: Great Tusk
|-damage|p1a: Great Tusk|72/100
|move|p1a: Great Tusk|Ice Spinner|p2a: Dragonite
|-supereffective|p2a: Dragonite
|-damage|p2a: Dragonite|0 fnt
|faint|p2a: Dragonite
|
|upkeep
|
|t:|1779597234
|switch|p2a: Rillaboom|Rillaboom, M|69/100
|-fieldstart|move: Grassy Terrain|[from] ability: Grassy Surge|[of] p2a: Rillaboom
|turn|43
|
|t:|1779597241
|move|p1a: Great Tusk|Ice Spinner|p2a: Rillaboom
|-supereffective|p2a: Rillaboom
|-damage|p2a: Rillaboom|0 fnt
|-fieldend|move: Grassy Terrain
|faint|p2a: Rillaboom
|
|upkeep
|
|t:|1779597244
|switch|p2a: Ursaluna|Ursaluna, M|100/100
|turn|44
|
|t:|1779597251
|-terastallize|p2a: Ursaluna|Poison
|move|p1a: Great Tusk|Ice Spinner|p2a: Ursaluna
|-damage|p2a: Ursaluna|73/100
|move|p2a: Ursaluna|Fire Punch|p1a: Great Tusk
|-supereffective|p1a: Great Tusk
|-damage|p1a: Great Tusk|39/100
|
|-status|p2a: Ursaluna|brn|[from] item: Flame Orb
|upkeep
|turn|45
|
|t:|1779597259
|move|p1a: Great Tusk|Headlong Rush|p2a: Ursaluna
|-supereffective|p2a: Ursaluna
|-damage|p2a: Ursaluna|0 fnt
|-unboost|p1a: Great Tusk|def|1
|-unboost|p1a: Great Tusk|spd|1
|faint|p2a: Ursaluna
|
|win|AmeTheDame
|raw|AmeTheDame's rating: 1364 &rarr; <strong>1386</strong><br />(+22 for winning)
|raw|cuckalicious's rating: 1396 &rarr; <strong>1374</strong><br />(-22 for losing)
|l|☆cuckalicious
|player|p2|
|l|☆AmeTheDame
|player|p1|
