|j|☆BarqsGotBite
|j|☆BlaziKennedy
|t:|1779657524
|gametype|singles
|player|p1|BarqsGotBite|ethan|1130
|player|p2|BlaziKennedy|lucas|1079
|gen|9
|tier|[Gen 9] OU
|rated|
|rule|HP Percentage Mod: HP is shown in percentages
|rule|Endless Battle Clause: Forcing endless battles is banned
|rule|Species Clause: Limit one of each Pokémon
|rule|OHKO Clause: OHKO moves are banned
|rule|Evasion Items Clause: Evasion items are banned
|rule|Evasion Moves Clause: Evasion moves are banned
|rule|Evasion Abilities Clause: Evasion abilities are banned
|rule|Sleep Moves Clause: Sleep-inducing moves are banned
|clearpoke
|poke|p1|Ariados, F|
|poke|p1|Zapdos|
|poke|p1|Garganacl, F|
|poke|p1|Dragapult, M|
|poke|p1|Iron Moth|
|poke|p1|Iron Treads|
|poke|p2|Garchomp, M|
|poke|p2|Great Tusk|
|poke|p2|Darkrai|
|poke|p2|Moltres|
|poke|p2|Ogerpon-Wellspring, F|
|poke|p2|Pecharunt|
|teampreview
|
|t:|1779657549
|teamsize|p1|6
|teamsize|p2|6
|start
|switch|p1a: Ariados|Ariados, F|100/100
|switch|p2a: cool femboy|Garchomp, M|100/100
|turn|1
|inactive|Battle timer is ON: inactive players will automatically lose when time's up. (requested by BlaziKennedy)
|
|t:|1779657558
|move|p2a: cool femboy|Stealth Rock|p1a: Ariados
|-sidestart|p1: BarqsGotBite|move: Stealth Rock
|move|p1a: Ariados|Sticky Web|p2a: cool femboy
|-sidestart|p2: BlaziKennedy|move: Sticky Web
|
|upkeep
|turn|2
|
|t:|1779657564
|move|p2a: cool femboy|Spikes|p1a: Ariados
|-sidestart|p1: BarqsGotBite|Spikes
|move|p1a: Ariados|Toxic|p2a: cool femboy
|-status|p2a: cool femboy|tox
|
|-damage|p2a: cool femboy|94/100 tox|[from] psn
|upkeep
|turn|3
|
|t:|1779657573
|move|p2a: cool femboy|Spikes|p1a: Ariados
|-sidestart|p1: BarqsGotBite|Spikes
|move|p1a: Ariados|Knock Off|p2a: cool femboy
|-damage|p2a: cool femboy|80/100 tox
|-damage|p1a: Ariados|88/100|[from] ability: Rough Skin|[of] p2a: cool femboy
|-damage|p1a: Ariados|72/100|[from] item: Rocky Helmet|[of] p2a: cool femboy
|-enditem|p2a: cool femboy|Rocky Helmet|[from] move: Knock Off|[of] p1a: Ariados
|
|-damage|p2a: cool femboy|68/100 tox|[from] psn
|upkeep
|turn|4
|
|t:|1779657587
|move|p2a: cool femboy|Spikes|p1a: Ariados
|-sidestart|p1: BarqsGotBite|Spikes
|move|p1a: Ariados|Acid Spray|p2a: cool femboy
|-resisted|p2a: cool femboy
|-damage|p2a: cool femboy|64/100 tox
|-unboost|p2a: cool femboy|spd|2
|
|-damage|p2a: cool femboy|46/100 tox|[from] psn
|upkeep
|turn|5
|
|t:|1779657596
|move|p1a: Ariados|Acid Spray|p2a: cool femboy
|-resisted|p2a: cool femboy
|-damage|p2a: cool femboy|37/100 tox
|-unboost|p2a: cool femboy|spd|2
|move|p2a: cool femboy|Dragon Tail|p1a: Ariados
|-damage|p1a: Ariados|35/100
|drag|p1a: Iron Treads|Iron Treads, shiny|100/100
|
|-damage|p2a: cool femboy|13/100 tox|[from] psn
|upkeep
|turn|6
|
|t:|1779657607
|switch|p2a: peach femboy|Pecharunt|100/100
|move|p1a: Iron Treads|Rapid Spin|p2a: peach femboy
|-immune|p2a: peach femboy
|
|upkeep
|turn|7
|
|t:|1779657615
|move|p1a: Iron Treads|Knock Off|p2a: peach femboy
|-supereffective|p2a: peach femboy
|-damage|p2a: peach femboy|69/100
|-enditem|p2a: peach femboy|Heavy-Duty Boots|[from] move: Knock Off|[of] p1a: Iron Treads
|move|p2a: peach femboy|Parting Shot|p1a: Iron Treads
|-unboost|p1a: Iron Treads|atk|1
|-unboost|p1a: Iron Treads|spa|1
|
|t:|1779657627
|switch|p2a: cool femboy|Garchomp, M|13/100 tox|[from] Parting Shot
|-activate|p2a: cool femboy|move: Sticky Web
|-unboost|p2a: cool femboy|spe|1
|
|-damage|p2a: cool femboy|6/100 tox|[from] psn
|upkeep
|turn|8
|
|t:|1779657636
|-end|p1a: Iron Treads|Quark Drive|[silent]
|switch|p1a: Zapdos|Zapdos|100/100
|switch|p2a: peach femboy|Pecharunt|69/100
|-activate|p2a: peach femboy|move: Sticky Web
|-unboost|p2a: peach femboy|spe|1
|
|upkeep
|turn|9
|
|t:|1779657643
|move|p1a: Zapdos|Discharge|p2a: peach femboy
|-damage|p2a: peach femboy|30/100
|move|p2a: peach femboy|Malignant Chain|p1a: Zapdos
|-damage|p1a: Zapdos|73/100
|
|upkeep
|turn|10
|
|t:|1779657651
|switch|p2a: i tusk femboys|Great Tusk|100/100
|-activate|p2a: i tusk femboys|move: Sticky Web
|-unboost|p2a: i tusk femboys|spe|1
|move|p1a: Zapdos|Discharge|p2a: i tusk femboys
|-immune|p2a: i tusk femboys
|
|upkeep
|turn|11
|
|t:|1779657657
|move|p1a: Zapdos|Hurricane|p2a: i tusk femboys
|-supereffective|p2a: i tusk femboys
|-damage|p2a: i tusk femboys|0 fnt
|faint|p2a: i tusk femboys
|-end|p2a: i tusk femboys|Protosynthesis|[silent]
|
|upkeep
|-message|BlaziKennedy forfeited.
|
|win|BarqsGotBite
|raw|BarqsGotBite's rating: 1130 &rarr; <strong>1151</strong><br />(+21 for winning)
|raw|BlaziKennedy's rating: 1079 &rarr; <strong>1060</strong><br />(-19 for losing)
|l|☆BlaziKennedy
|player|p2|
|l|☆BarqsGotBite
|player|p1|
