|j|☆testskayo
|j|☆Skotus
|t:|1779697419
|gametype|singles
|player|p1|testskayo|101|1452
|player|p2|Skotus|palmer|1468
|gen|9
|tier|[Gen 9] OU
|rated|
|rule|HP Percentage Mod: HP is shown in percentages
|rule|Endless Battle Clause: Forcing endless battles is banned
|rule|Species Clause: Limit one of each Pokémon
|rule|OHKO Clause: OHKO moves are banned
|rule|Evasion Items Clause: Evasion items are banned
|rule|Evasion Moves Clause: Evasion moves are banned
|rule|Evasion Abilities Clause: Evasion abilities are banned
|rule|Sleep Moves Clause: Sleep-inducing moves are banned
|clearpoke
|poke|p1|Samurott-Hisui, M|
|poke|p1|Rillaboom, F|
|poke|p1|Garchomp, F|
|poke|p1|Gholdengo|
|poke|p1|Slowking-Galar, M|
|poke|p1|Cinderace, F|
|poke|p2|Great Tusk|
|poke|p2|Kyurem|
|poke|p2|Darkrai|
|poke|p2|Cloyster, M|
|poke|p2|Raging Bolt|
|poke|p2|Ninetales, M|
|teampreview
|inactive|Battle timer is ON: inactive players will automatically lose when time's up. (requested by testskayo)
|
|t:|1779697441
|teamsize|p1|6
|teamsize|p2|6
|start
|switch|p1a: Slowking|Slowking-Galar, M|100/100
|switch|p2a: Ninetales|Ninetales, M|100/100
|-weather|SunnyDay|[from] ability: Drought|[of] p2a: Ninetales
|turn|1
|
|t:|1779697447
|move|p2a: Ninetales|Overheat|p1a: Slowking
|-damage|p1a: Slowking|59/100
|-unboost|p2a: Ninetales|spa|2
|move|p1a: Slowking|Toxic Spikes|p2a: Ninetales
|-sidestart|p2: Skotus|move: Toxic Spikes
|
|-weather|SunnyDay|[upkeep]
|upkeep
|turn|2
|
|t:|1779697453
|move|p2a: Ninetales|Overheat|p1a: Slowking
|-damage|p1a: Slowking|38/100
|-unboost|p2a: Ninetales|spa|2
|-prepare|p1a: Slowking|Chilly Reception|[premajor]
|move|p1a: Slowking|Chilly Reception|p1a: Slowking
|-weather|Snowscape
|
|t:|1779697467
|switch|p1a: Gholdengo|Gholdengo|100/100|[from] Chilly Reception
|
|-weather|Snowscape|[upkeep]
|upkeep
|turn|3
|
|t:|1779697474
|move|p1a: Gholdengo|Shadow Ball|p2a: Ninetales
|-damage|p2a: Ninetales|49/100
|-unboost|p2a: Ninetales|spd|1
|move|p2a: Ninetales|Overheat|p1a: Gholdengo|[miss]
|-miss|p2a: Ninetales|p1a: Gholdengo
|
|-weather|Snowscape|[upkeep]
|upkeep
|turn|4
|
|t:|1779697481
|move|p1a: Gholdengo|Shadow Ball|p2a: Ninetales
|-damage|p2a: Ninetales|0 fnt
|faint|p2a: Ninetales
|
|-weather|Snowscape|[upkeep]
|upkeep
|
|t:|1779697486
|switch|p2a: Great Tusk|Great Tusk|100/100
|-status|p2a: Great Tusk|psn
|turn|5
|
|t:|1779697492
|move|p1a: Gholdengo|Shadow Ball|p2a: Great Tusk
|-damage|p2a: Great Tusk|43/100 psn
|move|p2a: Great Tusk|Headlong Rush|p1a: Gholdengo
|-supereffective|p1a: Gholdengo
|-damage|p1a: Gholdengo|0 fnt
|-unboost|p2a: Great Tusk|def|1
|-unboost|p2a: Great Tusk|spd|1
|faint|p1a: Gholdengo
|
|-weather|Snowscape|[upkeep]
|-damage|p2a: Great Tusk|30/100 psn|[from] psn
|upkeep
|
|t:|1779697496
|switch|p1a: Rillaboom|Rillaboom, F|100/100
|-fieldstart|move: Grassy Terrain|[from] ability: Grassy Surge|[of] p1a: Rillaboom
|turn|6
|
|t:|1779697498
|move|p1a: Rillaboom|Grassy Glide|p2a: Great Tusk
|-supereffective|p2a: Great Tusk
|-damage|p2a: Great Tusk|0 fnt
|faint|p2a: Great Tusk
|-end|p2a: Great Tusk|Protosynthesis|[silent]
|
|-weather|none
|upkeep
|
|t:|1779697502
|switch|p2a: Kyurem|Kyurem|100/100
|-status|p2a: Kyurem|psn
|-ability|p2a: Kyurem|Pressure
|turn|7
|
|t:|1779697510
|switch|p1a: Slowking|Slowking-Galar, M|71/100
|move|p2a: Kyurem|Icicle Spear|p1a: Slowking
|-damage|p1a: Slowking|57/100
|-damage|p1a: Slowking|43/100
|-damage|p1a: Slowking|30/100
|-damage|p1a: Slowking|16/100
|-damage|p1a: Slowking|3/100
|-hitcount|p1a: Slowking|5
|
|-heal|p1a: Slowking|9/100|[from] Grassy Terrain
|-damage|p2a: Kyurem|88/100 psn|[from] psn
|upkeep
|turn|8
|
|t:|1779697515
|move|p2a: Kyurem|Scale Shot|p1a: Slowking
|-damage|p1a: Slowking|0 fnt
|faint|p1a: Slowking
|-hitcount|p1: Slowking|1
|-unboost|p2a: Kyurem|def|1
|-boost|p2a: Kyurem|spe|1
|
|-heal|p2a: Kyurem|94/100 psn|[from] Grassy Terrain
|-damage|p2a: Kyurem|82/100 psn|[from] psn
|upkeep
|
|t:|1779697521
|switch|p1a: Samurott|Samurott-Hisui, M|100/100
|turn|9
|
|t:|1779697524
|move|p2a: Kyurem|Freeze-Dry|p1a: Samurott
|-supereffective|p1a: Samurott
|-damage|p1a: Samurott|21/100
|move|p1a: Samurott|Ceaseless Edge|p2a: Kyurem
|-damage|p2a: Kyurem|7/100 psn
|-sidestart|p2: Skotus|Spikes
|
|-heal|p2a: Kyurem|14/100 psn|[from] Grassy Terrain
|-heal|p1a: Samurott|27/100|[from] Grassy Terrain
|-heal|p1a: Samurott|33/100|[from] item: Leftovers
|-damage|p2a: Kyurem|1/100 psn|[from] psn
|upkeep
|turn|10
|
|t:|1779697532
|move|p1a: Samurott|Sucker Punch|p2a: Kyurem
|-damage|p2a: Kyurem|0 fnt
|faint|p2a: Kyurem
|
|-heal|p1a: Samurott|39/100|[from] Grassy Terrain
|-heal|p1a: Samurott|45/100|[from] item: Leftovers
|-fieldend|move: Grassy Terrain
|upkeep
|
|t:|1779697535
|switch|p2a: Darkrai|Darkrai|100/100
|-status|p2a: Darkrai|psn
|-damage|p2a: Darkrai|88/100 psn|[from] Spikes
|turn|11
|
|t:|1779697543
|move|p1a: Samurott|Sucker Punch|p2a: Darkrai
|-resisted|p2a: Darkrai
|-damage|p2a: Darkrai|66/100 psn
|move|p2a: Darkrai|Sludge Bomb|p1a: Samurott
|-damage|p1a: Samurott|0 fnt
|faint|p1a: Samurott
|
|-damage|p2a: Darkrai|54/100 psn|[from] psn
|upkeep
|
|t:|1779697549
|switch|p1a: Rillaboom|Rillaboom, F|100/100
|-fieldstart|move: Grassy Terrain|[from] ability: Grassy Surge|[of] p1a: Rillaboom
|turn|12
|
|t:|1779697551
|move|p1a: Rillaboom|Grassy Glide|p2a: Darkrai
|-crit|p2a: Darkrai
|-damage|p2a: Darkrai|0 fnt
|faint|p2a: Darkrai
|
|upkeep
|
|t:|1779697554
|switch|p2a: Raging Bolt|Raging Bolt|100/100
|-status|p2a: Raging Bolt|psn
|-damage|p2a: Raging Bolt|88/100 psn|[from] Spikes
|-enditem|p2a: Raging Bolt|Booster Energy
|-activate|p2a: Raging Bolt|ability: Protosynthesis|[fromitem]
|-start|p2a: Raging Bolt|protosynthesisspa
|turn|13
|
|t:|1779697560
|switch|p1a: Garchomp|Garchomp, F|100/100
|move|p2a: Raging Bolt|Draco Meteor|p1a: Garchomp
|-supereffective|p1a: Garchomp
|-damage|p1a: Garchomp|0 fnt
|-unboost|p2a: Raging Bolt|spa|2
|faint|p1a: Garchomp
|
|-heal|p2a: Raging Bolt|94/100 psn|[from] Grassy Terrain
|-damage|p2a: Raging Bolt|82/100 psn|[from] psn
|upkeep
|
|t:|1779697575
|switch|p1a: Rillaboom|Rillaboom, F|100/100
|turn|14
|
|t:|1779697579
|-terastallize|p1a: Rillaboom|Grass
|move|p1a: Rillaboom|Wood Hammer|p2a: Raging Bolt
|-resisted|p2a: Raging Bolt
|-crit|p2a: Raging Bolt
|-damage|p2a: Raging Bolt|0 fnt
|faint|p2a: Raging Bolt
|-end|p2a: Raging Bolt|Protosynthesis|[silent]
|-damage|p1a: Rillaboom|69/100|[from] Recoil
|
|-heal|p1a: Rillaboom|75/100|[from] Grassy Terrain
|upkeep
|
|t:|1779697583
|switch|p2a: Cloyster|Cloyster, M|100/100
|-status|p2a: Cloyster|psn
|-damage|p2a: Cloyster|88/100 psn|[from] Spikes
|turn|15
|
|t:|1779697595
|switch|p1a: Cinderace|Cinderace, F|100/100
|-terastallize|p2a: Cloyster|Ghost
|move|p2a: Cloyster|Shell Smash|p2a: Cloyster
|-unboost|p2a: Cloyster|def|1
|-unboost|p2a: Cloyster|spd|1
|-boost|p2a: Cloyster|atk|2
|-boost|p2a: Cloyster|spa|2
|-boost|p2a: Cloyster|spe|2
|
|-heal|p2a: Cloyster|94/100 psn|[from] Grassy Terrain
|-damage|p2a: Cloyster|82/100 psn|[from] psn
|upkeep
|turn|16
|
|t:|1779697599
|move|p1a: Cinderace|Sucker Punch|p2a: Cloyster
|-supereffective|p2a: Cloyster
|-damage|p2a: Cloyster|22/100 psn
|move|p2a: Cloyster|Rock Blast|p1a: Cinderace
|-supereffective|p1a: Cinderace
|-damage|p1a: Cinderace|58/100
|-supereffective|p1a: Cinderace
|-damage|p1a: Cinderace|11/100
|-supereffective|p1a: Cinderace
|-damage|p1a: Cinderace|0 fnt
|faint|p1a: Cinderace
|-hitcount|p1: Cinderace|3
|
|-heal|p2a: Cloyster|28/100 psn|[from] Grassy Terrain
|-damage|p2a: Cloyster|16/100 psn|[from] psn
|-fieldend|move: Grassy Terrain
|upkeep
|
|t:|1779697603
|switch|p1a: Rillaboom|Rillaboom, F, tera:Grass|75/100
|-fieldstart|move: Grassy Terrain|[from] ability: Grassy Surge|[of] p1a: Rillaboom
|turn|17
|
|t:|1779697606
|move|p2a: Cloyster|Ice Shard|p1a: Rillaboom
|-supereffective|p1a: Rillaboom
|-damage|p1a: Rillaboom|6/100
|move|p1a: Rillaboom|Grassy Glide|p2a: Cloyster
|-damage|p2a: Cloyster|0 fnt
|faint|p2a: Cloyster
|
|win|testskayo
|raw|testskayo's rating: 1452 &rarr; <strong>1473</strong><br />(+21 for winning)
|raw|Skotus's rating: 1468 &rarr; <strong>1447</strong><br />(-21 for losing)
|l|☆Skotus
|player|p2|
|l|☆testskayo
|player|p1|
