|j|☆BGUGE
|j|☆JangarRifin
|t:|1779698639
|gametype|singles
|player|p1|BGUGE|102|1411
|player|p2|JangarRifin|169|1430
|gen|9
|tier|[Gen 9] OU
|rated|
|rule|HP Percentage Mod: HP is shown in percentages
|rule|Endless Battle Clause: Forcing endless battles is banned
|rule|Species Clause: Limit one of each Pokémon
|rule|OHKO Clause: OHKO moves are banned
|rule|Evasion Items Clause: Evasion items are banned
|rule|Evasion Moves Clause: Evasion moves are banned
|rule|Evasion Abilities Clause: Evasion abilities are banned
|rule|Sleep Moves Clause: Sleep-inducing moves are banned
|clearpoke
|poke|p1|Iron Moth|
|poke|p1|Gliscor, F|
|poke|p1|Hatterene, F|
|poke|p1|Ogerpon-Wellspring, F|
|poke|p1|Raging Bolt|
|poke|p1|Zamazenta-*|
|poke|p2|Braviary-Hisui, M|
|poke|p2|Zamazenta-*|
|poke|p2|Raging Bolt|
|poke|p2|Hatterene, F|
|poke|p2|Gholdengo|
|poke|p2|Darkrai|
|teampreview
|inactive|Battle timer is ON: inactive players will automatically lose when time's up. (requested by JangarRifin)
|inactive|BGUGE has 120 seconds left.
|inactive|BGUGE has 90 seconds left.
|
|t:|1779698759
|teamsize|p1|6
|teamsize|p2|6
|start
|switch|p1a: Zamazenta|Zamazenta|100/100
|switch|p2a: Darkrai|Darkrai|100/100
|-ability|p1a: Zamazenta|Dauntless Shield|boost
|-boost|p1a: Zamazenta|def|1
|turn|1
|
|t:|1779698777
|switch|p2a: Hatterene|Hatterene, F|100/100
|move|p1a: Zamazenta|Close Combat|p2a: Hatterene
|-resisted|p2a: Hatterene
|-damage|p2a: Hatterene|90/100
|-unboost|p1a: Zamazenta|def|1
|-unboost|p1a: Zamazenta|spd|1
|
|-heal|p2a: Hatterene|96/100|[from] item: Leftovers
|upkeep
|turn|2
|
|t:|1779698798
|switch|p2a: Zamazenta|Zamazenta|100/100
|-ability|p2a: Zamazenta|Dauntless Shield|boost
|-boost|p2a: Zamazenta|def|1
|move|p1a: Zamazenta|Light Screen|p1a: Zamazenta
|-sidestart|p1: BGUGE|move: Light Screen
|
|upkeep
|turn|3
|
|t:|1779698822
|move|p1a: Zamazenta|Reflect|p1a: Zamazenta
|-sidestart|p1: BGUGE|Reflect
|move|p2a: Zamazenta|Reflect|p2a: Zamazenta
|-sidestart|p2: JangarRifin|Reflect
|
|upkeep
|turn|4
|
|t:|1779698837
|switch|p1a: Hatterene|Hatterene, F|100/100
|move|p2a: Zamazenta|Light Screen|p2a: Zamazenta
|-sidestart|p2: JangarRifin|move: Light Screen
|
|upkeep
|turn|5
|
|t:|1779698844
|switch|p2a: Xerxes|Braviary-Hisui, M, shiny|100/100
|move|p1a: Hatterene|Calm Mind|p1a: Hatterene
|-boost|p1a: Hatterene|spa|1
|-boost|p1a: Hatterene|spd|1
|
|upkeep
|turn|6
|
|t:|1779698860
|move|p2a: Xerxes|Calm Mind|p2a: Xerxes
|-boost|p2a: Xerxes|spa|1
|-boost|p2a: Xerxes|spd|1
|move|p1a: Hatterene|Stored Power|p2a: Xerxes
|-resisted|p2a: Xerxes
|-damage|p2a: Xerxes|93/100
|
|upkeep
|turn|7
|
|t:|1779698869
|move|p2a: Xerxes|Calm Mind|p2a: Xerxes
|-boost|p2a: Xerxes|spa|1
|-boost|p2a: Xerxes|spd|1
|move|p1a: Hatterene|Calm Mind|p1a: Hatterene
|-boost|p1a: Hatterene|spa|1
|-boost|p1a: Hatterene|spd|1
|
|upkeep
|turn|8
|
|t:|1779698876
|move|p2a: Xerxes|Calm Mind|p2a: Xerxes
|-boost|p2a: Xerxes|spa|1
|-boost|p2a: Xerxes|spd|1
|move|p1a: Hatterene|Draining Kiss|p2a: Xerxes
|-damage|p2a: Xerxes|83/100
|
|upkeep
|turn|9
|
|t:|1779698885
|move|p2a: Xerxes|Calm Mind|p2a: Xerxes
|-boost|p2a: Xerxes|spa|1
|-boost|p2a: Xerxes|spd|1
|move|p1a: Hatterene|Calm Mind|p1a: Hatterene
|-boost|p1a: Hatterene|spa|1
|-boost|p1a: Hatterene|spd|1
|
|-sideend|p1: BGUGE|move: Light Screen
|upkeep
|turn|10
|
|t:|1779698892
|move|p2a: Xerxes|Esper Wing|p1a: Hatterene
|-resisted|p1a: Hatterene
|-damage|p1a: Hatterene|63/100
|-boost|p2a: Xerxes|spe|1
|move|p1a: Hatterene|Calm Mind|p1a: Hatterene
|-boost|p1a: Hatterene|spa|1
|-boost|p1a: Hatterene|spd|1
|
|-heal|p1a: Hatterene|69/100|[from] item: Leftovers
|-sideend|p2: JangarRifin|Reflect
|-sideend|p1: BGUGE|Reflect
|upkeep
|turn|11
|
|t:|1779698902
|move|p2a: Xerxes|Esper Wing|p1a: Hatterene
|-resisted|p1a: Hatterene
|-damage|p1a: Hatterene|38/100
|-boost|p2a: Xerxes|spe|1
|move|p1a: Hatterene|Draining Kiss|p2a: Xerxes
|-damage|p2a: Xerxes|71/100
|-heal|p1a: Hatterene|50/100|[from] drain|[of] p2a: Xerxes
|
|-heal|p1a: Hatterene|56/100|[from] item: Leftovers
|-sideend|p2: JangarRifin|move: Light Screen
|upkeep
|turn|12
|
|t:|1779698916
|move|p2a: Xerxes|Calm Mind|p2a: Xerxes
|-boost|p2a: Xerxes|spa|1
|-boost|p2a: Xerxes|spd|1
|move|p1a: Hatterene|Stored Power|p2a: Xerxes
|-resisted|p2a: Xerxes
|-damage|p2a: Xerxes|35/100
|
|-heal|p1a: Hatterene|62/100|[from] item: Leftovers
|upkeep
|turn|13
|
|t:|1779698923
|move|p2a: Xerxes|Roost|p2a: Xerxes
|-heal|p2a: Xerxes|85/100
|-singleturn|p2a: Xerxes|move: Roost
|move|p1a: Hatterene|Stored Power|p2a: Xerxes
|-resisted|p2a: Xerxes
|-damage|p2a: Xerxes|45/100
|
|-heal|p1a: Hatterene|68/100|[from] item: Leftovers
|upkeep
|turn|14
|
|t:|1779698937
|move|p2a: Xerxes|Esper Wing|p1a: Hatterene
|-resisted|p1a: Hatterene
|-damage|p1a: Hatterene|32/100
|-boost|p2a: Xerxes|spe|1
|move|p1a: Hatterene|Calm Mind|p1a: Hatterene
|-boost|p1a: Hatterene|spa|1
|-boost|p1a: Hatterene|spd|1
|
|-heal|p1a: Hatterene|38/100|[from] item: Leftovers
|upkeep
|turn|15
|
|t:|1779698952
|move|p2a: Xerxes|Esper Wing|p1a: Hatterene
|-resisted|p1a: Hatterene
|-damage|p1a: Hatterene|10/100
|-boost|p2a: Xerxes|spe|1
|move|p1a: Hatterene|Stored Power|p2a: Xerxes
|-resisted|p2a: Xerxes
|-damage|p2a: Xerxes|0 fnt
|faint|p2a: Xerxes
|
|-heal|p1a: Hatterene|16/100|[from] item: Leftovers
|upkeep
|
|t:|1779698957
|switch|p2a: Darkrai|Darkrai|100/100
|turn|16
|inactive|BGUGE has 120 seconds left.
|inactive|JangarRifin has 120 seconds left.
|
|t:|1779699012
|-terastallize|p2a: Darkrai|Poison
|move|p2a: Darkrai|Sludge Bomb|p1a: Hatterene
|-supereffective|p1a: Hatterene
|-damage|p1a: Hatterene|0 fnt
|faint|p1a: Hatterene
|
|upkeep
|
|t:|1779699021
|switch|p1a: Zamazenta|Zamazenta|100/100
|turn|17
|
|t:|1779699027
|move|p1a: Zamazenta|Close Combat|p2a: Darkrai
|-resisted|p2a: Darkrai
|-damage|p2a: Darkrai|65/100
|-unboost|p1a: Zamazenta|def|1
|-unboost|p1a: Zamazenta|spd|1
|move|p2a: Darkrai|Sludge Bomb|p1a: Zamazenta
|-damage|p1a: Zamazenta|46/100
|
|-heal|p2a: Darkrai|71/100|[from] item: Leftovers
|upkeep
|turn|18
|
|t:|1779699037
|move|p1a: Zamazenta|Light Screen|p1a: Zamazenta
|-sidestart|p1: BGUGE|move: Light Screen
|move|p2a: Darkrai|Sludge Bomb|p1a: Zamazenta
|-damage|p1a: Zamazenta|15/100
|
|-heal|p2a: Darkrai|77/100|[from] item: Leftovers
|upkeep
|turn|19
|
|t:|1779699050
|move|p1a: Zamazenta|Light Screen||[still]
|-fail|p1a: Zamazenta
|move|p2a: Darkrai|Ice Beam|p1a: Zamazenta
|-damage|p1a: Zamazenta|0 fnt
|faint|p1a: Zamazenta
|
|-heal|p2a: Darkrai|83/100|[from] item: Leftovers
|upkeep
|
|t:|1779699060
|switch|p1a: Iron Moth|Iron Moth|100/100
|-enditem|p1a: Iron Moth|Booster Energy
|-activate|p1a: Iron Moth|ability: Quark Drive|[fromitem]
|-start|p1a: Iron Moth|quarkdrivespe
|turn|20
|inactive|BGUGE has 120 seconds left.
|
|t:|1779699082
|switch|p2a: Raging Bolt|Raging Bolt|100/100
|-enditem|p2a: Raging Bolt|Booster Energy
|-activate|p2a: Raging Bolt|ability: Protosynthesis|[fromitem]
|-start|p2a: Raging Bolt|protosynthesisspa
|move|p1a: Iron Moth|Fiery Dance|p2a: Raging Bolt
|-resisted|p2a: Raging Bolt
|-damage|p2a: Raging Bolt|80/100
|
|upkeep
|turn|21
|inactive|BGUGE has 120 seconds left.
|
|t:|1779699098
|move|p1a: Iron Moth|Sludge Wave|p2a: Raging Bolt
|-damage|p2a: Raging Bolt|31/100
|move|p2a: Raging Bolt|Calm Mind|p2a: Raging Bolt
|-boost|p2a: Raging Bolt|spa|1
|-boost|p2a: Raging Bolt|spd|1
|
|upkeep
|turn|22
|inactive|BGUGE has 120 seconds left.
|
|t:|1779699104
|move|p2a: Raging Bolt|Thunderclap|p1a: Iron Moth
|-damage|p1a: Iron Moth|64/100
|move|p1a: Iron Moth|Sludge Wave|p2a: Raging Bolt
|-damage|p2a: Raging Bolt|2/100
|
|upkeep
|turn|23
|
|t:|1779699112
|move|p1a: Iron Moth|Toxic Spikes|p2a: Raging Bolt
|-sidestart|p2: JangarRifin|move: Toxic Spikes
|move|p2a: Raging Bolt|Dragon Pulse|p1a: Iron Moth
|-damage|p1a: Iron Moth|18/100
|
|upkeep
|turn|24
|
|t:|1779699118
|move|p2a: Raging Bolt|Dragon Pulse|p1a: Iron Moth
|-damage|p1a: Iron Moth|0 fnt
|faint|p1a: Iron Moth
|-end|p1a: Iron Moth|Quark Drive|[silent]
|
|upkeep
|
|t:|1779699122
|switch|p1a: Ogerpon|Ogerpon-Wellspring, F|100/100
|turn|25
|
|t:|1779699128
|move|p1a: Ogerpon|Swords Dance|p1a: Ogerpon
|-boost|p1a: Ogerpon|atk|2
|move|p2a: Raging Bolt|Thunderbolt|p1a: Ogerpon
|-damage|p1a: Ogerpon|44/100
|
|-sideend|p1: BGUGE|move: Light Screen
|upkeep
|turn|26
|
|t:|1779699140
|move|p2a: Raging Bolt|Thunderclap|p1a: Ogerpon
|-damage|p1a: Ogerpon|0 fnt
|faint|p1a: Ogerpon
|
|upkeep
|
|t:|1779699144
|switch|p1a: Gliscor|Gliscor, F|100/100
|turn|27
|
|t:|1779699151
|move|p2a: Raging Bolt|Dragon Pulse|p1a: Gliscor
|-damage|p1a: Gliscor|0 fnt
|faint|p1a: Gliscor
|
|upkeep
|
|t:|1779699155
|switch|p1a: Raging Bolt|Raging Bolt|100/100
|-enditem|p1a: Raging Bolt|Booster Energy
|-activate|p1a: Raging Bolt|ability: Protosynthesis|[fromitem]
|-start|p1a: Raging Bolt|protosynthesisspa
|turn|28
|
|t:|1779699160
|move|p2a: Raging Bolt|Dragon Pulse|p1a: Raging Bolt
|-supereffective|p1a: Raging Bolt
|-damage|p1a: Raging Bolt|0 fnt
|faint|p1a: Raging Bolt
|-end|p1a: Raging Bolt|Protosynthesis|[silent]
|
|win|JangarRifin
|raw|BGUGE's rating: 1411 &rarr; <strong>1392</strong><br />(-19 for losing)
|raw|JangarRifin's rating: 1430 &rarr; <strong>1449</strong><br />(+19 for winning)
|l|☆BGUGE
|player|p1|
|l|☆JangarRifin
|player|p2|
