|j|☆mitul421
|j|☆Etjan22
|t:|1779685787
|gametype|singles
|player|p1|mitul421|red|1104
|player|p2|Etjan22|brock|1067
|gen|9
|tier|[Gen 9] OU
|rated|
|rule|HP Percentage Mod: HP is shown in percentages
|rule|Endless Battle Clause: Forcing endless battles is banned
|rule|Species Clause: Limit one of each Pokémon
|rule|OHKO Clause: OHKO moves are banned
|rule|Evasion Items Clause: Evasion items are banned
|rule|Evasion Moves Clause: Evasion moves are banned
|rule|Evasion Abilities Clause: Evasion abilities are banned
|rule|Sleep Moves Clause: Sleep-inducing moves are banned
|clearpoke
|poke|p1|Zangoose, M|
|poke|p1|Ceruledge, F|
|poke|p1|Blastoise, F|
|poke|p1|Clodsire, F|
|poke|p1|Raging Bolt|
|poke|p1|Garganacl, F|
|poke|p2|Tyranitar, M|
|poke|p2|Salamence, F|
|poke|p2|Quagsire, F|
|poke|p2|Gardevoir, M|
|poke|p2|Great Tusk|
|poke|p2|Zapdos|
|teampreview
|inactive|Battle timer is ON: inactive players will automatically lose when time's up. (requested by mitul421)
|
|t:|1779685800
|teamsize|p1|6
|teamsize|p2|6
|start
|switch|p1a: Clodsire|Clodsire, F|100/100
|switch|p2a: Tyranitar|Tyranitar, M|100/100
|-weather|Sandstorm|[from] ability: Sand Stream|[of] p2a: Tyranitar
|turn|1
|
|t:|1779685811
|move|p2a: Tyranitar|Stealth Rock|p1a: Clodsire
|-sidestart|p1: mitul421|move: Stealth Rock
|move|p1a: Clodsire|Toxic|p2a: Tyranitar
|-status|p2a: Tyranitar|tox
|
|-weather|Sandstorm|[upkeep]
|-damage|p2a: Tyranitar|94/100 tox|[from] psn
|upkeep
|turn|2
|
|t:|1779685820
|move|p2a: Tyranitar|Knock Off|p1a: Clodsire
|-damage|p1a: Clodsire|34/100
|-enditem|p1a: Clodsire|Leftovers|[from] move: Knock Off|[of] p2a: Tyranitar
|move|p1a: Clodsire|Spikes|p2a: Tyranitar
|-sidestart|p2: Etjan22|Spikes
|
|-weather|Sandstorm|[upkeep]
|-heal|p2a: Tyranitar|100/100 tox|[from] item: Leftovers
|-damage|p2a: Tyranitar|88/100 tox|[from] psn
|upkeep
|turn|3
|
|t:|1779685826
|move|p1a: Clodsire|Protect|p1a: Clodsire
|-singleturn|p1a: Clodsire|Protect
|move|p2a: Tyranitar|Earthquake|p1a: Clodsire
|-activate|p1a: Clodsire|move: Protect
|
|-weather|Sandstorm|[upkeep]
|-heal|p2a: Tyranitar|94/100 tox|[from] item: Leftovers
|-damage|p2a: Tyranitar|76/100 tox|[from] psn
|upkeep
|turn|4
|
|t:|1779685837
|move|p1a: Clodsire|Protect||[still]
|-fail|p1a: Clodsire
|move|p2a: Tyranitar|Earthquake|p1a: Clodsire
|-supereffective|p1a: Clodsire
|-damage|p1a: Clodsire|0 fnt
|faint|p1a: Clodsire
|
|-weather|Sandstorm|[upkeep]
|-heal|p2a: Tyranitar|82/100 tox|[from] item: Leftovers
|-damage|p2a: Tyranitar|57/100 tox|[from] psn
|upkeep
|
|t:|1779685849
|switch|p1a: Blastoise|Blastoise, F|100/100
|-damage|p1a: Blastoise|88/100|[from] Stealth Rock
|turn|5
|
|t:|1779685855
|switch|p2a: Zapdos|Zapdos|100/100
|move|p1a: Blastoise|Shell Smash|p1a: Blastoise
|-unboost|p1a: Blastoise|def|1
|-unboost|p1a: Blastoise|spd|1
|-boost|p1a: Blastoise|atk|2
|-boost|p1a: Blastoise|spa|2
|-boost|p1a: Blastoise|spe|2
|-enditem|p1a: Blastoise|White Herb
|-clearnegativeboost|p1a: Blastoise|[silent]
|
|-weather|none
|upkeep
|turn|6
|
|t:|1779685863
|move|p1a: Blastoise|Ice Beam|p2a: Zapdos
|-supereffective|p2a: Zapdos
|-damage|p2a: Zapdos|0 fnt
|faint|p2a: Zapdos
|
|upkeep
|
|t:|1779685867
|switch|p2a: Quagsire|Quagsire, F|100/100
|-damage|p2a: Quagsire|88/100|[from] Spikes
|turn|7
|
|t:|1779685871
|move|p1a: Blastoise|Rapid Spin|p2a: Quagsire
|-damage|p2a: Quagsire|79/100
|-boost|p1a: Blastoise|spe|1
|-damage|p1a: Blastoise|72/100|[from] item: Rocky Helmet|[of] p2a: Quagsire
|-sideend|p1: mitul421|Stealth Rock|[from] move: Rapid Spin|[of] p1a: Blastoise
|move|p2a: Quagsire|Toxic|p1a: Blastoise
|-status|p1a: Blastoise|tox
|
|-damage|p1a: Blastoise|66/100 tox|[from] psn
|upkeep
|turn|8
|
|t:|1779685878
|move|p1a: Blastoise|Surf|p2a: Quagsire
|-damage|p2a: Quagsire|47/100
|move|p2a: Quagsire|Recover|p2a: Quagsire
|-heal|p2a: Quagsire|97/100
|
|-damage|p1a: Blastoise|54/100 tox|[from] psn
|upkeep
|turn|9
|
|t:|1779685900
|move|p1a: Blastoise|Surf|p2a: Quagsire
|-damage|p2a: Quagsire|64/100
|move|p2a: Quagsire|Earthquake|p1a: Blastoise
|-damage|p1a: Blastoise|21/100 tox
|
|-damage|p1a: Blastoise|3/100 tox|[from] psn
|upkeep
|turn|10
|
|t:|1779685906
|move|p1a: Blastoise|Surf|p2a: Quagsire
|-damage|p2a: Quagsire|10/100
|move|p2a: Quagsire|Recover|p2a: Quagsire
|-heal|p2a: Quagsire|60/100
|
|-damage|p1a: Blastoise|0 fnt|[from] psn
|faint|p1a: Blastoise
|upkeep
|
|t:|1779685923
|switch|p1a: Zangoose|Zangoose, M|100/100
|turn|11
|
|t:|1779685932
|move|p1a: Zangoose|Swords Dance|p1a: Zangoose
|-boost|p1a: Zangoose|atk|2
|move|p2a: Quagsire|Recover|p2a: Quagsire
|-heal|p2a: Quagsire|100/100
|
|-status|p1a: Zangoose|tox|[from] item: Toxic Orb
|upkeep
|turn|12
|
|t:|1779685949
|move|p1a: Zangoose|Swords Dance|p1a: Zangoose
|-boost|p1a: Zangoose|atk|2
|move|p2a: Quagsire|Hydro Pump|p1a: Zangoose
|-damage|p1a: Zangoose|53/100 tox
|
|-damage|p1a: Zangoose|48/100 tox|[from] psn
|upkeep
|turn|13
|
|t:|1779685956
|move|p1a: Zangoose|Facade|p2a: Quagsire
|-damage|p2a: Quagsire|7/100
|-damage|p1a: Zangoose|31/100 tox|[from] item: Rocky Helmet|[of] p2a: Quagsire
|move|p2a: Quagsire|Recover|p2a: Quagsire
|-heal|p2a: Quagsire|57/100
|
|-damage|p1a: Zangoose|19/100 tox|[from] psn
|upkeep
|turn|14
|
|t:|1779685965
|move|p1a: Zangoose|Facade|p2a: Quagsire
|-damage|p2a: Quagsire|0 fnt
|-damage|p1a: Zangoose|3/100 tox|[from] item: Rocky Helmet|[of] p2a: Quagsire
|faint|p2a: Quagsire
|
|-damage|p1a: Zangoose|0 fnt|[from] psn
|faint|p1a: Zangoose
|upkeep
|
|t:|1779685977
|switch|p1a: Garganacl|Garganacl, F|100/100
|switch|p2a: Tyranitar|Tyranitar, M|57/100 tox
|-damage|p2a: Tyranitar|45/100 tox|[from] Spikes
|-weather|Sandstorm|[from] ability: Sand Stream|[of] p2a: Tyranitar
|turn|15
|
|t:|1779685990
|move|p2a: Tyranitar|Stealth Rock|p1a: Garganacl
|-sidestart|p1: mitul421|move: Stealth Rock
|move|p1a: Garganacl|Salt Cure|p2a: Tyranitar
|-damage|p2a: Tyranitar|33/100 tox
|-start|p2a: Tyranitar|Salt Cure
|
|-weather|Sandstorm|[upkeep]
|-heal|p2a: Tyranitar|39/100 tox|[from] item: Leftovers
|-damage|p2a: Tyranitar|33/100 tox|[from] psn
|-damage|p2a: Tyranitar|20/100 tox|[from] Salt Cure
|upkeep
|turn|16
|inactive|mitul421 has 120 seconds left.
|inactive|mitul421 has 90 seconds left.
|inactive|mitul421 has 60 seconds left.
|
|t:|1779686087
|move|p2a: Tyranitar|Knock Off|p1a: Garganacl
|-damage|p1a: Garganacl|73/100
|-enditem|p1a: Garganacl|Leftovers|[from] move: Knock Off|[of] p2a: Tyranitar
|move|p1a: Garganacl|Stealth Rock|p2a: Tyranitar
|-sidestart|p2: Etjan22|move: Stealth Rock
|
|-weather|Sandstorm|[upkeep]
|-heal|p2a: Tyranitar|26/100 tox|[from] item: Leftovers
|-damage|p2a: Tyranitar|14/100 tox|[from] psn
|-damage|p2a: Tyranitar|2/100 tox|[from] Salt Cure
|upkeep
|turn|17
|
|t:|1779686093
|move|p2a: Tyranitar|Earthquake|p1a: Garganacl
|-supereffective|p1a: Garganacl
|-damage|p1a: Garganacl|30/100
|move|p1a: Garganacl|Curse|p1a: Garganacl
|-unboost|p1a: Garganacl|spe|1
|-boost|p1a: Garganacl|atk|1
|-boost|p1a: Garganacl|def|1
|
|-weather|Sandstorm|[upkeep]
|-heal|p2a: Tyranitar|8/100 tox|[from] item: Leftovers
|-damage|p2a: Tyranitar|0 fnt|[from] psn
|faint|p2a: Tyranitar
|upkeep
|
|t:|1779686110
|switch|p2a: Salamence|Salamence, F|100/100
|-damage|p2a: Salamence|76/100|[from] Stealth Rock
|-ability|p2a: Salamence|Intimidate|boost
|-unboost|p1a: Garganacl|atk|1
|turn|18
|
|t:|1779686121
|move|p2a: Salamence|Hydro Pump|p1a: Garganacl
|-supereffective|p1a: Garganacl
|-damage|p1a: Garganacl|0 fnt
|faint|p1a: Garganacl
|-damage|p2a: Salamence|66/100|[from] item: Life Orb
|
|-weather|Sandstorm|[upkeep]
|-damage|p2a: Salamence|60/100|[from] Sandstorm
|upkeep
|inactive|mitul421 has 60 seconds left.
|
|t:|1779686137
|switch|p1a: Raging Bolt|Raging Bolt|100/100
|-damage|p1a: Raging Bolt|88/100|[from] Stealth Rock
|turn|19
|
|t:|1779686145
|-terastallize|p2a: Salamence|Poison
|move|p2a: Salamence|Draco Meteor|p1a: Raging Bolt
|-supereffective|p1a: Raging Bolt
|-damage|p1a: Raging Bolt|0 fnt
|-unboost|p2a: Salamence|spa|2
|faint|p1a: Raging Bolt
|-end|p1a: Raging Bolt|Protosynthesis|[silent]
|-damage|p2a: Salamence|50/100|[from] item: Life Orb
|
|-weather|none
|upkeep
|
|t:|1779686150
|switch|p1a: Ceruledge|Ceruledge, F, shiny|100/100
|-damage|p1a: Ceruledge|76/100|[from] Stealth Rock
|turn|20
|
|t:|1779686160
|move|p2a: Salamence|Hydro Pump|p1a: Ceruledge|[miss]
|-miss|p2a: Salamence|p1a: Ceruledge
|move|p1a: Ceruledge|Bitter Blade|p2a: Salamence
|-damage|p2a: Salamence|0 fnt
|-heal|p1a: Ceruledge|100/100|[from] drain|[of] p2a: Salamence
|faint|p2a: Salamence
|
|upkeep
|
|t:|1779686166
|switch|p2a: Great Tusk|Great Tusk|100/100
|-damage|p2a: Great Tusk|88/100|[from] Spikes
|-damage|p2a: Great Tusk|85/100|[from] Stealth Rock
|-enditem|p2a: Great Tusk|Booster Energy
|-activate|p2a: Great Tusk|ability: Protosynthesis|[fromitem]
|-start|p2a: Great Tusk|protosynthesisatk
|turn|21
|
|t:|1779686174
|move|p1a: Ceruledge|Bulk Up|p1a: Ceruledge
|-boost|p1a: Ceruledge|atk|1
|-boost|p1a: Ceruledge|def|1
|move|p2a: Great Tusk|Earthquake|p1a: Ceruledge
|-supereffective|p1a: Ceruledge
|-damage|p1a: Ceruledge|0 fnt
|faint|p1a: Ceruledge
|
|win|Etjan22
|raw|mitul421's rating: 1104 &rarr; <strong>1076</strong><br />(-28 for losing)
|raw|Etjan22's rating: 1067 &rarr; <strong>1100</strong><br />(+33 for winning)
|l|☆mitul421
|player|p1|
|l|☆Etjan22
|player|p2|
