|j|☆esta man oe
|j|☆DropAFreezeDry
|t:|1779669475
|gametype|singles
|player|p1|esta man oe|preschooler|1413
|player|p2|DropAFreezeDry|candice|1488
|gen|9
|tier|[Gen 9] OU
|rated|
|rule|HP Percentage Mod: HP is shown in percentages
|rule|Endless Battle Clause: Forcing endless battles is banned
|rule|Species Clause: Limit one of each Pokémon
|rule|OHKO Clause: OHKO moves are banned
|rule|Evasion Items Clause: Evasion items are banned
|rule|Evasion Moves Clause: Evasion moves are banned
|rule|Evasion Abilities Clause: Evasion abilities are banned
|rule|Sleep Moves Clause: Sleep-inducing moves are banned
|clearpoke
|poke|p1|Torkoal, M|
|poke|p1|Pelipper, M|
|poke|p1|Walking Wake|
|poke|p1|Hatterene, F|
|poke|p1|Raging Bolt|
|poke|p1|Alomomola, F|
|poke|p2|Glaceon, F|
|poke|p2|Ninetales-Alola, F|
|poke|p2|Basculegion-F, F|
|poke|p2|Ogerpon-Wellspring, F|
|poke|p2|Iron Treads|
|poke|p2|Weavile, F|
|teampreview
|inactive|Battle timer is ON: inactive players will automatically lose when time's up. (requested by DropAFreezeDry)
|inactive|esta man oe also wants the timer to be on.
|
|t:|1779669482
|teamsize|p1|6
|teamsize|p2|6
|start
|switch|p1a: Torkoal|Torkoal, M|100/100
|switch|p2a: Basculegion|Basculegion-F, F|100/100
|-weather|SunnyDay|[from] ability: Drought|[of] p1a: Torkoal
|turn|1
|
|t:|1779669492
|move|p2a: Basculegion|Shadow Ball|p1a: Torkoal
|-damage|p1a: Torkoal|37/100
|move|p1a: Torkoal|Lava Plume|p2a: Basculegion
|-resisted|p2a: Basculegion
|-damage|p2a: Basculegion|80/100
|
|-weather|SunnyDay|[upkeep]
|upkeep
|turn|2
|
|t:|1779669496
|switch|p1a: Hatterene|Hatterene, F, shiny|100/100
|move|p2a: Basculegion|Shadow Ball|p1a: Hatterene
|-supereffective|p1a: Hatterene
|-crit|p1a: Hatterene
|-damage|p1a: Hatterene|0 fnt
|faint|p1a: Hatterene
|
|-weather|SunnyDay|[upkeep]
|upkeep
|
|t:|1779669502
|switch|p1a: Walking Wake|Walking Wake|100/100
|-activate|p1a: Walking Wake|ability: Protosynthesis
|-start|p1a: Walking Wake|protosynthesisspa
|turn|3
|
|t:|1779669508
|switch|p2a: Ninetales|Ninetales-Alola, F|100/100
|-weather|Snowscape|[from] ability: Snow Warning|[of] p2a: Ninetales
|-end|p1a: Walking Wake|Protosynthesis
|move|p1a: Walking Wake|Hydro Steam|p2a: Ninetales
|-damage|p2a: Ninetales|22/100
|
|-weather|Snowscape|[upkeep]
|upkeep
|turn|4
|
|t:|1779669511
|-end|p1a: Walking Wake|Protosynthesis|[silent]
|switch|p1a: Torkoal|Torkoal, M|37/100
|-weather|SunnyDay|[from] ability: Drought|[of] p1a: Torkoal
|move|p2a: Ninetales|Aurora Veil||[still]
|-fail|p2a: Ninetales
|
|-weather|SunnyDay|[upkeep]
|upkeep
|turn|5
|
|t:|1779669516
|switch|p2a: Basculegion|Basculegion-F, F|80/100
|move|p1a: Torkoal|Will-O-Wisp|p2a: Basculegion
|-status|p2a: Basculegion|brn
|
|-weather|SunnyDay|[upkeep]
|-damage|p2a: Basculegion|74/100 brn|[from] brn
|upkeep
|turn|6
|
|t:|1779669519
|switch|p1a: Alomomola|Alomomola, F|100/100
|move|p2a: Basculegion|Shadow Ball|p1a: Alomomola
|-damage|p1a: Alomomola|63/100
|
|-weather|SunnyDay|[upkeep]
|-damage|p2a: Basculegion|68/100 brn|[from] brn
|upkeep
|turn|7
|
|t:|1779669521
|switch|p2a: Ogerpon|Ogerpon-Wellspring, F|100/100
|move|p1a: Alomomola|Wish|p1a: Alomomola
|
|-weather|SunnyDay|[upkeep]
|upkeep
|turn|8
|
|t:|1779669539
|switch|p1a: Raging Bolt|Raging Bolt|100/100
|-activate|p1a: Raging Bolt|ability: Protosynthesis
|-start|p1a: Raging Bolt|protosynthesisspa
|move|p2a: Ogerpon|Horn Leech|p1a: Raging Bolt
|-resisted|p1a: Raging Bolt
|-damage|p1a: Raging Bolt|82/100
|
|-weather|SunnyDay|[upkeep]
|-heal|p1a: Raging Bolt|100/100|[from] move: Wish|[wisher] Alomomola
|upkeep
|turn|9
|
|t:|1779669547
|switch|p2a: Iron Treads|Iron Treads|100/100
|-enditem|p2a: Iron Treads|Booster Energy
|-activate|p2a: Iron Treads|ability: Quark Drive|[fromitem]
|-start|p2a: Iron Treads|quarkdriveatk
|move|p1a: Raging Bolt|Weather Ball|p2a: Iron Treads
|-supereffective|p2a: Iron Treads
|-damage|p2a: Iron Treads|0 fnt
|faint|p2a: Iron Treads
|-end|p2a: Iron Treads|Quark Drive|[silent]
|
|-weather|SunnyDay|[upkeep]
|upkeep
|
|t:|1779669553
|switch|p2a: Weavile|Weavile, F|100/100
|-ability|p2a: Weavile|Pressure
|turn|10
|
|t:|1779669556
|move|p1a: Raging Bolt|Weather Ball|p2a: Weavile
|-supereffective|p2a: Weavile
|-damage|p2a: Weavile|0 fnt
|faint|p2a: Weavile
|
|-weather|SunnyDay|[upkeep]
|upkeep
|
|t:|1779669560
|switch|p2a: Basculegion|Basculegion-F, F|68/100 brn
|turn|11
|
|t:|1779669564
|-end|p1a: Raging Bolt|Protosynthesis|[silent]
|switch|p1a: Alomomola|Alomomola, F|97/100
|move|p2a: Basculegion|Shadow Ball|p1a: Alomomola
|-damage|p1a: Alomomola|65/100
|-unboost|p1a: Alomomola|spd|1
|
|-weather|none
|-damage|p2a: Basculegion|62/100 brn|[from] brn
|upkeep
|turn|12
|
|t:|1779669568
|move|p2a: Basculegion|Shadow Ball|p1a: Alomomola
|-damage|p1a: Alomomola|17/100
|move|p1a: Alomomola|Wish|p1a: Alomomola
|
|-damage|p2a: Basculegion|56/100 brn|[from] brn
|upkeep
|turn|13
|
|t:|1779669570
|switch|p1a: Raging Bolt|Raging Bolt|100/100
|move|p2a: Basculegion|Shadow Ball|p1a: Raging Bolt
|-damage|p1a: Raging Bolt|56/100
|
|-heal|p1a: Raging Bolt|100/100|[from] move: Wish|[wisher] Alomomola
|-damage|p2a: Basculegion|50/100 brn|[from] brn
|upkeep
|turn|14
|
|t:|1779669572
|move|p2a: Basculegion|Shadow Ball|p1a: Raging Bolt
|-damage|p1a: Raging Bolt|58/100
|move|p1a: Raging Bolt|Volt Switch|p2a: Basculegion
|-supereffective|p2a: Basculegion
|-damage|p2a: Basculegion|0 fnt
|faint|p2a: Basculegion
|
|t:|1779669577
|-end|p1a: Raging Bolt|Protosynthesis|[silent]
|switch|p1a: Pelipper|Pelipper, M|100/100|[from] Volt Switch
|-weather|RainDance|[from] ability: Drizzle|[of] p1a: Pelipper
|
|-weather|RainDance|[upkeep]
|upkeep
|
|t:|1779669579
|switch|p2a: Glaceon|Glaceon, F|100/100
|turn|15
|
|t:|1779669584
|switch|p1a: Torkoal|Torkoal, M|37/100
|-weather|SunnyDay|[from] ability: Drought|[of] p1a: Torkoal
|move|p2a: Glaceon|Freeze-Dry|p1a: Torkoal
|-resisted|p1a: Torkoal
|-damage|p1a: Torkoal|0 fnt
|faint|p1a: Torkoal
|
|-weather|SunnyDay|[upkeep]
|upkeep
|
|t:|1779669593
|switch|p1a: Raging Bolt|Raging Bolt|58/100
|-activate|p1a: Raging Bolt|ability: Protosynthesis
|-start|p1a: Raging Bolt|protosynthesisspa
|turn|16
|
|t:|1779669596
|switch|p2a: Ninetales|Ninetales-Alola, F|22/100
|-weather|Snowscape|[from] ability: Snow Warning|[of] p2a: Ninetales
|-end|p1a: Raging Bolt|Protosynthesis
|move|p1a: Raging Bolt|Weather Ball|p2a: Ninetales
|-resisted|p2a: Ninetales
|-damage|p2a: Ninetales|1/100
|
|-weather|Snowscape|[upkeep]
|upkeep
|turn|17
|
|t:|1779669599
|move|p1a: Raging Bolt|Weather Ball|p2a: Ninetales
|-resisted|p2a: Ninetales
|-damage|p2a: Ninetales|0 fnt
|faint|p2a: Ninetales
|
|-weather|Snowscape|[upkeep]
|upkeep
|
|t:|1779669603
|switch|p2a: Glaceon|Glaceon, F|100/100
|turn|18
|
|t:|1779669606
|-end|p1a: Raging Bolt|Protosynthesis|[silent]
|switch|p1a: Pelipper|Pelipper, M|100/100
|-weather|RainDance|[from] ability: Drizzle|[of] p1a: Pelipper
|move|p2a: Glaceon|Freeze-Dry|p1a: Pelipper
|-supereffective|p1a: Pelipper
|-damage|p1a: Pelipper|0 fnt
|faint|p1a: Pelipper
|
|-weather|RainDance|[upkeep]
|upkeep
|
|t:|1779669610
|switch|p1a: Walking Wake|Walking Wake|100/100
|turn|19
|
|t:|1779669612
|move|p1a: Walking Wake|Draco Meteor|p2a: Glaceon
|-damage|p2a: Glaceon|0 fnt
|-unboost|p1a: Walking Wake|spa|2
|faint|p2a: Glaceon
|
|-weather|RainDance|[upkeep]
|upkeep
|
|t:|1779669615
|switch|p2a: Ogerpon|Ogerpon-Wellspring, F|100/100
|turn|20
|
|t:|1779669626
|-end|p1a: Walking Wake|Protosynthesis|[silent]
|switch|p1a: Raging Bolt|Raging Bolt|58/100
|-terastallize|p2a: Ogerpon|Water
|detailschange|p2a: Ogerpon|Ogerpon-Wellspring-Tera, F, tera:Water
|-ability|p2a: Ogerpon|Embody Aspect (Wellspring)|boost
|-boost|p2a: Ogerpon|spd|1
|move|p2a: Ogerpon|Horn Leech|p1a: Raging Bolt
|-resisted|p1a: Raging Bolt
|-damage|p1a: Raging Bolt|37/100
|
|-weather|RainDance|[upkeep]
|upkeep
|turn|21
|
|t:|1779669632
|move|p1a: Raging Bolt|Volt Switch|p2a: Ogerpon
|-supereffective|p2a: Ogerpon
|-damage|p2a: Ogerpon|41/100
|
|t:|1779669635
|-end|p1a: Raging Bolt|Protosynthesis|[silent]
|switch|p1a: Alomomola|Alomomola, F|51/100|[from] Volt Switch
|move|p2a: Ogerpon|Ivy Cudgel|p1a: Alomomola|[anim] Ivy Cudgel Water
|-resisted|p1a: Alomomola
|-crit|p1a: Alomomola
|-damage|p1a: Alomomola|0 fnt
|faint|p1a: Alomomola
|
|-weather|RainDance|[upkeep]
|upkeep
|
|t:|1779669636
|switch|p1a: Raging Bolt|Raging Bolt|37/100
|turn|22
|
|t:|1779669639
|move|p1a: Raging Bolt|Volt Switch|p2a: Ogerpon
|-supereffective|p2a: Ogerpon
|-damage|p2a: Ogerpon|0 fnt
|faint|p2a: Ogerpon
|detailschange|p2: Ogerpon|Ogerpon-Wellspring, F|[silent]
|
|win|esta man oe
|raw|esta man oe's rating: 1413 &rarr; <strong>1437</strong><br />(+24 for winning)
|raw|DropAFreezeDry's rating: 1488 &rarr; <strong>1464</strong><br />(-24 for losing)
|l|☆DropAFreezeDry
|player|p2|
