|badge|p2|bronze|gen9randombattle|100-9
|uhtml|medal-msg|<div class="broadcast-blue">Curious what those medals under the avatar are? PS now has Ladder Seasons! For more information, check out the <a href="https://www.smogon.com/forums/threads/3740067/">thread on Smogon.</a></div>
|j|☆75 raw men
|j|☆Gloriousplays
|t:|1779643309
|gametype|singles
|player|p1|75 raw men|2|1654
|player|p2|Gloriousplays|ash|1627
|gen|9
|tier|[Gen 9] OU
|rated|
|rule|HP Percentage Mod: HP is shown in percentages
|rule|Endless Battle Clause: Forcing endless battles is banned
|rule|Species Clause: Limit one of each Pokémon
|rule|OHKO Clause: OHKO moves are banned
|rule|Evasion Items Clause: Evasion items are banned
|rule|Evasion Moves Clause: Evasion moves are banned
|rule|Evasion Abilities Clause: Evasion abilities are banned
|rule|Sleep Moves Clause: Sleep-inducing moves are banned
|clearpoke
|poke|p1|Ogerpon, F|
|poke|p1|Samurott-Hisui, F|
|poke|p1|Blissey, F|
|poke|p1|Gliscor, F|
|poke|p1|Skarmory, F|
|poke|p1|Pecharunt|
|poke|p2|Umbreon, M|
|poke|p2|Gholdengo|
|poke|p2|Garchomp, F|
|poke|p2|Iron Treads|
|poke|p2|Dragonite, F|
|poke|p2|Iron Valiant|
|teampreview
|inactive|Battle timer is ON: inactive players will automatically lose when time's up. (requested by 75 raw men)
|inactive|Gloriousplays has 120 seconds left.
|
|t:|1779643348
|teamsize|p1|6
|teamsize|p2|6
|start
|switch|p1a: Gliscor|Gliscor, F|100/100
|switch|p2a: Iron Valiant|Iron Valiant|100/100
|turn|1
|
|t:|1779643354
|move|p1a: Gliscor|Protect|p1a: Gliscor
|-singleturn|p1a: Gliscor|Protect
|move|p2a: Iron Valiant|Knock Off|p1a: Gliscor
|-activate|p1a: Gliscor|move: Protect
|
|-status|p1a: Gliscor|tox|[from] item: Toxic Orb
|upkeep
|turn|2
|
|t:|1779643358
|-end|p2a: Iron Valiant|Quark Drive|[silent]
|switch|p2a: Iron Treads|Iron Treads|100/100
|-item|p2a: Iron Treads|Air Balloon
|move|p1a: Gliscor|Facade|p2a: Iron Treads
|-resisted|p2a: Iron Treads
|-damage|p2a: Iron Treads|89/100
|-enditem|p2a: Iron Treads|Air Balloon
|
|upkeep
|turn|3
|
|t:|1779643362
|move|p2a: Iron Treads|Knock Off|p1a: Gliscor
|-damage|p1a: Gliscor|82/100 tox
|-enditem|p1a: Gliscor|Toxic Orb|[from] move: Knock Off|[of] p2a: Iron Treads
|move|p1a: Gliscor|Earthquake|p2a: Iron Treads
|-supereffective|p2a: Iron Treads
|-damage|p2a: Iron Treads|42/100
|
|-heal|p1a: Gliscor|95/100 tox|[from] ability: Poison Heal
|upkeep
|turn|4
|
|t:|1779643365
|move|p2a: Iron Treads|Ice Spinner|p1a: Gliscor
|-supereffective|p1a: Gliscor
|-damage|p1a: Gliscor|33/100 tox
|move|p1a: Gliscor|Earthquake|p2a: Iron Treads
|-supereffective|p2a: Iron Treads
|-damage|p2a: Iron Treads|0 fnt
|faint|p2a: Iron Treads
|-end|p2a: Iron Treads|Quark Drive|[silent]
|
|-heal|p1a: Gliscor|45/100 tox|[from] ability: Poison Heal
|upkeep
|
|t:|1779643372
|switch|p2a: Iron Valiant|Iron Valiant|100/100
|turn|5
|
|t:|1779643375
|move|p1a: Gliscor|Protect|p1a: Gliscor
|-singleturn|p1a: Gliscor|Protect
|move|p2a: Iron Valiant|Moonblast|p1a: Gliscor
|-activate|p1a: Gliscor|move: Protect
|
|-heal|p1a: Gliscor|58/100 tox|[from] ability: Poison Heal
|upkeep
|turn|6
|
|t:|1779643378
|switch|p1a: Pecharunt|Pecharunt|100/100
|move|p2a: Iron Valiant|Knock Off|p1a: Pecharunt
|-supereffective|p1a: Pecharunt
|-damage|p1a: Pecharunt|73/100
|-enditem|p1a: Pecharunt|Heavy-Duty Boots|[from] move: Knock Off|[of] p2a: Iron Valiant
|
|upkeep
|turn|7
|
|t:|1779643383
|-end|p2a: Iron Valiant|Quark Drive|[silent]
|switch|p2a: Garchomp|Garchomp, F|100/100
|move|p1a: Pecharunt|Parting Shot|p2a: Garchomp
|-unboost|p2a: Garchomp|atk|1
|-unboost|p2a: Garchomp|spa|1
|
|t:|1779643387
|switch|p1a: Samurott|Samurott-Hisui, F|100/100|[from] Parting Shot
|
|upkeep
|turn|8
|
|t:|1779643393
|switch|p2a: of China|Umbreon, M|100/100
|move|p1a: Samurott|Knock Off|p2a: of China
|-resisted|p2a: of China
|-damage|p2a: of China|88/100
|-enditem|p2a: of China|Leftovers|[from] move: Knock Off|[of] p1a: Samurott
|
|upkeep
|turn|9
|
|t:|1779643396
|move|p1a: Samurott|Ceaseless Edge|p2a: of China
|-resisted|p2a: of China
|-damage|p2a: of China|74/100
|-sidestart|p2: Gloriousplays|Spikes
|move|p2a: of China|Toxic|p1a: Samurott
|-status|p1a: Samurott|tox
|
|-damage|p1a: Samurott|94/100 tox|[from] psn
|upkeep
|turn|10
|
|t:|1779643399
|move|p1a: Samurott|Encore|p2a: of China
|-start|p2a: of China|Encore
|move|p2a: of China|Toxic|p1a: Samurott
|-fail|p1a: Samurott|tox
|
|-damage|p1a: Samurott|82/100 tox|[from] psn
|upkeep
|turn|11
|
|t:|1779643402
|switch|p2a: Garchomp|Garchomp, F|100/100
|-damage|p2a: Garchomp|88/100|[from] Spikes
|move|p1a: Samurott|Ceaseless Edge|p2a: Garchomp
|-damage|p2a: Garchomp|59/100
|-damage|p1a: Samurott|69/100 tox|[from] ability: Rough Skin|[of] p2a: Garchomp
|-damage|p1a: Samurott|53/100 tox|[from] item: Rocky Helmet|[of] p2a: Garchomp
|-sidestart|p2: Gloriousplays|Spikes
|
|-damage|p1a: Samurott|34/100 tox|[from] psn
|upkeep
|turn|12
|
|t:|1779643408
|move|p1a: Samurott|Ceaseless Edge|p2a: Garchomp
|-damage|p2a: Garchomp|27/100
|-damage|p1a: Samurott|22/100 tox|[from] ability: Rough Skin|[of] p2a: Garchomp
|-damage|p1a: Samurott|5/100 tox|[from] item: Rocky Helmet|[of] p2a: Garchomp
|-sidestart|p2: Gloriousplays|Spikes
|move|p2a: Garchomp|Stealth Rock|p1a: Samurott
|-sidestart|p1: 75 raw men|move: Stealth Rock
|
|-damage|p1a: Samurott|0 fnt|[from] psn
|faint|p1a: Samurott
|upkeep
|
|t:|1779643414
|switch|p1a: Ogerpon|Ogerpon, F|100/100
|turn|13
|
|t:|1779643420
|switch|p2a: Dragonite|Dragonite, F|100/100
|move|p1a: Ogerpon|Ivy Cudgel|p2a: Dragonite
|-resisted|p2a: Dragonite
|-damage|p2a: Dragonite|93/100
|
|upkeep
|turn|14
|
|t:|1779643423
|move|p1a: Ogerpon|Knock Off|p2a: Dragonite
|-damage|p2a: Dragonite|58/100
|-enditem|p2a: Dragonite|Heavy-Duty Boots|[from] move: Knock Off|[of] p1a: Ogerpon
|move|p2a: Dragonite|Dragon Dance|p2a: Dragonite
|-boost|p2a: Dragonite|atk|1
|-boost|p2a: Dragonite|spe|1
|
|upkeep
|turn|15
|
|t:|1779643426
|move|p2a: Dragonite|Extreme Speed|p1a: Ogerpon
|-damage|p1a: Ogerpon|41/100
|move|p1a: Ogerpon|Encore|p2a: Dragonite
|-start|p2a: Dragonite|Encore
|
|upkeep
|turn|16
|
|t:|1779643441
|switch|p2a: Iron Valiant|Iron Valiant|100/100
|-damage|p2a: Iron Valiant|76/100|[from] Spikes
|switch|p1a: Skarmory|Skarmory, F|100/100
|
|upkeep
|turn|17
|
|t:|1779643446
|switch|p1a: Pecharunt|Pecharunt|73/100
|-damage|p1a: Pecharunt|61/100|[from] Stealth Rock
|move|p2a: Iron Valiant|Thunderbolt|p1a: Pecharunt
|-damage|p1a: Pecharunt|29/100
|
|upkeep
|turn|18
|
|t:|1779643463
|-terastallize|p2a: Iron Valiant|Fairy
|move|p2a: Iron Valiant|Moonblast|p1a: Pecharunt
|-resisted|p1a: Pecharunt
|-damage|p1a: Pecharunt|0 fnt
|faint|p1a: Pecharunt
|
|upkeep
|
|t:|1779643473
|switch|p1a: Ogerpon|Ogerpon, F|41/100
|turn|19
|
|t:|1779643479
|-end|p2a: Iron Valiant|Quark Drive|[silent]
|switch|p2a: Dragonite|Dragonite, F|58/100
|-terastallize|p1a: Ogerpon|Grass
|detailschange|p1a: Ogerpon|Ogerpon-Teal-Tera, F, tera:Grass
|-ability|p1a: Ogerpon|Embody Aspect (Teal)|boost
|-boost|p1a: Ogerpon|spe|1
|move|p1a: Ogerpon|Ivy Cudgel|p2a: Dragonite
|-resisted|p2a: Dragonite
|-damage|p2a: Dragonite|40/100
|
|upkeep
|turn|20
|
|t:|1779643485
|switch|p1a: Skarmory|Skarmory, F|100/100
|move|p2a: Dragonite|Roost|p2a: Dragonite
|-heal|p2a: Dragonite|90/100
|-singleturn|p2a: Dragonite|move: Roost
|
|upkeep
|turn|21
|
|t:|1779643490
|switch|p2a: Gholdengo|Gholdengo|100/100
|-damage|p2a: Gholdengo|76/100|[from] Spikes
|move|p1a: Skarmory|Stealth Rock|p2a: Gholdengo
|-sidestart|p2: Gloriousplays|move: Stealth Rock
|
|upkeep
|turn|22
|
|t:|1779643496
|switch|p1a: Blissey|Blissey, F|100/100
|move|p2a: Gholdengo|Trick|p1a: Blissey
|-activate|p2a: Gholdengo|move: Trick|[of] p1a: Blissey
|-item|p1a: Blissey|Choice Scarf|[from] move: Trick
|-item|p2a: Gholdengo|Heavy-Duty Boots|[from] move: Trick
|
|upkeep
|turn|23
|
|t:|1779643504
|move|p2a: Gholdengo|Thunder Wave|p1a: Blissey
|-status|p1a: Blissey|par
|move|p1a: Blissey|Shadow Ball|p2a: Gholdengo
|-supereffective|p2a: Gholdengo
|-damage|p2a: Gholdengo|43/100
|-unboost|p2a: Gholdengo|spd|1
|
|upkeep
|turn|24
|
|t:|1779643514
|switch|p2a: Dragonite|Dragonite, F|90/100
|-damage|p2a: Dragonite|66/100|[from] Stealth Rock
|move|p1a: Blissey|Shadow Ball|p2a: Dragonite
|-damage|p2a: Dragonite|50/100
|
|upkeep
|turn|25
|
|t:|1779643517
|-curestatus|p1a: Blissey|par|[from] ability: Natural Cure|[silent]
|switch|p1a: Skarmory|Skarmory, F|100/100
|move|p2a: Dragonite|Roost|p2a: Dragonite
|-heal|p2a: Dragonite|99/100
|-singleturn|p2a: Dragonite|move: Roost
|
|upkeep
|turn|26
|
|t:|1779643521
|switch|p2a: Gholdengo|Gholdengo|43/100
|move|p1a: Skarmory|Whirlwind|p2a: Gholdengo
|-immune|p2a: Gholdengo|[from] ability: Good as Gold
|
|upkeep
|turn|27
|
|t:|1779643528
|switch|p1a: Blissey|Blissey, F|100/100
|-damage|p1a: Blissey|88/100|[from] Stealth Rock
|move|p2a: Gholdengo|Shadow Ball|p1a: Blissey
|-immune|p1a: Blissey
|
|upkeep
|turn|28
|
|t:|1779643532
|switch|p2a: Dragonite|Dragonite, F|99/100
|-damage|p2a: Dragonite|75/100|[from] Stealth Rock
|move|p1a: Blissey|Shadow Ball|p2a: Dragonite
|-damage|p2a: Dragonite|58/100
|
|upkeep
|turn|29
|
|t:|1779643537
|switch|p1a: Skarmory|Skarmory, F|100/100
|move|p2a: Dragonite|Roost|p2a: Dragonite
|-heal|p2a: Dragonite|100/100
|-singleturn|p2a: Dragonite|move: Roost
|
|upkeep
|turn|30
|
|t:|1779643542
|switch|p2a: Gholdengo|Gholdengo|43/100
|switch|p1a: Gliscor|Gliscor, F|58/100 tox
|-damage|p1a: Gliscor|45/100 tox|[from] Stealth Rock
|
|-heal|p1a: Gliscor|58/100 tox|[from] ability: Poison Heal
|upkeep
|turn|31
|
|t:|1779643549
|move|p2a: Gholdengo|Make It Rain|p1a: Gliscor
|-damage|p1a: Gliscor|6/100 tox
|-unboost|p2a: Gholdengo|spa|1
|move|p1a: Gliscor|Earthquake|p2a: Gholdengo
|-supereffective|p2a: Gholdengo
|-crit|p2a: Gholdengo
|-damage|p2a: Gholdengo|0 fnt
|faint|p2a: Gholdengo
|
|-heal|p1a: Gliscor|18/100 tox|[from] ability: Poison Heal
|upkeep
|j| kanaete onegai
|
|t:|1779643565
|switch|p2a: Iron Valiant|Iron Valiant, tera:Fairy|76/100
|-damage|p2a: Iron Valiant|51/100|[from] Spikes
|-damage|p2a: Iron Valiant|38/100|[from] Stealth Rock
|turn|32
|
|t:|1779643569
|move|p1a: Gliscor|Protect|p1a: Gliscor
|-singleturn|p1a: Gliscor|Protect
|move|p2a: Iron Valiant|Moonblast|p1a: Gliscor
|-activate|p1a: Gliscor|move: Protect
|
|-heal|p1a: Gliscor|31/100 tox|[from] ability: Poison Heal
|upkeep
|turn|33
|
|t:|1779643573
|move|p2a: Iron Valiant|Moonblast|p1a: Gliscor
|-damage|p1a: Gliscor|0 fnt
|faint|p1a: Gliscor
|
|upkeep
|
|t:|1779643575
|switch|p1a: Ogerpon|Ogerpon-Teal-Tera, F, tera:Grass|41/100
|-ability|p1a: Ogerpon|Embody Aspect (Teal)|boost
|-boost|p1a: Ogerpon|spe|1
|turn|34
|
|t:|1779643578
|-end|p2a: Iron Valiant|Quark Drive|[silent]
|switch|p2a: Dragonite|Dragonite, F|100/100
|-damage|p2a: Dragonite|76/100|[from] Stealth Rock
|move|p1a: Ogerpon|Ivy Cudgel|p2a: Dragonite
|-resisted|p2a: Dragonite
|-damage|p2a: Dragonite|57/100
|
|upkeep
|turn|35
|
|t:|1779643583
|switch|p1a: Skarmory|Skarmory, F|100/100
|switch|p2a: Iron Valiant|Iron Valiant, tera:Fairy|38/100
|-damage|p2a: Iron Valiant|13/100|[from] Spikes
|-damage|p2a: Iron Valiant|1/100|[from] Stealth Rock
|
|upkeep
|turn|36
|
|t:|1779643587
|switch|p1a: Blissey|Blissey, F|88/100
|-damage|p1a: Blissey|76/100|[from] Stealth Rock
|move|p2a: Iron Valiant|Thunderbolt|p1a: Blissey
|-damage|p1a: Blissey|67/100
|
|upkeep
|turn|37
|
|t:|1779643593
|move|p2a: Iron Valiant|Moonblast|p1a: Blissey
|-damage|p1a: Blissey|46/100
|move|p1a: Blissey|Seismic Toss|p2a: Iron Valiant
|-damage|p2a: Iron Valiant|0 fnt
|faint|p2a: Iron Valiant
|-end|p2a: Iron Valiant|Quark Drive|[silent]
|
|upkeep
|
|t:|1779643610
|switch|p2a: of China|Umbreon, M|74/100
|-damage|p2a: of China|49/100|[from] Spikes
|-damage|p2a: of China|37/100|[from] Stealth Rock
|turn|38
|
|t:|1779643613
|switch|p1a: Skarmory|Skarmory, F|100/100
|move|p2a: of China|Wish|p2a: of China
|
|upkeep
|turn|39
|
|t:|1779643616
|move|p2a: of China|Protect|p2a: of China
|-singleturn|p2a: of China|Protect
|move|p1a: Skarmory|Whirlwind|p2a: of China
|drag|p2a: Garchomp|Garchomp, F|27/100
|-damage|p2a: Garchomp|2/100|[from] Spikes
|-damage|p2a: Garchomp|0 fnt|[from] Stealth Rock
|faint|p2a: Garchomp
|
|upkeep
|
|t:|1779643620
|switch|p2a: Dragonite|Dragonite, F|57/100
|-damage|p2a: Dragonite|32/100|[from] Stealth Rock
|turn|40
|
|t:|1779643622
|move|p2a: Dragonite|Roost|p2a: Dragonite
|-heal|p2a: Dragonite|83/100
|-singleturn|p2a: Dragonite|move: Roost
|move|p1a: Skarmory|Whirlwind|p2a: Dragonite
|drag|p2a: of China|Umbreon, M|37/100
|-damage|p2a: of China|12/100|[from] Spikes
|-damage|p2a: of China|0 fnt|[from] Stealth Rock
|faint|p2a: of China
|
|upkeep
|
|t:|1779643626
|switch|p2a: Dragonite|Dragonite, F|83/100
|-damage|p2a: Dragonite|58/100|[from] Stealth Rock
|turn|41
|
|t:|1779643629
|move|p2a: Dragonite|Dragon Dance|p2a: Dragonite
|-boost|p2a: Dragonite|atk|1
|-boost|p2a: Dragonite|spe|1
|move|p1a: Skarmory|Body Press|p2a: Dragonite
|-resisted|p2a: Dragonite
|-damage|p2a: Dragonite|41/100
|
|upkeep
|turn|42
|
|t:|1779643631
|move|p2a: Dragonite|Roost|p2a: Dragonite
|-heal|p2a: Dragonite|92/100
|-singleturn|p2a: Dragonite|move: Roost
|move|p1a: Skarmory|Body Press|p2a: Dragonite
|-damage|p2a: Dragonite|54/100
|
|upkeep
|turn|43
|
|t:|1779643633
|move|p2a: Dragonite|Dragon Dance|p2a: Dragonite
|-boost|p2a: Dragonite|atk|1
|-boost|p2a: Dragonite|spe|1
|move|p1a: Skarmory|Body Press|p2a: Dragonite
|-resisted|p2a: Dragonite
|-damage|p2a: Dragonite|35/100
|
|upkeep
|turn|44
|-message|Gloriousplays forfeited.
|
|win|75 raw men
|raw|75 raw men's rating: 1654 &rarr; <strong>1672</strong><br />(+18 for winning)
|raw|Gloriousplays's rating: 1627 &rarr; <strong>1609</strong><br />(-18 for losing)
|l|☆Gloriousplays
|player|p2|
|l|☆75 raw men
|player|p1|
