|j|☆zuri 2
|j|☆ImOuTtT
|t:|1779655301
|gametype|singles
|player|p1|zuri 2|ethan|1140
|player|p2|ImOuTtT|1|1150
|gen|9
|tier|[Gen 9] OU
|rated|
|rule|HP Percentage Mod: HP is shown in percentages
|rule|Endless Battle Clause: Forcing endless battles is banned
|rule|Species Clause: Limit one of each Pokémon
|rule|OHKO Clause: OHKO moves are banned
|rule|Evasion Items Clause: Evasion items are banned
|rule|Evasion Moves Clause: Evasion moves are banned
|rule|Evasion Abilities Clause: Evasion abilities are banned
|rule|Sleep Moves Clause: Sleep-inducing moves are banned
|clearpoke
|poke|p1|Deoxys-Speed|
|poke|p1|Flygon, F|
|poke|p1|Kyurem|
|poke|p1|Garchomp, F|
|poke|p1|Kommo-o, F|
|poke|p1|Mew|
|poke|p2|Cinderace, F|
|poke|p2|Great Tusk|
|poke|p2|Iron Moth|
|poke|p2|Kingambit, F|
|poke|p2|Ribombee, M|
|poke|p2|Eelektross, F|
|teampreview
|
|t:|1779655304
|teamsize|p1|6
|teamsize|p2|6
|start
|switch|p1a: Deoxys|Deoxys-Speed|100/100
|switch|p2a: Ribombee|Ribombee, M|100/100
|-ability|p1a: Deoxys|Pressure
|turn|1
|
|t:|1779655312
|move|p1a: Deoxys|Taunt|p2a: Ribombee
|-start|p2a: Ribombee|move: Taunt
|cant|p2a: Ribombee|move: Taunt|Sticky Web
|
|upkeep
|turn|2
|
|t:|1779655334
|switch|p2a: Kingambit|Kingambit, F|100/100
|move|p1a: Deoxys|Stealth Rock|p2a: Kingambit
|-sidestart|p2: ImOuTtT|move: Stealth Rock
|
|upkeep
|turn|3
|
|t:|1779655340
|move|p1a: Deoxys|Knock Off|p2a: Kingambit
|-resisted|p2a: Kingambit
|-damage|p2a: Kingambit|92/100
|-enditem|p2a: Kingambit|Focus Sash|[from] move: Knock Off|[of] p1a: Deoxys
|move|p2a: Kingambit|Kowtow Cleave|p1a: Deoxys
|-supereffective|p1a: Deoxys
|-enditem|p1a: Deoxys|Focus Sash
|-damage|p1a: Deoxys|1/100
|
|upkeep
|turn|4
|
|t:|1779655350
|move|p2a: Kingambit|Sucker Punch||[still]
|-fail|p2a: Kingambit
|move|p1a: Deoxys|Skill Swap|p2a: Kingambit
|-activate|p1a: Deoxys|Skill Swap|Defiant|Pressure|[of] p2a: Kingambit
|-ability|p2a: Kingambit|Pressure
|
|upkeep
|turn|5
|
|t:|1779655359
|move|p2a: Kingambit|Sucker Punch||[still]
|-fail|p2a: Kingambit
|move|p1a: Deoxys|Taunt|p2a: Kingambit
|-start|p2a: Kingambit|move: Taunt
|
|upkeep
|turn|6
|
|t:|1779655365
|move|p1a: Deoxys|Knock Off|p2a: Kingambit
|-resisted|p2a: Kingambit
|-damage|p2a: Kingambit|85/100
|move|p2a: Kingambit|Kowtow Cleave|p1a: Deoxys
|-supereffective|p1a: Deoxys
|-damage|p1a: Deoxys|0 fnt
|faint|p1a: Deoxys
|
|upkeep
|
|t:|1779655377
|switch|p1a: Kommo-o|Kommo-o, F|100/100
|turn|7
|
|t:|1779655387
|switch|p2a: Ribombee|Ribombee, M|100/100
|-damage|p2a: Ribombee|76/100|[from] Stealth Rock
|move|p1a: Kommo-o|Swords Dance|p1a: Kommo-o
|-boost|p1a: Kommo-o|atk|2
|
|upkeep
|turn|8
|
|t:|1779655395
|-terastallize|p1a: Kommo-o|Ghost
|move|p2a: Ribombee|Sticky Web|p1a: Kommo-o
|-sidestart|p1: zuri 2|move: Sticky Web
|move|p1a: Kommo-o|Shadow Claw|p2a: Ribombee
|-damage|p2a: Ribombee|0 fnt
|faint|p2a: Ribombee
|
|upkeep
|
|t:|1779655415
|switch|p2a: Cinderace|Cinderace, F|100/100
|-damage|p2a: Cinderace|76/100|[from] Stealth Rock
|turn|9
|
|t:|1779655420
|move|p2a: Cinderace|Sucker Punch|p1a: Kommo-o
|-start|p2a: Cinderace|typechange|Dark|[from] ability: Libero
|-supereffective|p1a: Kommo-o
|-damage|p1a: Kommo-o|28/100
|move|p1a: Kommo-o|Scale Shot|p2a: Cinderace
|-damage|p2a: Cinderace|41/100
|-damage|p2a: Cinderace|7/100
|-hitcount|p2a: Cinderace|2
|-unboost|p1a: Kommo-o|def|1
|-boost|p1a: Kommo-o|spe|1
|
|upkeep
|turn|10
|
|t:|1779655432
|move|p2a: Cinderace|Sucker Punch|p1a: Kommo-o
|-supereffective|p1a: Kommo-o
|-damage|p1a: Kommo-o|0 fnt
|faint|p1a: Kommo-o
|
|upkeep
|
|t:|1779655435
|switch|p1a: Flygon|Flygon, F|100/100
|turn|11
|
|t:|1779655448
|move|p2a: Cinderace|Sucker Punch||[still]
|-fail|p2a: Cinderace
|move|p1a: Flygon|Dragon Dance|p1a: Flygon
|-boost|p1a: Flygon|atk|1
|-boost|p1a: Flygon|spe|1
|
|upkeep
|turn|12
|
|t:|1779655454
|move|p2a: Cinderace|Sucker Punch|p1a: Flygon
|-damage|p1a: Flygon|56/100
|move|p1a: Flygon|Earthquake|p2a: Cinderace
|-damage|p2a: Cinderace|0 fnt
|faint|p2a: Cinderace
|
|upkeep
|
|t:|1779655461
|switch|p2a: Eelektross|Eelektross, F|100/100
|-damage|p2a: Eelektross|88/100|[from] Stealth Rock
|turn|13
|
|t:|1779655466
|move|p1a: Flygon|Scale Shot|p2a: Eelektross
|-damage|p2a: Eelektross|70/100
|-damage|p2a: Eelektross|52/100
|-hitcount|p2a: Eelektross|2
|-unboost|p1a: Flygon|def|1
|-boost|p1a: Flygon|spe|1
|move|p2a: Eelektross|Dragon Pulse|p1a: Flygon
|-supereffective|p1a: Flygon
|-damage|p1a: Flygon|0 fnt
|faint|p1a: Flygon
|
|-heal|p2a: Eelektross|58/100|[from] item: Leftovers
|upkeep
|
|t:|1779655477
|switch|p1a: Mew|Mew|100/100
|-activate|p1a: Mew|move: Sticky Web
|-unboost|p1a: Mew|spe|1
|turn|14
|
|t:|1779655483
|move|p1a: Mew|Dragon Dance|p1a: Mew
|-boost|p1a: Mew|atk|1
|-boost|p1a: Mew|spe|1
|move|p2a: Eelektross|Thunderbolt|p1a: Mew
|-damage|p1a: Mew|57/100
|-status|p1a: Mew|par
|-activate|p1a: Mew|ability: Synchronize
|-immune|p2a: Eelektross
|-enditem|p1a: Mew|Lum Berry|[eat]
|-curestatus|p1a: Mew|par|[msg]
|
|-heal|p2a: Eelektross|64/100|[from] item: Leftovers
|upkeep
|turn|15
|
|t:|1779655496
|move|p1a: Mew|Dragon Dance|p1a: Mew
|-boost|p1a: Mew|atk|1
|-boost|p1a: Mew|spe|1
|move|p2a: Eelektross|Thunderbolt|p1a: Mew
|-damage|p1a: Mew|12/100
|
|-heal|p2a: Eelektross|71/100|[from] item: Leftovers
|upkeep
|turn|16
|
|t:|1779655506
|move|p1a: Mew|Knock Off|p2a: Eelektross
|-damage|p2a: Eelektross|10/100
|-enditem|p2a: Eelektross|Leftovers|[from] move: Knock Off|[of] p1a: Mew
|move|p2a: Eelektross|Dragon Pulse|p1a: Mew
|-damage|p1a: Mew|0 fnt
|faint|p1a: Mew
|
|upkeep
|
|t:|1779655513
|switch|p1a: Garchomp|Garchomp, F|100/100
|-activate|p1a: Garchomp|move: Sticky Web
|-unboost|p1a: Garchomp|spe|1
|turn|17
|
|t:|1779655520
|move|p1a: Garchomp|Scale Shot|p2a: Eelektross
|-damage|p2a: Eelektross|0 fnt
|faint|p2a: Eelektross
|-hitcount|p2: Eelektross|1
|-unboost|p1a: Garchomp|def|1
|-boost|p1a: Garchomp|spe|1
|
|upkeep
|
|t:|1779655527
|switch|p2a: Iron Moth|Iron Moth|100/100
|-damage|p2a: Iron Moth|76/100|[from] Stealth Rock
|-enditem|p2a: Iron Moth|Booster Energy
|-activate|p2a: Iron Moth|ability: Quark Drive|[fromitem]
|-start|p2a: Iron Moth|quarkdrivespa
|turn|18
|
|t:|1779655535
|move|p2a: Iron Moth|Dazzling Gleam|p1a: Garchomp
|-supereffective|p1a: Garchomp
|-damage|p1a: Garchomp|22/100
|move|p1a: Garchomp|Earthquake|p2a: Iron Moth
|-supereffective|p2a: Iron Moth
|-damage|p2a: Iron Moth|0 fnt
|faint|p2a: Iron Moth
|-end|p2a: Iron Moth|Quark Drive|[silent]
|
|upkeep
|
|t:|1779655544
|switch|p2a: Great Tusk|Great Tusk|100/100
|-damage|p2a: Great Tusk|98/100|[from] Stealth Rock
|-enditem|p2a: Great Tusk|Booster Energy
|-activate|p2a: Great Tusk|ability: Protosynthesis|[fromitem]
|-start|p2a: Great Tusk|protosynthesisatk
|turn|19
|
|t:|1779655551
|-terastallize|p2a: Great Tusk|Steel
|move|p1a: Garchomp|Earthquake|p2a: Great Tusk
|-supereffective|p2a: Great Tusk
|-damage|p2a: Great Tusk|18/100
|move|p2a: Great Tusk|Ice Spinner|p1a: Garchomp
|-supereffective|p1a: Garchomp
|-damage|p1a: Garchomp|0 fnt
|-damage|p2a: Great Tusk|6/100|[from] ability: Rough Skin|[of] p1a: Garchomp
|faint|p1a: Garchomp
|
|upkeep
|
|t:|1779655558
|switch|p1a: Kyurem|Kyurem|100/100
|-activate|p1a: Kyurem|move: Sticky Web
|-unboost|p1a: Kyurem|spe|1
|-ability|p1a: Kyurem|Pressure
|turn|20
|
|t:|1779655568
|move|p2a: Great Tusk|Earthquake|p1a: Kyurem
|-damage|p1a: Kyurem|45/100
|move|p1a: Kyurem|Scale Shot|p2a: Great Tusk
|-resisted|p2a: Great Tusk
|-damage|p2a: Great Tusk|1/100
|-resisted|p2a: Great Tusk
|-damage|p2a: Great Tusk|0 fnt
|faint|p2a: Great Tusk
|-end|p2a: Great Tusk|Protosynthesis|[silent]
|-hitcount|p2: Great Tusk|2
|-unboost|p1a: Kyurem|def|1
|-boost|p1a: Kyurem|spe|1
|
|upkeep
|
|t:|1779655580
|switch|p2a: Kingambit|Kingambit, F|85/100
|-damage|p2a: Kingambit|79/100|[from] Stealth Rock
|turn|21
|
|t:|1779655597
|move|p2a: Kingambit|Sucker Punch|p1a: Kyurem
|-damage|p1a: Kyurem|0 fnt
|faint|p1a: Kyurem
|
|win|ImOuTtT
|raw|zuri 2's rating: 1140 &rarr; <strong>1116</strong><br />(-24 for losing)
|raw|ImOuTtT's rating: 1150 &rarr; <strong>1174</strong><br />(+24 for winning)
|l|☆zuri 2
|player|p1|
|c|☆ImOuTtT|That's a lot of dances ...
|c|☆ImOuTtT|Elektross FTW .
