|j|☆ChudleyDw1irks67
|j|☆hattybatty304
|t:|1779713948
|gametype|singles
|player|p1|ChudleyDw1irks67|pokefan-gen4|1176
|player|p2|hattybatty304|swimmerf|1316
|gen|9
|tier|[Gen 9] OU
|rated|
|rule|HP Percentage Mod: HP is shown in percentages
|rule|Endless Battle Clause: Forcing endless battles is banned
|rule|Species Clause: Limit one of each Pokémon
|rule|OHKO Clause: OHKO moves are banned
|rule|Evasion Items Clause: Evasion items are banned
|rule|Evasion Moves Clause: Evasion moves are banned
|rule|Evasion Abilities Clause: Evasion abilities are banned
|rule|Sleep Moves Clause: Sleep-inducing moves are banned
|clearpoke
|poke|p1|Exeggutor-Alola, F|
|poke|p1|Slowking-Galar, M|
|poke|p1|Torkoal, M|
|poke|p1|Ursaluna, F|
|poke|p1|Hatterene, F|
|poke|p1|Great Tusk|
|poke|p2|Hatterene, F|
|poke|p2|Meowscarada, F|
|poke|p2|Primarina, F|
|poke|p2|Cinderace, F|
|poke|p2|Pecharunt|
|poke|p2|Inteleon, F|
|teampreview
|inactive|Battle timer is ON: inactive players will automatically lose when time's up. (requested by hattybatty304)
|
|t:|1779713960
|teamsize|p1|6
|teamsize|p2|6
|start
|switch|p1a: Ursaluna|Ursaluna, F|100/100
|switch|p2a: Widow maker|Inteleon, F, shiny|100/100
|turn|1
|
|t:|1779713970
|-terastallize|p1a: Ursaluna|Normal
|move|p2a: Widow maker|Snipe Shot|p1a: Ursaluna
|-damage|p1a: Ursaluna|64/100
|move|p1a: Ursaluna|Headlong Rush|p2a: Widow maker
|-damage|p2a: Widow maker|0 fnt
|-unboost|p1a: Ursaluna|def|1
|-unboost|p1a: Ursaluna|spd|1
|faint|p2a: Widow maker
|
|-status|p1a: Ursaluna|brn|[from] item: Flame Orb
|upkeep
|c|☆ChudleyDw1irks67|hontony pakides
|c|☆ChudleyDw1irks67|fr
|c|☆ChudleyDw1irks67|u is that
|c|☆ChudleyDw1irks67|lolly
|
|t:|1779713984
|switch|p2a: Lm10|Cinderace, F|100/100
|turn|2
|
|t:|1779714000
|switch|p1a: Great Tusk|Great Tusk|100/100
|move|p2a: Lm10|Pyro Ball|p1a: Great Tusk
|-crit|p1a: Great Tusk
|-damage|p1a: Great Tusk|34/100
|
|upkeep
|turn|3
|
|t:|1779714010
|-end|p1a: Great Tusk|Protosynthesis|[silent]
|switch|p1a: Slowking|Slowking-Galar, M|100/100
|move|p2a: Lm10|Pyro Ball|p1a: Slowking
|-crit|p1a: Slowking
|-damage|p1a: Slowking|21/100
|
|-heal|p1a: Slowking|27/100|[from] item: Leftovers
|upkeep
|turn|4
|c|☆ChudleyDw1irks67|yo whta]
|c|☆ChudleyDw1irks67|ok
|c|☆hattybatty304|Hehe
|c|☆ChudleyDw1irks67|so ur a dirty filth
|c|☆hattybatty304|Scope lens hehe
|c|☆ChudleyDw1irks67|no that's not scope lens dimwit
|c|☆hattybatty304|MUHAHAHAHAHHAHAHA
|c|☆ChudleyDw1irks67|yo
|c|☆ChudleyDw1irks67|ur a coon
|inactive|ChudleyDw1irks67 has 120 seconds left.
|
|t:|1779714039
|switch|p1a: Hatterene|Hatterene, F|100/100
|move|p2a: Lm10|Pyro Ball|p1a: Hatterene
|-crit|p1a: Hatterene
|-damage|p1a: Hatterene|0 fnt
|faint|p1a: Hatterene
|
|upkeep
|inactive|ChudleyDw1irks67 has 120 seconds left.
|
|t:|1779714044
|switch|p1a: Exeggutor|Exeggutor-Alola, F|100/100
|turn|5
|c|☆hattybatty304|hehe
|c|☆ChudleyDw1irks67|good rig bait
|c|☆ChudleyDw1irks67|rng
|
|t:|1779714053
|move|p2a: Lm10|U-turn|p1a: Exeggutor
|-start|p2a: Lm10|typechange|Bug|[from] ability: Libero
|-supereffective|p1a: Exeggutor
|-damage|p1a: Exeggutor|33/100
|-enditem|p1a: Exeggutor|Sitrus Berry|[eat]
|-heal|p1a: Exeggutor|58/100|[from] item: Sitrus Berry
|c|☆ChudleyDw1irks67|yh
|c|☆ChudleyDw1irks67|ur lucky asl
|c|☆ChudleyDw1irks67|LOL
|
|t:|1779714061
|switch|p2a: fatty|Hatterene, F|100/100|[from] U-turn
|move|p1a: Exeggutor|Draco Meteor|p2a: fatty
|-immune|p2a: fatty
|
|upkeep
|turn|6
|c|☆ChudleyDw1irks67|scope lens doesn't make always crit
|n|!ChudleyDw1irks67|chudleydw1irks67
|
|t:|1779714076
|move|p1a: Exeggutor|Giga Drain|p2a: fatty
|-damage|p2a: fatty|80/100
|-heal|p1a: Exeggutor|66/100|[from] drain|[of] p2a: fatty
|move|p2a: fatty|Mystical Fire|p1a: Exeggutor
|-damage|p1a: Exeggutor|41/100
|-unboost|p1a: Exeggutor|spa|1
|
|upkeep
|turn|7
|
|t:|1779714086
|switch|p1a: Great Tusk|Great Tusk|34/100
|move|p2a: fatty|Draining Kiss|p1a: Great Tusk
|-supereffective|p1a: Great Tusk
|-damage|p1a: Great Tusk|0 fnt
|-heal|p2a: fatty|100/100|[from] drain|[of] p1a: Great Tusk
|faint|p1a: Great Tusk
|-end|p1a: Great Tusk|Protosynthesis|[silent]
|
|upkeep
|
|t:|1779714088
|switch|p1a: Ursaluna|Ursaluna, F, tera:Normal|64/100 brn
|turn|8
|
|t:|1779714097
|move|p1a: Ursaluna|Facade|p2a: fatty
|-damage|p2a: fatty|0 fnt
|faint|p2a: fatty
|
|-damage|p1a: Ursaluna|58/100 brn|[from] brn
|upkeep
|
|t:|1779714105
|switch|p2a: Lm10|Cinderace, F|100/100
|turn|9
|
|t:|1779714108
|move|p2a: Lm10|Pyro Ball|p1a: Ursaluna
|-damage|p1a: Ursaluna|12/100 brn
|move|p1a: Ursaluna|Facade|p2a: Lm10
|-damage|p2a: Lm10|0 fnt
|faint|p2a: Lm10
|
|-damage|p1a: Ursaluna|6/100 brn|[from] brn
|upkeep
|
|t:|1779714112
|switch|p2a: TakeYoMan|Meowscarada, F|100/100
|turn|10
|
|t:|1779714121
|move|p2a: TakeYoMan|U-turn|p1a: Ursaluna
|-start|p2a: TakeYoMan|typechange|Bug|[from] ability: Protean
|-damage|p1a: Ursaluna|0 fnt
|faint|p1a: Ursaluna
|
|t:|1779714125
|switch|p2a: Rapunzil|Primarina, F, shiny|100/100|[from] U-turn
|
|upkeep
|
|t:|1779714134
|switch|p1a: Torkoal|Torkoal, M|100/100
|-weather|SunnyDay|[from] ability: Drought|[of] p1a: Torkoal
|turn|11
|
|t:|1779714136
|move|p2a: Rapunzil|Psychic Noise|p1a: Torkoal
|-supereffective|p1a: Torkoal
|-damage|p1a: Torkoal|55/100
|-start|p1a: Torkoal|move: Heal Block
|move|p1a: Torkoal|Solar Beam||[still]
|-prepare|p1a: Torkoal|Solar Beam
|-anim|p1a: Torkoal|Solar Beam|p2a: Rapunzil
|-supereffective|p2a: Rapunzil
|-damage|p2a: Rapunzil|69/100
|
|-weather|SunnyDay|[upkeep]
|upkeep
|turn|12
|
|t:|1779714150
|switch|p1a: Slowking|Slowking-Galar, M|61/100
|move|p2a: Rapunzil|Psychic Noise|p1a: Slowking
|-damage|p1a: Slowking|45/100
|-start|p1a: Slowking|move: Heal Block
|
|-weather|SunnyDay|[upkeep]
|upkeep
|turn|13
|
|t:|1779714154
|move|p2a: Rapunzil|Shadow Ball|p1a: Slowking
|-supereffective|p1a: Slowking
|-damage|p1a: Slowking|5/100
|move|p1a: Slowking|Trick Room|p1a: Slowking
|-fieldstart|move: Trick Room|[of] p1a: Slowking
|
|-weather|SunnyDay|[upkeep]
|-end|p1a: Slowking|move: Heal Block
|upkeep
|turn|14
|
|t:|1779714164
|move|p1a: Slowking|Future Sight|p2a: Rapunzil
|-start|p1a: Slowking|move: Future Sight
|move|p2a: Rapunzil|Draining Kiss|p1a: Slowking
|-resisted|p1a: Slowking
|-damage|p1a: Slowking|0 fnt
|-heal|p2a: Rapunzil|72/100|[from] drain|[of] p1a: Slowking
|faint|p1a: Slowking
|
|-weather|SunnyDay|[upkeep]
|upkeep
|
|t:|1779714171
|switch|p1a: Exeggutor|Exeggutor-Alola, F|41/100
|turn|15
|
|t:|1779714178
|move|p1a: Exeggutor|Giga Drain|p2a: Rapunzil
|-supereffective|p2a: Rapunzil
|-damage|p2a: Rapunzil|33/100
|-heal|p1a: Exeggutor|59/100|[from] drain|[of] p2a: Rapunzil
|move|p2a: Rapunzil|Draining Kiss|p1a: Exeggutor
|-supereffective|p1a: Exeggutor
|-damage|p1a: Exeggutor|2/100
|-heal|p2a: Rapunzil|79/100|[from] drain|[of] p1a: Exeggutor
|
|-weather|SunnyDay|[upkeep]
|-item|p1a: Exeggutor|Sitrus Berry|[from] ability: Harvest
|upkeep
|-enditem|p1a: Exeggutor|Sitrus Berry|[eat]
|-heal|p1a: Exeggutor|27/100|[from] item: Sitrus Berry
|turn|16
|
|t:|1779714185
|move|p1a: Exeggutor|Giga Drain|p2a: Rapunzil
|-supereffective|p2a: Rapunzil
|-damage|p2a: Rapunzil|41/100
|-heal|p1a: Exeggutor|45/100|[from] drain|[of] p2a: Rapunzil
|move|p2a: Rapunzil|Draining Kiss|p1a: Exeggutor
|-supereffective|p1a: Exeggutor
|-damage|p1a: Exeggutor|0 fnt
|-heal|p2a: Rapunzil|77/100|[from] drain|[of] p1a: Exeggutor
|faint|p1a: Exeggutor
|
|-weather|SunnyDay|[upkeep]
|-end|p2a: Rapunzil|move: Future Sight
|-damage|p2a: Rapunzil|56/100
|upkeep
|
|t:|1779714191
|switch|p1a: Torkoal|Torkoal, M|55/100
|turn|17
|c|☆hattybatty304|Hehe
|
|t:|1779714196
|move|p1a: Torkoal|Solar Beam||[still]
|-prepare|p1a: Torkoal|Solar Beam
|-anim|p1a: Torkoal|Solar Beam|p2a: Rapunzil
|-supereffective|p2a: Rapunzil
|-damage|p2a: Rapunzil|25/100
|move|p2a: Rapunzil|Psychic Noise|p1a: Torkoal
|-supereffective|p1a: Torkoal
|-damage|p1a: Torkoal|2/100
|-start|p1a: Torkoal|move: Heal Block
|
|-weather|SunnyDay|[upkeep]
|-fieldend|move: Trick Room
|upkeep
|turn|18
|
|t:|1779714204
|move|p2a: Rapunzil|Psychic Noise|p1a: Torkoal
|-supereffective|p1a: Torkoal
|-damage|p1a: Torkoal|0 fnt
|faint|p1a: Torkoal
|
|win|hattybatty304
