|j|☆Lamperi0n
|j|☆penguinusa17
|t:|1779697079
|gametype|singles
|player|p1|Lamperi0n|will|1436
|player|p2|penguinusa17|170|1411
|gen|9
|tier|[Gen 9] OU
|rated|
|rule|HP Percentage Mod: HP is shown in percentages
|rule|Endless Battle Clause: Forcing endless battles is banned
|rule|Species Clause: Limit one of each Pokémon
|rule|OHKO Clause: OHKO moves are banned
|rule|Evasion Items Clause: Evasion items are banned
|rule|Evasion Moves Clause: Evasion moves are banned
|rule|Evasion Abilities Clause: Evasion abilities are banned
|rule|Sleep Moves Clause: Sleep-inducing moves are banned
|clearpoke
|poke|p1|Weezing-Galar, F|
|poke|p1|Alomomola, F|
|poke|p1|Iron Treads|
|poke|p1|Tornadus-Therian, M|
|poke|p1|Zamazenta-*|
|poke|p1|Lokix, F|
|poke|p2|Tyranitar, M|
|poke|p2|Toxapex, F|
|poke|p2|Dragapult, F|
|poke|p2|Zapdos|
|poke|p2|Kingambit, F|
|poke|p2|Breloom, M|
|teampreview
|
|t:|1779697103
|teamsize|p1|6
|teamsize|p2|6
|start
|switch|p1a: Zamazenta|Zamazenta|100/100
|switch|p2a: Breloom|Breloom, M|100/100
|-ability|p1a: Zamazenta|Dauntless Shield|boost
|-boost|p1a: Zamazenta|def|1
|turn|1
|inactive|Battle timer is ON: inactive players will automatically lose when time's up. (requested by Lamperi0n)
|
|t:|1779697114
|move|p1a: Zamazenta|Close Combat|p2a: Breloom
|-damage|p2a: Breloom|0 fnt
|-unboost|p1a: Zamazenta|def|1
|-unboost|p1a: Zamazenta|spd|1
|faint|p2a: Breloom
|
|upkeep
|
|t:|1779697129
|switch|p2a: Dragapult|Dragapult, F|100/100
|turn|2
|
|t:|1779697139
|switch|p1a: Weezing|Weezing-Galar, F|100/100
|-ability|p1a: Weezing|Neutralizing Gas
|move|p2a: Dragapult|Shadow Ball|p1a: Weezing
|-damage|p1a: Weezing|30/100
|-unboost|p1a: Weezing|spd|1
|
|-heal|p1a: Weezing|36/100|[from] item: Leftovers
|upkeep
|turn|3
|
|t:|1779697150
|-end|p1a: Weezing|ability: Neutralizing Gas
|switch|p1a: Tornadus|Tornadus-Therian, M|100/100
|move|p2a: Dragapult|Shadow Ball|p1a: Tornadus
|-damage|p1a: Tornadus|63/100
|
|upkeep
|turn|4
|
|t:|1779697162
|switch|p2a: Zapdos|Zapdos|100/100
|move|p1a: Tornadus|Knock Off|p2a: Zapdos
|-damage|p2a: Zapdos|81/100
|-enditem|p2a: Zapdos|Heavy-Duty Boots|[from] move: Knock Off|[of] p1a: Tornadus
|
|upkeep
|turn|5
|
|t:|1779697171
|switch|p1a: Iron Treads|Iron Treads|100/100
|move|p2a: Zapdos|Heat Wave|p1a: Iron Treads|[miss]
|-miss|p2a: Zapdos|p1a: Iron Treads
|
|upkeep
|turn|6
|
|t:|1779697179
|move|p1a: Iron Treads|Stealth Rock|p2a: Zapdos
|-sidestart|p2: penguinusa17|move: Stealth Rock
|move|p2a: Zapdos|Thunderbolt|p1a: Iron Treads
|-immune|p1a: Iron Treads
|
|upkeep
|turn|7
|
|t:|1779697184
|move|p1a: Iron Treads|Ice Spinner|p2a: Zapdos
|-supereffective|p2a: Zapdos
|-damage|p2a: Zapdos|33/100
|-status|p1a: Iron Treads|par|[from] ability: Static|[of] p2a: Zapdos
|move|p2a: Zapdos|Heat Wave|p1a: Iron Treads
|-supereffective|p1a: Iron Treads
|-damage|p1a: Iron Treads|27/100 par
|
|-heal|p1a: Iron Treads|33/100 par|[from] item: Leftovers
|upkeep
|turn|8
|
|t:|1779697195
|move|p2a: Zapdos|Roost|p2a: Zapdos
|-heal|p2a: Zapdos|84/100
|-singleturn|p2a: Zapdos|move: Roost
|move|p1a: Iron Treads|Ice Spinner|p2a: Zapdos
|-damage|p2a: Zapdos|60/100
|
|-heal|p1a: Iron Treads|39/100 par|[from] item: Leftovers
|upkeep
|turn|9
|
|t:|1779697204
|move|p2a: Zapdos|Roost|p2a: Zapdos
|-heal|p2a: Zapdos|100/100
|-singleturn|p2a: Zapdos|move: Roost
|cant|p1a: Iron Treads|par
|
|-heal|p1a: Iron Treads|45/100 par|[from] item: Leftovers
|upkeep
|turn|10
|
|t:|1779697212
|move|p2a: Zapdos|Heat Wave|p1a: Iron Treads
|-supereffective|p1a: Iron Treads
|-damage|p1a: Iron Treads|0 fnt
|faint|p1a: Iron Treads
|-end|p1a: Iron Treads|Quark Drive|[silent]
|
|upkeep
|
|t:|1779697225
|switch|p1a: Weezing|Weezing-Galar, F|36/100
|-ability|p1a: Weezing|Neutralizing Gas
|turn|11
|
|t:|1779697230
|move|p1a: Weezing|Protect|p1a: Weezing
|-singleturn|p1a: Weezing|Protect
|move|p2a: Zapdos|Thunderbolt|p1a: Weezing
|-activate|p1a: Weezing|move: Protect
|
|-heal|p1a: Weezing|42/100|[from] item: Leftovers
|upkeep
|turn|12
|
|t:|1779697239
|-terastallize|p1a: Weezing|Grass
|move|p2a: Zapdos|Thunderbolt|p1a: Weezing
|-resisted|p1a: Weezing
|-damage|p1a: Weezing|5/100
|move|p1a: Weezing|Toxic|p2a: Zapdos
|-status|p2a: Zapdos|tox
|
|-heal|p1a: Weezing|11/100|[from] item: Leftovers
|-damage|p2a: Zapdos|94/100 tox|[from] psn
|upkeep
|turn|13
|
|t:|1779697251
|move|p1a: Weezing|Protect|p1a: Weezing
|-singleturn|p1a: Weezing|Protect
|move|p2a: Zapdos|Thunderbolt|p1a: Weezing
|-activate|p1a: Weezing|move: Protect
|
|-heal|p1a: Weezing|17/100|[from] item: Leftovers
|-damage|p2a: Zapdos|82/100 tox|[from] psn
|upkeep
|turn|14
|
|t:|1779697260
|-end|p1a: Weezing|ability: Neutralizing Gas
|switch|p1a: Tornadus|Tornadus-Therian, M|96/100
|move|p2a: Zapdos|Thunderbolt|p1a: Tornadus
|-supereffective|p1a: Tornadus
|-damage|p1a: Tornadus|30/100
|
|-damage|p2a: Zapdos|64/100 tox|[from] psn
|upkeep
|turn|15
|
|t:|1779697277
|switch|p1a: Weezing|Weezing-Galar, F, tera:Grass|17/100
|-ability|p1a: Weezing|Neutralizing Gas
|move|p2a: Zapdos|Thunderbolt|p1a: Weezing
|-resisted|p1a: Weezing
|-damage|p1a: Weezing|0 fnt
|faint|p1a: Weezing
|-end|p1a: Weezing|ability: Neutralizing Gas
|
|-damage|p2a: Zapdos|40/100 tox|[from] psn
|upkeep
|
|t:|1779697280
|switch|p1a: Alomomola|Alomomola, F|100/100
|turn|16
|
|t:|1779697290
|move|p1a: Alomomola|Protect|p1a: Alomomola
|-singleturn|p1a: Alomomola|Protect
|move|p2a: Zapdos|Thunderbolt|p1a: Alomomola
|-activate|p1a: Alomomola|move: Protect
|
|-damage|p2a: Zapdos|10/100 tox|[from] psn
|upkeep
|turn|17
|
|t:|1779697298
|move|p2a: Zapdos|Thunderbolt|p1a: Alomomola
|-supereffective|p1a: Alomomola
|-damage|p1a: Alomomola|5/100
|-status|p1a: Alomomola|par
|move|p1a: Alomomola|Flip Turn|p2a: Zapdos
|-damage|p2a: Zapdos|0 fnt
|faint|p2a: Zapdos
|
|t:|1779697316
|switch|p1a: Lokix|Lokix, F|100/100|[from] Flip Turn
|
|upkeep
|
|t:|1779697331
|switch|p2a: Tyranitar|Tyranitar, M|100/100
|-damage|p2a: Tyranitar|88/100|[from] Stealth Rock
|-weather|Sandstorm|[from] ability: Sand Stream|[of] p2a: Tyranitar
|turn|18
|
|t:|1779697339
|move|p1a: Lokix|U-turn|p2a: Tyranitar
|-supereffective|p2a: Tyranitar
|-damage|p2a: Tyranitar|7/100
|
|t:|1779697344
|switch|p1a: Alomomola|Alomomola, F|38/100 par|[from] U-turn
|move|p2a: Tyranitar|Thunder Wave|p1a: Alomomola
|-fail|p1a: Alomomola|par
|
|-weather|Sandstorm|[upkeep]
|-damage|p1a: Alomomola|32/100 par|[from] Sandstorm
|-heal|p2a: Tyranitar|14/100|[from] item: Leftovers
|upkeep
|turn|19
|
|t:|1779697355
|move|p2a: Tyranitar|Knock Off|p1a: Alomomola
|-damage|p1a: Alomomola|7/100 par
|-damage|p2a: Tyranitar|0 fnt|[from] item: Rocky Helmet|[of] p1a: Alomomola
|faint|p2a: Tyranitar
|move|p1a: Alomomola|Flip Turn|p2: Tyranitar|[notarget]
|-fail|p1a: Alomomola
|
|-weather|Sandstorm|[upkeep]
|-damage|p1a: Alomomola|1/100 par|[from] Sandstorm
|upkeep
|inactive|penguinusa17 has 120 seconds left.
|
|t:|1779697386
|switch|p2a: Dragapult|Dragapult, F|100/100
|-damage|p2a: Dragapult|88/100|[from] Stealth Rock
|turn|20
|inactive|penguinusa17 has 120 seconds left.
|
|t:|1779697397
|move|p1a: Alomomola|Protect|p1a: Alomomola
|-singleturn|p1a: Alomomola|Protect
|move|p2a: Dragapult|Shadow Ball|p1a: Alomomola
|-activate|p1a: Alomomola|move: Protect
|
|-weather|Sandstorm|[upkeep]
|-damage|p2a: Dragapult|82/100|[from] Sandstorm
|-damage|p1a: Alomomola|0 fnt|[from] Sandstorm
|faint|p1a: Alomomola
|upkeep
|
|t:|1779697401
|switch|p1a: Tornadus|Tornadus-Therian, M|63/100
|turn|21
|
|t:|1779697413
|switch|p2a: Toxapex|Toxapex, F|100/100
|move|p1a: Tornadus|Knock Off|p2a: Toxapex
|-damage|p2a: Toxapex|88/100
|-enditem|p2a: Toxapex|Heavy-Duty Boots|[from] move: Knock Off|[of] p1a: Tornadus
|
|-weather|Sandstorm|[upkeep]
|-damage|p1a: Tornadus|57/100|[from] Sandstorm
|-damage|p2a: Toxapex|82/100|[from] Sandstorm
|upkeep
|turn|22
|
|t:|1779697423
|move|p1a: Tornadus|Bleakwind Storm|p2a: Toxapex|[miss]
|-miss|p1a: Tornadus|p2a: Toxapex
|move|p2a: Toxapex|Toxic|p1a: Tornadus
|-status|p1a: Tornadus|tox
|
|-weather|none
|-damage|p1a: Tornadus|51/100 tox|[from] psn
|upkeep
|turn|23
|
|t:|1779697432
|move|p1a: Tornadus|Bleakwind Storm|p2a: Toxapex|[miss]
|-miss|p1a: Tornadus|p2a: Toxapex
|move|p2a: Toxapex|Recover|p2a: Toxapex
|-heal|p2a: Toxapex|100/100
|
|-damage|p1a: Tornadus|38/100 tox|[from] psn
|upkeep
|turn|24
|
|t:|1779697441
|move|p2a: Toxapex|Baneful Bunker|p2a: Toxapex
|-singleturn|p2a: Toxapex|move: Protect
|move|p1a: Tornadus|U-turn|p2a: Toxapex
|-activate|p2a: Toxapex|move: Protect
|
|-damage|p1a: Tornadus|20/100 tox|[from] psn
|upkeep
|turn|25
|
|t:|1779697449
|move|p1a: Tornadus|U-turn|p2a: Toxapex
|-resisted|p2a: Toxapex
|-damage|p2a: Toxapex|96/100
|
|t:|1779697453
|switch|p1a: Lokix|Lokix, F|100/100|[from] U-turn
|move|p2a: Toxapex|Toxic|p1a: Lokix
|-status|p1a: Lokix|tox
|
|-damage|p1a: Lokix|94/100 tox|[from] psn
|upkeep
|turn|26
|
|t:|1779697462
|move|p2a: Toxapex|Baneful Bunker|p2a: Toxapex
|-singleturn|p2a: Toxapex|move: Protect
|move|p1a: Lokix|Leech Life|p2a: Toxapex
|-activate|p2a: Toxapex|move: Protect
|
|-damage|p1a: Lokix|82/100 tox|[from] psn
|upkeep
|turn|27
|
|t:|1779697472
|move|p1a: Lokix|Leech Life|p2a: Toxapex
|-resisted|p2a: Toxapex
|-damage|p2a: Toxapex|63/100
|-heal|p1a: Lokix|100/100 tox|[from] drain|[of] p2a: Toxapex
|move|p2a: Toxapex|Hydro Pump|p1a: Lokix
|-damage|p1a: Lokix|59/100 tox
|
|-damage|p1a: Lokix|41/100 tox|[from] psn
|upkeep
|turn|28
|
|t:|1779697483
|switch|p1a: Tornadus|Tornadus-Therian, M|53/100 tox
|move|p2a: Toxapex|Recover|p2a: Toxapex
|-heal|p2a: Toxapex|100/100
|
|-damage|p1a: Tornadus|47/100 tox|[from] psn
|upkeep
|turn|29
|
|t:|1779697494
|switch|p2a: Kingambit|Kingambit, F|100/100
|-damage|p2a: Kingambit|94/100|[from] Stealth Rock
|-activate|p2a: Kingambit|ability: Supreme Overlord
|-start|p2a: Kingambit|fallen3|[silent]
|move|p1a: Tornadus|Bleakwind Storm|p2a: Kingambit
|-resisted|p2a: Kingambit
|-crit|p2a: Kingambit
|-damage|p2a: Kingambit|65/100
|
|-heal|p2a: Kingambit|72/100|[from] item: Leftovers
|-damage|p1a: Tornadus|35/100 tox|[from] psn
|upkeep
|turn|30
|
|t:|1779697511
|switch|p1a: Zamazenta|Zamazenta|100/100
|move|p2a: Kingambit|Kowtow Cleave|p1a: Zamazenta
|-resisted|p1a: Zamazenta
|-damage|p1a: Zamazenta|71/100
|
|-heal|p2a: Kingambit|78/100|[from] item: Leftovers
|upkeep
|turn|31
|
|t:|1779697533
|-terastallize|p2a: Kingambit|Fairy
|move|p1a: Zamazenta|Crunch|p2a: Kingambit
|-resisted|p2a: Kingambit
|-damage|p2a: Kingambit|63/100
|-unboost|p2a: Kingambit|def|1
|move|p2a: Kingambit|Swords Dance|p2a: Kingambit
|-boost|p2a: Kingambit|atk|2
|
|-heal|p2a: Kingambit|70/100|[from] item: Leftovers
|upkeep
|turn|32
|
|t:|1779697544
|switch|p1a: Lokix|Lokix, F|41/100 tox
|move|p2a: Kingambit|Kowtow Cleave|p1a: Lokix
|-resisted|p1a: Lokix
|-damage|p1a: Lokix|0 fnt
|faint|p1a: Lokix
|
|-heal|p2a: Kingambit|76/100|[from] item: Leftovers
|upkeep
|
|t:|1779697547
|switch|p1a: Zamazenta|Zamazenta|71/100
|turn|33
|
|t:|1779697556
|move|p1a: Zamazenta|Heavy Slam|p2a: Kingambit
|-supereffective|p2a: Kingambit
|-damage|p2a: Kingambit|29/100
|move|p2a: Kingambit|Kowtow Cleave|p1a: Zamazenta
|-resisted|p1a: Zamazenta
|-damage|p1a: Zamazenta|7/100
|
|-heal|p2a: Kingambit|35/100|[from] item: Leftovers
|upkeep
|turn|34
|
|t:|1779697565
|move|p2a: Kingambit|Sucker Punch|p1a: Zamazenta
|-resisted|p1a: Zamazenta
|-damage|p1a: Zamazenta|0 fnt
|faint|p1a: Zamazenta
|
|-heal|p2a: Kingambit|41/100|[from] item: Leftovers
|upkeep
|
|t:|1779697567
|switch|p1a: Tornadus|Tornadus-Therian, M|68/100 tox
|turn|35
|
|t:|1779697575
|move|p1a: Tornadus|Bleakwind Storm|p2a: Kingambit|[miss]
|-miss|p1a: Tornadus|p2a: Kingambit
|move|p2a: Kingambit|Kowtow Cleave|p1a: Tornadus
|-damage|p1a: Tornadus|0 fnt
|faint|p1a: Tornadus
|
|win|penguinusa17
|raw|Lamperi0n's rating: 1436 &rarr; <strong>1415</strong><br />(-21 for losing)
|raw|penguinusa17's rating: 1411 &rarr; <strong>1432</strong><br />(+21 for winning)
|l|☆Lamperi0n
|player|p1|
|l|☆penguinusa17
|player|p2|
