|j|☆a2533540231
|j|☆kopv
|t:|1779580302
|gametype|singles
|player|p1|a2533540231|265|1374
|player|p2|kopv|bugcatcher-gen4dp|1401
|gen|9
|tier|[Gen 9] OU
|rated|
|rule|HP Percentage Mod: HP is shown in percentages
|rule|Endless Battle Clause: Forcing endless battles is banned
|rule|Species Clause: Limit one of each Pokémon
|rule|OHKO Clause: OHKO moves are banned
|rule|Evasion Items Clause: Evasion items are banned
|rule|Evasion Moves Clause: Evasion moves are banned
|rule|Evasion Abilities Clause: Evasion abilities are banned
|rule|Sleep Moves Clause: Sleep-inducing moves are banned
|clearpoke
|poke|p1|Garganacl, M|
|poke|p1|Corviknight, M|
|poke|p1|Clodsire, F|
|poke|p1|Dondozo, M|
|poke|p1|Blissey, F|
|poke|p1|Hatterene, F|
|poke|p2|Pelipper, M|
|poke|p2|Barraskewda, M|
|poke|p2|Iron Treads|
|poke|p2|Bruxish, M|
|poke|p2|Raging Bolt|
|poke|p2|Enamorus, F|
|teampreview
|
|t:|1779580317
|teamsize|p1|6
|teamsize|p2|6
|start
|switch|p1a: Garganacl|Garganacl, M|100/100
|switch|p2a: Pelipper|Pelipper, M|100/100
|-weather|RainDance|[from] ability: Drizzle|[of] p2a: Pelipper
|turn|1
|
|t:|1779580321
|move|p2a: Pelipper|Knock Off|p1a: Garganacl
|-damage|p1a: Garganacl|93/100
|-enditem|p1a: Garganacl|Leftovers|[from] move: Knock Off|[of] p2a: Pelipper
|move|p1a: Garganacl|Salt Cure|p2a: Pelipper
|-supereffective|p2a: Pelipper
|-damage|p2a: Pelipper|76/100
|-start|p2a: Pelipper|Salt Cure
|
|-weather|RainDance|[upkeep]
|-damage|p2a: Pelipper|52/100|[from] Salt Cure
|upkeep
|turn|2
|
|t:|1779580340
|switch|p2a: Raging Bolt|Raging Bolt|100/100
|move|p1a: Garganacl|Substitute|p1a: Garganacl
|-start|p1a: Garganacl|Substitute
|-damage|p1a: Garganacl|68/100
|
|-weather|RainDance|[upkeep]
|upkeep
|turn|3
|
|t:|1779580345
|move|p2a: Raging Bolt|Thunder|p1a: Garganacl
|-end|p1a: Garganacl|Substitute
|move|p1a: Garganacl|Salt Cure|p2a: Raging Bolt
|-damage|p2a: Raging Bolt|87/100
|-start|p2a: Raging Bolt|Salt Cure
|
|-weather|RainDance|[upkeep]
|-heal|p2a: Raging Bolt|93/100|[from] item: Leftovers
|-damage|p2a: Raging Bolt|81/100|[from] Salt Cure
|upkeep
|turn|4
|
|t:|1779580351
|move|p1a: Garganacl|Protect|p1a: Garganacl
|-singleturn|p1a: Garganacl|Protect
|move|p2a: Raging Bolt|Weather Ball|p1a: Garganacl
|-activate|p1a: Garganacl|move: Protect
|
|-weather|RainDance|[upkeep]
|-heal|p2a: Raging Bolt|87/100|[from] item: Leftovers
|-damage|p2a: Raging Bolt|74/100|[from] Salt Cure
|upkeep
|turn|5
|
|t:|1779580367
|-end|p2a: Raging Bolt|Protosynthesis|[silent]
|switch|p2a: 'Ello gov'na|Bruxish, M|100/100
|switch|p1a: Blissey|Blissey, F|100/100
|
|-weather|RainDance|[upkeep]
|upkeep
|turn|6
|
|t:|1779580381
|switch|p1a: Corviknight|Corviknight, M|100/100
|-ability|p1a: Corviknight|Pressure
|-terastallize|p2a: 'Ello gov'na|Water
|move|p2a: 'Ello gov'na|Flip Turn|p1a: Corviknight
|-damage|p1a: Corviknight|46/100
|-damage|p2a: 'Ello gov'na|84/100|[from] item: Rocky Helmet|[of] p1a: Corviknight
|
|t:|1779580396
|switch|p2a: Raging Bolt|Raging Bolt|74/100|[from] Flip Turn
|
|-weather|RainDance|[upkeep]
|-heal|p2a: Raging Bolt|81/100|[from] item: Leftovers
|upkeep
|turn|7
|
|t:|1779580408
|-end|p2a: Raging Bolt|Protosynthesis|[silent]
|switch|p2a: Barraskewda|Barraskewda, M|100/100
|switch|p1a: Clodsire|Clodsire, F|100/100
|
|-weather|RainDance|[upkeep]
|upkeep
|turn|8
|
|t:|1779580413
|switch|p1a: Dondozo|Dondozo, M|100/100
|move|p2a: Barraskewda|Flip Turn|p1a: Dondozo
|-resisted|p1a: Dondozo
|-damage|p1a: Dondozo|86/100
|-damage|p2a: Barraskewda|91/100|[from] item: Life Orb
|inactive|Battle timer is ON: inactive players will automatically lose when time's up. (requested by a2533540231)
|
|t:|1779580421
|switch|p2a: Enamorus|Enamorus, F|100/100|[from] Flip Turn
|
|-weather|none
|-heal|p1a: Dondozo|92/100|[from] item: Leftovers
|upkeep
|turn|9
|
|t:|1779580435
|switch|p2a: Pelipper|Pelipper, M|52/100
|-weather|RainDance|[from] ability: Drizzle|[of] p2a: Pelipper
|move|p1a: Dondozo|Curse|p1a: Dondozo
|-unboost|p1a: Dondozo|spe|1
|-boost|p1a: Dondozo|atk|1
|-boost|p1a: Dondozo|def|1
|
|-weather|RainDance|[upkeep]
|-heal|p1a: Dondozo|98/100|[from] item: Leftovers
|upkeep
|turn|10
|
|t:|1779580440
|move|p2a: Pelipper|Roost|p2a: Pelipper
|-heal|p2a: Pelipper|100/100
|-singleturn|p2a: Pelipper|move: Roost
|move|p1a: Dondozo|Body Press|p2a: Pelipper
|-damage|p2a: Pelipper|69/100
|
|-weather|RainDance|[upkeep]
|-heal|p1a: Dondozo|100/100|[from] item: Leftovers
|upkeep
|turn|11
|
|t:|1779580451
|switch|p2a: Raging Bolt|Raging Bolt|81/100
|move|p1a: Dondozo|Curse|p1a: Dondozo
|-unboost|p1a: Dondozo|spe|1
|-boost|p1a: Dondozo|atk|1
|-boost|p1a: Dondozo|def|1
|
|-weather|RainDance|[upkeep]
|-heal|p2a: Raging Bolt|87/100|[from] item: Leftovers
|upkeep
|turn|12
|
|t:|1779580462
|move|p2a: Raging Bolt|Thunder|p1a: Dondozo
|-supereffective|p1a: Dondozo
|-damage|p1a: Dondozo|0 fnt
|faint|p1a: Dondozo
|
|-weather|RainDance|[upkeep]
|-heal|p2a: Raging Bolt|93/100|[from] item: Leftovers
|upkeep
|
|t:|1779580466
|switch|p1a: Hatterene|Hatterene, F|100/100
|turn|13
|
|t:|1779580474
|move|p2a: Raging Bolt|Thunder|p1a: Hatterene
|-damage|p1a: Hatterene|42/100
|move|p1a: Hatterene|Calm Mind|p1a: Hatterene
|-boost|p1a: Hatterene|spa|1
|-boost|p1a: Hatterene|spd|1
|
|-weather|RainDance|[upkeep]
|-heal|p2a: Raging Bolt|99/100|[from] item: Leftovers
|upkeep
|turn|14
|
|t:|1779580482
|-end|p2a: Raging Bolt|Protosynthesis|[silent]
|switch|p2a: Iron Treads|Iron Treads|100/100
|move|p1a: Hatterene|Draining Kiss|p2a: Iron Treads
|-resisted|p2a: Iron Treads
|-damage|p2a: Iron Treads|80/100
|-heal|p1a: Hatterene|60/100|[from] drain|[of] p2a: Iron Treads
|
|-weather|RainDance|[upkeep]
|-heal|p2a: Iron Treads|87/100|[from] item: Leftovers
|upkeep
|turn|15
|
|t:|1779580490
|move|p2a: Iron Treads|Iron Head|p1a: Hatterene
|-supereffective|p1a: Hatterene
|-damage|p1a: Hatterene|3/100
|move|p1a: Hatterene|Trick|p2a: Iron Treads
|-activate|p1a: Hatterene|move: Trick|[of] p2a: Iron Treads
|-item|p2a: Iron Treads|Lagging Tail|[from] move: Trick
|-item|p1a: Hatterene|Leftovers|[from] move: Trick
|
|-weather|RainDance|[upkeep]
|-heal|p1a: Hatterene|9/100|[from] item: Leftovers
|upkeep
|turn|16
|
|t:|1779580510
|switch|p1a: Corviknight|Corviknight, M|46/100
|-ability|p1a: Corviknight|Pressure
|move|p2a: Iron Treads|Iron Head|p1a: Corviknight
|-resisted|p1a: Corviknight
|-damage|p1a: Corviknight|36/100
|-damage|p2a: Iron Treads|70/100|[from] item: Rocky Helmet|[of] p1a: Corviknight
|
|-weather|none
|upkeep
|turn|17
|
|t:|1779580515
|-end|p2a: Iron Treads|Quark Drive|[silent]
|switch|p2a: Pelipper|Pelipper, M|69/100
|-weather|RainDance|[from] ability: Drizzle|[of] p2a: Pelipper
|move|p1a: Corviknight|Roost|p1a: Corviknight
|-heal|p1a: Corviknight|86/100
|-singleturn|p1a: Corviknight|move: Roost
|
|-weather|RainDance|[upkeep]
|upkeep
|turn|18
|
|t:|1779580524
|switch|p1a: Hatterene|Hatterene, F|9/100
|move|p2a: Pelipper|U-turn|p1a: Hatterene
|-damage|p1a: Hatterene|0 fnt
|faint|p1a: Hatterene
|-message|a2533540231 forfeited.
|
|win|kopv
|raw|a2533540231's rating: 1374 &rarr; <strong>1356</strong><br />(-18 for losing)
|raw|kopv's rating: 1401 &rarr; <strong>1419</strong><br />(+18 for winning)
|l|☆a2533540231
|player|p1|
