|j|☆Youyou768
|j|☆QueueStudioQuinn
|t:|1779650775
|gametype|singles
|player|p1|Youyou768|corbeau|1365
|player|p2|QueueStudioQuinn|265|1376
|gen|9
|tier|[Gen 9] OU
|rated|
|rule|HP Percentage Mod: HP is shown in percentages
|rule|Endless Battle Clause: Forcing endless battles is banned
|rule|Species Clause: Limit one of each Pokémon
|rule|OHKO Clause: OHKO moves are banned
|rule|Evasion Items Clause: Evasion items are banned
|rule|Evasion Moves Clause: Evasion moves are banned
|rule|Evasion Abilities Clause: Evasion abilities are banned
|rule|Sleep Moves Clause: Sleep-inducing moves are banned
|clearpoke
|poke|p1|Dragapult, M|
|poke|p1|Great Tusk|
|poke|p1|Tornadus-Therian, M|
|poke|p1|Pecharunt|
|poke|p1|Ogerpon-Wellspring, F|
|poke|p1|Zamazenta-*|
|poke|p2|Hatterene, F|
|poke|p2|Slowking-Galar, M|
|poke|p2|Rillaboom, M|
|poke|p2|Skeledirge, M|
|poke|p2|Sudowoodo, M|
|poke|p2|Sinistcha|
|teampreview
|inactive|Battle timer is ON: inactive players will automatically lose when time's up. (requested by Youyou768)
|
|t:|1779650787
|teamsize|p1|6
|teamsize|p2|6
|start
|switch|p1a: Great Tusk|Great Tusk|100/100
|switch|p2a: Rul334|Hatterene, F|100/100
|turn|1
|
|t:|1779650793
|move|p1a: Great Tusk|Headlong Rush|p2a: Rul334
|-damage|p2a: Rul334|24/100
|-unboost|p1a: Great Tusk|def|1
|-unboost|p1a: Great Tusk|spd|1
|move|p2a: Rul334|Trick Room|p2a: Rul334
|-fieldstart|move: Trick Room|[of] p2a: Rul334
|
|upkeep
|turn|2
|
|t:|1779650803
|move|p2a: Rul334|Psychic Noise|p1a: Great Tusk
|-supereffective|p1a: Great Tusk
|-damage|p1a: Great Tusk|0 fnt
|faint|p1a: Great Tusk
|-end|p1a: Great Tusk|Protosynthesis|[silent]
|
|upkeep
|
|t:|1779650808
|switch|p1a: Tornadus|Tornadus-Therian, M|100/100
|turn|3
|
|t:|1779650812
|switch|p2a: Tung Tung Sahur|Sudowoodo, M|100/100
|move|p1a: Tornadus|Knock Off|p2a: Tung Tung Sahur
|-damage|p2a: Tung Tung Sahur|82/100
|-enditem|p2a: Tung Tung Sahur|Choice Band|[from] move: Knock Off|[of] p1a: Tornadus
|
|upkeep
|turn|4
|
|t:|1779650822
|move|p2a: Tung Tung Sahur|Head Smash|p1a: Tornadus
|-supereffective|p1a: Tornadus
|-damage|p1a: Tornadus|0 fnt
|faint|p1a: Tornadus
|
|upkeep
|
|t:|1779650833
|switch|p1a: Pecharunt|Pecharunt|100/100
|turn|5
|
|t:|1779650852
|move|p2a: Tung Tung Sahur|Head Smash|p1a: Pecharunt|[miss]
|-miss|p2a: Tung Tung Sahur|p1a: Pecharunt
|move|p1a: Pecharunt|Malignant Chain|p2a: Tung Tung Sahur
|-resisted|p2a: Tung Tung Sahur
|-crit|p2a: Tung Tung Sahur
|-damage|p2a: Tung Tung Sahur|50/100
|
|-fieldend|move: Trick Room
|upkeep
|turn|6
|
|t:|1779650865
|switch|p2a: MindOverMatter|Slowking-Galar, M|100/100
|move|p1a: Pecharunt|Malignant Chain|p2a: MindOverMatter
|-resisted|p2a: MindOverMatter
|-damage|p2a: MindOverMatter|91/100
|
|upkeep
|turn|7
|
|t:|1779650876
|move|p1a: Pecharunt|Parting Shot|p2a: MindOverMatter
|-unboost|p2a: MindOverMatter|atk|1
|-unboost|p2a: MindOverMatter|spa|1
|
|t:|1779650880
|switch|p1a: Ogerpon|Ogerpon-Wellspring, F|100/100|[from] Parting Shot
|move|p2a: MindOverMatter|Trick Room|p2a: MindOverMatter
|-fieldstart|move: Trick Room|[of] p2a: MindOverMatter
|
|upkeep
|turn|8
|
|t:|1779650893
|-terastallize|p1a: Ogerpon|Water
|detailschange|p1a: Ogerpon|Ogerpon-Wellspring-Tera, F, tera:Water
|-ability|p1a: Ogerpon|Embody Aspect (Wellspring)|boost
|-boost|p1a: Ogerpon|spd|1
|move|p2a: MindOverMatter|Sludge Bomb|p1a: Ogerpon
|-damage|p1a: Ogerpon|83/100
|move|p1a: Ogerpon|Ivy Cudgel|p2a: MindOverMatter|[anim] Ivy Cudgel Water
|-damage|p2a: MindOverMatter|15/100
|
|upkeep
|turn|9
|
|t:|1779650906
|-prepare|p2a: MindOverMatter|Chilly Reception|[premajor]
|move|p2a: MindOverMatter|Chilly Reception|p2a: MindOverMatter
|-weather|Snowscape
|
|t:|1779650924
|switch|p2a: NotMyCupOfTea|Sinistcha|100/100|[from] Chilly Reception
|move|p1a: Ogerpon|Knock Off|p2a: NotMyCupOfTea
|-supereffective|p2a: NotMyCupOfTea
|-damage|p2a: NotMyCupOfTea|46/100
|-enditem|p2a: NotMyCupOfTea|Heavy-Duty Boots|[from] move: Knock Off|[of] p1a: Ogerpon
|
|-weather|Snowscape|[upkeep]
|upkeep
|turn|10
|
|t:|1779650953
|switch|p1a: Zamazenta|Zamazenta|100/100
|-ability|p1a: Zamazenta|Dauntless Shield|boost
|-boost|p1a: Zamazenta|def|1
|move|p2a: NotMyCupOfTea|Matcha Gotcha|p1a: Zamazenta
|-damage|p1a: Zamazenta|73/100
|-heal|p2a: NotMyCupOfTea|61/100|[from] drain|[of] p1a: Zamazenta
|
|-weather|Snowscape|[upkeep]
|-heal|p1a: Zamazenta|79/100|[from] item: Leftovers
|upkeep
|turn|11
|
|t:|1779650969
|move|p2a: NotMyCupOfTea|Calm Mind|p2a: NotMyCupOfTea
|-boost|p2a: NotMyCupOfTea|spa|1
|-boost|p2a: NotMyCupOfTea|spd|1
|move|p1a: Zamazenta|Crunch|p2a: NotMyCupOfTea
|-supereffective|p2a: NotMyCupOfTea
|-damage|p2a: NotMyCupOfTea|31/100
|
|-weather|Snowscape|[upkeep]
|-heal|p1a: Zamazenta|86/100|[from] item: Leftovers
|-fieldend|move: Trick Room
|upkeep
|turn|12
|
|t:|1779650979
|move|p1a: Zamazenta|Crunch|p2a: NotMyCupOfTea
|-supereffective|p2a: NotMyCupOfTea
|-damage|p2a: NotMyCupOfTea|1/100
|move|p2a: NotMyCupOfTea|Matcha Gotcha|p1a: Zamazenta
|-crit|p1a: Zamazenta
|-damage|p1a: Zamazenta|24/100
|-heal|p2a: NotMyCupOfTea|36/100|[from] drain|[of] p1a: Zamazenta
|
|-weather|Snowscape|[upkeep]
|-heal|p1a: Zamazenta|31/100|[from] item: Leftovers
|upkeep
|turn|13
|
|t:|1779651003
|switch|p2a: Dirge|Skeledirge, M|100/100
|move|p1a: Zamazenta|Crunch|p2a: Dirge
|-supereffective|p2a: Dirge
|-damage|p2a: Dirge|65/100
|
|-weather|none
|-heal|p1a: Zamazenta|37/100|[from] item: Leftovers
|upkeep
|turn|14
|
|t:|1779651021
|-terastallize|p2a: Dirge|Fairy
|move|p2a: Dirge|Will-O-Wisp|p1a: Zamazenta|[miss]
|-miss|p2a: Dirge|p1a: Zamazenta
|move|p1a: Zamazenta|Roar|p2a: Dirge
|drag|p2a: Big Ni**a|Rillaboom, M|100/100
|-fieldstart|move: Grassy Terrain|[from] ability: Grassy Surge|[of] p2a: Big Ni**a
|
|-heal|p1a: Zamazenta|43/100|[from] Grassy Terrain
|-heal|p1a: Zamazenta|49/100|[from] item: Leftovers
|upkeep
|turn|15
|
|t:|1779651037
|move|p1a: Zamazenta|Crunch|p2a: Big Ni**a
|-damage|p2a: Big Ni**a|79/100
|move|p2a: Big Ni**a|U-turn|p1a: Zamazenta
|-resisted|p1a: Zamazenta
|-damage|p1a: Zamazenta|43/100
|
|t:|1779651041
|switch|p2a: MindOverMatter|Slowking-Galar, M|49/100|[from] U-turn
|
|-heal|p1a: Zamazenta|49/100|[from] Grassy Terrain
|-heal|p1a: Zamazenta|55/100|[from] item: Leftovers
|-heal|p2a: MindOverMatter|55/100|[from] Grassy Terrain
|upkeep
|turn|16
|
|t:|1779651047
|move|p1a: Zamazenta|Crunch|p2a: MindOverMatter
|-supereffective|p2a: MindOverMatter
|-damage|p2a: MindOverMatter|11/100
|move|p2a: MindOverMatter|Trick Room|p2a: MindOverMatter
|-fieldstart|move: Trick Room|[of] p2a: MindOverMatter
|
|-heal|p2a: MindOverMatter|17/100|[from] Grassy Terrain
|-heal|p1a: Zamazenta|61/100|[from] Grassy Terrain
|-heal|p1a: Zamazenta|68/100|[from] item: Leftovers
|upkeep
|turn|17
|
|t:|1779651056
|move|p2a: MindOverMatter|Sludge Bomb|p1a: Zamazenta
|-damage|p1a: Zamazenta|40/100
|move|p1a: Zamazenta|Crunch|p2a: MindOverMatter
|-supereffective|p2a: MindOverMatter
|-damage|p2a: MindOverMatter|0 fnt
|faint|p2a: MindOverMatter
|
|-heal|p1a: Zamazenta|46/100|[from] Grassy Terrain
|-heal|p1a: Zamazenta|52/100|[from] item: Leftovers
|upkeep
|
|t:|1779651057
|switch|p2a: Rul334|Hatterene, F|24/100
|turn|18
|
|t:|1779651068
|move|p2a: Rul334|Psychic Noise|p1a: Zamazenta
|-supereffective|p1a: Zamazenta
|-damage|p1a: Zamazenta|0 fnt
|faint|p1a: Zamazenta
|
|-heal|p2a: Rul334|30/100|[from] Grassy Terrain
|upkeep
|
|t:|1779651080
|switch|p1a: Pecharunt|Pecharunt|100/100
|turn|19
|
|t:|1779651097
|move|p2a: Rul334|Psychic Noise|p1a: Pecharunt
|-supereffective|p1a: Pecharunt
|-damage|p1a: Pecharunt|7/100
|-start|p1a: Pecharunt|move: Heal Block
|move|p1a: Pecharunt|Malignant Chain|p2a: Rul334
|-supereffective|p2a: Rul334
|-damage|p2a: Rul334|0 fnt
|faint|p2a: Rul334
|
|upkeep
|
|t:|1779651107
|switch|p2a: Big Ni**a|Rillaboom, M|79/100
|turn|20
|
|t:|1779651113
|move|p2a: Big Ni**a|Knock Off|p1a: Pecharunt
|-supereffective|p1a: Pecharunt
|-damage|p1a: Pecharunt|0 fnt
|-enditem|p1a: Pecharunt|Heavy-Duty Boots|[from] move: Knock Off|[of] p2a: Big Ni**a
|faint|p1a: Pecharunt
|
|-heal|p2a: Big Ni**a|85/100|[from] Grassy Terrain
|-fieldend|move: Trick Room
|upkeep
|
|t:|1779651118
|switch|p1a: Dragapult|Dragapult, M|100/100
|turn|21
|
|t:|1779651125
|switch|p2a: Tung Tung Sahur|Sudowoodo, M|50/100
|move|p1a: Dragapult|Draco Meteor|p2a: Tung Tung Sahur
|-damage|p2a: Tung Tung Sahur|0 fnt
|-unboost|p1a: Dragapult|spa|2
|faint|p2a: Tung Tung Sahur
|
|-fieldend|move: Grassy Terrain
|upkeep
|
|t:|1779651132
|switch|p2a: Big Ni**a|Rillaboom, M|85/100
|-fieldstart|move: Grassy Terrain|[from] ability: Grassy Surge|[of] p2a: Big Ni**a
|turn|22
|
|t:|1779651136
|switch|p1a: Ogerpon|Ogerpon-Wellspring-Tera, F, tera:Water|83/100
|-ability|p1a: Ogerpon|Embody Aspect (Wellspring)|boost
|-boost|p1a: Ogerpon|spd|1
|move|p2a: Big Ni**a|Knock Off|p1a: Ogerpon
|-damage|p1a: Ogerpon|53/100
|
|-heal|p1a: Ogerpon|59/100|[from] Grassy Terrain
|-heal|p2a: Big Ni**a|91/100|[from] Grassy Terrain
|upkeep
|turn|23
|
|t:|1779651141
|move|p2a: Big Ni**a|Grassy Glide|p1a: Ogerpon
|-supereffective|p1a: Ogerpon
|-damage|p1a: Ogerpon|0 fnt
|faint|p1a: Ogerpon
|detailschange|p1: Ogerpon|Ogerpon-Wellspring, F|[silent]
|
|-heal|p2a: Big Ni**a|97/100|[from] Grassy Terrain
|upkeep
|
|t:|1779651146
|switch|p1a: Dragapult|Dragapult, M|100/100
|turn|24
|
|t:|1779651154
|move|p1a: Dragapult|Shadow Ball|p2a: Big Ni**a
|-damage|p2a: Big Ni**a|39/100
|move|p2a: Big Ni**a|Knock Off|p1a: Dragapult
|-supereffective|p1a: Dragapult
|-damage|p1a: Dragapult|6/100
|-enditem|p1a: Dragapult|Choice Specs|[from] move: Knock Off|[of] p2a: Big Ni**a
|
|-heal|p1a: Dragapult|12/100|[from] Grassy Terrain
|-heal|p2a: Big Ni**a|45/100|[from] Grassy Terrain
|upkeep
|turn|25
|
|t:|1779651165
|move|p2a: Big Ni**a|Grassy Glide|p1a: Dragapult
|-resisted|p1a: Dragapult
|-damage|p1a: Dragapult|0 fnt
|faint|p1a: Dragapult
|
|win|QueueStudioQuinn
|raw|Youyou768's rating: 1365 &rarr; <strong>1346</strong><br />(-19 for losing)
|raw|QueueStudioQuinn's rating: 1376 &rarr; <strong>1395</strong><br />(+19 for winning)
|l|☆QueueStudioQuinn
|player|p2|
|l|☆Youyou768
|player|p1|
