|j|☆metropolis2112
|j|☆Hihealtfu
|t:|1779594932
|gametype|singles
|player|p1|metropolis2112|veteran|1221
|player|p2|Hihealtfu|2|1243
|gen|9
|tier|[Gen 9] OU
|rated|
|rule|HP Percentage Mod: HP is shown in percentages
|rule|Endless Battle Clause: Forcing endless battles is banned
|rule|Species Clause: Limit one of each Pokémon
|rule|OHKO Clause: OHKO moves are banned
|rule|Evasion Items Clause: Evasion items are banned
|rule|Evasion Moves Clause: Evasion moves are banned
|rule|Evasion Abilities Clause: Evasion abilities are banned
|rule|Sleep Moves Clause: Sleep-inducing moves are banned
|clearpoke
|poke|p1|Raging Bolt|
|poke|p1|Gliscor, M|
|poke|p1|Gholdengo|
|poke|p1|Kingambit, M|
|poke|p1|Zamazenta-*|
|poke|p1|Dragonite, M|
|poke|p2|Kingambit, M|
|poke|p2|Kommo-o, F|
|poke|p2|Iron Valiant|
|poke|p2|Kyurem|
|poke|p2|Iron Treads|
|poke|p2|Iron Crown|
|teampreview
|inactive|Battle timer is ON: inactive players will automatically lose when time's up. (requested by metropolis2112)
|inactive|metropolis2112 has 120 seconds left.
|
|t:|1779594967
|teamsize|p1|6
|teamsize|p2|6
|start
|switch|p1a: EL TROLAZO|Gliscor, M|100/100
|switch|p2a: Iron Treads|Iron Treads|100/100
|-enditem|p2a: Iron Treads|Booster Energy
|-activate|p2a: Iron Treads|ability: Quark Drive|[fromitem]
|-start|p2a: Iron Treads|quarkdrivespe
|turn|1
|inactive|metropolis2112 has 120 seconds left.
|inactive|Hihealtfu has 120 seconds left.
|inactive|Hihealtfu has 90 seconds left.
|
|t:|1779595033
|move|p1a: EL TROLAZO|Protect|p1a: EL TROLAZO
|-singleturn|p1a: EL TROLAZO|Protect
|move|p2a: Iron Treads|Stealth Rock|p1a: EL TROLAZO
|-sidestart|p1: metropolis2112|move: Stealth Rock
|
|-status|p1a: EL TROLAZO|tox|[from] item: Toxic Orb
|upkeep
|turn|2
|inactive|metropolis2112 has 120 seconds left.
|inactive|Hihealtfu has 90 seconds left.
|inactive|metropolis2112 has 90 seconds left.
|
|t:|1779595075
|-end|p2a: Iron Treads|Quark Drive|[silent]
|switch|p2a: Kyurem|Kyurem|100/100
|-ability|p2a: Kyurem|Pressure
|move|p1a: EL TROLAZO|Earthquake|p2a: Kyurem
|-damage|p2a: Kyurem|68/100
|
|upkeep
|turn|3
|inactive|metropolis2112 has 90 seconds left.
|inactive|Hihealtfu has 90 seconds left.
|inactive|Hihealtfu has 60 seconds left.
|
|t:|1779595133
|-terastallize|p1a: EL TROLAZO|Water
|move|p2a: Kyurem|Dragon Dance|p2a: Kyurem
|-boost|p2a: Kyurem|atk|1
|-boost|p2a: Kyurem|spe|1
|move|p1a: EL TROLAZO|Earthquake|p2a: Kyurem
|-damage|p2a: Kyurem|35/100
|
|upkeep
|turn|4
|inactive|metropolis2112 has 90 seconds left.
|inactive|Hihealtfu has 30 seconds left.
|
|t:|1779595161
|move|p2a: Kyurem|Scale Shot|p1a: EL TROLAZO
|-damage|p1a: EL TROLAZO|86/100 tox
|-damage|p1a: EL TROLAZO|72/100 tox
|-damage|p1a: EL TROLAZO|56/100 tox
|-damage|p1a: EL TROLAZO|41/100 tox
|-hitcount|p1a: EL TROLAZO|4
|-unboost|p2a: Kyurem|def|1
|-boost|p2a: Kyurem|spe|1
|move|p1a: EL TROLAZO|Earthquake|p2a: Kyurem
|-damage|p2a: Kyurem|0 fnt
|faint|p2a: Kyurem
|
|-heal|p1a: EL TROLAZO|53/100 tox|[from] ability: Poison Heal
|upkeep
|inactive|Hihealtfu has 30 seconds left.
|
|t:|1779595169
|switch|p2a: Kommo-o|Kommo-o, F|100/100
|turn|5
|
|t:|1779595177
|move|p2a: Kommo-o|Substitute|p2a: Kommo-o
|-start|p2a: Kommo-o|Substitute
|-damage|p2a: Kommo-o|75/100
|move|p1a: EL TROLAZO|Toxic||[still]
|-fail|p1a: EL TROLAZO
|
|-heal|p2a: Kommo-o|82/100|[from] item: Leftovers
|-heal|p1a: EL TROLAZO|66/100 tox|[from] ability: Poison Heal
|upkeep
|turn|6
|
|t:|1779595186
|move|p2a: Kommo-o|Clangorous Soul|p2a: Kommo-o
|-boost|p2a: Kommo-o|atk|1
|-boost|p2a: Kommo-o|def|1
|-boost|p2a: Kommo-o|spa|1
|-boost|p2a: Kommo-o|spd|1
|-boost|p2a: Kommo-o|spe|1
|-damage|p2a: Kommo-o|49/100
|move|p1a: EL TROLAZO|Earthquake|p2a: Kommo-o
|-activate|p2a: Kommo-o|move: Substitute|[damage]
|
|-heal|p2a: Kommo-o|55/100|[from] item: Leftovers
|-heal|p1a: EL TROLAZO|78/100 tox|[from] ability: Poison Heal
|upkeep
|turn|7
|
|t:|1779595214
|move|p2a: Kommo-o|Clangorous Soul|p2a: Kommo-o
|-boost|p2a: Kommo-o|atk|1
|-boost|p2a: Kommo-o|def|1
|-boost|p2a: Kommo-o|spa|1
|-boost|p2a: Kommo-o|spd|1
|-boost|p2a: Kommo-o|spe|1
|-damage|p2a: Kommo-o|22/100
|move|p1a: EL TROLAZO|Earthquake|p2a: Kommo-o
|-end|p2a: Kommo-o|Substitute
|
|-heal|p2a: Kommo-o|28/100|[from] item: Leftovers
|-heal|p1a: EL TROLAZO|91/100 tox|[from] ability: Poison Heal
|upkeep
|turn|8
|inactive|metropolis2112 has 90 seconds left.
|
|t:|1779595247
|move|p2a: Kommo-o|Substitute|p2a: Kommo-o
|-start|p2a: Kommo-o|Substitute
|-damage|p2a: Kommo-o|3/100
|move|p1a: EL TROLAZO|Earthquake|p2a: Kommo-o
|-activate|p2a: Kommo-o|move: Substitute|[damage]
|
|-heal|p2a: Kommo-o|10/100|[from] item: Leftovers
|-heal|p1a: EL TROLAZO|100/100 tox|[from] ability: Poison Heal
|upkeep
|turn|9
|
|t:|1779595265
|move|p2a: Kommo-o|Drain Punch|p1a: EL TROLAZO
|-damage|p1a: EL TROLAZO|59/100 tox
|-heal|p2a: Kommo-o|31/100|[from] drain|[of] p1a: EL TROLAZO
|move|p1a: EL TROLAZO|Earthquake|p2a: Kommo-o
|-end|p2a: Kommo-o|Substitute
|
|-heal|p2a: Kommo-o|37/100|[from] item: Leftovers
|-heal|p1a: EL TROLAZO|71/100 tox|[from] ability: Poison Heal
|upkeep
|turn|10
|inactive|metropolis2112 has 90 seconds left.
|
|t:|1779595284
|move|p2a: Kommo-o|Substitute|p2a: Kommo-o
|-start|p2a: Kommo-o|Substitute
|-damage|p2a: Kommo-o|12/100
|move|p1a: EL TROLAZO|Earthquake|p2a: Kommo-o
|-activate|p2a: Kommo-o|move: Substitute|[damage]
|
|-heal|p2a: Kommo-o|18/100|[from] item: Leftovers
|-heal|p1a: EL TROLAZO|84/100 tox|[from] ability: Poison Heal
|upkeep
|turn|11
|
|t:|1779595294
|move|p2a: Kommo-o|Drain Punch|p1a: EL TROLAZO
|-damage|p1a: EL TROLAZO|41/100 tox
|-heal|p2a: Kommo-o|40/100|[from] drain|[of] p1a: EL TROLAZO
|move|p1a: EL TROLAZO|Earthquake|p2a: Kommo-o
|-end|p2a: Kommo-o|Substitute
|
|-heal|p2a: Kommo-o|46/100|[from] item: Leftovers
|-heal|p1a: EL TROLAZO|53/100 tox|[from] ability: Poison Heal
|upkeep
|turn|12
|
|t:|1779595308
|switch|p1a: EL GAMBAS|Gholdengo|100/100
|-damage|p1a: EL GAMBAS|94/100|[from] Stealth Rock
|move|p2a: Kommo-o|Substitute|p2a: Kommo-o
|-start|p2a: Kommo-o|Substitute
|-damage|p2a: Kommo-o|21/100
|
|-heal|p2a: Kommo-o|27/100|[from] item: Leftovers
|upkeep
|turn|13
|
|t:|1779595318
|-terastallize|p2a: Kommo-o|Ghost
|move|p2a: Kommo-o|Shadow Claw|p1a: EL GAMBAS
|-supereffective|p1a: EL GAMBAS
|-damage|p1a: EL GAMBAS|0 fnt
|faint|p1a: EL GAMBAS
|
|-heal|p2a: Kommo-o|33/100|[from] item: Leftovers
|upkeep
|
|t:|1779595338
|switch|p1a: EL GARCHEADOR|Kingambit, M|100/100
|-damage|p1a: EL GARCHEADOR|94/100|[from] Stealth Rock
|-activate|p1a: EL GARCHEADOR|ability: Supreme Overlord
|-start|p1a: EL GARCHEADOR|fallen1|[silent]
|turn|14
|inactive|Hihealtfu has 60 seconds left.
|
|t:|1779595346
|-end|p1a: EL GARCHEADOR|fallen1|[silent]
|switch|p1a: EL PATRÓN|Dragonite, M|100/100
|move|p2a: Kommo-o|Drain Punch|p1a: EL PATRÓN
|-resisted|p1a: EL PATRÓN
|-damage|p1a: EL PATRÓN|87/100
|-heal|p2a: Kommo-o|41/100|[from] drain|[of] p1a: EL PATRÓN
|
|-heal|p2a: Kommo-o|47/100|[from] item: Leftovers
|upkeep
|turn|15
|
|t:|1779595368
|move|p2a: Kommo-o|Shadow Claw|p1a: EL PATRÓN
|-damage|p1a: EL PATRÓN|35/100
|move|p1a: EL PATRÓN|Ice Punch|p2a: Kommo-o
|-activate|p2a: Kommo-o|move: Substitute|[damage]
|
|-heal|p2a: Kommo-o|53/100|[from] item: Leftovers
|upkeep
|turn|16
|
|t:|1779595378
|move|p2a: Kommo-o|Clangorous Soul|p2a: Kommo-o
|-boost|p2a: Kommo-o|atk|1
|-boost|p2a: Kommo-o|def|1
|-boost|p2a: Kommo-o|spa|1
|-boost|p2a: Kommo-o|spd|1
|-boost|p2a: Kommo-o|spe|1
|-damage|p2a: Kommo-o|20/100
|move|p1a: EL PATRÓN|Ice Punch|p2a: Kommo-o
|-activate|p2a: Kommo-o|move: Substitute|[damage]
|
|-heal|p2a: Kommo-o|26/100|[from] item: Leftovers
|upkeep
|turn|17
|
|t:|1779595390
|move|p2a: Kommo-o|Shadow Claw|p1a: EL PATRÓN
|-damage|p1a: EL PATRÓN|0 fnt
|faint|p1a: EL PATRÓN
|
|-heal|p2a: Kommo-o|33/100|[from] item: Leftovers
|upkeep
|
|t:|1779595401
|switch|p1a: EL GARCHEADOR|Kingambit, M|94/100
|-damage|p1a: EL GARCHEADOR|88/100|[from] Stealth Rock
|-activate|p1a: EL GARCHEADOR|ability: Supreme Overlord
|-start|p1a: EL GARCHEADOR|fallen2|[silent]
|turn|18
|
|t:|1779595410
|move|p1a: EL GARCHEADOR|Sucker Punch|p2a: Kommo-o
|-supereffective|p2a: Kommo-o
|-crit|p2a: Kommo-o
|-end|p2a: Kommo-o|Substitute
|move|p2a: Kommo-o|Drain Punch|p1a: EL GARCHEADOR
|-supereffective|p1a: EL GARCHEADOR
|-damage|p1a: EL GARCHEADOR|0 fnt
|-heal|p2a: Kommo-o|75/100|[from] drain|[of] p1a: EL GARCHEADOR
|faint|p1a: EL GARCHEADOR
|-end|p1a: EL GARCHEADOR|fallen2|[silent]
|
|-heal|p2a: Kommo-o|81/100|[from] item: Leftovers
|upkeep
|
|t:|1779595423
|switch|p1a: EL BLINDADO|Zamazenta|100/100
|-damage|p1a: EL BLINDADO|94/100|[from] Stealth Rock
|-ability|p1a: EL BLINDADO|Dauntless Shield|boost
|-boost|p1a: EL BLINDADO|def|1
|turn|19
|
|t:|1779595428
|move|p2a: Kommo-o|Substitute|p2a: Kommo-o
|-start|p2a: Kommo-o|Substitute
|-damage|p2a: Kommo-o|56/100
|move|p1a: EL BLINDADO|Crunch|p2a: Kommo-o
|-supereffective|p2a: Kommo-o
|-activate|p2a: Kommo-o|move: Substitute|[damage]
|
|-heal|p2a: Kommo-o|63/100|[from] item: Leftovers
|-heal|p1a: EL BLINDADO|100/100|[from] item: Leftovers
|upkeep
|turn|20
|
|t:|1779595436
|move|p2a: Kommo-o|Clangorous Soul|p2a: Kommo-o
|-boost|p2a: Kommo-o|atk|1
|-boost|p2a: Kommo-o|def|1
|-boost|p2a: Kommo-o|spa|1
|-boost|p2a: Kommo-o|spd|1
|-boost|p2a: Kommo-o|spe|1
|-damage|p2a: Kommo-o|30/100
|move|p1a: EL BLINDADO|Crunch|p2a: Kommo-o
|-supereffective|p2a: Kommo-o
|-end|p2a: Kommo-o|Substitute
|
|-heal|p2a: Kommo-o|36/100|[from] item: Leftovers
|upkeep
|turn|21
|
|t:|1779595454
|move|p2a: Kommo-o|Substitute|p2a: Kommo-o
|-start|p2a: Kommo-o|Substitute
|-damage|p2a: Kommo-o|11/100
|move|p1a: EL BLINDADO|Crunch|p2a: Kommo-o
|-supereffective|p2a: Kommo-o
|-activate|p2a: Kommo-o|move: Substitute|[damage]
|
|-heal|p2a: Kommo-o|17/100|[from] item: Leftovers
|upkeep
|turn|22
|
|t:|1779595463
|move|p2a: Kommo-o|Drain Punch|p1a: EL BLINDADO
|-crit|p1a: EL BLINDADO
|-damage|p1a: EL BLINDADO|8/100
|-heal|p2a: Kommo-o|68/100|[from] drain|[of] p1a: EL BLINDADO
|move|p1a: EL BLINDADO|Crunch|p2a: Kommo-o
|-supereffective|p2a: Kommo-o
|-activate|p2a: Kommo-o|move: Substitute|[damage]
|
|-heal|p2a: Kommo-o|74/100|[from] item: Leftovers
|-heal|p1a: EL BLINDADO|14/100|[from] item: Leftovers
|upkeep
|turn|23
|
|t:|1779595473
|move|p2a: Kommo-o|Clangorous Soul|p2a: Kommo-o
|-boost|p2a: Kommo-o|atk|1
|-boost|p2a: Kommo-o|def|1
|-boost|p2a: Kommo-o|spa|1
|-boost|p2a: Kommo-o|spd|1
|-boost|p2a: Kommo-o|spe|1
|-damage|p2a: Kommo-o|41/100
|move|p1a: EL BLINDADO|Crunch|p2a: Kommo-o
|-supereffective|p2a: Kommo-o
|-end|p2a: Kommo-o|Substitute
|
|-heal|p2a: Kommo-o|48/100|[from] item: Leftovers
|-heal|p1a: EL BLINDADO|21/100|[from] item: Leftovers
|upkeep
|turn|24
|inactive|Hihealtfu has 120 seconds left.
|-message|metropolis2112 forfeited.
|
|win|Hihealtfu
|raw|metropolis2112's rating: 1221 &rarr; <strong>1198</strong><br />(-23 for losing)
|raw|Hihealtfu's rating: 1243 &rarr; <strong>1266</strong><br />(+23 for winning)
|l|☆metropolis2112
|player|p1|
