|j|☆YumeKasumi76
|j|☆ikthoizzykil
|t:|1779692849
|gametype|singles
|player|p1|YumeKasumi76|101|1361
|player|p2|ikthoizzykil|pokemaniac-gen3rs|1378
|gen|9
|tier|[Gen 9] OU
|rated|
|rule|HP Percentage Mod: HP is shown in percentages
|rule|Endless Battle Clause: Forcing endless battles is banned
|rule|Species Clause: Limit one of each Pokémon
|rule|OHKO Clause: OHKO moves are banned
|rule|Evasion Items Clause: Evasion items are banned
|rule|Evasion Moves Clause: Evasion moves are banned
|rule|Evasion Abilities Clause: Evasion abilities are banned
|rule|Sleep Moves Clause: Sleep-inducing moves are banned
|clearpoke
|poke|p1|Dragapult, M|
|poke|p1|Bisharp, F|
|poke|p1|Glimmora, F|
|poke|p1|Entei|
|poke|p1|Braviary-Hisui, M|
|poke|p1|Cloyster, F|
|poke|p2|Braviary, M|
|poke|p2|Hatterene, F|
|poke|p2|Zamazenta-*|
|poke|p2|Dragapult, F|
|poke|p2|Kingambit, F|
|poke|p2|Volcanion|
|teampreview
|inactive|Battle timer is ON: inactive players will automatically lose when time's up. (requested by ikthoizzykil)
|
|t:|1779692864
|teamsize|p1|6
|teamsize|p2|6
|start
|switch|p1a: Railgun|Dragapult, M|100/100
|switch|p2a: Dragapult|Dragapult, F|100/100
|turn|1
|
|t:|1779692872
|switch|p1a: Bellator|Bisharp, F, shiny|100/100
|switch|p2a: Hatterene|Hatterene, F|100/100
|
|upkeep
|turn|2
|
|t:|1779692877
|switch|p2a: Zamazenta|Zamazenta|100/100
|-ability|p2a: Zamazenta|Dauntless Shield|boost
|-boost|p2a: Zamazenta|def|1
|move|p1a: Bellator|Swords Dance|p1a: Bellator
|-boost|p1a: Bellator|atk|2
|
|upkeep
|turn|3
|
|t:|1779692884
|switch|p1a: Railgun|Dragapult, M|100/100
|move|p2a: Zamazenta|Reflect|p2a: Zamazenta
|-sidestart|p2: ikthoizzykil|Reflect
|
|upkeep
|turn|4
|
|t:|1779692888
|move|p1a: Railgun|Reflect|p1a: Railgun
|-sidestart|p1: YumeKasumi76|Reflect
|move|p2a: Zamazenta|Light Screen|p2a: Zamazenta
|-sidestart|p2: ikthoizzykil|move: Light Screen
|
|upkeep
|turn|5
|
|t:|1779692902
|switch|p2a: Braviary|Braviary, M|100/100
|move|p1a: Railgun|Light Screen|p1a: Railgun
|-sidestart|p1: YumeKasumi76|move: Light Screen
|
|upkeep
|turn|6
|
|t:|1779692906
|switch|p1a: Shellussy|Cloyster, F|100/100
|move|p2a: Braviary|Bulk Up|p2a: Braviary
|-boost|p2a: Braviary|atk|1
|-boost|p2a: Braviary|def|1
|
|upkeep
|turn|7
|
|t:|1779692912
|move|p1a: Shellussy|Shell Smash|p1a: Shellussy
|-unboost|p1a: Shellussy|def|1
|-unboost|p1a: Shellussy|spd|1
|-boost|p1a: Shellussy|atk|2
|-boost|p1a: Shellussy|spa|2
|-boost|p1a: Shellussy|spe|2
|-enditem|p1a: Shellussy|White Herb
|-clearnegativeboost|p1a: Shellussy|[silent]
|move|p2a: Braviary|Body Slam|p1a: Shellussy
|-damage|p1a: Shellussy|66/100
|
|upkeep
|turn|8
|
|t:|1779692923
|move|p1a: Shellussy|Icicle Spear|p2a: Braviary
|-supereffective|p2a: Braviary
|-damage|p2a: Braviary|85/100
|-supereffective|p2a: Braviary
|-damage|p2a: Braviary|67/100
|-supereffective|p2a: Braviary
|-damage|p2a: Braviary|50/100
|-supereffective|p2a: Braviary
|-damage|p2a: Braviary|32/100
|-supereffective|p2a: Braviary
|-damage|p2a: Braviary|17/100
|-hitcount|p2a: Braviary|5
|move|p2a: Braviary|Bulk Up|p2a: Braviary
|-boost|p2a: Braviary|atk|1
|-boost|p2a: Braviary|def|1
|
|upkeep
|turn|9
|
|t:|1779692938
|switch|p2a: Kingambit|Kingambit, F|100/100
|move|p1a: Shellussy|Icicle Spear|p2a: Kingambit
|-resisted|p2a: Kingambit
|-damage|p2a: Kingambit|96/100
|-resisted|p2a: Kingambit
|-damage|p2a: Kingambit|92/100
|-resisted|p2a: Kingambit
|-damage|p2a: Kingambit|88/100
|-resisted|p2a: Kingambit
|-damage|p2a: Kingambit|84/100
|-resisted|p2a: Kingambit
|-damage|p2a: Kingambit|79/100
|-hitcount|p2a: Kingambit|5
|
|upkeep
|turn|10
|
|t:|1779692948
|move|p1a: Shellussy|Hydro Pump|p2a: Kingambit|[miss]
|-miss|p1a: Shellussy|p2a: Kingambit
|move|p2a: Kingambit|Swords Dance|p2a: Kingambit
|-boost|p2a: Kingambit|atk|2
|
|-sideend|p2: ikthoizzykil|Reflect
|upkeep
|turn|11
|
|t:|1779692961
|-terastallize|p2a: Kingambit|Dark
|move|p2a: Kingambit|Sucker Punch|p1a: Shellussy
|-damage|p1a: Shellussy|12/100
|move|p1a: Shellussy|Hydro Pump|p2a: Kingambit|[miss]
|-miss|p1a: Shellussy|p2a: Kingambit
|
|-sideend|p1: YumeKasumi76|Reflect
|-sideend|p2: ikthoizzykil|move: Light Screen
|upkeep
|turn|12
|
|t:|1779692968
|move|p2a: Kingambit|Sucker Punch||[still]
|-fail|p2a: Kingambit
|move|p1a: Shellussy|Spikes|p2a: Kingambit
|-sidestart|p2: ikthoizzykil|Spikes
|
|-sideend|p1: YumeKasumi76|move: Light Screen
|upkeep
|turn|13
|
|t:|1779692973
|move|p2a: Kingambit|Sucker Punch||[still]
|-fail|p2a: Kingambit
|move|p1a: Shellussy|Spikes|p2a: Kingambit
|-sidestart|p2: ikthoizzykil|Spikes
|
|upkeep
|turn|14
|
|t:|1779692977
|move|p2a: Kingambit|Sucker Punch|p1a: Shellussy
|-damage|p1a: Shellussy|0 fnt
|faint|p1a: Shellussy
|
|upkeep
|
|t:|1779692980
|switch|p1a: Railgun|Dragapult, M|100/100
|turn|15
|
|t:|1779692983
|move|p1a: Railgun|Reflect|p1a: Railgun
|-sidestart|p1: YumeKasumi76|Reflect
|move|p2a: Kingambit|Kowtow Cleave|p1a: Railgun
|-supereffective|p1a: Railgun
|-damage|p1a: Railgun|0 fnt
|faint|p1a: Railgun
|
|upkeep
|
|t:|1779692985
|switch|p1a: Sovereign|Entei|100/100
|turn|16
|
|t:|1779692992
|move|p2a: Kingambit|Sucker Punch||[still]
|-fail|p2a: Kingambit
|move|p1a: Sovereign|Roar|p2a: Kingambit
|-end|p2a: Kingambit|fallenundefined|[silent]
|drag|p2a: Dragapult|Dragapult, F|100/100
|-damage|p2a: Dragapult|84/100|[from] Spikes
|
|-heal|p2a: Dragapult|90/100|[from] item: Leftovers
|upkeep
|turn|17
|
|t:|1779693002
|move|p2a: Dragapult|Substitute|p2a: Dragapult
|-start|p2a: Dragapult|Substitute
|-damage|p2a: Dragapult|65/100
|move|p1a: Sovereign|Sacred Fire|p2a: Dragapult
|-resisted|p2a: Dragapult
|-end|p2a: Dragapult|Substitute
|
|-heal|p2a: Dragapult|72/100|[from] item: Leftovers
|upkeep
|turn|18
|
|t:|1779693010
|move|p2a: Dragapult|Phantom Force||[still]
|-prepare|p2a: Dragapult|Phantom Force
|move|p1a: Sovereign|Roar|p2a: Dragapult|[miss]
|-miss|p1a: Sovereign|p2a: Dragapult
|
|-heal|p2a: Dragapult|78/100|[from] item: Leftovers
|upkeep
|turn|19
|
|t:|1779693016
|-terastallize|p1a: Sovereign|Normal
|move|p2a: Dragapult|Phantom Force|p1a: Sovereign|[from] lockedmove
|-immune|p1a: Sovereign
|move|p1a: Sovereign|Roar|p2a: Dragapult
|drag|p2a: Kingambit|Kingambit, F, tera:Dark|79/100
|-damage|p2a: Kingambit|63/100|[from] Spikes
|
|upkeep
|turn|20
|
|t:|1779693024
|move|p1a: Sovereign|Sacred Fire|p2a: Kingambit
|-damage|p2a: Kingambit|25/100
|move|p2a: Kingambit|Kowtow Cleave|p1a: Sovereign
|-damage|p1a: Sovereign|65/100
|
|upkeep
|turn|21
|
|t:|1779693031
|-end|p2a: Kingambit|fallenundefined|[silent]
|switch|p2a: Volcanion|Volcanion|100/100
|-damage|p2a: Volcanion|84/100|[from] Spikes
|move|p1a: Sovereign|Extreme Speed|p2a: Volcanion
|-damage|p2a: Volcanion|46/100
|
|upkeep
|turn|22
|
|t:|1779693044
|move|p1a: Sovereign|Stone Edge|p2a: Volcanion|[miss]
|-miss|p1a: Sovereign|p2a: Volcanion
|move|p2a: Volcanion|Steam Eruption|p1a: Sovereign
|-damage|p1a: Sovereign|0 fnt
|faint|p1a: Sovereign
|
|-sideend|p1: YumeKasumi76|Reflect
|upkeep
|
|t:|1779693048
|switch|p1a: Bellator|Bisharp, F, shiny|100/100
|turn|23
|
|t:|1779693053
|switch|p2a: Zamazenta|Zamazenta|100/100
|-damage|p2a: Zamazenta|84/100|[from] Spikes
|move|p1a: Bellator|Stealth Rock|p2a: Zamazenta
|-sidestart|p2: ikthoizzykil|move: Stealth Rock
|
|upkeep
|turn|24
|
|t:|1779693060
|switch|p1a: Hikari|Glimmora, F|100/100
|move|p2a: Zamazenta|Light Screen|p2a: Zamazenta
|-sidestart|p2: ikthoizzykil|move: Light Screen
|
|upkeep
|turn|25
|
|t:|1779693064
|switch|p2a: Hatterene|Hatterene, F|100/100
|-damage|p2a: Hatterene|84/100|[from] Spikes
|-damage|p2a: Hatterene|72/100|[from] Stealth Rock
|move|p1a: Hikari|Mortal Spin|p2a: Hatterene
|-supereffective|p2a: Hatterene
|-damage|p2a: Hatterene|62/100
|-status|p2a: Hatterene|psn
|
|-heal|p2a: Hatterene|68/100 psn|[from] item: Leftovers
|-damage|p2a: Hatterene|56/100 psn|[from] psn
|upkeep
|turn|26
|
|t:|1779693074
|move|p1a: Hikari|Meteor Beam||[still]
|-prepare|p1a: Hikari|Meteor Beam
|-boost|p1a: Hikari|spa|1
|-enditem|p1a: Hikari|Power Herb
|-anim|p1a: Hikari|Meteor Beam|p2a: Hatterene
|-damage|p2a: Hatterene|10/100 psn
|move|p2a: Hatterene|Mystical Fire|p1a: Hikari
|-resisted|p1a: Hikari
|-damage|p1a: Hikari|85/100
|-unboost|p1a: Hikari|spa|1
|
|-heal|p2a: Hatterene|16/100 psn|[from] item: Leftovers
|-damage|p2a: Hatterene|3/100 psn|[from] psn
|upkeep
|turn|27
|
|t:|1779693086
|move|p1a: Hikari|Mortal Spin|p2a: Hatterene
|-supereffective|p2a: Hatterene
|-damage|p2a: Hatterene|0 fnt
|faint|p2a: Hatterene
|
|upkeep
|
|t:|1779693091
|switch|p2a: Dragapult|Dragapult, F|78/100
|-damage|p2a: Dragapult|61/100|[from] Spikes
|-damage|p2a: Dragapult|49/100|[from] Stealth Rock
|turn|28
|
|t:|1779693096
|move|p2a: Dragapult|Dragon Darts|p1a: Hikari
|-damage|p1a: Hikari|49/100
|-activate|p1a: Hikari|ability: Toxic Debris
|-sidestart|p2: ikthoizzykil|move: Toxic Spikes
|-anim|p2a: Dragapult|Dragon Darts|p1a: Hikari
|-damage|p1a: Hikari|19/100
|-activate|p1a: Hikari|ability: Toxic Debris
|-sidestart|p2: ikthoizzykil|move: Toxic Spikes
|move|p1a: Hikari|Dazzling Gleam|p2a: Dragapult
|-supereffective|p2a: Dragapult
|-damage|p2a: Dragapult|15/100
|
|-heal|p2a: Dragapult|21/100|[from] item: Leftovers
|upkeep
|turn|29
|
|t:|1779693108
|move|p2a: Dragapult|Dragon Darts|p1a: Hikari
|-damage|p1a: Hikari|0 fnt
|faint|p1a: Hikari
|
|-heal|p2a: Dragapult|27/100|[from] item: Leftovers
|upkeep
|
|t:|1779693110
|switch|p1a: Bellator|Bisharp, F, shiny|100/100
|turn|30
|
|t:|1779693115
|move|p2a: Dragapult|Dragon Dance|p2a: Dragapult
|-boost|p2a: Dragapult|atk|1
|-boost|p2a: Dragapult|spe|1
|move|p1a: Bellator|Iron Head|p2a: Dragapult
|-damage|p2a: Dragapult|0 fnt
|faint|p2a: Dragapult
|
|upkeep
|
|t:|1779693123
|switch|p2a: Zamazenta|Zamazenta|84/100
|-damage|p2a: Zamazenta|67/100|[from] Spikes
|-damage|p2a: Zamazenta|61/100|[from] Stealth Rock
|-status|p2a: Zamazenta|tox
|turn|31
|
|t:|1779693129
|switch|p1a: Mentalist|Braviary-Hisui, M|100/100
|move|p2a: Zamazenta|Reflect|p2a: Zamazenta
|-sidestart|p2: ikthoizzykil|Reflect
|
|-damage|p2a: Zamazenta|55/100 tox|[from] psn
|-sideend|p2: ikthoizzykil|move: Light Screen
|upkeep
|turn|32
|
|t:|1779693136
|move|p2a: Zamazenta|Light Screen|p2a: Zamazenta
|-sidestart|p2: ikthoizzykil|move: Light Screen
|move|p1a: Mentalist|Hurricane|p2a: Zamazenta|[miss]
|-miss|p1a: Mentalist|p2a: Zamazenta
|
|-damage|p2a: Zamazenta|43/100 tox|[from] psn
|upkeep
|turn|33
|
|t:|1779693141
|move|p2a: Zamazenta|Stone Edge|p1a: Mentalist
|-supereffective|p1a: Mentalist
|-damage|p1a: Mentalist|32/100
|-enditem|p1a: Mentalist|Weakness Policy
|-boost|p1a: Mentalist|atk|2|[from] item: Weakness Policy
|-boost|p1a: Mentalist|spa|2|[from] item: Weakness Policy
|move|p1a: Mentalist|Hurricane|p2a: Zamazenta
|-supereffective|p2a: Zamazenta
|-damage|p2a: Zamazenta|0 fnt
|faint|p2a: Zamazenta
|
|upkeep
|
|t:|1779693151
|switch|p2a: Kingambit|Kingambit, F, tera:Dark|25/100
|-damage|p2a: Kingambit|9/100|[from] Spikes
|-damage|p2a: Kingambit|0 fnt|[from] Stealth Rock
|faint|p2a: Kingambit
|-end|p2a: Kingambit|fallenundefined|[silent]
|
|t:|1779693155
|switch|p2a: Volcanion|Volcanion|46/100
|-damage|p2a: Volcanion|30/100|[from] Spikes
|-damage|p2a: Volcanion|5/100|[from] Stealth Rock
|-status|p2a: Volcanion|tox
|turn|34
|
|t:|1779693163
|move|p1a: Mentalist|Esper Wing|p2a: Volcanion
|-damage|p2a: Volcanion|0 fnt
|-boost|p1a: Mentalist|spe|1
|faint|p2a: Volcanion
|
|upkeep
|-message|ikthoizzykil forfeited.
|
|win|YumeKasumi76
|raw|YumeKasumi76's rating: 1361 &rarr; <strong>1382</strong><br />(+21 for winning)
|raw|ikthoizzykil's rating: 1378 &rarr; <strong>1357</strong><br />(-21 for losing)
|l|☆ikthoizzykil
|player|p2|
|l|☆YumeKasumi76
|player|p1|
