|j|☆Indigo Disk CJ
|j|☆dsekop
|t:|1779711641
|gametype|singles
|player|p1|Indigo Disk CJ|2|1562
|player|p2|dsekop|unknown|1537
|gen|9
|tier|[Gen 9] OU
|rated|
|rule|HP Percentage Mod: HP is shown in percentages
|rule|Endless Battle Clause: Forcing endless battles is banned
|rule|Species Clause: Limit one of each Pokémon
|rule|OHKO Clause: OHKO moves are banned
|rule|Evasion Items Clause: Evasion items are banned
|rule|Evasion Moves Clause: Evasion moves are banned
|rule|Evasion Abilities Clause: Evasion abilities are banned
|rule|Sleep Moves Clause: Sleep-inducing moves are banned
|clearpoke
|poke|p1|Landorus-Therian, M|
|poke|p1|Ogerpon-Wellspring, F|
|poke|p1|Gholdengo|
|poke|p1|Tyranitar, F|
|poke|p1|Raging Bolt|
|poke|p1|Cinderace, F|
|poke|p2|Regieleki|
|poke|p2|Gliscor, F|
|poke|p2|Samurott-Hisui, F|
|poke|p2|Moltres|
|poke|p2|Gholdengo|
|poke|p2|Sinistcha-Masterpiece|
|teampreview
|inactive|Battle timer is ON: inactive players will automatically lose when time's up. (requested by dsekop)
|
|t:|1779711652
|teamsize|p1|6
|teamsize|p2|6
|start
|switch|p1a: Tyranitar|Tyranitar, F, shiny|100/100
|switch|p2a: Gliscor|Gliscor, F|100/100
|-weather|Sandstorm|[from] ability: Sand Stream|[of] p1a: Tyranitar
|turn|1
|
|t:|1779711658
|switch|p1a: Landorus|Landorus-Therian, M|100/100
|-ability|p1a: Landorus|Intimidate|boost
|-unboost|p2a: Gliscor|atk|1
|move|p2a: Gliscor|Protect||[still]
|-fail|p2a: Gliscor
|
|-weather|Sandstorm|[upkeep]
|-status|p2a: Gliscor|tox|[from] item: Toxic Orb
|upkeep
|turn|2
|
|t:|1779711662
|move|p1a: Landorus|Taunt|p2a: Gliscor
|-start|p2a: Gliscor|move: Taunt
|cant|p2a: Gliscor|move: Taunt|Stealth Rock
|
|-weather|Sandstorm|[upkeep]
|upkeep
|turn|3
|
|t:|1779711667
|switch|p2a: Moltres|Moltres|100/100
|move|p1a: Landorus|Stealth Rock|p2a: Moltres
|-sidestart|p2: dsekop|move: Stealth Rock
|
|-weather|Sandstorm|[upkeep]
|-damage|p2a: Moltres|94/100|[from] Sandstorm
|upkeep
|turn|4
|
|t:|1779711671
|move|p1a: Landorus|Taunt|p2a: Moltres
|-start|p2a: Moltres|move: Taunt
|move|p2a: Moltres|U-turn|p1a: Landorus
|-resisted|p1a: Landorus
|-damage|p1a: Landorus|93/100
|-damage|p2a: Moltres|78/100|[from] item: Rocky Helmet|[of] p1a: Landorus
|
|t:|1779711677
|switch|p2a: Gliscor|Gliscor, F|100/100 tox|[from] U-turn
|-damage|p2a: Gliscor|88/100 tox|[from] Stealth Rock
|
|-weather|Sandstorm|[upkeep]
|-heal|p2a: Gliscor|100/100 tox|[from] ability: Poison Heal
|upkeep
|turn|5
|
|t:|1779711688
|switch|p2a: Gholdengo|Gholdengo|100/100
|-damage|p2a: Gholdengo|94/100|[from] Stealth Rock
|move|p1a: Landorus|Taunt|p2a: Gholdengo
|-immune|p2a: Gholdengo|[from] ability: Good as Gold
|
|-weather|none
|upkeep
|turn|6
|
|t:|1779711692
|switch|p2a: Moltres|Moltres|78/100
|move|p1a: Landorus|Earthquake|p2a: Moltres
|-immune|p2a: Moltres
|
|upkeep
|turn|7
|
|t:|1779711694
|move|p1a: Landorus|Taunt|p2a: Moltres
|-start|p2a: Moltres|move: Taunt
|move|p2a: Moltres|Flamethrower|p1a: Landorus
|-damage|p1a: Landorus|56/100
|-status|p1a: Landorus|brn
|
|-damage|p1a: Landorus|50/100 brn|[from] brn
|upkeep
|turn|8
|
|t:|1779711700
|move|p1a: Landorus|U-turn|p2a: Moltres
|-resisted|p2a: Moltres
|-damage|p2a: Moltres|76/100
|
|t:|1779711706
|switch|p1a: Cinderace|Cinderace, F, shiny|100/100|[from] U-turn
|move|p2a: Moltres|U-turn|p1a: Cinderace
|-resisted|p1a: Cinderace
|-damage|p1a: Cinderace|91/100
|
|t:|1779711710
|switch|p2a: Gliscor|Gliscor, F|100/100 tox|[from] U-turn
|-damage|p2a: Gliscor|88/100 tox|[from] Stealth Rock
|
|-heal|p2a: Gliscor|100/100 tox|[from] ability: Poison Heal
|upkeep
|turn|9
|
|t:|1779711715
|switch|p1a: Ogerpon|Ogerpon-Wellspring, F|100/100
|move|p2a: Gliscor|Stealth Rock|p1a: Ogerpon
|-sidestart|p1: Indigo Disk CJ|move: Stealth Rock
|
|upkeep
|turn|10
|
|t:|1779711720
|switch|p2a: Sinistcha|Sinistcha-Masterpiece|100/100
|move|p1a: Ogerpon|Encore||[still]
|-fail|p1a: Ogerpon
|
|upkeep
|turn|11
|
|t:|1779711724
|move|p1a: Ogerpon|U-turn|p2a: Sinistcha
|-damage|p2a: Sinistcha|80/100
|
|t:|1779711727
|switch|p1a: Cinderace|Cinderace, F, shiny|91/100|[from] U-turn
|move|p2a: Sinistcha|Matcha Gotcha|p1a: Cinderace
|-resisted|p1a: Cinderace
|-damage|p1a: Cinderace|70/100
|-heal|p2a: Sinistcha|89/100|[from] drain|[of] p1a: Cinderace
|
|upkeep
|turn|12
|
|t:|1779711734
|switch|p2a: Moltres|Moltres|76/100
|move|p1a: Cinderace|U-turn|p2a: Moltres
|-start|p1a: Cinderace|typechange|Bug|[from] ability: Libero
|-resisted|p2a: Moltres
|-damage|p2a: Moltres|70/100
|-status|p1a: Cinderace|brn|[from] ability: Flame Body|[of] p2a: Moltres
|
|t:|1779711738
|switch|p1a: Tyranitar|Tyranitar, F, shiny|100/100|[from] U-turn
|-damage|p1a: Tyranitar|88/100|[from] Stealth Rock
|-weather|Sandstorm|[from] ability: Sand Stream|[of] p1a: Tyranitar
|
|-weather|Sandstorm|[upkeep]
|-damage|p2a: Moltres|64/100|[from] Sandstorm
|upkeep
|turn|13
|
|t:|1779711744
|switch|p2a: Gliscor|Gliscor, F|100/100 tox
|-damage|p2a: Gliscor|88/100 tox|[from] Stealth Rock
|move|p1a: Tyranitar|Stone Edge|p2a: Gliscor
|-damage|p2a: Gliscor|28/100 tox
|
|-weather|Sandstorm|[upkeep]
|-heal|p2a: Gliscor|41/100 tox|[from] ability: Poison Heal
|upkeep
|turn|14
|
|t:|1779711750
|switch|p1a: Ogerpon|Ogerpon-Wellspring, F|100/100
|-damage|p1a: Ogerpon|88/100|[from] Stealth Rock
|move|p2a: Gliscor|Protect||[still]
|-fail|p2a: Gliscor
|
|-weather|Sandstorm|[upkeep]
|-damage|p1a: Ogerpon|82/100|[from] Sandstorm
|-heal|p2a: Gliscor|53/100 tox|[from] ability: Poison Heal
|upkeep
|turn|15
|
|t:|1779711753
|switch|p2a: Sinistcha|Sinistcha-Masterpiece|89/100
|move|p1a: Ogerpon|Power Whip|p2a: Sinistcha
|-resisted|p2a: Sinistcha
|-damage|p2a: Sinistcha|67/100
|
|-weather|Sandstorm|[upkeep]
|-damage|p1a: Ogerpon|76/100|[from] Sandstorm
|-damage|p2a: Sinistcha|61/100|[from] Sandstorm
|upkeep
|turn|16
|
|t:|1779711760
|move|p1a: Ogerpon|Ivy Cudgel|p2a: Sinistcha|[anim] Ivy Cudgel Water
|-resisted|p2a: Sinistcha
|-damage|p2a: Sinistcha|43/100
|move|p2a: Sinistcha|Strength Sap|p1a: Ogerpon
|-unboost|p1a: Ogerpon|atk|1
|-heal|p2a: Sinistcha|100/100
|
|-weather|none
|upkeep
|turn|17
|
|t:|1779711765
|switch|p2a: Moltres|Moltres|64/100
|move|p1a: Ogerpon|Encore||[still]
|-fail|p1a: Ogerpon
|
|upkeep
|turn|18
|
|t:|1779711768
|switch|p2a: Sinistcha|Sinistcha-Masterpiece|100/100
|move|p1a: Ogerpon|Ivy Cudgel|p2a: Sinistcha|[anim] Ivy Cudgel Water
|-resisted|p2a: Sinistcha
|-damage|p2a: Sinistcha|88/100
|
|upkeep
|turn|19
|
|t:|1779711774
|move|p1a: Ogerpon|U-turn|p2a: Sinistcha
|-damage|p2a: Sinistcha|76/100
|
|t:|1779711776
|switch|p1a: Gholdengo|Gholdengo, shiny|100/100|[from] U-turn
|-damage|p1a: Gholdengo|94/100|[from] Stealth Rock
|-item|p1a: Gholdengo|Air Balloon
|move|p2a: Sinistcha|Matcha Gotcha|p1a: Gholdengo
|-resisted|p1a: Gholdengo
|-damage|p1a: Gholdengo|79/100
|-heal|p2a: Sinistcha|84/100|[from] drain|[of] p1a: Gholdengo
|-enditem|p1a: Gholdengo|Air Balloon
|
|upkeep
|turn|20
|
|t:|1779711781
|switch|p2a: Samurott|Samurott-Hisui, F|100/100
|move|p1a: Gholdengo|Thunder Wave|p2a: Samurott
|-status|p2a: Samurott|par
|
|upkeep
|turn|21
|
|t:|1779711786
|switch|p1a: Landorus|Landorus-Therian, M|50/100 brn
|-damage|p1a: Landorus|38/100 brn|[from] Stealth Rock
|-ability|p1a: Landorus|Intimidate|boost
|-unboost|p2a: Samurott|atk|1
|cant|p2a: Samurott|par
|
|-damage|p1a: Landorus|32/100 brn|[from] brn
|upkeep
|turn|22
|
|t:|1779711792
|switch|p2a: Gliscor|Gliscor, F|53/100 tox
|-damage|p2a: Gliscor|41/100 tox|[from] Stealth Rock
|move|p1a: Landorus|U-turn|p2a: Gliscor
|-resisted|p2a: Gliscor
|-damage|p2a: Gliscor|36/100 tox
|
|t:|1779711796
|switch|p1a: Gholdengo|Gholdengo, shiny|79/100|[from] U-turn
|-damage|p1a: Gholdengo|73/100|[from] Stealth Rock
|
|-heal|p2a: Gliscor|49/100 tox|[from] ability: Poison Heal
|upkeep
|turn|23
|
|t:|1779711802
|move|p2a: Gliscor|Protect|p2a: Gliscor
|-singleturn|p2a: Gliscor|Protect
|move|p1a: Gholdengo|Recover|p1a: Gholdengo
|-heal|p1a: Gholdengo|100/100
|
|-heal|p2a: Gliscor|61/100 tox|[from] ability: Poison Heal
|upkeep
|turn|24
|
|t:|1779711806
|move|p2a: Gliscor|Earthquake|p1a: Gholdengo
|-supereffective|p1a: Gholdengo
|-damage|p1a: Gholdengo|57/100
|move|p1a: Gholdengo|Hex|p2a: Gliscor
|-damage|p2a: Gliscor|9/100 tox
|
|-heal|p2a: Gliscor|22/100 tox|[from] ability: Poison Heal
|upkeep
|turn|25
|
|t:|1779711812
|move|p2a: Gliscor|Protect|p2a: Gliscor
|-singleturn|p2a: Gliscor|Protect
|move|p1a: Gholdengo|Hex|p2a: Gliscor
|-activate|p2a: Gliscor|move: Protect
|
|-heal|p2a: Gliscor|34/100 tox|[from] ability: Poison Heal
|upkeep
|turn|26
|
|t:|1779711819
|switch|p2a: Samurott|Samurott-Hisui, F|100/100 par
|move|p1a: Gholdengo|Recover|p1a: Gholdengo
|-heal|p1a: Gholdengo|100/100
|
|upkeep
|turn|27
|
|t:|1779711825
|switch|p1a: Landorus|Landorus-Therian, M|32/100 brn
|-damage|p1a: Landorus|20/100 brn|[from] Stealth Rock
|-ability|p1a: Landorus|Intimidate|boost
|-unboost|p2a: Samurott|atk|1
|move|p2a: Samurott|Ceaseless Edge|p1a: Landorus
|-damage|p1a: Landorus|0 fnt
|-damage|p2a: Samurott|84/100 par|[from] item: Rocky Helmet|[of] p1a: Landorus
|-sidestart|p1: Indigo Disk CJ|Spikes
|faint|p1a: Landorus
|
|upkeep
|
|t:|1779711829
|switch|p1a: Cinderace|Cinderace, F, shiny|70/100 brn
|turn|28
|
|t:|1779711839
|switch|p2a: Moltres|Moltres|64/100
|move|p1a: Cinderace|U-turn|p2a: Moltres
|-start|p1a: Cinderace|typechange|Bug|[from] ability: Libero
|-resisted|p2a: Moltres
|-damage|p2a: Moltres|61/100
|
|t:|1779711843
|switch|p1a: Ogerpon|Ogerpon-Wellspring, F|76/100|[from] U-turn
|-damage|p1a: Ogerpon|64/100|[from] Stealth Rock
|-damage|p1a: Ogerpon|52/100|[from] Spikes
|
|upkeep
|turn|29
|
|t:|1779711848
|switch|p1a: Gholdengo|Gholdengo, shiny|100/100
|-damage|p1a: Gholdengo|94/100|[from] Stealth Rock
|-damage|p1a: Gholdengo|82/100|[from] Spikes
|switch|p2a: Sinistcha|Sinistcha-Masterpiece|84/100
|
|upkeep
|turn|30
|
|t:|1779711852
|switch|p2a: Samurott|Samurott-Hisui, F|84/100 par
|move|p1a: Gholdengo|Hex|p2a: Samurott
|-resisted|p2a: Samurott
|-damage|p2a: Samurott|40/100 par
|
|upkeep
|turn|31
|
|t:|1779711862
|move|p1a: Gholdengo|Hex|p2a: Samurott
|-resisted|p2a: Samurott
|-damage|p2a: Samurott|0 fnt
|faint|p2a: Samurott
|
|upkeep
|
|t:|1779711866
|switch|p2a: Regieleki|Regieleki|100/100
|turn|32
|
|t:|1779711875
|switch|p1a: Tyranitar|Tyranitar, F, shiny|88/100
|-damage|p1a: Tyranitar|76/100|[from] Stealth Rock
|-damage|p1a: Tyranitar|64/100|[from] Spikes
|-weather|Sandstorm|[from] ability: Sand Stream|[of] p1a: Tyranitar
|move|p2a: Regieleki|Rapid Spin|p1a: Tyranitar
|-resisted|p1a: Tyranitar
|-damage|p1a: Tyranitar|59/100
|-boost|p2a: Regieleki|spe|1
|-sideend|p2: dsekop|Stealth Rock|[from] move: Rapid Spin|[of] p2a: Regieleki
|
|-weather|Sandstorm|[upkeep]
|-damage|p2a: Regieleki|95/100|[from] Sandstorm
|upkeep
|turn|33
|
|t:|1779711885
|switch|p2a: Moltres|Moltres|61/100
|move|p1a: Tyranitar|Knock Off|p2a: Moltres
|-damage|p2a: Moltres|7/100
|-enditem|p2a: Moltres|Heavy-Duty Boots|[from] move: Knock Off|[of] p1a: Tyranitar
|
|-weather|Sandstorm|[upkeep]
|-damage|p2a: Moltres|0 fnt|[from] Sandstorm
|faint|p2a: Moltres
|upkeep
|
|t:|1779711894
|switch|p2a: Gholdengo|Gholdengo|94/100
|turn|34
|
|t:|1779711901
|switch|p1a: Cinderace|Cinderace, F, shiny|70/100 brn
|move|p2a: Gholdengo|Make It Rain|p1a: Cinderace
|-resisted|p1a: Cinderace
|-crit|p1a: Cinderace
|-damage|p1a: Cinderace|3/100 brn
|-unboost|p2a: Gholdengo|spa|1
|
|-weather|Sandstorm|[upkeep]
|-damage|p1a: Cinderace|0 fnt|[from] Sandstorm
|faint|p1a: Cinderace
|upkeep
|c|☆Indigo Disk CJ|come on man
|c|☆Indigo Disk CJ|dogshit rng
|
|t:|1779711924
|switch|p1a: Raging Bolt|Raging Bolt|100/100
|-damage|p1a: Raging Bolt|88/100|[from] Stealth Rock
|-damage|p1a: Raging Bolt|76/100|[from] Spikes
|-enditem|p1a: Raging Bolt|Booster Energy
|-activate|p1a: Raging Bolt|ability: Protosynthesis|[fromitem]
|-start|p1a: Raging Bolt|protosynthesisspa
|turn|35
|
|t:|1779711933
|switch|p2a: Regieleki|Regieleki|95/100
|move|p1a: Raging Bolt|Calm Mind|p1a: Raging Bolt
|-boost|p1a: Raging Bolt|spa|1
|-boost|p1a: Raging Bolt|spd|1
|
|-weather|Sandstorm|[upkeep]
|-damage|p2a: Regieleki|89/100|[from] Sandstorm
|-damage|p1a: Raging Bolt|70/100|[from] Sandstorm
|upkeep
|turn|36
|
|t:|1779711941
|move|p2a: Regieleki|Ancient Power|p1a: Raging Bolt
|-damage|p1a: Raging Bolt|59/100
|move|p1a: Raging Bolt|Weather Ball|p2a: Regieleki
|-damage|p2a: Regieleki|0 fnt
|faint|p2a: Regieleki
|
|-weather|none
|upkeep
|
|t:|1779711944
|switch|p2a: Gliscor|Gliscor, F|34/100 tox
|turn|37
|
|t:|1779711946
|move|p2a: Gliscor|Earthquake|p1a: Raging Bolt
|-supereffective|p1a: Raging Bolt
|-damage|p1a: Raging Bolt|3/100
|move|p1a: Raging Bolt|Dragon Pulse|p2a: Gliscor
|-damage|p2a: Gliscor|0 fnt
|faint|p2a: Gliscor
|
|upkeep
|
|t:|1779711957
|switch|p2a: Gholdengo|Gholdengo|94/100
|turn|38
|
|t:|1779711959
|move|p1a: Raging Bolt|Thunderclap|p2a: Gholdengo
|-damage|p2a: Gholdengo|0 fnt
|faint|p2a: Gholdengo
|
|upkeep
|-message|dsekop forfeited.
|
|win|Indigo Disk CJ
|raw|Indigo Disk CJ's rating: 1562 &rarr; <strong>1581</strong><br />(+19 for winning)
|raw|dsekop's rating: 1537 &rarr; <strong>1518</strong><br />(-19 for losing)
|l|☆dsekop
|player|p2|
|l|☆Indigo Disk CJ
|player|p1|
