|j|☆harrolux
|j|☆Ballerr
|t:|1779673107
|gametype|singles
|player|p1|harrolux|steven|1449
|player|p2|Ballerr|miku-ground|1482
|gen|9
|tier|[Gen 9] OU
|rated|
|rule|HP Percentage Mod: HP is shown in percentages
|rule|Endless Battle Clause: Forcing endless battles is banned
|rule|Species Clause: Limit one of each Pokémon
|rule|OHKO Clause: OHKO moves are banned
|rule|Evasion Items Clause: Evasion items are banned
|rule|Evasion Moves Clause: Evasion moves are banned
|rule|Evasion Abilities Clause: Evasion abilities are banned
|rule|Sleep Moves Clause: Sleep-inducing moves are banned
|clearpoke
|poke|p1|Dondozo, M|
|poke|p1|Clefable, M|
|poke|p1|Umbreon, F|
|poke|p1|Ting-Lu|
|poke|p1|Mesprit|
|poke|p1|Vikavolt, F|
|poke|p2|Dragonite, F|
|poke|p2|Kingambit, F|
|poke|p2|Ting-Lu|
|poke|p2|Ceruledge, M|
|poke|p2|Iron Valiant|
|poke|p2|Primarina, F|
|teampreview
|inactive|Battle timer is ON: inactive players will automatically lose when time's up. (requested by harrolux)
|inactive|Ballerr has 120 seconds left.
|
|t:|1779673168
|teamsize|p1|6
|teamsize|p2|6
|start
|switch|p1a: Lu|Ting-Lu, shiny|100/100
|switch|p2a: Ting|Ting-Lu|100/100
|-ability|p2a: Ting|Vessel of Ruin
|-ability|p1a: Lu|Vessel of Ruin
|turn|1
|
|t:|1779673188
|move|p2a: Ting|Taunt|p1a: Lu
|-start|p1a: Lu|move: Taunt
|cant|p1a: Lu|move: Taunt|Stealth Rock
|
|upkeep
|turn|2
|
|t:|1779673217
|switch|p1a: Levi|Mesprit, shiny|100/100
|move|p2a: Ting|Stealth Rock|p1a: Levi
|-sidestart|p1: harrolux|move: Stealth Rock
|
|upkeep
|turn|3
|
|t:|1779673241
|switch|p2a: C.C|Primarina, F|100/100
|move|p1a: Levi|Trick|p2a: C.C
|-activate|p1a: Levi|move: Trick|[of] p2a: C.C
|-item|p2a: C.C|Choice Scarf|[from] move: Trick
|-item|p1a: Levi|Custap Berry|[from] move: Trick
|
|upkeep
|turn|4
|
|t:|1779673253
|move|p2a: C.C|Moonblast|p1a: Levi
|-damage|p1a: Levi|43/100
|-unboost|p1a: Levi|spa|1
|move|p1a: Levi|Thunder Punch|p2a: C.C
|-supereffective|p2a: C.C
|-damage|p2a: C.C|40/100
|
|upkeep
|turn|5
|
|t:|1779673267
|move|p2a: C.C|Moonblast|p1a: Levi
|-damage|p1a: Levi|0 fnt
|faint|p1a: Levi
|
|upkeep
|
|t:|1779673279
|switch|p1a: Drone X|Vikavolt, F, shiny|100/100
|-damage|p1a: Drone X|76/100|[from] Stealth Rock
|turn|6
|inactive|Ballerr has 120 seconds left.
|
|t:|1779673307
|move|p2a: C.C|Moonblast|p1a: Drone X
|-damage|p1a: Drone X|25/100
|-unboost|p1a: Drone X|spa|1
|move|p1a: Drone X|Sticky Web|p2a: C.C
|-sidestart|p2: Ballerr|move: Sticky Web
|
|-heal|p1a: Drone X|31/100|[from] item: Leftovers
|upkeep
|turn|7
|inactive|Ballerr has 120 seconds left.
|
|t:|1779673320
|move|p2a: C.C|Moonblast|p1a: Drone X
|-damage|p1a: Drone X|0 fnt
|faint|p1a: Drone X
|
|upkeep
|
|t:|1779673340
|switch|p1a: Don't Care|Dondozo, M, shiny|100/100
|-damage|p1a: Don't Care|88/100|[from] Stealth Rock
|turn|8
|inactive|Ballerr has 120 seconds left.
|
|t:|1779673355
|-terastallize|p1a: Don't Care|Steel
|move|p2a: C.C|Moonblast|p1a: Don't Care
|-resisted|p1a: Don't Care
|-damage|p1a: Don't Care|71/100
|move|p1a: Don't Care|Heavy Slam|p2a: C.C
|-damage|p2a: C.C|0 fnt
|faint|p2a: C.C
|
|upkeep
|inactive|Ballerr has 120 seconds left.
|inactive|Ballerr has 90 seconds left.
|
|t:|1779673393
|switch|p2a: Ceruledge|Ceruledge, M|100/100
|-activate|p2a: Ceruledge|move: Sticky Web
|-unboost|p2a: Ceruledge|spe|1
|turn|9
|
|t:|1779673400
|move|p2a: Ceruledge|Bitter Blade|p1a: Don't Care
|-supereffective|p1a: Don't Care
|-damage|p1a: Don't Care|7/100
|-damage|p2a: Ceruledge|91/100|[from] item: Life Orb
|move|p1a: Don't Care|Wave Crash|p2a: Ceruledge
|-supereffective|p2a: Ceruledge
|-damage|p2a: Ceruledge|0 fnt
|faint|p2a: Ceruledge
|-damage|p1a: Don't Care|0 fnt|[from] Recoil
|faint|p1a: Don't Care
|
|upkeep
|
|t:|1779673414
|switch|p2a: Iron Valiant|Iron Valiant|100/100
|switch|p1a: Moon Guy|Umbreon, F, shiny|100/100
|-activate|p2a: Iron Valiant|move: Sticky Web
|-unboost|p2a: Iron Valiant|spe|1
|-damage|p1a: Moon Guy|88/100|[from] Stealth Rock
|-enditem|p2a: Iron Valiant|Booster Energy
|-activate|p2a: Iron Valiant|ability: Quark Drive|[fromitem]
|-start|p2a: Iron Valiant|quarkdrivespa
|turn|10
|
|t:|1779673429
|move|p2a: Iron Valiant|Taunt|p1a: Moon Guy
|-start|p1a: Moon Guy|move: Taunt
|cant|p1a: Moon Guy|move: Taunt|Toxic
|
|-heal|p1a: Moon Guy|94/100|[from] item: Leftovers
|upkeep
|turn|11
|
|t:|1779673446
|switch|p1a: Lu|Ting-Lu, shiny|100/100
|-damage|p1a: Lu|94/100|[from] Stealth Rock
|-ability|p1a: Lu|Vessel of Ruin
|move|p2a: Iron Valiant|Moonblast|p1a: Lu
|-supereffective|p1a: Lu
|-crit|p1a: Lu
|-damage|p1a: Lu|0 fnt
|faint|p1a: Lu
|
|upkeep
|
|t:|1779673455
|switch|p1a: Magic Guard Gary|Clefable, M, shiny|100/100
|-damage|p1a: Magic Guard Gary|88/100|[from] Stealth Rock
|turn|12
|
|t:|1779673464
|-terastallize|p2a: Iron Valiant|Ghost
|move|p2a: Iron Valiant|Moonblast|p1a: Magic Guard Gary
|-damage|p1a: Magic Guard Gary|31/100
|-unboost|p1a: Magic Guard Gary|spa|1
|move|p1a: Magic Guard Gary|Moonblast|p2a: Iron Valiant
|-damage|p2a: Iron Valiant|53/100
|
|-heal|p1a: Magic Guard Gary|37/100|[from] item: Leftovers
|upkeep
|turn|13
|-message|harrolux forfeited.
|
|win|Ballerr
|raw|harrolux's rating: 1449 &rarr; <strong>1431</strong><br />(-18 for losing)
|raw|Ballerr's rating: 1482 &rarr; <strong>1500</strong><br />(+18 for winning)
|l|☆harrolux
|player|p1|
