|j|☆dynamo fuckass
|j|☆NeoNaruto✈️_✈️
|t:|1779598968
|gametype|singles
|player|p1|dynamo fuckass|265|1453
|player|p2|NeoNaruto✈️_✈️|medium|1583
|gen|9
|tier|[Gen 9] OU
|rated|
|rule|HP Percentage Mod: HP is shown in percentages
|rule|Endless Battle Clause: Forcing endless battles is banned
|rule|Species Clause: Limit one of each Pokémon
|rule|OHKO Clause: OHKO moves are banned
|rule|Evasion Items Clause: Evasion items are banned
|rule|Evasion Moves Clause: Evasion moves are banned
|rule|Evasion Abilities Clause: Evasion abilities are banned
|rule|Sleep Moves Clause: Sleep-inducing moves are banned
|clearpoke
|poke|p1|Dragapult, F|
|poke|p1|Ogerpon-Wellspring, F|
|poke|p1|Kingambit, M|
|poke|p1|Great Tusk|
|poke|p1|Cinderace, F|
|poke|p1|Iron Valiant|
|poke|p2|Tyranitar, F|
|poke|p2|Iron Moth|
|poke|p2|Staraptor, F|
|poke|p2|Garchomp, M|
|poke|p2|Torkoal, M|
|poke|p2|Dragonite, M|
|teampreview
|inactive|Battle timer is ON: inactive players will automatically lose when time's up. (requested by NeoNaruto✈️_✈️)
|
|t:|1779598977
|teamsize|p1|6
|teamsize|p2|6
|start
|switch|p1a: Great Tusk|Great Tusk|100/100
|switch|p2a: DA LAST REX(3005)|Tyranitar, F|100/100
|-weather|Sandstorm|[from] ability: Sand Stream|[of] p2a: DA LAST REX(3005)
|turn|1
|
|t:|1779598981
|switch|p2a: BIRD JESUS|Staraptor, F, shiny|100/100
|move|p1a: Great Tusk|Stealth Rock|p2a: BIRD JESUS
|-sidestart|p2: NeoNaruto✈️_✈️|move: Stealth Rock
|
|-weather|Sandstorm|[upkeep]
|-damage|p2a: BIRD JESUS|94/100|[from] Sandstorm
|upkeep
|turn|2
|
|t:|1779598987
|-end|p1a: Great Tusk|Protosynthesis|[silent]
|switch|p1a: Kingambit|Kingambit, M|100/100
|move|p2a: BIRD JESUS|Brave Bird|p1a: Kingambit
|-resisted|p1a: Kingambit
|-damage|p1a: Kingambit|59/100
|-damage|p2a: BIRD JESUS|78/100|[from] Recoil
|
|-weather|Sandstorm|[upkeep]
|-damage|p2a: BIRD JESUS|72/100|[from] Sandstorm
|-heal|p1a: Kingambit|65/100|[from] item: Leftovers
|upkeep
|turn|3
|
|t:|1779598992
|switch|p2a: BLITZ SOME OPPS|Garchomp, M|100/100
|-damage|p2a: BLITZ SOME OPPS|94/100|[from] Stealth Rock
|-end|p1a: Kingambit|fallenundefined|[silent]
|switch|p1a: Dragapult|Dragapult, F|100/100
|
|-weather|Sandstorm|[upkeep]
|-damage|p1a: Dragapult|95/100|[from] Sandstorm
|upkeep
|turn|4
|
|t:|1779598998
|switch|p2a: DA LAST REX(3005)|Tyranitar, F|100/100
|-damage|p2a: DA LAST REX(3005)|88/100|[from] Stealth Rock
|move|p1a: Dragapult|Draco Meteor|p2a: DA LAST REX(3005)
|-damage|p2a: DA LAST REX(3005)|66/100
|-unboost|p1a: Dragapult|spa|2
|
|-weather|Sandstorm|[upkeep]
|-damage|p1a: Dragapult|89/100|[from] Sandstorm
|upkeep
|turn|5
|
|t:|1779599002
|switch|p1a: Great Tusk|Great Tusk|100/100
|move|p2a: DA LAST REX(3005)|Knock Off|p1a: Great Tusk
|-resisted|p1a: Great Tusk
|-damage|p1a: Great Tusk|86/100
|-enditem|p1a: Great Tusk|Heavy-Duty Boots|[from] move: Knock Off|[of] p2a: DA LAST REX(3005)
|
|-weather|none
|upkeep
|turn|6
|
|t:|1779599007
|switch|p2a: BIRD JESUS|Staraptor, F, shiny|72/100
|-damage|p2a: BIRD JESUS|47/100|[from] Stealth Rock
|move|p1a: Great Tusk|Knock Off|p2a: BIRD JESUS
|-damage|p2a: BIRD JESUS|3/100
|-enditem|p2a: BIRD JESUS|Choice Band|[from] move: Knock Off|[of] p1a: Great Tusk
|
|upkeep
|turn|7
|j| euphoricpoptarts
|
|t:|1779599016
|-end|p1a: Great Tusk|Protosynthesis|[silent]
|switch|p1a: Kingambit|Kingambit, M|65/100
|move|p2a: BIRD JESUS|Brave Bird|p1a: Kingambit
|-resisted|p1a: Kingambit
|-damage|p1a: Kingambit|32/100
|-damage|p2a: BIRD JESUS|0 fnt|[from] Recoil
|faint|p2a: BIRD JESUS
|
|-heal|p1a: Kingambit|38/100|[from] item: Leftovers
|upkeep
|
|t:|1779599021
|switch|p2a: OVO CHUBBS|Torkoal, M|100/100
|-weather|SunnyDay|[from] ability: Drought|[of] p2a: OVO CHUBBS
|turn|8
|
|t:|1779599041
|-end|p1a: Kingambit|fallenundefined|[silent]
|switch|p1a: Cinderace|Cinderace, F|100/100
|move|p2a: OVO CHUBBS|Lava Plume|p1a: Cinderace
|-resisted|p1a: Cinderace
|-damage|p1a: Cinderace|77/100
|
|-weather|SunnyDay|[upkeep]
|upkeep
|turn|9
|
|t:|1779599070
|move|p1a: Cinderace|Taunt|p2a: OVO CHUBBS
|-start|p2a: OVO CHUBBS|move: Taunt
|move|p2a: OVO CHUBBS|Lava Plume|p1a: Cinderace
|-resisted|p1a: Cinderace
|-damage|p1a: Cinderace|55/100
|
|-weather|SunnyDay|[upkeep]
|upkeep
|turn|10
|
|t:|1779599075
|move|p1a: Cinderace|U-turn|p2a: OVO CHUBBS
|-resisted|p2a: OVO CHUBBS
|-damage|p2a: OVO CHUBBS|96/100
|
|t:|1779599080
|switch|p1a: Dragapult|Dragapult, F|89/100|[from] U-turn
|move|p2a: OVO CHUBBS|Lava Plume|p1a: Dragapult
|-resisted|p1a: Dragapult
|-damage|p1a: Dragapult|65/100
|
|-weather|SunnyDay|[upkeep]
|upkeep
|turn|11
|
|t:|1779599087
|switch|p2a: DA LAST REX(3005)|Tyranitar, F|66/100
|-damage|p2a: DA LAST REX(3005)|54/100|[from] Stealth Rock
|-weather|Sandstorm|[from] ability: Sand Stream|[of] p2a: DA LAST REX(3005)
|move|p1a: Dragapult|Draco Meteor|p2a: DA LAST REX(3005)
|-damage|p2a: DA LAST REX(3005)|31/100
|-unboost|p1a: Dragapult|spa|2
|
|-weather|Sandstorm|[upkeep]
|-damage|p1a: Dragapult|59/100|[from] Sandstorm
|upkeep
|turn|12
|
|t:|1779599091
|switch|p1a: Great Tusk|Great Tusk|86/100
|switch|p2a: VODECi IV|Iron Moth|100/100
|-damage|p2a: VODECi IV|76/100|[from] Stealth Rock
|
|-weather|Sandstorm|[upkeep]
|-damage|p2a: VODECi IV|70/100|[from] Sandstorm
|upkeep
|turn|13
|
|t:|1779599111
|move|p2a: VODECi IV|Overheat|p1a: Great Tusk|[miss]
|-miss|p2a: VODECi IV|p1a: Great Tusk
|move|p1a: Great Tusk|Knock Off|p2a: VODECi IV
|-damage|p2a: VODECi IV|15/100
|-enditem|p2a: VODECi IV|Choice Specs|[from] move: Knock Off|[of] p1a: Great Tusk
|
|-weather|Sandstorm|[upkeep]
|-damage|p2a: VODECi IV|9/100|[from] Sandstorm
|upkeep
|turn|14
|
|t:|1779599124
|-end|p1a: Great Tusk|Protosynthesis|[silent]
|switch|p1a: Cinderace|Cinderace, F|55/100
|move|p2a: VODECi IV|Overheat|p1a: Cinderace
|-resisted|p1a: Cinderace
|-damage|p1a: Cinderace|8/100
|-unboost|p2a: VODECi IV|spa|2
|
|-weather|Sandstorm|[upkeep]
|-damage|p1a: Cinderace|2/100|[from] Sandstorm
|-damage|p2a: VODECi IV|3/100|[from] Sandstorm
|upkeep
|turn|15
|
|t:|1779599130
|move|p1a: Cinderace|U-turn|p2a: VODECi IV
|-resisted|p2a: VODECi IV
|-damage|p2a: VODECi IV|0 fnt
|faint|p2a: VODECi IV
|-end|p2a: VODECi IV|Quark Drive|[silent]
|
|t:|1779599135
|switch|p1a: Great Tusk|Great Tusk|86/100|[from] U-turn
|
|-weather|none
|upkeep
|
|t:|1779599158
|switch|p2a: OVO CHUBBS|Torkoal, M|96/100
|-weather|SunnyDay|[from] ability: Drought|[of] p2a: OVO CHUBBS
|-activate|p1a: Great Tusk|ability: Protosynthesis
|-start|p1a: Great Tusk|protosynthesisatk
|turn|16
|
|t:|1779599161
|move|p1a: Great Tusk|Knock Off|p2a: OVO CHUBBS
|-damage|p2a: OVO CHUBBS|73/100
|-enditem|p2a: OVO CHUBBS|Heavy-Duty Boots|[from] move: Knock Off|[of] p1a: Great Tusk
|move|p2a: OVO CHUBBS|Lava Plume|p1a: Great Tusk
|-damage|p1a: Great Tusk|31/100
|
|-weather|SunnyDay|[upkeep]
|upkeep
|turn|17
|
|t:|1779599165
|switch|p2a: BLITZ SOME OPPS|Garchomp, M|94/100
|-damage|p2a: BLITZ SOME OPPS|88/100|[from] Stealth Rock
|move|p1a: Great Tusk|Close Combat|p2a: BLITZ SOME OPPS
|-damage|p2a: BLITZ SOME OPPS|38/100
|-unboost|p1a: Great Tusk|def|1
|-unboost|p1a: Great Tusk|spd|1
|-damage|p1a: Great Tusk|18/100|[from] ability: Rough Skin|[of] p2a: BLITZ SOME OPPS
|-damage|p1a: Great Tusk|2/100|[from] item: Rocky Helmet|[of] p2a: BLITZ SOME OPPS
|
|-weather|SunnyDay|[upkeep]
|upkeep
|turn|18
|
|t:|1779599168
|move|p1a: Great Tusk|Close Combat|p2a: BLITZ SOME OPPS
|-damage|p2a: BLITZ SOME OPPS|0 fnt
|-unboost|p1a: Great Tusk|def|1
|-unboost|p1a: Great Tusk|spd|1
|-damage|p1a: Great Tusk|0 fnt|[from] ability: Rough Skin|[of] p2a: BLITZ SOME OPPS
|faint|p2a: BLITZ SOME OPPS
|faint|p1a: Great Tusk
|-end|p1a: Great Tusk|Protosynthesis|[silent]
|
|-weather|SunnyDay|[upkeep]
|upkeep
|
|t:|1779599174
|switch|p1a: Dragapult|Dragapult, F|59/100
|switch|p2a: FAT CHARIZARD|Dragonite, M, shiny|100/100
|turn|19
|
|t:|1779599179
|-terastallize|p2a: FAT CHARIZARD|Fairy
|move|p1a: Dragapult|U-turn|p2a: FAT CHARIZARD
|-resisted|p2a: FAT CHARIZARD
|-damage|p2a: FAT CHARIZARD|96/100
|
|t:|1779599184
|switch|p1a: Ogerpon|Ogerpon-Wellspring, F|100/100|[from] U-turn
|move|p2a: FAT CHARIZARD|Dragon Dance|p2a: FAT CHARIZARD
|-boost|p2a: FAT CHARIZARD|atk|1
|-boost|p2a: FAT CHARIZARD|spe|1
|
|-weather|SunnyDay|[upkeep]
|upkeep
|turn|20
|
|t:|1779599194
|move|p2a: FAT CHARIZARD|Fire Punch|p1a: Ogerpon
|-damage|p1a: Ogerpon|12/100
|move|p1a: Ogerpon|Encore|p2a: FAT CHARIZARD
|-start|p2a: FAT CHARIZARD|Encore
|
|-weather|none
|upkeep
|turn|21
|
|t:|1779599200
|move|p2a: FAT CHARIZARD|Fire Punch|p1a: Ogerpon
|-damage|p1a: Ogerpon|0 fnt
|faint|p1a: Ogerpon
|
|upkeep
|
|t:|1779599212
|switch|p1a: Iron Valiant|Iron Valiant|100/100
|-enditem|p1a: Iron Valiant|Booster Energy
|-activate|p1a: Iron Valiant|ability: Quark Drive|[fromitem]
|-start|p1a: Iron Valiant|quarkdrivespe
|turn|22
|
|t:|1779599221
|move|p1a: Iron Valiant|Moonblast|p2a: FAT CHARIZARD
|-damage|p2a: FAT CHARIZARD|48/100
|move|p2a: FAT CHARIZARD|Fire Punch|p1a: Iron Valiant
|-damage|p1a: Iron Valiant|42/100
|
|upkeep
|turn|23
|
|t:|1779599225
|-terastallize|p1a: Iron Valiant|Fairy
|move|p1a: Iron Valiant|Moonblast|p2a: FAT CHARIZARD
|-damage|p2a: FAT CHARIZARD|0 fnt
|faint|p2a: FAT CHARIZARD
|
|upkeep
|
|t:|1779599237
|switch|p2a: OVO CHUBBS|Torkoal, M|73/100
|-damage|p2a: OVO CHUBBS|48/100|[from] Stealth Rock
|-weather|SunnyDay|[from] ability: Drought|[of] p2a: OVO CHUBBS
|turn|24
|
|t:|1779599242
|move|p1a: Iron Valiant|Moonblast|p2a: OVO CHUBBS
|-resisted|p2a: OVO CHUBBS
|-damage|p2a: OVO CHUBBS|4/100
|move|p2a: OVO CHUBBS|Rapid Spin|p1a: Iron Valiant
|-damage|p1a: Iron Valiant|30/100
|-boost|p2a: OVO CHUBBS|spe|1
|-sideend|p2: NeoNaruto✈️_✈️|Stealth Rock|[from] move: Rapid Spin|[of] p2a: OVO CHUBBS
|
|-weather|SunnyDay|[upkeep]
|upkeep
|turn|25
|inactive|NeoNaruto✈️_✈️ has 120 seconds left.
|
|t:|1779599272
|move|p1a: Iron Valiant|Moonblast|p2a: OVO CHUBBS
|-resisted|p2a: OVO CHUBBS
|-crit|p2a: OVO CHUBBS
|-damage|p2a: OVO CHUBBS|0 fnt
|faint|p2a: OVO CHUBBS
|
|-weather|SunnyDay|[upkeep]
|upkeep
|
|t:|1779599273
|switch|p2a: DA LAST REX(3005)|Tyranitar, F|31/100
|-weather|Sandstorm|[from] ability: Sand Stream|[of] p2a: DA LAST REX(3005)
|turn|26
|
|t:|1779599289
|move|p1a: Iron Valiant|Moonblast|p2a: DA LAST REX(3005)
|-supereffective|p2a: DA LAST REX(3005)
|-damage|p2a: DA LAST REX(3005)|0 fnt
|faint|p2a: DA LAST REX(3005)
|
|win|dynamo fuckass
|raw|dynamo fuckass's rating: 1453 &rarr; <strong>1480</strong><br />(+27 for winning)
|raw|NeoNaruto✈️_✈️'s rating: 1583 &rarr; <strong>1556</strong><br />(-27 for losing)
|c|☆dynamo fuckass|gg
|l|☆NeoNaruto✈️_✈️
|player|p2|
|l| euphoricpoptarts
|l|☆dynamo fuckass
|player|p1|
