|j|☆Kazuelasnt
|j|☆barrman1313
|t:|1779583772
|gametype|singles
|player|p1|Kazuelasnt|cress|1411
|player|p2|barrman1313|janitor|1366
|gen|9
|tier|[Gen 9] OU
|rated|
|rule|HP Percentage Mod: HP is shown in percentages
|rule|Endless Battle Clause: Forcing endless battles is banned
|rule|Species Clause: Limit one of each Pokémon
|rule|OHKO Clause: OHKO moves are banned
|rule|Evasion Items Clause: Evasion items are banned
|rule|Evasion Moves Clause: Evasion moves are banned
|rule|Evasion Abilities Clause: Evasion abilities are banned
|rule|Sleep Moves Clause: Sleep-inducing moves are banned
|clearpoke
|poke|p1|Kleavor, M|
|poke|p1|Landorus-Therian, M|
|poke|p1|Gholdengo|
|poke|p1|Dragonite, F|
|poke|p1|Hatterene, F|
|poke|p1|Darkrai|
|poke|p2|Hatterene, F|
|poke|p2|Pelipper, M|
|poke|p2|Hariyama, M|
|poke|p2|Cresselia, F|
|poke|p2|Ursaluna, F|
|poke|p2|Porygon2|
|teampreview
|
|t:|1779583785
|teamsize|p1|6
|teamsize|p2|6
|start
|switch|p1a: HomeLANDOR|Landorus-Therian, M, shiny|100/100
|switch|p2a: Hariyama|Hariyama, M|100/100
|-ability|p1a: HomeLANDOR|Intimidate|boost
|-unboost|p2a: Hariyama|atk|1
|turn|1
|
|t:|1779583796
|move|p1a: HomeLANDOR|U-turn|p2a: Hariyama
|-resisted|p2a: Hariyama
|-damage|p2a: Hariyama|89/100
|
|t:|1779583799
|switch|p1a: A Penny|Gholdengo|100/100|[from] U-turn
|-item|p1a: A Penny|Air Balloon
|move|p2a: Hariyama|Knock Off|p1a: A Penny
|-supereffective|p1a: A Penny
|-damage|p1a: A Penny|50/100
|-enditem|p1a: A Penny|Air Balloon
|
|upkeep
|turn|2
|
|t:|1779583817
|switch|p2a: Porygon2|Porygon2|100/100
|-ability|p2a: Porygon2|Download|boost
|-boost|p2a: Porygon2|spa|1
|move|p1a: A Penny|Recover|p1a: A Penny
|-heal|p1a: A Penny|99/100
|
|upkeep
|turn|3
|
|t:|1779583825
|move|p1a: A Penny|Nasty Plot|p1a: A Penny
|-boost|p1a: A Penny|spa|2
|move|p2a: Porygon2|Trick Room|p2a: Porygon2
|-fieldstart|move: Trick Room|[of] p2a: Porygon2
|
|upkeep
|turn|4
|
|t:|1779583845
|switch|p2a: Hatterene|Hatterene, F|100/100
|move|p1a: A Penny|Make It Rain|p2a: Hatterene
|-supereffective|p2a: Hatterene
|-enditem|p2a: Hatterene|Focus Sash
|-damage|p2a: Hatterene|1/100
|-unboost|p1a: A Penny|spa|1
|
|upkeep
|turn|5
|
|t:|1779583856
|move|p2a: Hatterene|Psychic Noise|p1a: A Penny
|-resisted|p1a: A Penny
|-damage|p1a: A Penny|74/100
|-start|p1a: A Penny|move: Heal Block
|move|p1a: A Penny|Shadow Ball|p2a: Hatterene
|-supereffective|p2a: Hatterene
|-damage|p2a: Hatterene|0 fnt
|faint|p2a: Hatterene
|
|upkeep
|
|t:|1779583873
|switch|p2a: Pelipper|Pelipper, M|100/100
|-weather|RainDance|[from] ability: Drizzle|[of] p2a: Pelipper
|turn|6
|
|t:|1779583885
|move|p2a: Pelipper|Weather Ball|p1a: A Penny
|-damage|p1a: A Penny|0 fnt
|faint|p1a: A Penny
|
|-weather|RainDance|[upkeep]
|upkeep
|
|t:|1779583890
|switch|p1a: Hattie|Hatterene, F|100/100
|turn|7
|
|t:|1779583902
|-terastallize|p2a: Pelipper|Water
|move|p1a: Hattie|Draining Kiss|p2a: Pelipper
|-damage|p2a: Pelipper|60/100
|move|p2a: Pelipper|Weather Ball|p1a: Hattie
|-damage|p1a: Hattie|9/100
|
|-weather|RainDance|[upkeep]
|-fieldend|move: Trick Room
|upkeep
|turn|8
|
|t:|1779583919
|switch|p2a: Porygon2|Porygon2|100/100
|-ability|p2a: Porygon2|Download|boost
|-boost|p2a: Porygon2|atk|1
|move|p1a: Hattie|Draining Kiss|p2a: Porygon2
|-damage|p2a: Porygon2|84/100
|-heal|p1a: Hattie|23/100|[from] drain|[of] p2a: Porygon2
|
|-weather|RainDance|[upkeep]
|upkeep
|turn|9
|
|t:|1779583924
|move|p1a: Hattie|Nuzzle|p2a: Porygon2
|-damage|p2a: Porygon2|82/100
|-status|p2a: Porygon2|par
|move|p2a: Porygon2|Trick Room|p2a: Porygon2
|-fieldstart|move: Trick Room|[of] p2a: Porygon2
|
|-weather|RainDance|[upkeep]
|upkeep
|turn|10
|
|t:|1779583934
|move|p2a: Porygon2|Ice Beam|p1a: Hattie
|-damage|p1a: Hattie|5/100
|move|p1a: Hattie|Draining Kiss|p2a: Porygon2
|-damage|p2a: Porygon2|66/100 par
|-heal|p1a: Hattie|19/100|[from] drain|[of] p2a: Porygon2
|
|-weather|none
|upkeep
|turn|11
|
|t:|1779583945
|switch|p2a: Hariyama|Hariyama, M|89/100
|move|p1a: Hattie|Draining Kiss|p2a: Hariyama
|-supereffective|p2a: Hariyama
|-damage|p2a: Hariyama|31/100
|-heal|p1a: Hattie|77/100|[from] drain|[of] p2a: Hariyama
|-enditem|p2a: Hariyama|Sitrus Berry|[eat]
|-heal|p2a: Hariyama|56/100|[from] item: Sitrus Berry
|
|upkeep
|turn|12
|
|t:|1779583962
|switch|p1a: HomeLANDOR|Landorus-Therian, M, shiny|100/100
|-ability|p1a: HomeLANDOR|Intimidate|boost
|-unboost|p2a: Hariyama|atk|1
|move|p2a: Hariyama|Knock Off|p1a: HomeLANDOR
|-damage|p1a: HomeLANDOR|77/100
|-damage|p2a: Hariyama|40/100|[from] item: Rocky Helmet|[of] p1a: HomeLANDOR
|-enditem|p1a: HomeLANDOR|Rocky Helmet|[from] move: Knock Off|[of] p2a: Hariyama
|
|upkeep
|turn|13
|
|t:|1779583973
|switch|p1a: Filo Señorial|Kleavor, M|100/100
|move|p2a: Hariyama|Drain Punch|p1a: Filo Señorial
|-damage|p1a: Filo Señorial|66/100
|-heal|p2a: Hariyama|51/100|[from] drain|[of] p1a: Filo Señorial
|
|-fieldend|move: Trick Room
|upkeep
|turn|14
|
|t:|1779583985
|move|p1a: Filo Señorial|U-turn|p2a: Hariyama
|-resisted|p2a: Hariyama
|-damage|p2a: Hariyama|32/100
|
|t:|1779583987
|switch|p1a: HomeLANDOR|Landorus-Therian, M, shiny|77/100|[from] U-turn
|-ability|p1a: HomeLANDOR|Intimidate|boost
|-unboost|p2a: Hariyama|atk|1
|move|p2a: Hariyama|Belly Drum||[still]
|-fail|p2a: Hariyama
|
|upkeep
|turn|15
|
|t:|1779583994
|move|p2a: Hariyama|Bullet Punch|p1a: HomeLANDOR
|-damage|p1a: HomeLANDOR|70/100
|move|p1a: HomeLANDOR|Earthquake|p2a: Hariyama
|-damage|p2a: Hariyama|0 fnt
|faint|p2a: Hariyama
|
|upkeep
|
|t:|1779583999
|switch|p2a: Porygon2|Porygon2|66/100 par
|-ability|p2a: Porygon2|Download|boost
|-boost|p2a: Porygon2|spa|1
|turn|16
|
|t:|1779584023
|move|p1a: HomeLANDOR|Taunt|p2a: Porygon2
|-start|p2a: Porygon2|move: Taunt
|cant|p2a: Porygon2|move: Taunt|Trick Room
|
|upkeep
|turn|17
|
|t:|1779584026
|switch|p2a: Cresselia|Cresselia, F|100/100
|move|p1a: HomeLANDOR|U-turn|p2a: Cresselia
|-supereffective|p2a: Cresselia
|-damage|p2a: Cresselia|74/100
|
|t:|1779584034
|switch|p1a: Duke|Darkrai, shiny|100/100|[from] U-turn
|
|upkeep
|turn|18
|
|t:|1779584037
|move|p1a: Duke|Dark Pulse|p2a: Cresselia
|-supereffective|p2a: Cresselia
|-damage|p2a: Cresselia|20/100
|move|p2a: Cresselia|Trick Room|p2a: Cresselia
|-fieldstart|move: Trick Room|[of] p2a: Cresselia
|
|upkeep
|turn|19
|
|t:|1779584044
|move|p2a: Cresselia|Lunar Dance|p2a: Cresselia
|faint|p2a: Cresselia
|move|p1a: Duke|Knock Off|p2: Cresselia|[notarget]
|-fail|p1a: Duke
|
|upkeep
|
|t:|1779584050
|switch|p2a: Ursaluna|Ursaluna, F|100/100
|turn|20
|
|t:|1779584054
|move|p2a: Ursaluna|Facade|p1a: Duke
|-damage|p1a: Duke|47/100
|move|p1a: Duke|Knock Off|p2a: Ursaluna
|-damage|p2a: Ursaluna|79/100
|-enditem|p2a: Ursaluna|Flame Orb|[from] move: Knock Off|[of] p1a: Duke
|
|upkeep
|turn|21
|
|t:|1779584082
|switch|p1a: HomeLANDOR|Landorus-Therian, M, shiny|70/100
|-ability|p1a: HomeLANDOR|Intimidate|boost
|-unboost|p2a: Ursaluna|atk|1
|move|p2a: Ursaluna|Facade|p1a: HomeLANDOR
|-damage|p1a: HomeLANDOR|43/100
|
|upkeep
|turn|22
|
|t:|1779584089
|switch|p2a: Porygon2|Porygon2|66/100 par
|-heal|p2a: Porygon2|100/100|[from] move: Lunar Dance
|-ability|p2a: Porygon2|Download|boost
|-boost|p2a: Porygon2|spa|1
|switch|p1a: Filo Señorial|Kleavor, M|66/100
|
|-fieldend|move: Trick Room
|upkeep
|turn|23
|
|t:|1779584101
|move|p1a: Filo Señorial|Close Combat|p2a: Porygon2
|-supereffective|p2a: Porygon2
|-damage|p2a: Porygon2|41/100
|-unboost|p1a: Filo Señorial|def|1
|-unboost|p1a: Filo Señorial|spd|1
|move|p2a: Porygon2|Trick Room|p2a: Porygon2
|-fieldstart|move: Trick Room|[of] p2a: Porygon2
|
|upkeep
|turn|24
|
|t:|1779584105
|switch|p2a: Pelipper|Pelipper, M, tera:Water|60/100
|-weather|RainDance|[from] ability: Drizzle|[of] p2a: Pelipper
|switch|p1a: Hattie|Hatterene, F|77/100
|
|-weather|RainDance|[upkeep]
|upkeep
|turn|25
|
|t:|1779584128
|-terastallize|p1a: Hattie|Water
|move|p1a: Hattie|Draining Kiss|p2a: Pelipper
|-damage|p2a: Pelipper|25/100
|-heal|p1a: Hattie|100/100|[from] drain|[of] p2a: Pelipper
|move|p2a: Pelipper|Weather Ball|p1a: Hattie
|-resisted|p1a: Hattie
|-damage|p1a: Hattie|58/100
|
|-weather|RainDance|[upkeep]
|upkeep
|turn|26
|
|t:|1779584140
|switch|p2a: Ursaluna|Ursaluna, F|79/100
|move|p1a: Hattie|Draining Kiss|p2a: Ursaluna
|-damage|p2a: Ursaluna|56/100
|-heal|p1a: Hattie|83/100|[from] drain|[of] p2a: Ursaluna
|
|-weather|RainDance|[upkeep]
|upkeep
|turn|27
|-message|barrman1313 forfeited.
|
|win|Kazuelasnt
|raw|Kazuelasnt's rating: 1411 &rarr; <strong>1428</strong><br />(+17 for winning)
|raw|barrman1313's rating: 1366 &rarr; <strong>1349</strong><br />(-17 for losing)
|l|☆barrman1313
|player|p2|
|l|☆Kazuelasnt
|player|p1|
