|j|☆ARMAAN3660
|j|☆kamui58
|t:|1779662661
|gametype|singles
|player|p1|ARMAAN3660|gentleman-gen4|1379
|player|p2|kamui58|hugh|1418
|gen|9
|tier|[Gen 9] OU
|rated|
|rule|HP Percentage Mod: HP is shown in percentages
|rule|Endless Battle Clause: Forcing endless battles is banned
|rule|Species Clause: Limit one of each Pokémon
|rule|OHKO Clause: OHKO moves are banned
|rule|Evasion Items Clause: Evasion items are banned
|rule|Evasion Moves Clause: Evasion moves are banned
|rule|Evasion Abilities Clause: Evasion abilities are banned
|rule|Sleep Moves Clause: Sleep-inducing moves are banned
|clearpoke
|poke|p1|Dragapult, M|
|poke|p1|Clefable, M|
|poke|p1|Kingambit, M|
|poke|p1|Rillaboom, M|
|poke|p1|Zapdos|
|poke|p1|Glimmora, M|
|poke|p2|Sinistcha|
|poke|p2|Slowking-Galar, M|
|poke|p2|Tinkaton, F|
|poke|p2|Quaquaval, M|
|poke|p2|Ting-Lu|
|poke|p2|Dragonite, M|
|teampreview
|
|t:|1779662674
|teamsize|p1|6
|teamsize|p2|6
|start
|switch|p1a: Rillaboom|Rillaboom, M|100/100
|switch|p2a: Tinkaton|Tinkaton, F|100/100
|-ability|p2a: Tinkaton|Mold Breaker
|-item|p2a: Tinkaton|Air Balloon
|-fieldstart|move: Grassy Terrain|[from] ability: Grassy Surge|[of] p1a: Rillaboom
|turn|1
|inactive|Battle timer is ON: inactive players will automatically lose when time's up. (requested by kamui58)
|
|t:|1779662688
|move|p2a: Tinkaton|Stealth Rock|p1a: Rillaboom
|-sidestart|p1: ARMAAN3660|move: Stealth Rock
|move|p1a: Rillaboom|Drain Punch|p2a: Tinkaton
|-damage|p2a: Tinkaton|52/100
|-enditem|p2a: Tinkaton|Air Balloon
|
|-heal|p2a: Tinkaton|58/100|[from] Grassy Terrain
|upkeep
|turn|2
|inactive|kamui58 has 120 seconds left.
|
|t:|1779662729
|switch|p2a: Sinistcha|Sinistcha|100/100
|move|p1a: Rillaboom|Drain Punch|p2a: Sinistcha
|-immune|p2a: Sinistcha
|
|upkeep
|turn|3
|inactive|ARMAAN3660 has 120 seconds left.
|
|t:|1779662760
|switch|p1a: Zapdos|Zapdos, shiny|100/100
|-damage|p1a: Zapdos|75/100|[from] Stealth Rock
|move|p2a: Sinistcha|Matcha Gotcha|p1a: Zapdos
|-resisted|p1a: Zapdos
|-damage|p1a: Zapdos|54/100
|
|upkeep
|turn|4
|inactive|ARMAAN3660 has 120 seconds left.
|
|t:|1779662775
|switch|p2a: Ting-Lu|Ting-Lu|100/100
|-ability|p2a: Ting-Lu|Vessel of Ruin
|move|p1a: Zapdos|Roost|p1a: Zapdos
|-heal|p1a: Zapdos|100/100
|-singleturn|p1a: Zapdos|move: Roost
|
|upkeep
|turn|5
|inactive|ARMAAN3660 has 120 seconds left.
|
|t:|1779662786
|switch|p1a: Clefable|Clefable, M|100/100
|-damage|p1a: Clefable|88/100|[from] Stealth Rock
|move|p2a: Ting-Lu|Spikes|p1a: Clefable
|-sidestart|p1: ARMAAN3660|Spikes
|
|-heal|p1a: Clefable|94/100|[from] Grassy Terrain
|-heal|p1a: Clefable|99/100|[from] item: Leftovers
|-fieldend|move: Grassy Terrain
|upkeep
|turn|6
|
|t:|1779662798
|move|p1a: Clefable|Stealth Rock|p2a: Ting-Lu
|-sidestart|p2: kamui58|move: Stealth Rock
|move|p2a: Ting-Lu|Whirlwind|p1a: Clefable
|drag|p1a: Kingambit|Kingambit, M|100/100
|-damage|p1a: Kingambit|94/100|[from] Stealth Rock
|-damage|p1a: Kingambit|82/100|[from] Spikes
|
|upkeep
|turn|7
|
|t:|1779662818
|-end|p1a: Kingambit|fallenundefined|[silent]
|switch|p1a: Zapdos|Zapdos, shiny|100/100
|-damage|p1a: Zapdos|75/100|[from] Stealth Rock
|move|p2a: Ting-Lu|Spikes|p1a: Zapdos
|-sidestart|p1: ARMAAN3660|Spikes
|
|upkeep
|turn|8
|
|t:|1779662829
|move|p1a: Zapdos|Hurricane|p2a: Ting-Lu
|-damage|p2a: Ting-Lu|82/100
|move|p2a: Ting-Lu|Spikes|p1a: Zapdos
|-sidestart|p1: ARMAAN3660|Spikes
|
|-heal|p2a: Ting-Lu|89/100|[from] item: Leftovers
|upkeep
|turn|9
|
|t:|1779662836
|move|p1a: Zapdos|Hurricane|p2a: Ting-Lu
|-damage|p2a: Ting-Lu|70/100
|move|p2a: Ting-Lu|Whirlwind|p1a: Zapdos
|drag|p1a: Clefable|Clefable, M|99/100
|-damage|p1a: Clefable|88/100|[from] Stealth Rock
|-damage|p1a: Clefable|63/100|[from] Spikes
|
|-heal|p1a: Clefable|69/100|[from] item: Leftovers
|-heal|p2a: Ting-Lu|76/100|[from] item: Leftovers
|upkeep
|turn|10
|
|t:|1779662849
|move|p1a: Clefable|Moonblast|p2a: Ting-Lu
|-supereffective|p2a: Ting-Lu
|-damage|p2a: Ting-Lu|48/100
|move|p2a: Ting-Lu|Earthquake|p1a: Clefable
|-damage|p1a: Clefable|28/100
|
|-heal|p1a: Clefable|34/100|[from] item: Leftovers
|-heal|p2a: Ting-Lu|54/100|[from] item: Leftovers
|upkeep
|turn|11
|
|t:|1779662867
|move|p1a: Clefable|Moonlight|p1a: Clefable
|-heal|p1a: Clefable|84/100
|move|p2a: Ting-Lu|Whirlwind|p1a: Clefable
|drag|p1a: Dragapult|Dragapult, M|100/100
|-damage|p1a: Dragapult|88/100|[from] Stealth Rock
|-damage|p1a: Dragapult|63/100|[from] Spikes
|
|-heal|p2a: Ting-Lu|60/100|[from] item: Leftovers
|upkeep
|turn|12
|
|t:|1779662876
|move|p1a: Dragapult|U-turn|p2a: Ting-Lu
|-supereffective|p2a: Ting-Lu
|-damage|p2a: Ting-Lu|21/100
|
|t:|1779662880
|switch|p1a: Rillaboom|Rillaboom, M|100/100|[from] U-turn
|-damage|p1a: Rillaboom|88/100|[from] Stealth Rock
|-damage|p1a: Rillaboom|63/100|[from] Spikes
|-fieldstart|move: Grassy Terrain|[from] ability: Grassy Surge|[of] p1a: Rillaboom
|move|p2a: Ting-Lu|Payback|p1a: Rillaboom
|-damage|p1a: Rillaboom|46/100
|
|-heal|p1a: Rillaboom|52/100|[from] Grassy Terrain
|-heal|p2a: Ting-Lu|27/100|[from] Grassy Terrain
|-heal|p2a: Ting-Lu|34/100|[from] item: Leftovers
|upkeep
|turn|13
|inactive|kamui58 has 120 seconds left.
|inactive|kamui58 has 90 seconds left.
|
|t:|1779662932
|switch|p2a: Sinistcha|Sinistcha|100/100
|move|p1a: Rillaboom|Knock Off|p2a: Sinistcha
|-supereffective|p2a: Sinistcha
|-damage|p2a: Sinistcha|31/100
|-enditem|p2a: Sinistcha|Heavy-Duty Boots|[from] move: Knock Off|[of] p1a: Rillaboom
|
|-heal|p1a: Rillaboom|58/100|[from] Grassy Terrain
|-heal|p2a: Sinistcha|37/100|[from] Grassy Terrain
|upkeep
|turn|14
|inactive|ARMAAN3660 has 120 seconds left.
|inactive|kamui58 has 60 seconds left.
|
|t:|1779662960
|move|p1a: Rillaboom|Knock Off|p2a: Sinistcha
|-supereffective|p2a: Sinistcha
|-damage|p2a: Sinistcha|0 fnt
|faint|p2a: Sinistcha
|
|-heal|p1a: Rillaboom|64/100|[from] Grassy Terrain
|upkeep
|inactive|kamui58 has 60 seconds left.
|
|t:|1779662990
|switch|p2a: Dragonite|Dragonite, M|100/100
|turn|15
|
|t:|1779662993
|move|p1a: Rillaboom|Knock Off|p2a: Dragonite
|-damage|p2a: Dragonite|75/100
|-enditem|p2a: Dragonite|Heavy-Duty Boots|[from] move: Knock Off|[of] p1a: Rillaboom
|move|p2a: Dragonite|Dragon Tail|p1a: Rillaboom
|-damage|p1a: Rillaboom|32/100
|drag|p1a: Glimmora|Glimmora, M|100/100
|-damage|p1a: Glimmora|88/100|[from] Stealth Rock
|-damage|p1a: Glimmora|63/100|[from] Spikes
|
|-heal|p1a: Glimmora|69/100|[from] Grassy Terrain
|upkeep
|turn|16
|
|t:|1779663007
|switch|p1a: Zapdos|Zapdos, shiny|75/100
|-damage|p1a: Zapdos|50/100|[from] Stealth Rock
|switch|p2a: Tinkaton|Tinkaton, F|58/100
|-damage|p2a: Tinkaton|52/100|[from] Stealth Rock
|-ability|p2a: Tinkaton|Mold Breaker
|
|-heal|p2a: Tinkaton|58/100|[from] Grassy Terrain
|-fieldend|move: Grassy Terrain
|upkeep
|turn|17
|
|t:|1779663030
|switch|p2a: Ting-Lu|Ting-Lu|34/100
|-damage|p2a: Ting-Lu|27/100|[from] Stealth Rock
|-ability|p2a: Ting-Lu|Vessel of Ruin
|move|p1a: Zapdos|Roost|p1a: Zapdos
|-heal|p1a: Zapdos|100/100
|-singleturn|p1a: Zapdos|move: Roost
|
|-heal|p2a: Ting-Lu|34/100|[from] item: Leftovers
|upkeep
|turn|18
|
|t:|1779663042
|move|p1a: Zapdos|Hurricane|p2a: Ting-Lu
|-damage|p2a: Ting-Lu|13/100
|move|p2a: Ting-Lu|Whirlwind|p1a: Zapdos
|drag|p1a: Dragapult|Dragapult, M|63/100
|-damage|p1a: Dragapult|51/100|[from] Stealth Rock
|-damage|p1a: Dragapult|26/100|[from] Spikes
|
|-heal|p2a: Ting-Lu|19/100|[from] item: Leftovers
|upkeep
|turn|19
|inactive|kamui58 has 30 seconds left.
|
|t:|1779663068
|move|p1a: Dragapult|U-turn|p2a: Ting-Lu
|-supereffective|p2a: Ting-Lu
|-damage|p2a: Ting-Lu|0 fnt
|faint|p2a: Ting-Lu
|
|t:|1779663073
|switch|p1a: Clefable|Clefable, M|84/100|[from] U-turn
|-damage|p1a: Clefable|71/100|[from] Stealth Rock
|-damage|p1a: Clefable|46/100|[from] Spikes
|
|-heal|p1a: Clefable|53/100|[from] item: Leftovers
|upkeep
|inactive|kamui58 has 30 seconds left.
|
|t:|1779663088
|switch|p2a: Slowking|Slowking-Galar, M|100/100
|turn|20
|inactive|kamui58 has 30 seconds left.
|
|t:|1779663096
|move|p1a: Clefable|Healing Wish|p1a: Clefable
|faint|p1a: Clefable
|move|p2a: Slowking|Flamethrower|p1: Clefable|[notarget]
|-fail|p2a: Slowking
|
|upkeep
|
|t:|1779663100
|switch|p1a: Dragapult|Dragapult, M|26/100
|-heal|p1a: Dragapult|100/100|[from] move: Healing Wish
|-damage|p1a: Dragapult|88/100|[from] Stealth Rock
|-damage|p1a: Dragapult|63/100|[from] Spikes
|turn|21
|
|t:|1779663111
|move|p1a: Dragapult|Phantom Force||[still]
|-prepare|p1a: Dragapult|Phantom Force
|move|p2a: Slowking|Future Sight|p1a: Dragapult
|-start|p2a: Slowking|move: Future Sight
|
|upkeep
|turn|22
|inactive|kamui58 has 30 seconds left.
|inactive|kamui58 has 20 seconds left.
|inactive|kamui58 has 15 seconds left.
|inactive|kamui58 has 10 seconds left.
|inactive|kamui58 has 5 seconds left.
|
|t:|1779663156
|switch|p2a: Tinkaton|Tinkaton, F|58/100
|-damage|p2a: Tinkaton|52/100|[from] Stealth Rock
|-ability|p2a: Tinkaton|Mold Breaker
|move|p1a: Dragapult|Phantom Force|p2a: Tinkaton|[from] lockedmove
|-damage|p2a: Tinkaton|0 fnt
|faint|p2a: Tinkaton
|
|upkeep
|inactive|kamui58 has 10 seconds left this turn.
|inactive|kamui58 has 5 seconds left.
|
|t:|1779663163
|switch|p2a: Quaquaval|Quaquaval, M|100/100
|-damage|p2a: Quaquaval|94/100|[from] Stealth Rock
|turn|23
|inactive|kamui58 has 15 seconds left this turn.
|inactive|kamui58 has 10 seconds left.
|
|t:|1779663170
|move|p1a: Dragapult|Phantom Force||[still]
|-prepare|p1a: Dragapult|Phantom Force
|move|p2a: Quaquaval|Knock Off|p1a: Dragapult|[miss]|[miss]
|-miss|p2a: Quaquaval|p1a: Dragapult
|
|-end|p1a: Dragapult|move: Future Sight
|-miss|p2: Slowking|p1a: Dragapult
|upkeep
|turn|24
|inactive|kamui58 has 20 seconds left this turn.
|inactive|kamui58 has 15 seconds left.
|inactive|kamui58 has 10 seconds left.
|
|t:|1779663182
|move|p1a: Dragapult|Phantom Force|p2a: Quaquaval|[from] lockedmove
|-damage|p2a: Quaquaval|3/100
|move|p2a: Quaquaval|Knock Off|p1a: Dragapult
|-supereffective|p1a: Dragapult
|-damage|p1a: Dragapult|0 fnt
|-enditem|p1a: Dragapult|Choice Band|[from] move: Knock Off|[of] p2a: Quaquaval
|faint|p1a: Dragapult
|-ability|p2a: Quaquaval|Moxie|boost
|-boost|p2a: Quaquaval|atk|1
|-damage|p2a: Quaquaval|0 fnt|[from] item: Life Orb
|faint|p2a: Quaquaval
|
|upkeep
|inactive|kamui58 has 15 seconds left this turn.
|c|☆ARMAAN3660|Wh-What happened?
|inactive|kamui58 has 10 seconds left.
|inactive|kamui58 has 5 seconds left.
|
|t:|1779663195
|switch|p1a: Glimmora|Glimmora, M|69/100
|switch|p2a: Slowking|Slowking-Galar, M|100/100
|-damage|p1a: Glimmora|57/100|[from] Stealth Rock
|-damage|p1a: Glimmora|32/100|[from] Spikes
|turn|25
|inactive|kamui58 has 15 seconds left this turn.
|inactive|kamui58 has 10 seconds left.
|inactive|kamui58 has 5 seconds left.
|
|t:|1779663206
|move|p1a: Glimmora|Mortal Spin|p2a: Slowking
|-resisted|p2a: Slowking
|-damage|p2a: Slowking|97/100
|-sideend|p1: ARMAAN3660|Spikes|[from] move: Mortal Spin|[of] p1a: Glimmora
|-sideend|p1: ARMAAN3660|Stealth Rock|[from] move: Mortal Spin|[of] p1a: Glimmora
|-damage|p1a: Glimmora|22/100|[from] item: Life Orb
|move|p2a: Slowking|Future Sight|p1a: Glimmora
|-start|p2a: Slowking|move: Future Sight
|
|upkeep
|turn|26
|inactive|kamui58 has 15 seconds left this turn.
|inactive|kamui58 has 10 seconds left.
|inactive|kamui58 has 5 seconds left.
|
|t:|1779663221
|move|p1a: Glimmora|Power Gem|p2a: Slowking
|-damage|p2a: Slowking|58/100
|-damage|p1a: Glimmora|12/100|[from] item: Life Orb
|move|p2a: Slowking|Sludge Bomb|p1a: Glimmora
|-resisted|p1a: Glimmora
|-damage|p1a: Glimmora|3/100
|
|upkeep
|turn|27
|inactive|kamui58 has 15 seconds left this turn.
|inactive|kamui58 has 10 seconds left.
|
|t:|1779663230
|move|p1a: Glimmora|Earth Power|p2a: Slowking
|-supereffective|p2a: Slowking
|-damage|p2a: Slowking|0 fnt
|faint|p2a: Slowking
|-damage|p1a: Glimmora|0 fnt|[from] item: Life Orb
|faint|p1a: Glimmora
|
|-hint|Future Sight did not hit because the target is fainted.
|upkeep
|inactive|kamui58 has 15 seconds left this turn.
|inactive|kamui58 has 10 seconds left.
|
|t:|1779663239
|switch|p1a: Kingambit|Kingambit, M|82/100
|switch|p2a: Dragonite|Dragonite, M|75/100
|-damage|p2a: Dragonite|50/100|[from] Stealth Rock
|-activate|p1a: Kingambit|ability: Supreme Overlord
|-start|p1a: Kingambit|fallen3|[silent]
|turn|28
|inactive|kamui58 has 20 seconds left this turn.
|inactive|kamui58 has 15 seconds left.
|
|t:|1779663249
|move|p2a: Dragonite|Roost|p2a: Dragonite
|-heal|p2a: Dragonite|100/100
|-singleturn|p2a: Dragonite|move: Roost
|move|p1a: Kingambit|Kowtow Cleave|p2a: Dragonite
|-damage|p2a: Dragonite|72/100
|
|upkeep
|turn|29
|inactive|kamui58 has 25 seconds left this turn.
|inactive|kamui58 has 20 seconds left.
|
|t:|1779663260
|move|p2a: Dragonite|Earthquake|p1a: Kingambit
|-supereffective|p1a: Kingambit
|-damage|p1a: Kingambit|25/100
|move|p1a: Kingambit|Swords Dance|p1a: Kingambit
|-boost|p1a: Kingambit|atk|2
|
|upkeep
|turn|30
|inactive|kamui58 has 30 seconds left this turn.
|
|t:|1779663269
|move|p2a: Dragonite|Earthquake|p1a: Kingambit
|-supereffective|p1a: Kingambit
|-damage|p1a: Kingambit|0 fnt
|faint|p1a: Kingambit
|-end|p1a: Kingambit|fallen3|[silent]
|
|upkeep
|
|t:|1779663273
|switch|p1a: Zapdos|Zapdos, shiny|100/100
|turn|31
|inactive|kamui58 has 30 seconds left.
|
|t:|1779663291
|move|p1a: Zapdos|Thunderbolt|p2a: Dragonite
|-damage|p2a: Dragonite|35/100
|move|p2a: Dragonite|Roost|p2a: Dragonite
|-heal|p2a: Dragonite|85/100
|-singleturn|p2a: Dragonite|move: Roost
|
|upkeep
|turn|32
|inactive|kamui58 has 30 seconds left.
|inactive|kamui58 has 20 seconds left.
|
|t:|1779663308
|move|p1a: Zapdos|Thunderbolt|p2a: Dragonite
|-damage|p2a: Dragonite|54/100
|move|p2a: Dragonite|Roost|p2a: Dragonite
|-heal|p2a: Dragonite|100/100
|-singleturn|p2a: Dragonite|move: Roost
|
|upkeep
|turn|33
|inactive|kamui58 has 30 seconds left this turn.
|inactive|kamui58 has 20 seconds left.
|inactive|kamui58 has 15 seconds left.
|
|t:|1779663327
|-terastallize|p2a: Dragonite|Normal
|move|p2a: Dragonite|Extreme Speed|p1a: Zapdos
|-damage|p1a: Zapdos|69/100
|-damage|p2a: Dragonite|84/100|[from] item: Rocky Helmet|[of] p1a: Zapdos
|move|p1a: Zapdos|Thunderbolt|p2a: Dragonite
|-damage|p2a: Dragonite|52/100
|
|upkeep
|turn|34
|inactive|kamui58 has 25 seconds left this turn.
|inactive|kamui58 has 20 seconds left.
|inactive|kamui58 has 15 seconds left.
|
|t:|1779663341
|move|p1a: Zapdos|Hurricane|p2a: Dragonite
|-damage|p2a: Dragonite|11/100
|move|p2a: Dragonite|Dragon Tail|p1a: Zapdos
|-damage|p1a: Zapdos|42/100
|-damage|p2a: Dragonite|0 fnt|[from] item: Rocky Helmet|[of] p1a: Zapdos
|faint|p2a: Dragonite
|
|win|ARMAAN3660
|drag|p1a: Rillaboom|Rillaboom, M|32/100
|-fieldstart|move: Grassy Terrain|[from] ability: Grassy Surge|[of] p1a: Rillaboom
|raw|ARMAAN3660's rating: 1379 &rarr; <strong>1401</strong><br />(+22 for winning)
|raw|kamui58's rating: 1418 &rarr; <strong>1396</strong><br />(-22 for losing)
|l|☆kamui58
|player|p2|
