|j|☆dnites
|j|☆fregene97
|t:|1779654691
|gametype|singles
|player|p1|dnites|265|1453
|player|p2|fregene97|hiker-gen4|1418
|gen|9
|tier|[Gen 9] OU
|rated|
|rule|HP Percentage Mod: HP is shown in percentages
|rule|Endless Battle Clause: Forcing endless battles is banned
|rule|Species Clause: Limit one of each Pokémon
|rule|OHKO Clause: OHKO moves are banned
|rule|Evasion Items Clause: Evasion items are banned
|rule|Evasion Moves Clause: Evasion moves are banned
|rule|Evasion Abilities Clause: Evasion abilities are banned
|rule|Sleep Moves Clause: Sleep-inducing moves are banned
|clearpoke
|poke|p1|Pincurchin, F|
|poke|p1|Hawlucha, F|
|poke|p1|Iron Valiant|
|poke|p1|Latias, F|
|poke|p1|Raichu-Alola, M|
|poke|p1|Iron Moth|
|poke|p2|Kingambit, M|
|poke|p2|Iron Valiant|
|poke|p2|Gholdengo|
|poke|p2|Araquanid, F|
|poke|p2|Great Tusk|
|poke|p2|Porygon-Z|
|teampreview
|
|t:|1779654696
|teamsize|p1|6
|teamsize|p2|6
|start
|switch|p1a: Pincurchin|Pincurchin, F|100/100
|switch|p2a: Araquanid|Araquanid, F, shiny|100/100
|-fieldstart|move: Electric Terrain|[from] ability: Electric Surge|[of] p1a: Pincurchin
|turn|1
|
|t:|1779654700
|move|p2a: Araquanid|Sticky Web|p1a: Pincurchin
|-sidestart|p1: dnites|move: Sticky Web
|move|p1a: Pincurchin|Discharge|p2a: Araquanid
|-supereffective|p2a: Araquanid
|-damage|p2a: Araquanid|43/100
|-status|p2a: Araquanid|par
|
|upkeep
|turn|2
|
|t:|1779654714
|cant|p2a: Araquanid|par
|move|p1a: Pincurchin|Discharge|p2a: Araquanid
|-supereffective|p2a: Araquanid
|-damage|p2a: Araquanid|0 fnt
|faint|p2a: Araquanid
|
|upkeep
|
|t:|1779654727
|switch|p2a: Porygon-Z|Porygon-Z|100/100
|-ability|p2a: Porygon-Z|Download|boost
|-boost|p2a: Porygon-Z|spa|1
|turn|3
|inactive|Battle timer is ON: inactive players will automatically lose when time's up. (requested by dnites)
|
|t:|1779654731
|move|p2a: Porygon-Z|Tri Attack|p1a: Pincurchin
|-damage|p1a: Pincurchin|8/100
|-status|p1a: Pincurchin|brn
|move|p1a: Pincurchin|Discharge|p2a: Porygon-Z
|-damage|p2a: Porygon-Z|53/100
|
|-damage|p1a: Pincurchin|2/100 brn|[from] brn
|upkeep
|turn|4
|
|t:|1779654743
|switch|p1a: Iron Moth|Iron Moth|100/100
|-activate|p1a: Iron Moth|ability: Quark Drive
|-start|p1a: Iron Moth|quarkdrivespa
|move|p2a: Porygon-Z|Shadow Ball|p1a: Iron Moth
|-damage|p1a: Iron Moth|51/100
|
|upkeep
|turn|5
|
|t:|1779654750
|move|p1a: Iron Moth|Fiery Dance|p2a: Porygon-Z
|-damage|p2a: Porygon-Z|0 fnt
|-boost|p1a: Iron Moth|spa|1
|faint|p2a: Porygon-Z
|
|upkeep
|
|t:|1779654758
|switch|p2a: Iron Valiant|Iron Valiant|100/100
|-activate|p2a: Iron Valiant|ability: Quark Drive
|-start|p2a: Iron Valiant|quarkdrivespe
|turn|6
|
|t:|1779654763
|-terastallize|p2a: Iron Valiant|Steel
|move|p2a: Iron Valiant|Knock Off|p1a: Iron Moth
|-damage|p1a: Iron Moth|1/100
|-enditem|p1a: Iron Moth|Heavy-Duty Boots|[from] move: Knock Off|[of] p2a: Iron Valiant
|move|p1a: Iron Moth|Fiery Dance|p2a: Iron Valiant
|-supereffective|p2a: Iron Valiant
|-damage|p2a: Iron Valiant|0 fnt
|faint|p2a: Iron Valiant
|-end|p2a: Iron Valiant|Quark Drive|[silent]
|
|upkeep
|
|t:|1779654770
|switch|p2a: Kingambit|Kingambit, M|100/100
|-activate|p2a: Kingambit|ability: Supreme Overlord
|-start|p2a: Kingambit|fallen3|[silent]
|turn|7
|
|t:|1779654782
|-end|p1a: Iron Moth|Quark Drive|[silent]
|switch|p1a: Hawlucha|Hawlucha, F|100/100
|-enditem|p1a: Hawlucha|Electric Seed
|-boost|p1a: Hawlucha|def|1|[from] item: Electric Seed
|move|p2a: Kingambit|Sucker Punch||[still]
|-fail|p2a: Kingambit
|
|upkeep
|turn|8
|
|t:|1779654787
|move|p1a: Hawlucha|Swords Dance|p1a: Hawlucha
|-boost|p1a: Hawlucha|atk|2
|move|p2a: Kingambit|Iron Head|p1a: Hawlucha
|-damage|p1a: Hawlucha|50/100
|
|-fieldend|move: Electric Terrain
|upkeep
|turn|9
|
|t:|1779654791
|-end|p2a: Kingambit|fallen3|[silent]
|switch|p2a: Gholdengo|Gholdengo|100/100
|-item|p2a: Gholdengo|Air Balloon
|move|p1a: Hawlucha|Drain Punch|p2a: Gholdengo
|-immune|p2a: Gholdengo
|
|upkeep
|turn|10
|
|t:|1779654796
|move|p1a: Hawlucha|Acrobatics|p2a: Gholdengo
|-resisted|p2a: Gholdengo
|-damage|p2a: Gholdengo|63/100
|-enditem|p2a: Gholdengo|Air Balloon
|move|p2a: Gholdengo|Make It Rain|p1a: Hawlucha
|-damage|p1a: Hawlucha|0 fnt
|-unboost|p2a: Gholdengo|spa|1
|faint|p1a: Hawlucha
|
|upkeep
|
|t:|1779654802
|switch|p1a: Pincurchin|Pincurchin, F|2/100 brn
|-activate|p1a: Pincurchin|move: Sticky Web
|-unboost|p1a: Pincurchin|spe|1
|-fieldstart|move: Electric Terrain|[from] ability: Electric Surge|[of] p1a: Pincurchin
|turn|11
|
|t:|1779654816
|switch|p1a: Iron Moth|Iron Moth|1/100
|-activate|p1a: Iron Moth|move: Sticky Web
|-unboost|p1a: Iron Moth|spe|1
|-activate|p1a: Iron Moth|ability: Quark Drive
|-start|p1a: Iron Moth|quarkdrivespa
|move|p2a: Gholdengo|Shadow Ball|p1a: Iron Moth
|-damage|p1a: Iron Moth|0 fnt
|faint|p1a: Iron Moth
|-end|p1a: Iron Moth|Quark Drive|[silent]
|
|upkeep
|
|t:|1779654823
|switch|p1a: Raichu|Raichu-Alola, M|100/100
|-activate|p1a: Raichu|move: Sticky Web
|-unboost|p1a: Raichu|spe|1
|turn|12
|
|t:|1779654829
|switch|p2a: Great Tusk|Great Tusk|100/100
|-enditem|p2a: Great Tusk|Booster Energy
|-activate|p2a: Great Tusk|ability: Protosynthesis|[fromitem]
|-start|p2a: Great Tusk|protosynthesisatk
|move|p1a: Raichu|Surf|p2a: Great Tusk
|-supereffective|p2a: Great Tusk
|-damage|p2a: Great Tusk|0 fnt
|faint|p2a: Great Tusk
|-end|p2a: Great Tusk|Protosynthesis|[silent]
|
|upkeep
|
|t:|1779654834
|switch|p2a: Gholdengo|Gholdengo|63/100
|turn|13
|
|t:|1779654844
|switch|p1a: Pincurchin|Pincurchin, F|2/100 brn
|-activate|p1a: Pincurchin|move: Sticky Web
|-unboost|p1a: Pincurchin|spe|1
|move|p2a: Gholdengo|Shadow Ball|p1a: Pincurchin
|-damage|p1a: Pincurchin|0 fnt
|faint|p1a: Pincurchin
|
|upkeep
|
|t:|1779654847
|switch|p1a: Raichu|Raichu-Alola, M|100/100
|-activate|p1a: Raichu|move: Sticky Web
|-unboost|p1a: Raichu|spe|1
|turn|14
|
|t:|1779654850
|move|p1a: Raichu|Thunderbolt|p2a: Gholdengo
|-damage|p2a: Gholdengo|0 fnt
|faint|p2a: Gholdengo
|
|upkeep
|
|t:|1779654853
|switch|p2a: Kingambit|Kingambit, M|100/100
|-activate|p2a: Kingambit|ability: Supreme Overlord
|-start|p2a: Kingambit|fallen5|[silent]
|turn|15
|
|t:|1779654860
|move|p2a: Kingambit|Sucker Punch|p1a: Raichu
|-supereffective|p1a: Raichu
|-damage|p1a: Raichu|0 fnt
|faint|p1a: Raichu
|
|upkeep
|
|t:|1779654873
|switch|p1a: Iron Valiant|Iron Valiant|100/100
|-activate|p1a: Iron Valiant|move: Sticky Web
|-unboost|p1a: Iron Valiant|spe|1
|-activate|p1a: Iron Valiant|ability: Quark Drive
|-start|p1a: Iron Valiant|quarkdriveatk
|turn|16
|
|t:|1779654883
|move|p1a: Iron Valiant|Spirit Break|p2a: Kingambit
|-damage|p2a: Kingambit|32/100
|-unboost|p2a: Kingambit|spa|1
|move|p2a: Kingambit|Iron Head|p1a: Iron Valiant
|-supereffective|p1a: Iron Valiant
|-damage|p1a: Iron Valiant|0 fnt
|faint|p1a: Iron Valiant
|-end|p1a: Iron Valiant|Quark Drive|[silent]
|
|upkeep
|
|t:|1779654887
|switch|p1a: Latias|Latias, F|100/100
|-enditem|p1a: Latias|Electric Seed
|-boost|p1a: Latias|def|1|[from] item: Electric Seed
|turn|17
|
|t:|1779654890
|-terastallize|p1a: Latias|Poison
|move|p1a: Latias|Aura Sphere|p2a: Kingambit
|-supereffective|p2a: Kingambit
|-damage|p2a: Kingambit|0 fnt
|faint|p2a: Kingambit
|-end|p2a: Kingambit|fallen5|[silent]
|
|win|dnites
|raw|dnites's rating: 1453 &rarr; <strong>1471</strong><br />(+18 for winning)
|raw|fregene97's rating: 1418 &rarr; <strong>1400</strong><br />(-18 for losing)
|l|☆dnites
|player|p1|
|l|☆fregene97
|player|p2|
