|j|☆CHESED666
|j|☆bvcnmkor85471
|t:|1779587717
|gametype|singles
|player|p1|CHESED666|266|1264
|player|p2|bvcnmkor85471|266|1240
|gen|9
|tier|[Gen 9] OU
|rated|
|rule|HP Percentage Mod: HP is shown in percentages
|rule|Endless Battle Clause: Forcing endless battles is banned
|rule|Species Clause: Limit one of each Pokémon
|rule|OHKO Clause: OHKO moves are banned
|rule|Evasion Items Clause: Evasion items are banned
|rule|Evasion Moves Clause: Evasion moves are banned
|rule|Evasion Abilities Clause: Evasion abilities are banned
|rule|Sleep Moves Clause: Sleep-inducing moves are banned
|clearpoke
|poke|p1|Dragapult, F|
|poke|p1|Iron Crown|
|poke|p1|Great Tusk|
|poke|p1|Garganacl, M|
|poke|p1|Dragonite, F|
|poke|p1|Hoopa-Unbound|
|poke|p2|Tyranitar, M|
|poke|p2|Houndstone, F|
|poke|p2|Tornadus-Therian, M|
|poke|p2|Sandslash, M|
|poke|p2|Tsareena, F|
|poke|p2|Rotom-Wash|
|teampreview
|
|t:|1779587732
|teamsize|p1|6
|teamsize|p2|6
|start
|switch|p1a: Great Tusk|Great Tusk|100/100
|switch|p2a: Tyranitar|Tyranitar, M|100/100
|-weather|Sandstorm|[from] ability: Sand Stream|[of] p2a: Tyranitar
|turn|1
|
|t:|1779587745
|switch|p2a: Tsareena|Tsareena, F|100/100
|move|p1a: Great Tusk|Earthquake|p2a: Tsareena
|-resisted|p2a: Tsareena
|-damage|p2a: Tsareena|78/100
|
|-weather|Sandstorm|[upkeep]
|-damage|p2a: Tsareena|72/100|[from] Sandstorm
|-heal|p2a: Tsareena|78/100|[from] item: Leftovers
|upkeep
|turn|2
|
|t:|1779587758
|-terastallize|p1a: Great Tusk|Poison
|move|p1a: Great Tusk|Stealth Rock|p2a: Tsareena
|-sidestart|p2: bvcnmkor85471|move: Stealth Rock
|move|p2a: Tsareena|Power Whip|p1a: Great Tusk
|-resisted|p1a: Great Tusk
|-damage|p1a: Great Tusk|79/100
|-damage|p2a: Tsareena|61/100|[from] item: Rocky Helmet|[of] p1a: Great Tusk
|
|-weather|Sandstorm|[upkeep]
|-damage|p1a: Great Tusk|73/100|[from] Sandstorm
|-damage|p2a: Tsareena|55/100|[from] Sandstorm
|-heal|p2a: Tsareena|61/100|[from] item: Leftovers
|upkeep
|turn|3
|
|t:|1779587768
|move|p1a: Great Tusk|Ice Spinner|p2a: Tsareena
|-supereffective|p2a: Tsareena
|-damage|p2a: Tsareena|18/100
|move|p2a: Tsareena|Rapid Spin|p1a: Great Tusk
|-crit|p1a: Great Tusk
|-damage|p1a: Great Tusk|57/100
|-boost|p2a: Tsareena|spe|1
|-damage|p2a: Tsareena|2/100|[from] item: Rocky Helmet|[of] p1a: Great Tusk
|-sideend|p2: bvcnmkor85471|Stealth Rock|[from] move: Rapid Spin|[of] p2a: Tsareena
|
|-weather|Sandstorm|[upkeep]
|-damage|p1a: Great Tusk|51/100|[from] Sandstorm
|-damage|p2a: Tsareena|0 fnt|[from] Sandstorm
|faint|p2a: Tsareena
|upkeep
|
|t:|1779587780
|switch|p2a: Sandslash|Sandslash, M|100/100
|turn|4
|
|t:|1779587785
|move|p2a: Sandslash|Earthquake|p1a: Great Tusk
|-supereffective|p1a: Great Tusk
|-damage|p1a: Great Tusk|0 fnt
|faint|p1a: Great Tusk
|-end|p1a: Great Tusk|Protosynthesis|[silent]
|-damage|p2a: Sandslash|91/100|[from] item: Life Orb
|
|-weather|Sandstorm|[upkeep]
|upkeep
|
|t:|1779587792
|switch|p1a: Dragonite|Dragonite, F|100/100
|turn|5
|
|t:|1779587800
|move|p2a: Sandslash|Rapid Spin|p1a: Dragonite
|-damage|p1a: Dragonite|90/100
|-boost|p2a: Sandslash|spe|1
|-damage|p2a: Sandslash|81/100|[from] item: Life Orb
|move|p1a: Dragonite|Ice Spinner|p2a: Sandslash
|-supereffective|p2a: Sandslash
|-damage|p2a: Sandslash|0 fnt
|faint|p2a: Sandslash
|
|-weather|Sandstorm|[upkeep]
|-damage|p1a: Dragonite|84/100|[from] Sandstorm
|upkeep
|
|t:|1779587808
|switch|p2a: Houndstone|Houndstone, F|100/100
|turn|6
|
|t:|1779587832
|switch|p1a: Garganacl|Garganacl, M|100/100
|move|p2a: Houndstone|Play Rough|p1a: Garganacl
|-damage|p1a: Garganacl|72/100
|
|-weather|Sandstorm|[upkeep]
|-heal|p1a: Garganacl|78/100|[from] item: Leftovers
|upkeep
|turn|7
|
|t:|1779587846
|switch|p2a: Rotom|Rotom-Wash|100/100
|move|p1a: Garganacl|Curse|p1a: Garganacl
|-unboost|p1a: Garganacl|spe|1
|-boost|p1a: Garganacl|atk|1
|-boost|p1a: Garganacl|def|1
|
|-weather|Sandstorm|[upkeep]
|-damage|p2a: Rotom|94/100|[from] Sandstorm
|-heal|p2a: Rotom|100/100|[from] item: Leftovers
|-heal|p1a: Garganacl|85/100|[from] item: Leftovers
|upkeep
|turn|8
|
|t:|1779587853
|move|p2a: Rotom|Hydro Pump|p1a: Garganacl
|-supereffective|p1a: Garganacl
|-damage|p1a: Garganacl|40/100
|move|p1a: Garganacl|Salt Cure|p2a: Rotom
|-damage|p2a: Rotom|78/100
|-start|p2a: Rotom|Salt Cure
|
|-weather|none
|-heal|p2a: Rotom|85/100|[from] item: Leftovers
|-heal|p1a: Garganacl|46/100|[from] item: Leftovers
|-damage|p2a: Rotom|60/100|[from] Salt Cure
|upkeep
|turn|9
|
|t:|1779587860
|move|p2a: Rotom|Volt Switch|p1a: Garganacl
|-damage|p1a: Garganacl|21/100
|
|t:|1779587864
|switch|p2a: Houndstone|Houndstone, F|100/100|[from] Volt Switch
|move|p1a: Garganacl|Recover|p1a: Garganacl
|-heal|p1a: Garganacl|71/100
|
|-heal|p1a: Garganacl|77/100|[from] item: Leftovers
|upkeep
|turn|10
|
|t:|1779587872
|-terastallize|p2a: Houndstone|Ghost
|move|p2a: Houndstone|Poltergeist|p1a: Garganacl
|-activate|p1a: Garganacl|move: Poltergeist|Leftovers
|-damage|p1a: Garganacl|56/100
|move|p1a: Garganacl|Curse|p1a: Garganacl
|-unboost|p1a: Garganacl|spe|1
|-boost|p1a: Garganacl|atk|1
|-boost|p1a: Garganacl|def|1
|
|-heal|p1a: Garganacl|62/100|[from] item: Leftovers
|upkeep
|turn|11
|
|t:|1779587894
|switch|p2a: Rotom|Rotom-Wash|60/100
|move|p1a: Garganacl|Salt Cure|p2a: Rotom
|-damage|p2a: Rotom|30/100
|-start|p2a: Rotom|Salt Cure
|
|-heal|p2a: Rotom|36/100|[from] item: Leftovers
|-heal|p1a: Garganacl|68/100|[from] item: Leftovers
|-damage|p2a: Rotom|11/100|[from] Salt Cure
|upkeep
|turn|12
|
|t:|1779587902
|move|p2a: Rotom|Pain Split|p1a: Garganacl
|-sethp|p1a: Garganacl|38/100|[from] move: Pain Split|[silent]
|-sethp|p2a: Rotom|51/100|[from] move: Pain Split
|move|p1a: Garganacl|Recover|p1a: Garganacl
|-heal|p1a: Garganacl|88/100
|
|-heal|p2a: Rotom|57/100|[from] item: Leftovers
|-heal|p1a: Garganacl|95/100|[from] item: Leftovers
|-damage|p2a: Rotom|32/100|[from] Salt Cure
|upkeep
|turn|13
|
|t:|1779587912
|move|p2a: Rotom|Pain Split|p1a: Garganacl
|-sethp|p1a: Garganacl|59/100|[from] move: Pain Split|[silent]
|-sethp|p2a: Rotom|79/100|[from] move: Pain Split
|move|p1a: Garganacl|Salt Cure|p2a: Rotom
|-damage|p2a: Rotom|52/100
|
|-heal|p2a: Rotom|58/100|[from] item: Leftovers
|-heal|p1a: Garganacl|66/100|[from] item: Leftovers
|-damage|p2a: Rotom|33/100|[from] Salt Cure
|upkeep
|turn|14
|
|t:|1779587922
|move|p2a: Rotom|Pain Split|p1a: Garganacl
|-sethp|p1a: Garganacl|45/100|[from] move: Pain Split|[silent]
|-sethp|p2a: Rotom|60/100|[from] move: Pain Split
|move|p1a: Garganacl|Curse|p1a: Garganacl
|-unboost|p1a: Garganacl|spe|1
|-boost|p1a: Garganacl|atk|1
|-boost|p1a: Garganacl|def|1
|
|-heal|p2a: Rotom|66/100|[from] item: Leftovers
|-heal|p1a: Garganacl|51/100|[from] item: Leftovers
|-damage|p2a: Rotom|41/100|[from] Salt Cure
|upkeep
|turn|15
|
|t:|1779587929
|switch|p2a: Tyranitar|Tyranitar, M|100/100
|-weather|Sandstorm|[from] ability: Sand Stream|[of] p2a: Tyranitar
|move|p1a: Garganacl|Salt Cure|p2a: Tyranitar
|-damage|p2a: Tyranitar|80/100
|-start|p2a: Tyranitar|Salt Cure
|
|-weather|Sandstorm|[upkeep]
|-heal|p1a: Garganacl|58/100|[from] item: Leftovers
|-damage|p2a: Tyranitar|68/100|[from] Salt Cure
|upkeep
|turn|16
|
|t:|1779587933
|move|p2a: Tyranitar|Knock Off|p1a: Garganacl
|-damage|p1a: Garganacl|46/100
|-enditem|p1a: Garganacl|Leftovers|[from] move: Knock Off|[of] p2a: Tyranitar
|move|p1a: Garganacl|Recover|p1a: Garganacl
|-heal|p1a: Garganacl|96/100
|
|-weather|Sandstorm|[upkeep]
|-damage|p2a: Tyranitar|55/100|[from] Salt Cure
|upkeep
|turn|17
|
|t:|1779587952
|switch|p2a: Tornadus|Tornadus-Therian, M|100/100
|move|p1a: Garganacl|Earthquake|p2a: Tornadus
|-immune|p2a: Tornadus
|
|-weather|Sandstorm|[upkeep]
|-damage|p2a: Tornadus|94/100|[from] Sandstorm
|upkeep
|turn|18
|
|t:|1779587958
|move|p2a: Tornadus|Weather Ball|p1a: Garganacl
|-damage|p1a: Garganacl|81/100
|move|p1a: Garganacl|Salt Cure|p2a: Tornadus
|-supereffective|p2a: Tornadus
|-damage|p2a: Tornadus|2/100
|-start|p2a: Tornadus|Salt Cure
|
|-weather|Sandstorm|[upkeep]
|-damage|p2a: Tornadus|0 fnt|[from] Sandstorm
|faint|p2a: Tornadus
|upkeep
|
|t:|1779587960
|switch|p2a: Rotom|Rotom-Wash|41/100
|turn|19
|
|t:|1779587969
|move|p2a: Rotom|Pain Split|p1a: Garganacl
|-sethp|p1a: Garganacl|56/100|[from] move: Pain Split|[silent]
|-sethp|p2a: Rotom|75/100|[from] move: Pain Split
|move|p1a: Garganacl|Salt Cure|p2a: Rotom
|-damage|p2a: Rotom|40/100
|-start|p2a: Rotom|Salt Cure
|
|-weather|Sandstorm|[upkeep]
|-damage|p2a: Rotom|34/100|[from] Sandstorm
|-heal|p2a: Rotom|40/100|[from] item: Leftovers
|-damage|p2a: Rotom|15/100|[from] Salt Cure
|upkeep
|turn|20
|
|t:|1779587983
|switch|p2a: Houndstone|Houndstone, F, tera:Ghost|100/100
|move|p1a: Garganacl|Salt Cure|p2a: Houndstone
|-damage|p2a: Houndstone|61/100
|-start|p2a: Houndstone|Salt Cure
|
|-weather|Sandstorm|[upkeep]
|-damage|p2a: Houndstone|49/100|[from] Salt Cure
|upkeep
|turn|21
|
|t:|1779587991
|switch|p2a: Rotom|Rotom-Wash|15/100
|move|p1a: Garganacl|Recover|p1a: Garganacl
|-heal|p1a: Garganacl|100/100
|
|-weather|Sandstorm|[upkeep]
|-damage|p2a: Rotom|9/100|[from] Sandstorm
|-heal|p2a: Rotom|15/100|[from] item: Leftovers
|upkeep
|turn|22
|
|t:|1779587995
|move|p2a: Rotom|Pain Split|p1a: Garganacl
|-sethp|p1a: Garganacl|56/100|[from] move: Pain Split|[silent]
|-sethp|p2a: Rotom|74/100|[from] move: Pain Split
|move|p1a: Garganacl|Salt Cure|p2a: Rotom
|-damage|p2a: Rotom|36/100
|-start|p2a: Rotom|Salt Cure
|
|-weather|none
|-heal|p2a: Rotom|43/100|[from] item: Leftovers
|-damage|p2a: Rotom|18/100|[from] Salt Cure
|upkeep
|turn|23
|
|t:|1779588005
|switch|p2a: Tyranitar|Tyranitar, M|55/100
|-weather|Sandstorm|[from] ability: Sand Stream|[of] p2a: Tyranitar
|move|p1a: Garganacl|Curse|p1a: Garganacl
|-unboost|p1a: Garganacl|spe|1
|-boost|p1a: Garganacl|atk|1
|-boost|p1a: Garganacl|def|1
|
|-weather|Sandstorm|[upkeep]
|upkeep
|turn|24
|
|t:|1779588011
|move|p2a: Tyranitar|Body Press|p1a: Garganacl
|-supereffective|p1a: Garganacl
|-damage|p1a: Garganacl|45/100
|move|p1a: Garganacl|Salt Cure|p2a: Tyranitar
|-damage|p2a: Tyranitar|31/100
|-start|p2a: Tyranitar|Salt Cure
|
|-weather|Sandstorm|[upkeep]
|-damage|p2a: Tyranitar|18/100|[from] Salt Cure
|upkeep
|turn|25
|
|t:|1779588019
|move|p2a: Tyranitar|Body Press|p1a: Garganacl
|-supereffective|p1a: Garganacl
|-damage|p1a: Garganacl|32/100
|move|p1a: Garganacl|Salt Cure|p2a: Tyranitar
|-damage|p2a: Tyranitar|0 fnt
|faint|p2a: Tyranitar
|
|-weather|Sandstorm|[upkeep]
|upkeep
|
|t:|1779588021
|switch|p2a: Rotom|Rotom-Wash|18/100
|turn|26
|
|t:|1779588029
|move|p2a: Rotom|Hydro Pump|p1a: Garganacl
|-supereffective|p1a: Garganacl
|-damage|p1a: Garganacl|0 fnt
|faint|p1a: Garganacl
|
|-weather|Sandstorm|[upkeep]
|-damage|p2a: Rotom|11/100|[from] Sandstorm
|-heal|p2a: Rotom|18/100|[from] item: Leftovers
|upkeep
|
|t:|1779588039
|switch|p1a: Hoopa|Hoopa-Unbound|100/100
|turn|27
|
|t:|1779588044
|switch|p2a: Houndstone|Houndstone, F, tera:Ghost|49/100
|move|p1a: Hoopa|Knock Off|p2a: Houndstone
|-supereffective|p2a: Houndstone
|-damage|p2a: Houndstone|0 fnt
|-enditem|p2a: Houndstone|Choice Band|[from] move: Knock Off|[of] p1a: Hoopa
|faint|p2a: Houndstone
|
|-weather|Sandstorm|[upkeep]
|-damage|p1a: Hoopa|94/100|[from] Sandstorm
|upkeep
|-message|bvcnmkor85471 forfeited.
|
|win|CHESED666
|raw|CHESED666's rating: 1264 &rarr; <strong>1287</strong><br />(+23 for winning)
|raw|bvcnmkor85471's rating: 1240 &rarr; <strong>1217</strong><br />(-23 for losing)
|l|☆bvcnmkor85471
|player|p2|
|l|☆CHESED666
|player|p1|
