|j|☆healboy009
|j|☆hdy nb
|t:|1779692564
|gametype|singles
|player|p1|healboy009|lucas|1433
|player|p2|hdy nb|colress|1470
|gen|9
|tier|[Gen 9] OU
|rated|
|rule|HP Percentage Mod: HP is shown in percentages
|rule|Endless Battle Clause: Forcing endless battles is banned
|rule|Species Clause: Limit one of each Pokémon
|rule|OHKO Clause: OHKO moves are banned
|rule|Evasion Items Clause: Evasion items are banned
|rule|Evasion Moves Clause: Evasion moves are banned
|rule|Evasion Abilities Clause: Evasion abilities are banned
|rule|Sleep Moves Clause: Sleep-inducing moves are banned
|clearpoke
|poke|p1|Primarina, M|
|poke|p1|Corviknight, M|
|poke|p1|Rillaboom, M|
|poke|p1|Zamazenta-*|
|poke|p1|Clefable, F|
|poke|p1|Heatran, F|
|poke|p2|Pelipper, F|
|poke|p2|Zapdos|
|poke|p2|Barraskewda, F|
|poke|p2|Overqwil, M|
|poke|p2|Iron Treads|
|poke|p2|Primarina, M|
|teampreview
|
|t:|1779692577
|teamsize|p1|6
|teamsize|p2|6
|start
|switch|p1a: Rillaboom|Rillaboom, M|100/100
|switch|p2a: Pelipper|Pelipper, F|100/100
|-fieldstart|move: Grassy Terrain|[from] ability: Grassy Surge|[of] p1a: Rillaboom
|-weather|RainDance|[from] ability: Drizzle|[of] p2a: Pelipper
|turn|1
|
|t:|1779692596
|move|p1a: Rillaboom|Wood Hammer|p2a: Pelipper
|-damage|p2a: Pelipper|0 fnt
|faint|p2a: Pelipper
|-damage|p1a: Rillaboom|69/100|[from] Recoil
|
|-weather|RainDance|[upkeep]
|-heal|p1a: Rillaboom|75/100|[from] Grassy Terrain
|upkeep
|
|t:|1779692605
|switch|p2a: Zapdos|Zapdos|100/100
|turn|2
|
|t:|1779692613
|switch|p1a: Heatran|Heatran, F|100/100
|move|p2a: Zapdos|Hurricane|p1a: Heatran
|-resisted|p1a: Heatran
|-damage|p1a: Heatran|80/100
|
|-weather|RainDance|[upkeep]
|-heal|p1a: Heatran|87/100|[from] Grassy Terrain
|-heal|p1a: Heatran|93/100|[from] item: Leftovers
|upkeep
|turn|3
|
|t:|1779692623
|move|p2a: Zapdos|Weather Ball|p1a: Heatran
|-supereffective|p1a: Heatran
|-damage|p1a: Heatran|30/100
|move|p1a: Heatran|Magma Storm|p2a: Zapdos
|-damage|p2a: Zapdos|80/100
|-activate|p2a: Zapdos|move: Magma Storm|[of] p1a: Heatran
|
|-weather|RainDance|[upkeep]
|-heal|p2a: Zapdos|86/100|[from] item: Leftovers
|-heal|p1a: Heatran|36/100|[from] Grassy Terrain
|-heal|p1a: Heatran|42/100|[from] item: Leftovers
|-damage|p2a: Zapdos|74/100|[from] move: Magma Storm|[partiallytrapped]
|upkeep
|turn|4
|
|t:|1779692636
|move|p1a: Heatran|Protect|p1a: Heatran
|-singleturn|p1a: Heatran|Protect
|move|p2a: Zapdos|Weather Ball|p1a: Heatran
|-activate|p1a: Heatran|move: Protect
|
|-weather|RainDance|[upkeep]
|-heal|p2a: Zapdos|80/100|[from] item: Leftovers
|-heal|p1a: Heatran|48/100|[from] Grassy Terrain
|-heal|p1a: Heatran|54/100|[from] item: Leftovers
|-damage|p2a: Zapdos|68/100|[from] move: Magma Storm|[partiallytrapped]
|upkeep
|turn|5
|
|t:|1779692655
|switch|p1a: Primarina|Primarina, M|100/100
|move|p2a: Zapdos|Weather Ball|p1a: Primarina
|-resisted|p1a: Primarina
|-damage|p1a: Primarina|85/100
|
|-weather|RainDance|[upkeep]
|-heal|p2a: Zapdos|74/100|[from] item: Leftovers
|-heal|p1a: Primarina|91/100|[from] Grassy Terrain
|-end|p2a: Zapdos|Magma Storm|[partiallytrapped]|[silent]
|-fieldend|move: Grassy Terrain
|upkeep
|turn|6
|
|t:|1779692666
|move|p2a: Zapdos|Thunder|p1a: Primarina
|-supereffective|p1a: Primarina
|-damage|p1a: Primarina|18/100
|-status|p1a: Primarina|par
|move|p1a: Primarina|Surf|p2a: Zapdos
|-damage|p2a: Zapdos|1/100
|
|-weather|RainDance|[upkeep]
|-heal|p2a: Zapdos|7/100|[from] item: Leftovers
|upkeep
|turn|7
|
|t:|1779692677
|move|p2a: Zapdos|Hurricane|p1a: Primarina
|-damage|p1a: Primarina|0 fnt
|faint|p1a: Primarina
|
|-weather|RainDance|[upkeep]
|-heal|p2a: Zapdos|14/100|[from] item: Leftovers
|upkeep
|
|t:|1779692690
|switch|p1a: Rillaboom|Rillaboom, M|75/100
|-fieldstart|move: Grassy Terrain|[from] ability: Grassy Surge|[of] p1a: Rillaboom
|turn|8
|
|t:|1779692708
|switch|p2a: Overqwil|Overqwil, M|100/100
|move|p1a: Rillaboom|Wood Hammer|p2a: Overqwil
|-resisted|p2a: Overqwil
|-crit|p2a: Overqwil
|-damage|p2a: Overqwil|0 fnt
|faint|p2a: Overqwil
|-damage|p1a: Rillaboom|45/100|[from] Recoil
|
|-weather|none
|-heal|p1a: Rillaboom|51/100|[from] Grassy Terrain
|upkeep
|
|t:|1779692723
|switch|p2a: Iron Treads|Iron Treads|100/100
|turn|9
|
|t:|1779692732
|switch|p1a: Clefable|Clefable, F|100/100
|move|p2a: Iron Treads|Ice Spinner|p1a: Clefable
|-damage|p1a: Clefable|80/100
|-fieldend|move: Grassy Terrain
|
|-heal|p1a: Clefable|86/100|[from] item: Leftovers
|upkeep
|turn|10
|
|t:|1779692741
|move|p2a: Iron Treads|Iron Head|p1a: Clefable
|-supereffective|p1a: Clefable
|-damage|p1a: Clefable|25/100
|move|p1a: Clefable|Wish|p1a: Clefable
|
|-heal|p1a: Clefable|31/100|[from] item: Leftovers
|upkeep
|turn|11
|
|t:|1779692756
|move|p1a: Clefable|Protect|p1a: Clefable
|-singleturn|p1a: Clefable|Protect
|move|p2a: Iron Treads|Earthquake|p1a: Clefable
|-activate|p1a: Clefable|move: Protect
|
|-heal|p1a: Clefable|81/100|[from] move: Wish|[wisher] Clefable
|-heal|p1a: Clefable|87/100|[from] item: Leftovers
|upkeep
|turn|12
|
|t:|1779692766
|switch|p1a: Corviknight|Corviknight, M|100/100
|-ability|p1a: Corviknight|Pressure
|move|p2a: Iron Treads|Iron Head|p1a: Corviknight
|-resisted|p1a: Corviknight
|-damage|p1a: Corviknight|90/100
|
|upkeep
|turn|13
|
|t:|1779692785
|-end|p2a: Iron Treads|Quark Drive|[silent]
|switch|p2a: Primarina|Primarina, M|100/100
|move|p1a: Corviknight|U-turn|p2a: Primarina
|-resisted|p2a: Primarina
|-damage|p2a: Primarina|92/100
|
|t:|1779692790
|switch|p1a: Rillaboom|Rillaboom, M|51/100|[from] U-turn
|-fieldstart|move: Grassy Terrain|[from] ability: Grassy Surge|[of] p1a: Rillaboom
|
|-heal|p1a: Rillaboom|57/100|[from] Grassy Terrain
|-heal|p2a: Primarina|98/100|[from] Grassy Terrain
|-heal|p2a: Primarina|100/100|[from] item: Leftovers
|upkeep
|turn|14
|
|t:|1779692804
|-terastallize|p2a: Primarina|Steel
|move|p1a: Rillaboom|Wood Hammer|p2a: Primarina
|-resisted|p2a: Primarina
|-damage|p2a: Primarina|28/100
|-damage|p1a: Rillaboom|32/100|[from] Recoil
|move|p2a: Primarina|Ice Beam|p1a: Rillaboom
|-supereffective|p1a: Rillaboom
|-damage|p1a: Rillaboom|0 fnt
|faint|p1a: Rillaboom
|
|-heal|p2a: Primarina|34/100|[from] Grassy Terrain
|-heal|p2a: Primarina|40/100|[from] item: Leftovers
|upkeep
|
|t:|1779692813
|switch|p1a: Zamazenta|Zamazenta|100/100
|-ability|p1a: Zamazenta|Dauntless Shield|boost
|-boost|p1a: Zamazenta|def|1
|turn|15
|
|t:|1779692853
|move|p1a: Zamazenta|Close Combat|p2a: Primarina
|-supereffective|p2a: Primarina
|-damage|p2a: Primarina|0 fnt
|-unboost|p1a: Zamazenta|def|1
|-unboost|p1a: Zamazenta|spd|1
|faint|p2a: Primarina
|-damage|p1a: Zamazenta|91/100|[from] item: Life Orb
|
|-heal|p1a: Zamazenta|97/100|[from] Grassy Terrain
|upkeep
|
|t:|1779692868
|switch|p2a: Zapdos|Zapdos|14/100
|turn|16
|
|t:|1779692875
|move|p1a: Zamazenta|Crunch|p2a: Zapdos
|-damage|p2a: Zapdos|0 fnt
|faint|p2a: Zapdos
|-damage|p1a: Zamazenta|87/100|[from] item: Life Orb
|
|-heal|p1a: Zamazenta|93/100|[from] Grassy Terrain
|upkeep
|c|☆healboy009|ggs
|
|t:|1779692885
|switch|p2a: Barraskewda|Barraskewda, F|100/100
|turn|17
|
|t:|1779692891
|move|p1a: Zamazenta|Close Combat|p2a: Barraskewda
|-damage|p2a: Barraskewda|0 fnt
|-unboost|p1a: Zamazenta|def|1
|-unboost|p1a: Zamazenta|spd|1
|faint|p2a: Barraskewda
|-damage|p1a: Zamazenta|83/100|[from] item: Life Orb
|
|-heal|p1a: Zamazenta|89/100|[from] Grassy Terrain
|-fieldend|move: Grassy Terrain
|upkeep
|-message|hdy nb forfeited.
|
|win|healboy009
|raw|healboy009's rating: 1433 &rarr; <strong>1455</strong><br />(+22 for winning)
|raw|hdy nb's rating: 1470 &rarr; <strong>1448</strong><br />(-22 for losing)
|l|☆hdy nb
|player|p2|
|l|☆healboy009
|player|p1|
