|j|☆Titanosaurus
|j|☆oj444
|t:|1779647756
|gametype|singles
|player|p1|Titanosaurus|byron|1474
|player|p2|oj444|102|1465
|gen|9
|tier|[Gen 9] OU
|rated|
|rule|HP Percentage Mod: HP is shown in percentages
|rule|Endless Battle Clause: Forcing endless battles is banned
|rule|Species Clause: Limit one of each Pokémon
|rule|OHKO Clause: OHKO moves are banned
|rule|Evasion Items Clause: Evasion items are banned
|rule|Evasion Moves Clause: Evasion moves are banned
|rule|Evasion Abilities Clause: Evasion abilities are banned
|rule|Sleep Moves Clause: Sleep-inducing moves are banned
|clearpoke
|poke|p1|Politoed, F|
|poke|p1|Zapdos|
|poke|p1|Clodsire, M|
|poke|p1|Corviknight, M|
|poke|p1|Barraskewda, M|
|poke|p1|Kingambit, M|
|poke|p2|Kingambit, M|
|poke|p2|Dragonite, F|
|poke|p2|Dragapult, M|
|poke|p2|Ting-Lu|
|poke|p2|Ogerpon-Wellspring, F|
|poke|p2|Gholdengo|
|teampreview
|inactive|Battle timer is ON: inactive players will automatically lose when time's up. (requested by Titanosaurus)
|inactive|oj444 also wants the timer to be on.
|
|t:|1779647768
|teamsize|p1|6
|teamsize|p2|6
|start
|switch|p1a: Politoed|Politoed, F|100/100
|switch|p2a: Ting-Lu|Ting-Lu|100/100
|-weather|RainDance|[from] ability: Drizzle|[of] p1a: Politoed
|-ability|p2a: Ting-Lu|Vessel of Ruin
|turn|1
|inactive|Titanosaurus has 120 seconds left.
|inactive|Titanosaurus has 90 seconds left.
|
|t:|1779647852
|move|p1a: Politoed|Ice Beam|p2a: Ting-Lu
|-supereffective|p2a: Ting-Lu
|-damage|p2a: Ting-Lu|84/100
|-status|p2a: Ting-Lu|frz
|-curestatus|p2a: Ting-Lu|frz|[msg]
|move|p2a: Ting-Lu|Ruination|p1a: Politoed
|-damage|p1a: Politoed|50/100
|
|-weather|RainDance|[upkeep]
|-heal|p2a: Ting-Lu|90/100|[from] item: Leftovers
|upkeep
|turn|2
|
|t:|1779647858
|move|p1a: Politoed|Surf|p2a: Ting-Lu
|-supereffective|p2a: Ting-Lu
|-damage|p2a: Ting-Lu|52/100
|move|p2a: Ting-Lu|Stealth Rock|p1a: Politoed
|-sidestart|p1: Titanosaurus|move: Stealth Rock
|
|-weather|RainDance|[upkeep]
|-heal|p2a: Ting-Lu|58/100|[from] item: Leftovers
|upkeep
|turn|3
|
|t:|1779647863
|switch|p1a: Corviknight|Corviknight, M|100/100
|-damage|p1a: Corviknight|88/100|[from] Stealth Rock
|move|p2a: Ting-Lu|Earthquake|p1a: Corviknight
|-immune|p1a: Corviknight
|
|-weather|RainDance|[upkeep]
|-heal|p2a: Ting-Lu|65/100|[from] item: Leftovers
|upkeep
|turn|4
|
|t:|1779647866
|move|p1a: Corviknight|Defog|p2a: Ting-Lu
|-unboost|p2a: Ting-Lu|evasion|1
|-sideend|p1: Titanosaurus|Stealth Rock|[from] move: Defog|[of] p1a: Corviknight
|move|p2a: Ting-Lu|Ruination|p1a: Corviknight
|-damage|p1a: Corviknight|44/100
|
|-weather|RainDance|[upkeep]
|-heal|p2a: Ting-Lu|71/100|[from] item: Leftovers
|upkeep
|turn|5
|
|t:|1779647870
|move|p1a: Corviknight|U-turn|p2a: Ting-Lu
|-supereffective|p2a: Ting-Lu
|-damage|p2a: Ting-Lu|55/100
|
|t:|1779647875
|switch|p1a: Barraskewda|Barraskewda, M|100/100|[from] U-turn
|move|p2a: Ting-Lu|Stealth Rock|p1a: Barraskewda
|-sidestart|p1: Titanosaurus|move: Stealth Rock
|
|-weather|RainDance|[upkeep]
|-heal|p2a: Ting-Lu|61/100|[from] item: Leftovers
|upkeep
|turn|6
|
|t:|1779647884
|-terastallize|p2a: Ting-Lu|Water
|move|p1a: Barraskewda|Close Combat|p2a: Ting-Lu
|-damage|p2a: Ting-Lu|25/100
|-unboost|p1a: Barraskewda|def|1
|-unboost|p1a: Barraskewda|spd|1
|move|p2a: Ting-Lu|Ruination|p1a: Barraskewda
|-damage|p1a: Barraskewda|50/100
|
|-weather|RainDance|[upkeep]
|-heal|p2a: Ting-Lu|31/100|[from] item: Leftovers
|upkeep
|turn|7
|inactive|Titanosaurus has 120 seconds left.
|
|t:|1779647890
|move|p1a: Barraskewda|Close Combat|p2a: Ting-Lu
|-damage|p2a: Ting-Lu|0 fnt
|-unboost|p1a: Barraskewda|def|1
|-unboost|p1a: Barraskewda|spd|1
|faint|p2a: Ting-Lu
|
|-weather|RainDance|[upkeep]
|upkeep
|
|t:|1779647904
|switch|p2a: Gholdengo|Gholdengo|100/100
|turn|8
|
|t:|1779647909
|switch|p1a: Clodsire|Clodsire, M|100/100
|-damage|p1a: Clodsire|94/100|[from] Stealth Rock
|move|p2a: Gholdengo|Focus Blast|p1a: Clodsire|[miss]
|-miss|p2a: Gholdengo|p1a: Clodsire
|
|-weather|none
|-heal|p1a: Clodsire|100/100|[from] item: Leftovers
|upkeep
|turn|9
|
|t:|1779647919
|switch|p2a: Ogerpon|Ogerpon-Wellspring, F|100/100
|move|p1a: Clodsire|Toxic|p2a: Ogerpon
|-status|p2a: Ogerpon|tox
|
|-damage|p2a: Ogerpon|95/100 tox|[from] psn
|upkeep
|turn|10
|
|t:|1779647926
|switch|p1a: Corviknight|Corviknight, M|44/100
|-damage|p1a: Corviknight|32/100|[from] Stealth Rock
|move|p2a: Ogerpon|Ivy Cudgel|p1a: Corviknight|[anim] Ivy Cudgel Water
|-damage|p1a: Corviknight|0 fnt
|faint|p1a: Corviknight
|
|-damage|p2a: Ogerpon|83/100 tox|[from] psn
|upkeep
|
|t:|1779647936
|switch|p1a: Politoed|Politoed, F|50/100
|-damage|p1a: Politoed|38/100|[from] Stealth Rock
|-weather|RainDance|[from] ability: Drizzle|[of] p1a: Politoed
|turn|11
|
|t:|1779647945
|move|p2a: Ogerpon|Ivy Cudgel|p1a: Politoed|[anim] Ivy Cudgel Water
|-resisted|p1a: Politoed
|-crit|p1a: Politoed
|-damage|p1a: Politoed|0 fnt
|faint|p1a: Politoed
|
|-weather|RainDance|[upkeep]
|-damage|p2a: Ogerpon|65/100 tox|[from] psn
|upkeep
|
|t:|1779647949
|switch|p1a: Zapdos|Zapdos|100/100
|-damage|p1a: Zapdos|76/100|[from] Stealth Rock
|turn|12
|
|t:|1779647954
|move|p1a: Zapdos|Hurricane|p2a: Ogerpon
|-supereffective|p2a: Ogerpon
|-damage|p2a: Ogerpon|0 fnt
|faint|p2a: Ogerpon
|
|-weather|RainDance|[upkeep]
|upkeep
|
|t:|1779647974
|switch|p2a: Dragonite|Dragonite, F|100/100
|turn|13
|
|t:|1779647977
|move|p1a: Zapdos|Hurricane|p2a: Dragonite
|-damage|p2a: Dragonite|69/100
|-start|p2a: Dragonite|confusion
|-activate|p2a: Dragonite|confusion
|move|p2a: Dragonite|Dragon Dance|p2a: Dragonite
|-boost|p2a: Dragonite|atk|1
|-boost|p2a: Dragonite|spe|1
|
|-weather|RainDance|[upkeep]
|upkeep
|turn|14
|
|t:|1779647983
|move|p1a: Zapdos|Hurricane|p2a: Dragonite
|-damage|p2a: Dragonite|1/100
|-activate|p2a: Dragonite|confusion
|move|p2a: Dragonite|Scale Shot|p1a: Zapdos
|-damage|p1a: Zapdos|47/100
|-damage|p1a: Zapdos|19/100
|-damage|p1a: Zapdos|0 fnt
|faint|p1a: Zapdos
|-hitcount|p1: Zapdos|3
|-unboost|p2a: Dragonite|def|1
|-boost|p2a: Dragonite|spe|1
|
|-weather|RainDance|[upkeep]
|upkeep
|
|t:|1779647989
|switch|p1a: Kingambit|Kingambit, M|100/100
|-damage|p1a: Kingambit|94/100|[from] Stealth Rock
|-activate|p1a: Kingambit|ability: Supreme Overlord
|-start|p1a: Kingambit|fallen3|[silent]
|turn|15
|
|t:|1779647994
|-activate|p2a: Dragonite|confusion
|-damage|p2a: Dragonite|0 fnt|[from] confusion
|faint|p2a: Dragonite
|move|p1a: Kingambit|Swords Dance|p1a: Kingambit
|-boost|p1a: Kingambit|atk|2
|
|-weather|RainDance|[upkeep]
|-heal|p1a: Kingambit|100/100|[from] item: Leftovers
|upkeep
|l|☆oj444
|inactive|oj444 disconnected and has a minute to reconnect!
|player|p2|
|inactive|oj444 has 30 seconds to reconnect!
|inactive|oj444 has 20 seconds to reconnect!
|inactive|oj444 has 15 seconds to reconnect!
|inactive|oj444 has 10 seconds to reconnect!
|inactive|oj444 has 5 seconds to reconnect!
|-message|oj444 lost due to inactivity.
|
|win|Titanosaurus
|raw|Titanosaurus's rating: 1474 &rarr; <strong>1493</strong><br />(+19 for winning)
|raw|oj444's rating: 1465 &rarr; <strong>1446</strong><br />(-19 for losing)
|l|☆Titanosaurus
|player|p1|
|j|☆oj444
|player|p2|oj444|102|
|l|☆oj444
|player|p2|
