|j|☆Iron Fist286
|j|☆sinnerwinner
|t:|1779682486
|gametype|singles
|player|p1|Iron Fist286|n|1392
|player|p2|sinnerwinner|blackbelt|1379
|gen|9
|tier|[Gen 9] OU
|rated|
|rule|HP Percentage Mod: HP is shown in percentages
|rule|Endless Battle Clause: Forcing endless battles is banned
|rule|Species Clause: Limit one of each Pokémon
|rule|OHKO Clause: OHKO moves are banned
|rule|Evasion Items Clause: Evasion items are banned
|rule|Evasion Moves Clause: Evasion moves are banned
|rule|Evasion Abilities Clause: Evasion abilities are banned
|rule|Sleep Moves Clause: Sleep-inducing moves are banned
|clearpoke
|poke|p1|Tyranitar, M|
|poke|p1|Excadrill, M|
|poke|p1|Iron Valiant|
|poke|p1|Zapdos|
|poke|p1|Ogerpon, F|
|poke|p1|Toxapex, M|
|poke|p2|Great Tusk|
|poke|p2|Glimmora, M|
|poke|p2|Kyurem|
|poke|p2|Iron Valiant|
|poke|p2|Gholdengo|
|poke|p2|Raging Bolt|
|teampreview
|inactive|Battle timer is ON: inactive players will automatically lose when time's up. (requested by sinnerwinner)
|
|t:|1779682502
|teamsize|p1|6
|teamsize|p2|6
|start
|switch|p1a: Excadrill|Excadrill, M, shiny|100/100
|switch|p2a: A.K.I|Glimmora, M|100/100
|turn|1
|
|t:|1779682506
|move|p1a: Excadrill|Earthquake|p2a: A.K.I
|-supereffective|p2a: A.K.I
|-enditem|p2a: A.K.I|Focus Sash
|-damage|p2a: A.K.I|1/100
|-activate|p2a: A.K.I|ability: Toxic Debris
|-sidestart|p1: Iron Fist286|move: Toxic Spikes
|move|p2a: A.K.I|Earth Power|p1a: Excadrill
|-supereffective|p1a: Excadrill
|-damage|p1a: Excadrill|12/100
|
|-heal|p1a: Excadrill|18/100|[from] item: Leftovers
|upkeep
|turn|2
|
|t:|1779682521
|move|p1a: Excadrill|Rapid Spin|p2a: A.K.I
|-resisted|p2a: A.K.I
|-damage|p2a: A.K.I|0 fnt
|-boost|p1a: Excadrill|spe|1
|-activate|p2a: A.K.I|ability: Toxic Debris
|-sidestart|p1: Iron Fist286|move: Toxic Spikes
|-sideend|p1: Iron Fist286|Toxic Spikes|[from] move: Rapid Spin|[of] p1a: Excadrill
|faint|p2a: A.K.I
|
|-heal|p1a: Excadrill|24/100|[from] item: Leftovers
|upkeep
|
|t:|1779682524
|switch|p2a: Iron Valiant|Iron Valiant|100/100
|-enditem|p2a: Iron Valiant|Booster Energy
|-activate|p2a: Iron Valiant|ability: Quark Drive|[fromitem]
|-start|p2a: Iron Valiant|quarkdrivespe
|turn|3
|
|t:|1779682536
|switch|p1a: Toxapex|Toxapex, M, shiny|100/100
|move|p2a: Iron Valiant|Knock Off|p1a: Toxapex
|-damage|p1a: Toxapex|80/100
|-damage|p2a: Iron Valiant|84/100|[from] item: Rocky Helmet|[of] p1a: Toxapex
|-enditem|p1a: Toxapex|Rocky Helmet|[from] move: Knock Off|[of] p2a: Iron Valiant
|
|upkeep
|turn|4
|
|t:|1779682542
|move|p2a: Iron Valiant|Thunderbolt|p1a: Toxapex
|-supereffective|p1a: Toxapex
|-damage|p1a: Toxapex|43/100
|move|p1a: Toxapex|Toxic Spikes|p2a: Iron Valiant
|-sidestart|p2: sinnerwinner|move: Toxic Spikes
|
|upkeep
|turn|5
|
|t:|1779682547
|move|p2a: Iron Valiant|Thunderbolt|p1a: Toxapex
|-supereffective|p1a: Toxapex
|-damage|p1a: Toxapex|3/100
|move|p1a: Toxapex|Toxic Spikes|p2a: Iron Valiant
|-sidestart|p2: sinnerwinner|move: Toxic Spikes
|
|upkeep
|turn|6
|
|t:|1779682554
|switch|p1a: Excadrill|Excadrill, M, shiny|24/100
|move|p2a: Iron Valiant|Moonblast|p1a: Excadrill
|-resisted|p1a: Excadrill
|-damage|p1a: Excadrill|0 fnt
|faint|p1a: Excadrill
|
|upkeep
|inactive|Iron Fist286 has 120 seconds left.
|
|t:|1779682594
|switch|p1a: Toxapex|Toxapex, M, shiny|37/100
|turn|7
|
|t:|1779682597
|switch|p1a: Tyranitar|Tyranitar, M, shiny|100/100
|-weather|Sandstorm|[from] ability: Sand Stream|[of] p1a: Tyranitar
|move|p2a: Iron Valiant|Thunderbolt|p1a: Tyranitar
|-damage|p1a: Tyranitar|82/100
|
|-weather|Sandstorm|[upkeep]
|-damage|p2a: Iron Valiant|78/100|[from] Sandstorm
|upkeep
|turn|8
|inactive|Iron Fist286 has 120 seconds left.
|
|t:|1779682613
|switch|p1a: Toxapex|Toxapex, M, shiny|70/100
|move|p2a: Iron Valiant|Close Combat|p1a: Toxapex
|-resisted|p1a: Toxapex
|-damage|p1a: Toxapex|51/100
|-unboost|p2a: Iron Valiant|def|1
|-unboost|p2a: Iron Valiant|spd|1
|
|-weather|Sandstorm|[upkeep]
|-damage|p2a: Iron Valiant|71/100|[from] Sandstorm
|-damage|p1a: Toxapex|45/100|[from] Sandstorm
|upkeep
|turn|9
|
|t:|1779682620
|move|p2a: Iron Valiant|Thunderbolt|p1a: Toxapex
|-supereffective|p1a: Toxapex
|-damage|p1a: Toxapex|4/100
|move|p1a: Toxapex|Toxic|p2a: Iron Valiant
|-status|p2a: Iron Valiant|tox
|
|-weather|Sandstorm|[upkeep]
|-damage|p2a: Iron Valiant|65/100 tox|[from] Sandstorm
|-damage|p1a: Toxapex|0 fnt|[from] Sandstorm
|faint|p1a: Toxapex
|-damage|p2a: Iron Valiant|59/100 tox|[from] psn
|upkeep
|inactive|Iron Fist286 has 120 seconds left.
|
|t:|1779682647
|switch|p1a: Iron Valiant|Iron Valiant, shiny|100/100
|turn|10
|
|t:|1779682657
|-terastallize|p1a: Iron Valiant|Ghost
|move|p2a: Iron Valiant|Moonblast|p1a: Iron Valiant
|-damage|p1a: Iron Valiant|23/100
|move|p1a: Iron Valiant|Moonblast|p2a: Iron Valiant
|-supereffective|p2a: Iron Valiant
|-damage|p2a: Iron Valiant|0 fnt
|faint|p2a: Iron Valiant
|-end|p2a: Iron Valiant|Quark Drive|[silent]
|
|-weather|Sandstorm|[upkeep]
|-damage|p1a: Iron Valiant|16/100|[from] Sandstorm
|upkeep
|
|t:|1779682677
|switch|p2a: Gill|Kyurem|100/100
|-status|p2a: Gill|tox
|-ability|p2a: Gill|Pressure
|turn|11
|
|t:|1779682699
|move|p1a: Iron Valiant|Moonblast|p2a: Gill
|-supereffective|p2a: Gill
|-damage|p2a: Gill|0 fnt
|faint|p2a: Gill
|
|-weather|Sandstorm|[upkeep]
|-damage|p1a: Iron Valiant|10/100|[from] Sandstorm
|upkeep
|-message|sinnerwinner forfeited.
|
|win|Iron Fist286
|raw|Iron Fist286's rating: 1392 &rarr; <strong>1411</strong><br />(+19 for winning)
|raw|sinnerwinner's rating: 1379 &rarr; <strong>1360</strong><br />(-19 for losing)
|l|☆sinnerwinner
|player|p2|
|c|☆Iron Fist286|gg
|l|☆Iron Fist286
|player|p1|
