|j|‽Notafatwhitekid
|j|☆lapadaseca
|t:|1779585252
|gametype|singles
|player|p1|Notafatwhitekid|102|1456
|player|p2|lapadaseca|janitor|1469
|gen|9
|tier|[Gen 9] OU
|rated|
|rule|HP Percentage Mod: HP is shown in percentages
|rule|Endless Battle Clause: Forcing endless battles is banned
|rule|Species Clause: Limit one of each Pokémon
|rule|OHKO Clause: OHKO moves are banned
|rule|Evasion Items Clause: Evasion items are banned
|rule|Evasion Moves Clause: Evasion moves are banned
|rule|Evasion Abilities Clause: Evasion abilities are banned
|rule|Sleep Moves Clause: Sleep-inducing moves are banned
|clearpoke
|poke|p1|Slowking-Galar, F|
|poke|p1|Great Tusk|
|poke|p1|Kyurem|
|poke|p1|Kingambit, F|
|poke|p1|Cinderace, M|
|poke|p1|Zapdos|
|poke|p2|Golurk|
|poke|p2|Dragapult, M|
|poke|p2|Primarina, F|
|poke|p2|Great Tusk|
|poke|p2|Kingambit, M|
|poke|p2|Amoonguss, M|
|teampreview
|inactive|Battle timer is ON: inactive players will automatically lose when time's up. (requested by lapadaseca)
|
|t:|1779585294
|teamsize|p1|6
|teamsize|p2|6
|start
|switch|p1a: Kyurem|Kyurem|100/100
|switch|p2a: Dragapult|Dragapult, M|100/100
|-ability|p1a: Kyurem|Pressure
|turn|1
|
|t:|1779585299
|-terastallize|p1a: Kyurem|Ice
|move|p2a: Dragapult|U-turn|p1a: Kyurem
|-damage|p1a: Kyurem|81/100
|
|t:|1779585327
|switch|p2a: Amoonguss|Amoonguss, M|100/100|[from] U-turn
|move|p1a: Kyurem|Ice Beam|p2a: Amoonguss
|-supereffective|p2a: Amoonguss
|-damage|p2a: Amoonguss|0 fnt
|faint|p2a: Amoonguss
|
|upkeep
|inactive|lapadaseca has 120 seconds left.
|
|t:|1779585353
|switch|p2a: Primarina|Primarina, F|100/100
|turn|2
|
|t:|1779585357
|switch|p1a: Slowking|Slowking-Galar, F|100/100
|move|p2a: Primarina|Flip Turn|p1a: Slowking
|-damage|p1a: Slowking|86/100
|
|t:|1779585360
|switch|p2a: Carlinhos|Golurk, shiny|100/100|[from] Flip Turn
|
|upkeep
|turn|3
|
|t:|1779585379
|switch|p1a: Great Tusk|Great Tusk|100/100
|move|p2a: Carlinhos|Poltergeist|p1a: Great Tusk
|-activate|p1a: Great Tusk|move: Poltergeist|Leftovers
|-damage|p1a: Great Tusk|41/100
|
|-heal|p1a: Great Tusk|48/100|[from] item: Leftovers
|upkeep
|turn|4
|
|t:|1779585392
|move|p1a: Great Tusk|Ice Spinner|p2a: Carlinhos
|-supereffective|p2a: Carlinhos
|-damage|p2a: Carlinhos|25/100
|move|p2a: Carlinhos|Poltergeist|p1a: Great Tusk
|-activate|p1a: Great Tusk|move: Poltergeist|Leftovers
|-damage|p1a: Great Tusk|0 fnt
|faint|p1a: Great Tusk
|-end|p1a: Great Tusk|Protosynthesis|[silent]
|
|upkeep
|
|t:|1779585398
|switch|p1a: Kyurem|Kyurem, tera:Ice|81/100
|-ability|p1a: Kyurem|Pressure
|turn|5
|
|t:|1779585409
|switch|p2a: Primarina|Primarina, F|100/100
|move|p1a: Kyurem|Ice Beam|p2a: Primarina
|-resisted|p2a: Primarina
|-damage|p2a: Primarina|70/100
|
|upkeep
|turn|6
|
|t:|1779585422
|switch|p1a: Slowking|Slowking-Galar, F|100/100
|move|p2a: Primarina|Flip Turn|p1a: Slowking
|-damage|p1a: Slowking|87/100
|
|t:|1779585425
|switch|p2a: Carlinhos|Golurk, shiny|25/100|[from] Flip Turn
|
|upkeep
|turn|7
|
|t:|1779585433
|switch|p1a: Zapdos|Zapdos, shiny|100/100
|move|p2a: Carlinhos|Earthquake|p1a: Zapdos
|-immune|p1a: Zapdos
|
|upkeep
|turn|8
|
|t:|1779585458
|switch|p2a: Dragapult|Dragapult, M|100/100
|move|p1a: Zapdos|Hurricane|p2a: Dragapult
|-damage|p2a: Dragapult|32/100
|-start|p2a: Dragapult|confusion
|
|upkeep
|turn|9
|
|t:|1779585470
|-activate|p2a: Dragapult|confusion
|move|p2a: Dragapult|Will-O-Wisp|p1a: Zapdos
|-status|p1a: Zapdos|brn
|move|p1a: Zapdos|Roost||[still]
|-fail|p1a: Zapdos|heal
|
|-damage|p1a: Zapdos|94/100 brn|[from] brn
|upkeep
|turn|10
|
|t:|1779585476
|-activate|p2a: Dragapult|confusion
|move|p2a: Dragapult|Hex|p1a: Zapdos
|-damage|p1a: Zapdos|35/100 brn
|move|p1a: Zapdos|Hurricane|p2a: Dragapult
|-damage|p2a: Dragapult|0 fnt
|faint|p2a: Dragapult
|
|-damage|p1a: Zapdos|29/100 brn|[from] brn
|upkeep
|inactive|lapadaseca has 120 seconds left.
|
|t:|1779585502
|switch|p2a: Great Tusk|Great Tusk|100/100
|-enditem|p2a: Great Tusk|Booster Energy
|-activate|p2a: Great Tusk|ability: Protosynthesis|[fromitem]
|-start|p2a: Great Tusk|protosynthesisspe
|turn|11
|
|t:|1779585519
|move|p2a: Great Tusk|Ice Spinner|p1a: Zapdos
|-supereffective|p1a: Zapdos
|-damage|p1a: Zapdos|0 fnt
|-status|p2a: Great Tusk|par|[from] ability: Static|[of] p1a: Zapdos
|faint|p1a: Zapdos
|
|upkeep
|
|t:|1779585524
|switch|p1a: Kyurem|Kyurem, tera:Ice|81/100
|-ability|p1a: Kyurem|Pressure
|turn|12
|
|t:|1779585531
|move|p1a: Kyurem|Ice Beam|p2a: Great Tusk
|-supereffective|p2a: Great Tusk
|-damage|p2a: Great Tusk|0 fnt
|faint|p2a: Great Tusk
|-end|p2a: Great Tusk|Protosynthesis|[silent]
|
|upkeep
|
|t:|1779585534
|switch|p2a: Kingambit|Kingambit, M|100/100
|-activate|p2a: Kingambit|ability: Supreme Overlord
|-start|p2a: Kingambit|fallen3|[silent]
|turn|13
|
|t:|1779585554
|switch|p1a: Kingambit|Kingambit, F|100/100
|-activate|p1a: Kingambit|ability: Supreme Overlord
|-start|p1a: Kingambit|fallen2|[silent]
|move|p2a: Kingambit|Kowtow Cleave|p1a: Kingambit
|-resisted|p1a: Kingambit
|-damage|p1a: Kingambit|68/100
|
|-heal|p1a: Kingambit|74/100|[from] item: Leftovers
|upkeep
|turn|14
|
|t:|1779585562
|-end|p2a: Kingambit|fallen3|[silent]
|switch|p2a: Primarina|Primarina, F|70/100
|move|p1a: Kingambit|Low Kick|p2a: Primarina
|-resisted|p2a: Primarina
|-damage|p2a: Primarina|51/100
|
|-heal|p1a: Kingambit|80/100|[from] item: Leftovers
|upkeep
|turn|15
|
|t:|1779585570
|move|p2a: Primarina|Surf|p1a: Kingambit
|-damage|p1a: Kingambit|24/100
|move|p1a: Kingambit|Iron Head|p2a: Primarina
|-damage|p2a: Primarina|0 fnt
|faint|p2a: Primarina
|
|-heal|p1a: Kingambit|30/100|[from] item: Leftovers
|upkeep
|
|t:|1779585578
|switch|p2a: Kingambit|Kingambit, M|100/100
|-activate|p2a: Kingambit|ability: Supreme Overlord
|-start|p2a: Kingambit|fallen4|[silent]
|turn|16
|
|t:|1779585588
|-terastallize|p2a: Kingambit|Dark
|move|p2a: Kingambit|Low Kick|p1a: Kingambit
|-supereffective|p1a: Kingambit
|-damage|p1a: Kingambit|0 fnt
|faint|p1a: Kingambit
|-end|p1a: Kingambit|fallen2|[silent]
|
|upkeep
|
|t:|1779585593
|switch|p1a: Cinderace|Cinderace, M|100/100
|turn|17
|
|t:|1779585601
|-end|p2a: Kingambit|fallen4|[silent]
|switch|p2a: Carlinhos|Golurk, shiny|25/100
|move|p1a: Cinderace|Will-O-Wisp|p2a: Carlinhos
|-status|p2a: Carlinhos|brn
|
|-damage|p2a: Carlinhos|19/100 brn|[from] brn
|upkeep
|turn|18
|
|t:|1779585606
|move|p1a: Cinderace|Pyro Ball|p2a: Carlinhos
|-damage|p2a: Carlinhos|0 fnt
|faint|p2a: Carlinhos
|
|upkeep
|
|t:|1779585608
|switch|p2a: Kingambit|Kingambit, M, tera:Dark|100/100
|-activate|p2a: Kingambit|ability: Supreme Overlord
|-start|p2a: Kingambit|fallen5|[silent]
|turn|19
|
|t:|1779585610
|move|p1a: Cinderace|Will-O-Wisp|p2a: Kingambit
|-status|p2a: Kingambit|brn
|move|p2a: Kingambit|Kowtow Cleave|p1a: Cinderace
|-damage|p1a: Cinderace|22/100
|
|-damage|p2a: Kingambit|94/100 brn|[from] brn
|upkeep
|turn|20
|
|t:|1779585614
|move|p2a: Kingambit|Sucker Punch|p1a: Cinderace
|-damage|p1a: Cinderace|0 fnt
|faint|p1a: Cinderace
|
|-damage|p2a: Kingambit|88/100 brn|[from] brn
|upkeep
|
|t:|1779585616
|switch|p1a: Kyurem|Kyurem, tera:Ice|81/100
|-ability|p1a: Kyurem|Pressure
|turn|21
|
|t:|1779585621
|move|p1a: Kyurem|Ice Beam|p2a: Kingambit
|-damage|p2a: Kingambit|0 fnt
|faint|p2a: Kingambit
|-end|p2a: Kingambit|fallen5|[silent]
|
|win|Notafatwhitekid
|raw|Notafatwhitekid's rating: 1456 &rarr; <strong>1477</strong><br />(+21 for winning)
|raw|lapadaseca's rating: 1469 &rarr; <strong>1448</strong><br />(-21 for losing)
|l|☆lapadaseca
|player|p2|
|l|‽Notafatwhitekid
|player|p1|
