|j|☆AnonymousJon
|j|‽clorox man
|t:|1779596285
|gametype|singles
|player|p1|AnonymousJon|workerice|1641
|player|p2|clorox man|clown|1732
|gen|9
|tier|[Gen 9] OU
|rated|
|rule|HP Percentage Mod: HP is shown in percentages
|rule|Endless Battle Clause: Forcing endless battles is banned
|rule|Species Clause: Limit one of each Pokémon
|rule|OHKO Clause: OHKO moves are banned
|rule|Evasion Items Clause: Evasion items are banned
|rule|Evasion Moves Clause: Evasion moves are banned
|rule|Evasion Abilities Clause: Evasion abilities are banned
|rule|Sleep Moves Clause: Sleep-inducing moves are banned
|clearpoke
|poke|p1|Great Tusk|
|poke|p1|Ogerpon-Cornerstone, F|
|poke|p1|Rillaboom, F|
|poke|p1|Tyranitar, F|
|poke|p1|Corviknight, F|
|poke|p1|Dragapult, F|
|poke|p2|Pecharunt|
|poke|p2|Ting-Lu|
|poke|p2|Iron Valiant|
|poke|p2|Volcanion|
|poke|p2|Dragonite, M|
|poke|p2|Kingambit, M|
|teampreview
|inactive|Battle timer is ON: inactive players will automatically lose when time's up. (requested by AnonymousJon)
|
|t:|1779596294
|teamsize|p1|6
|teamsize|p2|6
|start
|switch|p1a: Ogerpon|Ogerpon-Cornerstone, F|100/100
|switch|p2a: Pecharunt|Pecharunt|100/100
|turn|1
|
|t:|1779596298
|switch|p1a: Tyranitar|Tyranitar, F|100/100
|-weather|Sandstorm|[from] ability: Sand Stream|[of] p1a: Tyranitar
|move|p2a: Pecharunt|Malignant Chain|p1a: Tyranitar
|-resisted|p1a: Tyranitar
|-damage|p1a: Tyranitar|94/100
|-status|p1a: Tyranitar|tox
|-start|p1a: Tyranitar|confusion|[from] ability: Poison Puppeteer|[of] p2a: Pecharunt
|
|-weather|Sandstorm|[upkeep]
|-damage|p2a: Pecharunt|94/100|[from] Sandstorm
|-heal|p1a: Tyranitar|100/100 tox|[from] item: Leftovers
|-damage|p1a: Tyranitar|94/100 tox|[from] psn
|upkeep
|turn|2
|
|t:|1779596303
|switch|p2a: Ting-Lu|Ting-Lu|100/100
|-ability|p2a: Ting-Lu|Vessel of Ruin
|switch|p1a: Dragapult|Dragapult, F|100/100
|
|-weather|Sandstorm|[upkeep]
|-damage|p1a: Dragapult|94/100|[from] Sandstorm
|-heal|p1a: Dragapult|100/100|[from] item: Leftovers
|upkeep
|turn|3
|
|t:|1779596307
|move|p1a: Dragapult|Will-O-Wisp|p2a: Ting-Lu
|-status|p2a: Ting-Lu|brn
|move|p2a: Ting-Lu|Stealth Rock|p1a: Dragapult
|-sidestart|p1: AnonymousJon|move: Stealth Rock
|
|-weather|Sandstorm|[upkeep]
|-damage|p1a: Dragapult|94/100|[from] Sandstorm
|-heal|p1a: Dragapult|100/100|[from] item: Leftovers
|-damage|p2a: Ting-Lu|94/100 brn|[from] brn
|upkeep
|turn|4
|
|t:|1779596311
|switch|p1a: Rillaboom|Rillaboom, F|100/100
|-damage|p1a: Rillaboom|88/100|[from] Stealth Rock
|-fieldstart|move: Grassy Terrain|[from] ability: Grassy Surge|[of] p1a: Rillaboom
|move|p2a: Ting-Lu|Ruination|p1a: Rillaboom
|-damage|p1a: Rillaboom|44/100
|
|-weather|Sandstorm|[upkeep]
|-damage|p1a: Rillaboom|38/100|[from] Sandstorm
|-heal|p1a: Rillaboom|44/100|[from] Grassy Terrain
|-heal|p2a: Ting-Lu|100/100 brn|[from] Grassy Terrain
|-damage|p2a: Ting-Lu|94/100 brn|[from] brn
|upkeep
|turn|5
|
|t:|1779596316
|move|p1a: Rillaboom|Knock Off|p2a: Ting-Lu
|-resisted|p2a: Ting-Lu
|-damage|p2a: Ting-Lu|79/100 brn
|-enditem|p2a: Ting-Lu|Red Card|[from] move: Knock Off|[of] p1a: Rillaboom
|move|p2a: Ting-Lu|Spikes|p1a: Rillaboom
|-sidestart|p1: AnonymousJon|Spikes
|
|-weather|none
|-heal|p1a: Rillaboom|51/100|[from] Grassy Terrain
|-heal|p2a: Ting-Lu|85/100 brn|[from] Grassy Terrain
|-damage|p2a: Ting-Lu|79/100 brn|[from] brn
|upkeep
|turn|6
|
|t:|1779596321
|switch|p1a: Ogerpon|Ogerpon-Cornerstone, F|100/100
|-damage|p1a: Ogerpon|88/100|[from] Stealth Rock
|-damage|p1a: Ogerpon|75/100|[from] Spikes
|switch|p2a: Iron Valiant|Iron Valiant|100/100
|-enditem|p2a: Iron Valiant|Booster Energy
|-activate|p2a: Iron Valiant|ability: Quark Drive|[fromitem]
|-start|p2a: Iron Valiant|quarkdrivespe
|
|-heal|p1a: Ogerpon|82/100|[from] Grassy Terrain
|upkeep
|turn|7
|
|t:|1779596326
|switch|p1a: Corviknight|Corviknight, F|100/100
|-damage|p1a: Corviknight|88/100|[from] Stealth Rock
|-ability|p1a: Corviknight|Pressure
|move|p2a: Iron Valiant|Close Combat|p1a: Corviknight
|-damage|p1a: Corviknight|58/100
|-unboost|p2a: Iron Valiant|def|1
|-unboost|p2a: Iron Valiant|spd|1
|-damage|p2a: Iron Valiant|84/100|[from] item: Rocky Helmet|[of] p1a: Corviknight
|
|-heal|p2a: Iron Valiant|90/100|[from] Grassy Terrain
|upkeep
|turn|8
|inactive|clorox man has 120 seconds left.
|
|t:|1779596371
|-terastallize|p2a: Iron Valiant|Electric
|move|p2a: Iron Valiant|Thunderbolt|p1a: Corviknight
|-supereffective|p1a: Corviknight
|-damage|p1a: Corviknight|0 fnt
|faint|p1a: Corviknight
|
|-heal|p2a: Iron Valiant|96/100|[from] Grassy Terrain
|-fieldend|move: Grassy Terrain
|upkeep
|
|t:|1779596380
|switch|p1a: Great Tusk|Great Tusk|100/100
|-damage|p1a: Great Tusk|98/100|[from] Stealth Rock
|-damage|p1a: Great Tusk|85/100|[from] Spikes
|turn|9
|
|t:|1779596385
|move|p2a: Iron Valiant|Moonblast|p1a: Great Tusk
|-supereffective|p1a: Great Tusk
|-damage|p1a: Great Tusk|30/100
|move|p1a: Great Tusk|Rapid Spin|p2a: Iron Valiant
|-damage|p2a: Iron Valiant|66/100
|-boost|p1a: Great Tusk|spe|1
|-sideend|p1: AnonymousJon|Spikes|[from] move: Rapid Spin|[of] p1a: Great Tusk
|-sideend|p1: AnonymousJon|Stealth Rock|[from] move: Rapid Spin|[of] p1a: Great Tusk
|
|upkeep
|turn|10
|
|t:|1779596395
|move|p2a: Iron Valiant|Moonblast|p1a: Great Tusk
|-supereffective|p1a: Great Tusk
|-damage|p1a: Great Tusk|0 fnt
|faint|p1a: Great Tusk
|-end|p1a: Great Tusk|Protosynthesis|[silent]
|
|upkeep
|
|t:|1779596396
|switch|p1a: Rillaboom|Rillaboom, F|51/100
|-fieldstart|move: Grassy Terrain|[from] ability: Grassy Surge|[of] p1a: Rillaboom
|turn|11
|
|t:|1779596405
|move|p1a: Rillaboom|Grassy Glide|p2a: Iron Valiant
|-damage|p2a: Iron Valiant|0 fnt
|faint|p2a: Iron Valiant
|-end|p2a: Iron Valiant|Quark Drive|[silent]
|
|-heal|p1a: Rillaboom|57/100|[from] Grassy Terrain
|upkeep
|
|t:|1779596413
|switch|p2a: Pecharunt|Pecharunt|94/100
|turn|12
|
|t:|1779596420
|switch|p2a: Ting-Lu|Ting-Lu|79/100 brn
|-ability|p2a: Ting-Lu|Vessel of Ruin
|switch|p1a: Tyranitar|Tyranitar, F|94/100 tox
|-weather|Sandstorm|[from] ability: Sand Stream|[of] p1a: Tyranitar
|
|-weather|Sandstorm|[upkeep]
|-heal|p1a: Tyranitar|100/100 tox|[from] Grassy Terrain
|-heal|p2a: Ting-Lu|85/100 brn|[from] Grassy Terrain
|-damage|p1a: Tyranitar|94/100 tox|[from] psn
|-damage|p2a: Ting-Lu|79/100 brn|[from] brn
|upkeep
|turn|13
|
|t:|1779596424
|move|p1a: Tyranitar|Stealth Rock|p2a: Ting-Lu
|-sidestart|p2: clorox man|move: Stealth Rock
|move|p2a: Ting-Lu|Stealth Rock|p1a: Tyranitar
|-sidestart|p1: AnonymousJon|move: Stealth Rock
|
|-weather|Sandstorm|[upkeep]
|-heal|p1a: Tyranitar|100/100 tox|[from] Grassy Terrain
|-heal|p2a: Ting-Lu|85/100 brn|[from] Grassy Terrain
|-damage|p1a: Tyranitar|88/100 tox|[from] psn
|-damage|p2a: Ting-Lu|79/100 brn|[from] brn
|upkeep
|turn|14
|
|t:|1779596427
|switch|p1a: Ogerpon|Ogerpon-Cornerstone, F|82/100
|-damage|p1a: Ogerpon|69/100|[from] Stealth Rock
|move|p2a: Ting-Lu|Spikes|p1a: Ogerpon
|-sidestart|p1: AnonymousJon|Spikes
|
|-weather|Sandstorm|[upkeep]
|-heal|p1a: Ogerpon|75/100|[from] Grassy Terrain
|-heal|p2a: Ting-Lu|85/100 brn|[from] Grassy Terrain
|-damage|p2a: Ting-Lu|79/100 brn|[from] brn
|upkeep
|turn|15
|
|t:|1779596430
|move|p1a: Ogerpon|Horn Leech|p2a: Ting-Lu
|-supereffective|p2a: Ting-Lu
|-damage|p2a: Ting-Lu|21/100 brn
|-heal|p1a: Ogerpon|100/100|[from] drain|[of] p2a: Ting-Lu
|move|p2a: Ting-Lu|Whirlwind|p1a: Ogerpon
|drag|p1a: Rillaboom|Rillaboom, F|57/100
|-damage|p1a: Rillaboom|44/100|[from] Stealth Rock
|-damage|p1a: Rillaboom|32/100|[from] Spikes
|
|-weather|Sandstorm|[upkeep]
|-damage|p1a: Rillaboom|26/100|[from] Sandstorm
|-heal|p1a: Rillaboom|32/100|[from] Grassy Terrain
|-heal|p2a: Ting-Lu|27/100 brn|[from] Grassy Terrain
|-damage|p2a: Ting-Lu|21/100 brn|[from] brn
|-fieldend|move: Grassy Terrain
|upkeep
|turn|16
|
|t:|1779596435
|move|p1a: Rillaboom|U-turn|p2a: Ting-Lu
|-supereffective|p2a: Ting-Lu
|-damage|p2a: Ting-Lu|0 fnt
|faint|p2a: Ting-Lu
|
|t:|1779596446
|switch|p1a: Dragapult|Dragapult, F|100/100|[from] U-turn
|-damage|p1a: Dragapult|88/100|[from] Stealth Rock
|-damage|p1a: Dragapult|76/100|[from] Spikes
|
|-weather|none
|-heal|p1a: Dragapult|82/100|[from] item: Leftovers
|upkeep
|
|t:|1779596458
|switch|p2a: Kingambit|Kingambit, M|100/100
|-damage|p2a: Kingambit|94/100|[from] Stealth Rock
|-activate|p2a: Kingambit|ability: Supreme Overlord
|-start|p2a: Kingambit|fallen2|[silent]
|-item|p2a: Kingambit|Air Balloon
|turn|17
|
|t:|1779596463
|move|p1a: Dragapult|Will-O-Wisp|p2a: Kingambit
|-status|p2a: Kingambit|brn
|move|p2a: Kingambit|Kowtow Cleave|p1a: Dragapult
|-supereffective|p1a: Dragapult
|-damage|p1a: Dragapult|0 fnt
|faint|p1a: Dragapult
|
|-damage|p2a: Kingambit|88/100 brn|[from] brn
|upkeep
|
|t:|1779596465
|switch|p1a: Ogerpon|Ogerpon-Cornerstone, F|100/100
|-damage|p1a: Ogerpon|88/100|[from] Stealth Rock
|-damage|p1a: Ogerpon|75/100|[from] Spikes
|turn|18
|
|t:|1779596476
|-terastallize|p1a: Ogerpon|Rock
|detailschange|p1a: Ogerpon|Ogerpon-Cornerstone-Tera, F, tera:Rock
|-ability|p1a: Ogerpon|Embody Aspect (Cornerstone)|boost
|-boost|p1a: Ogerpon|def|1
|move|p1a: Ogerpon|Low Kick|p2a: Kingambit
|-supereffective|p2a: Kingambit
|-damage|p2a: Kingambit|0 fnt
|-enditem|p2a: Kingambit|Air Balloon
|faint|p2a: Kingambit
|-end|p2a: Kingambit|fallen2|[silent]
|
|upkeep
|
|t:|1779596487
|switch|p2a: Pecharunt|Pecharunt|94/100
|turn|19
|
|t:|1779596491
|move|p1a: Ogerpon|Ivy Cudgel|p2a: Pecharunt|[anim] Ivy Cudgel Rock
|-damage|p2a: Pecharunt|45/100
|move|p2a: Pecharunt|Shadow Ball|p1a: Ogerpon
|-damage|p1a: Ogerpon|48/100
|
|upkeep
|turn|20
|
|t:|1779596495
|move|p1a: Ogerpon|Ivy Cudgel|p2a: Pecharunt|[anim] Ivy Cudgel Rock
|-damage|p2a: Pecharunt|0 fnt
|faint|p2a: Pecharunt
|
|upkeep
|
|t:|1779596498
|switch|p2a: Dragonite|Dragonite, M|100/100
|turn|21
|
|t:|1779596505
|switch|p1a: Tyranitar|Tyranitar, F|88/100 tox
|-damage|p1a: Tyranitar|76/100 tox|[from] Stealth Rock
|-damage|p1a: Tyranitar|63/100 tox|[from] Spikes
|-weather|Sandstorm|[from] ability: Sand Stream|[of] p1a: Tyranitar
|move|p2a: Dragonite|Dragon Dance|p2a: Dragonite
|-boost|p2a: Dragonite|atk|1
|-boost|p2a: Dragonite|spe|1
|
|-weather|Sandstorm|[upkeep]
|-damage|p2a: Dragonite|94/100|[from] Sandstorm
|-heal|p1a: Tyranitar|69/100 tox|[from] item: Leftovers
|-damage|p1a: Tyranitar|63/100 tox|[from] psn
|upkeep
|turn|22
|
|t:|1779596509
|move|p2a: Dragonite|Earthquake|p1a: Tyranitar
|-supereffective|p1a: Tyranitar
|-crit|p1a: Tyranitar
|-damage|p1a: Tyranitar|0 fnt
|faint|p1a: Tyranitar
|
|-weather|Sandstorm|[upkeep]
|-damage|p2a: Dragonite|88/100|[from] Sandstorm
|upkeep
|-message|AnonymousJon forfeited.
|
|win|clorox man
|raw|AnonymousJon's rating: 1641 &rarr; <strong>1626</strong><br />(-15 for losing)
|raw|clorox man's rating: 1732 &rarr; <strong>1747</strong><br />(+15 for winning)
|l|☆AnonymousJon
|player|p1|
|l|‽clorox man
|player|p2|
