|j|☆Greenman50
|j|☆enigma96
|t:|1779668381
|gametype|singles
|player|p1|Greenman50|ruinmaniac|1098
|player|p2|enigma96|jogger|1081
|gen|9
|tier|[Gen 9] OU
|rated|
|rule|HP Percentage Mod: HP is shown in percentages
|rule|Endless Battle Clause: Forcing endless battles is banned
|rule|Species Clause: Limit one of each Pokémon
|rule|OHKO Clause: OHKO moves are banned
|rule|Evasion Items Clause: Evasion items are banned
|rule|Evasion Moves Clause: Evasion moves are banned
|rule|Evasion Abilities Clause: Evasion abilities are banned
|rule|Sleep Moves Clause: Sleep-inducing moves are banned
|clearpoke
|poke|p1|Venusaur, M|
|poke|p1|Granbull, M|
|poke|p1|Gogoat, F|
|poke|p1|Mamoswine, M|
|poke|p1|Abomasnow, M|
|poke|p1|Lapras, M|
|poke|p2|Incineroar, M|
|poke|p2|Meowscarada, M|
|poke|p2|Luxray, M|
|poke|p2|Espeon, M|
|poke|p2|Pyroar, M|
|poke|p2|Persian-Alola, M|
|teampreview
|inactive|Battle timer is ON: inactive players will automatically lose when time's up. (requested by enigma96)
|
|t:|1779668392
|teamsize|p1|6
|teamsize|p2|6
|start
|switch|p1a: LPS|Lapras, M|100/100
|switch|p2a: Meowscarada|Meowscarada, M, shiny|100/100
|turn|1
|
|t:|1779668399
|move|p2a: Meowscarada|Flower Trick|p1a: LPS
|-start|p2a: Meowscarada|typechange|Grass|[from] ability: Protean
|-supereffective|p1a: LPS
|-damage|p1a: LPS|45/100
|move|p1a: LPS|Blizzard|p2a: Meowscarada
|-supereffective|p2a: Meowscarada
|-damage|p2a: Meowscarada|0 fnt
|faint|p2a: Meowscarada
|
|upkeep
|
|t:|1779668411
|switch|p2a: Luxray|Luxray, M|100/100
|turn|2
|
|t:|1779668414
|switch|p1a: Taffy|Mamoswine, M, shiny|100/100
|move|p2a: Luxray|Trailblaze|p1a: Taffy
|-supereffective|p1a: Taffy
|-damage|p1a: Taffy|72/100
|-boost|p2a: Luxray|spe|1
|
|-status|p2a: Luxray|brn|[from] item: Flame Orb
|upkeep
|turn|3
|
|t:|1779668428
|-terastallize|p2a: Luxray|Flying
|move|p2a: Luxray|Facade|p1a: Taffy
|-damage|p1a: Taffy|9/100
|-enditem|p1a: Taffy|Liechi Berry|[eat]
|-boost|p1a: Taffy|atk|1|[from] item: Liechi Berry
|move|p1a: Taffy|Stealth Rock|p2a: Luxray
|-sidestart|p2: enigma96|move: Stealth Rock
|
|-damage|p2a: Luxray|95/100 brn|[from] brn
|upkeep
|turn|4
|
|t:|1779668439
|move|p2a: Luxray|Trailblaze|p1a: Taffy
|-supereffective|p1a: Taffy
|-damage|p1a: Taffy|0 fnt
|-boost|p2a: Luxray|spe|1
|faint|p1a: Taffy
|
|-damage|p2a: Luxray|89/100 brn|[from] brn
|upkeep
|
|t:|1779668463
|switch|p1a: Obamasnow|Abomasnow, M|100/100
|-weather|Snowscape|[from] ability: Snow Warning|[of] p1a: Obamasnow
|turn|5
|
|t:|1779668469
|move|p2a: Luxray|Facade|p1a: Obamasnow
|-damage|p1a: Obamasnow|53/100
|move|p1a: Obamasnow|Avalanche|p2a: Luxray
|-supereffective|p2a: Luxray
|-damage|p2a: Luxray|0 fnt
|faint|p2a: Luxray
|
|-weather|Snowscape|[upkeep]
|upkeep
|
|t:|1779668478
|switch|p2a: Incineroar|Incineroar, M, shiny|100/100
|-ability|p2a: Incineroar|Intimidate|boost
|-unboost|p1a: Obamasnow|atk|1
|turn|6
|
|t:|1779668491
|switch|p1a: LPS|Lapras, M|45/100
|move|p2a: Incineroar|Flame Charge|p1a: LPS
|-damage|p1a: LPS|31/100
|-boost|p2a: Incineroar|spe|1
|
|-weather|Snowscape|[upkeep]
|upkeep
|turn|7
|
|t:|1779668502
|move|p2a: Incineroar|Knock Off|p1a: LPS
|-damage|p1a: LPS|2/100
|-enditem|p1a: LPS|Aguav Berry|[from] move: Knock Off|[of] p2a: Incineroar
|move|p1a: LPS|Hydro Pump|p2a: Incineroar|[miss]
|-miss|p1a: LPS|p2a: Incineroar
|
|-weather|Snowscape|[upkeep]
|upkeep
|turn|8
|
|t:|1779668514
|move|p2a: Incineroar|Flame Charge|p1a: LPS
|-damage|p1a: LPS|0 fnt
|-boost|p2a: Incineroar|spe|1
|faint|p1a: LPS
|
|-weather|Snowscape|[upkeep]
|upkeep
|
|t:|1779668522
|switch|p1a: Grant-bull|Granbull, M|100/100
|-ability|p1a: Grant-bull|Intimidate|boost
|-unboost|p2a: Incineroar|atk|1
|turn|9
|
|t:|1779668529
|move|p2a: Incineroar|Parting Shot|p1a: Grant-bull
|-unboost|p1a: Grant-bull|atk|1
|-unboost|p1a: Grant-bull|spa|1
|
|t:|1779668534
|switch|p2a: Persian|Persian-Alola, M, shiny|100/100|[from] Parting Shot
|-damage|p2a: Persian|88/100|[from] Stealth Rock
|move|p1a: Grant-bull|Counter||[still]
|-fail|p1a: Grant-bull
|
|-weather|none
|upkeep
|turn|10
|
|t:|1779668545
|switch|p1a: Nancy|Gogoat, F, shiny|100/100
|move|p2a: Persian|Chilling Water|p1a: Nancy
|-resisted|p1a: Nancy
|-damage|p1a: Nancy|95/100
|
|upkeep
|turn|11
|
|t:|1779668556
|move|p2a: Persian|Parting Shot|p1a: Nancy
|-fail|p1a: Nancy|unboost|[from] item: Clear Amulet|[of] p1a: Nancy
|move|p1a: Nancy|Leech Seed|p2a: Persian|[miss]
|-miss|p1a: Nancy|p2a: Persian
|
|upkeep
|turn|12
|
|t:|1779668572
|move|p2a: Persian|Taunt|p1a: Nancy
|-start|p1a: Nancy|move: Taunt
|cant|p1a: Nancy|move: Taunt|Leech Seed
|
|upkeep
|turn|13
|
|t:|1779668578
|move|p2a: Persian|Power Gem|p1a: Nancy
|-damage|p1a: Nancy|78/100
|move|p1a: Nancy|Horn Leech|p2a: Persian
|-damage|p2a: Persian|62/100
|-heal|p1a: Nancy|88/100|[from] drain|[of] p2a: Persian
|-damage|p1a: Nancy|71/100|[from] item: Rocky Helmet|[of] p2a: Persian
|
|upkeep
|turn|14
|
|t:|1779668587
|move|p2a: Persian|Power Gem|p1a: Nancy
|-damage|p1a: Nancy|53/100
|move|p1a: Nancy|Horn Leech|p2a: Persian
|-damage|p2a: Persian|31/100
|-heal|p1a: Nancy|64/100|[from] drain|[of] p2a: Persian
|-damage|p1a: Nancy|47/100|[from] item: Rocky Helmet|[of] p2a: Persian
|
|-end|p1a: Nancy|move: Taunt
|upkeep
|turn|15
|
|t:|1779668602
|move|p2a: Persian|Taunt|p1a: Nancy
|-start|p1a: Nancy|move: Taunt
|cant|p1a: Nancy|move: Taunt|Sunny Day
|
|upkeep
|turn|16
|
|t:|1779668608
|move|p2a: Persian|Power Gem|p1a: Nancy
|-damage|p1a: Nancy|31/100
|move|p1a: Nancy|Horn Leech|p2a: Persian
|-damage|p2a: Persian|3/100
|-heal|p1a: Nancy|41/100|[from] drain|[of] p2a: Persian
|-damage|p1a: Nancy|24/100|[from] item: Rocky Helmet|[of] p2a: Persian
|
|upkeep
|turn|17
|
|t:|1779668617
|move|p2a: Persian|Power Gem|p1a: Nancy
|-damage|p1a: Nancy|6/100
|move|p1a: Nancy|Horn Leech|p2a: Persian
|-damage|p2a: Persian|0 fnt
|-heal|p1a: Nancy|7/100|[from] drain|[of] p2a: Persian
|-damage|p1a: Nancy|0 fnt|[from] item: Rocky Helmet|[of] p2a: Persian
|faint|p2a: Persian
|faint|p1a: Nancy
|
|upkeep
|
|t:|1779668642
|switch|p2a: Incineroar|Incineroar, M, shiny|100/100
|switch|p1a: Grant-bull|Granbull, M|100/100
|-ability|p2a: Incineroar|Intimidate|boost
|-unboost|p1a: Grant-bull|atk|1
|-ability|p1a: Grant-bull|Intimidate|boost
|-unboost|p2a: Incineroar|atk|1
|turn|18
|
|t:|1779668653
|move|p2a: Incineroar|Parting Shot|p1a: Grant-bull
|-unboost|p1a: Grant-bull|atk|1
|-unboost|p1a: Grant-bull|spa|1
|
|t:|1779668657
|switch|p2a: Espeon|Espeon, M|100/100|[from] Parting Shot
|-damage|p2a: Espeon|88/100|[from] Stealth Rock
|move|p1a: Grant-bull|Counter||[still]
|-fail|p1a: Grant-bull
|
|upkeep
|turn|19
|
|t:|1779668667
|move|p2a: Espeon|Psychic|p1a: Grant-bull
|-damage|p1a: Grant-bull|0 fnt
|faint|p1a: Grant-bull
|
|upkeep
|
|t:|1779668672
|switch|p1a: Venoburen|Venusaur, M|100/100
|turn|20
|
|t:|1779668678
|move|p2a: Espeon|Psychic|p1a: Venoburen
|-supereffective|p1a: Venoburen
|-damage|p1a: Venoburen|0 fnt
|faint|p1a: Venoburen
|
|upkeep
|
|t:|1779668683
|switch|p1a: Obamasnow|Abomasnow, M|53/100
|-weather|Snowscape|[from] ability: Snow Warning|[of] p1a: Obamasnow
|turn|21
|
|t:|1779668700
|move|p2a: Espeon|Psychic|p1a: Obamasnow
|-damage|p1a: Obamasnow|0 fnt
|faint|p1a: Obamasnow
|
|win|enigma96
|raw|Greenman50's rating: 1098 &rarr; <strong>1072</strong><br />(-26 for losing)
|raw|enigma96's rating: 1081 &rarr; <strong>1110</strong><br />(+29 for winning)
|l|☆Greenman50
|player|p1|
|l|☆enigma96
|player|p2|
