|j|☆seaean
|j|☆spindle pit
|t:|1779670166
|gametype|singles
|player|p1|seaean|blue|1334
|player|p2|spindle pit|ethan|1335
|gen|9
|tier|[Gen 9] OU
|rated|
|rule|HP Percentage Mod: HP is shown in percentages
|rule|Endless Battle Clause: Forcing endless battles is banned
|rule|Species Clause: Limit one of each Pokémon
|rule|OHKO Clause: OHKO moves are banned
|rule|Evasion Items Clause: Evasion items are banned
|rule|Evasion Moves Clause: Evasion moves are banned
|rule|Evasion Abilities Clause: Evasion abilities are banned
|rule|Sleep Moves Clause: Sleep-inducing moves are banned
|clearpoke
|poke|p1|Dragonite, F|
|poke|p1|Garchomp, M|
|poke|p1|Zapdos|
|poke|p1|Heatran, F|
|poke|p1|Rillaboom, F|
|poke|p1|Great Tusk|
|poke|p2|Pincurchin, M|
|poke|p2|Raging Bolt|
|poke|p2|Iron Jugulis|
|poke|p2|Iron Treads|
|poke|p2|Primarina, F|
|poke|p2|Shaymin|
|teampreview
|inactive|Battle timer is ON: inactive players will automatically lose when time's up. (requested by spindle pit)
|inactive|seaean also wants the timer to be on.
|
|t:|1779670178
|teamsize|p1|6
|teamsize|p2|6
|start
|switch|p1a: Garchomp|Garchomp, M|100/100
|switch|p2a: Skaymin|Shaymin|100/100
|turn|1
|
|t:|1779670188
|move|p2a: Skaymin|Seed Flare|p1a: Garchomp
|-damage|p1a: Garchomp|44/100
|-unboost|p1a: Garchomp|spd|2
|move|p1a: Garchomp|Spikes|p2a: Skaymin
|-sidestart|p2: spindle pit|Spikes
|
|upkeep
|turn|2
|
|t:|1779670197
|switch|p1a: Heatran|Heatran, F|100/100
|move|p2a: Skaymin|Seed Flare|p1a: Heatran
|-resisted|p1a: Heatran
|-damage|p1a: Heatran|87/100
|-unboost|p1a: Heatran|spd|2
|
|-heal|p1a: Heatran|93/100|[from] item: Leftovers
|upkeep
|turn|3
|
|t:|1779670205
|switch|p2a: Prichin|Primarina, F|100/100
|-damage|p2a: Prichin|88/100|[from] Spikes
|move|p1a: Heatran|Stealth Rock|p2a: Prichin
|-sidestart|p2: spindle pit|move: Stealth Rock
|
|-heal|p1a: Heatran|99/100|[from] item: Leftovers
|upkeep
|turn|4
|
|t:|1779670216
|switch|p1a: Zapdos|Zapdos|100/100
|move|p2a: Prichin|Surf|p1a: Zapdos
|-damage|p1a: Zapdos|37/100
|
|upkeep
|turn|5
|
|t:|1779670220
|switch|p2a: Giiri|Iron Treads|100/100
|-damage|p2a: Giiri|97/100|[from] Stealth Rock
|-item|p2a: Giiri|Air Balloon
|move|p1a: Zapdos|Thunderbolt|p2a: Giiri
|-immune|p2a: Giiri
|
|upkeep
|turn|6
|
|t:|1779670226
|move|p2a: Giiri|Rapid Spin|p1a: Zapdos
|-damage|p1a: Zapdos|16/100
|-boost|p2a: Giiri|spe|1
|-sideend|p2: spindle pit|Spikes|[from] move: Rapid Spin|[of] p2a: Giiri
|-sideend|p2: spindle pit|Stealth Rock|[from] move: Rapid Spin|[of] p2a: Giiri
|move|p1a: Zapdos|U-turn|p2a: Giiri
|-resisted|p2a: Giiri
|-damage|p2a: Giiri|91/100
|-enditem|p2a: Giiri|Air Balloon
|
|t:|1779670251
|switch|p1a: Dragonite|Dragonite, F|100/100|[from] U-turn
|
|upkeep
|turn|7
|
|t:|1779670255
|move|p2a: Giiri|Knock Off|p1a: Dragonite
|-damage|p1a: Dragonite|87/100
|-enditem|p1a: Dragonite|Heavy-Duty Boots|[from] move: Knock Off|[of] p2a: Giiri
|move|p1a: Dragonite|Earthquake|p2a: Giiri
|-supereffective|p2a: Giiri
|-damage|p2a: Giiri|24/100
|
|upkeep
|turn|8
|
|t:|1779670265
|move|p1a: Dragonite|Extreme Speed|p2a: Giiri
|-resisted|p2a: Giiri
|-damage|p2a: Giiri|9/100
|move|p2a: Giiri|Iron Head|p1a: Dragonite
|-damage|p1a: Dragonite|53/100
|
|upkeep
|turn|9
|
|t:|1779670270
|move|p1a: Dragonite|Extreme Speed|p2a: Giiri
|-resisted|p2a: Giiri
|-damage|p2a: Giiri|0 fnt
|faint|p2a: Giiri
|-end|p2a: Giiri|Quark Drive|[silent]
|
|upkeep
|
|t:|1779670273
|switch|p2a: Prichin|Primarina, F|88/100
|turn|10
|
|t:|1779670279
|move|p1a: Dragonite|Roost|p1a: Dragonite
|-heal|p1a: Dragonite|100/100
|-singleturn|p1a: Dragonite|move: Roost
|move|p2a: Prichin|Ice Beam|p1a: Dragonite
|-supereffective|p1a: Dragonite
|-damage|p1a: Dragonite|69/100
|
|upkeep
|turn|11
|
|t:|1779670289
|move|p1a: Dragonite|Roost|p1a: Dragonite
|-heal|p1a: Dragonite|100/100
|-singleturn|p1a: Dragonite|move: Roost
|move|p2a: Prichin|Ice Beam|p1a: Dragonite
|-supereffective|p1a: Dragonite
|-damage|p1a: Dragonite|69/100
|
|upkeep
|turn|12
|
|t:|1779670296
|move|p1a: Dragonite|Roost|p1a: Dragonite
|-heal|p1a: Dragonite|100/100
|-singleturn|p1a: Dragonite|move: Roost
|move|p2a: Prichin|Ice Beam|p1a: Dragonite
|-supereffective|p1a: Dragonite
|-damage|p1a: Dragonite|69/100
|-status|p1a: Dragonite|frz
|
|upkeep
|turn|13
|
|t:|1779670304
|-curestatus|p1a: Dragonite|frz|[msg]
|move|p1a: Dragonite|Extreme Speed|p2a: Prichin
|-damage|p2a: Prichin|54/100
|move|p2a: Prichin|Ice Beam|p1a: Dragonite
|-supereffective|p1a: Dragonite
|-damage|p1a: Dragonite|0 fnt
|faint|p1a: Dragonite
|
|upkeep
|
|t:|1779670310
|switch|p1a: Rillaboom|Rillaboom, F|100/100
|-fieldstart|move: Grassy Terrain|[from] ability: Grassy Surge|[of] p1a: Rillaboom
|turn|14
|
|t:|1779670316
|switch|p2a: Pliny|Pincurchin, M|100/100
|-fieldstart|move: Electric Terrain|[from] ability: Electric Surge|[of] p2a: Pliny
|move|p1a: Rillaboom|Grassy Glide|p2a: Pliny
|-damage|p2a: Pliny|72/100
|-damage|p1a: Rillaboom|91/100|[from] item: Life Orb
|
|upkeep
|turn|15
|
|t:|1779670328
|switch|p1a: Zapdos|Zapdos|16/100
|switch|p2a: Skaymin|Shaymin|100/100
|
|upkeep
|turn|16
|
|t:|1779670336
|move|p2a: Skaymin|Seed Flare|p1a: Zapdos
|-resisted|p1a: Zapdos
|-damage|p1a: Zapdos|0 fnt
|faint|p1a: Zapdos
|
|upkeep
|
|t:|1779670341
|switch|p1a: Heatran|Heatran, F|99/100
|turn|17
|
|t:|1779670349
|switch|p2a: Thundrink|Raging Bolt|100/100
|move|p1a: Heatran|Magma Storm|p2a: Thundrink
|-resisted|p2a: Thundrink
|-damage|p2a: Thundrink|81/100
|-activate|p2a: Thundrink|move: Magma Storm|[of] p1a: Heatran
|
|-heal|p1a: Heatran|100/100|[from] item: Leftovers
|-damage|p2a: Thundrink|68/100|[from] move: Magma Storm|[partiallytrapped]
|upkeep
|turn|18
|
|t:|1779670358
|switch|p1a: Garchomp|Garchomp, M|44/100
|move|p2a: Thundrink|Rising Voltage|p1a: Garchomp
|-immune|p1a: Garchomp
|
|-end|p2a: Thundrink|Magma Storm|[partiallytrapped]|[silent]
|upkeep
|turn|19
|
|t:|1779670370
|-end|p2a: Thundrink|Protosynthesis|[silent]
|switch|p2a: Juggi|Iron Jugulis|100/100
|-activate|p2a: Juggi|ability: Quark Drive
|-start|p2a: Juggi|quarkdrivespe
|move|p1a: Garchomp|Spikes|p2a: Juggi
|-sidestart|p2: spindle pit|Spikes
|
|upkeep
|turn|20
|
|t:|1779670387
|move|p2a: Juggi|Air Slash|p1a: Garchomp
|-damage|p1a: Garchomp|0 fnt
|faint|p1a: Garchomp
|
|upkeep
|
|t:|1779670400
|switch|p1a: Rillaboom|Rillaboom, F|91/100
|-fieldstart|move: Grassy Terrain|[from] ability: Grassy Surge|[of] p1a: Rillaboom
|-end|p2a: Juggi|Quark Drive
|turn|21
|
|t:|1779670407
|-end|p2a: Juggi|Quark Drive|[silent]
|switch|p2a: Pliny|Pincurchin, M|72/100
|-damage|p2a: Pliny|59/100|[from] Spikes
|-fieldstart|move: Electric Terrain|[from] ability: Electric Surge|[of] p2a: Pliny
|-terastallize|p1a: Rillaboom|Dark
|move|p1a: Rillaboom|Low Kick|p2a: Pliny
|-damage|p2a: Pliny|52/100
|-damage|p1a: Rillaboom|81/100|[from] item: Life Orb
|
|upkeep
|turn|22
|
|t:|1779670416
|switch|p1a: Heatran|Heatran, F|100/100
|switch|p2a: Juggi|Iron Jugulis|100/100
|-activate|p2a: Juggi|ability: Quark Drive
|-start|p2a: Juggi|quarkdrivespe
|
|upkeep
|turn|23
|
|t:|1779670423
|move|p2a: Juggi|Earth Power|p1a: Heatran
|-supereffective|p1a: Heatran
|-damage|p1a: Heatran|0 fnt
|faint|p1a: Heatran
|
|upkeep
|
|t:|1779670425
|switch|p1a: Rillaboom|Rillaboom, F, tera:Dark|81/100
|-fieldstart|move: Grassy Terrain|[from] ability: Grassy Surge|[of] p1a: Rillaboom
|-end|p2a: Juggi|Quark Drive
|turn|24
|
|t:|1779670428
|-end|p2a: Juggi|Quark Drive|[silent]
|switch|p2a: Pliny|Pincurchin, M|52/100
|-damage|p2a: Pliny|39/100|[from] Spikes
|-fieldstart|move: Electric Terrain|[from] ability: Electric Surge|[of] p2a: Pliny
|move|p1a: Rillaboom|Swords Dance|p1a: Rillaboom
|-boost|p1a: Rillaboom|atk|2
|
|upkeep
|turn|25
|
|t:|1779670432
|move|p1a: Rillaboom|Knock Off|p2a: Pliny
|-damage|p2a: Pliny|0 fnt
|-enditem|p2a: Pliny|Terrain Extender|[from] move: Knock Off|[of] p1a: Rillaboom
|faint|p2a: Pliny
|-damage|p1a: Rillaboom|71/100|[from] item: Life Orb
|
|upkeep
|
|t:|1779670437
|switch|p2a: Thundrink|Raging Bolt|68/100
|-damage|p2a: Thundrink|56/100|[from] Spikes
|turn|26
|
|t:|1779670445
|-terastallize|p2a: Thundrink|Fairy
|move|p2a: Thundrink|Thunderclap|p1a: Rillaboom
|-damage|p1a: Rillaboom|0 fnt
|faint|p1a: Rillaboom
|
|upkeep
|
|t:|1779670448
|switch|p1a: Great Tusk|Great Tusk|100/100
|turn|27
|
|t:|1779670452
|move|p1a: Great Tusk|Headlong Rush|p2a: Thundrink
|-damage|p2a: Thundrink|5/100
|-unboost|p1a: Great Tusk|def|1
|-unboost|p1a: Great Tusk|spd|1
|move|p2a: Thundrink|Draco Meteor|p1a: Great Tusk
|-damage|p1a: Great Tusk|0 fnt
|-unboost|p2a: Thundrink|spa|2
|faint|p1a: Great Tusk
|-end|p1a: Great Tusk|Protosynthesis|[silent]
|
|win|spindle pit
|raw|seaean's rating: 1334 &rarr; <strong>1314</strong><br />(-20 for losing)
|raw|spindle pit's rating: 1335 &rarr; <strong>1355</strong><br />(+20 for winning)
|l|☆seaean
|player|p1|
|l|☆spindle pit
|player|p2|
