|j|☆bl4cks
|j|☆npctypebeat
|t:|1779589096
|gametype|singles
|player|p1|bl4cks|buck|1000
|player|p2|npctypebeat|2|1102
|gen|9
|tier|[Gen 9] OU
|rated|
|rule|HP Percentage Mod: HP is shown in percentages
|rule|Endless Battle Clause: Forcing endless battles is banned
|rule|Species Clause: Limit one of each Pokémon
|rule|OHKO Clause: OHKO moves are banned
|rule|Evasion Items Clause: Evasion items are banned
|rule|Evasion Moves Clause: Evasion moves are banned
|rule|Evasion Abilities Clause: Evasion abilities are banned
|rule|Sleep Moves Clause: Sleep-inducing moves are banned
|clearpoke
|poke|p1|Lucario, M|
|poke|p1|Clodsire, F|
|poke|p1|Skarmory, F|
|poke|p1|Gholdengo|
|poke|p1|Quaquaval, M|
|poke|p1|Great Tusk|
|poke|p2|Gliscor, M|
|poke|p2|Ogerpon, F|
|poke|p2|Walking Wake|
|poke|p2|Blissey, F|
|poke|p2|Corviknight, M|
|poke|p2|Pecharunt|
|teampreview
|c|☆npctypebeat|hf
|inactive|Battle timer is ON: inactive players will automatically lose when time's up. (requested by npctypebeat)
|
|t:|1779589123
|teamsize|p1|6
|teamsize|p2|6
|start
|switch|p1a: Clodsire|Clodsire, F|100/100
|switch|p2a: Gliscor|Gliscor, M|100/100
|turn|1
|inactive|npctypebeat has 120 seconds left.
|
|t:|1779589159
|move|p2a: Gliscor|Spikes|p1a: Clodsire
|-sidestart|p1: bl4cks|Spikes
|move|p1a: Clodsire|Stealth Rock|p2a: Gliscor
|-sidestart|p2: npctypebeat|move: Stealth Rock
|
|-status|p2a: Gliscor|tox|[from] item: Toxic Orb
|upkeep
|turn|2
|inactive|npctypebeat has 120 seconds left.
|
|t:|1779589184
|switch|p1a: Quaquaval|Quaquaval, M|100/100
|-damage|p1a: Quaquaval|88/100|[from] Spikes
|move|p2a: Gliscor|Spikes|p1a: Quaquaval
|-sidestart|p1: bl4cks|Spikes
|
|upkeep
|turn|3
|
|t:|1779589193
|move|p1a: Quaquaval|Aqua Step|p2a: Gliscor
|-supereffective|p2a: Gliscor
|-damage|p2a: Gliscor|27/100 tox
|-boost|p1a: Quaquaval|spe|1
|-damage|p1a: Quaquaval|78/100|[from] item: Life Orb
|move|p2a: Gliscor|Spikes|p1a: Quaquaval
|-sidestart|p1: bl4cks|Spikes
|
|-heal|p2a: Gliscor|39/100 tox|[from] ability: Poison Heal
|upkeep
|turn|4
|
|t:|1779589203
|switch|p2a: Pecharunt|Pecharunt|100/100
|move|p1a: Quaquaval|Aqua Step|p2a: Pecharunt
|-damage|p2a: Pecharunt|75/100
|-boost|p1a: Quaquaval|spe|1
|-damage|p1a: Quaquaval|68/100|[from] item: Life Orb
|
|upkeep
|turn|5
|
|t:|1779589214
|move|p1a: Quaquaval|U-turn|p2a: Pecharunt
|-resisted|p2a: Pecharunt
|-damage|p2a: Pecharunt|72/100
|-damage|p1a: Quaquaval|58/100|[from] item: Life Orb
|
|t:|1779589220
|switch|p1a: Skarmory|Skarmory, F|100/100|[from] U-turn
|move|p2a: Pecharunt|Malignant Chain|p1a: Skarmory
|-immune|p1a: Skarmory
|
|upkeep
|turn|6
|
|t:|1779589233
|move|p2a: Pecharunt|Recover|p2a: Pecharunt
|-heal|p2a: Pecharunt|100/100
|move|p1a: Skarmory|Rock Slide|p2a: Pecharunt
|-damage|p2a: Pecharunt|92/100
|
|upkeep
|turn|7
|
|t:|1779589250
|switch|p2a: Blissey|Blissey, F|100/100
|move|p1a: Skarmory|Iron Head|p2a: Blissey
|-damage|p2a: Blissey|67/100
|
|upkeep
|turn|8
|
|t:|1779589268
|switch|p2a: Walking Wake|Walking Wake|100/100
|move|p1a: Skarmory|Iron Head|p2a: Walking Wake
|-resisted|p2a: Walking Wake
|-damage|p2a: Walking Wake|83/100
|
|upkeep
|turn|9
|
|t:|1779589273
|move|p2a: Walking Wake|Surf|p1a: Skarmory
|-damage|p1a: Skarmory|21/100
|move|p1a: Skarmory|Brave Bird|p2a: Walking Wake
|-damage|p2a: Walking Wake|31/100
|-damage|p1a: Skarmory|0 fnt|[from] Recoil
|faint|p1a: Skarmory
|
|upkeep
|
|t:|1779589297
|switch|p1a: Quaquaval|Quaquaval, M|58/100
|-damage|p1a: Quaquaval|34/100|[from] Spikes
|turn|10
|
|t:|1779589301
|move|p2a: Walking Wake|Draco Meteor|p1a: Quaquaval
|-damage|p1a: Quaquaval|0 fnt
|-unboost|p2a: Walking Wake|spa|2
|faint|p1a: Quaquaval
|
|upkeep
|inactive|bl4cks has 120 seconds left.
|
|t:|1779589328
|switch|p1a: Great Tusk|Great Tusk|100/100
|-damage|p1a: Great Tusk|75/100|[from] Spikes
|-enditem|p1a: Great Tusk|Booster Energy
|-activate|p1a: Great Tusk|ability: Protosynthesis|[fromitem]
|-start|p1a: Great Tusk|protosynthesisdef
|turn|11
|
|t:|1779589332
|move|p2a: Walking Wake|Surf|p1a: Great Tusk
|-supereffective|p1a: Great Tusk
|-damage|p1a: Great Tusk|2/100
|move|p1a: Great Tusk|Rapid Spin|p2a: Walking Wake
|-damage|p2a: Walking Wake|11/100
|-boost|p1a: Great Tusk|spe|1
|-sideend|p1: bl4cks|Spikes|[from] move: Rapid Spin|[of] p1a: Great Tusk
|
|upkeep
|turn|12
|
|t:|1779589351
|move|p2a: Walking Wake|Draco Meteor|p1a: Great Tusk|[miss]
|-miss|p2a: Walking Wake|p1a: Great Tusk
|move|p1a: Great Tusk|High Horsepower|p2a: Walking Wake
|-damage|p2a: Walking Wake|0 fnt
|faint|p2a: Walking Wake
|-end|p2a: Walking Wake|Protosynthesis|[silent]
|
|upkeep
|
|t:|1779589369
|switch|p2a: Corviknight|Corviknight, M|100/100
|-ability|p2a: Corviknight|Pressure
|turn|13
|
|t:|1779589378
|move|p1a: Great Tusk|Body Press|p2a: Corviknight
|-damage|p2a: Corviknight|71/100
|move|p2a: Corviknight|Body Press|p1a: Great Tusk
|-damage|p1a: Great Tusk|0 fnt
|faint|p1a: Great Tusk
|-end|p1a: Great Tusk|Protosynthesis|[silent]
|
|upkeep
|-message|bl4cks forfeited.
|
|win|npctypebeat
|raw|bl4cks's rating: 1000 &rarr; <strong>1000</strong><br />(+0 for losing)
|raw|npctypebeat's rating: 1151 &rarr; <strong>1166</strong><br />(+15 for winning)
|c|☆npctypebeat|gg
|l|☆bl4cks
|player|p1|
