|j|☆my shitters
|j|☆Apolo_17
|t:|1779585713
|gametype|singles
|player|p1|my shitters|preschooler|1141
|player|p2|Apolo_17|lucas|1153
|gen|9
|tier|[Gen 9] OU
|rated|
|rule|HP Percentage Mod: HP is shown in percentages
|rule|Endless Battle Clause: Forcing endless battles is banned
|rule|Species Clause: Limit one of each Pokémon
|rule|OHKO Clause: OHKO moves are banned
|rule|Evasion Items Clause: Evasion items are banned
|rule|Evasion Moves Clause: Evasion moves are banned
|rule|Evasion Abilities Clause: Evasion abilities are banned
|rule|Sleep Moves Clause: Sleep-inducing moves are banned
|clearpoke
|poke|p1|Sableye, M|
|poke|p1|Glastrier|
|poke|p1|Alcremie-Ruby-Swirl, F|
|poke|p1|Zangoose, M|
|poke|p1|Primeape, F|
|poke|p1|Vikavolt, F|
|poke|p2|Quaquaval, F|
|poke|p2|Toxapex, F|
|poke|p2|Lanturn, M|
|poke|p2|Pelipper, M|
|poke|p2|Greninja-*, M|
|poke|p2|Walking Wake|
|teampreview
|inactive|Battle timer is ON: inactive players will automatically lose when time's up. (requested by my shitters)
|inactive|Apolo_17 has 120 seconds left.
|inactive|Apolo_17 has 90 seconds left.
|inactive|Apolo_17 has 60 seconds left.
|
|t:|1779585809
|teamsize|p1|6
|teamsize|p2|6
|start
|switch|p1a: Vikavolt|Vikavolt, F|100/100
|switch|p2a: Walking Wake|Walking Wake|100/100
|turn|1
|
|t:|1779585817
|switch|p1a: CremDeLaCreamie|Alcremie-Ruby-Swirl, F|100/100
|move|p2a: Walking Wake|Flamethrower|p1a: CremDeLaCreamie
|-damage|p1a: CremDeLaCreamie|73/100
|
|-heal|p1a: CremDeLaCreamie|79/100|[from] item: Leftovers
|upkeep
|turn|2
|
|t:|1779585826
|-end|p2a: Walking Wake|Protosynthesis|[silent]
|switch|p2a: Toxapex|Toxapex, F|100/100
|move|p1a: CremDeLaCreamie|Calm Mind|p1a: CremDeLaCreamie
|-boost|p1a: CremDeLaCreamie|spa|1
|-boost|p1a: CremDeLaCreamie|spd|1
|
|-heal|p1a: CremDeLaCreamie|85/100|[from] item: Leftovers
|upkeep
|turn|3
|
|t:|1779585845
|-terastallize|p1a: CremDeLaCreamie|Steel
|move|p1a: CremDeLaCreamie|Calm Mind|p1a: CremDeLaCreamie
|-boost|p1a: CremDeLaCreamie|spa|1
|-boost|p1a: CremDeLaCreamie|spd|1
|move|p2a: Toxapex|Poison Jab|p1a: CremDeLaCreamie
|-immune|p1a: CremDeLaCreamie
|
|-heal|p1a: CremDeLaCreamie|91/100|[from] item: Leftovers
|upkeep
|turn|4
|
|t:|1779585853
|move|p1a: CremDeLaCreamie|Calm Mind|p1a: CremDeLaCreamie
|-boost|p1a: CremDeLaCreamie|spa|1
|-boost|p1a: CremDeLaCreamie|spd|1
|move|p2a: Toxapex|Liquidation|p1a: CremDeLaCreamie
|-damage|p1a: CremDeLaCreamie|62/100
|
|-heal|p1a: CremDeLaCreamie|68/100|[from] item: Leftovers
|upkeep
|turn|5
|
|t:|1779585860
|move|p1a: CremDeLaCreamie|Stored Power|p2a: Toxapex
|-supereffective|p2a: Toxapex
|-damage|p2a: Toxapex|0 fnt
|faint|p2a: Toxapex
|
|-heal|p1a: CremDeLaCreamie|74/100|[from] item: Leftovers
|upkeep
|
|t:|1779585866
|switch|p2a: Quaquaval|Quaquaval, F|100/100
|turn|6
|
|t:|1779585869
|switch|p1a: 💎Posting|Sableye, M|100/100
|move|p2a: Quaquaval|Close Combat|p1a: 💎Posting
|-immune|p1a: 💎Posting
|
|upkeep
|turn|7
|
|t:|1779585874
|move|p1a: 💎Posting|Encore|p2a: Quaquaval
|-start|p2a: Quaquaval|Encore
|move|p2a: Quaquaval|Close Combat|p1a: 💎Posting
|-immune|p1a: 💎Posting
|
|upkeep
|turn|8
|
|t:|1779585877
|switch|p2a: Greninja|Greninja, M|100/100
|move|p1a: 💎Posting|Reflect|p1a: 💎Posting
|-sidestart|p1: my shitters|Reflect
|
|upkeep
|turn|9
|
|t:|1779585879
|move|p1a: 💎Posting|Light Screen|p1a: 💎Posting
|-sidestart|p1: my shitters|move: Light Screen
|move|p2a: Greninja|Dark Pulse|p1a: 💎Posting
|-crit|p1a: 💎Posting
|-damage|p1a: 💎Posting|0 fnt
|faint|p1a: 💎Posting
|-ability|p2a: Greninja|Battle Bond|boost
|-boost|p2a: Greninja|atk|1
|-boost|p2a: Greninja|spa|1
|-boost|p2a: Greninja|spe|1
|-activate|p2a: Greninja|ability: Battle Bond
|
|upkeep
|
|t:|1779585894
|switch|p1a: Primeape|Primeape, F|100/100
|turn|10
|
|t:|1779585899
|switch|p2a: Pelipper|Pelipper, M|100/100
|-weather|RainDance|[from] ability: Drizzle|[of] p2a: Pelipper
|move|p1a: Primeape|Bulk Up|p1a: Primeape
|-boost|p1a: Primeape|atk|1
|-boost|p1a: Primeape|def|1
|
|-weather|RainDance|[upkeep]
|upkeep
|turn|11
|
|t:|1779585907
|move|p1a: Primeape|Bulk Up|p1a: Primeape
|-boost|p1a: Primeape|atk|1
|-boost|p1a: Primeape|def|1
|move|p2a: Pelipper|Hurricane|p1a: Primeape
|-supereffective|p1a: Primeape
|-damage|p1a: Primeape|61/100
|
|-weather|RainDance|[upkeep]
|upkeep
|turn|12
|
|t:|1779585921
|move|p1a: Primeape|Rage Fist|p2a: Pelipper
|-damage|p2a: Pelipper|53/100
|move|p2a: Pelipper|Tailwind|p2a: Pelipper
|-sidestart|p2: Apolo_17|move: Tailwind
|
|-weather|RainDance|[upkeep]
|-heal|p2a: Pelipper|59/100|[from] item: Leftovers
|upkeep
|turn|13
|
|t:|1779585924
|move|p1a: Primeape|Rage Fist|p2a: Pelipper
|-damage|p2a: Pelipper|13/100
|move|p2a: Pelipper|Roost|p2a: Pelipper
|-heal|p2a: Pelipper|63/100
|-singleturn|p2a: Pelipper|move: Roost
|
|-weather|RainDance|[upkeep]
|-heal|p2a: Pelipper|69/100|[from] item: Leftovers
|upkeep
|turn|14
|
|t:|1779585930
|move|p1a: Primeape|Bulk Up|p1a: Primeape
|-boost|p1a: Primeape|atk|1
|-boost|p1a: Primeape|def|1
|move|p2a: Pelipper|Roost|p2a: Pelipper
|-heal|p2a: Pelipper|100/100
|-singleturn|p2a: Pelipper|move: Roost
|
|-weather|none
|upkeep
|turn|15
|
|t:|1779585942
|switch|p2a: Lanturn|Lanturn, M|100/100
|move|p1a: Primeape|Rage Fist|p2a: Lanturn
|-damage|p2a: Lanturn|24/100
|-enditem|p2a: Lanturn|Sitrus Berry|[eat]
|-heal|p2a: Lanturn|49/100|[from] item: Sitrus Berry
|
|-sideend|p1: my shitters|Reflect
|-sideend|p2: Apolo_17|move: Tailwind
|upkeep
|turn|16
|
|t:|1779585947
|move|p1a: Primeape|Drain Punch|p2a: Lanturn
|-damage|p2a: Lanturn|0 fnt
|-heal|p1a: Primeape|89/100|[from] drain|[of] p2a: Lanturn
|faint|p2a: Lanturn
|
|-sideend|p1: my shitters|move: Light Screen
|upkeep
|
|t:|1779585950
|switch|p2a: Pelipper|Pelipper, M|100/100
|-weather|RainDance|[from] ability: Drizzle|[of] p2a: Pelipper
|turn|17
|
|t:|1779585958
|move|p1a: Primeape|Rage Fist|p2a: Pelipper
|-damage|p2a: Pelipper|38/100
|move|p2a: Pelipper|Hurricane|p1a: Primeape
|-supereffective|p1a: Primeape
|-damage|p1a: Primeape|4/100
|
|-weather|RainDance|[upkeep]
|-heal|p2a: Pelipper|44/100|[from] item: Leftovers
|upkeep
|turn|18
|
|t:|1779585965
|move|p1a: Primeape|Drain Punch|p2a: Pelipper
|-resisted|p2a: Pelipper
|-damage|p2a: Pelipper|7/100
|-heal|p1a: Primeape|22/100|[from] drain|[of] p2a: Pelipper
|move|p2a: Pelipper|Roost|p2a: Pelipper
|-heal|p2a: Pelipper|57/100
|-singleturn|p2a: Pelipper|move: Roost
|
|-weather|RainDance|[upkeep]
|-heal|p2a: Pelipper|63/100|[from] item: Leftovers
|upkeep
|turn|19
|
|t:|1779585967
|move|p1a: Primeape|Rage Fist|p2a: Pelipper
|-damage|p2a: Pelipper|0 fnt
|faint|p2a: Pelipper
|
|-weather|RainDance|[upkeep]
|upkeep
|
|t:|1779585970
|switch|p2a: Quaquaval|Quaquaval, F|100/100
|turn|20
|
|t:|1779585981
|move|p1a: Primeape|Drain Punch|p2a: Quaquaval
|-damage|p2a: Quaquaval|17/100
|-heal|p1a: Primeape|61/100|[from] drain|[of] p2a: Quaquaval
|move|p2a: Quaquaval|Aqua Step|p1a: Primeape
|-damage|p1a: Primeape|35/100
|-boost|p2a: Quaquaval|spe|1
|
|-weather|RainDance|[upkeep]
|-heal|p2a: Quaquaval|23/100|[from] item: Leftovers
|upkeep
|turn|21
|inactive|Apolo_17 has 120 seconds left.
|
|t:|1779586012
|move|p2a: Quaquaval|Aqua Step|p1a: Primeape
|-damage|p1a: Primeape|11/100
|-boost|p2a: Quaquaval|spe|1
|move|p1a: Primeape|Drain Punch|p2a: Quaquaval
|-damage|p2a: Quaquaval|0 fnt
|-heal|p1a: Primeape|21/100|[from] drain|[of] p2a: Quaquaval
|faint|p2a: Quaquaval
|
|-weather|none
|upkeep
|
|t:|1779586016
|switch|p2a: Walking Wake|Walking Wake|100/100
|turn|22
|
|t:|1779586019
|move|p2a: Walking Wake|Draco Meteor|p1a: Primeape
|-damage|p1a: Primeape|0 fnt
|-unboost|p2a: Walking Wake|spa|2
|faint|p1a: Primeape
|-enditem|p2a: Walking Wake|White Herb
|-clearnegativeboost|p2a: Walking Wake|[silent]
|
|upkeep
|
|t:|1779586037
|switch|p1a: Mr. Zan...Goose|Zangoose, M|100/100
|turn|23
|
|t:|1779586050
|move|p2a: Walking Wake|Draco Meteor|p1a: Mr. Zan...Goose
|-damage|p1a: Mr. Zan...Goose|0 fnt
|-unboost|p2a: Walking Wake|spa|2
|faint|p1a: Mr. Zan...Goose
|
|upkeep
|
|t:|1779586054
|switch|p1a: Vikavolt|Vikavolt, F|100/100
|turn|24
|
|t:|1779586058
|-end|p2a: Walking Wake|Protosynthesis|[silent]
|switch|p2a: Greninja|Greninja, M|100/100
|move|p1a: Vikavolt|Bug Buzz|p2a: Greninja
|-supereffective|p2a: Greninja
|-damage|p2a: Greninja|0 fnt
|faint|p2a: Greninja
|
|upkeep
|
|t:|1779586060
|switch|p2a: Walking Wake|Walking Wake|100/100
|turn|25
|
|t:|1779586062
|move|p2a: Walking Wake|Flamethrower|p1a: Vikavolt
|-supereffective|p1a: Vikavolt
|-damage|p1a: Vikavolt|22/100
|move|p1a: Vikavolt|Bug Buzz|p2a: Walking Wake
|-damage|p2a: Walking Wake|5/100
|
|upkeep
|turn|26
|
|t:|1779586069
|-terastallize|p2a: Walking Wake|Fire
|move|p2a: Walking Wake|Flamethrower|p1a: Vikavolt
|-supereffective|p1a: Vikavolt
|-damage|p1a: Vikavolt|0 fnt
|faint|p1a: Vikavolt
|
|upkeep
|
|t:|1779586073
|switch|p1a: CremDeLaCreamie|Alcremie-Ruby-Swirl, F, tera:Steel|74/100
|turn|27
|
|t:|1779586078
|move|p2a: Walking Wake|Flamethrower|p1a: CremDeLaCreamie
|-supereffective|p1a: CremDeLaCreamie
|-damage|p1a: CremDeLaCreamie|0 fnt
|faint|p1a: CremDeLaCreamie
|
|upkeep
|
|t:|1779586079
|switch|p1a: IceBallRun|Glastrier|100/100
|turn|28
|
|t:|1779586082
|move|p2a: Walking Wake|Flamethrower|p1a: IceBallRun
|-supereffective|p1a: IceBallRun
|-damage|p1a: IceBallRun|20/100
|move|p1a: IceBallRun|High Horsepower|p2a: Walking Wake
|-supereffective|p2a: Walking Wake
|-damage|p2a: Walking Wake|0 fnt
|faint|p2a: Walking Wake
|-end|p2a: Walking Wake|Protosynthesis|[silent]
|
|win|my shitters
|raw|my shitters's rating: 1141 &rarr; <strong>1167</strong><br />(+26 for winning)
|raw|Apolo_17's rating: 1153 &rarr; <strong>1127</strong><br />(-26 for losing)
|l|☆my shitters
|player|p1|
|l|☆Apolo_17
|player|p2|
