|j|☆jhy20081107
|j|☆Cr3wcmber
|t:|1779581097
|gametype|singles
|player|p1|jhy20081107|dawn|1108
|player|p2|Cr3wcmber|janitor|1083
|gen|9
|tier|[Gen 9] OU
|rated|
|rule|HP Percentage Mod: HP is shown in percentages
|rule|Endless Battle Clause: Forcing endless battles is banned
|rule|Species Clause: Limit one of each Pokémon
|rule|OHKO Clause: OHKO moves are banned
|rule|Evasion Items Clause: Evasion items are banned
|rule|Evasion Moves Clause: Evasion moves are banned
|rule|Evasion Abilities Clause: Evasion abilities are banned
|rule|Sleep Moves Clause: Sleep-inducing moves are banned
|clearpoke
|poke|p1|Ninetales, F|
|poke|p1|Sylveon, M|
|poke|p1|Bisharp, F|
|poke|p1|Gliscor, M|
|poke|p1|Sableye, M|
|poke|p1|Regirock|
|poke|p2|Goodra, M|
|poke|p2|Decidueye, M|
|poke|p2|Primarina, F|
|poke|p2|Skeledirge, M|
|poke|p2|Vespiquen, F|
|poke|p2|Dragapult, M|
|teampreview
|
|t:|1779581111
|teamsize|p1|6
|teamsize|p2|6
|start
|switch|p1a: Sableye|Sableye, M|100/100
|switch|p2a: Decidueye|Decidueye, M, shiny|100/100
|turn|1
|
|t:|1779581117
|move|p1a: Sableye|Bulk Up|p1a: Sableye
|-boost|p1a: Sableye|atk|1
|-boost|p1a: Sableye|def|1
|move|p2a: Decidueye|Swords Dance|p2a: Decidueye
|-boost|p2a: Decidueye|atk|2
|
|upkeep
|turn|2
|-activate|p2a: Decidueye|item: Quick Claw
|
|t:|1779581125
|move|p1a: Sableye|Bulk Up|p1a: Sableye
|-boost|p1a: Sableye|atk|1
|-boost|p1a: Sableye|def|1
|move|p2a: Decidueye|Trailblaze|p1a: Sableye
|-damage|p1a: Sableye|71/100
|-boost|p2a: Decidueye|spe|1
|
|-heal|p1a: Sableye|77/100|[from] item: Leftovers
|upkeep
|turn|3
|
|t:|1779581136
|move|p2a: Decidueye|Trailblaze|p1a: Sableye
|-damage|p1a: Sableye|49/100
|-boost|p2a: Decidueye|spe|1
|move|p1a: Sableye|Drain Punch|p2a: Decidueye
|-immune|p2a: Decidueye
|
|-heal|p1a: Sableye|55/100|[from] item: Leftovers
|upkeep
|turn|4
|
|t:|1779581142
|move|p2a: Decidueye|Trailblaze|p1a: Sableye
|-damage|p1a: Sableye|23/100
|-boost|p2a: Decidueye|spe|1
|move|p1a: Sableye|Drain Punch|p2a: Decidueye
|-immune|p2a: Decidueye
|
|-heal|p1a: Sableye|29/100|[from] item: Leftovers
|upkeep
|turn|5
|
|t:|1779581152
|move|p1a: Sableye|Sucker Punch|p2a: Decidueye
|-supereffective|p2a: Decidueye
|-damage|p2a: Decidueye|0 fnt
|faint|p2a: Decidueye
|
|-heal|p1a: Sableye|35/100|[from] item: Leftovers
|upkeep
|
|t:|1779581166
|switch|p2a: Vespiquen|Vespiquen, F, shiny|100/100
|-ability|p2a: Vespiquen|Pressure
|turn|6
|
|t:|1779581173
|move|p1a: Sableye|Sucker Punch||[still]
|-fail|p1a: Sableye
|move|p2a: Vespiquen|Defend Order|p2a: Vespiquen
|-boost|p2a: Vespiquen|def|1
|-boost|p2a: Vespiquen|spd|1
|
|-heal|p1a: Sableye|42/100|[from] item: Leftovers
|upkeep
|turn|7
|
|t:|1779581179
|move|p1a: Sableye|Bulk Up|p1a: Sableye
|-boost|p1a: Sableye|atk|1
|-boost|p1a: Sableye|def|1
|move|p2a: Vespiquen|Defend Order|p2a: Vespiquen
|-boost|p2a: Vespiquen|def|1
|-boost|p2a: Vespiquen|spd|1
|
|-heal|p1a: Sableye|48/100|[from] item: Leftovers
|upkeep
|turn|8
|
|t:|1779581182
|move|p1a: Sableye|Bulk Up|p1a: Sableye
|-boost|p1a: Sableye|atk|1
|-boost|p1a: Sableye|def|1
|move|p2a: Vespiquen|Defend Order|p2a: Vespiquen
|-boost|p2a: Vespiquen|def|1
|-boost|p2a: Vespiquen|spd|1
|
|-heal|p1a: Sableye|54/100|[from] item: Leftovers
|upkeep
|turn|9
|
|t:|1779581187
|move|p1a: Sableye|Bulk Up|p1a: Sableye
|-boost|p1a: Sableye|atk|1
|-boost|p1a: Sableye|def|1
|move|p2a: Vespiquen|Defend Order|p2a: Vespiquen
|-boost|p2a: Vespiquen|def|1
|-boost|p2a: Vespiquen|spd|1
|
|-heal|p1a: Sableye|60/100|[from] item: Leftovers
|upkeep
|turn|10
|
|t:|1779581190
|move|p1a: Sableye|Bulk Up|p1a: Sableye
|-boost|p1a: Sableye|atk|1
|-boost|p1a: Sableye|def|1
|move|p2a: Vespiquen|Attack Order|p1a: Sableye
|-damage|p1a: Sableye|48/100
|
|-heal|p1a: Sableye|54/100|[from] item: Leftovers
|upkeep
|turn|11
|
|t:|1779581200
|move|p1a: Sableye|Sucker Punch||[still]
|-fail|p1a: Sableye
|move|p2a: Vespiquen|Defend Order|p2a: Vespiquen
|-boost|p2a: Vespiquen|def|1
|-boost|p2a: Vespiquen|spd|1
|
|-heal|p1a: Sableye|61/100|[from] item: Leftovers
|upkeep
|turn|12
|
|t:|1779581203
|move|p1a: Sableye|Recover|p1a: Sableye
|-heal|p1a: Sableye|100/100
|move|p2a: Vespiquen|Defend Order|p2a: Vespiquen
|-boost|p2a: Vespiquen|def|1
|-boost|p2a: Vespiquen|spd|1
|
|upkeep
|turn|13
|
|t:|1779581208
|move|p1a: Sableye|Bulk Up|p1a: Sableye
|-boost|p1a: Sableye|atk|0
|-boost|p1a: Sableye|def|0
|move|p2a: Vespiquen|Attack Order|p1a: Sableye
|-damage|p1a: Sableye|88/100
|
|-heal|p1a: Sableye|95/100|[from] item: Leftovers
|upkeep
|turn|14
|
|t:|1779581214
|move|p1a: Sableye|Sucker Punch|p2a: Vespiquen
|-damage|p2a: Vespiquen|83/100
|-enditem|p2a: Vespiquen|Red Card|[of] p1a: Sableye
|drag|p1a: Gliscor|Gliscor, M|100/100
|move|p2a: Vespiquen|Attack Order|p1a: Gliscor
|-resisted|p1a: Gliscor
|-damage|p1a: Gliscor|86/100
|
|-status|p1a: Gliscor|tox|[from] item: Toxic Orb
|upkeep
|turn|15
|
|t:|1779581225
|move|p1a: Gliscor|Agility|p1a: Gliscor
|-boost|p1a: Gliscor|spe|2
|move|p2a: Vespiquen|Attack Order|p1a: Gliscor
|-resisted|p1a: Gliscor
|-damage|p1a: Gliscor|71/100 tox
|
|-heal|p1a: Gliscor|84/100 tox|[from] ability: Poison Heal
|upkeep
|turn|16
|
|t:|1779581234
|move|p1a: Gliscor|Swords Dance|p1a: Gliscor
|-boost|p1a: Gliscor|atk|2
|move|p2a: Vespiquen|U-turn|p1a: Gliscor
|-resisted|p1a: Gliscor
|-damage|p1a: Gliscor|72/100 tox
|
|t:|1779581238
|switch|p2a: Skeledirge|Skeledirge, M|100/100|[from] U-turn
|
|-heal|p1a: Gliscor|84/100 tox|[from] ability: Poison Heal
|upkeep
|turn|17
|
|t:|1779581245
|-terastallize|p2a: Skeledirge|Fairy
|move|p1a: Gliscor|Earthquake|p2a: Skeledirge
|-damage|p2a: Skeledirge|78/100
|move|p2a: Skeledirge|Torch Song|p1a: Gliscor
|-damage|p1a: Gliscor|49/100 tox
|-boost|p2a: Skeledirge|spa|1
|
|-heal|p1a: Gliscor|62/100 tox|[from] ability: Poison Heal
|upkeep
|turn|18
|
|t:|1779581256
|move|p1a: Gliscor|Swords Dance|p1a: Gliscor
|-boost|p1a: Gliscor|atk|2
|move|p2a: Skeledirge|Torch Song|p1a: Gliscor
|-damage|p1a: Gliscor|10/100 tox
|-boost|p2a: Skeledirge|spa|1
|
|-heal|p1a: Gliscor|22/100 tox|[from] ability: Poison Heal
|upkeep
|turn|19
|
|t:|1779581265
|-terastallize|p1a: Gliscor|Water
|move|p1a: Gliscor|Earthquake|p2a: Skeledirge
|-damage|p2a: Skeledirge|56/100
|move|p2a: Skeledirge|Torch Song|p1a: Gliscor
|-resisted|p1a: Gliscor
|-damage|p1a: Gliscor|0 fnt
|-boost|p2a: Skeledirge|spa|1
|faint|p1a: Gliscor
|
|upkeep
|
|t:|1779581270
|switch|p1a: Sylveon|Sylveon, M|100/100
|turn|20
|
|t:|1779581272
|move|p1a: Sylveon|Hyper Voice|p2a: Skeledirge
|-damage|p2a: Skeledirge|0 fnt
|faint|p2a: Skeledirge
|-damage|p1a: Sylveon|91/100|[from] item: Life Orb
|
|upkeep
|
|t:|1779581277
|switch|p2a: Goodra|Goodra, M|100/100
|turn|21
|
|t:|1779581280
|move|p1a: Sylveon|Hyper Voice|p2a: Goodra
|-supereffective|p2a: Goodra
|-damage|p2a: Goodra|31/100
|-damage|p1a: Sylveon|81/100|[from] item: Life Orb
|move|p2a: Goodra|Curse|p2a: Goodra
|-unboost|p2a: Goodra|spe|1
|-boost|p2a: Goodra|atk|1
|-boost|p2a: Goodra|def|1
|
|upkeep
|turn|22
|
|t:|1779581288
|move|p1a: Sylveon|Hyper Voice|p2a: Goodra
|-supereffective|p2a: Goodra
|-damage|p2a: Goodra|0 fnt
|faint|p2a: Goodra
|-damage|p1a: Sylveon|71/100|[from] item: Life Orb
|
|upkeep
|
|t:|1779581302
|switch|p2a: Primarina|Primarina, F|100/100
|turn|23
|
|t:|1779581310
|move|p1a: Sylveon|Hyper Voice|p2a: Primarina
|-damage|p2a: Primarina|46/100
|-damage|p1a: Sylveon|61/100|[from] item: Life Orb
|move|p2a: Primarina|Moonblast|p1a: Sylveon
|-damage|p1a: Sylveon|15/100
|
|upkeep
|turn|24
|
|t:|1779581317
|move|p1a: Sylveon|Hyper Voice|p2a: Primarina
|-damage|p2a: Primarina|0 fnt
|faint|p2a: Primarina
|-damage|p1a: Sylveon|5/100|[from] item: Life Orb
|
|upkeep
|
|t:|1779581321
|switch|p2a: Vespiquen|Vespiquen, F, shiny|83/100
|-ability|p2a: Vespiquen|Pressure
|turn|25
|
|t:|1779581326
|move|p1a: Sylveon|Hyper Beam|p2a: Vespiquen
|-damage|p2a: Vespiquen|0 fnt
|-mustrecharge|p1a: Sylveon
|faint|p2a: Vespiquen
|-damage|p1a: Sylveon|0 fnt|[from] item: Life Orb
|faint|p1a: Sylveon
|
|upkeep
|
|t:|1779581334
|switch|p1a: Ninetales|Ninetales, F|100/100
|switch|p2a: Dragapult|Dragapult, M|100/100
|-weather|SunnyDay|[from] ability: Drought|[of] p1a: Ninetales
|turn|26
|
|t:|1779581343
|move|p2a: Dragapult|Shadow Ball|p1a: Ninetales
|-crit|p1a: Ninetales
|-damage|p1a: Ninetales|14/100
|move|p1a: Ninetales|Weather Ball|p2a: Dragapult
|-resisted|p2a: Dragapult
|-damage|p2a: Dragapult|47/100
|
|-weather|SunnyDay|[upkeep]
|upkeep
|turn|27
|l|☆jhy20081107
|player|p1|
|inactive|Battle timer is ON: inactive players will automatically lose when time's up. (requested by Cr3wcmber)
|inactive|jhy20081107 has 30 seconds to reconnect!
|inactive|jhy20081107 has 20 seconds to reconnect!
|inactive|jhy20081107 has 15 seconds to reconnect!
|inactive|jhy20081107 has 10 seconds to reconnect!
|inactive|jhy20081107 has 5 seconds to reconnect!
|-message|jhy20081107 lost due to inactivity.
|
|win|Cr3wcmber
|raw|jhy20081107's rating: 1108 &rarr; <strong>1081</strong><br />(-27 for losing)
|raw|Cr3wcmber's rating: 1083 &rarr; <strong>1113</strong><br />(+30 for winning)
|l|☆Cr3wcmber
|player|p2|
|j|☆jhy20081107
|player|p1|jhy20081107|dawn|
|l|☆jhy20081107
|player|p1|
