|j|☆carciox
|j|☆Spikenard
|t:|1779575299
|gametype|singles
|player|p1|carciox|170|1462
|player|p2|Spikenard|erika|1426
|gen|9
|tier|[Gen 9] OU
|rated|
|rule|HP Percentage Mod: HP is shown in percentages
|rule|Endless Battle Clause: Forcing endless battles is banned
|rule|Species Clause: Limit one of each Pokémon
|rule|OHKO Clause: OHKO moves are banned
|rule|Evasion Items Clause: Evasion items are banned
|rule|Evasion Moves Clause: Evasion moves are banned
|rule|Evasion Abilities Clause: Evasion abilities are banned
|rule|Sleep Moves Clause: Sleep-inducing moves are banned
|clearpoke
|poke|p1|Kingambit, F|
|poke|p1|Cinderace, F|
|poke|p1|Landorus-Therian, M|
|poke|p1|Iron Valiant|
|poke|p1|Kyurem|
|poke|p1|Slowking-Galar, M|
|poke|p2|Ambipom, M|
|poke|p2|Clefable, M|
|poke|p2|Decidueye-Hisui, M|
|poke|p2|Dusclops, F|
|poke|p2|Garchomp, F|
|poke|p2|Glimmora, M|
|teampreview
|inactive|Battle timer is ON: inactive players will automatically lose when time's up. (requested by carciox)
|
|t:|1779575304
|teamsize|p1|6
|teamsize|p2|6
|start
|switch|p1a: Cinderace|Cinderace, F, shiny|100/100
|switch|p2a: Glimmora|Glimmora, M|100/100
|turn|1
|
|t:|1779575311
|move|p1a: Cinderace|U-turn|p2a: Glimmora
|-resisted|p2a: Glimmora
|-damage|p2a: Glimmora|89/100
|-activate|p2a: Glimmora|ability: Toxic Debris
|-sidestart|p1: carciox|move: Toxic Spikes
|
|t:|1779575316
|switch|p1a: Slowking|Slowking-Galar, M, shiny|100/100|[from] U-turn
|-sideend|p1: carciox|move: Toxic Spikes|[of] p1a: Slowking
|move|p2a: Glimmora|Power Gem|p1a: Slowking
|-crit|p1a: Slowking
|-damage|p1a: Slowking|61/100
|
|upkeep
|turn|2
|
|t:|1779575324
|move|p2a: Glimmora|Earth Power|p1a: Slowking
|-supereffective|p1a: Slowking
|-damage|p1a: Slowking|22/100
|move|p1a: Slowking|Psychic Noise|p2a: Glimmora
|-supereffective|p2a: Glimmora
|-damage|p2a: Glimmora|16/100
|-start|p2a: Glimmora|move: Heal Block
|
|upkeep
|turn|3
|inactive|carciox has 120 seconds left.
|
|t:|1779575357
|switch|p1a: Landorus|Landorus-Therian, M, shiny|100/100
|-ability|p1a: Landorus|Intimidate|boost
|-unboost|p2a: Glimmora|atk|1
|move|p2a: Glimmora|Power Gem|p1a: Landorus
|-damage|p1a: Landorus|49/100
|
|-end|p2a: Glimmora|move: Heal Block
|upkeep
|turn|4
|inactive|carciox has 120 seconds left.
|
|t:|1779575367
|move|p1a: Landorus|Earthquake|p2a: Glimmora
|-supereffective|p2a: Glimmora
|-damage|p2a: Glimmora|0 fnt
|-activate|p2a: Glimmora|ability: Toxic Debris
|-sidestart|p1: carciox|move: Toxic Spikes
|faint|p2a: Glimmora
|
|upkeep
|
|t:|1779575374
|switch|p2a: Ambipom|Ambipom, M|100/100
|turn|5
|
|t:|1779575387
|switch|p1a: Cinderace|Cinderace, F, shiny|100/100
|move|p2a: Ambipom|Fake Out|p1a: Cinderace
|-damage|p1a: Cinderace|72/100
|
|upkeep
|turn|6
|
|t:|1779575395
|switch|p2a: Garchomp|Garchomp, F|100/100
|move|p1a: Cinderace|Will-O-Wisp|p2a: Garchomp
|-status|p2a: Garchomp|brn
|
|-damage|p2a: Garchomp|94/100 brn|[from] brn
|upkeep
|turn|7
|
|t:|1779575405
|switch|p1a: Slowking|Slowking-Galar, M, shiny|55/100
|-sideend|p1: carciox|move: Toxic Spikes|[of] p1a: Slowking
|move|p2a: Garchomp|Stealth Rock|p1a: Slowking
|-sidestart|p1: carciox|move: Stealth Rock
|
|-damage|p2a: Garchomp|88/100 brn|[from] brn
|upkeep
|turn|8
|
|t:|1779575414
|move|p2a: Garchomp|Earthquake|p1a: Slowking
|-supereffective|p1a: Slowking
|-damage|p1a: Slowking|15/100
|-prepare|p1a: Slowking|Chilly Reception|[premajor]
|move|p1a: Slowking|Chilly Reception|p1a: Slowking
|-weather|Snowscape
|
|t:|1779575421
|switch|p1a: Cinderace|Cinderace, F, shiny|72/100|[from] Chilly Reception
|
|-weather|Snowscape|[upkeep]
|-damage|p2a: Garchomp|82/100 brn|[from] brn
|upkeep
|turn|9
|
|t:|1779575431
|move|p1a: Cinderace|Court Change|p1a: Cinderace
|-swapsideconditions
|-activate|p1a: Cinderace|move: Court Change
|move|p2a: Garchomp|Earthquake|p1a: Cinderace
|-supereffective|p1a: Cinderace
|-damage|p1a: Cinderace|20/100
|
|-weather|Snowscape|[upkeep]
|-damage|p2a: Garchomp|76/100 brn|[from] brn
|upkeep
|turn|10
|
|t:|1779575441
|move|p1a: Cinderace|U-turn|p2a: Garchomp
|-damage|p2a: Garchomp|65/100 brn
|-damage|p1a: Cinderace|8/100|[from] ability: Rough Skin|[of] p2a: Garchomp
|-damage|p1a: Cinderace|0 fnt|[from] item: Rocky Helmet|[of] p2a: Garchomp
|faint|p1a: Cinderace
|move|p2a: Garchomp|Stealth Rock|p1: Cinderace
|-sidestart|p1: carciox|move: Stealth Rock
|
|-weather|Snowscape|[upkeep]
|-damage|p2a: Garchomp|59/100 brn|[from] brn
|upkeep
|
|t:|1779575452
|switch|p1a: Kyurem|Kyurem, shiny|100/100
|-damage|p1a: Kyurem|76/100|[from] Stealth Rock
|-ability|p1a: Kyurem|Pressure
|turn|11
|c|☆carciox|???
|c|☆carciox|What
|
|t:|1779575466
|switch|p2a: Clefable|Clefable, M|100/100
|move|p1a: Kyurem|Substitute|p1a: Kyurem
|-start|p1a: Kyurem|Substitute
|-damage|p1a: Kyurem|51/100
|
|-weather|Snowscape|[upkeep]
|-heal|p1a: Kyurem|57/100|[from] item: Leftovers
|upkeep
|turn|12
|
|t:|1779575475
|move|p1a: Kyurem|Protect|p1a: Kyurem
|-singleturn|p1a: Kyurem|Protect
|move|p2a: Clefable|Moonblast|p1a: Kyurem
|-activate|p1a: Kyurem|move: Protect
|
|-weather|none
|-heal|p1a: Kyurem|63/100|[from] item: Leftovers
|upkeep
|turn|13
|
|t:|1779575485
|move|p1a: Kyurem|Freeze-Dry|p2a: Clefable
|-damage|p2a: Clefable|69/100
|move|p2a: Clefable|Moonblast|p1a: Kyurem
|-supereffective|p1a: Kyurem
|-end|p1a: Kyurem|Substitute
|
|-heal|p1a: Kyurem|69/100|[from] item: Leftovers
|upkeep
|turn|14
|
|t:|1779575498
|-terastallize|p1a: Kyurem|Ground
|move|p1a: Kyurem|Earth Power|p2a: Clefable
|-damage|p2a: Clefable|24/100
|move|p2a: Clefable|Calm Mind|p2a: Clefable
|-boost|p2a: Clefable|spa|1
|-boost|p2a: Clefable|spd|1
|
|-heal|p1a: Kyurem|75/100|[from] item: Leftovers
|upkeep
|turn|15
|-message|Spikenard forfeited.
|
|win|carciox
|raw|carciox's rating: 1462 &rarr; <strong>1480</strong><br />(+18 for winning)
|raw|Spikenard's rating: 1426 &rarr; <strong>1408</strong><br />(-18 for losing)
|l|☆Spikenard
|player|p2|
|l|☆carciox
|player|p1|
