|j|☆esta man oe
|j|☆greatgonzilla
|t:|1779580542
|gametype|singles
|player|p1|esta man oe|preschooler|1364
|player|p2|greatgonzilla|pilot|1443
|gen|9
|tier|[Gen 9] OU
|rated|
|rule|HP Percentage Mod: HP is shown in percentages
|rule|Endless Battle Clause: Forcing endless battles is banned
|rule|Species Clause: Limit one of each Pokémon
|rule|OHKO Clause: OHKO moves are banned
|rule|Evasion Items Clause: Evasion items are banned
|rule|Evasion Moves Clause: Evasion moves are banned
|rule|Evasion Abilities Clause: Evasion abilities are banned
|rule|Sleep Moves Clause: Sleep-inducing moves are banned
|clearpoke
|poke|p1|Torkoal, M|
|poke|p1|Pelipper, M|
|poke|p1|Walking Wake|
|poke|p1|Hatterene, F|
|poke|p1|Raging Bolt|
|poke|p1|Alomomola, F|
|poke|p2|Metagross|
|poke|p2|Cinderace, M|
|poke|p2|Alomomola, F|
|poke|p2|Raging Bolt|
|poke|p2|Great Tusk|
|poke|p2|Glimmora, M|
|teampreview
|inactive|Battle timer is ON: inactive players will automatically lose when time's up. (requested by esta man oe)
|
|t:|1779580545
|teamsize|p1|6
|teamsize|p2|6
|start
|switch|p1a: Walking Wake|Walking Wake|100/100
|switch|p2a: Glimmora|Glimmora, M|100/100
|turn|1
|
|t:|1779580562
|-end|p1a: Walking Wake|Protosynthesis|[silent]
|switch|p1a: Hatterene|Hatterene, F, shiny|100/100
|move|p2a: Glimmora|Stealth Rock|p1a: Hatterene
|move|p1a: Hatterene|Stealth Rock|p2a: Glimmora|[from] ability: Magic Bounce
|-sidestart|p2: greatgonzilla|move: Stealth Rock
|
|upkeep
|turn|2
|
|t:|1779580577
|move|p2a: Glimmora|Mortal Spin|p1a: Hatterene
|-supereffective|p1a: Hatterene
|-damage|p1a: Hatterene|90/100
|-status|p1a: Hatterene|psn
|-sideend|p2: greatgonzilla|Stealth Rock|[from] move: Mortal Spin|[of] p2a: Glimmora
|-enditem|p1a: Hatterene|Eject Button
|
|t:|1779580579
|switch|p1a: Raging Bolt|Raging Bolt|100/100
|
|upkeep
|turn|3
|
|t:|1779580587
|move|p1a: Raging Bolt|Volt Switch|p2a: Glimmora
|-damage|p2a: Glimmora|50/100
|
|t:|1779580590
|-end|p1a: Raging Bolt|Protosynthesis|[silent]
|switch|p1a: Hatterene|Hatterene, F, shiny|90/100 psn|[from] Volt Switch
|move|p2a: Glimmora|Mortal Spin|p1a: Hatterene
|-supereffective|p1a: Hatterene
|-damage|p1a: Hatterene|81/100 psn
|
|-damage|p1a: Hatterene|69/100 psn|[from] psn
|upkeep
|turn|4
|
|t:|1779580601
|switch|p2a: Alomomola|Alomomola, F|100/100
|move|p1a: Hatterene|Psychic Noise|p2a: Alomomola
|-damage|p2a: Alomomola|77/100
|-start|p2a: Alomomola|move: Heal Block
|
|-damage|p1a: Hatterene|56/100 psn|[from] psn
|upkeep
|turn|5
|
|t:|1779580610
|switch|p1a: Raging Bolt|Raging Bolt|100/100
|move|p2a: Alomomola|Protect||[still]
|-fail|p2a: Alomomola
|
|-end|p2a: Alomomola|move: Heal Block
|upkeep
|turn|6
|
|t:|1779580629
|switch|p2a: Steel Force|Metagross, shiny|100/100
|-item|p2a: Steel Force|Air Balloon
|move|p1a: Raging Bolt|Draco Meteor|p2a: Steel Force
|-resisted|p2a: Steel Force
|-damage|p2a: Steel Force|56/100
|-unboost|p1a: Raging Bolt|spa|2
|-enditem|p2a: Steel Force|Air Balloon
|
|upkeep
|turn|7
|
|t:|1779580643
|-end|p1a: Raging Bolt|Protosynthesis|[silent]
|switch|p1a: Torkoal|Torkoal, M|100/100
|-weather|SunnyDay|[from] ability: Drought|[of] p1a: Torkoal
|switch|p2a: Raging Bolt|Raging Bolt|100/100
|-activate|p2a: Raging Bolt|ability: Protosynthesis
|-start|p2a: Raging Bolt|protosynthesisspa
|
|-weather|SunnyDay|[upkeep]
|upkeep
|turn|8
|
|t:|1779580658
|switch|p1a: Raging Bolt|Raging Bolt|100/100
|-activate|p1a: Raging Bolt|ability: Protosynthesis
|-start|p1a: Raging Bolt|protosynthesisspa
|move|p2a: Raging Bolt|Draco Meteor|p1a: Raging Bolt
|-supereffective|p1a: Raging Bolt
|-damage|p1a: Raging Bolt|0 fnt
|-unboost|p2a: Raging Bolt|spa|2
|faint|p1a: Raging Bolt
|-end|p1a: Raging Bolt|Protosynthesis|[silent]
|
|-weather|SunnyDay|[upkeep]
|upkeep
|
|t:|1779580660
|switch|p1a: Walking Wake|Walking Wake|100/100
|-activate|p1a: Walking Wake|ability: Protosynthesis
|-start|p1a: Walking Wake|protosynthesisspa
|turn|9
|
|t:|1779580681
|move|p1a: Walking Wake|Draco Meteor|p2a: Raging Bolt
|-supereffective|p2a: Raging Bolt
|-damage|p2a: Raging Bolt|0 fnt
|-unboost|p1a: Walking Wake|spa|2
|faint|p2a: Raging Bolt
|-end|p2a: Raging Bolt|Protosynthesis|[silent]
|
|-weather|SunnyDay|[upkeep]
|upkeep
|
|t:|1779580689
|switch|p2a: Cinderace|Cinderace, M|100/100
|turn|10
|
|t:|1779580696
|-end|p1a: Walking Wake|Protosynthesis|[silent]
|switch|p1a: Pelipper|Pelipper, M|100/100
|-weather|RainDance|[from] ability: Drizzle|[of] p1a: Pelipper
|-terastallize|p2a: Cinderace|Fire
|move|p2a: Cinderace|Swords Dance|p2a: Cinderace
|-boost|p2a: Cinderace|atk|2
|
|-weather|RainDance|[upkeep]
|upkeep
|turn|11
|
|t:|1779580707
|move|p2a: Cinderace|Pyro Ball|p1a: Pelipper
|-resisted|p1a: Pelipper
|-damage|p1a: Pelipper|65/100
|-damage|p2a: Cinderace|91/100|[from] item: Life Orb
|move|p1a: Pelipper|Hydro Pump|p2a: Cinderace|[miss]
|-miss|p1a: Pelipper|p2a: Cinderace
|
|-weather|RainDance|[upkeep]
|upkeep
|turn|12
|
|t:|1779580718
|switch|p2a: Alomomola|Alomomola, F|100/100
|move|p1a: Pelipper|Roost|p1a: Pelipper
|-heal|p1a: Pelipper|100/100
|-singleturn|p1a: Pelipper|move: Roost
|
|-weather|RainDance|[upkeep]
|upkeep
|turn|13
|
|t:|1779580728
|switch|p1a: Walking Wake|Walking Wake|100/100
|move|p2a: Alomomola|Wish|p2a: Alomomola
|
|-weather|RainDance|[upkeep]
|upkeep
|turn|14
|
|t:|1779580738
|-terastallize|p1a: Walking Wake|Water
|move|p1a: Walking Wake|Hydro Steam|p2a: Alomomola
|-resisted|p2a: Alomomola
|-damage|p2a: Alomomola|57/100
|move|p2a: Alomomola|Flip Turn|p1a: Walking Wake
|-resisted|p1a: Walking Wake
|-damage|p1a: Walking Wake|88/100
|
|t:|1779580750
|switch|p2a: Glimmora|Glimmora, M|50/100|[from] Flip Turn
|
|-weather|RainDance|[upkeep]
|-heal|p2a: Glimmora|100/100|[from] move: Wish|[wisher] Alomomola
|upkeep
|turn|15
|
|t:|1779580769
|move|p1a: Walking Wake|Hydro Steam|p2a: Glimmora
|-supereffective|p2a: Glimmora
|-enditem|p2a: Glimmora|Focus Sash
|-damage|p2a: Glimmora|1/100
|move|p2a: Glimmora|Stealth Rock|p1a: Walking Wake
|-sidestart|p1: esta man oe|move: Stealth Rock
|
|-weather|RainDance|[upkeep]
|upkeep
|turn|16
|
|t:|1779580784
|switch|p2a: Alomomola|Alomomola, F|90/100
|move|p1a: Walking Wake|Hydro Steam|p2a: Alomomola
|-resisted|p2a: Alomomola
|-crit|p2a: Alomomola
|-damage|p2a: Alomomola|24/100
|
|-weather|RainDance|[upkeep]
|-heal|p2a: Alomomola|30/100|[from] item: Leftovers
|upkeep
|turn|17
|
|t:|1779580792
|move|p2a: Alomomola|Protect|p2a: Alomomola
|-singleturn|p2a: Alomomola|Protect
|move|p1a: Walking Wake|Hydro Steam|p2a: Alomomola
|-activate|p2a: Alomomola|move: Protect
|
|-weather|none
|-heal|p2a: Alomomola|36/100|[from] item: Leftovers
|upkeep
|turn|18
|
|t:|1779580800
|-end|p1a: Walking Wake|Protosynthesis|[silent]
|switch|p1a: Torkoal|Torkoal, M|100/100
|-damage|p1a: Torkoal|75/100|[from] Stealth Rock
|-weather|SunnyDay|[from] ability: Drought|[of] p1a: Torkoal
|move|p2a: Alomomola|Wish|p2a: Alomomola
|
|-weather|SunnyDay|[upkeep]
|-heal|p2a: Alomomola|42/100|[from] item: Leftovers
|upkeep
|turn|19
|
|t:|1779580819
|move|p2a: Alomomola|Protect|p2a: Alomomola
|-singleturn|p2a: Alomomola|Protect
|move|p1a: Torkoal|Rapid Spin|p2a: Alomomola
|-activate|p2a: Alomomola|move: Protect
|
|-weather|SunnyDay|[upkeep]
|-heal|p2a: Alomomola|92/100|[from] move: Wish|[wisher] Alomomola
|-heal|p2a: Alomomola|98/100|[from] item: Leftovers
|upkeep
|turn|20
|
|t:|1779580834
|move|p2a: Alomomola|Wish|p2a: Alomomola
|move|p1a: Torkoal|Rapid Spin|p2a: Alomomola
|-damage|p2a: Alomomola|90/100
|-boost|p1a: Torkoal|spe|1
|-sideend|p1: esta man oe|Stealth Rock|[from] move: Rapid Spin|[of] p1a: Torkoal
|
|-weather|SunnyDay|[upkeep]
|-heal|p2a: Alomomola|96/100|[from] item: Leftovers
|upkeep
|turn|21
|
|t:|1779580845
|switch|p2a: Cinderace|Cinderace, M, tera:Fire|91/100
|switch|p1a: Walking Wake|Walking Wake, tera:Water|88/100
|-activate|p1a: Walking Wake|ability: Protosynthesis
|-start|p1a: Walking Wake|protosynthesisspa
|
|-weather|SunnyDay|[upkeep]
|-heal|p2a: Cinderace|100/100|[from] move: Wish|[wisher] Alomomola
|upkeep
|turn|22
|
|t:|1779580858
|move|p2a: Cinderace|Pyro Ball|p1a: Walking Wake
|-resisted|p1a: Walking Wake
|-damage|p1a: Walking Wake|6/100
|-damage|p2a: Cinderace|91/100|[from] item: Life Orb
|move|p1a: Walking Wake|Hydro Steam|p2a: Cinderace
|-supereffective|p2a: Cinderace
|-damage|p2a: Cinderace|0 fnt
|faint|p2a: Cinderace
|
|-weather|SunnyDay|[upkeep]
|upkeep
|inactive|greatgonzilla has 120 seconds left.
|
|t:|1779580868
|switch|p2a: Great Tusk|Great Tusk|100/100
|-activate|p2a: Great Tusk|ability: Protosynthesis
|-start|p2a: Great Tusk|protosynthesisspe
|turn|23
|
|t:|1779580876
|-end|p1a: Walking Wake|Protosynthesis|[silent]
|switch|p1a: Pelipper|Pelipper, M|100/100
|-weather|RainDance|[from] ability: Drizzle|[of] p1a: Pelipper
|-end|p2a: Great Tusk|Protosynthesis
|move|p2a: Great Tusk|Rapid Spin|p1a: Pelipper
|-damage|p1a: Pelipper|90/100
|-boost|p2a: Great Tusk|spe|1
|
|-weather|RainDance|[upkeep]
|upkeep
|turn|24
|-message|greatgonzilla forfeited.
|
|win|esta man oe
|raw|esta man oe's rating: 1364 &rarr; <strong>1388</strong><br />(+24 for winning)
|raw|greatgonzilla's rating: 1443 &rarr; <strong>1419</strong><br />(-24 for losing)
|l|☆greatgonzilla
|player|p2|
