|j|☆jsf130808
|j|☆stjarnaking
|t:|1779628619
|gametype|singles
|player|p1|jsf130808|dahlia|1119
|player|p2|stjarnaking|265|1163
|gen|9
|tier|[Gen 9] OU
|rated|
|rule|HP Percentage Mod: HP is shown in percentages
|rule|Endless Battle Clause: Forcing endless battles is banned
|rule|Species Clause: Limit one of each Pokémon
|rule|OHKO Clause: OHKO moves are banned
|rule|Evasion Items Clause: Evasion items are banned
|rule|Evasion Moves Clause: Evasion moves are banned
|rule|Evasion Abilities Clause: Evasion abilities are banned
|rule|Sleep Moves Clause: Sleep-inducing moves are banned
|clearpoke
|poke|p1|Armarouge, F|
|poke|p1|Hoopa-Unbound|
|poke|p1|Scrafty, F|
|poke|p1|Rotom-Wash|
|poke|p1|Registeel|
|poke|p1|Iron Leaves|
|poke|p2|Grimmsnarl, M|
|poke|p2|Great Tusk|
|poke|p2|Clefable, F|
|poke|p2|Dragapult, F|
|poke|p2|Garganacl, M|
|poke|p2|Milotic, F|
|teampreview
|inactive|Battle timer is ON: inactive players will automatically lose when time's up. (requested by stjarnaking)
|
|t:|1779628639
|teamsize|p1|6
|teamsize|p2|6
|start
|switch|p1a: Japan|Scrafty, F|100/100
|switch|p2a: Grimmsnarl|Grimmsnarl, M|100/100
|turn|1
|
|t:|1779628656
|switch|p1a: Weirdman|Registeel|100/100
|move|p2a: Grimmsnarl|Reflect|p2a: Grimmsnarl
|-sidestart|p2: stjarnaking|Reflect
|
|upkeep
|turn|2
|
|t:|1779628662
|move|p2a: Grimmsnarl|Light Screen|p2a: Grimmsnarl
|-sidestart|p2: stjarnaking|move: Light Screen
|move|p1a: Weirdman|Iron Defense|p1a: Weirdman
|-boost|p1a: Weirdman|def|2
|
|upkeep
|turn|3
|
|t:|1779628667
|move|p2a: Grimmsnarl|Parting Shot|p1a: Weirdman
|-fail|p1a: Weirdman|unboost|[from] ability: Clear Body|[of] p1a: Weirdman
|move|p1a: Weirdman|Stealth Rock|p2a: Grimmsnarl
|-sidestart|p2: stjarnaking|move: Stealth Rock
|
|upkeep
|turn|4
|
|t:|1779628675
|switch|p2a: Great Tusk|Great Tusk|100/100
|-damage|p2a: Great Tusk|98/100|[from] Stealth Rock
|-enditem|p2a: Great Tusk|Booster Energy
|-activate|p2a: Great Tusk|ability: Protosynthesis|[fromitem]
|-start|p2a: Great Tusk|protosynthesisatk
|move|p1a: Weirdman|Heavy Slam|p2a: Great Tusk
|-damage|p2a: Great Tusk|93/100
|
|upkeep
|turn|5
|
|t:|1779628697
|switch|p1a: Stockdale|Armarouge, F|100/100
|move|p2a: Great Tusk|Rapid Spin|p1a: Stockdale
|-damage|p1a: Stockdale|79/100
|-boost|p2a: Great Tusk|spe|1
|-ability|p1a: Stockdale|Weak Armor|boost
|-unboost|p1a: Stockdale|def|1
|-boost|p1a: Stockdale|spe|2
|-sideend|p2: stjarnaking|Stealth Rock|[from] move: Rapid Spin|[of] p2a: Great Tusk
|
|upkeep
|turn|6
|
|t:|1779628709
|move|p2a: Great Tusk|Headlong Rush|p1a: Stockdale
|-supereffective|p1a: Stockdale
|-damage|p1a: Stockdale|0 fnt
|-unboost|p2a: Great Tusk|def|1
|-unboost|p2a: Great Tusk|spd|1
|faint|p1a: Stockdale
|
|upkeep
|inactive|jsf130808 has 120 seconds left.
|
|t:|1779628726
|switch|p1a: CitySlicker|Iron Leaves|100/100
|-enditem|p1a: CitySlicker|Booster Energy
|-activate|p1a: CitySlicker|ability: Quark Drive|[fromitem]
|-start|p1a: CitySlicker|quarkdriveatk
|turn|7
|
|t:|1779628734
|move|p2a: Great Tusk|Stealth Rock|p1a: CitySlicker
|-sidestart|p1: jsf130808|move: Stealth Rock
|move|p1a: CitySlicker|Swords Dance|p1a: CitySlicker
|-boost|p1a: CitySlicker|atk|2
|
|upkeep
|turn|8
|
|t:|1779628742
|move|p2a: Great Tusk|Headlong Rush|p1a: CitySlicker
|-resisted|p1a: CitySlicker
|-damage|p1a: CitySlicker|50/100
|-unboost|p2a: Great Tusk|def|1
|-unboost|p2a: Great Tusk|spd|1
|move|p1a: CitySlicker|Leaf Blade|p2a: Great Tusk
|-supereffective|p2a: Great Tusk
|-crit|p2a: Great Tusk
|-damage|p2a: Great Tusk|0 fnt
|faint|p2a: Great Tusk
|-end|p2a: Great Tusk|Protosynthesis|[silent]
|
|-sideend|p2: stjarnaking|Reflect
|upkeep
|
|t:|1779628746
|switch|p2a: Grimmsnarl|Grimmsnarl, M|100/100
|turn|9
|
|t:|1779628761
|move|p2a: Grimmsnarl|Reflect|p2a: Grimmsnarl
|-sidestart|p2: stjarnaking|Reflect
|move|p1a: CitySlicker|Leaf Blade|p2a: Grimmsnarl
|-crit|p2a: Grimmsnarl
|-damage|p2a: Grimmsnarl|0 fnt
|faint|p2a: Grimmsnarl
|
|-sideend|p2: stjarnaking|move: Light Screen
|upkeep
|
|t:|1779628767
|switch|p2a: Dragapult|Dragapult, F|100/100
|turn|10
|
|t:|1779628777
|move|p2a: Dragapult|U-turn|p1a: CitySlicker
|-supereffective|p1a: CitySlicker
|-damage|p1a: CitySlicker|0 fnt
|faint|p1a: CitySlicker
|-end|p1a: CitySlicker|Quark Drive|[silent]
|
|t:|1779628782
|switch|p2a: Milotic|Milotic, F|100/100|[from] U-turn
|
|upkeep
|
|t:|1779628790
|switch|p1a: Weirdman|Registeel|100/100
|-damage|p1a: Weirdman|94/100|[from] Stealth Rock
|turn|11
|
|t:|1779628796
|move|p2a: Milotic|Surf|p1a: Weirdman
|-damage|p1a: Weirdman|74/100
|move|p1a: Weirdman|Iron Defense|p1a: Weirdman
|-boost|p1a: Weirdman|def|2
|
|-heal|p1a: Weirdman|80/100|[from] item: Leftovers
|upkeep
|turn|12
|
|t:|1779628802
|move|p2a: Milotic|Surf|p1a: Weirdman
|-damage|p1a: Weirdman|60/100
|move|p1a: Weirdman|Stealth Rock|p2a: Milotic
|-sidestart|p2: stjarnaking|move: Stealth Rock
|
|-heal|p1a: Weirdman|66/100|[from] item: Leftovers
|upkeep
|turn|13
|
|t:|1779628809
|move|p2a: Milotic|Surf|p1a: Weirdman
|-damage|p1a: Weirdman|44/100
|move|p1a: Weirdman|Body Press|p2a: Milotic
|-damage|p2a: Milotic|71/100
|
|-heal|p2a: Milotic|77/100|[from] item: Leftovers
|-heal|p1a: Weirdman|50/100|[from] item: Leftovers
|upkeep
|turn|14
|
|t:|1779628818
|move|p2a: Milotic|Surf|p1a: Weirdman
|-damage|p1a: Weirdman|26/100
|move|p1a: Weirdman|Body Press|p2a: Milotic
|-damage|p2a: Milotic|48/100
|
|-heal|p2a: Milotic|54/100|[from] item: Leftovers
|-heal|p1a: Weirdman|32/100|[from] item: Leftovers
|upkeep
|turn|15
|
|t:|1779628825
|move|p2a: Milotic|Recover|p2a: Milotic
|-heal|p2a: Milotic|100/100
|move|p1a: Weirdman|Body Press|p2a: Milotic
|-damage|p2a: Milotic|69/100
|
|-heal|p2a: Milotic|76/100|[from] item: Leftovers
|-heal|p1a: Weirdman|38/100|[from] item: Leftovers
|upkeep
|turn|16
|
|t:|1779628833
|move|p2a: Milotic|Surf|p1a: Weirdman
|-damage|p1a: Weirdman|18/100
|move|p1a: Weirdman|Body Press|p2a: Milotic
|-damage|p2a: Milotic|49/100
|
|-heal|p2a: Milotic|55/100|[from] item: Leftovers
|-heal|p1a: Weirdman|24/100|[from] item: Leftovers
|-sideend|p2: stjarnaking|Reflect
|upkeep
|turn|17
|
|t:|1779628842
|move|p2a: Milotic|Surf|p1a: Weirdman
|-damage|p1a: Weirdman|2/100
|move|p1a: Weirdman|Body Press|p2a: Milotic
|-damage|p2a: Milotic|0 fnt
|faint|p2a: Milotic
|
|-heal|p1a: Weirdman|8/100|[from] item: Leftovers
|upkeep
|
|t:|1779628849
|switch|p2a: Garganacl|Garganacl, M|100/100
|-damage|p2a: Garganacl|88/100|[from] Stealth Rock
|turn|18
|
|t:|1779628859
|-terastallize|p2a: Garganacl|Fighting
|move|p1a: Weirdman|Body Press|p2a: Garganacl
|-damage|p2a: Garganacl|60/100
|move|p2a: Garganacl|Salt Cure|p1a: Weirdman
|-resisted|p1a: Weirdman
|-damage|p1a: Weirdman|6/100
|-start|p1a: Weirdman|Salt Cure
|
|-heal|p1a: Weirdman|12/100|[from] item: Leftovers
|-heal|p2a: Garganacl|66/100|[from] item: Leftovers
|-damage|p1a: Weirdman|0 fnt|[from] Salt Cure
|faint|p1a: Weirdman
|upkeep
|
|t:|1779628871
|switch|p1a: Dup|Hoopa-Unbound|100/100
|-damage|p1a: Dup|88/100|[from] Stealth Rock
|turn|19
|
|t:|1779628879
|move|p1a: Dup|Psychic Noise|p2a: Garganacl
|-supereffective|p2a: Garganacl
|-damage|p2a: Garganacl|0 fnt
|faint|p2a: Garganacl
|
|upkeep
|
|t:|1779628883
|switch|p2a: Clefable|Clefable, F|100/100
|turn|20
|
|t:|1779628889
|-terastallize|p1a: Dup|Poison
|move|p1a: Dup|Gunk Shot|p2a: Clefable
|-supereffective|p2a: Clefable
|-damage|p2a: Clefable|0 fnt
|faint|p2a: Clefable
|
|upkeep
|
|t:|1779628893
|switch|p2a: Dragapult|Dragapult, F|100/100
|-damage|p2a: Dragapult|88/100|[from] Stealth Rock
|turn|21
|
|t:|1779628908
|move|p2a: Dragapult|Phantom Force||[still]
|-prepare|p2a: Dragapult|Phantom Force
|move|p1a: Dup|Knock Off|p2a: Dragapult|[miss]
|-miss|p1a: Dup|p2a: Dragapult
|
|-heal|p2a: Dragapult|94/100|[from] item: Leftovers
|upkeep
|turn|22
|
|t:|1779628914
|move|p2a: Dragapult|Phantom Force|p1a: Dup|[from] lockedmove
|-damage|p1a: Dup|3/100
|move|p1a: Dup|Knock Off|p2a: Dragapult
|-supereffective|p2a: Dragapult
|-damage|p2a: Dragapult|0 fnt
|-enditem|p2a: Dragapult|Leftovers|[from] move: Knock Off|[of] p1a: Dup
|faint|p2a: Dragapult
|
|win|jsf130808
|raw|jsf130808's rating: 1119 &rarr; <strong>1147</strong><br />(+28 for winning)
|raw|stjarnaking's rating: 1163 &rarr; <strong>1135</strong><br />(-28 for losing)
|l|☆stjarnaking
|player|p2|
|c|☆jsf130808|gg
|l|☆jsf130808
|player|p1|
