|j|☆Histriman
|j|☆CnBCheezy
|t:|1779717296
|gametype|singles
|player|p1|Histriman|alder|1242
|player|p2|CnBCheezy|policeman-gen4|1238
|gen|9
|tier|[Gen 9] OU
|rated|
|rule|HP Percentage Mod: HP is shown in percentages
|rule|Endless Battle Clause: Forcing endless battles is banned
|rule|Species Clause: Limit one of each Pokémon
|rule|OHKO Clause: OHKO moves are banned
|rule|Evasion Items Clause: Evasion items are banned
|rule|Evasion Moves Clause: Evasion moves are banned
|rule|Evasion Abilities Clause: Evasion abilities are banned
|rule|Sleep Moves Clause: Sleep-inducing moves are banned
|clearpoke
|poke|p1|Meowscarada, M|
|poke|p1|Dragapult, F|
|poke|p1|Great Tusk|
|poke|p1|Moltres|
|poke|p1|Slowking-Galar, M|
|poke|p1|Iron Valiant|
|poke|p2|Scizor, M|
|poke|p2|Heatran, M|
|poke|p2|Gallade, M|
|poke|p2|Pecharunt|
|poke|p2|Latios, M|
|poke|p2|Houndoom, M|
|teampreview
|inactive|Battle timer is ON: inactive players will automatically lose when time's up. (requested by CnBCheezy)
|
|t:|1779717301
|teamsize|p1|6
|teamsize|p2|6
|start
|switch|p1a: Zetsu|Meowscarada, M|100/100
|switch|p2a: Heatran|Heatran, M, shiny|100/100
|turn|1
|
|t:|1779717309
|move|p1a: Zetsu|U-turn|p2a: Heatran
|-start|p1a: Zetsu|typechange|Bug|[from] ability: Protean
|-resisted|p2a: Heatran
|-damage|p2a: Heatran|94/100
|
|t:|1779717324
|switch|p1a: Nagato|Great Tusk|100/100|[from] U-turn
|-enditem|p1a: Nagato|Booster Energy
|-activate|p1a: Nagato|ability: Protosynthesis|[fromitem]
|-start|p1a: Nagato|protosynthesisatk
|move|p2a: Heatran|Stealth Rock|p1a: Nagato
|-sidestart|p1: Histriman|move: Stealth Rock
|
|upkeep
|turn|2
|inactive|Histriman has 120 seconds left.
|
|t:|1779717364
|move|p1a: Nagato|Earthquake|p2a: Heatran
|-supereffective|p2a: Heatran
|-damage|p2a: Heatran|0 fnt
|faint|p2a: Heatran
|
|upkeep
|
|t:|1779717378
|switch|p2a: Latios|Latios, M, shiny|100/100
|turn|3
|inactive|Histriman has 120 seconds left.
|
|t:|1779717396
|-terastallize|p1a: Nagato|Fire
|move|p1a: Nagato|Rapid Spin|p2a: Latios
|-damage|p2a: Latios|73/100
|-boost|p1a: Nagato|spe|1
|-sideend|p1: Histriman|Stealth Rock|[from] move: Rapid Spin|[of] p1a: Nagato
|move|p2a: Latios|Luster Purge|p1a: Nagato
|-damage|p1a: Nagato|33/100
|-unboost|p1a: Nagato|spd|1
|
|upkeep
|turn|4
|
|t:|1779717406
|-terastallize|p2a: Latios|Fairy
|move|p1a: Nagato|Ice Spinner|p2a: Latios
|-damage|p2a: Latios|34/100
|move|p2a: Latios|Chilling Water|p1a: Nagato
|-supereffective|p1a: Nagato
|-damage|p1a: Nagato|0 fnt
|faint|p1a: Nagato
|-end|p1a: Nagato|Protosynthesis|[silent]
|
|upkeep
|
|t:|1779717416
|switch|p1a: Sasori|Slowking-Galar, M|100/100
|turn|5
|
|t:|1779717424
|move|p2a: Latios|Light Screen|p2a: Latios
|-sidestart|p2: CnBCheezy|move: Light Screen
|move|p1a: Sasori|Sludge Wave|p2a: Latios
|-supereffective|p2a: Latios
|-damage|p2a: Latios|0 fnt
|faint|p2a: Latios
|
|upkeep
|
|t:|1779717430
|switch|p2a: Houndoom|Houndoom, M, shiny|100/100
|turn|6
|
|t:|1779717434
|move|p2a: Houndoom|Dark Pulse|p1a: Sasori
|-supereffective|p1a: Sasori
|-damage|p1a: Sasori|32/100
|cant|p1a: Sasori|flinch
|
|upkeep
|turn|7
|
|t:|1779717444
|switch|p1a: Deidara|Moltres|100/100
|move|p2a: Houndoom|Dark Pulse|p1a: Deidara
|-damage|p1a: Deidara|56/100
|
|upkeep
|turn|8
|
|t:|1779717458
|switch|p2a: Gallade|Gallade, M, shiny|100/100
|move|p1a: Deidara|Scorching Sands|p2a: Gallade
|-damage|p2a: Gallade|92/100
|-status|p2a: Gallade|brn
|
|-heal|p2a: Gallade|98/100 brn|[from] item: Leftovers
|-damage|p2a: Gallade|92/100 brn|[from] brn
|upkeep
|turn|9
|
|t:|1779717468
|move|p1a: Deidara|Air Slash|p2a: Gallade
|-supereffective|p2a: Gallade
|-damage|p2a: Gallade|60/100 brn
|move|p2a: Gallade|Swords Dance|p2a: Gallade
|-boost|p2a: Gallade|atk|2
|
|-heal|p2a: Gallade|66/100 brn|[from] item: Leftovers
|-damage|p2a: Gallade|60/100 brn|[from] brn
|upkeep
|turn|10
|
|t:|1779717479
|move|p1a: Deidara|Air Slash|p2a: Gallade
|-supereffective|p2a: Gallade
|-damage|p2a: Gallade|31/100 brn
|move|p2a: Gallade|Psycho Cut|p1a: Deidara
|-damage|p1a: Deidara|8/100
|
|-heal|p2a: Gallade|37/100 brn|[from] item: Leftovers
|-damage|p2a: Gallade|31/100 brn|[from] brn
|upkeep
|turn|11
|
|t:|1779717488
|move|p2a: Gallade|Shadow Sneak|p1a: Deidara
|-damage|p1a: Deidara|0 fnt
|faint|p1a: Deidara
|
|-heal|p2a: Gallade|37/100 brn|[from] item: Leftovers
|-damage|p2a: Gallade|31/100 brn|[from] brn
|upkeep
|inactive|Histriman has 120 seconds left.
|
|t:|1779717508
|switch|p1a: Kaguya|Iron Valiant, shiny|100/100
|-enditem|p1a: Kaguya|Booster Energy
|-activate|p1a: Kaguya|ability: Quark Drive|[fromitem]
|-start|p1a: Kaguya|quarkdrivespe
|turn|12
|inactive|Histriman has 120 seconds left.
|
|t:|1779717530
|move|p2a: Gallade|Shadow Sneak|p1a: Kaguya
|-damage|p1a: Kaguya|85/100
|move|p1a: Kaguya|Spirit Break|p2a: Gallade
|-supereffective|p2a: Gallade
|-damage|p2a: Gallade|0 fnt
|faint|p2a: Gallade
|
|-sideend|p2: CnBCheezy|move: Light Screen
|upkeep
|
|t:|1779717537
|switch|p2a: Scizor|Scizor, M|100/100
|turn|13
|inactive|Histriman has 120 seconds left.
|
|t:|1779717564
|-end|p1a: Kaguya|Quark Drive|[silent]
|switch|p1a: Sasori|Slowking-Galar, M|65/100
|move|p2a: Scizor|Bullet Punch|p1a: Sasori
|-damage|p1a: Sasori|30/100
|
|upkeep
|turn|14
|
|t:|1779717576
|move|p2a: Scizor|Bullet Punch|p1a: Sasori
|-damage|p1a: Sasori|0 fnt
|faint|p1a: Sasori
|
|upkeep
|inactive|Histriman has 90 seconds left.
|
|t:|1779717601
|switch|p1a: Kisame|Dragapult, F|100/100
|turn|15
|
|t:|1779717610
|switch|p2a: Houndoom|Houndoom, M, shiny|100/100
|move|p1a: Kisame|Thunderbolt|p2a: Houndoom
|-damage|p2a: Houndoom|45/100
|
|upkeep
|turn|16
|inactive|Histriman has 90 seconds left.
|
|t:|1779717616
|move|p1a: Kisame|Thunderbolt|p2a: Houndoom
|-damage|p2a: Houndoom|0 fnt
|faint|p2a: Houndoom
|
|upkeep
|
|t:|1779717621
|switch|p2a: Pecharunt|Pecharunt|100/100
|turn|17
|
|t:|1779717636
|switch|p1a: Zetsu|Meowscarada, M|100/100
|move|p2a: Pecharunt|Shadow Ball|p1a: Zetsu
|-resisted|p1a: Zetsu
|-damage|p1a: Zetsu|82/100
|-unboost|p1a: Zetsu|spd|1
|
|upkeep
|turn|18
|inactive|Histriman has 90 seconds left.
|
|t:|1779717669
|move|p1a: Zetsu|U-turn|p2a: Pecharunt
|-start|p1a: Zetsu|typechange|Bug|[from] ability: Protean
|-resisted|p2a: Pecharunt
|-damage|p2a: Pecharunt|97/100
|-damage|p1a: Zetsu|66/100|[from] item: Rocky Helmet|[of] p2a: Pecharunt
|
|t:|1779717688
|switch|p1a: Kisame|Dragapult, F|100/100|[from] U-turn
|move|p2a: Pecharunt|Malignant Chain|p1a: Kisame
|-resisted|p1a: Kisame
|-damage|p1a: Kisame|81/100
|
|upkeep
|turn|19
|
|t:|1779717698
|move|p1a: Kisame|Shadow Ball|p2a: Pecharunt
|-supereffective|p2a: Pecharunt
|-damage|p2a: Pecharunt|0 fnt
|faint|p2a: Pecharunt
|
|upkeep
|
|t:|1779717704
|switch|p2a: Scizor|Scizor, M|100/100
|turn|20
|
|t:|1779717711
|move|p1a: Kisame|Shadow Ball|p2a: Scizor
|-damage|p2a: Scizor|43/100
|move|p2a: Scizor|Knock Off|p1a: Kisame
|-supereffective|p1a: Kisame
|-damage|p1a: Kisame|0 fnt
|-enditem|p1a: Kisame|Choice Specs|[from] move: Knock Off|[of] p2a: Scizor
|faint|p1a: Kisame
|
|-heal|p2a: Scizor|49/100|[from] item: Leftovers
|upkeep
|
|t:|1779717726
|switch|p1a: Zetsu|Meowscarada, M|66/100
|turn|21
|
|t:|1779717744
|move|p2a: Scizor|Bullet Punch|p1a: Zetsu
|-damage|p1a: Zetsu|12/100
|move|p1a: Zetsu|Flower Trick|p2a: Scizor
|-start|p1a: Zetsu|typechange|Grass|[from] ability: Protean
|-resisted|p2a: Scizor
|-crit|p2a: Scizor
|-damage|p2a: Scizor|37/100
|
|-heal|p2a: Scizor|43/100|[from] item: Leftovers
|upkeep
|turn|22
|
|t:|1779717755
|move|p2a: Scizor|Bullet Punch|p1a: Zetsu
|-damage|p1a: Zetsu|0 fnt
|faint|p1a: Zetsu
|
|-heal|p2a: Scizor|49/100|[from] item: Leftovers
|upkeep
|
|t:|1779717762
|switch|p1a: Kaguya|Iron Valiant, shiny|85/100
|turn|23
|
|t:|1779717767
|move|p2a: Scizor|Bullet Punch|p1a: Kaguya
|-supereffective|p1a: Kaguya
|-damage|p1a: Kaguya|0 fnt
|faint|p1a: Kaguya
|-end|p1a: Kaguya|Quark Drive|[silent]
|
|win|CnBCheezy
|raw|Histriman's rating: 1242 &rarr; <strong>1217</strong><br />(-25 for losing)
|raw|CnBCheezy's rating: 1238 &rarr; <strong>1263</strong><br />(+25 for winning)
|l|☆Histriman
|player|p1|
|l|☆CnBCheezy
|player|p2|
