|j|☆Kfkskso
|j|☆sigmsui
|t:|1779600477
|gametype|singles
|player|p1|Kfkskso|1|1000
|player|p2|sigmsui|hugh|1000
|gen|9
|tier|[Gen 9] OU
|rated|
|rule|HP Percentage Mod: HP is shown in percentages
|rule|Endless Battle Clause: Forcing endless battles is banned
|rule|Species Clause: Limit one of each Pokémon
|rule|OHKO Clause: OHKO moves are banned
|rule|Evasion Items Clause: Evasion items are banned
|rule|Evasion Moves Clause: Evasion moves are banned
|rule|Evasion Abilities Clause: Evasion abilities are banned
|rule|Sleep Moves Clause: Sleep-inducing moves are banned
|clearpoke
|poke|p1|Kommo-o, F|
|poke|p2|Deoxys-Speed|
|poke|p2|Ceruledge, M|
|poke|p2|Zapdos|
|poke|p2|Empoleon, F|
|poke|p2|Rillaboom, F|
|poke|p2|Blissey, F|
|teampreview
|
|t:|1779600486
|teamsize|p1|1
|teamsize|p2|6
|start
|switch|p1a: Kommo-o|Kommo-o, F|100/100
|switch|p2a: Deoxys|Deoxys-Speed|100/100
|-ability|p2a: Deoxys|Pressure
|turn|1
|
|t:|1779600495
|-terastallize|p1a: Kommo-o|Normal
|move|p2a: Deoxys|Calm Mind|p2a: Deoxys
|-boost|p2a: Deoxys|spa|1
|-boost|p2a: Deoxys|spd|1
|move|p1a: Kommo-o|Clangorous Soul|p1a: Kommo-o
|-boost|p1a: Kommo-o|atk|1
|-boost|p1a: Kommo-o|def|1
|-boost|p1a: Kommo-o|spa|1
|-boost|p1a: Kommo-o|spd|1
|-boost|p1a: Kommo-o|spe|1
|-damage|p1a: Kommo-o|68/100
|-enditem|p1a: Kommo-o|Throat Spray
|-boost|p1a: Kommo-o|spa|1|[from] item: Throat Spray
|
|upkeep
|turn|2
|
|t:|1779600512
|move|p1a: Kommo-o|Dragon Pulse|p2a: Deoxys
|-damage|p2a: Deoxys|33/100
|move|p2a: Deoxys|Ice Beam|p1a: Kommo-o
|-damage|p1a: Kommo-o|38/100
|
|-heal|p2a: Deoxys|39/100|[from] item: Leftovers
|upkeep
|turn|3
|
|t:|1779600520
|move|p1a: Kommo-o|Dragon Pulse|p2a: Deoxys
|-damage|p2a: Deoxys|0 fnt
|faint|p2a: Deoxys
|
|upkeep
|
|t:|1779600525
|switch|p2a: Ceruledge|Ceruledge, M|100/100
|turn|4
|
|t:|1779600530
|move|p1a: Kommo-o|Dragon Pulse|p2a: Ceruledge
|-damage|p2a: Ceruledge|25/100
|move|p2a: Ceruledge|Bitter Blade|p1a: Kommo-o
|-damage|p1a: Kommo-o|14/100
|-heal|p2a: Ceruledge|36/100|[from] drain|[of] p1a: Kommo-o
|
|upkeep
|turn|5
|
|t:|1779600538
|move|p1a: Kommo-o|Dragon Pulse|p2a: Ceruledge
|-damage|p2a: Ceruledge|0 fnt
|faint|p2a: Ceruledge
|
|upkeep
|
|t:|1779600542
|switch|p2a: Empoleon|Empoleon, F|100/100
|-item|p2a: Empoleon|Air Balloon
|turn|6
|
|t:|1779600550
|move|p1a: Kommo-o|Drain Punch|p2a: Empoleon
|-supereffective|p2a: Empoleon
|-damage|p2a: Empoleon|7/100
|-heal|p1a: Kommo-o|66/100|[from] drain|[of] p2a: Empoleon
|-enditem|p2a: Empoleon|Air Balloon
|move|p2a: Empoleon|Blizzard|p1a: Kommo-o|[miss]
|-miss|p2a: Empoleon|p1a: Kommo-o
|
|upkeep
|turn|7
|
|t:|1779600560
|move|p1a: Kommo-o|Boomburst|p2a: Empoleon
|-resisted|p2a: Empoleon
|-damage|p2a: Empoleon|0 fnt
|faint|p2a: Empoleon
|
|upkeep
|
|t:|1779600565
|switch|p2a: Rillaboom|Rillaboom, F|100/100
|turn|8
|
|t:|1779600571
|move|p1a: Kommo-o|Boomburst|p2a: Rillaboom
|-damage|p2a: Rillaboom|0 fnt
|faint|p2a: Rillaboom
|
|upkeep
|
|t:|1779600577
|switch|p2a: Zapdos|Zapdos|100/100
|-ability|p2a: Zapdos|Pressure
|turn|9
|
|t:|1779600585
|move|p1a: Kommo-o|Boomburst|p2a: Zapdos
|-damage|p2a: Zapdos|0 fnt
|faint|p2a: Zapdos
|
|upkeep
|
|t:|1779600590
|switch|p2a: Blissey|Blissey, F|100/100
|-item|p2a: Blissey|Air Balloon
|turn|10
|
|t:|1779600597
|move|p1a: Kommo-o|Drain Punch|p2a: Blissey
|-supereffective|p2a: Blissey
|-damage|p2a: Blissey|0 fnt
|-heal|p1a: Kommo-o|100/100|[from] drain|[of] p2a: Blissey
|-enditem|p2a: Blissey|Air Balloon
|faint|p2a: Blissey
|
|win|Kfkskso
|raw|Kfkskso's rating: 1000 &rarr; <strong>1040</strong><br />(+40 for winning)
|raw|sigmsui's rating: 1000 &rarr; <strong>1000</strong><br />(+0 for losing)
