|j|☆Land Sea Air
|j|☆druvesh
|t:|1779640496
|gametype|singles
|player|p1|Land Sea Air|blue|1276
|player|p2|druvesh|101|1308
|gen|9
|tier|[Gen 9] OU
|rated|
|rule|HP Percentage Mod: HP is shown in percentages
|rule|Endless Battle Clause: Forcing endless battles is banned
|rule|Species Clause: Limit one of each Pokémon
|rule|OHKO Clause: OHKO moves are banned
|rule|Evasion Items Clause: Evasion items are banned
|rule|Evasion Moves Clause: Evasion moves are banned
|rule|Evasion Abilities Clause: Evasion abilities are banned
|rule|Sleep Moves Clause: Sleep-inducing moves are banned
|clearpoke
|poke|p1|Glimmora, M|
|poke|p1|Tyranitar, M|
|poke|p1|Flygon, F|
|poke|p1|Comfey, F|
|poke|p1|Forretress, M|
|poke|p1|Rotom-Wash|
|poke|p2|Goodra-Hisui, F|
|poke|p2|Pelipper, F|
|poke|p2|Iron Treads|
|poke|p2|Barraskewda, F|
|poke|p2|Kingdra, F|
|poke|p2|Iron Valiant|
|teampreview
|inactive|Battle timer is ON: inactive players will automatically lose when time's up. (requested by Land Sea Air)
|
|t:|1779640508
|teamsize|p1|6
|teamsize|p2|6
|start
|switch|p1a: Spin Cycle|Rotom-Wash|100/100
|switch|p2a: Pelipper|Pelipper, F|100/100
|-weather|RainDance|[from] ability: Drizzle|[of] p2a: Pelipper
|turn|1
|
|t:|1779640516
|switch|p2a: Iron Treads|Iron Treads|100/100
|-enditem|p2a: Iron Treads|Booster Energy
|-activate|p2a: Iron Treads|ability: Quark Drive|[fromitem]
|-start|p2a: Iron Treads|quarkdrivespe
|move|p1a: Spin Cycle|Hydro Pump|p2a: Iron Treads|[miss]
|-miss|p1a: Spin Cycle|p2a: Iron Treads
|
|-weather|RainDance|[upkeep]
|upkeep
|turn|2
|
|t:|1779640527
|move|p2a: Iron Treads|Stealth Rock|p1a: Spin Cycle
|-sidestart|p1: Land Sea Air|move: Stealth Rock
|move|p1a: Spin Cycle|Hydro Pump|p2a: Iron Treads
|-supereffective|p2a: Iron Treads
|-damage|p2a: Iron Treads|0 fnt
|faint|p2a: Iron Treads
|-end|p2a: Iron Treads|Quark Drive|[silent]
|
|-weather|RainDance|[upkeep]
|upkeep
|c|☆Land Sea Air|Cap rocks
|
|t:|1779640545
|switch|p2a: Barraskewda|Barraskewda, F|100/100
|turn|3
|
|t:|1779640553
|switch|p1a: Cao Ren|Forretress, M, shiny|100/100
|-damage|p1a: Cao Ren|88/100|[from] Stealth Rock
|move|p2a: Barraskewda|Close Combat|p1a: Cao Ren
|-damage|p1a: Cao Ren|52/100
|-unboost|p2a: Barraskewda|def|1
|-unboost|p2a: Barraskewda|spd|1
|-damage|p2a: Barraskewda|84/100|[from] item: Rocky Helmet|[of] p1a: Cao Ren
|
|-weather|RainDance|[upkeep]
|upkeep
|turn|4
|
|t:|1779640574
|switch|p2a: Kingdra|Kingdra, F|100/100
|move|p1a: Cao Ren|Body Press|p2a: Kingdra
|-damage|p2a: Kingdra|60/100
|
|-weather|RainDance|[upkeep]
|upkeep
|turn|5
|
|t:|1779640583
|switch|p1a: Shukaku|Tyranitar, M, shiny|100/100
|-damage|p1a: Shukaku|88/100|[from] Stealth Rock
|-weather|Sandstorm|[from] ability: Sand Stream|[of] p1a: Shukaku
|move|p2a: Kingdra|Weather Ball|p1a: Shukaku
|-crit|p1a: Shukaku
|-damage|p1a: Shukaku|61/100
|
|-weather|Sandstorm|[upkeep]
|-damage|p2a: Kingdra|54/100|[from] Sandstorm
|upkeep
|turn|6
|
|t:|1779640596
|switch|p2a: Goodra|Goodra-Hisui, F|100/100
|move|p1a: Shukaku|Knock Off|p2a: Goodra
|-damage|p2a: Goodra|45/100
|-enditem|p2a: Goodra|Assault Vest|[from] move: Knock Off|[of] p1a: Shukaku
|
|-weather|Sandstorm|[upkeep]
|upkeep
|turn|7
|
|t:|1779640610
|switch|p1a: Spin Cycle|Rotom-Wash|100/100
|-damage|p1a: Spin Cycle|88/100|[from] Stealth Rock
|switch|p2a: Pelipper|Pelipper, F|100/100
|-weather|RainDance|[from] ability: Drizzle|[of] p2a: Pelipper
|
|-weather|RainDance|[upkeep]
|upkeep
|turn|8
|
|t:|1779640625
|switch|p2a: Goodra|Goodra-Hisui, F|45/100
|move|p1a: Spin Cycle|Volt Switch|p2a: Goodra
|-resisted|p2a: Goodra
|-damage|p2a: Goodra|37/100
|
|t:|1779640634
|switch|p1a: Shukaku|Tyranitar, M, shiny|61/100|[from] Volt Switch
|-damage|p1a: Shukaku|49/100|[from] Stealth Rock
|-weather|Sandstorm|[from] ability: Sand Stream|[of] p1a: Shukaku
|
|-weather|Sandstorm|[upkeep]
|upkeep
|turn|9
|
|t:|1779640647
|move|p1a: Shukaku|Rock Tomb|p2a: Goodra
|-resisted|p2a: Goodra
|-crit|p2a: Goodra
|-damage|p2a: Goodra|13/100
|-unboost|p2a: Goodra|spe|1
|move|p2a: Goodra|Earthquake|p1a: Shukaku
|-supereffective|p1a: Shukaku
|-damage|p1a: Shukaku|9/100
|
|-weather|Sandstorm|[upkeep]
|upkeep
|turn|10
|
|t:|1779640663
|switch|p2a: Iron Valiant|Iron Valiant|100/100
|-enditem|p2a: Iron Valiant|Booster Energy
|-activate|p2a: Iron Valiant|ability: Quark Drive|[fromitem]
|-start|p2a: Iron Valiant|quarkdrivespe
|move|p1a: Shukaku|Knock Off|p2a: Iron Valiant
|-resisted|p2a: Iron Valiant
|-damage|p2a: Iron Valiant|87/100
|
|-weather|Sandstorm|[upkeep]
|-damage|p2a: Iron Valiant|80/100|[from] Sandstorm
|upkeep
|turn|11
|
|t:|1779640676
|switch|p1a: Forbidden Crown|Comfey, F, shiny|100/100
|-damage|p1a: Forbidden Crown|88/100|[from] Stealth Rock
|move|p2a: Iron Valiant|Moonblast|p1a: Forbidden Crown
|-damage|p1a: Forbidden Crown|61/100
|
|-weather|Sandstorm|[upkeep]
|-damage|p2a: Iron Valiant|74/100|[from] Sandstorm
|-damage|p1a: Forbidden Crown|55/100|[from] Sandstorm
|upkeep
|turn|12
|
|t:|1779640689
|-end|p2a: Iron Valiant|Quark Drive|[silent]
|switch|p2a: Barraskewda|Barraskewda, F|84/100
|move|p1a: Forbidden Crown|Leech Seed|p2a: Barraskewda
|-start|p2a: Barraskewda|move: Leech Seed
|
|-weather|none
|-damage|p2a: Barraskewda|72/100|[from] Leech Seed|[of] p1a: Forbidden Crown
|-heal|p1a: Forbidden Crown|69/100|[silent]
|upkeep
|turn|13
|
|t:|1779640698
|move|p1a: Forbidden Crown|Protect|p1a: Forbidden Crown
|-singleturn|p1a: Forbidden Crown|Protect
|move|p2a: Barraskewda|Flip Turn|p1a: Forbidden Crown
|-activate|p1a: Forbidden Crown|move: Protect
|
|-damage|p2a: Barraskewda|60/100|[from] Leech Seed|[of] p1a: Forbidden Crown
|-heal|p1a: Forbidden Crown|83/100|[silent]
|upkeep
|turn|14
|
|t:|1779640708
|switch|p1a: Cao Ren|Forretress, M, shiny|52/100
|-damage|p1a: Cao Ren|39/100|[from] Stealth Rock
|move|p2a: Barraskewda|Flip Turn|p1a: Cao Ren
|-damage|p1a: Cao Ren|12/100
|-damage|p2a: Barraskewda|43/100|[from] item: Rocky Helmet|[of] p1a: Cao Ren
|
|t:|1779640716
|switch|p2a: Pelipper|Pelipper, F|100/100|[from] Flip Turn
|-weather|RainDance|[from] ability: Drizzle|[of] p2a: Pelipper
|
|-weather|RainDance|[upkeep]
|upkeep
|turn|15
|
|t:|1779640724
|move|p2a: Pelipper|Surf|p1a: Cao Ren
|-damage|p1a: Cao Ren|0 fnt
|faint|p1a: Cao Ren
|
|-weather|RainDance|[upkeep]
|upkeep
|
|t:|1779640734
|switch|p1a: Spin Cycle|Rotom-Wash|88/100
|-damage|p1a: Spin Cycle|76/100|[from] Stealth Rock
|turn|16
|
|t:|1779640741
|switch|p2a: Goodra|Goodra-Hisui, F|13/100
|move|p1a: Spin Cycle|Volt Switch|p2a: Goodra
|-resisted|p2a: Goodra
|-damage|p2a: Goodra|4/100
|
|t:|1779640748
|switch|p1a: Avatar Kyoshi|Flygon, F, shiny|100/100|[from] Volt Switch
|-damage|p1a: Avatar Kyoshi|95/100|[from] Stealth Rock
|
|-weather|RainDance|[upkeep]
|upkeep
|turn|17
|
|t:|1779640755
|move|p1a: Avatar Kyoshi|U-turn|p2a: Goodra
|-resisted|p2a: Goodra
|-damage|p2a: Goodra|0 fnt
|faint|p2a: Goodra
|
|t:|1779640760
|switch|p1a: Spin Cycle|Rotom-Wash|76/100|[from] U-turn
|-damage|p1a: Spin Cycle|63/100|[from] Stealth Rock
|
|-weather|RainDance|[upkeep]
|upkeep
|
|t:|1779640784
|switch|p2a: Kingdra|Kingdra, F|54/100
|turn|18
|
|t:|1779640798
|switch|p1a: Forbidden Crown|Comfey, F, shiny|83/100
|-damage|p1a: Forbidden Crown|70/100|[from] Stealth Rock
|move|p2a: Kingdra|Draco Meteor|p1a: Forbidden Crown
|-immune|p1a: Forbidden Crown
|
|-weather|RainDance|[upkeep]
|upkeep
|turn|19
|
|t:|1779640818
|switch|p2a: Pelipper|Pelipper, F|100/100
|move|p1a: Forbidden Crown|Protect||[still]
|-fail|p1a: Forbidden Crown
|
|-weather|RainDance|[upkeep]
|upkeep
|turn|20
|
|t:|1779640826
|move|p1a: Forbidden Crown|Leech Seed|p2a: Pelipper
|-start|p2a: Pelipper|move: Leech Seed
|move|p2a: Pelipper|Hurricane|p1a: Forbidden Crown
|-damage|p1a: Forbidden Crown|44/100
|
|-weather|RainDance|[upkeep]
|-damage|p2a: Pelipper|88/100|[from] Leech Seed|[of] p1a: Forbidden Crown
|-heal|p1a: Forbidden Crown|61/100|[silent]
|upkeep
|turn|21
|
|t:|1779640837
|switch|p2a: Iron Valiant|Iron Valiant|74/100
|move|p1a: Forbidden Crown|Protect||[still]
|-fail|p1a: Forbidden Crown
|
|-weather|none
|upkeep
|turn|22
|
|t:|1779640848
|move|p2a: Iron Valiant|Encore|p1a: Forbidden Crown
|-start|p1a: Forbidden Crown|Encore
|move|p1a: Forbidden Crown|Protect||[still]
|-fail|p1a: Forbidden Crown
|
|upkeep
|turn|23
|
|t:|1779640857
|switch|p1a: Spin Cycle|Rotom-Wash|63/100
|-damage|p1a: Spin Cycle|51/100|[from] Stealth Rock
|move|p2a: Iron Valiant|Moonblast|p1a: Spin Cycle
|-damage|p1a: Spin Cycle|0 fnt
|faint|p1a: Spin Cycle
|
|upkeep
|
|t:|1779640876
|switch|p1a: Forbidden Crown|Comfey, F, shiny|61/100
|-damage|p1a: Forbidden Crown|49/100|[from] Stealth Rock
|turn|24
|
|t:|1779640888
|move|p1a: Forbidden Crown|Synthesis|p1a: Forbidden Crown
|-heal|p1a: Forbidden Crown|99/100
|move|p2a: Iron Valiant|Moonblast|p1a: Forbidden Crown
|-damage|p1a: Forbidden Crown|67/100
|
|upkeep
|turn|25
|
|t:|1779640895
|-end|p2a: Iron Valiant|Quark Drive|[silent]
|switch|p2a: Pelipper|Pelipper, F|88/100
|-weather|RainDance|[from] ability: Drizzle|[of] p2a: Pelipper
|move|p1a: Forbidden Crown|Leech Seed|p2a: Pelipper
|-start|p2a: Pelipper|move: Leech Seed
|
|-weather|RainDance|[upkeep]
|-damage|p2a: Pelipper|76/100|[from] Leech Seed|[of] p1a: Forbidden Crown
|-heal|p1a: Forbidden Crown|84/100|[silent]
|upkeep
|turn|26
|
|t:|1779640906
|move|p1a: Forbidden Crown|U-turn|p2a: Pelipper
|-resisted|p2a: Pelipper
|-damage|p2a: Pelipper|72/100
|
|t:|1779640909
|switch|p1a: Shukaku|Tyranitar, M, shiny|9/100|[from] U-turn
|-damage|p1a: Shukaku|0 fnt|[from] Stealth Rock
|faint|p1a: Shukaku
|move|p2a: Pelipper|U-turn|p1: Shukaku|[notarget]
|-fail|p2a: Pelipper
|
|-weather|RainDance|[upkeep]
|upkeep
|
|t:|1779640919
|switch|p1a: Avatar Kyoshi|Flygon, F, shiny|95/100
|-damage|p1a: Avatar Kyoshi|89/100|[from] Stealth Rock
|turn|27
|
|t:|1779640928
|switch|p2a: Barraskewda|Barraskewda, F|43/100
|move|p1a: Avatar Kyoshi|Thunder Punch|p2a: Barraskewda
|-supereffective|p2a: Barraskewda
|-damage|p2a: Barraskewda|0 fnt
|faint|p2a: Barraskewda
|
|-weather|RainDance|[upkeep]
|upkeep
|
|t:|1779640943
|switch|p2a: Iron Valiant|Iron Valiant|74/100
|turn|28
|
|t:|1779640948
|switch|p1a: Forbidden Crown|Comfey, F, shiny|84/100
|-damage|p1a: Forbidden Crown|72/100|[from] Stealth Rock
|move|p2a: Iron Valiant|Moonblast|p1a: Forbidden Crown
|-damage|p1a: Forbidden Crown|45/100
|
|-weather|RainDance|[upkeep]
|upkeep
|turn|29
|
|t:|1779640957
|-end|p2a: Iron Valiant|Quark Drive|[silent]
|switch|p2a: Pelipper|Pelipper, F|72/100
|move|p1a: Forbidden Crown|Synthesis|p1a: Forbidden Crown
|-heal|p1a: Forbidden Crown|70/100
|
|-weather|RainDance|[upkeep]
|upkeep
|turn|30
|
|t:|1779640969
|move|p1a: Forbidden Crown|Protect|p1a: Forbidden Crown
|-singleturn|p1a: Forbidden Crown|Protect
|move|p2a: Pelipper|Hurricane|p1a: Forbidden Crown
|-activate|p1a: Forbidden Crown|move: Protect
|
|-weather|RainDance|[upkeep]
|upkeep
|turn|31
|
|t:|1779640978
|move|p1a: Forbidden Crown|Leech Seed|p2a: Pelipper
|-start|p2a: Pelipper|move: Leech Seed
|move|p2a: Pelipper|U-turn|p1a: Forbidden Crown
|-resisted|p1a: Forbidden Crown
|-damage|p1a: Forbidden Crown|64/100
|
|t:|1779640983
|switch|p2a: Iron Valiant|Iron Valiant|74/100|[from] U-turn
|
|-weather|RainDance|[upkeep]
|upkeep
|turn|32
|
|t:|1779640992
|move|p2a: Iron Valiant|Encore|p1a: Forbidden Crown
|-start|p1a: Forbidden Crown|Encore
|move|p1a: Forbidden Crown|Leech Seed|p2a: Iron Valiant
|-start|p2a: Iron Valiant|move: Leech Seed
|
|-weather|none
|-damage|p2a: Iron Valiant|62/100|[from] Leech Seed|[of] p1a: Forbidden Crown
|-heal|p1a: Forbidden Crown|79/100|[silent]
|upkeep
|turn|33
|
|t:|1779641004
|switch|p1a: Avallo Pizarro|Glimmora, M|100/100
|-damage|p1a: Avallo Pizarro|88/100|[from] Stealth Rock
|move|p2a: Iron Valiant|Moonblast|p1a: Avallo Pizarro
|-resisted|p1a: Avallo Pizarro
|-damage|p1a: Avallo Pizarro|65/100
|
|-damage|p2a: Iron Valiant|49/100|[from] Leech Seed|[of] p1a: Avallo Pizarro
|-heal|p1a: Avallo Pizarro|76/100|[silent]
|upkeep
|turn|34
|
|t:|1779641017
|-end|p2a: Iron Valiant|Quark Drive|[silent]
|switch|p2a: Pelipper|Pelipper, F|72/100
|-weather|RainDance|[from] ability: Drizzle|[of] p2a: Pelipper
|move|p1a: Avallo Pizarro|Power Gem|p2a: Pelipper
|-supereffective|p2a: Pelipper
|-damage|p2a: Pelipper|0 fnt
|faint|p2a: Pelipper
|
|-weather|RainDance|[upkeep]
|upkeep
|
|t:|1779641022
|switch|p2a: Kingdra|Kingdra, F|54/100
|turn|35
|
|t:|1779641044
|-terastallize|p2a: Kingdra|Water
|-terastallize|p1a: Avallo Pizarro|Grass
|move|p2a: Kingdra|Weather Ball|p1a: Avallo Pizarro
|-resisted|p1a: Avallo Pizarro
|-damage|p1a: Avallo Pizarro|0 fnt
|faint|p1a: Avallo Pizarro
|
|-weather|RainDance|[upkeep]
|upkeep
|
|t:|1779641055
|switch|p1a: Forbidden Crown|Comfey, F, shiny|79/100
|-damage|p1a: Forbidden Crown|67/100|[from] Stealth Rock
|turn|36
|
|t:|1779641061
|move|p1a: Forbidden Crown|Protect|p1a: Forbidden Crown
|-singleturn|p1a: Forbidden Crown|Protect
|move|p2a: Kingdra|Weather Ball|p1a: Forbidden Crown
|-activate|p1a: Forbidden Crown|move: Protect
|
|-weather|RainDance|[upkeep]
|upkeep
|turn|37
|
|t:|1779641074
|move|p1a: Forbidden Crown|Synthesis|p1a: Forbidden Crown
|-heal|p1a: Forbidden Crown|92/100
|move|p2a: Kingdra|Weather Ball|p1a: Forbidden Crown
|-damage|p1a: Forbidden Crown|0 fnt
|faint|p1a: Forbidden Crown
|
|-weather|RainDance|[upkeep]
|upkeep
|
|t:|1779641083
|switch|p1a: Avatar Kyoshi|Flygon, F, shiny|89/100
|-damage|p1a: Avatar Kyoshi|83/100|[from] Stealth Rock
|turn|38
|
|t:|1779641091
|move|p2a: Kingdra|Weather Ball|p1a: Avatar Kyoshi
|-damage|p1a: Avatar Kyoshi|0 fnt
|faint|p1a: Avatar Kyoshi
|
|win|druvesh
|raw|Land Sea Air's rating: 1276 &rarr; <strong>1253</strong><br />(-23 for losing)
|raw|druvesh's rating: 1308 &rarr; <strong>1326</strong><br />(+18 for winning)
|l|☆Land Sea Air
|player|p1|
|l|☆druvesh
|player|p2|
