|j|☆Sil3nt_Phant0m
|j|☆npctypebeat
|t:|1779657079
|gametype|singles
|player|p1|Sil3nt_Phant0m|lance|1115
|player|p2|npctypebeat|101|1182
|gen|9
|tier|[Gen 9] OU
|rated|
|rule|HP Percentage Mod: HP is shown in percentages
|rule|Endless Battle Clause: Forcing endless battles is banned
|rule|Species Clause: Limit one of each Pokémon
|rule|OHKO Clause: OHKO moves are banned
|rule|Evasion Items Clause: Evasion items are banned
|rule|Evasion Moves Clause: Evasion moves are banned
|rule|Evasion Abilities Clause: Evasion abilities are banned
|rule|Sleep Moves Clause: Sleep-inducing moves are banned
|clearpoke
|poke|p1|Dragapult, F|
|poke|p1|Gliscor, M|
|poke|p1|Kingambit, M|
|poke|p1|Glimmora, M|
|poke|p1|Ceruledge, F|
|poke|p1|Garganacl, F|
|poke|p2|Gliscor, F|
|poke|p2|Ogerpon, F|
|poke|p2|Walking Wake|
|poke|p2|Blissey, F|
|poke|p2|Corviknight, M|
|poke|p2|Pecharunt|
|teampreview
|c|☆npctypebeat|hf
|
|t:|1779657091
|teamsize|p1|6
|teamsize|p2|6
|start
|switch|p1a: Glimmora|Glimmora, M|100/100
|switch|p2a: Gliscor|Gliscor, F|100/100
|turn|1
|inactive|Battle timer is ON: inactive players will automatically lose when time's up. (requested by npctypebeat)
|
|t:|1779657106
|switch|p1a: Gliscor|Gliscor, M|100/100
|switch|p2a: Walking Wake|Walking Wake|100/100
|
|-status|p1a: Gliscor|tox|[from] item: Toxic Orb
|upkeep
|turn|2
|
|t:|1779657118
|-terastallize|p1a: Gliscor|Dark
|move|p2a: Walking Wake|Surf|p1a: Gliscor
|-damage|p1a: Gliscor|39/100 tox
|move|p1a: Gliscor|Knock Off|p2a: Walking Wake
|-damage|p2a: Walking Wake|56/100
|-enditem|p2a: Walking Wake|Heavy-Duty Boots|[from] move: Knock Off|[of] p1a: Gliscor
|
|-heal|p1a: Gliscor|51/100 tox|[from] ability: Poison Heal
|upkeep
|turn|3
|
|t:|1779657136
|move|p1a: Gliscor|Protect|p1a: Gliscor
|-singleturn|p1a: Gliscor|Protect
|move|p2a: Walking Wake|Surf|p1a: Gliscor
|-activate|p1a: Gliscor|move: Protect
|
|-heal|p1a: Gliscor|63/100 tox|[from] ability: Poison Heal
|upkeep
|turn|4
|
|t:|1779657154
|move|p2a: Walking Wake|Surf|p1a: Gliscor
|-damage|p1a: Gliscor|0 fnt
|faint|p1a: Gliscor
|
|upkeep
|
|t:|1779657158
|switch|p1a: Dragapult|Dragapult, F|100/100
|turn|5
|
|t:|1779657168
|move|p1a: Dragapult|Thunderbolt|p2a: Walking Wake
|-damage|p2a: Walking Wake|33/100
|move|p2a: Walking Wake|Surf|p1a: Dragapult
|-resisted|p1a: Dragapult
|-damage|p1a: Dragapult|72/100
|
|upkeep
|turn|6
|
|t:|1779657188
|move|p1a: Dragapult|Dragon Darts|p2a: Walking Wake
|-supereffective|p2a: Walking Wake
|-damage|p2a: Walking Wake|0 fnt
|faint|p2a: Walking Wake
|-end|p2a: Walking Wake|Protosynthesis|[silent]
|
|upkeep
|
|t:|1779657203
|switch|p2a: Gliscor|Gliscor, F|100/100
|turn|7
|
|t:|1779657207
|move|p1a: Dragapult|Shadow Ball|p2a: Gliscor
|-damage|p2a: Gliscor|77/100
|move|p2a: Gliscor|Earthquake|p1a: Dragapult
|-damage|p1a: Dragapult|19/100
|
|-status|p2a: Gliscor|tox|[from] item: Toxic Orb
|upkeep
|turn|8
|
|t:|1779657215
|move|p1a: Dragapult|Shadow Ball|p2a: Gliscor
|-damage|p2a: Gliscor|53/100 tox
|move|p2a: Gliscor|Earthquake|p1a: Dragapult
|-damage|p1a: Dragapult|0 fnt
|faint|p1a: Dragapult
|
|-heal|p2a: Gliscor|65/100 tox|[from] ability: Poison Heal
|upkeep
|
|t:|1779657228
|switch|p1a: Ceruledge|Ceruledge, F|100/100
|turn|9
|
|t:|1779657236
|move|p1a: Ceruledge|Bitter Blade|p2a: Gliscor
|-damage|p2a: Gliscor|28/100 tox
|move|p2a: Gliscor|Earthquake|p1a: Ceruledge
|-supereffective|p1a: Ceruledge
|-damage|p1a: Ceruledge|11/100
|-ability|p1a: Ceruledge|Weak Armor|boost
|-unboost|p1a: Ceruledge|def|1
|-boost|p1a: Ceruledge|spe|2
|-enditem|p1a: Ceruledge|Kee Berry|[eat]
|-boost|p1a: Ceruledge|def|1|[from] item: Kee Berry
|
|-heal|p2a: Gliscor|40/100 tox|[from] ability: Poison Heal
|upkeep
|turn|10
|
|t:|1779657249
|switch|p2a: Ogerpon|Ogerpon, F|100/100
|move|p1a: Ceruledge|Bitter Blade|p2a: Ogerpon
|-supereffective|p2a: Ogerpon
|-damage|p2a: Ogerpon|0 fnt
|-heal|p1a: Ceruledge|63/100|[from] drain|[of] p2a: Ogerpon
|faint|p2a: Ogerpon
|
|upkeep
|
|t:|1779657255
|switch|p2a: Pecharunt|Pecharunt|100/100
|turn|11
|
|t:|1779657265
|move|p1a: Ceruledge|Shadow Sneak|p2a: Pecharunt
|-supereffective|p2a: Pecharunt
|-damage|p2a: Pecharunt|81/100
|move|p2a: Pecharunt|Foul Play|p1a: Ceruledge
|-supereffective|p1a: Ceruledge
|-damage|p1a: Ceruledge|0 fnt
|faint|p1a: Ceruledge
|
|upkeep
|
|t:|1779657276
|switch|p1a: Garganacl|Garganacl, F|100/100
|turn|12
|
|t:|1779657283
|switch|p2a: Gliscor|Gliscor, F|40/100 tox
|move|p1a: Garganacl|Salt Cure|p2a: Gliscor
|-damage|p2a: Gliscor|29/100 tox
|-start|p2a: Gliscor|Salt Cure
|
|-heal|p2a: Gliscor|41/100 tox|[from] ability: Poison Heal
|-damage|p2a: Gliscor|29/100 tox|[from] Salt Cure
|upkeep
|turn|13
|
|t:|1779657300
|move|p2a: Gliscor|Earthquake|p1a: Garganacl
|-supereffective|p1a: Garganacl
|-damage|p1a: Garganacl|65/100
|move|p1a: Garganacl|Stone Edge|p2a: Gliscor|[miss]
|-miss|p1a: Garganacl|p2a: Gliscor
|
|-heal|p1a: Garganacl|71/100|[from] item: Leftovers
|-heal|p2a: Gliscor|41/100 tox|[from] ability: Poison Heal
|-damage|p2a: Gliscor|29/100 tox|[from] Salt Cure
|upkeep
|turn|14
|
|t:|1779657311
|switch|p2a: Pecharunt|Pecharunt|81/100
|move|p1a: Garganacl|Stone Edge|p2a: Pecharunt|[miss]
|-miss|p1a: Garganacl|p2a: Pecharunt
|
|-heal|p1a: Garganacl|77/100|[from] item: Leftovers
|upkeep
|turn|15
|
|t:|1779657321
|move|p2a: Pecharunt|Parting Shot|p1a: Garganacl
|-unboost|p1a: Garganacl|atk|1
|-unboost|p1a: Garganacl|spa|1
|
|t:|1779657326
|switch|p2a: Gliscor|Gliscor, F|29/100 tox|[from] Parting Shot
|move|p1a: Garganacl|Salt Cure|p2a: Gliscor
|-damage|p2a: Gliscor|22/100 tox
|-start|p2a: Gliscor|Salt Cure
|
|-heal|p1a: Garganacl|83/100|[from] item: Leftovers
|-heal|p2a: Gliscor|34/100 tox|[from] ability: Poison Heal
|-damage|p2a: Gliscor|22/100 tox|[from] Salt Cure
|upkeep
|turn|16
|
|t:|1779657339
|move|p2a: Gliscor|Earthquake|p1a: Garganacl
|-supereffective|p1a: Garganacl
|-damage|p1a: Garganacl|52/100
|move|p1a: Garganacl|Stone Edge|p2a: Gliscor
|-damage|p2a: Gliscor|4/100 tox
|
|-heal|p1a: Garganacl|58/100|[from] item: Leftovers
|-heal|p2a: Gliscor|16/100 tox|[from] ability: Poison Heal
|-damage|p2a: Gliscor|4/100 tox|[from] Salt Cure
|upkeep
|turn|17
|
|t:|1779657349
|switch|p2a: Pecharunt|Pecharunt|81/100
|move|p1a: Garganacl|Salt Cure|p2a: Pecharunt
|-damage|p2a: Pecharunt|77/100
|-start|p2a: Pecharunt|Salt Cure
|
|-heal|p1a: Garganacl|65/100|[from] item: Leftovers
|-damage|p2a: Pecharunt|64/100|[from] Salt Cure
|upkeep
|turn|18
|
|t:|1779657359
|move|p2a: Pecharunt|Recover|p2a: Pecharunt
|-heal|p2a: Pecharunt|100/100
|move|p1a: Garganacl|Recover|p1a: Garganacl
|-heal|p1a: Garganacl|100/100
|
|-damage|p2a: Pecharunt|88/100|[from] Salt Cure
|upkeep
|turn|19
|
|t:|1779657372
|move|p2a: Pecharunt|Malignant Chain|p1a: Garganacl
|-resisted|p1a: Garganacl
|-damage|p1a: Garganacl|87/100
|move|p1a: Garganacl|Substitute|p1a: Garganacl
|-start|p1a: Garganacl|Substitute
|-damage|p1a: Garganacl|62/100
|
|-heal|p1a: Garganacl|68/100|[from] item: Leftovers
|-damage|p2a: Pecharunt|76/100|[from] Salt Cure
|upkeep
|turn|20
|
|t:|1779657386
|move|p2a: Pecharunt|Malignant Chain|p1a: Garganacl
|-resisted|p1a: Garganacl
|-activate|p1a: Garganacl|move: Substitute|[damage]
|move|p1a: Garganacl|Recover|p1a: Garganacl
|-heal|p1a: Garganacl|100/100
|
|-damage|p2a: Pecharunt|63/100|[from] Salt Cure
|upkeep
|turn|21
|
|t:|1779657398
|switch|p2a: Blissey|Blissey, F|100/100
|move|p1a: Garganacl|Stone Edge|p2a: Blissey
|-damage|p2a: Blissey|75/100
|
|upkeep
|turn|22
|
|t:|1779657405
|move|p2a: Blissey|Seismic Toss|p1a: Garganacl
|-end|p1a: Garganacl|Substitute
|move|p1a: Garganacl|Salt Cure|p2a: Blissey
|-damage|p2a: Blissey|65/100
|-start|p2a: Blissey|Salt Cure
|
|-damage|p2a: Blissey|52/100|[from] Salt Cure
|upkeep
|turn|23
|
|t:|1779657414
|move|p2a: Blissey|Soft-Boiled|p2a: Blissey
|-heal|p2a: Blissey|100/100
|move|p1a: Garganacl|Substitute|p1a: Garganacl
|-start|p1a: Garganacl|Substitute
|-damage|p1a: Garganacl|75/100
|
|-heal|p1a: Garganacl|82/100|[from] item: Leftovers
|-damage|p2a: Blissey|88/100|[from] Salt Cure
|upkeep
|turn|24
|
|t:|1779657423
|switch|p2a: Pecharunt|Pecharunt|63/100
|move|p1a: Garganacl|Stone Edge|p2a: Pecharunt|[miss]
|-miss|p1a: Garganacl|p2a: Pecharunt
|
|-heal|p1a: Garganacl|88/100|[from] item: Leftovers
|upkeep
|turn|25
|
|t:|1779657431
|move|p2a: Pecharunt|Malignant Chain|p1a: Garganacl
|-resisted|p1a: Garganacl
|-activate|p1a: Garganacl|move: Substitute|[damage]
|move|p1a: Garganacl|Salt Cure|p2a: Pecharunt
|-damage|p2a: Pecharunt|59/100
|-start|p2a: Pecharunt|Salt Cure
|
|-heal|p1a: Garganacl|94/100|[from] item: Leftovers
|-damage|p2a: Pecharunt|47/100|[from] Salt Cure
|upkeep
|turn|26
|
|t:|1779657443
|move|p2a: Pecharunt|Parting Shot|p1a: Garganacl
|-unboost|p1a: Garganacl|atk|1
|-unboost|p1a: Garganacl|spa|1
|
|t:|1779657454
|switch|p2a: Blissey|Blissey, F|88/100|[from] Parting Shot
|move|p1a: Garganacl|Stone Edge|p2a: Blissey
|-damage|p2a: Blissey|71/100
|
|-heal|p1a: Garganacl|99/100|[from] item: Leftovers
|upkeep
|turn|27
|
|t:|1779657465
|move|p2a: Blissey|Seismic Toss|p1a: Garganacl
|-end|p1a: Garganacl|Substitute
|move|p1a: Garganacl|Salt Cure|p2a: Blissey
|-damage|p2a: Blissey|64/100
|-start|p2a: Blissey|Salt Cure
|
|-heal|p1a: Garganacl|100/100|[from] item: Leftovers
|-damage|p2a: Blissey|51/100|[from] Salt Cure
|upkeep
|turn|28
|
|t:|1779657474
|move|p2a: Blissey|Soft-Boiled|p2a: Blissey
|-heal|p2a: Blissey|100/100
|move|p1a: Garganacl|Substitute|p1a: Garganacl
|-start|p1a: Garganacl|Substitute
|-damage|p1a: Garganacl|75/100
|
|-heal|p1a: Garganacl|82/100|[from] item: Leftovers
|-damage|p2a: Blissey|88/100|[from] Salt Cure
|upkeep
|turn|29
|
|t:|1779657485
|switch|p2a: Pecharunt|Pecharunt|47/100
|move|p1a: Garganacl|Stone Edge|p2a: Pecharunt
|-crit|p2a: Pecharunt
|-damage|p2a: Pecharunt|23/100
|
|-heal|p1a: Garganacl|88/100|[from] item: Leftovers
|upkeep
|turn|30
|
|t:|1779657497
|move|p2a: Pecharunt|Parting Shot|p1a: Garganacl
|-unboost|p1a: Garganacl|atk|1
|-unboost|p1a: Garganacl|spa|1
|
|t:|1779657504
|switch|p2a: Blissey|Blissey, F|88/100|[from] Parting Shot
|move|p1a: Garganacl|Salt Cure|p2a: Blissey
|-damage|p2a: Blissey|82/100
|-start|p2a: Blissey|Salt Cure
|
|-heal|p1a: Garganacl|94/100|[from] item: Leftovers
|-damage|p2a: Blissey|70/100|[from] Salt Cure
|upkeep
|turn|31
|
|t:|1779657519
|move|p2a: Blissey|Seismic Toss|p1a: Garganacl
|-activate|p1a: Garganacl|move: Substitute|[damage]
|move|p1a: Garganacl|Stone Edge|p2a: Blissey
|-damage|p2a: Blissey|56/100
|
|-heal|p1a: Garganacl|99/100|[from] item: Leftovers
|-damage|p2a: Blissey|43/100|[from] Salt Cure
|upkeep
|turn|32
|
|t:|1779657533
|move|p2a: Blissey|Seismic Toss|p1a: Garganacl
|-end|p1a: Garganacl|Substitute
|move|p1a: Garganacl|Salt Cure|p2a: Blissey
|-damage|p2a: Blissey|37/100
|
|-heal|p1a: Garganacl|100/100|[from] item: Leftovers
|-damage|p2a: Blissey|25/100|[from] Salt Cure
|upkeep
|turn|33
|
|t:|1779657548
|move|p2a: Blissey|Soft-Boiled|p2a: Blissey
|-heal|p2a: Blissey|75/100
|move|p1a: Garganacl|Substitute|p1a: Garganacl
|-start|p1a: Garganacl|Substitute
|-damage|p1a: Garganacl|75/100
|
|-heal|p1a: Garganacl|82/100|[from] item: Leftovers
|-damage|p2a: Blissey|62/100|[from] Salt Cure
|upkeep
|turn|34
|
|t:|1779657559
|move|p2a: Blissey|Seismic Toss|p1a: Garganacl
|-activate|p1a: Garganacl|move: Substitute|[damage]
|move|p1a: Garganacl|Salt Cure|p2a: Blissey
|-damage|p2a: Blissey|57/100
|
|-heal|p1a: Garganacl|88/100|[from] item: Leftovers
|-damage|p2a: Blissey|44/100|[from] Salt Cure
|upkeep
|turn|35
|
|t:|1779657579
|switch|p2a: Pecharunt|Pecharunt|23/100
|move|p1a: Garganacl|Salt Cure|p2a: Pecharunt
|-damage|p2a: Pecharunt|20/100
|-start|p2a: Pecharunt|Salt Cure
|
|-heal|p1a: Garganacl|94/100|[from] item: Leftovers
|-damage|p2a: Pecharunt|7/100|[from] Salt Cure
|upkeep
|turn|36
|
|t:|1779657594
|switch|p2a: Blissey|Blissey, F|44/100
|move|p1a: Garganacl|Salt Cure|p2a: Blissey
|-damage|p2a: Blissey|39/100
|-start|p2a: Blissey|Salt Cure
|
|-heal|p1a: Garganacl|99/100|[from] item: Leftovers
|-damage|p2a: Blissey|26/100|[from] Salt Cure
|upkeep
|turn|37
|
|t:|1779657619
|move|p2a: Blissey|Seismic Toss|p1a: Garganacl
|-end|p1a: Garganacl|Substitute
|move|p1a: Garganacl|Salt Cure|p2a: Blissey
|-damage|p2a: Blissey|21/100
|
|-heal|p1a: Garganacl|100/100|[from] item: Leftovers
|-damage|p2a: Blissey|8/100|[from] Salt Cure
|upkeep
|turn|38
|inactive|npctypebeat has 120 seconds left.
|
|t:|1779657636
|move|p2a: Blissey|Soft-Boiled|p2a: Blissey
|-heal|p2a: Blissey|58/100
|move|p1a: Garganacl|Substitute|p1a: Garganacl
|-start|p1a: Garganacl|Substitute
|-damage|p1a: Garganacl|75/100
|
|-heal|p1a: Garganacl|82/100|[from] item: Leftovers
|-damage|p2a: Blissey|46/100|[from] Salt Cure
|upkeep
|turn|39
|inactive|npctypebeat has 120 seconds left.
|
|t:|1779657656
|switch|p1a: Glimmora|Glimmora, M|100/100
|move|p2a: Blissey|Seismic Toss|p1a: Glimmora
|-damage|p1a: Glimmora|73/100
|-activate|p1a: Glimmora|ability: Toxic Debris
|-sidestart|p2: npctypebeat|move: Toxic Spikes
|
|-heal|p1a: Glimmora|80/100|[from] item: Leftovers
|-damage|p2a: Blissey|33/100|[from] Salt Cure
|upkeep
|turn|40
|inactive|npctypebeat has 120 seconds left.
|
|t:|1779657679
|move|p1a: Glimmora|Mortal Spin|p2a: Blissey
|-damage|p2a: Blissey|27/100
|-status|p2a: Blissey|psn
|move|p2a: Blissey|Soft-Boiled|p2a: Blissey
|-heal|p2a: Blissey|77/100 psn
|
|-heal|p1a: Glimmora|86/100|[from] item: Leftovers
|-damage|p2a: Blissey|65/100 psn|[from] psn
|-damage|p2a: Blissey|52/100 psn|[from] Salt Cure
|upkeep
|turn|41
|
|t:|1779657703
|-curestatus|p2a: Blissey|psn|[from] ability: Natural Cure|[silent]
|switch|p2a: Pecharunt|Pecharunt|7/100
|-sideend|p2: npctypebeat|move: Toxic Spikes|[of] p2a: Pecharunt
|move|p1a: Glimmora|Stealth Rock|p2a: Pecharunt
|-sidestart|p2: npctypebeat|move: Stealth Rock
|
|-heal|p1a: Glimmora|92/100|[from] item: Leftovers
|upkeep
|turn|42
|inactive|npctypebeat has 90 seconds left.
|
|t:|1779657724
|switch|p2a: Corviknight|Corviknight, M|100/100
|-ability|p2a: Corviknight|Pressure
|move|p1a: Glimmora|Spikes|p2a: Corviknight
|-sidestart|p2: npctypebeat|Spikes
|
|-heal|p1a: Glimmora|98/100|[from] item: Leftovers
|upkeep
|turn|43
|inactive|npctypebeat has 90 seconds left.
|inactive|Sil3nt_Phant0m has 120 seconds left.
|
|t:|1779657759
|switch|p2a: Pecharunt|Pecharunt|7/100
|move|p1a: Glimmora|Spikes|p2a: Pecharunt
|-sidestart|p2: npctypebeat|Spikes
|
|-heal|p1a: Glimmora|100/100|[from] item: Leftovers
|upkeep
|turn|44
|inactive|Sil3nt_Phant0m has 120 seconds left.
|inactive|npctypebeat has 60 seconds left.
|
|t:|1779657788
|switch|p2a: Corviknight|Corviknight, M|100/100
|-ability|p2a: Corviknight|Pressure
|move|p1a: Glimmora|Mortal Spin|p2a: Corviknight
|-immune|p2a: Corviknight
|
|upkeep
|turn|45
|inactive|Sil3nt_Phant0m has 120 seconds left.
|
|t:|1779657812
|switch|p2a: Pecharunt|Pecharunt|7/100
|move|p1a: Glimmora|Spikes|p2a: Pecharunt
|-sidestart|p2: npctypebeat|Spikes
|
|upkeep
|turn|46
|inactive|Sil3nt_Phant0m has 120 seconds left.
|
|t:|1779657844
|switch|p2a: Blissey|Blissey, F|52/100
|move|p1a: Glimmora|Spikes||[still]
|-fail|p1a: Glimmora
|
|upkeep
|turn|47
|
|t:|1779657850
|move|p1a: Glimmora|Mortal Spin|p2a: Blissey
|-damage|p2a: Blissey|46/100
|-status|p2a: Blissey|psn
|move|p2a: Blissey|Soft-Boiled|p2a: Blissey
|-heal|p2a: Blissey|96/100 psn
|
|-damage|p2a: Blissey|83/100 psn|[from] psn
|upkeep
|turn|48
|
|t:|1779657863
|switch|p1a: Garganacl|Garganacl, F|82/100
|-curestatus|p2a: Blissey|psn|[from] ability: Natural Cure|[silent]
|switch|p2a: Pecharunt|Pecharunt|7/100
|
|-heal|p1a: Garganacl|88/100|[from] item: Leftovers
|upkeep
|turn|49
|
|t:|1779657870
|move|p2a: Pecharunt|Recover|p2a: Pecharunt
|-heal|p2a: Pecharunt|57/100
|move|p1a: Garganacl|Salt Cure|p2a: Pecharunt
|-damage|p2a: Pecharunt|50/100
|-start|p2a: Pecharunt|Salt Cure
|
|-heal|p1a: Garganacl|94/100|[from] item: Leftovers
|-damage|p2a: Pecharunt|38/100|[from] Salt Cure
|upkeep
|turn|50
|inactive|npctypebeat has 60 seconds left.
|
|t:|1779657880
|move|p2a: Pecharunt|Parting Shot|p1a: Garganacl
|-unboost|p1a: Garganacl|atk|1
|-unboost|p1a: Garganacl|spa|1
|inactive|npctypebeat has 60 seconds left.
|
|t:|1779657904
|switch|p2a: Blissey|Blissey, F|83/100|[from] Parting Shot
|move|p1a: Garganacl|Salt Cure|p2a: Blissey
|-damage|p2a: Blissey|73/100
|-start|p2a: Blissey|Salt Cure
|
|-heal|p1a: Garganacl|99/100|[from] item: Leftovers
|-damage|p2a: Blissey|60/100|[from] Salt Cure
|upkeep
|turn|51
|inactive|Sil3nt_Phant0m has 120 seconds left.
|
|t:|1779657918
|move|p2a: Blissey|Soft-Boiled|p2a: Blissey
|-heal|p2a: Blissey|100/100
|move|p1a: Garganacl|Substitute|p1a: Garganacl
|-start|p1a: Garganacl|Substitute
|-damage|p1a: Garganacl|75/100
|
|-heal|p1a: Garganacl|81/100|[from] item: Leftovers
|-damage|p2a: Blissey|88/100|[from] Salt Cure
|upkeep
|turn|52
|inactive|Sil3nt_Phant0m has 120 seconds left.
|
|t:|1779657929
|switch|p2a: Pecharunt|Pecharunt|38/100
|move|p1a: Garganacl|Recover|p1a: Garganacl
|-heal|p1a: Garganacl|100/100
|
|upkeep
|turn|53
|
|t:|1779657939
|move|p2a: Pecharunt|Malignant Chain|p1a: Garganacl
|-resisted|p1a: Garganacl
|-activate|p1a: Garganacl|move: Substitute|[damage]
|move|p1a: Garganacl|Salt Cure|p2a: Pecharunt
|-damage|p2a: Pecharunt|34/100
|-start|p2a: Pecharunt|Salt Cure
|
|-damage|p2a: Pecharunt|21/100|[from] Salt Cure
|upkeep
|turn|54
|inactive|npctypebeat has 60 seconds left.
|
|t:|1779657948
|switch|p2a: Blissey|Blissey, F|88/100
|move|p1a: Garganacl|Salt Cure|p2a: Blissey
|-damage|p2a: Blissey|78/100
|-start|p2a: Blissey|Salt Cure
|
|-damage|p2a: Blissey|66/100|[from] Salt Cure
|upkeep
|turn|55
|inactive|npctypebeat has 60 seconds left.
|
|t:|1779657963
|switch|p2a: Pecharunt|Pecharunt|21/100
|move|p1a: Garganacl|Salt Cure|p2a: Pecharunt
|-damage|p2a: Pecharunt|17/100
|-start|p2a: Pecharunt|Salt Cure
|
|-damage|p2a: Pecharunt|4/100|[from] Salt Cure
|upkeep
|turn|56
|inactive|npctypebeat has 60 seconds left.
|
|t:|1779657981
|move|p2a: Pecharunt|Recover|p2a: Pecharunt
|-heal|p2a: Pecharunt|54/100
|move|p1a: Garganacl|Substitute|p1a: Garganacl
|-fail|p1a: Garganacl|move: Substitute
|
|-damage|p2a: Pecharunt|42/100|[from] Salt Cure
|upkeep
|turn|57
|inactive|npctypebeat has 60 seconds left.
|
|t:|1779658004
|move|p2a: Pecharunt|Recover|p2a: Pecharunt
|-heal|p2a: Pecharunt|92/100
|move|p1a: Garganacl|Recover||[still]
|-fail|p1a: Garganacl|heal
|
|-damage|p2a: Pecharunt|79/100|[from] Salt Cure
|upkeep
|turn|58
|
|t:|1779658022
|switch|p2a: Blissey|Blissey, F|66/100
|move|p1a: Garganacl|Substitute|p1a: Garganacl
|-fail|p1a: Garganacl|move: Substitute
|
|upkeep
|turn|59
|
|t:|1779658041
|move|p2a: Blissey|Stealth Rock|p1a: Garganacl
|-sidestart|p1: Sil3nt_Phant0m|move: Stealth Rock
|move|p1a: Garganacl|Salt Cure|p2a: Blissey
|-damage|p2a: Blissey|55/100
|-start|p2a: Blissey|Salt Cure
|
|-damage|p2a: Blissey|43/100|[from] Salt Cure
|upkeep
|turn|60
|
|t:|1779658057
|move|p2a: Blissey|Soft-Boiled|p2a: Blissey
|-heal|p2a: Blissey|93/100
|move|p1a: Garganacl|Substitute|p1a: Garganacl
|-fail|p1a: Garganacl|move: Substitute
|
|-damage|p2a: Blissey|81/100|[from] Salt Cure
|upkeep
|turn|61
|
|t:|1779658067
|switch|p2a: Pecharunt|Pecharunt|79/100
|move|p1a: Garganacl|Substitute|p1a: Garganacl
|-fail|p1a: Garganacl|move: Substitute
|
|upkeep
|turn|62
|
|t:|1779658077
|move|p2a: Pecharunt|Recover|p2a: Pecharunt
|-heal|p2a: Pecharunt|100/100
|move|p1a: Garganacl|Salt Cure|p2a: Pecharunt
|-damage|p2a: Pecharunt|96/100
|-start|p2a: Pecharunt|Salt Cure
|
|-damage|p2a: Pecharunt|83/100|[from] Salt Cure
|upkeep
|turn|63
|
|t:|1779658086
|move|p2a: Pecharunt|Malignant Chain|p1a: Garganacl
|-resisted|p1a: Garganacl
|-end|p1a: Garganacl|Substitute
|move|p1a: Garganacl|Substitute|p1a: Garganacl
|-start|p1a: Garganacl|Substitute
|-damage|p1a: Garganacl|75/100
|
|-heal|p1a: Garganacl|82/100|[from] item: Leftovers
|-damage|p2a: Pecharunt|71/100|[from] Salt Cure
|upkeep
|turn|64
|inactive|npctypebeat has 60 seconds left.
|
|t:|1779658098
|move|p2a: Pecharunt|Malignant Chain|p1a: Garganacl
|-resisted|p1a: Garganacl
|-activate|p1a: Garganacl|move: Substitute|[damage]
|move|p1a: Garganacl|Substitute|p1a: Garganacl
|-fail|p1a: Garganacl|move: Substitute
|
|-heal|p1a: Garganacl|88/100|[from] item: Leftovers
|-damage|p2a: Pecharunt|59/100|[from] Salt Cure
|upkeep
|turn|65
|inactive|npctypebeat has 60 seconds left.
|
|t:|1779658111
|move|p2a: Pecharunt|Recover|p2a: Pecharunt
|-heal|p2a: Pecharunt|100/100
|move|p1a: Garganacl|Recover|p1a: Garganacl
|-heal|p1a: Garganacl|100/100
|
|-damage|p2a: Pecharunt|88/100|[from] Salt Cure
|upkeep
|turn|66
|inactive|npctypebeat has 60 seconds left.
|
|t:|1779658124
|move|p2a: Pecharunt|Malignant Chain|p1a: Garganacl
|-resisted|p1a: Garganacl
|-end|p1a: Garganacl|Substitute
|move|p1a: Garganacl|Substitute|p1a: Garganacl
|-start|p1a: Garganacl|Substitute
|-damage|p1a: Garganacl|75/100
|
|-heal|p1a: Garganacl|82/100|[from] item: Leftovers
|-damage|p2a: Pecharunt|76/100|[from] Salt Cure
|upkeep
|turn|67
|inactive|npctypebeat has 60 seconds left.
|
|t:|1779658144
|move|p2a: Pecharunt|Malignant Chain|p1a: Garganacl
|-resisted|p1a: Garganacl
|-activate|p1a: Garganacl|move: Substitute|[damage]
|move|p1a: Garganacl|Recover|p1a: Garganacl
|-heal|p1a: Garganacl|100/100
|
|-damage|p2a: Pecharunt|63/100|[from] Salt Cure
|upkeep
|turn|68
|inactive|npctypebeat has 60 seconds left.
|
|t:|1779658167
|move|p2a: Pecharunt|Foul Play|p1a: Garganacl
|-activate|p1a: Garganacl|move: Substitute|[damage]
|move|p1a: Garganacl|Substitute|p1a: Garganacl
|-fail|p1a: Garganacl|move: Substitute
|
|-damage|p2a: Pecharunt|51/100|[from] Salt Cure
|upkeep
|turn|69
|
|t:|1779658185
|move|p2a: Pecharunt|Recover|p2a: Pecharunt
|-heal|p2a: Pecharunt|100/100
|move|p1a: Garganacl|Substitute|p1a: Garganacl
|-fail|p1a: Garganacl|move: Substitute
|
|-damage|p2a: Pecharunt|88/100|[from] Salt Cure
|upkeep
|turn|70
|inactive|Sil3nt_Phant0m has 120 seconds left.
|
|t:|1779658222
|switch|p1a: Glimmora|Glimmora, M|100/100
|-damage|p1a: Glimmora|88/100|[from] Stealth Rock
|move|p2a: Pecharunt|Foul Play|p1a: Glimmora
|-damage|p1a: Glimmora|73/100
|-activate|p1a: Glimmora|ability: Toxic Debris
|-sidestart|p2: npctypebeat|move: Toxic Spikes
|
|-heal|p1a: Glimmora|79/100|[from] item: Leftovers
|-damage|p2a: Pecharunt|76/100|[from] Salt Cure
|upkeep
|turn|71
|inactive|Sil3nt_Phant0m has 120 seconds left.
|
|t:|1779658237
|move|p1a: Glimmora|Spiky Shield|p1a: Glimmora
|-singleturn|p1a: Glimmora|move: Protect
|move|p2a: Pecharunt|Parting Shot|p1a: Glimmora
|-activate|p1a: Glimmora|move: Protect
|
|-heal|p1a: Glimmora|86/100|[from] item: Leftovers
|-damage|p2a: Pecharunt|63/100|[from] Salt Cure
|upkeep
|turn|72
|inactive|Sil3nt_Phant0m has 120 seconds left.
|
|t:|1779658260
|move|p1a: Glimmora|Mortal Spin|p2a: Pecharunt
|-resisted|p2a: Pecharunt
|-damage|p2a: Pecharunt|63/100
|-sideend|p1: Sil3nt_Phant0m|Stealth Rock|[from] move: Mortal Spin|[of] p1a: Glimmora
|move|p2a: Pecharunt|Foul Play|p1a: Glimmora
|-damage|p1a: Glimmora|72/100
|-activate|p1a: Glimmora|ability: Toxic Debris
|-sidestart|p2: npctypebeat|move: Toxic Spikes
|
|-heal|p1a: Glimmora|78/100|[from] item: Leftovers
|-damage|p2a: Pecharunt|50/100|[from] Salt Cure
|upkeep
|turn|73
|
|t:|1779658275
|move|p1a: Glimmora|Mortal Spin|p2a: Pecharunt
|-resisted|p2a: Pecharunt
|-damage|p2a: Pecharunt|49/100
|move|p2a: Pecharunt|Recover|p2a: Pecharunt
|-heal|p2a: Pecharunt|99/100
|
|-heal|p1a: Glimmora|85/100|[from] item: Leftovers
|-damage|p2a: Pecharunt|87/100|[from] Salt Cure
|upkeep
|turn|74
|
|t:|1779658290
|move|p1a: Glimmora|Spiky Shield|p1a: Glimmora
|-singleturn|p1a: Glimmora|move: Protect
|move|p2a: Pecharunt|Parting Shot|p1a: Glimmora
|-activate|p1a: Glimmora|move: Protect
|
|-heal|p1a: Glimmora|91/100|[from] item: Leftovers
|-damage|p2a: Pecharunt|75/100|[from] Salt Cure
|upkeep
|turn|75
|
|t:|1779658307
|switch|p1a: Garganacl|Garganacl, F|100/100
|move|p2a: Pecharunt|Foul Play|p1a: Garganacl
|-damage|p1a: Garganacl|89/100
|
|-heal|p1a: Garganacl|95/100|[from] item: Leftovers
|-damage|p2a: Pecharunt|62/100|[from] Salt Cure
|upkeep
|turn|76
|
|t:|1779658317
|move|p2a: Pecharunt|Parting Shot|p1a: Garganacl
|-unboost|p1a: Garganacl|atk|1
|-unboost|p1a: Garganacl|spa|1
|inactive|npctypebeat has 60 seconds left.
|
|t:|1779658324
|switch|p2a: Blissey|Blissey, F|81/100|[from] Parting Shot
|move|p1a: Garganacl|Salt Cure|p2a: Blissey
|-damage|p2a: Blissey|71/100
|-start|p2a: Blissey|Salt Cure
|
|-heal|p1a: Garganacl|100/100|[from] item: Leftovers
|-damage|p2a: Blissey|58/100|[from] Salt Cure
|upkeep
|turn|77
|inactive|Sil3nt_Phant0m has 120 seconds left.
|inactive|npctypebeat has 60 seconds left.
|
|t:|1779658356
|move|p2a: Blissey|Stealth Rock|p1a: Garganacl
|-sidestart|p1: Sil3nt_Phant0m|move: Stealth Rock
|move|p1a: Garganacl|Substitute|p1a: Garganacl
|-start|p1a: Garganacl|Substitute
|-damage|p1a: Garganacl|75/100
|
|-heal|p1a: Garganacl|82/100|[from] item: Leftovers
|-damage|p2a: Blissey|46/100|[from] Salt Cure
|upkeep
|turn|78
|inactive|Sil3nt_Phant0m has 120 seconds left.
|inactive|npctypebeat has 30 seconds left.
|
|t:|1779658380
|switch|p2a: Corviknight|Corviknight, M|100/100
|-ability|p2a: Corviknight|Pressure
|move|p1a: Garganacl|Salt Cure|p2a: Corviknight
|-damage|p2a: Corviknight|94/100
|-start|p2a: Corviknight|Salt Cure
|
|-heal|p1a: Garganacl|88/100|[from] item: Leftovers
|-damage|p2a: Corviknight|69/100|[from] Salt Cure
|upkeep
|turn|79
|inactive|Sil3nt_Phant0m has 120 seconds left.
|inactive|npctypebeat has 30 seconds left.
|
|t:|1779658412
|move|p2a: Corviknight|U-turn|p1a: Garganacl
|-activate|p1a: Garganacl|move: Substitute|[damage]
|inactive|npctypebeat has 30 seconds left this turn.
|
|t:|1779658419
|switch|p2a: Pecharunt|Pecharunt|62/100|[from] U-turn
|-sideend|p2: npctypebeat|move: Toxic Spikes|[of] p2a: Pecharunt
|move|p1a: Garganacl|Salt Cure|p2a: Pecharunt
|-damage|p2a: Pecharunt|58/100
|-start|p2a: Pecharunt|Salt Cure
|
|-heal|p1a: Garganacl|94/100|[from] item: Leftovers
|-damage|p2a: Pecharunt|46/100|[from] Salt Cure
|upkeep
|turn|80
|inactive|npctypebeat has 30 seconds left.
|inactive|npctypebeat has 20 seconds left.
|inactive|npctypebeat has 15 seconds left.
|
|t:|1779658439
|switch|p2a: Blissey|Blissey, F|46/100
|move|p1a: Garganacl|Recover|p1a: Garganacl
|-heal|p1a: Garganacl|100/100
|
|upkeep
|turn|81
|inactive|npctypebeat has 25 seconds left this turn.
|
|t:|1779658445
|move|p2a: Blissey|Seismic Toss|p1a: Garganacl
|-end|p1a: Garganacl|Substitute
|move|p1a: Garganacl|Salt Cure|p2a: Blissey
|-damage|p2a: Blissey|36/100
|-start|p2a: Blissey|Salt Cure
|
|-damage|p2a: Blissey|24/100|[from] Salt Cure
|upkeep
|turn|82
|inactive|Sil3nt_Phant0m has 120 seconds left.
|
|t:|1779658454
|switch|p2a: Corviknight|Corviknight, M|69/100
|-ability|p2a: Corviknight|Pressure
|move|p1a: Garganacl|Recover||[still]
|-fail|p1a: Garganacl|heal
|
|upkeep
|turn|83
|
|t:|1779658460
|move|p2a: Corviknight|Body Press|p1a: Garganacl
|-supereffective|p1a: Garganacl
|-damage|p1a: Garganacl|76/100
|-activate|p1a: Garganacl|move: Struggle
|move|p1a: Garganacl|Struggle|p2a: Corviknight
|-damage|p2a: Corviknight|64/100
|-damage|p1a: Garganacl|51/100|[from] recoil
|
|-heal|p1a: Garganacl|57/100|[from] item: Leftovers
|upkeep
|turn|84
|
|t:|1779658469
|move|p2a: Corviknight|Body Press|p1a: Garganacl
|-supereffective|p1a: Garganacl
|-damage|p1a: Garganacl|31/100
|-activate|p1a: Garganacl|move: Struggle
|move|p1a: Garganacl|Struggle|p2a: Corviknight
|-damage|p2a: Corviknight|59/100
|-damage|p1a: Garganacl|6/100|[from] recoil
|
|-heal|p1a: Garganacl|12/100|[from] item: Leftovers
|upkeep
|turn|85
|
|t:|1779658490
|move|p2a: Corviknight|Body Press|p1a: Garganacl
|-supereffective|p1a: Garganacl
|-damage|p1a: Garganacl|0 fnt
|faint|p1a: Garganacl
|
|upkeep
|
|t:|1779658495
|switch|p1a: Glimmora|Glimmora, M|91/100
|-damage|p1a: Glimmora|78/100|[from] Stealth Rock
|turn|86
|
|t:|1779658499
|move|p1a: Glimmora|Spiky Shield|p1a: Glimmora
|-singleturn|p1a: Glimmora|move: Protect
|move|p2a: Corviknight|Roost|p2a: Corviknight
|-heal|p2a: Corviknight|100/100
|-singleturn|p2a: Corviknight|move: Roost
|
|-heal|p1a: Glimmora|85/100|[from] item: Leftovers
|upkeep
|turn|87
|
|t:|1779658509
|move|p1a: Glimmora|Stealth Rock||[still]
|-fail|p1a: Glimmora
|move|p2a: Corviknight|Body Press|p1a: Glimmora
|-damage|p1a: Glimmora|58/100
|-activate|p1a: Glimmora|ability: Toxic Debris
|-sidestart|p2: npctypebeat|move: Toxic Spikes
|
|-heal|p1a: Glimmora|64/100|[from] item: Leftovers
|upkeep
|turn|88
|
|t:|1779658524
|move|p1a: Glimmora|Spiky Shield|p1a: Glimmora
|-singleturn|p1a: Glimmora|move: Protect
|move|p2a: Corviknight|Body Press|p1a: Glimmora
|-activate|p1a: Glimmora|move: Protect
|-damage|p2a: Corviknight|88/100|[from] Spiky Shield|[of] p1a: Glimmora
|
|-heal|p1a: Glimmora|70/100|[from] item: Leftovers
|upkeep
|turn|89
|
|t:|1779658538
|move|p1a: Glimmora|Stealth Rock||[still]
|-fail|p1a: Glimmora
|move|p2a: Corviknight|Body Press|p1a: Glimmora
|-damage|p1a: Glimmora|41/100
|-activate|p1a: Glimmora|ability: Toxic Debris
|-sidestart|p2: npctypebeat|move: Toxic Spikes
|
|-heal|p1a: Glimmora|48/100|[from] item: Leftovers
|upkeep
|turn|90
|inactive|npctypebeat has 60 seconds left.
|
|t:|1779658574
|move|p1a: Glimmora|Spiky Shield|p1a: Glimmora
|-singleturn|p1a: Glimmora|move: Protect
|move|p2a: Corviknight|Body Press|p1a: Glimmora
|-activate|p1a: Glimmora|move: Protect
|-damage|p2a: Corviknight|76/100|[from] Spiky Shield|[of] p1a: Glimmora
|
|-heal|p1a: Glimmora|54/100|[from] item: Leftovers
|upkeep
|turn|91
|
|t:|1779658591
|move|p1a: Glimmora|Mortal Spin|p2a: Corviknight
|-immune|p2a: Corviknight
|move|p2a: Corviknight|Body Press|p1a: Glimmora
|-damage|p1a: Glimmora|26/100
|
|-heal|p1a: Glimmora|32/100|[from] item: Leftovers
|upkeep
|turn|92
|inactive|npctypebeat has 30 seconds left.
|inactive|npctypebeat has 20 seconds left.
|
|t:|1779658617
|move|p1a: Glimmora|Spiky Shield|p1a: Glimmora
|-singleturn|p1a: Glimmora|move: Protect
|move|p2a: Corviknight|Body Press|p1a: Glimmora
|-activate|p1a: Glimmora|move: Protect
|-damage|p2a: Corviknight|63/100|[from] Spiky Shield|[of] p1a: Glimmora
|
|-heal|p1a: Glimmora|39/100|[from] item: Leftovers
|upkeep
|turn|93
|inactive|npctypebeat has 30 seconds left this turn.
|
|t:|1779658629
|move|p1a: Glimmora|Mortal Spin|p2a: Corviknight
|-immune|p2a: Corviknight
|move|p2a: Corviknight|Body Press|p1a: Glimmora
|-damage|p1a: Glimmora|10/100
|
|-heal|p1a: Glimmora|16/100|[from] item: Leftovers
|upkeep
|turn|94
|inactive|npctypebeat has 30 seconds left.
|
|t:|1779658641
|move|p1a: Glimmora|Spiky Shield|p1a: Glimmora
|-singleturn|p1a: Glimmora|move: Protect
|move|p2a: Corviknight|Body Press|p1a: Glimmora
|-activate|p1a: Glimmora|move: Protect
|-damage|p2a: Corviknight|51/100|[from] Spiky Shield|[of] p1a: Glimmora
|
|-heal|p1a: Glimmora|22/100|[from] item: Leftovers
|upkeep
|turn|95
|
|t:|1779658648
|move|p1a: Glimmora|Mortal Spin|p2a: Corviknight
|-immune|p2a: Corviknight
|move|p2a: Corviknight|Body Press|p1a: Glimmora
|-crit|p1a: Glimmora
|-damage|p1a: Glimmora|0 fnt
|faint|p1a: Glimmora
|
|upkeep
|
|t:|1779658655
|switch|p1a: Kingambit|Kingambit, M|100/100
|-damage|p1a: Kingambit|94/100|[from] Stealth Rock
|-activate|p1a: Kingambit|ability: Supreme Overlord
|-start|p1a: Kingambit|fallen5|[silent]
|turn|96
|
|t:|1779658661
|move|p2a: Corviknight|Body Press|p1a: Kingambit
|-supereffective|p1a: Kingambit
|-damage|p1a: Kingambit|11/100
|move|p1a: Kingambit|Kowtow Cleave|p2a: Corviknight
|-damage|p2a: Corviknight|5/100
|
|upkeep
|turn|97
|inactive|npctypebeat has 60 seconds left.
|
|t:|1779658675
|move|p1a: Kingambit|Sucker Punch|p2a: Corviknight
|-damage|p2a: Corviknight|0 fnt
|faint|p2a: Corviknight
|
|upkeep
|
|t:|1779658694
|switch|p2a: Pecharunt|Pecharunt|46/100
|-sideend|p2: npctypebeat|move: Toxic Spikes|[of] p2a: Pecharunt
|turn|98
|
|t:|1779658714
|move|p1a: Kingambit|Sucker Punch||[still]
|-fail|p1a: Kingambit
|move|p2a: Pecharunt|Parting Shot|p1a: Kingambit
|-unboost|p1a: Kingambit|atk|1
|-unboost|p1a: Kingambit|spa|1
|
|t:|1779658718
|switch|p2a: Blissey|Blissey, F|24/100|[from] Parting Shot
|
|upkeep
|turn|99
|inactive|npctypebeat has 60 seconds left.
|
|t:|1779658725
|switch|p2a: Pecharunt|Pecharunt|46/100
|move|p1a: Kingambit|Brick Break|p2a: Pecharunt
|-immune|p2a: Pecharunt
|
|upkeep
|turn|100
|inactive|npctypebeat has 60 seconds left.
|
|t:|1779658740
|move|p2a: Pecharunt|Parting Shot|p1a: Kingambit
|-unboost|p1a: Kingambit|atk|1
|-unboost|p1a: Kingambit|spa|1
|
|t:|1779658756
|switch|p2a: Blissey|Blissey, F|24/100|[from] Parting Shot
|move|p1a: Kingambit|Kowtow Cleave|p2a: Blissey
|-damage|p2a: Blissey|0 fnt
|faint|p2a: Blissey
|
|upkeep
|
|t:|1779658767
|switch|p2a: Pecharunt|Pecharunt|46/100
|turn|101
|
|t:|1779658773
|move|p2a: Pecharunt|Foul Play|p1a: Kingambit
|-resisted|p1a: Kingambit
|-damage|p1a: Kingambit|4/100
|move|p1a: Kingambit|Kowtow Cleave|p2a: Pecharunt
|-supereffective|p2a: Pecharunt
|-damage|p2a: Pecharunt|14/100
|
|upkeep
|turn|102
|
|t:|1779658787
|move|p1a: Kingambit|Sucker Punch|p2a: Pecharunt
|-supereffective|p2a: Pecharunt
|-damage|p2a: Pecharunt|0 fnt
|faint|p2a: Pecharunt
|
|upkeep
|
|t:|1779658790
|switch|p2a: Gliscor|Gliscor, F|4/100 tox
|-damage|p2a: Gliscor|0 fnt|[from] Stealth Rock
|faint|p2a: Gliscor
|
|win|Sil3nt_Phant0m
|raw|Sil3nt_Phant0m's rating: 1115 &rarr; <strong>1149</strong><br />(+34 for winning)
|raw|npctypebeat's rating: 1249 &rarr; <strong>1215</strong><br />(-34 for losing)
|c|☆npctypebeat|gg
|c|☆Sil3nt_Phant0m|gg
