|j|☆fenixkarde
|j|☆XM307
|t:|1779675664
|gametype|singles
|player|p1|fenixkarde|266|1113
|player|p2|XM307|red|1072
|gen|9
|tier|[Gen 9] OU
|rated|
|rule|HP Percentage Mod: HP is shown in percentages
|rule|Endless Battle Clause: Forcing endless battles is banned
|rule|Species Clause: Limit one of each Pokémon
|rule|OHKO Clause: OHKO moves are banned
|rule|Evasion Items Clause: Evasion items are banned
|rule|Evasion Moves Clause: Evasion moves are banned
|rule|Evasion Abilities Clause: Evasion abilities are banned
|rule|Sleep Moves Clause: Sleep-inducing moves are banned
|clearpoke
|poke|p1|Pikachu-Sinnoh, M|
|poke|p1|Charizard, M|
|poke|p1|Sceptile, M|
|poke|p1|Infernape, M|
|poke|p1|Krookodile, M|
|poke|p1|Greninja-*, M|
|poke|p2|Ceruledge, M|
|poke|p2|Dragonite, M|
|poke|p2|Zamazenta-*|
|poke|p2|Gholdengo|
|poke|p2|Great Tusk|
|poke|p2|Kyurem|
|teampreview
|inactive|Battle timer is ON: inactive players will automatically lose when time's up. (requested by XM307)
|
|t:|1779675667
|teamsize|p1|6
|teamsize|p2|6
|start
|switch|p1a: Pikachu|Pikachu-Sinnoh, M|100/100
|switch|p2a: Zero|Ceruledge, M, shiny|100/100
|turn|1
|
|t:|1779675672
|move|p1a: Pikachu|Knock Off|p2a: Zero
|-supereffective|p2a: Zero
|-damage|p2a: Zero|0 fnt
|-enditem|p2a: Zero|Life Orb|[from] move: Knock Off|[of] p1a: Pikachu
|faint|p2a: Zero
|
|upkeep
|
|t:|1779675677
|switch|p2a: Onaga|Dragonite, M, shiny|100/100
|turn|2
|
|t:|1779675682
|-terastallize|p1a: Pikachu|Fairy
|-terastallize|p2a: Onaga|Normal
|move|p1a: Pikachu|Play Rough|p2a: Onaga
|-damage|p2a: Onaga|71/100
|move|p2a: Onaga|Dragon Dance|p2a: Onaga
|-boost|p2a: Onaga|atk|1
|-boost|p2a: Onaga|spe|1
|
|upkeep
|turn|3
|
|t:|1779675690
|move|p2a: Onaga|Extreme Speed|p1a: Pikachu
|-damage|p1a: Pikachu|0 fnt
|faint|p1a: Pikachu
|
|upkeep
|
|t:|1779675703
|switch|p1a: Greninja|Greninja, M|100/100
|turn|4
|
|t:|1779675707
|move|p2a: Onaga|Dragon Claw|p1a: Greninja
|-damage|p1a: Greninja|2/100
|move|p1a: Greninja|Hydro Pump|p2a: Onaga
|-damage|p2a: Onaga|0 fnt
|faint|p2a: Onaga
|-ability|p1a: Greninja|Battle Bond|boost
|-boost|p1a: Greninja|atk|1
|-boost|p1a: Greninja|spa|1
|-boost|p1a: Greninja|spe|1
|-activate|p1a: Greninja|ability: Battle Bond
|-damage|p1a: Greninja|0 fnt|[from] item: Life Orb
|faint|p1a: Greninja
|
|upkeep
|
|t:|1779675719
|switch|p1a: Krookodile|Krookodile, M, shiny|100/100
|switch|p2a: Proto Man|Zamazenta, shiny|100/100
|-ability|p2a: Proto Man|Dauntless Shield|boost
|-boost|p2a: Proto Man|def|1
|-ability|p1a: Krookodile|Intimidate|boost
|-unboost|p2a: Proto Man|atk|1
|turn|5
|
|t:|1779675744
|switch|p1a: Charizard|Charizard, M, shiny|100/100
|move|p2a: Proto Man|Howl|p2a: Proto Man
|-boost|p2a: Proto Man|atk|1
|
|upkeep
|turn|6
|
|t:|1779675749
|move|p2a: Proto Man|Howl|p2a: Proto Man
|-boost|p2a: Proto Man|atk|1
|move|p1a: Charizard|Air Slash|p2a: Proto Man
|-supereffective|p2a: Proto Man
|-damage|p2a: Proto Man|14/100
|-damage|p1a: Charizard|90/100|[from] item: Life Orb
|
|-heal|p2a: Proto Man|20/100|[from] item: Leftovers
|upkeep
|turn|7
|
|t:|1779675763
|move|p2a: Proto Man|Crunch|p1a: Charizard
|-damage|p1a: Charizard|41/100
|move|p1a: Charizard|Air Slash|p2a: Proto Man
|-supereffective|p2a: Proto Man
|-damage|p2a: Proto Man|0 fnt
|faint|p2a: Proto Man
|-damage|p1a: Charizard|31/100|[from] item: Life Orb
|
|upkeep
|
|t:|1779675771
|switch|p2a: Jack Frost|Kyurem, shiny|100/100
|-ability|p2a: Jack Frost|Pressure
|turn|8
|
|t:|1779675778
|move|p2a: Jack Frost|Dragon Pulse|p1a: Charizard
|-damage|p1a: Charizard|0 fnt
|faint|p1a: Charizard
|
|upkeep
|
|t:|1779675783
|switch|p1a: Infernape|Infernape, M, shiny|100/100
|-item|p1a: Infernape|Air Balloon
|turn|9
|
|t:|1779675787
|move|p1a: Infernape|Fake Out|p2a: Jack Frost
|-damage|p2a: Jack Frost|90/100
|cant|p2a: Jack Frost|flinch
|
|upkeep
|turn|10
|
|t:|1779675793
|move|p2a: Jack Frost|Dragon Pulse|p1a: Infernape
|-damage|p1a: Infernape|3/100
|-enditem|p1a: Infernape|Air Balloon
|move|p1a: Infernape|Close Combat|p2a: Jack Frost
|-supereffective|p2a: Jack Frost
|-damage|p2a: Jack Frost|0 fnt
|-unboost|p1a: Infernape|def|1
|-unboost|p1a: Infernape|spd|1
|faint|p2a: Jack Frost
|
|upkeep
|
|t:|1779675803
|switch|p2a: O.Yashiro|Great Tusk, shiny|100/100
|turn|11
|
|t:|1779675824
|move|p1a: Infernape|Close Combat|p2a: O.Yashiro
|-damage|p2a: O.Yashiro|66/100
|-unboost|p1a: Infernape|def|1
|-unboost|p1a: Infernape|spd|1
|move|p2a: O.Yashiro|Headlong Rush|p1a: Infernape
|-supereffective|p1a: Infernape
|-damage|p1a: Infernape|0 fnt
|-unboost|p2a: O.Yashiro|def|1
|-unboost|p2a: O.Yashiro|spd|1
|faint|p1a: Infernape
|
|upkeep
|
|t:|1779675828
|switch|p1a: Sceptile|Sceptile, M, shiny|100/100
|turn|12
|
|t:|1779675838
|-end|p2a: O.Yashiro|Protosynthesis|[silent]
|switch|p2a: Coiny|Gholdengo, shiny|100/100
|-item|p2a: Coiny|Air Balloon
|move|p1a: Sceptile|Leaf Storm|p2a: Coiny
|-resisted|p2a: Coiny
|-crit|p2a: Coiny
|-damage|p2a: Coiny|49/100
|-unboost|p1a: Sceptile|spa|2
|-enditem|p2a: Coiny|Air Balloon
|-enditem|p1a: Sceptile|White Herb
|-clearnegativeboost|p1a: Sceptile|[silent]
|
|upkeep
|turn|13
|
|t:|1779675852
|move|p1a: Sceptile|Leaf Storm|p2a: Coiny
|-resisted|p2a: Coiny
|-damage|p2a: Coiny|16/100
|-unboost|p1a: Sceptile|spa|2
|move|p2a: Coiny|Flash Cannon|p1a: Sceptile
|-damage|p1a: Sceptile|42/100
|
|upkeep
|turn|14
|-message|XM307 forfeited.
|
|win|fenixkarde
|raw|fenixkarde's rating: 1113 &rarr; <strong>1135</strong><br />(+22 for winning)
|raw|XM307's rating: 1072 &rarr; <strong>1054</strong><br />(-18 for losing)
|l|☆XM307
|player|p2|
|l|☆fenixkarde
|player|p1|
