|j|☆tedd33
|j|☆skarmory_oshiku
|t:|1779647935
|gametype|singles
|player|p1|tedd33|102|1428
|player|p2|skarmory_oshiku|lucas|1430
|gen|9
|tier|[Gen 9] OU
|rated|
|rule|HP Percentage Mod: HP is shown in percentages
|rule|Endless Battle Clause: Forcing endless battles is banned
|rule|Species Clause: Limit one of each Pokémon
|rule|OHKO Clause: OHKO moves are banned
|rule|Evasion Items Clause: Evasion items are banned
|rule|Evasion Moves Clause: Evasion moves are banned
|rule|Evasion Abilities Clause: Evasion abilities are banned
|rule|Sleep Moves Clause: Sleep-inducing moves are banned
|clearpoke
|poke|p1|Walking Wake|
|poke|p1|Great Tusk|
|poke|p1|Ninetales, F|
|poke|p1|Cresselia, F|
|poke|p1|Ceruledge, F|
|poke|p1|Raging Bolt|
|poke|p2|Araquanid, M|
|poke|p2|Garchomp, F|
|poke|p2|Quaquaval, M|
|poke|p2|Pecharunt|
|poke|p2|Latios, M|
|poke|p2|Skeledirge, F|
|teampreview
|inactive|Battle timer is ON: inactive players will automatically lose when time's up. (requested by skarmory_oshiku)
|
|t:|1779647961
|teamsize|p1|6
|teamsize|p2|6
|start
|switch|p1a: Ninetales|Ninetales, F|100/100
|switch|p2a: Garchomp|Garchomp, F|100/100
|-weather|SunnyDay|[from] ability: Drought|[of] p1a: Ninetales
|turn|1
|
|t:|1779647973
|switch|p1a: Great Tusk|Great Tusk|100/100
|-activate|p1a: Great Tusk|ability: Protosynthesis
|-start|p1a: Great Tusk|protosynthesisatk
|move|p2a: Garchomp|Scale Shot|p1a: Great Tusk
|-damage|p1a: Great Tusk|90/100
|-damage|p1a: Great Tusk|81/100
|-damage|p1a: Great Tusk|71/100
|-crit|p1a: Great Tusk
|-damage|p1a: Great Tusk|58/100
|-damage|p1a: Great Tusk|48/100
|-hitcount|p1a: Great Tusk|5
|-unboost|p2a: Garchomp|def|1
|-boost|p2a: Garchomp|spe|1
|
|-weather|SunnyDay|[upkeep]
|upkeep
|turn|2
|
|t:|1779647987
|-terastallize|p2a: Garchomp|Dragon
|move|p2a: Garchomp|Scale Shot|p1a: Great Tusk
|-damage|p1a: Great Tusk|36/100
|-damage|p1a: Great Tusk|23/100
|-damage|p1a: Great Tusk|11/100
|-damage|p1a: Great Tusk|0 fnt
|faint|p1a: Great Tusk
|-end|p1a: Great Tusk|Protosynthesis|[silent]
|-hitcount|p1: Great Tusk|4
|-unboost|p2a: Garchomp|def|1
|-boost|p2a: Garchomp|spe|1
|
|-weather|SunnyDay|[upkeep]
|upkeep
|inactive|tedd33 has 120 seconds left.
|
|t:|1779648014
|switch|p1a: Ceruledge|Ceruledge, F|100/100
|turn|3
|
|t:|1779648018
|-terastallize|p1a: Ceruledge|Fairy
|move|p2a: Garchomp|Earthquake|p1a: Ceruledge
|-damage|p1a: Ceruledge|28/100
|-ability|p1a: Ceruledge|Weak Armor|boost
|-unboost|p1a: Ceruledge|def|1
|-boost|p1a: Ceruledge|spe|2
|move|p1a: Ceruledge|Poltergeist|p2a: Garchomp|[miss]
|-miss|p1a: Ceruledge|p2a: Garchomp
|
|-weather|SunnyDay|[upkeep]
|upkeep
|turn|4
|
|t:|1779648024
|move|p2a: Garchomp|Earthquake|p1a: Ceruledge
|-damage|p1a: Ceruledge|0 fnt
|faint|p1a: Ceruledge
|
|-weather|SunnyDay|[upkeep]
|upkeep
|
|t:|1779648027
|switch|p1a: Cresselia|Cresselia, F|100/100
|turn|5
|
|t:|1779648030
|move|p2a: Garchomp|Swords Dance|p2a: Garchomp
|-boost|p2a: Garchomp|atk|2
|move|p1a: Cresselia|Psychic|p2a: Garchomp
|-damage|p2a: Garchomp|72/100
|
|-weather|SunnyDay|[upkeep]
|upkeep
|turn|6
|
|t:|1779648035
|move|p2a: Garchomp|Scale Shot|p1a: Cresselia
|-damage|p1a: Cresselia|78/100
|-damage|p1a: Cresselia|56/100
|-damage|p1a: Cresselia|34/100
|-damage|p1a: Cresselia|12/100
|-damage|p1a: Cresselia|0 fnt
|faint|p1a: Cresselia
|-hitcount|p1: Cresselia|5
|-unboost|p2a: Garchomp|def|1
|-boost|p2a: Garchomp|spe|1
|
|-weather|SunnyDay|[upkeep]
|upkeep
|
|t:|1779648054
|switch|p1a: Raging Bolt|Raging Bolt|100/100
|-activate|p1a: Raging Bolt|ability: Protosynthesis
|-start|p1a: Raging Bolt|protosynthesisspa
|turn|7
|
|t:|1779648060
|move|p2a: Garchomp|Earthquake|p1a: Raging Bolt
|-supereffective|p1a: Raging Bolt
|-damage|p1a: Raging Bolt|0 fnt
|faint|p1a: Raging Bolt
|-end|p1a: Raging Bolt|Protosynthesis|[silent]
|
|-weather|SunnyDay|[upkeep]
|upkeep
|-message|tedd33 forfeited.
|
|win|skarmory_oshiku
|raw|tedd33's rating: 1428 &rarr; <strong>1408</strong><br />(-20 for losing)
|raw|skarmory_oshiku's rating: 1430 &rarr; <strong>1450</strong><br />(+20 for winning)
|l|☆tedd33
|player|p1|
