|j|☆mcrl
|j|☆AKGD
|t:|1779568793
|gametype|singles
|player|p1|mcrl|170|1434
|player|p2|AKGD|swimmerf|1481
|gen|9
|tier|[Gen 9] OU
|rated|
|rule|HP Percentage Mod: HP is shown in percentages
|rule|Endless Battle Clause: Forcing endless battles is banned
|rule|Species Clause: Limit one of each Pokémon
|rule|OHKO Clause: OHKO moves are banned
|rule|Evasion Items Clause: Evasion items are banned
|rule|Evasion Moves Clause: Evasion moves are banned
|rule|Evasion Abilities Clause: Evasion abilities are banned
|rule|Sleep Moves Clause: Sleep-inducing moves are banned
|clearpoke
|poke|p1|Enamorus, F|
|poke|p1|Dragapult, M|
|poke|p1|Sinistcha|
|poke|p1|Dondozo, M|
|poke|p1|Ting-Lu|
|poke|p1|Kyurem|
|poke|p2|Iron Moth|
|poke|p2|Ogerpon-Wellspring, F|
|poke|p2|Raging Bolt|
|poke|p2|Great Tusk|
|poke|p2|Deoxys-Speed|
|poke|p2|Darkrai|
|teampreview
|inactive|Battle timer is ON: inactive players will automatically lose when time's up. (requested by AKGD)
|
|t:|1779568805
|teamsize|p1|6
|teamsize|p2|6
|start
|switch|p1a: Kyurem|Kyurem|100/100
|switch|p2a: Deoxys|Deoxys-Speed|100/100
|-ability|p2a: Deoxys|Pressure
|-ability|p1a: Kyurem|Pressure
|turn|1
|
|t:|1779568819
|move|p2a: Deoxys|Taunt|p1a: Kyurem
|-start|p1a: Kyurem|move: Taunt
|move|p1a: Kyurem|Ice Beam|p2a: Deoxys
|-damage|p2a: Deoxys|41/100
|-status|p2a: Deoxys|frz
|
|upkeep
|turn|2
|
|t:|1779568828
|-curestatus|p2a: Deoxys|frz|[msg]
|move|p2a: Deoxys|Light Screen|p2a: Deoxys
|-sidestart|p2: AKGD|move: Light Screen
|move|p1a: Kyurem|Ice Beam|p2a: Deoxys
|-damage|p2a: Deoxys|11/100
|
|upkeep
|turn|3
|
|t:|1779568834
|move|p2a: Deoxys|Reflect|p2a: Deoxys
|-sidestart|p2: AKGD|Reflect
|move|p1a: Kyurem|Ice Beam|p2a: Deoxys
|-damage|p2a: Deoxys|0 fnt
|faint|p2a: Deoxys
|
|-end|p1a: Kyurem|move: Taunt
|upkeep
|
|t:|1779568846
|switch|p2a: Darkrai|Darkrai|100/100
|turn|4
|
|t:|1779568852
|move|p2a: Darkrai|Nasty Plot|p2a: Darkrai
|-boost|p2a: Darkrai|spa|2
|move|p1a: Kyurem|Ice Beam|p2a: Darkrai
|-damage|p2a: Darkrai|69/100
|
|upkeep
|turn|5
|
|t:|1779568862
|move|p2a: Darkrai|Dark Pulse|p1a: Kyurem
|-damage|p1a: Kyurem|53/100
|move|p1a: Kyurem|Ice Beam|p2a: Darkrai
|-damage|p2a: Darkrai|34/100
|
|upkeep
|turn|6
|
|t:|1779568872
|move|p2a: Darkrai|Focus Blast|p1a: Kyurem
|-supereffective|p1a: Kyurem
|-damage|p1a: Kyurem|0 fnt
|faint|p1a: Kyurem
|
|upkeep
|
|t:|1779568879
|switch|p1a: Dragapult|Dragapult, M|100/100
|turn|7
|
|t:|1779568889
|move|p2a: Darkrai|Ice Beam|p1a: Dragapult
|-supereffective|p1a: Dragapult
|-damage|p1a: Dragapult|0 fnt
|faint|p1a: Dragapult
|
|upkeep
|-message|mcrl forfeited.
|
|win|AKGD
|raw|mcrl's rating: 1434 &rarr; <strong>1417</strong><br />(-17 for losing)
|raw|AKGD's rating: 1481 &rarr; <strong>1498</strong><br />(+17 for winning)
|l|☆mcrl
|player|p1|
|c|☆AKGD|gg
