|j|☆trsrsrsrsrsrsrs
|j|☆DumDieCutie
|inactive|Battle timer is ON: inactive players will automatically lose when time's up.
|t:|1779668388
|gametype|singles
|player|p1|trsrsrsrsrsrsrs|clay|
|player|p2|DumDieCutie|265|
|gen|9
|tier|[Gen 9] OU
|rated|Tournament battle
|rule|HP Percentage Mod: HP is shown in percentages
|rule|Endless Battle Clause: Forcing endless battles is banned
|rule|Species Clause: Limit one of each Pokémon
|rule|OHKO Clause: OHKO moves are banned
|rule|Evasion Items Clause: Evasion items are banned
|rule|Evasion Moves Clause: Evasion moves are banned
|rule|Evasion Abilities Clause: Evasion abilities are banned
|rule|Sleep Moves Clause: Sleep-inducing moves are banned
|raw|<div class="infobox"><details class="readmore"><summary><strong>15 custom rules:</strong></summary> -burmy, -caterpie, -combee, -kricketot, -magikarp, -scatterbug, -sunkern, -tynamo, -typenull, -weedle, -wurmple, -cosmog, -blipbug, -snom, -wynaut</details></div>
|clearpoke
|poke|p1|Clawitzer, M|
|poke|p1|Maushold|
|poke|p1|Toxapex, M|
|poke|p1|Meowscarada, F|
|poke|p2|Kommo-o, M|
|poke|p2|Ceruledge, F|
|poke|p2|Sinistcha|
|poke|p2|Cinccino, F|
|teampreview
|j|*Lady Monita 
|inactive|trsrsrsrsrsrsrs also wants the timer to be on.
|j| Gamer237
|c|☆trsrsrsrsrsrsrs|glhf
|l| Gamer237
|c|☆DumDieCutie|u2
|j| Gamer237
|inactive|DumDieCutie has 120 seconds left.
|
|t:|1779668426
|teamsize|p1|4
|teamsize|p2|4
|start
|switch|p1a: Toxapex|Toxapex, M|100/100
|switch|p2a: Cinccino|Cinccino, F|100/100
|turn|1
|inactive|trsrsrsrsrsrsrs has 120 seconds left.
|inactive|trsrsrsrsrsrsrs has 90 seconds left.
|
|t:|1779668514
|move|p2a: Cinccino|U-turn|p1a: Toxapex
|-resisted|p1a: Toxapex
|-damage|p1a: Toxapex|92/100
|-damage|p2a: Cinccino|84/100|[from] item: Rocky Helmet|[of] p1a: Toxapex
|
|t:|1779668531
|switch|p2a: Sinistcha|Sinistcha|100/100|[from] U-turn
|move|p1a: Toxapex|Toxic|p2a: Sinistcha
|-status|p2a: Sinistcha|tox
|
|-damage|p2a: Sinistcha|94/100 tox|[from] psn
|upkeep
|turn|2
|
|t:|1779668543
|switch|p1a: Clawitzer|Clawitzer, M|100/100
|move|p2a: Sinistcha|Stun Spore|p1a: Clawitzer
|-status|p1a: Clawitzer|par
|
|-heal|p2a: Sinistcha|100/100 tox|[from] item: Leftovers
|-damage|p2a: Sinistcha|88/100 tox|[from] psn
|upkeep
|turn|3
|
|t:|1779668551
|move|p2a: Sinistcha|Matcha Gotcha|p1a: Clawitzer
|-supereffective|p1a: Clawitzer
|-damage|p1a: Clawitzer|1/100 par
|-heal|p2a: Sinistcha|100/100 tox|[from] drain|[of] p1a: Clawitzer
|move|p1a: Clawitzer|Dark Pulse|p2a: Sinistcha
|-supereffective|p2a: Sinistcha
|-damage|p2a: Sinistcha|0 fnt
|faint|p2a: Sinistcha
|
|upkeep
|
|t:|1779668565
|switch|p2a: Kommo-o|Kommo-o, M|100/100
|turn|4
|
|t:|1779668569
|move|p2a: Kommo-o|Clangorous Soul|p2a: Kommo-o
|-boost|p2a: Kommo-o|atk|1
|-boost|p2a: Kommo-o|def|1
|-boost|p2a: Kommo-o|spa|1
|-boost|p2a: Kommo-o|spd|1
|-boost|p2a: Kommo-o|spe|1
|-damage|p2a: Kommo-o|68/100
|move|p1a: Clawitzer|Dark Pulse|p2a: Kommo-o
|-resisted|p2a: Kommo-o
|-damage|p2a: Kommo-o|40/100
|
|upkeep
|turn|5
|
|t:|1779668578
|move|p2a: Kommo-o|Drain Punch|p1a: Clawitzer
|-damage|p1a: Clawitzer|0 fnt
|-heal|p2a: Kommo-o|40/100|[from] drain|[of] p1a: Clawitzer
|faint|p1a: Clawitzer
|-damage|p2a: Kommo-o|30/100|[from] item: Life Orb
|
|upkeep
|
|t:|1779668588
|switch|p1a: Meowscarada|Meowscarada, F|100/100
|turn|6
|
|t:|1779668593
|move|p2a: Kommo-o|Drain Punch|p1a: Meowscarada
|-supereffective|p1a: Meowscarada
|-crit|p1a: Meowscarada
|-damage|p1a: Meowscarada|0 fnt
|-heal|p2a: Kommo-o|81/100|[from] drain|[of] p1a: Meowscarada
|faint|p1a: Meowscarada
|-damage|p2a: Kommo-o|71/100|[from] item: Life Orb
|
|upkeep
|
|t:|1779668596
|switch|p1a: Toxapex|Toxapex, M|100/100
|turn|7
|
|t:|1779668604
|-terastallize|p2a: Kommo-o|Steel
|move|p2a: Kommo-o|Dragon Claw|p1a: Toxapex
|-damage|p1a: Toxapex|58/100
|-damage|p2a: Kommo-o|54/100|[from] item: Rocky Helmet|[of] p1a: Toxapex
|-damage|p2a: Kommo-o|44/100|[from] item: Life Orb
|move|p1a: Toxapex|Toxic|p2a: Kommo-o
|-immune|p2a: Kommo-o
|
|upkeep
|turn|8
|
|t:|1779668612
|move|p2a: Kommo-o|Dragon Claw|p1a: Toxapex
|-damage|p1a: Toxapex|14/100
|-damage|p2a: Kommo-o|28/100|[from] item: Rocky Helmet|[of] p1a: Toxapex
|-damage|p2a: Kommo-o|18/100|[from] item: Life Orb
|move|p1a: Toxapex|Recover|p1a: Toxapex
|-heal|p1a: Toxapex|64/100
|
|upkeep
|turn|9
|
|t:|1779668635
|move|p2a: Kommo-o|Iron Head|p1a: Toxapex
|-resisted|p1a: Toxapex
|-crit|p1a: Toxapex
|-damage|p1a: Toxapex|30/100
|-damage|p2a: Kommo-o|2/100|[from] item: Rocky Helmet|[of] p1a: Toxapex
|-damage|p2a: Kommo-o|0 fnt|[from] item: Life Orb
|faint|p2a: Kommo-o
|cant|p1a: Toxapex|flinch
|
|upkeep
|
|t:|1779668642
|switch|p2a: Cinccino|Cinccino, F|84/100
|turn|10
|
|t:|1779668649
|move|p2a: Cinccino|Bullet Seed|p1a: Toxapex
|-damage|p1a: Toxapex|24/100
|-damage|p1a: Toxapex|17/100
|-damage|p1a: Toxapex|10/100
|-damage|p1a: Toxapex|4/100
|-damage|p1a: Toxapex|0 fnt
|faint|p1a: Toxapex
|-hitcount|p1: Toxapex|5
|
|upkeep
|
|t:|1779668656
|switch|p1a: Maushold|Maushold|100/100
|turn|11
|
|t:|1779668672
|move|p2a: Cinccino|Bullet Seed|p1a: Maushold
|-damage|p1a: Maushold|82/100
|-damage|p1a: Maushold|67/100
|-damage|p1a: Maushold|50/100
|-damage|p1a: Maushold|34/100
|-damage|p1a: Maushold|16/100
|-hitcount|p1a: Maushold|5
|move|p1a: Maushold|Thunder Wave|p2a: Cinccino
|-status|p2a: Cinccino|par
|
|upkeep
|turn|12
|
|t:|1779668678
|move|p1a: Maushold|Population Bomb|p2a: Cinccino
|-damage|p2a: Cinccino|59/100 par
|-damage|p2a: Cinccino|35/100 par
|-damage|p2a: Cinccino|9/100 par
|-damage|p2a: Cinccino|0 fnt
|faint|p2a: Cinccino
|-hitcount|p2: Cinccino|4
|
|upkeep
|
|t:|1779668681
|switch|p2a: Ceruledge|Ceruledge, F|100/100
|turn|13
|
|t:|1779668689
|move|p1a: Maushold|Bullet Seed|p2a: Ceruledge
|-resisted|p2a: Ceruledge
|-damage|p2a: Ceruledge|94/100
|-ability|p2a: Ceruledge|Weak Armor|boost
|-unboost|p2a: Ceruledge|def|1
|-boost|p2a: Ceruledge|spe|2
|-resisted|p2a: Ceruledge
|-damage|p2a: Ceruledge|85/100
|-ability|p2a: Ceruledge|Weak Armor|boost
|-unboost|p2a: Ceruledge|def|1
|-boost|p2a: Ceruledge|spe|2
|-resisted|p2a: Ceruledge
|-damage|p2a: Ceruledge|71/100
|-ability|p2a: Ceruledge|Weak Armor|boost
|-unboost|p2a: Ceruledge|def|1
|-boost|p2a: Ceruledge|spe|2
|-resisted|p2a: Ceruledge
|-damage|p2a: Ceruledge|55/100
|-ability|p2a: Ceruledge|Weak Armor|boost
|-unboost|p2a: Ceruledge|def|1
|-resisted|p2a: Ceruledge
|-damage|p2a: Ceruledge|36/100
|-ability|p2a: Ceruledge|Weak Armor|boost
|-unboost|p2a: Ceruledge|def|1
|-hitcount|p2a: Ceruledge|5
|move|p2a: Ceruledge|Bitter Blade|p1a: Maushold
|-damage|p1a: Maushold|0 fnt
|-heal|p2a: Ceruledge|43/100|[from] drain|[of] p1a: Maushold
|faint|p1a: Maushold
|
|win|DumDieCutie
|n|☆trsrsrsrsrsrsrs|trsrsrsrsrsrsrs
|n|☆DumDieCutie|dumdiecutie
|n|*Lady Monita |ladymonita
|n| Gamer237|gamer237
