|j|☆choispecs ironmoth
|j|☆zamrod0303
|t:|1779718569
|gametype|singles
|player|p1|choispecs ironmoth|lucas|1578
|player|p2|zamrod0303|swimmerf|1595
|gen|9
|tier|[Gen 9] OU
|rated|
|rule|HP Percentage Mod: HP is shown in percentages
|rule|Endless Battle Clause: Forcing endless battles is banned
|rule|Species Clause: Limit one of each Pokémon
|rule|OHKO Clause: OHKO moves are banned
|rule|Evasion Items Clause: Evasion items are banned
|rule|Evasion Moves Clause: Evasion moves are banned
|rule|Evasion Abilities Clause: Evasion abilities are banned
|rule|Sleep Moves Clause: Sleep-inducing moves are banned
|clearpoke
|poke|p1|Alomomola, M|
|poke|p1|Blissey, F|
|poke|p1|Toxapex, M|
|poke|p1|Dondozo, M|
|poke|p1|Hydrapple, F|
|poke|p1|Gliscor, F|
|poke|p2|Hatterene, F|
|poke|p2|Torkoal, F|
|poke|p2|Great Tusk|
|poke|p2|Slither Wing|
|poke|p2|Iron Moth|
|poke|p2|Walking Wake|
|teampreview
|inactive|Battle timer is ON: inactive players will automatically lose when time's up. (requested by zamrod0303)
|
|t:|1779718573
|teamsize|p1|6
|teamsize|p2|6
|start
|switch|p1a: Gliscor|Gliscor, F|100/100
|switch|p2a: Torkoal|Torkoal, F|100/100
|-weather|SunnyDay|[from] ability: Drought|[of] p2a: Torkoal
|turn|1
|
|t:|1779718579
|move|p1a: Gliscor|Protect|p1a: Gliscor
|-singleturn|p1a: Gliscor|Protect
|move|p2a: Torkoal|Stealth Rock|p1a: Gliscor
|-sidestart|p1: choispecs ironmoth|move: Stealth Rock
|
|-weather|SunnyDay|[upkeep]
|-status|p1a: Gliscor|tox|[from] item: Toxic Orb
|upkeep
|turn|2
|
|t:|1779718586
|switch|p2a: Slither Wing|Slither Wing|100/100
|-activate|p2a: Slither Wing|ability: Protosynthesis
|-start|p2a: Slither Wing|protosynthesisatk
|move|p1a: Gliscor|Knock Off|p2a: Slither Wing
|-resisted|p2a: Slither Wing
|-damage|p2a: Slither Wing|87/100
|-enditem|p2a: Slither Wing|Protective Pads|[from] move: Knock Off|[of] p1a: Gliscor
|
|-weather|SunnyDay|[upkeep]
|upkeep
|turn|3
|j| etrhgferytgtrdgf
|
|t:|1779718596
|move|p2a: Slither Wing|U-turn|p1a: Gliscor
|-resisted|p1a: Gliscor
|-damage|p1a: Gliscor|81/100 tox
|l| etrhgferytgtrdgf
|
|t:|1779718603
|-end|p2a: Slither Wing|Protosynthesis|[silent]
|switch|p2a: Hatterene|Hatterene, F|100/100|[from] U-turn
|move|p1a: Gliscor|Facade|p2a: Hatterene
|-damage|p2a: Hatterene|77/100
|-enditem|p2a: Hatterene|Eject Button
|
|t:|1779718612
|switch|p2a: Walking Wake|Walking Wake|100/100
|-activate|p2a: Walking Wake|ability: Protosynthesis
|-start|p2a: Walking Wake|protosynthesisspa
|
|-weather|SunnyDay|[upkeep]
|-heal|p1a: Gliscor|93/100 tox|[from] ability: Poison Heal
|upkeep
|turn|4
|
|t:|1779718616
|-terastallize|p2a: Walking Wake|Water
|move|p1a: Gliscor|Protect|p1a: Gliscor
|-singleturn|p1a: Gliscor|Protect
|move|p2a: Walking Wake|Hydro Steam|p1a: Gliscor
|-activate|p1a: Gliscor|move: Protect
|
|-weather|SunnyDay|[upkeep]
|-heal|p1a: Gliscor|100/100 tox|[from] ability: Poison Heal
|upkeep
|turn|5
|
|t:|1779718624
|switch|p1a: Hydrapple|Hydrapple, F|100/100
|move|p2a: Walking Wake|Hydro Steam|p1a: Hydrapple
|-resisted|p1a: Hydrapple
|-damage|p1a: Hydrapple|63/100
|
|-weather|SunnyDay|[upkeep]
|upkeep
|turn|6
|
|t:|1779718633
|-end|p2a: Walking Wake|Protosynthesis|[silent]
|switch|p2a: Slither Wing|Slither Wing|87/100
|-activate|p2a: Slither Wing|ability: Protosynthesis
|-start|p2a: Slither Wing|protosynthesisatk
|move|p1a: Hydrapple|Earth Power|p2a: Slither Wing
|-resisted|p2a: Slither Wing
|-damage|p2a: Slither Wing|75/100
|
|-weather|SunnyDay|[upkeep]
|upkeep
|turn|7
|
|t:|1779718640
|switch|p1a: Gliscor|Gliscor, F|100/100 tox
|-damage|p1a: Gliscor|88/100 tox|[from] Stealth Rock
|move|p2a: Slither Wing|U-turn|p1a: Gliscor
|-resisted|p1a: Gliscor
|-damage|p1a: Gliscor|68/100 tox
|
|t:|1779718661
|-end|p2a: Slither Wing|Protosynthesis|[silent]
|switch|p2a: Great Tusk|Great Tusk|100/100|[from] U-turn
|-activate|p2a: Great Tusk|ability: Protosynthesis
|-start|p2a: Great Tusk|protosynthesisspe
|
|-weather|SunnyDay|[upkeep]
|-heal|p1a: Gliscor|81/100 tox|[from] ability: Poison Heal
|upkeep
|turn|8
|inactive|zamrod0303 has 120 seconds left.
|
|t:|1779718688
|-end|p2a: Great Tusk|Protosynthesis|[silent]
|switch|p2a: Hatterene|Hatterene, F|77/100
|switch|p1a: Hydrapple|Hydrapple, F|96/100
|
|-weather|none
|upkeep
|turn|9
|
|t:|1779718695
|switch|p1a: Blissey|Blissey, F|100/100
|move|p2a: Hatterene|Psychic Noise|p1a: Blissey
|-damage|p1a: Blissey|88/100
|-start|p1a: Blissey|move: Heal Block
|
|upkeep
|turn|10
|
|t:|1779718700
|switch|p2a: Slither Wing|Slither Wing|75/100
|move|p1a: Blissey|Seismic Toss|p2a: Slither Wing
|-damage|p2a: Slither Wing|44/100
|
|-end|p1a: Blissey|move: Heal Block
|upkeep
|turn|11
|
|t:|1779718706
|switch|p1a: Gliscor|Gliscor, F|81/100 tox
|-damage|p1a: Gliscor|68/100 tox|[from] Stealth Rock
|move|p2a: Slither Wing|U-turn|p1a: Gliscor
|-resisted|p1a: Gliscor
|-damage|p1a: Gliscor|53/100 tox
|
|t:|1779718713
|-end|p2a: Slither Wing|Protosynthesis|[silent]
|switch|p2a: Torkoal|Torkoal, F|100/100|[from] U-turn
|-weather|SunnyDay|[from] ability: Drought|[of] p2a: Torkoal
|
|-weather|SunnyDay|[upkeep]
|-heal|p1a: Gliscor|65/100 tox|[from] ability: Poison Heal
|upkeep
|turn|12
|
|t:|1779718718
|switch|p2a: Slither Wing|Slither Wing|44/100
|-activate|p2a: Slither Wing|ability: Protosynthesis
|-start|p2a: Slither Wing|protosynthesisatk
|move|p1a: Gliscor|Knock Off|p2a: Slither Wing
|-resisted|p2a: Slither Wing
|-damage|p2a: Slither Wing|35/100
|
|-weather|SunnyDay|[upkeep]
|-heal|p1a: Gliscor|78/100 tox|[from] ability: Poison Heal
|upkeep
|turn|13
|
|t:|1779718728
|move|p2a: Slither Wing|Morning Sun|p2a: Slither Wing
|-heal|p2a: Slither Wing|100/100
|move|p1a: Gliscor|Facade|p2a: Slither Wing
|-damage|p2a: Slither Wing|64/100
|
|-weather|SunnyDay|[upkeep]
|-heal|p1a: Gliscor|90/100 tox|[from] ability: Poison Heal
|upkeep
|turn|14
|
|t:|1779718736
|move|p2a: Slither Wing|U-turn|p1a: Gliscor
|-resisted|p1a: Gliscor
|-damage|p1a: Gliscor|71/100 tox
|
|t:|1779718743
|-end|p2a: Slither Wing|Protosynthesis|[silent]
|switch|p2a: Hatterene|Hatterene, F|77/100|[from] U-turn
|move|p1a: Gliscor|Facade|p2a: Hatterene
|-damage|p2a: Hatterene|53/100
|
|-weather|SunnyDay|[upkeep]
|-heal|p1a: Gliscor|84/100 tox|[from] ability: Poison Heal
|upkeep
|turn|15
|
|t:|1779718755
|move|p1a: Gliscor|Protect|p1a: Gliscor
|-singleturn|p1a: Gliscor|Protect
|move|p2a: Hatterene|Psychic Noise|p1a: Gliscor
|-activate|p1a: Gliscor|move: Protect
|
|-weather|SunnyDay|[upkeep]
|-heal|p1a: Gliscor|96/100 tox|[from] ability: Poison Heal
|upkeep
|turn|16
|
|t:|1779718761
|move|p1a: Gliscor|Swords Dance|p1a: Gliscor
|-boost|p1a: Gliscor|atk|2
|move|p2a: Hatterene|Psychic Noise|p1a: Gliscor
|-damage|p1a: Gliscor|67/100 tox
|-start|p1a: Gliscor|move: Heal Block
|
|-weather|SunnyDay|[upkeep]
|upkeep
|turn|17
|
|t:|1779718770
|switch|p2a: Great Tusk|Great Tusk|100/100
|-activate|p2a: Great Tusk|ability: Protosynthesis
|-start|p2a: Great Tusk|protosynthesisspe
|move|p1a: Gliscor|Facade|p2a: Great Tusk
|-damage|p2a: Great Tusk|61/100
|
|-weather|SunnyDay|[upkeep]
|-heal|p2a: Great Tusk|67/100|[from] item: Leftovers
|-end|p1a: Gliscor|move: Heal Block
|upkeep
|turn|18
|
|t:|1779718780
|move|p1a: Gliscor|Protect|p1a: Gliscor
|-singleturn|p1a: Gliscor|Protect
|move|p2a: Great Tusk|Bulk Up|p2a: Great Tusk
|-boost|p2a: Great Tusk|atk|1
|-boost|p2a: Great Tusk|def|1
|
|-weather|none
|-end|p2a: Great Tusk|Protosynthesis
|-heal|p2a: Great Tusk|73/100|[from] item: Leftovers
|-heal|p1a: Gliscor|79/100 tox|[from] ability: Poison Heal
|upkeep
|turn|19
|
|t:|1779718787
|-end|p2a: Great Tusk|Protosynthesis|[silent]
|switch|p2a: Walking Wake|Walking Wake, tera:Water|100/100
|switch|p1a: Dondozo|Dondozo, M|100/100
|
|upkeep
|turn|20
|
|t:|1779718792
|switch|p1a: Blissey|Blissey, F|88/100
|move|p2a: Walking Wake|Draco Meteor|p1a: Blissey
|-damage|p1a: Blissey|54/100
|-unboost|p2a: Walking Wake|spa|2
|
|upkeep
|turn|21
|
|t:|1779718799
|-end|p2a: Walking Wake|Protosynthesis|[silent]
|switch|p2a: Torkoal|Torkoal, F|100/100
|-weather|SunnyDay|[from] ability: Drought|[of] p2a: Torkoal
|move|p1a: Blissey|Soft-Boiled|p1a: Blissey
|-heal|p1a: Blissey|100/100
|
|-weather|SunnyDay|[upkeep]
|upkeep
|turn|22
|
|t:|1779718807
|move|p1a: Blissey|Stealth Rock|p2a: Torkoal
|-sidestart|p2: zamrod0303|move: Stealth Rock
|move|p2a: Torkoal|Will-O-Wisp|p1a: Blissey
|-status|p1a: Blissey|brn
|
|-weather|SunnyDay|[upkeep]
|-damage|p1a: Blissey|94/100 brn|[from] brn
|upkeep
|turn|23
|
|t:|1779718812
|-curestatus|p1a: Blissey|brn|[from] ability: Natural Cure|[silent]
|switch|p1a: Gliscor|Gliscor, F|79/100 tox
|-damage|p1a: Gliscor|67/100 tox|[from] Stealth Rock
|move|p2a: Torkoal|Rapid Spin|p1a: Gliscor
|-damage|p1a: Gliscor|60/100 tox
|-boost|p2a: Torkoal|spe|1
|-sideend|p2: zamrod0303|Stealth Rock|[from] move: Rapid Spin|[of] p2a: Torkoal
|
|-weather|SunnyDay|[upkeep]
|-heal|p1a: Gliscor|72/100 tox|[from] ability: Poison Heal
|upkeep
|turn|24
|
|t:|1779718817
|switch|p2a: Hatterene|Hatterene, F|53/100
|move|p1a: Gliscor|Knock Off|p2a: Hatterene
|-damage|p2a: Hatterene|42/100
|
|-weather|SunnyDay|[upkeep]
|-heal|p1a: Gliscor|85/100 tox|[from] ability: Poison Heal
|upkeep
|turn|25
|
|t:|1779718825
|move|p1a: Gliscor|Facade|p2a: Hatterene
|-damage|p2a: Hatterene|16/100
|move|p2a: Hatterene|Psychic Noise|p1a: Gliscor
|-damage|p1a: Gliscor|53/100 tox
|-start|p1a: Gliscor|move: Heal Block
|
|-weather|SunnyDay|[upkeep]
|upkeep
|turn|26
|
|t:|1779718831
|switch|p2a: Walking Wake|Walking Wake, tera:Water|100/100
|-activate|p2a: Walking Wake|ability: Protosynthesis
|-start|p2a: Walking Wake|protosynthesisspa
|move|p1a: Gliscor|Facade|p2a: Walking Wake
|-damage|p2a: Walking Wake|70/100
|
|-weather|SunnyDay|[upkeep]
|-end|p1a: Gliscor|move: Heal Block
|upkeep
|turn|27
|
|t:|1779718839
|move|p1a: Gliscor|Protect|p1a: Gliscor
|-singleturn|p1a: Gliscor|Protect
|move|p2a: Walking Wake|Hydro Steam|p1a: Gliscor
|-activate|p1a: Gliscor|move: Protect
|
|-weather|SunnyDay|[upkeep]
|-heal|p1a: Gliscor|66/100 tox|[from] ability: Poison Heal
|upkeep
|turn|28
|
|t:|1779718845
|-end|p2a: Walking Wake|Protosynthesis|[silent]
|switch|p2a: Slither Wing|Slither Wing|64/100
|-activate|p2a: Slither Wing|ability: Protosynthesis
|-start|p2a: Slither Wing|protosynthesisatk
|switch|p1a: Hydrapple|Hydrapple, F|100/100
|
|-weather|none
|-end|p2a: Slither Wing|Protosynthesis
|upkeep
|turn|29
|
|t:|1779718848
|switch|p1a: Gliscor|Gliscor, F|66/100 tox
|-damage|p1a: Gliscor|53/100 tox|[from] Stealth Rock
|move|p2a: Slither Wing|U-turn|p1a: Gliscor
|-resisted|p1a: Gliscor
|-damage|p1a: Gliscor|36/100 tox
|
|t:|1779718855
|-end|p2a: Slither Wing|Protosynthesis|[silent]
|switch|p2a: Walking Wake|Walking Wake, tera:Water|70/100|[from] U-turn
|
|-heal|p1a: Gliscor|48/100 tox|[from] ability: Poison Heal
|upkeep
|turn|30
|
|t:|1779718860
|move|p1a: Gliscor|Protect|p1a: Gliscor
|-singleturn|p1a: Gliscor|Protect
|move|p2a: Walking Wake|Flip Turn|p1a: Gliscor
|-activate|p1a: Gliscor|move: Protect
|
|-heal|p1a: Gliscor|61/100 tox|[from] ability: Poison Heal
|upkeep
|turn|31
|
|t:|1779718869
|move|p2a: Walking Wake|Flip Turn|p1a: Gliscor
|-supereffective|p1a: Gliscor
|-damage|p1a: Gliscor|27/100 tox
|
|t:|1779718875
|-end|p2a: Walking Wake|Protosynthesis|[silent]
|switch|p2a: Hatterene|Hatterene, F|16/100|[from] Flip Turn
|move|p1a: Gliscor|Facade|p2a: Hatterene
|-damage|p2a: Hatterene|0 fnt
|faint|p2a: Hatterene
|
|-heal|p1a: Gliscor|39/100 tox|[from] ability: Poison Heal
|upkeep
|
|t:|1779718892
|switch|p2a: Torkoal|Torkoal, F|100/100
|-weather|SunnyDay|[from] ability: Drought|[of] p2a: Torkoal
|turn|32
|
|t:|1779718899
|switch|p1a: Blissey|Blissey, F|94/100
|move|p2a: Torkoal|Lava Plume|p1a: Blissey
|-damage|p1a: Blissey|80/100
|
|-weather|SunnyDay|[upkeep]
|upkeep
|turn|33
|
|t:|1779718902
|switch|p2a: Slither Wing|Slither Wing|64/100
|-activate|p2a: Slither Wing|ability: Protosynthesis
|-start|p2a: Slither Wing|protosynthesisatk
|move|p1a: Blissey|Stealth Rock|p2a: Slither Wing
|-sidestart|p2: zamrod0303|move: Stealth Rock
|
|-weather|SunnyDay|[upkeep]
|upkeep
|turn|34
|
|t:|1779718907
|switch|p1a: Gliscor|Gliscor, F|39/100 tox
|-damage|p1a: Gliscor|27/100 tox|[from] Stealth Rock
|move|p2a: Slither Wing|U-turn|p1a: Gliscor
|-resisted|p1a: Gliscor
|-damage|p1a: Gliscor|5/100 tox
|
|t:|1779718929
|-end|p2a: Slither Wing|Protosynthesis|[silent]
|switch|p2a: Walking Wake|Walking Wake, tera:Water|70/100|[from] U-turn
|-damage|p2a: Walking Wake|57/100|[from] Stealth Rock
|-activate|p2a: Walking Wake|ability: Protosynthesis
|-start|p2a: Walking Wake|protosynthesisspa
|
|-weather|SunnyDay|[upkeep]
|-heal|p1a: Gliscor|18/100 tox|[from] ability: Poison Heal
|upkeep
|turn|35
|
|t:|1779718938
|move|p1a: Gliscor|Protect|p1a: Gliscor
|-singleturn|p1a: Gliscor|Protect
|move|p2a: Walking Wake|Flip Turn|p1a: Gliscor
|-activate|p1a: Gliscor|move: Protect
|
|-weather|SunnyDay|[upkeep]
|-heal|p1a: Gliscor|30/100 tox|[from] ability: Poison Heal
|upkeep
|turn|36
|
|t:|1779718948
|switch|p1a: Blissey|Blissey, F|80/100
|move|p2a: Walking Wake|Flip Turn|p1a: Blissey
|-damage|p1a: Blissey|71/100
|
|t:|1779718951
|-end|p2a: Walking Wake|Protosynthesis|[silent]
|switch|p2a: Slither Wing|Slither Wing|64/100|[from] Flip Turn
|-damage|p2a: Slither Wing|52/100|[from] Stealth Rock
|-activate|p2a: Slither Wing|ability: Protosynthesis
|-start|p2a: Slither Wing|protosynthesisatk
|
|-weather|SunnyDay|[upkeep]
|upkeep
|turn|37
|
|t:|1779718954
|switch|p1a: Dondozo|Dondozo, M|100/100
|move|p2a: Slither Wing|U-turn|p1a: Dondozo
|-damage|p1a: Dondozo|78/100
|
|t:|1779718963
|-end|p2a: Slither Wing|Protosynthesis|[silent]
|switch|p2a: Torkoal|Torkoal, F|100/100|[from] U-turn
|-damage|p2a: Torkoal|76/100|[from] Stealth Rock
|
|-weather|SunnyDay|[upkeep]
|upkeep
|turn|38
|
|t:|1779718971
|move|p1a: Dondozo|Body Press|p2a: Torkoal
|-damage|p2a: Torkoal|56/100
|move|p2a: Torkoal|Rapid Spin|p1a: Dondozo
|-damage|p1a: Dondozo|74/100
|-boost|p2a: Torkoal|spe|1
|-sideend|p2: zamrod0303|Stealth Rock|[from] move: Rapid Spin|[of] p2a: Torkoal
|
|-weather|SunnyDay|[upkeep]
|upkeep
|turn|39
|
|t:|1779718976
|move|p2a: Torkoal|Will-O-Wisp|p1a: Dondozo|[miss]
|-miss|p2a: Torkoal|p1a: Dondozo
|move|p1a: Dondozo|Body Press|p2a: Torkoal
|-damage|p2a: Torkoal|36/100
|
|-weather|none
|upkeep
|turn|40
|
|t:|1779718983
|switch|p2a: Slither Wing|Slither Wing|52/100
|move|p1a: Dondozo|Body Press|p2a: Slither Wing
|-resisted|p2a: Slither Wing
|-damage|p2a: Slither Wing|35/100
|
|upkeep
|turn|41
|
|t:|1779718987
|move|p2a: Slither Wing|Morning Sun|p2a: Slither Wing
|-heal|p2a: Slither Wing|84/100
|move|p1a: Dondozo|Rest|p1a: Dondozo
|-status|p1a: Dondozo|slp|[from] move: Rest
|-heal|p1a: Dondozo|100/100 slp|[silent]
|
|upkeep
|turn|42
|
|t:|1779718990
|move|p2a: Slither Wing|U-turn|p1a: Dondozo
|-damage|p1a: Dondozo|81/100 slp
|
|t:|1779718993
|-end|p2a: Slither Wing|Protosynthesis|[silent]
|switch|p2a: Torkoal|Torkoal, F|36/100|[from] U-turn
|-weather|SunnyDay|[from] ability: Drought|[of] p2a: Torkoal
|cant|p1a: Dondozo|slp
|move|p1a: Dondozo|Sleep Talk|p1a: Dondozo
|move|p1a: Dondozo|Rest||[from] move: Sleep Talk|[still]
|-fail|p1a: Dondozo
|
|-weather|SunnyDay|[upkeep]
|upkeep
|turn|43
|
|t:|1779719003
|switch|p2a: Walking Wake|Walking Wake, tera:Water|57/100
|-activate|p2a: Walking Wake|ability: Protosynthesis
|-start|p2a: Walking Wake|protosynthesisspa
|cant|p1a: Dondozo|slp
|move|p1a: Dondozo|Sleep Talk|p1a: Dondozo
|move|p1a: Dondozo|Curse|p1a: Dondozo|[from] move: Sleep Talk
|-unboost|p1a: Dondozo|spe|1
|-boost|p1a: Dondozo|atk|1
|-boost|p1a: Dondozo|def|1
|
|-weather|SunnyDay|[upkeep]
|upkeep
|turn|44
|
|t:|1779719012
|switch|p1a: Alomomola|Alomomola, M|100/100
|-damage|p1a: Alomomola|88/100|[from] Stealth Rock
|move|p2a: Walking Wake|Draco Meteor|p1a: Alomomola
|-damage|p1a: Alomomola|13/100
|-unboost|p2a: Walking Wake|spa|2
|
|-weather|SunnyDay|[upkeep]
|upkeep
|turn|45
|
|t:|1779719021
|switch|p1a: Blissey|Blissey, F|71/100
|move|p2a: Walking Wake|Draco Meteor|p1a: Blissey|[miss]
|-miss|p2a: Walking Wake|p1a: Blissey
|
|-weather|SunnyDay|[upkeep]
|upkeep
|turn|46
|
|t:|1779719029
|-end|p2a: Walking Wake|Protosynthesis|[silent]
|switch|p2a: Slither Wing|Slither Wing|84/100
|-activate|p2a: Slither Wing|ability: Protosynthesis
|-start|p2a: Slither Wing|protosynthesisatk
|move|p1a: Blissey|Stealth Rock|p2a: Slither Wing
|-sidestart|p2: zamrod0303|move: Stealth Rock
|
|-weather|SunnyDay|[upkeep]
|upkeep
|turn|47
|
|t:|1779719040
|switch|p1a: Toxapex|Toxapex, M|100/100
|move|p2a: Slither Wing|U-turn|p1a: Toxapex
|-resisted|p1a: Toxapex
|-damage|p1a: Toxapex|84/100
|
|t:|1779719043
|-end|p2a: Slither Wing|Protosynthesis|[silent]
|switch|p2a: Walking Wake|Walking Wake, tera:Water|57/100|[from] U-turn
|-damage|p2a: Walking Wake|45/100|[from] Stealth Rock
|-activate|p2a: Walking Wake|ability: Protosynthesis
|-start|p2a: Walking Wake|protosynthesisspa
|
|-weather|SunnyDay|[upkeep]
|upkeep
|turn|48
|
|t:|1779719047
|move|p2a: Walking Wake|Hydro Steam|p1a: Toxapex
|-resisted|p1a: Toxapex
|-damage|p1a: Toxapex|22/100
|move|p1a: Toxapex|Toxic|p2a: Walking Wake
|-status|p2a: Walking Wake|tox
|
|-weather|SunnyDay|[upkeep]
|-damage|p2a: Walking Wake|39/100 tox|[from] psn
|upkeep
|turn|49
|-message|zamrod0303 forfeited.
|
|win|choispecs ironmoth
|raw|choispecs ironmoth's rating: 1578 &rarr; <strong>1599</strong><br />(+21 for winning)
|raw|zamrod0303's rating: 1595 &rarr; <strong>1574</strong><br />(-21 for losing)
|l|☆zamrod0303
|player|p2|
