|j|☆Takao21
|j|☆drybeater36
|t:|1779705388
|gametype|singles
|player|p1|Takao21|102|1181
|player|p2|drybeater36|n|1123
|gen|9
|tier|[Gen 9] OU
|rated|
|rule|HP Percentage Mod: HP is shown in percentages
|rule|Endless Battle Clause: Forcing endless battles is banned
|rule|Species Clause: Limit one of each Pokémon
|rule|OHKO Clause: OHKO moves are banned
|rule|Evasion Items Clause: Evasion items are banned
|rule|Evasion Moves Clause: Evasion moves are banned
|rule|Evasion Abilities Clause: Evasion abilities are banned
|rule|Sleep Moves Clause: Sleep-inducing moves are banned
|clearpoke
|poke|p1|Wigglytuff, M|
|poke|p1|Gliscor, M|
|poke|p1|Clefable, F|
|poke|p1|Blaziken, M|
|poke|p1|Manaphy|
|poke|p1|Toxapex, M|
|poke|p2|Ogerpon, F|
|poke|p2|Comfey, F|
|poke|p2|Skeledirge, M|
|poke|p2|Gholdengo|
|poke|p2|Samurott-Hisui, M|
|poke|p2|Zamazenta-*|
|teampreview
|
|t:|1779705393
|teamsize|p1|6
|teamsize|p2|6
|start
|switch|p1a: Wigglytuff|Wigglytuff, M|100/100
|switch|p2a: Samurott|Samurott-Hisui, M|100/100
|turn|1
|inactive|Battle timer is ON: inactive players will automatically lose when time's up. (requested by drybeater36)
|
|t:|1779705403
|move|p2a: Samurott|Ceaseless Edge|p1a: Wigglytuff
|-resisted|p1a: Wigglytuff
|-damage|p1a: Wigglytuff|72/100
|-sidestart|p1: Takao21|Spikes
|move|p1a: Wigglytuff|Perish Song|p1a: Wigglytuff
|-start|p1a: Wigglytuff|perish3|[silent]
|-start|p2a: Samurott|perish3|[silent]
|-fieldactivate|move: Perish Song
|
|-heal|p1a: Wigglytuff|78/100|[from] item: Leftovers
|-start|p2a: Samurott|perish3
|-start|p1a: Wigglytuff|perish3
|upkeep
|turn|2
|
|t:|1779705414
|move|p2a: Samurott|Ceaseless Edge|p1a: Wigglytuff
|-resisted|p1a: Wigglytuff
|-damage|p1a: Wigglytuff|49/100
|-sidestart|p1: Takao21|Spikes
|move|p1a: Wigglytuff|Stealth Rock|p2a: Samurott
|-sidestart|p2: drybeater36|move: Stealth Rock
|
|-heal|p1a: Wigglytuff|55/100|[from] item: Leftovers
|-start|p2a: Samurott|perish2
|-start|p1a: Wigglytuff|perish2
|upkeep
|turn|3
|
|t:|1779705423
|move|p2a: Samurott|Ceaseless Edge|p1a: Wigglytuff
|-resisted|p1a: Wigglytuff
|-damage|p1a: Wigglytuff|28/100
|-sidestart|p1: Takao21|Spikes
|move|p1a: Wigglytuff|Wish|p1a: Wigglytuff
|
|-heal|p1a: Wigglytuff|34/100|[from] item: Leftovers
|-start|p2a: Samurott|perish1
|-start|p1a: Wigglytuff|perish1
|upkeep
|turn|4
|
|t:|1779705441
|switch|p2a: Gholdengo|Gholdengo|100/100
|-damage|p2a: Gholdengo|94/100|[from] Stealth Rock
|switch|p1a: Manaphy|Manaphy|100/100
|-damage|p1a: Manaphy|76/100|[from] Spikes
|
|-heal|p1a: Manaphy|100/100|[from] move: Wish|[wisher] Wigglytuff
|upkeep
|turn|5
|
|t:|1779705458
|-terastallize|p1a: Manaphy|Grass
|move|p1a: Manaphy|Tail Glow|p1a: Manaphy
|-boost|p1a: Manaphy|spa|3
|move|p2a: Gholdengo|Thunder Wave|p1a: Manaphy
|-status|p1a: Manaphy|par
|
|upkeep
|turn|6
|
|t:|1779705466
|move|p2a: Gholdengo|Hex|p1a: Manaphy
|-damage|p1a: Manaphy|48/100 par
|cant|p1a: Manaphy|par
|
|upkeep
|turn|7
|
|t:|1779705470
|move|p2a: Gholdengo|Hex|p1a: Manaphy
|-damage|p1a: Manaphy|0 fnt
|faint|p1a: Manaphy
|
|upkeep
|
|t:|1779705478
|switch|p1a: Blaziken|Blaziken, M|100/100
|-damage|p1a: Blaziken|76/100|[from] Spikes
|turn|8
|
|t:|1779705483
|move|p1a: Blaziken|Protect|p1a: Blaziken
|-singleturn|p1a: Blaziken|Protect
|move|p2a: Gholdengo|Thunder Wave|p1a: Blaziken
|-activate|p1a: Blaziken|move: Protect
|
|-ability|p1a: Blaziken|Speed Boost|boost
|-boost|p1a: Blaziken|spe|1
|upkeep
|turn|9
|
|t:|1779705495
|move|p1a: Blaziken|Fire Punch|p2a: Gholdengo
|-supereffective|p2a: Gholdengo
|-damage|p2a: Gholdengo|32/100
|-damage|p1a: Blaziken|59/100|[from] item: Rocky Helmet|[of] p2a: Gholdengo
|move|p2a: Gholdengo|Thunder Wave|p1a: Blaziken
|-status|p1a: Blaziken|par
|
|-ability|p1a: Blaziken|Speed Boost|boost
|-boost|p1a: Blaziken|spe|1
|upkeep
|turn|10
|
|t:|1779705505
|move|p1a: Blaziken|Fire Punch|p2a: Gholdengo
|-supereffective|p2a: Gholdengo
|-damage|p2a: Gholdengo|0 fnt
|-damage|p1a: Blaziken|42/100 par|[from] item: Rocky Helmet|[of] p2a: Gholdengo
|faint|p2a: Gholdengo
|
|-ability|p1a: Blaziken|Speed Boost|boost
|-boost|p1a: Blaziken|spe|1
|upkeep
|
|t:|1779705511
|switch|p2a: Comfey|Comfey, F|100/100
|-damage|p2a: Comfey|88/100|[from] Stealth Rock
|turn|11
|
|t:|1779705517
|move|p2a: Comfey|Draining Kiss|p1a: Blaziken
|-damage|p1a: Blaziken|0 fnt
|-heal|p2a: Comfey|100/100|[from] drain|[of] p1a: Blaziken
|faint|p1a: Blaziken
|-damage|p2a: Comfey|91/100|[from] item: Life Orb
|
|upkeep
|
|t:|1779705526
|switch|p1a: Gliscor|Gliscor, M|100/100
|turn|12
|
|t:|1779705530
|move|p2a: Comfey|Calm Mind|p2a: Comfey
|-boost|p2a: Comfey|spa|1
|-boost|p2a: Comfey|spd|1
|move|p1a: Gliscor|Swords Dance|p1a: Gliscor
|-boost|p1a: Gliscor|atk|2
|
|-status|p1a: Gliscor|tox|[from] item: Toxic Orb
|upkeep
|turn|13
|
|t:|1779705538
|move|p2a: Comfey|Draining Kiss|p1a: Gliscor
|-damage|p1a: Gliscor|68/100 tox
|-heal|p2a: Comfey|100/100|[from] drain|[of] p1a: Gliscor
|-damage|p2a: Comfey|91/100|[from] item: Life Orb
|move|p1a: Gliscor|Earthquake|p2a: Comfey
|-damage|p2a: Comfey|8/100
|
|-heal|p1a: Gliscor|81/100 tox|[from] ability: Poison Heal
|upkeep
|turn|14
|
|t:|1779705547
|move|p2a: Comfey|Draining Kiss|p1a: Gliscor
|-damage|p1a: Gliscor|50/100 tox
|-heal|p2a: Comfey|35/100|[from] drain|[of] p1a: Gliscor
|-damage|p2a: Comfey|26/100|[from] item: Life Orb
|move|p1a: Gliscor|Earthquake|p2a: Comfey
|-damage|p2a: Comfey|0 fnt
|faint|p2a: Comfey
|
|-heal|p1a: Gliscor|62/100 tox|[from] ability: Poison Heal
|upkeep
|
|t:|1779705557
|switch|p2a: Samurott|Samurott-Hisui, M|100/100
|-damage|p2a: Samurott|88/100|[from] Stealth Rock
|turn|15
|
|t:|1779705561
|move|p1a: Gliscor|Protect|p1a: Gliscor
|-singleturn|p1a: Gliscor|Protect
|move|p2a: Samurott|Razor Shell|p1a: Gliscor
|-activate|p1a: Gliscor|move: Protect
|
|-heal|p1a: Gliscor|75/100 tox|[from] ability: Poison Heal
|upkeep
|turn|16
|
|t:|1779705569
|switch|p1a: Wigglytuff|Wigglytuff, M|34/100
|-damage|p1a: Wigglytuff|9/100|[from] Spikes
|move|p2a: Samurott|Razor Shell|p1a: Wigglytuff
|-damage|p1a: Wigglytuff|0 fnt
|faint|p1a: Wigglytuff
|
|upkeep
|
|t:|1779705577
|switch|p1a: Toxapex|Toxapex, M|100/100
|-damage|p1a: Toxapex|76/100|[from] Spikes
|turn|17
|
|t:|1779705583
|switch|p2a: Zamazenta|Zamazenta|100/100
|-damage|p2a: Zamazenta|94/100|[from] Stealth Rock
|-ability|p2a: Zamazenta|Dauntless Shield|boost
|-boost|p2a: Zamazenta|def|1
|move|p1a: Toxapex|Toxic|p2a: Zamazenta
|-status|p2a: Zamazenta|tox
|
|-heal|p2a: Zamazenta|100/100 tox|[from] item: Leftovers
|-damage|p2a: Zamazenta|94/100 tox|[from] psn
|upkeep
|turn|18
|
|t:|1779705594
|move|p1a: Toxapex|Haze|p1a: Toxapex
|-clearallboost
|move|p2a: Zamazenta|Roar|p1a: Toxapex
|drag|p1a: Clefable|Clefable, F|100/100
|-damage|p1a: Clefable|76/100|[from] Spikes
|
|-heal|p2a: Zamazenta|100/100 tox|[from] item: Leftovers
|-heal|p1a: Clefable|82/100|[from] item: Leftovers
|-damage|p2a: Zamazenta|88/100 tox|[from] psn
|upkeep
|turn|19
|
|t:|1779705612
|move|p1a: Clefable|Moonlight|p1a: Clefable
|-heal|p1a: Clefable|100/100
|move|p2a: Zamazenta|Roar|p1a: Clefable
|drag|p1a: Gliscor|Gliscor, M|75/100 tox
|
|-heal|p2a: Zamazenta|94/100 tox|[from] item: Leftovers
|-damage|p2a: Zamazenta|76/100 tox|[from] psn
|-heal|p1a: Gliscor|87/100 tox|[from] ability: Poison Heal
|upkeep
|turn|20
|
|t:|1779705623
|move|p1a: Gliscor|Earthquake|p2a: Zamazenta
|-damage|p2a: Zamazenta|51/100 tox
|move|p2a: Zamazenta|Roar|p1a: Gliscor
|drag|p1a: Clefable|Clefable, F|100/100
|-damage|p1a: Clefable|76/100|[from] Spikes
|
|-heal|p2a: Zamazenta|57/100 tox|[from] item: Leftovers
|-heal|p1a: Clefable|82/100|[from] item: Leftovers
|-damage|p2a: Zamazenta|32/100 tox|[from] psn
|upkeep
|turn|21
|
|t:|1779705633
|move|p1a: Clefable|Moonlight|p1a: Clefable
|-heal|p1a: Clefable|100/100
|move|p2a: Zamazenta|Roar|p1a: Clefable
|drag|p1a: Toxapex|Toxapex, M|100/100
|-damage|p1a: Toxapex|76/100|[from] Spikes
|
|-heal|p2a: Zamazenta|39/100 tox|[from] item: Leftovers
|-damage|p2a: Zamazenta|8/100 tox|[from] psn
|upkeep
|turn|22
|
|t:|1779705645
|move|p1a: Toxapex|Recover|p1a: Toxapex
|-heal|p1a: Toxapex|100/100
|move|p2a: Zamazenta|Roar|p1a: Toxapex
|drag|p1a: Clefable|Clefable, F|100/100
|-damage|p1a: Clefable|76/100|[from] Spikes
|
|-heal|p2a: Zamazenta|14/100 tox|[from] item: Leftovers
|-heal|p1a: Clefable|82/100|[from] item: Leftovers
|-damage|p2a: Zamazenta|0 fnt|[from] psn
|faint|p2a: Zamazenta
|upkeep
|
|t:|1779705649
|switch|p2a: Ogerpon|Ogerpon, F|100/100
|-damage|p2a: Ogerpon|88/100|[from] Stealth Rock
|turn|23
|
|t:|1779705665
|-terastallize|p2a: Ogerpon|Grass
|detailschange|p2a: Ogerpon|Ogerpon-Teal-Tera, F, tera:Grass
|-ability|p2a: Ogerpon|Embody Aspect (Teal)|boost
|-boost|p2a: Ogerpon|spe|1
|move|p2a: Ogerpon|Ivy Cudgel|p1a: Clefable
|-crit|p1a: Clefable
|-damage|p1a: Clefable|0 fnt
|faint|p1a: Clefable
|
|upkeep
|
|t:|1779705675
|switch|p1a: Gliscor|Gliscor, M|87/100 tox
|turn|24
|
|t:|1779705684
|move|p2a: Ogerpon|Ivy Cudgel|p1a: Gliscor
|-damage|p1a: Gliscor|4/100 tox
|move|p1a: Gliscor|Knock Off|p2a: Ogerpon
|-damage|p2a: Ogerpon|58/100
|-enditem|p2a: Ogerpon|Choice Band|[from] move: Knock Off|[of] p1a: Gliscor
|
|-heal|p1a: Gliscor|17/100 tox|[from] ability: Poison Heal
|upkeep
|turn|25
|
|t:|1779705694
|move|p1a: Gliscor|Protect|p1a: Gliscor
|-singleturn|p1a: Gliscor|Protect
|move|p2a: Ogerpon|Ivy Cudgel|p1a: Gliscor
|-activate|p1a: Gliscor|move: Protect
|
|-heal|p1a: Gliscor|29/100 tox|[from] ability: Poison Heal
|upkeep
|turn|26
|
|t:|1779705701
|switch|p1a: Toxapex|Toxapex, M|100/100
|-damage|p1a: Toxapex|76/100|[from] Spikes
|move|p2a: Ogerpon|Ivy Cudgel|p1a: Toxapex
|-damage|p1a: Toxapex|33/100
|
|upkeep
|turn|27
|
|t:|1779705712
|move|p2a: Ogerpon|Ivy Cudgel|p1a: Toxapex
|-crit|p1a: Toxapex
|-damage|p1a: Toxapex|0 fnt
|faint|p1a: Toxapex
|
|upkeep
|
|t:|1779705717
|switch|p1a: Gliscor|Gliscor, M|29/100 tox
|turn|28
|
|t:|1779705721
|move|p2a: Ogerpon|Ivy Cudgel|p1a: Gliscor
|-damage|p1a: Gliscor|0 fnt
|faint|p1a: Gliscor
|
|win|drybeater36
|raw|Takao21's rating: 1181 &rarr; <strong>1152</strong><br />(-29 for losing)
|raw|drybeater36's rating: 1123 &rarr; <strong>1152</strong><br />(+29 for winning)
|l|☆Takao21
|player|p1|
|l|☆drybeater36
|player|p2|
