|j|☆g3thyp
|j|☆Surged Up diva
|t:|1779664223
|gametype|singles
|player|p1|g3thyp|backersf|1483
|player|p2|Surged Up diva|2|1607
|gen|9
|tier|[Gen 9] OU
|rated|
|rule|HP Percentage Mod: HP is shown in percentages
|rule|Endless Battle Clause: Forcing endless battles is banned
|rule|Species Clause: Limit one of each Pokémon
|rule|OHKO Clause: OHKO moves are banned
|rule|Evasion Items Clause: Evasion items are banned
|rule|Evasion Moves Clause: Evasion moves are banned
|rule|Evasion Abilities Clause: Evasion abilities are banned
|rule|Sleep Moves Clause: Sleep-inducing moves are banned
|clearpoke
|poke|p1|Rotom-Wash|
|poke|p1|Cinderace, M|
|poke|p1|Tyranitar, F|
|poke|p1|Dragapult, M|
|poke|p1|Gliscor, F|
|poke|p1|Corviknight, F|
|poke|p2|Great Tusk|
|poke|p2|Gholdengo|
|poke|p2|Ting-Lu|
|poke|p2|Darkrai|
|poke|p2|Moltres|
|poke|p2|Enamorus-Therian, F|
|teampreview
|inactive|Battle timer is ON: inactive players will automatically lose when time's up. (requested by g3thyp)
|
|t:|1779664242
|teamsize|p1|6
|teamsize|p2|6
|start
|switch|p1a: Cinderace|Cinderace, M|100/100
|switch|p2a: Darkrai|Darkrai|100/100
|turn|1
|
|t:|1779664250
|switch|p2a: Moltres|Moltres|100/100
|move|p1a: Cinderace|U-turn|p2a: Moltres
|-resisted|p2a: Moltres
|-damage|p2a: Moltres|97/100
|
|t:|1779664254
|switch|p1a: Tyranitar|Tyranitar, F|100/100|[from] U-turn
|-weather|Sandstorm|[from] ability: Sand Stream|[of] p1a: Tyranitar
|
|-weather|Sandstorm|[upkeep]
|-damage|p2a: Moltres|91/100|[from] Sandstorm
|upkeep
|turn|2
|
|t:|1779664269
|switch|p2a: Ting-Lu|Ting-Lu|100/100
|-ability|p2a: Ting-Lu|Vessel of Ruin
|move|p1a: Tyranitar|Knock Off|p2a: Ting-Lu
|-resisted|p2a: Ting-Lu
|-damage|p2a: Ting-Lu|88/100
|-enditem|p2a: Ting-Lu|Leftovers|[from] move: Knock Off|[of] p1a: Tyranitar
|
|-weather|Sandstorm|[upkeep]
|upkeep
|turn|3
|
|t:|1779664281
|move|p2a: Ting-Lu|Ruination|p1a: Tyranitar
|-damage|p1a: Tyranitar|50/100
|move|p1a: Tyranitar|Roar|p2a: Ting-Lu
|drag|p2a: Great Tusk|Great Tusk|100/100
|
|-weather|Sandstorm|[upkeep]
|-heal|p1a: Tyranitar|57/100|[from] item: Leftovers
|upkeep
|turn|4
|
|t:|1779664292
|switch|p1a: Rotom|Rotom-Wash|100/100
|move|p2a: Great Tusk|Stealth Rock|p1a: Rotom
|-sidestart|p1: g3thyp|move: Stealth Rock
|
|-weather|Sandstorm|[upkeep]
|-damage|p1a: Rotom|94/100|[from] Sandstorm
|-heal|p1a: Rotom|100/100|[from] item: Leftovers
|upkeep
|turn|5
|
|t:|1779664309
|-end|p2a: Great Tusk|Protosynthesis|[silent]
|switch|p2a: Moltres|Moltres|91/100
|move|p1a: Rotom|Hydro Pump|p2a: Moltres
|-supereffective|p2a: Moltres
|-damage|p2a: Moltres|14/100
|
|-weather|none
|upkeep
|turn|6
|
|t:|1779664325
|switch|p2a: Darkrai|Darkrai|100/100
|move|p1a: Rotom|Hydro Pump|p2a: Darkrai
|-damage|p2a: Darkrai|50/100
|
|upkeep
|turn|7
|
|t:|1779664330
|switch|p1a: Tyranitar|Tyranitar, F|57/100
|-damage|p1a: Tyranitar|44/100|[from] Stealth Rock
|-weather|Sandstorm|[from] ability: Sand Stream|[of] p1a: Tyranitar
|move|p2a: Darkrai|Dark Pulse|p1a: Tyranitar
|-resisted|p1a: Tyranitar
|-damage|p1a: Tyranitar|36/100
|
|-weather|Sandstorm|[upkeep]
|-damage|p2a: Darkrai|44/100|[from] Sandstorm
|-heal|p1a: Tyranitar|42/100|[from] item: Leftovers
|upkeep
|turn|8
|
|t:|1779664340
|switch|p2a: Ting-Lu|Ting-Lu|88/100
|-ability|p2a: Ting-Lu|Vessel of Ruin
|move|p1a: Tyranitar|Stealth Rock|p2a: Ting-Lu
|-sidestart|p2: Surged Up diva|move: Stealth Rock
|
|-weather|Sandstorm|[upkeep]
|-heal|p1a: Tyranitar|48/100|[from] item: Leftovers
|upkeep
|turn|9
|
|t:|1779664349
|switch|p1a: Gliscor|Gliscor, F|100/100
|-damage|p1a: Gliscor|88/100|[from] Stealth Rock
|move|p2a: Ting-Lu|Spikes|p1a: Gliscor
|-sidestart|p1: g3thyp|Spikes
|
|-weather|Sandstorm|[upkeep]
|-status|p1a: Gliscor|tox|[from] item: Toxic Orb
|upkeep
|turn|10
|
|t:|1779664357
|move|p1a: Gliscor|Toxic|p2a: Ting-Lu
|-status|p2a: Ting-Lu|tox
|move|p2a: Ting-Lu|Whirlwind|p1a: Gliscor
|drag|p1a: Tyranitar|Tyranitar, F|48/100
|-damage|p1a: Tyranitar|36/100|[from] Stealth Rock
|-damage|p1a: Tyranitar|24/100|[from] Spikes
|
|-weather|Sandstorm|[upkeep]
|-heal|p1a: Tyranitar|30/100|[from] item: Leftovers
|-damage|p2a: Ting-Lu|82/100 tox|[from] psn
|upkeep
|turn|11
|
|t:|1779664364
|move|p2a: Ting-Lu|Spikes|p1a: Tyranitar
|-sidestart|p1: g3thyp|Spikes
|move|p1a: Tyranitar|Roar|p2a: Ting-Lu
|drag|p2a: Darkrai|Darkrai|44/100
|
|-weather|none
|-heal|p1a: Tyranitar|36/100|[from] item: Leftovers
|upkeep
|turn|12
|
|t:|1779664375
|switch|p2a: Great Tusk|Great Tusk|100/100
|-damage|p2a: Great Tusk|98/100|[from] Stealth Rock
|move|p1a: Tyranitar|Knock Off|p2a: Great Tusk
|-resisted|p2a: Great Tusk
|-damage|p2a: Great Tusk|85/100
|-damage|p1a: Tyranitar|19/100|[from] item: Rocky Helmet|[of] p2a: Great Tusk
|-enditem|p2a: Great Tusk|Rocky Helmet|[from] move: Knock Off|[of] p1a: Tyranitar
|
|-heal|p1a: Tyranitar|25/100|[from] item: Leftovers
|upkeep
|turn|13
|
|t:|1779664383
|move|p2a: Great Tusk|Rapid Spin|p1a: Tyranitar
|-resisted|p1a: Tyranitar
|-damage|p1a: Tyranitar|20/100
|-boost|p2a: Great Tusk|spe|1
|-sideend|p2: Surged Up diva|Stealth Rock|[from] move: Rapid Spin|[of] p2a: Great Tusk
|move|p1a: Tyranitar|Ice Beam|p2a: Great Tusk
|-supereffective|p2a: Great Tusk
|-damage|p2a: Great Tusk|32/100
|
|-heal|p1a: Tyranitar|26/100|[from] item: Leftovers
|upkeep
|turn|14
|
|t:|1779664393
|move|p2a: Great Tusk|Headlong Rush|p1a: Tyranitar
|-supereffective|p1a: Tyranitar
|-damage|p1a: Tyranitar|0 fnt
|-unboost|p2a: Great Tusk|def|1
|-unboost|p2a: Great Tusk|spd|1
|faint|p1a: Tyranitar
|
|upkeep
|
|t:|1779664398
|switch|p1a: Dragapult|Dragapult, M|100/100
|-damage|p1a: Dragapult|88/100|[from] Stealth Rock
|-damage|p1a: Dragapult|72/100|[from] Spikes
|turn|15
|
|t:|1779664411
|-end|p2a: Great Tusk|Protosynthesis|[silent]
|switch|p2a: Ting-Lu|Ting-Lu|82/100 tox
|-ability|p2a: Ting-Lu|Vessel of Ruin
|move|p1a: Dragapult|Dragon Darts|p2a: Ting-Lu
|-damage|p2a: Ting-Lu|67/100 tox
|-anim|p1a: Dragapult|Dragon Darts|p2a: Ting-Lu
|-damage|p2a: Ting-Lu|51/100 tox
|-damage|p1a: Dragapult|62/100|[from] item: Life Orb
|
|-damage|p2a: Ting-Lu|45/100 tox|[from] psn
|upkeep
|turn|16
|
|t:|1779664421
|move|p1a: Dragapult|Dragon Darts|p2a: Ting-Lu
|-damage|p2a: Ting-Lu|30/100 tox
|-anim|p1a: Dragapult|Dragon Darts|p2a: Ting-Lu
|-damage|p2a: Ting-Lu|15/100 tox
|-damage|p1a: Dragapult|52/100|[from] item: Life Orb
|move|p2a: Ting-Lu|Whirlwind|p1a: Dragapult
|drag|p1a: Cinderace|Cinderace, M|100/100
|
|-damage|p2a: Ting-Lu|3/100 tox|[from] psn
|upkeep
|turn|17
|
|t:|1779664432
|move|p1a: Cinderace|Court Change|p1a: Cinderace
|-swapsideconditions
|-activate|p1a: Cinderace|move: Court Change
|move|p2a: Ting-Lu|Earthquake|p1a: Cinderace
|-supereffective|p1a: Cinderace
|-damage|p1a: Cinderace|4/100
|
|-damage|p2a: Ting-Lu|0 fnt|[from] psn
|faint|p2a: Ting-Lu
|upkeep
|
|t:|1779664447
|switch|p2a: Darkrai|Darkrai|44/100
|turn|18
|
|t:|1779664452
|move|p2a: Darkrai|Dark Pulse|p1a: Cinderace
|-damage|p1a: Cinderace|0 fnt
|faint|p1a: Cinderace
|
|upkeep
|
|t:|1779664455
|switch|p1a: Dragapult|Dragapult, M|52/100
|turn|19
|
|t:|1779664464
|switch|p2a: Moltres|Moltres|14/100
|move|p1a: Dragapult|Dragon Darts|p2a: Moltres
|-damage|p2a: Moltres|0 fnt
|faint|p2a: Moltres
|-damage|p1a: Dragapult|42/100|[from] item: Life Orb
|
|upkeep
|
|t:|1779664473
|switch|p2a: Enamorus|Enamorus-Therian, F|100/100
|-damage|p2a: Enamorus|76/100|[from] Stealth Rock
|turn|20
|
|t:|1779664482
|switch|p1a: Gliscor|Gliscor, F|88/100 tox
|move|p2a: Enamorus|Moonblast|p1a: Gliscor
|-damage|p1a: Gliscor|41/100 tox
|-unboost|p1a: Gliscor|spa|1
|
|-heal|p2a: Enamorus|82/100|[from] item: Leftovers
|-heal|p1a: Gliscor|53/100 tox|[from] ability: Poison Heal
|upkeep
|turn|21
|
|t:|1779664491
|switch|p2a: Gholdengo|Gholdengo|100/100
|-damage|p2a: Gholdengo|94/100|[from] Stealth Rock
|-damage|p2a: Gholdengo|78/100|[from] Spikes
|move|p1a: Gliscor|Toxic|p2a: Gholdengo
|-immune|p2a: Gholdengo|[from] ability: Good as Gold
|
|-heal|p1a: Gliscor|66/100 tox|[from] ability: Poison Heal
|upkeep
|turn|22
|
|t:|1779664500
|move|p1a: Gliscor|Protect|p1a: Gliscor
|-singleturn|p1a: Gliscor|Protect
|move|p2a: Gholdengo|Trick|p1a: Gliscor
|-activate|p1a: Gliscor|move: Protect
|
|-heal|p1a: Gliscor|78/100 tox|[from] ability: Poison Heal
|upkeep
|turn|23
|
|t:|1779664506
|move|p2a: Gholdengo|Trick|p1a: Gliscor
|-activate|p2a: Gholdengo|move: Trick|[of] p1a: Gliscor
|-item|p1a: Gliscor|Choice Scarf|[from] move: Trick
|-item|p2a: Gholdengo|Toxic Orb|[from] move: Trick
|move|p1a: Gliscor|Earthquake|p2a: Gholdengo
|-supereffective|p2a: Gholdengo
|-damage|p2a: Gholdengo|1/100
|
|-heal|p1a: Gliscor|91/100 tox|[from] ability: Poison Heal
|upkeep
|turn|24
|
|t:|1779664516
|move|p1a: Gliscor|Earthquake|p2a: Gholdengo
|-supereffective|p2a: Gholdengo
|-damage|p2a: Gholdengo|0 fnt
|faint|p2a: Gholdengo
|
|-heal|p1a: Gliscor|100/100 tox|[from] ability: Poison Heal
|upkeep
|
|t:|1779664519
|switch|p2a: Enamorus|Enamorus-Therian, F|82/100
|-damage|p2a: Enamorus|57/100|[from] Stealth Rock
|turn|25
|
|t:|1779664525
|switch|p1a: Rotom|Rotom-Wash|100/100
|move|p2a: Enamorus|Calm Mind|p2a: Enamorus
|-boost|p2a: Enamorus|spa|1
|-boost|p2a: Enamorus|spd|1
|
|-heal|p2a: Enamorus|63/100|[from] item: Leftovers
|upkeep
|turn|26
|
|t:|1779664543
|-terastallize|p2a: Enamorus|Ground
|move|p1a: Rotom|Volt Switch|p2a: Enamorus
|-immune|p2a: Enamorus
|move|p2a: Enamorus|Calm Mind|p2a: Enamorus
|-boost|p2a: Enamorus|spa|1
|-boost|p2a: Enamorus|spd|1
|
|-heal|p2a: Enamorus|69/100|[from] item: Leftovers
|upkeep
|turn|27
|
|t:|1779664548
|move|p1a: Rotom|Hydro Pump|p2a: Enamorus|[miss]
|-miss|p1a: Rotom|p2a: Enamorus
|move|p2a: Enamorus|Moonblast|p1a: Rotom
|-damage|p1a: Rotom|0 fnt
|faint|p1a: Rotom
|
|-heal|p2a: Enamorus|75/100|[from] item: Leftovers
|upkeep
|
|t:|1779664550
|switch|p1a: Gliscor|Gliscor, F|100/100 tox
|turn|28
|
|t:|1779664556
|move|p1a: Gliscor|Toxic|p2a: Enamorus
|-status|p2a: Enamorus|tox
|move|p2a: Enamorus|Moonblast|p1a: Gliscor
|-damage|p1a: Gliscor|3/100 tox
|
|-heal|p2a: Enamorus|81/100 tox|[from] item: Leftovers
|-heal|p1a: Gliscor|16/100 tox|[from] ability: Poison Heal
|-damage|p2a: Enamorus|75/100 tox|[from] psn
|upkeep
|turn|29
|
|t:|1779664566
|switch|p1a: Dragapult|Dragapult, M|42/100
|move|p2a: Enamorus|Mystical Fire|p1a: Dragapult
|-resisted|p1a: Dragapult
|-damage|p1a: Dragapult|1/100
|
|-heal|p2a: Enamorus|81/100 tox|[from] item: Leftovers
|-damage|p2a: Enamorus|69/100 tox|[from] psn
|upkeep
|turn|30
|
|t:|1779664574
|move|p1a: Dragapult|Draco Meteor|p2a: Enamorus
|-damage|p2a: Enamorus|36/100 tox
|-unboost|p1a: Dragapult|spa|2
|-damage|p1a: Dragapult|0 fnt|[from] item: Life Orb
|faint|p1a: Dragapult
|move|p2a: Enamorus|Mystical Fire|p1: Dragapult|[notarget]
|-fail|p2a: Enamorus
|
|-heal|p2a: Enamorus|42/100 tox|[from] item: Leftovers
|-damage|p2a: Enamorus|24/100 tox|[from] psn
|upkeep
|
|t:|1779664576
|switch|p1a: Gliscor|Gliscor, F|16/100 tox
|turn|31
|
|t:|1779664587
|switch|p2a: Great Tusk|Great Tusk|32/100
|-damage|p2a: Great Tusk|29/100|[from] Stealth Rock
|-damage|p2a: Great Tusk|12/100|[from] Spikes
|move|p1a: Gliscor|Spikes|p2a: Great Tusk
|-sidestart|p2: Surged Up diva|Spikes
|
|-heal|p1a: Gliscor|28/100 tox|[from] ability: Poison Heal
|upkeep
|turn|32
|
|t:|1779664594
|switch|p1a: Corviknight|Corviknight, F|100/100
|move|p2a: Great Tusk|Rapid Spin|p1a: Corviknight
|-resisted|p1a: Corviknight
|-damage|p1a: Corviknight|95/100
|-boost|p2a: Great Tusk|spe|1
|-sideend|p2: Surged Up diva|Spikes|[from] move: Rapid Spin|[of] p2a: Great Tusk
|-sideend|p2: Surged Up diva|Stealth Rock|[from] move: Rapid Spin|[of] p2a: Great Tusk
|
|-heal|p1a: Corviknight|100/100|[from] item: Leftovers
|upkeep
|turn|33
|
|t:|1779664607
|move|p2a: Great Tusk|Ice Spinner|p1a: Corviknight
|-damage|p1a: Corviknight|85/100
|move|p1a: Corviknight|Agility|p1a: Corviknight
|-boost|p1a: Corviknight|spe|2
|
|-heal|p1a: Corviknight|91/100|[from] item: Leftovers
|upkeep
|turn|34
|
|t:|1779664612
|move|p2a: Great Tusk|Ice Spinner|p1a: Corviknight
|-damage|p1a: Corviknight|75/100
|move|p1a: Corviknight|Bulk Up|p1a: Corviknight
|-boost|p1a: Corviknight|atk|1
|-boost|p1a: Corviknight|def|1
|
|-heal|p1a: Corviknight|81/100|[from] item: Leftovers
|upkeep
|turn|35
|
|t:|1779664616
|move|p2a: Great Tusk|Ice Spinner|p1a: Corviknight
|-damage|p1a: Corviknight|70/100
|move|p1a: Corviknight|Bulk Up|p1a: Corviknight
|-boost|p1a: Corviknight|atk|1
|-boost|p1a: Corviknight|def|1
|
|-heal|p1a: Corviknight|77/100|[from] item: Leftovers
|upkeep
|turn|36
|
|t:|1779664618
|move|p2a: Great Tusk|Ice Spinner|p1a: Corviknight
|-damage|p1a: Corviknight|69/100
|move|p1a: Corviknight|Agility|p1a: Corviknight
|-boost|p1a: Corviknight|spe|2
|
|-heal|p1a: Corviknight|75/100|[from] item: Leftovers
|upkeep
|turn|37
|
|t:|1779664621
|move|p1a: Corviknight|Body Press|p2a: Great Tusk
|-damage|p2a: Great Tusk|0 fnt
|faint|p2a: Great Tusk
|-end|p2a: Great Tusk|Protosynthesis|[silent]
|
|-heal|p1a: Corviknight|82/100|[from] item: Leftovers
|upkeep
|-message|Surged Up diva forfeited.
|
|win|g3thyp
|raw|g3thyp's rating: 1483 &rarr; <strong>1510</strong><br />(+27 for winning)
|raw|Surged Up diva's rating: 1607 &rarr; <strong>1580</strong><br />(-27 for losing)
|l|☆Surged Up diva
|player|p2|
|l|☆g3thyp
|player|p1|
