|j|☆1331798aaa0
|j|☆arpoirijks
|t:|1779610268
|gametype|singles
|player|p1|1331798aaa0|dawn|1071
|player|p2|arpoirijks|steven|1016
|gen|9
|tier|[Gen 9] OU
|rated|
|rule|HP Percentage Mod: HP is shown in percentages
|rule|Endless Battle Clause: Forcing endless battles is banned
|rule|Species Clause: Limit one of each Pokémon
|rule|OHKO Clause: OHKO moves are banned
|rule|Evasion Items Clause: Evasion items are banned
|rule|Evasion Moves Clause: Evasion moves are banned
|rule|Evasion Abilities Clause: Evasion abilities are banned
|rule|Sleep Moves Clause: Sleep-inducing moves are banned
|clearpoke
|poke|p1|Tyranitar, M|
|poke|p1|Great Tusk|
|poke|p1|Excadrill, F|
|poke|p1|Hippowdon, F|
|poke|p1|Garchomp, M|
|poke|p1|Ursaluna, F|
|poke|p2|Illumise, F|
|poke|p2|Rhyhorn, M|
|poke|p2|Rabsca, F|
|poke|p2|Shiftry, M|
|poke|p2|Torterra, F|
|poke|p2|Litleo, M|
|teampreview
|inactive|Battle timer is ON: inactive players will automatically lose when time's up. (requested by 1331798aaa0)
|
|t:|1779610287
|teamsize|p1|6
|teamsize|p2|6
|start
|switch|p1a: Hippowdon|Hippowdon, F|100/100
|switch|p2a: Illumise|Illumise, F, shiny|100/100
|-weather|Sandstorm|[from] ability: Sand Stream|[of] p1a: Hippowdon
|turn|1
|
|t:|1779610307
|move|p2a: Illumise|Water Pulse|p1a: Hippowdon
|-supereffective|p1a: Hippowdon
|-damage|p1a: Hippowdon|54/100
|move|p1a: Hippowdon|Stealth Rock|p2a: Illumise
|-sidestart|p2: arpoirijks|move: Stealth Rock
|
|-weather|Sandstorm|[upkeep]
|-damage|p2a: Illumise|95/100|[from] Sandstorm
|upkeep
|turn|2
|
|t:|1779610314
|switch|p1a: Tyranitar|Tyranitar, M|100/100
|move|p2a: Illumise|Water Pulse|p1a: Tyranitar
|-supereffective|p1a: Tyranitar
|-damage|p1a: Tyranitar|77/100
|-enditem|p1a: Tyranitar|Weakness Policy
|-boost|p1a: Tyranitar|atk|2|[from] item: Weakness Policy
|-boost|p1a: Tyranitar|spa|2|[from] item: Weakness Policy
|
|-weather|Sandstorm|[upkeep]
|-damage|p2a: Illumise|89/100|[from] Sandstorm
|upkeep
|turn|3
|
|t:|1779610327
|switch|p2a: Torterra|Torterra, F, shiny|100/100
|-damage|p2a: Torterra|94/100|[from] Stealth Rock
|move|p1a: Tyranitar|Ice Punch|p2a: Torterra
|-supereffective|p2a: Torterra
|-damage|p2a: Torterra|0 fnt
|faint|p2a: Torterra
|
|-weather|Sandstorm|[upkeep]
|upkeep
|
|t:|1779610338
|switch|p2a: Shiftry|Shiftry, M, shiny|100/100
|-damage|p2a: Shiftry|88/100|[from] Stealth Rock
|turn|4
|
|t:|1779610368
|move|p2a: Shiftry|Sunny Day|p2a: Shiftry
|-weather|SunnyDay
|move|p1a: Tyranitar|Ice Punch|p2a: Shiftry
|-supereffective|p2a: Shiftry
|-damage|p2a: Shiftry|0 fnt
|faint|p2a: Shiftry
|
|-weather|SunnyDay|[upkeep]
|upkeep
|
|t:|1779610376
|switch|p2a: Rhyhorn|Rhyhorn, M, shiny|100/100
|-damage|p2a: Rhyhorn|94/100|[from] Stealth Rock
|turn|5
|
|t:|1779610383
|move|p1a: Tyranitar|Ice Punch|p2a: Rhyhorn
|-supereffective|p2a: Rhyhorn
|-damage|p2a: Rhyhorn|0 fnt
|-damage|p1a: Tyranitar|60/100|[from] item: Rocky Helmet|[of] p2a: Rhyhorn
|faint|p2a: Rhyhorn
|
|-weather|SunnyDay|[upkeep]
|upkeep
|
|t:|1779610391
|switch|p2a: Rabsca|Rabsca, F, shiny|100/100
|-damage|p2a: Rabsca|76/100|[from] Stealth Rock
|turn|6
|
|t:|1779610399
|move|p1a: Tyranitar|Crunch|p2a: Rabsca
|-supereffective|p2a: Rabsca
|-damage|p2a: Rabsca|0 fnt
|faint|p2a: Rabsca
|
|-weather|SunnyDay|[upkeep]
|upkeep
|
|t:|1779610405
|switch|p2a: Illumise|Illumise, F, shiny|89/100
|-damage|p2a: Illumise|64/100|[from] Stealth Rock
|turn|7
|
|t:|1779610411
|move|p2a: Illumise|Water Pulse|p1a: Tyranitar
|-supereffective|p1a: Tyranitar
|-damage|p1a: Tyranitar|43/100
|move|p1a: Tyranitar|Crunch|p2a: Illumise
|-damage|p2a: Illumise|0 fnt
|faint|p2a: Illumise
|
|-weather|SunnyDay|[upkeep]
|upkeep
|
|t:|1779610418
|switch|p2a: Litleo|Litleo, M, shiny|100/100
|-damage|p2a: Litleo|76/100|[from] Stealth Rock
|turn|8
|
|t:|1779610428
|-terastallize|p2a: Litleo|Fire
|move|p2a: Litleo|Protect|p2a: Litleo
|-singleturn|p2a: Litleo|Protect
|move|p1a: Tyranitar|Earthquake|p2a: Litleo
|-activate|p2a: Litleo|move: Protect
|
|-weather|SunnyDay|[upkeep]
|upkeep
|turn|9
|
|t:|1779610440
|move|p2a: Litleo|Flamethrower|p1a: Tyranitar
|-resisted|p1a: Tyranitar
|-damage|p1a: Tyranitar|17/100
|move|p1a: Tyranitar|Earthquake|p2a: Litleo
|-supereffective|p2a: Litleo
|-damage|p2a: Litleo|0 fnt
|faint|p2a: Litleo
|
|win|1331798aaa0
|raw|1331798aaa0's rating: 1071 &rarr; <strong>1096</strong><br />(+25 for winning)
|raw|arpoirijks's rating: 1016 &rarr; <strong>1006</strong><br />(-10 for losing)
|l|☆arpoirijks
|player|p2|
