|j|☆kopv
|j|☆Force_ten
|t:|1779647001
|gametype|singles
|player|p1|kopv|bugcatcher-gen4dp|1602
|player|p2|Force_ten|169|1507
|gen|9
|tier|[Gen 9] OU
|rated|
|rule|HP Percentage Mod: HP is shown in percentages
|rule|Endless Battle Clause: Forcing endless battles is banned
|rule|Species Clause: Limit one of each Pokémon
|rule|OHKO Clause: OHKO moves are banned
|rule|Evasion Items Clause: Evasion items are banned
|rule|Evasion Moves Clause: Evasion moves are banned
|rule|Evasion Abilities Clause: Evasion abilities are banned
|rule|Sleep Moves Clause: Sleep-inducing moves are banned
|clearpoke
|poke|p1|Pelipper, M|
|poke|p1|Barraskewda, F|
|poke|p1|Iron Treads|
|poke|p1|Bruxish, F|
|poke|p1|Raging Bolt|
|poke|p1|Enamorus, F|
|poke|p2|Ting-Lu|
|poke|p2|Corviknight, F|
|poke|p2|Hatterene, F|
|poke|p2|Amoonguss, F|
|poke|p2|Dondozo, F|
|poke|p2|Hoopa-Unbound|
|teampreview
|
|t:|1779647030
|teamsize|p1|6
|teamsize|p2|6
|start
|switch|p1a: Pelipper|Pelipper, M|100/100
|switch|p2a: Hoopa|Hoopa-Unbound|100/100
|-weather|RainDance|[from] ability: Drizzle|[of] p1a: Pelipper
|turn|1
|
|t:|1779647048
|switch|p1a: Iron Treads|Iron Treads|100/100
|move|p2a: Hoopa|Thunderbolt|p1a: Iron Treads
|-immune|p1a: Iron Treads
|
|-weather|RainDance|[upkeep]
|upkeep
|turn|2
|
|t:|1779647057
|move|p1a: Iron Treads|Stealth Rock|p2a: Hoopa
|-sidestart|p2: Force_ten|move: Stealth Rock
|move|p2a: Hoopa|Drain Punch|p1a: Iron Treads
|-supereffective|p1a: Iron Treads
|-damage|p1a: Iron Treads|43/100
|
|-weather|RainDance|[upkeep]
|-heal|p1a: Iron Treads|49/100|[from] item: Leftovers
|upkeep
|turn|3
|
|t:|1779647065
|-end|p1a: Iron Treads|Quark Drive|[silent]
|switch|p1a: 'Ello gov'na|Bruxish, F|100/100
|move|p2a: Hoopa|Knock Off|p1a: 'Ello gov'na
|-supereffective|p1a: 'Ello gov'na
|-damage|p1a: 'Ello gov'na|0 fnt
|-enditem|p1a: 'Ello gov'na|Choice Band|[from] move: Knock Off|[of] p2a: Hoopa
|faint|p1a: 'Ello gov'na
|
|-weather|RainDance|[upkeep]
|upkeep
|
|t:|1779647072
|switch|p1a: Raging Bolt|Raging Bolt|100/100
|turn|4
|
|t:|1779647079
|move|p1a: Raging Bolt|Thunder|p2a: Hoopa
|-damage|p2a: Hoopa|66/100
|move|p2a: Hoopa|Ice Punch|p1a: Raging Bolt
|-supereffective|p1a: Raging Bolt
|-damage|p1a: Raging Bolt|50/100
|
|-weather|RainDance|[upkeep]
|-heal|p1a: Raging Bolt|57/100|[from] item: Leftovers
|upkeep
|turn|5
|
|t:|1779647091
|switch|p2a: Ting-Lu|Ting-Lu|100/100
|-damage|p2a: Ting-Lu|94/100|[from] Stealth Rock
|-ability|p2a: Ting-Lu|Vessel of Ruin
|move|p1a: Raging Bolt|Thunder|p2a: Ting-Lu
|-immune|p2a: Ting-Lu
|
|-weather|RainDance|[upkeep]
|-heal|p1a: Raging Bolt|63/100|[from] item: Leftovers
|-heal|p2a: Ting-Lu|100/100|[from] item: Leftovers
|upkeep
|turn|6
|
|t:|1779647095
|switch|p2a: Dondozo|Dondozo, F|100/100
|-damage|p2a: Dondozo|88/100|[from] Stealth Rock
|move|p1a: Raging Bolt|Weather Ball|p2a: Dondozo
|-resisted|p2a: Dondozo
|-damage|p2a: Dondozo|69/100
|
|-weather|RainDance|[upkeep]
|-heal|p1a: Raging Bolt|69/100|[from] item: Leftovers
|-heal|p2a: Dondozo|75/100|[from] item: Leftovers
|upkeep
|turn|7
|
|t:|1779647101
|switch|p2a: Ting-Lu|Ting-Lu|100/100
|-damage|p2a: Ting-Lu|94/100|[from] Stealth Rock
|-ability|p2a: Ting-Lu|Vessel of Ruin
|move|p1a: Raging Bolt|Weather Ball|p2a: Ting-Lu
|-supereffective|p2a: Ting-Lu
|-damage|p2a: Ting-Lu|44/100
|
|-weather|RainDance|[upkeep]
|-heal|p1a: Raging Bolt|75/100|[from] item: Leftovers
|-heal|p2a: Ting-Lu|50/100|[from] item: Leftovers
|upkeep
|turn|8
|
|t:|1779647111
|-terastallize|p2a: Ting-Lu|Poison
|move|p1a: Raging Bolt|Thunder|p2a: Ting-Lu
|-damage|p2a: Ting-Lu|21/100
|-status|p2a: Ting-Lu|par
|cant|p2a: Ting-Lu|par
|
|-weather|none
|-heal|p1a: Raging Bolt|81/100|[from] item: Leftovers
|-heal|p2a: Ting-Lu|27/100 par|[from] item: Leftovers
|upkeep
|turn|9
|inactive|Battle timer is ON: inactive players will automatically lose when time's up. (requested by Force_ten)
|
|t:|1779647124
|move|p1a: Raging Bolt|Draco Meteor|p2a: Ting-Lu
|-damage|p2a: Ting-Lu|0 fnt
|-unboost|p1a: Raging Bolt|spa|2
|faint|p2a: Ting-Lu
|
|-heal|p1a: Raging Bolt|87/100|[from] item: Leftovers
|upkeep
|
|t:|1779647127
|switch|p2a: Corviknight|Corviknight, F|100/100
|-damage|p2a: Corviknight|88/100|[from] Stealth Rock
|-ability|p2a: Corviknight|Pressure
|turn|10
|
|t:|1779647131
|switch|p2a: Amoonguss|Amoonguss, F|100/100
|-damage|p2a: Amoonguss|88/100|[from] Stealth Rock
|move|p1a: Raging Bolt|Thunder|p2a: Amoonguss
|-resisted|p2a: Amoonguss
|-damage|p2a: Amoonguss|74/100
|
|-heal|p1a: Raging Bolt|93/100|[from] item: Leftovers
|upkeep
|turn|11
|
|t:|1779647135
|-end|p1a: Raging Bolt|Protosynthesis|[silent]
|switch|p1a: Pelipper|Pelipper, M|100/100
|-weather|RainDance|[from] ability: Drizzle|[of] p1a: Pelipper
|switch|p2a: Corviknight|Corviknight, F|88/100
|-damage|p2a: Corviknight|76/100|[from] Stealth Rock
|-ability|p2a: Corviknight|Pressure
|
|-weather|RainDance|[upkeep]
|upkeep
|turn|12
|
|t:|1779647140
|move|p2a: Corviknight|Defog|p1a: Pelipper
|-unboost|p1a: Pelipper|evasion|1
|-sideend|p2: Force_ten|Stealth Rock|[from] move: Defog|[of] p2a: Corviknight
|move|p1a: Pelipper|U-turn|p2a: Corviknight
|-resisted|p2a: Corviknight
|-damage|p2a: Corviknight|74/100
|-damage|p1a: Pelipper|84/100|[from] item: Rocky Helmet|[of] p2a: Corviknight
|
|t:|1779647147
|switch|p1a: Raging Bolt|Raging Bolt|93/100|[from] U-turn
|
|-weather|RainDance|[upkeep]
|-heal|p1a: Raging Bolt|99/100|[from] item: Leftovers
|upkeep
|turn|13
|
|t:|1779647155
|move|p1a: Raging Bolt|Thunder|p2a: Corviknight
|-supereffective|p2a: Corviknight
|-damage|p2a: Corviknight|0 fnt
|faint|p2a: Corviknight
|
|-weather|RainDance|[upkeep]
|-heal|p1a: Raging Bolt|100/100|[from] item: Leftovers
|upkeep
|
|t:|1779647160
|switch|p2a: Hatterene|Hatterene, F|100/100
|turn|14
|
|t:|1779647164
|-end|p1a: Raging Bolt|Protosynthesis|[silent]
|switch|p1a: Iron Treads|Iron Treads|49/100
|move|p2a: Hatterene|Draining Kiss|p1a: Iron Treads
|-resisted|p1a: Iron Treads
|-damage|p1a: Iron Treads|37/100
|
|-weather|RainDance|[upkeep]
|-heal|p1a: Iron Treads|43/100|[from] item: Leftovers
|upkeep
|turn|15
|
|t:|1779647168
|switch|p2a: Dondozo|Dondozo, F|75/100
|move|p1a: Iron Treads|Iron Head|p2a: Dondozo
|-resisted|p2a: Dondozo
|-damage|p2a: Dondozo|65/100
|
|-weather|RainDance|[upkeep]
|-heal|p1a: Iron Treads|49/100|[from] item: Leftovers
|-heal|p2a: Dondozo|72/100|[from] item: Leftovers
|upkeep
|turn|16
|
|t:|1779647176
|-end|p1a: Iron Treads|Quark Drive|[silent]
|switch|p1a: Raging Bolt|Raging Bolt|100/100
|switch|p2a: Hatterene|Hatterene, F|100/100
|
|-weather|RainDance|[upkeep]
|upkeep
|turn|17
|
|t:|1779647183
|-end|p1a: Raging Bolt|Protosynthesis|[silent]
|switch|p1a: Iron Treads|Iron Treads|49/100
|move|p2a: Hatterene|Calm Mind|p2a: Hatterene
|-boost|p2a: Hatterene|spa|1
|-boost|p2a: Hatterene|spd|1
|
|-weather|RainDance|[upkeep]
|-heal|p1a: Iron Treads|55/100|[from] item: Leftovers
|upkeep
|turn|18
|
|t:|1779647188
|switch|p2a: Amoonguss|Amoonguss, F|100/100
|move|p1a: Iron Treads|Iron Head|p2a: Amoonguss
|-damage|p2a: Amoonguss|80/100
|-damage|p1a: Iron Treads|38/100|[from] item: Rocky Helmet|[of] p2a: Amoonguss
|
|-weather|none
|-heal|p1a: Iron Treads|45/100|[from] item: Leftovers
|upkeep
|turn|19
|
|t:|1779647193
|move|p1a: Iron Treads|Stealth Rock|p2a: Amoonguss
|-sidestart|p2: Force_ten|move: Stealth Rock
|move|p2a: Amoonguss|Stomping Tantrum|p1a: Iron Treads
|-supereffective|p1a: Iron Treads
|-damage|p1a: Iron Treads|13/100
|
|-heal|p1a: Iron Treads|19/100|[from] item: Leftovers
|upkeep
|turn|20
|
|t:|1779647200
|-end|p1a: Iron Treads|Quark Drive|[silent]
|switch|p1a: Pelipper|Pelipper, M|84/100
|-weather|RainDance|[from] ability: Drizzle|[of] p1a: Pelipper
|move|p2a: Amoonguss|Sludge Bomb|p1a: Pelipper
|-damage|p1a: Pelipper|49/100
|
|-weather|RainDance|[upkeep]
|upkeep
|turn|21
|
|t:|1779647211
|switch|p1a: Iron Treads|Iron Treads|19/100
|switch|p2a: Dondozo|Dondozo, F|72/100
|-damage|p2a: Dondozo|59/100|[from] Stealth Rock
|
|-weather|RainDance|[upkeep]
|-heal|p1a: Iron Treads|25/100|[from] item: Leftovers
|-heal|p2a: Dondozo|65/100|[from] item: Leftovers
|upkeep
|turn|22
|
|t:|1779647215
|move|p1a: Iron Treads|Earth Power|p2a: Dondozo
|-damage|p2a: Dondozo|50/100
|move|p2a: Dondozo|Liquidation|p1a: Iron Treads
|-supereffective|p1a: Iron Treads
|-crit|p1a: Iron Treads
|-damage|p1a: Iron Treads|0 fnt
|faint|p1a: Iron Treads
|-end|p1a: Iron Treads|Quark Drive|[silent]
|
|-weather|RainDance|[upkeep]
|-heal|p2a: Dondozo|56/100|[from] item: Leftovers
|upkeep
|
|t:|1779647221
|switch|p1a: Raging Bolt|Raging Bolt|100/100
|turn|23
|
|t:|1779647227
|move|p1a: Raging Bolt|Thunder|p2a: Dondozo
|-supereffective|p2a: Dondozo
|-damage|p2a: Dondozo|0 fnt
|faint|p2a: Dondozo
|
|-weather|RainDance|[upkeep]
|upkeep
|
|t:|1779647229
|switch|p2a: Hoopa|Hoopa-Unbound|66/100
|-damage|p2a: Hoopa|54/100|[from] Stealth Rock
|turn|24
|
|t:|1779647233
|move|p1a: Raging Bolt|Thunder|p2a: Hoopa
|-damage|p2a: Hoopa|16/100
|move|p2a: Hoopa|Ice Punch|p1a: Raging Bolt
|-supereffective|p1a: Raging Bolt
|-damage|p1a: Raging Bolt|48/100
|
|-weather|RainDance|[upkeep]
|-heal|p1a: Raging Bolt|54/100|[from] item: Leftovers
|upkeep
|turn|25
|
|t:|1779647237
|move|p1a: Raging Bolt|Thunder|p2a: Hoopa
|-damage|p2a: Hoopa|0 fnt
|faint|p2a: Hoopa
|
|-weather|RainDance|[upkeep]
|-heal|p1a: Raging Bolt|61/100|[from] item: Leftovers
|upkeep
|
|t:|1779647239
|switch|p2a: Hatterene|Hatterene, F|100/100
|-damage|p2a: Hatterene|88/100|[from] Stealth Rock
|turn|26
|
|t:|1779647242
|move|p1a: Raging Bolt|Thunder|p2a: Hatterene
|-damage|p2a: Hatterene|17/100
|-status|p2a: Hatterene|par
|move|p2a: Hatterene|Draining Kiss|p1a: Raging Bolt
|-supereffective|p1a: Raging Bolt
|-damage|p1a: Raging Bolt|14/100
|-heal|p2a: Hatterene|60/100 par|[from] drain|[of] p1a: Raging Bolt
|
|-weather|RainDance|[upkeep]
|-heal|p1a: Raging Bolt|20/100|[from] item: Leftovers
|-heal|p2a: Hatterene|66/100 par|[from] item: Leftovers
|upkeep
|turn|27
|
|t:|1779647249
|move|p1a: Raging Bolt|Thunder|p2a: Hatterene
|-damage|p2a: Hatterene|2/100 par
|move|p2a: Hatterene|Draining Kiss|p1a: Raging Bolt
|-supereffective|p1a: Raging Bolt
|-damage|p1a: Raging Bolt|0 fnt
|-heal|p2a: Hatterene|20/100 par|[from] drain|[of] p1a: Raging Bolt
|faint|p1a: Raging Bolt
|-end|p1a: Raging Bolt|Protosynthesis|[silent]
|
|-weather|none
|-heal|p2a: Hatterene|26/100 par|[from] item: Leftovers
|upkeep
|-message|Force_ten forfeited.
|
|win|kopv
|raw|kopv's rating: 1602 &rarr; <strong>1617</strong><br />(+15 for winning)
|raw|Force_ten's rating: 1507 &rarr; <strong>1492</strong><br />(-15 for losing)
|l|☆Force_ten
|player|p2|
