|j|☆ihatedarmanitan
|j|☆Carlos132
|t:|1779560577
|gametype|singles
|player|p1|ihatedarmanitan|roxie-masters|1154
|player|p2|Carlos132|byron|1117
|gen|9
|tier|[Gen 9] OU
|rated|
|rule|HP Percentage Mod: HP is shown in percentages
|rule|Endless Battle Clause: Forcing endless battles is banned
|rule|Species Clause: Limit one of each Pokémon
|rule|OHKO Clause: OHKO moves are banned
|rule|Evasion Items Clause: Evasion items are banned
|rule|Evasion Moves Clause: Evasion moves are banned
|rule|Evasion Abilities Clause: Evasion abilities are banned
|rule|Sleep Moves Clause: Sleep-inducing moves are banned
|clearpoke
|poke|p1|Slowking-Galar, M|
|poke|p1|Ogerpon-Wellspring, F|
|poke|p1|Iron Valiant|
|poke|p1|Gholdengo|
|poke|p1|Gliscor, M|
|poke|p1|Samurott-Hisui, M|
|poke|p2|Ambipom, M|
|poke|p2|Froslass, F|
|poke|p2|Gardevoir, F|
|poke|p2|Donphan, M|
|poke|p2|Milotic, F|
|poke|p2|Gliscor, M|
|teampreview
|inactive|Battle timer is ON: inactive players will automatically lose when time's up. (requested by Carlos132)
|
|t:|1779560589
|teamsize|p1|6
|teamsize|p2|6
|start
|switch|p1a: Samurott|Samurott-Hisui, M|100/100
|switch|p2a: Gardevoir|Gardevoir, F|100/100
|-ability|p2a: Gardevoir|Sharpness|Trace|[from] ability: Trace|[of] p1a: Samurott
|turn|1
|
|t:|1779560600
|move|p2a: Gardevoir|Moonblast|p1a: Samurott
|-supereffective|p1a: Samurott
|-damage|p1a: Samurott|0 fnt
|faint|p1a: Samurott
|
|upkeep
|
|t:|1779560606
|switch|p1a: glowking|Slowking-Galar, M|100/100
|turn|2
|
|t:|1779560614
|switch|p2a: Gliscor|Gliscor, M|100/100
|move|p1a: glowking|Future Sight|p2a: Gliscor
|-start|p1a: glowking|move: Future Sight
|
|-status|p2a: Gliscor|tox|[from] item: Toxic Orb
|upkeep
|turn|3
|
|t:|1779560617
|move|p2a: Gliscor|Earthquake|p1a: glowking
|-supereffective|p1a: glowking
|-damage|p1a: glowking|37/100
|move|p1a: glowking|Ice Beam|p2a: Gliscor
|-supereffective|p2a: Gliscor
|-damage|p2a: Gliscor|0 fnt
|faint|p2a: Gliscor
|
|-heal|p1a: glowking|43/100|[from] item: Black Sludge
|upkeep
|
|t:|1779560625
|switch|p2a: Gardevoir|Gardevoir, F|100/100
|-ability|p2a: Gardevoir|Regenerator|Trace|[from] ability: Trace|[of] p1a: glowking
|turn|4
|
|t:|1779560638
|switch|p1a: landbat|Gliscor, M|100/100
|move|p2a: Gardevoir|Psyshock|p1a: landbat
|-damage|p1a: landbat|73/100
|
|-end|p2a: Gardevoir|move: Future Sight
|-resisted|p2a: Gardevoir
|-damage|p2a: Gardevoir|76/100
|-status|p1a: landbat|tox|[from] item: Toxic Orb
|upkeep
|turn|5
|
|t:|1779560650
|switch|p2a: Froslass|Froslass, F, shiny|100/100
|move|p1a: landbat|Stealth Rock|p2a: Froslass
|-sidestart|p2: Carlos132|move: Stealth Rock
|
|-heal|p1a: landbat|86/100 tox|[from] ability: Poison Heal
|upkeep
|turn|6
|
|t:|1779560656
|switch|p1a: glowking|Slowking-Galar, M|76/100
|move|p2a: Froslass|Shadow Ball|p1a: glowking
|-supereffective|p1a: glowking
|-damage|p1a: glowking|42/100
|
|-heal|p1a: glowking|48/100|[from] item: Black Sludge
|upkeep
|turn|7
|
|t:|1779560673
|move|p2a: Froslass|Shadow Ball|p1a: glowking
|-supereffective|p1a: glowking
|-damage|p1a: glowking|16/100
|-prepare|p1a: glowking|Chilly Reception|[premajor]
|move|p1a: glowking|Chilly Reception|p1a: glowking
|-weather|Snowscape
|
|t:|1779560678
|switch|p1a: guess the set|Iron Valiant|100/100|[from] Chilly Reception
|
|-weather|Snowscape|[upkeep]
|upkeep
|turn|8
|inactive|Carlos132 has 120 seconds left.
|
|t:|1779560714
|switch|p2a: Donphan|Donphan, M|100/100
|-damage|p2a: Donphan|94/100|[from] Stealth Rock
|move|p1a: guess the set|Knock Off|p2a: Donphan
|-damage|p2a: Donphan|75/100
|-enditem|p2a: Donphan|Leftovers|[from] move: Knock Off|[of] p1a: guess the set
|
|-weather|Snowscape|[upkeep]
|upkeep
|turn|9
|inactive|Carlos132 has 120 seconds left.
|
|t:|1779560741
|-end|p1a: guess the set|Quark Drive|[silent]
|switch|p1a: landbat|Gliscor, M|86/100 tox
|move|p2a: Donphan|Gunk Shot|p1a: landbat
|-resisted|p1a: landbat
|-damage|p1a: landbat|74/100 tox
|
|-weather|Snowscape|[upkeep]
|-heal|p1a: landbat|86/100 tox|[from] ability: Poison Heal
|upkeep
|turn|10
|inactive|ihatedarmanitan has 120 seconds left.
|
|t:|1779560761
|switch|p1a: no status?|Gholdengo|100/100
|-item|p1a: no status?|Air Balloon
|move|p2a: Donphan|Ice Spinner|p1a: no status?
|-resisted|p1a: no status?
|-damage|p1a: no status?|88/100
|-enditem|p1a: no status?|Air Balloon
|
|-weather|Snowscape|[upkeep]
|upkeep
|turn|11
|inactive|ihatedarmanitan has 120 seconds left.
|
|t:|1779560775
|switch|p2a: Milotic|Milotic, F|100/100
|-damage|p2a: Milotic|88/100|[from] Stealth Rock
|move|p1a: no status?|Make It Rain|p2a: Milotic
|-resisted|p2a: Milotic
|-damage|p2a: Milotic|70/100
|-unboost|p1a: no status?|spa|1
|
|-weather|none
|-heal|p2a: Milotic|76/100|[from] item: Leftovers
|upkeep
|turn|12
|
|t:|1779560784
|move|p1a: no status?|Nasty Plot|p1a: no status?
|-boost|p1a: no status?|spa|2
|move|p2a: Milotic|Scald|p1a: no status?
|-damage|p1a: no status?|59/100
|-status|p1a: no status?|brn
|
|-heal|p2a: Milotic|82/100|[from] item: Leftovers
|-damage|p1a: no status?|53/100 brn|[from] brn
|upkeep
|turn|13
|inactive|Carlos132 has 120 seconds left.
|
|t:|1779560793
|move|p1a: no status?|Recover|p1a: no status?
|-heal|p1a: no status?|100/100 brn
|move|p2a: Milotic|Haze|p2a: Milotic
|-clearallboost
|
|-heal|p2a: Milotic|88/100|[from] item: Leftovers
|-damage|p1a: no status?|94/100 brn|[from] brn
|upkeep
|turn|14
|
|t:|1779560797
|move|p1a: no status?|Nasty Plot|p1a: no status?
|-boost|p1a: no status?|spa|2
|move|p2a: Milotic|Scald|p1a: no status?
|-damage|p1a: no status?|70/100 brn
|
|-heal|p2a: Milotic|94/100|[from] item: Leftovers
|-damage|p1a: no status?|64/100 brn|[from] brn
|upkeep
|turn|15
|
|t:|1779560801
|move|p1a: no status?|Shadow Ball|p2a: Milotic
|-damage|p2a: Milotic|42/100
|move|p2a: Milotic|Haze|p2a: Milotic
|-clearallboost
|
|-heal|p2a: Milotic|48/100|[from] item: Leftovers
|-damage|p1a: no status?|58/100 brn|[from] brn
|upkeep
|turn|16
|
|t:|1779560808
|move|p1a: no status?|Shadow Ball|p2a: Milotic
|-damage|p2a: Milotic|19/100
|move|p2a: Milotic|Recover|p2a: Milotic
|-heal|p2a: Milotic|69/100
|
|-heal|p2a: Milotic|75/100|[from] item: Leftovers
|-damage|p1a: no status?|52/100 brn|[from] brn
|upkeep
|turn|17
|
|t:|1779560813
|move|p1a: no status?|Recover|p1a: no status?
|-heal|p1a: no status?|100/100 brn
|move|p2a: Milotic|Recover|p2a: Milotic
|-heal|p2a: Milotic|100/100
|
|-damage|p1a: no status?|94/100 brn|[from] brn
|upkeep
|turn|18
|
|t:|1779560818
|move|p1a: no status?|Nasty Plot|p1a: no status?
|-boost|p1a: no status?|spa|2
|move|p2a: Milotic|Scald|p1a: no status?
|-damage|p1a: no status?|66/100 brn
|
|-damage|p1a: no status?|59/100 brn|[from] brn
|upkeep
|turn|19
|
|t:|1779560821
|move|p1a: no status?|Shadow Ball|p2a: Milotic
|-damage|p2a: Milotic|51/100
|move|p2a: Milotic|Haze|p2a: Milotic
|-clearallboost
|
|-heal|p2a: Milotic|57/100|[from] item: Leftovers
|-damage|p1a: no status?|53/100 brn|[from] brn
|upkeep
|turn|20
|
|t:|1779560831
|move|p1a: no status?|Shadow Ball|p2a: Milotic
|-damage|p2a: Milotic|28/100
|move|p2a: Milotic|Scald|p1a: no status?
|-damage|p1a: no status?|25/100 brn
|
|-heal|p2a: Milotic|34/100|[from] item: Leftovers
|-damage|p1a: no status?|19/100 brn|[from] brn
|upkeep
|turn|21
|
|t:|1779560839
|move|p1a: no status?|Recover|p1a: no status?
|-heal|p1a: no status?|69/100 brn
|move|p2a: Milotic|Recover|p2a: Milotic
|-heal|p2a: Milotic|84/100
|
|-heal|p2a: Milotic|90/100|[from] item: Leftovers
|-damage|p1a: no status?|63/100 brn|[from] brn
|upkeep
|turn|22
|
|t:|1779560843
|move|p1a: no status?|Recover|p1a: no status?
|-heal|p1a: no status?|100/100 brn
|move|p2a: Milotic|Scald|p1a: no status?
|-damage|p1a: no status?|76/100 brn
|
|-heal|p2a: Milotic|96/100|[from] item: Leftovers
|-damage|p1a: no status?|70/100 brn|[from] brn
|upkeep
|turn|23
|
|t:|1779560849
|move|p1a: no status?|Shadow Ball|p2a: Milotic
|-damage|p2a: Milotic|67/100
|move|p2a: Milotic|Scald|p1a: no status?
|-damage|p1a: no status?|42/100 brn
|
|-heal|p2a: Milotic|73/100|[from] item: Leftovers
|-damage|p1a: no status?|36/100 brn|[from] brn
|upkeep
|turn|24
|
|t:|1779560854
|move|p1a: no status?|Recover|p1a: no status?
|-heal|p1a: no status?|86/100 brn
|move|p2a: Milotic|Scald|p1a: no status?
|-damage|p1a: no status?|57/100 brn
|
|-heal|p2a: Milotic|79/100|[from] item: Leftovers
|-damage|p1a: no status?|51/100 brn|[from] brn
|upkeep
|turn|25
|
|t:|1779560858
|move|p1a: no status?|Shadow Ball|p2a: Milotic
|-damage|p2a: Milotic|53/100
|move|p2a: Milotic|Scald|p1a: no status?
|-damage|p1a: no status?|22/100 brn
|
|-heal|p2a: Milotic|59/100|[from] item: Leftovers
|-damage|p1a: no status?|16/100 brn|[from] brn
|upkeep
|turn|26
|
|t:|1779560866
|move|p1a: no status?|Recover|p1a: no status?
|-heal|p1a: no status?|66/100 brn
|move|p2a: Milotic|Scald|p1a: no status?
|-damage|p1a: no status?|40/100 brn
|
|-heal|p2a: Milotic|65/100|[from] item: Leftovers
|-damage|p1a: no status?|34/100 brn|[from] brn
|upkeep
|turn|27
|
|t:|1779560874
|move|p1a: no status?|Recover|p1a: no status?
|-heal|p1a: no status?|84/100 brn
|move|p2a: Milotic|Scald|p1a: no status?
|-damage|p1a: no status?|59/100 brn
|
|-heal|p2a: Milotic|71/100|[from] item: Leftovers
|-damage|p1a: no status?|53/100 brn|[from] brn
|upkeep
|turn|28
|
|t:|1779560881
|switch|p1a: glowking|Slowking-Galar, M|49/100
|move|p2a: Milotic|Scald|p1a: glowking
|-damage|p1a: glowking|33/100
|
|-heal|p2a: Milotic|77/100|[from] item: Leftovers
|-heal|p1a: glowking|39/100|[from] item: Black Sludge
|upkeep
|turn|29
|
|t:|1779560889
|move|p2a: Milotic|Dragon Pulse|p1a: glowking
|-damage|p1a: glowking|27/100
|-prepare|p1a: glowking|Chilly Reception|[premajor]
|move|p1a: glowking|Chilly Reception|p1a: glowking
|-weather|Snowscape
|
|t:|1779560892
|switch|p1a: Ogerpon|Ogerpon-Wellspring, F|100/100|[from] Chilly Reception
|
|-weather|Snowscape|[upkeep]
|-heal|p2a: Milotic|83/100|[from] item: Leftovers
|upkeep
|turn|30
|
|t:|1779560899
|switch|p2a: Gardevoir|Gardevoir, F|100/100
|-damage|p2a: Gardevoir|88/100|[from] Stealth Rock
|-ability|p2a: Gardevoir|Water Absorb|Trace|[from] ability: Trace|[of] p1a: Ogerpon
|move|p1a: Ogerpon|Horn Leech|p2a: Gardevoir
|-damage|p2a: Gardevoir|11/100
|
|-weather|Snowscape|[upkeep]
|upkeep
|turn|31
|
|t:|1779560909
|switch|p1a: glowking|Slowking-Galar, M|60/100
|move|p2a: Gardevoir|Moonblast|p1a: glowking
|-resisted|p1a: glowking
|-damage|p1a: glowking|46/100
|
|-weather|Snowscape|[upkeep]
|-heal|p1a: glowking|52/100|[from] item: Black Sludge
|upkeep
|turn|32
|
|t:|1779560917
|switch|p2a: Froslass|Froslass, F, shiny|100/100
|-damage|p2a: Froslass|76/100|[from] Stealth Rock
|move|p1a: glowking|Future Sight|p2a: Froslass
|-start|p1a: glowking|move: Future Sight
|
|-weather|Snowscape|[upkeep]
|-heal|p1a: glowking|58/100|[from] item: Black Sludge
|upkeep
|turn|33
|
|t:|1779560922
|switch|p1a: no status?|Gholdengo|53/100 brn
|move|p2a: Froslass|Shadow Ball|p1a: no status?
|-supereffective|p1a: no status?
|-damage|p1a: no status?|0 fnt
|faint|p1a: no status?
|
|-weather|none
|upkeep
|
|t:|1779560938
|switch|p1a: guess the set|Iron Valiant|100/100
|turn|34
|
|t:|1779560947
|switch|p2a: Donphan|Donphan, M|75/100
|-damage|p2a: Donphan|69/100|[from] Stealth Rock
|move|p1a: guess the set|Knock Off|p2a: Donphan
|-damage|p2a: Donphan|56/100
|
|-end|p2a: Donphan|move: Future Sight
|-damage|p2a: Donphan|2/100
|upkeep
|turn|35
|
|t:|1779560960
|move|p1a: guess the set|Moonblast|p2a: Donphan
|-damage|p2a: Donphan|0 fnt
|faint|p2a: Donphan
|
|upkeep
|
|t:|1779560965
|switch|p2a: Gardevoir|Gardevoir, F|11/100
|-damage|p2a: Gardevoir|0 fnt|[from] Stealth Rock
|faint|p2a: Gardevoir
|
|t:|1779560969
|switch|p2a: Ambipom|Ambipom, M|100/100
|-damage|p2a: Ambipom|88/100|[from] Stealth Rock
|turn|36
|
|t:|1779560975
|-end|p1a: guess the set|Quark Drive|[silent]
|switch|p1a: landbat|Gliscor, M|86/100 tox
|move|p2a: Ambipom|Fake Out|p1a: landbat
|-damage|p1a: landbat|63/100 tox
|-damage|p2a: Ambipom|78/100|[from] item: Life Orb
|
|-heal|p1a: landbat|76/100 tox|[from] ability: Poison Heal
|upkeep
|turn|37
|
|t:|1779560983
|move|p1a: landbat|Protect|p1a: landbat
|-singleturn|p1a: landbat|Protect
|move|p2a: Ambipom|Seed Bomb|p1a: landbat
|-activate|p1a: landbat|move: Protect
|
|-heal|p1a: landbat|88/100 tox|[from] ability: Poison Heal
|upkeep
|turn|38
|
|t:|1779560990
|move|p2a: Ambipom|Seed Bomb|p1a: landbat
|-damage|p1a: landbat|69/100 tox
|-damage|p2a: Ambipom|68/100|[from] item: Life Orb
|move|p1a: landbat|Earthquake|p2a: Ambipom
|-damage|p2a: Ambipom|19/100
|
|-heal|p1a: landbat|81/100 tox|[from] ability: Poison Heal
|upkeep
|turn|39
|
|t:|1779560999
|move|p2a: Ambipom|Seed Bomb|p1a: landbat
|-damage|p1a: landbat|62/100 tox
|-damage|p2a: Ambipom|9/100|[from] item: Life Orb
|move|p1a: landbat|Spikes|p2a: Ambipom
|-sidestart|p2: Carlos132|Spikes
|
|-heal|p1a: landbat|74/100 tox|[from] ability: Poison Heal
|upkeep
|turn|40
|
|t:|1779561004
|move|p2a: Ambipom|Seed Bomb|p1a: landbat
|-damage|p1a: landbat|56/100 tox
|-damage|p2a: Ambipom|0 fnt|[from] item: Life Orb
|faint|p2a: Ambipom
|move|p1a: landbat|Spikes|p2: Ambipom
|-sidestart|p2: Carlos132|Spikes
|
|-heal|p1a: landbat|69/100 tox|[from] ability: Poison Heal
|upkeep
|
|t:|1779561007
|switch|p2a: Froslass|Froslass, F, shiny|76/100
|-damage|p2a: Froslass|51/100|[from] Stealth Rock
|-damage|p2a: Froslass|34/100|[from] Spikes
|turn|41
|
|t:|1779561014
|move|p1a: landbat|Protect|p1a: landbat
|-singleturn|p1a: landbat|Protect
|move|p2a: Froslass|Ice Beam|p1a: landbat
|-activate|p1a: landbat|move: Protect
|
|-heal|p1a: landbat|81/100 tox|[from] ability: Poison Heal
|upkeep
|turn|42
|
|t:|1779561020
|move|p2a: Froslass|Ice Beam|p1a: landbat
|-supereffective|p1a: landbat
|-damage|p1a: landbat|0 fnt
|faint|p1a: landbat
|
|upkeep
|
|t:|1779561027
|switch|p1a: Ogerpon|Ogerpon-Wellspring, F|100/100
|turn|43
|
|t:|1779561032
|move|p2a: Froslass|Ice Beam|p1a: Ogerpon
|-damage|p1a: Ogerpon|63/100
|-status|p1a: Ogerpon|frz
|-curestatus|p1a: Ogerpon|frz|[msg]
|move|p1a: Ogerpon|Horn Leech|p2a: Froslass
|-damage|p2a: Froslass|0 fnt
|-heal|p1a: Ogerpon|79/100|[from] drain|[of] p2a: Froslass
|-start|p1a: Ogerpon|Disable|Horn Leech|[from] ability: Cursed Body|[of] p2a: Froslass
|faint|p2a: Froslass
|
|upkeep
|-message|Carlos132 forfeited.
|
|win|ihatedarmanitan
|raw|ihatedarmanitan's rating: 1154 &rarr; <strong>1176</strong><br />(+22 for winning)
|raw|Carlos132's rating: 1117 &rarr; <strong>1095</strong><br />(-22 for losing)
|l|☆Carlos132
|player|p2|
