|j|☆loudclouds103
|j|☆Hanks05
|t:|1779684040
|gametype|singles
|player|p1|loudclouds103|2|1132
|player|p2|Hanks05|lucas|1146
|gen|9
|tier|[Gen 9] OU
|rated|
|rule|HP Percentage Mod: HP is shown in percentages
|rule|Endless Battle Clause: Forcing endless battles is banned
|rule|Species Clause: Limit one of each Pokémon
|rule|OHKO Clause: OHKO moves are banned
|rule|Evasion Items Clause: Evasion items are banned
|rule|Evasion Moves Clause: Evasion moves are banned
|rule|Evasion Abilities Clause: Evasion abilities are banned
|rule|Sleep Moves Clause: Sleep-inducing moves are banned
|clearpoke
|poke|p1|Jumpluff, M|
|poke|p1|Electivire, M|
|poke|p1|Samurott-Hisui, M|
|poke|p1|Chandelure, F|
|poke|p1|Venusaur, F|
|poke|p1|Passimian, F|
|poke|p2|Deoxys-Speed|
|poke|p2|Gholdengo|
|poke|p2|Dragonite, M|
|poke|p2|Iron Valiant|
|poke|p2|Kingambit, M|
|poke|p2|Ogerpon-Wellspring, F|
|teampreview
|inactive|Battle timer is ON: inactive players will automatically lose when time's up. (requested by loudclouds103)
|l|☆Hanks05
|inactive|Hanks05 disconnected and has a minute to reconnect!
|player|p2|
|j|☆Hanks05
|inactive|Hanks05 reconnected and has 130 seconds left.
|player|p2|Hanks05|lucas|
|
|t:|1779684083
|teamsize|p1|6
|teamsize|p2|6
|start
|switch|p1a: Samurott|Samurott-Hisui, M|100/100
|switch|p2a: Iron Valiant|Iron Valiant|100/100
|-enditem|p2a: Iron Valiant|Booster Energy
|-activate|p2a: Iron Valiant|ability: Quark Drive|[fromitem]
|-start|p2a: Iron Valiant|quarkdrivespe
|turn|1
|inactive|loudclouds103 has 120 seconds left.
|
|t:|1779684120
|move|p2a: Iron Valiant|Thunderbolt|p1a: Samurott
|-supereffective|p1a: Samurott
|-damage|p1a: Samurott|9/100
|move|p1a: Samurott|Razor Shell|p2a: Iron Valiant|[miss]
|-miss|p1a: Samurott|p2a: Iron Valiant
|
|upkeep
|turn|2
|inactive|loudclouds103 has 120 seconds left.
|
|t:|1779684127
|move|p1a: Samurott|Aqua Jet|p2a: Iron Valiant
|-damage|p2a: Iron Valiant|70/100
|-damage|p1a: Samurott|0 fnt|[from] item: Life Orb
|faint|p1a: Samurott
|move|p2a: Iron Valiant|Thunderbolt|p1: Samurott|[notarget]
|-fail|p2a: Iron Valiant
|
|upkeep
|inactive|loudclouds103 has 120 seconds left.
|
|t:|1779684137
|switch|p1a: Venusaur|Venusaur, F|100/100
|turn|3
|inactive|Hanks05 has 120 seconds left.
|
|t:|1779684171
|-end|p2a: Iron Valiant|Quark Drive|[silent]
|switch|p2a: Dragonite|Dragonite, M|100/100
|move|p1a: Venusaur|Sludge Bomb|p2a: Dragonite
|-damage|p2a: Dragonite|81/100
|
|upkeep
|turn|4
|
|t:|1779684181
|-terastallize|p2a: Dragonite|Normal
|move|p1a: Venusaur|Sludge Bomb|p2a: Dragonite
|-damage|p2a: Dragonite|43/100
|move|p2a: Dragonite|Dragon Dance|p2a: Dragonite
|-boost|p2a: Dragonite|atk|1
|-boost|p2a: Dragonite|spe|1
|
|upkeep
|turn|5
|inactive|Hanks05 has 120 seconds left.
|
|t:|1779684202
|move|p2a: Dragonite|Extreme Speed|p1a: Venusaur
|-damage|p1a: Venusaur|19/100
|move|p1a: Venusaur|Sludge Bomb|p2a: Dragonite
|-damage|p2a: Dragonite|4/100
|-status|p2a: Dragonite|psn
|
|-heal|p1a: Venusaur|25/100|[from] item: Black Sludge
|-damage|p2a: Dragonite|0 fnt|[from] psn
|faint|p2a: Dragonite
|upkeep
|
|t:|1779684206
|switch|p2a: Deoxys|Deoxys-Speed|100/100
|-ability|p2a: Deoxys|Pressure
|turn|6
|
|t:|1779684227
|move|p2a: Deoxys|Psycho Boost|p1a: Venusaur
|-supereffective|p1a: Venusaur
|-damage|p1a: Venusaur|0 fnt
|-unboost|p2a: Deoxys|spa|2
|faint|p1a: Venusaur
|
|upkeep
|
|t:|1779684234
|switch|p1a: Electivire|Electivire, M|100/100
|turn|7
|
|t:|1779684242
|move|p2a: Deoxys|Stealth Rock|p1a: Electivire
|-sidestart|p1: loudclouds103|move: Stealth Rock
|move|p1a: Electivire|Knock Off|p2a: Deoxys
|-supereffective|p2a: Deoxys
|-damage|p2a: Deoxys|24/100
|-enditem|p2a: Deoxys|Focus Sash|[from] move: Knock Off|[of] p1a: Electivire
|
|upkeep
|turn|8
|
|t:|1779684254
|move|p2a: Deoxys|Spikes|p1a: Electivire
|-sidestart|p1: loudclouds103|Spikes
|move|p1a: Electivire|Supercell Slam|p2a: Deoxys|[miss]
|-miss|p1a: Electivire|p2a: Deoxys
|-damage|p1a: Electivire|51/100|[from] supercellslam
|
|upkeep
|turn|9
|-message|loudclouds103 forfeited.
|
|win|Hanks05
|raw|loudclouds103's rating: 1132 &rarr; <strong>1108</strong><br />(-24 for losing)
|raw|Hanks05's rating: 1146 &rarr; <strong>1170</strong><br />(+24 for winning)
|l|☆loudclouds103
|player|p1|
|l|☆Hanks05
|player|p2|
