|j|☆Trail one
|j|☆isaac_gam3r
|t:|1779643582
|gametype|singles
|player|p1|Trail one|170|1672
|player|p2|isaac_gam3r|acetrainer-gen4dp|1728
|gen|9
|tier|[Gen 9] OU
|rated|
|rule|HP Percentage Mod: HP is shown in percentages
|rule|Endless Battle Clause: Forcing endless battles is banned
|rule|Species Clause: Limit one of each Pokémon
|rule|OHKO Clause: OHKO moves are banned
|rule|Evasion Items Clause: Evasion items are banned
|rule|Evasion Moves Clause: Evasion moves are banned
|rule|Evasion Abilities Clause: Evasion abilities are banned
|rule|Sleep Moves Clause: Sleep-inducing moves are banned
|clearpoke
|poke|p1|Cinderace, M|
|poke|p1|Raging Bolt|
|poke|p1|Scizor, F|
|poke|p1|Clefable, F|
|poke|p1|Great Tusk|
|poke|p1|Latios, M|
|poke|p2|Primarina, F|
|poke|p2|Raging Bolt|
|poke|p2|Heatran, M|
|poke|p2|Weezing-Galar, M|
|poke|p2|Garchomp, M|
|poke|p2|Weavile, M|
|teampreview
|inactive|Battle timer is ON: inactive players will automatically lose when time's up. (requested by isaac_gam3r)
|
|t:|1779643593
|teamsize|p1|6
|teamsize|p2|6
|start
|switch|p1a: Cinderace|Cinderace, M|100/100
|switch|p2a: Heatran|Heatran, M|100/100
|turn|1
|
|t:|1779643601
|switch|p2a: Weezing|Weezing-Galar, M, shiny|100/100
|move|p1a: Cinderace|High Jump Kick|p2a: Weezing
|-start|p1a: Cinderace|typechange|Fighting|[from] ability: Libero
|-resisted|p2a: Weezing
|-damage|p2a: Weezing|86/100
|
|-heal|p2a: Weezing|92/100|[from] item: Black Sludge
|upkeep
|turn|2
|
|t:|1779643622
|switch|p1a: Clefable|Clefable, F|100/100
|move|p2a: Weezing|Will-O-Wisp|p1a: Clefable
|-status|p1a: Clefable|brn
|
|-heal|p2a: Weezing|98/100|[from] item: Black Sludge
|upkeep
|turn|3
|
|t:|1779643632
|switch|p2a: Heatran|Heatran, M|100/100
|switch|p1a: Scizor|Scizor, F|100/100
|
|upkeep
|turn|4
|
|t:|1779643640
|switch|p1a: Great Tusk|Great Tusk|100/100
|move|p2a: Heatran|Lava Plume|p1a: Great Tusk
|-damage|p1a: Great Tusk|36/100
|-status|p1a: Great Tusk|brn
|
|-damage|p1a: Great Tusk|29/100 brn|[from] brn
|upkeep
|turn|5
|
|t:|1779643652
|switch|p2a: Weezing|Weezing-Galar, M, shiny|98/100
|move|p1a: Great Tusk|Headlong Rush|p2a: Weezing
|-immune|p2a: Weezing|[from] ability: Levitate
|
|-heal|p2a: Weezing|100/100|[from] item: Black Sludge
|-damage|p1a: Great Tusk|23/100 brn|[from] brn
|upkeep
|turn|6
|
|t:|1779643660
|move|p1a: Great Tusk|Headlong Rush|p2a: Weezing
|-immune|p2a: Weezing|[from] ability: Levitate
|move|p2a: Weezing|Strange Steam|p1a: Great Tusk
|-supereffective|p1a: Great Tusk
|-damage|p1a: Great Tusk|0 fnt
|faint|p1a: Great Tusk
|-end|p1a: Great Tusk|Protosynthesis|[silent]
|
|upkeep
|
|t:|1779643668
|switch|p1a: Latios|Latios, M|100/100
|turn|7
|
|t:|1779643673
|switch|p2a: Primarina|Primarina, F, shiny|100/100
|move|p1a: Latios|Trick|p2a: Primarina
|-activate|p1a: Latios|move: Trick|[of] p2a: Primarina
|-item|p2a: Primarina|Choice Scarf|[from] move: Trick
|-item|p1a: Latios|Leftovers|[from] move: Trick
|
|upkeep
|turn|8
|
|t:|1779643682
|move|p2a: Primarina|Sparkling Aria|p1a: Latios
|-resisted|p1a: Latios
|-damage|p1a: Latios|74/100
|move|p1a: Latios|Roar|p2a: Primarina
|drag|p2a: Heatran|Heatran, M|100/100
|
|-heal|p1a: Latios|80/100|[from] item: Leftovers
|upkeep
|turn|9
|
|t:|1779643690
|switch|p1a: Cinderace|Cinderace, M|100/100
|move|p2a: Heatran|Flash Cannon|p1a: Cinderace
|-resisted|p1a: Cinderace
|-damage|p1a: Cinderace|71/100
|
|upkeep
|turn|10
|
|t:|1779643695
|switch|p2a: Garchomp|Garchomp, M|100/100
|move|p1a: Cinderace|Pyro Ball|p2a: Garchomp
|-resisted|p2a: Garchomp
|-damage|p2a: Garchomp|58/100
|
|upkeep
|turn|11
|
|t:|1779643700
|-terastallize|p1a: Cinderace|Fire
|move|p2a: Garchomp|Earthquake|p1a: Cinderace
|-supereffective|p1a: Cinderace
|-damage|p1a: Cinderace|0 fnt
|faint|p1a: Cinderace
|
|upkeep
|
|t:|1779643711
|switch|p1a: Clefable|Clefable, F|100/100 brn
|turn|12
|
|t:|1779643714
|switch|p2a: Heatran|Heatran, M|100/100
|move|p1a: Clefable|Stealth Rock|p2a: Heatran
|-sidestart|p2: isaac_gam3r|move: Stealth Rock
|
|upkeep
|turn|13
|
|t:|1779643717
|move|p2a: Heatran|Flash Cannon|p1a: Clefable
|-supereffective|p1a: Clefable
|-damage|p1a: Clefable|36/100 brn
|-unboost|p1a: Clefable|spd|1
|move|p1a: Clefable|Thunder Wave|p2a: Heatran
|-status|p2a: Heatran|par
|
|-heal|p1a: Clefable|42/100 brn|[from] item: Leftovers
|upkeep
|turn|14
|
|t:|1779643732
|switch|p1a: Raging Bolt|Raging Bolt|100/100
|move|p2a: Heatran|Flash Cannon|p1a: Raging Bolt
|-resisted|p1a: Raging Bolt
|-damage|p1a: Raging Bolt|83/100
|
|-heal|p1a: Raging Bolt|89/100|[from] item: Leftovers
|upkeep
|turn|15
|
|t:|1779643737
|move|p1a: Raging Bolt|Calm Mind|p1a: Raging Bolt
|-boost|p1a: Raging Bolt|spa|1
|-boost|p1a: Raging Bolt|spd|1
|move|p2a: Heatran|Earth Power|p1a: Raging Bolt
|-supereffective|p1a: Raging Bolt
|-damage|p1a: Raging Bolt|54/100
|
|-heal|p1a: Raging Bolt|61/100|[from] item: Leftovers
|upkeep
|turn|16
|
|t:|1779643740
|move|p1a: Raging Bolt|Calm Mind|p1a: Raging Bolt
|-boost|p1a: Raging Bolt|spa|1
|-boost|p1a: Raging Bolt|spd|1
|move|p2a: Heatran|Earth Power|p1a: Raging Bolt
|-supereffective|p1a: Raging Bolt
|-damage|p1a: Raging Bolt|33/100
|
|-heal|p1a: Raging Bolt|39/100|[from] item: Leftovers
|upkeep
|turn|17
|
|t:|1779643746
|switch|p2a: Garchomp|Garchomp, M|58/100
|-damage|p2a: Garchomp|51/100|[from] Stealth Rock
|move|p1a: Raging Bolt|Thunderclap||[still]
|-fail|p1a: Raging Bolt
|
|-heal|p1a: Raging Bolt|45/100|[from] item: Leftovers
|upkeep
|turn|18
|
|t:|1779643752
|-end|p1a: Raging Bolt|Protosynthesis|[silent]
|switch|p1a: Latios|Latios, M|80/100
|move|p2a: Garchomp|Earthquake|p1a: Latios
|-immune|p1a: Latios|[from] ability: Levitate
|
|-heal|p1a: Latios|86/100|[from] item: Leftovers
|upkeep
|turn|19
|
|t:|1779643755
|switch|p2a: Primarina|Primarina, F, shiny|100/100
|-damage|p2a: Primarina|88/100|[from] Stealth Rock
|switch|p1a: Raging Bolt|Raging Bolt|45/100
|
|-heal|p1a: Raging Bolt|51/100|[from] item: Leftovers
|upkeep
|turn|20
|
|t:|1779643762
|move|p1a: Raging Bolt|Thunderclap|p2a: Primarina
|-supereffective|p2a: Primarina
|-damage|p2a: Primarina|17/100
|move|p2a: Primarina|Draining Kiss|p1a: Raging Bolt
|-supereffective|p1a: Raging Bolt
|-damage|p1a: Raging Bolt|2/100
|-heal|p2a: Primarina|63/100|[from] drain|[of] p1a: Raging Bolt
|
|-heal|p1a: Raging Bolt|9/100|[from] item: Leftovers
|upkeep
|turn|21
|
|t:|1779643768
|move|p2a: Primarina|Draining Kiss|p1a: Raging Bolt
|-supereffective|p1a: Raging Bolt
|-damage|p1a: Raging Bolt|0 fnt
|-heal|p2a: Primarina|70/100|[from] drain|[of] p1a: Raging Bolt
|faint|p1a: Raging Bolt
|-end|p1a: Raging Bolt|Protosynthesis|[silent]
|
|upkeep
|-message|Trail one forfeited.
|
|win|isaac_gam3r
|raw|Trail one's rating: 1672 &rarr; <strong>1655</strong><br />(-17 for losing)
|raw|isaac_gam3r's rating: 1728 &rarr; <strong>1745</strong><br />(+17 for winning)
|l|☆Trail one
|player|p1|
|l|☆isaac_gam3r
|player|p2|
