|j|☆yoony1
|j|☆iamashit
|t:|1779612287
|gametype|singles
|player|p1|yoony1|plasmagrunt-gen5bw|1447
|player|p2|iamashit|102|1466
|gen|9
|tier|[Gen 9] OU
|rated|
|rule|HP Percentage Mod: HP is shown in percentages
|rule|Endless Battle Clause: Forcing endless battles is banned
|rule|Species Clause: Limit one of each Pokémon
|rule|OHKO Clause: OHKO moves are banned
|rule|Evasion Items Clause: Evasion items are banned
|rule|Evasion Moves Clause: Evasion moves are banned
|rule|Evasion Abilities Clause: Evasion abilities are banned
|rule|Sleep Moves Clause: Sleep-inducing moves are banned
|clearpoke
|poke|p1|Gholdengo|
|poke|p1|Samurott-Hisui, M|
|poke|p1|Meowscarada, F|
|poke|p1|Great Tusk|
|poke|p1|Skarmory, F|
|poke|p1|Slowking-Galar, L99, F|
|poke|p2|Dragalge, F|
|poke|p2|Alomomola, F|
|poke|p2|Kingambit, F|
|poke|p2|Great Tusk|
|poke|p2|Enamorus, F|
|poke|p2|Corviknight, M|
|teampreview
|l|☆iamashit
|player|p2|
|j|☆iamashit
|player|p2|iamashit|102|
|
|t:|1779612308
|teamsize|p1|6
|teamsize|p2|6
|start
|switch|p1a: Samurott|Samurott-Hisui, M|100/100
|switch|p2a: Corviknight|Corviknight, M|100/100
|-ability|p2a: Corviknight|Pressure
|turn|1
|
|t:|1779612331
|switch|p1a: Skarmory|Skarmory, F|100/100
|move|p2a: Corviknight|Body Press|p1a: Skarmory
|-damage|p1a: Skarmory|85/100
|-damage|p2a: Corviknight|84/100|[from] item: Rocky Helmet|[of] p1a: Skarmory
|
|upkeep
|turn|2
|
|t:|1779612345
|switch|p2a: Enamorus|Enamorus, F|100/100
|move|p1a: Skarmory|Stealth Rock|p2a: Enamorus
|-sidestart|p2: iamashit|move: Stealth Rock
|
|upkeep
|turn|3
|
|t:|1779612353
|switch|p1a: Slowking|Slowking-Galar, L99, F|100/100
|move|p2a: Enamorus|Mystical Fire|p1a: Slowking
|-damage|p1a: Slowking|83/100
|-unboost|p1a: Slowking|spa|1
|
|upkeep
|turn|4
|
|t:|1779612378
|switch|p2a: Kingambit|Kingambit, F|100/100
|-damage|p2a: Kingambit|94/100|[from] Stealth Rock
|move|p1a: Slowking|Future Sight|p2a: Kingambit
|-start|p1a: Slowking|move: Future Sight
|
|-heal|p2a: Kingambit|100/100|[from] item: Leftovers
|upkeep
|turn|5
|
|t:|1779612417
|switch|p1a: Great Tusk|Great Tusk|100/100
|-enditem|p1a: Great Tusk|Booster Energy
|-activate|p1a: Great Tusk|ability: Protosynthesis|[fromitem]
|-start|p1a: Great Tusk|protosynthesisatk
|move|p2a: Kingambit|Iron Head|p1a: Great Tusk
|-damage|p1a: Great Tusk|67/100
|
|upkeep
|turn|6
|
|t:|1779612426
|-end|p2a: Kingambit|fallenundefined|[silent]
|switch|p2a: Corviknight|Corviknight, M|84/100
|-damage|p2a: Corviknight|72/100|[from] Stealth Rock
|-ability|p2a: Corviknight|Pressure
|move|p1a: Great Tusk|Knock Off|p2a: Corviknight
|-damage|p2a: Corviknight|44/100
|-damage|p1a: Great Tusk|50/100|[from] item: Rocky Helmet|[of] p2a: Corviknight
|-enditem|p2a: Corviknight|Rocky Helmet|[from] move: Knock Off|[of] p1a: Great Tusk
|
|-end|p2a: Corviknight|move: Future Sight
|-resisted|p2a: Corviknight
|-damage|p2a: Corviknight|24/100
|upkeep
|turn|7
|
|t:|1779612438
|-end|p1a: Great Tusk|Protosynthesis|[silent]
|switch|p1a: Gholdengo|Gholdengo|100/100
|-item|p1a: Gholdengo|Air Balloon
|move|p2a: Corviknight|Roost|p2a: Corviknight
|-heal|p2a: Corviknight|74/100
|-singleturn|p2a: Corviknight|move: Roost
|
|upkeep
|turn|8
|
|t:|1779612447
|move|p1a: Gholdengo|Thunderbolt|p2a: Corviknight
|-supereffective|p2a: Corviknight
|-damage|p2a: Corviknight|10/100
|move|p2a: Corviknight|U-turn|p1a: Gholdengo
|-resisted|p1a: Gholdengo
|-damage|p1a: Gholdengo|97/100
|-enditem|p1a: Gholdengo|Air Balloon
|
|t:|1779612463
|switch|p2a: Dragalge|Dragalge, F|100/100|[from] U-turn
|-damage|p2a: Dragalge|88/100|[from] Stealth Rock
|
|upkeep
|turn|9
|
|t:|1779612499
|move|p1a: Gholdengo|Shadow Ball|p2a: Dragalge
|-damage|p2a: Dragalge|65/100
|move|p2a: Dragalge|Flip Turn|p1a: Gholdengo
|-damage|p1a: Gholdengo|86/100
|
|t:|1779612506
|switch|p2a: Kingambit|Kingambit, F|100/100|[from] Flip Turn
|-damage|p2a: Kingambit|94/100|[from] Stealth Rock
|
|-heal|p2a: Kingambit|100/100|[from] item: Leftovers
|upkeep
|turn|10
|
|t:|1779612531
|switch|p1a: Skarmory|Skarmory, F|85/100
|move|p2a: Kingambit|Kowtow Cleave|p1a: Skarmory
|-damage|p1a: Skarmory|58/100
|-damage|p2a: Kingambit|84/100|[from] item: Rocky Helmet|[of] p1a: Skarmory
|
|-heal|p2a: Kingambit|90/100|[from] item: Leftovers
|upkeep
|turn|11
|
|t:|1779612556
|-end|p2a: Kingambit|fallenundefined|[silent]
|switch|p2a: Alomomola|Alomomola, F|100/100
|move|p1a: Skarmory|Whirlwind|p2a: Alomomola
|drag|p2a: Kingambit|Kingambit, F|90/100
|-damage|p2a: Kingambit|84/100|[from] Stealth Rock
|
|-heal|p2a: Kingambit|90/100|[from] item: Leftovers
|upkeep
|turn|12
|
|t:|1779612566
|-end|p2a: Kingambit|fallenundefined|[silent]
|switch|p2a: Alomomola|Alomomola, F|100/100
|move|p1a: Skarmory|Roost|p1a: Skarmory
|-heal|p1a: Skarmory|100/100
|-singleturn|p1a: Skarmory|move: Roost
|
|upkeep
|turn|13
|
|t:|1779612601
|move|p2a: Alomomola|Wish|p2a: Alomomola
|move|p1a: Skarmory|Whirlwind|p2a: Alomomola
|drag|p2a: Kingambit|Kingambit, F|90/100
|-damage|p2a: Kingambit|84/100|[from] Stealth Rock
|
|-heal|p2a: Kingambit|90/100|[from] item: Leftovers
|upkeep
|turn|14
|
|t:|1779612620
|-end|p2a: Kingambit|fallenundefined|[silent]
|switch|p2a: Alomomola|Alomomola, F|100/100
|switch|p1a: Great Tusk|Great Tusk|50/100
|
|upkeep
|turn|15
|
|t:|1779612633
|-end|p1a: Great Tusk|Protosynthesis|[silent]
|switch|p1a: Slowking|Slowking-Galar, L99, F|100/100
|move|p2a: Alomomola|Wish|p2a: Alomomola
|
|upkeep
|turn|16
|
|t:|1779612645
|move|p2a: Alomomola|Flip Turn|p1a: Slowking
|-damage|p1a: Slowking|81/100
|
|t:|1779612646
|switch|p2a: Corviknight|Corviknight, M|10/100|[from] Flip Turn
|-damage|p2a: Corviknight|0 fnt|[from] Stealth Rock
|faint|p2a: Corviknight
|move|p1a: Slowking|Thunder Wave|p2: Corviknight|[notarget]
|-fail|p1a: Slowking
|
|upkeep
|
|t:|1779612654
|switch|p2a: Great Tusk|Great Tusk|100/100
|turn|17
|
|t:|1779612668
|switch|p1a: Skarmory|Skarmory, F|100/100
|move|p2a: Great Tusk|Rapid Spin|p1a: Skarmory
|-resisted|p1a: Skarmory
|-damage|p1a: Skarmory|95/100
|-boost|p2a: Great Tusk|spe|1
|-damage|p2a: Great Tusk|84/100|[from] item: Rocky Helmet|[of] p1a: Skarmory
|-sideend|p2: iamashit|Stealth Rock|[from] move: Rapid Spin|[of] p2a: Great Tusk
|
|upkeep
|turn|18
|-message|iamashit forfeited.
|
|win|yoony1
|raw|yoony1's rating: 1447 &rarr; <strong>1468</strong><br />(+21 for winning)
|raw|iamashit's rating: 1466 &rarr; <strong>1445</strong><br />(-21 for losing)
|l|☆iamashit
|player|p2|
|l|☆yoony1
|player|p1|
