|j|☆Coolradguy
|j|☆Dragavian NTK
|t:|1779555834
|gametype|singles
|player|p1|Coolradguy|101|1482
|player|p2|Dragavian NTK|gentleman-gen4|1485
|gen|9
|tier|[Gen 9] OU
|rated|
|rule|HP Percentage Mod: HP is shown in percentages
|rule|Endless Battle Clause: Forcing endless battles is banned
|rule|Species Clause: Limit one of each Pokémon
|rule|OHKO Clause: OHKO moves are banned
|rule|Evasion Items Clause: Evasion items are banned
|rule|Evasion Moves Clause: Evasion moves are banned
|rule|Evasion Abilities Clause: Evasion abilities are banned
|rule|Sleep Moves Clause: Sleep-inducing moves are banned
|clearpoke
|poke|p1|Kingambit, M|
|poke|p1|Ting-Lu|
|poke|p1|Pawmot, F|
|poke|p1|Dragonite, F|
|poke|p1|Pecharunt|
|poke|p1|Hatterene, F|
|poke|p2|Dragonite, M|
|poke|p2|Dragapult, F|
|poke|p2|Cresselia, F|
|poke|p2|Ogerpon-Wellspring, F|
|poke|p2|Great Tusk|
|poke|p2|Gengar, F|
|teampreview
|inactive|Battle timer is ON: inactive players will automatically lose when time's up. (requested by Dragavian NTK)
|
|t:|1779555840
|teamsize|p1|6
|teamsize|p2|6
|start
|switch|p1a: Ting-Lu|Ting-Lu|100/100
|switch|p2a: Ogerpon|Ogerpon-Wellspring, F|100/100
|-ability|p1a: Ting-Lu|Vessel of Ruin
|turn|1
|
|t:|1779555853
|switch|p1a: Dragonite|Dragonite, F, shiny|100/100
|move|p2a: Ogerpon|Ivy Cudgel|p1a: Dragonite|[anim] Ivy Cudgel Water
|-resisted|p1a: Dragonite
|-damage|p1a: Dragonite|87/100
|
|upkeep
|turn|2
|
|t:|1779555865
|move|p2a: Ogerpon|Ivy Cudgel|p1a: Dragonite|[anim] Ivy Cudgel Water
|-resisted|p1a: Dragonite
|-damage|p1a: Dragonite|59/100
|move|p1a: Dragonite|Dragon Tail|p2a: Ogerpon
|-damage|p2a: Ogerpon|51/100
|drag|p2a: Cresselia|Cresselia, F|100/100
|
|upkeep
|turn|3
|
|t:|1779555885
|switch|p1a: Hatterene|Hatterene, F|100/100
|move|p2a: Cresselia|Moonblast|p1a: Hatterene
|-damage|p1a: Hatterene|87/100
|-unboost|p1a: Hatterene|spa|1
|
|upkeep
|turn|4
|
|t:|1779555904
|switch|p2a: Great Tusk|Great Tusk, shiny|100/100
|move|p1a: Hatterene|Nuzzle|p2a: Great Tusk
|-immune|p2a: Great Tusk
|
|upkeep
|turn|5
|
|t:|1779555913
|switch|p1a: Ting-Lu|Ting-Lu|100/100
|-ability|p1a: Ting-Lu|Vessel of Ruin
|move|p2a: Great Tusk|Knock Off|p1a: Ting-Lu
|-resisted|p1a: Ting-Lu
|-damage|p1a: Ting-Lu|93/100
|-enditem|p1a: Ting-Lu|Leftovers|[from] move: Knock Off|[of] p2a: Great Tusk
|
|upkeep
|turn|6
|
|t:|1779555930
|move|p2a: Great Tusk|Close Combat|p1a: Ting-Lu
|-supereffective|p1a: Ting-Lu
|-damage|p1a: Ting-Lu|33/100
|-unboost|p2a: Great Tusk|def|1
|-unboost|p2a: Great Tusk|spd|1
|move|p1a: Ting-Lu|Stealth Rock|p2a: Great Tusk
|-sidestart|p2: Dragavian NTK|move: Stealth Rock
|
|upkeep
|turn|7
|
|t:|1779555953
|switch|p1a: Dragonite|Dragonite, F, shiny|59/100
|move|p2a: Great Tusk|Headlong Rush|p1a: Dragonite
|-immune|p1a: Dragonite
|
|upkeep
|turn|8
|
|t:|1779555966
|move|p2a: Great Tusk|Rapid Spin|p1a: Dragonite
|-damage|p1a: Dragonite|41/100
|-boost|p2a: Great Tusk|spe|1
|-sideend|p2: Dragavian NTK|Stealth Rock|[from] move: Rapid Spin|[of] p2a: Great Tusk
|move|p1a: Dragonite|Roost|p1a: Dragonite
|-heal|p1a: Dragonite|91/100
|-singleturn|p1a: Dragonite|move: Roost
|
|upkeep
|turn|9
|
|t:|1779555977
|move|p2a: Great Tusk|Knock Off|p1a: Dragonite
|-damage|p1a: Dragonite|58/100
|-enditem|p1a: Dragonite|Heavy-Duty Boots|[from] move: Knock Off|[of] p2a: Great Tusk
|move|p1a: Dragonite|Dragon Dance|p1a: Dragonite
|-boost|p1a: Dragonite|atk|1
|-boost|p1a: Dragonite|spe|1
|
|upkeep
|turn|10
|
|t:|1779555991
|-end|p2a: Great Tusk|Protosynthesis|[silent]
|switch|p2a: Gengar|Gengar, F|100/100
|move|p1a: Dragonite|Roost|p1a: Dragonite
|-heal|p1a: Dragonite|100/100
|-singleturn|p1a: Dragonite|move: Roost
|
|upkeep
|turn|11
|
|t:|1779555996
|move|p2a: Gengar|Will-O-Wisp|p1a: Dragonite
|-status|p1a: Dragonite|brn
|move|p1a: Dragonite|Dragon Tail|p2a: Gengar
|-damage|p2a: Gengar|59/100
|drag|p2a: Great Tusk|Great Tusk, shiny|100/100
|
|-damage|p1a: Dragonite|94/100 brn|[from] brn
|upkeep
|turn|12
|
|t:|1779556006
|-end|p2a: Great Tusk|Protosynthesis|[silent]
|switch|p2a: Ogerpon|Ogerpon-Wellspring, F|51/100
|move|p1a: Dragonite|Dragon Dance|p1a: Dragonite
|-boost|p1a: Dragonite|atk|1
|-boost|p1a: Dragonite|spe|1
|
|-damage|p1a: Dragonite|88/100 brn|[from] brn
|upkeep
|turn|13
|
|t:|1779556025
|move|p1a: Dragonite|Roost|p1a: Dragonite
|-heal|p1a: Dragonite|100/100 brn
|-singleturn|p1a: Dragonite|move: Roost
|move|p2a: Ogerpon|Encore|p1a: Dragonite
|-start|p1a: Dragonite|Encore
|
|-damage|p1a: Dragonite|94/100 brn|[from] brn
|upkeep
|turn|14
|
|t:|1779556038
|switch|p1a: Pecharunt|Pecharunt|100/100
|move|p2a: Ogerpon|Horn Leech|p1a: Pecharunt
|-resisted|p1a: Pecharunt
|-damage|p1a: Pecharunt|90/100
|-heal|p2a: Ogerpon|58/100|[from] drain|[of] p1a: Pecharunt
|-damage|p2a: Ogerpon|41/100|[from] item: Rocky Helmet|[of] p1a: Pecharunt
|
|upkeep
|turn|15
|
|t:|1779556046
|switch|p2a: Gengar|Gengar, F|59/100
|move|p1a: Pecharunt|Malignant Chain|p2a: Gengar
|-resisted|p2a: Gengar
|-damage|p2a: Gengar|48/100
|-start|p1a: Pecharunt|Disable|Malignant Chain|[from] ability: Cursed Body|[of] p2a: Gengar
|
|upkeep
|turn|16
|
|t:|1779556058
|switch|p1a: Kingambit|Kingambit, M|100/100
|move|p2a: Gengar|Destiny Bond|p2a: Gengar
|-singlemove|p2a: Gengar|Destiny Bond
|
|upkeep
|turn|17
|
|t:|1779556077
|-end|p1a: Kingambit|fallenundefined|[silent]
|switch|p1a: Dragonite|Dragonite, F, shiny|94/100 brn
|move|p2a: Gengar|Will-O-Wisp|p1a: Dragonite
|-fail|p1a: Dragonite|brn
|
|-damage|p1a: Dragonite|88/100 brn|[from] brn
|upkeep
|turn|18
|
|t:|1779556099
|switch|p2a: Ogerpon|Ogerpon-Wellspring, F|41/100
|move|p1a: Dragonite|Dragon Tail|p2a: Ogerpon
|-damage|p2a: Ogerpon|18/100
|drag|p2a: Dragonite|Dragonite, M|100/100
|
|-damage|p1a: Dragonite|82/100 brn|[from] brn
|upkeep
|turn|19
|
|t:|1779556107
|move|p2a: Dragonite|Ice Spinner|p1a: Dragonite
|-supereffective|p1a: Dragonite
|-damage|p1a: Dragonite|0 fnt
|faint|p1a: Dragonite
|
|upkeep
|inactive|Coolradguy has 120 seconds left.
|
|t:|1779556134
|switch|p1a: Hatterene|Hatterene, F|87/100
|turn|20
|
|t:|1779556143
|switch|p2a: Great Tusk|Great Tusk, shiny|100/100
|move|p1a: Hatterene|Psychic Noise|p2a: Great Tusk
|-supereffective|p2a: Great Tusk
|-damage|p2a: Great Tusk|2/100
|-start|p2a: Great Tusk|move: Heal Block
|
|upkeep
|turn|21
|inactive|Coolradguy has 120 seconds left.
|
|t:|1779556169
|move|p2a: Great Tusk|Knock Off|p1a: Hatterene
|-damage|p1a: Hatterene|47/100
|-damage|p2a: Great Tusk|0 fnt|[from] item: Rocky Helmet|[of] p1a: Hatterene
|faint|p2a: Great Tusk
|-end|p2a: Great Tusk|Protosynthesis|[silent]
|move|p1a: Hatterene|Draining Kiss|p2: Great Tusk|[notarget]
|-fail|p1a: Hatterene
|
|upkeep
|
|t:|1779556176
|switch|p2a: Dragapult|Dragapult, F|100/100
|turn|22
|
|t:|1779556183
|switch|p1a: Kingambit|Kingambit, M|100/100
|-activate|p1a: Kingambit|ability: Supreme Overlord
|-start|p1a: Kingambit|fallen1|[silent]
|move|p2a: Dragapult|Shadow Ball|p1a: Kingambit
|-resisted|p1a: Kingambit
|-damage|p1a: Kingambit|71/100
|
|-heal|p1a: Kingambit|78/100|[from] item: Leftovers
|upkeep
|turn|23
|
|t:|1779556196
|switch|p2a: Ogerpon|Ogerpon-Wellspring, F|18/100
|move|p1a: Kingambit|Kowtow Cleave|p2a: Ogerpon
|-damage|p2a: Ogerpon|0 fnt
|faint|p2a: Ogerpon
|
|-heal|p1a: Kingambit|84/100|[from] item: Leftovers
|upkeep
|
|t:|1779556201
|switch|p2a: Gengar|Gengar, F|48/100
|turn|24
|inactive|Coolradguy has 120 seconds left.
|
|t:|1779556207
|-end|p1a: Kingambit|fallen1|[silent]
|switch|p1a: Pawmot|Pawmot, F|100/100
|move|p2a: Gengar|Will-O-Wisp|p1a: Pawmot
|-status|p1a: Pawmot|brn
|
|-damage|p1a: Pawmot|94/100 brn|[from] brn
|upkeep
|turn|25
|inactive|Coolradguy has 120 seconds left.
|
|t:|1779556218
|move|p1a: Pawmot|Revival Blessing|p1a: Pawmot
|inactive|Coolradguy has 120 seconds left.
|
|t:|1779556225
|-heal|p1: Dragonite|50/100|[from] move: Revival Blessing
|move|p2a: Gengar|Destiny Bond|p2a: Gengar
|-singlemove|p2a: Gengar|Destiny Bond
|
|-damage|p1a: Pawmot|88/100 brn|[from] brn
|upkeep
|turn|26
|inactive|Coolradguy has 120 seconds left.
|
|t:|1779556249
|switch|p1a: Ting-Lu|Ting-Lu|33/100
|-ability|p1a: Ting-Lu|Vessel of Ruin
|switch|p2a: Dragonite|Dragonite, M|100/100
|
|upkeep
|turn|27
|
|t:|1779556271
|move|p2a: Dragonite|Ice Spinner|p1a: Ting-Lu
|-supereffective|p1a: Ting-Lu
|-damage|p1a: Ting-Lu|5/100
|move|p1a: Ting-Lu|Ruination|p2a: Dragonite|[miss]
|-miss|p1a: Ting-Lu|p2a: Dragonite
|
|upkeep
|turn|28
|
|t:|1779556278
|move|p2a: Dragonite|Ice Spinner|p1a: Ting-Lu
|-supereffective|p1a: Ting-Lu
|-damage|p1a: Ting-Lu|0 fnt
|faint|p1a: Ting-Lu
|
|upkeep
|
|t:|1779556281
|switch|p1a: Pecharunt|Pecharunt|90/100
|turn|29
|
|t:|1779556288
|move|p2a: Dragonite|Earthquake|p1a: Pecharunt
|-supereffective|p1a: Pecharunt
|-damage|p1a: Pecharunt|51/100
|move|p1a: Pecharunt|Hex|p2a: Dragonite
|-damage|p2a: Dragonite|91/100
|
|upkeep
|turn|30
|
|t:|1779556294
|move|p2a: Dragonite|Earthquake|p1a: Pecharunt
|-supereffective|p1a: Pecharunt
|-damage|p1a: Pecharunt|13/100
|move|p1a: Pecharunt|Malignant Chain|p2a: Dragonite
|-damage|p2a: Dragonite|61/100
|-status|p2a: Dragonite|tox
|-start|p2a: Dragonite|confusion|[from] ability: Poison Puppeteer|[of] p1a: Pecharunt
|
|-damage|p2a: Dragonite|55/100 tox|[from] psn
|upkeep
|turn|31
|
|t:|1779556303
|-activate|p2a: Dragonite|confusion
|-damage|p2a: Dragonite|40/100 tox|[from] confusion
|move|p1a: Pecharunt|Recover|p1a: Pecharunt
|-heal|p1a: Pecharunt|63/100
|
|-damage|p2a: Dragonite|27/100 tox|[from] psn
|upkeep
|turn|32
|
|t:|1779556311
|-activate|p2a: Dragonite|confusion
|move|p2a: Dragonite|Earthquake|p1a: Pecharunt
|-supereffective|p1a: Pecharunt
|-damage|p1a: Pecharunt|23/100
|move|p1a: Pecharunt|Hex|p2a: Dragonite
|-damage|p2a: Dragonite|0 fnt
|faint|p2a: Dragonite
|
|upkeep
|
|t:|1779556317
|switch|p2a: Dragapult|Dragapult, F|100/100
|turn|33
|
|t:|1779556326
|switch|p1a: Hatterene|Hatterene, F|47/100
|move|p2a: Dragapult|Shadow Ball|p1a: Hatterene
|-supereffective|p1a: Hatterene
|-damage|p1a: Hatterene|0 fnt
|faint|p1a: Hatterene
|
|upkeep
|
|t:|1779556336
|switch|p1a: Kingambit|Kingambit, M|84/100
|-activate|p1a: Kingambit|ability: Supreme Overlord
|-start|p1a: Kingambit|fallen3|[silent]
|turn|34
|
|t:|1779556342
|move|p2a: Dragapult|Shadow Ball|p1a: Kingambit
|-resisted|p1a: Kingambit
|-damage|p1a: Kingambit|55/100
|move|p1a: Kingambit|Kowtow Cleave|p2a: Dragapult
|-supereffective|p2a: Dragapult
|-damage|p2a: Dragapult|0 fnt
|faint|p2a: Dragapult
|
|-heal|p1a: Kingambit|61/100|[from] item: Leftovers
|upkeep
|
|t:|1779556347
|switch|p2a: Gengar|Gengar, F|48/100
|turn|35
|
|t:|1779556356
|move|p2a: Gengar|Will-O-Wisp|p1a: Kingambit
|-status|p1a: Kingambit|brn
|move|p1a: Kingambit|Kowtow Cleave|p2a: Gengar
|-supereffective|p2a: Gengar
|-damage|p2a: Gengar|0 fnt
|-start|p1a: Kingambit|Disable|Kowtow Cleave|[from] ability: Cursed Body|[of] p2a: Gengar
|faint|p2a: Gengar
|
|-heal|p1a: Kingambit|67/100 brn|[from] item: Leftovers
|-damage|p1a: Kingambit|61/100 brn|[from] brn
|upkeep
|
|t:|1779556363
|switch|p2a: Cresselia|Cresselia, F|100/100
|turn|36
|
|t:|1779556372
|-terastallize|p2a: Cresselia|Poison
|move|p2a: Cresselia|Calm Mind|p2a: Cresselia
|-boost|p2a: Cresselia|spa|1
|-boost|p2a: Cresselia|spd|1
|move|p1a: Kingambit|Swords Dance|p1a: Kingambit
|-boost|p1a: Kingambit|atk|2
|
|-heal|p1a: Kingambit|67/100 brn|[from] item: Leftovers
|-damage|p1a: Kingambit|61/100 brn|[from] brn
|upkeep
|turn|37
|
|t:|1779556380
|move|p2a: Cresselia|Calm Mind|p2a: Cresselia
|-boost|p2a: Cresselia|spa|1
|-boost|p2a: Cresselia|spd|1
|move|p1a: Kingambit|Iron Head|p2a: Cresselia
|-damage|p2a: Cresselia|64/100
|
|-heal|p2a: Cresselia|70/100|[from] item: Leftovers
|-heal|p1a: Kingambit|67/100 brn|[from] item: Leftovers
|-damage|p1a: Kingambit|61/100 brn|[from] brn
|upkeep
|turn|38
|
|t:|1779556389
|move|p2a: Cresselia|Calm Mind|p2a: Cresselia
|-boost|p2a: Cresselia|spa|1
|-boost|p2a: Cresselia|spd|1
|move|p1a: Kingambit|Iron Head|p2a: Cresselia
|-damage|p2a: Cresselia|36/100
|
|-heal|p2a: Cresselia|43/100|[from] item: Leftovers
|-heal|p1a: Kingambit|67/100 brn|[from] item: Leftovers
|-damage|p1a: Kingambit|61/100 brn|[from] brn
|-end|p1a: Kingambit|Disable
|upkeep
|turn|39
|
|t:|1779556395
|move|p2a: Cresselia|Moonblast|p1a: Kingambit
|-damage|p1a: Kingambit|15/100 brn
|move|p1a: Kingambit|Kowtow Cleave|p2a: Cresselia
|-damage|p2a: Cresselia|5/100
|
|-heal|p2a: Cresselia|11/100|[from] item: Leftovers
|-heal|p1a: Kingambit|21/100 brn|[from] item: Leftovers
|-damage|p1a: Kingambit|15/100 brn|[from] brn
|upkeep
|turn|40
|
|t:|1779556401
|move|p2a: Cresselia|Moonlight|p2a: Cresselia
|-heal|p2a: Cresselia|61/100
|move|p1a: Kingambit|Kowtow Cleave|p2a: Cresselia
|-damage|p2a: Cresselia|27/100
|
|-heal|p2a: Cresselia|33/100|[from] item: Leftovers
|-heal|p1a: Kingambit|21/100 brn|[from] item: Leftovers
|-damage|p1a: Kingambit|15/100 brn|[from] brn
|upkeep
|turn|41
|
|t:|1779556405
|move|p2a: Cresselia|Moonlight|p2a: Cresselia
|-heal|p2a: Cresselia|83/100
|move|p1a: Kingambit|Kowtow Cleave|p2a: Cresselia
|-damage|p2a: Cresselia|50/100
|
|-heal|p2a: Cresselia|56/100|[from] item: Leftovers
|-heal|p1a: Kingambit|21/100 brn|[from] item: Leftovers
|-damage|p1a: Kingambit|15/100 brn|[from] brn
|upkeep
|turn|42
|
|t:|1779556411
|move|p2a: Cresselia|Moonlight|p2a: Cresselia
|-heal|p2a: Cresselia|100/100
|move|p1a: Kingambit|Swords Dance|p1a: Kingambit
|-boost|p1a: Kingambit|atk|2
|
|-heal|p1a: Kingambit|21/100 brn|[from] item: Leftovers
|-damage|p1a: Kingambit|15/100 brn|[from] brn
|upkeep
|turn|43
|
|t:|1779556415
|move|p1a: Kingambit|Sucker Punch|p2a: Cresselia
|-damage|p2a: Cresselia|59/100
|move|p2a: Cresselia|Moonblast|p1a: Kingambit
|-damage|p1a: Kingambit|0 fnt
|faint|p1a: Kingambit
|-end|p1a: Kingambit|fallen3|[silent]
|
|-heal|p2a: Cresselia|65/100|[from] item: Leftovers
|upkeep
|inactive|Coolradguy has 120 seconds left.
|
|t:|1779556454
|switch|p1a: Dragonite|Dragonite, F, shiny|50/100
|turn|44
|
|t:|1779556461
|-terastallize|p1a: Dragonite|Normal
|move|p1a: Dragonite|Extreme Speed|p2a: Cresselia
|-damage|p2a: Cresselia|40/100
|move|p2a: Cresselia|Moonblast|p1a: Dragonite
|-damage|p1a: Dragonite|13/100
|
|-heal|p2a: Cresselia|46/100|[from] item: Leftovers
|upkeep
|turn|45
|
|t:|1779556472
|move|p2a: Cresselia|Moonlight|p2a: Cresselia
|-heal|p2a: Cresselia|96/100
|move|p1a: Dragonite|Dragon Dance|p1a: Dragonite
|-boost|p1a: Dragonite|atk|1
|-boost|p1a: Dragonite|spe|1
|
|-heal|p2a: Cresselia|100/100|[from] item: Leftovers
|upkeep
|turn|46
|
|t:|1779556476
|move|p1a: Dragonite|Extreme Speed|p2a: Cresselia
|-damage|p2a: Cresselia|65/100
|move|p2a: Cresselia|Moonblast|p1a: Dragonite
|-damage|p1a: Dragonite|0 fnt
|faint|p1a: Dragonite
|
|-heal|p2a: Cresselia|71/100|[from] item: Leftovers
|upkeep
|
|t:|1779556484
|switch|p1a: Pawmot|Pawmot, F|88/100 brn
|turn|47
|
|t:|1779556487
|move|p1a: Pawmot|Double Shock|p2a: Cresselia
|-crit|p2a: Cresselia
|-damage|p2a: Cresselia|47/100
|-start|p1a: Pawmot|typechange|???/Fighting|[from] move: Double Shock
|move|p2a: Cresselia|Stored Power|p1a: Pawmot
|-supereffective|p1a: Pawmot
|-damage|p1a: Pawmot|0 fnt
|faint|p1a: Pawmot
|
|-heal|p2a: Cresselia|53/100|[from] item: Leftovers
|upkeep
|
|t:|1779556490
|switch|p1a: Pecharunt|Pecharunt|23/100
|turn|48
|
|t:|1779556495
|move|p1a: Pecharunt|Recover|p1a: Pecharunt
|-heal|p1a: Pecharunt|73/100
|move|p2a: Cresselia|Stored Power|p1a: Pecharunt
|-supereffective|p1a: Pecharunt
|-damage|p1a: Pecharunt|0 fnt
|faint|p1a: Pecharunt
|
|win|Dragavian NTK
|raw|Coolradguy's rating: 1482 &rarr; <strong>1462</strong><br />(-20 for losing)
|raw|Dragavian NTK's rating: 1485 &rarr; <strong>1505</strong><br />(+20 for winning)
|l|☆Dragavian NTK
|player|p2|
|l|☆Coolradguy
|player|p1|
