|j|☆Supa Dupa Hoopa
|j|☆Slopslop no Midren
|t:|1779641648
|gametype|singles
|player|p1|Supa Dupa Hoopa|170|1582
|player|p2|Slopslop no Midren|169|1640
|gen|9
|tier|[Gen 9] OU
|rated|
|rule|HP Percentage Mod: HP is shown in percentages
|rule|Endless Battle Clause: Forcing endless battles is banned
|rule|Species Clause: Limit one of each Pokémon
|rule|OHKO Clause: OHKO moves are banned
|rule|Evasion Items Clause: Evasion items are banned
|rule|Evasion Moves Clause: Evasion moves are banned
|rule|Evasion Abilities Clause: Evasion abilities are banned
|rule|Sleep Moves Clause: Sleep-inducing moves are banned
|clearpoke
|poke|p1|Serperior, F|
|poke|p1|Cinderace, M|
|poke|p1|Corviknight, F|
|poke|p1|Alomomola, M|
|poke|p1|Ditto|
|poke|p1|Toxtricity-Low-Key, M|
|poke|p2|Magnezone|
|poke|p2|Dragonite, M|
|poke|p2|Great Tusk|
|poke|p2|Iron Valiant|
|poke|p2|Samurott-Hisui, F|
|poke|p2|Slowking-Galar, M|
|teampreview
|inactive|Battle timer is ON: inactive players will automatically lose when time's up. (requested by Slopslop no Midren)
|
|t:|1779641672
|teamsize|p1|6
|teamsize|p2|6
|start
|switch|p1a: What RU|Serperior, F|100/100
|switch|p2a: Magnezone|Magnezone|100/100
|turn|1
|
|t:|1779641678
|move|p1a: What RU|Substitute|p1a: What RU
|-start|p1a: What RU|Substitute
|-damage|p1a: What RU|76/100
|move|p2a: Magnezone|Flash Cannon|p1a: What RU
|-end|p1a: What RU|Substitute
|
|-heal|p1a: What RU|82/100|[from] item: Leftovers
|upkeep
|turn|2
|
|t:|1779641686
|move|p1a: What RU|Substitute|p1a: What RU
|-start|p1a: What RU|Substitute
|-damage|p1a: What RU|57/100
|move|p2a: Magnezone|Volt Switch|p1a: What RU
|-resisted|p1a: What RU
|-activate|p1a: What RU|move: Substitute|[damage]
|
|t:|1779641689
|switch|p2a: Slowking|Slowking-Galar, M|100/100|[from] Volt Switch
|
|-heal|p1a: What RU|63/100|[from] item: Leftovers
|upkeep
|turn|3
|
|t:|1779641696
|move|p1a: What RU|Glare|p2a: Slowking
|-status|p2a: Slowking|par
|cant|p2a: Slowking|par
|
|-heal|p1a: What RU|69/100|[from] item: Leftovers
|upkeep
|turn|4
|
|t:|1779641703
|move|p1a: What RU|Leech Seed|p2a: Slowking
|-start|p2a: Slowking|move: Leech Seed
|move|p2a: Slowking|Future Sight|p1a: What RU
|-start|p2a: Slowking|move: Future Sight
|
|-heal|p1a: What RU|75/100|[from] item: Leftovers
|-damage|p2a: Slowking|88/100 par|[from] Leech Seed|[of] p1a: What RU
|-heal|p1a: What RU|90/100|[silent]
|upkeep
|turn|5
|
|t:|1779641712
|switch|p2a: Magnezone|Magnezone|100/100
|move|p1a: What RU|Leaf Storm|p2a: Magnezone
|-resisted|p2a: Magnezone
|-damage|p2a: Magnezone|74/100
|-boost|p1a: What RU|spa|2
|
|-heal|p1a: What RU|96/100|[from] item: Leftovers
|upkeep
|turn|6
|
|t:|1779641730
|move|p1a: What RU|Leaf Storm|p2a: Magnezone
|-resisted|p2a: Magnezone
|-damage|p2a: Magnezone|24/100
|-boost|p1a: What RU|spa|2
|move|p2a: Magnezone|Flash Cannon|p1a: What RU
|-end|p1a: What RU|Substitute
|
|-end|p1a: What RU|move: Future Sight
|-damage|p1a: What RU|50/100
|-heal|p1a: What RU|56/100|[from] item: Leftovers
|upkeep
|turn|7
|
|t:|1779641742
|move|p1a: What RU|Leaf Storm|p2a: Magnezone
|-resisted|p2a: Magnezone
|-damage|p2a: Magnezone|0 fnt
|-boost|p1a: What RU|spa|2
|faint|p2a: Magnezone
|
|-heal|p1a: What RU|62/100|[from] item: Leftovers
|upkeep
|
|t:|1779641752
|switch|p2a: Iron Valiant|Iron Valiant|100/100
|-enditem|p2a: Iron Valiant|Booster Energy
|-activate|p2a: Iron Valiant|ability: Quark Drive|[fromitem]
|-start|p2a: Iron Valiant|quarkdrivespe
|turn|8
|
|t:|1779641759
|switch|p1a: Spongebob|Alomomola, M|100/100
|move|p2a: Iron Valiant|Close Combat|p1a: Spongebob
|-damage|p1a: Spongebob|57/100
|-unboost|p2a: Iron Valiant|def|1
|-unboost|p2a: Iron Valiant|spd|1
|
|upkeep
|turn|9
|
|t:|1779641767
|move|p2a: Iron Valiant|Close Combat|p1a: Spongebob
|-damage|p1a: Spongebob|17/100
|-unboost|p2a: Iron Valiant|def|1
|-unboost|p2a: Iron Valiant|spd|1
|move|p1a: Spongebob|Flip Turn|p2a: Iron Valiant
|-damage|p2a: Iron Valiant|57/100
|
|t:|1779641782
|switch|p1a: ANOTHER ONE|Toxtricity-Low-Key, M|100/100|[from] Flip Turn
|
|upkeep
|turn|10
|
|t:|1779641798
|move|p2a: Iron Valiant|Knock Off|p1a: ANOTHER ONE
|-damage|p1a: ANOTHER ONE|59/100
|-enditem|p1a: ANOTHER ONE|Choice Specs|[from] move: Knock Off|[of] p2a: Iron Valiant
|move|p1a: ANOTHER ONE|Boomburst|p2a: Iron Valiant
|-damage|p2a: Iron Valiant|0 fnt
|faint|p2a: Iron Valiant
|-end|p2a: Iron Valiant|Quark Drive|[silent]
|
|upkeep
|
|t:|1779641806
|switch|p2a: Great Tusk|Great Tusk|100/100
|turn|11
|
|t:|1779641820
|switch|p1a: Skarmory-M|Corviknight, F|100/100
|-ability|p1a: Skarmory-M|Pressure
|move|p2a: Great Tusk|Stealth Rock|p1a: Skarmory-M
|-sidestart|p1: Supa Dupa Hoopa|move: Stealth Rock
|
|upkeep
|turn|12
|
|t:|1779641826
|-end|p2a: Great Tusk|Protosynthesis|[silent]
|switch|p2a: Samurott|Samurott-Hisui, F|100/100
|move|p1a: Skarmory-M|Bulk Up|p1a: Skarmory-M
|-boost|p1a: Skarmory-M|atk|1
|-boost|p1a: Skarmory-M|def|1
|
|upkeep
|turn|13
|
|t:|1779641832
|move|p2a: Samurott|Razor Shell|p1a: Skarmory-M
|-damage|p1a: Skarmory-M|79/100
|-unboost|p1a: Skarmory-M|def|1
|move|p1a: Skarmory-M|Bulk Up|p1a: Skarmory-M
|-boost|p1a: Skarmory-M|atk|1
|-boost|p1a: Skarmory-M|def|1
|
|-heal|p1a: Skarmory-M|86/100|[from] item: Leftovers
|upkeep
|turn|14
|
|t:|1779641841
|switch|p2a: Slowking|Slowking-Galar, M|100/100 par
|move|p1a: Skarmory-M|Bulk Up|p1a: Skarmory-M
|-boost|p1a: Skarmory-M|atk|1
|-boost|p1a: Skarmory-M|def|1
|
|-heal|p1a: Skarmory-M|92/100|[from] item: Leftovers
|upkeep
|turn|15
|inactive|Supa Dupa Hoopa has 120 seconds left.
|inactive|Supa Dupa Hoopa has 90 seconds left.
|
|t:|1779641920
|move|p1a: Skarmory-M|Power Trip|p2a: Slowking
|-supereffective|p2a: Slowking
|-damage|p2a: Slowking|0 fnt
|faint|p2a: Slowking
|
|-heal|p1a: Skarmory-M|98/100|[from] item: Leftovers
|upkeep
|
|t:|1779641933
|switch|p2a: Great Tusk|Great Tusk|100/100
|turn|16
|
|t:|1779641944
|move|p2a: Great Tusk|Ice Spinner|p1a: Skarmory-M
|-damage|p1a: Skarmory-M|92/100
|move|p1a: Skarmory-M|Bulk Up|p1a: Skarmory-M
|-boost|p1a: Skarmory-M|atk|1
|-boost|p1a: Skarmory-M|def|1
|
|-heal|p1a: Skarmory-M|98/100|[from] item: Leftovers
|upkeep
|turn|17
|-message|Slopslop no Midren forfeited.
|
|win|Supa Dupa Hoopa
|raw|Supa Dupa Hoopa's rating: 1582 &rarr; <strong>1605</strong><br />(+23 for winning)
|raw|Slopslop no Midren's rating: 1640 &rarr; <strong>1617</strong><br />(-23 for losing)
|l|☆Slopslop no Midren
|player|p2|
|l|☆Supa Dupa Hoopa
|player|p1|
