|j|☆milkymilkeater
|j|☆wassou21
|t:|1779713177
|gametype|singles
|player|p1|milkymilkeater|101|1582
|player|p2|wassou21|red|1526
|gen|9
|tier|[Gen 9] OU
|rated|
|rule|HP Percentage Mod: HP is shown in percentages
|rule|Endless Battle Clause: Forcing endless battles is banned
|rule|Species Clause: Limit one of each Pokémon
|rule|OHKO Clause: OHKO moves are banned
|rule|Evasion Items Clause: Evasion items are banned
|rule|Evasion Moves Clause: Evasion moves are banned
|rule|Evasion Abilities Clause: Evasion abilities are banned
|rule|Sleep Moves Clause: Sleep-inducing moves are banned
|clearpoke
|poke|p1|Slowking-Galar, F|
|poke|p1|Great Tusk|
|poke|p1|Kyurem|
|poke|p1|Kingambit, F|
|poke|p1|Cinderace, F|
|poke|p1|Zapdos|
|poke|p2|Araquanid, F|
|poke|p2|Cinderace, F|
|poke|p2|Serperior, F|
|poke|p2|Comfey, F|
|poke|p2|Dragapult, F|
|poke|p2|Bisharp, M|
|teampreview
|
|t:|1779713197
|teamsize|p1|6
|teamsize|p2|6
|start
|switch|p1a: Zapdos|Zapdos, shiny|100/100
|switch|p2a: Araquanid|Araquanid, F|100/100
|turn|1
|inactive|Battle timer is ON: inactive players will automatically lose when time's up. (requested by milkymilkeater)
|
|t:|1779713222
|move|p1a: Zapdos|Hurricane|p2a: Araquanid
|-supereffective|p2a: Araquanid
|-damage|p2a: Araquanid|26/100
|-start|p2a: Araquanid|confusion
|-activate|p2a: Araquanid|confusion
|move|p2a: Araquanid|Mirror Coat|p1a: Zapdos
|-damage|p1a: Zapdos|0 fnt
|faint|p1a: Zapdos
|
|upkeep
|inactive|milkymilkeater has 120 seconds left.
|
|t:|1779713254
|switch|p1a: Kyurem|Kyurem|100/100
|-ability|p1a: Kyurem|Pressure
|turn|2
|
|t:|1779713259
|move|p1a: Kyurem|Freeze-Dry|p2a: Araquanid
|-supereffective|p2a: Araquanid
|-damage|p2a: Araquanid|0 fnt
|faint|p2a: Araquanid
|
|upkeep
|
|t:|1779713263
|switch|p2a: Comfey|Comfey, F|100/100
|turn|3
|
|t:|1779713267
|switch|p1a: Slowking|Slowking-Galar, F|100/100
|move|p2a: Comfey|Draining Kiss|p1a: Slowking
|-resisted|p1a: Slowking
|-damage|p1a: Slowking|94/100
|
|upkeep
|turn|4
|
|t:|1779713272
|move|p2a: Comfey|Leech Seed|p1a: Slowking
|-start|p1a: Slowking|move: Leech Seed
|move|p1a: Slowking|Thunder Wave|p2a: Comfey
|-status|p2a: Comfey|par
|
|-damage|p1a: Slowking|82/100|[from] Leech Seed|[of] p2a: Comfey
|upkeep
|turn|5
|
|t:|1779713280
|switch|p2a: Bisharp|Bisharp, M|100/100
|move|p1a: Slowking|Future Sight|p2a: Bisharp
|-start|p1a: Slowking|move: Future Sight
|
|-damage|p1a: Slowking|70/100|[from] Leech Seed|[of] p2a: Bisharp
|upkeep
|turn|6
|
|t:|1779713287
|switch|p1a: Great Tusk|Great Tusk|100/100
|move|p2a: Bisharp|Iron Head|p1a: Great Tusk
|-damage|p1a: Great Tusk|69/100
|
|-heal|p1a: Great Tusk|76/100|[from] item: Leftovers
|upkeep
|turn|7
|
|t:|1779713295
|switch|p2a: Comfey|Comfey, F|100/100 par
|move|p1a: Great Tusk|Headlong Rush|p2a: Comfey
|-damage|p2a: Comfey|27/100 par
|-unboost|p1a: Great Tusk|def|1
|-unboost|p1a: Great Tusk|spd|1
|
|-end|p2a: Comfey|move: Future Sight
|-damage|p2a: Comfey|0 fnt
|faint|p2a: Comfey
|-heal|p1a: Great Tusk|82/100|[from] item: Leftovers
|upkeep
|
|t:|1779713302
|switch|p2a: Serperior|Serperior, F|100/100
|turn|8
|
|t:|1779713313
|-end|p1a: Great Tusk|Protosynthesis|[silent]
|switch|p1a: Slowking|Slowking-Galar, F|100/100
|move|p2a: Serperior|Leaf Storm|p1a: Slowking
|-resisted|p1a: Slowking
|-damage|p1a: Slowking|87/100
|-boost|p2a: Serperior|spa|2
|
|upkeep
|turn|9
|
|t:|1779713321
|move|p2a: Serperior|Substitute|p2a: Serperior
|-start|p2a: Serperior|Substitute
|-damage|p2a: Serperior|76/100
|move|p1a: Slowking|Sludge Bomb|p2a: Serperior
|-supereffective|p2a: Serperior
|-end|p2a: Serperior|Substitute
|
|-heal|p2a: Serperior|82/100|[from] item: Leftovers
|upkeep
|turn|10
|
|t:|1779713329
|move|p2a: Serperior|Glare|p1a: Slowking
|-status|p1a: Slowking|par
|move|p1a: Slowking|Sludge Bomb|p2a: Serperior
|-supereffective|p2a: Serperior
|-damage|p2a: Serperior|0 fnt
|faint|p2a: Serperior
|
|upkeep
|
|t:|1779713338
|switch|p2a: Bisharp|Bisharp, M|100/100
|turn|11
|j| clear nights
|
|t:|1779713343
|switch|p1a: Great Tusk|Great Tusk|82/100
|move|p2a: Bisharp|Iron Head|p1a: Great Tusk
|-damage|p1a: Great Tusk|52/100
|
|-heal|p1a: Great Tusk|58/100|[from] item: Leftovers
|upkeep
|turn|12
|l| clear nights
|
|t:|1779713350
|move|p1a: Great Tusk|Headlong Rush|p2a: Bisharp
|-supereffective|p2a: Bisharp
|-damage|p2a: Bisharp|8/100
|-unboost|p1a: Great Tusk|def|1
|-unboost|p1a: Great Tusk|spd|1
|move|p2a: Bisharp|Iron Head|p1a: Great Tusk
|-damage|p1a: Great Tusk|10/100
|
|-heal|p1a: Great Tusk|16/100|[from] item: Leftovers
|upkeep
|turn|13
|
|t:|1779713362
|-end|p1a: Great Tusk|Protosynthesis|[silent]
|switch|p1a: Cinderace|Cinderace, F|100/100
|move|p2a: Bisharp|Sucker Punch||[still]
|-fail|p2a: Bisharp
|
|upkeep
|turn|14
|
|t:|1779713367
|move|p1a: Cinderace|U-turn|p2a: Bisharp
|-damage|p2a: Bisharp|0 fnt
|faint|p2a: Bisharp
|
|t:|1779713368
|switch|p1a: Great Tusk|Great Tusk|16/100|[from] U-turn
|
|-heal|p1a: Great Tusk|22/100|[from] item: Leftovers
|upkeep
|
|t:|1779713371
|switch|p2a: Dragapult|Dragapult, F|100/100
|turn|15
|
|t:|1779713401
|move|p2a: Dragapult|Flamethrower|p1a: Great Tusk
|-damage|p1a: Great Tusk|0 fnt
|faint|p1a: Great Tusk
|-end|p1a: Great Tusk|Protosynthesis|[silent]
|-damage|p2a: Dragapult|91/100|[from] item: Life Orb
|
|upkeep
|inactive|milkymilkeater has 120 seconds left.
|
|t:|1779713415
|switch|p1a: Slowking|Slowking-Galar, F|100/100 par
|turn|16
|
|t:|1779713419
|move|p2a: Dragapult|Dragon Darts|p1a: Slowking
|-damage|p1a: Slowking|76/100 par
|-anim|p2a: Dragapult|Dragon Darts|p1a: Slowking
|-damage|p1a: Slowking|49/100 par
|-damage|p2a: Dragapult|81/100|[from] item: Life Orb
|move|p1a: Slowking|Thunder Wave|p2a: Dragapult
|-status|p2a: Dragapult|par
|
|upkeep
|turn|17
|inactive|milkymilkeater has 120 seconds left.
|
|t:|1779713459
|switch|p1a: Kingambit|Kingambit, F|100/100
|-activate|p1a: Kingambit|ability: Supreme Overlord
|-start|p1a: Kingambit|fallen2|[silent]
|move|p2a: Dragapult|Dragon Darts|p1a: Kingambit
|-resisted|p1a: Kingambit
|-damage|p1a: Kingambit|90/100
|-anim|p2a: Dragapult|Dragon Darts|p1a: Kingambit
|-resisted|p1a: Kingambit
|-damage|p1a: Kingambit|80/100
|-damage|p2a: Dragapult|71/100 par|[from] item: Life Orb
|
|-heal|p1a: Kingambit|86/100|[from] item: Leftovers
|upkeep
|turn|18
|
|t:|1779713469
|move|p2a: Dragapult|Flamethrower|p1a: Kingambit
|-supereffective|p1a: Kingambit
|-crit|p1a: Kingambit
|-damage|p1a: Kingambit|0 fnt
|faint|p1a: Kingambit
|-end|p1a: Kingambit|fallen2|[silent]
|-damage|p2a: Dragapult|61/100 par|[from] item: Life Orb
|
|upkeep
|
|t:|1779713473
|switch|p1a: Kyurem|Kyurem|100/100
|-ability|p1a: Kyurem|Pressure
|turn|19
|
|t:|1779713480
|-terastallize|p2a: Dragapult|Fire
|move|p1a: Kyurem|Ice Beam|p2a: Dragapult
|-resisted|p2a: Dragapult
|-damage|p2a: Dragapult|8/100 par
|move|p2a: Dragapult|Dragon Darts|p1a: Kyurem
|-supereffective|p1a: Kyurem
|-damage|p1a: Kyurem|54/100
|-anim|p2a: Dragapult|Dragon Darts|p1a: Kyurem
|-supereffective|p1a: Kyurem
|-damage|p1a: Kyurem|3/100
|-damage|p2a: Dragapult|0 fnt|[from] item: Life Orb
|faint|p2a: Dragapult
|
|upkeep
|
|t:|1779713492
|switch|p2a: Cinderace|Cinderace, F|100/100
|turn|20
|inactive|milkymilkeater has 120 seconds left.
|
|t:|1779713517
|move|p2a: Cinderace|Pyro Ball|p1a: Kyurem
|-damage|p1a: Kyurem|0 fnt
|faint|p1a: Kyurem
|
|upkeep
|
|t:|1779713519
|switch|p1a: Slowking|Slowking-Galar, F|82/100 par
|turn|21
|
|t:|1779713530
|move|p2a: Cinderace|Pyro Ball|p1a: Slowking|[miss]
|-miss|p2a: Cinderace|p1a: Slowking
|move|p1a: Slowking|Thunder Wave|p2a: Cinderace|[miss]
|-miss|p1a: Slowking|p2a: Cinderace
|
|upkeep
|turn|22
|
|t:|1779713534
|-terastallize|p1a: Slowking|Water
|move|p2a: Cinderace|Pyro Ball|p1a: Slowking
|-resisted|p1a: Slowking
|-damage|p1a: Slowking|56/100 par
|move|p1a: Slowking|Thunder Wave|p2a: Cinderace
|-status|p2a: Cinderace|par
|
|upkeep
|turn|23
|
|t:|1779713540
|move|p2a: Cinderace|Sucker Punch|p1a: Slowking
|-start|p2a: Cinderace|typechange|Dark|[from] ability: Libero
|-damage|p1a: Slowking|25/100 par
|move|p1a: Slowking|Future Sight|p2a: Cinderace
|-start|p1a: Slowking|move: Future Sight
|
|upkeep
|turn|24
|
|t:|1779713566
|move|p2a: Cinderace|Pyro Ball|p1a: Slowking|[miss]
|-miss|p2a: Cinderace|p1a: Slowking
|move|p1a: Slowking|Sludge Bomb|p2a: Cinderace
|-damage|p2a: Cinderace|49/100 par
|
|upkeep
|turn|25
|
|t:|1779713569
|move|p2a: Cinderace|Pyro Ball|p1a: Slowking
|-resisted|p1a: Slowking
|-damage|p1a: Slowking|8/100 par
|-prepare|p1a: Slowking|Chilly Reception|[premajor]
|cant|p1a: Slowking|par
|
|-end|p2a: Cinderace|move: Future Sight
|-immune|p2a: Cinderace
|upkeep
|turn|26
|
|t:|1779713575
|move|p2a: Cinderace|Pyro Ball|p1a: Slowking
|-resisted|p1a: Slowking
|-damage|p1a: Slowking|0 fnt
|faint|p1a: Slowking
|
|upkeep
|
|t:|1779713576
|switch|p1a: Cinderace|Cinderace, F|100/100
|turn|27
|
|t:|1779713578
|move|p2a: Cinderace|Sucker Punch|p1a: Cinderace
|-damage|p1a: Cinderace|57/100
|move|p1a: Cinderace|U-turn|p2a: Cinderace
|-supereffective|p2a: Cinderace
|-crit|p2a: Cinderace
|-damage|p2a: Cinderace|0 fnt
|faint|p2a: Cinderace
|
|win|milkymilkeater
|raw|milkymilkeater's rating: 1582 &rarr; <strong>1599</strong><br />(+17 for winning)
|raw|wassou21's rating: 1526 &rarr; <strong>1509</strong><br />(-17 for losing)
|l|☆wassou21
|player|p2|
|l|☆milkymilkeater
|player|p1|
