|j|☆raf8847
|j|☆npctypebeat
|t:|1779592278
|gametype|singles
|player|p1|raf8847|101|1207
|player|p2|npctypebeat|2|1181
|gen|9
|tier|[Gen 9] OU
|rated|
|rule|HP Percentage Mod: HP is shown in percentages
|rule|Endless Battle Clause: Forcing endless battles is banned
|rule|Species Clause: Limit one of each Pokémon
|rule|OHKO Clause: OHKO moves are banned
|rule|Evasion Items Clause: Evasion items are banned
|rule|Evasion Moves Clause: Evasion moves are banned
|rule|Evasion Abilities Clause: Evasion abilities are banned
|rule|Sleep Moves Clause: Sleep-inducing moves are banned
|clearpoke
|poke|p1|Great Tusk|
|poke|p1|Gholdengo|
|poke|p1|Clodsire, F|
|poke|p1|Dondozo, M|
|poke|p1|Dragapult, F|
|poke|p1|Raging Bolt|
|poke|p2|Corviknight, M|
|poke|p2|Ting-Lu|
|poke|p2|Kyurem|
|poke|p2|Dondozo, M|
|poke|p2|Slowking-Galar, M|
|poke|p2|Cinderace, M|
|teampreview
|c|☆npctypebeat|hf
|l|☆npctypebeat
|player|p2|
|j|☆npctypebeat
|player|p2|npctypebeat|2|
|
|t:|1779592310
|teamsize|p1|6
|teamsize|p2|6
|start
|switch|p1a: Dragapult|Dragapult, F|100/100
|switch|p2a: Cinderace|Cinderace, M|100/100
|turn|1
|inactive|Battle timer is ON: inactive players will automatically lose when time's up. (requested by npctypebeat)
|
|t:|1779592364
|switch|p2a: Kyurem|Kyurem|100/100
|-ability|p2a: Kyurem|Pressure
|move|p1a: Dragapult|U-turn|p2a: Kyurem
|-damage|p2a: Kyurem|67/100
|inactive|raf8847 has 120 seconds left.
|
|t:|1779592403
|switch|p1a: Gholdengo|Gholdengo, shiny|100/100|[from] U-turn
|
|-heal|p2a: Kyurem|73/100|[from] item: Leftovers
|upkeep
|turn|2
|
|t:|1779592412
|move|p2a: Kyurem|Freeze-Dry|p1a: Gholdengo
|-resisted|p1a: Gholdengo
|-crit|p1a: Gholdengo
|-damage|p1a: Gholdengo|73/100
|move|p1a: Gholdengo|Make It Rain|p2a: Kyurem
|-supereffective|p2a: Kyurem
|-damage|p2a: Kyurem|0 fnt
|-unboost|p1a: Gholdengo|spa|1
|faint|p2a: Kyurem
|
|upkeep
|
|t:|1779592435
|switch|p2a: Ting-Lu|Ting-Lu|100/100
|-ability|p2a: Ting-Lu|Vessel of Ruin
|turn|3
|
|t:|1779592447
|switch|p1a: Great Tusk|Great Tusk|100/100
|move|p2a: Ting-Lu|Earthquake|p1a: Great Tusk
|-damage|p1a: Great Tusk|81/100
|
|upkeep
|turn|4
|
|t:|1779592468
|move|p1a: Great Tusk|Stealth Rock|p2a: Ting-Lu
|-sidestart|p2: npctypebeat|move: Stealth Rock
|move|p2a: Ting-Lu|Earthquake|p1a: Great Tusk
|-damage|p1a: Great Tusk|61/100
|
|upkeep
|turn|5
|
|t:|1779592482
|move|p1a: Great Tusk|Ice Spinner|p2a: Ting-Lu
|-supereffective|p2a: Ting-Lu
|-damage|p2a: Ting-Lu|68/100
|move|p2a: Ting-Lu|Earthquake|p1a: Great Tusk
|-damage|p1a: Great Tusk|39/100
|-enditem|p1a: Great Tusk|Sitrus Berry|[eat]
|-heal|p1a: Great Tusk|64/100|[from] item: Sitrus Berry
|
|-heal|p2a: Ting-Lu|74/100|[from] item: Leftovers
|upkeep
|turn|6
|
|t:|1779592498
|switch|p2a: Cinderace|Cinderace, M|100/100
|move|p1a: Great Tusk|Ice Spinner|p2a: Cinderace
|-resisted|p2a: Cinderace
|-damage|p2a: Cinderace|83/100
|
|upkeep
|turn|7
|
|t:|1779592520
|move|p2a: Cinderace|Court Change|p2a: Cinderace
|-swapsideconditions
|-activate|p2a: Cinderace|move: Court Change
|move|p1a: Great Tusk|Knock Off|p2a: Cinderace
|-damage|p2a: Cinderace|43/100
|-enditem|p2a: Cinderace|Heavy-Duty Boots|[from] move: Knock Off|[of] p1a: Great Tusk
|
|upkeep
|turn|8
|
|t:|1779592527
|move|p2a: Cinderace|Will-O-Wisp|p1a: Great Tusk
|-status|p1a: Great Tusk|brn
|move|p1a: Great Tusk|Stealth Rock|p2a: Cinderace
|-sidestart|p2: npctypebeat|move: Stealth Rock
|
|-damage|p1a: Great Tusk|58/100 brn|[from] brn
|upkeep
|turn|9
|
|t:|1779592543
|move|p2a: Cinderace|Pyro Ball|p1a: Great Tusk
|-damage|p1a: Great Tusk|33/100 brn
|move|p1a: Great Tusk|Knock Off|p2a: Cinderace
|-damage|p2a: Cinderace|29/100
|
|-damage|p1a: Great Tusk|27/100 brn|[from] brn
|upkeep
|turn|10
|inactive|npctypebeat has 120 seconds left.
|inactive|raf8847 has 120 seconds left.
|
|t:|1779592582
|-end|p1a: Great Tusk|Protosynthesis|[silent]
|switch|p1a: Dondozo|Dondozo, M|100/100
|move|p2a: Cinderace|Pyro Ball|p1a: Dondozo
|-resisted|p1a: Dondozo
|-damage|p1a: Dondozo|84/100
|
|upkeep
|turn|11
|inactive|npctypebeat has 120 seconds left.
|
|t:|1779592610
|move|p2a: Cinderace|Will-O-Wisp|p1a: Dondozo
|-status|p1a: Dondozo|brn
|move|p1a: Dondozo|Wave Crash|p2a: Cinderace
|-supereffective|p2a: Cinderace
|-damage|p2a: Cinderace|0 fnt
|faint|p2a: Cinderace
|-damage|p1a: Dondozo|77/100 brn|[from] Recoil
|
|-damage|p1a: Dondozo|71/100 brn|[from] brn
|upkeep
|inactive|npctypebeat has 90 seconds left.
|
|t:|1779592633
|switch|p2a: Ting-Lu|Ting-Lu|74/100
|-damage|p2a: Ting-Lu|68/100|[from] Stealth Rock
|-ability|p2a: Ting-Lu|Vessel of Ruin
|turn|12
|inactive|npctypebeat has 90 seconds left.
|
|t:|1779592649
|move|p2a: Ting-Lu|Earthquake|p1a: Dondozo
|-damage|p1a: Dondozo|54/100 brn
|move|p1a: Dondozo|Wave Crash|p2a: Ting-Lu
|-supereffective|p2a: Ting-Lu
|-damage|p2a: Ting-Lu|44/100
|-damage|p1a: Dondozo|46/100 brn|[from] Recoil
|
|-heal|p2a: Ting-Lu|50/100|[from] item: Leftovers
|-damage|p1a: Dondozo|40/100 brn|[from] brn
|upkeep
|turn|13
|inactive|npctypebeat has 90 seconds left.
|
|t:|1779592677
|move|p2a: Ting-Lu|Earthquake|p1a: Dondozo
|-damage|p1a: Dondozo|23/100 brn
|move|p1a: Dondozo|Wave Crash|p2a: Ting-Lu
|-supereffective|p2a: Ting-Lu
|-damage|p2a: Ting-Lu|27/100
|-damage|p1a: Dondozo|15/100 brn|[from] Recoil
|
|-heal|p2a: Ting-Lu|33/100|[from] item: Leftovers
|-damage|p1a: Dondozo|9/100 brn|[from] brn
|upkeep
|turn|14
|
|t:|1779592696
|move|p2a: Ting-Lu|Earthquake|p1a: Dondozo
|-damage|p1a: Dondozo|0 fnt
|faint|p1a: Dondozo
|
|-heal|p2a: Ting-Lu|39/100|[from] item: Leftovers
|upkeep
|
|t:|1779592707
|switch|p1a: Dragapult|Dragapult, F|100/100
|-damage|p1a: Dragapult|88/100|[from] Stealth Rock
|turn|15
|
|t:|1779592714
|move|p1a: Dragapult|U-turn|p2a: Ting-Lu
|-supereffective|p2a: Ting-Lu
|-damage|p2a: Ting-Lu|3/100
|
|t:|1779592725
|switch|p1a: Great Tusk|Great Tusk|27/100 brn|[from] U-turn
|-damage|p1a: Great Tusk|24/100 brn|[from] Stealth Rock
|move|p2a: Ting-Lu|Earthquake|p1a: Great Tusk
|-damage|p1a: Great Tusk|2/100 brn
|
|-heal|p2a: Ting-Lu|9/100|[from] item: Leftovers
|-damage|p1a: Great Tusk|0 fnt|[from] brn
|faint|p1a: Great Tusk
|-end|p1a: Great Tusk|Protosynthesis|[silent]
|upkeep
|
|t:|1779592735
|switch|p1a: Dragapult|Dragapult, F|88/100
|-damage|p1a: Dragapult|76/100|[from] Stealth Rock
|turn|16
|inactive|npctypebeat has 90 seconds left.
|
|t:|1779592752
|switch|p2a: Corviknight|Corviknight, M|100/100
|-damage|p2a: Corviknight|88/100|[from] Stealth Rock
|-ability|p2a: Corviknight|Pressure
|move|p1a: Dragapult|Dragon Darts|p2a: Corviknight
|-resisted|p2a: Corviknight
|-damage|p2a: Corviknight|77/100
|-anim|p1a: Dragapult|Dragon Darts|p2a: Corviknight
|-resisted|p2a: Corviknight
|-damage|p2a: Corviknight|66/100
|
|upkeep
|turn|17
|
|t:|1779592775
|switch|p1a: Raging Bolt|Raging Bolt|100/100
|-damage|p1a: Raging Bolt|88/100|[from] Stealth Rock
|move|p2a: Corviknight|Roost|p2a: Corviknight
|-heal|p2a: Corviknight|100/100
|-singleturn|p2a: Corviknight|move: Roost
|
|-heal|p1a: Raging Bolt|94/100|[from] item: Leftovers
|upkeep
|turn|18
|
|t:|1779592791
|switch|p2a: Ting-Lu|Ting-Lu|9/100
|-damage|p2a: Ting-Lu|3/100|[from] Stealth Rock
|-ability|p2a: Ting-Lu|Vessel of Ruin
|move|p1a: Raging Bolt|Calm Mind|p1a: Raging Bolt
|-boost|p1a: Raging Bolt|spa|1
|-boost|p1a: Raging Bolt|spd|1
|
|-heal|p1a: Raging Bolt|100/100|[from] item: Leftovers
|-heal|p2a: Ting-Lu|9/100|[from] item: Leftovers
|upkeep
|turn|19
|
|t:|1779592799
|move|p1a: Raging Bolt|Draco Meteor|p2a: Ting-Lu
|-damage|p2a: Ting-Lu|0 fnt
|-unboost|p1a: Raging Bolt|spa|2
|faint|p2a: Ting-Lu
|
|upkeep
|
|t:|1779592802
|switch|p2a: Slowking|Slowking-Galar, M|100/100
|-damage|p2a: Slowking|88/100|[from] Stealth Rock
|turn|20
|
|t:|1779592821
|-end|p1a: Raging Bolt|Protosynthesis|[silent]
|switch|p1a: Gholdengo|Gholdengo, shiny|73/100
|-damage|p1a: Gholdengo|66/100|[from] Stealth Rock
|move|p2a: Slowking|Ice Beam|p1a: Gholdengo
|-resisted|p1a: Gholdengo
|-damage|p1a: Gholdengo|55/100
|-status|p1a: Gholdengo|frz
|
|upkeep
|turn|21
|
|t:|1779592830
|cant|p1a: Gholdengo|frz
|move|p2a: Slowking|Ice Beam|p1a: Gholdengo
|-resisted|p1a: Gholdengo
|-damage|p1a: Gholdengo|44/100 frz
|
|upkeep
|turn|22
|
|t:|1779592834
|cant|p1a: Gholdengo|frz
|move|p2a: Slowking|Ice Beam|p1a: Gholdengo
|-resisted|p1a: Gholdengo
|-damage|p1a: Gholdengo|32/100 frz
|
|upkeep
|turn|23
|
|t:|1779592839
|-curestatus|p1a: Gholdengo|frz|[msg]
|move|p1a: Gholdengo|Recover|p1a: Gholdengo
|-heal|p1a: Gholdengo|83/100
|move|p2a: Slowking|Ice Beam|p1a: Gholdengo
|-resisted|p1a: Gholdengo
|-damage|p1a: Gholdengo|71/100
|
|upkeep
|turn|24
|
|t:|1779592865
|switch|p2a: Dondozo|Dondozo, M|100/100
|-damage|p2a: Dondozo|88/100|[from] Stealth Rock
|move|p1a: Gholdengo|Shadow Ball|p2a: Dondozo
|-damage|p2a: Dondozo|57/100
|-unboost|p2a: Dondozo|spd|1
|
|-heal|p2a: Dondozo|63/100|[from] item: Leftovers
|upkeep
|turn|25
|inactive|raf8847 has 120 seconds left.
|inactive|raf8847 has 90 seconds left.
|
|t:|1779592914
|switch|p1a: Dragapult|Dragapult, F|76/100
|-damage|p1a: Dragapult|64/100|[from] Stealth Rock
|switch|p2a: Slowking|Slowking-Galar, M|100/100
|-damage|p2a: Slowking|88/100|[from] Stealth Rock
|
|upkeep
|turn|26
|inactive|raf8847 has 90 seconds left.
|
|t:|1779592934
|move|p1a: Dragapult|Dragon Darts|p2a: Slowking
|-damage|p2a: Slowking|63/100
|-anim|p1a: Dragapult|Dragon Darts|p2a: Slowking
|-damage|p2a: Slowking|35/100
|-prepare|p2a: Slowking|Chilly Reception|[premajor]
|move|p2a: Slowking|Chilly Reception|p2a: Slowking
|-weather|Snowscape
|
|t:|1779592941
|switch|p2a: Corviknight|Corviknight, M|100/100|[from] Chilly Reception
|-damage|p2a: Corviknight|88/100|[from] Stealth Rock
|-ability|p2a: Corviknight|Pressure
|
|-weather|Snowscape|[upkeep]
|upkeep
|turn|27
|
|t:|1779592949
|switch|p1a: Raging Bolt|Raging Bolt|100/100
|-damage|p1a: Raging Bolt|88/100|[from] Stealth Rock
|move|p2a: Corviknight|U-turn|p1a: Raging Bolt
|-damage|p1a: Raging Bolt|77/100
|
|t:|1779592959
|switch|p2a: Slowking|Slowking-Galar, M|69/100|[from] U-turn
|-damage|p2a: Slowking|56/100|[from] Stealth Rock
|
|-weather|Snowscape|[upkeep]
|-heal|p1a: Raging Bolt|83/100|[from] item: Leftovers
|upkeep
|turn|28
|
|t:|1779592970
|move|p1a: Raging Bolt|Thunderbolt|p2a: Slowking
|-damage|p2a: Slowking|11/100
|move|p2a: Slowking|Ice Beam|p1a: Raging Bolt
|-supereffective|p1a: Raging Bolt
|-damage|p1a: Raging Bolt|46/100
|
|-weather|Snowscape|[upkeep]
|-heal|p1a: Raging Bolt|52/100|[from] item: Leftovers
|upkeep
|turn|29
|
|t:|1779592981
|switch|p2a: Dondozo|Dondozo, M|63/100
|-damage|p2a: Dondozo|51/100|[from] Stealth Rock
|move|p1a: Raging Bolt|Thunderbolt|p2a: Dondozo
|-supereffective|p2a: Dondozo
|-damage|p2a: Dondozo|0 fnt
|faint|p2a: Dondozo
|
|-weather|Snowscape|[upkeep]
|-heal|p1a: Raging Bolt|59/100|[from] item: Leftovers
|upkeep
|
|t:|1779592990
|switch|p2a: Slowking|Slowking-Galar, M|44/100
|-damage|p2a: Slowking|32/100|[from] Stealth Rock
|turn|30
|
|t:|1779592997
|switch|p2a: Corviknight|Corviknight, M|88/100
|-damage|p2a: Corviknight|76/100|[from] Stealth Rock
|-ability|p2a: Corviknight|Pressure
|move|p1a: Raging Bolt|Thunderbolt|p2a: Corviknight
|-supereffective|p2a: Corviknight
|-damage|p2a: Corviknight|0 fnt
|faint|p2a: Corviknight
|
|-weather|none
|-heal|p1a: Raging Bolt|65/100|[from] item: Leftovers
|upkeep
|
|t:|1779593003
|switch|p2a: Slowking|Slowking-Galar, M|65/100
|-damage|p2a: Slowking|53/100|[from] Stealth Rock
|turn|31
|inactive|raf8847 has 120 seconds left.
|
|t:|1779593014
|move|p1a: Raging Bolt|Thunderbolt|p2a: Slowking
|-damage|p2a: Slowking|13/100
|-status|p2a: Slowking|par
|cant|p2a: Slowking|par
|
|-heal|p1a: Raging Bolt|71/100|[from] item: Leftovers
|upkeep
|turn|32
|inactive|raf8847 has 120 seconds left.
|
|t:|1779593024
|move|p1a: Raging Bolt|Thunderbolt|p2a: Slowking
|-damage|p2a: Slowking|0 fnt
|faint|p2a: Slowking
|
|win|raf8847
|raw|raf8847's rating: 1207 &rarr; <strong>1228</strong><br />(+21 for winning)
|raw|npctypebeat's rating: 1157 &rarr; <strong>1136</strong><br />(-21 for losing)
|c|☆npctypebeat|gg
