|j|☆xaxxaaaxaxaxaxa
|j|☆asawanip
|t:|1779701746
|gametype|singles
|player|p1|xaxxaaaxaxaxaxa|1|1210
|player|p2|asawanip|265|1199
|gen|9
|tier|[Gen 9] OU
|rated|
|rule|HP Percentage Mod: HP is shown in percentages
|rule|Endless Battle Clause: Forcing endless battles is banned
|rule|Species Clause: Limit one of each Pokémon
|rule|OHKO Clause: OHKO moves are banned
|rule|Evasion Items Clause: Evasion items are banned
|rule|Evasion Moves Clause: Evasion moves are banned
|rule|Evasion Abilities Clause: Evasion abilities are banned
|rule|Sleep Moves Clause: Sleep-inducing moves are banned
|clearpoke
|poke|p1|Tyranitar, M|
|poke|p1|Excadrill, M|
|poke|p1|Iron Valiant|
|poke|p1|Zapdos|
|poke|p1|Ogerpon, F|
|poke|p1|Toxapex, M|
|poke|p2|Walking Wake|
|poke|p2|Great Tusk|
|poke|p2|Ninetales, F|
|poke|p2|Cresselia, F|
|poke|p2|Zarude|
|poke|p2|Ceruledge, F|
|teampreview
|
|t:|1779701759
|teamsize|p1|6
|teamsize|p2|6
|start
|switch|p1a: Excadrill|Excadrill, M, shiny|100/100
|switch|p2a: Ninetales|Ninetales, F|100/100
|-weather|SunnyDay|[from] ability: Drought|[of] p2a: Ninetales
|turn|1
|
|t:|1779701771
|-terastallize|p1a: Excadrill|Ground
|move|p2a: Ninetales|Will-O-Wisp|p1a: Excadrill
|-status|p1a: Excadrill|brn
|move|p1a: Excadrill|Earthquake|p2a: Ninetales
|-supereffective|p2a: Ninetales
|-damage|p2a: Ninetales|0 fnt
|faint|p2a: Ninetales
|
|-weather|SunnyDay|[upkeep]
|-damage|p1a: Excadrill|94/100 brn|[from] brn
|upkeep
|
|t:|1779701791
|switch|p2a: Walking Wake|Walking Wake|100/100
|-activate|p2a: Walking Wake|ability: Protosynthesis
|-start|p2a: Walking Wake|protosynthesisspe
|turn|2
|
|t:|1779701796
|switch|p1a: Tyranitar|Tyranitar, M, shiny|100/100
|-weather|Sandstorm|[from] ability: Sand Stream|[of] p1a: Tyranitar
|-end|p2a: Walking Wake|Protosynthesis
|move|p2a: Walking Wake|Hydro Steam|p1a: Tyranitar
|-supereffective|p1a: Tyranitar
|-damage|p1a: Tyranitar|38/100
|
|-weather|Sandstorm|[upkeep]
|-damage|p2a: Walking Wake|94/100|[from] Sandstorm
|upkeep
|turn|3
|
|t:|1779701811
|switch|p1a: Ogerpon|Ogerpon, F|100/100
|move|p2a: Walking Wake|Hydro Steam|p1a: Ogerpon
|-resisted|p1a: Ogerpon
|-damage|p1a: Ogerpon|72/100
|
|-weather|Sandstorm|[upkeep]
|-damage|p1a: Ogerpon|66/100|[from] Sandstorm
|-damage|p2a: Walking Wake|88/100|[from] Sandstorm
|upkeep
|turn|4
|
|t:|1779701828
|move|p1a: Ogerpon|Ivy Cudgel|p2a: Walking Wake
|-damage|p2a: Walking Wake|12/100
|move|p2a: Walking Wake|Dragon Tail|p1a: Ogerpon
|-damage|p1a: Ogerpon|45/100
|drag|p1a: Toxapex|Toxapex, M, shiny|100/100
|
|-weather|Sandstorm|[upkeep]
|-damage|p2a: Walking Wake|6/100|[from] Sandstorm
|-damage|p1a: Toxapex|95/100|[from] Sandstorm
|upkeep
|turn|5
|
|t:|1779701848
|-end|p2a: Walking Wake|Protosynthesis|[silent]
|switch|p2a: Cresselia|Cresselia, F|100/100
|move|p1a: Toxapex|Toxic Spikes|p2a: Cresselia
|-sidestart|p2: asawanip|move: Toxic Spikes
|
|-weather|Sandstorm|[upkeep]
|-damage|p2a: Cresselia|94/100|[from] Sandstorm
|-damage|p1a: Toxapex|89/100|[from] Sandstorm
|upkeep
|turn|6
|
|t:|1779701871
|move|p2a: Cresselia|Thunder Wave|p1a: Toxapex
|-status|p1a: Toxapex|par
|move|p1a: Toxapex|Toxic|p2a: Cresselia
|-status|p2a: Cresselia|tox
|
|-weather|Sandstorm|[upkeep]
|-damage|p2a: Cresselia|88/100 tox|[from] Sandstorm
|-damage|p1a: Toxapex|83/100 par|[from] Sandstorm
|-damage|p2a: Cresselia|82/100 tox|[from] psn
|upkeep
|turn|7
|
|t:|1779701883
|switch|p2a: Zarude|Zarude|100/100
|-status|p2a: Zarude|psn
|move|p1a: Toxapex|Toxic Spikes|p2a: Zarude
|-sidestart|p2: asawanip|move: Toxic Spikes
|
|-weather|Sandstorm|[upkeep]
|-damage|p2a: Zarude|94/100 psn|[from] Sandstorm
|-damage|p1a: Toxapex|77/100 par|[from] Sandstorm
|-heal|p2a: Zarude|100/100 psn|[from] item: Leftovers
|-damage|p2a: Zarude|88/100 psn|[from] psn
|upkeep
|turn|8
|
|t:|1779701900
|switch|p1a: Zapdos|Zapdos, shiny|100/100
|-terastallize|p2a: Zarude|Poison
|move|p2a: Zarude|Knock Off|p1a: Zapdos
|-damage|p1a: Zapdos|45/100
|-enditem|p1a: Zapdos|Heavy-Duty Boots|[from] move: Knock Off|[of] p2a: Zarude
|
|-weather|Sandstorm|[upkeep]
|-damage|p1a: Zapdos|39/100|[from] Sandstorm
|-damage|p2a: Zarude|82/100 psn|[from] Sandstorm
|-heal|p2a: Zarude|88/100 psn|[from] item: Leftovers
|-damage|p2a: Zarude|76/100 psn|[from] psn
|upkeep
|turn|9
|
|t:|1779701914
|switch|p2a: Cresselia|Cresselia, F|82/100 tox
|move|p1a: Zapdos|Volt Switch|p2a: Cresselia
|-damage|p2a: Cresselia|62/100 tox
|-enditem|p2a: Cresselia|Eject Button
|
|t:|1779701925
|switch|p2a: Zarude|Zarude, tera:Poison|76/100 psn
|-sideend|p2: asawanip|move: Toxic Spikes|[of] p2a: Zarude
|
|-weather|none
|-heal|p2a: Zarude|82/100 psn|[from] item: Leftovers
|-damage|p2a: Zarude|70/100 psn|[from] psn
|upkeep
|turn|10
|
|t:|1779701939
|switch|p1a: Tyranitar|Tyranitar, M, shiny|38/100
|-weather|Sandstorm|[from] ability: Sand Stream|[of] p1a: Tyranitar
|switch|p2a: Cresselia|Cresselia, F|62/100 tox
|
|-weather|Sandstorm|[upkeep]
|-damage|p2a: Cresselia|56/100 tox|[from] Sandstorm
|-damage|p2a: Cresselia|50/100 tox|[from] psn
|upkeep
|turn|11
|
|t:|1779701952
|move|p1a: Tyranitar|Knock Off|p2a: Cresselia
|-supereffective|p2a: Cresselia
|-damage|p2a: Cresselia|3/100 tox
|move|p2a: Cresselia|Lunar Dance|p2a: Cresselia
|faint|p2a: Cresselia
|
|-weather|Sandstorm|[upkeep]
|upkeep
|
|t:|1779701962
|switch|p2a: Zarude|Zarude, tera:Poison|70/100 psn
|-heal|p2a: Zarude|100/100|[from] move: Lunar Dance
|turn|12
|
|t:|1779701968
|move|p2a: Zarude|Swords Dance|p2a: Zarude
|-boost|p2a: Zarude|atk|2
|move|p1a: Tyranitar|Ice Punch|p2a: Zarude
|-damage|p2a: Zarude|76/100
|
|-weather|Sandstorm|[upkeep]
|-damage|p2a: Zarude|70/100|[from] Sandstorm
|-heal|p2a: Zarude|76/100|[from] item: Leftovers
|upkeep
|turn|13
|
|t:|1779701980
|move|p2a: Zarude|Power Whip|p1a: Tyranitar
|-supereffective|p1a: Tyranitar
|-damage|p1a: Tyranitar|0 fnt
|faint|p1a: Tyranitar
|
|-weather|Sandstorm|[upkeep]
|-damage|p2a: Zarude|70/100|[from] Sandstorm
|-heal|p2a: Zarude|76/100|[from] item: Leftovers
|upkeep
|
|t:|1779701984
|switch|p1a: Toxapex|Toxapex, M, shiny|100/100 par
|turn|14
|
|t:|1779701994
|move|p2a: Zarude|Knock Off|p1a: Toxapex
|-damage|p1a: Toxapex|35/100 par
|-damage|p2a: Zarude|59/100|[from] item: Rocky Helmet|[of] p1a: Toxapex
|-enditem|p1a: Toxapex|Rocky Helmet|[from] move: Knock Off|[of] p2a: Zarude
|move|p1a: Toxapex|Haze|p1a: Toxapex
|-clearallboost
|
|-weather|Sandstorm|[upkeep]
|-damage|p2a: Zarude|53/100|[from] Sandstorm
|-damage|p1a: Toxapex|29/100 par|[from] Sandstorm
|-heal|p2a: Zarude|59/100|[from] item: Leftovers
|upkeep
|turn|15
|
|t:|1779702006
|switch|p1a: Excadrill|Excadrill, M, shiny, tera:Ground|94/100 brn
|move|p2a: Zarude|Power Whip|p1a: Excadrill
|-supereffective|p1a: Excadrill
|-damage|p1a: Excadrill|0 fnt
|faint|p1a: Excadrill
|
|-weather|Sandstorm|[upkeep]
|-damage|p2a: Zarude|53/100|[from] Sandstorm
|-heal|p2a: Zarude|59/100|[from] item: Leftovers
|upkeep
|
|t:|1779702017
|switch|p1a: Iron Valiant|Iron Valiant, shiny|100/100
|turn|16
|
|t:|1779702058
|move|p1a: Iron Valiant|Shadow Ball|p2a: Zarude
|-damage|p2a: Zarude|23/100
|move|p2a: Zarude|Synthesis|p2a: Zarude
|-heal|p2a: Zarude|48/100
|
|-weather|Sandstorm|[upkeep]
|-damage|p1a: Iron Valiant|94/100|[from] Sandstorm
|-damage|p2a: Zarude|42/100|[from] Sandstorm
|-heal|p2a: Zarude|48/100|[from] item: Leftovers
|upkeep
|turn|17
|
|t:|1779702070
|move|p1a: Iron Valiant|Shadow Ball|p2a: Zarude
|-damage|p2a: Zarude|12/100
|move|p2a: Zarude|Power Whip|p1a: Iron Valiant
|-damage|p1a: Iron Valiant|23/100
|
|-weather|none
|-heal|p2a: Zarude|19/100|[from] item: Leftovers
|upkeep
|turn|18
|
|t:|1779702096
|move|p1a: Iron Valiant|Shadow Ball|p2a: Zarude
|-damage|p2a: Zarude|0 fnt
|faint|p2a: Zarude
|
|upkeep
|inactive|Battle timer is ON: inactive players will automatically lose when time's up. (requested by xaxxaaaxaxaxaxa)
|n|!xaxxaaaxaxaxaxa|xaxxaaaxaxaxaxa
|
|t:|1779702200
|switch|p2a: Walking Wake|Walking Wake|6/100
|turn|19
|
|t:|1779702211
|move|p1a: Iron Valiant|Shadow Ball|p2a: Walking Wake
|-damage|p2a: Walking Wake|0 fnt
|faint|p2a: Walking Wake
|-end|p2a: Walking Wake|Protosynthesis|[silent]
|
|upkeep
|
|t:|1779702225
|switch|p2a: Great Tusk|Great Tusk|100/100
|turn|20
|
|t:|1779702246
|move|p1a: Iron Valiant|Shadow Ball|p2a: Great Tusk
|-damage|p2a: Great Tusk|59/100
|move|p2a: Great Tusk|Rapid Spin|p1a: Iron Valiant
|-damage|p1a: Iron Valiant|0 fnt
|-boost|p2a: Great Tusk|spe|1
|faint|p1a: Iron Valiant
|-end|p1a: Iron Valiant|Quark Drive|[silent]
|
|upkeep
|
|t:|1779702255
|switch|p1a: Zapdos|Zapdos, shiny|39/100
|turn|21
|
|t:|1779702258
|move|p2a: Great Tusk|Ice Spinner|p1a: Zapdos
|-supereffective|p1a: Zapdos
|-damage|p1a: Zapdos|0 fnt
|faint|p1a: Zapdos
|
|upkeep
|-message|xaxxaaaxaxaxaxa forfeited.
|
|win|asawanip
