|j|☆dbcool
|j|☆biger01
|t:|1779562777
|gametype|singles
|player|p1|dbcool|dahlia|1423
|player|p2|biger01|265|1409
|gen|9
|tier|[Gen 9] OU
|rated|
|rule|HP Percentage Mod: HP is shown in percentages
|rule|Endless Battle Clause: Forcing endless battles is banned
|rule|Species Clause: Limit one of each Pokémon
|rule|OHKO Clause: OHKO moves are banned
|rule|Evasion Items Clause: Evasion items are banned
|rule|Evasion Moves Clause: Evasion moves are banned
|rule|Evasion Abilities Clause: Evasion abilities are banned
|rule|Sleep Moves Clause: Sleep-inducing moves are banned
|clearpoke
|poke|p1|Cinderace, F|
|poke|p1|Meowscarada, M|
|poke|p1|Regieleki|
|poke|p1|Garchomp, F|
|poke|p1|Greninja-*, M|
|poke|p1|Kingambit, F|
|poke|p2|Weavile, F|
|poke|p2|Pecharunt|
|poke|p2|Ting-Lu|
|poke|p2|Tinkaton, F|
|poke|p2|Keldeo-Resolute|
|poke|p2|Dragonite, F|
|teampreview
|inactive|Battle timer is ON: inactive players will automatically lose when time's up. (requested by biger01)
|
|t:|1779562796
|teamsize|p1|6
|teamsize|p2|6
|start
|switch|p1a: Kuro|Meowscarada, M, shiny|100/100
|switch|p2a: Ting-Lu|Ting-Lu|100/100
|-ability|p2a: Ting-Lu|Vessel of Ruin
|turn|1
|
|t:|1779562812
|switch|p2a: Pecharunt|Pecharunt|100/100
|move|p1a: Kuro|U-turn|p2a: Pecharunt
|-start|p1a: Kuro|typechange|Bug|[from] ability: Protean
|-resisted|p2a: Pecharunt
|-crit|p2a: Pecharunt
|-damage|p2a: Pecharunt|94/100
|
|t:|1779562820
|switch|p1a: Garchomp|Garchomp, F, shiny|100/100|[from] U-turn
|
|upkeep
|turn|2
|
|t:|1779562825
|switch|p2a: Tinkaton|Tinkaton, F|100/100
|-item|p2a: Tinkaton|Air Balloon
|move|p1a: Garchomp|Stealth Rock|p2a: Tinkaton
|-sidestart|p2: biger01|move: Stealth Rock
|
|upkeep
|turn|3
|
|t:|1779562857
|move|p2a: Tinkaton|Stealth Rock|p1a: Garchomp
|-sidestart|p1: dbcool|move: Stealth Rock
|move|p1a: Garchomp|Spikes|p2a: Tinkaton
|-sidestart|p2: biger01|Spikes
|
|upkeep
|turn|4
|inactive|dbcool has 120 seconds left.
|
|t:|1779562885
|switch|p2a: Ting-Lu|Ting-Lu|100/100
|-damage|p2a: Ting-Lu|94/100|[from] Stealth Rock
|-damage|p2a: Ting-Lu|82/100|[from] Spikes
|-ability|p2a: Ting-Lu|Vessel of Ruin
|switch|p1a: Regieleki|Regieleki, shiny|100/100
|
|upkeep
|turn|5
|inactive|dbcool has 120 seconds left.
|inactive|biger01 has 120 seconds left.
|
|t:|1779562907
|move|p1a: Regieleki|Rapid Spin|p2a: Ting-Lu
|-damage|p2a: Ting-Lu|76/100
|-boost|p1a: Regieleki|spe|1
|-damage|p1a: Regieleki|84/100|[from] item: Rocky Helmet|[of] p2a: Ting-Lu
|-sideend|p1: dbcool|Stealth Rock|[from] move: Rapid Spin|[of] p1a: Regieleki
|move|p2a: Ting-Lu|Earthquake|p1a: Regieleki
|-supereffective|p1a: Regieleki
|-damage|p1a: Regieleki|0 fnt
|faint|p1a: Regieleki
|
|upkeep
|inactive|dbcool has 120 seconds left.
|
|t:|1779562938
|switch|p1a: Haru|Cinderace, F, shiny|100/100
|turn|6
|inactive|biger01 has 120 seconds left.
|
|t:|1779562961
|move|p1a: Haru|U-turn|p2a: Ting-Lu
|-start|p1a: Haru|typechange|Bug|[from] ability: Libero
|-supereffective|p2a: Ting-Lu
|-damage|p2a: Ting-Lu|25/100
|-damage|p1a: Haru|84/100|[from] item: Rocky Helmet|[of] p2a: Ting-Lu
|
|t:|1779562979
|switch|p1a: Garchomp|Garchomp, F, shiny|100/100|[from] U-turn
|move|p2a: Ting-Lu|Ruination|p1a: Garchomp|[miss]
|-miss|p2a: Ting-Lu|p1a: Garchomp
|
|upkeep
|turn|7
|inactive|biger01 has 120 seconds left.
|inactive|biger01 has 90 seconds left.
|
|t:|1779563027
|move|p1a: Garchomp|Spikes|p2a: Ting-Lu
|-sidestart|p2: biger01|Spikes
|move|p2a: Ting-Lu|Spikes|p1a: Garchomp
|-sidestart|p1: dbcool|Spikes
|
|upkeep
|turn|8
|
|t:|1779563034
|move|p1a: Garchomp|Earthquake|p2a: Ting-Lu
|-damage|p2a: Ting-Lu|4/100
|move|p2a: Ting-Lu|Ruination|p1a: Garchomp
|-damage|p1a: Garchomp|50/100
|
|upkeep
|turn|9
|
|t:|1779563042
|switch|p2a: Tinkaton|Tinkaton, F|100/100
|-damage|p2a: Tinkaton|94/100|[from] Stealth Rock
|-item|p2a: Tinkaton|Air Balloon
|move|p1a: Garchomp|Earthquake|p2a: Tinkaton
|-immune|p2a: Tinkaton
|
|upkeep
|turn|10
|
|t:|1779563057
|switch|p1a: Haru|Cinderace, F, shiny|84/100
|-damage|p1a: Haru|72/100|[from] Spikes
|move|p2a: Tinkaton|Encore||[still]
|-fail|p2a: Tinkaton
|
|upkeep
|turn|11
|
|t:|1779563068
|switch|p2a: Pecharunt|Pecharunt|94/100
|move|p1a: Haru|Pyro Ball|p2a: Pecharunt
|-damage|p2a: Pecharunt|53/100
|
|upkeep
|turn|12
|
|t:|1779563077
|move|p1a: Haru|Pyro Ball|p2a: Pecharunt
|-damage|p2a: Pecharunt|12/100
|move|p2a: Pecharunt|Recover|p2a: Pecharunt
|-heal|p2a: Pecharunt|62/100
|
|upkeep
|turn|13
|
|t:|1779563085
|move|p1a: Haru|Pyro Ball|p2a: Pecharunt
|-damage|p2a: Pecharunt|23/100
|move|p2a: Pecharunt|Recover|p2a: Pecharunt
|-heal|p2a: Pecharunt|73/100
|
|upkeep
|turn|14
|
|t:|1779563094
|move|p1a: Haru|Pyro Ball|p2a: Pecharunt
|-damage|p2a: Pecharunt|31/100
|move|p2a: Pecharunt|Parting Shot|p1a: Haru
|-unboost|p1a: Haru|atk|1
|-unboost|p1a: Haru|spa|1
|inactive|biger01 has 120 seconds left.
|
|t:|1779563109
|switch|p2a: Dragonite|Dragonite, F|100/100|[from] Parting Shot
|
|upkeep
|turn|15
|
|t:|1779563131
|switch|p1a: Garchomp|Garchomp, F, shiny|50/100
|-damage|p1a: Garchomp|38/100|[from] Spikes
|move|p2a: Dragonite|Earthquake|p1a: Garchomp
|-damage|p1a: Garchomp|15/100
|
|upkeep
|turn|16
|
|t:|1779563142
|move|p2a: Dragonite|Dragon Dance|p2a: Dragonite
|-boost|p2a: Dragonite|atk|1
|-boost|p2a: Dragonite|spe|1
|move|p1a: Garchomp|Dragon Tail|p2a: Dragonite
|-supereffective|p2a: Dragonite
|-damage|p2a: Dragonite|73/100
|drag|p2a: Tinkaton|Tinkaton, F|94/100
|-damage|p2a: Tinkaton|88/100|[from] Stealth Rock
|-item|p2a: Tinkaton|Air Balloon
|
|upkeep
|turn|17
|
|t:|1779563165
|switch|p1a: Haru|Cinderace, F, shiny|72/100
|-damage|p1a: Haru|59/100|[from] Spikes
|move|p2a: Tinkaton|Stealth Rock|p1a: Haru
|-sidestart|p1: dbcool|move: Stealth Rock
|
|upkeep
|turn|18
|
|t:|1779563172
|switch|p2a: Ting-Lu|Ting-Lu|4/100
|-damage|p2a: Ting-Lu|0 fnt|[from] Stealth Rock
|faint|p2a: Ting-Lu
|move|p1a: Haru|Pyro Ball|p2: Ting-Lu|[notarget]
|-fail|p1a: Haru
|
|upkeep
|inactive|biger01 has 90 seconds left.
|
|t:|1779563221
|switch|p2a: Dragonite|Dragonite, F|73/100
|turn|19
|
|t:|1779563228
|switch|p1a: Garchomp|Garchomp, F, shiny|15/100
|-damage|p1a: Garchomp|3/100|[from] Spikes
|-damage|p1a: Garchomp|0 fnt|[from] Stealth Rock
|faint|p1a: Garchomp
|move|p2a: Dragonite|Dragon Dance|p2a: Dragonite
|-boost|p2a: Dragonite|atk|1
|-boost|p2a: Dragonite|spe|1
|
|upkeep
|
|t:|1779563239
|switch|p1a: Kuro|Meowscarada, M, shiny|100/100
|-damage|p1a: Kuro|88/100|[from] Spikes
|-damage|p1a: Kuro|76/100|[from] Stealth Rock
|turn|20
|inactive|biger01 has 90 seconds left.
|
|t:|1779563260
|-terastallize|p2a: Dragonite|Normal
|move|p2a: Dragonite|Extreme Speed|p1a: Kuro
|-damage|p1a: Kuro|0 fnt
|faint|p1a: Kuro
|
|upkeep
|
|t:|1779563275
|switch|p1a: Queengambit|Kingambit, F, shiny|100/100
|-damage|p1a: Queengambit|88/100|[from] Spikes
|-damage|p1a: Queengambit|82/100|[from] Stealth Rock
|-activate|p1a: Queengambit|ability: Supreme Overlord
|-start|p1a: Queengambit|fallen3|[silent]
|turn|21
|
|t:|1779563282
|-terastallize|p1a: Queengambit|Ghost
|move|p2a: Dragonite|Earthquake|p1a: Queengambit
|-damage|p1a: Queengambit|33/100
|move|p1a: Queengambit|Kowtow Cleave|p2a: Dragonite
|-crit|p2a: Dragonite
|-damage|p2a: Dragonite|0 fnt
|faint|p2a: Dragonite
|
|upkeep
|
|t:|1779563290
|switch|p2a: Keldeo|Keldeo-Resolute|100/100
|turn|22
|inactive|biger01 has 90 seconds left.
|
|t:|1779563297
|move|p1a: Queengambit|Sucker Punch|p2a: Keldeo
|-resisted|p2a: Keldeo
|-damage|p2a: Keldeo|68/100
|-ability|p2a: Keldeo|Justified|boost
|-boost|p2a: Keldeo|atk|1
|move|p2a: Keldeo|Hydro Pump|p1a: Queengambit
|-damage|p1a: Queengambit|0 fnt
|faint|p1a: Queengambit
|-end|p1a: Queengambit|fallen3|[silent]
|
|upkeep
|
|t:|1779563308
|switch|p1a: Haru|Cinderace, F, shiny|59/100
|-damage|p1a: Haru|47/100|[from] Spikes
|-damage|p1a: Haru|22/100|[from] Stealth Rock
|turn|23
|
|t:|1779563316
|move|p2a: Keldeo|Vacuum Wave|p1a: Haru
|-damage|p1a: Haru|0 fnt
|faint|p1a: Haru
|
|upkeep
|inactive|dbcool has 120 seconds left.
|-message|dbcool forfeited.
|
|win|biger01
|raw|dbcool's rating: 1423 &rarr; <strong>1402</strong><br />(-21 for losing)
|raw|biger01's rating: 1409 &rarr; <strong>1430</strong><br />(+21 for winning)
|l|☆dbcool
|player|p1|
