|j|☆Railio
|j|☆Fuarrkpeaking
|t:|1779598248
|gametype|singles
|player|p1|Railio|265|1544
|player|p2|Fuarrkpeaking|169|1492
|gen|9
|tier|[Gen 9] OU
|rated|
|rule|HP Percentage Mod: HP is shown in percentages
|rule|Endless Battle Clause: Forcing endless battles is banned
|rule|Species Clause: Limit one of each Pokémon
|rule|OHKO Clause: OHKO moves are banned
|rule|Evasion Items Clause: Evasion items are banned
|rule|Evasion Moves Clause: Evasion moves are banned
|rule|Evasion Abilities Clause: Evasion abilities are banned
|rule|Sleep Moves Clause: Sleep-inducing moves are banned
|clearpoke
|poke|p1|Cinderace, F|
|poke|p1|Meowscarada, M|
|poke|p1|Corviknight, F|
|poke|p1|Iron Boulder|
|poke|p1|Iron Valiant|
|poke|p1|Raging Bolt|
|poke|p2|Tyranitar, M|
|poke|p2|Iron Valiant|
|poke|p2|Slowking-Galar, F|
|poke|p2|Raging Bolt|
|poke|p2|Cinderace, M|
|poke|p2|Zapdos|
|teampreview
|inactive|Battle timer is ON: inactive players will automatically lose when time's up. (requested by Railio)
|
|t:|1779598259
|teamsize|p1|6
|teamsize|p2|6
|start
|switch|p1a: Cinderace|Cinderace, F|100/100
|switch|p2a: Cinderace|Cinderace, M|100/100
|turn|1
|
|t:|1779598267
|move|p1a: Cinderace|High Jump Kick|p2a: Cinderace
|-start|p1a: Cinderace|typechange|Fighting|[from] ability: Libero
|-damage|p2a: Cinderace|0 fnt
|faint|p2a: Cinderace
|
|upkeep
|
|t:|1779598271
|switch|p2a: Zapdos|Zapdos|100/100
|turn|2
|
|t:|1779598275
|switch|p1a: Raging Bolt|Raging Bolt|100/100
|switch|p2a: Tyranitar|Tyranitar, M|100/100
|-weather|Sandstorm|[from] ability: Sand Stream|[of] p2a: Tyranitar
|
|-weather|Sandstorm|[upkeep]
|-damage|p1a: Raging Bolt|94/100|[from] Sandstorm
|upkeep
|turn|3
|
|t:|1779598281
|-end|p1a: Raging Bolt|Protosynthesis|[silent]
|switch|p1a: Corviknight|Corviknight, F|100/100
|move|p2a: Tyranitar|Stone Edge|p1a: Corviknight
|-damage|p1a: Corviknight|52/100
|
|-weather|Sandstorm|[upkeep]
|upkeep
|turn|4
|
|t:|1779598291
|move|p2a: Tyranitar|Stone Edge|p1a: Corviknight
|-damage|p1a: Corviknight|1/100
|move|p1a: Corviknight|Body Press|p2a: Tyranitar
|-supereffective|p2a: Tyranitar
|-damage|p2a: Tyranitar|7/100
|
|-weather|Sandstorm|[upkeep]
|upkeep
|turn|5
|
|t:|1779598297
|move|p2a: Tyranitar|Stone Edge|p1a: Corviknight
|-damage|p1a: Corviknight|0 fnt
|faint|p1a: Corviknight
|
|-weather|Sandstorm|[upkeep]
|upkeep
|
|t:|1779598301
|switch|p1a: Meowscarada|Meowscarada, M|100/100
|turn|6
|
|t:|1779598308
|switch|p2a: Zapdos|Zapdos|100/100
|move|p1a: Meowscarada|Knock Off|p2a: Zapdos
|-start|p1a: Meowscarada|typechange|Dark|[from] ability: Protean
|-damage|p2a: Zapdos|60/100
|-status|p1a: Meowscarada|par|[from] ability: Static|[of] p2a: Zapdos
|-enditem|p2a: Zapdos|Heavy-Duty Boots|[from] move: Knock Off|[of] p1a: Meowscarada
|
|-weather|none
|upkeep
|turn|7
|
|t:|1779598313
|switch|p1a: Raging Bolt|Raging Bolt|94/100
|move|p2a: Zapdos|Roost|p2a: Zapdos
|-heal|p2a: Zapdos|100/100
|-singleturn|p2a: Zapdos|move: Roost
|
|upkeep
|turn|8
|
|t:|1779598316
|switch|p2a: Tyranitar|Tyranitar, M|7/100
|-weather|Sandstorm|[from] ability: Sand Stream|[of] p2a: Tyranitar
|move|p1a: Raging Bolt|Draco Meteor|p2a: Tyranitar
|-damage|p2a: Tyranitar|0 fnt
|-unboost|p1a: Raging Bolt|spa|2
|faint|p2a: Tyranitar
|
|-weather|Sandstorm|[upkeep]
|-damage|p1a: Raging Bolt|88/100|[from] Sandstorm
|upkeep
|
|t:|1779598325
|switch|p2a: Slowking|Slowking-Galar, F|100/100
|turn|9
|
|t:|1779598329
|move|p1a: Raging Bolt|Volt Switch|p2a: Slowking
|-damage|p2a: Slowking|88/100
|
|t:|1779598331
|-end|p1a: Raging Bolt|Protosynthesis|[silent]
|switch|p1a: Meowscarada|Meowscarada, M|100/100 par|[from] Volt Switch
|move|p2a: Slowking|Sludge Bomb|p1a: Meowscarada
|-supereffective|p1a: Meowscarada
|-damage|p1a: Meowscarada|0 fnt
|faint|p1a: Meowscarada
|
|-weather|Sandstorm|[upkeep]
|-damage|p2a: Slowking|82/100|[from] Sandstorm
|upkeep
|
|t:|1779598335
|switch|p1a: Iron Boulder|Iron Boulder|100/100
|-enditem|p1a: Iron Boulder|Booster Energy
|-activate|p1a: Iron Boulder|ability: Quark Drive|[fromitem]
|-start|p1a: Iron Boulder|quarkdrivespe
|turn|10
|
|t:|1779598340
|move|p1a: Iron Boulder|Swords Dance|p1a: Iron Boulder
|-boost|p1a: Iron Boulder|atk|2
|move|p2a: Slowking|Thunder Wave|p1a: Iron Boulder
|-status|p1a: Iron Boulder|par
|
|-weather|Sandstorm|[upkeep]
|-damage|p2a: Slowking|76/100|[from] Sandstorm
|upkeep
|turn|11
|
|t:|1779598357
|switch|p2a: Zapdos|Zapdos|100/100
|move|p1a: Iron Boulder|Mighty Cleave|p2a: Zapdos
|-supereffective|p2a: Zapdos
|-damage|p2a: Zapdos|0 fnt
|faint|p2a: Zapdos
|
|-weather|Sandstorm|[upkeep]
|upkeep
|inactive|Fuarrkpeaking has 120 seconds left.
|
|t:|1779598382
|switch|p2a: Slowking|Slowking-Galar, F|100/100
|turn|12
|
|t:|1779598385
|move|p1a: Iron Boulder|Earthquake|p2a: Slowking
|-supereffective|p2a: Slowking
|-damage|p2a: Slowking|0 fnt
|faint|p2a: Slowking
|
|-weather|none
|upkeep
|
|t:|1779598391
|switch|p2a: Raging Bolt|Raging Bolt|100/100
|-enditem|p2a: Raging Bolt|Booster Energy
|-activate|p2a: Raging Bolt|ability: Protosynthesis|[fromitem]
|-start|p2a: Raging Bolt|protosynthesisspa
|turn|13
|
|t:|1779598399
|-terastallize|p2a: Raging Bolt|Bug
|move|p1a: Iron Boulder|Earthquake|p2a: Raging Bolt
|-resisted|p2a: Raging Bolt
|-damage|p2a: Raging Bolt|75/100
|move|p2a: Raging Bolt|Calm Mind|p2a: Raging Bolt
|-boost|p2a: Raging Bolt|spa|1
|-boost|p2a: Raging Bolt|spd|1
|
|upkeep
|turn|14
|
|t:|1779598405
|move|p2a: Raging Bolt|Thunderclap|p1a: Iron Boulder
|-damage|p1a: Iron Boulder|23/100 par
|cant|p1a: Iron Boulder|par
|
|upkeep
|turn|15
|
|t:|1779598409
|-terastallize|p1a: Iron Boulder|Ground
|move|p2a: Raging Bolt|Thunderclap|p1a: Iron Boulder
|-immune|p1a: Iron Boulder
|move|p1a: Iron Boulder|Mighty Cleave|p2a: Raging Bolt
|-supereffective|p2a: Raging Bolt
|-damage|p2a: Raging Bolt|0 fnt
|faint|p2a: Raging Bolt
|-end|p2a: Raging Bolt|Protosynthesis|[silent]
|
|upkeep
|
|t:|1779598413
|switch|p2a: Iron Valiant|Iron Valiant|100/100
|-enditem|p2a: Iron Valiant|Booster Energy
|-activate|p2a: Iron Valiant|ability: Quark Drive|[fromitem]
|-start|p2a: Iron Valiant|quarkdrivespe
|turn|16
|
|t:|1779598416
|move|p2a: Iron Valiant|Moonblast|p1a: Iron Boulder
|-damage|p1a: Iron Boulder|0 fnt
|faint|p1a: Iron Boulder
|-end|p1a: Iron Boulder|Quark Drive|[silent]
|
|upkeep
|
|t:|1779598419
|switch|p1a: Iron Valiant|Iron Valiant|100/100
|-enditem|p1a: Iron Valiant|Booster Energy
|-activate|p1a: Iron Valiant|ability: Quark Drive|[fromitem]
|-start|p1a: Iron Valiant|quarkdrivespe
|turn|17
|
|t:|1779598421
|move|p1a: Iron Valiant|Moonblast|p2a: Iron Valiant
|-supereffective|p2a: Iron Valiant
|-damage|p2a: Iron Valiant|0 fnt
|faint|p2a: Iron Valiant
|-end|p2a: Iron Valiant|Quark Drive|[silent]
|
|win|Railio
|raw|Railio's rating: 1544 &rarr; <strong>1561</strong><br />(+17 for winning)
|raw|Fuarrkpeaking's rating: 1492 &rarr; <strong>1475</strong><br />(-17 for losing)
|l|☆Fuarrkpeaking
|player|p2|
|l|☆Railio
|player|p1|
