|j|☆purpashroom
|j|☆bradfish1761
|t:|1779692347
|gametype|singles
|player|p1|purpashroom|richboy-gen4|1129
|player|p2|bradfish1761|elesa|1171
|gen|9
|tier|[Gen 9] OU
|rated|
|rule|HP Percentage Mod: HP is shown in percentages
|rule|Endless Battle Clause: Forcing endless battles is banned
|rule|Species Clause: Limit one of each Pokémon
|rule|OHKO Clause: OHKO moves are banned
|rule|Evasion Items Clause: Evasion items are banned
|rule|Evasion Moves Clause: Evasion moves are banned
|rule|Evasion Abilities Clause: Evasion abilities are banned
|rule|Sleep Moves Clause: Sleep-inducing moves are banned
|clearpoke
|poke|p1|Hatterene, F|
|poke|p1|Reuniclus, M|
|poke|p1|Ursaluna, M|
|poke|p1|Kingambit, M|
|poke|p1|Torkoal, M|
|poke|p1|Farigiraf, M|
|poke|p2|Electrode-Hisui|
|poke|p2|Pelipper, F|
|poke|p2|Gholdengo|
|poke|p2|Cinderace, M|
|poke|p2|Great Tusk|
|poke|p2|Darkrai|
|teampreview
|inactive|Battle timer is ON: inactive players will automatically lose when time's up. (requested by bradfish1761)
|
|t:|1779692358
|teamsize|p1|6
|teamsize|p2|6
|start
|switch|p1a: Hatterene|Hatterene, F|100/100
|switch|p2a: Great Tusk|Great Tusk|100/100
|turn|1
|
|t:|1779692368
|move|p2a: Great Tusk|Headlong Rush|p1a: Hatterene
|-damage|p1a: Hatterene|35/100
|-unboost|p2a: Great Tusk|def|1
|-unboost|p2a: Great Tusk|spd|1
|move|p1a: Hatterene|Trick Room|p1a: Hatterene
|-fieldstart|move: Trick Room|[of] p1a: Hatterene
|
|-heal|p1a: Hatterene|41/100|[from] item: Leftovers
|upkeep
|turn|2
|
|t:|1779692378
|-end|p2a: Great Tusk|Protosynthesis|[silent]
|switch|p2a: Pelipper|Pelipper, F|100/100
|-weather|RainDance|[from] ability: Drizzle|[of] p2a: Pelipper
|move|p1a: Hatterene|Dazzling Gleam|p2a: Pelipper
|-damage|p2a: Pelipper|31/100
|
|-weather|RainDance|[upkeep]
|-heal|p1a: Hatterene|47/100|[from] item: Leftovers
|upkeep
|turn|3
|
|t:|1779692390
|move|p1a: Hatterene|Dazzling Gleam|p2a: Pelipper
|-damage|p2a: Pelipper|0 fnt
|faint|p2a: Pelipper
|
|-weather|RainDance|[upkeep]
|-heal|p1a: Hatterene|53/100|[from] item: Leftovers
|upkeep
|
|t:|1779692399
|switch|p2a: Gholdengo|Gholdengo|100/100
|turn|4
|
|t:|1779692405
|move|p1a: Hatterene|Shadow Ball|p2a: Gholdengo
|-supereffective|p2a: Gholdengo
|-damage|p2a: Gholdengo|20/100
|move|p2a: Gholdengo|Make It Rain|p1a: Hatterene
|-supereffective|p1a: Hatterene
|-damage|p1a: Hatterene|0 fnt
|-unboost|p2a: Gholdengo|spa|1
|faint|p1a: Hatterene
|
|-weather|RainDance|[upkeep]
|upkeep
|
|t:|1779692424
|switch|p1a: Farigiraf|Farigiraf, M|100/100
|turn|5
|
|t:|1779692435
|switch|p2a: Electrode|Electrode-Hisui|100/100
|move|p1a: Farigiraf|Thunderbolt|p2a: Electrode
|-resisted|p2a: Electrode
|-damage|p2a: Electrode|89/100
|
|-weather|RainDance|[upkeep]
|-fieldend|move: Trick Room
|upkeep
|turn|6
|
|t:|1779692447
|-terastallize|p2a: Electrode|Electric
|move|p2a: Electrode|Electro Ball|p1a: Farigiraf
|-damage|p1a: Farigiraf|37/100
|move|p1a: Farigiraf|Trick Room|p1a: Farigiraf
|-fieldstart|move: Trick Room|[of] p1a: Farigiraf
|
|-weather|RainDance|[upkeep]
|upkeep
|turn|7
|
|t:|1779692458
|switch|p2a: Gholdengo|Gholdengo|20/100
|move|p1a: Farigiraf|Hyper Voice|p2a: Gholdengo
|-immune|p2a: Gholdengo
|
|-weather|RainDance|[upkeep]
|upkeep
|turn|8
|
|t:|1779692465
|move|p1a: Farigiraf|Twin Beam|p2a: Gholdengo
|-resisted|p2a: Gholdengo
|-damage|p2a: Gholdengo|9/100
|-resisted|p2a: Gholdengo
|-damage|p2a: Gholdengo|0 fnt
|faint|p2a: Gholdengo
|-hitcount|p2: Gholdengo|2
|
|-weather|RainDance|[upkeep]
|upkeep
|
|t:|1779692480
|switch|p2a: Cinderace|Cinderace, M|100/100
|turn|9
|
|t:|1779692488
|move|p1a: Farigiraf|Hyper Voice|p2a: Cinderace
|-damage|p2a: Cinderace|34/100
|-enditem|p1a: Farigiraf|Throat Spray
|-boost|p1a: Farigiraf|spa|1|[from] item: Throat Spray
|move|p2a: Cinderace|Will-O-Wisp|p1a: Farigiraf
|-status|p1a: Farigiraf|brn
|
|-weather|none
|-damage|p1a: Farigiraf|31/100 brn|[from] brn
|upkeep
|turn|10
|
|t:|1779692498
|move|p1a: Farigiraf|Twin Beam|p2a: Cinderace
|-crit|p2a: Cinderace
|-damage|p2a: Cinderace|0 fnt
|faint|p2a: Cinderace
|-hitcount|p2: Cinderace|1
|
|-damage|p1a: Farigiraf|25/100 brn|[from] brn
|-fieldend|move: Trick Room
|upkeep
|
|t:|1779692503
|switch|p2a: Darkrai|Darkrai|100/100
|turn|11
|
|t:|1779692508
|move|p2a: Darkrai|Dark Pulse|p1a: Farigiraf
|-supereffective|p1a: Farigiraf
|-damage|p1a: Farigiraf|0 fnt
|faint|p1a: Farigiraf
|
|upkeep
|
|t:|1779692515
|switch|p1a: Reuniclus|Reuniclus, M, shiny|100/100
|turn|12
|
|t:|1779692519
|-terastallize|p1a: Reuniclus|Fighting
|move|p2a: Darkrai|Dark Pulse|p1a: Reuniclus
|-resisted|p1a: Reuniclus
|-damage|p1a: Reuniclus|80/100
|move|p1a: Reuniclus|Trick Room|p1a: Reuniclus
|-fieldstart|move: Trick Room|[of] p1a: Reuniclus
|
|-heal|p1a: Reuniclus|86/100|[from] item: Leftovers
|upkeep
|turn|13
|
|t:|1779692531
|switch|p1a: Ursaluna|Ursaluna, M|100/100
|switch|p2a: Electrode|Electrode-Hisui, tera:Electric|89/100
|
|-status|p1a: Ursaluna|brn|[from] item: Flame Orb
|upkeep
|turn|14
|
|t:|1779692541
|move|p1a: Ursaluna|Headlong Rush|p2a: Electrode
|-supereffective|p2a: Electrode
|-damage|p2a: Electrode|0 fnt
|-unboost|p1a: Ursaluna|def|1
|-unboost|p1a: Ursaluna|spd|1
|-damage|p1a: Ursaluna|75/100 brn|[from] ability: Aftermath|[of] p2a: Electrode
|faint|p2a: Electrode
|
|-damage|p1a: Ursaluna|69/100 brn|[from] brn
|upkeep
|
|t:|1779692547
|switch|p2a: Darkrai|Darkrai|100/100
|turn|15
|
|t:|1779692553
|move|p1a: Ursaluna|Close Combat|p2a: Darkrai
|-supereffective|p2a: Darkrai
|-damage|p2a: Darkrai|0 fnt
|-unboost|p1a: Ursaluna|def|1
|-unboost|p1a: Ursaluna|spd|1
|faint|p2a: Darkrai
|
|-damage|p1a: Ursaluna|63/100 brn|[from] brn
|upkeep
|
|t:|1779692556
|switch|p2a: Great Tusk|Great Tusk|100/100
|turn|16
|
|t:|1779692563
|move|p1a: Ursaluna|Facade|p2a: Great Tusk
|-crit|p2a: Great Tusk
|-damage|p2a: Great Tusk|0 fnt
|faint|p2a: Great Tusk
|-end|p2a: Great Tusk|Protosynthesis|[silent]
|
|win|purpashroom
|raw|purpashroom's rating: 1129 &rarr; <strong>1157</strong><br />(+28 for winning)
|raw|bradfish1761's rating: 1171 &rarr; <strong>1143</strong><br />(-28 for losing)
|l|☆bradfish1761
|player|p2|
|c|☆purpashroom|gg
|l|☆purpashroom
|player|p1|
