|j|☆hattybatty304
|j|☆jtchad
|t:|1779561141
|gametype|singles
|player|p1|hattybatty304|swimmerf|1373
|player|p2|jtchad|ethan|1350
|gen|9
|tier|[Gen 9] OU
|rated|
|rule|HP Percentage Mod: HP is shown in percentages
|rule|Endless Battle Clause: Forcing endless battles is banned
|rule|Species Clause: Limit one of each Pokémon
|rule|OHKO Clause: OHKO moves are banned
|rule|Evasion Items Clause: Evasion items are banned
|rule|Evasion Moves Clause: Evasion moves are banned
|rule|Evasion Abilities Clause: Evasion abilities are banned
|rule|Sleep Moves Clause: Sleep-inducing moves are banned
|clearpoke
|poke|p1|Hatterene, F|
|poke|p1|Meowscarada, F|
|poke|p1|Primarina, F|
|poke|p1|Pecharunt|
|poke|p1|Cinderace, F|
|poke|p1|Minior|
|poke|p2|Mimikyu, F|
|poke|p2|Cinderace, F|
|poke|p2|Iron Moth|
|poke|p2|Alomomola, M|
|poke|p2|Goodra-Hisui, F|
|poke|p2|Grimmsnarl, M|
|teampreview
|inactive|Battle timer is ON: inactive players will automatically lose when time's up. (requested by jtchad)
|inactive|hattybatty304 also wants the timer to be on.
|
|t:|1779561148
|teamsize|p1|6
|teamsize|p2|6
|start
|switch|p1a: WWakeRBoltCringe|Hatterene, F|100/100
|switch|p2a: Iron Moth|Iron Moth|100/100
|-enditem|p2a: Iron Moth|Booster Energy
|-activate|p2a: Iron Moth|ability: Quark Drive|[fromitem]
|-start|p2a: Iron Moth|quarkdrivespe
|turn|1
|
|t:|1779561156
|move|p2a: Iron Moth|Fiery Dance|p1a: WWakeRBoltCringe
|-damage|p1a: WWakeRBoltCringe|79/100
|move|p1a: WWakeRBoltCringe|Psychic Noise|p2a: Iron Moth
|-supereffective|p2a: Iron Moth
|-damage|p2a: Iron Moth|41/100
|-start|p2a: Iron Moth|move: Heal Block
|
|upkeep
|turn|2
|
|t:|1779561166
|move|p2a: Iron Moth|Sludge Wave|p1a: WWakeRBoltCringe
|-supereffective|p1a: WWakeRBoltCringe
|-damage|p1a: WWakeRBoltCringe|32/100
|move|p1a: WWakeRBoltCringe|Psychic Noise|p2a: Iron Moth
|-supereffective|p2a: Iron Moth
|-damage|p2a: Iron Moth|0 fnt
|faint|p2a: Iron Moth
|-end|p2a: Iron Moth|Quark Drive|[silent]
|
|upkeep
|
|t:|1779561176
|switch|p2a: Mimikyu|Mimikyu, F, shiny|100/100
|turn|3
|
|t:|1779561180
|move|p2a: Mimikyu|Swords Dance|p2a: Mimikyu
|-boost|p2a: Mimikyu|atk|2
|move|p1a: WWakeRBoltCringe|Nuzzle|p2a: Mimikyu
|-activate|p2a: Mimikyu|ability: Disguise
|-damage|p2a: Mimikyu|100/100
|-status|p2a: Mimikyu|par
|detailschange|p2a: Mimikyu|Mimikyu-Busted, F, shiny
|-damage|p2a: Mimikyu|88/100 par|[from] pokemon: Mimikyu-Busted
|
|upkeep
|turn|4
|
|t:|1779561191
|move|p2a: Mimikyu|Shadow Sneak|p1a: WWakeRBoltCringe
|-supereffective|p1a: WWakeRBoltCringe
|-damage|p1a: WWakeRBoltCringe|0 fnt
|faint|p1a: WWakeRBoltCringe
|-damage|p2a: Mimikyu|78/100 par|[from] item: Life Orb
|
|upkeep
|
|t:|1779561198
|switch|p1a: TakeYoMan|Meowscarada, F|100/100
|turn|5
|
|t:|1779561201
|move|p1a: TakeYoMan|Knock Off|p2a: Mimikyu
|-start|p1a: TakeYoMan|typechange|Dark|[from] ability: Protean
|-damage|p2a: Mimikyu|0 fnt
|-enditem|p2a: Mimikyu|Life Orb|[from] move: Knock Off|[of] p1a: TakeYoMan
|faint|p2a: Mimikyu
|
|upkeep
|
|t:|1779561212
|switch|p2a: Cinderace|Cinderace, F|100/100
|turn|6
|
|t:|1779561216
|switch|p1a: Lm10|Cinderace, F|100/100
|move|p2a: Cinderace|U-turn|p1a: Lm10
|-start|p2a: Cinderace|typechange|Bug|[from] ability: Libero
|-resisted|p1a: Lm10
|-damage|p1a: Lm10|78/100
|
|t:|1779561223
|switch|p2a: Grimmsnarl|Grimmsnarl, M|100/100|[from] U-turn
|
|upkeep
|turn|7
|
|t:|1779561230
|move|p2a: Grimmsnarl|Thunder Wave|p1a: Lm10
|-status|p1a: Lm10|par
|move|p1a: Lm10|U-turn|p2a: Grimmsnarl
|-start|p1a: Lm10|typechange|Bug|[from] ability: Libero
|-damage|p2a: Grimmsnarl|62/100
|
|t:|1779561240
|switch|p1a: Rapunzil|Primarina, F, shiny|100/100|[from] U-turn
|
|-heal|p2a: Grimmsnarl|68/100|[from] item: Leftovers
|upkeep
|turn|8
|
|t:|1779561247
|move|p2a: Grimmsnarl|Thunder Wave|p1a: Rapunzil|[miss]
|-miss|p2a: Grimmsnarl|p1a: Rapunzil
|move|p1a: Rapunzil|Draining Kiss|p2a: Grimmsnarl
|-supereffective|p2a: Grimmsnarl
|-damage|p2a: Grimmsnarl|13/100
|
|-heal|p2a: Grimmsnarl|19/100|[from] item: Leftovers
|upkeep
|turn|9
|
|t:|1779561255
|move|p2a: Grimmsnarl|Thunder Wave|p1a: Rapunzil
|-status|p1a: Rapunzil|par
|move|p1a: Rapunzil|Psychic Noise|p2a: Grimmsnarl
|-damage|p2a: Grimmsnarl|0 fnt
|faint|p2a: Grimmsnarl
|
|upkeep
|
|t:|1779561264
|switch|p2a: Goodra|Goodra-Hisui, F|100/100
|turn|10
|
|t:|1779561270
|move|p2a: Goodra|Thunderbolt|p1a: Rapunzil
|-supereffective|p1a: Rapunzil
|-damage|p1a: Rapunzil|72/100 par
|move|p1a: Rapunzil|Draining Kiss|p2a: Goodra
|-damage|p2a: Goodra|84/100
|-heal|p1a: Rapunzil|84/100 par|[from] drain|[of] p2a: Goodra
|-ability|p2a: Goodra|Gooey
|-unboost|p1a: Rapunzil|spe|1
|
|-heal|p2a: Goodra|90/100|[from] item: Leftovers
|upkeep
|turn|11
|
|t:|1779561282
|move|p2a: Goodra|Thunderbolt|p1a: Rapunzil
|-supereffective|p1a: Rapunzil
|-damage|p1a: Rapunzil|55/100 par
|move|p1a: Rapunzil|Draining Kiss|p2a: Goodra
|-damage|p2a: Goodra|72/100
|-heal|p1a: Rapunzil|68/100 par|[from] drain|[of] p2a: Goodra
|-ability|p2a: Goodra|Gooey
|-unboost|p1a: Rapunzil|spe|1
|
|-heal|p2a: Goodra|78/100|[from] item: Leftovers
|upkeep
|turn|12
|
|t:|1779561293
|move|p2a: Goodra|Surf|p1a: Rapunzil
|-resisted|p1a: Rapunzil
|-damage|p1a: Rapunzil|61/100 par
|move|p1a: Rapunzil|Draining Kiss|p2a: Goodra
|-damage|p2a: Goodra|61/100
|-heal|p1a: Rapunzil|74/100 par|[from] drain|[of] p2a: Goodra
|-ability|p2a: Goodra|Gooey
|-unboost|p1a: Rapunzil|spe|1
|
|-heal|p2a: Goodra|67/100|[from] item: Leftovers
|upkeep
|turn|13
|
|t:|1779561305
|move|p2a: Goodra|Thunderbolt|p1a: Rapunzil
|-supereffective|p1a: Rapunzil
|-damage|p1a: Rapunzil|41/100 par
|move|p1a: Rapunzil|Draining Kiss|p2a: Goodra
|-damage|p2a: Goodra|50/100
|-heal|p1a: Rapunzil|54/100 par|[from] drain|[of] p2a: Goodra
|-ability|p2a: Goodra|Gooey
|-unboost|p1a: Rapunzil|spe|1
|
|-heal|p2a: Goodra|56/100|[from] item: Leftovers
|upkeep
|turn|14
|
|t:|1779561317
|move|p2a: Goodra|Thunderbolt|p1a: Rapunzil
|-supereffective|p1a: Rapunzil
|-damage|p1a: Rapunzil|23/100 par
|move|p1a: Rapunzil|Psychic Noise|p2a: Goodra
|-resisted|p2a: Goodra
|-damage|p2a: Goodra|43/100
|-start|p2a: Goodra|move: Heal Block
|
|upkeep
|turn|15
|
|t:|1779561326
|switch|p2a: Alomomola|Alomomola, M|100/100
|cant|p1a: Rapunzil|par
|
|upkeep
|turn|16
|
|t:|1779561331
|move|p2a: Alomomola|Wish|p2a: Alomomola
|move|p1a: Rapunzil|Draining Kiss|p2a: Alomomola
|-damage|p2a: Alomomola|69/100
|-heal|p1a: Rapunzil|58/100 par|[from] drain|[of] p2a: Alomomola
|-damage|p1a: Rapunzil|42/100 par|[from] item: Rocky Helmet|[of] p2a: Alomomola
|
|upkeep
|turn|17
|
|t:|1779561340
|move|p2a: Alomomola|Flip Turn|p1a: Rapunzil
|-resisted|p1a: Rapunzil
|-damage|p1a: Rapunzil|32/100 par
|
|t:|1779561343
|switch|p2a: Goodra|Goodra-Hisui, F|43/100|[from] Flip Turn
|move|p1a: Rapunzil|Psychic Noise|p2a: Goodra
|-resisted|p2a: Goodra
|-crit|p2a: Goodra
|-damage|p2a: Goodra|24/100
|-start|p2a: Goodra|move: Heal Block
|
|upkeep
|turn|18
|
|t:|1779561353
|move|p2a: Goodra|Thunderbolt|p1a: Rapunzil
|-supereffective|p1a: Rapunzil
|-damage|p1a: Rapunzil|1/100 par
|move|p1a: Rapunzil|Draining Kiss|p2a: Goodra
|-damage|p2a: Goodra|7/100
|-heal|p1a: Rapunzil|14/100 par|[from] drain|[of] p2a: Goodra
|-ability|p2a: Goodra|Gooey
|-unboost|p1a: Rapunzil|spe|1
|
|-end|p2a: Goodra|move: Heal Block
|upkeep
|turn|19
|
|t:|1779561365
|move|p2a: Goodra|Thunderbolt|p1a: Rapunzil
|-supereffective|p1a: Rapunzil
|-damage|p1a: Rapunzil|0 fnt
|faint|p1a: Rapunzil
|
|-heal|p2a: Goodra|13/100|[from] item: Leftovers
|upkeep
|
|t:|1779561371
|switch|p1a: TakeYoMan|Meowscarada, F|100/100
|turn|20
|
|t:|1779561375
|switch|p2a: Cinderace|Cinderace, F|100/100
|move|p1a: TakeYoMan|Knock Off|p2a: Cinderace
|-start|p1a: TakeYoMan|typechange|Dark|[from] ability: Protean
|-damage|p2a: Cinderace|4/100
|-enditem|p2a: Cinderace|Heavy-Duty Boots|[from] move: Knock Off|[of] p1a: TakeYoMan
|
|upkeep
|turn|21
|
|t:|1779561384
|switch|p2a: Alomomola|Alomomola, M|100/100
|move|p1a: TakeYoMan|Knock Off|p2a: Alomomola
|-damage|p2a: Alomomola|64/100
|-damage|p1a: TakeYoMan|84/100|[from] item: Rocky Helmet|[of] p2a: Alomomola
|-enditem|p2a: Alomomola|Rocky Helmet|[from] move: Knock Off|[of] p1a: TakeYoMan
|
|upkeep
|turn|22
|
|t:|1779561393
|switch|p1a: venture|Minior, shiny|100/100
|-formechange|p1a: venture|Minior-Meteor||[from] ability: Shields Down
|-terastallize|p2a: Alomomola|Ghost
|move|p2a: Alomomola|Wish|p2a: Alomomola
|
|upkeep
|turn|23
|
|t:|1779561401
|move|p1a: venture|Shell Smash|p1a: venture
|-unboost|p1a: venture|def|1
|-unboost|p1a: venture|spd|1
|-boost|p1a: venture|atk|2
|-boost|p1a: venture|spa|2
|-boost|p1a: venture|spe|2
|-enditem|p1a: venture|White Herb
|-clearnegativeboost|p1a: venture|[silent]
|move|p2a: Alomomola|Flip Turn|p1a: venture
|-supereffective|p1a: venture
|-damage|p1a: venture|55/100
|
|t:|1779561413
|switch|p2a: Cinderace|Cinderace, F|4/100|[from] Flip Turn
|
|-heal|p2a: Cinderace|93/100|[from] move: Wish|[wisher] Alomomola
|upkeep
|turn|24
|
|t:|1779561421
|move|p2a: Cinderace|Sucker Punch|p1a: venture
|-start|p2a: Cinderace|typechange|Dark|[from] ability: Libero
|-damage|p1a: venture|5/100
|move|p1a: venture|Earthquake|p2a: Cinderace
|-damage|p2a: Cinderace|20/100
|
|-formechange|p1a: venture|Minior||[from] ability: Shields Down
|upkeep
|turn|25
|
|t:|1779561433
|switch|p2a: Alomomola|Alomomola, M, tera:Ghost|97/100
|move|p1a: venture|Shell Smash|p1a: venture
|-unboost|p1a: venture|def|1
|-unboost|p1a: venture|spd|1
|-boost|p1a: venture|atk|2
|-boost|p1a: venture|spa|2
|-boost|p1a: venture|spe|2
|
|upkeep
|turn|26
|
|t:|1779561441
|move|p1a: venture|Acrobatics|p2a: Alomomola
|-damage|p2a: Alomomola|12/100
|move|p2a: Alomomola|Wish|p2a: Alomomola
|
|upkeep
|turn|27
|
|t:|1779561457
|move|p1a: venture|Acrobatics|p2a: Alomomola
|-damage|p2a: Alomomola|0 fnt
|faint|p2a: Alomomola
|
|upkeep
|
|t:|1779561463
|switch|p2a: Cinderace|Cinderace, F|20/100
|turn|28
|
|t:|1779561467
|move|p2a: Cinderace|Sucker Punch||[still]
|-fail|p2a: Cinderace
|move|p1a: venture|Shell Smash|p1a: venture
|-unboost|p1a: venture|def|1
|-unboost|p1a: venture|spd|1
|-boost|p1a: venture|atk|2
|-boost|p1a: venture|spa|2
|-boost|p1a: venture|spe|2
|
|upkeep
|turn|29
|
|t:|1779561475
|move|p2a: Cinderace|Sucker Punch||[still]
|-fail|p2a: Cinderace
|move|p1a: venture|Shell Smash|p1a: venture
|-unboost|p1a: venture|def|1
|-unboost|p1a: venture|spd|1
|-boost|p1a: venture|atk|0
|-boost|p1a: venture|spa|0
|-boost|p1a: venture|spe|0
|
|upkeep
|turn|30
|
|t:|1779561483
|move|p1a: venture|Shell Smash|p1a: venture
|-unboost|p1a: venture|def|1
|-unboost|p1a: venture|spd|1
|-boost|p1a: venture|atk|0
|-boost|p1a: venture|spa|0
|-boost|p1a: venture|spe|0
|move|p2a: Cinderace|Pyro Ball|p1a: venture
|-resisted|p1a: venture
|-damage|p1a: venture|0 fnt
|faint|p1a: venture
|
|upkeep
|
|t:|1779561489
|switch|p1a: TakeYoMan|Meowscarada, F|84/100
|turn|31
|
|t:|1779561495
|move|p1a: TakeYoMan|Knock Off|p2a: Cinderace
|-start|p1a: TakeYoMan|typechange|Dark|[from] ability: Protean
|-damage|p2a: Cinderace|0 fnt
|faint|p2a: Cinderace
|
|upkeep
|-message|jtchad forfeited.
|
|win|hattybatty304
|raw|hattybatty304's rating: 1373 &rarr; <strong>1392</strong><br />(+19 for winning)
|raw|jtchad's rating: 1350 &rarr; <strong>1331</strong><br />(-19 for losing)
|l|☆jtchad
|player|p2|
|l|☆hattybatty304
|player|p1|
