|j|☆Literally Trish
|j|☆123zxcv
|t:|1779664202
|gametype|singles
|player|p1|Literally Trish|bianca|1031
|player|p2|123zxcv|266|1052
|gen|9
|tier|[Gen 9] OU
|rated|
|rule|HP Percentage Mod: HP is shown in percentages
|rule|Endless Battle Clause: Forcing endless battles is banned
|rule|Species Clause: Limit one of each Pokémon
|rule|OHKO Clause: OHKO moves are banned
|rule|Evasion Items Clause: Evasion items are banned
|rule|Evasion Moves Clause: Evasion moves are banned
|rule|Evasion Abilities Clause: Evasion abilities are banned
|rule|Sleep Moves Clause: Sleep-inducing moves are banned
|clearpoke
|poke|p1|Iron Valiant|
|poke|p1|Fezandipiti, M|
|poke|p1|Empoleon, M|
|poke|p1|Infernape, M|
|poke|p1|Bronzong|
|poke|p1|Rotom-Fan|
|poke|p2|Tyranitar, F|
|poke|p2|Dragonite, M|
|poke|p2|Gliscor, M|
|poke|p2|Alomomola, M|
|poke|p2|Corviknight, M|
|poke|p2|Enamorus, F|
|teampreview
|inactive|Battle timer is ON: inactive players will automatically lose when time's up. (requested by 123zxcv)
|
|t:|1779664209
|teamsize|p1|6
|teamsize|p2|6
|start
|switch|p1a: Abbacchio|Bronzong|100/100
|switch|p2a: Tyranitar|Tyranitar, F|100/100
|-weather|Sandstorm|[from] ability: Sand Stream|[of] p2a: Tyranitar
|turn|1
|
|t:|1779664215
|move|p2a: Tyranitar|Knock Off|p1a: Abbacchio
|-supereffective|p1a: Abbacchio
|-damage|p1a: Abbacchio|0 fnt
|-enditem|p1a: Abbacchio|Leftovers|[from] move: Knock Off|[of] p2a: Tyranitar
|faint|p1a: Abbacchio
|
|-weather|Sandstorm|[upkeep]
|upkeep
|
|t:|1779664223
|switch|p1a: Giorno|Iron Valiant|100/100
|-enditem|p1a: Giorno|Booster Energy
|-activate|p1a: Giorno|ability: Quark Drive|[fromitem]
|-start|p1a: Giorno|quarkdrivespe
|turn|2
|
|t:|1779664233
|move|p1a: Giorno|Close Combat|p2a: Tyranitar
|-supereffective|p2a: Tyranitar
|-damage|p2a: Tyranitar|0 fnt
|-unboost|p1a: Giorno|def|1
|-unboost|p1a: Giorno|spd|1
|faint|p2a: Tyranitar
|
|-weather|Sandstorm|[upkeep]
|-damage|p1a: Giorno|94/100|[from] Sandstorm
|upkeep
|
|t:|1779664238
|switch|p2a: Enamorus|Enamorus, F|100/100
|turn|3
|
|t:|1779664244
|move|p1a: Giorno|Moonblast|p2a: Enamorus
|-damage|p2a: Enamorus|63/100
|move|p2a: Enamorus|Moonblast|p1a: Giorno
|-supereffective|p1a: Giorno
|-damage|p1a: Giorno|0 fnt
|faint|p1a: Giorno
|-end|p1a: Giorno|Quark Drive|[silent]
|
|-weather|Sandstorm|[upkeep]
|-damage|p2a: Enamorus|57/100|[from] Sandstorm
|upkeep
|
|t:|1779664255
|switch|p1a: Bucciarati|Empoleon, M, shiny|100/100
|turn|4
|
|t:|1779664258
|move|p2a: Enamorus|Superpower|p1a: Bucciarati
|-supereffective|p1a: Bucciarati
|-damage|p1a: Bucciarati|45/100
|-boost|p2a: Enamorus|atk|1
|-boost|p2a: Enamorus|def|1
|move|p1a: Bucciarati|Ice Beam|p2a: Enamorus
|-supereffective|p2a: Enamorus
|-damage|p2a: Enamorus|1/100
|
|-weather|Sandstorm|[upkeep]
|-damage|p2a: Enamorus|0 fnt|[from] Sandstorm
|faint|p2a: Enamorus
|-heal|p1a: Bucciarati|51/100|[from] item: Leftovers
|upkeep
|
|t:|1779664268
|switch|p2a: Dragonite|Dragonite, M|100/100
|turn|5
|
|t:|1779664271
|-terastallize|p2a: Dragonite|Steel
|move|p2a: Dragonite|Dragon Dance|p2a: Dragonite
|-boost|p2a: Dragonite|atk|1
|-boost|p2a: Dragonite|spe|1
|move|p1a: Bucciarati|Ice Beam|p2a: Dragonite
|-resisted|p2a: Dragonite
|-damage|p2a: Dragonite|92/100
|-status|p2a: Dragonite|frz
|
|-weather|none
|-heal|p1a: Bucciarati|57/100|[from] item: Leftovers
|upkeep
|turn|6
|
|t:|1779664278
|switch|p1a: MISTA MISTA|Infernape, M, shiny|100/100
|cant|p2a: Dragonite|frz
|
|upkeep
|turn|7
|
|t:|1779664283
|switch|p2a: Alomomola|Alomomola, M|100/100
|move|p1a: MISTA MISTA|Nasty Plot|p1a: MISTA MISTA
|-boost|p1a: MISTA MISTA|spa|2
|
|upkeep
|turn|8
|
|t:|1779664288
|-terastallize|p1a: MISTA MISTA|Fighting
|move|p1a: MISTA MISTA|Aura Sphere|p2a: Alomomola
|-damage|p2a: Alomomola|15/100
|move|p2a: Alomomola|Wish|p2a: Alomomola
|
|upkeep
|turn|9
|
|t:|1779664297
|switch|p2a: Dragonite|Dragonite, M, tera:Steel|92/100 frz
|move|p1a: MISTA MISTA|Aura Sphere|p2a: Dragonite
|-supereffective|p2a: Dragonite
|-damage|p2a: Dragonite|0 fnt
|faint|p2a: Dragonite
|
|upkeep
|
|t:|1779664302
|switch|p2a: Alomomola|Alomomola, M|48/100
|turn|10
|-message|123zxcv forfeited.
|
|win|Literally Trish
|raw|Literally Trish's rating: 1031 &rarr; <strong>1068</strong><br />(+37 for winning)
|raw|123zxcv's rating: 1052 &rarr; <strong>1033</strong><br />(-19 for losing)
|l|☆123zxcv
|player|p2|
|l|☆Literally Trish
|player|p1|
|j|☆Literally Trish
|player|p1|Literally Trish|bianca|
