|j|☆we9fuw0e9fuwe09fu
|j|☆beentheredonepat
|t:|1779696190
|gametype|singles
|player|p1|we9fuw0e9fuwe09fu|2|1400
|player|p2|beentheredonepat|spark-casual|1323
|gen|9
|tier|[Gen 9] OU
|rated|
|rule|HP Percentage Mod: HP is shown in percentages
|rule|Endless Battle Clause: Forcing endless battles is banned
|rule|Species Clause: Limit one of each Pokémon
|rule|OHKO Clause: OHKO moves are banned
|rule|Evasion Items Clause: Evasion items are banned
|rule|Evasion Moves Clause: Evasion moves are banned
|rule|Evasion Abilities Clause: Evasion abilities are banned
|rule|Sleep Moves Clause: Sleep-inducing moves are banned
|clearpoke
|poke|p1|Garganacl, M|
|poke|p1|Darkrai|
|poke|p1|Great Tusk|
|poke|p1|Hatterene, F|
|poke|p1|Tornadus-Therian, M|
|poke|p1|Dragonite, M|
|poke|p2|Typhlosion, M|
|poke|p2|Ninetales, F|
|poke|p2|Torkoal, M|
|poke|p2|Shiftry, M|
|poke|p2|Hatterene, F|
|poke|p2|Blissey, F|
|teampreview
|inactive|Battle timer is ON: inactive players will automatically lose when time's up. (requested by beentheredonepat)
|
|t:|1779696196
|teamsize|p1|6
|teamsize|p2|6
|start
|switch|p1a: Tornadus|Tornadus-Therian, M, shiny|100/100
|switch|p2a: Ninetales|Ninetales, F|100/100
|-weather|SunnyDay|[from] ability: Drought|[of] p2a: Ninetales
|turn|1
|
|t:|1779696198
|move|p1a: Tornadus|Bleakwind Storm|p2a: Ninetales|[miss]
|-miss|p1a: Tornadus|p2a: Ninetales
|move|p2a: Ninetales|Overheat|p1a: Tornadus
|-damage|p1a: Tornadus|58/100
|-unboost|p2a: Ninetales|spa|2
|-enditem|p2a: Ninetales|Eject Pack
|
|t:|1779696220
|switch|p2a: Torkoal|Torkoal, M|100/100
|
|-weather|SunnyDay|[upkeep]
|upkeep
|turn|2
|
|t:|1779696224
|switch|p1a: Hatterene|Hatterene, F|100/100
|move|p2a: Torkoal|Stealth Rock|p1a: Hatterene
|move|p1a: Hatterene|Stealth Rock|p2a: Torkoal|[from] ability: Magic Bounce
|-sidestart|p2: beentheredonepat|move: Stealth Rock
|
|-weather|SunnyDay|[upkeep]
|upkeep
|turn|3
|
|t:|1779696227
|move|p2a: Torkoal|Rapid Spin|p1a: Hatterene
|-damage|p1a: Hatterene|92/100
|-boost|p2a: Torkoal|spe|1
|-damage|p2a: Torkoal|84/100|[from] item: Rocky Helmet|[of] p1a: Hatterene
|-sideend|p2: beentheredonepat|Stealth Rock|[from] move: Rapid Spin|[of] p2a: Torkoal
|move|p1a: Hatterene|Future Sight|p2a: Torkoal
|-start|p1a: Hatterene|move: Future Sight
|
|-weather|SunnyDay|[upkeep]
|upkeep
|turn|4
|
|t:|1779696232
|switch|p2a: Blissey|Blissey, F|100/100
|move|p1a: Hatterene|Nuzzle|p2a: Blissey
|-damage|p2a: Blissey|93/100
|-status|p2a: Blissey|par
|
|-weather|SunnyDay|[upkeep]
|upkeep
|turn|5
|
|t:|1779696236
|switch|p1a: Garganacl|Garganacl, M|100/100
|cant|p2a: Blissey|par
|
|-weather|none
|-end|p2a: Blissey|move: Future Sight
|-crit|p2a: Blissey
|-damage|p2a: Blissey|67/100 par
|upkeep
|turn|6
|
|t:|1779696242
|switch|p2a: Hatterene|Hatterene, F|100/100
|move|p1a: Garganacl|Stealth Rock|p2a: Hatterene
|move|p2a: Hatterene|Stealth Rock|p1a: Garganacl|[from] ability: Magic Bounce
|-sidestart|p1: we9fuw0e9fuwe09fu|move: Stealth Rock
|
|upkeep
|turn|7
|
|t:|1779696249
|move|p1a: Garganacl|Salt Cure|p2a: Hatterene
|-damage|p2a: Hatterene|87/100
|-start|p2a: Hatterene|Salt Cure
|move|p2a: Hatterene|Calm Mind|p2a: Hatterene
|-boost|p2a: Hatterene|spa|1
|-boost|p2a: Hatterene|spd|1
|
|-heal|p2a: Hatterene|93/100|[from] item: Leftovers
|-damage|p2a: Hatterene|81/100|[from] Salt Cure
|upkeep
|turn|8
|
|t:|1779696253
|switch|p1a: Tornadus|Tornadus-Therian, M, shiny|91/100
|-damage|p1a: Tornadus|66/100|[from] Stealth Rock
|move|p2a: Hatterene|Calm Mind|p2a: Hatterene
|-boost|p2a: Hatterene|spa|1
|-boost|p2a: Hatterene|spd|1
|
|-heal|p2a: Hatterene|87/100|[from] item: Leftovers
|-damage|p2a: Hatterene|75/100|[from] Salt Cure
|upkeep
|turn|9
|
|t:|1779696258
|move|p1a: Tornadus|Knock Off|p2a: Hatterene
|-damage|p2a: Hatterene|58/100
|-enditem|p2a: Hatterene|Leftovers|[from] move: Knock Off|[of] p1a: Tornadus
|move|p2a: Hatterene|Dazzling Gleam|p1a: Tornadus
|-damage|p1a: Tornadus|15/100
|
|-damage|p2a: Hatterene|46/100|[from] Salt Cure
|upkeep
|turn|10
|
|t:|1779696262
|move|p1a: Tornadus|U-turn|p2a: Hatterene
|-damage|p2a: Hatterene|33/100
|
|t:|1779696265
|switch|p1a: Garganacl|Garganacl, M|100/100|[from] U-turn
|-damage|p1a: Garganacl|88/100|[from] Stealth Rock
|move|p2a: Hatterene|Dazzling Gleam|p1a: Garganacl
|-damage|p1a: Garganacl|39/100
|
|-heal|p1a: Garganacl|45/100|[from] item: Leftovers
|-damage|p2a: Hatterene|21/100|[from] Salt Cure
|upkeep
|turn|11
|
|t:|1779696270
|move|p1a: Garganacl|Protect|p1a: Garganacl
|-singleturn|p1a: Garganacl|Protect
|move|p2a: Hatterene|Dazzling Gleam|p1a: Garganacl
|-activate|p1a: Garganacl|move: Protect
|
|-heal|p1a: Garganacl|51/100|[from] item: Leftovers
|-damage|p2a: Hatterene|9/100|[from] Salt Cure
|upkeep
|turn|12
|
|t:|1779696280
|move|p1a: Garganacl|Stealth Rock|p2a: Hatterene
|move|p2a: Hatterene|Stealth Rock||[from] ability: Magic Bounce|[still]
|-fail|p2a: Hatterene
|move|p2a: Hatterene|Dazzling Gleam|p1a: Garganacl
|-crit|p1a: Garganacl
|-damage|p1a: Garganacl|0 fnt
|faint|p1a: Garganacl
|
|-damage|p2a: Hatterene|0 fnt|[from] Salt Cure
|faint|p2a: Hatterene
|upkeep
|
|t:|1779696294
|switch|p1a: Great Tusk|Great Tusk|100/100
|switch|p2a: Typhlosion|Typhlosion, M|100/100
|-damage|p1a: Great Tusk|98/100|[from] Stealth Rock
|-enditem|p1a: Great Tusk|Booster Energy
|-activate|p1a: Great Tusk|ability: Protosynthesis|[fromitem]
|-start|p1a: Great Tusk|protosynthesisatk
|turn|13
|
|t:|1779696298
|-terastallize|p2a: Typhlosion|Fire
|move|p2a: Typhlosion|Eruption|p1a: Great Tusk
|-damage|p1a: Great Tusk|0 fnt
|faint|p1a: Great Tusk
|-end|p1a: Great Tusk|Protosynthesis|[silent]
|
|upkeep
|
|t:|1779696309
|switch|p1a: Dragonite|Dragonite, M|100/100
|-damage|p1a: Dragonite|76/100|[from] Stealth Rock
|turn|14
|
|t:|1779696313
|-terastallize|p1a: Dragonite|Normal
|move|p1a: Dragonite|Extreme Speed|p2a: Typhlosion
|-damage|p2a: Typhlosion|23/100
|move|p2a: Typhlosion|Eruption|p1a: Dragonite
|-damage|p1a: Dragonite|53/100
|
|upkeep
|turn|15
|
|t:|1779696319
|switch|p2a: Blissey|Blissey, F|67/100 par
|move|p1a: Dragonite|Roost|p1a: Dragonite
|-heal|p1a: Dragonite|100/100
|
|upkeep
|turn|16
|
|t:|1779696323
|move|p1a: Dragonite|Extreme Speed|p2a: Blissey
|-damage|p2a: Blissey|0 fnt
|faint|p2a: Blissey
|
|upkeep
|
|t:|1779696326
|switch|p2a: Shiftry|Shiftry, M|100/100
|turn|17
|
|t:|1779696333
|switch|p1a: Hatterene|Hatterene, F|92/100
|-damage|p1a: Hatterene|79/100|[from] Stealth Rock
|move|p2a: Shiftry|Explosion|p1a: Hatterene
|-damage|p1a: Hatterene|21/100
|faint|p2a: Shiftry
|
|upkeep
|
|t:|1779696341
|switch|p2a: Typhlosion|Typhlosion, M, tera:Fire|23/100
|turn|18
|
|t:|1779696347
|move|p2a: Typhlosion|Flamethrower|p1a: Hatterene
|-damage|p1a: Hatterene|0 fnt
|faint|p1a: Hatterene
|
|upkeep
|
|t:|1779696352
|switch|p1a: Dragonite|Dragonite, M, tera:Normal|100/100
|-damage|p1a: Dragonite|88/100|[from] Stealth Rock
|turn|19
|
|t:|1779696356
|switch|p2a: Torkoal|Torkoal, M|84/100
|-weather|SunnyDay|[from] ability: Drought|[of] p2a: Torkoal
|switch|p1a: Darkrai|Darkrai|100/100
|-damage|p1a: Darkrai|88/100|[from] Stealth Rock
|
|-weather|SunnyDay|[upkeep]
|upkeep
|turn|20
|
|t:|1779696361
|move|p1a: Darkrai|Dark Pulse|p2a: Torkoal
|-crit|p2a: Torkoal
|-damage|p2a: Torkoal|0 fnt
|faint|p2a: Torkoal
|
|-weather|SunnyDay|[upkeep]
|upkeep
|
|t:|1779696366
|switch|p2a: Typhlosion|Typhlosion, M, tera:Fire|23/100
|turn|21
|
|t:|1779696371
|switch|p1a: Tornadus|Tornadus-Therian, M, shiny|48/100
|-damage|p1a: Tornadus|23/100|[from] Stealth Rock
|move|p2a: Typhlosion|Flamethrower|p1a: Tornadus
|-damage|p1a: Tornadus|0 fnt
|faint|p1a: Tornadus
|
|-weather|SunnyDay|[upkeep]
|upkeep
|
|t:|1779696373
|switch|p1a: Dragonite|Dragonite, M, tera:Normal|88/100
|-damage|p1a: Dragonite|76/100|[from] Stealth Rock
|turn|22
|
|t:|1779696379
|switch|p2a: Ninetales|Ninetales, F|100/100
|move|p1a: Dragonite|Extreme Speed|p2a: Ninetales
|-crit|p2a: Ninetales
|-damage|p2a: Ninetales|1/100
|
|-weather|SunnyDay|[upkeep]
|upkeep
|turn|23
|c|☆we9fuw0e9fuwe09fu|Gg
|
|t:|1779696386
|move|p1a: Dragonite|Extreme Speed|p2a: Ninetales
|-damage|p2a: Ninetales|0 fnt
|faint|p2a: Ninetales
|
|-weather|SunnyDay|[upkeep]
|upkeep
|-message|beentheredonepat forfeited.
|
|win|we9fuw0e9fuwe09fu
|raw|we9fuw0e9fuwe09fu's rating: 1400 &rarr; <strong>1416</strong><br />(+16 for winning)
|raw|beentheredonepat's rating: 1323 &rarr; <strong>1307</strong><br />(-16 for losing)
|l|☆beentheredonepat
|player|p2|
|l|☆we9fuw0e9fuwe09fu
|player|p1|
