|j|‽9viciousrend
|j|☆hat_fm
|t:|1779626711
|gametype|singles
|player|p1|9viciousrend|roxie|1322
|player|p2|hat_fm|pilot|1348
|gen|9
|tier|[Gen 9] OU
|rated|
|rule|HP Percentage Mod: HP is shown in percentages
|rule|Endless Battle Clause: Forcing endless battles is banned
|rule|Species Clause: Limit one of each Pokémon
|rule|OHKO Clause: OHKO moves are banned
|rule|Evasion Items Clause: Evasion items are banned
|rule|Evasion Moves Clause: Evasion moves are banned
|rule|Evasion Abilities Clause: Evasion abilities are banned
|rule|Sleep Moves Clause: Sleep-inducing moves are banned
|clearpoke
|poke|p1|Dragonite, F|
|poke|p1|Toxapex, F|
|poke|p1|Metagross|
|poke|p1|Clefable, F|
|poke|p1|Ting-Lu|
|poke|p1|Heatran, M|
|poke|p2|Zamazenta-*|
|poke|p2|Ceruledge, M|
|poke|p2|Scizor, M|
|poke|p2|Donphan, M|
|poke|p2|Lycanroc-Dusk, F|
|poke|p2|Florges, F|
|teampreview
|
|t:|1779626732
|teamsize|p1|6
|teamsize|p2|6
|start
|switch|p1a: Ting-Lu|Ting-Lu, shiny|100/100
|switch|p2a: Donphan|Donphan, M|100/100
|-ability|p1a: Ting-Lu|Vessel of Ruin
|turn|1
|
|t:|1779626740
|move|p2a: Donphan|Stealth Rock|p1a: Ting-Lu
|-sidestart|p1: 9viciousrend|move: Stealth Rock
|move|p1a: Ting-Lu|Ruination|p2a: Donphan
|-damage|p2a: Donphan|50/100
|
|upkeep
|turn|2
|
|t:|1779626747
|move|p2a: Donphan|Earthquake|p1a: Ting-Lu
|-crit|p1a: Ting-Lu
|-damage|p1a: Ting-Lu|64/100
|move|p1a: Ting-Lu|Ruination|p2a: Donphan|[miss]
|-miss|p1a: Ting-Lu|p2a: Donphan
|
|-heal|p1a: Ting-Lu|70/100|[from] item: Leftovers
|upkeep
|turn|3
|
|t:|1779626752
|move|p2a: Donphan|Earthquake|p1a: Ting-Lu
|-damage|p1a: Ting-Lu|47/100
|move|p1a: Ting-Lu|Ruination|p2a: Donphan
|-damage|p2a: Donphan|25/100
|
|-heal|p1a: Ting-Lu|53/100|[from] item: Leftovers
|upkeep
|turn|4
|
|t:|1779626758
|move|p2a: Donphan|Earthquake|p1a: Ting-Lu
|-damage|p1a: Ting-Lu|30/100
|move|p1a: Ting-Lu|Earthquake|p2a: Donphan
|-damage|p2a: Donphan|4/100
|
|-heal|p1a: Ting-Lu|36/100|[from] item: Leftovers
|upkeep
|turn|5
|
|t:|1779626773
|move|p2a: Donphan|Earthquake|p1a: Ting-Lu
|-damage|p1a: Ting-Lu|13/100
|move|p1a: Ting-Lu|Earthquake|p2a: Donphan
|-damage|p2a: Donphan|0 fnt
|faint|p2a: Donphan
|
|-heal|p1a: Ting-Lu|19/100|[from] item: Leftovers
|upkeep
|
|t:|1779626781
|switch|p2a: Ceruledge|Ceruledge, M|100/100
|turn|6
|
|t:|1779626787
|switch|p1a: Toxapex|Toxapex, F, shiny|100/100
|move|p2a: Ceruledge|Bitter Blade|p1a: Toxapex
|-resisted|p1a: Toxapex
|-damage|p1a: Toxapex|86/100
|
|upkeep
|turn|7
|
|t:|1779626814
|switch|p2a: Scizor|Scizor, M|100/100
|move|p1a: Toxapex|Surf|p2a: Scizor
|-damage|p2a: Scizor|77/100
|
|upkeep
|turn|8
|
|t:|1779626826
|move|p2a: Scizor|Swords Dance|p2a: Scizor
|-boost|p2a: Scizor|atk|2
|move|p1a: Toxapex|Surf|p2a: Scizor
|-damage|p2a: Scizor|54/100
|
|upkeep
|turn|9
|
|t:|1779626834
|move|p2a: Scizor|Knock Off|p1a: Toxapex
|-damage|p1a: Toxapex|27/100
|-enditem|p1a: Toxapex|Heavy-Duty Boots|[from] move: Knock Off|[of] p2a: Scizor
|-damage|p2a: Scizor|44/100|[from] item: Life Orb
|move|p1a: Toxapex|Haze|p1a: Toxapex
|-clearallboost
|
|upkeep
|turn|10
|
|t:|1779626849
|move|p2a: Scizor|U-turn|p1a: Toxapex
|-resisted|p1a: Toxapex
|-damage|p1a: Toxapex|11/100
|-damage|p2a: Scizor|34/100|[from] item: Life Orb
|
|t:|1779626856
|switch|p2a: Florges|Florges, F|100/100|[from] U-turn
|move|p1a: Toxapex|Recover|p1a: Toxapex
|-heal|p1a: Toxapex|62/100
|
|upkeep
|turn|11
|
|t:|1779626879
|-terastallize|p2a: Florges|Grass
|move|p2a: Florges|Psychic Noise|p1a: Toxapex
|-supereffective|p1a: Toxapex
|-damage|p1a: Toxapex|19/100
|-start|p1a: Toxapex|move: Heal Block
|move|p1a: Toxapex|Toxic|p2a: Florges
|-block|p2a: Florges|ability: Flower Veil|[of] p2a: Florges
|
|upkeep
|turn|12
|
|t:|1779626899
|switch|p2a: Lycanroc|Lycanroc-Dusk, F|100/100
|switch|p1a: Heatran|Heatran, M, shiny|100/100
|-damage|p1a: Heatran|88/100|[from] Stealth Rock
|-item|p1a: Heatran|Air Balloon
|
|upkeep
|turn|13
|
|t:|1779626944
|switch|p1a: Ting-Lu|Ting-Lu, shiny|19/100
|-damage|p1a: Ting-Lu|13/100|[from] Stealth Rock
|-ability|p1a: Ting-Lu|Vessel of Ruin
|move|p2a: Lycanroc|Stone Edge|p1a: Ting-Lu
|-resisted|p1a: Ting-Lu
|-crit|p1a: Ting-Lu
|-damage|p1a: Ting-Lu|0 fnt
|faint|p1a: Ting-Lu
|-damage|p2a: Lycanroc|91/100|[from] item: Life Orb
|
|upkeep
|
|t:|1779626964
|switch|p1a: Metagross|Metagross, shiny|100/100
|-damage|p1a: Metagross|95/100|[from] Stealth Rock
|turn|14
|
|t:|1779626978
|switch|p2a: Ceruledge|Ceruledge, M|100/100
|move|p1a: Metagross|Bullet Punch|p2a: Ceruledge
|-resisted|p2a: Ceruledge
|-damage|p2a: Ceruledge|76/100
|-ability|p2a: Ceruledge|Weak Armor|boost
|-unboost|p2a: Ceruledge|def|1
|-boost|p2a: Ceruledge|spe|2
|
|upkeep
|turn|15
|
|t:|1779627007
|switch|p1a: Dragonite|Dragonite, F, shiny|100/100
|move|p2a: Ceruledge|Poltergeist|p1a: Dragonite
|-activate|p1a: Dragonite|move: Poltergeist|Heavy-Duty Boots
|-damage|p1a: Dragonite|74/100
|
|upkeep
|turn|16
|
|t:|1779627031
|switch|p2a: Zamazenta|Zamazenta|100/100
|-ability|p2a: Zamazenta|Dauntless Shield|boost
|-boost|p2a: Zamazenta|def|1
|move|p1a: Dragonite|Roost|p1a: Dragonite
|-heal|p1a: Dragonite|100/100
|-singleturn|p1a: Dragonite|move: Roost
|
|upkeep
|turn|17
|
|t:|1779627053
|move|p2a: Zamazenta|Iron Defense|p2a: Zamazenta
|-boost|p2a: Zamazenta|def|2
|move|p1a: Dragonite|Hurricane|p2a: Zamazenta|[miss]
|-miss|p1a: Dragonite|p2a: Zamazenta
|
|upkeep
|turn|18
|
|t:|1779627058
|move|p2a: Zamazenta|Iron Defense|p2a: Zamazenta
|-boost|p2a: Zamazenta|def|2
|move|p1a: Dragonite|Hurricane|p2a: Zamazenta
|-supereffective|p2a: Zamazenta
|-damage|p2a: Zamazenta|23/100
|
|-heal|p2a: Zamazenta|29/100|[from] item: Leftovers
|upkeep
|turn|19
|
|t:|1779627065
|move|p2a: Zamazenta|Body Press|p1a: Dragonite
|-resisted|p1a: Dragonite
|-damage|p1a: Dragonite|73/100
|move|p1a: Dragonite|Hurricane|p2a: Zamazenta|[miss]
|-miss|p1a: Dragonite|p2a: Zamazenta
|
|-heal|p2a: Zamazenta|36/100|[from] item: Leftovers
|upkeep
|turn|20
|
|t:|1779627073
|move|p2a: Zamazenta|Body Press|p1a: Dragonite
|-resisted|p1a: Dragonite
|-damage|p1a: Dragonite|13/100
|move|p1a: Dragonite|Hurricane|p2a: Zamazenta|[miss]
|-miss|p1a: Dragonite|p2a: Zamazenta
|
|-heal|p2a: Zamazenta|42/100|[from] item: Leftovers
|upkeep
|turn|21
|
|t:|1779627100
|move|p2a: Zamazenta|Body Press|p1a: Dragonite
|-resisted|p1a: Dragonite
|-damage|p1a: Dragonite|0 fnt
|faint|p1a: Dragonite
|
|-heal|p2a: Zamazenta|48/100|[from] item: Leftovers
|upkeep
|
|t:|1779627102
|switch|p1a: Toxapex|Toxapex, F, shiny|53/100
|-damage|p1a: Toxapex|40/100|[from] Stealth Rock
|turn|22
|
|t:|1779627113
|move|p2a: Zamazenta|Body Press|p1a: Toxapex
|-resisted|p1a: Toxapex
|-damage|p1a: Toxapex|6/100
|move|p1a: Toxapex|Recover|p1a: Toxapex
|-heal|p1a: Toxapex|56/100
|
|-heal|p2a: Zamazenta|54/100|[from] item: Leftovers
|upkeep
|turn|23
|
|t:|1779627125
|move|p2a: Zamazenta|Body Press|p1a: Toxapex
|-resisted|p1a: Toxapex
|-damage|p1a: Toxapex|15/100
|move|p1a: Toxapex|Recover|p1a: Toxapex
|-heal|p1a: Toxapex|65/100
|
|-heal|p2a: Zamazenta|60/100|[from] item: Leftovers
|upkeep
|turn|24
|
|t:|1779627133
|move|p2a: Zamazenta|Crunch|p1a: Toxapex
|-damage|p1a: Toxapex|52/100
|move|p1a: Toxapex|Recover|p1a: Toxapex
|-heal|p1a: Toxapex|100/100
|
|-heal|p2a: Zamazenta|66/100|[from] item: Leftovers
|upkeep
|turn|25
|
|t:|1779627143
|switch|p2a: Scizor|Scizor, M|34/100
|move|p1a: Toxapex|Haze|p1a: Toxapex
|-clearallboost
|
|upkeep
|turn|26
|
|t:|1779627146
|move|p2a: Scizor|U-turn|p1a: Toxapex
|-resisted|p1a: Toxapex
|-damage|p1a: Toxapex|83/100
|-damage|p2a: Scizor|24/100|[from] item: Life Orb
|
|t:|1779627150
|switch|p2a: Lycanroc|Lycanroc-Dusk, F|91/100|[from] U-turn
|move|p1a: Toxapex|Surf|p2a: Lycanroc
|-supereffective|p2a: Lycanroc
|-damage|p2a: Lycanroc|28/100
|
|upkeep
|turn|27
|
|t:|1779627165
|move|p2a: Lycanroc|Zen Headbutt|p1a: Toxapex
|-supereffective|p1a: Toxapex
|-damage|p1a: Toxapex|21/100
|-damage|p2a: Lycanroc|18/100|[from] item: Life Orb
|move|p1a: Toxapex|Surf|p2a: Lycanroc
|-supereffective|p2a: Lycanroc
|-damage|p2a: Lycanroc|0 fnt
|faint|p2a: Lycanroc
|
|upkeep
|
|t:|1779627182
|switch|p2a: Florges|Florges, F, tera:Grass|100/100
|turn|28
|
|t:|1779627196
|switch|p1a: Heatran|Heatran, M, shiny|88/100
|-damage|p1a: Heatran|76/100|[from] Stealth Rock
|-item|p1a: Heatran|Air Balloon
|move|p2a: Florges|Moonblast|p1a: Heatran
|-resisted|p1a: Heatran
|-damage|p1a: Heatran|66/100
|-unboost|p1a: Heatran|spa|1
|-enditem|p1a: Heatran|Air Balloon
|
|upkeep
|turn|29
|
|t:|1779627209
|move|p1a: Heatran|Magma Storm|p2a: Florges
|-supereffective|p2a: Florges
|-damage|p2a: Florges|45/100
|-activate|p2a: Florges|move: Magma Storm|[of] p1a: Heatran
|move|p2a: Florges|Calm Mind|p2a: Florges
|-boost|p2a: Florges|spa|1
|-boost|p2a: Florges|spd|1
|
|-heal|p2a: Florges|51/100|[from] item: Leftovers
|-damage|p2a: Florges|39/100|[from] move: Magma Storm|[partiallytrapped]
|upkeep
|turn|30
|
|t:|1779627219
|move|p1a: Heatran|Magma Storm|p2a: Florges
|-supereffective|p2a: Florges
|-crit|p2a: Florges
|-damage|p2a: Florges|0 fnt
|faint|p2a: Florges
|
|upkeep
|
|t:|1779627223
|switch|p2a: Zamazenta|Zamazenta|66/100
|turn|31
|
|t:|1779627246
|move|p2a: Zamazenta|Body Press|p1a: Heatran
|-supereffective|p1a: Heatran
|-damage|p1a: Heatran|10/100
|move|p1a: Heatran|Will-O-Wisp|p2a: Zamazenta
|-status|p2a: Zamazenta|brn
|
|-heal|p2a: Zamazenta|72/100 brn|[from] item: Leftovers
|-damage|p2a: Zamazenta|66/100 brn|[from] brn
|upkeep
|turn|32
|
|t:|1779627264
|switch|p2a: Ceruledge|Ceruledge, M|76/100
|move|p1a: Heatran|Magma Storm|p2a: Ceruledge|[miss]
|-miss|p1a: Heatran|p2a: Ceruledge
|
|upkeep
|turn|33
|
|t:|1779627273
|move|p2a: Ceruledge|Shadow Sneak|p1a: Heatran
|-damage|p1a: Heatran|0 fnt
|faint|p1a: Heatran
|
|upkeep
|
|t:|1779627279
|switch|p1a: Toxapex|Toxapex, F, shiny|55/100
|-damage|p1a: Toxapex|42/100|[from] Stealth Rock
|turn|34
|
|t:|1779627288
|move|p2a: Ceruledge|Bitter Blade|p1a: Toxapex
|-resisted|p1a: Toxapex
|-damage|p1a: Toxapex|29/100
|-heal|p2a: Ceruledge|84/100|[from] drain|[of] p1a: Toxapex
|move|p1a: Toxapex|Recover|p1a: Toxapex
|-heal|p1a: Toxapex|79/100
|
|upkeep
|turn|35
|-message|hat_fm forfeited.
|
|win|9viciousrend
|raw|9viciousrend's rating: 1322 &rarr; <strong>1343</strong><br />(+21 for winning)
|raw|hat_fm's rating: 1348 &rarr; <strong>1327</strong><br />(-21 for losing)
|l|☆hat_fm
|player|p2|
|l|‽9viciousrend
|player|p1|
