|j|☆lbjdagoat67
|j|☆Literally Trish
|t:|1779678313
|gametype|singles
|player|p1|lbjdagoat67|giovanni|1165
|player|p2|Literally Trish|bianca|1179
|gen|9
|tier|[Gen 9] OU
|rated|
|rule|HP Percentage Mod: HP is shown in percentages
|rule|Endless Battle Clause: Forcing endless battles is banned
|rule|Species Clause: Limit one of each Pokémon
|rule|OHKO Clause: OHKO moves are banned
|rule|Evasion Items Clause: Evasion items are banned
|rule|Evasion Moves Clause: Evasion moves are banned
|rule|Evasion Abilities Clause: Evasion abilities are banned
|rule|Sleep Moves Clause: Sleep-inducing moves are banned
|clearpoke
|poke|p1|Dondozo, F|
|poke|p1|Great Tusk|
|poke|p1|Moltres|
|poke|p1|Dragonite, F|
|poke|p1|Slowking-Galar, F|
|poke|p1|Pecharunt|
|poke|p2|Iron Valiant|
|poke|p2|Fezandipiti, M|
|poke|p2|Empoleon, M|
|poke|p2|Infernape, M|
|poke|p2|Bronzong|
|poke|p2|Rotom-Fan|
|teampreview
|inactive|Battle timer is ON: inactive players will automatically lose when time's up. (requested by lbjdagoat67)
|
|t:|1779678320
|teamsize|p1|6
|teamsize|p2|6
|start
|switch|p1a: Great Tusk|Great Tusk|100/100
|switch|p2a: Abbacchio|Bronzong|100/100
|turn|1
|
|t:|1779678327
|move|p1a: Great Tusk|Stealth Rock|p2a: Abbacchio
|-sidestart|p2: Literally Trish|move: Stealth Rock
|move|p2a: Abbacchio|Stealth Rock|p1a: Great Tusk
|-sidestart|p1: lbjdagoat67|move: Stealth Rock
|
|upkeep
|turn|2
|
|t:|1779678334
|-end|p1a: Great Tusk|Protosynthesis|[silent]
|switch|p1a: Pecharunt|Pecharunt|100/100
|move|p2a: Abbacchio|Iron Defense|p2a: Abbacchio
|-boost|p2a: Abbacchio|def|2
|
|upkeep
|turn|3
|
|t:|1779678345
|move|p1a: Pecharunt|Parting Shot|p2a: Abbacchio
|-unboost|p2a: Abbacchio|atk|1
|-unboost|p2a: Abbacchio|spa|1
|
|t:|1779678356
|switch|p1a: Slowking|Slowking-Galar, F|100/100|[from] Parting Shot
|move|p2a: Abbacchio|Iron Defense|p2a: Abbacchio
|-boost|p2a: Abbacchio|def|2
|
|upkeep
|turn|4
|
|t:|1779678362
|move|p2a: Abbacchio|Iron Defense|p2a: Abbacchio
|-boost|p2a: Abbacchio|def|2
|move|p1a: Slowking|Thunder Wave|p2a: Abbacchio
|-status|p2a: Abbacchio|par
|
|upkeep
|turn|5
|
|t:|1779678373
|switch|p1a: Dondozo|Dondozo, F|100/100
|-damage|p1a: Dondozo|88/100|[from] Stealth Rock
|move|p2a: Abbacchio|Body Press|p1a: Dondozo
|-damage|p1a: Dondozo|76/100
|
|-heal|p1a: Dondozo|82/100|[from] item: Leftovers
|upkeep
|turn|6
|
|t:|1779678381
|move|p1a: Dondozo|Curse|p1a: Dondozo
|-unboost|p1a: Dondozo|spe|1
|-boost|p1a: Dondozo|atk|1
|-boost|p1a: Dondozo|def|1
|move|p2a: Abbacchio|Body Press|p1a: Dondozo
|-damage|p1a: Dondozo|74/100
|
|-heal|p1a: Dondozo|80/100|[from] item: Leftovers
|upkeep
|turn|7
|
|t:|1779678388
|move|p1a: Dondozo|Curse|p1a: Dondozo
|-unboost|p1a: Dondozo|spe|1
|-boost|p1a: Dondozo|atk|1
|-boost|p1a: Dondozo|def|1
|cant|p2a: Abbacchio|par
|
|-heal|p1a: Dondozo|87/100|[from] item: Leftovers
|upkeep
|turn|8
|
|t:|1779678395
|move|p1a: Dondozo|Waterfall|p2a: Abbacchio
|-damage|p2a: Abbacchio|64/100 par
|move|p2a: Abbacchio|Body Press|p1a: Dondozo
|-damage|p1a: Dondozo|81/100
|
|-heal|p1a: Dondozo|87/100|[from] item: Leftovers
|-heal|p2a: Abbacchio|70/100 par|[from] item: Leftovers
|upkeep
|turn|9
|
|t:|1779678401
|move|p1a: Dondozo|Curse|p1a: Dondozo
|-unboost|p1a: Dondozo|spe|1
|-boost|p1a: Dondozo|atk|1
|-boost|p1a: Dondozo|def|1
|move|p2a: Abbacchio|Body Press|p1a: Dondozo
|-damage|p1a: Dondozo|81/100
|
|-heal|p2a: Abbacchio|76/100 par|[from] item: Leftovers
|-heal|p1a: Dondozo|88/100|[from] item: Leftovers
|upkeep
|turn|10
|
|t:|1779678407
|cant|p2a: Abbacchio|par
|move|p1a: Dondozo|Waterfall|p2a: Abbacchio
|-damage|p2a: Abbacchio|30/100 par
|
|-heal|p2a: Abbacchio|36/100 par|[from] item: Leftovers
|-heal|p1a: Dondozo|94/100|[from] item: Leftovers
|upkeep
|turn|11
|
|t:|1779678416
|move|p2a: Abbacchio|Body Press|p1a: Dondozo
|-damage|p1a: Dondozo|89/100
|move|p1a: Dondozo|Waterfall|p2a: Abbacchio
|-damage|p2a: Abbacchio|0 fnt
|faint|p2a: Abbacchio
|
|-heal|p1a: Dondozo|95/100|[from] item: Leftovers
|upkeep
|
|t:|1779678419
|switch|p2a: Narancia|Rotom-Fan|100/100
|-damage|p2a: Narancia|76/100|[from] Stealth Rock
|turn|12
|
|t:|1779678429
|-terastallize|p1a: Dondozo|Fighting
|move|p2a: Narancia|Thunderbolt|p1a: Dondozo
|-damage|p1a: Dondozo|56/100
|move|p1a: Dondozo|Waterfall|p2a: Narancia
|-damage|p2a: Narancia|0 fnt
|faint|p2a: Narancia
|
|-heal|p1a: Dondozo|62/100|[from] item: Leftovers
|upkeep
|
|t:|1779678434
|switch|p2a: Giorno|Iron Valiant|100/100
|-damage|p2a: Giorno|94/100|[from] Stealth Rock
|-enditem|p2a: Giorno|Booster Energy
|-activate|p2a: Giorno|ability: Quark Drive|[fromitem]
|-start|p2a: Giorno|quarkdrivespe
|turn|13
|
|t:|1779678445
|switch|p1a: Slowking|Slowking-Galar, F|100/100
|move|p2a: Giorno|Moonblast|p1a: Slowking
|-resisted|p1a: Slowking
|-damage|p1a: Slowking|88/100
|-unboost|p1a: Slowking|spa|1
|
|upkeep
|turn|14
|
|t:|1779678451
|move|p2a: Giorno|Knock Off|p1a: Slowking
|-supereffective|p1a: Slowking
|-damage|p1a: Slowking|19/100
|-enditem|p1a: Slowking|Heavy-Duty Boots|[from] move: Knock Off|[of] p2a: Giorno
|move|p1a: Slowking|Future Sight|p2a: Giorno
|-start|p1a: Slowking|move: Future Sight
|
|upkeep
|turn|15
|
|t:|1779678460
|move|p2a: Giorno|Knock Off|p1a: Slowking
|-supereffective|p1a: Slowking
|-damage|p1a: Slowking|0 fnt
|faint|p1a: Slowking
|
|upkeep
|
|t:|1779678469
|switch|p1a: Dragonite|Dragonite, F|100/100
|-damage|p1a: Dragonite|76/100|[from] Stealth Rock
|turn|16
|
|t:|1779678485
|switch|p1a: Pecharunt|Pecharunt|100/100
|move|p2a: Giorno|Close Combat|p1a: Pecharunt
|-immune|p1a: Pecharunt
|
|-end|p2a: Giorno|move: Future Sight
|-supereffective|p2a: Giorno
|-damage|p2a: Giorno|0 fnt
|faint|p2a: Giorno
|-end|p2a: Giorno|Quark Drive|[silent]
|upkeep
|
|t:|1779678501
|switch|p2a: Fugo|Fezandipiti, M|100/100
|turn|17
|
|t:|1779678510
|move|p2a: Fugo|Beat Up|p1a: Pecharunt
|-supereffective|p1a: Pecharunt
|-damage|p1a: Pecharunt|96/100
|-supereffective|p1a: Pecharunt
|-damage|p1a: Pecharunt|92/100
|-supereffective|p1a: Pecharunt
|-damage|p1a: Pecharunt|87/100
|-hitcount|p1a: Pecharunt|3
|move|p1a: Pecharunt|Parting Shot|p2a: Fugo
|-unboost|p2a: Fugo|atk|1
|-unboost|p2a: Fugo|spa|1
|
|t:|1779678518
|switch|p1a: Great Tusk|Great Tusk|100/100|[from] Parting Shot
|
|upkeep
|turn|18
|
|t:|1779678523
|move|p1a: Great Tusk|Rapid Spin|p2a: Fugo
|-damage|p2a: Fugo|80/100
|-boost|p1a: Great Tusk|spe|1
|-sideend|p1: lbjdagoat67|Stealth Rock|[from] move: Rapid Spin|[of] p1a: Great Tusk
|move|p2a: Fugo|Moonblast|p1a: Great Tusk
|-supereffective|p1a: Great Tusk
|-damage|p1a: Great Tusk|54/100
|
|upkeep
|turn|19
|
|t:|1779678533
|move|p1a: Great Tusk|Headlong Rush|p2a: Fugo
|-supereffective|p2a: Fugo
|-damage|p2a: Fugo|0 fnt
|-unboost|p1a: Great Tusk|def|1
|-unboost|p1a: Great Tusk|spd|1
|faint|p2a: Fugo
|
|upkeep
|
|t:|1779678535
|switch|p2a: Bucciarati|Empoleon, M, shiny|100/100
|-damage|p2a: Bucciarati|94/100|[from] Stealth Rock
|turn|20
|
|t:|1779678540
|-terastallize|p2a: Bucciarati|Flying
|move|p1a: Great Tusk|Headlong Rush|p2a: Bucciarati
|-immune|p2a: Bucciarati
|move|p2a: Bucciarati|Surf|p1a: Great Tusk
|-supereffective|p1a: Great Tusk
|-damage|p1a: Great Tusk|0 fnt
|faint|p1a: Great Tusk
|-end|p1a: Great Tusk|Protosynthesis|[silent]
|
|-heal|p2a: Bucciarati|100/100|[from] item: Leftovers
|upkeep
|
|t:|1779678552
|switch|p1a: Pecharunt|Pecharunt|87/100
|turn|21
|
|t:|1779678556
|move|p1a: Pecharunt|Malignant Chain|p2a: Bucciarati
|-damage|p2a: Bucciarati|73/100
|move|p2a: Bucciarati|Surf|p1a: Pecharunt
|-damage|p1a: Pecharunt|38/100
|
|-heal|p2a: Bucciarati|79/100|[from] item: Leftovers
|upkeep
|turn|22
|
|t:|1779678565
|move|p1a: Pecharunt|Parting Shot|p2a: Bucciarati
|-unboost|p2a: Bucciarati|atk|1
|-ability|p2a: Bucciarati|Competitive|boost
|-boost|p2a: Bucciarati|spa|2
|-unboost|p2a: Bucciarati|spa|1
|-ability|p2a: Bucciarati|Competitive|boost
|-boost|p2a: Bucciarati|spa|2
|
|t:|1779678573
|switch|p1a: Dondozo|Dondozo, F, tera:Fighting|62/100|[from] Parting Shot
|move|p2a: Bucciarati|Surf|p1a: Dondozo
|-damage|p1a: Dondozo|19/100
|
|-heal|p2a: Bucciarati|85/100|[from] item: Leftovers
|-heal|p1a: Dondozo|25/100|[from] item: Leftovers
|upkeep
|turn|23
|
|t:|1779678584
|move|p2a: Bucciarati|Surf|p1a: Dondozo
|-damage|p1a: Dondozo|0 fnt
|faint|p1a: Dondozo
|
|-heal|p2a: Bucciarati|92/100|[from] item: Leftovers
|upkeep
|
|t:|1779678590
|switch|p1a: Pecharunt|Pecharunt|38/100
|turn|24
|
|t:|1779678595
|move|p1a: Pecharunt|Malignant Chain|p2a: Bucciarati
|-damage|p2a: Bucciarati|65/100
|-status|p2a: Bucciarati|tox
|-start|p2a: Bucciarati|confusion|[from] ability: Poison Puppeteer|[of] p1a: Pecharunt
|-activate|p2a: Bucciarati|confusion
|move|p2a: Bucciarati|Surf|p1a: Pecharunt
|-damage|p1a: Pecharunt|0 fnt
|faint|p1a: Pecharunt
|
|-heal|p2a: Bucciarati|71/100 tox|[from] item: Leftovers
|-damage|p2a: Bucciarati|65/100 tox|[from] psn
|upkeep
|
|t:|1779678608
|switch|p1a: Moltres|Moltres|100/100
|turn|25
|
|t:|1779678618
|move|p1a: Moltres|Flamethrower|p2a: Bucciarati
|-damage|p2a: Bucciarati|29/100 tox
|-activate|p2a: Bucciarati|confusion
|move|p2a: Bucciarati|Surf|p1a: Moltres
|-supereffective|p1a: Moltres
|-damage|p1a: Moltres|0 fnt
|faint|p1a: Moltres
|
|-heal|p2a: Bucciarati|35/100 tox|[from] item: Leftovers
|-damage|p2a: Bucciarati|23/100 tox|[from] psn
|upkeep
|
|t:|1779678624
|switch|p1a: Dragonite|Dragonite, F|76/100
|turn|26
|
|t:|1779678639
|move|p1a: Dragonite|Scale Shot|p2a: Bucciarati
|-damage|p2a: Bucciarati|8/100 tox
|-damage|p2a: Bucciarati|0 fnt
|faint|p2a: Bucciarati
|-hitcount|p2: Bucciarati|2
|-unboost|p1a: Dragonite|def|1
|-boost|p1a: Dragonite|spe|1
|
|upkeep
|
|t:|1779678643
|switch|p2a: MISTA MISTA|Infernape, M, shiny|100/100
|-damage|p2a: MISTA MISTA|88/100|[from] Stealth Rock
|turn|27
|
|t:|1779678651
|move|p1a: Dragonite|Scale Shot|p2a: MISTA MISTA
|-damage|p2a: MISTA MISTA|67/100
|-damage|p2a: MISTA MISTA|46/100
|-damage|p2a: MISTA MISTA|24/100
|-damage|p2a: MISTA MISTA|2/100
|-hitcount|p2a: MISTA MISTA|4
|-unboost|p1a: Dragonite|def|1
|-boost|p1a: Dragonite|spe|1
|move|p2a: MISTA MISTA|Nasty Plot|p2a: MISTA MISTA
|-boost|p2a: MISTA MISTA|spa|2
|
|upkeep
|turn|28
|
|t:|1779678662
|move|p2a: MISTA MISTA|Vacuum Wave|p1a: Dragonite
|-resisted|p1a: Dragonite
|-damage|p1a: Dragonite|58/100
|move|p1a: Dragonite|Scale Shot|p2a: MISTA MISTA
|-damage|p2a: MISTA MISTA|0 fnt
|faint|p2a: MISTA MISTA
|-hitcount|p2: MISTA MISTA|1
|
|win|lbjdagoat67
|raw|lbjdagoat67's rating: 1165 &rarr; <strong>1191</strong><br />(+26 for winning)
|raw|Literally Trish's rating: 1179 &rarr; <strong>1153</strong><br />(-26 for losing)
|l|☆lbjdagoat67
|player|p1|
|l|☆Literally Trish
|player|p2|
|j|☆Literally Trish
|player|p2|Literally Trish|bianca|
|l|☆Literally Trish
|player|p2|
