|j|☆spicychickenman
|j|☆Mr_Stonks0406
|t:|1779689001
|gametype|singles
|player|p1|spicychickenman|veteran|1351
|player|p2|Mr_Stonks0406|102|1338
|gen|9
|tier|[Gen 9] OU
|rated|
|rule|HP Percentage Mod: HP is shown in percentages
|rule|Endless Battle Clause: Forcing endless battles is banned
|rule|Species Clause: Limit one of each Pokémon
|rule|OHKO Clause: OHKO moves are banned
|rule|Evasion Items Clause: Evasion items are banned
|rule|Evasion Moves Clause: Evasion moves are banned
|rule|Evasion Abilities Clause: Evasion abilities are banned
|rule|Sleep Moves Clause: Sleep-inducing moves are banned
|clearpoke
|poke|p1|Deoxys-Speed|
|poke|p1|Iron Valiant|
|poke|p1|Kingambit, M|
|poke|p1|Ceruledge, F|
|poke|p1|Dragonite, F|
|poke|p1|Raging Bolt|
|poke|p2|Meowscarada, M|
|poke|p2|Pecharunt|
|poke|p2|Enamorus, F|
|poke|p2|Iron Treads|
|poke|p2|Corviknight, M|
|poke|p2|Slowking, M|
|teampreview
|l|☆Mr_Stonks0406
|player|p2|
|inactive|Battle timer is ON: inactive players will automatically lose when time's up. (requested by spicychickenman)
|j|☆Mr_Stonks0406
|inactive|Mr_Stonks0406 reconnected and has 145 seconds left.
|player|p2|Mr_Stonks0406|102|
|
|t:|1779689054
|teamsize|p1|6
|teamsize|p2|6
|start
|switch|p1a: METROOO|Deoxys-Speed|100/100
|switch|p2a: Pecharunt|Pecharunt|100/100
|-ability|p1a: METROOO|Pressure
|turn|1
|
|t:|1779689066
|switch|p2a: Iron Treads|Iron Treads|100/100
|move|p1a: METROOO|Stealth Rock|p2a: Iron Treads
|-sidestart|p2: Mr_Stonks0406|move: Stealth Rock
|
|upkeep
|turn|2
|
|t:|1779689089
|move|p1a: METROOO|Superpower|p2a: Iron Treads
|-supereffective|p2a: Iron Treads
|-damage|p2a: Iron Treads|62/100
|-unboost|p1a: METROOO|atk|1
|-unboost|p1a: METROOO|def|1
|-enditem|p1a: METROOO|Eject Pack
|
|t:|1779689097
|switch|p1a: SHIESTY|Ceruledge, F|100/100
|move|p2a: Iron Treads|Knock Off|p1a: SHIESTY
|-supereffective|p1a: SHIESTY
|-damage|p1a: SHIESTY|34/100
|-ability|p1a: SHIESTY|Weak Armor|boost
|-unboost|p1a: SHIESTY|def|1
|-boost|p1a: SHIESTY|spe|2
|-enditem|p1a: SHIESTY|Focus Sash|[from] move: Knock Off|[of] p2a: Iron Treads
|
|-heal|p2a: Iron Treads|68/100|[from] item: Leftovers
|upkeep
|turn|3
|inactive|Mr_Stonks0406 has 120 seconds left.
|
|t:|1779689138
|-end|p2a: Iron Treads|Quark Drive|[silent]
|switch|p2a: Pecharunt|Pecharunt|100/100
|-damage|p2a: Pecharunt|88/100|[from] Stealth Rock
|move|p1a: SHIESTY|Bitter Blade|p2a: Pecharunt
|-crit|p2a: Pecharunt
|-damage|p2a: Pecharunt|54/100
|-heal|p1a: SHIESTY|56/100|[from] drain|[of] p2a: Pecharunt
|-damage|p1a: SHIESTY|40/100|[from] item: Rocky Helmet|[of] p2a: Pecharunt
|
|upkeep
|turn|4
|
|t:|1779689159
|switch|p1a: STAND ON BIZ|Kingambit, M|100/100
|move|p2a: Pecharunt|Recover|p2a: Pecharunt
|-heal|p2a: Pecharunt|100/100
|
|upkeep
|turn|5
|
|t:|1779689171
|move|p2a: Pecharunt|Parting Shot|p1a: STAND ON BIZ
|-unboost|p1a: STAND ON BIZ|atk|1
|-unboost|p1a: STAND ON BIZ|spa|1
|
|t:|1779689178
|switch|p2a: Corviknight|Corviknight, M|100/100|[from] Parting Shot
|-damage|p2a: Corviknight|88/100|[from] Stealth Rock
|-ability|p2a: Corviknight|Pressure
|move|p1a: STAND ON BIZ|Kowtow Cleave|p2a: Corviknight
|-damage|p2a: Corviknight|65/100
|-damage|p1a: STAND ON BIZ|84/100|[from] item: Rocky Helmet|[of] p2a: Corviknight
|
|upkeep
|turn|6
|
|t:|1779689194
|-end|p1a: STAND ON BIZ|fallenundefined|[silent]
|switch|p1a: CATCH A FADE|Raging Bolt|100/100
|-enditem|p1a: CATCH A FADE|Booster Energy
|-activate|p1a: CATCH A FADE|ability: Protosynthesis|[fromitem]
|-start|p1a: CATCH A FADE|protosynthesisspa
|move|p2a: Corviknight|U-turn|p1a: CATCH A FADE
|-damage|p1a: CATCH A FADE|87/100
|
|t:|1779689200
|switch|p2a: Iron Treads|Iron Treads|68/100|[from] U-turn
|-damage|p2a: Iron Treads|66/100|[from] Stealth Rock
|
|-heal|p2a: Iron Treads|72/100|[from] item: Leftovers
|upkeep
|turn|7
|
|t:|1779689217
|-end|p1a: CATCH A FADE|Protosynthesis|[silent]
|switch|p1a: BIG STEPPA|Dragonite, F|100/100
|move|p2a: Iron Treads|Stealth Rock|p1a: BIG STEPPA
|-sidestart|p1: spicychickenman|move: Stealth Rock
|
|-heal|p2a: Iron Treads|78/100|[from] item: Leftovers
|upkeep
|turn|8
|
|t:|1779689232
|switch|p1a: CATCH A FADE|Raging Bolt|87/100
|-damage|p1a: CATCH A FADE|74/100|[from] Stealth Rock
|-end|p2a: Iron Treads|Quark Drive|[silent]
|switch|p2a: Corviknight|Corviknight, M|65/100
|-damage|p2a: Corviknight|52/100|[from] Stealth Rock
|-ability|p2a: Corviknight|Pressure
|
|upkeep
|turn|9
|
|t:|1779689240
|switch|p2a: Iron Treads|Iron Treads|78/100
|-damage|p2a: Iron Treads|75/100|[from] Stealth Rock
|move|p1a: CATCH A FADE|Dragon Pulse|p2a: Iron Treads
|-resisted|p2a: Iron Treads
|-damage|p2a: Iron Treads|52/100
|
|-heal|p2a: Iron Treads|58/100|[from] item: Leftovers
|upkeep
|turn|10
|
|t:|1779689262
|-end|p1a: CATCH A FADE|Protosynthesis|[silent]
|switch|p1a: CRASH OUT|Iron Valiant|100/100
|-damage|p1a: CRASH OUT|94/100|[from] Stealth Rock
|-enditem|p1a: CRASH OUT|Booster Energy
|-activate|p1a: CRASH OUT|ability: Quark Drive|[fromitem]
|-start|p1a: CRASH OUT|quarkdrivespe
|move|p2a: Iron Treads|Knock Off|p1a: CRASH OUT
|-resisted|p1a: CRASH OUT
|-damage|p1a: CRASH OUT|89/100
|
|-heal|p2a: Iron Treads|64/100|[from] item: Leftovers
|upkeep
|turn|11
|inactive|Mr_Stonks0406 has 90 seconds left.
|
|t:|1779689313
|-end|p2a: Iron Treads|Quark Drive|[silent]
|switch|p2a: Pecharunt|Pecharunt|100/100
|-damage|p2a: Pecharunt|88/100|[from] Stealth Rock
|move|p1a: CRASH OUT|Knock Off|p2a: Pecharunt
|-supereffective|p2a: Pecharunt
|-damage|p2a: Pecharunt|57/100
|-damage|p1a: CRASH OUT|72/100|[from] item: Rocky Helmet|[of] p2a: Pecharunt
|-enditem|p2a: Pecharunt|Rocky Helmet|[from] move: Knock Off|[of] p1a: CRASH OUT
|
|upkeep
|turn|12
|
|t:|1779689334
|move|p1a: CRASH OUT|Destiny Bond|p1a: CRASH OUT
|-singlemove|p1a: CRASH OUT|Destiny Bond
|move|p2a: Pecharunt|Recover|p2a: Pecharunt
|-heal|p2a: Pecharunt|100/100
|
|upkeep
|turn|13
|
|t:|1779689345
|move|p1a: CRASH OUT|Encore|p2a: Pecharunt
|-start|p2a: Pecharunt|Encore
|move|p2a: Pecharunt|Recover||[still]
|-fail|p2a: Pecharunt|heal
|
|upkeep
|turn|14
|inactive|Mr_Stonks0406 has 60 seconds left.
|
|t:|1779689371
|move|p1a: CRASH OUT|Knock Off|p2a: Pecharunt
|-supereffective|p2a: Pecharunt
|-damage|p2a: Pecharunt|82/100
|move|p2a: Pecharunt|Recover|p2a: Pecharunt
|-heal|p2a: Pecharunt|100/100
|
|upkeep
|turn|15
|inactive|Mr_Stonks0406 has 60 seconds left.
|
|t:|1779689392
|switch|p2a: Iron Treads|Iron Treads|64/100
|-damage|p2a: Iron Treads|61/100|[from] Stealth Rock
|move|p1a: CRASH OUT|Knock Off|p2a: Iron Treads
|-damage|p2a: Iron Treads|38/100
|-enditem|p2a: Iron Treads|Leftovers|[from] move: Knock Off|[of] p1a: CRASH OUT
|
|upkeep
|turn|16
|
|t:|1779689405
|move|p1a: CRASH OUT|Moonblast|p2a: Iron Treads
|-resisted|p2a: Iron Treads
|-damage|p2a: Iron Treads|21/100
|-unboost|p2a: Iron Treads|spa|1
|move|p2a: Iron Treads|Rapid Spin|p1a: CRASH OUT
|-damage|p1a: CRASH OUT|56/100
|-boost|p2a: Iron Treads|spe|1
|-sideend|p2: Mr_Stonks0406|Stealth Rock|[from] move: Rapid Spin|[of] p2a: Iron Treads
|
|upkeep
|turn|17
|
|t:|1779689423
|move|p1a: CRASH OUT|Moonblast|p2a: Iron Treads
|-resisted|p2a: Iron Treads
|-damage|p2a: Iron Treads|3/100
|move|p2a: Iron Treads|Rapid Spin|p1a: CRASH OUT
|-damage|p1a: CRASH OUT|39/100
|-boost|p2a: Iron Treads|spe|1
|
|upkeep
|turn|18
|
|t:|1779689441
|move|p1a: CRASH OUT|Moonblast|p2a: Iron Treads
|-resisted|p2a: Iron Treads
|-damage|p2a: Iron Treads|0 fnt
|faint|p2a: Iron Treads
|-end|p2a: Iron Treads|Quark Drive|[silent]
|
|upkeep
|
|t:|1779689447
|switch|p2a: Pecharunt|Pecharunt|100/100
|turn|19
|
|t:|1779689453
|move|p1a: CRASH OUT|Destiny Bond|p1a: CRASH OUT
|-singlemove|p1a: CRASH OUT|Destiny Bond
|move|p2a: Pecharunt|Malignant Chain|p1a: CRASH OUT
|-supereffective|p1a: CRASH OUT
|-damage|p1a: CRASH OUT|0 fnt
|faint|p1a: CRASH OUT
|-activate|p1a: CRASH OUT|move: Destiny Bond
|-end|p1a: CRASH OUT|Quark Drive|[silent]
|faint|p2a: Pecharunt
|
|upkeep
|inactive|spicychickenman has 120 seconds left.
|
|t:|1779689478
|switch|p1a: SHIESTY|Ceruledge, F|40/100
|switch|p2a: Meowscarada|Meowscarada, M|100/100
|-damage|p1a: SHIESTY|15/100|[from] Stealth Rock
|turn|20
|inactive|spicychickenman has 120 seconds left.
|inactive|Mr_Stonks0406 has 60 seconds left.
|
|t:|1779689497
|move|p1a: SHIESTY|Shadow Sneak|p2a: Meowscarada
|-resisted|p2a: Meowscarada
|-damage|p2a: Meowscarada|83/100
|move|p2a: Meowscarada|U-turn|p1a: SHIESTY
|-start|p2a: Meowscarada|typechange|Bug|[from] ability: Protean
|-resisted|p1a: SHIESTY
|-damage|p1a: SHIESTY|0 fnt
|faint|p1a: SHIESTY
|
|t:|1779689502
|switch|p2a: Corviknight|Corviknight, M|52/100|[from] U-turn
|-ability|p2a: Corviknight|Pressure
|
|upkeep
|inactive|spicychickenman has 120 seconds left.
|
|t:|1779689510
|switch|p1a: CATCH A FADE|Raging Bolt|74/100
|-damage|p1a: CATCH A FADE|62/100|[from] Stealth Rock
|turn|21
|inactive|Mr_Stonks0406 has 60 seconds left.
|
|t:|1779689532
|move|p1a: CATCH A FADE|Thunderbolt|p2a: Corviknight
|-supereffective|p2a: Corviknight
|-damage|p2a: Corviknight|0 fnt
|faint|p2a: Corviknight
|
|upkeep
|
|t:|1779689535
|switch|p2a: Meowscarada|Meowscarada, M|83/100
|turn|22
|inactive|Mr_Stonks0406 has 60 seconds left.
|inactive|spicychickenman has 120 seconds left.
|
|t:|1779689568
|-terastallize|p1a: CATCH A FADE|Fairy
|move|p2a: Meowscarada|U-turn|p1a: CATCH A FADE
|-start|p2a: Meowscarada|typechange|Bug|[from] ability: Protean
|-resisted|p1a: CATCH A FADE
|-damage|p1a: CATCH A FADE|37/100
|
|t:|1779689591
|switch|p2a: Slowking|Slowking, M|100/100|[from] U-turn
|move|p1a: CATCH A FADE|Dragon Pulse|p2a: Slowking
|-damage|p2a: Slowking|77/100
|
|upkeep
|turn|23
|inactive|Mr_Stonks0406 has 30 seconds left.
|inactive|Mr_Stonks0406 has 20 seconds left.
|inactive|Mr_Stonks0406 has 15 seconds left.
|inactive|Mr_Stonks0406 has 10 seconds left.
|
|t:|1779689635
|move|p1a: CATCH A FADE|Thunderbolt|p2a: Slowking
|-supereffective|p2a: Slowking
|-damage|p2a: Slowking|31/100
|move|p2a: Slowking|Future Sight|p1a: CATCH A FADE
|-start|p2a: Slowking|move: Future Sight
|
|upkeep
|turn|24
|inactive|Mr_Stonks0406 has 20 seconds left this turn.
|inactive|Mr_Stonks0406 has 15 seconds left.
|inactive|Mr_Stonks0406 has 10 seconds left.
|inactive|Mr_Stonks0406 has 5 seconds left.
|
|t:|1779689651
|move|p1a: CATCH A FADE|Thunderbolt|p2a: Slowking
|-supereffective|p2a: Slowking
|-damage|p2a: Slowking|0 fnt
|faint|p2a: Slowking
|
|upkeep
|inactive|Mr_Stonks0406 has 10 seconds left this turn.
|
|t:|1779689655
|switch|p2a: Meowscarada|Meowscarada, M|83/100
|turn|25
|inactive|Mr_Stonks0406 has 20 seconds left this turn.
|inactive|Mr_Stonks0406 has 15 seconds left.
|
|t:|1779689669
|-end|p1a: CATCH A FADE|Protosynthesis|[silent]
|switch|p1a: METROOO|Deoxys-Speed|100/100
|-damage|p1a: METROOO|88/100|[from] Stealth Rock
|-ability|p1a: METROOO|Pressure
|move|p2a: Meowscarada|U-turn|p1a: METROOO
|-start|p2a: Meowscarada|typechange|Bug|[from] ability: Protean
|-supereffective|p1a: METROOO
|-damage|p1a: METROOO|0 fnt
|faint|p1a: METROOO
|inactive|Mr_Stonks0406 has 20 seconds left this turn.
|inactive|Mr_Stonks0406 has 15 seconds left.
|
|t:|1779689678
|switch|p2a: Enamorus|Enamorus, F|100/100|[from] U-turn
|
|-hint|Future Sight did not hit because the target is fainted.
|upkeep
|
|t:|1779689684
|switch|p1a: CATCH A FADE|Raging Bolt, tera:Fairy|37/100
|-damage|p1a: CATCH A FADE|25/100|[from] Stealth Rock
|turn|26
|inactive|Mr_Stonks0406 has 30 seconds left this turn.
|inactive|Mr_Stonks0406 has 20 seconds left.
|
|t:|1779689698
|switch|p2a: Meowscarada|Meowscarada, M|83/100
|move|p1a: CATCH A FADE|Thunderbolt|p2a: Meowscarada
|-resisted|p2a: Meowscarada
|-damage|p2a: Meowscarada|44/100
|
|upkeep
|turn|27
|inactive|Mr_Stonks0406 has 30 seconds left this turn.
|inactive|Mr_Stonks0406 has 20 seconds left.
|inactive|Mr_Stonks0406 has 15 seconds left.
|
|t:|1779689714
|-end|p1a: CATCH A FADE|Protosynthesis|[silent]
|switch|p1a: BIG STEPPA|Dragonite, F|100/100
|move|p2a: Meowscarada|Triple Axel|p1a: BIG STEPPA
|-start|p2a: Meowscarada|typechange|Ice|[from] ability: Protean
|-supereffective|p1a: BIG STEPPA
|-damage|p1a: BIG STEPPA|71/100
|-supereffective|p1a: BIG STEPPA
|-damage|p1a: BIG STEPPA|0 fnt
|faint|p1a: BIG STEPPA
|-hitcount|p1: BIG STEPPA|2
|
|upkeep
|
|t:|1779689726
|switch|p1a: STAND ON BIZ|Kingambit, M|84/100
|-damage|p1a: STAND ON BIZ|78/100|[from] Stealth Rock
|-activate|p1a: STAND ON BIZ|ability: Supreme Overlord
|-start|p1a: STAND ON BIZ|fallen4|[silent]
|turn|28
|inactive|Mr_Stonks0406 has 30 seconds left this turn.
|inactive|Mr_Stonks0406 has 20 seconds left.
|
|t:|1779689739
|move|p2a: Meowscarada|Triple Axel|p1a: STAND ON BIZ
|-resisted|p1a: STAND ON BIZ
|-damage|p1a: STAND ON BIZ|73/100
|-resisted|p1a: STAND ON BIZ
|-damage|p1a: STAND ON BIZ|62/100
|-resisted|p1a: STAND ON BIZ
|-damage|p1a: STAND ON BIZ|44/100
|-hitcount|p1a: STAND ON BIZ|3
|move|p1a: STAND ON BIZ|Iron Head|p2a: Meowscarada
|-supereffective|p2a: Meowscarada
|-damage|p2a: Meowscarada|0 fnt
|faint|p2a: Meowscarada
|
|upkeep
|inactive|Mr_Stonks0406 has 25 seconds left this turn.
|inactive|Mr_Stonks0406 has 20 seconds left.
|
|t:|1779689747
|switch|p2a: Enamorus|Enamorus, F|100/100
|turn|29
|inactive|Mr_Stonks0406 has 30 seconds left this turn.
|inactive|Mr_Stonks0406 has 20 seconds left.
|
|t:|1779689760
|move|p1a: STAND ON BIZ|Sucker Punch|p2a: Enamorus
|-resisted|p2a: Enamorus
|-damage|p2a: Enamorus|43/100
|move|p2a: Enamorus|Moonblast|p1a: STAND ON BIZ
|-damage|p1a: STAND ON BIZ|0 fnt
|faint|p1a: STAND ON BIZ
|-end|p1a: STAND ON BIZ|fallen4|[silent]
|
|upkeep
|
|t:|1779689767
|switch|p1a: CATCH A FADE|Raging Bolt, tera:Fairy|25/100
|-damage|p1a: CATCH A FADE|13/100|[from] Stealth Rock
|turn|30
|c|☆Mr_Stonks0406|gg
|
|t:|1779689774
|move|p1a: CATCH A FADE|Thunderclap|p2a: Enamorus
|-supereffective|p2a: Enamorus
|-damage|p2a: Enamorus|0 fnt
|faint|p2a: Enamorus
|
|win|spicychickenman
|raw|spicychickenman's rating: 1351 &rarr; <strong>1370</strong><br />(+19 for winning)
|raw|Mr_Stonks0406's rating: 1338 &rarr; <strong>1319</strong><br />(-19 for losing)
