|j|☆larrosak
|j|☆soulesstm303
|t:|1779711381
|gametype|singles
|player|p1|larrosak|hilda-wonderlauncher|1122
|player|p2|soulesstm303|dawn|1087
|gen|9
|tier|[Gen 9] OU
|rated|
|rule|HP Percentage Mod: HP is shown in percentages
|rule|Endless Battle Clause: Forcing endless battles is banned
|rule|Species Clause: Limit one of each Pokémon
|rule|OHKO Clause: OHKO moves are banned
|rule|Evasion Items Clause: Evasion items are banned
|rule|Evasion Moves Clause: Evasion moves are banned
|rule|Evasion Abilities Clause: Evasion abilities are banned
|rule|Sleep Moves Clause: Sleep-inducing moves are banned
|clearpoke
|poke|p1|Kingambit, M|
|poke|p1|Great Tusk|
|poke|p1|Gholdengo|
|poke|p1|Dragapult, M|
|poke|p1|Garganacl, M|
|poke|p1|Rillaboom, F|
|poke|p2|Zoroark, F|
|poke|p2|Araquanid, M|
|poke|p2|Ninetales, F|
|poke|p2|Ambipom, F|
|poke|p2|Bellibolt, M|
|poke|p2|Venusaur, M|
|teampreview
|
|t:|1779711394
|teamsize|p1|6
|teamsize|p2|6
|start
|switch|p1a: Great Tusk|Great Tusk|100/100
|switch|p2a: Ambipom|Ambipom, F|100/100
|turn|1
|
|t:|1779711400
|move|p2a: Ambipom|Fake Out|p1a: Great Tusk
|-damage|p1a: Great Tusk|84/100
|cant|p1a: Great Tusk|flinch
|
|upkeep
|turn|2
|
|t:|1779711406
|move|p2a: Ambipom|Triple Axel|p1a: Great Tusk
|-supereffective|p1a: Great Tusk
|-damage|p1a: Great Tusk|75/100
|-supereffective|p1a: Great Tusk
|-damage|p1a: Great Tusk|59/100
|-supereffective|p1a: Great Tusk
|-damage|p1a: Great Tusk|34/100
|-hitcount|p1a: Great Tusk|3
|move|p1a: Great Tusk|Stealth Rock|p2a: Ambipom
|-sidestart|p2: soulesstm303|move: Stealth Rock
|
|upkeep
|turn|3
|
|t:|1779711431
|-end|p1a: Great Tusk|Protosynthesis|[silent]
|switch|p1a: Garganacl|Garganacl, M|100/100
|move|p2a: Ambipom|Triple Axel|p1a: Garganacl
|-damage|p1a: Garganacl|94/100
|-damage|p1a: Garganacl|82/100
|-damage|p1a: Garganacl|63/100
|-hitcount|p1a: Garganacl|3
|
|-heal|p1a: Garganacl|70/100|[from] item: Leftovers
|upkeep
|turn|4
|
|t:|1779711444
|move|p2a: Ambipom|U-turn|p1a: Garganacl
|-damage|p1a: Garganacl|56/100
|
|t:|1779711447
|switch|p2a: Ninetales|Ninetales, F|100/100|[from] U-turn
|-damage|p2a: Ninetales|76/100|[from] Stealth Rock
|-weather|SunnyDay|[from] ability: Drought|[of] p2a: Ninetales
|move|p1a: Garganacl|Salt Cure|p2a: Ninetales
|-supereffective|p2a: Ninetales
|-damage|p2a: Ninetales|34/100
|-start|p2a: Ninetales|Salt Cure
|
|-weather|SunnyDay|[upkeep]
|-heal|p1a: Garganacl|62/100|[from] item: Leftovers
|-damage|p2a: Ninetales|22/100|[from] Salt Cure
|upkeep
|turn|5
|
|t:|1779711460
|move|p1a: Garganacl|Protect|p1a: Garganacl
|-singleturn|p1a: Garganacl|Protect
|move|p2a: Ninetales|Pain Split|p1a: Garganacl
|-activate|p1a: Garganacl|move: Protect
|
|-weather|SunnyDay|[upkeep]
|-heal|p1a: Garganacl|69/100|[from] item: Leftovers
|-damage|p2a: Ninetales|10/100|[from] Salt Cure
|upkeep
|turn|6
|
|t:|1779711482
|move|p1a: Garganacl|Protect||[still]
|-fail|p1a: Garganacl
|move|p2a: Ninetales|Pain Split|p1a: Garganacl
|-sethp|p1a: Garganacl|38/100|[from] move: Pain Split|[silent]
|-sethp|p2a: Ninetales|53/100|[from] move: Pain Split
|
|-weather|SunnyDay|[upkeep]
|-heal|p1a: Garganacl|44/100|[from] item: Leftovers
|-damage|p2a: Ninetales|41/100|[from] Salt Cure
|upkeep
|turn|7
|
|t:|1779711498
|move|p1a: Garganacl|Protect|p1a: Garganacl
|-singleturn|p1a: Garganacl|Protect
|move|p2a: Ninetales|Energy Ball|p1a: Garganacl
|-activate|p1a: Garganacl|move: Protect
|
|-weather|SunnyDay|[upkeep]
|-heal|p1a: Garganacl|50/100|[from] item: Leftovers
|-damage|p2a: Ninetales|28/100|[from] Salt Cure
|upkeep
|turn|8
|
|t:|1779711507
|switch|p1a: Dragapult|Dragapult, M|100/100
|move|p2a: Ninetales|Energy Ball|p1a: Dragapult
|-resisted|p1a: Dragapult
|-damage|p1a: Dragapult|84/100
|-unboost|p1a: Dragapult|spd|1
|
|-weather|SunnyDay|[upkeep]
|-damage|p2a: Ninetales|16/100|[from] Salt Cure
|upkeep
|turn|9
|
|t:|1779711520
|move|p1a: Dragapult|Shadow Ball|p2a: Ninetales
|-damage|p2a: Ninetales|0 fnt
|faint|p2a: Ninetales
|
|-weather|SunnyDay|[upkeep]
|upkeep
|
|t:|1779711529
|switch|p2a: Venusaur|Venusaur, M|100/100
|-damage|p2a: Venusaur|88/100|[from] Stealth Rock
|turn|10
|
|t:|1779711536
|move|p2a: Venusaur|Growth|p2a: Venusaur
|-boost|p2a: Venusaur|atk|2
|-boost|p2a: Venusaur|spa|2
|move|p1a: Dragapult|Shadow Ball|p2a: Venusaur
|-damage|p2a: Venusaur|27/100
|
|-weather|SunnyDay|[upkeep]
|-heal|p2a: Venusaur|33/100|[from] item: Black Sludge
|upkeep
|turn|11
|
|t:|1779711547
|move|p2a: Venusaur|Giga Drain|p1a: Dragapult
|-resisted|p1a: Dragapult
|-damage|p1a: Dragapult|15/100
|-heal|p2a: Venusaur|70/100|[from] drain|[of] p1a: Dragapult
|move|p1a: Dragapult|Shadow Ball|p2a: Venusaur
|-damage|p2a: Venusaur|11/100
|
|-weather|none
|-heal|p2a: Venusaur|17/100|[from] item: Black Sludge
|upkeep
|turn|12
|
|t:|1779711596
|move|p1a: Dragapult|Shadow Ball|p2a: Venusaur
|-damage|p2a: Venusaur|0 fnt
|faint|p2a: Venusaur
|
|upkeep
|
|t:|1779711604
|switch|p2a: Bellibolt|Bellibolt, M|100/100
|-damage|p2a: Bellibolt|88/100|[from] Stealth Rock
|turn|13
|
|t:|1779711612
|move|p1a: Dragapult|Shadow Ball|p2a: Bellibolt
|-damage|p2a: Bellibolt|57/100
|-start|p2a: Bellibolt|Charge|Shadow Ball|[from] ability: Electromorphosis
|move|p2a: Bellibolt|Parabolic Charge|p1a: Dragapult
|-resisted|p1a: Dragapult
|-damage|p1a: Dragapult|0 fnt
|-heal|p2a: Bellibolt|62/100|[from] drain|[of] p1a: Dragapult
|faint|p1a: Dragapult
|-end|p2a: Bellibolt|Charge|[silent]
|
|upkeep
|
|t:|1779711622
|switch|p1a: Great Tusk|Great Tusk|34/100
|turn|14
|
|t:|1779711629
|move|p1a: Great Tusk|Earthquake|p2a: Bellibolt
|-supereffective|p2a: Bellibolt
|-damage|p2a: Bellibolt|0 fnt
|faint|p2a: Bellibolt
|
|upkeep
|
|t:|1779711636
|switch|p2a: Ambipom|Ambipom, F|100/100
|-damage|p2a: Ambipom|88/100|[from] Stealth Rock
|turn|15
|
|t:|1779711645
|-end|p1a: Great Tusk|Protosynthesis|[silent]
|switch|p1a: Gholdengo|Gholdengo|100/100
|-item|p1a: Gholdengo|Air Balloon
|move|p2a: Ambipom|Fake Out|p1a: Gholdengo
|-immune|p1a: Gholdengo
|
|upkeep
|turn|16
|
|t:|1779711664
|move|p2a: Ambipom|U-turn|p1a: Gholdengo
|-resisted|p1a: Gholdengo
|-damage|p1a: Gholdengo|94/100
|-enditem|p1a: Gholdengo|Air Balloon
|
|t:|1779711668
|switch|p2a: Ambipom|Ambipom, F|100/100|[from] U-turn
|-damage|p2a: Ambipom|88/100|[from] Stealth Rock
|move|p1a: Gholdengo|Focus Blast|p2a: Ambipom|[miss]
|-miss|p1a: Gholdengo|p2a: Ambipom
|
|upkeep
|turn|17
|
|t:|1779711681
|move|p2a: Ambipom|Dark Pulse|p1a: Gholdengo
|-supereffective|p1a: Gholdengo
|-damage|p1a: Gholdengo|0 fnt
|faint|p1a: Gholdengo
|
|upkeep
|
|t:|1779711691
|switch|p1a: Garganacl|Garganacl, M|50/100
|turn|18
|
|t:|1779711697
|move|p2a: Ambipom|Dark Pulse|p1a: Garganacl
|-damage|p1a: Garganacl|26/100
|move|p1a: Garganacl|Recover|p1a: Garganacl
|-heal|p1a: Garganacl|76/100
|
|-heal|p1a: Garganacl|82/100|[from] item: Leftovers
|upkeep
|turn|19
|
|t:|1779711708
|move|p2a: Ambipom|Nasty Plot|p2a: Ambipom
|-boost|p2a: Ambipom|spa|2
|move|p1a: Garganacl|Recover|p1a: Garganacl
|-heal|p1a: Garganacl|100/100
|
|upkeep
|turn|20
|
|t:|1779711718
|-terastallize|p2a: Ambipom|Dark
|move|p2a: Ambipom|Dark Pulse|p1a: Garganacl
|-damage|p1a: Garganacl|28/100
|move|p1a: Garganacl|Salt Cure|p2a: Ambipom
|-damage|p2a: Ambipom|62/100
|-start|p2a: Ambipom|Salt Cure
|replace|p2a: Zoroark|Zoroark, F
|-end|p2a: Zoroark|Illusion
|
|-heal|p1a: Garganacl|34/100|[from] item: Leftovers
|-damage|p2a: Zoroark|50/100|[from] Salt Cure
|upkeep
|turn|21
|
|t:|1779711730
|move|p1a: Garganacl|Protect|p1a: Garganacl
|-singleturn|p1a: Garganacl|Protect
|move|p2a: Zoroark|Dark Pulse|p1a: Garganacl
|-activate|p1a: Garganacl|move: Protect
|
|-heal|p1a: Garganacl|40/100|[from] item: Leftovers
|-damage|p2a: Zoroark|37/100|[from] Salt Cure
|upkeep
|turn|22
|
|t:|1779711742
|switch|p1a: Great Tusk|Great Tusk|34/100
|move|p2a: Zoroark|Dark Pulse|p1a: Great Tusk
|-resisted|p1a: Great Tusk
|-damage|p1a: Great Tusk|0 fnt
|faint|p1a: Great Tusk
|-end|p1a: Great Tusk|Protosynthesis|[silent]
|
|-damage|p2a: Zoroark|25/100|[from] Salt Cure
|upkeep
|
|t:|1779711757
|switch|p1a: Rillaboom|Rillaboom, F|100/100
|-fieldstart|move: Grassy Terrain|[from] ability: Grassy Surge|[of] p1a: Rillaboom
|turn|23
|
|t:|1779711762
|move|p1a: Rillaboom|Grassy Glide|p2a: Zoroark
|-damage|p2a: Zoroark|0 fnt
|faint|p2a: Zoroark
|
|upkeep
|
|t:|1779711766
|switch|p2a: Ambipom|Ambipom, F|88/100
|-damage|p2a: Ambipom|76/100|[from] Stealth Rock
|turn|24
|
|t:|1779711771
|move|p2a: Ambipom|Fake Out|p1a: Rillaboom
|-damage|p1a: Rillaboom|66/100
|cant|p1a: Rillaboom|flinch
|
|-heal|p2a: Ambipom|82/100|[from] Grassy Terrain
|-heal|p1a: Rillaboom|72/100|[from] Grassy Terrain
|upkeep
|turn|25
|
|t:|1779711778
|move|p1a: Rillaboom|Grassy Glide|p2a: Ambipom
|-damage|p2a: Ambipom|0 fnt
|faint|p2a: Ambipom
|
|-heal|p1a: Rillaboom|78/100|[from] Grassy Terrain
|upkeep
|
|t:|1779711784
|switch|p2a: Araquanid|Araquanid, M|100/100
|-damage|p2a: Araquanid|76/100|[from] Stealth Rock
|turn|26
|
|t:|1779711788
|move|p1a: Rillaboom|Grassy Glide|p2a: Araquanid
|-damage|p2a: Araquanid|12/100
|move|p2a: Araquanid|Leech Life|p1a: Rillaboom
|-supereffective|p1a: Rillaboom
|-damage|p1a: Rillaboom|14/100
|-heal|p2a: Araquanid|44/100|[from] drain|[of] p1a: Rillaboom
|
|-heal|p1a: Rillaboom|20/100|[from] Grassy Terrain
|-heal|p2a: Araquanid|50/100|[from] Grassy Terrain
|upkeep
|turn|27
|
|t:|1779711799
|move|p1a: Rillaboom|Grassy Glide|p2a: Araquanid
|-damage|p2a: Araquanid|0 fnt
|faint|p2a: Araquanid
|
|win|larrosak
|raw|larrosak's rating: 1122 &rarr; <strong>1144</strong><br />(+22 for winning)
|raw|soulesstm303's rating: 1087 &rarr; <strong>1066</strong><br />(-21 for losing)
|c|☆larrosak|good match
|l|☆soulesstm303
|player|p2|
|l|☆larrosak
|player|p1|
