|j|☆biscoitotroll
|j|☆Ryanop92
|t:|1779662499
|gametype|singles
|player|p1|biscoitotroll|2|1236
|player|p2|Ryanop92|2|1189
|gen|9
|tier|[Gen 9] OU
|rated|
|rule|HP Percentage Mod: HP is shown in percentages
|rule|Endless Battle Clause: Forcing endless battles is banned
|rule|Species Clause: Limit one of each Pokémon
|rule|OHKO Clause: OHKO moves are banned
|rule|Evasion Items Clause: Evasion items are banned
|rule|Evasion Moves Clause: Evasion moves are banned
|rule|Evasion Abilities Clause: Evasion abilities are banned
|rule|Sleep Moves Clause: Sleep-inducing moves are banned
|clearpoke
|poke|p1|Araquanid, F|
|poke|p1|Iron Crown|
|poke|p1|Dragapult, F|
|poke|p1|Enamorus, F|
|poke|p1|Raging Bolt|
|poke|p1|Great Tusk|
|poke|p2|Gengar, M|
|poke|p2|Terrakion|
|poke|p2|Empoleon, M|
|poke|p2|Corviknight, M|
|poke|p2|Garchomp, M|
|poke|p2|Darkrai|
|teampreview
|inactive|Battle timer is ON: inactive players will automatically lose when time's up. (requested by biscoitotroll)
|
|t:|1779662522
|teamsize|p1|6
|teamsize|p2|6
|start
|switch|p1a: Araquanid|Araquanid, F, shiny|100/100
|switch|p2a: Midas|Empoleon, M|100/100
|turn|1
|
|t:|1779662529
|move|p1a: Araquanid|Sticky Web|p2a: Midas
|-sidestart|p2: Ryanop92|move: Sticky Web
|move|p2a: Midas|Knock Off|p1a: Araquanid
|-damage|p1a: Araquanid|79/100
|-enditem|p1a: Araquanid|Custap Berry|[from] move: Knock Off|[of] p2a: Midas
|
|upkeep
|turn|2
|
|t:|1779662540
|move|p1a: Araquanid|Lunge|p2a: Midas
|-resisted|p2a: Midas
|-crit|p2a: Midas
|-damage|p2a: Midas|86/100
|-unboost|p2a: Midas|atk|1
|move|p2a: Midas|Flip Turn|p1a: Araquanid
|-resisted|p1a: Araquanid
|-damage|p1a: Araquanid|72/100
|
|t:|1779662551
|switch|p2a: Plague|Corviknight, M|100/100|[from] Flip Turn
|-ability|p2a: Plague|Pressure
|
|upkeep
|turn|3
|
|t:|1779662560
|move|p2a: Plague|Defog|p1a: Araquanid
|-unboost|p1a: Araquanid|evasion|1
|-sideend|p2: Ryanop92|Sticky Web|[from] move: Defog|[of] p2a: Plague
|move|p1a: Araquanid|Sticky Web|p2a: Plague
|-sidestart|p2: Ryanop92|move: Sticky Web
|
|upkeep
|turn|4
|
|t:|1779662569
|move|p2a: Plague|Defog|p1a: Araquanid
|-unboost|p1a: Araquanid|evasion|1
|-sideend|p2: Ryanop92|Sticky Web|[from] move: Defog|[of] p2a: Plague
|move|p1a: Araquanid|Sticky Web|p2a: Plague
|-sidestart|p2: Ryanop92|move: Sticky Web
|
|upkeep
|turn|5
|
|t:|1779662585
|move|p2a: Plague|Body Press|p1a: Araquanid
|-resisted|p1a: Araquanid
|-damage|p1a: Araquanid|59/100
|move|p1a: Araquanid|Sticky Web||[still]
|-fail|p1a: Araquanid
|
|upkeep
|turn|6
|
|t:|1779662594
|move|p2a: Plague|Defog|p1a: Araquanid
|-unboost|p1a: Araquanid|evasion|1
|-sideend|p2: Ryanop92|Sticky Web|[from] move: Defog|[of] p2a: Plague
|move|p1a: Araquanid|Sticky Web|p2a: Plague
|-sidestart|p2: Ryanop92|move: Sticky Web
|
|upkeep
|turn|7
|
|t:|1779662600
|move|p2a: Plague|U-turn|p1a: Araquanid
|-damage|p1a: Araquanid|45/100
|
|t:|1779662604
|switch|p2a: Brawn|Terrakion|100/100|[from] U-turn
|-activate|p2a: Brawn|move: Sticky Web
|-unboost|p2a: Brawn|spe|1
|move|p1a: Araquanid|Sticky Web||[still]
|-fail|p1a: Araquanid
|
|upkeep
|turn|8
|
|t:|1779662614
|switch|p2a: Plague|Corviknight, M|100/100
|-ability|p2a: Plague|Pressure
|move|p1a: Araquanid|Surf|p2a: Plague
|-damage|p2a: Plague|46/100
|
|upkeep
|turn|9
|
|t:|1779662624
|move|p2a: Plague|Roost|p2a: Plague
|-heal|p2a: Plague|96/100
|-singleturn|p2a: Plague|move: Roost
|move|p1a: Araquanid|Surf|p2a: Plague
|-damage|p2a: Plague|47/100
|
|upkeep
|turn|10
|
|t:|1779662633
|switch|p2a: Midas|Empoleon, M|86/100
|-activate|p2a: Midas|move: Sticky Web
|-unboost|p2a: Midas|spe|1
|move|p1a: Araquanid|Surf|p2a: Midas
|-resisted|p2a: Midas
|-damage|p2a: Midas|68/100
|
|-heal|p2a: Midas|74/100|[from] item: Leftovers
|upkeep
|turn|11
|
|t:|1779662644
|move|p1a: Araquanid|Surf|p2a: Midas
|-resisted|p2a: Midas
|-damage|p2a: Midas|57/100
|move|p2a: Midas|Knock Off|p1a: Araquanid
|-damage|p1a: Araquanid|32/100
|
|-heal|p2a: Midas|64/100|[from] item: Leftovers
|upkeep
|turn|12
|
|t:|1779662653
|move|p1a: Araquanid|Surf|p2a: Midas
|-resisted|p2a: Midas
|-damage|p2a: Midas|46/100
|move|p2a: Midas|Roost|p2a: Midas
|-heal|p2a: Midas|96/100
|-singleturn|p2a: Midas|move: Roost
|
|-heal|p2a: Midas|100/100|[from] item: Leftovers
|upkeep
|turn|13
|
|t:|1779662661
|move|p1a: Araquanid|Surf|p2a: Midas
|-resisted|p2a: Midas
|-damage|p2a: Midas|83/100
|move|p2a: Midas|Knock Off|p1a: Araquanid
|-damage|p1a: Araquanid|19/100
|
|-heal|p2a: Midas|89/100|[from] item: Leftovers
|upkeep
|turn|14
|
|t:|1779662673
|move|p1a: Araquanid|Surf|p2a: Midas
|-resisted|p2a: Midas
|-damage|p2a: Midas|72/100
|move|p2a: Midas|Flip Turn|p1a: Araquanid
|-resisted|p1a: Araquanid
|-damage|p1a: Araquanid|8/100
|
|t:|1779662679
|switch|p2a: Plague|Corviknight, M|47/100|[from] Flip Turn
|-ability|p2a: Plague|Pressure
|
|upkeep
|turn|15
|
|t:|1779662686
|move|p2a: Plague|U-turn|p1a: Araquanid
|-damage|p1a: Araquanid|0 fnt
|faint|p1a: Araquanid
|
|t:|1779662694
|switch|p2a: Shreptar|Garchomp, M|100/100|[from] U-turn
|-activate|p2a: Shreptar|move: Sticky Web
|-unboost|p2a: Shreptar|spe|1
|
|upkeep
|
|t:|1779662715
|switch|p1a: Raging Bolt|Raging Bolt|100/100
|-enditem|p1a: Raging Bolt|Booster Energy
|-activate|p1a: Raging Bolt|ability: Protosynthesis|[fromitem]
|-start|p1a: Raging Bolt|protosynthesisspa
|turn|16
|
|t:|1779662739
|switch|p2a: Midas|Empoleon, M|72/100
|-activate|p2a: Midas|move: Sticky Web
|-unboost|p2a: Midas|spe|1
|move|p1a: Raging Bolt|Dragon Pulse|p2a: Midas
|-resisted|p2a: Midas
|-damage|p2a: Midas|52/100
|
|-heal|p2a: Midas|58/100|[from] item: Leftovers
|upkeep
|turn|17
|
|t:|1779662751
|-terastallize|p2a: Midas|Fairy
|move|p1a: Raging Bolt|Thunderbolt|p2a: Midas
|-damage|p2a: Midas|16/100
|move|p2a: Midas|Roost|p2a: Midas
|-heal|p2a: Midas|66/100
|
|-heal|p2a: Midas|73/100|[from] item: Leftovers
|upkeep
|turn|18
|inactive|Ryanop92 has 120 seconds left.
|
|t:|1779662782
|move|p1a: Raging Bolt|Calm Mind|p1a: Raging Bolt
|-boost|p1a: Raging Bolt|spa|1
|-boost|p1a: Raging Bolt|spd|1
|move|p2a: Midas|Flip Turn|p1a: Raging Bolt
|-resisted|p1a: Raging Bolt
|-damage|p1a: Raging Bolt|93/100
|l|☆Ryanop92
|inactive|Ryanop92 disconnected and has a minute to reconnect!
|player|p2|
|j|☆Ryanop92
|inactive|Ryanop92 reconnected and has 90 seconds left.
|player|p2|Ryanop92|2|
|inactive|Ryanop92 has 60 seconds left.
|
|t:|1779662840
|switch|p2a: Joker|Gengar, M|100/100|[from] Flip Turn
|-activate|p2a: Joker|move: Sticky Web
|-unboost|p2a: Joker|spe|1
|
|upkeep
|turn|19
|
|t:|1779662851
|move|p1a: Raging Bolt|Thunderbolt|p2a: Joker
|-damage|p2a: Joker|0 fnt
|faint|p2a: Joker
|
|upkeep
|-message|Ryanop92 forfeited.
|
|win|biscoitotroll
|raw|biscoitotroll's rating: 1236 &rarr; <strong>1258</strong><br />(+22 for winning)
|raw|Ryanop92's rating: 1189 &rarr; <strong>1167</strong><br />(-22 for losing)
|l|☆Ryanop92
|player|p2|
|l|☆biscoitotroll
|player|p1|
