|j|☆aboutbean
|j|☆Nexuscoro
|t:|1779654779
|gametype|singles
|player|p1|aboutbean|n|1309
|player|p2|Nexuscoro|li|1218
|gen|9
|tier|[Gen 9] OU
|rated|
|rule|HP Percentage Mod: HP is shown in percentages
|rule|Endless Battle Clause: Forcing endless battles is banned
|rule|Species Clause: Limit one of each Pokémon
|rule|OHKO Clause: OHKO moves are banned
|rule|Evasion Items Clause: Evasion items are banned
|rule|Evasion Moves Clause: Evasion moves are banned
|rule|Evasion Abilities Clause: Evasion abilities are banned
|rule|Sleep Moves Clause: Sleep-inducing moves are banned
|clearpoke
|poke|p1|Ting-Lu|
|poke|p1|Great Tusk|
|poke|p1|Dragonite, F|
|poke|p1|Corviknight, M|
|poke|p1|Kingambit, M|
|poke|p1|Clefable, M|
|poke|p2|Cinderace, F|
|poke|p2|Uxie|
|poke|p2|Ursaluna, M|
|poke|p2|Torkoal, M|
|poke|p2|Iron Hands|
|poke|p2|Hatterene, F|
|teampreview
|inactive|Battle timer is ON: inactive players will automatically lose when time's up. (requested by aboutbean)
|
|t:|1779654788
|teamsize|p1|6
|teamsize|p2|6
|start
|switch|p1a: Loki|Clefable, M, shiny|100/100
|switch|p2a: Perky|Hatterene, F|100/100
|turn|1
|
|t:|1779654792
|move|p1a: Loki|Calm Mind|p1a: Loki
|-boost|p1a: Loki|spa|1
|-boost|p1a: Loki|spd|1
|move|p2a: Perky|Trick Room|p2a: Perky
|-fieldstart|move: Trick Room|[of] p2a: Perky
|
|upkeep
|turn|2
|
|t:|1779654800
|switch|p2a: Princess|Ursaluna, M|100/100
|move|p1a: Loki|Moonblast|p2a: Princess
|-damage|p2a: Princess|25/100
|-unboost|p2a: Princess|spa|1
|
|-status|p2a: Princess|brn|[from] item: Flame Orb
|upkeep
|turn|3
|
|t:|1779654826
|switch|p1a: Green Giant|Dragonite, F, shiny|100/100
|move|p2a: Princess|Facade|p1a: Green Giant
|-damage|p1a: Green Giant|43/100
|
|-damage|p2a: Princess|18/100 brn|[from] brn
|upkeep
|turn|4
|
|t:|1779654853
|move|p1a: Green Giant|Extreme Speed|p2a: Princess
|-damage|p2a: Princess|0 fnt
|faint|p2a: Princess
|
|upkeep
|inactive|Nexuscoro has 120 seconds left.
|
|t:|1779654863
|switch|p2a: B-Plane|Cinderace, F, shiny|100/100
|turn|5
|inactive|Nexuscoro has 120 seconds left.
|
|t:|1779654883
|switch|p1a: Loki|Clefable, M, shiny|100/100
|move|p2a: B-Plane|U-turn|p1a: Loki
|-start|p2a: B-Plane|typechange|Bug|[from] ability: Libero
|-resisted|p1a: Loki
|-damage|p1a: Loki|81/100
|inactive|Nexuscoro has 120 seconds left.
|
|t:|1779654895
|switch|p2a: An IQ Too High|Uxie|100/100|[from] U-turn
|
|-fieldend|move: Trick Room
|upkeep
|turn|6
|
|t:|1779654905
|switch|p1a: GT-350|Great Tusk|100/100
|-enditem|p1a: GT-350|Booster Energy
|-activate|p1a: GT-350|ability: Protosynthesis|[fromitem]
|-start|p1a: GT-350|protosynthesisspe
|move|p2a: An IQ Too High|Stealth Rock|p1a: GT-350
|-sidestart|p1: aboutbean|move: Stealth Rock
|
|upkeep
|turn|7
|
|t:|1779654911
|move|p1a: GT-350|Rapid Spin|p2a: An IQ Too High
|-damage|p2a: An IQ Too High|89/100
|-boost|p1a: GT-350|spe|1
|-sideend|p1: aboutbean|Stealth Rock|[from] move: Rapid Spin|[of] p1a: GT-350
|move|p2a: An IQ Too High|Trick Room|p2a: An IQ Too High
|-fieldstart|move: Trick Room|[of] p2a: An IQ Too High
|
|upkeep
|turn|8
|
|t:|1779654923
|-end|p1a: GT-350|Protosynthesis|[silent]
|switch|p1a: Sir Alex|Corviknight, M, shiny|100/100
|-ability|p1a: Sir Alex|Pressure
|move|p2a: An IQ Too High|Memento|p1a: Sir Alex
|-unboost|p1a: Sir Alex|atk|2
|-unboost|p1a: Sir Alex|spa|2
|faint|p2a: An IQ Too High
|
|upkeep
|
|t:|1779654934
|switch|p2a: Uncle Ruckus|Torkoal, M|100/100
|-weather|SunnyDay|[from] ability: Drought|[of] p2a: Uncle Ruckus
|turn|9
|inactive|aboutbean has 120 seconds left.
|
|t:|1779654971
|switch|p1a: TTT|Ting-Lu, shiny|100/100
|-ability|p1a: TTT|Vessel of Ruin
|-terastallize|p2a: Uncle Ruckus|Fire
|move|p2a: Uncle Ruckus|Eruption|p1a: TTT
|-crit|p1a: TTT
|-damage|p1a: TTT|0 fnt
|faint|p1a: TTT
|
|-weather|SunnyDay|[upkeep]
|upkeep
|
|t:|1779654980
|switch|p1a: Shogun|Kingambit, M|100/100
|-activate|p1a: Shogun|ability: Supreme Overlord
|-start|p1a: Shogun|fallen1|[silent]
|turn|10
|inactive|aboutbean has 120 seconds left.
|
|t:|1779654986
|-end|p1a: Shogun|fallen1|[silent]
|switch|p1a: Green Giant|Dragonite, F, shiny|43/100
|move|p2a: Uncle Ruckus|Eruption|p1a: Green Giant
|-resisted|p1a: Green Giant
|-damage|p1a: Green Giant|0 fnt
|faint|p1a: Green Giant
|
|-weather|SunnyDay|[upkeep]
|upkeep
|inactive|aboutbean has 120 seconds left.
|
|t:|1779655005
|switch|p1a: GT-350|Great Tusk|100/100
|-activate|p1a: GT-350|ability: Protosynthesis
|-start|p1a: GT-350|protosynthesisspe
|turn|11
|
|t:|1779655010
|move|p2a: Uncle Ruckus|Eruption|p1a: GT-350
|-crit|p1a: GT-350
|-damage|p1a: GT-350|0 fnt
|faint|p1a: GT-350
|-end|p1a: GT-350|Protosynthesis|[silent]
|
|-weather|SunnyDay|[upkeep]
|-fieldend|move: Trick Room
|upkeep
|
|t:|1779655013
|switch|p1a: Shogun|Kingambit, M|100/100
|-activate|p1a: Shogun|ability: Supreme Overlord
|-start|p1a: Shogun|fallen3|[silent]
|turn|12
|
|t:|1779655021
|switch|p2a: Jyendose|Iron Hands, shiny|100/100
|-enditem|p2a: Jyendose|Booster Energy
|-activate|p2a: Jyendose|ability: Quark Drive|[fromitem]
|-start|p2a: Jyendose|quarkdrivedef
|-terastallize|p1a: Shogun|Dark
|move|p1a: Shogun|Swords Dance|p1a: Shogun
|-boost|p1a: Shogun|atk|2
|
|-weather|SunnyDay|[upkeep]
|upkeep
|turn|13
|
|t:|1779655024
|move|p1a: Shogun|Iron Head|p2a: Jyendose
|-resisted|p2a: Jyendose
|-damage|p2a: Jyendose|78/100
|cant|p2a: Jyendose|flinch
|
|-weather|none
|upkeep
|turn|14
|
|t:|1779655029
|move|p1a: Shogun|Iron Head|p2a: Jyendose
|-resisted|p2a: Jyendose
|-damage|p2a: Jyendose|56/100
|move|p2a: Jyendose|Drain Punch|p1a: Shogun
|-supereffective|p1a: Shogun
|-damage|p1a: Shogun|42/100
|-heal|p2a: Jyendose|81/100|[from] drain|[of] p1a: Shogun
|
|upkeep
|turn|15
|
|t:|1779655035
|move|p1a: Shogun|Kowtow Cleave|p2a: Jyendose
|-resisted|p2a: Jyendose
|-damage|p2a: Jyendose|44/100
|move|p2a: Jyendose|Drain Punch|p1a: Shogun
|-supereffective|p1a: Shogun
|-damage|p1a: Shogun|0 fnt
|-heal|p2a: Jyendose|61/100|[from] drain|[of] p1a: Shogun
|faint|p1a: Shogun
|-end|p1a: Shogun|fallen3|[silent]
|
|upkeep
|
|t:|1779655039
|switch|p1a: Loki|Clefable, M, shiny|81/100
|turn|16
|
|t:|1779655054
|move|p1a: Loki|Calm Mind|p1a: Loki
|-boost|p1a: Loki|spa|1
|-boost|p1a: Loki|spd|1
|move|p2a: Jyendose|Thunder Punch|p1a: Loki
|-damage|p1a: Loki|41/100
|-status|p1a: Loki|par
|
|upkeep
|turn|17
|-message|aboutbean forfeited.
|
|win|Nexuscoro
|raw|aboutbean's rating: 1309 &rarr; <strong>1284</strong><br />(-25 for losing)
|raw|Nexuscoro's rating: 1218 &rarr; <strong>1249</strong><br />(+31 for winning)
|l|☆aboutbean
|player|p1|
|l|☆Nexuscoro
|player|p2|
