|j|☆dr6ke
|j|☆busto2412
|t:|1779626718
|gametype|singles
|player|p1|dr6ke|morty-gen2|1564
|player|p2|busto2412|hilbert|1560
|gen|9
|tier|[Gen 9] OU
|rated|
|rule|HP Percentage Mod: HP is shown in percentages
|rule|Endless Battle Clause: Forcing endless battles is banned
|rule|Species Clause: Limit one of each Pokémon
|rule|OHKO Clause: OHKO moves are banned
|rule|Evasion Items Clause: Evasion items are banned
|rule|Evasion Moves Clause: Evasion moves are banned
|rule|Evasion Abilities Clause: Evasion abilities are banned
|rule|Sleep Moves Clause: Sleep-inducing moves are banned
|clearpoke
|poke|p1|Metagross|
|poke|p1|Tyranitar, M|
|poke|p1|Skarmory, F|
|poke|p1|Rotom-Wash|
|poke|p1|Excadrill, M|
|poke|p1|Hydrapple, M|
|poke|p2|Ursaluna, M|
|poke|p2|Dragapult, M|
|poke|p2|Zapdos|
|poke|p2|Goodra-Hisui, F|
|poke|p2|Greninja-*, M|
|poke|p2|Zamazenta-*|
|teampreview
|
|t:|1779626764
|teamsize|p1|6
|teamsize|p2|6
|start
|switch|p1a: Rotom|Rotom-Wash|100/100
|switch|p2a: Ursaluna|Ursaluna, M, shiny|100/100
|turn|1
|
|t:|1779626770
|switch|p1a: Skarmory|Skarmory, F|100/100
|switch|p2a: Goodra|Goodra-Hisui, F|100/100
|
|upkeep
|turn|2
|
|t:|1779626776
|switch|p1a: Tyranitar|Tyranitar, M|100/100
|-weather|Sandstorm|[from] ability: Sand Stream|[of] p1a: Tyranitar
|move|p2a: Goodra|Flamethrower|p1a: Tyranitar
|-resisted|p1a: Tyranitar
|-damage|p1a: Tyranitar|92/100
|
|-weather|Sandstorm|[upkeep]
|upkeep
|turn|3
|
|t:|1779626784
|move|p1a: Tyranitar|Stealth Rock|p2a: Goodra
|-sidestart|p2: busto2412|move: Stealth Rock
|move|p2a: Goodra|Flash Cannon|p1a: Tyranitar
|-supereffective|p1a: Tyranitar
|-damage|p1a: Tyranitar|48/100
|
|-weather|Sandstorm|[upkeep]
|upkeep
|turn|4
|
|t:|1779626811
|move|p1a: Tyranitar|Low Kick|p2a: Goodra
|-supereffective|p2a: Goodra
|-damage|p2a: Goodra|30/100
|-ability|p2a: Goodra|Gooey
|-unboost|p1a: Tyranitar|spe|1
|move|p2a: Goodra|Flash Cannon|p1a: Tyranitar
|-supereffective|p1a: Tyranitar
|-damage|p1a: Tyranitar|3/100
|
|-weather|Sandstorm|[upkeep]
|-heal|p2a: Goodra|36/100|[from] item: Leftovers
|upkeep
|turn|5
|
|t:|1779626841
|switch|p1a: Metagross|Metagross|100/100
|move|p2a: Goodra|Flash Cannon|p1a: Metagross
|-resisted|p1a: Metagross
|-damage|p1a: Metagross|85/100
|
|-weather|Sandstorm|[upkeep]
|-heal|p2a: Goodra|42/100|[from] item: Leftovers
|upkeep
|turn|6
|
|t:|1779626884
|move|p1a: Metagross|Earthquake|p2a: Goodra
|-supereffective|p2a: Goodra
|-damage|p2a: Goodra|0 fnt
|faint|p2a: Goodra
|
|-weather|none
|upkeep
|
|t:|1779626901
|switch|p2a: Greninja|Greninja, M|100/100
|-damage|p2a: Greninja|88/100|[from] Stealth Rock
|turn|7
|
|t:|1779626922
|-terastallize|p1a: Metagross|Fairy
|move|p2a: Greninja|Dark Pulse|p1a: Metagross
|-resisted|p1a: Metagross
|-damage|p1a: Metagross|67/100
|-damage|p2a: Greninja|78/100|[from] item: Life Orb
|move|p1a: Metagross|Earthquake|p2a: Greninja
|-damage|p2a: Greninja|17/100
|
|upkeep
|turn|8
|
|t:|1779626981
|move|p1a: Metagross|Bullet Punch|p2a: Greninja
|-resisted|p2a: Greninja
|-damage|p2a: Greninja|0 fnt
|faint|p2a: Greninja
|
|upkeep
|
|t:|1779626989
|switch|p2a: Ursaluna|Ursaluna, M, shiny|100/100
|-damage|p2a: Ursaluna|94/100|[from] Stealth Rock
|turn|9
|
|t:|1779627004
|switch|p1a: Skarmory|Skarmory, F|100/100
|move|p2a: Ursaluna|Headlong Rush|p1a: Skarmory
|-immune|p1a: Skarmory
|
|-status|p2a: Ursaluna|brn|[from] item: Flame Orb
|upkeep
|turn|10
|
|t:|1779627019
|switch|p1a: Tyranitar|Tyranitar, M|3/100
|-weather|Sandstorm|[from] ability: Sand Stream|[of] p1a: Tyranitar
|switch|p2a: Zapdos|Zapdos, shiny|100/100
|
|-weather|Sandstorm|[upkeep]
|-damage|p2a: Zapdos|94/100|[from] Sandstorm
|upkeep
|turn|11
|
|t:|1779627062
|move|p2a: Zapdos|Discharge|p1a: Tyranitar
|-damage|p1a: Tyranitar|0 fnt
|faint|p1a: Tyranitar
|
|-weather|Sandstorm|[upkeep]
|-damage|p2a: Zapdos|88/100|[from] Sandstorm
|upkeep
|
|t:|1779627074
|switch|p1a: Excadrill|Excadrill, M|100/100
|turn|12
|
|t:|1779627093
|move|p1a: Excadrill|Swords Dance|p1a: Excadrill
|-boost|p1a: Excadrill|atk|2
|move|p2a: Zapdos|Heat Wave|p1a: Excadrill
|-supereffective|p1a: Excadrill
|-damage|p1a: Excadrill|30/100
|
|-weather|Sandstorm|[upkeep]
|-damage|p2a: Zapdos|82/100|[from] Sandstorm
|-heal|p1a: Excadrill|36/100|[from] item: Leftovers
|upkeep
|turn|13
|
|t:|1779627101
|move|p1a: Excadrill|Rock Slide|p2a: Zapdos
|-supereffective|p2a: Zapdos
|-damage|p2a: Zapdos|3/100
|move|p2a: Zapdos|Heat Wave|p1a: Excadrill
|-supereffective|p1a: Excadrill
|-damage|p1a: Excadrill|0 fnt
|faint|p1a: Excadrill
|
|-weather|Sandstorm|[upkeep]
|-damage|p2a: Zapdos|0 fnt|[from] Sandstorm
|faint|p2a: Zapdos
|upkeep
|
|t:|1779627118
|switch|p1a: Hydrapple|Hydrapple, M|100/100
|switch|p2a: Ursaluna|Ursaluna, M, shiny|94/100 brn
|-damage|p2a: Ursaluna|88/100 brn|[from] Stealth Rock
|turn|14
|
|t:|1779627125
|switch|p1a: Skarmory|Skarmory, F|100/100
|move|p2a: Ursaluna|Ice Punch|p1a: Skarmory
|-damage|p1a: Skarmory|71/100
|-damage|p2a: Ursaluna|71/100 brn|[from] item: Rocky Helmet|[of] p1a: Skarmory
|
|-weather|none
|-damage|p2a: Ursaluna|65/100 brn|[from] brn
|upkeep
|turn|15
|
|t:|1779627137
|move|p1a: Skarmory|Spikes|p2a: Ursaluna
|-sidestart|p2: busto2412|Spikes
|move|p2a: Ursaluna|Facade|p1a: Skarmory
|-resisted|p1a: Skarmory
|-damage|p1a: Skarmory|31/100
|-damage|p2a: Ursaluna|49/100 brn|[from] item: Rocky Helmet|[of] p1a: Skarmory
|
|-damage|p2a: Ursaluna|42/100 brn|[from] brn
|upkeep
|turn|16
|
|t:|1779627145
|move|p1a: Skarmory|Roost|p1a: Skarmory
|-heal|p1a: Skarmory|81/100
|-singleturn|p1a: Skarmory|move: Roost
|move|p2a: Ursaluna|Facade|p1a: Skarmory
|-resisted|p1a: Skarmory
|-damage|p1a: Skarmory|44/100
|-damage|p2a: Ursaluna|26/100 brn|[from] item: Rocky Helmet|[of] p1a: Skarmory
|
|-damage|p2a: Ursaluna|19/100 brn|[from] brn
|upkeep
|turn|17
|
|t:|1779627154
|move|p1a: Skarmory|Body Press|p2a: Ursaluna
|-supereffective|p2a: Ursaluna
|-damage|p2a: Ursaluna|0 fnt
|faint|p2a: Ursaluna
|
|upkeep
|
|t:|1779627158
|switch|p2a: Dragapult|Dragapult, M, shiny|100/100
|-damage|p2a: Dragapult|88/100|[from] Stealth Rock
|-damage|p2a: Dragapult|76/100|[from] Spikes
|turn|18
|
|t:|1779627167
|move|p2a: Dragapult|Shadow Ball|p1a: Skarmory
|-damage|p1a: Skarmory|0 fnt
|faint|p1a: Skarmory
|
|upkeep
|
|t:|1779627176
|switch|p1a: Metagross|Metagross, tera:Fairy|67/100
|turn|19
|
|t:|1779627193
|move|p2a: Dragapult|Shadow Ball|p1a: Metagross
|-damage|p1a: Metagross|31/100
|move|p1a: Metagross|Heavy Slam|p2a: Dragapult
|-damage|p2a: Dragapult|0 fnt
|faint|p2a: Dragapult
|
|upkeep
|
|t:|1779627199
|switch|p2a: Zamazenta|Zamazenta|100/100
|-ability|p2a: Zamazenta|Dauntless Shield|boost
|-boost|p2a: Zamazenta|def|1
|turn|20
|
|t:|1779627206
|move|p2a: Zamazenta|Iron Head|p1a: Metagross
|-supereffective|p1a: Metagross
|-damage|p1a: Metagross|0 fnt
|faint|p1a: Metagross
|
|upkeep
|
|t:|1779627209
|switch|p1a: Rotom|Rotom-Wash|100/100
|turn|21
|
|t:|1779627215
|move|p2a: Zamazenta|Close Combat|p1a: Rotom
|-damage|p1a: Rotom|34/100
|-unboost|p2a: Zamazenta|def|1
|-unboost|p2a: Zamazenta|spd|1
|move|p1a: Rotom|Thunder Wave|p2a: Zamazenta
|-status|p2a: Zamazenta|par
|
|-heal|p1a: Rotom|40/100|[from] item: Leftovers
|upkeep
|turn|22
|
|t:|1779627223
|move|p1a: Rotom|Pain Split|p2a: Zamazenta
|-sethp|p2a: Zamazenta|69/100 par|[from] move: Pain Split|[silent]
|-sethp|p1a: Rotom|74/100|[from] move: Pain Split
|move|p2a: Zamazenta|Close Combat|p1a: Rotom
|-damage|p1a: Rotom|16/100
|-unboost|p2a: Zamazenta|def|1
|-unboost|p2a: Zamazenta|spd|1
|
|-heal|p1a: Rotom|23/100|[from] item: Leftovers
|upkeep
|turn|23
|c|☆busto2412|gg
|-message|busto2412 forfeited.
|
|win|dr6ke
|raw|dr6ke's rating: 1564 &rarr; <strong>1584</strong><br />(+20 for winning)
|raw|busto2412's rating: 1560 &rarr; <strong>1540</strong><br />(-20 for losing)
|l|☆busto2412
|player|p2|
