|j|☆yzyang
|j|☆Akinarie
|t:|1779641846
|gametype|singles
|player|p1|yzyang|266|1275
|player|p2|Akinarie|punkgirl-gen7|1331
|gen|9
|tier|[Gen 9] OU
|rated|
|rule|HP Percentage Mod: HP is shown in percentages
|rule|Endless Battle Clause: Forcing endless battles is banned
|rule|Species Clause: Limit one of each Pokémon
|rule|OHKO Clause: OHKO moves are banned
|rule|Evasion Items Clause: Evasion items are banned
|rule|Evasion Moves Clause: Evasion moves are banned
|rule|Evasion Abilities Clause: Evasion abilities are banned
|rule|Sleep Moves Clause: Sleep-inducing moves are banned
|clearpoke
|poke|p1|Alomomola, M|
|poke|p1|Slowking, M|
|poke|p1|Corviknight, M|
|poke|p1|Blaziken, F|
|poke|p1|Ambipom, F|
|poke|p1|Meowscarada, F|
|poke|p2|Lokix, M|
|poke|p2|Grimmsnarl, M|
|poke|p2|Dondozo, F|
|poke|p2|Gholdengo|
|poke|p2|Cramorant, M|
|poke|p2|Pikachu-World, M|
|teampreview
|inactive|Battle timer is ON: inactive players will automatically lose when time's up. (requested by Akinarie)
|
|t:|1779641861
|teamsize|p1|6
|teamsize|p2|6
|start
|switch|p1a: Ambipom|Ambipom, F|100/100
|switch|p2a: Lokix|Lokix, M|100/100
|turn|1
|
|t:|1779641868
|move|p1a: Ambipom|Fake Out|p2a: Lokix
|-damage|p2a: Lokix|39/100
|cant|p2a: Lokix|flinch
|
|upkeep
|turn|2
|
|t:|1779641878
|switch|p1a: Alomomola|Alomomola, M|100/100
|move|p2a: Lokix|Sucker Punch||[still]
|-fail|p2a: Lokix
|
|upkeep
|turn|3
|
|t:|1779641886
|switch|p2a: Gholdengo|Gholdengo|100/100
|move|p1a: Alomomola|Flip Turn|p2a: Gholdengo
|-damage|p2a: Gholdengo|80/100
|
|t:|1779641892
|switch|p1a: Ambipom|Ambipom, F|100/100|[from] Flip Turn
|
|upkeep
|turn|4
|
|t:|1779641898
|move|p2a: Gholdengo|Make It Rain|p1a: Ambipom
|-damage|p1a: Ambipom|0 fnt
|-unboost|p2a: Gholdengo|spa|1
|faint|p1a: Ambipom
|
|upkeep
|
|t:|1779641906
|switch|p1a: Meowscarada|Meowscarada, F|100/100
|turn|5
|
|t:|1779641910
|switch|p2a: Lokix|Lokix, M|39/100
|move|p1a: Meowscarada|Knock Off|p2a: Lokix
|-start|p1a: Meowscarada|typechange|Dark|[from] ability: Protean
|-resisted|p2a: Lokix
|-damage|p2a: Lokix|3/100
|-enditem|p2a: Lokix|Choice Band|[from] move: Knock Off|[of] p1a: Meowscarada
|
|upkeep
|turn|6
|
|t:|1779641920
|switch|p1a: Alomomola|Alomomola, M|100/100
|move|p2a: Lokix|First Impression|p1a: Alomomola
|-damage|p1a: Alomomola|79/100
|-damage|p2a: Lokix|0 fnt|[from] item: Rocky Helmet|[of] p1a: Alomomola
|faint|p2a: Lokix
|
|upkeep
|
|t:|1779641925
|switch|p2a: Pikachu|Pikachu-World, M|100/100
|turn|7
|
|t:|1779641938
|switch|p1a: Slowking|Slowking, M|100/100
|move|p2a: Pikachu|Agility|p2a: Pikachu
|-boost|p2a: Pikachu|spe|2
|
|upkeep
|turn|8
|
|t:|1779641950
|move|p2a: Pikachu|Nasty Plot|p2a: Pikachu
|-boost|p2a: Pikachu|spa|2
|move|p1a: Slowking|Psychic|p2a: Pikachu
|-damage|p2a: Pikachu|0 fnt
|faint|p2a: Pikachu
|
|upkeep
|
|t:|1779641958
|switch|p2a: Grimmsnarl|Grimmsnarl, M|100/100
|turn|9
|
|t:|1779641963
|switch|p1a: Alomomola|Alomomola, M|100/100
|move|p2a: Grimmsnarl|Light Screen|p2a: Grimmsnarl
|-sidestart|p2: Akinarie|move: Light Screen
|
|upkeep
|turn|10
|
|t:|1779641969
|move|p2a: Grimmsnarl|Reflect|p2a: Grimmsnarl
|-sidestart|p2: Akinarie|Reflect
|move|p1a: Alomomola|Flip Turn|p2a: Grimmsnarl
|-damage|p2a: Grimmsnarl|92/100
|
|t:|1779641973
|switch|p1a: Corviknight|Corviknight, M|100/100|[from] Flip Turn
|-ability|p1a: Corviknight|Pressure
|
|upkeep
|turn|11
|
|t:|1779641979
|move|p2a: Grimmsnarl|Parting Shot|p1a: Corviknight
|-unboost|p1a: Corviknight|atk|1
|-unboost|p1a: Corviknight|spa|1
|
|t:|1779641986
|switch|p2a: Gholdengo|Gholdengo|80/100|[from] Parting Shot
|move|p1a: Corviknight|Defog|p2a: Gholdengo
|-immune|p2a: Gholdengo|[from] ability: Good as Gold
|
|upkeep
|turn|12
|
|t:|1779641995
|move|p2a: Gholdengo|Shadow Ball|p1a: Corviknight
|-damage|p1a: Corviknight|64/100
|move|p1a: Corviknight|U-turn|p2a: Gholdengo
|-resisted|p2a: Gholdengo
|-damage|p2a: Gholdengo|79/100
|
|t:|1779642005
|switch|p1a: Slowking|Slowking, M|100/100|[from] U-turn
|
|upkeep
|turn|13
|
|t:|1779642012
|move|p2a: Gholdengo|Shadow Ball|p1a: Slowking
|-supereffective|p1a: Slowking
|-damage|p1a: Slowking|45/100
|-prepare|p1a: Slowking|Chilly Reception|[premajor]
|move|p1a: Slowking|Chilly Reception|p1a: Slowking
|-weather|Snowscape
|
|t:|1779642020
|switch|p1a: Blaziken|Blaziken, F|100/100|[from] Chilly Reception
|
|-weather|Snowscape|[upkeep]
|upkeep
|turn|14
|
|t:|1779642026
|move|p1a: Blaziken|Protect|p1a: Blaziken
|-singleturn|p1a: Blaziken|Protect
|move|p2a: Gholdengo|Shadow Ball|p1a: Blaziken
|-activate|p1a: Blaziken|move: Protect
|
|-weather|Snowscape|[upkeep]
|-ability|p1a: Blaziken|Speed Boost|boost
|-boost|p1a: Blaziken|spe|1
|upkeep
|turn|15
|
|t:|1779642043
|switch|p2a: Dondozo|Dondozo, F|100/100
|move|p1a: Blaziken|Flamethrower|p2a: Dondozo
|-resisted|p2a: Dondozo
|-damage|p2a: Dondozo|90/100
|
|-weather|Snowscape|[upkeep]
|-heal|p2a: Dondozo|96/100|[from] item: Leftovers
|-ability|p1a: Blaziken|Speed Boost|boost
|-boost|p1a: Blaziken|spe|1
|upkeep
|turn|16
|
|t:|1779642054
|switch|p1a: Alomomola|Alomomola, M|100/100
|move|p2a: Dondozo|Curse|p2a: Dondozo
|-unboost|p2a: Dondozo|spe|1
|-boost|p2a: Dondozo|atk|1
|-boost|p2a: Dondozo|def|1
|
|-weather|Snowscape|[upkeep]
|-heal|p2a: Dondozo|100/100|[from] item: Leftovers
|-sideend|p2: Akinarie|move: Light Screen
|upkeep
|turn|17
|
|t:|1779642064
|move|p1a: Alomomola|Flip Turn|p2a: Dondozo
|-resisted|p2a: Dondozo
|-damage|p2a: Dondozo|99/100
|
|t:|1779642069
|switch|p1a: Slowking|Slowking, M|78/100|[from] Flip Turn
|move|p2a: Dondozo|Curse|p2a: Dondozo
|-unboost|p2a: Dondozo|spe|1
|-boost|p2a: Dondozo|atk|1
|-boost|p2a: Dondozo|def|1
|
|-weather|none
|-heal|p2a: Dondozo|100/100|[from] item: Leftovers
|-sideend|p2: Akinarie|Reflect
|upkeep
|turn|18
|
|t:|1779642080
|move|p1a: Slowking|Trick|p2a: Dondozo
|-activate|p1a: Slowking|move: Trick|[of] p2a: Dondozo
|-item|p2a: Dondozo|Choice Specs|[from] move: Trick
|-item|p1a: Slowking|Leftovers|[from] move: Trick
|move|p2a: Dondozo|Liquidation|p1a: Slowking
|-resisted|p1a: Slowking
|-damage|p1a: Slowking|37/100
|
|-heal|p1a: Slowking|43/100|[from] item: Leftovers
|upkeep
|turn|19
|
|t:|1779642090
|switch|p1a: Alomomola|Alomomola, M|100/100
|move|p2a: Dondozo|Liquidation|p1a: Alomomola
|-resisted|p1a: Alomomola
|-damage|p1a: Alomomola|80/100
|-damage|p2a: Dondozo|84/100|[from] item: Rocky Helmet|[of] p1a: Alomomola
|
|upkeep
|turn|20
|
|t:|1779642100
|switch|p2a: Grimmsnarl|Grimmsnarl, M|92/100
|move|p1a: Alomomola|Flip Turn|p2a: Grimmsnarl
|-damage|p2a: Grimmsnarl|76/100
|
|t:|1779642129
|switch|p1a: Meowscarada|Meowscarada, F|100/100|[from] Flip Turn
|
|upkeep
|turn|21
|
|t:|1779642135
|move|p2a: Grimmsnarl|Parting Shot|p1a: Meowscarada
|-hint|Since gen 7, Dark is immune to Prankster moves.
|-immune|p1a: Meowscarada
|move|p1a: Meowscarada|U-turn|p2a: Grimmsnarl
|-start|p1a: Meowscarada|typechange|Bug|[from] ability: Protean
|-damage|p2a: Grimmsnarl|42/100
|
|t:|1779642145
|switch|p1a: Alomomola|Alomomola, M|100/100|[from] U-turn
|
|upkeep
|turn|22
|
|t:|1779642151
|move|p2a: Grimmsnarl|Reflect|p2a: Grimmsnarl
|-sidestart|p2: Akinarie|Reflect
|move|p1a: Alomomola|Flip Turn|p2a: Grimmsnarl
|-damage|p2a: Grimmsnarl|35/100
|
|t:|1779642159
|switch|p1a: Corviknight|Corviknight, M|64/100|[from] Flip Turn
|-ability|p1a: Corviknight|Pressure
|
|upkeep
|turn|23
|
|t:|1779642166
|move|p2a: Grimmsnarl|Parting Shot|p1a: Corviknight
|-unboost|p1a: Corviknight|atk|1
|-unboost|p1a: Corviknight|spa|1
|
|t:|1779642169
|switch|p2a: Gholdengo|Gholdengo|79/100|[from] Parting Shot
|move|p1a: Corviknight|Roost|p1a: Corviknight
|-heal|p1a: Corviknight|100/100
|-singleturn|p1a: Corviknight|move: Roost
|
|upkeep
|turn|24
|
|t:|1779642178
|move|p2a: Gholdengo|Trick|p1a: Corviknight
|-activate|p2a: Gholdengo|move: Trick|[of] p1a: Corviknight
|-item|p1a: Corviknight|Choice Scarf|[from] move: Trick
|-item|p2a: Gholdengo|Heavy-Duty Boots|[from] move: Trick
|move|p1a: Corviknight|U-turn|p2a: Gholdengo
|-resisted|p2a: Gholdengo
|-damage|p2a: Gholdengo|78/100
|
|t:|1779642184
|switch|p1a: Blaziken|Blaziken, F|100/100|[from] U-turn
|
|upkeep
|turn|25
|
|t:|1779642190
|move|p1a: Blaziken|Flamethrower|p2a: Gholdengo
|-supereffective|p2a: Gholdengo
|-damage|p2a: Gholdengo|0 fnt
|faint|p2a: Gholdengo
|
|-ability|p1a: Blaziken|Speed Boost|boost
|-boost|p1a: Blaziken|spe|1
|upkeep
|
|t:|1779642193
|switch|p2a: Cramorant|Cramorant, M|100/100
|turn|26
|
|t:|1779642204
|switch|p1a: Alomomola|Alomomola, M|100/100
|move|p2a: Cramorant|Surf|p1a: Alomomola
|-formechange|p2a: Cramorant|Cramorant-Gulping|
|-resisted|p1a: Alomomola
|-damage|p1a: Alomomola|84/100
|
|upkeep
|turn|27
|
|t:|1779642213
|switch|p1a: Slowking|Slowking, M|76/100
|move|p2a: Cramorant|Air Slash|p1a: Slowking
|-damage|p1a: Slowking|62/100
|
|-heal|p1a: Slowking|69/100|[from] item: Leftovers
|upkeep
|turn|28
|
|t:|1779642222
|move|p2a: Cramorant|Air Slash|p1a: Slowking
|-crit|p1a: Slowking
|-damage|p1a: Slowking|47/100
|move|p1a: Slowking|Surf|p2a: Cramorant
|-resisted|p2a: Cramorant
|-damage|p2a: Cramorant|87/100
|-damage|p1a: Slowking|22/100|[from] ability: Gulp Missile|[of] p2a: Cramorant
|-unboost|p1a: Slowking|def|1
|-formechange|p2a: Cramorant|Cramorant|
|
|-heal|p1a: Slowking|28/100|[from] item: Leftovers
|upkeep
|turn|29
|
|t:|1779642235
|move|p2a: Cramorant|Surf|p1a: Slowking
|-formechange|p2a: Cramorant|Cramorant-Gulping|
|-resisted|p1a: Slowking
|-damage|p1a: Slowking|21/100
|-prepare|p1a: Slowking|Chilly Reception|[premajor]
|move|p1a: Slowking|Chilly Reception|p1a: Slowking
|-weather|Snowscape
|
|t:|1779642253
|switch|p1a: Alomomola|Alomomola, M|100/100|[from] Chilly Reception
|
|-weather|Snowscape|[upkeep]
|-sideend|p2: Akinarie|Reflect
|upkeep
|turn|30
|
|t:|1779642261
|move|p2a: Cramorant|Air Slash|p1a: Alomomola
|-damage|p1a: Alomomola|73/100
|move|p1a: Alomomola|Flip Turn|p2a: Cramorant
|-resisted|p2a: Cramorant
|-damage|p2a: Cramorant|77/100
|-damage|p1a: Alomomola|48/100|[from] ability: Gulp Missile|[of] p2a: Cramorant
|-unboost|p1a: Alomomola|def|1
|-formechange|p2a: Cramorant|Cramorant|
|
|t:|1779642279
|switch|p1a: Meowscarada|Meowscarada, F|100/100|[from] Flip Turn
|
|-weather|Snowscape|[upkeep]
|upkeep
|turn|31
|
|t:|1779642288
|move|p1a: Meowscarada|Triple Axel|p2a: Cramorant|[miss]
|-start|p1a: Meowscarada|typechange|Ice|[from] ability: Protean
|-miss|p1a: Meowscarada|p2a: Cramorant
|move|p2a: Cramorant|Roost|p2a: Cramorant
|-heal|p2a: Cramorant|100/100
|-singleturn|p2a: Cramorant|move: Roost
|
|-weather|Snowscape|[upkeep]
|upkeep
|turn|32
|
|t:|1779642300
|switch|p2a: Dondozo|Dondozo, F|84/100
|move|p1a: Meowscarada|Triple Axel|p2a: Dondozo
|-resisted|p2a: Dondozo
|-damage|p2a: Dondozo|81/100
|-resisted|p2a: Dondozo
|-damage|p2a: Dondozo|76/100
|-hitcount|p2a: Dondozo|2
|
|-weather|Snowscape|[upkeep]
|upkeep
|turn|33
|
|t:|1779642311
|switch|p1a: Alomomola|Alomomola, M|81/100
|move|p2a: Dondozo|Liquidation|p1a: Alomomola
|-resisted|p1a: Alomomola
|-crit|p1a: Alomomola
|-damage|p1a: Alomomola|66/100
|-damage|p2a: Dondozo|60/100|[from] item: Rocky Helmet|[of] p1a: Alomomola
|
|-weather|none
|upkeep
|turn|34
|
|t:|1779642322
|move|p1a: Alomomola|Flip Turn|p2a: Dondozo
|-resisted|p2a: Dondozo
|-damage|p2a: Dondozo|55/100
|
|t:|1779642326
|switch|p1a: Slowking|Slowking, M|54/100|[from] Flip Turn
|move|p2a: Dondozo|Liquidation|p1a: Slowking
|-resisted|p1a: Slowking
|-damage|p1a: Slowking|35/100
|-unboost|p1a: Slowking|def|1
|
|-heal|p1a: Slowking|41/100|[from] item: Leftovers
|upkeep
|turn|35
|
|t:|1779642337
|switch|p2a: Grimmsnarl|Grimmsnarl, M|35/100
|switch|p1a: Alomomola|Alomomola, M|99/100
|
|upkeep
|turn|36
|
|t:|1779642344
|move|p2a: Grimmsnarl|Reflect|p2a: Grimmsnarl
|-sidestart|p2: Akinarie|Reflect
|move|p1a: Alomomola|Flip Turn|p2a: Grimmsnarl
|-damage|p2a: Grimmsnarl|26/100
|
|t:|1779642348
|switch|p1a: Corviknight|Corviknight, M|100/100|[from] Flip Turn
|-ability|p1a: Corviknight|Pressure
|
|upkeep
|turn|37
|
|t:|1779642355
|move|p2a: Grimmsnarl|Parting Shot|p1a: Corviknight
|-unboost|p1a: Corviknight|atk|1
|-unboost|p1a: Corviknight|spa|1
|
|t:|1779642359
|switch|p2a: Cramorant|Cramorant, M|100/100|[from] Parting Shot
|move|p1a: Corviknight|Iron Head|p2a: Cramorant
|-resisted|p2a: Cramorant
|-damage|p2a: Cramorant|96/100
|
|upkeep
|turn|38
|
|t:|1779642372
|switch|p1a: Slowking|Slowking, M|75/100
|move|p2a: Cramorant|Surf|p1a: Slowking
|-formechange|p2a: Cramorant|Cramorant-Gulping|
|-resisted|p1a: Slowking
|-damage|p1a: Slowking|67/100
|
|-heal|p1a: Slowking|73/100|[from] item: Leftovers
|upkeep
|turn|39
|
|t:|1779642382
|move|p2a: Cramorant|Air Slash|p1a: Slowking
|-damage|p1a: Slowking|60/100
|move|p1a: Slowking|Psychic|p2a: Cramorant
|-damage|p2a: Cramorant|65/100
|-damage|p1a: Slowking|35/100|[from] ability: Gulp Missile|[of] p2a: Cramorant
|-unboost|p1a: Slowking|def|1
|-formechange|p2a: Cramorant|Cramorant|
|
|-heal|p1a: Slowking|41/100|[from] item: Leftovers
|upkeep
|turn|40
|
|t:|1779642398
|switch|p1a: Alomomola|Alomomola, M|100/100
|move|p2a: Cramorant|Surf|p1a: Alomomola
|-formechange|p2a: Cramorant|Cramorant-Gulping|
|-resisted|p1a: Alomomola
|-crit|p1a: Alomomola
|-damage|p1a: Alomomola|78/100
|
|upkeep
|turn|41
|
|t:|1779642406
|move|p2a: Cramorant|Roost|p2a: Cramorant
|-heal|p2a: Cramorant|100/100
|-singleturn|p2a: Cramorant|move: Roost
|move|p1a: Alomomola|Flip Turn|p2a: Cramorant
|-resisted|p2a: Cramorant
|-damage|p2a: Cramorant|96/100
|-damage|p1a: Alomomola|53/100|[from] ability: Gulp Missile|[of] p2a: Cramorant
|-unboost|p1a: Alomomola|def|1
|-formechange|p2a: Cramorant|Cramorant|
|
|t:|1779642417
|switch|p1a: Slowking|Slowking, M|74/100|[from] Flip Turn
|
|-heal|p1a: Slowking|80/100|[from] item: Leftovers
|upkeep
|turn|42
|
|t:|1779642424
|move|p2a: Cramorant|Surf|p1a: Slowking
|-formechange|p2a: Cramorant|Cramorant-Gulping|
|-resisted|p1a: Slowking
|-damage|p1a: Slowking|72/100
|move|p1a: Slowking|Psychic|p2a: Cramorant
|-damage|p2a: Cramorant|66/100
|-damage|p1a: Slowking|47/100|[from] ability: Gulp Missile|[of] p2a: Cramorant
|-unboost|p1a: Slowking|def|1
|-formechange|p2a: Cramorant|Cramorant|
|
|-heal|p1a: Slowking|53/100|[from] item: Leftovers
|upkeep
|turn|43
|
|t:|1779642438
|move|p2a: Cramorant|Roost|p2a: Cramorant
|-heal|p2a: Cramorant|100/100
|-singleturn|p2a: Cramorant|move: Roost
|move|p1a: Slowking|Psychic|p2a: Cramorant
|-damage|p2a: Cramorant|70/100
|
|-heal|p1a: Slowking|59/100|[from] item: Leftovers
|-sideend|p2: Akinarie|Reflect
|upkeep
|turn|44
|
|t:|1779642449
|switch|p2a: Grimmsnarl|Grimmsnarl, M|26/100
|move|p1a: Slowking|Psychic|p2a: Grimmsnarl
|-immune|p2a: Grimmsnarl
|
|-heal|p1a: Slowking|65/100|[from] item: Leftovers
|upkeep
|turn|45
|
|t:|1779642457
|move|p2a: Grimmsnarl|Reflect|p2a: Grimmsnarl
|-sidestart|p2: Akinarie|Reflect
|move|p1a: Slowking|Surf|p2a: Grimmsnarl
|-damage|p2a: Grimmsnarl|0 fnt
|faint|p2a: Grimmsnarl
|
|-heal|p1a: Slowking|72/100|[from] item: Leftovers
|upkeep
|
|t:|1779642464
|switch|p2a: Dondozo|Dondozo, F|55/100
|turn|46
|
|t:|1779642473
|move|p2a: Dondozo|Liquidation|p1a: Slowking
|-resisted|p1a: Slowking
|-damage|p1a: Slowking|54/100
|-prepare|p1a: Slowking|Chilly Reception|[premajor]
|move|p1a: Slowking|Chilly Reception|p1a: Slowking
|-weather|Snowscape
|
|t:|1779642480
|switch|p1a: Meowscarada|Meowscarada, F|100/100|[from] Chilly Reception
|
|-weather|Snowscape|[upkeep]
|upkeep
|turn|47
|
|t:|1779642486
|move|p1a: Meowscarada|Flower Trick|p2a: Dondozo
|-start|p1a: Meowscarada|typechange|Grass|[from] ability: Protean
|-supereffective|p2a: Dondozo
|-crit|p2a: Dondozo
|-damage|p2a: Dondozo|5/100
|move|p2a: Dondozo|Liquidation|p1a: Meowscarada
|-resisted|p1a: Meowscarada
|-damage|p1a: Meowscarada|70/100
|
|-weather|Snowscape|[upkeep]
|upkeep
|turn|48
|
|t:|1779642497
|move|p1a: Meowscarada|Flower Trick|p2a: Dondozo
|-supereffective|p2a: Dondozo
|-crit|p2a: Dondozo
|-damage|p2a: Dondozo|0 fnt
|faint|p2a: Dondozo
|
|-weather|Snowscape|[upkeep]
|upkeep
|
|t:|1779642499
|switch|p2a: Cramorant|Cramorant, M|70/100
|turn|49
|
|t:|1779642507
|-terastallize|p2a: Cramorant|Dragon
|move|p1a: Meowscarada|Flower Trick|p2a: Cramorant
|-resisted|p2a: Cramorant
|-crit|p2a: Cramorant
|-damage|p2a: Cramorant|40/100
|move|p2a: Cramorant|Air Slash|p1a: Meowscarada
|-supereffective|p1a: Meowscarada
|-damage|p1a: Meowscarada|0 fnt
|faint|p1a: Meowscarada
|
|-weather|Snowscape|[upkeep]
|upkeep
|
|t:|1779642519
|switch|p1a: Slowking|Slowking, M|87/100
|turn|50
|
|t:|1779642532
|move|p2a: Cramorant|Surf|p1a: Slowking
|-formechange|p2a: Cramorant|Cramorant-Gorging|
|-resisted|p1a: Slowking
|-damage|p1a: Slowking|78/100
|move|p1a: Slowking|Psychic|p2a: Cramorant
|-damage|p2a: Cramorant|9/100
|-damage|p1a: Slowking|54/100|[from] ability: Gulp Missile|[of] p2a: Cramorant
|-status|p1a: Slowking|par
|-formechange|p2a: Cramorant|Cramorant|
|
|-weather|none
|-heal|p1a: Slowking|60/100 par|[from] item: Leftovers
|upkeep
|turn|51
|
|t:|1779642546
|move|p2a: Cramorant|Roost|p2a: Cramorant
|-heal|p2a: Cramorant|59/100
|move|p1a: Slowking|Psychic|p2a: Cramorant
|-damage|p2a: Cramorant|32/100
|
|-heal|p1a: Slowking|66/100 par|[from] item: Leftovers
|upkeep
|turn|52
|
|t:|1779642554
|move|p2a: Cramorant|Roost|p2a: Cramorant
|-heal|p2a: Cramorant|82/100
|move|p1a: Slowking|Psychic|p2a: Cramorant
|-damage|p2a: Cramorant|52/100
|
|-heal|p1a: Slowking|72/100 par|[from] item: Leftovers
|-sideend|p2: Akinarie|Reflect
|upkeep
|turn|53
|
|t:|1779642563
|move|p2a: Cramorant|Roost|p2a: Cramorant
|-heal|p2a: Cramorant|100/100
|move|p1a: Slowking|Psychic|p2a: Cramorant
|-damage|p2a: Cramorant|73/100
|
|-heal|p1a: Slowking|78/100 par|[from] item: Leftovers
|upkeep
|turn|54
|
|t:|1779642572
|move|p2a: Cramorant|Surf|p1a: Slowking
|-formechange|p2a: Cramorant|Cramorant-Gulping|
|-resisted|p1a: Slowking
|-damage|p1a: Slowking|69/100 par
|cant|p1a: Slowking|par
|
|-heal|p1a: Slowking|75/100 par|[from] item: Leftovers
|upkeep
|turn|55
|
|t:|1779642581
|move|p2a: Cramorant|Air Slash|p1a: Slowking
|-damage|p1a: Slowking|61/100 par
|cant|p1a: Slowking|par
|
|-heal|p1a: Slowking|67/100 par|[from] item: Leftovers
|upkeep
|turn|56
|
|t:|1779642588
|move|p2a: Cramorant|Air Slash|p1a: Slowking
|-damage|p1a: Slowking|55/100 par
|cant|p1a: Slowking|flinch
|
|-heal|p1a: Slowking|61/100 par|[from] item: Leftovers
|upkeep
|turn|57
|
|t:|1779642596
|switch|p1a: Alomomola|Alomomola, M|87/100
|move|p2a: Cramorant|Air Slash|p1a: Alomomola
|-damage|p1a: Alomomola|61/100
|
|upkeep
|turn|58
|
|t:|1779642603
|switch|p1a: Slowking|Slowking, M|94/100 par
|move|p2a: Cramorant|Air Slash|p1a: Slowking
|-damage|p1a: Slowking|81/100 par
|
|-heal|p1a: Slowking|87/100 par|[from] item: Leftovers
|upkeep
|turn|59
|
|t:|1779642612
|switch|p1a: Alomomola|Alomomola, M|94/100
|move|p2a: Cramorant|Air Slash|p1a: Alomomola
|-damage|p1a: Alomomola|67/100
|
|upkeep
|turn|60
|
|t:|1779642618
|switch|p1a: Slowking|Slowking, M|100/100 par
|move|p2a: Cramorant|Defog|p1a: Slowking
|-unboost|p1a: Slowking|evasion|1
|
|upkeep
|turn|61
|
|t:|1779642625
|move|p2a: Cramorant|Defog|p1a: Slowking
|-unboost|p1a: Slowking|evasion|1
|move|p1a: Slowking|Psychic|p2a: Cramorant
|-damage|p2a: Cramorant|44/100
|-damage|p1a: Slowking|76/100 par|[from] ability: Gulp Missile|[of] p2a: Cramorant
|-unboost|p1a: Slowking|def|1
|-formechange|p2a: Cramorant|Cramorant|
|
|-heal|p1a: Slowking|82/100 par|[from] item: Leftovers
|upkeep
|turn|62
|
|t:|1779642639
|move|p2a: Cramorant|Surf|p1a: Slowking
|-formechange|p2a: Cramorant|Cramorant-Gorging|
|-resisted|p1a: Slowking
|-crit|p1a: Slowking
|-damage|p1a: Slowking|70/100 par
|move|p1a: Slowking|Psychic|p2a: Cramorant
|-damage|p2a: Cramorant|17/100
|-damage|p1a: Slowking|45/100 par|[from] ability: Gulp Missile|[of] p2a: Cramorant
|-formechange|p2a: Cramorant|Cramorant|
|
|-heal|p1a: Slowking|51/100 par|[from] item: Leftovers
|upkeep
|turn|63
|
|t:|1779642651
|move|p2a: Cramorant|Roost|p2a: Cramorant
|-heal|p2a: Cramorant|67/100
|move|p1a: Slowking|Psychic|p2a: Cramorant
|-damage|p2a: Cramorant|39/100
|
|-heal|p1a: Slowking|57/100 par|[from] item: Leftovers
|upkeep
|turn|64
|
|t:|1779642660
|switch|p1a: Alomomola|Alomomola, M|99/100
|move|p2a: Cramorant|Surf|p1a: Alomomola
|-formechange|p2a: Cramorant|Cramorant-Gorging|
|-resisted|p1a: Alomomola
|-damage|p1a: Alomomola|83/100
|
|upkeep
|turn|65
|
|t:|1779642668
|move|p2a: Cramorant|Air Slash|p1a: Alomomola
|-damage|p1a: Alomomola|56/100
|cant|p1a: Alomomola|flinch
|
|upkeep
|turn|66
|
|t:|1779642673
|switch|p1a: Slowking|Slowking, M|90/100 par
|move|p2a: Cramorant|Air Slash|p1a: Slowking
|-damage|p1a: Slowking|76/100 par
|
|-heal|p1a: Slowking|82/100 par|[from] item: Leftovers
|upkeep
|turn|67
|
|t:|1779642682
|move|p2a: Cramorant|Roost|p2a: Cramorant
|-heal|p2a: Cramorant|89/100
|move|p1a: Slowking|Psychic|p2a: Cramorant
|-damage|p2a: Cramorant|60/100
|-damage|p1a: Slowking|57/100 par|[from] ability: Gulp Missile|[of] p2a: Cramorant
|-formechange|p2a: Cramorant|Cramorant|
|
|-heal|p1a: Slowking|63/100 par|[from] item: Leftovers
|upkeep
|turn|68
|
|t:|1779642692
|move|p2a: Cramorant|Surf|p1a: Slowking
|-formechange|p2a: Cramorant|Cramorant-Gulping|
|-resisted|p1a: Slowking
|-damage|p1a: Slowking|56/100 par
|cant|p1a: Slowking|par
|
|-heal|p1a: Slowking|62/100 par|[from] item: Leftovers
|upkeep
|turn|69
|
|t:|1779642701
|switch|p1a: Alomomola|Alomomola, M|89/100
|move|p2a: Cramorant|Air Slash|p1a: Alomomola
|-damage|p1a: Alomomola|64/100
|
|upkeep
|turn|70
|
|t:|1779642707
|move|p2a: Cramorant|Air Slash|p1a: Alomomola
|-damage|p1a: Alomomola|38/100
|cant|p1a: Alomomola|flinch
|
|upkeep
|turn|71
|
|t:|1779642713
|switch|p1a: Slowking|Slowking, M|95/100 par
|move|p2a: Cramorant|Air Slash|p1a: Slowking
|-damage|p1a: Slowking|82/100 par
|
|-heal|p1a: Slowking|88/100 par|[from] item: Leftovers
|upkeep
|turn|72
|
|t:|1779642721
|move|p2a: Cramorant|Air Slash|p1a: Slowking
|-damage|p1a: Slowking|74/100 par
|move|p1a: Slowking|Psychic|p2a: Cramorant
|-damage|p2a: Cramorant|30/100
|-unboost|p2a: Cramorant|spd|1
|-damage|p1a: Slowking|49/100 par|[from] ability: Gulp Missile|[of] p2a: Cramorant
|-unboost|p1a: Slowking|def|1
|-formechange|p2a: Cramorant|Cramorant|
|
|-heal|p1a: Slowking|55/100 par|[from] item: Leftovers
|upkeep
|turn|73
|
|t:|1779642734
|move|p2a: Cramorant|Surf|p1a: Slowking
|-formechange|p2a: Cramorant|Cramorant-Gorging|
|-resisted|p1a: Slowking
|-damage|p1a: Slowking|46/100 par
|move|p1a: Slowking|Psychic|p2a: Cramorant
|-damage|p2a: Cramorant|0 fnt
|-damage|p1a: Slowking|22/100 par|[from] ability: Gulp Missile|[of] p2a: Cramorant
|-formechange|p2a: Cramorant|Cramorant|
|faint|p2a: Cramorant
|
|win|yzyang
|raw|yzyang's rating: 1275 &rarr; <strong>1304</strong><br />(+29 for winning)
|raw|Akinarie's rating: 1331 &rarr; <strong>1308</strong><br />(-23 for losing)
|l|☆Akinarie
|player|p2|
|l|☆yzyang
|player|p1|
