|j|☆louwilliamzz
|j|‽leifohman
|t:|1779633007
|gametype|singles
|player|p1|louwilliamzz|1|1508
|player|p2|leifohman|169|1557
|gen|9
|tier|[Gen 9] OU
|rated|
|rule|HP Percentage Mod: HP is shown in percentages
|rule|Endless Battle Clause: Forcing endless battles is banned
|rule|Species Clause: Limit one of each Pokémon
|rule|OHKO Clause: OHKO moves are banned
|rule|Evasion Items Clause: Evasion items are banned
|rule|Evasion Moves Clause: Evasion moves are banned
|rule|Evasion Abilities Clause: Evasion abilities are banned
|rule|Sleep Moves Clause: Sleep-inducing moves are banned
|clearpoke
|poke|p1|Cinderace, M|
|poke|p1|Chesnaught, M|
|poke|p1|Gholdengo|
|poke|p1|Primarina, F|
|poke|p1|Ting-Lu|
|poke|p1|Salamence, M|
|poke|p2|Porygon2|
|poke|p2|Dragapult, F|
|poke|p2|Deoxys-Speed|
|poke|p2|Cinderace, M|
|poke|p2|Donphan, M|
|poke|p2|Gardevoir, F|
|teampreview
|inactive|Battle timer is ON: inactive players will automatically lose when time's up. (requested by leifohman)
|
|t:|1779633025
|teamsize|p1|6
|teamsize|p2|6
|start
|switch|p1a: Cinderace|Cinderace, M|100/100
|switch|p2a: Dragapult|Dragapult, F, shiny|100/100
|turn|1
|
|t:|1779633032
|switch|p1a: Ting-Lu|Ting-Lu, shiny|100/100
|-ability|p1a: Ting-Lu|Vessel of Ruin
|move|p2a: Dragapult|Draco Meteor|p1a: Ting-Lu|[miss]
|-miss|p2a: Dragapult|p1a: Ting-Lu
|
|upkeep
|turn|2
|
|t:|1779633043
|switch|p2a: Cinderace|Cinderace, M, shiny|100/100
|move|p1a: Ting-Lu|Ruination|p2a: Cinderace
|-damage|p2a: Cinderace|51/100
|
|upkeep
|turn|3
|
|t:|1779633054
|switch|p1a: Salamence|Salamence, M|100/100
|-ability|p1a: Salamence|Intimidate|boost
|-unboost|p2a: Cinderace|atk|1
|move|p2a: Cinderace|U-turn|p1a: Salamence
|-start|p2a: Cinderace|typechange|Bug|[from] ability: Libero
|-resisted|p1a: Salamence
|-damage|p1a: Salamence|88/100
|
|t:|1779633066
|switch|p2a: Deoxys|Deoxys-Speed, shiny|100/100|[from] U-turn
|-ability|p2a: Deoxys|Pressure
|
|upkeep
|turn|4
|
|t:|1779633079
|switch|p1a: Ting-Lu|Ting-Lu, shiny|100/100
|-ability|p1a: Ting-Lu|Vessel of Ruin
|move|p2a: Deoxys|Ice Beam|p1a: Ting-Lu
|-supereffective|p1a: Ting-Lu
|-damage|p1a: Ting-Lu|74/100
|-status|p1a: Ting-Lu|frz
|-damage|p2a: Deoxys|91/100|[from] item: Life Orb
|
|-heal|p1a: Ting-Lu|80/100 frz|[from] item: Leftovers
|upkeep
|turn|5
|
|t:|1779633088
|move|p2a: Deoxys|Knock Off|p1a: Ting-Lu
|-resisted|p1a: Ting-Lu
|-damage|p1a: Ting-Lu|72/100 frz
|-enditem|p1a: Ting-Lu|Leftovers|[from] move: Knock Off|[of] p2a: Deoxys
|-damage|p2a: Deoxys|81/100|[from] item: Life Orb
|-curestatus|p1a: Ting-Lu|frz|[msg]
|move|p1a: Ting-Lu|Earthquake|p2a: Deoxys
|-damage|p2a: Deoxys|15/100
|
|upkeep
|turn|6
|
|t:|1779633098
|move|p2a: Deoxys|Superpower|p1a: Ting-Lu
|-supereffective|p1a: Ting-Lu
|-damage|p1a: Ting-Lu|33/100
|-unboost|p2a: Deoxys|atk|1
|-unboost|p2a: Deoxys|def|1
|-damage|p2a: Deoxys|5/100|[from] item: Life Orb
|move|p1a: Ting-Lu|Earthquake|p2a: Deoxys
|-damage|p2a: Deoxys|0 fnt
|faint|p2a: Deoxys
|
|upkeep
|
|t:|1779633111
|switch|p2a: Cinderace|Cinderace, M, shiny|51/100
|turn|7
|
|t:|1779633121
|move|p2a: Cinderace|U-turn|p1a: Ting-Lu
|-start|p2a: Cinderace|typechange|Bug|[from] ability: Libero
|-supereffective|p1a: Ting-Lu
|-damage|p1a: Ting-Lu|0 fnt
|faint|p1a: Ting-Lu
|
|t:|1779633132
|switch|p2a: Porygon2|Porygon2, shiny|100/100|[from] U-turn
|
|upkeep
|
|t:|1779633142
|switch|p1a: Chesnaught|Chesnaught, M, shiny|100/100
|-ability|p2a: Porygon2|Bulletproof|Trace|[from] ability: Trace|[of] p1a: Chesnaught
|turn|8
|
|t:|1779633151
|-terastallize|p2a: Porygon2|Ghost
|move|p1a: Chesnaught|Knock Off|p2a: Porygon2
|-supereffective|p2a: Porygon2
|-damage|p2a: Porygon2|69/100
|-enditem|p2a: Porygon2|Eviolite|[from] move: Knock Off|[of] p1a: Chesnaught
|move|p2a: Porygon2|Tri Attack|p1a: Chesnaught
|-damage|p1a: Chesnaught|67/100
|
|upkeep
|turn|9
|
|t:|1779633162
|switch|p1a: Primarina|Primarina, F, shiny|100/100
|move|p2a: Porygon2|Discharge|p1a: Primarina
|-supereffective|p1a: Primarina
|-damage|p1a: Primarina|76/100
|
|upkeep
|turn|10
|
|t:|1779633172
|move|p1a: Primarina|Moonblast|p2a: Porygon2
|-damage|p2a: Porygon2|34/100
|-unboost|p2a: Porygon2|spa|1
|move|p2a: Porygon2|Discharge|p1a: Primarina
|-supereffective|p1a: Primarina
|-damage|p1a: Primarina|61/100
|
|upkeep
|turn|11
|
|t:|1779633182
|move|p1a: Primarina|Moonblast|p2a: Porygon2
|-damage|p2a: Porygon2|0 fnt
|faint|p2a: Porygon2
|
|upkeep
|inactive|leifohman has 120 seconds left.
|
|t:|1779633223
|switch|p2a: Gardevoir|Gardevoir, F, shiny|100/100
|-ability|p2a: Gardevoir|Liquid Voice|Trace|[from] ability: Trace|[of] p1a: Primarina
|turn|12
|inactive|louwilliamzz has 120 seconds left.
|
|t:|1779633255
|move|p2a: Gardevoir|Moonblast|p1a: Primarina
|-damage|p1a: Primarina|31/100
|-unboost|p1a: Primarina|spa|1
|move|p1a: Primarina|Moonblast|p2a: Gardevoir
|-damage|p2a: Gardevoir|60/100
|
|upkeep
|turn|13
|
|t:|1779633264
|move|p2a: Gardevoir|Moonblast|p1a: Primarina
|-damage|p1a: Primarina|1/100
|move|p1a: Primarina|Moonblast|p2a: Gardevoir
|-damage|p2a: Gardevoir|21/100
|-unboost|p2a: Gardevoir|spa|1
|
|upkeep
|turn|14
|
|t:|1779633272
|switch|p1a: Gholdengo|Gholdengo|100/100
|move|p2a: Gardevoir|Moonblast|p1a: Gholdengo
|-resisted|p1a: Gholdengo
|-damage|p1a: Gholdengo|82/100
|-unboost|p1a: Gholdengo|spa|1
|
|upkeep
|turn|15
|inactive|leifohman has 120 seconds left.
|
|t:|1779633287
|switch|p2a: Cinderace|Cinderace, M, shiny|51/100
|move|p1a: Gholdengo|Shadow Ball|p2a: Cinderace
|-crit|p2a: Cinderace
|-damage|p2a: Cinderace|0 fnt
|faint|p2a: Cinderace
|
|upkeep
|inactive|leifohman has 120 seconds left.
|
|t:|1779633306
|switch|p2a: Donphan|Donphan, M, shiny|100/100
|turn|16
|
|t:|1779633318
|switch|p1a: Primarina|Primarina, F, shiny|1/100
|move|p2a: Donphan|Earthquake|p1a: Primarina
|-damage|p1a: Primarina|0 fnt
|faint|p1a: Primarina
|
|upkeep
|
|t:|1779633324
|switch|p1a: Chesnaught|Chesnaught, M, shiny|67/100
|turn|17
|inactive|leifohman has 120 seconds left.
|
|t:|1779633354
|switch|p2a: Dragapult|Dragapult, F, shiny|100/100
|move|p1a: Chesnaught|Knock Off|p2a: Dragapult
|-supereffective|p2a: Dragapult
|-crit|p2a: Dragapult
|-damage|p2a: Dragapult|0 fnt
|-enditem|p2a: Dragapult|Choice Specs|[from] move: Knock Off|[of] p1a: Chesnaught
|faint|p2a: Dragapult
|
|upkeep
|
|t:|1779633361
|switch|p2a: Gardevoir|Gardevoir, F, shiny|21/100
|-ability|p2a: Gardevoir|Bulletproof|Trace|[from] ability: Trace|[of] p1a: Chesnaught
|turn|18
|
|t:|1779633370
|switch|p1a: Cinderace|Cinderace, M|100/100
|move|p2a: Gardevoir|Psychic|p1a: Cinderace
|-damage|p1a: Cinderace|41/100
|
|upkeep
|turn|19
|
|t:|1779633379
|move|p2a: Gardevoir|Psychic|p1a: Cinderace
|-damage|p1a: Cinderace|0 fnt
|faint|p1a: Cinderace
|
|upkeep
|
|t:|1779633383
|switch|p1a: Gholdengo|Gholdengo|82/100
|turn|20
|
|t:|1779633390
|move|p1a: Gholdengo|Make It Rain|p2a: Gardevoir
|-supereffective|p2a: Gardevoir
|-damage|p2a: Gardevoir|0 fnt
|-unboost|p1a: Gholdengo|spa|1
|faint|p2a: Gardevoir
|
|upkeep
|
|t:|1779633393
|switch|p2a: Donphan|Donphan, M, shiny|100/100
|turn|21
|
|t:|1779633404
|move|p1a: Gholdengo|Make It Rain|p2a: Donphan
|-damage|p2a: Donphan|48/100
|-unboost|p1a: Gholdengo|spa|1
|move|p2a: Donphan|Ice Spinner|p1a: Gholdengo
|-resisted|p1a: Gholdengo
|-damage|p1a: Gholdengo|67/100
|
|upkeep
|turn|22
|
|t:|1779633414
|switch|p1a: Chesnaught|Chesnaught, M, shiny|67/100
|move|p2a: Donphan|Earthquake|p1a: Chesnaught
|-resisted|p1a: Chesnaught
|-damage|p1a: Chesnaught|51/100
|
|upkeep
|turn|23
|
|t:|1779633422
|move|p1a: Chesnaught|Synthesis|p1a: Chesnaught
|-heal|p1a: Chesnaught|100/100
|move|p2a: Donphan|Ice Spinner|p1a: Chesnaught
|-supereffective|p1a: Chesnaught
|-damage|p1a: Chesnaught|67/100
|-damage|p2a: Donphan|31/100|[from] item: Rocky Helmet|[of] p1a: Chesnaught
|
|upkeep
|turn|24
|-message|leifohman forfeited.
|
|win|louwilliamzz
|raw|louwilliamzz's rating: 1508 &rarr; <strong>1531</strong><br />(+23 for winning)
|raw|leifohman's rating: 1557 &rarr; <strong>1534</strong><br />(-23 for losing)
|l|‽leifohman
|player|p2|
|l|☆louwilliamzz
|player|p1|
