|j|☆CantFindExplain
|j|☆welovevaporeon
|t:|1779683756
|gametype|singles
|player|p1|CantFindExplain|102|1388
|player|p2|welovevaporeon|zinnia|1432
|gen|9
|tier|[Gen 9] OU
|rated|
|rule|HP Percentage Mod: HP is shown in percentages
|rule|Endless Battle Clause: Forcing endless battles is banned
|rule|Species Clause: Limit one of each Pokémon
|rule|OHKO Clause: OHKO moves are banned
|rule|Evasion Items Clause: Evasion items are banned
|rule|Evasion Moves Clause: Evasion moves are banned
|rule|Evasion Abilities Clause: Evasion abilities are banned
|rule|Sleep Moves Clause: Sleep-inducing moves are banned
|clearpoke
|poke|p1|Dragapult, F|
|poke|p1|Garganacl, F|
|poke|p1|Ogerpon-Wellspring, F|
|poke|p1|Zamazenta-*|
|poke|p1|Zapdos|
|poke|p1|Iron Treads|
|poke|p2|Iron Valiant|
|poke|p2|Slowking-Galar, F|
|poke|p2|Regieleki|
|poke|p2|Meowscarada, F|
|poke|p2|Moltres|
|poke|p2|Great Tusk|
|teampreview
|j| testingrainteam1
|l| testingrainteam1
|inactive|Battle timer is ON: inactive players will automatically lose when time's up. (requested by welovevaporeon)
|
|t:|1779683791
|teamsize|p1|6
|teamsize|p2|6
|start
|switch|p1a: Zapdos|Zapdos|100/100
|switch|p2a: Gary|Meowscarada, F, shiny|100/100
|turn|1
|
|t:|1779683799
|move|p2a: Gary|Triple Axel|p1a: Zapdos
|-start|p2a: Gary|typechange|Ice|[from] ability: Protean
|-supereffective|p1a: Zapdos
|-damage|p1a: Zapdos|86/100
|-supereffective|p1a: Zapdos
|-damage|p1a: Zapdos|61/100
|-supereffective|p1a: Zapdos
|-damage|p1a: Zapdos|24/100
|-hitcount|p1a: Zapdos|3
|move|p1a: Zapdos|Discharge|p2a: Gary
|-damage|p2a: Gary|50/100
|-status|p2a: Gary|par
|
|upkeep
|turn|2
|inactive|CantFindExplain has 120 seconds left.
|
|t:|1779683857
|switch|p2a: Slowking|Slowking-Galar, F|100/100
|switch|p1a: Zamazenta|Zamazenta|100/100
|-ability|p1a: Zamazenta|Dauntless Shield|boost
|-boost|p1a: Zamazenta|def|1
|
|upkeep
|turn|3
|
|t:|1779683870
|switch|p1a: Iron Treads|Iron Treads|100/100
|move|p2a: Slowking|Future Sight|p1a: Iron Treads
|-start|p2a: Slowking|move: Future Sight
|
|upkeep
|turn|4
|
|t:|1779683879
|switch|p2a: Moltres|Moltres|100/100
|move|p1a: Iron Treads|Stealth Rock|p2a: Moltres
|-sidestart|p2: welovevaporeon|move: Stealth Rock
|
|upkeep
|turn|5
|
|t:|1779683886
|-end|p1a: Iron Treads|Quark Drive|[silent]
|switch|p1a: Garganacl|Garganacl, F|100/100
|move|p2a: Moltres|U-turn|p1a: Garganacl
|-damage|p1a: Garganacl|90/100
|inactive|welovevaporeon has 120 seconds left.
|
|t:|1779683925
|switch|p2a: Great Tusk|Great Tusk|100/100|[from] U-turn
|
|-end|p1a: Garganacl|move: Future Sight
|-damage|p1a: Garganacl|58/100
|-heal|p1a: Garganacl|65/100|[from] item: Leftovers
|upkeep
|turn|6
|inactive|CantFindExplain has 120 seconds left.
|inactive|welovevaporeon has 120 seconds left.
|
|t:|1779683939
|switch|p1a: Zapdos|Zapdos|24/100
|move|p2a: Great Tusk|Ice Spinner|p1a: Zapdos
|-supereffective|p1a: Zapdos
|-damage|p1a: Zapdos|0 fnt
|faint|p1a: Zapdos
|
|upkeep
|
|t:|1779683948
|switch|p1a: Ogerpon|Ogerpon-Wellspring, F|100/100
|turn|7
|inactive|welovevaporeon has 120 seconds left.
|
|t:|1779683975
|move|p1a: Ogerpon|Ivy Cudgel|p2a: Great Tusk|[anim] Ivy Cudgel Water
|-supereffective|p2a: Great Tusk
|-damage|p2a: Great Tusk|35/100
|move|p2a: Great Tusk|Rapid Spin|p1a: Ogerpon
|-crit|p1a: Ogerpon
|-damage|p1a: Ogerpon|69/100
|-boost|p2a: Great Tusk|spe|1
|-sideend|p2: welovevaporeon|Stealth Rock|[from] move: Rapid Spin|[of] p2a: Great Tusk
|
|upkeep
|turn|8
|
|t:|1779683990
|-end|p2a: Great Tusk|Protosynthesis|[silent]
|switch|p2a: Gary|Meowscarada, F, shiny|50/100 par
|move|p1a: Ogerpon|Horn Leech|p2a: Gary
|-resisted|p2a: Gary
|-damage|p2a: Gary|13/100 par
|-heal|p1a: Ogerpon|87/100|[from] drain|[of] p2a: Gary
|
|upkeep
|turn|9
|
|t:|1779683995
|move|p1a: Ogerpon|Ivy Cudgel|p2a: Gary|[anim] Ivy Cudgel Water
|-resisted|p2a: Gary
|-damage|p2a: Gary|0 fnt
|faint|p2a: Gary
|
|upkeep
|
|t:|1779683999
|switch|p2a: Honored1|Regieleki, shiny|100/100
|turn|10
|inactive|welovevaporeon has 120 seconds left.
|
|t:|1779684005
|switch|p1a: Iron Treads|Iron Treads|100/100
|move|p2a: Honored1|Volt Switch|p1a: Iron Treads
|-immune|p1a: Iron Treads
|
|upkeep
|turn|11
|
|t:|1779684010
|switch|p2a: Moltres|Moltres|100/100
|move|p1a: Iron Treads|Stealth Rock|p2a: Moltres
|-sidestart|p2: welovevaporeon|move: Stealth Rock
|
|upkeep
|turn|12
|inactive|welovevaporeon has 120 seconds left.
|
|t:|1779684047
|move|p1a: Iron Treads|Knock Off|p2a: Moltres
|-damage|p2a: Moltres|83/100
|-enditem|p2a: Moltres|Heavy-Duty Boots|[from] move: Knock Off|[of] p1a: Iron Treads
|move|p2a: Moltres|Flamethrower|p1a: Iron Treads
|-supereffective|p1a: Iron Treads
|-crit|p1a: Iron Treads
|-damage|p1a: Iron Treads|5/100
|
|-heal|p1a: Iron Treads|11/100|[from] item: Leftovers
|upkeep
|turn|13
|
|t:|1779684067
|-end|p1a: Iron Treads|Quark Drive|[silent]
|switch|p1a: Garganacl|Garganacl, F|65/100
|move|p2a: Moltres|U-turn|p1a: Garganacl
|-damage|p1a: Garganacl|54/100
|inactive|welovevaporeon has 90 seconds left.
|
|t:|1779684092
|switch|p2a: Honored1|Regieleki, shiny|100/100|[from] U-turn
|-damage|p2a: Honored1|88/100|[from] Stealth Rock
|
|-heal|p1a: Garganacl|61/100|[from] item: Leftovers
|upkeep
|turn|14
|
|t:|1779684102
|switch|p1a: Dragapult|Dragapult, F|100/100
|move|p2a: Honored1|Electro Ball|p1a: Dragapult
|-resisted|p1a: Dragapult
|-damage|p1a: Dragapult|69/100
|
|upkeep
|turn|15
|inactive|welovevaporeon has 90 seconds left.
|
|t:|1779684119
|switch|p2a: Slowking|Slowking-Galar, F|100/100
|move|p1a: Dragapult|Shadow Ball|p2a: Slowking
|-supereffective|p2a: Slowking
|-damage|p2a: Slowking|41/100
|-unboost|p2a: Slowking|spd|1
|
|upkeep
|turn|16
|inactive|CantFindExplain has 120 seconds left.
|inactive|welovevaporeon has 60 seconds left.
|
|t:|1779684174
|switch|p2a: Great Tusk|Great Tusk|35/100
|move|p1a: Dragapult|Shadow Ball|p2a: Great Tusk
|-damage|p2a: Great Tusk|0 fnt
|faint|p2a: Great Tusk
|-end|p2a: Great Tusk|Protosynthesis|[silent]
|
|upkeep
|
|t:|1779684187
|switch|p2a: Iron Valiant|Iron Valiant|100/100
|-damage|p2a: Iron Valiant|94/100|[from] Stealth Rock
|-enditem|p2a: Iron Valiant|Booster Energy
|-activate|p2a: Iron Valiant|ability: Quark Drive|[fromitem]
|-start|p2a: Iron Valiant|quarkdrivespe
|turn|17
|inactive|CantFindExplain has 120 seconds left.
|inactive|welovevaporeon has 30 seconds left.
|inactive|welovevaporeon has 20 seconds left.
|inactiveoff|Battle timer is now OFF.
|
|t:|1779684225
|move|p2a: Iron Valiant|Moonblast|p1a: Dragapult
|-supereffective|p1a: Dragapult
|-damage|p1a: Dragapult|0 fnt
|faint|p1a: Dragapult
|
|upkeep
|
|t:|1779684228
|switch|p1a: Ogerpon|Ogerpon-Wellspring, F|87/100
|turn|18
|inactive|Battle timer is ON: inactive players will automatically lose when time's up. (requested by CantFindExplain)
|inactive|welovevaporeon has 30 seconds left this turn.
|
|t:|1779684255
|-terastallize|p1a: Ogerpon|Water
|detailschange|p1a: Ogerpon|Ogerpon-Wellspring-Tera, F, tera:Water
|-ability|p1a: Ogerpon|Embody Aspect (Wellspring)|boost
|-boost|p1a: Ogerpon|spd|1
|move|p2a: Iron Valiant|Moonblast|p1a: Ogerpon
|-damage|p1a: Ogerpon|48/100
|move|p1a: Ogerpon|Ivy Cudgel|p2a: Iron Valiant|[anim] Ivy Cudgel Water
|-crit|p2a: Iron Valiant
|-damage|p2a: Iron Valiant|0 fnt
|faint|p2a: Iron Valiant
|-end|p2a: Iron Valiant|Quark Drive|[silent]
|
|upkeep
|inactive|welovevaporeon has 30 seconds left.
|
|t:|1779684267
|switch|p2a: Honored1|Regieleki, shiny|88/100
|-damage|p2a: Honored1|76/100|[from] Stealth Rock
|turn|19
|inactive|CantFindExplain has 120 seconds left.
|inactive|CantFindExplain has 90 seconds left.
|
|t:|1779684321
|move|p2a: Honored1|Swift|p1a: Ogerpon
|-damage|p1a: Ogerpon|29/100
|move|p1a: Ogerpon|Ivy Cudgel|p2a: Honored1|[anim] Ivy Cudgel Water
|-damage|p2a: Honored1|0 fnt
|faint|p2a: Honored1
|
|upkeep
|
|t:|1779684327
|switch|p2a: Slowking|Slowking-Galar, F|74/100
|turn|20
|inactive|CantFindExplain has 90 seconds left.
|
|t:|1779684339
|move|p1a: Ogerpon|U-turn|p2a: Slowking
|-damage|p2a: Slowking|44/100
|c|☆welovevaporeon|congrats on ur coinflip
|
|t:|1779684343
|switch|p1a: Zamazenta|Zamazenta|100/100|[from] U-turn
|move|p2a: Slowking|Sludge Bomb|p1a: Zamazenta
|-damage|p1a: Zamazenta|73/100
|-status|p1a: Zamazenta|psn
|
|-heal|p1a: Zamazenta|80/100 psn|[from] item: Leftovers
|-damage|p1a: Zamazenta|67/100 psn|[from] psn
|upkeep
|turn|21
|-message|welovevaporeon forfeited.
|
|win|CantFindExplain
|raw|CantFindExplain's rating: 1388 &rarr; <strong>1411</strong><br />(+23 for winning)
|raw|welovevaporeon's rating: 1432 &rarr; <strong>1409</strong><br />(-23 for losing)
|l|☆CantFindExplain
|player|p1|
|l|☆welovevaporeon
|player|p2|
