|j|☆Linkinfernodouglas
|j|☆Flexliks
|t:|1779661921
|gametype|singles
|player|p1|Linkinfernodouglas|169|1322
|player|p2|Flexliks|bruno|1290
|gen|9
|tier|[Gen 9] OU
|rated|
|rule|HP Percentage Mod: HP is shown in percentages
|rule|Endless Battle Clause: Forcing endless battles is banned
|rule|Species Clause: Limit one of each Pokémon
|rule|OHKO Clause: OHKO moves are banned
|rule|Evasion Items Clause: Evasion items are banned
|rule|Evasion Moves Clause: Evasion moves are banned
|rule|Evasion Abilities Clause: Evasion abilities are banned
|rule|Sleep Moves Clause: Sleep-inducing moves are banned
|clearpoke
|poke|p1|Dragonite, M|
|poke|p1|Cinderace, M|
|poke|p1|Glimmora, M|
|poke|p1|Deoxys-Speed|
|poke|p1|Ceruledge, M|
|poke|p1|Kingambit, F|
|poke|p2|Blaziken, M|
|poke|p2|Landorus-Therian, M|
|poke|p2|Dragapult, F|
|poke|p2|Corviknight, M|
|poke|p2|Primarina, F|
|poke|p2|Gliscor, F|
|teampreview
|inactive|Battle timer is ON: inactive players will automatically lose when time's up. (requested by Linkinfernodouglas)
|
|t:|1779661931
|teamsize|p1|6
|teamsize|p2|6
|start
|switch|p1a: Dragonite|Dragonite, M|100/100
|switch|p2a: Primarina|Primarina, F|100/100
|turn|1
|
|t:|1779661950
|move|p2a: Primarina|Moonblast|p1a: Dragonite
|-supereffective|p1a: Dragonite
|-damage|p1a: Dragonite|52/100
|move|p1a: Dragonite|Thunder Wave|p2a: Primarina
|-status|p2a: Primarina|par
|
|upkeep
|turn|2
|
|t:|1779661966
|move|p1a: Dragonite|Roost|p1a: Dragonite
|-heal|p1a: Dragonite|100/100
|-singleturn|p1a: Dragonite|move: Roost
|move|p2a: Primarina|Moonblast|p1a: Dragonite
|-supereffective|p1a: Dragonite
|-damage|p1a: Dragonite|54/100
|-unboost|p1a: Dragonite|spa|1
|
|upkeep
|turn|3
|inactive|Linkinfernodouglas has 120 seconds left.
|
|t:|1779662008
|switch|p1a: Kingambit|Kingambit, F|100/100
|-ability|p1a: Kingambit|Pressure
|cant|p2a: Primarina|par
|
|upkeep
|turn|4
|
|t:|1779662019
|move|p1a: Kingambit|Substitute|p1a: Kingambit
|-start|p1a: Kingambit|Substitute
|-damage|p1a: Kingambit|76/100
|move|p2a: Primarina|Moonblast|p1a: Kingambit
|-end|p1a: Kingambit|Substitute
|
|-heal|p1a: Kingambit|82/100|[from] item: Leftovers
|upkeep
|turn|5
|
|t:|1779662027
|move|p1a: Kingambit|Protect|p1a: Kingambit
|-singleturn|p1a: Kingambit|Protect
|move|p2a: Primarina|Moonblast|p1a: Kingambit
|-activate|p1a: Kingambit|move: Protect
|
|-heal|p1a: Kingambit|88/100|[from] item: Leftovers
|upkeep
|turn|6
|
|t:|1779662034
|move|p1a: Kingambit|Substitute|p1a: Kingambit
|-start|p1a: Kingambit|Substitute
|-damage|p1a: Kingambit|63/100
|move|p2a: Primarina|Moonblast|p1a: Kingambit
|-end|p1a: Kingambit|Substitute
|
|-heal|p1a: Kingambit|69/100|[from] item: Leftovers
|upkeep
|turn|7
|
|t:|1779662045
|switch|p2a: Gliscor|Gliscor, F|100/100
|move|p1a: Kingambit|Protect||[still]
|-fail|p1a: Kingambit
|
|-heal|p1a: Kingambit|76/100|[from] item: Leftovers
|-status|p2a: Gliscor|tox|[from] item: Toxic Orb
|upkeep
|turn|8
|
|t:|1779662054
|switch|p1a: Dragonite|Dragonite, M|54/100
|move|p2a: Gliscor|Swords Dance|p2a: Gliscor
|-boost|p2a: Gliscor|atk|2
|
|upkeep
|turn|9
|
|t:|1779662068
|-terastallize|p2a: Gliscor|Normal
|move|p2a: Gliscor|Facade|p1a: Dragonite
|-damage|p1a: Dragonite|0 fnt
|-damage|p2a: Gliscor|84/100 tox|[from] item: Rocky Helmet|[of] p1a: Dragonite
|faint|p1a: Dragonite
|
|-heal|p2a: Gliscor|97/100 tox|[from] ability: Poison Heal
|upkeep
|
|t:|1779662086
|switch|p1a: Ceruledge|Ceruledge, M|100/100
|turn|10
|
|t:|1779662096
|-terastallize|p1a: Ceruledge|Bug
|move|p1a: Ceruledge|Bulk Up|p1a: Ceruledge
|-boost|p1a: Ceruledge|atk|1
|-boost|p1a: Ceruledge|def|1
|move|p2a: Gliscor|Knock Off|p1a: Ceruledge
|-damage|p1a: Ceruledge|68/100
|-enditem|p1a: Ceruledge|Covert Cloak|[from] move: Knock Off|[of] p2a: Gliscor
|
|-heal|p2a: Gliscor|100/100 tox|[from] ability: Poison Heal
|upkeep
|turn|11
|
|t:|1779662111
|move|p1a: Ceruledge|Bitter Blade|p2a: Gliscor
|-damage|p2a: Gliscor|60/100 tox
|-heal|p1a: Ceruledge|88/100|[from] drain|[of] p2a: Gliscor
|move|p2a: Gliscor|Facade|p1a: Ceruledge
|-damage|p1a: Ceruledge|20/100
|
|-heal|p2a: Gliscor|72/100 tox|[from] ability: Poison Heal
|upkeep
|turn|12
|
|t:|1779662125
|move|p1a: Ceruledge|Bitter Blade|p2a: Gliscor
|-damage|p2a: Gliscor|27/100 tox
|-heal|p1a: Ceruledge|43/100|[from] drain|[of] p2a: Gliscor
|move|p2a: Gliscor|Facade|p1a: Ceruledge
|-damage|p1a: Ceruledge|0 fnt
|faint|p1a: Ceruledge
|
|-heal|p2a: Gliscor|39/100 tox|[from] ability: Poison Heal
|upkeep
|
|t:|1779662143
|switch|p1a: Cinderace|Cinderace, M|100/100
|turn|13
|
|t:|1779662147
|move|p2a: Gliscor|Protect|p2a: Gliscor
|-singleturn|p2a: Gliscor|Protect
|move|p1a: Cinderace|Pyro Ball|p2a: Gliscor
|-activate|p2a: Gliscor|move: Protect
|
|-heal|p2a: Gliscor|52/100 tox|[from] ability: Poison Heal
|upkeep
|turn|14
|
|t:|1779662155
|switch|p2a: Primarina|Primarina, F|100/100 par
|move|p1a: Cinderace|Pyro Ball|p2a: Primarina
|-resisted|p2a: Primarina
|-damage|p2a: Primarina|69/100 par
|
|upkeep
|turn|15
|
|t:|1779662165
|move|p1a: Cinderace|U-turn|p2a: Primarina
|-start|p1a: Cinderace|typechange|Bug|[from] ability: Libero
|-resisted|p2a: Primarina
|-damage|p2a: Primarina|51/100 par
|
|t:|1779662170
|switch|p1a: Kingambit|Kingambit, F|76/100|[from] U-turn
|-ability|p1a: Kingambit|Pressure
|cant|p2a: Primarina|par
|
|-heal|p1a: Kingambit|82/100|[from] item: Leftovers
|upkeep
|turn|16
|
|t:|1779662180
|switch|p2a: Landorus|Landorus-Therian, M|100/100
|-ability|p2a: Landorus|Intimidate|boost
|-unboost|p1a: Kingambit|atk|1
|move|p1a: Kingambit|Substitute|p1a: Kingambit
|-start|p1a: Kingambit|Substitute
|-damage|p1a: Kingambit|57/100
|
|-heal|p1a: Kingambit|63/100|[from] item: Leftovers
|upkeep
|turn|17
|
|t:|1779662190
|move|p2a: Landorus|Earth Power|p1a: Kingambit
|-supereffective|p1a: Kingambit
|-end|p1a: Kingambit|Substitute
|move|p1a: Kingambit|Kowtow Cleave|p2a: Landorus
|-damage|p2a: Landorus|74/100
|-damage|p1a: Kingambit|47/100|[from] item: Rocky Helmet|[of] p2a: Landorus
|
|-heal|p1a: Kingambit|53/100|[from] item: Leftovers
|upkeep
|turn|18
|
|t:|1779662201
|move|p1a: Kingambit|Protect|p1a: Kingambit
|-singleturn|p1a: Kingambit|Protect
|move|p2a: Landorus|Earth Power|p1a: Kingambit
|-activate|p1a: Kingambit|move: Protect
|
|-heal|p1a: Kingambit|59/100|[from] item: Leftovers
|upkeep
|turn|19
|inactive|Linkinfernodouglas has 120 seconds left.
|
|t:|1779662243
|switch|p1a: Deoxys|Deoxys-Speed|100/100
|-ability|p1a: Deoxys|Pressure
|move|p2a: Landorus|Earth Power|p1a: Deoxys
|-damage|p1a: Deoxys|58/100
|
|upkeep
|turn|20
|
|t:|1779662253
|switch|p2a: Primarina|Primarina, F|51/100 par
|move|p1a: Deoxys|Cosmic Power|p1a: Deoxys
|-boost|p1a: Deoxys|def|1
|-boost|p1a: Deoxys|spd|1
|
|upkeep
|turn|21
|
|t:|1779662263
|move|p1a: Deoxys|Cosmic Power|p1a: Deoxys
|-boost|p1a: Deoxys|def|1
|-boost|p1a: Deoxys|spd|1
|cant|p2a: Primarina|par
|
|upkeep
|turn|22
|
|t:|1779662273
|move|p1a: Deoxys|Cosmic Power|p1a: Deoxys
|-boost|p1a: Deoxys|def|1
|-boost|p1a: Deoxys|spd|1
|move|p2a: Primarina|Surf|p1a: Deoxys
|-damage|p1a: Deoxys|33/100
|
|upkeep
|turn|23
|
|t:|1779662284
|move|p1a: Deoxys|Cosmic Power|p1a: Deoxys
|-boost|p1a: Deoxys|def|1
|-boost|p1a: Deoxys|spd|1
|move|p2a: Primarina|Moonblast|p1a: Deoxys
|-damage|p1a: Deoxys|8/100
|
|upkeep
|turn|24
|
|t:|1779662290
|move|p1a: Deoxys|Recover|p1a: Deoxys
|-heal|p1a: Deoxys|59/100
|cant|p2a: Primarina|par
|
|upkeep
|turn|25
|
|t:|1779662309
|switch|p2a: Corviknight|Corviknight, M|100/100
|-ability|p2a: Corviknight|Pressure
|move|p1a: Deoxys|Cosmic Power|p1a: Deoxys
|-boost|p1a: Deoxys|def|1
|-boost|p1a: Deoxys|spd|1
|
|upkeep
|turn|26
|
|t:|1779662319
|move|p1a: Deoxys|Stored Power|p2a: Corviknight
|-resisted|p2a: Corviknight
|-damage|p2a: Corviknight|65/100
|move|p2a: Corviknight|U-turn|p1a: Deoxys
|-supereffective|p1a: Deoxys
|-damage|p1a: Deoxys|51/100
|-enditem|p1a: Deoxys|Weakness Policy
|-boost|p1a: Deoxys|atk|2|[from] item: Weakness Policy
|-boost|p1a: Deoxys|spa|2|[from] item: Weakness Policy
|
|t:|1779662348
|switch|p2a: Dragapult|Dragapult, F|100/100|[from] U-turn
|
|upkeep
|turn|27
|
|t:|1779662355
|move|p1a: Deoxys|Stored Power|p2a: Dragapult
|-damage|p2a: Dragapult|0 fnt
|faint|p2a: Dragapult
|
|upkeep
|
|t:|1779662361
|switch|p2a: Primarina|Primarina, F|51/100 par
|turn|28
|
|t:|1779662369
|move|p1a: Deoxys|Stored Power|p2a: Primarina
|-damage|p2a: Primarina|0 fnt
|faint|p2a: Primarina
|
|upkeep
|
|t:|1779662374
|switch|p2a: Gliscor|Gliscor, F, tera:Normal|52/100 tox
|turn|29
|
|t:|1779662377
|move|p2a: Gliscor|Protect|p2a: Gliscor
|-singleturn|p2a: Gliscor|Protect
|move|p1a: Deoxys|Stored Power|p2a: Gliscor
|-activate|p2a: Gliscor|move: Protect
|
|-heal|p2a: Gliscor|64/100 tox|[from] ability: Poison Heal
|upkeep
|turn|30
|
|t:|1779662385
|move|p1a: Deoxys|Stored Power|p2a: Gliscor
|-damage|p2a: Gliscor|0 fnt
|faint|p2a: Gliscor
|
|upkeep
|
|t:|1779662390
|switch|p2a: Landorus|Landorus-Therian, M|74/100
|-ability|p2a: Landorus|Intimidate|boost
|-unboost|p1a: Deoxys|atk|1
|turn|31
|
|t:|1779662395
|switch|p2a: Corviknight|Corviknight, M|65/100
|-ability|p2a: Corviknight|Pressure
|move|p1a: Deoxys|Stored Power|p2a: Corviknight
|-resisted|p2a: Corviknight
|-damage|p2a: Corviknight|0 fnt
|faint|p2a: Corviknight
|
|upkeep
|
|t:|1779662404
|switch|p2a: Landorus|Landorus-Therian, M|74/100
|-ability|p2a: Landorus|Intimidate|boost
|-unboost|p1a: Deoxys|atk|1
|turn|32
|
|t:|1779662412
|move|p1a: Deoxys|Stored Power|p2a: Landorus
|-damage|p2a: Landorus|0 fnt
|faint|p2a: Landorus
|
|upkeep
|
|t:|1779662416
|switch|p2a: Blaziken|Blaziken, M|100/100
|turn|33
|
|t:|1779662422
|move|p1a: Deoxys|Stored Power|p2a: Blaziken
|-supereffective|p2a: Blaziken
|-damage|p2a: Blaziken|0 fnt
|faint|p2a: Blaziken
|
|win|Linkinfernodouglas
|raw|Linkinfernodouglas's rating: 1322 &rarr; <strong>1340</strong><br />(+18 for winning)
|raw|Flexliks's rating: 1290 &rarr; <strong>1267</strong><br />(-23 for losing)
|c|☆Linkinfernodouglas|gg
|l|☆Flexliks
|player|p2|
