|j|☆Linkinfernodouglas
|j|☆spectorfake
|t:|1779585472
|gametype|singles
|player|p1|Linkinfernodouglas|169|1242
|player|p2|spectorfake|cynthia|1224
|gen|9
|tier|[Gen 9] OU
|rated|
|rule|HP Percentage Mod: HP is shown in percentages
|rule|Endless Battle Clause: Forcing endless battles is banned
|rule|Species Clause: Limit one of each Pokémon
|rule|OHKO Clause: OHKO moves are banned
|rule|Evasion Items Clause: Evasion items are banned
|rule|Evasion Moves Clause: Evasion moves are banned
|rule|Evasion Abilities Clause: Evasion abilities are banned
|rule|Sleep Moves Clause: Sleep-inducing moves are banned
|clearpoke
|poke|p1|Dragonite, F|
|poke|p1|Cinderace, F|
|poke|p1|Glimmora, M|
|poke|p1|Deoxys-Speed|
|poke|p1|Ceruledge, F|
|poke|p1|Kingambit, F|
|poke|p2|Zamazenta-*|
|poke|p2|Gliscor, M|
|poke|p2|Great Tusk|
|poke|p2|Slowking-Galar, M|
|poke|p2|Gholdengo|
|poke|p2|Iron Moth|
|teampreview
|inactive|Battle timer is ON: inactive players will automatically lose when time's up. (requested by Linkinfernodouglas)
|
|t:|1779585485
|teamsize|p1|6
|teamsize|p2|6
|start
|switch|p1a: Dragonite|Dragonite, F|100/100
|switch|p2a: Gliscor|Gliscor, M|100/100
|turn|1
|
|t:|1779585499
|move|p2a: Gliscor|Knock Off|p1a: Dragonite
|-damage|p1a: Dragonite|93/100
|-damage|p2a: Gliscor|84/100|[from] item: Rocky Helmet|[of] p1a: Dragonite
|-enditem|p1a: Dragonite|Rocky Helmet|[from] move: Knock Off|[of] p2a: Gliscor
|move|p1a: Dragonite|Ice Beam|p2a: Gliscor
|-supereffective|p2a: Gliscor
|-damage|p2a: Gliscor|0 fnt
|faint|p2a: Gliscor
|
|upkeep
|
|t:|1779585509
|switch|p2a: Great Tusk|Great Tusk|100/100
|-enditem|p2a: Great Tusk|Booster Energy
|-activate|p2a: Great Tusk|ability: Protosynthesis|[fromitem]
|-start|p2a: Great Tusk|protosynthesisspe
|turn|2
|
|t:|1779585527
|move|p2a: Great Tusk|Ice Spinner|p1a: Dragonite
|-supereffective|p1a: Dragonite
|-damage|p1a: Dragonite|30/100
|move|p1a: Dragonite|Ice Beam|p2a: Great Tusk
|-supereffective|p2a: Great Tusk
|-damage|p2a: Great Tusk|54/100
|
|upkeep
|turn|3
|
|t:|1779585548
|move|p2a: Great Tusk|Ice Spinner|p1a: Dragonite
|-supereffective|p1a: Dragonite
|-damage|p1a: Dragonite|0 fnt
|faint|p1a: Dragonite
|
|upkeep
|inactive|Linkinfernodouglas has 120 seconds left.
|
|t:|1779585580
|switch|p1a: Glimmora|Glimmora, M|100/100
|turn|4
|
|t:|1779585584
|move|p1a: Glimmora|Spiky Shield|p1a: Glimmora
|-singleturn|p1a: Glimmora|move: Protect
|move|p2a: Great Tusk|Headlong Rush|p1a: Glimmora
|-activate|p1a: Glimmora|move: Protect
|-damage|p2a: Great Tusk|42/100|[from] Spiky Shield|[of] p1a: Glimmora
|
|upkeep
|turn|5
|
|t:|1779585601
|-terastallize|p1a: Glimmora|Grass
|move|p2a: Great Tusk|Bulk Up|p2a: Great Tusk
|-boost|p2a: Great Tusk|atk|1
|-boost|p2a: Great Tusk|def|1
|move|p1a: Glimmora|Toxic|p2a: Great Tusk
|-status|p2a: Great Tusk|tox
|
|-damage|p2a: Great Tusk|36/100 tox|[from] psn
|upkeep
|turn|6
|
|t:|1779585617
|move|p1a: Glimmora|Spiky Shield|p1a: Glimmora
|-singleturn|p1a: Glimmora|move: Protect
|move|p2a: Great Tusk|Ice Spinner|p1a: Glimmora
|-activate|p1a: Glimmora|move: Protect
|-damage|p2a: Great Tusk|23/100 tox|[from] Spiky Shield|[of] p1a: Glimmora
|
|-damage|p2a: Great Tusk|11/100 tox|[from] psn
|upkeep
|turn|7
|
|t:|1779585631
|move|p1a: Glimmora|Spiky Shield||[still]
|-fail|p1a: Glimmora
|move|p2a: Great Tusk|Ice Spinner|p1a: Glimmora
|-supereffective|p1a: Glimmora
|-crit|p1a: Glimmora
|-damage|p1a: Glimmora|2/100
|
|-heal|p1a: Glimmora|8/100|[from] item: Leftovers
|-damage|p2a: Great Tusk|0 fnt|[from] psn
|faint|p2a: Great Tusk
|-end|p2a: Great Tusk|Protosynthesis|[silent]
|upkeep
|
|t:|1779585640
|switch|p2a: Zamazenta|Zamazenta|100/100
|-ability|p2a: Zamazenta|Dauntless Shield|boost
|-boost|p2a: Zamazenta|def|1
|turn|8
|
|t:|1779585645
|move|p2a: Zamazenta|Ice Fang|p1a: Glimmora
|-supereffective|p1a: Glimmora
|-damage|p1a: Glimmora|0 fnt
|faint|p1a: Glimmora
|-damage|p2a: Zamazenta|91/100|[from] item: Life Orb
|
|upkeep
|
|t:|1779585665
|switch|p1a: Cinderace|Cinderace, F|100/100
|turn|9
|
|t:|1779585675
|switch|p2a: Slowking|Slowking-Galar, M|100/100
|move|p1a: Cinderace|Will-O-Wisp|p2a: Slowking
|-status|p2a: Slowking|brn
|
|-damage|p2a: Slowking|94/100 brn|[from] brn
|upkeep
|turn|10
|
|t:|1779585695
|move|p1a: Cinderace|U-turn|p2a: Slowking
|-start|p1a: Cinderace|typechange|Bug|[from] ability: Libero
|-damage|p2a: Slowking|68/100 brn
|
|t:|1779585709
|switch|p1a: Kingambit|Kingambit, F|100/100|[from] U-turn
|-ability|p1a: Kingambit|Pressure
|move|p2a: Slowking|Flamethrower|p1a: Kingambit
|-supereffective|p1a: Kingambit
|-damage|p1a: Kingambit|55/100
|
|-heal|p1a: Kingambit|61/100|[from] item: Leftovers
|-damage|p2a: Slowking|62/100 brn|[from] brn
|upkeep
|turn|11
|
|t:|1779585726
|move|p1a: Kingambit|Substitute|p1a: Kingambit
|-start|p1a: Kingambit|Substitute
|-damage|p1a: Kingambit|36/100
|move|p2a: Slowking|Flamethrower|p1a: Kingambit
|-supereffective|p1a: Kingambit
|-end|p1a: Kingambit|Substitute
|
|-heal|p1a: Kingambit|42/100|[from] item: Leftovers
|-damage|p2a: Slowking|56/100 brn|[from] brn
|upkeep
|turn|12
|
|t:|1779585739
|move|p1a: Kingambit|Protect|p1a: Kingambit
|-singleturn|p1a: Kingambit|Protect
|move|p2a: Slowking|Flamethrower|p1a: Kingambit
|-activate|p1a: Kingambit|move: Protect
|
|-heal|p1a: Kingambit|49/100|[from] item: Leftovers
|-damage|p2a: Slowking|49/100 brn|[from] brn
|upkeep
|turn|13
|
|t:|1779585749
|switch|p1a: Cinderace|Cinderace, F|100/100
|move|p2a: Slowking|Flamethrower|p1a: Cinderace
|-resisted|p1a: Cinderace
|-damage|p1a: Cinderace|85/100
|
|-damage|p2a: Slowking|43/100 brn|[from] brn
|upkeep
|turn|14
|
|t:|1779585756
|move|p1a: Cinderace|Pyro Ball|p2a: Slowking
|-damage|p2a: Slowking|0 fnt
|faint|p2a: Slowking
|
|upkeep
|
|t:|1779585765
|switch|p2a: Iron Moth|Iron Moth|100/100
|-enditem|p2a: Iron Moth|Booster Energy
|-activate|p2a: Iron Moth|ability: Quark Drive|[fromitem]
|-start|p2a: Iron Moth|quarkdrivespe
|turn|15
|inactive|Linkinfernodouglas has 120 seconds left.
|
|t:|1779585782
|move|p2a: Iron Moth|Sludge Wave|p1a: Cinderace
|-damage|p1a: Cinderace|24/100
|move|p1a: Cinderace|U-turn|p2a: Iron Moth
|-start|p1a: Cinderace|typechange|Bug|[from] ability: Libero
|-resisted|p2a: Iron Moth
|-damage|p2a: Iron Moth|91/100
|inactive|Linkinfernodouglas has 120 seconds left.
|
|t:|1779585793
|switch|p1a: Ceruledge|Ceruledge, F|100/100|[from] U-turn
|
|upkeep
|turn|16
|inactive|Linkinfernodouglas has 120 seconds left.
|
|t:|1779585802
|-end|p2a: Iron Moth|Quark Drive|[silent]
|switch|p2a: Gholdengo|Gholdengo|100/100
|move|p1a: Ceruledge|Bulk Up|p1a: Ceruledge
|-boost|p1a: Ceruledge|atk|1
|-boost|p1a: Ceruledge|def|1
|
|upkeep
|turn|17
|
|t:|1779585809
|move|p2a: Gholdengo|Shadow Ball|p1a: Ceruledge
|-supereffective|p1a: Ceruledge
|-damage|p1a: Ceruledge|32/100
|move|p1a: Ceruledge|Bitter Blade|p2a: Gholdengo
|-supereffective|p2a: Gholdengo
|-damage|p2a: Gholdengo|0 fnt
|-heal|p1a: Ceruledge|77/100|[from] drain|[of] p2a: Gholdengo
|faint|p2a: Gholdengo
|
|upkeep
|
|t:|1779585818
|switch|p2a: Zamazenta|Zamazenta|91/100
|turn|18
|
|t:|1779585828
|move|p2a: Zamazenta|Crunch|p1a: Ceruledge
|-supereffective|p1a: Ceruledge
|-damage|p1a: Ceruledge|21/100
|-damage|p2a: Zamazenta|81/100|[from] item: Life Orb
|move|p1a: Ceruledge|Bulk Up|p1a: Ceruledge
|-boost|p1a: Ceruledge|atk|1
|-boost|p1a: Ceruledge|def|1
|
|upkeep
|turn|19
|
|t:|1779585837
|move|p1a: Ceruledge|Shadow Sneak|p2a: Zamazenta
|-damage|p2a: Zamazenta|51/100
|move|p2a: Zamazenta|Crunch|p1a: Ceruledge
|-supereffective|p1a: Ceruledge
|-damage|p1a: Ceruledge|0 fnt
|faint|p1a: Ceruledge
|-damage|p2a: Zamazenta|41/100|[from] item: Life Orb
|
|upkeep
|
|t:|1779585851
|switch|p1a: Deoxys|Deoxys-Speed|100/100
|-ability|p1a: Deoxys|Pressure
|turn|20
|
|t:|1779585858
|-terastallize|p2a: Zamazenta|Steel
|move|p1a: Deoxys|Cosmic Power|p1a: Deoxys
|-boost|p1a: Deoxys|def|1
|-boost|p1a: Deoxys|spd|1
|move|p2a: Zamazenta|Crunch|p1a: Deoxys
|-supereffective|p1a: Deoxys
|-damage|p1a: Deoxys|59/100
|-unboost|p1a: Deoxys|def|1
|-enditem|p1a: Deoxys|Weakness Policy
|-boost|p1a: Deoxys|atk|2|[from] item: Weakness Policy
|-boost|p1a: Deoxys|spa|2|[from] item: Weakness Policy
|-damage|p2a: Zamazenta|31/100|[from] item: Life Orb
|
|upkeep
|turn|21
|
|t:|1779585879
|move|p1a: Deoxys|Cosmic Power|p1a: Deoxys
|-boost|p1a: Deoxys|def|1
|-boost|p1a: Deoxys|spd|1
|move|p2a: Zamazenta|Crunch|p1a: Deoxys
|-supereffective|p1a: Deoxys
|-damage|p1a: Deoxys|13/100
|-damage|p2a: Zamazenta|21/100|[from] item: Life Orb
|
|upkeep
|turn|22
|
|t:|1779585886
|move|p1a: Deoxys|Recover|p1a: Deoxys
|-heal|p1a: Deoxys|63/100
|move|p2a: Zamazenta|Crunch|p1a: Deoxys
|-supereffective|p1a: Deoxys
|-damage|p1a: Deoxys|17/100
|-damage|p2a: Zamazenta|12/100|[from] item: Life Orb
|
|upkeep
|turn|23
|
|t:|1779585895
|move|p1a: Deoxys|Recover|p1a: Deoxys
|-heal|p1a: Deoxys|67/100
|move|p2a: Zamazenta|Crunch|p1a: Deoxys
|-supereffective|p1a: Deoxys
|-damage|p1a: Deoxys|26/100
|-damage|p2a: Zamazenta|2/100|[from] item: Life Orb
|
|upkeep
|turn|24
|
|t:|1779585902
|move|p1a: Deoxys|Stored Power|p2a: Zamazenta
|-resisted|p2a: Zamazenta
|-damage|p2a: Zamazenta|0 fnt
|faint|p2a: Zamazenta
|
|upkeep
|
|t:|1779585907
|switch|p2a: Iron Moth|Iron Moth|91/100
|turn|25
|
|t:|1779585910
|move|p1a: Deoxys|Stored Power|p2a: Iron Moth
|-supereffective|p2a: Iron Moth
|-damage|p2a: Iron Moth|0 fnt
|faint|p2a: Iron Moth
|-end|p2a: Iron Moth|Quark Drive|[silent]
|
|win|Linkinfernodouglas
|raw|Linkinfernodouglas's rating: 1242 &rarr; <strong>1266</strong><br />(+24 for winning)
|raw|spectorfake's rating: 1224 &rarr; <strong>1200</strong><br />(-24 for losing)
|l|☆spectorfake
|player|p2|
|c|☆Linkinfernodouglas|gg
