|inactive|Battle timer is ON: inactive players will automatically lose when time's up.
|t:|1779648019
|gametype|singles
|player|p1|Weaselfie|rosa|
|player|p2|Asoespresso※|richboy-gen6xy|
|gen|9
|tier|[Gen 9] OU
|rule|HP Percentage Mod: HP is shown in percentages
|rule|Endless Battle Clause: Forcing endless battles is banned
|rule|Species Clause: Limit one of each Pokémon
|rule|OHKO Clause: OHKO moves are banned
|rule|Evasion Items Clause: Evasion items are banned
|rule|Evasion Moves Clause: Evasion moves are banned
|rule|Evasion Abilities Clause: Evasion abilities are banned
|rule|Sleep Moves Clause: Sleep-inducing moves are banned
|clearpoke
|poke|p1|Zamazenta-*|
|poke|p1|Iron Treads|
|poke|p1|Slowking-Galar, M|
|poke|p1|Kyurem|
|poke|p1|Ogerpon-Wellspring, F|
|poke|p1|Zapdos|
|poke|p2|Scizor, M|
|poke|p2|Darkrai|
|poke|p2|Landorus-Therian, M|
|poke|p2|Primarina, M|
|poke|p2|Cinderace, F|
|poke|p2|Zamazenta-*|
|teampreview
|c|☆Asoespresso※|hf
|c|+1yr|hf
|c|☆Weaselfie|hf
|
|t:|1779648040
|teamsize|p1|6
|teamsize|p2|6
|start
|switch|p1a: Zapdos|Zapdos|100/100
|switch|p2a: Cinderace|Cinderace, F|100/100
|turn|1
|
|t:|1779648051
|move|p2a: Cinderace|Will-O-Wisp|p1a: Zapdos
|-status|p1a: Zapdos|brn
|move|p1a: Zapdos|Thunder Wave|p2a: Cinderace
|-status|p2a: Cinderace|par
|
|-damage|p1a: Zapdos|94/100 brn|[from] brn
|upkeep
|turn|2
|
|t:|1779648059
|move|p1a: Zapdos|Hurricane|p2a: Cinderace
|-damage|p2a: Cinderace|43/100 par
|move|p2a: Cinderace|Will-O-Wisp|p1a: Zapdos
|-fail|p1a: Zapdos|brn
|
|-damage|p1a: Zapdos|88/100 brn|[from] brn
|upkeep
|turn|3
|
|t:|1779648065
|switch|p2a: D0P3 B0I THERIAN|Landorus-Therian, M|100/100
|-ability|p2a: D0P3 B0I THERIAN|Intimidate|boost
|-unboost|p1a: Zapdos|atk|1
|move|p1a: Zapdos|Hurricane|p2a: D0P3 B0I THERIAN
|-damage|p2a: D0P3 B0I THERIAN|48/100
|
|-damage|p1a: Zapdos|82/100 brn|[from] brn
|upkeep
|turn|4
|
|t:|1779648071
|switch|p2a: Primarina|Primarina, M, shiny|100/100
|move|p1a: Zapdos|Hurricane|p2a: Primarina
|-crit|p2a: Primarina
|-damage|p2a: Primarina|64/100
|
|-damage|p1a: Zapdos|76/100 brn|[from] brn
|upkeep
|turn|5
|
|t:|1779648091
|switch|p2a: D0P3 B0I THERIAN|Landorus-Therian, M|48/100
|-ability|p2a: D0P3 B0I THERIAN|Intimidate|boost
|-unboost|p1a: Zapdos|atk|1
|move|p1a: Zapdos|Volt Switch|p2a: D0P3 B0I THERIAN
|-immune|p2a: D0P3 B0I THERIAN
|
|-damage|p1a: Zapdos|70/100 brn|[from] brn
|upkeep
|turn|6
|
|t:|1779648097
|move|p2a: D0P3 B0I THERIAN|Rock Slide|p1a: Zapdos
|-supereffective|p1a: Zapdos
|-damage|p1a: Zapdos|19/100 brn
|cant|p1a: Zapdos|flinch
|
|-damage|p1a: Zapdos|13/100 brn|[from] brn
|upkeep
|turn|7
|
|t:|1779648105
|switch|p1a: Iron Treads|Iron Treads|100/100
|move|p2a: D0P3 B0I THERIAN|Rock Slide|p1a: Iron Treads
|-resisted|p1a: Iron Treads
|-damage|p1a: Iron Treads|96/100
|
|-heal|p1a: Iron Treads|100/100|[from] item: Leftovers
|upkeep
|turn|8
|
|t:|1779648113
|switch|p2a: Darkrai|Darkrai|100/100
|move|p1a: Iron Treads|Earthquake|p2a: Darkrai
|-damage|p2a: Darkrai|51/100
|
|upkeep
|turn|9
|
|t:|1779648126
|move|p2a: Darkrai|Focus Blast|p1a: Iron Treads|[miss]
|-miss|p2a: Darkrai|p1a: Iron Treads
|move|p1a: Iron Treads|Earthquake|p2a: Darkrai
|-damage|p2a: Darkrai|0 fnt
|faint|p2a: Darkrai
|
|upkeep
|
|t:|1779648139
|switch|p2a: D0P3 B0I THERIAN|Landorus-Therian, M|48/100
|-ability|p2a: D0P3 B0I THERIAN|Intimidate|boost
|-unboost|p1a: Iron Treads|atk|1
|turn|10
|
|t:|1779648145
|move|p2a: D0P3 B0I THERIAN|U-turn|p1a: Iron Treads
|-resisted|p1a: Iron Treads
|-damage|p1a: Iron Treads|91/100
|
|t:|1779648147
|switch|p2a: Cinderace|Cinderace, F|43/100 par|[from] U-turn
|move|p1a: Iron Treads|Stealth Rock|p2a: Cinderace
|-sidestart|p2: Asoespresso※|move: Stealth Rock
|
|-heal|p1a: Iron Treads|97/100|[from] item: Leftovers
|upkeep
|turn|11
|
|t:|1779648158
|switch|p2a: D0P3 B0I THERIAN|Landorus-Therian, M|48/100
|-damage|p2a: D0P3 B0I THERIAN|36/100|[from] Stealth Rock
|-ability|p2a: D0P3 B0I THERIAN|Intimidate|boost
|-unboost|p1a: Iron Treads|atk|1
|move|p1a: Iron Treads|Knock Off|p2a: D0P3 B0I THERIAN
|-damage|p2a: D0P3 B0I THERIAN|23/100
|-enditem|p2a: D0P3 B0I THERIAN|Choice Scarf|[from] move: Knock Off|[of] p1a: Iron Treads
|
|-heal|p1a: Iron Treads|100/100|[from] item: Leftovers
|upkeep
|turn|12
|
|t:|1779648169
|-end|p1a: Iron Treads|Quark Drive|[silent]
|switch|p1a: Kyurem|Kyurem|100/100
|-ability|p1a: Kyurem|Pressure
|move|p2a: D0P3 B0I THERIAN|Earthquake|p1a: Kyurem
|-damage|p1a: Kyurem|48/100
|
|upkeep
|turn|13
|
|t:|1779648180
|switch|p2a: Scizor|Scizor, M|100/100
|-damage|p2a: Scizor|88/100|[from] Stealth Rock
|move|p1a: Kyurem|Freeze-Dry|p2a: Scizor
|-resisted|p2a: Scizor
|-damage|p2a: Scizor|50/100
|
|upkeep
|turn|14
|
|t:|1779648203
|move|p1a: Kyurem|Freeze-Dry|p2a: Scizor
|-resisted|p2a: Scizor
|-damage|p2a: Scizor|14/100
|move|p2a: Scizor|Knock Off|p1a: Kyurem
|-damage|p1a: Kyurem|0 fnt
|-enditem|p1a: Kyurem|Choice Specs|[from] move: Knock Off|[of] p2a: Scizor
|faint|p1a: Kyurem
|
|upkeep
|
|t:|1779648209
|switch|p1a: Iron Treads|Iron Treads|100/100
|turn|15
|
|t:|1779648212
|switch|p2a: D0P3 B0I THERIAN|Landorus-Therian, M|23/100
|-damage|p2a: D0P3 B0I THERIAN|10/100|[from] Stealth Rock
|-ability|p2a: D0P3 B0I THERIAN|Intimidate|boost
|-unboost|p1a: Iron Treads|atk|1
|move|p1a: Iron Treads|Knock Off|p2a: D0P3 B0I THERIAN
|-damage|p2a: D0P3 B0I THERIAN|0 fnt
|faint|p2a: D0P3 B0I THERIAN
|
|upkeep
|
|t:|1779648220
|switch|p2a: Red On Red|Zamazenta|100/100
|-damage|p2a: Red On Red|94/100|[from] Stealth Rock
|-ability|p2a: Red On Red|Dauntless Shield|boost
|-boost|p2a: Red On Red|def|1
|turn|16
|
|t:|1779648230
|move|p2a: Red On Red|Crunch|p1a: Iron Treads
|-damage|p1a: Iron Treads|85/100
|move|p1a: Iron Treads|Knock Off|p2a: Red On Red
|-resisted|p2a: Red On Red
|-crit|p2a: Red On Red
|-damage|p2a: Red On Red|81/100
|-enditem|p2a: Red On Red|Leftovers|[from] move: Knock Off|[of] p1a: Iron Treads
|
|-heal|p1a: Iron Treads|91/100|[from] item: Leftovers
|upkeep
|turn|17
|
|t:|1779648234
|-end|p1a: Iron Treads|Quark Drive|[silent]
|switch|p1a: Slowking|Slowking-Galar, M, shiny|100/100
|move|p2a: Red On Red|Iron Defense|p2a: Red On Red
|-boost|p2a: Red On Red|def|2
|
|upkeep
|turn|18
|
|t:|1779648237
|move|p2a: Red On Red|Crunch|p1a: Slowking
|-supereffective|p1a: Slowking
|-damage|p1a: Slowking|61/100
|move|p1a: Slowking|Thunder Wave|p2a: Red On Red
|-status|p2a: Red On Red|par
|
|upkeep
|turn|19
|
|t:|1779648243
|move|p2a: Red On Red|Crunch|p1a: Slowking
|-supereffective|p1a: Slowking
|-damage|p1a: Slowking|24/100
|-prepare|p1a: Slowking|Chilly Reception|[premajor]
|move|p1a: Slowking|Chilly Reception|p1a: Slowking
|-weather|Snowscape
|
|t:|1779648245
|switch|p1a: Zapdos|Zapdos|13/100 brn|[from] Chilly Reception
|
|-weather|Snowscape|[upkeep]
|-damage|p1a: Zapdos|7/100 brn|[from] brn
|upkeep
|turn|20
|
|t:|1779648249
|move|p1a: Zapdos|Hurricane|p2a: Red On Red|[miss]
|-miss|p1a: Zapdos|p2a: Red On Red
|move|p2a: Red On Red|Body Press|p1a: Zapdos
|-resisted|p1a: Zapdos
|-damage|p1a: Zapdos|0 fnt
|faint|p1a: Zapdos
|
|-weather|Snowscape|[upkeep]
|upkeep
|
|t:|1779648253
|switch|p1a: Slowking|Slowking-Galar, M, shiny|58/100
|turn|21
|
|t:|1779648257
|move|p2a: Red On Red|Crunch|p1a: Slowking
|-supereffective|p1a: Slowking
|-damage|p1a: Slowking|15/100
|move|p1a: Slowking|Future Sight|p2a: Red On Red
|-start|p1a: Slowking|move: Future Sight
|
|-weather|Snowscape|[upkeep]
|upkeep
|turn|22
|
|t:|1779648263
|switch|p1a: Zamazenta|Zamazenta, shiny|100/100
|-ability|p1a: Zamazenta|Dauntless Shield|boost
|-boost|p1a: Zamazenta|def|1
|cant|p2a: Red On Red|par
|
|-weather|Snowscape|[upkeep]
|upkeep
|turn|23
|
|t:|1779648284
|move|p1a: Zamazenta|Crunch|p2a: Red On Red
|-resisted|p2a: Red On Red
|-damage|p2a: Red On Red|77/100 par
|move|p2a: Red On Red|Body Press|p1a: Zamazenta
|-damage|p1a: Zamazenta|44/100
|
|-weather|none
|-end|p2a: Red On Red|move: Future Sight
|-supereffective|p2a: Red On Red
|-damage|p2a: Red On Red|3/100 par
|upkeep
|turn|24
|
|t:|1779648294
|move|p1a: Zamazenta|Crunch|p2a: Red On Red
|-resisted|p2a: Red On Red
|-damage|p2a: Red On Red|0 fnt
|faint|p2a: Red On Red
|
|upkeep
|c|☆Asoespresso※|gg
|c|☆Weaselfie|gg
|-message|Asoespresso※ forfeited.
|
|win|Weaselfie
