|j|☆Nateg23
|j|☆BigT910
|t:|1779643034
|gametype|singles
|player|p1|Nateg23|101|1126
|player|p2|BigT910|pryce|1171
|gen|9
|tier|[Gen 9] OU
|rated|
|rule|HP Percentage Mod: HP is shown in percentages
|rule|Endless Battle Clause: Forcing endless battles is banned
|rule|Species Clause: Limit one of each Pokémon
|rule|OHKO Clause: OHKO moves are banned
|rule|Evasion Items Clause: Evasion items are banned
|rule|Evasion Moves Clause: Evasion moves are banned
|rule|Evasion Abilities Clause: Evasion abilities are banned
|rule|Sleep Moves Clause: Sleep-inducing moves are banned
|clearpoke
|poke|p1|Iron Jugulis|
|poke|p1|Dragonite, F|
|poke|p1|Toxicroak, F|
|poke|p1|Dusknoir, M|
|poke|p1|Gyarados, F|
|poke|p1|Talonflame, M|
|poke|p2|Rillaboom, M|
|poke|p2|Ninetales, M|
|poke|p2|Lucario, M|
|poke|p2|Kyurem|
|poke|p2|Cyclizar, M|
|poke|p2|Wyrdeer, M|
|teampreview
|inactive|Battle timer is ON: inactive players will automatically lose when time's up. (requested by BigT910)
|
|t:|1779643045
|teamsize|p1|6
|teamsize|p2|6
|start
|switch|p1a: Dusknoir|Dusknoir, M|100/100
|switch|p2a: Ninetales|Ninetales, M, shiny|100/100
|-weather|SunnyDay|[from] ability: Drought|[of] p2a: Ninetales
|-ability|p1a: Dusknoir|Pressure
|turn|1
|
|t:|1779643056
|move|p2a: Ninetales|Nasty Plot|p2a: Ninetales
|-boost|p2a: Ninetales|spa|2
|move|p1a: Dusknoir|Destiny Bond|p1a: Dusknoir
|-singlemove|p1a: Dusknoir|Destiny Bond
|
|-weather|SunnyDay|[upkeep]
|upkeep
|turn|2
|
|t:|1779643064
|move|p2a: Ninetales|Flamethrower|p1a: Dusknoir
|-damage|p1a: Dusknoir|11/100
|move|p1a: Dusknoir|Curse|p2a: Ninetales
|-start|p2a: Ninetales|Curse|[of] p1a: Dusknoir
|-damage|p1a: Dusknoir|0 fnt
|faint|p1a: Dusknoir
|
|-weather|SunnyDay|[upkeep]
|-damage|p2a: Ninetales|75/100|[from] Curse
|upkeep
|
|t:|1779643078
|switch|p1a: Toxicroak|Toxicroak, F|100/100
|turn|3
|
|t:|1779643082
|move|p1a: Toxicroak|Sucker Punch|p2a: Ninetales
|-damage|p2a: Ninetales|43/100
|-status|p2a: Ninetales|psn|[from] ability: Poison Touch|[of] p1a: Toxicroak
|move|p2a: Ninetales|Flamethrower|p1a: Toxicroak
|-enditem|p1a: Toxicroak|Focus Sash
|-damage|p1a: Toxicroak|1/100
|
|-weather|SunnyDay|[upkeep]
|-damage|p2a: Ninetales|30/100 psn|[from] psn
|-damage|p2a: Ninetales|5/100 psn|[from] Curse
|upkeep
|turn|4
|
|t:|1779643095
|switch|p2a: Lucario|Lucario, M|100/100
|move|p1a: Toxicroak|Cross Chop|p2a: Lucario
|-supereffective|p2a: Lucario
|-damage|p2a: Lucario|0 fnt
|-damage|p1a: Toxicroak|0 fnt|[from] item: Rocky Helmet|[of] p2a: Lucario
|faint|p2a: Lucario
|faint|p1a: Toxicroak
|
|-weather|SunnyDay|[upkeep]
|upkeep
|c|☆BigT910|great read
|
|t:|1779643111
|switch|p2a: Wyrdeer|Wyrdeer, M|100/100
|switch|p1a: Dragonite|Dragonite, F|100/100
|-ability|p2a: Wyrdeer|Intimidate|boost
|-unboost|p1a: Dragonite|atk|1
|turn|5
|
|t:|1779643119
|move|p2a: Wyrdeer|Body Slam|p1a: Dragonite
|-damage|p1a: Dragonite|79/100
|move|p1a: Dragonite|Dragon Dance|p1a: Dragonite
|-boost|p1a: Dragonite|atk|1
|-boost|p1a: Dragonite|spe|1
|
|-weather|none
|upkeep
|turn|6
|
|t:|1779643127
|move|p1a: Dragonite|Dragon Rush|p2a: Wyrdeer
|-damage|p2a: Wyrdeer|37/100
|move|p2a: Wyrdeer|Body Slam|p1a: Dragonite
|-crit|p1a: Dragonite
|-damage|p1a: Dragonite|12/100
|-status|p1a: Dragonite|par
|
|upkeep
|turn|7
|
|t:|1779643143
|switch|p2a: Ninetales|Ninetales, M, shiny|5/100 psn
|-weather|SunnyDay|[from] ability: Drought|[of] p2a: Ninetales
|move|p1a: Dragonite|Dragon Rush|p2a: Ninetales
|-damage|p2a: Ninetales|0 fnt
|faint|p2a: Ninetales
|
|-weather|SunnyDay|[upkeep]
|upkeep
|inactive|BigT910 has 120 seconds left.
|
|t:|1779643169
|switch|p2a: Cyclizar|Cyclizar, M|100/100
|turn|8
|
|t:|1779643174
|move|p2a: Cyclizar|Dragon Claw|p1a: Dragonite
|-supereffective|p1a: Dragonite
|-crit|p1a: Dragonite
|-damage|p1a: Dragonite|0 fnt
|faint|p1a: Dragonite
|
|-weather|SunnyDay|[upkeep]
|upkeep
|
|t:|1779643189
|switch|p1a: Gyarados|Gyarados, F|100/100
|turn|9
|
|t:|1779643196
|move|p2a: Cyclizar|Knock Off|p1a: Gyarados
|-damage|p1a: Gyarados|66/100
|-enditem|p1a: Gyarados|Leftovers|[from] move: Knock Off|[of] p2a: Cyclizar
|move|p1a: Gyarados|Dragon Dance|p1a: Gyarados
|-boost|p1a: Gyarados|atk|1
|-boost|p1a: Gyarados|spe|1
|
|-weather|SunnyDay|[upkeep]
|upkeep
|turn|10
|
|t:|1779643205
|move|p2a: Cyclizar|Body Slam|p1a: Gyarados
|-damage|p1a: Gyarados|21/100
|move|p1a: Gyarados|Outrage|p2a: Cyclizar
|-supereffective|p2a: Cyclizar
|-damage|p2a: Cyclizar|0 fnt
|faint|p2a: Cyclizar
|-ability|p1a: Gyarados|Moxie|boost
|-boost|p1a: Gyarados|atk|1
|
|-weather|SunnyDay|[upkeep]
|upkeep
|
|t:|1779643214
|switch|p2a: Rillaboom|Rillaboom, M|100/100
|-fieldstart|move: Grassy Terrain|[from] ability: Grassy Surge|[of] p2a: Rillaboom
|turn|11
|
|t:|1779643219
|-terastallize|p2a: Rillaboom|Grass
|move|p2a: Rillaboom|Grassy Glide|p1a: Gyarados
|-damage|p1a: Gyarados|0 fnt
|faint|p1a: Gyarados
|
|-weather|none
|upkeep
|
|t:|1779643228
|switch|p1a: Talonflame|Talonflame, M|100/100
|turn|12
|
|t:|1779643231
|switch|p2a: Wyrdeer|Wyrdeer, M|37/100
|-ability|p2a: Wyrdeer|Intimidate|boost
|-unboost|p1a: Talonflame|atk|1
|move|p1a: Talonflame|Hurricane|p2a: Wyrdeer
|-damage|p2a: Wyrdeer|5/100
|
|-heal|p2a: Wyrdeer|11/100|[from] Grassy Terrain
|upkeep
|turn|13
|
|t:|1779643242
|move|p1a: Talonflame|Heat Wave|p2a: Wyrdeer
|-damage|p2a: Wyrdeer|0 fnt
|faint|p2a: Wyrdeer
|
|upkeep
|
|t:|1779643253
|switch|p2a: Kyurem|Kyurem, shiny|100/100
|-ability|p2a: Kyurem|Pressure
|turn|14
|
|t:|1779643262
|move|p1a: Talonflame|Hurricane|p2a: Kyurem
|-damage|p2a: Kyurem|65/100
|-start|p2a: Kyurem|confusion
|-activate|p2a: Kyurem|confusion
|move|p2a: Kyurem|Ice Beam|p1a: Talonflame
|-damage|p1a: Talonflame|27/100
|
|-heal|p2a: Kyurem|71/100|[from] Grassy Terrain
|upkeep
|turn|15
|
|t:|1779643272
|move|p1a: Talonflame|Hurricane|p2a: Kyurem|[miss]
|-miss|p1a: Talonflame|p2a: Kyurem
|-activate|p2a: Kyurem|confusion
|-damage|p2a: Kyurem|62/100|[from] confusion
|
|-heal|p2a: Kyurem|68/100|[from] Grassy Terrain
|upkeep
|turn|16
|
|t:|1779643281
|move|p1a: Talonflame|Heat Wave|p2a: Kyurem
|-damage|p2a: Kyurem|36/100
|-activate|p2a: Kyurem|confusion
|move|p2a: Kyurem|Ice Beam|p1a: Talonflame
|-damage|p1a: Talonflame|0 fnt
|faint|p1a: Talonflame
|
|-heal|p2a: Kyurem|43/100|[from] Grassy Terrain
|upkeep
|
|t:|1779643291
|switch|p1a: Iron Jugulis|Iron Jugulis|100/100
|-enditem|p1a: Iron Jugulis|Booster Energy
|-activate|p1a: Iron Jugulis|ability: Quark Drive|[fromitem]
|-start|p1a: Iron Jugulis|quarkdrivespe
|turn|17
|
|t:|1779643298
|switch|p2a: Rillaboom|Rillaboom, M, tera:Grass|100/100
|move|p1a: Iron Jugulis|Hurricane|p2a: Rillaboom
|-supereffective|p2a: Rillaboom
|-damage|p2a: Rillaboom|0 fnt
|faint|p2a: Rillaboom
|
|upkeep
|
|t:|1779643304
|switch|p2a: Kyurem|Kyurem, shiny|43/100
|-ability|p2a: Kyurem|Pressure
|turn|18
|
|t:|1779643313
|move|p1a: Iron Jugulis|Hurricane|p2a: Kyurem
|-damage|p2a: Kyurem|0 fnt
|faint|p2a: Kyurem
|
|win|Nateg23
|raw|Nateg23's rating: 1126 &rarr; <strong>1154</strong><br />(+28 for winning)
|raw|BigT910's rating: 1171 &rarr; <strong>1143</strong><br />(-28 for losing)
|c|☆BigT910|gg
|l|☆BigT910
|player|p2|
|l|☆Nateg23
|player|p1|
