|j|☆draconotmeteor
|j|☆hattybatty304
|t:|1779705843
|gametype|singles
|player|p1|draconotmeteor|shauntal|1379
|player|p2|hattybatty304|swimmerf|1359
|gen|9
|tier|[Gen 9] OU
|rated|
|rule|HP Percentage Mod: HP is shown in percentages
|rule|Endless Battle Clause: Forcing endless battles is banned
|rule|Species Clause: Limit one of each Pokémon
|rule|OHKO Clause: OHKO moves are banned
|rule|Evasion Items Clause: Evasion items are banned
|rule|Evasion Moves Clause: Evasion moves are banned
|rule|Evasion Abilities Clause: Evasion abilities are banned
|rule|Sleep Moves Clause: Sleep-inducing moves are banned
|clearpoke
|poke|p1|Corviknight, F|
|poke|p1|Ting-Lu|
|poke|p1|Slowking-Galar, F|
|poke|p1|Kyurem|
|poke|p1|Garganacl, M|
|poke|p1|Kingambit, M|
|poke|p2|Hatterene, F|
|poke|p2|Meowscarada, F|
|poke|p2|Primarina, F|
|poke|p2|Cinderace, F|
|poke|p2|Pecharunt|
|poke|p2|Inteleon, M|
|teampreview
|l|☆hattybatty304
|player|p2|
|inactive|Battle timer is ON: inactive players will automatically lose when time's up. (requested by draconotmeteor)
|j|☆hattybatty304
|inactive|hattybatty304 reconnected and has 135 seconds left.
|player|p2|hattybatty304|swimmerf|
|inactive|hattybatty304 also wants the timer to be on.
|
|t:|1779705890
|teamsize|p1|6
|teamsize|p2|6
|start
|switch|p1a: Kyurem|Kyurem|100/100
|switch|p2a: TakeYoMan|Meowscarada, F|100/100
|-ability|p1a: Kyurem|Pressure
|turn|1
|
|t:|1779705898
|switch|p2a: WWakeRBoltCringe|Hatterene, F|100/100
|move|p1a: Kyurem|Protect||[still]
|-fail|p1a: Kyurem
|
|upkeep
|turn|2
|
|t:|1779705904
|move|p1a: Kyurem|Substitute|p1a: Kyurem
|-start|p1a: Kyurem|Substitute
|-damage|p1a: Kyurem|75/100
|move|p2a: WWakeRBoltCringe|Nuzzle|p1a: Kyurem
|-resisted|p1a: Kyurem
|-activate|p1a: Kyurem|move: Substitute|[damage]
|
|-heal|p1a: Kyurem|82/100|[from] item: Leftovers
|upkeep
|turn|3
|
|t:|1779705910
|move|p1a: Kyurem|Protect|p1a: Kyurem
|-singleturn|p1a: Kyurem|Protect
|move|p2a: WWakeRBoltCringe|Psychic Noise|p1a: Kyurem
|-activate|p1a: Kyurem|move: Protect
|
|-heal|p1a: Kyurem|88/100|[from] item: Leftovers
|upkeep
|turn|4
|
|t:|1779705913
|switch|p1a: Kingambit|Kingambit, M|100/100
|move|p2a: WWakeRBoltCringe|Draining Kiss|p1a: Kingambit
|-damage|p1a: Kingambit|74/100
|
|-heal|p1a: Kingambit|80/100|[from] item: Leftovers
|upkeep
|turn|5
|
|t:|1779705919
|move|p1a: Kingambit|Iron Head|p2a: WWakeRBoltCringe
|-supereffective|p2a: WWakeRBoltCringe
|-damage|p2a: WWakeRBoltCringe|0 fnt
|faint|p2a: WWakeRBoltCringe
|
|-heal|p1a: Kingambit|86/100|[from] item: Leftovers
|upkeep
|
|t:|1779705924
|switch|p2a: TakeYoMan|Meowscarada, F|100/100
|turn|6
|
|t:|1779705927
|-end|p1a: Kingambit|fallenundefined|[silent]
|switch|p1a: Corviknight|Corviknight, F|100/100
|-ability|p1a: Corviknight|Pressure
|move|p2a: TakeYoMan|U-turn|p1a: Corviknight
|-start|p2a: TakeYoMan|typechange|Bug|[from] ability: Protean
|-resisted|p1a: Corviknight
|-damage|p1a: Corviknight|93/100
|-damage|p2a: TakeYoMan|84/100|[from] item: Rocky Helmet|[of] p1a: Corviknight
|
|t:|1779705932
|switch|p2a: gambitDNiteCringe|Pecharunt|100/100|[from] U-turn
|
|upkeep
|turn|7
|
|t:|1779705935
|move|p2a: gambitDNiteCringe|Nasty Plot|p2a: gambitDNiteCringe
|-boost|p2a: gambitDNiteCringe|spa|2
|move|p1a: Corviknight|U-turn|p2a: gambitDNiteCringe
|-resisted|p2a: gambitDNiteCringe
|-damage|p2a: gambitDNiteCringe|99/100
|-damage|p1a: Corviknight|76/100|[from] item: Rocky Helmet|[of] p2a: gambitDNiteCringe
|
|t:|1779705942
|switch|p1a: Kingambit|Kingambit, M|86/100|[from] U-turn
|
|-heal|p1a: Kingambit|93/100|[from] item: Leftovers
|upkeep
|turn|8
|
|t:|1779705945
|-terastallize|p2a: gambitDNiteCringe|Dark
|move|p2a: gambitDNiteCringe|Nasty Plot|p2a: gambitDNiteCringe
|-boost|p2a: gambitDNiteCringe|spa|2
|move|p1a: Kingambit|Kowtow Cleave|p2a: gambitDNiteCringe
|-resisted|p2a: gambitDNiteCringe
|-crit|p2a: gambitDNiteCringe
|-damage|p2a: gambitDNiteCringe|83/100
|-damage|p1a: Kingambit|76/100|[from] item: Rocky Helmet|[of] p2a: gambitDNiteCringe
|
|-heal|p1a: Kingambit|82/100|[from] item: Leftovers
|upkeep
|turn|9
|
|t:|1779705951
|move|p2a: gambitDNiteCringe|Nasty Plot|p2a: gambitDNiteCringe
|-boost|p2a: gambitDNiteCringe|spa|2
|move|p1a: Kingambit|Swords Dance|p1a: Kingambit
|-boost|p1a: Kingambit|atk|2
|
|-heal|p1a: Kingambit|88/100|[from] item: Leftovers
|upkeep
|turn|10
|
|t:|1779705953
|move|p2a: gambitDNiteCringe|Shadow Ball|p1a: Kingambit
|-resisted|p1a: Kingambit
|-damage|p1a: Kingambit|36/100
|move|p1a: Kingambit|Iron Head|p2a: gambitDNiteCringe
|-damage|p2a: gambitDNiteCringe|42/100
|-damage|p1a: Kingambit|19/100|[from] item: Rocky Helmet|[of] p2a: gambitDNiteCringe
|
|-heal|p1a: Kingambit|25/100|[from] item: Leftovers
|upkeep
|turn|11
|
|t:|1779705957
|move|p2a: gambitDNiteCringe|Recover|p2a: gambitDNiteCringe
|-heal|p2a: gambitDNiteCringe|92/100
|move|p1a: Kingambit|Iron Head|p2a: gambitDNiteCringe
|-damage|p2a: gambitDNiteCringe|50/100
|-damage|p1a: Kingambit|9/100|[from] item: Rocky Helmet|[of] p2a: gambitDNiteCringe
|
|-heal|p1a: Kingambit|15/100|[from] item: Leftovers
|upkeep
|turn|12
|
|t:|1779705960
|move|p2a: gambitDNiteCringe|Recover|p2a: gambitDNiteCringe
|-heal|p2a: gambitDNiteCringe|99/100
|move|p1a: Kingambit|Iron Head|p2a: gambitDNiteCringe
|-damage|p2a: gambitDNiteCringe|60/100
|-damage|p1a: Kingambit|0 fnt|[from] item: Rocky Helmet|[of] p2a: gambitDNiteCringe
|faint|p1a: Kingambit
|-end|p1a: Kingambit|fallenundefined|[silent]
|
|upkeep
|
|t:|1779705966
|switch|p1a: Kyurem|Kyurem|88/100
|-ability|p1a: Kyurem|Pressure
|turn|13
|c|☆hattybatty304|Hehe
|
|t:|1779705978
|switch|p2a: Inteleon|Inteleon, M|100/100
|move|p1a: Kyurem|Protect||[still]
|-fail|p1a: Kyurem
|
|-heal|p1a: Kyurem|94/100|[from] item: Leftovers
|upkeep
|turn|14
|
|t:|1779705984
|move|p1a: Kyurem|Protect|p1a: Kyurem
|-singleturn|p1a: Kyurem|Protect
|move|p2a: Inteleon|Vacuum Wave|p1a: Kyurem
|-activate|p1a: Kyurem|move: Protect
|
|-heal|p1a: Kyurem|99/100|[from] item: Leftovers
|upkeep
|turn|15
|
|t:|1779705988
|switch|p2a: Rapunzil|Primarina, F, shiny|100/100
|switch|p1a: Slowking|Slowking-Galar, F|100/100
|
|upkeep
|turn|16
|
|t:|1779705993
|switch|p2a: Lm10|Cinderace, F|100/100
|move|p1a: Slowking|Sludge Bomb|p2a: Lm10
|-damage|p2a: Lm10|49/100
|
|upkeep
|turn|17
|
|t:|1779705999
|switch|p1a: Garganacl|Garganacl, M|100/100
|move|p2a: Lm10|U-turn|p1a: Garganacl
|-start|p2a: Lm10|typechange|Bug|[from] ability: Libero
|-damage|p1a: Garganacl|79/100
|
|t:|1779706003
|switch|p2a: Inteleon|Inteleon, M|100/100|[from] U-turn
|
|-heal|p1a: Garganacl|85/100|[from] item: Leftovers
|upkeep
|turn|18
|
|t:|1779706006
|move|p1a: Garganacl|Protect|p1a: Garganacl
|-singleturn|p1a: Garganacl|Protect
|move|p2a: Inteleon|Snipe Shot|p1a: Garganacl
|-activate|p1a: Garganacl|move: Protect
|
|-heal|p1a: Garganacl|91/100|[from] item: Leftovers
|upkeep
|turn|19
|
|t:|1779706013
|switch|p1a: Slowking|Slowking-Galar, F|100/100
|move|p2a: Inteleon|Snipe Shot|p1a: Slowking
|-damage|p1a: Slowking|62/100
|
|upkeep
|turn|20
|
|t:|1779706023
|move|p2a: Inteleon|Snipe Shot|p1a: Slowking
|-damage|p1a: Slowking|27/100
|move|p1a: Slowking|Sludge Bomb|p2a: Inteleon
|-damage|p2a: Inteleon|48/100
|
|upkeep
|turn|21
|
|t:|1779706044
|move|p2a: Inteleon|Snipe Shot|p1a: Slowking
|-damage|p1a: Slowking|0 fnt
|faint|p1a: Slowking
|
|upkeep
|
|t:|1779706048
|switch|p1a: Ting-Lu|Ting-Lu|100/100
|-ability|p1a: Ting-Lu|Vessel of Ruin
|turn|22
|
|t:|1779706053
|move|p2a: Inteleon|Snipe Shot|p1a: Ting-Lu
|-supereffective|p1a: Ting-Lu
|-crit|p1a: Ting-Lu
|-damage|p1a: Ting-Lu|0 fnt
|faint|p1a: Ting-Lu
|
|upkeep
|
|t:|1779706055
|switch|p1a: Kyurem|Kyurem|99/100
|-ability|p1a: Kyurem|Pressure
|turn|23
|c|☆hattybatty304|James bond pow
|
|t:|1779706074
|move|p1a: Kyurem|Protect|p1a: Kyurem
|-singleturn|p1a: Kyurem|Protect
|move|p2a: Inteleon|Snipe Shot|p1a: Kyurem
|-activate|p1a: Kyurem|move: Protect
|
|-heal|p1a: Kyurem|100/100|[from] item: Leftovers
|upkeep
|turn|24
|
|t:|1779706078
|move|p2a: Inteleon|Snipe Shot|p1a: Kyurem
|-resisted|p1a: Kyurem
|-damage|p1a: Kyurem|71/100
|move|p1a: Kyurem|Substitute|p1a: Kyurem
|-start|p1a: Kyurem|Substitute
|-damage|p1a: Kyurem|46/100
|
|-heal|p1a: Kyurem|52/100|[from] item: Leftovers
|upkeep
|turn|25
|
|t:|1779706081
|move|p1a: Kyurem|Protect|p1a: Kyurem
|-singleturn|p1a: Kyurem|Protect
|move|p2a: Inteleon|Snipe Shot|p1a: Kyurem
|-activate|p1a: Kyurem|move: Protect
|
|-heal|p1a: Kyurem|58/100|[from] item: Leftovers
|upkeep
|turn|26
|
|t:|1779706084
|move|p2a: Inteleon|Snipe Shot|p1a: Kyurem
|-resisted|p1a: Kyurem
|-end|p1a: Kyurem|Substitute
|move|p1a: Kyurem|Freeze-Dry|p2a: Inteleon
|-supereffective|p2a: Inteleon
|-damage|p2a: Inteleon|0 fnt
|faint|p2a: Inteleon
|
|-heal|p1a: Kyurem|64/100|[from] item: Leftovers
|upkeep
|
|t:|1779706090
|switch|p2a: Lm10|Cinderace, F|49/100
|turn|27
|
|t:|1779706095
|move|p1a: Kyurem|Protect|p1a: Kyurem
|-singleturn|p1a: Kyurem|Protect
|move|p2a: Lm10|Pyro Ball|p1a: Kyurem
|-activate|p1a: Kyurem|move: Protect
|
|-heal|p1a: Kyurem|71/100|[from] item: Leftovers
|upkeep
|turn|28
|
|t:|1779706101
|switch|p1a: Garganacl|Garganacl, M|91/100
|move|p2a: Lm10|Pyro Ball|p1a: Garganacl
|-resisted|p1a: Garganacl
|-damage|p1a: Garganacl|72/100
|
|-heal|p1a: Garganacl|78/100|[from] item: Leftovers
|upkeep
|turn|29
|
|t:|1779706105
|move|p1a: Garganacl|Protect|p1a: Garganacl
|-singleturn|p1a: Garganacl|Protect
|move|p2a: Lm10|U-turn|p1a: Garganacl
|-start|p2a: Lm10|typechange|Bug|[from] ability: Libero
|-activate|p1a: Garganacl|move: Protect
|
|-heal|p1a: Garganacl|84/100|[from] item: Leftovers
|upkeep
|turn|30
|
|t:|1779706112
|-terastallize|p1a: Garganacl|Fairy
|move|p2a: Lm10|Pyro Ball|p1a: Garganacl
|-damage|p1a: Garganacl|60/100
|move|p1a: Garganacl|Salt Cure|p2a: Lm10
|-supereffective|p2a: Lm10
|-damage|p2a: Lm10|7/100
|-start|p2a: Lm10|Salt Cure
|
|-heal|p1a: Garganacl|66/100|[from] item: Leftovers
|-damage|p2a: Lm10|0 fnt|[from] Salt Cure
|faint|p2a: Lm10
|upkeep
|
|t:|1779706120
|switch|p2a: gambitDNiteCringe|Pecharunt, tera:Dark|60/100
|turn|31
|
|t:|1779706122
|move|p2a: gambitDNiteCringe|Recover|p2a: gambitDNiteCringe
|-heal|p2a: gambitDNiteCringe|100/100
|move|p1a: Garganacl|Stealth Rock|p2a: gambitDNiteCringe
|-sidestart|p2: hattybatty304|move: Stealth Rock
|
|-heal|p1a: Garganacl|72/100|[from] item: Leftovers
|upkeep
|turn|32
|
|t:|1779706126
|switch|p1a: Corviknight|Corviknight, F|76/100
|-ability|p1a: Corviknight|Pressure
|move|p2a: gambitDNiteCringe|Nasty Plot|p2a: gambitDNiteCringe
|-boost|p2a: gambitDNiteCringe|spa|2
|
|upkeep
|turn|33
|
|t:|1779706128
|move|p2a: gambitDNiteCringe|Nasty Plot|p2a: gambitDNiteCringe
|-boost|p2a: gambitDNiteCringe|spa|2
|move|p1a: Corviknight|U-turn|p2a: gambitDNiteCringe
|-supereffective|p2a: gambitDNiteCringe
|-crit|p2a: gambitDNiteCringe
|-damage|p2a: gambitDNiteCringe|82/100
|-damage|p1a: Corviknight|60/100|[from] item: Rocky Helmet|[of] p2a: gambitDNiteCringe
|
|t:|1779706132
|switch|p1a: Kyurem|Kyurem|71/100|[from] U-turn
|-ability|p1a: Kyurem|Pressure
|
|-heal|p1a: Kyurem|77/100|[from] item: Leftovers
|upkeep
|turn|34
|
|t:|1779706135
|move|p1a: Kyurem|Substitute|p1a: Kyurem
|-start|p1a: Kyurem|Substitute
|-damage|p1a: Kyurem|52/100
|move|p2a: gambitDNiteCringe|Shadow Ball|p1a: Kyurem
|-end|p1a: Kyurem|Substitute
|
|-heal|p1a: Kyurem|58/100|[from] item: Leftovers
|upkeep
|turn|35
|
|t:|1779706138
|move|p1a: Kyurem|Protect|p1a: Kyurem
|-singleturn|p1a: Kyurem|Protect
|move|p2a: gambitDNiteCringe|Shadow Ball|p1a: Kyurem
|-activate|p1a: Kyurem|move: Protect
|
|-heal|p1a: Kyurem|64/100|[from] item: Leftovers
|upkeep
|turn|36
|
|t:|1779706143
|switch|p1a: Garganacl|Garganacl, M, tera:Fairy|72/100
|move|p2a: gambitDNiteCringe|Malignant Chain|p1a: Garganacl
|-supereffective|p1a: Garganacl
|-damage|p1a: Garganacl|0 fnt
|faint|p1a: Garganacl
|
|upkeep
|
|t:|1779706145
|switch|p1a: Kyurem|Kyurem|64/100
|-ability|p1a: Kyurem|Pressure
|turn|37
|
|t:|1779706149
|move|p1a: Kyurem|Protect|p1a: Kyurem
|-singleturn|p1a: Kyurem|Protect
|move|p2a: gambitDNiteCringe|Shadow Ball|p1a: Kyurem
|-activate|p1a: Kyurem|move: Protect
|
|-heal|p1a: Kyurem|70/100|[from] item: Leftovers
|upkeep
|turn|38
|
|t:|1779706151
|move|p1a: Kyurem|Substitute|p1a: Kyurem
|-start|p1a: Kyurem|Substitute
|-damage|p1a: Kyurem|45/100
|move|p2a: gambitDNiteCringe|Shadow Ball|p1a: Kyurem
|-end|p1a: Kyurem|Substitute
|
|-heal|p1a: Kyurem|51/100|[from] item: Leftovers
|upkeep
|turn|39
|
|t:|1779706158
|move|p1a: Kyurem|Protect|p1a: Kyurem
|-singleturn|p1a: Kyurem|Protect
|move|p2a: gambitDNiteCringe|Shadow Ball|p1a: Kyurem
|-activate|p1a: Kyurem|move: Protect
|
|-heal|p1a: Kyurem|58/100|[from] item: Leftovers
|upkeep
|turn|40
|
|t:|1779706161
|move|p1a: Kyurem|Substitute|p1a: Kyurem
|-start|p1a: Kyurem|Substitute
|-damage|p1a: Kyurem|33/100
|move|p2a: gambitDNiteCringe|Shadow Ball|p1a: Kyurem
|-end|p1a: Kyurem|Substitute
|
|-heal|p1a: Kyurem|39/100|[from] item: Leftovers
|upkeep
|turn|41
|
|t:|1779706164
|move|p1a: Kyurem|Protect|p1a: Kyurem
|-singleturn|p1a: Kyurem|Protect
|move|p2a: gambitDNiteCringe|Shadow Ball|p1a: Kyurem
|-activate|p1a: Kyurem|move: Protect
|
|-heal|p1a: Kyurem|45/100|[from] item: Leftovers
|upkeep
|turn|42
|
|t:|1779706169
|move|p1a: Kyurem|Substitute|p1a: Kyurem
|-start|p1a: Kyurem|Substitute
|-damage|p1a: Kyurem|20/100
|move|p2a: gambitDNiteCringe|Shadow Ball|p1a: Kyurem
|-end|p1a: Kyurem|Substitute
|
|-heal|p1a: Kyurem|26/100|[from] item: Leftovers
|upkeep
|turn|43
|
|t:|1779706172
|move|p1a: Kyurem|Protect|p1a: Kyurem
|-singleturn|p1a: Kyurem|Protect
|move|p2a: gambitDNiteCringe|Malignant Chain|p1a: Kyurem
|-activate|p1a: Kyurem|move: Protect
|
|-heal|p1a: Kyurem|32/100|[from] item: Leftovers
|upkeep
|turn|44
|
|t:|1779706175
|switch|p1a: Corviknight|Corviknight, F|60/100
|-ability|p1a: Corviknight|Pressure
|move|p2a: gambitDNiteCringe|Malignant Chain|p1a: Corviknight
|-immune|p1a: Corviknight
|
|upkeep
|turn|45
|
|t:|1779706179
|move|p2a: gambitDNiteCringe|Nasty Plot|p2a: gambitDNiteCringe
|-boost|p2a: gambitDNiteCringe|spa|2
|move|p1a: Corviknight|Roost|p1a: Corviknight
|-heal|p1a: Corviknight|100/100
|-singleturn|p1a: Corviknight|move: Roost
|
|upkeep
|turn|46
|
|t:|1779706182
|move|p2a: gambitDNiteCringe|Recover|p2a: gambitDNiteCringe
|-heal|p2a: gambitDNiteCringe|100/100
|move|p1a: Corviknight|U-turn|p2a: gambitDNiteCringe
|-supereffective|p2a: gambitDNiteCringe
|-damage|p2a: gambitDNiteCringe|86/100
|-damage|p1a: Corviknight|84/100|[from] item: Rocky Helmet|[of] p2a: gambitDNiteCringe
|
|t:|1779706184
|switch|p1a: Kyurem|Kyurem|32/100|[from] U-turn
|-ability|p1a: Kyurem|Pressure
|
|-heal|p1a: Kyurem|39/100|[from] item: Leftovers
|upkeep
|turn|47
|
|t:|1779706190
|move|p1a: Kyurem|Protect|p1a: Kyurem
|-singleturn|p1a: Kyurem|Protect
|move|p2a: gambitDNiteCringe|Malignant Chain|p1a: Kyurem
|-activate|p1a: Kyurem|move: Protect
|
|-heal|p1a: Kyurem|45/100|[from] item: Leftovers
|upkeep
|turn|48
|
|t:|1779706197
|move|p1a: Kyurem|Substitute|p1a: Kyurem
|-start|p1a: Kyurem|Substitute
|-damage|p1a: Kyurem|20/100
|move|p2a: gambitDNiteCringe|Shadow Ball|p1a: Kyurem
|-end|p1a: Kyurem|Substitute
|
|-heal|p1a: Kyurem|26/100|[from] item: Leftovers
|upkeep
|turn|49
|
|t:|1779706205
|move|p1a: Kyurem|Protect|p1a: Kyurem
|-singleturn|p1a: Kyurem|Protect
|move|p2a: gambitDNiteCringe|Shadow Ball|p1a: Kyurem
|-activate|p1a: Kyurem|move: Protect
|
|-heal|p1a: Kyurem|32/100|[from] item: Leftovers
|upkeep
|turn|50
|
|t:|1779706209
|move|p1a: Kyurem|Substitute|p1a: Kyurem
|-start|p1a: Kyurem|Substitute
|-damage|p1a: Kyurem|7/100
|move|p2a: gambitDNiteCringe|Malignant Chain|p1a: Kyurem
|-end|p1a: Kyurem|Substitute
|
|-heal|p1a: Kyurem|13/100|[from] item: Leftovers
|upkeep
|turn|51
|
|t:|1779706215
|move|p1a: Kyurem|Protect|p1a: Kyurem
|-singleturn|p1a: Kyurem|Protect
|move|p2a: gambitDNiteCringe|Shadow Ball|p1a: Kyurem
|-activate|p1a: Kyurem|move: Protect
|
|-heal|p1a: Kyurem|20/100|[from] item: Leftovers
|upkeep
|turn|52
|
|t:|1779706220
|switch|p1a: Corviknight|Corviknight, F|84/100
|-ability|p1a: Corviknight|Pressure
|move|p2a: gambitDNiteCringe|Nasty Plot|p2a: gambitDNiteCringe
|-boost|p2a: gambitDNiteCringe|spa|0
|
|upkeep
|turn|53
|
|t:|1779706223
|move|p2a: gambitDNiteCringe|Shadow Ball|p1a: Corviknight
|-damage|p1a: Corviknight|0 fnt
|faint|p1a: Corviknight
|
|upkeep
|
|t:|1779706225
|switch|p1a: Kyurem|Kyurem|20/100
|-ability|p1a: Kyurem|Pressure
|turn|54
|
|t:|1779706232
|switch|p2a: Rapunzil|Primarina, F, shiny|100/100
|-damage|p2a: Rapunzil|88/100|[from] Stealth Rock
|move|p1a: Kyurem|Freeze-Dry|p2a: Rapunzil
|-supereffective|p2a: Rapunzil
|-damage|p2a: Rapunzil|53/100
|
|-heal|p1a: Kyurem|26/100|[from] item: Leftovers
|upkeep
|turn|55
|
|t:|1779706235
|move|p1a: Kyurem|Freeze-Dry|p2a: Rapunzil
|-supereffective|p2a: Rapunzil
|-damage|p2a: Rapunzil|17/100
|move|p2a: Rapunzil|Psychic Noise|p1a: Kyurem
|-resisted|p1a: Kyurem
|-damage|p1a: Kyurem|8/100
|-start|p1a: Kyurem|move: Heal Block
|
|upkeep
|turn|56
|
|t:|1779706243
|move|p1a: Kyurem|Protect|p1a: Kyurem
|-singleturn|p1a: Kyurem|Protect
|move|p2a: Rapunzil|Psychic Noise|p1a: Kyurem
|-activate|p1a: Kyurem|move: Protect
|
|-end|p1a: Kyurem|move: Heal Block
|upkeep
|turn|57
|
|t:|1779706247
|move|p1a: Kyurem|Freeze-Dry|p2a: Rapunzil
|-supereffective|p2a: Rapunzil
|-damage|p2a: Rapunzil|0 fnt
|faint|p2a: Rapunzil
|
|-heal|p1a: Kyurem|15/100|[from] item: Leftovers
|upkeep
|
|t:|1779706252
|switch|p2a: TakeYoMan|Meowscarada, F|84/100
|-damage|p2a: TakeYoMan|72/100|[from] Stealth Rock
|turn|58
|
|t:|1779706257
|move|p2a: TakeYoMan|Knock Off|p1a: Kyurem
|-start|p2a: TakeYoMan|typechange|Dark|[from] ability: Protean
|-damage|p1a: Kyurem|0 fnt
|-enditem|p1a: Kyurem|Leftovers|[from] move: Knock Off|[of] p2a: TakeYoMan
|faint|p1a: Kyurem
|
|win|hattybatty304
|raw|draconotmeteor's rating: 1356 &rarr; <strong>1336</strong><br />(-20 for losing)
|raw|hattybatty304's rating: 1359 &rarr; <strong>1379</strong><br />(+20 for winning)
|l|☆draconotmeteor
|player|p1|
|c|☆hattybatty304|Lol
|l|☆hattybatty304
|player|p2|
