|j|☆mrtipoxd
|j|☆bonsitol
|t:|1779674914
|gametype|singles
|player|p1|mrtipoxd|lucas-gen4pt|1081
|player|p2|bonsitol|waiter-gen4dp|1078
|gen|9
|tier|[Gen 9] OU
|rated|
|rule|HP Percentage Mod: HP is shown in percentages
|rule|Endless Battle Clause: Forcing endless battles is banned
|rule|Species Clause: Limit one of each Pokémon
|rule|OHKO Clause: OHKO moves are banned
|rule|Evasion Items Clause: Evasion items are banned
|rule|Evasion Moves Clause: Evasion moves are banned
|rule|Evasion Abilities Clause: Evasion abilities are banned
|rule|Sleep Moves Clause: Sleep-inducing moves are banned
|clearpoke
|poke|p1|Gholdengo|
|poke|p1|Kyurem|
|poke|p1|Corviknight, M|
|poke|p1|Ceruledge, F|
|poke|p1|Grimmsnarl, M|
|poke|p1|Rillaboom, M|
|poke|p2|Enamorus, F|
|poke|p2|Heatran, M|
|poke|p2|Dragonite, M|
|poke|p2|Zamazenta-*|
|poke|p2|Armarouge, F|
|poke|p2|Arboliva, F|
|teampreview
|l|☆mrtipoxd
|player|p1|
|j|☆mrtipoxd
|player|p1|mrtipoxd|lucas-gen4pt|
|
|t:|1779674968
|teamsize|p1|6
|teamsize|p2|6
|start
|switch|p1a: Grimmsnarl|Grimmsnarl, M|100/100
|switch|p2a: Armarouge|Armarouge, F|100/100
|turn|1
|
|t:|1779674986
|move|p1a: Grimmsnarl|Light Screen|p1a: Grimmsnarl
|-sidestart|p1: mrtipoxd|move: Light Screen
|move|p2a: Armarouge|Aura Sphere|p1a: Grimmsnarl
|-damage|p1a: Grimmsnarl|89/100
|
|upkeep
|turn|2
|
|t:|1779674995
|move|p2a: Armarouge|Calm Mind|p2a: Armarouge
|-boost|p2a: Armarouge|spa|1
|-boost|p2a: Armarouge|spd|1
|move|p1a: Grimmsnarl|Spirit Break|p2a: Armarouge
|-resisted|p2a: Armarouge
|-damage|p2a: Armarouge|86/100
|-unboost|p2a: Armarouge|spa|1
|
|-heal|p2a: Armarouge|92/100|[from] item: Leftovers
|upkeep
|turn|3
|
|t:|1779675005
|move|p2a: Armarouge|Calm Mind|p2a: Armarouge
|-boost|p2a: Armarouge|spa|1
|-boost|p2a: Armarouge|spd|1
|move|p1a: Grimmsnarl|Spirit Break|p2a: Armarouge
|-resisted|p2a: Armarouge
|-damage|p2a: Armarouge|79/100
|-unboost|p2a: Armarouge|spa|1
|
|-heal|p2a: Armarouge|85/100|[from] item: Leftovers
|upkeep
|turn|4
|
|t:|1779675014
|move|p2a: Armarouge|Aura Sphere|p1a: Grimmsnarl
|-damage|p1a: Grimmsnarl|77/100
|move|p1a: Grimmsnarl|Spirit Break|p2a: Armarouge
|-resisted|p2a: Armarouge
|-damage|p2a: Armarouge|70/100
|-unboost|p2a: Armarouge|spa|1
|
|-heal|p2a: Armarouge|76/100|[from] item: Leftovers
|upkeep
|turn|5
|
|t:|1779675023
|move|p2a: Armarouge|Calm Mind|p2a: Armarouge
|-boost|p2a: Armarouge|spa|1
|-boost|p2a: Armarouge|spd|1
|move|p1a: Grimmsnarl|Spirit Break|p2a: Armarouge
|-resisted|p2a: Armarouge
|-damage|p2a: Armarouge|63/100
|-unboost|p2a: Armarouge|spa|1
|
|-heal|p2a: Armarouge|69/100|[from] item: Leftovers
|upkeep
|turn|6
|
|t:|1779675033
|move|p1a: Grimmsnarl|Parting Shot|p2a: Armarouge
|-unboost|p2a: Armarouge|atk|1
|-unboost|p2a: Armarouge|spa|1
|
|t:|1779675038
|switch|p1a: Gholdengo|Gholdengo|100/100|[from] Parting Shot
|move|p2a: Armarouge|Calm Mind|p2a: Armarouge
|-boost|p2a: Armarouge|spa|1
|-boost|p2a: Armarouge|spd|1
|
|-heal|p2a: Armarouge|75/100|[from] item: Leftovers
|upkeep
|turn|7
|
|t:|1779675055
|move|p1a: Gholdengo|Thunder Wave|p2a: Armarouge
|-status|p2a: Armarouge|par
|move|p2a: Armarouge|Aura Sphere|p1a: Gholdengo
|-immune|p1a: Gholdengo
|
|-heal|p2a: Armarouge|82/100 par|[from] item: Leftovers
|upkeep
|turn|8
|
|t:|1779675067
|move|p1a: Gholdengo|Nasty Plot|p1a: Gholdengo
|-boost|p1a: Gholdengo|spa|2
|move|p2a: Armarouge|Night Shade|p1a: Gholdengo
|-damage|p1a: Gholdengo|74/100
|
|-heal|p2a: Armarouge|88/100 par|[from] item: Leftovers
|-sideend|p1: mrtipoxd|move: Light Screen
|upkeep
|turn|9
|
|t:|1779675076
|move|p1a: Gholdengo|Hex|p2a: Armarouge
|-supereffective|p2a: Armarouge
|-damage|p2a: Armarouge|0 fnt
|faint|p2a: Armarouge
|-damage|p1a: Gholdengo|64/100|[from] item: Life Orb
|
|upkeep
|
|t:|1779675084
|switch|p2a: Arboliva|Arboliva, F|100/100
|turn|10
|
|t:|1779675101
|move|p1a: Gholdengo|Thunder Wave|p2a: Arboliva
|-status|p2a: Arboliva|par
|cant|p2a: Arboliva|par
|
|upkeep
|turn|11
|
|t:|1779675109
|move|p1a: Gholdengo|Make It Rain|p2a: Arboliva
|-damage|p2a: Arboliva|0 fnt
|-unboost|p1a: Gholdengo|spa|1
|-fieldstart|move: Grassy Terrain|[from] ability: Seed Sower|[of] p2a: Arboliva
|faint|p2a: Arboliva
|-damage|p1a: Gholdengo|54/100|[from] item: Life Orb
|
|-heal|p1a: Gholdengo|61/100|[from] Grassy Terrain
|upkeep
|
|t:|1779675120
|switch|p2a: Enamorus|Enamorus, F|100/100
|turn|12
|
|t:|1779675132
|move|p2a: Enamorus|Earth Power|p1a: Gholdengo
|-supereffective|p1a: Gholdengo
|-damage|p1a: Gholdengo|11/100
|move|p1a: Gholdengo|Thunder Wave|p2a: Enamorus
|-status|p2a: Enamorus|par
|
|-heal|p1a: Gholdengo|17/100|[from] Grassy Terrain
|upkeep
|turn|13
|
|t:|1779675140
|move|p1a: Gholdengo|Hex|p2a: Enamorus
|-damage|p2a: Enamorus|0 fnt
|faint|p2a: Enamorus
|-damage|p1a: Gholdengo|8/100|[from] item: Life Orb
|
|-heal|p1a: Gholdengo|14/100|[from] Grassy Terrain
|upkeep
|
|t:|1779675147
|switch|p2a: Zamazenta|Zamazenta|100/100
|-ability|p2a: Zamazenta|Dauntless Shield|boost
|-boost|p2a: Zamazenta|def|1
|turn|14
|
|t:|1779675154
|move|p2a: Zamazenta|Psychic Fangs|p1a: Gholdengo
|-resisted|p1a: Gholdengo
|-damage|p1a: Gholdengo|4/100
|move|p1a: Gholdengo|Thunder Wave|p2a: Zamazenta
|-status|p2a: Zamazenta|par
|
|-heal|p1a: Gholdengo|10/100|[from] Grassy Terrain
|upkeep
|turn|15
|
|t:|1779675162
|move|p1a: Gholdengo|Hex|p2a: Zamazenta
|-damage|p2a: Zamazenta|0 fnt
|faint|p2a: Zamazenta
|-damage|p1a: Gholdengo|0 fnt|[from] item: Life Orb
|faint|p1a: Gholdengo
|
|-fieldend|move: Grassy Terrain
|upkeep
|c|☆mrtipoxd|easy sweep
|
|t:|1779675181
|switch|p2a: Dragonite|Dragonite, M|100/100
|switch|p1a: Grimmsnarl|Grimmsnarl, M|77/100
|turn|16
|
|t:|1779675189
|move|p1a: Grimmsnarl|Reflect|p1a: Grimmsnarl
|-sidestart|p1: mrtipoxd|Reflect
|move|p2a: Dragonite|Earthquake|p1a: Grimmsnarl
|-crit|p1a: Grimmsnarl
|-damage|p1a: Grimmsnarl|12/100
|
|upkeep
|turn|17
|
|t:|1779675194
|move|p1a: Grimmsnarl|Parting Shot|p2a: Dragonite
|-unboost|p2a: Dragonite|atk|1
|-unboost|p2a: Dragonite|spa|1
|
|t:|1779675201
|switch|p1a: Corviknight|Corviknight, M|100/100|[from] Parting Shot
|move|p2a: Dragonite|Earthquake|p1a: Corviknight
|-immune|p1a: Corviknight
|
|upkeep
|turn|18
|
|t:|1779675211
|move|p2a: Dragonite|Dragon Dance|p2a: Dragonite
|-boost|p2a: Dragonite|atk|1
|-boost|p2a: Dragonite|spe|1
|move|p1a: Corviknight|Iron Defense|p1a: Corviknight
|-boost|p1a: Corviknight|def|2
|
|upkeep
|turn|19
|
|t:|1779675216
|move|p2a: Dragonite|Dragon Dance|p2a: Dragonite
|-boost|p2a: Dragonite|atk|1
|-boost|p2a: Dragonite|spe|1
|move|p1a: Corviknight|Iron Defense|p1a: Corviknight
|-boost|p1a: Corviknight|def|2
|
|upkeep
|turn|20
|
|t:|1779675222
|move|p2a: Dragonite|Dragon Dance|p2a: Dragonite
|-boost|p2a: Dragonite|atk|1
|-boost|p2a: Dragonite|spe|1
|move|p1a: Corviknight|Iron Defense|p1a: Corviknight
|-boost|p1a: Corviknight|def|2
|
|upkeep
|turn|21
|
|t:|1779675233
|move|p2a: Dragonite|Dragon Dance|p2a: Dragonite
|-boost|p2a: Dragonite|atk|1
|-boost|p2a: Dragonite|spe|1
|move|p1a: Corviknight|Body Press|p2a: Dragonite
|-resisted|p2a: Dragonite
|-crit|p2a: Dragonite
|-damage|p2a: Dragonite|73/100
|
|-heal|p2a: Dragonite|79/100|[from] item: Leftovers
|upkeep
|turn|22
|
|t:|1779675242
|move|p2a: Dragonite|Ice Punch|p1a: Corviknight
|-damage|p1a: Corviknight|93/100
|move|p1a: Corviknight|Body Press|p2a: Dragonite
|-resisted|p2a: Dragonite
|-damage|p2a: Dragonite|45/100
|
|-heal|p2a: Dragonite|51/100|[from] item: Leftovers
|-heal|p1a: Corviknight|99/100|[from] item: Leftovers
|upkeep
|turn|23
|
|t:|1779675251
|move|p2a: Dragonite|Ice Punch|p1a: Corviknight
|-damage|p1a: Corviknight|91/100
|move|p1a: Corviknight|Body Press|p2a: Dragonite
|-resisted|p2a: Dragonite
|-damage|p2a: Dragonite|12/100
|
|-heal|p2a: Dragonite|18/100|[from] item: Leftovers
|-heal|p1a: Corviknight|97/100|[from] item: Leftovers
|-sideend|p1: mrtipoxd|Reflect
|upkeep
|turn|24
|
|t:|1779675262
|move|p2a: Dragonite|Ice Punch|p1a: Corviknight
|-damage|p1a: Corviknight|82/100
|move|p1a: Corviknight|Body Press|p2a: Dragonite
|-resisted|p2a: Dragonite
|-damage|p2a: Dragonite|0 fnt
|faint|p2a: Dragonite
|
|-heal|p1a: Corviknight|88/100|[from] item: Leftovers
|upkeep
|
|t:|1779675270
|switch|p2a: Heatran|Heatran, M|100/100
|turn|25
|c|☆mrtipoxd|gg
|
|t:|1779675281
|move|p2a: Heatran|Flamethrower|p1a: Corviknight
|-supereffective|p1a: Corviknight
|-damage|p1a: Corviknight|25/100
|move|p1a: Corviknight|Body Press|p2a: Heatran
|-supereffective|p2a: Heatran
|-enditem|p2a: Heatran|Focus Sash
|-damage|p2a: Heatran|1/100
|
|-heal|p1a: Corviknight|31/100|[from] item: Leftovers
|upkeep
|turn|26
|
|t:|1779675291
|switch|p1a: Ceruledge|Ceruledge, F|100/100
|move|p2a: Heatran|Flamethrower|p1a: Ceruledge
|-resisted|p1a: Ceruledge
|-damage|p1a: Ceruledge|72/100
|
|upkeep
|turn|27
|
|t:|1779675297
|move|p1a: Ceruledge|Shadow Sneak|p2a: Heatran
|-damage|p2a: Heatran|0 fnt
|faint|p2a: Heatran
|
|win|mrtipoxd
|raw|mrtipoxd's rating: 1109 &rarr; <strong>1132</strong><br />(+23 for winning)
|raw|bonsitol's rating: 1078 &rarr; <strong>1058</strong><br />(-20 for losing)
|l|☆bonsitol
|player|p2|
