|j|☆kopv
|j|‽jonniie
|t:|1779639949
|gametype|singles
|player|p1|kopv|bugcatcher-gen4dp|1518
|player|p2|jonniie|101|1460
|gen|9
|tier|[Gen 9] OU
|rated|
|rule|HP Percentage Mod: HP is shown in percentages
|rule|Endless Battle Clause: Forcing endless battles is banned
|rule|Species Clause: Limit one of each Pokémon
|rule|OHKO Clause: OHKO moves are banned
|rule|Evasion Items Clause: Evasion items are banned
|rule|Evasion Moves Clause: Evasion moves are banned
|rule|Evasion Abilities Clause: Evasion abilities are banned
|rule|Sleep Moves Clause: Sleep-inducing moves are banned
|clearpoke
|poke|p1|Pelipper, M|
|poke|p1|Barraskewda, M|
|poke|p1|Iron Treads|
|poke|p1|Bruxish, F|
|poke|p1|Raging Bolt|
|poke|p1|Enamorus, F|
|poke|p2|Ninetales-Alola, M|
|poke|p2|Indeedee, M|
|poke|p2|Volcanion|
|poke|p2|Okidogi, M|
|poke|p2|Thundurus-Therian, M|
|poke|p2|Mandibuzz, F|
|teampreview
|l|‽jonniie
|player|p2|
|j|‽jonniie
|player|p2|jonniie|101|
|n|‽jonniie|jonniie
|
|t:|1779639993
|teamsize|p1|6
|teamsize|p2|6
|start
|switch|p1a: Barraskewda|Barraskewda, M|100/100
|switch|p2a: Volcanion|Volcanion|100/100
|turn|1
|
|t:|1779640019
|switch|p1a: Raging Bolt|Raging Bolt|100/100
|move|p2a: Volcanion|Earth Power|p1a: Raging Bolt
|-supereffective|p1a: Raging Bolt
|-damage|p1a: Raging Bolt|2/100
|
|-heal|p1a: Raging Bolt|8/100|[from] item: Leftovers
|upkeep
|turn|2
|
|t:|1779640036
|switch|p2a: Thundurus|Thundurus-Therian, M|100/100
|move|p1a: Raging Bolt|Thunder|p2a: Thundurus
|-immune|p2a: Thundurus|[from] ability: Volt Absorb
|
|-heal|p1a: Raging Bolt|14/100|[from] item: Leftovers
|upkeep
|turn|3
|
|t:|1779640065
|-end|p1a: Raging Bolt|Protosynthesis|[silent]
|switch|p1a: Iron Treads|Iron Treads|100/100
|move|p2a: Thundurus|Knock Off|p1a: Iron Treads
|-damage|p1a: Iron Treads|77/100
|-enditem|p1a: Iron Treads|Leftovers|[from] move: Knock Off|[of] p2a: Thundurus
|
|upkeep
|turn|4
|
|t:|1779640080
|switch|p2a: Mandibuzz|Mandibuzz, F|100/100
|move|p1a: Iron Treads|Stealth Rock|p2a: Mandibuzz
|-sidestart|p2: jonniie|move: Stealth Rock
|
|upkeep
|turn|5
|
|t:|1779640086
|-end|p1a: Iron Treads|Quark Drive|[silent]
|switch|p1a: Enamorus|Enamorus, F|100/100
|move|p2a: Mandibuzz|Defog|p1a: Enamorus
|-boost|p1a: Enamorus|evasion|1
|-sideend|p2: jonniie|Stealth Rock|[from] move: Defog|[of] p2a: Mandibuzz
|
|upkeep
|turn|6
|
|t:|1779640098
|move|p1a: Enamorus|Moonblast|p2a: Mandibuzz
|-supereffective|p2a: Mandibuzz
|-damage|p2a: Mandibuzz|11/100
|move|p2a: Mandibuzz|U-turn|p1a: Enamorus
|-resisted|p1a: Enamorus
|-damage|p1a: Enamorus|96/100
|l|‽jonniie
|player|p2|
|j|‽jonniie
|player|p2|jonniie|101|
|n|‽jonniie|jonniie
|
|t:|1779640144
|switch|p2a: Indeedee|Indeedee, M|100/100|[from] U-turn
|-fieldstart|move: Psychic Terrain|[from] ability: Psychic Surge|[of] p2a: Indeedee
|
|upkeep
|turn|7
|l|‽jonniie
|player|p2|
|inactive|Battle timer is ON: inactive players will automatically lose when time's up. (requested by kopv)
|j|‽jonniie
|inactive|jonniie reconnected and has 145 seconds left.
|player|p2|jonniie|101|
|n|‽jonniie|jonniie
|
|t:|1779640224
|move|p2a: Indeedee|Expanding Force|p1a: Enamorus|[miss]
|-miss|p2a: Indeedee|p1a: Enamorus
|move|p1a: Enamorus|Moonblast|p2a: Indeedee
|-damage|p2a: Indeedee|28/100
|-unboost|p2a: Indeedee|spa|1
|
|upkeep
|turn|8
|
|t:|1779640232
|-terastallize|p2a: Indeedee|Psychic
|move|p2a: Indeedee|Expanding Force|p1a: Enamorus
|-damage|p1a: Enamorus|11/100
|move|p1a: Enamorus|Moonblast|p2a: Indeedee
|-damage|p2a: Indeedee|0 fnt
|faint|p2a: Indeedee
|
|upkeep
|
|t:|1779640245
|switch|p2a: Okidogi|Okidogi, M|100/100
|turn|9
|
|t:|1779640256
|switch|p1a: Iron Treads|Iron Treads|77/100
|move|p2a: Okidogi|Ice Punch|p1a: Iron Treads
|-damage|p1a: Iron Treads|51/100
|
|upkeep
|turn|10
|
|t:|1779640263
|move|p1a: Iron Treads|Stealth Rock|p2a: Okidogi
|-sidestart|p2: jonniie|move: Stealth Rock
|move|p2a: Okidogi|Drain Punch|p1a: Iron Treads
|-supereffective|p1a: Iron Treads
|-damage|p1a: Iron Treads|0 fnt
|faint|p1a: Iron Treads
|-end|p1a: Iron Treads|Quark Drive|[silent]
|
|-fieldend|move: Psychic Terrain
|upkeep
|
|t:|1779640273
|switch|p1a: 'Ello gov'na|Bruxish, F|100/100
|turn|11
|
|t:|1779640281
|move|p1a: 'Ello gov'na|Flip Turn|p2a: Okidogi
|-crit|p2a: Okidogi
|-damage|p2a: Okidogi|48/100
|
|t:|1779640286
|switch|p1a: Pelipper|Pelipper, M|100/100|[from] Flip Turn
|-weather|RainDance|[from] ability: Drizzle|[of] p1a: Pelipper
|move|p2a: Okidogi|Knock Off|p1a: Pelipper
|-damage|p1a: Pelipper|73/100
|-enditem|p1a: Pelipper|Damp Rock|[from] move: Knock Off|[of] p2a: Okidogi
|
|-weather|RainDance|[upkeep]
|upkeep
|turn|12
|l|‽jonniie
|inactive|jonniie disconnected and has a minute to reconnect!
|player|p2|
|inactive|jonniie has 30 seconds to reconnect!
|j|‽jonniie
|inactive|jonniie reconnected and has 95 seconds left.
|player|p2|jonniie|101|
|n|‽jonniie|jonniie
|inactive|jonniie has 90 seconds left.
|
|t:|1779640359
|move|p2a: Okidogi|Gunk Shot|p1a: Pelipper
|-damage|p1a: Pelipper|24/100
|-status|p1a: Pelipper|tox|[from] ability: Toxic Chain|[of] p2a: Okidogi
|move|p1a: Pelipper|U-turn|p2a: Okidogi
|-resisted|p2a: Okidogi
|-damage|p2a: Okidogi|46/100
|l|‽jonniie
|inactive|jonniie disconnected and has a minute to reconnect!
|player|p2|
|j|‽jonniie
|inactive|jonniie reconnected.
|player|p2|jonniie|101|
|n|‽jonniie|jonniie
|
|t:|1779640376
|switch|p1a: Barraskewda|Barraskewda, M|100/100|[from] U-turn
|
|-weather|RainDance|[upkeep]
|upkeep
|turn|13
|
|t:|1779640391
|move|p1a: Barraskewda|Close Combat|p2a: Okidogi
|-resisted|p2a: Okidogi
|-damage|p2a: Okidogi|25/100
|-unboost|p1a: Barraskewda|def|1
|-unboost|p1a: Barraskewda|spd|1
|-damage|p1a: Barraskewda|91/100|[from] item: Life Orb
|move|p2a: Okidogi|Gunk Shot|p1a: Barraskewda|[miss]
|-miss|p2a: Okidogi|p1a: Barraskewda
|
|-weather|RainDance|[upkeep]
|upkeep
|turn|14
|
|t:|1779640402
|move|p1a: Barraskewda|Close Combat|p2a: Okidogi
|-resisted|p2a: Okidogi
|-damage|p2a: Okidogi|3/100
|-unboost|p1a: Barraskewda|def|1
|-unboost|p1a: Barraskewda|spd|1
|-damage|p1a: Barraskewda|81/100|[from] item: Life Orb
|move|p2a: Okidogi|Gunk Shot|p1a: Barraskewda|[miss]
|-miss|p2a: Okidogi|p1a: Barraskewda
|
|-weather|RainDance|[upkeep]
|upkeep
|turn|15
|inactive|jonniie has 90 seconds left.
|
|t:|1779640420
|move|p1a: Barraskewda|Close Combat|p2a: Okidogi
|-resisted|p2a: Okidogi
|-damage|p2a: Okidogi|0 fnt
|-unboost|p1a: Barraskewda|def|1
|-unboost|p1a: Barraskewda|spd|1
|faint|p2a: Okidogi
|-damage|p1a: Barraskewda|71/100|[from] item: Life Orb
|
|-weather|RainDance|[upkeep]
|upkeep
|inactive|jonniie has 90 seconds left.
|
|t:|1779640438
|switch|p2a: Ninetales|Ninetales-Alola, M|100/100
|-damage|p2a: Ninetales|76/100|[from] Stealth Rock
|-weather|Snowscape|[from] ability: Snow Warning|[of] p2a: Ninetales
|turn|16
|
|t:|1779640451
|-terastallize|p1a: Barraskewda|Poison
|move|p1a: Barraskewda|Poison Jab|p2a: Ninetales
|-supereffective|p2a: Ninetales
|-damage|p2a: Ninetales|0 fnt
|faint|p2a: Ninetales
|-damage|p1a: Barraskewda|61/100|[from] item: Life Orb
|
|-weather|Snowscape|[upkeep]
|upkeep
|
|t:|1779640464
|switch|p2a: Volcanion|Volcanion|100/100
|-damage|p2a: Volcanion|76/100|[from] Stealth Rock
|turn|17
|
|t:|1779640470
|switch|p1a: Pelipper|Pelipper, M|24/100 tox
|-weather|RainDance|[from] ability: Drizzle|[of] p1a: Pelipper
|move|p2a: Volcanion|Steam Eruption|p1a: Pelipper
|-resisted|p1a: Pelipper
|-damage|p1a: Pelipper|0 fnt
|faint|p1a: Pelipper
|
|-weather|RainDance|[upkeep]
|upkeep
|
|t:|1779640486
|switch|p1a: Enamorus|Enamorus, F|11/100
|turn|18
|
|t:|1779640492
|move|p1a: Enamorus|Healing Wish|p1a: Enamorus
|faint|p1a: Enamorus
|move|p2a: Volcanion|Steam Eruption|p1: Enamorus|[notarget]
|-fail|p2a: Volcanion
|
|-weather|RainDance|[upkeep]
|upkeep
|
|t:|1779640495
|switch|p1a: Raging Bolt|Raging Bolt|14/100
|-heal|p1a: Raging Bolt|100/100|[from] move: Healing Wish
|turn|19
|
|t:|1779640505
|switch|p2a: Thundurus|Thundurus-Therian, M|100/100
|-damage|p2a: Thundurus|76/100|[from] Stealth Rock
|move|p1a: Raging Bolt|Thunder|p2a: Thundurus
|-heal|p2a: Thundurus|100/100|[from] ability: Volt Absorb|[of] p1a: Raging Bolt
|
|-weather|RainDance|[upkeep]
|upkeep
|turn|20
|
|t:|1779640519
|move|p2a: Thundurus|Psychic|p1a: Raging Bolt
|-damage|p1a: Raging Bolt|52/100
|move|p1a: Raging Bolt|Draco Meteor|p2a: Thundurus
|-damage|p2a: Thundurus|4/100
|-unboost|p1a: Raging Bolt|spa|2
|
|-weather|RainDance|[upkeep]
|-heal|p1a: Raging Bolt|59/100|[from] item: Leftovers
|upkeep
|turn|21
|
|t:|1779640539
|move|p2a: Thundurus|Psychic|p1a: Raging Bolt
|-crit|p1a: Raging Bolt
|-damage|p1a: Raging Bolt|0 fnt
|faint|p1a: Raging Bolt
|-end|p1a: Raging Bolt|Protosynthesis|[silent]
|
|-weather|none
|upkeep
|
|t:|1779640546
|switch|p1a: Barraskewda|Barraskewda, M, tera:Poison|61/100
|turn|22
|inactive|jonniie has 120 seconds left.
|
|t:|1779640558
|move|p1a: Barraskewda|Poison Jab|p2a: Thundurus
|-damage|p2a: Thundurus|0 fnt
|faint|p2a: Thundurus
|-damage|p1a: Barraskewda|51/100|[from] item: Life Orb
|
|upkeep
|
|t:|1779640563
|switch|p2a: Volcanion|Volcanion|76/100
|-damage|p2a: Volcanion|51/100|[from] Stealth Rock
|turn|23
|inactive|jonniie has 120 seconds left.
|
|t:|1779640574
|move|p1a: Barraskewda|Poison Jab|p2a: Volcanion
|-damage|p2a: Volcanion|0 fnt
|faint|p2a: Volcanion
|-damage|p1a: Barraskewda|41/100|[from] item: Life Orb
|
|upkeep
|
|t:|1779640580
|switch|p2a: Mandibuzz|Mandibuzz, F|11/100
|turn|24
|inactive|jonniie has 120 seconds left.
|
|t:|1779640586
|move|p1a: Barraskewda|Liquidation|p2a: Mandibuzz
|-damage|p2a: Mandibuzz|0 fnt
|faint|p2a: Mandibuzz
|-damage|p1a: Barraskewda|31/100|[from] item: Life Orb
|
|win|kopv
|raw|kopv's rating: 1518 &rarr; <strong>1535</strong><br />(+17 for winning)
|raw|jonniie's rating: 1460 &rarr; <strong>1443</strong><br />(-17 for losing)
|l|‽jonniie
|player|p2|
