|j|☆GilgameshxLeonora
|j|☆goodnightnite
|t:|1779684036
|gametype|singles
|player|p1|GilgameshxLeonora|nate|1495
|player|p2|goodnightnite|miku-water|1570
|gen|9
|tier|[Gen 9] OU
|rated|
|rule|HP Percentage Mod: HP is shown in percentages
|rule|Endless Battle Clause: Forcing endless battles is banned
|rule|Species Clause: Limit one of each Pokémon
|rule|OHKO Clause: OHKO moves are banned
|rule|Evasion Items Clause: Evasion items are banned
|rule|Evasion Moves Clause: Evasion moves are banned
|rule|Evasion Abilities Clause: Evasion abilities are banned
|rule|Sleep Moves Clause: Sleep-inducing moves are banned
|clearpoke
|poke|p1|Tyranitar, M|
|poke|p1|Iron Boulder|
|poke|p1|Rotom-Wash|
|poke|p1|Mandibuzz, F|
|poke|p1|Garganacl, F|
|poke|p1|Heatran, F|
|poke|p2|Ribombee, M|
|poke|p2|Lokix, F|
|poke|p2|Great Tusk|
|poke|p2|Raging Bolt|
|poke|p2|Gholdengo|
|poke|p2|Iron Moth|
|teampreview
|inactive|Battle timer is ON: inactive players will automatically lose when time's up. (requested by goodnightnite)
|inactive|GilgameshxLeonora also wants the timer to be on.
|inactive|goodnightnite has 120 seconds left.
|
|t:|1779684073
|teamsize|p1|6
|teamsize|p2|6
|start
|switch|p1a: Heatran|Heatran, F|100/100
|switch|p2a: Ribombee|Ribombee, M, shiny|100/100
|turn|1
|
|t:|1779684078
|move|p2a: Ribombee|Sticky Web|p1a: Heatran
|-sidestart|p1: GilgameshxLeonora|move: Sticky Web
|move|p1a: Heatran|Flash Cannon|p2a: Ribombee
|-supereffective|p2a: Ribombee
|-enditem|p2a: Ribombee|Focus Sash
|-damage|p2a: Ribombee|1/100
|
|upkeep
|turn|2
|
|t:|1779684082
|move|p2a: Ribombee|Stun Spore|p1a: Heatran
|-status|p1a: Heatran|par
|move|p1a: Heatran|Flash Cannon|p2a: Ribombee
|-supereffective|p2a: Ribombee
|-damage|p2a: Ribombee|0 fnt
|faint|p2a: Ribombee
|
|upkeep
|
|t:|1779684089
|switch|p2a: Raging Bolt|Raging Bolt|100/100
|-enditem|p2a: Raging Bolt|Booster Energy
|-activate|p2a: Raging Bolt|ability: Protosynthesis|[fromitem]
|-start|p2a: Raging Bolt|protosynthesisspa
|turn|3
|
|t:|1779684091
|move|p2a: Raging Bolt|Calm Mind|p2a: Raging Bolt
|-boost|p2a: Raging Bolt|spa|1
|-boost|p2a: Raging Bolt|spd|1
|cant|p1a: Heatran|par
|
|upkeep
|turn|4
|
|t:|1779684095
|move|p2a: Raging Bolt|Calm Mind|p2a: Raging Bolt
|-boost|p2a: Raging Bolt|spa|1
|-boost|p2a: Raging Bolt|spd|1
|move|p1a: Heatran|Magma Storm|p2a: Raging Bolt
|-resisted|p2a: Raging Bolt
|-damage|p2a: Raging Bolt|89/100
|-activate|p2a: Raging Bolt|move: Magma Storm|[of] p1a: Heatran
|
|-damage|p2a: Raging Bolt|76/100|[from] move: Magma Storm|[partiallytrapped]
|upkeep
|turn|5
|
|t:|1779684104
|move|p2a: Raging Bolt|Calm Mind|p2a: Raging Bolt
|-boost|p2a: Raging Bolt|spa|1
|-boost|p2a: Raging Bolt|spd|1
|move|p1a: Heatran|Earth Power|p2a: Raging Bolt
|-supereffective|p2a: Raging Bolt
|-damage|p2a: Raging Bolt|51/100
|
|-damage|p2a: Raging Bolt|39/100|[from] move: Magma Storm|[partiallytrapped]
|upkeep
|turn|6
|
|t:|1779684112
|switch|p1a: Tyranitar|Tyranitar, M|100/100
|-activate|p1a: Tyranitar|move: Sticky Web
|-unboost|p1a: Tyranitar|spe|1
|-weather|Sandstorm|[from] ability: Sand Stream|[of] p1a: Tyranitar
|move|p2a: Raging Bolt|Thunderbolt|p1a: Tyranitar
|-damage|p1a: Tyranitar|33/100
|
|-weather|Sandstorm|[upkeep]
|-damage|p2a: Raging Bolt|33/100|[from] Sandstorm
|-heal|p1a: Tyranitar|39/100|[from] item: Leftovers
|-end|p2a: Raging Bolt|Magma Storm|[partiallytrapped]|[silent]
|upkeep
|turn|7
|j| testingrainteam1
|
|t:|1779684117
|move|p2a: Raging Bolt|Thunderbolt|p1a: Tyranitar
|-damage|p1a: Tyranitar|0 fnt
|faint|p1a: Tyranitar
|
|-weather|Sandstorm|[upkeep]
|-damage|p2a: Raging Bolt|27/100|[from] Sandstorm
|upkeep
|l| testingrainteam1
|
|t:|1779684124
|switch|p1a: Iron Boulder|Iron Boulder|100/100
|-activate|p1a: Iron Boulder|move: Sticky Web
|-unboost|p1a: Iron Boulder|spe|1
|-enditem|p1a: Iron Boulder|Booster Energy
|-activate|p1a: Iron Boulder|ability: Quark Drive|[fromitem]
|-start|p1a: Iron Boulder|quarkdriveatk
|turn|8
|
|t:|1779684129
|move|p2a: Raging Bolt|Thunderclap|p1a: Iron Boulder
|-damage|p1a: Iron Boulder|10/100
|move|p1a: Iron Boulder|Mighty Cleave|p2a: Raging Bolt
|-damage|p2a: Raging Bolt|0 fnt
|faint|p2a: Raging Bolt
|-end|p2a: Raging Bolt|Protosynthesis|[silent]
|
|-weather|Sandstorm|[upkeep]
|upkeep
|
|t:|1779684141
|switch|p2a: Gholdengo|Gholdengo, shiny|100/100
|-item|p2a: Gholdengo|Air Balloon
|turn|9
|
|t:|1779684144
|move|p2a: Gholdengo|Shadow Ball|p1a: Iron Boulder
|-supereffective|p1a: Iron Boulder
|-damage|p1a: Iron Boulder|0 fnt
|faint|p1a: Iron Boulder
|-end|p1a: Iron Boulder|Quark Drive|[silent]
|
|-weather|Sandstorm|[upkeep]
|upkeep
|
|t:|1779684146
|switch|p1a: Heatran|Heatran, F|100/100 par
|-activate|p1a: Heatran|move: Sticky Web
|-unboost|p1a: Heatran|spe|1
|turn|10
|
|t:|1779684153
|move|p2a: Gholdengo|Shadow Ball|p1a: Heatran
|-damage|p1a: Heatran|67/100 par
|move|p1a: Heatran|Magma Storm|p2a: Gholdengo
|-supereffective|p2a: Gholdengo
|-damage|p2a: Gholdengo|0 fnt
|-enditem|p2a: Gholdengo|Air Balloon
|faint|p2a: Gholdengo
|
|-weather|none
|-heal|p1a: Heatran|73/100 par|[from] item: Leftovers
|upkeep
|
|t:|1779684159
|switch|p2a: Great Tusk|Great Tusk, shiny|100/100
|-enditem|p2a: Great Tusk|Booster Energy
|-activate|p2a: Great Tusk|ability: Protosynthesis|[fromitem]
|-start|p2a: Great Tusk|protosynthesisatk
|turn|11
|
|t:|1779684171
|switch|p1a: Mandibuzz|Mandibuzz, F|100/100
|move|p2a: Great Tusk|Close Combat|p1a: Mandibuzz
|-damage|p1a: Mandibuzz|50/100
|-unboost|p2a: Great Tusk|def|1
|-unboost|p2a: Great Tusk|spd|1
|
|upkeep
|turn|12
|
|t:|1779684181
|move|p2a: Great Tusk|Head Smash|p1a: Mandibuzz|[miss]
|-miss|p2a: Great Tusk|p1a: Mandibuzz
|move|p1a: Mandibuzz|Defog|p2a: Great Tusk
|-unboost|p2a: Great Tusk|evasion|1
|-sideend|p1: GilgameshxLeonora|Sticky Web|[from] move: Defog|[of] p1a: Mandibuzz
|
|upkeep
|turn|13
|
|t:|1779684185
|move|p2a: Great Tusk|Close Combat|p1a: Mandibuzz
|-damage|p1a: Mandibuzz|6/100
|-unboost|p2a: Great Tusk|def|1
|-unboost|p2a: Great Tusk|spd|1
|move|p1a: Mandibuzz|Toxic|p2a: Great Tusk
|-status|p2a: Great Tusk|tox
|
|-damage|p2a: Great Tusk|94/100 tox|[from] psn
|upkeep
|turn|14
|
|t:|1779684196
|move|p2a: Great Tusk|Close Combat|p1a: Mandibuzz
|-damage|p1a: Mandibuzz|0 fnt
|-unboost|p2a: Great Tusk|def|1
|-unboost|p2a: Great Tusk|spd|1
|faint|p1a: Mandibuzz
|
|-damage|p2a: Great Tusk|82/100 tox|[from] psn
|upkeep
|
|t:|1779684199
|switch|p1a: Rotom|Rotom-Wash|100/100
|turn|15
|
|t:|1779684202
|move|p1a: Rotom|Hydro Pump|p2a: Great Tusk
|-supereffective|p2a: Great Tusk
|-damage|p2a: Great Tusk|0 fnt
|faint|p2a: Great Tusk
|-end|p2a: Great Tusk|Protosynthesis|[silent]
|
|upkeep
|
|t:|1779684206
|switch|p2a: Lokix|Lokix, F, shiny|100/100
|turn|16
|
|t:|1779684211
|switch|p1a: Heatran|Heatran, F|73/100 par
|move|p2a: Lokix|Swords Dance|p2a: Lokix
|-boost|p2a: Lokix|atk|2
|
|-heal|p1a: Heatran|79/100 par|[from] item: Leftovers
|upkeep
|turn|17
|
|t:|1779684216
|move|p2a: Lokix|Knock Off|p1a: Heatran
|-damage|p1a: Heatran|0 fnt
|-enditem|p1a: Heatran|Leftovers|[from] move: Knock Off|[of] p2a: Lokix
|faint|p1a: Heatran
|-damage|p2a: Lokix|91/100|[from] item: Life Orb
|
|upkeep
|
|t:|1779684222
|switch|p1a: Rotom|Rotom-Wash|100/100
|turn|18
|
|t:|1779684225
|move|p1a: Rotom|Will-O-Wisp|p2a: Lokix
|-status|p2a: Lokix|brn
|move|p2a: Lokix|Knock Off|p1a: Rotom
|-damage|p1a: Rotom|18/100
|-enditem|p1a: Rotom|Choice Scarf|[from] move: Knock Off|[of] p2a: Lokix
|-damage|p2a: Lokix|81/100 brn|[from] item: Life Orb
|
|-damage|p2a: Lokix|75/100 brn|[from] brn
|upkeep
|turn|19
|
|t:|1779684236
|move|p1a: Rotom|Thunderbolt|p2a: Lokix
|-damage|p2a: Lokix|0 fnt
|faint|p2a: Lokix
|
|upkeep
|
|t:|1779684240
|switch|p2a: Iron Moth|Iron Moth, shiny|100/100
|-enditem|p2a: Iron Moth|Booster Energy
|-activate|p2a: Iron Moth|ability: Quark Drive|[fromitem]
|-start|p2a: Iron Moth|quarkdrivespa
|turn|20
|
|t:|1779684245
|move|p2a: Iron Moth|Fiery Dance|p1a: Rotom
|-resisted|p1a: Rotom
|-damage|p1a: Rotom|0 fnt
|faint|p1a: Rotom
|
|upkeep
|
|t:|1779684251
|switch|p1a: Garganacl|Garganacl, F|100/100
|turn|21
|
|t:|1779684255
|-terastallize|p2a: Iron Moth|Fairy
|-terastallize|p1a: Garganacl|Ghost
|move|p2a: Iron Moth|Energy Ball|p1a: Garganacl
|-damage|p1a: Garganacl|64/100
|move|p1a: Garganacl|Salt Cure|p2a: Iron Moth
|-damage|p2a: Iron Moth|78/100
|-start|p2a: Iron Moth|Salt Cure
|
|-heal|p1a: Garganacl|70/100|[from] item: Leftovers
|-damage|p2a: Iron Moth|66/100|[from] Salt Cure
|upkeep
|turn|22
|
|t:|1779684271
|move|p2a: Iron Moth|Fiery Dance|p1a: Garganacl
|-damage|p1a: Garganacl|18/100
|-boost|p2a: Iron Moth|spa|1
|move|p1a: Garganacl|Recover|p1a: Garganacl
|-heal|p1a: Garganacl|69/100
|
|-heal|p1a: Garganacl|75/100|[from] item: Leftovers
|-damage|p2a: Iron Moth|54/100|[from] Salt Cure
|upkeep
|turn|23
|
|t:|1779684275
|move|p2a: Iron Moth|Fiery Dance|p1a: Garganacl
|-crit|p1a: Garganacl
|-damage|p1a: Garganacl|0 fnt
|faint|p1a: Garganacl
|
|win|goodnightnite
|raw|GilgameshxLeonora's rating: 1495 &rarr; <strong>1479</strong><br />(-16 for losing)
|raw|goodnightnite's rating: 1570 &rarr; <strong>1586</strong><br />(+16 for winning)
|l|☆GilgameshxLeonora
|player|p1|
|l|☆goodnightnite
|player|p2|
