|j|☆magikarp7774k
|j|☆pokylemon
|t:|1779607613
|gametype|singles
|player|p1|magikarp7774k|brycenman|1083
|player|p2|pokylemon|170|1082
|gen|9
|tier|[Gen 9] OU
|rated|
|rule|HP Percentage Mod: HP is shown in percentages
|rule|Endless Battle Clause: Forcing endless battles is banned
|rule|Species Clause: Limit one of each Pokémon
|rule|OHKO Clause: OHKO moves are banned
|rule|Evasion Items Clause: Evasion items are banned
|rule|Evasion Moves Clause: Evasion moves are banned
|rule|Evasion Abilities Clause: Evasion abilities are banned
|rule|Sleep Moves Clause: Sleep-inducing moves are banned
|clearpoke
|poke|p1|Araquanid, M|
|poke|p1|Cinderace, F|
|poke|p1|Serperior, F|
|poke|p1|Kingambit, F|
|poke|p1|Milotic, M|
|poke|p1|Primeape, M|
|poke|p2|Landorus-Therian, M|
|poke|p2|Alomomola, F|
|poke|p2|Skeledirge, M|
|poke|p2|Slowking-Galar, M|
|poke|p2|Regieleki|
|poke|p2|Zapdos-Galar|
|teampreview
|
|t:|1779607624
|teamsize|p1|6
|teamsize|p2|6
|start
|switch|p1a: Araquanid|Araquanid, M|100/100
|switch|p2a: Maybe I'm a Lion|Landorus-Therian, M|100/100
|-ability|p2a: Maybe I'm a Lion|Intimidate|boost
|-unboost|p1a: Araquanid|atk|1
|turn|1
|inactive|Battle timer is ON: inactive players will automatically lose when time's up. (requested by pokylemon)
|
|t:|1779607645
|switch|p2a: Fish Fear Me|Alomomola, F|100/100
|move|p1a: Araquanid|Sticky Web|p2a: Fish Fear Me
|-sidestart|p2: pokylemon|move: Sticky Web
|
|upkeep
|turn|2
|
|t:|1779607653
|switch|p1a: Serperior|Serperior, F|100/100
|move|p2a: Fish Fear Me|Flip Turn|p1a: Serperior
|-resisted|p1a: Serperior
|-damage|p1a: Serperior|93/100
|
|t:|1779607659
|switch|p2a: Bird Up|Zapdos-Galar|100/100|[from] Flip Turn
|
|-heal|p1a: Serperior|99/100|[from] item: Leftovers
|upkeep
|turn|3
|
|t:|1779607675
|move|p1a: Serperior|Protect|p1a: Serperior
|-singleturn|p1a: Serperior|Protect
|move|p2a: Bird Up|U-turn|p1a: Serperior
|-activate|p1a: Serperior|move: Protect
|
|-heal|p1a: Serperior|100/100|[from] item: Leftovers
|upkeep
|turn|4
|
|t:|1779607684
|move|p1a: Serperior|Substitute|p1a: Serperior
|-start|p1a: Serperior|Substitute
|-damage|p1a: Serperior|76/100
|move|p2a: Bird Up|U-turn|p1a: Serperior
|-supereffective|p1a: Serperior
|-end|p1a: Serperior|Substitute
|
|t:|1779607698
|switch|p2a: The Croc is Lava|Skeledirge, M|100/100|[from] U-turn
|
|-heal|p1a: Serperior|82/100|[from] item: Leftovers
|upkeep
|turn|5
|
|t:|1779607712
|switch|p1a: Cinderace|Cinderace, F|100/100
|move|p2a: The Croc is Lava|Torch Song|p1a: Cinderace
|-resisted|p1a: Cinderace
|-damage|p1a: Cinderace|79/100
|-boost|p2a: The Croc is Lava|spa|1
|
|upkeep
|turn|6
|
|t:|1779607721
|switch|p2a: Fish Fear Me|Alomomola, F|100/100
|move|p1a: Cinderace|Court Change|p1a: Cinderace
|-start|p1a: Cinderace|typechange|Normal|[from] ability: Libero
|-swapsideconditions
|-activate|p1a: Cinderace|move: Court Change
|
|upkeep
|turn|7
|
|t:|1779607727
|move|p1a: Cinderace|Will-O-Wisp|p2a: Fish Fear Me
|-status|p2a: Fish Fear Me|brn
|move|p2a: Fish Fear Me|Flip Turn|p1a: Cinderace
|-damage|p1a: Cinderace|67/100
|
|t:|1779607751
|switch|p2a: Zip Zap|Regieleki|100/100|[from] Flip Turn
|
|upkeep
|turn|8
|
|t:|1779607758
|move|p2a: Zip Zap|Volt Switch|p1a: Cinderace
|-damage|p1a: Cinderace|9/100
|
|t:|1779607768
|switch|p2a: Fish Fear Me|Alomomola, F|100/100 brn|[from] Volt Switch
|move|p1a: Cinderace|U-turn|p2a: Fish Fear Me
|-damage|p2a: Fish Fear Me|89/100 brn
|
|t:|1779607777
|switch|p1a: Serperior|Serperior, F|82/100|[from] U-turn
|-activate|p1a: Serperior|move: Sticky Web
|-boost|p1a: Serperior|spe|1
|
|-heal|p1a: Serperior|88/100|[from] item: Leftovers
|-damage|p2a: Fish Fear Me|83/100 brn|[from] brn
|upkeep
|turn|9
|inactive|pokylemon has 120 seconds left.
|
|t:|1779607821
|switch|p2a: Maybe I'm a Lion|Landorus-Therian, M|100/100
|-ability|p2a: Maybe I'm a Lion|Intimidate|boost
|-boost|p1a: Serperior|atk|1
|move|p1a: Serperior|Substitute|p1a: Serperior
|-start|p1a: Serperior|Substitute
|-damage|p1a: Serperior|63/100
|
|-heal|p1a: Serperior|69/100|[from] item: Leftovers
|upkeep
|turn|10
|
|t:|1779607829
|move|p1a: Serperior|Leech Seed|p2a: Maybe I'm a Lion
|-start|p2a: Maybe I'm a Lion|move: Leech Seed
|move|p2a: Maybe I'm a Lion|U-turn|p1a: Serperior
|-supereffective|p1a: Serperior
|-end|p1a: Serperior|Substitute
|
|t:|1779607834
|switch|p2a: Bird Up|Zapdos-Galar|100/100|[from] U-turn
|
|-heal|p1a: Serperior|75/100|[from] item: Leftovers
|upkeep
|turn|11
|
|t:|1779607838
|move|p1a: Serperior|Protect|p1a: Serperior
|-singleturn|p1a: Serperior|Protect
|move|p2a: Bird Up|U-turn|p1a: Serperior
|-activate|p1a: Serperior|move: Protect
|
|-heal|p1a: Serperior|81/100|[from] item: Leftovers
|upkeep
|turn|12
|
|t:|1779607859
|move|p1a: Serperior|Substitute|p1a: Serperior
|-start|p1a: Serperior|Substitute
|-damage|p1a: Serperior|56/100
|move|p2a: Bird Up|U-turn|p1a: Serperior
|-supereffective|p1a: Serperior
|-end|p1a: Serperior|Substitute
|
|t:|1779607876
|switch|p2a: Maybe I'm a Lion|Landorus-Therian, M|100/100|[from] U-turn
|-ability|p2a: Maybe I'm a Lion|Intimidate|boost
|-boost|p1a: Serperior|atk|1
|
|-heal|p1a: Serperior|62/100|[from] item: Leftovers
|upkeep
|turn|13
|
|t:|1779607888
|move|p1a: Serperior|Protect|p1a: Serperior
|-singleturn|p1a: Serperior|Protect
|move|p2a: Maybe I'm a Lion|U-turn|p1a: Serperior
|-activate|p1a: Serperior|move: Protect
|
|-heal|p1a: Serperior|68/100|[from] item: Leftovers
|upkeep
|turn|14
|
|t:|1779607901
|switch|p1a: Primeape|Primeape, M|100/100
|-activate|p1a: Primeape|move: Sticky Web
|-unboost|p1a: Primeape|spe|1
|-ability|p1a: Primeape|Defiant|boost
|-boost|p1a: Primeape|atk|2
|move|p2a: Maybe I'm a Lion|U-turn|p1a: Primeape
|-resisted|p1a: Primeape
|-damage|p1a: Primeape|90/100
|
|t:|1779607915
|switch|p2a: The Croc is Lava|Skeledirge, M|100/100|[from] U-turn
|
|upkeep
|turn|15
|
|t:|1779607920
|move|p2a: The Croc is Lava|Will-O-Wisp|p1a: Primeape
|-status|p1a: Primeape|brn
|move|p1a: Primeape|Rage Fist|p2a: The Croc is Lava
|-supereffective|p2a: The Croc is Lava
|-damage|p2a: The Croc is Lava|82/100
|
|-damage|p1a: Primeape|84/100 brn|[from] brn
|upkeep
|turn|16
|
|t:|1779607931
|move|p2a: The Croc is Lava|Hex|p1a: Primeape
|-damage|p1a: Primeape|41/100 brn
|move|p1a: Primeape|Rest|p1a: Primeape
|-status|p1a: Primeape|slp|[from] move: Rest
|-heal|p1a: Primeape|100/100 slp|[silent]
|
|upkeep
|turn|17
|
|t:|1779607937
|move|p2a: The Croc is Lava|Hex|p1a: Primeape
|-damage|p1a: Primeape|63/100 slp
|cant|p1a: Primeape|slp
|move|p1a: Primeape|Sleep Talk|p1a: Primeape
|move|p1a: Primeape|Rest||[from] move: Sleep Talk|[still]
|-fail|p1a: Primeape
|
|upkeep
|turn|18
|
|t:|1779607946
|switch|p1a: Milotic|Milotic, M|100/100
|-activate|p1a: Milotic|move: Sticky Web
|-unboost|p1a: Milotic|spe|1
|-ability|p1a: Milotic|Competitive|boost
|-boost|p1a: Milotic|spa|2
|move|p2a: The Croc is Lava|Hex|p1a: Milotic
|-damage|p1a: Milotic|83/100
|
|-heal|p1a: Milotic|89/100|[from] item: Leftovers
|upkeep
|turn|19
|
|t:|1779607969
|switch|p2a: Jesus is King|Slowking-Galar, M|100/100
|move|p1a: Milotic|Flip Turn|p2a: Jesus is King
|-damage|p2a: Jesus is King|88/100
|
|t:|1779607975
|switch|p1a: Kingambit|Kingambit, F|100/100|[from] Flip Turn
|-activate|p1a: Kingambit|move: Sticky Web
|-unboost|p1a: Kingambit|spe|1
|-ability|p1a: Kingambit|Defiant|boost
|-boost|p1a: Kingambit|atk|2
|
|upkeep
|turn|20
|
|t:|1779607989
|switch|p2a: Fish Fear Me|Alomomola, F|100/100 brn
|move|p1a: Kingambit|Kowtow Cleave|p2a: Fish Fear Me
|-damage|p2a: Fish Fear Me|46/100 brn
|
|-damage|p2a: Fish Fear Me|40/100 brn|[from] brn
|upkeep
|turn|21
|inactive|pokylemon has 120 seconds left.
|
|t:|1779608016
|switch|p2a: Bird Up|Zapdos-Galar|100/100
|move|p1a: Kingambit|Kowtow Cleave|p2a: Bird Up
|-resisted|p2a: Bird Up
|-damage|p2a: Bird Up|42/100
|
|upkeep
|turn|22
|inactive|pokylemon has 120 seconds left.
|-message|pokylemon forfeited.
|
|win|magikarp7774k
|raw|magikarp7774k's rating: 1083 &rarr; <strong>1110</strong><br />(+27 for winning)
|raw|pokylemon's rating: 1082 &rarr; <strong>1060</strong><br />(-22 for losing)
|l|☆pokylemon
|player|p2|
|l|☆magikarp7774k
|player|p1|
