|j|☆pingoraxx
|j|☆mastermar22
|t:|1779646245
|gametype|singles
|player|p1|pingoraxx|ethan|1455
|player|p2|mastermar22|volkner|1420
|gen|9
|tier|[Gen 9] OU
|rated|
|rule|HP Percentage Mod: HP is shown in percentages
|rule|Endless Battle Clause: Forcing endless battles is banned
|rule|Species Clause: Limit one of each Pokémon
|rule|OHKO Clause: OHKO moves are banned
|rule|Evasion Items Clause: Evasion items are banned
|rule|Evasion Moves Clause: Evasion moves are banned
|rule|Evasion Abilities Clause: Evasion abilities are banned
|rule|Sleep Moves Clause: Sleep-inducing moves are banned
|clearpoke
|poke|p1|Ceruledge, M|
|poke|p1|Meowscarada, M|
|poke|p1|Greninja-*, M|
|poke|p1|Great Tusk|
|poke|p1|Galvantula, M|
|poke|p1|Landorus-Therian, M|
|poke|p2|Dragapult, F|
|poke|p2|Gliscor, F|
|poke|p2|Ogerpon-Wellspring, F|
|poke|p2|Iron Crown|
|poke|p2|Ting-Lu|
|poke|p2|Kingambit, M|
|teampreview
|inactive|Battle timer is ON: inactive players will automatically lose when time's up. (requested by mastermar22)
|
|t:|1779646259
|teamsize|p1|6
|teamsize|p2|6
|start
|switch|p1a: Miascarade|Meowscarada, M|100/100
|switch|p2a: Ting-Lu|Ting-Lu|100/100
|-ability|p2a: Ting-Lu|Vessel of Ruin
|turn|1
|
|t:|1779646270
|move|p1a: Miascarade|Triple Axel|p2a: Ting-Lu
|-start|p1a: Miascarade|typechange|Ice|[from] ability: Protean
|-supereffective|p2a: Ting-Lu
|-damage|p2a: Ting-Lu|82/100
|-damage|p1a: Miascarade|84/100|[from] item: Rocky Helmet|[of] p2a: Ting-Lu
|-supereffective|p2a: Ting-Lu
|-damage|p2a: Ting-Lu|47/100
|-damage|p1a: Miascarade|67/100|[from] item: Rocky Helmet|[of] p2a: Ting-Lu
|-supereffective|p2a: Ting-Lu
|-damage|p2a: Ting-Lu|0 fnt
|-damage|p1a: Miascarade|50/100|[from] item: Rocky Helmet|[of] p2a: Ting-Lu
|faint|p2a: Ting-Lu
|-hitcount|p2: Ting-Lu|3
|
|upkeep
|
|t:|1779646278
|switch|p2a: Dragapult|Dragapult, F|100/100
|turn|2
|
|t:|1779646287
|switch|p1a: Landorus|Landorus-Therian, M|100/100
|-ability|p1a: Landorus|Intimidate|boost
|-unboost|p2a: Dragapult|atk|1
|move|p2a: Dragapult|Dragon Darts|p1a: Landorus
|-damage|p1a: Landorus|85/100
|-anim|p2a: Dragapult|Dragon Darts|p1a: Landorus
|-damage|p1a: Landorus|68/100
|
|upkeep
|turn|3
|
|t:|1779646297
|move|p1a: Landorus|U-turn|p2a: Dragapult
|-resisted|p2a: Dragapult
|-damage|p2a: Dragapult|82/100
|
|t:|1779646304
|switch|p1a: Great Tusk|Great Tusk|100/100|[from] U-turn
|move|p2a: Dragapult|Will-O-Wisp|p1a: Great Tusk
|-status|p1a: Great Tusk|brn
|
|-damage|p1a: Great Tusk|94/100 brn|[from] brn
|upkeep
|turn|4
|
|t:|1779646313
|move|p2a: Dragapult|Hex|p1a: Great Tusk
|-damage|p1a: Great Tusk|8/100 brn
|move|p1a: Great Tusk|Ice Spinner|p2a: Dragapult
|-supereffective|p2a: Dragapult
|-damage|p2a: Dragapult|37/100
|
|-damage|p1a: Great Tusk|2/100 brn|[from] brn
|upkeep
|turn|5
|
|t:|1779646322
|move|p2a: Dragapult|Hex|p1a: Great Tusk
|-damage|p1a: Great Tusk|0 fnt
|faint|p1a: Great Tusk
|-end|p1a: Great Tusk|Protosynthesis|[silent]
|
|upkeep
|
|t:|1779646330
|switch|p1a: Galvantula|Galvantula, M|100/100
|turn|6
|
|t:|1779646341
|move|p2a: Dragapult|Will-O-Wisp|p1a: Galvantula
|-status|p1a: Galvantula|brn
|move|p1a: Galvantula|Sticky Web|p2a: Dragapult
|-sidestart|p2: mastermar22|move: Sticky Web
|
|-damage|p1a: Galvantula|94/100 brn|[from] brn
|upkeep
|turn|7
|
|t:|1779646350
|move|p2a: Dragapult|Hex|p1a: Galvantula
|-damage|p1a: Galvantula|0 fnt
|faint|p1a: Galvantula
|
|upkeep
|
|t:|1779646355
|switch|p1a: Landorus|Landorus-Therian, M|68/100
|-ability|p1a: Landorus|Intimidate|boost
|-unboost|p2a: Dragapult|atk|1
|turn|8
|
|t:|1779646360
|switch|p2a: Gliscor|Gliscor, F|100/100
|move|p1a: Landorus|Earthquake|p2a: Gliscor
|-immune|p2a: Gliscor
|
|-status|p2a: Gliscor|tox|[from] item: Toxic Orb
|upkeep
|turn|9
|
|t:|1779646371
|switch|p1a: Greninja|Greninja, M|100/100
|move|p2a: Gliscor|Toxic Spikes|p1a: Greninja
|-sidestart|p1: pingoraxx|move: Toxic Spikes
|
|upkeep
|turn|10
|
|t:|1779646379
|move|p2a: Gliscor|Protect|p2a: Gliscor
|-singleturn|p2a: Gliscor|Protect
|move|p1a: Greninja|Surf|p2a: Gliscor
|-activate|p2a: Gliscor|move: Protect
|
|upkeep
|turn|11
|
|t:|1779646385
|switch|p2a: Ogerpon|Ogerpon-Wellspring, F|100/100
|-activate|p2a: Ogerpon|move: Sticky Web
|-unboost|p2a: Ogerpon|spe|1
|move|p1a: Greninja|Surf|p2a: Ogerpon
|-immune|p2a: Ogerpon|[from] ability: Water Absorb
|
|upkeep
|turn|12
|
|t:|1779646394
|-terastallize|p1a: Greninja|Poison
|move|p1a: Greninja|Sludge Wave|p2a: Ogerpon
|-supereffective|p2a: Ogerpon
|-damage|p2a: Ogerpon|0 fnt
|faint|p2a: Ogerpon
|-ability|p1a: Greninja|Battle Bond|boost
|-boost|p1a: Greninja|atk|1
|-boost|p1a: Greninja|spa|1
|-boost|p1a: Greninja|spe|1
|-activate|p1a: Greninja|ability: Battle Bond
|
|upkeep
|
|t:|1779646400
|switch|p2a: Iron Crown|Iron Crown|100/100
|-activate|p2a: Iron Crown|move: Sticky Web
|-unboost|p2a: Iron Crown|spe|1
|-enditem|p2a: Iron Crown|Booster Energy
|-activate|p2a: Iron Crown|ability: Quark Drive|[fromitem]
|-start|p2a: Iron Crown|quarkdrivespa
|turn|13
|
|t:|1779646410
|-terastallize|p2a: Iron Crown|Fighting
|move|p1a: Greninja|Dark Pulse|p2a: Iron Crown
|-resisted|p2a: Iron Crown
|-crit|p2a: Iron Crown
|-damage|p2a: Iron Crown|60/100
|move|p2a: Iron Crown|Psychic|p1a: Greninja
|-supereffective|p1a: Greninja
|-damage|p1a: Greninja|0 fnt
|faint|p1a: Greninja
|
|upkeep
|
|t:|1779646425
|switch|p1a: Landorus|Landorus-Therian, M|68/100
|-ability|p1a: Landorus|Intimidate|boost
|-unboost|p2a: Iron Crown|atk|1
|turn|14
|
|t:|1779646432
|move|p1a: Landorus|U-turn|p2a: Iron Crown
|-resisted|p2a: Iron Crown
|-damage|p2a: Iron Crown|47/100
|
|t:|1779646436
|switch|p1a: Miascarade|Meowscarada, M|50/100|[from] U-turn
|-status|p1a: Miascarade|psn
|move|p2a: Iron Crown|Tachyon Cutter|p1a: Miascarade
|-damage|p1a: Miascarade|3/100 psn
|-damage|p1a: Miascarade|0 fnt
|faint|p1a: Miascarade
|-hitcount|p1: Miascarade|2
|
|upkeep
|-message|pingoraxx forfeited.
|
|win|mastermar22
|raw|pingoraxx's rating: 1455 &rarr; <strong>1433</strong><br />(-22 for losing)
|raw|mastermar22's rating: 1420 &rarr; <strong>1442</strong><br />(+22 for winning)
|l|☆pingoraxx
|player|p1|
|l|☆mastermar22
|player|p2|
