|j|☆Quagsires gf
|j|☆204reptile
|t:|1779577405
|gametype|singles
|player|p1|Quagsires gf|102|1089
|player|p2|204reptile|ingo|1134
|gen|9
|tier|[Gen 9] OU
|rated|
|rule|HP Percentage Mod: HP is shown in percentages
|rule|Endless Battle Clause: Forcing endless battles is banned
|rule|Species Clause: Limit one of each Pokémon
|rule|OHKO Clause: OHKO moves are banned
|rule|Evasion Items Clause: Evasion items are banned
|rule|Evasion Moves Clause: Evasion moves are banned
|rule|Evasion Abilities Clause: Evasion abilities are banned
|rule|Sleep Moves Clause: Sleep-inducing moves are banned
|clearpoke
|poke|p1|Grafaiai, F|
|poke|p1|Dusknoir, M|
|poke|p1|Pawmot, M|
|poke|p1|Granbull, M|
|poke|p1|Banette, M|
|poke|p1|Lilligant-Hisui, F|
|poke|p2|Clodsire, M|
|poke|p2|Toxapex, M|
|poke|p2|Corviknight, F|
|poke|p2|Dondozo, M|
|poke|p2|Clefable, M|
|poke|p2|Gliscor, F|
|teampreview
|inactive|Battle timer is ON: inactive players will automatically lose when time's up. (requested by Quagsires gf)
|
|t:|1779577421
|teamsize|p1|6
|teamsize|p2|6
|start
|switch|p1a: Lilligant|Lilligant-Hisui, F, shiny|100/100
|switch|p2a: Clodsire|Clodsire, M|100/100
|turn|1
|
|t:|1779577433
|switch|p2a: Toxapex|Toxapex, M|100/100
|move|p1a: Lilligant|Victory Dance|p1a: Lilligant
|-boost|p1a: Lilligant|atk|1
|-boost|p1a: Lilligant|def|1
|-boost|p1a: Lilligant|spe|1
|
|upkeep
|turn|2
|
|t:|1779577442
|move|p1a: Lilligant|Leaf Blade|p2a: Toxapex
|-damage|p2a: Toxapex|48/100
|move|p2a: Toxapex|Poison Jab|p1a: Lilligant
|-supereffective|p1a: Lilligant
|-damage|p1a: Lilligant|63/100
|
|-heal|p2a: Toxapex|54/100|[from] item: Leftovers
|upkeep
|turn|3
|
|t:|1779577456
|move|p2a: Toxapex|Baneful Bunker|p2a: Toxapex
|-singleturn|p2a: Toxapex|move: Protect
|move|p1a: Lilligant|Victory Dance|p1a: Lilligant
|-boost|p1a: Lilligant|atk|1
|-boost|p1a: Lilligant|def|1
|-boost|p1a: Lilligant|spe|1
|
|-heal|p2a: Toxapex|61/100|[from] item: Leftovers
|upkeep
|turn|4
|
|t:|1779577484
|move|p1a: Lilligant|Leaf Blade|p2a: Toxapex
|-damage|p2a: Toxapex|0 fnt
|faint|p2a: Toxapex
|
|upkeep
|inactive|204reptile has 120 seconds left.
|
|t:|1779577503
|switch|p2a: Clefable|Clefable, M|100/100
|turn|5
|
|t:|1779577507
|move|p1a: Lilligant|Leaf Blade|p2a: Clefable
|-damage|p2a: Clefable|8/100
|move|p2a: Clefable|Moonblast|p1a: Lilligant
|-supereffective|p1a: Lilligant
|-damage|p1a: Lilligant|0 fnt
|faint|p1a: Lilligant
|
|upkeep
|
|t:|1779577519
|switch|p1a: Grafaiai|Grafaiai, F, shiny|100/100
|turn|6
|
|t:|1779577535
|switch|p2a: Gliscor|Gliscor, F|100/100
|move|p1a: Grafaiai|Copycat|p1a: Grafaiai
|move|p1a: Grafaiai|Moonblast|p2a: Gliscor|[from] move: Copycat
|-damage|p2a: Gliscor|78/100
|
|-status|p2a: Gliscor|tox|[from] item: Toxic Orb
|upkeep
|turn|7
|
|t:|1779577545
|move|p1a: Grafaiai|Parting Shot|p2a: Gliscor
|-unboost|p2a: Gliscor|atk|1
|-unboost|p2a: Gliscor|spa|1
|
|t:|1779577547
|switch|p1a: Dusknoir|Dusknoir, M, shiny|100/100|[from] Parting Shot
|-item|p2a: Gliscor|Toxic Orb|[from] ability: Frisk|[of] p1a: Dusknoir
|move|p2a: Gliscor|Knock Off|p1a: Dusknoir
|-supereffective|p1a: Dusknoir
|-damage|p1a: Dusknoir|73/100
|-enditem|p1a: Dusknoir|Quick Claw|[from] move: Knock Off|[of] p2a: Gliscor
|
|-heal|p2a: Gliscor|91/100 tox|[from] ability: Poison Heal
|upkeep
|turn|8
|
|t:|1779577557
|move|p2a: Gliscor|Toxic|p1a: Dusknoir
|-status|p1a: Dusknoir|tox
|move|p1a: Dusknoir|Metronome|p1a: Dusknoir
|move|p1a: Dusknoir|Uproar|p2a: Gliscor|[from] move: Metronome
|-damage|p2a: Gliscor|74/100 tox
|-start|p1a: Dusknoir|Uproar
|
|-heal|p2a: Gliscor|86/100 tox|[from] ability: Poison Heal
|-damage|p1a: Dusknoir|66/100 tox|[from] psn
|-start|p1a: Dusknoir|Uproar|[upkeep]
|upkeep
|turn|9
|
|t:|1779577571
|move|p2a: Gliscor|Substitute|p2a: Gliscor
|-start|p2a: Gliscor|Substitute
|-damage|p2a: Gliscor|61/100 tox
|move|p1a: Dusknoir|Uproar|p2a: Gliscor|[from] lockedmove
|-damage|p2a: Gliscor|47/100 tox
|
|-heal|p2a: Gliscor|59/100 tox|[from] ability: Poison Heal
|-damage|p1a: Dusknoir|54/100 tox|[from] psn
|-start|p1a: Dusknoir|Uproar|[upkeep]
|upkeep
|turn|10
|
|t:|1779577582
|move|p2a: Gliscor|Protect|p2a: Gliscor
|-singleturn|p2a: Gliscor|Protect
|move|p1a: Dusknoir|Uproar|p2a: Gliscor|[from] lockedmove
|-activate|p2a: Gliscor|move: Protect
|
|-heal|p2a: Gliscor|72/100 tox|[from] ability: Poison Heal
|-damage|p1a: Dusknoir|36/100 tox|[from] psn
|-end|p1a: Dusknoir|Uproar
|upkeep
|turn|11
|
|t:|1779577593
|move|p2a: Gliscor|Knock Off|p1a: Dusknoir
|-supereffective|p1a: Dusknoir
|-damage|p1a: Dusknoir|18/100 tox
|move|p1a: Dusknoir|Skill Swap|p2a: Gliscor
|-activate|p1a: Dusknoir|Skill Swap|Poison Heal|Frisk|[of] p2a: Gliscor
|
|-damage|p2a: Gliscor|40/100 tox|[from] psn
|-heal|p1a: Dusknoir|30/100 tox|[from] ability: Poison Heal
|upkeep
|turn|12
|inactive|204reptile has 120 seconds left.
|
|t:|1779577619
|move|p2a: Gliscor|Knock Off|p1a: Dusknoir
|-supereffective|p1a: Dusknoir
|-damage|p1a: Dusknoir|13/100 tox
|move|p1a: Dusknoir|Leech Life|p2a: Gliscor
|-resisted|p2a: Gliscor
|-activate|p2a: Gliscor|move: Substitute|[damage]
|-heal|p1a: Dusknoir|19/100 tox|[from] drain|[of] p2a: Gliscor
|
|-damage|p2a: Gliscor|3/100 tox|[from] psn
|-heal|p1a: Dusknoir|31/100 tox|[from] ability: Poison Heal
|upkeep
|turn|13
|inactive|204reptile has 120 seconds left.
|
|t:|1779577635
|move|p2a: Gliscor|Knock Off|p1a: Dusknoir
|-supereffective|p1a: Dusknoir
|-damage|p1a: Dusknoir|14/100 tox
|move|p1a: Dusknoir|Leech Life|p2a: Gliscor
|-resisted|p2a: Gliscor
|-activate|p2a: Gliscor|move: Substitute|[damage]
|-heal|p1a: Dusknoir|20/100 tox|[from] drain|[of] p2a: Gliscor
|
|-damage|p2a: Gliscor|0 fnt|[from] psn
|faint|p2a: Gliscor
|-heal|p1a: Dusknoir|32/100 tox|[from] ability: Poison Heal
|upkeep
|
|t:|1779577646
|switch|p2a: Dondozo|Dondozo, M|100/100
|turn|14
|
|t:|1779577656
|move|p1a: Dusknoir|Leech Life|p2a: Dondozo
|-damage|p2a: Dondozo|88/100
|-heal|p1a: Dusknoir|43/100 tox|[from] drain|[of] p2a: Dondozo
|move|p2a: Dondozo|Crunch|p1a: Dusknoir
|-supereffective|p1a: Dusknoir
|-damage|p1a: Dusknoir|8/100 tox
|
|-heal|p2a: Dondozo|95/100|[from] item: Leftovers
|-heal|p1a: Dusknoir|21/100 tox|[from] ability: Poison Heal
|upkeep
|turn|15
|inactive|204reptile has 120 seconds left.
|
|t:|1779577671
|move|p1a: Dusknoir|Curse|p2a: Dondozo
|-start|p2a: Dondozo|Curse|[of] p1a: Dusknoir
|-damage|p1a: Dusknoir|0 fnt
|faint|p1a: Dusknoir
|move|p2a: Dondozo|Curse|p2a: Dondozo
|-unboost|p2a: Dondozo|spe|1
|-boost|p2a: Dondozo|atk|1
|-boost|p2a: Dondozo|def|1
|
|-heal|p2a: Dondozo|100/100|[from] item: Leftovers
|-damage|p2a: Dondozo|76/100|[from] Curse
|upkeep
|
|t:|1779577678
|switch|p1a: Pawmot|Pawmot, M|100/100
|turn|16
|inactive|204reptile has 120 seconds left.
|
|t:|1779577695
|switch|p2a: Clodsire|Clodsire, M|100/100
|move|p1a: Pawmot|Revival Blessing|p1a: Pawmot
|-enditem|p1a: Pawmot|Leppa Berry|[eat]
|-activate|p1a: Pawmot|item: Leppa Berry|Revival Blessing|[consumed]
|
|t:|1779577700
|-heal|p1: Dusknoir|50/100|[from] move: Revival Blessing
|
|upkeep
|turn|17
|inactive|204reptile has 120 seconds left.
|
|t:|1779577706
|switch|p1a: Granbull|Granbull, M, shiny|100/100
|-ability|p1a: Granbull|Intimidate|boost
|-unboost|p2a: Clodsire|atk|1
|move|p2a: Clodsire|Spikes|p1a: Granbull
|-sidestart|p1: Quagsires gf|Spikes
|
|upkeep
|turn|18
|
|t:|1779577718
|move|p1a: Granbull|Metronome|p1a: Granbull
|move|p1a: Granbull|Mud-Slap|p2a: Clodsire|[from] move: Metronome
|-supereffective|p2a: Clodsire
|-damage|p2a: Clodsire|97/100
|-unboost|p2a: Clodsire|accuracy|1
|move|p2a: Clodsire|Spikes|p1a: Granbull
|-sidestart|p1: Quagsires gf|Spikes
|
|upkeep
|turn|19
|
|t:|1779577733
|switch|p1a: Pawmot|Pawmot, M|100/100
|-damage|p1a: Pawmot|84/100|[from] Spikes
|move|p2a: Clodsire|Spikes|p1a: Pawmot
|-sidestart|p1: Quagsires gf|Spikes
|
|upkeep
|turn|20
|
|t:|1779577742
|-terastallize|p1a: Pawmot|Flying
|move|p1a: Pawmot|Revival Blessing|p1a: Pawmot
|
|t:|1779577745
|-heal|p1: Lilligant|50/100|[from] move: Revival Blessing
|move|p2a: Clodsire|Earthquake|p1a: Pawmot
|-immune|p1a: Pawmot
|
|upkeep
|turn|21
|
|t:|1779577760
|switch|p1a: Lilligant|Lilligant-Hisui, F, shiny|50/100
|-damage|p1a: Lilligant|25/100|[from] Spikes
|move|p2a: Clodsire|Poison Jab|p1a: Lilligant
|-supereffective|p1a: Lilligant
|-damage|p1a: Lilligant|0 fnt
|faint|p1a: Lilligant
|
|upkeep
|
|t:|1779577776
|switch|p1a: Pawmot|Pawmot, M, tera:Flying|84/100
|turn|22
|
|t:|1779577783
|move|p1a: Pawmot|Rest|p1a: Pawmot
|-status|p1a: Pawmot|slp|[from] move: Rest
|-heal|p1a: Pawmot|100/100 slp|[silent]
|move|p2a: Clodsire|Poison Jab|p1a: Pawmot
|-damage|p1a: Pawmot|80/100 slp
|
|upkeep
|turn|23
|
|t:|1779577790
|cant|p1a: Pawmot|slp
|move|p1a: Pawmot|Sleep Talk|p1a: Pawmot
|move|p1a: Pawmot|Rest||[from] move: Sleep Talk|[still]
|-fail|p1a: Pawmot
|move|p2a: Clodsire|Poison Jab|p1a: Pawmot|[miss]
|-miss|p2a: Clodsire|p1a: Pawmot
|
|upkeep
|turn|24
|
|t:|1779577797
|cant|p1a: Pawmot|slp
|move|p1a: Pawmot|Sleep Talk|p1a: Pawmot
|move|p1a: Pawmot|Rest||[from] move: Sleep Talk|[still]
|-fail|p1a: Pawmot
|move|p2a: Clodsire|Poison Jab|p1a: Pawmot
|-damage|p1a: Pawmot|58/100 slp
|
|upkeep
|turn|25
|
|t:|1779577804
|-curestatus|p1a: Pawmot|slp|[msg]
|move|p1a: Pawmot|Rest|p1a: Pawmot
|-status|p1a: Pawmot|slp|[from] move: Rest
|-heal|p1a: Pawmot|100/100 slp|[silent]
|move|p2a: Clodsire|Poison Jab|p1a: Pawmot
|-damage|p1a: Pawmot|83/100 slp
|
|upkeep
|turn|26
|
|t:|1779577827
|switch|p2a: Clefable|Clefable, M|8/100
|cant|p1a: Pawmot|slp
|move|p1a: Pawmot|Sleep Talk|p1a: Pawmot
|move|p1a: Pawmot|Rest||[from] move: Sleep Talk|[still]
|-fail|p1a: Pawmot
|
|upkeep
|turn|27
|
|t:|1779577838
|cant|p1a: Pawmot|slp
|move|p1a: Pawmot|Sleep Talk|p1a: Pawmot
|move|p1a: Pawmot|Rest||[from] move: Sleep Talk|[still]
|-fail|p1a: Pawmot
|move|p2a: Clefable|Moonlight|p2a: Clefable
|-heal|p2a: Clefable|58/100
|
|upkeep
|turn|28
|
|t:|1779577853
|-curestatus|p1a: Pawmot|slp|[from] ability: Natural Cure|[silent]
|switch|p1a: Dusknoir|Dusknoir, M, shiny|50/100
|-damage|p1a: Dusknoir|26/100|[from] Spikes
|-item|p2a: Clefable|Sticky Barb|[from] ability: Frisk|[of] p1a: Dusknoir
|move|p2a: Clefable|Moonlight|p2a: Clefable
|-heal|p2a: Clefable|100/100
|
|upkeep
|turn|29
|
|t:|1779577868
|move|p2a: Clefable|Moonblast|p1a: Dusknoir
|-damage|p1a: Dusknoir|0 fnt
|faint|p1a: Dusknoir
|
|upkeep
|
|t:|1779577873
|switch|p1a: Grafaiai|Grafaiai, F, shiny|100/100
|-damage|p1a: Grafaiai|76/100|[from] Spikes
|turn|30
|
|t:|1779577883
|move|p1a: Grafaiai|Parting Shot|p2a: Clefable
|-unboost|p2a: Clefable|atk|1
|-unboost|p2a: Clefable|spa|1
|
|t:|1779577885
|switch|p1a: Pawmot|Pawmot, M, tera:Flying|83/100|[from] Parting Shot
|move|p2a: Clefable|Knock Off|p1a: Pawmot
|-damage|p1a: Pawmot|73/100
|
|upkeep
|turn|31
|
|t:|1779577893
|move|p1a: Pawmot|Rest|p1a: Pawmot
|-status|p1a: Pawmot|slp|[from] move: Rest
|-heal|p1a: Pawmot|100/100 slp|[silent]
|move|p2a: Clefable|Stealth Rock|p1a: Pawmot
|-sidestart|p1: Quagsires gf|move: Stealth Rock
|
|upkeep
|turn|32
|
|t:|1779577900
|cant|p1a: Pawmot|slp
|move|p1a: Pawmot|Sleep Talk|p1a: Pawmot
|move|p1a: Pawmot|Revival Blessing|p1a: Pawmot|[from] move: Sleep Talk
|
|t:|1779577905
|-heal|p1: Lilligant|50/100|[from] move: Revival Blessing
|move|p2a: Clefable|Moonblast|p1a: Pawmot
|-damage|p1a: Pawmot|71/100 slp
|
|upkeep
|turn|33
|
|t:|1779577912
|cant|p1a: Pawmot|slp
|move|p1a: Pawmot|Sleep Talk|p1a: Pawmot
|move|p1a: Pawmot|Revival Blessing|p1a: Pawmot|[from] move: Sleep Talk
|
|t:|1779577916
|-heal|p1: Dusknoir|50/100|[from] move: Revival Blessing
|move|p2a: Clefable|Moonblast|p1a: Pawmot
|-damage|p1a: Pawmot|38/100 slp
|
|upkeep
|turn|34
|
|t:|1779577922
|-curestatus|p1a: Pawmot|slp|[msg]
|move|p1a: Pawmot|Rest|p1a: Pawmot
|-status|p1a: Pawmot|slp|[from] move: Rest
|-heal|p1a: Pawmot|100/100 slp|[silent]
|move|p2a: Clefable|Moonblast|p1a: Pawmot
|-damage|p1a: Pawmot|69/100 slp
|
|upkeep
|turn|35
|inactive|204reptile has 120 seconds left.
|
|t:|1779577956
|-curestatus|p1a: Pawmot|slp|[from] ability: Natural Cure|[silent]
|switch|p1a: Grafaiai|Grafaiai, F, shiny|76/100
|-damage|p1a: Grafaiai|51/100|[from] Spikes
|-damage|p1a: Grafaiai|38/100|[from] Stealth Rock
|switch|p2a: Dondozo|Dondozo, M|76/100
|
|-heal|p1a: Grafaiai|44/100|[from] item: Black Sludge
|-heal|p2a: Dondozo|82/100|[from] item: Leftovers
|upkeep
|turn|36
|inactive|204reptile has 120 seconds left.
|
|t:|1779577972
|move|p1a: Grafaiai|Parting Shot|p2a: Dondozo
|-unboost|p2a: Dondozo|atk|1
|-unboost|p2a: Dondozo|spa|1
|
|t:|1779577974
|switch|p1a: Lilligant|Lilligant-Hisui, F, shiny|50/100|[from] Parting Shot
|-damage|p1a: Lilligant|25/100|[from] Spikes
|-damage|p1a: Lilligant|19/100|[from] Stealth Rock
|move|p2a: Dondozo|Curse|p2a: Dondozo
|-unboost|p2a: Dondozo|spe|1
|-boost|p2a: Dondozo|atk|1
|-boost|p2a: Dondozo|def|1
|
|-heal|p2a: Dondozo|88/100|[from] item: Leftovers
|upkeep
|turn|37
|inactive|204reptile has 120 seconds left.
|
|t:|1779578000
|-terastallize|p2a: Dondozo|Dark
|move|p1a: Lilligant|Defog|p2a: Dondozo
|-unboost|p2a: Dondozo|evasion|1
|-sideend|p1: Quagsires gf|Spikes|[from] move: Defog|[of] p1a: Lilligant
|-sideend|p1: Quagsires gf|Stealth Rock|[from] move: Defog|[of] p1a: Lilligant
|move|p2a: Dondozo|Crunch|p1a: Lilligant
|-resisted|p1a: Lilligant
|-damage|p1a: Lilligant|0 fnt
|faint|p1a: Lilligant
|
|-heal|p2a: Dondozo|94/100|[from] item: Leftovers
|upkeep
|
|t:|1779578007
|switch|p1a: Granbull|Granbull, M, shiny|100/100
|-ability|p1a: Granbull|Intimidate|boost
|-unboost|p2a: Dondozo|atk|1
|turn|38
|
|t:|1779578013
|move|p1a: Granbull|Play Rough|p2a: Dondozo
|-supereffective|p2a: Dondozo
|-damage|p2a: Dondozo|66/100
|move|p2a: Dondozo|Curse|p2a: Dondozo
|-unboost|p2a: Dondozo|spe|1
|-boost|p2a: Dondozo|atk|1
|-boost|p2a: Dondozo|def|1
|
|-heal|p2a: Dondozo|72/100|[from] item: Leftovers
|upkeep
|turn|39
|inactive|204reptile has 120 seconds left.
|
|t:|1779578024
|switch|p1a: Dusknoir|Dusknoir, M, shiny|50/100
|-item|p2a: Dondozo|Leftovers|[from] ability: Frisk|[of] p1a: Dusknoir
|move|p2a: Dondozo|Curse|p2a: Dondozo
|-unboost|p2a: Dondozo|spe|1
|-boost|p2a: Dondozo|atk|1
|-boost|p2a: Dondozo|def|1
|
|-heal|p2a: Dondozo|79/100|[from] item: Leftovers
|upkeep
|turn|40
|inactive|204reptile has 120 seconds left.
|
|t:|1779578042
|move|p1a: Dusknoir|Curse|p2a: Dondozo
|-start|p2a: Dondozo|Curse|[of] p1a: Dusknoir
|-damage|p1a: Dusknoir|0 fnt
|faint|p1a: Dusknoir
|move|p2a: Dondozo|Curse|p2a: Dondozo
|-unboost|p2a: Dondozo|spe|1
|-boost|p2a: Dondozo|atk|1
|-boost|p2a: Dondozo|def|1
|
|-heal|p2a: Dondozo|85/100|[from] item: Leftovers
|-damage|p2a: Dondozo|60/100|[from] Curse
|upkeep
|
|t:|1779578053
|switch|p1a: Banette|Banette, M, shiny|100/100
|turn|41
|
|t:|1779578060
|move|p1a: Banette|Confuse Ray|p2a: Dondozo
|-start|p2a: Dondozo|confusion
|-activate|p2a: Dondozo|confusion
|move|p2a: Dondozo|Crunch|p1a: Banette
|-supereffective|p1a: Banette
|-damage|p1a: Banette|0 fnt
|-start|p2a: Dondozo|Disable|Crunch|[from] ability: Cursed Body|[of] p1a: Banette
|faint|p1a: Banette
|
|-heal|p2a: Dondozo|66/100|[from] item: Leftovers
|-damage|p2a: Dondozo|41/100|[from] Curse
|upkeep
|
|t:|1779578067
|switch|p1a: Granbull|Granbull, M, shiny|100/100
|-ability|p1a: Granbull|Intimidate|boost
|-unboost|p2a: Dondozo|atk|1
|turn|42
|
|t:|1779578073
|move|p1a: Granbull|Play Rough|p2a: Dondozo
|-supereffective|p2a: Dondozo
|-damage|p2a: Dondozo|27/100
|-activate|p2a: Dondozo|confusion
|move|p2a: Dondozo|Rest|p2a: Dondozo
|-status|p2a: Dondozo|slp|[from] move: Rest
|-heal|p2a: Dondozo|100/100 slp|[silent]
|
|-damage|p2a: Dondozo|76/100 slp|[from] Curse
|upkeep
|turn|43
|
|t:|1779578084
|switch|p1a: Grafaiai|Grafaiai, F, shiny|44/100
|cant|p2a: Dondozo|slp
|-activate|p2a: Dondozo|confusion
|move|p2a: Dondozo|Sleep Talk|p2a: Dondozo
|move|p2a: Dondozo|Curse|p2a: Dondozo|[from] move: Sleep Talk
|-unboost|p2a: Dondozo|spe|1
|-boost|p2a: Dondozo|atk|1
|-boost|p2a: Dondozo|def|1
|
|-heal|p1a: Grafaiai|50/100|[from] item: Black Sludge
|-heal|p2a: Dondozo|82/100 slp|[from] item: Leftovers
|-damage|p2a: Dondozo|57/100 slp|[from] Curse
|upkeep
|turn|44
|
|t:|1779578097
|move|p1a: Grafaiai|Parting Shot|p2a: Dondozo
|-hint|Since gen 7, Dark is immune to Prankster moves.
|-immune|p2a: Dondozo
|cant|p2a: Dondozo|slp
|-activate|p2a: Dondozo|confusion
|move|p2a: Dondozo|Sleep Talk|p2a: Dondozo
|move|p2a: Dondozo|Rest||[from] move: Sleep Talk|[still]
|-fail|p2a: Dondozo
|
|-heal|p1a: Grafaiai|57/100|[from] item: Black Sludge
|-heal|p2a: Dondozo|63/100 slp|[from] item: Leftovers
|-damage|p2a: Dondozo|38/100 slp|[from] Curse
|-end|p2a: Dondozo|Disable
|upkeep
|turn|45
|
|t:|1779578120
|switch|p1a: Granbull|Granbull, M, shiny|100/100
|-ability|p1a: Granbull|Intimidate|boost
|-unboost|p2a: Dondozo|atk|1
|-curestatus|p2a: Dondozo|slp|[msg]
|-end|p2a: Dondozo|confusion
|move|p2a: Dondozo|Rest|p2a: Dondozo
|-status|p2a: Dondozo|slp|[from] move: Rest
|-heal|p2a: Dondozo|100/100 slp|[silent]
|
|-damage|p2a: Dondozo|76/100 slp|[from] Curse
|upkeep
|turn|46
|
|t:|1779578131
|switch|p1a: Pawmot|Pawmot, M, tera:Flying|69/100
|cant|p2a: Dondozo|slp
|move|p2a: Dondozo|Sleep Talk|p2a: Dondozo
|move|p2a: Dondozo|Crunch|p1a: Pawmot|[from] move: Sleep Talk
|-damage|p1a: Pawmot|15/100
|
|-heal|p2a: Dondozo|82/100 slp|[from] item: Leftovers
|-damage|p2a: Dondozo|57/100 slp|[from] Curse
|upkeep
|turn|47
|
|t:|1779578141
|move|p1a: Pawmot|Rest|p1a: Pawmot
|-status|p1a: Pawmot|slp|[from] move: Rest
|-heal|p1a: Pawmot|100/100 slp|[silent]
|cant|p2a: Dondozo|slp
|move|p2a: Dondozo|Sleep Talk|p2a: Dondozo
|move|p2a: Dondozo|Curse|p2a: Dondozo|[from] move: Sleep Talk
|-unboost|p2a: Dondozo|spe|1
|-boost|p2a: Dondozo|atk|1
|-boost|p2a: Dondozo|def|1
|
|-heal|p2a: Dondozo|63/100 slp|[from] item: Leftovers
|-damage|p2a: Dondozo|38/100 slp|[from] Curse
|upkeep
|turn|48
|
|t:|1779578154
|cant|p1a: Pawmot|slp
|move|p1a: Pawmot|Sleep Talk|p1a: Pawmot
|move|p1a: Pawmot|Revival Blessing|p1a: Pawmot|[from] move: Sleep Talk
|
|t:|1779578164
|-heal|p1: Lilligant|50/100|[from] move: Revival Blessing
|-curestatus|p2a: Dondozo|slp|[msg]
|move|p2a: Dondozo|Rest|p2a: Dondozo
|-status|p2a: Dondozo|slp|[from] move: Rest
|-heal|p2a: Dondozo|100/100 slp|[silent]
|
|-damage|p2a: Dondozo|76/100 slp|[from] Curse
|upkeep
|turn|49
|
|t:|1779578173
|cant|p1a: Pawmot|slp
|move|p1a: Pawmot|Sleep Talk|p1a: Pawmot
|move|p1a: Pawmot|Rest||[from] move: Sleep Talk|[still]
|-fail|p1a: Pawmot
|cant|p2a: Dondozo|slp
|move|p2a: Dondozo|Sleep Talk|p2a: Dondozo
|move|p2a: Dondozo|Rest||[from] move: Sleep Talk|[still]
|-fail|p2a: Dondozo
|
|-heal|p2a: Dondozo|82/100 slp|[from] item: Leftovers
|-damage|p2a: Dondozo|57/100 slp|[from] Curse
|upkeep
|turn|50
|
|t:|1779578190
|-curestatus|p1a: Pawmot|slp|[from] ability: Natural Cure|[silent]
|switch|p1a: Granbull|Granbull, M, shiny|100/100
|-ability|p1a: Granbull|Intimidate|boost
|-unboost|p2a: Dondozo|atk|1
|cant|p2a: Dondozo|slp
|move|p2a: Dondozo|Sleep Talk|p2a: Dondozo
|move|p2a: Dondozo|Rest||[from] move: Sleep Talk|[still]
|-fail|p2a: Dondozo
|
|-heal|p2a: Dondozo|63/100 slp|[from] item: Leftovers
|-damage|p2a: Dondozo|38/100 slp|[from] Curse
|upkeep
|turn|51
|
|t:|1779578201
|move|p1a: Granbull|Play Rough|p2a: Dondozo
|-supereffective|p2a: Dondozo
|-damage|p2a: Dondozo|28/100 slp
|-curestatus|p2a: Dondozo|slp|[msg]
|move|p2a: Dondozo|Rest|p2a: Dondozo
|-status|p2a: Dondozo|slp|[from] move: Rest
|-heal|p2a: Dondozo|100/100 slp|[silent]
|
|-damage|p2a: Dondozo|76/100 slp|[from] Curse
|upkeep
|turn|52
|
|t:|1779578211
|switch|p1a: Lilligant|Lilligant-Hisui, F, shiny|50/100
|cant|p2a: Dondozo|slp
|move|p2a: Dondozo|Sleep Talk|p2a: Dondozo
|move|p2a: Dondozo|Rest||[from] move: Sleep Talk|[still]
|-fail|p2a: Dondozo
|
|-heal|p2a: Dondozo|82/100 slp|[from] item: Leftovers
|-damage|p2a: Dondozo|57/100 slp|[from] Curse
|upkeep
|turn|53
|
|t:|1779578223
|move|p1a: Lilligant|Leaf Blade|p2a: Dondozo
|-damage|p2a: Dondozo|49/100 slp
|cant|p2a: Dondozo|slp
|move|p2a: Dondozo|Sleep Talk|p2a: Dondozo
|move|p2a: Dondozo|Rest||[from] move: Sleep Talk|[still]
|-fail|p2a: Dondozo
|
|-heal|p2a: Dondozo|55/100 slp|[from] item: Leftovers
|-damage|p2a: Dondozo|31/100 slp|[from] Curse
|upkeep
|turn|54
|
|t:|1779578233
|move|p1a: Lilligant|Leaf Blade|p2a: Dondozo
|-damage|p2a: Dondozo|24/100 slp
|-curestatus|p2a: Dondozo|slp|[msg]
|move|p2a: Dondozo|Rest|p2a: Dondozo
|-status|p2a: Dondozo|slp|[from] move: Rest
|-heal|p2a: Dondozo|100/100 slp|[silent]
|
|-damage|p2a: Dondozo|76/100 slp|[from] Curse
|upkeep
|turn|55
|
|t:|1779578243
|move|p1a: Lilligant|Victory Dance|p1a: Lilligant
|-boost|p1a: Lilligant|atk|1
|-boost|p1a: Lilligant|def|1
|-boost|p1a: Lilligant|spe|1
|cant|p2a: Dondozo|slp
|move|p2a: Dondozo|Sleep Talk|p2a: Dondozo
|move|p2a: Dondozo|Crunch|p1a: Lilligant|[from] move: Sleep Talk
|-resisted|p1a: Lilligant
|-damage|p1a: Lilligant|24/100
|
|-heal|p2a: Dondozo|82/100 slp|[from] item: Leftovers
|-damage|p2a: Dondozo|57/100 slp|[from] Curse
|upkeep
|turn|56
|
|t:|1779578262
|move|p1a: Lilligant|Victory Dance|p1a: Lilligant
|-boost|p1a: Lilligant|atk|1
|-boost|p1a: Lilligant|def|1
|-boost|p1a: Lilligant|spe|1
|cant|p2a: Dondozo|slp
|move|p2a: Dondozo|Sleep Talk|p2a: Dondozo
|move|p2a: Dondozo|Crunch|p1a: Lilligant|[from] move: Sleep Talk
|-resisted|p1a: Lilligant
|-damage|p1a: Lilligant|0 fnt
|faint|p1a: Lilligant
|
|-heal|p2a: Dondozo|63/100 slp|[from] item: Leftovers
|-damage|p2a: Dondozo|38/100 slp|[from] Curse
|upkeep
|
|t:|1779578273
|switch|p1a: Grafaiai|Grafaiai, F, shiny|57/100
|turn|57
|
|t:|1779578284
|switch|p1a: Granbull|Granbull, M, shiny|100/100
|-ability|p1a: Granbull|Intimidate|boost
|-unboost|p2a: Dondozo|atk|1
|-curestatus|p2a: Dondozo|slp|[msg]
|move|p2a: Dondozo|Crunch|p1a: Granbull
|-resisted|p1a: Granbull
|-damage|p1a: Granbull|84/100
|
|-heal|p2a: Dondozo|44/100|[from] item: Leftovers
|-damage|p2a: Dondozo|20/100|[from] Curse
|upkeep
|turn|58
|
|t:|1779578294
|move|p1a: Granbull|Play Rough|p2a: Dondozo
|-supereffective|p2a: Dondozo
|-damage|p2a: Dondozo|8/100
|move|p2a: Dondozo|Rest|p2a: Dondozo
|-status|p2a: Dondozo|slp|[from] move: Rest
|-heal|p2a: Dondozo|100/100 slp|[silent]
|
|-damage|p2a: Dondozo|76/100 slp|[from] Curse
|upkeep
|turn|59
|
|t:|1779578304
|switch|p1a: Pawmot|Pawmot, M, tera:Flying|100/100
|cant|p2a: Dondozo|slp
|move|p2a: Dondozo|Sleep Talk|p2a: Dondozo
|move|p2a: Dondozo|Crunch|p1a: Pawmot|[from] move: Sleep Talk
|-damage|p1a: Pawmot|62/100
|
|-heal|p2a: Dondozo|82/100 slp|[from] item: Leftovers
|-damage|p2a: Dondozo|57/100 slp|[from] Curse
|upkeep
|turn|60
|
|t:|1779578314
|move|p1a: Pawmot|Rest|p1a: Pawmot
|-status|p1a: Pawmot|slp|[from] move: Rest
|-heal|p1a: Pawmot|100/100 slp|[silent]
|cant|p2a: Dondozo|slp
|move|p2a: Dondozo|Sleep Talk|p2a: Dondozo
|move|p2a: Dondozo|Crunch|p1a: Pawmot|[from] move: Sleep Talk
|-damage|p1a: Pawmot|66/100 slp
|
|-heal|p2a: Dondozo|63/100 slp|[from] item: Leftovers
|-damage|p2a: Dondozo|38/100 slp|[from] Curse
|upkeep
|turn|61
|
|t:|1779578326
|cant|p1a: Pawmot|slp
|move|p1a: Pawmot|Sleep Talk|p1a: Pawmot
|move|p1a: Pawmot|Revival Blessing|p1a: Pawmot|[from] move: Sleep Talk
|
|t:|1779578332
|-heal|p1: Banette|50/100|[from] move: Revival Blessing
|-curestatus|p2a: Dondozo|slp|[msg]
|move|p2a: Dondozo|Rest|p2a: Dondozo
|-status|p2a: Dondozo|slp|[from] move: Rest
|-heal|p2a: Dondozo|100/100 slp|[silent]
|
|-damage|p2a: Dondozo|76/100 slp|[from] Curse
|upkeep
|turn|62
|
|t:|1779578343
|cant|p1a: Pawmot|slp
|move|p1a: Pawmot|Sleep Talk|p1a: Pawmot
|move|p1a: Pawmot|Revival Blessing|p1a: Pawmot|[from] move: Sleep Talk
|
|t:|1779578348
|-heal|p1: Dusknoir|50/100|[from] move: Revival Blessing
|cant|p2a: Dondozo|slp
|move|p2a: Dondozo|Sleep Talk|p2a: Dondozo
|move|p2a: Dondozo|Crunch|p1a: Pawmot|[from] move: Sleep Talk
|-damage|p1a: Pawmot|31/100 slp
|
|-heal|p2a: Dondozo|82/100 slp|[from] item: Leftovers
|-damage|p2a: Dondozo|57/100 slp|[from] Curse
|upkeep
|turn|63
|
|t:|1779578363
|-curestatus|p1a: Pawmot|slp|[msg]
|move|p1a: Pawmot|Rest|p1a: Pawmot
|-status|p1a: Pawmot|slp|[from] move: Rest
|-heal|p1a: Pawmot|100/100 slp|[silent]
|cant|p2a: Dondozo|slp
|move|p2a: Dondozo|Sleep Talk|p2a: Dondozo
|move|p2a: Dondozo|Crunch|p1a: Pawmot|[from] move: Sleep Talk
|-damage|p1a: Pawmot|62/100 slp
|-unboost|p1a: Pawmot|def|1
|
|-heal|p2a: Dondozo|63/100 slp|[from] item: Leftovers
|-damage|p2a: Dondozo|38/100 slp|[from] Curse
|upkeep
|turn|64
|
|t:|1779578376
|cant|p1a: Pawmot|slp
|move|p1a: Pawmot|Sleep Talk|p1a: Pawmot
|move|p1a: Pawmot|Revival Blessing|p1a: Pawmot|[from] move: Sleep Talk
|
|t:|1779578382
|-heal|p1: Lilligant|50/100|[from] move: Revival Blessing
|-curestatus|p2a: Dondozo|slp|[msg]
|move|p2a: Dondozo|Rest|p2a: Dondozo
|-status|p2a: Dondozo|slp|[from] move: Rest
|-heal|p2a: Dondozo|100/100 slp|[silent]
|
|-damage|p2a: Dondozo|76/100 slp|[from] Curse
|upkeep
|turn|65
|
|t:|1779578400
|-curestatus|p1a: Pawmot|slp|[from] ability: Natural Cure|[silent]
|switch|p1a: Granbull|Granbull, M, shiny|84/100
|-ability|p1a: Granbull|Intimidate|boost
|-unboost|p2a: Dondozo|atk|1
|cant|p2a: Dondozo|slp
|move|p2a: Dondozo|Sleep Talk|p2a: Dondozo
|move|p2a: Dondozo|Curse|p2a: Dondozo|[from] move: Sleep Talk
|-boost|p2a: Dondozo|atk|1
|
|-heal|p2a: Dondozo|82/100 slp|[from] item: Leftovers
|-damage|p2a: Dondozo|57/100 slp|[from] Curse
|upkeep
|turn|66
|
|t:|1779578413
|switch|p1a: Dusknoir|Dusknoir, M, shiny|50/100
|-item|p2a: Dondozo|Leftovers|[from] ability: Frisk|[of] p1a: Dusknoir
|cant|p2a: Dondozo|slp
|move|p2a: Dondozo|Sleep Talk|p2a: Dondozo
|move|p2a: Dondozo|Rest||[from] move: Sleep Talk|[still]
|-fail|p2a: Dondozo
|
|-heal|p2a: Dondozo|63/100 slp|[from] item: Leftovers
|-damage|p2a: Dondozo|38/100 slp|[from] Curse
|upkeep
|turn|67
|
|t:|1779578424
|move|p1a: Dusknoir|Skill Swap|p2a: Dondozo
|-activate|p1a: Dusknoir|Skill Swap|Unaware|Frisk|[of] p2a: Dondozo
|-curestatus|p2a: Dondozo|slp|[msg]
|move|p2a: Dondozo|Crunch|p1a: Dusknoir
|-supereffective|p1a: Dusknoir
|-damage|p1a: Dusknoir|0 fnt
|faint|p1a: Dusknoir
|
|-heal|p2a: Dondozo|44/100|[from] item: Leftovers
|-damage|p2a: Dondozo|20/100|[from] Curse
|upkeep
|
|t:|1779578432
|switch|p1a: Banette|Banette, M, shiny|50/100
|turn|68
|
|t:|1779578437
|move|p1a: Banette|Confuse Ray|p2a: Dondozo
|-start|p2a: Dondozo|confusion
|-activate|p2a: Dondozo|confusion
|move|p2a: Dondozo|Crunch|p1a: Banette
|-supereffective|p1a: Banette
|-damage|p1a: Banette|0 fnt
|faint|p1a: Banette
|
|-heal|p2a: Dondozo|26/100|[from] item: Leftovers
|-damage|p2a: Dondozo|1/100|[from] Curse
|upkeep
|
|t:|1779578446
|switch|p1a: Pawmot|Pawmot, M, tera:Flying|62/100
|turn|69
|
|t:|1779578449
|move|p1a: Pawmot|Rest|p1a: Pawmot
|-status|p1a: Pawmot|slp|[from] move: Rest
|-heal|p1a: Pawmot|100/100 slp|[silent]
|-end|p2a: Dondozo|confusion
|move|p2a: Dondozo|Crunch|p1a: Pawmot
|-damage|p1a: Pawmot|66/100 slp
|
|-heal|p2a: Dondozo|7/100|[from] item: Leftovers
|-damage|p2a: Dondozo|0 fnt|[from] Curse
|faint|p2a: Dondozo
|upkeep
|
|t:|1779578464
|switch|p2a: Corviknight|Corviknight, F|100/100
|-ability|p2a: Corviknight|Pressure
|turn|70
|
|t:|1779578470
|cant|p1a: Pawmot|slp
|move|p1a: Pawmot|Sleep Talk|p1a: Pawmot
|move|p1a: Pawmot|Rest||[from] move: Sleep Talk|[still]
|-fail|p1a: Pawmot
|move|p2a: Corviknight|Brave Bird|p1a: Pawmot
|-damage|p1a: Pawmot|19/100 slp
|-damage|p2a: Corviknight|87/100|[from] Recoil
|
|-heal|p2a: Corviknight|93/100|[from] item: Leftovers
|upkeep
|turn|71
|
|t:|1779578487
|cant|p1a: Pawmot|slp
|move|p1a: Pawmot|Sleep Talk|p1a: Pawmot
|move|p1a: Pawmot|Revival Blessing|p1a: Pawmot|[from] move: Sleep Talk
|
|t:|1779578493
|-heal|p1: Dusknoir|50/100|[from] move: Revival Blessing
|move|p2a: Corviknight|Brave Bird|p1a: Pawmot
|-damage|p1a: Pawmot|0 fnt
|faint|p1a: Pawmot
|-damage|p2a: Corviknight|88/100|[from] Recoil
|
|-heal|p2a: Corviknight|94/100|[from] item: Leftovers
|upkeep
|
|t:|1779578495
|switch|p1a: Grafaiai|Grafaiai, F, shiny|57/100
|turn|72
|
|t:|1779578507
|move|p1a: Grafaiai|Parting Shot|p2a: Corviknight
|-unboost|p2a: Corviknight|atk|1
|-unboost|p2a: Corviknight|spa|1
|
|t:|1779578510
|switch|p1a: Granbull|Granbull, M, shiny|84/100|[from] Parting Shot
|-ability|p1a: Granbull|Intimidate|boost
|-unboost|p2a: Corviknight|atk|1
|move|p2a: Corviknight|Brave Bird|p1a: Granbull
|-damage|p1a: Granbull|64/100
|-damage|p2a: Corviknight|88/100|[from] Recoil
|
|-heal|p2a: Corviknight|94/100|[from] item: Leftovers
|upkeep
|turn|73
|
|t:|1779578524
|move|p2a: Corviknight|Brave Bird|p1a: Granbull
|-damage|p1a: Granbull|45/100
|-damage|p2a: Corviknight|88/100|[from] Recoil
|move|p1a: Granbull|Metronome|p1a: Granbull
|move|p1a: Granbull|Headlong Rush|p2a: Corviknight|[from] move: Metronome
|-immune|p2a: Corviknight
|
|-heal|p2a: Corviknight|94/100|[from] item: Leftovers
|upkeep
|turn|74
|c|☆204reptile|xd
|
|t:|1779578537
|move|p2a: Corviknight|Brave Bird|p1a: Granbull
|-damage|p1a: Granbull|25/100
|-damage|p2a: Corviknight|88/100|[from] Recoil
|move|p1a: Granbull|Temper Flare|p2a: Corviknight
|-supereffective|p2a: Corviknight
|-damage|p2a: Corviknight|2/100
|
|-heal|p2a: Corviknight|8/100|[from] item: Leftovers
|upkeep
|turn|75
|
|t:|1779578552
|move|p2a: Corviknight|Brave Bird|p1a: Granbull
|-damage|p1a: Granbull|6/100
|-damage|p2a: Corviknight|2/100|[from] Recoil
|move|p1a: Granbull|Metronome|p1a: Granbull
|move|p1a: Granbull|Bite|p2a: Corviknight|[from] move: Metronome
|-crit|p2a: Corviknight
|-damage|p2a: Corviknight|0 fnt
|faint|p2a: Corviknight
|
|upkeep
|
|t:|1779578566
|switch|p2a: Clodsire|Clodsire, M|97/100
|turn|76
|
|t:|1779578579
|switch|p1a: Grafaiai|Grafaiai, F, shiny|57/100
|move|p2a: Clodsire|Spikes|p1a: Grafaiai
|-sidestart|p1: Quagsires gf|Spikes
|
|-heal|p1a: Grafaiai|63/100|[from] item: Black Sludge
|upkeep
|turn|77
|
|t:|1779578586
|move|p1a: Grafaiai|Parting Shot|p2a: Clodsire
|-unboost|p2a: Clodsire|atk|1
|-unboost|p2a: Clodsire|spa|1
|
|t:|1779578588
|switch|p1a: Lilligant|Lilligant-Hisui, F, shiny|50/100|[from] Parting Shot
|-damage|p1a: Lilligant|38/100|[from] Spikes
|move|p2a: Clodsire|Spikes|p1a: Lilligant
|-sidestart|p1: Quagsires gf|Spikes
|
|upkeep
|turn|78
|
|t:|1779578597
|move|p1a: Lilligant|Victory Dance|p1a: Lilligant
|-boost|p1a: Lilligant|atk|1
|-boost|p1a: Lilligant|def|1
|-boost|p1a: Lilligant|spe|1
|move|p2a: Clodsire|Poison Jab|p1a: Lilligant
|-supereffective|p1a: Lilligant
|-damage|p1a: Lilligant|1/100
|
|upkeep
|turn|79
|
|t:|1779578604
|move|p1a: Lilligant|Defog|p2a: Clodsire
|-unboost|p2a: Clodsire|evasion|1
|-sideend|p1: Quagsires gf|Spikes|[from] move: Defog|[of] p1a: Lilligant
|move|p2a: Clodsire|Poison Jab|p1a: Lilligant
|-supereffective|p1a: Lilligant
|-damage|p1a: Lilligant|0 fnt
|faint|p1a: Lilligant
|
|upkeep
|
|t:|1779578621
|switch|p1a: Granbull|Granbull, M, shiny|6/100
|-ability|p1a: Granbull|Intimidate|boost
|-unboost|p2a: Clodsire|atk|1
|turn|80
|
|t:|1779578632
|move|p1a: Granbull|Metronome|p1a: Granbull
|move|p1a: Granbull|Psyshield Bash|p2a: Clodsire|[from] move: Metronome
|-supereffective|p2a: Clodsire
|-damage|p2a: Clodsire|39/100
|-boost|p1a: Granbull|def|1
|move|p2a: Clodsire|Spikes|p1a: Granbull
|-sidestart|p1: Quagsires gf|Spikes
|
|upkeep
|turn|81
|-activate|p1a: Granbull|item: Quick Claw
|
|t:|1779578646
|move|p1a: Granbull|Metronome|p1a: Granbull
|move|p1a: Granbull|Last Resort||[from] move: Metronome|[still]
|-fail|p1a: Granbull
|move|p2a: Clodsire|Poison Jab|p1a: Granbull
|-supereffective|p1a: Granbull
|-damage|p1a: Granbull|0 fnt
|faint|p1a: Granbull
|
|upkeep
|
|t:|1779578656
|switch|p1a: Grafaiai|Grafaiai, F, shiny|63/100
|-damage|p1a: Grafaiai|50/100|[from] Spikes
|turn|82
|
|t:|1779578661
|move|p1a: Grafaiai|Metronome|p1a: Grafaiai
|move|p1a: Grafaiai|Blue Flare|p2a: Clodsire|[from] move: Metronome
|-damage|p2a: Clodsire|25/100
|move|p2a: Clodsire|Recover|p2a: Clodsire
|-heal|p2a: Clodsire|75/100
|
|-heal|p1a: Grafaiai|56/100|[from] item: Black Sludge
|upkeep
|turn|83
|
|t:|1779578672
|move|p1a: Grafaiai|Copycat|p1a: Grafaiai
|move|p1a: Grafaiai|Recover|p1a: Grafaiai|[from] move: Copycat
|-heal|p1a: Grafaiai|100/100
|move|p2a: Clodsire|Recover|p2a: Clodsire
|-heal|p2a: Clodsire|100/100
|
|upkeep
|turn|84
|
|t:|1779578678
|move|p1a: Grafaiai|Parting Shot|p2a: Clodsire
|-unboost|p2a: Clodsire|atk|1
|-unboost|p2a: Clodsire|spa|1
|
|t:|1779578680
|switch|p1a: Dusknoir|Dusknoir, M, shiny|50/100|[from] Parting Shot
|-damage|p1a: Dusknoir|38/100|[from] Spikes
|-item|p2a: Clodsire|Heavy-Duty Boots|[from] ability: Frisk|[of] p1a: Dusknoir
|move|p2a: Clodsire|Earthquake|p1a: Dusknoir
|-damage|p1a: Dusknoir|29/100
|
|upkeep
|turn|85
|
|t:|1779578690
|move|p1a: Dusknoir|Leech Life|p2a: Clodsire
|-resisted|p2a: Clodsire
|-damage|p2a: Clodsire|85/100
|-heal|p1a: Dusknoir|41/100|[from] drain|[of] p2a: Clodsire
|move|p2a: Clodsire|Spikes|p1a: Dusknoir
|-sidestart|p1: Quagsires gf|Spikes
|
|upkeep
|turn|86
|
|t:|1779578697
|move|p1a: Dusknoir|Metronome|p1a: Dusknoir
|move|p1a: Dusknoir|Lunge|p2a: Clodsire|[from] move: Metronome
|-resisted|p2a: Clodsire
|-damage|p2a: Clodsire|73/100
|-unboost|p2a: Clodsire|atk|1
|move|p2a: Clodsire|Spikes|p1a: Dusknoir
|-sidestart|p1: Quagsires gf|Spikes
|
|upkeep
|turn|87
|
|t:|1779578710
|move|p1a: Dusknoir|Leech Life|p2a: Clodsire
|-resisted|p2a: Clodsire
|-damage|p2a: Clodsire|58/100
|-heal|p1a: Dusknoir|52/100|[from] drain|[of] p2a: Clodsire
|move|p2a: Clodsire|Spikes||[still]
|-fail|p2a: Clodsire
|
|upkeep
|turn|88
|
|t:|1779578722
|switch|p2a: Clefable|Clefable, M|100/100
|move|p1a: Dusknoir|Metronome|p1a: Dusknoir
|move|p1a: Dusknoir|Night Daze|p2a: Clefable|[from] move: Metronome
|-resisted|p2a: Clefable
|-damage|p2a: Clefable|94/100
|
|upkeep
|turn|89
|
|t:|1779578734
|move|p2a: Clefable|Stealth Rock|p1a: Dusknoir
|-sidestart|p1: Quagsires gf|move: Stealth Rock
|move|p1a: Dusknoir|Skill Swap|p2a: Clefable
|-activate|p1a: Dusknoir|Skill Swap|Magic Guard|Frisk|[of] p2a: Clefable
|
|-damage|p2a: Clefable|82/100|[from] item: Sticky Barb
|upkeep
|turn|90
|
|t:|1779578747
|move|p2a: Clefable|Moonblast|p1a: Dusknoir
|-damage|p1a: Dusknoir|26/100
|move|p1a: Dusknoir|Metronome|p1a: Dusknoir
|move|p1a: Dusknoir|Slash|p2a: Clefable|[from] move: Metronome
|-crit|p2a: Clefable
|-damage|p2a: Clefable|56/100
|
|upkeep
|turn|91
|
|t:|1779578758
|move|p2a: Clefable|Moonblast|p1a: Dusknoir
|-damage|p1a: Dusknoir|0 fnt
|faint|p1a: Dusknoir
|
|upkeep
|
|t:|1779578763
|switch|p1a: Grafaiai|Grafaiai, F, shiny|100/100
|-damage|p1a: Grafaiai|76/100|[from] Spikes
|-damage|p1a: Grafaiai|63/100|[from] Stealth Rock
|turn|92
|
|t:|1779578775
|switch|p2a: Clodsire|Clodsire, M|58/100
|move|p1a: Grafaiai|Metronome|p1a: Grafaiai
|move|p1a: Grafaiai|Malignant Chain|p2a: Clodsire|[from] move: Metronome
|-resisted|p2a: Clodsire
|-damage|p2a: Clodsire|55/100
|
|-heal|p1a: Grafaiai|69/100|[from] item: Black Sludge
|upkeep
|turn|93
|
|t:|1779578783
|move|p1a: Grafaiai|Substitute|p1a: Grafaiai
|-start|p1a: Grafaiai|Substitute
|-damage|p1a: Grafaiai|44/100
|move|p2a: Clodsire|Recover|p2a: Clodsire
|-heal|p2a: Clodsire|100/100
|
|-heal|p1a: Grafaiai|50/100|[from] item: Black Sludge
|upkeep
|turn|94
|
|t:|1779578791
|move|p1a: Grafaiai|Copycat|p1a: Grafaiai
|move|p1a: Grafaiai|Recover|p1a: Grafaiai|[from] move: Copycat
|-heal|p1a: Grafaiai|100/100
|move|p2a: Clodsire|Earthquake|p1a: Grafaiai
|-supereffective|p1a: Grafaiai
|-end|p1a: Grafaiai|Substitute
|
|upkeep
|turn|95
|
|t:|1779578798
|move|p1a: Grafaiai|Metronome|p1a: Grafaiai
|move|p1a: Grafaiai|Growl|p2a: Clodsire|[from] move: Metronome
|-unboost|p2a: Clodsire|atk|1
|move|p2a: Clodsire|Earthquake|p1a: Grafaiai
|-supereffective|p1a: Grafaiai
|-damage|p1a: Grafaiai|51/100
|
|-heal|p1a: Grafaiai|57/100|[from] item: Black Sludge
|upkeep
|turn|96
|
|t:|1779578805
|move|p1a: Grafaiai|Parting Shot|p2a: Clodsire
|-unboost|p2a: Clodsire|atk|1
|-unboost|p2a: Clodsire|spa|1
|move|p2a: Clodsire|Earthquake|p1a: Grafaiai
|-supereffective|p1a: Grafaiai
|-damage|p1a: Grafaiai|19/100
|
|-heal|p1a: Grafaiai|25/100|[from] item: Black Sludge
|upkeep
|turn|97
|
|t:|1779578815
|move|p1a: Grafaiai|Parting Shot|p2a: Clodsire
|-unboost|p2a: Clodsire|atk|1
|-unboost|p2a: Clodsire|spa|1
|move|p2a: Clodsire|Earthquake|p1a: Grafaiai
|-supereffective|p1a: Grafaiai
|-damage|p1a: Grafaiai|0 fnt
|faint|p1a: Grafaiai
|
|win|204reptile
|raw|Quagsires gf's rating: 1089 &rarr; <strong>1069</strong><br />(-20 for losing)
|raw|204reptile's rating: 1134 &rarr; <strong>1156</strong><br />(+22 for winning)
|l|☆204reptile
|player|p2|
