|j|☆KingNothing_32
|j|☆xiaohui001
|t:|1779688079
|gametype|singles
|player|p1|KingNothing_32|colress|1249
|player|p2|xiaohui001|nate|1170
|gen|9
|tier|[Gen 9] OU
|rated|
|rule|HP Percentage Mod: HP is shown in percentages
|rule|Endless Battle Clause: Forcing endless battles is banned
|rule|Species Clause: Limit one of each Pokémon
|rule|OHKO Clause: OHKO moves are banned
|rule|Evasion Items Clause: Evasion items are banned
|rule|Evasion Moves Clause: Evasion moves are banned
|rule|Evasion Abilities Clause: Evasion abilities are banned
|rule|Sleep Moves Clause: Sleep-inducing moves are banned
|clearpoke
|poke|p1|Pelipper, F|
|poke|p1|Hatterene, F|
|poke|p1|Iron Treads|
|poke|p1|Toxicroak, M|
|poke|p1|Barraskewda, M|
|poke|p1|Zapdos|
|poke|p2|Garganacl, F|
|poke|p2|Heracross, M|
|poke|p2|Gastrodon-East, F|
|poke|p2|Heatran, F|
|poke|p2|Gliscor, M|
|poke|p2|Rotom-Wash|
|teampreview
|l|☆KingNothing_32
|player|p1|
|j|☆KingNothing_32
|player|p1|KingNothing_32|colress|
|
|t:|1779688103
|teamsize|p1|6
|teamsize|p2|6
|start
|switch|p1a: joyboy|Toxicroak, M|100/100
|switch|p2a: Garganacl|Garganacl, F|100/100
|turn|1
|
|t:|1779688115
|move|p1a: joyboy|Knock Off|p2a: Garganacl
|-damage|p2a: Garganacl|89/100
|-enditem|p2a: Garganacl|Leftovers|[from] move: Knock Off|[of] p1a: joyboy
|move|p2a: Garganacl|Stealth Rock|p1a: joyboy
|-sidestart|p1: KingNothing_32|move: Stealth Rock
|
|upkeep
|turn|2
|
|t:|1779688122
|move|p1a: joyboy|Drain Punch|p2a: Garganacl
|-supereffective|p2a: Garganacl
|-damage|p2a: Garganacl|61/100
|move|p2a: Garganacl|Salt Cure|p1a: joyboy
|-resisted|p1a: joyboy
|-damage|p1a: joyboy|95/100
|-start|p1a: joyboy|Salt Cure
|
|-damage|p1a: joyboy|82/100|[from] Salt Cure
|upkeep
|turn|3
|
|t:|1779688132
|move|p1a: joyboy|Drain Punch|p2a: Garganacl
|-supereffective|p2a: Garganacl
|-damage|p2a: Garganacl|31/100
|-heal|p1a: joyboy|99/100|[from] drain|[of] p2a: Garganacl
|move|p2a: Garganacl|Recover|p2a: Garganacl
|-heal|p2a: Garganacl|81/100
|
|-damage|p1a: joyboy|86/100|[from] Salt Cure
|upkeep
|turn|4
|l|☆xiaohui001
|player|p2|
|j|☆xiaohui001
|player|p2|xiaohui001|nate|
|
|t:|1779688182
|switch|p1a: labomba|Iron Treads|100/100
|-damage|p1a: labomba|98/100|[from] Stealth Rock
|switch|p2a: Gliscor|Gliscor, M|100/100
|
|-heal|p1a: labomba|100/100|[from] item: Leftovers
|-status|p2a: Gliscor|tox|[from] item: Toxic Orb
|upkeep
|turn|5
|
|t:|1779688196
|move|p2a: Gliscor|Protect|p2a: Gliscor
|-singleturn|p2a: Gliscor|Protect
|move|p1a: labomba|Rapid Spin|p2a: Gliscor
|-activate|p2a: Gliscor|move: Protect
|
|upkeep
|turn|6
|
|t:|1779688208
|switch|p2a: Garganacl|Garganacl, F|81/100
|move|p1a: labomba|Stealth Rock|p2a: Garganacl
|-sidestart|p2: xiaohui001|move: Stealth Rock
|
|upkeep
|turn|7
|
|t:|1779688214
|move|p1a: labomba|Rapid Spin|p2a: Garganacl
|-resisted|p2a: Garganacl
|-damage|p2a: Garganacl|78/100
|-boost|p1a: labomba|spe|1
|-sideend|p1: KingNothing_32|Stealth Rock|[from] move: Rapid Spin|[of] p1a: labomba
|move|p2a: Garganacl|Salt Cure|p1a: labomba
|-resisted|p1a: labomba
|-damage|p1a: labomba|98/100
|-start|p1a: labomba|Salt Cure
|
|-heal|p1a: labomba|100/100|[from] item: Leftovers
|-damage|p1a: labomba|76/100|[from] Salt Cure
|upkeep
|turn|8
|
|t:|1779688238
|-end|p1a: labomba|Quark Drive|[silent]
|switch|p1a: bbygrl|Hatterene, F|100/100
|move|p2a: Garganacl|Stealth Rock|p1a: bbygrl
|move|p1a: bbygrl|Stealth Rock||[from] ability: Magic Bounce|[still]
|-fail|p1a: bbygrl
|
|upkeep
|turn|9
|
|t:|1779688247
|move|p1a: bbygrl|Psychic Noise|p2a: Garganacl
|-damage|p2a: Garganacl|48/100
|-start|p2a: Garganacl|move: Heal Block
|move|p2a: Garganacl|Salt Cure|p1a: bbygrl
|-damage|p1a: bbygrl|88/100
|-start|p1a: bbygrl|Salt Cure
|-enditem|p1a: bbygrl|Eject Button
|
|t:|1779688255
|switch|p1a: the taste of water|Pelipper, F|100/100
|-weather|RainDance|[from] ability: Drizzle|[of] p1a: the taste of water
|
|-weather|RainDance|[upkeep]
|upkeep
|turn|10
|
|t:|1779688266
|switch|p2a: Gastrodon|Gastrodon-East, F|100/100
|-damage|p2a: Gastrodon|94/100|[from] Stealth Rock
|move|p1a: the taste of water|Surf|p2a: Gastrodon
|-ability|p2a: Gastrodon|Storm Drain|boost
|-boost|p2a: Gastrodon|spa|1
|
|-weather|RainDance|[upkeep]
|-heal|p2a: Gastrodon|100/100|[from] item: Leftovers
|upkeep
|turn|11
|c|☆KingNothing_32|!dt storm drain
|c|☆KingNothing_32|/raw <ul class="utilichart"><li class="result"><span class="col namecol"><a href="https://dex.pokemonshowdown.com/abilities/stormdrain">Storm Drain</a></span> <span class="col abilitydesccol">This Pokemon draws Water moves to itself to raise Sp. Atk by 1; Water immunity.</span> </li><li style="clear:both"></li></ul>
|c|☆KingNothing_32|/raw <font size="1"><font color="#686868">Gen:</font> 4&nbsp;|&ThickSpace;&#10003; Ignored by Mold Breaker</font>

|
|t:|1779688280
|move|p1a: the taste of water|U-turn|p2a: Gastrodon
|-damage|p2a: Gastrodon|89/100
|l|☆xiaohui001
|player|p2|
|
|t:|1779688332
|switch|p1a: Freak'd Out|Zapdos|100/100|[from] U-turn
|move|p2a: Gastrodon|Ice Beam|p1a: Freak'd Out
|-supereffective|p1a: Freak'd Out
|-damage|p1a: Freak'd Out|16/100
|
|-weather|RainDance|[upkeep]
|-heal|p2a: Gastrodon|95/100|[from] item: Leftovers
|upkeep
|turn|12
|j|☆xiaohui001
|player|p2|xiaohui001|nate|
|
|t:|1779688350
|-terastallize|p1a: Freak'd Out|Flying
|move|p1a: Freak'd Out|Hurricane|p2a: Gastrodon
|-crit|p2a: Gastrodon
|-damage|p2a: Gastrodon|0 fnt
|faint|p2a: Gastrodon
|
|-weather|RainDance|[upkeep]
|upkeep
|
|t:|1779688365
|switch|p2a: Heatran|Heatran, F|100/100
|-damage|p2a: Heatran|88/100|[from] Stealth Rock
|turn|13
|
|t:|1779688373
|move|p2a: Heatran|Power Gem|p1a: Freak'd Out
|-supereffective|p1a: Freak'd Out
|-damage|p1a: Freak'd Out|0 fnt
|faint|p1a: Freak'd Out
|
|-weather|RainDance|[upkeep]
|upkeep
|
|t:|1779688387
|switch|p1a: In The Name of God|Barraskewda, M, shiny|100/100
|turn|14
|
|t:|1779688399
|switch|p2a: Rotom|Rotom-Wash|100/100
|-damage|p2a: Rotom|88/100|[from] Stealth Rock
|move|p1a: In The Name of God|Flip Turn|p2a: Rotom
|-resisted|p2a: Rotom
|-damage|p2a: Rotom|36/100
|
|t:|1779688411
|switch|p1a: joyboy|Toxicroak, M|86/100|[from] Flip Turn
|
|-weather|RainDance|[upkeep]
|-heal|p1a: joyboy|99/100|[from] ability: Dry Skin
|-heal|p2a: Rotom|42/100|[from] item: Leftovers
|upkeep
|turn|15
|
|t:|1779688422
|move|p2a: Rotom|Thunder Wave|p1a: joyboy
|-status|p1a: joyboy|par
|move|p1a: joyboy|Knock Off|p2a: Rotom
|-damage|p2a: Rotom|13/100
|-enditem|p2a: Rotom|Leftovers|[from] move: Knock Off|[of] p1a: joyboy
|
|-weather|RainDance|[upkeep]
|-heal|p1a: joyboy|100/100 par|[from] ability: Dry Skin
|upkeep
|turn|16
|
|t:|1779688432
|move|p2a: Rotom|Volt Switch|p1a: joyboy
|-damage|p1a: joyboy|57/100 par
|
|t:|1779688437
|switch|p2a: Gliscor|Gliscor, M|100/100 tox|[from] Volt Switch
|-damage|p2a: Gliscor|88/100 tox|[from] Stealth Rock
|move|p1a: joyboy|Drain Punch|p2a: Gliscor
|-resisted|p2a: Gliscor
|-damage|p2a: Gliscor|76/100 tox
|-heal|p1a: joyboy|61/100 par|[from] drain|[of] p2a: Gliscor
|
|-weather|none
|-heal|p2a: Gliscor|88/100 tox|[from] ability: Poison Heal
|upkeep
|turn|17
|
|t:|1779688459
|switch|p1a: the taste of water|Pelipper, F|100/100
|-weather|RainDance|[from] ability: Drizzle|[of] p1a: the taste of water
|move|p2a: Gliscor|Earthquake|p1a: the taste of water
|-immune|p1a: the taste of water
|
|-weather|RainDance|[upkeep]
|-heal|p2a: Gliscor|100/100 tox|[from] ability: Poison Heal
|upkeep
|turn|18
|
|t:|1779688472
|move|p2a: Gliscor|Protect|p2a: Gliscor
|-singleturn|p2a: Gliscor|Protect
|move|p1a: the taste of water|U-turn|p2a: Gliscor
|-activate|p2a: Gliscor|move: Protect
|
|-weather|RainDance|[upkeep]
|upkeep
|turn|19
|
|t:|1779688480
|move|p2a: Gliscor|Toxic|p1a: the taste of water
|-status|p1a: the taste of water|tox
|move|p1a: the taste of water|U-turn|p2a: Gliscor
|-resisted|p2a: Gliscor
|-damage|p2a: Gliscor|96/100 tox
|
|t:|1779688486
|switch|p1a: In The Name of God|Barraskewda, M, shiny|100/100|[from] U-turn
|
|-weather|RainDance|[upkeep]
|-heal|p2a: Gliscor|100/100 tox|[from] ability: Poison Heal
|upkeep
|turn|20
|
|t:|1779688507
|move|p2a: Gliscor|Protect|p2a: Gliscor
|-singleturn|p2a: Gliscor|Protect
|move|p1a: In The Name of God|Liquidation|p2a: Gliscor
|-activate|p2a: Gliscor|move: Protect
|
|-weather|RainDance|[upkeep]
|upkeep
|turn|21
|
|t:|1779688518
|move|p1a: In The Name of God|Liquidation|p2a: Gliscor
|-supereffective|p2a: Gliscor
|-damage|p2a: Gliscor|0 fnt
|faint|p2a: Gliscor
|
|-weather|RainDance|[upkeep]
|upkeep
|
|t:|1779688526
|switch|p2a: Heracross|Heracross, M|100/100
|-damage|p2a: Heracross|88/100|[from] Stealth Rock
|turn|22
|
|t:|1779688533
|move|p1a: In The Name of God|Liquidation|p2a: Heracross
|-damage|p2a: Heracross|0 fnt
|faint|p2a: Heracross
|
|-weather|RainDance|[upkeep]
|upkeep
|
|t:|1779688542
|switch|p2a: Heatran|Heatran, F|88/100
|-damage|p2a: Heatran|76/100|[from] Stealth Rock
|turn|23
|
|t:|1779688550
|move|p1a: In The Name of God|Liquidation|p2a: Heatran
|-supereffective|p2a: Heatran
|-damage|p2a: Heatran|0 fnt
|faint|p2a: Heatran
|
|-weather|RainDance|[upkeep]
|upkeep
|
|t:|1779688557
|switch|p2a: Rotom|Rotom-Wash|13/100
|-damage|p2a: Rotom|1/100|[from] Stealth Rock
|turn|24
|
|t:|1779688565
|move|p1a: In The Name of God|Liquidation|p2a: Rotom
|-resisted|p2a: Rotom
|-damage|p2a: Rotom|0 fnt
|faint|p2a: Rotom
|
|-weather|none
|upkeep
|
|t:|1779688571
|switch|p2a: Garganacl|Garganacl, F|48/100
|-damage|p2a: Garganacl|36/100|[from] Stealth Rock
|turn|25
|
|t:|1779688580
|switch|p1a: the taste of water|Pelipper, F|100/100 tox
|-weather|RainDance|[from] ability: Drizzle|[of] p1a: the taste of water
|move|p2a: Garganacl|Protect||[still]
|-fail|p2a: Garganacl
|
|-weather|RainDance|[upkeep]
|-damage|p1a: the taste of water|94/100 tox|[from] psn
|upkeep
|turn|26
|
|t:|1779688593
|move|p1a: the taste of water|Surf|p2a: Garganacl
|-supereffective|p2a: Garganacl
|-damage|p2a: Garganacl|0 fnt
|faint|p2a: Garganacl
|
|win|KingNothing_32
|raw|KingNothing_32's rating: 1249 &rarr; <strong>1268</strong><br />(+19 for winning)
|raw|xiaohui001's rating: 1170 &rarr; <strong>1151</strong><br />(-19 for losing)
|c|☆KingNothing_32|gg
|l|☆xiaohui001
|player|p2|
|j|☆xiaohui001
|player|p2|xiaohui001|nate|
|l|☆xiaohui001
|player|p2|
