|j|☆Freibott
|j|☆clod the clown
|t:|1779586542
|gametype|singles
|player|p1|Freibott|linebacker|1099
|player|p2|clod the clown|harlequin|1123
|gen|9
|tier|[Gen 9] OU
|rated|
|rule|HP Percentage Mod: HP is shown in percentages
|rule|Endless Battle Clause: Forcing endless battles is banned
|rule|Species Clause: Limit one of each Pokémon
|rule|OHKO Clause: OHKO moves are banned
|rule|Evasion Items Clause: Evasion items are banned
|rule|Evasion Moves Clause: Evasion moves are banned
|rule|Evasion Abilities Clause: Evasion abilities are banned
|rule|Sleep Moves Clause: Sleep-inducing moves are banned
|clearpoke
|poke|p1|Great Tusk|
|poke|p1|Kingambit, F|
|poke|p1|Rillaboom, F|
|poke|p1|Cinderace, M|
|poke|p1|Raging Bolt|
|poke|p1|Cloyster, F|
|poke|p2|Uxie|
|poke|p2|Charizard, F|
|poke|p2|Necrozma|
|poke|p2|Talonflame, M|
|poke|p2|Rabsca, M|
|poke|p2|Salazzle, F|
|teampreview
|inactive|Battle timer is ON: inactive players will automatically lose when time's up. (requested by Freibott)
|inactive|clod the clown also wants the timer to be on.
|
|t:|1779586556
|teamsize|p1|6
|teamsize|p2|6
|start
|switch|p1a: Rillaboom|Rillaboom, F|100/100
|switch|p2a: Uxie|Uxie|100/100
|-fieldstart|move: Grassy Terrain|[from] ability: Grassy Surge|[of] p1a: Rillaboom
|turn|1
|
|t:|1779586567
|move|p1a: Rillaboom|Swords Dance|p1a: Rillaboom
|-boost|p1a: Rillaboom|atk|2
|move|p2a: Uxie|Memento|p1a: Rillaboom
|-unboost|p1a: Rillaboom|atk|2
|-unboost|p1a: Rillaboom|spa|2
|faint|p2a: Uxie
|
|upkeep
|
|t:|1779586584
|switch|p2a: Talonflame|Talonflame, M|100/100
|turn|2
|c|☆Freibott|oh no
|
|t:|1779586593
|switch|p1a: Raging Bolt|Raging Bolt|100/100
|-item|p1a: Raging Bolt|Air Balloon
|move|p2a: Talonflame|Will-O-Wisp|p1a: Raging Bolt
|-status|p1a: Raging Bolt|brn
|
|-damage|p1a: Raging Bolt|94/100 brn|[from] brn
|upkeep
|turn|3
|inactive|clod the clown has 120 seconds left.
|
|t:|1779586632
|switch|p2a: Rabsca|Rabsca, M|100/100
|move|p1a: Raging Bolt|Volt Switch|p2a: Rabsca
|-damage|p2a: Rabsca|59/100
|
|t:|1779586643
|-end|p1a: Raging Bolt|Protosynthesis|[silent]
|switch|p1a: Kingambit|Kingambit, F|100/100|[from] Volt Switch
|
|-heal|p2a: Rabsca|65/100|[from] Grassy Terrain
|upkeep
|turn|4
|
|t:|1779586650
|move|p1a: Kingambit|X-Scissor|p2a: Rabsca
|-supereffective|p2a: Rabsca
|-damage|p2a: Rabsca|0 fnt
|faint|p2a: Rabsca
|
|upkeep
|c|☆clod the clown|x scissor kingambit???
|inactive|clod the clown has 120 seconds left.
|c|☆clod the clown|there are so many good options....
|c|☆Freibott|i felt like it
|
|t:|1779586676
|switch|p2a: Charizard|Charizard, F|100/100
|turn|5
|c|☆clod the clown|fair
|
|t:|1779586685
|-end|p1a: Kingambit|fallenundefined|[silent]
|switch|p1a: Raging Bolt|Raging Bolt|94/100 brn
|-item|p1a: Raging Bolt|Air Balloon
|move|p2a: Charizard|Substitute|p2a: Charizard
|-start|p2a: Charizard|Substitute
|-damage|p2a: Charizard|75/100
|
|-damage|p1a: Raging Bolt|88/100 brn|[from] brn
|-fieldend|move: Grassy Terrain
|upkeep
|turn|6
|inactive|clod the clown has 120 seconds left.
|
|t:|1779586712
|move|p2a: Charizard|Belly Drum|p2a: Charizard
|-damage|p2a: Charizard|25/100
|-setboost|p2a: Charizard|atk|6|[from] move: Belly Drum
|-enditem|p2a: Charizard|Salac Berry|[eat]
|-boost|p2a: Charizard|spe|1|[from] item: Salac Berry
|move|p1a: Raging Bolt|Volt Switch|p2a: Charizard
|-supereffective|p2a: Charizard
|-end|p2a: Charizard|Substitute
|
|t:|1779586724
|-end|p1a: Raging Bolt|Protosynthesis|[silent]
|switch|p1a: Kingambit|Kingambit, F|100/100|[from] Volt Switch
|
|upkeep
|turn|7
|
|t:|1779586732
|move|p2a: Charizard|Earthquake|p1a: Kingambit
|-supereffective|p1a: Kingambit
|-damage|p1a: Kingambit|0 fnt
|faint|p1a: Kingambit
|-end|p1a: Kingambit|fallenundefined|[silent]
|
|upkeep
|
|t:|1779586739
|switch|p1a: Cinderace|Cinderace, M|100/100
|turn|8
|c|☆clod the clown|no sucket punch
|inactive|clod the clown has 120 seconds left.
|c|☆clod the clown|no sucker punch?
|
|t:|1779586749
|move|p1a: Cinderace|Sucker Punch|p2a: Charizard
|-start|p1a: Cinderace|typechange|Dark|[from] ability: Libero
|-damage|p2a: Charizard|0 fnt
|faint|p2a: Charizard
|
|upkeep
|c|☆clod the clown|cinderace with sucker punch?
|c|☆Freibott|i thought you’d sub to anticipate sucker punch on kingambit lol
|c|☆clod the clown|at least this game is interesting
|inactive|clod the clown has 90 seconds left.
|c|☆clod the clown|i had 25 hp
|c|☆clod the clown|i cant sub with that
|c|☆Freibott|oh yeah huh
|
|t:|1779586792
|switch|p2a: Salazzle|Salazzle, F|100/100
|turn|9
|c|☆Freibott|it’s been a long day dude
|
|t:|1779586804
|switch|p1a: Great Tusk|Great Tusk|100/100
|-enditem|p1a: Great Tusk|Booster Energy
|-activate|p1a: Great Tusk|ability: Protosynthesis|[fromitem]
|-start|p1a: Great Tusk|protosynthesisatk
|move|p2a: Salazzle|Substitute|p2a: Salazzle
|-start|p2a: Salazzle|Substitute
|-damage|p2a: Salazzle|76/100
|
|-heal|p2a: Salazzle|82/100|[from] item: Black Sludge
|upkeep
|turn|10
|
|t:|1779586811
|move|p2a: Salazzle|Protect|p2a: Salazzle
|-singleturn|p2a: Salazzle|Protect
|move|p1a: Great Tusk|Rapid Spin|p2a: Salazzle
|-activate|p2a: Salazzle|move: Protect
|
|-heal|p2a: Salazzle|88/100|[from] item: Black Sludge
|upkeep
|turn|11
|
|t:|1779586813
|move|p2a: Salazzle|Toxic|p1a: Great Tusk
|-status|p1a: Great Tusk|tox
|move|p1a: Great Tusk|Rapid Spin|p2a: Salazzle
|-end|p2a: Salazzle|Substitute
|-boost|p1a: Great Tusk|spe|1
|
|-heal|p2a: Salazzle|94/100|[from] item: Black Sludge
|-damage|p1a: Great Tusk|94/100 tox|[from] psn
|upkeep
|turn|12
|
|t:|1779586819
|move|p2a: Salazzle|Protect|p2a: Salazzle
|-singleturn|p2a: Salazzle|Protect
|move|p1a: Great Tusk|Headlong Rush|p2a: Salazzle
|-activate|p2a: Salazzle|move: Protect
|
|-heal|p2a: Salazzle|100/100|[from] item: Black Sludge
|-damage|p1a: Great Tusk|82/100 tox|[from] psn
|upkeep
|turn|13
|
|t:|1779586830
|switch|p2a: Talonflame|Talonflame, M|100/100
|move|p1a: Great Tusk|Headlong Rush|p2a: Talonflame
|-immune|p2a: Talonflame
|
|-damage|p1a: Great Tusk|63/100 tox|[from] psn
|upkeep
|turn|14
|
|t:|1779586839
|-end|p1a: Great Tusk|Protosynthesis|[silent]
|switch|p1a: Raging Bolt|Raging Bolt|88/100 brn
|-item|p1a: Raging Bolt|Air Balloon
|move|p2a: Talonflame|Brave Bird|p1a: Raging Bolt
|-resisted|p1a: Raging Bolt
|-damage|p1a: Raging Bolt|69/100 brn
|-enditem|p1a: Raging Bolt|Air Balloon
|-damage|p2a: Talonflame|91/100|[from] Recoil
|
|-damage|p1a: Raging Bolt|63/100 brn|[from] brn
|upkeep
|turn|15
|inactive|clod the clown has 120 seconds left.
|
|t:|1779586861
|switch|p2a: Salazzle|Salazzle, F|100/100
|move|p1a: Raging Bolt|Volt Switch|p2a: Salazzle
|-damage|p2a: Salazzle|35/100
|
|t:|1779586864
|-end|p1a: Raging Bolt|Protosynthesis|[silent]
|switch|p1a: Rillaboom|Rillaboom, F|100/100|[from] Volt Switch
|-fieldstart|move: Grassy Terrain|[from] ability: Grassy Surge|[of] p1a: Rillaboom
|
|-heal|p2a: Salazzle|41/100|[from] Grassy Terrain
|-heal|p2a: Salazzle|47/100|[from] item: Black Sludge
|upkeep
|turn|16
|
|t:|1779586870
|move|p2a: Salazzle|Protect|p2a: Salazzle
|-singleturn|p2a: Salazzle|Protect
|move|p1a: Rillaboom|Grassy Glide|p2a: Salazzle
|-activate|p2a: Salazzle|move: Protect
|
|-heal|p2a: Salazzle|54/100|[from] Grassy Terrain
|-heal|p2a: Salazzle|60/100|[from] item: Black Sludge
|upkeep
|turn|17
|
|t:|1779586880
|move|p2a: Salazzle|Substitute|p2a: Salazzle
|-start|p2a: Salazzle|Substitute
|-damage|p2a: Salazzle|35/100
|move|p1a: Rillaboom|Swords Dance|p1a: Rillaboom
|-boost|p1a: Rillaboom|atk|2
|
|-heal|p2a: Salazzle|41/100|[from] Grassy Terrain
|-heal|p2a: Salazzle|47/100|[from] item: Black Sludge
|upkeep
|turn|18
|
|t:|1779586887
|move|p2a: Salazzle|Toxic|p1a: Rillaboom
|-status|p1a: Rillaboom|tox
|move|p1a: Rillaboom|Swords Dance|p1a: Rillaboom
|-boost|p1a: Rillaboom|atk|2
|
|-heal|p2a: Salazzle|54/100|[from] Grassy Terrain
|-heal|p2a: Salazzle|60/100|[from] item: Black Sludge
|-damage|p1a: Rillaboom|94/100 tox|[from] psn
|upkeep
|turn|19
|
|t:|1779586893
|move|p1a: Rillaboom|Grassy Glide|p2a: Salazzle
|-resisted|p2a: Salazzle
|-end|p2a: Salazzle|Substitute
|-damage|p1a: Rillaboom|84/100 tox|[from] item: Life Orb
|move|p2a: Salazzle|Fire Blast|p1a: Rillaboom
|-supereffective|p1a: Rillaboom
|-damage|p1a: Rillaboom|0 fnt
|faint|p1a: Rillaboom
|
|-heal|p2a: Salazzle|66/100|[from] Grassy Terrain
|-heal|p2a: Salazzle|72/100|[from] item: Black Sludge
|-fieldend|move: Grassy Terrain
|upkeep
|
|t:|1779586901
|switch|p1a: Cinderace|Cinderace, M|100/100
|turn|20
|
|t:|1779586908
|move|p2a: Salazzle|Protect|p2a: Salazzle
|-singleturn|p2a: Salazzle|Protect
|move|p1a: Cinderace|High Jump Kick|p2a: Salazzle
|-start|p1a: Cinderace|typechange|Fighting|[from] ability: Libero
|-activate|p2a: Salazzle|move: Protect
|-damage|p1a: Cinderace|51/100|[from] highjumpkick
|
|-heal|p2a: Salazzle|78/100|[from] item: Black Sludge
|upkeep
|turn|21
|
|t:|1779586919
|move|p1a: Cinderace|High Jump Kick|p2a: Salazzle|[miss]
|-miss|p1a: Cinderace|p2a: Salazzle
|-damage|p1a: Cinderace|1/100|[from] highjumpkick
|move|p2a: Salazzle|Fire Blast|p1a: Cinderace
|-damage|p1a: Cinderace|0 fnt
|faint|p1a: Cinderace
|
|-heal|p2a: Salazzle|85/100|[from] item: Black Sludge
|upkeep
|
|t:|1779586934
|switch|p1a: Cloyster|Cloyster, F|100/100
|turn|22
|
|t:|1779586946
|move|p2a: Salazzle|Fire Blast|p1a: Cloyster
|-enditem|p1a: Cloyster|Focus Sash
|-damage|p1a: Cloyster|1/100
|-status|p1a: Cloyster|brn
|move|p1a: Cloyster|Shell Smash|p1a: Cloyster
|-unboost|p1a: Cloyster|def|1
|-unboost|p1a: Cloyster|spd|1
|-boost|p1a: Cloyster|atk|2
|-boost|p1a: Cloyster|spa|2
|-boost|p1a: Cloyster|spe|2
|
|-heal|p2a: Salazzle|91/100|[from] item: Black Sludge
|-damage|p1a: Cloyster|0 fnt|[from] brn
|faint|p1a: Cloyster
|upkeep
|c|☆clod the clown|crazy
|c|☆Freibott|rng of doom
|c|☆Freibott|gg
|c|☆clod the clown|yes sucker punch?
|c|☆clod the clown|from earliet
|c|☆clod the clown|was funny
|
|t:|1779586973
|switch|p1a: Great Tusk|Great Tusk|63/100 tox
|turn|23
|
|t:|1779586976
|move|p2a: Salazzle|Protect|p2a: Salazzle
|-singleturn|p2a: Salazzle|Protect
|move|p1a: Great Tusk|Rapid Spin|p2a: Salazzle
|-activate|p2a: Salazzle|move: Protect
|
|-heal|p2a: Salazzle|97/100|[from] item: Black Sludge
|-damage|p1a: Great Tusk|57/100 tox|[from] psn
|upkeep
|turn|24
|
|t:|1779586983
|move|p2a: Salazzle|Fire Blast|p1a: Great Tusk
|-damage|p1a: Great Tusk|0 fnt
|faint|p1a: Great Tusk
|-end|p1a: Great Tusk|Protosynthesis|[silent]
|
|-heal|p2a: Salazzle|100/100|[from] item: Black Sludge
|upkeep
|
|t:|1779586985
|switch|p1a: Raging Bolt|Raging Bolt|63/100 brn
|turn|25
|
|t:|1779586992
|-terastallize|p1a: Raging Bolt|Electric
|move|p2a: Salazzle|Protect|p2a: Salazzle
|-singleturn|p2a: Salazzle|Protect
|move|p1a: Raging Bolt|Thunderclap||[still]
|-fail|p1a: Raging Bolt
|
|-damage|p1a: Raging Bolt|57/100 brn|[from] brn
|upkeep
|turn|26
|
|t:|1779586996
|move|p1a: Raging Bolt|Thunderclap||[still]
|-fail|p1a: Raging Bolt
|move|p2a: Salazzle|Substitute|p2a: Salazzle
|-start|p2a: Salazzle|Substitute
|-damage|p2a: Salazzle|76/100
|
|-heal|p2a: Salazzle|82/100|[from] item: Black Sludge
|-damage|p1a: Raging Bolt|51/100 brn|[from] brn
|upkeep
|turn|27
|c|☆clod the clown|specs or scarf?
|-message|Freibott forfeited.
|
|win|clod the clown
|raw|Freibott's rating: 1099 &rarr; <strong>1076</strong><br />(-23 for losing)
|raw|clod the clown's rating: 1123 &rarr; <strong>1146</strong><br />(+23 for winning)
|l|☆Freibott
|player|p1|
|l|☆clod the clown
|player|p2|
