|j|☆ja hoi
|j|☆ihymyly
|t:|1779699588
|gametype|singles
|player|p1|ja hoi|265|1557
|player|p2|ihymyly|266|1526
|gen|9
|tier|[Gen 9] OU
|rated|
|rule|HP Percentage Mod: HP is shown in percentages
|rule|Endless Battle Clause: Forcing endless battles is banned
|rule|Species Clause: Limit one of each Pokémon
|rule|OHKO Clause: OHKO moves are banned
|rule|Evasion Items Clause: Evasion items are banned
|rule|Evasion Moves Clause: Evasion moves are banned
|rule|Evasion Abilities Clause: Evasion abilities are banned
|rule|Sleep Moves Clause: Sleep-inducing moves are banned
|clearpoke
|poke|p1|Quaquaval, F|
|poke|p1|Zamazenta-*|
|poke|p1|Dragapult, F|
|poke|p1|Garganacl, F|
|poke|p1|Grimmsnarl, M|
|poke|p1|Iron Moth|
|poke|p2|Darkrai|
|poke|p2|Skarmory, M|
|poke|p2|Great Tusk|
|poke|p2|Latios, M|
|poke|p2|Weavile, M|
|poke|p2|Ogerpon-Wellspring, F|
|teampreview
|
|t:|1779699598
|teamsize|p1|6
|teamsize|p2|6
|start
|switch|p1a: Grimmsnarl|Grimmsnarl, M|100/100
|switch|p2a: Ogerpon|Ogerpon-Wellspring, F|100/100
|turn|1
|inactive|Battle timer is ON: inactive players will automatically lose when time's up. (requested by ja hoi)
|
|t:|1779699619
|move|p1a: Grimmsnarl|Reflect|p1a: Grimmsnarl
|-sidestart|p1: ja hoi|Reflect
|move|p2a: Ogerpon|Knock Off|p1a: Grimmsnarl
|-resisted|p1a: Grimmsnarl
|-damage|p1a: Grimmsnarl|94/100
|-enditem|p1a: Grimmsnarl|Light Clay|[from] move: Knock Off|[of] p2a: Ogerpon
|
|upkeep
|turn|2
|
|t:|1779699628
|move|p1a: Grimmsnarl|Parting Shot|p2a: Ogerpon
|-unboost|p2a: Ogerpon|atk|1
|-unboost|p2a: Ogerpon|spa|1
|
|t:|1779699633
|switch|p1a: Zamazenta|Zamazenta|100/100|[from] Parting Shot
|-ability|p1a: Zamazenta|Dauntless Shield|boost
|-boost|p1a: Zamazenta|def|1
|move|p2a: Ogerpon|Ivy Cudgel|p1a: Zamazenta|[anim] Ivy Cudgel Water
|-damage|p1a: Zamazenta|91/100
|
|-heal|p1a: Zamazenta|97/100|[from] item: Leftovers
|upkeep
|turn|3
|
|t:|1779699643
|move|p1a: Zamazenta|Iron Defense|p1a: Zamazenta
|-boost|p1a: Zamazenta|def|2
|move|p2a: Ogerpon|Knock Off|p1a: Zamazenta
|-resisted|p1a: Zamazenta
|-damage|p1a: Zamazenta|95/100
|-enditem|p1a: Zamazenta|Leftovers|[from] move: Knock Off|[of] p2a: Ogerpon
|
|upkeep
|turn|4
|
|t:|1779699652
|switch|p2a: Red Bull|Skarmory, M|100/100
|move|p1a: Zamazenta|Body Press|p2a: Red Bull
|-damage|p2a: Red Bull|49/100
|-damage|p1a: Zamazenta|78/100|[from] item: Rocky Helmet|[of] p2a: Red Bull
|
|upkeep
|turn|5
|
|t:|1779699665
|move|p1a: Zamazenta|Body Press|p2a: Red Bull
|-damage|p2a: Red Bull|3/100
|-damage|p1a: Zamazenta|62/100|[from] item: Rocky Helmet|[of] p2a: Red Bull
|move|p2a: Red Bull|Brave Bird|p1a: Zamazenta
|-supereffective|p1a: Zamazenta
|-damage|p1a: Zamazenta|51/100
|-damage|p2a: Red Bull|0 fnt|[from] Recoil
|faint|p2a: Red Bull
|
|upkeep
|
|t:|1779699668
|switch|p2a: Latios|Latios, M|100/100
|turn|6
|
|t:|1779699680
|-terastallize|p1a: Zamazenta|Steel
|move|p1a: Zamazenta|Crunch|p2a: Latios
|-supereffective|p2a: Latios
|-damage|p2a: Latios|37/100
|move|p2a: Latios|Draco Meteor|p1a: Zamazenta|[miss]
|-miss|p2a: Latios|p1a: Zamazenta
|
|upkeep
|turn|7
|
|t:|1779699688
|-terastallize|p2a: Latios|Steel
|move|p1a: Zamazenta|Crunch|p2a: Latios
|-damage|p2a: Latios|9/100
|move|p2a: Latios|Aura Sphere|p1a: Zamazenta
|-supereffective|p1a: Zamazenta
|-damage|p1a: Zamazenta|10/100
|
|upkeep
|turn|8
|
|t:|1779699704
|switch|p2a: Primal Schnoz|Great Tusk|100/100
|move|p1a: Zamazenta|Body Press|p2a: Primal Schnoz
|-damage|p2a: Primal Schnoz|50/100
|
|-sideend|p1: ja hoi|Reflect
|upkeep
|turn|9
|
|t:|1779699714
|move|p1a: Zamazenta|Body Press|p2a: Primal Schnoz
|-damage|p2a: Primal Schnoz|0 fnt
|faint|p2a: Primal Schnoz
|-end|p2a: Primal Schnoz|Protosynthesis|[silent]
|
|upkeep
|
|t:|1779699720
|switch|p2a: Mr. -ice Guy|Weavile, M|100/100
|-ability|p2a: Mr. -ice Guy|Pressure
|turn|10
|
|t:|1779699737
|move|p1a: Zamazenta|Body Press|p2a: Mr. -ice Guy
|-supereffective|p2a: Mr. -ice Guy
|-crit|p2a: Mr. -ice Guy
|-damage|p2a: Mr. -ice Guy|0 fnt
|faint|p2a: Mr. -ice Guy
|
|upkeep
|j| foxi4
|
|t:|1779699745
|switch|p2a: Ogerpon|Ogerpon-Wellspring, F|100/100
|turn|11
|
|t:|1779699749
|move|p1a: Zamazenta|Body Press|p2a: Ogerpon
|-damage|p2a: Ogerpon|4/100
|move|p2a: Ogerpon|Ivy Cudgel|p1a: Zamazenta|[anim] Ivy Cudgel Water
|-damage|p1a: Zamazenta|0 fnt
|faint|p1a: Zamazenta
|
|upkeep
|
|t:|1779699757
|switch|p1a: Dragapult|Dragapult, F|100/100
|turn|12
|
|t:|1779699760
|move|p1a: Dragapult|Dragon Darts|p2a: Ogerpon
|-damage|p2a: Ogerpon|0 fnt
|faint|p2a: Ogerpon
|
|upkeep
|
|t:|1779699766
|switch|p2a: almost*evil*jordan|Darkrai, shiny|100/100
|turn|13
|
|t:|1779699770
|move|p1a: Dragapult|Dragon Darts|p2a: almost*evil*jordan
|-damage|p2a: almost*evil*jordan|70/100
|-anim|p1a: Dragapult|Dragon Darts|p2a: almost*evil*jordan
|-damage|p2a: almost*evil*jordan|36/100
|move|p2a: almost*evil*jordan|Nasty Plot|p2a: almost*evil*jordan
|-boost|p2a: almost*evil*jordan|spa|2
|
|-heal|p2a: almost*evil*jordan|42/100|[from] item: Leftovers
|upkeep
|turn|14
|
|t:|1779699780
|move|p2a: almost*evil*jordan|Dark Pulse|p1a: Dragapult
|-supereffective|p1a: Dragapult
|-damage|p1a: Dragapult|0 fnt
|faint|p1a: Dragapult
|
|-heal|p2a: almost*evil*jordan|48/100|[from] item: Leftovers
|upkeep
|-message|ihymyly forfeited.
|
|win|ja hoi
|raw|ja hoi's rating: 1557 &rarr; <strong>1575</strong><br />(+18 for winning)
|raw|ihymyly's rating: 1526 &rarr; <strong>1508</strong><br />(-18 for losing)
|l|☆ihymyly
|player|p2|
|c|☆ja hoi|lol
|l|☆ja hoi
|player|p1|
