|j|☆keivison3347
|j|☆BerTheBlackestOne
|t:|1779664501
|gametype|singles
|player|p1|keivison3347|170|1119
|player|p2|BerTheBlackestOne|samsonoak|1146
|gen|9
|tier|[Gen 9] OU
|rated|
|rule|HP Percentage Mod: HP is shown in percentages
|rule|Endless Battle Clause: Forcing endless battles is banned
|rule|Species Clause: Limit one of each Pokémon
|rule|OHKO Clause: OHKO moves are banned
|rule|Evasion Items Clause: Evasion items are banned
|rule|Evasion Moves Clause: Evasion moves are banned
|rule|Evasion Abilities Clause: Evasion abilities are banned
|rule|Sleep Moves Clause: Sleep-inducing moves are banned
|clearpoke
|poke|p1|Tinkaton, F|
|poke|p1|Gholdengo|
|poke|p1|Zapdos-Galar|
|poke|p1|Rotom-Wash|
|poke|p1|Great Tusk|
|poke|p1|Kingambit, F|
|poke|p2|Rotom-Heat|
|poke|p2|Cacturne, F|
|poke|p2|Scream Tail|
|poke|p2|Milotic, M|
|poke|p2|Gligar, F|
|poke|p2|Deerling-Summer, F|
|teampreview
|
|t:|1779664517
|teamsize|p1|6
|teamsize|p2|6
|start
|switch|p1a: Tinkaton|Tinkaton, F|100/100
|switch|p2a: Joaquina|Deerling-Summer, F, shiny|100/100
|-ability|p1a: Tinkaton|Mold Breaker
|turn|1
|
|t:|1779664526
|move|p2a: Joaquina|Leech Seed|p1a: Tinkaton
|-start|p1a: Tinkaton|move: Leech Seed
|move|p1a: Tinkaton|Swords Dance|p1a: Tinkaton
|-boost|p1a: Tinkaton|atk|2
|
|-damage|p1a: Tinkaton|88/100|[from] Leech Seed|[of] p2a: Joaquina
|upkeep
|turn|2
|
|t:|1779664537
|-terastallize|p1a: Tinkaton|Steel
|move|p2a: Joaquina|Light Screen|p2a: Joaquina
|-sidestart|p2: BerTheBlackestOne|move: Light Screen
|move|p1a: Tinkaton|Gigaton Hammer|p2a: Joaquina
|-enditem|p2a: Joaquina|Focus Sash
|-damage|p2a: Joaquina|1/100
|
|-damage|p1a: Tinkaton|76/100|[from] Leech Seed|[of] p2a: Joaquina
|-heal|p2a: Joaquina|15/100|[silent]
|upkeep
|turn|3
|
|t:|1779664547
|move|p2a: Joaquina|Endeavor|p1a: Tinkaton
|-damage|p1a: Tinkaton|13/100
|-enditem|p1a: Tinkaton|Sitrus Berry|[eat]
|-heal|p1a: Tinkaton|38/100|[from] item: Sitrus Berry
|move|p1a: Tinkaton|Knock Off|p2a: Joaquina
|-damage|p2a: Joaquina|0 fnt
|faint|p2a: Joaquina
|
|upkeep
|
|t:|1779664563
|switch|p2a: Febril|Rotom-Heat|100/100
|turn|4
|
|t:|1779664570
|move|p2a: Febril|Overheat|p1a: Tinkaton
|-supereffective|p1a: Tinkaton
|-crit|p1a: Tinkaton
|-damage|p1a: Tinkaton|0 fnt
|-unboost|p2a: Febril|spa|2
|faint|p1a: Tinkaton
|
|upkeep
|
|t:|1779664581
|switch|p1a: Great Tusk|Great Tusk|100/100
|turn|5
|
|t:|1779664585
|move|p1a: Great Tusk|Headlong Rush|p2a: Febril
|-immune|p2a: Febril|[from] ability: Levitate
|move|p2a: Febril|Will-O-Wisp|p1a: Great Tusk
|-status|p1a: Great Tusk|brn
|
|-damage|p1a: Great Tusk|94/100 brn|[from] brn
|upkeep
|turn|6
|
|t:|1779664607
|move|p1a: Great Tusk|Knock Off|p2a: Febril
|-damage|p2a: Febril|70/100
|-enditem|p2a: Febril|Heavy-Duty Boots|[from] move: Knock Off|[of] p1a: Great Tusk
|-damage|p1a: Great Tusk|84/100 brn|[from] item: Life Orb
|move|p2a: Febril|Volt Switch|p1a: Great Tusk
|-immune|p1a: Great Tusk
|
|-damage|p1a: Great Tusk|78/100 brn|[from] brn
|-sideend|p2: BerTheBlackestOne|move: Light Screen
|upkeep
|turn|7
|
|t:|1779664618
|move|p1a: Great Tusk|Close Combat|p2a: Febril
|-damage|p2a: Febril|12/100
|-unboost|p1a: Great Tusk|def|1
|-unboost|p1a: Great Tusk|spd|1
|-damage|p1a: Great Tusk|68/100 brn|[from] item: Life Orb
|move|p2a: Febril|Volt Switch|p1a: Great Tusk
|-immune|p1a: Great Tusk
|
|-damage|p1a: Great Tusk|62/100 brn|[from] brn
|upkeep
|turn|8
|
|t:|1779664635
|switch|p2a: Linguiça|Milotic, M|100/100
|move|p1a: Great Tusk|Knock Off|p2a: Linguiça
|-damage|p2a: Linguiça|83/100
|-enditem|p2a: Linguiça|Leftovers|[from] move: Knock Off|[of] p1a: Great Tusk
|-damage|p1a: Great Tusk|52/100 brn|[from] item: Life Orb
|
|-damage|p1a: Great Tusk|46/100 brn|[from] brn
|upkeep
|turn|9
|
|t:|1779664646
|move|p1a: Great Tusk|Headlong Rush|p2a: Linguiça
|-damage|p2a: Linguiça|56/100
|-unboost|p1a: Great Tusk|def|1
|-unboost|p1a: Great Tusk|spd|1
|-damage|p1a: Great Tusk|36/100 brn|[from] item: Life Orb
|move|p2a: Linguiça|Scald|p1a: Great Tusk
|-supereffective|p1a: Great Tusk
|-damage|p1a: Great Tusk|0 fnt
|faint|p1a: Great Tusk
|-end|p1a: Great Tusk|Protosynthesis|[silent]
|
|upkeep
|
|t:|1779664658
|switch|p1a: Zapdos|Zapdos-Galar|100/100
|turn|10
|
|t:|1779664668
|move|p1a: Zapdos|Thunderous Kick|p2a: Linguiça
|-damage|p2a: Linguiça|4/100
|-unboost|p2a: Linguiça|def|1
|move|p2a: Linguiça|Recover|p2a: Linguiça
|-heal|p2a: Linguiça|54/100
|
|upkeep
|turn|11
|
|t:|1779664688
|switch|p2a: AAAAAAAAAAA|Scream Tail|100/100
|move|p1a: Zapdos|Thunderous Kick|p2a: AAAAAAAAAAA
|-resisted|p2a: AAAAAAAAAAA
|-damage|p2a: AAAAAAAAAAA|86/100
|-unboost|p2a: AAAAAAAAAAA|def|1
|
|-heal|p2a: AAAAAAAAAAA|92/100|[from] item: Leftovers
|upkeep
|turn|12
|
|t:|1779664704
|switch|p1a: Gholdengo|Gholdengo|100/100
|move|p2a: AAAAAAAAAAA|Wish|p2a: AAAAAAAAAAA
|
|-heal|p2a: AAAAAAAAAAA|98/100|[from] item: Leftovers
|upkeep
|turn|13
|
|t:|1779664714
|-end|p2a: AAAAAAAAAAA|Protosynthesis|[silent]
|switch|p2a: Sedillas|Cacturne, F, shiny|100/100
|move|p1a: Gholdengo|Nasty Plot|p1a: Gholdengo
|-boost|p1a: Gholdengo|spa|2
|
|upkeep
|turn|14
|
|t:|1779664791
|switch|p2a: Linguiça|Milotic, M|54/100
|move|p1a: Gholdengo|Make It Rain|p2a: Linguiça
|-resisted|p2a: Linguiça
|-damage|p2a: Linguiça|9/100
|-unboost|p1a: Gholdengo|spa|1
|
|upkeep
|turn|15
|
|t:|1779664801
|move|p1a: Gholdengo|Shadow Ball|p2a: Linguiça
|-damage|p2a: Linguiça|0 fnt
|faint|p2a: Linguiça
|
|upkeep
|
|t:|1779664808
|switch|p2a: Febril|Rotom-Heat|12/100
|turn|16
|
|t:|1779664812
|move|p2a: Febril|Overheat|p1a: Gholdengo
|-supereffective|p1a: Gholdengo
|-damage|p1a: Gholdengo|0 fnt
|-unboost|p2a: Febril|spa|2
|faint|p1a: Gholdengo
|
|upkeep
|
|t:|1779664820
|switch|p1a: Kingambit|Kingambit, F|100/100
|-activate|p1a: Kingambit|ability: Supreme Overlord
|-start|p1a: Kingambit|fallen3|[silent]
|turn|17
|
|t:|1779664830
|move|p2a: Febril|Will-O-Wisp|p1a: Kingambit|[miss]
|-miss|p2a: Febril|p1a: Kingambit
|move|p1a: Kingambit|Kowtow Cleave|p2a: Febril
|-damage|p2a: Febril|0 fnt
|faint|p2a: Febril
|
|upkeep
|
|t:|1779664840
|switch|p2a: Lambidinha|Gligar, F|100/100
|turn|18
|
|t:|1779664848
|move|p2a: Lambidinha|Earthquake|p1a: Kingambit
|-supereffective|p1a: Kingambit
|-damage|p1a: Kingambit|64/100
|move|p1a: Kingambit|Swords Dance|p1a: Kingambit
|-boost|p1a: Kingambit|atk|2
|
|upkeep
|turn|19
|
|t:|1779664857
|move|p1a: Kingambit|Sucker Punch|p2a: Lambidinha
|-damage|p2a: Lambidinha|48/100
|move|p2a: Lambidinha|Earthquake|p1a: Kingambit
|-supereffective|p1a: Kingambit
|-damage|p1a: Kingambit|27/100
|
|upkeep
|turn|20
|
|t:|1779664869
|switch|p2a: AAAAAAAAAAA|Scream Tail|98/100
|move|p1a: Kingambit|Kowtow Cleave|p2a: AAAAAAAAAAA
|-damage|p2a: AAAAAAAAAAA|1/100
|
|-heal|p2a: AAAAAAAAAAA|7/100|[from] item: Leftovers
|upkeep
|turn|21
|
|t:|1779664880
|move|p1a: Kingambit|Sucker Punch||[still]
|-fail|p1a: Kingambit
|move|p2a: AAAAAAAAAAA|Encore|p1a: Kingambit
|-start|p1a: Kingambit|Encore
|
|-heal|p2a: AAAAAAAAAAA|13/100|[from] item: Leftovers
|upkeep
|turn|22
|
|t:|1779664889
|move|p1a: Kingambit|Sucker Punch||[still]
|-fail|p1a: Kingambit
|move|p2a: AAAAAAAAAAA|Wish|p2a: AAAAAAAAAAA
|
|-heal|p2a: AAAAAAAAAAA|20/100|[from] item: Leftovers
|upkeep
|turn|23
|
|t:|1779664899
|-end|p1a: Kingambit|fallen3|[silent]
|switch|p1a: Zapdos|Zapdos-Galar|100/100
|move|p2a: AAAAAAAAAAA|Protect||[still]
|-fail|p2a: AAAAAAAAAAA
|
|-heal|p2a: AAAAAAAAAAA|70/100|[from] move: Wish|[wisher] AAAAAAAAAAA
|-heal|p2a: AAAAAAAAAAA|76/100|[from] item: Leftovers
|upkeep
|turn|24
|
|t:|1779664911
|move|p2a: AAAAAAAAAAA|Protect|p2a: AAAAAAAAAAA
|-singleturn|p2a: AAAAAAAAAAA|Protect
|move|p1a: Zapdos|Brave Bird|p2a: AAAAAAAAAAA
|-activate|p2a: AAAAAAAAAAA|move: Protect
|
|-heal|p2a: AAAAAAAAAAA|82/100|[from] item: Leftovers
|upkeep
|turn|25
|
|t:|1779664923
|move|p2a: AAAAAAAAAAA|Wish|p2a: AAAAAAAAAAA
|move|p1a: Zapdos|Brave Bird|p2a: AAAAAAAAAAA
|-damage|p2a: AAAAAAAAAAA|3/100
|-damage|p1a: Zapdos|65/100|[from] Recoil
|
|-heal|p2a: AAAAAAAAAAA|9/100|[from] item: Leftovers
|upkeep
|turn|26
|
|t:|1779664932
|move|p2a: AAAAAAAAAAA|Protect|p2a: AAAAAAAAAAA
|-singleturn|p2a: AAAAAAAAAAA|Protect
|move|p1a: Zapdos|Brave Bird|p2a: AAAAAAAAAAA
|-activate|p2a: AAAAAAAAAAA|move: Protect
|
|-heal|p2a: AAAAAAAAAAA|59/100|[from] move: Wish|[wisher] AAAAAAAAAAA
|-heal|p2a: AAAAAAAAAAA|66/100|[from] item: Leftovers
|upkeep
|turn|27
|
|t:|1779664952
|-terastallize|p2a: AAAAAAAAAAA|Steel
|move|p2a: AAAAAAAAAAA|Dazzling Gleam|p1a: Zapdos
|-supereffective|p1a: Zapdos
|-damage|p1a: Zapdos|17/100
|move|p1a: Zapdos|Brave Bird|p2a: AAAAAAAAAAA
|-resisted|p2a: AAAAAAAAAAA
|-damage|p2a: AAAAAAAAAAA|29/100
|-damage|p1a: Zapdos|0 fnt|[from] Recoil
|faint|p1a: Zapdos
|
|-heal|p2a: AAAAAAAAAAA|35/100|[from] item: Leftovers
|upkeep
|
|t:|1779664965
|switch|p1a: Kingambit|Kingambit, F|27/100
|-activate|p1a: Kingambit|ability: Supreme Overlord
|-start|p1a: Kingambit|fallen4|[silent]
|turn|28
|
|t:|1779664978
|move|p2a: AAAAAAAAAAA|Protect|p2a: AAAAAAAAAAA
|-singleturn|p2a: AAAAAAAAAAA|Protect
|move|p1a: Kingambit|Iron Head|p2a: AAAAAAAAAAA
|-activate|p2a: AAAAAAAAAAA|move: Protect
|
|-heal|p2a: AAAAAAAAAAA|41/100|[from] item: Leftovers
|upkeep
|turn|29
|
|t:|1779664986
|move|p2a: AAAAAAAAAAA|Encore|p1a: Kingambit
|-start|p1a: Kingambit|Encore
|move|p1a: Kingambit|Iron Head|p2a: AAAAAAAAAAA
|-resisted|p2a: AAAAAAAAAAA
|-damage|p2a: AAAAAAAAAAA|19/100
|
|-heal|p2a: AAAAAAAAAAA|25/100|[from] item: Leftovers
|upkeep
|turn|30
|
|t:|1779664997
|-end|p1a: Kingambit|fallen4|[silent]
|switch|p1a: Rotom|Rotom-Wash|100/100
|move|p2a: AAAAAAAAAAA|Wish|p2a: AAAAAAAAAAA
|
|-heal|p2a: AAAAAAAAAAA|31/100|[from] item: Leftovers
|upkeep
|turn|31
|
|t:|1779665005
|move|p2a: AAAAAAAAAAA|Protect|p2a: AAAAAAAAAAA
|-singleturn|p2a: AAAAAAAAAAA|Protect
|move|p1a: Rotom|Will-O-Wisp|p2a: AAAAAAAAAAA
|-activate|p2a: AAAAAAAAAAA|move: Protect
|
|-heal|p2a: AAAAAAAAAAA|81/100|[from] move: Wish|[wisher] AAAAAAAAAAA
|-heal|p2a: AAAAAAAAAAA|88/100|[from] item: Leftovers
|upkeep
|turn|32
|
|t:|1779665018
|move|p2a: AAAAAAAAAAA|Encore|p1a: Rotom
|-start|p1a: Rotom|Encore
|move|p1a: Rotom|Will-O-Wisp|p2a: AAAAAAAAAAA
|-status|p2a: AAAAAAAAAAA|brn
|
|-heal|p2a: AAAAAAAAAAA|94/100 brn|[from] item: Leftovers
|-damage|p2a: AAAAAAAAAAA|88/100 brn|[from] brn
|upkeep
|turn|33
|
|t:|1779665028
|-end|p2a: AAAAAAAAAAA|Protosynthesis|[silent]
|switch|p2a: Sedillas|Cacturne, F, shiny|100/100
|switch|p1a: Kingambit|Kingambit, F|27/100
|-activate|p1a: Kingambit|ability: Supreme Overlord
|-start|p1a: Kingambit|fallen4|[silent]
|
|upkeep
|turn|34
|
|t:|1779665060
|switch|p2a: Lambidinha|Gligar, F|48/100
|move|p1a: Kingambit|Sucker Punch||[still]
|-fail|p1a: Kingambit
|
|upkeep
|turn|35
|inactive|Battle timer is ON: inactive players will automatically lose when time's up. (requested by BerTheBlackestOne)
|inactive|keivison3347 has 120 seconds left.
|inactive|keivison3347 has 90 seconds left.
|inactive|keivison3347 has 60 seconds left.
|inactive|keivison3347 has 30 seconds left.
|inactive|keivison3347 has 20 seconds left.
|inactive|keivison3347 has 15 seconds left.
|inactive|keivison3347 has 10 seconds left.
|inactive|keivison3347 has 5 seconds left.
|-message|keivison3347 lost due to inactivity.
|
|win|BerTheBlackestOne
|raw|keivison3347's rating: 1119 &rarr; <strong>1096</strong><br />(-23 for losing)
|raw|BerTheBlackestOne's rating: 1146 &rarr; <strong>1169</strong><br />(+23 for winning)
|l|☆BerTheBlackestOne
|player|p2|
