|j|☆Ackblade
|j|☆Chaos Insurgencyy
|t:|1779564072
|gametype|singles
|player|p1|Ackblade|101|1158
|player|p2|Chaos Insurgencyy|clair|1109
|gen|9
|tier|[Gen 9] OU
|rated|
|rule|HP Percentage Mod: HP is shown in percentages
|rule|Endless Battle Clause: Forcing endless battles is banned
|rule|Species Clause: Limit one of each Pokémon
|rule|OHKO Clause: OHKO moves are banned
|rule|Evasion Items Clause: Evasion items are banned
|rule|Evasion Moves Clause: Evasion moves are banned
|rule|Evasion Abilities Clause: Evasion abilities are banned
|rule|Sleep Moves Clause: Sleep-inducing moves are banned
|clearpoke
|poke|p1|Ninetales, F|
|poke|p1|Blaziken, F|
|poke|p1|Walking Wake|
|poke|p1|Whimsicott, M|
|poke|p1|Great Tusk|
|poke|p1|Iron Moth|
|poke|p2|Zamazenta-*|
|poke|p2|Garchomp, M|
|poke|p2|Kingambit, F|
|poke|p2|Ogerpon-Wellspring, F|
|poke|p2|Iron Moth|
|poke|p2|Hatterene, F|
|teampreview
|inactive|Battle timer is ON: inactive players will automatically lose when time's up. (requested by Chaos Insurgencyy)
|
|t:|1779564081
|teamsize|p1|6
|teamsize|p2|6
|start
|switch|p1a: borutodad|Ninetales, F|100/100
|switch|p2a: Zamazenta|Zamazenta|100/100
|-ability|p2a: Zamazenta|Dauntless Shield|boost
|-boost|p2a: Zamazenta|def|1
|-weather|SunnyDay|[from] ability: Drought|[of] p1a: borutodad
|turn|1
|inactive|Ackblade has 120 seconds left.
|
|t:|1779564131
|-terastallize|p1a: borutodad|Ghost
|move|p2a: Zamazenta|Light Screen|p2a: Zamazenta
|-sidestart|p2: Chaos Insurgencyy|move: Light Screen
|move|p1a: borutodad|Overheat|p2a: Zamazenta|[miss]
|-miss|p1a: borutodad|p2a: Zamazenta
|
|-weather|SunnyDay|[upkeep]
|upkeep
|turn|2
|
|t:|1779564137
|move|p2a: Zamazenta|Reflect|p2a: Zamazenta
|-sidestart|p2: Chaos Insurgencyy|Reflect
|move|p1a: borutodad|Overheat|p2a: Zamazenta
|-damage|p2a: Zamazenta|66/100
|-unboost|p1a: borutodad|spa|2
|
|-weather|SunnyDay|[upkeep]
|upkeep
|turn|3
|
|t:|1779564143
|switch|p2a: Iron Moth|Iron Moth, shiny|100/100
|-enditem|p2a: Iron Moth|Booster Energy
|-activate|p2a: Iron Moth|ability: Quark Drive|[fromitem]
|-start|p2a: Iron Moth|quarkdrivespe
|move|p1a: borutodad|Overheat|p2a: Iron Moth
|-resisted|p2a: Iron Moth
|-damage|p2a: Iron Moth|91/100
|-unboost|p1a: borutodad|spa|2
|
|-weather|SunnyDay|[upkeep]
|upkeep
|turn|4
|inactive|Ackblade has 120 seconds left.
|
|t:|1779564171
|switch|p1a: Dubya|Walking Wake|100/100
|-activate|p1a: Dubya|ability: Protosynthesis
|-start|p1a: Dubya|protosynthesisspe
|move|p2a: Iron Moth|Fiery Dance|p1a: Dubya
|-resisted|p1a: Dubya
|-damage|p1a: Dubya|91/100
|-boost|p2a: Iron Moth|spa|1
|
|-weather|SunnyDay|[upkeep]
|upkeep
|turn|5
|
|t:|1779564190
|move|p2a: Iron Moth|Sludge Wave|p1a: Dubya
|-damage|p1a: Dubya|40/100
|-status|p1a: Dubya|psn
|move|p1a: Dubya|Hydro Steam|p2a: Iron Moth
|-supereffective|p2a: Iron Moth
|-damage|p2a: Iron Moth|29/100
|
|-weather|SunnyDay|[upkeep]
|-damage|p1a: Dubya|28/100 psn|[from] psn
|upkeep
|turn|6
|inactive|Ackblade has 120 seconds left.
|
|t:|1779564200
|move|p2a: Iron Moth|Sludge Wave|p1a: Dubya
|-damage|p1a: Dubya|0 fnt
|faint|p1a: Dubya
|-end|p1a: Dubya|Protosynthesis|[silent]
|
|-weather|SunnyDay|[upkeep]
|upkeep
|inactive|Ackblade has 120 seconds left.
|
|t:|1779564219
|switch|p1a: Kokushibo|Iron Moth|100/100
|-enditem|p1a: Kokushibo|Booster Energy
|-activate|p1a: Kokushibo|ability: Quark Drive|[fromitem]
|-start|p1a: Kokushibo|quarkdrivespe
|turn|7
|
|t:|1779564226
|move|p1a: Kokushibo|Fiery Dance|p2a: Iron Moth
|-resisted|p2a: Iron Moth
|-damage|p2a: Iron Moth|14/100
|move|p2a: Iron Moth|Psychic|p1a: Kokushibo
|-supereffective|p1a: Kokushibo
|-damage|p1a: Kokushibo|9/100
|
|-weather|SunnyDay|[upkeep]
|upkeep
|turn|8
|
|t:|1779564233
|move|p2a: Iron Moth|Fiery Dance|p1a: Kokushibo
|-resisted|p1a: Kokushibo
|-damage|p1a: Kokushibo|0 fnt
|-boost|p2a: Iron Moth|spa|1
|faint|p1a: Kokushibo
|-end|p1a: Kokushibo|Quark Drive|[silent]
|
|-weather|none
|-sideend|p2: Chaos Insurgencyy|move: Light Screen
|upkeep
|-message|Ackblade forfeited.
|
|win|Chaos Insurgencyy
|raw|Ackblade's rating: 1158 &rarr; <strong>1129</strong><br />(-29 for losing)
|raw|Chaos Insurgencyy's rating: 1109 &rarr; <strong>1138</strong><br />(+29 for winning)
|l|☆Ackblade
|player|p1|
