|j|☆Trans Marill
|j|☆greatteams123
|t:|1779687979
|gametype|singles
|player|p1|Trans Marill|170|1307
|player|p2|greatteams123|lucas|1280
|gen|9
|tier|[Gen 9] OU
|rated|
|rule|HP Percentage Mod: HP is shown in percentages
|rule|Endless Battle Clause: Forcing endless battles is banned
|rule|Species Clause: Limit one of each Pokémon
|rule|OHKO Clause: OHKO moves are banned
|rule|Evasion Items Clause: Evasion items are banned
|rule|Evasion Moves Clause: Evasion moves are banned
|rule|Evasion Abilities Clause: Evasion abilities are banned
|rule|Sleep Moves Clause: Sleep-inducing moves are banned
|clearpoke
|poke|p1|Goodra, M|
|poke|p1|Corviknight, M|
|poke|p1|Espeon, F|
|poke|p1|Moltres|
|poke|p1|Clodsire, F|
|poke|p1|Snorlax, M|
|poke|p2|Dragapult, F|
|poke|p2|Corviknight, F|
|poke|p2|Blissey, F|
|poke|p2|Alomomola, M|
|poke|p2|Gliscor, M|
|poke|p2|Orthworm, F|
|teampreview
|
|t:|1779687996
|teamsize|p1|6
|teamsize|p2|6
|start
|switch|p1a: Espeon|Espeon, F|100/100
|switch|p2a: Dragapult|Dragapult, F|100/100
|turn|1
|
|t:|1779688003
|switch|p1a: Clodsire|Clodsire, F|100/100
|move|p2a: Dragapult|Shadow Ball|p1a: Clodsire
|-damage|p1a: Clodsire|61/100
|-unboost|p1a: Clodsire|spd|1
|
|-heal|p1a: Clodsire|68/100|[from] item: Leftovers
|upkeep
|turn|2
|
|t:|1779688008
|switch|p1a: Snorlax|Snorlax, M|100/100
|move|p2a: Dragapult|Shadow Ball|p1a: Snorlax
|-immune|p1a: Snorlax
|
|upkeep
|turn|3
|
|t:|1779688012
|switch|p2a: Gliscor|Gliscor, M|100/100
|move|p1a: Snorlax|Crunch|p2a: Gliscor
|-crit|p2a: Gliscor
|-damage|p2a: Gliscor|78/100
|-unboost|p2a: Gliscor|def|1
|
|-status|p2a: Gliscor|tox|[from] item: Toxic Orb
|upkeep
|turn|4
|
|t:|1779688019
|switch|p1a: Corviknight|Corviknight, M|100/100
|move|p2a: Gliscor|Knock Off|p1a: Corviknight
|-damage|p1a: Corviknight|84/100
|-enditem|p1a: Corviknight|Weakness Policy|[from] move: Knock Off|[of] p2a: Gliscor
|
|-heal|p2a: Gliscor|91/100 tox|[from] ability: Poison Heal
|upkeep
|turn|5
|
|t:|1779688028
|switch|p2a: Orthworm|Orthworm, F|100/100
|move|p1a: Corviknight|Iron Defense|p1a: Corviknight
|-boost|p1a: Corviknight|def|2
|
|upkeep
|turn|6
|
|t:|1779688031
|move|p1a: Corviknight|Iron Defense|p1a: Corviknight
|-boost|p1a: Corviknight|def|2
|move|p2a: Orthworm|Iron Defense|p2a: Orthworm
|-boost|p2a: Orthworm|def|2
|
|upkeep
|turn|7
|
|t:|1779688047
|switch|p1a: Moltres|Moltres|100/100
|move|p2a: Orthworm|Iron Defense|p2a: Orthworm
|-boost|p2a: Orthworm|def|2
|
|upkeep
|turn|8
|
|t:|1779688071
|switch|p2a: Gliscor|Gliscor, M|91/100 tox
|move|p1a: Moltres|Will-O-Wisp||[still]
|-fail|p1a: Moltres
|
|-heal|p2a: Gliscor|100/100 tox|[from] ability: Poison Heal
|upkeep
|turn|9
|
|t:|1779688081
|switch|p1a: Corviknight|Corviknight, M|84/100
|move|p2a: Gliscor|Knock Off|p1a: Corviknight
|-damage|p1a: Corviknight|72/100
|
|upkeep
|turn|10
|
|t:|1779688091
|switch|p2a: Dragapult|Dragapult, F|100/100
|switch|p1a: Clodsire|Clodsire, F|68/100
|
|-heal|p1a: Clodsire|74/100|[from] item: Leftovers
|upkeep
|turn|11
|
|t:|1779688095
|-terastallize|p2a: Dragapult|Dragon
|move|p2a: Dragapult|Draco Meteor|p1a: Clodsire
|-damage|p1a: Clodsire|0 fnt
|-unboost|p2a: Dragapult|spa|2
|faint|p1a: Clodsire
|
|upkeep
|
|t:|1779688107
|switch|p1a: Snorlax|Snorlax, M|100/100
|turn|12
|
|t:|1779688115
|switch|p2a: Gliscor|Gliscor, M|100/100 tox
|move|p1a: Snorlax|Curse|p1a: Snorlax
|-unboost|p1a: Snorlax|spe|1
|-boost|p1a: Snorlax|atk|1
|-boost|p1a: Snorlax|def|1
|
|upkeep
|turn|13
|
|t:|1779688127
|move|p2a: Gliscor|Knock Off|p1a: Snorlax
|-damage|p1a: Snorlax|87/100
|-enditem|p1a: Snorlax|Covert Cloak|[from] move: Knock Off|[of] p2a: Gliscor
|move|p1a: Snorlax|Curse|p1a: Snorlax
|-unboost|p1a: Snorlax|spe|1
|-boost|p1a: Snorlax|atk|1
|-boost|p1a: Snorlax|def|1
|
|upkeep
|turn|14
|
|t:|1779688133
|switch|p2a: Orthworm|Orthworm, F|100/100
|move|p1a: Snorlax|Curse|p1a: Snorlax
|-unboost|p1a: Snorlax|spe|1
|-boost|p1a: Snorlax|atk|1
|-boost|p1a: Snorlax|def|1
|
|upkeep
|turn|15
|
|t:|1779688142
|move|p2a: Orthworm|Iron Defense|p2a: Orthworm
|-boost|p2a: Orthworm|def|2
|move|p1a: Snorlax|Crunch|p2a: Orthworm
|-damage|p2a: Orthworm|83/100
|
|-heal|p2a: Orthworm|89/100|[from] item: Leftovers
|upkeep
|turn|16
|-message|Trans Marill forfeited.
|
|win|greatteams123
|raw|Trans Marill's rating: 1307 &rarr; <strong>1285</strong><br />(-22 for losing)
|raw|greatteams123's rating: 1280 &rarr; <strong>1307</strong><br />(+27 for winning)
|l|☆Trans Marill
|player|p1|
|l|☆greatteams123
|player|p2|
