|j|☆mathhasnolife
|j|☆fregene97
|t:|1779653035
|gametype|singles
|player|p1|mathhasnolife|2|1423
|player|p2|fregene97|hiker-gen4|1428
|gen|9
|tier|[Gen 9] OU
|rated|
|rule|HP Percentage Mod: HP is shown in percentages
|rule|Endless Battle Clause: Forcing endless battles is banned
|rule|Species Clause: Limit one of each Pokémon
|rule|OHKO Clause: OHKO moves are banned
|rule|Evasion Items Clause: Evasion items are banned
|rule|Evasion Moves Clause: Evasion moves are banned
|rule|Evasion Abilities Clause: Evasion abilities are banned
|rule|Sleep Moves Clause: Sleep-inducing moves are banned
|clearpoke
|poke|p1|Pelipper, F|
|poke|p1|Dragapult, M|
|poke|p1|Raging Bolt|
|poke|p1|Moltres|
|poke|p1|Iron Treads|
|poke|p1|Samurott-Hisui, M|
|poke|p2|Kingambit, M|
|poke|p2|Iron Valiant|
|poke|p2|Gholdengo|
|poke|p2|Araquanid, F|
|poke|p2|Great Tusk|
|poke|p2|Porygon-Z|
|teampreview
|inactive|Battle timer is ON: inactive players will automatically lose when time's up. (requested by fregene97)
|
|t:|1779653054
|teamsize|p1|6
|teamsize|p2|6
|start
|switch|p1a: Pelipper|Pelipper, F|100/100
|switch|p2a: Araquanid|Araquanid, F, shiny|100/100
|-weather|RainDance|[from] ability: Drizzle|[of] p1a: Pelipper
|turn|1
|
|t:|1779653065
|move|p1a: Pelipper|Hurricane|p2a: Araquanid
|-supereffective|p2a: Araquanid
|-damage|p2a: Araquanid|42/100
|move|p2a: Araquanid|Sticky Web|p1a: Pelipper
|-sidestart|p1: mathhasnolife|move: Sticky Web
|
|-weather|RainDance|[upkeep]
|upkeep
|turn|2
|
|t:|1779653072
|move|p1a: Pelipper|U-turn|p2a: Araquanid
|-damage|p2a: Araquanid|32/100
|
|t:|1779653075
|switch|p1a: Iron Treads|Iron Treads|100/100|[from] U-turn
|-activate|p1a: Iron Treads|move: Sticky Web
|-unboost|p1a: Iron Treads|spe|1
|move|p2a: Araquanid|Liquidation|p1a: Iron Treads
|-supereffective|p1a: Iron Treads
|-damage|p1a: Iron Treads|0 fnt
|faint|p1a: Iron Treads
|-end|p1a: Iron Treads|Quark Drive|[silent]
|
|-weather|RainDance|[upkeep]
|upkeep
|
|t:|1779653078
|switch|p1a: Pelipper|Pelipper, F|100/100
|turn|3
|
|t:|1779653095
|move|p1a: Pelipper|Hurricane|p2a: Araquanid
|-supereffective|p2a: Araquanid
|-damage|p2a: Araquanid|0 fnt
|faint|p2a: Araquanid
|
|-weather|RainDance|[upkeep]
|upkeep
|
|t:|1779653097
|switch|p2a: Porygon-Z|Porygon-Z|100/100
|-ability|p2a: Porygon-Z|Download|boost
|-boost|p2a: Porygon-Z|spa|1
|turn|4
|
|t:|1779653105
|move|p2a: Porygon-Z|Tri Attack|p1a: Pelipper
|-damage|p1a: Pelipper|4/100
|-status|p1a: Pelipper|brn
|move|p1a: Pelipper|Surf|p2a: Porygon-Z
|-damage|p2a: Porygon-Z|37/100
|
|-weather|RainDance|[upkeep]
|-damage|p1a: Pelipper|0 fnt|[from] brn
|faint|p1a: Pelipper
|upkeep
|
|t:|1779653131
|switch|p1a: Samurott|Samurott-Hisui, M|100/100
|-activate|p1a: Samurott|move: Sticky Web
|-unboost|p1a: Samurott|spe|1
|turn|5
|inactive|fregene97 has 120 seconds left.
|inactive|fregene97 has 90 seconds left.
|
|t:|1779653194
|switch|p1a: Dragapult|Dragapult, M|100/100
|-activate|p1a: Dragapult|move: Sticky Web
|-unboost|p1a: Dragapult|spe|1
|move|p2a: Porygon-Z|Thunderbolt|p1a: Dragapult
|-resisted|p1a: Dragapult
|-damage|p1a: Dragapult|68/100
|-status|p1a: Dragapult|par
|
|-weather|RainDance|[upkeep]
|upkeep
|turn|6
|-message|mathhasnolife forfeited.
|
|win|fregene97
|raw|mathhasnolife's rating: 1423 &rarr; <strong>1403</strong><br />(-20 for losing)
|raw|fregene97's rating: 1428 &rarr; <strong>1448</strong><br />(+20 for winning)
|l|☆mathhasnolife
|player|p1|
|l|☆fregene97
|player|p2|
