|j|☆love free
|j|☆party girl 2004
|t:|1779622392
|gametype|singles
|player|p1|love free|cynthia|1313
|player|p2|party girl 2004|lass-gen4dp|1315
|gen|9
|tier|[Gen 9] OU
|rated|
|rule|HP Percentage Mod: HP is shown in percentages
|rule|Endless Battle Clause: Forcing endless battles is banned
|rule|Species Clause: Limit one of each Pokémon
|rule|OHKO Clause: OHKO moves are banned
|rule|Evasion Items Clause: Evasion items are banned
|rule|Evasion Moves Clause: Evasion moves are banned
|rule|Evasion Abilities Clause: Evasion abilities are banned
|rule|Sleep Moves Clause: Sleep-inducing moves are banned
|clearpoke
|poke|p1|Pelipper, F|
|poke|p1|Walking Wake|
|poke|p1|Basculegion, M|
|poke|p1|Ogerpon-Wellspring, F|
|poke|p1|Iron Treads|
|poke|p1|Zapdos|
|poke|p2|Serperior, M|
|poke|p2|Skarmory, F|
|poke|p2|Blaziken, M|
|poke|p2|Talonflame, F|
|poke|p2|Moltres-Galar|
|poke|p2|Iron Valiant|
|teampreview
|inactive|Battle timer is ON: inactive players will automatically lose when time's up. (requested by party girl 2004)
|inactive|love free also wants the timer to be on.
|l|☆love free
|inactive|love free disconnected and has a minute to reconnect!
|player|p1|
|j|☆love free
|inactive|love free reconnected and has 145 seconds left.
|player|p1|love free|cynthia|
|l|☆love free
|inactive|love free disconnected and has a minute to reconnect!
|player|p1|
|inactive|love free has 30 seconds to reconnect!
|j|☆love free
|inactive|love free reconnected and has 115 seconds left.
|player|p1|love free|cynthia|
|
|t:|1779622430
|teamsize|p1|6
|teamsize|p2|6
|start
|switch|p1a: Pelipper|Pelipper, F|100/100
|switch|p2a: MVP|Serperior, M, shiny|100/100
|-weather|RainDance|[from] ability: Drizzle|[of] p1a: Pelipper
|turn|1
|
|t:|1779622446
|move|p2a: MVP|Glare|p1a: Pelipper
|-status|p1a: Pelipper|par
|cant|p1a: Pelipper|par
|
|-weather|RainDance|[upkeep]
|upkeep
|turn|2
|
|t:|1779622453
|move|p2a: MVP|Leaf Storm|p1a: Pelipper
|-damage|p1a: Pelipper|34/100 par
|-boost|p2a: MVP|spa|2
|move|p1a: Pelipper|Hurricane|p2a: MVP
|-supereffective|p2a: MVP
|-enditem|p2a: MVP|Focus Sash
|-damage|p2a: MVP|1/100
|
|-weather|RainDance|[upkeep]
|upkeep
|turn|3
|
|t:|1779622471
|switch|p1a: Zapdos|Zapdos|100/100
|move|p2a: MVP|Leaf Storm|p1a: Zapdos
|-resisted|p1a: Zapdos
|-damage|p1a: Zapdos|48/100
|-boost|p2a: MVP|spa|2
|
|-weather|RainDance|[upkeep]
|upkeep
|turn|4
|
|t:|1779622475
|move|p2a: MVP|Leaf Storm|p1a: Zapdos
|-resisted|p1a: Zapdos
|-damage|p1a: Zapdos|0 fnt
|-boost|p2a: MVP|spa|2
|faint|p1a: Zapdos
|
|-weather|RainDance|[upkeep]
|upkeep
|
|t:|1779622481
|switch|p1a: Basculegion|Basculegion, M|100/100
|turn|5
|
|t:|1779622486
|move|p1a: Basculegion|Wave Crash|p2a: MVP
|-resisted|p2a: MVP
|-damage|p2a: MVP|0 fnt
|faint|p2a: MVP
|-damage|p1a: Basculegion|99/100|[from] Recoil
|
|-weather|RainDance|[upkeep]
|upkeep
|
|t:|1779622505
|switch|p2a: Mane Tank|Skarmory, F, shiny|100/100
|turn|6
|
|t:|1779622514
|-terastallize|p1a: Basculegion|Water
|move|p1a: Basculegion|Wave Crash|p2a: Mane Tank
|-ability|p2a: Mane Tank|Sturdy
|-damage|p2a: Mane Tank|1/100
|-damage|p1a: Basculegion|77/100|[from] Recoil
|move|p2a: Mane Tank|Stealth Rock|p1a: Basculegion
|-sidestart|p1: love free|move: Stealth Rock
|
|-weather|RainDance|[upkeep]
|upkeep
|turn|7
|-enditem|p2a: Mane Tank|Custap Berry|[eat]
|-activate|p2a: Mane Tank|item: Custap Berry|[consumed]
|
|t:|1779622523
|move|p2a: Mane Tank|Brave Bird|p1a: Basculegion
|-damage|p1a: Basculegion|15/100
|-damage|p2a: Mane Tank|0 fnt|[from] Recoil
|faint|p2a: Mane Tank
|move|p1a: Basculegion|Wave Crash|p2: Mane Tank|[notarget]
|-fail|p1a: Basculegion
|
|-weather|RainDance|[upkeep]
|upkeep
|
|t:|1779622533
|switch|p2a: Decidueye X|Talonflame, F, shiny|100/100
|turn|8
|
|t:|1779622536
|move|p1a: Basculegion|Wave Crash|p2a: Decidueye X
|-supereffective|p2a: Decidueye X
|-enditem|p2a: Decidueye X|Focus Sash
|-damage|p2a: Decidueye X|1/100
|-damage|p1a: Basculegion|0 fnt|[from] Recoil
|faint|p1a: Basculegion
|move|p2a: Decidueye X|Brave Bird|p1: Basculegion|[notarget]
|-fail|p2a: Decidueye X
|
|-weather|none
|upkeep
|
|t:|1779622546
|switch|p1a: Iron Treads|Iron Treads|100/100
|-damage|p1a: Iron Treads|97/100|[from] Stealth Rock
|-enditem|p1a: Iron Treads|Booster Energy
|-activate|p1a: Iron Treads|ability: Quark Drive|[fromitem]
|-start|p1a: Iron Treads|quarkdriveatk
|turn|9
|
|t:|1779622552
|-terastallize|p2a: Decidueye X|Ghost
|move|p2a: Decidueye X|Flare Blitz|p1a: Iron Treads
|-supereffective|p1a: Iron Treads
|-damage|p1a: Iron Treads|25/100
|-damage|p2a: Decidueye X|0 fnt|[from] Recoil
|faint|p2a: Decidueye X
|move|p1a: Iron Treads|Rapid Spin|p2: Decidueye X|[notarget]
|-fail|p1a: Iron Treads
|
|upkeep
|
|t:|1779622565
|switch|p2a: Scolipede X|Blaziken, M, shiny|100/100
|turn|10
|
|t:|1779622570
|move|p2a: Scolipede X|Swords Dance|p2a: Scolipede X
|-boost|p2a: Scolipede X|atk|2
|move|p1a: Iron Treads|Rapid Spin|p2a: Scolipede X
|-damage|p2a: Scolipede X|67/100
|-boost|p1a: Iron Treads|spe|1
|-sideend|p1: love free|Stealth Rock|[from] move: Rapid Spin|[of] p1a: Iron Treads
|
|-ability|p2a: Scolipede X|Speed Boost|boost
|-boost|p2a: Scolipede X|spe|1
|upkeep
|turn|11
|
|t:|1779622582
|move|p2a: Scolipede X|Fire Punch|p1a: Iron Treads
|-supereffective|p1a: Iron Treads
|-damage|p1a: Iron Treads|0 fnt
|faint|p1a: Iron Treads
|-end|p1a: Iron Treads|Quark Drive|[silent]
|
|-ability|p2a: Scolipede X|Speed Boost|boost
|-boost|p2a: Scolipede X|spe|1
|upkeep
|
|t:|1779622585
|switch|p1a: Pelipper|Pelipper, F|34/100 par
|-weather|RainDance|[from] ability: Drizzle|[of] p1a: Pelipper
|turn|12
|
|t:|1779622592
|move|p2a: Scolipede X|Close Combat|p1a: Pelipper
|-resisted|p1a: Pelipper
|-damage|p1a: Pelipper|0 fnt
|-unboost|p2a: Scolipede X|def|1
|-unboost|p2a: Scolipede X|spd|1
|faint|p1a: Pelipper
|
|-weather|RainDance|[upkeep]
|-ability|p2a: Scolipede X|Speed Boost|boost
|-boost|p2a: Scolipede X|spe|1
|upkeep
|
|t:|1779622596
|switch|p1a: Walking Wake|Walking Wake|100/100
|-enditem|p1a: Walking Wake|Booster Energy
|-activate|p1a: Walking Wake|ability: Protosynthesis|[fromitem]
|-start|p1a: Walking Wake|protosynthesisspe
|turn|13
|
|t:|1779622603
|move|p2a: Scolipede X|Close Combat|p1a: Walking Wake
|-damage|p1a: Walking Wake|0 fnt
|-unboost|p2a: Scolipede X|def|1
|-unboost|p2a: Scolipede X|spd|1
|faint|p1a: Walking Wake
|-end|p1a: Walking Wake|Protosynthesis|[silent]
|
|-weather|RainDance|[upkeep]
|-ability|p2a: Scolipede X|Speed Boost|boost
|-boost|p2a: Scolipede X|spe|1
|upkeep
|
|t:|1779622606
|switch|p1a: Ogerpon|Ogerpon-Wellspring, F|100/100
|turn|14
|
|t:|1779622612
|move|p2a: Scolipede X|Close Combat|p1a: Ogerpon
|-damage|p1a: Ogerpon|0 fnt
|-unboost|p2a: Scolipede X|def|1
|-unboost|p2a: Scolipede X|spd|1
|faint|p1a: Ogerpon
|
|win|party girl 2004
|raw|love free's rating: 1313 &rarr; <strong>1293</strong><br />(-20 for losing)
|raw|party girl 2004's rating: 1315 &rarr; <strong>1335</strong><br />(+20 for winning)
