|j|☆39% gxe
|j|☆sayan1352
|t:|1779560758
|gametype|singles
|player|p1|39% gxe|2|1132
|player|p2|sayan1352|2|1089
|gen|9
|tier|[Gen 9] OU
|rated|
|rule|HP Percentage Mod: HP is shown in percentages
|rule|Endless Battle Clause: Forcing endless battles is banned
|rule|Species Clause: Limit one of each Pokémon
|rule|OHKO Clause: OHKO moves are banned
|rule|Evasion Items Clause: Evasion items are banned
|rule|Evasion Moves Clause: Evasion moves are banned
|rule|Evasion Abilities Clause: Evasion abilities are banned
|rule|Sleep Moves Clause: Sleep-inducing moves are banned
|clearpoke
|poke|p1|Iron Crown|
|poke|p1|Moltres|
|poke|p1|Great Tusk|
|poke|p1|Wo-Chien|
|poke|p1|Iron Valiant|
|poke|p1|Kyurem|
|poke|p2|Toxapex, F|
|poke|p2|Glimmora, M|
|poke|p2|Dondozo, M|
|poke|p2|Garganacl, M|
|poke|p2|Ogerpon-Wellspring, F|
|poke|p2|Chansey, F|
|teampreview
|inactive|Battle timer is ON: inactive players will automatically lose when time's up. (requested by 39% gxe)
|
|t:|1779560788
|teamsize|p1|6
|teamsize|p2|6
|start
|switch|p1a: Osamason|Wo-Chien|100/100
|switch|p2a: Garganacl|Garganacl, M|100/100
|-ability|p1a: Osamason|Tablets of Ruin
|turn|1
|
|t:|1779560799
|move|p1a: Osamason|Leech Seed|p2a: Garganacl
|-start|p2a: Garganacl|move: Leech Seed
|move|p2a: Garganacl|Stealth Rock|p1a: Osamason
|-sidestart|p1: 39% gxe|move: Stealth Rock
|
|-damage|p2a: Garganacl|88/100|[from] Leech Seed|[of] p1a: Osamason
|upkeep
|turn|2
|
|t:|1779560810
|move|p1a: Osamason|Knock Off|p2a: Garganacl
|-damage|p2a: Garganacl|71/100
|-damage|p1a: Osamason|84/100|[from] item: Rocky Helmet|[of] p2a: Garganacl
|-enditem|p2a: Garganacl|Rocky Helmet|[from] move: Knock Off|[of] p1a: Osamason
|move|p2a: Garganacl|Salt Cure|p1a: Osamason
|-damage|p1a: Osamason|74/100
|-start|p1a: Osamason|Salt Cure
|
|-heal|p1a: Osamason|80/100|[from] item: Leftovers
|-damage|p2a: Garganacl|59/100|[from] Leech Seed|[of] p1a: Osamason
|-heal|p1a: Osamason|94/100|[silent]
|-damage|p1a: Osamason|82/100|[from] Salt Cure
|upkeep
|turn|3
|
|t:|1779560829
|move|p1a: Osamason|Protect|p1a: Osamason
|-singleturn|p1a: Osamason|Protect
|move|p2a: Garganacl|Recover|p2a: Garganacl
|-heal|p2a: Garganacl|100/100
|
|-heal|p1a: Osamason|88/100|[from] item: Leftovers
|-damage|p2a: Garganacl|88/100|[from] Leech Seed|[of] p1a: Osamason
|-heal|p1a: Osamason|100/100|[silent]
|-damage|p1a: Osamason|88/100|[from] Salt Cure
|upkeep
|turn|4
|
|t:|1779560851
|switch|p2a: Glimmora|Glimmora, M|100/100
|move|p1a: Osamason|Foul Play|p2a: Glimmora
|-damage|p2a: Glimmora|81/100
|-activate|p2a: Glimmora|ability: Toxic Debris
|-sidestart|p1: 39% gxe|move: Toxic Spikes
|
|-heal|p1a: Osamason|94/100|[from] item: Leftovers
|-damage|p1a: Osamason|82/100|[from] Salt Cure
|upkeep
|turn|5
|
|t:|1779560861
|switch|p1a: shaq|Great Tusk|100/100
|move|p2a: Glimmora|Spikes|p1a: shaq
|-sidestart|p1: 39% gxe|Spikes
|
|upkeep
|turn|6
|
|t:|1779560874
|move|p2a: Glimmora|Spiky Shield|p2a: Glimmora
|-singleturn|p2a: Glimmora|move: Protect
|move|p1a: shaq|Headlong Rush|p2a: Glimmora
|-activate|p2a: Glimmora|move: Protect
|-damage|p1a: shaq|88/100|[from] Spiky Shield|[of] p2a: Glimmora
|
|upkeep
|turn|7
|
|t:|1779560885
|move|p1a: shaq|Rapid Spin|p2a: Glimmora
|-resisted|p2a: Glimmora
|-damage|p2a: Glimmora|73/100
|-boost|p1a: shaq|spe|1
|-activate|p2a: Glimmora|ability: Toxic Debris
|-sidestart|p1: 39% gxe|move: Toxic Spikes
|-sideend|p1: 39% gxe|Spikes|[from] move: Rapid Spin|[of] p1a: shaq
|-sideend|p1: 39% gxe|Toxic Spikes|[from] move: Rapid Spin|[of] p1a: shaq
|-sideend|p1: 39% gxe|Stealth Rock|[from] move: Rapid Spin|[of] p1a: shaq
|move|p2a: Glimmora|Spikes|p1a: shaq
|-sidestart|p1: 39% gxe|Spikes
|
|upkeep
|turn|8
|
|t:|1779560897
|switch|p2a: Chansey|Chansey, F|100/100
|move|p1a: shaq|Headlong Rush|p2a: Chansey
|-damage|p2a: Chansey|52/100
|-unboost|p1a: shaq|def|1
|-unboost|p1a: shaq|spd|1
|
|upkeep
|turn|9
|
|t:|1779560907
|move|p1a: shaq|Rapid Spin|p2a: Chansey
|-damage|p2a: Chansey|39/100
|-boost|p1a: shaq|spe|1
|-sideend|p1: 39% gxe|Spikes|[from] move: Rapid Spin|[of] p1a: shaq
|move|p2a: Chansey|Seismic Toss|p1a: shaq
|-damage|p1a: shaq|61/100
|
|upkeep
|turn|10
|
|t:|1779560914
|move|p1a: shaq|Headlong Rush|p2a: Chansey
|-damage|p2a: Chansey|0 fnt
|-unboost|p1a: shaq|def|1
|-unboost|p1a: shaq|spd|1
|faint|p2a: Chansey
|
|upkeep
|
|t:|1779560918
|switch|p2a: Toxapex|Toxapex, F|100/100
|turn|11
|
|t:|1779560934
|-terastallize|p1a: shaq|Steel
|move|p1a: shaq|Headlong Rush|p2a: Toxapex
|-supereffective|p2a: Toxapex
|-damage|p2a: Toxapex|24/100
|-unboost|p1a: shaq|def|1
|-unboost|p1a: shaq|spd|1
|move|p2a: Toxapex|Toxic|p1a: shaq
|-immune|p1a: shaq
|
|-heal|p2a: Toxapex|30/100|[from] item: Leftovers
|upkeep
|turn|12
|-message|sayan1352 forfeited.
|
|win|39% gxe
|raw|39% gxe's rating: 1132 &rarr; <strong>1154</strong><br />(+22 for winning)
|raw|sayan1352's rating: 1089 &rarr; <strong>1069</strong><br />(-20 for losing)
|l|☆sayan1352
|player|p2|
