|j|☆cachorro-urubu
|j|☆22-chicken
|t:|1779715245
|gametype|singles
|player|p1|cachorro-urubu|cynthia-masters|1119
|player|p2|22-chicken|firebreather|1163
|gen|9
|tier|[Gen 9] OU
|rated|
|rule|HP Percentage Mod: HP is shown in percentages
|rule|Endless Battle Clause: Forcing endless battles is banned
|rule|Species Clause: Limit one of each Pokémon
|rule|OHKO Clause: OHKO moves are banned
|rule|Evasion Items Clause: Evasion items are banned
|rule|Evasion Moves Clause: Evasion moves are banned
|rule|Evasion Abilities Clause: Evasion abilities are banned
|rule|Sleep Moves Clause: Sleep-inducing moves are banned
|clearpoke
|poke|p1|Kyurem|
|poke|p1|Slowking-Galar, M|
|poke|p1|Zamazenta-*|
|poke|p1|Ogerpon-Wellspring, F|
|poke|p1|Garganacl, M|
|poke|p1|Gliscor, M|
|poke|p2|Cinderace, M|
|poke|p2|Blaziken, M|
|poke|p2|Torracat, M|
|poke|p2|Gliscor, M|
|poke|p2|Rabsca, M|
|poke|p2|Grafaiai, M|
|teampreview
|inactive|Battle timer is ON: inactive players will automatically lose when time's up. (requested by 22-chicken)
|inactive|cachorro-urubu also wants the timer to be on.
|
|t:|1779715257
|teamsize|p1|6
|teamsize|p2|6
|start
|switch|p1a: Kyurem|Kyurem|100/100
|switch|p2a: Torracat|Torracat, M|100/100
|-ability|p2a: Torracat|Intimidate|boost
|-unboost|p1a: Kyurem|atk|1
|-ability|p1a: Kyurem|Pressure
|turn|1
|
|t:|1779715265
|move|p2a: Torracat|Fake Out|p1a: Kyurem
|-damage|p1a: Kyurem|91/100
|cant|p1a: Kyurem|flinch
|
|upkeep
|turn|2
|
|t:|1779715272
|move|p2a: Torracat|Parting Shot|p1a: Kyurem
|-unboost|p1a: Kyurem|atk|1
|-unboost|p1a: Kyurem|spa|1
|
|t:|1779715279
|switch|p2a: Gliscor|Gliscor, M, shiny|100/100|[from] Parting Shot
|move|p1a: Kyurem|Earth Power|p2a: Gliscor
|-immune|p2a: Gliscor
|
|-status|p2a: Gliscor|tox|[from] item: Toxic Orb
|upkeep
|turn|3
|
|t:|1779715295
|switch|p1a: Ogerpon|Ogerpon-Wellspring, F|100/100
|switch|p2a: Torracat|Torracat, M|100/100
|-ability|p2a: Torracat|Intimidate|boost
|-unboost|p1a: Ogerpon|atk|1
|
|upkeep
|turn|4
|
|t:|1779715308
|move|p2a: Torracat|Fake Out|p1a: Ogerpon
|-damage|p1a: Ogerpon|86/100
|cant|p1a: Ogerpon|flinch
|
|upkeep
|turn|5
|
|t:|1779715315
|move|p1a: Ogerpon|Encore|p2a: Torracat
|-start|p2a: Torracat|Encore
|move|p2a: Torracat|Fake Out||[still]
|-hint|Fake Out only works on your first turn out.
|-fail|p2a: Torracat
|
|upkeep
|turn|6
|
|t:|1779715327
|switch|p2a: Grafaiai|Grafaiai, M, shiny|100/100
|move|p1a: Ogerpon|Knock Off|p2a: Grafaiai
|-damage|p2a: Grafaiai|65/100
|-enditem|p2a: Grafaiai|Lagging Tail|[from] move: Knock Off|[of] p1a: Ogerpon
|
|upkeep
|turn|7
|
|t:|1779715338
|move|p2a: Grafaiai|Copycat|p2a: Grafaiai
|move|p2a: Grafaiai|Knock Off|p1a: Ogerpon|[from] move: Copycat
|-damage|p1a: Ogerpon|61/100
|move|p1a: Ogerpon|Ivy Cudgel|p2a: Grafaiai|[anim] Ivy Cudgel Water
|-damage|p2a: Grafaiai|10/100
|
|upkeep
|turn|8
|
|t:|1779715351
|move|p2a: Grafaiai|Parting Shot|p1a: Ogerpon
|-unboost|p1a: Ogerpon|atk|1
|-unboost|p1a: Ogerpon|spa|1
|
|t:|1779715353
|switch|p2a: Torracat|Torracat, M|100/100|[from] Parting Shot
|-ability|p2a: Torracat|Intimidate|boost
|-unboost|p1a: Ogerpon|atk|1
|move|p1a: Ogerpon|Ivy Cudgel|p2a: Torracat|[anim] Ivy Cudgel Water
|-supereffective|p2a: Torracat
|-enditem|p2a: Torracat|Focus Sash
|-damage|p2a: Torracat|1/100
|
|upkeep
|turn|9
|
|t:|1779715372
|switch|p1a: Gliscor|Gliscor, M|100/100
|move|p2a: Torracat|Fake Out|p1a: Gliscor
|-damage|p1a: Gliscor|93/100
|
|-status|p1a: Gliscor|tox|[from] item: Toxic Orb
|upkeep
|turn|10
|
|t:|1779715381
|move|p1a: Gliscor|Protect|p1a: Gliscor
|-singleturn|p1a: Gliscor|Protect
|move|p2a: Torracat|Parting Shot|p1a: Gliscor
|-activate|p1a: Gliscor|move: Protect
|
|-heal|p1a: Gliscor|100/100 tox|[from] ability: Poison Heal
|upkeep
|turn|11
|
|t:|1779715390
|move|p2a: Torracat|Parting Shot|p1a: Gliscor
|-unboost|p1a: Gliscor|atk|1
|-unboost|p1a: Gliscor|spa|1
|
|t:|1779715396
|switch|p2a: Grafaiai|Grafaiai, M, shiny|10/100|[from] Parting Shot
|move|p1a: Gliscor|Earthquake|p2a: Grafaiai
|-supereffective|p2a: Grafaiai
|-crit|p2a: Grafaiai
|-damage|p2a: Grafaiai|0 fnt
|faint|p2a: Grafaiai
|
|upkeep
|
|t:|1779715401
|switch|p2a: Torracat|Torracat, M|1/100
|-ability|p2a: Torracat|Intimidate|boost
|-unboost|p1a: Gliscor|atk|1
|turn|12
|
|t:|1779715407
|move|p1a: Gliscor|Protect|p1a: Gliscor
|-singleturn|p1a: Gliscor|Protect
|move|p2a: Torracat|Fake Out|p1a: Gliscor
|-activate|p1a: Gliscor|move: Protect
|
|upkeep
|turn|13
|
|t:|1779715414
|switch|p2a: Gliscor|Gliscor, M, shiny|100/100 tox
|move|p1a: Gliscor|Knock Off|p2a: Gliscor
|-damage|p2a: Gliscor|91/100 tox
|-enditem|p2a: Gliscor|Toxic Orb|[from] move: Knock Off|[of] p1a: Gliscor
|
|-heal|p2a: Gliscor|100/100 tox|[from] ability: Poison Heal
|upkeep
|turn|14
|
|t:|1779715432
|move|p1a: Gliscor|Protect|p1a: Gliscor
|-singleturn|p1a: Gliscor|Protect
|move|p2a: Gliscor|Crabhammer|p1a: Gliscor
|-activate|p1a: Gliscor|move: Protect
|
|upkeep
|turn|15
|
|t:|1779715439
|switch|p1a: Ogerpon|Ogerpon-Wellspring, F|61/100
|move|p2a: Gliscor|Crabhammer|p1a: Ogerpon
|-heal|p1a: Ogerpon|86/100|[from] ability: Water Absorb|[of] p2a: Gliscor
|
|upkeep
|turn|16
|
|t:|1779715446
|move|p1a: Ogerpon|Encore|p2a: Gliscor
|-start|p2a: Gliscor|Encore
|move|p2a: Gliscor|Crabhammer|p1a: Ogerpon
|-heal|p1a: Ogerpon|100/100|[from] ability: Water Absorb|[of] p2a: Gliscor
|
|upkeep
|turn|17
|
|t:|1779715453
|switch|p2a: Torracat|Torracat, M|1/100
|-ability|p2a: Torracat|Intimidate|boost
|-unboost|p1a: Ogerpon|atk|1
|move|p1a: Ogerpon|Ivy Cudgel|p2a: Torracat|[anim] Ivy Cudgel Water
|-supereffective|p2a: Torracat
|-damage|p2a: Torracat|0 fnt
|faint|p2a: Torracat
|
|upkeep
|
|t:|1779715460
|switch|p2a: Blaziken|Blaziken, M|100/100
|turn|18
|
|t:|1779715464
|move|p2a: Blaziken|Protect|p2a: Blaziken
|-singleturn|p2a: Blaziken|Protect
|move|p1a: Ogerpon|Ivy Cudgel|p2a: Blaziken|[anim] Ivy Cudgel Water
|-activate|p2a: Blaziken|move: Protect
|
|-ability|p2a: Blaziken|Speed Boost|boost
|-boost|p2a: Blaziken|spe|1
|upkeep
|turn|19
|
|t:|1779715473
|-terastallize|p1a: Ogerpon|Water
|detailschange|p1a: Ogerpon|Ogerpon-Wellspring-Tera, F, tera:Water
|-ability|p1a: Ogerpon|Embody Aspect (Wellspring)|boost
|-boost|p1a: Ogerpon|spd|1
|move|p2a: Blaziken|Swords Dance|p2a: Blaziken
|-boost|p2a: Blaziken|atk|2
|move|p1a: Ogerpon|Encore|p2a: Blaziken
|-start|p2a: Blaziken|Encore
|
|-ability|p2a: Blaziken|Speed Boost|boost
|-boost|p2a: Blaziken|spe|1
|upkeep
|turn|20
|-message|22-chicken forfeited.
|
|win|cachorro-urubu
|raw|cachorro-urubu's rating: 1119 &rarr; <strong>1147</strong><br />(+28 for winning)
|raw|22-chicken's rating: 1163 &rarr; <strong>1135</strong><br />(-28 for losing)
|l|☆22-chicken
|player|p2|
|l|☆cachorro-urubu
|player|p1|
