|j|☆gvgvjvfcgv
|j|☆ft6yd57
|t:|1779677752
|gametype|singles
|player|p1|gvgvjvfcgv|170|1199
|player|p2|ft6yd57|cheryl|1218
|gen|9
|tier|[Gen 9] OU
|rated|
|rule|HP Percentage Mod: HP is shown in percentages
|rule|Endless Battle Clause: Forcing endless battles is banned
|rule|Species Clause: Limit one of each Pokémon
|rule|OHKO Clause: OHKO moves are banned
|rule|Evasion Items Clause: Evasion items are banned
|rule|Evasion Moves Clause: Evasion moves are banned
|rule|Evasion Abilities Clause: Evasion abilities are banned
|rule|Sleep Moves Clause: Sleep-inducing moves are banned
|clearpoke
|poke|p1|Dragonite, M|
|poke|p1|Clefable, F|
|poke|p1|Moltres|
|poke|p1|Haunter, M|
|poke|p1|Gengar, M|
|poke|p1|Weavile, M|
|poke|p2|Hoopa-Unbound|
|poke|p2|Araquanid, F|
|poke|p2|Landorus-Therian, M|
|poke|p2|Gholdengo|
|poke|p2|Excadrill, M|
|poke|p2|Tyranitar, M|
|teampreview
|inactive|Battle timer is ON: inactive players will automatically lose when time's up. (requested by gvgvjvfcgv)
|
|t:|1779677784
|teamsize|p1|6
|teamsize|p2|6
|start
|switch|p1a: Lil bro|Haunter, M|100/100
|switch|p2a: Tyranitar|Tyranitar, M|100/100
|-weather|Sandstorm|[from] ability: Sand Stream|[of] p2a: Tyranitar
|turn|1
|
|t:|1779677791
|move|p1a: Lil bro|Taunt|p2a: Tyranitar
|-start|p2a: Tyranitar|move: Taunt
|cant|p2a: Tyranitar|move: Taunt|Stealth Rock
|
|-weather|Sandstorm|[upkeep]
|-damage|p1a: Lil bro|94/100|[from] Sandstorm
|upkeep
|turn|2
|
|t:|1779677800
|move|p1a: Lil bro|Destiny Bond|p1a: Lil bro
|-singlemove|p1a: Lil bro|Destiny Bond
|move|p2a: Tyranitar|Knock Off|p1a: Lil bro
|-supereffective|p1a: Lil bro
|-crit|p1a: Lil bro
|-damage|p1a: Lil bro|0 fnt
|-enditem|p1a: Lil bro|Focus Sash|[from] move: Knock Off|[of] p2a: Tyranitar
|faint|p1a: Lil bro
|-activate|p1a: Lil bro|move: Destiny Bond
|faint|p2a: Tyranitar
|
|-weather|Sandstorm|[upkeep]
|upkeep
|
|t:|1779677813
|switch|p1a: Moltres|Moltres|100/100
|switch|p2a: Excadrill|Excadrill, M|100/100
|turn|3
|
|t:|1779677842
|switch|p2a: Landorus|Landorus-Therian, M|100/100
|-ability|p2a: Landorus|Intimidate|boost
|-unboost|p1a: Moltres|atk|1
|-terastallize|p1a: Moltres|Grass
|move|p1a: Moltres|Flamethrower|p2a: Landorus
|-damage|p2a: Landorus|53/100
|
|-weather|Sandstorm|[upkeep]
|-damage|p1a: Moltres|94/100|[from] Sandstorm
|upkeep
|turn|4
|
|t:|1779677852
|move|p2a: Landorus|U-turn|p1a: Moltres
|-supereffective|p1a: Moltres
|-damage|p1a: Moltres|41/100
|
|t:|1779677858
|switch|p2a: Araquanid|Araquanid, F|100/100|[from] U-turn
|move|p1a: Moltres|Flamethrower|p2a: Araquanid
|-damage|p2a: Araquanid|87/100
|
|-weather|Sandstorm|[upkeep]
|-damage|p1a: Moltres|35/100|[from] Sandstorm
|-damage|p2a: Araquanid|81/100|[from] Sandstorm
|upkeep
|turn|5
|
|t:|1779677866
|move|p1a: Moltres|Will-O-Wisp|p2a: Araquanid
|-immune|p2a: Araquanid|[from] ability: Water Bubble
|move|p2a: Araquanid|Sticky Web|p1a: Moltres
|-sidestart|p1: gvgvjvfcgv|move: Sticky Web
|
|-weather|none
|upkeep
|turn|6
|
|t:|1779677873
|move|p1a: Moltres|Roost|p1a: Moltres
|-heal|p1a: Moltres|85/100
|move|p2a: Araquanid|Infestation|p1a: Moltres
|-supereffective|p1a: Moltres
|-damage|p1a: Moltres|75/100
|-activate|p1a: Moltres|move: Infestation|[of] p2a: Araquanid
|
|-damage|p1a: Moltres|63/100|[from] move: Infestation|[partiallytrapped]
|upkeep
|turn|7
|
|t:|1779677888
|move|p2a: Araquanid|Infestation|p1a: Moltres
|-supereffective|p1a: Moltres
|-damage|p1a: Moltres|53/100
|move|p1a: Moltres|Roar|p2a: Araquanid
|drag|p2a: Gholdengo|Gholdengo|100/100
|-item|p2a: Gholdengo|Air Balloon
|
|-end|p1a: Moltres|Infestation|[partiallytrapped]|[silent]
|upkeep
|turn|8
|
|t:|1779677899
|switch|p2a: Araquanid|Araquanid, F|81/100
|move|p1a: Moltres|Flamethrower|p2a: Araquanid
|-damage|p2a: Araquanid|70/100
|
|upkeep
|turn|9
|
|t:|1779677907
|switch|p1a: Clefable|Clefable, F|100/100
|-activate|p1a: Clefable|move: Sticky Web
|-unboost|p1a: Clefable|spe|1
|move|p2a: Araquanid|Infestation|p1a: Clefable
|-resisted|p1a: Clefable
|-damage|p1a: Clefable|99/100
|-activate|p1a: Clefable|move: Infestation|[of] p2a: Araquanid
|
|-heal|p1a: Clefable|100/100|[from] item: Leftovers
|upkeep
|turn|10
|
|t:|1779677916
|move|p2a: Araquanid|Endeavor|p1a: Clefable
|-damage|p1a: Clefable|60/100
|move|p1a: Clefable|Thunder Wave|p2a: Araquanid
|-status|p2a: Araquanid|par
|
|-heal|p1a: Clefable|66/100|[from] item: Leftovers
|upkeep
|turn|11
|
|t:|1779677925
|switch|p2a: Gholdengo|Gholdengo|100/100
|-item|p2a: Gholdengo|Air Balloon
|move|p1a: Clefable|Moonblast|p2a: Gholdengo
|-resisted|p2a: Gholdengo
|-damage|p2a: Gholdengo|81/100
|-enditem|p2a: Gholdengo|Air Balloon
|
|-heal|p1a: Clefable|72/100|[from] item: Leftovers
|-end|p1a: Clefable|Infestation|[partiallytrapped]|[silent]
|upkeep
|turn|12
|
|t:|1779677935
|move|p2a: Gholdengo|Make It Rain|p1a: Clefable
|-supereffective|p1a: Clefable
|-damage|p1a: Clefable|0 fnt
|-unboost|p2a: Gholdengo|spa|1
|faint|p1a: Clefable
|
|upkeep
|
|t:|1779677941
|switch|p1a: Big bro|Gengar, M|100/100
|-activate|p1a: Big bro|move: Sticky Web
|-unboost|p1a: Big bro|spe|1
|turn|13
|
|t:|1779677946
|move|p1a: Big bro|Shadow Ball|p2a: Gholdengo
|-supereffective|p2a: Gholdengo
|-damage|p2a: Gholdengo|0 fnt
|faint|p2a: Gholdengo
|
|upkeep
|
|t:|1779677957
|switch|p2a: Hoopa|Hoopa-Unbound|100/100
|turn|14
|
|t:|1779677962
|move|p2a: Hoopa|Dark Pulse|p1a: Big bro
|-supereffective|p1a: Big bro
|-damage|p1a: Big bro|0 fnt
|-start|p2a: Hoopa|Disable|Dark Pulse|[from] ability: Cursed Body|[of] p1a: Big bro
|faint|p1a: Big bro
|
|upkeep
|
|t:|1779677971
|switch|p1a: Weavile|Weavile, M|100/100
|-activate|p1a: Weavile|move: Sticky Web
|-unboost|p1a: Weavile|spe|1
|-ability|p1a: Weavile|Pressure
|turn|15
|
|t:|1779677980
|switch|p2a: Araquanid|Araquanid, F|70/100 par
|move|p1a: Weavile|Triple Axel|p2a: Araquanid
|-resisted|p2a: Araquanid
|-damage|p2a: Araquanid|61/100 par
|-resisted|p2a: Araquanid
|-damage|p2a: Araquanid|44/100 par
|-resisted|p2a: Araquanid
|-damage|p2a: Araquanid|22/100 par
|-hitcount|p2a: Araquanid|3
|
|upkeep
|turn|16
|-enditem|p2a: Araquanid|Custap Berry|[eat]
|-activate|p2a: Araquanid|item: Custap Berry|[consumed]
|
|t:|1779677989
|move|p2a: Araquanid|Endeavor|p1a: Weavile
|-damage|p1a: Weavile|27/100
|move|p1a: Weavile|Triple Axel|p2a: Araquanid
|-resisted|p2a: Araquanid
|-damage|p2a: Araquanid|14/100 par
|-resisted|p2a: Araquanid
|-damage|p2a: Araquanid|0 fnt
|faint|p2a: Araquanid
|-hitcount|p2: Araquanid|2
|
|upkeep
|
|t:|1779677999
|switch|p2a: Hoopa|Hoopa-Unbound|100/100
|turn|17
|
|t:|1779678008
|move|p2a: Hoopa|Dark Pulse|p1a: Weavile
|-resisted|p1a: Weavile
|-damage|p1a: Weavile|0 fnt
|faint|p1a: Weavile
|
|upkeep
|
|t:|1779678015
|switch|p1a: Moltres|Moltres, tera:Grass|53/100
|turn|18
|
|t:|1779678023
|move|p2a: Hoopa|Dark Pulse|p1a: Moltres
|-damage|p1a: Moltres|0 fnt
|faint|p1a: Moltres
|
|upkeep
|
|t:|1779678026
|switch|p1a: Dragonite|Dragonite, M|100/100
|turn|19
|
|t:|1779678034
|-terastallize|p2a: Hoopa|Dark
|move|p2a: Hoopa|Dark Pulse|p1a: Dragonite
|-damage|p1a: Dragonite|67/100
|move|p1a: Dragonite|Dragon Dance|p1a: Dragonite
|-boost|p1a: Dragonite|atk|1
|-boost|p1a: Dragonite|spe|1
|
|upkeep
|turn|20
|
|t:|1779678046
|move|p1a: Dragonite|Extreme Speed|p2a: Hoopa
|-damage|p2a: Hoopa|20/100
|move|p2a: Hoopa|Dark Pulse|p1a: Dragonite
|-damage|p1a: Dragonite|0 fnt
|faint|p1a: Dragonite
|
|win|ft6yd57
|raw|gvgvjvfcgv's rating: 1199 &rarr; <strong>1175</strong><br />(-24 for losing)
|raw|ft6yd57's rating: 1218 &rarr; <strong>1242</strong><br />(+24 for winning)
|l|☆ft6yd57
|player|p2|
|l|☆gvgvjvfcgv
|player|p1|
