|j|☆m709lkjo
|j|☆Cipher07
|t:|1779721454
|gametype|singles
|player|p1|m709lkjo|101|1381
|player|p2|Cipher07|101|1461
|gen|9
|tier|[Gen 9] OU
|rated|
|rule|HP Percentage Mod: HP is shown in percentages
|rule|Endless Battle Clause: Forcing endless battles is banned
|rule|Species Clause: Limit one of each Pokémon
|rule|OHKO Clause: OHKO moves are banned
|rule|Evasion Items Clause: Evasion items are banned
|rule|Evasion Moves Clause: Evasion moves are banned
|rule|Evasion Abilities Clause: Evasion abilities are banned
|rule|Sleep Moves Clause: Sleep-inducing moves are banned
|clearpoke
|poke|p1|Drifblim, F|
|poke|p1|Corviknight, M|
|poke|p1|Alomomola, M|
|poke|p1|Blaziken, M|
|poke|p1|Kleavor, F|
|poke|p1|Hoopa-Unbound|
|poke|p2|Araquanid, F|
|poke|p2|Ogerpon-Wellspring, F|
|poke|p2|Enamorus, F|
|poke|p2|Gholdengo|
|poke|p2|Iron Moth|
|poke|p2|Great Tusk|
|teampreview
|inactive|Battle timer is ON: inactive players will automatically lose when time's up. (requested by m709lkjo)
|
|t:|1779721463
|teamsize|p1|6
|teamsize|p2|6
|start
|switch|p1a: Blaziken|Blaziken, M|100/100
|switch|p2a: Araquanid|Araquanid, F, shiny|100/100
|turn|1
|
|t:|1779721467
|move|p1a: Blaziken|Brave Bird|p2a: Araquanid
|-supereffective|p2a: Araquanid
|-damage|p2a: Araquanid|0 fnt
|faint|p2a: Araquanid
|-damage|p1a: Blaziken|63/100|[from] Recoil
|-damage|p1a: Blaziken|53/100|[from] item: Life Orb
|
|-ability|p1a: Blaziken|Speed Boost|boost
|-boost|p1a: Blaziken|spe|1
|upkeep
|
|t:|1779721473
|switch|p2a: Great Tusk|Great Tusk, shiny|100/100
|-enditem|p2a: Great Tusk|Booster Energy
|-activate|p2a: Great Tusk|ability: Protosynthesis|[fromitem]
|-start|p2a: Great Tusk|protosynthesisatk
|turn|2
|
|t:|1779721488
|move|p1a: Blaziken|Protect|p1a: Blaziken
|-singleturn|p1a: Blaziken|Protect
|move|p2a: Great Tusk|Stealth Rock|p1a: Blaziken
|-sidestart|p1: m709lkjo|move: Stealth Rock
|
|-ability|p1a: Blaziken|Speed Boost|boost
|-boost|p1a: Blaziken|spe|1
|upkeep
|turn|3
|
|t:|1779721496
|switch|p1a: Drifblim|Drifblim, F|100/100
|move|p2a: Great Tusk|Headlong Rush|p1a: Drifblim
|-immune|p1a: Drifblim
|
|upkeep
|turn|4
|
|t:|1779721502
|move|p2a: Great Tusk|Ice Spinner|p1a: Drifblim
|-supereffective|p1a: Drifblim
|-damage|p1a: Drifblim|45/100
|move|p1a: Drifblim|Strength Sap|p2a: Great Tusk
|-unboost|p2a: Great Tusk|atk|1
|-heal|p1a: Drifblim|100/100
|
|upkeep
|turn|5
|
|t:|1779721509
|-end|p2a: Great Tusk|Protosynthesis|[silent]
|switch|p2a: Gholdengo|Gholdengo|100/100
|move|p1a: Drifblim|Defog|p2a: Gholdengo
|-immune|p2a: Gholdengo|[from] ability: Good as Gold
|
|upkeep
|turn|6
|
|t:|1779721517
|switch|p1a: Hoopa|Hoopa-Unbound|100/100
|-damage|p1a: Hoopa|88/100|[from] Stealth Rock
|move|p2a: Gholdengo|Shadow Ball|p1a: Hoopa
|-damage|p1a: Hoopa|68/100
|-unboost|p1a: Hoopa|spd|1
|
|upkeep
|turn|7
|
|t:|1779721540
|switch|p2a: Great Tusk|Great Tusk, shiny|100/100
|move|p1a: Hoopa|Future Sight|p2a: Great Tusk
|-start|p1a: Hoopa|move: Future Sight
|
|upkeep
|turn|8
|inactive|m709lkjo has 120 seconds left.
|
|t:|1779721568
|-end|p2a: Great Tusk|Protosynthesis|[silent]
|switch|p2a: Enamorus|Enamorus, F|100/100
|switch|p1a: Drifblim|Drifblim, F|100/100
|
|upkeep
|turn|9
|inactive|m709lkjo has 120 seconds left.
|
|t:|1779721579
|switch|p1a: Corviknight|Corviknight, M|100/100
|-damage|p1a: Corviknight|88/100|[from] Stealth Rock
|move|p2a: Enamorus|Moonblast|p1a: Corviknight
|-resisted|p1a: Corviknight
|-damage|p1a: Corviknight|59/100
|
|-end|p2a: Enamorus|move: Future Sight
|-damage|p2a: Enamorus|9/100
|-heal|p1a: Corviknight|65/100|[from] item: Leftovers
|upkeep
|turn|10
|inactive|m709lkjo has 120 seconds left.
|
|t:|1779721592
|switch|p2a: Great Tusk|Great Tusk, shiny|100/100
|move|p1a: Corviknight|Agility|p1a: Corviknight
|-boost|p1a: Corviknight|spe|2
|
|-heal|p1a: Corviknight|72/100|[from] item: Leftovers
|upkeep
|turn|11
|
|t:|1779721598
|-end|p2a: Great Tusk|Protosynthesis|[silent]
|switch|p2a: Gholdengo|Gholdengo|100/100
|move|p1a: Corviknight|Bulk Up|p1a: Corviknight
|-boost|p1a: Corviknight|atk|1
|-boost|p1a: Corviknight|def|1
|
|-heal|p1a: Corviknight|78/100|[from] item: Leftovers
|upkeep
|turn|12
|
|t:|1779721610
|switch|p1a: Hoopa|Hoopa-Unbound|68/100
|-damage|p1a: Hoopa|56/100|[from] Stealth Rock
|move|p2a: Gholdengo|Trick|p1a: Hoopa
|-activate|p2a: Gholdengo|move: Trick|[of] p1a: Hoopa
|-item|p1a: Hoopa|Choice Scarf|[from] move: Trick
|-item|p2a: Gholdengo|Assault Vest|[from] move: Trick
|
|upkeep
|turn|13
|inactive|m709lkjo has 120 seconds left.
|
|t:|1779721639
|switch|p2a: Great Tusk|Great Tusk, shiny|100/100
|-singleturn|p1a: Hoopa|move: Focus Punch
|move|p1a: Hoopa|Focus Punch|p2a: Great Tusk
|-damage|p2a: Great Tusk|56/100
|
|upkeep
|turn|14
|
|t:|1779721645
|switch|p1a: Drifblim|Drifblim, F|100/100
|move|p2a: Great Tusk|Headlong Rush|p1a: Drifblim
|-immune|p1a: Drifblim
|
|upkeep
|turn|15
|inactive|m709lkjo has 120 seconds left.
|
|t:|1779721657
|-end|p2a: Great Tusk|Protosynthesis|[silent]
|switch|p2a: Gholdengo|Gholdengo|100/100
|switch|p1a: Corviknight|Corviknight, M|78/100
|-damage|p1a: Corviknight|65/100|[from] Stealth Rock
|
|-heal|p1a: Corviknight|72/100|[from] item: Leftovers
|upkeep
|turn|16
|
|t:|1779721661
|move|p2a: Gholdengo|Shadow Ball|p1a: Corviknight
|-damage|p1a: Corviknight|39/100
|move|p1a: Corviknight|Agility|p1a: Corviknight
|-boost|p1a: Corviknight|spe|2
|
|-heal|p1a: Corviknight|45/100|[from] item: Leftovers
|upkeep
|turn|17
|
|t:|1779721667
|move|p1a: Corviknight|Roost|p1a: Corviknight
|-heal|p1a: Corviknight|95/100
|-singleturn|p1a: Corviknight|move: Roost
|move|p2a: Gholdengo|Shadow Ball|p1a: Corviknight
|-damage|p1a: Corviknight|66/100
|
|-heal|p1a: Corviknight|72/100|[from] item: Leftovers
|upkeep
|turn|18
|
|t:|1779721680
|switch|p1a: Kleavor|Kleavor, F|100/100
|-damage|p1a: Kleavor|76/100|[from] Stealth Rock
|switch|p2a: Iron Moth|Iron Moth|100/100
|-enditem|p2a: Iron Moth|Booster Energy
|-activate|p2a: Iron Moth|ability: Quark Drive|[fromitem]
|-start|p2a: Iron Moth|quarkdrivespa
|
|upkeep
|turn|19
|
|t:|1779721690
|move|p1a: Kleavor|Stone Axe|p2a: Iron Moth
|-supereffective|p2a: Iron Moth
|-damage|p2a: Iron Moth|0 fnt
|-sidestart|p2: Cipher07|move: Stealth Rock
|faint|p2a: Iron Moth
|-end|p2a: Iron Moth|Quark Drive|[silent]
|
|upkeep
|-message|Cipher07 forfeited.
|
|win|m709lkjo
|raw|m709lkjo's rating: 1381 &rarr; <strong>1406</strong><br />(+25 for winning)
|raw|Cipher07's rating: 1461 &rarr; <strong>1436</strong><br />(-25 for losing)
|l|☆Cipher07
|player|p2|
|l|☆m709lkjo
|player|p1|
