|j|☆Scuhbee Fluff
|j|☆Apadge0
|t:|1779687183
|gametype|singles
|player|p1|Scuhbee Fluff|swimmerf-gen4dp|1139
|player|p2|Apadge0|lucian|1119
|gen|9
|tier|[Gen 9] OU
|rated|
|rule|HP Percentage Mod: HP is shown in percentages
|rule|Endless Battle Clause: Forcing endless battles is banned
|rule|Species Clause: Limit one of each Pokémon
|rule|OHKO Clause: OHKO moves are banned
|rule|Evasion Items Clause: Evasion items are banned
|rule|Evasion Moves Clause: Evasion moves are banned
|rule|Evasion Abilities Clause: Evasion abilities are banned
|rule|Sleep Moves Clause: Sleep-inducing moves are banned
|clearpoke
|poke|p1|Ninetales-Alola, F|
|poke|p1|Kyurem|
|poke|p1|Weavile, F|
|poke|p1|Mamoswine, M|
|poke|p1|Cloyster, F|
|poke|p1|Slowking-Galar, M|
|poke|p2|Torkoal, F|
|poke|p2|Walking Wake|
|poke|p2|Hatterene, F|
|poke|p2|Alomomola, M|
|poke|p2|Arcanine-Hisui, M|
|poke|p2|Raging Bolt|
|teampreview
|inactive|Battle timer is ON: inactive players will automatically lose when time's up. (requested by Apadge0)
|
|t:|1779687188
|teamsize|p1|6
|teamsize|p2|6
|start
|switch|p1a: Dickhead|Slowking-Galar, M|100/100
|switch|p2a: Torkoal|Torkoal, F|100/100
|-weather|SunnyDay|[from] ability: Drought|[of] p2a: Torkoal
|turn|1
|
|t:|1779687194
|move|p2a: Torkoal|Stealth Rock|p1a: Dickhead
|-sidestart|p1: Scuhbee Fluff|move: Stealth Rock
|move|p1a: Dickhead|Thunder Wave|p2a: Torkoal
|-status|p2a: Torkoal|par
|
|-weather|SunnyDay|[upkeep]
|upkeep
|turn|2
|
|t:|1779687203
|switch|p2a: Arcanine|Arcanine-Hisui, M|100/100
|-prepare|p1a: Dickhead|Chilly Reception|[premajor]
|move|p1a: Dickhead|Chilly Reception|p1a: Dickhead
|-weather|Snowscape
|
|t:|1779687220
|switch|p1a: Spiky|Cloyster, F|100/100|[from] Chilly Reception
|-damage|p1a: Spiky|76/100|[from] Stealth Rock
|
|-weather|Snowscape|[upkeep]
|upkeep
|turn|3
|
|t:|1779687229
|-terastallize|p1a: Spiky|Ground
|move|p2a: Arcanine|Head Smash|p1a: Spiky
|-resisted|p1a: Spiky
|-damage|p1a: Spiky|25/100
|move|p1a: Spiky|Shell Smash|p1a: Spiky
|-unboost|p1a: Spiky|def|1
|-unboost|p1a: Spiky|spd|1
|-boost|p1a: Spiky|atk|2
|-boost|p1a: Spiky|spa|2
|-boost|p1a: Spiky|spe|2
|-enditem|p1a: Spiky|White Herb
|-clearnegativeboost|p1a: Spiky|[silent]
|
|-weather|Snowscape|[upkeep]
|upkeep
|turn|4
|
|t:|1779687241
|switch|p2a: Alomomola|Alomomola, M|100/100
|move|p1a: Spiky|Rock Blast|p2a: Alomomola
|-damage|p2a: Alomomola|93/100
|-damage|p2a: Alomomola|84/100
|-damage|p2a: Alomomola|76/100
|-damage|p2a: Alomomola|68/100
|-damage|p2a: Alomomola|60/100
|-hitcount|p2a: Alomomola|5
|
|-weather|Snowscape|[upkeep]
|upkeep
|turn|5
|
|t:|1779687251
|move|p1a: Spiky|Drill Run|p2a: Alomomola|[miss]
|-miss|p1a: Spiky|p2a: Alomomola
|move|p2a: Alomomola|Flip Turn|p1a: Spiky
|-supereffective|p1a: Spiky
|-damage|p1a: Spiky|0 fnt
|faint|p1a: Spiky
|
|t:|1779687254
|switch|p2a: Torkoal|Torkoal, F|100/100 par|[from] Flip Turn
|-weather|SunnyDay|[from] ability: Drought|[of] p2a: Torkoal
|
|-weather|SunnyDay|[upkeep]
|upkeep
|
|t:|1779687261
|switch|p1a: Fluffy|Ninetales-Alola, F|100/100
|-damage|p1a: Fluffy|76/100|[from] Stealth Rock
|-weather|Snowscape|[from] ability: Snow Warning|[of] p1a: Fluffy
|turn|6
|
|t:|1779687269
|switch|p2a: Arcanine|Arcanine-Hisui, M|100/100
|move|p1a: Fluffy|Aurora Veil|p1a: Fluffy
|-sidestart|p1: Scuhbee Fluff|move: Aurora Veil
|
|-weather|Snowscape|[upkeep]
|upkeep
|turn|7
|
|t:|1779687281
|move|p1a: Fluffy|Freeze-Dry|p2a: Arcanine
|-resisted|p2a: Arcanine
|-damage|p2a: Arcanine|87/100
|move|p2a: Arcanine|Flare Blitz|p1a: Fluffy
|-supereffective|p1a: Fluffy
|-damage|p1a: Fluffy|0 fnt
|faint|p1a: Fluffy
|
|-weather|Snowscape|[upkeep]
|upkeep
|
|t:|1779687290
|switch|p1a: Manny|Mamoswine, M|100/100
|-damage|p1a: Manny|88/100|[from] Stealth Rock
|turn|8
|
|t:|1779687307
|switch|p2a: Torkoal|Torkoal, F|100/100 par
|-weather|SunnyDay|[from] ability: Drought|[of] p2a: Torkoal
|move|p1a: Manny|Trailblaze|p2a: Torkoal
|-resisted|p2a: Torkoal
|-damage|p2a: Torkoal|95/100 par
|-boost|p1a: Manny|spe|1
|
|-weather|SunnyDay|[upkeep]
|upkeep
|turn|9
|
|t:|1779687317
|-terastallize|p2a: Torkoal|Ghost
|move|p1a: Manny|Earthquake|p2a: Torkoal
|-damage|p2a: Torkoal|62/100 par
|cant|p2a: Torkoal|par
|
|-weather|SunnyDay|[upkeep]
|upkeep
|turn|10
|
|t:|1779687324
|switch|p1a: Dickhead|Slowking-Galar, M|100/100
|move|p2a: Torkoal|Lava Plume|p1a: Dickhead
|-damage|p1a: Dickhead|90/100
|
|-weather|SunnyDay|[upkeep]
|upkeep
|turn|11
|
|t:|1779687338
|switch|p2a: Alomomola|Alomomola, M|93/100
|move|p1a: Dickhead|Fire Blast|p2a: Alomomola|[miss]
|-miss|p1a: Dickhead|p2a: Alomomola
|
|-weather|SunnyDay|[upkeep]
|upkeep
|turn|12
|
|t:|1779687346
|move|p2a: Alomomola|Flip Turn|p1a: Dickhead
|-damage|p1a: Dickhead|87/100
|
|t:|1779687352
|switch|p2a: Hatterene|Hatterene, F|100/100|[from] Flip Turn
|move|p1a: Dickhead|Thunder Wave|p2a: Hatterene
|move|p2a: Hatterene|Thunder Wave|p1a: Dickhead|[from] ability: Magic Bounce|[miss]
|-miss|p2a: Hatterene|p1a: Dickhead
|
|-weather|SunnyDay|[upkeep]
|upkeep
|turn|13
|
|t:|1779687365
|move|p2a: Hatterene|Nuzzle|p1a: Dickhead
|-damage|p1a: Dickhead|85/100
|-status|p1a: Dickhead|par
|cant|p1a: Dickhead|par
|
|-weather|SunnyDay|[upkeep]
|-sideend|p1: Scuhbee Fluff|move: Aurora Veil
|upkeep
|turn|14
|
|t:|1779687376
|switch|p2a: Arcanine|Arcanine-Hisui, M|87/100
|cant|p1a: Dickhead|par
|
|-weather|SunnyDay|[upkeep]
|upkeep
|turn|15
|
|t:|1779687384
|move|p2a: Arcanine|Flare Blitz|p1a: Dickhead
|-damage|p1a: Dickhead|0 fnt
|faint|p1a: Dickhead
|
|-weather|none
|upkeep
|-message|Scuhbee Fluff forfeited.
|
|win|Apadge0
|raw|Scuhbee Fluff's rating: 1139 &rarr; <strong>1113</strong><br />(-26 for losing)
|raw|Apadge0's rating: 1119 &rarr; <strong>1145</strong><br />(+26 for winning)
|l|☆Scuhbee Fluff
|player|p1|
|l|☆Apadge0
|player|p2|
