|j|☆jknbi
|j|☆Hunter_of_Keys
|t:|1779660821
|gametype|singles
|player|p1|jknbi|101|1509
|player|p2|Hunter_of_Keys|veteran|1604
|gen|9
|tier|[Gen 9] OU
|rated|
|rule|HP Percentage Mod: HP is shown in percentages
|rule|Endless Battle Clause: Forcing endless battles is banned
|rule|Species Clause: Limit one of each Pokémon
|rule|OHKO Clause: OHKO moves are banned
|rule|Evasion Items Clause: Evasion items are banned
|rule|Evasion Moves Clause: Evasion moves are banned
|rule|Evasion Abilities Clause: Evasion abilities are banned
|rule|Sleep Moves Clause: Sleep-inducing moves are banned
|clearpoke
|poke|p1|Glimmora, M|
|poke|p1|Kingambit, M|
|poke|p1|Darkrai|
|poke|p1|Zamazenta-*|
|poke|p1|Dragonite, M|
|poke|p1|Iron Valiant|
|poke|p2|Gallade, M|
|poke|p2|Armarouge, F|
|poke|p2|Indeedee, M|
|poke|p2|Cresselia, F|
|poke|p2|Rabsca, M|
|poke|p2|Braviary-Hisui, M|
|teampreview
|inactive|Battle timer is ON: inactive players will automatically lose when time's up. (requested by Hunter_of_Keys)
|
|t:|1779660829
|teamsize|p1|6
|teamsize|p2|6
|start
|switch|p1a: Glimmora|Glimmora, M|100/100
|switch|p2a: Gallade|Gallade, M|100/100
|turn|1
|
|t:|1779660834
|move|p1a: Glimmora|Stealth Rock|p2a: Gallade
|-sidestart|p2: Hunter_of_Keys|move: Stealth Rock
|move|p2a: Gallade|Psycho Cut|p1a: Glimmora
|-supereffective|p1a: Glimmora
|-enditem|p1a: Glimmora|Focus Sash
|-damage|p1a: Glimmora|1/100
|-activate|p1a: Glimmora|ability: Toxic Debris
|-sidestart|p2: Hunter_of_Keys|move: Toxic Spikes
|
|upkeep
|turn|2
|
|t:|1779660845
|move|p1a: Glimmora|Earth Power|p2a: Gallade
|-damage|p2a: Gallade|66/100
|move|p2a: Gallade|Psycho Cut|p1a: Glimmora
|-supereffective|p1a: Glimmora
|-damage|p1a: Glimmora|0 fnt
|-activate|p1a: Glimmora|ability: Toxic Debris
|-sidestart|p2: Hunter_of_Keys|move: Toxic Spikes
|faint|p1a: Glimmora
|
|upkeep
|
|t:|1779660856
|switch|p1a: Iron Valiant|Iron Valiant|100/100
|-enditem|p1a: Iron Valiant|Booster Energy
|-activate|p1a: Iron Valiant|ability: Quark Drive|[fromitem]
|-start|p1a: Iron Valiant|quarkdrivespe
|turn|3
|
|t:|1779660866
|switch|p2a: Cresselia|Cresselia, F|100/100
|-damage|p2a: Cresselia|88/100|[from] Stealth Rock
|-terastallize|p1a: Iron Valiant|Ghost
|move|p1a: Iron Valiant|Shadow Ball|p2a: Cresselia
|-supereffective|p2a: Cresselia
|-damage|p2a: Cresselia|43/100
|
|upkeep
|turn|4
|
|t:|1779660869
|move|p1a: Iron Valiant|Shadow Ball|p2a: Cresselia
|-supereffective|p2a: Cresselia
|-damage|p2a: Cresselia|0 fnt
|faint|p2a: Cresselia
|
|upkeep
|
|t:|1779660873
|switch|p2a: Indeedee|Indeedee, M|100/100
|-damage|p2a: Indeedee|88/100|[from] Stealth Rock
|-status|p2a: Indeedee|tox
|-fieldstart|move: Psychic Terrain|[from] ability: Psychic Surge|[of] p2a: Indeedee
|turn|5
|
|t:|1779660877
|move|p1a: Iron Valiant|Shadow Ball|p2a: Indeedee
|-immune|p2a: Indeedee
|move|p2a: Indeedee|Expanding Force|p1a: Iron Valiant
|-damage|p1a: Iron Valiant|0 fnt
|faint|p1a: Iron Valiant
|-end|p1a: Iron Valiant|Quark Drive|[silent]
|
|-damage|p2a: Indeedee|82/100 tox|[from] psn
|upkeep
|
|t:|1779660894
|switch|p1a: Darkrai|Darkrai|100/100
|turn|6
|
|t:|1779660900
|move|p1a: Darkrai|Dark Pulse|p2a: Indeedee
|-supereffective|p2a: Indeedee
|-damage|p2a: Indeedee|0 fnt
|faint|p2a: Indeedee
|-damage|p1a: Darkrai|91/100|[from] item: Life Orb
|
|upkeep
|
|t:|1779660910
|switch|p2a: Gallade|Gallade, M|66/100
|-damage|p2a: Gallade|60/100|[from] Stealth Rock
|-status|p2a: Gallade|tox
|turn|7
|
|t:|1779660923
|-terastallize|p2a: Gallade|Dark
|move|p1a: Darkrai|Sludge Bomb|p2a: Gallade
|-damage|p2a: Gallade|13/100 tox
|-damage|p1a: Darkrai|81/100|[from] item: Life Orb
|move|p2a: Gallade|Sacred Sword|p1a: Darkrai
|-supereffective|p1a: Darkrai
|-crit|p1a: Darkrai
|-damage|p1a: Darkrai|0 fnt
|faint|p1a: Darkrai
|
|-damage|p2a: Gallade|7/100 tox|[from] psn
|upkeep
|
|t:|1779660934
|switch|p1a: Zamazenta|Zamazenta|100/100
|-ability|p1a: Zamazenta|Dauntless Shield|boost
|-boost|p1a: Zamazenta|def|1
|turn|8
|
|t:|1779660937
|switch|p2a: Armarouge|Armarouge, F|100/100
|-damage|p2a: Armarouge|75/100|[from] Stealth Rock
|-status|p2a: Armarouge|tox
|move|p1a: Zamazenta|Body Press|p2a: Armarouge
|-resisted|p2a: Armarouge
|-damage|p2a: Armarouge|50/100 tox
|-ability|p2a: Armarouge|Weak Armor|boost
|-unboost|p2a: Armarouge|def|1
|-boost|p2a: Armarouge|spe|2
|
|-damage|p2a: Armarouge|44/100 tox|[from] psn
|upkeep
|turn|9
|
|t:|1779660953
|move|p2a: Armarouge|Destiny Bond|p2a: Armarouge
|-singlemove|p2a: Armarouge|Destiny Bond
|move|p1a: Zamazenta|Roar|p2a: Armarouge
|drag|p2a: Rabsca|Rabsca, M|100/100
|-damage|p2a: Rabsca|76/100|[from] Stealth Rock
|-status|p2a: Rabsca|tox
|
|-damage|p2a: Rabsca|69/100 tox|[from] psn
|upkeep
|turn|10
|
|t:|1779660963
|move|p1a: Zamazenta|Crunch|p2a: Rabsca
|-supereffective|p2a: Rabsca
|-damage|p2a: Rabsca|31/100 tox
|move|p2a: Rabsca|Revival Blessing|p2a: Rabsca
|-enditem|p2a: Rabsca|Leppa Berry|[eat]
|-activate|p2a: Rabsca|item: Leppa Berry|Revival Blessing|[consumed]
|
|t:|1779660967
|-heal|p2: Indeedee|50/100|[from] move: Revival Blessing
|
|-damage|p2a: Rabsca|19/100 tox|[from] psn
|upkeep
|turn|11
|
|t:|1779660974
|move|p1a: Zamazenta|Crunch|p2a: Rabsca
|-supereffective|p2a: Rabsca
|-damage|p2a: Rabsca|0 fnt
|faint|p2a: Rabsca
|
|upkeep
|
|t:|1779660976
|switch|p2a: Braviary|Braviary-Hisui, M|100/100
|-damage|p2a: Braviary|75/100|[from] Stealth Rock
|-enditem|p2a: Braviary|Psychic Seed
|-boost|p2a: Braviary|spd|1|[from] item: Psychic Seed
|turn|12
|
|t:|1779660982
|move|p1a: Zamazenta|Crunch|p2a: Braviary
|-supereffective|p2a: Braviary
|-damage|p2a: Braviary|43/100
|move|p2a: Braviary|Defog|p1a: Zamazenta
|-unboost|p1a: Zamazenta|evasion|1
|-sideend|p2: Hunter_of_Keys|Toxic Spikes|[from] move: Defog|[of] p2a: Braviary
|-sideend|p2: Hunter_of_Keys|Stealth Rock|[from] move: Defog|[of] p2a: Braviary
|-fieldend|move: Psychic Terrain
|
|upkeep
|turn|13
|
|t:|1779660994
|move|p1a: Zamazenta|Crunch|p2a: Braviary
|-supereffective|p2a: Braviary
|-damage|p2a: Braviary|10/100
|move|p2a: Braviary|Roost|p2a: Braviary
|-heal|p2a: Braviary|60/100
|-singleturn|p2a: Braviary|move: Roost
|
|upkeep
|turn|14
|
|t:|1779661003
|move|p1a: Zamazenta|Iron Defense|p1a: Zamazenta
|-boost|p1a: Zamazenta|def|2
|move|p2a: Braviary|Air Slash|p1a: Zamazenta
|-supereffective|p1a: Zamazenta
|-damage|p1a: Zamazenta|58/100
|
|-heal|p1a: Zamazenta|64/100|[from] item: Leftovers
|upkeep
|turn|15
|
|t:|1779661009
|move|p1a: Zamazenta|Crunch|p2a: Braviary
|-supereffective|p2a: Braviary
|-damage|p2a: Braviary|27/100
|move|p2a: Braviary|Air Slash|p1a: Zamazenta
|-supereffective|p1a: Zamazenta
|-damage|p1a: Zamazenta|21/100
|
|-heal|p1a: Zamazenta|27/100|[from] item: Leftovers
|upkeep
|turn|16
|
|t:|1779661013
|move|p1a: Zamazenta|Crunch|p2a: Braviary
|-supereffective|p2a: Braviary
|-damage|p2a: Braviary|0 fnt
|faint|p2a: Braviary
|
|-heal|p1a: Zamazenta|33/100|[from] item: Leftovers
|upkeep
|
|t:|1779661022
|switch|p2a: Armarouge|Armarouge, F|44/100 tox
|turn|17
|
|t:|1779661029
|move|p1a: Zamazenta|Body Press|p2a: Armarouge
|-resisted|p2a: Armarouge
|-damage|p2a: Armarouge|5/100 tox
|-ability|p2a: Armarouge|Weak Armor|boost
|-unboost|p2a: Armarouge|def|1
|-boost|p2a: Armarouge|spe|2
|move|p2a: Armarouge|Expanding Force|p1a: Zamazenta
|-supereffective|p1a: Zamazenta
|-damage|p1a: Zamazenta|0 fnt
|faint|p1a: Zamazenta
|
|-damage|p2a: Armarouge|0 fnt|[from] psn
|faint|p2a: Armarouge
|upkeep
|
|t:|1779661035
|switch|p1a: Dragonite|Dragonite, M|100/100
|switch|p2a: Indeedee|Indeedee, M|50/100
|-fieldstart|move: Psychic Terrain|[from] ability: Psychic Surge|[of] p2a: Indeedee
|turn|18
|
|t:|1779661040
|move|p2a: Indeedee|Healing Wish|p2a: Indeedee
|faint|p2a: Indeedee
|move|p1a: Dragonite|Earthquake|p2: Indeedee|[notarget]
|-fail|p1a: Dragonite
|
|upkeep
|
|t:|1779661042
|switch|p2a: Gallade|Gallade, M, tera:Dark|7/100 tox
|-heal|p2a: Gallade|100/100|[from] move: Healing Wish
|turn|19
|
|t:|1779661058
|move|p2a: Gallade|Ice Punch|p1a: Dragonite
|-supereffective|p1a: Dragonite
|-damage|p1a: Dragonite|40/100
|move|p1a: Dragonite|Earthquake|p2a: Gallade
|-damage|p2a: Gallade|29/100
|
|upkeep
|turn|20
|
|t:|1779661074
|move|p1a: Dragonite|Extreme Speed|p2a: Gallade
|-activate|p2a: Gallade|move: Psychic Terrain
|move|p2a: Gallade|Ice Punch|p1a: Dragonite
|-supereffective|p1a: Dragonite
|-damage|p1a: Dragonite|0 fnt
|faint|p1a: Dragonite
|
|upkeep
|
|t:|1779661079
|switch|p1a: Kingambit|Kingambit, M|100/100
|-activate|p1a: Kingambit|ability: Supreme Overlord
|-start|p1a: Kingambit|fallen5|[silent]
|turn|21
|
|t:|1779661097
|move|p1a: Kingambit|Sucker Punch|p2a: Gallade
|-activate|p2a: Gallade|move: Psychic Terrain
|move|p2a: Gallade|Sacred Sword|p1a: Kingambit
|-supereffective|p1a: Kingambit
|-damage|p1a: Kingambit|0 fnt
|faint|p1a: Kingambit
|-end|p1a: Kingambit|fallen5|[silent]
|
|win|Hunter_of_Keys
|raw|jknbi's rating: 1509 &rarr; <strong>1494</strong><br />(-15 for losing)
|raw|Hunter_of_Keys's rating: 1604 &rarr; <strong>1619</strong><br />(+15 for winning)
|l|☆Hunter_of_Keys
|player|p2|
|l|☆jknbi
|player|p1|
