|j|☆hobamna
|j|☆rblt ryo
|t:|1779650473
|gametype|singles
|player|p1|hobamna|bugcatcher-gen4dp|1598
|player|p2|rblt ryo|grimsley-gen7|1535
|gen|9
|tier|[Gen 9] OU
|rated|
|rule|HP Percentage Mod: HP is shown in percentages
|rule|Endless Battle Clause: Forcing endless battles is banned
|rule|Species Clause: Limit one of each Pokémon
|rule|OHKO Clause: OHKO moves are banned
|rule|Evasion Items Clause: Evasion items are banned
|rule|Evasion Moves Clause: Evasion moves are banned
|rule|Evasion Abilities Clause: Evasion abilities are banned
|rule|Sleep Moves Clause: Sleep-inducing moves are banned
|clearpoke
|poke|p1|Iron Boulder|
|poke|p1|Gengar, M|
|poke|p1|Samurott-Hisui, F|
|poke|p1|Ninetales-Alola, F|
|poke|p1|Rillaboom, M|
|poke|p1|Hatterene, F|
|poke|p2|Slowking-Galar, F|
|poke|p2|Keldeo-Resolute|
|poke|p2|Ting-Lu|
|poke|p2|Cinderace, F|
|poke|p2|Hydrapple, M|
|poke|p2|Weezing-Galar, F|
|teampreview
|
|t:|1779650493
|teamsize|p1|6
|teamsize|p2|6
|start
|switch|p1a: Dark Horse|Samurott-Hisui, F|100/100
|switch|p2a: Weezing|Weezing-Galar, F|100/100
|turn|1
|
|t:|1779650519
|switch|p1a: Poor Man's Ghold|Gengar, M|100/100
|switch|p2a: Hydrapple|Hydrapple, M|100/100
|
|upkeep
|turn|2
|
|t:|1779650547
|-terastallize|p2a: Hydrapple|Poison
|move|p1a: Poor Man's Ghold|Shadow Ball|p2a: Hydrapple
|-damage|p2a: Hydrapple|70/100
|move|p2a: Hydrapple|Earth Power|p1a: Poor Man's Ghold
|-supereffective|p1a: Poor Man's Ghold
|-damage|p1a: Poor Man's Ghold|0 fnt
|faint|p1a: Poor Man's Ghold
|
|upkeep
|
|t:|1779650563
|switch|p1a: Ninetales|Ninetales-Alola, F|100/100
|-weather|Snowscape|[from] ability: Snow Warning|[of] p1a: Ninetales
|turn|3
|
|t:|1779650570
|switch|p2a: Cinderace|Cinderace, F|100/100
|move|p1a: Ninetales|Aurora Veil|p1a: Ninetales
|-sidestart|p1: hobamna|move: Aurora Veil
|
|-weather|Snowscape|[upkeep]
|upkeep
|turn|4
|
|t:|1779650585
|move|p2a: Cinderace|Will-O-Wisp|p1a: Ninetales
|-status|p1a: Ninetales|brn
|move|p1a: Ninetales|Encore|p2a: Cinderace
|-start|p2a: Cinderace|Encore
|
|-weather|Snowscape|[upkeep]
|-damage|p1a: Ninetales|94/100 brn|[from] brn
|upkeep
|turn|5
|
|t:|1779650597
|switch|p2a: Slowking|Slowking-Galar, F|100/100
|switch|p1a: Realerthanwhom|Rillaboom, M|100/100
|-fieldstart|move: Grassy Terrain|[from] ability: Grassy Surge|[of] p1a: Realerthanwhom
|
|-weather|Snowscape|[upkeep]
|upkeep
|turn|6
|
|t:|1779650650
|switch|p2a: Cinderace|Cinderace, F|100/100
|move|p1a: Realerthanwhom|U-turn|p2a: Cinderace
|-resisted|p2a: Cinderace
|-damage|p2a: Cinderace|78/100
|inactive|Battle timer is ON: inactive players will automatically lose when time's up. (requested by rblt ryo)
|
|t:|1779650656
|switch|p1a: Hat trick|Hatterene, F, shiny|100/100|[from] U-turn
|-enditem|p1a: Hat trick|Grassy Seed
|-boost|p1a: Hat trick|def|1|[from] item: Grassy Seed
|
|-weather|Snowscape|[upkeep]
|-heal|p2a: Cinderace|84/100|[from] Grassy Terrain
|upkeep
|turn|7
|
|t:|1779650668
|move|p2a: Cinderace|Court Change|p2a: Cinderace
|-swapsideconditions
|-activate|p2a: Cinderace|move: Court Change
|move|p1a: Hat trick|Calm Mind|p1a: Hat trick
|-boost|p1a: Hat trick|spa|1
|-boost|p1a: Hat trick|spd|1
|
|-weather|none
|-heal|p2a: Cinderace|90/100|[from] Grassy Terrain
|upkeep
|turn|8
|
|t:|1779650677
|move|p2a: Cinderace|Pyro Ball|p1a: Hat trick
|-damage|p1a: Hat trick|68/100
|move|p1a: Hat trick|Agility|p1a: Hat trick
|-boost|p1a: Hat trick|spe|2
|
|-heal|p2a: Cinderace|96/100|[from] Grassy Terrain
|-heal|p1a: Hat trick|74/100|[from] Grassy Terrain
|upkeep
|turn|9
|
|t:|1779650696
|move|p2a: Cinderace|Pyro Ball|p1a: Hat trick
|-damage|p1a: Hat trick|42/100
|move|p1a: Hat trick|Calm Mind|p1a: Hat trick
|-boost|p1a: Hat trick|spa|1
|-boost|p1a: Hat trick|spd|1
|
|-heal|p2a: Cinderace|100/100|[from] Grassy Terrain
|-heal|p1a: Hat trick|48/100|[from] Grassy Terrain
|-fieldend|move: Grassy Terrain
|upkeep
|turn|10
|
|t:|1779650705
|move|p2a: Cinderace|Pyro Ball|p1a: Hat trick
|-damage|p1a: Hat trick|16/100
|move|p1a: Hat trick|Agility|p1a: Hat trick
|-boost|p1a: Hat trick|spe|2
|
|-sideend|p2: rblt ryo|move: Aurora Veil
|upkeep
|turn|11
|
|t:|1779650712
|move|p1a: Hat trick|Stored Power|p2a: Cinderace
|-damage|p2a: Cinderace|0 fnt
|faint|p2a: Cinderace
|
|upkeep
|
|t:|1779650724
|switch|p2a: Slowking|Slowking-Galar, F|100/100
|turn|12
|
|t:|1779650739
|-terastallize|p1a: Hat trick|Steel
|move|p1a: Hat trick|Calm Mind|p1a: Hat trick
|-boost|p1a: Hat trick|spa|1
|-boost|p1a: Hat trick|spd|1
|move|p2a: Slowking|Sludge Bomb|p1a: Hat trick
|-immune|p1a: Hat trick
|
|upkeep
|turn|13
|
|t:|1779650747
|move|p1a: Hat trick|Stored Power|p2a: Slowking
|-damage|p2a: Slowking|0 fnt
|faint|p2a: Slowking
|
|upkeep
|
|t:|1779650751
|switch|p2a: Keldeo|Keldeo-Resolute|100/100
|turn|14
|
|t:|1779650755
|move|p2a: Keldeo|Vacuum Wave|p1a: Hat trick
|-supereffective|p1a: Hat trick
|-damage|p1a: Hat trick|0 fnt
|faint|p1a: Hat trick
|
|upkeep
|
|t:|1779650771
|switch|p1a: Ninetales|Ninetales-Alola, F|94/100 brn
|-weather|Snowscape|[from] ability: Snow Warning|[of] p1a: Ninetales
|turn|15
|
|t:|1779650795
|switch|p2a: Hydrapple|Hydrapple, M, tera:Poison|100/100
|move|p1a: Ninetales|Aurora Veil|p1a: Ninetales
|-sidestart|p1: hobamna|move: Aurora Veil
|
|-weather|Snowscape|[upkeep]
|-damage|p1a: Ninetales|88/100 brn|[from] brn
|upkeep
|turn|16
|
|t:|1779650808
|switch|p1a: Realerthanwhom|Rillaboom, M|100/100
|-fieldstart|move: Grassy Terrain|[from] ability: Grassy Surge|[of] p1a: Realerthanwhom
|move|p2a: Hydrapple|Giga Drain|p1a: Realerthanwhom
|-resisted|p1a: Realerthanwhom
|-damage|p1a: Realerthanwhom|83/100
|
|-weather|Snowscape|[upkeep]
|-heal|p1a: Realerthanwhom|90/100|[from] Grassy Terrain
|upkeep
|turn|17
|
|t:|1779650819
|switch|p2a: Weezing|Weezing-Galar, F|100/100
|move|p1a: Realerthanwhom|Knock Off|p2a: Weezing
|-resisted|p2a: Weezing
|-damage|p2a: Weezing|81/100
|-damage|p1a: Realerthanwhom|73/100|[from] item: Rocky Helmet|[of] p2a: Weezing
|-enditem|p2a: Weezing|Rocky Helmet|[from] move: Knock Off|[of] p1a: Realerthanwhom
|
|-weather|Snowscape|[upkeep]
|-heal|p1a: Realerthanwhom|79/100|[from] Grassy Terrain
|upkeep
|turn|18
|
|t:|1779650841
|switch|p1a: Ninetales|Ninetales-Alola, F|88/100 brn
|move|p2a: Weezing|Will-O-Wisp|p1a: Ninetales
|-fail|p1a: Ninetales|brn
|
|-weather|Snowscape|[upkeep]
|-heal|p1a: Ninetales|94/100 brn|[from] Grassy Terrain
|-damage|p1a: Ninetales|88/100 brn|[from] brn
|upkeep
|turn|19
|
|t:|1779650855
|switch|p2a: Hydrapple|Hydrapple, M, tera:Poison|100/100
|move|p1a: Ninetales|Freeze-Dry|p2a: Hydrapple
|-damage|p2a: Hydrapple|86/100
|
|-weather|none
|-heal|p1a: Ninetales|94/100 brn|[from] Grassy Terrain
|-heal|p2a: Hydrapple|92/100|[from] Grassy Terrain
|-damage|p1a: Ninetales|88/100 brn|[from] brn
|upkeep
|turn|20
|
|t:|1779650869
|switch|p1a: Realerthanwhom|Rillaboom, M|79/100
|move|p2a: Hydrapple|Giga Drain|p1a: Realerthanwhom
|-resisted|p1a: Realerthanwhom
|-damage|p1a: Realerthanwhom|63/100
|-heal|p2a: Hydrapple|99/100|[from] drain|[of] p1a: Realerthanwhom
|
|-heal|p1a: Realerthanwhom|69/100|[from] Grassy Terrain
|-heal|p2a: Hydrapple|100/100|[from] Grassy Terrain
|-fieldend|move: Grassy Terrain
|upkeep
|turn|21
|
|t:|1779650878
|move|p1a: Realerthanwhom|U-turn|p2a: Hydrapple
|-resisted|p2a: Hydrapple
|-damage|p2a: Hydrapple|87/100
|
|t:|1779650893
|switch|p1a: Ninetales|Ninetales-Alola, F|88/100 brn|[from] U-turn
|-weather|Snowscape|[from] ability: Snow Warning|[of] p1a: Ninetales
|move|p2a: Hydrapple|Giga Drain|p1a: Ninetales
|-damage|p1a: Ninetales|70/100 brn
|-heal|p2a: Hydrapple|95/100|[from] drain|[of] p1a: Ninetales
|
|-weather|Snowscape|[upkeep]
|-damage|p1a: Ninetales|64/100 brn|[from] brn
|upkeep
|turn|22
|inactive|hobamna has 120 seconds left.
|
|t:|1779650915
|move|p1a: Ninetales|Freeze-Dry|p2a: Hydrapple
|-damage|p2a: Hydrapple|81/100
|move|p2a: Hydrapple|Giga Drain|p1a: Ninetales
|-damage|p1a: Ninetales|43/100 brn
|-heal|p2a: Hydrapple|90/100|[from] drain|[of] p1a: Ninetales
|
|-weather|Snowscape|[upkeep]
|-damage|p1a: Ninetales|37/100 brn|[from] brn
|-sideend|p1: hobamna|move: Aurora Veil
|upkeep
|turn|23
|inactive|hobamna has 120 seconds left.
|
|t:|1779650925
|move|p1a: Ninetales|Aurora Veil|p1a: Ninetales
|-sidestart|p1: hobamna|move: Aurora Veil
|move|p2a: Hydrapple|Giga Drain|p1a: Ninetales
|-damage|p1a: Ninetales|19/100 brn
|-heal|p2a: Hydrapple|98/100|[from] drain|[of] p1a: Ninetales
|
|-weather|Snowscape|[upkeep]
|-damage|p1a: Ninetales|13/100 brn|[from] brn
|upkeep
|turn|24
|
|t:|1779650934
|switch|p1a: Realerthanwhom|Rillaboom, M|69/100
|-fieldstart|move: Grassy Terrain|[from] ability: Grassy Surge|[of] p1a: Realerthanwhom
|move|p2a: Hydrapple|Giga Drain|p1a: Realerthanwhom
|-resisted|p1a: Realerthanwhom
|-damage|p1a: Realerthanwhom|53/100
|-heal|p2a: Hydrapple|100/100|[from] drain|[of] p1a: Realerthanwhom
|
|-weather|Snowscape|[upkeep]
|-heal|p1a: Realerthanwhom|59/100|[from] Grassy Terrain
|upkeep
|turn|25
|inactive|hobamna has 120 seconds left.
|
|t:|1779650956
|switch|p2a: Weezing|Weezing-Galar, F|81/100
|move|p1a: Realerthanwhom|Knock Off|p2a: Weezing
|-resisted|p2a: Weezing
|-damage|p2a: Weezing|69/100
|
|-weather|none
|-heal|p1a: Realerthanwhom|65/100|[from] Grassy Terrain
|upkeep
|turn|26
|inactive|hobamna has 120 seconds left.
|
|t:|1779650966
|switch|p1a: Dark Horse|Samurott-Hisui, F|100/100
|move|p2a: Weezing|Defog|p1a: Dark Horse
|-unboost|p1a: Dark Horse|evasion|1
|-sideend|p1: hobamna|move: Aurora Veil
|-fieldend|move: Grassy Terrain
|
|upkeep
|turn|27
|
|t:|1779650974
|move|p1a: Dark Horse|Encore|p2a: Weezing
|-start|p2a: Weezing|Encore
|move|p2a: Weezing|Defog|p1a: Dark Horse
|-unboost|p1a: Dark Horse|evasion|1
|
|upkeep
|turn|28
|
|t:|1779650979
|switch|p2a: Keldeo|Keldeo-Resolute|100/100
|move|p1a: Dark Horse|Ceaseless Edge|p2a: Keldeo
|-resisted|p2a: Keldeo
|-damage|p2a: Keldeo|75/100
|-ability|p2a: Keldeo|Justified|boost
|-boost|p2a: Keldeo|atk|1
|-sidestart|p2: rblt ryo|Spikes
|
|upkeep
|turn|29
|
|t:|1779650990
|move|p2a: Keldeo|Secret Sword|p1a: Dark Horse
|-supereffective|p1a: Dark Horse
|-enditem|p1a: Dark Horse|Focus Sash
|-damage|p1a: Dark Horse|1/100
|move|p1a: Dark Horse|Ceaseless Edge|p2a: Keldeo
|-resisted|p2a: Keldeo
|-damage|p2a: Keldeo|48/100
|-ability|p2a: Keldeo|Justified|boost
|-boost|p2a: Keldeo|atk|1
|-sidestart|p2: rblt ryo|Spikes
|
|upkeep
|turn|30
|
|t:|1779651002
|move|p2a: Keldeo|Secret Sword|p1a: Dark Horse
|-supereffective|p1a: Dark Horse
|-damage|p1a: Dark Horse|0 fnt
|faint|p1a: Dark Horse
|
|upkeep
|inactive|hobamna has 120 seconds left.
|
|t:|1779651020
|switch|p1a: Ninetales|Ninetales-Alola, F|13/100 brn
|-weather|Snowscape|[from] ability: Snow Warning|[of] p1a: Ninetales
|turn|31
|inactive|rblt ryo has 120 seconds left.
|inactive|hobamna has 120 seconds left.
|
|t:|1779651082
|switch|p2a: Ting-Lu|Ting-Lu|100/100
|-damage|p2a: Ting-Lu|84/100|[from] Spikes
|-ability|p2a: Ting-Lu|Vessel of Ruin
|move|p1a: Ninetales|Aurora Veil|p1a: Ninetales
|-sidestart|p1: hobamna|move: Aurora Veil
|
|-weather|Snowscape|[upkeep]
|-heal|p2a: Ting-Lu|90/100|[from] item: Leftovers
|-damage|p1a: Ninetales|7/100 brn|[from] brn
|upkeep
|turn|32
|
|t:|1779651095
|switch|p1a: Realerthanwhom|Rillaboom, M|65/100
|-fieldstart|move: Grassy Terrain|[from] ability: Grassy Surge|[of] p1a: Realerthanwhom
|switch|p2a: Weezing|Weezing-Galar, F|69/100
|
|-weather|Snowscape|[upkeep]
|-heal|p1a: Realerthanwhom|71/100|[from] Grassy Terrain
|upkeep
|turn|33
|inactive|hobamna has 90 seconds left.
|
|t:|1779651114
|move|p1a: Realerthanwhom|Wood Hammer|p2a: Weezing
|-resisted|p2a: Weezing
|-crit|p2a: Weezing
|-damage|p2a: Weezing|0 fnt
|faint|p2a: Weezing
|-damage|p1a: Realerthanwhom|52/100|[from] Recoil
|
|-weather|Snowscape|[upkeep]
|-heal|p1a: Realerthanwhom|58/100|[from] Grassy Terrain
|upkeep
|inactive|rblt ryo has 120 seconds left.
|-message|rblt ryo forfeited.
|
|win|hobamna
|raw|hobamna's rating: 1598 &rarr; <strong>1614</strong><br />(+16 for winning)
|raw|rblt ryo's rating: 1535 &rarr; <strong>1519</strong><br />(-16 for losing)
|l|☆hobamna
|player|p1|
