|j|☆Blackjaw67
|j|☆deathprofessor21
|t:|1779604883
|gametype|singles
|player|p1|Blackjaw67|102|1489
|player|p2|deathprofessor21|102|1558
|gen|9
|tier|[Gen 9] OU
|rated|
|rule|HP Percentage Mod: HP is shown in percentages
|rule|Endless Battle Clause: Forcing endless battles is banned
|rule|Species Clause: Limit one of each Pokémon
|rule|OHKO Clause: OHKO moves are banned
|rule|Evasion Items Clause: Evasion items are banned
|rule|Evasion Moves Clause: Evasion moves are banned
|rule|Evasion Abilities Clause: Evasion abilities are banned
|rule|Sleep Moves Clause: Sleep-inducing moves are banned
|clearpoke
|poke|p1|Kyurem|
|poke|p1|Hatterene, F|
|poke|p1|Darkrai|
|poke|p1|Great Tusk|
|poke|p1|Dragonite, F|
|poke|p1|Gholdengo|
|poke|p2|Dragapult, F|
|poke|p2|Arcanine-Hisui, F|
|poke|p2|Great Tusk|
|poke|p2|Kyurem|
|poke|p2|Hydrapple, F|
|poke|p2|Kingambit, M|
|teampreview
|inactive|Battle timer is ON: inactive players will automatically lose when time's up. (requested by deathprofessor21)
|
|t:|1779604901
|teamsize|p1|6
|teamsize|p2|6
|start
|switch|p1a: Darkrai|Darkrai, shiny|100/100
|switch|p2a: Arcanine|Arcanine-Hisui, F|100/100
|turn|1
|
|t:|1779604922
|move|p1a: Darkrai|Trick|p2a: Arcanine
|-activate|p1a: Darkrai|move: Trick|[of] p2a: Arcanine
|-item|p2a: Arcanine|Choice Scarf|[from] move: Trick
|-item|p1a: Darkrai|Choice Band|[from] move: Trick
|move|p2a: Arcanine|Head Smash|p1a: Darkrai
|-damage|p1a: Darkrai|1/100
|
|upkeep
|turn|2
|
|t:|1779604933
|switch|p2a: Hydrapple|Hydrapple, F|100/100
|switch|p1a: Great Tusk|Great Tusk|100/100
|
|upkeep
|turn|3
|
|t:|1779604944
|-end|p1a: Great Tusk|Protosynthesis|[silent]
|switch|p1a: Kyurem|Kyurem, shiny|100/100
|-ability|p1a: Kyurem|Pressure
|-terastallize|p2a: Hydrapple|Steel
|move|p2a: Hydrapple|Leaf Storm|p1a: Kyurem
|-resisted|p1a: Kyurem
|-damage|p1a: Kyurem|72/100
|-unboost|p2a: Hydrapple|spa|2
|-damage|p2a: Hydrapple|91/100|[from] item: Life Orb
|
|upkeep
|turn|4
|
|t:|1779604954
|move|p1a: Kyurem|Ice Beam|p2a: Hydrapple
|-resisted|p2a: Hydrapple
|-damage|p2a: Hydrapple|68/100
|move|p2a: Hydrapple|Draco Meteor|p1a: Kyurem
|-supereffective|p1a: Kyurem
|-damage|p1a: Kyurem|12/100
|-unboost|p2a: Hydrapple|spa|2
|-damage|p2a: Hydrapple|58/100|[from] item: Life Orb
|
|upkeep
|turn|5
|
|t:|1779604965
|switch|p2a: Arcanine|Arcanine-Hisui, F|100/100
|move|p1a: Kyurem|Earth Power|p2a: Arcanine
|-supereffective|p2a: Arcanine
|-damage|p2a: Arcanine|0 fnt
|faint|p2a: Arcanine
|
|upkeep
|
|t:|1779604988
|switch|p2a: Kingambit|Kingambit, M|100/100
|-activate|p2a: Kingambit|ability: Supreme Overlord
|-start|p2a: Kingambit|fallen1|[silent]
|turn|6
|
|t:|1779604994
|switch|p1a: Great Tusk|Great Tusk|100/100
|move|p2a: Kingambit|Swords Dance|p2a: Kingambit
|-boost|p2a: Kingambit|atk|2
|
|upkeep
|turn|7
|
|t:|1779605007
|move|p1a: Great Tusk|Headlong Rush|p2a: Kingambit
|-supereffective|p2a: Kingambit
|-damage|p2a: Kingambit|26/100
|-unboost|p1a: Great Tusk|def|1
|-unboost|p1a: Great Tusk|spd|1
|move|p2a: Kingambit|Iron Head|p1a: Great Tusk
|-damage|p1a: Great Tusk|14/100
|
|-heal|p1a: Great Tusk|21/100|[from] item: Leftovers
|upkeep
|turn|8
|
|t:|1779605018
|move|p1a: Great Tusk|Stealth Rock|p2a: Kingambit
|-sidestart|p2: deathprofessor21|move: Stealth Rock
|move|p2a: Kingambit|Iron Head|p1a: Great Tusk
|-damage|p1a: Great Tusk|0 fnt
|faint|p1a: Great Tusk
|-end|p1a: Great Tusk|Protosynthesis|[silent]
|
|upkeep
|
|t:|1779605029
|switch|p1a: Darkrai|Darkrai, shiny|1/100
|turn|9
|
|t:|1779605033
|move|p2a: Kingambit|Sucker Punch||[still]
|-fail|p2a: Kingambit
|move|p1a: Darkrai|Trick|p2a: Kingambit
|-activate|p1a: Darkrai|move: Trick|[of] p2a: Kingambit
|-item|p2a: Kingambit|Choice Band|[from] move: Trick
|-item|p1a: Darkrai|Lum Berry|[from] move: Trick
|
|upkeep
|turn|10
|
|t:|1779605046
|move|p1a: Darkrai|Will-O-Wisp|p2a: Kingambit
|-status|p2a: Kingambit|brn
|move|p2a: Kingambit|Iron Head|p1a: Darkrai
|-damage|p1a: Darkrai|0 fnt
|faint|p1a: Darkrai
|
|-damage|p2a: Kingambit|20/100 brn|[from] brn
|upkeep
|
|t:|1779605056
|switch|p1a: Dragonite|Dragonite, F|100/100
|turn|11
|
|t:|1779605059
|move|p1a: Dragonite|Dragon Dance|p1a: Dragonite
|-boost|p1a: Dragonite|atk|1
|-boost|p1a: Dragonite|spe|1
|move|p2a: Kingambit|Iron Head|p1a: Dragonite
|-damage|p1a: Dragonite|62/100
|
|-damage|p2a: Kingambit|14/100 brn|[from] brn
|upkeep
|turn|12
|
|t:|1779605065
|move|p1a: Dragonite|Roost|p1a: Dragonite
|-heal|p1a: Dragonite|100/100
|-singleturn|p1a: Dragonite|move: Roost
|move|p2a: Kingambit|Iron Head|p1a: Dragonite
|-damage|p1a: Dragonite|63/100
|
|-damage|p2a: Kingambit|8/100 brn|[from] brn
|upkeep
|turn|13
|
|t:|1779605073
|move|p1a: Dragonite|Roost|p1a: Dragonite
|-heal|p1a: Dragonite|100/100
|-singleturn|p1a: Dragonite|move: Roost
|move|p2a: Kingambit|Iron Head|p1a: Dragonite
|-damage|p1a: Dragonite|64/100
|
|-damage|p2a: Kingambit|1/100 brn|[from] brn
|upkeep
|turn|14
|
|t:|1779605076
|move|p1a: Dragonite|Roost|p1a: Dragonite
|-heal|p1a: Dragonite|100/100
|-singleturn|p1a: Dragonite|move: Roost
|move|p2a: Kingambit|Iron Head|p1a: Dragonite
|-damage|p1a: Dragonite|63/100
|
|-damage|p2a: Kingambit|0 fnt|[from] brn
|faint|p2a: Kingambit
|-end|p2a: Kingambit|fallen1|[silent]
|upkeep
|
|t:|1779605092
|switch|p2a: Great Tusk|Great Tusk|100/100
|-damage|p2a: Great Tusk|98/100|[from] Stealth Rock
|-enditem|p2a: Great Tusk|Booster Energy
|-activate|p2a: Great Tusk|ability: Protosynthesis|[fromitem]
|-start|p2a: Great Tusk|protosynthesisatk
|turn|15
|
|t:|1779605099
|switch|p1a: Gholdengo|Gholdengo, shiny|100/100
|move|p2a: Great Tusk|Close Combat|p1a: Gholdengo
|-immune|p1a: Gholdengo
|
|upkeep
|turn|16
|
|t:|1779605108
|move|p2a: Great Tusk|Knock Off|p1a: Gholdengo
|-supereffective|p1a: Gholdengo
|-crit|p1a: Gholdengo
|-damage|p1a: Gholdengo|0 fnt
|-enditem|p1a: Gholdengo|Shuca Berry|[from] move: Knock Off|[of] p2a: Great Tusk
|faint|p1a: Gholdengo
|
|upkeep
|
|t:|1779605113
|switch|p1a: Kyurem|Kyurem, shiny|12/100
|-ability|p1a: Kyurem|Pressure
|turn|17
|
|t:|1779605118
|move|p2a: Great Tusk|Rapid Spin|p1a: Kyurem
|-damage|p1a: Kyurem|0 fnt
|-boost|p2a: Great Tusk|spe|1
|-sideend|p2: deathprofessor21|Stealth Rock|[from] move: Rapid Spin|[of] p2a: Great Tusk
|faint|p1a: Kyurem
|
|upkeep
|
|t:|1779605122
|switch|p1a: Hatterene|Hatterene, F, shiny|100/100
|turn|18
|
|t:|1779605129
|move|p2a: Great Tusk|Knock Off|p1a: Hatterene
|-damage|p1a: Hatterene|64/100
|-damage|p2a: Great Tusk|81/100|[from] item: Rocky Helmet|[of] p1a: Hatterene
|-enditem|p1a: Hatterene|Rocky Helmet|[from] move: Knock Off|[of] p2a: Great Tusk
|move|p1a: Hatterene|Draining Kiss|p2a: Great Tusk
|-supereffective|p2a: Great Tusk
|-crit|p2a: Great Tusk
|-damage|p2a: Great Tusk|0 fnt
|-heal|p1a: Hatterene|100/100|[from] drain|[of] p2a: Great Tusk
|faint|p2a: Great Tusk
|-end|p2a: Great Tusk|Protosynthesis|[silent]
|
|upkeep
|
|t:|1779605133
|switch|p2a: Dragapult|Dragapult, F|100/100
|turn|19
|
|t:|1779605149
|move|p2a: Dragapult|Phantom Force||[still]
|-prepare|p2a: Dragapult|Phantom Force
|move|p1a: Hatterene|Draining Kiss|p2a: Dragapult|[miss]
|-miss|p1a: Hatterene|p2a: Dragapult
|
|upkeep
|turn|20
|inactive|Blackjaw67 has 120 seconds left.
|inactive|Blackjaw67 has 90 seconds left.
|
|t:|1779605206
|-terastallize|p1a: Hatterene|Flying
|move|p2a: Dragapult|Phantom Force|p1a: Hatterene|[from] lockedmove
|-damage|p1a: Hatterene|47/100
|move|p1a: Hatterene|Nuzzle|p2a: Dragapult
|-resisted|p2a: Dragapult
|-damage|p2a: Dragapult|98/100
|-status|p2a: Dragapult|par
|
|upkeep
|turn|21
|
|t:|1779605223
|switch|p2a: Hydrapple|Hydrapple, F, tera:Steel|91/100
|move|p1a: Hatterene|Draining Kiss|p2a: Hydrapple
|-resisted|p2a: Hydrapple
|-damage|p2a: Hydrapple|81/100
|-heal|p1a: Hatterene|57/100|[from] drain|[of] p2a: Hydrapple
|
|upkeep
|turn|22
|
|t:|1779605235
|move|p2a: Hydrapple|Fickle Beam|p1a: Hatterene|[anim] Fickle Beam All Out
|-activate|p2a: Hydrapple|move: Fickle Beam
|-damage|p1a: Hatterene|0 fnt
|faint|p1a: Hatterene
|-damage|p2a: Hydrapple|71/100|[from] item: Life Orb
|
|upkeep
|
|t:|1779605241
|switch|p1a: Dragonite|Dragonite, F|63/100
|turn|23
|
|t:|1779605249
|move|p1a: Dragonite|Roost|p1a: Dragonite
|-heal|p1a: Dragonite|100/100
|-singleturn|p1a: Dragonite|move: Roost
|move|p2a: Hydrapple|Fickle Beam|p1a: Dragonite|[anim] Fickle Beam All Out
|-activate|p2a: Hydrapple|move: Fickle Beam
|-supereffective|p1a: Dragonite
|-crit|p1a: Dragonite
|-damage|p1a: Dragonite|0 fnt
|faint|p1a: Dragonite
|-damage|p2a: Hydrapple|61/100|[from] item: Life Orb
|
|win|deathprofessor21
|raw|Blackjaw67's rating: 1489 &rarr; <strong>1473</strong><br />(-16 for losing)
|raw|deathprofessor21's rating: 1558 &rarr; <strong>1574</strong><br />(+16 for winning)
|c|☆Blackjaw67|Boo
|l|☆Blackjaw67
|player|p1|
