|j|☆WintyBird
|j|☆monday2026
|t:|1779684997
|gametype|singles
|player|p1|WintyBird|psychic-gen4|1519
|player|p2|monday2026|2|1591
|gen|9
|tier|[Gen 9] OU
|rated|
|rule|HP Percentage Mod: HP is shown in percentages
|rule|Endless Battle Clause: Forcing endless battles is banned
|rule|Species Clause: Limit one of each Pokémon
|rule|OHKO Clause: OHKO moves are banned
|rule|Evasion Items Clause: Evasion items are banned
|rule|Evasion Moves Clause: Evasion moves are banned
|rule|Evasion Abilities Clause: Evasion abilities are banned
|rule|Sleep Moves Clause: Sleep-inducing moves are banned
|clearpoke
|poke|p1|Walking Wake|
|poke|p1|Great Tusk|
|poke|p1|Ninetales, M|
|poke|p1|Cresselia, F|
|poke|p1|Zarude|
|poke|p1|Ceruledge, F|
|poke|p2|Hoopa-Unbound|
|poke|p2|Regidrago|
|poke|p2|Ditto|
|poke|p2|Dondozo, F|
|poke|p2|Tyranitar, M|
|poke|p2|Iron Hands|
|teampreview
|inactive|Battle timer is ON: inactive players will automatically lose when time's up. (requested by monday2026)
|
|t:|1779685005
|teamsize|p1|6
|teamsize|p2|6
|start
|switch|p1a: Great Tusk|Great Tusk|100/100
|switch|p2a: Hoopa|Hoopa-Unbound|100/100
|turn|1
|
|t:|1779685011
|move|p1a: Great Tusk|Rapid Spin|p2a: Hoopa
|-damage|p2a: Hoopa|70/100
|-boost|p1a: Great Tusk|spe|1
|move|p2a: Hoopa|Psychic|p1a: Great Tusk
|-supereffective|p1a: Great Tusk
|-damage|p1a: Great Tusk|2/100
|
|upkeep
|turn|2
|inactive|monday2026 has 120 seconds left.
|
|t:|1779685048
|switch|p2a: Dondozo|Dondozo, F|100/100
|move|p1a: Great Tusk|Headlong Rush|p2a: Dondozo
|-damage|p2a: Dondozo|58/100
|-unboost|p1a: Great Tusk|def|1
|-unboost|p1a: Great Tusk|spd|1
|
|upkeep
|turn|3
|inactive|monday2026 has 120 seconds left.
|
|t:|1779685055
|-end|p1a: Great Tusk|Protosynthesis|[silent]
|switch|p1a: Cresselia|Cresselia, F|100/100
|move|p2a: Dondozo|Wave Crash|p1a: Cresselia
|-damage|p1a: Cresselia|44/100
|-damage|p2a: Dondozo|42/100|[from] Recoil
|-enditem|p1a: Cresselia|Eject Button
|
|t:|1779685075
|switch|p1a: Zarude|Zarude|100/100
|
|upkeep
|turn|4
|
|t:|1779685089
|switch|p2a: Iron Hands|Iron Hands|100/100
|-enditem|p2a: Iron Hands|Booster Energy
|-activate|p2a: Iron Hands|ability: Quark Drive|[fromitem]
|-start|p2a: Iron Hands|quarkdriveatk
|move|p1a: Zarude|Swords Dance|p1a: Zarude
|-boost|p1a: Zarude|atk|2
|
|upkeep
|turn|5
|
|t:|1779685100
|-terastallize|p1a: Zarude|Poison
|move|p1a: Zarude|Power Whip|p2a: Iron Hands
|-damage|p2a: Iron Hands|34/100
|move|p2a: Iron Hands|Drain Punch|p1a: Zarude
|-resisted|p1a: Zarude
|-damage|p1a: Zarude|73/100
|-heal|p2a: Iron Hands|45/100|[from] drain|[of] p1a: Zarude
|
|-heal|p1a: Zarude|79/100|[from] item: Leftovers
|upkeep
|turn|6
|
|t:|1779685112
|-terastallize|p2a: Iron Hands|Flying
|move|p1a: Zarude|Power Whip|p2a: Iron Hands
|-resisted|p2a: Iron Hands
|-damage|p2a: Iron Hands|12/100
|move|p2a: Iron Hands|Supercell Slam|p1a: Zarude
|-damage|p1a: Zarude|11/100
|
|-heal|p1a: Zarude|17/100|[from] item: Leftovers
|upkeep
|turn|7
|
|t:|1779685127
|move|p1a: Zarude|Knock Off|p2a: Iron Hands
|-damage|p2a: Iron Hands|0 fnt
|faint|p2a: Iron Hands
|-end|p2a: Iron Hands|Quark Drive|[silent]
|
|-heal|p1a: Zarude|23/100|[from] item: Leftovers
|upkeep
|
|t:|1779685129
|switch|p2a: Ditto|Ditto|100/100
|-transform|p2a: Ditto|p1a: Zarude|[from] ability: Imposter
|-start|p2a: Ditto|typechange|Dark/Grass|[silent]
|turn|8
|inactive|WintyBird has 120 seconds left.
|
|t:|1779685186
|switch|p1a: Great Tusk|Great Tusk|2/100
|move|p2a: Ditto|Knock Off|p1a: Great Tusk
|-resisted|p1a: Great Tusk
|-damage|p1a: Great Tusk|0 fnt
|-enditem|p1a: Great Tusk|Assault Vest|[from] move: Knock Off|[of] p2a: Ditto
|faint|p1a: Great Tusk
|-end|p1a: Great Tusk|Protosynthesis|[silent]
|
|upkeep
|inactive|WintyBird has 90 seconds left.
|
|t:|1779685197
|switch|p1a: Ninetales|Ninetales, M|100/100
|-weather|SunnyDay|[from] ability: Drought|[of] p1a: Ninetales
|turn|9
|
|t:|1779685201
|move|p2a: Ditto|Knock Off|p1a: Ninetales
|-damage|p1a: Ninetales|0 fnt
|-enditem|p1a: Ninetales|Heat Rock|[from] move: Knock Off|[of] p2a: Ditto
|faint|p1a: Ninetales
|
|-weather|SunnyDay|[upkeep]
|upkeep
|
|t:|1779685204
|switch|p1a: Walking Wake|Walking Wake|100/100
|-activate|p1a: Walking Wake|ability: Protosynthesis
|-start|p1a: Walking Wake|protosynthesisspe
|turn|10
|
|t:|1779685211
|move|p1a: Walking Wake|Weather Ball|p2a: Ditto
|-supereffective|p2a: Ditto
|-damage|p2a: Ditto|0 fnt
|faint|p2a: Ditto
|
|-weather|SunnyDay|[upkeep]
|upkeep
|
|t:|1779685219
|switch|p2a: Tyranitar|Tyranitar, M|100/100
|-weather|Sandstorm|[from] ability: Sand Stream|[of] p2a: Tyranitar
|-end|p1a: Walking Wake|Protosynthesis
|turn|11
|inactive|WintyBird has 120 seconds left.
|
|t:|1779685246
|-end|p1a: Walking Wake|Protosynthesis|[silent]
|switch|p1a: Cresselia|Cresselia, F|44/100
|move|p2a: Tyranitar|Knock Off|p1a: Cresselia
|-supereffective|p1a: Cresselia
|-damage|p1a: Cresselia|0 fnt
|faint|p1a: Cresselia
|
|-weather|Sandstorm|[upkeep]
|upkeep
|
|t:|1779685250
|switch|p1a: Zarude|Zarude, tera:Poison|23/100
|turn|12
|
|t:|1779685256
|move|p1a: Zarude|Knock Off|p2a: Tyranitar
|-resisted|p2a: Tyranitar
|-damage|p2a: Tyranitar|78/100
|-enditem|p2a: Tyranitar|Assault Vest|[from] move: Knock Off|[of] p1a: Zarude
|move|p2a: Tyranitar|Earthquake|p1a: Zarude
|-supereffective|p1a: Zarude
|-damage|p1a: Zarude|0 fnt
|faint|p1a: Zarude
|
|-weather|Sandstorm|[upkeep]
|upkeep
|
|t:|1779685259
|switch|p1a: Ceruledge|Ceruledge, F|100/100
|-item|p1a: Ceruledge|Air Balloon
|turn|13
|
|t:|1779685266
|switch|p2a: Dondozo|Dondozo, F|42/100
|move|p1a: Ceruledge|Close Combat|p2a: Dondozo
|-damage|p2a: Dondozo|16/100
|-unboost|p1a: Ceruledge|def|1
|-unboost|p1a: Ceruledge|spd|1
|
|-weather|Sandstorm|[upkeep]
|-damage|p1a: Ceruledge|94/100|[from] Sandstorm
|-damage|p2a: Dondozo|9/100|[from] Sandstorm
|upkeep
|turn|14
|
|t:|1779685276
|move|p1a: Ceruledge|Close Combat|p2a: Dondozo
|-damage|p2a: Dondozo|0 fnt
|-unboost|p1a: Ceruledge|def|1
|-unboost|p1a: Ceruledge|spd|1
|faint|p2a: Dondozo
|
|-weather|Sandstorm|[upkeep]
|-damage|p1a: Ceruledge|88/100|[from] Sandstorm
|upkeep
|
|t:|1779685281
|switch|p2a: Regidrago|Regidrago, shiny|100/100
|turn|15
|
|t:|1779685291
|move|p2a: Regidrago|Dragon Energy|p1a: Ceruledge
|-damage|p1a: Ceruledge|0 fnt
|-enditem|p1a: Ceruledge|Air Balloon
|faint|p1a: Ceruledge
|
|-weather|none
|upkeep
|
|t:|1779685293
|switch|p1a: Walking Wake|Walking Wake|100/100
|turn|16
|
|t:|1779685298
|move|p2a: Regidrago|Dragon Energy|p1a: Walking Wake
|-supereffective|p1a: Walking Wake
|-damage|p1a: Walking Wake|0 fnt
|faint|p1a: Walking Wake
|-end|p1a: Walking Wake|Protosynthesis|[silent]
|
|win|monday2026
|raw|WintyBird's rating: 1537 &rarr; <strong>1520</strong><br />(-17 for losing)
|raw|monday2026's rating: 1591 &rarr; <strong>1608</strong><br />(+17 for winning)
|l|☆WintyBird
|player|p1|
|l|☆monday2026
|player|p2|
