|j|☆baodan9113
|j|☆hat_fm
|t:|1779720544
|gametype|singles
|player|p1|baodan9113|steven|1276
|player|p2|hat_fm|pilot|1266
|gen|9
|tier|[Gen 9] OU
|rated|
|rule|HP Percentage Mod: HP is shown in percentages
|rule|Endless Battle Clause: Forcing endless battles is banned
|rule|Species Clause: Limit one of each Pokémon
|rule|OHKO Clause: OHKO moves are banned
|rule|Evasion Items Clause: Evasion items are banned
|rule|Evasion Moves Clause: Evasion moves are banned
|rule|Evasion Abilities Clause: Evasion abilities are banned
|rule|Sleep Moves Clause: Sleep-inducing moves are banned
|clearpoke
|poke|p1|Gholdengo|
|poke|p1|Corviknight, M|
|poke|p1|Kingambit, M|
|poke|p1|Arcanine-Hisui, M|
|poke|p1|Samurott-Hisui, M|
|poke|p1|Landorus-Therian, M|
|poke|p2|Zamazenta-*|
|poke|p2|Ceruledge, M|
|poke|p2|Scizor, M|
|poke|p2|Donphan, F|
|poke|p2|Lycanroc-Dusk, M|
|poke|p2|Florges, F|
|teampreview
|
|t:|1779720552
|teamsize|p1|6
|teamsize|p2|6
|start
|switch|p1a: Samurott|Samurott-Hisui, M|100/100
|switch|p2a: Florges|Florges, F|100/100
|turn|1
|l|☆hat_fm
|player|p2|
|j|☆hat_fm
|player|p2|hat_fm|pilot|
|
|t:|1779720579
|switch|p1a: Gholdengo|Gholdengo|100/100
|move|p2a: Florges|Giga Drain|p1a: Gholdengo
|-resisted|p1a: Gholdengo
|-damage|p1a: Gholdengo|88/100
|
|-heal|p1a: Gholdengo|94/100|[from] item: Leftovers
|upkeep
|turn|2
|
|t:|1779720589
|move|p1a: Gholdengo|Thunder Wave|p2a: Florges
|-status|p2a: Florges|par
|move|p2a: Florges|Calm Mind|p2a: Florges
|-boost|p2a: Florges|spa|1
|-boost|p2a: Florges|spd|1
|
|-heal|p1a: Gholdengo|100/100|[from] item: Leftovers
|upkeep
|turn|3
|
|t:|1779720597
|move|p1a: Gholdengo|Hex|p2a: Florges
|-damage|p2a: Florges|71/100 par
|cant|p2a: Florges|par
|
|-heal|p2a: Florges|77/100 par|[from] item: Leftovers
|upkeep
|turn|4
|
|t:|1779720607
|switch|p1a: Arcanine|Arcanine-Hisui, M, shiny|100/100
|move|p2a: Florges|Calm Mind|p2a: Florges
|-boost|p2a: Florges|spa|1
|-boost|p2a: Florges|spd|1
|
|-heal|p2a: Florges|83/100 par|[from] item: Leftovers
|upkeep
|turn|5
|
|t:|1779720618
|move|p1a: Arcanine|Head Smash|p2a: Florges|[miss]
|-miss|p1a: Arcanine|p2a: Florges
|move|p2a: Florges|Giga Drain|p1a: Arcanine
|-damage|p1a: Arcanine|34/100
|-heal|p2a: Florges|100/100 par|[from] drain|[of] p1a: Arcanine
|
|upkeep
|turn|6
|
|t:|1779720627
|move|p1a: Arcanine|Head Smash|p2a: Florges|[miss]
|-miss|p1a: Arcanine|p2a: Florges
|move|p2a: Florges|Giga Drain|p1a: Arcanine
|-damage|p1a: Arcanine|0 fnt
|faint|p1a: Arcanine
|
|upkeep
|
|t:|1779720637
|switch|p1a: Landorus|Landorus-Therian, M|100/100
|-ability|p1a: Landorus|Intimidate|boost
|-unboost|p2a: Florges|atk|1
|turn|7
|
|t:|1779720643
|move|p1a: Landorus|Earthquake|p2a: Florges
|-damage|p2a: Florges|32/100 par
|move|p2a: Florges|Giga Drain|p1a: Landorus
|-damage|p1a: Landorus|33/100
|-heal|p2a: Florges|65/100 par|[from] drain|[of] p1a: Landorus
|
|-heal|p1a: Landorus|39/100|[from] item: Leftovers
|-heal|p2a: Florges|71/100 par|[from] item: Leftovers
|upkeep
|turn|8
|
|t:|1779720653
|move|p1a: Landorus|Earthquake|p2a: Florges
|-damage|p2a: Florges|3/100 par
|move|p2a: Florges|Giga Drain|p1a: Landorus
|-damage|p1a: Landorus|0 fnt
|-heal|p2a: Florges|21/100 par|[from] drain|[of] p1a: Landorus
|faint|p1a: Landorus
|
|-heal|p2a: Florges|28/100 par|[from] item: Leftovers
|upkeep
|
|t:|1779720665
|switch|p1a: Samurott|Samurott-Hisui, M|100/100
|turn|9
|
|t:|1779720674
|move|p1a: Samurott|Ceaseless Edge|p2a: Florges|[miss]
|-miss|p1a: Samurott|p2a: Florges
|move|p2a: Florges|Giga Drain|p1a: Samurott
|-supereffective|p1a: Samurott
|-damage|p1a: Samurott|24/100
|-heal|p2a: Florges|72/100 par|[from] drain|[of] p1a: Samurott
|
|-heal|p2a: Florges|78/100 par|[from] item: Leftovers
|upkeep
|turn|10
|
|t:|1779720684
|move|p1a: Samurott|Ceaseless Edge|p2a: Florges
|-resisted|p2a: Florges
|-damage|p2a: Florges|51/100 par
|-sidestart|p2: hat_fm|Spikes
|move|p2a: Florges|Giga Drain|p1a: Samurott
|-supereffective|p1a: Samurott
|-damage|p1a: Samurott|0 fnt
|-heal|p2a: Florges|65/100 par|[from] drain|[of] p1a: Samurott
|faint|p1a: Samurott
|
|-heal|p2a: Florges|71/100 par|[from] item: Leftovers
|upkeep
|-message|baodan9113 forfeited.
|
|win|hat_fm
|raw|baodan9113's rating: 1276 &rarr; <strong>1250</strong><br />(-26 for losing)
|raw|hat_fm's rating: 1266 &rarr; <strong>1292</strong><br />(+26 for winning)
|l|☆baodan9113
|player|p1|
|l|☆hat_fm
|player|p2|
