|j|☆JFTM
|j|☆charasganja119
|t:|1779610814
|gametype|singles
|player|p1|JFTM|2|1093
|player|p2|charasganja119|102|1138
|gen|9
|tier|[Gen 9] OU
|rated|
|rule|HP Percentage Mod: HP is shown in percentages
|rule|Endless Battle Clause: Forcing endless battles is banned
|rule|Species Clause: Limit one of each Pokémon
|rule|OHKO Clause: OHKO moves are banned
|rule|Evasion Items Clause: Evasion items are banned
|rule|Evasion Moves Clause: Evasion moves are banned
|rule|Evasion Abilities Clause: Evasion abilities are banned
|rule|Sleep Moves Clause: Sleep-inducing moves are banned
|clearpoke
|poke|p1|Indeedee, M|
|poke|p1|Armarouge, M|
|poke|p1|Goodra-Hisui, M|
|poke|p1|Slowking-Galar, M|
|poke|p1|Electrode-Hisui|
|poke|p1|Klefki, F|
|poke|p2|Okidogi, M|
|poke|p2|Bisharp, F|
|poke|p2|Clefable, F|
|poke|p2|Moltres|
|poke|p2|Haxorus, F|
|poke|p2|Ogerpon-Wellspring, F|
|teampreview
|inactive|Battle timer is ON: inactive players will automatically lose when time's up. (requested by JFTM)
|
|t:|1779610820
|teamsize|p1|6
|teamsize|p2|6
|start
|switch|p1a: Klefki|Klefki, F|100/100
|switch|p2a: Bisharp|Bisharp, F|100/100
|turn|1
|
|t:|1779610827
|move|p1a: Klefki|Spikes|p2a: Bisharp
|-sidestart|p2: charasganja119|Spikes
|move|p2a: Bisharp|Swords Dance|p2a: Bisharp
|-boost|p2a: Bisharp|atk|2
|
|upkeep
|turn|2
|
|t:|1779610832
|move|p1a: Klefki|Thunder Wave|p2a: Bisharp
|-hint|Since gen 7, Dark is immune to Prankster moves.
|-immune|p2a: Bisharp
|move|p2a: Bisharp|Iron Head|p1a: Klefki
|-enditem|p1a: Klefki|Focus Sash
|-damage|p1a: Klefki|1/100
|
|upkeep
|turn|3
|
|t:|1779610837
|move|p2a: Bisharp|Sucker Punch||[still]
|-fail|p2a: Bisharp
|move|p1a: Klefki|Spikes|p2a: Bisharp
|-sidestart|p2: charasganja119|Spikes
|
|upkeep
|turn|4
|
|t:|1779610843
|move|p1a: Klefki|Spikes|p2a: Bisharp
|-sidestart|p2: charasganja119|Spikes
|move|p2a: Bisharp|Brick Break|p1a: Klefki
|-damage|p1a: Klefki|0 fnt
|faint|p1a: Klefki
|
|upkeep
|
|t:|1779610851
|switch|p1a: Goodra|Goodra-Hisui, M|100/100
|turn|5
|
|t:|1779610857
|move|p2a: Bisharp|Brick Break|p1a: Goodra
|-supereffective|p1a: Goodra
|-damage|p1a: Goodra|12/100
|move|p1a: Goodra|Dragon Tail|p2a: Bisharp
|-resisted|p2a: Bisharp
|-damage|p2a: Bisharp|91/100
|drag|p2a: Moltres|Moltres|100/100
|
|upkeep
|turn|6
|
|t:|1779610879
|switch|p1a: Slowking|Slowking-Galar, M|100/100
|move|p2a: Moltres|Flamethrower|p1a: Slowking
|-damage|p1a: Slowking|71/100
|
|upkeep
|turn|7
|
|t:|1779610886
|move|p2a: Moltres|U-turn|p1a: Slowking
|-damage|p1a: Slowking|59/100
|
|t:|1779610892
|switch|p2a: Bisharp|Bisharp, F|91/100|[from] U-turn
|-damage|p2a: Bisharp|66/100|[from] Spikes
|move|p1a: Slowking|Surf|p2a: Bisharp
|-damage|p2a: Bisharp|39/100
|
|upkeep
|turn|8
|
|t:|1779610914
|switch|p1a: Indeedee|Indeedee, M|100/100
|-fieldstart|move: Psychic Terrain|[from] ability: Psychic Surge|[of] p1a: Indeedee
|move|p2a: Bisharp|Sucker Punch||[still]
|-fail|p2a: Bisharp
|
|upkeep
|turn|9
|
|t:|1779610929
|move|p2a: Bisharp|Swords Dance|p2a: Bisharp
|-boost|p2a: Bisharp|atk|2
|move|p1a: Indeedee|Draining Kiss|p2a: Bisharp
|-damage|p2a: Bisharp|22/100
|
|upkeep
|turn|10
|
|t:|1779610935
|move|p1a: Indeedee|Protect|p1a: Indeedee
|-singleturn|p1a: Indeedee|Protect
|move|p2a: Bisharp|Brick Break|p1a: Indeedee
|-activate|p1a: Indeedee|move: Protect
|
|upkeep
|turn|11
|
|t:|1779610946
|move|p2a: Bisharp|Brick Break|p1a: Indeedee
|-damage|p1a: Indeedee|0 fnt
|faint|p1a: Indeedee
|
|upkeep
|
|t:|1779610954
|switch|p1a: Electrode|Electrode-Hisui, shiny|100/100
|turn|12
|
|t:|1779610963
|move|p1a: Electrode|Volt Switch|p2a: Bisharp
|-damage|p2a: Bisharp|0 fnt
|faint|p2a: Bisharp
|
|t:|1779610969
|switch|p1a: Slowking|Slowking-Galar, M|92/100|[from] Volt Switch
|
|upkeep
|
|t:|1779610978
|switch|p2a: Haxorus|Haxorus, F|100/100
|-damage|p2a: Haxorus|76/100|[from] Spikes
|-ability|p2a: Haxorus|Mold Breaker
|turn|13
|
|t:|1779610986
|move|p2a: Haxorus|Earthquake|p1a: Slowking
|-supereffective|p1a: Slowking
|-damage|p1a: Slowking|29/100
|move|p1a: Slowking|Blizzard|p2a: Haxorus
|-supereffective|p2a: Haxorus
|-damage|p2a: Haxorus|0 fnt
|faint|p2a: Haxorus
|
|upkeep
|
|t:|1779610996
|switch|p2a: Clefable|Clefable, F|100/100
|-damage|p2a: Clefable|75/100|[from] Spikes
|turn|14
|
|t:|1779611007
|switch|p1a: Goodra|Goodra-Hisui, M|12/100
|move|p2a: Clefable|Calm Mind|p2a: Clefable
|-boost|p2a: Clefable|spa|1
|-boost|p2a: Clefable|spd|1
|
|-heal|p2a: Clefable|82/100|[from] item: Leftovers
|upkeep
|turn|15
|
|t:|1779611020
|move|p2a: Clefable|Moonblast|p1a: Goodra
|-damage|p1a: Goodra|0 fnt
|faint|p1a: Goodra
|
|-heal|p2a: Clefable|88/100|[from] item: Leftovers
|-fieldend|move: Psychic Terrain
|upkeep
|
|t:|1779611027
|switch|p1a: Electrode|Electrode-Hisui, shiny|100/100
|turn|16
|
|t:|1779611037
|move|p1a: Electrode|Thunder Wave|p2a: Clefable
|-status|p2a: Clefable|par
|move|p2a: Clefable|Calm Mind|p2a: Clefable
|-boost|p2a: Clefable|spa|1
|-boost|p2a: Clefable|spd|1
|-enditem|p1a: Electrode|Mirror Herb
|-boost|p1a: Electrode|spa|1|[from] item: Mirror Herb
|-boost|p1a: Electrode|spd|1|[from] item: Mirror Herb
|
|-heal|p2a: Clefable|94/100 par|[from] item: Leftovers
|upkeep
|turn|17
|
|t:|1779611059
|move|p1a: Electrode|Leech Seed|p2a: Clefable
|-start|p2a: Clefable|move: Leech Seed
|move|p2a: Clefable|Calm Mind|p2a: Clefable
|-boost|p2a: Clefable|spa|1
|-boost|p2a: Clefable|spd|1
|
|-heal|p2a: Clefable|99/100 par|[from] item: Leftovers
|-damage|p2a: Clefable|88/100 par|[from] Leech Seed|[of] p1a: Electrode
|upkeep
|turn|18
|
|t:|1779611066
|move|p1a: Electrode|Energy Ball|p2a: Clefable
|-damage|p2a: Clefable|75/100 par
|move|p2a: Clefable|Stored Power|p1a: Electrode
|-damage|p1a: Electrode|0 fnt
|faint|p1a: Electrode
|
|-heal|p2a: Clefable|82/100 par|[from] item: Leftovers
|upkeep
|
|t:|1779611075
|switch|p1a: Armarouge|Armarouge, M|100/100
|turn|19
|
|t:|1779611081
|move|p1a: Armarouge|Clear Smog|p2a: Clefable
|-supereffective|p2a: Clefable
|-damage|p2a: Clefable|61/100 par
|-clearboost|p2a: Clefable
|move|p2a: Clefable|Moonlight|p2a: Clefable
|-heal|p2a: Clefable|100/100 par
|
|-damage|p2a: Clefable|88/100 par|[from] Leech Seed|[of] p1a: Armarouge
|upkeep
|turn|20
|
|t:|1779611089
|switch|p1a: Slowking|Slowking-Galar, M|62/100
|move|p2a: Clefable|Moonblast|p1a: Slowking
|-resisted|p1a: Slowking
|-damage|p1a: Slowking|47/100
|
|-heal|p2a: Clefable|94/100 par|[from] item: Leftovers
|-damage|p2a: Clefable|82/100 par|[from] Leech Seed|[of] p1a: Slowking
|-heal|p1a: Slowking|58/100|[silent]
|upkeep
|turn|21
|
|t:|1779611096
|move|p1a: Slowking|Light Screen|p1a: Slowking
|-sidestart|p1: JFTM|move: Light Screen
|move|p2a: Clefable|Calm Mind|p2a: Clefable
|-boost|p2a: Clefable|spa|1
|-boost|p2a: Clefable|spd|1
|
|-heal|p2a: Clefable|88/100 par|[from] item: Leftovers
|-damage|p2a: Clefable|76/100 par|[from] Leech Seed|[of] p1a: Slowking
|-heal|p1a: Slowking|69/100|[silent]
|upkeep
|turn|22
|
|t:|1779611099
|move|p1a: Slowking|Expanding Force|p2a: Clefable
|-damage|p2a: Clefable|56/100 par
|cant|p2a: Clefable|par
|
|-heal|p2a: Clefable|63/100 par|[from] item: Leftovers
|-damage|p2a: Clefable|50/100 par|[from] Leech Seed|[of] p1a: Slowking
|-heal|p1a: Slowking|81/100|[silent]
|upkeep
|turn|23
|
|t:|1779611105
|move|p1a: Slowking|Blizzard|p2a: Clefable|[miss]
|-miss|p1a: Slowking|p2a: Clefable
|move|p2a: Clefable|Moonlight|p2a: Clefable
|-heal|p2a: Clefable|99/100 par
|
|-heal|p2a: Clefable|100/100 par|[from] item: Leftovers
|-damage|p2a: Clefable|88/100 par|[from] Leech Seed|[of] p1a: Slowking
|-heal|p1a: Slowking|92/100|[silent]
|upkeep
|turn|24
|
|t:|1779611110
|move|p1a: Slowking|Blizzard|p2a: Clefable|[miss]
|-miss|p1a: Slowking|p2a: Clefable
|move|p2a: Clefable|Calm Mind|p2a: Clefable
|-boost|p2a: Clefable|spa|1
|-boost|p2a: Clefable|spd|1
|
|-heal|p2a: Clefable|94/100 par|[from] item: Leftovers
|-damage|p2a: Clefable|82/100 par|[from] Leech Seed|[of] p1a: Slowking
|-heal|p1a: Slowking|100/100|[silent]
|upkeep
|turn|25
|
|t:|1779611115
|move|p1a: Slowking|Blizzard|p2a: Clefable|[miss]
|-miss|p1a: Slowking|p2a: Clefable
|move|p2a: Clefable|Calm Mind|p2a: Clefable
|-boost|p2a: Clefable|spa|1
|-boost|p2a: Clefable|spd|1
|
|-heal|p2a: Clefable|88/100 par|[from] item: Leftovers
|-damage|p2a: Clefable|76/100 par|[from] Leech Seed|[of] p1a: Slowking
|-sideend|p1: JFTM|move: Light Screen
|upkeep
|turn|26
|
|t:|1779611124
|move|p1a: Slowking|Surf|p2a: Clefable
|-damage|p2a: Clefable|67/100 par
|move|p2a: Clefable|Stored Power|p1a: Slowking
|-damage|p1a: Slowking|28/100
|
|-heal|p2a: Clefable|73/100 par|[from] item: Leftovers
|-damage|p2a: Clefable|61/100 par|[from] Leech Seed|[of] p1a: Slowking
|-heal|p1a: Slowking|40/100|[silent]
|upkeep
|turn|27
|
|t:|1779611133
|switch|p1a: Armarouge|Armarouge, M|100/100
|move|p2a: Clefable|Stored Power|p1a: Armarouge
|-resisted|p1a: Armarouge
|-damage|p1a: Armarouge|45/100
|
|-heal|p2a: Clefable|67/100 par|[from] item: Leftovers
|-damage|p2a: Clefable|55/100 par|[from] Leech Seed|[of] p1a: Armarouge
|-heal|p1a: Armarouge|58/100|[silent]
|upkeep
|turn|28
|
|t:|1779611154
|move|p1a: Armarouge|Armor Cannon|p2a: Clefable
|-damage|p2a: Clefable|18/100 par
|-unboost|p1a: Armarouge|def|1
|-unboost|p1a: Armarouge|spd|1
|move|p2a: Clefable|Moonblast|p1a: Armarouge
|-resisted|p1a: Armarouge
|-damage|p1a: Armarouge|5/100
|
|-heal|p2a: Clefable|24/100 par|[from] item: Leftovers
|-damage|p2a: Clefable|12/100 par|[from] Leech Seed|[of] p1a: Armarouge
|-heal|p1a: Armarouge|18/100|[silent]
|upkeep
|turn|29
|
|t:|1779611162
|move|p1a: Armarouge|Armor Cannon|p2a: Clefable
|-damage|p2a: Clefable|0 fnt
|-unboost|p1a: Armarouge|def|1
|-unboost|p1a: Armarouge|spd|1
|faint|p2a: Clefable
|
|upkeep
|
|t:|1779611180
|switch|p2a: Moltres|Moltres|100/100
|turn|30
|
|t:|1779611186
|move|p2a: Moltres|Air Slash|p1a: Armarouge
|-damage|p1a: Armarouge|0 fnt
|faint|p1a: Armarouge
|
|upkeep
|
|t:|1779611188
|switch|p1a: Slowking|Slowking-Galar, M|73/100
|turn|31
|
|t:|1779611194
|move|p2a: Moltres|U-turn|p1a: Slowking
|-damage|p1a: Slowking|61/100
|
|t:|1779611196
|switch|p2a: Okidogi|Okidogi, M|100/100|[from] U-turn
|-damage|p2a: Okidogi|76/100|[from] Spikes
|move|p1a: Slowking|Surf|p2a: Okidogi
|-crit|p2a: Okidogi
|-damage|p2a: Okidogi|51/100
|
|upkeep
|turn|32
|
|t:|1779611200
|move|p2a: Okidogi|High Horsepower|p1a: Slowking
|-supereffective|p1a: Slowking
|-damage|p1a: Slowking|4/100
|move|p1a: Slowking|Expanding Force|p2a: Okidogi
|-supereffective|p2a: Okidogi
|-damage|p2a: Okidogi|0 fnt
|faint|p2a: Okidogi
|
|upkeep
|
|t:|1779611205
|switch|p2a: Ogerpon|Ogerpon-Wellspring, F|100/100
|-damage|p2a: Ogerpon|76/100|[from] Spikes
|turn|33
|
|t:|1779611211
|move|p2a: Ogerpon|Ivy Cudgel|p1a: Slowking|[anim] Ivy Cudgel Water
|-damage|p1a: Slowking|0 fnt
|faint|p1a: Slowking
|
|win|charasganja119
|raw|JFTM's rating: 1093 &rarr; <strong>1072</strong><br />(-21 for losing)
|raw|charasganja119's rating: 1138 &rarr; <strong>1160</strong><br />(+22 for winning)
|l|☆JFTM
|player|p1|
