|j|☆jinmuyan000777
|j|☆Pokemon blodown
|t:|1779716432
|gametype|singles
|player|p1|jinmuyan000777|1|1157
|player|p2|Pokemon blodown|170|1151
|gen|9
|tier|[Gen 9] OU
|rated|
|rule|HP Percentage Mod: HP is shown in percentages
|rule|Endless Battle Clause: Forcing endless battles is banned
|rule|Species Clause: Limit one of each Pokémon
|rule|OHKO Clause: OHKO moves are banned
|rule|Evasion Items Clause: Evasion items are banned
|rule|Evasion Moves Clause: Evasion moves are banned
|rule|Evasion Abilities Clause: Evasion abilities are banned
|rule|Sleep Moves Clause: Sleep-inducing moves are banned
|clearpoke
|poke|p1|Pelipper, M|
|poke|p1|Blastoise, F|
|poke|p1|Barraskewda, M|
|poke|p1|Serperior, M|
|poke|p1|Blissey, F|
|poke|p1|Pecharunt|
|poke|p2|Clefable, M|
|poke|p2|Iron Treads|
|poke|p2|Vileplume, M|
|poke|p2|Tauros-Paldea-Aqua, M|
|poke|p2|Mismagius, F|
|poke|p2|Grimmsnarl, M|
|teampreview
|inactive|Battle timer is ON: inactive players will automatically lose when time's up. (requested by Pokemon blodown)
|
|t:|1779716442
|teamsize|p1|6
|teamsize|p2|6
|start
|switch|p1a: Pelipper|Pelipper, M|100/100
|switch|p2a: Tauros|Tauros-Paldea-Aqua, M|100/100
|-ability|p2a: Tauros|Intimidate|boost
|-unboost|p1a: Pelipper|atk|1
|-weather|RainDance|[from] ability: Drizzle|[of] p1a: Pelipper
|turn|1
|
|t:|1779716451
|switch|p1a: Pecharunt|Pecharunt|100/100
|move|p2a: Tauros|Wild Charge|p1a: Pecharunt
|-damage|p1a: Pecharunt|87/100
|-damage|p2a: Tauros|96/100|[from] Recoil
|
|-weather|RainDance|[upkeep]
|upkeep
|turn|2
|
|t:|1779716465
|switch|p2a: Iron Treads|Iron Treads|100/100
|move|p1a: Pecharunt|Malignant Chain|p2a: Iron Treads
|-immune|p2a: Iron Treads
|
|-weather|RainDance|[upkeep]
|upkeep
|turn|3
|
|t:|1779716476
|switch|p1a: Barraskewda|Barraskewda, M|100/100
|move|p2a: Iron Treads|Stealth Rock|p1a: Barraskewda
|-sidestart|p1: jinmuyan000777|move: Stealth Rock
|
|-weather|RainDance|[upkeep]
|upkeep
|turn|4
|
|t:|1779716485
|-end|p2a: Iron Treads|Quark Drive|[silent]
|switch|p2a: Vileplume|Vileplume, M|100/100
|move|p1a: Barraskewda|Liquidation|p2a: Vileplume
|-resisted|p2a: Vileplume
|-damage|p2a: Vileplume|58/100
|-damage|p1a: Barraskewda|84/100|[from] item: Rocky Helmet|[of] p2a: Vileplume
|-status|p1a: Barraskewda|par|[from] ability: Effect Spore|[of] p2a: Vileplume
|
|-weather|RainDance|[upkeep]
|upkeep
|turn|5
|
|t:|1779716496
|move|p1a: Barraskewda|Liquidation|p2a: Vileplume
|-resisted|p2a: Vileplume
|-damage|p2a: Vileplume|19/100
|-damage|p1a: Barraskewda|67/100 par|[from] item: Rocky Helmet|[of] p2a: Vileplume
|move|p2a: Vileplume|Leaf Storm|p1a: Barraskewda
|-supereffective|p1a: Barraskewda
|-crit|p1a: Barraskewda
|-damage|p1a: Barraskewda|0 fnt
|-unboost|p2a: Vileplume|spa|2
|faint|p1a: Barraskewda
|
|-weather|RainDance|[upkeep]
|upkeep
|
|t:|1779716511
|switch|p1a: Serperior|Serperior, M|100/100
|turn|6
|
|t:|1779716525
|move|p1a: Serperior|Leaf Storm|p2a: Vileplume
|-resisted|p2a: Vileplume
|-damage|p2a: Vileplume|9/100
|-boost|p1a: Serperior|spa|2
|move|p2a: Vileplume|Sludge Bomb|p1a: Serperior
|-supereffective|p1a: Serperior
|-damage|p1a: Serperior|68/100
|-status|p1a: Serperior|psn
|
|-weather|RainDance|[upkeep]
|-damage|p1a: Serperior|56/100 psn|[from] psn
|upkeep
|turn|7
|
|t:|1779716541
|move|p1a: Serperior|Leaf Storm|p2a: Vileplume
|-resisted|p2a: Vileplume
|-crit|p2a: Vileplume
|-damage|p2a: Vileplume|0 fnt
|-boost|p1a: Serperior|spa|2
|faint|p2a: Vileplume
|
|-weather|RainDance|[upkeep]
|-damage|p1a: Serperior|43/100 psn|[from] psn
|upkeep
|
|t:|1779716544
|switch|p2a: Grimmsnarl|Grimmsnarl, M|100/100
|turn|8
|
|t:|1779716559
|move|p2a: Grimmsnarl|Fake Out|p1a: Serperior
|-damage|p1a: Serperior|25/100 psn
|-damage|p2a: Grimmsnarl|91/100|[from] item: Life Orb
|cant|p1a: Serperior|flinch
|
|-weather|none
|-damage|p1a: Serperior|13/100 psn|[from] psn
|upkeep
|turn|9
|
|t:|1779716568
|move|p2a: Grimmsnarl|Sucker Punch|p1a: Serperior
|-damage|p1a: Serperior|0 fnt
|faint|p1a: Serperior
|-damage|p2a: Grimmsnarl|81/100|[from] item: Life Orb
|
|upkeep
|c|☆Pokemon blodown|:)
|inactive|jinmuyan000777 has 120 seconds left.
|
|t:|1779716596
|switch|p1a: Pelipper|Pelipper, M|100/100
|-damage|p1a: Pelipper|75/100|[from] Stealth Rock
|-weather|RainDance|[from] ability: Drizzle|[of] p1a: Pelipper
|turn|10
|
|t:|1779716603
|move|p2a: Grimmsnarl|Parting Shot|p1a: Pelipper
|-unboost|p1a: Pelipper|atk|1
|-unboost|p1a: Pelipper|spa|1
|
|t:|1779716616
|switch|p2a: Tauros|Tauros-Paldea-Aqua, M|96/100|[from] Parting Shot
|-ability|p2a: Tauros|Intimidate|boost
|-unboost|p1a: Pelipper|atk|1
|move|p1a: Pelipper|U-turn|p2a: Tauros
|-resisted|p2a: Tauros
|-damage|p2a: Tauros|94/100
|
|t:|1779716624
|switch|p1a: Blastoise|Blastoise, F|100/100|[from] U-turn
|-damage|p1a: Blastoise|88/100|[from] Stealth Rock
|
|-weather|RainDance|[upkeep]
|-heal|p1a: Blastoise|94/100|[from] ability: Rain Dish
|upkeep
|turn|11
|
|t:|1779716634
|-terastallize|p1a: Blastoise|Dragon
|move|p2a: Tauros|Wild Charge|p1a: Blastoise
|-resisted|p1a: Blastoise
|-damage|p1a: Blastoise|78/100
|-damage|p2a: Tauros|90/100|[from] Recoil
|move|p1a: Blastoise|Shell Smash|p1a: Blastoise
|-unboost|p1a: Blastoise|def|1
|-unboost|p1a: Blastoise|spd|1
|-boost|p1a: Blastoise|atk|2
|-boost|p1a: Blastoise|spa|2
|-boost|p1a: Blastoise|spe|2
|-enditem|p1a: Blastoise|White Herb
|-clearnegativeboost|p1a: Blastoise|[silent]
|
|-weather|RainDance|[upkeep]
|-heal|p1a: Blastoise|84/100|[from] ability: Rain Dish
|upkeep
|turn|12
|
|t:|1779716650
|switch|p2a: Mismagius|Mismagius, F|100/100
|move|p1a: Blastoise|Water Spout|p2a: Mismagius
|-damage|p2a: Mismagius|0 fnt
|faint|p2a: Mismagius
|
|-weather|RainDance|[upkeep]
|-heal|p1a: Blastoise|90/100|[from] ability: Rain Dish
|upkeep
|
|t:|1779716654
|switch|p2a: Grimmsnarl|Grimmsnarl, M|81/100
|turn|13
|
|t:|1779716663
|move|p2a: Grimmsnarl|Fake Out|p1a: Blastoise
|-damage|p1a: Blastoise|69/100
|-damage|p2a: Grimmsnarl|71/100|[from] item: Life Orb
|cant|p1a: Blastoise|flinch
|
|-weather|RainDance|[upkeep]
|-heal|p1a: Blastoise|75/100|[from] ability: Rain Dish
|upkeep
|turn|14
|
|t:|1779716672
|move|p2a: Grimmsnarl|Thunder Wave|p1a: Blastoise
|-status|p1a: Blastoise|par
|move|p1a: Blastoise|Water Spout|p2a: Grimmsnarl
|-damage|p2a: Grimmsnarl|0 fnt
|faint|p2a: Grimmsnarl
|
|-weather|RainDance|[upkeep]
|-heal|p1a: Blastoise|81/100 par|[from] ability: Rain Dish
|upkeep
|
|t:|1779716682
|switch|p2a: Clefable|Clefable, M|100/100
|turn|15
|
|t:|1779716687
|-terastallize|p2a: Clefable|Steel
|move|p1a: Blastoise|Water Spout|p2a: Clefable
|-damage|p2a: Clefable|0 fnt
|faint|p2a: Clefable
|
|-weather|RainDance|[upkeep]
|-heal|p1a: Blastoise|87/100 par|[from] ability: Rain Dish
|upkeep
|
|t:|1779716693
|switch|p2a: Tauros|Tauros-Paldea-Aqua, M|90/100
|-ability|p2a: Tauros|Intimidate|boost
|-unboost|p1a: Blastoise|atk|1
|turn|16
|
|t:|1779716700
|move|p2a: Tauros|Close Combat|p1a: Blastoise
|-damage|p1a: Blastoise|14/100 par
|-unboost|p2a: Tauros|def|1
|-unboost|p2a: Tauros|spd|1
|move|p1a: Blastoise|Surf|p2a: Tauros
|-resisted|p2a: Tauros
|-damage|p2a: Tauros|0 fnt
|faint|p2a: Tauros
|
|-weather|RainDance|[upkeep]
|-heal|p1a: Blastoise|20/100 par|[from] ability: Rain Dish
|upkeep
|
|t:|1779716703
|switch|p2a: Iron Treads|Iron Treads|100/100
|turn|17
|
|t:|1779716715
|move|p1a: Blastoise|Surf|p2a: Iron Treads
|-supereffective|p2a: Iron Treads
|-damage|p2a: Iron Treads|0 fnt
|faint|p2a: Iron Treads
|-end|p2a: Iron Treads|Quark Drive|[silent]
|
|win|jinmuyan000777
|raw|jinmuyan000777's rating: 1157 &rarr; <strong>1182</strong><br />(+25 for winning)
|raw|Pokemon blodown's rating: 1151 &rarr; <strong>1126</strong><br />(-25 for losing)
|c|☆Pokemon blodown|Gg
|c|☆Pokemon blodown|:)
|l|☆jinmuyan000777
|player|p1|
|l|☆Pokemon blodown
|player|p2|
