|j|☆archen444
|j|☆Metal_In_Microwave
|t:|1779651133
|gametype|singles
|player|p1|archen444|shauntal|1459
|player|p2|Metal_In_Microwave|266|1433
|gen|9
|tier|[Gen 9] OU
|rated|
|rule|HP Percentage Mod: HP is shown in percentages
|rule|Endless Battle Clause: Forcing endless battles is banned
|rule|Species Clause: Limit one of each Pokémon
|rule|OHKO Clause: OHKO moves are banned
|rule|Evasion Items Clause: Evasion items are banned
|rule|Evasion Moves Clause: Evasion moves are banned
|rule|Evasion Abilities Clause: Evasion abilities are banned
|rule|Sleep Moves Clause: Sleep-inducing moves are banned
|clearpoke
|poke|p1|Weezing-Galar, M|
|poke|p1|Alomomola, F|
|poke|p1|Iron Treads|
|poke|p1|Tornadus-Therian, M|
|poke|p1|Zamazenta-*|
|poke|p1|Lokix, M|
|poke|p2|Eelektross, F|
|poke|p2|Braviary-Hisui, M|
|poke|p2|Bellibolt, M|
|poke|p2|Ogerpon-Wellspring, F|
|poke|p2|Pelipper, F|
|poke|p2|Dragonite, M|
|teampreview
|
|t:|1779651144
|teamsize|p1|6
|teamsize|p2|6
|start
|switch|p1a: Airpod|Lokix, M|100/100
|switch|p2a: Pelipper|Pelipper, F|100/100
|-weather|RainDance|[from] ability: Drizzle|[of] p2a: Pelipper
|turn|1
|
|t:|1779651148
|move|p1a: Airpod|U-turn|p2a: Pelipper
|-resisted|p2a: Pelipper
|-damage|p2a: Pelipper|39/100
|
|t:|1779651153
|switch|p1a: Twitter Embodied|Tornadus-Therian, M|100/100|[from] U-turn
|move|p2a: Pelipper|Hurricane|p1a: Twitter Embodied
|-damage|p1a: Twitter Embodied|67/100
|
|-weather|RainDance|[upkeep]
|upkeep
|turn|2
|
|t:|1779651159
|switch|p2a: Bellibolt|Bellibolt, M|100/100
|move|p1a: Twitter Embodied|Knock Off|p2a: Bellibolt
|-damage|p2a: Bellibolt|85/100
|-start|p2a: Bellibolt|Charge|Knock Off|[from] ability: Electromorphosis
|-enditem|p2a: Bellibolt|Sitrus Berry|[from] move: Knock Off|[of] p1a: Twitter Embodied
|
|-weather|RainDance|[upkeep]
|upkeep
|turn|3
|
|t:|1779651169
|move|p1a: Twitter Embodied|U-turn|p2a: Bellibolt
|-damage|p2a: Bellibolt|72/100
|-start|p2a: Bellibolt|Charge|U-turn|[from] ability: Electromorphosis
|
|t:|1779651171
|switch|p1a: Front Left Tire|Iron Treads|100/100|[from] U-turn
|move|p2a: Bellibolt|Weather Ball|p1a: Front Left Tire
|-supereffective|p1a: Front Left Tire
|-damage|p1a: Front Left Tire|2/100
|
|-weather|RainDance|[upkeep]
|-heal|p1a: Front Left Tire|8/100|[from] item: Leftovers
|upkeep
|turn|4
|
|t:|1779651188
|switch|p2a: Eelektross|Eelektross, F, shiny|100/100
|move|p1a: Front Left Tire|Earthquake|p2a: Eelektross
|-immune|p2a: Eelektross|[from] ability: Levitate
|
|-weather|RainDance|[upkeep]
|-heal|p1a: Front Left Tire|14/100|[from] item: Leftovers
|upkeep
|turn|5
|
|t:|1779651197
|-end|p1a: Front Left Tire|Quark Drive|[silent]
|switch|p1a: The Professor|Weezing-Galar, M|100/100
|-ability|p1a: The Professor|Neutralizing Gas
|move|p2a: Eelektross|Giga Drain|p1a: The Professor
|-resisted|p1a: The Professor
|-damage|p1a: The Professor|87/100
|
|-weather|RainDance|[upkeep]
|-heal|p1a: The Professor|93/100|[from] item: Leftovers
|upkeep
|turn|6
|
|t:|1779651199
|move|p1a: The Professor|Toxic|p2a: Eelektross
|-status|p2a: Eelektross|tox
|move|p2a: Eelektross|Thunder|p1a: The Professor
|-damage|p1a: The Professor|36/100
|-status|p1a: The Professor|par
|
|-weather|RainDance|[upkeep]
|-heal|p1a: The Professor|42/100 par|[from] item: Leftovers
|-damage|p2a: Eelektross|95/100 tox|[from] psn
|upkeep
|turn|7
|
|t:|1779651203
|move|p1a: The Professor|Protect|p1a: The Professor
|-singleturn|p1a: The Professor|Protect
|move|p2a: Eelektross|Thunder|p1a: The Professor
|-activate|p1a: The Professor|move: Protect
|
|-weather|RainDance|[upkeep]
|-heal|p1a: The Professor|48/100 par|[from] item: Leftovers
|-damage|p2a: Eelektross|83/100 tox|[from] psn
|upkeep
|turn|8
|
|t:|1779651207
|-end|p1a: The Professor|ability: Neutralizing Gas
|switch|p1a: Front Left Tire|Iron Treads|14/100
|move|p2a: Eelektross|Liquidation|p1a: Front Left Tire
|-supereffective|p1a: Front Left Tire
|-damage|p1a: Front Left Tire|0 fnt
|faint|p1a: Front Left Tire
|-end|p1a: Front Left Tire|Quark Drive|[silent]
|
|-weather|none
|-damage|p2a: Eelektross|65/100 tox|[from] psn
|upkeep
|
|t:|1779651214
|switch|p1a: Airpod|Lokix, M|100/100
|turn|9
|
|t:|1779651220
|switch|p2a: Pelipper|Pelipper, F|39/100
|-weather|RainDance|[from] ability: Drizzle|[of] p2a: Pelipper
|move|p1a: Airpod|Knock Off|p2a: Pelipper
|-crit|p2a: Pelipper
|-damage|p2a: Pelipper|0 fnt
|-enditem|p2a: Pelipper|Damp Rock|[from] move: Knock Off|[of] p1a: Airpod
|faint|p2a: Pelipper
|
|-weather|RainDance|[upkeep]
|upkeep
|inactive|Battle timer is ON: inactive players will automatically lose when time's up. (requested by Metal_In_Microwave)
|
|t:|1779651251
|switch|p2a: Ogerpon|Ogerpon-Wellspring, F|100/100
|turn|10
|
|t:|1779651259
|switch|p1a: Fuckass Fish|Alomomola, F|100/100
|move|p2a: Ogerpon|Swords Dance|p2a: Ogerpon
|-boost|p2a: Ogerpon|atk|2
|
|-weather|RainDance|[upkeep]
|upkeep
|turn|11
|
|t:|1779651270
|switch|p1a: The Professor|Weezing-Galar, M|48/100 par
|-ability|p1a: The Professor|Neutralizing Gas
|move|p2a: Ogerpon|Power Whip|p1a: The Professor
|-resisted|p1a: The Professor
|-damage|p1a: The Professor|0 fnt
|faint|p1a: The Professor
|-end|p1a: The Professor|ability: Neutralizing Gas
|
|-weather|RainDance|[upkeep]
|upkeep
|
|t:|1779651272
|switch|p1a: Twitter Embodied|Tornadus-Therian, M|100/100
|turn|12
|
|t:|1779651282
|-terastallize|p2a: Ogerpon|Water
|detailschange|p2a: Ogerpon|Ogerpon-Wellspring-Tera, F, tera:Water
|-ability|p2a: Ogerpon|Embody Aspect (Wellspring)|boost
|-boost|p2a: Ogerpon|spd|1
|move|p1a: Twitter Embodied|Bleakwind Storm|p2a: Ogerpon
|-damage|p2a: Ogerpon|72/100
|-unboost|p2a: Ogerpon|spe|1
|move|p2a: Ogerpon|Ivy Cudgel|p1a: Twitter Embodied|[anim] Ivy Cudgel Water
|-damage|p1a: Twitter Embodied|0 fnt
|faint|p1a: Twitter Embodied
|
|-weather|RainDance|[upkeep]
|upkeep
|
|t:|1779651298
|switch|p1a: Airpod|Lokix, M|100/100
|turn|13
|
|t:|1779651302
|switch|p2a: Eelektross|Eelektross, F, shiny|65/100 tox
|move|p1a: Airpod|First Impression|p2a: Eelektross
|-damage|p2a: Eelektross|0 fnt
|faint|p2a: Eelektross
|
|-weather|RainDance|[upkeep]
|upkeep
|
|t:|1779651313
|switch|p2a: Ogerpon|Ogerpon-Wellspring-Tera, F, tera:Water|72/100
|-ability|p2a: Ogerpon|Embody Aspect (Wellspring)|boost
|-boost|p2a: Ogerpon|spd|1
|turn|14
|
|t:|1779651328
|move|p1a: Airpod|First Impression||[still]
|-hint|First Impression only works on your first turn out.
|-fail|p1a: Airpod
|move|p2a: Ogerpon|Ivy Cudgel|p1a: Airpod|[anim] Ivy Cudgel Water
|-damage|p1a: Airpod|0 fnt
|faint|p1a: Airpod
|
|-weather|RainDance|[upkeep]
|upkeep
|-message|archen444 forfeited.
|
|win|Metal_In_Microwave
|raw|archen444's rating: 1459 &rarr; <strong>1438</strong><br />(-21 for losing)
|raw|Metal_In_Microwave's rating: 1433 &rarr; <strong>1454</strong><br />(+21 for winning)
|l|☆archen444
|player|p1|
|l|☆Metal_In_Microwave
|player|p2|
