|j|☆questionintellect
|j|☆owl_with_scarf
|t:|1779648274
|gametype|singles
|player|p1|questionintellect|1|1581
|player|p2|owl_with_scarf|#owlwithscarf|1577
|gen|9
|tier|[Gen 9] OU
|rated|
|rule|HP Percentage Mod: HP is shown in percentages
|rule|Endless Battle Clause: Forcing endless battles is banned
|rule|Species Clause: Limit one of each Pokémon
|rule|OHKO Clause: OHKO moves are banned
|rule|Evasion Items Clause: Evasion items are banned
|rule|Evasion Moves Clause: Evasion moves are banned
|rule|Evasion Abilities Clause: Evasion abilities are banned
|rule|Sleep Moves Clause: Sleep-inducing moves are banned
|clearpoke
|poke|p1|Dragonite, F|
|poke|p1|Hatterene, F|
|poke|p1|Great Tusk|
|poke|p1|Heatran, M|
|poke|p1|Ogerpon, F|
|poke|p1|Slowking-Galar, M|
|poke|p2|Diancie|
|poke|p2|Blaziken, F|
|poke|p2|Oricorio-Pom-Pom, F|
|poke|p2|Cinderace, F|
|poke|p2|Regidrago|
|poke|p2|Ursaluna, M|
|teampreview
|inactive|Battle timer is ON: inactive players will automatically lose when time's up. (requested by owl_with_scarf)
|l|☆owl_with_scarf
|inactive|owl_with_scarf disconnected and has a minute to reconnect!
|player|p2|
|j| brother iggins
|j| hattybatty304
|j| FaronAan
|inactive|owl_with_scarf has 30 seconds to reconnect!
|j|☆owl_with_scarf
|inactive|owl_with_scarf reconnected and has 110 seconds left.
|player|p2|owl_with_scarf|#owlwithscarf|
|
|t:|1779648325
|teamsize|p1|6
|teamsize|p2|6
|start
|switch|p1a: step pon|Ogerpon, F|100/100
|switch|p2a: Cinderace|Cinderace, F|100/100
|turn|1
|
|t:|1779648330
|switch|p1a: bigga T|Heatran, M|100/100
|move|p2a: Cinderace|Pyro Ball|p1a: bigga T
|-start|p1a: bigga T|ability: Flash Fire
|
|upkeep
|turn|2
|
|t:|1779648332
|move|p2a: Cinderace|High Jump Kick|p1a: bigga T
|-start|p2a: Cinderace|typechange|Fighting|[from] ability: Libero
|-supereffective|p1a: bigga T
|-damage|p1a: bigga T|0 fnt
|faint|p1a: bigga T
|
|upkeep
|
|t:|1779648337
|switch|p1a: step pon|Ogerpon, F|100/100
|turn|3
|
|t:|1779648342
|-terastallize|p1a: step pon|Grass
|detailschange|p1a: step pon|Ogerpon-Teal-Tera, F, tera:Grass
|-ability|p1a: step pon|Embody Aspect (Teal)|boost
|-boost|p1a: step pon|spe|1
|move|p1a: step pon|Ivy Cudgel|p2a: Cinderace
|-damage|p2a: Cinderace|0 fnt
|faint|p2a: Cinderace
|
|upkeep
|
|t:|1779648346
|switch|p2a: Blaziken|Blaziken, F|100/100
|turn|4
|
|t:|1779648349
|move|p1a: step pon|Ivy Cudgel|p2a: Blaziken
|-resisted|p2a: Blaziken
|-damage|p2a: Blaziken|21/100
|move|p2a: Blaziken|Swords Dance|p2a: Blaziken
|-boost|p2a: Blaziken|atk|2
|
|-heal|p2a: Blaziken|27/100|[from] item: Leftovers
|-ability|p2a: Blaziken|Speed Boost|boost
|-boost|p2a: Blaziken|spe|1
|upkeep
|turn|5
|
|t:|1779648353
|switch|p1a: tera fire dd|Dragonite, F|100/100
|move|p2a: Blaziken|Flare Blitz|p1a: tera fire dd
|-resisted|p1a: tera fire dd
|-crit|p1a: tera fire dd
|-damage|p1a: tera fire dd|47/100
|-damage|p2a: Blaziken|8/100|[from] Recoil
|
|-heal|p2a: Blaziken|14/100|[from] item: Leftovers
|-ability|p2a: Blaziken|Speed Boost|boost
|-boost|p2a: Blaziken|spe|1
|upkeep
|turn|6
|
|t:|1779648355
|move|p1a: tera fire dd|Extreme Speed|p2a: Blaziken
|-damage|p2a: Blaziken|0 fnt
|faint|p2a: Blaziken
|
|upkeep
|
|t:|1779648364
|switch|p2a: Diancie|Diancie|100/100
|turn|7
|
|t:|1779648368
|move|p1a: tera fire dd|Earthquake|p2a: Diancie
|-supereffective|p2a: Diancie
|-damage|p2a: Diancie|47/100
|move|p2a: Diancie|Moonblast|p1a: tera fire dd
|-supereffective|p1a: tera fire dd
|-damage|p1a: tera fire dd|0 fnt
|faint|p1a: tera fire dd
|
|upkeep
|
|t:|1779648371
|switch|p1a: step pon|Ogerpon-Teal-Tera, F, tera:Grass|100/100
|-ability|p1a: step pon|Embody Aspect (Teal)|boost
|-boost|p1a: step pon|spe|1
|turn|8
|l|☆owl_with_scarf
|inactive|owl_with_scarf disconnected and has a minute to reconnect!
|player|p2|
|inactive|owl_with_scarf has 30 seconds to reconnect!
|j|☆owl_with_scarf
|inactive|owl_with_scarf reconnected and has 115 seconds left.
|player|p2|owl_with_scarf|#owlwithscarf|
|
|t:|1779648410
|move|p1a: step pon|Ivy Cudgel|p2a: Diancie
|-supereffective|p2a: Diancie
|-damage|p2a: Diancie|0 fnt
|faint|p2a: Diancie
|
|upkeep
|
|t:|1779648412
|switch|p2a: Regidrago|Regidrago|100/100
|turn|9
|
|t:|1779648414
|switch|p1a: less cool hat|Hatterene, F|100/100
|move|p2a: Regidrago|Draco Meteor|p1a: less cool hat
|-immune|p1a: less cool hat
|
|upkeep
|turn|10
|
|t:|1779648417
|switch|p2a: Ursaluna|Ursaluna, M|100/100
|move|p1a: less cool hat|Nuzzle|p2a: Ursaluna
|-immune|p2a: Ursaluna
|
|-status|p2a: Ursaluna|brn|[from] item: Flame Orb
|upkeep
|turn|11
|
|t:|1779648421
|move|p2a: Ursaluna|Trailblaze|p1a: less cool hat
|-damage|p1a: less cool hat|68/100
|-boost|p2a: Ursaluna|spe|1
|move|p1a: less cool hat|Draining Kiss|p2a: Ursaluna
|-damage|p2a: Ursaluna|72/100 brn
|-heal|p1a: less cool hat|95/100|[from] drain|[of] p2a: Ursaluna
|
|-damage|p2a: Ursaluna|66/100 brn|[from] brn
|upkeep
|turn|12
|
|t:|1779648424
|switch|p1a: step pon|Ogerpon-Teal-Tera, F, tera:Grass|100/100
|-ability|p1a: step pon|Embody Aspect (Teal)|boost
|-boost|p1a: step pon|spe|1
|move|p2a: Ursaluna|Trailblaze|p1a: step pon
|-resisted|p1a: step pon
|-damage|p1a: step pon|82/100
|-boost|p2a: Ursaluna|spe|1
|
|-damage|p2a: Ursaluna|60/100 brn|[from] brn
|upkeep
|turn|13
|
|t:|1779648427
|move|p1a: step pon|Ivy Cudgel|p2a: Ursaluna
|-supereffective|p2a: Ursaluna
|-damage|p2a: Ursaluna|0 fnt
|faint|p2a: Ursaluna
|
|upkeep
|
|t:|1779648429
|switch|p2a: Oricorio|Oricorio-Pom-Pom, F|100/100
|turn|14
|
|t:|1779648432
|move|p1a: step pon|Ivy Cudgel|p2a: Oricorio
|-resisted|p2a: Oricorio
|-damage|p2a: Oricorio|54/100
|move|p2a: Oricorio|Quiver Dance|p2a: Oricorio
|-boost|p2a: Oricorio|spa|1
|-boost|p2a: Oricorio|spd|1
|-boost|p2a: Oricorio|spe|1
|
|-heal|p2a: Oricorio|60/100|[from] item: Leftovers
|upkeep
|turn|15
|
|t:|1779648436
|switch|p1a: hat|Slowking-Galar, M|100/100
|move|p2a: Oricorio|Hurricane|p1a: hat
|-damage|p1a: hat|66/100
|-start|p1a: hat|confusion
|
|-heal|p2a: Oricorio|66/100|[from] item: Leftovers
|upkeep
|turn|16
|
|t:|1779648441
|move|p2a: Oricorio|Quiver Dance|p2a: Oricorio
|-boost|p2a: Oricorio|spa|1
|-boost|p2a: Oricorio|spd|1
|-boost|p2a: Oricorio|spe|1
|-activate|p1a: hat|confusion
|move|p1a: hat|Sludge Bomb|p2a: Oricorio
|-damage|p2a: Oricorio|44/100
|
|-heal|p2a: Oricorio|50/100|[from] item: Leftovers
|upkeep
|turn|17
|
|t:|1779648443
|move|p2a: Oricorio|Quiver Dance|p2a: Oricorio
|-boost|p2a: Oricorio|spa|1
|-boost|p2a: Oricorio|spd|1
|-boost|p2a: Oricorio|spe|1
|-end|p1a: hat|confusion
|move|p1a: hat|Sludge Bomb|p2a: Oricorio
|-damage|p2a: Oricorio|32/100
|
|-heal|p2a: Oricorio|38/100|[from] item: Leftovers
|upkeep
|turn|18
|
|t:|1779648445
|move|p2a: Oricorio|Roost|p2a: Oricorio
|-heal|p2a: Oricorio|88/100
|-singleturn|p2a: Oricorio|move: Roost
|move|p1a: hat|Sludge Bomb|p2a: Oricorio
|-damage|p2a: Oricorio|71/100
|-status|p2a: Oricorio|psn
|
|-heal|p2a: Oricorio|78/100 psn|[from] item: Leftovers
|-damage|p2a: Oricorio|65/100 psn|[from] psn
|upkeep
|turn|19
|
|t:|1779648453
|move|p2a: Oricorio|Hurricane|p1a: hat|[miss]
|-miss|p2a: Oricorio|p1a: hat
|move|p1a: hat|Future Sight|p2a: Oricorio
|-start|p1a: hat|move: Future Sight
|
|-heal|p2a: Oricorio|71/100 psn|[from] item: Leftovers
|-damage|p2a: Oricorio|59/100 psn|[from] psn
|upkeep
|turn|20
|
|t:|1779648460
|move|p2a: Oricorio|Roost|p2a: Oricorio
|-heal|p2a: Oricorio|100/100 psn
|-singleturn|p2a: Oricorio|move: Roost
|move|p1a: hat|Sludge Bomb|p2a: Oricorio
|-damage|p2a: Oricorio|83/100 psn
|
|-heal|p2a: Oricorio|89/100 psn|[from] item: Leftovers
|-damage|p2a: Oricorio|77/100 psn|[from] psn
|upkeep
|turn|21
|
|t:|1779648462
|move|p2a: Oricorio|Hurricane|p1a: hat
|-damage|p1a: hat|10/100
|-start|p1a: hat|confusion
|-activate|p1a: hat|confusion
|move|p1a: hat|Sludge Bomb|p2a: Oricorio
|-crit|p2a: Oricorio
|-damage|p2a: Oricorio|8/100 psn
|
|-end|p2a: Oricorio|move: Future Sight
|-damage|p2a: Oricorio|0 fnt
|faint|p2a: Oricorio
|upkeep
|-message|owl_with_scarf forfeited.
|
|win|questionintellect
|raw|questionintellect's rating: 1581 &rarr; <strong>1601</strong><br />(+20 for winning)
|raw|owl_with_scarf's rating: 1577 &rarr; <strong>1557</strong><br />(-20 for losing)
|l|☆owl_with_scarf
|player|p2|
|l|☆questionintellect
|player|p1|
|l| hattybatty304
|l| FaronAan
|l| brother iggins
