|j|☆Zenadark
|j|☆I am a guineapig
|t:|1779627859
|gametype|singles
|player|p1|Zenadark|#stt5noadkokoroyal|1445
|player|p2|I am a guineapig|fisherman-gen4|1448
|gen|9
|tier|[Gen 9] OU
|rated|
|rule|HP Percentage Mod: HP is shown in percentages
|rule|Endless Battle Clause: Forcing endless battles is banned
|rule|Species Clause: Limit one of each Pokémon
|rule|OHKO Clause: OHKO moves are banned
|rule|Evasion Items Clause: Evasion items are banned
|rule|Evasion Moves Clause: Evasion moves are banned
|rule|Evasion Abilities Clause: Evasion abilities are banned
|rule|Sleep Moves Clause: Sleep-inducing moves are banned
|clearpoke
|poke|p1|Darkrai|
|poke|p1|Garchomp, M|
|poke|p1|Alomomola, F|
|poke|p1|Corviknight, F|
|poke|p1|Weezing-Galar, M|
|poke|p1|Ogerpon, F|
|poke|p2|Carbink|
|poke|p2|Hatterene, F|
|poke|p2|Dusclops, F|
|poke|p2|Iron Hands|
|poke|p2|Crabominable, M|
|poke|p2|Kingambit, F|
|teampreview
|inactive|Battle timer is ON: inactive players will automatically lose when time's up. (requested by I am a guineapig)
|
|t:|1779627871
|teamsize|p1|6
|teamsize|p2|6
|start
|switch|p1a: Garchomp|Garchomp, M|100/100
|switch|p2a: Carbink|Carbink|100/100
|turn|1
|
|t:|1779627878
|move|p1a: Garchomp|Stealth Rock|p2a: Carbink
|-sidestart|p2: I am a guineapig|move: Stealth Rock
|move|p2a: Carbink|Trick Room|p2a: Carbink
|-fieldstart|move: Trick Room|[of] p2a: Carbink
|
|upkeep
|turn|2
|
|t:|1779627891
|move|p2a: Carbink|Misty Explosion|p1a: Garchomp
|-supereffective|p1a: Garchomp
|-damage|p1a: Garchomp|65/100
|faint|p2a: Carbink
|move|p1a: Garchomp|Earthquake|p2: Carbink|[notarget]
|-fail|p1a: Garchomp
|
|upkeep
|
|t:|1779627896
|switch|p2a: Crabominable|Crabominable, M|100/100
|-damage|p2a: Crabominable|88/100|[from] Stealth Rock
|turn|3
|
|t:|1779627906
|switch|p1a: Alomomola|Alomomola, F|100/100
|move|p2a: Crabominable|Ice Hammer|p1a: Alomomola
|-resisted|p1a: Alomomola
|-damage|p1a: Alomomola|65/100
|-unboost|p2a: Crabominable|spe|1
|-damage|p2a: Crabominable|78/100|[from] item: Life Orb
|
|upkeep
|turn|4
|
|t:|1779627917
|move|p2a: Crabominable|Thunder Punch|p1a: Alomomola
|-supereffective|p1a: Alomomola
|-damage|p1a: Alomomola|0 fnt
|faint|p1a: Alomomola
|-damage|p2a: Crabominable|69/100|[from] item: Life Orb
|
|upkeep
|
|t:|1779627921
|switch|p1a: Corviknight|Corviknight, F|100/100
|-ability|p1a: Corviknight|Pressure
|turn|5
|
|t:|1779627929
|move|p2a: Crabominable|Thunder Punch|p1a: Corviknight
|-supereffective|p1a: Corviknight
|-damage|p1a: Corviknight|20/100
|-damage|p2a: Crabominable|59/100|[from] item: Life Orb
|move|p1a: Corviknight|Brave Bird|p2a: Crabominable
|-supereffective|p2a: Crabominable
|-damage|p2a: Crabominable|0 fnt
|faint|p2a: Crabominable
|-damage|p1a: Corviknight|1/100|[from] Recoil
|
|-heal|p1a: Corviknight|7/100|[from] item: Leftovers
|-fieldend|move: Trick Room
|upkeep
|
|t:|1779627936
|switch|p2a: Hatterene|Hatterene, F|100/100
|-damage|p2a: Hatterene|88/100|[from] Stealth Rock
|turn|6
|
|t:|1779627944
|move|p1a: Corviknight|Roost|p1a: Corviknight
|-heal|p1a: Corviknight|57/100
|-singleturn|p1a: Corviknight|move: Roost
|move|p2a: Hatterene|Trick Room|p2a: Hatterene
|-fieldstart|move: Trick Room|[of] p2a: Hatterene
|
|-heal|p1a: Corviknight|63/100|[from] item: Leftovers
|upkeep
|turn|7
|
|t:|1779627955
|switch|p2a: Iron Hands|Iron Hands|100/100
|-damage|p2a: Iron Hands|94/100|[from] Stealth Rock
|-enditem|p2a: Iron Hands|Booster Energy
|-activate|p2a: Iron Hands|ability: Quark Drive|[fromitem]
|-start|p2a: Iron Hands|quarkdriveatk
|move|p1a: Corviknight|Roost|p1a: Corviknight
|-heal|p1a: Corviknight|100/100
|-singleturn|p1a: Corviknight|move: Roost
|
|upkeep
|turn|8
|
|t:|1779627968
|-terastallize|p2a: Iron Hands|Fighting
|move|p2a: Iron Hands|Close Combat|p1a: Corviknight
|-damage|p1a: Corviknight|0 fnt
|-unboost|p2a: Iron Hands|def|1
|-unboost|p2a: Iron Hands|spd|1
|faint|p1a: Corviknight
|
|upkeep
|
|t:|1779627973
|switch|p1a: Garchomp|Garchomp, M|65/100
|turn|9
|
|t:|1779627979
|move|p2a: Iron Hands|Ice Punch|p1a: Garchomp
|-supereffective|p1a: Garchomp
|-damage|p1a: Garchomp|0 fnt
|-damage|p2a: Iron Hands|82/100|[from] ability: Rough Skin|[of] p1a: Garchomp
|-damage|p2a: Iron Hands|65/100|[from] item: Rocky Helmet|[of] p1a: Garchomp
|faint|p1a: Garchomp
|
|upkeep
|
|t:|1779628003
|switch|p1a: Weezing|Weezing-Galar, M|100/100
|-ability|p1a: Weezing|Neutralizing Gas
|turn|10
|
|t:|1779628014
|move|p2a: Iron Hands|Heavy Slam|p1a: Weezing
|-supereffective|p1a: Weezing
|-crit|p1a: Weezing
|-damage|p1a: Weezing|0 fnt
|faint|p1a: Weezing
|-end|p1a: Weezing|ability: Neutralizing Gas
|
|-fieldend|move: Trick Room
|upkeep
|
|t:|1779628019
|switch|p1a: Ogerpon|Ogerpon, F|100/100
|turn|11
|
|t:|1779628027
|-end|p2a: Iron Hands|Quark Drive|[silent]
|switch|p2a: Hatterene|Hatterene, F|88/100
|-damage|p2a: Hatterene|76/100|[from] Stealth Rock
|-terastallize|p1a: Ogerpon|Grass
|detailschange|p1a: Ogerpon|Ogerpon-Teal-Tera, F, tera:Grass
|-ability|p1a: Ogerpon|Embody Aspect (Teal)|boost
|-boost|p1a: Ogerpon|spe|1
|move|p1a: Ogerpon|Ivy Cudgel|p2a: Hatterene
|-damage|p2a: Hatterene|7/100
|
|upkeep
|turn|12
|
|t:|1779628039
|move|p1a: Ogerpon|Ivy Cudgel|p2a: Hatterene
|-damage|p2a: Hatterene|0 fnt
|faint|p2a: Hatterene
|
|upkeep
|
|t:|1779628047
|switch|p2a: Dusclops|Dusclops, F|100/100
|-damage|p2a: Dusclops|88/100|[from] Stealth Rock
|-item|p1a: Ogerpon|Scope Lens|[from] ability: Frisk|[of] p2a: Dusclops
|turn|13
|j| dr6ke
|
|t:|1779628057
|switch|p1a: Darkrai|Darkrai|100/100
|move|p2a: Dusclops|Trick Room|p2a: Dusclops
|-fieldstart|move: Trick Room|[of] p2a: Dusclops
|
|upkeep
|turn|14
|
|t:|1779628064
|move|p2a: Dusclops|Memento|p1a: Darkrai
|-unboost|p1a: Darkrai|atk|2
|-unboost|p1a: Darkrai|spa|2
|faint|p2a: Dusclops
|move|p1a: Darkrai|Trick|p2: Dusclops|[notarget]
|-fail|p1a: Darkrai
|
|upkeep
|
|t:|1779628070
|switch|p2a: Iron Hands|Iron Hands, tera:Fighting|65/100
|-damage|p2a: Iron Hands|59/100|[from] Stealth Rock
|turn|15
|
|t:|1779628075
|move|p2a: Iron Hands|Close Combat|p1a: Darkrai
|-supereffective|p1a: Darkrai
|-damage|p1a: Darkrai|0 fnt
|-unboost|p2a: Iron Hands|def|1
|-unboost|p2a: Iron Hands|spd|1
|faint|p1a: Darkrai
|
|upkeep
|
|t:|1779628078
|switch|p1a: Ogerpon|Ogerpon-Teal-Tera, F, tera:Grass|100/100
|-ability|p1a: Ogerpon|Embody Aspect (Teal)|boost
|-boost|p1a: Ogerpon|spe|1
|turn|16
|
|t:|1779628085
|move|p2a: Iron Hands|Close Combat|p1a: Ogerpon
|-damage|p1a: Ogerpon|0 fnt
|-unboost|p2a: Iron Hands|def|1
|-unboost|p2a: Iron Hands|spd|1
|faint|p1a: Ogerpon
|detailschange|p1: Ogerpon|Ogerpon, F|[silent]
|
|win|I am a guineapig
|raw|Zenadark's rating: 1445 &rarr; <strong>1425</strong><br />(-20 for losing)
|raw|I am a guineapig's rating: 1448 &rarr; <strong>1468</strong><br />(+20 for winning)
|l|☆I am a guineapig
|player|p2|
|l|☆Zenadark
|player|p1|
|l| dr6ke
