|j|☆hattybatty304
|j|☆yrllowre
|t:|1779715616
|gametype|singles
|player|p1|hattybatty304|swimmerf|1323
|player|p2|yrllowre|harlequin|1303
|gen|9
|tier|[Gen 9] OU
|rated|
|rule|HP Percentage Mod: HP is shown in percentages
|rule|Endless Battle Clause: Forcing endless battles is banned
|rule|Species Clause: Limit one of each Pokémon
|rule|OHKO Clause: OHKO moves are banned
|rule|Evasion Items Clause: Evasion items are banned
|rule|Evasion Moves Clause: Evasion moves are banned
|rule|Evasion Abilities Clause: Evasion abilities are banned
|rule|Sleep Moves Clause: Sleep-inducing moves are banned
|clearpoke
|poke|p1|Hatterene, F|
|poke|p1|Meowscarada, F|
|poke|p1|Primarina, F|
|poke|p1|Cinderace, F|
|poke|p1|Pecharunt|
|poke|p1|Inteleon, F|
|poke|p2|Sceptile, M|
|poke|p2|Primarina, F|
|poke|p2|Staraptor, F|
|poke|p2|Slowking-Galar, M|
|poke|p2|Kyurem|
|poke|p2|Cobalion|
|teampreview
|inactive|Battle timer is ON: inactive players will automatically lose when time's up. (requested by hattybatty304)
|inactive|yrllowre has 120 seconds left.
|
|t:|1779715660
|teamsize|p1|6
|teamsize|p2|6
|start
|switch|p1a: TakeYoMan|Meowscarada, F|100/100
|switch|p2a: Larry!!!!|Staraptor, F|100/100
|turn|1
|
|t:|1779715670
|switch|p1a: mosquito|Pecharunt|100/100
|move|p2a: Larry!!!!|Brave Bird|p1a: mosquito
|-damage|p1a: mosquito|70/100
|-damage|p2a: Larry!!!!|84/100|[from] item: Rocky Helmet|[of] p1a: mosquito
|-damage|p2a: Larry!!!!|72/100|[from] Recoil
|
|upkeep
|turn|2
|
|t:|1779715685
|switch|p2a: The Receptionist|Slowking-Galar, M|100/100
|move|p1a: mosquito|Recover|p1a: mosquito
|-heal|p1a: mosquito|100/100
|
|upkeep
|turn|3
|
|t:|1779715697
|switch|p1a: fatty|Hatterene, F|100/100
|move|p2a: The Receptionist|Future Sight|p1a: fatty
|-start|p2a: The Receptionist|move: Future Sight
|
|upkeep
|turn|4
|
|t:|1779715701
|move|p1a: fatty|Mystical Fire|p2a: The Receptionist
|-damage|p2a: The Receptionist|83/100
|-unboost|p2a: The Receptionist|spa|1
|move|p2a: The Receptionist|Sludge Wave|p1a: fatty
|-supereffective|p1a: fatty
|-damage|p1a: fatty|67/100
|
|-heal|p2a: The Receptionist|89/100|[from] item: Black Sludge
|upkeep
|turn|5
|
|t:|1779715710
|switch|p2a: Weed Dino|Sceptile, M|100/100
|move|p1a: fatty|Mystical Fire|p2a: Weed Dino
|-supereffective|p2a: Weed Dino
|-damage|p2a: Weed Dino|37/100
|-unboost|p2a: Weed Dino|spa|1
|
|-end|p1a: fatty|move: Future Sight
|-resisted|p1a: fatty
|-damage|p1a: fatty|50/100
|upkeep
|turn|6
|
|t:|1779715722
|switch|p1a: mosquito|Pecharunt|100/100
|move|p2a: Weed Dino|Leaf Storm|p1a: mosquito
|-resisted|p1a: mosquito
|-damage|p1a: mosquito|74/100
|-unboost|p2a: Weed Dino|spa|2
|
|upkeep
|turn|7
|
|t:|1779715727
|switch|p2a: The Receptionist|Slowking-Galar, M|100/100
|move|p1a: mosquito|Nasty Plot|p1a: mosquito
|-boost|p1a: mosquito|spa|2
|
|upkeep
|turn|8
|
|t:|1779715733
|move|p1a: mosquito|Nasty Plot|p1a: mosquito
|-boost|p1a: mosquito|spa|2
|move|p2a: The Receptionist|Future Sight|p1a: mosquito
|-start|p2a: The Receptionist|move: Future Sight
|
|upkeep
|turn|9
|
|t:|1779715737
|move|p1a: mosquito|Shadow Ball|p2a: The Receptionist
|-supereffective|p2a: The Receptionist
|-damage|p2a: The Receptionist|0 fnt
|faint|p2a: The Receptionist
|
|upkeep
|
|t:|1779715746
|switch|p2a: HIM|Kyurem, shiny|100/100
|-ability|p2a: HIM|Pressure
|turn|10
|
|t:|1779715755
|switch|p1a: Rapunzil|Primarina, F, shiny|100/100
|move|p2a: HIM|Freeze-Dry|p1a: Rapunzil
|-supereffective|p1a: Rapunzil
|-damage|p1a: Rapunzil|46/100
|
|-end|p1a: Rapunzil|move: Future Sight
|-damage|p1a: Rapunzil|15/100
|upkeep
|turn|11
|
|t:|1779715764
|move|p2a: HIM|Freeze-Dry|p1a: Rapunzil
|-supereffective|p1a: Rapunzil
|-damage|p1a: Rapunzil|0 fnt
|faint|p1a: Rapunzil
|
|upkeep
|
|t:|1779715766
|switch|p1a: fatty|Hatterene, F|50/100
|turn|12
|
|t:|1779715773
|move|p2a: HIM|Freeze-Dry|p1a: fatty
|-damage|p1a: fatty|20/100
|move|p1a: fatty|Nuzzle|p2a: HIM
|-resisted|p2a: HIM
|-damage|p2a: HIM|98/100
|-status|p2a: HIM|par
|
|upkeep
|turn|13
|
|t:|1779715777
|move|p2a: HIM|Freeze-Dry|p1a: fatty
|-damage|p1a: fatty|0 fnt
|faint|p1a: fatty
|
|upkeep
|
|t:|1779715783
|switch|p1a: Lm10|Cinderace, F|100/100
|turn|14
|
|t:|1779715792
|switch|p2a: Weed Dino|Sceptile, M|37/100
|move|p1a: Lm10|Pyro Ball|p2a: Weed Dino
|-supereffective|p2a: Weed Dino
|-damage|p2a: Weed Dino|0 fnt
|faint|p2a: Weed Dino
|
|upkeep
|
|t:|1779715797
|switch|p2a: Ariel|Primarina, F, shiny|100/100
|turn|15
|
|t:|1779715808
|switch|p1a: mosquito|Pecharunt|74/100
|move|p2a: Ariel|Flip Turn|p1a: mosquito
|-damage|p1a: mosquito|66/100
|-damage|p2a: Ariel|84/100|[from] item: Rocky Helmet|[of] p1a: mosquito
|
|t:|1779715814
|switch|p2a: HIM|Kyurem, shiny|98/100 par|[from] Flip Turn
|-ability|p2a: HIM|Pressure
|
|upkeep
|turn|16
|
|t:|1779715825
|switch|p1a: Widow maker|Inteleon, F, shiny|100/100
|move|p2a: HIM|Shadow Ball|p1a: Widow maker
|-damage|p1a: Widow maker|35/100
|
|upkeep
|turn|17
|
|t:|1779715838
|move|p1a: Widow maker|Vacuum Wave|p2a: HIM
|-supereffective|p2a: HIM
|-damage|p2a: HIM|73/100 par
|cant|p2a: HIM|par
|
|upkeep
|turn|18
|
|t:|1779715842
|move|p1a: Widow maker|Vacuum Wave|p2a: HIM
|-supereffective|p2a: HIM
|-damage|p2a: HIM|45/100 par
|move|p2a: HIM|Shadow Ball|p1a: Widow maker
|-damage|p1a: Widow maker|0 fnt
|faint|p1a: Widow maker
|
|upkeep
|
|t:|1779715846
|switch|p1a: Lm10|Cinderace, F|100/100
|turn|19
|
|t:|1779715851
|move|p1a: Lm10|Pyro Ball|p2a: HIM
|-crit|p2a: HIM
|-damage|p2a: HIM|0 fnt
|faint|p2a: HIM
|
|upkeep
|
|t:|1779715854
|switch|p2a: Ariel|Primarina, F, shiny|84/100
|turn|20
|
|t:|1779715861
|move|p1a: Lm10|Pyro Ball|p2a: Ariel|[miss]
|-miss|p1a: Lm10|p2a: Ariel
|move|p2a: Ariel|Hyper Voice|p1a: Lm10
|-supereffective|p1a: Lm10
|-damage|p1a: Lm10|0 fnt
|faint|p1a: Lm10
|
|upkeep
|
|t:|1779715870
|switch|p1a: mosquito|Pecharunt|66/100
|turn|21
|
|t:|1779715875
|move|p1a: mosquito|Recover|p1a: mosquito
|-heal|p1a: mosquito|100/100
|move|p2a: Ariel|Hyper Voice|p1a: mosquito
|-damage|p1a: mosquito|47/100
|
|upkeep
|turn|22
|
|t:|1779715881
|move|p1a: mosquito|Malignant Chain|p2a: Ariel
|-supereffective|p2a: Ariel
|-damage|p2a: Ariel|46/100
|-status|p2a: Ariel|tox
|-start|p2a: Ariel|confusion|[from] ability: Poison Puppeteer|[of] p1a: mosquito
|-activate|p2a: Ariel|confusion
|-damage|p2a: Ariel|39/100 tox|[from] confusion
|
|-damage|p2a: Ariel|33/100 tox|[from] psn
|upkeep
|turn|23
|
|t:|1779715889
|move|p1a: mosquito|Recover|p1a: mosquito
|-heal|p1a: mosquito|97/100
|-activate|p2a: Ariel|confusion
|move|p2a: Ariel|Ice Beam|p1a: mosquito
|-damage|p1a: mosquito|65/100
|-status|p1a: mosquito|frz
|
|-damage|p2a: Ariel|21/100 tox|[from] psn
|upkeep
|turn|24
|
|t:|1779715895
|cant|p1a: mosquito|frz
|-activate|p2a: Ariel|confusion
|move|p2a: Ariel|Hyper Voice|p1a: mosquito
|-damage|p1a: mosquito|15/100 frz
|
|-damage|p2a: Ariel|2/100 tox|[from] psn
|upkeep
|turn|25
|
|t:|1779715901
|cant|p1a: mosquito|frz
|-end|p2a: Ariel|confusion
|move|p2a: Ariel|Hyper Voice|p1a: mosquito
|-crit|p1a: mosquito
|-damage|p1a: mosquito|0 fnt
|faint|p1a: mosquito
|
|-damage|p2a: Ariel|0 fnt|[from] psn
|faint|p2a: Ariel
|upkeep
|
|t:|1779715907
|switch|p1a: TakeYoMan|Meowscarada, F|100/100
|switch|p2a: Larry!!!!|Staraptor, F|72/100
|turn|26
|
|t:|1779715916
|-terastallize|p1a: TakeYoMan|Grass
|move|p2a: Larry!!!!|Brave Bird|p1a: TakeYoMan
|-supereffective|p1a: TakeYoMan
|-damage|p1a: TakeYoMan|0 fnt
|faint|p1a: TakeYoMan
|-damage|p2a: Larry!!!!|40/100|[from] Recoil
|
|win|yrllowre
|raw|hattybatty304's rating: 1323 &rarr; <strong>1302</strong><br />(-21 for losing)
|raw|yrllowre's rating: 1303 &rarr; <strong>1324</strong><br />(+21 for winning)
|c|☆yrllowre|ggs
|l|☆hattybatty304
|player|p1|
|l|☆yrllowre
|player|p2|
