|inactive|Battle timer is ON: inactive players will automatically lose when time's up.
|badge|p1|bronze|gen9ou|100-9
|uhtml|medal-msg|<div class="broadcast-blue">Curious what those medals under the avatar are? PS now has Ladder Seasons! For more information, check out the <a href="https://www.smogon.com/forums/threads/3740067/">thread on Smogon.</a></div>
|t:|1779574387
|gametype|singles
|player|p1|Coach Jones 6fifth|lusamine-nihilego|
|player|p2|Micciu|#wcop2026france2|
|gen|9
|tier|[Gen 9] OU
|rule|HP Percentage Mod: HP is shown in percentages
|rule|Endless Battle Clause: Forcing endless battles is banned
|rule|Species Clause: Limit one of each Pokémon
|rule|OHKO Clause: OHKO moves are banned
|rule|Evasion Items Clause: Evasion items are banned
|rule|Evasion Moves Clause: Evasion moves are banned
|rule|Evasion Abilities Clause: Evasion abilities are banned
|rule|Sleep Moves Clause: Sleep-inducing moves are banned
|clearpoke
|poke|p1|Gholdengo|
|poke|p1|Iron Valiant|
|poke|p1|Ting-Lu|
|poke|p1|Dragonite, F|
|poke|p1|Kingambit, M|
|poke|p1|Zamazenta-*|
|poke|p2|Kyurem|
|poke|p2|Hatterene, F|
|poke|p2|Kingambit, F|
|poke|p2|Dragonite, M|
|poke|p2|Iron Moth|
|poke|p2|Great Tusk|
|teampreview
|c|☆Micciu|hf
|c|☆Coach Jones 6fifth|hf
|c|+cringlord|this s tour?
|inactive|Coach Jones 6fifth has 270 seconds left.
|inactive|Micciu has 270 seconds left.
|c|+zoyotte|corsica linea
|inactive|Micciu has 240 seconds left.
|inactive|Micciu has 210 seconds left.
|inactive|Micciu has 180 seconds left.
|
|t:|1779574527
|teamsize|p1|6
|teamsize|p2|6
|start
|switch|p1a: Iron Valiant|Iron Valiant|100/100
|switch|p2a: Et Zin|Great Tusk|100/100
|turn|1
|inactive|Micciu has 210 seconds left.
|
|t:|1779574563
|-end|p2a: Et Zin|Protosynthesis|[silent]
|switch|p2a: ET SAMY|Hatterene, F|100/100
|move|p1a: Iron Valiant|Knock Off|p2a: ET SAMY
|-damage|p2a: ET SAMY|71/100
|-enditem|p2a: ET SAMY|Assault Vest|[from] move: Knock Off|[of] p1a: Iron Valiant
|
|upkeep
|turn|2
|
|t:|1779574577
|-end|p1a: Iron Valiant|Quark Drive|[silent]
|switch|p1a: Ting-Lu|Ting-Lu|100/100
|-ability|p1a: Ting-Lu|Vessel of Ruin
|move|p2a: ET SAMY|Mystical Fire|p1a: Ting-Lu
|-damage|p1a: Ting-Lu|88/100
|-unboost|p1a: Ting-Lu|spa|1
|
|-heal|p1a: Ting-Lu|94/100|[from] item: Leftovers
|upkeep
|turn|3
|
|t:|1779574584
|move|p1a: Ting-Lu|Ruination|p2a: ET SAMY
|-damage|p2a: ET SAMY|36/100
|move|p2a: ET SAMY|Draining Kiss|p1a: Ting-Lu
|-supereffective|p1a: Ting-Lu
|-damage|p1a: Ting-Lu|71/100
|-heal|p2a: ET SAMY|62/100|[from] drain|[of] p1a: Ting-Lu
|
|-heal|p1a: Ting-Lu|77/100|[from] item: Leftovers
|upkeep
|turn|4
|
|t:|1779574588
|move|p1a: Ting-Lu|Ruination|p2a: ET SAMY
|-damage|p2a: ET SAMY|31/100
|move|p2a: ET SAMY|Draining Kiss|p1a: Ting-Lu
|-supereffective|p1a: Ting-Lu
|-damage|p1a: Ting-Lu|54/100
|-heal|p2a: ET SAMY|59/100|[from] drain|[of] p1a: Ting-Lu
|
|-heal|p1a: Ting-Lu|60/100|[from] item: Leftovers
|upkeep
|turn|5
|
|t:|1779574602
|move|p1a: Ting-Lu|Heavy Slam|p2a: ET SAMY
|-supereffective|p2a: ET SAMY
|-crit|p2a: ET SAMY
|-damage|p2a: ET SAMY|0 fnt
|faint|p2a: ET SAMY
|
|-heal|p1a: Ting-Lu|66/100|[from] item: Leftovers
|upkeep
|
|t:|1779574607
|switch|p2a: Et Zin|Great Tusk|100/100
|turn|6
|
|t:|1779574630
|move|p2a: Et Zin|Close Combat|p1a: Ting-Lu
|-supereffective|p1a: Ting-Lu
|-damage|p1a: Ting-Lu|0 fnt
|-unboost|p2a: Et Zin|def|1
|-unboost|p2a: Et Zin|spd|1
|faint|p1a: Ting-Lu
|
|upkeep
|inactive|Coach Jones 6fifth has 270 seconds left.
|
|t:|1779574654
|switch|p1a: Gholdengo|Gholdengo|100/100
|-item|p1a: Gholdengo|Air Balloon
|turn|7
|
|t:|1779574665
|-end|p2a: Et Zin|Protosynthesis|[silent]
|switch|p2a: SCOOBY|Iron Moth|100/100
|-enditem|p2a: SCOOBY|Booster Energy
|-activate|p2a: SCOOBY|ability: Quark Drive|[fromitem]
|-start|p2a: SCOOBY|quarkdrivespe
|move|p1a: Gholdengo|Psyshock|p2a: SCOOBY
|-supereffective|p2a: SCOOBY
|-damage|p2a: SCOOBY|17/100
|
|upkeep
|turn|8
|
|t:|1779574672
|switch|p1a: Dragonite|Dragonite, F|100/100
|move|p2a: SCOOBY|Fiery Dance|p1a: Dragonite
|-resisted|p1a: Dragonite
|-damage|p1a: Dragonite|87/100
|-boost|p2a: SCOOBY|spa|1
|
|upkeep
|turn|9
|
|t:|1779574677
|-end|p2a: SCOOBY|Quark Drive|[silent]
|switch|p2a: Et Zin|Great Tusk|100/100
|move|p1a: Dragonite|Extreme Speed|p2a: Et Zin
|-damage|p2a: Et Zin|81/100
|-damage|p1a: Dragonite|71/100|[from] item: Rocky Helmet|[of] p2a: Et Zin
|
|upkeep
|turn|10
|
|t:|1779574690
|move|p2a: Et Zin|Ice Spinner|p1a: Dragonite
|-supereffective|p1a: Dragonite
|-damage|p1a: Dragonite|0 fnt
|faint|p1a: Dragonite
|
|upkeep
|
|t:|1779574693
|switch|p1a: Iron Valiant|Iron Valiant|100/100
|turn|11
|
|t:|1779574703
|-end|p2a: Et Zin|Protosynthesis|[silent]
|switch|p2a: SCOOBY|Iron Moth|17/100
|move|p1a: Iron Valiant|Moonblast|p2a: SCOOBY
|-resisted|p2a: SCOOBY
|-damage|p2a: SCOOBY|5/100
|-unboost|p2a: SCOOBY|spa|1
|
|upkeep
|turn|12
|
|t:|1779574705
|move|p1a: Iron Valiant|Moonblast|p2a: SCOOBY
|-resisted|p2a: SCOOBY
|-damage|p2a: SCOOBY|0 fnt
|faint|p2a: SCOOBY
|-end|p2a: SCOOBY|Quark Drive|[silent]
|
|upkeep
|inactive|Micciu has 270 seconds left.
|inactive|Micciu has 240 seconds left.
|inactive|Micciu has 210 seconds left.
|inactive|Micciu has 180 seconds left.
|
|t:|1779574802
|switch|p2a: DES CROQUES|Dragonite, M|100/100
|turn|13
|inactive|Micciu has 180 seconds left.
|
|t:|1779574814
|-terastallize|p2a: DES CROQUES|Fire
|move|p1a: Iron Valiant|Moonblast|p2a: DES CROQUES
|-resisted|p2a: DES CROQUES
|-damage|p2a: DES CROQUES|89/100
|-unboost|p2a: DES CROQUES|spa|1
|move|p2a: DES CROQUES|Dragon Dance|p2a: DES CROQUES
|-boost|p2a: DES CROQUES|atk|1
|-boost|p2a: DES CROQUES|spe|1
|
|upkeep
|turn|14
|inactive|Micciu has 180 seconds left.
|inactive|Coach Jones 6fifth has 270 seconds left.
|
|t:|1779574861
|-end|p1a: Iron Valiant|Quark Drive|[silent]
|switch|p1a: Kingambit|Kingambit, M, shiny|100/100
|-activate|p1a: Kingambit|ability: Supreme Overlord
|-start|p1a: Kingambit|fallen2|[silent]
|move|p2a: DES CROQUES|Encore||[still]
|-fail|p2a: DES CROQUES
|
|upkeep
|turn|15
|
|t:|1779574865
|move|p2a: DES CROQUES|Fire Punch|p1a: Kingambit
|-supereffective|p1a: Kingambit
|-damage|p1a: Kingambit|0 fnt
|faint|p1a: Kingambit
|-end|p1a: Kingambit|fallen2|[silent]
|
|upkeep
|
|t:|1779574868
|switch|p1a: Zamazenta|Zamazenta|100/100
|-ability|p1a: Zamazenta|Dauntless Shield|boost
|-boost|p1a: Zamazenta|def|1
|turn|16
|c|+sheepie_sheep|go micciu
|inactive|Micciu has 150 seconds left.
|
|t:|1779574911
|switch|p2a: Et Zin|Great Tusk|81/100
|move|p1a: Zamazenta|Close Combat|p2a: Et Zin
|-damage|p2a: Et Zin|23/100
|-unboost|p1a: Zamazenta|def|1
|-unboost|p1a: Zamazenta|spd|1
|-damage|p1a: Zamazenta|84/100|[from] item: Rocky Helmet|[of] p2a: Et Zin
|-damage|p1a: Zamazenta|74/100|[from] item: Life Orb
|
|upkeep
|turn|17
|
|t:|1779574924
|move|p1a: Zamazenta|Ice Fang|p2a: Et Zin
|-supereffective|p2a: Et Zin
|-damage|p2a: Et Zin|0 fnt
|-damage|p1a: Zamazenta|57/100|[from] item: Rocky Helmet|[of] p2a: Et Zin
|faint|p2a: Et Zin
|-end|p2a: Et Zin|Protosynthesis|[silent]
|-damage|p1a: Zamazenta|48/100|[from] item: Life Orb
|
|upkeep
|c|+zoyotte|eh oue zin il fait chauffer son zama zin
|inactive|Micciu has 120 seconds left.
|
|t:|1779574967
|switch|p2a: Akalli|Kyurem|100/100
|-ability|p2a: Akalli|Pressure
|turn|18
|
|t:|1779574986
|move|p1a: Zamazenta|Close Combat|p2a: Akalli
|-supereffective|p2a: Akalli
|-damage|p2a: Akalli|0 fnt
|-unboost|p1a: Zamazenta|def|1
|-unboost|p1a: Zamazenta|spd|1
|faint|p2a: Akalli
|-damage|p1a: Zamazenta|38/100|[from] item: Life Orb
|
|upkeep
|
|t:|1779574999
|switch|p2a: TU AURAIS|Kingambit, F|100/100
|-activate|p2a: TU AURAIS|ability: Supreme Overlord
|-start|p2a: TU AURAIS|fallen4|[silent]
|turn|19
|
|t:|1779575005
|switch|p1a: Gholdengo|Gholdengo|100/100
|-item|p1a: Gholdengo|Air Balloon
|move|p2a: TU AURAIS|Sucker Punch||[still]
|-fail|p2a: TU AURAIS
|
|upkeep
|turn|20
|
|t:|1779575019
|move|p1a: Gholdengo|Nasty Plot|p1a: Gholdengo
|-boost|p1a: Gholdengo|spa|2
|move|p2a: TU AURAIS|Swords Dance|p2a: TU AURAIS
|-boost|p2a: TU AURAIS|atk|2
|
|upkeep
|turn|21
|
|t:|1779575026
|move|p2a: TU AURAIS|Sucker Punch|p1a: Gholdengo
|-supereffective|p1a: Gholdengo
|-damage|p1a: Gholdengo|0 fnt
|-enditem|p1a: Gholdengo|Air Balloon
|faint|p1a: Gholdengo
|
|upkeep
|
|t:|1779575029
|switch|p1a: Iron Valiant|Iron Valiant|100/100
|turn|22
|inactive|Micciu has 120 seconds left.
|
|t:|1779575041
|move|p2a: TU AURAIS|Sucker Punch|p1a: Iron Valiant
|-resisted|p1a: Iron Valiant
|-damage|p1a: Iron Valiant|65/100
|move|p1a: Iron Valiant|Close Combat|p2a: TU AURAIS
|-supereffective|p2a: TU AURAIS
|-damage|p2a: TU AURAIS|0 fnt
|-unboost|p1a: Iron Valiant|def|1
|-unboost|p1a: Iron Valiant|spd|1
|faint|p2a: TU AURAIS
|-end|p2a: TU AURAIS|fallen4|[silent]
|
|upkeep
|
|t:|1779575043
|switch|p2a: DES CROQUES|Dragonite, M, tera:Fire|89/100
|turn|23
|
|t:|1779575052
|move|p1a: Iron Valiant|Taunt|p2a: DES CROQUES
|-start|p2a: DES CROQUES|move: Taunt
|cant|p2a: DES CROQUES|move: Taunt|Dragon Dance
|
|upkeep
|turn|24
|c|☆Micciu|gg
|
|t:|1779575057
|move|p1a: Iron Valiant|Close Combat|p2a: DES CROQUES
|-damage|p2a: DES CROQUES|34/100
|-unboost|p1a: Iron Valiant|def|1
|-unboost|p1a: Iron Valiant|spd|1
|move|p2a: DES CROQUES|Fire Punch|p1a: Iron Valiant
|-damage|p1a: Iron Valiant|0 fnt
|faint|p1a: Iron Valiant
|-end|p1a: Iron Valiant|Quark Drive|[silent]
|
|upkeep
|
|t:|1779575059
|switch|p1a: Zamazenta|Zamazenta|38/100
|turn|25
|
|t:|1779575060
|move|p1a: Zamazenta|Close Combat|p2a: DES CROQUES
|-damage|p2a: DES CROQUES|0 fnt
|-unboost|p1a: Zamazenta|def|1
|-unboost|p1a: Zamazenta|spd|1
|faint|p2a: DES CROQUES
|-damage|p1a: Zamazenta|28/100|[from] item: Life Orb
|
|win|Coach Jones 6fifth
|c|☆Coach Jones 6fifth|gg
|player|p2|
