|j|☆tauros3
|j|☆Nuii09
|t:|1779574869
|gametype|singles
|player|p1|tauros3|swimmer-gen4dp|1600
|player|p2|Nuii09|baker|1683
|gen|9
|tier|[Gen 9] OU
|rated|
|rule|HP Percentage Mod: HP is shown in percentages
|rule|Endless Battle Clause: Forcing endless battles is banned
|rule|Species Clause: Limit one of each Pokémon
|rule|OHKO Clause: OHKO moves are banned
|rule|Evasion Items Clause: Evasion items are banned
|rule|Evasion Moves Clause: Evasion moves are banned
|rule|Evasion Abilities Clause: Evasion abilities are banned
|rule|Sleep Moves Clause: Sleep-inducing moves are banned
|clearpoke
|poke|p1|Hatterene, F|
|poke|p1|Cresselia, F|
|poke|p1|Diancie|
|poke|p1|Ursaluna, F|
|poke|p1|Crawdaunt, F|
|poke|p1|Pelipper, F|
|poke|p2|Hydrapple, F|
|poke|p2|Darkrai|
|poke|p2|Cinderace, M|
|poke|p2|Clodsire, F|
|poke|p2|Corviknight, F|
|poke|p2|Alomomola, M|
|teampreview
|inactive|Battle timer is ON: inactive players will automatically lose when time's up. (requested by tauros3)
|
|t:|1779574884
|teamsize|p1|6
|teamsize|p2|6
|start
|switch|p1a: Pink Triangle|Hatterene, F|100/100
|switch|p2a: Hydrapple|Hydrapple, F|100/100
|turn|1
|
|t:|1779574890
|move|p2a: Hydrapple|Leaf Storm|p1a: Pink Triangle
|-enditem|p1a: Pink Triangle|Focus Sash
|-damage|p1a: Pink Triangle|1/100
|-unboost|p2a: Hydrapple|spa|2
|-damage|p2a: Hydrapple|91/100|[from] item: Life Orb
|move|p1a: Pink Triangle|Psychic Noise|p2a: Hydrapple
|-damage|p2a: Hydrapple|45/100
|-start|p2a: Hydrapple|move: Heal Block
|
|upkeep
|turn|2
|
|t:|1779574896
|move|p2a: Hydrapple|Leaf Storm|p1a: Pink Triangle
|-damage|p1a: Pink Triangle|0 fnt
|-unboost|p2a: Hydrapple|spa|2
|faint|p1a: Pink Triangle
|-damage|p2a: Hydrapple|35/100|[from] item: Life Orb
|
|-end|p2a: Hydrapple|move: Heal Block
|upkeep
|
|t:|1779574910
|switch|p1a: Getchoo|Crawdaunt, F|100/100
|turn|3
|
|t:|1779574916
|switch|p2a: Corviknight|Corviknight, F|100/100
|-ability|p2a: Corviknight|Pressure
|move|p1a: Getchoo|Knock Off|p2a: Corviknight
|-damage|p2a: Corviknight|46/100
|-damage|p1a: Getchoo|84/100|[from] item: Rocky Helmet|[of] p2a: Corviknight
|-enditem|p2a: Corviknight|Rocky Helmet|[from] move: Knock Off|[of] p1a: Getchoo
|-damage|p1a: Getchoo|74/100|[from] item: Life Orb
|
|upkeep
|turn|4
|
|t:|1779574920
|move|p2a: Corviknight|Roost|p2a: Corviknight
|-heal|p2a: Corviknight|96/100
|-singleturn|p2a: Corviknight|move: Roost
|move|p1a: Getchoo|Crabhammer|p2a: Corviknight
|-crit|p2a: Corviknight
|-damage|p2a: Corviknight|2/100
|-damage|p1a: Getchoo|64/100|[from] item: Life Orb
|
|upkeep
|turn|5
|
|t:|1779574935
|move|p1a: Getchoo|Aqua Jet|p2a: Corviknight
|-damage|p2a: Corviknight|0 fnt
|faint|p2a: Corviknight
|-damage|p1a: Getchoo|54/100|[from] item: Life Orb
|
|upkeep
|
|t:|1779574938
|switch|p2a: Darkrai|Darkrai, shiny|100/100
|turn|6
|
|t:|1779574946
|switch|p1a: Across The Sea|Pelipper, F|100/100
|-weather|RainDance|[from] ability: Drizzle|[of] p1a: Across The Sea
|move|p2a: Darkrai|Dark Pulse|p1a: Across The Sea
|-damage|p1a: Across The Sea|27/100
|
|-weather|RainDance|[upkeep]
|upkeep
|turn|7
|
|t:|1779574949
|move|p2a: Darkrai|Dark Pulse|p1a: Across The Sea
|-crit|p1a: Across The Sea
|-damage|p1a: Across The Sea|0 fnt
|faint|p1a: Across The Sea
|
|-weather|RainDance|[upkeep]
|upkeep
|
|t:|1779574965
|switch|p1a: Getchoo|Crawdaunt, F|54/100
|turn|8
|
|t:|1779574977
|-terastallize|p1a: Getchoo|Water
|move|p1a: Getchoo|Aqua Jet|p2a: Darkrai
|-crit|p2a: Darkrai
|-damage|p2a: Darkrai|0 fnt
|faint|p2a: Darkrai
|-damage|p1a: Getchoo|44/100|[from] item: Life Orb
|
|-weather|RainDance|[upkeep]
|upkeep
|
|t:|1779574988
|switch|p2a: Hydrapple|Hydrapple, F|68/100
|turn|9
|
|t:|1779574992
|move|p2a: Hydrapple|Leaf Storm|p1a: Getchoo
|-supereffective|p1a: Getchoo
|-damage|p1a: Getchoo|0 fnt
|-unboost|p2a: Hydrapple|spa|2
|faint|p1a: Getchoo
|-damage|p2a: Hydrapple|58/100|[from] item: Life Orb
|
|-weather|RainDance|[upkeep]
|upkeep
|
|t:|1779575005
|switch|p1a: El Scorcho|Ursaluna, F|100/100
|turn|10
|
|t:|1779575027
|switch|p2a: Clodsire|Clodsire, F, shiny|100/100
|move|p1a: El Scorcho|Swords Dance|p1a: El Scorcho
|-boost|p1a: El Scorcho|atk|2
|
|-weather|none
|-status|p1a: El Scorcho|brn|[from] item: Flame Orb
|upkeep
|turn|11
|
|t:|1779575036
|-terastallize|p2a: Clodsire|Bug
|move|p1a: El Scorcho|Facade|p2a: Clodsire
|-damage|p2a: Clodsire|5/100
|move|p2a: Clodsire|Counter|p1a: El Scorcho
|-damage|p1a: El Scorcho|0 fnt
|faint|p1a: El Scorcho
|
|-heal|p2a: Clodsire|11/100|[from] item: Leftovers
|upkeep
|
|t:|1779575046
|switch|p1a: Butterfly|Cresselia, F|100/100
|turn|12
|
|t:|1779575053
|move|p1a: Butterfly|Psychic|p2a: Clodsire
|-damage|p2a: Clodsire|0 fnt
|faint|p2a: Clodsire
|
|upkeep
|
|t:|1779575057
|switch|p2a: Cinderace|Cinderace, M|100/100
|turn|13
|
|t:|1779575061
|move|p2a: Cinderace|U-turn|p1a: Butterfly
|-start|p2a: Cinderace|typechange|Bug|[from] ability: Libero
|-supereffective|p1a: Butterfly
|-damage|p1a: Butterfly|61/100
|
|t:|1779575064
|switch|p2a: Alomomola|Alomomola, M|100/100|[from] U-turn
|move|p1a: Butterfly|Trick Room|p1a: Butterfly
|-fieldstart|move: Trick Room|[of] p1a: Butterfly
|
|upkeep
|turn|14
|
|t:|1779575070
|move|p2a: Alomomola|Play Rough|p1a: Butterfly
|-damage|p1a: Butterfly|53/100
|move|p1a: Butterfly|Psychic|p2a: Alomomola
|-damage|p2a: Alomomola|87/100
|
|upkeep
|turn|15
|
|t:|1779575077
|switch|p1a: No Other One|Diancie|100/100
|move|p2a: Alomomola|Play Rough|p1a: No Other One
|-damage|p1a: No Other One|86/100
|
|upkeep
|turn|16
|
|t:|1779575081
|move|p2a: Alomomola|Aqua Jet|p1a: No Other One
|-supereffective|p1a: No Other One
|-damage|p1a: No Other One|68/100
|move|p1a: No Other One|Meteor Beam||[still]
|-prepare|p1a: No Other One|Meteor Beam
|-boost|p1a: No Other One|spa|1
|-enditem|p1a: No Other One|Power Herb
|-anim|p1a: No Other One|Meteor Beam|p2a: Alomomola
|-damage|p2a: Alomomola|44/100
|
|upkeep
|turn|17
|
|t:|1779575085
|move|p1a: No Other One|Meteor Beam||[still]
|-prepare|p1a: No Other One|Meteor Beam
|-boost|p1a: No Other One|spa|1
|move|p2a: Alomomola|Flip Turn|p1a: No Other One
|-supereffective|p1a: No Other One
|-damage|p1a: No Other One|42/100
|
|t:|1779575099
|switch|p2a: Cinderace|Cinderace, M|100/100|[from] Flip Turn
|
|-fieldend|move: Trick Room
|upkeep
|turn|18
|
|t:|1779575103
|move|p2a: Cinderace|High Jump Kick|p1a: No Other One|[miss]
|-start|p2a: Cinderace|typechange|Fighting|[from] ability: Libero
|-miss|p2a: Cinderace|p1a: No Other One
|-damage|p2a: Cinderace|51/100|[from] highjumpkick
|move|p1a: No Other One|Meteor Beam|p2a: Cinderace|[from] lockedmove
|-resisted|p2a: Cinderace
|-damage|p2a: Cinderace|0 fnt
|faint|p2a: Cinderace
|
|upkeep
|
|t:|1779575108
|switch|p2a: Hydrapple|Hydrapple, F|91/100
|turn|19
|
|t:|1779575117
|switch|p1a: Butterfly|Cresselia, F|53/100
|move|p2a: Hydrapple|Leaf Storm|p1a: Butterfly
|-damage|p1a: Butterfly|0 fnt
|-unboost|p2a: Hydrapple|spa|2
|faint|p1a: Butterfly
|-damage|p2a: Hydrapple|81/100|[from] item: Life Orb
|
|upkeep
|
|t:|1779575122
|switch|p1a: No Other One|Diancie|42/100
|turn|20
|
|t:|1779575125
|move|p2a: Hydrapple|Leaf Storm|p1a: No Other One
|-supereffective|p1a: No Other One
|-damage|p1a: No Other One|0 fnt
|-unboost|p2a: Hydrapple|spa|2
|faint|p1a: No Other One
|-damage|p2a: Hydrapple|71/100|[from] item: Life Orb
|
|win|Nuii09
|raw|tauros3's rating: 1600 &rarr; <strong>1585</strong><br />(-15 for losing)
|raw|Nuii09's rating: 1683 &rarr; <strong>1698</strong><br />(+15 for winning)
|l|☆tauros3
|player|p1|
|l|☆Nuii09
|player|p2|
