|j|☆BlaziKennedy
|j|☆SudorDelAn0
|t:|1779620694
|gametype|singles
|player|p1|BlaziKennedy|lucas|1147
|player|p2|SudorDelAn0|265|1150
|gen|9
|tier|[Gen 9] OU
|rated|
|rule|HP Percentage Mod: HP is shown in percentages
|rule|Endless Battle Clause: Forcing endless battles is banned
|rule|Species Clause: Limit one of each Pokémon
|rule|OHKO Clause: OHKO moves are banned
|rule|Evasion Items Clause: Evasion items are banned
|rule|Evasion Moves Clause: Evasion moves are banned
|rule|Evasion Abilities Clause: Evasion abilities are banned
|rule|Sleep Moves Clause: Sleep-inducing moves are banned
|clearpoke
|poke|p1|Tornadus, M|
|poke|p1|Toxtricity, M|
|poke|p1|Iron Valiant|
|poke|p1|Arcanine-Hisui, M|
|poke|p1|Brambleghast, M|
|poke|p1|Hydreigon, M|
|poke|p2|Ceruledge, M|
|poke|p2|Glimmora, M|
|poke|p2|Samurott-Hisui, M|
|poke|p2|Hatterene, F|
|poke|p2|Dragonite, M|
|poke|p2|Blaziken, M|
|teampreview
|
|t:|1779620709
|teamsize|p1|6
|teamsize|p2|6
|start
|switch|p1a: drop a draco|Hydreigon, M|100/100
|switch|p2a: Quesobo?|Samurott-Hisui, M|100/100
|turn|1
|inactive|Battle timer is ON: inactive players will automatically lose when time's up. (requested by BlaziKennedy)
|
|t:|1779620715
|move|p1a: drop a draco|Tailwind|p1a: drop a draco
|-sidestart|p1: BlaziKennedy|move: Tailwind
|move|p2a: Quesobo?|Swords Dance|p2a: Quesobo?
|-boost|p2a: Quesobo?|atk|2
|
|upkeep
|turn|2
|
|t:|1779620721
|move|p1a: drop a draco|Draco Meteor|p2a: Quesobo?
|-damage|p2a: Quesobo?|8/100
|-unboost|p1a: drop a draco|spa|2
|-enditem|p1a: drop a draco|Eject Pack
|
|t:|1779620725
|switch|p1a: literally meta|Brambleghast, M|100/100
|-ability|p1a: literally meta|Wind Rider|boost
|-boost|p1a: literally meta|atk|1
|move|p2a: Quesobo?|Swords Dance|p2a: Quesobo?
|-boost|p2a: Quesobo?|atk|2
|
|upkeep
|turn|3
|
|t:|1779620734
|move|p1a: literally meta|Shadow Sneak|p2a: Quesobo?
|-resisted|p2a: Quesobo?
|-damage|p2a: Quesobo?|0 fnt
|faint|p2a: Quesobo?
|-damage|p1a: literally meta|91/100|[from] item: Life Orb
|
|upkeep
|
|t:|1779620741
|switch|p2a: Esta!|Glimmora, M|100/100
|turn|4
|
|t:|1779620747
|move|p1a: literally meta|Poltergeist|p2a: Esta!
|-activate|p2a: Esta!|move: Poltergeist|Focus Sash
|-enditem|p2a: Esta!|Focus Sash
|-damage|p2a: Esta!|1/100
|-activate|p2a: Esta!|ability: Toxic Debris
|-sidestart|p1: BlaziKennedy|move: Toxic Spikes
|-damage|p1a: literally meta|81/100|[from] item: Life Orb
|move|p2a: Esta!|Stealth Rock|p1a: literally meta
|-sidestart|p1: BlaziKennedy|move: Stealth Rock
|
|-sideend|p1: BlaziKennedy|move: Tailwind
|upkeep
|turn|5
|
|t:|1779620759
|move|p1a: literally meta|Rapid Spin|p2a: Esta!
|-resisted|p2a: Esta!
|-damage|p2a: Esta!|0 fnt
|-boost|p1a: literally meta|spe|1
|-activate|p2a: Esta!|ability: Toxic Debris
|-sidestart|p1: BlaziKennedy|move: Toxic Spikes
|-sideend|p1: BlaziKennedy|Toxic Spikes|[from] move: Rapid Spin|[of] p1a: literally meta
|-sideend|p1: BlaziKennedy|Stealth Rock|[from] move: Rapid Spin|[of] p1a: literally meta
|faint|p2a: Esta!
|-damage|p1a: literally meta|71/100|[from] item: Life Orb
|
|upkeep
|
|t:|1779620770
|switch|p2a: Drogadicto|Ceruledge, M|100/100
|turn|6
|
|t:|1779620778
|move|p1a: literally meta|Poltergeist|p2a: Drogadicto
|-activate|p2a: Drogadicto|move: Poltergeist|Focus Sash
|-supereffective|p2a: Drogadicto
|-enditem|p2a: Drogadicto|Focus Sash
|-damage|p2a: Drogadicto|1/100
|-ability|p2a: Drogadicto|Weak Armor|boost
|-unboost|p2a: Drogadicto|def|1
|-boost|p2a: Drogadicto|spe|2
|-damage|p1a: literally meta|61/100|[from] item: Life Orb
|move|p2a: Drogadicto|Bitter Blade|p1a: literally meta
|-supereffective|p1a: literally meta
|-damage|p1a: literally meta|0 fnt
|-heal|p2a: Drogadicto|27/100|[from] drain|[of] p1a: literally meta
|faint|p1a: literally meta
|
|upkeep
|
|t:|1779620795
|switch|p1a: drop a draco|Hydreigon, M|100/100
|turn|7
|
|t:|1779620803
|move|p2a: Drogadicto|Destiny Bond|p2a: Drogadicto
|-singlemove|p2a: Drogadicto|Destiny Bond
|move|p1a: drop a draco|Draco Meteor|p2a: Drogadicto
|-damage|p2a: Drogadicto|0 fnt
|-unboost|p1a: drop a draco|spa|2
|faint|p2a: Drogadicto
|-activate|p2a: Drogadicto|move: Destiny Bond
|faint|p1a: drop a draco
|
|upkeep
|
|t:|1779620817
|switch|p1a: haribo|Arcanine-Hisui, M|100/100
|switch|p2a: KFC|Blaziken, M, shiny|100/100
|-item|p2a: KFC|Air Balloon
|turn|8
|
|t:|1779620825
|move|p2a: KFC|Protect|p2a: KFC
|-singleturn|p2a: KFC|Protect
|move|p1a: haribo|Head Smash|p2a: KFC
|-activate|p2a: KFC|move: Protect
|
|-ability|p2a: KFC|Speed Boost|boost
|-boost|p2a: KFC|spe|1
|upkeep
|turn|9
|
|t:|1779620835
|move|p1a: haribo|Head Smash|p2a: KFC
|-damage|p2a: KFC|0 fnt
|-enditem|p2a: KFC|Air Balloon
|faint|p2a: KFC
|
|upkeep
|
|t:|1779620842
|switch|p2a: Masturbaison|Dragonite, M, shiny|100/100
|turn|10
|
|t:|1779620853
|move|p1a: haribo|Head Smash|p2a: Masturbaison|[miss]
|-miss|p1a: haribo|p2a: Masturbaison
|move|p2a: Masturbaison|Dragon Dance|p2a: Masturbaison
|-boost|p2a: Masturbaison|atk|1
|-boost|p2a: Masturbaison|spe|1
|
|upkeep
|turn|11
|
|t:|1779620860
|-terastallize|p2a: Masturbaison|Normal
|move|p1a: haribo|Head Smash|p2a: Masturbaison|[miss]
|-miss|p1a: haribo|p2a: Masturbaison
|move|p2a: Masturbaison|Dragon Dance|p2a: Masturbaison
|-boost|p2a: Masturbaison|atk|1
|-boost|p2a: Masturbaison|spe|1
|
|upkeep
|turn|12
|
|t:|1779620869
|move|p2a: Masturbaison|Earthquake|p1a: haribo
|-supereffective|p1a: haribo
|-damage|p1a: haribo|0 fnt
|faint|p1a: haribo
|
|upkeep
|
|t:|1779620887
|switch|p1a: w femboy|Iron Valiant, shiny|100/100
|turn|13
|
|t:|1779620894
|move|p2a: Masturbaison|Extreme Speed|p1a: w femboy
|-damage|p1a: w femboy|0 fnt
|faint|p1a: w femboy
|-end|p1a: w femboy|Quark Drive|[silent]
|
|upkeep
|
|t:|1779620897
|switch|p1a: asher torrey|Tornadus, M|100/100
|turn|14
|
|t:|1779620909
|-terastallize|p1a: asher torrey|Ghost
|move|p2a: Masturbaison|Extreme Speed|p1a: asher torrey
|-immune|p1a: asher torrey
|move|p1a: asher torrey|Tailwind|p1a: asher torrey
|-sidestart|p1: BlaziKennedy|move: Tailwind
|
|upkeep
|turn|15
|
|t:|1779620920
|move|p1a: asher torrey|Focus Blast|p2a: Masturbaison|[miss]
|-miss|p1a: asher torrey|p2a: Masturbaison
|move|p2a: Masturbaison|Earthquake|p1a: asher torrey
|-damage|p1a: asher torrey|0 fnt
|faint|p1a: asher torrey
|
|upkeep
|
|t:|1779620923
|switch|p1a: patrick stump|Toxtricity, M|100/100
|turn|16
|
|t:|1779620931
|move|p1a: patrick stump|Boomburst|p2a: Masturbaison
|-damage|p2a: Masturbaison|18/100
|move|p2a: Masturbaison|Earthquake|p1a: patrick stump
|-supereffective|p1a: patrick stump
|-damage|p1a: patrick stump|0 fnt
|faint|p1a: patrick stump
|
|win|SudorDelAn0
|raw|BlaziKennedy's rating: 1147 &rarr; <strong>1122</strong><br />(-25 for losing)
|raw|SudorDelAn0's rating: 1150 &rarr; <strong>1175</strong><br />(+25 for winning)
|l|☆BlaziKennedy
|player|p1|
