|j|‽aaagislash
|j|☆hdy nb
|t:|1779700347
|gametype|singles
|player|p1|aaagislash|1|1518
|player|p2|hdy nb|colress|1444
|gen|9
|tier|[Gen 9] OU
|rated|
|rule|HP Percentage Mod: HP is shown in percentages
|rule|Endless Battle Clause: Forcing endless battles is banned
|rule|Species Clause: Limit one of each Pokémon
|rule|OHKO Clause: OHKO moves are banned
|rule|Evasion Items Clause: Evasion items are banned
|rule|Evasion Moves Clause: Evasion moves are banned
|rule|Evasion Abilities Clause: Evasion abilities are banned
|rule|Sleep Moves Clause: Sleep-inducing moves are banned
|clearpoke
|poke|p1|Kommo-o, M|
|poke|p1|Flamigo, M|
|poke|p1|Iron Valiant|
|poke|p1|Meowscarada, M|
|poke|p1|Scizor, F|
|poke|p1|Great Tusk|
|poke|p2|Pelipper, M|
|poke|p2|Zapdos|
|poke|p2|Barraskewda, F|
|poke|p2|Overqwil, F|
|poke|p2|Iron Treads|
|poke|p2|Primarina, M|
|teampreview
|
|t:|1779700373
|teamsize|p1|6
|teamsize|p2|6
|start
|switch|p1a: Kommo-o|Kommo-o, M|100/100
|switch|p2a: Pelipper|Pelipper, M|100/100
|-weather|RainDance|[from] ability: Drizzle|[of] p2a: Pelipper
|turn|1
|
|t:|1779700382
|move|p1a: Kommo-o|Stealth Rock|p2a: Pelipper
|-sidestart|p2: hdy nb|move: Stealth Rock
|move|p2a: Pelipper|Hurricane|p1a: Kommo-o
|-supereffective|p1a: Kommo-o
|-damage|p1a: Kommo-o|12/100
|
|-weather|RainDance|[upkeep]
|upkeep
|turn|2
|
|t:|1779700393
|switch|p1a: Meowscarada|Meowscarada, M|100/100
|move|p2a: Pelipper|U-turn|p1a: Meowscarada
|-supereffective|p1a: Meowscarada
|-damage|p1a: Meowscarada|58/100
|
|t:|1779700414
|switch|p2a: Iron Treads|Iron Treads|100/100|[from] U-turn
|-damage|p2a: Iron Treads|97/100|[from] Stealth Rock
|
|-weather|RainDance|[upkeep]
|upkeep
|turn|3
|
|t:|1779700421
|-terastallize|p1a: Meowscarada|Ghost
|move|p1a: Meowscarada|Flower Trick|p2a: Iron Treads
|-crit|p2a: Iron Treads
|-damage|p2a: Iron Treads|56/100
|move|p2a: Iron Treads|Rapid Spin|p1a: Meowscarada
|-immune|p1a: Meowscarada
|
|-weather|RainDance|[upkeep]
|upkeep
|turn|4
|
|t:|1779700432
|move|p1a: Meowscarada|Endure|p1a: Meowscarada
|-singleturn|p1a: Meowscarada|move: Endure
|move|p2a: Iron Treads|Earthquake|p1a: Meowscarada
|-activate|p1a: Meowscarada|move: Endure
|-damage|p1a: Meowscarada|1/100
|-enditem|p1a: Meowscarada|Liechi Berry|[eat]
|-boost|p1a: Meowscarada|atk|1|[from] item: Liechi Berry
|
|-weather|RainDance|[upkeep]
|upkeep
|turn|5
|
|t:|1779700444
|move|p1a: Meowscarada|Flower Trick|p2a: Iron Treads
|-crit|p2a: Iron Treads
|-damage|p2a: Iron Treads|0 fnt
|faint|p2a: Iron Treads
|-end|p2a: Iron Treads|Quark Drive|[silent]
|
|-weather|RainDance|[upkeep]
|upkeep
|
|t:|1779700451
|switch|p2a: Barraskewda|Barraskewda, F|100/100
|-damage|p2a: Barraskewda|88/100|[from] Stealth Rock
|turn|6
|
|t:|1779700456
|move|p1a: Meowscarada|Endure|p1a: Meowscarada
|-singleturn|p1a: Meowscarada|move: Endure
|move|p2a: Barraskewda|Liquidation|p1a: Meowscarada
|-activate|p1a: Meowscarada|move: Endure
|-damage|p1a: Meowscarada|1/100
|
|-weather|RainDance|[upkeep]
|upkeep
|turn|7
|
|t:|1779700468
|move|p1a: Meowscarada|Sucker Punch|p2a: Barraskewda
|-damage|p2a: Barraskewda|0 fnt
|faint|p2a: Barraskewda
|
|-weather|RainDance|[upkeep]
|upkeep
|
|t:|1779700482
|switch|p2a: Overqwil|Overqwil, F|100/100
|-damage|p2a: Overqwil|88/100|[from] Stealth Rock
|turn|8
|
|t:|1779700491
|move|p1a: Meowscarada|Endure|p1a: Meowscarada
|-singleturn|p1a: Meowscarada|move: Endure
|move|p2a: Overqwil|Swords Dance|p2a: Overqwil
|-boost|p2a: Overqwil|atk|2
|
|-weather|none
|upkeep
|turn|9
|
|t:|1779700510
|switch|p1a: Scizor|Scizor, F|100/100
|switch|p2a: Pelipper|Pelipper, M|100/100
|-damage|p2a: Pelipper|76/100|[from] Stealth Rock
|-weather|RainDance|[from] ability: Drizzle|[of] p2a: Pelipper
|
|-weather|RainDance|[upkeep]
|upkeep
|turn|10
|
|t:|1779700523
|move|p1a: Scizor|Trailblaze|p2a: Pelipper
|-damage|p2a: Pelipper|56/100
|-boost|p1a: Scizor|spe|1
|move|p2a: Pelipper|U-turn|p1a: Scizor
|-resisted|p1a: Scizor
|-damage|p1a: Scizor|96/100
|
|t:|1779700535
|switch|p2a: Zapdos|Zapdos|100/100|[from] U-turn
|-damage|p2a: Zapdos|75/100|[from] Stealth Rock
|
|-weather|RainDance|[upkeep]
|-heal|p1a: Scizor|100/100|[from] item: Leftovers
|-heal|p2a: Zapdos|82/100|[from] item: Leftovers
|upkeep
|turn|11
|
|t:|1779700545
|move|p1a: Scizor|Knock Off|p2a: Zapdos
|-damage|p2a: Zapdos|47/100
|-enditem|p2a: Zapdos|Leftovers|[from] move: Knock Off|[of] p1a: Scizor
|move|p2a: Zapdos|Thunder|p1a: Scizor
|-damage|p1a: Scizor|13/100
|
|-weather|RainDance|[upkeep]
|-heal|p1a: Scizor|19/100|[from] item: Leftovers
|upkeep
|turn|12
|
|t:|1779700558
|move|p1a: Scizor|Knock Off|p2a: Zapdos
|-damage|p2a: Zapdos|22/100
|move|p2a: Zapdos|Thunder|p1a: Scizor
|-damage|p1a: Scizor|0 fnt
|faint|p1a: Scizor
|
|-weather|RainDance|[upkeep]
|upkeep
|
|t:|1779700561
|switch|p1a: Meowscarada|Meowscarada, M, tera:Ghost|1/100
|turn|13
|
|t:|1779700570
|move|p1a: Meowscarada|Flower Trick|p2a: Zapdos
|-resisted|p2a: Zapdos
|-crit|p2a: Zapdos
|-damage|p2a: Zapdos|0 fnt
|faint|p2a: Zapdos
|
|-weather|RainDance|[upkeep]
|upkeep
|
|t:|1779700583
|switch|p2a: Overqwil|Overqwil, F|88/100
|-damage|p2a: Overqwil|76/100|[from] Stealth Rock
|turn|14
|
|t:|1779700591
|move|p1a: Meowscarada|Endure|p1a: Meowscarada
|-singleturn|p1a: Meowscarada|move: Endure
|move|p2a: Overqwil|Swords Dance|p2a: Overqwil
|-boost|p2a: Overqwil|atk|2
|
|-weather|RainDance|[upkeep]
|upkeep
|turn|15
|
|t:|1779700602
|switch|p1a: Kommo-o|Kommo-o, M|12/100
|move|p2a: Overqwil|Liquidation|p1a: Kommo-o
|-resisted|p1a: Kommo-o
|-damage|p1a: Kommo-o|0 fnt
|faint|p1a: Kommo-o
|-damage|p2a: Overqwil|66/100|[from] item: Life Orb
|
|-weather|RainDance|[upkeep]
|upkeep
|
|t:|1779700606
|switch|p1a: Iron Valiant|Iron Valiant|100/100
|-enditem|p1a: Iron Valiant|Booster Energy
|-activate|p1a: Iron Valiant|ability: Quark Drive|[fromitem]
|-start|p1a: Iron Valiant|quarkdrivespe
|turn|16
|
|t:|1779700619
|move|p1a: Iron Valiant|Close Combat|p2a: Overqwil
|-damage|p2a: Overqwil|0 fnt
|-unboost|p1a: Iron Valiant|def|1
|-unboost|p1a: Iron Valiant|spd|1
|faint|p2a: Overqwil
|
|-weather|none
|upkeep
|
|t:|1779700630
|switch|p2a: Primarina|Primarina, M|100/100
|-damage|p2a: Primarina|88/100|[from] Stealth Rock
|turn|17
|
|t:|1779700645
|move|p1a: Iron Valiant|Spirit Break|p2a: Primarina
|-damage|p2a: Primarina|44/100
|-unboost|p2a: Primarina|spa|1
|move|p2a: Primarina|Hyper Voice|p1a: Iron Valiant
|-damage|p1a: Iron Valiant|10/100
|
|-heal|p2a: Primarina|50/100|[from] item: Leftovers
|upkeep
|turn|18
|
|t:|1779700660
|switch|p2a: Pelipper|Pelipper, M|56/100
|-damage|p2a: Pelipper|31/100|[from] Stealth Rock
|-weather|RainDance|[from] ability: Drizzle|[of] p2a: Pelipper
|move|p1a: Iron Valiant|Spirit Break|p2a: Pelipper
|-damage|p2a: Pelipper|3/100
|-unboost|p2a: Pelipper|spa|1
|
|-weather|RainDance|[upkeep]
|upkeep
|turn|19
|-message|hdy nb forfeited.
|
|win|aaagislash
|raw|aaagislash's rating: 1518 &rarr; <strong>1534</strong><br />(+16 for winning)
|raw|hdy nb's rating: 1444 &rarr; <strong>1428</strong><br />(-16 for losing)
|l|☆hdy nb
|player|p2|
|l|‽aaagislash
|player|p1|
