|j|☆Acastillo631
|j|☆asdadac
|t:|1779720025
|gametype|singles
|player|p1|Acastillo631|silver|1589
|player|p2|asdadac|265|1576
|gen|9
|tier|[Gen 9] OU
|rated|
|rule|HP Percentage Mod: HP is shown in percentages
|rule|Endless Battle Clause: Forcing endless battles is banned
|rule|Species Clause: Limit one of each Pokémon
|rule|OHKO Clause: OHKO moves are banned
|rule|Evasion Items Clause: Evasion items are banned
|rule|Evasion Moves Clause: Evasion moves are banned
|rule|Evasion Abilities Clause: Evasion abilities are banned
|rule|Sleep Moves Clause: Sleep-inducing moves are banned
|clearpoke
|poke|p1|Iron Valiant|
|poke|p1|Sinistcha|
|poke|p1|Tyranitar, M|
|poke|p1|Klefki, F|
|poke|p1|Corviknight, M|
|poke|p1|Swampert, M|
|poke|p2|Volcanion|
|poke|p2|Great Tusk|
|poke|p2|Hatterene, F|
|poke|p2|Gholdengo|
|poke|p2|Dragonite, F|
|poke|p2|Weavile, F|
|teampreview
|j| rentschler
|
|t:|1779720046
|teamsize|p1|6
|teamsize|p2|6
|start
|switch|p1a: Duff Mcwhalen|Swampert, M|100/100
|switch|p2a: 法西娅|Gholdengo|100/100
|turn|1
|
|t:|1779720061
|switch|p2a: 我是奶龙|Dragonite, F|100/100
|move|p1a: Duff Mcwhalen|Knock Off|p2a: 我是奶龙
|-damage|p2a: 我是奶龙|88/100
|-enditem|p2a: 我是奶龙|Leftovers|[from] move: Knock Off|[of] p1a: Duff Mcwhalen
|
|upkeep
|turn|2
|j| Supa Dupa Hoopa
|l|☆Acastillo631
|player|p1|
|l| rentschler
|inactive|Battle timer is ON: inactive players will automatically lose when time's up. (requested by asdadac)
|j|☆Acastillo631
|inactive|Acastillo631 reconnected and has 145 seconds left.
|player|p1|Acastillo631|silver|
|
|t:|1779720121
|move|p2a: 我是奶龙|Encore|p1a: Duff Mcwhalen
|-start|p1a: Duff Mcwhalen|Encore
|move|p1a: Duff Mcwhalen|Knock Off|p2a: 我是奶龙
|-damage|p2a: 我是奶龙|70/100
|
|upkeep
|turn|3
|
|t:|1779720130
|switch|p1a: Eregion|Tyranitar, M|100/100
|-weather|Sandstorm|[from] ability: Sand Stream|[of] p1a: Eregion
|move|p2a: 我是奶龙|Dragon Dance|p2a: 我是奶龙
|-boost|p2a: 我是奶龙|atk|1
|-boost|p2a: 我是奶龙|spe|1
|
|-weather|Sandstorm|[upkeep]
|-damage|p2a: 我是奶龙|64/100|[from] Sandstorm
|upkeep
|turn|4
|
|t:|1779720137
|switch|p1a: Wind Crowrang|Corviknight, M|100/100
|-terastallize|p2a: 我是奶龙|Ground
|move|p2a: 我是奶龙|Earthquake|p1a: Wind Crowrang
|-immune|p1a: Wind Crowrang
|
|-weather|Sandstorm|[upkeep]
|upkeep
|turn|5
|
|t:|1779720145
|move|p2a: 我是奶龙|Dragon Dance|p2a: 我是奶龙
|-boost|p2a: 我是奶龙|atk|1
|-boost|p2a: 我是奶龙|spe|1
|move|p1a: Wind Crowrang|Body Press|p2a: 我是奶龙
|-damage|p2a: 我是奶龙|42/100
|
|-weather|Sandstorm|[upkeep]
|upkeep
|turn|6
|
|t:|1779720152
|move|p2a: 我是奶龙|Ice Spinner|p1a: Wind Crowrang
|-damage|p1a: Wind Crowrang|52/100
|move|p1a: Wind Crowrang|Body Press|p2a: 我是奶龙
|-damage|p2a: 我是奶龙|21/100
|
|-weather|Sandstorm|[upkeep]
|upkeep
|turn|7
|inactive|Acastillo631 has 120 seconds left.
|inactive|Acastillo631 has 90 seconds left.
|
|t:|1779720240
|move|p2a: 我是奶龙|Ice Spinner|p1a: Wind Crowrang
|-damage|p1a: Wind Crowrang|9/100
|move|p1a: Wind Crowrang|Body Press|p2a: 我是奶龙
|-damage|p2a: 我是奶龙|0 fnt
|faint|p2a: 我是奶龙
|
|-weather|none
|upkeep
|
|t:|1779720250
|switch|p2a: 无我梦中|Volcanion|100/100
|turn|8
|j| kozziewozzie
|inactive|Acastillo631 has 60 seconds left.
|
|t:|1779720280
|move|p2a: 无我梦中|Flamethrower|p1a: Wind Crowrang
|-supereffective|p1a: Wind Crowrang
|-damage|p1a: Wind Crowrang|0 fnt
|faint|p1a: Wind Crowrang
|
|upkeep
|
|t:|1779720286
|switch|p1a: Duff Mcwhalen|Swampert, M|100/100
|turn|9
|l| kozziewozzie
|
|t:|1779720294
|move|p2a: 无我梦中|Will-O-Wisp|p1a: Duff Mcwhalen
|-status|p1a: Duff Mcwhalen|brn
|move|p1a: Duff Mcwhalen|Earthquake|p2a: 无我梦中
|-supereffective|p2a: 无我梦中
|-enditem|p2a: 无我梦中|Shuca Berry|[eat]
|-enditem|p2a: 无我梦中|Shuca Berry|[weaken]
|-damage|p2a: 无我梦中|84/100
|
|-damage|p1a: Duff Mcwhalen|94/100 brn|[from] brn
|upkeep
|turn|10
|inactive|Acastillo631 has 60 seconds left.
|
|t:|1779720321
|switch|p2a: 柔情魔女|Hatterene, F|100/100
|move|p1a: Duff Mcwhalen|Earthquake|p2a: 柔情魔女
|-damage|p2a: 柔情魔女|84/100
|
|-heal|p1a: Duff Mcwhalen|100/100 brn|[from] item: Leftovers
|-damage|p1a: Duff Mcwhalen|94/100 brn|[from] brn
|upkeep
|turn|11
|
|t:|1779720327
|move|p1a: Duff Mcwhalen|Knock Off|p2a: 柔情魔女
|-damage|p2a: 柔情魔女|74/100
|-damage|p1a: Duff Mcwhalen|78/100 brn|[from] item: Rocky Helmet|[of] p2a: 柔情魔女
|-enditem|p2a: 柔情魔女|Rocky Helmet|[from] move: Knock Off|[of] p1a: Duff Mcwhalen
|move|p2a: 柔情魔女|Draining Kiss|p1a: Duff Mcwhalen
|-damage|p1a: Duff Mcwhalen|63/100 brn
|-heal|p2a: 柔情魔女|88/100|[from] drain|[of] p1a: Duff Mcwhalen
|
|-heal|p1a: Duff Mcwhalen|69/100 brn|[from] item: Leftovers
|-damage|p1a: Duff Mcwhalen|63/100 brn|[from] brn
|upkeep
|turn|12
|inactive|Acastillo631 has 60 seconds left.
|inactive|Acastillo631 has 30 seconds left.
|inactive|Acastillo631 has 20 seconds left.
|
|t:|1779720378
|move|p1a: Duff Mcwhalen|Flip Turn|p2a: 柔情魔女
|-crit|p2a: 柔情魔女
|-damage|p2a: 柔情魔女|74/100
|inactive|Acastillo631 has 25 seconds left this turn.
|
|t:|1779720380
|switch|p1a: Redips|Klefki, F|100/100|[from] Flip Turn
|move|p2a: 柔情魔女|Draining Kiss|p1a: Redips
|-resisted|p1a: Redips
|-damage|p1a: Redips|86/100
|-heal|p2a: 柔情魔女|85/100|[from] drain|[of] p1a: Redips
|-damage|p2a: 柔情魔女|68/100|[from] item: Rocky Helmet|[of] p1a: Redips
|
|upkeep
|turn|13
|inactive|Acastillo631 has 30 seconds left.
|
|t:|1779720389
|switch|p1a: Eregion|Tyranitar, M|100/100
|-weather|Sandstorm|[from] ability: Sand Stream|[of] p1a: Eregion
|move|p2a: 柔情魔女|Nuzzle|p1a: Eregion
|-damage|p1a: Eregion|98/100
|-status|p1a: Eregion|par
|
|-weather|Sandstorm|[upkeep]
|-damage|p2a: 柔情魔女|62/100|[from] Sandstorm
|-heal|p1a: Eregion|100/100 par|[from] item: Leftovers
|upkeep
|turn|14
|
|t:|1779720398
|move|p2a: 柔情魔女|Draining Kiss|p1a: Eregion
|-supereffective|p1a: Eregion
|-damage|p1a: Eregion|81/100 par
|-heal|p2a: 柔情魔女|81/100|[from] drain|[of] p1a: Eregion
|move|p1a: Eregion|Knock Off|p2a: 柔情魔女
|-damage|p2a: 柔情魔女|55/100
|
|-weather|Sandstorm|[upkeep]
|-damage|p2a: 柔情魔女|49/100|[from] Sandstorm
|-heal|p1a: Eregion|87/100 par|[from] item: Leftovers
|upkeep
|turn|15
|
|t:|1779720406
|move|p2a: 柔情魔女|Draining Kiss|p1a: Eregion
|-supereffective|p1a: Eregion
|-damage|p1a: Eregion|70/100 par
|-heal|p2a: 柔情魔女|66/100|[from] drain|[of] p1a: Eregion
|move|p1a: Eregion|Stone Edge|p2a: 柔情魔女
|-damage|p2a: 柔情魔女|30/100
|
|-weather|Sandstorm|[upkeep]
|-damage|p2a: 柔情魔女|24/100|[from] Sandstorm
|-heal|p1a: Eregion|76/100 par|[from] item: Leftovers
|upkeep
|turn|16
|inactive|Acastillo631 has 30 seconds left.
|inactive|Acastillo631 has 20 seconds left.
|inactive|Acastillo631 has 15 seconds left.
|inactive|Acastillo631 has 10 seconds left.
|
|t:|1779720452
|switch|p1a: Redips|Klefki, F|86/100
|move|p2a: 柔情魔女|Draining Kiss|p1a: Redips
|-resisted|p1a: Redips
|-crit|p1a: Redips
|-damage|p1a: Redips|65/100
|-heal|p2a: 柔情魔女|40/100|[from] drain|[of] p1a: Redips
|-damage|p2a: 柔情魔女|24/100|[from] item: Rocky Helmet|[of] p1a: Redips
|
|-weather|Sandstorm|[upkeep]
|-damage|p2a: 柔情魔女|18/100|[from] Sandstorm
|upkeep
|turn|17
|inactive|Acastillo631 has 20 seconds left this turn.
|
|t:|1779720464
|move|p1a: Redips|Dazzling Gleam|p2a: 柔情魔女
|-damage|p2a: 柔情魔女|0 fnt
|faint|p2a: 柔情魔女
|
|-weather|none
|upkeep
|
|t:|1779720471
|switch|p2a: 阿鼻叫唤|Great Tusk|100/100
|turn|18
|inactive|Acastillo631 has 30 seconds left.
|
|t:|1779720481
|move|p1a: Redips|Magnet Rise|p1a: Redips
|-start|p1a: Redips|Magnet Rise
|move|p2a: 阿鼻叫唤|Headlong Rush|p1a: Redips
|-immune|p1a: Redips
|
|upkeep
|turn|19
|
|t:|1779720491
|move|p1a: Redips|Spikes|p2a: 阿鼻叫唤
|-sidestart|p2: asdadac|Spikes
|move|p2a: 阿鼻叫唤|Close Combat|p1a: Redips
|-damage|p1a: Redips|16/100
|-unboost|p2a: 阿鼻叫唤|def|1
|-unboost|p2a: 阿鼻叫唤|spd|1
|-damage|p2a: 阿鼻叫唤|84/100|[from] item: Rocky Helmet|[of] p1a: Redips
|
|upkeep
|turn|20
|
|t:|1779720499
|switch|p1a: Wire Sponge|Sinistcha|100/100
|move|p2a: 阿鼻叫唤|Close Combat|p1a: Wire Sponge
|-immune|p1a: Wire Sponge
|
|upkeep
|turn|21
|
|t:|1779720503
|move|p2a: 阿鼻叫唤|Rapid Spin|p1a: Wire Sponge
|-immune|p1a: Wire Sponge
|move|p1a: Wire Sponge|Matcha Gotcha|p2a: 阿鼻叫唤
|-supereffective|p2a: 阿鼻叫唤
|-damage|p2a: 阿鼻叫唤|3/100
|-status|p2a: 阿鼻叫唤|brn
|
|-damage|p2a: 阿鼻叫唤|0 fnt|[from] brn
|faint|p2a: 阿鼻叫唤
|-end|p2a: 阿鼻叫唤|Protosynthesis|[silent]
|upkeep
|
|t:|1779720512
|switch|p2a: 支离灭裂|Weavile, F|100/100
|-damage|p2a: 支离灭裂|88/100|[from] Spikes
|-ability|p2a: 支离灭裂|Pressure
|turn|22
|inactive|Acastillo631 has 60 seconds left.
|inactive|Acastillo631 has 30 seconds left.
|
|t:|1779720548
|switch|p1a: Redips|Klefki, F|16/100
|move|p2a: 支离灭裂|Triple Axel|p1a: Redips
|-resisted|p1a: Redips
|-damage|p1a: Redips|10/100
|-damage|p2a: 支离灭裂|72/100|[from] item: Rocky Helmet|[of] p1a: Redips
|-resisted|p1a: Redips
|-damage|p1a: Redips|0 fnt
|-damage|p2a: 支离灭裂|55/100|[from] item: Rocky Helmet|[of] p1a: Redips
|faint|p1a: Redips
|-hitcount|p1: Redips|2
|
|upkeep
|inactive|Acastillo631 has 30 seconds left.
|
|t:|1779720557
|switch|p1a: Sage Harpuia|Iron Valiant|100/100
|-enditem|p1a: Sage Harpuia|Booster Energy
|-activate|p1a: Sage Harpuia|ability: Quark Drive|[fromitem]
|-start|p1a: Sage Harpuia|quarkdrivespe
|turn|23
|
|t:|1779720566
|move|p1a: Sage Harpuia|Moonblast|p2a: 支离灭裂
|-supereffective|p2a: 支离灭裂
|-damage|p2a: 支离灭裂|0 fnt
|faint|p2a: 支离灭裂
|
|upkeep
|-message|asdadac forfeited.
|
|win|Acastillo631
|raw|Acastillo631's rating: 1589 &rarr; <strong>1608</strong><br />(+19 for winning)
|raw|asdadac's rating: 1576 &rarr; <strong>1557</strong><br />(-19 for losing)
|l|☆Acastillo631
|player|p1|
