|j|☆Mr Tpen
|j|☆SlimyTime
|t:|1779633706
|gametype|singles
|player|p1|Mr Tpen|102|1644
|player|p2|SlimyTime|ltsurge|1683
|gen|9
|tier|[Gen 9] OU
|rated|
|rule|HP Percentage Mod: HP is shown in percentages
|rule|Endless Battle Clause: Forcing endless battles is banned
|rule|Species Clause: Limit one of each Pokémon
|rule|OHKO Clause: OHKO moves are banned
|rule|Evasion Items Clause: Evasion items are banned
|rule|Evasion Moves Clause: Evasion moves are banned
|rule|Evasion Abilities Clause: Evasion abilities are banned
|rule|Sleep Moves Clause: Sleep-inducing moves are banned
|clearpoke
|poke|p1|Gliscor, M|
|poke|p1|Gholdengo|
|poke|p1|Dragonite, F|
|poke|p1|Ting-Lu|
|poke|p1|Darkrai|
|poke|p1|Zamazenta-*|
|poke|p2|Dragapult, F|
|poke|p2|Zamazenta-*|
|poke|p2|Darkrai|
|poke|p2|Iron Crown|
|poke|p2|Iron Treads|
|poke|p2|Landorus-Therian, M|
|teampreview
|inactive|Battle timer is ON: inactive players will automatically lose when time's up. (requested by Mr Tpen)
|
|t:|1779633757
|teamsize|p1|6
|teamsize|p2|6
|start
|switch|p1a: Ting-Lu|Ting-Lu|100/100
|switch|p2a: Darkrai|Darkrai|100/100
|-ability|p1a: Ting-Lu|Vessel of Ruin
|turn|1
|
|t:|1779633763
|move|p2a: Darkrai|Will-O-Wisp|p1a: Ting-Lu|[miss]
|-miss|p2a: Darkrai|p1a: Ting-Lu
|move|p1a: Ting-Lu|Stealth Rock|p2a: Darkrai
|-sidestart|p2: SlimyTime|move: Stealth Rock
|
|upkeep
|turn|2
|
|t:|1779633770
|move|p2a: Darkrai|Will-O-Wisp|p1a: Ting-Lu
|-status|p1a: Ting-Lu|brn
|move|p1a: Ting-Lu|Ruination|p2a: Darkrai
|-damage|p2a: Darkrai|51/100
|
|-heal|p2a: Darkrai|57/100|[from] item: Leftovers
|-damage|p1a: Ting-Lu|94/100 brn|[from] brn
|upkeep
|turn|3
|
|t:|1779633774
|switch|p2a: Landorus|Landorus-Therian, M|100/100
|-damage|p2a: Landorus|88/100|[from] Stealth Rock
|-ability|p2a: Landorus|Intimidate|boost
|-unboost|p1a: Ting-Lu|atk|1
|move|p1a: Ting-Lu|Ruination|p2a: Landorus
|-damage|p2a: Landorus|44/100
|
|-heal|p2a: Landorus|50/100|[from] item: Leftovers
|-heal|p1a: Ting-Lu|100/100 brn|[from] item: Leftovers
|-damage|p1a: Ting-Lu|94/100 brn|[from] brn
|upkeep
|turn|4
|
|t:|1779633779
|move|p2a: Landorus|Substitute|p2a: Landorus
|-start|p2a: Landorus|Substitute
|-damage|p2a: Landorus|26/100
|move|p1a: Ting-Lu|Ruination|p2a: Landorus
|-activate|p2a: Landorus|move: Substitute|[damage]
|
|-heal|p2a: Landorus|32/100|[from] item: Leftovers
|-heal|p1a: Ting-Lu|100/100 brn|[from] item: Leftovers
|-damage|p1a: Ting-Lu|94/100 brn|[from] brn
|upkeep
|turn|5
|
|t:|1779633782
|move|p2a: Landorus|Swords Dance|p2a: Landorus
|-boost|p2a: Landorus|atk|2
|move|p1a: Ting-Lu|Whirlwind|p2a: Landorus
|drag|p2a: Iron Treads|Iron Treads|100/100
|-damage|p2a: Iron Treads|97/100|[from] Stealth Rock
|-enditem|p2a: Iron Treads|Booster Energy
|-activate|p2a: Iron Treads|ability: Quark Drive|[fromitem]
|-start|p2a: Iron Treads|quarkdrivespe
|
|-heal|p1a: Ting-Lu|100/100 brn|[from] item: Leftovers
|-damage|p1a: Ting-Lu|94/100 brn|[from] brn
|upkeep
|turn|6
|
|t:|1779633785
|move|p2a: Iron Treads|Rapid Spin|p1a: Ting-Lu
|-damage|p1a: Ting-Lu|85/100 brn
|-boost|p2a: Iron Treads|spe|1
|-sideend|p2: SlimyTime|Stealth Rock|[from] move: Rapid Spin|[of] p2a: Iron Treads
|move|p1a: Ting-Lu|Whirlwind|p2a: Iron Treads
|-end|p2a: Iron Treads|Quark Drive|[silent]
|drag|p2a: Landorus|Landorus-Therian, M|32/100
|-ability|p2a: Landorus|Intimidate|boost
|-unboost|p1a: Ting-Lu|atk|1
|
|-heal|p2a: Landorus|37/100|[from] item: Leftovers
|-heal|p1a: Ting-Lu|92/100 brn|[from] item: Leftovers
|-damage|p1a: Ting-Lu|85/100 brn|[from] brn
|upkeep
|turn|7
|
|t:|1779633794
|move|p2a: Landorus|Earthquake|p1a: Ting-Lu
|-damage|p1a: Ting-Lu|53/100 brn
|move|p1a: Ting-Lu|Stealth Rock|p2a: Landorus
|-sidestart|p2: SlimyTime|move: Stealth Rock
|
|-heal|p2a: Landorus|43/100|[from] item: Leftovers
|-heal|p1a: Ting-Lu|59/100 brn|[from] item: Leftovers
|-damage|p1a: Ting-Lu|53/100 brn|[from] brn
|upkeep
|turn|8
|
|t:|1779633798
|move|p2a: Landorus|Earthquake|p1a: Ting-Lu
|-damage|p1a: Ting-Lu|20/100 brn
|move|p1a: Ting-Lu|Whirlwind|p2a: Landorus
|drag|p2a: Iron Crown|Iron Crown|100/100
|-damage|p2a: Iron Crown|94/100|[from] Stealth Rock
|-enditem|p2a: Iron Crown|Booster Energy
|-activate|p2a: Iron Crown|ability: Quark Drive|[fromitem]
|-start|p2a: Iron Crown|quarkdrivespe
|
|-heal|p1a: Ting-Lu|26/100 brn|[from] item: Leftovers
|-damage|p1a: Ting-Lu|20/100 brn|[from] brn
|upkeep
|turn|9
|
|t:|1779633801
|move|p2a: Iron Crown|Tachyon Cutter|p1a: Ting-Lu
|-damage|p1a: Ting-Lu|10/100 brn
|-damage|p1a: Ting-Lu|0 fnt
|faint|p1a: Ting-Lu
|-hitcount|p1: Ting-Lu|2
|
|upkeep
|
|t:|1779633804
|switch|p1a: Darkrai|Darkrai|100/100
|turn|10
|
|t:|1779633807
|move|p2a: Iron Crown|Focus Blast|p1a: Darkrai|[miss]
|-miss|p2a: Iron Crown|p1a: Darkrai
|move|p1a: Darkrai|Dark Pulse|p2a: Iron Crown
|-supereffective|p2a: Iron Crown
|-damage|p2a: Iron Crown|10/100
|
|upkeep
|turn|11
|
|t:|1779633812
|move|p2a: Iron Crown|Focus Blast|p1a: Darkrai|[miss]
|-miss|p2a: Iron Crown|p1a: Darkrai
|move|p1a: Darkrai|Dark Pulse|p2a: Iron Crown
|-supereffective|p2a: Iron Crown
|-damage|p2a: Iron Crown|0 fnt
|faint|p2a: Iron Crown
|-end|p2a: Iron Crown|Quark Drive|[silent]
|
|upkeep
|
|t:|1779633816
|switch|p2a: Zamazenta|Zamazenta|100/100
|-damage|p2a: Zamazenta|94/100|[from] Stealth Rock
|-ability|p2a: Zamazenta|Dauntless Shield|boost
|-boost|p2a: Zamazenta|def|1
|turn|12
|j| kanaete onegai
|
|t:|1779633823
|switch|p1a: Gliscor|Gliscor, M|100/100
|move|p2a: Zamazenta|Light Screen|p2a: Zamazenta
|-sidestart|p2: SlimyTime|move: Light Screen
|
|-status|p1a: Gliscor|tox|[from] item: Toxic Orb
|upkeep
|turn|13
|
|t:|1779633826
|move|p2a: Zamazenta|Reflect|p2a: Zamazenta
|-sidestart|p2: SlimyTime|Reflect
|move|p1a: Gliscor|Toxic|p2a: Zamazenta
|-status|p2a: Zamazenta|tox
|
|-damage|p2a: Zamazenta|88/100 tox|[from] psn
|upkeep
|turn|14
|
|t:|1779633828
|switch|p2a: Landorus|Landorus-Therian, M|43/100
|-damage|p2a: Landorus|31/100|[from] Stealth Rock
|-ability|p2a: Landorus|Intimidate|boost
|-unboost|p1a: Gliscor|atk|1
|move|p1a: Gliscor|Toxic|p2a: Landorus
|-status|p2a: Landorus|tox
|
|-heal|p2a: Landorus|37/100 tox|[from] item: Leftovers
|-damage|p2a: Landorus|31/100 tox|[from] psn
|upkeep
|turn|15
|
|t:|1779633830
|move|p2a: Landorus|Smack Down|p1a: Gliscor
|-damage|p1a: Gliscor|89/100 tox
|-start|p1a: Gliscor|Smack Down
|move|p1a: Gliscor|Spikes|p2a: Landorus
|-sidestart|p2: SlimyTime|Spikes
|
|-heal|p2a: Landorus|37/100 tox|[from] item: Leftovers
|-damage|p2a: Landorus|25/100 tox|[from] psn
|-heal|p1a: Gliscor|100/100 tox|[from] ability: Poison Heal
|upkeep
|turn|16
|
|t:|1779633833
|move|p2a: Landorus|Earthquake|p1a: Gliscor
|-damage|p1a: Gliscor|67/100 tox
|move|p1a: Gliscor|Spikes|p2a: Landorus
|-sidestart|p2: SlimyTime|Spikes
|
|-heal|p2a: Landorus|31/100 tox|[from] item: Leftovers
|-damage|p2a: Landorus|13/100 tox|[from] psn
|-heal|p1a: Gliscor|79/100 tox|[from] ability: Poison Heal
|upkeep
|turn|17
|
|t:|1779633836
|move|p1a: Gliscor|Protect|p1a: Gliscor
|-singleturn|p1a: Gliscor|Protect
|move|p2a: Landorus|Smack Down|p1a: Gliscor
|-activate|p1a: Gliscor|move: Protect
|
|-heal|p2a: Landorus|19/100 tox|[from] item: Leftovers
|-damage|p2a: Landorus|0 fnt|[from] psn
|faint|p2a: Landorus
|-heal|p1a: Gliscor|92/100 tox|[from] ability: Poison Heal
|upkeep
|
|t:|1779633839
|switch|p2a: Dragapult|Dragapult, F|100/100
|-damage|p2a: Dragapult|88/100|[from] Stealth Rock
|-damage|p2a: Dragapult|72/100|[from] Spikes
|turn|18
|
|t:|1779633841
|move|p2a: Dragapult|Substitute|p2a: Dragapult
|-start|p2a: Dragapult|Substitute
|-damage|p2a: Dragapult|47/100
|move|p1a: Gliscor|Toxic||[still]
|-fail|p1a: Gliscor
|
|-heal|p2a: Dragapult|53/100|[from] item: Leftovers
|-heal|p1a: Gliscor|100/100 tox|[from] ability: Poison Heal
|upkeep
|turn|19
|
|t:|1779633844
|switch|p1a: Darkrai|Darkrai|100/100
|move|p2a: Dragapult|Dragon Dance|p2a: Dragapult
|-boost|p2a: Dragapult|atk|1
|-boost|p2a: Dragapult|spe|1
|
|-heal|p2a: Dragapult|59/100|[from] item: Leftovers
|-sideend|p2: SlimyTime|move: Light Screen
|upkeep
|turn|20
|
|t:|1779633847
|move|p2a: Dragapult|Dragon Darts|p1a: Darkrai
|-damage|p1a: Darkrai|44/100
|-anim|p2a: Dragapult|Dragon Darts|p1a: Darkrai
|-damage|p1a: Darkrai|0 fnt
|faint|p1a: Darkrai
|
|-heal|p2a: Dragapult|65/100|[from] item: Leftovers
|-sideend|p2: SlimyTime|Reflect
|upkeep
|
|t:|1779633850
|switch|p1a: Zamazenta|Zamazenta|100/100
|-ability|p1a: Zamazenta|Dauntless Shield|boost
|-boost|p1a: Zamazenta|def|1
|turn|21
|
|t:|1779633854
|move|p2a: Dragapult|Phantom Force||[still]
|-prepare|p2a: Dragapult|Phantom Force
|move|p1a: Zamazenta|Crunch|p2a: Dragapult|[miss]
|-miss|p1a: Zamazenta|p2a: Dragapult
|
|-heal|p2a: Dragapult|71/100|[from] item: Leftovers
|upkeep
|turn|22
|
|t:|1779633858
|-terastallize|p1a: Zamazenta|Dark
|move|p2a: Dragapult|Phantom Force|p1a: Zamazenta|[from] lockedmove
|-resisted|p1a: Zamazenta
|-damage|p1a: Zamazenta|76/100
|move|p1a: Zamazenta|Crunch|p2a: Dragapult
|-supereffective|p2a: Dragapult
|-end|p2a: Dragapult|Substitute
|
|-heal|p2a: Dragapult|77/100|[from] item: Leftovers
|upkeep
|turn|23
|
|t:|1779633864
|switch|p2a: Zamazenta|Zamazenta|88/100 tox
|-damage|p2a: Zamazenta|82/100 tox|[from] Stealth Rock
|-damage|p2a: Zamazenta|65/100 tox|[from] Spikes
|move|p1a: Zamazenta|Crunch|p2a: Zamazenta
|-resisted|p2a: Zamazenta
|-damage|p2a: Zamazenta|52/100 tox
|
|-damage|p2a: Zamazenta|46/100 tox|[from] psn
|upkeep
|turn|24
|
|t:|1779633869
|switch|p1a: Gliscor|Gliscor, M|100/100 tox
|move|p2a: Zamazenta|Reflect|p2a: Zamazenta
|-sidestart|p2: SlimyTime|Reflect
|
|-damage|p2a: Zamazenta|34/100 tox|[from] psn
|upkeep
|turn|25
|
|t:|1779633873
|move|p1a: Gliscor|Spikes|p2a: Zamazenta
|-sidestart|p2: SlimyTime|Spikes
|move|p2a: Zamazenta|Roar|p1a: Gliscor
|drag|p1a: Gholdengo|Gholdengo|100/100
|
|-damage|p2a: Zamazenta|15/100 tox|[from] psn
|upkeep
|turn|26
|
|t:|1779633877
|switch|p1a: Gliscor|Gliscor, M|100/100 tox
|move|p2a: Zamazenta|Light Screen|p2a: Zamazenta
|-sidestart|p2: SlimyTime|move: Light Screen
|
|-damage|p2a: Zamazenta|0 fnt|[from] psn
|faint|p2a: Zamazenta
|upkeep
|
|t:|1779633881
|switch|p2a: Iron Treads|Iron Treads|97/100
|-damage|p2a: Iron Treads|94/100|[from] Stealth Rock
|-damage|p2a: Iron Treads|69/100|[from] Spikes
|turn|27
|
|t:|1779633885
|move|p1a: Gliscor|Protect|p1a: Gliscor
|-singleturn|p1a: Gliscor|Protect
|move|p2a: Iron Treads|Rapid Spin|p1a: Gliscor
|-activate|p1a: Gliscor|move: Protect
|
|upkeep
|turn|28
|
|t:|1779633887
|move|p2a: Iron Treads|Rapid Spin|p1a: Gliscor
|-damage|p1a: Gliscor|91/100 tox
|-boost|p2a: Iron Treads|spe|1
|-sideend|p2: SlimyTime|Spikes|[from] move: Rapid Spin|[of] p2a: Iron Treads
|-sideend|p2: SlimyTime|Stealth Rock|[from] move: Rapid Spin|[of] p2a: Iron Treads
|move|p1a: Gliscor|Spikes|p2a: Iron Treads
|-sidestart|p2: SlimyTime|Spikes
|
|-heal|p1a: Gliscor|100/100 tox|[from] ability: Poison Heal
|upkeep
|turn|29
|
|t:|1779633889
|move|p1a: Gliscor|Protect|p1a: Gliscor
|-singleturn|p1a: Gliscor|Protect
|move|p2a: Iron Treads|Stealth Rock|p1a: Gliscor
|-sidestart|p1: Mr Tpen|move: Stealth Rock
|
|upkeep
|turn|30
|
|t:|1779633894
|-end|p2a: Iron Treads|Quark Drive|[silent]
|switch|p2a: Darkrai|Darkrai|57/100
|-damage|p2a: Darkrai|45/100|[from] Spikes
|move|p1a: Gliscor|Toxic|p2a: Darkrai
|-status|p2a: Darkrai|tox
|
|-heal|p2a: Darkrai|51/100 tox|[from] item: Leftovers
|-damage|p2a: Darkrai|45/100 tox|[from] psn
|upkeep
|turn|31
|j| HonchkrowLover27
|
|t:|1779633897
|move|p1a: Gliscor|Protect|p1a: Gliscor
|-singleturn|p1a: Gliscor|Protect
|move|p2a: Darkrai|Nasty Plot|p2a: Darkrai
|-boost|p2a: Darkrai|spa|2
|
|-heal|p2a: Darkrai|51/100 tox|[from] item: Leftovers
|-damage|p2a: Darkrai|38/100 tox|[from] psn
|-sideend|p2: SlimyTime|Reflect
|upkeep
|turn|32
|
|t:|1779633903
|switch|p1a: Zamazenta|Zamazenta, tera:Dark|76/100
|move|p2a: Darkrai|Ice Beam|p1a: Zamazenta
|-damage|p1a: Zamazenta|29/100
|
|-heal|p2a: Darkrai|45/100 tox|[from] item: Leftovers
|-damage|p2a: Darkrai|26/100 tox|[from] psn
|upkeep
|turn|33
|
|t:|1779633912
|move|p1a: Zamazenta|Heavy Slam|p2a: Darkrai
|-damage|p2a: Darkrai|0 fnt
|faint|p2a: Darkrai
|
|-sideend|p2: SlimyTime|move: Light Screen
|upkeep
|
|t:|1779633920
|switch|p2a: Dragapult|Dragapult, F|77/100
|-damage|p2a: Dragapult|65/100|[from] Spikes
|turn|34
|
|t:|1779633923
|-terastallize|p2a: Dragapult|Dragon
|move|p1a: Zamazenta|Crunch|p2a: Dragapult
|-damage|p2a: Dragapult|11/100
|move|p2a: Dragapult|Dragon Dance|p2a: Dragapult
|-boost|p2a: Dragapult|atk|1
|-boost|p2a: Dragapult|spe|1
|
|-heal|p2a: Dragapult|17/100|[from] item: Leftovers
|upkeep
|turn|35
|
|t:|1779633929
|move|p2a: Dragapult|Phantom Force||[still]
|-prepare|p2a: Dragapult|Phantom Force
|move|p1a: Zamazenta|Crunch|p2a: Dragapult|[miss]
|-miss|p1a: Zamazenta|p2a: Dragapult
|
|-heal|p2a: Dragapult|23/100|[from] item: Leftovers
|upkeep
|turn|36
|j| diancie The pearl
|
|t:|1779633932
|move|p2a: Dragapult|Phantom Force|p1a: Zamazenta|[from] lockedmove
|-resisted|p1a: Zamazenta
|-damage|p1a: Zamazenta|0 fnt
|faint|p1a: Zamazenta
|
|-heal|p2a: Dragapult|29/100|[from] item: Leftovers
|upkeep
|
|t:|1779633934
|switch|p1a: Gliscor|Gliscor, M|100/100 tox
|-damage|p1a: Gliscor|88/100 tox|[from] Stealth Rock
|turn|37
|
|t:|1779633939
|move|p2a: Dragapult|Substitute|p2a: Dragapult
|-start|p2a: Dragapult|Substitute
|-damage|p2a: Dragapult|4/100
|move|p1a: Gliscor|Earthquake|p2a: Dragapult
|-end|p2a: Dragapult|Substitute
|
|-heal|p2a: Dragapult|10/100|[from] item: Leftovers
|-heal|p1a: Gliscor|100/100 tox|[from] ability: Poison Heal
|upkeep
|turn|38
|
|t:|1779633944
|move|p2a: Dragapult|Dragon Darts|p1a: Gliscor
|-damage|p1a: Gliscor|70/100 tox
|-anim|p2a: Dragapult|Dragon Darts|p1a: Gliscor
|-damage|p1a: Gliscor|38/100 tox
|move|p1a: Gliscor|Earthquake|p2a: Dragapult
|-crit|p2a: Dragapult
|-damage|p2a: Dragapult|0 fnt
|faint|p2a: Dragapult
|
|-heal|p1a: Gliscor|50/100 tox|[from] ability: Poison Heal
|upkeep
|-message|SlimyTime forfeited.
|
|win|Mr Tpen
|raw|Mr Tpen's rating: 1644 &rarr; <strong>1666</strong><br />(+22 for winning)
|raw|SlimyTime's rating: 1683 &rarr; <strong>1661</strong><br />(-22 for losing)
|l|☆SlimyTime
|player|p2|
|l|☆Mr Tpen
|player|p1|
|l| diancie The pearl
