|j|☆michael00000000
|j|☆samylc
|t:|1779658741
|gametype|singles
|player|p1|michael00000000|clair|1300
|player|p2|samylc|steven|1324
|gen|9
|tier|[Gen 9] OU
|rated|
|rule|HP Percentage Mod: HP is shown in percentages
|rule|Endless Battle Clause: Forcing endless battles is banned
|rule|Species Clause: Limit one of each Pokémon
|rule|OHKO Clause: OHKO moves are banned
|rule|Evasion Items Clause: Evasion items are banned
|rule|Evasion Moves Clause: Evasion moves are banned
|rule|Evasion Abilities Clause: Evasion abilities are banned
|rule|Sleep Moves Clause: Sleep-inducing moves are banned
|clearpoke
|poke|p1|Gardevoir, F|
|poke|p1|Iron Valiant|
|poke|p1|Arcanine, M|
|poke|p1|Hatterene, F|
|poke|p1|Dragapult, F|
|poke|p1|Milotic, F|
|poke|p2|Cresselia, F|
|poke|p2|Hatterene, F|
|poke|p2|Iron Hands|
|poke|p2|Ursaluna, M|
|poke|p2|Torkoal, F|
|poke|p2|Scream Tail|
|teampreview
|inactive|Battle timer is ON: inactive players will automatically lose when time's up. (requested by samylc)
|
|t:|1779658752
|teamsize|p1|6
|teamsize|p2|6
|start
|switch|p1a: Noir|Hatterene, F, shiny|100/100
|switch|p2a: Hatterene|Hatterene, F, shiny|100/100
|turn|1
|
|t:|1779658760
|move|p1a: Noir|Mystical Fire|p2a: Hatterene
|-crit|p2a: Hatterene
|-damage|p2a: Hatterene|52/100
|-unboost|p2a: Hatterene|spa|1
|move|p2a: Hatterene|Trick Room|p2a: Hatterene
|-fieldstart|move: Trick Room|[of] p2a: Hatterene
|
|upkeep
|turn|2
|
|t:|1779658767
|switch|p2a: Ursaluna|Ursaluna, M|100/100
|move|p1a: Noir|Mystical Fire|p2a: Ursaluna
|-damage|p2a: Ursaluna|74/100
|-unboost|p2a: Ursaluna|spa|1
|
|-status|p2a: Ursaluna|brn|[from] item: Flame Orb
|upkeep
|turn|3
|
|t:|1779658774
|-terastallize|p1a: Noir|Grass
|move|p1a: Noir|Giga Drain|p2a: Ursaluna
|-supereffective|p2a: Ursaluna
|-damage|p2a: Ursaluna|0 fnt
|faint|p2a: Ursaluna
|
|upkeep
|
|t:|1779658779
|switch|p2a: Torkoal|Torkoal, F, shiny|100/100
|-weather|SunnyDay|[from] ability: Drought|[of] p2a: Torkoal
|turn|4
|
|t:|1779658788
|switch|p1a: Ceteres|Milotic, F, shiny|100/100
|move|p2a: Torkoal|Eruption|p1a: Ceteres
|-resisted|p1a: Ceteres
|-damage|p1a: Ceteres|53/100
|
|-weather|SunnyDay|[upkeep]
|-heal|p1a: Ceteres|59/100|[from] item: Leftovers
|upkeep
|turn|5
|
|t:|1779658792
|-terastallize|p2a: Torkoal|Fire
|move|p2a: Torkoal|Eruption|p1a: Ceteres
|-resisted|p1a: Ceteres
|-damage|p1a: Ceteres|0 fnt
|faint|p1a: Ceteres
|
|-weather|SunnyDay|[upkeep]
|-fieldend|move: Trick Room
|upkeep
|
|t:|1779658798
|switch|p1a: Rhea|Gardevoir, F, shiny|100/100
|-ability|p1a: Rhea|Drought|Trace|[from] ability: Trace|[of] p2a: Torkoal
|turn|6
|
|t:|1779658802
|move|p1a: Rhea|Thunderbolt|p2a: Torkoal
|-damage|p2a: Torkoal|57/100
|move|p2a: Torkoal|Eruption|p1a: Rhea
|-damage|p1a: Rhea|37/100
|
|-weather|SunnyDay|[upkeep]
|upkeep
|turn|7
|
|t:|1779658810
|move|p1a: Rhea|Thunderbolt|p2a: Torkoal
|-damage|p2a: Torkoal|12/100
|move|p2a: Torkoal|Eruption|p1a: Rhea
|-damage|p1a: Rhea|22/100
|
|-weather|SunnyDay|[upkeep]
|upkeep
|turn|8
|
|t:|1779658824
|switch|p2a: Hatterene|Hatterene, F, shiny|52/100
|move|p1a: Rhea|Thunderbolt|p2a: Hatterene
|-damage|p2a: Hatterene|14/100
|
|-weather|none
|upkeep
|turn|9
|
|t:|1779658827
|move|p1a: Rhea|Thunderbolt|p2a: Hatterene
|-damage|p2a: Hatterene|0 fnt
|faint|p2a: Hatterene
|
|upkeep
|
|t:|1779658829
|switch|p2a: Cresselia|Cresselia, F, shiny|100/100
|turn|10
|
|t:|1779658831
|move|p1a: Rhea|Moonblast|p2a: Cresselia
|-damage|p2a: Cresselia|70/100
|move|p2a: Cresselia|Trick Room|p2a: Cresselia
|-fieldstart|move: Trick Room|[of] p2a: Cresselia
|
|upkeep
|turn|11
|
|t:|1779658839
|move|p2a: Cresselia|Lunar Dance|p2a: Cresselia
|faint|p2a: Cresselia
|move|p1a: Rhea|Moonblast|p2: Cresselia|[notarget]
|-fail|p1a: Rhea
|
|upkeep
|
|t:|1779658840
|switch|p2a: Torkoal|Torkoal, F, shiny, tera:Fire|12/100
|-heal|p2a: Torkoal|100/100|[from] move: Lunar Dance
|-weather|SunnyDay|[from] ability: Drought|[of] p2a: Torkoal
|turn|12
|
|t:|1779658869
|move|p2a: Torkoal|Eruption|p1a: Rhea
|-damage|p1a: Rhea|0 fnt
|faint|p1a: Rhea
|
|-weather|SunnyDay|[upkeep]
|upkeep
|
|t:|1779658872
|switch|p1a: Mercé|Dragapult, F, shiny|100/100
|turn|13
|
|t:|1779658874
|move|p2a: Torkoal|Eruption|p1a: Mercé
|-resisted|p1a: Mercé
|-enditem|p1a: Mercé|Focus Sash
|-damage|p1a: Mercé|1/100
|move|p1a: Mercé|Thunder Wave|p2a: Torkoal
|-status|p2a: Torkoal|par
|
|-weather|SunnyDay|[upkeep]
|upkeep
|turn|14
|
|t:|1779658882
|move|p2a: Torkoal|Eruption|p1a: Mercé
|-resisted|p1a: Mercé
|-damage|p1a: Mercé|0 fnt
|faint|p1a: Mercé
|
|-weather|SunnyDay|[upkeep]
|-fieldend|move: Trick Room
|upkeep
|
|t:|1779658899
|switch|p1a: Nimbus|Arcanine, M|100/100
|-ability|p1a: Nimbus|Intimidate|boost
|-unboost|p2a: Torkoal|atk|1
|turn|15
|
|t:|1779658901
|switch|p2a: Scream Tail|Scream Tail|100/100
|-activate|p2a: Scream Tail|ability: Protosynthesis
|-start|p2a: Scream Tail|protosynthesisspd
|move|p1a: Nimbus|Flare Blitz|p2a: Scream Tail
|-damage|p2a: Scream Tail|6/100
|-damage|p1a: Nimbus|58/100|[from] Recoil
|
|-weather|SunnyDay|[upkeep]
|upkeep
|turn|16
|-message|samylc forfeited.
|
|win|michael00000000
|raw|michael00000000's rating: 1300 &rarr; <strong>1327</strong><br />(+27 for winning)
|raw|samylc's rating: 1324 &rarr; <strong>1303</strong><br />(-21 for losing)
|l|☆samylc
|player|p2|
|l|☆michael00000000
|player|p1|
