|j|☆chrisfeb1992
|j|☆TealHat
|t:|1779593021
|gametype|singles
|player|p1|chrisfeb1992|101|1264
|player|p2|TealHat|calem-masters|1273
|gen|9
|tier|[Gen 9] OU
|rated|
|rule|HP Percentage Mod: HP is shown in percentages
|rule|Endless Battle Clause: Forcing endless battles is banned
|rule|Species Clause: Limit one of each Pokémon
|rule|OHKO Clause: OHKO moves are banned
|rule|Evasion Items Clause: Evasion items are banned
|rule|Evasion Moves Clause: Evasion moves are banned
|rule|Evasion Abilities Clause: Evasion abilities are banned
|rule|Sleep Moves Clause: Sleep-inducing moves are banned
|clearpoke
|poke|p1|Ceruledge, F|
|poke|p1|Ribombee, F|
|poke|p1|Ursaluna, M|
|poke|p1|Darkrai|
|poke|p1|Iron Treads|
|poke|p1|Regieleki|
|poke|p2|Iron Moth|
|poke|p2|Clefable, M|
|poke|p2|Meowscarada, M|
|poke|p2|Zoroark-Hisui, M|
|poke|p2|Garganacl, F|
|poke|p2|Dragonite, M|
|teampreview
|inactive|Battle timer is ON: inactive players will automatically lose when time's up. (requested by TealHat)
|
|t:|1779593053
|teamsize|p1|6
|teamsize|p2|6
|start
|switch|p1a: Darkrai|Darkrai|100/100
|switch|p2a: fkuttermane?|Iron Moth, shiny|100/100
|turn|1
|
|t:|1779593061
|move|p1a: Darkrai|Dark Pulse|p2a: fkuttermane?
|-supereffective|p2a: fkuttermane?
|-enditem|p2a: fkuttermane?|Focus Sash
|-damage|p2a: fkuttermane?|1/100
|replace|p2a: it was me!|Zoroark-Hisui, M
|-end|p2a: it was me!|Illusion
|move|p2a: it was me!|Nasty Plot|p2a: it was me!
|-boost|p2a: it was me!|spa|2
|
|upkeep
|turn|2
|
|t:|1779593070
|move|p1a: Darkrai|Dark Pulse|p2a: it was me!
|-supereffective|p2a: it was me!
|-damage|p2a: it was me!|0 fnt
|faint|p2a: it was me!
|
|upkeep
|
|t:|1779593078
|switch|p2a: mining|Garganacl, F|100/100
|turn|3
|
|t:|1779593081
|switch|p1a: Ursaluna|Ursaluna, M|100/100
|move|p2a: mining|Stealth Rock|p1a: Ursaluna
|-sidestart|p1: chrisfeb1992|move: Stealth Rock
|
|-status|p1a: Ursaluna|brn|[from] item: Flame Orb
|upkeep
|turn|4
|
|t:|1779593091
|move|p1a: Ursaluna|Facade|p2a: mining
|-resisted|p2a: mining
|-damage|p2a: mining|77/100
|move|p2a: mining|Salt Cure|p1a: Ursaluna
|-resisted|p1a: Ursaluna
|-damage|p1a: Ursaluna|95/100 brn
|-start|p1a: Ursaluna|Salt Cure
|
|-heal|p2a: mining|83/100|[from] item: Leftovers
|-damage|p1a: Ursaluna|89/100 brn|[from] brn
|-damage|p1a: Ursaluna|77/100 brn|[from] Salt Cure
|upkeep
|turn|5
|
|t:|1779593103
|move|p1a: Ursaluna|Swords Dance|p1a: Ursaluna
|-boost|p1a: Ursaluna|atk|2
|move|p2a: mining|Curse|p2a: mining
|-unboost|p2a: mining|spe|1
|-boost|p2a: mining|atk|1
|-boost|p2a: mining|def|1
|
|-heal|p2a: mining|89/100|[from] item: Leftovers
|-damage|p1a: Ursaluna|70/100 brn|[from] brn
|-damage|p1a: Ursaluna|58/100 brn|[from] Salt Cure
|upkeep
|turn|6
|
|t:|1779593115
|-terastallize|p1a: Ursaluna|Ground
|move|p1a: Ursaluna|Earthquake|p2a: mining
|-supereffective|p2a: mining
|-damage|p2a: mining|0 fnt
|faint|p2a: mining
|
|-damage|p1a: Ursaluna|52/100 brn|[from] brn
|-damage|p1a: Ursaluna|39/100 brn|[from] Salt Cure
|upkeep
|
|t:|1779593124
|switch|p2a: gat|Meowscarada, M|100/100
|turn|7
|
|t:|1779593128
|move|p2a: gat|Knock Off|p1a: Ursaluna
|-start|p2a: gat|typechange|Dark|[from] ability: Protean
|-damage|p1a: Ursaluna|0 fnt
|-enditem|p1a: Ursaluna|Flame Orb|[from] move: Knock Off|[of] p2a: gat
|faint|p1a: Ursaluna
|
|upkeep
|
|t:|1779593136
|switch|p1a: Iron Treads|Iron Treads|100/100
|-damage|p1a: Iron Treads|97/100|[from] Stealth Rock
|-enditem|p1a: Iron Treads|Booster Energy
|-activate|p1a: Iron Treads|ability: Quark Drive|[fromitem]
|-start|p1a: Iron Treads|quarkdrivespe
|turn|8
|
|t:|1779593146
|switch|p2a: woo|Clefable, M|100/100
|move|p1a: Iron Treads|Rapid Spin|p2a: woo
|-damage|p2a: woo|84/100
|-boost|p1a: Iron Treads|spe|1
|-sideend|p1: chrisfeb1992|Stealth Rock|[from] move: Rapid Spin|[of] p1a: Iron Treads
|
|-heal|p2a: woo|90/100|[from] item: Leftovers
|upkeep
|turn|9
|
|t:|1779593156
|move|p1a: Iron Treads|Stealth Rock|p2a: woo
|-sidestart|p2: TealHat|move: Stealth Rock
|move|p2a: woo|Encore|p1a: Iron Treads
|-start|p1a: Iron Treads|Encore
|
|-heal|p2a: woo|96/100|[from] item: Leftovers
|upkeep
|turn|10
|
|t:|1779593169
|-end|p1a: Iron Treads|Quark Drive|[silent]
|switch|p1a: Regieleki|Regieleki|100/100
|move|p2a: woo|Flamethrower|p1a: Regieleki
|-damage|p1a: Regieleki|65/100
|
|-heal|p2a: woo|100/100|[from] item: Leftovers
|upkeep
|turn|11
|
|t:|1779593177
|move|p1a: Regieleki|Thunderbolt|p2a: woo
|-damage|p2a: woo|49/100
|move|p2a: woo|Knock Off|p1a: Regieleki
|-damage|p1a: Regieleki|32/100
|-enditem|p1a: Regieleki|Choice Specs|[from] move: Knock Off|[of] p2a: woo
|
|-heal|p2a: woo|56/100|[from] item: Leftovers
|upkeep
|turn|12
|
|t:|1779593192
|move|p1a: Regieleki|Thunderbolt|p2a: woo
|-damage|p2a: woo|22/100
|move|p2a: woo|Moonlight|p2a: woo
|-heal|p2a: woo|72/100
|
|-heal|p2a: woo|78/100|[from] item: Leftovers
|upkeep
|turn|13
|
|t:|1779593201
|move|p1a: Regieleki|Thunderbolt|p2a: woo
|-damage|p2a: woo|44/100
|move|p2a: woo|Flamethrower|p1a: Regieleki
|-damage|p1a: Regieleki|0 fnt
|faint|p1a: Regieleki
|
|-heal|p2a: woo|50/100|[from] item: Leftovers
|upkeep
|
|t:|1779593211
|switch|p1a: Darkrai|Darkrai|100/100
|turn|14
|
|t:|1779593216
|move|p1a: Darkrai|Sludge Bomb|p2a: woo
|-supereffective|p2a: woo
|-damage|p2a: woo|7/100
|move|p2a: woo|Knock Off|p1a: Darkrai
|-resisted|p1a: Darkrai
|-crit|p1a: Darkrai
|-damage|p1a: Darkrai|85/100
|-enditem|p1a: Darkrai|Choice Scarf|[from] move: Knock Off|[of] p2a: woo
|
|-heal|p2a: woo|13/100|[from] item: Leftovers
|upkeep
|turn|15
|
|t:|1779593227
|switch|p2a: fkuttermane?|Iron Moth, shiny|100/100
|-damage|p2a: fkuttermane?|76/100|[from] Stealth Rock
|-enditem|p2a: fkuttermane?|Booster Energy
|-activate|p2a: fkuttermane?|ability: Quark Drive|[fromitem]
|-start|p2a: fkuttermane?|quarkdrivespa
|move|p1a: Darkrai|Dark Pulse|p2a: fkuttermane?
|-damage|p2a: fkuttermane?|32/100
|
|upkeep
|turn|16
|
|t:|1779593237
|move|p1a: Darkrai|Dark Pulse|p2a: fkuttermane?
|-damage|p2a: fkuttermane?|0 fnt
|faint|p2a: fkuttermane?
|-end|p2a: fkuttermane?|Quark Drive|[silent]
|
|upkeep
|
|t:|1779593240
|switch|p2a: gat|Meowscarada, M|100/100
|-damage|p2a: gat|88/100|[from] Stealth Rock
|turn|17
|
|t:|1779593245
|move|p1a: Darkrai|Sludge Bomb|p2a: gat
|-supereffective|p2a: gat
|-damage|p2a: gat|0 fnt
|faint|p2a: gat
|
|upkeep
|
|t:|1779593251
|switch|p2a: woo|Clefable, M|13/100
|-damage|p2a: woo|1/100|[from] Stealth Rock
|turn|18
|
|t:|1779593255
|move|p1a: Darkrai|Ice Beam|p2a: woo
|-damage|p2a: woo|0 fnt
|faint|p2a: woo
|
|upkeep
|
|t:|1779593258
|switch|p2a: Dragonite|Dragonite, M|100/100
|-damage|p2a: Dragonite|76/100|[from] Stealth Rock
|turn|19
|
|t:|1779593263
|move|p1a: Darkrai|Dark Pulse|p2a: Dragonite
|-damage|p2a: Dragonite|31/100
|cant|p2a: Dragonite|flinch
|
|upkeep
|turn|20
|
|t:|1779593270
|move|p1a: Darkrai|Ice Beam|p2a: Dragonite
|-supereffective|p2a: Dragonite
|-damage|p2a: Dragonite|0 fnt
|faint|p2a: Dragonite
|
|win|chrisfeb1992
|raw|chrisfeb1992's rating: 1264 &rarr; <strong>1290</strong><br />(+26 for winning)
|raw|TealHat's rating: 1273 &rarr; <strong>1247</strong><br />(-26 for losing)
|l|☆TealHat
|player|p2|
