|j|☆randomcan42
|j|☆a2533540231
|t:|1779563328
|gametype|singles
|player|p1|randomcan42|2|1338
|player|p2|a2533540231|101|1337
|gen|9
|tier|[Gen 9] OU
|rated|
|rule|HP Percentage Mod: HP is shown in percentages
|rule|Endless Battle Clause: Forcing endless battles is banned
|rule|Species Clause: Limit one of each Pokémon
|rule|OHKO Clause: OHKO moves are banned
|rule|Evasion Items Clause: Evasion items are banned
|rule|Evasion Moves Clause: Evasion moves are banned
|rule|Evasion Abilities Clause: Evasion abilities are banned
|rule|Sleep Moves Clause: Sleep-inducing moves are banned
|clearpoke
|poke|p1|Hatterene, F|
|poke|p1|Dragonite, M|
|poke|p1|Alomomola, F|
|poke|p1|Raichu, F|
|poke|p1|Dragapult, F|
|poke|p1|Great Tusk|
|poke|p2|Garganacl, F|
|poke|p2|Gliscor, M|
|poke|p2|Corviknight, M|
|poke|p2|Clodsire, F|
|poke|p2|Dondozo, F|
|poke|p2|Blissey, F|
|teampreview
|inactive|Battle timer is ON: inactive players will automatically lose when time's up. (requested by a2533540231)
|
|t:|1779563333
|teamsize|p1|6
|teamsize|p2|6
|start
|switch|p1a: Raichu|Raichu, F|100/100
|switch|p2a: Garganacl|Garganacl, F|100/100
|turn|1
|
|t:|1779563349
|move|p1a: Raichu|Surf|p2a: Garganacl
|-supereffective|p2a: Garganacl
|-damage|p2a: Garganacl|39/100
|move|p2a: Garganacl|Substitute|p2a: Garganacl
|-start|p2a: Garganacl|Substitute
|-damage|p2a: Garganacl|14/100
|
|-heal|p2a: Garganacl|20/100|[from] item: Leftovers
|upkeep
|turn|2
|
|t:|1779563354
|move|p1a: Raichu|Surf|p2a: Garganacl
|-supereffective|p2a: Garganacl
|-end|p2a: Garganacl|Substitute
|move|p2a: Garganacl|Salt Cure|p1a: Raichu
|-damage|p1a: Raichu|73/100
|-start|p1a: Raichu|Salt Cure
|
|-heal|p2a: Garganacl|26/100|[from] item: Leftovers
|-damage|p1a: Raichu|61/100|[from] Salt Cure
|upkeep
|turn|3
|
|t:|1779563357
|move|p2a: Garganacl|Protect|p2a: Garganacl
|-singleturn|p2a: Garganacl|Protect
|move|p1a: Raichu|Surf|p2a: Garganacl
|-activate|p2a: Garganacl|move: Protect
|
|-heal|p2a: Garganacl|33/100|[from] item: Leftovers
|-damage|p1a: Raichu|48/100|[from] Salt Cure
|upkeep
|turn|4
|
|t:|1779563369
|switch|p1a: Dragapult|Dragapult, F|100/100
|switch|p2a: Blissey|Blissey, F|100/100
|
|upkeep
|turn|5
|
|t:|1779563390
|-terastallize|p1a: Dragapult|Dragon
|move|p1a: Dragapult|Dragon Darts|p2a: Blissey
|-damage|p2a: Blissey|57/100
|-anim|p1a: Dragapult|Dragon Darts|p2a: Blissey
|-damage|p2a: Blissey|13/100
|move|p2a: Blissey|Calm Mind|p2a: Blissey
|-boost|p2a: Blissey|spa|1
|-boost|p2a: Blissey|spd|1
|
|-heal|p2a: Blissey|20/100|[from] item: Leftovers
|upkeep
|turn|6
|
|t:|1779563400
|switch|p2a: Gliscor|Gliscor, M|100/100
|move|p1a: Dragapult|Dragon Darts|p2a: Gliscor
|-damage|p2a: Gliscor|71/100
|-anim|p1a: Dragapult|Dragon Darts|p2a: Gliscor
|-damage|p2a: Gliscor|40/100
|
|-status|p2a: Gliscor|tox|[from] item: Toxic Orb
|upkeep
|turn|7
|inactive|randomcan42 has 120 seconds left.
|inactive|randomcan42 has 90 seconds left.
|
|t:|1779563472
|move|p2a: Gliscor|Protect|p2a: Gliscor
|-singleturn|p2a: Gliscor|Protect
|move|p1a: Dragapult|Dragon Darts|p2a: Gliscor
|-activate|p2a: Gliscor|move: Protect
|
|-heal|p2a: Gliscor|52/100 tox|[from] ability: Poison Heal
|upkeep
|turn|8
|
|t:|1779563492
|switch|p2a: Dondozo|Dondozo, F|100/100
|move|p1a: Dragapult|Dragon Darts|p2a: Dondozo
|-damage|p2a: Dondozo|77/100
|-anim|p1a: Dragapult|Dragon Darts|p2a: Dondozo
|-damage|p2a: Dondozo|54/100
|
|-heal|p2a: Dondozo|60/100|[from] item: Leftovers
|upkeep
|turn|9
|
|t:|1779563497
|move|p1a: Dragapult|Dragon Darts|p2a: Dondozo
|-damage|p2a: Dondozo|40/100
|-anim|p1a: Dragapult|Dragon Darts|p2a: Dondozo
|-damage|p2a: Dondozo|17/100
|move|p2a: Dondozo|Curse|p2a: Dondozo
|-unboost|p2a: Dondozo|spe|1
|-boost|p2a: Dondozo|atk|1
|-boost|p2a: Dondozo|def|1
|
|-heal|p2a: Dondozo|23/100|[from] item: Leftovers
|upkeep
|turn|10
|
|t:|1779563500
|move|p1a: Dragapult|Dragon Darts|p2a: Dondozo
|-damage|p2a: Dondozo|9/100
|-anim|p1a: Dragapult|Dragon Darts|p2a: Dondozo
|-damage|p2a: Dondozo|0 fnt
|faint|p2a: Dondozo
|
|upkeep
|
|t:|1779563503
|switch|p2a: Gliscor|Gliscor, M|52/100 tox
|turn|11
|
|t:|1779563506
|move|p2a: Gliscor|Protect|p2a: Gliscor
|-singleturn|p2a: Gliscor|Protect
|move|p1a: Dragapult|Dragon Darts|p2a: Gliscor
|-activate|p2a: Gliscor|move: Protect
|
|-heal|p2a: Gliscor|65/100 tox|[from] ability: Poison Heal
|upkeep
|turn|12
|
|t:|1779563511
|move|p1a: Dragapult|Dragon Darts|p2a: Gliscor
|-damage|p2a: Gliscor|36/100 tox
|-anim|p1a: Dragapult|Dragon Darts|p2a: Gliscor
|-damage|p2a: Gliscor|4/100 tox
|move|p2a: Gliscor|Toxic|p1a: Dragapult
|-status|p1a: Dragapult|tox
|
|-damage|p1a: Dragapult|95/100 tox|[from] psn
|-heal|p2a: Gliscor|17/100 tox|[from] ability: Poison Heal
|upkeep
|turn|13
|
|t:|1779563519
|move|p2a: Gliscor|Protect|p2a: Gliscor
|-singleturn|p2a: Gliscor|Protect
|move|p1a: Dragapult|Dragon Darts|p2a: Gliscor
|-activate|p2a: Gliscor|move: Protect
|
|-damage|p1a: Dragapult|83/100 tox|[from] psn
|-heal|p2a: Gliscor|29/100 tox|[from] ability: Poison Heal
|upkeep
|turn|14
|
|t:|1779563532
|switch|p2a: Corviknight|Corviknight, M|100/100
|-ability|p2a: Corviknight|Pressure
|move|p1a: Dragapult|Dragon Darts|p2a: Corviknight
|-resisted|p2a: Corviknight
|-damage|p2a: Corviknight|85/100
|-anim|p1a: Dragapult|Dragon Darts|p2a: Corviknight
|-resisted|p2a: Corviknight
|-damage|p2a: Corviknight|70/100
|
|-damage|p1a: Dragapult|65/100 tox|[from] psn
|upkeep
|turn|15
|
|t:|1779563537
|switch|p1a: Hatterene|Hatterene, F, shiny|100/100
|move|p2a: Corviknight|Roost|p2a: Corviknight
|-heal|p2a: Corviknight|100/100
|-singleturn|p2a: Corviknight|move: Roost
|
|upkeep
|turn|16
|
|t:|1779563545
|switch|p2a: Gliscor|Gliscor, M|29/100 tox
|move|p1a: Hatterene|Nuzzle|p2a: Gliscor
|-immune|p2a: Gliscor
|
|-heal|p2a: Gliscor|42/100 tox|[from] ability: Poison Heal
|upkeep
|turn|17
|
|t:|1779563553
|move|p2a: Gliscor|Protect|p2a: Gliscor
|-singleturn|p2a: Gliscor|Protect
|move|p1a: Hatterene|Calm Mind|p1a: Hatterene
|-boost|p1a: Hatterene|spa|1
|-boost|p1a: Hatterene|spd|1
|
|-heal|p2a: Gliscor|54/100 tox|[from] ability: Poison Heal
|upkeep
|turn|18
|inactive|randomcan42 has 120 seconds left.
|
|t:|1779563589
|move|p2a: Gliscor|Knock Off|p1a: Hatterene
|-damage|p1a: Hatterene|82/100
|-enditem|p1a: Hatterene|Leftovers|[from] move: Knock Off|[of] p2a: Gliscor
|move|p1a: Hatterene|Calm Mind|p1a: Hatterene
|-boost|p1a: Hatterene|spa|1
|-boost|p1a: Hatterene|spd|1
|
|-heal|p2a: Gliscor|67/100 tox|[from] ability: Poison Heal
|upkeep
|turn|19
|
|t:|1779563594
|switch|p2a: Clodsire|Clodsire, F|100/100
|move|p1a: Hatterene|Draining Kiss|p2a: Clodsire
|-resisted|p2a: Clodsire
|-damage|p2a: Clodsire|94/100
|-heal|p1a: Hatterene|89/100|[from] drain|[of] p2a: Clodsire
|
|-heal|p2a: Clodsire|99/100|[from] item: Black Sludge
|upkeep
|turn|20
|
|t:|1779563604
|switch|p1a: Dragapult|Dragapult, F, tera:Dragon|65/100 tox
|move|p2a: Clodsire|Haze|p2a: Clodsire
|-clearallboost
|
|-heal|p2a: Clodsire|100/100|[from] item: Black Sludge
|-damage|p1a: Dragapult|59/100 tox|[from] psn
|upkeep
|turn|21
|
|t:|1779563610
|switch|p2a: Corviknight|Corviknight, M|100/100
|-ability|p2a: Corviknight|Pressure
|move|p1a: Dragapult|Dragon Darts|p2a: Corviknight
|-resisted|p2a: Corviknight
|-damage|p2a: Corviknight|87/100
|-anim|p1a: Dragapult|Dragon Darts|p2a: Corviknight
|-resisted|p2a: Corviknight
|-damage|p2a: Corviknight|72/100
|
|-damage|p1a: Dragapult|47/100 tox|[from] psn
|upkeep
|turn|22
|inactive|randomcan42 has 120 seconds left.
|inactive|randomcan42 has 90 seconds left.
|
|t:|1779563685
|move|p1a: Dragapult|Dragon Darts|p2a: Corviknight
|-resisted|p2a: Corviknight
|-damage|p2a: Corviknight|58/100
|-anim|p1a: Dragapult|Dragon Darts|p2a: Corviknight
|-resisted|p2a: Corviknight
|-damage|p2a: Corviknight|43/100
|move|p2a: Corviknight|Roost|p2a: Corviknight
|-heal|p2a: Corviknight|93/100
|-singleturn|p2a: Corviknight|move: Roost
|
|-damage|p1a: Dragapult|29/100 tox|[from] psn
|upkeep
|turn|23
|
|t:|1779563692
|switch|p1a: Raichu|Raichu, F|48/100
|move|p2a: Corviknight|Roost|p2a: Corviknight
|-heal|p2a: Corviknight|100/100
|-singleturn|p2a: Corviknight|move: Roost
|
|upkeep
|turn|24
|
|t:|1779563702
|switch|p2a: Blissey|Blissey, F|20/100
|move|p1a: Raichu|Surf|p2a: Blissey
|-damage|p2a: Blissey|6/100
|
|-heal|p2a: Blissey|12/100|[from] item: Leftovers
|upkeep
|turn|25
|
|t:|1779563710
|move|p1a: Raichu|Surf|p2a: Blissey
|-damage|p2a: Blissey|0 fnt
|faint|p2a: Blissey
|
|upkeep
|
|t:|1779563714
|switch|p2a: Garganacl|Garganacl, F|33/100
|turn|26
|
|t:|1779563718
|-terastallize|p2a: Garganacl|Fairy
|move|p1a: Raichu|Surf|p2a: Garganacl
|-damage|p2a: Garganacl|0 fnt
|faint|p2a: Garganacl
|
|upkeep
|-message|a2533540231 forfeited.
|
|win|randomcan42
|raw|randomcan42's rating: 1338 &rarr; <strong>1358</strong><br />(+20 for winning)
|raw|a2533540231's rating: 1337 &rarr; <strong>1317</strong><br />(-20 for losing)
|l|☆a2533540231
|player|p2|
|l|☆randomcan42
|player|p1|
