|inactive|Battle timer is ON: inactive players will automatically lose when time's up.
|t:|1779651008
|gametype|singles
|player|p1|ticktackplayz|hexmaniac-gen6|
|player|p2|benjaboynl|#wcop2026netherlands2|
|gen|9
|tier|[Gen 9] OU
|rule|HP Percentage Mod: HP is shown in percentages
|rule|Endless Battle Clause: Forcing endless battles is banned
|rule|Species Clause: Limit one of each Pokémon
|rule|OHKO Clause: OHKO moves are banned
|rule|Evasion Items Clause: Evasion items are banned
|rule|Evasion Moves Clause: Evasion moves are banned
|rule|Evasion Abilities Clause: Evasion abilities are banned
|rule|Sleep Moves Clause: Sleep-inducing moves are banned
|clearpoke
|poke|p1|Iron Treads|
|poke|p1|Dragonite, M|
|poke|p1|Darkrai|
|poke|p1|Hatterene, F|
|poke|p1|Ogerpon-Wellspring, F|
|poke|p1|Ceruledge, M|
|poke|p2|Dragonite, M|
|poke|p2|Samurott-Hisui, F|
|poke|p2|Clefable, F|
|poke|p2|Gliscor, M|
|poke|p2|Gholdengo|
|poke|p2|Zamazenta-*|
|teampreview
|c|☆benjaboynl|glhf
|c|☆ticktackplayz|glhf
|
|t:|1779651034
|teamsize|p1|6
|teamsize|p2|6
|start
|switch|p1a: Iron Treads|Iron Treads, shiny|100/100
|switch|p2a: Zamazenta|Zamazenta|100/100
|-ability|p2a: Zamazenta|Dauntless Shield|boost
|-boost|p2a: Zamazenta|def|1
|-enditem|p1a: Iron Treads|Booster Energy
|-activate|p1a: Iron Treads|ability: Quark Drive|[fromitem]
|-start|p1a: Iron Treads|quarkdrivespe
|turn|1
|
|t:|1779651044
|move|p1a: Iron Treads|Stealth Rock|p2a: Zamazenta
|-sidestart|p2: benjaboynl|move: Stealth Rock
|move|p2a: Zamazenta|Body Press|p1a: Iron Treads
|-supereffective|p1a: Iron Treads
|-damage|p1a: Iron Treads|1/100
|
|upkeep
|turn|2
|
|t:|1779651052
|switch|p2a: Gholdengo|Gholdengo|100/100
|-damage|p2a: Gholdengo|94/100|[from] Stealth Rock
|move|p1a: Iron Treads|Steel Beam|p2a: Gholdengo
|-resisted|p2a: Gholdengo
|-damage|p2a: Gholdengo|65/100
|-damage|p1a: Iron Treads|0 fnt|[from] steelbeam
|faint|p1a: Iron Treads
|-end|p1a: Iron Treads|Quark Drive|[silent]
|
|upkeep
|inactive|ticktackplayz has 270 seconds left.
|inactive|ticktackplayz has 240 seconds left.
|inactive|ticktackplayz has 210 seconds left.
|
|t:|1779651142
|switch|p1a: Ogerpon|Ogerpon-Wellspring, F|100/100
|turn|3
|
|t:|1779651149
|switch|p2a: Dragonite|Dragonite, M|100/100
|move|p1a: Ogerpon|Swords Dance|p1a: Ogerpon
|-boost|p1a: Ogerpon|atk|2
|
|upkeep
|turn|4
|inactive|benjaboynl has 270 seconds left.
|
|t:|1779651184
|move|p2a: Dragonite|Extreme Speed|p1a: Ogerpon
|-damage|p1a: Ogerpon|60/100
|move|p1a: Ogerpon|Play Rough|p2a: Dragonite
|-supereffective|p2a: Dragonite
|-damage|p2a: Dragonite|28/100
|
|upkeep
|turn|5
|inactive|ticktackplayz has 240 seconds left.
|inactive|benjaboynl has 270 seconds left.
|inactive|benjaboynl has 240 seconds left.
|inactive|ticktackplayz has 210 seconds left.
|
|t:|1779651257
|switch|p1a: Hatterene|Hatterene, F|100/100
|move|p2a: Dragonite|Extreme Speed|p1a: Hatterene
|-damage|p1a: Hatterene|76/100
|-damage|p2a: Dragonite|12/100|[from] item: Rocky Helmet|[of] p1a: Hatterene
|
|upkeep
|turn|6
|
|t:|1779651269
|switch|p2a: Gliscor|Gliscor, M|100/100
|-damage|p2a: Gliscor|88/100|[from] Stealth Rock
|move|p1a: Hatterene|Psychic Noise|p2a: Gliscor
|-damage|p2a: Gliscor|60/100
|-start|p2a: Gliscor|move: Heal Block
|
|-status|p2a: Gliscor|tox|[from] item: Toxic Orb
|upkeep
|turn|7
|
|t:|1779651276
|move|p2a: Gliscor|Protect|p2a: Gliscor
|-singleturn|p2a: Gliscor|Protect
|move|p1a: Hatterene|Draining Kiss|p2a: Gliscor
|-activate|p2a: Gliscor|move: Protect
|
|-end|p2a: Gliscor|move: Heal Block
|upkeep
|turn|8
|
|t:|1779651279
|switch|p2a: Samurott|Samurott-Hisui, F|100/100
|-damage|p2a: Samurott|88/100|[from] Stealth Rock
|move|p1a: Hatterene|Psychic Noise|p2a: Samurott
|-immune|p2a: Samurott
|
|upkeep
|turn|9
|
|t:|1779651284
|move|p2a: Samurott|Ceaseless Edge|p1a: Hatterene
|-damage|p1a: Hatterene|41/100
|-damage|p2a: Samurott|72/100|[from] item: Rocky Helmet|[of] p1a: Hatterene
|-sidestart|p1: ticktackplayz|Spikes
|move|p1a: Hatterene|Draining Kiss|p2a: Samurott
|-supereffective|p2a: Samurott
|-crit|p2a: Samurott
|-damage|p2a: Samurott|23/100
|-heal|p1a: Hatterene|85/100|[from] drain|[of] p2a: Samurott
|
|upkeep
|turn|10
|
|t:|1779651295
|move|p2a: Samurott|Knock Off|p1a: Hatterene
|-damage|p1a: Hatterene|46/100
|-damage|p2a: Samurott|7/100|[from] item: Rocky Helmet|[of] p1a: Hatterene
|-enditem|p1a: Hatterene|Rocky Helmet|[from] move: Knock Off|[of] p2a: Samurott
|move|p1a: Hatterene|Draining Kiss|p2a: Samurott
|-supereffective|p2a: Samurott
|-damage|p2a: Samurott|0 fnt
|-heal|p1a: Hatterene|52/100|[from] drain|[of] p2a: Samurott
|faint|p2a: Samurott
|
|upkeep
|
|t:|1779651303
|switch|p2a: Gholdengo|Gholdengo|65/100
|-damage|p2a: Gholdengo|59/100|[from] Stealth Rock
|turn|11
|inactive|ticktackplayz has 210 seconds left.
|
|t:|1779651332
|switch|p1a: Darkrai|Darkrai|100/100
|-damage|p1a: Darkrai|88/100|[from] Spikes
|move|p2a: Gholdengo|Shadow Ball|p1a: Darkrai
|-resisted|p1a: Darkrai
|-damage|p1a: Darkrai|57/100
|
|-heal|p1a: Darkrai|63/100|[from] item: Leftovers
|upkeep
|turn|12
|inactive|ticktackplayz has 210 seconds left.
|inactive|benjaboynl has 240 seconds left.
|
|t:|1779651353
|move|p2a: Gholdengo|Shadow Ball|p1a: Darkrai
|-resisted|p1a: Darkrai
|-crit|p1a: Darkrai
|-damage|p1a: Darkrai|18/100
|move|p1a: Darkrai|Nasty Plot|p1a: Darkrai
|-boost|p1a: Darkrai|spa|2
|
|-heal|p1a: Darkrai|24/100|[from] item: Leftovers
|upkeep
|turn|13
|c|☆ticktackplayz|...
|inactive|ticktackplayz has 210 seconds left.
|c|☆benjaboynl|mb
|
|t:|1779651368
|move|p2a: Gholdengo|Shadow Ball|p1a: Darkrai
|-resisted|p1a: Darkrai
|-damage|p1a: Darkrai|0 fnt
|faint|p1a: Darkrai
|
|upkeep
|
|t:|1779651372
|switch|p1a: Dragonite|Dragonite, M|100/100
|turn|14
|
|t:|1779651379
|switch|p2a: Zamazenta|Zamazenta|100/100
|-damage|p2a: Zamazenta|94/100|[from] Stealth Rock
|move|p1a: Dragonite|Dragon Dance|p1a: Dragonite
|-boost|p1a: Dragonite|atk|1
|-boost|p1a: Dragonite|spe|1
|
|-heal|p2a: Zamazenta|100/100|[from] item: Leftovers
|upkeep
|turn|15
|
|t:|1779651382
|move|p2a: Zamazenta|Iron Defense|p2a: Zamazenta
|-boost|p2a: Zamazenta|def|2
|move|p1a: Dragonite|Dragon Dance|p1a: Dragonite
|-boost|p1a: Dragonite|atk|1
|-boost|p1a: Dragonite|spe|1
|
|upkeep
|turn|16
|
|t:|1779651386
|move|p1a: Dragonite|Encore|p2a: Zamazenta
|-start|p2a: Zamazenta|Encore
|move|p2a: Zamazenta|Iron Defense|p2a: Zamazenta
|-boost|p2a: Zamazenta|def|2
|
|upkeep
|turn|17
|
|t:|1779651394
|switch|p2a: Clefable|Clefable, F|100/100
|move|p1a: Dragonite|Dragon Dance|p1a: Dragonite
|-boost|p1a: Dragonite|atk|1
|-boost|p1a: Dragonite|spe|1
|
|upkeep
|turn|18
|
|t:|1779651400
|-terastallize|p1a: Dragonite|Fire
|move|p1a: Dragonite|Fire Punch|p2a: Clefable
|-damage|p2a: Clefable|11/100
|-damage|p1a: Dragonite|84/100|[from] item: Rocky Helmet|[of] p2a: Clefable
|move|p2a: Clefable|Moonblast|p1a: Dragonite
|-resisted|p1a: Dragonite
|-damage|p1a: Dragonite|68/100
|
|upkeep
|turn|19
|
|t:|1779651406
|switch|p2a: Zamazenta|Zamazenta|100/100
|-damage|p2a: Zamazenta|94/100|[from] Stealth Rock
|move|p1a: Dragonite|Fire Punch|p2a: Zamazenta
|-damage|p2a: Zamazenta|0 fnt
|faint|p2a: Zamazenta
|
|upkeep
|
|t:|1779651411
|switch|p2a: Dragonite|Dragonite, M|12/100
|turn|20
|
|t:|1779651422
|switch|p2a: Clefable|Clefable, F|11/100
|move|p1a: Dragonite|Fire Punch|p2a: Clefable
|-damage|p2a: Clefable|0 fnt
|-damage|p1a: Dragonite|52/100|[from] item: Rocky Helmet|[of] p2a: Clefable
|faint|p2a: Clefable
|
|upkeep
|
|t:|1779651433
|switch|p2a: Dragonite|Dragonite, M|12/100
|turn|21
|
|t:|1779651439
|-terastallize|p2a: Dragonite|Normal
|move|p2a: Dragonite|Extreme Speed|p1a: Dragonite
|-damage|p1a: Dragonite|0 fnt
|faint|p1a: Dragonite
|
|upkeep
|c|☆ticktackplayz|roll too
|c|☆ticktackplayz|lmao
|inactive|ticktackplayz has 270 seconds left.
|
|t:|1779651467
|switch|p1a: Ceruledge|Ceruledge, M|100/100
|-damage|p1a: Ceruledge|88/100|[from] Spikes
|turn|22
|
|t:|1779651489
|switch|p2a: Gliscor|Gliscor, M|60/100 tox
|-damage|p2a: Gliscor|47/100 tox|[from] Stealth Rock
|move|p1a: Ceruledge|Bitter Blade|p2a: Gliscor
|-damage|p2a: Gliscor|4/100 tox
|-heal|p1a: Ceruledge|100/100|[from] drain|[of] p2a: Gliscor
|
|-heal|p2a: Gliscor|17/100 tox|[from] ability: Poison Heal
|upkeep
|turn|23
|
|t:|1779651497
|move|p1a: Ceruledge|Bitter Blade|p2a: Gliscor
|-damage|p2a: Gliscor|0 fnt
|faint|p2a: Gliscor
|
|upkeep
|
|t:|1779651500
|switch|p2a: Gholdengo|Gholdengo|59/100
|-damage|p2a: Gholdengo|53/100|[from] Stealth Rock
|turn|24
|
|t:|1779651504
|move|p2a: Gholdengo|Shadow Ball|p1a: Ceruledge
|-supereffective|p1a: Ceruledge
|-damage|p1a: Ceruledge|2/100
|move|p1a: Ceruledge|Bitter Blade|p2a: Gholdengo
|-supereffective|p2a: Gholdengo
|-damage|p2a: Gholdengo|0 fnt
|-heal|p1a: Ceruledge|30/100|[from] drain|[of] p2a: Gholdengo
|faint|p2a: Gholdengo
|
|upkeep
|
|t:|1779651509
|switch|p2a: Dragonite|Dragonite, M, tera:Normal|12/100
|turn|25
|
|t:|1779651512
|move|p1a: Ceruledge|Bitter Blade|p2a: Dragonite
|-damage|p2a: Dragonite|0 fnt
|-heal|p1a: Ceruledge|37/100|[from] drain|[of] p2a: Dragonite
|faint|p2a: Dragonite
|
|win|ticktackplayz
|c|☆benjaboynl|gg
|c|☆ticktackplayz|gg
|player|p1|
|player|p1|ticktackplayz|hexmaniac-gen6|
