|j|☆mansonabuluting
|j|☆ccirri
|t:|1779557746
|gametype|singles
|player|p1|mansonabuluting|bellelba|1678
|player|p2|ccirri|blue|1731
|gen|9
|tier|[Gen 9] OU
|rated|
|rule|HP Percentage Mod: HP is shown in percentages
|rule|Endless Battle Clause: Forcing endless battles is banned
|rule|Species Clause: Limit one of each Pokémon
|rule|OHKO Clause: OHKO moves are banned
|rule|Evasion Items Clause: Evasion items are banned
|rule|Evasion Moves Clause: Evasion moves are banned
|rule|Evasion Abilities Clause: Evasion abilities are banned
|rule|Sleep Moves Clause: Sleep-inducing moves are banned
|clearpoke
|poke|p1|Rillaboom, F|
|poke|p1|Hawlucha, M|
|poke|p1|Great Tusk|
|poke|p1|Volcanion|
|poke|p1|Goodra-Hisui, M|
|poke|p1|Thundurus-Therian, M|
|poke|p2|Moltres|
|poke|p2|Umbreon, M|
|poke|p2|Iron Crown|
|poke|p2|Raging Bolt|
|poke|p2|Ogerpon-Wellspring, F|
|poke|p2|Gliscor, F|
|teampreview
|
|t:|1779557790
|teamsize|p1|6
|teamsize|p2|6
|start
|switch|p1a: Great Tusk|Great Tusk|100/100
|switch|p2a: Gliscor|Gliscor, F|100/100
|turn|1
|
|t:|1779557798
|move|p2a: Gliscor|Toxic|p1a: Great Tusk
|-status|p1a: Great Tusk|tox
|move|p1a: Great Tusk|Stealth Rock|p2a: Gliscor
|-sidestart|p2: ccirri|move: Stealth Rock
|
|-damage|p1a: Great Tusk|94/100 tox|[from] psn
|-status|p2a: Gliscor|tox|[from] item: Toxic Orb
|upkeep
|turn|2
|
|t:|1779557803
|move|p2a: Gliscor|Protect|p2a: Gliscor
|-singleturn|p2a: Gliscor|Protect
|move|p1a: Great Tusk|Ice Spinner|p2a: Gliscor
|-activate|p2a: Gliscor|move: Protect
|
|-damage|p1a: Great Tusk|82/100 tox|[from] psn
|upkeep
|turn|3
|inactive|Battle timer is ON: inactive players will automatically lose when time's up. (requested by mansonabuluting)
|
|t:|1779557806
|move|p2a: Gliscor|Spikes|p1a: Great Tusk
|-sidestart|p1: mansonabuluting|Spikes
|move|p1a: Great Tusk|Ice Spinner|p2a: Gliscor
|-supereffective|p2a: Gliscor
|-damage|p2a: Gliscor|25/100 tox
|
|-heal|p2a: Gliscor|37/100 tox|[from] ability: Poison Heal
|-damage|p1a: Great Tusk|63/100 tox|[from] psn
|upkeep
|turn|4
|j| Faye Asteria
|
|t:|1779557818
|-end|p1a: Great Tusk|Protosynthesis|[silent]
|switch|p1a: Rillaboom|Rillaboom, F|100/100
|-damage|p1a: Rillaboom|88/100|[from] Spikes
|-fieldstart|move: Grassy Terrain|[from] ability: Grassy Surge|[of] p1a: Rillaboom
|move|p2a: Gliscor|Protect||[still]
|-fail|p2a: Gliscor
|
|-heal|p1a: Rillaboom|94/100|[from] Grassy Terrain
|-heal|p2a: Gliscor|50/100 tox|[from] ability: Poison Heal
|upkeep
|turn|5
|
|t:|1779557822
|move|p2a: Gliscor|Protect|p2a: Gliscor
|-singleturn|p2a: Gliscor|Protect
|move|p1a: Rillaboom|Knock Off|p2a: Gliscor
|-activate|p2a: Gliscor|move: Protect
|
|-heal|p1a: Rillaboom|100/100|[from] Grassy Terrain
|-heal|p2a: Gliscor|62/100 tox|[from] ability: Poison Heal
|upkeep
|turn|6
|
|t:|1779557825
|move|p2a: Gliscor|Spikes|p1a: Rillaboom
|-sidestart|p1: mansonabuluting|Spikes
|move|p1a: Rillaboom|Knock Off|p2a: Gliscor
|-damage|p2a: Gliscor|19/100 tox
|-enditem|p2a: Gliscor|Toxic Orb|[from] move: Knock Off|[of] p1a: Rillaboom
|
|-heal|p2a: Gliscor|31/100 tox|[from] ability: Poison Heal
|upkeep
|turn|7
|
|t:|1779557831
|switch|p1a: Hawlucha|Hawlucha, M|100/100
|-enditem|p1a: Hawlucha|Grassy Seed
|-boost|p1a: Hawlucha|def|1|[from] item: Grassy Seed
|move|p2a: Gliscor|Knock Off|p1a: Hawlucha
|-resisted|p1a: Hawlucha
|-damage|p1a: Hawlucha|95/100
|
|-heal|p2a: Gliscor|43/100 tox|[from] ability: Poison Heal
|upkeep
|turn|8
|
|t:|1779557835
|move|p1a: Hawlucha|Substitute|p1a: Hawlucha
|-start|p1a: Hawlucha|Substitute
|-damage|p1a: Hawlucha|70/100
|move|p2a: Gliscor|Toxic||[still]
|-fail|p2a: Gliscor
|
|-heal|p2a: Gliscor|56/100 tox|[from] ability: Poison Heal
|-fieldend|move: Grassy Terrain
|upkeep
|turn|9
|
|t:|1779557838
|switch|p2a: Moltres|Moltres|100/100
|move|p1a: Hawlucha|Swords Dance|p1a: Hawlucha
|-boost|p1a: Hawlucha|atk|2
|
|upkeep
|turn|10
|
|t:|1779557841
|move|p1a: Hawlucha|Acrobatics|p2a: Moltres
|-damage|p2a: Moltres|32/100
|-status|p1a: Hawlucha|brn|[from] ability: Flame Body|[of] p2a: Moltres
|move|p2a: Moltres|Roar|p1a: Hawlucha
|drag|p1a: Rillaboom|Rillaboom, F|100/100
|-damage|p1a: Rillaboom|84/100|[from] Spikes
|-fieldstart|move: Grassy Terrain|[from] ability: Grassy Surge|[of] p1a: Rillaboom
|
|-heal|p1a: Rillaboom|90/100|[from] Grassy Terrain
|upkeep
|turn|11
|
|t:|1779557851
|switch|p2a: Gliscor|Gliscor, F|56/100 tox
|-damage|p2a: Gliscor|43/100 tox|[from] Stealth Rock
|switch|p1a: Volcanion|Volcanion|100/100
|-damage|p1a: Volcanion|84/100|[from] Spikes
|
|-heal|p1a: Volcanion|90/100|[from] Grassy Terrain
|-heal|p2a: Gliscor|56/100 tox|[from] ability: Poison Heal
|upkeep
|turn|12
|
|t:|1779557858
|move|p2a: Gliscor|Protect|p2a: Gliscor
|-singleturn|p2a: Gliscor|Protect
|move|p1a: Volcanion|Overheat|p2a: Gliscor
|-activate|p2a: Gliscor|move: Protect
|
|-heal|p1a: Volcanion|96/100|[from] Grassy Terrain
|-heal|p2a: Gliscor|68/100 tox|[from] ability: Poison Heal
|upkeep
|turn|13
|
|t:|1779557867
|-terastallize|p2a: Gliscor|Water
|move|p2a: Gliscor|Toxic|p1a: Volcanion
|-status|p1a: Volcanion|tox
|move|p1a: Volcanion|Overheat|p2a: Gliscor
|-resisted|p2a: Gliscor
|-damage|p2a: Gliscor|17/100 tox
|-unboost|p1a: Volcanion|spa|2
|
|-heal|p2a: Gliscor|24/100 tox|[from] Grassy Terrain
|-heal|p1a: Volcanion|100/100 tox|[from] Grassy Terrain
|-heal|p2a: Gliscor|36/100 tox|[from] ability: Poison Heal
|-damage|p1a: Volcanion|94/100 tox|[from] psn
|upkeep
|turn|14
|
|t:|1779557876
|switch|p1a: Thundurus|Thundurus-Therian, M|100/100
|move|p2a: Gliscor|Toxic|p1a: Thundurus
|-status|p1a: Thundurus|tox
|
|-heal|p2a: Gliscor|42/100 tox|[from] Grassy Terrain
|-damage|p1a: Thundurus|94/100 tox|[from] psn
|-heal|p2a: Gliscor|55/100 tox|[from] ability: Poison Heal
|-fieldend|move: Grassy Terrain
|upkeep
|turn|15
|
|t:|1779557881
|move|p1a: Thundurus|Volt Switch|p2a: Gliscor
|-supereffective|p2a: Gliscor
|-damage|p2a: Gliscor|0 fnt
|faint|p2a: Gliscor
|
|t:|1779557887
|switch|p1a: Rillaboom|Rillaboom, F|90/100|[from] Volt Switch
|-damage|p1a: Rillaboom|73/100|[from] Spikes
|-fieldstart|move: Grassy Terrain|[from] ability: Grassy Surge|[of] p1a: Rillaboom
|
|-heal|p1a: Rillaboom|80/100|[from] Grassy Terrain
|upkeep
|
|t:|1779557896
|switch|p2a: Moltres|Moltres|32/100
|turn|16
|
|t:|1779557913
|move|p2a: Moltres|Flamethrower|p1a: Rillaboom
|-supereffective|p1a: Rillaboom
|-damage|p1a: Rillaboom|0 fnt
|faint|p1a: Rillaboom
|
|upkeep
|
|t:|1779557917
|switch|p1a: Thundurus|Thundurus-Therian, M|94/100 tox
|turn|17
|
|t:|1779557929
|switch|p2a: Iron Crown|Iron Crown|100/100
|-damage|p2a: Iron Crown|94/100|[from] Stealth Rock
|move|p1a: Thundurus|Volt Switch|p2a: Iron Crown
|-damage|p2a: Iron Crown|64/100
|
|t:|1779557935
|switch|p1a: Goodra|Goodra-Hisui, M|100/100|[from] Volt Switch
|-damage|p1a: Goodra|84/100|[from] Spikes
|
|-heal|p2a: Iron Crown|71/100|[from] Grassy Terrain
|-heal|p1a: Goodra|90/100|[from] Grassy Terrain
|upkeep
|turn|18
|
|t:|1779557940
|move|p2a: Iron Crown|Focus Blast|p1a: Goodra
|-supereffective|p1a: Goodra
|-crit|p1a: Goodra
|-damage|p1a: Goodra|37/100
|-unboost|p1a: Goodra|spd|1
|move|p1a: Goodra|Flamethrower|p2a: Iron Crown
|-supereffective|p2a: Iron Crown
|-damage|p2a: Iron Crown|31/100
|
|-heal|p2a: Iron Crown|37/100|[from] Grassy Terrain
|-heal|p1a: Goodra|43/100|[from] Grassy Terrain
|upkeep
|turn|19
|
|t:|1779557946
|switch|p1a: Thundurus|Thundurus-Therian, M|94/100 tox
|move|p2a: Iron Crown|Focus Blast|p1a: Thundurus
|-resisted|p1a: Thundurus
|-damage|p1a: Thundurus|66/100 tox
|
|-heal|p2a: Iron Crown|43/100|[from] Grassy Terrain
|-damage|p1a: Thundurus|60/100 tox|[from] psn
|-fieldend|move: Grassy Terrain
|upkeep
|turn|20
|
|t:|1779557957
|move|p1a: Thundurus|Volt Switch|p2a: Iron Crown
|-damage|p2a: Iron Crown|15/100
|
|t:|1779557963
|switch|p1a: Hawlucha|Hawlucha, M|70/100 brn|[from] Volt Switch
|move|p2a: Iron Crown|Psychic Noise|p1a: Hawlucha
|-supereffective|p1a: Hawlucha
|-damage|p1a: Hawlucha|0 fnt
|faint|p1a: Hawlucha
|
|upkeep
|
|t:|1779557965
|switch|p1a: Thundurus|Thundurus-Therian, M|60/100 tox
|turn|21
|l| Faye Asteria
|
|t:|1779557972
|move|p1a: Thundurus|Volt Switch|p2a: Iron Crown
|-damage|p2a: Iron Crown|0 fnt
|faint|p2a: Iron Crown
|-end|p2a: Iron Crown|Quark Drive|[silent]
|
|t:|1779557978
|switch|p1a: Great Tusk|Great Tusk|63/100 tox|[from] Volt Switch
|-damage|p1a: Great Tusk|46/100 tox|[from] Spikes
|
|-damage|p1a: Great Tusk|40/100 tox|[from] psn
|upkeep
|
|t:|1779557983
|switch|p2a: Ogerpon|Ogerpon-Wellspring, F|100/100
|-damage|p2a: Ogerpon|88/100|[from] Stealth Rock
|turn|22
|
|t:|1779557989
|move|p2a: Ogerpon|Horn Leech|p1a: Great Tusk
|-supereffective|p1a: Great Tusk
|-damage|p1a: Great Tusk|0 fnt
|-heal|p2a: Ogerpon|100/100|[from] drain|[of] p1a: Great Tusk
|-damage|p2a: Ogerpon|84/100|[from] item: Rocky Helmet|[of] p1a: Great Tusk
|faint|p1a: Great Tusk
|-end|p1a: Great Tusk|Protosynthesis|[silent]
|
|upkeep
|
|t:|1779557996
|switch|p1a: Volcanion|Volcanion|94/100 tox
|-damage|p1a: Volcanion|78/100 tox|[from] Spikes
|turn|23
|
|t:|1779558000
|move|p2a: Ogerpon|Swords Dance|p2a: Ogerpon
|-boost|p2a: Ogerpon|atk|2
|move|p1a: Volcanion|Overheat|p2a: Ogerpon
|-damage|p2a: Ogerpon|0 fnt
|-unboost|p1a: Volcanion|spa|2
|faint|p2a: Ogerpon
|
|-damage|p1a: Volcanion|72/100 tox|[from] psn
|upkeep
|
|t:|1779558005
|switch|p2a: Raging Bolt|Raging Bolt|100/100
|-damage|p2a: Raging Bolt|88/100|[from] Stealth Rock
|-enditem|p2a: Raging Bolt|Booster Energy
|-activate|p2a: Raging Bolt|ability: Protosynthesis|[fromitem]
|-start|p2a: Raging Bolt|protosynthesisspa
|turn|24
|inactive|mansonabuluting has 120 seconds left.
|
|t:|1779558044
|switch|p1a: Thundurus|Thundurus-Therian, M|60/100 tox
|move|p2a: Raging Bolt|Dragon Pulse|p1a: Thundurus
|-damage|p1a: Thundurus|0 fnt
|faint|p1a: Thundurus
|
|upkeep
|
|t:|1779558046
|switch|p1a: Goodra|Goodra-Hisui, M|43/100
|-damage|p1a: Goodra|27/100|[from] Spikes
|turn|25
|
|t:|1779558049
|move|p2a: Raging Bolt|Dragon Pulse|p1a: Goodra
|-damage|p1a: Goodra|0 fnt
|faint|p1a: Goodra
|
|upkeep
|
|t:|1779558058
|switch|p1a: Volcanion|Volcanion|72/100 tox
|-damage|p1a: Volcanion|55/100 tox|[from] Spikes
|turn|26
|
|t:|1779558062
|-terastallize|p1a: Volcanion|Ground
|move|p2a: Raging Bolt|Dragon Pulse|p1a: Volcanion
|-damage|p1a: Volcanion|0 fnt
|faint|p1a: Volcanion
|
|win|ccirri
|raw|mansonabuluting's rating: 1678 &rarr; <strong>1661</strong><br />(-17 for losing)
|raw|ccirri's rating: 1731 &rarr; <strong>1748</strong><br />(+17 for winning)
|l|☆mansonabuluting
|player|p1|
