|inactive|Battle timer is ON: inactive players will automatically lose when time's up.
|t:|1779573193
|gametype|singles
|player|p1|storm zone|#wcop2021latinamerica|
|player|p2|clorodulce|lucas|
|gen|9
|tier|[Gen 9] OU
|rule|HP Percentage Mod: HP is shown in percentages
|rule|Endless Battle Clause: Forcing endless battles is banned
|rule|Species Clause: Limit one of each Pokémon
|rule|OHKO Clause: OHKO moves are banned
|rule|Evasion Items Clause: Evasion items are banned
|rule|Evasion Moves Clause: Evasion moves are banned
|rule|Evasion Abilities Clause: Evasion abilities are banned
|rule|Sleep Moves Clause: Sleep-inducing moves are banned
|clearpoke
|poke|p1|Ting-Lu|
|poke|p1|Slowking-Galar, M|
|poke|p1|Hydrapple, M|
|poke|p1|Moltres|
|poke|p1|Zamazenta-*|
|poke|p1|Tinkaton, F|
|poke|p2|Volcanion|
|poke|p2|Corviknight, F|
|poke|p2|Zamazenta-*|
|poke|p2|Iron Treads|
|poke|p2|Dragapult, M|
|poke|p2|Ogerpon-Wellspring, F|
|teampreview
|inactive|storm zone has 270 seconds left.
|inactive|clorodulce has 270 seconds left.
|
|t:|1779573242
|teamsize|p1|6
|teamsize|p2|6
|start
|switch|p1a: Mantra|Slowking-Galar, M, shiny|100/100
|switch|p2a: Volcanion|Volcanion|100/100
|turn|1
|
|t:|1779573257
|move|p2a: Volcanion|Steam Eruption|p1a: Mantra
|-damage|p1a: Mantra|40/100
|-status|p1a: Mantra|brn
|move|p1a: Mantra|Future Sight|p2a: Volcanion
|-start|p1a: Mantra|move: Future Sight
|
|-damage|p1a: Mantra|34/100 brn|[from] brn
|upkeep
|turn|2
|
|t:|1779573275
|switch|p2a: Iron Treads|Iron Treads|100/100
|switch|p1a: Leviathan|Hydrapple, M, shiny|100/100
|
|upkeep
|turn|3
|
|t:|1779573293
|move|p2a: Iron Treads|Ice Spinner|p1a: Leviathan
|-supereffective|p1a: Leviathan
|-damage|p1a: Leviathan|43/100
|move|p1a: Leviathan|Earth Power|p2a: Iron Treads
|-supereffective|p2a: Iron Treads
|-damage|p2a: Iron Treads|29/100
|
|-end|p2a: Iron Treads|move: Future Sight
|-resisted|p2a: Iron Treads
|-damage|p2a: Iron Treads|0 fnt
|faint|p2a: Iron Treads
|-end|p2a: Iron Treads|Quark Drive|[silent]
|upkeep
|inactive|clorodulce has 270 seconds left.
|inactive|clorodulce has 240 seconds left.
|
|t:|1779573335
|switch|p2a: Zamazenta|Zamazenta|100/100
|-ability|p2a: Zamazenta|Dauntless Shield|boost
|-boost|p2a: Zamazenta|def|1
|turn|4
|inactive|clorodulce has 240 seconds left.
|inactive|storm zone has 270 seconds left.
|inactive|clorodulce has 210 seconds left.
|
|t:|1779573383
|switch|p1a: Mantra|Slowking-Galar, M, shiny|67/100 brn
|move|p2a: Zamazenta|Crunch|p1a: Mantra
|-supereffective|p1a: Mantra
|-damage|p1a: Mantra|0 fnt
|faint|p1a: Mantra
|
|upkeep
|inactive|storm zone has 240 seconds left.
|
|t:|1779573430
|switch|p1a: Goliath|Ting-Lu, shiny|100/100
|-ability|p1a: Goliath|Vessel of Ruin
|turn|5
|inactive|clorodulce has 210 seconds left.
|
|t:|1779573443
|switch|p2a: Ogerpon|Ogerpon-Wellspring, F|100/100
|-terastallize|p1a: Goliath|Poison
|move|p1a: Goliath|Ruination|p2a: Ogerpon
|-damage|p2a: Ogerpon|51/100
|
|upkeep
|turn|6
|inactive|clorodulce has 210 seconds left.
|
|t:|1779573457
|switch|p1a: Leviathan|Hydrapple, M, shiny|76/100
|move|p2a: Ogerpon|Ivy Cudgel|p1a: Leviathan|[anim] Ivy Cudgel Water
|-resisted|p1a: Leviathan
|-damage|p1a: Leviathan|67/100
|
|upkeep
|turn|7
|inactive|clorodulce has 210 seconds left.
|
|t:|1779573469
|switch|p2a: Corviknight|Corviknight, F|100/100
|-ability|p2a: Corviknight|Pressure
|move|p1a: Leviathan|Giga Drain|p2a: Corviknight
|-resisted|p2a: Corviknight
|-damage|p2a: Corviknight|93/100
|-heal|p1a: Leviathan|71/100|[from] drain|[of] p2a: Corviknight
|
|upkeep
|turn|8
|inactive|storm zone has 240 seconds left.
|
|t:|1779573476
|switch|p1a: Smile.exe|Tinkaton, F, shiny|100/100
|-item|p1a: Smile.exe|Air Balloon
|move|p2a: Corviknight|U-turn|p1a: Smile.exe
|-resisted|p1a: Smile.exe
|-damage|p1a: Smile.exe|96/100
|-enditem|p1a: Smile.exe|Air Balloon
|-enditem|p2a: Corviknight|Rocky Helmet|[silent]|[from] ability: Pickpocket|[of] p2a: Corviknight
|-item|p1a: Smile.exe|Rocky Helmet|[from] ability: Pickpocket|[of] p2a: Corviknight
|
|t:|1779573484
|switch|p2a: Volcanion|Volcanion|100/100|[from] U-turn
|
|upkeep
|turn|9
|inactive|storm zone has 240 seconds left.
|
|t:|1779573501
|move|p1a: Smile.exe|Stealth Rock|p2a: Volcanion
|-sidestart|p2: clorodulce|move: Stealth Rock
|move|p2a: Volcanion|Flamethrower|p1a: Smile.exe
|-supereffective|p1a: Smile.exe
|-damage|p1a: Smile.exe|0 fnt
|faint|p1a: Smile.exe
|
|upkeep
|inactive|storm zone has 240 seconds left.
|
|t:|1779573508
|switch|p1a: Phoenix|Moltres, shiny|100/100
|turn|10
|
|t:|1779573523
|switch|p2a: Ogerpon|Ogerpon-Wellspring, F|51/100
|-damage|p2a: Ogerpon|38/100|[from] Stealth Rock
|move|p1a: Phoenix|Hurricane|p2a: Ogerpon|[miss]
|-miss|p1a: Phoenix|p2a: Ogerpon
|
|upkeep
|turn|11
|
|t:|1779573529
|switch|p1a: Leviathan|Hydrapple, M, shiny|100/100
|move|p2a: Ogerpon|Ivy Cudgel|p1a: Leviathan|[anim] Ivy Cudgel Water
|-resisted|p1a: Leviathan
|-damage|p1a: Leviathan|92/100
|
|upkeep
|turn|12
|c|☆clorodulce|fuck
|c|☆clorodulce|srry
|c|☆storm zone|Na ur fine
|c|☆storm zone|Not a game ending miss
|
|t:|1779573556
|move|p2a: Ogerpon|Knock Off|p1a: Leviathan
|-damage|p1a: Leviathan|71/100
|-enditem|p1a: Leviathan|Heavy-Duty Boots|[from] move: Knock Off|[of] p2a: Ogerpon
|move|p1a: Leviathan|Draco Meteor|p2a: Ogerpon
|-damage|p2a: Ogerpon|0 fnt
|-unboost|p1a: Leviathan|spa|2
|faint|p2a: Ogerpon
|
|upkeep
|inactive|clorodulce has 210 seconds left.
|inactive|clorodulce has 180 seconds left.
|
|t:|1779573598
|switch|p2a: Dragapult|Dragapult, M|100/100
|turn|13
|
|t:|1779573604
|move|p2a: Dragapult|Dragon Darts|p1a: Leviathan
|-supereffective|p1a: Leviathan
|-damage|p1a: Leviathan|45/100
|-anim|p2a: Dragapult|Dragon Darts|p1a: Leviathan
|-supereffective|p1a: Leviathan
|-damage|p1a: Leviathan|19/100
|move|p1a: Leviathan|Draco Meteor|p2a: Dragapult
|-supereffective|p2a: Dragapult
|-damage|p2a: Dragapult|25/100
|-unboost|p1a: Leviathan|spa|2
|
|upkeep
|turn|14
|
|t:|1779573614
|switch|p1a: Goliath|Ting-Lu, shiny, tera:Poison|100/100
|-ability|p1a: Goliath|Vessel of Ruin
|move|p2a: Dragapult|U-turn|p1a: Goliath
|-resisted|p1a: Goliath
|-damage|p1a: Goliath|95/100
|
|t:|1779573621
|switch|p2a: Volcanion|Volcanion|100/100|[from] U-turn
|-damage|p2a: Volcanion|75/100|[from] Stealth Rock
|
|-heal|p1a: Goliath|100/100|[from] item: Leftovers
|upkeep
|turn|15
|
|t:|1779573638
|-terastallize|p2a: Volcanion|Water
|move|p2a: Volcanion|Steam Eruption|p1a: Goliath
|-damage|p1a: Goliath|44/100
|move|p1a: Goliath|Earthquake|p2a: Volcanion
|-damage|p2a: Volcanion|44/100
|
|-heal|p1a: Goliath|51/100|[from] item: Leftovers
|upkeep
|turn|16
|
|t:|1779573666
|switch|p1a: Leviathan|Hydrapple, M, shiny|52/100
|move|p2a: Volcanion|Steam Eruption|p1a: Leviathan
|-resisted|p1a: Leviathan
|-damage|p1a: Leviathan|23/100
|-status|p1a: Leviathan|brn
|
|-damage|p1a: Leviathan|17/100 brn|[from] brn
|upkeep
|turn|17
|
|t:|1779573671
|move|p2a: Volcanion|Steam Eruption|p1a: Leviathan
|-resisted|p1a: Leviathan
|-damage|p1a: Leviathan|0 fnt
|faint|p1a: Leviathan
|
|upkeep
|
|t:|1779573674
|switch|p1a: Trojan|Zamazenta, shiny|100/100
|-ability|p1a: Trojan|Dauntless Shield|boost
|-boost|p1a: Trojan|def|1
|turn|18
|inactive|clorodulce has 210 seconds left.
|
|t:|1779573700
|switch|p2a: Corviknight|Corviknight, F|93/100
|-damage|p2a: Corviknight|80/100|[from] Stealth Rock
|-ability|p2a: Corviknight|Pressure
|move|p1a: Trojan|Close Combat|p2a: Corviknight
|-damage|p2a: Corviknight|44/100
|-unboost|p1a: Trojan|def|1
|-unboost|p1a: Trojan|spd|1
|
|upkeep
|turn|19
|
|t:|1779573716
|switch|p1a: Phoenix|Moltres, shiny|100/100
|move|p2a: Corviknight|U-turn|p1a: Phoenix
|-resisted|p1a: Phoenix
|-damage|p1a: Phoenix|96/100
|-status|p2a: Corviknight|brn|[from] ability: Flame Body|[of] p1a: Phoenix
|inactive|clorodulce has 180 seconds left.
|
|t:|1779573737
|switch|p2a: Zamazenta|Zamazenta|100/100|[from] U-turn
|-damage|p2a: Zamazenta|94/100|[from] Stealth Rock
|
|upkeep
|turn|20
|
|t:|1779573746
|switch|p1a: Goliath|Ting-Lu, shiny, tera:Poison|51/100
|-ability|p1a: Goliath|Vessel of Ruin
|move|p2a: Zamazenta|Stone Edge|p1a: Goliath
|-damage|p1a: Goliath|26/100
|
|-heal|p1a: Goliath|32/100|[from] item: Leftovers
|upkeep
|turn|21
|inactive|clorodulce has 180 seconds left.
|
|t:|1779573767
|move|p2a: Zamazenta|Stone Edge|p1a: Goliath
|-damage|p1a: Goliath|5/100
|move|p1a: Goliath|Ruination|p2a: Zamazenta
|-damage|p2a: Zamazenta|48/100
|
|-heal|p1a: Goliath|12/100|[from] item: Leftovers
|upkeep
|turn|22
|
|t:|1779573771
|switch|p1a: Trojan|Zamazenta, shiny|100/100
|move|p2a: Zamazenta|Stone Edge|p1a: Trojan
|-resisted|p1a: Trojan
|-damage|p1a: Trojan|79/100
|
|upkeep
|turn|23
|inactive|clorodulce has 180 seconds left.
|
|t:|1779573798
|switch|p2a: Corviknight|Corviknight, F|44/100 brn
|-damage|p2a: Corviknight|31/100 brn|[from] Stealth Rock
|-ability|p2a: Corviknight|Pressure
|move|p1a: Trojan|Ice Fang|p2a: Corviknight
|-crit|p2a: Corviknight
|-damage|p2a: Corviknight|12/100 brn
|
|-damage|p2a: Corviknight|6/100 brn|[from] brn
|upkeep
|turn|24
|
|t:|1779573806
|move|p1a: Trojan|Crunch|p2a: Corviknight
|-damage|p2a: Corviknight|0 fnt
|faint|p2a: Corviknight
|
|upkeep
|
|t:|1779573825
|switch|p2a: Dragapult|Dragapult, M|25/100
|turn|25
|inactive|clorodulce has 150 seconds left.
|inactive|storm zone has 270 seconds left.
|inactive|clorodulce has 120 seconds left.
|
|t:|1779573878
|move|p2a: Dragapult|Will-O-Wisp|p1a: Trojan
|-status|p1a: Trojan|brn
|move|p1a: Trojan|Crunch|p2a: Dragapult
|-supereffective|p2a: Dragapult
|-damage|p2a: Dragapult|0 fnt
|faint|p2a: Dragapult
|
|-damage|p1a: Trojan|73/100 brn|[from] brn
|upkeep
|inactive|clorodulce has 120 seconds left.
|inactive|clorodulce has 90 seconds left.
|inactive|clorodulce has 60 seconds left.
|inactive|clorodulce has 30 seconds left.
|
|t:|1779573977
|switch|p2a: Volcanion|Volcanion, tera:Water|44/100
|-damage|p2a: Volcanion|32/100|[from] Stealth Rock
|turn|26
|
|t:|1779573991
|switch|p1a: Goliath|Ting-Lu, shiny, tera:Poison|12/100
|-ability|p1a: Goliath|Vessel of Ruin
|move|p2a: Volcanion|Steam Eruption|p1a: Goliath
|-damage|p1a: Goliath|0 fnt
|faint|p1a: Goliath
|
|upkeep
|
|t:|1779573999
|switch|p1a: Phoenix|Moltres, shiny|96/100
|turn|27
|inactive|storm zone has 270 seconds left.
|
|t:|1779574015
|move|p1a: Phoenix|Hurricane|p2a: Volcanion|[miss]
|-miss|p1a: Phoenix|p2a: Volcanion
|move|p2a: Volcanion|Steam Eruption|p1a: Phoenix
|-supereffective|p1a: Phoenix
|-damage|p1a: Phoenix|0 fnt
|faint|p1a: Phoenix
|
|upkeep
|
|t:|1779574018
|switch|p1a: Trojan|Zamazenta, shiny|73/100 brn
|turn|28
|c|☆storm zone|fuck
|c|☆storm zone|Gg
|c|☆clorodulce|gg
|-message|storm zone forfeited.
|
|win|clorodulce
|c|☆clorodulce|Srry for that miss
|c|☆storm zone|Ur fine
|player|p1|
|player|p1|storm zone|#wcop2021latinamerica|
|player|p1|
