|j|‽pinkpriestess3
|j|☆Sun Addict
|t:|1779583544
|gametype|singles
|player|p1|pinkpriestess3|169|1608
|player|p2|Sun Addict|169|1622
|gen|9
|tier|[Gen 9] OU
|rated|
|rule|HP Percentage Mod: HP is shown in percentages
|rule|Endless Battle Clause: Forcing endless battles is banned
|rule|Species Clause: Limit one of each Pokémon
|rule|OHKO Clause: OHKO moves are banned
|rule|Evasion Items Clause: Evasion items are banned
|rule|Evasion Moves Clause: Evasion moves are banned
|rule|Evasion Abilities Clause: Evasion abilities are banned
|rule|Sleep Moves Clause: Sleep-inducing moves are banned
|clearpoke
|poke|p1|Pelipper, F|
|poke|p1|Iron Treads|
|poke|p1|Barraskewda, M|
|poke|p1|Kingdra, M|
|poke|p1|Iron Valiant|
|poke|p1|Goodra-Hisui, F|
|poke|p2|Torkoal, M|
|poke|p2|Leafeon, M|
|poke|p2|Great Tusk|
|poke|p2|Kingambit, F|
|poke|p2|Walking Wake|
|poke|p2|Cinderace, F|
|teampreview
|
|t:|1779583553
|teamsize|p1|6
|teamsize|p2|6
|start
|switch|p1a: Barraskewda|Barraskewda, M|100/100
|switch|p2a: Cinderace|Cinderace, F|100/100
|turn|1
|inactive|Battle timer is ON: inactive players will automatically lose when time's up. (requested by pinkpriestess3)
|
|t:|1779583565
|switch|p2a: Walking Wake|Walking Wake|100/100
|move|p1a: Barraskewda|Flip Turn|p2a: Walking Wake
|-resisted|p2a: Walking Wake
|-damage|p2a: Walking Wake|88/100
|
|t:|1779583569
|switch|p1a: Goodra|Goodra-Hisui, F|100/100|[from] Flip Turn
|
|upkeep
|turn|2
|
|t:|1779583573
|move|p2a: Walking Wake|Flip Turn|p1a: Goodra
|-resisted|p1a: Goodra
|-damage|p1a: Goodra|93/100
|
|t:|1779583583
|-end|p2a: Walking Wake|Protosynthesis|[silent]
|switch|p2a: Great Tusk|Great Tusk|100/100|[from] Flip Turn
|move|p1a: Goodra|Knock Off|p2a: Great Tusk
|-resisted|p2a: Great Tusk
|-damage|p2a: Great Tusk|93/100
|-enditem|p2a: Great Tusk|Eject Button|[from] move: Knock Off|[of] p1a: Goodra
|
|upkeep
|turn|3
|
|t:|1779583591
|switch|p1a: Pelipper|Pelipper, F|100/100
|-weather|RainDance|[from] ability: Drizzle|[of] p1a: Pelipper
|move|p2a: Great Tusk|Stone Edge|p1a: Pelipper
|-supereffective|p1a: Pelipper
|-damage|p1a: Pelipper|53/100
|
|-weather|RainDance|[upkeep]
|upkeep
|turn|4
|
|t:|1779583598
|move|p2a: Great Tusk|Stone Edge|p1a: Pelipper
|-supereffective|p1a: Pelipper
|-damage|p1a: Pelipper|11/100
|move|p1a: Pelipper|Roost|p1a: Pelipper
|-heal|p1a: Pelipper|61/100
|-singleturn|p1a: Pelipper|move: Roost
|
|-weather|RainDance|[upkeep]
|upkeep
|turn|5
|
|t:|1779583608
|move|p2a: Great Tusk|Stone Edge|p1a: Pelipper
|-supereffective|p1a: Pelipper
|-damage|p1a: Pelipper|19/100
|move|p1a: Pelipper|U-turn|p2a: Great Tusk
|-resisted|p2a: Great Tusk
|-damage|p2a: Great Tusk|90/100
|
|t:|1779583611
|switch|p1a: Kingdra|Kingdra, M|100/100|[from] U-turn
|
|-weather|RainDance|[upkeep]
|upkeep
|turn|6
|
|t:|1779583624
|move|p1a: Kingdra|Draco Meteor|p2a: Great Tusk
|-damage|p2a: Great Tusk|0 fnt
|-unboost|p1a: Kingdra|spa|2
|faint|p2a: Great Tusk
|-end|p2a: Great Tusk|Protosynthesis|[silent]
|
|-weather|RainDance|[upkeep]
|upkeep
|
|t:|1779583632
|switch|p2a: Torkoal|Torkoal, M|100/100
|-weather|SunnyDay|[from] ability: Drought|[of] p2a: Torkoal
|turn|7
|
|t:|1779583658
|move|p1a: Kingdra|Draco Meteor|p2a: Torkoal
|-damage|p2a: Torkoal|59/100
|-unboost|p1a: Kingdra|spa|2
|move|p2a: Torkoal|Stealth Rock|p1a: Kingdra
|-sidestart|p1: pinkpriestess3|move: Stealth Rock
|
|-weather|SunnyDay|[upkeep]
|upkeep
|turn|8
|j| Concept Everything
|
|t:|1779583666
|switch|p1a: Iron Treads|Iron Treads|100/100
|-damage|p1a: Iron Treads|97/100|[from] Stealth Rock
|-enditem|p1a: Iron Treads|Booster Energy
|-activate|p1a: Iron Treads|ability: Quark Drive|[fromitem]
|-start|p1a: Iron Treads|quarkdrivespe
|switch|p2a: Walking Wake|Walking Wake|88/100
|-activate|p2a: Walking Wake|ability: Protosynthesis
|-start|p2a: Walking Wake|protosynthesisspe
|
|-weather|SunnyDay|[upkeep]
|upkeep
|turn|9
|
|t:|1779583675
|-end|p1a: Iron Treads|Quark Drive|[silent]
|switch|p1a: Goodra|Goodra-Hisui, F|93/100
|-damage|p1a: Goodra|87/100|[from] Stealth Rock
|move|p2a: Walking Wake|Hydro Steam|p1a: Goodra
|-resisted|p1a: Goodra
|-damage|p1a: Goodra|69/100
|
|-weather|SunnyDay|[upkeep]
|upkeep
|turn|10
|
|t:|1779583691
|-end|p2a: Walking Wake|Protosynthesis|[silent]
|switch|p2a: Cinderace|Cinderace, F|100/100
|move|p1a: Goodra|Draco Meteor|p2a: Cinderace
|-damage|p2a: Cinderace|35/100
|-unboost|p1a: Goodra|spa|2
|
|-weather|SunnyDay|[upkeep]
|upkeep
|turn|11
|
|t:|1779583699
|switch|p1a: Kingdra|Kingdra, M|100/100
|-damage|p1a: Kingdra|88/100|[from] Stealth Rock
|move|p2a: Cinderace|Pyro Ball|p1a: Kingdra
|-resisted|p1a: Kingdra
|-damage|p1a: Kingdra|57/100
|-damage|p2a: Cinderace|25/100|[from] item: Life Orb
|
|-weather|SunnyDay|[upkeep]
|upkeep
|turn|12
|
|t:|1779583710
|move|p2a: Cinderace|U-turn|p1a: Kingdra
|-start|p2a: Cinderace|typechange|Bug|[from] ability: Libero
|-damage|p1a: Kingdra|4/100
|-damage|p2a: Cinderace|15/100|[from] item: Life Orb
|j| Tabata tyrogue
|
|t:|1779583729
|switch|p2a: Walking Wake|Walking Wake|88/100|[from] U-turn
|-activate|p2a: Walking Wake|ability: Protosynthesis
|-start|p2a: Walking Wake|protosynthesisspe
|move|p1a: Kingdra|Weather Ball|p2a: Walking Wake
|-resisted|p2a: Walking Wake
|-crit|p2a: Walking Wake
|-damage|p2a: Walking Wake|57/100
|
|-weather|SunnyDay|[upkeep]
|upkeep
|turn|13
|
|t:|1779583739
|move|p2a: Walking Wake|Hydro Steam|p1a: Kingdra
|-resisted|p1a: Kingdra
|-damage|p1a: Kingdra|0 fnt
|faint|p1a: Kingdra
|
|-weather|SunnyDay|[upkeep]
|upkeep
|
|t:|1779583746
|switch|p1a: Iron Valiant|Iron Valiant|100/100
|-damage|p1a: Iron Valiant|94/100|[from] Stealth Rock
|-enditem|p1a: Iron Valiant|Booster Energy
|-activate|p1a: Iron Valiant|ability: Quark Drive|[fromitem]
|-start|p1a: Iron Valiant|quarkdrivespe
|turn|14
|inactive|Sun Addict has 120 seconds left.
|
|t:|1779583788
|-end|p2a: Walking Wake|Protosynthesis|[silent]
|switch|p2a: Kingambit|Kingambit, F|100/100
|-activate|p2a: Kingambit|ability: Supreme Overlord
|-start|p2a: Kingambit|fallen1|[silent]
|move|p1a: Iron Valiant|Moonblast|p2a: Kingambit
|-damage|p2a: Kingambit|59/100
|
|-weather|none
|-heal|p2a: Kingambit|65/100|[from] item: Leftovers
|upkeep
|turn|15
|
|t:|1779583796
|-end|p2a: Kingambit|fallen1|[silent]
|switch|p2a: Torkoal|Torkoal, M|59/100
|-weather|SunnyDay|[from] ability: Drought|[of] p2a: Torkoal
|move|p1a: Iron Valiant|Close Combat|p2a: Torkoal
|-damage|p2a: Torkoal|17/100
|-unboost|p1a: Iron Valiant|def|1
|-unboost|p1a: Iron Valiant|spd|1
|
|-weather|SunnyDay|[upkeep]
|upkeep
|turn|16
|inactive|Sun Addict has 120 seconds left.
|
|t:|1779583823
|switch|p2a: Cinderace|Cinderace, F|15/100
|move|p1a: Iron Valiant|Moonblast|p2a: Cinderace
|-resisted|p2a: Cinderace
|-damage|p2a: Cinderace|0 fnt
|faint|p2a: Cinderace
|
|-weather|SunnyDay|[upkeep]
|upkeep
|
|t:|1779583828
|switch|p2a: Leafeon|Leafeon, M|100/100
|turn|17
|
|t:|1779583841
|move|p2a: Leafeon|Solar Blade||[still]
|-prepare|p2a: Leafeon|Solar Blade
|-anim|p2a: Leafeon|Solar Blade|p1a: Iron Valiant
|-crit|p1a: Iron Valiant
|-damage|p1a: Iron Valiant|0 fnt
|faint|p1a: Iron Valiant
|-end|p1a: Iron Valiant|Quark Drive|[silent]
|-damage|p2a: Leafeon|91/100|[from] item: Life Orb
|
|-weather|SunnyDay|[upkeep]
|upkeep
|
|t:|1779583846
|switch|p1a: Iron Treads|Iron Treads|97/100
|-damage|p1a: Iron Treads|94/100|[from] Stealth Rock
|turn|18
|
|t:|1779583850
|move|p2a: Leafeon|Solar Blade||[still]
|-prepare|p2a: Leafeon|Solar Blade
|-anim|p2a: Leafeon|Solar Blade|p1a: Iron Treads
|-damage|p1a: Iron Treads|31/100
|-damage|p2a: Leafeon|81/100|[from] item: Life Orb
|move|p1a: Iron Treads|Rapid Spin|p2a: Leafeon
|-damage|p2a: Leafeon|67/100
|-boost|p1a: Iron Treads|spe|1
|-sideend|p1: pinkpriestess3|Stealth Rock|[from] move: Rapid Spin|[of] p1a: Iron Treads
|
|-weather|SunnyDay|[upkeep]
|upkeep
|turn|19
|
|t:|1779583860
|move|p2a: Leafeon|Knock Off|p1a: Iron Treads
|-damage|p1a: Iron Treads|11/100
|-damage|p2a: Leafeon|57/100|[from] item: Life Orb
|move|p1a: Iron Treads|Steel Beam|p2a: Leafeon
|-damage|p2a: Leafeon|0 fnt
|-damage|p1a: Iron Treads|0 fnt|[from] steelbeam
|faint|p1a: Iron Treads
|-end|p1a: Iron Treads|Quark Drive|[silent]
|faint|p2a: Leafeon
|
|-weather|SunnyDay|[upkeep]
|upkeep
|inactive|Sun Addict has 120 seconds left.
|
|t:|1779583873
|switch|p1a: Pelipper|Pelipper, F|19/100
|switch|p2a: Walking Wake|Walking Wake|57/100
|-weather|RainDance|[from] ability: Drizzle|[of] p1a: Pelipper
|turn|20
|
|t:|1779583881
|switch|p1a: Goodra|Goodra-Hisui, F|69/100
|-terastallize|p2a: Walking Wake|Water
|move|p2a: Walking Wake|Hydro Steam|p1a: Goodra
|-resisted|p1a: Goodra
|-damage|p1a: Goodra|49/100
|
|-weather|RainDance|[upkeep]
|upkeep
|turn|21
|inactive|Sun Addict has 120 seconds left.
|
|t:|1779583903
|-end|p2a: Walking Wake|Protosynthesis|[silent]
|switch|p2a: Torkoal|Torkoal, M|17/100
|-weather|SunnyDay|[from] ability: Drought|[of] p2a: Torkoal
|move|p1a: Goodra|Draco Meteor|p2a: Torkoal
|-damage|p2a: Torkoal|0 fnt
|-unboost|p1a: Goodra|spa|2
|faint|p2a: Torkoal
|
|-weather|SunnyDay|[upkeep]
|upkeep
|
|t:|1779583910
|switch|p2a: Kingambit|Kingambit, F|65/100
|-activate|p2a: Kingambit|ability: Supreme Overlord
|-start|p2a: Kingambit|fallen4|[silent]
|turn|22
|inactive|Sun Addict has 120 seconds left.
|
|t:|1779583924
|switch|p1a: Pelipper|Pelipper, F|19/100
|-weather|RainDance|[from] ability: Drizzle|[of] p1a: Pelipper
|move|p2a: Kingambit|Kowtow Cleave|p1a: Pelipper
|-damage|p1a: Pelipper|0 fnt
|faint|p1a: Pelipper
|
|-weather|RainDance|[upkeep]
|-heal|p2a: Kingambit|71/100|[from] item: Leftovers
|upkeep
|
|t:|1779583927
|switch|p1a: Barraskewda|Barraskewda, M|100/100
|turn|23
|
|t:|1779583932
|-terastallize|p1a: Barraskewda|Water
|move|p1a: Barraskewda|Aqua Jet|p2a: Kingambit
|-damage|p2a: Kingambit|21/100
|move|p2a: Kingambit|Kowtow Cleave|p1a: Barraskewda
|-damage|p1a: Barraskewda|0 fnt
|faint|p1a: Barraskewda
|
|-weather|RainDance|[upkeep]
|-heal|p2a: Kingambit|27/100|[from] item: Leftovers
|upkeep
|
|t:|1779583935
|switch|p1a: Goodra|Goodra-Hisui, F|49/100
|turn|24
|
|t:|1779583943
|move|p2a: Kingambit|Sucker Punch|p1a: Goodra
|-damage|p1a: Goodra|0 fnt
|faint|p1a: Goodra
|
|win|Sun Addict
|raw|pinkpriestess3's rating: 1608 &rarr; <strong>1589</strong><br />(-19 for losing)
|raw|Sun Addict's rating: 1622 &rarr; <strong>1641</strong><br />(+19 for winning)
|l|‽pinkpriestess3
|player|p1|
|l|☆Sun Addict
|player|p2|
