|j|☆TheLeo4780
|j|☆Mortifi
|t:|1779618595
|gametype|singles
|player|p1|TheLeo4780|scientist-gen4|1509
|player|p2|Mortifi|pokemaniac|1497
|gen|9
|tier|[Gen 9] OU
|rated|
|rule|HP Percentage Mod: HP is shown in percentages
|rule|Endless Battle Clause: Forcing endless battles is banned
|rule|Species Clause: Limit one of each Pokémon
|rule|OHKO Clause: OHKO moves are banned
|rule|Evasion Items Clause: Evasion items are banned
|rule|Evasion Moves Clause: Evasion moves are banned
|rule|Evasion Abilities Clause: Evasion abilities are banned
|rule|Sleep Moves Clause: Sleep-inducing moves are banned
|clearpoke
|poke|p1|Raging Bolt|
|poke|p1|Ogerpon-Wellspring, F|
|poke|p1|Hatterene, F|
|poke|p1|Landorus-Therian, M|
|poke|p1|Kingambit, F|
|poke|p1|Zamazenta-*|
|poke|p2|Zapdos-Galar|
|poke|p2|Slowking-Galar, M|
|poke|p2|Alomomola, F|
|poke|p2|Great Tusk|
|poke|p2|Weavile, F|
|poke|p2|Skarmory, M|
|teampreview
|inactive|Battle timer is ON: inactive players will automatically lose when time's up. (requested by Mortifi)
|
|t:|1779618619
|teamsize|p1|6
|teamsize|p2|6
|start
|switch|p1a: Ogerpon|Ogerpon-Wellspring, F|100/100
|switch|p2a: Zapdos|Zapdos-Galar|100/100
|turn|1
|
|t:|1779618640
|switch|p1a: Raging Bolt|Raging Bolt|100/100
|move|p2a: Zapdos|Brave Bird|p1a: Raging Bolt
|-resisted|p1a: Raging Bolt
|-damage|p1a: Raging Bolt|70/100
|-damage|p2a: Zapdos|88/100|[from] Recoil
|
|upkeep
|turn|2
|
|t:|1779618648
|switch|p2a: Slowking|Slowking-Galar, M|100/100
|move|p1a: Raging Bolt|Thunderclap||[still]
|-fail|p1a: Raging Bolt
|
|upkeep
|turn|3
|
|t:|1779618655
|-end|p1a: Raging Bolt|Protosynthesis|[silent]
|switch|p1a: Hatterene|Hatterene, F|100/100
|-prepare|p2a: Slowking|Chilly Reception|[premajor]
|move|p2a: Slowking|Chilly Reception|p2a: Slowking
|-weather|Snowscape
|
|t:|1779618661
|switch|p2a: Zapdos|Zapdos-Galar|88/100|[from] Chilly Reception
|
|-weather|Snowscape|[upkeep]
|upkeep
|turn|4
|
|t:|1779618677
|move|p2a: Zapdos|U-turn|p1a: Hatterene
|-damage|p1a: Hatterene|75/100
|
|t:|1779618680
|switch|p2a: Slowking|Slowking-Galar, M|100/100|[from] U-turn
|move|p1a: Hatterene|Draining Kiss|p2a: Slowking
|-resisted|p2a: Slowking
|-damage|p2a: Slowking|92/100
|-heal|p1a: Hatterene|83/100|[from] drain|[of] p2a: Slowking
|
|-weather|Snowscape|[upkeep]
|upkeep
|turn|5
|
|t:|1779618688
|move|p1a: Hatterene|Nuzzle|p2a: Slowking
|-damage|p2a: Slowking|88/100
|-status|p2a: Slowking|par
|move|p2a: Slowking|Future Sight|p1a: Hatterene
|-start|p2a: Slowking|move: Future Sight
|
|-weather|Snowscape|[upkeep]
|upkeep
|turn|6
|
|t:|1779618696
|switch|p1a: Kingambit|Kingambit, F|100/100
|-prepare|p2a: Slowking|Chilly Reception|[premajor]
|move|p2a: Slowking|Chilly Reception|p2a: Slowking
|
|t:|1779618701
|switch|p2a: Zapdos|Zapdos-Galar|88/100|[from] Chilly Reception
|
|-weather|Snowscape|[upkeep]
|upkeep
|turn|7
|
|t:|1779618706
|-terastallize|p1a: Kingambit|Fairy
|move|p2a: Zapdos|Thunderous Kick|p1a: Kingambit
|-resisted|p1a: Kingambit
|-damage|p1a: Kingambit|82/100
|-unboost|p1a: Kingambit|def|1
|move|p1a: Kingambit|Zen Headbutt|p2a: Zapdos
|-supereffective|p2a: Zapdos
|-damage|p2a: Zapdos|14/100
|
|-weather|none
|-end|p1a: Kingambit|move: Future Sight
|-damage|p1a: Kingambit|34/100
|-heal|p1a: Kingambit|40/100|[from] item: Leftovers
|upkeep
|turn|8
|
|t:|1779618723
|switch|p2a: Skarmory|Skarmory, M|100/100
|move|p1a: Kingambit|Swords Dance|p1a: Kingambit
|-boost|p1a: Kingambit|atk|2
|
|-heal|p1a: Kingambit|46/100|[from] item: Leftovers
|upkeep
|turn|9
|j| Negative1stClass
|l| Negative1stClass
|
|t:|1779618745
|move|p1a: Kingambit|Swords Dance|p1a: Kingambit
|-boost|p1a: Kingambit|atk|2
|move|p2a: Skarmory|Brave Bird|p1a: Kingambit
|-damage|p1a: Kingambit|3/100
|-damage|p2a: Skarmory|86/100|[from] Recoil
|
|-heal|p1a: Kingambit|10/100|[from] item: Leftovers
|upkeep
|turn|10
|
|t:|1779618757
|move|p1a: Kingambit|Sucker Punch||[still]
|-fail|p1a: Kingambit
|move|p2a: Skarmory|Roost|p2a: Skarmory
|-heal|p2a: Skarmory|100/100
|-singleturn|p2a: Skarmory|move: Roost
|
|-heal|p1a: Kingambit|16/100|[from] item: Leftovers
|upkeep
|turn|11
|
|t:|1779618764
|move|p1a: Kingambit|Sucker Punch|p2a: Skarmory
|-damage|p2a: Skarmory|26/100
|-damage|p1a: Kingambit|0 fnt|[from] item: Rocky Helmet|[of] p2a: Skarmory
|faint|p1a: Kingambit
|-end|p1a: Kingambit|fallenundefined|[silent]
|move|p2a: Skarmory|Brave Bird|p1: Kingambit|[notarget]
|-fail|p2a: Skarmory
|
|upkeep
|
|t:|1779618771
|switch|p1a: Raging Bolt|Raging Bolt|70/100
|turn|12
|
|t:|1779618776
|switch|p2a: Slowking|Slowking-Galar, M|100/100 par
|move|p1a: Raging Bolt|Volt Switch|p2a: Slowking
|-damage|p2a: Slowking|66/100 par
|
|t:|1779618788
|-end|p1a: Raging Bolt|Protosynthesis|[silent]
|switch|p1a: Landorus|Landorus-Therian, M|100/100|[from] Volt Switch
|-ability|p1a: Landorus|Intimidate|boost
|-unboost|p2a: Slowking|atk|1
|
|upkeep
|turn|13
|
|t:|1779618795
|switch|p2a: Skarmory|Skarmory, M|26/100
|move|p1a: Landorus|Taunt|p2a: Skarmory
|-start|p2a: Skarmory|move: Taunt
|
|upkeep
|turn|14
|
|t:|1779618810
|switch|p2a: Great Tusk|Great Tusk|100/100
|move|p1a: Landorus|Stealth Rock|p2a: Great Tusk
|-sidestart|p2: Mortifi|move: Stealth Rock
|
|upkeep
|turn|15
|
|t:|1779618830
|move|p1a: Landorus|Earth Power|p2a: Great Tusk
|-damage|p2a: Great Tusk|53/100
|move|p2a: Great Tusk|Rapid Spin|p1a: Landorus
|-damage|p1a: Landorus|85/100
|-boost|p2a: Great Tusk|spe|1
|-damage|p2a: Great Tusk|36/100|[from] item: Rocky Helmet|[of] p1a: Landorus
|-sideend|p2: Mortifi|Stealth Rock|[from] move: Rapid Spin|[of] p2a: Great Tusk
|
|upkeep
|turn|16
|
|t:|1779618839
|switch|p1a: Zamazenta|Zamazenta|100/100
|-ability|p1a: Zamazenta|Dauntless Shield|boost
|-boost|p1a: Zamazenta|def|1
|move|p2a: Great Tusk|Ice Spinner|p1a: Zamazenta
|-damage|p1a: Zamazenta|88/100
|
|-heal|p1a: Zamazenta|94/100|[from] item: Leftovers
|upkeep
|turn|17
|
|t:|1779618849
|-end|p2a: Great Tusk|Protosynthesis|[silent]
|switch|p2a: Alomomola|Alomomola, F|100/100
|move|p1a: Zamazenta|Roar|p2a: Alomomola
|drag|p2a: Weavile|Weavile, F|100/100
|-ability|p2a: Weavile|Pressure
|
|-heal|p1a: Zamazenta|99/100|[from] item: Leftovers
|upkeep
|turn|18
|
|t:|1779618864
|switch|p2a: Alomomola|Alomomola, F|100/100
|move|p1a: Zamazenta|Iron Defense|p1a: Zamazenta
|-boost|p1a: Zamazenta|def|2
|
|-heal|p1a: Zamazenta|100/100|[from] item: Leftovers
|upkeep
|turn|19
|
|t:|1779618873
|switch|p1a: Ogerpon|Ogerpon-Wellspring, F|100/100
|move|p2a: Alomomola|Wish|p2a: Alomomola
|
|upkeep
|turn|20
|
|t:|1779618880
|move|p1a: Ogerpon|Ivy Cudgel|p2a: Alomomola|[anim] Ivy Cudgel Water
|-resisted|p2a: Alomomola
|-crit|p2a: Alomomola
|-damage|p2a: Alomomola|75/100
|move|p2a: Alomomola|Acrobatics|p1a: Ogerpon
|-supereffective|p1a: Ogerpon
|-damage|p1a: Ogerpon|47/100
|
|-heal|p2a: Alomomola|100/100|[from] move: Wish|[wisher] Alomomola
|upkeep
|turn|21
|
|t:|1779618890
|move|p1a: Ogerpon|U-turn|p2a: Alomomola
|-damage|p2a: Alomomola|85/100
|
|t:|1779618893
|switch|p1a: Raging Bolt|Raging Bolt|70/100|[from] U-turn
|move|p2a: Alomomola|Acrobatics|p1a: Raging Bolt
|-resisted|p1a: Raging Bolt
|-damage|p1a: Raging Bolt|61/100
|
|upkeep
|turn|22
|
|t:|1779618899
|switch|p2a: Slowking|Slowking-Galar, M|99/100 par
|move|p1a: Raging Bolt|Draco Meteor|p2a: Slowking|[miss]
|-miss|p1a: Raging Bolt|p2a: Slowking
|
|upkeep
|turn|23
|
|t:|1779618909
|move|p1a: Raging Bolt|Draco Meteor|p2a: Slowking
|-damage|p2a: Slowking|33/100 par
|-unboost|p1a: Raging Bolt|spa|2
|-prepare|p2a: Slowking|Chilly Reception|[premajor]
|move|p2a: Slowking|Chilly Reception|p2a: Slowking
|-weather|Snowscape
|
|t:|1779618917
|switch|p2a: Great Tusk|Great Tusk|36/100|[from] Chilly Reception
|
|-weather|Snowscape|[upkeep]
|upkeep
|turn|24
|
|t:|1779618925
|move|p2a: Great Tusk|Headlong Rush|p1a: Raging Bolt
|-supereffective|p1a: Raging Bolt
|-damage|p1a: Raging Bolt|0 fnt
|-unboost|p2a: Great Tusk|def|1
|-unboost|p2a: Great Tusk|spd|1
|faint|p1a: Raging Bolt
|-end|p1a: Raging Bolt|Protosynthesis|[silent]
|
|-weather|Snowscape|[upkeep]
|upkeep
|
|t:|1779618944
|switch|p1a: Ogerpon|Ogerpon-Wellspring, F|47/100
|turn|25
|
|t:|1779618959
|-end|p2a: Great Tusk|Protosynthesis|[silent]
|switch|p2a: Skarmory|Skarmory, M|26/100
|move|p1a: Ogerpon|Power Whip|p2a: Skarmory
|-resisted|p2a: Skarmory
|-damage|p2a: Skarmory|15/100
|-damage|p1a: Ogerpon|30/100|[from] item: Rocky Helmet|[of] p2a: Skarmory
|
|-weather|Snowscape|[upkeep]
|upkeep
|turn|26
|
|t:|1779618977
|move|p1a: Ogerpon|Ivy Cudgel|p2a: Skarmory|[anim] Ivy Cudgel Water
|-crit|p2a: Skarmory
|-damage|p2a: Skarmory|0 fnt
|faint|p2a: Skarmory
|
|-weather|Snowscape|[upkeep]
|upkeep
|
|t:|1779618982
|switch|p2a: Weavile|Weavile, F|100/100
|-ability|p2a: Weavile|Pressure
|turn|27
|
|t:|1779619007
|switch|p1a: Hatterene|Hatterene, F|83/100
|move|p2a: Weavile|Ice Spinner|p1a: Hatterene
|-damage|p1a: Hatterene|14/100
|
|-weather|none
|upkeep
|turn|28
|
|t:|1779619013
|move|p2a: Weavile|Ice Spinner|p1a: Hatterene
|-damage|p1a: Hatterene|0 fnt
|faint|p1a: Hatterene
|
|upkeep
|
|t:|1779619018
|switch|p1a: Zamazenta|Zamazenta|100/100
|turn|29
|
|t:|1779619022
|switch|p1a: Landorus|Landorus-Therian, M|85/100
|-ability|p1a: Landorus|Intimidate|boost
|-unboost|p2a: Weavile|atk|1
|switch|p2a: Slowking|Slowking-Galar, M|67/100 par
|
|upkeep
|turn|30
|
|t:|1779619030
|switch|p2a: Alomomola|Alomomola, F|100/100
|move|p1a: Landorus|Stealth Rock|p2a: Alomomola
|-sidestart|p2: Mortifi|move: Stealth Rock
|
|upkeep
|turn|31
|
|t:|1779619038
|switch|p1a: Zamazenta|Zamazenta|100/100
|move|p2a: Alomomola|Wish|p2a: Alomomola
|
|upkeep
|turn|32
|
|t:|1779619044
|move|p2a: Alomomola|Acrobatics|p1a: Zamazenta
|-supereffective|p1a: Zamazenta
|-damage|p1a: Zamazenta|74/100
|move|p1a: Zamazenta|Roar|p2a: Alomomola
|drag|p2a: Zapdos|Zapdos-Galar|14/100
|-damage|p2a: Zapdos|2/100|[from] Stealth Rock
|
|-heal|p2a: Zapdos|75/100|[from] move: Wish|[wisher] Alomomola
|-heal|p1a: Zamazenta|80/100|[from] item: Leftovers
|upkeep
|turn|33
|inactive|TheLeo4780 has 120 seconds left.
|
|t:|1779619079
|switch|p1a: Landorus|Landorus-Therian, M|85/100
|-ability|p1a: Landorus|Intimidate|boost
|-unboost|p2a: Zapdos|atk|1
|-ability|p2a: Zapdos|Defiant|boost
|-boost|p2a: Zapdos|atk|2
|move|p2a: Zapdos|Brave Bird|p1a: Landorus
|-damage|p1a: Landorus|0 fnt
|faint|p1a: Landorus
|-damage|p2a: Zapdos|42/100|[from] Recoil
|
|upkeep
|-message|TheLeo4780 forfeited.
|
|win|Mortifi
|raw|TheLeo4780's rating: 1509 &rarr; <strong>1488</strong><br />(-21 for losing)
|raw|Mortifi's rating: 1497 &rarr; <strong>1518</strong><br />(+21 for winning)
|l|☆TheLeo4780
|player|p1|
|l|☆Mortifi
|player|p2|
