|j|☆JihoonLee
|j|☆greynolabar
|t:|1779626166
|gametype|singles
|player|p1|JihoonLee|red|1395
|player|p2|greynolabar|brock|1383
|gen|9
|tier|[Gen 9] OU
|rated|
|rule|HP Percentage Mod: HP is shown in percentages
|rule|Endless Battle Clause: Forcing endless battles is banned
|rule|Species Clause: Limit one of each Pokémon
|rule|OHKO Clause: OHKO moves are banned
|rule|Evasion Items Clause: Evasion items are banned
|rule|Evasion Moves Clause: Evasion moves are banned
|rule|Evasion Abilities Clause: Evasion abilities are banned
|rule|Sleep Moves Clause: Sleep-inducing moves are banned
|clearpoke
|poke|p1|Cinderace, M|
|poke|p1|Ogerpon-Wellspring, F|
|poke|p1|Clefable, F|
|poke|p1|Toxapex, F|
|poke|p1|Corviknight, F|
|poke|p1|Darkrai|
|poke|p2|Skeledirge, M|
|poke|p2|Serperior, F|
|poke|p2|Ditto|
|poke|p2|Malamar, F|
|poke|p2|Azumarill, F|
|poke|p2|Corviknight, M|
|teampreview
|inactive|Battle timer is ON: inactive players will automatically lose when time's up. (requested by JihoonLee)
|inactive|JihoonLee has 120 seconds left.
|
|t:|1779626209
|teamsize|p1|6
|teamsize|p2|6
|start
|switch|p1a: Cinderace|Cinderace, M|100/100
|switch|p2a: Skeledirge|Skeledirge, M|100/100
|turn|1
|inactive|JihoonLee has 120 seconds left.
|
|t:|1779626245
|move|p1a: Cinderace|U-turn|p2a: Skeledirge
|-start|p1a: Cinderace|typechange|Bug|[from] ability: Libero
|-resisted|p2a: Skeledirge
|-damage|p2a: Skeledirge|94/100
|
|t:|1779626247
|switch|p1a: Toxapex|Toxapex, F|100/100|[from] U-turn
|move|p2a: Skeledirge|Torch Song|p1a: Toxapex
|-resisted|p1a: Toxapex
|-damage|p1a: Toxapex|83/100
|-boost|p2a: Skeledirge|spa|1
|
|-heal|p2a: Skeledirge|99/100|[from] item: Leftovers
|-heal|p1a: Toxapex|89/100|[from] item: Leftovers
|upkeep
|turn|2
|
|t:|1779626258
|move|p2a: Skeledirge|Earth Power|p1a: Toxapex
|-supereffective|p1a: Toxapex
|-damage|p1a: Toxapex|9/100
|move|p1a: Toxapex|Toxic|p2a: Skeledirge
|-status|p2a: Skeledirge|tox
|
|-heal|p2a: Skeledirge|100/100 tox|[from] item: Leftovers
|-heal|p1a: Toxapex|15/100|[from] item: Leftovers
|-damage|p2a: Skeledirge|94/100 tox|[from] psn
|upkeep
|turn|3
|
|t:|1779626268
|switch|p2a: Corviknight|Corviknight, M|100/100
|move|p1a: Toxapex|Baneful Bunker||[still]
|-fail|p1a: Toxapex
|
|-heal|p1a: Toxapex|21/100|[from] item: Leftovers
|upkeep
|turn|4
|
|t:|1779626276
|switch|p1a: Corviknight|Corviknight, F|100/100
|-ability|p1a: Corviknight|Pressure
|move|p2a: Corviknight|Nasty Plot|p2a: Corviknight
|-boost|p2a: Corviknight|spa|2
|
|upkeep
|turn|5
|inactive|JihoonLee has 120 seconds left.
|c|☆JihoonLee|wtf
|
|t:|1779626315
|move|p2a: Corviknight|Air Slash|p1a: Corviknight
|-resisted|p1a: Corviknight
|-damage|p1a: Corviknight|80/100
|move|p1a: Corviknight|Iron Defense|p1a: Corviknight
|-boost|p1a: Corviknight|def|2
|
|upkeep
|turn|6
|
|t:|1779626325
|move|p2a: Corviknight|Air Slash|p1a: Corviknight
|-resisted|p1a: Corviknight
|-damage|p1a: Corviknight|60/100
|move|p1a: Corviknight|Body Press|p2a: Corviknight
|-damage|p2a: Corviknight|53/100
|-damage|p1a: Corviknight|43/100|[from] item: Rocky Helmet|[of] p2a: Corviknight
|
|upkeep
|turn|7
|
|t:|1779626332
|move|p2a: Corviknight|Roost|p2a: Corviknight
|-heal|p2a: Corviknight|100/100
|-singleturn|p2a: Corviknight|move: Roost
|move|p1a: Corviknight|Roost|p1a: Corviknight
|-heal|p1a: Corviknight|93/100
|-singleturn|p1a: Corviknight|move: Roost
|
|upkeep
|turn|8
|
|t:|1779626340
|move|p2a: Corviknight|Nasty Plot|p2a: Corviknight
|-boost|p2a: Corviknight|spa|2
|move|p1a: Corviknight|Iron Defense|p1a: Corviknight
|-boost|p1a: Corviknight|def|2
|
|upkeep
|turn|9
|
|t:|1779626345
|move|p2a: Corviknight|Air Slash|p1a: Corviknight
|-resisted|p1a: Corviknight
|-damage|p1a: Corviknight|65/100
|cant|p1a: Corviknight|flinch
|
|upkeep
|turn|10
|
|t:|1779626351
|move|p2a: Corviknight|Air Slash|p1a: Corviknight
|-resisted|p1a: Corviknight
|-damage|p1a: Corviknight|36/100
|move|p1a: Corviknight|Roost|p1a: Corviknight
|-heal|p1a: Corviknight|86/100
|-singleturn|p1a: Corviknight|move: Roost
|
|upkeep
|turn|11
|
|t:|1779626360
|move|p2a: Corviknight|Nasty Plot|p2a: Corviknight
|-boost|p2a: Corviknight|spa|2
|move|p1a: Corviknight|Body Press|p2a: Corviknight
|-damage|p2a: Corviknight|38/100
|-damage|p1a: Corviknight|69/100|[from] item: Rocky Helmet|[of] p2a: Corviknight
|
|upkeep
|turn|12
|
|t:|1779626368
|move|p2a: Corviknight|Roost|p2a: Corviknight
|-heal|p2a: Corviknight|88/100
|-singleturn|p2a: Corviknight|move: Roost
|move|p1a: Corviknight|Body Press|p2a: Corviknight
|-supereffective|p2a: Corviknight
|-damage|p2a: Corviknight|0 fnt
|-damage|p1a: Corviknight|53/100|[from] item: Rocky Helmet|[of] p2a: Corviknight
|faint|p2a: Corviknight
|
|upkeep
|
|t:|1779626383
|switch|p2a: Skeledirge|Skeledirge, M|94/100 tox
|turn|13
|
|t:|1779626388
|switch|p1a: Clefable|Clefable, F|100/100
|move|p2a: Skeledirge|Torch Song|p1a: Clefable
|-damage|p1a: Clefable|74/100
|-boost|p2a: Skeledirge|spa|1
|
|-heal|p2a: Skeledirge|100/100 tox|[from] item: Leftovers
|-heal|p1a: Clefable|80/100|[from] item: Leftovers
|-damage|p2a: Skeledirge|94/100 tox|[from] psn
|upkeep
|turn|14
|inactive|greynolabar has 120 seconds left.
|
|t:|1779626422
|move|p2a: Skeledirge|Torch Song|p1a: Clefable
|-damage|p1a: Clefable|35/100
|-boost|p2a: Skeledirge|spa|1
|move|p1a: Clefable|Wish|p1a: Clefable
|
|-heal|p2a: Skeledirge|100/100 tox|[from] item: Leftovers
|-heal|p1a: Clefable|41/100|[from] item: Leftovers
|-damage|p2a: Skeledirge|88/100 tox|[from] psn
|upkeep
|turn|15
|inactive|greynolabar has 120 seconds left.
|
|t:|1779626434
|move|p1a: Clefable|Protect|p1a: Clefable
|-singleturn|p1a: Clefable|Protect
|move|p2a: Skeledirge|Shadow Ball|p1a: Clefable
|-activate|p1a: Clefable|move: Protect
|
|-heal|p1a: Clefable|91/100|[from] move: Wish|[wisher] Clefable
|-heal|p2a: Skeledirge|94/100 tox|[from] item: Leftovers
|-heal|p1a: Clefable|97/100|[from] item: Leftovers
|-damage|p2a: Skeledirge|76/100 tox|[from] psn
|upkeep
|turn|16
|inactive|greynolabar has 120 seconds left.
|
|t:|1779626444
|move|p2a: Skeledirge|Torch Song|p1a: Clefable
|-damage|p1a: Clefable|40/100
|-boost|p2a: Skeledirge|spa|1
|move|p1a: Clefable|Wish|p1a: Clefable
|
|-heal|p2a: Skeledirge|82/100 tox|[from] item: Leftovers
|-heal|p1a: Clefable|46/100|[from] item: Leftovers
|-damage|p2a: Skeledirge|57/100 tox|[from] psn
|upkeep
|turn|17
|inactive|greynolabar has 120 seconds left.
|
|t:|1779626458
|move|p1a: Clefable|Protect|p1a: Clefable
|-singleturn|p1a: Clefable|Protect
|move|p2a: Skeledirge|Earth Power|p1a: Clefable
|-activate|p1a: Clefable|move: Protect
|
|-heal|p1a: Clefable|96/100|[from] move: Wish|[wisher] Clefable
|-heal|p2a: Skeledirge|64/100 tox|[from] item: Leftovers
|-heal|p1a: Clefable|100/100|[from] item: Leftovers
|-damage|p2a: Skeledirge|33/100 tox|[from] psn
|upkeep
|turn|18
|inactive|greynolabar has 120 seconds left.
|
|t:|1779626473
|switch|p2a: Serperior|Serperior, F|100/100
|move|p1a: Clefable|Wish|p1a: Clefable
|
|upkeep
|turn|19
|
|t:|1779626477
|move|p2a: Serperior|Light Screen|p2a: Serperior
|-sidestart|p2: greynolabar|move: Light Screen
|move|p1a: Clefable|Moonblast|p2a: Serperior
|-damage|p2a: Serperior|81/100
|-boost|p2a: Serperior|spa|1
|
|upkeep
|turn|20
|
|t:|1779626483
|move|p2a: Serperior|Reflect|p2a: Serperior
|-sidestart|p2: greynolabar|Reflect
|move|p1a: Clefable|Thunder Wave|p2a: Serperior
|-status|p2a: Serperior|par
|
|upkeep
|turn|21
|
|t:|1779626488
|cant|p2a: Serperior|par
|move|p1a: Clefable|Wish|p1a: Clefable
|
|upkeep
|turn|22
|
|t:|1779626492
|switch|p1a: Corviknight|Corviknight, F|53/100
|-ability|p1a: Corviknight|Pressure
|cant|p2a: Serperior|par
|
|-heal|p1a: Corviknight|100/100|[from] move: Wish|[wisher] Clefable
|upkeep
|turn|23
|
|t:|1779626501
|move|p2a: Serperior|Glare|p1a: Corviknight
|-status|p1a: Corviknight|par
|move|p1a: Corviknight|Defog|p2a: Serperior
|-boost|p2a: Serperior|evasion|1
|-sideend|p2: greynolabar|Reflect
|-sideend|p2: greynolabar|move: Light Screen
|
|upkeep
|turn|24
|
|t:|1779626509
|move|p2a: Serperior|Reflect|p2a: Serperior
|-sidestart|p2: greynolabar|Reflect
|move|p1a: Corviknight|Iron Defense|p1a: Corviknight
|-boost|p1a: Corviknight|def|2
|
|upkeep
|turn|25
|
|t:|1779626515
|cant|p2a: Serperior|par
|move|p1a: Corviknight|Iron Defense|p1a: Corviknight
|-boost|p1a: Corviknight|def|2
|
|upkeep
|turn|26
|
|t:|1779626519
|move|p2a: Serperior|Light Screen|p2a: Serperior
|-sidestart|p2: greynolabar|move: Light Screen
|move|p1a: Corviknight|Body Press|p2a: Serperior|[miss]
|-miss|p1a: Corviknight|p2a: Serperior
|
|upkeep
|turn|27
|
|t:|1779626524
|cant|p2a: Serperior|par
|move|p1a: Corviknight|Body Press|p2a: Serperior|[miss]
|-miss|p1a: Corviknight|p2a: Serperior
|
|upkeep
|turn|28
|
|t:|1779626529
|move|p2a: Serperior|Leaf Storm|p1a: Corviknight|[miss]
|-miss|p2a: Serperior|p1a: Corviknight
|move|p1a: Corviknight|Body Press|p2a: Serperior
|-damage|p2a: Serperior|40/100 par
|
|upkeep
|turn|29
|
|t:|1779626536
|move|p2a: Serperior|Leaf Storm|p1a: Corviknight
|-resisted|p1a: Corviknight
|-damage|p1a: Corviknight|84/100 par
|-boost|p2a: Serperior|spa|2
|move|p1a: Corviknight|Body Press|p2a: Serperior
|-damage|p2a: Serperior|0 fnt
|faint|p2a: Serperior
|
|upkeep
|
|t:|1779626563
|switch|p2a: Skeledirge|Skeledirge, M|33/100 tox
|turn|30
|
|t:|1779626567
|switch|p1a: Clefable|Clefable, F|100/100
|move|p2a: Skeledirge|Slack Off|p2a: Skeledirge
|-heal|p2a: Skeledirge|83/100 tox
|
|-heal|p2a: Skeledirge|89/100 tox|[from] item: Leftovers
|-damage|p2a: Skeledirge|83/100 tox|[from] psn
|upkeep
|turn|31
|
|t:|1779626576
|switch|p2a: Azumarill|Azumarill, F|100/100
|move|p1a: Clefable|Protect||[still]
|-fail|p1a: Clefable
|
|-sideend|p2: greynolabar|Reflect
|upkeep
|turn|32
|
|t:|1779626582
|switch|p1a: Ogerpon|Ogerpon-Wellspring, F|100/100
|move|p2a: Azumarill|Belly Drum|p2a: Azumarill
|-damage|p2a: Azumarill|50/100
|-setboost|p2a: Azumarill|atk|6|[from] move: Belly Drum
|-enditem|p2a: Azumarill|Sitrus Berry|[eat]
|-heal|p2a: Azumarill|75/100|[from] item: Sitrus Berry
|
|upkeep
|turn|33
|
|t:|1779626606
|-terastallize|p2a: Azumarill|Ghost
|move|p1a: Ogerpon|Horn Leech|p2a: Azumarill
|-damage|p2a: Azumarill|30/100
|move|p2a: Azumarill|Play Rough|p1a: Ogerpon
|-damage|p1a: Ogerpon|0 fnt
|faint|p1a: Ogerpon
|
|-sideend|p2: greynolabar|move: Light Screen
|upkeep
|
|t:|1779626616
|switch|p1a: Toxapex|Toxapex, F|54/100
|turn|34
|
|t:|1779626639
|move|p1a: Toxapex|Baneful Bunker|p1a: Toxapex
|-singleturn|p1a: Toxapex|move: Protect
|move|p2a: Azumarill|Knock Off|p1a: Toxapex
|-activate|p1a: Toxapex|move: Protect
|-status|p2a: Azumarill|psn
|
|-heal|p1a: Toxapex|60/100|[from] item: Leftovers
|-damage|p2a: Azumarill|17/100 psn|[from] psn
|upkeep
|turn|35
|inactive|greynolabar has 120 seconds left.
|
|t:|1779626659
|switch|p1a: Corviknight|Corviknight, F|84/100 par
|-ability|p1a: Corviknight|Pressure
|move|p2a: Azumarill|Play Rough|p1a: Corviknight|[miss]
|-miss|p2a: Azumarill|p1a: Corviknight
|
|-damage|p2a: Azumarill|5/100 psn|[from] psn
|upkeep
|turn|36
|inactive|greynolabar has 120 seconds left.
|
|t:|1779626674
|move|p2a: Azumarill|Play Rough|p1a: Corviknight
|-resisted|p1a: Corviknight
|-damage|p1a: Corviknight|13/100 par
|-damage|p2a: Azumarill|0 fnt|[from] item: Rocky Helmet|[of] p1a: Corviknight
|faint|p2a: Azumarill
|cant|p1a: Corviknight|par
|
|upkeep
|inactive|greynolabar has 90 seconds left.
|
|t:|1779626708
|switch|p2a: Ursula|Malamar, F|100/100
|turn|37
|inactive|greynolabar has 90 seconds left.
|
|t:|1779626724
|move|p2a: Ursula|Superpower|p1a: Corviknight
|-damage|p1a: Corviknight|0 fnt
|-boost|p2a: Ursula|atk|1
|-boost|p2a: Ursula|def|1
|-damage|p2a: Ursula|84/100|[from] item: Rocky Helmet|[of] p1a: Corviknight
|faint|p1a: Corviknight
|
|-heal|p2a: Ursula|90/100|[from] item: Leftovers
|upkeep
|
|t:|1779626733
|switch|p1a: Clefable|Clefable, F|100/100
|turn|38
|
|t:|1779626741
|move|p2a: Ursula|Superpower|p1a: Clefable
|-resisted|p1a: Clefable
|-damage|p1a: Clefable|80/100
|-boost|p2a: Ursula|atk|1
|-boost|p2a: Ursula|def|1
|move|p1a: Clefable|Moonblast|p2a: Ursula
|-supereffective|p2a: Ursula
|-damage|p2a: Ursula|37/100
|
|-heal|p2a: Ursula|43/100|[from] item: Leftovers
|-heal|p1a: Clefable|86/100|[from] item: Leftovers
|upkeep
|turn|39
|inactive|greynolabar has 90 seconds left.
|
|t:|1779626767
|switch|p2a: Skeledirge|Skeledirge, M|83/100 tox
|move|p1a: Clefable|Moonblast|p2a: Skeledirge
|-resisted|p2a: Skeledirge
|-damage|p2a: Skeledirge|65/100 tox
|
|-heal|p2a: Skeledirge|71/100 tox|[from] item: Leftovers
|-heal|p1a: Clefable|92/100|[from] item: Leftovers
|-damage|p2a: Skeledirge|65/100 tox|[from] psn
|upkeep
|turn|40
|
|t:|1779626776
|move|p1a: Clefable|Protect|p1a: Clefable
|-singleturn|p1a: Clefable|Protect
|move|p2a: Skeledirge|Slack Off|p2a: Skeledirge
|-heal|p2a: Skeledirge|100/100 tox
|
|-heal|p1a: Clefable|98/100|[from] item: Leftovers
|-damage|p2a: Skeledirge|88/100 tox|[from] psn
|upkeep
|turn|41
|inactive|greynolabar has 90 seconds left.
|
|t:|1779626783
|move|p2a: Skeledirge|Torch Song|p1a: Clefable
|-damage|p1a: Clefable|69/100
|-boost|p2a: Skeledirge|spa|1
|move|p1a: Clefable|Wish|p1a: Clefable
|
|-heal|p2a: Skeledirge|94/100 tox|[from] item: Leftovers
|-heal|p1a: Clefable|75/100|[from] item: Leftovers
|-damage|p2a: Skeledirge|76/100 tox|[from] psn
|upkeep
|turn|42
|
|t:|1779626792
|move|p2a: Skeledirge|Slack Off|p2a: Skeledirge
|-heal|p2a: Skeledirge|100/100 tox
|move|p1a: Clefable|Moonblast|p2a: Skeledirge
|-resisted|p2a: Skeledirge
|-damage|p2a: Skeledirge|83/100 tox
|
|-heal|p1a: Clefable|100/100|[from] move: Wish|[wisher] Clefable
|-heal|p2a: Skeledirge|89/100 tox|[from] item: Leftovers
|-damage|p2a: Skeledirge|64/100 tox|[from] psn
|upkeep
|turn|43
|
|t:|1779626802
|switch|p2a: Ditto|Ditto|100/100
|-transform|p2a: Ditto|p1a: Clefable|[from] ability: Imposter
|move|p1a: Clefable|Protect||[still]
|-fail|p1a: Clefable
|
|upkeep
|turn|44
|c|☆JihoonLee|bro forfeit
|
|t:|1779626817
|move|p2a: Ditto|Wish|p2a: Ditto
|move|p1a: Clefable|Thunder Wave|p2a: Ditto
|-status|p2a: Ditto|par
|
|upkeep
|turn|45
|
|t:|1779626828
|switch|p2a: Skeledirge|Skeledirge, M|64/100 tox
|move|p1a: Clefable|Moonblast|p2a: Skeledirge
|-resisted|p2a: Skeledirge
|-damage|p2a: Skeledirge|47/100 tox
|-unboost|p2a: Skeledirge|spa|1
|
|-heal|p2a: Skeledirge|86/100 tox|[from] move: Wish|[wisher] Ditto
|-heal|p2a: Skeledirge|92/100 tox|[from] item: Leftovers
|-damage|p2a: Skeledirge|86/100 tox|[from] psn
|upkeep
|turn|46
|inactive|greynolabar has 90 seconds left.
|inactive|greynolabar has 60 seconds left.
|
|t:|1779626897
|move|p2a: Skeledirge|Earth Power|p1a: Clefable
|-damage|p1a: Clefable|86/100
|move|p1a: Clefable|Moonblast|p2a: Skeledirge
|-resisted|p2a: Skeledirge
|-damage|p2a: Skeledirge|67/100 tox
|
|-heal|p2a: Skeledirge|73/100 tox|[from] item: Leftovers
|-heal|p1a: Clefable|92/100|[from] item: Leftovers
|-damage|p2a: Skeledirge|61/100 tox|[from] psn
|upkeep
|turn|47
|
|t:|1779626921
|switch|p2a: Ditto|Ditto|100/100 par
|-transform|p2a: Ditto|p1a: Clefable|[from] ability: Imposter
|move|p1a: Clefable|Moonblast|p2a: Ditto
|-damage|p2a: Ditto|70/100 par
|
|-heal|p1a: Clefable|98/100|[from] item: Leftovers
|upkeep
|turn|48
|inactive|greynolabar has 30 seconds left.
|
|t:|1779626941
|move|p1a: Clefable|Moonblast|p2a: Ditto
|-damage|p2a: Ditto|42/100 par
|cant|p2a: Ditto|par
|
|-heal|p1a: Clefable|100/100|[from] item: Leftovers
|upkeep
|turn|49
|
|t:|1779626949
|move|p1a: Clefable|Moonblast|p2a: Ditto
|-damage|p2a: Ditto|11/100 par
|move|p2a: Ditto|Thunder Wave|p1a: Clefable
|-status|p1a: Clefable|par
|
|upkeep
|turn|50
|
|t:|1779626956
|switch|p2a: Skeledirge|Skeledirge, M|61/100 tox
|cant|p1a: Clefable|par
|
|-heal|p2a: Skeledirge|67/100 tox|[from] item: Leftovers
|-damage|p2a: Skeledirge|61/100 tox|[from] psn
|upkeep
|turn|51
|
|t:|1779626963
|switch|p1a: Toxapex|Toxapex, F|93/100
|move|p2a: Skeledirge|Torch Song|p1a: Toxapex
|-resisted|p1a: Toxapex
|-damage|p1a: Toxapex|75/100
|-boost|p2a: Skeledirge|spa|1
|
|-heal|p2a: Skeledirge|67/100 tox|[from] item: Leftovers
|-heal|p1a: Toxapex|81/100|[from] item: Leftovers
|-damage|p2a: Skeledirge|55/100 tox|[from] psn
|upkeep
|turn|52
|
|t:|1779626972
|move|p1a: Toxapex|Baneful Bunker|p1a: Toxapex
|-singleturn|p1a: Toxapex|move: Protect
|move|p2a: Skeledirge|Slack Off|p2a: Skeledirge
|-heal|p2a: Skeledirge|100/100 tox
|
|-heal|p1a: Toxapex|87/100|[from] item: Leftovers
|-damage|p2a: Skeledirge|82/100 tox|[from] psn
|upkeep
|turn|53
|
|t:|1779626984
|switch|p2a: Ursula|Malamar, F|43/100
|move|p1a: Toxapex|Chilling Water|p2a: Ursula
|-damage|p2a: Ursula|36/100
|-boost|p2a: Ursula|atk|1
|
|-heal|p2a: Ursula|42/100|[from] item: Leftovers
|-heal|p1a: Toxapex|93/100|[from] item: Leftovers
|upkeep
|turn|54
|
|t:|1779626992
|move|p1a: Toxapex|Baneful Bunker|p1a: Toxapex
|-singleturn|p1a: Toxapex|move: Protect
|move|p2a: Ursula|Rest|p2a: Ursula
|-status|p2a: Ursula|slp|[from] move: Rest
|-heal|p2a: Ursula|100/100 slp|[silent]
|
|-heal|p1a: Toxapex|99/100|[from] item: Leftovers
|upkeep
|turn|55
|inactive|greynolabar has 60 seconds left.
|
|t:|1779627005
|switch|p1a: Clefable|Clefable, F|100/100 par
|cant|p2a: Ursula|slp
|
|upkeep
|turn|56
|inactive|greynolabar has 60 seconds left.
|
|t:|1779627014
|switch|p2a: Skeledirge|Skeledirge, M|82/100 tox
|cant|p1a: Clefable|par
|
|-heal|p2a: Skeledirge|88/100 tox|[from] item: Leftovers
|-damage|p2a: Skeledirge|82/100 tox|[from] psn
|upkeep
|turn|57
|c|☆JihoonLee|you're so toxic
|
|t:|1779627023
|move|p2a: Skeledirge|Torch Song|p1a: Clefable
|-damage|p1a: Clefable|73/100 par
|-boost|p2a: Skeledirge|spa|1
|cant|p1a: Clefable|par
|
|-heal|p2a: Skeledirge|88/100 tox|[from] item: Leftovers
|-heal|p1a: Clefable|79/100 par|[from] item: Leftovers
|-damage|p2a: Skeledirge|76/100 tox|[from] psn
|upkeep
|turn|58
|
|t:|1779627036
|cant|p1a: Clefable|par
|move|p2a: Skeledirge|Torch Song|p1a: Clefable
|-damage|p1a: Clefable|34/100 par
|-boost|p2a: Skeledirge|spa|1
|
|-heal|p2a: Skeledirge|82/100 tox|[from] item: Leftovers
|-heal|p1a: Clefable|40/100 par|[from] item: Leftovers
|-damage|p2a: Skeledirge|64/100 tox|[from] psn
|upkeep
|turn|59
|
|t:|1779627047
|move|p1a: Clefable|Protect|p1a: Clefable
|-singleturn|p1a: Clefable|Protect
|move|p2a: Skeledirge|Earth Power|p1a: Clefable
|-activate|p1a: Clefable|move: Protect
|
|-heal|p2a: Skeledirge|70/100 tox|[from] item: Leftovers
|-heal|p1a: Clefable|46/100 par|[from] item: Leftovers
|-damage|p2a: Skeledirge|45/100 tox|[from] psn
|upkeep
|turn|60
|
|t:|1779627056
|move|p2a: Skeledirge|Torch Song|p1a: Clefable
|-damage|p1a: Clefable|0 fnt
|-boost|p2a: Skeledirge|spa|1
|faint|p1a: Clefable
|
|-heal|p2a: Skeledirge|51/100 tox|[from] item: Leftovers
|-damage|p2a: Skeledirge|20/100 tox|[from] psn
|upkeep
|
|t:|1779627063
|switch|p1a: Cinderace|Cinderace, M|100/100
|turn|61
|
|t:|1779627077
|switch|p2a: Ditto|Ditto|11/100 par
|-transform|p2a: Ditto|p1a: Cinderace|[from] ability: Imposter
|move|p1a: Cinderace|Pyro Ball|p2a: Ditto
|-resisted|p2a: Ditto
|-damage|p2a: Ditto|0 fnt
|faint|p2a: Ditto
|
|upkeep
|inactive|greynolabar has 60 seconds left.
|
|t:|1779627103
|switch|p2a: Ursula|Malamar, F|100/100 slp
|turn|62
|
|t:|1779627119
|switch|p2a: Skeledirge|Skeledirge, M|20/100 tox
|move|p1a: Cinderace|Pyro Ball|p2a: Skeledirge
|-resisted|p2a: Skeledirge
|-damage|p2a: Skeledirge|0 fnt
|faint|p2a: Skeledirge
|
|upkeep
|
|t:|1779627125
|switch|p2a: Ursula|Malamar, F|100/100 slp
|turn|63
|
|t:|1779627130
|move|p1a: Cinderace|Pyro Ball|p2a: Ursula
|-damage|p2a: Ursula|47/100 slp
|cant|p2a: Ursula|slp
|move|p2a: Ursula|Sleep Talk|p2a: Ursula
|move|p2a: Ursula|Rest||[from] move: Sleep Talk|[still]
|-fail|p2a: Ursula
|
|-heal|p2a: Ursula|53/100 slp|[from] item: Leftovers
|upkeep
|turn|64
|
|t:|1779627138
|move|p1a: Cinderace|Pyro Ball|p2a: Ursula
|-damage|p2a: Ursula|0 fnt
|faint|p2a: Ursula
|
|win|JihoonLee
|raw|JihoonLee's rating: 1395 &rarr; <strong>1414</strong><br />(+19 for winning)
|raw|greynolabar's rating: 1383 &rarr; <strong>1364</strong><br />(-19 for losing)
|l|☆greynolabar
|player|p2|
|c|☆JihoonLee|waste of time
|l|☆JihoonLee
|player|p1|
