|j|☆Hallommora
|j|☆AnOriginalName3
|t:|1779564267
|gametype|singles
|player|p1|Hallommora|clown|1561
|player|p2|AnOriginalName3|richboy-gen4|1557
|gen|9
|tier|[Gen 9] OU
|rated|
|rule|HP Percentage Mod: HP is shown in percentages
|rule|Endless Battle Clause: Forcing endless battles is banned
|rule|Species Clause: Limit one of each Pokémon
|rule|OHKO Clause: OHKO moves are banned
|rule|Evasion Items Clause: Evasion items are banned
|rule|Evasion Moves Clause: Evasion moves are banned
|rule|Evasion Abilities Clause: Evasion abilities are banned
|rule|Sleep Moves Clause: Sleep-inducing moves are banned
|clearpoke
|poke|p1|Garganacl, M|
|poke|p1|Gliscor, M|
|poke|p1|Clefable, M|
|poke|p1|Zamazenta-*|
|poke|p1|Gholdengo|
|poke|p1|Samurott-Hisui, M|
|poke|p2|Ogerpon, F|
|poke|p2|Gliscor, F|
|poke|p2|Volcanion|
|poke|p2|Salazzle, F|
|poke|p2|Slither Wing|
|poke|p2|Cinccino, M|
|teampreview
|inactive|Battle timer is ON: inactive players will automatically lose when time's up. (requested by Hallommora)
|j| Couchthulhu
|
|t:|1779564281
|teamsize|p1|6
|teamsize|p2|6
|start
|switch|p1a: Clefable|Clefable, M|100/100
|switch|p2a: Slither Wing|Slither Wing|100/100
|turn|1
|
|t:|1779564285
|move|p2a: Slither Wing|U-turn|p1a: Clefable
|-resisted|p1a: Clefable
|-damage|p1a: Clefable|88/100
|-damage|p2a: Slither Wing|84/100|[from] item: Rocky Helmet|[of] p1a: Clefable
|
|t:|1779564287
|-end|p2a: Slither Wing|Protosynthesis|[silent]
|switch|p2a: Gliscor|Gliscor, F|100/100|[from] U-turn
|move|p1a: Clefable|Stealth Rock|p2a: Gliscor
|-sidestart|p2: AnOriginalName3|move: Stealth Rock
|
|-status|p2a: Gliscor|tox|[from] item: Toxic Orb
|upkeep
|turn|2
|
|t:|1779564296
|switch|p1a: Samurott|Samurott-Hisui, M|100/100
|move|p2a: Gliscor|Knock Off|p1a: Samurott
|-resisted|p1a: Samurott
|-damage|p1a: Samurott|89/100
|-enditem|p1a: Samurott|Heavy-Duty Boots|[from] move: Knock Off|[of] p2a: Gliscor
|
|upkeep
|turn|3
|
|t:|1779564305
|switch|p2a: Slither Wing|Slither Wing|84/100
|-damage|p2a: Slither Wing|72/100|[from] Stealth Rock
|move|p1a: Samurott|Aqua Cutter|p2a: Slither Wing
|-damage|p2a: Slither Wing|33/100
|
|upkeep
|turn|4
|
|t:|1779564312
|switch|p1a: Clefable|Clefable, M|88/100
|move|p2a: Slither Wing|First Impression|p1a: Clefable
|-resisted|p1a: Clefable
|-damage|p1a: Clefable|72/100
|-damage|p2a: Slither Wing|16/100|[from] item: Rocky Helmet|[of] p1a: Clefable
|
|upkeep
|turn|5
|
|t:|1779564320
|move|p2a: Slither Wing|Morning Sun|p2a: Slither Wing
|-heal|p2a: Slither Wing|66/100
|move|p1a: Clefable|Moonblast|p2a: Slither Wing
|-supereffective|p2a: Slither Wing
|-damage|p2a: Slither Wing|13/100
|
|upkeep
|turn|6
|
|t:|1779564328
|-end|p2a: Slither Wing|Protosynthesis|[silent]
|switch|p2a: Volcanion|Volcanion|100/100
|-damage|p2a: Volcanion|76/100|[from] Stealth Rock
|move|p1a: Clefable|Moonblast|p2a: Volcanion
|-resisted|p2a: Volcanion
|-damage|p2a: Volcanion|55/100
|
|upkeep
|turn|7
|
|t:|1779564338
|switch|p1a: Samurott|Samurott-Hisui, M|89/100
|move|p2a: Volcanion|Steam Eruption|p1a: Samurott
|-resisted|p1a: Samurott
|-damage|p1a: Samurott|31/100
|
|upkeep
|turn|8
|
|t:|1779564347
|switch|p2a: Slither Wing|Slither Wing|13/100
|-damage|p2a: Slither Wing|1/100|[from] Stealth Rock
|move|p1a: Samurott|Ceaseless Edge|p2a: Slither Wing
|-resisted|p2a: Slither Wing
|-damage|p2a: Slither Wing|0 fnt
|-damage|p1a: Samurott|14/100|[from] item: Rocky Helmet|[of] p2a: Slither Wing
|-sidestart|p2: AnOriginalName3|Spikes
|faint|p2a: Slither Wing
|-end|p2a: Slither Wing|Protosynthesis|[silent]
|
|upkeep
|
|t:|1779564353
|switch|p2a: Cinccino|Cinccino, M|100/100
|-damage|p2a: Cinccino|88/100|[from] Stealth Rock
|-damage|p2a: Cinccino|76/100|[from] Spikes
|turn|9
|
|t:|1779564363
|move|p2a: Cinccino|Tidy Up|p2a: Cinccino
|-sideend|p2: AnOriginalName3|Spikes
|-sideend|p2: AnOriginalName3|Stealth Rock
|-activate|p2a: Cinccino|move: Tidy Up
|-boost|p2a: Cinccino|atk|1
|-boost|p2a: Cinccino|spe|1
|move|p1a: Samurott|Encore|p2a: Cinccino
|-start|p2a: Cinccino|Encore
|
|upkeep
|turn|10
|
|t:|1779564369
|switch|p2a: Ogerpon|Ogerpon, F|100/100
|move|p1a: Samurott|Ceaseless Edge|p2a: Ogerpon
|-damage|p2a: Ogerpon|45/100
|-sidestart|p2: AnOriginalName3|Spikes
|
|upkeep
|turn|11
|
|t:|1779564380
|move|p2a: Ogerpon|Ivy Cudgel|p1a: Samurott
|-supereffective|p1a: Samurott
|-damage|p1a: Samurott|0 fnt
|faint|p1a: Samurott
|
|upkeep
|
|t:|1779564385
|switch|p1a: Clefable|Clefable, M|72/100
|turn|12
|
|t:|1779564392
|switch|p2a: Volcanion|Volcanion|55/100
|-damage|p2a: Volcanion|43/100|[from] Spikes
|move|p1a: Clefable|Stealth Rock|p2a: Volcanion
|-sidestart|p2: AnOriginalName3|move: Stealth Rock
|
|upkeep
|turn|13
|
|t:|1779564404
|switch|p1a: Gholdengo|Gholdengo|100/100
|move|p2a: Volcanion|Steam Eruption|p1a: Gholdengo
|-damage|p1a: Gholdengo|10/100
|
|upkeep
|turn|14
|
|t:|1779564410
|move|p2a: Volcanion|Steam Eruption|p1a: Gholdengo
|-damage|p1a: Gholdengo|0 fnt
|faint|p1a: Gholdengo
|
|upkeep
|
|t:|1779564418
|switch|p1a: Garganacl|Garganacl, M|100/100
|turn|15
|
|t:|1779564423
|-terastallize|p1a: Garganacl|Water
|move|p2a: Volcanion|Steam Eruption|p1a: Garganacl
|-resisted|p1a: Garganacl
|-damage|p1a: Garganacl|66/100
|move|p1a: Garganacl|Salt Cure|p2a: Volcanion
|-supereffective|p2a: Volcanion
|-damage|p2a: Volcanion|16/100
|-start|p2a: Volcanion|Salt Cure
|
|-damage|p2a: Volcanion|0 fnt|[from] Salt Cure
|faint|p2a: Volcanion
|upkeep
|
|t:|1779564427
|switch|p2a: Cinccino|Cinccino, M|76/100
|-damage|p2a: Cinccino|63/100|[from] Spikes
|-damage|p2a: Cinccino|51/100|[from] Stealth Rock
|turn|16
|
|t:|1779564432
|move|p2a: Cinccino|Tidy Up|p2a: Cinccino
|-sideend|p2: AnOriginalName3|Spikes
|-sideend|p2: AnOriginalName3|Stealth Rock
|-activate|p2a: Cinccino|move: Tidy Up
|-boost|p2a: Cinccino|atk|1
|-boost|p2a: Cinccino|spe|1
|move|p1a: Garganacl|Body Press|p2a: Cinccino
|-supereffective|p2a: Cinccino
|-damage|p2a: Cinccino|0 fnt
|faint|p2a: Cinccino
|
|upkeep
|
|t:|1779564435
|switch|p2a: Ogerpon|Ogerpon, F|45/100
|turn|17
|
|t:|1779564442
|switch|p1a: Clefable|Clefable, M|72/100
|-terastallize|p2a: Ogerpon|Grass
|detailschange|p2a: Ogerpon|Ogerpon-Teal-Tera, F, tera:Grass
|-ability|p2a: Ogerpon|Embody Aspect (Teal)|boost
|-boost|p2a: Ogerpon|spe|1
|move|p2a: Ogerpon|Ivy Cudgel|p1a: Clefable
|-crit|p1a: Clefable
|-damage|p1a: Clefable|0 fnt
|faint|p1a: Clefable
|
|upkeep
|
|t:|1779564452
|switch|p1a: Zamazenta|Zamazenta|100/100
|-ability|p1a: Zamazenta|Dauntless Shield|boost
|-boost|p1a: Zamazenta|def|1
|turn|18
|
|t:|1779564454
|switch|p2a: Salazzle|Salazzle, F|100/100
|move|p1a: Zamazenta|Close Combat|p2a: Salazzle
|-resisted|p2a: Salazzle
|-damage|p2a: Salazzle|47/100
|-unboost|p1a: Zamazenta|def|1
|-unboost|p1a: Zamazenta|spd|1
|
|upkeep
|turn|19
|
|t:|1779564460
|move|p2a: Salazzle|Fire Blast|p1a: Zamazenta|[miss]
|-miss|p2a: Salazzle|p1a: Zamazenta
|move|p1a: Zamazenta|Close Combat|p2a: Salazzle
|-resisted|p2a: Salazzle
|-damage|p2a: Salazzle|0 fnt
|-unboost|p1a: Zamazenta|def|1
|-unboost|p1a: Zamazenta|spd|1
|faint|p2a: Salazzle
|
|upkeep
|
|t:|1779564463
|switch|p2a: Ogerpon|Ogerpon-Teal-Tera, F, tera:Grass|45/100
|-ability|p2a: Ogerpon|Embody Aspect (Teal)|boost
|-boost|p2a: Ogerpon|spe|1
|turn|20
|
|t:|1779564471
|switch|p1a: Gliscor|Gliscor, M|100/100
|move|p2a: Ogerpon|Ivy Cudgel|p1a: Gliscor
|-crit|p1a: Gliscor
|-damage|p1a: Gliscor|38/100
|
|-status|p1a: Gliscor|tox|[from] item: Toxic Orb
|upkeep
|turn|21
|
|t:|1779564475
|move|p2a: Ogerpon|Ivy Cudgel|p1a: Gliscor
|-damage|p1a: Gliscor|0 fnt
|faint|p1a: Gliscor
|
|upkeep
|
|t:|1779564478
|switch|p1a: Zamazenta|Zamazenta|100/100
|turn|22
|
|t:|1779564481
|switch|p2a: Gliscor|Gliscor, F|100/100 tox
|move|p1a: Zamazenta|Close Combat|p2a: Gliscor
|-resisted|p2a: Gliscor
|-damage|p2a: Gliscor|79/100 tox
|-unboost|p1a: Zamazenta|def|1
|-unboost|p1a: Zamazenta|spd|1
|
|-heal|p2a: Gliscor|92/100 tox|[from] ability: Poison Heal
|upkeep
|turn|23
|
|t:|1779564485
|switch|p2a: Ogerpon|Ogerpon-Teal-Tera, F, tera:Grass|45/100
|-ability|p2a: Ogerpon|Embody Aspect (Teal)|boost
|-boost|p2a: Ogerpon|spe|1
|move|p1a: Zamazenta|Ice Fang|p2a: Ogerpon
|-supereffective|p2a: Ogerpon
|-damage|p2a: Ogerpon|0 fnt
|faint|p2a: Ogerpon
|detailschange|p2: Ogerpon|Ogerpon, F|[silent]
|
|upkeep
|-message|AnOriginalName3 forfeited.
|
|win|Hallommora
|raw|Hallommora's rating: 1561 &rarr; <strong>1581</strong><br />(+20 for winning)
|raw|AnOriginalName3's rating: 1557 &rarr; <strong>1537</strong><br />(-20 for losing)
|l|☆AnOriginalName3
|player|p2|
|l|☆Hallommora
|player|p1|
