|j|☆FitzyLegend
|j|☆rujjtrainer
|t:|1779689041
|gametype|singles
|player|p1|FitzyLegend|hilbert|1398
|player|p2|rujjtrainer|winona|1331
|gen|9
|tier|[Gen 9] OU
|rated|
|rule|HP Percentage Mod: HP is shown in percentages
|rule|Endless Battle Clause: Forcing endless battles is banned
|rule|Species Clause: Limit one of each Pokémon
|rule|OHKO Clause: OHKO moves are banned
|rule|Evasion Items Clause: Evasion items are banned
|rule|Evasion Moves Clause: Evasion moves are banned
|rule|Evasion Abilities Clause: Evasion abilities are banned
|rule|Sleep Moves Clause: Sleep-inducing moves are banned
|clearpoke
|poke|p1|Hawlucha, M|
|poke|p1|Maushold-Four|
|poke|p1|Iron Valiant|
|poke|p1|Samurott-Hisui, M|
|poke|p1|Serperior, M|
|poke|p1|Gliscor, M|
|poke|p2|Sinistcha-Masterpiece|
|poke|p2|Gastrodon, F|
|poke|p2|Braviary, M|
|poke|p2|Lucario, M|
|poke|p2|Ceruledge, M|
|poke|p2|Hydreigon, M|
|teampreview
|inactive|Battle timer is ON: inactive players will automatically lose when time's up. (requested by rujjtrainer)
|
|t:|1779689049
|teamsize|p1|6
|teamsize|p2|6
|start
|switch|p1a: Serperior|Serperior, M|100/100
|switch|p2a: Sinistcha|Sinistcha-Masterpiece|100/100
|turn|1
|
|t:|1779689057
|move|p1a: Serperior|Glare|p2a: Sinistcha
|-status|p2a: Sinistcha|par
|move|p2a: Sinistcha|Nasty Plot|p2a: Sinistcha
|-boost|p2a: Sinistcha|spa|2
|
|upkeep
|turn|2
|
|t:|1779689077
|move|p1a: Serperior|Substitute|p1a: Serperior
|-start|p1a: Serperior|Substitute
|-damage|p1a: Serperior|75/100
|cant|p2a: Sinistcha|par
|
|-heal|p1a: Serperior|82/100|[from] item: Leftovers
|upkeep
|turn|3
|
|t:|1779689085
|move|p1a: Serperior|Leaf Storm|p2a: Sinistcha|[miss]
|-miss|p1a: Serperior|p2a: Sinistcha
|move|p2a: Sinistcha|Shadow Ball|p1a: Serperior
|-end|p1a: Serperior|Substitute
|
|-heal|p1a: Serperior|88/100|[from] item: Leftovers
|upkeep
|turn|4
|
|t:|1779689096
|move|p1a: Serperior|Substitute|p1a: Serperior
|-start|p1a: Serperior|Substitute
|-damage|p1a: Serperior|63/100
|cant|p2a: Sinistcha|par
|
|-heal|p1a: Serperior|69/100|[from] item: Leftovers
|upkeep
|turn|5
|
|t:|1779689104
|move|p1a: Serperior|Leaf Storm|p2a: Sinistcha
|-resisted|p2a: Sinistcha
|-damage|p2a: Sinistcha|76/100 par
|-boost|p1a: Serperior|spa|2
|move|p2a: Sinistcha|Shadow Ball|p1a: Serperior
|-end|p1a: Serperior|Substitute
|
|-heal|p1a: Serperior|75/100|[from] item: Leftovers
|upkeep
|turn|6
|
|t:|1779689114
|move|p1a: Serperior|Substitute|p1a: Serperior
|-start|p1a: Serperior|Substitute
|-damage|p1a: Serperior|50/100
|move|p2a: Sinistcha|Shadow Ball|p1a: Serperior
|-end|p1a: Serperior|Substitute
|
|-heal|p1a: Serperior|56/100|[from] item: Leftovers
|upkeep
|turn|7
|c|☆rujjtrainer|shameless
|
|t:|1779689123
|move|p1a: Serperior|Substitute|p1a: Serperior
|-start|p1a: Serperior|Substitute
|-damage|p1a: Serperior|31/100
|move|p2a: Sinistcha|Shadow Ball|p1a: Serperior
|-end|p1a: Serperior|Substitute
|
|-heal|p1a: Serperior|37/100|[from] item: Leftovers
|upkeep
|turn|8
|
|t:|1779689132
|move|p1a: Serperior|Substitute|p1a: Serperior
|-start|p1a: Serperior|Substitute
|-damage|p1a: Serperior|12/100
|move|p2a: Sinistcha|Shadow Ball|p1a: Serperior
|-end|p1a: Serperior|Substitute
|
|-heal|p1a: Serperior|19/100|[from] item: Leftovers
|upkeep
|turn|9
|
|t:|1779689141
|move|p1a: Serperior|Leaf Storm|p2a: Sinistcha
|-resisted|p2a: Sinistcha
|-damage|p2a: Sinistcha|27/100 par
|-boost|p1a: Serperior|spa|2
|move|p2a: Sinistcha|Matcha Gotcha|p1a: Serperior
|-resisted|p1a: Serperior
|-damage|p1a: Serperior|0 fnt
|-heal|p2a: Sinistcha|36/100 par|[from] drain|[of] p1a: Serperior
|faint|p1a: Serperior
|
|upkeep
|
|t:|1779689154
|switch|p1a: Samurott|Samurott-Hisui, M|100/100
|turn|10
|
|t:|1779689158
|move|p1a: Samurott|Ceaseless Edge|p2a: Sinistcha
|-supereffective|p2a: Sinistcha
|-enditem|p2a: Sinistcha|Colbur Berry|[eat]
|-enditem|p2a: Sinistcha|Colbur Berry|[weaken]
|-damage|p2a: Sinistcha|0 fnt
|-sidestart|p2: rujjtrainer|Spikes
|faint|p2a: Sinistcha
|
|upkeep
|
|t:|1779689164
|switch|p2a: Lucario|Lucario, M|100/100
|-damage|p2a: Lucario|88/100|[from] Spikes
|turn|11
|
|t:|1779689177
|move|p2a: Lucario|Aura Sphere|p1a: Samurott
|-supereffective|p1a: Samurott
|-enditem|p1a: Samurott|Focus Sash
|-damage|p1a: Samurott|1/100
|-damage|p2a: Lucario|78/100|[from] item: Life Orb
|move|p1a: Samurott|Aqua Cutter|p2a: Lucario
|-damage|p2a: Lucario|7/100
|
|upkeep
|turn|12
|
|t:|1779689187
|move|p1a: Samurott|Sucker Punch|p2a: Lucario
|-resisted|p2a: Lucario
|-damage|p2a: Lucario|0 fnt
|faint|p2a: Lucario
|
|upkeep
|
|t:|1779689192
|switch|p2a: Hydreigon|Hydreigon, M|100/100
|turn|13
|
|t:|1779689198
|move|p2a: Hydreigon|Dark Pulse|p1a: Samurott
|-resisted|p1a: Samurott
|-damage|p1a: Samurott|0 fnt
|faint|p1a: Samurott
|
|upkeep
|
|t:|1779689204
|switch|p1a: Iron Valiant|Iron Valiant|100/100
|-enditem|p1a: Iron Valiant|Booster Energy
|-activate|p1a: Iron Valiant|ability: Quark Drive|[fromitem]
|-start|p1a: Iron Valiant|quarkdrivespe
|turn|14
|
|t:|1779689212
|move|p1a: Iron Valiant|Moonblast|p2a: Hydreigon
|-supereffective|p2a: Hydreigon
|-damage|p2a: Hydreigon|0 fnt
|faint|p2a: Hydreigon
|
|upkeep
|
|t:|1779689216
|switch|p2a: Braviary|Braviary, M|100/100
|turn|15
|
|t:|1779689228
|move|p1a: Iron Valiant|Moonblast|p2a: Braviary
|-damage|p2a: Braviary|47/100
|move|p2a: Braviary|Brave Bird|p1a: Iron Valiant
|-supereffective|p1a: Iron Valiant
|-damage|p1a: Iron Valiant|0 fnt
|faint|p1a: Iron Valiant
|-end|p1a: Iron Valiant|Quark Drive|[silent]
|-damage|p2a: Braviary|19/100|[from] Recoil
|
|upkeep
|
|t:|1779689247
|switch|p1a: Gliscor|Gliscor, M|100/100
|turn|16
|
|t:|1779689255
|-terastallize|p1a: Gliscor|Normal
|move|p2a: Braviary|Brave Bird|p1a: Gliscor
|-damage|p1a: Gliscor|52/100
|-damage|p2a: Braviary|2/100|[from] Recoil
|move|p1a: Gliscor|Swords Dance|p1a: Gliscor
|-boost|p1a: Gliscor|atk|2
|
|-status|p1a: Gliscor|tox|[from] item: Toxic Orb
|upkeep
|turn|17
|inactive|FitzyLegend has 120 seconds left.
|
|t:|1779689280
|move|p1a: Gliscor|Protect|p1a: Gliscor
|-singleturn|p1a: Gliscor|Protect
|move|p2a: Braviary|Brave Bird|p1a: Gliscor
|-activate|p1a: Gliscor|move: Protect
|
|-heal|p1a: Gliscor|64/100 tox|[from] ability: Poison Heal
|upkeep
|turn|18
|inactive|FitzyLegend has 120 seconds left.
|
|t:|1779689291
|move|p2a: Braviary|Close Combat|p1a: Gliscor
|-supereffective|p1a: Gliscor
|-damage|p1a: Gliscor|0 fnt
|-unboost|p2a: Braviary|def|1
|-unboost|p2a: Braviary|spd|1
|faint|p1a: Gliscor
|
|upkeep
|inactive|FitzyLegend has 120 seconds left.
|
|t:|1779689302
|switch|p1a: Maushold|Maushold-Four|100/100
|turn|19
|
|t:|1779689307
|move|p1a: Maushold|Crunch|p2a: Braviary
|-damage|p2a: Braviary|0 fnt
|faint|p2a: Braviary
|
|upkeep
|
|t:|1779689311
|switch|p2a: Ceruledge|Ceruledge, M|100/100
|-damage|p2a: Ceruledge|88/100|[from] Spikes
|turn|20
|
|t:|1779689320
|move|p1a: Maushold|Crunch|p2a: Ceruledge
|-supereffective|p2a: Ceruledge
|-damage|p2a: Ceruledge|33/100
|move|p2a: Ceruledge|Bitter Blade|p1a: Maushold
|-damage|p1a: Maushold|11/100
|-heal|p2a: Ceruledge|78/100|[from] drain|[of] p1a: Maushold
|
|upkeep
|turn|21
|
|t:|1779689328
|move|p1a: Maushold|Crunch|p2a: Ceruledge
|-supereffective|p2a: Ceruledge
|-damage|p2a: Ceruledge|24/100
|move|p2a: Ceruledge|Bitter Blade|p1a: Maushold
|-damage|p1a: Maushold|0 fnt
|-heal|p2a: Ceruledge|29/100|[from] drain|[of] p1a: Maushold
|faint|p1a: Maushold
|
|upkeep
|
|t:|1779689337
|switch|p1a: Hawlucha|Hawlucha, M|100/100
|turn|22
|
|t:|1779689342
|move|p1a: Hawlucha|Sky Attack||[still]
|-prepare|p1a: Hawlucha|Sky Attack
|-enditem|p1a: Hawlucha|Power Herb
|-anim|p1a: Hawlucha|Sky Attack|p2a: Ceruledge
|-crit|p2a: Ceruledge
|-damage|p2a: Ceruledge|0 fnt
|faint|p2a: Ceruledge
|
|upkeep
|
|t:|1779689348
|switch|p2a: Gastrodon|Gastrodon, F|100/100
|-damage|p2a: Gastrodon|88/100|[from] Spikes
|turn|23
|
|t:|1779689359
|-terastallize|p2a: Gastrodon|Poison
|move|p1a: Hawlucha|Acrobatics|p2a: Gastrodon
|-damage|p2a: Gastrodon|37/100
|move|p2a: Gastrodon|Ice Beam|p1a: Hawlucha
|-supereffective|p1a: Hawlucha
|-damage|p1a: Hawlucha|4/100
|
|upkeep
|turn|24
|
|t:|1779689368
|move|p1a: Hawlucha|Acrobatics|p2a: Gastrodon
|-damage|p2a: Gastrodon|0 fnt
|faint|p2a: Gastrodon
|
|win|FitzyLegend
|raw|FitzyLegend's rating: 1398 &rarr; <strong>1414</strong><br />(+16 for winning)
|raw|rujjtrainer's rating: 1331 &rarr; <strong>1315</strong><br />(-16 for losing)
|c|☆FitzyLegend|Gg
|l|☆rujjtrainer
|player|p2|
|l|☆FitzyLegend
|player|p1|
