|j|☆redskyatnight
|j|☆Leader Alastor
|t:|1779573239
|gametype|singles
|player|p1|redskyatnight|grimsley-gen7|1411
|player|p2|Leader Alastor|blue|1416
|gen|9
|tier|[Gen 9] OU
|rated|
|rule|HP Percentage Mod: HP is shown in percentages
|rule|Endless Battle Clause: Forcing endless battles is banned
|rule|Species Clause: Limit one of each Pokémon
|rule|OHKO Clause: OHKO moves are banned
|rule|Evasion Items Clause: Evasion items are banned
|rule|Evasion Moves Clause: Evasion moves are banned
|rule|Evasion Abilities Clause: Evasion abilities are banned
|rule|Sleep Moves Clause: Sleep-inducing moves are banned
|clearpoke
|poke|p1|Slowking-Galar, F|
|poke|p1|Tornadus-Therian, M|
|poke|p1|Cinderace, M|
|poke|p1|Lokix, F|
|poke|p1|Hydrapple, M|
|poke|p1|Great Tusk|
|poke|p2|Ceruledge, F|
|poke|p2|Iron Valiant|
|poke|p2|Lilligant, F|
|poke|p2|Cloyster, F|
|poke|p2|Noivern, F|
|poke|p2|Malamar, M|
|teampreview
|inactive|Battle timer is ON: inactive players will automatically lose when time's up. (requested by Leader Alastor)
|
|t:|1779573253
|teamsize|p1|6
|teamsize|p2|6
|start
|switch|p1a: Tornadus|Tornadus-Therian, M|100/100
|switch|p2a: Trident|Cloyster, F|100/100
|turn|1
|
|t:|1779573272
|move|p1a: Tornadus|Knock Off|p2a: Trident
|-damage|p2a: Trident|84/100
|-enditem|p2a: Trident|Focus Sash|[from] move: Knock Off|[of] p1a: Tornadus
|move|p2a: Trident|Icicle Spear|p1a: Tornadus
|-supereffective|p1a: Tornadus
|-damage|p1a: Tornadus|72/100
|-supereffective|p1a: Tornadus
|-damage|p1a: Tornadus|46/100
|-supereffective|p1a: Tornadus
|-crit|p1a: Tornadus
|-damage|p1a: Tornadus|4/100
|-supereffective|p1a: Tornadus
|-damage|p1a: Tornadus|0 fnt
|faint|p1a: Tornadus
|-hitcount|p1: Tornadus|4
|
|upkeep
|inactive|redskyatnight has 120 seconds left.
|
|t:|1779573303
|switch|p1a: Hydrapple|Hydrapple, M|100/100
|turn|2
|
|t:|1779573307
|-terastallize|p1a: Hydrapple|Fairy
|move|p2a: Trident|Icicle Spear|p1a: Hydrapple
|-damage|p1a: Hydrapple|91/100
|-damage|p1a: Hydrapple|81/100
|-damage|p1a: Hydrapple|71/100
|-damage|p1a: Hydrapple|61/100
|-crit|p1a: Hydrapple
|-damage|p1a: Hydrapple|45/100
|-hitcount|p1a: Hydrapple|5
|move|p1a: Hydrapple|Leaf Storm|p2a: Trident|[miss]
|-miss|p1a: Hydrapple|p2a: Trident
|
|upkeep
|turn|3
|l|☆redskyatnight
|inactive|redskyatnight disconnected and has a minute to reconnect!
|player|p1|
|inactive|redskyatnight has 30 seconds to reconnect!
|j|☆redskyatnight
|inactive|redskyatnight reconnected and has 105 seconds left.
|player|p1|redskyatnight|grimsley-gen7|
|
|t:|1779573358
|switch|p1a: Cinderace|Cinderace, M|100/100
|move|p2a: Trident|Icicle Spear|p1a: Cinderace
|-resisted|p1a: Cinderace
|-damage|p1a: Cinderace|94/100
|-resisted|p1a: Cinderace
|-damage|p1a: Cinderace|86/100
|-resisted|p1a: Cinderace
|-crit|p1a: Cinderace
|-damage|p1a: Cinderace|76/100
|-resisted|p1a: Cinderace
|-damage|p1a: Cinderace|69/100
|-resisted|p1a: Cinderace
|-damage|p1a: Cinderace|62/100
|-hitcount|p1a: Cinderace|5
|
|upkeep
|turn|4
|
|t:|1779573361
|move|p1a: Cinderace|Will-O-Wisp|p2a: Trident
|-status|p2a: Trident|brn
|move|p2a: Trident|Shell Smash|p2a: Trident
|-unboost|p2a: Trident|def|1
|-unboost|p2a: Trident|spd|1
|-boost|p2a: Trident|atk|2
|-boost|p2a: Trident|spa|2
|-boost|p2a: Trident|spe|2
|
|-damage|p2a: Trident|78/100 brn|[from] brn
|upkeep
|turn|5
|
|t:|1779573365
|move|p2a: Trident|Rock Blast|p1a: Cinderace
|-supereffective|p1a: Cinderace
|-damage|p1a: Cinderace|42/100
|-supereffective|p1a: Cinderace
|-damage|p1a: Cinderace|23/100
|-supereffective|p1a: Cinderace
|-damage|p1a: Cinderace|4/100
|-supereffective|p1a: Cinderace
|-damage|p1a: Cinderace|0 fnt
|faint|p1a: Cinderace
|-hitcount|p1: Cinderace|4
|
|-damage|p2a: Trident|71/100 brn|[from] brn
|upkeep
|
|t:|1779573368
|switch|p1a: Hydrapple|Hydrapple, M, tera:Fairy|79/100
|turn|6
|
|t:|1779573374
|move|p2a: Trident|Icicle Spear|p1a: Hydrapple
|-damage|p1a: Hydrapple|69/100
|-damage|p1a: Hydrapple|59/100
|-damage|p1a: Hydrapple|50/100
|-damage|p1a: Hydrapple|41/100
|-damage|p1a: Hydrapple|30/100
|-hitcount|p1a: Hydrapple|5
|move|p1a: Hydrapple|Leaf Storm|p2a: Trident|[miss]
|-miss|p1a: Hydrapple|p2a: Trident
|
|-damage|p2a: Trident|65/100 brn|[from] brn
|upkeep
|turn|7
|c|☆Leader Alastor|Im sorry dude
|inactive|redskyatnight has 120 seconds left.
|c|☆redskyatnight|This game has been so unkind to me today
|
|t:|1779573400
|switch|p1a: Slowking|Slowking-Galar, F|100/100
|move|p2a: Trident|Icicle Spear|p1a: Slowking
|-crit|p1a: Slowking
|-damage|p1a: Slowking|88/100
|-damage|p1a: Slowking|79/100
|-damage|p1a: Slowking|71/100
|-damage|p1a: Slowking|62/100
|-damage|p1a: Slowking|54/100
|-hitcount|p1a: Slowking|5
|
|-damage|p2a: Trident|59/100 brn|[from] brn
|upkeep
|turn|8
|inactive|redskyatnight has 120 seconds left.
|
|t:|1779573406
|move|p2a: Trident|Icicle Spear|p1a: Slowking
|-damage|p1a: Slowking|46/100
|-damage|p1a: Slowking|37/100
|-damage|p1a: Slowking|29/100
|-damage|p1a: Slowking|21/100
|-damage|p1a: Slowking|12/100
|-hitcount|p1a: Slowking|5
|move|p1a: Slowking|Sludge Bomb|p2a: Trident
|-damage|p2a: Trident|0 fnt
|faint|p2a: Trident
|
|upkeep
|
|t:|1779573410
|switch|p2a: Flamberge|Ceruledge, F|100/100
|turn|9
|
|t:|1779573415
|move|p2a: Flamberge|Shadow Sneak|p1a: Slowking
|-supereffective|p1a: Slowking
|-damage|p1a: Slowking|0 fnt
|faint|p1a: Slowking
|
|upkeep
|
|t:|1779573418
|switch|p1a: Great Tusk|Great Tusk|100/100
|turn|10
|
|t:|1779573422
|move|p1a: Great Tusk|Stealth Rock|p2a: Flamberge
|-sidestart|p2: Leader Alastor|move: Stealth Rock
|move|p2a: Flamberge|Swords Dance|p2a: Flamberge
|-boost|p2a: Flamberge|atk|2
|
|upkeep
|turn|11
|
|t:|1779573428
|move|p1a: Great Tusk|Earthquake|p2a: Flamberge
|-supereffective|p2a: Flamberge
|-enditem|p2a: Flamberge|Focus Sash
|-damage|p2a: Flamberge|1/100
|-ability|p2a: Flamberge|Weak Armor|boost
|-unboost|p2a: Flamberge|def|1
|-boost|p2a: Flamberge|spe|2
|move|p2a: Flamberge|Swords Dance|p2a: Flamberge
|-boost|p2a: Flamberge|atk|2
|
|upkeep
|turn|12
|
|t:|1779573438
|move|p2a: Flamberge|Bitter Blade|p1a: Great Tusk
|-damage|p1a: Great Tusk|14/100
|-heal|p2a: Flamberge|65/100|[from] drain|[of] p1a: Great Tusk
|-damage|p2a: Flamberge|49/100|[from] item: Rocky Helmet|[of] p1a: Great Tusk
|move|p1a: Great Tusk|Earthquake|p2a: Flamberge
|-supereffective|p2a: Flamberge
|-damage|p2a: Flamberge|0 fnt
|faint|p2a: Flamberge
|
|upkeep
|
|t:|1779573442
|switch|p2a: Scimitar|Noivern, F|100/100
|-damage|p2a: Scimitar|76/100|[from] Stealth Rock
|turn|13
|
|t:|1779573445
|move|p2a: Scimitar|Boomburst|p1a: Great Tusk
|-damage|p1a: Great Tusk|0 fnt
|faint|p1a: Great Tusk
|-end|p1a: Great Tusk|Protosynthesis|[silent]
|-enditem|p2a: Scimitar|Throat Spray
|-boost|p2a: Scimitar|spa|1|[from] item: Throat Spray
|
|upkeep
|
|t:|1779573448
|switch|p1a: Lokix|Lokix, F|100/100
|turn|14
|
|t:|1779573451
|move|p1a: Lokix|First Impression|p2a: Scimitar
|-resisted|p2a: Scimitar
|-damage|p2a: Scimitar|0 fnt
|faint|p2a: Scimitar
|
|upkeep
|
|t:|1779573454
|switch|p2a: Glaive|Iron Valiant|100/100
|-damage|p2a: Glaive|94/100|[from] Stealth Rock
|-enditem|p2a: Glaive|Booster Energy
|-activate|p2a: Glaive|ability: Quark Drive|[fromitem]
|-start|p2a: Glaive|quarkdrivespe
|turn|15
|
|t:|1779573461
|switch|p1a: Hydrapple|Hydrapple, M, tera:Fairy|64/100
|move|p2a: Glaive|Spirit Break|p1a: Hydrapple
|-crit|p1a: Hydrapple
|-damage|p1a: Hydrapple|13/100
|-unboost|p1a: Hydrapple|spa|1
|
|upkeep
|turn|16
|
|t:|1779573467
|move|p2a: Glaive|Spirit Break|p1a: Hydrapple
|-damage|p1a: Hydrapple|0 fnt
|faint|p1a: Hydrapple
|
|upkeep
|
|t:|1779573469
|switch|p1a: Lokix|Lokix, F|100/100
|turn|17
|c|☆Leader Alastor|gg
|
|t:|1779573472
|move|p2a: Glaive|Spirit Break|p1a: Lokix
|-supereffective|p1a: Lokix
|-damage|p1a: Lokix|0 fnt
|faint|p1a: Lokix
|
|win|Leader Alastor
|raw|redskyatnight's rating: 1411 &rarr; <strong>1391</strong><br />(-20 for losing)
|raw|Leader Alastor's rating: 1416 &rarr; <strong>1436</strong><br />(+20 for winning)
|l|☆redskyatnight
|player|p1|
|l|☆Leader Alastor
|player|p2|
