|j|☆yzyang
|j|☆TeaPause
|t:|1779661938
|gametype|singles
|player|p1|yzyang|101|1339
|player|p2|TeaPause|waiter|1356
|gen|9
|tier|[Gen 9] OU
|rated|
|rule|HP Percentage Mod: HP is shown in percentages
|rule|Endless Battle Clause: Forcing endless battles is banned
|rule|Species Clause: Limit one of each Pokémon
|rule|OHKO Clause: OHKO moves are banned
|rule|Evasion Items Clause: Evasion items are banned
|rule|Evasion Moves Clause: Evasion moves are banned
|rule|Evasion Abilities Clause: Evasion abilities are banned
|rule|Sleep Moves Clause: Sleep-inducing moves are banned
|clearpoke
|poke|p1|Alomomola, F|
|poke|p1|Slowking, F|
|poke|p1|Corviknight, M|
|poke|p1|Blaziken, F|
|poke|p1|Ambipom, F|
|poke|p1|Meowscarada, F|
|poke|p2|Decidueye-Hisui, M|
|poke|p2|Heatran, M|
|poke|p2|Dragapult, F|
|poke|p2|Muk-Alola, M|
|poke|p2|Cyclizar, F|
|poke|p2|Hatterene, F|
|teampreview
|inactive|Battle timer is ON: inactive players will automatically lose when time's up. (requested by TeaPause)
|inactive|TeaPause has 120 seconds left.
|
|t:|1779661969
|teamsize|p1|6
|teamsize|p2|6
|start
|switch|p1a: Meowscarada|Meowscarada, F|100/100
|switch|p2a: Muk|Muk-Alola, M|100/100
|turn|1
|
|t:|1779661984
|move|p1a: Meowscarada|U-turn|p2a: Muk
|-start|p1a: Meowscarada|typechange|Bug|[from] ability: Protean
|-damage|p2a: Muk|74/100
|
|t:|1779661989
|switch|p1a: Corviknight|Corviknight, M|100/100|[from] U-turn
|-ability|p1a: Corviknight|Pressure
|move|p2a: Muk|Knock Off|p1a: Corviknight
|-damage|p1a: Corviknight|69/100
|-enditem|p1a: Corviknight|Heavy-Duty Boots|[from] move: Knock Off|[of] p2a: Muk
|
|upkeep
|turn|2
|
|t:|1779662003
|switch|p2a: Dragapult|Dragapult, F|100/100
|move|p1a: Corviknight|Roost|p1a: Corviknight
|-heal|p1a: Corviknight|100/100
|-singleturn|p1a: Corviknight|move: Roost
|
|upkeep
|turn|3
|
|t:|1779662013
|move|p2a: Dragapult|Thunder|p1a: Corviknight
|-supereffective|p1a: Corviknight
|-damage|p1a: Corviknight|30/100
|-status|p1a: Corviknight|par
|move|p1a: Corviknight|U-turn|p2a: Dragapult
|-resisted|p2a: Dragapult
|-damage|p2a: Dragapult|91/100
|
|t:|1779662021
|switch|p1a: Meowscarada|Meowscarada, F|100/100|[from] U-turn
|
|upkeep
|turn|4
|
|t:|1779662026
|switch|p2a: Heatran|Heatran, M|100/100
|move|p1a: Meowscarada|Knock Off|p2a: Heatran
|-start|p1a: Meowscarada|typechange|Dark|[from] ability: Protean
|-damage|p2a: Heatran|62/100
|-enditem|p2a: Heatran|Leftovers|[from] move: Knock Off|[of] p1a: Meowscarada
|
|upkeep
|turn|5
|
|t:|1779662037
|switch|p1a: Slowking|Slowking, F|100/100
|move|p2a: Heatran|Will-O-Wisp|p1a: Slowking
|-status|p1a: Slowking|brn
|
|-damage|p1a: Slowking|94/100 brn|[from] brn
|upkeep
|turn|6
|
|t:|1779662051
|switch|p2a: Dragapult|Dragapult, F|91/100
|-prepare|p1a: Slowking|Chilly Reception|[premajor]
|move|p1a: Slowking|Chilly Reception|p1a: Slowking
|-weather|Snowscape
|
|t:|1779662058
|switch|p1a: Meowscarada|Meowscarada, F|100/100|[from] Chilly Reception
|
|-weather|Snowscape|[upkeep]
|upkeep
|turn|7
|
|t:|1779662064
|move|p1a: Meowscarada|Knock Off|p2a: Dragapult
|-start|p1a: Meowscarada|typechange|Dark|[from] ability: Protean
|-supereffective|p2a: Dragapult
|-damage|p2a: Dragapult|0 fnt
|-enditem|p2a: Dragapult|Choice Specs|[from] move: Knock Off|[of] p1a: Meowscarada
|faint|p2a: Dragapult
|
|-weather|Snowscape|[upkeep]
|upkeep
|
|t:|1779662077
|switch|p2a: Muk|Muk-Alola, M|74/100
|turn|8
|
|t:|1779662085
|switch|p1a: Slowking|Slowking, F|100/100 brn
|move|p2a: Muk|Drain Punch|p1a: Slowking
|-resisted|p1a: Slowking
|-crit|p1a: Slowking
|-damage|p1a: Slowking|82/100 brn
|-heal|p2a: Muk|85/100|[from] drain|[of] p1a: Slowking
|
|-weather|Snowscape|[upkeep]
|-damage|p1a: Slowking|76/100 brn|[from] brn
|upkeep
|turn|9
|
|t:|1779662095
|switch|p1a: Alomomola|Alomomola, F|100/100
|move|p2a: Muk|Knock Off|p1a: Alomomola
|-crit|p1a: Alomomola
|-damage|p1a: Alomomola|67/100
|-damage|p2a: Muk|68/100|[from] item: Rocky Helmet|[of] p1a: Alomomola
|-enditem|p1a: Alomomola|Rocky Helmet|[from] move: Knock Off|[of] p2a: Muk
|
|-weather|Snowscape|[upkeep]
|upkeep
|turn|10
|
|t:|1779662111
|move|p2a: Muk|Poison Jab|p1a: Alomomola
|-damage|p1a: Alomomola|47/100
|-status|p1a: Alomomola|psn
|move|p1a: Alomomola|Flip Turn|p2a: Muk
|-damage|p2a: Muk|54/100
|
|t:|1779662119
|switch|p1a: Ambipom|Ambipom, F|100/100|[from] Flip Turn
|
|-weather|none
|upkeep
|turn|11
|
|t:|1779662126
|switch|p2a: Heatran|Heatran, M|62/100
|-terastallize|p1a: Ambipom|Normal
|move|p1a: Ambipom|Fake Out|p2a: Heatran
|-resisted|p2a: Heatran
|-damage|p2a: Heatran|39/100
|
|upkeep
|turn|12
|
|t:|1779662135
|switch|p1a: Slowking|Slowking, F|100/100 brn
|move|p2a: Heatran|Magma Storm|p1a: Slowking
|-resisted|p1a: Slowking
|-damage|p1a: Slowking|88/100 brn
|-activate|p1a: Slowking|move: Magma Storm|[of] p2a: Heatran
|
|-damage|p1a: Slowking|82/100 brn|[from] brn
|-damage|p1a: Slowking|70/100 brn|[from] move: Magma Storm|[partiallytrapped]
|upkeep
|turn|13
|
|t:|1779662145
|move|p2a: Heatran|Protect|p2a: Heatran
|-singleturn|p2a: Heatran|Protect
|-prepare|p1a: Slowking|Chilly Reception|[premajor]
|move|p1a: Slowking|Chilly Reception|p1a: Slowking
|-weather|Snowscape
|
|t:|1779662154
|switch|p1a: Blaziken|Blaziken, F|100/100|[from] Chilly Reception
|
|-weather|Snowscape|[upkeep]
|upkeep
|turn|14
|
|t:|1779662161
|move|p1a: Blaziken|Aura Sphere|p2a: Heatran
|-supereffective|p2a: Heatran
|-damage|p2a: Heatran|0 fnt
|faint|p2a: Heatran
|
|-weather|Snowscape|[upkeep]
|-ability|p1a: Blaziken|Speed Boost|boost
|-boost|p1a: Blaziken|spe|1
|upkeep
|
|t:|1779662171
|switch|p2a: Hatterene|Hatterene, F|100/100
|turn|15
|
|t:|1779662185
|switch|p1a: Slowking|Slowking, F|100/100 brn
|move|p2a: Hatterene|Calm Mind|p2a: Hatterene
|-boost|p2a: Hatterene|spa|1
|-boost|p2a: Hatterene|spd|1
|
|-weather|Snowscape|[upkeep]
|-damage|p1a: Slowking|94/100 brn|[from] brn
|upkeep
|turn|16
|
|t:|1779662202
|move|p2a: Hatterene|Calm Mind|p2a: Hatterene
|-boost|p2a: Hatterene|spa|1
|-boost|p2a: Hatterene|spd|1
|-prepare|p1a: Slowking|Chilly Reception|[premajor]
|move|p1a: Slowking|Chilly Reception|p1a: Slowking
|
|t:|1779662208
|switch|p1a: Ambipom|Ambipom, F, tera:Normal|100/100|[from] Chilly Reception
|
|-weather|Snowscape|[upkeep]
|upkeep
|turn|17
|
|t:|1779662233
|-terastallize|p2a: Hatterene|Steel
|move|p1a: Ambipom|Double Hit|p2a: Hatterene
|-resisted|p2a: Hatterene
|-damage|p2a: Hatterene|76/100
|-resisted|p2a: Hatterene
|-damage|p2a: Hatterene|51/100
|-hitcount|p2a: Hatterene|2
|move|p2a: Hatterene|Nuzzle|p1a: Ambipom
|-damage|p1a: Ambipom|93/100
|-status|p1a: Ambipom|par
|
|-weather|none
|-heal|p2a: Hatterene|57/100|[from] item: Leftovers
|upkeep
|turn|18
|
|t:|1779662252
|switch|p1a: Alomomola|Alomomola, F|80/100 psn
|move|p2a: Hatterene|Draining Kiss|p1a: Alomomola
|-crit|p1a: Alomomola
|-damage|p1a: Alomomola|0 fnt
|-heal|p2a: Hatterene|100/100|[from] drain|[of] p1a: Alomomola
|faint|p1a: Alomomola
|
|upkeep
|
|t:|1779662261
|switch|p1a: Blaziken|Blaziken, F|100/100
|turn|19
|
|t:|1779662267
|move|p2a: Hatterene|Draining Kiss|p1a: Blaziken
|-damage|p1a: Blaziken|17/100
|move|p1a: Blaziken|Roar|p2a: Hatterene
|move|p2a: Hatterene|Roar|p1a: Blaziken|[from] ability: Magic Bounce
|drag|p1a: Ambipom|Ambipom, F, tera:Normal|93/100 par
|
|upkeep
|turn|20
|-message|yzyang forfeited.
|
|win|TeaPause
|raw|yzyang's rating: 1339 &rarr; <strong>1320</strong><br />(-19 for losing)
|raw|TeaPause's rating: 1356 &rarr; <strong>1375</strong><br />(+19 for winning)
|l|☆yzyang
|player|p1|
|l|☆TeaPause
|player|p2|
