|j|☆Nertwerve
|j|☆AirForceThree
|t:|1779702819
|gametype|singles
|player|p1|Nertwerve|waitress-gen4|1103
|player|p2|AirForceThree|unknownf|1059
|gen|9
|tier|[Gen 9] OU
|rated|
|rule|HP Percentage Mod: HP is shown in percentages
|rule|Endless Battle Clause: Forcing endless battles is banned
|rule|Species Clause: Limit one of each Pokémon
|rule|OHKO Clause: OHKO moves are banned
|rule|Evasion Items Clause: Evasion items are banned
|rule|Evasion Moves Clause: Evasion moves are banned
|rule|Evasion Abilities Clause: Evasion abilities are banned
|rule|Sleep Moves Clause: Sleep-inducing moves are banned
|clearpoke
|poke|p1|Conkeldurr, M|
|poke|p1|Scizor, F|
|poke|p1|Goodra, F|
|poke|p1|Clodsire, F|
|poke|p1|Dudunsparce-*, M|
|poke|p1|Zangoose, F|
|poke|p2|Polteageist-Antique|
|poke|p2|Zoroark, M|
|poke|p2|Regieleki|
|poke|p2|Blastoise, M|
|poke|p2|Slowbro, M|
|poke|p2|Mew|
|teampreview
|inactive|Battle timer is ON: inactive players will automatically lose when time's up. (requested by Nertwerve)
|
|t:|1779702828
|teamsize|p1|6
|teamsize|p2|6
|start
|switch|p1a: Hercules|Conkeldurr, M, shiny|100/100
|switch|p2a: Vengeance plot|Polteageist-Antique, shiny|100/100
|turn|1
|
|t:|1779702838
|move|p2a: Vengeance plot|Shell Smash|p2a: Vengeance plot
|-unboost|p2a: Vengeance plot|def|1
|-unboost|p2a: Vengeance plot|spd|1
|-boost|p2a: Vengeance plot|atk|2
|-boost|p2a: Vengeance plot|spa|2
|-boost|p2a: Vengeance plot|spe|2
|move|p1a: Hercules|Knock Off|p2a: Vengeance plot
|-supereffective|p2a: Vengeance plot
|-enditem|p2a: Vengeance plot|Focus Sash
|-damage|p2a: Vengeance plot|1/100
|-ability|p2a: Vengeance plot|Weak Armor|boost
|-unboost|p2a: Vengeance plot|def|1
|-boost|p2a: Vengeance plot|spe|2
|
|-status|p1a: Hercules|brn|[from] item: Flame Orb
|upkeep
|turn|2
|c|☆AirForceThree|Good lucl
|c|☆AirForceThree|K
|c|☆Nertwerve|Thank you thank you. You too
|
|t:|1779702861
|move|p2a: Vengeance plot|Stored Power|p1a: Hercules
|-supereffective|p1a: Hercules
|-damage|p1a: Hercules|0 fnt
|faint|p1a: Hercules
|
|upkeep
|
|t:|1779702874
|switch|p1a: Scizor|Scizor, F|100/100
|turn|3
|
|t:|1779702881
|move|p1a: Scizor|Bullet Punch|p2a: Vengeance plot
|-damage|p2a: Vengeance plot|0 fnt
|faint|p2a: Vengeance plot
|
|upkeep
|
|t:|1779702888
|switch|p2a: Tomfoolery|Mew|100/100
|turn|4
|
|t:|1779702893
|move|p2a: Tomfoolery|Flamethrower|p1a: Scizor
|-supereffective|p1a: Scizor
|-damage|p1a: Scizor|0 fnt
|faint|p1a: Scizor
|
|upkeep
|
|t:|1779702898
|switch|p1a: Loafsire|Clodsire, F|100/100
|turn|5
|
|t:|1779702907
|switch|p2a: Panzer|Blastoise, M, shiny|100/100
|move|p1a: Loafsire|Haze|p1a: Loafsire
|-clearallboost
|
|upkeep
|turn|6
|
|t:|1779702914
|move|p1a: Loafsire|Earthquake|p2a: Panzer
|-damage|p2a: Panzer|76/100
|move|p2a: Panzer|Hydro Cannon|p1a: Loafsire
|-immune|p1a: Loafsire|[from] ability: Water Absorb
|
|upkeep
|turn|7
|
|t:|1779702924
|move|p1a: Loafsire|Earthquake|p2a: Panzer
|-damage|p2a: Panzer|51/100
|move|p2a: Panzer|Flash Cannon|p1a: Loafsire
|-damage|p1a: Loafsire|90/100
|
|-heal|p1a: Loafsire|96/100|[from] item: Black Sludge
|upkeep
|turn|8
|
|t:|1779702935
|switch|p2a: GlobGoGabGalab|Slowbro, M|100/100
|move|p1a: Loafsire|Toxic Spikes|p2a: GlobGoGabGalab
|-sidestart|p2: AirForceThree|move: Toxic Spikes
|
|-heal|p1a: Loafsire|100/100|[from] item: Black Sludge
|upkeep
|turn|9
|
|t:|1779702944
|move|p2a: GlobGoGabGalab|Blizzard|p1a: Loafsire|[miss]
|-miss|p2a: GlobGoGabGalab|p1a: Loafsire
|move|p1a: Loafsire|Toxic Spikes|p2a: GlobGoGabGalab
|-sidestart|p2: AirForceThree|move: Toxic Spikes
|
|upkeep
|turn|10
|
|t:|1779702949
|move|p2a: GlobGoGabGalab|Blizzard|p1a: Loafsire
|-supereffective|p1a: Loafsire
|-damage|p1a: Loafsire|65/100
|move|p1a: Loafsire|Earthquake|p2a: GlobGoGabGalab
|-damage|p2a: GlobGoGabGalab|80/100
|
|-heal|p2a: GlobGoGabGalab|86/100|[from] item: Leftovers
|-heal|p1a: Loafsire|71/100|[from] item: Black Sludge
|upkeep
|turn|11
|
|t:|1779702962
|move|p2a: GlobGoGabGalab|Blizzard|p1a: Loafsire
|-supereffective|p1a: Loafsire
|-damage|p1a: Loafsire|36/100
|-status|p1a: Loafsire|frz
|-curestatus|p1a: Loafsire|frz|[msg]
|move|p1a: Loafsire|Earthquake|p2a: GlobGoGabGalab
|-damage|p2a: GlobGoGabGalab|67/100
|
|-heal|p2a: GlobGoGabGalab|73/100|[from] item: Leftovers
|-heal|p1a: Loafsire|42/100|[from] item: Black Sludge
|upkeep
|turn|12
|
|t:|1779702974
|move|p2a: GlobGoGabGalab|Blizzard|p1a: Loafsire|[miss]
|-miss|p2a: GlobGoGabGalab|p1a: Loafsire
|move|p1a: Loafsire|Recover|p1a: Loafsire
|-heal|p1a: Loafsire|92/100
|
|-heal|p2a: GlobGoGabGalab|79/100|[from] item: Leftovers
|-heal|p1a: Loafsire|98/100|[from] item: Black Sludge
|upkeep
|turn|13
|c|☆AirForceThree|Ugh
|
|t:|1779702986
|move|p2a: GlobGoGabGalab|Blizzard|p1a: Loafsire|[miss]
|-miss|p2a: GlobGoGabGalab|p1a: Loafsire
|move|p1a: Loafsire|Earthquake|p2a: GlobGoGabGalab
|-damage|p2a: GlobGoGabGalab|61/100
|
|-heal|p2a: GlobGoGabGalab|67/100|[from] item: Leftovers
|-heal|p1a: Loafsire|100/100|[from] item: Black Sludge
|upkeep
|turn|14
|
|t:|1779703002
|switch|p2a: Reverse flash|Regieleki|100/100
|-status|p2a: Reverse flash|tox
|move|p1a: Loafsire|Haze|p1a: Loafsire
|-clearallboost
|
|-damage|p2a: Reverse flash|94/100 tox|[from] psn
|upkeep
|turn|15
|
|t:|1779703013
|move|p2a: Reverse flash|Light Screen|p2a: Reverse flash
|-sidestart|p2: AirForceThree|move: Light Screen
|move|p1a: Loafsire|Earthquake|p2a: Reverse flash
|-supereffective|p2a: Reverse flash
|-damage|p2a: Reverse flash|28/100 tox
|
|-damage|p2a: Reverse flash|16/100 tox|[from] psn
|upkeep
|turn|16
|
|t:|1779703022
|move|p2a: Reverse flash|Body Slam|p1a: Loafsire
|-damage|p1a: Loafsire|74/100
|-status|p1a: Loafsire|par
|move|p1a: Loafsire|Recover|p1a: Loafsire
|-heal|p1a: Loafsire|100/100 par
|
|-damage|p2a: Reverse flash|0 fnt|[from] psn
|faint|p2a: Reverse flash
|upkeep
|
|t:|1779703031
|switch|p2a: GlobGoGabGalab|Slowbro, M|100/100
|-status|p2a: GlobGoGabGalab|tox
|turn|17
|
|t:|1779703042
|move|p2a: GlobGoGabGalab|Blizzard|p1a: Loafsire
|-supereffective|p1a: Loafsire
|-damage|p1a: Loafsire|65/100 par
|move|p1a: Loafsire|Haze|p1a: Loafsire
|-clearallboost
|
|-heal|p1a: Loafsire|71/100 par|[from] item: Black Sludge
|-damage|p2a: GlobGoGabGalab|94/100 tox|[from] psn
|upkeep
|turn|18
|
|t:|1779703054
|move|p2a: GlobGoGabGalab|Blizzard|p1a: Loafsire
|-supereffective|p1a: Loafsire
|-damage|p1a: Loafsire|39/100 par
|move|p1a: Loafsire|Recover|p1a: Loafsire
|-heal|p1a: Loafsire|89/100 par
|
|-heal|p2a: GlobGoGabGalab|100/100 tox|[from] item: Leftovers
|-heal|p1a: Loafsire|95/100 par|[from] item: Black Sludge
|-damage|p2a: GlobGoGabGalab|88/100 tox|[from] psn
|upkeep
|turn|19
|
|t:|1779703064
|move|p2a: GlobGoGabGalab|Blizzard|p1a: Loafsire
|-supereffective|p1a: Loafsire
|-damage|p1a: Loafsire|58/100 par
|move|p1a: Loafsire|Earthquake|p2a: GlobGoGabGalab
|-damage|p2a: GlobGoGabGalab|68/100 tox
|
|-heal|p2a: GlobGoGabGalab|74/100 tox|[from] item: Leftovers
|-heal|p1a: Loafsire|64/100 par|[from] item: Black Sludge
|-damage|p2a: GlobGoGabGalab|56/100 tox|[from] psn
|-sideend|p2: AirForceThree|move: Light Screen
|upkeep
|turn|20
|
|t:|1779703075
|move|p2a: GlobGoGabGalab|Body Press|p1a: Loafsire
|-resisted|p1a: Loafsire
|-damage|p1a: Loafsire|50/100 par
|move|p1a: Loafsire|Recover|p1a: Loafsire
|-heal|p1a: Loafsire|99/100 par
|
|-heal|p2a: GlobGoGabGalab|62/100 tox|[from] item: Leftovers
|-heal|p1a: Loafsire|100/100 par|[from] item: Black Sludge
|-damage|p2a: GlobGoGabGalab|38/100 tox|[from] psn
|upkeep
|turn|21
|c|☆AirForceThree|This is rather annoying
|
|t:|1779703094
|switch|p2a: Tomfoolery|Mew|100/100
|-status|p2a: Tomfoolery|tox
|cant|p1a: Loafsire|par
|
|-damage|p2a: Tomfoolery|94/100 tox|[from] psn
|upkeep
|turn|22
|inactive|Nertwerve has 120 seconds left.
|c|☆Nertwerve|I apologize. I try to limit it to one staller on my team so I promise it's just Loaf.
|
|t:|1779703132
|switch|p1a: Dudunsparce|Dudunsparce, M|100/100
|-terastallize|p2a: Tomfoolery|Ghost
|move|p2a: Tomfoolery|Curse|p1a: Dudunsparce
|-start|p1a: Dudunsparce|Curse|[of] p2a: Tomfoolery
|-damage|p2a: Tomfoolery|44/100 tox
|
|-damage|p2a: Tomfoolery|32/100 tox|[from] psn
|-damage|p1a: Dudunsparce|76/100|[from] Curse
|upkeep
|turn|23
|inactive|Nertwerve has 120 seconds left.
|c|☆AirForceThree|Its ok! Lol i was just saying ahah
|
|t:|1779703145
|move|p2a: Tomfoolery|Volt Switch|p1a: Dudunsparce
|-damage|p1a: Dudunsparce|52/100
|-damage|p2a: Tomfoolery|22/100 tox|[from] item: Life Orb
|
|t:|1779703150
|switch|p2a: Panzer|Blastoise, M, shiny|51/100|[from] Volt Switch
|-status|p2a: Panzer|tox
|move|p1a: Dudunsparce|Flamethrower|p2a: Panzer
|-resisted|p2a: Panzer
|-damage|p2a: Panzer|44/100 tox
|
|-heal|p1a: Dudunsparce|58/100|[from] item: Leftovers
|-damage|p2a: Panzer|38/100 tox|[from] psn
|-damage|p1a: Dudunsparce|33/100|[from] Curse
|upkeep
|turn|24
|inactive|Nertwerve has 120 seconds left.
|
|t:|1779703163
|move|p1a: Dudunsparce|Body Slam|p2a: Panzer
|-damage|p2a: Panzer|12/100 tox
|move|p2a: Panzer|Body Press|p1a: Dudunsparce
|-supereffective|p1a: Dudunsparce
|-damage|p1a: Dudunsparce|9/100
|
|-heal|p1a: Dudunsparce|16/100|[from] item: Leftovers
|-damage|p2a: Panzer|0 fnt|[from] psn
|faint|p2a: Panzer
|-damage|p1a: Dudunsparce|0 fnt|[from] Curse
|faint|p1a: Dudunsparce
|upkeep
|inactive|Nertwerve has 120 seconds left.
|
|t:|1779703181
|switch|p2a: GlobGoGabGalab|Slowbro, M|100/100
|switch|p1a: Zangoose|Zangoose, F|100/100
|-status|p2a: GlobGoGabGalab|tox
|turn|25
|
|t:|1779703193
|move|p2a: GlobGoGabGalab|Knock Off|p1a: Zangoose
|-crit|p1a: Zangoose
|-damage|p1a: Zangoose|16/100
|-enditem|p1a: Zangoose|Toxic Orb|[from] move: Knock Off|[of] p2a: GlobGoGabGalab
|move|p1a: Zangoose|Knock Off|p2a: GlobGoGabGalab
|-resisted|p2a: GlobGoGabGalab
|-damage|p2a: GlobGoGabGalab|73/100 tox
|replace|p2a: VRC user|Zoroark, M
|-end|p2a: VRC user|Illusion
|-enditem|p2a: VRC user|Expert Belt|[from] move: Knock Off|[of] p1a: Zangoose
|
|-damage|p2a: VRC user|67/100 tox|[from] psn
|upkeep
|turn|26
|
|t:|1779703206
|move|p1a: Zangoose|Detect|p1a: Zangoose
|-singleturn|p1a: Zangoose|Protect
|move|p2a: VRC user|Flamethrower|p1a: Zangoose
|-activate|p1a: Zangoose|move: Protect
|
|-damage|p2a: VRC user|54/100 tox|[from] psn
|upkeep
|turn|27
|inactive|Nertwerve has 120 seconds left.
|
|t:|1779703218
|move|p1a: Zangoose|Quick Attack|p2a: VRC user
|-damage|p2a: VRC user|24/100 tox
|move|p2a: VRC user|Flamethrower|p1a: Zangoose
|-crit|p1a: Zangoose
|-damage|p1a: Zangoose|0 fnt
|faint|p1a: Zangoose
|
|-damage|p2a: VRC user|6/100 tox|[from] psn
|upkeep
|
|t:|1779703234
|switch|p1a: Duchess|Goodra, F, shiny|100/100
|turn|28
|
|t:|1779703240
|move|p1a: Duchess|Thunderbolt|p2a: VRC user
|-damage|p2a: VRC user|0 fnt
|faint|p2a: VRC user
|
|upkeep
|
|t:|1779703246
|switch|p2a: Tomfoolery|Mew, tera:Ghost|22/100 tox
|turn|29
|
|t:|1779703251
|move|p1a: Duchess|Thunderbolt|p2a: Tomfoolery
|-damage|p2a: Tomfoolery|0 fnt
|faint|p2a: Tomfoolery
|
|upkeep
|
|t:|1779703256
|switch|p2a: GlobGoGabGalab|Slowbro, M|71/100 tox
|turn|30
|
|t:|1779703261
|move|p1a: Duchess|Thunderbolt|p2a: GlobGoGabGalab
|-supereffective|p2a: GlobGoGabGalab
|-damage|p2a: GlobGoGabGalab|0 fnt
|faint|p2a: GlobGoGabGalab
|
|win|Nertwerve
|raw|Nertwerve's rating: 1103 &rarr; <strong>1125</strong><br />(+22 for winning)
|raw|AirForceThree's rating: 1059 &rarr; <strong>1043</strong><br />(-16 for losing)
|c|☆Nertwerve|gg!
|c|☆AirForceThree|Good game
|c|☆AirForceThree|You did well
|c|☆Nertwerve|Best of luck to you in future games! :D
