|j|☆KafkaOnTheInternet
|j|☆totally ligit
|t:|1779708561
|gametype|singles
|player|p1|KafkaOnTheInternet|170|1371
|player|p2|totally ligit|1|1420
|gen|9
|tier|[Gen 9] OU
|rated|
|rule|HP Percentage Mod: HP is shown in percentages
|rule|Endless Battle Clause: Forcing endless battles is banned
|rule|Species Clause: Limit one of each Pokémon
|rule|OHKO Clause: OHKO moves are banned
|rule|Evasion Items Clause: Evasion items are banned
|rule|Evasion Moves Clause: Evasion moves are banned
|rule|Evasion Abilities Clause: Evasion abilities are banned
|rule|Sleep Moves Clause: Sleep-inducing moves are banned
|clearpoke
|poke|p1|Charizard, M|
|poke|p1|Torkoal, M|
|poke|p1|Walking Wake|
|poke|p1|Hatterene, F|
|poke|p1|Great Tusk|
|poke|p1|Slither Wing|
|poke|p2|Dragapult, M|
|poke|p2|Maushold-Four|
|poke|p2|Meowscarada, F|
|poke|p2|Walking Wake|
|poke|p2|Weezing-Galar, F|
|poke|p2|Magnezone|
|teampreview
|inactive|Battle timer is ON: inactive players will automatically lose when time's up. (requested by totally ligit)
|
|t:|1779708569
|teamsize|p1|6
|teamsize|p2|6
|start
|switch|p1a: Torkoal|Torkoal, M|100/100
|switch|p2a: Bonk*10|Maushold-Four|100/100
|-weather|SunnyDay|[from] ability: Drought|[of] p1a: Torkoal
|turn|1
|
|t:|1779708576
|move|p2a: Bonk*10|Population Bomb|p1a: Torkoal
|-damage|p1a: Torkoal|92/100
|-damage|p1a: Torkoal|84/100
|-damage|p1a: Torkoal|77/100
|-damage|p1a: Torkoal|69/100
|-damage|p1a: Torkoal|61/100
|-damage|p1a: Torkoal|53/100
|-damage|p1a: Torkoal|44/100
|-damage|p1a: Torkoal|36/100
|-damage|p1a: Torkoal|27/100
|-damage|p1a: Torkoal|19/100
|-hitcount|p1a: Torkoal|10
|move|p1a: Torkoal|Will-O-Wisp|p2a: Bonk*10|[miss]
|-miss|p1a: Torkoal|p2a: Bonk*10
|
|-weather|SunnyDay|[upkeep]
|upkeep
|turn|2
|
|t:|1779708597
|switch|p1a: Great Tusk|Great Tusk|100/100
|-activate|p1a: Great Tusk|ability: Protosynthesis
|-start|p1a: Great Tusk|protosynthesisspe
|move|p2a: Bonk*10|Population Bomb|p1a: Great Tusk
|-damage|p1a: Great Tusk|93/100
|-damage|p2a: Bonk*10|84/100|[from] item: Rocky Helmet|[of] p1a: Great Tusk
|-damage|p1a: Great Tusk|86/100
|-damage|p2a: Bonk*10|67/100|[from] item: Rocky Helmet|[of] p1a: Great Tusk
|-damage|p1a: Great Tusk|79/100
|-damage|p2a: Bonk*10|51/100|[from] item: Rocky Helmet|[of] p1a: Great Tusk
|-damage|p1a: Great Tusk|73/100
|-damage|p2a: Bonk*10|34/100|[from] item: Rocky Helmet|[of] p1a: Great Tusk
|-crit|p1a: Great Tusk
|-damage|p1a: Great Tusk|61/100
|-damage|p2a: Bonk*10|17/100|[from] item: Rocky Helmet|[of] p1a: Great Tusk
|-crit|p1a: Great Tusk
|-damage|p1a: Great Tusk|50/100
|-damage|p2a: Bonk*10|1/100|[from] item: Rocky Helmet|[of] p1a: Great Tusk
|-damage|p1a: Great Tusk|43/100
|-damage|p2a: Bonk*10|0 fnt|[from] item: Rocky Helmet|[of] p1a: Great Tusk
|faint|p2a: Bonk*10
|-hitcount|p1a: Great Tusk|7
|
|-weather|SunnyDay|[upkeep]
|upkeep
|
|t:|1779708615
|switch|p2a: Meowscarada|Meowscarada, F|100/100
|turn|3
|c|☆KafkaOnTheInternet|#1 most satisfying thing to do on here
|
|t:|1779708621
|-end|p1a: Great Tusk|Protosynthesis|[silent]
|switch|p1a: Charizard|Charizard, M|100/100
|move|p2a: Meowscarada|Flower Trick|p1a: Charizard
|-start|p2a: Meowscarada|typechange|Grass|[from] ability: Protean
|-resisted|p1a: Charizard
|-crit|p1a: Charizard
|-damage|p1a: Charizard|83/100
|
|-weather|SunnyDay|[upkeep]
|-damage|p1a: Charizard|70/100|[from] ability: Solar Power|[of] p1a: Charizard
|upkeep
|turn|4
|
|t:|1779708634
|switch|p2a: Walking Wake|Walking Wake|100/100
|-activate|p2a: Walking Wake|ability: Protosynthesis
|-start|p2a: Walking Wake|protosynthesisspa
|-terastallize|p1a: Charizard|Fire
|move|p1a: Charizard|Overheat|p2a: Walking Wake|[miss]
|-miss|p1a: Charizard|p2a: Walking Wake
|
|-weather|SunnyDay|[upkeep]
|-damage|p1a: Charizard|58/100|[from] ability: Solar Power|[of] p1a: Charizard
|upkeep
|turn|5
|
|t:|1779708646
|switch|p1a: Hatterene|Hatterene, F|100/100
|move|p2a: Walking Wake|Scald|p1a: Hatterene
|-damage|p1a: Hatterene|71/100
|-enditem|p1a: Hatterene|Eject Button
|c|☆totally ligit|Your getting really unlucky
|
|t:|1779708653
|switch|p1a: Walking Wake|Walking Wake|100/100
|-activate|p1a: Walking Wake|ability: Protosynthesis
|-start|p1a: Walking Wake|protosynthesisspe
|
|-weather|SunnyDay|[upkeep]
|upkeep
|turn|6
|c|☆KafkaOnTheInternet|it is what it is sadly
|
|t:|1779708663
|move|p1a: Walking Wake|Draco Meteor|p2a: Walking Wake
|-supereffective|p2a: Walking Wake
|-damage|p2a: Walking Wake|0 fnt
|-unboost|p1a: Walking Wake|spa|2
|faint|p2a: Walking Wake
|-end|p2a: Walking Wake|Protosynthesis|[silent]
|
|-weather|SunnyDay|[upkeep]
|upkeep
|
|t:|1779708673
|switch|p2a: Magnezone|Magnezone|100/100
|turn|7
|
|t:|1779708677
|move|p1a: Walking Wake|Weather Ball|p2a: Magnezone
|-supereffective|p2a: Magnezone
|-damage|p2a: Magnezone|22/100
|move|p2a: Magnezone|Flash Cannon|p1a: Walking Wake
|-resisted|p1a: Walking Wake
|-damage|p1a: Walking Wake|60/100
|
|-weather|SunnyDay|[upkeep]
|upkeep
|turn|8
|
|t:|1779708686
|switch|p2a: Weezing|Weezing-Galar, F|100/100
|move|p1a: Walking Wake|Weather Ball|p2a: Weezing
|-damage|p2a: Weezing|60/100
|
|-weather|none
|-end|p1a: Walking Wake|Protosynthesis
|-heal|p2a: Weezing|66/100|[from] item: Leftovers
|upkeep
|turn|9
|
|t:|1779708694
|-end|p1a: Walking Wake|Protosynthesis|[silent]
|switch|p1a: Torkoal|Torkoal, M|19/100
|-weather|SunnyDay|[from] ability: Drought|[of] p1a: Torkoal
|move|p2a: Weezing|Strange Steam|p1a: Torkoal
|-resisted|p1a: Torkoal
|-damage|p1a: Torkoal|8/100
|
|-weather|SunnyDay|[upkeep]
|-heal|p2a: Weezing|72/100|[from] item: Leftovers
|upkeep
|turn|10
|
|t:|1779708702
|move|p2a: Weezing|Sludge Bomb|p1a: Torkoal
|-damage|p1a: Torkoal|0 fnt
|faint|p1a: Torkoal
|
|-weather|SunnyDay|[upkeep]
|-heal|p2a: Weezing|78/100|[from] item: Leftovers
|upkeep
|
|t:|1779708708
|switch|p1a: Charizard|Charizard, M, tera:Fire|58/100
|turn|11
|
|t:|1779708712
|switch|p2a: Magnezone|Magnezone|22/100
|move|p1a: Charizard|Weather Ball|p2a: Magnezone
|-supereffective|p2a: Magnezone
|-damage|p2a: Magnezone|0 fnt
|faint|p2a: Magnezone
|
|-weather|SunnyDay|[upkeep]
|-damage|p1a: Charizard|45/100|[from] ability: Solar Power|[of] p1a: Charizard
|upkeep
|
|t:|1779708730
|switch|p2a: Meowscarada|Meowscarada, F|100/100
|turn|12
|
|t:|1779708738
|move|p2a: Meowscarada|Knock Off|p1a: Charizard
|-start|p2a: Meowscarada|typechange|Dark|[from] ability: Protean
|-damage|p1a: Charizard|0 fnt
|-enditem|p1a: Charizard|Choice Specs|[from] move: Knock Off|[of] p2a: Meowscarada
|faint|p1a: Charizard
|
|-weather|SunnyDay|[upkeep]
|upkeep
|
|t:|1779708754
|switch|p1a: Slither Wing|Slither Wing|100/100
|-activate|p1a: Slither Wing|ability: Protosynthesis
|-start|p1a: Slither Wing|protosynthesisatk
|turn|13
|
|t:|1779708759
|switch|p2a: Weezing|Weezing-Galar, F|78/100
|move|p1a: Slither Wing|U-turn|p2a: Weezing
|-resisted|p2a: Weezing
|-damage|p2a: Weezing|69/100
|
|t:|1779708783
|-end|p1a: Slither Wing|Protosynthesis|[silent]
|switch|p1a: Walking Wake|Walking Wake|60/100|[from] U-turn
|-activate|p1a: Walking Wake|ability: Protosynthesis
|-start|p1a: Walking Wake|protosynthesisspe
|
|-weather|SunnyDay|[upkeep]
|-heal|p2a: Weezing|75/100|[from] item: Leftovers
|upkeep
|turn|14
|
|t:|1779708801
|switch|p2a: Dragapult|Dragapult, M|100/100
|move|p1a: Walking Wake|Hydro Steam|p2a: Dragapult
|-resisted|p2a: Dragapult
|-damage|p2a: Dragapult|55/100
|
|-weather|SunnyDay|[upkeep]
|upkeep
|turn|15
|
|t:|1779708811
|move|p1a: Walking Wake|Hydro Steam|p2a: Dragapult
|-resisted|p2a: Dragapult
|-damage|p2a: Dragapult|10/100
|move|p2a: Dragapult|Dragon Darts|p1a: Walking Wake
|-supereffective|p1a: Walking Wake
|-crit|p1a: Walking Wake
|-damage|p1a: Walking Wake|0 fnt
|faint|p1a: Walking Wake
|-end|p1a: Walking Wake|Protosynthesis|[silent]
|
|-weather|SunnyDay|[upkeep]
|upkeep
|
|t:|1779708820
|switch|p1a: Slither Wing|Slither Wing|100/100
|-activate|p1a: Slither Wing|ability: Protosynthesis
|-start|p1a: Slither Wing|protosynthesisatk
|turn|16
|
|t:|1779708829
|switch|p2a: Weezing|Weezing-Galar, F|75/100
|move|p1a: Slither Wing|First Impression|p2a: Weezing
|-resisted|p2a: Weezing
|-damage|p2a: Weezing|65/100
|
|-weather|none
|-end|p1a: Slither Wing|Protosynthesis
|-heal|p2a: Weezing|71/100|[from] item: Leftovers
|upkeep
|turn|17
|
|t:|1779708839
|move|p1a: Slither Wing|U-turn|p2a: Weezing
|-resisted|p2a: Weezing
|-damage|p2a: Weezing|64/100
|
|t:|1779708843
|-end|p1a: Slither Wing|Protosynthesis|[silent]
|switch|p1a: Great Tusk|Great Tusk|43/100|[from] U-turn
|move|p2a: Weezing|Strange Steam|p1a: Great Tusk
|-supereffective|p1a: Great Tusk
|-damage|p1a: Great Tusk|0 fnt
|faint|p1a: Great Tusk
|-end|p1a: Great Tusk|Protosynthesis|[silent]
|
|-heal|p2a: Weezing|70/100|[from] item: Leftovers
|upkeep
|
|t:|1779708851
|switch|p1a: Hatterene|Hatterene, F|71/100
|turn|18
|
|t:|1779708856
|move|p2a: Weezing|Sludge Bomb|p1a: Hatterene
|-supereffective|p1a: Hatterene
|-damage|p1a: Hatterene|18/100
|-status|p1a: Hatterene|psn
|move|p1a: Hatterene|Psychic Noise|p2a: Weezing
|-supereffective|p2a: Weezing
|-damage|p2a: Weezing|0 fnt
|faint|p2a: Weezing
|
|-damage|p1a: Hatterene|5/100 psn|[from] psn
|upkeep
|
|t:|1779708861
|switch|p2a: Dragapult|Dragapult, M|10/100
|turn|19
|
|t:|1779708874
|move|p2a: Dragapult|U-turn|p1a: Hatterene
|-damage|p1a: Hatterene|0 fnt
|faint|p1a: Hatterene
|
|t:|1779708875
|switch|p2a: Meowscarada|Meowscarada, F|100/100|[from] U-turn
|
|upkeep
|
|t:|1779708880
|switch|p1a: Slither Wing|Slither Wing|100/100
|turn|20
|
|t:|1779708883
|move|p1a: Slither Wing|First Impression|p2a: Meowscarada
|-supereffective|p2a: Meowscarada
|-damage|p2a: Meowscarada|0 fnt
|faint|p2a: Meowscarada
|
|upkeep
|
|t:|1779708886
|switch|p2a: Dragapult|Dragapult, M|10/100
|turn|21
|
|t:|1779708897
|-terastallize|p2a: Dragapult|Dragon
|move|p2a: Dragapult|Dragon Darts|p1a: Slither Wing
|-damage|p1a: Slither Wing|59/100
|-anim|p2a: Dragapult|Dragon Darts|p1a: Slither Wing
|-damage|p1a: Slither Wing|11/100
|move|p1a: Slither Wing|Flare Blitz|p2a: Dragapult
|-resisted|p2a: Dragapult
|-damage|p2a: Dragapult|0 fnt
|faint|p2a: Dragapult
|-damage|p1a: Slither Wing|9/100|[from] Recoil
|
|win|KafkaOnTheInternet
|raw|KafkaOnTheInternet's rating: 1371 &rarr; <strong>1394</strong><br />(+23 for winning)
|raw|totally ligit's rating: 1420 &rarr; <strong>1397</strong><br />(-23 for losing)
|c|☆totally ligit|GG
|l|☆totally ligit
|player|p2|
