|j|☆sickofme
|j|☆bigtestsofbig
|t:|1779669752
|gametype|singles
|player|p1|sickofme|miku-water|1528
|player|p2|bigtestsofbig|101|1589
|gen|9
|tier|[Gen 9] OU
|rated|
|rule|HP Percentage Mod: HP is shown in percentages
|rule|Endless Battle Clause: Forcing endless battles is banned
|rule|Species Clause: Limit one of each Pokémon
|rule|OHKO Clause: OHKO moves are banned
|rule|Evasion Items Clause: Evasion items are banned
|rule|Evasion Moves Clause: Evasion moves are banned
|rule|Evasion Abilities Clause: Evasion abilities are banned
|rule|Sleep Moves Clause: Sleep-inducing moves are banned
|clearpoke
|poke|p1|Alomomola, L99, F|
|poke|p1|Landorus-Therian, M|
|poke|p1|Kyurem|
|poke|p1|Great Tusk|
|poke|p1|Slowking-Galar, M|
|poke|p1|Heatran, F|
|poke|p2|Feraligatr, F|
|poke|p2|Excadrill, M|
|poke|p2|Moltres|
|poke|p2|Primarina, F|
|poke|p2|Tyranitar, F|
|poke|p2|Garganacl, F|
|teampreview
|inactive|Battle timer is ON: inactive players will automatically lose when time's up. (requested by sickofme)
|
|t:|1779669770
|teamsize|p1|6
|teamsize|p2|6
|start
|switch|p1a: Landorus|Landorus-Therian, M|100/100
|switch|p2a: Feraligatr|Feraligatr, F|100/100
|-ability|p1a: Landorus|Intimidate|boost
|-unboost|p2a: Feraligatr|atk|1
|turn|1
|
|t:|1779669773
|move|p1a: Landorus|U-turn|p2a: Feraligatr
|-damage|p2a: Feraligatr|76/100
|
|t:|1779669776
|switch|p1a: Kyurem|Kyurem|100/100|[from] U-turn
|-ability|p1a: Kyurem|Pressure
|move|p2a: Feraligatr|Ice Punch|p1a: Kyurem
|-damage|p1a: Kyurem|79/100
|
|upkeep
|turn|2
|
|t:|1779669783
|switch|p2a: Garganacl|Garganacl, F|100/100
|move|p1a: Kyurem|Freeze-Dry|p2a: Garganacl
|-damage|p2a: Garganacl|58/100
|
|-heal|p2a: Garganacl|64/100|[from] item: Leftovers
|upkeep
|turn|3
|
|t:|1779669790
|switch|p1a: Great Tusk|Great Tusk|100/100
|move|p2a: Garganacl|Salt Cure|p1a: Great Tusk
|-resisted|p1a: Great Tusk
|-damage|p1a: Great Tusk|98/100
|-start|p1a: Great Tusk|Salt Cure
|
|-heal|p2a: Garganacl|70/100|[from] item: Leftovers
|-damage|p1a: Great Tusk|86/100|[from] Salt Cure
|upkeep
|turn|4
|
|t:|1779669799
|-end|p1a: Great Tusk|Protosynthesis|[silent]
|switch|p1a: Kyurem|Kyurem|79/100
|-ability|p1a: Kyurem|Pressure
|switch|p2a: Moltres|Moltres|100/100
|
|upkeep
|turn|5
|
|t:|1779669805
|-terastallize|p1a: Kyurem|Ice
|move|p1a: Kyurem|Ice Beam|p2a: Moltres
|-damage|p2a: Moltres|0 fnt
|faint|p2a: Moltres
|
|upkeep
|
|t:|1779669825
|switch|p2a: Tyranitar|Tyranitar, F|100/100
|-weather|Sandstorm|[from] ability: Sand Stream|[of] p2a: Tyranitar
|turn|6
|
|t:|1779669831
|switch|p1a: Great Tusk|Great Tusk|86/100
|move|p2a: Tyranitar|Knock Off|p1a: Great Tusk
|-resisted|p1a: Great Tusk
|-damage|p1a: Great Tusk|68/100
|-enditem|p1a: Great Tusk|Heavy-Duty Boots|[from] move: Knock Off|[of] p2a: Tyranitar
|
|-weather|Sandstorm|[upkeep]
|upkeep
|turn|7
|
|t:|1779669839
|move|p1a: Great Tusk|Bulk Up|p1a: Great Tusk
|-boost|p1a: Great Tusk|atk|1
|-boost|p1a: Great Tusk|def|1
|move|p2a: Tyranitar|Stealth Rock|p1a: Great Tusk
|-sidestart|p1: sickofme|move: Stealth Rock
|
|-weather|Sandstorm|[upkeep]
|upkeep
|turn|8
|
|t:|1779669849
|switch|p2a: Primarina|Primarina, F|100/100
|move|p1a: Great Tusk|Bulk Up|p1a: Great Tusk
|-boost|p1a: Great Tusk|atk|1
|-boost|p1a: Great Tusk|def|1
|
|-weather|Sandstorm|[upkeep]
|-damage|p2a: Primarina|94/100|[from] Sandstorm
|upkeep
|turn|9
|
|t:|1779669852
|move|p1a: Great Tusk|Headlong Rush|p2a: Primarina
|-damage|p2a: Primarina|0 fnt
|-unboost|p1a: Great Tusk|def|1
|-unboost|p1a: Great Tusk|spd|1
|faint|p2a: Primarina
|
|-weather|Sandstorm|[upkeep]
|upkeep
|
|t:|1779669859
|switch|p2a: Garganacl|Garganacl, F|70/100
|turn|10
|
|t:|1779669863
|-terastallize|p2a: Garganacl|Grass
|move|p1a: Great Tusk|Headlong Rush|p2a: Garganacl
|-resisted|p2a: Garganacl
|-damage|p2a: Garganacl|34/100
|-unboost|p1a: Great Tusk|def|1
|-unboost|p1a: Great Tusk|spd|1
|move|p2a: Garganacl|Curse|p2a: Garganacl
|-unboost|p2a: Garganacl|spe|1
|-boost|p2a: Garganacl|atk|1
|-boost|p2a: Garganacl|def|1
|
|-weather|Sandstorm|[upkeep]
|-damage|p2a: Garganacl|27/100|[from] Sandstorm
|-heal|p2a: Garganacl|34/100|[from] item: Leftovers
|upkeep
|turn|11
|
|t:|1779669870
|move|p1a: Great Tusk|Ice Spinner|p2a: Garganacl
|-supereffective|p2a: Garganacl
|-damage|p2a: Garganacl|0 fnt
|faint|p2a: Garganacl
|
|-weather|Sandstorm|[upkeep]
|upkeep
|
|t:|1779669873
|switch|p2a: Excadrill|Excadrill, M|100/100
|turn|12
|
|t:|1779669882
|move|p2a: Excadrill|Iron Head|p1a: Great Tusk
|-damage|p1a: Great Tusk|43/100
|move|p1a: Great Tusk|Headlong Rush|p2a: Excadrill
|-supereffective|p2a: Excadrill
|-damage|p2a: Excadrill|0 fnt
|-unboost|p1a: Great Tusk|def|1
|-unboost|p1a: Great Tusk|spd|1
|faint|p2a: Excadrill
|
|-weather|Sandstorm|[upkeep]
|upkeep
|
|t:|1779669887
|switch|p2a: Feraligatr|Feraligatr, F|76/100
|turn|13
|
|t:|1779669890
|move|p1a: Great Tusk|Headlong Rush|p2a: Feraligatr
|-damage|p2a: Feraligatr|0 fnt
|-unboost|p1a: Great Tusk|def|1
|-unboost|p1a: Great Tusk|spd|1
|faint|p2a: Feraligatr
|
|-weather|none
|upkeep
|
|t:|1779669893
|switch|p2a: Tyranitar|Tyranitar, F|100/100
|-weather|Sandstorm|[from] ability: Sand Stream|[of] p2a: Tyranitar
|turn|14
|
|t:|1779669896
|move|p1a: Great Tusk|Headlong Rush|p2a: Tyranitar
|-supereffective|p2a: Tyranitar
|-damage|p2a: Tyranitar|0 fnt
|-unboost|p1a: Great Tusk|def|1
|-unboost|p1a: Great Tusk|spd|1
|faint|p2a: Tyranitar
|
|win|sickofme
|raw|sickofme's rating: 1528 &rarr; <strong>1551</strong><br />(+23 for winning)
|raw|bigtestsofbig's rating: 1589 &rarr; <strong>1566</strong><br />(-23 for losing)
|l|☆bigtestsofbig
|player|p2|
|l|☆sickofme
|player|p1|
