|j|☆claudechamp
|j|☆Vbbjjj
|t:|1779723049
|gametype|singles
|player|p1|claudechamp|265|1292
|player|p2|Vbbjjj|picnicker|1308
|gen|9
|tier|[Gen 9] OU
|rated|
|rule|HP Percentage Mod: HP is shown in percentages
|rule|Endless Battle Clause: Forcing endless battles is banned
|rule|Species Clause: Limit one of each Pokémon
|rule|OHKO Clause: OHKO moves are banned
|rule|Evasion Items Clause: Evasion items are banned
|rule|Evasion Moves Clause: Evasion moves are banned
|rule|Evasion Abilities Clause: Evasion abilities are banned
|rule|Sleep Moves Clause: Sleep-inducing moves are banned
|clearpoke
|poke|p1|Gliscor, M|
|poke|p1|Ogerpon, F|
|poke|p1|Walking Wake|
|poke|p1|Blissey, F|
|poke|p1|Corviknight, F|
|poke|p1|Pecharunt|
|poke|p2|Gliscor, F|
|poke|p2|Umbreon, M|
|poke|p2|Dragapult, F|
|poke|p2|Gholdengo|
|poke|p2|Cinderace, F|
|poke|p2|Ditto|
|teampreview
|c|☆claudechamp|hf
|inactive|Battle timer is ON: inactive players will automatically lose when time's up. (requested by claudechamp)
|inactive|Vbbjjj also wants the timer to be on.
|
|t:|1779723057
|teamsize|p1|6
|teamsize|p2|6
|start
|switch|p1a: Gliscor|Gliscor, M|100/100
|switch|p2a: Gholdengo|Gholdengo, shiny|100/100
|turn|1
|
|t:|1779723062
|move|p2a: Gholdengo|Trick|p1a: Gliscor
|-activate|p2a: Gholdengo|move: Trick|[of] p1a: Gliscor
|-item|p1a: Gliscor|Choice Scarf|[from] move: Trick
|-item|p2a: Gholdengo|Toxic Orb|[from] move: Trick
|move|p1a: Gliscor|Spikes|p2a: Gholdengo
|-sidestart|p2: Vbbjjj|Spikes
|
|upkeep
|turn|2
|
|t:|1779723069
|switch|p1a: Blissey|Blissey, F|100/100
|switch|p2a: Gliscor|Gliscor, F, shiny|100/100
|
|-status|p2a: Gliscor|tox|[from] item: Toxic Orb
|upkeep
|turn|3
|
|t:|1779723077
|move|p2a: Gliscor|Earthquake|p1a: Blissey
|-damage|p1a: Blissey|64/100
|move|p1a: Blissey|Stealth Rock|p2a: Gliscor
|-sidestart|p2: Vbbjjj|move: Stealth Rock
|
|upkeep
|turn|4
|
|t:|1779723086
|move|p2a: Gliscor|Substitute|p2a: Gliscor
|-start|p2a: Gliscor|Substitute
|-damage|p2a: Gliscor|76/100 tox
|move|p1a: Blissey|Soft-Boiled|p1a: Blissey
|-heal|p1a: Blissey|100/100
|
|-heal|p2a: Gliscor|88/100 tox|[from] ability: Poison Heal
|upkeep
|turn|5
|
|t:|1779723091
|switch|p1a: Gliscor|Gliscor, M|100/100
|move|p2a: Gliscor|Toxic|p1a: Gliscor
|-status|p1a: Gliscor|tox
|
|-heal|p2a: Gliscor|100/100 tox|[from] ability: Poison Heal
|upkeep
|turn|6
|
|t:|1779723105
|-terastallize|p1a: Gliscor|Ghost
|move|p2a: Gliscor|Protect|p2a: Gliscor
|-singleturn|p2a: Gliscor|Protect
|move|p1a: Gliscor|Spikes|p2a: Gliscor
|-sidestart|p2: Vbbjjj|Spikes
|
|upkeep
|turn|7
|
|t:|1779723109
|switch|p1a: Corviknight|Corviknight, F|100/100
|-ability|p1a: Corviknight|Pressure
|switch|p2a: Cinderace|Cinderace, F, shiny|100/100
|
|upkeep
|turn|8
|
|t:|1779723113
|switch|p1a: Walking Wake|Walking Wake|100/100
|move|p2a: Cinderace|Pyro Ball|p1a: Walking Wake
|-resisted|p1a: Walking Wake
|-damage|p1a: Walking Wake|85/100
|
|upkeep
|turn|9
|
|t:|1779723121
|move|p2a: Cinderace|Court Change|p2a: Cinderace
|-start|p2a: Cinderace|typechange|Normal|[from] ability: Libero
|-swapsideconditions
|-activate|p2a: Cinderace|move: Court Change
|move|p1a: Walking Wake|Surf|p2a: Cinderace
|-damage|p2a: Cinderace|36/100
|
|upkeep
|turn|10
|
|t:|1779723127
|move|p2a: Cinderace|U-turn|p1a: Walking Wake
|-damage|p1a: Walking Wake|61/100
|
|t:|1779723130
|switch|p2a: Umbreon|Umbreon, M, shiny|100/100|[from] U-turn
|move|p1a: Walking Wake|Surf|p2a: Umbreon
|-damage|p2a: Umbreon|77/100
|
|-heal|p2a: Umbreon|83/100|[from] item: Leftovers
|upkeep
|turn|11
|
|t:|1779723139
|switch|p2a: Cinderace|Cinderace, F, shiny|36/100
|move|p1a: Walking Wake|Knock Off|p2a: Cinderace
|-damage|p2a: Cinderace|10/100
|-enditem|p2a: Cinderace|Heavy-Duty Boots|[from] move: Knock Off|[of] p1a: Walking Wake
|
|upkeep
|turn|12
|
|t:|1779723149
|-end|p1a: Walking Wake|Protosynthesis|[silent]
|switch|p1a: Pecharunt|Pecharunt|100/100
|move|p2a: Cinderace|U-turn|p1a: Pecharunt
|-start|p2a: Cinderace|typechange|Bug|[from] ability: Libero
|-resisted|p1a: Pecharunt
|-damage|p1a: Pecharunt|97/100
|inactive|Vbbjjj has 120 seconds left.
|
|t:|1779723197
|switch|p2a: Dragapult|Dragapult, F, shiny|100/100|[from] U-turn
|
|upkeep
|turn|13
|
|t:|1779723201
|move|p2a: Dragapult|Shadow Ball|p1a: Pecharunt
|-supereffective|p1a: Pecharunt
|-damage|p1a: Pecharunt|5/100
|-damage|p2a: Dragapult|91/100|[from] item: Life Orb
|move|p1a: Pecharunt|Foul Play|p2a: Dragapult
|-supereffective|p2a: Dragapult
|-damage|p2a: Dragapult|32/100
|
|upkeep
|turn|14
|inactive|Vbbjjj has 120 seconds left.
|
|t:|1779723211
|switch|p1a: Corviknight|Corviknight, F|100/100
|-ability|p1a: Corviknight|Pressure
|move|p2a: Dragapult|Shadow Ball|p1a: Corviknight
|-damage|p1a: Corviknight|53/100
|-unboost|p1a: Corviknight|spd|1
|-damage|p2a: Dragapult|22/100|[from] item: Life Orb
|
|upkeep
|turn|15
|
|t:|1779723218
|move|p2a: Dragapult|Shadow Ball|p1a: Corviknight
|-damage|p1a: Corviknight|0 fnt
|faint|p1a: Corviknight
|-damage|p2a: Dragapult|12/100|[from] item: Life Orb
|
|upkeep
|c|☆Vbbjjj|F
|
|t:|1779723225
|switch|p1a: Blissey|Blissey, F|100/100
|turn|16
|
|t:|1779723230
|move|p2a: Dragapult|U-turn|p1a: Blissey
|-crit|p1a: Blissey
|-damage|p1a: Blissey|68/100
|-damage|p2a: Dragapult|3/100|[from] item: Life Orb
|
|t:|1779723240
|switch|p2a: Gliscor|Gliscor, F, shiny|100/100 tox|[from] U-turn
|move|p1a: Blissey|Stealth Rock|p2a: Gliscor
|-sidestart|p2: Vbbjjj|move: Stealth Rock
|
|upkeep
|turn|17
|
|t:|1779723246
|move|p2a: Gliscor|Substitute|p2a: Gliscor
|-start|p2a: Gliscor|Substitute
|-damage|p2a: Gliscor|76/100 tox
|move|p1a: Blissey|Soft-Boiled|p1a: Blissey
|-heal|p1a: Blissey|100/100
|
|-heal|p2a: Gliscor|88/100 tox|[from] ability: Poison Heal
|upkeep
|turn|18
|
|t:|1779723251
|switch|p1a: Gliscor|Gliscor, M, tera:Ghost|100/100 tox
|-damage|p1a: Gliscor|84/100 tox|[from] Spikes
|-damage|p1a: Gliscor|71/100 tox|[from] Stealth Rock
|move|p2a: Gliscor|Toxic|p1a: Gliscor|[miss]
|-miss|p2a: Gliscor|p1a: Gliscor
|
|-heal|p1a: Gliscor|84/100 tox|[from] ability: Poison Heal
|-heal|p2a: Gliscor|100/100 tox|[from] ability: Poison Heal
|upkeep
|turn|19
|
|t:|1779723254
|switch|p1a: Walking Wake|Walking Wake|61/100
|move|p2a: Gliscor|Earthquake|p1a: Walking Wake
|-damage|p1a: Walking Wake|29/100
|
|upkeep
|turn|20
|
|t:|1779723273
|move|p1a: Walking Wake|Surf|p2a: Gliscor
|-supereffective|p2a: Gliscor
|-end|p2a: Gliscor|Substitute
|move|p2a: Gliscor|Earthquake|p1a: Walking Wake
|-damage|p1a: Walking Wake|0 fnt
|faint|p1a: Walking Wake
|-end|p1a: Walking Wake|Protosynthesis|[silent]
|
|upkeep
|
|t:|1779723279
|switch|p1a: Gliscor|Gliscor, M, tera:Ghost|84/100 tox
|-damage|p1a: Gliscor|67/100 tox|[from] Spikes
|-damage|p1a: Gliscor|55/100 tox|[from] Stealth Rock
|turn|21
|
|t:|1779723295
|move|p1a: Gliscor|Spikes|p2a: Gliscor
|-sidestart|p2: Vbbjjj|Spikes
|move|p2a: Gliscor|Substitute|p2a: Gliscor
|-start|p2a: Gliscor|Substitute
|-damage|p2a: Gliscor|76/100 tox
|
|-heal|p1a: Gliscor|67/100 tox|[from] ability: Poison Heal
|-heal|p2a: Gliscor|88/100 tox|[from] ability: Poison Heal
|upkeep
|turn|22
|
|t:|1779723299
|switch|p1a: Blissey|Blissey, F|100/100
|move|p2a: Gliscor|Earthquake|p1a: Blissey
|-damage|p1a: Blissey|66/100
|
|-heal|p2a: Gliscor|100/100 tox|[from] ability: Poison Heal
|upkeep
|turn|23
|
|t:|1779723304
|switch|p1a: Gliscor|Gliscor, M, tera:Ghost|67/100 tox
|-damage|p1a: Gliscor|50/100 tox|[from] Spikes
|-damage|p1a: Gliscor|38/100 tox|[from] Stealth Rock
|move|p2a: Gliscor|Earthquake|p1a: Gliscor
|-damage|p1a: Gliscor|13/100 tox
|
|-heal|p1a: Gliscor|25/100 tox|[from] ability: Poison Heal
|upkeep
|turn|24
|
|t:|1779723308
|switch|p1a: Ogerpon|Ogerpon, F|100/100
|move|p2a: Gliscor|Earthquake|p1a: Ogerpon
|-resisted|p1a: Ogerpon
|-damage|p1a: Ogerpon|81/100
|
|upkeep
|turn|25
|
|t:|1779723318
|move|p1a: Ogerpon|U-turn|p2a: Gliscor
|-resisted|p2a: Gliscor
|-activate|p2a: Gliscor|move: Substitute|[damage]
|c|☆Vbbjjj|Noob
|
|t:|1779723323
|switch|p1a: Gliscor|Gliscor, M, tera:Ghost|25/100 tox|[from] U-turn
|-damage|p1a: Gliscor|8/100 tox|[from] Spikes
|-damage|p1a: Gliscor|0 fnt|[from] Stealth Rock
|faint|p1a: Gliscor
|move|p2a: Gliscor|Toxic|p1: Gliscor|[notarget]
|-fail|p2a: Gliscor
|
|upkeep
|c|☆Vbbjjj|Hahaha
|
|t:|1779723332
|switch|p1a: Blissey|Blissey, F|66/100
|turn|26
|c|☆Vbbjjj|caiste en tu propia mrd
|
|t:|1779723343
|move|p2a: Gliscor|Toxic|p1a: Blissey
|-status|p1a: Blissey|tox
|move|p1a: Blissey|Seismic Toss|p2a: Gliscor
|-end|p2a: Gliscor|Substitute
|
|-damage|p1a: Blissey|60/100 tox|[from] psn
|upkeep
|turn|27
|
|t:|1779723357
|move|p2a: Gliscor|Substitute|p2a: Gliscor
|-start|p2a: Gliscor|Substitute
|-damage|p2a: Gliscor|76/100 tox
|move|p1a: Blissey|Soft-Boiled|p1a: Blissey
|-heal|p1a: Blissey|100/100 tox
|
|-heal|p2a: Gliscor|88/100 tox|[from] ability: Poison Heal
|-damage|p1a: Blissey|88/100 tox|[from] psn
|upkeep
|turn|28
|
|t:|1779723363
|-curestatus|p1a: Blissey|tox|[from] ability: Natural Cure|[silent]
|switch|p1a: Ogerpon|Ogerpon, F|81/100
|move|p2a: Gliscor|Protect||[still]
|-fail|p2a: Gliscor
|
|-heal|p2a: Gliscor|100/100 tox|[from] ability: Poison Heal
|upkeep
|turn|29
|
|t:|1779723372
|move|p1a: Ogerpon|Ivy Cudgel|p2a: Gliscor
|-end|p2a: Gliscor|Substitute
|move|p2a: Gliscor|Toxic|p1a: Ogerpon
|-status|p1a: Ogerpon|tox
|
|-damage|p1a: Ogerpon|75/100 tox|[from] psn
|upkeep
|turn|30
|
|t:|1779723382
|move|p1a: Ogerpon|Encore|p2a: Gliscor
|-start|p2a: Gliscor|Encore
|move|p2a: Gliscor|Toxic|p1a: Ogerpon
|-fail|p1a: Ogerpon|tox
|
|-damage|p1a: Ogerpon|63/100 tox|[from] psn
|upkeep
|turn|31
|inactive|Vbbjjj has 120 seconds left.
|
|t:|1779723415
|switch|p1a: Blissey|Blissey, F|88/100
|switch|p2a: Dragapult|Dragapult, F, shiny|3/100
|-damage|p2a: Dragapult|0 fnt|[from] Stealth Rock
|faint|p2a: Dragapult
|
|upkeep
|inactive|Vbbjjj has 120 seconds left.
|
|t:|1779723430
|switch|p2a: Gliscor|Gliscor, F, shiny|100/100 tox
|-damage|p2a: Gliscor|88/100 tox|[from] Stealth Rock
|turn|32
|inactive|Vbbjjj has 120 seconds left.
|
|t:|1779723437
|move|p2a: Gliscor|Toxic|p1a: Blissey
|-status|p1a: Blissey|tox
|move|p1a: Blissey|Seismic Toss|p2a: Gliscor
|-damage|p2a: Gliscor|60/100 tox
|
|-heal|p2a: Gliscor|72/100 tox|[from] ability: Poison Heal
|-damage|p1a: Blissey|82/100 tox|[from] psn
|upkeep
|turn|33
|inactive|Vbbjjj has 120 seconds left.
|
|t:|1779723450
|move|p2a: Gliscor|Substitute|p2a: Gliscor
|-start|p2a: Gliscor|Substitute
|-damage|p2a: Gliscor|47/100 tox
|move|p1a: Blissey|Soft-Boiled|p1a: Blissey
|-heal|p1a: Blissey|100/100 tox
|
|-heal|p2a: Gliscor|60/100 tox|[from] ability: Poison Heal
|-damage|p1a: Blissey|88/100 tox|[from] psn
|upkeep
|turn|34
|
|t:|1779723455
|-curestatus|p1a: Blissey|tox|[from] ability: Natural Cure|[silent]
|switch|p1a: Ogerpon|Ogerpon, F|63/100 tox
|move|p2a: Gliscor|Toxic|p1a: Ogerpon
|-fail|p1a: Ogerpon|tox
|
|-damage|p1a: Ogerpon|57/100 tox|[from] psn
|-heal|p2a: Gliscor|72/100 tox|[from] ability: Poison Heal
|upkeep
|turn|35
|
|t:|1779723461
|move|p2a: Gliscor|Protect|p2a: Gliscor
|-singleturn|p2a: Gliscor|Protect
|move|p1a: Ogerpon|Ivy Cudgel|p2a: Gliscor
|-activate|p2a: Gliscor|move: Protect
|
|-damage|p1a: Ogerpon|45/100 tox|[from] psn
|-heal|p2a: Gliscor|85/100 tox|[from] ability: Poison Heal
|upkeep
|turn|36
|c|☆Vbbjjj|Pipipi
|
|t:|1779723469
|move|p1a: Ogerpon|Knock Off|p2a: Gliscor
|-activate|p2a: Gliscor|move: Substitute|[damage]
|move|p2a: Gliscor|Substitute|p2a: Gliscor
|-fail|p2a: Gliscor|move: Substitute
|
|-damage|p1a: Ogerpon|27/100 tox|[from] psn
|-heal|p2a: Gliscor|97/100 tox|[from] ability: Poison Heal
|upkeep
|turn|37
|
|t:|1779723474
|move|p2a: Gliscor|Protect|p2a: Gliscor
|-singleturn|p2a: Gliscor|Protect
|move|p1a: Ogerpon|Encore|p2a: Gliscor
|-activate|p2a: Gliscor|move: Protect
|
|-damage|p1a: Ogerpon|3/100 tox|[from] psn
|-heal|p2a: Gliscor|100/100 tox|[from] ability: Poison Heal
|upkeep
|turn|38
|c|☆Vbbjjj|Pipi
|c|☆Vbbjjj|wa wa wa
|
|t:|1779723486
|switch|p1a: Blissey|Blissey, F|88/100
|move|p2a: Gliscor|Substitute|p2a: Gliscor
|-fail|p2a: Gliscor|move: Substitute
|
|upkeep
|turn|39
|
|t:|1779723491
|move|p2a: Gliscor|Toxic|p1a: Blissey|[miss]
|-miss|p2a: Gliscor|p1a: Blissey
|move|p1a: Blissey|Soft-Boiled|p1a: Blissey
|-heal|p1a: Blissey|100/100
|
|upkeep
|turn|40
|
|t:|1779723497
|move|p2a: Gliscor|Earthquake|p1a: Blissey
|-damage|p1a: Blissey|68/100
|move|p1a: Blissey|Seismic Toss|p2a: Gliscor
|-end|p2a: Gliscor|Substitute
|
|upkeep
|turn|41
|
|t:|1779723504
|move|p2a: Gliscor|Toxic|p1a: Blissey
|-status|p1a: Blissey|tox
|move|p1a: Blissey|Soft-Boiled|p1a: Blissey
|-heal|p1a: Blissey|100/100 tox
|
|-damage|p1a: Blissey|94/100 tox|[from] psn
|upkeep
|turn|42
|
|t:|1779723510
|move|p2a: Gliscor|Substitute|p2a: Gliscor
|-start|p2a: Gliscor|Substitute
|-damage|p2a: Gliscor|76/100 tox
|move|p1a: Blissey|Seismic Toss|p2a: Gliscor
|-end|p2a: Gliscor|Substitute
|
|-heal|p2a: Gliscor|88/100 tox|[from] ability: Poison Heal
|-damage|p1a: Blissey|82/100 tox|[from] psn
|upkeep
|turn|43
|
|t:|1779723515
|move|p2a: Gliscor|Protect|p2a: Gliscor
|-singleturn|p2a: Gliscor|Protect
|move|p1a: Blissey|Soft-Boiled|p1a: Blissey
|-heal|p1a: Blissey|100/100 tox
|
|-heal|p2a: Gliscor|100/100 tox|[from] ability: Poison Heal
|-damage|p1a: Blissey|82/100 tox|[from] psn
|upkeep
|turn|44
|
|t:|1779723522
|move|p2a: Gliscor|Earthquake|p1a: Blissey
|-damage|p1a: Blissey|51/100 tox
|move|p1a: Blissey|Seismic Toss|p2a: Gliscor
|-damage|p2a: Gliscor|72/100 tox
|
|-heal|p2a: Gliscor|85/100 tox|[from] ability: Poison Heal
|-damage|p1a: Blissey|26/100 tox|[from] psn
|upkeep
|turn|45
|
|t:|1779723528
|move|p2a: Gliscor|Earthquake|p1a: Blissey
|-damage|p1a: Blissey|0 fnt
|faint|p1a: Blissey
|
|-heal|p2a: Gliscor|97/100 tox|[from] ability: Poison Heal
|upkeep
|
|t:|1779723534
|switch|p1a: Ogerpon|Ogerpon, F|3/100 tox
|turn|46
|
|t:|1779723539
|move|p2a: Gliscor|Protect|p2a: Gliscor
|-singleturn|p2a: Gliscor|Protect
|move|p1a: Ogerpon|Knock Off|p2a: Gliscor
|-activate|p2a: Gliscor|move: Protect
|
|-damage|p1a: Ogerpon|0 fnt|[from] psn
|faint|p1a: Ogerpon
|-heal|p2a: Gliscor|100/100 tox|[from] ability: Poison Heal
|upkeep
|
|t:|1779723544
|switch|p1a: Pecharunt|Pecharunt|5/100
|turn|47
|
|t:|1779723554
|-terastallize|p2a: Gliscor|Water
|move|p2a: Gliscor|Earthquake|p1a: Pecharunt
|-supereffective|p1a: Pecharunt
|-damage|p1a: Pecharunt|0 fnt
|faint|p1a: Pecharunt
|
|win|Vbbjjj
|raw|claudechamp's rating: 1272 &rarr; <strong>1250</strong><br />(-22 for losing)
|raw|Vbbjjj's rating: 1308 &rarr; <strong>1326</strong><br />(+18 for winning)
|c|☆claudechamp|gg
