|j|☆motorbike
|j|☆AP Precalculus
|t:|1779686231
|gametype|singles
|player|p1|motorbike|biker-gen4|1327
|player|p2|AP Precalculus|workerice|1363
|gen|9
|tier|[Gen 9] OU
|rated|
|rule|HP Percentage Mod: HP is shown in percentages
|rule|Endless Battle Clause: Forcing endless battles is banned
|rule|Species Clause: Limit one of each Pokémon
|rule|OHKO Clause: OHKO moves are banned
|rule|Evasion Items Clause: Evasion items are banned
|rule|Evasion Moves Clause: Evasion moves are banned
|rule|Evasion Abilities Clause: Evasion abilities are banned
|rule|Sleep Moves Clause: Sleep-inducing moves are banned
|clearpoke
|poke|p1|Skarmory, F|
|poke|p1|Tyranitar, F|
|poke|p1|Excadrill, M|
|poke|p1|Haxorus, M|
|poke|p1|Dragapult, F|
|poke|p1|Enamorus, F|
|poke|p2|Grimmsnarl, M|
|poke|p2|Latios, M|
|poke|p2|Glimmora, F|
|poke|p2|Iron Hands|
|poke|p2|Hoopa-Unbound|
|poke|p2|Ursaluna, M|
|teampreview
|inactive|Battle timer is ON: inactive players will automatically lose when time's up. (requested by AP Precalculus)
|
|t:|1779686241
|teamsize|p1|6
|teamsize|p2|6
|start
|switch|p1a: Skarmory|Skarmory, F|100/100
|switch|p2a: Mr Grimm|Grimmsnarl, M|100/100
|turn|1
|
|t:|1779686259
|move|p2a: Mr Grimm|Parting Shot|p1a: Skarmory
|-unboost|p1a: Skarmory|atk|1
|-unboost|p1a: Skarmory|spa|1
|
|t:|1779686262
|switch|p2a: Ursaluna|Ursaluna, M|100/100|[from] Parting Shot
|move|p1a: Skarmory|Iron Head|p2a: Ursaluna
|-damage|p2a: Ursaluna|87/100
|
|-status|p2a: Ursaluna|brn|[from] item: Flame Orb
|upkeep
|turn|2
|
|t:|1779686274
|switch|p2a: Bing Bong|Glimmora, F|100/100
|move|p1a: Skarmory|Stealth Rock|p2a: Bing Bong
|-sidestart|p2: AP Precalculus|move: Stealth Rock
|
|upkeep
|turn|3
|
|t:|1779686280
|move|p2a: Bing Bong|Power Gem|p1a: Skarmory
|-damage|p1a: Skarmory|33/100
|move|p1a: Skarmory|Taunt|p2a: Bing Bong
|-start|p2a: Bing Bong|move: Taunt
|
|upkeep
|turn|4
|
|t:|1779686301
|move|p2a: Bing Bong|Power Gem|p1a: Skarmory
|-damage|p1a: Skarmory|0 fnt
|faint|p1a: Skarmory
|
|upkeep
|
|t:|1779686316
|switch|p1a: Tyranitar|Tyranitar, F|100/100
|-weather|Sandstorm|[from] ability: Sand Stream|[of] p1a: Tyranitar
|turn|5
|
|t:|1779686322
|move|p2a: Bing Bong|Mortal Spin|p1a: Tyranitar
|-resisted|p1a: Tyranitar
|-damage|p1a: Tyranitar|98/100
|-status|p1a: Tyranitar|psn
|-sideend|p2: AP Precalculus|Stealth Rock|[from] move: Mortal Spin|[of] p2a: Bing Bong
|move|p1a: Tyranitar|Dragon Dance|p1a: Tyranitar
|-boost|p1a: Tyranitar|atk|1
|-boost|p1a: Tyranitar|spe|1
|
|-weather|Sandstorm|[upkeep]
|-damage|p1a: Tyranitar|86/100 psn|[from] psn
|upkeep
|turn|6
|
|t:|1779686333
|move|p1a: Tyranitar|Earthquake|p2a: Bing Bong
|-supereffective|p2a: Bing Bong
|-enditem|p2a: Bing Bong|Focus Sash
|-damage|p2a: Bing Bong|1/100
|-activate|p2a: Bing Bong|ability: Toxic Debris
|-sidestart|p1: motorbike|move: Toxic Spikes
|move|p2a: Bing Bong|Earth Power|p1a: Tyranitar
|-supereffective|p1a: Tyranitar
|-damage|p1a: Tyranitar|44/100 psn
|
|-weather|Sandstorm|[upkeep]
|-damage|p1a: Tyranitar|32/100 psn|[from] psn
|-end|p2a: Bing Bong|move: Taunt
|upkeep
|turn|7
|
|t:|1779686348
|-terastallize|p2a: Bing Bong|Flying
|move|p1a: Tyranitar|Knock Off|p2a: Bing Bong
|-damage|p2a: Bing Bong|0 fnt
|-activate|p2a: Bing Bong|ability: Toxic Debris
|-sidestart|p1: motorbike|move: Toxic Spikes
|faint|p2a: Bing Bong
|
|-weather|Sandstorm|[upkeep]
|-damage|p1a: Tyranitar|20/100 psn|[from] psn
|upkeep
|
|t:|1779686361
|switch|p2a: Mr Grimm|Grimmsnarl, M|100/100
|turn|8
|
|t:|1779686373
|move|p2a: Mr Grimm|Reflect|p2a: Mr Grimm
|-sidestart|p2: AP Precalculus|Reflect
|move|p1a: Tyranitar|Stone Edge|p2a: Mr Grimm|[miss]
|-miss|p1a: Tyranitar|p2a: Mr Grimm
|
|-weather|Sandstorm|[upkeep]
|-damage|p2a: Mr Grimm|94/100|[from] Sandstorm
|-damage|p1a: Tyranitar|8/100 psn|[from] psn
|upkeep
|turn|9
|
|t:|1779686384
|switch|p1a: Enamorus|Enamorus, F|100/100
|move|p2a: Mr Grimm|Light Screen|p2a: Mr Grimm
|-sidestart|p2: AP Precalculus|move: Light Screen
|
|-weather|Sandstorm|[upkeep]
|-damage|p1a: Enamorus|94/100|[from] Sandstorm
|-damage|p2a: Mr Grimm|88/100|[from] Sandstorm
|upkeep
|turn|10
|
|t:|1779686406
|switch|p2a: Ursaluna|Ursaluna, M|87/100 brn
|move|p1a: Enamorus|Moonblast|p2a: Ursaluna
|-damage|p2a: Ursaluna|60/100 brn
|
|-weather|Sandstorm|[upkeep]
|-damage|p1a: Enamorus|88/100|[from] Sandstorm
|-damage|p2a: Ursaluna|54/100 brn|[from] brn
|upkeep
|turn|11
|
|t:|1779686416
|move|p1a: Enamorus|Moonblast|p2a: Ursaluna
|-damage|p2a: Ursaluna|28/100 brn
|move|p2a: Ursaluna|Facade|p1a: Enamorus
|-damage|p1a: Enamorus|0 fnt
|faint|p1a: Enamorus
|
|-weather|Sandstorm|[upkeep]
|-damage|p2a: Ursaluna|22/100 brn|[from] brn
|upkeep
|
|t:|1779686430
|switch|p1a: Dragapult|Dragapult, F|100/100
|turn|12
|
|t:|1779686435
|move|p1a: Dragapult|Substitute|p1a: Dragapult
|-start|p1a: Dragapult|Substitute
|-damage|p1a: Dragapult|76/100
|move|p2a: Ursaluna|Crunch|p1a: Dragapult
|-supereffective|p1a: Dragapult
|-end|p1a: Dragapult|Substitute
|
|-weather|none
|-damage|p2a: Ursaluna|16/100 brn|[from] brn
|upkeep
|turn|13
|
|t:|1779686444
|switch|p2a: Mr Grimm|Grimmsnarl, M|88/100
|move|p1a: Dragapult|Substitute|p1a: Dragapult
|-start|p1a: Dragapult|Substitute
|-damage|p1a: Dragapult|51/100
|
|upkeep
|turn|14
|
|t:|1779686452
|move|p1a: Dragapult|Will-O-Wisp|p2a: Mr Grimm
|-status|p2a: Mr Grimm|brn
|move|p2a: Mr Grimm|Spirit Break|p1a: Dragapult
|-supereffective|p1a: Dragapult
|-end|p1a: Dragapult|Substitute
|
|-damage|p2a: Mr Grimm|82/100 brn|[from] brn
|upkeep
|turn|15
|
|t:|1779686463
|switch|p1a: Tyranitar|Tyranitar, F|8/100 psn
|-weather|Sandstorm|[from] ability: Sand Stream|[of] p1a: Tyranitar
|move|p2a: Mr Grimm|Spirit Break|p1a: Tyranitar
|-supereffective|p1a: Tyranitar
|-damage|p1a: Tyranitar|0 fnt
|faint|p1a: Tyranitar
|
|-weather|Sandstorm|[upkeep]
|-damage|p2a: Mr Grimm|76/100 brn|[from] Sandstorm
|-damage|p2a: Mr Grimm|70/100 brn|[from] brn
|-sideend|p2: AP Precalculus|Reflect
|upkeep
|
|t:|1779686476
|switch|p1a: Excadrill|Excadrill, M|100/100
|turn|16
|
|t:|1779686480
|move|p2a: Mr Grimm|Reflect|p2a: Mr Grimm
|-sidestart|p2: AP Precalculus|Reflect
|move|p1a: Excadrill|Swords Dance|p1a: Excadrill
|-boost|p1a: Excadrill|atk|2
|
|-weather|Sandstorm|[upkeep]
|-damage|p2a: Mr Grimm|64/100 brn|[from] Sandstorm
|-damage|p2a: Mr Grimm|58/100 brn|[from] brn
|-sideend|p2: AP Precalculus|move: Light Screen
|upkeep
|turn|17
|
|t:|1779686489
|move|p2a: Mr Grimm|Parting Shot|p1a: Excadrill
|-unboost|p1a: Excadrill|atk|1
|-unboost|p1a: Excadrill|spa|1
|
|t:|1779686492
|switch|p2a: Ursaluna|Ursaluna, M|16/100 brn|[from] Parting Shot
|move|p1a: Excadrill|Swords Dance|p1a: Excadrill
|-boost|p1a: Excadrill|atk|2
|
|-weather|Sandstorm|[upkeep]
|-damage|p2a: Ursaluna|10/100 brn|[from] brn
|upkeep
|turn|18
|
|t:|1779686503
|move|p1a: Excadrill|Iron Head|p2a: Ursaluna
|-damage|p2a: Ursaluna|0 fnt
|faint|p2a: Ursaluna
|-damage|p1a: Excadrill|91/100|[from] item: Life Orb
|
|-weather|Sandstorm|[upkeep]
|upkeep
|
|t:|1779686508
|switch|p2a: Iron Hands|Iron Hands|100/100
|-enditem|p2a: Iron Hands|Booster Energy
|-activate|p2a: Iron Hands|ability: Quark Drive|[fromitem]
|-start|p2a: Iron Hands|quarkdriveatk
|turn|19
|
|t:|1779686514
|move|p1a: Excadrill|Earthquake|p2a: Iron Hands
|-supereffective|p2a: Iron Hands
|-damage|p2a: Iron Hands|0 fnt
|faint|p2a: Iron Hands
|-end|p2a: Iron Hands|Quark Drive|[silent]
|-damage|p1a: Excadrill|81/100|[from] item: Life Orb
|
|-weather|Sandstorm|[upkeep]
|upkeep
|
|t:|1779686526
|switch|p2a: Which One|Latios, M, shiny|100/100
|turn|20
|
|t:|1779686530
|move|p1a: Excadrill|Iron Head|p2a: Which One
|-damage|p2a: Which One|24/100
|-damage|p1a: Excadrill|71/100|[from] item: Life Orb
|move|p2a: Which One|Aura Sphere|p1a: Excadrill
|-supereffective|p1a: Excadrill
|-damage|p1a: Excadrill|6/100
|
|-weather|Sandstorm|[upkeep]
|-damage|p2a: Which One|18/100|[from] Sandstorm
|upkeep
|turn|21
|
|t:|1779686540
|move|p1a: Excadrill|Iron Head|p2a: Which One
|-damage|p2a: Which One|0 fnt
|faint|p2a: Which One
|-damage|p1a: Excadrill|0 fnt|[from] item: Life Orb
|faint|p1a: Excadrill
|
|-weather|Sandstorm|[upkeep]
|upkeep
|
|t:|1779686554
|switch|p2a: Mr Grimm|Grimmsnarl, M|58/100 brn
|switch|p1a: Dragapult|Dragapult, F|51/100
|turn|22
|
|t:|1779686564
|move|p2a: Mr Grimm|Light Screen|p2a: Mr Grimm
|-sidestart|p2: AP Precalculus|move: Light Screen
|move|p1a: Dragapult|Hex|p2a: Mr Grimm
|-resisted|p2a: Mr Grimm
|-damage|p2a: Mr Grimm|42/100 brn
|
|-weather|none
|-damage|p2a: Mr Grimm|36/100 brn|[from] brn
|upkeep
|turn|23
|
|t:|1779686573
|move|p1a: Dragapult|Substitute|p1a: Dragapult
|-start|p1a: Dragapult|Substitute
|-damage|p1a: Dragapult|26/100
|move|p2a: Mr Grimm|Spirit Break|p1a: Dragapult
|-supereffective|p1a: Dragapult
|-end|p1a: Dragapult|Substitute
|
|-damage|p2a: Mr Grimm|30/100 brn|[from] brn
|-sideend|p2: AP Precalculus|Reflect
|upkeep
|turn|24
|
|t:|1779686583
|move|p2a: Mr Grimm|Reflect|p2a: Mr Grimm
|-sidestart|p2: AP Precalculus|Reflect
|move|p1a: Dragapult|Substitute|p1a: Dragapult
|-start|p1a: Dragapult|Substitute
|-damage|p1a: Dragapult|1/100
|
|-damage|p2a: Mr Grimm|24/100 brn|[from] brn
|upkeep
|turn|25
|
|t:|1779686591
|move|p1a: Dragapult|Hex|p2a: Mr Grimm
|-resisted|p2a: Mr Grimm
|-damage|p2a: Mr Grimm|7/100 brn
|move|p2a: Mr Grimm|Spirit Break|p1a: Dragapult
|-supereffective|p1a: Dragapult
|-end|p1a: Dragapult|Substitute
|
|-damage|p2a: Mr Grimm|1/100 brn|[from] brn
|upkeep
|turn|26
|
|t:|1779686602
|move|p2a: Mr Grimm|Parting Shot|p1a: Dragapult
|-unboost|p1a: Dragapult|atk|1
|-unboost|p1a: Dragapult|spa|1
|
|t:|1779686605
|switch|p2a: Hoopa|Hoopa-Unbound|100/100|[from] Parting Shot
|move|p1a: Dragapult|Hex|p2a: Hoopa
|-damage|p2a: Hoopa|94/100
|
|upkeep
|turn|27
|
|t:|1779686614
|move|p1a: Dragapult|Will-O-Wisp|p2a: Hoopa|[miss]
|-miss|p1a: Dragapult|p2a: Hoopa
|move|p2a: Hoopa|Future Sight|p1a: Dragapult
|-start|p2a: Hoopa|move: Future Sight
|
|upkeep
|turn|28
|
|t:|1779686620
|move|p1a: Dragapult|Will-O-Wisp|p2a: Hoopa
|-status|p2a: Hoopa|brn
|move|p2a: Hoopa|Dark Pulse|p1a: Dragapult
|-supereffective|p1a: Dragapult
|-damage|p1a: Dragapult|0 fnt
|faint|p1a: Dragapult
|
|-damage|p2a: Hoopa|88/100 brn|[from] brn
|upkeep
|
|t:|1779686630
|switch|p1a: Haxorus|Haxorus, M|100/100
|-status|p1a: Haxorus|tox
|-enditem|p1a: Haxorus|Lum Berry|[eat]
|-curestatus|p1a: Haxorus|tox|[msg]
|-ability|p1a: Haxorus|Mold Breaker
|turn|29
|
|t:|1779686640
|-terastallize|p1a: Haxorus|Steel
|move|p1a: Haxorus|Swords Dance|p1a: Haxorus
|-boost|p1a: Haxorus|atk|2
|move|p2a: Hoopa|Dark Pulse|p1a: Haxorus
|-damage|p1a: Haxorus|11/100
|
|-end|p1a: Haxorus|move: Future Sight
|-resisted|p1a: Haxorus
|-damage|p1a: Haxorus|0 fnt
|faint|p1a: Haxorus
|
|win|AP Precalculus
|raw|motorbike's rating: 1327 &rarr; <strong>1309</strong><br />(-18 for losing)
|raw|AP Precalculus's rating: 1363 &rarr; <strong>1381</strong><br />(+18 for winning)
|l|☆AP Precalculus
|player|p2|
|l|☆motorbike
|player|p1|
