|j|☆Harperyu
|j|☆liamgay
|t:|1779691796
|gametype|singles
|player|p1|Harperyu|lusamine-nihilego|
|player|p2|liamgay|youngster-gen4dp|
|gen|9
|tier|[Gen 9] OU
|rule|HP Percentage Mod: HP is shown in percentages
|rule|Endless Battle Clause: Forcing endless battles is banned
|rule|Species Clause: Limit one of each Pokémon
|rule|OHKO Clause: OHKO moves are banned
|rule|Evasion Items Clause: Evasion items are banned
|rule|Evasion Moves Clause: Evasion moves are banned
|rule|Evasion Abilities Clause: Evasion abilities are banned
|rule|Sleep Moves Clause: Sleep-inducing moves are banned
|clearpoke
|poke|p1|Snorlax, F|
|poke|p1|Grimmsnarl, M|
|poke|p1|Tornadus, M|
|poke|p1|Mew|
|poke|p1|Iron Valiant|
|poke|p1|Gengar, M|
|poke|p2|Snorlax, F|
|poke|p2|Grimmsnarl, M|
|poke|p2|Tornadus, M|
|poke|p2|Mew|
|poke|p2|Iron Valiant|
|poke|p2|Gengar, F|
|teampreview
|inactive|Battle timer is ON: inactive players will automatically lose when time's up. (requested by Harperyu)
|c|☆Harperyu|你知道揮指是什麼嗎
|
|t:|1779691824
|teamsize|p1|6
|teamsize|p2|6
|start
|switch|p1a: Gengar|Gengar, M|100/100
|switch|p2a: Grimmsnarl|Grimmsnarl, M|100/100
|turn|1
|c|☆liamgay|知道
|c|☆liamgay|随机招式嘛
|
|t:|1779691842
|move|p2a: Grimmsnarl|Metronome|p2a: Grimmsnarl
|move|p2a: Grimmsnarl|Flower Trick|p1a: Gengar|[from] move: Metronome
|-resisted|p1a: Gengar
|-crit|p1a: Gengar
|-damage|p1a: Gengar|69/100
|move|p1a: Gengar|Metronome|p1a: Gengar
|move|p1a: Gengar|Chloroblast|p2a: Grimmsnarl|[from] move: Metronome
|-damage|p2a: Grimmsnarl|33/100
|-damage|p1a: Gengar|19/100|[from] Recoil
|
|upkeep
|turn|2
|
|t:|1779691852
|move|p2a: Grimmsnarl|Metronome|p2a: Grimmsnarl
|move|p2a: Grimmsnarl|Tachyon Cutter|p1a: Gengar|[from] move: Metronome
|-damage|p1a: Gengar|0 fnt
|faint|p1a: Gengar
|-hitcount|p1: Gengar|1
|
|upkeep
|
|t:|1779691858
|switch|p1a: Mew|Mew|100/100
|turn|3
|
|t:|1779691864
|move|p2a: Grimmsnarl|Metronome|p2a: Grimmsnarl
|move|p2a: Grimmsnarl|Confide|p1a: Mew|[from] move: Metronome
|-unboost|p1a: Mew|spa|1
|move|p1a: Mew|Metronome|p1a: Mew
|move|p1a: Mew|Ancient Power|p2a: Grimmsnarl|[from] move: Metronome
|-damage|p2a: Grimmsnarl|20/100
|
|upkeep
|turn|4
|
|t:|1779691871
|move|p2a: Grimmsnarl|Metronome|p2a: Grimmsnarl
|move|p2a: Grimmsnarl|Flame Charge|p1a: Mew|[from] move: Metronome
|-damage|p1a: Mew|85/100
|-boost|p2a: Grimmsnarl|spe|1
|move|p1a: Mew|Metronome|p1a: Mew
|move|p1a: Mew|Shadow Force||[from] move: Metronome|[still]
|-prepare|p1a: Mew|Shadow Force
|
|-heal|p1a: Mew|91/100|[from] item: Leftovers
|upkeep
|turn|5
|
|t:|1779691880
|move|p2a: Grimmsnarl|Metronome|p2a: Grimmsnarl
|move|p2a: Grimmsnarl|Bulldoze|p1a: Mew|[from] move: Metronome|[miss]
|-miss|p2a: Grimmsnarl|p1a: Mew
|move|p1a: Mew|Shadow Force|p2a: Grimmsnarl|[from] lockedmove
|-resisted|p2a: Grimmsnarl
|-damage|p2a: Grimmsnarl|0 fnt
|-damage|p1a: Mew|75/100|[from] item: Rocky Helmet|[of] p2a: Grimmsnarl
|faint|p2a: Grimmsnarl
|
|-heal|p1a: Mew|81/100|[from] item: Leftovers
|upkeep
|
|t:|1779691890
|switch|p2a: Snorlax|Snorlax, F|100/100
|turn|6
|
|t:|1779691894
|move|p1a: Mew|Metronome|p1a: Mew
|move|p1a: Mew|Shock Wave|p2a: Snorlax|[from] move: Metronome
|-damage|p2a: Snorlax|94/100
|move|p2a: Snorlax|Metronome|p2a: Snorlax
|move|p2a: Snorlax|Sleep Powder|p1a: Mew|[from] move: Metronome|[miss]
|-miss|p2a: Snorlax|p1a: Mew
|
|-heal|p1a: Mew|87/100|[from] item: Leftovers
|-heal|p2a: Snorlax|100/100|[from] item: Leftovers
|upkeep
|turn|7
|
|t:|1779691904
|move|p1a: Mew|Metronome|p1a: Mew
|move|p1a: Mew|Dragon Claw|p2a: Snorlax|[from] move: Metronome
|-damage|p2a: Snorlax|81/100
|move|p2a: Snorlax|Metronome|p2a: Snorlax
|move|p2a: Snorlax|Rock Slide|p1a: Mew|[from] move: Metronome
|-damage|p1a: Mew|66/100
|
|-heal|p1a: Mew|72/100|[from] item: Leftovers
|-heal|p2a: Snorlax|87/100|[from] item: Leftovers
|upkeep
|turn|8
|c|☆liamgay|这miss
|
|t:|1779691913
|move|p1a: Mew|Metronome|p1a: Mew
|move|p1a: Mew|Ceaseless Edge|p2a: Snorlax|[from] move: Metronome
|-damage|p2a: Snorlax|72/100
|-sidestart|p2: liamgay|Spikes
|move|p2a: Snorlax|Metronome|p2a: Snorlax
|move|p2a: Snorlax|Petal Dance|p1a: Mew|[from] move: Metronome
|-damage|p1a: Mew|54/100
|
|-heal|p1a: Mew|60/100|[from] item: Leftovers
|-heal|p2a: Snorlax|78/100|[from] item: Leftovers
|upkeep
|turn|9
|
|t:|1779691923
|move|p1a: Mew|Metronome|p1a: Mew
|move|p1a: Mew|Moonblast|p2a: Snorlax|[from] move: Metronome
|-damage|p2a: Snorlax|68/100
|-unboost|p2a: Snorlax|spa|1
|move|p2a: Snorlax|Petal Dance|p1a: Mew|[from] lockedmove
|-damage|p1a: Mew|49/100
|
|-heal|p1a: Mew|55/100|[from] item: Leftovers
|-heal|p2a: Snorlax|74/100|[from] item: Leftovers
|upkeep
|turn|10
|
|t:|1779691935
|move|p1a: Mew|Metronome|p1a: Mew
|move|p1a: Mew|Phantom Force||[from] move: Metronome|[still]
|-prepare|p1a: Mew|Phantom Force
|move|p2a: Snorlax|Petal Dance|p1a: Mew|[from] lockedmove|[miss]
|-miss|p2a: Snorlax|p1a: Mew
|-start|p2a: Snorlax|confusion|[fatigue]
|
|-heal|p1a: Mew|61/100|[from] item: Leftovers
|-heal|p2a: Snorlax|80/100|[from] item: Leftovers
|upkeep
|turn|11
|
|t:|1779691943
|move|p1a: Mew|Phantom Force|p2a: Snorlax|[from] lockedmove
|-immune|p2a: Snorlax
|-activate|p2a: Snorlax|confusion
|move|p2a: Snorlax|Metronome|p2a: Snorlax
|move|p2a: Snorlax|Fire Fang|p1a: Mew|[from] move: Metronome
|-crit|p1a: Mew
|-damage|p1a: Mew|36/100
|
|-heal|p1a: Mew|42/100|[from] item: Leftovers
|-heal|p2a: Snorlax|86/100|[from] item: Leftovers
|upkeep
|turn|12
|
|t:|1779691954
|move|p1a: Mew|Metronome|p1a: Mew
|move|p1a: Mew|Agility|p1a: Mew|[from] move: Metronome
|-boost|p1a: Mew|spe|2
|-activate|p2a: Snorlax|confusion
|move|p2a: Snorlax|Metronome|p2a: Snorlax
|move|p2a: Snorlax|Recycle||[from] move: Metronome|[still]
|-fail|p2a: Snorlax
|
|-heal|p1a: Mew|49/100|[from] item: Leftovers
|-heal|p2a: Snorlax|92/100|[from] item: Leftovers
|upkeep
|turn|13
|c|☆Harperyu|帶回玩不完雙打揮指
|
|t:|1779691970
|move|p1a: Mew|Metronome|p1a: Mew
|move|p1a: Mew|Reflect Type|p2a: Snorlax|[from] move: Metronome
|-start|p1a: Mew|typechange|[from] move: Reflect Type|[of] p2a: Snorlax
|-activate|p2a: Snorlax|confusion
|-damage|p2a: Snorlax|80/100|[from] confusion
|
|-heal|p1a: Mew|55/100|[from] item: Leftovers
|-heal|p2a: Snorlax|86/100|[from] item: Leftovers
|upkeep
|-start|p1a: Mew|typechange|Normal|[silent]
|turn|14
|
|t:|1779691981
|move|p1a: Mew|Metronome|p1a: Mew
|move|p1a: Mew|Roar|p2a: Snorlax|[from] move: Metronome
|drag|p2a: Mew|Mew|100/100
|-damage|p2a: Mew|88/100|[from] Spikes
|
|-heal|p1a: Mew|61/100|[from] item: Leftovers
|-heal|p2a: Mew|94/100|[from] item: Leftovers
|upkeep
|turn|15
|
|t:|1779691989
|move|p1a: Mew|Metronome|p1a: Mew
|move|p1a: Mew|Aqua Step|p2a: Mew|[from] move: Metronome
|-damage|p2a: Mew|77/100
|-boost|p1a: Mew|spe|1
|move|p2a: Mew|Metronome|p2a: Mew
|move|p2a: Mew|Misty Terrain|p2a: Mew|[from] move: Metronome
|-fieldstart|move: Misty Terrain
|
|-heal|p1a: Mew|67/100|[from] item: Leftovers
|-heal|p2a: Mew|83/100|[from] item: Leftovers
|upkeep
|turn|16
|c|☆liamgay|可以a
|
|t:|1779692000
|move|p1a: Mew|Metronome|p1a: Mew
|move|p1a: Mew|Focus Blast|p2a: Mew|[from] move: Metronome
|-resisted|p2a: Mew
|-damage|p2a: Mew|74/100
|move|p2a: Mew|Metronome|p2a: Mew
|move|p2a: Mew|Cross Chop|p1a: Mew|[from] move: Metronome
|-supereffective|p1a: Mew
|-damage|p1a: Mew|25/100
|
|-heal|p1a: Mew|31/100|[from] item: Leftovers
|-heal|p2a: Mew|80/100|[from] item: Leftovers
|upkeep
|turn|17
|
|t:|1779692010
|move|p1a: Mew|Metronome|p1a: Mew
|move|p1a: Mew|Play Rough|p2a: Mew|[from] move: Metronome
|-damage|p2a: Mew|62/100
|move|p2a: Mew|Metronome|p2a: Mew
|move|p2a: Mew|Icy Wind|p1a: Mew|[from] move: Metronome
|-damage|p1a: Mew|19/100
|-unboost|p1a: Mew|spe|1
|
|-heal|p1a: Mew|25/100|[from] item: Leftovers
|-heal|p2a: Mew|68/100|[from] item: Leftovers
|upkeep
|turn|18
|
|t:|1779692020
|move|p1a: Mew|Metronome|p1a: Mew
|move|p1a: Mew|Flying Press|p2a: Mew|[from] move: Metronome
|-resisted|p2a: Mew
|-damage|p2a: Mew|58/100
|move|p2a: Mew|Metronome|p2a: Mew
|move|p2a: Mew|Psychic Noise|p1a: Mew|[from] move: Metronome
|-damage|p1a: Mew|0 fnt
|faint|p1a: Mew
|
|-heal|p2a: Mew|64/100|[from] item: Leftovers
|upkeep
|
|t:|1779692037
|switch|p1a: Grimmsnarl|Grimmsnarl, M|100/100
|turn|19
|
|t:|1779692042
|move|p1a: Grimmsnarl|Metronome|p1a: Grimmsnarl
|move|p1a: Grimmsnarl|Sucker Punch||[from] move: Metronome|[still]
|-fail|p1a: Grimmsnarl
|move|p2a: Mew|Metronome|p2a: Mew
|move|p2a: Mew|Minimize|p2a: Mew|[from] move: Metronome
|-boost|p2a: Mew|evasion|2
|
|-heal|p2a: Mew|70/100|[from] item: Leftovers
|-fieldend|Misty Terrain
|upkeep
|turn|20
|
|t:|1779692050
|move|p1a: Grimmsnarl|Metronome|p1a: Grimmsnarl
|move|p1a: Grimmsnarl|Acid Spray|p2a: Mew|[from] move: Metronome|[miss]
|-miss|p1a: Grimmsnarl|p2a: Mew
|move|p2a: Mew|Metronome|p2a: Mew
|move|p2a: Mew|Drill Peck|p1a: Grimmsnarl|[from] move: Metronome
|-damage|p1a: Grimmsnarl|69/100
|-damage|p2a: Mew|53/100|[from] item: Rocky Helmet|[of] p1a: Grimmsnarl
|
|-heal|p2a: Mew|59/100|[from] item: Leftovers
|upkeep
|turn|21
|c|☆liamgay|哦？变小？
|c|☆Harperyu|壞
|
|t:|1779692061
|move|p1a: Grimmsnarl|Metronome|p1a: Grimmsnarl
|move|p1a: Grimmsnarl|First Impression||[from] move: Metronome|[still]
|-hint|First Impression only works on your first turn out.
|-fail|p1a: Grimmsnarl
|move|p2a: Mew|Metronome|p2a: Mew
|move|p2a: Mew|Thunder Shock|p1a: Grimmsnarl|[from] move: Metronome
|-damage|p1a: Grimmsnarl|56/100
|
|-heal|p2a: Mew|65/100|[from] item: Leftovers
|upkeep
|turn|22
|c|☆Harperyu|不是，都抽先制技能
|
|t:|1779692088
|move|p1a: Grimmsnarl|Metronome|p1a: Grimmsnarl
|move|p1a: Grimmsnarl|Happy Hour|p1a: Grimmsnarl|[from] move: Metronome
|move|p2a: Mew|Metronome|p2a: Mew
|move|p2a: Mew|Petal Blizzard|p1a: Grimmsnarl|[from] move: Metronome
|-damage|p1a: Grimmsnarl|21/100
|
|-heal|p2a: Mew|71/100|[from] item: Leftovers
|upkeep
|turn|23
|
|t:|1779692096
|move|p1a: Grimmsnarl|Metronome|p1a: Grimmsnarl
|move|p1a: Grimmsnarl|Bounce||[from] move: Metronome|[still]
|-prepare|p1a: Grimmsnarl|Bounce
|move|p2a: Mew|Metronome|p2a: Mew
|move|p2a: Mew|Mist Ball|p1a: Grimmsnarl|[from] move: Metronome|[miss]
|-miss|p2a: Mew|p1a: Grimmsnarl
|
|-heal|p2a: Mew|78/100|[from] item: Leftovers
|upkeep
|turn|24
|
|t:|1779692104
|move|p2a: Mew|Metronome|p2a: Mew
|move|p2a: Mew|Water Pulse|p1a: Grimmsnarl|[from] move: Metronome|[miss]
|-miss|p2a: Mew|p1a: Grimmsnarl
|move|p1a: Grimmsnarl|Bounce|p2a: Mew|[from] lockedmove
|-damage|p2a: Mew|54/100
|
|-heal|p2a: Mew|60/100|[from] item: Leftovers
|upkeep
|turn|25
|
|t:|1779692111
|move|p1a: Grimmsnarl|Metronome|p1a: Grimmsnarl
|move|p1a: Grimmsnarl|Attract|p2a: Mew|[from] move: Metronome
|-immune|p2a: Mew
|move|p2a: Mew|Metronome|p2a: Mew
|move|p2a: Mew|Bounce||[from] move: Metronome|[still]
|-prepare|p2a: Mew|Bounce
|
|-heal|p2a: Mew|66/100|[from] item: Leftovers
|upkeep
|turn|26
|
|t:|1779692118
|move|p1a: Grimmsnarl|Metronome|p1a: Grimmsnarl
|move|p1a: Grimmsnarl|Aqua Tail|p2a: Mew|[from] move: Metronome|[miss]
|-miss|p1a: Grimmsnarl|p2a: Mew
|move|p2a: Mew|Bounce|p1a: Grimmsnarl|[from] lockedmove
|-damage|p1a: Grimmsnarl|0 fnt
|-damage|p2a: Mew|49/100|[from] item: Rocky Helmet|[of] p1a: Grimmsnarl
|faint|p1a: Grimmsnarl
|
|-heal|p2a: Mew|55/100|[from] item: Leftovers
|upkeep
|
|t:|1779692128
|switch|p1a: Tornadus|Tornadus, M|100/100
|turn|27
|c|☆liamgay|我是运气王
|
|t:|1779692136
|move|p1a: Tornadus|Metronome|p1a: Tornadus
|move|p1a: Tornadus|Disarming Voice|p2a: Mew|[from] move: Metronome
|-damage|p2a: Mew|44/100
|move|p2a: Mew|Metronome|p2a: Mew
|move|p2a: Mew|Brutal Swing|p1a: Tornadus|[from] move: Metronome
|-crit|p1a: Tornadus
|-damage|p1a: Tornadus|67/100
|-enditem|p1a: Tornadus|Eject Button
|
|t:|1779692145
|switch|p1a: Snorlax|Snorlax, F|100/100
|
|-heal|p2a: Mew|50/100|[from] item: Leftovers
|upkeep
|turn|28
|
|t:|1779692151
|move|p2a: Mew|Metronome|p2a: Mew
|move|p2a: Mew|No Retreat|p2a: Mew|[from] move: Metronome
|-boost|p2a: Mew|atk|1
|-boost|p2a: Mew|def|1
|-boost|p2a: Mew|spa|1
|-boost|p2a: Mew|spd|1
|-boost|p2a: Mew|spe|1
|-start|p2a: Mew|move: No Retreat
|move|p1a: Snorlax|Metronome|p1a: Snorlax
|move|p1a: Snorlax|Lick|p2a: Mew|[from] move: Metronome
|-supereffective|p2a: Mew
|-damage|p2a: Mew|40/100
|-status|p2a: Mew|par
|-activate|p2a: Mew|ability: Synchronize
|-status|p1a: Snorlax|par
|
|-heal|p2a: Mew|46/100 par|[from] item: Leftovers
|upkeep
|turn|29
|c|☆liamgay|wow
|
|t:|1779692165
|move|p2a: Mew|Metronome|p2a: Mew
|move|p2a: Mew|Pound|p1a: Snorlax|[from] move: Metronome
|-damage|p1a: Snorlax|86/100 par
|move|p1a: Snorlax|Metronome|p1a: Snorlax
|move|p1a: Snorlax|Super Fang|p2a: Mew|[from] move: Metronome
|-damage|p2a: Mew|23/100 par
|
|-heal|p2a: Mew|29/100 par|[from] item: Leftovers
|-heal|p1a: Snorlax|92/100 par|[from] item: Leftovers
|upkeep
|turn|30
|
|t:|1779692173
|move|p2a: Mew|Metronome|p2a: Mew
|move|p2a: Mew|Psystrike|p1a: Snorlax|[from] move: Metronome
|-damage|p1a: Snorlax|40/100 par
|move|p1a: Snorlax|Metronome|p1a: Snorlax
|move|p1a: Snorlax|Chloroblast|p2a: Mew|[from] move: Metronome|[miss]
|-miss|p1a: Snorlax|p2a: Mew
|
|-heal|p2a: Mew|35/100 par|[from] item: Leftovers
|-heal|p1a: Snorlax|46/100 par|[from] item: Leftovers
|upkeep
|turn|31
|c|☆Harperyu|超梦都来了
|
|t:|1779692187
|move|p2a: Mew|Metronome|p2a: Mew
|move|p2a: Mew|Eerie Spell|p1a: Snorlax|[from] move: Metronome
|-damage|p1a: Snorlax|21/100 par
|-activate|p1a: Snorlax|move: Eerie Spell|Metronome|3
|move|p1a: Snorlax|Metronome|p1a: Snorlax
|move|p1a: Snorlax|Thrash|p2a: Mew|[from] move: Metronome
|-damage|p2a: Mew|0 fnt
|faint|p2a: Mew
|
|-heal|p1a: Snorlax|27/100 par|[from] item: Leftovers
|upkeep
|
|t:|1779692200
|switch|p2a: Tornadus|Tornadus, M|100/100
|turn|32
|
|t:|1779692203
|move|p2a: Tornadus|Metronome|p2a: Tornadus
|move|p2a: Tornadus|Giga Impact|p1a: Snorlax|[from] move: Metronome
|-damage|p1a: Snorlax|0 fnt
|-mustrecharge|p2a: Tornadus
|faint|p1a: Snorlax
|
|upkeep
|
|t:|1779692209
|switch|p1a: Tornadus|Tornadus, M|67/100
|turn|33
|
|t:|1779692211
|move|p1a: Tornadus|Metronome|p1a: Tornadus
|move|p1a: Tornadus|Moonlight|p1a: Tornadus|[from] move: Metronome
|-heal|p1a: Tornadus|100/100
|cant|p2a: Tornadus|recharge
|
|upkeep
|turn|34
|
|t:|1779692217
|move|p1a: Tornadus|Metronome|p1a: Tornadus
|move|p1a: Tornadus|No Retreat|p1a: Tornadus|[from] move: Metronome
|-boost|p1a: Tornadus|atk|1
|-boost|p1a: Tornadus|def|1
|-boost|p1a: Tornadus|spa|1
|-boost|p1a: Tornadus|spd|1
|-boost|p1a: Tornadus|spe|1
|-start|p1a: Tornadus|move: No Retreat
|move|p2a: Tornadus|Metronome|p2a: Tornadus
|move|p2a: Tornadus|Sucker Punch||[from] move: Metronome|[still]
|-fail|p2a: Tornadus
|
|upkeep
|turn|35
|c|☆liamgay|wok 攻守转换了
|
|t:|1779692233
|move|p1a: Tornadus|Metronome|p1a: Tornadus
|move|p1a: Tornadus|Jaw Lock|p2a: Tornadus|[from] move: Metronome
|-crit|p2a: Tornadus
|-damage|p2a: Tornadus|16/100
|-activate|p1a: Tornadus|trapped
|-activate|p2a: Tornadus|trapped
|-enditem|p2a: Tornadus|Eject Button
|
|t:|1779692241
|switch|p2a: Snorlax|Snorlax, F|86/100
|-damage|p2a: Snorlax|74/100|[from] Spikes
|
|-heal|p2a: Snorlax|80/100|[from] item: Leftovers
|upkeep
|turn|36
|
|t:|1779692247
|move|p1a: Tornadus|Metronome|p1a: Tornadus
|move|p1a: Tornadus|Eerie Spell|p2a: Snorlax|[from] move: Metronome
|-damage|p2a: Snorlax|56/100
|move|p2a: Snorlax|Metronome|p2a: Snorlax
|move|p2a: Snorlax|Close Combat|p1a: Tornadus|[from] move: Metronome
|-resisted|p1a: Tornadus
|-damage|p1a: Tornadus|81/100
|-unboost|p2a: Snorlax|def|1
|-unboost|p2a: Snorlax|spd|1
|
|-heal|p2a: Snorlax|63/100|[from] item: Leftovers
|upkeep
|turn|37
|
|t:|1779692259
|switch|p2a: Tornadus|Tornadus, M|16/100
|move|p1a: Tornadus|Metronome|p1a: Tornadus
|move|p1a: Tornadus|Poison Powder|p2a: Tornadus|[from] move: Metronome|[miss]
|-miss|p1a: Tornadus|p2a: Tornadus
|
|upkeep
|turn|38
|
|t:|1779692265
|move|p1a: Tornadus|Metronome|p1a: Tornadus
|move|p1a: Tornadus|Chloroblast|p2a: Tornadus|[from] move: Metronome
|-resisted|p2a: Tornadus
|-damage|p2a: Tornadus|0 fnt
|faint|p2a: Tornadus
|-damage|p1a: Tornadus|31/100|[from] Recoil
|
|upkeep
|
|t:|1779692269
|switch|p2a: Snorlax|Snorlax, F|63/100
|-damage|p2a: Snorlax|50/100|[from] Spikes
|turn|39
|
|t:|1779692275
|move|p1a: Tornadus|Metronome|p1a: Tornadus
|move|p1a: Tornadus|Blaze Kick|p2a: Snorlax|[from] move: Metronome
|-damage|p2a: Snorlax|31/100
|move|p2a: Snorlax|Metronome|p2a: Snorlax
|move|p2a: Snorlax|Headbutt|p1a: Tornadus|[from] move: Metronome
|-damage|p1a: Tornadus|0 fnt
|faint|p1a: Tornadus
|
|-heal|p2a: Snorlax|37/100|[from] item: Leftovers
|upkeep
|
|t:|1779692284
|switch|p1a: Iron Valiant|Iron Valiant|100/100
|turn|40
|
|t:|1779692288
|-terastallize|p1a: Iron Valiant|Stellar
|move|p1a: Iron Valiant|Metronome|p1a: Iron Valiant
|move|p1a: Iron Valiant|Sand Attack|p2a: Snorlax|[from] move: Metronome
|-unboost|p2a: Snorlax|accuracy|1
|move|p2a: Snorlax|Metronome|p2a: Snorlax
|move|p2a: Snorlax|Tail Slap|p1a: Iron Valiant|[from] move: Metronome
|-damage|p1a: Iron Valiant|84/100
|-damage|p1a: Iron Valiant|68/100
|-hitcount|p1a: Iron Valiant|2
|
|-heal|p2a: Snorlax|43/100|[from] item: Leftovers
|upkeep
|turn|41
|
|t:|1779692299
|move|p1a: Iron Valiant|Metronome|p1a: Iron Valiant
|move|p1a: Iron Valiant|Wish|p1a: Iron Valiant|[from] move: Metronome
|move|p2a: Snorlax|Metronome|p2a: Snorlax
|move|p2a: Snorlax|Wood Hammer|p1a: Iron Valiant|[from] move: Metronome|[miss]
|-miss|p2a: Snorlax|p1a: Iron Valiant
|
|-heal|p2a: Snorlax|49/100|[from] item: Leftovers
|upkeep
|turn|42
|
|t:|1779692306
|move|p1a: Iron Valiant|Metronome|p1a: Iron Valiant
|move|p1a: Iron Valiant|Wild Charge|p2a: Snorlax|[from] move: Metronome
|-damage|p2a: Snorlax|17/100
|-damage|p1a: Iron Valiant|53/100|[from] Recoil
|move|p2a: Snorlax|Metronome|p2a: Snorlax
|move|p2a: Snorlax|Sand Attack|p1a: Iron Valiant|[from] move: Metronome
|-unboost|p1a: Iron Valiant|accuracy|1
|
|-heal|p1a: Iron Valiant|100/100|[from] move: Wish|[wisher] Iron Valiant
|-heal|p2a: Snorlax|23/100|[from] item: Leftovers
|upkeep
|turn|43
|
|t:|1779692318
|move|p1a: Iron Valiant|Metronome|p1a: Iron Valiant
|move|p1a: Iron Valiant|Cross Chop|p2a: Snorlax|[from] move: Metronome|[miss]
|-miss|p1a: Iron Valiant|p2a: Snorlax
|move|p2a: Snorlax|Metronome|p2a: Snorlax
|move|p2a: Snorlax|Esper Wing|p1a: Iron Valiant|[from] move: Metronome
|-supereffective|p1a: Iron Valiant
|-damage|p1a: Iron Valiant|66/100
|-boost|p2a: Snorlax|spe|1
|-enditem|p1a: Iron Valiant|Weakness Policy
|-boost|p1a: Iron Valiant|atk|2|[from] item: Weakness Policy
|-boost|p1a: Iron Valiant|spa|2|[from] item: Weakness Policy
|
|-heal|p2a: Snorlax|29/100|[from] item: Leftovers
|upkeep
|turn|44
|
|t:|1779692330
|move|p1a: Iron Valiant|Metronome|p1a: Iron Valiant
|move|p1a: Iron Valiant|Coaching|null|[from] move: Metronome|[notarget]
|-fail|p1a: Iron Valiant
|move|p2a: Snorlax|Metronome|p2a: Snorlax
|move|p2a: Snorlax|Close Combat|p1a: Iron Valiant|[from] move: Metronome
|-resisted|p1a: Iron Valiant
|-damage|p1a: Iron Valiant|41/100
|-unboost|p2a: Snorlax|def|1
|-unboost|p2a: Snorlax|spd|1
|
|-heal|p2a: Snorlax|35/100|[from] item: Leftovers
|upkeep
|turn|45
|
|t:|1779692340
|move|p1a: Iron Valiant|Metronome|p1a: Iron Valiant
|move|p1a: Iron Valiant|Hyper Voice|p2a: Snorlax|[from] move: Metronome
|-damage|p2a: Snorlax|0 fnt
|faint|p2a: Snorlax
|
|upkeep
|
|t:|1779692345
|switch|p2a: Iron Valiant|Iron Valiant|100/100
|-damage|p2a: Iron Valiant|88/100|[from] Spikes
|turn|46
|
|t:|1779692349
|move|p1a: Iron Valiant|Metronome|p1a: Iron Valiant
|move|p1a: Iron Valiant|Mist Ball|p2a: Iron Valiant|[from] move: Metronome
|-supereffective|p2a: Iron Valiant
|-damage|p2a: Iron Valiant|0 fnt
|faint|p2a: Iron Valiant
|-end|p2a: Iron Valiant|Quark Drive|[silent]
|
|upkeep
|
|t:|1779692352
|switch|p2a: Gengar|Gengar, F|100/100
|-damage|p2a: Gengar|88/100|[from] Spikes
|turn|47
|
|t:|1779692358
|-terastallize|p2a: Gengar|Ghost
|move|p2a: Gengar|Metronome|p2a: Gengar
|move|p2a: Gengar|Giga Impact|p1a: Iron Valiant|[from] move: Metronome
|-damage|p1a: Iron Valiant|11/100
|-mustrecharge|p2a: Gengar
|move|p1a: Iron Valiant|Metronome|p1a: Iron Valiant
|move|p1a: Iron Valiant|Fusion Flare|p2a: Gengar|[from] move: Metronome|[miss]
|-miss|p1a: Iron Valiant|p2a: Gengar
|
|upkeep
|turn|48
|
|t:|1779692366
|cant|p2a: Gengar|recharge
|move|p1a: Iron Valiant|Metronome|p1a: Iron Valiant
|move|p1a: Iron Valiant|Confusion|p2a: Gengar|[from] move: Metronome
|-damage|p2a: Gengar|43/100
|-start|p2a: Gengar|confusion
|-start|p1a: Iron Valiant|Disable|Metronome|[from] ability: Cursed Body|[of] p2a: Gengar
|
|upkeep
|turn|49
|
|t:|1779692375
|-activate|p2a: Gengar|confusion
|-damage|p2a: Gengar|31/100|[from] confusion
|-activate|p1a: Iron Valiant|move: Struggle
|move|p1a: Iron Valiant|Struggle|p2a: Gengar
|-damage|p2a: Gengar|0 fnt
|faint|p2a: Gengar
|-damage|p1a: Iron Valiant|0 fnt|[from] recoil
|faint|p1a: Iron Valiant
|-end|p1a: Iron Valiant|Quark Drive|[silent]
|
|win|Harperyu
|c|☆liamgay|buuuuu
|c|☆liamgay|可惜了
|c|☆liamgay|被穿了
|l|☆liamgay
|player|p2|
|c|☆Harperyu|严格说是平局
