|j|☆jessies boyfriend
|j|☆trump chicken
|t:|1779718759
|gametype|singles
|player|p1|jessies boyfriend|brock|1325
|player|p2|trump chicken|265|1310
|gen|9
|tier|[Gen 9] OU
|rated|
|rule|HP Percentage Mod: HP is shown in percentages
|rule|Endless Battle Clause: Forcing endless battles is banned
|rule|Species Clause: Limit one of each Pokémon
|rule|OHKO Clause: OHKO moves are banned
|rule|Evasion Items Clause: Evasion items are banned
|rule|Evasion Moves Clause: Evasion moves are banned
|rule|Evasion Abilities Clause: Evasion abilities are banned
|rule|Sleep Moves Clause: Sleep-inducing moves are banned
|clearpoke
|poke|p1|Houndstone, F|
|poke|p1|Gholdengo|
|poke|p1|Incineroar, F|
|poke|p1|Glimmora, F|
|poke|p1|Forretress, F|
|poke|p1|Scrafty, M|
|poke|p2|Dragapult, F|
|poke|p2|Corviknight, F|
|poke|p2|Ogerpon, F|
|poke|p2|Iron Moth|
|poke|p2|Slowking-Galar, F|
|poke|p2|Ditto|
|teampreview
|inactive|Battle timer is ON: inactive players will automatically lose when time's up. (requested by jessies boyfriend)
|
|t:|1779718790
|teamsize|p1|6
|teamsize|p2|6
|start
|switch|p1a: Forretress|Forretress, F|100/100
|switch|p2a: Dragapult|Dragapult, F|100/100
|turn|1
|
|t:|1779718801
|move|p2a: Dragapult|U-turn|p1a: Forretress
|-resisted|p1a: Forretress
|-damage|p1a: Forretress|90/100
|
|t:|1779718804
|switch|p2a: Corviknight|Corviknight, F|100/100|[from] U-turn
|move|p1a: Forretress|Stealth Rock|p2a: Corviknight
|-sidestart|p2: trump chicken|move: Stealth Rock
|
|upkeep
|turn|2
|
|t:|1779718808
|switch|p1a: Gholdengo|Gholdengo|100/100
|move|p2a: Corviknight|Body Press|p1a: Gholdengo
|-immune|p1a: Gholdengo
|
|upkeep
|turn|3
|
|t:|1779718817
|move|p1a: Gholdengo|Hex|p2a: Corviknight
|-damage|p2a: Corviknight|72/100
|move|p2a: Corviknight|U-turn|p1a: Gholdengo
|-resisted|p1a: Gholdengo
|-damage|p1a: Gholdengo|98/100
|-enditem|p1a: Gholdengo|Red Card|[of] p2a: Corviknight
|drag|p2a: Dragapult|Dragapult, F|100/100
|-damage|p2a: Dragapult|88/100|[from] Stealth Rock
|
|upkeep
|turn|4
|
|t:|1779718835
|switch|p1a: Incineroar|Incineroar, F|100/100
|-ability|p1a: Incineroar|Intimidate|boost
|-unboost|p2a: Dragapult|atk|1
|move|p2a: Dragapult|U-turn|p1a: Incineroar
|-damage|p1a: Incineroar|73/100
|
|t:|1779718844
|switch|p2a: Iron Moth|Iron Moth|100/100|[from] U-turn
|-damage|p2a: Iron Moth|76/100|[from] Stealth Rock
|
|upkeep
|turn|5
|
|t:|1779718851
|move|p2a: Iron Moth|Meteor Beam||[still]
|-prepare|p2a: Iron Moth|Meteor Beam
|-boost|p2a: Iron Moth|spa|1
|-enditem|p2a: Iron Moth|Power Herb
|-anim|p2a: Iron Moth|Meteor Beam|p1a: Incineroar|[miss]
|-miss|p2a: Iron Moth|p1a: Incineroar
|move|p1a: Incineroar|Knock Off|p2a: Iron Moth
|-damage|p2a: Iron Moth|19/100
|
|upkeep
|turn|6
|
|t:|1779718862
|move|p2a: Iron Moth|Sludge Wave|p1a: Incineroar
|-damage|p1a: Incineroar|24/100
|move|p1a: Incineroar|Knock Off|p2a: Iron Moth
|-damage|p2a: Iron Moth|0 fnt
|faint|p2a: Iron Moth
|-end|p2a: Iron Moth|Quark Drive|[silent]
|
|upkeep
|
|t:|1779718866
|switch|p2a: Corviknight|Corviknight, F|72/100
|-damage|p2a: Corviknight|60/100|[from] Stealth Rock
|turn|7
|
|t:|1779718869
|switch|p1a: Gholdengo|Gholdengo|98/100
|move|p2a: Corviknight|U-turn|p1a: Gholdengo
|-resisted|p1a: Gholdengo
|-damage|p1a: Gholdengo|96/100
|
|t:|1779718876
|switch|p2a: Ditto|Ditto|100/100|[from] U-turn
|-damage|p2a: Ditto|88/100|[from] Stealth Rock
|-transform|p2a: Ditto|p1a: Gholdengo|[from] ability: Imposter
|
|upkeep
|turn|8
|
|t:|1779718883
|switch|p1a: Scrafty|Scrafty, M, shiny|100/100
|-ability|p1a: Scrafty|Intimidate|boost
|-unboost|p2a: Ditto|atk|1
|move|p2a: Ditto|Hex|p1a: Scrafty
|-resisted|p1a: Scrafty
|-damage|p1a: Scrafty|92/100
|
|upkeep
|turn|9
|
|t:|1779718892
|switch|p2a: Slowking|Slowking-Galar, F|100/100
|-damage|p2a: Slowking|88/100|[from] Stealth Rock
|move|p1a: Scrafty|Knock Off|p2a: Slowking
|-supereffective|p2a: Slowking
|-damage|p2a: Slowking|16/100
|-enditem|p2a: Slowking|Sitrus Berry|[from] move: Knock Off|[of] p1a: Scrafty
|
|upkeep
|turn|10
|
|t:|1779718895
|move|p1a: Scrafty|Knock Off|p2a: Slowking
|-supereffective|p2a: Slowking
|-damage|p2a: Slowking|0 fnt
|faint|p2a: Slowking
|
|upkeep
|
|t:|1779718898
|switch|p2a: Ogerpon|Ogerpon, F|100/100
|-damage|p2a: Ogerpon|88/100|[from] Stealth Rock
|turn|11
|
|t:|1779718906
|-terastallize|p2a: Ogerpon|Grass
|detailschange|p2a: Ogerpon|Ogerpon-Teal-Tera, F, tera:Grass
|-ability|p2a: Ogerpon|Embody Aspect (Teal)|boost
|-boost|p2a: Ogerpon|spe|1
|-terastallize|p1a: Scrafty|Poison
|move|p2a: Ogerpon|Ivy Cudgel|p1a: Scrafty
|-resisted|p1a: Scrafty
|-damage|p1a: Scrafty|52/100
|move|p1a: Scrafty|Poison Jab|p2a: Ogerpon
|-supereffective|p2a: Ogerpon
|-damage|p2a: Ogerpon|14/100
|
|upkeep
|turn|12
|-message|trump chicken forfeited.
|
|win|jessies boyfriend
|raw|jessies boyfriend's rating: 1325 &rarr; <strong>1344</strong><br />(+19 for winning)
|raw|trump chicken's rating: 1310 &rarr; <strong>1291</strong><br />(-19 for losing)
|l|☆trump chicken
|player|p2|
|l|☆jessies boyfriend
|player|p1|
