|j|☆diddlediddle
|j|☆Miku185
|t:|1779626568
|gametype|singles
|player|p1|diddlediddle|swimmerf|1382
|player|p2|Miku185|2|1413
|gen|9
|tier|[Gen 9] OU
|rated|
|rule|HP Percentage Mod: HP is shown in percentages
|rule|Endless Battle Clause: Forcing endless battles is banned
|rule|Species Clause: Limit one of each Pokémon
|rule|OHKO Clause: OHKO moves are banned
|rule|Evasion Items Clause: Evasion items are banned
|rule|Evasion Moves Clause: Evasion moves are banned
|rule|Evasion Abilities Clause: Evasion abilities are banned
|rule|Sleep Moves Clause: Sleep-inducing moves are banned
|clearpoke
|poke|p1|Cacturne, M|
|poke|p1|Sandy Shocks|
|poke|p1|Jirachi|
|poke|p1|Zoroark-Hisui, F|
|poke|p1|Heatran, M|
|poke|p1|Maushold-Four|
|poke|p2|Great Tusk|
|poke|p2|Iron Moth|
|poke|p2|Enamorus, F|
|poke|p2|Gholdengo|
|poke|p2|Primarina, F|
|poke|p2|Landorus-Therian, M|
|teampreview
|inactive|Battle timer is ON: inactive players will automatically lose when time's up. (requested by diddlediddle)
|
|t:|1779626582
|teamsize|p1|6
|teamsize|p2|6
|start
|switch|p1a: Cacturne|Cacturne, M|100/100
|switch|p2a: Landorus|Landorus-Therian, M|100/100
|-ability|p2a: Landorus|Intimidate|boost
|-unboost|p1a: Cacturne|atk|1
|turn|1
|
|t:|1779626590
|move|p2a: Landorus|U-turn|p1a: Cacturne
|-supereffective|p1a: Cacturne
|-enditem|p1a: Cacturne|Focus Sash
|-damage|p1a: Cacturne|1/100
|
|t:|1779626595
|switch|p2a: Enamorus|Enamorus, F|100/100|[from] U-turn
|move|p1a: Cacturne|Counter|p2a: Enamorus
|-damage|p2a: Enamorus|0 fnt
|faint|p2a: Enamorus
|
|upkeep
|
|t:|1779626610
|switch|p2a: Landorus|Landorus-Therian, M|100/100
|-ability|p2a: Landorus|Intimidate|boost
|-unboost|p1a: Cacturne|atk|1
|turn|2
|
|t:|1779626617
|move|p1a: Cacturne|Sucker Punch|p2a: Landorus
|-damage|p2a: Landorus|82/100
|move|p2a: Landorus|U-turn|p1a: Cacturne
|-supereffective|p1a: Cacturne
|-damage|p1a: Cacturne|0 fnt
|faint|p1a: Cacturne
|
|t:|1779626623
|switch|p2a: Primarina|Primarina, F|100/100|[from] U-turn
|
|upkeep
|inactive|diddlediddle has 120 seconds left.
|
|t:|1779626681
|switch|p1a: Maushold|Maushold-Four|100/100
|turn|3
|
|t:|1779626693
|switch|p2a: Great Tusk|Great Tusk|100/100
|move|p1a: Maushold|Tidy Up|p1a: Maushold
|-boost|p1a: Maushold|atk|1
|-boost|p1a: Maushold|spe|1
|
|upkeep
|turn|4
|
|t:|1779626702
|-terastallize|p1a: Maushold|Ghost
|move|p1a: Maushold|Population Bomb|p2a: Great Tusk
|-damage|p2a: Great Tusk|91/100
|-damage|p2a: Great Tusk|80/100
|-damage|p2a: Great Tusk|70/100
|-damage|p2a: Great Tusk|60/100
|-damage|p2a: Great Tusk|50/100
|-damage|p2a: Great Tusk|39/100
|-damage|p2a: Great Tusk|28/100
|-hitcount|p2a: Great Tusk|7
|move|p2a: Great Tusk|Earthquake|p1a: Maushold
|-damage|p1a: Maushold|29/100
|
|-heal|p2a: Great Tusk|34/100|[from] item: Leftovers
|upkeep
|turn|5
|inactive|diddlediddle has 120 seconds left.
|
|t:|1779626722
|-end|p2a: Great Tusk|Protosynthesis|[silent]
|switch|p2a: Landorus|Landorus-Therian, M|82/100
|-ability|p2a: Landorus|Intimidate|boost
|-unboost|p1a: Maushold|atk|1
|move|p1a: Maushold|Population Bomb|p2a: Landorus
|-damage|p2a: Landorus|71/100
|-damage|p2a: Landorus|60/100
|-damage|p2a: Landorus|48/100
|-damage|p2a: Landorus|36/100
|-damage|p2a: Landorus|26/100
|-damage|p2a: Landorus|14/100
|-damage|p2a: Landorus|3/100
|-damage|p2a: Landorus|0 fnt
|faint|p2a: Landorus
|-hitcount|p2: Landorus|8
|
|upkeep
|
|t:|1779626727
|switch|p2a: Gholdengo|Gholdengo|100/100
|-item|p2a: Gholdengo|Air Balloon
|turn|6
|
|t:|1779626733
|move|p1a: Maushold|Bite|p2a: Gholdengo
|-supereffective|p2a: Gholdengo
|-damage|p2a: Gholdengo|67/100
|-enditem|p2a: Gholdengo|Air Balloon
|move|p2a: Gholdengo|Dazzling Gleam|p1a: Maushold
|-damage|p1a: Maushold|0 fnt
|faint|p1a: Maushold
|
|upkeep
|
|t:|1779626744
|switch|p1a: Sandy Shocks|Sandy Shocks|100/100
|-enditem|p1a: Sandy Shocks|Booster Energy
|-activate|p1a: Sandy Shocks|ability: Protosynthesis|[fromitem]
|-start|p1a: Sandy Shocks|protosynthesisspe
|turn|7
|
|t:|1779626752
|move|p1a: Sandy Shocks|Earth Power|p2a: Gholdengo
|-supereffective|p2a: Gholdengo
|-crit|p2a: Gholdengo
|-damage|p2a: Gholdengo|0 fnt
|faint|p2a: Gholdengo
|
|upkeep
|
|t:|1779626756
|switch|p2a: Primarina|Primarina, F|100/100
|turn|8
|
|t:|1779626760
|move|p2a: Primarina|Surf|p1a: Sandy Shocks
|-supereffective|p1a: Sandy Shocks
|-damage|p1a: Sandy Shocks|0 fnt
|faint|p1a: Sandy Shocks
|-end|p1a: Sandy Shocks|Protosynthesis|[silent]
|
|upkeep
|
|t:|1779626766
|switch|p1a: Live by the flinch|Jirachi|100/100
|turn|9
|
|t:|1779626772
|move|p1a: Live by the flinch|Iron Head|p2a: Primarina
|-damage|p2a: Primarina|58/100
|cant|p2a: Primarina|flinch
|
|upkeep
|turn|10
|
|t:|1779626776
|switch|p2a: Great Tusk|Great Tusk|34/100
|move|p1a: Live by the flinch|Iron Head|p2a: Great Tusk
|-damage|p2a: Great Tusk|10/100
|
|-heal|p2a: Great Tusk|17/100|[from] item: Leftovers
|upkeep
|turn|11
|
|t:|1779626784
|move|p1a: Live by the flinch|Iron Head|p2a: Great Tusk
|-damage|p2a: Great Tusk|0 fnt
|faint|p2a: Great Tusk
|-end|p2a: Great Tusk|Protosynthesis|[silent]
|
|upkeep
|
|t:|1779626787
|switch|p2a: Iron Moth|Iron Moth|100/100
|-enditem|p2a: Iron Moth|Booster Energy
|-activate|p2a: Iron Moth|ability: Quark Drive|[fromitem]
|-start|p2a: Iron Moth|quarkdrivespa
|turn|12
|
|t:|1779626791
|move|p1a: Live by the flinch|Iron Head|p2a: Iron Moth
|-resisted|p2a: Iron Moth
|-damage|p2a: Iron Moth|73/100
|move|p2a: Iron Moth|Agility|p2a: Iron Moth
|-boost|p2a: Iron Moth|spe|2
|
|upkeep
|turn|13
|
|t:|1779626795
|move|p2a: Iron Moth|Fiery Dance|p1a: Live by the flinch
|-supereffective|p1a: Live by the flinch
|-damage|p1a: Live by the flinch|0 fnt
|-boost|p2a: Iron Moth|spa|1
|faint|p1a: Live by the flinch
|
|upkeep
|
|t:|1779626797
|switch|p1a: Heatran|Heatran, M|100/100
|turn|14
|
|t:|1779626803
|move|p2a: Iron Moth|Fiery Dance|p1a: Heatran
|-start|p1a: Heatran|ability: Flash Fire
|move|p1a: Heatran|Earth Power|p2a: Iron Moth
|-supereffective|p2a: Iron Moth
|-damage|p2a: Iron Moth|0 fnt
|faint|p2a: Iron Moth
|-end|p2a: Iron Moth|Quark Drive|[silent]
|
|upkeep
|
|t:|1779626806
|switch|p2a: Primarina|Primarina, F|58/100
|turn|15
|
|t:|1779626815
|-end|p1a: Heatran|ability: Flash Fire|[silent]
|switch|p1a: Heatran|Heatran, M|100/100
|move|p2a: Primarina|Surf|p1a: Heatran
|-damage|p1a: Heatran|5/100
|replace|p1a: Zoroark|Zoroark-Hisui, F
|-end|p1a: Zoroark|Illusion
|
|upkeep
|turn|16
|
|t:|1779626824
|move|p1a: Zoroark|Hyper Voice|p2a: Primarina
|-damage|p2a: Primarina|18/100
|move|p2a: Primarina|Surf|p1a: Zoroark
|-damage|p1a: Zoroark|0 fnt
|faint|p1a: Zoroark
|
|upkeep
|
|t:|1779626831
|switch|p1a: Heatran|Heatran, M|100/100
|turn|17
|
|t:|1779626837
|move|p1a: Heatran|Flash Cannon|p2a: Primarina
|-damage|p2a: Primarina|0 fnt
|faint|p2a: Primarina
|
|win|diddlediddle
|raw|diddlediddle's rating: 1382 &rarr; <strong>1404</strong><br />(+22 for winning)
|raw|Miku185's rating: 1413 &rarr; <strong>1391</strong><br />(-22 for losing)
|l|☆Miku185
|player|p2|
|c|☆diddlediddle|GG
|l|☆diddlediddle
|player|p1|
