|j|☆AnonymousJon
|j|☆Hunter_of_Keys
|t:|1779652958
|gametype|singles
|player|p1|AnonymousJon|workerice|1624
|player|p2|Hunter_of_Keys|veteran|1616
|gen|9
|tier|[Gen 9] OU
|rated|
|rule|HP Percentage Mod: HP is shown in percentages
|rule|Endless Battle Clause: Forcing endless battles is banned
|rule|Species Clause: Limit one of each Pokémon
|rule|OHKO Clause: OHKO moves are banned
|rule|Evasion Items Clause: Evasion items are banned
|rule|Evasion Moves Clause: Evasion moves are banned
|rule|Evasion Abilities Clause: Evasion abilities are banned
|rule|Sleep Moves Clause: Sleep-inducing moves are banned
|clearpoke
|poke|p1|Great Tusk|
|poke|p1|Ogerpon-Cornerstone, F|
|poke|p1|Rillaboom, M|
|poke|p1|Tyranitar, F|
|poke|p1|Corviknight, M|
|poke|p1|Dragapult, F|
|poke|p2|Gallade, M|
|poke|p2|Armarouge, M|
|poke|p2|Indeedee, M|
|poke|p2|Cresselia, F|
|poke|p2|Rabsca, F|
|poke|p2|Braviary-Hisui, M|
|teampreview
|inactive|Battle timer is ON: inactive players will automatically lose when time's up. (requested by Hunter_of_Keys)
|inactive|AnonymousJon also wants the timer to be on.
|
|t:|1779652964
|teamsize|p1|6
|teamsize|p2|6
|start
|switch|p1a: Rillaboom|Rillaboom, M|100/100
|switch|p2a: Gallade|Gallade, M|100/100
|-fieldstart|move: Grassy Terrain|[from] ability: Grassy Surge|[of] p1a: Rillaboom
|turn|1
|
|t:|1779652971
|switch|p1a: Corviknight|Corviknight, M|100/100
|-ability|p1a: Corviknight|Pressure
|move|p2a: Gallade|Sacred Sword|p1a: Corviknight
|-damage|p1a: Corviknight|59/100
|-damage|p2a: Gallade|84/100|[from] item: Rocky Helmet|[of] p1a: Corviknight
|
|-heal|p2a: Gallade|90/100|[from] Grassy Terrain
|upkeep
|turn|2
|
|t:|1779652976
|move|p2a: Gallade|Sacred Sword|p1a: Corviknight
|-damage|p1a: Corviknight|19/100
|-damage|p2a: Gallade|74/100|[from] item: Rocky Helmet|[of] p1a: Corviknight
|move|p1a: Corviknight|U-turn|p2a: Gallade
|-damage|p2a: Gallade|50/100
|
|t:|1779652983
|switch|p1a: Rillaboom|Rillaboom, M|100/100|[from] U-turn
|
|-heal|p2a: Gallade|56/100|[from] Grassy Terrain
|upkeep
|turn|3
|
|t:|1779652985
|switch|p2a: Cresselia|Cresselia, F|100/100
|move|p1a: Rillaboom|Grassy Glide|p2a: Cresselia
|-damage|p2a: Cresselia|67/100
|-damage|p1a: Rillaboom|84/100|[from] item: Rocky Helmet|[of] p2a: Cresselia
|
|-heal|p1a: Rillaboom|90/100|[from] Grassy Terrain
|upkeep
|turn|4
|
|t:|1779652990
|switch|p1a: Tyranitar|Tyranitar, F|100/100
|-weather|Sandstorm|[from] ability: Sand Stream|[of] p1a: Tyranitar
|move|p2a: Cresselia|Thunder Wave|p1a: Tyranitar
|-status|p1a: Tyranitar|par
|
|-weather|Sandstorm|[upkeep]
|-damage|p2a: Cresselia|61/100|[from] Sandstorm
|upkeep
|turn|5
|
|t:|1779652993
|move|p2a: Cresselia|Lunar Dance|p2a: Cresselia
|faint|p2a: Cresselia
|move|p1a: Tyranitar|Stealth Rock|p2: Cresselia
|-sidestart|p2: Hunter_of_Keys|move: Stealth Rock
|
|-weather|Sandstorm|[upkeep]
|-fieldend|move: Grassy Terrain
|upkeep
|
|t:|1779653003
|switch|p2a: Armarouge|Armarouge, M|100/100
|-damage|p2a: Armarouge|75/100|[from] Stealth Rock
|turn|6
|
|t:|1779653006
|move|p2a: Armarouge|Destiny Bond|p2a: Armarouge
|-singlemove|p2a: Armarouge|Destiny Bond
|move|p1a: Tyranitar|Knock Off|p2a: Armarouge
|-supereffective|p2a: Armarouge
|-damage|p2a: Armarouge|0 fnt
|-enditem|p2a: Armarouge|Weakness Policy|[from] move: Knock Off|[of] p1a: Tyranitar
|faint|p2a: Armarouge
|-activate|p2a: Armarouge|move: Destiny Bond
|faint|p1a: Tyranitar
|
|-weather|Sandstorm|[upkeep]
|upkeep
|
|t:|1779653015
|switch|p2a: Braviary|Braviary-Hisui, M|100/100
|switch|p1a: Dragapult|Dragapult, F|100/100
|-damage|p2a: Braviary|75/100|[from] Stealth Rock
|turn|7
|
|t:|1779653020
|switch|p2a: Indeedee|Indeedee, M|100/100
|-damage|p2a: Indeedee|88/100|[from] Stealth Rock
|-fieldstart|move: Psychic Terrain|[from] ability: Psychic Surge|[of] p2a: Indeedee
|move|p1a: Dragapult|Hex|p2a: Indeedee
|-immune|p2a: Indeedee
|
|-weather|Sandstorm|[upkeep]
|-damage|p1a: Dragapult|94/100|[from] Sandstorm
|-damage|p2a: Indeedee|82/100|[from] Sandstorm
|-heal|p1a: Dragapult|100/100|[from] item: Leftovers
|upkeep
|turn|8
|
|t:|1779653030
|switch|p1a: Rillaboom|Rillaboom, M|90/100
|-fieldstart|move: Grassy Terrain|[from] ability: Grassy Surge|[of] p1a: Rillaboom
|switch|p2a: Braviary|Braviary-Hisui, M|75/100
|-heal|p2a: Braviary|100/100|[from] move: Lunar Dance
|-damage|p2a: Braviary|75/100|[from] Stealth Rock
|
|-weather|none
|-heal|p1a: Rillaboom|96/100|[from] Grassy Terrain
|upkeep
|turn|9
|
|t:|1779653035
|switch|p1a: Corviknight|Corviknight, M|19/100
|-ability|p1a: Corviknight|Pressure
|move|p2a: Braviary|Defog|p1a: Corviknight
|-unboost|p1a: Corviknight|evasion|1
|-sideend|p2: Hunter_of_Keys|Stealth Rock|[from] move: Defog|[of] p2a: Braviary
|-fieldend|move: Grassy Terrain
|
|upkeep
|turn|10
|
|t:|1779653038
|move|p1a: Corviknight|U-turn|p2a: Braviary
|-damage|p2a: Braviary|66/100
|
|t:|1779653046
|switch|p1a: Dragapult|Dragapult, F|100/100|[from] U-turn
|move|p2a: Braviary|Psychic Noise|p1a: Dragapult
|-crit|p1a: Dragapult
|-damage|p1a: Dragapult|39/100
|-start|p1a: Dragapult|move: Heal Block
|
|upkeep
|turn|11
|
|t:|1779653053
|move|p1a: Dragapult|Dragon Darts|p2a: Braviary
|-damage|p2a: Braviary|50/100
|-anim|p1a: Dragapult|Dragon Darts|p2a: Braviary
|-damage|p2a: Braviary|34/100
|move|p2a: Braviary|Psychic Noise|p1a: Dragapult
|-damage|p1a: Dragapult|0 fnt
|faint|p1a: Dragapult
|
|upkeep
|
|t:|1779653056
|switch|p1a: Ogerpon|Ogerpon-Cornerstone, F|100/100
|turn|12
|
|t:|1779653059
|move|p1a: Ogerpon|Ivy Cudgel|p2a: Braviary|[anim] Ivy Cudgel Rock
|-supereffective|p2a: Braviary
|-damage|p2a: Braviary|0 fnt
|faint|p2a: Braviary
|
|upkeep
|
|t:|1779653066
|switch|p2a: Rabsca|Rabsca, F|100/100
|turn|13
|
|t:|1779653070
|-terastallize|p2a: Rabsca|Water
|move|p1a: Ogerpon|Ivy Cudgel|p2a: Rabsca|[anim] Ivy Cudgel Rock
|-damage|p2a: Rabsca|52/100
|move|p2a: Rabsca|Speed Swap|p1a: Ogerpon
|-activate|p2a: Rabsca|move: Speed Swap|[of] p1a: Ogerpon
|
|upkeep
|turn|14
|
|t:|1779653078
|switch|p1a: Corviknight|Corviknight, M|19/100
|-ability|p1a: Corviknight|Pressure
|move|p2a: Rabsca|Revival Blessing|p2a: Rabsca
|-enditem|p2a: Rabsca|Leppa Berry|[eat]
|-activate|p2a: Rabsca|item: Leppa Berry|Revival Blessing|[consumed]
|
|t:|1779653082
|-heal|p2: Armarouge|50/100|[from] move: Revival Blessing
|
|upkeep
|turn|15
|
|t:|1779653085
|move|p2a: Rabsca|Psychic Noise|p1a: Corviknight
|-resisted|p1a: Corviknight
|-damage|p1a: Corviknight|5/100
|-start|p1a: Corviknight|move: Heal Block
|move|p1a: Corviknight|U-turn|p2a: Rabsca
|-damage|p2a: Rabsca|41/100
|
|t:|1779653087
|switch|p1a: Rillaboom|Rillaboom, M|96/100|[from] U-turn
|-fieldstart|move: Grassy Terrain|[from] ability: Grassy Surge|[of] p1a: Rillaboom
|
|-heal|p2a: Rabsca|47/100|[from] Grassy Terrain
|-heal|p1a: Rillaboom|100/100|[from] Grassy Terrain
|upkeep
|turn|16
|
|t:|1779653105
|move|p1a: Rillaboom|Grassy Glide|p2a: Rabsca
|-supereffective|p2a: Rabsca
|-damage|p2a: Rabsca|0 fnt
|faint|p2a: Rabsca
|
|upkeep
|
|t:|1779653106
|switch|p2a: Indeedee|Indeedee, M|82/100
|-fieldstart|move: Psychic Terrain|[from] ability: Psychic Surge|[of] p2a: Indeedee
|turn|17
|
|t:|1779653111
|switch|p1a: Corviknight|Corviknight, M|5/100
|-ability|p1a: Corviknight|Pressure
|move|p2a: Indeedee|Expanding Force|p1a: Corviknight
|-resisted|p1a: Corviknight
|-damage|p1a: Corviknight|0 fnt
|faint|p1a: Corviknight
|
|upkeep
|
|t:|1779653113
|switch|p1a: Rillaboom|Rillaboom, M|100/100
|-fieldstart|move: Grassy Terrain|[from] ability: Grassy Surge|[of] p1a: Rillaboom
|turn|18
|
|t:|1779653115
|switch|p2a: Armarouge|Armarouge, M|50/100
|move|p1a: Rillaboom|U-turn|p2a: Armarouge
|-damage|p2a: Armarouge|10/100
|-ability|p2a: Armarouge|Weak Armor|boost
|-unboost|p2a: Armarouge|def|1
|-boost|p2a: Armarouge|spe|2
|
|t:|1779653119
|switch|p1a: Great Tusk|Great Tusk|100/100|[from] U-turn
|
|-heal|p2a: Armarouge|16/100|[from] Grassy Terrain
|upkeep
|turn|19
|
|t:|1779653131
|move|p2a: Armarouge|Endure|p2a: Armarouge
|-singleturn|p2a: Armarouge|move: Endure
|move|p1a: Great Tusk|Rapid Spin|p2a: Armarouge
|-activate|p2a: Armarouge|move: Endure
|-damage|p2a: Armarouge|1/100
|-boost|p1a: Great Tusk|spe|1
|-ability|p2a: Armarouge|Weak Armor|boost
|-unboost|p2a: Armarouge|def|1
|-boost|p2a: Armarouge|spe|2
|
|-heal|p2a: Armarouge|7/100|[from] Grassy Terrain
|upkeep
|turn|20
|
|t:|1779653137
|move|p2a: Armarouge|Expanding Force|p1a: Great Tusk
|-supereffective|p1a: Great Tusk
|-damage|p1a: Great Tusk|48/100
|move|p1a: Great Tusk|Rapid Spin|p2a: Armarouge
|-damage|p2a: Armarouge|0 fnt
|-boost|p1a: Great Tusk|spe|1
|faint|p2a: Armarouge
|
|-heal|p1a: Great Tusk|54/100|[from] Grassy Terrain
|upkeep
|
|t:|1779653141
|switch|p2a: Indeedee|Indeedee, M|82/100
|-fieldstart|move: Psychic Terrain|[from] ability: Psychic Surge|[of] p2a: Indeedee
|turn|21
|
|t:|1779653144
|-terastallize|p1a: Great Tusk|Fire
|move|p1a: Great Tusk|Ice Spinner|p2a: Indeedee
|-damage|p2a: Indeedee|24/100
|-fieldend|move: Psychic Terrain
|move|p2a: Indeedee|Expanding Force|p1a: Great Tusk
|-crit|p1a: Great Tusk
|-damage|p1a: Great Tusk|17/100
|
|upkeep
|turn|22
|
|t:|1779653147
|move|p1a: Great Tusk|Ice Spinner|p2a: Indeedee
|-damage|p2a: Indeedee|0 fnt
|faint|p2a: Indeedee
|
|upkeep
|
|t:|1779653149
|switch|p2a: Gallade|Gallade, M|56/100
|turn|23
|
|t:|1779653150
|move|p1a: Great Tusk|Headlong Rush|p2a: Gallade
|-damage|p2a: Gallade|0 fnt
|-unboost|p1a: Great Tusk|def|1
|-unboost|p1a: Great Tusk|spd|1
|faint|p2a: Gallade
|
|win|AnonymousJon
|raw|AnonymousJon's rating: 1646 &rarr; <strong>1664</strong><br />(+18 for winning)
|raw|Hunter_of_Keys's rating: 1616 &rarr; <strong>1598</strong><br />(-18 for losing)
|l|☆Hunter_of_Keys
|player|p2|
|c|☆AnonymousJon|gg
|l|☆AnonymousJon
|player|p1|
