|j|☆el metrallas
|j|☆Eiyuro
|t:|1779641929
|gametype|singles
|player|p1|el metrallas|swimmerf-gen4|1328
|player|p2|Eiyuro|lance|1362
|gen|9
|tier|[Gen 9] OU
|rated|
|rule|HP Percentage Mod: HP is shown in percentages
|rule|Endless Battle Clause: Forcing endless battles is banned
|rule|Species Clause: Limit one of each Pokémon
|rule|OHKO Clause: OHKO moves are banned
|rule|Evasion Items Clause: Evasion items are banned
|rule|Evasion Moves Clause: Evasion moves are banned
|rule|Evasion Abilities Clause: Evasion abilities are banned
|rule|Sleep Moves Clause: Sleep-inducing moves are banned
|clearpoke
|poke|p1|Hydreigon, F|
|poke|p1|Ribombee, M|
|poke|p1|Tauros-Paldea-Blaze, M|
|poke|p1|Clodsire, M|
|poke|p1|Mamoswine, M|
|poke|p1|Gholdengo|
|poke|p2|Great Tusk|
|poke|p2|Ogerpon-Wellspring, F|
|poke|p2|Ceruledge, F|
|poke|p2|Dragapult, F|
|poke|p2|Zamazenta-*|
|poke|p2|Darkrai|
|teampreview
|inactive|Battle timer is ON: inactive players will automatically lose when time's up. (requested by el metrallas)
|inactive|Eiyuro has 120 seconds left.
|
|t:|1779641968
|teamsize|p1|6
|teamsize|p2|6
|start
|switch|p1a: Tuerta|Ribombee, M, shiny|100/100
|switch|p2a: Darkrai|Darkrai, shiny|100/100
|turn|1
|
|t:|1779641974
|-terastallize|p2a: Darkrai|Poison
|move|p2a: Darkrai|Sludge Bomb|p1a: Tuerta
|-supereffective|p1a: Tuerta
|-enditem|p1a: Tuerta|Focus Sash
|-damage|p1a: Tuerta|1/100
|move|p1a: Tuerta|Sticky Web|p2a: Darkrai
|-sidestart|p2: Eiyuro|move: Sticky Web
|
|upkeep
|turn|2
|
|t:|1779641985
|switch|p2a: Great Tusk|Great Tusk, shiny|100/100
|-activate|p2a: Great Tusk|move: Sticky Web
|-unboost|p2a: Great Tusk|spe|1
|-enditem|p2a: Great Tusk|Booster Energy
|-activate|p2a: Great Tusk|ability: Protosynthesis|[fromitem]
|-start|p2a: Great Tusk|protosynthesisatk
|switch|p1a: Director|Clodsire, M, shiny|100/100
|
|upkeep
|turn|3
|
|t:|1779641995
|switch|p1a: Bombas|Gholdengo|100/100
|-item|p1a: Bombas|Air Balloon
|move|p2a: Great Tusk|Earthquake|p1a: Bombas
|-immune|p1a: Bombas
|
|upkeep
|turn|4
|
|t:|1779642008
|-end|p2a: Great Tusk|Protosynthesis|[silent]
|switch|p2a: Zamazenta|Zamazenta, shiny|100/100
|-activate|p2a: Zamazenta|move: Sticky Web
|-unboost|p2a: Zamazenta|spe|1
|-ability|p2a: Zamazenta|Dauntless Shield|boost
|-boost|p2a: Zamazenta|def|1
|move|p1a: Bombas|Shadow Ball|p2a: Zamazenta
|-damage|p2a: Zamazenta|62/100
|-unboost|p2a: Zamazenta|spd|1
|
|upkeep
|turn|5
|
|t:|1779642019
|move|p1a: Bombas|Dazzling Gleam|p2a: Zamazenta
|-supereffective|p2a: Zamazenta
|-damage|p2a: Zamazenta|0 fnt
|faint|p2a: Zamazenta
|
|upkeep
|
|t:|1779642035
|switch|p2a: Darkrai|Darkrai, shiny, tera:Poison|100/100
|-activate|p2a: Darkrai|move: Sticky Web
|-unboost|p2a: Darkrai|spe|1
|turn|6
|
|t:|1779642048
|switch|p1a: Director|Clodsire, M, shiny|100/100
|move|p2a: Darkrai|Shadow Ball|p1a: Director
|-damage|p1a: Director|78/100
|
|-heal|p1a: Director|85/100|[from] item: Leftovers
|upkeep
|turn|7
|
|t:|1779642063
|switch|p2a: Ogerpon|Ogerpon-Wellspring, F|100/100
|-activate|p2a: Ogerpon|move: Sticky Web
|-unboost|p2a: Ogerpon|spe|1
|move|p1a: Director|Stealth Rock|p2a: Ogerpon
|-sidestart|p2: Eiyuro|move: Stealth Rock
|
|-heal|p1a: Director|91/100|[from] item: Leftovers
|upkeep
|turn|8
|
|t:|1779642072
|move|p2a: Ogerpon|Swords Dance|p2a: Ogerpon
|-boost|p2a: Ogerpon|atk|2
|move|p1a: Director|Toxic|p2a: Ogerpon
|-status|p2a: Ogerpon|tox
|
|-heal|p1a: Director|97/100|[from] item: Leftovers
|-damage|p2a: Ogerpon|95/100 tox|[from] psn
|upkeep
|turn|9
|
|t:|1779642084
|move|p2a: Ogerpon|Knock Off|p1a: Director
|-damage|p1a: Director|33/100
|-enditem|p1a: Director|Leftovers|[from] move: Knock Off|[of] p2a: Ogerpon
|move|p1a: Director|Earthquake|p2a: Ogerpon
|-resisted|p2a: Ogerpon
|-damage|p2a: Ogerpon|78/100 tox
|
|-damage|p2a: Ogerpon|66/100 tox|[from] psn
|upkeep
|turn|10
|
|t:|1779642094
|move|p1a: Director|Protect|p1a: Director
|-singleturn|p1a: Director|Protect
|move|p2a: Ogerpon|Horn Leech|p1a: Director
|-activate|p1a: Director|move: Protect
|
|-damage|p2a: Ogerpon|48/100 tox|[from] psn
|upkeep
|turn|11
|
|t:|1779642105
|switch|p1a: Te pilla el toro|Tauros-Paldea-Blaze, M, shiny|100/100
|-ability|p1a: Te pilla el toro|Intimidate|boost
|-unboost|p2a: Ogerpon|atk|1
|move|p2a: Ogerpon|Horn Leech|p1a: Te pilla el toro
|-resisted|p1a: Te pilla el toro
|-damage|p1a: Te pilla el toro|60/100
|-heal|p2a: Ogerpon|67/100 tox|[from] drain|[of] p1a: Te pilla el toro
|
|-damage|p2a: Ogerpon|44/100 tox|[from] psn
|upkeep
|turn|12
|
|t:|1779642116
|switch|p1a: Director|Clodsire, M, shiny|33/100
|move|p2a: Ogerpon|Ivy Cudgel|p1a: Director|[anim] Ivy Cudgel Water
|-heal|p1a: Director|57/100|[from] ability: Water Absorb|[of] p2a: Ogerpon
|
|-damage|p2a: Ogerpon|14/100 tox|[from] psn
|upkeep
|turn|13
|
|t:|1779642125
|move|p1a: Director|Protect|p1a: Director
|-singleturn|p1a: Director|Protect
|move|p2a: Ogerpon|Horn Leech|p1a: Director
|-activate|p1a: Director|move: Protect
|
|-damage|p2a: Ogerpon|0 fnt|[from] psn
|faint|p2a: Ogerpon
|upkeep
|
|t:|1779642135
|switch|p2a: Great Tusk|Great Tusk, shiny|100/100
|-activate|p2a: Great Tusk|move: Sticky Web
|-unboost|p2a: Great Tusk|spe|1
|-damage|p2a: Great Tusk|98/100|[from] Stealth Rock
|turn|14
|
|t:|1779642142
|switch|p1a: Bombas|Gholdengo|100/100
|-item|p1a: Bombas|Air Balloon
|move|p2a: Great Tusk|Ice Spinner|p1a: Bombas
|-resisted|p1a: Bombas
|-damage|p1a: Bombas|86/100
|-enditem|p1a: Bombas|Air Balloon
|
|upkeep
|turn|15
|
|t:|1779642156
|-end|p2a: Great Tusk|Protosynthesis|[silent]
|switch|p2a: Ceruledge|Ceruledge, F, shiny|100/100
|-activate|p2a: Ceruledge|move: Sticky Web
|-unboost|p2a: Ceruledge|spe|1
|-damage|p2a: Ceruledge|76/100|[from] Stealth Rock
|move|p1a: Bombas|Dazzling Gleam|p2a: Ceruledge
|-resisted|p2a: Ceruledge
|-damage|p2a: Ceruledge|61/100
|
|upkeep
|turn|16
|
|t:|1779642168
|move|p2a: Ceruledge|Shadow Sneak|p1a: Bombas
|-supereffective|p1a: Bombas
|-damage|p1a: Bombas|36/100
|move|p1a: Bombas|Shadow Ball|p2a: Ceruledge
|-supereffective|p2a: Ceruledge
|-damage|p2a: Ceruledge|0 fnt
|faint|p2a: Ceruledge
|
|upkeep
|
|t:|1779642177
|switch|p2a: Darkrai|Darkrai, shiny, tera:Poison|100/100
|-activate|p2a: Darkrai|move: Sticky Web
|-unboost|p2a: Darkrai|spe|1
|-damage|p2a: Darkrai|88/100|[from] Stealth Rock
|turn|17
|
|t:|1779642188
|switch|p1a: Director|Clodsire, M, shiny|57/100
|move|p2a: Darkrai|Dark Pulse|p1a: Director
|-damage|p1a: Director|26/100
|
|upkeep
|turn|18
|
|t:|1779642194
|move|p2a: Darkrai|Dark Pulse|p1a: Director
|-damage|p1a: Director|0 fnt
|faint|p1a: Director
|
|upkeep
|
|t:|1779642199
|switch|p1a: Collejas|Hydreigon, F|100/100
|turn|19
|
|t:|1779642215
|switch|p2a: Great Tusk|Great Tusk, shiny|98/100
|-activate|p2a: Great Tusk|move: Sticky Web
|-unboost|p2a: Great Tusk|spe|1
|-damage|p2a: Great Tusk|95/100|[from] Stealth Rock
|move|p1a: Collejas|Earth Power|p2a: Great Tusk
|-damage|p2a: Great Tusk|28/100
|-unboost|p2a: Great Tusk|spd|1
|
|upkeep
|turn|20
|
|t:|1779642225
|move|p1a: Collejas|Earth Power|p2a: Great Tusk
|-damage|p2a: Great Tusk|0 fnt
|faint|p2a: Great Tusk
|-end|p2a: Great Tusk|Protosynthesis|[silent]
|
|upkeep
|-message|Eiyuro forfeited.
|
|win|el metrallas
|raw|el metrallas's rating: 1328 &rarr; <strong>1350</strong><br />(+22 for winning)
|raw|Eiyuro's rating: 1362 &rarr; <strong>1340</strong><br />(-22 for losing)
|l|☆Eiyuro
|player|p2|
|l|☆el metrallas
|player|p1|
