|inactive|Battle timer is ON: inactive players will automatically lose when time's up.
|t:|1779569665
|gametype|singles
|player|p1|samus|#splxviicryonicles2|
|player|p2|magialice|#pmplivdachsbuns|
|gen|9
|tier|[Gen 9] OU
|rule|HP Percentage Mod: HP is shown in percentages
|rule|Endless Battle Clause: Forcing endless battles is banned
|rule|Species Clause: Limit one of each Pokémon
|rule|OHKO Clause: OHKO moves are banned
|rule|Evasion Items Clause: Evasion items are banned
|rule|Evasion Moves Clause: Evasion moves are banned
|rule|Evasion Abilities Clause: Evasion abilities are banned
|rule|Sleep Moves Clause: Sleep-inducing moves are banned
|clearpoke
|poke|p1|Samurott-Hisui, M|
|poke|p1|Latios, M|
|poke|p1|Pecharunt|
|poke|p1|Great Tusk|
|poke|p1|Tinkaton, F|
|poke|p1|Ogerpon, F|
|poke|p2|Dondozo, F|
|poke|p2|Blissey, F|
|poke|p2|Gliscor, F|
|poke|p2|Toxapex, M|
|poke|p2|Mandibuzz, F|
|poke|p2|Talonflame, M|
|teampreview
|c|☆magialice|glhf
|inactive|magialice has 270 seconds left.
|
|t:|1779569708
|teamsize|p1|6
|teamsize|p2|6
|start
|switch|p1a: Latios|Latios, M|100/100
|switch|p2a: Talonflame|Talonflame, M|100/100
|turn|1
|
|t:|1779569719
|switch|p2a: Blissey|Blissey, F|100/100
|move|p1a: Latios|Trick|p2a: Blissey
|-activate|p1a: Latios|move: Trick|[of] p2a: Blissey
|-item|p2a: Blissey|Choice Specs|[from] move: Trick
|-item|p1a: Latios|Leftovers|[from] move: Trick
|
|upkeep
|turn|2
|
|t:|1779569735
|switch|p1a: Tinkaton|Tinkaton, F|100/100
|-item|p1a: Tinkaton|Air Balloon
|move|p2a: Blissey|Stealth Rock|p1a: Tinkaton
|-sidestart|p1: samus|move: Stealth Rock
|
|upkeep
|turn|3
|
|t:|1779569742
|switch|p2a: Talonflame|Talonflame, M|100/100
|move|p1a: Tinkaton|Stealth Rock|p2a: Talonflame
|-sidestart|p2: magialice|move: Stealth Rock
|
|upkeep
|turn|4
|
|t:|1779569746
|move|p1a: Tinkaton|Thunder Wave|p2a: Talonflame
|-status|p2a: Talonflame|par
|cant|p2a: Talonflame|par
|
|upkeep
|turn|5
|
|t:|1779569755
|switch|p1a: Latios|Latios, M|100/100
|-damage|p1a: Latios|88/100|[from] Stealth Rock
|cant|p2a: Talonflame|par
|
|-heal|p1a: Latios|94/100|[from] item: Leftovers
|upkeep
|turn|6
|
|t:|1779569767
|switch|p2a: Mandibuzz|Mandibuzz, F|100/100
|move|p1a: Latios|Flip Turn|p2a: Mandibuzz
|-damage|p2a: Mandibuzz|92/100
|
|t:|1779569786
|switch|p1a: Samurott|Samurott-Hisui, M|100/100|[from] Flip Turn
|-damage|p1a: Samurott|88/100|[from] Stealth Rock
|
|upkeep
|turn|7
|
|t:|1779569801
|move|p1a: Samurott|Knock Off|p2a: Mandibuzz
|-resisted|p2a: Mandibuzz
|-damage|p2a: Mandibuzz|76/100
|-enditem|p2a: Mandibuzz|Heavy-Duty Boots|[from] move: Knock Off|[of] p1a: Samurott
|move|p2a: Mandibuzz|Toxic|p1a: Samurott
|-status|p1a: Samurott|tox
|
|-damage|p1a: Samurott|82/100 tox|[from] psn
|upkeep
|turn|8
|
|t:|1779569808
|move|p1a: Samurott|Flip Turn|p2a: Mandibuzz
|-damage|p2a: Mandibuzz|57/100
|
|t:|1779569810
|switch|p1a: Tinkaton|Tinkaton, F|100/100|[from] Flip Turn
|-damage|p1a: Tinkaton|94/100|[from] Stealth Rock
|-item|p1a: Tinkaton|Air Balloon
|move|p2a: Mandibuzz|Defog|p1a: Tinkaton
|-unboost|p1a: Tinkaton|evasion|1
|-sideend|p1: samus|Stealth Rock|[from] move: Defog|[of] p2a: Mandibuzz
|-sideend|p2: magialice|Stealth Rock|[from] move: Defog|[of] p2a: Mandibuzz
|
|upkeep
|turn|9
|
|t:|1779569817
|switch|p2a: Talonflame|Talonflame, M|100/100 par
|move|p1a: Tinkaton|Encore||[still]
|-fail|p1a: Tinkaton
|
|upkeep
|turn|10
|
|t:|1779569823
|switch|p1a: Samurott|Samurott-Hisui, M|82/100 tox
|cant|p2a: Talonflame|par
|
|-damage|p1a: Samurott|76/100 tox|[from] psn
|upkeep
|turn|11
|
|t:|1779569829
|switch|p2a: Mandibuzz|Mandibuzz, F|57/100
|move|p1a: Samurott|Ceaseless Edge|p2a: Mandibuzz
|-resisted|p2a: Mandibuzz
|-damage|p2a: Mandibuzz|41/100
|-sidestart|p2: magialice|Spikes
|
|-damage|p1a: Samurott|64/100 tox|[from] psn
|upkeep
|turn|12
|
|t:|1779569836
|move|p1a: Samurott|Flip Turn|p2a: Mandibuzz
|-crit|p2a: Mandibuzz
|-damage|p2a: Mandibuzz|11/100
|
|t:|1779569839
|switch|p1a: Tinkaton|Tinkaton, F|94/100|[from] Flip Turn
|-item|p1a: Tinkaton|Air Balloon
|move|p2a: Mandibuzz|Roost|p2a: Mandibuzz
|-heal|p2a: Mandibuzz|61/100
|-singleturn|p2a: Mandibuzz|move: Roost
|
|upkeep
|turn|13
|
|t:|1779569847
|move|p1a: Tinkaton|Stealth Rock|p2a: Mandibuzz
|-sidestart|p2: magialice|move: Stealth Rock
|move|p2a: Mandibuzz|Defog|p1a: Tinkaton
|-unboost|p1a: Tinkaton|evasion|1
|-sideend|p2: magialice|Spikes|[from] move: Defog|[of] p2a: Mandibuzz
|-sideend|p2: magialice|Stealth Rock|[from] move: Defog|[of] p2a: Mandibuzz
|
|upkeep
|turn|14
|
|t:|1779569852
|switch|p2a: Talonflame|Talonflame, M|100/100 par
|move|p1a: Tinkaton|Stealth Rock|p2a: Talonflame
|-sidestart|p2: magialice|move: Stealth Rock
|
|upkeep
|turn|15
|
|t:|1779569856
|switch|p1a: Samurott|Samurott-Hisui, M|64/100 tox
|move|p2a: Talonflame|Overheat|p1a: Samurott
|-resisted|p1a: Samurott
|-crit|p1a: Samurott
|-damage|p1a: Samurott|45/100 tox
|-unboost|p2a: Talonflame|spa|2
|
|-damage|p1a: Samurott|39/100 tox|[from] psn
|upkeep
|turn|16
|
|t:|1779569864
|switch|p2a: Toxapex|Toxapex, M|100/100
|-damage|p2a: Toxapex|88/100|[from] Stealth Rock
|move|p1a: Samurott|Knock Off|p2a: Toxapex
|-damage|p2a: Toxapex|57/100
|-enditem|p2a: Toxapex|Black Sludge|[from] move: Knock Off|[of] p1a: Samurott
|
|-damage|p1a: Samurott|27/100 tox|[from] psn
|upkeep
|turn|17
|
|t:|1779569868
|move|p1a: Samurott|Ceaseless Edge|p2a: Toxapex|[miss]
|-miss|p1a: Samurott|p2a: Toxapex
|move|p2a: Toxapex|Toxic Spikes|p1a: Samurott
|-sidestart|p1: samus|move: Toxic Spikes
|
|-damage|p1a: Samurott|9/100 tox|[from] psn
|upkeep
|turn|18
|
|t:|1779569872
|move|p1a: Samurott|Ceaseless Edge|p2a: Toxapex
|-damage|p2a: Toxapex|24/100
|-sidestart|p2: magialice|Spikes
|move|p2a: Toxapex|Recover|p2a: Toxapex
|-heal|p2a: Toxapex|74/100
|
|-damage|p1a: Samurott|0 fnt|[from] psn
|faint|p1a: Samurott
|upkeep
|
|t:|1779569876
|switch|p1a: Latios|Latios, M|94/100
|turn|19
|
|t:|1779569883
|switch|p2a: Blissey|Blissey, F|100/100
|-damage|p2a: Blissey|88/100|[from] Stealth Rock
|-damage|p2a: Blissey|75/100|[from] Spikes
|move|p1a: Latios|Luster Purge|p2a: Blissey
|-damage|p2a: Blissey|61/100
|
|-heal|p1a: Latios|99/100|[from] item: Leftovers
|upkeep
|turn|20
|
|t:|1779569891
|move|p1a: Latios|Flip Turn|p2a: Blissey
|-damage|p2a: Blissey|50/100
|
|t:|1779569893
|switch|p1a: Pecharunt|Pecharunt|100/100|[from] Flip Turn
|-sideend|p1: samus|move: Toxic Spikes|[of] p1a: Pecharunt
|move|p2a: Blissey|Seismic Toss|p1a: Pecharunt
|-immune|p1a: Pecharunt
|
|upkeep
|turn|21
|
|t:|1779569902
|switch|p1a: Great Tusk|Great Tusk|100/100
|switch|p2a: Gliscor|Gliscor, F|100/100
|-damage|p2a: Gliscor|88/100|[from] Stealth Rock
|
|-status|p2a: Gliscor|tox|[from] item: Toxic Orb
|upkeep
|turn|22
|
|t:|1779569913
|-end|p1a: Great Tusk|Protosynthesis|[silent]
|switch|p1a: Latios|Latios, M|99/100
|move|p2a: Gliscor|Protect||[still]
|-fail|p2a: Gliscor
|
|-heal|p1a: Latios|100/100|[from] item: Leftovers
|-heal|p2a: Gliscor|100/100 tox|[from] ability: Poison Heal
|upkeep
|turn|23
|
|t:|1779569922
|move|p1a: Latios|Draco Meteor|p2a: Gliscor
|-damage|p2a: Gliscor|41/100 tox
|-unboost|p1a: Latios|spa|2
|move|p2a: Gliscor|Spikes|p1a: Latios
|-sidestart|p1: samus|Spikes
|
|-heal|p2a: Gliscor|53/100 tox|[from] ability: Poison Heal
|upkeep
|turn|24
|
|t:|1779569934
|switch|p1a: Great Tusk|Great Tusk|100/100
|move|p2a: Gliscor|Knock Off|p1a: Great Tusk
|-resisted|p1a: Great Tusk
|-damage|p1a: Great Tusk|93/100
|-enditem|p1a: Great Tusk|Heavy-Duty Boots|[from] move: Knock Off|[of] p2a: Gliscor
|
|-heal|p2a: Gliscor|66/100 tox|[from] ability: Poison Heal
|upkeep
|turn|25
|
|t:|1779569938
|move|p2a: Gliscor|Protect|p2a: Gliscor
|-singleturn|p2a: Gliscor|Protect
|move|p1a: Great Tusk|Rapid Spin|p2a: Gliscor
|-activate|p2a: Gliscor|move: Protect
|
|-heal|p2a: Gliscor|78/100 tox|[from] ability: Poison Heal
|upkeep
|turn|26
|
|t:|1779569948
|move|p1a: Great Tusk|Ice Spinner|p2a: Gliscor
|-supereffective|p2a: Gliscor
|-damage|p2a: Gliscor|0 fnt
|faint|p2a: Gliscor
|
|upkeep
|
|t:|1779569954
|switch|p2a: Talonflame|Talonflame, M|100/100 par
|turn|27
|
|t:|1779569960
|-end|p1a: Great Tusk|Protosynthesis|[silent]
|switch|p1a: Pecharunt|Pecharunt|100/100
|cant|p2a: Talonflame|par
|
|upkeep
|turn|28
|
|t:|1779569969
|move|p1a: Pecharunt|Malignant Chain|p2a: Talonflame
|-damage|p2a: Talonflame|62/100 par
|move|p2a: Talonflame|Defog|p1a: Pecharunt
|-unboost|p1a: Pecharunt|evasion|1
|-sideend|p1: samus|Spikes|[from] move: Defog|[of] p2a: Talonflame
|-sideend|p2: magialice|Spikes|[from] move: Defog|[of] p2a: Talonflame
|-sideend|p2: magialice|Stealth Rock|[from] move: Defog|[of] p2a: Talonflame
|
|upkeep
|turn|29
|
|t:|1779569980
|switch|p2a: Blissey|Blissey, F|50/100
|move|p1a: Pecharunt|Parting Shot|p2a: Blissey
|-unboost|p2a: Blissey|atk|1
|-unboost|p2a: Blissey|spa|1
|
|t:|1779569985
|switch|p1a: Tinkaton|Tinkaton, F|94/100|[from] Parting Shot
|-item|p1a: Tinkaton|Air Balloon
|
|upkeep
|turn|30
|
|t:|1779569991
|move|p1a: Tinkaton|Stealth Rock|p2a: Blissey
|-sidestart|p2: magialice|move: Stealth Rock
|move|p2a: Blissey|Stealth Rock|p1a: Tinkaton
|-sidestart|p1: samus|move: Stealth Rock
|
|upkeep
|turn|31
|
|t:|1779570003
|switch|p1a: Ogerpon|Ogerpon, F|100/100
|-damage|p1a: Ogerpon|88/100|[from] Stealth Rock
|switch|p2a: Toxapex|Toxapex, M|100/100
|-damage|p2a: Toxapex|88/100|[from] Stealth Rock
|
|upkeep
|turn|32
|
|t:|1779570015
|move|p1a: Ogerpon|Rock Tomb|p2a: Toxapex
|-damage|p2a: Toxapex|68/100
|-unboost|p2a: Toxapex|spe|1
|move|p2a: Toxapex|Sludge Bomb|p1a: Ogerpon
|-supereffective|p1a: Ogerpon
|-damage|p1a: Ogerpon|46/100
|
|upkeep
|turn|33
|
|t:|1779570021
|switch|p1a: Latios|Latios, M|100/100
|-damage|p1a: Latios|88/100|[from] Stealth Rock
|move|p2a: Toxapex|Sludge Bomb|p1a: Latios
|-damage|p1a: Latios|69/100
|
|-heal|p1a: Latios|75/100|[from] item: Leftovers
|upkeep
|turn|34
|
|t:|1779570029
|switch|p2a: Blissey|Blissey, F|50/100
|-damage|p2a: Blissey|37/100|[from] Stealth Rock
|move|p1a: Latios|Luster Purge|p2a: Blissey
|-damage|p2a: Blissey|22/100
|
|-heal|p1a: Latios|81/100|[from] item: Leftovers
|upkeep
|turn|35
|
|t:|1779570037
|move|p1a: Latios|Flip Turn|p2a: Blissey
|-damage|p2a: Blissey|11/100
|
|t:|1779570041
|switch|p1a: Great Tusk|Great Tusk|93/100|[from] Flip Turn
|-damage|p1a: Great Tusk|90/100|[from] Stealth Rock
|move|p2a: Blissey|Soft-Boiled|p2a: Blissey
|-heal|p2a: Blissey|61/100
|
|upkeep
|turn|36
|
|t:|1779570046
|switch|p2a: Talonflame|Talonflame, M|62/100 par
|move|p1a: Great Tusk|Rapid Spin|p2a: Talonflame
|-damage|p2a: Talonflame|45/100 par
|-boost|p1a: Great Tusk|spe|1
|-sideend|p1: samus|Stealth Rock|[from] move: Rapid Spin|[of] p1a: Great Tusk
|
|upkeep
|turn|37
|
|t:|1779570053
|-end|p1a: Great Tusk|Protosynthesis|[silent]
|switch|p1a: Latios|Latios, M|81/100
|move|p2a: Talonflame|Roost|p2a: Talonflame
|-heal|p2a: Talonflame|95/100 par
|-singleturn|p2a: Talonflame|move: Roost
|
|-heal|p1a: Latios|87/100|[from] item: Leftovers
|upkeep
|turn|38
|
|t:|1779570065
|switch|p2a: Toxapex|Toxapex, M|100/100
|-damage|p2a: Toxapex|88/100|[from] Stealth Rock
|move|p1a: Latios|Luster Purge|p2a: Toxapex
|-supereffective|p2a: Toxapex
|-damage|p2a: Toxapex|15/100
|
|-heal|p1a: Latios|93/100|[from] item: Leftovers
|upkeep
|turn|39
|
|t:|1779570073
|switch|p2a: Blissey|Blissey, F|61/100
|-damage|p2a: Blissey|48/100|[from] Stealth Rock
|move|p1a: Latios|Luster Purge|p2a: Blissey
|-damage|p2a: Blissey|32/100
|
|-heal|p1a: Latios|99/100|[from] item: Leftovers
|upkeep
|turn|40
|
|t:|1779570082
|switch|p1a: Pecharunt|Pecharunt|100/100
|move|p2a: Blissey|Soft-Boiled|p2a: Blissey
|-heal|p2a: Blissey|82/100
|
|upkeep
|turn|41
|
|t:|1779570088
|switch|p2a: Talonflame|Talonflame, M|95/100 par
|move|p1a: Pecharunt|Malignant Chain|p2a: Talonflame
|-damage|p2a: Talonflame|58/100 par
|
|upkeep
|turn|42
|
|t:|1779570094
|move|p1a: Pecharunt|Malignant Chain|p2a: Talonflame
|-damage|p2a: Talonflame|21/100 par
|move|p2a: Talonflame|Will-O-Wisp|p1a: Pecharunt
|-status|p1a: Pecharunt|brn
|
|-damage|p1a: Pecharunt|94/100 brn|[from] brn
|upkeep
|turn|43
|
|t:|1779570102
|switch|p2a: Toxapex|Toxapex, M|48/100
|-damage|p2a: Toxapex|36/100|[from] Stealth Rock
|move|p1a: Pecharunt|Malignant Chain|p2a: Toxapex
|-resisted|p2a: Toxapex
|-damage|p2a: Toxapex|25/100
|
|-damage|p1a: Pecharunt|88/100 brn|[from] brn
|upkeep
|turn|44
|
|t:|1779570109
|switch|p1a: Latios|Latios, M|99/100
|move|p2a: Toxapex|Recover|p2a: Toxapex
|-heal|p2a: Toxapex|75/100
|
|-heal|p1a: Latios|100/100|[from] item: Leftovers
|upkeep
|turn|45
|
|t:|1779570113
|switch|p2a: Dondozo|Dondozo, F|100/100
|-damage|p2a: Dondozo|88/100|[from] Stealth Rock
|move|p1a: Latios|Flip Turn|p2a: Dondozo
|-resisted|p2a: Dondozo
|-damage|p2a: Dondozo|85/100
|
|t:|1779570118
|switch|p1a: Ogerpon|Ogerpon, F|46/100|[from] Flip Turn
|
|-heal|p2a: Dondozo|92/100|[from] item: Leftovers
|upkeep
|turn|46
|
|t:|1779570136
|switch|p2a: Mandibuzz|Mandibuzz, F|61/100
|-damage|p2a: Mandibuzz|36/100|[from] Stealth Rock
|-terastallize|p1a: Ogerpon|Grass
|detailschange|p1a: Ogerpon|Ogerpon-Teal-Tera, F, tera:Grass
|-ability|p1a: Ogerpon|Embody Aspect (Teal)|boost
|-boost|p1a: Ogerpon|spe|1
|move|p1a: Ogerpon|Ivy Cudgel|p2a: Mandibuzz
|-resisted|p2a: Mandibuzz
|-damage|p2a: Mandibuzz|1/100
|
|upkeep
|turn|47
|
|t:|1779570145
|move|p1a: Ogerpon|Ivy Cudgel|p2a: Mandibuzz
|-resisted|p2a: Mandibuzz
|-damage|p2a: Mandibuzz|0 fnt
|faint|p2a: Mandibuzz
|
|upkeep
|
|t:|1779570147
|switch|p2a: Toxapex|Toxapex, M|100/100
|-damage|p2a: Toxapex|88/100|[from] Stealth Rock
|turn|48
|
|t:|1779570157
|switch|p1a: Latios|Latios, M|100/100
|move|p2a: Toxapex|Sludge Bomb|p1a: Latios
|-damage|p1a: Latios|80/100
|-status|p1a: Latios|psn
|
|-heal|p1a: Latios|86/100 psn|[from] item: Leftovers
|-damage|p1a: Latios|74/100 psn|[from] psn
|upkeep
|turn|49
|
|t:|1779570164
|-terastallize|p2a: Toxapex|Ghost
|move|p1a: Latios|Flip Turn|p2a: Toxapex
|-damage|p2a: Toxapex|79/100
|
|t:|1779570169
|switch|p1a: Pecharunt|Pecharunt|88/100 brn|[from] Flip Turn
|move|p2a: Toxapex|Toxic Spikes|p1a: Pecharunt
|-sidestart|p1: samus|move: Toxic Spikes
|
|-damage|p1a: Pecharunt|82/100 brn|[from] brn
|upkeep
|turn|50
|
|t:|1779570176
|switch|p2a: Blissey|Blissey, F|82/100
|-damage|p2a: Blissey|70/100|[from] Stealth Rock
|move|p1a: Pecharunt|Shadow Ball|p2a: Blissey
|-immune|p2a: Blissey
|
|-damage|p1a: Pecharunt|76/100 brn|[from] brn
|upkeep
|turn|51
|
|t:|1779570183
|move|p1a: Pecharunt|Malignant Chain|p2a: Blissey
|-damage|p2a: Blissey|61/100
|-status|p2a: Blissey|tox
|-start|p2a: Blissey|confusion|[from] ability: Poison Puppeteer|[of] p1a: Pecharunt
|-activate|p2a: Blissey|confusion
|move|p2a: Blissey|Stealth Rock|p1a: Pecharunt
|-sidestart|p1: samus|move: Stealth Rock
|
|-damage|p2a: Blissey|54/100 tox|[from] psn
|-damage|p1a: Pecharunt|70/100 brn|[from] brn
|upkeep
|turn|52
|
|t:|1779570201
|-curestatus|p2a: Blissey|tox|[from] ability: Natural Cure|[silent]
|switch|p2a: Toxapex|Toxapex, M, tera:Ghost|100/100
|-damage|p2a: Toxapex|88/100|[from] Stealth Rock
|move|p1a: Pecharunt|Shadow Ball|p2a: Toxapex
|-supereffective|p2a: Toxapex
|-damage|p2a: Toxapex|56/100
|
|-damage|p1a: Pecharunt|64/100 brn|[from] brn
|upkeep
|turn|53
|
|t:|1779570225
|move|p1a: Pecharunt|Parting Shot|p2a: Toxapex
|-unboost|p2a: Toxapex|atk|1
|-unboost|p2a: Toxapex|spa|1
|
|t:|1779570227
|switch|p1a: Tinkaton|Tinkaton, F|94/100|[from] Parting Shot
|-damage|p1a: Tinkaton|88/100|[from] Stealth Rock
|-item|p1a: Tinkaton|Air Balloon
|move|p2a: Toxapex|Surf|p1a: Tinkaton
|-damage|p1a: Tinkaton|78/100
|-enditem|p1a: Tinkaton|Air Balloon
|
|upkeep
|turn|54
|
|t:|1779570242
|switch|p1a: Pecharunt|Pecharunt|64/100 brn
|-sideend|p1: samus|move: Toxic Spikes|[of] p1a: Pecharunt
|switch|p2a: Talonflame|Talonflame, M|21/100 par
|
|-damage|p1a: Pecharunt|58/100 brn|[from] brn
|upkeep
|turn|55
|
|t:|1779570253
|switch|p2a: Blissey|Blissey, F|54/100
|-damage|p2a: Blissey|42/100|[from] Stealth Rock
|move|p1a: Pecharunt|Malignant Chain|p2a: Blissey
|-damage|p2a: Blissey|33/100
|-status|p2a: Blissey|tox
|-start|p2a: Blissey|confusion|[from] ability: Poison Puppeteer|[of] p1a: Pecharunt
|
|-damage|p2a: Blissey|26/100 tox|[from] psn
|-damage|p1a: Pecharunt|52/100 brn|[from] brn
|upkeep
|turn|56
|
|t:|1779570266
|move|p1a: Pecharunt|Parting Shot|p2a: Blissey
|-unboost|p2a: Blissey|atk|1
|-unboost|p2a: Blissey|spa|1
|
|t:|1779570267
|switch|p1a: Great Tusk|Great Tusk|90/100|[from] Parting Shot
|-damage|p1a: Great Tusk|87/100|[from] Stealth Rock
|-activate|p2a: Blissey|confusion
|move|p2a: Blissey|Soft-Boiled|p2a: Blissey
|-heal|p2a: Blissey|76/100 tox
|
|-damage|p2a: Blissey|64/100 tox|[from] psn
|upkeep
|turn|57
|
|t:|1779570276
|-curestatus|p2a: Blissey|tox|[from] ability: Natural Cure|[silent]
|switch|p2a: Dondozo|Dondozo, F|92/100
|-damage|p2a: Dondozo|79/100|[from] Stealth Rock
|move|p1a: Great Tusk|Headlong Rush|p2a: Dondozo
|-damage|p2a: Dondozo|51/100
|-unboost|p1a: Great Tusk|def|1
|-unboost|p1a: Great Tusk|spd|1
|
|-heal|p2a: Dondozo|57/100|[from] item: Leftovers
|upkeep
|turn|58
|
|t:|1779570286
|move|p1a: Great Tusk|Rapid Spin|p2a: Dondozo
|-damage|p2a: Dondozo|49/100
|-boost|p1a: Great Tusk|spe|1
|-sideend|p1: samus|Stealth Rock|[from] move: Rapid Spin|[of] p1a: Great Tusk
|move|p2a: Dondozo|Avalanche|p1a: Great Tusk
|-supereffective|p1a: Great Tusk
|-damage|p1a: Great Tusk|47/100
|
|-heal|p2a: Dondozo|56/100|[from] item: Leftovers
|upkeep
|turn|59
|
|t:|1779570314
|-end|p1a: Great Tusk|Protosynthesis|[silent]
|switch|p1a: Tinkaton|Tinkaton, F|78/100
|switch|p2a: Blissey|Blissey, F|64/100
|-damage|p2a: Blissey|51/100|[from] Stealth Rock
|
|upkeep
|turn|60
|inactive|samus has 270 seconds left.
|
|t:|1779570330
|switch|p1a: Ogerpon|Ogerpon-Teal-Tera, F, tera:Grass|46/100
|-ability|p1a: Ogerpon|Embody Aspect (Teal)|boost
|-boost|p1a: Ogerpon|spe|1
|move|p2a: Blissey|Stealth Rock|p1a: Ogerpon
|-sidestart|p1: samus|move: Stealth Rock
|
|upkeep
|turn|61
|
|t:|1779570337
|switch|p2a: Toxapex|Toxapex, M, tera:Ghost|90/100
|-damage|p2a: Toxapex|77/100|[from] Stealth Rock
|move|p1a: Ogerpon|Ivy Cudgel|p2a: Toxapex
|-crit|p2a: Toxapex
|-damage|p2a: Toxapex|0 fnt
|faint|p2a: Toxapex
|
|upkeep
|
|t:|1779570342
|switch|p2a: Talonflame|Talonflame, M|21/100 par
|turn|62
|inactive|samus has 270 seconds left.
|
|t:|1779570375
|move|p1a: Ogerpon|Ivy Cudgel|p2a: Talonflame
|-resisted|p2a: Talonflame
|-damage|p2a: Talonflame|0 fnt
|faint|p2a: Talonflame
|
|upkeep
|c|☆magialice|gg
|c|☆samus|gg
|-message|magialice forfeited.
|
|win|samus
