|j|☆redsnow0
|j|‽Margoullia
|t:|1779635758
|gametype|singles
|player|p1|redsnow0|101|1471
|player|p2|Margoullia|lance|1465
|gen|9
|tier|[Gen 9] OU
|rated|
|rule|HP Percentage Mod: HP is shown in percentages
|rule|Endless Battle Clause: Forcing endless battles is banned
|rule|Species Clause: Limit one of each Pokémon
|rule|OHKO Clause: OHKO moves are banned
|rule|Evasion Items Clause: Evasion items are banned
|rule|Evasion Moves Clause: Evasion moves are banned
|rule|Evasion Abilities Clause: Evasion abilities are banned
|rule|Sleep Moves Clause: Sleep-inducing moves are banned
|clearpoke
|poke|p1|Dragapult, F|
|poke|p1|Zapdos|
|poke|p1|Zamazenta-*|
|poke|p1|Ogerpon-Wellspring, F|
|poke|p1|Garganacl, F|
|poke|p1|Conkeldurr, M|
|poke|p2|Slowking-Galar, M|
|poke|p2|Great Tusk|
|poke|p2|Zapdos|
|poke|p2|Meowscarada, M|
|poke|p2|Ceruledge, F|
|poke|p2|Samurott-Hisui, M|
|teampreview
|inactive|Battle timer is ON: inactive players will automatically lose when time's up. (requested by Margoullia)
|
|t:|1779635777
|teamsize|p1|6
|teamsize|p2|6
|start
|switch|p1a: Conkeldurr|Conkeldurr, M|100/100
|switch|p2a: Samurott|Samurott-Hisui, M|100/100
|turn|1
|
|t:|1779635784
|switch|p2a: Great Tusk|Great Tusk|100/100
|move|p1a: Conkeldurr|Drain Punch|p2a: Great Tusk
|-damage|p2a: Great Tusk|81/100
|-damage|p1a: Conkeldurr|84/100|[from] item: Rocky Helmet|[of] p2a: Great Tusk
|
|-status|p1a: Conkeldurr|brn|[from] item: Flame Orb
|upkeep
|turn|2
|
|t:|1779635795
|move|p2a: Great Tusk|Stealth Rock|p1a: Conkeldurr
|-sidestart|p1: redsnow0|move: Stealth Rock
|move|p1a: Conkeldurr|Ice Punch|p2a: Great Tusk
|-supereffective|p2a: Great Tusk
|-damage|p2a: Great Tusk|40/100
|-damage|p1a: Conkeldurr|67/100 brn|[from] item: Rocky Helmet|[of] p2a: Great Tusk
|
|-damage|p1a: Conkeldurr|61/100 brn|[from] brn
|upkeep
|turn|3
|
|t:|1779635804
|move|p2a: Great Tusk|Headlong Rush|p1a: Conkeldurr
|-damage|p1a: Conkeldurr|15/100 brn
|-unboost|p2a: Great Tusk|def|1
|-unboost|p2a: Great Tusk|spd|1
|move|p1a: Conkeldurr|Defog|p2a: Great Tusk
|-unboost|p2a: Great Tusk|evasion|1
|-sideend|p1: redsnow0|Stealth Rock|[from] move: Defog|[of] p1a: Conkeldurr
|
|-damage|p1a: Conkeldurr|8/100 brn|[from] brn
|upkeep
|turn|4
|
|t:|1779635816
|move|p2a: Great Tusk|Stealth Rock|p1a: Conkeldurr
|-sidestart|p1: redsnow0|move: Stealth Rock
|move|p1a: Conkeldurr|Drain Punch|p2a: Great Tusk
|-damage|p2a: Great Tusk|0 fnt
|-heal|p1a: Conkeldurr|29/100 brn|[from] drain|[of] p2a: Great Tusk
|-damage|p1a: Conkeldurr|13/100 brn|[from] item: Rocky Helmet|[of] p2a: Great Tusk
|faint|p2a: Great Tusk
|-end|p2a: Great Tusk|Protosynthesis|[silent]
|
|-damage|p1a: Conkeldurr|7/100 brn|[from] brn
|upkeep
|
|t:|1779635834
|switch|p2a: Zapdos|Zapdos|100/100
|turn|5
|
|t:|1779635855
|move|p2a: Zapdos|U-turn|p1a: Conkeldurr
|-resisted|p1a: Conkeldurr
|-damage|p1a: Conkeldurr|1/100 brn
|
|t:|1779635862
|switch|p2a: Slowking|Slowking-Galar, M|100/100|[from] U-turn
|move|p1a: Conkeldurr|Defog|p2a: Slowking
|-unboost|p2a: Slowking|evasion|1
|-sideend|p1: redsnow0|Stealth Rock|[from] move: Defog|[of] p1a: Conkeldurr
|
|-damage|p1a: Conkeldurr|0 fnt|[from] brn
|faint|p1a: Conkeldurr
|upkeep
|inactive|redsnow0 has 120 seconds left.
|
|t:|1779635886
|switch|p1a: Ogerpon|Ogerpon-Wellspring, F|100/100
|turn|6
|
|t:|1779635895
|-terastallize|p2a: Slowking|Water
|move|p1a: Ogerpon|Swords Dance|p1a: Ogerpon
|-boost|p1a: Ogerpon|atk|2
|move|p2a: Slowking|Sludge Bomb|p1a: Ogerpon
|-supereffective|p1a: Ogerpon
|-damage|p1a: Ogerpon|6/100
|
|upkeep
|turn|7
|
|t:|1779635902
|move|p1a: Ogerpon|Horn Leech|p2a: Slowking
|-supereffective|p2a: Slowking
|-damage|p2a: Slowking|0 fnt
|-heal|p1a: Ogerpon|72/100|[from] drain|[of] p2a: Slowking
|faint|p2a: Slowking
|
|upkeep
|
|t:|1779635914
|switch|p2a: Zapdos|Zapdos|100/100
|turn|8
|
|t:|1779635919
|move|p1a: Ogerpon|Ivy Cudgel|p2a: Zapdos|[anim] Ivy Cudgel Water
|-damage|p2a: Zapdos|17/100
|move|p2a: Zapdos|Hurricane|p1a: Ogerpon|[miss]
|-miss|p2a: Zapdos|p1a: Ogerpon
|
|upkeep
|turn|9
|
|t:|1779635936
|move|p1a: Ogerpon|Ivy Cudgel|p2a: Zapdos|[anim] Ivy Cudgel Water
|-damage|p2a: Zapdos|0 fnt
|faint|p2a: Zapdos
|
|upkeep
|
|t:|1779635940
|switch|p2a: Meowscarada|Meowscarada, M|100/100
|turn|10
|
|t:|1779635959
|switch|p1a: Zapdos|Zapdos|100/100
|move|p2a: Meowscarada|Flower Trick|p1a: Zapdos
|-start|p2a: Meowscarada|typechange|Grass|[from] ability: Protean
|-resisted|p1a: Zapdos
|-crit|p1a: Zapdos
|-damage|p1a: Zapdos|78/100
|
|upkeep
|turn|11
|
|t:|1779635974
|switch|p2a: Ceruledge|Ceruledge, F|100/100
|move|p1a: Zapdos|Volt Switch|p2a: Ceruledge
|-damage|p2a: Ceruledge|60/100
|
|t:|1779635980
|switch|p1a: Garganacl|Garganacl, F|100/100|[from] Volt Switch
|
|upkeep
|turn|12
|
|t:|1779635986
|switch|p2a: Samurott|Samurott-Hisui, M|100/100
|move|p1a: Garganacl|Salt Cure|p2a: Samurott
|-damage|p2a: Samurott|82/100
|-start|p2a: Samurott|Salt Cure
|
|-damage|p2a: Samurott|58/100|[from] Salt Cure
|upkeep
|turn|13
|
|t:|1779635997
|switch|p1a: Zapdos|Zapdos|78/100
|move|p2a: Samurott|Ceaseless Edge|p1a: Zapdos
|-damage|p1a: Zapdos|12/100
|-sidestart|p1: redsnow0|Spikes
|
|-damage|p2a: Samurott|33/100|[from] Salt Cure
|upkeep
|turn|14
|
|t:|1779636009
|switch|p2a: Meowscarada|Meowscarada, M|100/100
|move|p1a: Zapdos|Roost|p1a: Zapdos
|-heal|p1a: Zapdos|62/100
|-singleturn|p1a: Zapdos|move: Roost
|
|upkeep
|turn|15
|
|t:|1779636019
|move|p2a: Meowscarada|Triple Axel|p1a: Zapdos
|-start|p2a: Meowscarada|typechange|Ice|[from] ability: Protean
|-supereffective|p1a: Zapdos
|-damage|p1a: Zapdos|43/100
|-supereffective|p1a: Zapdos
|-damage|p1a: Zapdos|4/100
|-supereffective|p1a: Zapdos
|-damage|p1a: Zapdos|0 fnt
|-status|p2a: Meowscarada|par|[from] ability: Static|[of] p1a: Zapdos
|faint|p1a: Zapdos
|-hitcount|p1: Zapdos|3
|
|upkeep
|
|t:|1779636036
|switch|p1a: Garganacl|Garganacl, F|100/100
|-damage|p1a: Garganacl|88/100|[from] Spikes
|turn|16
|
|t:|1779636043
|move|p2a: Meowscarada|Triple Axel|p1a: Garganacl
|-damage|p1a: Garganacl|81/100
|-damage|p1a: Garganacl|68/100
|-damage|p1a: Garganacl|50/100
|-hitcount|p1a: Garganacl|3
|move|p1a: Garganacl|Stealth Rock|p2a: Meowscarada
|-sidestart|p2: Margoullia|move: Stealth Rock
|
|-heal|p1a: Garganacl|57/100|[from] item: Leftovers
|upkeep
|turn|17
|
|t:|1779636052
|move|p2a: Meowscarada|Triple Axel|p1a: Garganacl
|-damage|p1a: Garganacl|50/100
|-crit|p1a: Garganacl
|-damage|p1a: Garganacl|31/100
|-damage|p1a: Garganacl|11/100
|-hitcount|p1a: Garganacl|3
|move|p1a: Garganacl|Recover|p1a: Garganacl
|-heal|p1a: Garganacl|61/100
|
|-heal|p1a: Garganacl|67/100|[from] item: Leftovers
|upkeep
|turn|18
|
|t:|1779636062
|switch|p2a: Samurott|Samurott-Hisui, M|33/100
|-damage|p2a: Samurott|20/100|[from] Stealth Rock
|move|p1a: Garganacl|Recover|p1a: Garganacl
|-heal|p1a: Garganacl|100/100
|
|upkeep
|turn|19
|
|t:|1779636072
|move|p2a: Samurott|Aqua Cutter|p1a: Garganacl
|-supereffective|p1a: Garganacl
|-damage|p1a: Garganacl|10/100
|move|p1a: Garganacl|Salt Cure|p2a: Samurott
|-damage|p2a: Samurott|0 fnt
|faint|p2a: Samurott
|
|-heal|p1a: Garganacl|16/100|[from] item: Leftovers
|upkeep
|
|t:|1779636084
|switch|p2a: Ceruledge|Ceruledge, F|60/100
|-damage|p2a: Ceruledge|35/100|[from] Stealth Rock
|turn|20
|
|t:|1779636092
|move|p2a: Ceruledge|Bitter Blade|p1a: Garganacl
|-resisted|p1a: Garganacl
|-damage|p1a: Garganacl|0 fnt
|-heal|p2a: Ceruledge|46/100|[from] drain|[of] p1a: Garganacl
|faint|p1a: Garganacl
|
|upkeep
|
|t:|1779636105
|switch|p1a: Dragapult|Dragapult, F|100/100
|-damage|p1a: Dragapult|88/100|[from] Spikes
|turn|21
|
|t:|1779636110
|move|p2a: Ceruledge|Shadow Sneak|p1a: Dragapult
|-supereffective|p1a: Dragapult
|-damage|p1a: Dragapult|30/100
|move|p1a: Dragapult|Shadow Ball|p2a: Ceruledge
|-supereffective|p2a: Ceruledge
|-damage|p2a: Ceruledge|0 fnt
|faint|p2a: Ceruledge
|
|upkeep
|-message|Margoullia forfeited.
|
|win|redsnow0
|raw|redsnow0's rating: 1471 &rarr; <strong>1491</strong><br />(+20 for winning)
|raw|Margoullia's rating: 1465 &rarr; <strong>1445</strong><br />(-20 for losing)
|l|‽Margoullia
|player|p2|
|l|☆redsnow0
|player|p1|
