|j|☆MarsIronPI
|j|☆Onaerybluer
|t:|1779707735
|gametype|singles
|player|p1|MarsIronPI|scientist-gen4dp|1173
|player|p2|Onaerybluer|bellelba|1234
|gen|9
|tier|[Gen 9] OU
|rated|
|rule|HP Percentage Mod: HP is shown in percentages
|rule|Endless Battle Clause: Forcing endless battles is banned
|rule|Species Clause: Limit one of each Pokémon
|rule|OHKO Clause: OHKO moves are banned
|rule|Evasion Items Clause: Evasion items are banned
|rule|Evasion Moves Clause: Evasion moves are banned
|rule|Evasion Abilities Clause: Evasion abilities are banned
|rule|Sleep Moves Clause: Sleep-inducing moves are banned
|clearpoke
|poke|p1|Iron Moth|
|poke|p1|Rillaboom, M|
|poke|p1|Hawlucha, M|
|poke|p1|Kingambit, M|
|poke|p1|Heatran, F|
|poke|p1|Great Tusk|
|poke|p2|Cinderace, F|
|poke|p2|Vespiquen, F|
|poke|p2|Primarina, F|
|poke|p2|Meowscarada, F|
|poke|p2|Hatterene, F|
|poke|p2|Gliscor, F|
|teampreview
|inactive|Battle timer is ON: inactive players will automatically lose when time's up. (requested by Onaerybluer)
|inactive|MarsIronPI also wants the timer to be on.
|
|t:|1779707744
|teamsize|p1|6
|teamsize|p2|6
|start
|switch|p1a: Great Tusk|Great Tusk|100/100
|switch|p2a: Belle|Meowscarada, F, shiny|100/100
|turn|1
|
|t:|1779707755
|move|p2a: Belle|Flower Trick|p1a: Great Tusk
|-start|p2a: Belle|typechange|Grass|[from] ability: Protean
|-supereffective|p1a: Great Tusk
|-crit|p1a: Great Tusk
|-damage|p1a: Great Tusk|26/100
|move|p1a: Great Tusk|Ice Spinner|p2a: Belle
|-supereffective|p2a: Belle
|-damage|p2a: Belle|8/100
|
|upkeep
|turn|2
|
|t:|1779707773
|-end|p1a: Great Tusk|Protosynthesis|[silent]
|switch|p1a: Heatran|Heatran, F|100/100
|-item|p1a: Heatran|Air Balloon
|move|p2a: Belle|Flower Trick|p1a: Heatran
|-resisted|p1a: Heatran
|-crit|p1a: Heatran
|-damage|p1a: Heatran|89/100
|-enditem|p1a: Heatran|Air Balloon
|
|upkeep
|turn|3
|
|t:|1779707785
|switch|p2a: Ashley|Cinderace, F, shiny|100/100
|move|p1a: Heatran|Taunt|p2a: Ashley
|-start|p2a: Ashley|move: Taunt
|
|upkeep
|turn|4
|
|t:|1779707795
|move|p2a: Ashley|High Jump Kick|p1a: Heatran
|-start|p2a: Ashley|typechange|Fighting|[from] ability: Libero
|-supereffective|p1a: Heatran
|-damage|p1a: Heatran|0 fnt
|faint|p1a: Heatran
|-damage|p2a: Ashley|91/100|[from] item: Life Orb
|
|upkeep
|
|t:|1779707805
|switch|p1a: Rillaboom|Rillaboom, M|100/100
|-fieldstart|move: Grassy Terrain|[from] ability: Grassy Surge|[of] p1a: Rillaboom
|turn|5
|
|t:|1779707810
|switch|p2a: Buffy|Vespiquen, F|100/100
|-ability|p2a: Buffy|Pressure
|move|p1a: Rillaboom|U-turn|p2a: Buffy
|-resisted|p2a: Buffy
|-damage|p2a: Buffy|87/100
|
|t:|1779707818
|switch|p1a: Hawlucha|Hawlucha, M|100/100|[from] U-turn
|-enditem|p1a: Hawlucha|Grassy Seed
|-boost|p1a: Hawlucha|def|1|[from] item: Grassy Seed
|
|upkeep
|turn|6
|
|t:|1779707835
|move|p1a: Hawlucha|Swords Dance|p1a: Hawlucha
|-boost|p1a: Hawlucha|atk|2
|move|p2a: Buffy|Toxic|p1a: Hawlucha
|-status|p1a: Hawlucha|tox
|
|-damage|p1a: Hawlucha|94/100 tox|[from] psn
|upkeep
|turn|7
|
|t:|1779707843
|move|p2a: Buffy|Protect|p2a: Buffy
|-singleturn|p2a: Buffy|Protect
|move|p1a: Hawlucha|Acrobatics|p2a: Buffy
|-activate|p2a: Buffy|move: Protect
|
|-damage|p1a: Hawlucha|82/100 tox|[from] psn
|upkeep
|turn|8
|
|t:|1779707850
|move|p1a: Hawlucha|Acrobatics|p2a: Buffy
|-supereffective|p2a: Buffy
|-damage|p2a: Buffy|0 fnt
|faint|p2a: Buffy
|
|-damage|p1a: Hawlucha|64/100 tox|[from] psn
|upkeep
|
|t:|1779707852
|switch|p2a: Bi-Decker|Gliscor, F, shiny|100/100
|turn|9
|
|t:|1779707860
|move|p2a: Bi-Decker|Protect|p2a: Bi-Decker
|-singleturn|p2a: Bi-Decker|Protect
|move|p1a: Hawlucha|Acrobatics|p2a: Bi-Decker
|-activate|p2a: Bi-Decker|move: Protect
|
|-damage|p1a: Hawlucha|40/100 tox|[from] psn
|-fieldend|move: Grassy Terrain
|-status|p2a: Bi-Decker|tox|[from] item: Toxic Orb
|upkeep
|turn|10
|
|t:|1779707869
|move|p1a: Hawlucha|Acrobatics|p2a: Bi-Decker
|-damage|p2a: Bi-Decker|38/100 tox
|move|p2a: Bi-Decker|Swords Dance|p2a: Bi-Decker
|-boost|p2a: Bi-Decker|atk|2
|
|-damage|p1a: Hawlucha|10/100 tox|[from] psn
|-heal|p2a: Bi-Decker|50/100 tox|[from] ability: Poison Heal
|upkeep
|turn|11
|
|t:|1779707879
|move|p2a: Bi-Decker|Protect|p2a: Bi-Decker
|-singleturn|p2a: Bi-Decker|Protect
|move|p1a: Hawlucha|Encore|p2a: Bi-Decker
|-activate|p2a: Bi-Decker|move: Protect
|
|-damage|p1a: Hawlucha|0 fnt|[from] psn
|faint|p1a: Hawlucha
|-heal|p2a: Bi-Decker|63/100 tox|[from] ability: Poison Heal
|upkeep
|
|t:|1779707887
|switch|p1a: Rillaboom|Rillaboom, M|100/100
|-fieldstart|move: Grassy Terrain|[from] ability: Grassy Surge|[of] p1a: Rillaboom
|turn|12
|
|t:|1779707891
|move|p1a: Rillaboom|Grassy Glide|p2a: Bi-Decker
|-damage|p2a: Bi-Decker|28/100 tox
|move|p2a: Bi-Decker|Facade|p1a: Rillaboom
|-damage|p1a: Rillaboom|36/100
|
|-heal|p1a: Rillaboom|42/100|[from] Grassy Terrain
|-heal|p2a: Bi-Decker|41/100 tox|[from] ability: Poison Heal
|upkeep
|turn|13
|
|t:|1779707901
|move|p2a: Bi-Decker|Protect|p2a: Bi-Decker
|-singleturn|p2a: Bi-Decker|Protect
|move|p1a: Rillaboom|Grassy Glide|p2a: Bi-Decker
|-activate|p2a: Bi-Decker|move: Protect
|
|-heal|p1a: Rillaboom|48/100|[from] Grassy Terrain
|-heal|p2a: Bi-Decker|53/100 tox|[from] ability: Poison Heal
|upkeep
|turn|14
|-message|MarsIronPI forfeited.
|
|win|Onaerybluer
|raw|MarsIronPI's rating: 1173 &rarr; <strong>1152</strong><br />(-21 for losing)
|raw|Onaerybluer's rating: 1234 &rarr; <strong>1255</strong><br />(+21 for winning)
|l|☆MarsIronPI
|player|p1|
|l|☆Onaerybluer
|player|p2|
