|j|☆louzy_racoon
|j|☆gvgvjvfcgv
|t:|1779600928
|gametype|singles
|player|p1|louzy_racoon|acetrainer-gen4dp|1083
|player|p2|gvgvjvfcgv|266|1085
|gen|9
|tier|[Gen 9] OU
|rated|
|rule|HP Percentage Mod: HP is shown in percentages
|rule|Endless Battle Clause: Forcing endless battles is banned
|rule|Species Clause: Limit one of each Pokémon
|rule|OHKO Clause: OHKO moves are banned
|rule|Evasion Items Clause: Evasion items are banned
|rule|Evasion Moves Clause: Evasion moves are banned
|rule|Evasion Abilities Clause: Evasion abilities are banned
|rule|Sleep Moves Clause: Sleep-inducing moves are banned
|clearpoke
|poke|p1|Sceptile, F|
|poke|p1|Great Tusk|
|poke|p1|Charizard, F|
|poke|p1|Dusknoir, M|
|poke|p1|Grimmsnarl, M|
|poke|p1|Kingambit, F|
|poke|p2|Dragonite, F|
|poke|p2|Clefable, F|
|poke|p2|Arcanine-Hisui, F|
|poke|p2|Moltres|
|poke|p2|Haunter, F|
|poke|p2|Gengar, M|
|teampreview
|inactive|Battle timer is ON: inactive players will automatically lose when time's up. (requested by louzy_racoon)
|
|t:|1779600934
|teamsize|p1|6
|teamsize|p2|6
|start
|switch|p1a: Dusknoir|Dusknoir, M, shiny|100/100
|switch|p2a: Lil bro|Haunter, F|100/100
|-item|p2a: Lil bro|Focus Sash|[from] ability: Frisk|[of] p1a: Dusknoir
|turn|1
|
|t:|1779600953
|move|p2a: Lil bro|Taunt|p1a: Dusknoir
|-start|p1a: Dusknoir|move: Taunt
|cant|p1a: Dusknoir|move: Taunt|Trick Room
|
|upkeep
|turn|2
|
|t:|1779600958
|move|p2a: Lil bro|Mean Look||[still]
|-fail|p2a: Lil bro
|move|p1a: Dusknoir|Poltergeist|p2a: Lil bro
|-activate|p2a: Lil bro|move: Poltergeist|Focus Sash
|-supereffective|p2a: Lil bro
|-enditem|p2a: Lil bro|Focus Sash
|-damage|p2a: Lil bro|1/100
|
|upkeep
|turn|3
|
|t:|1779600968
|move|p2a: Lil bro|Destiny Bond|p2a: Lil bro
|-singlemove|p2a: Lil bro|Destiny Bond
|move|p1a: Dusknoir|Ice Punch|p2a: Lil bro
|-damage|p2a: Lil bro|0 fnt
|faint|p2a: Lil bro
|-activate|p2a: Lil bro|move: Destiny Bond
|faint|p1a: Dusknoir
|
|upkeep
|
|t:|1779600978
|switch|p2a: Big bro|Gengar, M|100/100
|switch|p1a: Great Tusk|Great Tusk|100/100
|-enditem|p1a: Great Tusk|Booster Energy
|-activate|p1a: Great Tusk|ability: Protosynthesis|[fromitem]
|-start|p1a: Great Tusk|protosynthesisdef
|turn|4
|
|t:|1779600988
|move|p2a: Big bro|Destiny Bond|p2a: Big bro
|-singlemove|p2a: Big bro|Destiny Bond
|move|p1a: Great Tusk|Stealth Rock|p2a: Big bro
|-sidestart|p2: gvgvjvfcgv|move: Stealth Rock
|
|upkeep
|turn|5
|
|t:|1779601001
|switch|p2a: Moltres|Moltres|100/100
|move|p1a: Great Tusk|Earthquake|p2a: Moltres
|-immune|p2a: Moltres
|
|upkeep
|turn|6
|
|t:|1779601013
|-end|p1a: Great Tusk|Protosynthesis|[silent]
|switch|p1a: Charizard|Charizard, F, shiny|100/100
|move|p2a: Moltres|Will-O-Wisp|p1a: Charizard
|-immune|p1a: Charizard
|
|upkeep
|turn|7
|
|t:|1779601024
|switch|p2a: Arcanine|Arcanine-Hisui, F|100/100
|-damage|p2a: Arcanine|76/100|[from] Stealth Rock
|move|p1a: Charizard|Air Slash|p2a: Arcanine
|-resisted|p2a: Arcanine
|-damage|p2a: Arcanine|53/100
|
|upkeep
|turn|8
|
|t:|1779601039
|move|p2a: Arcanine|Head Smash|p1a: Charizard
|-supereffective|p1a: Charizard
|-damage|p1a: Charizard|0 fnt
|faint|p1a: Charizard
|
|upkeep
|
|t:|1779601047
|switch|p1a: Great Tusk|Great Tusk|100/100
|turn|9
|
|t:|1779601056
|switch|p2a: Moltres|Moltres|100/100
|move|p1a: Great Tusk|Rapid Spin|p2a: Moltres
|-damage|p2a: Moltres|89/100
|-boost|p1a: Great Tusk|spe|1
|
|upkeep
|turn|10
|
|t:|1779601064
|move|p1a: Great Tusk|Earthquake|p2a: Moltres
|-immune|p2a: Moltres
|move|p2a: Moltres|Will-O-Wisp|p1a: Great Tusk
|-status|p1a: Great Tusk|brn
|
|-damage|p1a: Great Tusk|94/100 brn|[from] brn
|upkeep
|turn|11
|
|t:|1779601072
|move|p1a: Great Tusk|Body Press|p2a: Moltres
|-resisted|p2a: Moltres
|-damage|p2a: Moltres|82/100
|move|p2a: Moltres|Flamethrower|p1a: Great Tusk
|-damage|p1a: Great Tusk|52/100 brn
|
|-damage|p1a: Great Tusk|46/100 brn|[from] brn
|upkeep
|turn|12
|-message|louzy_racoon forfeited.
|
|win|gvgvjvfcgv
|raw|louzy_racoon's rating: 1083 &rarr; <strong>1061</strong><br />(-22 for losing)
|raw|gvgvjvfcgv's rating: 1085 &rarr; <strong>1112</strong><br />(+27 for winning)
|l|☆louzy_racoon
|player|p1|
|l|☆gvgvjvfcgv
|player|p2|
