|j|☆elementalbalance
|j|☆bbperreo
|t:|1779695990
|gametype|singles
|player|p1|elementalbalance|ghetsis|1102
|player|p2|bbperreo|hilbert|1076
|gen|9
|tier|[Gen 9] OU
|rated|
|rule|HP Percentage Mod: HP is shown in percentages
|rule|Endless Battle Clause: Forcing endless battles is banned
|rule|Species Clause: Limit one of each Pokémon
|rule|OHKO Clause: OHKO moves are banned
|rule|Evasion Items Clause: Evasion items are banned
|rule|Evasion Moves Clause: Evasion moves are banned
|rule|Evasion Abilities Clause: Evasion abilities are banned
|rule|Sleep Moves Clause: Sleep-inducing moves are banned
|clearpoke
|poke|p1|Pelipper, F|
|poke|p1|Tauros-Paldea-Aqua, M|
|poke|p1|Politoed, M|
|poke|p1|Basculegion, M|
|poke|p1|Kingdra, M|
|poke|p1|Floatzel, F|
|poke|p2|Samurott-Hisui, F|
|poke|p2|Great Tusk|
|poke|p2|Salamence, F|
|poke|p2|Rotom-Wash|
|poke|p2|Metagross|
|poke|p2|Gholdengo|
|teampreview
|
|t:|1779695994
|teamsize|p1|6
|teamsize|p2|6
|start
|switch|p1a: Pelipper|Pelipper, F|100/100
|switch|p2a: Samurott|Samurott-Hisui, F, shiny|100/100
|turn|1
|
|t:|1779696003
|move|p2a: Samurott|Ceaseless Edge|p1a: Pelipper
|-damage|p1a: Pelipper|64/100
|-sidestart|p1: elementalbalance|Spikes
|move|p1a: Pelipper|Rain Dance|p1a: Pelipper
|-weather|RainDance
|
|-weather|RainDance|[upkeep]
|-heal|p1a: Pelipper|70/100|[from] ability: Rain Dish
|upkeep
|turn|2
|
|t:|1779696011
|switch|p1a: Kingdra|Kingdra, M|100/100
|-damage|p1a: Kingdra|88/100|[from] Spikes
|move|p2a: Samurott|Knock Off|p1a: Kingdra
|-damage|p1a: Kingdra|34/100
|-enditem|p1a: Kingdra|Choice Band|[from] move: Knock Off|[of] p2a: Samurott
|
|-weather|RainDance|[upkeep]
|upkeep
|turn|3
|inactive|Battle timer is ON: inactive players will automatically lose when time's up. (requested by elementalbalance)
|
|t:|1779696042
|switch|p2a: Metagross|Metagross, shiny|100/100
|move|p1a: Kingdra|Wave Crash|p2a: Metagross
|-damage|p2a: Metagross|43/100
|-damage|p1a: Kingdra|10/100|[from] Recoil
|
|-weather|RainDance|[upkeep]
|upkeep
|turn|4
|
|t:|1779696049
|move|p2a: Metagross|Bullet Punch|p1a: Kingdra
|-resisted|p1a: Kingdra
|-damage|p1a: Kingdra|0 fnt
|faint|p1a: Kingdra
|
|-weather|RainDance|[upkeep]
|upkeep
|
|t:|1779696055
|switch|p1a: Basculegion|Basculegion, M|100/100
|-damage|p1a: Basculegion|88/100|[from] Spikes
|turn|5
|
|t:|1779696059
|switch|p2a: Rotom|Rotom-Wash, shiny|100/100
|-terastallize|p1a: Basculegion|Water
|move|p1a: Basculegion|Wave Crash|p2a: Rotom
|-resisted|p2a: Rotom
|-damage|p2a: Rotom|25/100
|-damage|p1a: Basculegion|68/100|[from] Recoil
|
|-weather|RainDance|[upkeep]
|-heal|p2a: Rotom|31/100|[from] item: Leftovers
|upkeep
|turn|6
|
|t:|1779696070
|move|p1a: Basculegion|Wave Crash|p2a: Rotom
|-resisted|p2a: Rotom
|-damage|p2a: Rotom|0 fnt
|faint|p2a: Rotom
|-damage|p1a: Basculegion|60/100|[from] Recoil
|
|-weather|RainDance|[upkeep]
|upkeep
|
|t:|1779696079
|switch|p2a: Samurott|Samurott-Hisui, F, shiny|100/100
|turn|7
|
|t:|1779696086
|move|p1a: Basculegion|Wave Crash|p2a: Samurott
|-resisted|p2a: Samurott
|-enditem|p2a: Samurott|Focus Sash
|-damage|p2a: Samurott|1/100
|-damage|p1a: Basculegion|33/100|[from] Recoil
|move|p2a: Samurott|Knock Off|p1a: Basculegion
|-damage|p1a: Basculegion|0 fnt
|-enditem|p1a: Basculegion|Choice Band|[from] move: Knock Off|[of] p2a: Samurott
|faint|p1a: Basculegion
|
|-weather|RainDance|[upkeep]
|upkeep
|
|t:|1779696094
|switch|p1a: Pelipper|Pelipper, F|70/100
|turn|8
|
|t:|1779696104
|switch|p2a: Gholdengo|Gholdengo|100/100
|move|p1a: Pelipper|Dual Wingbeat|p2a: Gholdengo
|-resisted|p2a: Gholdengo
|-damage|p2a: Gholdengo|96/100
|-resisted|p2a: Gholdengo
|-damage|p2a: Gholdengo|91/100
|-hitcount|p2a: Gholdengo|2
|
|-weather|none
|upkeep
|turn|9
|
|t:|1779696119
|move|p2a: Gholdengo|Shadow Ball|p1a: Pelipper
|-damage|p1a: Pelipper|11/100
|-unboost|p1a: Pelipper|spd|1
|move|p1a: Pelipper|Rain Dance|p1a: Pelipper
|-weather|RainDance
|
|-weather|RainDance|[upkeep]
|-heal|p1a: Pelipper|17/100|[from] ability: Rain Dish
|upkeep
|turn|10
|
|t:|1779696127
|move|p2a: Gholdengo|Shadow Ball|p1a: Pelipper
|-damage|p1a: Pelipper|0 fnt
|faint|p1a: Pelipper
|
|-weather|RainDance|[upkeep]
|upkeep
|
|t:|1779696140
|switch|p1a: Floatzel|Floatzel, F, shiny|100/100
|-damage|p1a: Floatzel|88/100|[from] Spikes
|turn|11
|
|t:|1779696146
|move|p1a: Floatzel|Wave Crash|p2a: Gholdengo
|-damage|p2a: Gholdengo|0 fnt
|faint|p2a: Gholdengo
|-damage|p1a: Floatzel|58/100|[from] Recoil
|
|-weather|RainDance|[upkeep]
|upkeep
|
|t:|1779696155
|switch|p2a: Salamence|Salamence, F|100/100
|turn|12
|
|t:|1779696176
|-terastallize|p2a: Salamence|Flying
|move|p1a: Floatzel|Wave Crash|p2a: Salamence
|-damage|p2a: Salamence|0 fnt
|faint|p2a: Salamence
|-damage|p1a: Floatzel|23/100|[from] Recoil
|
|-weather|RainDance|[upkeep]
|upkeep
|
|t:|1779696183
|switch|p2a: Metagross|Metagross, shiny|43/100
|turn|13
|
|t:|1779696189
|move|p2a: Metagross|Bullet Punch|p1a: Floatzel
|-resisted|p1a: Floatzel
|-damage|p1a: Floatzel|3/100
|move|p1a: Floatzel|Wave Crash|p2a: Metagross
|-damage|p2a: Metagross|0 fnt
|faint|p2a: Metagross
|-damage|p1a: Floatzel|0 fnt|[from] Recoil
|faint|p1a: Floatzel
|
|-weather|RainDance|[upkeep]
|upkeep
|
|t:|1779696199
|switch|p1a: Tauros|Tauros-Paldea-Aqua, M|100/100
|switch|p2a: Great Tusk|Great Tusk|100/100
|-damage|p1a: Tauros|88/100|[from] Spikes
|turn|14
|
|t:|1779696209
|move|p1a: Tauros|Wave Crash|p2a: Great Tusk
|-supereffective|p2a: Great Tusk
|-damage|p2a: Great Tusk|0 fnt
|faint|p2a: Great Tusk
|-end|p2a: Great Tusk|Protosynthesis|[silent]
|-damage|p1a: Tauros|46/100|[from] Recoil
|
|-weather|RainDance|[upkeep]
|upkeep
|
|t:|1779696215
|switch|p2a: Samurott|Samurott-Hisui, F, shiny|1/100
|turn|15
|
|t:|1779696218
|move|p1a: Tauros|Wave Crash|p2a: Samurott
|-resisted|p2a: Samurott
|-crit|p2a: Samurott
|-damage|p2a: Samurott|0 fnt
|faint|p2a: Samurott
|-damage|p1a: Tauros|46/100|[from] Recoil
|
|win|elementalbalance
|raw|elementalbalance's rating: 1056 &rarr; <strong>1089</strong><br />(+33 for winning)
|raw|bbperreo's rating: 1076 &rarr; <strong>1053</strong><br />(-23 for losing)
|c|☆elementalbalance|!showteam
|c| elementalbalance|/raw <div class="infobox"><details><summary>View team</summary>Pelipper @ Damp Rock  <br />Ability: Rain Dish  <br />Tera Type: Normal  <br />EVs: 228 HP &#x2f; 36 Atk &#x2f; 244 Def  <br />Relaxed Nature  <br />- Rain Dance  <br />- Dual Wingbeat  <br /><br />Tauros (Tauros-Paldea-Aqua) (M) @ Choice Scarf  <br />Ability: Anger Point  <br />Tera Type: Water  <br />EVs: 252 Atk &#x2f; 4 SpD &#x2f; 252 Spe  <br />Adamant Nature  <br />- Wave Crash  <br />- Close Combat  <br />- Stone Edge  <br />- Raging Bull  <br /><br />Politoed @ Damp Rock  <br />Ability: Water Absorb  <br />Shiny: Yes  <br />Tera Type: Normal  <br />EVs: 248 HP &#x2f; 252 Atk &#x2f; 8 SpA  <br />Brave Nature  <br />- Perish Song  <br />- Giga Impact  <br />- Rain Dance  <br /><br />Basculegion (M) @ Choice Band  <br />Ability: Swift Swim  <br />Tera Type: Water  <br />EVs: 252 Atk &#x2f; 4 SpD &#x2f; 252 Spe  <br />Adamant Nature  <br />- Wave Crash  <br />- Head Smash  <br /><br />Kingdra @ Choice Band  <br />Ability: Swift Swim  <br />Tera Type: Water  <br />EVs: 252 Atk &#x2f; 252 Spe  <br />Adamant Nature  <br />- Wave Crash  <br />- Hydro Pump  <br /><br />Floatzel @ Choice Band  <br />Ability: Swift Swim  <br />Shiny: Yes  <br />Tera Type: Water  <br />EVs: 252 Atk &#x2f; 252 Spe  <br />Adamant Nature  <br />- Wave Crash  <br />- Hydro Pump  <br /><br /></details></div>
|l|☆bbperreo
|player|p2|
