|j|☆CyberH3
|j|☆goodnightnite
|t:|1779637320
|gametype|singles
|player|p1|CyberH3|266|1545
|player|p2|goodnightnite|miku-water|1594
|gen|9
|tier|[Gen 9] OU
|rated|
|rule|HP Percentage Mod: HP is shown in percentages
|rule|Endless Battle Clause: Forcing endless battles is banned
|rule|Species Clause: Limit one of each Pokémon
|rule|OHKO Clause: OHKO moves are banned
|rule|Evasion Items Clause: Evasion items are banned
|rule|Evasion Moves Clause: Evasion moves are banned
|rule|Evasion Abilities Clause: Evasion abilities are banned
|rule|Sleep Moves Clause: Sleep-inducing moves are banned
|clearpoke
|poke|p1|Pecharunt|
|poke|p1|Zapdos|
|poke|p1|Araquanid, M|
|poke|p1|Ogerpon-Wellspring, F|
|poke|p1|Iron Treads|
|poke|p1|Cinderace, M|
|poke|p2|Hoopa|
|poke|p2|Cinderace, M|
|poke|p2|Mandibuzz, F|
|poke|p2|Kyurem|
|poke|p2|Ting-Lu|
|poke|p2|Manaphy|
|teampreview
|inactive|Battle timer is ON: inactive players will automatically lose when time's up. (requested by goodnightnite)
|
|t:|1779637335
|teamsize|p1|6
|teamsize|p2|6
|start
|switch|p1a: Cinderace|Cinderace, M|100/100
|switch|p2a: Ting-Lucifer|Ting-Lu|100/100
|-ability|p2a: Ting-Lucifer|Vessel of Ruin
|turn|1
|
|t:|1779637347
|move|p1a: Cinderace|High Jump Kick|p2a: Ting-Lucifer
|-start|p1a: Cinderace|typechange|Fighting|[from] ability: Libero
|-supereffective|p2a: Ting-Lucifer
|-damage|p2a: Ting-Lucifer|0 fnt
|faint|p2a: Ting-Lucifer
|-damage|p1a: Cinderace|91/100|[from] item: Life Orb
|
|upkeep
|
|t:|1779637358
|switch|p2a: Kyurem|Kyurem|100/100
|-ability|p2a: Kyurem|Pressure
|turn|2
|
|t:|1779637365
|switch|p2a: Hoopa|Hoopa|100/100
|move|p1a: Cinderace|Pyro Ball|p2a: Hoopa|[miss]
|-miss|p1a: Cinderace|p2a: Hoopa
|
|upkeep
|turn|3
|
|t:|1779637376
|switch|p2a: Mandibuzz|Mandibuzz, F, shiny|100/100
|move|p1a: Cinderace|Sucker Punch||[still]
|-fail|p1a: Cinderace
|
|upkeep
|turn|4
|
|t:|1779637381
|switch|p1a: Zapdos|Zapdos|100/100
|move|p2a: Mandibuzz|Toxic|p1a: Zapdos
|-status|p1a: Zapdos|tox
|
|-damage|p1a: Zapdos|94/100 tox|[from] psn
|upkeep
|turn|5
|
|t:|1779637387
|switch|p2a: Kyurem|Kyurem|100/100
|-ability|p2a: Kyurem|Pressure
|move|p1a: Zapdos|Discharge|p2a: Kyurem
|-resisted|p2a: Kyurem
|-damage|p2a: Kyurem|81/100
|-status|p2a: Kyurem|par
|
|-damage|p1a: Zapdos|82/100 tox|[from] psn
|upkeep
|turn|6
|
|t:|1779637400
|move|p2a: Kyurem|Ice Beam|p1a: Zapdos
|-supereffective|p1a: Zapdos
|-damage|p1a: Zapdos|0 fnt
|faint|p1a: Zapdos
|
|upkeep
|
|t:|1779637407
|switch|p1a: Araquanid|Araquanid, M|100/100
|turn|7
|
|t:|1779637413
|switch|p2a: Manaphy|Manaphy|100/100
|move|p1a: Araquanid|Liquidation|p2a: Manaphy
|-resisted|p2a: Manaphy
|-damage|p2a: Manaphy|72/100
|
|-heal|p2a: Manaphy|78/100|[from] item: Leftovers
|upkeep
|turn|8
|
|t:|1779637420
|switch|p1a: Ogerpon|Ogerpon-Wellspring, F|100/100
|move|p2a: Manaphy|Tail Glow|p2a: Manaphy
|-boost|p2a: Manaphy|spa|3
|
|-heal|p2a: Manaphy|84/100|[from] item: Leftovers
|upkeep
|turn|9
|
|t:|1779637424
|move|p1a: Ogerpon|Encore|p2a: Manaphy
|-start|p2a: Manaphy|Encore
|move|p2a: Manaphy|Tail Glow|p2a: Manaphy
|-boost|p2a: Manaphy|spa|3
|
|-heal|p2a: Manaphy|90/100|[from] item: Leftovers
|upkeep
|turn|10
|
|t:|1779637429
|switch|p2a: Mandibuzz|Mandibuzz, F, shiny|100/100
|move|p1a: Ogerpon|Ivy Cudgel|p2a: Mandibuzz|[anim] Ivy Cudgel Water
|-damage|p2a: Mandibuzz|67/100
|
|upkeep
|turn|11
|
|t:|1779637436
|switch|p1a: Araquanid|Araquanid, M|100/100
|move|p2a: Mandibuzz|Roost|p2a: Mandibuzz
|-heal|p2a: Mandibuzz|100/100
|-singleturn|p2a: Mandibuzz|move: Roost
|
|upkeep
|turn|12
|
|t:|1779637444
|move|p2a: Mandibuzz|Toxic|p1a: Araquanid
|-status|p1a: Araquanid|tox
|move|p1a: Araquanid|Liquidation|p2a: Mandibuzz
|-damage|p2a: Mandibuzz|65/100
|-damage|p1a: Araquanid|84/100 tox|[from] item: Rocky Helmet|[of] p2a: Mandibuzz
|
|-damage|p1a: Araquanid|78/100 tox|[from] psn
|upkeep
|turn|13
|
|t:|1779637453
|move|p2a: Mandibuzz|Foul Play|p1a: Araquanid
|-damage|p1a: Araquanid|36/100 tox
|move|p1a: Araquanid|Liquidation|p2a: Mandibuzz
|-damage|p2a: Mandibuzz|30/100
|-unboost|p2a: Mandibuzz|def|1
|-damage|p1a: Araquanid|19/100 tox|[from] item: Rocky Helmet|[of] p2a: Mandibuzz
|
|-damage|p1a: Araquanid|7/100 tox|[from] psn
|upkeep
|turn|14
|-enditem|p1a: Araquanid|Custap Berry|[eat]
|-activate|p1a: Araquanid|item: Custap Berry|[consumed]
|
|t:|1779637462
|move|p1a: Araquanid|Liquidation|p2a: Mandibuzz
|-damage|p2a: Mandibuzz|0 fnt
|-damage|p1a: Araquanid|0 fnt|[from] item: Rocky Helmet|[of] p2a: Mandibuzz
|faint|p2a: Mandibuzz
|faint|p1a: Araquanid
|
|upkeep
|
|t:|1779637468
|switch|p2a: Cinderace|Cinderace, M|100/100
|switch|p1a: Pecharunt|Pecharunt|100/100
|turn|15
|
|t:|1779637476
|-terastallize|p2a: Cinderace|Fire
|move|p2a: Cinderace|Pyro Ball|p1a: Pecharunt|[miss]
|-miss|p2a: Cinderace|p1a: Pecharunt
|move|p1a: Pecharunt|Malignant Chain|p2a: Cinderace
|-damage|p2a: Cinderace|34/100
|
|upkeep
|turn|16
|
|t:|1779637482
|move|p2a: Cinderace|Pyro Ball|p1a: Pecharunt
|-damage|p1a: Pecharunt|47/100
|move|p1a: Pecharunt|Malignant Chain|p2a: Cinderace
|-damage|p2a: Cinderace|0 fnt
|faint|p2a: Cinderace
|
|-heal|p1a: Pecharunt|53/100|[from] item: Leftovers
|upkeep
|-message|goodnightnite forfeited.
|
|win|CyberH3
|raw|CyberH3's rating: 1545 &rarr; <strong>1568</strong><br />(+23 for winning)
|raw|goodnightnite's rating: 1594 &rarr; <strong>1571</strong><br />(-23 for losing)
|l|☆goodnightnite
|player|p2|
