|j|☆respectmydih
|j|☆Ramolum
|t:|1779609640
|gametype|singles
|player|p1|respectmydih|blue|1051
|player|p2|Ramolum|169|1091
|gen|9
|tier|[Gen 9] OU
|rated|
|rule|HP Percentage Mod: HP is shown in percentages
|rule|Endless Battle Clause: Forcing endless battles is banned
|rule|Species Clause: Limit one of each Pokémon
|rule|OHKO Clause: OHKO moves are banned
|rule|Evasion Items Clause: Evasion items are banned
|rule|Evasion Moves Clause: Evasion moves are banned
|rule|Evasion Abilities Clause: Evasion abilities are banned
|rule|Sleep Moves Clause: Sleep-inducing moves are banned
|clearpoke
|poke|p1|Pecharunt|
|poke|p1|Cinccino, F|
|poke|p1|Ogerpon-Wellspring, F|
|poke|p1|Rillaboom, F|
|poke|p1|Raging Bolt|
|poke|p1|Kingambit, F|
|poke|p2|Dragapult, F|
|poke|p2|Gyarados, F|
|poke|p2|Tyranitar, M|
|poke|p2|Frosmoth, F|
|poke|p2|Lilligant, F|
|poke|p2|Oricorio, M|
|teampreview
|inactive|Battle timer is ON: inactive players will automatically lose when time's up. (requested by Ramolum)
|
|t:|1779609658
|teamsize|p1|6
|teamsize|p2|6
|start
|switch|p1a: Rillaboom|Rillaboom, F, shiny|100/100
|switch|p2a: Tyranitar|Tyranitar, M|100/100
|-fieldstart|move: Grassy Terrain|[from] ability: Grassy Surge|[of] p1a: Rillaboom
|-weather|Sandstorm|[from] ability: Sand Stream|[of] p2a: Tyranitar
|turn|1
|
|t:|1779609668
|switch|p2a: Lilligant|Lilligant, F|100/100
|move|p1a: Rillaboom|Low Kick|p2a: Lilligant
|-damage|p2a: Lilligant|84/100
|
|-weather|Sandstorm|[upkeep]
|-damage|p1a: Rillaboom|94/100|[from] Sandstorm
|-damage|p2a: Lilligant|78/100|[from] Sandstorm
|-heal|p1a: Rillaboom|100/100|[from] Grassy Terrain
|-heal|p2a: Lilligant|84/100|[from] Grassy Terrain
|-heal|p2a: Lilligant|91/100|[from] item: Leftovers
|upkeep
|turn|2
|
|t:|1779609694
|switch|p1a: poison|Pecharunt|100/100
|move|p2a: Lilligant|Quiver Dance|p2a: Lilligant
|-boost|p2a: Lilligant|spa|1
|-boost|p2a: Lilligant|spd|1
|-boost|p2a: Lilligant|spe|1
|
|-weather|Sandstorm|[upkeep]
|-damage|p2a: Lilligant|84/100|[from] Sandstorm
|-damage|p1a: poison|95/100|[from] Sandstorm
|-heal|p2a: Lilligant|91/100|[from] Grassy Terrain
|-heal|p2a: Lilligant|97/100|[from] item: Leftovers
|-heal|p1a: poison|100/100|[from] Grassy Terrain
|upkeep
|turn|3
|
|t:|1779609711
|move|p2a: Lilligant|Energy Ball|p1a: poison
|-resisted|p1a: poison
|-crit|p1a: poison
|-damage|p1a: poison|15/100
|move|p1a: poison|Malignant Chain|p2a: Lilligant
|-supereffective|p2a: Lilligant
|-damage|p2a: Lilligant|10/100
|
|-weather|Sandstorm|[upkeep]
|-damage|p2a: Lilligant|4/100|[from] Sandstorm
|-damage|p1a: poison|9/100|[from] Sandstorm
|-heal|p2a: Lilligant|10/100|[from] Grassy Terrain
|-heal|p2a: Lilligant|17/100|[from] item: Leftovers
|-heal|p1a: poison|15/100|[from] Grassy Terrain
|-heal|p1a: poison|21/100|[from] item: Leftovers
|upkeep
|turn|4
|
|t:|1779609726
|move|p2a: Lilligant|Giga Drain|p1a: poison
|-resisted|p1a: poison
|-damage|p1a: poison|0 fnt
|-heal|p2a: Lilligant|28/100|[from] drain|[of] p1a: poison
|faint|p1a: poison
|
|-weather|Sandstorm|[upkeep]
|-damage|p2a: Lilligant|22/100|[from] Sandstorm
|-heal|p2a: Lilligant|28/100|[from] Grassy Terrain
|-heal|p2a: Lilligant|34/100|[from] item: Leftovers
|upkeep
|inactive|respectmydih has 120 seconds left.
|
|t:|1779609744
|switch|p1a: hamster|Cinccino, F, shiny|100/100
|turn|5
|inactive|respectmydih has 120 seconds left.
|
|t:|1779609752
|move|p1a: hamster|Tidy Up|p1a: hamster
|-boost|p1a: hamster|atk|1
|-boost|p1a: hamster|spe|1
|move|p2a: Lilligant|Giga Drain|p1a: hamster
|-damage|p1a: hamster|0 fnt
|-heal|p2a: Lilligant|86/100|[from] drain|[of] p1a: hamster
|faint|p1a: hamster
|
|-weather|none
|-heal|p2a: Lilligant|92/100|[from] Grassy Terrain
|-heal|p2a: Lilligant|98/100|[from] item: Leftovers
|-fieldend|move: Grassy Terrain
|upkeep
|inactive|respectmydih has 120 seconds left.
|
|t:|1779609766
|switch|p1a: stupid bich|Ogerpon-Wellspring, F|100/100
|turn|6
|inactive|respectmydih has 120 seconds left.
|
|t:|1779609771
|switch|p1a: asholegiraffe|Raging Bolt|100/100
|-enditem|p1a: asholegiraffe|Booster Energy
|-activate|p1a: asholegiraffe|ability: Protosynthesis|[fromitem]
|-start|p1a: asholegiraffe|protosynthesisspa
|move|p2a: Lilligant|Energy Ball|p1a: asholegiraffe
|-resisted|p1a: asholegiraffe
|-damage|p1a: asholegiraffe|72/100
|-unboost|p1a: asholegiraffe|spd|1
|
|-heal|p2a: Lilligant|100/100|[from] item: Leftovers
|upkeep
|turn|7
|inactive|respectmydih has 120 seconds left.
|
|t:|1779609783
|move|p2a: Lilligant|Alluring Voice|p1a: asholegiraffe
|-supereffective|p1a: asholegiraffe
|-damage|p1a: asholegiraffe|0 fnt
|faint|p1a: asholegiraffe
|-end|p1a: asholegiraffe|Protosynthesis|[silent]
|
|upkeep
|inactive|respectmydih has 120 seconds left.
|
|t:|1779609789
|switch|p1a: RealKing|Kingambit, F, shiny|100/100
|-activate|p1a: RealKing|ability: Supreme Overlord
|-start|p1a: RealKing|fallen3|[silent]
|turn|8
|
|t:|1779609796
|-terastallize|p1a: RealKing|Fairy
|move|p2a: Lilligant|Quiver Dance|p2a: Lilligant
|-boost|p2a: Lilligant|spa|1
|-boost|p2a: Lilligant|spd|1
|-boost|p2a: Lilligant|spe|1
|move|p1a: RealKing|Poison Jab|p2a: Lilligant
|-supereffective|p2a: Lilligant
|-damage|p2a: Lilligant|11/100
|
|-heal|p2a: Lilligant|17/100|[from] item: Leftovers
|upkeep
|turn|9
|
|t:|1779609806
|move|p1a: RealKing|Sucker Punch|p2a: Lilligant
|-damage|p2a: Lilligant|0 fnt
|faint|p2a: Lilligant
|
|upkeep
|
|t:|1779609818
|switch|p2a: Frosmoth|Frosmoth, F|100/100
|turn|10
|inactive|respectmydih has 120 seconds left.
|
|t:|1779609846
|-terastallize|p2a: Frosmoth|Steel
|move|p2a: Frosmoth|Quiver Dance|p2a: Frosmoth
|-boost|p2a: Frosmoth|spa|1
|-boost|p2a: Frosmoth|spd|1
|-boost|p2a: Frosmoth|spe|1
|move|p1a: RealKing|Iron Head|p2a: Frosmoth
|-resisted|p2a: Frosmoth
|-damage|p2a: Frosmoth|47/100
|
|upkeep
|turn|11
|
|t:|1779609855
|move|p1a: RealKing|Sucker Punch|p2a: Frosmoth
|-damage|p2a: Frosmoth|0 fnt
|faint|p2a: Frosmoth
|
|upkeep
|
|t:|1779609877
|switch|p2a: Oricorio|Oricorio, M|100/100
|turn|12
|
|t:|1779609886
|-end|p1a: RealKing|fallen3|[silent]
|switch|p1a: stupid bich|Ogerpon-Wellspring, F|100/100
|move|p2a: Oricorio|Air Cutter|p1a: stupid bich
|-supereffective|p1a: stupid bich
|-damage|p1a: stupid bich|29/100
|
|upkeep
|turn|13
|
|t:|1779609893
|move|p1a: stupid bich|Ivy Cudgel|p2a: Oricorio|[anim] Ivy Cudgel Water
|-supereffective|p2a: Oricorio
|-damage|p2a: Oricorio|0 fnt
|faint|p2a: Oricorio
|
|upkeep
|
|t:|1779609897
|switch|p2a: Gyarados|Gyarados, F|100/100
|turn|14
|
|t:|1779609903
|move|p1a: stupid bich|Horn Leech|p2a: Gyarados
|-damage|p2a: Gyarados|44/100
|-heal|p1a: stupid bich|60/100|[from] drain|[of] p2a: Gyarados
|move|p2a: Gyarados|Dragon Dance|p2a: Gyarados
|-boost|p2a: Gyarados|atk|1
|-boost|p2a: Gyarados|spe|1
|
|upkeep
|turn|15
|
|t:|1779609912
|move|p2a: Gyarados|Ice Fang|p1a: stupid bich
|-damage|p1a: stupid bich|0 fnt
|faint|p1a: stupid bich
|-ability|p2a: Gyarados|Moxie|boost
|-boost|p2a: Gyarados|atk|1
|-damage|p2a: Gyarados|35/100|[from] item: Life Orb
|
|upkeep
|
|t:|1779609918
|switch|p1a: Rillaboom|Rillaboom, F, shiny|100/100
|-fieldstart|move: Grassy Terrain|[from] ability: Grassy Surge|[of] p1a: Rillaboom
|turn|16
|
|t:|1779609923
|move|p1a: Rillaboom|Grassy Glide|p2a: Gyarados
|-damage|p2a: Gyarados|0 fnt
|faint|p2a: Gyarados
|
|upkeep
|
|t:|1779609927
|switch|p2a: Dragapult|Dragapult, F|100/100
|turn|17
|
|t:|1779609932
|move|p2a: Dragapult|Dragon Dance|p2a: Dragapult
|-boost|p2a: Dragapult|atk|1
|-boost|p2a: Dragapult|spe|1
|move|p1a: Rillaboom|Drum Beating|p2a: Dragapult
|-resisted|p2a: Dragapult
|-damage|p2a: Dragapult|67/100
|
|-heal|p2a: Dragapult|73/100|[from] Grassy Terrain
|-heal|p2a: Dragapult|78/100|[from] item: Leftovers
|upkeep
|turn|18
|
|t:|1779609943
|move|p2a: Dragapult|Dragon Darts|p1a: Rillaboom
|-damage|p1a: Rillaboom|56/100
|-anim|p2a: Dragapult|Dragon Darts|p1a: Rillaboom
|-damage|p1a: Rillaboom|10/100
|move|p1a: Rillaboom|Drum Beating|p2a: Dragapult
|-resisted|p2a: Dragapult
|-damage|p2a: Dragapult|45/100
|
|-heal|p2a: Dragapult|51/100|[from] Grassy Terrain
|-heal|p2a: Dragapult|57/100|[from] item: Leftovers
|-heal|p1a: Rillaboom|16/100|[from] Grassy Terrain
|upkeep
|turn|19
|
|t:|1779609955
|move|p1a: Rillaboom|Grassy Glide|p2a: Dragapult
|-resisted|p2a: Dragapult
|-damage|p2a: Dragapult|34/100
|move|p2a: Dragapult|Psychic Fangs|p1a: Rillaboom
|-damage|p1a: Rillaboom|0 fnt
|faint|p1a: Rillaboom
|
|-heal|p2a: Dragapult|40/100|[from] Grassy Terrain
|-heal|p2a: Dragapult|46/100|[from] item: Leftovers
|upkeep
|
|t:|1779609963
|switch|p1a: RealKing|Kingambit, F, shiny, tera:Fairy|100/100
|-activate|p1a: RealKing|ability: Supreme Overlord
|-start|p1a: RealKing|fallen5|[silent]
|turn|20
|
|t:|1779609969
|move|p2a: Dragapult|Phantom Force||[still]
|-prepare|p2a: Dragapult|Phantom Force
|move|p1a: RealKing|Iron Head|p2a: Dragapult|[miss]
|-miss|p1a: RealKing|p2a: Dragapult
|
|-heal|p2a: Dragapult|52/100|[from] item: Leftovers
|-fieldend|move: Grassy Terrain
|upkeep
|turn|21
|
|t:|1779609977
|move|p2a: Dragapult|Phantom Force|p1a: RealKing|[from] lockedmove
|-damage|p1a: RealKing|52/100
|move|p1a: RealKing|Iron Head|p2a: Dragapult
|-damage|p2a: Dragapult|0 fnt
|faint|p2a: Dragapult
|
|upkeep
|
|t:|1779609984
|switch|p2a: Tyranitar|Tyranitar, M|100/100
|-weather|Sandstorm|[from] ability: Sand Stream|[of] p2a: Tyranitar
|turn|22
|
|t:|1779609993
|move|p2a: Tyranitar|Rock Slide|p1a: RealKing
|-damage|p1a: RealKing|22/100
|-enditem|p1a: RealKing|Sitrus Berry|[eat]
|-heal|p1a: RealKing|47/100|[from] item: Sitrus Berry
|cant|p1a: RealKing|flinch
|
|-weather|Sandstorm|[upkeep]
|-damage|p1a: RealKing|40/100|[from] Sandstorm
|upkeep
|turn|23
|
|t:|1779610002
|move|p1a: RealKing|Sucker Punch|p2a: Tyranitar
|-resisted|p2a: Tyranitar
|-damage|p2a: Tyranitar|74/100
|move|p2a: Tyranitar|Rock Slide|p1a: RealKing|[miss]
|-miss|p2a: Tyranitar|p1a: RealKing
|
|-weather|Sandstorm|[upkeep]
|-damage|p1a: RealKing|34/100|[from] Sandstorm
|-heal|p2a: Tyranitar|80/100|[from] item: Leftovers
|upkeep
|turn|24
|
|t:|1779610012
|move|p2a: Tyranitar|Rock Slide|p1a: RealKing
|-damage|p1a: RealKing|3/100
|move|p1a: RealKing|Iron Head|p2a: Tyranitar
|-supereffective|p2a: Tyranitar
|-damage|p2a: Tyranitar|0 fnt
|faint|p2a: Tyranitar
|
|win|respectmydih
|raw|respectmydih's rating: 1051 &rarr; <strong>1087</strong><br />(+36 for winning)
|raw|Ramolum's rating: 1091 &rarr; <strong>1065</strong><br />(-26 for losing)
|l|☆Ramolum
|player|p2|
