|j|☆mjdj
|j|☆Night254
|t:|1779589338
|gametype|singles
|player|p1|mjdj|cynthia-masters4|1075
|player|p2|Night254|buck|1000
|gen|9
|tier|[Gen 9] OU
|rated|
|rule|HP Percentage Mod: HP is shown in percentages
|rule|Endless Battle Clause: Forcing endless battles is banned
|rule|Species Clause: Limit one of each Pokémon
|rule|OHKO Clause: OHKO moves are banned
|rule|Evasion Items Clause: Evasion items are banned
|rule|Evasion Moves Clause: Evasion moves are banned
|rule|Evasion Abilities Clause: Evasion abilities are banned
|rule|Sleep Moves Clause: Sleep-inducing moves are banned
|clearpoke
|poke|p1|Ribombee, F|
|poke|p1|Scizor, F|
|poke|p1|Breloom, F|
|poke|p1|Maushold-Four|
|poke|p1|Scyther, M|
|poke|p1|Gholdengo|
|poke|p2|Pecharunt|
|poke|p2|Darkrai|
|poke|p2|Hatterene, F|
|poke|p2|Froslass, F|
|poke|p2|Ursaluna, M|
|poke|p2|Gliscor, F|
|teampreview
|
|t:|1779589362
|teamsize|p1|6
|teamsize|p2|6
|start
|switch|p1a: Ribombee|Ribombee, F|100/100
|switch|p2a: Nikumi (Pockety 4)|Froslass, F|100/100
|turn|1
|
|t:|1779589374
|move|p1a: Ribombee|Stun Spore|p2a: Nikumi (Pockety 4)
|-status|p2a: Nikumi (Pockety 4)|par
|move|p2a: Nikumi (Pockety 4)|Triple Axel|p1a: Ribombee
|-crit|p1a: Ribombee
|-damage|p1a: Ribombee|84/100
|-damage|p1a: Ribombee|61/100
|-damage|p1a: Ribombee|33/100
|-hitcount|p1a: Ribombee|3
|
|upkeep
|turn|2
|
|t:|1779589383
|move|p1a: Ribombee|Sticky Web|p2a: Nikumi (Pockety 4)
|-sidestart|p2: Night254|move: Sticky Web
|cant|p2a: Nikumi (Pockety 4)|par
|
|upkeep
|turn|3
|
|t:|1779589388
|move|p1a: Ribombee|Lunge|p2a: Nikumi (Pockety 4)
|-resisted|p2a: Nikumi (Pockety 4)
|-damage|p2a: Nikumi (Pockety 4)|84/100 par
|-unboost|p2a: Nikumi (Pockety 4)|atk|1
|move|p2a: Nikumi (Pockety 4)|Triple Axel|p1a: Ribombee
|-damage|p1a: Ribombee|26/100
|-damage|p1a: Ribombee|11/100
|-damage|p1a: Ribombee|0 fnt
|faint|p1a: Ribombee
|-hitcount|p1: Ribombee|3
|
|upkeep
|
|t:|1779589404
|switch|p1a: Scizor|Scizor, F|100/100
|turn|4
|
|t:|1779589413
|cant|p2a: Nikumi (Pockety 4)|par
|move|p1a: Scizor|Swords Dance|p1a: Scizor
|-boost|p1a: Scizor|atk|2
|
|upkeep
|turn|5
|
|t:|1779589419
|move|p2a: Nikumi (Pockety 4)|Thunder|p1a: Scizor
|-damage|p1a: Scizor|75/100
|move|p1a: Scizor|Swords Dance|p1a: Scizor
|-boost|p1a: Scizor|atk|2
|
|upkeep
|turn|6
|
|t:|1779589427
|move|p2a: Nikumi (Pockety 4)|Thunder|p1a: Scizor
|-damage|p1a: Scizor|48/100
|move|p1a: Scizor|Swords Dance|p1a: Scizor
|-boost|p1a: Scizor|atk|2
|
|upkeep
|turn|7
|-message|Night254 forfeited.
|
|win|mjdj
|raw|mjdj's rating: 1075 &rarr; <strong>1098</strong><br />(+23 for winning)
|raw|Night254's rating: 1000 &rarr; <strong>1000</strong><br />(+0 for losing)
|l|☆Night254
|player|p2|
