|j|☆Amen2u
|j|☆deezss
|t:|1779607251
|gametype|singles
|player|p1|Amen2u|morty|1094
|player|p2|deezss|rosa|1111
|gen|9
|tier|[Gen 9] OU
|rated|
|rule|HP Percentage Mod: HP is shown in percentages
|rule|Endless Battle Clause: Forcing endless battles is banned
|rule|Species Clause: Limit one of each Pokémon
|rule|OHKO Clause: OHKO moves are banned
|rule|Evasion Items Clause: Evasion items are banned
|rule|Evasion Moves Clause: Evasion moves are banned
|rule|Evasion Abilities Clause: Evasion abilities are banned
|rule|Sleep Moves Clause: Sleep-inducing moves are banned
|clearpoke
|poke|p1|Bellibolt, M|
|poke|p1|Toedscruel, F|
|poke|p1|Dudunsparce-*, M|
|poke|p1|Mabosstiff, F|
|poke|p1|Cetitan, F|
|poke|p1|Rabsca, F|
|poke|p2|Dragapult, F|
|poke|p2|Moltres|
|poke|p2|Kingambit, M|
|poke|p2|Okidogi, M|
|poke|p2|Rillaboom, F|
|poke|p2|Weezing-Galar, F|
|teampreview
|inactive|Battle timer is ON: inactive players will automatically lose when time's up. (requested by deezss)
|inactive|Amen2u has 120 seconds left.
|inactive|Amen2u has 90 seconds left.
|
|t:|1779607351
|teamsize|p1|6
|teamsize|p2|6
|start
|switch|p1a: Cetitan|Cetitan, F|100/100
|switch|p2a: Rillaboom|Rillaboom, F|100/100
|-fieldstart|move: Grassy Terrain|[from] ability: Grassy Surge|[of] p2a: Rillaboom
|turn|1
|
|t:|1779607374
|move|p1a: Cetitan|Icicle Crash|p2a: Rillaboom
|-supereffective|p2a: Rillaboom
|-damage|p2a: Rillaboom|0 fnt
|faint|p2a: Rillaboom
|
|upkeep
|
|t:|1779607379
|switch|p2a: Okidogi|Okidogi, M|100/100
|turn|2
|
|t:|1779607383
|move|p1a: Cetitan|Icicle Crash|p2a: Okidogi
|-damage|p2a: Okidogi|54/100
|move|p2a: Okidogi|Knock Off|p1a: Cetitan
|-damage|p1a: Cetitan|63/100
|-status|p1a: Cetitan|tox|[from] ability: Toxic Chain|[of] p2a: Okidogi
|-enditem|p1a: Cetitan|Choice Scarf|[from] move: Knock Off|[of] p2a: Okidogi
|
|-heal|p1a: Cetitan|70/100 tox|[from] Grassy Terrain
|-heal|p2a: Okidogi|60/100|[from] Grassy Terrain
|-damage|p1a: Cetitan|63/100 tox|[from] psn
|upkeep
|turn|3
|
|t:|1779607398
|move|p1a: Cetitan|Heavy Slam|p2a: Okidogi
|-damage|p2a: Okidogi|25/100
|move|p2a: Okidogi|Drain Punch|p1a: Cetitan
|-supereffective|p1a: Cetitan
|-damage|p1a: Cetitan|0 fnt
|-heal|p2a: Okidogi|65/100|[from] drain|[of] p1a: Cetitan
|faint|p1a: Cetitan
|
|-heal|p2a: Okidogi|72/100|[from] Grassy Terrain
|upkeep
|
|t:|1779607409
|switch|p1a: Mabosstiff|Mabosstiff, F|100/100
|turn|4
|
|t:|1779607421
|move|p1a: Mabosstiff|Trailblaze|p2a: Okidogi
|-resisted|p2a: Okidogi
|-damage|p2a: Okidogi|62/100
|-boost|p1a: Mabosstiff|spe|1
|move|p2a: Okidogi|Drain Punch|p1a: Mabosstiff
|-supereffective|p1a: Mabosstiff
|-damage|p1a: Mabosstiff|21/100
|-heal|p2a: Okidogi|100/100|[from] drain|[of] p1a: Mabosstiff
|-enditem|p1a: Mabosstiff|Weakness Policy
|-boost|p1a: Mabosstiff|atk|2|[from] item: Weakness Policy
|-boost|p1a: Mabosstiff|spa|2|[from] item: Weakness Policy
|-status|p1a: Mabosstiff|tox|[from] ability: Toxic Chain|[of] p2a: Okidogi
|
|-heal|p1a: Mabosstiff|27/100 tox|[from] Grassy Terrain
|-damage|p1a: Mabosstiff|21/100 tox|[from] psn
|upkeep
|turn|5
|
|t:|1779607436
|-terastallize|p2a: Okidogi|Dark
|move|p1a: Mabosstiff|Psychic Fangs|p2a: Okidogi
|-immune|p2a: Okidogi
|move|p2a: Okidogi|Drain Punch|p1a: Mabosstiff
|-supereffective|p1a: Mabosstiff
|-damage|p1a: Mabosstiff|0 fnt
|faint|p1a: Mabosstiff
|
|-fieldend|move: Grassy Terrain
|upkeep
|
|t:|1779607451
|switch|p1a: Rabsca|Rabsca, F|100/100
|turn|6
|
|t:|1779607466
|move|p2a: Okidogi|Knock Off|p1a: Rabsca
|-supereffective|p1a: Rabsca
|-enditem|p1a: Rabsca|Focus Sash
|-damage|p1a: Rabsca|1/100
|move|p1a: Rabsca|Bug Buzz|p2a: Okidogi
|-supereffective|p2a: Okidogi
|-damage|p2a: Okidogi|40/100
|
|upkeep
|turn|7
|-message|Amen2u forfeited.
|
|win|deezss
|raw|Amen2u's rating: 1094 &rarr; <strong>1071</strong><br />(-23 for losing)
|raw|deezss's rating: 1111 &rarr; <strong>1135</strong><br />(+24 for winning)
|l|☆Amen2u
|player|p1|
|l|☆deezss
|player|p2|
