|j|☆noodlepantseli
|j|☆claudechamp
|t:|1779697101
|gametype|singles
|player|p1|noodlepantseli|101|1177
|player|p2|claudechamp|169|1170
|gen|9
|tier|[Gen 9] OU
|rated|
|rule|HP Percentage Mod: HP is shown in percentages
|rule|Endless Battle Clause: Forcing endless battles is banned
|rule|Species Clause: Limit one of each Pokémon
|rule|OHKO Clause: OHKO moves are banned
|rule|Evasion Items Clause: Evasion items are banned
|rule|Evasion Moves Clause: Evasion moves are banned
|rule|Evasion Abilities Clause: Evasion abilities are banned
|rule|Sleep Moves Clause: Sleep-inducing moves are banned
|clearpoke
|poke|p1|Samurott-Hisui, F|
|poke|p1|Dragonite, F|
|poke|p1|Ogerpon, F|
|poke|p1|Darkrai|
|poke|p1|Heatran, M|
|poke|p1|Iron Moth|
|poke|p2|Gliscor, F|
|poke|p2|Ogerpon, F|
|poke|p2|Walking Wake|
|poke|p2|Blissey, F|
|poke|p2|Corviknight, F|
|poke|p2|Pecharunt|
|teampreview
|c|☆claudechamp|hf
|inactive|Battle timer is ON: inactive players will automatically lose when time's up. (requested by claudechamp)
|
|t:|1779697107
|teamsize|p1|6
|teamsize|p2|6
|start
|switch|p1a: Samurott|Samurott-Hisui, F|100/100
|switch|p2a: Gliscor|Gliscor, F|100/100
|turn|1
|
|t:|1779697114
|move|p1a: Samurott|Ceaseless Edge|p2a: Gliscor
|-damage|p2a: Gliscor|67/100
|-sidestart|p2: claudechamp|Spikes
|move|p2a: Gliscor|Spikes|p1a: Samurott
|-sidestart|p1: noodlepantseli|Spikes
|
|-status|p2a: Gliscor|tox|[from] item: Toxic Orb
|upkeep
|turn|2
|
|t:|1779697121
|move|p2a: Gliscor|Protect|p2a: Gliscor
|-singleturn|p2a: Gliscor|Protect
|move|p1a: Samurott|Ceaseless Edge|p2a: Gliscor
|-activate|p2a: Gliscor|move: Protect
|
|-heal|p2a: Gliscor|79/100 tox|[from] ability: Poison Heal
|upkeep
|turn|3
|
|t:|1779697128
|move|p1a: Samurott|Ceaseless Edge|p2a: Gliscor
|-damage|p2a: Gliscor|47/100 tox
|-sidestart|p2: claudechamp|Spikes
|move|p2a: Gliscor|Spikes|p1a: Samurott
|-sidestart|p1: noodlepantseli|Spikes
|
|-heal|p2a: Gliscor|60/100 tox|[from] ability: Poison Heal
|upkeep
|turn|4
|inactive|noodlepantseli has 120 seconds left.
|
|t:|1779697171
|switch|p1a: Dragonite|Dragonite, F|100/100
|move|p2a: Gliscor|Toxic|p1a: Dragonite
|-status|p1a: Dragonite|tox
|
|-damage|p1a: Dragonite|94/100 tox|[from] psn
|-heal|p2a: Gliscor|72/100 tox|[from] ability: Poison Heal
|upkeep
|turn|5
|
|t:|1779697180
|move|p1a: Dragonite|Dragon Dance|p1a: Dragonite
|-boost|p1a: Dragonite|atk|1
|-boost|p1a: Dragonite|spe|1
|move|p2a: Gliscor|Spikes|p1a: Dragonite
|-sidestart|p1: noodlepantseli|Spikes
|
|-damage|p1a: Dragonite|82/100 tox|[from] psn
|-heal|p2a: Gliscor|85/100 tox|[from] ability: Poison Heal
|upkeep
|turn|6
|inactive|noodlepantseli has 120 seconds left.
|
|t:|1779697188
|switch|p2a: Blissey|Blissey, F|100/100
|move|p1a: Dragonite|Ice Spinner|p2a: Blissey
|-damage|p2a: Blissey|50/100
|
|-damage|p1a: Dragonite|63/100 tox|[from] psn
|upkeep
|turn|7
|inactive|noodlepantseli has 120 seconds left.
|
|t:|1779697200
|move|p1a: Dragonite|Dragon Dance|p1a: Dragonite
|-boost|p1a: Dragonite|atk|1
|-boost|p1a: Dragonite|spe|1
|move|p2a: Blissey|Seismic Toss|p1a: Dragonite
|-damage|p1a: Dragonite|32/100 tox
|
|-damage|p1a: Dragonite|8/100 tox|[from] psn
|upkeep
|turn|8
|inactive|noodlepantseli has 120 seconds left.
|
|t:|1779697211
|switch|p2a: Pecharunt|Pecharunt|100/100
|move|p1a: Dragonite|Earthquake|p2a: Pecharunt
|-supereffective|p2a: Pecharunt
|-damage|p2a: Pecharunt|28/100
|
|-damage|p1a: Dragonite|0 fnt|[from] psn
|faint|p1a: Dragonite
|upkeep
|inactive|noodlepantseli has 120 seconds left.
|
|t:|1779697227
|switch|p1a: Heatran|Heatran, M|100/100
|-item|p1a: Heatran|Air Balloon
|turn|9
|
|t:|1779697240
|move|p1a: Heatran|Earth Power|p2a: Pecharunt
|-supereffective|p2a: Pecharunt
|-damage|p2a: Pecharunt|0 fnt
|faint|p2a: Pecharunt
|
|upkeep
|
|t:|1779697243
|switch|p2a: Walking Wake|Walking Wake|100/100
|turn|10
|inactive|noodlepantseli has 120 seconds left.
|
|t:|1779697260
|switch|p1a: Ogerpon|Ogerpon, F|100/100
|-damage|p1a: Ogerpon|76/100|[from] Spikes
|move|p2a: Walking Wake|Surf|p1a: Ogerpon
|-resisted|p1a: Ogerpon
|-damage|p1a: Ogerpon|49/100
|
|upkeep
|turn|11
|
|t:|1779697272
|move|p1a: Ogerpon|U-turn|p2a: Walking Wake
|-damage|p2a: Walking Wake|62/100
|
|t:|1779697277
|switch|p1a: Samurott|Samurott-Hisui, F|100/100|[from] U-turn
|-damage|p1a: Samurott|76/100|[from] Spikes
|move|p2a: Walking Wake|Surf|p1a: Samurott
|-resisted|p1a: Samurott
|-damage|p1a: Samurott|39/100
|
|upkeep
|turn|12
|
|t:|1779697290
|-terastallize|p2a: Walking Wake|Water
|move|p2a: Walking Wake|Surf|p1a: Samurott
|-resisted|p1a: Samurott
|-damage|p1a: Samurott|0 fnt
|faint|p1a: Samurott
|
|upkeep
|
|t:|1779697297
|switch|p1a: Ogerpon|Ogerpon, F|49/100
|-damage|p1a: Ogerpon|24/100|[from] Spikes
|turn|13
|
|t:|1779697300
|move|p1a: Ogerpon|Ivy Cudgel|p2a: Walking Wake
|-supereffective|p2a: Walking Wake
|-damage|p2a: Walking Wake|0 fnt
|faint|p2a: Walking Wake
|-end|p2a: Walking Wake|Protosynthesis|[silent]
|
|upkeep
|
|t:|1779697306
|switch|p2a: Corviknight|Corviknight, F|100/100
|-ability|p2a: Corviknight|Pressure
|turn|14
|inactive|noodlepantseli has 120 seconds left.
|
|t:|1779697329
|switch|p1a: Heatran|Heatran, M|100/100
|-item|p1a: Heatran|Air Balloon
|move|p2a: Corviknight|U-turn|p1a: Heatran
|-resisted|p1a: Heatran
|-damage|p1a: Heatran|97/100
|-enditem|p1a: Heatran|Air Balloon
|
|t:|1779697337
|switch|p2a: Gliscor|Gliscor, F|85/100 tox|[from] U-turn
|
|-heal|p2a: Gliscor|97/100 tox|[from] ability: Poison Heal
|upkeep
|turn|15
|inactive|noodlepantseli has 120 seconds left.
|
|t:|1779697364
|switch|p2a: Blissey|Blissey, F|50/100
|move|p1a: Heatran|Magma Storm|p2a: Blissey|[miss]
|-miss|p1a: Heatran|p2a: Blissey
|
|upkeep
|turn|16
|
|t:|1779697371
|move|p1a: Heatran|Stealth Rock|p2a: Blissey
|-sidestart|p2: claudechamp|move: Stealth Rock
|move|p2a: Blissey|Soft-Boiled|p2a: Blissey
|-heal|p2a: Blissey|99/100
|
|upkeep
|turn|17
|
|t:|1779697375
|move|p1a: Heatran|Magma Storm|p2a: Blissey
|-damage|p2a: Blissey|81/100
|-activate|p2a: Blissey|move: Magma Storm|[of] p1a: Heatran
|move|p2a: Blissey|Seismic Toss|p1a: Heatran
|-damage|p1a: Heatran|66/100
|
|-damage|p2a: Blissey|69/100|[from] move: Magma Storm|[partiallytrapped]
|upkeep
|turn|18
|inactive|noodlepantseli has 120 seconds left.
|
|t:|1779697385
|switch|p1a: Ogerpon|Ogerpon, F|24/100
|-damage|p1a: Ogerpon|0 fnt|[from] Spikes
|faint|p1a: Ogerpon
|move|p2a: Blissey|Seismic Toss|p1: Ogerpon|[notarget]
|-fail|p2a: Blissey
|
|-end|p2a: Blissey|Magma Storm|[partiallytrapped]|[silent]
|upkeep
|inactive|noodlepantseli has 120 seconds left.
|
|t:|1779697396
|switch|p1a: Iron Moth|Iron Moth|100/100
|-damage|p1a: Iron Moth|76/100|[from] Spikes
|-enditem|p1a: Iron Moth|Booster Energy
|-activate|p1a: Iron Moth|ability: Quark Drive|[fromitem]
|-start|p1a: Iron Moth|quarkdrivespe
|turn|19
|inactive|noodlepantseli has 120 seconds left.
|
|t:|1779697402
|move|p1a: Iron Moth|Fiery Dance|p2a: Blissey
|-damage|p2a: Blissey|56/100
|-boost|p1a: Iron Moth|spa|1
|move|p2a: Blissey|Seismic Toss|p1a: Iron Moth
|-damage|p1a: Iron Moth|42/100
|
|upkeep
|turn|20
|
|t:|1779697409
|move|p1a: Iron Moth|Fiery Dance|p2a: Blissey
|-damage|p2a: Blissey|36/100
|move|p2a: Blissey|Seismic Toss|p1a: Iron Moth
|-damage|p1a: Iron Moth|9/100
|
|upkeep
|turn|21
|
|t:|1779697416
|move|p1a: Iron Moth|Fiery Dance|p2a: Blissey
|-damage|p2a: Blissey|17/100
|move|p2a: Blissey|Soft-Boiled|p2a: Blissey
|-heal|p2a: Blissey|67/100
|
|upkeep
|turn|22
|
|t:|1779697425
|move|p1a: Iron Moth|Sludge Wave|p2a: Blissey
|-damage|p2a: Blissey|46/100
|-status|p2a: Blissey|psn
|move|p2a: Blissey|Seismic Toss|p1a: Iron Moth
|-damage|p1a: Iron Moth|0 fnt
|faint|p1a: Iron Moth
|-end|p1a: Iron Moth|Quark Drive|[silent]
|
|-damage|p2a: Blissey|34/100 psn|[from] psn
|upkeep
|
|t:|1779697434
|switch|p1a: Darkrai|Darkrai|100/100
|-damage|p1a: Darkrai|76/100|[from] Spikes
|turn|23
|
|t:|1779697437
|move|p1a: Darkrai|Nasty Plot|p1a: Darkrai
|-boost|p1a: Darkrai|spa|2
|move|p2a: Blissey|Seismic Toss|p1a: Darkrai
|-damage|p1a: Darkrai|40/100
|
|-damage|p2a: Blissey|22/100 psn|[from] psn
|upkeep
|turn|24
|
|t:|1779697446
|move|p1a: Darkrai|Dark Pulse|p2a: Blissey
|-damage|p2a: Blissey|0 fnt
|faint|p2a: Blissey
|-damage|p1a: Darkrai|30/100|[from] item: Life Orb
|
|upkeep
|
|t:|1779697451
|switch|p2a: Gliscor|Gliscor, F|97/100 tox
|-damage|p2a: Gliscor|85/100 tox|[from] Stealth Rock
|turn|25
|
|t:|1779697460
|move|p1a: Darkrai|Ice Beam|p2a: Gliscor
|-supereffective|p2a: Gliscor
|-damage|p2a: Gliscor|0 fnt
|faint|p2a: Gliscor
|-damage|p1a: Darkrai|20/100|[from] item: Life Orb
|
|upkeep
|
|t:|1779697464
|switch|p2a: Ogerpon|Ogerpon, F|100/100
|turn|26
|
|t:|1779697472
|move|p1a: Darkrai|Sludge Bomb|p2a: Ogerpon
|-supereffective|p2a: Ogerpon
|-damage|p2a: Ogerpon|0 fnt
|faint|p2a: Ogerpon
|-damage|p1a: Darkrai|10/100|[from] item: Life Orb
|
|upkeep
|
|t:|1779697478
|switch|p2a: Corviknight|Corviknight, F|100/100
|-ability|p2a: Corviknight|Pressure
|turn|27
|
|t:|1779697484
|move|p1a: Darkrai|Dark Pulse|p2a: Corviknight
|-damage|p2a: Corviknight|0 fnt
|faint|p2a: Corviknight
|-damage|p1a: Darkrai|0 fnt|[from] item: Life Orb
|faint|p1a: Darkrai
|
|win|noodlepantseli
|raw|noodlepantseli's rating: 1177 &rarr; <strong>1205</strong><br />(+28 for winning)
|raw|claudechamp's rating: 1217 &rarr; <strong>1189</strong><br />(-28 for losing)
|c|☆claudechamp|gg
