|j|☆isekreemskoop
|j|☆new2weather
|t:|1779642159
|gametype|singles
|player|p1|isekreemskoop|miku-ghost|1208
|player|p2|new2weather|170|1272
|gen|9
|tier|[Gen 9] OU
|rated|
|rule|HP Percentage Mod: HP is shown in percentages
|rule|Endless Battle Clause: Forcing endless battles is banned
|rule|Species Clause: Limit one of each Pokémon
|rule|OHKO Clause: OHKO moves are banned
|rule|Evasion Items Clause: Evasion items are banned
|rule|Evasion Moves Clause: Evasion moves are banned
|rule|Evasion Abilities Clause: Evasion abilities are banned
|rule|Sleep Moves Clause: Sleep-inducing moves are banned
|clearpoke
|poke|p1|Moltres-Galar|
|poke|p1|Gholdengo|
|poke|p1|Samurott-Hisui, F|
|poke|p1|Smeargle, M|
|poke|p1|Zamazenta-*|
|poke|p1|Deoxys-Speed|
|poke|p2|Hydrapple, M|
|poke|p2|Gliscor, M|
|poke|p2|Slowking-Galar, M|
|poke|p2|Cinderace, M|
|poke|p2|Kingambit, M|
|poke|p2|Iron Valiant|
|teampreview
|inactive|Battle timer is ON: inactive players will automatically lose when time's up. (requested by isekreemskoop)
|
|t:|1779642170
|teamsize|p1|6
|teamsize|p2|6
|start
|switch|p1a: Gholdengo|Gholdengo|100/100
|switch|p2a: Hydrapple|Hydrapple, M, shiny|100/100
|turn|1
|
|t:|1779642179
|move|p1a: Gholdengo|Shadow Ball|p2a: Hydrapple
|-damage|p2a: Hydrapple|57/100
|move|p2a: Hydrapple|Earth Power|p1a: Gholdengo
|-supereffective|p1a: Gholdengo
|-damage|p1a: Gholdengo|9/100
|-damage|p2a: Hydrapple|47/100|[from] item: Life Orb
|
|upkeep
|turn|2
|
|t:|1779642187
|switch|p1a: Moltres|Moltres-Galar|100/100
|move|p2a: Hydrapple|Draco Meteor|p1a: Moltres
|-damage|p1a: Moltres|19/100
|-unboost|p2a: Hydrapple|spa|2
|-ability|p1a: Moltres|Berserk|boost
|-boost|p1a: Moltres|spa|1
|-damage|p2a: Hydrapple|37/100|[from] item: Life Orb
|-enditem|p1a: Moltres|Sitrus Berry|[eat]
|-heal|p1a: Moltres|44/100|[from] item: Sitrus Berry
|
|upkeep
|turn|3
|
|t:|1779642196
|switch|p2a: Slowking|Slowking-Galar, M, shiny|100/100
|move|p1a: Moltres|Fiery Wrath|p2a: Slowking
|-supereffective|p2a: Slowking
|-damage|p2a: Slowking|30/100
|
|upkeep
|turn|4
|
|t:|1779642203
|switch|p2a: Iron Valiant|Iron Valiant, shiny|100/100
|-enditem|p2a: Iron Valiant|Booster Energy
|-activate|p2a: Iron Valiant|ability: Quark Drive|[fromitem]
|-start|p2a: Iron Valiant|quarkdrivespe
|move|p1a: Moltres|Fiery Wrath|p2a: Iron Valiant
|-resisted|p2a: Iron Valiant
|-crit|p2a: Iron Valiant
|-damage|p2a: Iron Valiant|54/100
|
|upkeep
|turn|5
|
|t:|1779642212
|move|p2a: Iron Valiant|Moonblast|p1a: Moltres
|-supereffective|p1a: Moltres
|-damage|p1a: Moltres|0 fnt
|faint|p1a: Moltres
|
|upkeep
|
|t:|1779642217
|switch|p1a: Deoxys|Deoxys-Speed|100/100
|-ability|p1a: Deoxys|Pressure
|turn|6
|
|t:|1779642221
|move|p2a: Iron Valiant|Knock Off|p1a: Deoxys
|-supereffective|p1a: Deoxys
|-damage|p1a: Deoxys|26/100
|-enditem|p1a: Deoxys|Light Clay|[from] move: Knock Off|[of] p2a: Iron Valiant
|move|p1a: Deoxys|Light Screen|p1a: Deoxys
|-sidestart|p1: isekreemskoop|move: Light Screen
|
|upkeep
|turn|7
|
|t:|1779642228
|move|p2a: Iron Valiant|Knock Off|p1a: Deoxys
|-supereffective|p1a: Deoxys
|-damage|p1a: Deoxys|0 fnt
|faint|p1a: Deoxys
|
|upkeep
|
|t:|1779642244
|switch|p1a: Zamazenta|Zamazenta|100/100
|-ability|p1a: Zamazenta|Dauntless Shield|boost
|-boost|p1a: Zamazenta|def|1
|turn|8
|
|t:|1779642258
|move|p2a: Iron Valiant|Destiny Bond|p2a: Iron Valiant
|-singlemove|p2a: Iron Valiant|Destiny Bond
|move|p1a: Zamazenta|Heavy Slam|p2a: Iron Valiant
|-supereffective|p2a: Iron Valiant
|-damage|p2a: Iron Valiant|0 fnt
|faint|p2a: Iron Valiant
|-activate|p2a: Iron Valiant|move: Destiny Bond
|-end|p2a: Iron Valiant|Quark Drive|[silent]
|faint|p1a: Zamazenta
|
|upkeep
|c|☆isekreemskoop|what the hell
|
|t:|1779642272
|switch|p1a: Gholdengo|Gholdengo|9/100
|switch|p2a: Cinderace|Cinderace, M, shiny|100/100
|turn|9
|
|t:|1779642279
|switch|p1a: Samurott|Samurott-Hisui, F|100/100
|move|p2a: Cinderace|Pyro Ball|p1a: Samurott
|-resisted|p1a: Samurott
|-damage|p1a: Samurott|67/100
|
|upkeep
|turn|10
|
|t:|1779642289
|move|p2a: Cinderace|U-turn|p1a: Samurott
|-start|p2a: Cinderace|typechange|Bug|[from] ability: Libero
|-supereffective|p1a: Samurott
|-damage|p1a: Samurott|0 fnt
|faint|p1a: Samurott
|
|t:|1779642297
|switch|p2a: Gliscor|Gliscor, M, shiny|100/100|[from] U-turn
|
|-sideend|p1: isekreemskoop|move: Light Screen
|-status|p2a: Gliscor|tox|[from] item: Toxic Orb
|upkeep
|
|t:|1779642301
|switch|p1a: Gholdengo|Gholdengo|9/100
|turn|11
|
|t:|1779642303
|move|p1a: Gholdengo|Trick|p2a: Gliscor
|-activate|p1a: Gholdengo|move: Trick|[of] p2a: Gliscor
|-item|p2a: Gliscor|Choice Scarf|[from] move: Trick
|-item|p1a: Gholdengo|Toxic Orb|[from] move: Trick
|move|p2a: Gliscor|Knock Off|p1a: Gholdengo
|-supereffective|p1a: Gholdengo
|-damage|p1a: Gholdengo|0 fnt
|-enditem|p1a: Gholdengo|Toxic Orb|[from] move: Knock Off|[of] p2a: Gliscor
|faint|p1a: Gholdengo
|
|upkeep
|
|t:|1779642310
|switch|p1a: Smeargle|Smeargle, M|100/100
|turn|12
|
|t:|1779642317
|move|p2a: Gliscor|Knock Off|p1a: Smeargle
|-damage|p1a: Smeargle|41/100
|-enditem|p1a: Smeargle|Wide Lens|[from] move: Knock Off|[of] p2a: Gliscor
|move|p1a: Smeargle|Jaw Lock|p2a: Gliscor
|-damage|p2a: Gliscor|90/100 tox
|-activate|p1a: Smeargle|trapped
|-activate|p2a: Gliscor|trapped
|
|-heal|p2a: Gliscor|100/100 tox|[from] ability: Poison Heal
|upkeep
|turn|13
|
|t:|1779642327
|move|p2a: Gliscor|Knock Off|p1a: Smeargle
|-damage|p1a: Smeargle|0 fnt
|faint|p1a: Smeargle
|
|win|new2weather
|raw|isekreemskoop's rating: 1208 &rarr; <strong>1188</strong><br />(-20 for losing)
|raw|new2weather's rating: 1272 &rarr; <strong>1292</strong><br />(+20 for winning)
