|j|☆2(sweet)
|j|☆Marceliscool172010
|t:|1779687161
|gametype|singles
|player|p1|2(sweet)|265|1379
|player|p2|Marceliscool172010|170|1318
|gen|9
|tier|[Gen 9] OU
|rated|
|rule|HP Percentage Mod: HP is shown in percentages
|rule|Endless Battle Clause: Forcing endless battles is banned
|rule|Species Clause: Limit one of each Pokémon
|rule|OHKO Clause: OHKO moves are banned
|rule|Evasion Items Clause: Evasion items are banned
|rule|Evasion Moves Clause: Evasion moves are banned
|rule|Evasion Abilities Clause: Evasion abilities are banned
|rule|Sleep Moves Clause: Sleep-inducing moves are banned
|clearpoke
|poke|p1|Ninetales-Alola, F|
|poke|p1|Gallade, M|
|poke|p1|Kleavor, M|
|poke|p1|Slowking-Galar, F|
|poke|p1|Ogerpon-Wellspring, F|
|poke|p1|Diancie|
|poke|p2|Raging Bolt|
|poke|p2|Dragonite, F|
|poke|p2|Kingambit, F|
|poke|p2|Great Tusk|
|poke|p2|Latias, F|
|poke|p2|Zamazenta-*|
|teampreview
|inactive|Battle timer is ON: inactive players will automatically lose when time's up. (requested by Marceliscool172010)
|inactive|2(sweet) has 120 seconds left.
|inactive|2(sweet) has 90 seconds left.
|
|t:|1779687247
|teamsize|p1|6
|teamsize|p2|6
|start
|switch|p1a: Gallade|Gallade, M|100/100
|switch|p2a: Latias|Latias, F|100/100
|turn|1
|
|t:|1779687267
|move|p2a: Latias|Agility|p2a: Latias
|-boost|p2a: Latias|spe|2
|move|p1a: Gallade|Night Slash|p2a: Latias
|-supereffective|p2a: Latias
|-damage|p2a: Latias|27/100
|-enditem|p2a: Latias|Weakness Policy
|-boost|p2a: Latias|atk|2|[from] item: Weakness Policy
|-boost|p2a: Latias|spa|2|[from] item: Weakness Policy
|-damage|p1a: Gallade|91/100|[from] item: Life Orb
|
|upkeep
|turn|2
|
|t:|1779687274
|move|p1a: Gallade|Shadow Sneak|p2a: Latias
|-supereffective|p2a: Latias
|-damage|p2a: Latias|0 fnt
|faint|p2a: Latias
|-damage|p1a: Gallade|81/100|[from] item: Life Orb
|
|upkeep
|
|t:|1779687287
|switch|p2a: Kingambit|Kingambit, F, shiny|100/100
|-activate|p2a: Kingambit|ability: Supreme Overlord
|-start|p2a: Kingambit|fallen1|[silent]
|turn|3
|
|t:|1779687310
|switch|p1a: Kleavor|Kleavor, M|100/100
|move|p2a: Kingambit|Swords Dance|p2a: Kingambit
|-boost|p2a: Kingambit|atk|2
|
|upkeep
|turn|4
|
|t:|1779687318
|move|p1a: Kleavor|Stone Axe|p2a: Kingambit
|-resisted|p2a: Kingambit
|-crit|p2a: Kingambit
|-damage|p2a: Kingambit|69/100
|-sidestart|p2: Marceliscool172010|move: Stealth Rock
|move|p2a: Kingambit|Iron Head|p1a: Kleavor
|-supereffective|p1a: Kleavor
|-enditem|p1a: Kleavor|Focus Sash
|-damage|p1a: Kleavor|1/100
|
|upkeep
|turn|5
|
|t:|1779687324
|move|p1a: Kleavor|Close Combat|p2a: Kingambit
|-supereffective|p2a: Kingambit
|-damage|p2a: Kingambit|0 fnt
|-unboost|p1a: Kleavor|def|1
|-unboost|p1a: Kleavor|spd|1
|faint|p2a: Kingambit
|-end|p2a: Kingambit|fallen1|[silent]
|
|upkeep
|
|t:|1779687328
|switch|p2a: Big Dawg|Zamazenta|100/100
|-damage|p2a: Big Dawg|94/100|[from] Stealth Rock
|-ability|p2a: Big Dawg|Dauntless Shield|boost
|-boost|p2a: Big Dawg|def|1
|turn|6
|
|t:|1779687333
|move|p2a: Big Dawg|Crunch|p1a: Kleavor
|-damage|p1a: Kleavor|0 fnt
|faint|p1a: Kleavor
|
|-heal|p2a: Big Dawg|100/100|[from] item: Leftovers
|upkeep
|
|t:|1779687362
|switch|p1a: Gallade|Gallade, M|81/100
|turn|7
|
|t:|1779687373
|switch|p2a: Raging Bolt|Raging Bolt|100/100
|-damage|p2a: Raging Bolt|88/100|[from] Stealth Rock
|-enditem|p2a: Raging Bolt|Booster Energy
|-activate|p2a: Raging Bolt|ability: Protosynthesis|[fromitem]
|-start|p2a: Raging Bolt|protosynthesisspa
|move|p1a: Gallade|Psycho Cut|p2a: Raging Bolt
|-damage|p2a: Raging Bolt|29/100
|-damage|p1a: Gallade|71/100|[from] item: Life Orb
|
|upkeep
|turn|8
|
|t:|1779687385
|move|p2a: Raging Bolt|Thunderclap|p1a: Gallade
|-damage|p1a: Gallade|15/100
|move|p1a: Gallade|Psycho Cut|p2a: Raging Bolt
|-damage|p2a: Raging Bolt|0 fnt
|faint|p2a: Raging Bolt
|-end|p2a: Raging Bolt|Protosynthesis|[silent]
|-damage|p1a: Gallade|6/100|[from] item: Life Orb
|
|upkeep
|
|t:|1779687391
|switch|p2a: Dragonite|Dragonite, F|100/100
|turn|9
|
|t:|1779687417
|move|p1a: Gallade|Sacred Sword|p2a: Dragonite
|-resisted|p2a: Dragonite
|-damage|p2a: Dragonite|77/100
|-damage|p1a: Gallade|0 fnt|[from] item: Life Orb
|faint|p1a: Gallade
|move|p2a: Dragonite|Dragon Dance|p2a: Dragonite
|-boost|p2a: Dragonite|atk|1
|-boost|p2a: Dragonite|spe|1
|
|upkeep
|inactive|2(sweet) has 120 seconds left.
|
|t:|1779687430
|switch|p1a: Ninetales|Ninetales-Alola, F|100/100
|-weather|Snowscape|[from] ability: Snow Warning|[of] p1a: Ninetales
|turn|10
|
|t:|1779687437
|move|p2a: Dragonite|Fire Punch|p1a: Ninetales
|-supereffective|p1a: Ninetales
|-damage|p1a: Ninetales|8/100
|move|p1a: Ninetales|Aurora Veil|p1a: Ninetales
|-sidestart|p1: 2(sweet)|move: Aurora Veil
|
|-weather|Snowscape|[upkeep]
|upkeep
|turn|11
|
|t:|1779687449
|move|p2a: Dragonite|Extreme Speed|p1a: Ninetales
|-damage|p1a: Ninetales|0 fnt
|faint|p1a: Ninetales
|
|-weather|Snowscape|[upkeep]
|upkeep
|
|t:|1779687456
|switch|p1a: Diancie|Diancie|100/100
|turn|12
|
|t:|1779687461
|move|p2a: Dragonite|Earthquake|p1a: Diancie
|-supereffective|p1a: Diancie
|-damage|p1a: Diancie|59/100
|move|p1a: Diancie|Iron Defense|p1a: Diancie
|-boost|p1a: Diancie|def|2
|
|-weather|Snowscape|[upkeep]
|-heal|p1a: Diancie|65/100|[from] item: Leftovers
|upkeep
|turn|13
|
|t:|1779687468
|-terastallize|p2a: Dragonite|Normal
|move|p2a: Dragonite|Dragon Dance|p2a: Dragonite
|-boost|p2a: Dragonite|atk|1
|-boost|p2a: Dragonite|spe|1
|move|p1a: Diancie|Iron Defense|p1a: Diancie
|-boost|p1a: Diancie|def|2
|
|-weather|Snowscape|[upkeep]
|-heal|p1a: Diancie|71/100|[from] item: Leftovers
|upkeep
|turn|14
|
|t:|1779687473
|move|p2a: Dragonite|Earthquake|p1a: Diancie
|-supereffective|p1a: Diancie
|-damage|p1a: Diancie|50/100
|move|p1a: Diancie|Iron Defense|p1a: Diancie
|-boost|p1a: Diancie|def|2
|
|-weather|none
|-heal|p1a: Diancie|56/100|[from] item: Leftovers
|upkeep
|turn|15
|
|t:|1779687477
|move|p2a: Dragonite|Earthquake|p1a: Diancie
|-supereffective|p1a: Diancie
|-damage|p1a: Diancie|42/100
|move|p1a: Diancie|Calm Mind|p1a: Diancie
|-boost|p1a: Diancie|spa|1
|-boost|p1a: Diancie|spd|1
|
|-heal|p1a: Diancie|48/100|[from] item: Leftovers
|upkeep
|turn|16
|
|t:|1779687482
|move|p2a: Dragonite|Dragon Dance|p2a: Dragonite
|-boost|p2a: Dragonite|atk|1
|-boost|p2a: Dragonite|spe|1
|move|p1a: Diancie|Calm Mind|p1a: Diancie
|-boost|p1a: Diancie|spa|1
|-boost|p1a: Diancie|spd|1
|
|-heal|p1a: Diancie|54/100|[from] item: Leftovers
|upkeep
|turn|17
|
|t:|1779687493
|move|p2a: Dragonite|Dragon Dance|p2a: Dragonite
|-boost|p2a: Dragonite|atk|1
|-boost|p2a: Dragonite|spe|1
|move|p1a: Diancie|Draining Kiss|p2a: Dragonite
|-crit|p2a: Dragonite
|-damage|p2a: Dragonite|18/100
|-heal|p1a: Diancie|100/100|[from] drain|[of] p2a: Dragonite
|
|-sideend|p1: 2(sweet)|move: Aurora Veil
|upkeep
|turn|18
|
|t:|1779687498
|move|p2a: Dragonite|Earthquake|p1a: Diancie
|-supereffective|p1a: Diancie
|-damage|p1a: Diancie|53/100
|move|p1a: Diancie|Stored Power|p2a: Dragonite
|-damage|p2a: Dragonite|0 fnt
|faint|p2a: Dragonite
|
|-heal|p1a: Diancie|59/100|[from] item: Leftovers
|upkeep
|
|t:|1779687501
|switch|p2a: Big Dawg|Zamazenta|100/100
|-damage|p2a: Big Dawg|94/100|[from] Stealth Rock
|turn|19
|
|t:|1779687503
|move|p1a: Diancie|Draining Kiss|p2a: Big Dawg
|-supereffective|p2a: Big Dawg
|-damage|p2a: Big Dawg|45/100
|-heal|p1a: Diancie|100/100|[from] drain|[of] p2a: Big Dawg
|move|p2a: Big Dawg|Roar|p1a: Diancie
|drag|p1a: Ogerpon|Ogerpon-Wellspring, F|100/100
|
|-heal|p2a: Big Dawg|51/100|[from] item: Leftovers
|upkeep
|turn|20
|
|t:|1779687513
|move|p2a: Big Dawg|Body Press|p1a: Ogerpon
|-damage|p1a: Ogerpon|61/100
|move|p1a: Ogerpon|Play Rough|p2a: Big Dawg
|-supereffective|p2a: Big Dawg
|-crit|p2a: Big Dawg
|-damage|p2a: Big Dawg|0 fnt
|faint|p2a: Big Dawg
|
|upkeep
|
|t:|1779687518
|switch|p2a: Great Tusk|Great Tusk|100/100
|turn|21
|
|t:|1779687523
|-terastallize|p1a: Ogerpon|Water
|detailschange|p1a: Ogerpon|Ogerpon-Wellspring-Tera, F, tera:Water
|-ability|p1a: Ogerpon|Embody Aspect (Wellspring)|boost
|-boost|p1a: Ogerpon|spd|1
|move|p1a: Ogerpon|Ivy Cudgel|p2a: Great Tusk|[anim] Ivy Cudgel Water
|-supereffective|p2a: Great Tusk
|-crit|p2a: Great Tusk
|-damage|p2a: Great Tusk|0 fnt
|faint|p2a: Great Tusk
|-end|p2a: Great Tusk|Protosynthesis|[silent]
|
|win|2(sweet)
|raw|2(sweet)'s rating: 1379 &rarr; <strong>1396</strong><br />(+17 for winning)
|raw|Marceliscool172010's rating: 1318 &rarr; <strong>1301</strong><br />(-17 for losing)
|l|☆2(sweet)
|player|p1|
