|j|☆badusername85
|j|☆Circe_336699
|t:|1779692446
|gametype|singles
|player|p1|badusername85|101|1092
|player|p2|Circe_336699|iris-gen5bw2|1109
|gen|9
|tier|[Gen 9] OU
|rated|
|rule|HP Percentage Mod: HP is shown in percentages
|rule|Endless Battle Clause: Forcing endless battles is banned
|rule|Species Clause: Limit one of each Pokémon
|rule|OHKO Clause: OHKO moves are banned
|rule|Evasion Items Clause: Evasion items are banned
|rule|Evasion Moves Clause: Evasion moves are banned
|rule|Evasion Abilities Clause: Evasion abilities are banned
|rule|Sleep Moves Clause: Sleep-inducing moves are banned
|clearpoke
|poke|p1|Deoxys-Speed|
|poke|p1|Iron Valiant|
|poke|p1|Kyurem|
|poke|p1|Dragonite, M|
|poke|p1|Toxapex, F|
|poke|p1|Kingambit, M|
|poke|p2|Venusaur, F|
|poke|p2|Milotic, F|
|poke|p2|Ceruledge, F|
|poke|p2|Ting-Lu|
|poke|p2|Whimsicott, F|
|poke|p2|Sneasel, F|
|teampreview
|
|t:|1779692450
|teamsize|p1|6
|teamsize|p2|6
|start
|switch|p1a: Zeeky Zoogle|Deoxys-Speed|100/100
|switch|p2a: Whimsicott|Whimsicott, F|100/100
|-ability|p1a: Zeeky Zoogle|Pressure
|turn|1
|inactive|Battle timer is ON: inactive players will automatically lose when time's up. (requested by Circe_336699)
|
|t:|1779692461
|move|p2a: Whimsicott|Sunny Day|p2a: Whimsicott
|-weather|SunnyDay
|move|p1a: Zeeky Zoogle|Nasty Plot|p1a: Zeeky Zoogle
|-boost|p1a: Zeeky Zoogle|spa|2
|
|-weather|SunnyDay|[upkeep]
|upkeep
|turn|2
|
|t:|1779692473
|move|p2a: Whimsicott|Tailwind|p2a: Whimsicott
|-sidestart|p2: Circe_336699|move: Tailwind
|move|p1a: Zeeky Zoogle|Psycho Boost|p2a: Whimsicott
|-enditem|p2a: Whimsicott|Focus Sash
|-damage|p2a: Whimsicott|1/100
|-unboost|p1a: Zeeky Zoogle|spa|2
|-damage|p1a: Zeeky Zoogle|91/100|[from] item: Life Orb
|
|-weather|SunnyDay|[upkeep]
|upkeep
|turn|3
|
|t:|1779692484
|move|p2a: Whimsicott|Moonblast|p1a: Zeeky Zoogle
|-damage|p1a: Zeeky Zoogle|32/100
|-unboost|p1a: Zeeky Zoogle|spa|1
|move|p1a: Zeeky Zoogle|Psycho Boost|p2a: Whimsicott
|-damage|p2a: Whimsicott|0 fnt
|-unboost|p1a: Zeeky Zoogle|spa|2
|faint|p2a: Whimsicott
|-damage|p1a: Zeeky Zoogle|22/100|[from] item: Life Orb
|
|-weather|SunnyDay|[upkeep]
|upkeep
|
|t:|1779692497
|switch|p2a: Venusaur|Venusaur, F|100/100
|turn|4
|
|t:|1779692502
|move|p1a: Zeeky Zoogle|Psycho Boost|p2a: Venusaur
|-supereffective|p2a: Venusaur
|-damage|p2a: Venusaur|46/100
|-unboost|p1a: Zeeky Zoogle|spa|2
|-damage|p1a: Zeeky Zoogle|12/100|[from] item: Life Orb
|move|p2a: Venusaur|Giga Drain|p1a: Zeeky Zoogle
|-damage|p1a: Zeeky Zoogle|0 fnt
|-heal|p2a: Venusaur|51/100|[from] drain|[of] p1a: Zeeky Zoogle
|faint|p1a: Zeeky Zoogle
|-damage|p2a: Venusaur|41/100|[from] item: Life Orb
|
|-weather|SunnyDay|[upkeep]
|upkeep
|
|t:|1779692516
|switch|p1a: Ice Cream Machine|Kyurem|100/100
|-ability|p1a: Ice Cream Machine|Pressure
|turn|5
|
|t:|1779692526
|switch|p2a: Ting-Lu|Ting-Lu, shiny|100/100
|-ability|p2a: Ting-Lu|Vessel of Ruin
|move|p1a: Ice Cream Machine|Ice Beam|p2a: Ting-Lu
|-supereffective|p2a: Ting-Lu
|-damage|p2a: Ting-Lu|19/100
|
|-weather|none
|-heal|p2a: Ting-Lu|25/100|[from] item: Leftovers
|-sideend|p2: Circe_336699|move: Tailwind
|upkeep
|turn|6
|
|t:|1779692539
|switch|p2a: Ceruledge|Ceruledge, F|100/100
|move|p1a: Ice Cream Machine|Ice Beam|p2a: Ceruledge
|-resisted|p2a: Ceruledge
|-damage|p2a: Ceruledge|57/100
|
|upkeep
|turn|7
|
|t:|1779692548
|switch|p1a: Ragebaiter|Toxapex, F|100/100
|move|p2a: Ceruledge|Swords Dance|p2a: Ceruledge
|-boost|p2a: Ceruledge|atk|2
|
|upkeep
|turn|8
|
|t:|1779692557
|switch|p2a: Venusaur|Venusaur, F|41/100
|move|p1a: Ragebaiter|Toxic|p2a: Venusaur
|-immune|p2a: Venusaur
|
|upkeep
|turn|9
|
|t:|1779692565
|move|p2a: Venusaur|Giga Drain|p1a: Ragebaiter
|-damage|p1a: Ragebaiter|61/100
|-heal|p2a: Venusaur|57/100|[from] drain|[of] p1a: Ragebaiter
|-damage|p2a: Venusaur|47/100|[from] item: Life Orb
|move|p1a: Ragebaiter|Toxic Spikes|p2a: Venusaur
|-sidestart|p2: Circe_336699|move: Toxic Spikes
|
|upkeep
|turn|10
|
|t:|1779692573
|move|p2a: Venusaur|Leech Seed|p1a: Ragebaiter
|-start|p1a: Ragebaiter|move: Leech Seed
|move|p1a: Ragebaiter|Toxic Spikes|p2a: Venusaur
|-sidestart|p2: Circe_336699|move: Toxic Spikes
|
|-damage|p1a: Ragebaiter|49/100|[from] Leech Seed|[of] p2a: Venusaur
|-heal|p2a: Venusaur|57/100|[silent]
|upkeep
|turn|11
|
|t:|1779692582
|move|p2a: Venusaur|Giga Drain|p1a: Ragebaiter
|-damage|p1a: Ragebaiter|12/100
|-heal|p2a: Venusaur|72/100|[from] drain|[of] p1a: Ragebaiter
|-damage|p2a: Venusaur|62/100|[from] item: Life Orb
|move|p1a: Ragebaiter|Recover|p1a: Ragebaiter
|-heal|p1a: Ragebaiter|62/100
|
|-damage|p1a: Ragebaiter|49/100|[from] Leech Seed|[of] p2a: Venusaur
|-heal|p2a: Venusaur|72/100|[silent]
|upkeep
|turn|12
|
|t:|1779692595
|switch|p1a: Ice Cream Machine|Kyurem|100/100
|-ability|p1a: Ice Cream Machine|Pressure
|move|p2a: Venusaur|Giga Drain|p1a: Ice Cream Machine
|-resisted|p1a: Ice Cream Machine
|-damage|p1a: Ice Cream Machine|81/100
|-heal|p2a: Venusaur|85/100|[from] drain|[of] p1a: Ice Cream Machine
|-damage|p2a: Venusaur|75/100|[from] item: Life Orb
|
|upkeep
|turn|13
|
|t:|1779692605
|switch|p2a: Ceruledge|Ceruledge, F|57/100
|-status|p2a: Ceruledge|tox
|move|p1a: Ice Cream Machine|Ice Beam|p2a: Ceruledge
|-resisted|p2a: Ceruledge
|-damage|p2a: Ceruledge|8/100 tox
|
|-damage|p2a: Ceruledge|2/100 tox|[from] psn
|upkeep
|turn|14
|
|t:|1779692615
|move|p1a: Ice Cream Machine|Ice Beam|p2a: Ceruledge
|-resisted|p2a: Ceruledge
|-damage|p2a: Ceruledge|0 fnt
|faint|p2a: Ceruledge
|
|upkeep
|
|t:|1779692623
|switch|p2a: Milotic|Milotic, F|100/100
|-status|p2a: Milotic|tox
|turn|15
|
|t:|1779692633
|switch|p1a: T-1000|Iron Valiant|100/100
|-enditem|p1a: T-1000|Booster Energy
|-activate|p1a: T-1000|ability: Quark Drive|[fromitem]
|-start|p1a: T-1000|quarkdriveatk
|move|p2a: Milotic|Scald|p1a: T-1000
|-damage|p1a: T-1000|49/100
|
|-damage|p2a: Milotic|94/100 tox|[from] psn
|upkeep
|turn|16
|
|t:|1779692647
|move|p1a: T-1000|Close Combat|p2a: Milotic
|-damage|p2a: Milotic|53/100 tox
|-unboost|p1a: T-1000|def|1
|-unboost|p1a: T-1000|spd|1
|move|p2a: Milotic|Scald|p1a: T-1000
|-damage|p1a: T-1000|0 fnt
|faint|p1a: T-1000
|-end|p1a: T-1000|Quark Drive|[silent]
|
|-damage|p2a: Milotic|41/100 tox|[from] psn
|upkeep
|
|t:|1779692659
|switch|p1a: Ice Cream Machine|Kyurem|81/100
|-ability|p1a: Ice Cream Machine|Pressure
|turn|17
|
|t:|1779692665
|move|p1a: Ice Cream Machine|Freeze-Dry|p2a: Milotic
|-supereffective|p2a: Milotic
|-crit|p2a: Milotic
|-damage|p2a: Milotic|0 fnt
|faint|p2a: Milotic
|
|upkeep
|
|t:|1779692675
|switch|p2a: Sneasel|Sneasel, F|100/100
|-status|p2a: Sneasel|tox
|turn|18
|
|t:|1779692686
|switch|p1a: Ord|Dragonite, M|100/100
|move|p2a: Sneasel|Swords Dance|p2a: Sneasel
|-boost|p2a: Sneasel|atk|2
|
|-damage|p2a: Sneasel|95/100 tox|[from] psn
|upkeep
|turn|19
|
|t:|1779692695
|move|p2a: Sneasel|Triple Axel|p1a: Ord
|-supereffective|p1a: Ord
|-damage|p1a: Ord|65/100
|-supereffective|p1a: Ord
|-damage|p1a: Ord|0 fnt
|faint|p1a: Ord
|-hitcount|p1: Ord|2
|
|-damage|p2a: Sneasel|83/100 tox|[from] psn
|upkeep
|
|t:|1779692706
|switch|p1a: Ragebaiter|Toxapex, F|82/100
|turn|20
|
|t:|1779692712
|move|p2a: Sneasel|Swords Dance|p2a: Sneasel
|-boost|p2a: Sneasel|atk|2
|move|p1a: Ragebaiter|Haze|p1a: Ragebaiter
|-clearallboost
|
|-damage|p2a: Sneasel|65/100 tox|[from] psn
|upkeep
|turn|21
|
|t:|1779692722
|move|p2a: Sneasel|Ice Shard|p1a: Ragebaiter
|-resisted|p1a: Ragebaiter
|-damage|p1a: Ragebaiter|77/100
|move|p1a: Ragebaiter|Recover|p1a: Ragebaiter
|-heal|p1a: Ragebaiter|100/100
|
|-damage|p2a: Sneasel|41/100 tox|[from] psn
|upkeep
|turn|22
|
|t:|1779692731
|move|p2a: Sneasel|Triple Axel|p1a: Ragebaiter
|-resisted|p1a: Ragebaiter
|-damage|p1a: Ragebaiter|97/100
|-damage|p2a: Sneasel|24/100 tox|[from] item: Rocky Helmet|[of] p1a: Ragebaiter
|-resisted|p1a: Ragebaiter
|-damage|p1a: Ragebaiter|91/100
|-damage|p2a: Sneasel|8/100 tox|[from] item: Rocky Helmet|[of] p1a: Ragebaiter
|-resisted|p1a: Ragebaiter
|-damage|p1a: Ragebaiter|81/100
|-damage|p2a: Sneasel|0 fnt|[from] item: Rocky Helmet|[of] p1a: Ragebaiter
|faint|p2a: Sneasel
|-hitcount|p1a: Ragebaiter|3
|move|p1a: Ragebaiter|Haze|p1a: Ragebaiter
|-clearallboost
|
|upkeep
|
|t:|1779692745
|switch|p2a: Ting-Lu|Ting-Lu, shiny|25/100
|-status|p2a: Ting-Lu|tox
|-ability|p2a: Ting-Lu|Vessel of Ruin
|turn|23
|
|t:|1779692752
|move|p2a: Ting-Lu|Earthquake|p1a: Ragebaiter
|-supereffective|p1a: Ragebaiter
|-damage|p1a: Ragebaiter|21/100
|move|p1a: Ragebaiter|Recover|p1a: Ragebaiter
|-heal|p1a: Ragebaiter|71/100
|
|-heal|p2a: Ting-Lu|31/100 tox|[from] item: Leftovers
|-damage|p2a: Ting-Lu|25/100 tox|[from] psn
|upkeep
|turn|24
|
|t:|1779692762
|move|p2a: Ting-Lu|Earthquake|p1a: Ragebaiter
|-supereffective|p1a: Ragebaiter
|-damage|p1a: Ragebaiter|14/100
|move|p1a: Ragebaiter|Recover|p1a: Ragebaiter
|-heal|p1a: Ragebaiter|64/100
|
|-heal|p2a: Ting-Lu|31/100 tox|[from] item: Leftovers
|-damage|p2a: Ting-Lu|19/100 tox|[from] psn
|upkeep
|turn|25
|
|t:|1779692775
|switch|p1a: Ice Cream Machine|Kyurem|81/100
|-ability|p1a: Ice Cream Machine|Pressure
|move|p2a: Ting-Lu|Earthquake|p1a: Ice Cream Machine
|-damage|p1a: Ice Cream Machine|48/100
|
|-heal|p2a: Ting-Lu|25/100 tox|[from] item: Leftovers
|-damage|p2a: Ting-Lu|6/100 tox|[from] psn
|upkeep
|turn|26
|
|t:|1779692786
|move|p1a: Ice Cream Machine|Ice Beam|p2a: Ting-Lu
|-supereffective|p2a: Ting-Lu
|-damage|p2a: Ting-Lu|0 fnt
|faint|p2a: Ting-Lu
|
|upkeep
|
|t:|1779692791
|switch|p2a: Venusaur|Venusaur, F|75/100
|-sideend|p2: Circe_336699|move: Toxic Spikes|[of] p2a: Venusaur
|turn|27
|
|t:|1779692795
|move|p1a: Ice Cream Machine|Ice Beam|p2a: Venusaur
|-supereffective|p2a: Venusaur
|-damage|p2a: Venusaur|0 fnt
|faint|p2a: Venusaur
|
|win|badusername85
|raw|badusername85's rating: 1092 &rarr; <strong>1119</strong><br />(+27 for winning)
|raw|Circe_336699's rating: 1109 &rarr; <strong>1083</strong><br />(-26 for losing)
|l|☆badusername85
|player|p1|
|l|☆Circe_336699
|player|p2|
