|j|☆Iron Fist286
|j|☆Tako Chang
|t:|1779563874
|gametype|singles
|player|p1|Iron Fist286|n|1332
|player|p2|Tako Chang|hugh|1306
|gen|9
|tier|[Gen 9] OU
|rated|
|rule|HP Percentage Mod: HP is shown in percentages
|rule|Endless Battle Clause: Forcing endless battles is banned
|rule|Species Clause: Limit one of each Pokémon
|rule|OHKO Clause: OHKO moves are banned
|rule|Evasion Items Clause: Evasion items are banned
|rule|Evasion Moves Clause: Evasion moves are banned
|rule|Evasion Abilities Clause: Evasion abilities are banned
|rule|Sleep Moves Clause: Sleep-inducing moves are banned
|clearpoke
|poke|p1|Weezing-Galar, M|
|poke|p1|Ogerpon, F|
|poke|p1|Skarmory, M|
|poke|p1|Alomomola, M|
|poke|p1|Clodsire, M|
|poke|p1|Hydreigon, M|
|poke|p2|Dragonite, M|
|poke|p2|Lycanroc, M|
|poke|p2|Greninja-*, M|
|poke|p2|Ceruledge, M|
|poke|p2|Slowking-Galar, F|
|poke|p2|Tyranitar, M|
|teampreview
|inactive|Battle timer is ON: inactive players will automatically lose when time's up. (requested by Tako Chang)
|
|t:|1779563889
|teamsize|p1|6
|teamsize|p2|6
|start
|switch|p1a: Ogerpon|Ogerpon, F|100/100
|switch|p2a: Ceruledge|Ceruledge, M|100/100
|turn|1
|
|t:|1779563900
|move|p1a: Ogerpon|Knock Off|p2a: Ceruledge
|-supereffective|p2a: Ceruledge
|-crit|p2a: Ceruledge
|-enditem|p2a: Ceruledge|Focus Sash
|-damage|p2a: Ceruledge|1/100
|-ability|p2a: Ceruledge|Weak Armor|boost
|-unboost|p2a: Ceruledge|def|1
|-boost|p2a: Ceruledge|spe|2
|move|p2a: Ceruledge|Bitter Blade|p1a: Ogerpon
|-supereffective|p1a: Ogerpon
|-damage|p1a: Ogerpon|0 fnt
|-heal|p2a: Ceruledge|53/100|[from] drain|[of] p1a: Ogerpon
|faint|p1a: Ogerpon
|
|upkeep
|inactive|Iron Fist286 has 120 seconds left.
|
|t:|1779563932
|switch|p1a: Clodsire|Clodsire, M, shiny|100/100
|turn|2
|inactive|Iron Fist286 has 120 seconds left.
|
|t:|1779563939
|move|p2a: Ceruledge|Bitter Blade|p1a: Clodsire
|-damage|p1a: Clodsire|53/100
|-heal|p2a: Ceruledge|91/100|[from] drain|[of] p1a: Clodsire
|move|p1a: Clodsire|Earthquake|p2a: Ceruledge
|-supereffective|p2a: Ceruledge
|-damage|p2a: Ceruledge|8/100
|-ability|p2a: Ceruledge|Weak Armor|boost
|-unboost|p2a: Ceruledge|def|1
|-boost|p2a: Ceruledge|spe|2
|
|upkeep
|turn|3
|inactive|Iron Fist286 has 120 seconds left.
|
|t:|1779563951
|move|p2a: Ceruledge|Bitter Blade|p1a: Clodsire
|-damage|p1a: Clodsire|1/100
|-heal|p2a: Ceruledge|50/100|[from] drain|[of] p1a: Clodsire
|move|p1a: Clodsire|Earthquake|p2a: Ceruledge
|-supereffective|p2a: Ceruledge
|-damage|p2a: Ceruledge|0 fnt
|faint|p2a: Ceruledge
|
|upkeep
|
|t:|1779563965
|switch|p2a: Greninja|Greninja, M|100/100
|turn|4
|
|t:|1779563973
|switch|p1a: Weezing|Weezing-Galar, M, shiny|100/100
|-ability|p1a: Weezing|Neutralizing Gas
|move|p2a: Greninja|Dark Pulse|p1a: Weezing
|-resisted|p1a: Weezing
|-damage|p1a: Weezing|78/100
|
|upkeep
|turn|5
|
|t:|1779563983
|move|p2a: Greninja|Surf|p1a: Weezing
|-damage|p1a: Weezing|12/100
|move|p1a: Weezing|Will-O-Wisp|p2a: Greninja
|-status|p2a: Greninja|brn
|
|-damage|p2a: Greninja|95/100 brn|[from] brn
|upkeep
|turn|6
|
|t:|1779563994
|-end|p1a: Weezing|ability: Neutralizing Gas
|switch|p1a: Alomomola|Alomomola, M, shiny|100/100
|move|p2a: Greninja|Dark Pulse|p1a: Alomomola
|-damage|p1a: Alomomola|83/100
|
|-damage|p2a: Greninja|89/100 brn|[from] brn
|upkeep
|turn|7
|
|t:|1779564005
|switch|p2a: Slowking|Slowking-Galar, F|100/100
|move|p1a: Alomomola|Play Rough|p2a: Slowking
|-resisted|p2a: Slowking
|-damage|p2a: Slowking|91/100
|
|upkeep
|turn|8
|
|t:|1779564019
|move|p2a: Slowking|Psychic Noise|p1a: Alomomola
|-damage|p1a: Alomomola|67/100
|-start|p1a: Alomomola|move: Heal Block
|move|p1a: Alomomola|Mirror Coat|p2a: Slowking
|-damage|p2a: Slowking|47/100
|
|upkeep
|turn|9
|
|t:|1779564029
|-prepare|p2a: Slowking|Chilly Reception|[premajor]
|move|p2a: Slowking|Chilly Reception|p2a: Slowking
|-weather|Snowscape
|
|t:|1779564035
|switch|p2a: Greninja|Greninja, M|89/100 brn|[from] Chilly Reception
|move|p1a: Alomomola|Mirror Coat||[still]
|-fail|p1a: Alomomola
|
|-weather|Snowscape|[upkeep]
|-damage|p2a: Greninja|83/100 brn|[from] brn
|-end|p1a: Alomomola|move: Heal Block
|upkeep
|turn|10
|
|t:|1779564046
|move|p2a: Greninja|Dark Pulse|p1a: Alomomola
|-damage|p1a: Alomomola|50/100
|cant|p1a: Alomomola|flinch
|
|-weather|Snowscape|[upkeep]
|-damage|p2a: Greninja|77/100 brn|[from] brn
|upkeep
|turn|11
|
|t:|1779564055
|switch|p2a: Tyranitar|Tyranitar, M|100/100
|-weather|Sandstorm|[from] ability: Sand Stream|[of] p2a: Tyranitar
|move|p1a: Alomomola|Play Rough|p2a: Tyranitar
|-supereffective|p2a: Tyranitar
|-damage|p2a: Tyranitar|73/100
|
|-weather|Sandstorm|[upkeep]
|-damage|p1a: Alomomola|44/100|[from] Sandstorm
|upkeep
|turn|12
|
|t:|1779564075
|switch|p1a: Weezing|Weezing-Galar, M, shiny|12/100
|-ability|p1a: Weezing|Neutralizing Gas
|move|p2a: Tyranitar|Stealth Rock|p1a: Weezing
|-sidestart|p1: Iron Fist286|move: Stealth Rock
|
|-weather|Sandstorm|[upkeep]
|-damage|p1a: Weezing|6/100|[from] Sandstorm
|upkeep
|turn|13
|
|t:|1779564085
|switch|p2a: Slowking|Slowking-Galar, F|80/100
|move|p1a: Weezing|Pain Split|p2a: Slowking
|-sethp|p2a: Slowking|43/100|[from] move: Pain Split|[silent]
|-sethp|p1a: Weezing|50/100|[from] move: Pain Split
|
|-weather|Sandstorm|[upkeep]
|-damage|p1a: Weezing|44/100|[from] Sandstorm
|-damage|p2a: Slowking|37/100|[from] Sandstorm
|upkeep
|turn|14
|
|t:|1779564102
|move|p1a: Weezing|Defog|p2a: Slowking
|-unboost|p2a: Slowking|evasion|1
|-sideend|p1: Iron Fist286|Stealth Rock|[from] move: Defog|[of] p1a: Weezing
|move|p2a: Slowking|Psychic Noise|p1a: Weezing
|-supereffective|p1a: Weezing
|-damage|p1a: Weezing|0 fnt
|faint|p1a: Weezing
|-end|p1a: Weezing|ability: Neutralizing Gas
|
|-weather|Sandstorm|[upkeep]
|-damage|p2a: Slowking|30/100|[from] Sandstorm
|upkeep
|
|t:|1779564117
|switch|p1a: Secret Weapon|Hydreigon, M, shiny|100/100
|turn|15
|inactive|Iron Fist286 has 120 seconds left.
|
|t:|1779564134
|move|p1a: Secret Weapon|Flash Cannon|p2a: Slowking
|-damage|p2a: Slowking|1/100
|-prepare|p2a: Slowking|Chilly Reception|[premajor]
|move|p2a: Slowking|Chilly Reception|p2a: Slowking
|-weather|Snowscape
|
|t:|1779564148
|switch|p2a: Greninja|Greninja, M|77/100 brn|[from] Chilly Reception
|
|-weather|Snowscape|[upkeep]
|-damage|p2a: Greninja|71/100 brn|[from] brn
|upkeep
|turn|16
|
|t:|1779564155
|switch|p1a: Alomomola|Alomomola, M, shiny|77/100
|move|p2a: Greninja|Ice Beam|p1a: Alomomola
|-resisted|p1a: Alomomola
|-damage|p1a: Alomomola|71/100
|
|-weather|Snowscape|[upkeep]
|-damage|p2a: Greninja|65/100 brn|[from] brn
|upkeep
|turn|17
|
|t:|1779564164
|move|p2a: Greninja|Dark Pulse|p1a: Alomomola
|-damage|p1a: Alomomola|55/100
|move|p1a: Alomomola|Play Rough|p2a: Greninja
|-supereffective|p2a: Greninja
|-damage|p2a: Greninja|9/100 brn
|
|-weather|Snowscape|[upkeep]
|-damage|p2a: Greninja|3/100 brn|[from] brn
|upkeep
|turn|18
|
|t:|1779564176
|move|p2a: Greninja|Dark Pulse|p1a: Alomomola
|-damage|p1a: Alomomola|39/100
|move|p1a: Alomomola|Flip Turn|p2a: Greninja
|-resisted|p2a: Greninja
|-damage|p2a: Greninja|0 fnt
|faint|p2a: Greninja
|
|t:|1779564188
|switch|p1a: Secret Weapon|Hydreigon, M, shiny|100/100|[from] Flip Turn
|
|-weather|Snowscape|[upkeep]
|upkeep
|
|t:|1779564194
|switch|p2a: Tyranitar|Tyranitar, M|73/100
|-weather|Sandstorm|[from] ability: Sand Stream|[of] p2a: Tyranitar
|turn|19
|
|t:|1779564208
|-terastallize|p1a: Secret Weapon|Steel
|move|p1a: Secret Weapon|Flash Cannon|p2a: Tyranitar
|-supereffective|p2a: Tyranitar
|-damage|p2a: Tyranitar|3/100
|move|p2a: Tyranitar|Stealth Rock|p1a: Secret Weapon
|-sidestart|p1: Iron Fist286|move: Stealth Rock
|
|-weather|Sandstorm|[upkeep]
|upkeep
|turn|20
|
|t:|1779564219
|move|p1a: Secret Weapon|Flash Cannon|p2a: Tyranitar
|-supereffective|p2a: Tyranitar
|-damage|p2a: Tyranitar|0 fnt
|faint|p2a: Tyranitar
|
|-weather|Sandstorm|[upkeep]
|upkeep
|
|t:|1779564231
|switch|p2a: Dragonite|Dragonite, M|100/100
|turn|21
|
|t:|1779564242
|move|p1a: Secret Weapon|Flash Cannon|p2a: Dragonite
|-damage|p2a: Dragonite|70/100
|move|p2a: Dragonite|Dragon Dance|p2a: Dragonite
|-boost|p2a: Dragonite|atk|1
|-boost|p2a: Dragonite|spe|1
|
|-weather|Sandstorm|[upkeep]
|-damage|p2a: Dragonite|64/100|[from] Sandstorm
|upkeep
|turn|22
|
|t:|1779564255
|switch|p1a: Alomomola|Alomomola, M, shiny|72/100
|-damage|p1a: Alomomola|60/100|[from] Stealth Rock
|move|p2a: Dragonite|Extreme Speed|p1a: Alomomola
|-damage|p1a: Alomomola|25/100
|
|-weather|Sandstorm|[upkeep]
|-damage|p2a: Dragonite|58/100|[from] Sandstorm
|-damage|p1a: Alomomola|18/100|[from] Sandstorm
|upkeep
|turn|23
|
|t:|1779564267
|move|p2a: Dragonite|Extreme Speed|p1a: Alomomola
|-damage|p1a: Alomomola|0 fnt
|faint|p1a: Alomomola
|
|-weather|Sandstorm|[upkeep]
|-damage|p2a: Dragonite|52/100|[from] Sandstorm
|upkeep
|
|t:|1779564273
|switch|p1a: Skarmory|Skarmory, M, shiny|100/100
|-damage|p1a: Skarmory|88/100|[from] Stealth Rock
|turn|24
|
|t:|1779564281
|move|p2a: Dragonite|Ice Spinner|p1a: Skarmory
|-damage|p1a: Skarmory|57/100
|-damage|p2a: Dragonite|35/100|[from] item: Rocky Helmet|[of] p1a: Skarmory
|move|p1a: Skarmory|Taunt|p2a: Dragonite
|-start|p2a: Dragonite|move: Taunt
|
|-weather|Sandstorm|[upkeep]
|-damage|p2a: Dragonite|29/100|[from] Sandstorm
|upkeep
|turn|25
|
|t:|1779564295
|move|p2a: Dragonite|Ice Spinner|p1a: Skarmory
|-damage|p1a: Skarmory|26/100
|-damage|p2a: Dragonite|13/100|[from] item: Rocky Helmet|[of] p1a: Skarmory
|move|p1a: Skarmory|Roost|p1a: Skarmory
|-heal|p1a: Skarmory|77/100
|-singleturn|p1a: Skarmory|move: Roost
|
|-weather|Sandstorm|[upkeep]
|-damage|p2a: Dragonite|7/100|[from] Sandstorm
|upkeep
|turn|26
|
|t:|1779564305
|move|p2a: Dragonite|Ice Spinner|p1a: Skarmory
|-damage|p1a: Skarmory|49/100
|-damage|p2a: Dragonite|0 fnt|[from] item: Rocky Helmet|[of] p1a: Skarmory
|faint|p2a: Dragonite
|move|p1a: Skarmory|Spikes|p2: Dragonite
|-sidestart|p2: Tako Chang|Spikes
|
|-weather|none
|upkeep
|
|t:|1779564314
|switch|p2a: Slowking|Slowking-Galar, F|34/100
|-damage|p2a: Slowking|22/100|[from] Spikes
|turn|27
|
|t:|1779564329
|move|p1a: Skarmory|Taunt|p2a: Slowking
|-start|p2a: Slowking|move: Taunt
|move|p2a: Slowking|Flamethrower|p1a: Skarmory
|-supereffective|p1a: Skarmory
|-damage|p1a: Skarmory|0 fnt
|faint|p1a: Skarmory
|
|upkeep
|
|t:|1779564343
|switch|p1a: Clodsire|Clodsire, M, shiny|1/100
|-damage|p1a: Clodsire|0 fnt|[from] Stealth Rock
|faint|p1a: Clodsire
|
|t:|1779564345
|switch|p1a: Secret Weapon|Hydreigon, M, shiny, tera:Steel|100/100
|-damage|p1a: Secret Weapon|94/100|[from] Stealth Rock
|turn|28
|
|t:|1779564354
|move|p1a: Secret Weapon|Flash Cannon|p2a: Slowking
|-damage|p2a: Slowking|0 fnt
|faint|p2a: Slowking
|
|upkeep
|
|t:|1779564359
|switch|p2a: Lycanroc|Lycanroc, M|100/100
|-damage|p2a: Lycanroc|88/100|[from] Spikes
|turn|29
|
|t:|1779564366
|-terastallize|p2a: Lycanroc|Rock
|move|p1a: Secret Weapon|Flash Cannon|p2a: Lycanroc
|-supereffective|p2a: Lycanroc
|-damage|p2a: Lycanroc|0 fnt
|faint|p2a: Lycanroc
|
|win|Iron Fist286
|raw|Iron Fist286's rating: 1332 &rarr; <strong>1351</strong><br />(+19 for winning)
|raw|Tako Chang's rating: 1306 &rarr; <strong>1287</strong><br />(-19 for losing)
|l|☆Tako Chang
|player|p2|
|l|☆Iron Fist286
|player|p1|
