|j|☆beentheredonepat
|j|☆shiningblackyerer
|t:|1779703533
|gametype|singles
|player|p1|beentheredonepat|spark-casual|1307
|player|p2|shiningblackyerer|giovanni|1325
|gen|9
|tier|[Gen 9] OU
|rated|
|rule|HP Percentage Mod: HP is shown in percentages
|rule|Endless Battle Clause: Forcing endless battles is banned
|rule|Species Clause: Limit one of each Pokémon
|rule|OHKO Clause: OHKO moves are banned
|rule|Evasion Items Clause: Evasion items are banned
|rule|Evasion Moves Clause: Evasion moves are banned
|rule|Evasion Abilities Clause: Evasion abilities are banned
|rule|Sleep Moves Clause: Sleep-inducing moves are banned
|clearpoke
|poke|p1|Typhlosion, M|
|poke|p1|Ninetales, F|
|poke|p1|Torkoal, F|
|poke|p1|Shiftry, M|
|poke|p1|Hatterene, F|
|poke|p1|Blissey, F|
|poke|p2|Pelipper, F|
|poke|p2|Walking Wake|
|poke|p2|Barraskewda, F|
|poke|p2|Basculegion, M|
|poke|p2|Raging Bolt|
|poke|p2|Ogerpon-Wellspring, F|
|teampreview
|inactive|Battle timer is ON: inactive players will automatically lose when time's up. (requested by beentheredonepat)
|j| peeekapeee
|
|t:|1779703550
|teamsize|p1|6
|teamsize|p2|6
|start
|switch|p1a: Hatterene|Hatterene, F|100/100
|switch|p2a: Pelipper|Pelipper, F|100/100
|-weather|RainDance|[from] ability: Drizzle|[of] p2a: Pelipper
|turn|1
|c| peeekapeee|Sun vs Rain
|c| peeekapeee|This otta be good
|
|t:|1779703559
|move|p2a: Pelipper|U-turn|p1a: Hatterene
|-damage|p1a: Hatterene|93/100
|
|t:|1779703571
|switch|p2a: Walking Wake|Walking Wake|100/100|[from] U-turn
|move|p1a: Hatterene|Dazzling Gleam|p2a: Walking Wake
|-supereffective|p2a: Walking Wake
|-damage|p2a: Walking Wake|7/100
|
|-weather|RainDance|[upkeep]
|-heal|p1a: Hatterene|99/100|[from] item: Leftovers
|upkeep
|turn|2
|
|t:|1779703580
|move|p2a: Walking Wake|Hydro Steam|p1a: Hatterene
|-damage|p1a: Hatterene|2/100
|move|p1a: Hatterene|Dazzling Gleam|p2a: Walking Wake
|-supereffective|p2a: Walking Wake
|-damage|p2a: Walking Wake|0 fnt
|faint|p2a: Walking Wake
|-end|p2a: Walking Wake|Protosynthesis|[silent]
|
|-weather|RainDance|[upkeep]
|-heal|p1a: Hatterene|8/100|[from] item: Leftovers
|upkeep
|
|t:|1779703584
|switch|p2a: Raging Bolt|Raging Bolt|100/100
|turn|3
|c| peeekapeee|I m so confused
|
|t:|1779703599
|switch|p1a: Blissey|Blissey, F|100/100
|move|p2a: Raging Bolt|Volt Switch|p1a: Blissey
|-damage|p1a: Blissey|88/100
|
|t:|1779703602
|-end|p2a: Raging Bolt|Protosynthesis|[silent]
|switch|p2a: Basculegion|Basculegion, M|100/100|[from] Volt Switch
|
|-weather|RainDance|[upkeep]
|upkeep
|turn|4
|c| peeekapeee|Ur sun team has one hard hitter
|
|t:|1779703607
|switch|p1a: Ninetales|Ninetales, F|100/100
|-weather|SunnyDay|[from] ability: Drought|[of] p1a: Ninetales
|-terastallize|p2a: Basculegion|Water
|move|p2a: Basculegion|Wave Crash|p1a: Ninetales
|-supereffective|p1a: Ninetales
|-crit|p1a: Ninetales
|-damage|p1a: Ninetales|0 fnt
|faint|p1a: Ninetales
|-damage|p2a: Basculegion|70/100|[from] Recoil
|
|-weather|SunnyDay|[upkeep]
|upkeep
|
|t:|1779703618
|switch|p1a: Shiftry|Shiftry, M|100/100
|turn|5
|
|t:|1779703621
|switch|p2a: Raging Bolt|Raging Bolt|100/100
|-activate|p2a: Raging Bolt|ability: Protosynthesis
|-start|p2a: Raging Bolt|protosynthesisspa
|move|p1a: Shiftry|Knock Off|p2a: Raging Bolt
|-damage|p2a: Raging Bolt|61/100
|-enditem|p2a: Raging Bolt|Choice Scarf|[from] move: Knock Off|[of] p1a: Shiftry
|
|-weather|SunnyDay|[upkeep]
|upkeep
|turn|6
|
|t:|1779703639
|move|p1a: Shiftry|Tailwind|p1a: Shiftry
|-sidestart|p1: beentheredonepat|move: Tailwind
|move|p2a: Raging Bolt|Volt Switch|p1a: Shiftry
|-resisted|p1a: Shiftry
|-damage|p1a: Shiftry|63/100
|
|t:|1779703644
|-end|p2a: Raging Bolt|Protosynthesis|[silent]
|switch|p2a: Pelipper|Pelipper, F|100/100|[from] Volt Switch
|-weather|RainDance|[from] ability: Drizzle|[of] p2a: Pelipper
|
|-weather|RainDance|[upkeep]
|upkeep
|turn|7
|
|t:|1779703649
|move|p1a: Shiftry|Explosion|p2a: Pelipper
|-damage|p2a: Pelipper|28/100
|faint|p1a: Shiftry
|move|p2a: Pelipper|Hurricane|p1: Shiftry|[notarget]
|-fail|p2a: Pelipper
|
|-weather|RainDance|[upkeep]
|upkeep
|
|t:|1779703661
|switch|p1a: Torkoal|Torkoal, F|100/100
|-weather|SunnyDay|[from] ability: Drought|[of] p1a: Torkoal
|turn|8
|c| peeekapeee|What happened to wing rider
|
|t:|1779703667
|switch|p2a: Raging Bolt|Raging Bolt|61/100
|-activate|p2a: Raging Bolt|ability: Protosynthesis
|-start|p2a: Raging Bolt|protosynthesisspa
|move|p1a: Torkoal|Stealth Rock|p2a: Raging Bolt
|-sidestart|p2: shiningblackyerer|move: Stealth Rock
|
|-weather|SunnyDay|[upkeep]
|upkeep
|turn|9
|
|t:|1779703675
|switch|p1a: Blissey|Blissey, F|88/100
|move|p2a: Raging Bolt|Draco Meteor|p1a: Blissey
|-damage|p1a: Blissey|61/100
|-unboost|p2a: Raging Bolt|spa|2
|
|-weather|SunnyDay|[upkeep]
|-sideend|p1: beentheredonepat|move: Tailwind
|upkeep
|turn|10
|
|t:|1779703686
|-end|p2a: Raging Bolt|Protosynthesis|[silent]
|switch|p2a: Pelipper|Pelipper, F|28/100
|-damage|p2a: Pelipper|3/100|[from] Stealth Rock
|-weather|RainDance|[from] ability: Drizzle|[of] p2a: Pelipper
|move|p1a: Blissey|Trick|p2a: Pelipper
|-activate|p1a: Blissey|move: Trick|[of] p2a: Pelipper
|-item|p2a: Pelipper|Lagging Tail|[from] move: Trick
|-item|p1a: Blissey|Damp Rock|[from] move: Trick
|
|-weather|RainDance|[upkeep]
|upkeep
|turn|11
|
|t:|1779703698
|move|p1a: Blissey|Seismic Toss|p2a: Pelipper
|-damage|p2a: Pelipper|0 fnt
|faint|p2a: Pelipper
|
|-weather|RainDance|[upkeep]
|upkeep
|
|t:|1779703703
|switch|p2a: Basculegion|Basculegion, M, tera:Water|70/100
|-damage|p2a: Basculegion|58/100|[from] Stealth Rock
|turn|12
|
|t:|1779703710
|switch|p1a: Torkoal|Torkoal, F|100/100
|-weather|SunnyDay|[from] ability: Drought|[of] p1a: Torkoal
|move|p2a: Basculegion|Wave Crash|p1a: Torkoal
|-supereffective|p1a: Torkoal
|-damage|p1a: Torkoal|18/100
|-damage|p2a: Basculegion|33/100|[from] Recoil
|
|-weather|SunnyDay|[upkeep]
|upkeep
|turn|13
|
|t:|1779703717
|move|p2a: Basculegion|Wave Crash|p1a: Torkoal
|-supereffective|p1a: Torkoal
|-damage|p1a: Torkoal|0 fnt
|faint|p1a: Torkoal
|-damage|p2a: Basculegion|28/100|[from] Recoil
|
|-weather|SunnyDay|[upkeep]
|upkeep
|
|t:|1779703724
|switch|p1a: Typhlosion|Typhlosion, M|100/100
|turn|14
|
|t:|1779703728
|-terastallize|p1a: Typhlosion|Fire
|move|p1a: Typhlosion|Eruption|p2a: Basculegion
|-resisted|p2a: Basculegion
|-damage|p2a: Basculegion|0 fnt
|faint|p2a: Basculegion
|
|-weather|SunnyDay|[upkeep]
|upkeep
|
|t:|1779703731
|switch|p2a: Ogerpon|Ogerpon-Wellspring, F|100/100
|-damage|p2a: Ogerpon|88/100|[from] Stealth Rock
|turn|15
|
|t:|1779703740
|move|p1a: Typhlosion|Eruption|p2a: Ogerpon
|-damage|p2a: Ogerpon|0 fnt
|faint|p2a: Ogerpon
|
|-weather|SunnyDay|[upkeep]
|upkeep
|
|t:|1779703743
|switch|p2a: Raging Bolt|Raging Bolt|61/100
|-damage|p2a: Raging Bolt|49/100|[from] Stealth Rock
|-activate|p2a: Raging Bolt|ability: Protosynthesis
|-start|p2a: Raging Bolt|protosynthesisspa
|turn|16
|
|t:|1779703750
|switch|p1a: Hatterene|Hatterene, F|8/100
|move|p2a: Raging Bolt|Volt Switch|p1a: Hatterene
|-damage|p1a: Hatterene|0 fnt
|faint|p1a: Hatterene
|
|t:|1779703753
|-end|p2a: Raging Bolt|Protosynthesis|[silent]
|switch|p2a: Barraskewda|Barraskewda, F|100/100|[from] Volt Switch
|-damage|p2a: Barraskewda|88/100|[from] Stealth Rock
|
|-weather|SunnyDay|[upkeep]
|upkeep
|
|t:|1779703757
|switch|p1a: Typhlosion|Typhlosion, M, tera:Fire|100/100
|turn|17
|
|t:|1779703763
|move|p2a: Barraskewda|Aqua Jet|p1a: Typhlosion
|-supereffective|p1a: Typhlosion
|-damage|p1a: Typhlosion|58/100
|move|p1a: Typhlosion|Eruption|p2a: Barraskewda
|-resisted|p2a: Barraskewda
|-damage|p2a: Barraskewda|0 fnt
|faint|p2a: Barraskewda
|
|-weather|SunnyDay|[upkeep]
|upkeep
|
|t:|1779703766
|switch|p2a: Raging Bolt|Raging Bolt|49/100
|-damage|p2a: Raging Bolt|37/100|[from] Stealth Rock
|-activate|p2a: Raging Bolt|ability: Protosynthesis
|-start|p2a: Raging Bolt|protosynthesisspa
|turn|18
|
|t:|1779703776
|move|p1a: Typhlosion|Eruption|p2a: Raging Bolt
|-resisted|p2a: Raging Bolt
|-damage|p2a: Raging Bolt|0 fnt
|faint|p2a: Raging Bolt
|-end|p2a: Raging Bolt|Protosynthesis|[silent]
|
|win|beentheredonepat
|raw|beentheredonepat's rating: 1307 &rarr; <strong>1328</strong><br />(+21 for winning)
|raw|shiningblackyerer's rating: 1325 &rarr; <strong>1304</strong><br />(-21 for losing)
|l|☆shiningblackyerer
|player|p2|
|l|☆beentheredonepat
|player|p1|
