|j|☆Bass778
|j|☆colonel fromage
|t:|1779627575
|gametype|singles
|player|p1|Bass778|jupiter|1136
|player|p2|colonel fromage|hiker-gen4|1208
|gen|9
|tier|[Gen 9] OU
|rated|
|rule|HP Percentage Mod: HP is shown in percentages
|rule|Endless Battle Clause: Forcing endless battles is banned
|rule|Species Clause: Limit one of each Pokémon
|rule|OHKO Clause: OHKO moves are banned
|rule|Evasion Items Clause: Evasion items are banned
|rule|Evasion Moves Clause: Evasion moves are banned
|rule|Evasion Abilities Clause: Evasion abilities are banned
|rule|Sleep Moves Clause: Sleep-inducing moves are banned
|clearpoke
|poke|p1|Garganacl, M|
|poke|p1|Lokix, M|
|poke|p1|Exeggutor-Alola, F|
|poke|p1|Clodsire, F|
|poke|p1|Corviknight, M|
|poke|p1|Gholdengo|
|poke|p2|Regieleki|
|poke|p2|Skarmory, F|
|poke|p2|Clefable, M|
|poke|p2|Cinderace, M|
|poke|p2|Darkrai|
|poke|p2|Hoopa-Unbound|
|teampreview
|j| milachu8
|
|t:|1779627586
|teamsize|p1|6
|teamsize|p2|6
|start
|switch|p1a: Garganacl|Garganacl, M|100/100
|switch|p2a: Hoopa|Hoopa-Unbound|100/100
|turn|1
|
|t:|1779627606
|move|p2a: Hoopa|Dark Pulse|p1a: Garganacl
|-damage|p1a: Garganacl|26/100
|move|p1a: Garganacl|Salt Cure|p2a: Hoopa
|-damage|p2a: Hoopa|77/100
|-start|p2a: Hoopa|Salt Cure
|
|-heal|p1a: Garganacl|32/100|[from] item: Leftovers
|-damage|p2a: Hoopa|64/100|[from] Salt Cure
|upkeep
|turn|2
|
|t:|1779627616
|move|p1a: Garganacl|Protect|p1a: Garganacl
|-singleturn|p1a: Garganacl|Protect
|move|p2a: Hoopa|Dark Pulse|p1a: Garganacl
|-activate|p1a: Garganacl|move: Protect
|
|-heal|p1a: Garganacl|38/100|[from] item: Leftovers
|-damage|p2a: Hoopa|52/100|[from] Salt Cure
|upkeep
|turn|3
|
|t:|1779627626
|switch|p1a: Corviknight|Corviknight, M|100/100
|-ability|p1a: Corviknight|Pressure
|move|p2a: Hoopa|Dark Pulse|p1a: Corviknight
|-damage|p1a: Corviknight|25/100
|
|-damage|p2a: Hoopa|40/100|[from] Salt Cure
|upkeep
|turn|4
|
|t:|1779627644
|switch|p2a: Regieleki|Regieleki|100/100
|move|p1a: Corviknight|Roost|p1a: Corviknight
|-heal|p1a: Corviknight|75/100
|-singleturn|p1a: Corviknight|move: Roost
|
|upkeep
|turn|5
|
|t:|1779627654
|switch|p1a: Clodsire|Clodsire, F|100/100
|move|p2a: Regieleki|Thunder Wave|p1a: Clodsire
|-immune|p1a: Clodsire
|
|upkeep
|turn|6
|
|t:|1779627663
|move|p2a: Regieleki|Explosion|p1a: Clodsire
|-damage|p1a: Clodsire|39/100
|faint|p2a: Regieleki
|move|p1a: Clodsire|Toxic|p2: Regieleki|[notarget]
|-fail|p1a: Clodsire
|
|-heal|p1a: Clodsire|46/100|[from] item: Black Sludge
|upkeep
|
|t:|1779627690
|switch|p2a: Skarmory|Skarmory, F|100/100
|turn|7
|
|t:|1779627698
|switch|p1a: Garganacl|Garganacl, M|38/100
|move|p2a: Skarmory|Drill Run|p1a: Garganacl|[miss]
|-miss|p2a: Skarmory|p1a: Garganacl
|
|-heal|p1a: Garganacl|45/100|[from] item: Leftovers
|upkeep
|turn|8
|
|t:|1779627707
|move|p2a: Skarmory|Drill Run|p1a: Garganacl
|-supereffective|p1a: Garganacl
|-crit|p1a: Garganacl
|-damage|p1a: Garganacl|12/100
|move|p1a: Garganacl|Stealth Rock|p2a: Skarmory
|-sidestart|p2: colonel fromage|move: Stealth Rock
|
|-heal|p1a: Garganacl|19/100|[from] item: Leftovers
|upkeep
|turn|9
|
|t:|1779627715
|move|p1a: Garganacl|Protect|p1a: Garganacl
|-singleturn|p1a: Garganacl|Protect
|move|p2a: Skarmory|Drill Run|p1a: Garganacl
|-activate|p1a: Garganacl|move: Protect
|
|-heal|p1a: Garganacl|25/100|[from] item: Leftovers
|upkeep
|turn|10
|
|t:|1779627726
|move|p2a: Skarmory|Drill Run|p1a: Garganacl
|-supereffective|p1a: Garganacl
|-damage|p1a: Garganacl|1/100
|move|p1a: Garganacl|Salt Cure|p2a: Skarmory
|-damage|p2a: Skarmory|88/100
|-start|p2a: Skarmory|Salt Cure
|-ability|p2a: Skarmory|Weak Armor|boost
|-unboost|p2a: Skarmory|def|1
|-boost|p2a: Skarmory|spe|2
|
|-heal|p1a: Garganacl|8/100|[from] item: Leftovers
|-damage|p2a: Skarmory|63/100|[from] Salt Cure
|upkeep
|turn|11
|
|t:|1779627739
|move|p1a: Garganacl|Protect|p1a: Garganacl
|-singleturn|p1a: Garganacl|Protect
|move|p2a: Skarmory|Roost|p2a: Skarmory
|-heal|p2a: Skarmory|100/100
|-singleturn|p2a: Skarmory|move: Roost
|
|-heal|p1a: Garganacl|14/100|[from] item: Leftovers
|-damage|p2a: Skarmory|75/100|[from] Salt Cure
|upkeep
|turn|12
|
|t:|1779627750
|move|p1a: Garganacl|Protect|p1a: Garganacl
|-singleturn|p1a: Garganacl|Protect
|move|p2a: Skarmory|Drill Run|p1a: Garganacl
|-activate|p1a: Garganacl|move: Protect
|
|-heal|p1a: Garganacl|20/100|[from] item: Leftovers
|-damage|p2a: Skarmory|50/100|[from] Salt Cure
|upkeep
|turn|13
|
|t:|1779627761
|move|p1a: Garganacl|Protect||[still]
|-fail|p1a: Garganacl
|move|p2a: Skarmory|Drill Run|p1a: Garganacl
|-supereffective|p1a: Garganacl
|-damage|p1a: Garganacl|0 fnt
|faint|p1a: Garganacl
|
|-damage|p2a: Skarmory|25/100|[from] Salt Cure
|upkeep
|inactive|Battle timer is ON: inactive players will automatically lose when time's up. (requested by colonel fromage)
|
|t:|1779627767
|switch|p1a: Lokix|Lokix, M, shiny|100/100
|turn|14
|
|t:|1779627784
|move|p1a: Lokix|First Impression|p2a: Skarmory
|-resisted|p2a: Skarmory
|-damage|p2a: Skarmory|0 fnt
|faint|p2a: Skarmory
|
|upkeep
|
|t:|1779627804
|switch|p2a: Cinderace|Cinderace, M|100/100
|-damage|p2a: Cinderace|76/100|[from] Stealth Rock
|turn|15
|
|t:|1779627814
|switch|p1a: Exeggutor|Exeggutor-Alola, F|100/100
|move|p2a: Cinderace|Pyro Ball|p1a: Exeggutor
|-damage|p1a: Exeggutor|23/100
|-enditem|p1a: Exeggutor|Sitrus Berry|[eat]
|-heal|p1a: Exeggutor|48/100|[from] item: Sitrus Berry
|
|upkeep
|turn|16
|
|t:|1779627825
|move|p1a: Exeggutor|Protect|p1a: Exeggutor
|-singleturn|p1a: Exeggutor|Protect
|move|p2a: Cinderace|Pyro Ball|p1a: Exeggutor
|-activate|p1a: Exeggutor|move: Protect
|
|-item|p1a: Exeggutor|Sitrus Berry|[from] ability: Harvest
|upkeep
|-enditem|p1a: Exeggutor|Sitrus Berry|[eat]
|-heal|p1a: Exeggutor|73/100|[from] item: Sitrus Berry
|turn|17
|
|t:|1779627840
|switch|p1a: Clodsire|Clodsire, F|46/100
|-terastallize|p2a: Cinderace|Fire
|move|p2a: Cinderace|Pyro Ball|p1a: Clodsire
|-damage|p1a: Clodsire|0 fnt
|faint|p1a: Clodsire
|
|upkeep
|
|t:|1779627844
|switch|p1a: Corviknight|Corviknight, M|75/100
|-ability|p1a: Corviknight|Pressure
|turn|18
|
|t:|1779627853
|switch|p1a: Exeggutor|Exeggutor-Alola, F|73/100
|move|p2a: Cinderace|Pyro Ball|p1a: Exeggutor
|-damage|p1a: Exeggutor|0 fnt
|faint|p1a: Exeggutor
|
|upkeep
|
|t:|1779627858
|switch|p1a: Lokix|Lokix, M, shiny|100/100
|turn|19
|
|t:|1779627864
|move|p1a: Lokix|First Impression|p2a: Cinderace
|-resisted|p2a: Cinderace
|-crit|p2a: Cinderace
|-damage|p2a: Cinderace|0 fnt
|faint|p2a: Cinderace
|
|upkeep
|
|t:|1779627885
|switch|p2a: Darkrai|Darkrai|100/100
|-damage|p2a: Darkrai|88/100|[from] Stealth Rock
|turn|20
|
|t:|1779627896
|switch|p1a: Corviknight|Corviknight, M|75/100
|-ability|p1a: Corviknight|Pressure
|move|p2a: Darkrai|Dark Pulse|p1a: Corviknight
|-damage|p1a: Corviknight|34/100
|
|upkeep
|turn|21
|
|t:|1779627905
|move|p2a: Darkrai|Dark Pulse|p1a: Corviknight
|-damage|p1a: Corviknight|0 fnt
|faint|p1a: Corviknight
|
|upkeep
|
|t:|1779627909
|switch|p1a: Lokix|Lokix, M, shiny|100/100
|turn|22
|
|t:|1779627920
|switch|p2a: Hoopa|Hoopa-Unbound|40/100
|-damage|p2a: Hoopa|28/100|[from] Stealth Rock
|-terastallize|p1a: Lokix|Bug
|move|p1a: Lokix|First Impression|p2a: Hoopa
|-supereffective|p2a: Hoopa
|-damage|p2a: Hoopa|0 fnt
|faint|p2a: Hoopa
|
|upkeep
|
|t:|1779627941
|switch|p2a: Clefable|Clefable, M|100/100
|-damage|p2a: Clefable|88/100|[from] Stealth Rock
|turn|23
|
|t:|1779627946
|switch|p1a: Gholdengo|Gholdengo|100/100
|move|p2a: Clefable|Flamethrower|p1a: Gholdengo
|-supereffective|p1a: Gholdengo
|-damage|p1a: Gholdengo|20/100
|-damage|p2a: Clefable|78/100|[from] item: Life Orb
|
|-heal|p1a: Gholdengo|27/100|[from] item: Leftovers
|upkeep
|turn|24
|
|t:|1779627959
|move|p1a: Gholdengo|Make It Rain|p2a: Clefable
|-supereffective|p2a: Clefable
|-damage|p2a: Clefable|0 fnt
|-unboost|p1a: Gholdengo|spa|1
|faint|p2a: Clefable
|
|-heal|p1a: Gholdengo|33/100|[from] item: Leftovers
|upkeep
|
|t:|1779627968
|switch|p2a: Darkrai|Darkrai|88/100
|-damage|p2a: Darkrai|76/100|[from] Stealth Rock
|turn|25
|
|t:|1779627975
|move|p2a: Darkrai|Dark Pulse|p1a: Gholdengo
|-supereffective|p1a: Gholdengo
|-damage|p1a: Gholdengo|0 fnt
|faint|p1a: Gholdengo
|
|upkeep
|
|t:|1779627982
|switch|p1a: Lokix|Lokix, M, shiny, tera:Bug|100/100
|turn|26
|
|t:|1779627985
|move|p1a: Lokix|First Impression|p2a: Darkrai
|-supereffective|p2a: Darkrai
|-damage|p2a: Darkrai|0 fnt
|faint|p2a: Darkrai
|
|win|Bass778
|raw|Bass778's rating: 1136 &rarr; <strong>1166</strong><br />(+30 for winning)
|raw|colonel fromage's rating: 1208 &rarr; <strong>1178</strong><br />(-30 for losing)
|c|☆colonel fromage|Gg
|l|☆Bass778
|player|p1|
|l|☆colonel fromage
|player|p2|
