|j|☆samylc
|j|☆el metrallas
|t:|1779722488
|gametype|singles
|player|p1|samylc|steven|1444
|player|p2|el metrallas|swimmerf-gen4|1351
|gen|9
|tier|[Gen 9] OU
|rated|
|rule|HP Percentage Mod: HP is shown in percentages
|rule|Endless Battle Clause: Forcing endless battles is banned
|rule|Species Clause: Limit one of each Pokémon
|rule|OHKO Clause: OHKO moves are banned
|rule|Evasion Items Clause: Evasion items are banned
|rule|Evasion Moves Clause: Evasion moves are banned
|rule|Evasion Abilities Clause: Evasion abilities are banned
|rule|Sleep Moves Clause: Sleep-inducing moves are banned
|clearpoke
|poke|p1|Deoxys-Speed|
|poke|p1|Gholdengo|
|poke|p1|Iron Treads|
|poke|p1|Dragonite, F|
|poke|p1|Iron Moth|
|poke|p1|Samurott-Hisui, M|
|poke|p2|Hydreigon, F|
|poke|p2|Ribombee, M|
|poke|p2|Tauros-Paldea-Blaze, M|
|poke|p2|Clodsire, F|
|poke|p2|Mamoswine, M|
|poke|p2|Gholdengo|
|teampreview
|inactive|Battle timer is ON: inactive players will automatically lose when time's up. (requested by samylc)
|
|t:|1779722495
|teamsize|p1|6
|teamsize|p2|6
|start
|switch|p1a: Iron Treads|Iron Treads|100/100
|switch|p2a: Tuerta|Ribombee, M, shiny|100/100
|-enditem|p1a: Iron Treads|Booster Energy
|-activate|p1a: Iron Treads|ability: Quark Drive|[fromitem]
|-start|p1a: Iron Treads|quarkdrivespe
|turn|1
|
|t:|1779722500
|move|p1a: Iron Treads|Knock Off|p2a: Tuerta
|-resisted|p2a: Tuerta
|-damage|p2a: Tuerta|76/100
|-enditem|p2a: Tuerta|Focus Sash|[from] move: Knock Off|[of] p1a: Iron Treads
|move|p2a: Tuerta|Stun Spore|p1a: Iron Treads|[miss]
|-miss|p2a: Tuerta|p1a: Iron Treads
|
|upkeep
|turn|2
|
|t:|1779722508
|switch|p2a: Te pilla el toro|Tauros-Paldea-Blaze, M, shiny|100/100
|-ability|p2a: Te pilla el toro|Intimidate|boost
|-unboost|p1a: Iron Treads|atk|1
|move|p1a: Iron Treads|Stealth Rock|p2a: Te pilla el toro
|-sidestart|p2: el metrallas|move: Stealth Rock
|
|upkeep
|turn|3
|inactive|samylc has 120 seconds left.
|
|t:|1779722547
|move|p1a: Iron Treads|Earthquake|p2a: Te pilla el toro
|-supereffective|p2a: Te pilla el toro
|-damage|p2a: Te pilla el toro|42/100
|move|p2a: Te pilla el toro|Close Combat|p1a: Iron Treads
|-supereffective|p1a: Iron Treads
|-damage|p1a: Iron Treads|0 fnt
|-unboost|p2a: Te pilla el toro|def|1
|-unboost|p2a: Te pilla el toro|spd|1
|faint|p1a: Iron Treads
|-end|p1a: Iron Treads|Quark Drive|[silent]
|-damage|p2a: Te pilla el toro|32/100|[from] item: Life Orb
|
|upkeep
|
|t:|1779722550
|switch|p1a: Samurott|Samurott-Hisui, M|100/100
|turn|4
|
|t:|1779722556
|move|p2a: Te pilla el toro|Close Combat|p1a: Samurott
|-supereffective|p1a: Samurott
|-crit|p1a: Samurott
|-enditem|p1a: Samurott|Focus Sash
|-damage|p1a: Samurott|1/100
|-unboost|p2a: Te pilla el toro|def|1
|-unboost|p2a: Te pilla el toro|spd|1
|-damage|p2a: Te pilla el toro|22/100|[from] item: Life Orb
|move|p1a: Samurott|Ceaseless Edge|p2a: Te pilla el toro
|-resisted|p2a: Te pilla el toro
|-damage|p2a: Te pilla el toro|0 fnt
|-sidestart|p2: el metrallas|Spikes
|faint|p2a: Te pilla el toro
|
|upkeep
|
|t:|1779722570
|switch|p2a: Tuerta|Ribombee, M, shiny|76/100
|-damage|p2a: Tuerta|51/100|[from] Stealth Rock
|-damage|p2a: Tuerta|38/100|[from] Spikes
|turn|5
|
|t:|1779722573
|move|p2a: Tuerta|Sticky Web|p1a: Samurott
|-sidestart|p1: samylc|move: Sticky Web
|move|p1a: Samurott|Ceaseless Edge|p2a: Tuerta
|-resisted|p2a: Tuerta
|-damage|p2a: Tuerta|0 fnt
|-sidestart|p2: el metrallas|Spikes
|faint|p2a: Tuerta
|
|upkeep
|
|t:|1779722579
|switch|p2a: Collejas|Hydreigon, F|100/100
|-damage|p2a: Collejas|88/100|[from] Stealth Rock
|turn|6
|
|t:|1779722583
|move|p2a: Collejas|Dark Pulse|p1a: Samurott
|-resisted|p1a: Samurott
|-damage|p1a: Samurott|0 fnt
|faint|p1a: Samurott
|
|upkeep
|
|t:|1779722590
|switch|p1a: Deoxys|Deoxys-Speed|100/100
|-activate|p1a: Deoxys|move: Sticky Web
|-unboost|p1a: Deoxys|spe|1
|-ability|p1a: Deoxys|Pressure
|turn|7
|
|t:|1779722597
|switch|p2a: Director|Clodsire, F, shiny|100/100
|-damage|p2a: Director|94/100|[from] Stealth Rock
|-damage|p2a: Director|78/100|[from] Spikes
|move|p1a: Deoxys|Ice Beam|p2a: Director
|-supereffective|p2a: Director
|-damage|p2a: Director|34/100
|-status|p2a: Director|frz
|-damage|p1a: Deoxys|91/100|[from] item: Life Orb
|
|-heal|p2a: Director|41/100 frz|[from] item: Leftovers
|upkeep
|turn|8
|
|t:|1779722608
|cant|p2a: Director|frz
|move|p1a: Deoxys|Psycho Boost|p2a: Director
|-supereffective|p2a: Director
|-damage|p2a: Director|0 fnt
|-unboost|p1a: Deoxys|spa|2
|faint|p2a: Director
|-damage|p1a: Deoxys|81/100|[from] item: Life Orb
|
|upkeep
|
|t:|1779722617
|switch|p2a: Collejas|Hydreigon, F|88/100
|-damage|p2a: Collejas|76/100|[from] Stealth Rock
|turn|9
|
|t:|1779722621
|move|p1a: Deoxys|Ice Beam|p2a: Collejas
|-supereffective|p2a: Collejas
|-damage|p2a: Collejas|39/100
|-damage|p1a: Deoxys|71/100|[from] item: Life Orb
|move|p2a: Collejas|Dark Pulse|p1a: Deoxys
|-supereffective|p1a: Deoxys
|-damage|p1a: Deoxys|0 fnt
|faint|p1a: Deoxys
|
|upkeep
|
|t:|1779722625
|switch|p1a: Gholdengo|Gholdengo|100/100
|-item|p1a: Gholdengo|Air Balloon
|turn|10
|
|t:|1779722635
|move|p2a: Collejas|Dark Pulse|p1a: Gholdengo
|-supereffective|p1a: Gholdengo
|-damage|p1a: Gholdengo|0 fnt
|-enditem|p1a: Gholdengo|Air Balloon
|faint|p1a: Gholdengo
|
|upkeep
|
|t:|1779722638
|switch|p1a: Iron Moth|Iron Moth|100/100
|-activate|p1a: Iron Moth|move: Sticky Web
|-unboost|p1a: Iron Moth|spe|1
|-enditem|p1a: Iron Moth|Booster Energy
|-activate|p1a: Iron Moth|ability: Quark Drive|[fromitem]
|-start|p1a: Iron Moth|quarkdrivespa
|turn|11
|
|t:|1779722642
|move|p2a: Collejas|Dark Pulse|p1a: Iron Moth
|-damage|p1a: Iron Moth|37/100
|move|p1a: Iron Moth|Sludge Wave|p2a: Collejas
|-damage|p2a: Collejas|0 fnt
|faint|p2a: Collejas
|
|upkeep
|
|t:|1779722650
|switch|p2a: Bombas|Gholdengo|100/100
|-damage|p2a: Bombas|94/100|[from] Stealth Rock
|-item|p2a: Bombas|Air Balloon
|turn|12
|
|t:|1779722676
|move|p2a: Bombas|Shadow Ball|p1a: Iron Moth
|-damage|p1a: Iron Moth|0 fnt
|faint|p1a: Iron Moth
|-end|p1a: Iron Moth|Quark Drive|[silent]
|
|upkeep
|
|t:|1779722678
|switch|p1a: Dragonite|Dragonite, F|100/100
|turn|13
|
|t:|1779722683
|move|p2a: Bombas|Dazzling Gleam|p1a: Dragonite
|-supereffective|p1a: Dragonite
|-damage|p1a: Dragonite|69/100
|move|p1a: Dragonite|Dragon Dance|p1a: Dragonite
|-boost|p1a: Dragonite|atk|1
|-boost|p1a: Dragonite|spe|1
|
|upkeep
|turn|14
|
|t:|1779722692
|-terastallize|p1a: Dragonite|Normal
|move|p1a: Dragonite|Ice Spinner|p2a: Bombas
|-resisted|p2a: Bombas
|-damage|p2a: Bombas|71/100
|-enditem|p2a: Bombas|Air Balloon
|move|p2a: Bombas|Dazzling Gleam|p1a: Dragonite
|-damage|p1a: Dragonite|39/100
|
|upkeep
|turn|15
|
|t:|1779722702
|move|p1a: Dragonite|Earthquake|p2a: Bombas
|-supereffective|p2a: Bombas
|-damage|p2a: Bombas|0 fnt
|faint|p2a: Bombas
|
|upkeep
|
|t:|1779722704
|switch|p2a: Mamuten|Mamoswine, M|100/100
|-damage|p2a: Mamuten|88/100|[from] Stealth Rock
|-damage|p2a: Mamuten|71/100|[from] Spikes
|turn|16
|
|t:|1779722716
|-terastallize|p2a: Mamuten|Ghost
|move|p1a: Dragonite|Extreme Speed|p2a: Mamuten
|-immune|p2a: Mamuten
|move|p2a: Mamuten|Ice Shard|p1a: Dragonite
|-damage|p1a: Dragonite|13/100
|
|upkeep
|turn|17
|
|t:|1779722724
|move|p2a: Mamuten|Ice Shard|p1a: Dragonite
|-damage|p1a: Dragonite|0 fnt
|faint|p1a: Dragonite
|
|win|el metrallas
|raw|samylc's rating: 1444 &rarr; <strong>1419</strong><br />(-25 for losing)
|raw|el metrallas's rating: 1351 &rarr; <strong>1376</strong><br />(+25 for winning)
|l|☆samylc
|player|p1|
|l|☆el metrallas
|player|p2|
