|j|☆barrman1313
|j|☆Shironept
|t:|1779578594
|gametype|singles
|player|p1|barrman1313|janitor|1277
|player|p2|Shironept|1|1264
|gen|9
|tier|[Gen 9] OU
|rated|
|rule|HP Percentage Mod: HP is shown in percentages
|rule|Endless Battle Clause: Forcing endless battles is banned
|rule|Species Clause: Limit one of each Pokémon
|rule|OHKO Clause: OHKO moves are banned
|rule|Evasion Items Clause: Evasion items are banned
|rule|Evasion Moves Clause: Evasion moves are banned
|rule|Evasion Abilities Clause: Evasion abilities are banned
|rule|Sleep Moves Clause: Sleep-inducing moves are banned
|clearpoke
|poke|p1|Hatterene, F|
|poke|p1|Pelipper, F|
|poke|p1|Hariyama, M|
|poke|p1|Cresselia, F|
|poke|p1|Ursaluna, F|
|poke|p1|Porygon2|
|poke|p2|Dragonite, M|
|poke|p2|Ogerpon-Wellspring, F|
|poke|p2|Walking Wake|
|poke|p2|Kingambit, M|
|poke|p2|Zarude|
|poke|p2|Glimmora, M|
|teampreview
|
|t:|1779578606
|teamsize|p1|6
|teamsize|p2|6
|start
|switch|p1a: Hatterene|Hatterene, F|100/100
|switch|p2a: Zarude|Zarude|100/100
|turn|1
|
|t:|1779578613
|move|p2a: Zarude|Knock Off|p1a: Hatterene
|-damage|p1a: Hatterene|61/100
|-enditem|p1a: Hatterene|Focus Sash|[from] move: Knock Off|[of] p2a: Zarude
|move|p1a: Hatterene|Trick Room|p1a: Hatterene
|-fieldstart|move: Trick Room|[of] p1a: Hatterene
|
|upkeep
|turn|2
|
|t:|1779578626
|move|p1a: Hatterene|Dazzling Gleam|p2a: Zarude
|-supereffective|p2a: Zarude
|-damage|p2a: Zarude|25/100
|move|p2a: Zarude|Power Whip|p1a: Hatterene
|-damage|p1a: Hatterene|11/100
|
|-heal|p2a: Zarude|31/100|[from] item: Leftovers
|upkeep
|turn|3
|
|t:|1779578638
|switch|p1a: Pelipper|Pelipper, F|100/100
|-weather|RainDance|[from] ability: Drizzle|[of] p1a: Pelipper
|switch|p2a: Kingambit|Kingambit, M, shiny|100/100
|
|-weather|RainDance|[upkeep]
|upkeep
|turn|4
|
|t:|1779578648
|move|p1a: Pelipper|Hydro Pump|p2a: Kingambit|[miss]
|-miss|p1a: Pelipper|p2a: Kingambit
|move|p2a: Kingambit|Swords Dance|p2a: Kingambit
|-boost|p2a: Kingambit|atk|2
|
|-weather|RainDance|[upkeep]
|upkeep
|turn|5
|
|t:|1779578658
|switch|p1a: Hatterene|Hatterene, F|11/100
|move|p2a: Kingambit|Kowtow Cleave|p1a: Hatterene
|-damage|p1a: Hatterene|0 fnt
|faint|p1a: Hatterene
|
|-weather|RainDance|[upkeep]
|-fieldend|move: Trick Room
|upkeep
|
|t:|1779578662
|switch|p1a: Hariyama|Hariyama, M|100/100
|turn|6
|
|t:|1779578673
|-end|p2a: Kingambit|fallenundefined|[silent]
|switch|p2a: Glimmora|Glimmora, M, shiny|100/100
|move|p1a: Hariyama|Drain Punch|p2a: Glimmora
|-damage|p2a: Glimmora|51/100
|-activate|p2a: Glimmora|ability: Toxic Debris
|-sidestart|p1: barrman1313|move: Toxic Spikes
|
|-weather|RainDance|[upkeep]
|upkeep
|turn|7
|
|t:|1779578686
|move|p2a: Glimmora|Stealth Rock|p1a: Hariyama
|-sidestart|p1: barrman1313|move: Stealth Rock
|move|p1a: Hariyama|Belly Drum|p1a: Hariyama
|-damage|p1a: Hariyama|50/100
|-setboost|p1a: Hariyama|atk|6|[from] move: Belly Drum
|-enditem|p1a: Hariyama|Sitrus Berry|[eat]
|-heal|p1a: Hariyama|75/100|[from] item: Sitrus Berry
|
|-weather|none
|upkeep
|turn|8
|
|t:|1779578701
|move|p1a: Hariyama|Bullet Punch|p2a: Glimmora
|-supereffective|p2a: Glimmora
|-damage|p2a: Glimmora|0 fnt
|-activate|p2a: Glimmora|ability: Toxic Debris
|-sidestart|p1: barrman1313|move: Toxic Spikes
|faint|p2a: Glimmora
|
|upkeep
|
|t:|1779578711
|switch|p2a: Walking Wake|Walking Wake|100/100
|-enditem|p2a: Walking Wake|Booster Energy
|-activate|p2a: Walking Wake|ability: Protosynthesis|[fromitem]
|-start|p2a: Walking Wake|protosynthesisspa
|turn|9
|
|t:|1779578721
|move|p1a: Hariyama|Bullet Punch|p2a: Walking Wake
|-resisted|p2a: Walking Wake
|-damage|p2a: Walking Wake|72/100
|move|p2a: Walking Wake|Hurricane|p1a: Hariyama
|-supereffective|p1a: Hariyama
|-damage|p1a: Hariyama|0 fnt
|faint|p1a: Hariyama
|
|upkeep
|
|t:|1779578739
|switch|p1a: Cresselia|Cresselia, F|100/100
|-damage|p1a: Cresselia|88/100|[from] Stealth Rock
|turn|10
|
|t:|1779578746
|move|p2a: Walking Wake|Surf|p1a: Cresselia
|-damage|p1a: Cresselia|49/100
|move|p1a: Cresselia|Trick Room|p1a: Cresselia
|-fieldstart|move: Trick Room|[of] p1a: Cresselia
|
|upkeep
|turn|11
|
|t:|1779578763
|switch|p1a: Pelipper|Pelipper, F|100/100
|-damage|p1a: Pelipper|75/100|[from] Stealth Rock
|-weather|RainDance|[from] ability: Drizzle|[of] p1a: Pelipper
|move|p2a: Walking Wake|Surf|p1a: Pelipper
|-resisted|p1a: Pelipper
|-damage|p1a: Pelipper|16/100
|
|-weather|RainDance|[upkeep]
|upkeep
|turn|12
|
|t:|1779578772
|move|p1a: Pelipper|Hurricane|p2a: Walking Wake
|-damage|p2a: Walking Wake|0 fnt
|faint|p2a: Walking Wake
|-end|p2a: Walking Wake|Protosynthesis|[silent]
|
|-weather|RainDance|[upkeep]
|upkeep
|
|t:|1779578780
|switch|p2a: Dragonite|Dragonite, M, shiny|100/100
|turn|13
|
|t:|1779578784
|move|p1a: Pelipper|Hurricane|p2a: Dragonite
|-damage|p2a: Dragonite|57/100
|move|p2a: Dragonite|Dragon Dance|p2a: Dragonite
|-boost|p2a: Dragonite|atk|1
|-boost|p2a: Dragonite|spe|1
|
|-weather|RainDance|[upkeep]
|upkeep
|turn|14
|
|t:|1779578790
|move|p2a: Dragonite|Extreme Speed|p1a: Pelipper
|-damage|p1a: Pelipper|0 fnt
|faint|p1a: Pelipper
|
|-weather|RainDance|[upkeep]
|-fieldend|move: Trick Room
|upkeep
|
|t:|1779578804
|switch|p1a: Cresselia|Cresselia, F|49/100
|-damage|p1a: Cresselia|37/100|[from] Stealth Rock
|turn|15
|
|t:|1779578813
|move|p2a: Dragonite|Earthquake|p1a: Cresselia
|-immune|p1a: Cresselia|[from] ability: Levitate
|move|p1a: Cresselia|Trick Room|p1a: Cresselia
|-fieldstart|move: Trick Room|[of] p1a: Cresselia
|
|-weather|none
|upkeep
|turn|16
|
|t:|1779578823
|switch|p1a: Ursaluna|Ursaluna, F|100/100
|-status|p1a: Ursaluna|tox
|-damage|p1a: Ursaluna|94/100 tox|[from] Stealth Rock
|move|p2a: Dragonite|Extreme Speed|p1a: Ursaluna
|-damage|p1a: Ursaluna|53/100 tox
|
|-damage|p1a: Ursaluna|47/100 tox|[from] psn
|upkeep
|turn|17
|
|t:|1779578832
|-terastallize|p1a: Ursaluna|Normal
|move|p2a: Dragonite|Extreme Speed|p1a: Ursaluna
|-damage|p1a: Ursaluna|5/100 tox
|move|p1a: Ursaluna|Facade|p2a: Dragonite
|-damage|p2a: Dragonite|0 fnt
|faint|p2a: Dragonite
|
|-damage|p1a: Ursaluna|0 fnt|[from] psn
|faint|p1a: Ursaluna
|upkeep
|
|t:|1779578841
|switch|p1a: Porygon2|Porygon2|100/100
|switch|p2a: Zarude|Zarude|31/100
|-status|p1a: Porygon2|tox
|-damage|p1a: Porygon2|88/100 tox|[from] Stealth Rock
|-ability|p1a: Porygon2|Download|boost
|-boost|p1a: Porygon2|atk|1
|turn|18
|-message|barrman1313 forfeited.
|
|win|Shironept
|raw|barrman1313's rating: 1277 &rarr; <strong>1251</strong><br />(-26 for losing)
|raw|Shironept's rating: 1264 &rarr; <strong>1290</strong><br />(+26 for winning)
|l|☆barrman1313
|player|p1|
|l|☆Shironept
|player|p2|
