|j|☆evccx
|j|☆WintyBird
|t:|1779685333
|gametype|singles
|player|p1|evccx|palmer|1440
|player|p2|WintyBird|psychic-gen4|1520
|gen|9
|tier|[Gen 9] OU
|rated|
|rule|HP Percentage Mod: HP is shown in percentages
|rule|Endless Battle Clause: Forcing endless battles is banned
|rule|Species Clause: Limit one of each Pokémon
|rule|OHKO Clause: OHKO moves are banned
|rule|Evasion Items Clause: Evasion items are banned
|rule|Evasion Moves Clause: Evasion moves are banned
|rule|Evasion Abilities Clause: Evasion abilities are banned
|rule|Sleep Moves Clause: Sleep-inducing moves are banned
|clearpoke
|poke|p1|Weezing-Galar, M|
|poke|p1|Ogerpon, F|
|poke|p1|Skarmory, M|
|poke|p1|Alomomola, M|
|poke|p1|Clodsire, M|
|poke|p1|Hydreigon, M|
|poke|p2|Walking Wake|
|poke|p2|Great Tusk|
|poke|p2|Ninetales, F|
|poke|p2|Cresselia, F|
|poke|p2|Zarude|
|poke|p2|Ceruledge, M|
|teampreview
|inactive|Battle timer is ON: inactive players will automatically lose when time's up. (requested by WintyBird)
|
|t:|1779685352
|teamsize|p1|6
|teamsize|p2|6
|start
|switch|p1a: Hydreigon|Hydreigon, M, shiny|100/100
|switch|p2a: Ninetales|Ninetales, F|100/100
|-weather|SunnyDay|[from] ability: Drought|[of] p2a: Ninetales
|turn|1
|
|t:|1779685359
|switch|p2a: Cresselia|Cresselia, F|100/100
|move|p1a: Hydreigon|Draco Meteor|p2a: Cresselia|[miss]
|-miss|p1a: Hydreigon|p2a: Cresselia
|
|-weather|SunnyDay|[upkeep]
|upkeep
|turn|2
|
|t:|1779685367
|move|p1a: Hydreigon|Draco Meteor|p2a: Cresselia
|-damage|p2a: Cresselia|48/100
|-unboost|p1a: Hydreigon|spa|2
|-enditem|p2a: Cresselia|Eject Button
|
|t:|1779685370
|switch|p2a: Walking Wake|Walking Wake|100/100
|-activate|p2a: Walking Wake|ability: Protosynthesis
|-start|p2a: Walking Wake|protosynthesisspe
|
|-weather|SunnyDay|[upkeep]
|upkeep
|turn|3
|
|t:|1779685380
|switch|p1a: Alomomola|Alomomola, M, shiny|100/100
|move|p2a: Walking Wake|Hydro Steam|p1a: Alomomola
|-resisted|p1a: Alomomola
|-damage|p1a: Alomomola|83/100
|
|-weather|SunnyDay|[upkeep]
|upkeep
|turn|4
|
|t:|1779685392
|move|p2a: Walking Wake|Draco Meteor|p1a: Alomomola|[miss]
|-miss|p2a: Walking Wake|p1a: Alomomola
|move|p1a: Alomomola|Flip Turn|p2a: Walking Wake
|-resisted|p2a: Walking Wake
|-crit|p2a: Walking Wake
|-damage|p2a: Walking Wake|97/100
|
|t:|1779685413
|switch|p1a: Ogerpon|Ogerpon, F|100/100|[from] Flip Turn
|
|-weather|SunnyDay|[upkeep]
|upkeep
|turn|5
|
|t:|1779685427
|-terastallize|p1a: Ogerpon|Grass
|detailschange|p1a: Ogerpon|Ogerpon-Teal-Tera, F, tera:Grass
|-ability|p1a: Ogerpon|Embody Aspect (Teal)|boost
|-boost|p1a: Ogerpon|spe|1
|move|p1a: Ogerpon|Ivy Cudgel|p2a: Walking Wake
|-damage|p2a: Walking Wake|0 fnt
|faint|p2a: Walking Wake
|-end|p2a: Walking Wake|Protosynthesis|[silent]
|
|-weather|SunnyDay|[upkeep]
|upkeep
|
|t:|1779685437
|switch|p2a: Ceruledge|Ceruledge, M|100/100
|-item|p2a: Ceruledge|Air Balloon
|turn|6
|
|t:|1779685452
|switch|p1a: Hydreigon|Hydreigon, M, shiny|100/100
|move|p2a: Ceruledge|Swords Dance|p2a: Ceruledge
|-boost|p2a: Ceruledge|atk|2
|
|-weather|SunnyDay|[upkeep]
|upkeep
|turn|7
|
|t:|1779685473
|-terastallize|p2a: Ceruledge|Fairy
|move|p1a: Hydreigon|Dark Pulse|p2a: Ceruledge
|-resisted|p2a: Ceruledge
|-damage|p2a: Ceruledge|67/100
|-enditem|p2a: Ceruledge|Air Balloon
|move|p2a: Ceruledge|Close Combat|p1a: Hydreigon
|-supereffective|p1a: Hydreigon
|-damage|p1a: Hydreigon|0 fnt
|-unboost|p2a: Ceruledge|def|1
|-unboost|p2a: Ceruledge|spd|1
|faint|p1a: Hydreigon
|
|-weather|SunnyDay|[upkeep]
|upkeep
|
|t:|1779685488
|switch|p1a: Ogerpon|Ogerpon-Teal-Tera, F, tera:Grass|100/100
|-ability|p1a: Ogerpon|Embody Aspect (Teal)|boost
|-boost|p1a: Ogerpon|spe|1
|turn|8
|
|t:|1779685493
|switch|p2a: Zarude|Zarude|100/100
|move|p1a: Ogerpon|Ivy Cudgel|p2a: Zarude
|-resisted|p2a: Zarude
|-damage|p2a: Zarude|58/100
|
|-weather|none
|-heal|p2a: Zarude|65/100|[from] item: Leftovers
|upkeep
|turn|9
|
|t:|1779685499
|switch|p1a: Skarmory|Skarmory, M, shiny|100/100
|move|p2a: Zarude|Synthesis|p2a: Zarude
|-heal|p2a: Zarude|100/100
|
|upkeep
|turn|10
|
|t:|1779685506
|switch|p2a: Ninetales|Ninetales, F|100/100
|-weather|SunnyDay|[from] ability: Drought|[of] p2a: Ninetales
|move|p1a: Skarmory|Spikes|p2a: Ninetales
|-sidestart|p2: WintyBird|Spikes
|
|-weather|SunnyDay|[upkeep]
|upkeep
|turn|11
|
|t:|1779685515
|switch|p1a: Alomomola|Alomomola, M, shiny|100/100
|move|p2a: Ninetales|Will-O-Wisp|p1a: Alomomola
|-status|p1a: Alomomola|brn
|
|-weather|SunnyDay|[upkeep]
|-damage|p1a: Alomomola|94/100 brn|[from] brn
|upkeep
|turn|12
|
|t:|1779685527
|switch|p1a: Clodsire|Clodsire, M, shiny|100/100
|move|p2a: Ninetales|Overheat|p1a: Clodsire
|-damage|p1a: Clodsire|71/100
|-unboost|p2a: Ninetales|spa|2
|
|-weather|SunnyDay|[upkeep]
|-heal|p1a: Clodsire|77/100|[from] item: Leftovers
|upkeep
|turn|13
|
|t:|1779685534
|move|p2a: Ninetales|Will-O-Wisp|p1a: Clodsire|[miss]
|-miss|p2a: Ninetales|p1a: Clodsire
|move|p1a: Clodsire|Stealth Rock|p2a: Ninetales
|-sidestart|p2: WintyBird|move: Stealth Rock
|
|-weather|SunnyDay|[upkeep]
|-heal|p1a: Clodsire|83/100|[from] item: Leftovers
|upkeep
|turn|14
|
|t:|1779685542
|move|p2a: Ninetales|Encore|p1a: Clodsire
|-start|p1a: Clodsire|Encore
|move|p1a: Clodsire|Stealth Rock||[still]
|-fail|p1a: Clodsire
|
|-weather|SunnyDay|[upkeep]
|-heal|p1a: Clodsire|89/100|[from] item: Leftovers
|upkeep
|turn|15
|
|t:|1779685551
|switch|p2a: Great Tusk|Great Tusk|100/100
|-damage|p2a: Great Tusk|88/100|[from] Spikes
|-damage|p2a: Great Tusk|85/100|[from] Stealth Rock
|-activate|p2a: Great Tusk|ability: Protosynthesis
|-start|p2a: Great Tusk|protosynthesisatk
|switch|p1a: Alomomola|Alomomola, M, shiny|100/100 brn
|
|-weather|SunnyDay|[upkeep]
|-damage|p1a: Alomomola|94/100 brn|[from] brn
|upkeep
|turn|16
|
|t:|1779685560
|switch|p1a: Skarmory|Skarmory, M, shiny|100/100
|move|p2a: Great Tusk|Rapid Spin|p1a: Skarmory
|-resisted|p1a: Skarmory
|-damage|p1a: Skarmory|94/100
|-boost|p2a: Great Tusk|spe|1
|-damage|p2a: Great Tusk|68/100|[from] item: Rocky Helmet|[of] p1a: Skarmory
|-sideend|p2: WintyBird|Spikes|[from] move: Rapid Spin|[of] p2a: Great Tusk
|-sideend|p2: WintyBird|Stealth Rock|[from] move: Rapid Spin|[of] p2a: Great Tusk
|
|-weather|SunnyDay|[upkeep]
|upkeep
|turn|17
|
|t:|1779685566
|-end|p2a: Great Tusk|Protosynthesis|[silent]
|switch|p2a: Ninetales|Ninetales, F|100/100
|move|p1a: Skarmory|Spikes|p2a: Ninetales
|-sidestart|p2: WintyBird|Spikes
|
|-weather|none
|upkeep
|turn|18
|
|t:|1779685572
|switch|p2a: Zarude|Zarude|100/100
|-damage|p2a: Zarude|88/100|[from] Spikes
|switch|p1a: Alomomola|Alomomola, M, shiny|100/100 brn
|
|-heal|p2a: Zarude|94/100|[from] item: Leftovers
|-damage|p1a: Alomomola|94/100 brn|[from] brn
|upkeep
|turn|19
|
|t:|1779685576
|switch|p1a: Skarmory|Skarmory, M, shiny|94/100
|move|p2a: Zarude|Knock Off|p1a: Skarmory
|-damage|p1a: Skarmory|68/100
|-damage|p2a: Zarude|78/100|[from] item: Rocky Helmet|[of] p1a: Skarmory
|-enditem|p1a: Skarmory|Rocky Helmet|[from] move: Knock Off|[of] p2a: Zarude
|
|-heal|p2a: Zarude|84/100|[from] item: Leftovers
|upkeep
|turn|20
|
|t:|1779685582
|switch|p2a: Ceruledge|Ceruledge, M, tera:Fairy|67/100
|-damage|p2a: Ceruledge|55/100|[from] Spikes
|move|p1a: Skarmory|Spikes|p2a: Ceruledge
|-sidestart|p2: WintyBird|Spikes
|
|upkeep
|turn|21
|
|t:|1779685599
|move|p2a: Ceruledge|Swords Dance|p2a: Ceruledge
|-boost|p2a: Ceruledge|atk|2
|move|p1a: Skarmory|Roost|p1a: Skarmory
|-heal|p1a: Skarmory|100/100
|-singleturn|p1a: Skarmory|move: Roost
|
|upkeep
|turn|22
|
|t:|1779685611
|switch|p1a: Weezing|Weezing-Galar, M, shiny|100/100
|-ability|p1a: Weezing|Neutralizing Gas
|move|p2a: Ceruledge|Bitter Blade|p1a: Weezing
|-damage|p1a: Weezing|36/100
|-heal|p2a: Ceruledge|92/100|[from] drain|[of] p1a: Weezing
|
|upkeep
|turn|23
|
|t:|1779685622
|move|p2a: Ceruledge|Bitter Blade|p1a: Weezing
|-damage|p1a: Weezing|0 fnt
|-heal|p2a: Ceruledge|100/100|[from] drain|[of] p1a: Weezing
|faint|p1a: Weezing
|-end|p1a: Weezing|ability: Neutralizing Gas
|
|upkeep
|
|t:|1779685627
|switch|p1a: Ogerpon|Ogerpon-Teal-Tera, F, tera:Grass|100/100
|-ability|p1a: Ogerpon|Embody Aspect (Teal)|boost
|-boost|p1a: Ogerpon|spe|1
|turn|24
|
|t:|1779685637
|move|p1a: Ogerpon|Ivy Cudgel|p2a: Ceruledge
|-damage|p2a: Ceruledge|0 fnt
|faint|p2a: Ceruledge
|
|upkeep
|
|t:|1779685640
|switch|p2a: Ninetales|Ninetales, F|100/100
|-damage|p2a: Ninetales|84/100|[from] Spikes
|-weather|SunnyDay|[from] ability: Drought|[of] p2a: Ninetales
|turn|25
|
|t:|1779685649
|switch|p1a: Alomomola|Alomomola, M, shiny|100/100 brn
|switch|p2a: Zarude|Zarude|84/100
|-damage|p2a: Zarude|68/100|[from] Spikes
|
|-weather|SunnyDay|[upkeep]
|-heal|p2a: Zarude|74/100|[from] item: Leftovers
|-damage|p1a: Alomomola|94/100 brn|[from] brn
|upkeep
|turn|26
|
|t:|1779685654
|switch|p1a: Skarmory|Skarmory, M, shiny|100/100
|move|p2a: Zarude|Swords Dance|p2a: Zarude
|-boost|p2a: Zarude|atk|2
|
|-weather|SunnyDay|[upkeep]
|-heal|p2a: Zarude|80/100|[from] item: Leftovers
|upkeep
|turn|27
|
|t:|1779685658
|move|p2a: Zarude|Knock Off|p1a: Skarmory
|-damage|p1a: Skarmory|65/100
|move|p1a: Skarmory|Body Press|p2a: Zarude
|-supereffective|p2a: Zarude
|-damage|p2a: Zarude|23/100
|
|-weather|SunnyDay|[upkeep]
|-heal|p2a: Zarude|29/100|[from] item: Leftovers
|upkeep
|turn|28
|
|t:|1779685661
|move|p2a: Zarude|Synthesis|p2a: Zarude
|-heal|p2a: Zarude|96/100
|move|p1a: Skarmory|Roost|p1a: Skarmory
|-heal|p1a: Skarmory|100/100
|-singleturn|p1a: Skarmory|move: Roost
|
|-weather|SunnyDay|[upkeep]
|-heal|p2a: Zarude|100/100|[from] item: Leftovers
|upkeep
|turn|29
|
|t:|1779685664
|move|p2a: Zarude|Swords Dance|p2a: Zarude
|-boost|p2a: Zarude|atk|2
|move|p1a: Skarmory|Taunt|p2a: Zarude
|-start|p2a: Zarude|move: Taunt
|
|-weather|SunnyDay|[upkeep]
|upkeep
|turn|30
|
|t:|1779685669
|move|p2a: Zarude|Knock Off|p1a: Skarmory
|-damage|p1a: Skarmory|47/100
|move|p1a: Skarmory|Body Press|p2a: Zarude
|-supereffective|p2a: Zarude
|-damage|p2a: Zarude|39/100
|
|-weather|SunnyDay|[upkeep]
|-heal|p2a: Zarude|45/100|[from] item: Leftovers
|upkeep
|turn|31
|
|t:|1779685673
|move|p2a: Zarude|Knock Off|p1a: Skarmory
|-damage|p1a: Skarmory|0 fnt
|faint|p1a: Skarmory
|
|-weather|SunnyDay|[upkeep]
|-heal|p2a: Zarude|51/100|[from] item: Leftovers
|upkeep
|
|t:|1779685678
|switch|p1a: Ogerpon|Ogerpon-Teal-Tera, F, tera:Grass|100/100
|-ability|p1a: Ogerpon|Embody Aspect (Teal)|boost
|-boost|p1a: Ogerpon|spe|1
|turn|32
|
|t:|1779685683
|switch|p2a: Great Tusk|Great Tusk|68/100
|-damage|p2a: Great Tusk|52/100|[from] Spikes
|-activate|p2a: Great Tusk|ability: Protosynthesis
|-start|p2a: Great Tusk|protosynthesisatk
|move|p1a: Ogerpon|U-turn|p2a: Great Tusk
|-resisted|p2a: Great Tusk
|-damage|p2a: Great Tusk|40/100
|
|t:|1779685689
|switch|p1a: Alomomola|Alomomola, M, shiny|100/100 brn|[from] U-turn
|
|-weather|none
|-end|p2a: Great Tusk|Protosynthesis
|-damage|p1a: Alomomola|94/100 brn|[from] brn
|upkeep
|turn|33
|
|t:|1779685695
|move|p2a: Great Tusk|Rapid Spin|p1a: Alomomola
|-damage|p1a: Alomomola|80/100 brn
|-boost|p2a: Great Tusk|spe|1
|-sideend|p2: WintyBird|Spikes|[from] move: Rapid Spin|[of] p2a: Great Tusk
|move|p1a: Alomomola|Flip Turn|p2a: Great Tusk
|-supereffective|p2a: Great Tusk
|-damage|p2a: Great Tusk|28/100
|
|t:|1779685699
|switch|p1a: Ogerpon|Ogerpon-Teal-Tera, F, tera:Grass|100/100|[from] Flip Turn
|-ability|p1a: Ogerpon|Embody Aspect (Teal)|boost
|-boost|p1a: Ogerpon|spe|1
|
|upkeep
|turn|34
|
|t:|1779685706
|move|p1a: Ogerpon|Ivy Cudgel|p2a: Great Tusk
|-supereffective|p2a: Great Tusk
|-crit|p2a: Great Tusk
|-damage|p2a: Great Tusk|0 fnt
|faint|p2a: Great Tusk
|-end|p2a: Great Tusk|Protosynthesis|[silent]
|
|upkeep
|
|t:|1779685709
|switch|p2a: Ninetales|Ninetales, F|84/100
|-weather|SunnyDay|[from] ability: Drought|[of] p2a: Ninetales
|turn|35
|
|t:|1779685719
|move|p1a: Ogerpon|Ivy Cudgel|p2a: Ninetales
|-resisted|p2a: Ninetales
|-damage|p2a: Ninetales|23/100
|move|p2a: Ninetales|Will-O-Wisp|p1a: Ogerpon
|-status|p1a: Ogerpon|brn
|
|-weather|SunnyDay|[upkeep]
|-damage|p1a: Ogerpon|95/100 brn|[from] brn
|upkeep
|turn|36
|
|t:|1779685727
|move|p1a: Ogerpon|Ivy Cudgel|p2a: Ninetales
|-resisted|p2a: Ninetales
|-damage|p2a: Ninetales|0 fnt
|faint|p2a: Ninetales
|
|-weather|SunnyDay|[upkeep]
|-damage|p1a: Ogerpon|89/100 brn|[from] brn
|upkeep
|
|t:|1779685729
|switch|p2a: Cresselia|Cresselia, F|48/100
|turn|37
|
|t:|1779685735
|move|p1a: Ogerpon|Ivy Cudgel|p2a: Cresselia
|-damage|p2a: Cresselia|17/100
|move|p2a: Cresselia|Lunar Dance|p2a: Cresselia
|faint|p2a: Cresselia
|
|-weather|SunnyDay|[upkeep]
|-damage|p1a: Ogerpon|83/100 brn|[from] brn
|upkeep
|
|t:|1779685738
|switch|p2a: Zarude|Zarude|51/100
|-heal|p2a: Zarude|100/100|[from] move: Lunar Dance
|turn|38
|
|t:|1779685742
|switch|p1a: Alomomola|Alomomola, M, shiny|100/100 brn
|move|p2a: Zarude|Swords Dance|p2a: Zarude
|-boost|p2a: Zarude|atk|2
|
|-weather|SunnyDay|[upkeep]
|-damage|p1a: Alomomola|94/100 brn|[from] brn
|upkeep
|turn|39
|
|t:|1779685749
|move|p2a: Zarude|Power Whip|p1a: Alomomola
|-supereffective|p1a: Alomomola
|-damage|p1a: Alomomola|0 fnt
|faint|p1a: Alomomola
|
|-weather|SunnyDay|[upkeep]
|upkeep
|
|t:|1779685753
|switch|p1a: Ogerpon|Ogerpon-Teal-Tera, F, tera:Grass|83/100 brn
|-ability|p1a: Ogerpon|Embody Aspect (Teal)|boost
|-boost|p1a: Ogerpon|spe|1
|turn|40
|
|t:|1779685756
|move|p1a: Ogerpon|U-turn|p2a: Zarude
|-supereffective|p2a: Zarude
|-damage|p2a: Zarude|38/100
|
|t:|1779685759
|switch|p1a: Clodsire|Clodsire, M, shiny|89/100|[from] U-turn
|move|p2a: Zarude|Synthesis|p2a: Zarude
|-heal|p2a: Zarude|100/100
|
|-weather|SunnyDay|[upkeep]
|-heal|p1a: Clodsire|95/100|[from] item: Leftovers
|upkeep
|turn|41
|
|t:|1779685763
|move|p2a: Zarude|Power Whip|p1a: Clodsire
|-damage|p1a: Clodsire|34/100
|move|p1a: Clodsire|Toxic|p2a: Zarude
|-immune|p2a: Zarude|[from] ability: Leaf Guard
|
|-weather|SunnyDay|[upkeep]
|-heal|p1a: Clodsire|40/100|[from] item: Leftovers
|upkeep
|turn|42
|
|t:|1779685778
|move|p2a: Zarude|Knock Off|p1a: Clodsire
|-damage|p1a: Clodsire|0 fnt
|-enditem|p1a: Clodsire|Leftovers|[from] move: Knock Off|[of] p2a: Zarude
|faint|p1a: Clodsire
|
|-weather|none
|upkeep
|c|☆WintyBird|gg
|
|t:|1779685780
|switch|p1a: Ogerpon|Ogerpon-Teal-Tera, F, tera:Grass|83/100 brn
|-ability|p1a: Ogerpon|Embody Aspect (Teal)|boost
|-boost|p1a: Ogerpon|spe|1
|turn|43
|
|t:|1779685784
|move|p1a: Ogerpon|U-turn|p2a: Zarude
|-supereffective|p2a: Zarude
|-damage|p2a: Zarude|40/100
|move|p2a: Zarude|Knock Off|p1a: Ogerpon
|-damage|p1a: Ogerpon|0 fnt
|-enditem|p1a: Ogerpon|Choice Band|[from] move: Knock Off|[of] p2a: Zarude
|faint|p1a: Ogerpon
|detailschange|p1: Ogerpon|Ogerpon, F|[silent]
|
|win|WintyBird
|raw|evccx's rating: 1440 &rarr; <strong>1425</strong><br />(-15 for losing)
|raw|WintyBird's rating: 1520 &rarr; <strong>1535</strong><br />(+15 for winning)
|l|☆evccx
|player|p1|
|l|☆WintyBird
|player|p2|
