|j|☆mieldrain
|j|☆NoobishTrainerJoe
|t:|1779621703
|gametype|singles
|player|p1|mieldrain|lady-gen4|1662
|player|p2|NoobishTrainerJoe|266|1608
|gen|9
|tier|[Gen 9] OU
|rated|
|rule|HP Percentage Mod: HP is shown in percentages
|rule|Endless Battle Clause: Forcing endless battles is banned
|rule|Species Clause: Limit one of each Pokémon
|rule|OHKO Clause: OHKO moves are banned
|rule|Evasion Items Clause: Evasion items are banned
|rule|Evasion Moves Clause: Evasion moves are banned
|rule|Evasion Abilities Clause: Evasion abilities are banned
|rule|Sleep Moves Clause: Sleep-inducing moves are banned
|clearpoke
|poke|p1|Samurott-Hisui, F|
|poke|p1|Iron Valiant|
|poke|p1|Pecharunt|
|poke|p1|Reuniclus, F|
|poke|p1|Darkrai|
|poke|p1|Kingambit, F|
|poke|p2|Greninja-*, M|
|poke|p2|Pelipper, M|
|poke|p2|Regieleki|
|poke|p2|Primarina, M|
|poke|p2|Iron Treads|
|poke|p2|Kingambit, F|
|teampreview
|inactive|Battle timer is ON: inactive players will automatically lose when time's up. (requested by mieldrain)
|
|t:|1779621730
|teamsize|p1|6
|teamsize|p2|6
|start
|switch|p1a: Pecharunt|Pecharunt|100/100
|switch|p2a: Primarina|Primarina, M|100/100
|turn|1
|
|t:|1779621737
|switch|p1a: Samurott|Samurott-Hisui, F|100/100
|move|p2a: Primarina|Flip Turn|p1a: Samurott
|-resisted|p1a: Samurott
|-crit|p1a: Samurott
|-damage|p1a: Samurott|86/100
|
|t:|1779621741
|switch|p2a: Regieleki|Regieleki|100/100|[from] Flip Turn
|
|upkeep
|turn|2
|
|t:|1779621769
|move|p1a: Samurott|Aqua Jet|p2a: Regieleki
|-damage|p2a: Regieleki|61/100
|move|p2a: Regieleki|Volt Switch|p1a: Samurott
|-supereffective|p1a: Samurott
|-damage|p1a: Samurott|0 fnt
|faint|p1a: Samurott
|
|t:|1779621778
|switch|p2a: Pelipper|Pelipper, M|100/100|[from] Volt Switch
|-weather|RainDance|[from] ability: Drizzle|[of] p2a: Pelipper
|
|-weather|RainDance|[upkeep]
|upkeep
|
|t:|1779621781
|switch|p1a: Darkrai|Darkrai|100/100
|turn|3
|inactive|NoobishTrainerJoe has 120 seconds left.
|
|t:|1779621816
|move|p1a: Darkrai|Dark Pulse|p2a: Pelipper
|-crit|p2a: Pelipper
|-damage|p2a: Pelipper|0 fnt
|faint|p2a: Pelipper
|
|-weather|RainDance|[upkeep]
|upkeep
|c|☆NoobishTrainerJoe|Mmh
|c|☆mieldrain|deserved for staying in turn 1 imo
|
|t:|1779621835
|switch|p2a: Primarina|Primarina, M|100/100
|turn|4
|
|t:|1779621840
|move|p1a: Darkrai|Knock Off|p2a: Primarina
|-resisted|p2a: Primarina
|-damage|p2a: Primarina|76/100
|-enditem|p2a: Primarina|Choice Specs|[from] move: Knock Off|[of] p1a: Darkrai
|move|p2a: Primarina|Surf|p1a: Darkrai
|-damage|p1a: Darkrai|0 fnt
|faint|p1a: Darkrai
|
|-weather|RainDance|[upkeep]
|upkeep
|c|☆NoobishTrainerJoe|Deserved for making a good read?
|
|t:|1779621851
|switch|p1a: Pecharunt|Pecharunt|100/100
|turn|5
|c|☆NoobishTrainerJoe|Nice cope
|
|t:|1779621858
|switch|p2a: Iron Treads|Iron Treads|100/100
|move|p1a: Pecharunt|Malignant Chain|p2a: Iron Treads
|-immune|p2a: Iron Treads
|
|-weather|RainDance|[upkeep]
|upkeep
|turn|6
|c|☆mieldrain|i think you just thought i was slower
|c|☆mieldrain|but whatever
|inactive|NoobishTrainerJoe has 120 seconds left.
|c|☆mieldrain|why throw away 80% hp on the mon that beats my whole team
|c|☆NoobishTrainerJoe|I knew you weren’t gonna malig
|c|☆NoobishTrainerJoe|simple as that
|inactive|NoobishTrainerJoe has 90 seconds left.
|
|t:|1779621910
|move|p1a: Pecharunt|Shadow Ball|p2a: Iron Treads
|-damage|p2a: Iron Treads|66/100
|move|p2a: Iron Treads|Stealth Rock|p1a: Pecharunt
|-sidestart|p1: mieldrain|move: Stealth Rock
|
|-weather|RainDance|[upkeep]
|-heal|p2a: Iron Treads|72/100|[from] item: Leftovers
|upkeep
|turn|7
|inactive|NoobishTrainerJoe has 90 seconds left.
|
|t:|1779621922
|-end|p2a: Iron Treads|Quark Drive|[silent]
|switch|p2a: Greninja|Greninja, M|100/100
|move|p1a: Pecharunt|Shadow Ball|p2a: Greninja
|-resisted|p2a: Greninja
|-damage|p2a: Greninja|76/100
|
|-weather|RainDance|[upkeep]
|upkeep
|turn|8
|inactive|NoobishTrainerJoe has 90 seconds left.
|
|t:|1779621934
|move|p2a: Greninja|Surf|p1a: Pecharunt
|-damage|p1a: Pecharunt|0 fnt
|faint|p1a: Pecharunt
|-ability|p2a: Greninja|Battle Bond|boost
|-boost|p2a: Greninja|atk|1
|-boost|p2a: Greninja|spa|1
|-boost|p2a: Greninja|spe|1
|-activate|p2a: Greninja|ability: Battle Bond
|
|-weather|RainDance|[upkeep]
|upkeep
|
|t:|1779621945
|switch|p1a: Reuniclus|Reuniclus, F|100/100
|turn|9
|j| kanaete onegai
|
|t:|1779621950
|move|p2a: Greninja|Surf|p1a: Reuniclus
|-damage|p1a: Reuniclus|0 fnt
|faint|p1a: Reuniclus
|
|-weather|none
|upkeep
|
|t:|1779621960
|switch|p1a: Kingambit|Kingambit, F|100/100
|-damage|p1a: Kingambit|94/100|[from] Stealth Rock
|-activate|p1a: Kingambit|ability: Supreme Overlord
|-start|p1a: Kingambit|fallen4|[silent]
|-item|p1a: Kingambit|Air Balloon
|turn|10
|
|t:|1779621967
|move|p2a: Greninja|Surf|p1a: Kingambit
|-damage|p1a: Kingambit|0 fnt
|-enditem|p1a: Kingambit|Air Balloon
|faint|p1a: Kingambit
|-end|p1a: Kingambit|fallen4|[silent]
|
|upkeep
|c|☆NoobishTrainerJoe|Gg
|c|☆mieldrain|specs now?
|c|☆mieldrain|gg
|-message|mieldrain forfeited.
|
|win|NoobishTrainerJoe
|raw|mieldrain's rating: 1662 &rarr; <strong>1639</strong><br />(-23 for losing)
|raw|NoobishTrainerJoe's rating: 1608 &rarr; <strong>1631</strong><br />(+23 for winning)
|l|☆mieldrain
|player|p1|
|l|☆NoobishTrainerJoe
|player|p2|
|j|☆NoobishTrainerJoe
|player|p2|NoobishTrainerJoe|266|
