|j|☆1C2061
|j|☆owl_with_scarf
|t:|1779602956
|gametype|singles
|player|p1|1C2061|hilda|1499
|player|p2|owl_with_scarf|#owlwithscarf|1522
|gen|9
|tier|[Gen 9] OU
|rated|
|rule|HP Percentage Mod: HP is shown in percentages
|rule|Endless Battle Clause: Forcing endless battles is banned
|rule|Species Clause: Limit one of each Pokémon
|rule|OHKO Clause: OHKO moves are banned
|rule|Evasion Items Clause: Evasion items are banned
|rule|Evasion Moves Clause: Evasion moves are banned
|rule|Evasion Abilities Clause: Evasion abilities are banned
|rule|Sleep Moves Clause: Sleep-inducing moves are banned
|clearpoke
|poke|p1|Ribombee, M|
|poke|p1|Great Tusk|
|poke|p1|Gholdengo|
|poke|p1|Raging Bolt|
|poke|p1|Darkrai|
|poke|p1|Ogerpon-Wellspring, F|
|poke|p2|Diancie|
|poke|p2|Blaziken, F|
|poke|p2|Cinderace, F|
|poke|p2|Regidrago|
|poke|p2|Ogerpon, F|
|poke|p2|Oricorio-Pom-Pom, M|
|teampreview
|inactive|Battle timer is ON: inactive players will automatically lose when time's up. (requested by owl_with_scarf)
|
|t:|1779602978
|teamsize|p1|6
|teamsize|p2|6
|start
|switch|p1a: Gholdengo|Gholdengo|100/100
|switch|p2a: Oricorio|Oricorio-Pom-Pom, M|100/100
|-item|p1a: Gholdengo|Air Balloon
|turn|1
|
|t:|1779602988
|switch|p1a: Raging Bolt|Raging Bolt|100/100
|-enditem|p1a: Raging Bolt|Booster Energy
|-activate|p1a: Raging Bolt|ability: Protosynthesis|[fromitem]
|-start|p1a: Raging Bolt|protosynthesisspa
|move|p2a: Oricorio|Quiver Dance|p2a: Oricorio
|-boost|p2a: Oricorio|spa|1
|-boost|p2a: Oricorio|spd|1
|-boost|p2a: Oricorio|spe|1
|
|upkeep
|turn|2
|
|t:|1779602995
|switch|p2a: Regidrago|Regidrago|100/100
|move|p1a: Raging Bolt|Dragon Pulse|p2a: Regidrago
|-supereffective|p2a: Regidrago
|-damage|p2a: Regidrago|0 fnt
|faint|p2a: Regidrago
|
|upkeep
|
|t:|1779603001
|switch|p2a: Oricorio|Oricorio-Pom-Pom, M|100/100
|turn|3
|
|t:|1779603004
|move|p2a: Oricorio|Quiver Dance|p2a: Oricorio
|-boost|p2a: Oricorio|spa|1
|-boost|p2a: Oricorio|spd|1
|-boost|p2a: Oricorio|spe|1
|move|p1a: Raging Bolt|Dragon Pulse|p2a: Oricorio
|-damage|p2a: Oricorio|39/100
|
|upkeep
|turn|4
|
|t:|1779603013
|move|p2a: Oricorio|Roost|p2a: Oricorio
|-heal|p2a: Oricorio|89/100
|-singleturn|p2a: Oricorio|move: Roost
|move|p1a: Raging Bolt|Dragon Pulse|p2a: Oricorio
|-damage|p2a: Oricorio|33/100
|
|upkeep
|turn|5
|
|t:|1779603021
|move|p2a: Oricorio|Roost|p2a: Oricorio
|-heal|p2a: Oricorio|83/100
|-singleturn|p2a: Oricorio|move: Roost
|move|p1a: Raging Bolt|Calm Mind|p1a: Raging Bolt
|-boost|p1a: Raging Bolt|spa|1
|-boost|p1a: Raging Bolt|spd|1
|
|upkeep
|turn|6
|
|t:|1779603025
|move|p2a: Oricorio|Quiver Dance|p2a: Oricorio
|-boost|p2a: Oricorio|spa|1
|-boost|p2a: Oricorio|spd|1
|-boost|p2a: Oricorio|spe|1
|move|p1a: Raging Bolt|Dragon Pulse|p2a: Oricorio
|-damage|p2a: Oricorio|24/100
|
|upkeep
|turn|7
|
|t:|1779603028
|move|p2a: Oricorio|Hurricane|p1a: Raging Bolt|[miss]
|-miss|p2a: Oricorio|p1a: Raging Bolt
|move|p1a: Raging Bolt|Dragon Pulse|p2a: Oricorio
|-damage|p2a: Oricorio|0 fnt
|faint|p2a: Oricorio
|
|upkeep
|
|t:|1779603031
|switch|p2a: Ogerpon|Ogerpon, F|100/100
|turn|8
|
|t:|1779603035
|move|p2a: Ogerpon|Low Kick|p1a: Raging Bolt
|-damage|p1a: Raging Bolt|46/100
|move|p1a: Raging Bolt|Dragon Pulse|p2a: Ogerpon
|-damage|p2a: Ogerpon|0 fnt
|faint|p2a: Ogerpon
|
|upkeep
|
|t:|1779603037
|switch|p2a: Cinderace|Cinderace, F|100/100
|turn|9
|
|t:|1779603042
|move|p1a: Raging Bolt|Thunderclap|p2a: Cinderace
|-crit|p2a: Cinderace
|-damage|p2a: Cinderace|0 fnt
|faint|p2a: Cinderace
|
|upkeep
|-message|owl_with_scarf forfeited.
|
|win|1C2061
|raw|1C2061's rating: 1499 &rarr; <strong>1520</strong><br />(+21 for winning)
|raw|owl_with_scarf's rating: 1522 &rarr; <strong>1501</strong><br />(-21 for losing)
|l|☆owl_with_scarf
|player|p2|
