|j|☆LessionTTV
|j|☆my shitters
|t:|1779592300
|gametype|singles
|player|p1|LessionTTV|steven|1281
|player|p2|my shitters|preschooler|1261
|gen|9
|tier|[Gen 9] OU
|rated|
|rule|HP Percentage Mod: HP is shown in percentages
|rule|Endless Battle Clause: Forcing endless battles is banned
|rule|Species Clause: Limit one of each Pokémon
|rule|OHKO Clause: OHKO moves are banned
|rule|Evasion Items Clause: Evasion items are banned
|rule|Evasion Moves Clause: Evasion moves are banned
|rule|Evasion Abilities Clause: Evasion abilities are banned
|rule|Sleep Moves Clause: Sleep-inducing moves are banned
|clearpoke
|poke|p1|Darkrai|
|poke|p1|Gholdengo|
|poke|p1|Raging Bolt|
|poke|p1|Kingambit, F|
|poke|p1|Samurott-Hisui, F|
|poke|p1|Landorus-Therian, M|
|poke|p2|Sableye, M|
|poke|p2|Glastrier|
|poke|p2|Alcremie-Ruby-Swirl, F|
|poke|p2|Ursaring, M|
|poke|p2|Primeape, M|
|poke|p2|Vikavolt, M|
|teampreview
|inactive|Battle timer is ON: inactive players will automatically lose when time's up. (requested by my shitters)
|inactive|LessionTTV also wants the timer to be on.
|inactive|my shitters has 120 seconds left.
|
|t:|1779592349
|teamsize|p1|6
|teamsize|p2|6
|start
|switch|p1a: Nightmare|Darkrai|100/100
|switch|p2a: PonnieColeman|Primeape, M|100/100
|turn|1
|
|t:|1779592356
|switch|p1a: GoldenGod|Gholdengo|100/100
|move|p2a: PonnieColeman|Bulk Up|p2a: PonnieColeman
|-boost|p2a: PonnieColeman|atk|1
|-boost|p2a: PonnieColeman|def|1
|
|upkeep
|turn|2
|
|t:|1779592368
|switch|p2a: FLYGOD|Vikavolt, M|100/100
|move|p1a: GoldenGod|Shadow Ball|p2a: FLYGOD
|-crit|p2a: FLYGOD
|-damage|p2a: FLYGOD|24/100
|
|upkeep
|turn|3
|
|t:|1779592374
|switch|p2a: Ursaring|Ursaring, M|100/100
|move|p1a: GoldenGod|Shadow Ball|p2a: Ursaring
|-immune|p2a: Ursaring
|
|-status|p2a: Ursaring|brn|[from] item: Flame Orb
|upkeep
|turn|4
|
|t:|1779592381
|switch|p1a: OldPal|Landorus-Therian, M|100/100
|-ability|p1a: OldPal|Intimidate|boost
|-unboost|p2a: Ursaring|atk|1
|move|p2a: Ursaring|Swords Dance|p2a: Ursaring
|-boost|p2a: Ursaring|atk|2
|
|-damage|p2a: Ursaring|94/100 brn|[from] brn
|upkeep
|turn|5
|
|t:|1779592389
|move|p1a: OldPal|Earth Power|p2a: Ursaring
|-damage|p2a: Ursaring|51/100 brn
|move|p2a: Ursaring|Facade|p1a: OldPal
|-damage|p1a: OldPal|0 fnt
|-damage|p2a: Ursaring|34/100 brn|[from] item: Rocky Helmet|[of] p1a: OldPal
|faint|p1a: OldPal
|
|-damage|p2a: Ursaring|28/100 brn|[from] brn
|upkeep
|
|t:|1779592397
|switch|p1a: GoldenGod|Gholdengo|100/100
|turn|6
|
|t:|1779592400
|move|p1a: GoldenGod|Focus Blast|p2a: Ursaring|[miss]
|-miss|p1a: GoldenGod|p2a: Ursaring
|move|p2a: Ursaring|Throat Chop|p1a: GoldenGod
|-supereffective|p1a: GoldenGod
|-damage|p1a: GoldenGod|0 fnt
|faint|p1a: GoldenGod
|
|-damage|p2a: Ursaring|22/100 brn|[from] brn
|upkeep
|
|t:|1779592409
|switch|p1a: GeneralPal|Samurott-Hisui, F|100/100
|turn|7
|
|t:|1779592414
|move|p1a: GeneralPal|Sucker Punch|p2a: Ursaring
|-damage|p2a: Ursaring|0 fnt
|faint|p2a: Ursaring
|
|upkeep
|
|t:|1779592423
|switch|p2a: PonnieColeman|Primeape, M|100/100
|turn|8
|
|t:|1779592426
|move|p2a: PonnieColeman|Bulk Up|p2a: PonnieColeman
|-boost|p2a: PonnieColeman|atk|1
|-boost|p2a: PonnieColeman|def|1
|move|p1a: GeneralPal|Flip Turn|p2a: PonnieColeman
|-damage|p2a: PonnieColeman|81/100
|
|t:|1779592432
|switch|p1a: SheWasAFairy|Raging Bolt|100/100|[from] Flip Turn
|
|upkeep
|turn|9
|
|t:|1779592442
|-terastallize|p2a: PonnieColeman|Electric
|move|p2a: PonnieColeman|Bulk Up|p2a: PonnieColeman
|-boost|p2a: PonnieColeman|atk|1
|-boost|p2a: PonnieColeman|def|1
|move|p1a: SheWasAFairy|Thunderbolt|p2a: PonnieColeman
|-resisted|p2a: PonnieColeman
|-damage|p2a: PonnieColeman|49/100
|
|upkeep
|turn|10
|
|t:|1779592454
|-end|p1a: SheWasAFairy|Protosynthesis|[silent]
|switch|p1a: Nightmare|Darkrai|100/100
|move|p2a: PonnieColeman|Drain Punch|p1a: Nightmare
|-supereffective|p1a: Nightmare
|-crit|p1a: Nightmare
|-damage|p1a: Nightmare|0 fnt
|-heal|p2a: PonnieColeman|91/100|[from] drain|[of] p1a: Nightmare
|faint|p1a: Nightmare
|
|upkeep
|
|t:|1779592460
|switch|p1a: SheWasAFairy|Raging Bolt|100/100
|turn|11
|
|t:|1779592464
|switch|p2a: CremDeLaCreamie|Alcremie-Ruby-Swirl, F|100/100
|move|p1a: SheWasAFairy|Draco Meteor|p2a: CremDeLaCreamie
|-immune|p2a: CremDeLaCreamie
|
|upkeep
|turn|12
|
|t:|1779592469
|-end|p1a: SheWasAFairy|Protosynthesis|[silent]
|switch|p1a: GeneralPal|Samurott-Hisui, F|100/100
|switch|p2a: PonnieColeman|Primeape, M, tera:Electric|91/100
|
|upkeep
|turn|13
|
|t:|1779592472
|move|p2a: PonnieColeman|Drain Punch|p1a: GeneralPal
|-supereffective|p1a: GeneralPal
|-damage|p1a: GeneralPal|46/100
|-heal|p2a: PonnieColeman|100/100|[from] drain|[of] p1a: GeneralPal
|move|p1a: GeneralPal|Razor Shell|p2a: PonnieColeman
|-damage|p2a: PonnieColeman|49/100
|
|upkeep
|turn|14
|
|t:|1779592477
|move|p1a: GeneralPal|Sucker Punch|p2a: PonnieColeman
|-damage|p2a: PonnieColeman|18/100
|move|p2a: PonnieColeman|Drain Punch|p1a: GeneralPal
|-supereffective|p1a: GeneralPal
|-damage|p1a: GeneralPal|0 fnt
|-heal|p2a: PonnieColeman|44/100|[from] drain|[of] p1a: GeneralPal
|faint|p1a: GeneralPal
|
|upkeep
|
|t:|1779592482
|switch|p1a: SheWasAFairy|Raging Bolt|100/100
|turn|15
|
|t:|1779592485
|move|p2a: PonnieColeman|Rage Fist|p1a: SheWasAFairy
|-damage|p1a: SheWasAFairy|44/100
|move|p1a: SheWasAFairy|Thunderbolt|p2a: PonnieColeman
|-resisted|p2a: PonnieColeman
|-damage|p2a: PonnieColeman|10/100
|
|upkeep
|turn|16
|
|t:|1779592497
|move|p2a: PonnieColeman|Rage Fist|p1a: SheWasAFairy
|-damage|p1a: SheWasAFairy|0 fnt
|faint|p1a: SheWasAFairy
|-end|p1a: SheWasAFairy|Protosynthesis|[silent]
|
|upkeep
|
|t:|1779592501
|switch|p1a: OldGeneral|Kingambit, F|100/100
|-activate|p1a: OldGeneral|ability: Supreme Overlord
|-start|p1a: OldGeneral|fallen5|[silent]
|turn|17
|
|t:|1779592517
|move|p1a: OldGeneral|Sucker Punch|p2a: PonnieColeman
|-damage|p2a: PonnieColeman|0 fnt
|faint|p2a: PonnieColeman
|
|upkeep
|
|t:|1779592518
|switch|p2a: 💎Posting|Sableye, M|100/100
|turn|18
|
|t:|1779592524
|move|p2a: 💎Posting|Reflect|p2a: 💎Posting
|-sidestart|p2: my shitters|Reflect
|move|p1a: OldGeneral|Swords Dance|p1a: OldGeneral
|-boost|p1a: OldGeneral|atk|2
|
|upkeep
|turn|19
|
|t:|1779592529
|switch|p2a: IceBallRun|Glastrier|100/100
|move|p1a: OldGeneral|Iron Head|p2a: IceBallRun
|-supereffective|p2a: IceBallRun
|-damage|p2a: IceBallRun|0 fnt
|faint|p2a: IceBallRun
|
|upkeep
|
|t:|1779592533
|switch|p2a: FLYGOD|Vikavolt, M|24/100
|turn|20
|
|t:|1779592540
|move|p1a: OldGeneral|Sucker Punch|p2a: FLYGOD
|-damage|p2a: FLYGOD|0 fnt
|faint|p2a: FLYGOD
|
|upkeep
|
|t:|1779592542
|switch|p2a: CremDeLaCreamie|Alcremie-Ruby-Swirl, F|100/100
|turn|21
|
|t:|1779592545
|move|p1a: OldGeneral|Iron Head|p2a: CremDeLaCreamie
|-supereffective|p2a: CremDeLaCreamie
|-damage|p2a: CremDeLaCreamie|0 fnt
|faint|p2a: CremDeLaCreamie
|
|upkeep
|-message|my shitters forfeited.
|
|win|LessionTTV
|raw|LessionTTV's rating: 1281 &rarr; <strong>1305</strong><br />(+24 for winning)
|raw|my shitters's rating: 1261 &rarr; <strong>1237</strong><br />(-24 for losing)
|l|☆LessionTTV
|player|p1|
