|j|☆yassouy
|j|☆spaarkle
|t:|1779623961
|gametype|singles
|player|p1|yassouy|1|1323
|player|p2|spaarkle|265|1327
|gen|9
|tier|[Gen 9] OU
|rated|
|rule|HP Percentage Mod: HP is shown in percentages
|rule|Endless Battle Clause: Forcing endless battles is banned
|rule|Species Clause: Limit one of each Pokémon
|rule|OHKO Clause: OHKO moves are banned
|rule|Evasion Items Clause: Evasion items are banned
|rule|Evasion Moves Clause: Evasion moves are banned
|rule|Evasion Abilities Clause: Evasion abilities are banned
|rule|Sleep Moves Clause: Sleep-inducing moves are banned
|clearpoke
|poke|p1|Kyurem|
|poke|p1|Corviknight, M|
|poke|p1|Rotom-Heat|
|poke|p1|Ogerpon-Wellspring, F|
|poke|p1|Gholdengo|
|poke|p1|Great Tusk|
|poke|p2|Primarina, M|
|poke|p2|Pecharunt|
|poke|p2|Meowscarada, F|
|poke|p2|Landorus-Therian, M|
|poke|p2|Iron Hands|
|poke|p2|Iron Crown|
|teampreview
|inactive|Battle timer is ON: inactive players will automatically lose when time's up. (requested by yassouy)
|
|t:|1779623989
|teamsize|p1|6
|teamsize|p2|6
|start
|switch|p1a: Rotom|Rotom-Heat|100/100
|switch|p2a: Iron Crown|Iron Crown|100/100
|turn|1
|
|t:|1779624001
|move|p2a: Iron Crown|Future Sight|p1a: Rotom
|-start|p2a: Iron Crown|move: Future Sight
|move|p1a: Rotom|Overheat|p2a: Iron Crown
|-supereffective|p2a: Iron Crown
|-damage|p2a: Iron Crown|34/100
|-unboost|p1a: Rotom|spa|2
|
|upkeep
|turn|2
|
|t:|1779624010
|move|p2a: Iron Crown|Volt Switch|p1a: Rotom
|-resisted|p1a: Rotom
|-damage|p1a: Rotom|92/100
|
|t:|1779624017
|-end|p2a: Iron Crown|Quark Drive|[silent]
|switch|p2a: Primarina|Primarina, M|100/100|[from] Volt Switch
|move|p1a: Rotom|Overheat|p2a: Primarina
|-resisted|p2a: Primarina
|-damage|p2a: Primarina|92/100
|-unboost|p1a: Rotom|spa|2
|
|-heal|p1a: Rotom|98/100|[from] item: Leftovers
|-heal|p2a: Primarina|98/100|[from] item: Leftovers
|upkeep
|turn|3
|
|t:|1779624027
|move|p1a: Rotom|Pain Split|p2a: Primarina
|-sethp|p2a: Primarina|90/100|[from] move: Pain Split|[silent]
|-sethp|p1a: Rotom|100/100|[from] move: Pain Split
|move|p2a: Primarina|Substitute|p2a: Primarina
|-start|p2a: Primarina|Substitute
|-damage|p2a: Primarina|65/100
|
|-end|p1a: Rotom|move: Future Sight
|-damage|p1a: Rotom|55/100
|-heal|p1a: Rotom|61/100|[from] item: Leftovers
|-heal|p2a: Primarina|71/100|[from] item: Leftovers
|upkeep
|turn|4
|
|t:|1779624034
|move|p1a: Rotom|Volt Switch|p2a: Primarina
|-supereffective|p2a: Primarina
|-activate|p2a: Primarina|move: Substitute|[damage]
|
|t:|1779624039
|switch|p1a: Ogerpon|Ogerpon-Wellspring, F|100/100|[from] Volt Switch
|move|p2a: Primarina|Calm Mind|p2a: Primarina
|-boost|p2a: Primarina|spa|1
|-boost|p2a: Primarina|spd|1
|
|-heal|p2a: Primarina|77/100|[from] item: Leftovers
|upkeep
|turn|5
|
|t:|1779624050
|move|p1a: Ogerpon|Horn Leech|p2a: Primarina
|-supereffective|p2a: Primarina
|-end|p2a: Primarina|Substitute
|move|p2a: Primarina|Draining Kiss|p1a: Ogerpon
|-damage|p1a: Ogerpon|62/100
|-heal|p2a: Primarina|100/100|[from] drain|[of] p1a: Ogerpon
|
|upkeep
|turn|6
|
|t:|1779624057
|move|p1a: Ogerpon|Horn Leech|p2a: Primarina
|-supereffective|p2a: Primarina
|-damage|p2a: Primarina|30/100
|-heal|p1a: Ogerpon|100/100|[from] drain|[of] p2a: Primarina
|move|p2a: Primarina|Draining Kiss|p1a: Ogerpon
|-damage|p1a: Ogerpon|61/100
|-heal|p2a: Primarina|54/100|[from] drain|[of] p1a: Ogerpon
|
|-heal|p2a: Primarina|60/100|[from] item: Leftovers
|upkeep
|turn|7
|
|t:|1779624067
|switch|p2a: Pecharunt|Pecharunt|100/100
|move|p1a: Ogerpon|Horn Leech|p2a: Pecharunt
|-resisted|p2a: Pecharunt
|-damage|p2a: Pecharunt|90/100
|-heal|p1a: Ogerpon|67/100|[from] drain|[of] p2a: Pecharunt
|
|upkeep
|turn|8
|
|t:|1779624072
|switch|p1a: Gholdengo|Gholdengo|100/100
|move|p2a: Pecharunt|Parting Shot|p1a: Gholdengo
|-immune|p1a: Gholdengo|[from] ability: Good as Gold
|
|upkeep
|turn|9
|
|t:|1779624084
|switch|p2a: Iron Hands|Iron Hands|100/100
|-enditem|p2a: Iron Hands|Booster Energy
|-activate|p2a: Iron Hands|ability: Quark Drive|[fromitem]
|-start|p2a: Iron Hands|quarkdriveatk
|move|p1a: Gholdengo|Trick|p2a: Iron Hands
|-activate|p1a: Gholdengo|move: Trick|[of] p2a: Iron Hands
|-item|p2a: Iron Hands|Choice Scarf|[from] move: Trick
|-enditem|p1a: Gholdengo|Choice Scarf|[silent]|[from] move: Trick
|
|upkeep
|turn|10
|
|t:|1779624098
|move|p1a: Gholdengo|Nasty Plot|p1a: Gholdengo
|-boost|p1a: Gholdengo|spa|2
|move|p2a: Iron Hands|Thunder Punch|p1a: Gholdengo
|-damage|p1a: Gholdengo|37/100
|
|upkeep
|turn|11
|
|t:|1779624106
|move|p1a: Gholdengo|Shadow Ball|p2a: Iron Hands
|-damage|p2a: Iron Hands|24/100
|-unboost|p2a: Iron Hands|spd|1
|move|p2a: Iron Hands|Thunder Punch|p1a: Gholdengo
|-damage|p1a: Gholdengo|0 fnt
|faint|p1a: Gholdengo
|
|upkeep
|
|t:|1779624113
|switch|p1a: Kyurem|Kyurem|100/100
|-ability|p1a: Kyurem|Pressure
|turn|12
|
|t:|1779624118
|-end|p2a: Iron Hands|Quark Drive|[silent]
|switch|p2a: Iron Crown|Iron Crown|34/100
|move|p1a: Kyurem|Icicle Spear|p2a: Iron Crown
|-resisted|p2a: Iron Crown
|-damage|p2a: Iron Crown|28/100
|-resisted|p2a: Iron Crown
|-crit|p2a: Iron Crown
|-damage|p2a: Iron Crown|17/100
|-resisted|p2a: Iron Crown
|-damage|p2a: Iron Crown|10/100
|-resisted|p2a: Iron Crown
|-damage|p2a: Iron Crown|3/100
|-hitcount|p2a: Iron Crown|4
|
|upkeep
|turn|13
|
|t:|1779624128
|move|p2a: Iron Crown|Focus Blast|p1a: Kyurem
|-supereffective|p1a: Kyurem
|-damage|p1a: Kyurem|31/100
|move|p1a: Kyurem|Scale Shot|p2a: Iron Crown
|-resisted|p2a: Iron Crown
|-damage|p2a: Iron Crown|0 fnt
|faint|p2a: Iron Crown
|-end|p2a: Iron Crown|Quark Drive|[silent]
|-hitcount|p2: Iron Crown|1
|-unboost|p1a: Kyurem|def|1
|-boost|p1a: Kyurem|spe|1
|
|upkeep
|
|t:|1779624144
|switch|p2a: Primarina|Primarina, M|60/100
|turn|14
|
|t:|1779624149
|move|p1a: Kyurem|Stone Edge|p2a: Primarina
|-damage|p2a: Primarina|34/100
|move|p2a: Primarina|Draining Kiss|p1a: Kyurem
|-supereffective|p1a: Kyurem
|-damage|p1a: Kyurem|0 fnt
|-heal|p2a: Primarina|58/100|[from] drain|[of] p1a: Kyurem
|faint|p1a: Kyurem
|
|-heal|p2a: Primarina|64/100|[from] item: Leftovers
|upkeep
|
|t:|1779624155
|switch|p1a: Rotom|Rotom-Heat|61/100
|turn|15
|
|t:|1779624160
|switch|p2a: Iron Hands|Iron Hands|24/100
|move|p1a: Rotom|Volt Switch|p2a: Iron Hands
|-resisted|p2a: Iron Hands
|-damage|p2a: Iron Hands|14/100
|
|t:|1779624167
|switch|p1a: Ogerpon|Ogerpon-Wellspring, F|67/100|[from] Volt Switch
|
|upkeep
|turn|16
|
|t:|1779624170
|move|p1a: Ogerpon|Horn Leech|p2a: Iron Hands
|-damage|p2a: Iron Hands|0 fnt
|-heal|p1a: Ogerpon|77/100|[from] drain|[of] p2a: Iron Hands
|faint|p2a: Iron Hands
|-end|p2a: Iron Hands|Quark Drive|[silent]
|
|upkeep
|
|t:|1779624178
|switch|p2a: Meowscarada|Meowscarada, F|100/100
|turn|17
|
|t:|1779624186
|switch|p1a: Corviknight|Corviknight, M|100/100
|-ability|p1a: Corviknight|Pressure
|move|p2a: Meowscarada|U-turn|p1a: Corviknight
|-start|p2a: Meowscarada|typechange|Bug|[from] ability: Protean
|-resisted|p1a: Corviknight
|-damage|p1a: Corviknight|93/100
|
|t:|1779624202
|switch|p2a: Primarina|Primarina, M|64/100|[from] U-turn
|
|-heal|p1a: Corviknight|99/100|[from] item: Leftovers
|-heal|p2a: Primarina|70/100|[from] item: Leftovers
|upkeep
|turn|18
|
|t:|1779624208
|move|p1a: Corviknight|U-turn|p2a: Primarina
|-resisted|p2a: Primarina
|-damage|p2a: Primarina|64/100
|
|t:|1779624212
|switch|p1a: Ogerpon|Ogerpon-Wellspring, F|77/100|[from] U-turn
|move|p2a: Primarina|Psychic Noise|p1a: Ogerpon
|-heal|p1a: Ogerpon|100/100|[from] ability: Water Absorb|[of] p2a: Primarina
|
|-heal|p2a: Primarina|70/100|[from] item: Leftovers
|upkeep
|turn|19
|
|t:|1779624217
|switch|p2a: Pecharunt|Pecharunt|90/100
|move|p1a: Ogerpon|Swords Dance|p1a: Ogerpon
|-boost|p1a: Ogerpon|atk|2
|
|upkeep
|turn|20
|
|t:|1779624223
|move|p1a: Ogerpon|Knock Off|p2a: Pecharunt
|-supereffective|p2a: Pecharunt
|-damage|p2a: Pecharunt|18/100
|-enditem|p2a: Pecharunt|Heavy-Duty Boots|[from] move: Knock Off|[of] p1a: Ogerpon
|move|p2a: Pecharunt|Foul Play|p1a: Ogerpon
|-damage|p1a: Ogerpon|19/100
|
|upkeep
|turn|21
|
|t:|1779624230
|move|p1a: Ogerpon|Knock Off|p2a: Pecharunt
|-supereffective|p2a: Pecharunt
|-damage|p2a: Pecharunt|0 fnt
|faint|p2a: Pecharunt
|
|upkeep
|
|t:|1779624235
|switch|p2a: Meowscarada|Meowscarada, F|100/100
|turn|22
|
|t:|1779624245
|switch|p1a: Corviknight|Corviknight, M|99/100
|-ability|p1a: Corviknight|Pressure
|move|p2a: Meowscarada|Triple Axel|p1a: Corviknight
|-start|p2a: Meowscarada|typechange|Ice|[from] ability: Protean
|-damage|p1a: Corviknight|90/100
|-damage|p1a: Corviknight|72/100
|-damage|p1a: Corviknight|45/100
|-hitcount|p1a: Corviknight|3
|
|-heal|p1a: Corviknight|51/100|[from] item: Leftovers
|upkeep
|turn|23
|
|t:|1779624258
|switch|p2a: Landorus|Landorus-Therian, M|100/100
|-ability|p2a: Landorus|Intimidate|boost
|-unboost|p1a: Corviknight|atk|1
|move|p1a: Corviknight|Body Press|p2a: Landorus
|-resisted|p2a: Landorus
|-damage|p2a: Landorus|85/100
|
|-heal|p1a: Corviknight|57/100|[from] item: Leftovers
|upkeep
|turn|24
|
|t:|1779624264
|move|p2a: Landorus|Stone Edge|p1a: Corviknight
|-damage|p1a: Corviknight|34/100
|move|p1a: Corviknight|Roost|p1a: Corviknight
|-heal|p1a: Corviknight|84/100
|-singleturn|p1a: Corviknight|move: Roost
|
|-heal|p1a: Corviknight|90/100|[from] item: Leftovers
|upkeep
|turn|25
|
|t:|1779624272
|switch|p2a: Primarina|Primarina, M|70/100
|move|p1a: Corviknight|U-turn|p2a: Primarina
|-resisted|p2a: Primarina
|-damage|p2a: Primarina|66/100
|
|t:|1779624276
|switch|p1a: Ogerpon|Ogerpon-Wellspring, F|19/100|[from] U-turn
|
|-heal|p2a: Primarina|72/100|[from] item: Leftovers
|upkeep
|turn|26
|
|t:|1779624280
|switch|p2a: Landorus|Landorus-Therian, M|85/100
|-ability|p2a: Landorus|Intimidate|boost
|-unboost|p1a: Ogerpon|atk|1
|move|p1a: Ogerpon|Horn Leech|p2a: Landorus
|-damage|p2a: Landorus|52/100
|-heal|p1a: Ogerpon|37/100|[from] drain|[of] p2a: Landorus
|
|upkeep
|turn|27
|
|t:|1779624293
|switch|p1a: Corviknight|Corviknight, M|90/100
|-ability|p1a: Corviknight|Pressure
|move|p2a: Landorus|U-turn|p1a: Corviknight
|-resisted|p1a: Corviknight
|-damage|p1a: Corviknight|87/100
|
|t:|1779624305
|switch|p2a: Primarina|Primarina, M|72/100|[from] U-turn
|
|-heal|p1a: Corviknight|93/100|[from] item: Leftovers
|-heal|p2a: Primarina|78/100|[from] item: Leftovers
|upkeep
|turn|28
|
|t:|1779624314
|move|p1a: Corviknight|U-turn|p2a: Primarina
|-resisted|p2a: Primarina
|-damage|p2a: Primarina|72/100
|
|t:|1779624317
|switch|p1a: Ogerpon|Ogerpon-Wellspring, F|37/100|[from] U-turn
|move|p2a: Primarina|Substitute|p2a: Primarina
|-start|p2a: Primarina|Substitute
|-damage|p2a: Primarina|47/100
|
|-heal|p2a: Primarina|53/100|[from] item: Leftovers
|upkeep
|turn|29
|
|t:|1779624327
|-terastallize|p1a: Ogerpon|Water
|detailschange|p1a: Ogerpon|Ogerpon-Wellspring-Tera, F, tera:Water
|-ability|p1a: Ogerpon|Embody Aspect (Wellspring)|boost
|-boost|p1a: Ogerpon|spd|1
|move|p1a: Ogerpon|Horn Leech|p2a: Primarina
|-supereffective|p2a: Primarina
|-end|p2a: Primarina|Substitute
|-heal|p1a: Ogerpon|52/100|[from] drain|[of] p2a: Primarina
|move|p2a: Primarina|Draining Kiss|p1a: Ogerpon
|-damage|p1a: Ogerpon|37/100
|-heal|p2a: Primarina|63/100|[from] drain|[of] p1a: Ogerpon
|
|-heal|p2a: Primarina|69/100|[from] item: Leftovers
|upkeep
|turn|30
|
|t:|1779624347
|switch|p2a: Landorus|Landorus-Therian, M|52/100
|-ability|p2a: Landorus|Intimidate|boost
|-unboost|p1a: Ogerpon|atk|1
|move|p1a: Ogerpon|Swords Dance|p1a: Ogerpon
|-boost|p1a: Ogerpon|atk|2
|
|upkeep
|turn|31
|
|t:|1779624360
|move|p2a: Landorus|Earthquake|p1a: Ogerpon
|-damage|p1a: Ogerpon|0 fnt
|faint|p1a: Ogerpon
|detailschange|p1: Ogerpon|Ogerpon-Wellspring, F|[silent]
|
|upkeep
|
|t:|1779624368
|switch|p1a: Rotom|Rotom-Heat|61/100
|turn|32
|
|t:|1779624373
|move|p2a: Landorus|Earthquake|p1a: Rotom
|-immune|p1a: Rotom|[from] ability: Levitate
|move|p1a: Rotom|Will-O-Wisp|p2a: Landorus
|-status|p2a: Landorus|brn
|
|-heal|p1a: Rotom|67/100|[from] item: Leftovers
|-damage|p2a: Landorus|46/100 brn|[from] brn
|upkeep
|turn|33
|
|t:|1779624380
|move|p2a: Landorus|Earthquake|p1a: Rotom
|-immune|p1a: Rotom|[from] ability: Levitate
|move|p1a: Rotom|Overheat|p2a: Landorus
|-damage|p2a: Landorus|0 fnt
|-unboost|p1a: Rotom|spa|2
|faint|p2a: Landorus
|
|-heal|p1a: Rotom|74/100|[from] item: Leftovers
|upkeep
|
|t:|1779624392
|switch|p2a: Primarina|Primarina, M|69/100
|turn|34
|
|t:|1779624398
|move|p1a: Rotom|Volt Switch|p2a: Primarina
|-supereffective|p2a: Primarina
|-damage|p2a: Primarina|48/100
|
|t:|1779624402
|switch|p1a: Corviknight|Corviknight, M|93/100|[from] Volt Switch
|-ability|p1a: Corviknight|Pressure
|move|p2a: Primarina|Substitute|p2a: Primarina
|-start|p2a: Primarina|Substitute
|-damage|p2a: Primarina|23/100
|
|-heal|p1a: Corviknight|99/100|[from] item: Leftovers
|-heal|p2a: Primarina|29/100|[from] item: Leftovers
|upkeep
|turn|35
|
|t:|1779624406
|move|p1a: Corviknight|Body Press|p2a: Primarina
|-resisted|p2a: Primarina
|-activate|p2a: Primarina|move: Substitute|[damage]
|move|p2a: Primarina|Calm Mind|p2a: Primarina
|-boost|p2a: Primarina|spa|1
|-boost|p2a: Primarina|spd|1
|
|-heal|p1a: Corviknight|100/100|[from] item: Leftovers
|-heal|p2a: Primarina|35/100|[from] item: Leftovers
|upkeep
|turn|36
|
|t:|1779624415
|move|p1a: Corviknight|Body Press|p2a: Primarina
|-resisted|p2a: Primarina
|-activate|p2a: Primarina|move: Substitute|[damage]
|move|p2a: Primarina|Substitute|p2a: Primarina
|-fail|p2a: Primarina|move: Substitute
|
|-heal|p2a: Primarina|41/100|[from] item: Leftovers
|upkeep
|turn|37
|
|t:|1779624418
|move|p1a: Corviknight|Body Press|p2a: Primarina
|-resisted|p2a: Primarina
|-end|p2a: Primarina|Substitute
|move|p2a: Primarina|Substitute|p2a: Primarina
|-start|p2a: Primarina|Substitute
|-damage|p2a: Primarina|16/100
|
|-heal|p2a: Primarina|22/100|[from] item: Leftovers
|upkeep
|turn|38
|
|t:|1779624425
|move|p1a: Corviknight|Body Press|p2a: Primarina
|-resisted|p2a: Primarina
|-activate|p2a: Primarina|move: Substitute|[damage]
|move|p2a: Primarina|Calm Mind|p2a: Primarina
|-boost|p2a: Primarina|spa|1
|-boost|p2a: Primarina|spd|1
|
|-heal|p2a: Primarina|29/100|[from] item: Leftovers
|upkeep
|turn|39
|
|t:|1779624427
|move|p1a: Corviknight|U-turn|p2a: Primarina
|-resisted|p2a: Primarina
|-activate|p2a: Primarina|move: Substitute|[damage]
|
|t:|1779624431
|switch|p1a: Rotom|Rotom-Heat|74/100|[from] U-turn
|move|p2a: Primarina|Draining Kiss|p1a: Rotom
|-resisted|p1a: Rotom
|-damage|p1a: Rotom|57/100
|-heal|p2a: Primarina|39/100|[from] drain|[of] p1a: Rotom
|
|-heal|p1a: Rotom|63/100|[from] item: Leftovers
|-heal|p2a: Primarina|45/100|[from] item: Leftovers
|upkeep
|turn|40
|
|t:|1779624439
|move|p1a: Rotom|Volt Switch|p2a: Primarina
|-supereffective|p2a: Primarina
|-end|p2a: Primarina|Substitute
|
|t:|1779624442
|switch|p1a: Great Tusk|Great Tusk|100/100|[from] Volt Switch
|-enditem|p1a: Great Tusk|Booster Energy
|-activate|p1a: Great Tusk|ability: Protosynthesis|[fromitem]
|-start|p1a: Great Tusk|protosynthesisspe
|move|p2a: Primarina|Substitute|p2a: Primarina
|-start|p2a: Primarina|Substitute
|-damage|p2a: Primarina|20/100
|
|-heal|p2a: Primarina|26/100|[from] item: Leftovers
|upkeep
|turn|41
|
|t:|1779624449
|move|p1a: Great Tusk|Headlong Rush|p2a: Primarina
|-end|p2a: Primarina|Substitute
|-unboost|p1a: Great Tusk|def|1
|-unboost|p1a: Great Tusk|spd|1
|move|p2a: Primarina|Draining Kiss|p1a: Great Tusk
|-supereffective|p1a: Great Tusk
|-damage|p1a: Great Tusk|0 fnt
|-heal|p2a: Primarina|100/100|[from] drain|[of] p1a: Great Tusk
|faint|p1a: Great Tusk
|-end|p1a: Great Tusk|Protosynthesis|[silent]
|
|upkeep
|
|t:|1779624455
|switch|p1a: Rotom|Rotom-Heat|63/100
|turn|42
|
|t:|1779624458
|move|p1a: Rotom|Will-O-Wisp|p2a: Primarina
|-status|p2a: Primarina|brn
|move|p2a: Primarina|Calm Mind|p2a: Primarina
|-boost|p2a: Primarina|spa|1
|-boost|p2a: Primarina|spd|1
|
|-heal|p1a: Rotom|69/100|[from] item: Leftovers
|-damage|p2a: Primarina|94/100 brn|[from] brn
|upkeep
|turn|43
|
|t:|1779624464
|move|p1a: Rotom|Pain Split|p2a: Primarina
|-sethp|p2a: Primarina|76/100 brn|[from] move: Pain Split|[silent]
|-sethp|p1a: Rotom|91/100|[from] move: Pain Split
|move|p2a: Primarina|Calm Mind|p2a: Primarina
|-boost|p2a: Primarina|spa|1
|-boost|p2a: Primarina|spd|1
|
|-heal|p1a: Rotom|97/100|[from] item: Leftovers
|-heal|p2a: Primarina|82/100 brn|[from] item: Leftovers
|-damage|p2a: Primarina|76/100 brn|[from] brn
|upkeep
|turn|44
|
|t:|1779624468
|move|p1a: Rotom|Volt Switch|p2a: Primarina
|-supereffective|p2a: Primarina
|-damage|p2a: Primarina|63/100 brn
|
|t:|1779624472
|switch|p1a: Corviknight|Corviknight, M|100/100|[from] Volt Switch
|-ability|p1a: Corviknight|Pressure
|move|p2a: Primarina|Psychic Noise|p1a: Corviknight
|-damage|p1a: Corviknight|9/100
|-start|p1a: Corviknight|move: Heal Block
|
|-heal|p2a: Primarina|69/100 brn|[from] item: Leftovers
|-damage|p2a: Primarina|63/100 brn|[from] brn
|upkeep
|turn|45
|
|t:|1779624476
|move|p1a: Corviknight|Body Press|p2a: Primarina
|-resisted|p2a: Primarina
|-damage|p2a: Primarina|53/100 brn
|move|p2a: Primarina|Draining Kiss|p1a: Corviknight
|-resisted|p1a: Corviknight
|-damage|p1a: Corviknight|0 fnt
|-heal|p2a: Primarina|60/100 brn|[from] drain|[of] p1a: Corviknight
|faint|p1a: Corviknight
|
|-heal|p2a: Primarina|66/100 brn|[from] item: Leftovers
|-damage|p2a: Primarina|60/100 brn|[from] brn
|upkeep
|
|t:|1779624481
|switch|p1a: Rotom|Rotom-Heat|97/100
|turn|46
|
|t:|1779624483
|move|p1a: Rotom|Volt Switch|p2a: Primarina
|-supereffective|p2a: Primarina
|-damage|p2a: Primarina|46/100 brn
|move|p2a: Primarina|Psychic Noise|p1a: Rotom
|-supereffective|p1a: Rotom
|-damage|p1a: Rotom|0 fnt
|faint|p1a: Rotom
|
|win|spaarkle
|raw|yassouy's rating: 1323 &rarr; <strong>1303</strong><br />(-20 for losing)
|raw|spaarkle's rating: 1327 &rarr; <strong>1347</strong><br />(+20 for winning)
|l|☆spaarkle
|player|p2|
|l|☆yassouy
|player|p1|
