|j|☆Xiguana
|j|☆panzershock
|t:|1779615080
|gametype|singles
|player|p1|Xiguana|102|1384
|player|p2|panzershock|266|1352
|gen|9
|tier|[Gen 9] OU
|rated|
|rule|HP Percentage Mod: HP is shown in percentages
|rule|Endless Battle Clause: Forcing endless battles is banned
|rule|Species Clause: Limit one of each Pokémon
|rule|OHKO Clause: OHKO moves are banned
|rule|Evasion Items Clause: Evasion items are banned
|rule|Evasion Moves Clause: Evasion moves are banned
|rule|Evasion Abilities Clause: Evasion abilities are banned
|rule|Sleep Moves Clause: Sleep-inducing moves are banned
|clearpoke
|poke|p1|Zamazenta-*|
|poke|p1|Dragapult, M|
|poke|p1|Pecharunt|
|poke|p1|Ogerpon-Wellspring, F|
|poke|p1|Iron Treads|
|poke|p1|Kingambit, F|
|poke|p2|Pawmot, F|
|poke|p2|Persian-Alola, M|
|poke|p2|Noctowl, F|
|poke|p2|Decidueye-Hisui, F|
|poke|p2|Vikavolt, M|
|poke|p2|Palossand, M|
|teampreview
|inactive|Battle timer is ON: inactive players will automatically lose when time's up. (requested by Xiguana)
|
|t:|1779615104
|teamsize|p1|6
|teamsize|p2|6
|start
|switch|p1a: Iron Treads|Iron Treads|100/100
|switch|p2a: Palossand|Palossand, M|100/100
|-enditem|p1a: Iron Treads|Booster Energy
|-activate|p1a: Iron Treads|ability: Quark Drive|[fromitem]
|-start|p1a: Iron Treads|quarkdrivespe
|turn|1
|
|t:|1779615114
|move|p1a: Iron Treads|Knock Off|p2a: Palossand
|-supereffective|p2a: Palossand
|-damage|p2a: Palossand|53/100
|-enditem|p2a: Palossand|Leftovers|[from] move: Knock Off|[of] p1a: Iron Treads
|move|p2a: Palossand|Earth Power|p1a: Iron Treads
|-supereffective|p1a: Iron Treads
|-damage|p1a: Iron Treads|0 fnt
|faint|p1a: Iron Treads
|-end|p1a: Iron Treads|Quark Drive|[silent]
|
|upkeep
|
|t:|1779615130
|switch|p1a: Ogerpon|Ogerpon-Wellspring, F|100/100
|turn|2
|
|t:|1779615143
|move|p1a: Ogerpon|Swords Dance|p1a: Ogerpon
|-boost|p1a: Ogerpon|atk|2
|move|p2a: Palossand|Energy Ball|p1a: Ogerpon
|-damage|p1a: Ogerpon|73/100
|
|upkeep
|turn|3
|
|t:|1779615152
|move|p1a: Ogerpon|Horn Leech|p2a: Palossand
|-supereffective|p2a: Palossand
|-damage|p2a: Palossand|0 fnt
|-heal|p1a: Ogerpon|100/100|[from] drain|[of] p2a: Palossand
|faint|p2a: Palossand
|
|upkeep
|
|t:|1779615164
|switch|p2a: Vikavolt|Vikavolt, M|100/100
|turn|4
|
|t:|1779615185
|move|p1a: Ogerpon|Ivy Cudgel|p2a: Vikavolt|[anim] Ivy Cudgel Water
|-damage|p2a: Vikavolt|0 fnt
|faint|p2a: Vikavolt
|
|upkeep
|
|t:|1779615190
|switch|p2a: Persian|Persian-Alola, M|100/100
|turn|5
|inactive|Xiguana has 120 seconds left.
|
|t:|1779615225
|move|p2a: Persian|Icy Wind|p1a: Ogerpon
|-damage|p1a: Ogerpon|75/100
|-unboost|p1a: Ogerpon|spe|1
|move|p1a: Ogerpon|Ivy Cudgel|p2a: Persian|[anim] Ivy Cudgel Water
|-crit|p2a: Persian
|-damage|p2a: Persian|0 fnt
|faint|p2a: Persian
|
|upkeep
|
|t:|1779615239
|switch|p2a: Pawmot|Pawmot, F|100/100
|turn|6
|inactive|Xiguana has 120 seconds left.
|
|t:|1779615250
|move|p2a: Pawmot|Close Combat|p1a: Ogerpon
|-damage|p1a: Ogerpon|0 fnt
|-unboost|p2a: Pawmot|def|1
|-unboost|p2a: Pawmot|spd|1
|faint|p1a: Ogerpon
|
|upkeep
|inactive|Xiguana has 120 seconds left.
|
|t:|1779615268
|switch|p1a: Dragapult|Dragapult, M|100/100
|turn|7
|
|t:|1779615277
|move|p1a: Dragapult|Dragon Dance|p1a: Dragapult
|-boost|p1a: Dragapult|atk|1
|-boost|p1a: Dragapult|spe|1
|move|p2a: Pawmot|Ice Punch|p1a: Dragapult
|-supereffective|p1a: Dragapult
|-damage|p1a: Dragapult|22/100
|
|-heal|p1a: Dragapult|28/100|[from] item: Leftovers
|upkeep
|turn|8
|inactive|Xiguana has 120 seconds left.
|
|t:|1779615291
|move|p1a: Dragapult|Dragon Darts|p2a: Pawmot
|-damage|p2a: Pawmot|0 fnt
|faint|p2a: Pawmot
|
|-heal|p1a: Dragapult|34/100|[from] item: Leftovers
|upkeep
|
|t:|1779615294
|switch|p2a: Decidueye|Decidueye-Hisui, F|100/100
|turn|9
|inactive|Xiguana has 120 seconds left.
|
|t:|1779615327
|-terastallize|p1a: Dragapult|Dragon
|move|p1a: Dragapult|Dragon Darts|p2a: Decidueye
|-damage|p2a: Decidueye|42/100
|-anim|p1a: Dragapult|Dragon Darts|p2a: Decidueye
|-damage|p2a: Decidueye|0 fnt
|faint|p2a: Decidueye
|
|-heal|p1a: Dragapult|40/100|[from] item: Leftovers
|upkeep
|-message|panzershock forfeited.
|
|win|Xiguana
|raw|Xiguana's rating: 1384 &rarr; <strong>1402</strong><br />(+18 for winning)
|raw|panzershock's rating: 1352 &rarr; <strong>1334</strong><br />(-18 for losing)
|l|☆panzershock
|player|p2|
|l|☆Xiguana
|player|p1|
