|j|☆justinthefirst
|j|☆AlvHarv
|t:|1779700801
|gametype|singles
|player|p1|justinthefirst|preschooler|1035
|player|p2|AlvHarv|steven|1076
|gen|9
|tier|[Gen 9] OU
|rated|
|rule|HP Percentage Mod: HP is shown in percentages
|rule|Endless Battle Clause: Forcing endless battles is banned
|rule|Species Clause: Limit one of each Pokémon
|rule|OHKO Clause: OHKO moves are banned
|rule|Evasion Items Clause: Evasion items are banned
|rule|Evasion Moves Clause: Evasion moves are banned
|rule|Evasion Abilities Clause: Evasion abilities are banned
|rule|Sleep Moves Clause: Sleep-inducing moves are banned
|clearpoke
|poke|p1|Slowking-Galar, F|
|poke|p1|Gliscor, M|
|poke|p1|Alomomola, M|
|poke|p1|Iron Moth|
|poke|p1|Great Tusk|
|poke|p1|Darkrai|
|poke|p2|Araquanid, F|
|poke|p2|Tinkaton, F|
|poke|p2|Ceruledge, F|
|poke|p2|Meowscarada, F|
|poke|p2|Raging Bolt|
|poke|p2|Gliscor, F|
|teampreview
|inactive|Battle timer is ON: inactive players will automatically lose when time's up. (requested by AlvHarv)
|
|t:|1779700807
|teamsize|p1|6
|teamsize|p2|6
|start
|switch|p1a: Gliscor|Gliscor, M|100/100
|switch|p2a: Araquanid|Araquanid, F, shiny|100/100
|turn|1
|
|t:|1779700820
|move|p1a: Gliscor|U-turn|p2a: Araquanid
|-damage|p2a: Araquanid|85/100
|
|t:|1779700838
|switch|p1a: Alomomola|Alomomola, M|100/100|[from] U-turn
|move|p2a: Araquanid|Sticky Web|p1a: Alomomola
|-sidestart|p1: justinthefirst|move: Sticky Web
|
|upkeep
|turn|2
|
|t:|1779700846
|switch|p2a: Tinkaton|Tinkaton, F, shiny|100/100
|-item|p2a: Tinkaton|Air Balloon
|move|p1a: Alomomola|Flip Turn|p2a: Tinkaton
|-damage|p2a: Tinkaton|80/100
|-enditem|p2a: Tinkaton|Air Balloon
|
|t:|1779700862
|switch|p1a: Slowking|Slowking-Galar, F|100/100|[from] Flip Turn
|
|upkeep
|turn|3
|
|t:|1779700873
|-terastallize|p2a: Tinkaton|Water
|move|p2a: Tinkaton|Swords Dance|p2a: Tinkaton
|-boost|p2a: Tinkaton|atk|2
|-prepare|p1a: Slowking|Chilly Reception|[premajor]
|move|p1a: Slowking|Chilly Reception|p1a: Slowking
|-weather|Snowscape
|inactive|justinthefirst has 120 seconds left.
|
|t:|1779700897
|switch|p1a: Great Tusk|Great Tusk|100/100|[from] Chilly Reception
|-activate|p1a: Great Tusk|move: Sticky Web
|-unboost|p1a: Great Tusk|spe|1
|-enditem|p1a: Great Tusk|Booster Energy
|-activate|p1a: Great Tusk|ability: Protosynthesis|[fromitem]
|-start|p1a: Great Tusk|protosynthesisatk
|
|-weather|Snowscape|[upkeep]
|upkeep
|turn|4
|
|t:|1779700911
|move|p2a: Tinkaton|Swords Dance|p2a: Tinkaton
|-boost|p2a: Tinkaton|atk|2
|move|p1a: Great Tusk|Knock Off|p2a: Tinkaton
|-damage|p2a: Tinkaton|41/100
|
|-weather|Snowscape|[upkeep]
|upkeep
|turn|5
|
|t:|1779700923
|-end|p1a: Great Tusk|Protosynthesis|[silent]
|switch|p1a: Alomomola|Alomomola, M|100/100
|move|p2a: Tinkaton|Play Rough|p1a: Alomomola
|-damage|p1a: Alomomola|51/100
|-unboost|p1a: Alomomola|atk|1
|
|-weather|Snowscape|[upkeep]
|upkeep
|turn|6
|
|t:|1779700938
|move|p2a: Tinkaton|Swords Dance|p2a: Tinkaton
|-boost|p2a: Tinkaton|atk|2
|move|p1a: Alomomola|Flip Turn|p2a: Tinkaton
|-resisted|p2a: Tinkaton
|-damage|p2a: Tinkaton|35/100
|
|t:|1779700944
|switch|p1a: Darkrai|Darkrai|100/100|[from] Flip Turn
|-activate|p1a: Darkrai|move: Sticky Web
|-unboost|p1a: Darkrai|spe|1
|
|-weather|Snowscape|[upkeep]
|upkeep
|turn|7
|
|t:|1779700958
|switch|p1a: Gliscor|Gliscor, M|100/100
|move|p2a: Tinkaton|Play Rough|p1a: Gliscor
|-damage|p1a: Gliscor|21/100
|
|-weather|none
|-status|p1a: Gliscor|tox|[from] item: Toxic Orb
|upkeep
|turn|8
|
|t:|1779700968
|move|p1a: Gliscor|Protect|p1a: Gliscor
|-singleturn|p1a: Gliscor|Protect
|move|p2a: Tinkaton|Knock Off|p1a: Gliscor
|-activate|p1a: Gliscor|move: Protect
|
|-heal|p1a: Gliscor|34/100 tox|[from] ability: Poison Heal
|upkeep
|turn|9
|inactive|justinthefirst has 120 seconds left.
|
|t:|1779700987
|switch|p1a: Alomomola|Alomomola, M|84/100
|move|p2a: Tinkaton|Gigaton Hammer|p1a: Alomomola
|-resisted|p1a: Alomomola
|-damage|p1a: Alomomola|19/100
|
|upkeep
|turn|10
|
|t:|1779701007
|move|p1a: Alomomola|Protect|p1a: Alomomola
|-singleturn|p1a: Alomomola|Protect
|move|p2a: Tinkaton|Play Rough|p1a: Alomomola
|-activate|p1a: Alomomola|move: Protect
|
|upkeep
|turn|11
|
|t:|1779701015
|move|p2a: Tinkaton|Gigaton Hammer|p1a: Alomomola
|-resisted|p1a: Alomomola
|-damage|p1a: Alomomola|0 fnt
|faint|p1a: Alomomola
|
|upkeep
|
|t:|1779701022
|switch|p1a: Great Tusk|Great Tusk|100/100
|-activate|p1a: Great Tusk|move: Sticky Web
|-unboost|p1a: Great Tusk|spe|1
|turn|12
|
|t:|1779701030
|move|p2a: Tinkaton|Play Rough|p1a: Great Tusk
|-supereffective|p1a: Great Tusk
|-damage|p1a: Great Tusk|0 fnt
|faint|p1a: Great Tusk
|-end|p1a: Great Tusk|Protosynthesis|[silent]
|
|upkeep
|
|t:|1779701039
|switch|p1a: Slowking|Slowking-Galar, F|100/100
|turn|13
|inactive|justinthefirst has 120 seconds left.
|
|t:|1779701044
|move|p2a: Tinkaton|Knock Off|p1a: Slowking
|-supereffective|p1a: Slowking
|-damage|p1a: Slowking|0 fnt
|-enditem|p1a: Slowking|Heavy-Duty Boots|[from] move: Knock Off|[of] p2a: Tinkaton
|faint|p1a: Slowking
|
|upkeep
|inactive|justinthefirst has 120 seconds left.
|-message|justinthefirst forfeited.
|
|win|AlvHarv
|raw|justinthefirst's rating: 1035 &rarr; <strong>1022</strong><br />(-13 for losing)
|raw|AlvHarv's rating: 1076 &rarr; <strong>1101</strong><br />(+25 for winning)
|l|☆justinthefirst
|player|p1|
