|j|☆uncle brown
|j|☆STONE CHAI
|t:|1779683286
|gametype|singles
|player|p1|uncle brown|170|1491
|player|p2|STONE CHAI|1|1575
|gen|9
|tier|[Gen 9] OU
|rated|
|rule|HP Percentage Mod: HP is shown in percentages
|rule|Endless Battle Clause: Forcing endless battles is banned
|rule|Species Clause: Limit one of each Pokémon
|rule|OHKO Clause: OHKO moves are banned
|rule|Evasion Items Clause: Evasion items are banned
|rule|Evasion Moves Clause: Evasion moves are banned
|rule|Evasion Abilities Clause: Evasion abilities are banned
|rule|Sleep Moves Clause: Sleep-inducing moves are banned
|clearpoke
|poke|p1|Ting-Lu|
|poke|p1|Dragapult, F|
|poke|p1|Weezing-Galar, M|
|poke|p1|Rotom-Wash|
|poke|p1|Clefable, M|
|poke|p1|Cinderace, M|
|poke|p2|Tinkaton, F|
|poke|p2|Ogerpon, F|
|poke|p2|Great Tusk|
|poke|p2|Pecharunt|
|poke|p2|Alomomola, M|
|poke|p2|Hydreigon, M|
|teampreview
|
|t:|1779683329
|teamsize|p1|6
|teamsize|p2|6
|start
|switch|p1a: Cinderace|Cinderace, M|100/100
|switch|p2a: Anonymous|Ogerpon, F|100/100
|turn|1
|
|t:|1779683343
|switch|p2a: Pisces|Alomomola, M, shiny|100/100
|move|p1a: Cinderace|Will-O-Wisp|p2a: Pisces
|-status|p2a: Pisces|brn
|
|-damage|p2a: Pisces|94/100 brn|[from] brn
|upkeep
|turn|2
|
|t:|1779683348
|move|p1a: Cinderace|U-turn|p2a: Pisces
|-damage|p2a: Pisces|79/100 brn
|
|t:|1779683350
|switch|p1a: Rotom|Rotom-Wash|100/100|[from] U-turn
|move|p2a: Pisces|Flip Turn|p1a: Rotom
|-resisted|p1a: Rotom
|-damage|p1a: Rotom|97/100
|
|t:|1779683383
|switch|p2a: Hybrid|Hydreigon, M, shiny|100/100|[from] Flip Turn
|
|-heal|p1a: Rotom|100/100|[from] item: Leftovers
|upkeep
|turn|3
|
|t:|1779683390
|switch|p1a: Ting-Lu|Ting-Lu|100/100
|-ability|p1a: Ting-Lu|Vessel of Ruin
|move|p2a: Hybrid|Flash Cannon|p1a: Ting-Lu
|-damage|p1a: Ting-Lu|83/100
|
|-heal|p1a: Ting-Lu|89/100|[from] item: Leftovers
|upkeep
|turn|4
|
|t:|1779683401
|switch|p2a: Smile.exe|Tinkaton, F, shiny|100/100
|-item|p2a: Smile.exe|Air Balloon
|move|p1a: Ting-Lu|Stealth Rock|p2a: Smile.exe
|-sidestart|p2: STONE CHAI|move: Stealth Rock
|
|-heal|p1a: Ting-Lu|96/100|[from] item: Leftovers
|upkeep
|turn|5
|
|t:|1779683408
|switch|p1a: Rotom|Rotom-Wash|100/100
|move|p2a: Smile.exe|Encore||[still]
|-fail|p2a: Smile.exe
|
|upkeep
|turn|6
|
|t:|1779683429
|switch|p2a: Hybrid|Hydreigon, M, shiny|100/100
|-damage|p2a: Hybrid|88/100|[from] Stealth Rock
|move|p1a: Rotom|Will-O-Wisp|p2a: Hybrid
|-status|p2a: Hybrid|brn
|
|-damage|p2a: Hybrid|82/100 brn|[from] brn
|upkeep
|turn|7
|
|t:|1779683436
|switch|p1a: Ting-Lu|Ting-Lu|96/100
|-ability|p1a: Ting-Lu|Vessel of Ruin
|move|p2a: Hybrid|Draco Meteor|p1a: Ting-Lu
|-damage|p1a: Ting-Lu|57/100
|-unboost|p2a: Hybrid|spa|2
|
|-heal|p1a: Ting-Lu|63/100|[from] item: Leftovers
|-damage|p2a: Hybrid|76/100 brn|[from] brn
|upkeep
|turn|8
|
|t:|1779683443
|switch|p2a: Smile.exe|Tinkaton, F, shiny|100/100
|-damage|p2a: Smile.exe|94/100|[from] Stealth Rock
|-item|p2a: Smile.exe|Air Balloon
|move|p1a: Ting-Lu|Ruination|p2a: Smile.exe
|-damage|p2a: Smile.exe|47/100
|-enditem|p2a: Smile.exe|Air Balloon
|
|-heal|p1a: Ting-Lu|69/100|[from] item: Leftovers
|upkeep
|turn|9
|
|t:|1779683452
|move|p2a: Smile.exe|Encore|p1a: Ting-Lu
|-start|p1a: Ting-Lu|Encore
|move|p1a: Ting-Lu|Ruination|p2a: Smile.exe
|-damage|p2a: Smile.exe|24/100
|
|-heal|p1a: Ting-Lu|75/100|[from] item: Leftovers
|upkeep
|turn|10
|
|t:|1779683457
|switch|p1a: Rotom|Rotom-Wash|100/100
|move|p2a: Smile.exe|Stealth Rock|p1a: Rotom
|-sidestart|p1: uncle brown|move: Stealth Rock
|
|upkeep
|turn|11
|
|t:|1779683464
|switch|p2a: Pisces|Alomomola, M, shiny|100/100 brn
|-damage|p2a: Pisces|88/100 brn|[from] Stealth Rock
|move|p1a: Rotom|Volt Switch|p2a: Pisces
|-supereffective|p2a: Pisces
|-damage|p2a: Pisces|63/100 brn
|
|t:|1779683470
|switch|p1a: Clefable|Clefable, M|100/100|[from] Volt Switch
|
|-damage|p2a: Pisces|57/100 brn|[from] brn
|upkeep
|turn|12
|
|t:|1779683485
|move|p1a: Clefable|Knock Off|p2a: Pisces
|-damage|p2a: Pisces|47/100 brn
|-enditem|p2a: Pisces|Assault Vest|[from] move: Knock Off|[of] p1a: Clefable
|move|p2a: Pisces|Flip Turn|p1a: Clefable
|-damage|p1a: Clefable|94/100
|
|t:|1779683508
|switch|p2a: Overseer|Pecharunt|100/100|[from] Flip Turn
|-damage|p2a: Overseer|88/100|[from] Stealth Rock
|
|-heal|p1a: Clefable|99/100|[from] item: Leftovers
|upkeep
|turn|13
|
|t:|1779683516
|switch|p1a: Weezing|Weezing-Galar, M|100/100
|-ability|p1a: Weezing|Neutralizing Gas
|-damage|p1a: Weezing|88/100|[from] Stealth Rock
|move|p2a: Overseer|Parting Shot|p1a: Weezing
|-unboost|p1a: Weezing|atk|1
|-unboost|p1a: Weezing|spa|1
|
|t:|1779683521
|switch|p2a: Smile.exe|Tinkaton, F, shiny|24/100|[from] Parting Shot
|-damage|p2a: Smile.exe|18/100|[from] Stealth Rock
|
|upkeep
|turn|14
|
|t:|1779683528
|-end|p1a: Weezing|ability: Neutralizing Gas
|switch|p1a: Rotom|Rotom-Wash|100/100
|-damage|p1a: Rotom|88/100|[from] Stealth Rock
|move|p2a: Smile.exe|Gigaton Hammer|p1a: Rotom
|-resisted|p1a: Rotom
|-damage|p1a: Rotom|75/100
|
|-heal|p1a: Rotom|82/100|[from] item: Leftovers
|upkeep
|turn|15
|
|t:|1779683560
|switch|p2a: Overseer|Pecharunt|88/100
|-damage|p2a: Overseer|76/100|[from] Stealth Rock
|move|p1a: Rotom|Volt Switch|p2a: Overseer
|-damage|p2a: Overseer|49/100
|
|t:|1779683577
|switch|p1a: Dragapult|Dragapult, F|100/100|[from] Volt Switch
|-damage|p1a: Dragapult|88/100|[from] Stealth Rock
|
|upkeep
|turn|16
|
|t:|1779683597
|switch|p2a: Smile.exe|Tinkaton, F, shiny|18/100
|-damage|p2a: Smile.exe|12/100|[from] Stealth Rock
|move|p1a: Dragapult|U-turn|p2a: Smile.exe
|-resisted|p2a: Smile.exe
|-damage|p2a: Smile.exe|5/100
|-enditem|p1a: Dragapult|Spell Tag|[silent]|[from] ability: Pickpocket|[of] p1a: Dragapult
|-item|p2a: Smile.exe|Spell Tag|[from] ability: Pickpocket|[of] p1a: Dragapult
|
|t:|1779683604
|switch|p1a: Cinderace|Cinderace, M|100/100|[from] U-turn
|
|upkeep
|turn|17
|
|t:|1779683611
|move|p1a: Cinderace|Pyro Ball|p2a: Smile.exe
|-supereffective|p2a: Smile.exe
|-damage|p2a: Smile.exe|0 fnt
|faint|p2a: Smile.exe
|
|upkeep
|
|t:|1779683650
|switch|p2a: Pisces|Alomomola, M, shiny|80/100 brn
|-damage|p2a: Pisces|68/100 brn|[from] Stealth Rock
|turn|18
|
|t:|1779683667
|move|p1a: Cinderace|U-turn|p2a: Pisces
|-damage|p2a: Pisces|52/100 brn
|
|t:|1779683669
|switch|p1a: Rotom|Rotom-Wash|82/100|[from] U-turn
|-damage|p1a: Rotom|69/100|[from] Stealth Rock
|move|p2a: Pisces|Flip Turn|p1a: Rotom
|-resisted|p1a: Rotom
|-damage|p1a: Rotom|66/100
|
|t:|1779683672
|switch|p2a: Anonymous|Ogerpon, F|100/100|[from] Flip Turn
|-damage|p2a: Anonymous|88/100|[from] Stealth Rock
|
|-heal|p1a: Rotom|72/100|[from] item: Leftovers
|upkeep
|turn|19
|
|t:|1779683676
|switch|p1a: Weezing|Weezing-Galar, M|88/100
|-ability|p1a: Weezing|Neutralizing Gas
|-damage|p1a: Weezing|76/100|[from] Stealth Rock
|move|p2a: Anonymous|Ivy Cudgel|p1a: Weezing
|-resisted|p1a: Weezing
|-damage|p1a: Weezing|51/100
|
|upkeep
|turn|20
|
|t:|1779683686
|switch|p2a: Overseer|Pecharunt|49/100
|-damage|p2a: Overseer|36/100|[from] Stealth Rock
|move|p1a: Weezing|Pain Split|p2a: Overseer
|-sethp|p2a: Overseer|40/100|[from] move: Pain Split|[silent]
|-sethp|p1a: Weezing|46/100|[from] move: Pain Split
|
|upkeep
|turn|21
|
|t:|1779683690
|move|p2a: Overseer|Recover|p2a: Overseer
|-heal|p2a: Overseer|90/100
|move|p1a: Weezing|Will-O-Wisp|p2a: Overseer
|-status|p2a: Overseer|brn
|
|-damage|p2a: Overseer|84/100 brn|[from] brn
|upkeep
|turn|22
|
|t:|1779683695
|move|p2a: Overseer|Malignant Chain|p1a: Weezing
|-damage|p1a: Weezing|1/100
|move|p1a: Weezing|Toxic Spikes|p2a: Overseer
|-sidestart|p2: STONE CHAI|move: Toxic Spikes
|
|-damage|p2a: Overseer|78/100 brn|[from] brn
|upkeep
|turn|23
|
|t:|1779683706
|move|p2a: Overseer|Parting Shot|p1a: Weezing
|-unboost|p1a: Weezing|atk|1
|-unboost|p1a: Weezing|spa|1
|
|t:|1779683708
|switch|p2a: Pisces|Alomomola, M, shiny|85/100 brn|[from] Parting Shot
|-damage|p2a: Pisces|73/100 brn|[from] Stealth Rock
|move|p1a: Weezing|Toxic Spikes|p2a: Pisces
|-sidestart|p2: STONE CHAI|move: Toxic Spikes
|
|-damage|p2a: Pisces|67/100 brn|[from] brn
|upkeep
|turn|24
|
|t:|1779683712
|move|p1a: Weezing|Pain Split|p2a: Pisces
|-sethp|p2a: Pisces|34/100 brn|[from] move: Pain Split|[silent]
|-sethp|p1a: Weezing|53/100|[from] move: Pain Split
|move|p2a: Pisces|Flip Turn|p1a: Weezing
|-damage|p1a: Weezing|48/100
|-damage|p2a: Pisces|17/100 brn|[from] item: Rocky Helmet|[of] p1a: Weezing
|
|t:|1779683715
|switch|p2a: Overseer|Pecharunt|78/100 brn|[from] Flip Turn
|-damage|p2a: Overseer|66/100 brn|[from] Stealth Rock
|-sideend|p2: STONE CHAI|move: Toxic Spikes|[of] p2a: Overseer
|
|-damage|p2a: Overseer|60/100 brn|[from] brn
|upkeep
|turn|25
|
|t:|1779683721
|-end|p1a: Weezing|ability: Neutralizing Gas
|switch|p1a: Rotom|Rotom-Wash|72/100
|-damage|p1a: Rotom|60/100|[from] Stealth Rock
|move|p2a: Overseer|Malignant Chain|p1a: Rotom
|-damage|p1a: Rotom|28/100
|
|-heal|p1a: Rotom|34/100|[from] item: Leftovers
|-damage|p2a: Overseer|54/100 brn|[from] brn
|upkeep
|turn|26
|
|t:|1779683736
|move|p1a: Rotom|Hydro Pump|p2a: Overseer
|-damage|p2a: Overseer|18/100 brn
|move|p2a: Overseer|Recover|p2a: Overseer
|-heal|p2a: Overseer|68/100 brn
|
|-heal|p1a: Rotom|41/100|[from] item: Leftovers
|-damage|p2a: Overseer|62/100 brn|[from] brn
|upkeep
|turn|27
|
|t:|1779683741
|move|p1a: Rotom|Hydro Pump|p2a: Overseer
|-damage|p2a: Overseer|20/100 brn
|move|p2a: Overseer|Recover|p2a: Overseer
|-heal|p2a: Overseer|70/100 brn
|
|-heal|p1a: Rotom|47/100|[from] item: Leftovers
|-damage|p2a: Overseer|64/100 brn|[from] brn
|upkeep
|turn|28
|
|t:|1779683744
|move|p1a: Rotom|Hydro Pump|p2a: Overseer|[miss]
|-miss|p1a: Rotom|p2a: Overseer
|move|p2a: Overseer|Recover|p2a: Overseer
|-heal|p2a: Overseer|100/100 brn
|
|-heal|p1a: Rotom|53/100|[from] item: Leftovers
|-damage|p2a: Overseer|94/100 brn|[from] brn
|upkeep
|turn|29
|
|t:|1779683747
|move|p1a: Rotom|Hydro Pump|p2a: Overseer
|-damage|p2a: Overseer|57/100 brn
|move|p2a: Overseer|Malignant Chain|p1a: Rotom
|-damage|p1a: Rotom|19/100
|-status|p1a: Rotom|tox
|-start|p1a: Rotom|confusion|[from] ability: Poison Puppeteer|[of] p2a: Overseer
|
|-heal|p1a: Rotom|25/100 tox|[from] item: Leftovers
|-damage|p1a: Rotom|19/100 tox|[from] psn
|-damage|p2a: Overseer|51/100 brn|[from] brn
|upkeep
|turn|30
|
|t:|1779683749
|-activate|p1a: Rotom|confusion
|-damage|p1a: Rotom|14/100 tox|[from] confusion
|move|p2a: Overseer|Recover|p2a: Overseer
|-heal|p2a: Overseer|100/100 brn
|
|-heal|p1a: Rotom|20/100 tox|[from] item: Leftovers
|-damage|p1a: Rotom|7/100 tox|[from] psn
|-damage|p2a: Overseer|94/100 brn|[from] brn
|upkeep
|turn|31
|
|t:|1779683762
|-activate|p1a: Rotom|confusion
|move|p1a: Rotom|Hydro Pump|p2a: Overseer|[miss]
|-miss|p1a: Rotom|p2a: Overseer
|move|p2a: Overseer|Parting Shot|p1a: Rotom
|-unboost|p1a: Rotom|atk|1
|-unboost|p1a: Rotom|spa|1
|
|t:|1779683764
|switch|p2a: Pisces|Alomomola, M, shiny|17/100 brn|[from] Parting Shot
|-damage|p2a: Pisces|5/100 brn|[from] Stealth Rock
|
|-heal|p1a: Rotom|14/100 tox|[from] item: Leftovers
|-damage|p1a: Rotom|0 fnt|[from] psn
|faint|p1a: Rotom
|-damage|p2a: Pisces|0 fnt|[from] brn
|faint|p2a: Pisces
|upkeep
|
|t:|1779683781
|switch|p1a: Dragapult|Dragapult, F|88/100
|switch|p2a: Anonymous|Ogerpon, F|88/100
|-damage|p1a: Dragapult|76/100|[from] Stealth Rock
|-damage|p2a: Anonymous|76/100|[from] Stealth Rock
|turn|32
|c|☆uncle brown|neutralising gas
|
|t:|1779683786
|switch|p1a: Weezing|Weezing-Galar, M|48/100
|-ability|p1a: Weezing|Neutralizing Gas
|-damage|p1a: Weezing|36/100|[from] Stealth Rock
|-terastallize|p2a: Anonymous|Grass
|detailschange|p2a: Anonymous|Ogerpon-Teal-Tera, F, tera:Grass
|move|p2a: Anonymous|Knock Off|p1a: Weezing
|-resisted|p1a: Weezing
|-damage|p1a: Weezing|21/100
|-damage|p2a: Anonymous|59/100|[from] item: Rocky Helmet|[of] p1a: Weezing
|-enditem|p1a: Weezing|Rocky Helmet|[from] move: Knock Off|[of] p2a: Anonymous
|
|upkeep
|turn|33
|
|t:|1779683804
|switch|p2a: Overseer|Pecharunt|94/100 brn
|-damage|p2a: Overseer|82/100 brn|[from] Stealth Rock
|move|p1a: Weezing|Pain Split|p2a: Overseer
|-sethp|p2a: Overseer|50/100 brn|[from] move: Pain Split|[silent]
|-sethp|p1a: Weezing|57/100|[from] move: Pain Split
|
|-damage|p2a: Overseer|44/100 brn|[from] brn
|upkeep
|turn|34
|
|t:|1779683810
|move|p2a: Overseer|Recover|p2a: Overseer
|-heal|p2a: Overseer|94/100 brn
|move|p1a: Weezing|Toxic Spikes|p2a: Overseer
|-sidestart|p2: STONE CHAI|move: Toxic Spikes
|
|-damage|p2a: Overseer|88/100 brn|[from] brn
|upkeep
|turn|35
|c|☆STONE CHAI|shouldve killed him earlier while i could
|c|☆STONE CHAI|Greedy lol
|c|☆uncle brown|ya
|
|t:|1779683822
|-end|p1a: Weezing|ability: Neutralizing Gas
|switch|p1a: Ting-Lu|Ting-Lu|75/100
|-damage|p1a: Ting-Lu|69/100|[from] Stealth Rock
|-ability|p1a: Ting-Lu|Vessel of Ruin
|move|p2a: Overseer|Malignant Chain|p1a: Ting-Lu
|-resisted|p1a: Ting-Lu
|-damage|p1a: Ting-Lu|63/100
|-status|p1a: Ting-Lu|tox
|-start|p1a: Ting-Lu|confusion|[from] ability: Poison Puppeteer|[of] p2a: Overseer
|
|-heal|p1a: Ting-Lu|69/100 tox|[from] item: Leftovers
|-damage|p1a: Ting-Lu|63/100 tox|[from] psn
|-damage|p2a: Overseer|82/100 brn|[from] brn
|upkeep
|turn|36
|
|t:|1779683839
|move|p2a: Overseer|Parting Shot|p1a: Ting-Lu
|-unboost|p1a: Ting-Lu|atk|1
|-unboost|p1a: Ting-Lu|spa|1
|
|t:|1779683844
|switch|p2a: Behemoth|Great Tusk, shiny|100/100|[from] Parting Shot
|-activate|p1a: Ting-Lu|confusion
|-damage|p1a: Ting-Lu|59/100 tox|[from] confusion
|
|-heal|p1a: Ting-Lu|65/100 tox|[from] item: Leftovers
|-damage|p1a: Ting-Lu|53/100 tox|[from] psn
|upkeep
|turn|37
|
|t:|1779683852
|move|p2a: Behemoth|Ice Spinner|p1a: Ting-Lu
|-supereffective|p1a: Ting-Lu
|-damage|p1a: Ting-Lu|22/100 tox
|-end|p1a: Ting-Lu|confusion
|move|p1a: Ting-Lu|Ruination|p2a: Behemoth|[miss]
|-miss|p1a: Ting-Lu|p2a: Behemoth
|
|-heal|p1a: Ting-Lu|29/100 tox|[from] item: Leftovers
|-damage|p1a: Ting-Lu|10/100 tox|[from] psn
|upkeep
|turn|38
|
|t:|1779683861
|move|p2a: Behemoth|Rapid Spin|p1a: Ting-Lu
|-damage|p1a: Ting-Lu|0 fnt
|-boost|p2a: Behemoth|spe|1
|-sideend|p2: STONE CHAI|Toxic Spikes|[from] move: Rapid Spin|[of] p2a: Behemoth
|-sideend|p2: STONE CHAI|Stealth Rock|[from] move: Rapid Spin|[of] p2a: Behemoth
|faint|p1a: Ting-Lu
|
|upkeep
|
|t:|1779683863
|switch|p1a: Clefable|Clefable, M|99/100
|turn|39
|
|t:|1779683872
|-end|p2a: Behemoth|Protosynthesis|[silent]
|switch|p2a: Overseer|Pecharunt|82/100 brn
|move|p1a: Clefable|Calm Mind|p1a: Clefable
|-boost|p1a: Clefable|spa|1
|-boost|p1a: Clefable|spd|1
|
|-heal|p1a: Clefable|100/100|[from] item: Leftovers
|-damage|p2a: Overseer|76/100 brn|[from] brn
|upkeep
|turn|40
|
|t:|1779683875
|-terastallize|p1a: Clefable|Poison
|move|p2a: Overseer|Malignant Chain|p1a: Clefable
|-resisted|p1a: Clefable
|-damage|p1a: Clefable|91/100
|move|p1a: Clefable|Calm Mind|p1a: Clefable
|-boost|p1a: Clefable|spa|1
|-boost|p1a: Clefable|spd|1
|
|-heal|p1a: Clefable|97/100|[from] item: Leftovers
|-damage|p2a: Overseer|70/100 brn|[from] brn
|upkeep
|turn|41
|
|t:|1779683897
|switch|p2a: Hybrid|Hydreigon, M, shiny|76/100 brn
|move|p1a: Clefable|Moonblast|p2a: Hybrid
|-supereffective|p2a: Hybrid
|-damage|p2a: Hybrid|0 fnt
|faint|p2a: Hybrid
|
|-heal|p1a: Clefable|100/100|[from] item: Leftovers
|upkeep
|
|t:|1779683903
|switch|p2a: Behemoth|Great Tusk, shiny|100/100
|turn|42
|
|t:|1779683907
|switch|p1a: Weezing|Weezing-Galar, M|57/100
|-ability|p1a: Weezing|Neutralizing Gas
|-damage|p1a: Weezing|45/100|[from] Stealth Rock
|move|p2a: Behemoth|Headlong Rush|p1a: Weezing
|-supereffective|p1a: Weezing
|-damage|p1a: Weezing|0 fnt
|-unboost|p2a: Behemoth|def|1
|-unboost|p2a: Behemoth|spd|1
|faint|p1a: Weezing
|-end|p1a: Weezing|ability: Neutralizing Gas
|
|upkeep
|
|t:|1779683910
|switch|p1a: Dragapult|Dragapult, F|76/100
|-damage|p1a: Dragapult|64/100|[from] Stealth Rock
|turn|43
|
|t:|1779683923
|-end|p2a: Behemoth|Protosynthesis|[silent]
|switch|p2a: Overseer|Pecharunt|70/100 brn
|move|p1a: Dragapult|Will-O-Wisp|p2a: Overseer
|-fail|p2a: Overseer|brn
|
|-damage|p2a: Overseer|64/100 brn|[from] brn
|upkeep
|turn|44
|
|t:|1779683932
|move|p1a: Dragapult|Hex|p2a: Overseer
|-supereffective|p2a: Overseer
|-damage|p2a: Overseer|0 fnt
|faint|p2a: Overseer
|
|upkeep
|
|t:|1779683934
|switch|p2a: Anonymous|Ogerpon-Teal-Tera, F, tera:Grass|59/100
|-ability|p2a: Anonymous|Embody Aspect (Teal)|boost
|-boost|p2a: Anonymous|spe|1
|turn|45
|
|t:|1779683961
|switch|p1a: Cinderace|Cinderace, M|100/100
|move|p2a: Anonymous|Knock Off|p1a: Cinderace
|-damage|p1a: Cinderace|39/100
|-enditem|p1a: Cinderace|Heavy-Duty Boots|[from] move: Knock Off|[of] p2a: Anonymous
|
|upkeep
|turn|46
|
|t:|1779683977
|move|p2a: Anonymous|Knock Off|p1a: Cinderace
|-crit|p1a: Cinderace
|-damage|p1a: Cinderace|0 fnt
|faint|p1a: Cinderace
|
|upkeep
|
|t:|1779683980
|switch|p1a: Clefable|Clefable, M, tera:Poison|100/100
|turn|47
|c|☆STONE CHAI|mb
|c|☆uncle brown|didnt matter idt
|
|t:|1779684025
|switch|p2a: Behemoth|Great Tusk, shiny|100/100
|move|p1a: Clefable|Moonblast|p2a: Behemoth
|-supereffective|p2a: Behemoth
|-damage|p2a: Behemoth|0 fnt
|faint|p2a: Behemoth
|-end|p2a: Behemoth|Protosynthesis|[silent]
|
|upkeep
|
|t:|1779684030
|switch|p2a: Anonymous|Ogerpon-Teal-Tera, F, tera:Grass|59/100
|-ability|p2a: Anonymous|Embody Aspect (Teal)|boost
|-boost|p2a: Anonymous|spe|1
|turn|48
|c|☆STONE CHAI|gg
|c|☆uncle brown|gg
|
|t:|1779684046
|move|p2a: Anonymous|Knock Off|p1a: Clefable
|-damage|p1a: Clefable|62/100
|-enditem|p1a: Clefable|Leftovers|[from] move: Knock Off|[of] p2a: Anonymous
|move|p1a: Clefable|Moonblast|p2a: Anonymous
|-damage|p2a: Anonymous|25/100
|-unboost|p2a: Anonymous|spa|1
|
|upkeep
|turn|49
|
|t:|1779684049
|move|p2a: Anonymous|Knock Off|p1a: Clefable
|-damage|p1a: Clefable|39/100
|move|p1a: Clefable|Moonblast|p2a: Anonymous
|-damage|p2a: Anonymous|0 fnt
|faint|p2a: Anonymous
|detailschange|p2: Anonymous|Ogerpon, F|[silent]
|
|win|uncle brown
|raw|uncle brown's rating: 1510 &rarr; <strong>1534</strong><br />(+24 for winning)
|raw|STONE CHAI's rating: 1575 &rarr; <strong>1551</strong><br />(-24 for losing)
|l|☆STONE CHAI
|player|p2|
