|j|☆Z4W6
|j|☆DrakEragon
|t:|1779715224
|gametype|singles
|player|p1|Z4W6|ghetsis|1258
|player|p2|DrakEragon|morty|1200
|gen|9
|tier|[Gen 9] OU
|rated|
|rule|HP Percentage Mod: HP is shown in percentages
|rule|Endless Battle Clause: Forcing endless battles is banned
|rule|Species Clause: Limit one of each Pokémon
|rule|OHKO Clause: OHKO moves are banned
|rule|Evasion Items Clause: Evasion items are banned
|rule|Evasion Moves Clause: Evasion moves are banned
|rule|Evasion Abilities Clause: Evasion abilities are banned
|rule|Sleep Moves Clause: Sleep-inducing moves are banned
|clearpoke
|poke|p1|Cloyster, F|
|poke|p1|Gallade, M|
|poke|p1|Kingambit, M|
|poke|p1|Iron Moth|
|poke|p1|Enamorus, F|
|poke|p1|Ogerpon-Cornerstone, F|
|poke|p2|Electivire, M|
|poke|p2|Clodsire, F|
|poke|p2|Glimmora, F|
|poke|p2|Walking Wake|
|poke|p2|Corviknight, M|
|poke|p2|Dragapult, F|
|teampreview
|
|t:|1779715233
|teamsize|p1|6
|teamsize|p2|6
|start
|switch|p1a: Cloyster|Cloyster, F|100/100
|switch|p2a: Glimmora|Glimmora, F|100/100
|turn|1
|
|t:|1779715240
|move|p2a: Glimmora|Stealth Rock|p1a: Cloyster
|-sidestart|p1: Z4W6|move: Stealth Rock
|move|p1a: Cloyster|Shell Smash|p1a: Cloyster
|-unboost|p1a: Cloyster|def|1
|-unboost|p1a: Cloyster|spd|1
|-boost|p1a: Cloyster|atk|2
|-boost|p1a: Cloyster|spa|2
|-boost|p1a: Cloyster|spe|2
|
|upkeep
|turn|2
|
|t:|1779715256
|move|p1a: Cloyster|Icicle Spear|p2a: Glimmora
|-damage|p2a: Glimmora|75/100
|-activate|p2a: Glimmora|ability: Toxic Debris
|-sidestart|p1: Z4W6|move: Toxic Spikes
|-damage|p2a: Glimmora|47/100
|-activate|p2a: Glimmora|ability: Toxic Debris
|-sidestart|p1: Z4W6|move: Toxic Spikes
|-damage|p2a: Glimmora|19/100
|-crit|p2a: Glimmora
|-damage|p2a: Glimmora|0 fnt
|faint|p2a: Glimmora
|-hitcount|p2: Glimmora|4
|
|upkeep
|
|t:|1779715275
|switch|p2a: Walking Wake|Walking Wake|100/100
|-enditem|p2a: Walking Wake|Booster Energy
|-activate|p2a: Walking Wake|ability: Protosynthesis|[fromitem]
|-start|p2a: Walking Wake|protosynthesisspe
|turn|3
|
|t:|1779715285
|move|p2a: Walking Wake|Draco Meteor|p1a: Cloyster
|-enditem|p1a: Cloyster|Focus Sash
|-damage|p1a: Cloyster|1/100
|-unboost|p2a: Walking Wake|spa|2
|move|p1a: Cloyster|Rock Blast|p2a: Walking Wake
|-damage|p2a: Walking Wake|84/100
|-damage|p2a: Walking Wake|68/100
|-damage|p2a: Walking Wake|49/100
|-damage|p2a: Walking Wake|33/100
|-damage|p2a: Walking Wake|17/100
|-hitcount|p2a: Walking Wake|5
|
|upkeep
|turn|4
|
|t:|1779715299
|move|p1a: Cloyster|Ice Shard|p2a: Walking Wake
|-damage|p2a: Walking Wake|0 fnt
|faint|p2a: Walking Wake
|-end|p2a: Walking Wake|Protosynthesis|[silent]
|
|upkeep
|
|t:|1779715303
|switch|p2a: Dragapult|Dragapult, F|100/100
|turn|5
|
|t:|1779715309
|move|p2a: Dragapult|Sucker Punch|p1a: Cloyster
|-damage|p1a: Cloyster|0 fnt
|faint|p1a: Cloyster
|-damage|p2a: Dragapult|91/100|[from] item: Life Orb
|
|upkeep
|
|t:|1779715319
|switch|p1a: Enamorus|Enamorus, F|100/100
|-damage|p1a: Enamorus|76/100|[from] Stealth Rock
|turn|6
|
|t:|1779715327
|move|p1a: Enamorus|Moonblast|p2a: Dragapult
|-supereffective|p2a: Dragapult
|-damage|p2a: Dragapult|0 fnt
|faint|p2a: Dragapult
|
|upkeep
|
|t:|1779715336
|switch|p2a: Electivire|Electivire, M|100/100
|turn|7
|
|t:|1779715340
|move|p1a: Enamorus|Earth Power|p2a: Electivire
|-supereffective|p2a: Electivire
|-damage|p2a: Electivire|42/100
|move|p2a: Electivire|Supercell Slam|p1a: Enamorus
|-supereffective|p1a: Enamorus
|-damage|p1a: Enamorus|0 fnt
|faint|p1a: Enamorus
|
|upkeep
|
|t:|1779715349
|switch|p1a: Ogerpon|Ogerpon-Cornerstone, F|100/100
|-damage|p1a: Ogerpon|88/100|[from] Stealth Rock
|-status|p1a: Ogerpon|tox
|turn|8
|l|☆Z4W6
|player|p1|
|inactive|Battle timer is ON: inactive players will automatically lose when time's up. (requested by DrakEragon)
|inactive|Z4W6 has 30 seconds to reconnect!
|inactive|Z4W6 has 20 seconds to reconnect!
|inactive|Z4W6 has 15 seconds to reconnect!
|inactive|Z4W6 has 10 seconds to reconnect!
|inactive|Z4W6 has 5 seconds to reconnect!
|-message|Z4W6 lost due to inactivity.
|
|win|DrakEragon
|raw|Z4W6's rating: 1258 &rarr; <strong>1229</strong><br />(-29 for losing)
|raw|DrakEragon's rating: 1200 &rarr; <strong>1229</strong><br />(+29 for winning)
|l|☆DrakEragon
|player|p2|
