|j|☆kilowatrel
|j|☆Leader Alastor
|t:|1779578832
|gametype|singles
|player|p1|kilowatrel|leon|1503
|player|p2|Leader Alastor|blue|1457
|gen|9
|tier|[Gen 9] OU
|rated|
|rule|HP Percentage Mod: HP is shown in percentages
|rule|Endless Battle Clause: Forcing endless battles is banned
|rule|Species Clause: Limit one of each Pokémon
|rule|OHKO Clause: OHKO moves are banned
|rule|Evasion Items Clause: Evasion items are banned
|rule|Evasion Moves Clause: Evasion moves are banned
|rule|Evasion Abilities Clause: Evasion abilities are banned
|rule|Sleep Moves Clause: Sleep-inducing moves are banned
|clearpoke
|poke|p1|Samurott-Hisui, F|
|poke|p1|Kommo-o, M|
|poke|p1|Slowking-Galar, F|
|poke|p1|Corviknight, M|
|poke|p1|Landorus-Therian, M|
|poke|p1|Meowscarada, F|
|poke|p2|Ceruledge, M|
|poke|p2|Iron Valiant|
|poke|p2|Lilligant, F|
|poke|p2|Cloyster, F|
|poke|p2|Noivern, M|
|poke|p2|Malamar, M|
|teampreview
|inactive|Battle timer is ON: inactive players will automatically lose when time's up. (requested by kilowatrel)
|
|t:|1779578845
|teamsize|p1|6
|teamsize|p2|6
|start
|switch|p1a: delta|Meowscarada, F|100/100
|switch|p2a: Trident|Cloyster, F|100/100
|turn|1
|
|t:|1779578851
|move|p1a: delta|U-turn|p2a: Trident
|-start|p1a: delta|typechange|Bug|[from] ability: Protean
|-damage|p2a: Trident|73/100
|
|t:|1779578856
|switch|p1a: Corviknight|Corviknight, M|100/100|[from] U-turn
|-ability|p1a: Corviknight|Pressure
|move|p2a: Trident|Icicle Spear|p1a: Corviknight
|-damage|p1a: Corviknight|94/100
|-damage|p1a: Corviknight|87/100
|-damage|p1a: Corviknight|79/100
|-damage|p1a: Corviknight|72/100
|-damage|p1a: Corviknight|65/100
|-hitcount|p1a: Corviknight|5
|
|upkeep
|turn|2
|
|t:|1779578862
|move|p2a: Trident|Shell Smash|p2a: Trident
|-unboost|p2a: Trident|def|1
|-unboost|p2a: Trident|spd|1
|-boost|p2a: Trident|atk|2
|-boost|p2a: Trident|spa|2
|-boost|p2a: Trident|spe|2
|move|p1a: Corviknight|U-turn|p2a: Trident
|-damage|p2a: Trident|55/100
|inactive|kilowatrel has 120 seconds left.
|
|t:|1779578908
|switch|p1a: shadow|Samurott-Hisui, F|100/100|[from] U-turn
|
|upkeep
|turn|3
|inactive|Leader Alastor has 120 seconds left.
|
|t:|1779578945
|move|p1a: shadow|Sucker Punch|p2a: Trident
|-damage|p2a: Trident|0 fnt
|faint|p2a: Trident
|
|upkeep
|
|t:|1779578949
|switch|p2a: Flamberge|Ceruledge, M|100/100
|turn|4
|
|t:|1779578958
|move|p2a: Flamberge|Swords Dance|p2a: Flamberge
|-boost|p2a: Flamberge|atk|2
|move|p1a: shadow|Ceaseless Edge|p2a: Flamberge
|-supereffective|p2a: Flamberge
|-enditem|p2a: Flamberge|Focus Sash
|-damage|p2a: Flamberge|1/100
|-ability|p2a: Flamberge|Weak Armor|boost
|-unboost|p2a: Flamberge|def|1
|-boost|p2a: Flamberge|spe|2
|-sidestart|p2: Leader Alastor|Spikes
|
|upkeep
|turn|5
|
|t:|1779578970
|move|p2a: Flamberge|Shadow Sneak|p1a: shadow
|-resisted|p1a: shadow
|-damage|p1a: shadow|74/100
|move|p1a: shadow|Sucker Punch||[still]
|-fail|p1a: shadow
|
|upkeep
|turn|6
|
|t:|1779578975
|move|p2a: Flamberge|Shadow Sneak|p1a: shadow
|-resisted|p1a: shadow
|-damage|p1a: shadow|50/100
|move|p1a: shadow|Sucker Punch||[still]
|-fail|p1a: shadow
|
|upkeep
|turn|7
|
|t:|1779578981
|move|p1a: shadow|Sucker Punch|p2a: Flamberge
|-supereffective|p2a: Flamberge
|-damage|p2a: Flamberge|0 fnt
|faint|p2a: Flamberge
|
|upkeep
|
|t:|1779578984
|switch|p2a: Scimitar|Noivern, M|100/100
|turn|8
|
|t:|1779578987
|switch|p1a: Slowking|Slowking-Galar, F|100/100
|move|p2a: Scimitar|Boomburst|p1a: Slowking
|-damage|p1a: Slowking|77/100
|-enditem|p2a: Scimitar|Throat Spray
|-boost|p2a: Scimitar|spa|1|[from] item: Throat Spray
|
|upkeep
|turn|9
|inactive|Leader Alastor has 120 seconds left.
|
|t:|1779579032
|move|p2a: Scimitar|Air Slash|p1a: Slowking
|-damage|p1a: Slowking|48/100
|move|p1a: Slowking|Thunder Wave|p2a: Scimitar
|-status|p2a: Scimitar|par
|
|upkeep
|turn|10
|
|t:|1779579039
|move|p2a: Scimitar|Defog|p1a: Slowking
|-unboost|p1a: Slowking|evasion|1
|-sideend|p2: Leader Alastor|Spikes|[from] move: Defog|[of] p2a: Scimitar
|-prepare|p1a: Slowking|Chilly Reception|[premajor]
|move|p1a: Slowking|Chilly Reception|p1a: Slowking
|-weather|Snowscape
|
|t:|1779579048
|switch|p1a: shadow|Samurott-Hisui, F|50/100|[from] Chilly Reception
|
|-weather|Snowscape|[upkeep]
|upkeep
|turn|11
|
|t:|1779579054
|move|p1a: shadow|Ceaseless Edge|p2a: Scimitar
|-crit|p2a: Scimitar
|-damage|p2a: Scimitar|0 fnt
|-sidestart|p2: Leader Alastor|Spikes
|faint|p2a: Scimitar
|
|-weather|Snowscape|[upkeep]
|upkeep
|c|☆Leader Alastor|Crazy crit
|
|t:|1779579065
|switch|p2a: Partisan|Malamar, M|100/100
|-damage|p2a: Partisan|88/100|[from] Spikes
|turn|12
|-activate|p2a: Partisan|item: Quick Claw
|
|t:|1779579072
|move|p2a: Partisan|Superpower|p1a: shadow
|-supereffective|p1a: shadow
|-damage|p1a: shadow|0 fnt
|-boost|p2a: Partisan|atk|1
|-boost|p2a: Partisan|def|1
|faint|p1a: shadow
|
|-weather|Snowscape|[upkeep]
|upkeep
|
|t:|1779579101
|switch|p1a: Slowking|Slowking-Galar, F|81/100
|turn|13
|-activate|p2a: Partisan|item: Quick Claw
|
|t:|1779579104
|move|p2a: Partisan|Throat Chop|p1a: Slowking
|-supereffective|p1a: Slowking
|-damage|p1a: Slowking|0 fnt
|faint|p1a: Slowking
|
|-weather|Snowscape|[upkeep]
|upkeep
|
|t:|1779579117
|switch|p1a: Corviknight|Corviknight, M|65/100
|-ability|p1a: Corviknight|Pressure
|turn|14
|
|t:|1779579121
|move|p2a: Partisan|Superpower|p1a: Corviknight
|-damage|p1a: Corviknight|33/100
|-boost|p2a: Partisan|atk|1
|-boost|p2a: Partisan|def|1
|-damage|p2a: Partisan|72/100|[from] item: Rocky Helmet|[of] p1a: Corviknight
|move|p1a: Corviknight|U-turn|p2a: Partisan
|-supereffective|p2a: Partisan
|-damage|p2a: Partisan|40/100
|
|t:|1779579129
|switch|p1a: delta|Meowscarada, F|100/100|[from] U-turn
|
|-weather|none
|upkeep
|turn|15
|
|t:|1779579137
|-terastallize|p1a: delta|Ghost
|move|p1a: delta|U-turn|p2a: Partisan
|-supereffective|p2a: Partisan
|-damage|p2a: Partisan|0 fnt
|faint|p2a: Partisan
|
|t:|1779579145
|switch|p1a: Corviknight|Corviknight, M|33/100|[from] U-turn
|-ability|p1a: Corviknight|Pressure
|
|upkeep
|
|t:|1779579151
|switch|p2a: Gladius|Lilligant, F|100/100
|-damage|p2a: Gladius|88/100|[from] Spikes
|turn|16
|
|t:|1779579154
|move|p2a: Gladius|Quiver Dance|p2a: Gladius
|-boost|p2a: Gladius|spa|1
|-boost|p2a: Gladius|spd|1
|-boost|p2a: Gladius|spe|1
|move|p1a: Corviknight|Roost|p1a: Corviknight
|-heal|p1a: Corviknight|83/100
|-singleturn|p1a: Corviknight|move: Roost
|
|upkeep
|turn|17
|
|t:|1779579163
|-terastallize|p2a: Gladius|Electric
|move|p2a: Gladius|Quiver Dance|p2a: Gladius
|-boost|p2a: Gladius|spa|1
|-boost|p2a: Gladius|spd|1
|-boost|p2a: Gladius|spe|1
|move|p1a: Corviknight|Brave Bird|p2a: Gladius
|-resisted|p2a: Gladius
|-damage|p2a: Gladius|60/100
|-damage|p1a: Corviknight|77/100|[from] Recoil
|
|upkeep
|turn|18
|
|t:|1779579171
|switch|p1a: Landorus|Landorus-Therian, M|100/100
|-ability|p1a: Landorus|Intimidate|boost
|-unboost|p2a: Gladius|atk|1
|move|p2a: Gladius|Quiver Dance|p2a: Gladius
|-boost|p2a: Gladius|spa|1
|-boost|p2a: Gladius|spd|1
|-boost|p2a: Gladius|spe|1
|
|upkeep
|turn|19
|
|t:|1779579178
|move|p2a: Gladius|Giga Drain|p1a: Landorus
|-damage|p1a: Landorus|0 fnt
|-heal|p2a: Gladius|100/100|[from] drain|[of] p1a: Landorus
|faint|p1a: Landorus
|
|upkeep
|
|t:|1779579184
|switch|p1a: eagle 4|Kommo-o, M|100/100
|turn|20
|
|t:|1779579193
|move|p2a: Gladius|Giga Drain|p1a: eagle 4
|-resisted|p1a: eagle 4
|-damage|p1a: eagle 4|43/100
|move|p1a: eagle 4|Boomburst|p2a: Gladius
|-damage|p2a: Gladius|77/100
|-enditem|p1a: eagle 4|Throat Spray
|-boost|p1a: eagle 4|spa|1|[from] item: Throat Spray
|
|upkeep
|turn|21
|-message|kilowatrel forfeited.
|
|win|Leader Alastor
|raw|kilowatrel's rating: 1503 &rarr; <strong>1480</strong><br />(-23 for losing)
|raw|Leader Alastor's rating: 1457 &rarr; <strong>1480</strong><br />(+23 for winning)
|l|☆kilowatrel
|player|p1|
|l|☆Leader Alastor
|player|p2|
