|j|☆dsekop
|j|☆MadHaven
|t:|1779676917
|gametype|singles
|player|p1|dsekop|unknown|1523
|player|p2|MadHaven|skyla|1466
|gen|9
|tier|[Gen 9] OU
|rated|
|rule|HP Percentage Mod: HP is shown in percentages
|rule|Endless Battle Clause: Forcing endless battles is banned
|rule|Species Clause: Limit one of each Pokémon
|rule|OHKO Clause: OHKO moves are banned
|rule|Evasion Items Clause: Evasion items are banned
|rule|Evasion Moves Clause: Evasion moves are banned
|rule|Evasion Abilities Clause: Evasion abilities are banned
|rule|Sleep Moves Clause: Sleep-inducing moves are banned
|clearpoke
|poke|p1|Komala, M|
|poke|p1|Blissey, F|
|poke|p1|Dondozo, F|
|poke|p1|Gliscor, M|
|poke|p1|Clefable, M|
|poke|p1|Toxapex, F|
|poke|p2|Samurott-Hisui, F|
|poke|p2|Great Tusk|
|poke|p2|Clefable, M|
|poke|p2|Pecharunt|
|poke|p2|Heatran, F|
|poke|p2|Tornadus-Therian, M|
|teampreview
|inactive|Battle timer is ON: inactive players will automatically lose when time's up. (requested by MadHaven)
|inactive|dsekop also wants the timer to be on.
|
|t:|1779676924
|teamsize|p1|6
|teamsize|p2|6
|start
|switch|p1a: Gliscor|Gliscor, M|100/100
|switch|p2a: Hyper goner|Heatran, F|100/100
|turn|1
|
|t:|1779676934
|move|p1a: Gliscor|Protect|p1a: Gliscor
|-singleturn|p1a: Gliscor|Protect
|move|p2a: Hyper goner|Stealth Rock|p1a: Gliscor
|-sidestart|p1: dsekop|move: Stealth Rock
|
|-status|p1a: Gliscor|tox|[from] item: Toxic Orb
|upkeep
|turn|2
|
|t:|1779676940
|switch|p2a: Ralsei|Clefable, M|100/100
|move|p1a: Gliscor|Knock Off|p2a: Ralsei
|-resisted|p2a: Ralsei
|-damage|p2a: Ralsei|93/100
|-enditem|p2a: Ralsei|Leftovers|[from] move: Knock Off|[of] p1a: Gliscor
|
|upkeep
|turn|3
|
|t:|1779676972
|switch|p1a: Clefable|Clefable, M|100/100
|move|p2a: Ralsei|Calm Mind|p2a: Ralsei
|-boost|p2a: Ralsei|spa|1
|-boost|p2a: Ralsei|spd|1
|
|upkeep
|turn|4
|
|t:|1779676980
|switch|p1a: Toxapex|Toxapex, F|100/100
|move|p2a: Ralsei|Moonblast|p1a: Toxapex
|-resisted|p1a: Toxapex
|-damage|p1a: Toxapex|83/100
|-unboost|p1a: Toxapex|spa|1
|
|upkeep
|turn|5
|
|t:|1779676986
|move|p2a: Ralsei|Moonblast|p1a: Toxapex
|-resisted|p1a: Toxapex
|-damage|p1a: Toxapex|65/100
|move|p1a: Toxapex|Haze|p1a: Toxapex
|-clearallboost
|
|upkeep
|turn|6
|j| whatevadontcare
|inactive|dsekop has 120 seconds left.
|inactive|MadHaven has 120 seconds left.
|
|t:|1779677019
|switch|p2a: Kris|Samurott-Hisui, F|100/100
|switch|p1a: Clefable|Clefable, M|100/100
|
|upkeep
|turn|7
|
|t:|1779677029
|switch|p2a: Napstablook|Pecharunt|100/100
|move|p1a: Clefable|Moonblast|p2a: Napstablook
|-resisted|p2a: Napstablook
|-damage|p2a: Napstablook|85/100
|
|upkeep
|turn|8
|inactive|dsekop has 120 seconds left.
|
|t:|1779677044
|switch|p1a: Toxapex|Toxapex, F|98/100
|move|p2a: Napstablook|Malignant Chain|p1a: Toxapex
|-resisted|p1a: Toxapex
|-damage|p1a: Toxapex|86/100
|
|upkeep
|turn|9
|
|t:|1779677047
|switch|p1a: Gliscor|Gliscor, M|100/100 tox
|-damage|p1a: Gliscor|88/100 tox|[from] Stealth Rock
|move|p2a: Napstablook|Parting Shot|p1a: Gliscor
|-unboost|p1a: Gliscor|atk|1
|-unboost|p1a: Gliscor|spa|1
|
|t:|1779677050
|switch|p2a: Susie|Great Tusk|100/100|[from] Parting Shot
|
|-heal|p1a: Gliscor|100/100 tox|[from] ability: Poison Heal
|upkeep
|turn|10
|
|t:|1779677071
|move|p2a: Susie|Ice Spinner|p1a: Gliscor
|-supereffective|p1a: Gliscor
|-damage|p1a: Gliscor|32/100 tox
|move|p1a: Gliscor|Toxic|p2a: Susie|[miss]
|-miss|p1a: Gliscor|p2a: Susie
|
|-heal|p1a: Gliscor|45/100 tox|[from] ability: Poison Heal
|upkeep
|turn|11
|
|t:|1779677079
|move|p1a: Gliscor|Protect|p1a: Gliscor
|-singleturn|p1a: Gliscor|Protect
|move|p2a: Susie|Ice Spinner|p1a: Gliscor
|-activate|p1a: Gliscor|move: Protect
|
|-heal|p1a: Gliscor|57/100 tox|[from] ability: Poison Heal
|upkeep
|turn|12
|
|t:|1779677097
|switch|p1a: Dondozo|Dondozo, F|100/100
|move|p2a: Susie|Ice Spinner|p1a: Dondozo
|-resisted|p1a: Dondozo
|-damage|p1a: Dondozo|95/100
|
|upkeep
|turn|13
|
|t:|1779677105
|-end|p2a: Susie|Protosynthesis|[silent]
|switch|p2a: Berdly|Tornadus-Therian, M|100/100
|switch|p1a: Gliscor|Gliscor, M|57/100 tox
|-damage|p1a: Gliscor|45/100 tox|[from] Stealth Rock
|
|-heal|p1a: Gliscor|57/100 tox|[from] ability: Poison Heal
|upkeep
|turn|14
|
|t:|1779677135
|move|p1a: Gliscor|Protect|p1a: Gliscor
|-singleturn|p1a: Gliscor|Protect
|move|p2a: Berdly|Knock Off|p1a: Gliscor
|-activate|p1a: Gliscor|move: Protect
|
|-heal|p1a: Gliscor|70/100 tox|[from] ability: Poison Heal
|upkeep
|turn|15
|
|t:|1779677141
|move|p2a: Berdly|Bleakwind Storm|p1a: Gliscor
|-damage|p1a: Gliscor|14/100 tox
|-unboost|p1a: Gliscor|spe|1
|move|p1a: Gliscor|Knock Off|p2a: Berdly
|-crit|p2a: Berdly
|-damage|p2a: Berdly|56/100
|-enditem|p2a: Berdly|Heavy-Duty Boots|[from] move: Knock Off|[of] p1a: Gliscor
|
|-heal|p1a: Gliscor|27/100 tox|[from] ability: Poison Heal
|upkeep
|turn|16
|
|t:|1779677147
|move|p1a: Gliscor|Protect|p1a: Gliscor
|-singleturn|p1a: Gliscor|Protect
|move|p2a: Berdly|Bleakwind Storm|p1a: Gliscor
|-activate|p1a: Gliscor|move: Protect
|
|-heal|p1a: Gliscor|39/100 tox|[from] ability: Poison Heal
|upkeep
|turn|17
|
|t:|1779677152
|switch|p1a: Clefable|Clefable, M|100/100
|move|p2a: Berdly|Bleakwind Storm|p1a: Clefable
|-damage|p1a: Clefable|61/100
|
|upkeep
|turn|18
|
|t:|1779677160
|move|p2a: Berdly|Bleakwind Storm|p1a: Clefable
|-damage|p1a: Clefable|19/100
|move|p1a: Clefable|Wish|p1a: Clefable
|
|upkeep
|turn|19
|
|t:|1779677176
|move|p1a: Clefable|Protect|p1a: Clefable
|-singleturn|p1a: Clefable|Protect
|move|p2a: Berdly|U-turn|p1a: Clefable
|-activate|p1a: Clefable|move: Protect
|
|-heal|p1a: Clefable|69/100|[from] move: Wish|[wisher] Clefable
|upkeep
|turn|20
|
|t:|1779677182
|move|p2a: Berdly|U-turn|p1a: Clefable
|-resisted|p1a: Clefable
|-damage|p1a: Clefable|64/100
|
|t:|1779677184
|switch|p2a: Napstablook|Pecharunt|85/100|[from] U-turn
|move|p1a: Clefable|Wish|p1a: Clefable
|
|upkeep
|turn|21
|
|t:|1779677194
|switch|p2a: Hyper goner|Heatran, F|100/100
|move|p1a: Clefable|Protect||[still]
|-fail|p1a: Clefable
|
|-heal|p1a: Clefable|100/100|[from] move: Wish|[wisher] Clefable
|upkeep
|turn|22
|
|t:|1779677199
|switch|p1a: Blissey|Blissey, F|100/100
|move|p2a: Hyper goner|Taunt|p1a: Blissey
|-start|p1a: Blissey|move: Taunt
|
|upkeep
|turn|23
|
|t:|1779677203
|move|p2a: Hyper goner|Stealth Rock||[still]
|-fail|p2a: Hyper goner
|move|p1a: Blissey|Seismic Toss|p2a: Hyper goner
|-damage|p2a: Hyper goner|75/100
|
|-heal|p2a: Hyper goner|81/100|[from] item: Leftovers
|upkeep
|turn|24
|j| hgghgbc
|
|t:|1779677209
|move|p2a: Hyper goner|Magma Storm|p1a: Blissey
|-damage|p1a: Blissey|88/100
|-activate|p1a: Blissey|move: Magma Storm|[of] p2a: Hyper goner
|move|p1a: Blissey|Seismic Toss|p2a: Hyper goner
|-damage|p2a: Hyper goner|55/100
|
|-heal|p2a: Hyper goner|61/100|[from] item: Leftovers
|-damage|p1a: Blissey|76/100|[from] move: Magma Storm|[partiallytrapped]
|-end|p1a: Blissey|move: Taunt
|upkeep
|turn|25
|
|t:|1779677228
|switch|p2a: Napstablook|Pecharunt|85/100
|move|p1a: Blissey|Seismic Toss|p2a: Napstablook
|-immune|p2a: Napstablook
|
|-end|p1a: Blissey|Magma Storm|[partiallytrapped]|[silent]
|upkeep
|turn|26
|
|t:|1779677233
|switch|p1a: Toxapex|Toxapex, F|100/100
|move|p2a: Napstablook|Malignant Chain|p1a: Toxapex
|-resisted|p1a: Toxapex
|-damage|p1a: Toxapex|89/100
|
|upkeep
|turn|27
|
|t:|1779677240
|switch|p2a: Susie|Great Tusk|100/100
|switch|p1a: Blissey|Blissey, F|76/100
|
|upkeep
|turn|28
|
|t:|1779677244
|switch|p1a: Dondozo|Dondozo, F|95/100
|move|p2a: Susie|Close Combat|p1a: Dondozo
|-damage|p1a: Dondozo|64/100
|-unboost|p2a: Susie|def|1
|-unboost|p2a: Susie|spd|1
|
|upkeep
|turn|29
|
|t:|1779677251
|-end|p2a: Susie|Protosynthesis|[silent]
|switch|p2a: Kris|Samurott-Hisui, F|100/100
|switch|p1a: Gliscor|Gliscor, M|39/100 tox
|-damage|p1a: Gliscor|27/100 tox|[from] Stealth Rock
|
|-heal|p1a: Gliscor|39/100 tox|[from] ability: Poison Heal
|upkeep
|turn|30
|
|t:|1779677261
|move|p1a: Gliscor|Protect|p1a: Gliscor
|-singleturn|p1a: Gliscor|Protect
|move|p2a: Kris|Ceaseless Edge|p1a: Gliscor
|-activate|p1a: Gliscor|move: Protect
|
|-heal|p1a: Gliscor|52/100 tox|[from] ability: Poison Heal
|upkeep
|turn|31
|
|t:|1779677274
|switch|p1a: Clefable|Clefable, M|100/100
|move|p2a: Kris|Razor Shell|p1a: Clefable
|-damage|p1a: Clefable|64/100
|
|upkeep
|turn|32
|
|t:|1779677282
|switch|p2a: Hyper goner|Heatran, F|61/100
|move|p1a: Clefable|Wish|p1a: Clefable
|
|-heal|p2a: Hyper goner|67/100|[from] item: Leftovers
|upkeep
|turn|33
|
|t:|1779677288
|move|p1a: Clefable|Protect|p1a: Clefable
|-singleturn|p1a: Clefable|Protect
|move|p2a: Hyper goner|Taunt|p1a: Clefable
|-activate|p1a: Clefable|move: Protect
|
|-heal|p1a: Clefable|100/100|[from] move: Wish|[wisher] Clefable
|-heal|p2a: Hyper goner|74/100|[from] item: Leftovers
|upkeep
|turn|34
|
|t:|1779677296
|switch|p1a: Blissey|Blissey, F|76/100
|move|p2a: Hyper goner|Taunt|p1a: Blissey
|-start|p1a: Blissey|move: Taunt
|
|-heal|p2a: Hyper goner|80/100|[from] item: Leftovers
|upkeep
|turn|35
|l| hgghgbc
|
|t:|1779677324
|switch|p2a: Susie|Great Tusk|100/100
|move|p1a: Blissey|Seismic Toss|p2a: Susie
|-damage|p2a: Susie|74/100
|
|upkeep
|turn|36
|
|t:|1779677330
|switch|p1a: Toxapex|Toxapex, F|100/100
|move|p2a: Susie|Close Combat|p1a: Toxapex
|-resisted|p1a: Toxapex
|-damage|p1a: Toxapex|78/100
|-unboost|p2a: Susie|def|1
|-unboost|p2a: Susie|spd|1
|
|upkeep
|turn|37
|inactive|dsekop has 120 seconds left.
|
|t:|1779677372
|move|p1a: Toxapex|Baneful Bunker|p1a: Toxapex
|-singleturn|p1a: Toxapex|move: Protect
|move|p2a: Susie|Headlong Rush|p1a: Toxapex
|-activate|p1a: Toxapex|move: Protect
|-status|p2a: Susie|psn
|
|-damage|p2a: Susie|61/100 psn|[from] psn
|upkeep
|turn|38
|
|t:|1779677395
|-end|p2a: Susie|Protosynthesis|[silent]
|switch|p2a: Kris|Samurott-Hisui, F|100/100
|switch|p1a: Dondozo|Dondozo, F|64/100
|
|upkeep
|turn|39
|
|t:|1779677410
|switch|p1a: Clefable|Clefable, M|100/100
|move|p2a: Kris|Knock Off|p1a: Clefable
|-resisted|p1a: Clefable
|-damage|p1a: Clefable|90/100
|
|upkeep
|turn|40
|
|t:|1779677425
|switch|p2a: Hyper goner|Heatran, F|80/100
|move|p1a: Clefable|Moonblast|p2a: Hyper goner
|-resisted|p2a: Hyper goner
|-damage|p2a: Hyper goner|75/100
|
|-heal|p2a: Hyper goner|82/100|[from] item: Leftovers
|upkeep
|turn|41
|
|t:|1779677437
|move|p1a: Clefable|Protect|p1a: Clefable
|-singleturn|p1a: Clefable|Protect
|move|p2a: Hyper goner|Magma Storm|p1a: Clefable
|-activate|p1a: Clefable|move: Protect
|
|-heal|p2a: Hyper goner|88/100|[from] item: Leftovers
|upkeep
|turn|42
|
|t:|1779677441
|switch|p1a: Blissey|Blissey, F|76/100
|move|p2a: Hyper goner|Magma Storm|p1a: Blissey
|-damage|p1a: Blissey|62/100
|-activate|p1a: Blissey|move: Magma Storm|[of] p2a: Hyper goner
|
|-heal|p2a: Hyper goner|94/100|[from] item: Leftovers
|-damage|p1a: Blissey|50/100|[from] move: Magma Storm|[partiallytrapped]
|upkeep
|turn|43
|inactive|dsekop has 120 seconds left.
|
|t:|1779677451
|switch|p2a: Napstablook|Pecharunt|85/100
|move|p1a: Blissey|Seismic Toss|p2a: Napstablook
|-immune|p2a: Napstablook
|
|-end|p1a: Blissey|Magma Storm|[partiallytrapped]|[silent]
|upkeep
|turn|44
|
|t:|1779677457
|switch|p2a: Susie|Great Tusk|61/100 psn
|move|p1a: Blissey|Soft-Boiled|p1a: Blissey
|-heal|p1a: Blissey|99/100
|
|-damage|p2a: Susie|49/100 psn|[from] psn
|upkeep
|turn|45
|
|t:|1779677461
|switch|p1a: Dondozo|Dondozo, F|64/100
|move|p2a: Susie|Close Combat|p1a: Dondozo
|-damage|p1a: Dondozo|36/100
|-unboost|p2a: Susie|def|1
|-unboost|p2a: Susie|spd|1
|
|-damage|p2a: Susie|36/100 psn|[from] psn
|upkeep
|turn|46
|
|t:|1779677467
|-end|p2a: Susie|Protosynthesis|[silent]
|switch|p2a: Kris|Samurott-Hisui, F|100/100
|move|p1a: Dondozo|Rest|p1a: Dondozo
|-status|p1a: Dondozo|slp|[from] move: Rest
|-heal|p1a: Dondozo|100/100 slp|[silent]
|
|upkeep
|turn|47
|
|t:|1779677470
|switch|p1a: Clefable|Clefable, M|90/100
|move|p2a: Kris|Ceaseless Edge|p1a: Clefable
|-resisted|p1a: Clefable
|-damage|p1a: Clefable|74/100
|-sidestart|p1: dsekop|Spikes
|
|upkeep
|turn|48
|
|t:|1779677476
|switch|p2a: Napstablook|Pecharunt|85/100
|move|p1a: Clefable|Wish|p1a: Clefable
|
|upkeep
|turn|49
|
|t:|1779677479
|switch|p1a: Gliscor|Gliscor, M|52/100 tox
|-damage|p1a: Gliscor|39/100 tox|[from] Stealth Rock
|move|p2a: Napstablook|Malignant Chain|p1a: Gliscor
|-resisted|p1a: Gliscor
|-damage|p1a: Gliscor|20/100 tox
|
|-heal|p1a: Gliscor|76/100 tox|[from] move: Wish|[wisher] Clefable
|-heal|p1a: Gliscor|88/100 tox|[from] ability: Poison Heal
|upkeep
|turn|50
|
|t:|1779677486
|switch|p2a: Berdly|Tornadus-Therian, M|89/100
|move|p1a: Gliscor|Spikes|p2a: Berdly
|-sidestart|p2: MadHaven|Spikes
|
|-heal|p1a: Gliscor|100/100 tox|[from] ability: Poison Heal
|-damage|p2a: Berdly|77/100|[from] item: Sticky Barb
|upkeep
|turn|51
|
|t:|1779677492
|move|p2a: Berdly|Bleakwind Storm|p1a: Gliscor
|-damage|p1a: Gliscor|41/100 tox
|move|p1a: Gliscor|Spikes|p2a: Berdly
|-sidestart|p2: MadHaven|Spikes
|
|-heal|p1a: Gliscor|53/100 tox|[from] ability: Poison Heal
|-damage|p2a: Berdly|64/100|[from] item: Sticky Barb
|upkeep
|turn|52
|
|t:|1779677502
|move|p1a: Gliscor|Protect|p1a: Gliscor
|-singleturn|p1a: Gliscor|Protect
|move|p2a: Berdly|Knock Off|p1a: Gliscor
|-activate|p1a: Gliscor|move: Protect
|
|-heal|p1a: Gliscor|66/100 tox|[from] ability: Poison Heal
|-damage|p2a: Berdly|52/100|[from] item: Sticky Barb
|upkeep
|turn|53
|
|t:|1779677507
|switch|p1a: Clefable|Clefable, M|74/100
|move|p2a: Berdly|Bleakwind Storm|p1a: Clefable
|-crit|p1a: Clefable
|-damage|p1a: Clefable|9/100
|-unboost|p1a: Clefable|spe|1
|
|-damage|p2a: Berdly|40/100|[from] item: Sticky Barb
|upkeep
|turn|54
|
|t:|1779677519
|switch|p2a: Napstablook|Pecharunt|85/100
|move|p1a: Clefable|Protect||[still]
|-fail|p1a: Clefable
|
|upkeep
|turn|55
|
|t:|1779677529
|switch|p1a: Komala|Komala, M|100/100
|-ability|p1a: Komala|Comatose
|move|p2a: Napstablook|Foul Play|p1a: Komala
|-damage|p1a: Komala|76/100
|
|upkeep
|turn|56
|
|t:|1779677538
|switch|p2a: Kris|Samurott-Hisui, F|100/100
|-damage|p2a: Kris|84/100|[from] Spikes
|move|p1a: Komala|Rapid Spin|p2a: Kris
|-damage|p2a: Kris|63/100
|-boost|p1a: Komala|spe|1
|-sideend|p1: dsekop|Spikes|[from] move: Rapid Spin|[of] p1a: Komala
|-sideend|p1: dsekop|Stealth Rock|[from] move: Rapid Spin|[of] p1a: Komala
|
|upkeep
|turn|57
|
|t:|1779677546
|move|p1a: Komala|Protect|p1a: Komala
|-singleturn|p1a: Komala|Protect
|move|p2a: Kris|Knock Off|p1a: Komala
|-activate|p1a: Komala|move: Protect
|
|upkeep
|turn|58
|
|t:|1779677552
|switch|p1a: Toxapex|Toxapex, F|100/100
|move|p2a: Kris|Ceaseless Edge|p1a: Toxapex
|-damage|p1a: Toxapex|74/100
|-sidestart|p1: dsekop|Spikes
|
|upkeep
|turn|59
|
|t:|1779677559
|move|p2a: Kris|Ceaseless Edge|p1a: Toxapex
|-damage|p1a: Toxapex|48/100
|-sidestart|p1: dsekop|Spikes
|move|p1a: Toxapex|Toxic|p2a: Kris
|-status|p2a: Kris|tox
|
|-damage|p2a: Kris|57/100 tox|[from] psn
|upkeep
|turn|60
|
|t:|1779677576
|move|p1a: Toxapex|Baneful Bunker|p1a: Toxapex
|-singleturn|p1a: Toxapex|move: Protect
|move|p2a: Kris|Knock Off|p1a: Toxapex
|-activate|p1a: Toxapex|move: Protect
|
|-damage|p2a: Kris|45/100 tox|[from] psn
|upkeep
|turn|61
|
|t:|1779677581
|switch|p1a: Gliscor|Gliscor, M|66/100 tox
|move|p2a: Kris|Knock Off|p1a: Gliscor
|-damage|p1a: Gliscor|40/100 tox
|-enditem|p1a: Gliscor|Toxic Orb|[from] move: Knock Off|[of] p2a: Kris
|
|-heal|p1a: Gliscor|52/100 tox|[from] ability: Poison Heal
|-damage|p2a: Kris|27/100 tox|[from] psn
|upkeep
|turn|62
|
|t:|1779677587
|move|p1a: Gliscor|Protect|p1a: Gliscor
|-singleturn|p1a: Gliscor|Protect
|move|p2a: Kris|Razor Shell|p1a: Gliscor
|-activate|p1a: Gliscor|move: Protect
|
|-heal|p1a: Gliscor|65/100 tox|[from] ability: Poison Heal
|-damage|p2a: Kris|3/100 tox|[from] psn
|upkeep
|turn|63
|
|t:|1779677599
|switch|p1a: Clefable|Clefable, M|9/100
|switch|p2a: Berdly|Tornadus-Therian, M|73/100
|
|-damage|p2a: Berdly|60/100|[from] item: Sticky Barb
|upkeep
|turn|64
|
|t:|1779677620
|move|p1a: Clefable|Protect|p1a: Clefable
|-singleturn|p1a: Clefable|Protect
|move|p2a: Berdly|Heat Wave|p1a: Clefable
|-activate|p1a: Clefable|move: Protect
|
|-damage|p2a: Berdly|48/100|[from] item: Sticky Barb
|upkeep
|turn|65
|
|t:|1779677625
|move|p2a: Berdly|Heat Wave|p1a: Clefable
|-damage|p1a: Clefable|0 fnt
|faint|p1a: Clefable
|
|-damage|p2a: Berdly|36/100|[from] item: Sticky Barb
|upkeep
|
|t:|1779677631
|switch|p1a: Komala|Komala, M|76/100
|-ability|p1a: Komala|Comatose
|turn|66
|
|t:|1779677638
|switch|p2a: Napstablook|Pecharunt|85/100
|move|p1a: Komala|Rapid Spin|p2a: Napstablook
|-immune|p2a: Napstablook
|
|upkeep
|turn|67
|
|t:|1779677648
|move|p2a: Napstablook|Foul Play|p1a: Komala
|-damage|p1a: Komala|50/100
|move|p1a: Komala|Wish|p1a: Komala
|
|upkeep
|turn|68
|
|t:|1779677654
|move|p2a: Napstablook|Foul Play|p1a: Komala
|-damage|p1a: Komala|23/100
|move|p1a: Komala|Rapid Spin|p2a: Napstablook
|-immune|p2a: Napstablook
|
|-heal|p1a: Komala|73/100|[from] move: Wish|[wisher] Komala
|upkeep
|turn|69
|
|t:|1779677659
|move|p2a: Napstablook|Foul Play|p1a: Komala
|-damage|p1a: Komala|47/100
|move|p1a: Komala|Wish|p1a: Komala
|
|upkeep
|turn|70
|
|t:|1779677664
|move|p2a: Napstablook|Malignant Chain|p1a: Komala
|-damage|p1a: Komala|16/100
|move|p1a: Komala|Knock Off|p2a: Napstablook
|-supereffective|p2a: Napstablook
|-damage|p2a: Napstablook|59/100
|-enditem|p2a: Napstablook|Heavy-Duty Boots|[from] move: Knock Off|[of] p1a: Komala
|
|-heal|p1a: Komala|66/100|[from] move: Wish|[wisher] Komala
|upkeep
|turn|71
|
|t:|1779677671
|move|p2a: Napstablook|Foul Play|p1a: Komala
|-damage|p1a: Komala|39/100
|move|p1a: Komala|Wish|p1a: Komala
|
|upkeep
|turn|72
|
|t:|1779677676
|move|p2a: Napstablook|Foul Play|p1a: Komala
|-damage|p1a: Komala|12/100
|move|p1a: Komala|Rapid Spin|p2a: Napstablook
|-immune|p2a: Napstablook
|
|-heal|p1a: Komala|62/100|[from] move: Wish|[wisher] Komala
|upkeep
|turn|73
|
|t:|1779677683
|move|p2a: Napstablook|Foul Play|p1a: Komala
|-damage|p1a: Komala|37/100
|move|p1a: Komala|Wish|p1a: Komala
|
|upkeep
|turn|74
|
|t:|1779677688
|move|p1a: Komala|Protect|p1a: Komala
|-singleturn|p1a: Komala|Protect
|move|p2a: Napstablook|Foul Play|p1a: Komala
|-activate|p1a: Komala|move: Protect
|
|-heal|p1a: Komala|87/100|[from] move: Wish|[wisher] Komala
|upkeep
|turn|75
|
|t:|1779677700
|move|p2a: Napstablook|Foul Play|p1a: Komala
|-damage|p1a: Komala|61/100
|move|p1a: Komala|Wish|p1a: Komala
|
|upkeep
|turn|76
|
|t:|1779677705
|move|p2a: Napstablook|Foul Play|p1a: Komala
|-damage|p1a: Komala|34/100
|move|p1a: Komala|Rapid Spin|p2a: Napstablook
|-immune|p2a: Napstablook
|
|-heal|p1a: Komala|84/100|[from] move: Wish|[wisher] Komala
|upkeep
|turn|77
|
|t:|1779677717
|move|p1a: Komala|Protect|p1a: Komala
|-singleturn|p1a: Komala|Protect
|move|p2a: Napstablook|Recover|p2a: Napstablook
|-heal|p2a: Napstablook|100/100
|
|upkeep
|turn|78
|
|t:|1779677724
|move|p2a: Napstablook|Foul Play|p1a: Komala
|-damage|p1a: Komala|60/100
|move|p1a: Komala|Wish|p1a: Komala
|
|upkeep
|turn|79
|
|t:|1779677728
|move|p2a: Napstablook|Foul Play|p1a: Komala
|-damage|p1a: Komala|36/100
|move|p1a: Komala|Rapid Spin|p2a: Napstablook
|-immune|p2a: Napstablook
|
|-heal|p1a: Komala|86/100|[from] move: Wish|[wisher] Komala
|upkeep
|turn|80
|
|t:|1779677739
|move|p2a: Napstablook|Foul Play|p1a: Komala
|-damage|p1a: Komala|61/100
|move|p1a: Komala|Wish|p1a: Komala
|
|upkeep
|turn|81
|
|t:|1779677747
|move|p1a: Komala|Protect|p1a: Komala
|-singleturn|p1a: Komala|Protect
|move|p2a: Napstablook|Foul Play|p1a: Komala
|-activate|p1a: Komala|move: Protect
|
|-heal|p1a: Komala|100/100|[from] move: Wish|[wisher] Komala
|upkeep
|turn|82
|
|t:|1779677751
|move|p2a: Napstablook|Foul Play|p1a: Komala
|-damage|p1a: Komala|77/100
|move|p1a: Komala|Wish|p1a: Komala
|
|upkeep
|turn|83
|
|t:|1779677762
|switch|p1a: Gliscor|Gliscor, M|65/100 tox
|move|p2a: Napstablook|Foul Play|p1a: Gliscor
|-damage|p1a: Gliscor|52/100 tox
|
|-heal|p1a: Gliscor|99/100 tox|[from] move: Wish|[wisher] Komala
|-heal|p1a: Gliscor|100/100 tox|[from] ability: Poison Heal
|upkeep
|turn|84
|
|t:|1779677775
|move|p1a: Gliscor|Spikes|p2a: Napstablook
|-sidestart|p2: MadHaven|Spikes
|move|p2a: Napstablook|Parting Shot|p1a: Gliscor
|-unboost|p1a: Gliscor|atk|1
|-unboost|p1a: Gliscor|spa|1
|
|t:|1779677781
|switch|p2a: Susie|Great Tusk|36/100 psn|[from] Parting Shot
|
|-damage|p2a: Susie|24/100 psn|[from] psn
|upkeep
|turn|85
|
|t:|1779677786
|move|p1a: Gliscor|Protect|p1a: Gliscor
|-singleturn|p1a: Gliscor|Protect
|move|p2a: Susie|Rapid Spin|p1a: Gliscor
|-activate|p1a: Gliscor|move: Protect
|
|-damage|p2a: Susie|12/100 psn|[from] psn
|upkeep
|turn|86
|
|t:|1779677792
|move|p2a: Susie|Ice Spinner|p1a: Gliscor
|-supereffective|p1a: Gliscor
|-damage|p1a: Gliscor|31/100 tox
|move|p1a: Gliscor|Spikes||[still]
|-fail|p1a: Gliscor
|
|-damage|p2a: Susie|0 fnt|[from] psn
|faint|p2a: Susie
|-end|p2a: Susie|Protosynthesis|[silent]
|-heal|p1a: Gliscor|44/100 tox|[from] ability: Poison Heal
|upkeep
|
|t:|1779677805
|switch|p2a: Berdly|Tornadus-Therian, M|69/100
|turn|87
|
|t:|1779677812
|switch|p2a: Ralsei|Clefable, M|93/100
|move|p1a: Gliscor|Protect||[still]
|-fail|p1a: Gliscor
|
|-heal|p1a: Gliscor|56/100 tox|[from] ability: Poison Heal
|upkeep
|turn|88
|
|t:|1779677818
|switch|p1a: Toxapex|Toxapex, F|81/100
|move|p2a: Ralsei|Calm Mind|p2a: Ralsei
|-boost|p2a: Ralsei|spa|1
|-boost|p2a: Ralsei|spd|1
|
|upkeep
|turn|89
|
|t:|1779677823
|move|p2a: Ralsei|Moonblast|p1a: Toxapex
|-resisted|p1a: Toxapex
|-damage|p1a: Toxapex|62/100
|-unboost|p1a: Toxapex|spa|1
|move|p1a: Toxapex|Haze|p1a: Toxapex
|-clearallboost
|
|upkeep
|turn|90
|
|t:|1779677827
|switch|p1a: Komala|Komala, M|77/100
|-ability|p1a: Komala|Comatose
|move|p2a: Ralsei|Moonblast|p1a: Komala
|-crit|p1a: Komala
|-damage|p1a: Komala|33/100
|
|upkeep
|turn|91
|
|t:|1779677834
|move|p1a: Komala|Wish|p1a: Komala
|move|p2a: Ralsei|Moonblast|p1a: Komala
|-damage|p1a: Komala|0 fnt
|faint|p1a: Komala
|
|upkeep
|
|t:|1779677839
|switch|p1a: Gliscor|Gliscor, M|56/100 tox
|turn|92
|-message|dsekop forfeited.
|
|win|MadHaven
|raw|dsekop's rating: 1543 &rarr; <strong>1519</strong><br />(-24 for losing)
|raw|MadHaven's rating: 1466 &rarr; <strong>1490</strong><br />(+24 for winning)
|l|☆dsekop
|player|p1|
|l|☆MadHaven
|player|p2|
