|j|☆Pokemon blodown
|j|☆pede207
|t:|1779719186
|gametype|singles
|player|p1|Pokemon blodown|170|1161
|player|p2|pede207|266|1174
|gen|9
|tier|[Gen 9] OU
|rated|
|rule|HP Percentage Mod: HP is shown in percentages
|rule|Endless Battle Clause: Forcing endless battles is banned
|rule|Species Clause: Limit one of each Pokémon
|rule|OHKO Clause: OHKO moves are banned
|rule|Evasion Items Clause: Evasion items are banned
|rule|Evasion Moves Clause: Evasion moves are banned
|rule|Evasion Abilities Clause: Evasion abilities are banned
|rule|Sleep Moves Clause: Sleep-inducing moves are banned
|clearpoke
|poke|p1|Iron Treads|
|poke|p1|Basculegion-F, F|
|poke|p1|Moltres|
|poke|p1|Kommo-o, F|
|poke|p1|Hitmontop, M|
|poke|p1|Muk-Alola, F|
|poke|p2|Moltres-Galar|
|poke|p2|Gholdengo|
|poke|p2|Samurott-Hisui, F|
|poke|p2|Smeargle, M|
|poke|p2|Zamazenta-*|
|poke|p2|Deoxys-Speed|
|teampreview
|inactive|Battle timer is ON: inactive players will automatically lose when time's up. (requested by Pokemon blodown)
|
|t:|1779719192
|teamsize|p1|6
|teamsize|p2|6
|start
|switch|p1a: Iron Treads|Iron Treads|100/100
|switch|p2a: Gholdengo|Gholdengo|100/100
|turn|1
|
|t:|1779719198
|move|p2a: Gholdengo|Trick|p1a: Iron Treads
|-activate|p2a: Gholdengo|move: Trick|[of] p1a: Iron Treads
|-item|p1a: Iron Treads|Choice Scarf|[from] move: Trick
|-item|p2a: Gholdengo|Leftovers|[from] move: Trick
|move|p1a: Iron Treads|Knock Off|p2a: Gholdengo
|-supereffective|p2a: Gholdengo
|-damage|p2a: Gholdengo|46/100
|-enditem|p2a: Gholdengo|Leftovers|[from] move: Knock Off|[of] p1a: Iron Treads
|
|upkeep
|turn|2
|
|t:|1779719214
|switch|p2a: Zamazenta|Zamazenta|100/100
|-ability|p2a: Zamazenta|Dauntless Shield|boost
|-boost|p2a: Zamazenta|def|1
|move|p1a: Iron Treads|Knock Off|p2a: Zamazenta
|-resisted|p2a: Zamazenta
|-damage|p2a: Zamazenta|94/100
|-enditem|p2a: Zamazenta|Leftovers|[from] move: Knock Off|[of] p1a: Iron Treads
|
|upkeep
|turn|3
|
|t:|1779719229
|-end|p1a: Iron Treads|Quark Drive|[silent]
|switch|p1a: Moltres|Moltres|100/100
|move|p2a: Zamazenta|Iron Defense|p2a: Zamazenta
|-boost|p2a: Zamazenta|def|2
|
|upkeep
|turn|4
|
|t:|1779719238
|move|p2a: Zamazenta|Body Press|p1a: Moltres
|-resisted|p1a: Moltres
|-damage|p1a: Moltres|65/100
|-status|p2a: Zamazenta|brn|[from] ability: Flame Body|[of] p1a: Moltres
|move|p1a: Moltres|Hurricane|p2a: Zamazenta
|-supereffective|p2a: Zamazenta
|-damage|p2a: Zamazenta|5/100 brn
|
|-damage|p2a: Zamazenta|0 fnt|[from] brn
|faint|p2a: Zamazenta
|upkeep
|
|t:|1779719242
|switch|p2a: Moltres|Moltres-Galar|100/100
|turn|5
|
|t:|1779719254
|move|p2a: Moltres|Agility|p2a: Moltres
|-boost|p2a: Moltres|spe|2
|move|p1a: Moltres|Fire Blast|p2a: Moltres
|-damage|p2a: Moltres|63/100
|
|upkeep
|turn|6
|
|t:|1779719263
|move|p2a: Moltres|Nasty Plot|p2a: Moltres
|-boost|p2a: Moltres|spa|2
|move|p1a: Moltres|Fire Blast|p2a: Moltres
|-damage|p2a: Moltres|19/100
|-status|p2a: Moltres|brn
|-ability|p2a: Moltres|Berserk|boost
|-boost|p2a: Moltres|spa|1
|-enditem|p2a: Moltres|Sitrus Berry|[eat]
|-heal|p2a: Moltres|44/100 brn|[from] item: Sitrus Berry
|
|-damage|p2a: Moltres|38/100 brn|[from] brn
|upkeep
|turn|7
|
|t:|1779719275
|move|p2a: Moltres|Fiery Wrath|p1a: Moltres
|-damage|p1a: Moltres|0 fnt
|faint|p1a: Moltres
|
|-damage|p2a: Moltres|32/100 brn|[from] brn
|upkeep
|
|t:|1779719279
|switch|p1a: Kommo-o|Kommo-o, F|100/100
|turn|8
|
|t:|1779719287
|move|p2a: Moltres|Hurricane|p1a: Kommo-o
|-supereffective|p1a: Kommo-o
|-damage|p1a: Kommo-o|0 fnt
|faint|p1a: Kommo-o
|
|-damage|p2a: Moltres|25/100 brn|[from] brn
|upkeep
|
|t:|1779719290
|switch|p1a: Hitmontop|Hitmontop, M|100/100
|turn|9
|
|t:|1779719295
|move|p1a: Hitmontop|Fake Out|p2a: Moltres
|-damage|p2a: Moltres|9/100 brn
|cant|p2a: Moltres|flinch
|
|-damage|p2a: Moltres|3/100 brn|[from] brn
|upkeep
|turn|10
|
|t:|1779719300
|move|p1a: Hitmontop|Mach Punch|p2a: Moltres
|-damage|p2a: Moltres|0 fnt
|faint|p2a: Moltres
|
|upkeep
|
|t:|1779719305
|switch|p2a: Gholdengo|Gholdengo|46/100
|turn|11
|
|t:|1779719318
|switch|p1a: Basculegion|Basculegion-F, F|100/100
|move|p2a: Gholdengo|Trick|p1a: Basculegion
|-activate|p2a: Gholdengo|move: Trick|[of] p1a: Basculegion
|-enditem|p1a: Basculegion|Choice Scarf|[silent]|[from] move: Trick
|-item|p2a: Gholdengo|Choice Scarf|[from] move: Trick
|
|upkeep
|turn|12
|
|t:|1779719331
|move|p2a: Gholdengo|Shadow Ball|p1a: Basculegion
|-supereffective|p1a: Basculegion
|-damage|p1a: Basculegion|9/100
|move|p1a: Basculegion|Shadow Ball|p2a: Gholdengo
|-supereffective|p2a: Gholdengo
|-damage|p2a: Gholdengo|0 fnt
|faint|p2a: Gholdengo
|
|upkeep
|
|t:|1779719337
|switch|p2a: Samurott|Samurott-Hisui, F|100/100
|turn|13
|
|t:|1779719349
|move|p2a: Samurott|Ceaseless Edge|p1a: Basculegion
|-supereffective|p1a: Basculegion
|-damage|p1a: Basculegion|0 fnt
|-sidestart|p1: Pokemon blodown|Spikes
|faint|p1a: Basculegion
|
|upkeep
|
|t:|1779719366
|switch|p1a: Muk|Muk-Alola, F|100/100
|-damage|p1a: Muk|88/100|[from] Spikes
|turn|14
|inactive|pede207 has 120 seconds left.
|
|t:|1779719400
|move|p2a: Samurott|Razor Shell|p1a: Muk
|-crit|p1a: Muk
|-damage|p1a: Muk|14/100
|move|p1a: Muk|Curse|p1a: Muk
|-unboost|p1a: Muk|spe|1
|-boost|p1a: Muk|atk|1
|-boost|p1a: Muk|def|1
|
|-heal|p1a: Muk|20/100|[from] item: Leftovers
|upkeep
|turn|15
|
|t:|1779719406
|move|p2a: Samurott|Razor Shell|p1a: Muk
|-damage|p1a: Muk|0 fnt
|faint|p1a: Muk
|
|upkeep
|
|t:|1779719408
|switch|p1a: Iron Treads|Iron Treads|100/100
|-damage|p1a: Iron Treads|88/100|[from] Spikes
|turn|16
|
|t:|1779719416
|move|p1a: Iron Treads|Rapid Spin|p2a: Samurott
|-damage|p2a: Samurott|84/100
|-boost|p1a: Iron Treads|spe|1
|-sideend|p1: Pokemon blodown|Spikes|[from] move: Rapid Spin|[of] p1a: Iron Treads
|move|p2a: Samurott|Razor Shell|p1a: Iron Treads
|-supereffective|p1a: Iron Treads
|-damage|p1a: Iron Treads|33/100
|
|upkeep
|turn|17
|
|t:|1779719422
|move|p1a: Iron Treads|Rapid Spin|p2a: Samurott
|-damage|p2a: Samurott|66/100
|-boost|p1a: Iron Treads|spe|1
|move|p2a: Samurott|Razor Shell|p1a: Iron Treads
|-supereffective|p1a: Iron Treads
|-damage|p1a: Iron Treads|0 fnt
|faint|p1a: Iron Treads
|-end|p1a: Iron Treads|Quark Drive|[silent]
|
|upkeep
|
|t:|1779719424
|switch|p1a: Hitmontop|Hitmontop, M|100/100
|turn|18
|
|t:|1779719430
|-terastallize|p2a: Samurott|Poison
|move|p1a: Hitmontop|Fake Out|p2a: Samurott
|-damage|p2a: Samurott|46/100
|cant|p2a: Samurott|flinch
|
|upkeep
|turn|19
|
|t:|1779719437
|move|p2a: Samurott|Razor Shell|p1a: Hitmontop
|-damage|p1a: Hitmontop|50/100
|-unboost|p1a: Hitmontop|def|1
|move|p1a: Hitmontop|Triple Axel|p2a: Samurott
|-crit|p2a: Samurott
|-damage|p2a: Samurott|31/100
|-damage|p2a: Samurott|13/100
|-damage|p2a: Samurott|0 fnt
|faint|p2a: Samurott
|-hitcount|p2: Samurott|3
|
|upkeep
|
|t:|1779719451
|switch|p2a: Deoxys|Deoxys-Speed|100/100
|-ability|p2a: Deoxys|Pressure
|turn|20
|
|t:|1779719455
|-terastallize|p1a: Hitmontop|Steel
|move|p2a: Deoxys|Psycho Boost|p1a: Hitmontop
|-resisted|p1a: Hitmontop
|-damage|p1a: Hitmontop|35/100
|-unboost|p2a: Deoxys|spa|2
|move|p1a: Hitmontop|Triple Axel|p2a: Deoxys
|-damage|p2a: Deoxys|92/100
|-damage|p2a: Deoxys|75/100
|-damage|p2a: Deoxys|47/100
|-hitcount|p2a: Deoxys|3
|
|upkeep
|turn|21
|
|t:|1779719466
|move|p1a: Hitmontop|Bullet Punch|p2a: Deoxys
|-damage|p2a: Deoxys|20/100
|move|p2a: Deoxys|Reflect|p2a: Deoxys
|-sidestart|p2: pede207|Reflect
|
|upkeep
|turn|22
|
|t:|1779719469
|move|p1a: Hitmontop|Bullet Punch|p2a: Deoxys
|-damage|p2a: Deoxys|6/100
|move|p2a: Deoxys|Psycho Boost|p1a: Hitmontop
|-resisted|p1a: Hitmontop
|-damage|p1a: Hitmontop|27/100
|-unboost|p2a: Deoxys|spa|2
|
|upkeep
|turn|23
|
|t:|1779719481
|move|p1a: Hitmontop|Bullet Punch|p2a: Deoxys
|-crit|p2a: Deoxys
|-damage|p2a: Deoxys|0 fnt
|faint|p2a: Deoxys
|
|upkeep
|
|t:|1779719483
|switch|p2a: Smeargle|Smeargle, M|100/100
|turn|24
|
|t:|1779719492
|move|p1a: Hitmontop|Mach Punch|p2a: Smeargle
|-supereffective|p2a: Smeargle
|-damage|p2a: Smeargle|51/100
|move|p2a: Smeargle|No Retreat|p2a: Smeargle
|-boost|p2a: Smeargle|atk|1
|-boost|p2a: Smeargle|def|1
|-boost|p2a: Smeargle|spa|1
|-boost|p2a: Smeargle|spd|1
|-boost|p2a: Smeargle|spe|1
|-start|p2a: Smeargle|move: No Retreat
|
|upkeep
|turn|25
|
|t:|1779719500
|move|p1a: Hitmontop|Mach Punch|p2a: Smeargle
|-supereffective|p2a: Smeargle
|-damage|p2a: Smeargle|17/100
|move|p2a: Smeargle|Power Trip|p1a: Hitmontop
|-damage|p1a: Hitmontop|0 fnt
|faint|p1a: Hitmontop
|
|win|pede207
|raw|Pokemon blodown's rating: 1161 &rarr; <strong>1137</strong><br />(-24 for losing)
|raw|pede207's rating: 1174 &rarr; <strong>1198</strong><br />(+24 for winning)
|l|☆Pokemon blodown
|player|p1|
|l|☆pede207
|player|p2|
