|j|☆gvgvjvfcgv
|j|☆excivemaster
|t:|1779670830
|gametype|singles
|player|p1|gvgvjvfcgv|170|1131
|player|p2|excivemaster|101|1109
|gen|9
|tier|[Gen 9] OU
|rated|
|rule|HP Percentage Mod: HP is shown in percentages
|rule|Endless Battle Clause: Forcing endless battles is banned
|rule|Species Clause: Limit one of each Pokémon
|rule|OHKO Clause: OHKO moves are banned
|rule|Evasion Items Clause: Evasion items are banned
|rule|Evasion Moves Clause: Evasion moves are banned
|rule|Evasion Abilities Clause: Evasion abilities are banned
|rule|Sleep Moves Clause: Sleep-inducing moves are banned
|clearpoke
|poke|p1|Dragonite, M|
|poke|p1|Clefable, F|
|poke|p1|Moltres|
|poke|p1|Haunter, M|
|poke|p1|Gengar, F|
|poke|p1|Weavile, F|
|poke|p2|Clodsire, M|
|poke|p2|Cinderace, F|
|poke|p2|Glimmora, M|
|poke|p2|Quagsire, M|
|poke|p2|Tsareena, F|
|poke|p2|Carbink|
|teampreview
|inactive|Battle timer is ON: inactive players will automatically lose when time's up. (requested by gvgvjvfcgv)
|
|t:|1779670858
|teamsize|p1|6
|teamsize|p2|6
|start
|switch|p1a: Lil bro|Haunter, M|100/100
|switch|p2a: Glimmora|Glimmora, M|100/100
|turn|1
|
|t:|1779670868
|move|p1a: Lil bro|Taunt|p2a: Glimmora
|-start|p2a: Glimmora|move: Taunt
|move|p2a: Glimmora|Flash Cannon|p1a: Lil bro
|-damage|p1a: Lil bro|31/100
|
|upkeep
|turn|2
|
|t:|1779670874
|move|p1a: Lil bro|Destiny Bond|p1a: Lil bro
|-singlemove|p1a: Lil bro|Destiny Bond
|move|p2a: Glimmora|Flash Cannon|p1a: Lil bro
|-damage|p1a: Lil bro|0 fnt
|faint|p1a: Lil bro
|-activate|p1a: Lil bro|move: Destiny Bond
|faint|p2a: Glimmora
|
|upkeep
|
|t:|1779670883
|switch|p1a: Big bro|Gengar, F|100/100
|switch|p2a: Quagsire|Quagsire, M|100/100
|turn|3
|
|t:|1779670888
|move|p1a: Big bro|Trick|p2a: Quagsire
|-activate|p1a: Big bro|move: Trick|[of] p2a: Quagsire
|-item|p2a: Quagsire|Choice Scarf|[from] move: Trick
|-item|p1a: Big bro|Leftovers|[from] move: Trick
|move|p2a: Quagsire|Stockpile|p2a: Quagsire
|-start|p2a: Quagsire|stockpile1
|-boost|p2a: Quagsire|def|1
|-boost|p2a: Quagsire|spd|1
|
|upkeep
|turn|4
|
|t:|1779670901
|switch|p1a: Weavile|Weavile, F|100/100
|-ability|p1a: Weavile|Pressure
|switch|p2a: Clodsire|Clodsire, M|100/100
|
|upkeep
|turn|5
|
|t:|1779670922
|move|p1a: Weavile|Triple Axel|p2a: Clodsire
|-supereffective|p2a: Clodsire
|-damage|p2a: Clodsire|75/100
|-supereffective|p2a: Clodsire
|-damage|p2a: Clodsire|30/100
|-supereffective|p2a: Clodsire
|-damage|p2a: Clodsire|0 fnt
|faint|p2a: Clodsire
|-hitcount|p2: Clodsire|3
|
|upkeep
|
|t:|1779670925
|switch|p2a: Cinderace|Cinderace, F|100/100
|turn|6
|
|t:|1779670934
|switch|p1a: Moltres|Moltres|100/100
|move|p2a: Cinderace|Pyro Ball|p1a: Moltres
|-resisted|p1a: Moltres
|-damage|p1a: Moltres|80/100
|
|upkeep
|turn|7
|
|t:|1779670942
|switch|p2a: Tsareena|Tsareena, F|100/100
|move|p1a: Moltres|Flamethrower|p2a: Tsareena
|-supereffective|p2a: Tsareena
|-damage|p2a: Tsareena|10/100
|-enditem|p2a: Tsareena|Weakness Policy
|-boost|p2a: Tsareena|atk|2|[from] item: Weakness Policy
|-boost|p2a: Tsareena|spa|2|[from] item: Weakness Policy
|
|upkeep
|turn|8
|
|t:|1779670957
|move|p2a: Tsareena|Knock Off|p1a: Moltres
|-damage|p1a: Moltres|38/100
|-enditem|p1a: Moltres|Heavy-Duty Boots|[from] move: Knock Off|[of] p2a: Tsareena
|move|p1a: Moltres|Flamethrower|p2a: Tsareena
|-supereffective|p2a: Tsareena
|-damage|p2a: Tsareena|0 fnt
|faint|p2a: Tsareena
|
|upkeep
|
|t:|1779670968
|switch|p2a: Carbink|Carbink|100/100
|turn|9
|
|t:|1779670973
|move|p1a: Moltres|Will-O-Wisp|p2a: Carbink
|-status|p2a: Carbink|brn
|move|p2a: Carbink|Calm Mind|p2a: Carbink
|-boost|p2a: Carbink|spa|1
|-boost|p2a: Carbink|spd|1
|
|-damage|p2a: Carbink|95/100 brn|[from] brn
|upkeep
|turn|10
|
|t:|1779670982
|move|p2a: Carbink|Iron Defense|p2a: Carbink
|-boost|p2a: Carbink|def|2
|move|p1a: Moltres|Roar|p2a: Carbink
|drag|p2a: Quagsire|Quagsire, M|100/100
|
|upkeep
|turn|11
|
|t:|1779670988
|move|p1a: Moltres|Will-O-Wisp|p2a: Quagsire
|-status|p2a: Quagsire|brn
|move|p2a: Quagsire|Spikes|p1a: Moltres
|-sidestart|p1: gvgvjvfcgv|Spikes
|
|-damage|p2a: Quagsire|94/100 brn|[from] brn
|upkeep
|turn|12
|
|t:|1779670995
|switch|p1a: Dragonite|Dragonite, M|100/100
|move|p2a: Quagsire|Spikes|p1a: Dragonite
|-sidestart|p1: gvgvjvfcgv|Spikes
|
|-damage|p2a: Quagsire|88/100 brn|[from] brn
|upkeep
|turn|13
|
|t:|1779671002
|switch|p2a: Cinderace|Cinderace, F|100/100
|move|p1a: Dragonite|Dragon Dance|p1a: Dragonite
|-boost|p1a: Dragonite|atk|1
|-boost|p1a: Dragonite|spe|1
|
|upkeep
|turn|14
|
|t:|1779671008
|move|p1a: Dragonite|Earthquake|p2a: Cinderace
|-supereffective|p2a: Cinderace
|-damage|p2a: Cinderace|0 fnt
|faint|p2a: Cinderace
|
|upkeep
|
|t:|1779671011
|switch|p2a: Carbink|Carbink|95/100 brn
|turn|15
|
|t:|1779671016
|move|p1a: Dragonite|Earthquake|p2a: Carbink
|-supereffective|p2a: Carbink
|-damage|p2a: Carbink|1/100 brn
|move|p2a: Carbink|Iron Defense|p2a: Carbink
|-boost|p2a: Carbink|def|2
|
|-damage|p2a: Carbink|0 fnt|[from] brn
|faint|p2a: Carbink
|upkeep
|-message|excivemaster forfeited.
|
|win|gvgvjvfcgv
|raw|gvgvjvfcgv's rating: 1131 &rarr; <strong>1154</strong><br />(+23 for winning)
|raw|excivemaster's rating: 1109 &rarr; <strong>1086</strong><br />(-23 for losing)
|l|☆excivemaster
|player|p2|
|l|☆gvgvjvfcgv
|player|p1|
