|j|☆bbperreo
|j|☆YaGirlJuniper
|t:|1779692766
|gametype|singles
|player|p1|bbperreo|hilbert|1083
|player|p2|YaGirlJuniper|baker|1119
|gen|9
|tier|[Gen 9] OU
|rated|
|rule|HP Percentage Mod: HP is shown in percentages
|rule|Endless Battle Clause: Forcing endless battles is banned
|rule|Species Clause: Limit one of each Pokémon
|rule|OHKO Clause: OHKO moves are banned
|rule|Evasion Items Clause: Evasion items are banned
|rule|Evasion Moves Clause: Evasion moves are banned
|rule|Evasion Abilities Clause: Evasion abilities are banned
|rule|Sleep Moves Clause: Sleep-inducing moves are banned
|clearpoke
|poke|p1|Samurott-Hisui, M|
|poke|p1|Salamence, F|
|poke|p1|Rotom-Wash|
|poke|p1|Latios, M|
|poke|p1|Metagross|
|poke|p1|Great Tusk|
|poke|p2|Weezing-Galar, F|
|poke|p2|Gliscor, F|
|poke|p2|Blissey, F|
|poke|p2|Corviknight, F|
|poke|p2|Dondozo, F|
|poke|p2|Toxapex, F|
|teampreview
|
|t:|1779692781
|teamsize|p1|6
|teamsize|p2|6
|start
|switch|p1a: Latios|Latios, M|100/100
|switch|p2a: Weezing|Weezing-Galar, F|100/100
|-ability|p2a: Weezing|Neutralizing Gas
|turn|1
|
|t:|1779692796
|-end|p2a: Weezing|ability: Neutralizing Gas
|switch|p2a: Blissey|Blissey, F|100/100
|move|p1a: Latios|Psyshock|p2a: Blissey
|-damage|p2a: Blissey|39/100
|
|-heal|p2a: Blissey|45/100|[from] item: Leftovers
|upkeep
|turn|2
|
|t:|1779692825
|switch|p1a: Great Tusk|Great Tusk|100/100
|switch|p2a: Toxapex|Toxapex, F|100/100
|
|upkeep
|turn|3
|
|t:|1779692842
|move|p1a: Great Tusk|Headlong Rush|p2a: Toxapex
|-supereffective|p2a: Toxapex
|-damage|p2a: Toxapex|19/100
|-unboost|p1a: Great Tusk|def|1
|-unboost|p1a: Great Tusk|spd|1
|move|p2a: Toxapex|Toxic|p1a: Great Tusk
|-status|p1a: Great Tusk|tox
|
|-damage|p1a: Great Tusk|94/100 tox|[from] psn
|upkeep
|turn|4
|
|t:|1779692860
|switch|p2a: Gliscor|Gliscor, F|100/100
|move|p1a: Great Tusk|Stealth Rock|p2a: Gliscor
|-sidestart|p2: YaGirlJuniper|move: Stealth Rock
|
|-heal|p1a: Great Tusk|100/100 tox|[from] item: Leftovers
|-damage|p1a: Great Tusk|88/100 tox|[from] psn
|-status|p2a: Gliscor|tox|[from] item: Toxic Orb
|upkeep
|turn|5
|
|t:|1779692903
|-end|p1a: Great Tusk|Protosynthesis|[silent]
|switch|p1a: Samurott|Samurott-Hisui, M|100/100
|move|p2a: Gliscor|Knock Off|p1a: Samurott
|-resisted|p1a: Samurott
|-damage|p1a: Samurott|87/100
|-enditem|p1a: Samurott|Focus Sash|[from] move: Knock Off|[of] p2a: Gliscor
|
|upkeep
|turn|6
|
|t:|1779692913
|move|p2a: Gliscor|Protect|p2a: Gliscor
|-singleturn|p2a: Gliscor|Protect
|move|p1a: Samurott|Ceaseless Edge|p2a: Gliscor
|-activate|p2a: Gliscor|move: Protect
|
|upkeep
|turn|7
|
|t:|1779692950
|switch|p2a: Toxapex|Toxapex, F|53/100
|-damage|p2a: Toxapex|40/100|[from] Stealth Rock
|move|p1a: Samurott|Ceaseless Edge|p2a: Toxapex
|-damage|p2a: Toxapex|10/100
|-sidestart|p2: YaGirlJuniper|Spikes
|
|upkeep
|turn|8
|
|t:|1779692969
|switch|p2a: Corviknight|Corviknight, F|100/100
|-damage|p2a: Corviknight|88/100|[from] Stealth Rock
|-ability|p2a: Corviknight|Pressure
|move|p1a: Samurott|Knock Off|p2a: Corviknight
|-damage|p2a: Corviknight|60/100
|-enditem|p2a: Corviknight|Leftovers|[from] move: Knock Off|[of] p1a: Samurott
|
|upkeep
|turn|9
|
|t:|1779692988
|move|p1a: Samurott|Aqua Cutter|p2a: Corviknight
|-damage|p2a: Corviknight|31/100
|move|p2a: Corviknight|Defog|p1a: Samurott
|-unboost|p1a: Samurott|evasion|1
|-sideend|p2: YaGirlJuniper|Spikes|[from] move: Defog|[of] p2a: Corviknight
|-sideend|p2: YaGirlJuniper|Stealth Rock|[from] move: Defog|[of] p2a: Corviknight
|
|upkeep
|turn|10
|
|t:|1779692996
|move|p1a: Samurott|Aqua Cutter|p2a: Corviknight
|-damage|p2a: Corviknight|0 fnt
|faint|p2a: Corviknight
|
|upkeep
|
|t:|1779693009
|switch|p2a: Weezing|Weezing-Galar, F|100/100
|-ability|p2a: Weezing|Neutralizing Gas
|turn|11
|
|t:|1779693015
|move|p1a: Samurott|Knock Off|p2a: Weezing
|-resisted|p2a: Weezing
|-damage|p2a: Weezing|87/100
|-enditem|p2a: Weezing|Heavy-Duty Boots|[from] move: Knock Off|[of] p1a: Samurott
|move|p2a: Weezing|Will-O-Wisp|p1a: Samurott
|-status|p1a: Samurott|brn
|
|-damage|p1a: Samurott|81/100 brn|[from] brn
|upkeep
|turn|12
|
|t:|1779693026
|move|p1a: Samurott|Ceaseless Edge|p2a: Weezing
|-resisted|p2a: Weezing
|-damage|p2a: Weezing|83/100
|-sidestart|p2: YaGirlJuniper|Spikes
|move|p2a: Weezing|Toxic Spikes|p1a: Samurott
|-sidestart|p1: bbperreo|move: Toxic Spikes
|
|-damage|p1a: Samurott|75/100 brn|[from] brn
|upkeep
|turn|13
|
|t:|1779693035
|move|p1a: Samurott|Aqua Cutter|p2a: Weezing
|-crit|p2a: Weezing
|-damage|p2a: Weezing|66/100
|move|p2a: Weezing|Toxic Spikes|p1a: Samurott
|-sidestart|p1: bbperreo|move: Toxic Spikes
|
|-damage|p1a: Samurott|68/100 brn|[from] brn
|upkeep
|turn|14
|
|t:|1779693046
|move|p1a: Samurott|Aqua Cutter|p2a: Weezing
|-crit|p2a: Weezing
|-damage|p2a: Weezing|51/100
|move|p2a: Weezing|Pain Split|p1a: Samurott
|-sethp|p1a: Samurott|61/100 brn|[from] move: Pain Split|[silent]
|-sethp|p2a: Weezing|58/100|[from] move: Pain Split
|
|-damage|p1a: Samurott|54/100 brn|[from] brn
|upkeep
|turn|15
|
|t:|1779693067
|-end|p2a: Weezing|ability: Neutralizing Gas
|switch|p2a: Gliscor|Gliscor, F|100/100 tox
|move|p1a: Samurott|Aqua Cutter|p2a: Gliscor
|-supereffective|p2a: Gliscor
|-damage|p2a: Gliscor|63/100 tox
|
|-heal|p2a: Gliscor|75/100 tox|[from] ability: Poison Heal
|-damage|p1a: Samurott|48/100 brn|[from] brn
|upkeep
|turn|16
|
|t:|1779693078
|-terastallize|p1a: Samurott|Water
|move|p1a: Samurott|Aqua Cutter|p2a: Gliscor
|-supereffective|p2a: Gliscor
|-damage|p2a: Gliscor|25/100 tox
|move|p2a: Gliscor|Swords Dance|p2a: Gliscor
|-boost|p2a: Gliscor|atk|2
|
|-heal|p2a: Gliscor|37/100 tox|[from] ability: Poison Heal
|-damage|p1a: Samurott|42/100 brn|[from] brn
|upkeep
|turn|17
|
|t:|1779693091
|move|p2a: Gliscor|Protect|p2a: Gliscor
|-singleturn|p2a: Gliscor|Protect
|move|p1a: Samurott|Aqua Cutter|p2a: Gliscor
|-activate|p2a: Gliscor|move: Protect
|
|-heal|p2a: Gliscor|50/100 tox|[from] ability: Poison Heal
|-damage|p1a: Samurott|36/100 brn|[from] brn
|upkeep
|turn|18
|
|t:|1779693107
|-terastallize|p2a: Gliscor|Dark
|move|p1a: Samurott|Aqua Cutter|p2a: Gliscor
|-crit|p2a: Gliscor
|-damage|p2a: Gliscor|9/100 tox
|move|p2a: Gliscor|Earthquake|p1a: Samurott
|-damage|p1a: Samurott|0 fnt
|faint|p1a: Samurott
|
|-heal|p2a: Gliscor|21/100 tox|[from] ability: Poison Heal
|upkeep
|
|t:|1779693126
|switch|p1a: Latios|Latios, M|100/100
|turn|19
|
|t:|1779693135
|move|p2a: Gliscor|Protect|p2a: Gliscor
|-singleturn|p2a: Gliscor|Protect
|move|p1a: Latios|Draco Meteor|p2a: Gliscor
|-activate|p2a: Gliscor|move: Protect
|
|-heal|p2a: Gliscor|34/100 tox|[from] ability: Poison Heal
|upkeep
|turn|20
|
|t:|1779693151
|switch|p2a: Blissey|Blissey, F|45/100
|-damage|p2a: Blissey|33/100|[from] Spikes
|move|p1a: Latios|Draco Meteor|p2a: Blissey
|-crit|p2a: Blissey
|-damage|p2a: Blissey|0 fnt
|-unboost|p1a: Latios|spa|2
|faint|p2a: Blissey
|
|upkeep
|
|t:|1779693162
|switch|p2a: Gliscor|Gliscor, F, tera:Dark|34/100 tox
|-damage|p2a: Gliscor|21/100 tox|[from] Spikes
|turn|21
|
|t:|1779693171
|move|p2a: Gliscor|Protect|p2a: Gliscor
|-singleturn|p2a: Gliscor|Protect
|move|p1a: Latios|Draco Meteor|p2a: Gliscor
|-activate|p2a: Gliscor|move: Protect
|
|-heal|p2a: Gliscor|34/100 tox|[from] ability: Poison Heal
|upkeep
|turn|22
|
|t:|1779693181
|move|p1a: Latios|Draco Meteor|p2a: Gliscor
|-damage|p2a: Gliscor|0 fnt
|-unboost|p1a: Latios|spa|2
|faint|p2a: Gliscor
|
|upkeep
|
|t:|1779693192
|switch|p2a: Toxapex|Toxapex, F|43/100
|-damage|p2a: Toxapex|31/100|[from] Spikes
|turn|23
|
|t:|1779693197
|move|p1a: Latios|Draco Meteor|p2a: Toxapex
|-damage|p2a: Toxapex|7/100
|-unboost|p1a: Latios|spa|2
|move|p2a: Toxapex|Recover|p2a: Toxapex
|-heal|p2a: Toxapex|57/100
|
|upkeep
|turn|24
|
|t:|1779693220
|move|p1a: Latios|Draco Meteor|p2a: Toxapex
|-damage|p2a: Toxapex|38/100
|move|p2a: Toxapex|Recover|p2a: Toxapex
|-heal|p2a: Toxapex|88/100
|
|upkeep
|turn|25
|
|t:|1779693229
|switch|p1a: Metagross|Metagross|100/100
|move|p2a: Toxapex|Toxic|p1a: Metagross
|-immune|p1a: Metagross
|
|upkeep
|turn|26
|
|t:|1779693242
|switch|p2a: Weezing|Weezing-Galar, F|58/100
|-ability|p2a: Weezing|Neutralizing Gas
|-damage|p2a: Weezing|46/100|[from] Spikes
|move|p1a: Metagross|Meteor Mash|p2a: Weezing
|-supereffective|p2a: Weezing
|-damage|p2a: Weezing|0 fnt
|faint|p2a: Weezing
|-end|p2a: Weezing|ability: Neutralizing Gas
|
|upkeep
|
|t:|1779693252
|switch|p2a: Dondozo|Dondozo, F|100/100
|-damage|p2a: Dondozo|88/100|[from] Spikes
|turn|27
|
|t:|1779693261
|switch|p1a: Rotom|Rotom-Wash|100/100
|move|p2a: Dondozo|Curse|p2a: Dondozo
|-unboost|p2a: Dondozo|spe|1
|-boost|p2a: Dondozo|atk|1
|-boost|p2a: Dondozo|def|1
|
|-heal|p2a: Dondozo|94/100|[from] item: Leftovers
|upkeep
|turn|28
|
|t:|1779693273
|switch|p2a: Toxapex|Toxapex, F|100/100
|-damage|p2a: Toxapex|88/100|[from] Spikes
|move|p1a: Rotom|Will-O-Wisp|p2a: Toxapex
|-status|p2a: Toxapex|brn
|
|-damage|p2a: Toxapex|82/100 brn|[from] brn
|upkeep
|turn|29
|
|t:|1779693282
|move|p1a: Rotom|Volt Switch|p2a: Toxapex
|-supereffective|p2a: Toxapex
|-damage|p2a: Toxapex|47/100 brn
|
|t:|1779693286
|switch|p1a: Metagross|Metagross|100/100|[from] Volt Switch
|move|p2a: Toxapex|Toxic|p1a: Metagross
|-immune|p1a: Metagross
|
|-damage|p2a: Toxapex|41/100 brn|[from] brn
|upkeep
|turn|30
|
|t:|1779693299
|switch|p2a: Dondozo|Dondozo, F|94/100
|-damage|p2a: Dondozo|82/100|[from] Spikes
|move|p1a: Metagross|Bullet Punch|p2a: Dondozo
|-resisted|p2a: Dondozo
|-damage|p2a: Dondozo|77/100
|
|-heal|p2a: Dondozo|83/100|[from] item: Leftovers
|upkeep
|turn|31
|
|t:|1779693309
|switch|p1a: Rotom|Rotom-Wash|100/100
|move|p2a: Dondozo|Curse|p2a: Dondozo
|-unboost|p2a: Dondozo|spe|1
|-boost|p2a: Dondozo|atk|1
|-boost|p2a: Dondozo|def|1
|
|-heal|p2a: Dondozo|89/100|[from] item: Leftovers
|upkeep
|turn|32
|
|t:|1779693319
|move|p1a: Rotom|Volt Switch|p2a: Dondozo
|-supereffective|p2a: Dondozo
|-damage|p2a: Dondozo|38/100
|
|t:|1779693326
|switch|p1a: Salamence|Salamence, F|100/100|[from] Volt Switch
|move|p2a: Dondozo|Curse|p2a: Dondozo
|-unboost|p2a: Dondozo|spe|1
|-boost|p2a: Dondozo|atk|1
|-boost|p2a: Dondozo|def|1
|
|-heal|p2a: Dondozo|44/100|[from] item: Leftovers
|upkeep
|turn|33
|
|t:|1779693339
|move|p1a: Salamence|Dual Wingbeat|p2a: Dondozo
|-damage|p2a: Dondozo|38/100
|-damage|p2a: Dondozo|33/100
|-hitcount|p2a: Dondozo|2
|move|p2a: Dondozo|Rest|p2a: Dondozo
|-status|p2a: Dondozo|slp|[from] move: Rest
|-heal|p2a: Dondozo|100/100 slp|[silent]
|
|upkeep
|turn|34
|
|t:|1779693355
|move|p1a: Salamence|Dual Wingbeat|p2a: Dondozo
|-damage|p2a: Dondozo|96/100 slp
|-damage|p2a: Dondozo|91/100 slp
|-hitcount|p2a: Dondozo|2
|cant|p2a: Dondozo|slp
|move|p2a: Dondozo|Sleep Talk|p2a: Dondozo
|move|p2a: Dondozo|Waterfall|p1a: Salamence|[from] move: Sleep Talk
|-resisted|p1a: Salamence
|-damage|p1a: Salamence|68/100
|
|-heal|p2a: Dondozo|97/100 slp|[from] item: Leftovers
|upkeep
|turn|35
|
|t:|1779693371
|switch|p1a: Rotom|Rotom-Wash|100/100
|cant|p2a: Dondozo|slp
|move|p2a: Dondozo|Sleep Talk|p2a: Dondozo
|move|p2a: Dondozo|Waterfall|p1a: Rotom|[from] move: Sleep Talk
|-resisted|p1a: Rotom
|-damage|p1a: Rotom|79/100
|
|-heal|p1a: Rotom|85/100|[from] item: Leftovers
|-heal|p2a: Dondozo|100/100 slp|[from] item: Leftovers
|upkeep
|turn|36
|
|t:|1779693384
|move|p1a: Rotom|Will-O-Wisp||[still]
|-fail|p1a: Rotom
|-curestatus|p2a: Dondozo|slp|[msg]
|move|p2a: Dondozo|Curse|p2a: Dondozo
|-unboost|p2a: Dondozo|spe|1
|-boost|p2a: Dondozo|atk|1
|-boost|p2a: Dondozo|def|1
|
|-heal|p1a: Rotom|91/100|[from] item: Leftovers
|upkeep
|turn|37
|
|t:|1779693394
|move|p1a: Rotom|Will-O-Wisp|p2a: Dondozo
|-status|p2a: Dondozo|brn
|move|p2a: Dondozo|Curse|p2a: Dondozo
|-unboost|p2a: Dondozo|spe|1
|-boost|p2a: Dondozo|atk|1
|-boost|p2a: Dondozo|def|1
|
|-heal|p1a: Rotom|97/100|[from] item: Leftovers
|-damage|p2a: Dondozo|94/100 brn|[from] brn
|upkeep
|turn|38
|
|t:|1779693406
|move|p1a: Rotom|Volt Switch|p2a: Dondozo
|-supereffective|p2a: Dondozo
|-damage|p2a: Dondozo|42/100 brn
|
|t:|1779693424
|switch|p1a: Latios|Latios, M|100/100|[from] Volt Switch
|move|p2a: Dondozo|Rest|p2a: Dondozo
|-status|p2a: Dondozo|slp|[from] move: Rest
|-heal|p2a: Dondozo|100/100 slp|[silent]
|
|upkeep
|turn|39
|
|t:|1779693433
|move|p1a: Latios|Trick|p2a: Dondozo
|-activate|p1a: Latios|move: Trick|[of] p2a: Dondozo
|-item|p2a: Dondozo|Choice Specs|[from] move: Trick
|-item|p1a: Latios|Leftovers|[from] move: Trick
|cant|p2a: Dondozo|slp
|move|p2a: Dondozo|Sleep Talk|p2a: Dondozo
|move|p2a: Dondozo|Curse|p2a: Dondozo|[from] move: Sleep Talk
|-unboost|p2a: Dondozo|spe|1
|-boost|p2a: Dondozo|atk|1
|-boost|p2a: Dondozo|def|1
|
|upkeep
|turn|40
|
|t:|1779693444
|switch|p1a: Rotom|Rotom-Wash|97/100
|cant|p2a: Dondozo|slp
|move|p2a: Dondozo|Sleep Talk|p2a: Dondozo
|move|p2a: Dondozo|Rest||[from] move: Sleep Talk|[still]
|-fail|p2a: Dondozo
|
|-heal|p1a: Rotom|100/100|[from] item: Leftovers
|upkeep
|turn|41
|
|t:|1779693455
|switch|p2a: Toxapex|Toxapex, F|74/100 brn
|-damage|p2a: Toxapex|62/100 brn|[from] Spikes
|move|p1a: Rotom|Will-O-Wisp|p2a: Toxapex
|-fail|p2a: Toxapex|brn
|
|-damage|p2a: Toxapex|56/100 brn|[from] brn
|upkeep
|turn|42
|
|t:|1779693467
|move|p1a: Rotom|Volt Switch|p2a: Toxapex
|-supereffective|p2a: Toxapex
|-damage|p2a: Toxapex|20/100 brn
|
|t:|1779693470
|switch|p1a: Metagross|Metagross|100/100|[from] Volt Switch
|move|p2a: Toxapex|Toxic|p1a: Metagross
|-immune|p1a: Metagross
|
|-damage|p2a: Toxapex|14/100 brn|[from] brn
|upkeep
|turn|43
|-message|YaGirlJuniper forfeited.
|
|win|bbperreo
|raw|bbperreo's rating: 1083 &rarr; <strong>1113</strong><br />(+30 for winning)
|raw|YaGirlJuniper's rating: 1119 &rarr; <strong>1091</strong><br />(-28 for losing)
|l|☆YaGirlJuniper
|player|p2|
