|j|☆harc
|j|☆dazhigg
|t:|1779613059
|gametype|singles
|player|p1|harc|blackbelt-gen4dp|1299
|player|p2|dazhigg|schoolkid-gen4|1340
|gen|9
|tier|[Gen 9] OU
|rated|
|rule|HP Percentage Mod: HP is shown in percentages
|rule|Endless Battle Clause: Forcing endless battles is banned
|rule|Species Clause: Limit one of each Pokémon
|rule|OHKO Clause: OHKO moves are banned
|rule|Evasion Items Clause: Evasion items are banned
|rule|Evasion Moves Clause: Evasion moves are banned
|rule|Evasion Abilities Clause: Evasion abilities are banned
|rule|Sleep Moves Clause: Sleep-inducing moves are banned
|clearpoke
|poke|p1|Corviknight, F|
|poke|p1|Clefable, M|
|poke|p1|Dondozo, F|
|poke|p1|Slowking-Galar, F|
|poke|p1|Tyranitar, F|
|poke|p1|Gliscor, F|
|poke|p2|Whimsicott, M|
|poke|p2|Great Tusk|
|poke|p2|Dragonite, F|
|poke|p2|Iron Moth|
|poke|p2|Ninetales, F|
|poke|p2|Walking Wake|
|teampreview
|
|t:|1779613069
|teamsize|p1|6
|teamsize|p2|6
|start
|switch|p1a: Gliscor|Gliscor, F|100/100
|switch|p2a: Walking Wake|Walking Wake|100/100
|turn|1
|
|t:|1779613090
|move|p1a: Gliscor|Protect|p1a: Gliscor
|-singleturn|p1a: Gliscor|Protect
|move|p2a: Walking Wake|Hydro Steam|p1a: Gliscor
|-activate|p1a: Gliscor|move: Protect
|
|-status|p1a: Gliscor|tox|[from] item: Toxic Orb
|upkeep
|turn|2
|inactive|Battle timer is ON: inactive players will automatically lose when time's up. (requested by dazhigg)
|inactive|harc has 120 seconds left.
|inactive|harc has 90 seconds left.
|
|t:|1779613244
|switch|p1a: Slowking|Slowking-Galar, F|100/100
|move|p2a: Walking Wake|Hydro Steam|p1a: Slowking
|-damage|p1a: Slowking|74/100
|
|upkeep
|turn|3
|
|t:|1779613258
|-end|p2a: Walking Wake|Protosynthesis|[silent]
|switch|p2a: Great Tusk|Great Tusk|100/100
|move|p1a: Slowking|Future Sight|p2a: Great Tusk
|-start|p1a: Slowking|move: Future Sight
|
|upkeep
|turn|4
|
|t:|1779613287
|switch|p1a: Corviknight|Corviknight, F, shiny|100/100
|move|p2a: Great Tusk|Headlong Rush|p1a: Corviknight
|-immune|p1a: Corviknight
|
|upkeep
|turn|5
|
|t:|1779613296
|-end|p2a: Great Tusk|Protosynthesis|[silent]
|switch|p2a: Ninetales|Ninetales, F|100/100
|-weather|SunnyDay|[from] ability: Drought|[of] p2a: Ninetales
|move|p1a: Corviknight|Bulk Up|p1a: Corviknight
|-boost|p1a: Corviknight|atk|1
|-boost|p1a: Corviknight|def|1
|
|-weather|SunnyDay|[upkeep]
|-end|p2a: Ninetales|move: Future Sight
|-damage|p2a: Ninetales|60/100
|upkeep
|turn|6
|
|t:|1779613312
|switch|p1a: Tyranitar|Tyranitar, F|100/100
|-weather|Sandstorm|[from] ability: Sand Stream|[of] p1a: Tyranitar
|move|p2a: Ninetales|Overheat|p1a: Tyranitar
|-resisted|p1a: Tyranitar
|-damage|p1a: Tyranitar|95/100
|-unboost|p2a: Ninetales|spa|2
|
|-weather|Sandstorm|[upkeep]
|-damage|p2a: Ninetales|53/100|[from] Sandstorm
|upkeep
|turn|7
|inactive|dazhigg has 120 seconds left.
|
|t:|1779613335
|move|p2a: Ninetales|Will-O-Wisp|p1a: Tyranitar|[miss]
|-miss|p2a: Ninetales|p1a: Tyranitar
|move|p1a: Tyranitar|Knock Off|p2a: Ninetales
|-damage|p2a: Ninetales|0 fnt
|-enditem|p2a: Ninetales|Heat Rock|[from] move: Knock Off|[of] p1a: Tyranitar
|faint|p2a: Ninetales
|
|-weather|Sandstorm|[upkeep]
|upkeep
|
|t:|1779613345
|switch|p2a: Whimsicott|Whimsicott, M|100/100
|turn|8
|
|t:|1779613358
|switch|p1a: Slowking|Slowking-Galar, F|100/100
|move|p2a: Whimsicott|Growth|p2a: Whimsicott
|-boost|p2a: Whimsicott|atk|1
|-boost|p2a: Whimsicott|spa|1
|
|-weather|Sandstorm|[upkeep]
|-damage|p2a: Whimsicott|94/100|[from] Sandstorm
|-damage|p1a: Slowking|94/100|[from] Sandstorm
|upkeep
|turn|9
|
|t:|1779613372
|-terastallize|p2a: Whimsicott|Ghost
|move|p2a: Whimsicott|Growth|p2a: Whimsicott
|-boost|p2a: Whimsicott|atk|1
|-boost|p2a: Whimsicott|spa|1
|move|p1a: Slowking|Sludge Wave|p2a: Whimsicott
|-resisted|p2a: Whimsicott
|-damage|p2a: Whimsicott|68/100
|
|-weather|Sandstorm|[upkeep]
|-damage|p2a: Whimsicott|61/100|[from] Sandstorm
|-damage|p1a: Slowking|88/100|[from] Sandstorm
|upkeep
|turn|10
|
|t:|1779613386
|move|p2a: Whimsicott|Shadow Ball|p1a: Slowking
|-supereffective|p1a: Slowking
|-damage|p1a: Slowking|18/100
|-damage|p2a: Whimsicott|51/100|[from] item: Life Orb
|move|p1a: Slowking|Future Sight|p2a: Whimsicott
|-start|p1a: Slowking|move: Future Sight
|
|-weather|none
|upkeep
|turn|11
|inactive|harc has 120 seconds left.
|inactive|harc has 90 seconds left.
|inactive|harc has 60 seconds left.
|
|t:|1779613504
|switch|p1a: Tyranitar|Tyranitar, F|95/100
|-weather|Sandstorm|[from] ability: Sand Stream|[of] p1a: Tyranitar
|move|p2a: Whimsicott|Shadow Ball|p1a: Tyranitar
|-resisted|p1a: Tyranitar
|-damage|p1a: Tyranitar|84/100
|-damage|p2a: Whimsicott|41/100|[from] item: Life Orb
|
|-weather|Sandstorm|[upkeep]
|-damage|p2a: Whimsicott|35/100|[from] Sandstorm
|upkeep
|turn|12
|c|☆harc|sorry my m,ouse giving problems
|
|t:|1779613518
|move|p2a: Whimsicott|Giga Drain|p1a: Tyranitar
|-supereffective|p1a: Tyranitar
|-damage|p1a: Tyranitar|44/100
|-heal|p2a: Whimsicott|66/100|[from] drain|[of] p1a: Tyranitar
|-damage|p2a: Whimsicott|56/100|[from] item: Life Orb
|move|p1a: Tyranitar|Knock Off|p2a: Whimsicott
|-supereffective|p2a: Whimsicott
|-damage|p2a: Whimsicott|0 fnt
|-enditem|p2a: Whimsicott|Life Orb|[from] move: Knock Off|[of] p1a: Tyranitar
|faint|p2a: Whimsicott
|
|-weather|Sandstorm|[upkeep]
|-hint|Future Sight did not hit because the target is fainted.
|upkeep
|inactive|dazhigg has 90 seconds left.
|
|t:|1779613538
|switch|p2a: Walking Wake|Walking Wake|100/100
|turn|13
|inactive|dazhigg has 90 seconds left.
|
|t:|1779613549
|switch|p1a: Slowking|Slowking-Galar, F|52/100
|move|p2a: Walking Wake|Hydro Steam|p1a: Slowking
|-damage|p1a: Slowking|25/100
|
|-weather|Sandstorm|[upkeep]
|-damage|p2a: Walking Wake|94/100|[from] Sandstorm
|-damage|p1a: Slowking|19/100|[from] Sandstorm
|upkeep
|turn|14
|inactive|dazhigg has 90 seconds left.
|
|t:|1779613564
|switch|p1a: Dondozo|Dondozo, F|100/100
|move|p2a: Walking Wake|Hydro Steam|p1a: Dondozo
|-resisted|p1a: Dondozo
|-damage|p1a: Dondozo|69/100
|
|-weather|Sandstorm|[upkeep]
|-damage|p2a: Walking Wake|88/100|[from] Sandstorm
|-damage|p1a: Dondozo|63/100|[from] Sandstorm
|-heal|p1a: Dondozo|69/100|[from] item: Leftovers
|upkeep
|turn|15
|inactive|dazhigg has 90 seconds left.
|
|t:|1779613578
|switch|p1a: Slowking|Slowking-Galar, F|52/100
|move|p2a: Walking Wake|Hydro Steam|p1a: Slowking
|-damage|p1a: Slowking|26/100
|
|-weather|none
|upkeep
|turn|16
|
|t:|1779613587
|switch|p1a: Tyranitar|Tyranitar, F|44/100
|-weather|Sandstorm|[from] ability: Sand Stream|[of] p1a: Tyranitar
|move|p2a: Walking Wake|Hydro Steam|p1a: Tyranitar
|-supereffective|p1a: Tyranitar
|-crit|p1a: Tyranitar
|-damage|p1a: Tyranitar|0 fnt
|faint|p1a: Tyranitar
|
|-weather|Sandstorm|[upkeep]
|-damage|p2a: Walking Wake|82/100|[from] Sandstorm
|upkeep
|
|t:|1779613601
|switch|p1a: Slowking|Slowking-Galar, F|59/100
|turn|17
|
|t:|1779613604
|move|p2a: Walking Wake|Hydro Steam|p1a: Slowking
|-damage|p1a: Slowking|31/100
|move|p1a: Slowking|Future Sight|p2a: Walking Wake
|-start|p1a: Slowking|move: Future Sight
|
|-weather|Sandstorm|[upkeep]
|-damage|p2a: Walking Wake|76/100|[from] Sandstorm
|-damage|p1a: Slowking|25/100|[from] Sandstorm
|upkeep
|turn|18
|
|t:|1779613621
|switch|p1a: Dondozo|Dondozo, F|69/100
|move|p2a: Walking Wake|Hydro Steam|p1a: Dondozo
|-resisted|p1a: Dondozo
|-damage|p1a: Dondozo|37/100
|
|-weather|Sandstorm|[upkeep]
|-damage|p2a: Walking Wake|70/100|[from] Sandstorm
|-damage|p1a: Dondozo|31/100|[from] Sandstorm
|-heal|p1a: Dondozo|37/100|[from] item: Leftovers
|upkeep
|turn|19
|
|t:|1779613640
|move|p2a: Walking Wake|Hydro Steam|p1a: Dondozo
|-resisted|p1a: Dondozo
|-damage|p1a: Dondozo|7/100
|move|p1a: Dondozo|Rest|p1a: Dondozo
|-status|p1a: Dondozo|slp|[from] move: Rest
|-heal|p1a: Dondozo|100/100 slp|[silent]
|
|-weather|Sandstorm|[upkeep]
|-damage|p2a: Walking Wake|63/100|[from] Sandstorm
|-damage|p1a: Dondozo|94/100 slp|[from] Sandstorm
|-end|p2a: Walking Wake|move: Future Sight
|-damage|p2a: Walking Wake|18/100
|-heal|p1a: Dondozo|100/100 slp|[from] item: Leftovers
|upkeep
|turn|20
|inactive|harc has 60 seconds left.
|
|t:|1779613656
|move|p2a: Walking Wake|Hydro Steam|p1a: Dondozo
|-resisted|p1a: Dondozo
|-damage|p1a: Dondozo|69/100 slp
|cant|p1a: Dondozo|slp
|move|p1a: Dondozo|Sleep Talk|p1a: Dondozo
|move|p1a: Dondozo|Body Press|p2a: Walking Wake|[from] move: Sleep Talk
|-damage|p2a: Walking Wake|0 fnt
|faint|p2a: Walking Wake
|-end|p2a: Walking Wake|Protosynthesis|[silent]
|
|-weather|none
|-heal|p1a: Dondozo|75/100 slp|[from] item: Leftovers
|upkeep
|inactive|dazhigg has 90 seconds left.
|
|t:|1779613676
|switch|p2a: Great Tusk|Great Tusk|100/100
|turn|21
|inactive|harc has 60 seconds left.
|
|t:|1779613683
|move|p2a: Great Tusk|Bulk Up|p2a: Great Tusk
|-boost|p2a: Great Tusk|atk|1
|-boost|p2a: Great Tusk|def|1
|cant|p1a: Dondozo|slp
|move|p1a: Dondozo|Sleep Talk|p1a: Dondozo
|move|p1a: Dondozo|Body Press|p2a: Great Tusk|[from] move: Sleep Talk
|-damage|p2a: Great Tusk|81/100
|
|-heal|p2a: Great Tusk|87/100|[from] item: Leftovers
|-heal|p1a: Dondozo|81/100 slp|[from] item: Leftovers
|upkeep
|turn|22
|
|t:|1779613696
|move|p2a: Great Tusk|Bulk Up|p2a: Great Tusk
|-boost|p2a: Great Tusk|atk|1
|-boost|p2a: Great Tusk|def|1
|-curestatus|p1a: Dondozo|slp|[msg]
|move|p1a: Dondozo|Liquidation|p2a: Great Tusk
|-supereffective|p2a: Great Tusk
|-damage|p2a: Great Tusk|46/100
|
|-heal|p2a: Great Tusk|52/100|[from] item: Leftovers
|-heal|p1a: Dondozo|87/100|[from] item: Leftovers
|upkeep
|turn|23
|
|t:|1779613708
|move|p2a: Great Tusk|Bulk Up|p2a: Great Tusk
|-boost|p2a: Great Tusk|atk|1
|-boost|p2a: Great Tusk|def|1
|move|p1a: Dondozo|Liquidation|p2a: Great Tusk
|-supereffective|p2a: Great Tusk
|-damage|p2a: Great Tusk|11/100
|
|-heal|p2a: Great Tusk|17/100|[from] item: Leftovers
|-heal|p1a: Dondozo|93/100|[from] item: Leftovers
|upkeep
|turn|24
|
|t:|1779613719
|move|p2a: Great Tusk|Headlong Rush|p1a: Dondozo
|-damage|p1a: Dondozo|69/100
|-unboost|p2a: Great Tusk|def|1
|-unboost|p2a: Great Tusk|spd|1
|move|p1a: Dondozo|Liquidation|p2a: Great Tusk
|-supereffective|p2a: Great Tusk
|-damage|p2a: Great Tusk|0 fnt
|faint|p2a: Great Tusk
|-end|p2a: Great Tusk|Protosynthesis|[silent]
|
|-heal|p1a: Dondozo|75/100|[from] item: Leftovers
|upkeep
|inactive|dazhigg has 90 seconds left.
|
|t:|1779613734
|switch|p2a: Iron Moth|Iron Moth|100/100
|-enditem|p2a: Iron Moth|Booster Energy
|-activate|p2a: Iron Moth|ability: Quark Drive|[fromitem]
|-start|p2a: Iron Moth|quarkdrivespe
|turn|25
|inactive|dazhigg has 90 seconds left.
|
|t:|1779613740
|switch|p1a: Slowking|Slowking-Galar, F|58/100
|move|p2a: Iron Moth|Energy Ball|p1a: Slowking
|-resisted|p1a: Slowking
|-damage|p1a: Slowking|53/100
|
|upkeep
|turn|26
|inactive|harc has 90 seconds left.
|inactive|dazhigg has 90 seconds left.
|
|t:|1779613751
|move|p2a: Iron Moth|Fiery Dance|p1a: Slowking
|-damage|p1a: Slowking|37/100
|-boost|p2a: Iron Moth|spa|1
|move|p1a: Slowking|Future Sight|p2a: Iron Moth
|-start|p1a: Slowking|move: Future Sight
|
|upkeep
|turn|27
|inactive|harc has 90 seconds left.
|
|t:|1779613769
|move|p2a: Iron Moth|Fiery Dance|p1a: Slowking
|-damage|p1a: Slowking|11/100
|-boost|p2a: Iron Moth|spa|1
|move|p1a: Slowking|Sludge Wave|p2a: Iron Moth
|-resisted|p2a: Iron Moth
|-damage|p2a: Iron Moth|83/100
|
|upkeep
|turn|28
|inactive|harc has 90 seconds left.
|
|t:|1779613780
|move|p2a: Iron Moth|Fiery Dance|p1a: Slowking
|-damage|p1a: Slowking|0 fnt
|faint|p1a: Slowking
|
|-end|p2a: Iron Moth|move: Future Sight
|-supereffective|p2a: Iron Moth
|-damage|p2a: Iron Moth|0 fnt
|faint|p2a: Iron Moth
|-end|p2a: Iron Moth|Quark Drive|[silent]
|upkeep
|inactive|dazhigg has 90 seconds left.
|
|t:|1779613791
|switch|p2a: Dragonite|Dragonite, F|100/100
|switch|p1a: Corviknight|Corviknight, F, shiny|100/100
|turn|29
|
|t:|1779613797
|move|p2a: Dragonite|Dragon Dance|p2a: Dragonite
|-boost|p2a: Dragonite|atk|1
|-boost|p2a: Dragonite|spe|1
|move|p1a: Corviknight|Bulk Up|p1a: Corviknight
|-boost|p1a: Corviknight|atk|1
|-boost|p1a: Corviknight|def|1
|
|upkeep
|turn|30
|inactive|harc has 90 seconds left.
|
|t:|1779613806
|move|p2a: Dragonite|Dragon Dance|p2a: Dragonite
|-boost|p2a: Dragonite|atk|1
|-boost|p2a: Dragonite|spe|1
|move|p1a: Corviknight|Bulk Up|p1a: Corviknight
|-boost|p1a: Corviknight|atk|1
|-boost|p1a: Corviknight|def|1
|
|upkeep
|turn|31
|
|t:|1779613814
|move|p2a: Dragonite|Dragon Dance|p2a: Dragonite
|-boost|p2a: Dragonite|atk|1
|-boost|p2a: Dragonite|spe|1
|move|p1a: Corviknight|Bulk Up|p1a: Corviknight
|-boost|p1a: Corviknight|atk|1
|-boost|p1a: Corviknight|def|1
|
|upkeep
|turn|32
|
|t:|1779613822
|move|p2a: Dragonite|Dragon Dance|p2a: Dragonite
|-boost|p2a: Dragonite|atk|1
|-boost|p2a: Dragonite|spe|1
|move|p1a: Corviknight|Bulk Up|p1a: Corviknight
|-boost|p1a: Corviknight|atk|1
|-boost|p1a: Corviknight|def|1
|
|upkeep
|turn|33
|
|t:|1779613830
|move|p2a: Dragonite|Dragon Dance|p2a: Dragonite
|-boost|p2a: Dragonite|atk|1
|-boost|p2a: Dragonite|spe|1
|move|p1a: Corviknight|Bulk Up|p1a: Corviknight
|-boost|p1a: Corviknight|atk|1
|-boost|p1a: Corviknight|def|1
|
|upkeep
|turn|34
|inactive|dazhigg has 120 seconds left.
|
|t:|1779613837
|move|p2a: Dragonite|Dragon Dance|p2a: Dragonite
|-boost|p2a: Dragonite|atk|1
|-boost|p2a: Dragonite|spe|1
|move|p1a: Corviknight|Power Trip|p2a: Dragonite
|-damage|p2a: Dragonite|22/100
|
|upkeep
|turn|35
|
|t:|1779613845
|move|p2a: Dragonite|Ice Spinner|p1a: Corviknight
|-damage|p1a: Corviknight|73/100
|move|p1a: Corviknight|Power Trip|p2a: Dragonite
|-damage|p2a: Dragonite|0 fnt
|faint|p2a: Dragonite
|
|win|harc
|raw|harc's rating: 1299 &rarr; <strong>1327</strong><br />(+28 for winning)
|raw|dazhigg's rating: 1340 &rarr; <strong>1318</strong><br />(-22 for losing)
