|inactive|Battle timer is ON: inactive players will automatically lose when time's up.
|t:|1779567332
|gametype|singles
|player|p1|ina fable|#inafable|
|player|p2|xSuko|pokekid|
|gen|9
|tier|[Gen 9] OU
|rule|HP Percentage Mod: HP is shown in percentages
|rule|Endless Battle Clause: Forcing endless battles is banned
|rule|Species Clause: Limit one of each Pokémon
|rule|OHKO Clause: OHKO moves are banned
|rule|Evasion Items Clause: Evasion items are banned
|rule|Evasion Moves Clause: Evasion moves are banned
|rule|Evasion Abilities Clause: Evasion abilities are banned
|rule|Sleep Moves Clause: Sleep-inducing moves are banned
|clearpoke
|poke|p1|Gholdengo|
|poke|p1|Great Tusk|
|poke|p1|Cinderace, M|
|poke|p1|Kyurem|
|poke|p1|Garganacl, M|
|poke|p1|Tornadus-Therian, M|
|poke|p2|Iron Moth|
|poke|p2|Iron Valiant|
|poke|p2|Ogerpon-Wellspring, F|
|poke|p2|Kingambit, F|
|poke|p2|Landorus-Therian, M|
|poke|p2|Raging Bolt|
|teampreview
|c|☆xSuko|hf
|inactive|xSuko has 270 seconds left.
|inactive|xSuko has 240 seconds left.
|
|t:|1779567397
|teamsize|p1|6
|teamsize|p2|6
|start
|switch|p1a: Tornadus|Tornadus-Therian, M|100/100
|switch|p2a: Landorus|Landorus-Therian, M|100/100
|-ability|p2a: Landorus|Intimidate|boost
|-unboost|p1a: Tornadus|atk|1
|turn|1
|
|t:|1779567410
|move|p1a: Tornadus|Icy Wind|p2a: Landorus
|-supereffective|p2a: Landorus
|-damage|p2a: Landorus|45/100
|-unboost|p2a: Landorus|spe|1
|move|p2a: Landorus|Stealth Rock|p1a: Tornadus
|-sidestart|p1: ina fable|move: Stealth Rock
|
|upkeep
|turn|2
|
|t:|1779567434
|switch|p2a: Raging Bolt|Raging Bolt|100/100
|-enditem|p2a: Raging Bolt|Booster Energy
|-activate|p2a: Raging Bolt|ability: Protosynthesis|[fromitem]
|-start|p2a: Raging Bolt|protosynthesisspa
|move|p1a: Tornadus|Icy Wind|p2a: Raging Bolt
|-supereffective|p2a: Raging Bolt
|-damage|p2a: Raging Bolt|72/100
|-unboost|p2a: Raging Bolt|spe|1
|
|upkeep
|turn|3
|
|t:|1779567447
|move|p1a: Tornadus|U-turn|p2a: Raging Bolt
|-damage|p2a: Raging Bolt|62/100
|
|t:|1779567449
|switch|p1a: Cinderace|Cinderace, M|100/100|[from] U-turn
|move|p2a: Raging Bolt|Dragon Pulse|p1a: Cinderace
|-damage|p1a: Cinderace|27/100
|
|upkeep
|turn|4
|
|t:|1779567462
|move|p1a: Cinderace|Court Change|p1a: Cinderace
|-swapsideconditions
|-activate|p1a: Cinderace|move: Court Change
|move|p2a: Raging Bolt|Dragon Pulse|p1a: Cinderace
|-damage|p1a: Cinderace|0 fnt
|faint|p1a: Cinderace
|
|upkeep
|
|t:|1779567474
|switch|p1a: Kyurem|Kyurem|100/100
|-ability|p1a: Kyurem|Pressure
|turn|5
|
|t:|1779567481
|move|p1a: Kyurem|Ice Beam|p2a: Raging Bolt
|-supereffective|p2a: Raging Bolt
|-damage|p2a: Raging Bolt|0 fnt
|faint|p2a: Raging Bolt
|-end|p2a: Raging Bolt|Protosynthesis|[silent]
|
|upkeep
|inactive|xSuko has 270 seconds left.
|
|t:|1779567511
|switch|p2a: Kingambit|Kingambit, F|100/100
|-damage|p2a: Kingambit|94/100|[from] Stealth Rock
|-activate|p2a: Kingambit|ability: Supreme Overlord
|-start|p2a: Kingambit|fallen1|[silent]
|turn|6
|
|t:|1779567520
|switch|p1a: Great Tusk|Great Tusk|100/100
|move|p2a: Kingambit|Iron Head|p1a: Great Tusk
|-damage|p1a: Great Tusk|67/100
|-damage|p2a: Kingambit|78/100|[from] item: Rocky Helmet|[of] p1a: Great Tusk
|
|-heal|p2a: Kingambit|84/100|[from] item: Leftovers
|upkeep
|turn|7
|
|t:|1779567533
|-end|p2a: Kingambit|fallen1|[silent]
|switch|p2a: Landorus|Landorus-Therian, M|45/100
|-damage|p2a: Landorus|33/100|[from] Stealth Rock
|-ability|p2a: Landorus|Intimidate|boost
|-unboost|p1a: Great Tusk|atk|1
|move|p1a: Great Tusk|Ice Spinner|p2a: Landorus
|-supereffective|p2a: Landorus
|-damage|p2a: Landorus|0 fnt
|-damage|p1a: Great Tusk|50/100|[from] item: Rocky Helmet|[of] p2a: Landorus
|faint|p2a: Landorus
|
|upkeep
|
|t:|1779567547
|switch|p2a: Ogerpon|Ogerpon-Wellspring, F|100/100
|-damage|p2a: Ogerpon|88/100|[from] Stealth Rock
|turn|8
|inactive|xSuko has 270 seconds left.
|
|t:|1779567578
|-end|p1a: Great Tusk|Protosynthesis|[silent]
|switch|p1a: Tornadus|Tornadus-Therian, M|100/100
|move|p2a: Ogerpon|Swords Dance|p2a: Ogerpon
|-boost|p2a: Ogerpon|atk|2
|
|upkeep
|turn|9
|inactive|xSuko has 270 seconds left.
|
|t:|1779567589
|-terastallize|p2a: Ogerpon|Water
|detailschange|p2a: Ogerpon|Ogerpon-Wellspring-Tera, F, tera:Water
|-ability|p2a: Ogerpon|Embody Aspect (Wellspring)|boost
|-boost|p2a: Ogerpon|spd|1
|move|p1a: Tornadus|Icy Wind|p2a: Ogerpon
|-resisted|p2a: Ogerpon
|-damage|p2a: Ogerpon|82/100
|-unboost|p2a: Ogerpon|spe|1
|move|p2a: Ogerpon|Trailblaze|p1a: Tornadus
|-resisted|p1a: Tornadus
|-damage|p1a: Tornadus|69/100
|-boost|p2a: Ogerpon|spe|1
|
|upkeep
|turn|10
|inactive|xSuko has 270 seconds left.
|
|t:|1779567599
|move|p1a: Tornadus|U-turn|p2a: Ogerpon
|-damage|p2a: Ogerpon|64/100
|
|t:|1779567602
|switch|p1a: Great Tusk|Great Tusk|50/100|[from] U-turn
|move|p2a: Ogerpon|Trailblaze|p1a: Great Tusk
|-supereffective|p1a: Great Tusk
|-damage|p1a: Great Tusk|0 fnt
|-boost|p2a: Ogerpon|spe|1
|-damage|p2a: Ogerpon|47/100|[from] item: Rocky Helmet|[of] p1a: Great Tusk
|faint|p1a: Great Tusk
|-end|p1a: Great Tusk|Protosynthesis|[silent]
|
|upkeep
|
|t:|1779567604
|switch|p1a: Kyurem|Kyurem|100/100
|-ability|p1a: Kyurem|Pressure
|turn|11
|
|t:|1779567612
|move|p2a: Ogerpon|Ivy Cudgel|p1a: Kyurem|[anim] Ivy Cudgel Water
|-resisted|p1a: Kyurem
|-damage|p1a: Kyurem|22/100
|move|p1a: Kyurem|Freeze-Dry|p2a: Ogerpon
|-supereffective|p2a: Ogerpon
|-damage|p2a: Ogerpon|0 fnt
|faint|p2a: Ogerpon
|detailschange|p2: Ogerpon|Ogerpon-Wellspring, F|[silent]
|
|upkeep
|
|t:|1779567623
|switch|p2a: Iron Moth|Iron Moth|100/100
|-damage|p2a: Iron Moth|76/100|[from] Stealth Rock
|-enditem|p2a: Iron Moth|Booster Energy
|-activate|p2a: Iron Moth|ability: Quark Drive|[fromitem]
|-start|p2a: Iron Moth|quarkdrivespe
|turn|12
|
|t:|1779567632
|switch|p1a: Garganacl|Garganacl, M|100/100
|move|p2a: Iron Moth|Fiery Dance|p1a: Garganacl
|-resisted|p1a: Garganacl
|-damage|p1a: Garganacl|87/100
|
|-heal|p1a: Garganacl|93/100|[from] item: Leftovers
|upkeep
|turn|13
|inactive|xSuko has 270 seconds left.
|
|t:|1779567657
|move|p2a: Iron Moth|Fiery Dance|p1a: Garganacl
|-resisted|p1a: Garganacl
|-damage|p1a: Garganacl|80/100
|move|p1a: Garganacl|Salt Cure|p2a: Iron Moth
|-supereffective|p2a: Iron Moth
|-damage|p2a: Iron Moth|34/100
|-start|p2a: Iron Moth|Salt Cure
|
|-heal|p1a: Garganacl|87/100|[from] item: Leftovers
|-damage|p2a: Iron Moth|21/100|[from] Salt Cure
|upkeep
|turn|14
|
|t:|1779567665
|move|p2a: Iron Moth|Sludge Wave|p1a: Garganacl
|-resisted|p1a: Garganacl
|-damage|p1a: Garganacl|71/100
|move|p1a: Garganacl|Recover|p1a: Garganacl
|-heal|p1a: Garganacl|100/100
|
|-damage|p2a: Iron Moth|9/100|[from] Salt Cure
|upkeep
|turn|15
|
|t:|1779567675
|move|p1a: Garganacl|Protect|p1a: Garganacl
|-singleturn|p1a: Garganacl|Protect
|move|p2a: Iron Moth|Sludge Wave|p1a: Garganacl
|-activate|p1a: Garganacl|move: Protect
|
|-damage|p2a: Iron Moth|0 fnt|[from] Salt Cure
|faint|p2a: Iron Moth
|-end|p2a: Iron Moth|Quark Drive|[silent]
|upkeep
|
|t:|1779567680
|switch|p2a: Iron Valiant|Iron Valiant|100/100
|-damage|p2a: Iron Valiant|94/100|[from] Stealth Rock
|-enditem|p2a: Iron Valiant|Booster Energy
|-activate|p2a: Iron Valiant|ability: Quark Drive|[fromitem]
|-start|p2a: Iron Valiant|quarkdrivespe
|turn|16
|
|t:|1779567702
|switch|p1a: Gholdengo|Gholdengo|100/100
|move|p2a: Iron Valiant|Swords Dance|p2a: Iron Valiant
|-boost|p2a: Iron Valiant|atk|2
|
|upkeep
|turn|17
|
|t:|1779567714
|move|p2a: Iron Valiant|Knock Off|p1a: Gholdengo
|-supereffective|p1a: Gholdengo
|-damage|p1a: Gholdengo|0 fnt
|-enditem|p1a: Gholdengo|Choice Scarf|[from] move: Knock Off|[of] p2a: Iron Valiant
|faint|p1a: Gholdengo
|
|upkeep
|
|t:|1779567723
|switch|p1a: Tornadus|Tornadus-Therian, M|100/100
|turn|18
|
|t:|1779567730
|move|p2a: Iron Valiant|Destiny Bond|p2a: Iron Valiant
|-singlemove|p2a: Iron Valiant|Destiny Bond
|move|p1a: Tornadus|Icy Wind|p2a: Iron Valiant
|-damage|p2a: Iron Valiant|68/100
|-unboost|p2a: Iron Valiant|spe|1
|
|upkeep
|turn|19
|
|t:|1779567738
|move|p1a: Tornadus|Bleakwind Storm|p2a: Iron Valiant|[miss]
|-miss|p1a: Tornadus|p2a: Iron Valiant
|move|p2a: Iron Valiant|Knock Off|p1a: Tornadus
|-damage|p1a: Tornadus|21/100
|-enditem|p1a: Tornadus|Assault Vest|[from] move: Knock Off|[of] p2a: Iron Valiant
|
|upkeep
|turn|20
|
|t:|1779567748
|move|p1a: Tornadus|Bleakwind Storm|p2a: Iron Valiant
|-supereffective|p2a: Iron Valiant
|-damage|p2a: Iron Valiant|0 fnt
|faint|p2a: Iron Valiant
|-end|p2a: Iron Valiant|Quark Drive|[silent]
|
|upkeep
|
|t:|1779567752
|switch|p2a: Kingambit|Kingambit, F|84/100
|-damage|p2a: Kingambit|78/100|[from] Stealth Rock
|-activate|p2a: Kingambit|ability: Supreme Overlord
|-start|p2a: Kingambit|fallen5|[silent]
|turn|21
|
|t:|1779567768
|move|p1a: Tornadus|U-turn|p2a: Kingambit
|-damage|p2a: Kingambit|65/100
|
|t:|1779567770
|switch|p1a: Kyurem|Kyurem|22/100|[from] U-turn
|-ability|p1a: Kyurem|Pressure
|move|p2a: Kingambit|Swords Dance|p2a: Kingambit
|-boost|p2a: Kingambit|atk|2
|
|-heal|p2a: Kingambit|71/100|[from] item: Leftovers
|upkeep
|turn|22
|
|t:|1779567776
|switch|p1a: Garganacl|Garganacl, M|100/100
|move|p2a: Kingambit|Sucker Punch||[still]
|-fail|p2a: Kingambit
|
|-heal|p2a: Kingambit|77/100|[from] item: Leftovers
|upkeep
|turn|23
|
|t:|1779567781
|-terastallize|p1a: Garganacl|Water
|move|p2a: Kingambit|Iron Head|p1a: Garganacl
|-resisted|p1a: Garganacl
|-damage|p1a: Garganacl|58/100
|cant|p1a: Garganacl|flinch
|
|-heal|p2a: Kingambit|83/100|[from] item: Leftovers
|-heal|p1a: Garganacl|64/100|[from] item: Leftovers
|upkeep
|turn|24
|
|t:|1779567788
|move|p1a: Garganacl|Protect|p1a: Garganacl
|-singleturn|p1a: Garganacl|Protect
|move|p2a: Kingambit|Kowtow Cleave|p1a: Garganacl
|-activate|p1a: Garganacl|move: Protect
|
|-heal|p2a: Kingambit|90/100|[from] item: Leftovers
|-heal|p1a: Garganacl|70/100|[from] item: Leftovers
|upkeep
|turn|25
|c|☆ina fable|Xd
|c|☆xSuko|sry
|
|t:|1779567797
|switch|p1a: Tornadus|Tornadus-Therian, M|54/100
|move|p2a: Kingambit|Kowtow Cleave|p1a: Tornadus
|-damage|p1a: Tornadus|0 fnt
|faint|p1a: Tornadus
|
|-heal|p2a: Kingambit|96/100|[from] item: Leftovers
|upkeep
|
|t:|1779567799
|switch|p1a: Kyurem|Kyurem|22/100
|-ability|p1a: Kyurem|Pressure
|turn|26
|
|t:|1779567802
|switch|p1a: Garganacl|Garganacl, M, tera:Water|70/100
|move|p2a: Kingambit|Sucker Punch||[still]
|-fail|p2a: Kingambit
|
|-heal|p2a: Kingambit|100/100|[from] item: Leftovers
|-heal|p1a: Garganacl|76/100|[from] item: Leftovers
|upkeep
|turn|27
|
|t:|1779567807
|move|p1a: Garganacl|Protect|p1a: Garganacl
|-singleturn|p1a: Garganacl|Protect
|move|p2a: Kingambit|Kowtow Cleave|p1a: Garganacl
|-activate|p1a: Garganacl|move: Protect
|
|-heal|p1a: Garganacl|82/100|[from] item: Leftovers
|upkeep
|turn|28
|
|t:|1779567817
|move|p2a: Kingambit|Kowtow Cleave|p1a: Garganacl
|-damage|p1a: Garganacl|0 fnt
|faint|p1a: Garganacl
|
|upkeep
|c|☆ina fable|Pathetic
|-message|ina fable forfeited.
|
|win|xSuko
