|j|☆betterteams123
|j|☆muskat-mix
|t:|1779669243
|gametype|singles
|player|p1|betterteams123|lucas|1475
|player|p2|muskat-mix|265|1455
|gen|9
|tier|[Gen 9] OU
|rated|
|rule|HP Percentage Mod: HP is shown in percentages
|rule|Endless Battle Clause: Forcing endless battles is banned
|rule|Species Clause: Limit one of each Pokémon
|rule|OHKO Clause: OHKO moves are banned
|rule|Evasion Items Clause: Evasion items are banned
|rule|Evasion Moves Clause: Evasion moves are banned
|rule|Evasion Abilities Clause: Evasion abilities are banned
|rule|Sleep Moves Clause: Sleep-inducing moves are banned
|clearpoke
|poke|p1|Dragapult, M|
|poke|p1|Corviknight, M|
|poke|p1|Blissey, F|
|poke|p1|Alomomola, M|
|poke|p1|Gliscor, F|
|poke|p1|Orthworm, M|
|poke|p2|Alomomola, F|
|poke|p2|Pecharunt|
|poke|p2|Great Tusk|
|poke|p2|Lokix, M|
|poke|p2|Iron Crown|
|poke|p2|Enamorus, F|
|teampreview
|inactive|Battle timer is ON: inactive players will automatically lose when time's up. (requested by muskat-mix)
|
|t:|1779669253
|teamsize|p1|6
|teamsize|p2|6
|start
|switch|p1a: Gliscor|Gliscor, F|100/100
|switch|p2a: Iron Crown|Iron Crown|100/100
|turn|1
|
|t:|1779669260
|move|p1a: Gliscor|Protect|p1a: Gliscor
|-singleturn|p1a: Gliscor|Protect
|move|p2a: Iron Crown|Psychic Noise|p1a: Gliscor
|-activate|p1a: Gliscor|move: Protect
|
|-status|p1a: Gliscor|tox|[from] item: Toxic Orb
|upkeep
|turn|2
|
|t:|1779669263
|move|p2a: Iron Crown|Psychic Noise|p1a: Gliscor
|-damage|p1a: Gliscor|56/100 tox
|-start|p1a: Gliscor|move: Heal Block
|move|p1a: Gliscor|Knock Off|p2a: Iron Crown
|-supereffective|p2a: Iron Crown
|-damage|p2a: Iron Crown|53/100
|-enditem|p2a: Iron Crown|Choice Specs|[from] move: Knock Off|[of] p1a: Gliscor
|
|upkeep
|turn|3
|
|t:|1779669272
|switch|p1a: Blissey|Blissey, F|100/100
|move|p2a: Iron Crown|Psychic Noise|p1a: Blissey
|-damage|p1a: Blissey|89/100
|-start|p1a: Blissey|move: Heal Block
|
|upkeep
|turn|4
|
|t:|1779669276
|-end|p2a: Iron Crown|Quark Drive|[silent]
|switch|p2a: Lokix|Lokix, M|100/100
|move|p1a: Blissey|Seismic Toss|p2a: Lokix
|-damage|p2a: Lokix|65/100
|
|-end|p1a: Blissey|move: Heal Block
|upkeep
|turn|5
|
|t:|1779669290
|switch|p1a: Alomomola|Alomomola, M|100/100
|move|p2a: Lokix|Knock Off|p1a: Alomomola
|-crit|p1a: Alomomola
|-damage|p1a: Alomomola|47/100
|-enditem|p1a: Alomomola|Heavy-Duty Boots|[from] move: Knock Off|[of] p2a: Lokix
|
|upkeep
|turn|6
|
|t:|1779669297
|switch|p2a: Alomomola|Alomomola, F|100/100
|move|p1a: Alomomola|Wish|p1a: Alomomola
|
|upkeep
|turn|7
|
|t:|1779669305
|switch|p1a: Gliscor|Gliscor, F|56/100 tox
|move|p2a: Alomomola|Flip Turn|p1a: Gliscor
|-supereffective|p1a: Gliscor
|-damage|p1a: Gliscor|31/100 tox
|
|t:|1779669311
|switch|p2a: Iron Crown|Iron Crown|53/100|[from] Flip Turn
|
|-heal|p1a: Gliscor|100/100 tox|[from] move: Wish|[wisher] Alomomola
|upkeep
|turn|8
|
|t:|1779669318
|move|p2a: Iron Crown|Psychic Noise|p1a: Gliscor
|-damage|p1a: Gliscor|67/100 tox
|-start|p1a: Gliscor|move: Heal Block
|move|p1a: Gliscor|Knock Off|p2a: Iron Crown
|-supereffective|p2a: Iron Crown
|-damage|p2a: Iron Crown|24/100
|
|upkeep
|turn|9
|
|t:|1779669329
|-end|p2a: Iron Crown|Quark Drive|[silent]
|switch|p2a: Lokix|Lokix, M|65/100
|move|p1a: Gliscor|Protect||[still]
|-fail|p1a: Gliscor
|
|-end|p1a: Gliscor|move: Heal Block
|upkeep
|turn|10
|
|t:|1779669332
|-terastallize|p2a: Lokix|Bug
|move|p1a: Gliscor|Protect|p1a: Gliscor
|-singleturn|p1a: Gliscor|Protect
|move|p2a: Lokix|Leech Life|p1a: Gliscor
|-activate|p1a: Gliscor|move: Protect
|
|-heal|p1a: Gliscor|79/100 tox|[from] ability: Poison Heal
|upkeep
|turn|11
|
|t:|1779669336
|move|p2a: Lokix|Leech Life|p1a: Gliscor
|-resisted|p1a: Gliscor
|-damage|p1a: Gliscor|20/100 tox
|-heal|p2a: Lokix|100/100|[from] drain|[of] p1a: Gliscor
|move|p1a: Gliscor|Toxic|p2a: Lokix
|-status|p2a: Lokix|tox
|
|-damage|p2a: Lokix|95/100 tox|[from] psn
|-heal|p1a: Gliscor|33/100 tox|[from] ability: Poison Heal
|upkeep
|turn|12
|
|t:|1779669342
|move|p1a: Gliscor|Protect|p1a: Gliscor
|-singleturn|p1a: Gliscor|Protect
|move|p2a: Lokix|Leech Life|p1a: Gliscor
|-activate|p1a: Gliscor|move: Protect
|
|-damage|p2a: Lokix|83/100 tox|[from] psn
|-heal|p1a: Gliscor|45/100 tox|[from] ability: Poison Heal
|upkeep
|turn|13
|
|t:|1779669345
|switch|p1a: Alomomola|Alomomola, M|80/100
|move|p2a: Lokix|Leech Life|p1a: Alomomola
|-damage|p1a: Alomomola|41/100
|-heal|p2a: Lokix|100/100 tox|[from] drain|[of] p1a: Alomomola
|
|-damage|p2a: Lokix|83/100 tox|[from] psn
|upkeep
|turn|14
|
|t:|1779669350
|move|p2a: Lokix|Leech Life|p1a: Alomomola
|-damage|p1a: Alomomola|3/100
|-heal|p2a: Lokix|100/100 tox|[from] drain|[of] p1a: Alomomola
|move|p1a: Alomomola|Wish|p1a: Alomomola
|
|-damage|p2a: Lokix|77/100 tox|[from] psn
|upkeep
|turn|15
|
|t:|1779669354
|move|p1a: Alomomola|Protect|p1a: Alomomola
|-singleturn|p1a: Alomomola|Protect
|move|p2a: Lokix|Leech Life|p1a: Alomomola
|-activate|p1a: Alomomola|move: Protect
|
|-heal|p1a: Alomomola|53/100|[from] move: Wish|[wisher] Alomomola
|-damage|p2a: Lokix|47/100 tox|[from] psn
|upkeep
|turn|16
|
|t:|1779669357
|move|p2a: Lokix|Leech Life|p1a: Alomomola
|-damage|p1a: Alomomola|14/100
|-heal|p2a: Lokix|83/100 tox|[from] drain|[of] p1a: Alomomola
|move|p1a: Alomomola|Wish|p1a: Alomomola
|
|-damage|p2a: Lokix|47/100 tox|[from] psn
|upkeep
|turn|17
|
|t:|1779669360
|switch|p2a: Iron Crown|Iron Crown|24/100
|move|p1a: Alomomola|Protect||[still]
|-fail|p1a: Alomomola
|
|-heal|p1a: Alomomola|64/100|[from] move: Wish|[wisher] Alomomola
|upkeep
|turn|18
|
|t:|1779669370
|switch|p1a: Blissey|Blissey, F|89/100
|move|p2a: Iron Crown|Psychic Noise|p1a: Blissey
|-damage|p1a: Blissey|78/100
|-start|p1a: Blissey|move: Heal Block
|
|upkeep
|turn|19
|
|t:|1779669374
|-end|p2a: Iron Crown|Quark Drive|[silent]
|switch|p2a: Lokix|Lokix, M, tera:Bug|47/100 tox
|move|p1a: Blissey|Seismic Toss|p2a: Lokix
|-damage|p2a: Lokix|12/100 tox
|
|-damage|p2a: Lokix|6/100 tox|[from] psn
|-end|p1a: Blissey|move: Heal Block
|upkeep
|turn|20
|
|t:|1779669378
|switch|p1a: Corviknight|Corviknight, M|100/100
|-ability|p1a: Corviknight|Pressure
|move|p2a: Lokix|Leech Life|p1a: Corviknight
|-resisted|p1a: Corviknight
|-damage|p1a: Corviknight|77/100
|-heal|p2a: Lokix|23/100 tox|[from] drain|[of] p1a: Corviknight
|
|-heal|p1a: Corviknight|83/100|[from] item: Leftovers
|-damage|p2a: Lokix|11/100 tox|[from] psn
|upkeep
|turn|21
|
|t:|1779669383
|switch|p2a: Enamorus|Enamorus, F|100/100
|move|p1a: Corviknight|Brave Bird|p2a: Enamorus
|-damage|p2a: Enamorus|43/100
|-damage|p1a: Corviknight|69/100|[from] Recoil
|
|-heal|p1a: Corviknight|75/100|[from] item: Leftovers
|upkeep
|turn|22
|
|t:|1779669388
|move|p2a: Enamorus|Mystical Fire|p1a: Corviknight
|-supereffective|p1a: Corviknight
|-damage|p1a: Corviknight|18/100
|-unboost|p1a: Corviknight|spa|1
|move|p1a: Corviknight|Brave Bird|p2a: Enamorus
|-damage|p2a: Enamorus|0 fnt
|faint|p2a: Enamorus
|-damage|p1a: Corviknight|8/100|[from] Recoil
|
|-heal|p1a: Corviknight|14/100|[from] item: Leftovers
|upkeep
|
|t:|1779669396
|switch|p2a: Iron Crown|Iron Crown|24/100
|turn|23
|
|t:|1779669404
|switch|p1a: Blissey|Blissey, F|78/100
|move|p2a: Iron Crown|Psychic Noise|p1a: Blissey
|-damage|p1a: Blissey|67/100
|-start|p1a: Blissey|move: Heal Block
|
|upkeep
|turn|24
|
|t:|1779669410
|-end|p2a: Iron Crown|Quark Drive|[silent]
|switch|p2a: Pecharunt|Pecharunt|100/100
|move|p1a: Blissey|Shadow Ball|p2a: Pecharunt
|-supereffective|p2a: Pecharunt
|-damage|p2a: Pecharunt|72/100
|
|-end|p1a: Blissey|move: Heal Block
|upkeep
|turn|25
|
|t:|1779669414
|switch|p1a: Gliscor|Gliscor, F|45/100 tox
|move|p2a: Pecharunt|Malignant Chain|p1a: Gliscor
|-resisted|p1a: Gliscor
|-damage|p1a: Gliscor|33/100 tox
|
|-heal|p1a: Gliscor|46/100 tox|[from] ability: Poison Heal
|upkeep
|turn|26
|
|t:|1779669427
|move|p1a: Gliscor|Knock Off|p2a: Pecharunt
|-supereffective|p2a: Pecharunt
|-damage|p2a: Pecharunt|53/100
|-damage|p1a: Gliscor|29/100 tox|[from] item: Rocky Helmet|[of] p2a: Pecharunt
|-enditem|p2a: Pecharunt|Rocky Helmet|[from] move: Knock Off|[of] p1a: Gliscor
|move|p2a: Pecharunt|Parting Shot|p1a: Gliscor
|-unboost|p1a: Gliscor|atk|1
|-unboost|p1a: Gliscor|spa|1
|
|t:|1779669434
|switch|p2a: Lokix|Lokix, M, tera:Bug|11/100 tox|[from] Parting Shot
|
|-damage|p2a: Lokix|5/100 tox|[from] psn
|-heal|p1a: Gliscor|42/100 tox|[from] ability: Poison Heal
|upkeep
|turn|27
|
|t:|1779669437
|move|p1a: Gliscor|Protect|p1a: Gliscor
|-singleturn|p1a: Gliscor|Protect
|move|p2a: Lokix|Leech Life|p1a: Gliscor
|-activate|p1a: Gliscor|move: Protect
|
|-damage|p2a: Lokix|0 fnt|[from] psn
|faint|p2a: Lokix
|-heal|p1a: Gliscor|54/100 tox|[from] ability: Poison Heal
|upkeep
|
|t:|1779669444
|switch|p2a: Iron Crown|Iron Crown|24/100
|turn|28
|
|t:|1779669454
|switch|p1a: Blissey|Blissey, F|67/100
|move|p2a: Iron Crown|Psychic Noise|p1a: Blissey
|-damage|p1a: Blissey|56/100
|-start|p1a: Blissey|move: Heal Block
|
|upkeep
|turn|29
|
|t:|1779669462
|-end|p2a: Iron Crown|Quark Drive|[silent]
|switch|p2a: Pecharunt|Pecharunt|53/100
|move|p1a: Blissey|Seismic Toss|p2a: Pecharunt
|-immune|p2a: Pecharunt
|
|-end|p1a: Blissey|move: Heal Block
|upkeep
|turn|30
|
|t:|1779669465
|move|p2a: Pecharunt|Malignant Chain|p1a: Blissey
|-damage|p1a: Blissey|47/100
|-status|p1a: Blissey|tox
|-start|p1a: Blissey|confusion|[from] ability: Poison Puppeteer|[of] p2a: Pecharunt
|-activate|p1a: Blissey|confusion
|move|p1a: Blissey|Soft-Boiled|p1a: Blissey
|-heal|p1a: Blissey|97/100 tox
|
|-damage|p1a: Blissey|91/100 tox|[from] psn
|upkeep
|turn|31
|
|t:|1779669472
|switch|p2a: Alomomola|Alomomola, F|100/100
|-curestatus|p1a: Blissey|tox|[from] ability: Natural Cure|[silent]
|switch|p1a: Gliscor|Gliscor, F|54/100 tox
|
|-heal|p1a: Gliscor|67/100 tox|[from] ability: Poison Heal
|upkeep
|turn|32
|
|t:|1779669475
|move|p1a: Gliscor|Toxic|p2a: Alomomola
|-status|p2a: Alomomola|tox
|move|p2a: Alomomola|Flip Turn|p1a: Gliscor
|-supereffective|p1a: Gliscor
|-damage|p1a: Gliscor|41/100 tox
|
|t:|1779669479
|switch|p2a: Great Tusk|Great Tusk|100/100|[from] Flip Turn
|
|-heal|p1a: Gliscor|53/100 tox|[from] ability: Poison Heal
|upkeep
|turn|33
|
|t:|1779669487
|move|p1a: Gliscor|Protect|p1a: Gliscor
|-singleturn|p1a: Gliscor|Protect
|move|p2a: Great Tusk|Stealth Rock|p1a: Gliscor
|-sidestart|p1: betterteams123|move: Stealth Rock
|
|-heal|p1a: Gliscor|66/100 tox|[from] ability: Poison Heal
|upkeep
|turn|34
|
|t:|1779669491
|switch|p1a: Orthworm|Orthworm, M|100/100
|-damage|p1a: Orthworm|94/100|[from] Stealth Rock
|move|p2a: Great Tusk|Ice Spinner|p1a: Orthworm
|-resisted|p1a: Orthworm
|-damage|p1a: Orthworm|85/100
|
|-heal|p1a: Orthworm|91/100|[from] item: Leftovers
|upkeep
|turn|35
|
|t:|1779669503
|-end|p2a: Great Tusk|Protosynthesis|[silent]
|switch|p2a: Iron Crown|Iron Crown|24/100
|move|p1a: Orthworm|Body Press|p2a: Iron Crown
|-damage|p2a: Iron Crown|0 fnt
|faint|p2a: Iron Crown
|-end|p2a: Iron Crown|Quark Drive|[silent]
|
|-heal|p1a: Orthworm|97/100|[from] item: Leftovers
|upkeep
|
|t:|1779669508
|switch|p2a: Pecharunt|Pecharunt|53/100
|turn|36
|
|t:|1779669512
|move|p2a: Pecharunt|Recover|p2a: Pecharunt
|-heal|p2a: Pecharunt|100/100
|move|p1a: Orthworm|Iron Defense|p1a: Orthworm
|-boost|p1a: Orthworm|def|2
|
|-heal|p1a: Orthworm|100/100|[from] item: Leftovers
|upkeep
|turn|37
|
|t:|1779669519
|move|p2a: Pecharunt|Parting Shot|p1a: Orthworm
|-unboost|p1a: Orthworm|atk|1
|-unboost|p1a: Orthworm|spa|1
|
|t:|1779669523
|switch|p2a: Alomomola|Alomomola, F|100/100 tox|[from] Parting Shot
|move|p1a: Orthworm|Iron Defense|p1a: Orthworm
|-boost|p1a: Orthworm|def|2
|
|-damage|p2a: Alomomola|94/100 tox|[from] psn
|upkeep
|turn|38
|
|t:|1779669527
|move|p1a: Orthworm|Body Press|p2a: Alomomola
|-damage|p2a: Alomomola|25/100 tox
|move|p2a: Alomomola|Flip Turn|p1a: Orthworm
|-damage|p1a: Orthworm|97/100
|
|t:|1779669530
|switch|p2a: Pecharunt|Pecharunt|100/100|[from] Flip Turn
|
|-heal|p1a: Orthworm|100/100|[from] item: Leftovers
|upkeep
|turn|39
|
|t:|1779669534
|move|p2a: Pecharunt|Foul Play|p1a: Orthworm
|-damage|p1a: Orthworm|98/100
|move|p1a: Orthworm|Iron Defense|p1a: Orthworm
|-boost|p1a: Orthworm|def|2
|
|-heal|p1a: Orthworm|100/100|[from] item: Leftovers
|upkeep
|turn|40
|-message|muskat-mix forfeited.
|
|win|betterteams123
|raw|betterteams123's rating: 1475 &rarr; <strong>1494</strong><br />(+19 for winning)
|raw|muskat-mix's rating: 1455 &rarr; <strong>1436</strong><br />(-19 for losing)
|l|☆muskat-mix
|player|p2|
|l|☆betterteams123
|player|p1|
