|j|☆claudechamp
|j|☆sandwich26
|t:|1779684870
|gametype|singles
|player|p1|claudechamp|170|1150
|player|p2|sandwich26|plasmagrunt-gen5bw|1176
|gen|9
|tier|[Gen 9] OU
|rated|
|rule|HP Percentage Mod: HP is shown in percentages
|rule|Endless Battle Clause: Forcing endless battles is banned
|rule|Species Clause: Limit one of each Pokémon
|rule|OHKO Clause: OHKO moves are banned
|rule|Evasion Items Clause: Evasion items are banned
|rule|Evasion Moves Clause: Evasion moves are banned
|rule|Evasion Abilities Clause: Evasion abilities are banned
|rule|Sleep Moves Clause: Sleep-inducing moves are banned
|clearpoke
|poke|p1|Gliscor, M|
|poke|p1|Gholdengo|
|poke|p1|Zamazenta-*|
|poke|p1|Blissey, F|
|poke|p1|Skarmory, F|
|poke|p1|Pecharunt|
|poke|p2|Ribombee, M|
|poke|p2|Cryogonal|
|poke|p2|Zapdos-Galar|
|poke|p2|Rillaboom, M|
|poke|p2|Hydrapple, M|
|poke|p2|Primarina, F|
|teampreview
|c|☆claudechamp|hf
|inactive|Battle timer is ON: inactive players will automatically lose when time's up. (requested by claudechamp)
|
|t:|1779684875
|teamsize|p1|6
|teamsize|p2|6
|start
|switch|p1a: Skarmory|Skarmory, F|100/100
|switch|p2a: Ribombee|Ribombee, M|100/100
|turn|1
|
|t:|1779684901
|move|p2a: Ribombee|Sticky Web|p1a: Skarmory
|-sidestart|p1: claudechamp|move: Sticky Web
|move|p1a: Skarmory|Spikes|p2a: Ribombee
|-sidestart|p2: sandwich26|Spikes
|
|upkeep
|turn|2
|
|t:|1779684905
|move|p2a: Ribombee|Stun Spore|p1a: Skarmory
|-status|p1a: Skarmory|par
|move|p1a: Skarmory|Spikes|p2a: Ribombee
|-sidestart|p2: sandwich26|Spikes
|
|upkeep
|turn|3
|
|t:|1779684920
|switch|p2a: Cryogonal|Cryogonal|100/100
|move|p1a: Skarmory|Spikes|p2a: Cryogonal
|-sidestart|p2: sandwich26|Spikes
|
|upkeep
|turn|4
|
|t:|1779684926
|switch|p1a: Zamazenta|Zamazenta|100/100
|-ability|p1a: Zamazenta|Dauntless Shield|boost
|-boost|p1a: Zamazenta|def|1
|move|p2a: Cryogonal|Rapid Spin|p1a: Zamazenta
|-damage|p1a: Zamazenta|97/100
|-boost|p2a: Cryogonal|spe|1
|-sideend|p2: sandwich26|Spikes|[from] move: Rapid Spin|[of] p2a: Cryogonal
|
|upkeep
|turn|5
|
|t:|1779684937
|switch|p2a: Primarina|Primarina, F|100/100
|move|p1a: Zamazenta|Ice Fang|p2a: Primarina
|-resisted|p2a: Primarina
|-damage|p2a: Primarina|85/100
|
|upkeep
|turn|6
|
|t:|1779684946
|move|p1a: Zamazenta|Ice Fang|p2a: Primarina
|-resisted|p2a: Primarina
|-damage|p2a: Primarina|70/100
|move|p2a: Primarina|Moonblast|p1a: Zamazenta
|-supereffective|p1a: Zamazenta
|-damage|p1a: Zamazenta|0 fnt
|faint|p1a: Zamazenta
|
|upkeep
|
|t:|1779684951
|switch|p1a: Blissey|Blissey, F|100/100
|turn|7
|
|t:|1779684958
|move|p2a: Primarina|Moonblast|p1a: Blissey
|-damage|p1a: Blissey|84/100
|move|p1a: Blissey|Stealth Rock|p2a: Primarina
|-sidestart|p2: sandwich26|move: Stealth Rock
|
|upkeep
|turn|8
|
|t:|1779684965
|move|p2a: Primarina|Draining Kiss|p1a: Blissey
|-damage|p1a: Blissey|75/100
|-heal|p2a: Primarina|85/100|[from] drain|[of] p1a: Blissey
|move|p1a: Blissey|Calm Mind|p1a: Blissey
|-boost|p1a: Blissey|spa|1
|-boost|p1a: Blissey|spd|1
|
|upkeep
|turn|9
|
|t:|1779684975
|switch|p2a: Zapdos|Zapdos-Galar|100/100
|-damage|p2a: Zapdos|88/100|[from] Stealth Rock
|move|p1a: Blissey|Calm Mind|p1a: Blissey
|-boost|p1a: Blissey|spa|1
|-boost|p1a: Blissey|spd|1
|
|upkeep
|turn|10
|
|t:|1779684980
|move|p2a: Zapdos|Knock Off|p1a: Blissey
|-damage|p1a: Blissey|36/100
|-enditem|p1a: Blissey|Heavy-Duty Boots|[from] move: Knock Off|[of] p2a: Zapdos
|move|p1a: Blissey|Shadow Ball|p2a: Zapdos
|-damage|p2a: Zapdos|66/100
|-unboost|p2a: Zapdos|spd|1
|-ability|p2a: Zapdos|Defiant|boost
|-boost|p2a: Zapdos|atk|2
|
|upkeep
|turn|11
|
|t:|1779684989
|-terastallize|p1a: Blissey|Dark
|move|p2a: Zapdos|Close Combat|p1a: Blissey
|-supereffective|p1a: Blissey
|-damage|p1a: Blissey|0 fnt
|-unboost|p2a: Zapdos|def|1
|-unboost|p2a: Zapdos|spd|1
|faint|p1a: Blissey
|
|upkeep
|
|t:|1779684991
|switch|p1a: Gliscor|Gliscor, M|100/100
|turn|12
|
|t:|1779685002
|switch|p2a: Cryogonal|Cryogonal|100/100
|move|p1a: Gliscor|Protect||[still]
|-fail|p1a: Gliscor
|
|-status|p1a: Gliscor|tox|[from] item: Toxic Orb
|upkeep
|turn|13
|
|t:|1779685008
|move|p2a: Cryogonal|Rapid Spin|p1a: Gliscor
|-damage|p1a: Gliscor|96/100 tox
|-boost|p2a: Cryogonal|spe|1
|-sideend|p2: sandwich26|Stealth Rock|[from] move: Rapid Spin|[of] p2a: Cryogonal
|move|p1a: Gliscor|Knock Off|p2a: Cryogonal
|-damage|p2a: Cryogonal|59/100
|-enditem|p2a: Cryogonal|Heavy-Duty Boots|[from] move: Knock Off|[of] p1a: Gliscor
|
|-heal|p1a: Gliscor|100/100 tox|[from] ability: Poison Heal
|upkeep
|turn|14
|
|t:|1779685016
|move|p2a: Cryogonal|Ice Beam|p1a: Gliscor
|-supereffective|p1a: Gliscor
|-damage|p1a: Gliscor|0 fnt
|faint|p1a: Gliscor
|
|upkeep
|
|t:|1779685019
|switch|p1a: Gholdengo|Gholdengo|100/100
|-activate|p1a: Gholdengo|move: Sticky Web
|-unboost|p1a: Gholdengo|spe|1
|turn|15
|
|t:|1779685032
|move|p2a: Cryogonal|Recover|p2a: Cryogonal
|-heal|p2a: Cryogonal|100/100
|move|p1a: Gholdengo|Hex|p2a: Cryogonal
|-damage|p2a: Cryogonal|80/100
|
|upkeep
|turn|16
|
|t:|1779685047
|switch|p2a: Rillaboom|Rillaboom, M|100/100
|-fieldstart|move: Grassy Terrain|[from] ability: Grassy Surge|[of] p2a: Rillaboom
|move|p1a: Gholdengo|Hex|p2a: Rillaboom
|-damage|p2a: Rillaboom|67/100
|
|-heal|p2a: Rillaboom|73/100|[from] Grassy Terrain
|-heal|p2a: Rillaboom|79/100|[from] item: Leftovers
|upkeep
|turn|17
|
|t:|1779685059
|move|p2a: Rillaboom|Grassy Glide|p1a: Gholdengo
|-resisted|p1a: Gholdengo
|-damage|p1a: Gholdengo|86/100
|move|p1a: Gholdengo|Thunder Wave|p2a: Rillaboom|[miss]
|-miss|p1a: Gholdengo|p2a: Rillaboom
|
|-heal|p2a: Rillaboom|85/100|[from] Grassy Terrain
|-heal|p2a: Rillaboom|92/100|[from] item: Leftovers
|-heal|p1a: Gholdengo|92/100|[from] Grassy Terrain
|upkeep
|turn|18
|
|t:|1779685068
|move|p2a: Rillaboom|Protect|p2a: Rillaboom
|-singleturn|p2a: Rillaboom|Protect
|move|p1a: Gholdengo|Nasty Plot|p1a: Gholdengo
|-boost|p1a: Gholdengo|spa|2
|
|-heal|p2a: Rillaboom|98/100|[from] Grassy Terrain
|-heal|p2a: Rillaboom|100/100|[from] item: Leftovers
|-heal|p1a: Gholdengo|98/100|[from] Grassy Terrain
|upkeep
|turn|19
|
|t:|1779685080
|switch|p2a: Ribombee|Ribombee, M|100/100
|move|p1a: Gholdengo|Hex|p2a: Ribombee
|-damage|p2a: Ribombee|8/100
|
|-heal|p2a: Ribombee|14/100|[from] Grassy Terrain
|-heal|p1a: Gholdengo|100/100|[from] Grassy Terrain
|upkeep
|turn|20
|
|t:|1779685092
|move|p2a: Ribombee|Psychic Noise|p1a: Gholdengo
|-resisted|p1a: Gholdengo
|-damage|p1a: Gholdengo|90/100
|-start|p1a: Gholdengo|move: Heal Block
|move|p1a: Gholdengo|Hex|p2a: Ribombee
|-damage|p2a: Ribombee|0 fnt
|faint|p2a: Ribombee
|
|-fieldend|move: Grassy Terrain
|upkeep
|
|t:|1779685100
|switch|p2a: Zapdos|Zapdos-Galar|66/100
|turn|21
|
|t:|1779685106
|move|p2a: Zapdos|Knock Off|p1a: Gholdengo
|-supereffective|p1a: Gholdengo
|-damage|p1a: Gholdengo|33/100
|-enditem|p1a: Gholdengo|Ability Shield|[from] move: Knock Off|[of] p2a: Zapdos
|move|p1a: Gholdengo|Thunder Wave|p2a: Zapdos
|-status|p2a: Zapdos|par
|
|-end|p1a: Gholdengo|move: Heal Block
|upkeep
|turn|22
|
|t:|1779685114
|move|p1a: Gholdengo|Recover|p1a: Gholdengo
|-heal|p1a: Gholdengo|83/100
|move|p2a: Zapdos|Knock Off|p1a: Gholdengo
|-supereffective|p1a: Gholdengo
|-damage|p1a: Gholdengo|47/100
|
|upkeep
|turn|23
|
|t:|1779685121
|move|p1a: Gholdengo|Hex|p2a: Zapdos
|-damage|p2a: Zapdos|0 fnt
|faint|p2a: Zapdos
|
|upkeep
|
|t:|1779685128
|switch|p2a: Hydrapple|Hydrapple, M|100/100
|turn|24
|
|t:|1779685132
|move|p1a: Gholdengo|Thunder Wave|p2a: Hydrapple
|-status|p2a: Hydrapple|par
|move|p2a: Hydrapple|Earth Power|p1a: Gholdengo
|-supereffective|p1a: Gholdengo
|-damage|p1a: Gholdengo|0 fnt
|faint|p1a: Gholdengo
|
|upkeep
|
|t:|1779685139
|switch|p1a: Skarmory|Skarmory, F|100/100 par
|turn|25
|
|t:|1779685147
|switch|p2a: Primarina|Primarina, F|85/100
|move|p1a: Skarmory|Spikes|p2a: Primarina
|-sidestart|p2: sandwich26|Spikes
|
|upkeep
|turn|26
|
|t:|1779685157
|switch|p1a: Pecharunt|Pecharunt|100/100
|move|p2a: Primarina|Ice Beam|p1a: Pecharunt
|-damage|p1a: Pecharunt|65/100
|
|upkeep
|turn|27
|
|t:|1779685166
|move|p1a: Pecharunt|Recover|p1a: Pecharunt
|-heal|p1a: Pecharunt|100/100
|move|p2a: Primarina|Psychic Noise|p1a: Pecharunt
|-damage|p1a: Pecharunt|59/100
|-start|p1a: Pecharunt|move: Heal Block
|
|upkeep
|turn|28
|
|t:|1779685174
|move|p2a: Primarina|Ice Beam|p1a: Pecharunt
|-damage|p1a: Pecharunt|27/100
|move|p1a: Pecharunt|Parting Shot|p2a: Primarina
|-unboost|p2a: Primarina|atk|1
|-unboost|p2a: Primarina|spa|1
|
|t:|1779685181
|switch|p1a: Skarmory|Skarmory, F|100/100 par|[from] Parting Shot
|
|upkeep
|turn|29
|
|t:|1779685188
|switch|p2a: Cryogonal|Cryogonal|80/100
|cant|p1a: Skarmory|par
|
|upkeep
|turn|30
|
|t:|1779685196
|move|p2a: Cryogonal|Flash Cannon|p1a: Skarmory
|-resisted|p1a: Skarmory
|-damage|p1a: Skarmory|88/100 par
|-unboost|p1a: Skarmory|spd|1
|move|p1a: Skarmory|Whirlwind|p2a: Cryogonal
|drag|p2a: Rillaboom|Rillaboom, M|100/100
|-damage|p2a: Rillaboom|88/100|[from] Spikes
|-fieldstart|move: Grassy Terrain|[from] ability: Grassy Surge|[of] p2a: Rillaboom
|
|-heal|p2a: Rillaboom|94/100|[from] Grassy Terrain
|-heal|p2a: Rillaboom|100/100|[from] item: Leftovers
|upkeep
|turn|31
|
|t:|1779685209
|move|p2a: Rillaboom|Fake Out|p1a: Skarmory
|-resisted|p1a: Skarmory
|-damage|p1a: Skarmory|83/100 par
|cant|p1a: Skarmory|flinch
|
|upkeep
|turn|32
|
|t:|1779685215
|switch|p1a: Pecharunt|Pecharunt|27/100
|move|p2a: Rillaboom|Drain Punch|p1a: Pecharunt
|-immune|p1a: Pecharunt
|
|-heal|p1a: Pecharunt|33/100|[from] Grassy Terrain
|upkeep
|turn|33
|
|t:|1779685222
|move|p2a: Rillaboom|Grassy Glide|p1a: Pecharunt
|-resisted|p1a: Pecharunt
|-damage|p1a: Pecharunt|25/100
|move|p1a: Pecharunt|Recover|p1a: Pecharunt
|-heal|p1a: Pecharunt|75/100
|
|-heal|p1a: Pecharunt|81/100|[from] Grassy Terrain
|upkeep
|turn|34
|
|t:|1779685230
|move|p2a: Rillaboom|Protect|p2a: Rillaboom
|-singleturn|p2a: Rillaboom|Protect
|move|p1a: Pecharunt|Toxic|p2a: Rillaboom
|-activate|p2a: Rillaboom|move: Protect
|
|-heal|p1a: Pecharunt|87/100|[from] Grassy Terrain
|-fieldend|move: Grassy Terrain
|upkeep
|turn|35
|
|t:|1779685241
|switch|p2a: Cryogonal|Cryogonal|80/100
|move|p1a: Pecharunt|Shadow Ball|p2a: Cryogonal
|-damage|p2a: Cryogonal|62/100
|
|upkeep
|turn|36
|
|t:|1779685251
|move|p2a: Cryogonal|Ice Beam|p1a: Pecharunt
|-damage|p1a: Pecharunt|59/100
|move|p1a: Pecharunt|Toxic|p2a: Cryogonal
|-status|p2a: Cryogonal|tox
|-start|p2a: Cryogonal|confusion|[from] ability: Poison Puppeteer|[of] p1a: Pecharunt
|
|-damage|p2a: Cryogonal|56/100 tox|[from] psn
|upkeep
|turn|37
|
|t:|1779685257
|-activate|p2a: Cryogonal|confusion
|-damage|p2a: Cryogonal|47/100 tox|[from] confusion
|move|p1a: Pecharunt|Shadow Ball|p2a: Cryogonal
|-damage|p2a: Cryogonal|27/100 tox
|
|-damage|p2a: Cryogonal|15/100 tox|[from] psn
|upkeep
|turn|38
|
|t:|1779685264
|-activate|p2a: Cryogonal|confusion
|-damage|p2a: Cryogonal|5/100 tox|[from] confusion
|move|p1a: Pecharunt|Recover|p1a: Pecharunt
|-heal|p1a: Pecharunt|100/100
|
|-damage|p2a: Cryogonal|0 fnt|[from] psn
|faint|p2a: Cryogonal
|upkeep
|
|t:|1779685270
|switch|p2a: Hydrapple|Hydrapple, M|100/100 par
|-damage|p2a: Hydrapple|88/100 par|[from] Spikes
|turn|39
|
|t:|1779685276
|move|p1a: Pecharunt|Parting Shot|p2a: Hydrapple
|-unboost|p2a: Hydrapple|atk|1
|-unboost|p2a: Hydrapple|spa|1
|
|t:|1779685285
|switch|p1a: Skarmory|Skarmory, F|83/100 par|[from] Parting Shot
|move|p2a: Hydrapple|Draco Meteor|p1a: Skarmory
|-resisted|p1a: Skarmory
|-damage|p1a: Skarmory|39/100 par
|-unboost|p2a: Hydrapple|spa|2
|
|upkeep
|turn|40
|
|t:|1779685295
|switch|p2a: Rillaboom|Rillaboom, M|100/100
|-damage|p2a: Rillaboom|88/100|[from] Spikes
|-fieldstart|move: Grassy Terrain|[from] ability: Grassy Surge|[of] p2a: Rillaboom
|move|p1a: Skarmory|Roost|p1a: Skarmory
|-heal|p1a: Skarmory|89/100 par
|-singleturn|p1a: Skarmory|move: Roost
|
|-heal|p2a: Rillaboom|94/100|[from] Grassy Terrain
|-heal|p2a: Rillaboom|100/100|[from] item: Leftovers
|-heal|p1a: Skarmory|95/100 par|[from] Grassy Terrain
|upkeep
|turn|41
|
|t:|1779685307
|move|p2a: Rillaboom|Grassy Glide|p1a: Skarmory
|-resisted|p1a: Skarmory
|-damage|p1a: Skarmory|88/100 par
|cant|p1a: Skarmory|par
|
|upkeep
|turn|42
|
|t:|1779685317
|move|p2a: Rillaboom|Drain Punch|p1a: Skarmory
|-damage|p1a: Skarmory|72/100 par
|cant|p1a: Skarmory|par
|
|upkeep
|turn|43
|
|t:|1779685325
|switch|p1a: Pecharunt|Pecharunt|100/100
|move|p2a: Rillaboom|Drain Punch|p1a: Pecharunt
|-immune|p1a: Pecharunt
|
|upkeep
|turn|44
|
|t:|1779685342
|move|p2a: Rillaboom|Protect|p2a: Rillaboom
|-singleturn|p2a: Rillaboom|Protect
|move|p1a: Pecharunt|Parting Shot|p2a: Rillaboom
|-activate|p2a: Rillaboom|move: Protect
|
|-fieldend|move: Grassy Terrain
|upkeep
|turn|45
|
|t:|1779685350
|switch|p2a: Primarina|Primarina, F|85/100
|-damage|p2a: Primarina|73/100|[from] Spikes
|move|p1a: Pecharunt|Shadow Ball|p2a: Primarina
|-damage|p2a: Primarina|56/100
|-unboost|p2a: Primarina|spd|1
|
|upkeep
|turn|46
|
|t:|1779685359
|move|p1a: Pecharunt|Parting Shot|p2a: Primarina
|-unboost|p2a: Primarina|atk|1
|-unboost|p2a: Primarina|spa|1
|
|t:|1779685364
|switch|p1a: Skarmory|Skarmory, F|72/100 par|[from] Parting Shot
|move|p2a: Primarina|Psychic Noise|p1a: Skarmory
|-damage|p1a: Skarmory|36/100 par
|-start|p1a: Skarmory|move: Heal Block
|
|upkeep
|turn|47
|
|t:|1779685373
|switch|p1a: Pecharunt|Pecharunt|100/100
|move|p2a: Primarina|Psychic Noise|p1a: Pecharunt
|-damage|p1a: Pecharunt|73/100
|-start|p1a: Pecharunt|move: Heal Block
|
|upkeep
|turn|48
|
|t:|1779685384
|move|p1a: Pecharunt|Shadow Ball|p2a: Primarina
|-damage|p2a: Primarina|29/100
|move|p2a: Primarina|Ice Beam|p1a: Pecharunt
|-damage|p1a: Pecharunt|49/100
|
|-end|p1a: Pecharunt|move: Heal Block
|upkeep
|turn|49
|
|t:|1779685393
|move|p2a: Primarina|Psychic Noise|p1a: Pecharunt
|-damage|p1a: Pecharunt|23/100
|-start|p1a: Pecharunt|move: Heal Block
|cant|p1a: Pecharunt|move: Heal Block|Recover
|
|upkeep
|turn|50
|
|t:|1779685400
|move|p2a: Primarina|Ice Beam|p1a: Pecharunt
|-damage|p1a: Pecharunt|2/100
|move|p1a: Pecharunt|Parting Shot|p2a: Primarina
|-unboost|p2a: Primarina|atk|1
|-unboost|p2a: Primarina|spa|1
|
|t:|1779685405
|switch|p1a: Skarmory|Skarmory, F|36/100 par|[from] Parting Shot
|
|upkeep
|turn|51
|
|t:|1779685410
|switch|p2a: Hydrapple|Hydrapple, M|100/100 par
|-damage|p2a: Hydrapple|88/100 par|[from] Spikes
|move|p1a: Skarmory|Roost|p1a: Skarmory
|-heal|p1a: Skarmory|86/100 par
|-singleturn|p1a: Skarmory|move: Roost
|
|upkeep
|turn|52
|
|t:|1779685419
|-terastallize|p2a: Hydrapple|Grass
|move|p1a: Skarmory|Spikes|p2a: Hydrapple
|-sidestart|p2: sandwich26|Spikes
|move|p2a: Hydrapple|Leaf Storm|p1a: Skarmory
|-resisted|p1a: Skarmory
|-damage|p1a: Skarmory|35/100 par
|-unboost|p2a: Hydrapple|spa|2
|
|upkeep
|turn|53
|
|t:|1779685426
|move|p2a: Hydrapple|Leaf Storm|p1a: Skarmory
|-resisted|p1a: Skarmory
|-damage|p1a: Skarmory|11/100 par
|-unboost|p2a: Hydrapple|spa|2
|move|p1a: Skarmory|Whirlwind|p2a: Hydrapple
|drag|p2a: Primarina|Primarina, F|29/100
|-damage|p2a: Primarina|13/100|[from] Spikes
|
|upkeep
|turn|54
|
|t:|1779685439
|move|p2a: Primarina|Psychic Noise|p1a: Skarmory
|-damage|p1a: Skarmory|0 fnt
|faint|p1a: Skarmory
|
|upkeep
|
|t:|1779685443
|switch|p1a: Pecharunt|Pecharunt|2/100
|turn|55
|
|t:|1779685448
|move|p1a: Pecharunt|Recover|p1a: Pecharunt
|-heal|p1a: Pecharunt|52/100
|move|p2a: Primarina|Psychic Noise|p1a: Pecharunt
|-damage|p1a: Pecharunt|12/100
|-start|p1a: Pecharunt|move: Heal Block
|
|upkeep
|turn|56
|
|t:|1779685455
|move|p1a: Pecharunt|Shadow Ball|p2a: Primarina
|-damage|p2a: Primarina|0 fnt
|faint|p2a: Primarina
|
|-end|p1a: Pecharunt|move: Heal Block
|upkeep
|
|t:|1779685460
|switch|p2a: Hydrapple|Hydrapple, M, tera:Grass|100/100 par
|-damage|p2a: Hydrapple|84/100 par|[from] Spikes
|turn|57
|
|t:|1779685465
|move|p1a: Pecharunt|Recover|p1a: Pecharunt
|-heal|p1a: Pecharunt|62/100
|move|p2a: Hydrapple|Earth Power|p1a: Pecharunt
|-supereffective|p1a: Pecharunt
|-damage|p1a: Pecharunt|0 fnt
|faint|p1a: Pecharunt
|
|win|sandwich26
|raw|claudechamp's rating: 1110 &rarr; <strong>1090</strong><br />(-20 for losing)
|raw|sandwich26's rating: 1176 &rarr; <strong>1196</strong><br />(+20 for winning)
|c|☆claudechamp|gg
