|j|☆stan146
|j|☆A
|t:|1779610203
|gametype|singles
|player|p1|stan146|fisherman|1439
|player|p2|A|265|1501
|gen|9
|tier|[Gen 9] OU
|rated|
|rule|HP Percentage Mod: HP is shown in percentages
|rule|Endless Battle Clause: Forcing endless battles is banned
|rule|Species Clause: Limit one of each Pokémon
|rule|OHKO Clause: OHKO moves are banned
|rule|Evasion Items Clause: Evasion items are banned
|rule|Evasion Moves Clause: Evasion moves are banned
|rule|Evasion Abilities Clause: Evasion abilities are banned
|rule|Sleep Moves Clause: Sleep-inducing moves are banned
|clearpoke
|poke|p1|Glimmora, M|
|poke|p1|Ribombee, M|
|poke|p1|Gholdengo|
|poke|p1|Pawmot, M|
|poke|p1|Samurott-Hisui, F|
|poke|p1|Kingambit, M|
|poke|p2|Iron Hands|
|poke|p2|Kyurem|
|poke|p2|Clefable, F|
|poke|p2|Landorus-Therian, M|
|poke|p2|Slowking-Galar, F|
|poke|p2|Volcanion|
|teampreview
|inactive|Battle timer is ON: inactive players will automatically lose when time's up. (requested by stan146)
|j| Concept Everything
|l| Concept Everything
|j| Concept Everything
|
|t:|1779610226
|teamsize|p1|6
|teamsize|p2|6
|start
|switch|p1a: Ribombee|Ribombee, M|100/100
|switch|p2a: ASCENSIONISM|Iron Hands|100/100
|turn|1
|
|t:|1779610232
|-end|p2a: ASCENSIONISM|Quark Drive|[silent]
|switch|p2a: AQUA REGIA|Volcanion|100/100
|move|p1a: Ribombee|Sticky Web|p2a: AQUA REGIA
|-sidestart|p2: A|move: Sticky Web
|
|upkeep
|turn|2
|
|t:|1779610237
|move|p1a: Ribombee|Stun Spore|p2a: AQUA REGIA|[miss]
|-miss|p1a: Ribombee|p2a: AQUA REGIA
|move|p2a: AQUA REGIA|Steam Eruption|p1a: Ribombee
|-damage|p1a: Ribombee|5/100
|
|upkeep
|turn|3
|j| testingrainteam1
|l| testingrainteam1
|
|t:|1779610246
|move|p1a: Ribombee|Stun Spore|p2a: AQUA REGIA
|-status|p2a: AQUA REGIA|par
|move|p2a: AQUA REGIA|Steam Eruption|p1a: Ribombee
|-damage|p1a: Ribombee|0 fnt
|faint|p1a: Ribombee
|
|upkeep
|
|t:|1779610254
|switch|p1a: Samurott|Samurott-Hisui, F|100/100
|turn|4
|
|t:|1779610264
|switch|p2a: ASCENSIONISM|Iron Hands|100/100
|-activate|p2a: ASCENSIONISM|move: Sticky Web
|-unboost|p2a: ASCENSIONISM|spe|1
|move|p1a: Samurott|Ceaseless Edge|p2a: ASCENSIONISM
|-resisted|p2a: ASCENSIONISM
|-damage|p2a: ASCENSIONISM|83/100
|-sidestart|p2: A|Spikes
|
|upkeep
|turn|5
|
|t:|1779610273
|move|p1a: Samurott|Ceaseless Edge|p2a: ASCENSIONISM
|-resisted|p2a: ASCENSIONISM
|-damage|p2a: ASCENSIONISM|65/100
|-sidestart|p2: A|Spikes
|move|p2a: ASCENSIONISM|Swords Dance|p2a: ASCENSIONISM
|-boost|p2a: ASCENSIONISM|atk|2
|
|upkeep
|turn|6
|
|t:|1779610279
|move|p1a: Samurott|Ceaseless Edge|p2a: ASCENSIONISM|[miss]
|-miss|p1a: Samurott|p2a: ASCENSIONISM
|move|p2a: ASCENSIONISM|Drain Punch|p1a: Samurott
|-supereffective|p1a: Samurott
|-enditem|p1a: Samurott|Focus Sash
|-damage|p1a: Samurott|1/100
|-heal|p2a: ASCENSIONISM|99/100|[from] drain|[of] p1a: Samurott
|
|upkeep
|turn|7
|
|t:|1779610286
|move|p1a: Samurott|Ceaseless Edge|p2a: ASCENSIONISM
|-resisted|p2a: ASCENSIONISM
|-damage|p2a: ASCENSIONISM|83/100
|-sidestart|p2: A|Spikes
|move|p2a: ASCENSIONISM|Drain Punch|p1a: Samurott
|-supereffective|p1a: Samurott
|-damage|p1a: Samurott|0 fnt
|-heal|p2a: ASCENSIONISM|83/100|[from] drain|[of] p1a: Samurott
|faint|p1a: Samurott
|
|upkeep
|
|t:|1779610310
|switch|p1a: Glimmora|Glimmora, M|100/100
|turn|8
|
|t:|1779610314
|move|p1a: Glimmora|Earth Power|p2a: ASCENSIONISM
|-supereffective|p2a: ASCENSIONISM
|-damage|p2a: ASCENSIONISM|39/100
|move|p2a: ASCENSIONISM|Drain Punch|p1a: Glimmora
|-damage|p1a: Glimmora|0 fnt
|-heal|p2a: ASCENSIONISM|73/100|[from] drain|[of] p1a: Glimmora
|-activate|p1a: Glimmora|ability: Toxic Debris
|-sidestart|p2: A|move: Toxic Spikes
|faint|p1a: Glimmora
|
|upkeep
|j| testingrainteam1
|l| testingrainteam1
|
|t:|1779610332
|switch|p1a: Pawmot|Pawmot, M|100/100
|turn|9
|
|t:|1779610342
|move|p1a: Pawmot|Revival Blessing|p1a: Pawmot
|-enditem|p1a: Pawmot|Leppa Berry|[eat]
|-activate|p1a: Pawmot|item: Leppa Berry|Revival Blessing|[consumed]
|
|t:|1779610345
|-heal|p1: Ribombee|50/100|[from] move: Revival Blessing
|move|p2a: ASCENSIONISM|Drain Punch|p1a: Pawmot
|-damage|p1a: Pawmot|0 fnt
|-heal|p2a: ASCENSIONISM|100/100|[from] drain|[of] p1a: Pawmot
|faint|p1a: Pawmot
|
|upkeep
|
|t:|1779610352
|switch|p1a: Ribombee|Ribombee, M|50/100
|turn|10
|
|t:|1779610374
|move|p1a: Ribombee|Moonblast|p2a: ASCENSIONISM
|-supereffective|p2a: ASCENSIONISM
|-damage|p2a: ASCENSIONISM|36/100
|-unboost|p2a: ASCENSIONISM|spa|1
|move|p2a: ASCENSIONISM|Ice Punch|p1a: Ribombee
|-damage|p1a: Ribombee|0 fnt
|faint|p1a: Ribombee
|
|upkeep
|
|t:|1779610382
|switch|p1a: Gholdengo|Gholdengo|100/100
|-item|p1a: Gholdengo|Air Balloon
|turn|11
|
|t:|1779610387
|move|p1a: Gholdengo|Shadow Ball|p2a: ASCENSIONISM
|-damage|p2a: ASCENSIONISM|2/100
|move|p2a: ASCENSIONISM|Supercell Slam|p1a: Gholdengo
|-damage|p1a: Gholdengo|0 fnt
|-enditem|p1a: Gholdengo|Air Balloon
|faint|p1a: Gholdengo
|
|upkeep
|
|t:|1779610393
|switch|p1a: Kingambit|Kingambit, M|100/100
|-activate|p1a: Kingambit|ability: Supreme Overlord
|-start|p1a: Kingambit|fallen5|[silent]
|turn|12
|-enditem|p2a: ASCENSIONISM|Custap Berry|[eat]
|-activate|p2a: ASCENSIONISM|item: Custap Berry|[consumed]
|
|t:|1779610400
|move|p1a: Kingambit|Sucker Punch|p2a: ASCENSIONISM
|-resisted|p2a: ASCENSIONISM
|-damage|p2a: ASCENSIONISM|0 fnt
|faint|p2a: ASCENSIONISM
|-end|p2a: ASCENSIONISM|Quark Drive|[silent]
|
|upkeep
|
|t:|1779610406
|switch|p2a: GRANITE|Landorus-Therian, M|100/100
|-ability|p2a: GRANITE|Intimidate|boost
|-unboost|p1a: Kingambit|atk|1
|turn|13
|
|t:|1779610411
|-terastallize|p1a: Kingambit|Dark
|move|p2a: GRANITE|U-turn|p1a: Kingambit
|-supereffective|p1a: Kingambit
|-damage|p1a: Kingambit|56/100
|
|t:|1779610416
|switch|p2a: CHOKEHOLD|Slowking-Galar, F|100/100|[from] U-turn
|-activate|p2a: CHOKEHOLD|move: Sticky Web
|-unboost|p2a: CHOKEHOLD|spe|1
|-damage|p2a: CHOKEHOLD|76/100|[from] Spikes
|-sideend|p2: A|move: Toxic Spikes|[of] p2a: CHOKEHOLD
|move|p1a: Kingambit|Swords Dance|p1a: Kingambit
|-boost|p1a: Kingambit|atk|2
|
|-heal|p1a: Kingambit|62/100|[from] item: Leftovers
|upkeep
|turn|14
|
|t:|1779610420
|move|p1a: Kingambit|Kowtow Cleave|p2a: CHOKEHOLD
|-supereffective|p2a: CHOKEHOLD
|-damage|p2a: CHOKEHOLD|0 fnt
|faint|p2a: CHOKEHOLD
|
|-heal|p1a: Kingambit|68/100|[from] item: Leftovers
|upkeep
|
|t:|1779610423
|switch|p2a: GRANITE|Landorus-Therian, M|100/100
|-ability|p2a: GRANITE|Intimidate|boost
|-unboost|p1a: Kingambit|atk|1
|turn|15
|inactive|A has 120 seconds left.
|
|t:|1779610453
|-terastallize|p2a: GRANITE|Ground
|move|p2a: GRANITE|Earthquake|p1a: Kingambit
|-damage|p1a: Kingambit|0 fnt
|faint|p1a: Kingambit
|-end|p1a: Kingambit|fallen5|[silent]
|
|win|A
|raw|stan146's rating: 1439 &rarr; <strong>1423</strong><br />(-16 for losing)
|raw|A's rating: 1501 &rarr; <strong>1517</strong><br />(+16 for winning)
|l|☆stan146
|player|p1|
|j| GFYP
|j| ohmysquidward
|j| RedemptiveSketch
|j| cloud and storm
|l| GFYP
|l| cloud and storm
|l| RedemptiveSketch
|l| ohmysquidward
|j| TheEditor256
|l| TheEditor256
|j| TheEditor256
|j| CloudyEJ
|l| CloudyEJ
|n| TheEditor256|theeditor256
|l| TheEditor256
|j| bonczy
|j| Kyurem
|l| Kyurem
