|j|☆eros maniac
|j|☆krampus gon get u
|t:|1779685442
|gametype|singles
|player|p1|eros maniac|hilbert-wonderlauncher|1746
|player|p2|krampus gon get u|wallace|1605
|gen|9
|tier|[Gen 9] OU
|rated|
|rule|HP Percentage Mod: HP is shown in percentages
|rule|Endless Battle Clause: Forcing endless battles is banned
|rule|Species Clause: Limit one of each Pokémon
|rule|OHKO Clause: OHKO moves are banned
|rule|Evasion Items Clause: Evasion items are banned
|rule|Evasion Moves Clause: Evasion moves are banned
|rule|Evasion Abilities Clause: Evasion abilities are banned
|rule|Sleep Moves Clause: Sleep-inducing moves are banned
|clearpoke
|poke|p1|Frosmoth, F|
|poke|p1|Maushold-Four|
|poke|p1|Okidogi, M|
|poke|p1|Sinistcha|
|poke|p1|Alomomola, M|
|poke|p1|Weezing-Galar, M|
|poke|p2|Walking Wake|
|poke|p2|Samurott-Hisui, M|
|poke|p2|Gliscor, M|
|poke|p2|Enamorus, F|
|poke|p2|Great Tusk|
|poke|p2|Iron Crown|
|teampreview
|inactive|Battle timer is ON: inactive players will automatically lose when time's up. (requested by eros maniac)
|
|t:|1779685462
|teamsize|p1|6
|teamsize|p2|6
|start
|switch|p1a: Frosmoth|Frosmoth, F, shiny|100/100
|switch|p2a: Iron Crown|Iron Crown|100/100
|turn|1
|
|t:|1779685467
|-terastallize|p1a: Frosmoth|Electric
|move|p2a: Iron Crown|Tachyon Cutter|p1a: Frosmoth
|-resisted|p1a: Frosmoth
|-damage|p1a: Frosmoth|94/100
|-resisted|p1a: Frosmoth
|-damage|p1a: Frosmoth|88/100
|-hitcount|p1a: Frosmoth|2
|move|p1a: Frosmoth|Substitute|p1a: Frosmoth
|-start|p1a: Frosmoth|Substitute
|-damage|p1a: Frosmoth|63/100
|
|-heal|p1a: Frosmoth|69/100|[from] item: Leftovers
|upkeep
|turn|2
|
|t:|1779685478
|move|p2a: Iron Crown|Psyshock|p1a: Frosmoth
|-end|p1a: Frosmoth|Substitute
|move|p1a: Frosmoth|Quiver Dance|p1a: Frosmoth
|-boost|p1a: Frosmoth|spa|1
|-boost|p1a: Frosmoth|spd|1
|-boost|p1a: Frosmoth|spe|1
|
|-heal|p1a: Frosmoth|75/100|[from] item: Leftovers
|upkeep
|turn|3
|
|t:|1779685481
|move|p2a: Iron Crown|Psyshock|p1a: Frosmoth
|-damage|p1a: Frosmoth|39/100
|move|p1a: Frosmoth|Quiver Dance|p1a: Frosmoth
|-boost|p1a: Frosmoth|spa|1
|-boost|p1a: Frosmoth|spd|1
|-boost|p1a: Frosmoth|spe|1
|
|-heal|p1a: Frosmoth|45/100|[from] item: Leftovers
|upkeep
|turn|4
|
|t:|1779685487
|move|p1a: Frosmoth|Bug Buzz|p2a: Iron Crown
|-damage|p2a: Iron Crown|15/100
|move|p2a: Iron Crown|Psyshock|p1a: Frosmoth
|-damage|p1a: Frosmoth|9/100
|
|-heal|p1a: Frosmoth|15/100|[from] item: Leftovers
|upkeep
|turn|5
|
|t:|1779685512
|move|p1a: Frosmoth|Ice Beam|p2a: Iron Crown
|-resisted|p2a: Iron Crown
|-damage|p2a: Iron Crown|0 fnt
|faint|p2a: Iron Crown
|-end|p2a: Iron Crown|Quark Drive|[silent]
|
|-heal|p1a: Frosmoth|21/100|[from] item: Leftovers
|upkeep
|
|t:|1779685520
|switch|p2a: Enamorus|Enamorus, F|100/100
|turn|6
|
|t:|1779685524
|switch|p1a: Alomomola|Alomomola, M, shiny|100/100
|move|p2a: Enamorus|Earth Power|p1a: Alomomola
|-damage|p1a: Alomomola|69/100
|
|upkeep
|turn|7
|
|t:|1779685537
|switch|p2a: Samurott|Samurott-Hisui, M|100/100
|move|p1a: Alomomola|Wish|p1a: Alomomola
|
|upkeep
|turn|8
|
|t:|1779685542
|move|p2a: Samurott|Ceaseless Edge|p1a: Alomomola
|-damage|p1a: Alomomola|44/100
|-damage|p2a: Samurott|84/100|[from] item: Rocky Helmet|[of] p1a: Alomomola
|-sidestart|p1: eros maniac|Spikes
|move|p1a: Alomomola|Flip Turn|p2a: Samurott
|-resisted|p2a: Samurott
|-damage|p2a: Samurott|75/100
|
|t:|1779685544
|switch|p1a: Frosmoth|Frosmoth, F, shiny, tera:Electric|21/100|[from] Flip Turn
|-damage|p1a: Frosmoth|8/100|[from] Spikes
|
|-heal|p1a: Frosmoth|86/100|[from] move: Wish|[wisher] Alomomola
|-heal|p1a: Frosmoth|92/100|[from] item: Leftovers
|upkeep
|turn|9
|
|t:|1779685550
|switch|p1a: Weezing|Weezing-Galar, M|100/100
|-ability|p1a: Weezing|Neutralizing Gas
|-damage|p1a: Weezing|88/100|[from] Spikes
|move|p2a: Samurott|Knock Off|p1a: Weezing
|-resisted|p1a: Weezing
|-crit|p1a: Weezing
|-damage|p1a: Weezing|64/100
|-enditem|p1a: Weezing|Shuca Berry|[from] move: Knock Off|[of] p2a: Samurott
|
|upkeep
|turn|10
|
|t:|1779685560
|switch|p2a: Enamorus|Enamorus, F|100/100
|move|p1a: Weezing|Defog|p2a: Enamorus
|-unboost|p2a: Enamorus|evasion|1
|-sideend|p1: eros maniac|Spikes|[from] move: Defog|[of] p1a: Weezing
|
|upkeep
|turn|11
|j| Concept Everything
|
|t:|1779685566
|-end|p1a: Weezing|ability: Neutralizing Gas
|switch|p1a: Frosmoth|Frosmoth, F, shiny, tera:Electric|92/100
|move|p2a: Enamorus|Earth Power|p1a: Frosmoth
|-supereffective|p1a: Frosmoth
|-damage|p1a: Frosmoth|62/100
|
|-heal|p1a: Frosmoth|69/100|[from] item: Leftovers
|upkeep
|turn|12
|
|t:|1779685571
|-terastallize|p2a: Enamorus|Ground
|move|p2a: Enamorus|Earth Power|p1a: Frosmoth
|-supereffective|p1a: Frosmoth
|-damage|p1a: Frosmoth|21/100
|move|p1a: Frosmoth|Bug Buzz|p2a: Enamorus
|-crit|p2a: Enamorus
|-damage|p2a: Enamorus|0 fnt
|faint|p2a: Enamorus
|
|-heal|p1a: Frosmoth|27/100|[from] item: Leftovers
|upkeep
|
|t:|1779685594
|switch|p2a: Gliscor|Gliscor, M|100/100
|turn|13
|
|t:|1779685599
|switch|p1a: Alomomola|Alomomola, M, shiny|77/100
|move|p2a: Gliscor|Swords Dance|p2a: Gliscor
|-boost|p2a: Gliscor|atk|2
|
|upkeep
|turn|14
|
|t:|1779685602
|move|p2a: Gliscor|Acrobatics|p1a: Alomomola
|-damage|p1a: Alomomola|17/100
|-damage|p2a: Gliscor|84/100|[from] item: Rocky Helmet|[of] p1a: Alomomola
|move|p1a: Alomomola|Flip Turn|p2a: Gliscor
|-supereffective|p2a: Gliscor
|-damage|p2a: Gliscor|54/100
|
|t:|1779685609
|switch|p1a: Maushold|Maushold-Four|100/100|[from] Flip Turn
|
|upkeep
|turn|15
|
|t:|1779685620
|switch|p2a: Great Tusk|Great Tusk|100/100
|move|p1a: Maushold|Population Bomb|p2a: Great Tusk
|-damage|p2a: Great Tusk|93/100
|-damage|p1a: Maushold|84/100|[from] item: Rocky Helmet|[of] p2a: Great Tusk
|-damage|p2a: Great Tusk|85/100
|-damage|p1a: Maushold|68/100|[from] item: Rocky Helmet|[of] p2a: Great Tusk
|-damage|p2a: Great Tusk|77/100
|-damage|p1a: Maushold|51/100|[from] item: Rocky Helmet|[of] p2a: Great Tusk
|-damage|p2a: Great Tusk|69/100
|-damage|p1a: Maushold|35/100|[from] item: Rocky Helmet|[of] p2a: Great Tusk
|-damage|p2a: Great Tusk|61/100
|-damage|p1a: Maushold|18/100|[from] item: Rocky Helmet|[of] p2a: Great Tusk
|-damage|p2a: Great Tusk|53/100
|-damage|p1a: Maushold|2/100|[from] item: Rocky Helmet|[of] p2a: Great Tusk
|-damage|p2a: Great Tusk|45/100
|-damage|p1a: Maushold|0 fnt|[from] item: Rocky Helmet|[of] p2a: Great Tusk
|faint|p1a: Maushold
|-hitcount|p2a: Great Tusk|7
|
|upkeep
|
|t:|1779685623
|switch|p1a: Sinistcha|Sinistcha, shiny|100/100
|turn|16
|
|t:|1779685639
|move|p2a: Great Tusk|Stealth Rock|p1a: Sinistcha
|-sidestart|p1: eros maniac|move: Stealth Rock
|move|p1a: Sinistcha|Matcha Gotcha|p2a: Great Tusk
|-supereffective|p2a: Great Tusk
|-damage|p2a: Great Tusk|0 fnt
|faint|p2a: Great Tusk
|-end|p2a: Great Tusk|Protosynthesis|[silent]
|
|upkeep
|
|t:|1779685646
|switch|p2a: Samurott|Samurott-Hisui, M|75/100
|turn|17
|
|t:|1779685650
|move|p2a: Samurott|Ceaseless Edge|p1a: Sinistcha
|-supereffective|p1a: Sinistcha
|-enditem|p1a: Sinistcha|Colbur Berry|[eat]
|-enditem|p1a: Sinistcha|Colbur Berry|[weaken]
|-damage|p1a: Sinistcha|72/100
|-sidestart|p1: eros maniac|Spikes
|move|p1a: Sinistcha|Matcha Gotcha|p2a: Samurott
|-supereffective|p2a: Samurott
|-damage|p2a: Samurott|25/100
|-heal|p1a: Sinistcha|99/100|[from] drain|[of] p2a: Samurott
|
|upkeep
|turn|18
|
|t:|1779685657
|move|p2a: Samurott|Ceaseless Edge|p1a: Sinistcha
|-supereffective|p1a: Sinistcha
|-damage|p1a: Sinistcha|35/100
|-sidestart|p1: eros maniac|Spikes
|move|p1a: Sinistcha|Strength Sap|p2a: Samurott
|-unboost|p2a: Samurott|atk|1
|-heal|p1a: Sinistcha|100/100
|
|upkeep
|turn|19
|j| Electronno
|
|t:|1779685661
|switch|p1a: Weezing|Weezing-Galar, M|64/100
|-ability|p1a: Weezing|Neutralizing Gas
|-damage|p1a: Weezing|52/100|[from] Stealth Rock
|-damage|p1a: Weezing|35/100|[from] Spikes
|move|p2a: Samurott|Ceaseless Edge|p1a: Weezing
|-resisted|p1a: Weezing
|-damage|p1a: Weezing|28/100
|-sidestart|p1: eros maniac|Spikes
|
|upkeep
|turn|20
|
|t:|1779685667
|move|p2a: Samurott|Razor Shell|p1a: Weezing
|-damage|p1a: Weezing|13/100
|-unboost|p1a: Weezing|def|1
|move|p1a: Weezing|Defog|p2a: Samurott
|-unboost|p2a: Samurott|evasion|1
|-sideend|p1: eros maniac|Spikes|[from] move: Defog|[of] p1a: Weezing
|-sideend|p1: eros maniac|Stealth Rock|[from] move: Defog|[of] p1a: Weezing
|
|upkeep
|turn|21
|
|t:|1779685674
|move|p2a: Samurott|Razor Shell|p1a: Weezing
|-damage|p1a: Weezing|0 fnt
|faint|p1a: Weezing
|-end|p1a: Weezing|ability: Neutralizing Gas
|
|upkeep
|
|t:|1779685678
|switch|p1a: Okidogi|Okidogi, M|100/100
|turn|22
|
|t:|1779685684
|move|p2a: Samurott|Ceaseless Edge|p1a: Okidogi
|-resisted|p1a: Okidogi
|-damage|p1a: Okidogi|89/100
|-sidestart|p1: eros maniac|Spikes
|move|p1a: Okidogi|Knock Off|p2a: Samurott
|-resisted|p2a: Samurott
|-damage|p2a: Samurott|0 fnt
|-enditem|p2a: Samurott|Assault Vest|[from] move: Knock Off|[of] p1a: Okidogi
|faint|p2a: Samurott
|
|upkeep
|
|t:|1779685697
|switch|p2a: Walking Wake|Walking Wake|100/100
|turn|23
|
|t:|1779685702
|move|p2a: Walking Wake|Surf|p1a: Okidogi
|-crit|p1a: Okidogi
|-damage|p1a: Okidogi|0 fnt
|faint|p1a: Okidogi
|
|upkeep
|
|t:|1779685705
|switch|p1a: Alomomola|Alomomola, M, shiny|50/100
|-damage|p1a: Alomomola|38/100|[from] Spikes
|turn|24
|
|t:|1779685714
|switch|p1a: Sinistcha|Sinistcha, shiny|100/100
|-damage|p1a: Sinistcha|88/100|[from] Spikes
|move|p2a: Walking Wake|Draco Meteor|p1a: Sinistcha
|-damage|p1a: Sinistcha|0 fnt
|-unboost|p2a: Walking Wake|spa|2
|faint|p1a: Sinistcha
|
|upkeep
|
|t:|1779685716
|switch|p1a: Alomomola|Alomomola, M, shiny|71/100
|-damage|p1a: Alomomola|59/100|[from] Spikes
|turn|25
|
|t:|1779685722
|-end|p2a: Walking Wake|Protosynthesis|[silent]
|switch|p2a: Gliscor|Gliscor, M|54/100
|move|p1a: Alomomola|Wish|p1a: Alomomola
|
|upkeep
|turn|26
|
|t:|1779685728
|switch|p2a: Walking Wake|Walking Wake|100/100
|move|p1a: Alomomola|Flip Turn|p2a: Walking Wake
|-resisted|p2a: Walking Wake
|-damage|p2a: Walking Wake|96/100
|
|t:|1779685730
|switch|p1a: Frosmoth|Frosmoth, F, shiny, tera:Electric|27/100|[from] Flip Turn
|-damage|p1a: Frosmoth|15/100|[from] Spikes
|
|-heal|p1a: Frosmoth|92/100|[from] move: Wish|[wisher] Alomomola
|-heal|p1a: Frosmoth|98/100|[from] item: Leftovers
|upkeep
|turn|27
|
|t:|1779685736
|move|p2a: Walking Wake|Surf|p1a: Frosmoth
|-damage|p1a: Frosmoth|74/100
|move|p1a: Frosmoth|Substitute|p1a: Frosmoth
|-start|p1a: Frosmoth|Substitute
|-damage|p1a: Frosmoth|49/100
|
|-heal|p1a: Frosmoth|55/100|[from] item: Leftovers
|upkeep
|turn|28
|
|t:|1779685740
|move|p2a: Walking Wake|Surf|p1a: Frosmoth
|-end|p1a: Frosmoth|Substitute
|move|p1a: Frosmoth|Quiver Dance|p1a: Frosmoth
|-boost|p1a: Frosmoth|spa|1
|-boost|p1a: Frosmoth|spd|1
|-boost|p1a: Frosmoth|spe|1
|
|-heal|p1a: Frosmoth|61/100|[from] item: Leftovers
|upkeep
|turn|29
|
|t:|1779685748
|move|p2a: Walking Wake|Draco Meteor|p1a: Frosmoth
|-damage|p1a: Frosmoth|39/100
|-unboost|p2a: Walking Wake|spa|2
|move|p1a: Frosmoth|Quiver Dance|p1a: Frosmoth
|-boost|p1a: Frosmoth|spa|1
|-boost|p1a: Frosmoth|spd|1
|-boost|p1a: Frosmoth|spe|1
|
|-heal|p1a: Frosmoth|45/100|[from] item: Leftovers
|upkeep
|turn|30
|
|t:|1779685754
|move|p1a: Frosmoth|Quiver Dance|p1a: Frosmoth
|-boost|p1a: Frosmoth|spa|1
|-boost|p1a: Frosmoth|spd|1
|-boost|p1a: Frosmoth|spe|1
|move|p2a: Walking Wake|Draco Meteor|p1a: Frosmoth
|-damage|p1a: Frosmoth|37/100
|-unboost|p2a: Walking Wake|spa|2
|
|-heal|p1a: Frosmoth|43/100|[from] item: Leftovers
|upkeep
|turn|31
|
|t:|1779685757
|move|p1a: Frosmoth|Substitute|p1a: Frosmoth
|-start|p1a: Frosmoth|Substitute
|-damage|p1a: Frosmoth|18/100
|move|p2a: Walking Wake|Draco Meteor|p1a: Frosmoth
|-activate|p1a: Frosmoth|move: Substitute|[damage]
|-unboost|p2a: Walking Wake|spa|2
|
|-heal|p1a: Frosmoth|24/100|[from] item: Leftovers
|upkeep
|turn|32
|
|t:|1779685760
|move|p1a: Frosmoth|Ice Beam|p2a: Walking Wake
|-damage|p2a: Walking Wake|0 fnt
|faint|p2a: Walking Wake
|-end|p2a: Walking Wake|Protosynthesis|[silent]
|
|-heal|p1a: Frosmoth|30/100|[from] item: Leftovers
|upkeep
|
|t:|1779685763
|switch|p2a: Gliscor|Gliscor, M|54/100
|turn|33
|c|☆eros maniac|Gg
|
|t:|1779685767
|move|p1a: Frosmoth|Ice Beam|p2a: Gliscor
|-supereffective|p2a: Gliscor
|-damage|p2a: Gliscor|0 fnt
|faint|p2a: Gliscor
|
|win|eros maniac
|raw|eros maniac's rating: 1746 &rarr; <strong>1758</strong><br />(+12 for winning)
|raw|krampus gon get u's rating: 1605 &rarr; <strong>1593</strong><br />(-12 for losing)
|l| Electronno
|l|☆eros maniac
|player|p1|
|l|☆krampus gon get u
|player|p2|
