|j|☆931a
|j|‽iaremoose
|t:|1779688736
|gametype|singles
|player|p1|931a|266|1370
|player|p2|iaremoose|harlequin|1423
|gen|9
|tier|[Gen 9] OU
|rated|
|rule|HP Percentage Mod: HP is shown in percentages
|rule|Endless Battle Clause: Forcing endless battles is banned
|rule|Species Clause: Limit one of each Pokémon
|rule|OHKO Clause: OHKO moves are banned
|rule|Evasion Items Clause: Evasion items are banned
|rule|Evasion Moves Clause: Evasion moves are banned
|rule|Evasion Abilities Clause: Evasion abilities are banned
|rule|Sleep Moves Clause: Sleep-inducing moves are banned
|clearpoke
|poke|p1|Great Tusk|
|poke|p1|Meowscarada, F|
|poke|p1|Gholdengo|
|poke|p1|Latios, M|
|poke|p1|Glimmora, F|
|poke|p1|Primarina, M|
|poke|p2|Primarina, M|
|poke|p2|Blaziken, M|
|poke|p2|Glimmora, F|
|poke|p2|Jirachi|
|poke|p2|Dragonite, F|
|poke|p2|Corviknight, M|
|teampreview
|
|t:|1779688767
|teamsize|p1|6
|teamsize|p2|6
|start
|switch|p1a: Latios|Latios, M|100/100
|switch|p2a: Blaziken|Blaziken, M, shiny|100/100
|turn|1
|
|t:|1779688774
|move|p1a: Latios|Luster Purge|p2a: Blaziken
|-supereffective|p2a: Blaziken
|-enditem|p2a: Blaziken|Focus Sash
|-damage|p2a: Blaziken|1/100
|move|p2a: Blaziken|Knock Off|p1a: Latios
|-supereffective|p1a: Latios
|-damage|p1a: Latios|13/100
|-enditem|p1a: Latios|Choice Specs|[from] move: Knock Off|[of] p2a: Blaziken
|
|-ability|p2a: Blaziken|Speed Boost|boost
|-boost|p2a: Blaziken|spe|1
|upkeep
|turn|2
|
|t:|1779688793
|switch|p1a: Great Tusk|Great Tusk|100/100
|-enditem|p1a: Great Tusk|Booster Energy
|-activate|p1a: Great Tusk|ability: Protosynthesis|[fromitem]
|-start|p1a: Great Tusk|protosynthesisatk
|move|p2a: Blaziken|Knock Off|p1a: Great Tusk
|-resisted|p1a: Great Tusk
|-damage|p1a: Great Tusk|93/100
|
|-ability|p2a: Blaziken|Speed Boost|boost
|-boost|p2a: Blaziken|spe|1
|upkeep
|turn|3
|
|t:|1779688806
|move|p2a: Blaziken|Close Combat|p1a: Great Tusk
|-damage|p1a: Great Tusk|53/100
|-unboost|p2a: Blaziken|def|1
|-unboost|p2a: Blaziken|spd|1
|move|p1a: Great Tusk|Rapid Spin|p2a: Blaziken
|-damage|p2a: Blaziken|0 fnt
|-boost|p1a: Great Tusk|spe|1
|faint|p2a: Blaziken
|
|upkeep
|
|t:|1779688814
|switch|p2a: Primarina|Primarina, M, shiny|100/100
|turn|4
|
|t:|1779688824
|move|p1a: Great Tusk|Headlong Rush|p2a: Primarina
|-damage|p2a: Primarina|35/100
|-unboost|p1a: Great Tusk|def|1
|-unboost|p1a: Great Tusk|spd|1
|move|p2a: Primarina|Whirlpool|p1a: Great Tusk|[miss]
|-miss|p2a: Primarina|p1a: Great Tusk
|
|-heal|p2a: Primarina|41/100|[from] item: Leftovers
|upkeep
|turn|5
|
|t:|1779688838
|switch|p2a: Corviknight|Corviknight, M, shiny|100/100
|-ability|p2a: Corviknight|Pressure
|move|p1a: Great Tusk|Headlong Rush|p2a: Corviknight
|-immune|p2a: Corviknight
|
|upkeep
|turn|6
|
|t:|1779688847
|-end|p1a: Great Tusk|Protosynthesis|[silent]
|switch|p1a: Gholdengo|Gholdengo|100/100
|move|p2a: Corviknight|Brave Bird|p1a: Gholdengo
|-resisted|p1a: Gholdengo
|-damage|p1a: Gholdengo|80/100
|-damage|p2a: Corviknight|95/100|[from] Recoil
|
|upkeep
|turn|7
|
|t:|1779688859
|move|p1a: Gholdengo|Shadow Ball|p2a: Corviknight
|-damage|p2a: Corviknight|55/100
|-unboost|p2a: Corviknight|spd|1
|move|p2a: Corviknight|U-turn|p1a: Gholdengo
|-resisted|p1a: Gholdengo
|-damage|p1a: Gholdengo|76/100
|
|t:|1779688870
|switch|p2a: Glimmora|Glimmora, F, shiny|100/100|[from] U-turn
|
|upkeep
|turn|8
|
|t:|1779688878
|move|p1a: Gholdengo|Shadow Ball|p2a: Glimmora
|-damage|p2a: Glimmora|44/100
|move|p2a: Glimmora|Stealth Rock|p1a: Gholdengo
|-sidestart|p1: 931a|move: Stealth Rock
|
|upkeep
|turn|9
|
|t:|1779688895
|move|p1a: Gholdengo|Shadow Ball|p2a: Glimmora
|-damage|p2a: Glimmora|0 fnt
|faint|p2a: Glimmora
|
|upkeep
|
|t:|1779688902
|switch|p2a: Dragonite|Dragonite, F, shiny|100/100
|turn|10
|
|t:|1779688910
|switch|p1a: Glimmora|Glimmora, F|100/100
|-damage|p1a: Glimmora|88/100|[from] Stealth Rock
|-terastallize|p2a: Dragonite|Normal
|move|p2a: Dragonite|Dragon Dance|p2a: Dragonite
|-boost|p2a: Dragonite|atk|1
|-boost|p2a: Dragonite|spe|1
|
|upkeep
|turn|11
|
|t:|1779688923
|move|p2a: Dragonite|Earthquake|p1a: Glimmora
|-supereffective|p1a: Glimmora
|-damage|p1a: Glimmora|0 fnt
|-activate|p1a: Glimmora|ability: Toxic Debris
|-sidestart|p2: iaremoose|move: Toxic Spikes
|faint|p1a: Glimmora
|
|upkeep
|
|t:|1779688944
|switch|p1a: Gholdengo|Gholdengo|76/100
|-damage|p1a: Gholdengo|70/100|[from] Stealth Rock
|turn|12
|
|t:|1779688954
|switch|p2a: Primarina|Primarina, M, shiny|41/100
|-status|p2a: Primarina|psn
|move|p1a: Gholdengo|Trick|p2a: Primarina
|-activate|p1a: Gholdengo|move: Trick|[of] p2a: Primarina
|-item|p2a: Primarina|Choice Scarf|[from] move: Trick
|-item|p1a: Gholdengo|Leftovers|[from] move: Trick
|
|-heal|p1a: Gholdengo|76/100|[from] item: Leftovers
|-damage|p2a: Primarina|29/100 psn|[from] psn
|upkeep
|turn|13
|
|t:|1779688974
|move|p1a: Gholdengo|Make It Rain|p2a: Primarina
|-damage|p2a: Primarina|0 fnt
|-unboost|p1a: Gholdengo|spa|1
|faint|p2a: Primarina
|
|-heal|p1a: Gholdengo|82/100|[from] item: Leftovers
|upkeep
|
|t:|1779688981
|switch|p2a: Dragonite|Dragonite, F, shiny, tera:Normal|100/100
|turn|14
|
|t:|1779689010
|switch|p1a: Great Tusk|Great Tusk|53/100
|-damage|p1a: Great Tusk|50/100|[from] Stealth Rock
|move|p2a: Dragonite|Dragon Dance|p2a: Dragonite
|-boost|p2a: Dragonite|atk|1
|-boost|p2a: Dragonite|spe|1
|
|upkeep
|turn|15
|
|t:|1779689097
|move|p2a: Dragonite|Extreme Speed|p1a: Great Tusk
|-damage|p1a: Great Tusk|3/100
|move|p1a: Great Tusk|Close Combat|p2a: Dragonite
|-supereffective|p2a: Dragonite
|-damage|p2a: Dragonite|30/100
|-unboost|p1a: Great Tusk|def|1
|-unboost|p1a: Great Tusk|spd|1
|
|upkeep
|turn|16
|
|t:|1779689110
|move|p2a: Dragonite|Extreme Speed|p1a: Great Tusk
|-damage|p1a: Great Tusk|0 fnt
|faint|p1a: Great Tusk
|-end|p1a: Great Tusk|Protosynthesis|[silent]
|
|upkeep
|
|t:|1779689117
|switch|p1a: Primarina|Primarina, M|100/100
|-damage|p1a: Primarina|88/100|[from] Stealth Rock
|turn|17
|
|t:|1779689132
|switch|p2a: Jirachi|Jirachi, shiny|100/100
|-terastallize|p1a: Primarina|Water
|move|p1a: Primarina|Sparkling Aria|p2a: Jirachi
|-damage|p2a: Jirachi|45/100
|
|-heal|p2a: Jirachi|51/100|[from] item: Leftovers
|upkeep
|turn|18
|
|t:|1779689153
|switch|p1a: Gholdengo|Gholdengo|82/100
|-damage|p1a: Gholdengo|76/100|[from] Stealth Rock
|move|p2a: Jirachi|Protect||[still]
|-fail|p2a: Jirachi
|
|-heal|p1a: Gholdengo|82/100|[from] item: Leftovers
|-heal|p2a: Jirachi|57/100|[from] item: Leftovers
|upkeep
|turn|19
|
|t:|1779689166
|move|p2a: Jirachi|Protect|p2a: Jirachi
|-singleturn|p2a: Jirachi|Protect
|move|p1a: Gholdengo|Nasty Plot|p1a: Gholdengo
|-boost|p1a: Gholdengo|spa|2
|
|-heal|p1a: Gholdengo|88/100|[from] item: Leftovers
|-heal|p2a: Jirachi|64/100|[from] item: Leftovers
|upkeep
|turn|20
|
|t:|1779689176
|move|p1a: Gholdengo|Nasty Plot|p1a: Gholdengo
|-boost|p1a: Gholdengo|spa|2
|move|p2a: Jirachi|Wish|p2a: Jirachi
|
|-heal|p1a: Gholdengo|94/100|[from] item: Leftovers
|-heal|p2a: Jirachi|70/100|[from] item: Leftovers
|upkeep
|turn|21
|
|t:|1779689189
|move|p1a: Gholdengo|Make It Rain|p2a: Jirachi
|-resisted|p2a: Jirachi
|-damage|p2a: Jirachi|0 fnt
|-unboost|p1a: Gholdengo|spa|1
|faint|p2a: Jirachi
|
|-heal|p1a: Gholdengo|99/100|[from] item: Leftovers
|upkeep
|
|t:|1779689193
|switch|p2a: Dragonite|Dragonite, F, shiny, tera:Normal|30/100
|turn|22
|
|t:|1779689201
|move|p1a: Gholdengo|Make It Rain|p2a: Dragonite
|-damage|p2a: Dragonite|0 fnt
|-unboost|p1a: Gholdengo|spa|1
|faint|p2a: Dragonite
|
|-heal|p1a: Gholdengo|100/100|[from] item: Leftovers
|upkeep
|
|t:|1779689203
|switch|p2a: Corviknight|Corviknight, M, shiny|55/100
|-ability|p2a: Corviknight|Pressure
|turn|23
|-message|iaremoose forfeited.
|
|win|931a
|raw|931a's rating: 1370 &rarr; <strong>1393</strong><br />(+23 for winning)
|raw|iaremoose's rating: 1423 &rarr; <strong>1400</strong><br />(-23 for losing)
|l|‽iaremoose
|player|p2|
|l|☆931a
|player|p1|
