|badge|p1|silver|gen9ou|30-9
|uhtml|medal-msg|<div class="broadcast-blue">Curious what those medals under the avatar are? PS now has Ladder Seasons! For more information, check out the <a href="https://www.smogon.com/forums/threads/3740067/">thread on Smogon.</a></div>
|badge|p2|silver|gen9ou|30-9
|uhtml|medal-msg|<div class="broadcast-blue">Curious what those medals under the avatar are? PS now has Ladder Seasons! For more information, check out the <a href="https://www.smogon.com/forums/threads/3740067/">thread on Smogon.</a></div>
|j|☆slitherwing ily
|j|☆RobinaAddMyPalFuwa
|t:|1779584188
|gametype|singles
|player|p1|slitherwing ily|iono-masters|1726
|player|p2|RobinaAddMyPalFuwa|skyla|1957
|gen|9
|tier|[Gen 9] OU
|rated|
|rule|HP Percentage Mod: HP is shown in percentages
|rule|Endless Battle Clause: Forcing endless battles is banned
|rule|Species Clause: Limit one of each Pokémon
|rule|OHKO Clause: OHKO moves are banned
|rule|Evasion Items Clause: Evasion items are banned
|rule|Evasion Moves Clause: Evasion moves are banned
|rule|Evasion Abilities Clause: Evasion abilities are banned
|rule|Sleep Moves Clause: Sleep-inducing moves are banned
|clearpoke
|poke|p1|Kyurem|
|poke|p1|Cinderace, F|
|poke|p1|Gholdengo|
|poke|p1|Hatterene, F|
|poke|p1|Dragonite, M|
|poke|p1|Great Tusk|
|poke|p2|Pelipper, L99, F|
|poke|p2|Barraskewda, F|
|poke|p2|Raging Bolt|
|poke|p2|Golduck, M|
|poke|p2|Pawmot, F|
|poke|p2|Tentacruel, F|
|teampreview
|j| Inothtunothtino
|c|☆slitherwing ily|hf
|
|t:|1779584198
|teamsize|p1|6
|teamsize|p2|6
|start
|switch|p1a: Refrigerator|Kyurem|100/100
|switch|p2a: Ghoti carrier|Pelipper, L99, F|100/100
|-ability|p1a: Refrigerator|Pressure
|-weather|RainDance|[from] ability: Drizzle|[of] p2a: Ghoti carrier
|turn|1
|c|☆RobinaAddMyPalFuwa|Same to you
|j| Tabata tyrogue
|
|t:|1779584206
|switch|p2a: Spaghetti Too|Tentacruel, F|100/100
|move|p1a: Refrigerator|Freeze-Dry|p2a: Spaghetti Too
|-supereffective|p2a: Spaghetti Too
|-damage|p2a: Spaghetti Too|66/100
|
|-weather|RainDance|[upkeep]
|-heal|p2a: Spaghetti Too|72/100|[from] ability: Rain Dish
|upkeep
|turn|2
|
|t:|1779584214
|switch|p1a: Jane Juliet|Gholdengo|100/100
|move|p2a: Spaghetti Too|Flip Turn|p1a: Jane Juliet
|-damage|p1a: Jane Juliet|75/100
|
|t:|1779584216
|switch|p2a: ExSkewda Me|Barraskewda, F|100/100|[from] Flip Turn
|
|-weather|RainDance|[upkeep]
|upkeep
|turn|3
|
|t:|1779584218
|switch|p1a: Saber|Dragonite, M|100/100
|move|p2a: ExSkewda Me|Liquidation|p1a: Saber
|-resisted|p1a: Saber
|-damage|p1a: Saber|77/100
|
|-weather|RainDance|[upkeep]
|upkeep
|turn|4
|
|t:|1779584222
|move|p1a: Saber|Extreme Speed|p2a: ExSkewda Me
|-damage|p2a: ExSkewda Me|43/100
|move|p2a: ExSkewda Me|Flip Turn|p1a: Saber
|-resisted|p1a: Saber
|-damage|p1a: Saber|43/100
|
|t:|1779584224
|switch|p2a: Seaking Duck|Golduck, M|100/100|[from] Flip Turn
|
|-weather|RainDance|[upkeep]
|upkeep
|turn|5
|
|t:|1779584229
|move|p2a: Seaking Duck|Hydro Pump|p1a: Saber
|-resisted|p1a: Saber
|-damage|p1a: Saber|0 fnt
|faint|p1a: Saber
|-damage|p2a: Seaking Duck|91/100|[from] item: Life Orb
|
|-weather|RainDance|[upkeep]
|upkeep
|
|t:|1779584232
|switch|p1a: Refrigerator|Kyurem|100/100
|-ability|p1a: Refrigerator|Pressure
|turn|6
|
|t:|1779584236
|switch|p2a: Spaghetti Too|Tentacruel, F|72/100
|move|p1a: Refrigerator|Freeze-Dry|p2a: Spaghetti Too
|-supereffective|p2a: Spaghetti Too
|-damage|p2a: Spaghetti Too|42/100
|
|-weather|RainDance|[upkeep]
|-heal|p2a: Spaghetti Too|48/100|[from] ability: Rain Dish
|upkeep
|turn|7
|
|t:|1779584242
|switch|p1a: Jane Juliet|Gholdengo|75/100
|move|p2a: Spaghetti Too|Mirror Coat||[still]
|-fail|p2a: Spaghetti Too
|
|-weather|RainDance|[upkeep]
|-heal|p2a: Spaghetti Too|54/100|[from] ability: Rain Dish
|upkeep
|turn|8
|
|t:|1779584245
|move|p1a: Jane Juliet|Trick|p2a: Spaghetti Too
|-activate|p1a: Jane Juliet|move: Trick|[of] p2a: Spaghetti Too
|-item|p2a: Spaghetti Too|Choice Scarf|[from] move: Trick
|-item|p1a: Jane Juliet|Assault Vest|[from] move: Trick
|move|p2a: Spaghetti Too|Flip Turn|p1a: Jane Juliet
|-damage|p1a: Jane Juliet|48/100
|
|t:|1779584248
|switch|p2a: ExSkewda Me|Barraskewda, F|43/100|[from] Flip Turn
|
|-weather|none
|upkeep
|turn|9
|
|t:|1779584253
|move|p2a: ExSkewda Me|Flip Turn|p1a: Jane Juliet
|-crit|p1a: Jane Juliet
|-damage|p1a: Jane Juliet|0 fnt
|faint|p1a: Jane Juliet
|
|t:|1779584257
|switch|p2a: Ghoti carrier|Pelipper, L99, F|100/100|[from] Flip Turn
|-weather|RainDance|[from] ability: Drizzle|[of] p2a: Ghoti carrier
|
|-weather|RainDance|[upkeep]
|upkeep
|
|t:|1779584259
|switch|p1a: Refrigerator|Kyurem|100/100
|-ability|p1a: Refrigerator|Pressure
|turn|10
|
|t:|1779584262
|switch|p2a: Spaghetti Too|Tentacruel, F|54/100
|move|p1a: Refrigerator|Freeze-Dry|p2a: Spaghetti Too
|-supereffective|p2a: Spaghetti Too
|-damage|p2a: Spaghetti Too|3/100
|
|-weather|RainDance|[upkeep]
|-heal|p2a: Spaghetti Too|9/100|[from] ability: Rain Dish
|upkeep
|turn|11
|
|t:|1779584264
|move|p2a: Spaghetti Too|Poison Jab|p1a: Refrigerator
|-damage|p1a: Refrigerator|82/100
|-status|p1a: Refrigerator|psn
|move|p1a: Refrigerator|Freeze-Dry|p2a: Spaghetti Too
|-supereffective|p2a: Spaghetti Too
|-damage|p2a: Spaghetti Too|0 fnt
|faint|p2a: Spaghetti Too
|
|-weather|RainDance|[upkeep]
|-damage|p1a: Refrigerator|69/100 psn|[from] psn
|upkeep
|c|☆slitherwing ily|gg
|
|t:|1779584272
|switch|p2a: ExSkewda Me|Barraskewda, F|43/100
|turn|12
|
|t:|1779584274
|move|p2a: ExSkewda Me|Flip Turn|p1a: Refrigerator
|-resisted|p1a: Refrigerator
|-damage|p1a: Refrigerator|44/100 psn
|
|t:|1779584277
|switch|p2a: Really want eject|Pawmot, F|100/100|[from] Flip Turn
|move|p1a: Refrigerator|Freeze-Dry|p2a: Really want eject
|-damage|p2a: Really want eject|40/100
|
|-weather|RainDance|[upkeep]
|-damage|p1a: Refrigerator|31/100 psn|[from] psn
|upkeep
|turn|13
|
|t:|1779584292
|move|p2a: Really want eject|Revival Blessing|p2a: Really want eject
|-enditem|p2a: Really want eject|Leppa Berry|[eat]
|-activate|p2a: Really want eject|item: Leppa Berry|Revival Blessing|[consumed]
|
|t:|1779584294
|-heal|p2: Spaghetti Too|50/100|[from] move: Revival Blessing
|move|p1a: Refrigerator|Freeze-Dry|p2a: Really want eject
|-damage|p2a: Really want eject|0 fnt
|faint|p2a: Really want eject
|
|-weather|RainDance|[upkeep]
|-damage|p1a: Refrigerator|19/100 psn|[from] psn
|upkeep
|
|t:|1779584296
|switch|p2a: ExSkewda Me|Barraskewda, F|43/100
|turn|14
|
|t:|1779584297
|move|p2a: ExSkewda Me|Liquidation|p1a: Refrigerator
|-resisted|p1a: Refrigerator
|-damage|p1a: Refrigerator|0 fnt
|faint|p1a: Refrigerator
|
|-weather|RainDance|[upkeep]
|upkeep
|
|t:|1779584300
|switch|p1a: Megumin|Hatterene, F|100/100
|turn|15
|
|t:|1779584304
|move|p2a: ExSkewda Me|Flip Turn|p1a: Megumin
|-crit|p1a: Megumin
|-damage|p1a: Megumin|31/100
|-damage|p2a: ExSkewda Me|27/100|[from] item: Rocky Helmet|[of] p1a: Megumin
|
|t:|1779584306
|switch|p2a: Great Neck|Raging Bolt|100/100|[from] Flip Turn
|move|p1a: Megumin|Dazzling Gleam|p2a: Great Neck
|-supereffective|p2a: Great Neck
|-damage|p2a: Great Neck|34/100
|
|-weather|RainDance|[upkeep]
|-heal|p2a: Great Neck|40/100|[from] item: Leftovers
|upkeep
|turn|16
|
|t:|1779584309
|move|p2a: Great Neck|Weather Ball|p1a: Megumin
|-damage|p1a: Megumin|0 fnt
|faint|p1a: Megumin
|
|-weather|none
|-heal|p2a: Great Neck|46/100|[from] item: Leftovers
|upkeep
|
|t:|1779584311
|switch|p1a: A|Cinderace, F|100/100
|turn|17
|
|t:|1779584313
|move|p1a: A|U-turn|p2a: Great Neck
|-start|p1a: A|typechange|Bug|[from] ability: Libero
|-damage|p2a: Great Neck|2/100
|c|☆RobinaAddMyPalFuwa|gg
|
|t:|1779584315
|switch|p1a: Nah I'd Spin|Great Tusk|100/100|[from] U-turn
|move|p2a: Great Neck|Draco Meteor|p1a: Nah I'd Spin
|-damage|p1a: Nah I'd Spin|20/100
|-unboost|p2a: Great Neck|spa|2
|
|-heal|p2a: Great Neck|8/100|[from] item: Leftovers
|upkeep
|turn|18
|
|t:|1779584318
|move|p1a: Nah I'd Spin|Rapid Spin|p2a: Great Neck
|-damage|p2a: Great Neck|0 fnt
|-boost|p1a: Nah I'd Spin|spe|1
|faint|p2a: Great Neck
|-end|p2a: Great Neck|Protosynthesis|[silent]
|
|upkeep
|-message|slitherwing ily forfeited.
|
|win|RobinaAddMyPalFuwa
|raw|slitherwing ily's rating: 1726 &rarr; <strong>1718</strong><br />(-8 for losing)
|raw|RobinaAddMyPalFuwa's rating: 1957 &rarr; <strong>1965</strong><br />(+8 for winning)
|l|☆slitherwing ily
|player|p1|
