|j|‽Roboute
|j|☆oinkolog
|t:|1779687526
|gametype|singles
|player|p1|Roboute|266|1361
|player|p2|oinkolog|bertha|1344
|gen|9
|tier|[Gen 9] OU
|rated|
|rule|HP Percentage Mod: HP is shown in percentages
|rule|Endless Battle Clause: Forcing endless battles is banned
|rule|Species Clause: Limit one of each Pokémon
|rule|OHKO Clause: OHKO moves are banned
|rule|Evasion Items Clause: Evasion items are banned
|rule|Evasion Moves Clause: Evasion moves are banned
|rule|Evasion Abilities Clause: Evasion abilities are banned
|rule|Sleep Moves Clause: Sleep-inducing moves are banned
|clearpoke
|poke|p1|Hoopa|
|poke|p1|Cinderace, M|
|poke|p1|Mandibuzz, F|
|poke|p1|Kyurem|
|poke|p1|Ting-Lu|
|poke|p1|Manaphy|
|poke|p2|Tinkaton, F|
|poke|p2|Darkrai|
|poke|p2|Pelipper, F|
|poke|p2|Basculegion-F, F|
|poke|p2|Goodra-Hisui, F|
|poke|p2|Okidogi, M|
|teampreview
|inactive|Battle timer is ON: inactive players will automatically lose when time's up. (requested by Roboute)
|
|t:|1779687539
|teamsize|p1|6
|teamsize|p2|6
|start
|switch|p1a: Cinderace|Cinderace, M|100/100
|switch|p2a: Tinkaton|Tinkaton, F|100/100
|-ability|p2a: Tinkaton|Mold Breaker
|-item|p2a: Tinkaton|Air Balloon
|turn|1
|
|t:|1779687547
|switch|p2a: Pelipper|Pelipper, F|100/100
|-weather|RainDance|[from] ability: Drizzle|[of] p2a: Pelipper
|move|p1a: Cinderace|U-turn|p2a: Pelipper
|-start|p1a: Cinderace|typechange|Bug|[from] ability: Libero
|-resisted|p2a: Pelipper
|-damage|p2a: Pelipper|88/100
|
|t:|1779687550
|switch|p1a: Kyurem|Kyurem|100/100|[from] U-turn
|-ability|p1a: Kyurem|Pressure
|
|-weather|RainDance|[upkeep]
|upkeep
|turn|2
|
|t:|1779687556
|switch|p2a: Goodra|Goodra-Hisui, F|100/100
|move|p1a: Kyurem|Freeze-Dry|p2a: Goodra
|-damage|p2a: Goodra|87/100
|
|-weather|RainDance|[upkeep]
|upkeep
|turn|3
|
|t:|1779687562
|switch|p1a: Ting-Lu|Ting-Lu|100/100
|-ability|p1a: Ting-Lu|Vessel of Ruin
|move|p2a: Goodra|Flash Cannon|p1a: Ting-Lu
|-damage|p1a: Ting-Lu|81/100
|
|-weather|RainDance|[upkeep]
|upkeep
|turn|4
|
|t:|1779687568
|move|p2a: Goodra|Knock Off|p1a: Ting-Lu
|-resisted|p1a: Ting-Lu
|-damage|p1a: Ting-Lu|75/100
|-enditem|p1a: Ting-Lu|Weakness Policy|[from] move: Knock Off|[of] p2a: Goodra
|move|p1a: Ting-Lu|Stealth Rock|p2a: Goodra
|-sidestart|p2: oinkolog|move: Stealth Rock
|
|-weather|RainDance|[upkeep]
|upkeep
|turn|5
|
|t:|1779687575
|switch|p2a: Basculegion|Basculegion-F, F|100/100
|-damage|p2a: Basculegion|88/100|[from] Stealth Rock
|move|p1a: Ting-Lu|Earthquake|p2a: Basculegion
|-damage|p2a: Basculegion|25/100
|
|-weather|RainDance|[upkeep]
|upkeep
|turn|6
|
|t:|1779687597
|switch|p1a: Manaphy|Manaphy|100/100
|move|p2a: Basculegion|Hydro Pump|p1a: Manaphy|[miss]
|-miss|p2a: Basculegion|p1a: Manaphy
|
|-weather|RainDance|[upkeep]
|upkeep
|turn|7
|
|t:|1779687611
|move|p2a: Basculegion|Hydro Pump|p1a: Manaphy
|-resisted|p1a: Manaphy
|-damage|p1a: Manaphy|63/100
|move|p1a: Manaphy|Take Heart|p1a: Manaphy
|-boost|p1a: Manaphy|spa|1
|-boost|p1a: Manaphy|spd|1
|
|-weather|RainDance|[upkeep]
|-heal|p1a: Manaphy|69/100|[from] item: Leftovers
|upkeep
|turn|8
|
|t:|1779687614
|move|p2a: Basculegion|Hydro Pump|p1a: Manaphy
|-resisted|p1a: Manaphy
|-damage|p1a: Manaphy|40/100
|move|p1a: Manaphy|Alluring Voice|p2a: Basculegion
|-damage|p2a: Basculegion|0 fnt
|faint|p2a: Basculegion
|
|-weather|none
|-heal|p1a: Manaphy|46/100|[from] item: Leftovers
|upkeep
|
|t:|1779687628
|switch|p2a: Darkrai|Darkrai|100/100
|-damage|p2a: Darkrai|88/100|[from] Stealth Rock
|turn|9
|
|t:|1779687637
|move|p2a: Darkrai|Thunder|p1a: Manaphy|[miss]
|-miss|p2a: Darkrai|p1a: Manaphy
|move|p1a: Manaphy|Alluring Voice|p2a: Darkrai
|-supereffective|p2a: Darkrai
|-crit|p2a: Darkrai
|-damage|p2a: Darkrai|0 fnt
|faint|p2a: Darkrai
|
|-heal|p1a: Manaphy|52/100|[from] item: Leftovers
|upkeep
|-message|oinkolog forfeited.
|
|win|Roboute
|raw|Roboute's rating: 1361 &rarr; <strong>1380</strong><br />(+19 for winning)
|raw|oinkolog's rating: 1344 &rarr; <strong>1325</strong><br />(-19 for losing)
|l|☆oinkolog
|player|p2|
|l|‽Roboute
|player|p1|
