|j|☆Rudralolhow
|j|☆Welivein2093
|t:|1779610596
|gametype|singles
|player|p1|Rudralolhow|cynthia|1052
|player|p2|Welivein2093|pokemonranger-gen4|1056
|gen|9
|tier|[Gen 9] OU
|rated|
|rule|HP Percentage Mod: HP is shown in percentages
|rule|Endless Battle Clause: Forcing endless battles is banned
|rule|Species Clause: Limit one of each Pokémon
|rule|OHKO Clause: OHKO moves are banned
|rule|Evasion Items Clause: Evasion items are banned
|rule|Evasion Moves Clause: Evasion moves are banned
|rule|Evasion Abilities Clause: Evasion abilities are banned
|rule|Sleep Moves Clause: Sleep-inducing moves are banned
|clearpoke
|poke|p1|Kingdra, F|
|poke|p1|Araquanid, F|
|poke|p1|Great Tusk|
|poke|p1|Kingambit, F|
|poke|p1|Pelipper, F|
|poke|p1|Heatran, M|
|poke|p2|Gastrodon-East, F|
|poke|p2|Iron Valiant|
|poke|p2|Arcanine-Hisui, F|
|poke|p2|Salamence, M|
|poke|p2|Moltres-Galar|
|poke|p2|Porygon-Z|
|teampreview
|inactive|Battle timer is ON: inactive players will automatically lose when time's up. (requested by Rudralolhow)
|
|t:|1779610602
|teamsize|p1|6
|teamsize|p2|6
|start
|switch|p1a: Araquanid|Araquanid, F, shiny|100/100
|switch|p2a: Salamence|Salamence, M|100/100
|-ability|p2a: Salamence|Intimidate|boost
|-unboost|p1a: Araquanid|atk|1
|turn|1
|
|t:|1779610611
|move|p2a: Salamence|Dragon Dance|p2a: Salamence
|-boost|p2a: Salamence|atk|1
|-boost|p2a: Salamence|spe|1
|move|p1a: Araquanid|Sticky Web|p2a: Salamence
|-sidestart|p2: Welivein2093|move: Sticky Web
|
|upkeep
|turn|2
|
|t:|1779610618
|move|p2a: Salamence|Dragon Dance|p2a: Salamence
|-boost|p2a: Salamence|atk|1
|-boost|p2a: Salamence|spe|1
|move|p1a: Araquanid|Liquidation|p2a: Salamence
|-resisted|p2a: Salamence
|-crit|p2a: Salamence
|-damage|p2a: Salamence|60/100
|-unboost|p2a: Salamence|def|1
|-enditem|p2a: Salamence|White Herb
|-clearnegativeboost|p2a: Salamence|[silent]
|
|upkeep
|turn|3
|
|t:|1779610629
|move|p2a: Salamence|Dragon Claw|p1a: Araquanid
|-damage|p1a: Araquanid|33/100
|move|p1a: Araquanid|Liquidation|p2a: Salamence
|-resisted|p2a: Salamence
|-damage|p2a: Salamence|41/100
|
|-heal|p1a: Araquanid|40/100|[from] item: Leftovers
|upkeep
|turn|4
|
|t:|1779610639
|move|p2a: Salamence|Dragon Claw|p1a: Araquanid
|-damage|p1a: Araquanid|0 fnt
|faint|p1a: Araquanid
|
|upkeep
|
|t:|1779610652
|switch|p1a: Pelipper|Pelipper, F, shiny|100/100
|-weather|RainDance|[from] ability: Drizzle|[of] p1a: Pelipper
|turn|5
|
|t:|1779610658
|move|p2a: Salamence|Dragon Claw|p1a: Pelipper
|-damage|p1a: Pelipper|0 fnt
|faint|p1a: Pelipper
|
|-weather|RainDance|[upkeep]
|upkeep
|
|t:|1779610666
|switch|p1a: Kingambit|Kingambit, F, shiny|100/100
|-activate|p1a: Kingambit|ability: Supreme Overlord
|-start|p1a: Kingambit|fallen2|[silent]
|turn|6
|
|t:|1779610677
|move|p1a: Kingambit|Sucker Punch|p2a: Salamence
|-damage|p2a: Salamence|0 fnt
|faint|p2a: Salamence
|-damage|p1a: Kingambit|91/100|[from] item: Life Orb
|
|-weather|RainDance|[upkeep]
|upkeep
|
|t:|1779610684
|switch|p2a: Gastrodon|Gastrodon-East, F|100/100
|-activate|p2a: Gastrodon|move: Sticky Web
|-unboost|p2a: Gastrodon|spe|1
|turn|7
|
|t:|1779610691
|move|p1a: Kingambit|Kowtow Cleave|p2a: Gastrodon
|-damage|p2a: Gastrodon|29/100
|-damage|p1a: Kingambit|81/100|[from] item: Life Orb
|move|p2a: Gastrodon|Stealth Rock|p1a: Kingambit
|-sidestart|p1: Rudralolhow|move: Stealth Rock
|
|-weather|RainDance|[upkeep]
|-heal|p2a: Gastrodon|35/100|[from] item: Leftovers
|upkeep
|turn|8
|
|t:|1779610701
|move|p1a: Kingambit|Kowtow Cleave|p2a: Gastrodon
|-damage|p2a: Gastrodon|0 fnt
|faint|p2a: Gastrodon
|-damage|p1a: Kingambit|71/100|[from] item: Life Orb
|
|-weather|RainDance|[upkeep]
|upkeep
|
|t:|1779610709
|switch|p2a: Iron Valiant|Iron Valiant|100/100
|-activate|p2a: Iron Valiant|move: Sticky Web
|-unboost|p2a: Iron Valiant|spe|1
|-enditem|p2a: Iron Valiant|Booster Energy
|-activate|p2a: Iron Valiant|ability: Quark Drive|[fromitem]
|-start|p2a: Iron Valiant|quarkdrivespa
|turn|9
|
|t:|1779610717
|move|p2a: Iron Valiant|Vacuum Wave|p1a: Kingambit
|-supereffective|p1a: Kingambit
|-damage|p1a: Kingambit|0 fnt
|faint|p1a: Kingambit
|-end|p1a: Kingambit|fallen2|[silent]
|
|-weather|RainDance|[upkeep]
|upkeep
|
|t:|1779610724
|switch|p1a: Heatran|Heatran, M, shiny|100/100
|-damage|p1a: Heatran|88/100|[from] Stealth Rock
|-item|p1a: Heatran|Air Balloon
|turn|10
|
|t:|1779610733
|-terastallize|p1a: Heatran|Fire
|move|p2a: Iron Valiant|Vacuum Wave|p1a: Heatran
|-damage|p1a: Heatran|67/100
|-enditem|p1a: Heatran|Air Balloon
|move|p1a: Heatran|Flash Cannon|p2a: Iron Valiant
|-supereffective|p2a: Iron Valiant
|-damage|p2a: Iron Valiant|0 fnt
|faint|p2a: Iron Valiant
|-end|p2a: Iron Valiant|Quark Drive|[silent]
|
|-weather|RainDance|[upkeep]
|upkeep
|
|t:|1779610745
|switch|p2a: Porygon-Z|Porygon-Z|100/100
|-activate|p2a: Porygon-Z|move: Sticky Web
|-unboost|p2a: Porygon-Z|spe|1
|-ability|p2a: Porygon-Z|Download|boost
|-boost|p2a: Porygon-Z|atk|1
|turn|11
|
|t:|1779610754
|move|p2a: Porygon-Z|Tri Attack|p1a: Heatran
|-damage|p1a: Heatran|33/100
|move|p1a: Heatran|Body Press|p2a: Porygon-Z
|-supereffective|p2a: Porygon-Z
|-damage|p2a: Porygon-Z|49/100
|
|-weather|RainDance|[upkeep]
|upkeep
|turn|12
|
|t:|1779610764
|move|p2a: Porygon-Z|Tri Attack|p1a: Heatran
|-damage|p1a: Heatran|0 fnt
|faint|p1a: Heatran
|
|-weather|none
|upkeep
|
|t:|1779610770
|switch|p1a: Great Tusk|Great Tusk, shiny|100/100
|turn|13
|
|t:|1779610775
|switch|p2a: Arcanine|Arcanine-Hisui, F|100/100
|-activate|p2a: Arcanine|move: Sticky Web
|-unboost|p2a: Arcanine|spe|1
|-ability|p2a: Arcanine|Intimidate|boost
|-unboost|p1a: Great Tusk|atk|1
|move|p1a: Great Tusk|Rapid Spin|p2a: Arcanine
|-resisted|p2a: Arcanine
|-damage|p2a: Arcanine|93/100
|-boost|p1a: Great Tusk|spe|1
|-sideend|p1: Rudralolhow|Stealth Rock|[from] move: Rapid Spin|[of] p1a: Great Tusk
|
|upkeep
|turn|14
|
|t:|1779610790
|move|p1a: Great Tusk|Headlong Rush|p2a: Arcanine
|-supereffective|p2a: Arcanine
|-damage|p2a: Arcanine|0 fnt
|-unboost|p1a: Great Tusk|def|1
|-unboost|p1a: Great Tusk|spd|1
|faint|p2a: Arcanine
|
|upkeep
|
|t:|1779610798
|switch|p2a: Porygon-Z|Porygon-Z|49/100
|-activate|p2a: Porygon-Z|move: Sticky Web
|-unboost|p2a: Porygon-Z|spe|1
|-ability|p2a: Porygon-Z|Download|boost
|-boost|p2a: Porygon-Z|spa|1
|turn|15
|
|t:|1779610808
|-terastallize|p2a: Porygon-Z|Ghost
|move|p1a: Great Tusk|Close Combat|p2a: Porygon-Z
|-immune|p2a: Porygon-Z
|move|p2a: Porygon-Z|Ice Beam|p1a: Great Tusk
|-supereffective|p1a: Great Tusk
|-damage|p1a: Great Tusk|0 fnt
|faint|p1a: Great Tusk
|-end|p1a: Great Tusk|Protosynthesis|[silent]
|
|upkeep
|
|t:|1779610818
|switch|p1a: Kingdra|Kingdra, F, shiny|100/100
|turn|16
|
|t:|1779610827
|move|p2a: Porygon-Z|Ice Beam|p1a: Kingdra
|-damage|p1a: Kingdra|39/100
|move|p1a: Kingdra|Focus Energy|p1a: Kingdra
|-start|p1a: Kingdra|move: Focus Energy
|
|upkeep
|turn|17
|-message|Rudralolhow forfeited.
|
|win|Welivein2093
|raw|Rudralolhow's rating: 1052 &rarr; <strong>1034</strong><br />(-18 for losing)
|raw|Welivein2093's rating: 1056 &rarr; <strong>1087</strong><br />(+31 for winning)
|l|☆Rudralolhow
|player|p1|
|l|☆Welivein2093
|player|p2|
