|j|☆SlNGULARlTY
|j|☆Mr.X&Y97
|t:|1779715816
|gametype|singles
|player|p1|SlNGULARlTY|koga|1503
|player|p2|Mr.X&Y97|ingo|1569
|gen|9
|tier|[Gen 9] OU
|rated|
|rule|HP Percentage Mod: HP is shown in percentages
|rule|Endless Battle Clause: Forcing endless battles is banned
|rule|Species Clause: Limit one of each Pokémon
|rule|OHKO Clause: OHKO moves are banned
|rule|Evasion Items Clause: Evasion items are banned
|rule|Evasion Moves Clause: Evasion moves are banned
|rule|Evasion Abilities Clause: Evasion abilities are banned
|rule|Sleep Moves Clause: Sleep-inducing moves are banned
|clearpoke
|poke|p1|Ogerpon-Wellspring, F|
|poke|p1|Moltres|
|poke|p1|Gholdengo|
|poke|p1|Garganacl, M|
|poke|p1|Hatterene, F|
|poke|p1|Heatran, M|
|poke|p2|Braviary-Hisui, M|
|poke|p2|Zamazenta-*|
|poke|p2|Raging Bolt|
|poke|p2|Hatterene, F|
|poke|p2|Gholdengo|
|poke|p2|Darkrai|
|teampreview
|inactive|Battle timer is ON: inactive players will automatically lose when time's up. (requested by Mr.X&Y97)
|inactive|SlNGULARlTY also wants the timer to be on.
|
|t:|1779715821
|teamsize|p1|6
|teamsize|p2|6
|start
|switch|p1a: Heatran|Heatran, M|100/100
|switch|p2a: Zamazenta|Zamazenta|100/100
|-ability|p2a: Zamazenta|Dauntless Shield|boost
|-boost|p2a: Zamazenta|def|1
|turn|1
|
|t:|1779715825
|switch|p1a: Gholdengo|Gholdengo|100/100
|-item|p1a: Gholdengo|Air Balloon
|move|p2a: Zamazenta|Close Combat|p1a: Gholdengo
|-immune|p1a: Gholdengo
|
|upkeep
|turn|2
|
|t:|1779715828
|switch|p1a: Hatterene|Hatterene, F|100/100
|move|p2a: Zamazenta|Light Screen|p2a: Zamazenta
|-sidestart|p2: Mr.X&Y97|move: Light Screen
|
|upkeep
|turn|3
|
|t:|1779715832
|move|p2a: Zamazenta|Reflect|p2a: Zamazenta
|-sidestart|p2: Mr.X&Y97|Reflect
|move|p1a: Hatterene|Nuzzle|p2a: Zamazenta
|-damage|p2a: Zamazenta|99/100
|-status|p2a: Zamazenta|par
|
|upkeep
|turn|4
|
|t:|1779715837
|switch|p2a: Braviary|Braviary-Hisui, M, shiny|100/100
|switch|p1a: Garganacl|Garganacl, M|100/100
|
|upkeep
|turn|5
|
|t:|1779715841
|move|p2a: Braviary|Calm Mind|p2a: Braviary
|-boost|p2a: Braviary|spa|1
|-boost|p2a: Braviary|spd|1
|move|p1a: Garganacl|Salt Cure|p2a: Braviary
|-supereffective|p2a: Braviary
|-damage|p2a: Braviary|90/100
|
|upkeep
|turn|6
|
|t:|1779715848
|switch|p1a: Moltres|Moltres|100/100
|move|p2a: Braviary|Esper Wing|p1a: Moltres
|-damage|p1a: Moltres|50/100
|-boost|p2a: Braviary|spe|1
|
|upkeep
|turn|7
|
|t:|1779715853
|move|p2a: Braviary|Esper Wing|p1a: Moltres
|-crit|p1a: Moltres
|-damage|p1a: Moltres|0 fnt
|-boost|p2a: Braviary|spe|1
|faint|p1a: Moltres
|
|upkeep
|
|t:|1779715855
|switch|p1a: Gholdengo|Gholdengo|100/100
|-item|p1a: Gholdengo|Air Balloon
|turn|8
|
|t:|1779715862
|-terastallize|p2a: Braviary|Fighting
|move|p2a: Braviary|Calm Mind|p2a: Braviary
|-boost|p2a: Braviary|spa|1
|-boost|p2a: Braviary|spd|1
|move|p1a: Gholdengo|Shadow Ball|p2a: Braviary
|-damage|p2a: Braviary|79/100
|
|upkeep
|turn|9
|
|t:|1779715869
|move|p2a: Braviary|Calm Mind|p2a: Braviary
|-boost|p2a: Braviary|spa|1
|-boost|p2a: Braviary|spd|1
|move|p1a: Gholdengo|Make It Rain|p2a: Braviary
|-damage|p2a: Braviary|65/100
|-unboost|p1a: Gholdengo|spa|1
|
|-sideend|p2: Mr.X&Y97|move: Light Screen
|upkeep
|turn|10
|
|t:|1779715875
|switch|p1a: Garganacl|Garganacl, M|100/100
|move|p2a: Braviary|Esper Wing|p1a: Garganacl
|-crit|p1a: Garganacl
|-damage|p1a: Garganacl|32/100
|-boost|p2a: Braviary|spe|1
|
|-heal|p1a: Garganacl|38/100|[from] item: Leftovers
|-sideend|p2: Mr.X&Y97|Reflect
|upkeep
|turn|11
|
|t:|1779715881
|move|p2a: Braviary|Vacuum Wave|p1a: Garganacl
|-supereffective|p1a: Garganacl
|-damage|p1a: Garganacl|0 fnt
|faint|p1a: Garganacl
|
|upkeep
|
|t:|1779715882
|switch|p1a: Hatterene|Hatterene, F|100/100
|turn|12
|
|t:|1779715887
|move|p2a: Braviary|Esper Wing|p1a: Hatterene
|-resisted|p1a: Hatterene
|-damage|p1a: Hatterene|16/100
|-boost|p2a: Braviary|spe|1
|move|p1a: Hatterene|Draining Kiss|p2a: Braviary
|-supereffective|p2a: Braviary
|-damage|p2a: Braviary|43/100
|-heal|p1a: Hatterene|37/100|[from] drain|[of] p2a: Braviary
|
|upkeep
|turn|13
|
|t:|1779715894
|move|p2a: Braviary|Esper Wing|p1a: Hatterene
|-resisted|p1a: Hatterene
|-damage|p1a: Hatterene|0 fnt
|-boost|p2a: Braviary|spe|1
|faint|p1a: Hatterene
|
|upkeep
|
|t:|1779715896
|switch|p1a: Ogerpon|Ogerpon-Wellspring, F|100/100
|turn|14
|
|t:|1779715898
|-terastallize|p1a: Ogerpon|Water
|detailschange|p1a: Ogerpon|Ogerpon-Wellspring-Tera, F, tera:Water
|-ability|p1a: Ogerpon|Embody Aspect (Wellspring)|boost
|-boost|p1a: Ogerpon|spd|1
|move|p2a: Braviary|Roost|p2a: Braviary
|-heal|p2a: Braviary|93/100
|move|p1a: Ogerpon|Ivy Cudgel|p2a: Braviary|[anim] Ivy Cudgel Water
|-damage|p2a: Braviary|33/100
|
|upkeep
|turn|15
|j| lord shiddenfards
|
|t:|1779715908
|move|p2a: Braviary|Esper Wing|p1a: Ogerpon
|-damage|p1a: Ogerpon|42/100
|-boost|p2a: Braviary|spe|1
|move|p1a: Ogerpon|Ivy Cudgel|p2a: Braviary|[anim] Ivy Cudgel Water
|-crit|p2a: Braviary
|-damage|p2a: Braviary|0 fnt
|faint|p2a: Braviary
|
|upkeep
|
|t:|1779715915
|switch|p2a: Hatterene|Hatterene, F|100/100
|turn|16
|
|t:|1779715918
|switch|p1a: Heatran|Heatran, M|100/100
|move|p2a: Hatterene|Nuzzle|p1a: Heatran
|-damage|p1a: Heatran|96/100
|-status|p1a: Heatran|par
|
|upkeep
|turn|17
|
|t:|1779715928
|switch|p2a: Zamazenta|Zamazenta|99/100 par
|move|p1a: Heatran|Magma Storm|p2a: Zamazenta
|-damage|p2a: Zamazenta|42/100 par
|-activate|p2a: Zamazenta|move: Magma Storm|[of] p1a: Heatran
|
|-damage|p2a: Zamazenta|30/100 par|[from] move: Magma Storm|[partiallytrapped]
|upkeep
|turn|18
|
|t:|1779715939
|switch|p1a: Ogerpon|Ogerpon-Wellspring-Tera, F, tera:Water|42/100
|-ability|p1a: Ogerpon|Embody Aspect (Wellspring)|boost
|-boost|p1a: Ogerpon|spd|1
|move|p2a: Zamazenta|Reflect|p2a: Zamazenta
|-sidestart|p2: Mr.X&Y97|Reflect
|
|-end|p2a: Zamazenta|Magma Storm|[partiallytrapped]|[silent]
|upkeep
|turn|19
|
|t:|1779715941
|move|p1a: Ogerpon|Synthesis|p1a: Ogerpon
|-heal|p1a: Ogerpon|92/100
|cant|p2a: Zamazenta|par
|
|upkeep
|turn|20
|
|t:|1779715944
|move|p1a: Ogerpon|Swords Dance|p1a: Ogerpon
|-boost|p1a: Ogerpon|atk|2
|move|p2a: Zamazenta|Close Combat|p1a: Ogerpon
|-damage|p1a: Ogerpon|23/100
|-unboost|p2a: Zamazenta|def|1
|-unboost|p2a: Zamazenta|spd|1
|
|upkeep
|turn|21
|
|t:|1779715949
|move|p1a: Ogerpon|Trailblaze|p2a: Zamazenta
|-damage|p2a: Zamazenta|0 fnt
|-boost|p1a: Ogerpon|spe|1
|faint|p2a: Zamazenta
|
|upkeep
|
|t:|1779715951
|switch|p2a: Raging Bolt|Raging Bolt|100/100
|-enditem|p2a: Raging Bolt|Booster Energy
|-activate|p2a: Raging Bolt|ability: Protosynthesis|[fromitem]
|-start|p2a: Raging Bolt|protosynthesisspa
|turn|22
|
|t:|1779715960
|move|p1a: Ogerpon|Synthesis|p1a: Ogerpon
|-heal|p1a: Ogerpon|73/100
|move|p2a: Raging Bolt|Thunderbolt|p1a: Ogerpon
|-supereffective|p1a: Ogerpon
|-crit|p1a: Ogerpon
|-damage|p1a: Ogerpon|0 fnt
|faint|p1a: Ogerpon
|detailschange|p1: Ogerpon|Ogerpon-Wellspring, F|[silent]
|
|upkeep
|
|t:|1779715964
|switch|p1a: Heatran|Heatran, M|96/100 par
|turn|23
|
|t:|1779715968
|move|p2a: Raging Bolt|Calm Mind|p2a: Raging Bolt
|-boost|p2a: Raging Bolt|spa|1
|-boost|p2a: Raging Bolt|spd|1
|move|p1a: Heatran|Earth Power|p2a: Raging Bolt
|-supereffective|p2a: Raging Bolt
|-damage|p2a: Raging Bolt|36/100
|
|upkeep
|turn|24
|
|t:|1779715970
|move|p2a: Raging Bolt|Thunderbolt|p1a: Heatran
|-damage|p1a: Heatran|0 fnt
|faint|p1a: Heatran
|
|upkeep
|
|t:|1779715972
|switch|p1a: Gholdengo|Gholdengo|100/100
|-item|p1a: Gholdengo|Air Balloon
|turn|25
|
|t:|1779715974
|move|p2a: Raging Bolt|Thunderclap||[still]
|-fail|p2a: Raging Bolt
|move|p1a: Gholdengo|Nasty Plot|p1a: Gholdengo
|-boost|p1a: Gholdengo|spa|2
|
|-sideend|p2: Mr.X&Y97|Reflect
|upkeep
|turn|26
|
|t:|1779715977
|move|p2a: Raging Bolt|Thunderclap||[still]
|-fail|p2a: Raging Bolt
|move|p1a: Gholdengo|Nasty Plot|p1a: Gholdengo
|-boost|p1a: Gholdengo|spa|2
|
|upkeep
|turn|27
|
|t:|1779715979
|move|p2a: Raging Bolt|Thunderclap|p1a: Gholdengo
|-damage|p1a: Gholdengo|20/100
|-enditem|p1a: Gholdengo|Air Balloon
|move|p1a: Gholdengo|Shadow Ball|p2a: Raging Bolt
|-damage|p2a: Raging Bolt|0 fnt
|faint|p2a: Raging Bolt
|-end|p2a: Raging Bolt|Protosynthesis|[silent]
|
|upkeep
|-message|SlNGULARlTY forfeited.
|
|win|Mr.X&Y97
|raw|SlNGULARlTY's rating: 1503 &rarr; <strong>1487</strong><br />(-16 for losing)
|raw|Mr.X&amp;Y97's rating: 1569 &rarr; <strong>1585</strong><br />(+16 for winning)
|l|☆SlNGULARlTY
|player|p1|
