|j|☆diddlediddle
|j|☆wellwds
|t:|1779625962
|gametype|singles
|player|p1|diddlediddle|swimmerf|1338
|player|p2|wellwds|170|1406
|gen|9
|tier|[Gen 9] OU
|rated|
|rule|HP Percentage Mod: HP is shown in percentages
|rule|Endless Battle Clause: Forcing endless battles is banned
|rule|Species Clause: Limit one of each Pokémon
|rule|OHKO Clause: OHKO moves are banned
|rule|Evasion Items Clause: Evasion items are banned
|rule|Evasion Moves Clause: Evasion moves are banned
|rule|Evasion Abilities Clause: Evasion abilities are banned
|rule|Sleep Moves Clause: Sleep-inducing moves are banned
|clearpoke
|poke|p1|Cacturne, F|
|poke|p1|Sandy Shocks|
|poke|p1|Jirachi|
|poke|p1|Zoroark-Hisui, F|
|poke|p1|Heatran, F|
|poke|p1|Maushold-Four|
|poke|p2|Great Tusk|
|poke|p2|Dragapult, F|
|poke|p2|Iron Crown|
|poke|p2|Rotom-Wash|
|poke|p2|Dragonite, M|
|poke|p2|Samurott-Hisui, M|
|teampreview
|inactive|Battle timer is ON: inactive players will automatically lose when time's up. (requested by wellwds)
|
|t:|1779625979
|teamsize|p1|6
|teamsize|p2|6
|start
|switch|p1a: Cacturne|Cacturne, F|100/100
|switch|p2a: Samurott|Samurott-Hisui, M|100/100
|turn|1
|
|t:|1779625991
|switch|p2a: Dragonite|Dragonite, M|100/100
|move|p1a: Cacturne|Seed Bomb|p2a: Dragonite
|-resisted|p2a: Dragonite
|-damage|p2a: Dragonite|95/100
|
|upkeep
|turn|2
|
|t:|1779626004
|move|p2a: Dragonite|Dragon Dance|p2a: Dragonite
|-boost|p2a: Dragonite|atk|1
|-boost|p2a: Dragonite|spe|1
|move|p1a: Cacturne|Swords Dance|p1a: Cacturne
|-boost|p1a: Cacturne|atk|2
|
|upkeep
|turn|3
|
|t:|1779626014
|-terastallize|p2a: Dragonite|Normal
|move|p2a: Dragonite|Extreme Speed|p1a: Cacturne
|-enditem|p1a: Cacturne|Focus Sash
|-damage|p1a: Cacturne|1/100
|move|p1a: Cacturne|Counter|p2a: Dragonite
|-damage|p2a: Dragonite|0 fnt
|faint|p2a: Dragonite
|
|upkeep
|
|t:|1779626034
|switch|p2a: Iron Crown|Iron Crown|100/100
|turn|4
|
|t:|1779626038
|move|p1a: Cacturne|Sucker Punch|p2a: Iron Crown
|-supereffective|p2a: Iron Crown
|-damage|p2a: Iron Crown|0 fnt
|faint|p2a: Iron Crown
|-end|p2a: Iron Crown|Quark Drive|[silent]
|
|upkeep
|
|t:|1779626044
|switch|p2a: Great Tusk|Great Tusk|100/100
|turn|5
|c|☆diddlediddle|No one expects the OU cacturne
|
|t:|1779626052
|move|p1a: Cacturne|Sucker Punch|p2a: Great Tusk
|-resisted|p2a: Great Tusk
|-damage|p2a: Great Tusk|84/100
|-damage|p1a: Cacturne|0 fnt|[from] item: Rocky Helmet|[of] p2a: Great Tusk
|faint|p1a: Cacturne
|move|p2a: Great Tusk|Ice Spinner|p1: Cacturne|[notarget]
|-fail|p2a: Great Tusk
|
|upkeep
|
|t:|1779626076
|switch|p1a: Sandy Shocks|Sandy Shocks|100/100
|-enditem|p1a: Sandy Shocks|Booster Energy
|-activate|p1a: Sandy Shocks|ability: Protosynthesis|[fromitem]
|-start|p1a: Sandy Shocks|protosynthesisspe
|turn|6
|
|t:|1779626086
|-end|p2a: Great Tusk|Protosynthesis|[silent]
|switch|p2a: Rotom|Rotom-Wash|100/100
|-terastallize|p1a: Sandy Shocks|Flying
|move|p1a: Sandy Shocks|Earth Power|p2a: Rotom
|-immune|p2a: Rotom|[from] ability: Levitate
|
|upkeep
|turn|7
|
|t:|1779626097
|move|p2a: Rotom|Volt Switch|p1a: Sandy Shocks
|-supereffective|p1a: Sandy Shocks
|-damage|p1a: Sandy Shocks|11/100
|
|t:|1779626102
|switch|p2a: Dragapult|Dragapult, F|100/100|[from] Volt Switch
|move|p1a: Sandy Shocks|Mirror Coat|p2a: Dragapult
|-damage|p2a: Dragapult|0 fnt
|faint|p2a: Dragapult
|
|upkeep
|
|t:|1779626111
|switch|p2a: Rotom|Rotom-Wash|100/100
|turn|8
|
|t:|1779626124
|move|p1a: Sandy Shocks|Thunderbolt|p2a: Rotom
|-damage|p2a: Rotom|53/100
|move|p2a: Rotom|Volt Switch|p1a: Sandy Shocks
|-supereffective|p1a: Sandy Shocks
|-damage|p1a: Sandy Shocks|0 fnt
|faint|p1a: Sandy Shocks
|-end|p1a: Sandy Shocks|Protosynthesis|[silent]
|
|t:|1779626133
|switch|p2a: Samurott|Samurott-Hisui, M|100/100|[from] Volt Switch
|
|upkeep
|
|t:|1779626148
|switch|p1a: Maushold|Maushold-Four|100/100
|turn|9
|
|t:|1779626152
|move|p1a: Maushold|Population Bomb|p2a: Samurott
|-damage|p2a: Samurott|86/100
|-damage|p2a: Samurott|72/100
|-damage|p2a: Samurott|56/100
|-damage|p2a: Samurott|41/100
|-damage|p2a: Samurott|28/100
|-damage|p2a: Samurott|14/100
|-damage|p2a: Samurott|0 fnt
|faint|p2a: Samurott
|-hitcount|p2: Samurott|7
|
|upkeep
|
|t:|1779626164
|switch|p2a: Great Tusk|Great Tusk|84/100
|turn|10
|
|t:|1779626174
|switch|p1a: Heatran|Heatran, F|100/100
|move|p2a: Great Tusk|Rapid Spin|p1a: Heatran
|-immune|p1a: Heatran
|
|upkeep
|turn|11
|-message|wellwds forfeited.
|
|win|diddlediddle
|raw|diddlediddle's rating: 1338 &rarr; <strong>1362</strong><br />(+24 for winning)
|raw|wellwds's rating: 1406 &rarr; <strong>1382</strong><br />(-24 for losing)
|l|☆wellwds
|player|p2|
|l|☆diddlediddle
|player|p1|
