|j|☆Sheerluck Holmes
|j|☆ChiefTriceracop
|t:|1779719083
|gametype|singles
|player|p1|Sheerluck Holmes|gentleman-gen4|1478
|player|p2|ChiefTriceracop|fisherman-gen4|1492
|gen|9
|tier|[Gen 9] OU
|rated|
|rule|HP Percentage Mod: HP is shown in percentages
|rule|Endless Battle Clause: Forcing endless battles is banned
|rule|Species Clause: Limit one of each Pokémon
|rule|OHKO Clause: OHKO moves are banned
|rule|Evasion Items Clause: Evasion items are banned
|rule|Evasion Moves Clause: Evasion moves are banned
|rule|Evasion Abilities Clause: Evasion abilities are banned
|rule|Sleep Moves Clause: Sleep-inducing moves are banned
|clearpoke
|poke|p1|Walking Wake|
|poke|p1|Cinderace, F|
|poke|p1|Wo-Chien|
|poke|p1|Slither Wing|
|poke|p1|Torkoal, F|
|poke|p1|Hatterene, F|
|poke|p2|Pelipper, F|
|poke|p2|Hatterene, F|
|poke|p2|Iron Treads|
|poke|p2|Toxicroak, F|
|poke|p2|Barraskewda, F|
|poke|p2|Zapdos|
|teampreview
|inactive|Battle timer is ON: inactive players will automatically lose when time's up. (requested by ChiefTriceracop)
|inactive|Sheerluck Holmes also wants the timer to be on.
|
|t:|1779719096
|teamsize|p1|6
|teamsize|p2|6
|start
|switch|p1a: Slither Wing|Slither Wing|100/100
|switch|p2a: Barraskewda|Barraskewda, F|100/100
|turn|1
|
|t:|1779719104
|switch|p2a: Toxicroak|Toxicroak, F|100/100
|move|p1a: Slither Wing|First Impression|p2a: Toxicroak
|-resisted|p2a: Toxicroak
|-damage|p2a: Toxicroak|89/100
|-damage|p1a: Slither Wing|84/100|[from] item: Rocky Helmet|[of] p2a: Toxicroak
|
|upkeep
|turn|2
|
|t:|1779719121
|move|p1a: Slither Wing|Earthquake|p2a: Toxicroak
|-supereffective|p2a: Toxicroak
|-damage|p2a: Toxicroak|12/100
|move|p2a: Toxicroak|Toxic|p1a: Slither Wing
|-status|p1a: Slither Wing|tox
|
|-damage|p1a: Slither Wing|78/100 tox|[from] psn
|upkeep
|turn|3
|
|t:|1779719129
|switch|p2a: Pelipper|Pelipper, F|100/100
|-weather|RainDance|[from] ability: Drizzle|[of] p2a: Pelipper
|move|p1a: Slither Wing|Temper Flare|p2a: Pelipper
|-resisted|p2a: Pelipper
|-damage|p2a: Pelipper|94/100
|
|-weather|RainDance|[upkeep]
|-damage|p1a: Slither Wing|66/100 tox|[from] psn
|upkeep
|turn|4
|
|t:|1779719134
|move|p1a: Slither Wing|U-turn|p2a: Pelipper
|-resisted|p2a: Pelipper
|-damage|p2a: Pelipper|71/100
|
|t:|1779719136
|-end|p1a: Slither Wing|Protosynthesis|[silent]
|switch|p1a: Torkoal|Torkoal, F|100/100|[from] U-turn
|-weather|SunnyDay|[from] ability: Drought|[of] p1a: Torkoal
|move|p2a: Pelipper|U-turn|p1a: Torkoal
|-resisted|p1a: Torkoal
|-damage|p1a: Torkoal|97/100
|
|t:|1779719143
|switch|p2a: Barraskewda|Barraskewda, F|100/100|[from] U-turn
|
|-weather|SunnyDay|[upkeep]
|upkeep
|turn|5
|
|t:|1779719153
|switch|p1a: Walking Wake|Walking Wake|100/100
|-activate|p1a: Walking Wake|ability: Protosynthesis
|-start|p1a: Walking Wake|protosynthesisspe
|-terastallize|p2a: Barraskewda|Water
|move|p2a: Barraskewda|Flip Turn|p1a: Walking Wake
|-resisted|p1a: Walking Wake
|-crit|p1a: Walking Wake
|-damage|p1a: Walking Wake|88/100
|
|t:|1779719168
|switch|p2a: Pelipper|Pelipper, F|71/100|[from] Flip Turn
|-weather|RainDance|[from] ability: Drizzle|[of] p2a: Pelipper
|-end|p1a: Walking Wake|Protosynthesis
|
|-weather|RainDance|[upkeep]
|upkeep
|turn|6
|
|t:|1779719175
|switch|p2a: Toxicroak|Toxicroak, F|12/100
|move|p1a: Walking Wake|Draco Meteor|p2a: Toxicroak|[miss]
|-miss|p1a: Walking Wake|p2a: Toxicroak
|
|-weather|RainDance|[upkeep]
|-heal|p2a: Toxicroak|25/100|[from] ability: Dry Skin
|upkeep
|turn|7
|
|t:|1779719184
|-end|p1a: Walking Wake|Protosynthesis|[silent]
|switch|p1a: Torkoal|Torkoal, F|97/100
|-weather|SunnyDay|[from] ability: Drought|[of] p1a: Torkoal
|switch|p2a: Hatterene|Hatterene, F|100/100
|
|-weather|SunnyDay|[upkeep]
|upkeep
|turn|8
|
|t:|1779719198
|switch|p1a: Slither Wing|Slither Wing|66/100 tox
|-activate|p1a: Slither Wing|ability: Protosynthesis
|-start|p1a: Slither Wing|protosynthesisatk
|move|p2a: Hatterene|Nuzzle|p1a: Slither Wing
|-damage|p1a: Slither Wing|61/100 tox
|
|-weather|SunnyDay|[upkeep]
|-damage|p1a: Slither Wing|55/100 tox|[from] psn
|upkeep
|turn|9
|
|t:|1779719209
|move|p1a: Slither Wing|U-turn|p2a: Hatterene
|-damage|p2a: Hatterene|49/100
|-enditem|p2a: Hatterene|Eject Button
|
|t:|1779719214
|switch|p2a: Pelipper|Pelipper, F|71/100
|-weather|RainDance|[from] ability: Drizzle|[of] p2a: Pelipper
|-end|p1a: Slither Wing|Protosynthesis
|
|-weather|RainDance|[upkeep]
|-damage|p1a: Slither Wing|43/100 tox|[from] psn
|upkeep
|turn|10
|
|t:|1779719219
|move|p1a: Slither Wing|U-turn|p2a: Pelipper
|-resisted|p2a: Pelipper
|-damage|p2a: Pelipper|51/100
|
|t:|1779719221
|-end|p1a: Slither Wing|Protosynthesis|[silent]
|switch|p1a: Torkoal|Torkoal, F|97/100|[from] U-turn
|-weather|SunnyDay|[from] ability: Drought|[of] p1a: Torkoal
|move|p2a: Pelipper|U-turn|p1a: Torkoal
|-resisted|p1a: Torkoal
|-damage|p1a: Torkoal|94/100
|
|t:|1779719225
|switch|p2a: Barraskewda|Barraskewda, F, tera:Water|100/100|[from] U-turn
|
|-weather|SunnyDay|[upkeep]
|upkeep
|turn|11
|
|t:|1779719237
|switch|p1a: Walking Wake|Walking Wake|88/100
|-activate|p1a: Walking Wake|ability: Protosynthesis
|-start|p1a: Walking Wake|protosynthesisspe
|move|p2a: Barraskewda|Flip Turn|p1a: Walking Wake
|-resisted|p1a: Walking Wake
|-damage|p1a: Walking Wake|79/100
|
|t:|1779719244
|switch|p2a: Pelipper|Pelipper, F|51/100|[from] Flip Turn
|-weather|RainDance|[from] ability: Drizzle|[of] p2a: Pelipper
|-end|p1a: Walking Wake|Protosynthesis
|
|-weather|RainDance|[upkeep]
|upkeep
|turn|12
|
|t:|1779719248
|switch|p2a: Hatterene|Hatterene, F|49/100
|move|p1a: Walking Wake|Hydro Steam|p2a: Hatterene
|-damage|p2a: Hatterene|0 fnt
|faint|p2a: Hatterene
|
|-weather|RainDance|[upkeep]
|upkeep
|
|t:|1779719251
|switch|p2a: Toxicroak|Toxicroak, F|25/100
|turn|13
|
|t:|1779719255
|-end|p1a: Walking Wake|Protosynthesis|[silent]
|switch|p1a: Torkoal|Torkoal, F|94/100
|-weather|SunnyDay|[from] ability: Drought|[of] p1a: Torkoal
|move|p2a: Toxicroak|Knock Off|p1a: Torkoal
|-crit|p1a: Torkoal
|-damage|p1a: Torkoal|66/100
|-enditem|p1a: Torkoal|Heat Rock|[from] move: Knock Off|[of] p2a: Toxicroak
|
|-weather|SunnyDay|[upkeep]
|-damage|p2a: Toxicroak|12/100|[from] ability: Dry Skin|[of] p2a: Toxicroak
|upkeep
|turn|14
|
|t:|1779719261
|switch|p2a: Pelipper|Pelipper, F|51/100
|-weather|RainDance|[from] ability: Drizzle|[of] p2a: Pelipper
|move|p1a: Torkoal|Stealth Rock|p2a: Pelipper
|-sidestart|p2: ChiefTriceracop|move: Stealth Rock
|
|-weather|RainDance|[upkeep]
|upkeep
|turn|15
|
|t:|1779719266
|switch|p1a: Slither Wing|Slither Wing|43/100 tox
|move|p2a: Pelipper|U-turn|p1a: Slither Wing
|-resisted|p1a: Slither Wing
|-damage|p1a: Slither Wing|37/100 tox
|
|t:|1779719272
|switch|p2a: Barraskewda|Barraskewda, F, tera:Water|100/100|[from] U-turn
|-damage|p2a: Barraskewda|88/100|[from] Stealth Rock
|
|-weather|RainDance|[upkeep]
|-damage|p1a: Slither Wing|31/100 tox|[from] psn
|upkeep
|turn|16
|
|t:|1779719276
|move|p1a: Slither Wing|First Impression|p2a: Barraskewda
|-damage|p2a: Barraskewda|0 fnt
|faint|p2a: Barraskewda
|
|-weather|RainDance|[upkeep]
|-damage|p1a: Slither Wing|19/100 tox|[from] psn
|upkeep
|-message|ChiefTriceracop forfeited.
|
|win|Sheerluck Holmes
|raw|Sheerluck Holmes's rating: 1478 &rarr; <strong>1499</strong><br />(+21 for winning)
|raw|ChiefTriceracop's rating: 1492 &rarr; <strong>1471</strong><br />(-21 for losing)
|l|☆ChiefTriceracop
|player|p2|
|l|☆Sheerluck Holmes
|player|p1|
