|j|☆Hesellsseashells
|j|☆Lukas21
|t:|1779633127
|gametype|singles
|player|p1|Hesellsseashells|1|1123
|player|p2|Lukas21|265|1183
|gen|9
|tier|[Gen 9] OU
|rated|
|rule|HP Percentage Mod: HP is shown in percentages
|rule|Endless Battle Clause: Forcing endless battles is banned
|rule|Species Clause: Limit one of each Pokémon
|rule|OHKO Clause: OHKO moves are banned
|rule|Evasion Items Clause: Evasion items are banned
|rule|Evasion Moves Clause: Evasion moves are banned
|rule|Evasion Abilities Clause: Evasion abilities are banned
|rule|Sleep Moves Clause: Sleep-inducing moves are banned
|clearpoke
|poke|p1|Metagross|
|poke|p1|Weavile, M|
|poke|p1|Rotom-Wash|
|poke|p1|Garchomp, M|
|poke|p1|Corviknight, F|
|poke|p1|Dragapult, F|
|poke|p2|Scyther, F|
|poke|p2|Incineroar, M|
|poke|p2|Eelektross, M|
|poke|p2|Glimmora, F|
|poke|p2|Copperajah, F|
|poke|p2|Hydrapple, F|
|teampreview
|
|t:|1779633138
|teamsize|p1|6
|teamsize|p2|6
|start
|switch|p1a: Metagross|Metagross, shiny|100/100
|switch|p2a: Eelektross|Eelektross, M|100/100
|turn|1
|
|t:|1779633151
|move|p1a: Metagross|Psychic Fangs|p2a: Eelektross
|-damage|p2a: Eelektross|55/100
|move|p2a: Eelektross|Discharge|p1a: Metagross
|-damage|p1a: Metagross|61/100
|-status|p1a: Metagross|par
|
|upkeep
|turn|2
|
|t:|1779633158
|move|p2a: Eelektross|Flamethrower|p1a: Metagross
|-supereffective|p1a: Metagross
|-damage|p1a: Metagross|8/100 par
|-enditem|p1a: Metagross|Weakness Policy
|-boost|p1a: Metagross|atk|2|[from] item: Weakness Policy
|-boost|p1a: Metagross|spa|2|[from] item: Weakness Policy
|move|p1a: Metagross|Psychic Fangs|p2a: Eelektross
|-damage|p2a: Eelektross|0 fnt
|faint|p2a: Eelektross
|
|upkeep
|inactive|Battle timer is ON: inactive players will automatically lose when time's up. (requested by Hesellsseashells)
|
|t:|1779633189
|switch|p2a: Hydrapple|Hydrapple, F|100/100
|turn|3
|
|t:|1779633195
|move|p1a: Metagross|Bullet Punch|p2a: Hydrapple
|-damage|p2a: Hydrapple|64/100
|move|p2a: Hydrapple|Earth Power|p1a: Metagross
|-supereffective|p1a: Metagross
|-damage|p1a: Metagross|0 fnt
|faint|p1a: Metagross
|-damage|p2a: Hydrapple|55/100|[from] item: Life Orb
|
|upkeep
|
|t:|1779633205
|switch|p1a: Weavile|Weavile, M|100/100
|-ability|p1a: Weavile|Pressure
|turn|4
|
|t:|1779633213
|switch|p2a: Copperajah|Copperajah, F|100/100
|move|p1a: Weavile|Ice Shard|p2a: Copperajah
|-resisted|p2a: Copperajah
|-damage|p2a: Copperajah|90/100
|-damage|p1a: Weavile|91/100|[from] item: Life Orb
|
|-heal|p2a: Copperajah|96/100|[from] item: Leftovers
|upkeep
|turn|5
|inactive|Lukas21 has 120 seconds left.
|
|t:|1779633247
|switch|p1a: Dragapult|Dragapult, F, shiny|100/100
|move|p2a: Copperajah|Iron Head|p1a: Dragapult
|-damage|p1a: Dragapult|34/100
|
|-heal|p2a: Copperajah|100/100|[from] item: Leftovers
|upkeep
|turn|6
|
|t:|1779633256
|move|p1a: Dragapult|Flamethrower|p2a: Copperajah
|-supereffective|p2a: Copperajah
|-damage|p2a: Copperajah|25/100
|move|p2a: Copperajah|Iron Head|p1a: Dragapult
|-damage|p1a: Dragapult|0 fnt
|faint|p1a: Dragapult
|
|-heal|p2a: Copperajah|31/100|[from] item: Leftovers
|upkeep
|
|t:|1779633265
|switch|p1a: Weavile|Weavile, M|91/100
|-ability|p1a: Weavile|Pressure
|turn|7
|inactive|Lukas21 has 120 seconds left.
|
|t:|1779633287
|move|p1a: Weavile|Low Kick|p2a: Copperajah
|-supereffective|p2a: Copperajah
|-damage|p2a: Copperajah|0 fnt
|faint|p2a: Copperajah
|-damage|p1a: Weavile|81/100|[from] item: Life Orb
|
|upkeep
|inactive|Lukas21 has 120 seconds left.
|
|t:|1779633296
|switch|p2a: Glimmora|Glimmora, F|100/100
|-item|p2a: Glimmora|Air Balloon
|turn|8
|
|t:|1779633301
|switch|p1a: Garchomp|Garchomp, M|100/100
|move|p2a: Glimmora|Power Gem|p1a: Garchomp
|-resisted|p1a: Garchomp
|-damage|p1a: Garchomp|80/100
|
|upkeep
|turn|9
|
|t:|1779633312
|move|p1a: Garchomp|Stealth Rock|p2a: Glimmora
|-sidestart|p2: Lukas21|move: Stealth Rock
|move|p2a: Glimmora|Mortal Spin|p1a: Garchomp
|-resisted|p1a: Garchomp
|-damage|p1a: Garchomp|76/100
|-status|p1a: Garchomp|psn
|-damage|p2a: Glimmora|88/100|[from] ability: Rough Skin|[of] p1a: Garchomp
|-damage|p2a: Glimmora|72/100|[from] item: Rocky Helmet|[of] p1a: Garchomp
|-sideend|p2: Lukas21|Stealth Rock|[from] move: Mortal Spin|[of] p2a: Glimmora
|
|-damage|p1a: Garchomp|64/100 psn|[from] psn
|upkeep
|turn|10
|
|t:|1779633326
|move|p1a: Garchomp|Fire Fang|p2a: Glimmora
|-resisted|p2a: Glimmora
|-crit|p2a: Glimmora
|-damage|p2a: Glimmora|55/100
|-activate|p2a: Glimmora|ability: Toxic Debris
|-sidestart|p1: Hesellsseashells|move: Toxic Spikes
|-enditem|p2a: Glimmora|Air Balloon
|cant|p2a: Glimmora|flinch
|
|-damage|p1a: Garchomp|52/100 psn|[from] psn
|upkeep
|turn|11
|
|t:|1779633337
|move|p1a: Garchomp|Earthquake|p2a: Glimmora
|-supereffective|p2a: Glimmora
|-damage|p2a: Glimmora|0 fnt
|-activate|p2a: Glimmora|ability: Toxic Debris
|-sidestart|p1: Hesellsseashells|move: Toxic Spikes
|faint|p2a: Glimmora
|
|-damage|p1a: Garchomp|40/100 psn|[from] psn
|upkeep
|inactive|Lukas21 has 120 seconds left.
|
|t:|1779633363
|switch|p2a: Hydrapple|Hydrapple, F|88/100
|turn|12
|
|t:|1779633370
|-terastallize|p2a: Hydrapple|Ground
|move|p1a: Garchomp|Outrage|p2a: Hydrapple
|-damage|p2a: Hydrapple|44/100
|move|p2a: Hydrapple|Giga Drain|p1a: Garchomp
|-damage|p1a: Garchomp|0 fnt
|-heal|p2a: Hydrapple|64/100|[from] drain|[of] p1a: Garchomp
|faint|p1a: Garchomp
|-damage|p2a: Hydrapple|54/100|[from] item: Life Orb
|
|upkeep
|
|t:|1779633381
|switch|p1a: Corviknight|Corviknight, F, shiny|100/100
|-ability|p1a: Corviknight|Pressure
|turn|13
|
|t:|1779633390
|move|p1a: Corviknight|Defog|p2a: Hydrapple
|-unboost|p2a: Hydrapple|evasion|1
|-sideend|p1: Hesellsseashells|Toxic Spikes|[from] move: Defog|[of] p1a: Corviknight
|move|p2a: Hydrapple|Fickle Beam|p1a: Corviknight
|-resisted|p1a: Corviknight
|-damage|p1a: Corviknight|81/100
|-damage|p2a: Hydrapple|44/100|[from] item: Life Orb
|
|-heal|p1a: Corviknight|87/100|[from] item: Leftovers
|upkeep
|turn|14
|
|t:|1779633402
|move|p1a: Corviknight|Tailwind|p1a: Corviknight
|-sidestart|p1: Hesellsseashells|move: Tailwind
|move|p2a: Hydrapple|Recover|p2a: Hydrapple
|-heal|p2a: Hydrapple|94/100
|
|-heal|p1a: Corviknight|93/100|[from] item: Leftovers
|upkeep
|turn|15
|
|t:|1779633417
|switch|p1a: Rotom|Rotom-Wash, shiny|100/100
|move|p2a: Hydrapple|Fickle Beam|p1a: Rotom|[anim] Fickle Beam All Out
|-activate|p2a: Hydrapple|move: Fickle Beam
|-damage|p1a: Rotom|4/100
|-damage|p2a: Hydrapple|84/100|[from] item: Life Orb
|
|-heal|p1a: Rotom|11/100|[from] item: Leftovers
|upkeep
|turn|16
|
|t:|1779633426
|move|p1a: Rotom|Hydro Pump|p2a: Hydrapple
|-supereffective|p2a: Hydrapple
|-damage|p2a: Hydrapple|16/100
|move|p2a: Hydrapple|Giga Drain|p1a: Rotom
|-supereffective|p1a: Rotom
|-damage|p1a: Rotom|0 fnt
|-heal|p2a: Hydrapple|20/100|[from] drain|[of] p1a: Rotom
|faint|p1a: Rotom
|-damage|p2a: Hydrapple|10/100|[from] item: Life Orb
|
|upkeep
|
|t:|1779633436
|switch|p1a: Weavile|Weavile, M|81/100
|-ability|p1a: Weavile|Pressure
|turn|17
|
|t:|1779633447
|switch|p2a: Incineroar|Incineroar, M|100/100
|-ability|p2a: Incineroar|Intimidate|boost
|-unboost|p1a: Weavile|atk|1
|move|p1a: Weavile|Ice Shard|p2a: Incineroar
|-resisted|p2a: Incineroar
|-damage|p2a: Incineroar|92/100
|-damage|p1a: Weavile|71/100|[from] item: Life Orb
|
|-sideend|p1: Hesellsseashells|move: Tailwind
|upkeep
|turn|18
|
|t:|1779633459
|move|p2a: Incineroar|Fake Out|p1a: Weavile
|-damage|p1a: Weavile|49/100
|cant|p1a: Weavile|flinch
|
|upkeep
|turn|19
|
|t:|1779633465
|move|p1a: Weavile|Low Kick|p2a: Incineroar
|-supereffective|p2a: Incineroar
|-damage|p2a: Incineroar|54/100
|-damage|p1a: Weavile|39/100|[from] item: Life Orb
|move|p2a: Incineroar|Flare Blitz|p1a: Weavile
|-supereffective|p1a: Weavile
|-damage|p1a: Weavile|0 fnt
|faint|p1a: Weavile
|-damage|p2a: Incineroar|44/100|[from] Recoil
|
|upkeep
|
|t:|1779633474
|switch|p1a: Corviknight|Corviknight, F, shiny|93/100
|-ability|p1a: Corviknight|Pressure
|turn|20
|
|t:|1779633480
|move|p1a: Corviknight|Brave Bird|p2a: Incineroar
|-damage|p2a: Incineroar|11/100
|-damage|p1a: Corviknight|83/100|[from] Recoil
|move|p2a: Incineroar|Flare Blitz|p1a: Corviknight
|-supereffective|p1a: Corviknight
|-damage|p1a: Corviknight|10/100
|-damage|p2a: Incineroar|0 fnt|[from] Recoil
|faint|p2a: Incineroar
|
|-heal|p1a: Corviknight|16/100|[from] item: Leftovers
|upkeep
|
|t:|1779633492
|switch|p2a: Hydrapple|Hydrapple, F, tera:Ground|44/100
|turn|21
|
|t:|1779633497
|move|p1a: Corviknight|Brave Bird|p2a: Hydrapple
|-damage|p2a: Hydrapple|16/100
|-damage|p1a: Corviknight|8/100|[from] Recoil
|move|p2a: Hydrapple|Fickle Beam|p1a: Corviknight
|-resisted|p1a: Corviknight
|-damage|p1a: Corviknight|0 fnt
|faint|p1a: Corviknight
|-damage|p2a: Hydrapple|6/100|[from] item: Life Orb
|
|win|Lukas21
|raw|Hesellsseashells's rating: 1123 &rarr; <strong>1102</strong><br />(-21 for losing)
|raw|Lukas21's rating: 1183 &rarr; <strong>1204</strong><br />(+21 for winning)
|l|☆Hesellsseashells
|player|p1|
|l|☆Lukas21
|player|p2|
