|j|☆hey you're
|j|☆itsjustrps
|t:|1779629195
|gametype|singles
|player|p1|hey you're|blackbelt-gen4dp|1494
|player|p2|itsjustrps|102|1553
|gen|9
|tier|[Gen 9] OU
|rated|
|rule|HP Percentage Mod: HP is shown in percentages
|rule|Endless Battle Clause: Forcing endless battles is banned
|rule|Species Clause: Limit one of each Pokémon
|rule|OHKO Clause: OHKO moves are banned
|rule|Evasion Items Clause: Evasion items are banned
|rule|Evasion Moves Clause: Evasion moves are banned
|rule|Evasion Abilities Clause: Evasion abilities are banned
|rule|Sleep Moves Clause: Sleep-inducing moves are banned
|clearpoke
|poke|p1|Moltres|
|poke|p1|Maushold-Four|
|poke|p1|Goodra-Hisui, M|
|poke|p1|Ogerpon-Wellspring, F|
|poke|p1|Gholdengo|
|poke|p1|Zapdos|
|poke|p2|Corviknight, M|
|poke|p2|Garganacl, M|
|poke|p2|Kyurem|
|poke|p2|Tornadus-Therian, M|
|poke|p2|Dondozo, F|
|poke|p2|Clodsire, M|
|teampreview
|inactive|Battle timer is ON: inactive players will automatically lose when time's up. (requested by hey you're)
|
|t:|1779629207
|teamsize|p1|6
|teamsize|p2|6
|start
|switch|p1a: Ogerpon|Ogerpon-Wellspring, F|100/100
|switch|p2a: Tornadus|Tornadus-Therian, M|100/100
|turn|1
|j| norwaytm
|
|t:|1779629229
|switch|p1a: Zapdos|Zapdos|100/100
|move|p2a: Tornadus|U-turn|p1a: Zapdos
|-resisted|p1a: Zapdos
|-damage|p1a: Zapdos|91/100
|
|t:|1779629233
|switch|p2a: Kyurem|Kyurem|100/100|[from] U-turn
|-ability|p2a: Kyurem|Pressure
|
|upkeep
|turn|2
|
|t:|1779629239
|switch|p1a: Goodra|Goodra-Hisui, M|100/100
|move|p2a: Kyurem|Protect||[still]
|-fail|p2a: Kyurem
|
|upkeep
|turn|3
|
|t:|1779629245
|move|p2a: Kyurem|Protect|p2a: Kyurem
|-singleturn|p2a: Kyurem|Protect
|move|p1a: Goodra|Flamethrower|p2a: Kyurem
|-activate|p2a: Kyurem|move: Protect
|
|upkeep
|turn|4
|
|t:|1779629253
|switch|p2a: Tornadus|Tornadus-Therian, M|100/100
|move|p1a: Goodra|Draco Meteor|p2a: Tornadus
|-damage|p2a: Tornadus|33/100
|-unboost|p1a: Goodra|spa|2
|
|upkeep
|turn|5
|
|t:|1779629259
|switch|p1a: Zapdos|Zapdos|91/100
|move|p2a: Tornadus|U-turn|p1a: Zapdos
|-resisted|p1a: Zapdos
|-crit|p1a: Zapdos
|-damage|p1a: Zapdos|78/100
|
|t:|1779629261
|switch|p2a: Kyurem|Kyurem|100/100|[from] U-turn
|-ability|p2a: Kyurem|Pressure
|
|upkeep
|turn|6
|
|t:|1779629264
|move|p2a: Kyurem|Substitute|p2a: Kyurem
|-start|p2a: Kyurem|Substitute
|-damage|p2a: Kyurem|75/100
|move|p1a: Zapdos|Volt Switch|p2a: Kyurem
|-resisted|p2a: Kyurem
|-activate|p2a: Kyurem|move: Substitute|[damage]
|
|t:|1779629268
|switch|p1a: Maushold|Maushold-Four|100/100|[from] Volt Switch
|
|-heal|p2a: Kyurem|82/100|[from] item: Leftovers
|upkeep
|turn|7
|
|t:|1779629273
|move|p2a: Kyurem|Protect|p2a: Kyurem
|-singleturn|p2a: Kyurem|Protect
|move|p1a: Maushold|Tidy Up|p1a: Maushold
|-end|p2a: Kyurem|Substitute
|-activate|p1a: Maushold|move: Tidy Up
|-boost|p1a: Maushold|atk|1
|-boost|p1a: Maushold|spe|1
|
|-heal|p2a: Kyurem|88/100|[from] item: Leftovers
|upkeep
|turn|8
|
|t:|1779629285
|switch|p2a: Salty|Garganacl, M|100/100
|move|p1a: Maushold|Population Bomb|p2a: Salty
|-resisted|p2a: Salty
|-damage|p2a: Salty|95/100
|-resisted|p2a: Salty
|-damage|p2a: Salty|89/100
|-resisted|p2a: Salty
|-damage|p2a: Salty|83/100
|-resisted|p2a: Salty
|-damage|p2a: Salty|78/100
|-resisted|p2a: Salty
|-damage|p2a: Salty|73/100
|-resisted|p2a: Salty
|-damage|p2a: Salty|67/100
|-resisted|p2a: Salty
|-damage|p2a: Salty|62/100
|-resisted|p2a: Salty
|-damage|p2a: Salty|57/100
|-resisted|p2a: Salty
|-damage|p2a: Salty|51/100
|-resisted|p2a: Salty
|-damage|p2a: Salty|46/100
|-hitcount|p2a: Salty|10
|
|upkeep
|turn|9
|
|t:|1779629292
|-terastallize|p2a: Salty|Ghost
|move|p1a: Maushold|Tidy Up|p1a: Maushold
|-boost|p1a: Maushold|atk|1
|-boost|p1a: Maushold|spe|1
|move|p2a: Salty|Iron Defense|p2a: Salty
|-boost|p2a: Salty|def|2
|
|upkeep
|turn|10
|
|t:|1779629295
|move|p1a: Maushold|Encore|p2a: Salty
|-start|p2a: Salty|Encore
|move|p2a: Salty|Iron Defense|p2a: Salty
|-boost|p2a: Salty|def|2
|
|upkeep
|turn|11
|
|t:|1779629300
|move|p1a: Maushold|Tidy Up|p1a: Maushold
|-boost|p1a: Maushold|atk|1
|-boost|p1a: Maushold|spe|1
|move|p2a: Salty|Iron Defense|p2a: Salty
|-boost|p2a: Salty|def|2
|
|upkeep
|turn|12
|
|t:|1779629305
|move|p1a: Maushold|Tidy Up|p1a: Maushold
|-boost|p1a: Maushold|atk|1
|-boost|p1a: Maushold|spe|1
|move|p2a: Salty|Iron Defense|p2a: Salty
|-boost|p2a: Salty|def|0
|
|-end|p2a: Salty|Encore
|upkeep
|turn|13
|
|t:|1779629315
|switch|p2a: Corviknight|Corviknight, M|100/100
|-ability|p2a: Corviknight|Pressure
|move|p1a: Maushold|Encore||[still]
|-fail|p1a: Maushold
|
|upkeep
|turn|14
|
|t:|1779629324
|switch|p2a: Salty|Garganacl, M, tera:Ghost|46/100
|move|p1a: Maushold|Bite|p2a: Salty
|-supereffective|p2a: Salty
|-damage|p2a: Salty|0 fnt
|faint|p2a: Salty
|
|upkeep
|
|t:|1779629326
|switch|p2a: Dondozo|Dondozo, F|100/100
|turn|15
|
|t:|1779629330
|-terastallize|p1a: Maushold|Normal
|move|p1a: Maushold|Population Bomb|p2a: Dondozo
|-damage|p2a: Dondozo|93/100
|-damage|p2a: Dondozo|87/100
|-damage|p2a: Dondozo|80/100
|-damage|p2a: Dondozo|74/100
|-damage|p2a: Dondozo|67/100
|-damage|p2a: Dondozo|61/100
|-damage|p2a: Dondozo|54/100
|-damage|p2a: Dondozo|48/100
|-damage|p2a: Dondozo|41/100
|-damage|p2a: Dondozo|34/100
|-hitcount|p2a: Dondozo|10
|move|p2a: Dondozo|Body Press|p1a: Maushold
|-supereffective|p1a: Maushold
|-damage|p1a: Maushold|4/100
|
|-heal|p2a: Dondozo|40/100|[from] item: Leftovers
|upkeep
|turn|16
|j| nepturee
|
|t:|1779629337
|move|p1a: Maushold|Population Bomb|p2a: Dondozo
|-damage|p2a: Dondozo|34/100
|-hitcount|p2a: Dondozo|1
|move|p2a: Dondozo|Waterfall|p1a: Maushold
|-damage|p1a: Maushold|0 fnt
|faint|p1a: Maushold
|
|-heal|p2a: Dondozo|40/100|[from] item: Leftovers
|upkeep
|
|t:|1779629343
|switch|p1a: Ogerpon|Ogerpon-Wellspring, F|100/100
|turn|17
|
|t:|1779629351
|switch|p2a: Tornadus|Tornadus-Therian, M|66/100
|move|p1a: Ogerpon|Knock Off|p2a: Tornadus
|-damage|p2a: Tornadus|37/100
|
|upkeep
|turn|18
|
|t:|1779629355
|switch|p1a: Zapdos|Zapdos|78/100
|move|p2a: Tornadus|U-turn|p1a: Zapdos
|-resisted|p1a: Zapdos
|-damage|p1a: Zapdos|69/100
|
|t:|1779629359
|switch|p2a: Kyurem|Kyurem|88/100|[from] U-turn
|-ability|p2a: Kyurem|Pressure
|
|-heal|p2a: Kyurem|94/100|[from] item: Leftovers
|upkeep
|turn|19
|
|t:|1779629363
|move|p2a: Kyurem|Substitute|p2a: Kyurem
|-start|p2a: Kyurem|Substitute
|-damage|p2a: Kyurem|69/100
|move|p1a: Zapdos|Volt Switch|p2a: Kyurem
|-resisted|p2a: Kyurem
|-activate|p2a: Kyurem|move: Substitute|[damage]
|
|t:|1779629370
|switch|p1a: Gholdengo|Gholdengo|100/100|[from] Volt Switch
|
|-heal|p2a: Kyurem|75/100|[from] item: Leftovers
|upkeep
|turn|20
|
|t:|1779629374
|move|p2a: Kyurem|Protect|p2a: Kyurem
|-singleturn|p2a: Kyurem|Protect
|move|p1a: Gholdengo|Shadow Ball|p2a: Kyurem
|-activate|p2a: Kyurem|move: Protect
|
|-heal|p2a: Kyurem|81/100|[from] item: Leftovers
|upkeep
|turn|21
|
|t:|1779629376
|move|p1a: Gholdengo|Shadow Ball|p2a: Kyurem
|-end|p2a: Kyurem|Substitute
|move|p2a: Kyurem|Earth Power|p1a: Gholdengo
|-supereffective|p1a: Gholdengo
|-damage|p1a: Gholdengo|30/100
|
|-heal|p2a: Kyurem|88/100|[from] item: Leftovers
|upkeep
|turn|22
|l| nepturee
|
|t:|1779629382
|move|p2a: Kyurem|Protect|p2a: Kyurem
|-singleturn|p2a: Kyurem|Protect
|move|p1a: Gholdengo|Shadow Ball|p2a: Kyurem
|-activate|p2a: Kyurem|move: Protect
|
|-heal|p2a: Kyurem|94/100|[from] item: Leftovers
|upkeep
|turn|23
|
|t:|1779629388
|move|p1a: Gholdengo|Shadow Ball|p2a: Kyurem
|-damage|p2a: Kyurem|57/100
|-unboost|p2a: Kyurem|spd|1
|move|p2a: Kyurem|Earth Power|p1a: Gholdengo
|-supereffective|p1a: Gholdengo
|-damage|p1a: Gholdengo|0 fnt
|faint|p1a: Gholdengo
|
|-heal|p2a: Kyurem|63/100|[from] item: Leftovers
|upkeep
|
|t:|1779629393
|switch|p1a: Goodra|Goodra-Hisui, M|100/100
|turn|24
|
|t:|1779629397
|move|p2a: Kyurem|Protect|p2a: Kyurem
|-singleturn|p2a: Kyurem|Protect
|move|p1a: Goodra|Draco Meteor|p2a: Kyurem
|-activate|p2a: Kyurem|move: Protect
|
|-heal|p2a: Kyurem|69/100|[from] item: Leftovers
|upkeep
|turn|25
|
|t:|1779629404
|switch|p2a: Clodsire|Clodsire, M|100/100
|move|p1a: Goodra|Flamethrower|p2a: Clodsire
|-damage|p2a: Clodsire|86/100
|
|upkeep
|turn|26
|
|t:|1779629408
|move|p1a: Goodra|Ice Beam|p2a: Clodsire
|-supereffective|p2a: Clodsire
|-damage|p2a: Clodsire|52/100
|move|p2a: Clodsire|Stealth Rock|p1a: Goodra
|-sidestart|p1: hey you're|move: Stealth Rock
|
|upkeep
|turn|27
|
|t:|1779629412
|move|p1a: Goodra|Ice Beam|p2a: Clodsire
|-supereffective|p2a: Clodsire
|-damage|p2a: Clodsire|21/100
|move|p2a: Clodsire|Recover|p2a: Clodsire
|-heal|p2a: Clodsire|71/100
|
|upkeep
|turn|28
|
|t:|1779629419
|switch|p1a: Moltres|Moltres|100/100
|switch|p2a: Corviknight|Corviknight, M|100/100
|-ability|p2a: Corviknight|Pressure
|
|upkeep
|turn|29
|
|t:|1779629431
|switch|p2a: Clodsire|Clodsire, M|71/100
|move|p1a: Moltres|U-turn|p2a: Clodsire
|-resisted|p2a: Clodsire
|-damage|p2a: Clodsire|62/100
|
|t:|1779629433
|switch|p1a: Ogerpon|Ogerpon-Wellspring, F|100/100|[from] U-turn
|-damage|p1a: Ogerpon|88/100|[from] Stealth Rock
|
|upkeep
|turn|30
|
|t:|1779629444
|switch|p2a: Tornadus|Tornadus-Therian, M|70/100
|move|p1a: Ogerpon|Power Whip|p2a: Tornadus
|-resisted|p2a: Tornadus
|-damage|p2a: Tornadus|30/100
|
|upkeep
|turn|31
|
|t:|1779629449
|move|p2a: Tornadus|Knock Off|p1a: Ogerpon
|-damage|p1a: Ogerpon|65/100
|move|p1a: Ogerpon|Ivy Cudgel|p2a: Tornadus|[anim] Ivy Cudgel Water
|-damage|p2a: Tornadus|0 fnt
|faint|p2a: Tornadus
|
|upkeep
|
|t:|1779629458
|switch|p2a: Corviknight|Corviknight, M|100/100
|-ability|p2a: Corviknight|Pressure
|turn|32
|
|t:|1779629461
|switch|p1a: Moltres|Moltres|100/100
|move|p2a: Corviknight|U-turn|p1a: Moltres
|-resisted|p1a: Moltres
|-damage|p1a: Moltres|98/100
|j| nepturee
|l| nepturee
|
|t:|1779629468
|switch|p2a: Kyurem|Kyurem|69/100|[from] U-turn
|-ability|p2a: Kyurem|Pressure
|
|-heal|p2a: Kyurem|75/100|[from] item: Leftovers
|upkeep
|turn|33
|
|t:|1779629471
|move|p2a: Kyurem|Substitute|p2a: Kyurem
|-start|p2a: Kyurem|Substitute
|-damage|p2a: Kyurem|50/100
|move|p1a: Moltres|Flamethrower|p2a: Kyurem
|-end|p2a: Kyurem|Substitute
|
|-heal|p2a: Kyurem|56/100|[from] item: Leftovers
|upkeep
|turn|34
|
|t:|1779629473
|move|p2a: Kyurem|Protect|p2a: Kyurem
|-singleturn|p2a: Kyurem|Protect
|move|p1a: Moltres|Flamethrower|p2a: Kyurem
|-activate|p2a: Kyurem|move: Protect
|
|-heal|p2a: Kyurem|63/100|[from] item: Leftovers
|upkeep
|turn|35
|
|t:|1779629482
|switch|p2a: Clodsire|Clodsire, M|62/100
|move|p1a: Moltres|Flamethrower|p2a: Clodsire
|-damage|p2a: Clodsire|44/100
|-status|p2a: Clodsire|brn
|
|-damage|p2a: Clodsire|37/100 brn|[from] brn
|upkeep
|turn|36
|
|t:|1779629486
|move|p1a: Moltres|U-turn|p2a: Clodsire
|-resisted|p2a: Clodsire
|-damage|p2a: Clodsire|28/100 brn
|
|t:|1779629488
|switch|p1a: Ogerpon|Ogerpon-Wellspring, F|65/100|[from] U-turn
|-damage|p1a: Ogerpon|52/100|[from] Stealth Rock
|move|p2a: Clodsire|Recover|p2a: Clodsire
|-heal|p2a: Clodsire|78/100 brn
|
|-damage|p2a: Clodsire|72/100 brn|[from] brn
|upkeep
|turn|37
|
|t:|1779629501
|switch|p2a: Dondozo|Dondozo, F|40/100
|move|p1a: Ogerpon|Spikes|p2a: Dondozo
|-sidestart|p2: itsjustrps|Spikes
|
|-heal|p2a: Dondozo|46/100|[from] item: Leftovers
|upkeep
|turn|38
|
|t:|1779629504
|move|p1a: Ogerpon|Spikes|p2a: Dondozo
|-sidestart|p2: itsjustrps|Spikes
|move|p2a: Dondozo|Body Press|p1a: Ogerpon
|-damage|p1a: Ogerpon|14/100
|
|-heal|p2a: Dondozo|52/100|[from] item: Leftovers
|upkeep
|turn|39
|
|t:|1779629507
|move|p1a: Ogerpon|Power Whip|p2a: Dondozo
|-supereffective|p2a: Dondozo
|-damage|p2a: Dondozo|0 fnt
|faint|p2a: Dondozo
|
|upkeep
|
|t:|1779629514
|switch|p2a: Corviknight|Corviknight, M|100/100
|-ability|p2a: Corviknight|Pressure
|turn|40
|
|t:|1779629522
|switch|p1a: Moltres|Moltres|98/100
|move|p2a: Corviknight|Defog|p1a: Moltres
|-unboost|p1a: Moltres|evasion|1
|-sideend|p1: hey you're|Stealth Rock|[from] move: Defog|[of] p2a: Corviknight
|-sideend|p2: itsjustrps|Spikes|[from] move: Defog|[of] p2a: Corviknight
|
|upkeep
|turn|41
|
|t:|1779629526
|switch|p2a: Clodsire|Clodsire, M|72/100 brn
|move|p1a: Moltres|U-turn|p2a: Clodsire
|-resisted|p2a: Clodsire
|-damage|p2a: Clodsire|62/100 brn
|
|t:|1779629528
|switch|p1a: Ogerpon|Ogerpon-Wellspring, F|14/100|[from] U-turn
|
|-damage|p2a: Clodsire|56/100 brn|[from] brn
|upkeep
|turn|42
|
|t:|1779629531
|switch|p2a: Corviknight|Corviknight, M|100/100
|-ability|p2a: Corviknight|Pressure
|move|p1a: Ogerpon|Ivy Cudgel|p2a: Corviknight|[anim] Ivy Cudgel Water
|-damage|p2a: Corviknight|49/100
|
|upkeep
|turn|43
|-message|itsjustrps forfeited.
|
|win|hey you're
|raw|hey you&apos;re's rating: 1494 &rarr; <strong>1517</strong><br />(+23 for winning)
|raw|itsjustrps's rating: 1553 &rarr; <strong>1530</strong><br />(-23 for losing)
|l|☆itsjustrps
|player|p2|
|l|☆hey you're
|player|p1|
