|j|‽LJ80
|j|☆lol_nymbus
|t:|1779581259
|gametype|singles
|player|p1|LJ80|dahlia|1134
|player|p2|lol_nymbus|1|1145
|gen|9
|tier|[Gen 9] OU
|rated|
|rule|HP Percentage Mod: HP is shown in percentages
|rule|Endless Battle Clause: Forcing endless battles is banned
|rule|Species Clause: Limit one of each Pokémon
|rule|OHKO Clause: OHKO moves are banned
|rule|Evasion Items Clause: Evasion items are banned
|rule|Evasion Moves Clause: Evasion moves are banned
|rule|Evasion Abilities Clause: Evasion abilities are banned
|rule|Sleep Moves Clause: Sleep-inducing moves are banned
|clearpoke
|poke|p1|Corviknight, M|
|poke|p1|Salamence, M|
|poke|p1|Great Tusk|
|poke|p1|Iron Valiant|
|poke|p1|Ogerpon-Wellspring, F|
|poke|p1|Typhlosion-Hisui, F|
|poke|p2|Kingambit, F|
|poke|p2|Cinderace, F|
|poke|p2|Landorus-Therian, M|
|poke|p2|Iron Valiant|
|poke|p2|Kyurem|
|poke|p2|Slowking-Galar, M|
|teampreview
|inactive|Battle timer is ON: inactive players will automatically lose when time's up. (requested by LJ80)
|
|t:|1779581270
|teamsize|p1|6
|teamsize|p2|6
|start
|switch|p1a: Typhlosion|Typhlosion-Hisui, F, shiny|100/100
|switch|p2a: Cinderace|Cinderace, F, shiny|100/100
|-item|p2a: Cinderace|Heavy-Duty Boots|[from] ability: Frisk|[of] p1a: Typhlosion
|turn|1
|
|t:|1779581275
|move|p1a: Typhlosion|Infernal Parade|p2a: Cinderace
|-damage|p2a: Cinderace|61/100
|move|p2a: Cinderace|U-turn|p1a: Typhlosion
|-resisted|p1a: Typhlosion
|-damage|p1a: Typhlosion|93/100
|
|t:|1779581289
|switch|p2a: Kyurem|Kyurem, shiny|100/100|[from] U-turn
|-ability|p2a: Kyurem|Pressure
|
|upkeep
|turn|2
|
|t:|1779581292
|move|p1a: Typhlosion|Infernal Parade|p2a: Kyurem
|-damage|p2a: Kyurem|72/100
|-status|p2a: Kyurem|brn
|move|p2a: Kyurem|Substitute|p2a: Kyurem
|-start|p2a: Kyurem|Substitute
|-damage|p2a: Kyurem|47/100 brn
|
|-heal|p2a: Kyurem|54/100 brn|[from] item: Leftovers
|-damage|p2a: Kyurem|47/100 brn|[from] brn
|upkeep
|turn|3
|
|t:|1779581300
|move|p1a: Typhlosion|Infernal Parade|p2a: Kyurem
|-end|p2a: Kyurem|Substitute
|move|p2a: Kyurem|Earth Power|p1a: Typhlosion
|-supereffective|p1a: Typhlosion
|-damage|p1a: Typhlosion|17/100
|
|-heal|p2a: Kyurem|54/100 brn|[from] item: Leftovers
|-damage|p2a: Kyurem|47/100 brn|[from] brn
|upkeep
|turn|4
|
|t:|1779581308
|switch|p1a: Corviknight|Corviknight, M, shiny|100/100
|move|p2a: Kyurem|Earth Power|p1a: Corviknight
|-immune|p1a: Corviknight
|
|-heal|p2a: Kyurem|54/100 brn|[from] item: Leftovers
|-damage|p2a: Kyurem|47/100 brn|[from] brn
|upkeep
|turn|5
|
|t:|1779581313
|switch|p2a: Landorus|Landorus-Therian, M, shiny|100/100
|-ability|p2a: Landorus|Intimidate|boost
|-ability|p1a: Corviknight|Mirror Armor
|-unboost|p2a: Landorus|atk|1
|move|p1a: Corviknight|Hone Claws|p1a: Corviknight
|-boost|p1a: Corviknight|atk|1
|-boost|p1a: Corviknight|accuracy|1
|
|upkeep
|turn|6
|
|t:|1779581317
|move|p2a: Landorus|Taunt|p1a: Corviknight
|-start|p1a: Corviknight|move: Taunt
|move|p1a: Corviknight|Brave Bird|p2a: Landorus
|-damage|p2a: Landorus|42/100
|-damage|p1a: Corviknight|84/100|[from] item: Rocky Helmet|[of] p2a: Landorus
|-damage|p1a: Corviknight|67/100|[from] Recoil
|
|-heal|p1a: Corviknight|74/100|[from] item: Leftovers
|upkeep
|turn|7
|
|t:|1779581321
|move|p2a: Landorus|U-turn|p1a: Corviknight
|-resisted|p1a: Corviknight
|-damage|p1a: Corviknight|71/100
|
|t:|1779581332
|switch|p2a: Cinderace|Cinderace, F, shiny|61/100|[from] U-turn
|move|p1a: Corviknight|Brave Bird|p2a: Cinderace
|-damage|p2a: Cinderace|0 fnt
|faint|p2a: Cinderace
|-damage|p1a: Corviknight|52/100|[from] Recoil
|
|-heal|p1a: Corviknight|58/100|[from] item: Leftovers
|upkeep
|
|t:|1779581338
|switch|p2a: Landorus|Landorus-Therian, M, shiny|42/100
|-ability|p2a: Landorus|Intimidate|boost
|-ability|p1a: Corviknight|Mirror Armor
|-unboost|p2a: Landorus|atk|1
|turn|8
|
|t:|1779581342
|move|p2a: Landorus|Rock Tomb|p1a: Corviknight
|-damage|p1a: Corviknight|47/100
|-ability|p1a: Corviknight|Mirror Armor
|-unboost|p2a: Landorus|spe|1
|move|p1a: Corviknight|Brave Bird|p2a: Landorus
|-damage|p2a: Landorus|0 fnt
|-damage|p1a: Corviknight|31/100|[from] item: Rocky Helmet|[of] p2a: Landorus
|faint|p2a: Landorus
|-damage|p1a: Corviknight|19/100|[from] Recoil
|
|-heal|p1a: Corviknight|25/100|[from] item: Leftovers
|-end|p1a: Corviknight|move: Taunt
|upkeep
|
|t:|1779581349
|switch|p2a: Kingambit|Kingambit, F|100/100
|-activate|p2a: Kingambit|ability: Supreme Overlord
|-start|p2a: Kingambit|fallen2|[silent]
|turn|9
|
|t:|1779581352
|-end|p2a: Kingambit|fallen2|[silent]
|switch|p2a: Iron Valiant|Iron Valiant|100/100
|-enditem|p2a: Iron Valiant|Booster Energy
|-activate|p2a: Iron Valiant|ability: Quark Drive|[fromitem]
|-start|p2a: Iron Valiant|quarkdrivespe
|move|p1a: Corviknight|U-turn|p2a: Iron Valiant
|-resisted|p2a: Iron Valiant
|-damage|p2a: Iron Valiant|91/100
|
|t:|1779581360
|switch|p1a: Salamence|Salamence, M, shiny|100/100|[from] U-turn
|
|upkeep
|turn|10
|
|t:|1779581368
|-terastallize|p1a: Salamence|Steel
|move|p2a: Iron Valiant|Moonblast|p1a: Salamence
|-resisted|p1a: Salamence
|-damage|p1a: Salamence|72/100
|move|p1a: Salamence|Iron Head|p2a: Iron Valiant
|-supereffective|p2a: Iron Valiant
|-damage|p2a: Iron Valiant|0 fnt
|faint|p2a: Iron Valiant
|-end|p2a: Iron Valiant|Quark Drive|[silent]
|-ability|p1a: Salamence|Moxie|boost
|-boost|p1a: Salamence|atk|1
|
|upkeep
|-message|lol_nymbus forfeited.
|
|win|LJ80
|raw|LJ80's rating: 1134 &rarr; <strong>1160</strong><br />(+26 for winning)
|raw|lol_nymbus's rating: 1145 &rarr; <strong>1119</strong><br />(-26 for losing)
|l|☆lol_nymbus
|player|p2|
