|j|☆Spirit Guardian
|j|☆13th Hope
|t:|1779646263
|gametype|singles
|player|p1|Spirit Guardian|2|1404
|player|p2|13th Hope|drayden|1399
|gen|9
|tier|[Gen 9] OU
|rated|
|rule|HP Percentage Mod: HP is shown in percentages
|rule|Endless Battle Clause: Forcing endless battles is banned
|rule|Species Clause: Limit one of each Pokémon
|rule|OHKO Clause: OHKO moves are banned
|rule|Evasion Items Clause: Evasion items are banned
|rule|Evasion Moves Clause: Evasion moves are banned
|rule|Evasion Abilities Clause: Evasion abilities are banned
|rule|Sleep Moves Clause: Sleep-inducing moves are banned
|clearpoke
|poke|p1|Glimmora, F|
|poke|p1|Mimikyu, M|
|poke|p1|Quaquaval, F|
|poke|p1|Iron Moth|
|poke|p1|Galvantula, M|
|poke|p1|Dragonite, F|
|poke|p2|Great Tusk|
|poke|p2|Walking Wake|
|poke|p2|Raging Bolt|
|poke|p2|Ninetales, F|
|poke|p2|Venusaur, M|
|poke|p2|Kingambit, M|
|teampreview
|inactive|Battle timer is ON: inactive players will automatically lose when time's up. (requested by 13th Hope)
|
|t:|1779646286
|teamsize|p1|6
|teamsize|p2|6
|start
|switch|p1a: Galvantula|Galvantula, M, shiny|100/100
|switch|p2a: Walking Wake|Walking Wake|100/100
|turn|1
|
|t:|1779646297
|move|p2a: Walking Wake|Dragon Pulse|p1a: Galvantula
|-enditem|p1a: Galvantula|Focus Sash
|-damage|p1a: Galvantula|1/100
|move|p1a: Galvantula|Sticky Web|p2a: Walking Wake
|-sidestart|p2: 13th Hope|move: Sticky Web
|
|upkeep
|turn|2
|
|t:|1779646305
|move|p2a: Walking Wake|Dragon Pulse|p1a: Galvantula
|-damage|p1a: Galvantula|0 fnt
|faint|p1a: Galvantula
|
|upkeep
|
|t:|1779646311
|switch|p1a: Mimikyu|Mimikyu, M|100/100
|turn|3
|
|t:|1779646322
|-end|p2a: Walking Wake|Protosynthesis|[silent]
|switch|p2a: Ninetales|Ninetales, F|100/100
|-activate|p2a: Ninetales|move: Sticky Web
|-unboost|p2a: Ninetales|spe|1
|-weather|SunnyDay|[from] ability: Drought|[of] p2a: Ninetales
|move|p1a: Mimikyu|Swords Dance|p1a: Mimikyu
|-boost|p1a: Mimikyu|atk|2
|
|-weather|SunnyDay|[upkeep]
|upkeep
|turn|4
|
|t:|1779646333
|-terastallize|p1a: Mimikyu|Fire
|move|p1a: Mimikyu|Swords Dance|p1a: Mimikyu
|-boost|p1a: Mimikyu|atk|2
|move|p2a: Ninetales|Will-O-Wisp|p1a: Mimikyu
|-immune|p1a: Mimikyu
|
|-weather|SunnyDay|[upkeep]
|upkeep
|turn|5
|
|t:|1779646342
|move|p1a: Mimikyu|Shadow Claw|p2a: Ninetales
|-damage|p2a: Ninetales|0 fnt
|faint|p2a: Ninetales
|
|-weather|SunnyDay|[upkeep]
|upkeep
|
|t:|1779646357
|switch|p2a: Kingambit|Kingambit, M|100/100
|-activate|p2a: Kingambit|move: Sticky Web
|-unboost|p2a: Kingambit|spe|1
|-activate|p2a: Kingambit|ability: Supreme Overlord
|-start|p2a: Kingambit|fallen1|[silent]
|turn|6
|
|t:|1779646364
|move|p1a: Mimikyu|Play Rough|p2a: Kingambit
|-damage|p2a: Kingambit|27/100
|move|p2a: Kingambit|Kowtow Cleave|p1a: Mimikyu
|-activate|p1a: Mimikyu|ability: Disguise
|-damage|p1a: Mimikyu|100/100
|detailschange|p1a: Mimikyu|Mimikyu-Busted, M, tera:Fire
|-damage|p1a: Mimikyu|88/100|[from] pokemon: Mimikyu-Busted
|-enditem|p1a: Mimikyu|Red Card|[of] p2a: Kingambit
|-end|p2a: Kingambit|fallen1|[silent]
|drag|p2a: Walking Wake|Walking Wake|100/100
|-activate|p2a: Walking Wake|move: Sticky Web
|-unboost|p2a: Walking Wake|spe|1
|-activate|p2a: Walking Wake|ability: Protosynthesis
|-start|p2a: Walking Wake|protosynthesisspa
|
|-weather|SunnyDay|[upkeep]
|upkeep
|turn|7
|inactive|13th Hope has 120 seconds left.
|
|t:|1779646397
|-end|p2a: Walking Wake|Protosynthesis|[silent]
|switch|p2a: Kingambit|Kingambit, M|27/100
|-activate|p2a: Kingambit|move: Sticky Web
|-unboost|p2a: Kingambit|spe|1
|-activate|p2a: Kingambit|ability: Supreme Overlord
|-start|p2a: Kingambit|fallen1|[silent]
|move|p1a: Mimikyu|Play Rough|p2a: Kingambit
|-damage|p2a: Kingambit|0 fnt
|faint|p2a: Kingambit
|-end|p2a: Kingambit|fallen1|[silent]
|
|-weather|SunnyDay|[upkeep]
|upkeep
|inactive|13th Hope has 120 seconds left.
|
|t:|1779646417
|switch|p2a: Great Tusk|Great Tusk|100/100
|-activate|p2a: Great Tusk|move: Sticky Web
|-unboost|p2a: Great Tusk|spe|1
|-activate|p2a: Great Tusk|ability: Protosynthesis
|-start|p2a: Great Tusk|protosynthesisatk
|turn|8
|
|t:|1779646425
|-terastallize|p2a: Great Tusk|Fire
|move|p1a: Mimikyu|Play Rough|p2a: Great Tusk
|-resisted|p2a: Great Tusk
|-damage|p2a: Great Tusk|65/100
|-damage|p1a: Mimikyu|72/100|[from] item: Rocky Helmet|[of] p2a: Great Tusk
|move|p2a: Great Tusk|Rapid Spin|p1a: Mimikyu
|-damage|p1a: Mimikyu|40/100
|-boost|p2a: Great Tusk|spe|1
|-sideend|p2: 13th Hope|Sticky Web|[from] move: Rapid Spin|[of] p2a: Great Tusk
|
|-weather|SunnyDay|[upkeep]
|upkeep
|turn|9
|inactive|13th Hope has 120 seconds left.
|
|t:|1779646438
|move|p1a: Mimikyu|Shadow Claw|p2a: Great Tusk
|-damage|p2a: Great Tusk|8/100
|-damage|p1a: Mimikyu|24/100|[from] item: Rocky Helmet|[of] p2a: Great Tusk
|move|p2a: Great Tusk|Rapid Spin|p1a: Mimikyu
|-damage|p1a: Mimikyu|0 fnt
|-boost|p2a: Great Tusk|spe|1
|faint|p1a: Mimikyu
|
|-weather|SunnyDay|[upkeep]
|upkeep
|
|t:|1779646447
|switch|p1a: Glimmora|Glimmora, F|100/100
|-item|p1a: Glimmora|Air Balloon
|turn|10
|inactive|13th Hope has 120 seconds left.
|
|t:|1779646460
|move|p2a: Great Tusk|Rapid Spin|p1a: Glimmora
|-resisted|p1a: Glimmora
|-damage|p1a: Glimmora|90/100
|-boost|p2a: Great Tusk|spe|1
|-activate|p1a: Glimmora|ability: Toxic Debris
|-sidestart|p2: 13th Hope|move: Toxic Spikes
|-enditem|p1a: Glimmora|Air Balloon
|-sideend|p2: 13th Hope|Toxic Spikes|[from] move: Rapid Spin|[of] p2a: Great Tusk
|move|p1a: Glimmora|Power Gem|p2a: Great Tusk
|-supereffective|p2a: Great Tusk
|-damage|p2a: Great Tusk|0 fnt
|faint|p2a: Great Tusk
|-end|p2a: Great Tusk|Protosynthesis|[silent]
|
|-weather|none
|upkeep
|inactive|13th Hope has 120 seconds left.
|
|t:|1779646482
|switch|p2a: Venusaur|Venusaur, M|100/100
|turn|11
|
|t:|1779646486
|move|p1a: Glimmora|Stealth Rock|p2a: Venusaur
|-sidestart|p2: 13th Hope|move: Stealth Rock
|move|p2a: Venusaur|Giga Drain|p1a: Glimmora
|-damage|p1a: Glimmora|29/100
|-damage|p2a: Venusaur|91/100|[from] item: Life Orb
|
|upkeep
|turn|12
|inactive|13th Hope has 120 seconds left.
|
|t:|1779646493
|move|p1a: Glimmora|Power Gem|p2a: Venusaur
|-damage|p2a: Venusaur|47/100
|move|p2a: Venusaur|Giga Drain|p1a: Glimmora
|-damage|p1a: Glimmora|0 fnt
|-heal|p2a: Venusaur|61/100|[from] drain|[of] p1a: Glimmora
|faint|p1a: Glimmora
|-damage|p2a: Venusaur|51/100|[from] item: Life Orb
|
|upkeep
|
|t:|1779646502
|switch|p1a: Iron Moth|Iron Moth, shiny|100/100
|-enditem|p1a: Iron Moth|Booster Energy
|-activate|p1a: Iron Moth|ability: Quark Drive|[fromitem]
|-start|p1a: Iron Moth|quarkdrivespa
|turn|13
|
|t:|1779646512
|move|p1a: Iron Moth|Psychic|p2a: Venusaur
|-supereffective|p2a: Venusaur
|-damage|p2a: Venusaur|0 fnt
|faint|p2a: Venusaur
|
|upkeep
|
|t:|1779646525
|switch|p2a: Walking Wake|Walking Wake|100/100
|-damage|p2a: Walking Wake|88/100|[from] Stealth Rock
|turn|14
|
|t:|1779646530
|move|p1a: Iron Moth|Sludge Wave|p2a: Walking Wake
|-damage|p2a: Walking Wake|12/100
|move|p2a: Walking Wake|Hydro Steam|p1a: Iron Moth
|-supereffective|p1a: Iron Moth
|-damage|p1a: Iron Moth|0 fnt
|faint|p1a: Iron Moth
|-end|p1a: Iron Moth|Quark Drive|[silent]
|
|upkeep
|
|t:|1779646536
|switch|p1a: Quaquaval|Quaquaval, F|100/100
|turn|15
|
|t:|1779646550
|move|p2a: Walking Wake|Hydro Steam|p1a: Quaquaval
|-resisted|p1a: Quaquaval
|-damage|p1a: Quaquaval|60/100
|move|p1a: Quaquaval|Aqua Step|p2a: Walking Wake
|-resisted|p2a: Walking Wake
|-damage|p2a: Walking Wake|1/100
|-boost|p1a: Quaquaval|spe|1
|
|upkeep
|turn|16
|
|t:|1779646561
|move|p1a: Quaquaval|Aqua Step|p2a: Walking Wake
|-resisted|p2a: Walking Wake
|-damage|p2a: Walking Wake|0 fnt
|-boost|p1a: Quaquaval|spe|1
|faint|p2a: Walking Wake
|-end|p2a: Walking Wake|Protosynthesis|[silent]
|-ability|p1a: Quaquaval|Moxie|boost
|-boost|p1a: Quaquaval|atk|1
|
|upkeep
|
|t:|1779646569
|switch|p2a: Raging Bolt|Raging Bolt|100/100
|-damage|p2a: Raging Bolt|88/100|[from] Stealth Rock
|turn|17
|
|t:|1779646574
|move|p1a: Quaquaval|Close Combat|p2a: Raging Bolt
|-damage|p2a: Raging Bolt|12/100
|-unboost|p1a: Quaquaval|def|1
|-unboost|p1a: Quaquaval|spd|1
|-enditem|p1a: Quaquaval|White Herb
|-clearnegativeboost|p1a: Quaquaval|[silent]
|move|p2a: Raging Bolt|Dragon Pulse|p1a: Quaquaval
|-damage|p1a: Quaquaval|0 fnt
|faint|p1a: Quaquaval
|
|-heal|p2a: Raging Bolt|18/100|[from] item: Leftovers
|upkeep
|
|t:|1779646577
|switch|p1a: Dragonite|Dragonite, F|100/100
|turn|18
|
|t:|1779646589
|move|p1a: Dragonite|Earthquake|p2a: Raging Bolt
|-supereffective|p2a: Raging Bolt
|-damage|p2a: Raging Bolt|0 fnt
|faint|p2a: Raging Bolt
|-end|p2a: Raging Bolt|Protosynthesis|[silent]
|
|win|Spirit Guardian
|raw|Spirit Guardian's rating: 1404 &rarr; <strong>1424</strong><br />(+20 for winning)
|raw|13th Hope's rating: 1399 &rarr; <strong>1379</strong><br />(-20 for losing)
|l|☆Spirit Guardian
|player|p1|
|l|☆13th Hope
|player|p2|
