|j|☆dbcool
|j|☆pirlococo
|t:|1779646987
|gametype|singles
|player|p1|dbcool|dahlia|1393
|player|p2|pirlococo|fisherman|1412
|gen|9
|tier|[Gen 9] OU
|rated|
|rule|HP Percentage Mod: HP is shown in percentages
|rule|Endless Battle Clause: Forcing endless battles is banned
|rule|Species Clause: Limit one of each Pokémon
|rule|OHKO Clause: OHKO moves are banned
|rule|Evasion Items Clause: Evasion items are banned
|rule|Evasion Moves Clause: Evasion moves are banned
|rule|Evasion Abilities Clause: Evasion abilities are banned
|rule|Sleep Moves Clause: Sleep-inducing moves are banned
|clearpoke
|poke|p1|Cinderace, F|
|poke|p1|Meowscarada, M|
|poke|p1|Regieleki|
|poke|p1|Garchomp, F|
|poke|p1|Greninja-*, M|
|poke|p1|Kingambit, F|
|poke|p2|Ribombee, M|
|poke|p2|Cinderace, F|
|poke|p2|Serperior, F|
|poke|p2|Mimikyu, F|
|poke|p2|Dragapult, M|
|poke|p2|Bisharp, M|
|teampreview
|inactive|Battle timer is ON: inactive players will automatically lose when time's up. (requested by pirlococo)
|
|t:|1779646997
|teamsize|p1|6
|teamsize|p2|6
|start
|switch|p1a: Kuro|Meowscarada, M, shiny|100/100
|switch|p2a: Ribombee|Ribombee, M|100/100
|turn|1
|
|t:|1779647001
|move|p1a: Kuro|Triple Axel|p2a: Ribombee
|-start|p1a: Kuro|typechange|Ice|[from] ability: Protean
|-damage|p2a: Ribombee|81/100
|-damage|p2a: Ribombee|47/100
|-damage|p2a: Ribombee|0 fnt
|faint|p2a: Ribombee
|-hitcount|p2: Ribombee|3
|
|upkeep
|
|t:|1779647009
|switch|p2a: Cinderace|Cinderace, F|100/100
|turn|2
|
|t:|1779647012
|switch|p1a: Garchomp|Garchomp, F, shiny|100/100
|move|p2a: Cinderace|Will-O-Wisp|p1a: Garchomp
|-status|p1a: Garchomp|brn
|
|-damage|p1a: Garchomp|94/100 brn|[from] brn
|upkeep
|turn|3
|
|t:|1779647017
|move|p2a: Cinderace|U-turn|p1a: Garchomp
|-start|p2a: Cinderace|typechange|Bug|[from] ability: Libero
|-damage|p1a: Garchomp|74/100 brn
|-damage|p2a: Cinderace|88/100|[from] ability: Rough Skin|[of] p1a: Garchomp
|-damage|p2a: Cinderace|72/100|[from] item: Rocky Helmet|[of] p1a: Garchomp
|
|t:|1779647024
|switch|p2a: Serperior|Serperior, F, shiny|100/100|[from] U-turn
|move|p1a: Garchomp|Stealth Rock|p2a: Serperior
|-sidestart|p2: pirlococo|move: Stealth Rock
|
|-damage|p1a: Garchomp|68/100 brn|[from] brn
|upkeep
|turn|4
|
|t:|1779647033
|move|p2a: Serperior|Leech Seed|p1a: Garchomp
|-start|p1a: Garchomp|move: Leech Seed
|move|p1a: Garchomp|Dragon Tail|p2a: Serperior
|-damage|p2a: Serperior|85/100
|drag|p2a: Bisharp|Bisharp, M|100/100
|-damage|p2a: Bisharp|95/100|[from] Stealth Rock
|
|-damage|p1a: Garchomp|56/100 brn|[from] Leech Seed|[of] p2a: Bisharp
|-heal|p2a: Bisharp|100/100|[silent]
|-damage|p1a: Garchomp|50/100 brn|[from] brn
|upkeep
|turn|5
|
|t:|1779647044
|switch|p2a: Serperior|Serperior, F, shiny|85/100
|-damage|p2a: Serperior|72/100|[from] Stealth Rock
|move|p1a: Garchomp|Spikes|p2a: Serperior
|-sidestart|p2: pirlococo|Spikes
|
|-heal|p2a: Serperior|79/100|[from] item: Leftovers
|-damage|p1a: Garchomp|37/100 brn|[from] Leech Seed|[of] p2a: Serperior
|-heal|p2a: Serperior|96/100|[silent]
|-damage|p1a: Garchomp|31/100 brn|[from] brn
|upkeep
|turn|6
|
|t:|1779647051
|switch|p1a: Haru|Cinderace, F, shiny|100/100
|move|p2a: Serperior|Leaf Storm|p1a: Haru
|-resisted|p1a: Haru
|-damage|p1a: Haru|68/100
|-boost|p2a: Serperior|spa|2
|
|-heal|p2a: Serperior|100/100|[from] item: Leftovers
|upkeep
|turn|7
|
|t:|1779647062
|-terastallize|p2a: Serperior|Dragon
|move|p1a: Haru|U-turn|p2a: Serperior
|-start|p1a: Haru|typechange|Bug|[from] ability: Libero
|-crit|p2a: Serperior
|-damage|p2a: Serperior|15/100
|
|t:|1779647068
|switch|p1a: Garchomp|Garchomp, F, shiny|31/100 brn|[from] U-turn
|move|p2a: Serperior|Leaf Storm|p1a: Garchomp
|-damage|p1a: Garchomp|0 fnt
|-boost|p2a: Serperior|spa|2
|faint|p1a: Garchomp
|
|-heal|p2a: Serperior|21/100|[from] item: Leftovers
|upkeep
|
|t:|1779647072
|switch|p1a: Greninja|Greninja, M|100/100
|turn|8
|
|t:|1779647078
|move|p1a: Greninja|Ice Beam|p2a: Serperior
|-supereffective|p2a: Serperior
|-damage|p2a: Serperior|0 fnt
|faint|p2a: Serperior
|-ability|p1a: Greninja|Battle Bond|boost
|-boost|p1a: Greninja|atk|1
|-boost|p1a: Greninja|spa|1
|-boost|p1a: Greninja|spe|1
|-activate|p1a: Greninja|ability: Battle Bond
|-damage|p1a: Greninja|91/100|[from] item: Life Orb
|
|upkeep
|
|t:|1779647081
|switch|p2a: Cinderace|Cinderace, F|72/100
|turn|9
|inactive|dbcool has 120 seconds left.
|
|t:|1779647113
|switch|p2a: Mimikyu|Mimikyu, F|100/100
|-damage|p2a: Mimikyu|88/100|[from] Stealth Rock
|-damage|p2a: Mimikyu|76/100|[from] Spikes
|move|p1a: Greninja|Water Shuriken|p2a: Mimikyu
|-activate|p2a: Mimikyu|ability: Disguise
|-damage|p2a: Mimikyu|76/100
|detailschange|p2a: Mimikyu|Mimikyu-Busted, F
|-damage|p2a: Mimikyu|63/100|[from] pokemon: Mimikyu-Busted
|-damage|p2a: Mimikyu|46/100
|-damage|p2a: Mimikyu|28/100
|-hitcount|p2a: Mimikyu|3
|-enditem|p2a: Mimikyu|Red Card|[of] p1a: Greninja
|drag|p1a: Regieleki|Regieleki, shiny|100/100
|
|upkeep
|turn|10
|inactive|dbcool has 120 seconds left.
|
|t:|1779647128
|move|p1a: Regieleki|Volt Switch|p2a: Mimikyu
|-damage|p2a: Mimikyu|0 fnt
|faint|p2a: Mimikyu
|inactive|dbcool has 120 seconds left.
|
|t:|1779647135
|switch|p1a: Greninja|Greninja, M|91/100|[from] Volt Switch
|
|upkeep
|
|t:|1779647138
|switch|p2a: Dragapult|Dragapult, M|100/100
|-damage|p2a: Dragapult|88/100|[from] Stealth Rock
|-damage|p2a: Dragapult|76/100|[from] Spikes
|turn|11
|
|t:|1779647145
|move|p2a: Dragapult|Thunderbolt|p1a: Greninja
|-supereffective|p1a: Greninja
|-damage|p1a: Greninja|0 fnt
|faint|p1a: Greninja
|-damage|p2a: Dragapult|66/100|[from] item: Life Orb
|
|upkeep
|
|t:|1779647147
|switch|p1a: Regieleki|Regieleki, shiny|100/100
|turn|12
|
|t:|1779647151
|switch|p2a: Cinderace|Cinderace, F|72/100
|move|p1a: Regieleki|Thunderbolt|p2a: Cinderace
|-damage|p2a: Cinderace|4/100
|-status|p2a: Cinderace|par
|
|upkeep
|turn|13
|
|t:|1779647156
|move|p1a: Regieleki|Volt Switch|p2a: Cinderace
|-damage|p2a: Cinderace|0 fnt
|faint|p2a: Cinderace
|
|t:|1779647158
|switch|p1a: Kuro|Meowscarada, M, shiny|100/100|[from] Volt Switch
|
|upkeep
|
|t:|1779647161
|switch|p2a: Dragapult|Dragapult, M|66/100
|-damage|p2a: Dragapult|54/100|[from] Stealth Rock
|-damage|p2a: Dragapult|42/100|[from] Spikes
|turn|14
|
|t:|1779647164
|move|p1a: Kuro|Knock Off|p2a: Dragapult
|-start|p1a: Kuro|typechange|Dark|[from] ability: Protean
|-supereffective|p2a: Dragapult
|-damage|p2a: Dragapult|0 fnt
|-enditem|p2a: Dragapult|Life Orb|[from] move: Knock Off|[of] p1a: Kuro
|faint|p2a: Dragapult
|
|upkeep
|
|t:|1779647167
|switch|p2a: Bisharp|Bisharp, M|100/100
|-damage|p2a: Bisharp|95/100|[from] Stealth Rock
|-damage|p2a: Bisharp|82/100|[from] Spikes
|turn|15
|
|t:|1779647170
|move|p1a: Kuro|Knock Off|p2a: Bisharp
|-resisted|p2a: Bisharp
|-damage|p2a: Bisharp|68/100
|-enditem|p2a: Bisharp|Eviolite|[from] move: Knock Off|[of] p1a: Kuro
|move|p2a: Bisharp|Swords Dance|p2a: Bisharp
|-boost|p2a: Bisharp|atk|2
|
|upkeep
|turn|16
|
|t:|1779647176
|switch|p1a: Regieleki|Regieleki, shiny|100/100
|move|p2a: Bisharp|Swords Dance|p2a: Bisharp
|-boost|p2a: Bisharp|atk|2
|
|upkeep
|turn|17
|
|t:|1779647181
|move|p2a: Bisharp|Sucker Punch|p1a: Regieleki
|-damage|p1a: Regieleki|0 fnt
|faint|p1a: Regieleki
|
|upkeep
|
|t:|1779647193
|switch|p1a: Haru|Cinderace, F, shiny|68/100
|turn|18
|
|t:|1779647201
|move|p2a: Bisharp|Sucker Punch|p1a: Haru
|-crit|p1a: Haru
|-damage|p1a: Haru|0 fnt
|faint|p1a: Haru
|
|upkeep
|
|t:|1779647203
|switch|p1a: Kuro|Meowscarada, M, shiny|100/100
|turn|19
|
|t:|1779647207
|move|p2a: Bisharp|Sucker Punch|p1a: Kuro
|-resisted|p1a: Kuro
|-damage|p1a: Kuro|16/100
|move|p1a: Kuro|Flower Trick|p2a: Bisharp
|-start|p1a: Kuro|typechange|Grass|[from] ability: Protean
|-resisted|p2a: Bisharp
|-crit|p2a: Bisharp
|-damage|p2a: Bisharp|41/100
|
|upkeep
|turn|20
|
|t:|1779647214
|move|p2a: Bisharp|Sucker Punch|p1a: Kuro
|-damage|p1a: Kuro|0 fnt
|faint|p1a: Kuro
|
|upkeep
|
|t:|1779647218
|switch|p1a: Queengambit|Kingambit, F, shiny|100/100
|-activate|p1a: Queengambit|ability: Supreme Overlord
|-start|p1a: Queengambit|fallen5|[silent]
|turn|21
|
|t:|1779647221
|move|p2a: Bisharp|Sucker Punch|p1a: Queengambit
|-resisted|p1a: Queengambit
|-damage|p1a: Queengambit|55/100
|move|p1a: Queengambit|Iron Head|p2a: Bisharp
|-resisted|p2a: Bisharp
|-damage|p2a: Bisharp|7/100
|
|upkeep
|turn|22
|
|t:|1779647226
|move|p2a: Bisharp|Sucker Punch|p1a: Queengambit
|-resisted|p1a: Queengambit
|-damage|p1a: Queengambit|8/100
|move|p1a: Queengambit|Iron Head|p2a: Bisharp
|-resisted|p2a: Bisharp
|-damage|p2a: Bisharp|0 fnt
|faint|p2a: Bisharp
|
|win|dbcool
|raw|dbcool's rating: 1393 &rarr; <strong>1414</strong><br />(+21 for winning)
|raw|pirlococo's rating: 1412 &rarr; <strong>1391</strong><br />(-21 for losing)
|l|☆pirlococo
|player|p2|
