|j|☆Rott0909
|j|☆claudechamp
|t:|1779713451
|gametype|singles
|player|p1|Rott0909|102|1117
|player|p2|claudechamp|102|1182
|gen|9
|tier|[Gen 9] OU
|rated|
|rule|HP Percentage Mod: HP is shown in percentages
|rule|Endless Battle Clause: Forcing endless battles is banned
|rule|Species Clause: Limit one of each Pokémon
|rule|OHKO Clause: OHKO moves are banned
|rule|Evasion Items Clause: Evasion items are banned
|rule|Evasion Moves Clause: Evasion moves are banned
|rule|Evasion Abilities Clause: Evasion abilities are banned
|rule|Sleep Moves Clause: Sleep-inducing moves are banned
|clearpoke
|poke|p1|Hatterene, F|
|poke|p1|Samurott-Hisui, M|
|poke|p1|Zapdos|
|poke|p1|Great Tusk|
|poke|p1|Dondozo, M|
|poke|p1|Incineroar, M|
|poke|p2|Gliscor, F|
|poke|p2|Gholdengo|
|poke|p2|Zamazenta-*|
|poke|p2|Blissey, F|
|poke|p2|Skarmory, F|
|poke|p2|Pecharunt|
|teampreview
|c|☆claudechamp|hf
|inactive|Battle timer is ON: inactive players will automatically lose when time's up. (requested by claudechamp)
|
|t:|1779713456
|teamsize|p1|6
|teamsize|p2|6
|start
|switch|p1a: Incineroar|Incineroar, M|100/100
|switch|p2a: Skarmory|Skarmory, F|100/100
|-ability|p1a: Incineroar|Intimidate|boost
|-unboost|p2a: Skarmory|atk|1
|turn|1
|
|t:|1779713465
|move|p2a: Skarmory|Spikes|p1a: Incineroar
|-sidestart|p1: Rott0909|Spikes
|move|p1a: Incineroar|Will-O-Wisp|p2a: Skarmory
|-status|p2a: Skarmory|brn
|
|-damage|p2a: Skarmory|95/100 brn|[from] brn
|upkeep
|turn|2
|
|t:|1779713478
|move|p2a: Skarmory|Spikes|p1a: Incineroar
|-sidestart|p1: Rott0909|Spikes
|move|p1a: Incineroar|Knock Off|p2a: Skarmory
|-damage|p2a: Skarmory|70/100 brn
|-enditem|p2a: Skarmory|Heavy-Duty Boots|[from] move: Knock Off|[of] p1a: Incineroar
|
|-damage|p2a: Skarmory|64/100 brn|[from] brn
|upkeep
|turn|3
|
|t:|1779713488
|move|p2a: Skarmory|Spikes|p1a: Incineroar
|-sidestart|p1: Rott0909|Spikes
|move|p1a: Incineroar|Parting Shot|p2a: Skarmory
|-unboost|p2a: Skarmory|atk|1
|-unboost|p2a: Skarmory|spa|1
|
|t:|1779713494
|switch|p1a: Great Tusk|Great Tusk|100/100|[from] Parting Shot
|-damage|p1a: Great Tusk|76/100|[from] Spikes
|-enditem|p1a: Great Tusk|Booster Energy
|-activate|p1a: Great Tusk|ability: Protosynthesis|[fromitem]
|-start|p1a: Great Tusk|protosynthesisatk
|
|-damage|p2a: Skarmory|58/100 brn|[from] brn
|upkeep
|turn|4
|
|t:|1779713504
|switch|p2a: Pecharunt|Pecharunt|100/100
|move|p1a: Great Tusk|Rapid Spin|p2a: Pecharunt
|-immune|p2a: Pecharunt
|
|upkeep
|turn|5
|
|t:|1779713512
|move|p1a: Great Tusk|Headlong Rush|p2a: Pecharunt
|-supereffective|p2a: Pecharunt
|-damage|p2a: Pecharunt|21/100
|-unboost|p1a: Great Tusk|def|1
|-unboost|p1a: Great Tusk|spd|1
|move|p2a: Pecharunt|Shadow Ball|p1a: Great Tusk
|-crit|p1a: Great Tusk
|-damage|p1a: Great Tusk|0 fnt
|faint|p1a: Great Tusk
|-end|p1a: Great Tusk|Protosynthesis|[silent]
|
|upkeep
|
|t:|1779713524
|switch|p1a: Zapdos|Zapdos|100/100
|turn|6
|
|t:|1779713528
|move|p1a: Zapdos|Heat Wave|p2a: Pecharunt
|-damage|p2a: Pecharunt|0 fnt
|faint|p2a: Pecharunt
|
|upkeep
|
|t:|1779713531
|switch|p2a: Gliscor|Gliscor, F|100/100
|turn|7
|
|t:|1779713536
|move|p2a: Gliscor|Swords Dance|p2a: Gliscor
|-boost|p2a: Gliscor|atk|2
|move|p1a: Zapdos|Heat Wave|p2a: Gliscor
|-damage|p2a: Gliscor|71/100
|
|-status|p2a: Gliscor|tox|[from] item: Toxic Orb
|upkeep
|turn|8
|-message|Rott0909 forfeited.
|
|win|claudechamp
|raw|Rott0909's rating: 1117 &rarr; <strong>1097</strong><br />(-20 for losing)
|raw|claudechamp's rating: 1182 &rarr; <strong>1202</strong><br />(+20 for winning)
|c|☆claudechamp|gg
|l|☆Rott0909
|player|p1|
