|badge|p1|bronze|gen9ou|100-9
|uhtml|medal-msg|<div class="broadcast-blue">Curious what those medals under the avatar are? PS now has Ladder Seasons! For more information, check out the <a href="https://www.smogon.com/forums/threads/3740067/">thread on Smogon.</a></div>
|badge|p2|bronze|gen9ou|100-9
|uhtml|medal-msg|<div class="broadcast-blue">Curious what those medals under the avatar are? PS now has Ladder Seasons! For more information, check out the <a href="https://www.smogon.com/forums/threads/3740067/">thread on Smogon.</a></div>
|j|☆isaac_gam3r
|j|☆samohi0
|t:|1779587942
|gametype|singles
|player|p1|isaac_gam3r|acetrainer-gen4dp|1809
|player|p2|samohi0|266|1814
|gen|9
|tier|[Gen 9] OU
|rated|
|rule|HP Percentage Mod: HP is shown in percentages
|rule|Endless Battle Clause: Forcing endless battles is banned
|rule|Species Clause: Limit one of each Pokémon
|rule|OHKO Clause: OHKO moves are banned
|rule|Evasion Items Clause: Evasion items are banned
|rule|Evasion Moves Clause: Evasion moves are banned
|rule|Evasion Abilities Clause: Evasion abilities are banned
|rule|Sleep Moves Clause: Sleep-inducing moves are banned
|clearpoke
|poke|p1|Primarina, F|
|poke|p1|Raging Bolt|
|poke|p1|Heatran, M|
|poke|p1|Weezing-Galar, M|
|poke|p1|Garchomp, M|
|poke|p1|Weavile, M|
|poke|p2|Mamoswine, M|
|poke|p2|Glimmora, M|
|poke|p2|Iron Crown|
|poke|p2|Zamazenta-*|
|poke|p2|Sinistcha|
|poke|p2|Samurott-Hisui, M|
|teampreview
|
|t:|1779587951
|teamsize|p1|6
|teamsize|p2|6
|start
|switch|p1a: Primarina|Primarina, F, shiny|100/100
|switch|p2a: Braveheart|Iron Crown|100/100
|turn|1
|
|t:|1779587954
|move|p1a: Primarina|Protect|p1a: Primarina
|-singleturn|p1a: Primarina|Protect
|move|p2a: Braveheart|Volt Switch|p1a: Primarina
|-activate|p1a: Primarina|move: Protect
|
|upkeep
|turn|2
|inactive|Battle timer is ON: inactive players will automatically lose when time's up. (requested by isaac_gam3r)
|j| Pokemon-Lover834
|
|t:|1779587958
|-end|p2a: Braveheart|Quark Drive|[silent]
|switch|p2a: Behemoth|Mamoswine, M, shiny|100/100
|move|p1a: Primarina|Calm Mind|p1a: Primarina
|-boost|p1a: Primarina|spa|1
|-boost|p1a: Primarina|spd|1
|
|upkeep
|turn|3
|
|t:|1779587961
|move|p2a: Behemoth|Earthquake|p1a: Primarina
|-damage|p1a: Primarina|6/100
|move|p1a: Primarina|Sparkling Aria|p2a: Behemoth
|-supereffective|p2a: Behemoth
|-crit|p2a: Behemoth
|-damage|p2a: Behemoth|0 fnt
|faint|p2a: Behemoth
|
|-heal|p1a: Primarina|12/100|[from] item: Leftovers
|upkeep
|
|t:|1779587964
|switch|p2a: Jack Sparrow|Samurott-Hisui, M, shiny|100/100
|turn|4
|
|t:|1779587966
|move|p1a: Primarina|Protect|p1a: Primarina
|-singleturn|p1a: Primarina|Protect
|move|p2a: Jack Sparrow|Ceaseless Edge|p1a: Primarina
|-activate|p1a: Primarina|move: Protect
|
|-heal|p1a: Primarina|18/100|[from] item: Leftovers
|upkeep
|turn|5
|
|t:|1779587969
|switch|p1a: Weezing|Weezing-Galar, M, shiny|100/100
|move|p2a: Jack Sparrow|Ceaseless Edge|p1a: Weezing
|-resisted|p1a: Weezing
|-damage|p1a: Weezing|81/100
|-sidestart|p1: isaac_gam3r|Spikes
|
|-heal|p1a: Weezing|87/100|[from] item: Black Sludge
|upkeep
|turn|6
|
|t:|1779587972
|move|p2a: Jack Sparrow|Flip Turn|p1a: Weezing
|-damage|p1a: Weezing|65/100
|
|t:|1779587975
|switch|p2a: Braveheart|Iron Crown|100/100|[from] Flip Turn
|move|p1a: Weezing|Will-O-Wisp|p2a: Braveheart
|-status|p2a: Braveheart|brn
|
|-heal|p1a: Weezing|71/100|[from] item: Black Sludge
|-damage|p2a: Braveheart|94/100 brn|[from] brn
|upkeep
|turn|7
|
|t:|1779587980
|switch|p1a: Garchomp|Garchomp, M|100/100
|-damage|p1a: Garchomp|88/100|[from] Spikes
|move|p2a: Braveheart|Psychic Noise|p1a: Garchomp
|-damage|p1a: Garchomp|16/100
|-start|p1a: Garchomp|move: Heal Block
|
|-damage|p2a: Braveheart|88/100 brn|[from] brn
|upkeep
|turn|8
|
|t:|1779587983
|move|p1a: Garchomp|Earthquake|p2a: Braveheart
|-supereffective|p2a: Braveheart
|-damage|p2a: Braveheart|0 fnt
|faint|p2a: Braveheart
|-end|p2a: Braveheart|Quark Drive|[silent]
|
|-end|p1a: Garchomp|move: Heal Block
|upkeep
|
|t:|1779587986
|switch|p2a: Trojan|Zamazenta, shiny|100/100
|-ability|p2a: Trojan|Dauntless Shield|boost
|-boost|p2a: Trojan|def|1
|turn|9
|
|t:|1779587989
|switch|p1a: Primarina|Primarina, F, shiny|18/100
|-damage|p1a: Primarina|5/100|[from] Spikes
|move|p2a: Trojan|Crunch|p1a: Primarina
|-resisted|p1a: Primarina
|-damage|p1a: Primarina|0 fnt
|faint|p1a: Primarina
|
|upkeep
|
|t:|1779587992
|switch|p1a: Weezing|Weezing-Galar, M, shiny|71/100
|turn|10
|
|t:|1779587995
|switch|p2a: Bullet|Glimmora, M, shiny|100/100
|move|p1a: Weezing|Defog|p2a: Bullet
|-unboost|p2a: Bullet|evasion|1
|-sideend|p1: isaac_gam3r|Spikes|[from] move: Defog|[of] p1a: Weezing
|
|-heal|p1a: Weezing|77/100|[from] item: Black Sludge
|upkeep
|turn|11
|
|t:|1779587998
|switch|p1a: Garchomp|Garchomp, M|16/100
|move|p2a: Bullet|Stealth Rock|p1a: Garchomp
|-sidestart|p1: isaac_gam3r|move: Stealth Rock
|
|upkeep
|turn|12
|
|t:|1779588000
|switch|p2a: Sagittarius|Sinistcha, shiny|100/100
|move|p1a: Garchomp|Earthquake|p2a: Sagittarius
|-resisted|p2a: Sagittarius
|-damage|p2a: Sagittarius|82/100
|
|upkeep
|turn|13
|
|t:|1779588004
|switch|p1a: Heatran|Heatran, M|100/100
|-damage|p1a: Heatran|88/100|[from] Stealth Rock
|move|p2a: Sagittarius|Shadow Ball|p1a: Heatran
|-damage|p1a: Heatran|70/100
|-unboost|p1a: Heatran|spd|1
|
|upkeep
|turn|14
|
|t:|1779588010
|switch|p2a: Jack Sparrow|Samurott-Hisui, M, shiny|100/100
|move|p1a: Heatran|Lava Plume|p2a: Jack Sparrow
|-resisted|p2a: Jack Sparrow
|-damage|p2a: Jack Sparrow|67/100
|
|upkeep
|turn|15
|
|t:|1779588022
|switch|p1a: Raging Bolt|Raging Bolt|100/100
|-damage|p1a: Raging Bolt|88/100|[from] Stealth Rock
|move|p2a: Jack Sparrow|Ceaseless Edge|p1a: Raging Bolt
|-damage|p1a: Raging Bolt|41/100
|-sidestart|p1: isaac_gam3r|Spikes
|
|-heal|p1a: Raging Bolt|47/100|[from] item: Leftovers
|upkeep
|turn|16
|l|☆isaac_gam3r
|inactive|isaac_gam3r disconnected and has a minute to reconnect!
|player|p1|
|inactive|samohi0 has 120 seconds left.
|inactive|isaac_gam3r has 30 seconds to reconnect!
|j|☆isaac_gam3r
|inactive|isaac_gam3r reconnected and has 95 seconds left.
|player|p1|isaac_gam3r|acetrainer-gen4dp|
|inactive|isaac_gam3r has 90 seconds left.
|
|t:|1779588106
|-terastallize|p2a: Jack Sparrow|Dark
|move|p2a: Jack Sparrow|Sucker Punch|p1a: Raging Bolt
|-crit|p1a: Raging Bolt
|-damage|p1a: Raging Bolt|0 fnt
|faint|p1a: Raging Bolt
|-end|p1a: Raging Bolt|Protosynthesis|[silent]
|
|upkeep
|
|t:|1779588111
|switch|p1a: Weezing|Weezing-Galar, M, shiny|77/100
|-damage|p1a: Weezing|65/100|[from] Stealth Rock
|turn|17
|
|t:|1779588115
|move|p2a: Jack Sparrow|Flip Turn|p1a: Weezing
|-crit|p1a: Weezing
|-damage|p1a: Weezing|33/100
|
|t:|1779588117
|switch|p2a: Bullet|Glimmora, M, shiny|100/100|[from] Flip Turn
|move|p1a: Weezing|Defog|p2a: Bullet
|-unboost|p2a: Bullet|evasion|1
|-sideend|p1: isaac_gam3r|Spikes|[from] move: Defog|[of] p1a: Weezing
|-sideend|p1: isaac_gam3r|Stealth Rock|[from] move: Defog|[of] p1a: Weezing
|
|-heal|p1a: Weezing|39/100|[from] item: Black Sludge
|upkeep
|turn|18
|
|t:|1779588121
|switch|p1a: Heatran|Heatran, M|70/100
|move|p2a: Bullet|Earth Power|p1a: Heatran
|-supereffective|p1a: Heatran
|-crit|p1a: Heatran
|-damage|p1a: Heatran|0 fnt
|faint|p1a: Heatran
|
|upkeep
|
|t:|1779588123
|switch|p1a: Garchomp|Garchomp, M|16/100
|turn|19
|
|t:|1779588125
|switch|p2a: Sagittarius|Sinistcha, shiny|82/100
|move|p1a: Garchomp|Earthquake|p2a: Sagittarius
|-resisted|p2a: Sagittarius
|-damage|p2a: Sagittarius|63/100
|
|upkeep
|turn|20
|
|t:|1779588129
|switch|p1a: Weavile|Weavile, M|100/100
|-ability|p1a: Weavile|Pressure
|move|p2a: Sagittarius|Strength Sap|p1a: Weavile
|-unboost|p1a: Weavile|atk|1
|-heal|p2a: Sagittarius|100/100
|
|upkeep
|turn|21
|
|t:|1779588133
|switch|p1a: Weezing|Weezing-Galar, M, shiny|39/100
|switch|p2a: Bullet|Glimmora, M, shiny|100/100
|
|-heal|p1a: Weezing|45/100|[from] item: Black Sludge
|upkeep
|turn|22
|
|t:|1779588135
|switch|p1a: Garchomp|Garchomp, M|16/100
|move|p2a: Bullet|Stealth Rock|p1a: Garchomp
|-sidestart|p1: isaac_gam3r|move: Stealth Rock
|
|upkeep
|turn|23
|j| brother iggins
|
|t:|1779588138
|switch|p2a: Sagittarius|Sinistcha, shiny|100/100
|-terastallize|p1a: Garchomp|Dragon
|move|p1a: Garchomp|Outrage|p2a: Sagittarius
|-damage|p2a: Sagittarius|43/100
|
|upkeep
|turn|24
|
|t:|1779588147
|switch|p2a: Bullet|Glimmora, M, shiny|100/100
|move|p1a: Garchomp|Outrage|p2a: Bullet|[from] lockedmove
|-damage|p2a: Bullet|31/100
|-activate|p2a: Bullet|ability: Toxic Debris
|-sidestart|p1: isaac_gam3r|move: Toxic Spikes
|-enditem|p2a: Bullet|Red Card|[of] p1a: Garchomp
|drag|p1a: Weavile|Weavile, M|100/100
|-damage|p1a: Weavile|76/100|[from] Stealth Rock
|-status|p1a: Weavile|psn
|-ability|p1a: Weavile|Pressure
|
|-damage|p1a: Weavile|63/100 psn|[from] psn
|upkeep
|turn|25
|j| Ultimatum65
|
|t:|1779588152
|move|p1a: Weavile|Low Kick|p2a: Bullet
|-damage|p2a: Bullet|13/100
|-activate|p2a: Bullet|ability: Toxic Debris
|-sidestart|p1: isaac_gam3r|move: Toxic Spikes
|move|p2a: Bullet|Stealth Rock||[still]
|-fail|p2a: Bullet
|
|-damage|p1a: Weavile|51/100 psn|[from] psn
|upkeep
|turn|26
|
|t:|1779588156
|move|p1a: Weavile|Knock Off|p2a: Bullet
|-damage|p2a: Bullet|0 fnt
|faint|p2a: Bullet
|
|-damage|p1a: Weavile|38/100 psn|[from] psn
|upkeep
|
|t:|1779588159
|switch|p2a: Trojan|Zamazenta, shiny|100/100
|turn|27
|
|t:|1779588161
|move|p2a: Trojan|Stone Edge|p1a: Weavile|[miss]
|-miss|p2a: Trojan|p1a: Weavile
|move|p1a: Weavile|Triple Axel|p2a: Trojan
|-damage|p2a: Trojan|91/100
|-damage|p2a: Trojan|74/100
|-damage|p2a: Trojan|44/100
|-hitcount|p2a: Trojan|3
|
|-damage|p1a: Weavile|26/100 psn|[from] psn
|upkeep
|turn|28
|
|t:|1779588163
|move|p1a: Weavile|Ice Shard|p2a: Trojan
|-damage|p2a: Trojan|25/100
|move|p2a: Trojan|Stone Edge|p1a: Weavile
|-supereffective|p1a: Weavile
|-damage|p1a: Weavile|0 fnt
|faint|p1a: Weavile
|
|upkeep
|
|t:|1779588165
|switch|p1a: Weezing|Weezing-Galar, M, shiny|45/100
|-damage|p1a: Weezing|33/100|[from] Stealth Rock
|turn|29
|
|t:|1779588167
|move|p2a: Trojan|Stone Edge|p1a: Weezing
|-damage|p1a: Weezing|0 fnt
|faint|p1a: Weezing
|
|upkeep
|
|t:|1779588169
|switch|p1a: Garchomp|Garchomp, M, tera:Dragon|16/100
|-damage|p1a: Garchomp|4/100|[from] Stealth Rock
|-status|p1a: Garchomp|tox
|turn|30
|
|t:|1779588170
|move|p1a: Garchomp|Outrage|p2a: Trojan
|-damage|p2a: Trojan|0 fnt
|faint|p2a: Trojan
|
|-damage|p1a: Garchomp|0 fnt|[from] psn
|faint|p1a: Garchomp
|
|win|samohi0
|raw|isaac_gam3r's rating: 1809 &rarr; <strong>1789</strong><br />(-20 for losing)
|raw|samohi0's rating: 1814 &rarr; <strong>1834</strong><br />(+20 for winning)
|l|☆samohi0
|player|p2|
|l| Pokemon-Lover834
|l|☆isaac_gam3r
|player|p1|
|l| Ultimatum65
