|j|☆opondraad
|j|☆Literally Trish
|t:|1779677869
|gametype|singles
|player|p1|opondraad|1|1110
|player|p2|Literally Trish|bianca|1157
|gen|9
|tier|[Gen 9] OU
|rated|
|rule|HP Percentage Mod: HP is shown in percentages
|rule|Endless Battle Clause: Forcing endless battles is banned
|rule|Species Clause: Limit one of each Pokémon
|rule|OHKO Clause: OHKO moves are banned
|rule|Evasion Items Clause: Evasion items are banned
|rule|Evasion Moves Clause: Evasion moves are banned
|rule|Evasion Abilities Clause: Evasion abilities are banned
|rule|Sleep Moves Clause: Sleep-inducing moves are banned
|clearpoke
|poke|p1|Clodsire, M|
|poke|p1|Muk-Alola, M|
|poke|p1|Swampert, M|
|poke|p1|Eelektross, M|
|poke|p1|Scizor, M|
|poke|p1|Zoroark-Hisui, M|
|poke|p2|Iron Valiant|
|poke|p2|Fezandipiti, M|
|poke|p2|Empoleon, M|
|poke|p2|Infernape, M|
|poke|p2|Bronzong|
|poke|p2|Rotom-Fan|
|teampreview
|
|t:|1779677876
|teamsize|p1|6
|teamsize|p2|6
|start
|switch|p1a: Clodsire|Clodsire, M|100/100
|switch|p2a: Abbacchio|Bronzong|100/100
|turn|1
|
|t:|1779677897
|move|p2a: Abbacchio|Stealth Rock|p1a: Clodsire
|-sidestart|p1: opondraad|move: Stealth Rock
|move|p1a: Clodsire|Toxic Spikes|p2a: Abbacchio
|-sidestart|p2: Literally Trish|move: Toxic Spikes
|
|upkeep
|turn|2
|
|t:|1779677906
|move|p2a: Abbacchio|Iron Defense|p2a: Abbacchio
|-boost|p2a: Abbacchio|def|2
|move|p1a: Clodsire|Stealth Rock|p2a: Abbacchio
|-sidestart|p2: Literally Trish|move: Stealth Rock
|
|upkeep
|turn|3
|inactive|Battle timer is ON: inactive players will automatically lose when time's up. (requested by opondraad)
|
|t:|1779677913
|move|p2a: Abbacchio|Iron Defense|p2a: Abbacchio
|-boost|p2a: Abbacchio|def|2
|move|p1a: Clodsire|Toxic Spikes|p2a: Abbacchio
|-sidestart|p2: Literally Trish|move: Toxic Spikes
|
|upkeep
|turn|4
|
|t:|1779677922
|move|p2a: Abbacchio|Iron Defense|p2a: Abbacchio
|-boost|p2a: Abbacchio|def|2
|move|p1a: Clodsire|Toxic Spikes||[still]
|-fail|p1a: Clodsire
|
|upkeep
|turn|5
|
|t:|1779677928
|move|p2a: Abbacchio|Body Press|p1a: Clodsire
|-resisted|p1a: Clodsire
|-damage|p1a: Clodsire|36/100
|move|p1a: Clodsire|Earthquake|p2a: Abbacchio
|-immune|p2a: Abbacchio|[from] ability: Levitate
|
|-heal|p1a: Clodsire|42/100|[from] item: Black Sludge
|upkeep
|turn|6
|
|t:|1779677943
|switch|p1a: Muk|Muk-Alola, M|100/100
|-damage|p1a: Muk|88/100|[from] Stealth Rock
|move|p2a: Abbacchio|Body Press|p1a: Muk
|-damage|p1a: Muk|0 fnt
|faint|p1a: Muk
|
|upkeep
|
|t:|1779677952
|switch|p1a: Eelektross|Eelektross, M|100/100
|-damage|p1a: Eelektross|88/100|[from] Stealth Rock
|turn|7
|
|t:|1779677959
|move|p1a: Eelektross|Flamethrower|p2a: Abbacchio
|-supereffective|p2a: Abbacchio
|-damage|p2a: Abbacchio|46/100
|-status|p2a: Abbacchio|brn
|move|p2a: Abbacchio|Body Press|p1a: Eelektross
|-damage|p1a: Eelektross|29/100
|
|-heal|p2a: Abbacchio|52/100 brn|[from] item: Leftovers
|-damage|p2a: Abbacchio|46/100 brn|[from] brn
|upkeep
|turn|8
|
|t:|1779677967
|move|p1a: Eelektross|Flamethrower|p2a: Abbacchio
|-supereffective|p2a: Abbacchio
|-damage|p2a: Abbacchio|0 fnt
|faint|p2a: Abbacchio
|
|upkeep
|
|t:|1779677974
|switch|p2a: Fugo|Fezandipiti, M|100/100
|-sideend|p2: Literally Trish|move: Toxic Spikes|[of] p2a: Fugo
|turn|9
|
|t:|1779677999
|move|p2a: Fugo|Beat Up|p1a: Eelektross
|-damage|p1a: Eelektross|25/100
|-status|p1a: Eelektross|tox|[from] ability: Toxic Chain|[of] p2a: Fugo
|-damage|p1a: Eelektross|20/100 tox
|-damage|p1a: Eelektross|15/100 tox
|-damage|p1a: Eelektross|10/100 tox
|-damage|p1a: Eelektross|6/100 tox
|-hitcount|p1a: Eelektross|5
|move|p1a: Eelektross|Flamethrower|p2a: Fugo
|-damage|p2a: Fugo|79/100
|-status|p2a: Fugo|brn
|
|-damage|p1a: Eelektross|0 fnt|[from] psn
|faint|p1a: Eelektross
|-damage|p2a: Fugo|73/100 brn|[from] brn
|upkeep
|
|t:|1779678011
|switch|p1a: Scizor|Scizor, M|100/100
|-damage|p1a: Scizor|88/100|[from] Stealth Rock
|turn|10
|inactive|opondraad has 120 seconds left.
|
|t:|1779678027
|move|p1a: Scizor|Bullet Punch|p2a: Fugo
|-supereffective|p2a: Fugo
|-damage|p2a: Fugo|0 fnt
|faint|p2a: Fugo
|
|upkeep
|
|t:|1779678039
|switch|p2a: MISTA MISTA|Infernape, M, shiny|100/100
|-damage|p2a: MISTA MISTA|88/100|[from] Stealth Rock
|turn|11
|inactive|opondraad has 120 seconds left.
|
|t:|1779678054
|switch|p1a: Swampert|Swampert, M|100/100
|-damage|p1a: Swampert|94/100|[from] Stealth Rock
|move|p2a: MISTA MISTA|Nasty Plot|p2a: MISTA MISTA
|-boost|p2a: MISTA MISTA|spa|2
|
|-heal|p1a: Swampert|100/100|[from] item: Leftovers
|upkeep
|turn|12
|inactive|opondraad has 120 seconds left.
|
|t:|1779678067
|-terastallize|p2a: MISTA MISTA|Fighting
|move|p2a: MISTA MISTA|Aura Sphere|p1a: Swampert
|-damage|p1a: Swampert|15/100
|move|p1a: Swampert|Waterfall|p2a: MISTA MISTA
|-damage|p2a: MISTA MISTA|0 fnt
|faint|p2a: MISTA MISTA
|
|-heal|p1a: Swampert|22/100|[from] item: Leftovers
|upkeep
|
|t:|1779678085
|switch|p2a: Giorno|Iron Valiant|100/100
|-damage|p2a: Giorno|94/100|[from] Stealth Rock
|-enditem|p2a: Giorno|Booster Energy
|-activate|p2a: Giorno|ability: Quark Drive|[fromitem]
|-start|p2a: Giorno|quarkdrivespe
|turn|13
|inactive|opondraad has 120 seconds left.
|
|t:|1779678109
|move|p2a: Giorno|Close Combat|p1a: Swampert
|-damage|p1a: Swampert|0 fnt
|-unboost|p2a: Giorno|def|1
|-unboost|p2a: Giorno|spd|1
|faint|p1a: Swampert
|
|upkeep
|
|t:|1779678121
|switch|p1a: Scizor|Scizor, M|88/100
|-damage|p1a: Scizor|76/100|[from] Stealth Rock
|turn|14
|
|t:|1779678127
|-end|p2a: Giorno|Quark Drive|[silent]
|switch|p2a: Bucciarati|Empoleon, M, shiny|100/100
|-damage|p2a: Bucciarati|94/100|[from] Stealth Rock
|move|p1a: Scizor|Bullet Punch|p2a: Bucciarati
|-resisted|p2a: Bucciarati
|-damage|p2a: Bucciarati|84/100
|
|-heal|p2a: Bucciarati|90/100|[from] item: Leftovers
|upkeep
|turn|15
|inactive|opondraad has 120 seconds left.
|
|t:|1779678137
|move|p1a: Scizor|Knock Off|p2a: Bucciarati
|-damage|p2a: Bucciarati|53/100
|-enditem|p2a: Bucciarati|Leftovers|[from] move: Knock Off|[of] p1a: Scizor
|move|p2a: Bucciarati|Ice Beam|p1a: Scizor
|-resisted|p1a: Scizor
|-damage|p1a: Scizor|55/100
|
|upkeep
|turn|16
|
|t:|1779678143
|move|p1a: Scizor|Knock Off|p2a: Bucciarati
|-damage|p2a: Bucciarati|30/100
|move|p2a: Bucciarati|Roost|p2a: Bucciarati
|-heal|p2a: Bucciarati|80/100
|-singleturn|p2a: Bucciarati|move: Roost
|
|upkeep
|turn|17
|
|t:|1779678149
|move|p1a: Scizor|Knock Off|p2a: Bucciarati
|-damage|p2a: Bucciarati|56/100
|move|p2a: Bucciarati|Surf|p1a: Scizor
|-damage|p1a: Scizor|0 fnt
|faint|p1a: Scizor
|
|upkeep
|
|t:|1779678157
|switch|p1a: Clodsire|Clodsire, M|100/100
|-damage|p1a: Clodsire|88/100|[from] Stealth Rock
|turn|18
|
|t:|1779678171
|move|p1a: Clodsire|Flamethrower|p2a: Bucciarati
|-damage|p2a: Bucciarati|21/100
|-damage|p1a: Clodsire|78/100|[from] item: Life Orb
|move|p2a: Bucciarati|Roost|p2a: Bucciarati
|-heal|p2a: Bucciarati|71/100
|-singleturn|p2a: Bucciarati|move: Roost
|
|upkeep
|turn|19
|c|☆Literally Trish|Yo, it’s just clodsite
|c|☆Literally Trish|clodsire I mean
|inactive|Literally Trish has 120 seconds left.
|c|☆Literally Trish|Just normal clodsire
|
|t:|1779678208
|move|p1a: Clodsire|Flamethrower|p2a: Bucciarati
|-damage|p2a: Bucciarati|38/100
|-damage|p1a: Clodsire|68/100|[from] item: Life Orb
|move|p2a: Bucciarati|Roost|p2a: Bucciarati
|-heal|p2a: Bucciarati|88/100
|-singleturn|p2a: Bucciarati|move: Roost
|
|upkeep
|turn|20
|inactive|Literally Trish has 120 seconds left.
|
|t:|1779678217
|move|p1a: Clodsire|Flamethrower|p2a: Bucciarati
|-damage|p2a: Bucciarati|50/100
|-damage|p1a: Clodsire|58/100|[from] item: Life Orb
|move|p2a: Bucciarati|Roost|p2a: Bucciarati
|-heal|p2a: Bucciarati|99/100
|-singleturn|p2a: Bucciarati|move: Roost
|
|upkeep
|turn|21
|
|t:|1779678222
|move|p1a: Clodsire|Flamethrower|p2a: Bucciarati
|-damage|p2a: Bucciarati|64/100
|-status|p2a: Bucciarati|brn
|-damage|p1a: Clodsire|48/100|[from] item: Life Orb
|move|p2a: Bucciarati|Surf|p1a: Clodsire
|-damage|p1a: Clodsire|0 fnt
|replace|p1a: Zoroark|Zoroark-Hisui, M
|-end|p1a: Zoroark|Illusion
|faint|p1a: Zoroark
|
|-damage|p2a: Bucciarati|57/100 brn|[from] brn
|upkeep
|
|t:|1779678226
|switch|p1a: Clodsire|Clodsire, M|42/100
|-damage|p1a: Clodsire|36/100|[from] Stealth Rock
|turn|22
|
|t:|1779678232
|move|p2a: Bucciarati|Ice Beam|p1a: Clodsire
|-supereffective|p1a: Clodsire
|-damage|p1a: Clodsire|4/100
|move|p1a: Clodsire|Earthquake|p2a: Bucciarati
|-supereffective|p2a: Bucciarati
|-damage|p2a: Bucciarati|2/100 brn
|
|-heal|p1a: Clodsire|10/100|[from] item: Black Sludge
|-damage|p2a: Bucciarati|0 fnt|[from] brn
|faint|p2a: Bucciarati
|upkeep
|
|t:|1779678240
|switch|p2a: Narancia|Rotom-Fan|100/100
|-damage|p2a: Narancia|76/100|[from] Stealth Rock
|turn|23
|
|t:|1779678257
|move|p2a: Narancia|Air Slash|p1a: Clodsire
|-damage|p1a: Clodsire|0 fnt
|faint|p1a: Clodsire
|
|win|Literally Trish
|raw|opondraad's rating: 1110 &rarr; <strong>1088</strong><br />(-22 for losing)
|raw|Literally Trish's rating: 1157 &rarr; <strong>1179</strong><br />(+22 for winning)
