|j|☆DuckyBro
|j|☆matheodlee
|t:|1779616400
|gametype|singles
|player|p1|DuckyBro|dragontamer|1698
|player|p2|matheodlee|1|1677
|gen|9
|tier|[Gen 9] OU
|rated|
|rule|HP Percentage Mod: HP is shown in percentages
|rule|Endless Battle Clause: Forcing endless battles is banned
|rule|Species Clause: Limit one of each Pokémon
|rule|OHKO Clause: OHKO moves are banned
|rule|Evasion Items Clause: Evasion items are banned
|rule|Evasion Moves Clause: Evasion moves are banned
|rule|Evasion Abilities Clause: Evasion abilities are banned
|rule|Sleep Moves Clause: Sleep-inducing moves are banned
|clearpoke
|poke|p1|Cinderace, M|
|poke|p1|Dondozo, M|
|poke|p1|Zapdos|
|poke|p1|Garchomp, F|
|poke|p1|Kyurem|
|poke|p1|Volcanion|
|poke|p2|Iron Treads|
|poke|p2|Gholdengo|
|poke|p2|Iron Valiant|
|poke|p2|Kingambit, M|
|poke|p2|Walking Wake|
|poke|p2|Enamorus, F|
|teampreview
|
|t:|1779616419
|teamsize|p1|6
|teamsize|p2|6
|start
|switch|p1a: Zapdos|Zapdos|100/100
|switch|p2a: Walking Wake|Walking Wake|100/100
|-enditem|p2a: Walking Wake|Booster Energy
|-activate|p2a: Walking Wake|ability: Protosynthesis|[fromitem]
|-start|p2a: Walking Wake|protosynthesisspa
|turn|1
|inactive|Battle timer is ON: inactive players will automatically lose when time's up. (requested by matheodlee)
|
|t:|1779616424
|switch|p1a: Volcanion|Volcanion|100/100
|move|p2a: Walking Wake|Dragon Pulse|p1a: Volcanion
|-damage|p1a: Volcanion|63/100
|
|upkeep
|turn|2
|
|t:|1779616432
|move|p2a: Walking Wake|Dragon Pulse|p1a: Volcanion
|-damage|p1a: Volcanion|28/100
|move|p1a: Volcanion|Sludge Bomb|p2a: Walking Wake
|-damage|p2a: Walking Wake|62/100
|-status|p2a: Walking Wake|psn
|
|-damage|p2a: Walking Wake|50/100 psn|[from] psn
|upkeep
|turn|3
|
|t:|1779616441
|move|p2a: Walking Wake|Dragon Pulse|p1a: Volcanion
|-damage|p1a: Volcanion|0 fnt
|faint|p1a: Volcanion
|
|-damage|p2a: Walking Wake|37/100 psn|[from] psn
|upkeep
|
|t:|1779616450
|switch|p1a: Zapdos|Zapdos|100/100
|turn|4
|
|t:|1779616454
|move|p2a: Walking Wake|Dragon Pulse|p1a: Zapdos
|-damage|p1a: Zapdos|38/100
|move|p1a: Zapdos|Hurricane|p2a: Walking Wake
|-damage|p2a: Walking Wake|0 fnt
|faint|p2a: Walking Wake
|-end|p2a: Walking Wake|Protosynthesis|[silent]
|
|upkeep
|
|t:|1779616475
|switch|p2a: Enamorus|Enamorus, F|100/100
|turn|5
|
|t:|1779616488
|switch|p1a: Cinderace|Cinderace, M|100/100
|move|p2a: Enamorus|Moonblast|p1a: Cinderace
|-resisted|p1a: Cinderace
|-damage|p1a: Cinderace|64/100
|
|upkeep
|turn|6
|inactive|matheodlee has 120 seconds left.
|
|t:|1779616519
|switch|p2a: Iron Valiant|Iron Valiant, shiny|100/100
|-enditem|p2a: Iron Valiant|Booster Energy
|-activate|p2a: Iron Valiant|ability: Quark Drive|[fromitem]
|-start|p2a: Iron Valiant|quarkdrivespe
|-terastallize|p1a: Cinderace|Fire
|move|p1a: Cinderace|Pyro Ball|p2a: Iron Valiant
|-damage|p2a: Iron Valiant|6/100
|
|upkeep
|turn|7
|
|t:|1779616526
|move|p1a: Cinderace|Sucker Punch|p2a: Iron Valiant
|-resisted|p2a: Iron Valiant
|-damage|p2a: Iron Valiant|0 fnt
|faint|p2a: Iron Valiant
|-end|p2a: Iron Valiant|Quark Drive|[silent]
|
|upkeep
|inactive|matheodlee has 120 seconds left.
|
|t:|1779616565
|switch|p2a: Iron Treads|Iron Treads|100/100
|-enditem|p2a: Iron Treads|Booster Energy
|-activate|p2a: Iron Treads|ability: Quark Drive|[fromitem]
|-start|p2a: Iron Treads|quarkdrivespe
|turn|8
|
|t:|1779616587
|switch|p1a: Dondozo|Dondozo, M|100/100
|move|p2a: Iron Treads|Knock Off|p1a: Dondozo
|-damage|p1a: Dondozo|90/100
|-enditem|p1a: Dondozo|Covert Cloak|[from] move: Knock Off|[of] p2a: Iron Treads
|
|upkeep
|turn|9
|
|t:|1779616602
|move|p2a: Iron Treads|Stealth Rock|p1a: Dondozo
|-sidestart|p1: DuckyBro|move: Stealth Rock
|move|p1a: Dondozo|Liquidation|p2a: Iron Treads
|-supereffective|p2a: Iron Treads
|-damage|p2a: Iron Treads|58/100
|
|upkeep
|turn|10
|inactive|matheodlee has 90 seconds left.
|
|t:|1779616645
|move|p2a: Iron Treads|Earthquake|p1a: Dondozo
|-damage|p1a: Dondozo|74/100
|move|p1a: Dondozo|Curse|p1a: Dondozo
|-unboost|p1a: Dondozo|spe|1
|-boost|p1a: Dondozo|atk|1
|-boost|p1a: Dondozo|def|1
|
|upkeep
|turn|11
|
|t:|1779616652
|-end|p2a: Iron Treads|Quark Drive|[silent]
|switch|p2a: Gholdengo|Gholdengo|100/100
|-item|p2a: Gholdengo|Air Balloon
|move|p1a: Dondozo|Liquidation|p2a: Gholdengo
|-damage|p2a: Gholdengo|64/100
|-enditem|p2a: Gholdengo|Air Balloon
|
|upkeep
|turn|12
|
|t:|1779616655
|move|p2a: Gholdengo|Shadow Ball|p1a: Dondozo
|-damage|p1a: Dondozo|38/100
|move|p1a: Dondozo|Liquidation|p2a: Gholdengo
|-damage|p2a: Gholdengo|27/100
|
|upkeep
|turn|13
|inactive|matheodlee has 90 seconds left.
|
|t:|1779616661
|move|p2a: Gholdengo|Shadow Ball|p1a: Dondozo
|-damage|p1a: Dondozo|0 fnt
|faint|p1a: Dondozo
|
|upkeep
|
|t:|1779616664
|switch|p1a: Cinderace|Cinderace, M, tera:Fire|64/100
|turn|14
|
|t:|1779616670
|move|p1a: Cinderace|Sucker Punch|p2a: Gholdengo
|-supereffective|p2a: Gholdengo
|-damage|p2a: Gholdengo|0 fnt
|faint|p2a: Gholdengo
|
|upkeep
|inactive|matheodlee has 90 seconds left.
|inactive|matheodlee has 60 seconds left.
|
|t:|1779616720
|switch|p2a: Enamorus|Enamorus, F|100/100
|turn|15
|inactive|matheodlee has 60 seconds left.
|
|t:|1779616732
|switch|p1a: Zapdos|Zapdos|38/100
|-damage|p1a: Zapdos|13/100|[from] Stealth Rock
|move|p2a: Enamorus|Earth Power|p1a: Zapdos
|-immune|p1a: Zapdos
|
|upkeep
|turn|16
|
|t:|1779616740
|switch|p2a: Iron Treads|Iron Treads|58/100
|move|p1a: Zapdos|Heat Wave|p2a: Iron Treads|[miss]
|-miss|p1a: Zapdos|p2a: Iron Treads
|
|upkeep
|turn|17
|inactive|matheodlee has 60 seconds left.
|
|t:|1779616758
|move|p2a: Iron Treads|Rapid Spin|p1a: Zapdos
|-damage|p1a: Zapdos|0 fnt
|-boost|p2a: Iron Treads|spe|1
|faint|p1a: Zapdos
|
|upkeep
|
|t:|1779616763
|switch|p1a: Kyurem|Kyurem|100/100
|-damage|p1a: Kyurem|76/100|[from] Stealth Rock
|-ability|p1a: Kyurem|Pressure
|turn|18
|
|t:|1779616770
|move|p2a: Iron Treads|Earthquake|p1a: Kyurem
|-damage|p1a: Kyurem|37/100
|move|p1a: Kyurem|Freeze-Dry|p2a: Iron Treads
|-damage|p2a: Iron Treads|0 fnt
|faint|p2a: Iron Treads
|-end|p2a: Iron Treads|Quark Drive|[silent]
|
|upkeep
|
|t:|1779616783
|switch|p2a: Enamorus|Enamorus, F|100/100
|turn|19
|inactive|matheodlee has 60 seconds left.
|inactive|matheodlee has 30 seconds left.
|
|t:|1779616831
|move|p2a: Enamorus|Moonblast|p1a: Kyurem
|-supereffective|p1a: Kyurem
|-damage|p1a: Kyurem|0 fnt
|faint|p1a: Kyurem
|
|upkeep
|
|t:|1779616836
|switch|p1a: Cinderace|Cinderace, M, tera:Fire|64/100
|turn|20
|inactive|matheodlee has 30 seconds left.
|inactive|matheodlee has 20 seconds left.
|inactive|matheodlee has 15 seconds left.
|inactive|matheodlee has 10 seconds left.
|
|t:|1779616871
|switch|p2a: Kingambit|Kingambit, M, shiny|100/100
|-activate|p2a: Kingambit|ability: Supreme Overlord
|-start|p2a: Kingambit|fallen4|[silent]
|move|p1a: Cinderace|Pyro Ball|p2a: Kingambit
|-supereffective|p2a: Kingambit
|-damage|p2a: Kingambit|0 fnt
|faint|p2a: Kingambit
|-end|p2a: Kingambit|fallen4|[silent]
|
|upkeep
|inactive|matheodlee has 15 seconds left this turn.
|
|t:|1779616873
|switch|p2a: Enamorus|Enamorus, F|100/100
|turn|21
|inactive|matheodlee has 25 seconds left this turn.
|
|t:|1779616883
|move|p2a: Enamorus|Earth Power|p1a: Cinderace
|-supereffective|p1a: Cinderace
|-damage|p1a: Cinderace|0 fnt
|faint|p1a: Cinderace
|
|upkeep
|
|t:|1779616885
|switch|p1a: Garchomp|Garchomp, F|100/100
|-damage|p1a: Garchomp|94/100|[from] Stealth Rock
|turn|22
|
|t:|1779616888
|move|p2a: Enamorus|Earth Power|p1a: Garchomp
|-damage|p1a: Garchomp|52/100
|move|p1a: Garchomp|Iron Head|p2a: Enamorus
|-supereffective|p2a: Enamorus
|-damage|p2a: Enamorus|6/100
|
|upkeep
|turn|23
|
|t:|1779616897
|move|p2a: Enamorus|Earth Power|p1a: Garchomp
|-damage|p1a: Garchomp|15/100
|move|p1a: Garchomp|Iron Head|p2a: Enamorus
|-supereffective|p2a: Enamorus
|-damage|p2a: Enamorus|0 fnt
|faint|p2a: Enamorus
|
|win|DuckyBro
|raw|DuckyBro's rating: 1698 &rarr; <strong>1717</strong><br />(+19 for winning)
|raw|matheodlee's rating: 1677 &rarr; <strong>1658</strong><br />(-19 for losing)
|c|☆DuckyBro|wp
|l|☆DuckyBro
|player|p1|
|l|☆matheodlee
|player|p2|
