|j|☆Noregurb
|j|☆crystall1nee
|t:|1779566680
|gametype|singles
|player|p1|Noregurb|pokefan|1403
|player|p2|crystall1nee|veteran|1347
|gen|9
|tier|[Gen 9] OU
|rated|
|rule|HP Percentage Mod: HP is shown in percentages
|rule|Endless Battle Clause: Forcing endless battles is banned
|rule|Species Clause: Limit one of each Pokémon
|rule|OHKO Clause: OHKO moves are banned
|rule|Evasion Items Clause: Evasion items are banned
|rule|Evasion Moves Clause: Evasion moves are banned
|rule|Evasion Abilities Clause: Evasion abilities are banned
|rule|Sleep Moves Clause: Sleep-inducing moves are banned
|clearpoke
|poke|p1|Deoxys-Speed|
|poke|p1|Gholdengo|
|poke|p1|Iron Treads|
|poke|p1|Dragonite, F|
|poke|p1|Iron Moth|
|poke|p1|Samurott-Hisui, M|
|poke|p2|Gengar, F|
|poke|p2|Excadrill, M|
|poke|p2|Dragonite, F|
|poke|p2|Espeon, F|
|poke|p2|Gallade, M|
|poke|p2|Mienshao, F|
|teampreview
|inactive|Battle timer is ON: inactive players will automatically lose when time's up. (requested by Noregurb)
|
|t:|1779566690
|teamsize|p1|6
|teamsize|p2|6
|start
|switch|p1a: Iron Treads|Iron Treads|100/100
|switch|p2a: Gengar|Gengar, F, shiny|100/100
|-enditem|p1a: Iron Treads|Booster Energy
|-activate|p1a: Iron Treads|ability: Quark Drive|[fromitem]
|-start|p1a: Iron Treads|quarkdrivespe
|turn|1
|
|t:|1779566702
|move|p2a: Gengar|Trick|p1a: Iron Treads
|-activate|p2a: Gengar|move: Trick|[of] p1a: Iron Treads
|-item|p1a: Iron Treads|Choice Scarf|[from] move: Trick
|-enditem|p2a: Gengar|Choice Scarf|[silent]|[from] move: Trick
|move|p1a: Iron Treads|Stealth Rock|p2a: Gengar
|-sidestart|p2: crystall1nee|move: Stealth Rock
|
|upkeep
|turn|2
|
|t:|1779566711
|-end|p1a: Iron Treads|Quark Drive|[silent]
|switch|p1a: Samurott|Samurott-Hisui, M|100/100
|switch|p2a: Excadrill|Excadrill, M, shiny|100/100
|-damage|p2a: Excadrill|97/100|[from] Stealth Rock
|-ability|p2a: Excadrill|Mold Breaker
|
|upkeep
|turn|3
|
|t:|1779566720
|switch|p1a: Gholdengo|Gholdengo|100/100
|-item|p1a: Gholdengo|Air Balloon
|move|p2a: Excadrill|Rapid Spin|p1a: Gholdengo
|-immune|p1a: Gholdengo
|
|upkeep
|turn|4
|
|t:|1779566731
|move|p2a: Excadrill|Iron Head|p1a: Gholdengo
|-resisted|p1a: Gholdengo
|-damage|p1a: Gholdengo|85/100
|-enditem|p1a: Gholdengo|Air Balloon
|cant|p1a: Gholdengo|flinch
|
|upkeep
|turn|5
|
|t:|1779566741
|move|p2a: Excadrill|Stealth Rock|p1a: Gholdengo
|-sidestart|p1: Noregurb|move: Stealth Rock
|move|p1a: Gholdengo|Shadow Ball|p2a: Excadrill
|-damage|p2a: Excadrill|48/100
|
|upkeep
|turn|6
|
|t:|1779566748
|move|p2a: Excadrill|Earthquake|p1a: Gholdengo
|-supereffective|p1a: Gholdengo
|-damage|p1a: Gholdengo|17/100
|move|p1a: Gholdengo|Shadow Ball|p2a: Excadrill
|-damage|p2a: Excadrill|0 fnt
|faint|p2a: Excadrill
|
|upkeep
|
|t:|1779566768
|switch|p2a: Mienshao|Mienshao, F, shiny|100/100
|-damage|p2a: Mienshao|95/100|[from] Stealth Rock
|turn|7
|
|t:|1779566773
|move|p2a: Mienshao|Knock Off|p1a: Gholdengo
|-supereffective|p1a: Gholdengo
|-damage|p1a: Gholdengo|0 fnt
|faint|p1a: Gholdengo
|-damage|p2a: Mienshao|85/100|[from] item: Life Orb
|
|upkeep
|
|t:|1779566775
|switch|p1a: Iron Treads|Iron Treads|100/100
|-damage|p1a: Iron Treads|97/100|[from] Stealth Rock
|turn|8
|
|t:|1779566789
|switch|p2a: Dragonite|Dragonite, F, shiny|100/100
|-damage|p2a: Dragonite|76/100|[from] Stealth Rock
|move|p1a: Iron Treads|Knock Off|p2a: Dragonite
|-damage|p2a: Dragonite|47/100
|-enditem|p2a: Dragonite|Leftovers|[from] move: Knock Off|[of] p1a: Iron Treads
|
|upkeep
|turn|9
|
|t:|1779566798
|-end|p1a: Iron Treads|Quark Drive|[silent]
|switch|p1a: Iron Moth|Iron Moth|100/100
|-damage|p1a: Iron Moth|76/100|[from] Stealth Rock
|-enditem|p1a: Iron Moth|Booster Energy
|-activate|p1a: Iron Moth|ability: Quark Drive|[fromitem]
|-start|p1a: Iron Moth|quarkdrivespe
|move|p2a: Dragonite|Dragon Dance|p2a: Dragonite
|-boost|p2a: Dragonite|atk|1
|-boost|p2a: Dragonite|spe|1
|
|upkeep
|turn|10
|
|t:|1779566808
|move|p1a: Iron Moth|Sludge Wave|p2a: Dragonite
|-damage|p2a: Dragonite|0 fnt
|faint|p2a: Dragonite
|
|upkeep
|
|t:|1779566829
|switch|p2a: Espeon|Espeon, F, shiny|100/100
|-damage|p2a: Espeon|88/100|[from] Stealth Rock
|turn|11
|
|t:|1779566834
|move|p1a: Iron Moth|Sludge Wave|p2a: Espeon
|-damage|p2a: Espeon|33/100
|move|p2a: Espeon|Light Screen|p2a: Espeon
|-sidestart|p2: crystall1nee|move: Light Screen
|
|upkeep
|turn|12
|
|t:|1779566840
|move|p1a: Iron Moth|Substitute|p1a: Iron Moth
|-start|p1a: Iron Moth|Substitute
|-damage|p1a: Iron Moth|51/100
|move|p2a: Espeon|Future Sight|p1a: Iron Moth
|-start|p2a: Espeon|move: Future Sight
|
|upkeep
|turn|13
|
|t:|1779566846
|move|p1a: Iron Moth|Fiery Dance|p2a: Espeon
|-damage|p2a: Espeon|13/100
|move|p2a: Espeon|Wish|p2a: Espeon
|
|upkeep
|turn|14
|
|t:|1779566852
|move|p1a: Iron Moth|Fiery Dance|p2a: Espeon
|-damage|p2a: Espeon|0 fnt
|-boost|p1a: Iron Moth|spa|1
|faint|p2a: Espeon
|
|-end|p1a: Iron Moth|move: Future Sight
|-supereffective|p1a: Iron Moth
|-end|p1a: Iron Moth|Substitute
|upkeep
|inactive|crystall1nee has 120 seconds left.
|
|t:|1779566907
|switch|p2a: Mienshao|Mienshao, F, shiny|100/100
|-damage|p2a: Mienshao|95/100|[from] Stealth Rock
|turn|15
|
|t:|1779566912
|move|p1a: Iron Moth|Sludge Wave|p2a: Mienshao
|-damage|p2a: Mienshao|29/100
|move|p2a: Mienshao|Knock Off|p1a: Iron Moth
|-damage|p1a: Iron Moth|11/100
|-damage|p2a: Mienshao|19/100|[from] item: Life Orb
|
|upkeep
|turn|16
|
|t:|1779566920
|switch|p2a: Gengar|Gengar, F, shiny|100/100
|-damage|p2a: Gengar|88/100|[from] Stealth Rock
|move|p1a: Iron Moth|Fiery Dance|p2a: Gengar
|-damage|p2a: Gengar|37/100
|
|upkeep
|turn|17
|inactive|crystall1nee has 120 seconds left.
|
|t:|1779566938
|move|p1a: Iron Moth|Fiery Dance|p2a: Gengar
|-damage|p2a: Gengar|0 fnt
|-boost|p1a: Iron Moth|spa|1
|faint|p2a: Gengar
|
|upkeep
|
|t:|1779566945
|switch|p2a: Mienshao|Mienshao, F, shiny|52/100
|-damage|p2a: Mienshao|46/100|[from] Stealth Rock
|turn|18
|
|t:|1779566950
|move|p2a: Mienshao|Fake Out|p1a: Iron Moth
|-damage|p1a: Iron Moth|0 fnt
|faint|p1a: Iron Moth
|-end|p1a: Iron Moth|Quark Drive|[silent]
|-damage|p2a: Mienshao|36/100|[from] item: Life Orb
|
|-sideend|p2: crystall1nee|move: Light Screen
|upkeep
|
|t:|1779566955
|switch|p1a: Iron Treads|Iron Treads|97/100
|-damage|p1a: Iron Treads|94/100|[from] Stealth Rock
|turn|19
|
|t:|1779566962
|move|p1a: Iron Treads|Earthquake|p2a: Mienshao
|-damage|p2a: Mienshao|0 fnt
|faint|p2a: Mienshao
|
|upkeep
|
|t:|1779566967
|switch|p2a: Gallade|Gallade, M, shiny|100/100
|-damage|p2a: Gallade|94/100|[from] Stealth Rock
|turn|20
|
|t:|1779566971
|move|p1a: Iron Treads|Earthquake|p2a: Gallade
|-damage|p2a: Gallade|26/100
|move|p2a: Gallade|Agility|p2a: Gallade
|-boost|p2a: Gallade|spe|2
|
|upkeep
|turn|21
|
|t:|1779566979
|move|p2a: Gallade|Sacred Sword|p1a: Iron Treads
|-supereffective|p1a: Iron Treads
|-damage|p1a: Iron Treads|0 fnt
|faint|p1a: Iron Treads
|-end|p1a: Iron Treads|Quark Drive|[silent]
|-damage|p2a: Gallade|17/100|[from] item: Life Orb
|
|upkeep
|
|t:|1779566982
|switch|p1a: Dragonite|Dragonite, F|100/100
|turn|22
|
|t:|1779566989
|move|p1a: Dragonite|Extreme Speed|p2a: Gallade
|-damage|p2a: Gallade|0 fnt
|faint|p2a: Gallade
|
|win|Noregurb
|raw|Noregurb's rating: 1403 &rarr; <strong>1420</strong><br />(+17 for winning)
|raw|crystall1nee's rating: 1347 &rarr; <strong>1330</strong><br />(-17 for losing)
|l|☆crystall1nee
|player|p2|
|l|☆Noregurb
|player|p1|
