|badge|p1|bronze|gen9ou|100-9
|uhtml|medal-msg|<div class="broadcast-blue">Curious what those medals under the avatar are? PS now has Ladder Seasons! For more information, check out the <a href="https://www.smogon.com/forums/threads/3740067/">thread on Smogon.</a></div>
|j|☆slitherwing ily ><
|j|☆isaac_gam3r
|t:|1779716371
|gametype|singles
|player|p1|slitherwing ily ><|iono-masters|1745
|player|p2|isaac_gam3r|acetrainer-gen4dp|1737
|gen|9
|tier|[Gen 9] OU
|rated|
|rule|HP Percentage Mod: HP is shown in percentages
|rule|Endless Battle Clause: Forcing endless battles is banned
|rule|Species Clause: Limit one of each Pokémon
|rule|OHKO Clause: OHKO moves are banned
|rule|Evasion Items Clause: Evasion items are banned
|rule|Evasion Moves Clause: Evasion moves are banned
|rule|Evasion Abilities Clause: Evasion abilities are banned
|rule|Sleep Moves Clause: Sleep-inducing moves are banned
|clearpoke
|poke|p1|Iron Jugulis|
|poke|p1|Deoxys-Speed|
|poke|p1|Ogerpon-Wellspring, F|
|poke|p1|Ceruledge, F|
|poke|p1|Glimmora, F|
|poke|p1|Zamazenta-*|
|poke|p2|Primarina, F|
|poke|p2|Raging Bolt|
|poke|p2|Heatran, M|
|poke|p2|Weezing-Galar, M|
|poke|p2|Garchomp, M|
|poke|p2|Weavile, F|
|teampreview
|c|☆slitherwing ily ><|hf
|
|t:|1779716380
|teamsize|p1|6
|teamsize|p2|6
|start
|switch|p1a: Deoxys|Deoxys-Speed|100/100
|switch|p2a: Weavile|Weavile, F|100/100
|-ability|p1a: Deoxys|Pressure
|-ability|p2a: Weavile|Pressure
|turn|1
|
|t:|1779716391
|move|p1a: Deoxys|Reflect|p1a: Deoxys
|-sidestart|p1: slitherwing ily ><|Reflect
|move|p2a: Weavile|Knock Off|p1a: Deoxys
|-supereffective|p1a: Deoxys
|-damage|p1a: Deoxys|45/100
|-enditem|p1a: Deoxys|Light Clay|[from] move: Knock Off|[of] p2a: Weavile
|
|upkeep
|turn|2
|
|t:|1779716401
|move|p1a: Deoxys|Light Screen|p1a: Deoxys
|-sidestart|p1: slitherwing ily ><|move: Light Screen
|move|p2a: Weavile|Knock Off|p1a: Deoxys
|-supereffective|p1a: Deoxys
|-damage|p1a: Deoxys|5/100
|
|upkeep
|turn|3
|
|t:|1779716414
|move|p2a: Weavile|Ice Shard|p1a: Deoxys
|-damage|p1a: Deoxys|0 fnt
|faint|p1a: Deoxys
|
|upkeep
|
|t:|1779716420
|switch|p1a: Ceruledge|Ceruledge, F|100/100
|turn|4
|
|t:|1779716427
|switch|p2a: Weezing|Weezing-Galar, M, shiny|100/100
|move|p1a: Ceruledge|Swords Dance|p1a: Ceruledge
|-boost|p1a: Ceruledge|atk|2
|
|upkeep
|turn|5
|inactive|Battle timer is ON: inactive players will automatically lose when time's up. (requested by isaac_gam3r)
|
|t:|1779716431
|move|p1a: Ceruledge|Swords Dance|p1a: Ceruledge
|-boost|p1a: Ceruledge|atk|2
|move|p2a: Weezing|Defog|p1a: Ceruledge
|-unboost|p1a: Ceruledge|evasion|1
|-sideend|p1: slitherwing ily ><|Reflect
|-sideend|p1: slitherwing ily ><|move: Light Screen
|
|upkeep
|turn|6
|
|t:|1779716436
|move|p1a: Ceruledge|Swords Dance|p1a: Ceruledge
|-boost|p1a: Ceruledge|atk|2
|move|p2a: Weezing|Strange Steam|p1a: Ceruledge
|-resisted|p1a: Ceruledge
|-damage|p1a: Ceruledge|87/100
|-start|p1a: Ceruledge|confusion
|
|upkeep
|turn|7
|
|t:|1779716438
|-activate|p1a: Ceruledge|confusion
|-damage|p1a: Ceruledge|19/100|[from] confusion
|move|p2a: Weezing|Strange Steam|p1a: Ceruledge
|-resisted|p1a: Ceruledge
|-damage|p1a: Ceruledge|6/100
|
|upkeep
|turn|8
|
|t:|1779716443
|-activate|p1a: Ceruledge|confusion
|move|p1a: Ceruledge|Bitter Blade|p2a: Weezing
|-damage|p2a: Weezing|0 fnt
|-heal|p1a: Ceruledge|56/100|[from] drain|[of] p2a: Weezing
|faint|p2a: Weezing
|
|upkeep
|
|t:|1779716446
|switch|p2a: Garchomp|Garchomp, M|100/100
|turn|9
|
|t:|1779716460
|-terastallize|p1a: Ceruledge|Ghost
|move|p2a: Garchomp|Earthquake|p1a: Ceruledge
|-damage|p1a: Ceruledge|0 fnt
|faint|p1a: Ceruledge
|
|upkeep
|c|☆slitherwing ily ><|oop
|
|t:|1779716468
|switch|p1a: Iron Jugulis|Iron Jugulis|100/100
|-enditem|p1a: Iron Jugulis|Booster Energy
|-activate|p1a: Iron Jugulis|ability: Quark Drive|[fromitem]
|-start|p1a: Iron Jugulis|quarkdrivespe
|turn|10
|
|t:|1779716472
|switch|p2a: Primarina|Primarina, F, shiny|100/100
|move|p1a: Iron Jugulis|Hurricane|p2a: Primarina
|-damage|p2a: Primarina|58/100
|-start|p2a: Primarina|confusion
|
|-heal|p2a: Primarina|64/100|[from] item: Leftovers
|upkeep
|turn|11
|
|t:|1779716476
|switch|p2a: Heatran|Heatran, M|100/100
|move|p1a: Iron Jugulis|Hurricane|p2a: Heatran
|-resisted|p2a: Heatran
|-damage|p2a: Heatran|86/100
|-start|p2a: Heatran|confusion
|
|upkeep
|turn|12
|
|t:|1779716478
|switch|p2a: Primarina|Primarina, F, shiny|64/100
|move|p1a: Iron Jugulis|Earth Power|p2a: Primarina
|-damage|p2a: Primarina|39/100
|
|-heal|p2a: Primarina|45/100|[from] item: Leftovers
|upkeep
|turn|13
|
|t:|1779716479
|move|p1a: Iron Jugulis|Hurricane|p2a: Primarina
|-damage|p2a: Primarina|0 fnt
|faint|p2a: Primarina
|
|upkeep
|
|t:|1779716483
|switch|p2a: Weavile|Weavile, F|100/100
|-ability|p2a: Weavile|Pressure
|turn|14
|
|t:|1779716485
|move|p1a: Iron Jugulis|Hurricane|p2a: Weavile
|-damage|p2a: Weavile|25/100
|move|p2a: Weavile|Triple Axel|p1a: Iron Jugulis
|-supereffective|p1a: Iron Jugulis
|-damage|p1a: Iron Jugulis|78/100
|-hitcount|p1a: Iron Jugulis|1
|
|upkeep
|turn|15
|c|☆isaac_gam3r|:)
|
|t:|1779716496
|move|p2a: Weavile|Ice Shard|p1a: Iron Jugulis
|-supereffective|p1a: Iron Jugulis
|-damage|p1a: Iron Jugulis|31/100
|move|p1a: Iron Jugulis|Earth Power|p2a: Weavile
|-damage|p2a: Weavile|0 fnt
|faint|p2a: Weavile
|
|upkeep
|
|t:|1779716497
|switch|p2a: Raging Bolt|Raging Bolt|100/100
|turn|16
|
|t:|1779716501
|move|p1a: Iron Jugulis|Taunt|p2a: Raging Bolt
|-start|p2a: Raging Bolt|move: Taunt
|cant|p2a: Raging Bolt|move: Taunt|Calm Mind
|
|upkeep
|turn|17
|
|t:|1779716503
|move|p2a: Raging Bolt|Thunderclap|p1a: Iron Jugulis
|-supereffective|p1a: Iron Jugulis
|-damage|p1a: Iron Jugulis|0 fnt
|faint|p1a: Iron Jugulis
|-end|p1a: Iron Jugulis|Quark Drive|[silent]
|
|upkeep
|
|t:|1779716505
|switch|p1a: Glimmora|Glimmora, F|100/100
|turn|18
|
|t:|1779716507
|move|p1a: Glimmora|Meteor Beam||[still]
|-prepare|p1a: Glimmora|Meteor Beam
|-boost|p1a: Glimmora|spa|1
|-enditem|p1a: Glimmora|Power Herb
|-anim|p1a: Glimmora|Meteor Beam|p2a: Raging Bolt
|-damage|p2a: Raging Bolt|23/100
|move|p2a: Raging Bolt|Thunderbolt|p1a: Glimmora
|-damage|p1a: Glimmora|31/100
|
|-heal|p2a: Raging Bolt|29/100|[from] item: Leftovers
|-end|p2a: Raging Bolt|move: Taunt
|upkeep
|turn|19
|
|t:|1779716510
|move|p2a: Raging Bolt|Thunderclap|p1a: Glimmora
|-damage|p1a: Glimmora|0 fnt
|faint|p1a: Glimmora
|
|-heal|p2a: Raging Bolt|35/100|[from] item: Leftovers
|upkeep
|
|t:|1779716515
|switch|p1a: Ogerpon|Ogerpon-Wellspring, F|100/100
|turn|20
|
|t:|1779716517
|-end|p2a: Raging Bolt|Protosynthesis|[silent]
|switch|p2a: Garchomp|Garchomp, M|100/100
|move|p1a: Ogerpon|Swords Dance|p1a: Ogerpon
|-boost|p1a: Ogerpon|atk|2
|
|upkeep
|turn|21
|
|t:|1779716519
|-terastallize|p2a: Garchomp|Dragon
|move|p2a: Garchomp|Outrage|p1a: Ogerpon
|-damage|p1a: Ogerpon|0 fnt
|faint|p1a: Ogerpon
|
|upkeep
|
|t:|1779716521
|switch|p1a: Zamazenta|Zamazenta|100/100
|-ability|p1a: Zamazenta|Dauntless Shield|boost
|-boost|p1a: Zamazenta|def|1
|turn|22
|
|t:|1779716524
|move|p2a: Garchomp|Outrage|p1a: Zamazenta|[from] lockedmove
|-damage|p1a: Zamazenta|57/100
|move|p1a: Zamazenta|Iron Defense|p1a: Zamazenta
|-boost|p1a: Zamazenta|def|2
|
|-heal|p1a: Zamazenta|63/100|[from] item: Leftovers
|upkeep
|turn|23
|
|t:|1779716532
|move|p2a: Garchomp|Outrage|p1a: Zamazenta|[from] lockedmove
|-damage|p1a: Zamazenta|34/100
|-start|p2a: Garchomp|confusion|[fatigue]
|move|p1a: Zamazenta|Iron Defense|p1a: Zamazenta
|-boost|p1a: Zamazenta|def|2
|
|-heal|p1a: Zamazenta|41/100|[from] item: Leftovers
|upkeep
|turn|24
|
|t:|1779716541
|switch|p2a: Heatran|Heatran, M|86/100
|move|p1a: Zamazenta|Body Press|p2a: Heatran
|-supereffective|p2a: Heatran
|-damage|p2a: Heatran|0 fnt
|faint|p2a: Heatran
|
|-heal|p1a: Zamazenta|47/100|[from] item: Leftovers
|upkeep
|
|t:|1779716545
|switch|p2a: Garchomp|Garchomp, M, tera:Dragon|100/100
|turn|25
|
|t:|1779716548
|move|p2a: Garchomp|Outrage|p1a: Zamazenta
|-damage|p1a: Zamazenta|28/100
|move|p1a: Zamazenta|Body Press|p2a: Garchomp
|-damage|p2a: Garchomp|0 fnt
|-damage|p1a: Zamazenta|16/100|[from] ability: Rough Skin|[of] p2a: Garchomp
|faint|p2a: Garchomp
|
|-heal|p1a: Zamazenta|22/100|[from] item: Leftovers
|upkeep
|
|t:|1779716553
|switch|p2a: Raging Bolt|Raging Bolt|35/100
|turn|26
|
|t:|1779716556
|move|p1a: Zamazenta|Iron Defense|p1a: Zamazenta
|-boost|p1a: Zamazenta|def|1
|move|p2a: Raging Bolt|Thunderbolt|p1a: Zamazenta
|-damage|p1a: Zamazenta|0 fnt
|faint|p1a: Zamazenta
|
|win|isaac_gam3r
|raw|slitherwing ily &gt;&lt;'s rating: 1745 &rarr; <strong>1725</strong><br />(-20 for losing)
|raw|isaac_gam3r's rating: 1737 &rarr; <strong>1757</strong><br />(+20 for winning)
|c|☆slitherwing ily ><|gg
|l|☆slitherwing ily ><
|player|p1|
|c|☆isaac_gam3r|Gg
|l|☆isaac_gam3r
|player|p2|
