|inactive|Battle timer is ON: inactive players will automatically lose when time's up.
|t:|1779647959
|gametype|singles
|player|p1|Mik3ymon|#ptplviistarmies|
|player|p2|Cow|#wcop2026uk2|
|gen|9
|tier|[Gen 9] OU
|rule|HP Percentage Mod: HP is shown in percentages
|rule|Endless Battle Clause: Forcing endless battles is banned
|rule|Species Clause: Limit one of each Pokémon
|rule|OHKO Clause: OHKO moves are banned
|rule|Evasion Items Clause: Evasion items are banned
|rule|Evasion Moves Clause: Evasion moves are banned
|rule|Evasion Abilities Clause: Evasion abilities are banned
|rule|Sleep Moves Clause: Sleep-inducing moves are banned
|clearpoke
|poke|p1|Dragonite, F|
|poke|p1|Raging Bolt|
|poke|p1|Glimmora, M|
|poke|p1|Ting-Lu|
|poke|p1|Gholdengo|
|poke|p1|Zamazenta-*|
|poke|p2|Pecharunt|
|poke|p2|Alomomola, M|
|poke|p2|Great Tusk|
|poke|p2|Cinderace, M|
|poke|p2|Ogerpon-Cornerstone, F|
|poke|p2|Enamorus, F|
|teampreview
|c|☆Cow|hf
|c|☆Mik3ymon|hf
|c|+memphisdepayy|save me ---
|c|+memphisdepayy|😂😂😂 mik3ymon
|inactive|Cow has 270 seconds left.
|c|☆Cow|LMFOA
|c|☆Cow|not that shit again
|
|t:|1779648001
|teamsize|p1|6
|teamsize|p2|6
|start
|switch|p1a: Gholdengo|Gholdengo|100/100
|switch|p2a: Enamorus|Enamorus, F|100/100
|turn|1
|inactive|Mik3ymon has 270 seconds left.
|
|t:|1779648055
|-terastallize|p2a: Enamorus|Ground
|move|p2a: Enamorus|Earth Power|p1a: Gholdengo
|-supereffective|p1a: Gholdengo
|-damage|p1a: Gholdengo|0 fnt
|faint|p1a: Gholdengo
|
|upkeep
|
|t:|1779648061
|switch|p1a: Dragonite|Dragonite, F|100/100
|turn|2
|inactive|Mik3ymon has 240 seconds left.
|
|t:|1779648088
|switch|p2a: Alomomola|Alomomola, M|100/100
|move|p1a: Dragonite|Dragon Dance|p1a: Dragonite
|-boost|p1a: Dragonite|atk|1
|-boost|p1a: Dragonite|spe|1
|
|upkeep
|turn|3
|
|t:|1779648093
|move|p1a: Dragonite|Dragon Dance|p1a: Dragonite
|-boost|p1a: Dragonite|atk|1
|-boost|p1a: Dragonite|spe|1
|move|p2a: Alomomola|Icy Wind|p1a: Dragonite
|-supereffective|p1a: Dragonite
|-damage|p1a: Dragonite|89/100
|-unboost|p1a: Dragonite|spe|1
|
|upkeep
|turn|4
|
|t:|1779648098
|move|p1a: Dragonite|Dragon Dance|p1a: Dragonite
|-boost|p1a: Dragonite|atk|1
|-boost|p1a: Dragonite|spe|1
|move|p2a: Alomomola|Icy Wind|p1a: Dragonite
|-supereffective|p1a: Dragonite
|-damage|p1a: Dragonite|63/100
|-unboost|p1a: Dragonite|spe|1
|
|upkeep
|turn|5
|
|t:|1779648103
|move|p1a: Dragonite|Roost|p1a: Dragonite
|-heal|p1a: Dragonite|100/100
|-singleturn|p1a: Dragonite|move: Roost
|move|p2a: Alomomola|Icy Wind|p1a: Dragonite
|-supereffective|p1a: Dragonite
|-damage|p1a: Dragonite|94/100
|-unboost|p1a: Dragonite|spe|1
|
|upkeep
|turn|6
|
|t:|1779648111
|move|p1a: Dragonite|Dragon Dance|p1a: Dragonite
|-boost|p1a: Dragonite|atk|1
|-boost|p1a: Dragonite|spe|1
|move|p2a: Alomomola|Flip Turn|p1a: Dragonite
|-resisted|p1a: Dragonite
|-damage|p1a: Dragonite|86/100
|
|t:|1779648116
|switch|p2a: Ogerpon|Ogerpon-Cornerstone, F|100/100|[from] Flip Turn
|
|upkeep
|turn|7
|
|t:|1779648124
|-terastallize|p1a: Dragonite|Normal
|move|p1a: Dragonite|Extreme Speed|p2a: Ogerpon
|-resisted|p2a: Ogerpon
|-damage|p2a: Ogerpon|11/100
|move|p2a: Ogerpon|Encore|p1a: Dragonite
|-start|p1a: Dragonite|Encore
|
|upkeep
|turn|8
|c|+zRyan74|! day of the week
|inactive|Mik3ymon has 270 seconds left.
|c|☆Cow|and thats on god
|
|t:|1779648169
|move|p1a: Dragonite|Extreme Speed|p2a: Ogerpon
|-resisted|p2a: Ogerpon
|-damage|p2a: Ogerpon|0 fnt
|faint|p2a: Ogerpon
|
|upkeep
|
|t:|1779648175
|switch|p2a: Pecharunt|Pecharunt|100/100
|turn|9
|
|t:|1779648181
|switch|p1a: Glimmora|Glimmora, M|100/100
|move|p2a: Pecharunt|Foul Play|p1a: Glimmora
|-damage|p1a: Glimmora|86/100
|-activate|p1a: Glimmora|ability: Toxic Debris
|-sidestart|p2: Cow|move: Toxic Spikes
|
|upkeep
|turn|10
|
|t:|1779648191
|switch|p2a: Alomomola|Alomomola, M|100/100
|-status|p2a: Alomomola|psn
|move|p1a: Glimmora|Stealth Rock|p2a: Alomomola
|-sidestart|p2: Cow|move: Stealth Rock
|
|-damage|p2a: Alomomola|88/100 psn|[from] psn
|upkeep
|turn|11
|
|t:|1779648195
|move|p1a: Glimmora|Meteor Beam||[still]
|-prepare|p1a: Glimmora|Meteor Beam
|-boost|p1a: Glimmora|spa|1
|-enditem|p1a: Glimmora|Power Herb
|-anim|p1a: Glimmora|Meteor Beam|p2a: Alomomola
|-damage|p2a: Alomomola|39/100 psn
|move|p2a: Alomomola|Flip Turn|p1a: Glimmora
|-supereffective|p1a: Glimmora
|-damage|p1a: Glimmora|43/100
|-activate|p1a: Glimmora|ability: Toxic Debris
|-sidestart|p2: Cow|move: Toxic Spikes
|
|t:|1779648204
|switch|p2a: Cinderace|Cinderace, M|100/100|[from] Flip Turn
|
|upkeep
|turn|12
|inactive|Mik3ymon has 270 seconds left.
|inactive|Mik3ymon has 240 seconds left.
|
|t:|1779648269
|move|p2a: Cinderace|U-turn|p1a: Glimmora
|-resisted|p1a: Glimmora
|-damage|p1a: Glimmora|31/100
|
|t:|1779648272
|switch|p2a: Alomomola|Alomomola, M|72/100 psn|[from] U-turn
|-damage|p2a: Alomomola|59/100 psn|[from] Stealth Rock
|move|p1a: Glimmora|Earth Power|p2a: Alomomola
|-damage|p2a: Alomomola|38/100 psn
|
|-damage|p2a: Alomomola|25/100 psn|[from] psn
|upkeep
|turn|13
|
|t:|1779648280
|switch|p1a: Raging Bolt|Raging Bolt|100/100
|move|p2a: Alomomola|Flip Turn|p1a: Raging Bolt
|-resisted|p1a: Raging Bolt
|-damage|p1a: Raging Bolt|95/100
|
|t:|1779648298
|switch|p2a: Cinderace|Cinderace, M|100/100|[from] Flip Turn
|
|-heal|p1a: Raging Bolt|100/100|[from] item: Leftovers
|upkeep
|turn|14
|
|t:|1779648304
|move|p2a: Cinderace|Court Change|p2a: Cinderace
|-swapsideconditions
|-activate|p2a: Cinderace|move: Court Change
|move|p1a: Raging Bolt|Calm Mind|p1a: Raging Bolt
|-boost|p1a: Raging Bolt|spa|1
|-boost|p1a: Raging Bolt|spd|1
|
|upkeep
|turn|15
|inactive|Mik3ymon has 270 seconds left.
|
|t:|1779648317
|move|p2a: Cinderace|Will-O-Wisp|p1a: Raging Bolt
|-status|p1a: Raging Bolt|brn
|move|p1a: Raging Bolt|Calm Mind|p1a: Raging Bolt
|-boost|p1a: Raging Bolt|spa|1
|-boost|p1a: Raging Bolt|spd|1
|
|-damage|p1a: Raging Bolt|94/100 brn|[from] brn
|upkeep
|turn|16
|
|t:|1779648321
|move|p2a: Cinderace|Pyro Ball|p1a: Raging Bolt
|-resisted|p1a: Raging Bolt
|-damage|p1a: Raging Bolt|77/100 brn
|move|p1a: Raging Bolt|Dragon Pulse|p2a: Cinderace
|-damage|p2a: Cinderace|9/100
|
|-heal|p1a: Raging Bolt|83/100 brn|[from] item: Leftovers
|-damage|p1a: Raging Bolt|77/100 brn|[from] brn
|upkeep
|turn|17
|
|t:|1779648327
|move|p2a: Cinderace|Pyro Ball|p1a: Raging Bolt
|-resisted|p1a: Raging Bolt
|-damage|p1a: Raging Bolt|54/100 brn
|move|p1a: Raging Bolt|Dragon Pulse|p2a: Cinderace
|-damage|p2a: Cinderace|0 fnt
|faint|p2a: Cinderace
|
|-heal|p1a: Raging Bolt|60/100 brn|[from] item: Leftovers
|-damage|p1a: Raging Bolt|54/100 brn|[from] brn
|upkeep
|
|t:|1779648330
|switch|p2a: Great Tusk|Great Tusk|100/100
|turn|18
|
|t:|1779648335
|-end|p1a: Raging Bolt|Protosynthesis|[silent]
|switch|p1a: Glimmora|Glimmora, M|31/100
|-sideend|p1: Mik3ymon|move: Toxic Spikes|[of] p1a: Glimmora
|-damage|p1a: Glimmora|19/100|[from] Stealth Rock
|move|p2a: Great Tusk|Headlong Rush|p1a: Glimmora
|-supereffective|p1a: Glimmora
|-damage|p1a: Glimmora|0 fnt
|-unboost|p2a: Great Tusk|def|1
|-unboost|p2a: Great Tusk|spd|1
|-activate|p1a: Glimmora|ability: Toxic Debris
|-sidestart|p2: Cow|move: Toxic Spikes
|faint|p1a: Glimmora
|
|upkeep
|
|t:|1779648340
|switch|p1a: Zamazenta|Zamazenta|100/100
|-damage|p1a: Zamazenta|94/100|[from] Stealth Rock
|-ability|p1a: Zamazenta|Dauntless Shield|boost
|-boost|p1a: Zamazenta|def|1
|turn|19
|
|t:|1779648349
|-end|p2a: Great Tusk|Protosynthesis|[silent]
|switch|p2a: Pecharunt|Pecharunt|100/100
|-sideend|p2: Cow|move: Toxic Spikes|[of] p2a: Pecharunt
|move|p1a: Zamazenta|Howl|p1a: Zamazenta
|-boost|p1a: Zamazenta|atk|1
|
|upkeep
|turn|20
|
|t:|1779648360
|move|p1a: Zamazenta|Howl|p1a: Zamazenta
|-boost|p1a: Zamazenta|atk|1
|move|p2a: Pecharunt|Malignant Chain|p1a: Zamazenta
|-damage|p1a: Zamazenta|69/100
|-status|p1a: Zamazenta|tox
|-start|p1a: Zamazenta|confusion|[from] ability: Poison Puppeteer|[of] p2a: Pecharunt
|
|-damage|p1a: Zamazenta|63/100 tox|[from] psn
|upkeep
|turn|21
|
|t:|1779648377
|switch|p2a: Alomomola|Alomomola, M|59/100 psn
|-activate|p1a: Zamazenta|confusion
|move|p1a: Zamazenta|Crunch|p2a: Alomomola
|-damage|p2a: Alomomola|22/100 psn
|-unboost|p2a: Alomomola|def|1
|
|-damage|p1a: Zamazenta|50/100 tox|[from] psn
|-damage|p2a: Alomomola|10/100 psn|[from] psn
|upkeep
|turn|22
|
|t:|1779648382
|-activate|p1a: Zamazenta|confusion
|-damage|p1a: Zamazenta|40/100 tox|[from] confusion
|move|p2a: Alomomola|Flip Turn|p1a: Zamazenta
|-damage|p1a: Zamazenta|31/100 tox
|
|t:|1779648385
|switch|p2a: Enamorus|Enamorus, F, tera:Ground|100/100|[from] Flip Turn
|
|-damage|p1a: Zamazenta|12/100 tox|[from] psn
|upkeep
|turn|23
|
|t:|1779648389
|move|p2a: Enamorus|Moonblast|p1a: Zamazenta
|-supereffective|p1a: Zamazenta
|-damage|p1a: Zamazenta|0 fnt
|faint|p1a: Zamazenta
|
|upkeep
|
|t:|1779648391
|switch|p1a: Dragonite|Dragonite, F, tera:Normal|86/100
|turn|24
|
|t:|1779648395
|move|p2a: Enamorus|Moonblast|p1a: Dragonite
|-damage|p1a: Dragonite|27/100
|-unboost|p1a: Dragonite|spa|1
|move|p1a: Dragonite|Dragon Dance|p1a: Dragonite
|-boost|p1a: Dragonite|atk|1
|-boost|p1a: Dragonite|spe|1
|
|upkeep
|turn|25
|
|t:|1779648401
|switch|p2a: Pecharunt|Pecharunt|100/100
|move|p1a: Dragonite|Extreme Speed|p2a: Pecharunt
|-immune|p2a: Pecharunt
|
|upkeep
|turn|26
|
|t:|1779648406
|move|p1a: Dragonite|Earthquake|p2a: Pecharunt
|-supereffective|p2a: Pecharunt
|-damage|p2a: Pecharunt|47/100
|move|p2a: Pecharunt|Foul Play|p1a: Dragonite
|-damage|p1a: Dragonite|0 fnt
|faint|p1a: Dragonite
|
|upkeep
|c|☆Mik3ymon|gg
|c|☆Cow|gg
|-message|Mik3ymon forfeited.
|
|win|Cow
