|j|☆A05236
|j|☆Abyssal Bot
|t:|1779573290
|gametype|singles
|player|p1|A05236|265|
|player|p2|Abyssal Bot|supernerd|
|teamsize|p1|6
|teamsize|p2|6
|gen|9
|tier|[Gen 9] OU
|rule|Species Clause: Limit one of each Pokémon
|rule|OHKO Clause: OHKO moves are banned
|rule|Evasion Items Clause: Evasion items are banned
|rule|Evasion Moves Clause: Evasion moves are banned
|rule|Endless Battle Clause: Forcing endless battles is banned
|rule|HP Percentage Mod: HP is shown in percentages
|rule|Sleep Moves Clause: Sleep-inducing moves are banned
|clearpoke
|poke|p1|Blissey, F|
|poke|p1|Milotic, M|
|poke|p1|Gengar, M|
|poke|p1|Darkrai|
|poke|p1|Torkoal, F|
|poke|p1|Zapdos|
|poke|p2|Ting-Lu|
|poke|p2|Dragapult, M|
|poke|p2|Slowking-Galar, F|
|poke|p2|Kingambit, M|
|poke|p2|Gliscor, M|
|poke|p2|Zamazenta-*|
|teampreview
|c|☆Abyssal Bot|**WARNING**: Expect much hax.
|inactive|Battle timer is ON: inactive players will automatically lose when time's up. (requested by Abyssal Bot)
|j|*Turbo Bottttt
|
|t:|1779573292
|start
|switch|p1a: Blissey|Blissey, F|100/100
|switch|p2a: Slowking|Slowking-Galar, F|100/100
|turn|1
|
|t:|1779573295
|switch|p2a: Dragapult|Dragapult, M|100/100
|move|p1a: Blissey|Rain Dance|p1a: Blissey
|-weather|Rain Dance
|
|-weather|Rain Dance|[upkeep]
|upkeep
|turn|2
|
|t:|1779573306
|move|p2a: Dragapult|Will-O-Wisp|p1a: Blissey
|-status|p1a: Blissey|brn
|move|p1a: Blissey|Ice Beam|p2a: Dragapult
|-supereffective|p2a: Dragapult
|-damage|p2a: Dragapult|39/100
|
|-weather|Rain Dance|[upkeep]
|-damage|p1a: Blissey|94/100 brn|[from] brn|[of] p2a: Dragapult
|upkeep
|turn|3
|
|t:|1779573309
|move|p2a: Dragapult|Draco Meteor|p1a: Blissey
|-damage|p1a: Blissey|72/100 brn
|-unboost|p2a: Dragapult|spa|2
|move|p1a: Blissey|Thunder|p2a: Dragapult
|-resisted|p2a: Dragapult
|-damage|p2a: Dragapult|20/100
|-status|p2a: Dragapult|par
|
|-weather|Rain Dance|[upkeep]
|-damage|p1a: Blissey|66/100 brn|[from] brn|[of] p2a: Dragapult
|upkeep
|turn|4
|
|t:|1779573313
|move|p2a: Dragapult|Draco Meteor|p1a: Blissey
|-damage|p1a: Blissey|54/100 brn
|-unboost|p2a: Dragapult|spa|2
|move|p1a: Blissey|Soft-Boiled|p1a: Blissey
|-heal|p1a: Blissey|100/100 brn
|
|-weather|Rain Dance|[upkeep]
|-damage|p1a: Blissey|94/100 brn|[from] brn|[of] p2a: Dragapult
|upkeep
|turn|5
|
|t:|1779573316
|switch|p2a: Kingambit|Kingambit, M|100/100
|move|p1a: Blissey|Ice Beam|p2a: Kingambit
|-resisted|p2a: Kingambit
|-damage|p2a: Kingambit|90/100
|
|-weather|Rain Dance|[upkeep]
|-heal|p2a: Kingambit|96/100|[from] item: Leftovers
|-damage|p1a: Blissey|88/100 brn|[from] brn|[of] p2: Dragapult
|upkeep
|turn|6
|
|t:|1779573323
|-end|p2a: Kingambit|fallenundefined|[silent]
|switch|p2a: Dragapult|Dragapult, M|20/100 par
|move|p1a: Blissey|Thunder|p2a: Dragapult
|-resisted|p2a: Dragapult
|-damage|p2a: Dragapult|2/100 par
|
|-weather|Rain Dance|[upkeep]
|-damage|p1a: Blissey|82/100 brn|[from] brn|[of] p2a: Dragapult
|upkeep
|turn|7
|
|t:|1779573326
|move|p2a: Dragapult|Draco Meteor|p1a: Blissey
|-damage|p1a: Blissey|58/100 brn
|-unboost|p2a: Dragapult|spa|2
|move|p1a: Blissey|Ice Beam|p2a: Dragapult
|-supereffective|p2a: Dragapult
|-damage|p2a: Dragapult|0 par
|faint|p2a: Dragapult
|
|-weather|Rain Dance|[upkeep]
|-damage|p1a: Blissey|52/100 brn|[from] brn|[of] p2: Dragapult
|upkeep
|
|t:|1779573326
|switch|p2a: Kingambit|Kingambit, M|96/100
|-activate|p2a: Kingambit|ability: Supreme Overlord
|-start|p2a: Kingambit|fallen1|[silent]
|turn|8
|
|t:|1779573328
|move|p1a: Blissey|Thunder|p2a: Kingambit
|-damage|p2a: Kingambit|72/100
|-status|p2a: Kingambit|par
|move|p2a: Kingambit|Kowtow Cleave|p1a: Blissey
|-damage|p1a: Blissey|0 brn
|faint|p1a: Blissey
|
|-weather|none
|-heal|p2a: Kingambit|78/100 par|[from] item: Leftovers
|upkeep
|
|t:|1779573337
|switch|p1a: Torkoal|Torkoal, F|100/100
|-weather|Sunny Day|[from] ability: Drought|[of] p1a: Torkoal
|turn|9
|
|t:|1779573340
|move|p1a: Torkoal|Body Press|p2a: Kingambit
|-supereffective|p2a: Kingambit
|-damage|p2a: Kingambit|0 par
|faint|p2a: Kingambit
|-end|p2a: Kingambit|fallen1|[silent]
|
|-weather|Sunny Day|[upkeep]
|upkeep
|
|t:|1779573340
|switch|p2a: Zamazenta|Zamazenta|100/100
|-ability|p2a: Zamazenta|Dauntless Shield|boost
|-boost|p2a: Zamazenta|def|1
|turn|10
|
|t:|1779573344
|move|p2a: Zamazenta|Stone Edge|p1a: Torkoal
|-supereffective|p1a: Torkoal
|-damage|p1a: Torkoal|64/100
|move|p1a: Torkoal|Lava Plume|p2a: Zamazenta
|-damage|p2a: Zamazenta|69/100
|
|-weather|Sunny Day|[upkeep]
|upkeep
|turn|11
|
|t:|1779573357
|move|p2a: Zamazenta|Close Combat|p1a: Torkoal
|-damage|p1a: Torkoal|29/100
|-unboost|p2a: Zamazenta|def|1
|-unboost|p2a: Zamazenta|spd|1
|move|p1a: Torkoal|Lava Plume|p2a: Zamazenta
|-damage|p2a: Zamazenta|18/100
|-status|p2a: Zamazenta|brn
|
|-weather|Sunny Day|[upkeep]
|-damage|p2a: Zamazenta|12/100 brn|[from] brn|[of] p1a: Torkoal
|upkeep
|turn|12
|
|t:|1779573361
|move|p2a: Zamazenta|Close Combat|p1a: Torkoal
|-damage|p1a: Torkoal|13/100
|-unboost|p2a: Zamazenta|def|1
|-unboost|p2a: Zamazenta|spd|1
|move|p1a: Torkoal|Body Press|p2a: Zamazenta
|-damage|p2a: Zamazenta|0 brn
|faint|p2a: Zamazenta
|
|-weather|Sunny Day|[upkeep]
|upkeep
|
|t:|1779573361
|switch|p2a: Ting-Lu|Ting-Lu|100/100
|-ability|p2a: Ting-Lu|Vessel of Ruin
|turn|13
|
|t:|1779573366
|move|p2a: Ting-Lu|Earthquake|p1a: Torkoal
|-supereffective|p1a: Torkoal
|-damage|p1a: Torkoal|0
|faint|p1a: Torkoal
|
|-weather|none
|upkeep
|
|t:|1779573376
|switch|p1a: Darkrai|Darkrai|100/100
|turn|14
|
|t:|1779573378
|move|p1a: Darkrai|Swords Dance|p1a: Darkrai
|-boost|p1a: Darkrai|atk|2
|move|p2a: Ting-Lu|Stealth Rock|p1a: Darkrai
|-sidestart|p1: A05236|move: Stealth Rock
|
|upkeep
|turn|15
|
|t:|1779573382
|move|p1a: Darkrai|Drain Punch|p2a: Ting-Lu
|-supereffective|p2a: Ting-Lu
|-damage|p2a: Ting-Lu|59/100
|move|p2a: Ting-Lu|Whirlwind|p1a: Darkrai
|drag|p1a: Zapdos|Zapdos|100/100
|-damage|p1a: Zapdos|75/100|[from] Stealth Rock|[of] p2a: Ting-Lu
|-ability|p1a: Zapdos|Pressure
|
|-heal|p2a: Ting-Lu|65/100|[from] item: Leftovers
|upkeep
|turn|16
|
|t:|1779573396
|switch|p2a: Gliscor|Gliscor, M|100/100
|move|p1a: Zapdos|Hurricane|p2a: Gliscor|[miss]
|-miss|p1a: Zapdos|p2a: Gliscor
|
|-status|p2a: Gliscor|tox|[from] item: Toxic Orb
|upkeep
|turn|17
|c|☆Abyssal Bot|I had warned you about hax!! HAHAHA
|
|t:|1779573399
|move|p1a: Zapdos|Hurricane|p2a: Gliscor
|-damage|p2a: Gliscor|34/100 tox
|move|p2a: Gliscor|Swords Dance|p2a: Gliscor
|-boost|p2a: Gliscor|atk|2
|
|-heal|p2a: Gliscor|46/100 tox|[from] ability: Poison Heal
|upkeep
|turn|18
|
|t:|1779573402
|move|p1a: Zapdos|Hurricane|p2a: Gliscor
|-damage|p2a: Gliscor|0 tox
|faint|p2a: Gliscor
|
|upkeep
|
|t:|1779573402
|switch|p2a: Slowking|Slowking-Galar, F|100/100
|turn|19
|
|t:|1779573413
|switch|p1a: Milotic|Milotic, M|100/100
|-damage|p1a: Milotic|88/100|[from] Stealth Rock|[of] p2: Ting-Lu
|move|p2a: Slowking|Chilly Reception|p2a: Slowking
|-weather|Snow
|
|t:|1779573413
|switch|p2a: Ting-Lu|Ting-Lu|65/100|[from] Chilly Reception
|-ability|p2a: Ting-Lu|Vessel of Ruin
|
|-weather|Snow|[upkeep]
|-heal|p1a: Milotic|94/100|[from] item: Leftovers
|-heal|p2a: Ting-Lu|72/100|[from] item: Leftovers
|upkeep
|turn|20
|
|t:|1779573415
|switch|p2a: Slowking|Slowking-Galar, F|100/100
|move|p1a: Milotic|Coil|p1a: Milotic
|-boost|p1a: Milotic|atk|1
|-boost|p1a: Milotic|def|1
|-boost|p1a: Milotic|accuracy|1
|
|-weather|Snow|[upkeep]
|-heal|p1a: Milotic|99/100|[from] item: Leftovers
|upkeep
|turn|21
|
|t:|1779573419
|move|p1a: Milotic|Coil|p1a: Milotic
|-boost|p1a: Milotic|atk|1
|-boost|p1a: Milotic|def|1
|-boost|p1a: Milotic|accuracy|1
|move|p2a: Slowking|Future Sight|p1a: Milotic
|-start|p2a: Slowking|move: Future Sight
|
|-weather|Snow|[upkeep]
|-heal|p1a: Milotic|100/100|[from] item: Leftovers
|upkeep
|turn|22
|
|t:|1779573422
|move|p2a: Slowking|Future Sight||[still]
|-fail|p2a: Slowking
|move|p1a: Milotic|Dragon Tail|p2a: Slowking
|-damage|p2a: Slowking|83/100
|drag|p2a: Ting-Lu|Ting-Lu|72/100
|-ability|p2a: Ting-Lu|Vessel of Ruin
|
|-weather|Snow|[upkeep]
|-heal|p2a: Ting-Lu|78/100|[from] item: Leftovers
|upkeep
|turn|23
|
|t:|1779573424
|switch|p2a: Slowking|Slowking-Galar, F|100/100
|move|p1a: Milotic|Dragon Tail|p2a: Slowking
|-damage|p2a: Slowking|82/100
|drag|p2a: Ting-Lu|Ting-Lu|78/100
|-ability|p2a: Ting-Lu|Vessel of Ruin
|
|-weather|none
|-end|p1a: Milotic|move: Future Sight
|-damage|p1a: Milotic|75/100
|-heal|p1a: Milotic|81/100|[from] item: Leftovers
|-heal|p2a: Ting-Lu|84/100|[from] item: Leftovers
|upkeep
|turn|24
|
|t:|1779573427
|switch|p2a: Slowking|Slowking-Galar, F|100/100
|move|p1a: Milotic|Dragon Tail|p2a: Slowking
|-damage|p2a: Slowking|82/100
|drag|p2a: Ting-Lu|Ting-Lu|84/100
|-ability|p2a: Ting-Lu|Vessel of Ruin
|
|-heal|p1a: Milotic|88/100|[from] item: Leftovers
|-heal|p2a: Ting-Lu|90/100|[from] item: Leftovers
|upkeep
|turn|25
|
|t:|1779573430
|switch|p2a: Slowking|Slowking-Galar, F|100/100
|move|p1a: Milotic|Coil|p1a: Milotic
|-boost|p1a: Milotic|atk|1
|-boost|p1a: Milotic|def|1
|-boost|p1a: Milotic|accuracy|1
|
|-heal|p1a: Milotic|94/100|[from] item: Leftovers
|upkeep
|turn|26
|
|t:|1779573432
|move|p2a: Slowking|Chilly Reception|p2a: Slowking
|-weather|Snow
|
|t:|1779573432
|switch|p2a: Ting-Lu|Ting-Lu|90/100|[from] Chilly Reception
|-ability|p2a: Ting-Lu|Vessel of Ruin
|move|p1a: Milotic|Dragon Tail|p2a: Ting-Lu
|-damage|p2a: Ting-Lu|79/100
|drag|p2a: Slowking|Slowking-Galar, F|100/100
|
|-weather|Snow|[upkeep]
|-heal|p1a: Milotic|99/100|[from] item: Leftovers
|upkeep
|turn|27
|
|t:|1779573436
|move|p2a: Slowking|Chilly Reception|p2a: Slowking
|
|t:|1779573436
|switch|p2a: Ting-Lu|Ting-Lu|79/100|[from] Chilly Reception
|-ability|p2a: Ting-Lu|Vessel of Ruin
|move|p1a: Milotic|Dragon Tail|p2a: Ting-Lu
|-damage|p2a: Ting-Lu|67/100
|drag|p2a: Slowking|Slowking-Galar, F|100/100
|
|-weather|Snow|[upkeep]
|-heal|p1a: Milotic|100/100|[from] item: Leftovers
|upkeep
|turn|28
|
|t:|1779573438
|move|p2a: Slowking|Future Sight|p1a: Milotic
|-start|p2a: Slowking|move: Future Sight
|move|p1a: Milotic|Dragon Tail|p2a: Slowking
|-damage|p2a: Slowking|76/100
|drag|p2a: Ting-Lu|Ting-Lu|67/100
|-ability|p2a: Ting-Lu|Vessel of Ruin
|
|-weather|Snow|[upkeep]
|-heal|p2a: Ting-Lu|73/100|[from] item: Leftovers
|upkeep
|turn|29
|
|t:|1779573441
|switch|p2a: Slowking|Slowking-Galar, F|100/100
|move|p1a: Milotic|Dragon Tail|p2a: Slowking
|-damage|p2a: Slowking|78/100
|drag|p2a: Ting-Lu|Ting-Lu|73/100
|-ability|p2a: Ting-Lu|Vessel of Ruin
|
|-weather|Snow|[upkeep]
|-heal|p2a: Ting-Lu|79/100|[from] item: Leftovers
|upkeep
|turn|30
|
|t:|1779573443
|switch|p2a: Slowking|Slowking-Galar, F|100/100
|move|p1a: Milotic|Coil|p1a: Milotic
|-boost|p1a: Milotic|atk|1
|-boost|p1a: Milotic|def|1
|-boost|p1a: Milotic|accuracy|1
|
|-weather|none
|-end|p1a: Milotic|move: Future Sight
|-damage|p1a: Milotic|70/100
|-heal|p1a: Milotic|76/100|[from] item: Leftovers
|upkeep
|turn|31
|
|t:|1779573445
|move|p1a: Milotic|Iron Head|p2a: Slowking
|-damage|p2a: Slowking|66/100
|move|p2a: Slowking|Chilly Reception|p2a: Slowking
|-weather|Snow
|
|t:|1779573445
|switch|p2a: Ting-Lu|Ting-Lu|79/100|[from] Chilly Reception
|-ability|p2a: Ting-Lu|Vessel of Ruin
|
|-weather|Snow|[upkeep]
|-heal|p1a: Milotic|82/100|[from] item: Leftovers
|-heal|p2a: Ting-Lu|85/100|[from] item: Leftovers
|upkeep
|turn|32
|
|t:|1779573449
|switch|p2a: Slowking|Slowking-Galar, F|99/100
|move|p1a: Milotic|Iron Head|p2a: Slowking
|-damage|p2a: Slowking|60/100
|
|-weather|Snow|[upkeep]
|-heal|p1a: Milotic|88/100|[from] item: Leftovers
|upkeep
|turn|33
|
|t:|1779573452
|move|p1a: Milotic|Iron Head|p2a: Slowking
|-damage|p2a: Slowking|24/100
|move|p2a: Slowking|Future Sight|p1a: Milotic
|-start|p2a: Slowking|move: Future Sight
|
|-weather|Snow|[upkeep]
|-heal|p1a: Milotic|94/100|[from] item: Leftovers
|upkeep
|turn|34
|
|t:|1779573455
|move|p1a: Milotic|Iron Head|p2a: Slowking
|-damage|p2a: Slowking|0
|faint|p2a: Slowking
|
|-weather|Snow|[upkeep]
|-heal|p1a: Milotic|99/100|[from] item: Leftovers
|upkeep
|
|t:|1779573455
|switch|p2a: Ting-Lu|Ting-Lu|85/100
|-ability|p2a: Ting-Lu|Vessel of Ruin
|turn|35
|
|t:|1779573460
|move|p1a: Milotic|Surf|p2a: Ting-Lu
|-supereffective|p2a: Ting-Lu
|-damage|p2a: Ting-Lu|55/100
|move|p2a: Ting-Lu|Whirlwind|p1a: Milotic
|drag|p1a: Gengar|Gengar, M|100/100
|-damage|p1a: Gengar|88/100|[from] Stealth Rock|[of] p2a: Ting-Lu
|
|-weather|none
|-end|p1a: Gengar|move: Future Sight
|-supereffective|p1a: Gengar
|-damage|p1a: Gengar|0
|faint|p1a: Gengar
|-heal|p2a: Ting-Lu|61/100|[from] item: Leftovers
|upkeep
|
|t:|1779573465
|switch|p1a: Darkrai|Darkrai|100/100
|turn|36
|
|t:|1779573468
|move|p1a: Darkrai|Swords Dance|p1a: Darkrai
|-boost|p1a: Darkrai|atk|2
|move|p2a: Ting-Lu|Earthquake|p1a: Darkrai
|-damage|p1a: Darkrai|48/100
|
|-heal|p2a: Ting-Lu|67/100|[from] item: Leftovers
|upkeep
|turn|37
|
|t:|1779573470
|move|p1a: Darkrai|Drain Punch|p2a: Ting-Lu
|-supereffective|p2a: Ting-Lu
|-damage|p2a: Ting-Lu|29/100
|-heal|p1a: Darkrai|82/100|[from] drain|[of] p2a: Ting-Lu
|move|p2a: Ting-Lu|Earthquake|p1a: Darkrai
|-damage|p1a: Darkrai|34/100
|
|-heal|p2a: Ting-Lu|35/100|[from] item: Leftovers
|upkeep
|turn|38
|
|t:|1779573475
|move|p1a: Darkrai|Drain Punch|p2a: Ting-Lu
|-supereffective|p2a: Ting-Lu
|-damage|p2a: Ting-Lu|0
|-heal|p1a: Darkrai|65/100|[from] drain|[of] p2a: Ting-Lu
|faint|p2a: Ting-Lu
|
|win|A05236
|c|☆Abyssal Bot|Oh, I lost. Good Game.
|l|☆Abyssal Bot
|player|p2|
|l|*Turbo Bottttt
