|j|☆Adgio
|j|☆cnette
|t:|1779641859
|gametype|singles
|player|p1|Adgio|burglar|1448
|player|p2|cnette|erika|1457
|gen|9
|tier|[Gen 9] OU
|rated|
|rule|HP Percentage Mod: HP is shown in percentages
|rule|Endless Battle Clause: Forcing endless battles is banned
|rule|Species Clause: Limit one of each Pokémon
|rule|OHKO Clause: OHKO moves are banned
|rule|Evasion Items Clause: Evasion items are banned
|rule|Evasion Moves Clause: Evasion moves are banned
|rule|Evasion Abilities Clause: Evasion abilities are banned
|rule|Sleep Moves Clause: Sleep-inducing moves are banned
|clearpoke
|poke|p1|Goodra-Hisui, F|
|poke|p1|Dondozo, F|
|poke|p1|Great Tusk|
|poke|p1|Iron Valiant|
|poke|p1|Raging Bolt|
|poke|p1|Quaquaval, F|
|poke|p2|Lilligant-Hisui, F|
|poke|p2|Arcanine-Hisui, M|
|poke|p2|Walking Wake|
|poke|p2|Torkoal, M|
|poke|p2|Great Tusk|
|poke|p2|Corviknight, M|
|teampreview
|inactive|Battle timer is ON: inactive players will automatically lose when time's up. (requested by cnette)
|inactive|Adgio also wants the timer to be on.
|
|t:|1779641868
|teamsize|p1|6
|teamsize|p2|6
|start
|switch|p1a: Great Tusk|Great Tusk|100/100
|switch|p2a: Walking Wake|Walking Wake|100/100
|turn|1
|
|t:|1779641881
|-end|p1a: Great Tusk|Protosynthesis|[silent]
|switch|p1a: Goodra|Goodra-Hisui, F|100/100
|move|p2a: Walking Wake|Draco Meteor|p1a: Goodra
|-damage|p1a: Goodra|52/100
|-unboost|p2a: Walking Wake|spa|2
|
|-heal|p1a: Goodra|58/100|[from] item: Leftovers
|upkeep
|turn|2
|
|t:|1779641889
|-end|p2a: Walking Wake|Protosynthesis|[silent]
|switch|p2a: Great Tusk|Great Tusk|100/100
|move|p1a: Goodra|Acid Armor|p1a: Goodra
|-boost|p1a: Goodra|def|2
|
|-heal|p1a: Goodra|64/100|[from] item: Leftovers
|upkeep
|turn|3
|
|t:|1779641896
|move|p2a: Great Tusk|Headlong Rush|p1a: Goodra
|-supereffective|p1a: Goodra
|-damage|p1a: Goodra|1/100
|-unboost|p2a: Great Tusk|def|1
|-unboost|p2a: Great Tusk|spd|1
|move|p1a: Goodra|Flamethrower|p2a: Great Tusk
|-damage|p2a: Great Tusk|28/100
|
|-heal|p1a: Goodra|7/100|[from] item: Leftovers
|upkeep
|turn|4
|
|t:|1779641905
|move|p2a: Great Tusk|Rapid Spin|p1a: Goodra
|-resisted|p1a: Goodra
|-damage|p1a: Goodra|3/100
|-boost|p2a: Great Tusk|spe|1
|move|p1a: Goodra|Flamethrower|p2a: Great Tusk
|-damage|p2a: Great Tusk|0 fnt
|faint|p2a: Great Tusk
|-end|p2a: Great Tusk|Protosynthesis|[silent]
|
|-heal|p1a: Goodra|9/100|[from] item: Leftovers
|upkeep
|
|t:|1779641917
|switch|p2a: Walking Wake|Walking Wake|100/100
|turn|5
|
|t:|1779641923
|move|p2a: Walking Wake|Dragon Pulse|p1a: Goodra
|-damage|p1a: Goodra|0 fnt
|faint|p1a: Goodra
|
|upkeep
|
|t:|1779641925
|switch|p1a: Iron Valiant|Iron Valiant|100/100
|-enditem|p1a: Iron Valiant|Booster Energy
|-activate|p1a: Iron Valiant|ability: Quark Drive|[fromitem]
|-start|p1a: Iron Valiant|quarkdrivespe
|turn|6
|
|t:|1779641930
|-end|p2a: Walking Wake|Protosynthesis|[silent]
|switch|p2a: Corviknight|Corviknight, M|100/100
|-ability|p2a: Corviknight|Pressure
|move|p1a: Iron Valiant|Moonblast|p2a: Corviknight
|-resisted|p2a: Corviknight
|-damage|p2a: Corviknight|81/100
|
|upkeep
|turn|7
|
|t:|1779641938
|move|p1a: Iron Valiant|Thunderbolt|p2a: Corviknight
|-supereffective|p2a: Corviknight
|-damage|p2a: Corviknight|33/100
|move|p2a: Corviknight|Brave Bird|p1a: Iron Valiant
|-supereffective|p1a: Iron Valiant
|-damage|p1a: Iron Valiant|27/100
|-damage|p2a: Corviknight|12/100|[from] Recoil
|
|upkeep
|turn|8
|
|t:|1779641945
|move|p1a: Iron Valiant|Thunderbolt|p2a: Corviknight
|-supereffective|p2a: Corviknight
|-damage|p2a: Corviknight|0 fnt
|faint|p2a: Corviknight
|
|upkeep
|
|t:|1779641952
|switch|p2a: Arcanine|Arcanine-Hisui, M|100/100
|turn|9
|
|t:|1779641954
|move|p2a: Arcanine|Extreme Speed|p1a: Iron Valiant
|-damage|p1a: Iron Valiant|0 fnt
|faint|p1a: Iron Valiant
|-end|p1a: Iron Valiant|Quark Drive|[silent]
|
|upkeep
|
|t:|1779641956
|switch|p1a: Quaquaval|Quaquaval, F|100/100
|turn|10
|
|t:|1779641962
|switch|p2a: Walking Wake|Walking Wake|100/100
|move|p1a: Quaquaval|Aqua Step|p2a: Walking Wake
|-resisted|p2a: Walking Wake
|-damage|p2a: Walking Wake|91/100
|-boost|p1a: Quaquaval|spe|1
|
|upkeep
|turn|11
|
|t:|1779641970
|move|p2a: Walking Wake|Draco Meteor|p1a: Quaquaval
|-damage|p1a: Quaquaval|17/100
|-unboost|p2a: Walking Wake|spa|2
|move|p1a: Quaquaval|Close Combat|p2a: Walking Wake
|-damage|p2a: Walking Wake|37/100
|-unboost|p1a: Quaquaval|def|1
|-unboost|p1a: Quaquaval|spd|1
|
|-heal|p1a: Quaquaval|23/100|[from] item: Leftovers
|upkeep
|turn|12
|
|t:|1779641979
|move|p2a: Walking Wake|Draco Meteor|p1a: Quaquaval
|-damage|p1a: Quaquaval|0 fnt
|-unboost|p2a: Walking Wake|spa|2
|faint|p1a: Quaquaval
|
|upkeep
|
|t:|1779641982
|switch|p1a: Raging Bolt|Raging Bolt|100/100
|turn|13
|
|t:|1779641994
|-end|p2a: Walking Wake|Protosynthesis|[silent]
|switch|p2a: Torkoal|Torkoal, M|100/100
|-weather|SunnyDay|[from] ability: Drought|[of] p2a: Torkoal
|-activate|p1a: Raging Bolt|ability: Protosynthesis
|-start|p1a: Raging Bolt|protosynthesisspa
|move|p1a: Raging Bolt|Calm Mind|p1a: Raging Bolt
|-boost|p1a: Raging Bolt|spa|1
|-boost|p1a: Raging Bolt|spd|1
|
|-weather|SunnyDay|[upkeep]
|upkeep
|turn|14
|
|t:|1779642003
|move|p1a: Raging Bolt|Discharge|p2a: Torkoal
|-damage|p2a: Torkoal|0 fnt
|faint|p2a: Torkoal
|
|-weather|SunnyDay|[upkeep]
|upkeep
|
|t:|1779642011
|switch|p2a: Arcanine|Arcanine-Hisui, M|100/100
|turn|15
|
|t:|1779642014
|move|p2a: Arcanine|Head Smash|p1a: Raging Bolt
|-damage|p1a: Raging Bolt|12/100
|move|p1a: Raging Bolt|Discharge|p2a: Arcanine
|-crit|p2a: Arcanine
|-damage|p2a: Arcanine|0 fnt
|faint|p2a: Arcanine
|
|-weather|SunnyDay|[upkeep]
|-heal|p1a: Raging Bolt|18/100|[from] item: Leftovers
|upkeep
|
|t:|1779642022
|switch|p2a: Lilligant|Lilligant-Hisui, F|100/100
|turn|16
|
|t:|1779642025
|move|p1a: Raging Bolt|Thunderclap|p2a: Lilligant
|-resisted|p2a: Lilligant
|-damage|p2a: Lilligant|45/100
|move|p2a: Lilligant|Solar Blade||[still]
|-prepare|p2a: Lilligant|Solar Blade
|-anim|p2a: Lilligant|Solar Blade|p1a: Raging Bolt
|-resisted|p1a: Raging Bolt
|-damage|p1a: Raging Bolt|0 fnt
|faint|p1a: Raging Bolt
|-end|p1a: Raging Bolt|Protosynthesis|[silent]
|-damage|p2a: Lilligant|35/100|[from] item: Life Orb
|
|-weather|SunnyDay|[upkeep]
|upkeep
|
|t:|1779642035
|switch|p1a: Dondozo|Dondozo, F|100/100
|turn|17
|
|t:|1779642039
|move|p2a: Lilligant|Solar Blade||[still]
|-prepare|p2a: Lilligant|Solar Blade
|-anim|p2a: Lilligant|Solar Blade|p1a: Dondozo
|-supereffective|p1a: Dondozo
|-crit|p1a: Dondozo
|-damage|p1a: Dondozo|0 fnt
|faint|p1a: Dondozo
|-damage|p2a: Lilligant|25/100|[from] item: Life Orb
|
|-weather|SunnyDay|[upkeep]
|upkeep
|
|t:|1779642042
|switch|p1a: Great Tusk|Great Tusk|100/100
|-activate|p1a: Great Tusk|ability: Protosynthesis
|-start|p1a: Great Tusk|protosynthesisatk
|turn|18
|
|t:|1779642050
|-terastallize|p1a: Great Tusk|Steel
|move|p2a: Lilligant|Solar Blade||[still]
|-prepare|p2a: Lilligant|Solar Blade
|-anim|p2a: Lilligant|Solar Blade|p1a: Great Tusk
|-resisted|p1a: Great Tusk
|-damage|p1a: Great Tusk|75/100
|-damage|p2a: Lilligant|15/100|[from] item: Life Orb
|move|p1a: Great Tusk|Rapid Spin|p2a: Lilligant
|-damage|p2a: Lilligant|0 fnt
|-boost|p1a: Great Tusk|spe|1
|faint|p2a: Lilligant
|
|-weather|SunnyDay|[upkeep]
|-heal|p1a: Great Tusk|82/100|[from] item: Leftovers
|upkeep
|
|t:|1779642062
|switch|p2a: Walking Wake|Walking Wake|37/100
|-activate|p2a: Walking Wake|ability: Protosynthesis
|-start|p2a: Walking Wake|protosynthesisspa
|turn|19
|
|t:|1779642070
|move|p2a: Walking Wake|Flamethrower|p1a: Great Tusk
|-supereffective|p1a: Great Tusk
|-damage|p1a: Great Tusk|0 fnt
|faint|p1a: Great Tusk
|-end|p1a: Great Tusk|Protosynthesis|[silent]
|
|win|cnette
|raw|Adgio's rating: 1448 &rarr; <strong>1429</strong><br />(-19 for losing)
|raw|cnette's rating: 1457 &rarr; <strong>1476</strong><br />(+19 for winning)
|l|☆cnette
|player|p2|
|l|☆Adgio
|player|p1|
