|j|☆Darth Toran
|j|☆amasawaichikamommy
|t:|1779681698
|gametype|singles
|player|p1|Darth Toran|doubleteam|1644
|player|p2|amasawaichikamommy|winona|1596
|gen|9
|tier|[Gen 9] OU
|rated|
|rule|HP Percentage Mod: HP is shown in percentages
|rule|Endless Battle Clause: Forcing endless battles is banned
|rule|Species Clause: Limit one of each Pokémon
|rule|OHKO Clause: OHKO moves are banned
|rule|Evasion Items Clause: Evasion items are banned
|rule|Evasion Moves Clause: Evasion moves are banned
|rule|Evasion Abilities Clause: Evasion abilities are banned
|rule|Sleep Moves Clause: Sleep-inducing moves are banned
|clearpoke
|poke|p1|Zamazenta-*|
|poke|p1|Iron Hands|
|poke|p1|Ceruledge, F|
|poke|p1|Great Tusk|
|poke|p1|Deoxys-Speed|
|poke|p1|Samurott-Hisui, F|
|poke|p2|Iron Moth|
|poke|p2|Gliscor, F|
|poke|p2|Hatterene, F|
|poke|p2|Ogerpon-Wellspring, F|
|poke|p2|Raging Bolt|
|poke|p2|Zamazenta-*|
|teampreview
|inactive|Battle timer is ON: inactive players will automatically lose when time's up. (requested by amasawaichikamommy)
|
|t:|1779681721
|teamsize|p1|6
|teamsize|p2|6
|start
|switch|p1a: Deoxys|Deoxys-Speed|100/100
|switch|p2a: Ogerpon|Ogerpon-Wellspring, F|100/100
|-ability|p1a: Deoxys|Pressure
|turn|1
|
|t:|1779681732
|move|p1a: Deoxys|Taunt|p2a: Ogerpon
|-start|p2a: Ogerpon|move: Taunt
|move|p2a: Ogerpon|Ivy Cudgel|p1a: Deoxys|[anim] Ivy Cudgel Water
|-damage|p1a: Deoxys|25/100
|
|upkeep
|turn|2
|
|t:|1779681740
|switch|p2a: Hatterene|Hatterene, F|100/100
|move|p1a: Deoxys|Stealth Rock|p2a: Hatterene
|move|p2a: Hatterene|Stealth Rock|p1a: Deoxys|[from] ability: Magic Bounce
|-sidestart|p1: Darth Toran|move: Stealth Rock
|
|upkeep
|turn|3
|
|t:|1779681751
|move|p1a: Deoxys|Light Screen|p1a: Deoxys
|-sidestart|p1: Darth Toran|move: Light Screen
|move|p2a: Hatterene|Calm Mind|p2a: Hatterene
|-boost|p2a: Hatterene|spa|1
|-boost|p2a: Hatterene|spd|1
|
|upkeep
|turn|4
|
|t:|1779681774
|switch|p1a: Ceruledge|Ceruledge, F|100/100
|-damage|p1a: Ceruledge|76/100|[from] Stealth Rock
|move|p2a: Hatterene|Calm Mind|p2a: Hatterene
|-boost|p2a: Hatterene|spa|1
|-boost|p2a: Hatterene|spd|1
|
|upkeep
|turn|5
|
|t:|1779681788
|-terastallize|p2a: Hatterene|Water
|move|p1a: Ceruledge|Swords Dance|p1a: Ceruledge
|-boost|p1a: Ceruledge|atk|2
|move|p2a: Hatterene|Calm Mind|p2a: Hatterene
|-boost|p2a: Hatterene|spa|1
|-boost|p2a: Hatterene|spd|1
|
|upkeep
|turn|6
|
|t:|1779681800
|move|p1a: Ceruledge|Poltergeist|p2a: Hatterene
|-activate|p2a: Hatterene|move: Poltergeist|Leftovers
|-damage|p2a: Hatterene|0 fnt
|faint|p2a: Hatterene
|-damage|p1a: Ceruledge|66/100|[from] item: Life Orb
|
|upkeep
|
|t:|1779681808
|switch|p2a: Ogerpon|Ogerpon-Wellspring, F|100/100
|turn|7
|inactive|Darth Toran has 120 seconds left.
|
|t:|1779681851
|-terastallize|p1a: Ceruledge|Ghost
|move|p2a: Ogerpon|Ivy Cudgel|p1a: Ceruledge|[anim] Ivy Cudgel Water
|-damage|p1a: Ceruledge|0 fnt
|faint|p1a: Ceruledge
|
|upkeep
|inactive|Darth Toran has 90 seconds left.
|
|t:|1779681889
|switch|p1a: Deoxys|Deoxys-Speed|25/100
|-damage|p1a: Deoxys|13/100|[from] Stealth Rock
|-ability|p1a: Deoxys|Pressure
|turn|8
|
|t:|1779681891
|move|p1a: Deoxys|Stealth Rock|p2a: Ogerpon
|-sidestart|p2: amasawaichikamommy|move: Stealth Rock
|move|p2a: Ogerpon|Encore|p1a: Deoxys
|-start|p1a: Deoxys|Encore
|
|upkeep
|turn|9
|inactive|Darth Toran has 90 seconds left.
|
|t:|1779681903
|switch|p1a: Samurott|Samurott-Hisui, F|100/100
|-damage|p1a: Samurott|88/100|[from] Stealth Rock
|move|p2a: Ogerpon|Swords Dance|p2a: Ogerpon
|-boost|p2a: Ogerpon|atk|2
|
|upkeep
|turn|10
|
|t:|1779681913
|move|p1a: Samurott|Ceaseless Edge|p2a: Ogerpon
|-damage|p2a: Ogerpon|32/100
|-sidestart|p2: amasawaichikamommy|Spikes
|move|p2a: Ogerpon|Trailblaze|p1a: Samurott
|-supereffective|p1a: Samurott
|-damage|p1a: Samurott|0 fnt
|-boost|p2a: Ogerpon|spe|1
|faint|p1a: Samurott
|
|-sideend|p1: Darth Toran|move: Light Screen
|upkeep
|inactive|Darth Toran has 90 seconds left.
|
|t:|1779681934
|switch|p1a: Deoxys|Deoxys-Speed|13/100
|-damage|p1a: Deoxys|0 fnt|[from] Stealth Rock
|faint|p1a: Deoxys
|
|t:|1779681943
|switch|p1a: Zamazenta|Zamazenta|100/100
|-damage|p1a: Zamazenta|94/100|[from] Stealth Rock
|-ability|p1a: Zamazenta|Dauntless Shield|boost
|-boost|p1a: Zamazenta|def|1
|turn|11
|
|t:|1779681950
|move|p2a: Ogerpon|Ivy Cudgel|p1a: Zamazenta|[anim] Ivy Cudgel Water
|-damage|p1a: Zamazenta|26/100
|move|p1a: Zamazenta|Roar|p2a: Ogerpon
|drag|p2a: Gliscor|Gliscor, F|100/100
|-damage|p2a: Gliscor|88/100|[from] Stealth Rock
|
|-heal|p1a: Zamazenta|32/100|[from] item: Leftovers
|-status|p2a: Gliscor|tox|[from] item: Toxic Orb
|upkeep
|turn|12
|inactive|Darth Toran has 90 seconds left.
|
|t:|1779681962
|move|p1a: Zamazenta|Iron Defense|p1a: Zamazenta
|-boost|p1a: Zamazenta|def|2
|move|p2a: Gliscor|Earthquake|p1a: Zamazenta
|-damage|p1a: Zamazenta|19/100
|
|-heal|p1a: Zamazenta|25/100|[from] item: Leftovers
|-heal|p2a: Gliscor|100/100 tox|[from] ability: Poison Heal
|upkeep
|turn|13
|
|t:|1779681971
|move|p1a: Zamazenta|Iron Defense|p1a: Zamazenta
|-boost|p1a: Zamazenta|def|2
|move|p2a: Gliscor|Earthquake|p1a: Zamazenta
|-damage|p1a: Zamazenta|16/100
|
|-heal|p1a: Zamazenta|22/100|[from] item: Leftovers
|upkeep
|turn|14
|
|t:|1779681980
|move|p1a: Zamazenta|Body Press|p2a: Gliscor
|-resisted|p2a: Gliscor
|-damage|p2a: Gliscor|45/100 tox
|move|p2a: Gliscor|Earthquake|p1a: Zamazenta
|-damage|p1a: Zamazenta|11/100
|
|-heal|p1a: Zamazenta|17/100|[from] item: Leftovers
|-heal|p2a: Gliscor|57/100 tox|[from] ability: Poison Heal
|upkeep
|turn|15
|
|t:|1779681986
|move|p1a: Zamazenta|Iron Defense|p1a: Zamazenta
|-boost|p1a: Zamazenta|def|1
|move|p2a: Gliscor|Earthquake|p1a: Zamazenta
|-damage|p1a: Zamazenta|9/100
|
|-heal|p1a: Zamazenta|15/100|[from] item: Leftovers
|-heal|p2a: Gliscor|70/100 tox|[from] ability: Poison Heal
|upkeep
|turn|16
|
|t:|1779681991
|move|p1a: Zamazenta|Body Press|p2a: Gliscor
|-resisted|p2a: Gliscor
|-damage|p2a: Gliscor|1/100 tox
|move|p2a: Gliscor|Earthquake|p1a: Zamazenta
|-damage|p1a: Zamazenta|5/100
|
|-heal|p1a: Zamazenta|12/100|[from] item: Leftovers
|-heal|p2a: Gliscor|13/100 tox|[from] ability: Poison Heal
|upkeep
|turn|17
|inactive|Darth Toran has 120 seconds left.
|
|t:|1779681998
|move|p1a: Zamazenta|Body Press|p2a: Gliscor
|-resisted|p2a: Gliscor
|-damage|p2a: Gliscor|0 fnt
|faint|p2a: Gliscor
|
|-heal|p1a: Zamazenta|18/100|[from] item: Leftovers
|upkeep
|
|t:|1779682001
|switch|p2a: Iron Moth|Iron Moth|100/100
|-damage|p2a: Iron Moth|76/100|[from] Stealth Rock
|-damage|p2a: Iron Moth|63/100|[from] Spikes
|-enditem|p2a: Iron Moth|Booster Energy
|-activate|p2a: Iron Moth|ability: Quark Drive|[fromitem]
|-start|p2a: Iron Moth|quarkdrivespe
|turn|18
|
|t:|1779682008
|move|p2a: Iron Moth|Fiery Dance|p1a: Zamazenta
|-damage|p1a: Zamazenta|0 fnt
|-boost|p2a: Iron Moth|spa|1
|faint|p1a: Zamazenta
|
|upkeep
|
|t:|1779682016
|switch|p1a: Great Tusk|Great Tusk|100/100
|-damage|p1a: Great Tusk|98/100|[from] Stealth Rock
|-enditem|p1a: Great Tusk|Booster Energy
|-activate|p1a: Great Tusk|ability: Protosynthesis|[fromitem]
|-start|p1a: Great Tusk|protosynthesisatk
|turn|19
|
|t:|1779682022
|move|p2a: Iron Moth|Fiery Dance|p1a: Great Tusk
|-damage|p1a: Great Tusk|0 fnt
|-boost|p2a: Iron Moth|spa|1
|faint|p1a: Great Tusk
|-end|p1a: Great Tusk|Protosynthesis|[silent]
|
|upkeep
|
|t:|1779682028
|switch|p1a: Iron Hands|Iron Hands|100/100
|-damage|p1a: Iron Hands|94/100|[from] Stealth Rock
|-enditem|p1a: Iron Hands|Booster Energy
|-activate|p1a: Iron Hands|ability: Quark Drive|[fromitem]
|-start|p1a: Iron Hands|quarkdriveatk
|turn|20
|
|t:|1779682034
|move|p2a: Iron Moth|Fiery Dance|p1a: Iron Hands
|-damage|p1a: Iron Hands|8/100
|-boost|p2a: Iron Moth|spa|1
|move|p1a: Iron Hands|Supercell Slam|p2a: Iron Moth
|-damage|p2a: Iron Moth|0 fnt
|faint|p2a: Iron Moth
|-end|p2a: Iron Moth|Quark Drive|[silent]
|
|upkeep
|
|t:|1779682045
|switch|p2a: Zamazenta|Zamazenta|100/100
|-damage|p2a: Zamazenta|94/100|[from] Stealth Rock
|-damage|p2a: Zamazenta|82/100|[from] Spikes
|-ability|p2a: Zamazenta|Dauntless Shield|boost
|-boost|p2a: Zamazenta|def|1
|turn|21
|-message|Darth Toran forfeited.
|
|win|amasawaichikamommy
|raw|Darth Toran's rating: 1644 &rarr; <strong>1621</strong><br />(-23 for losing)
|raw|amasawaichikamommy's rating: 1596 &rarr; <strong>1619</strong><br />(+23 for winning)
|l|☆Darth Toran
|player|p1|
|l|☆amasawaichikamommy
|player|p2|
