|j|☆BamBamp
|j|☆komodin802
|t:|1779675348
|gametype|singles
|player|p1|BamBamp|ltsurge|1224
|player|p2|komodin802|2|1185
|gen|9
|tier|[Gen 9] OU
|rated|
|rule|HP Percentage Mod: HP is shown in percentages
|rule|Endless Battle Clause: Forcing endless battles is banned
|rule|Species Clause: Limit one of each Pokémon
|rule|OHKO Clause: OHKO moves are banned
|rule|Evasion Items Clause: Evasion items are banned
|rule|Evasion Moves Clause: Evasion moves are banned
|rule|Evasion Abilities Clause: Evasion abilities are banned
|rule|Sleep Moves Clause: Sleep-inducing moves are banned
|clearpoke
|poke|p1|Iron Moth|
|poke|p1|Gliscor, M|
|poke|p1|Hatterene, F|
|poke|p1|Ogerpon-Wellspring, F|
|poke|p1|Raging Bolt|
|poke|p1|Zamazenta-*|
|poke|p2|Cinderace, F|
|poke|p2|Dragapult, M|
|poke|p2|Gliscor, F|
|poke|p2|Iron Moth|
|poke|p2|Garganacl, M|
|poke|p2|Murkrow, F|
|teampreview
|inactive|Battle timer is ON: inactive players will automatically lose when time's up. (requested by BamBamp)
|
|t:|1779675357
|teamsize|p1|6
|teamsize|p2|6
|start
|switch|p1a: Gliscor|Gliscor, M|100/100
|switch|p2a: Gliscor|Gliscor, F|100/100
|turn|1
|
|t:|1779675364
|move|p1a: Gliscor|Swords Dance|p1a: Gliscor
|-boost|p1a: Gliscor|atk|2
|move|p2a: Gliscor|Swords Dance|p2a: Gliscor
|-boost|p2a: Gliscor|atk|2
|
|-status|p1a: Gliscor|tox|[from] item: Toxic Orb
|-status|p2a: Gliscor|tox|[from] item: Toxic Orb
|upkeep
|turn|2
|
|t:|1779675378
|move|p1a: Gliscor|Facade|p2a: Gliscor
|-damage|p2a: Gliscor|42/100 tox
|move|p2a: Gliscor|Facade|p1a: Gliscor
|-damage|p1a: Gliscor|45/100 tox
|
|-heal|p1a: Gliscor|57/100 tox|[from] ability: Poison Heal
|-heal|p2a: Gliscor|54/100 tox|[from] ability: Poison Heal
|upkeep
|turn|3
|
|t:|1779675388
|move|p2a: Gliscor|Protect|p2a: Gliscor
|-singleturn|p2a: Gliscor|Protect
|move|p1a: Gliscor|Facade|p2a: Gliscor
|-activate|p2a: Gliscor|move: Protect
|
|-heal|p1a: Gliscor|69/100 tox|[from] ability: Poison Heal
|-heal|p2a: Gliscor|67/100 tox|[from] ability: Poison Heal
|upkeep
|turn|4
|
|t:|1779675398
|move|p1a: Gliscor|Swords Dance|p1a: Gliscor
|-boost|p1a: Gliscor|atk|2
|move|p2a: Gliscor|Facade|p1a: Gliscor
|-damage|p1a: Gliscor|10/100 tox
|
|-heal|p1a: Gliscor|22/100 tox|[from] ability: Poison Heal
|-heal|p2a: Gliscor|79/100 tox|[from] ability: Poison Heal
|upkeep
|turn|5
|
|t:|1779675408
|move|p1a: Gliscor|Agility|p1a: Gliscor
|-boost|p1a: Gliscor|spe|2
|move|p2a: Gliscor|Facade|p1a: Gliscor
|-damage|p1a: Gliscor|0 fnt
|faint|p1a: Gliscor
|
|-heal|p2a: Gliscor|92/100 tox|[from] ability: Poison Heal
|upkeep
|
|t:|1779675418
|switch|p1a: Ogerpon|Ogerpon-Wellspring, F|100/100
|turn|6
|
|t:|1779675423
|-terastallize|p2a: Gliscor|Normal
|move|p1a: Ogerpon|Swords Dance|p1a: Ogerpon
|-boost|p1a: Ogerpon|atk|2
|move|p2a: Gliscor|Facade|p1a: Ogerpon
|-damage|p1a: Ogerpon|0 fnt
|faint|p1a: Ogerpon
|
|-heal|p2a: Gliscor|100/100 tox|[from] ability: Poison Heal
|upkeep
|
|t:|1779675434
|switch|p1a: Zamazenta|Zamazenta|100/100
|-ability|p1a: Zamazenta|Dauntless Shield|boost
|-boost|p1a: Zamazenta|def|1
|turn|7
|
|t:|1779675440
|move|p1a: Zamazenta|Close Combat|p2a: Gliscor
|-supereffective|p2a: Gliscor
|-crit|p2a: Gliscor
|-damage|p2a: Gliscor|1/100 tox
|-unboost|p1a: Zamazenta|def|1
|-unboost|p1a: Zamazenta|spd|1
|move|p2a: Gliscor|Facade|p1a: Zamazenta
|-damage|p1a: Zamazenta|9/100
|
|-heal|p2a: Gliscor|13/100 tox|[from] ability: Poison Heal
|upkeep
|turn|8
|
|t:|1779675451
|move|p2a: Gliscor|Protect|p2a: Gliscor
|-singleturn|p2a: Gliscor|Protect
|move|p1a: Zamazenta|Close Combat|p2a: Gliscor
|-activate|p2a: Gliscor|move: Protect
|
|-heal|p2a: Gliscor|26/100 tox|[from] ability: Poison Heal
|upkeep
|turn|9
|
|t:|1779675461
|switch|p2a: Dragapult|Dragapult, M|100/100
|move|p1a: Zamazenta|Close Combat|p2a: Dragapult
|-immune|p2a: Dragapult
|
|upkeep
|turn|10
|
|t:|1779675468
|move|p1a: Zamazenta|Ice Fang|p2a: Dragapult
|-supereffective|p2a: Dragapult
|-damage|p2a: Dragapult|51/100
|-status|p2a: Dragapult|frz
|cant|p2a: Dragapult|frz
|
|upkeep
|turn|11
|
|t:|1779675491
|move|p1a: Zamazenta|Reflect|p1a: Zamazenta
|-sidestart|p1: BamBamp|Reflect
|cant|p2a: Dragapult|frz
|
|upkeep
|turn|12
|
|t:|1779675496
|move|p1a: Zamazenta|Light Screen|p1a: Zamazenta
|-sidestart|p1: BamBamp|move: Light Screen
|cant|p2a: Dragapult|frz
|
|upkeep
|turn|13
|
|t:|1779675501
|move|p1a: Zamazenta|Ice Fang|p2a: Dragapult
|-supereffective|p2a: Dragapult
|-damage|p2a: Dragapult|0 fnt
|faint|p2a: Dragapult
|
|upkeep
|
|t:|1779675507
|switch|p2a: Iron Moth|Iron Moth|100/100
|turn|14
|
|t:|1779675511
|move|p1a: Zamazenta|Ice Fang|p2a: Iron Moth|[miss]
|-miss|p1a: Zamazenta|p2a: Iron Moth
|move|p2a: Iron Moth|Fiery Dance|p1a: Zamazenta
|-damage|p1a: Zamazenta|0 fnt
|faint|p1a: Zamazenta
|
|upkeep
|
|t:|1779675530
|switch|p1a: Raging Bolt|Raging Bolt|100/100
|-enditem|p1a: Raging Bolt|Booster Energy
|-activate|p1a: Raging Bolt|ability: Protosynthesis|[fromitem]
|-start|p1a: Raging Bolt|protosynthesisspa
|turn|15
|
|t:|1779675536
|-end|p2a: Iron Moth|Quark Drive|[silent]
|switch|p2a: Gliscor|Gliscor, F, tera:Normal|26/100 tox
|move|p1a: Raging Bolt|Calm Mind|p1a: Raging Bolt
|-boost|p1a: Raging Bolt|spa|1
|-boost|p1a: Raging Bolt|spd|1
|
|-heal|p2a: Gliscor|38/100 tox|[from] ability: Poison Heal
|upkeep
|turn|16
|inactive|BamBamp has 120 seconds left.
|
|t:|1779675570
|move|p1a: Raging Bolt|Dragon Pulse|p2a: Gliscor
|-damage|p2a: Gliscor|0 fnt
|faint|p2a: Gliscor
|
|upkeep
|
|t:|1779675576
|switch|p2a: Murkrow|Murkrow, F|100/100
|turn|17
|
|t:|1779675580
|move|p2a: Murkrow|Haze|p2a: Murkrow
|-clearallboost
|move|p1a: Raging Bolt|Thunderbolt|p2a: Murkrow
|-supereffective|p2a: Murkrow
|-damage|p2a: Murkrow|0 fnt
|faint|p2a: Murkrow
|
|upkeep
|
|t:|1779675590
|switch|p2a: Cinderace|Cinderace, F|100/100
|turn|18
|
|t:|1779675601
|move|p1a: Raging Bolt|Thunderclap||[still]
|-fail|p1a: Raging Bolt
|move|p2a: Cinderace|Court Change|p2a: Cinderace
|-start|p2a: Cinderace|typechange|Normal|[from] ability: Libero
|-swapsideconditions
|-activate|p2a: Cinderace|move: Court Change
|
|-sideend|p2: komodin802|Reflect
|upkeep
|turn|19
|
|t:|1779675618
|move|p1a: Raging Bolt|Thunderclap|p2a: Cinderace
|-damage|p2a: Cinderace|65/100
|move|p2a: Cinderace|Gunk Shot|p1a: Raging Bolt
|-damage|p1a: Raging Bolt|61/100
|
|-sideend|p2: komodin802|move: Light Screen
|upkeep
|turn|20
|
|t:|1779675628
|move|p1a: Raging Bolt|Thunderclap|p2a: Cinderace
|-damage|p2a: Cinderace|0 fnt
|faint|p2a: Cinderace
|
|upkeep
|
|t:|1779675634
|switch|p2a: Garganacl|Garganacl, M|100/100
|turn|21
|
|t:|1779675645
|move|p1a: Raging Bolt|Thunderclap|p2a: Garganacl
|-damage|p2a: Garganacl|56/100
|move|p2a: Garganacl|Salt Cure|p1a: Raging Bolt
|-damage|p1a: Raging Bolt|48/100
|-start|p1a: Raging Bolt|Salt Cure
|
|-heal|p2a: Garganacl|62/100|[from] item: Leftovers
|-damage|p1a: Raging Bolt|35/100|[from] Salt Cure
|upkeep
|turn|22
|
|t:|1779675655
|move|p1a: Raging Bolt|Thunderbolt|p2a: Garganacl
|-damage|p2a: Garganacl|3/100
|move|p2a: Garganacl|Recover|p2a: Garganacl
|-heal|p2a: Garganacl|53/100
|
|-heal|p2a: Garganacl|59/100|[from] item: Leftovers
|-damage|p1a: Raging Bolt|23/100|[from] Salt Cure
|upkeep
|turn|23
|
|t:|1779675665
|move|p2a: Garganacl|Protect|p2a: Garganacl
|-singleturn|p2a: Garganacl|Protect
|move|p1a: Raging Bolt|Thunderbolt|p2a: Garganacl
|-activate|p2a: Garganacl|move: Protect
|
|-heal|p2a: Garganacl|65/100|[from] item: Leftovers
|-damage|p1a: Raging Bolt|11/100|[from] Salt Cure
|upkeep
|turn|24
|
|t:|1779675675
|move|p1a: Raging Bolt|Thunderbolt|p2a: Garganacl
|-damage|p2a: Garganacl|9/100
|move|p2a: Garganacl|Recover|p2a: Garganacl
|-heal|p2a: Garganacl|59/100
|
|-heal|p2a: Garganacl|65/100|[from] item: Leftovers
|-damage|p1a: Raging Bolt|0 fnt|[from] Salt Cure
|faint|p1a: Raging Bolt
|-end|p1a: Raging Bolt|Protosynthesis|[silent]
|upkeep
|
|t:|1779675689
|switch|p1a: Hatterene|Hatterene, F|100/100
|turn|25
|
|t:|1779675700
|move|p2a: Garganacl|Salt Cure|p1a: Hatterene
|-damage|p1a: Hatterene|89/100
|-start|p1a: Hatterene|Salt Cure
|move|p1a: Hatterene|Mystical Fire|p2a: Garganacl
|-resisted|p2a: Garganacl
|-damage|p2a: Garganacl|56/100
|-unboost|p2a: Garganacl|spa|1
|
|-heal|p2a: Garganacl|62/100|[from] item: Leftovers
|-heal|p1a: Hatterene|95/100|[from] item: Leftovers
|-damage|p1a: Hatterene|83/100|[from] Salt Cure
|upkeep
|turn|26
|
|t:|1779675713
|switch|p1a: Iron Moth|Iron Moth|100/100
|-enditem|p1a: Iron Moth|Booster Energy
|-activate|p1a: Iron Moth|ability: Quark Drive|[fromitem]
|-start|p1a: Iron Moth|quarkdrivespe
|move|p2a: Garganacl|Recover|p2a: Garganacl
|-heal|p2a: Garganacl|100/100
|
|upkeep
|turn|27
|
|t:|1779675733
|move|p1a: Iron Moth|Fiery Dance|p2a: Garganacl
|-resisted|p2a: Garganacl
|-damage|p2a: Garganacl|84/100
|move|p2a: Garganacl|Salt Cure|p1a: Iron Moth
|-supereffective|p1a: Iron Moth
|-damage|p1a: Iron Moth|57/100
|-start|p1a: Iron Moth|Salt Cure
|
|-heal|p2a: Garganacl|90/100|[from] item: Leftovers
|-damage|p1a: Iron Moth|45/100|[from] Salt Cure
|upkeep
|turn|28
|-message|BamBamp forfeited.
|
|win|komodin802
|raw|BamBamp's rating: 1224 &rarr; <strong>1196</strong><br />(-28 for losing)
|raw|komodin802's rating: 1185 &rarr; <strong>1213</strong><br />(+28 for winning)
|l|☆BamBamp
|player|p1|
|l|☆komodin802
|player|p2|
