|j|☆Ai Turo Larping
|j|☆CJay1160
|t:|1779672542
|gametype|singles
|player|p1|Ai Turo Larping|chuck|1127
|player|p2|CJay1160|266|1087
|gen|9
|tier|[Gen 9] OU
|rated|
|rule|HP Percentage Mod: HP is shown in percentages
|rule|Endless Battle Clause: Forcing endless battles is banned
|rule|Species Clause: Limit one of each Pokémon
|rule|OHKO Clause: OHKO moves are banned
|rule|Evasion Items Clause: Evasion items are banned
|rule|Evasion Moves Clause: Evasion moves are banned
|rule|Evasion Abilities Clause: Evasion abilities are banned
|rule|Sleep Moves Clause: Sleep-inducing moves are banned
|clearpoke
|poke|p1|Iron Moth|
|poke|p1|Delibird, M|
|poke|p1|Iron Hands|
|poke|p1|Iron Jugulis|
|poke|p1|Iron Thorns|
|poke|p1|Iron Valiant|
|poke|p2|Glimmora, F|
|poke|p2|Dragonite, M|
|poke|p2|Kingambit, F|
|poke|p2|Rotom-Wash|
|poke|p2|Iron Valiant|
|poke|p2|Ogerpon-Wellspring, F|
|teampreview
|
|t:|1779672548
|teamsize|p1|6
|teamsize|p2|6
|start
|switch|p1a: iron bundle?|Delibird, M|100/100
|switch|p2a: Glimmora|Glimmora, F|100/100
|turn|1
|
|t:|1779672555
|move|p2a: Glimmora|Power Gem|p1a: iron bundle?
|-supereffective|p1a: iron bundle?
|-enditem|p1a: iron bundle?|Focus Sash
|-damage|p1a: iron bundle?|1/100
|move|p1a: iron bundle?|Spikes|p2a: Glimmora
|-sidestart|p2: CJay1160|Spikes
|
|upkeep
|turn|2
|
|t:|1779672563
|move|p2a: Glimmora|Mortal Spin|p1a: iron bundle?
|-damage|p1a: iron bundle?|0 fnt
|-sideend|p2: CJay1160|Spikes|[from] move: Mortal Spin|[of] p2a: Glimmora
|faint|p1a: iron bundle?
|
|upkeep
|
|t:|1779672571
|switch|p1a: Iron Thorns|Iron Thorns|100/100
|-enditem|p1a: Iron Thorns|Booster Energy
|-activate|p1a: Iron Thorns|ability: Quark Drive|[fromitem]
|-start|p1a: Iron Thorns|quarkdriveatk
|turn|3
|
|t:|1779672582
|move|p2a: Glimmora|Earth Power|p1a: Iron Thorns
|-supereffective|p1a: Iron Thorns
|-damage|p1a: Iron Thorns|0 fnt
|faint|p1a: Iron Thorns
|-end|p1a: Iron Thorns|Quark Drive|[silent]
|
|upkeep
|
|t:|1779672584
|switch|p1a: Iron Jugulis|Iron Jugulis|100/100
|-enditem|p1a: Iron Jugulis|Booster Energy
|-activate|p1a: Iron Jugulis|ability: Quark Drive|[fromitem]
|-start|p1a: Iron Jugulis|quarkdrivespe
|turn|4
|
|t:|1779672594
|move|p1a: Iron Jugulis|Knock Off|p2a: Glimmora
|-damage|p2a: Glimmora|53/100
|-activate|p2a: Glimmora|ability: Toxic Debris
|-sidestart|p1: Ai Turo Larping|move: Toxic Spikes
|-enditem|p2a: Glimmora|Focus Sash|[from] move: Knock Off|[of] p1a: Iron Jugulis
|move|p2a: Glimmora|Power Gem|p1a: Iron Jugulis
|-supereffective|p1a: Iron Jugulis
|-crit|p1a: Iron Jugulis
|-damage|p1a: Iron Jugulis|0 fnt
|faint|p1a: Iron Jugulis
|-end|p1a: Iron Jugulis|Quark Drive|[silent]
|
|upkeep
|
|t:|1779672601
|switch|p1a: Iron Moth|Iron Moth|100/100
|-sideend|p1: Ai Turo Larping|move: Toxic Spikes|[of] p1a: Iron Moth
|-enditem|p1a: Iron Moth|Booster Energy
|-activate|p1a: Iron Moth|ability: Quark Drive|[fromitem]
|-start|p1a: Iron Moth|quarkdrivespe
|turn|5
|
|t:|1779672610
|-terastallize|p1a: Iron Moth|Grass
|-terastallize|p2a: Glimmora|Ghost
|move|p1a: Iron Moth|Fiery Dance|p2a: Glimmora
|-damage|p2a: Glimmora|2/100
|-boost|p1a: Iron Moth|spa|1
|move|p2a: Glimmora|Earth Power|p1a: Iron Moth
|-resisted|p1a: Iron Moth
|-damage|p1a: Iron Moth|86/100
|-unboost|p1a: Iron Moth|spd|1
|
|upkeep
|turn|6
|
|t:|1779672622
|move|p1a: Iron Moth|Fiery Dance|p2a: Glimmora
|-damage|p2a: Glimmora|0 fnt
|-boost|p1a: Iron Moth|spa|1
|faint|p2a: Glimmora
|
|upkeep
|
|t:|1779672637
|switch|p2a: Dragonite|Dragonite, M|100/100
|turn|7
|
|t:|1779672641
|move|p1a: Iron Moth|Sludge Wave|p2a: Dragonite
|-damage|p2a: Dragonite|51/100
|move|p2a: Dragonite|Fire Punch|p1a: Iron Moth
|-supereffective|p1a: Iron Moth
|-damage|p1a: Iron Moth|0 fnt
|faint|p1a: Iron Moth
|-end|p1a: Iron Moth|Quark Drive|[silent]
|
|upkeep
|
|t:|1779672647
|switch|p1a: Iron Valiant|Iron Valiant|100/100
|-enditem|p1a: Iron Valiant|Booster Energy
|-activate|p1a: Iron Valiant|ability: Quark Drive|[fromitem]
|-start|p1a: Iron Valiant|quarkdrivespe
|turn|8
|
|t:|1779672664
|move|p1a: Iron Valiant|Swords Dance|p1a: Iron Valiant
|-boost|p1a: Iron Valiant|atk|2
|move|p2a: Dragonite|Earthquake|p1a: Iron Valiant
|-damage|p1a: Iron Valiant|52/100
|
|upkeep
|turn|9
|
|t:|1779672671
|move|p2a: Dragonite|Extreme Speed|p1a: Iron Valiant
|-damage|p1a: Iron Valiant|12/100
|move|p1a: Iron Valiant|Moonblast|p2a: Dragonite
|-supereffective|p2a: Dragonite
|-crit|p2a: Dragonite
|-damage|p2a: Dragonite|0 fnt
|faint|p2a: Dragonite
|
|upkeep
|
|t:|1779672679
|switch|p2a: Iron Valiant|Iron Valiant|100/100
|-enditem|p2a: Iron Valiant|Booster Energy
|-activate|p2a: Iron Valiant|ability: Quark Drive|[fromitem]
|-start|p2a: Iron Valiant|quarkdrivespe
|turn|10
|
|t:|1779672688
|move|p2a: Iron Valiant|Moonblast|p1a: Iron Valiant
|-supereffective|p1a: Iron Valiant
|-damage|p1a: Iron Valiant|0 fnt
|faint|p1a: Iron Valiant
|-end|p1a: Iron Valiant|Quark Drive|[silent]
|
|upkeep
|
|t:|1779672690
|switch|p1a: Iron Hands|Iron Hands|100/100
|turn|11
|
|t:|1779672695
|move|p2a: Iron Valiant|Moonblast|p1a: Iron Hands
|-supereffective|p1a: Iron Hands
|-damage|p1a: Iron Hands|24/100
|move|p1a: Iron Hands|Wild Charge|p2a: Iron Valiant
|-damage|p2a: Iron Valiant|44/100
|-damage|p1a: Iron Hands|15/100|[from] Recoil
|
|-heal|p1a: Iron Hands|21/100|[from] item: Leftovers
|upkeep
|turn|12
|
|t:|1779672703
|move|p2a: Iron Valiant|Moonblast|p1a: Iron Hands
|-supereffective|p1a: Iron Hands
|-crit|p1a: Iron Hands
|-damage|p1a: Iron Hands|0 fnt
|faint|p1a: Iron Hands
|-end|p1a: Iron Hands|Quark Drive|[silent]
|
|win|CJay1160
|raw|Ai Turo Larping's rating: 1127 &rarr; <strong>1099</strong><br />(-28 for losing)
|raw|CJay1160's rating: 1087 &rarr; <strong>1117</strong><br />(+30 for winning)
|l|☆Ai Turo Larping
|player|p1|
