|j|☆huuueehueeek
|j|☆Lourekas
|t:|1779579495
|gametype|singles
|player|p1|huuueehueeek|steven|1000
|player|p2|Lourekas|265|1031
|gen|9
|tier|[Gen 9] OU
|rated|
|rule|HP Percentage Mod: HP is shown in percentages
|rule|Endless Battle Clause: Forcing endless battles is banned
|rule|Species Clause: Limit one of each Pokémon
|rule|OHKO Clause: OHKO moves are banned
|rule|Evasion Items Clause: Evasion items are banned
|rule|Evasion Moves Clause: Evasion moves are banned
|rule|Evasion Abilities Clause: Evasion abilities are banned
|rule|Sleep Moves Clause: Sleep-inducing moves are banned
|clearpoke
|poke|p1|Suicune|
|poke|p1|Dragonite, M|
|poke|p1|Cinderace, M|
|poke|p1|Zamazenta-*|
|poke|p1|Latias, F|
|poke|p1|Pecharunt|
|poke|p2|Forretress, F|
|poke|p2|Pecharunt|
|poke|p2|Dragalge, F|
|poke|p2|Ursaluna, M|
|poke|p2|Hatterene, F|
|poke|p2|Gardevoir, M|
|teampreview
|inactive|Battle timer is ON: inactive players will automatically lose when time's up. (requested by huuueehueeek)
|
|t:|1779579505
|teamsize|p1|6
|teamsize|p2|6
|start
|switch|p1a: Cinderace|Cinderace, M|100/100
|switch|p2a: Forretress|Forretress, F|100/100
|turn|1
|
|t:|1779579516
|move|p1a: Cinderace|Pyro Ball|p2a: Forretress
|-supereffective|p2a: Forretress
|-ability|p2a: Forretress|Sturdy
|-damage|p2a: Forretress|1/100
|move|p2a: Forretress|Stealth Rock|p1a: Cinderace
|-sidestart|p1: huuueehueeek|move: Stealth Rock
|
|-heal|p2a: Forretress|7/100|[from] item: Leftovers
|upkeep
|turn|2
|
|t:|1779579522
|move|p1a: Cinderace|Court Change|p1a: Cinderace
|-start|p1a: Cinderace|typechange|Normal|[from] ability: Libero
|-swapsideconditions
|-activate|p1a: Cinderace|move: Court Change
|move|p2a: Forretress|Toxic Spikes|p1a: Cinderace
|-sidestart|p1: huuueehueeek|move: Toxic Spikes
|
|-heal|p2a: Forretress|13/100|[from] item: Leftovers
|upkeep
|turn|3
|
|t:|1779579531
|move|p1a: Cinderace|Pyro Ball|p2a: Forretress
|-supereffective|p2a: Forretress
|-damage|p2a: Forretress|0 fnt
|faint|p2a: Forretress
|
|upkeep
|
|t:|1779579538
|switch|p2a: Hatterene|Hatterene, F|100/100
|-damage|p2a: Hatterene|88/100|[from] Stealth Rock
|turn|4
|
|t:|1779579550
|move|p1a: Cinderace|U-turn|p2a: Hatterene
|-damage|p2a: Hatterene|57/100
|
|t:|1779579553
|switch|p1a: Pecharunt|Pecharunt|100/100|[from] U-turn
|-sideend|p1: huuueehueeek|move: Toxic Spikes|[of] p1a: Pecharunt
|move|p2a: Hatterene|Trick Room|p2a: Hatterene
|-fieldstart|move: Trick Room|[of] p2a: Hatterene
|
|upkeep
|turn|5
|
|t:|1779579565
|switch|p1a: Suicune|Suicune, shiny|100/100
|-ability|p1a: Suicune|Pressure
|move|p2a: Hatterene|Dark Pulse|p1a: Suicune
|-damage|p1a: Suicune|79/100
|
|-heal|p1a: Suicune|85/100|[from] item: Leftovers
|upkeep
|turn|6
|
|t:|1779579572
|switch|p2a: Ursaluna|Ursaluna, M|100/100
|-damage|p2a: Ursaluna|94/100|[from] Stealth Rock
|move|p1a: Suicune|Calm Mind|p1a: Suicune
|-boost|p1a: Suicune|spa|1
|-boost|p1a: Suicune|spd|1
|
|-heal|p1a: Suicune|92/100|[from] item: Leftovers
|-status|p2a: Ursaluna|brn|[from] item: Flame Orb
|upkeep
|turn|7
|
|t:|1779579576
|move|p2a: Ursaluna|Swords Dance|p2a: Ursaluna
|-boost|p2a: Ursaluna|atk|2
|move|p1a: Suicune|Scald|p2a: Ursaluna
|-supereffective|p2a: Ursaluna
|-damage|p2a: Ursaluna|29/100 brn
|
|-heal|p1a: Suicune|98/100|[from] item: Leftovers
|-damage|p2a: Ursaluna|23/100 brn|[from] brn
|upkeep
|turn|8
|
|t:|1779579584
|switch|p1a: Pecharunt|Pecharunt|100/100
|move|p2a: Ursaluna|Facade|p1a: Pecharunt
|-immune|p1a: Pecharunt
|
|-damage|p2a: Ursaluna|17/100 brn|[from] brn
|-fieldend|move: Trick Room
|upkeep
|turn|9
|
|t:|1779579590
|move|p1a: Pecharunt|Malignant Chain|p2a: Ursaluna
|-resisted|p2a: Ursaluna
|-damage|p2a: Ursaluna|3/100 brn
|move|p2a: Ursaluna|Earthquake|p1a: Pecharunt
|-supereffective|p1a: Pecharunt
|-damage|p1a: Pecharunt|0 fnt
|faint|p1a: Pecharunt
|
|-damage|p2a: Ursaluna|0 fnt|[from] brn
|faint|p2a: Ursaluna
|upkeep
|
|t:|1779579612
|switch|p1a: Cinderace|Cinderace, M|100/100
|switch|p2a: Gardevoir|Gardevoir, M|100/100
|-damage|p2a: Gardevoir|88/100|[from] Stealth Rock
|-ability|p2a: Gardevoir|Libero|Trace|[from] ability: Trace|[of] p1a: Cinderace
|turn|10
|inactive|huuueehueeek has 120 seconds left.
|
|t:|1779579666
|move|p1a: Cinderace|Pyro Ball|p2a: Gardevoir
|-damage|p2a: Gardevoir|0 fnt
|faint|p2a: Gardevoir
|
|upkeep
|
|t:|1779579672
|switch|p2a: Pecharunt|Pecharunt|100/100
|-damage|p2a: Pecharunt|88/100|[from] Stealth Rock
|turn|11
|
|t:|1779579681
|move|p1a: Cinderace|Pyro Ball|p2a: Pecharunt
|-damage|p2a: Pecharunt|62/100
|move|p2a: Pecharunt|Toxic|p1a: Cinderace
|-status|p1a: Cinderace|tox
|-start|p1a: Cinderace|confusion|[from] ability: Poison Puppeteer|[of] p2a: Pecharunt
|
|-heal|p2a: Pecharunt|68/100|[from] item: Leftovers
|-damage|p1a: Cinderace|95/100 tox|[from] psn
|upkeep
|turn|12
|
|t:|1779579693
|-activate|p1a: Cinderace|confusion
|move|p1a: Cinderace|U-turn|p2a: Pecharunt
|-start|p1a: Cinderace|typechange|Bug|[from] ability: Libero
|-resisted|p2a: Pecharunt
|-damage|p2a: Pecharunt|64/100
|
|t:|1779579695
|switch|p1a: Suicune|Suicune, shiny|98/100|[from] U-turn
|-ability|p1a: Suicune|Pressure
|move|p2a: Pecharunt|Recover|p2a: Pecharunt
|-heal|p2a: Pecharunt|100/100
|
|-heal|p1a: Suicune|100/100|[from] item: Leftovers
|upkeep
|turn|13
|
|t:|1779579700
|move|p2a: Pecharunt|Toxic|p1a: Suicune
|-status|p1a: Suicune|tox
|-start|p1a: Suicune|confusion|[from] ability: Poison Puppeteer|[of] p2a: Pecharunt
|-activate|p1a: Suicune|confusion
|-damage|p1a: Suicune|98/100 tox|[from] confusion
|
|-heal|p1a: Suicune|100/100 tox|[from] item: Leftovers
|-damage|p1a: Suicune|94/100 tox|[from] psn
|upkeep
|turn|14
|
|t:|1779579714
|move|p2a: Pecharunt|Substitute|p2a: Pecharunt
|-start|p2a: Pecharunt|Substitute
|-damage|p2a: Pecharunt|75/100
|-activate|p1a: Suicune|confusion
|move|p1a: Suicune|Calm Mind|p1a: Suicune
|-boost|p1a: Suicune|spa|1
|-boost|p1a: Suicune|spd|1
|
|-heal|p2a: Pecharunt|82/100|[from] item: Leftovers
|-heal|p1a: Suicune|100/100 tox|[from] item: Leftovers
|-damage|p1a: Suicune|88/100 tox|[from] psn
|upkeep
|turn|15
|
|t:|1779579719
|move|p2a: Pecharunt|Hex|p1a: Suicune
|-damage|p1a: Suicune|67/100 tox
|-activate|p1a: Suicune|confusion
|-damage|p1a: Suicune|63/100 tox|[from] confusion
|
|-heal|p2a: Pecharunt|88/100|[from] item: Leftovers
|-heal|p1a: Suicune|69/100 tox|[from] item: Leftovers
|-damage|p1a: Suicune|51/100 tox|[from] psn
|upkeep
|turn|16
|
|t:|1779579729
|move|p2a: Pecharunt|Recover|p2a: Pecharunt
|-heal|p2a: Pecharunt|100/100
|-activate|p1a: Suicune|confusion
|move|p1a: Suicune|Rest|p1a: Suicune
|-status|p1a: Suicune|slp|[from] move: Rest
|-heal|p1a: Suicune|100/100 slp|[silent]
|
|upkeep
|turn|17
|
|t:|1779579734
|move|p2a: Pecharunt|Toxic||[still]
|-fail|p2a: Pecharunt
|cant|p1a: Suicune|slp
|-end|p1a: Suicune|confusion
|move|p1a: Suicune|Sleep Talk|p1a: Suicune
|move|p1a: Suicune|Rest||[from] move: Sleep Talk|[still]
|-fail|p1a: Suicune
|
|upkeep
|turn|18
|
|t:|1779579741
|move|p2a: Pecharunt|Hex|p1a: Suicune
|-damage|p1a: Suicune|81/100 slp
|cant|p1a: Suicune|slp
|move|p1a: Suicune|Sleep Talk|p1a: Suicune
|move|p1a: Suicune|Calm Mind|p1a: Suicune|[from] move: Sleep Talk
|-boost|p1a: Suicune|spa|1
|-boost|p1a: Suicune|spd|1
|
|-heal|p1a: Suicune|87/100 slp|[from] item: Leftovers
|upkeep
|turn|19
|
|t:|1779579744
|move|p2a: Pecharunt|Toxic||[still]
|-fail|p2a: Pecharunt
|-curestatus|p1a: Suicune|slp|[msg]
|move|p1a: Suicune|Calm Mind|p1a: Suicune
|-boost|p1a: Suicune|spa|1
|-boost|p1a: Suicune|spd|1
|
|-heal|p1a: Suicune|94/100|[from] item: Leftovers
|upkeep
|turn|20
|
|t:|1779579748
|move|p2a: Pecharunt|Toxic|p1a: Suicune
|-status|p1a: Suicune|tox
|-start|p1a: Suicune|confusion|[from] ability: Poison Puppeteer|[of] p2a: Pecharunt
|-activate|p1a: Suicune|confusion
|move|p1a: Suicune|Calm Mind|p1a: Suicune
|-boost|p1a: Suicune|spa|1
|-boost|p1a: Suicune|spd|1
|
|-heal|p1a: Suicune|99/100 tox|[from] item: Leftovers
|-damage|p1a: Suicune|94/100 tox|[from] psn
|upkeep
|turn|21
|
|t:|1779579751
|move|p2a: Pecharunt|Hex|p1a: Suicune
|-damage|p1a: Suicune|83/100 tox
|-activate|p1a: Suicune|confusion
|-damage|p1a: Suicune|80/100 tox|[from] confusion
|
|-heal|p1a: Suicune|86/100 tox|[from] item: Leftovers
|-damage|p1a: Suicune|74/100 tox|[from] psn
|upkeep
|turn|22
|
|t:|1779579754
|move|p2a: Pecharunt|Hex|p1a: Suicune
|-damage|p1a: Suicune|64/100 tox
|-activate|p1a: Suicune|confusion
|move|p1a: Suicune|Rest|p1a: Suicune
|-status|p1a: Suicune|slp|[from] move: Rest
|-heal|p1a: Suicune|100/100 slp|[silent]
|
|upkeep
|turn|23
|
|t:|1779579759
|move|p2a: Pecharunt|Hex|p1a: Suicune
|-damage|p1a: Suicune|91/100 slp
|cant|p1a: Suicune|slp
|-activate|p1a: Suicune|confusion
|-damage|p1a: Suicune|87/100 slp|[from] confusion
|
|-heal|p1a: Suicune|94/100 slp|[from] item: Leftovers
|upkeep
|turn|24
|
|t:|1779579765
|move|p2a: Pecharunt|Hex|p1a: Suicune
|-damage|p1a: Suicune|84/100 slp
|cant|p1a: Suicune|slp
|-end|p1a: Suicune|confusion
|move|p1a: Suicune|Sleep Talk|p1a: Suicune
|move|p1a: Suicune|Calm Mind|p1a: Suicune|[from] move: Sleep Talk
|-boost|p1a: Suicune|spa|1
|-boost|p1a: Suicune|spd|1
|
|-heal|p1a: Suicune|90/100 slp|[from] item: Leftovers
|upkeep
|turn|25
|
|t:|1779579769
|move|p2a: Pecharunt|Hex|p1a: Suicune
|-damage|p1a: Suicune|82/100 slp
|-curestatus|p1a: Suicune|slp|[msg]
|move|p1a: Suicune|Scald|p2a: Pecharunt
|-end|p2a: Pecharunt|Substitute
|
|-heal|p1a: Suicune|88/100|[from] item: Leftovers
|upkeep
|turn|26
|
|t:|1779579773
|move|p2a: Pecharunt|Toxic|p1a: Suicune
|-status|p1a: Suicune|tox
|-start|p1a: Suicune|confusion|[from] ability: Poison Puppeteer|[of] p2a: Pecharunt
|-activate|p1a: Suicune|confusion
|move|p1a: Suicune|Scald|p2a: Pecharunt
|-crit|p2a: Pecharunt
|-damage|p2a: Pecharunt|0 fnt
|faint|p2a: Pecharunt
|
|-heal|p1a: Suicune|94/100 tox|[from] item: Leftovers
|-damage|p1a: Suicune|88/100 tox|[from] psn
|upkeep
|
|t:|1779579778
|switch|p2a: Hatterene|Hatterene, F|57/100
|-damage|p2a: Hatterene|44/100|[from] Stealth Rock
|turn|27
|
|t:|1779579781
|-activate|p1a: Suicune|confusion
|move|p1a: Suicune|Scald|p2a: Hatterene
|-damage|p2a: Hatterene|0 fnt
|faint|p2a: Hatterene
|
|-heal|p1a: Suicune|94/100 tox|[from] item: Leftovers
|-damage|p1a: Suicune|82/100 tox|[from] psn
|upkeep
|
|t:|1779579785
|switch|p2a: Dragalge|Dragalge, F|100/100
|-damage|p2a: Dragalge|88/100|[from] Stealth Rock
|turn|28
|
|t:|1779579790
|-activate|p1a: Suicune|confusion
|move|p1a: Suicune|Rest|p1a: Suicune
|-status|p1a: Suicune|slp|[from] move: Rest
|-heal|p1a: Suicune|100/100 slp|[silent]
|move|p2a: Dragalge|Thunder|p1a: Suicune
|-supereffective|p1a: Suicune
|-damage|p1a: Suicune|85/100 slp
|
|-heal|p1a: Suicune|91/100 slp|[from] item: Leftovers
|-heal|p2a: Dragalge|94/100|[from] item: Leftovers
|upkeep
|turn|29
|
|t:|1779579795
|cant|p1a: Suicune|slp
|-end|p1a: Suicune|confusion
|move|p1a: Suicune|Sleep Talk|p1a: Suicune
|move|p1a: Suicune|Scald|p2a: Dragalge|[from] move: Sleep Talk
|-resisted|p2a: Dragalge
|-damage|p2a: Dragalge|54/100
|move|p2a: Dragalge|Thunder|p1a: Suicune|[miss]
|-miss|p2a: Dragalge|p1a: Suicune
|
|-heal|p1a: Suicune|97/100 slp|[from] item: Leftovers
|-heal|p2a: Dragalge|60/100|[from] item: Leftovers
|upkeep
|turn|30
|-message|Lourekas forfeited.
|
|win|huuueehueeek
|raw|huuueehueeek's rating: 1000 &rarr; <strong>1044</strong><br />(+44 for winning)
|raw|Lourekas's rating: 1031 &rarr; <strong>1015</strong><br />(-16 for losing)
|l|☆Lourekas
|player|p2|
