|j|☆ytggu
|j|☆OP Earthquakes
|t:|1779664509
|gametype|singles
|player|p1|ytggu|265|1685
|player|p2|OP Earthquakes|giovanni-masters|1717
|gen|9
|tier|[Gen 9] OU
|rated|
|rule|HP Percentage Mod: HP is shown in percentages
|rule|Endless Battle Clause: Forcing endless battles is banned
|rule|Species Clause: Limit one of each Pokémon
|rule|OHKO Clause: OHKO moves are banned
|rule|Evasion Items Clause: Evasion items are banned
|rule|Evasion Moves Clause: Evasion moves are banned
|rule|Evasion Abilities Clause: Evasion abilities are banned
|rule|Sleep Moves Clause: Sleep-inducing moves are banned
|clearpoke
|poke|p1|Tyranitar, F|
|poke|p1|Samurott-Hisui, M|
|poke|p1|Rillaboom, F|
|poke|p1|Slowking-Galar, F|
|poke|p1|Excadrill, F|
|poke|p1|Pawmot, M|
|poke|p2|Tyranitar, M|
|poke|p2|Pawmot, F|
|poke|p2|Kyurem|
|poke|p2|Excadrill, M|
|poke|p2|Hawlucha, M|
|poke|p2|Pelipper, F|
|teampreview
|inactive|Battle timer is ON: inactive players will automatically lose when time's up. (requested by OP Earthquakes)
|c|☆OP Earthquakes|thats a real team
|
|t:|1779664527
|teamsize|p1|6
|teamsize|p2|6
|start
|switch|p1a: Rillaboom|Rillaboom, F|100/100
|switch|p2a: Toshiro|Kyurem, shiny|100/100
|-ability|p2a: Toshiro|Pressure
|-fieldstart|move: Grassy Terrain|[from] ability: Grassy Surge|[of] p1a: Rillaboom
|turn|1
|
|t:|1779664534
|switch|p1a: Tyranitar|Tyranitar, F|100/100
|-weather|Sandstorm|[from] ability: Sand Stream|[of] p1a: Tyranitar
|move|p2a: Toshiro|Earth Power|p1a: Tyranitar
|-supereffective|p1a: Tyranitar
|-damage|p1a: Tyranitar|69/100
|
|-weather|Sandstorm|[upkeep]
|-damage|p2a: Toshiro|94/100|[from] Sandstorm
|-heal|p2a: Toshiro|100/100|[from] Grassy Terrain
|-heal|p1a: Tyranitar|75/100|[from] Grassy Terrain
|upkeep
|turn|2
|
|t:|1779664545
|move|p2a: Toshiro|Earth Power|p1a: Tyranitar
|-supereffective|p1a: Tyranitar
|-damage|p1a: Tyranitar|41/100
|move|p1a: Tyranitar|Knock Off|p2a: Toshiro
|-damage|p2a: Toshiro|61/100
|-enditem|p2a: Toshiro|Expert Belt|[from] move: Knock Off|[of] p1a: Tyranitar
|
|-weather|Sandstorm|[upkeep]
|-damage|p2a: Toshiro|55/100|[from] Sandstorm
|-heal|p2a: Toshiro|61/100|[from] Grassy Terrain
|-heal|p1a: Tyranitar|48/100|[from] Grassy Terrain
|upkeep
|turn|3
|
|t:|1779664552
|move|p2a: Toshiro|Earth Power|p1a: Tyranitar
|-supereffective|p1a: Tyranitar
|-damage|p1a: Tyranitar|19/100
|move|p1a: Tyranitar|Power Gem|p2a: Toshiro
|-supereffective|p2a: Toshiro
|-damage|p2a: Toshiro|0 fnt
|faint|p2a: Toshiro
|
|-weather|Sandstorm|[upkeep]
|-heal|p1a: Tyranitar|25/100|[from] Grassy Terrain
|upkeep
|
|t:|1779664562
|switch|p2a: Porunga|Pawmot, F|100/100
|turn|4
|
|t:|1779664569
|switch|p1a: Slowking|Slowking-Galar, F|100/100
|move|p2a: Porunga|Revival Blessing|p2a: Porunga
|-enditem|p2a: Porunga|Leppa Berry|[eat]
|-activate|p2a: Porunga|item: Leppa Berry|Revival Blessing|[consumed]
|
|t:|1779664571
|-heal|p2: Toshiro|50/100|[from] move: Revival Blessing
|
|-weather|Sandstorm|[upkeep]
|-damage|p2a: Porunga|94/100|[from] Sandstorm
|-damage|p1a: Slowking|94/100|[from] Sandstorm
|-heal|p2a: Porunga|100/100|[from] Grassy Terrain
|-heal|p1a: Slowking|100/100|[from] Grassy Terrain
|upkeep
|turn|5
|
|t:|1779664577
|switch|p2a: OP|Excadrill, M|100/100
|move|p1a: Slowking|Psychic Noise|p2a: OP
|-resisted|p2a: OP
|-damage|p2a: OP|83/100
|-start|p2a: OP|move: Heal Block
|
|-weather|none
|-fieldend|move: Grassy Terrain
|upkeep
|turn|6
|
|t:|1779664594
|switch|p1a: Rillaboom|Rillaboom, F|100/100
|-fieldstart|move: Grassy Terrain|[from] ability: Grassy Surge|[of] p1a: Rillaboom
|move|p2a: OP|Earthquake|p1a: Rillaboom
|-resisted|p1a: Rillaboom
|-damage|p1a: Rillaboom|80/100
|
|-heal|p1a: Rillaboom|86/100|[from] Grassy Terrain
|-end|p2a: OP|move: Heal Block
|upkeep
|turn|7
|
|t:|1779664605
|switch|p2a: Itachi|Hawlucha, M, shiny|100/100
|-ability|p2a: Itachi|Mold Breaker
|-terastallize|p1a: Rillaboom|Grass
|move|p1a: Rillaboom|Wood Hammer|p2a: Itachi
|-resisted|p2a: Itachi
|-damage|p2a: Itachi|0 fnt
|faint|p2a: Itachi
|-damage|p1a: Rillaboom|60/100|[from] Recoil
|
|-heal|p1a: Rillaboom|66/100|[from] Grassy Terrain
|upkeep
|
|t:|1779664612
|switch|p2a: Toshiro|Kyurem, shiny|50/100
|-ability|p2a: Toshiro|Pressure
|turn|8
|
|t:|1779664621
|switch|p1a: Samurott|Samurott-Hisui, M|100/100
|move|p2a: Toshiro|Freeze-Dry|p1a: Samurott
|-supereffective|p1a: Samurott
|-damage|p1a: Samurott|36/100
|
|-heal|p2a: Toshiro|57/100|[from] Grassy Terrain
|-heal|p1a: Samurott|42/100|[from] Grassy Terrain
|upkeep
|turn|9
|j| ArtistsRendition
|
|t:|1779664628
|move|p1a: Samurott|Sucker Punch|p2a: Toshiro
|-damage|p2a: Toshiro|22/100
|move|p2a: Toshiro|Freeze-Dry|p1a: Samurott
|-supereffective|p1a: Samurott
|-damage|p1a: Samurott|0 fnt
|faint|p1a: Samurott
|
|-heal|p2a: Toshiro|28/100|[from] Grassy Terrain
|upkeep
|c|☆OP Earthquakes|gimmie ttar
|
|t:|1779664632
|switch|p1a: Tyranitar|Tyranitar, F|25/100
|-weather|Sandstorm|[from] ability: Sand Stream|[of] p1a: Tyranitar
|turn|10
|
|t:|1779664643
|move|p2a: Toshiro|Earth Power|p1a: Tyranitar
|-supereffective|p1a: Tyranitar
|-damage|p1a: Tyranitar|0 fnt
|faint|p1a: Tyranitar
|
|-weather|Sandstorm|[upkeep]
|-damage|p2a: Toshiro|22/100|[from] Sandstorm
|-heal|p2a: Toshiro|28/100|[from] Grassy Terrain
|-fieldend|move: Grassy Terrain
|upkeep
|
|t:|1779664648
|switch|p1a: Excadrill|Excadrill, F|100/100
|turn|11
|
|t:|1779664652
|switch|p2a: Pelipper|Pelipper, F|100/100
|-weather|RainDance|[from] ability: Drizzle|[of] p2a: Pelipper
|move|p1a: Excadrill|Stealth Rock|p2a: Pelipper
|-sidestart|p2: OP Earthquakes|move: Stealth Rock
|
|-weather|RainDance|[upkeep]
|upkeep
|turn|12
|
|t:|1779664666
|switch|p1a: Pawmot|Pawmot, M|100/100
|move|p2a: Pelipper|Weather Ball|p1a: Pawmot
|-enditem|p1a: Pawmot|Focus Sash
|-damage|p1a: Pawmot|1/100
|
|-weather|RainDance|[upkeep]
|upkeep
|turn|13
|l| ArtistsRendition
|
|t:|1779664676
|move|p2a: Pelipper|Weather Ball|p1a: Pawmot
|-damage|p1a: Pawmot|0 fnt
|faint|p1a: Pawmot
|
|-weather|RainDance|[upkeep]
|upkeep
|
|t:|1779664683
|switch|p1a: Rillaboom|Rillaboom, F, tera:Grass|66/100
|-fieldstart|move: Grassy Terrain|[from] ability: Grassy Surge|[of] p1a: Rillaboom
|turn|14
|c|☆OP Earthquakes|tuff
|j| ArtistsRendition
|inactive|OP Earthquakes has 120 seconds left.
|
|t:|1779664713
|switch|p2a: The sandstorm|Tyranitar, M, shiny|100/100
|-damage|p2a: The sandstorm|88/100|[from] Stealth Rock
|-weather|Sandstorm|[from] ability: Sand Stream|[of] p2a: The sandstorm
|move|p1a: Rillaboom|Grassy Glide|p2a: The sandstorm
|-supereffective|p2a: The sandstorm
|-damage|p2a: The sandstorm|0 fnt
|faint|p2a: The sandstorm
|
|-weather|Sandstorm|[upkeep]
|-damage|p1a: Rillaboom|60/100|[from] Sandstorm
|-heal|p1a: Rillaboom|66/100|[from] Grassy Terrain
|upkeep
|inactive|OP Earthquakes has 120 seconds left.
|
|t:|1779664727
|switch|p2a: OP|Excadrill, M|83/100
|-damage|p2a: OP|80/100|[from] Stealth Rock
|turn|15
|
|t:|1779664731
|-terastallize|p2a: OP|Fire
|move|p1a: Rillaboom|Grassy Glide|p2a: OP
|-resisted|p2a: OP
|-damage|p2a: OP|22/100
|move|p2a: OP|Iron Head|p1a: Rillaboom
|-damage|p1a: Rillaboom|0 fnt
|faint|p1a: Rillaboom
|
|-weather|Sandstorm|[upkeep]
|-heal|p2a: OP|28/100|[from] Grassy Terrain
|upkeep
|
|t:|1779664745
|switch|p1a: Slowking|Slowking-Galar, F|100/100
|turn|16
|
|t:|1779664750
|move|p2a: OP|Iron Head|p1a: Slowking
|-damage|p1a: Slowking|51/100
|move|p1a: Slowking|Sludge Bomb|p2a: OP
|-damage|p2a: OP|0 fnt
|faint|p2a: OP
|
|-weather|Sandstorm|[upkeep]
|-damage|p1a: Slowking|45/100|[from] Sandstorm
|-heal|p1a: Slowking|51/100|[from] Grassy Terrain
|upkeep
|inactive|OP Earthquakes has 120 seconds left.
|
|t:|1779664775
|switch|p2a: Toshiro|Kyurem, shiny|28/100
|-damage|p2a: Toshiro|3/100|[from] Stealth Rock
|-ability|p2a: Toshiro|Pressure
|turn|17
|j| yuureisuisei
|
|t:|1779664785
|switch|p1a: Excadrill|Excadrill, F|100/100
|move|p2a: Toshiro|Earth Power|p1a: Excadrill
|-supereffective|p1a: Excadrill
|-damage|p1a: Excadrill|16/100
|
|-weather|Sandstorm|[upkeep]
|-damage|p2a: Toshiro|0 fnt|[from] Sandstorm
|faint|p2a: Toshiro
|-heal|p1a: Excadrill|22/100|[from] Grassy Terrain
|-heal|p1a: Excadrill|28/100|[from] item: Leftovers
|upkeep
|
|t:|1779664790
|switch|p2a: Pelipper|Pelipper, F|100/100
|-damage|p2a: Pelipper|76/100|[from] Stealth Rock
|-weather|RainDance|[from] ability: Drizzle|[of] p2a: Pelipper
|turn|18
|
|t:|1779664801
|move|p2a: Pelipper|Weather Ball|p1a: Excadrill
|-supereffective|p1a: Excadrill
|-damage|p1a: Excadrill|0 fnt
|faint|p1a: Excadrill
|
|-weather|RainDance|[upkeep]
|-fieldend|move: Grassy Terrain
|upkeep
|
|t:|1779664804
|switch|p1a: Slowking|Slowking-Galar, F|84/100
|turn|19
|j| just-jaype
|c|☆OP Earthquakes|gg
|
|t:|1779664811
|move|p2a: Pelipper|Weather Ball|p1a: Slowking
|-damage|p1a: Slowking|38/100
|move|p1a: Slowking|Sludge Bomb|p2a: Pelipper
|-damage|p2a: Pelipper|18/100
|
|-weather|RainDance|[upkeep]
|upkeep
|turn|20
|
|t:|1779664814
|move|p2a: Pelipper|Weather Ball|p1a: Slowking
|-damage|p1a: Slowking|0 fnt
|faint|p1a: Slowking
|
|win|OP Earthquakes
|raw|ytggu's rating: 1685 &rarr; <strong>1667</strong><br />(-18 for losing)
|raw|OP Earthquakes's rating: 1717 &rarr; <strong>1735</strong><br />(+18 for winning)
|l|☆ytggu
|player|p1|
|l| just-jaype
