|j|☆chiliguilijr
|j|☆claudechamp
|t:|1779575220
|gametype|singles
|player|p1|chiliguilijr|striker|1117
|player|p2|claudechamp|101|1155
|gen|9
|tier|[Gen 9] OU
|rated|
|rule|HP Percentage Mod: HP is shown in percentages
|rule|Endless Battle Clause: Forcing endless battles is banned
|rule|Species Clause: Limit one of each Pokémon
|rule|OHKO Clause: OHKO moves are banned
|rule|Evasion Items Clause: Evasion items are banned
|rule|Evasion Moves Clause: Evasion moves are banned
|rule|Evasion Abilities Clause: Evasion abilities are banned
|rule|Sleep Moves Clause: Sleep-inducing moves are banned
|clearpoke
|poke|p1|Raichu, M|
|poke|p1|Meowscarada, M|
|poke|p1|Clodsire, F|
|poke|p1|Floatzel, M|
|poke|p1|Skeledirge, M|
|poke|p1|Sylveon, M|
|poke|p2|Gliscor, F|
|poke|p2|Ogerpon, F|
|poke|p2|Walking Wake|
|poke|p2|Blissey, F|
|poke|p2|Corviknight, M|
|poke|p2|Pecharunt|
|teampreview
|c|☆claudechamp|hf
|inactive|Battle timer is ON: inactive players will automatically lose when time's up. (requested by claudechamp)
|
|t:|1779575238
|teamsize|p1|6
|teamsize|p2|6
|start
|switch|p1a: Skeledirge|Skeledirge, M|100/100
|switch|p2a: Gliscor|Gliscor, F|100/100
|turn|1
|
|t:|1779575256
|switch|p1a: Clodsire|Clodsire, F|100/100
|move|p2a: Gliscor|Spikes|p1a: Clodsire
|-sidestart|p1: chiliguilijr|Spikes
|
|-status|p2a: Gliscor|tox|[from] item: Toxic Orb
|upkeep
|turn|2
|
|t:|1779575264
|move|p2a: Gliscor|Spikes|p1a: Clodsire
|-sidestart|p1: chiliguilijr|Spikes
|move|p1a: Clodsire|Rain Dance|p1a: Clodsire
|-weather|RainDance
|
|-weather|RainDance|[upkeep]
|upkeep
|turn|3
|
|t:|1779575272
|switch|p1a: Raichu|Raichu, M|100/100
|-damage|p1a: Raichu|84/100|[from] Spikes
|move|p2a: Gliscor|Earthquake|p1a: Raichu
|-supereffective|p1a: Raichu
|-damage|p1a: Raichu|0 fnt
|faint|p1a: Raichu
|
|-weather|RainDance|[upkeep]
|upkeep
|
|t:|1779575281
|switch|p1a: Floatzel|Floatzel, M|100/100
|-damage|p1a: Floatzel|84/100|[from] Spikes
|turn|4
|
|t:|1779575293
|move|p1a: Floatzel|Ice Spinner|p2a: Gliscor
|-supereffective|p2a: Gliscor
|-damage|p2a: Gliscor|27/100 tox
|move|p2a: Gliscor|Spikes|p1a: Floatzel
|-sidestart|p1: chiliguilijr|Spikes
|
|-weather|RainDance|[upkeep]
|-heal|p2a: Gliscor|39/100 tox|[from] ability: Poison Heal
|upkeep
|turn|5
|
|t:|1779575301
|-terastallize|p2a: Gliscor|Ghost
|move|p1a: Floatzel|Ice Spinner|p2a: Gliscor
|-damage|p2a: Gliscor|22/100 tox
|move|p2a: Gliscor|Earthquake|p1a: Floatzel
|-damage|p1a: Floatzel|23/100
|
|-weather|RainDance|[upkeep]
|-heal|p2a: Gliscor|34/100 tox|[from] ability: Poison Heal
|upkeep
|turn|6
|
|t:|1779575311
|move|p1a: Floatzel|Crunch|p2a: Gliscor
|-supereffective|p2a: Gliscor
|-damage|p2a: Gliscor|0 fnt
|faint|p2a: Gliscor
|
|-weather|RainDance|[upkeep]
|upkeep
|
|t:|1779575313
|switch|p2a: Walking Wake|Walking Wake|100/100
|turn|7
|
|t:|1779575322
|switch|p1a: Meowscarada|Meowscarada, M|100/100
|-damage|p1a: Meowscarada|76/100|[from] Spikes
|move|p2a: Walking Wake|Knock Off|p1a: Meowscarada
|-resisted|p1a: Meowscarada
|-damage|p1a: Meowscarada|61/100
|-enditem|p1a: Meowscarada|Expert Belt|[from] move: Knock Off|[of] p2a: Walking Wake
|
|-weather|RainDance|[upkeep]
|upkeep
|turn|8
|
|t:|1779575331
|move|p1a: Meowscarada|Flower Trick|p2a: Walking Wake
|-start|p1a: Meowscarada|typechange|Grass|[from] ability: Protean
|-crit|p2a: Walking Wake
|-damage|p2a: Walking Wake|47/100
|move|p2a: Walking Wake|Knock Off|p1a: Meowscarada
|-damage|p1a: Meowscarada|44/100
|
|-weather|RainDance|[upkeep]
|upkeep
|turn|9
|
|t:|1779575339
|-end|p2a: Walking Wake|Protosynthesis|[silent]
|switch|p2a: Pecharunt|Pecharunt|100/100
|move|p1a: Meowscarada|Flower Trick|p2a: Pecharunt
|-resisted|p2a: Pecharunt
|-crit|p2a: Pecharunt
|-damage|p2a: Pecharunt|89/100
|
|-weather|none
|upkeep
|turn|10
|
|t:|1779575348
|move|p1a: Meowscarada|Knock Off|p2a: Pecharunt
|-supereffective|p2a: Pecharunt
|-damage|p2a: Pecharunt|61/100
|-enditem|p2a: Pecharunt|Heavy-Duty Boots|[from] move: Knock Off|[of] p1a: Meowscarada
|move|p2a: Pecharunt|Malignant Chain|p1a: Meowscarada
|-supereffective|p1a: Meowscarada
|-damage|p1a: Meowscarada|0 fnt
|faint|p1a: Meowscarada
|
|upkeep
|
|t:|1779575368
|switch|p1a: Floatzel|Floatzel, M|23/100
|-damage|p1a: Floatzel|0 fnt|[from] Spikes
|faint|p1a: Floatzel
|
|t:|1779575374
|switch|p1a: Clodsire|Clodsire, F|100/100
|-damage|p1a: Clodsire|75/100|[from] Spikes
|turn|11
|
|t:|1779575382
|move|p2a: Pecharunt|Recover|p2a: Pecharunt
|-heal|p2a: Pecharunt|100/100
|move|p1a: Clodsire|Earthquake|p2a: Pecharunt
|-supereffective|p2a: Pecharunt
|-damage|p2a: Pecharunt|75/100
|
|upkeep
|turn|12
|
|t:|1779575388
|move|p2a: Pecharunt|Parting Shot|p1a: Clodsire
|-unboost|p1a: Clodsire|atk|1
|-unboost|p1a: Clodsire|spa|1
|
|t:|1779575390
|switch|p2a: Ogerpon|Ogerpon, F|100/100|[from] Parting Shot
|move|p1a: Clodsire|Earthquake|p2a: Ogerpon
|-resisted|p2a: Ogerpon
|-crit|p2a: Ogerpon
|-damage|p2a: Ogerpon|74/100
|
|upkeep
|turn|13
|
|t:|1779575397
|move|p2a: Ogerpon|Ivy Cudgel|p1a: Clodsire
|-damage|p1a: Clodsire|20/100
|move|p1a: Clodsire|Poison Jab|p2a: Ogerpon
|-supereffective|p2a: Ogerpon
|-damage|p2a: Ogerpon|37/100
|
|upkeep
|turn|14
|
|t:|1779575414
|switch|p1a: Skeledirge|Skeledirge, M|100/100
|-damage|p1a: Skeledirge|75/100|[from] Spikes
|move|p2a: Ogerpon|Ivy Cudgel|p1a: Skeledirge
|-resisted|p1a: Skeledirge
|-damage|p1a: Skeledirge|59/100
|
|upkeep
|turn|15
|
|t:|1779575422
|move|p2a: Ogerpon|Knock Off|p1a: Skeledirge
|-supereffective|p1a: Skeledirge
|-damage|p1a: Skeledirge|8/100
|-enditem|p1a: Skeledirge|Charcoal|[from] move: Knock Off|[of] p2a: Ogerpon
|move|p1a: Skeledirge|Torch Song|p2a: Ogerpon
|-supereffective|p2a: Ogerpon
|-damage|p2a: Ogerpon|0 fnt
|-boost|p1a: Skeledirge|spa|1
|faint|p2a: Ogerpon
|
|upkeep
|
|t:|1779575425
|switch|p2a: Walking Wake|Walking Wake|47/100
|turn|16
|
|t:|1779575440
|-terastallize|p1a: Skeledirge|Fairy
|move|p2a: Walking Wake|Knock Off|p1a: Skeledirge
|-resisted|p1a: Skeledirge
|-damage|p1a: Skeledirge|3/100
|move|p1a: Skeledirge|Shadow Ball|p2a: Walking Wake
|-damage|p2a: Walking Wake|0 fnt
|faint|p2a: Walking Wake
|-end|p2a: Walking Wake|Protosynthesis|[silent]
|
|upkeep
|
|t:|1779575443
|switch|p2a: Blissey|Blissey, F|100/100
|turn|17
|
|t:|1779575453
|move|p1a: Skeledirge|Torch Song|p2a: Blissey
|-damage|p2a: Blissey|83/100
|-boost|p1a: Skeledirge|spa|1
|move|p2a: Blissey|Seismic Toss|p1a: Skeledirge
|-damage|p1a: Skeledirge|0 fnt
|faint|p1a: Skeledirge
|
|upkeep
|
|t:|1779575464
|switch|p1a: Sylveon|Sylveon, M, shiny|100/100
|-damage|p1a: Sylveon|76/100|[from] Spikes
|turn|18
|
|t:|1779575483
|switch|p2a: Pecharunt|Pecharunt|75/100
|move|p1a: Sylveon|Psyshock|p2a: Pecharunt
|-supereffective|p2a: Pecharunt
|-damage|p2a: Pecharunt|34/100
|
|upkeep
|turn|19
|
|t:|1779575495
|switch|p1a: Clodsire|Clodsire, F|20/100
|-damage|p1a: Clodsire|0 fnt|[from] Spikes
|faint|p1a: Clodsire
|move|p2a: Pecharunt|Malignant Chain|p1: Clodsire|[notarget]
|-fail|p2a: Pecharunt
|
|upkeep
|
|t:|1779575502
|switch|p1a: Sylveon|Sylveon, M, shiny|76/100
|-damage|p1a: Sylveon|51/100|[from] Spikes
|turn|20
|
|t:|1779575510
|move|p2a: Pecharunt|Malignant Chain|p1a: Sylveon
|-supereffective|p1a: Sylveon
|-damage|p1a: Sylveon|11/100
|-status|p1a: Sylveon|tox
|-start|p1a: Sylveon|confusion|[from] ability: Poison Puppeteer|[of] p2a: Pecharunt
|-activate|p1a: Sylveon|confusion
|-damage|p1a: Sylveon|5/100 tox|[from] confusion
|
|-damage|p1a: Sylveon|0 fnt|[from] psn
|faint|p1a: Sylveon
|
|win|claudechamp
|raw|chiliguilijr's rating: 1117 &rarr; <strong>1094</strong><br />(-23 for losing)
|raw|claudechamp's rating: 1148 &rarr; <strong>1171</strong><br />(+23 for winning)
|c|☆claudechamp|gg
