|j|☆fluxkstow
|j|☆1200 hell
|t:|1779658201
|gametype|singles
|player|p1|fluxkstow|265|1332
|player|p2|1200 hell|101|1396
|gen|9
|tier|[Gen 9] OU
|rated|
|rule|HP Percentage Mod: HP is shown in percentages
|rule|Endless Battle Clause: Forcing endless battles is banned
|rule|Species Clause: Limit one of each Pokémon
|rule|OHKO Clause: OHKO moves are banned
|rule|Evasion Items Clause: Evasion items are banned
|rule|Evasion Moves Clause: Evasion moves are banned
|rule|Evasion Abilities Clause: Evasion abilities are banned
|rule|Sleep Moves Clause: Sleep-inducing moves are banned
|clearpoke
|poke|p1|Rampardos, F|
|poke|p1|Hatterene, F|
|poke|p1|Zapdos|
|poke|p1|Kingambit, F|
|poke|p1|Ursaluna, M|
|poke|p1|Primarina, M|
|poke|p2|Hawlucha, F|
|poke|p2|Samurott-Hisui, F|
|poke|p2|Rillaboom, F|
|poke|p2|Gholdengo|
|poke|p2|Kyurem|
|poke|p2|Landorus-Therian, M|
|teampreview
|inactive|Battle timer is ON: inactive players will automatically lose when time's up. (requested by 1200 hell)
|
|t:|1779658218
|teamsize|p1|6
|teamsize|p2|6
|start
|switch|p1a: The Bear|Ursaluna, M|100/100
|switch|p2a: Landorus|Landorus-Therian, M|100/100
|-ability|p2a: Landorus|Intimidate|boost
|-unboost|p1a: The Bear|atk|1
|turn|1
|
|t:|1779658236
|switch|p1a: Screne|Hatterene, F, shiny|100/100
|move|p2a: Landorus|Stealth Rock|p1a: Screne
|move|p1a: Screne|Stealth Rock|p2a: Landorus|[from] ability: Magic Bounce
|-sidestart|p2: 1200 hell|move: Stealth Rock
|
|upkeep
|turn|2
|
|t:|1779658251
|switch|p1a: The Bear|Ursaluna, M|100/100
|move|p2a: Landorus|U-turn|p1a: The Bear
|-damage|p1a: The Bear|86/100
|
|t:|1779658260
|switch|p2a: Kyurem|Kyurem|100/100|[from] U-turn
|-damage|p2a: Kyurem|76/100|[from] Stealth Rock
|-ability|p2a: Kyurem|Pressure
|
|-status|p1a: The Bear|brn|[from] item: Flame Orb
|upkeep
|turn|3
|
|t:|1779658263
|move|p2a: Kyurem|Ice Beam|p1a: The Bear
|-supereffective|p1a: The Bear
|-damage|p1a: The Bear|4/100 brn
|move|p1a: The Bear|Facade|p2a: Kyurem
|-damage|p2a: Kyurem|0 fnt
|faint|p2a: Kyurem
|
|-damage|p1a: The Bear|0 fnt|[from] brn
|faint|p1a: The Bear
|upkeep
|
|t:|1779658270
|switch|p2a: Gholdengo|Gholdengo|100/100
|switch|p1a: Nicholas|Rampardos, F|100/100
|-damage|p2a: Gholdengo|94/100|[from] Stealth Rock
|turn|4
|
|t:|1779658288
|move|p2a: Gholdengo|Shadow Ball|p1a: Nicholas
|-damage|p1a: Nicholas|23/100
|-unboost|p1a: Nicholas|spd|1
|move|p1a: Nicholas|Earthquake|p2a: Gholdengo
|-supereffective|p2a: Gholdengo
|-damage|p2a: Gholdengo|0 fnt
|faint|p2a: Gholdengo
|
|upkeep
|
|t:|1779658299
|switch|p2a: Landorus|Landorus-Therian, M|100/100
|-damage|p2a: Landorus|88/100|[from] Stealth Rock
|-ability|p2a: Landorus|Intimidate|boost
|-unboost|p1a: Nicholas|atk|1
|turn|5
|
|t:|1779658302
|switch|p1a: Screne|Hatterene, F, shiny|100/100
|move|p2a: Landorus|U-turn|p1a: Screne
|-damage|p1a: Screne|84/100
|
|t:|1779658317
|switch|p2a: Samurott|Samurott-Hisui, F|100/100|[from] U-turn
|-damage|p2a: Samurott|88/100|[from] Stealth Rock
|
|-heal|p1a: Screne|90/100|[from] item: Leftovers
|upkeep
|turn|6
|
|t:|1779658323
|move|p2a: Samurott|Ceaseless Edge|p1a: Screne
|-damage|p1a: Screne|57/100
|-sidestart|p1: fluxkstow|Spikes
|move|p1a: Screne|Trick Room|p1a: Screne
|-fieldstart|move: Trick Room|[of] p1a: Screne
|
|-heal|p1a: Screne|63/100|[from] item: Leftovers
|upkeep
|turn|7
|
|t:|1779658328
|move|p1a: Screne|Calm Mind|p1a: Screne
|-boost|p1a: Screne|spa|1
|-boost|p1a: Screne|spd|1
|move|p2a: Samurott|Ceaseless Edge|p1a: Screne
|-damage|p1a: Screne|25/100
|-sidestart|p1: fluxkstow|Spikes
|
|-heal|p1a: Screne|31/100|[from] item: Leftovers
|upkeep
|turn|8
|
|t:|1779658335
|move|p1a: Screne|Draining Kiss|p2a: Samurott
|-supereffective|p2a: Samurott
|-damage|p2a: Samurott|36/100
|-heal|p1a: Screne|76/100|[from] drain|[of] p2a: Samurott
|move|p2a: Samurott|Ceaseless Edge|p1a: Screne
|-damage|p1a: Screne|38/100
|-sidestart|p1: fluxkstow|Spikes
|
|-heal|p1a: Screne|44/100|[from] item: Leftovers
|upkeep
|turn|9
|
|t:|1779658338
|move|p1a: Screne|Draining Kiss|p2a: Samurott
|-supereffective|p2a: Samurott
|-damage|p2a: Samurott|0 fnt
|-heal|p1a: Screne|74/100|[from] drain|[of] p2a: Samurott
|faint|p2a: Samurott
|
|-heal|p1a: Screne|80/100|[from] item: Leftovers
|upkeep
|
|t:|1779658341
|switch|p2a: Landorus|Landorus-Therian, M|88/100
|-damage|p2a: Landorus|76/100|[from] Stealth Rock
|-ability|p2a: Landorus|Intimidate|boost
|-unboost|p1a: Screne|atk|1
|turn|10
|
|t:|1779658344
|move|p1a: Screne|Draining Kiss|p2a: Landorus
|-damage|p2a: Landorus|38/100
|-heal|p1a: Screne|100/100|[from] drain|[of] p2a: Landorus
|-damage|p1a: Screne|84/100|[from] item: Rocky Helmet|[of] p2a: Landorus
|move|p2a: Landorus|U-turn|p1a: Screne
|-damage|p1a: Screne|66/100
|
|t:|1779658347
|switch|p2a: Rillaboom|Rillaboom, F|100/100|[from] U-turn
|-damage|p2a: Rillaboom|88/100|[from] Stealth Rock
|-fieldstart|move: Grassy Terrain|[from] ability: Grassy Surge|[of] p2a: Rillaboom
|
|-heal|p1a: Screne|72/100|[from] Grassy Terrain
|-heal|p1a: Screne|78/100|[from] item: Leftovers
|-heal|p2a: Rillaboom|94/100|[from] Grassy Terrain
|-fieldend|move: Trick Room
|upkeep
|turn|11
|
|t:|1779658353
|move|p2a: Rillaboom|Wood Hammer|p1a: Screne
|-damage|p1a: Screne|2/100
|-damage|p2a: Rillaboom|73/100|[from] Recoil
|move|p1a: Screne|Mystical Fire|p2a: Rillaboom
|-supereffective|p2a: Rillaboom
|-damage|p2a: Rillaboom|0 fnt
|faint|p2a: Rillaboom
|
|-heal|p1a: Screne|8/100|[from] Grassy Terrain
|-heal|p1a: Screne|14/100|[from] item: Leftovers
|upkeep
|
|t:|1779658357
|switch|p2a: Hawlucha|Hawlucha, F|100/100
|-damage|p2a: Hawlucha|88/100|[from] Stealth Rock
|-enditem|p2a: Hawlucha|Grassy Seed
|-boost|p2a: Hawlucha|def|1|[from] item: Grassy Seed
|turn|12
|
|t:|1779658360
|move|p2a: Hawlucha|Acrobatics|p1a: Screne
|-damage|p1a: Screne|0 fnt
|faint|p1a: Screne
|
|upkeep
|
|t:|1779658363
|switch|p1a: Primadona|Primarina, M|100/100
|-damage|p1a: Primadona|75/100|[from] Spikes
|turn|13
|
|t:|1779658381
|-terastallize|p2a: Hawlucha|Steel
|move|p2a: Hawlucha|Swords Dance|p2a: Hawlucha
|-boost|p2a: Hawlucha|atk|2
|move|p1a: Primadona|Moonblast|p2a: Hawlucha
|-resisted|p2a: Hawlucha
|-damage|p2a: Hawlucha|49/100
|-unboost|p2a: Hawlucha|spa|1
|
|-heal|p2a: Hawlucha|55/100|[from] Grassy Terrain
|-heal|p1a: Primadona|82/100|[from] Grassy Terrain
|upkeep
|turn|14
|
|t:|1779658389
|move|p2a: Hawlucha|Swords Dance|p2a: Hawlucha
|-boost|p2a: Hawlucha|atk|2
|move|p1a: Primadona|Surf|p2a: Hawlucha
|-damage|p2a: Hawlucha|0 fnt
|faint|p2a: Hawlucha
|
|-heal|p1a: Primadona|88/100|[from] Grassy Terrain
|-fieldend|move: Grassy Terrain
|upkeep
|-message|1200 hell forfeited.
|
|win|fluxkstow
|raw|fluxkstow's rating: 1332 &rarr; <strong>1356</strong><br />(+24 for winning)
|raw|1200 hell's rating: 1396 &rarr; <strong>1372</strong><br />(-24 for losing)
|l|☆1200 hell
|player|p2|
|l|☆fluxkstow
|player|p1|
