|j|☆fregene97
|j|☆Dragavian NTK
|t:|1779557238
|gametype|singles
|player|p1|fregene97|camper|1418
|player|p2|Dragavian NTK|gentleman-gen4|1481
|gen|9
|tier|[Gen 9] OU
|rated|
|rule|HP Percentage Mod: HP is shown in percentages
|rule|Endless Battle Clause: Forcing endless battles is banned
|rule|Species Clause: Limit one of each Pokémon
|rule|OHKO Clause: OHKO moves are banned
|rule|Evasion Items Clause: Evasion items are banned
|rule|Evasion Moves Clause: Evasion moves are banned
|rule|Evasion Abilities Clause: Evasion abilities are banned
|rule|Sleep Moves Clause: Sleep-inducing moves are banned
|clearpoke
|poke|p1|Ribombee, M|
|poke|p1|Great Tusk|
|poke|p1|Iron Leaves|
|poke|p1|Iron Moth|
|poke|p1|Raging Bolt|
|poke|p1|Drednaw, M|
|poke|p2|Dragonite, M|
|poke|p2|Dragapult, F|
|poke|p2|Cresselia, F|
|poke|p2|Ogerpon-Wellspring, F|
|poke|p2|Great Tusk|
|poke|p2|Gengar, F|
|teampreview
|inactive|Battle timer is ON: inactive players will automatically lose when time's up. (requested by Dragavian NTK)
|
|t:|1779557243
|teamsize|p1|6
|teamsize|p2|6
|start
|switch|p1a: Drednaw|Drednaw, M|100/100
|switch|p2a: Gengar|Gengar, F|100/100
|turn|1
|j| SaintEndless
|
|t:|1779557248
|-terastallize|p1a: Drednaw|Dark
|move|p2a: Gengar|Toxic|p1a: Drednaw
|-status|p1a: Drednaw|tox
|move|p1a: Drednaw|Shell Smash|p1a: Drednaw
|-unboost|p1a: Drednaw|def|1
|-unboost|p1a: Drednaw|spd|1
|-boost|p1a: Drednaw|atk|2
|-boost|p1a: Drednaw|spa|2
|-boost|p1a: Drednaw|spe|2
|-enditem|p1a: Drednaw|White Herb
|-clearnegativeboost|p1a: Drednaw|[silent]
|
|-damage|p1a: Drednaw|94/100 tox|[from] psn
|upkeep
|turn|2
|l|☆fregene97
|inactive|fregene97 disconnected and has a minute to reconnect!
|player|p1|
|
|t:|1779557260
|switch|p2a: Ogerpon|Ogerpon-Wellspring, F|100/100
|move|p1a: Drednaw|Crunch|p2a: Ogerpon
|-damage|p2a: Ogerpon|0 fnt
|faint|p2a: Ogerpon
|
|-damage|p1a: Drednaw|82/100 tox|[from] psn
|upkeep
|j|☆fregene97
|inactive|fregene97 reconnected.
|player|p1|fregene97|camper|
|
|t:|1779557276
|switch|p2a: Dragapult|Dragapult, F|100/100
|turn|3
|
|t:|1779557279
|move|p1a: Drednaw|Crunch|p2a: Dragapult
|-supereffective|p2a: Dragapult
|-damage|p2a: Dragapult|0 fnt
|faint|p2a: Dragapult
|
|-damage|p1a: Drednaw|63/100 tox|[from] psn
|upkeep
|
|t:|1779557283
|switch|p2a: Great Tusk|Great Tusk, shiny|100/100
|turn|4
|
|t:|1779557288
|move|p1a: Drednaw|Liquidation|p2a: Great Tusk
|-supereffective|p2a: Great Tusk
|-damage|p2a: Great Tusk|0 fnt
|-damage|p1a: Drednaw|47/100 tox|[from] item: Rocky Helmet|[of] p2a: Great Tusk
|faint|p2a: Great Tusk
|-end|p2a: Great Tusk|Protosynthesis|[silent]
|
|-damage|p1a: Drednaw|22/100 tox|[from] psn
|upkeep
|
|t:|1779557296
|switch|p2a: Gengar|Gengar, F|100/100
|turn|5
|
|t:|1779557302
|move|p1a: Drednaw|Crunch|p2a: Gengar
|-supereffective|p2a: Gengar
|-enditem|p2a: Gengar|Focus Sash
|-damage|p2a: Gengar|1/100
|-unboost|p2a: Gengar|def|1
|move|p2a: Gengar|Destiny Bond|p2a: Gengar
|-singlemove|p2a: Gengar|Destiny Bond
|
|-damage|p1a: Drednaw|0 fnt|[from] psn
|faint|p1a: Drednaw
|upkeep
|
|t:|1779557306
|switch|p1a: Ribombee|Ribombee, M|100/100
|turn|6
|
|t:|1779557313
|move|p1a: Ribombee|Stun Spore|p2a: Gengar
|-status|p2a: Gengar|par
|move|p2a: Gengar|Toxic|p1a: Ribombee
|-status|p1a: Ribombee|tox
|
|-damage|p1a: Ribombee|94/100 tox|[from] psn
|upkeep
|turn|7
|l|☆fregene97
|inactive|fregene97 disconnected and has a minute to reconnect!
|player|p1|
|j|☆fregene97
|inactive|fregene97 reconnected and has 130 seconds left.
|player|p1|fregene97|camper|
|
|t:|1779557339
|move|p1a: Ribombee|Skill Swap|p2a: Gengar
|-activate|p1a: Ribombee|Skill Swap|Cursed Body|Shield Dust|[of] p2a: Gengar
|cant|p2a: Gengar|par
|
|-damage|p1a: Ribombee|82/100 tox|[from] psn
|upkeep
|turn|8
|
|t:|1779557356
|move|p1a: Ribombee|Moonblast|p2a: Gengar
|-resisted|p2a: Gengar
|-damage|p2a: Gengar|0 fnt
|faint|p2a: Gengar
|
|-damage|p1a: Ribombee|64/100 tox|[from] psn
|upkeep
|
|t:|1779557363
|switch|p2a: Dragonite|Dragonite, M|100/100
|turn|9
|
|t:|1779557368
|move|p2a: Dragonite|Extreme Speed|p1a: Ribombee
|-damage|p1a: Ribombee|7/100 tox
|move|p1a: Ribombee|Stun Spore|p2a: Dragonite
|-status|p2a: Dragonite|par
|
|-damage|p1a: Ribombee|0 fnt|[from] psn
|faint|p1a: Ribombee
|upkeep
|l| SaintEndless
|
|t:|1779557373
|switch|p1a: Great Tusk|Great Tusk|100/100
|-enditem|p1a: Great Tusk|Booster Energy
|-activate|p1a: Great Tusk|ability: Protosynthesis|[fromitem]
|-start|p1a: Great Tusk|protosynthesisspe
|turn|10
|
|t:|1779557381
|move|p1a: Great Tusk|Ice Spinner|p2a: Dragonite
|-supereffective|p2a: Dragonite
|-damage|p2a: Dragonite|56/100 par
|move|p2a: Dragonite|Ice Spinner|p1a: Great Tusk
|-supereffective|p1a: Great Tusk
|-damage|p1a: Great Tusk|64/100
|
|upkeep
|turn|11
|
|t:|1779557387
|-end|p1a: Great Tusk|Protosynthesis|[silent]
|switch|p1a: Raging Bolt|Raging Bolt|100/100
|-enditem|p1a: Raging Bolt|Booster Energy
|-activate|p1a: Raging Bolt|ability: Protosynthesis|[fromitem]
|-start|p1a: Raging Bolt|protosynthesisspa
|move|p2a: Dragonite|Extreme Speed|p1a: Raging Bolt
|-damage|p1a: Raging Bolt|69/100
|
|upkeep
|turn|12
|
|t:|1779557394
|move|p1a: Raging Bolt|Dragon Pulse|p2a: Dragonite
|-supereffective|p2a: Dragonite
|-damage|p2a: Dragonite|0 fnt
|faint|p2a: Dragonite
|
|upkeep
|
|t:|1779557396
|switch|p2a: Cresselia|Cresselia, F|100/100
|turn|13
|
|t:|1779557400
|move|p1a: Raging Bolt|Thunderbolt|p2a: Cresselia
|-damage|p2a: Cresselia|53/100
|move|p2a: Cresselia|Calm Mind|p2a: Cresselia
|-boost|p2a: Cresselia|spa|1
|-boost|p2a: Cresselia|spd|1
|
|-heal|p2a: Cresselia|59/100|[from] item: Leftovers
|upkeep
|turn|14
|
|t:|1779557403
|move|p1a: Raging Bolt|Thunderbolt|p2a: Cresselia
|-damage|p2a: Cresselia|27/100
|move|p2a: Cresselia|Moonlight|p2a: Cresselia
|-heal|p2a: Cresselia|77/100
|
|-heal|p2a: Cresselia|83/100|[from] item: Leftovers
|upkeep
|turn|15
|
|t:|1779557407
|move|p1a: Raging Bolt|Calm Mind|p1a: Raging Bolt
|-boost|p1a: Raging Bolt|spa|1
|-boost|p1a: Raging Bolt|spd|1
|move|p2a: Cresselia|Calm Mind|p2a: Cresselia
|-boost|p2a: Cresselia|spa|1
|-boost|p2a: Cresselia|spd|1
|
|-heal|p2a: Cresselia|89/100|[from] item: Leftovers
|upkeep
|turn|16
|
|t:|1779557409
|move|p1a: Raging Bolt|Thunderbolt|p2a: Cresselia
|-damage|p2a: Cresselia|54/100
|move|p2a: Cresselia|Calm Mind|p2a: Cresselia
|-boost|p2a: Cresselia|spa|1
|-boost|p2a: Cresselia|spd|1
|
|-heal|p2a: Cresselia|60/100|[from] item: Leftovers
|upkeep
|turn|17
|
|t:|1779557412
|move|p1a: Raging Bolt|Thunderbolt|p2a: Cresselia
|-damage|p2a: Cresselia|35/100
|move|p2a: Cresselia|Calm Mind|p2a: Cresselia
|-boost|p2a: Cresselia|spa|1
|-boost|p2a: Cresselia|spd|1
|
|-heal|p2a: Cresselia|41/100|[from] item: Leftovers
|upkeep
|turn|18
|
|t:|1779557416
|move|p1a: Raging Bolt|Thunderbolt|p2a: Cresselia
|-damage|p2a: Cresselia|18/100
|move|p2a: Cresselia|Moonlight|p2a: Cresselia
|-heal|p2a: Cresselia|68/100
|
|-heal|p2a: Cresselia|74/100|[from] item: Leftovers
|upkeep
|turn|19
|
|t:|1779557419
|move|p1a: Raging Bolt|Thunderbolt|p2a: Cresselia
|-damage|p2a: Cresselia|52/100
|move|p2a: Cresselia|Calm Mind|p2a: Cresselia
|-boost|p2a: Cresselia|spa|1
|-boost|p2a: Cresselia|spd|1
|
|-heal|p2a: Cresselia|58/100|[from] item: Leftovers
|upkeep
|turn|20
|
|t:|1779557421
|move|p1a: Raging Bolt|Thunderbolt|p2a: Cresselia
|-damage|p2a: Cresselia|39/100
|move|p2a: Cresselia|Moonlight|p2a: Cresselia
|-heal|p2a: Cresselia|89/100
|
|-heal|p2a: Cresselia|96/100|[from] item: Leftovers
|upkeep
|turn|21
|
|t:|1779557424
|move|p1a: Raging Bolt|Thunderbolt|p2a: Cresselia
|-damage|p2a: Cresselia|76/100
|move|p2a: Cresselia|Calm Mind|p2a: Cresselia
|-boost|p2a: Cresselia|spa|1
|-boost|p2a: Cresselia|spd|1
|
|-heal|p2a: Cresselia|82/100|[from] item: Leftovers
|upkeep
|turn|22
|
|t:|1779557427
|move|p1a: Raging Bolt|Thunderbolt|p2a: Cresselia
|-damage|p2a: Cresselia|65/100
|move|p2a: Cresselia|Moonblast|p1a: Raging Bolt
|-supereffective|p1a: Raging Bolt
|-damage|p1a: Raging Bolt|0 fnt
|faint|p1a: Raging Bolt
|-end|p1a: Raging Bolt|Protosynthesis|[silent]
|
|-heal|p2a: Cresselia|71/100|[from] item: Leftovers
|upkeep
|
|t:|1779557430
|switch|p1a: Iron Moth|Iron Moth|100/100
|-enditem|p1a: Iron Moth|Booster Energy
|-activate|p1a: Iron Moth|ability: Quark Drive|[fromitem]
|-start|p1a: Iron Moth|quarkdrivespe
|turn|23
|
|t:|1779557433
|move|p1a: Iron Moth|Sludge Wave|p2a: Cresselia
|-damage|p2a: Cresselia|63/100
|move|p2a: Cresselia|Stored Power|p1a: Iron Moth
|-supereffective|p1a: Iron Moth
|-damage|p1a: Iron Moth|0 fnt
|faint|p1a: Iron Moth
|-end|p1a: Iron Moth|Quark Drive|[silent]
|
|-heal|p2a: Cresselia|70/100|[from] item: Leftovers
|upkeep
|
|t:|1779557436
|switch|p1a: Iron Leaves|Iron Leaves|100/100
|-enditem|p1a: Iron Leaves|Booster Energy
|-activate|p1a: Iron Leaves|ability: Quark Drive|[fromitem]
|-start|p1a: Iron Leaves|quarkdrivespe
|turn|24
|
|t:|1779557441
|move|p1a: Iron Leaves|Swords Dance|p1a: Iron Leaves
|-boost|p1a: Iron Leaves|atk|2
|move|p2a: Cresselia|Stored Power|p1a: Iron Leaves
|-resisted|p1a: Iron Leaves
|-damage|p1a: Iron Leaves|0 fnt
|faint|p1a: Iron Leaves
|-end|p1a: Iron Leaves|Quark Drive|[silent]
|
|-heal|p2a: Cresselia|76/100|[from] item: Leftovers
|upkeep
|-message|fregene97 forfeited.
|
|win|Dragavian NTK
|raw|fregene97's rating: 1418 &rarr; <strong>1402</strong><br />(-16 for losing)
|raw|Dragavian NTK's rating: 1481 &rarr; <strong>1497</strong><br />(+16 for winning)
|l|☆fregene97
|player|p1|
|l|☆Dragavian NTK
|player|p2|
