|j|☆Kaiko72
|j|☆chuchu77
|t:|1779670748
|gametype|singles
|player|p1|Kaiko72|265|1339
|player|p2|chuchu77|backersf|1383
|gen|9
|tier|[Gen 9] OU
|rated|
|rule|HP Percentage Mod: HP is shown in percentages
|rule|Endless Battle Clause: Forcing endless battles is banned
|rule|Species Clause: Limit one of each Pokémon
|rule|OHKO Clause: OHKO moves are banned
|rule|Evasion Items Clause: Evasion items are banned
|rule|Evasion Moves Clause: Evasion moves are banned
|rule|Evasion Abilities Clause: Evasion abilities are banned
|rule|Sleep Moves Clause: Sleep-inducing moves are banned
|clearpoke
|poke|p1|Toxicroak, F|
|poke|p1|Hawlucha, M|
|poke|p1|Iron Valiant|
|poke|p1|Hitmontop, M|
|poke|p1|Great Tusk|
|poke|p1|Infernape, F|
|poke|p2|Landorus-Therian, M|
|poke|p2|Kingambit, M|
|poke|p2|Iron Valiant|
|poke|p2|Kyurem|
|poke|p2|Slowking-Galar, F|
|poke|p2|Cinderace, M|
|teampreview
|inactive|Battle timer is ON: inactive players will automatically lose when time's up. (requested by chuchu77)
|
|t:|1779670765
|teamsize|p1|6
|teamsize|p2|6
|start
|switch|p1a: Hitmontop|Hitmontop, M, shiny|100/100
|switch|p2a: Slowking|Slowking-Galar, F, shiny|100/100
|-ability|p1a: Hitmontop|Intimidate|boost
|-unboost|p2a: Slowking|atk|1
|turn|1
|
|t:|1779670783
|move|p1a: Hitmontop|Sucker Punch|p2a: Slowking
|-supereffective|p2a: Slowking
|-damage|p2a: Slowking|58/100
|move|p2a: Slowking|Psychic Noise|p1a: Hitmontop
|-supereffective|p1a: Hitmontop
|-damage|p1a: Hitmontop|40/100
|-start|p1a: Hitmontop|move: Heal Block
|
|upkeep
|turn|2
|
|t:|1779670791
|move|p1a: Hitmontop|Bulk Up|p1a: Hitmontop
|-boost|p1a: Hitmontop|atk|1
|-boost|p1a: Hitmontop|def|1
|move|p2a: Slowking|Thunder Wave|p1a: Hitmontop
|-status|p1a: Hitmontop|par
|
|-end|p1a: Hitmontop|move: Heal Block
|upkeep
|turn|3
|
|t:|1779670794
|move|p1a: Hitmontop|Sucker Punch|p2a: Slowking
|-supereffective|p2a: Slowking
|-damage|p2a: Slowking|0 fnt
|faint|p2a: Slowking
|
|-heal|p1a: Hitmontop|46/100 par|[from] item: Leftovers
|upkeep
|
|t:|1779670801
|switch|p2a: Iron Valiant|Iron Valiant, shiny|100/100
|-enditem|p2a: Iron Valiant|Booster Energy
|-activate|p2a: Iron Valiant|ability: Quark Drive|[fromitem]
|-start|p2a: Iron Valiant|quarkdrivespe
|turn|4
|
|t:|1779670808
|move|p2a: Iron Valiant|Encore|p1a: Hitmontop
|-start|p1a: Hitmontop|Encore
|move|p1a: Hitmontop|Sucker Punch||[still]
|-fail|p1a: Hitmontop
|
|-heal|p1a: Hitmontop|52/100 par|[from] item: Leftovers
|upkeep
|turn|5
|
|t:|1779670812
|move|p1a: Hitmontop|Sucker Punch||[still]
|-fail|p1a: Hitmontop
|move|p2a: Iron Valiant|Calm Mind|p2a: Iron Valiant
|-boost|p2a: Iron Valiant|spa|1
|-boost|p2a: Iron Valiant|spd|1
|
|-heal|p1a: Hitmontop|58/100 par|[from] item: Leftovers
|upkeep
|turn|6
|
|t:|1779670815
|move|p1a: Hitmontop|Sucker Punch||[still]
|-fail|p1a: Hitmontop
|move|p2a: Iron Valiant|Calm Mind|p2a: Iron Valiant
|-boost|p2a: Iron Valiant|spa|1
|-boost|p2a: Iron Valiant|spd|1
|
|-heal|p1a: Hitmontop|65/100 par|[from] item: Leftovers
|-end|p1a: Hitmontop|Encore
|upkeep
|turn|7
|
|t:|1779670818
|move|p2a: Iron Valiant|Encore|p1a: Hitmontop
|-start|p1a: Hitmontop|Encore
|cant|p1a: Hitmontop|par
|
|-heal|p1a: Hitmontop|71/100 par|[from] item: Leftovers
|upkeep
|turn|8
|
|t:|1779670823
|switch|p1a: Toxicroak|Toxicroak, F, shiny|100/100
|move|p2a: Iron Valiant|Calm Mind|p2a: Iron Valiant
|-boost|p2a: Iron Valiant|spa|1
|-boost|p2a: Iron Valiant|spd|1
|
|upkeep
|turn|9
|
|t:|1779670829
|move|p2a: Iron Valiant|Moonblast|p1a: Toxicroak
|-damage|p1a: Toxicroak|0 fnt
|faint|p1a: Toxicroak
|
|upkeep
|
|t:|1779670843
|switch|p1a: Iron Valiant|Iron Valiant, shiny|100/100
|-enditem|p1a: Iron Valiant|Booster Energy
|-activate|p1a: Iron Valiant|ability: Quark Drive|[fromitem]
|-start|p1a: Iron Valiant|quarkdrivespe
|turn|10
|
|t:|1779670846
|-terastallize|p1a: Iron Valiant|Steel
|move|p1a: Iron Valiant|Moonblast|p2a: Iron Valiant
|-supereffective|p2a: Iron Valiant
|-damage|p2a: Iron Valiant|28/100
|-unboost|p2a: Iron Valiant|spa|1
|move|p2a: Iron Valiant|Moonblast|p1a: Iron Valiant
|-resisted|p1a: Iron Valiant
|-damage|p1a: Iron Valiant|10/100
|
|upkeep
|turn|11
|
|t:|1779670855
|move|p1a: Iron Valiant|Shadow Ball|p2a: Iron Valiant
|-damage|p2a: Iron Valiant|10/100
|move|p2a: Iron Valiant|Shadow Ball|p1a: Iron Valiant
|-damage|p1a: Iron Valiant|0 fnt
|faint|p1a: Iron Valiant
|-end|p1a: Iron Valiant|Quark Drive|[silent]
|
|upkeep
|
|t:|1779670877
|switch|p1a: Infernape|Infernape, F, shiny|100/100
|turn|12
|
|t:|1779670881
|-terastallize|p2a: Iron Valiant|Ghost
|move|p2a: Iron Valiant|Moonblast|p1a: Infernape
|-enditem|p1a: Infernape|Focus Sash
|-damage|p1a: Infernape|1/100
|move|p1a: Infernape|Flamethrower|p2a: Iron Valiant
|-damage|p2a: Iron Valiant|0 fnt
|faint|p2a: Iron Valiant
|-end|p2a: Iron Valiant|Quark Drive|[silent]
|
|upkeep
|
|t:|1779670891
|switch|p2a: Landorus|Landorus-Therian, M, shiny|100/100
|-ability|p2a: Landorus|Intimidate|boost
|-unboost|p1a: Infernape|atk|1
|turn|13
|
|t:|1779670896
|move|p1a: Infernape|Flamethrower|p2a: Landorus
|-damage|p2a: Landorus|21/100
|move|p2a: Landorus|Earthquake|p1a: Infernape
|-supereffective|p1a: Infernape
|-damage|p1a: Infernape|0 fnt
|faint|p1a: Infernape
|
|upkeep
|
|t:|1779670902
|switch|p1a: Hitmontop|Hitmontop, M, shiny|71/100 par
|-ability|p1a: Hitmontop|Intimidate|boost
|-unboost|p2a: Landorus|atk|1
|turn|14
|
|t:|1779670909
|move|p2a: Landorus|U-turn|p1a: Hitmontop
|-resisted|p1a: Hitmontop
|-damage|p1a: Hitmontop|59/100 par
|
|t:|1779670913
|switch|p2a: Cinderace|Cinderace, M|100/100|[from] U-turn
|move|p1a: Hitmontop|Bulk Up|p1a: Hitmontop
|-boost|p1a: Hitmontop|atk|1
|-boost|p1a: Hitmontop|def|1
|
|-heal|p1a: Hitmontop|65/100 par|[from] item: Leftovers
|upkeep
|turn|15
|
|t:|1779670918
|move|p2a: Cinderace|Pyro Ball|p1a: Hitmontop
|-damage|p1a: Hitmontop|19/100 par
|move|p1a: Hitmontop|Close Combat|p2a: Cinderace
|-damage|p2a: Cinderace|7/100
|-unboost|p1a: Hitmontop|def|1
|-unboost|p1a: Hitmontop|spd|1
|
|-heal|p1a: Hitmontop|25/100 par|[from] item: Leftovers
|upkeep
|turn|16
|
|t:|1779670924
|cant|p1a: Hitmontop|par
|move|p2a: Cinderace|Pyro Ball|p1a: Hitmontop
|-crit|p1a: Hitmontop
|-damage|p1a: Hitmontop|0 fnt
|faint|p1a: Hitmontop
|
|upkeep
|
|t:|1779670935
|switch|p1a: Great Tusk|Great Tusk|100/100
|-enditem|p1a: Great Tusk|Booster Energy
|-activate|p1a: Great Tusk|ability: Protosynthesis|[fromitem]
|-start|p1a: Great Tusk|protosynthesisatk
|turn|17
|
|t:|1779670942
|move|p2a: Cinderace|Will-O-Wisp|p1a: Great Tusk
|-status|p1a: Great Tusk|brn
|move|p1a: Great Tusk|Stealth Rock|p2a: Cinderace
|-sidestart|p2: chuchu77|move: Stealth Rock
|
|-damage|p1a: Great Tusk|94/100 brn|[from] brn
|upkeep
|turn|18
|
|t:|1779670947
|move|p2a: Cinderace|Pyro Ball|p1a: Great Tusk
|-damage|p1a: Great Tusk|51/100 brn
|move|p1a: Great Tusk|Rapid Spin|p2a: Cinderace
|-damage|p2a: Cinderace|0 fnt
|-boost|p1a: Great Tusk|spe|1
|faint|p2a: Cinderace
|
|-damage|p1a: Great Tusk|45/100 brn|[from] brn
|upkeep
|
|t:|1779670954
|switch|p2a: Kyurem|Kyurem, shiny|100/100
|-damage|p2a: Kyurem|75/100|[from] Stealth Rock
|-ability|p2a: Kyurem|Pressure
|turn|19
|
|t:|1779670959
|move|p2a: Kyurem|Freeze-Dry|p1a: Great Tusk
|-supereffective|p1a: Great Tusk
|-damage|p1a: Great Tusk|0 fnt
|faint|p1a: Great Tusk
|-end|p1a: Great Tusk|Protosynthesis|[silent]
|
|-heal|p2a: Kyurem|82/100|[from] item: Leftovers
|upkeep
|
|t:|1779670961
|switch|p1a: Hawlucha|Hawlucha, M, shiny|100/100
|turn|20
|
|t:|1779670965
|switch|p2a: Landorus|Landorus-Therian, M, shiny|21/100
|-damage|p2a: Landorus|8/100|[from] Stealth Rock
|-ability|p2a: Landorus|Intimidate|boost
|-unboost|p1a: Hawlucha|atk|1
|move|p1a: Hawlucha|Swords Dance|p1a: Hawlucha
|-boost|p1a: Hawlucha|atk|2
|
|upkeep
|turn|21
|
|t:|1779670971
|move|p2a: Landorus|Rock Tomb|p1a: Hawlucha
|-damage|p1a: Hawlucha|71/100
|-unboost|p1a: Hawlucha|spe|1
|-enditem|p1a: Hawlucha|Red Card|[of] p2a: Landorus
|drag|p2a: Kingambit|Kingambit, M, shiny|100/100
|-damage|p2a: Kingambit|94/100|[from] Stealth Rock
|-activate|p2a: Kingambit|ability: Supreme Overlord
|-start|p2a: Kingambit|fallen3|[silent]
|move|p1a: Hawlucha|Swords Dance|p1a: Hawlucha
|-boost|p1a: Hawlucha|atk|2
|
|-heal|p2a: Kingambit|100/100|[from] item: Leftovers
|upkeep
|turn|22
|
|t:|1779670985
|move|p2a: Kingambit|Sucker Punch|p1a: Hawlucha
|-resisted|p1a: Hawlucha
|-crit|p1a: Hawlucha
|-damage|p1a: Hawlucha|19/100
|move|p1a: Hawlucha|Drain Punch|p2a: Kingambit
|-supereffective|p2a: Kingambit
|-damage|p2a: Kingambit|0 fnt
|-heal|p1a: Hawlucha|83/100|[from] drain|[of] p2a: Kingambit
|faint|p2a: Kingambit
|-end|p2a: Kingambit|fallen3|[silent]
|
|upkeep
|
|t:|1779670990
|switch|p2a: Landorus|Landorus-Therian, M, shiny|8/100
|-damage|p2a: Landorus|0 fnt|[from] Stealth Rock
|faint|p2a: Landorus
|
|t:|1779670992
|switch|p2a: Kyurem|Kyurem, shiny|82/100
|-damage|p2a: Kyurem|57/100|[from] Stealth Rock
|-ability|p2a: Kyurem|Pressure
|turn|23
|
|t:|1779670994
|move|p1a: Hawlucha|Drain Punch|p2a: Kyurem
|-supereffective|p2a: Kyurem
|-damage|p2a: Kyurem|0 fnt
|-heal|p1a: Hawlucha|100/100|[from] drain|[of] p2a: Kyurem
|faint|p2a: Kyurem
|
|win|Kaiko72
|raw|Kaiko72's rating: 1339 &rarr; <strong>1362</strong><br />(+23 for winning)
|raw|chuchu77's rating: 1383 &rarr; <strong>1360</strong><br />(-23 for losing)
|l|☆chuchu77
|player|p2|
|l|☆Kaiko72
|player|p1|
