|j|☆bigtimebrownie
|j|☆Shock Market
|t:|1779556500
|gametype|singles
|player|p1|bigtimebrownie|169|1340
|player|p2|Shock Market|canari|1290
|gen|9
|tier|[Gen 9] OU
|rated|
|rule|HP Percentage Mod: HP is shown in percentages
|rule|Endless Battle Clause: Forcing endless battles is banned
|rule|Species Clause: Limit one of each Pokémon
|rule|OHKO Clause: OHKO moves are banned
|rule|Evasion Items Clause: Evasion items are banned
|rule|Evasion Moves Clause: Evasion moves are banned
|rule|Evasion Abilities Clause: Evasion abilities are banned
|rule|Sleep Moves Clause: Sleep-inducing moves are banned
|clearpoke
|poke|p1|Garganacl, F|
|poke|p1|Bellibolt, F|
|poke|p1|Iron Valiant|
|poke|p1|Pecharunt|
|poke|p1|Samurott-Hisui, M|
|poke|p1|Great Tusk|
|poke|p2|Ursaluna, F|
|poke|p2|Rillaboom, M|
|poke|p2|Corviknight, M|
|poke|p2|Hoopa-Unbound|
|poke|p2|Alomomola, F|
|poke|p2|Kyurem|
|teampreview
|
|t:|1779556522
|teamsize|p1|6
|teamsize|p2|6
|start
|switch|p1a: Samurott|Samurott-Hisui, M|100/100
|switch|p2a: Kyurem|Kyurem|100/100
|-ability|p2a: Kyurem|Pressure
|turn|1
|
|t:|1779556529
|switch|p1a: Bellibolt|Bellibolt, F|100/100
|move|p2a: Kyurem|Freeze-Dry|p1a: Bellibolt
|-damage|p1a: Bellibolt|65/100
|-start|p1a: Bellibolt|Charge|Freeze-Dry|[from] ability: Electromorphosis
|
|-heal|p1a: Bellibolt|71/100|[from] item: Leftovers
|upkeep
|turn|2
|
|t:|1779556539
|switch|p2a: Ursaluna|Ursaluna, F|100/100
|move|p1a: Bellibolt|Toxic|p2a: Ursaluna
|-status|p2a: Ursaluna|tox
|
|-heal|p1a: Bellibolt|77/100|[from] item: Leftovers
|-damage|p2a: Ursaluna|94/100 tox|[from] psn
|upkeep
|turn|3
|
|t:|1779556545
|switch|p1a: Great Tusk|Great Tusk|100/100
|move|p2a: Ursaluna|Headlong Rush|p1a: Great Tusk
|-crit|p1a: Great Tusk
|-damage|p1a: Great Tusk|0 fnt
|-unboost|p2a: Ursaluna|def|1
|-unboost|p2a: Ursaluna|spd|1
|-damage|p2a: Ursaluna|78/100 tox|[from] item: Rocky Helmet|[of] p1a: Great Tusk
|faint|p1a: Great Tusk
|-end|p1a: Great Tusk|Protosynthesis|[silent]
|
|-damage|p2a: Ursaluna|66/100 tox|[from] psn
|upkeep
|
|t:|1779556558
|switch|p1a: Samurott|Samurott-Hisui, M|100/100
|turn|4
|
|t:|1779556571
|switch|p2a: Alomomola|Alomomola, F|100/100
|move|p1a: Samurott|Ceaseless Edge|p2a: Alomomola
|-damage|p2a: Alomomola|79/100
|-sidestart|p2: Shock Market|Spikes
|
|upkeep
|turn|5
|
|t:|1779556580
|switch|p1a: Bellibolt|Bellibolt, F|77/100
|move|p2a: Alomomola|Flip Turn|p1a: Bellibolt
|-damage|p1a: Bellibolt|63/100
|-start|p1a: Bellibolt|Charge|Flip Turn|[from] ability: Electromorphosis
|
|t:|1779556584
|switch|p2a: Ursaluna|Ursaluna, F|66/100 tox|[from] Flip Turn
|-damage|p2a: Ursaluna|53/100 tox|[from] Spikes
|
|-heal|p1a: Bellibolt|69/100|[from] item: Leftovers
|-damage|p2a: Ursaluna|47/100 tox|[from] psn
|upkeep
|turn|6
|
|t:|1779556616
|switch|p1a: Samurott|Samurott-Hisui, M|100/100
|move|p2a: Ursaluna|Headlong Rush|p1a: Samurott
|-damage|p1a: Samurott|0 fnt
|-unboost|p2a: Ursaluna|def|1
|-unboost|p2a: Ursaluna|spd|1
|faint|p1a: Samurott
|
|-damage|p2a: Ursaluna|35/100 tox|[from] psn
|upkeep
|
|t:|1779556653
|switch|p1a: Iron Valiant|Iron Valiant|100/100
|-enditem|p1a: Iron Valiant|Booster Energy
|-activate|p1a: Iron Valiant|ability: Quark Drive|[fromitem]
|-start|p1a: Iron Valiant|quarkdrivespe
|turn|7
|
|t:|1779556658
|switch|p2a: Alomomola|Alomomola, F|100/100
|move|p1a: Iron Valiant|Calm Mind|p1a: Iron Valiant
|-boost|p1a: Iron Valiant|spa|1
|-boost|p1a: Iron Valiant|spd|1
|
|upkeep
|turn|8
|
|t:|1779556665
|move|p1a: Iron Valiant|Moonblast|p2a: Alomomola
|-damage|p2a: Alomomola|24/100
|move|p2a: Alomomola|Scald|p1a: Iron Valiant
|-damage|p1a: Iron Valiant|83/100
|
|upkeep
|turn|9
|
|t:|1779556671
|switch|p2a: Corviknight|Corviknight, M|100/100
|-ability|p2a: Corviknight|Pressure
|move|p1a: Iron Valiant|Calm Mind|p1a: Iron Valiant
|-boost|p1a: Iron Valiant|spa|1
|-boost|p1a: Iron Valiant|spd|1
|
|upkeep
|turn|10
|
|t:|1779556677
|move|p1a: Iron Valiant|Aura Sphere|p2a: Corviknight
|-damage|p2a: Corviknight|24/100
|move|p2a: Corviknight|Brave Bird|p1a: Iron Valiant
|-supereffective|p1a: Iron Valiant
|-crit|p1a: Iron Valiant
|-damage|p1a: Iron Valiant|0 fnt
|faint|p1a: Iron Valiant
|-end|p1a: Iron Valiant|Quark Drive|[silent]
|-damage|p2a: Corviknight|4/100|[from] Recoil
|
|upkeep
|
|t:|1779556697
|switch|p1a: Bellibolt|Bellibolt, F|69/100
|turn|11
|
|t:|1779556708
|move|p2a: Corviknight|Roost|p2a: Corviknight
|-heal|p2a: Corviknight|54/100
|-singleturn|p2a: Corviknight|move: Roost
|move|p1a: Bellibolt|Discharge|p2a: Corviknight
|-damage|p2a: Corviknight|28/100
|
|-heal|p1a: Bellibolt|75/100|[from] item: Leftovers
|upkeep
|turn|12
|
|t:|1779556727
|switch|p2a: Ursaluna|Ursaluna, F|35/100 tox
|-damage|p2a: Ursaluna|23/100 tox|[from] Spikes
|move|p1a: Bellibolt|Soak|p2a: Ursaluna
|-start|p2a: Ursaluna|typechange|Water
|
|-heal|p1a: Bellibolt|81/100|[from] item: Leftovers
|-damage|p2a: Ursaluna|17/100 tox|[from] psn
|upkeep
|turn|13
|
|t:|1779556735
|move|p2a: Ursaluna|Headlong Rush|p1a: Bellibolt
|-supereffective|p1a: Bellibolt
|-damage|p1a: Bellibolt|0 fnt
|-unboost|p2a: Ursaluna|def|1
|-unboost|p2a: Ursaluna|spd|1
|faint|p1a: Bellibolt
|
|-damage|p2a: Ursaluna|5/100 tox|[from] psn
|upkeep
|
|t:|1779556814
|switch|p1a: Pecharunt|Pecharunt|100/100
|turn|14
|
|t:|1779556837
|move|p1a: Pecharunt|Hex|p2a: Ursaluna
|-damage|p2a: Ursaluna|0 fnt
|faint|p2a: Ursaluna
|
|upkeep
|
|t:|1779556841
|switch|p2a: Hoopa|Hoopa-Unbound|100/100
|-damage|p2a: Hoopa|88/100|[from] Spikes
|turn|15
|
|t:|1779556848
|switch|p1a: Garganacl|Garganacl, F|100/100
|move|p2a: Hoopa|Knock Off|p1a: Garganacl
|-damage|p1a: Garganacl|76/100
|-enditem|p1a: Garganacl|Leftovers|[from] move: Knock Off|[of] p2a: Hoopa
|
|upkeep
|turn|16
|
|t:|1779556854
|move|p2a: Hoopa|Drain Punch|p1a: Garganacl
|-supereffective|p1a: Garganacl
|-damage|p1a: Garganacl|47/100
|-heal|p2a: Hoopa|100/100|[from] drain|[of] p1a: Garganacl
|move|p1a: Garganacl|Salt Cure|p2a: Hoopa
|-damage|p2a: Hoopa|84/100
|-start|p2a: Hoopa|Salt Cure
|
|-damage|p2a: Hoopa|72/100|[from] Salt Cure
|upkeep
|turn|17
|
|t:|1779556863
|move|p2a: Hoopa|Psychic Noise|p1a: Garganacl
|-damage|p1a: Garganacl|8/100
|-start|p1a: Garganacl|move: Heal Block
|cant|p1a: Garganacl|move: Heal Block|Recover
|
|-damage|p2a: Hoopa|59/100|[from] Salt Cure
|upkeep
|turn|18
|l|☆bigtimebrownie
|player|p1|
|inactive|Battle timer is ON: inactive players will automatically lose when time's up. (requested by Shock Market)
|inactive|bigtimebrownie has 30 seconds to reconnect!
|inactive|bigtimebrownie has 20 seconds to reconnect!
|inactive|bigtimebrownie has 15 seconds to reconnect!
|inactive|bigtimebrownie has 10 seconds to reconnect!
|inactive|bigtimebrownie has 5 seconds to reconnect!
|-message|bigtimebrownie lost due to inactivity.
|
|win|Shock Market
|raw|bigtimebrownie's rating: 1340 &rarr; <strong>1316</strong><br />(-24 for losing)
|raw|Shock Market's rating: 1267 &rarr; <strong>1297</strong><br />(+30 for winning)
|l|☆Shock Market
|player|p2|
