|j|☆imaginethat_17
|j|☆ditissjoerd
|t:|1779719322
|gametype|singles
|player|p1|imaginethat_17|birdkeeper|1403
|player|p2|ditissjoerd|clown|1414
|gen|9
|tier|[Gen 9] OU
|rated|
|rule|HP Percentage Mod: HP is shown in percentages
|rule|Endless Battle Clause: Forcing endless battles is banned
|rule|Species Clause: Limit one of each Pokémon
|rule|OHKO Clause: OHKO moves are banned
|rule|Evasion Items Clause: Evasion items are banned
|rule|Evasion Moves Clause: Evasion moves are banned
|rule|Evasion Abilities Clause: Evasion abilities are banned
|rule|Sleep Moves Clause: Sleep-inducing moves are banned
|clearpoke
|poke|p1|Ogerpon-Cornerstone, F|
|poke|p1|Dragonite, M|
|poke|p1|Weavile, F|
|poke|p1|Iron Moth|
|poke|p1|Yanmega, F|
|poke|p1|Greninja-*, M|
|poke|p2|Torkoal, M|
|poke|p2|Slither Wing|
|poke|p2|Walking Wake|
|poke|p2|Iron Moth|
|poke|p2|Tornadus-Therian, M|
|poke|p2|Charizard, M|
|teampreview
|inactive|Battle timer is ON: inactive players will automatically lose when time's up. (requested by ditissjoerd)
|
|t:|1779719344
|teamsize|p1|6
|teamsize|p2|6
|start
|switch|p1a: Dragonite|Dragonite, M|100/100
|switch|p2a: Torkoal|Torkoal, M|100/100
|-weather|SunnyDay|[from] ability: Drought|[of] p2a: Torkoal
|turn|1
|
|t:|1779719350
|-terastallize|p1a: Dragonite|Normal
|move|p1a: Dragonite|Dragon Dance|p1a: Dragonite
|-boost|p1a: Dragonite|atk|1
|-boost|p1a: Dragonite|spe|1
|move|p2a: Torkoal|Lava Plume|p1a: Dragonite
|-damage|p1a: Dragonite|81/100
|-status|p1a: Dragonite|brn
|
|-weather|SunnyDay|[upkeep]
|-damage|p1a: Dragonite|75/100 brn|[from] brn
|upkeep
|turn|2
|
|t:|1779719360
|switch|p2a: Slither Wing|Slither Wing|100/100
|-activate|p2a: Slither Wing|ability: Protosynthesis
|-start|p2a: Slither Wing|protosynthesisatk
|move|p1a: Dragonite|Earthquake|p2a: Slither Wing
|-resisted|p2a: Slither Wing
|-damage|p2a: Slither Wing|81/100
|
|-weather|SunnyDay|[upkeep]
|-damage|p1a: Dragonite|69/100 brn|[from] brn
|upkeep
|turn|3
|
|t:|1779719369
|move|p1a: Dragonite|Scale Shot|p2a: Slither Wing
|-damage|p2a: Slither Wing|65/100
|-damage|p2a: Slither Wing|51/100
|-damage|p2a: Slither Wing|36/100
|-crit|p2a: Slither Wing
|-damage|p2a: Slither Wing|15/100
|-hitcount|p2a: Slither Wing|4
|-unboost|p1a: Dragonite|def|1
|-boost|p1a: Dragonite|spe|1
|move|p2a: Slither Wing|U-turn|p1a: Dragonite
|-damage|p1a: Dragonite|0 fnt
|faint|p1a: Dragonite
|
|t:|1779719378
|-end|p2a: Slither Wing|Protosynthesis|[silent]
|switch|p2a: Walking Wake|Walking Wake|100/100|[from] U-turn
|-activate|p2a: Walking Wake|ability: Protosynthesis
|-start|p2a: Walking Wake|protosynthesisspe
|
|-weather|SunnyDay|[upkeep]
|upkeep
|
|t:|1779719385
|switch|p1a: Yanmega|Yanmega, F|100/100
|turn|4
|
|t:|1779719388
|move|p2a: Walking Wake|Hydro Steam|p1a: Yanmega
|-damage|p1a: Yanmega|0 fnt
|faint|p1a: Yanmega
|
|-weather|SunnyDay|[upkeep]
|upkeep
|
|t:|1779719396
|switch|p1a: Ogerpon|Ogerpon-Cornerstone, F|100/100
|turn|5
|
|t:|1779719400
|move|p2a: Walking Wake|Hydro Steam|p1a: Ogerpon
|-ability|p1a: Ogerpon|Sturdy
|-damage|p1a: Ogerpon|1/100
|move|p1a: Ogerpon|Trailblaze|p2a: Walking Wake
|-damage|p2a: Walking Wake|70/100
|-boost|p1a: Ogerpon|spe|1
|
|-weather|SunnyDay|[upkeep]
|upkeep
|turn|6
|
|t:|1779719411
|move|p1a: Ogerpon|Horn Leech|p2a: Walking Wake
|-damage|p2a: Walking Wake|23/100
|-heal|p1a: Ogerpon|27/100|[from] drain|[of] p2a: Walking Wake
|move|p2a: Walking Wake|Hydro Steam|p1a: Ogerpon
|-damage|p1a: Ogerpon|0 fnt
|faint|p1a: Ogerpon
|
|-weather|SunnyDay|[upkeep]
|upkeep
|
|t:|1779719424
|switch|p1a: Weavile|Weavile, F|100/100
|-ability|p1a: Weavile|Pressure
|turn|7
|
|t:|1779719436
|move|p2a: Walking Wake|Hydro Steam|p1a: Weavile
|-enditem|p1a: Weavile|Focus Sash
|-damage|p1a: Weavile|1/100
|move|p1a: Weavile|Swords Dance|p1a: Weavile
|-boost|p1a: Weavile|atk|2
|
|-weather|SunnyDay|[upkeep]
|upkeep
|turn|8
|
|t:|1779719445
|move|p1a: Weavile|Ice Shard|p2a: Walking Wake
|-damage|p2a: Walking Wake|0 fnt
|faint|p2a: Walking Wake
|-end|p2a: Walking Wake|Protosynthesis|[silent]
|
|-weather|none
|upkeep
|
|t:|1779719447
|switch|p2a: Slither Wing|Slither Wing|15/100
|turn|9
|
|t:|1779719454
|move|p2a: Slither Wing|First Impression|p1a: Weavile
|-supereffective|p1a: Weavile
|-damage|p1a: Weavile|0 fnt
|faint|p1a: Weavile
|
|upkeep
|
|t:|1779719458
|switch|p1a: Iron Moth|Iron Moth|100/100
|-enditem|p1a: Iron Moth|Booster Energy
|-activate|p1a: Iron Moth|ability: Quark Drive|[fromitem]
|-start|p1a: Iron Moth|quarkdrivespe
|turn|10
|
|t:|1779719463
|-end|p2a: Slither Wing|Protosynthesis|[silent]
|switch|p2a: Iron Moth|Iron Moth|100/100
|-enditem|p2a: Iron Moth|Booster Energy
|-activate|p2a: Iron Moth|ability: Quark Drive|[fromitem]
|-start|p2a: Iron Moth|quarkdrivespa
|move|p1a: Iron Moth|Fiery Dance|p2a: Iron Moth
|-resisted|p2a: Iron Moth
|-damage|p2a: Iron Moth|81/100
|
|upkeep
|turn|11
|
|t:|1779719471
|move|p1a: Iron Moth|Psychic|p2a: Iron Moth
|-supereffective|p2a: Iron Moth
|-damage|p2a: Iron Moth|14/100
|move|p2a: Iron Moth|Fiery Dance|p1a: Iron Moth
|-resisted|p1a: Iron Moth
|-damage|p1a: Iron Moth|69/100
|-boost|p2a: Iron Moth|spa|1
|
|upkeep
|turn|12
|
|t:|1779719478
|move|p1a: Iron Moth|Fiery Dance|p2a: Iron Moth
|-resisted|p2a: Iron Moth
|-damage|p2a: Iron Moth|0 fnt
|faint|p2a: Iron Moth
|-end|p2a: Iron Moth|Quark Drive|[silent]
|
|upkeep
|
|t:|1779719484
|switch|p2a: Torkoal|Torkoal, M|100/100
|-weather|SunnyDay|[from] ability: Drought|[of] p2a: Torkoal
|turn|13
|
|t:|1779719488
|move|p1a: Iron Moth|Sludge Wave|p2a: Torkoal
|-damage|p2a: Torkoal|36/100
|move|p2a: Torkoal|Body Press|p1a: Iron Moth
|-resisted|p1a: Iron Moth
|-damage|p1a: Iron Moth|45/100
|
|-weather|SunnyDay|[upkeep]
|upkeep
|turn|14
|
|t:|1779719494
|move|p1a: Iron Moth|Sludge Wave|p2a: Torkoal
|-damage|p2a: Torkoal|0 fnt
|faint|p2a: Torkoal
|
|-weather|SunnyDay|[upkeep]
|upkeep
|
|t:|1779719497
|switch|p2a: Slither Wing|Slither Wing|15/100
|-activate|p2a: Slither Wing|ability: Protosynthesis
|-start|p2a: Slither Wing|protosynthesisatk
|turn|15
|
|t:|1779719502
|move|p2a: Slither Wing|First Impression|p1a: Iron Moth
|-resisted|p1a: Iron Moth
|-damage|p1a: Iron Moth|7/100
|move|p1a: Iron Moth|Fiery Dance|p2a: Slither Wing
|-supereffective|p2a: Slither Wing
|-damage|p2a: Slither Wing|0 fnt
|faint|p2a: Slither Wing
|-end|p2a: Slither Wing|Protosynthesis|[silent]
|
|-weather|SunnyDay|[upkeep]
|upkeep
|
|t:|1779719505
|switch|p2a: Tornadus|Tornadus-Therian, M|100/100
|turn|16
|
|t:|1779719511
|move|p1a: Iron Moth|Sludge Wave|p2a: Tornadus
|-damage|p2a: Tornadus|59/100
|move|p2a: Tornadus|Weather Ball|p1a: Iron Moth
|-resisted|p1a: Iron Moth
|-damage|p1a: Iron Moth|0 fnt
|faint|p1a: Iron Moth
|-end|p1a: Iron Moth|Quark Drive|[silent]
|
|-weather|SunnyDay|[upkeep]
|upkeep
|
|t:|1779719520
|switch|p1a: Greninja|Greninja, M|100/100
|turn|17
|
|t:|1779719525
|move|p1a: Greninja|Ice Beam|p2a: Tornadus
|-supereffective|p2a: Tornadus
|-damage|p2a: Tornadus|4/100
|-damage|p1a: Greninja|91/100|[from] item: Life Orb
|move|p2a: Tornadus|Bleakwind Storm|p1a: Greninja
|-damage|p1a: Greninja|21/100
|
|-weather|SunnyDay|[upkeep]
|upkeep
|turn|18
|
|t:|1779719533
|move|p1a: Greninja|Surf|p2a: Tornadus
|-damage|p2a: Tornadus|0 fnt
|faint|p2a: Tornadus
|-ability|p1a: Greninja|Battle Bond|boost
|-boost|p1a: Greninja|atk|1
|-boost|p1a: Greninja|spa|1
|-boost|p1a: Greninja|spe|1
|-activate|p1a: Greninja|ability: Battle Bond
|-damage|p1a: Greninja|11/100|[from] item: Life Orb
|
|-weather|SunnyDay|[upkeep]
|upkeep
|
|t:|1779719536
|switch|p2a: Charizard|Charizard, M|100/100
|turn|19
|
|t:|1779719544
|move|p1a: Greninja|Surf|p2a: Charizard
|-supereffective|p2a: Charizard
|-damage|p2a: Charizard|0 fnt
|faint|p2a: Charizard
|-damage|p1a: Greninja|1/100|[from] item: Life Orb
|
|win|imaginethat_17
|raw|imaginethat_17's rating: 1403 &rarr; <strong>1424</strong><br />(+21 for winning)
|raw|ditissjoerd's rating: 1414 &rarr; <strong>1393</strong><br />(-21 for losing)
|l|☆ditissjoerd
|player|p2|
|l|☆imaginethat_17
|player|p1|
