|j|☆Mdavis
|j|☆KingNothing_32
|t:|1779687426
|gametype|singles
|player|p1|Mdavis|palmer|1333
|player|p2|KingNothing_32|colress|1269
|gen|9
|tier|[Gen 9] OU
|rated|
|rule|HP Percentage Mod: HP is shown in percentages
|rule|Endless Battle Clause: Forcing endless battles is banned
|rule|Species Clause: Limit one of each Pokémon
|rule|OHKO Clause: OHKO moves are banned
|rule|Evasion Items Clause: Evasion items are banned
|rule|Evasion Moves Clause: Evasion moves are banned
|rule|Evasion Abilities Clause: Evasion abilities are banned
|rule|Sleep Moves Clause: Sleep-inducing moves are banned
|clearpoke
|poke|p1|Kingambit, F|
|poke|p1|Kommo-o, F|
|poke|p1|Iron Valiant|
|poke|p1|Kyurem|
|poke|p1|Iron Treads|
|poke|p1|Iron Crown|
|poke|p2|Pelipper, F|
|poke|p2|Hatterene, F|
|poke|p2|Iron Treads|
|poke|p2|Toxicroak, M|
|poke|p2|Barraskewda, M|
|poke|p2|Zapdos|
|teampreview
|
|t:|1779687452
|teamsize|p1|6
|teamsize|p2|6
|start
|switch|p1a: Iron Treads|Iron Treads|100/100
|switch|p2a: joyboy|Toxicroak, M|100/100
|-enditem|p1a: Iron Treads|Booster Energy
|-activate|p1a: Iron Treads|ability: Quark Drive|[fromitem]
|-start|p1a: Iron Treads|quarkdrivespe
|turn|1
|
|t:|1779687462
|switch|p2a: bbygrl|Hatterene, F|100/100
|move|p1a: Iron Treads|Stealth Rock|p2a: bbygrl
|move|p2a: bbygrl|Stealth Rock|p1a: Iron Treads|[from] ability: Magic Bounce
|-sidestart|p1: Mdavis|move: Stealth Rock
|
|upkeep
|turn|2
|
|t:|1779687471
|move|p1a: Iron Treads|Rapid Spin|p2a: bbygrl
|-damage|p2a: bbygrl|89/100
|-boost|p1a: Iron Treads|spe|1
|-sideend|p1: Mdavis|Stealth Rock|[from] move: Rapid Spin|[of] p1a: Iron Treads
|-enditem|p2a: bbygrl|Eject Button
|
|t:|1779687477
|switch|p2a: the taste of water|Pelipper, F|100/100
|-weather|RainDance|[from] ability: Drizzle|[of] p2a: the taste of water
|
|-weather|RainDance|[upkeep]
|upkeep
|turn|3
|
|t:|1779687486
|switch|p2a: bbygrl|Hatterene, F|89/100
|move|p1a: Iron Treads|Rapid Spin|p2a: bbygrl
|-damage|p2a: bbygrl|77/100
|-boost|p1a: Iron Treads|spe|1
|
|-weather|RainDance|[upkeep]
|upkeep
|turn|4
|
|t:|1779687495
|switch|p2a: labomba|Iron Treads|100/100
|move|p1a: Iron Treads|Earthquake|p2a: labomba
|-supereffective|p2a: labomba
|-damage|p2a: labomba|37/100
|
|-weather|RainDance|[upkeep]
|-heal|p2a: labomba|43/100|[from] item: Leftovers
|upkeep
|turn|5
|
|t:|1779687521
|-end|p2a: labomba|Quark Drive|[silent]
|switch|p2a: Freak'd Out|Zapdos|100/100
|move|p1a: Iron Treads|Stealth Rock|p2a: Freak'd Out
|-sidestart|p2: KingNothing_32|move: Stealth Rock
|
|-weather|RainDance|[upkeep]
|upkeep
|turn|6
|
|t:|1779687538
|move|p1a: Iron Treads|Endeavor|p2a: Freak'd Out
|-immune|p2a: Freak'd Out
|move|p2a: Freak'd Out|Weather Ball|p1a: Iron Treads
|-supereffective|p1a: Iron Treads
|-damage|p1a: Iron Treads|0 fnt
|faint|p1a: Iron Treads
|-end|p1a: Iron Treads|Quark Drive|[silent]
|
|-weather|RainDance|[upkeep]
|upkeep
|
|t:|1779687552
|switch|p1a: Kyurem|Kyurem|100/100
|-ability|p1a: Kyurem|Pressure
|turn|7
|
|t:|1779687562
|switch|p2a: joyboy|Toxicroak, M|100/100
|-damage|p2a: joyboy|94/100|[from] Stealth Rock
|move|p1a: Kyurem|Dragon Dance|p1a: Kyurem
|-boost|p1a: Kyurem|atk|1
|-boost|p1a: Kyurem|spe|1
|
|-weather|RainDance|[upkeep]
|-heal|p2a: joyboy|100/100|[from] ability: Dry Skin
|upkeep
|turn|8
|
|t:|1779687607
|-terastallize|p2a: joyboy|Dark
|move|p1a: Kyurem|Earth Power|p2a: joyboy
|-damage|p2a: joyboy|65/100
|move|p2a: joyboy|Toxic|p1a: Kyurem
|-status|p1a: Kyurem|tox
|
|-weather|RainDance|[upkeep]
|-heal|p2a: joyboy|77/100|[from] ability: Dry Skin
|-damage|p1a: Kyurem|94/100 tox|[from] psn
|upkeep
|turn|9
|
|t:|1779687634
|move|p1a: Kyurem|Icicle Spear|p2a: joyboy
|-damage|p2a: joyboy|58/100
|-damage|p2a: joyboy|40/100
|-damage|p2a: joyboy|21/100
|-damage|p2a: joyboy|1/100
|-hitcount|p2a: joyboy|4
|move|p2a: joyboy|Drain Punch|p1a: Kyurem
|-supereffective|p1a: Kyurem
|-damage|p1a: Kyurem|39/100 tox
|-heal|p2a: joyboy|31/100|[from] drain|[of] p1a: Kyurem
|
|-weather|none
|-damage|p1a: Kyurem|27/100 tox|[from] psn
|upkeep
|turn|10
|
|t:|1779687659
|switch|p2a: bbygrl|Hatterene, F|77/100
|-damage|p2a: bbygrl|65/100|[from] Stealth Rock
|move|p1a: Kyurem|Scale Shot|p2a: bbygrl
|-immune|p2a: bbygrl
|
|-damage|p1a: Kyurem|8/100 tox|[from] psn
|upkeep
|turn|11
|
|t:|1779687683
|move|p1a: Kyurem|Icicle Spear|p2a: bbygrl
|-damage|p2a: bbygrl|46/100
|-damage|p2a: bbygrl|30/100
|-damage|p2a: bbygrl|12/100
|-damage|p2a: bbygrl|0 fnt
|faint|p2a: bbygrl
|-hitcount|p2: bbygrl|4
|
|-damage|p1a: Kyurem|0 fnt|[from] psn
|faint|p1a: Kyurem
|upkeep
|
|t:|1779687709
|switch|p1a: Iron Crown|Iron Crown|100/100
|switch|p2a: labomba|Iron Treads|43/100
|-damage|p2a: labomba|40/100|[from] Stealth Rock
|-enditem|p1a: Iron Crown|Booster Energy
|-activate|p1a: Iron Crown|ability: Quark Drive|[fromitem]
|-start|p1a: Iron Crown|quarkdrivespe
|turn|12
|
|t:|1779687733
|move|p1a: Iron Crown|Focus Blast|p2a: labomba
|-supereffective|p2a: labomba
|-damage|p2a: labomba|0 fnt
|faint|p2a: labomba
|-end|p2a: labomba|Quark Drive|[silent]
|
|upkeep
|
|t:|1779687739
|switch|p2a: the taste of water|Pelipper, F|100/100
|-damage|p2a: the taste of water|76/100|[from] Stealth Rock
|-weather|RainDance|[from] ability: Drizzle|[of] p2a: the taste of water
|turn|13
|
|t:|1779687774
|move|p1a: Iron Crown|Psychic Noise|p2a: the taste of water
|-damage|p2a: the taste of water|39/100
|-start|p2a: the taste of water|move: Heal Block
|move|p2a: the taste of water|U-turn|p1a: Iron Crown
|-damage|p1a: Iron Crown|91/100
|
|t:|1779687789
|switch|p2a: In The Name of God|Barraskewda, M, shiny|100/100|[from] U-turn
|-damage|p2a: In The Name of God|88/100|[from] Stealth Rock
|
|-weather|RainDance|[upkeep]
|upkeep
|turn|14
|
|t:|1779687838
|move|p2a: In The Name of God|Liquidation|p1a: Iron Crown
|-damage|p1a: Iron Crown|0 fnt
|faint|p1a: Iron Crown
|-end|p1a: Iron Crown|Quark Drive|[silent]
|
|-weather|RainDance|[upkeep]
|upkeep
|
|t:|1779687852
|switch|p1a: Kommo-o|Kommo-o, F|100/100
|turn|15
|
|t:|1779687863
|switch|p2a: joyboy|Toxicroak, M, tera:Dark|31/100
|-damage|p2a: joyboy|18/100|[from] Stealth Rock
|move|p1a: Kommo-o|Drain Punch|p2a: joyboy
|-supereffective|p2a: joyboy
|-damage|p2a: joyboy|0 fnt
|-damage|p1a: Kommo-o|84/100|[from] item: Rocky Helmet|[of] p2a: joyboy
|faint|p2a: joyboy
|
|-weather|RainDance|[upkeep]
|-heal|p1a: Kommo-o|90/100|[from] item: Leftovers
|upkeep
|
|t:|1779687869
|switch|p2a: Freak'd Out|Zapdos|100/100
|-damage|p2a: Freak'd Out|76/100|[from] Stealth Rock
|turn|16
|
|t:|1779687893
|-terastallize|p1a: Kommo-o|Ghost
|move|p2a: Freak'd Out|Hurricane|p1a: Kommo-o
|-damage|p1a: Kommo-o|14/100
|-start|p1a: Kommo-o|confusion
|-activate|p1a: Kommo-o|confusion
|move|p1a: Kommo-o|Substitute|p1a: Kommo-o
|-fail|p1a: Kommo-o|move: Substitute|[weak]
|
|-weather|RainDance|[upkeep]
|-heal|p1a: Kommo-o|21/100|[from] item: Leftovers
|upkeep
|turn|17
|l|☆Mdavis
|player|p1|
|j|☆Mdavis
|player|p1|Mdavis|palmer|
|l|☆Mdavis
|player|p1|
|inactive|Battle timer is ON: inactive players will automatically lose when time's up. (requested by KingNothing_32)
|j|☆Mdavis
|inactive|Mdavis reconnected and has 135 seconds left.
|player|p1|Mdavis|palmer|
|
|t:|1779687984
|move|p2a: Freak'd Out|Hurricane|p1a: Kommo-o
|-damage|p1a: Kommo-o|0 fnt
|faint|p1a: Kommo-o
|
|-weather|RainDance|[upkeep]
|upkeep
|
|t:|1779687988
|switch|p1a: Kingambit|Kingambit, F|100/100
|-activate|p1a: Kingambit|ability: Supreme Overlord
|-start|p1a: Kingambit|fallen4|[silent]
|turn|18
|
|t:|1779688003
|switch|p2a: the taste of water|Pelipper, F|39/100
|-damage|p2a: the taste of water|14/100|[from] Stealth Rock
|move|p1a: Kingambit|Sucker Punch||[still]
|-fail|p1a: Kingambit
|
|-weather|RainDance|[upkeep]
|upkeep
|turn|19
|
|t:|1779688011
|move|p1a: Kingambit|Swords Dance|p1a: Kingambit
|-boost|p1a: Kingambit|atk|2
|move|p2a: the taste of water|Roost|p2a: the taste of water
|-heal|p2a: the taste of water|65/100
|-singleturn|p2a: the taste of water|move: Roost
|
|-weather|RainDance|[upkeep]
|upkeep
|turn|20
|
|t:|1779688023
|switch|p2a: Freak'd Out|Zapdos|76/100
|-damage|p2a: Freak'd Out|51/100|[from] Stealth Rock
|move|p1a: Kingambit|Iron Head|p2a: Freak'd Out
|-resisted|p2a: Freak'd Out
|-damage|p2a: Freak'd Out|0 fnt
|faint|p2a: Freak'd Out
|
|-weather|none
|upkeep
|
|t:|1779688030
|switch|p2a: the taste of water|Pelipper, F|65/100
|-damage|p2a: the taste of water|40/100|[from] Stealth Rock
|-weather|RainDance|[from] ability: Drizzle|[of] p2a: the taste of water
|turn|21
|
|t:|1779688043
|move|p1a: Kingambit|Sucker Punch||[still]
|-fail|p1a: Kingambit
|move|p2a: the taste of water|Roost|p2a: the taste of water
|-heal|p2a: the taste of water|90/100
|-singleturn|p2a: the taste of water|move: Roost
|
|-weather|RainDance|[upkeep]
|upkeep
|turn|22
|
|t:|1779688053
|move|p1a: Kingambit|Swords Dance|p1a: Kingambit
|-boost|p1a: Kingambit|atk|2
|move|p2a: the taste of water|Surf|p1a: Kingambit
|-damage|p1a: Kingambit|53/100
|
|-weather|RainDance|[upkeep]
|-heal|p1a: Kingambit|59/100|[from] item: Leftovers
|upkeep
|turn|23
|
|t:|1779688061
|move|p1a: Kingambit|Iron Head|p2a: the taste of water
|-resisted|p2a: the taste of water
|-damage|p2a: the taste of water|0 fnt
|faint|p2a: the taste of water
|
|-weather|RainDance|[upkeep]
|-heal|p1a: Kingambit|65/100|[from] item: Leftovers
|upkeep
|
|t:|1779688064
|switch|p2a: In The Name of God|Barraskewda, M, shiny|88/100
|-damage|p2a: In The Name of God|76/100|[from] Stealth Rock
|turn|24
|
|t:|1779688070
|move|p1a: Kingambit|Sucker Punch|p2a: In The Name of God
|-damage|p2a: In The Name of God|0 fnt
|faint|p2a: In The Name of God
|
|win|Mdavis
|raw|Mdavis's rating: 1333 &rarr; <strong>1349</strong><br />(+16 for winning)
|raw|KingNothing_32's rating: 1269 &rarr; <strong>1249</strong><br />(-20 for losing)
|c|☆KingNothing_32|gg
|l|☆KingNothing_32
|player|p2|
|c|☆Mdavis|gg
|l|☆Mdavis
|player|p1|
