|j|☆fallentitansss
|j|☆oj444
|t:|1779570028
|gametype|singles
|player|p1|fallentitansss|102|1368
|player|p2|oj444|2|1485
|gen|9
|tier|[Gen 9] OU
|rated|
|rule|HP Percentage Mod: HP is shown in percentages
|rule|Endless Battle Clause: Forcing endless battles is banned
|rule|Species Clause: Limit one of each Pokémon
|rule|OHKO Clause: OHKO moves are banned
|rule|Evasion Items Clause: Evasion items are banned
|rule|Evasion Moves Clause: Evasion moves are banned
|rule|Evasion Abilities Clause: Evasion abilities are banned
|rule|Sleep Moves Clause: Sleep-inducing moves are banned
|clearpoke
|poke|p1|Gholdengo|
|poke|p1|Hoopa-Unbound|
|poke|p1|Corviknight, M|
|poke|p1|Garchomp, F|
|poke|p1|Darkrai|
|poke|p1|Weezing, F|
|poke|p2|Kingambit, F|
|poke|p2|Ogerpon-Wellspring, F|
|poke|p2|Dragapult, M|
|poke|p2|Dragonite, M|
|poke|p2|Gholdengo|
|poke|p2|Ting-Lu|
|teampreview
|inactive|Battle timer is ON: inactive players will automatically lose when time's up. (requested by oj444)
|
|t:|1779570042
|teamsize|p1|6
|teamsize|p2|6
|start
|switch|p1a: Weezing|Weezing, F|100/100
|switch|p2a: Ting-Lu|Ting-Lu|100/100
|-ability|p2a: Ting-Lu|Vessel of Ruin
|turn|1
|
|t:|1779570053
|move|p1a: Weezing|Toxic Spikes|p2a: Ting-Lu
|-sidestart|p2: oj444|move: Toxic Spikes
|move|p2a: Ting-Lu|Stealth Rock|p1a: Weezing
|-sidestart|p1: fallentitansss|move: Stealth Rock
|
|upkeep
|turn|2
|
|t:|1779570057
|move|p1a: Weezing|Toxic Spikes|p2a: Ting-Lu
|-sidestart|p2: oj444|move: Toxic Spikes
|move|p2a: Ting-Lu|Ruination|p1a: Weezing
|-damage|p1a: Weezing|50/100
|
|-heal|p1a: Weezing|56/100|[from] item: Black Sludge
|upkeep
|turn|3
|
|t:|1779570061
|move|p1a: Weezing|Toxic Spikes||[still]
|-fail|p1a: Weezing
|move|p2a: Ting-Lu|Whirlwind|p1a: Weezing
|drag|p1a: Garchomp|Garchomp, F|100/100
|-damage|p1a: Garchomp|94/100|[from] Stealth Rock
|
|upkeep
|turn|4
|
|t:|1779570065
|move|p1a: Garchomp|Stealth Rock|p2a: Ting-Lu
|-sidestart|p2: oj444|move: Stealth Rock
|move|p2a: Ting-Lu|Ruination|p1a: Garchomp
|-damage|p1a: Garchomp|47/100
|
|upkeep
|turn|5
|
|t:|1779570069
|move|p1a: Garchomp|Dragon Tail|p2a: Ting-Lu
|-damage|p2a: Ting-Lu|86/100
|drag|p2a: Dragonite|Dragonite, M|100/100
|-damage|p2a: Dragonite|76/100|[from] Stealth Rock
|
|upkeep
|turn|6
|
|t:|1779570078
|switch|p2a: Ting-Lu|Ting-Lu|86/100
|-status|p2a: Ting-Lu|tox
|-damage|p2a: Ting-Lu|80/100 tox|[from] Stealth Rock
|-ability|p2a: Ting-Lu|Vessel of Ruin
|switch|p1a: Corviknight|Corviknight, M|100/100
|-damage|p1a: Corviknight|88/100|[from] Stealth Rock
|-ability|p1a: Corviknight|Pressure
|
|-heal|p2a: Ting-Lu|86/100 tox|[from] item: Leftovers
|-damage|p2a: Ting-Lu|80/100 tox|[from] psn
|upkeep
|turn|7
|
|t:|1779570081
|move|p1a: Corviknight|Body Press|p2a: Ting-Lu
|-supereffective|p2a: Ting-Lu
|-damage|p2a: Ting-Lu|52/100 tox
|move|p2a: Ting-Lu|Ruination|p1a: Corviknight
|-damage|p1a: Corviknight|44/100
|
|-heal|p2a: Ting-Lu|58/100 tox|[from] item: Leftovers
|-damage|p2a: Ting-Lu|46/100 tox|[from] psn
|upkeep
|turn|8
|
|t:|1779570086
|move|p1a: Corviknight|Roost|p1a: Corviknight
|-heal|p1a: Corviknight|94/100
|-singleturn|p1a: Corviknight|move: Roost
|move|p2a: Ting-Lu|Earthquake|p1a: Corviknight
|-supereffective|p1a: Corviknight
|-damage|p1a: Corviknight|53/100
|
|-heal|p2a: Ting-Lu|52/100 tox|[from] item: Leftovers
|-damage|p2a: Ting-Lu|33/100 tox|[from] psn
|upkeep
|turn|9
|
|t:|1779570089
|move|p1a: Corviknight|Roost|p1a: Corviknight
|-heal|p1a: Corviknight|100/100
|-singleturn|p1a: Corviknight|move: Roost
|move|p2a: Ting-Lu|Whirlwind|p1a: Corviknight
|drag|p1a: Garchomp|Garchomp, F|47/100
|-damage|p1a: Garchomp|41/100|[from] Stealth Rock
|
|-heal|p2a: Ting-Lu|40/100 tox|[from] item: Leftovers
|-damage|p2a: Ting-Lu|15/100 tox|[from] psn
|upkeep
|turn|10
|
|t:|1779570094
|move|p2a: Ting-Lu|Ruination|p1a: Garchomp
|-damage|p1a: Garchomp|21/100
|move|p1a: Garchomp|Dragon Tail|p2a: Ting-Lu
|-damage|p2a: Ting-Lu|1/100 tox
|drag|p2a: Kingambit|Kingambit, F|100/100
|-damage|p2a: Kingambit|94/100|[from] Stealth Rock
|
|-heal|p2a: Kingambit|100/100|[from] item: Leftovers
|upkeep
|turn|11
|
|t:|1779570102
|switch|p1a: Corviknight|Corviknight, M|100/100
|-damage|p1a: Corviknight|88/100|[from] Stealth Rock
|-ability|p1a: Corviknight|Pressure
|move|p2a: Kingambit|Sucker Punch||[still]
|-fail|p2a: Kingambit
|
|upkeep
|turn|12
|
|t:|1779570106
|-end|p2a: Kingambit|fallenundefined|[silent]
|switch|p2a: Ting-Lu|Ting-Lu|1/100 tox
|-damage|p2a: Ting-Lu|0 fnt|[from] Stealth Rock
|faint|p2a: Ting-Lu
|move|p1a: Corviknight|Body Press|p2: Ting-Lu|[notarget]
|-fail|p1a: Corviknight
|
|upkeep
|
|t:|1779570116
|switch|p2a: Gholdengo|Gholdengo|100/100
|-damage|p2a: Gholdengo|94/100|[from] Stealth Rock
|turn|13
|c|☆fallentitansss|how are you planning to get rid of the rocsk
|
|t:|1779570126
|switch|p1a: Garchomp|Garchomp, F|21/100
|-damage|p1a: Garchomp|15/100|[from] Stealth Rock
|move|p2a: Gholdengo|Trick|p1a: Garchomp
|-activate|p2a: Gholdengo|move: Trick|[of] p1a: Garchomp
|-item|p1a: Garchomp|Choice Scarf|[from] move: Trick
|-item|p2a: Gholdengo|Rocky Helmet|[from] move: Trick
|
|upkeep
|turn|14
|
|t:|1779570140
|-terastallize|p2a: Gholdengo|Fighting
|move|p1a: Garchomp|Earthquake|p2a: Gholdengo
|-damage|p2a: Gholdengo|48/100
|move|p2a: Gholdengo|Shadow Ball|p1a: Garchomp
|-damage|p1a: Garchomp|0 fnt
|faint|p1a: Garchomp
|
|upkeep
|
|t:|1779570153
|switch|p1a: Darkrai|Darkrai|100/100
|-damage|p1a: Darkrai|88/100|[from] Stealth Rock
|turn|15
|
|t:|1779570159
|move|p1a: Darkrai|Sludge Bomb|p2a: Gholdengo
|-damage|p2a: Gholdengo|0 fnt
|faint|p2a: Gholdengo
|
|upkeep
|
|t:|1779570166
|switch|p2a: Kingambit|Kingambit, F|100/100
|-damage|p2a: Kingambit|94/100|[from] Stealth Rock
|-activate|p2a: Kingambit|ability: Supreme Overlord
|-start|p2a: Kingambit|fallen2|[silent]
|turn|16
|
|t:|1779570173
|switch|p1a: Corviknight|Corviknight, M|88/100
|-damage|p1a: Corviknight|76/100|[from] Stealth Rock
|-ability|p1a: Corviknight|Pressure
|move|p2a: Kingambit|Kowtow Cleave|p1a: Corviknight
|-damage|p1a: Corviknight|42/100
|-damage|p2a: Kingambit|78/100|[from] item: Rocky Helmet|[of] p1a: Corviknight
|
|-heal|p2a: Kingambit|84/100|[from] item: Leftovers
|upkeep
|turn|17
|
|t:|1779570179
|-end|p2a: Kingambit|fallen2|[silent]
|switch|p2a: Dragapult|Dragapult, M|100/100
|move|p1a: Corviknight|Roost|p1a: Corviknight
|-heal|p1a: Corviknight|92/100
|-singleturn|p1a: Corviknight|move: Roost
|
|upkeep
|turn|18
|
|t:|1779570187
|move|p2a: Dragapult|Will-O-Wisp|p1a: Corviknight
|-status|p1a: Corviknight|brn
|move|p1a: Corviknight|Brave Bird|p2a: Dragapult
|-damage|p2a: Dragapult|74/100
|-damage|p1a: Corviknight|85/100 brn|[from] Recoil
|
|-damage|p1a: Corviknight|79/100 brn|[from] brn
|upkeep
|turn|19
|
|t:|1779570190
|move|p2a: Dragapult|Hex|p1a: Corviknight
|-damage|p1a: Corviknight|22/100 brn
|move|p1a: Corviknight|Brave Bird|p2a: Dragapult
|-damage|p2a: Dragapult|48/100
|-damage|p1a: Corviknight|15/100 brn|[from] Recoil
|
|-damage|p1a: Corviknight|9/100 brn|[from] brn
|upkeep
|turn|20
|
|t:|1779570195
|move|p2a: Dragapult|Dragon Darts|p1a: Corviknight
|-resisted|p1a: Corviknight
|-damage|p1a: Corviknight|3/100 brn
|-anim|p2a: Dragapult|Dragon Darts|p1a: Corviknight
|-resisted|p1a: Corviknight
|-damage|p1a: Corviknight|0 fnt
|faint|p1a: Corviknight
|
|upkeep
|
|t:|1779570210
|switch|p1a: Gholdengo|Gholdengo|100/100
|turn|21
|
|t:|1779570220
|switch|p2a: Dragonite|Dragonite, M|76/100
|-damage|p2a: Dragonite|51/100|[from] Stealth Rock
|-terastallize|p1a: Gholdengo|Water
|move|p1a: Gholdengo|Shadow Ball|p2a: Dragonite
|-damage|p2a: Dragonite|10/100
|-unboost|p2a: Dragonite|spd|1
|
|upkeep
|turn|22
|
|t:|1779570227
|move|p2a: Dragonite|Scale Shot|p1a: Gholdengo|[miss]
|-miss|p2a: Dragonite|p1a: Gholdengo
|move|p1a: Gholdengo|Shadow Ball|p2a: Dragonite
|-damage|p2a: Dragonite|0 fnt
|faint|p2a: Dragonite
|
|upkeep
|
|t:|1779570231
|switch|p2a: Ogerpon|Ogerpon-Wellspring, F|100/100
|-status|p2a: Ogerpon|tox
|-damage|p2a: Ogerpon|88/100 tox|[from] Stealth Rock
|turn|23
|
|t:|1779570236
|switch|p1a: Weezing|Weezing, F|56/100
|-damage|p1a: Weezing|44/100|[from] Stealth Rock
|move|p2a: Ogerpon|Power Whip|p1a: Weezing
|-resisted|p1a: Weezing
|-damage|p1a: Weezing|21/100
|
|-heal|p1a: Weezing|27/100|[from] item: Black Sludge
|-damage|p2a: Ogerpon|82/100 tox|[from] psn
|upkeep
|turn|24
|
|t:|1779570244
|move|p2a: Ogerpon|Ivy Cudgel|p1a: Weezing|[anim] Ivy Cudgel Water
|-damage|p1a: Weezing|0 fnt
|faint|p1a: Weezing
|
|-damage|p2a: Ogerpon|70/100 tox|[from] psn
|upkeep
|
|t:|1779570249
|switch|p1a: Darkrai|Darkrai|88/100
|-damage|p1a: Darkrai|76/100|[from] Stealth Rock
|turn|25
|
|t:|1779570257
|move|p1a: Darkrai|Dark Pulse|p2a: Ogerpon
|-damage|p2a: Ogerpon|0 fnt
|faint|p2a: Ogerpon
|
|upkeep
|
|t:|1779570261
|switch|p2a: Kingambit|Kingambit, F|84/100
|-damage|p2a: Kingambit|78/100|[from] Stealth Rock
|-activate|p2a: Kingambit|ability: Supreme Overlord
|-start|p2a: Kingambit|fallen4|[silent]
|turn|26
|
|t:|1779570265
|move|p1a: Darkrai|Dark Pulse|p2a: Kingambit
|-resisted|p2a: Kingambit
|-damage|p2a: Kingambit|42/100
|move|p2a: Kingambit|Swords Dance|p2a: Kingambit
|-boost|p2a: Kingambit|atk|2
|
|-heal|p2a: Kingambit|48/100|[from] item: Leftovers
|upkeep
|turn|27
|
|t:|1779570269
|move|p2a: Kingambit|Sucker Punch|p1a: Darkrai
|-resisted|p1a: Darkrai
|-damage|p1a: Darkrai|0 fnt
|faint|p1a: Darkrai
|
|-heal|p2a: Kingambit|54/100|[from] item: Leftovers
|upkeep
|
|t:|1779570276
|switch|p1a: Hoopa|Hoopa-Unbound|100/100
|-damage|p1a: Hoopa|88/100|[from] Stealth Rock
|turn|28
|
|t:|1779570279
|move|p2a: Kingambit|Sucker Punch|p1a: Hoopa
|-damage|p1a: Hoopa|0 fnt
|faint|p1a: Hoopa
|
|-heal|p2a: Kingambit|60/100|[from] item: Leftovers
|upkeep
|
|t:|1779570281
|switch|p1a: Gholdengo|Gholdengo, tera:Water|100/100
|turn|29
|
|t:|1779570285
|move|p1a: Gholdengo|Nasty Plot|p1a: Gholdengo
|-boost|p1a: Gholdengo|spa|2
|move|p2a: Kingambit|Kowtow Cleave|p1a: Gholdengo
|-damage|p1a: Gholdengo|0 fnt
|faint|p1a: Gholdengo
|
|win|oj444
|raw|fallentitansss's rating: 1368 &rarr; <strong>1354</strong><br />(-14 for losing)
|raw|oj444's rating: 1485 &rarr; <strong>1499</strong><br />(+14 for winning)
|l|☆oj444
|player|p2|
|l|☆fallentitansss
|player|p1|
