|j|☆Itadori_san
|j|☆hat_fm
|t:|1779628296
|gametype|singles
|player|p1|Itadori_san|102|1358
|player|p2|hat_fm|pilot|1289
|gen|9
|tier|[Gen 9] OU
|rated|
|rule|HP Percentage Mod: HP is shown in percentages
|rule|Endless Battle Clause: Forcing endless battles is banned
|rule|Species Clause: Limit one of each Pokémon
|rule|OHKO Clause: OHKO moves are banned
|rule|Evasion Items Clause: Evasion items are banned
|rule|Evasion Moves Clause: Evasion moves are banned
|rule|Evasion Abilities Clause: Evasion abilities are banned
|rule|Sleep Moves Clause: Sleep-inducing moves are banned
|clearpoke
|poke|p1|Torkoal, F|
|poke|p1|Raging Bolt|
|poke|p1|Venusaur, M|
|poke|p1|Walking Wake|
|poke|p1|Polteageist|
|poke|p1|Great Tusk|
|poke|p2|Zamazenta-*|
|poke|p2|Ceruledge, M|
|poke|p2|Scizor, F|
|poke|p2|Donphan, M|
|poke|p2|Lycanroc-Dusk, M|
|poke|p2|Florges, F|
|teampreview
|inactive|Battle timer is ON: inactive players will automatically lose when time's up. (requested by Itadori_san)
|
|t:|1779628302
|teamsize|p1|6
|teamsize|p2|6
|start
|switch|p1a: Torkoal|Torkoal, F|100/100
|switch|p2a: Donphan|Donphan, M|100/100
|-weather|SunnyDay|[from] ability: Drought|[of] p1a: Torkoal
|turn|1
|
|t:|1779628307
|move|p2a: Donphan|Stealth Rock|p1a: Torkoal
|-sidestart|p1: Itadori_san|move: Stealth Rock
|move|p1a: Torkoal|Will-O-Wisp|p2a: Donphan
|-status|p2a: Donphan|brn
|
|-weather|SunnyDay|[upkeep]
|-damage|p2a: Donphan|94/100 brn|[from] brn
|upkeep
|turn|2
|
|t:|1779628310
|move|p2a: Donphan|Knock Off|p1a: Torkoal
|-damage|p1a: Torkoal|93/100
|-enditem|p1a: Torkoal|Heat Rock|[from] move: Knock Off|[of] p2a: Donphan
|move|p1a: Torkoal|Stealth Rock|p2a: Donphan
|-sidestart|p2: hat_fm|move: Stealth Rock
|
|-weather|SunnyDay|[upkeep]
|-damage|p2a: Donphan|88/100 brn|[from] brn
|upkeep
|turn|3
|
|t:|1779628316
|move|p2a: Donphan|Earthquake|p1a: Torkoal
|-supereffective|p1a: Torkoal
|-damage|p1a: Torkoal|70/100
|move|p1a: Torkoal|Rapid Spin|p2a: Donphan
|-damage|p2a: Donphan|83/100 brn
|-boost|p1a: Torkoal|spe|1
|-damage|p1a: Torkoal|53/100|[from] item: Rocky Helmet|[of] p2a: Donphan
|-sideend|p1: Itadori_san|Stealth Rock|[from] move: Rapid Spin|[of] p1a: Torkoal
|
|-weather|SunnyDay|[upkeep]
|-damage|p2a: Donphan|76/100 brn|[from] brn
|upkeep
|turn|4
|
|t:|1779628320
|switch|p1a: Venusaur|Venusaur, M|100/100
|move|p2a: Donphan|Rapid Spin|p1a: Venusaur
|-damage|p1a: Venusaur|92/100
|-boost|p2a: Donphan|spe|1
|-sideend|p2: hat_fm|Stealth Rock|[from] move: Rapid Spin|[of] p2a: Donphan
|
|-weather|SunnyDay|[upkeep]
|-damage|p2a: Donphan|70/100 brn|[from] brn
|upkeep
|turn|5
|
|t:|1779628334
|move|p1a: Venusaur|Growth|p1a: Venusaur
|-boost|p1a: Venusaur|atk|2
|-boost|p1a: Venusaur|spa|2
|move|p2a: Donphan|Stealth Rock|p1a: Venusaur
|-sidestart|p1: Itadori_san|move: Stealth Rock
|
|-weather|SunnyDay|[upkeep]
|-damage|p2a: Donphan|64/100 brn|[from] brn
|upkeep
|turn|6
|
|t:|1779628341
|move|p1a: Venusaur|Giga Drain|p2a: Donphan
|-supereffective|p2a: Donphan
|-damage|p2a: Donphan|0 fnt
|-heal|p1a: Venusaur|100/100|[from] drain|[of] p2a: Donphan
|faint|p2a: Donphan
|-damage|p1a: Venusaur|91/100|[from] item: Life Orb
|
|-weather|SunnyDay|[upkeep]
|upkeep
|
|t:|1779628343
|switch|p2a: Ceruledge|Ceruledge, M|100/100
|turn|7
|
|t:|1779628348
|-terastallize|p1a: Venusaur|Fire
|move|p1a: Venusaur|Giga Drain|p2a: Ceruledge
|-resisted|p2a: Ceruledge
|-damage|p2a: Ceruledge|53/100
|-heal|p1a: Venusaur|100/100|[from] drain|[of] p2a: Ceruledge
|-damage|p1a: Venusaur|91/100|[from] item: Life Orb
|move|p2a: Ceruledge|Bitter Blade|p1a: Venusaur
|-resisted|p1a: Venusaur
|-damage|p1a: Venusaur|48/100
|-heal|p2a: Ceruledge|75/100|[from] drain|[of] p1a: Venusaur
|
|-weather|SunnyDay|[upkeep]
|upkeep
|turn|8
|
|t:|1779628364
|move|p1a: Venusaur|Weather Ball|p2a: Ceruledge
|-resisted|p2a: Ceruledge
|-damage|p2a: Ceruledge|0 fnt
|faint|p2a: Ceruledge
|-damage|p1a: Venusaur|38/100|[from] item: Life Orb
|
|-weather|none
|upkeep
|
|t:|1779628372
|switch|p2a: Lycanroc|Lycanroc-Dusk, M|100/100
|turn|9
|
|t:|1779628379
|switch|p1a: Torkoal|Torkoal, F|53/100
|-damage|p1a: Torkoal|28/100|[from] Stealth Rock
|-weather|SunnyDay|[from] ability: Drought|[of] p1a: Torkoal
|move|p2a: Lycanroc|Zen Headbutt|p1a: Torkoal
|-damage|p1a: Torkoal|3/100
|-damage|p2a: Lycanroc|91/100|[from] item: Life Orb
|
|-weather|SunnyDay|[upkeep]
|upkeep
|turn|10
|
|t:|1779628391
|move|p2a: Lycanroc|Accelerock|p1a: Torkoal
|-supereffective|p1a: Torkoal
|-damage|p1a: Torkoal|0 fnt
|faint|p1a: Torkoal
|-damage|p2a: Lycanroc|81/100|[from] item: Life Orb
|
|-weather|SunnyDay|[upkeep]
|upkeep
|
|t:|1779628393
|switch|p1a: Great Tusk|Great Tusk|100/100
|-damage|p1a: Great Tusk|98/100|[from] Stealth Rock
|-activate|p1a: Great Tusk|ability: Protosynthesis
|-start|p1a: Great Tusk|protosynthesisspe
|turn|11
|
|t:|1779628401
|switch|p2a: Zamazenta|Zamazenta|100/100
|-ability|p2a: Zamazenta|Dauntless Shield|boost
|-boost|p2a: Zamazenta|def|1
|move|p1a: Great Tusk|Rapid Spin|p2a: Zamazenta
|-damage|p2a: Zamazenta|93/100
|-boost|p1a: Great Tusk|spe|1
|-sideend|p1: Itadori_san|Stealth Rock|[from] move: Rapid Spin|[of] p1a: Great Tusk
|
|-weather|SunnyDay|[upkeep]
|-heal|p2a: Zamazenta|99/100|[from] item: Leftovers
|upkeep
|turn|12
|
|t:|1779628407
|move|p1a: Great Tusk|Stealth Rock|p2a: Zamazenta
|-sidestart|p2: hat_fm|move: Stealth Rock
|move|p2a: Zamazenta|Crunch|p1a: Great Tusk
|-resisted|p1a: Great Tusk
|-damage|p1a: Great Tusk|91/100
|-damage|p2a: Zamazenta|83/100|[from] item: Rocky Helmet|[of] p1a: Great Tusk
|
|-weather|SunnyDay|[upkeep]
|-heal|p2a: Zamazenta|89/100|[from] item: Leftovers
|upkeep
|turn|13
|
|t:|1779628416
|-end|p1a: Great Tusk|Protosynthesis|[silent]
|switch|p1a: Polteageist|Polteageist|100/100
|move|p2a: Zamazenta|Crunch|p1a: Polteageist
|-supereffective|p1a: Polteageist
|-damage|p1a: Polteageist|16/100
|-ability|p1a: Polteageist|Weak Armor|boost
|-unboost|p1a: Polteageist|def|1
|-boost|p1a: Polteageist|spe|2
|
|-weather|none
|-heal|p2a: Zamazenta|95/100|[from] item: Leftovers
|upkeep
|turn|14
|
|t:|1779628428
|move|p1a: Polteageist|Stored Power|p2a: Zamazenta
|-supereffective|p2a: Zamazenta
|-damage|p2a: Zamazenta|58/100
|move|p2a: Zamazenta|Crunch|p1a: Polteageist
|-supereffective|p1a: Polteageist
|-damage|p1a: Polteageist|0 fnt
|faint|p1a: Polteageist
|
|-heal|p2a: Zamazenta|64/100|[from] item: Leftovers
|upkeep
|
|t:|1779628432
|switch|p1a: Walking Wake|Walking Wake|100/100
|turn|15
|
|t:|1779628438
|move|p2a: Zamazenta|Body Press|p1a: Walking Wake
|-damage|p1a: Walking Wake|45/100
|move|p1a: Walking Wake|Hydro Steam|p2a: Zamazenta
|-damage|p2a: Zamazenta|11/100
|
|-heal|p2a: Zamazenta|18/100|[from] item: Leftovers
|upkeep
|turn|16
|
|t:|1779628445
|move|p2a: Zamazenta|Body Press|p1a: Walking Wake
|-damage|p1a: Walking Wake|0 fnt
|faint|p1a: Walking Wake
|-end|p1a: Walking Wake|Protosynthesis|[silent]
|
|-heal|p2a: Zamazenta|24/100|[from] item: Leftovers
|upkeep
|
|t:|1779628448
|switch|p1a: Raging Bolt|Raging Bolt|100/100
|turn|17
|
|t:|1779628454
|move|p1a: Raging Bolt|Thunderclap||[still]
|-fail|p1a: Raging Bolt
|move|p2a: Zamazenta|Iron Defense|p2a: Zamazenta
|-boost|p2a: Zamazenta|def|2
|
|-heal|p2a: Zamazenta|30/100|[from] item: Leftovers
|upkeep
|turn|18
|
|t:|1779628463
|move|p1a: Raging Bolt|Thunderclap||[still]
|-fail|p1a: Raging Bolt
|move|p2a: Zamazenta|Roar|p1a: Raging Bolt
|-end|p1a: Raging Bolt|Protosynthesis|[silent]
|drag|p1a: Great Tusk|Great Tusk|91/100
|
|-heal|p2a: Zamazenta|36/100|[from] item: Leftovers
|upkeep
|turn|19
|
|t:|1779628470
|move|p2a: Zamazenta|Body Press|p1a: Great Tusk
|-damage|p1a: Great Tusk|36/100
|-damage|p2a: Zamazenta|20/100|[from] item: Rocky Helmet|[of] p1a: Great Tusk
|move|p1a: Great Tusk|Headlong Rush|p2a: Zamazenta
|-damage|p2a: Zamazenta|3/100
|-unboost|p1a: Great Tusk|def|1
|-unboost|p1a: Great Tusk|spd|1
|
|-heal|p2a: Zamazenta|9/100|[from] item: Leftovers
|upkeep
|turn|20
|
|t:|1779628481
|move|p2a: Zamazenta|Body Press|p1a: Great Tusk
|-damage|p1a: Great Tusk|0 fnt
|-damage|p2a: Zamazenta|0 fnt|[from] item: Rocky Helmet|[of] p1a: Great Tusk
|faint|p1a: Great Tusk
|-end|p1a: Great Tusk|Protosynthesis|[silent]
|faint|p2a: Zamazenta
|
|upkeep
|
|t:|1779628491
|switch|p2a: Florges|Florges, F|100/100
|switch|p1a: Raging Bolt|Raging Bolt|100/100
|-damage|p2a: Florges|88/100|[from] Stealth Rock
|turn|21
|
|t:|1779628497
|-terastallize|p2a: Florges|Grass
|move|p1a: Raging Bolt|Volt Switch|p2a: Florges
|-resisted|p2a: Florges
|-damage|p2a: Florges|68/100
|
|t:|1779628500
|-end|p1a: Raging Bolt|Protosynthesis|[silent]
|switch|p1a: Venusaur|Venusaur, M, tera:Fire|38/100|[from] Volt Switch
|move|p2a: Florges|Calm Mind|p2a: Florges
|-boost|p2a: Florges|spa|1
|-boost|p2a: Florges|spd|1
|
|-heal|p2a: Florges|74/100|[from] item: Leftovers
|upkeep
|turn|22
|
|t:|1779628511
|move|p1a: Venusaur|Sludge Bomb|p2a: Florges
|-supereffective|p2a: Florges
|-damage|p2a: Florges|31/100
|-damage|p1a: Venusaur|28/100|[from] item: Life Orb
|move|p2a: Florges|Giga Drain|p1a: Venusaur
|-resisted|p1a: Venusaur
|-damage|p1a: Venusaur|0 fnt
|-heal|p2a: Florges|44/100|[from] drain|[of] p1a: Venusaur
|faint|p1a: Venusaur
|
|-heal|p2a: Florges|50/100|[from] item: Leftovers
|upkeep
|
|t:|1779628514
|switch|p1a: Raging Bolt|Raging Bolt|100/100
|turn|23
|
|t:|1779628522
|move|p1a: Raging Bolt|Thunderbolt|p2a: Florges
|-resisted|p2a: Florges
|-crit|p2a: Florges
|-damage|p2a: Florges|7/100
|move|p2a: Florges|Calm Mind|p2a: Florges
|-boost|p2a: Florges|spa|1
|-boost|p2a: Florges|spd|1
|
|-heal|p2a: Florges|14/100|[from] item: Leftovers
|upkeep
|turn|24
|
|t:|1779628532
|move|p1a: Raging Bolt|Thunderbolt|p2a: Florges
|-resisted|p2a: Florges
|-damage|p2a: Florges|1/100
|move|p2a: Florges|Moonblast|p1a: Raging Bolt
|-supereffective|p1a: Raging Bolt
|-damage|p1a: Raging Bolt|0 fnt
|faint|p1a: Raging Bolt
|-end|p1a: Raging Bolt|Protosynthesis|[silent]
|
|win|hat_fm
|raw|Itadori_san's rating: 1358 &rarr; <strong>1334</strong><br />(-24 for losing)
|raw|hat_fm's rating: 1289 &rarr; <strong>1319</strong><br />(+30 for winning)
|l|☆Itadori_san
|player|p1|
|l|☆hat_fm
|player|p2|
