|j|☆DrakEragon
|j|☆AteefIsThug
|t:|1779715557
|gametype|singles
|player|p1|DrakEragon|morty|1229
|player|p2|AteefIsThug|ingo|1253
|gen|9
|tier|[Gen 9] OU
|rated|
|rule|HP Percentage Mod: HP is shown in percentages
|rule|Endless Battle Clause: Forcing endless battles is banned
|rule|Species Clause: Limit one of each Pokémon
|rule|OHKO Clause: OHKO moves are banned
|rule|Evasion Items Clause: Evasion items are banned
|rule|Evasion Moves Clause: Evasion moves are banned
|rule|Evasion Abilities Clause: Evasion abilities are banned
|rule|Sleep Moves Clause: Sleep-inducing moves are banned
|clearpoke
|poke|p1|Electivire, F|
|poke|p1|Clodsire, F|
|poke|p1|Glimmora, F|
|poke|p1|Walking Wake|
|poke|p1|Corviknight, F|
|poke|p1|Dragapult, M|
|poke|p2|Cloyster, F|
|poke|p2|Garganacl, M|
|poke|p2|Dondozo, M|
|poke|p2|Dragonite, F|
|poke|p2|Pecharunt|
|poke|p2|Iron Moth|
|teampreview
|l|☆AteefIsThug
|player|p2|
|j|☆AteefIsThug
|player|p2|AteefIsThug|ingo|
|inactive|Battle timer is ON: inactive players will automatically lose when time's up. (requested by AteefIsThug)
|
|t:|1779715570
|teamsize|p1|6
|teamsize|p2|6
|start
|switch|p1a: Glimmora|Glimmora, F|100/100
|switch|p2a: Iron Moth|Iron Moth, shiny|100/100
|-enditem|p2a: Iron Moth|Booster Energy
|-activate|p2a: Iron Moth|ability: Quark Drive|[fromitem]
|-start|p2a: Iron Moth|quarkdrivespa
|turn|1
|
|t:|1779715581
|move|p2a: Iron Moth|Psychic|p1a: Glimmora
|-supereffective|p1a: Glimmora
|-enditem|p1a: Glimmora|Focus Sash
|-damage|p1a: Glimmora|1/100
|move|p1a: Glimmora|Power Gem|p2a: Iron Moth
|-supereffective|p2a: Iron Moth
|-damage|p2a: Iron Moth|17/100
|
|upkeep
|turn|2
|
|t:|1779715591
|move|p1a: Glimmora|Spiky Shield|p1a: Glimmora
|-singleturn|p1a: Glimmora|move: Protect
|move|p2a: Iron Moth|Fiery Dance|p1a: Glimmora
|-activate|p1a: Glimmora|move: Protect
|
|upkeep
|turn|3
|
|t:|1779715599
|move|p2a: Iron Moth|Fiery Dance|p1a: Glimmora
|-resisted|p1a: Glimmora
|-damage|p1a: Glimmora|0 fnt
|-boost|p2a: Iron Moth|spa|1
|faint|p1a: Glimmora
|
|upkeep
|
|t:|1779715604
|switch|p1a: Dragapult|Dragapult, M|100/100
|turn|4
|
|t:|1779715608
|move|p1a: Dragapult|Sucker Punch|p2a: Iron Moth
|-damage|p2a: Iron Moth|0 fnt
|faint|p2a: Iron Moth
|-end|p2a: Iron Moth|Quark Drive|[silent]
|-damage|p1a: Dragapult|91/100|[from] item: Life Orb
|
|upkeep
|
|t:|1779715614
|switch|p2a: Pecharunt|Pecharunt|100/100
|turn|5
|
|t:|1779715624
|-terastallize|p2a: Pecharunt|Dark
|move|p1a: Dragapult|Dragon Dance|p1a: Dragapult
|-boost|p1a: Dragapult|atk|1
|-boost|p1a: Dragapult|spe|1
|move|p2a: Pecharunt|Shadow Ball|p1a: Dragapult
|-supereffective|p1a: Dragapult
|-damage|p1a: Dragapult|0 fnt
|faint|p1a: Dragapult
|
|upkeep
|
|t:|1779715640
|switch|p1a: Corviknight|Corviknight, F|100/100
|turn|6
|
|t:|1779715646
|switch|p2a: Garganacl|Garganacl, M|100/100
|move|p1a: Corviknight|Protect||[still]
|-fail|p1a: Corviknight
|
|upkeep
|turn|7
|
|t:|1779715653
|move|p1a: Corviknight|Iron Defense|p1a: Corviknight
|-boost|p1a: Corviknight|def|2
|move|p2a: Garganacl|Salt Cure|p1a: Corviknight
|-damage|p1a: Corviknight|95/100
|-start|p1a: Corviknight|Salt Cure
|
|-heal|p1a: Corviknight|100/100|[from] item: Leftovers
|-damage|p1a: Corviknight|75/100|[from] Salt Cure
|upkeep
|turn|8
|
|t:|1779715661
|move|p1a: Corviknight|Body Press|p2a: Garganacl
|-supereffective|p2a: Garganacl
|-damage|p2a: Garganacl|33/100
|move|p2a: Garganacl|Stealth Rock|p1a: Corviknight
|-sidestart|p1: DrakEragon|move: Stealth Rock
|
|-heal|p1a: Corviknight|82/100|[from] item: Leftovers
|-heal|p2a: Garganacl|39/100|[from] item: Leftovers
|-damage|p1a: Corviknight|57/100|[from] Salt Cure
|upkeep
|turn|9
|
|t:|1779715670
|move|p1a: Corviknight|Body Press|p2a: Garganacl
|-supereffective|p2a: Garganacl
|-damage|p2a: Garganacl|0 fnt
|faint|p2a: Garganacl
|
|-heal|p1a: Corviknight|63/100|[from] item: Leftovers
|-damage|p1a: Corviknight|38/100|[from] Salt Cure
|upkeep
|
|t:|1779715675
|switch|p2a: Cloyster|Cloyster, F|100/100
|turn|10
|
|t:|1779715680
|move|p2a: Cloyster|Shell Smash|p2a: Cloyster
|-unboost|p2a: Cloyster|def|1
|-unboost|p2a: Cloyster|spd|1
|-boost|p2a: Cloyster|atk|2
|-boost|p2a: Cloyster|spa|2
|-boost|p2a: Cloyster|spe|2
|-enditem|p2a: Cloyster|White Herb
|-clearnegativeboost|p2a: Cloyster|[silent]
|move|p1a: Corviknight|Body Press|p2a: Cloyster
|-supereffective|p2a: Cloyster
|-damage|p2a: Cloyster|22/100
|
|-heal|p1a: Corviknight|44/100|[from] item: Leftovers
|-damage|p1a: Corviknight|19/100|[from] Salt Cure
|upkeep
|turn|11
|
|t:|1779715691
|move|p2a: Cloyster|Icicle Spear|p1a: Corviknight
|-damage|p1a: Corviknight|11/100
|-damage|p1a: Corviknight|4/100
|-damage|p1a: Corviknight|0 fnt
|faint|p1a: Corviknight
|-hitcount|p1: Corviknight|3
|
|upkeep
|
|t:|1779715701
|switch|p1a: Walking Wake|Walking Wake|100/100
|-damage|p1a: Walking Wake|88/100|[from] Stealth Rock
|-enditem|p1a: Walking Wake|Booster Energy
|-activate|p1a: Walking Wake|ability: Protosynthesis|[fromitem]
|-start|p1a: Walking Wake|protosynthesisspe
|turn|12
|
|t:|1779715714
|move|p1a: Walking Wake|Flamethrower|p2a: Cloyster
|-damage|p2a: Cloyster|0 fnt
|faint|p2a: Cloyster
|
|upkeep
|
|t:|1779715720
|switch|p2a: Pecharunt|Pecharunt, tera:Dark|100/100
|turn|13
|
|t:|1779715724
|move|p1a: Walking Wake|Hydro Pump|p2a: Pecharunt
|-damage|p2a: Pecharunt|46/100
|move|p2a: Pecharunt|Malignant Chain|p1a: Walking Wake
|-damage|p1a: Walking Wake|37/100
|
|upkeep
|turn|14
|
|t:|1779715730
|move|p1a: Walking Wake|Hydro Pump|p2a: Pecharunt
|-damage|p2a: Pecharunt|0 fnt
|faint|p2a: Pecharunt
|
|upkeep
|
|t:|1779715734
|switch|p2a: Dragonite|Dragonite, F|100/100
|turn|15
|
|t:|1779715738
|move|p1a: Walking Wake|Draco Meteor|p2a: Dragonite
|-supereffective|p2a: Dragonite
|-damage|p2a: Dragonite|33/100
|-unboost|p1a: Walking Wake|spa|2
|move|p2a: Dragonite|Dragon Dance|p2a: Dragonite
|-boost|p2a: Dragonite|atk|1
|-boost|p2a: Dragonite|spe|1
|
|upkeep
|turn|16
|
|t:|1779715747
|move|p2a: Dragonite|Extreme Speed|p1a: Walking Wake
|-damage|p1a: Walking Wake|0 fnt
|faint|p1a: Walking Wake
|-end|p1a: Walking Wake|Protosynthesis|[silent]
|-damage|p2a: Dragonite|23/100|[from] item: Life Orb
|
|upkeep
|
|t:|1779715755
|switch|p1a: Electivire|Electivire, F|100/100
|-damage|p1a: Electivire|88/100|[from] Stealth Rock
|turn|17
|
|t:|1779715766
|move|p2a: Dragonite|Earthquake|p1a: Electivire
|-supereffective|p1a: Electivire
|-damage|p1a: Electivire|0 fnt
|faint|p1a: Electivire
|-damage|p2a: Dragonite|13/100|[from] item: Life Orb
|
|upkeep
|
|t:|1779715772
|switch|p1a: Clodsire|Clodsire, F|100/100
|-damage|p1a: Clodsire|94/100|[from] Stealth Rock
|turn|18
|
|t:|1779715776
|move|p2a: Dragonite|Earthquake|p1a: Clodsire
|-supereffective|p1a: Clodsire
|-damage|p1a: Clodsire|0 fnt
|faint|p1a: Clodsire
|-damage|p2a: Dragonite|3/100|[from] item: Life Orb
|
|win|AteefIsThug
|raw|DrakEragon's rating: 1229 &rarr; <strong>1206</strong><br />(-23 for losing)
|raw|AteefIsThug's rating: 1253 &rarr; <strong>1276</strong><br />(+23 for winning)
|l|☆DrakEragon
|player|p1|
|l|☆AteefIsThug
|player|p2|
