|j|☆Shimeon91
|j|☆hedon
|t:|1779714909
|gametype|singles
|player|p1|Shimeon91|266|1224
|player|p2|hedon|preschooler|1254
|gen|9
|tier|[Gen 9] OU
|rated|
|rule|HP Percentage Mod: HP is shown in percentages
|rule|Endless Battle Clause: Forcing endless battles is banned
|rule|Species Clause: Limit one of each Pokémon
|rule|OHKO Clause: OHKO moves are banned
|rule|Evasion Items Clause: Evasion items are banned
|rule|Evasion Moves Clause: Evasion moves are banned
|rule|Evasion Abilities Clause: Evasion abilities are banned
|rule|Sleep Moves Clause: Sleep-inducing moves are banned
|clearpoke
|poke|p1|Weavile, M|
|poke|p1|Slowbro, M|
|poke|p1|Gyarados, M|
|poke|p1|Corviknight, M|
|poke|p1|Electrode-Hisui|
|poke|p1|Snorlax, M|
|poke|p2|Pelipper, M|
|poke|p2|Overqwil, M|
|poke|p2|Manaphy|
|poke|p2|Goodra-Hisui, M|
|poke|p2|Basculegion, M|
|poke|p2|Toedscruel, F|
|teampreview
|inactive|Battle timer is ON: inactive players will automatically lose when time's up. (requested by Shimeon91)
|
|t:|1779714916
|teamsize|p1|6
|teamsize|p2|6
|start
|switch|p1a: Electrode|Electrode-Hisui|100/100
|switch|p2a: Pelipper|Pelipper, M|100/100
|-weather|RainDance|[from] ability: Drizzle|[of] p2a: Pelipper
|turn|1
|
|t:|1779714920
|switch|p2a: Toedscruel|Toedscruel, F|100/100
|move|p1a: Electrode|Leech Seed|p2a: Toedscruel
|-immune|p2a: Toedscruel
|
|-weather|RainDance|[upkeep]
|upkeep
|turn|2
|
|t:|1779714931
|switch|p1a: Snorlax|Snorlax, M|100/100
|move|p2a: Toedscruel|Toxic|p1a: Snorlax
|-status|p1a: Snorlax|tox
|-activate|p1a: Snorlax|ability: Immunity
|-curestatus|p1a: Snorlax|tox|[msg]
|
|-weather|RainDance|[upkeep]
|upkeep
|turn|3
|
|t:|1779714942
|switch|p2a: Basculegion|Basculegion, M, shiny|100/100
|move|p1a: Snorlax|Curse|p1a: Snorlax
|-unboost|p1a: Snorlax|spe|1
|-boost|p1a: Snorlax|atk|1
|-boost|p1a: Snorlax|def|1
|
|-weather|RainDance|[upkeep]
|upkeep
|turn|4
|
|t:|1779714951
|move|p2a: Basculegion|Wave Crash|p1a: Snorlax
|-damage|p1a: Snorlax|0 fnt
|faint|p1a: Snorlax
|-damage|p2a: Basculegion|64/100|[from] Recoil
|
|-weather|RainDance|[upkeep]
|upkeep
|
|t:|1779714961
|switch|p1a: Gyarados|Gyarados, M|100/100
|-ability|p1a: Gyarados|Intimidate|boost
|-unboost|p2a: Basculegion|atk|1
|turn|5
|
|t:|1779714974
|switch|p1a: Slowbro|Slowbro, M|100/100
|move|p2a: Basculegion|Wave Crash|p1a: Slowbro
|-resisted|p1a: Slowbro
|-damage|p1a: Slowbro|62/100
|-damage|p2a: Basculegion|52/100|[from] Recoil
|
|-weather|RainDance|[upkeep]
|upkeep
|turn|6
|
|t:|1779714982
|switch|p2a: Overqwil|Overqwil, M|100/100
|move|p1a: Slowbro|Psyshock|p2a: Overqwil
|-immune|p2a: Overqwil
|
|-weather|RainDance|[upkeep]
|upkeep
|turn|7
|
|t:|1779714995
|switch|p1a: Corviknight|Corviknight, M|100/100
|-ability|p1a: Corviknight|Pressure
|move|p2a: Overqwil|Swords Dance|p2a: Overqwil
|-boost|p2a: Overqwil|atk|2
|
|-weather|RainDance|[upkeep]
|upkeep
|turn|8
|
|t:|1779715005
|move|p2a: Overqwil|Liquidation|p1a: Corviknight
|-damage|p1a: Corviknight|32/100
|-damage|p2a: Overqwil|84/100|[from] item: Rocky Helmet|[of] p1a: Corviknight
|-damage|p2a: Overqwil|74/100|[from] item: Life Orb
|move|p1a: Corviknight|Brave Bird|p2a: Overqwil
|-damage|p2a: Overqwil|32/100
|-damage|p1a: Corviknight|21/100|[from] Recoil
|
|-weather|none
|upkeep
|turn|9
|
|t:|1779715021
|switch|p1a: Gyarados|Gyarados, M|100/100
|-ability|p1a: Gyarados|Intimidate|boost
|-unboost|p2a: Overqwil|atk|1
|move|p2a: Overqwil|Crunch|p1a: Gyarados
|-damage|p1a: Gyarados|12/100
|-damage|p2a: Overqwil|22/100|[from] item: Life Orb
|
|upkeep
|turn|10
|
|t:|1779715026
|move|p2a: Overqwil|Crunch|p1a: Gyarados
|-damage|p1a: Gyarados|0 fnt
|faint|p1a: Gyarados
|-damage|p2a: Overqwil|12/100|[from] item: Life Orb
|
|upkeep
|
|t:|1779715034
|switch|p1a: Weavile|Weavile, M|100/100
|turn|11
|
|t:|1779715038
|switch|p2a: Pelipper|Pelipper, M|100/100
|-weather|RainDance|[from] ability: Drizzle|[of] p2a: Pelipper
|move|p1a: Weavile|Ice Shard|p2a: Pelipper
|-damage|p2a: Pelipper|84/100
|
|-weather|RainDance|[upkeep]
|upkeep
|turn|12
|
|t:|1779715040
|move|p1a: Weavile|Knock Off|p2a: Pelipper
|-damage|p2a: Pelipper|51/100
|-enditem|p2a: Pelipper|Damp Rock|[from] move: Knock Off|[of] p1a: Weavile
|move|p2a: Pelipper|U-turn|p1a: Weavile
|-supereffective|p1a: Weavile
|-damage|p1a: Weavile|74/100
|
|t:|1779715054
|switch|p2a: Manaphy|Manaphy|100/100|[from] U-turn
|
|-weather|RainDance|[upkeep]
|upkeep
|turn|13
|
|t:|1779715062
|move|p1a: Weavile|Knock Off|p2a: Manaphy
|-damage|p2a: Manaphy|72/100
|-enditem|p2a: Manaphy|Leftovers|[from] move: Knock Off|[of] p1a: Weavile
|move|p2a: Manaphy|Tail Glow|p2a: Manaphy
|-boost|p2a: Manaphy|spa|3
|
|-weather|RainDance|[upkeep]
|upkeep
|turn|14
|
|t:|1779715073
|switch|p1a: Slowbro|Slowbro, M|96/100
|move|p2a: Manaphy|Surf|p1a: Slowbro
|-resisted|p1a: Slowbro
|-damage|p1a: Slowbro|58/100
|
|-weather|RainDance|[upkeep]
|upkeep
|turn|15
|l|☆hedon
|inactive|hedon disconnected and has a minute to reconnect!
|player|p2|
|
|t:|1779715094
|move|p2a: Manaphy|Energy Ball|p1a: Slowbro
|-supereffective|p1a: Slowbro
|-damage|p1a: Slowbro|0 fnt
|faint|p1a: Slowbro
|
|-weather|RainDance|[upkeep]
|upkeep
|j|☆hedon
|inactive|hedon reconnected.
|player|p2|hedon|preschooler|
|
|t:|1779715098
|switch|p1a: Electrode|Electrode-Hisui|100/100
|turn|16
|
|t:|1779715111
|-terastallize|p2a: Manaphy|Grass
|move|p1a: Electrode|Substitute|p1a: Electrode
|-start|p1a: Electrode|Substitute
|-damage|p1a: Electrode|75/100
|move|p2a: Manaphy|Surf|p1a: Electrode
|-resisted|p1a: Electrode
|-end|p1a: Electrode|Substitute
|
|-weather|RainDance|[upkeep]
|-heal|p1a: Electrode|82/100|[from] item: Leftovers
|upkeep
|turn|17
|-message|Shimeon91 forfeited.
|
|win|hedon
|raw|Shimeon91's rating: 1224 &rarr; <strong>1201</strong><br />(-23 for losing)
|raw|hedon's rating: 1254 &rarr; <strong>1277</strong><br />(+23 for winning)
|l|☆Shimeon91
|player|p1|
|l|☆hedon
|player|p2|
