|j|☆uncle brown
|j|☆tibler
|t:|1779692529
|gametype|singles
|player|p1|uncle brown|170|1477
|player|p2|tibler|swimmer|1406
|gen|9
|tier|[Gen 9] OU
|rated|
|rule|HP Percentage Mod: HP is shown in percentages
|rule|Endless Battle Clause: Forcing endless battles is banned
|rule|Species Clause: Limit one of each Pokémon
|rule|OHKO Clause: OHKO moves are banned
|rule|Evasion Items Clause: Evasion items are banned
|rule|Evasion Moves Clause: Evasion moves are banned
|rule|Evasion Abilities Clause: Evasion abilities are banned
|rule|Sleep Moves Clause: Sleep-inducing moves are banned
|clearpoke
|poke|p1|Araquanid, F|
|poke|p1|Gholdengo|
|poke|p1|Landorus-Therian, M|
|poke|p1|Raging Bolt|
|poke|p1|Ceruledge, F|
|poke|p1|Lucario, M|
|poke|p2|Hoopa-Unbound|
|poke|p2|Slowking-Galar, M|
|poke|p2|Dragonite, M|
|poke|p2|Zamazenta-*|
|poke|p2|Corviknight, F|
|poke|p2|Mamoswine, M|
|teampreview
|
|t:|1779692546
|teamsize|p1|6
|teamsize|p2|6
|start
|switch|p1a: Araquanid|Araquanid, F|100/100
|switch|p2a: Hoopa|Hoopa-Unbound|100/100
|turn|1
|inactive|Battle timer is ON: inactive players will automatically lose when time's up. (requested by tibler)
|
|t:|1779692554
|switch|p1a: Lucario|Lucario, M|100/100
|-terastallize|p2a: Hoopa|Dark
|move|p2a: Hoopa|Hyperspace Fury|p1a: Lucario
|-resisted|p1a: Lucario
|-damage|p1a: Lucario|0 fnt
|-unboost|p2a: Hoopa|def|1
|faint|p1a: Lucario
|
|upkeep
|
|t:|1779692562
|switch|p1a: Landorus|Landorus-Therian, M|100/100
|-ability|p1a: Landorus|Intimidate|boost
|-unboost|p2a: Hoopa|atk|1
|turn|2
|
|t:|1779692571
|switch|p2a: Corviknight|Corviknight, F|100/100
|-ability|p2a: Corviknight|Pressure
|move|p1a: Landorus|Swords Dance|p1a: Landorus
|-boost|p1a: Landorus|atk|2
|
|upkeep
|turn|3
|
|t:|1779692579
|move|p1a: Landorus|Substitute|p1a: Landorus
|-start|p1a: Landorus|Substitute
|-damage|p1a: Landorus|76/100
|move|p2a: Corviknight|U-turn|p1a: Landorus
|-resisted|p1a: Landorus
|-activate|p1a: Landorus|move: Substitute|[damage]
|
|t:|1779692593
|switch|p2a: Dragonite|Dragonite, M|100/100|[from] U-turn
|
|-heal|p1a: Landorus|82/100|[from] item: Leftovers
|upkeep
|turn|4
|
|t:|1779692605
|move|p2a: Dragonite|Extreme Speed|p1a: Landorus
|-end|p1a: Landorus|Substitute
|move|p1a: Landorus|Stone Edge|p2a: Dragonite
|-supereffective|p2a: Dragonite
|-damage|p2a: Dragonite|32/100
|
|-heal|p1a: Landorus|88/100|[from] item: Leftovers
|upkeep
|turn|5
|
|t:|1779692610
|switch|p1a: Ceruledge|Ceruledge, F|100/100
|-item|p1a: Ceruledge|Air Balloon
|move|p2a: Dragonite|Extreme Speed|p1a: Ceruledge
|-immune|p1a: Ceruledge
|
|upkeep
|turn|6
|
|t:|1779692615
|move|p1a: Ceruledge|Poltergeist|p2a: Dragonite
|-activate|p2a: Dragonite|move: Poltergeist|Heavy-Duty Boots
|-damage|p2a: Dragonite|0 fnt
|faint|p2a: Dragonite
|
|upkeep
|inactive|tibler has 120 seconds left.
|
|t:|1779692649
|switch|p2a: Corviknight|Corviknight, F|100/100
|-ability|p2a: Corviknight|Pressure
|turn|7
|
|t:|1779692665
|move|p1a: Ceruledge|Swords Dance|p1a: Ceruledge
|-boost|p1a: Ceruledge|atk|2
|move|p2a: Corviknight|U-turn|p1a: Ceruledge
|-resisted|p1a: Ceruledge
|-damage|p1a: Ceruledge|96/100
|-ability|p1a: Ceruledge|Weak Armor|boost
|-unboost|p1a: Ceruledge|def|1
|-boost|p1a: Ceruledge|spe|2
|-enditem|p1a: Ceruledge|Air Balloon
|
|t:|1779692672
|switch|p2a: Zamazenta|Zamazenta|100/100|[from] U-turn
|-ability|p2a: Zamazenta|Dauntless Shield|boost
|-boost|p2a: Zamazenta|def|1
|
|upkeep
|turn|8
|
|t:|1779692675
|-terastallize|p1a: Ceruledge|Ghost
|move|p1a: Ceruledge|Poltergeist|p2a: Zamazenta
|-activate|p2a: Zamazenta|move: Poltergeist|Heavy-Duty Boots
|-damage|p2a: Zamazenta|1/100
|move|p2a: Zamazenta|Crunch|p1a: Ceruledge
|-supereffective|p1a: Ceruledge
|-damage|p1a: Ceruledge|0 fnt
|faint|p1a: Ceruledge
|
|upkeep
|
|t:|1779692685
|switch|p1a: Araquanid|Araquanid, F|100/100
|turn|9
|
|t:|1779692689
|move|p2a: Zamazenta|Stone Edge|p1a: Araquanid
|-supereffective|p1a: Araquanid
|-crit|p1a: Araquanid
|-damage|p1a: Araquanid|0 fnt
|faint|p1a: Araquanid
|
|upkeep
|-message|uncle brown forfeited.
|
|win|tibler
|raw|uncle brown's rating: 1457 &rarr; <strong>1434</strong><br />(-23 for losing)
|raw|tibler's rating: 1406 &rarr; <strong>1429</strong><br />(+23 for winning)
|l|☆uncle brown
|player|p1|
|l|☆tibler
|player|p2|
