|j|☆slitherwing ily ><
|j|☆Aeybees
|t:|1779649589
|gametype|singles
|player|p1|slitherwing ily ><|iono-masters|1714
|player|p2|Aeybees|scientist|1685
|gen|9
|tier|[Gen 9] OU
|rated|
|rule|HP Percentage Mod: HP is shown in percentages
|rule|Endless Battle Clause: Forcing endless battles is banned
|rule|Species Clause: Limit one of each Pokémon
|rule|OHKO Clause: OHKO moves are banned
|rule|Evasion Items Clause: Evasion items are banned
|rule|Evasion Moves Clause: Evasion moves are banned
|rule|Evasion Abilities Clause: Evasion abilities are banned
|rule|Sleep Moves Clause: Sleep-inducing moves are banned
|clearpoke
|poke|p1|Iron Jugulis|
|poke|p1|Deoxys-Speed|
|poke|p1|Ogerpon-Wellspring, F|
|poke|p1|Ceruledge, F|
|poke|p1|Glimmora, F|
|poke|p1|Iron Valiant|
|poke|p2|Dragonite, M|
|poke|p2|Zamazenta-*|
|poke|p2|Gholdengo|
|poke|p2|Deoxys-Speed|
|poke|p2|Great Tusk|
|poke|p2|Glimmora, F|
|teampreview
|inactive|Battle timer is ON: inactive players will automatically lose when time's up. (requested by Aeybees)
|j| FaronAan
|c|☆slitherwing ily ><|hf
|c|☆Aeybees|u2
|
|t:|1779649608
|teamsize|p1|6
|teamsize|p2|6
|start
|switch|p1a: Iron Jugulis|Iron Jugulis|100/100
|switch|p2a: Deoxys|Deoxys-Speed|100/100
|-ability|p2a: Deoxys|Pressure
|-enditem|p1a: Iron Jugulis|Booster Energy
|-activate|p1a: Iron Jugulis|ability: Quark Drive|[fromitem]
|-start|p1a: Iron Jugulis|quarkdrivespe
|turn|1
|j| yuureisuisei
|
|t:|1779649621
|move|p1a: Iron Jugulis|Knock Off|p2a: Deoxys
|-supereffective|p2a: Deoxys
|-damage|p2a: Deoxys|11/100
|-enditem|p2a: Deoxys|Focus Sash|[from] move: Knock Off|[of] p1a: Iron Jugulis
|move|p2a: Deoxys|Superpower|p1a: Iron Jugulis
|-damage|p1a: Iron Jugulis|62/100
|-unboost|p2a: Deoxys|atk|1
|-unboost|p2a: Deoxys|def|1
|
|upkeep
|turn|2
|
|t:|1779649630
|move|p1a: Iron Jugulis|Earth Power|p2a: Deoxys
|-damage|p2a: Deoxys|0 fnt
|faint|p2a: Deoxys
|
|upkeep
|j| hattybatty304
|inactive|Aeybees has 120 seconds left.
|inactive|Aeybees has 90 seconds left.
|j| Azurionos
|inactive|Aeybees has 60 seconds left.
|
|t:|1779649726
|switch|p2a: Dragonite|Dragonite, M|100/100
|turn|3
|inactive|Aeybees has 60 seconds left.
|
|t:|1779649743
|move|p1a: Iron Jugulis|Taunt|p2a: Dragonite
|-start|p2a: Dragonite|move: Taunt
|move|p2a: Dragonite|Ice Spinner|p1a: Iron Jugulis
|-supereffective|p1a: Iron Jugulis
|-damage|p1a: Iron Jugulis|0 fnt
|faint|p1a: Iron Jugulis
|-end|p1a: Iron Jugulis|Quark Drive|[silent]
|
|upkeep
|
|t:|1779649746
|switch|p1a: Deoxys|Deoxys-Speed|100/100
|-ability|p1a: Deoxys|Pressure
|turn|4
|l|☆slitherwing ily ><
|inactive|slitherwing ily >< disconnected and has a minute to reconnect!
|player|p1|
|
|t:|1779649759
|switch|p2a: Glimmora|Glimmora, F|100/100
|move|p1a: Deoxys|Reflect|p1a: Deoxys
|-sidestart|p1: slitherwing ily ><|Reflect
|
|upkeep
|turn|5
|j|☆slitherwing ily ><
|inactive|slitherwing ily >< reconnected and has 135 seconds left.
|player|p1|slitherwing ily ><|iono-masters|
|c|☆slitherwing ily ><|mb
|
|t:|1779649787
|move|p1a: Deoxys|Light Screen|p1a: Deoxys
|-sidestart|p1: slitherwing ily ><|move: Light Screen
|move|p2a: Glimmora|Stealth Rock|p1a: Deoxys
|-sidestart|p1: slitherwing ily ><|move: Stealth Rock
|
|upkeep
|turn|6
|inactive|Aeybees has 60 seconds left.
|
|t:|1779649803
|switch|p1a: Ogerpon|Ogerpon-Wellspring, F|100/100
|-damage|p1a: Ogerpon|88/100|[from] Stealth Rock
|move|p2a: Glimmora|Meteor Beam||[still]
|-prepare|p2a: Glimmora|Meteor Beam
|-boost|p2a: Glimmora|spa|1
|-enditem|p2a: Glimmora|Power Herb
|-anim|p2a: Glimmora|Meteor Beam|p1a: Ogerpon
|-damage|p1a: Ogerpon|33/100
|
|upkeep
|turn|7
|inactive|Aeybees has 60 seconds left.
|
|t:|1779649816
|move|p1a: Ogerpon|Ivy Cudgel|p2a: Glimmora|[anim] Ivy Cudgel Water
|-supereffective|p2a: Glimmora
|-damage|p2a: Glimmora|0 fnt
|-activate|p2a: Glimmora|ability: Toxic Debris
|-sidestart|p1: slitherwing ily ><|move: Toxic Spikes
|faint|p2a: Glimmora
|
|upkeep
|inactive|Aeybees has 60 seconds left.
|
|t:|1779649824
|switch|p2a: Gholdengo|Gholdengo|100/100
|turn|8
|
|t:|1779649842
|move|p2a: Gholdengo|Shadow Ball|p1a: Ogerpon
|-damage|p1a: Ogerpon|9/100
|move|p1a: Ogerpon|Ivy Cudgel|p2a: Gholdengo|[anim] Ivy Cudgel Water
|-damage|p2a: Gholdengo|28/100
|
|upkeep
|turn|9
|
|t:|1779649848
|move|p2a: Gholdengo|Shadow Ball|p1a: Ogerpon
|-damage|p1a: Ogerpon|0 fnt
|faint|p1a: Ogerpon
|
|upkeep
|
|t:|1779649850
|switch|p1a: Glimmora|Glimmora, F|100/100
|-damage|p1a: Glimmora|88/100|[from] Stealth Rock
|-sideend|p1: slitherwing ily ><|move: Toxic Spikes|[of] p1a: Glimmora
|turn|10
|
|t:|1779649860
|switch|p2a: Great Tusk|Great Tusk|100/100
|-enditem|p2a: Great Tusk|Booster Energy
|-activate|p2a: Great Tusk|ability: Protosynthesis|[fromitem]
|-start|p2a: Great Tusk|protosynthesisatk
|move|p1a: Glimmora|Meteor Beam||[still]
|-prepare|p1a: Glimmora|Meteor Beam
|-boost|p1a: Glimmora|spa|1
|-enditem|p1a: Glimmora|Power Herb
|-anim|p1a: Glimmora|Meteor Beam|p2a: Great Tusk
|-resisted|p2a: Great Tusk
|-damage|p2a: Great Tusk|71/100
|
|upkeep
|turn|11
|
|t:|1779649885
|move|p1a: Glimmora|Mortal Spin|p2a: Great Tusk
|-resisted|p2a: Great Tusk
|-damage|p2a: Great Tusk|68/100
|-status|p2a: Great Tusk|psn
|-sideend|p1: slitherwing ily ><|Stealth Rock|[from] move: Mortal Spin|[of] p1a: Glimmora
|move|p2a: Great Tusk|Rapid Spin|p1a: Glimmora
|-resisted|p1a: Glimmora
|-damage|p1a: Glimmora|81/100
|-boost|p2a: Great Tusk|spe|1
|-activate|p1a: Glimmora|ability: Toxic Debris
|-sidestart|p2: Aeybees|move: Toxic Spikes
|-sideend|p2: Aeybees|Toxic Spikes|[from] move: Rapid Spin|[of] p2a: Great Tusk
|
|-damage|p2a: Great Tusk|56/100 psn|[from] psn
|-sideend|p1: slitherwing ily ><|Reflect
|upkeep
|turn|12
|
|t:|1779649899
|move|p2a: Great Tusk|Headlong Rush|p1a: Glimmora
|-supereffective|p1a: Glimmora
|-damage|p1a: Glimmora|0 fnt
|-unboost|p2a: Great Tusk|def|1
|-unboost|p2a: Great Tusk|spd|1
|-activate|p1a: Glimmora|ability: Toxic Debris
|-sidestart|p2: Aeybees|move: Toxic Spikes
|faint|p1a: Glimmora
|
|-damage|p2a: Great Tusk|43/100 psn|[from] psn
|-sideend|p1: slitherwing ily ><|move: Light Screen
|upkeep
|
|t:|1779649903
|switch|p1a: Deoxys|Deoxys-Speed|100/100
|-ability|p1a: Deoxys|Pressure
|turn|13
|
|t:|1779649912
|switch|p1a: Ceruledge|Ceruledge, F|100/100
|move|p2a: Great Tusk|Rapid Spin|p1a: Ceruledge
|-immune|p1a: Ceruledge
|
|-damage|p2a: Great Tusk|31/100 psn|[from] psn
|upkeep
|turn|14
|
|t:|1779649920
|move|p1a: Ceruledge|Shadow Sneak|p2a: Great Tusk
|-damage|p2a: Great Tusk|8/100 psn
|move|p2a: Great Tusk|Headlong Rush|p1a: Ceruledge
|-supereffective|p1a: Ceruledge
|-crit|p1a: Ceruledge
|-damage|p1a: Ceruledge|0 fnt
|-unboost|p2a: Great Tusk|def|1
|-unboost|p2a: Great Tusk|spd|1
|faint|p1a: Ceruledge
|
|-damage|p2a: Great Tusk|0 fnt|[from] psn
|faint|p2a: Great Tusk
|-end|p2a: Great Tusk|Protosynthesis|[silent]
|upkeep
|
|t:|1779649940
|switch|p1a: Iron Valiant|Iron Valiant|100/100
|switch|p2a: Dragonite|Dragonite, M|100/100
|-enditem|p1a: Iron Valiant|Booster Energy
|-activate|p1a: Iron Valiant|ability: Quark Drive|[fromitem]
|-start|p1a: Iron Valiant|quarkdrivespe
|turn|15
|
|t:|1779649950
|-terastallize|p2a: Dragonite|Normal
|move|p2a: Dragonite|Extreme Speed|p1a: Iron Valiant
|-damage|p1a: Iron Valiant|7/100
|move|p1a: Iron Valiant|Moonblast|p2a: Dragonite
|-damage|p2a: Dragonite|74/100
|
|upkeep
|turn|16
|
|t:|1779649958
|move|p2a: Dragonite|Extreme Speed|p1a: Iron Valiant
|-damage|p1a: Iron Valiant|0 fnt
|faint|p1a: Iron Valiant
|-end|p1a: Iron Valiant|Quark Drive|[silent]
|
|upkeep
|c|☆slitherwing ily ><|gg
|c|☆Aeybees|gg
|l| yuureisuisei
|-message|slitherwing ily >< forfeited.
|
|win|Aeybees
|raw|slitherwing ily &gt;&lt;'s rating: 1714 &rarr; <strong>1692</strong><br />(-22 for losing)
|raw|Aeybees's rating: 1685 &rarr; <strong>1707</strong><br />(+22 for winning)
|l| FaronAan
|l| Azurionos
|l|☆slitherwing ily ><
|player|p1|
