|j|☆Flexliks
|j|‽CakNoel
|t:|1779619194
|gametype|singles
|player|p1|Flexliks|bruno|1236
|player|p2|CakNoel|hoopster|1260
|gen|9
|tier|[Gen 9] OU
|rated|
|rule|HP Percentage Mod: HP is shown in percentages
|rule|Endless Battle Clause: Forcing endless battles is banned
|rule|Species Clause: Limit one of each Pokémon
|rule|OHKO Clause: OHKO moves are banned
|rule|Evasion Items Clause: Evasion items are banned
|rule|Evasion Moves Clause: Evasion moves are banned
|rule|Evasion Abilities Clause: Evasion abilities are banned
|rule|Sleep Moves Clause: Sleep-inducing moves are banned
|clearpoke
|poke|p1|Blaziken, M|
|poke|p1|Landorus-Therian, M|
|poke|p1|Dragapult, M|
|poke|p1|Corviknight, M|
|poke|p1|Primarina, F|
|poke|p1|Gliscor, M|
|poke|p2|Tyranitar, F|
|poke|p2|Excadrill, M|
|poke|p2|Kingambit, F|
|poke|p2|Alomomola, F|
|poke|p2|Ogerpon-Wellspring, F|
|poke|p2|Corviknight, F|
|teampreview
|inactive|Battle timer is ON: inactive players will automatically lose when time's up. (requested by CakNoel)
|
|t:|1779619203
|teamsize|p1|6
|teamsize|p2|6
|start
|switch|p1a: Landorus|Landorus-Therian, M|100/100
|switch|p2a: Tyranitar|Tyranitar, F|100/100
|-ability|p1a: Landorus|Intimidate|boost
|-unboost|p2a: Tyranitar|atk|1
|-weather|Sandstorm|[from] ability: Sand Stream|[of] p2a: Tyranitar
|turn|1
|inactive|Flexliks has 120 seconds left.
|inactive|Flexliks has 90 seconds left.
|
|t:|1779619264
|move|p1a: Landorus|Earth Power|p2a: Tyranitar
|-supereffective|p2a: Tyranitar
|-damage|p2a: Tyranitar|75/100
|move|p2a: Tyranitar|Ice Beam|p1a: Landorus
|-supereffective|p1a: Landorus
|-damage|p1a: Landorus|18/100
|
|-weather|Sandstorm|[upkeep]
|upkeep
|turn|2
|inactive|Flexliks has 90 seconds left.
|
|t:|1779619282
|switch|p1a: Primarina|Primarina, F|100/100
|move|p2a: Tyranitar|Knock Off|p1a: Primarina
|-resisted|p1a: Primarina
|-damage|p1a: Primarina|81/100
|-enditem|p1a: Primarina|Assault Vest|[from] move: Knock Off|[of] p2a: Tyranitar
|
|-weather|Sandstorm|[upkeep]
|-damage|p1a: Primarina|75/100|[from] Sandstorm
|upkeep
|turn|3
|inactive|Flexliks has 90 seconds left.
|
|t:|1779619300
|move|p1a: Primarina|Moonblast|p2a: Tyranitar
|-supereffective|p2a: Tyranitar
|-damage|p2a: Tyranitar|33/100
|move|p2a: Tyranitar|Thunder Wave|p1a: Primarina
|-status|p1a: Primarina|par
|
|-weather|Sandstorm|[upkeep]
|-damage|p1a: Primarina|69/100 par|[from] Sandstorm
|upkeep
|turn|4
|inactive|Flexliks has 90 seconds left.
|
|t:|1779619308
|switch|p2a: Alomomola|Alomomola, F|100/100
|move|p1a: Primarina|Moonblast|p2a: Alomomola
|-damage|p2a: Alomomola|36/100
|-unboost|p2a: Alomomola|spa|1
|
|-weather|Sandstorm|[upkeep]
|-damage|p2a: Alomomola|30/100|[from] Sandstorm
|-damage|p1a: Primarina|62/100 par|[from] Sandstorm
|upkeep
|turn|5
|
|t:|1779619317
|move|p2a: Alomomola|Protect|p2a: Alomomola
|-singleturn|p2a: Alomomola|Protect
|move|p1a: Primarina|Moonblast|p2a: Alomomola
|-activate|p2a: Alomomola|move: Protect
|
|-weather|Sandstorm|[upkeep]
|-damage|p2a: Alomomola|24/100|[from] Sandstorm
|-damage|p1a: Primarina|56/100 par|[from] Sandstorm
|upkeep
|turn|6
|
|t:|1779619327
|move|p2a: Alomomola|Flip Turn|p1a: Primarina
|-resisted|p1a: Primarina
|-damage|p1a: Primarina|45/100 par
|
|t:|1779619330
|switch|p2a: Corviknight|Corviknight, F|100/100|[from] Flip Turn
|-ability|p2a: Corviknight|Pressure
|move|p1a: Primarina|Moonblast|p2a: Corviknight
|-resisted|p2a: Corviknight
|-damage|p2a: Corviknight|73/100
|-unboost|p2a: Corviknight|spa|1
|
|-weather|Sandstorm|[upkeep]
|-damage|p1a: Primarina|39/100 par|[from] Sandstorm
|upkeep
|turn|7
|
|t:|1779619351
|switch|p1a: Corviknight|Corviknight, M|100/100
|-ability|p1a: Corviknight|Pressure
|move|p2a: Corviknight|Brave Bird|p1a: Corviknight
|-resisted|p1a: Corviknight
|-damage|p1a: Corviknight|90/100
|-damage|p2a: Corviknight|56/100|[from] item: Rocky Helmet|[of] p1a: Corviknight
|-damage|p2a: Corviknight|53/100|[from] Recoil
|
|-weather|Sandstorm|[upkeep]
|upkeep
|turn|8
|inactive|Flexliks has 90 seconds left.
|
|t:|1779619372
|move|p1a: Corviknight|Brave Bird|p2a: Corviknight
|-resisted|p2a: Corviknight
|-damage|p2a: Corviknight|42/100
|-damage|p1a: Corviknight|74/100|[from] item: Rocky Helmet|[of] p2a: Corviknight
|-damage|p1a: Corviknight|70/100|[from] Recoil
|move|p2a: Corviknight|Roost|p2a: Corviknight
|-heal|p2a: Corviknight|92/100
|-singleturn|p2a: Corviknight|move: Roost
|
|-weather|none
|upkeep
|turn|9
|inactive|Flexliks has 90 seconds left.
|
|t:|1779619384
|move|p2a: Corviknight|U-turn|p1a: Corviknight
|-resisted|p1a: Corviknight
|-damage|p1a: Corviknight|68/100
|-damage|p2a: Corviknight|76/100|[from] item: Rocky Helmet|[of] p1a: Corviknight
|
|t:|1779619387
|switch|p2a: Alomomola|Alomomola, F|57/100|[from] U-turn
|move|p1a: Corviknight|Brave Bird|p2a: Alomomola
|-damage|p2a: Alomomola|39/100
|-damage|p1a: Corviknight|60/100|[from] Recoil
|
|upkeep
|turn|10
|
|t:|1779619396
|switch|p1a: Primarina|Primarina, F|39/100 par
|move|p2a: Alomomola|Wish|p2a: Alomomola
|
|upkeep
|turn|11
|
|t:|1779619412
|move|p2a: Alomomola|Protect|p2a: Alomomola
|-singleturn|p2a: Alomomola|Protect
|move|p1a: Primarina|Moonblast|p2a: Alomomola
|-activate|p2a: Alomomola|move: Protect
|
|-heal|p2a: Alomomola|89/100|[from] move: Wish|[wisher] Alomomola
|upkeep
|turn|12
|
|t:|1779619431
|move|p2a: Alomomola|Play Rough|p1a: Primarina
|-crit|p1a: Primarina
|-damage|p1a: Primarina|4/100 par
|-unboost|p1a: Primarina|atk|1
|move|p1a: Primarina|Moonblast|p2a: Alomomola
|-damage|p2a: Alomomola|29/100
|-unboost|p2a: Alomomola|spa|1
|
|upkeep
|turn|13
|
|t:|1779619447
|switch|p1a: Corviknight|Corviknight, M|60/100
|-ability|p1a: Corviknight|Pressure
|move|p2a: Alomomola|Flip Turn|p1a: Corviknight
|-damage|p1a: Corviknight|51/100
|-damage|p2a: Alomomola|12/100|[from] item: Rocky Helmet|[of] p1a: Corviknight
|
|t:|1779619452
|switch|p2a: Tyranitar|Tyranitar, F|33/100|[from] Flip Turn
|-weather|Sandstorm|[from] ability: Sand Stream|[of] p2a: Tyranitar
|
|-weather|Sandstorm|[upkeep]
|upkeep
|turn|14
|inactive|Flexliks has 90 seconds left.
|
|t:|1779619496
|move|p1a: Corviknight|U-turn|p2a: Tyranitar
|-supereffective|p2a: Tyranitar
|-damage|p2a: Tyranitar|11/100
|inactive|Flexliks has 90 seconds left.
|
|t:|1779619509
|switch|p1a: Primarina|Primarina, F|4/100 par|[from] U-turn
|move|p2a: Tyranitar|Ice Beam|p1a: Primarina
|-resisted|p1a: Primarina
|-damage|p1a: Primarina|0 fnt
|faint|p1a: Primarina
|
|-weather|Sandstorm|[upkeep]
|upkeep
|
|t:|1779619525
|switch|p1a: Blaziken|Blaziken, M|100/100
|turn|15
|
|t:|1779619530
|move|p1a: Blaziken|Close Combat|p2a: Tyranitar
|-supereffective|p2a: Tyranitar
|-damage|p2a: Tyranitar|0 fnt
|-unboost|p1a: Blaziken|def|1
|-unboost|p1a: Blaziken|spd|1
|faint|p2a: Tyranitar
|-damage|p1a: Blaziken|91/100|[from] item: Life Orb
|
|-weather|Sandstorm|[upkeep]
|-damage|p1a: Blaziken|85/100|[from] Sandstorm
|-ability|p1a: Blaziken|Speed Boost|boost
|-boost|p1a: Blaziken|spe|1
|upkeep
|
|t:|1779619536
|switch|p2a: Excadrill|Excadrill, M|100/100
|turn|16
|inactive|Flexliks has 90 seconds left.
|
|t:|1779619553
|-terastallize|p2a: Excadrill|Ground
|move|p1a: Blaziken|Protect|p1a: Blaziken
|-singleturn|p1a: Blaziken|Protect
|move|p2a: Excadrill|Swords Dance|p2a: Excadrill
|-boost|p2a: Excadrill|atk|2
|
|-weather|Sandstorm|[upkeep]
|-damage|p1a: Blaziken|79/100|[from] Sandstorm
|-ability|p1a: Blaziken|Speed Boost|boost
|-boost|p1a: Blaziken|spe|1
|upkeep
|turn|17
|
|t:|1779619563
|-terastallize|p1a: Blaziken|Fighting
|move|p2a: Excadrill|Earthquake|p1a: Blaziken
|-damage|p1a: Blaziken|0 fnt
|faint|p1a: Blaziken
|-damage|p2a: Excadrill|91/100|[from] item: Life Orb
|
|-weather|Sandstorm|[upkeep]
|upkeep
|
|t:|1779619572
|switch|p1a: Corviknight|Corviknight, M|51/100
|-ability|p1a: Corviknight|Pressure
|turn|18
|
|t:|1779619584
|move|p2a: Excadrill|Iron Head|p1a: Corviknight
|-resisted|p1a: Corviknight
|-damage|p1a: Corviknight|17/100
|-damage|p2a: Excadrill|74/100|[from] item: Rocky Helmet|[of] p1a: Corviknight
|-damage|p2a: Excadrill|64/100|[from] item: Life Orb
|move|p1a: Corviknight|Brave Bird|p2a: Excadrill
|-damage|p2a: Excadrill|14/100
|-damage|p1a: Corviknight|3/100|[from] Recoil
|
|-weather|Sandstorm|[upkeep]
|upkeep
|turn|19
|inactive|Flexliks has 90 seconds left.
|
|t:|1779619595
|switch|p2a: Alomomola|Alomomola, F|45/100
|move|p1a: Corviknight|Brave Bird|p2a: Alomomola
|-damage|p2a: Alomomola|26/100
|-damage|p1a: Corviknight|0 fnt|[from] Recoil
|faint|p1a: Corviknight
|
|-weather|Sandstorm|[upkeep]
|-damage|p2a: Alomomola|20/100|[from] Sandstorm
|upkeep
|
|t:|1779619607
|switch|p1a: Gliscor|Gliscor, M|100/100
|turn|20
|
|t:|1779619621
|move|p1a: Gliscor|Knock Off|p2a: Alomomola
|-damage|p2a: Alomomola|9/100
|-enditem|p2a: Alomomola|Heavy-Duty Boots|[from] move: Knock Off|[of] p1a: Gliscor
|move|p2a: Alomomola|Flip Turn|p1a: Gliscor
|-supereffective|p1a: Gliscor
|-damage|p1a: Gliscor|75/100
|
|t:|1779619624
|switch|p2a: Ogerpon|Ogerpon-Wellspring, F|100/100|[from] Flip Turn
|
|-weather|none
|-status|p1a: Gliscor|tox|[from] item: Toxic Orb
|upkeep
|turn|21
|
|t:|1779619634
|move|p1a: Gliscor|Protect|p1a: Gliscor
|-singleturn|p1a: Gliscor|Protect
|move|p2a: Ogerpon|Encore|p1a: Gliscor
|-activate|p1a: Gliscor|move: Protect
|
|-heal|p1a: Gliscor|87/100 tox|[from] ability: Poison Heal
|upkeep
|turn|22
|
|t:|1779619645
|move|p2a: Ogerpon|Ivy Cudgel|p1a: Gliscor|[anim] Ivy Cudgel Water
|-supereffective|p1a: Gliscor
|-damage|p1a: Gliscor|0 fnt
|faint|p1a: Gliscor
|
|upkeep
|
|t:|1779619650
|switch|p1a: Dragapult|Dragapult, M|100/100
|turn|23
|
|t:|1779619656
|switch|p2a: Excadrill|Excadrill, M, tera:Ground|14/100
|move|p1a: Dragapult|Draco Meteor|p2a: Excadrill
|-damage|p2a: Excadrill|0 fnt
|-unboost|p1a: Dragapult|spa|2
|faint|p2a: Excadrill
|
|upkeep
|
|t:|1779619669
|switch|p2a: Kingambit|Kingambit, F|100/100
|-activate|p2a: Kingambit|ability: Supreme Overlord
|-start|p2a: Kingambit|fallen2|[silent]
|turn|24
|
|t:|1779619673
|switch|p1a: Landorus|Landorus-Therian, M|18/100
|-ability|p1a: Landorus|Intimidate|boost
|-unboost|p2a: Kingambit|atk|1
|move|p2a: Kingambit|Swords Dance|p2a: Kingambit
|-boost|p2a: Kingambit|atk|2
|
|upkeep
|turn|25
|inactive|Flexliks has 120 seconds left.
|
|t:|1779619687
|move|p2a: Kingambit|Sucker Punch||[still]
|-fail|p2a: Kingambit
|move|p1a: Landorus|Stealth Rock|p2a: Kingambit
|-sidestart|p2: CakNoel|move: Stealth Rock
|
|upkeep
|turn|26
|
|t:|1779619692
|move|p2a: Kingambit|Sucker Punch|p1a: Landorus
|-damage|p1a: Landorus|0 fnt
|-damage|p2a: Kingambit|84/100|[from] item: Rocky Helmet|[of] p1a: Landorus
|faint|p1a: Landorus
|
|-heal|p2a: Kingambit|90/100|[from] item: Leftovers
|upkeep
|
|t:|1779619699
|switch|p1a: Dragapult|Dragapult, M|100/100
|turn|27
|
|t:|1779619704
|move|p2a: Kingambit|Sucker Punch|p1a: Dragapult
|-supereffective|p1a: Dragapult
|-damage|p1a: Dragapult|0 fnt
|faint|p1a: Dragapult
|
|win|CakNoel
|raw|Flexliks's rating: 1236 &rarr; <strong>1213</strong><br />(-23 for losing)
|raw|CakNoel's rating: 1260 &rarr; <strong>1283</strong><br />(+23 for winning)
