|j|☆Aaapinhen02
|j|‽Gowtered
|t:|1779707903
|gametype|singles
|player|p1|Aaapinhen02|marlon|1456
|player|p2|Gowtered|crasherwake|1362
|gen|9
|tier|[Gen 9] OU
|rated|
|rule|HP Percentage Mod: HP is shown in percentages
|rule|Endless Battle Clause: Forcing endless battles is banned
|rule|Species Clause: Limit one of each Pokémon
|rule|OHKO Clause: OHKO moves are banned
|rule|Evasion Items Clause: Evasion items are banned
|rule|Evasion Moves Clause: Evasion moves are banned
|rule|Evasion Abilities Clause: Evasion abilities are banned
|rule|Sleep Moves Clause: Sleep-inducing moves are banned
|clearpoke
|poke|p1|Pelipper, M|
|poke|p1|Tornadus-Therian, M|
|poke|p1|Iron Treads|
|poke|p1|Decidueye-Hisui, M|
|poke|p1|Barraskewda, M|
|poke|p1|Raging Bolt|
|poke|p2|Darkrai|
|poke|p2|Great Tusk|
|poke|p2|Ceruledge, M|
|poke|p2|Heatran, F|
|poke|p2|Toxapex, F|
|poke|p2|Landorus-Therian, M|
|teampreview
|inactive|Battle timer is ON: inactive players will automatically lose when time's up. (requested by Gowtered)
|
|t:|1779707914
|teamsize|p1|6
|teamsize|p2|6
|start
|switch|p1a: Pelipper|Pelipper, M|100/100
|switch|p2a: Darkrai|Darkrai|100/100
|-weather|RainDance|[from] ability: Drizzle|[of] p1a: Pelipper
|turn|1
|
|t:|1779707938
|switch|p1a: Iron Treads|Iron Treads|100/100
|-terastallize|p2a: Darkrai|Dark
|move|p2a: Darkrai|Dark Pulse|p1a: Iron Treads
|-damage|p1a: Iron Treads|31/100
|
|-weather|RainDance|[upkeep]
|-heal|p1a: Iron Treads|37/100|[from] item: Leftovers
|upkeep
|turn|2
|
|t:|1779707951
|move|p2a: Darkrai|Dark Pulse|p1a: Iron Treads
|-damage|p1a: Iron Treads|0 fnt
|faint|p1a: Iron Treads
|-end|p1a: Iron Treads|Quark Drive|[silent]
|
|-weather|RainDance|[upkeep]
|upkeep
|
|t:|1779707956
|switch|p1a: Barraskewda|Barraskewda, M|100/100
|turn|3
|
|t:|1779707964
|switch|p2a: Toxapex|Toxapex, F|100/100
|-terastallize|p1a: Barraskewda|Water
|move|p1a: Barraskewda|Flip Turn|p2a: Toxapex
|-resisted|p2a: Toxapex
|-damage|p2a: Toxapex|73/100
|-damage|p1a: Barraskewda|84/100|[from] item: Rocky Helmet|[of] p2a: Toxapex
|-damage|p1a: Barraskewda|74/100|[from] item: Life Orb
|
|t:|1779707980
|switch|p1a: Tornadus|Tornadus-Therian, M|100/100|[from] Flip Turn
|
|-weather|RainDance|[upkeep]
|upkeep
|turn|4
|
|t:|1779707986
|move|p1a: Tornadus|Hurricane|p2a: Toxapex
|-damage|p2a: Toxapex|14/100
|move|p2a: Toxapex|Toxic Spikes|p1a: Tornadus
|-sidestart|p1: Aaapinhen02|move: Toxic Spikes
|
|-weather|RainDance|[upkeep]
|upkeep
|turn|5
|
|t:|1779707992
|switch|p2a: Heatran|Heatran, F|100/100
|-item|p2a: Heatran|Air Balloon
|move|p1a: Tornadus|Hurricane|p2a: Heatran
|-resisted|p2a: Heatran
|-damage|p2a: Heatran|69/100
|-start|p2a: Heatran|confusion
|-enditem|p2a: Heatran|Air Balloon
|
|-weather|RainDance|[upkeep]
|upkeep
|turn|6
|
|t:|1779708015
|switch|p1a: Raging Bolt|Raging Bolt|100/100
|-status|p1a: Raging Bolt|psn
|-enditem|p1a: Raging Bolt|Booster Energy
|-activate|p1a: Raging Bolt|ability: Protosynthesis|[fromitem]
|-start|p1a: Raging Bolt|protosynthesisspa
|switch|p2a: Toxapex|Toxapex, F|47/100
|
|-weather|RainDance|[upkeep]
|-damage|p1a: Raging Bolt|88/100 psn|[from] psn
|upkeep
|turn|7
|
|t:|1779708041
|switch|p2a: Heatran|Heatran, F|69/100
|move|p1a: Raging Bolt|Weather Ball|p2a: Heatran
|-supereffective|p2a: Heatran
|-damage|p2a: Heatran|0 fnt
|faint|p2a: Heatran
|
|-weather|RainDance|[upkeep]
|-damage|p1a: Raging Bolt|76/100 psn|[from] psn
|upkeep
|
|t:|1779708051
|switch|p2a: Landorus|Landorus-Therian, M|100/100
|-ability|p2a: Landorus|Intimidate|boost
|-unboost|p1a: Raging Bolt|atk|1
|turn|8
|
|t:|1779708055
|-end|p1a: Raging Bolt|Protosynthesis|[silent]
|switch|p1a: Decidueye|Decidueye-Hisui, M|100/100
|-status|p1a: Decidueye|psn
|move|p2a: Landorus|Earthquake|p1a: Decidueye
|-resisted|p1a: Decidueye
|-damage|p1a: Decidueye|79/100 psn
|
|-weather|none
|-damage|p1a: Decidueye|67/100 psn|[from] psn
|upkeep
|turn|9
|
|t:|1779708065
|switch|p2a: Toxapex|Toxapex, F|81/100
|move|p1a: Decidueye|Defog|p2a: Toxapex
|-unboost|p2a: Toxapex|evasion|1
|-sideend|p1: Aaapinhen02|Toxic Spikes|[from] move: Defog|[of] p1a: Decidueye
|
|-damage|p1a: Decidueye|54/100 psn|[from] psn
|upkeep
|turn|10
|
|t:|1779708073
|move|p1a: Decidueye|U-turn|p2a: Toxapex
|-resisted|p2a: Toxapex
|-damage|p2a: Toxapex|75/100
|-damage|p1a: Decidueye|38/100 psn|[from] item: Rocky Helmet|[of] p2a: Toxapex
|
|t:|1779708078
|switch|p1a: Raging Bolt|Raging Bolt|76/100 psn|[from] U-turn
|move|p2a: Toxapex|Toxic||[still]
|-fail|p2a: Toxapex
|
|-damage|p1a: Raging Bolt|64/100 psn|[from] psn
|upkeep
|turn|11
|
|t:|1779708087
|switch|p2a: Landorus|Landorus-Therian, M|100/100
|-ability|p2a: Landorus|Intimidate|boost
|-unboost|p1a: Raging Bolt|atk|1
|move|p1a: Raging Bolt|Dragon Pulse|p2a: Landorus
|-damage|p2a: Landorus|28/100
|
|-damage|p1a: Raging Bolt|51/100 psn|[from] psn
|upkeep
|turn|12
|
|t:|1779708095
|-end|p1a: Raging Bolt|Protosynthesis|[silent]
|switch|p1a: Pelipper|Pelipper, M|100/100
|-weather|RainDance|[from] ability: Drizzle|[of] p1a: Pelipper
|move|p2a: Landorus|Stealth Rock|p1a: Pelipper
|-sidestart|p1: Aaapinhen02|move: Stealth Rock
|
|-weather|RainDance|[upkeep]
|upkeep
|turn|13
|
|t:|1779708104
|switch|p2a: Toxapex|Toxapex, F|100/100
|move|p1a: Pelipper|U-turn|p2a: Toxapex
|-resisted|p2a: Toxapex
|-damage|p2a: Toxapex|98/100
|-damage|p1a: Pelipper|84/100|[from] item: Rocky Helmet|[of] p2a: Toxapex
|
|t:|1779708112
|switch|p1a: Tornadus|Tornadus-Therian, M|100/100|[from] U-turn
|-damage|p1a: Tornadus|76/100|[from] Stealth Rock
|
|-weather|RainDance|[upkeep]
|upkeep
|turn|14
|
|t:|1779708123
|move|p1a: Tornadus|U-turn|p2a: Toxapex
|-resisted|p2a: Toxapex
|-damage|p2a: Toxapex|93/100
|-damage|p1a: Tornadus|59/100|[from] item: Rocky Helmet|[of] p2a: Toxapex
|
|t:|1779708126
|switch|p1a: Decidueye|Decidueye-Hisui, M|38/100 psn|[from] U-turn
|-damage|p1a: Decidueye|32/100 psn|[from] Stealth Rock
|move|p2a: Toxapex|Toxic||[still]
|-fail|p2a: Toxapex
|
|-weather|RainDance|[upkeep]
|-damage|p1a: Decidueye|19/100 psn|[from] psn
|upkeep
|turn|15
|inactive|Gowtered has 120 seconds left.
|
|t:|1779708157
|move|p1a: Decidueye|Roost|p1a: Decidueye
|-heal|p1a: Decidueye|69/100 psn
|-singleturn|p1a: Decidueye|move: Roost
|move|p2a: Toxapex|Toxic Spikes|p1a: Decidueye
|-sidestart|p1: Aaapinhen02|move: Toxic Spikes
|
|-weather|RainDance|[upkeep]
|-damage|p1a: Decidueye|57/100 psn|[from] psn
|upkeep
|turn|16
|inactive|Gowtered has 120 seconds left.
|
|t:|1779708168
|move|p1a: Decidueye|Defog|p2a: Toxapex
|-unboost|p2a: Toxapex|evasion|1
|-sideend|p1: Aaapinhen02|Toxic Spikes|[from] move: Defog|[of] p1a: Decidueye
|-sideend|p1: Aaapinhen02|Stealth Rock|[from] move: Defog|[of] p1a: Decidueye
|move|p2a: Toxapex|Chilling Water|p1a: Decidueye
|-resisted|p1a: Decidueye
|-crit|p1a: Decidueye
|-damage|p1a: Decidueye|45/100 psn
|-unboost|p1a: Decidueye|atk|1
|
|-weather|RainDance|[upkeep]
|-damage|p1a: Decidueye|33/100 psn|[from] psn
|upkeep
|turn|17
|
|t:|1779708178
|switch|p1a: Raging Bolt|Raging Bolt|51/100 psn
|move|p2a: Toxapex|Toxic Spikes|p1a: Raging Bolt
|-sidestart|p1: Aaapinhen02|move: Toxic Spikes
|
|-weather|RainDance|[upkeep]
|-damage|p1a: Raging Bolt|39/100 psn|[from] psn
|upkeep
|turn|18
|inactive|Gowtered has 120 seconds left.
|
|t:|1779708204
|switch|p2a: Landorus|Landorus-Therian, M|28/100
|-ability|p2a: Landorus|Intimidate|boost
|-unboost|p1a: Raging Bolt|atk|1
|move|p1a: Raging Bolt|Thunder|p2a: Landorus
|-immune|p2a: Landorus
|
|-weather|RainDance|[upkeep]
|-damage|p1a: Raging Bolt|27/100 psn|[from] psn
|upkeep
|turn|19
|inactive|Gowtered has 120 seconds left.
|
|t:|1779708214
|-end|p1a: Raging Bolt|Protosynthesis|[silent]
|switch|p1a: Tornadus|Tornadus-Therian, M|92/100
|move|p2a: Landorus|Smack Down|p1a: Tornadus
|-supereffective|p1a: Tornadus
|-damage|p1a: Tornadus|37/100
|-start|p1a: Tornadus|Smack Down
|
|-weather|none
|upkeep
|turn|20
|
|t:|1779708224
|switch|p1a: Pelipper|Pelipper, M|84/100
|-weather|RainDance|[from] ability: Drizzle|[of] p1a: Pelipper
|move|p2a: Landorus|Smack Down|p1a: Pelipper
|-supereffective|p1a: Pelipper
|-damage|p1a: Pelipper|54/100
|-start|p1a: Pelipper|Smack Down
|
|-weather|RainDance|[upkeep]
|upkeep
|turn|21
|j| testingrainteam1
|
|t:|1779708236
|switch|p2a: Toxapex|Toxapex, F|100/100
|switch|p1a: Decidueye|Decidueye-Hisui, M|33/100 psn
|
|-weather|RainDance|[upkeep]
|-damage|p1a: Decidueye|21/100 psn|[from] psn
|upkeep
|turn|22
|
|t:|1779708245
|move|p1a: Decidueye|Roost|p1a: Decidueye
|-heal|p1a: Decidueye|71/100 psn
|-singleturn|p1a: Decidueye|move: Roost
|move|p2a: Toxapex|Toxic Spikes|p1a: Decidueye
|-sidestart|p1: Aaapinhen02|move: Toxic Spikes
|
|-weather|RainDance|[upkeep]
|-damage|p1a: Decidueye|58/100 psn|[from] psn
|upkeep
|turn|23
|
|t:|1779708252
|move|p1a: Decidueye|Defog|p2a: Toxapex
|-unboost|p2a: Toxapex|evasion|1
|-sideend|p1: Aaapinhen02|Toxic Spikes|[from] move: Defog|[of] p1a: Decidueye
|move|p2a: Toxapex|Toxic Spikes|p1a: Decidueye
|-sidestart|p1: Aaapinhen02|move: Toxic Spikes
|
|-weather|RainDance|[upkeep]
|-damage|p1a: Decidueye|46/100 psn|[from] psn
|upkeep
|turn|24
|
|t:|1779708261
|move|p1a: Decidueye|Roost|p1a: Decidueye
|-heal|p1a: Decidueye|96/100 psn
|-singleturn|p1a: Decidueye|move: Roost
|move|p2a: Toxapex|Chilling Water|p1a: Decidueye
|-resisted|p1a: Decidueye
|-damage|p1a: Decidueye|89/100 psn
|-unboost|p1a: Decidueye|atk|1
|
|-weather|RainDance|[upkeep]
|-damage|p1a: Decidueye|76/100 psn|[from] psn
|upkeep
|turn|25
|
|t:|1779708270
|move|p1a: Decidueye|Triple Arrows|p2a: Toxapex
|-resisted|p2a: Toxapex
|-damage|p2a: Toxapex|93/100
|-unboost|p2a: Toxapex|def|1
|move|p2a: Toxapex|Toxic Spikes|p1a: Decidueye
|-sidestart|p1: Aaapinhen02|move: Toxic Spikes
|
|-weather|RainDance|[upkeep]
|-damage|p1a: Decidueye|64/100 psn|[from] psn
|upkeep
|turn|26
|
|t:|1779708283
|move|p1a: Decidueye|Triple Arrows|p2a: Toxapex
|-resisted|p2a: Toxapex
|-damage|p2a: Toxapex|83/100
|-unboost|p2a: Toxapex|def|1
|move|p2a: Toxapex|Chilling Water|p1a: Decidueye
|-resisted|p1a: Decidueye
|-damage|p1a: Decidueye|56/100 psn
|-unboost|p1a: Decidueye|atk|1
|
|-weather|RainDance|[upkeep]
|-damage|p1a: Decidueye|44/100 psn|[from] psn
|upkeep
|turn|27
|l| testingrainteam1
|
|t:|1779708294
|move|p1a: Decidueye|Roost|p1a: Decidueye
|-heal|p1a: Decidueye|94/100 psn
|-singleturn|p1a: Decidueye|move: Roost
|move|p2a: Toxapex|Chilling Water|p1a: Decidueye
|-resisted|p1a: Decidueye
|-damage|p1a: Decidueye|86/100 psn
|-unboost|p1a: Decidueye|atk|1
|
|-weather|none
|-damage|p1a: Decidueye|74/100 psn|[from] psn
|upkeep
|turn|28
|
|t:|1779708306
|switch|p2a: Darkrai|Darkrai, tera:Dark|100/100
|move|p1a: Decidueye|Defog|p2a: Darkrai
|-unboost|p2a: Darkrai|evasion|1
|-sideend|p1: Aaapinhen02|Toxic Spikes|[from] move: Defog|[of] p1a: Decidueye
|
|-damage|p1a: Decidueye|62/100 psn|[from] psn
|upkeep
|turn|29
|
|t:|1779708316
|switch|p1a: Pelipper|Pelipper, M|54/100
|-weather|RainDance|[from] ability: Drizzle|[of] p1a: Pelipper
|move|p2a: Darkrai|Ice Beam|p1a: Pelipper
|-damage|p1a: Pelipper|0 fnt
|faint|p1a: Pelipper
|
|-weather|RainDance|[upkeep]
|upkeep
|l|‽Gowtered
|inactive|Gowtered disconnected and has a minute to reconnect!
|player|p2|
|
|t:|1779708325
|switch|p1a: Barraskewda|Barraskewda, M, tera:Water|74/100
|turn|30
|j|‽Gowtered
|inactive|Gowtered reconnected and has 150 seconds left.
|player|p2|Gowtered|crasherwake|
|n|‽Gowtered|gowtered
|
|t:|1779708336
|switch|p1a: Tornadus|Tornadus-Therian, M|70/100
|switch|p2a: Toxapex|Toxapex, F|100/100
|
|-weather|RainDance|[upkeep]
|upkeep
|turn|31
|
|t:|1779708344
|move|p1a: Tornadus|Hurricane|p2a: Toxapex
|-damage|p2a: Toxapex|41/100
|-start|p2a: Toxapex|confusion
|-activate|p2a: Toxapex|confusion
|move|p2a: Toxapex|Chilling Water|p1a: Tornadus
|-damage|p1a: Tornadus|52/100
|-unboost|p1a: Tornadus|atk|1
|
|-weather|RainDance|[upkeep]
|upkeep
|turn|32
|
|t:|1779708353
|switch|p2a: Landorus|Landorus-Therian, M|28/100
|-ability|p2a: Landorus|Intimidate|boost
|-unboost|p1a: Tornadus|atk|1
|move|p1a: Tornadus|Hurricane|p2a: Landorus
|-damage|p2a: Landorus|0 fnt
|faint|p2a: Landorus
|
|-weather|RainDance|[upkeep]
|upkeep
|
|t:|1779708361
|switch|p2a: Darkrai|Darkrai, tera:Dark|100/100
|turn|33
|
|t:|1779708367
|switch|p1a: Decidueye|Decidueye-Hisui, M|62/100 psn
|move|p2a: Darkrai|Dark Pulse|p1a: Decidueye
|-resisted|p1a: Decidueye
|-damage|p1a: Decidueye|23/100 psn
|
|-weather|RainDance|[upkeep]
|-damage|p1a: Decidueye|11/100 psn|[from] psn
|upkeep
|turn|34
|l|☆Aaapinhen02
|inactive|Aaapinhen02 disconnected and has a minute to reconnect!
|player|p1|
|inactive|Gowtered has 120 seconds left.
|
|t:|1779708398
|move|p2a: Darkrai|Dark Pulse|p1a: Decidueye
|-resisted|p1a: Decidueye
|-damage|p1a: Decidueye|0 fnt
|faint|p1a: Decidueye
|
|-weather|RainDance|[upkeep]
|upkeep
|inactive|Aaapinhen02 has 30 seconds to reconnect!
|inactive|Aaapinhen02 has 20 seconds to reconnect!
|inactive|Aaapinhen02 has 15 seconds to reconnect!
|inactive|Aaapinhen02 has 10 seconds to reconnect!
|inactive|Aaapinhen02 has 5 seconds to reconnect!
|-message|Aaapinhen02 lost due to inactivity.
|
|win|Gowtered
|raw|Aaapinhen02's rating: 1456 &rarr; <strong>1431</strong><br />(-25 for losing)
|raw|Gowtered's rating: 1362 &rarr; <strong>1387</strong><br />(+25 for winning)
|l|‽Gowtered
|player|p2|
