|j|☆PokeAbl052417015ub
|j|☆keqingmakesmewet
|t:|1779657460
|gametype|singles
|player|p1|PokeAbl052417015ub|101|1154
|player|p2|keqingmakesmewet|acetrainerf|1215
|gen|9
|tier|[Gen 9] OU
|rated|
|rule|HP Percentage Mod: HP is shown in percentages
|rule|Endless Battle Clause: Forcing endless battles is banned
|rule|Species Clause: Limit one of each Pokémon
|rule|OHKO Clause: OHKO moves are banned
|rule|Evasion Items Clause: Evasion items are banned
|rule|Evasion Moves Clause: Evasion moves are banned
|rule|Evasion Abilities Clause: Evasion abilities are banned
|rule|Sleep Moves Clause: Sleep-inducing moves are banned
|clearpoke
|poke|p1|Glimmora, M|
|poke|p1|Great Tusk|
|poke|p1|Gholdengo|
|poke|p1|Dragapult, M|
|poke|p1|Primarina, M|
|poke|p1|Kingambit, F|
|poke|p2|Rotom-Wash|
|poke|p2|Landorus-Therian, M|
|poke|p2|Latios, M|
|poke|p2|Scizor, M|
|poke|p2|Flygon, M|
|poke|p2|Vikavolt, F|
|teampreview
|inactive|Battle timer is ON: inactive players will automatically lose when time's up. (requested by PokeAbl052417015ub)
|
|t:|1779657471
|teamsize|p1|6
|teamsize|p2|6
|start
|switch|p1a: Primarina|Primarina, M|100/100
|switch|p2a: Flygon|Flygon, M|100/100
|turn|1
|
|t:|1779657475
|move|p2a: Flygon|U-turn|p1a: Primarina
|-resisted|p1a: Primarina
|-damage|p1a: Primarina|84/100
|-damage|p2a: Flygon|91/100|[from] item: Life Orb
|
|t:|1779657478
|switch|p2a: Rotom|Rotom-Wash|100/100|[from] U-turn
|move|p1a: Primarina|Moonblast|p2a: Rotom
|-damage|p2a: Rotom|25/100
|-unboost|p2a: Rotom|spa|1
|
|upkeep
|turn|2
|
|t:|1779657484
|move|p2a: Rotom|Volt Switch|p1a: Primarina
|-supereffective|p1a: Primarina
|-damage|p1a: Primarina|54/100
|
|t:|1779657489
|switch|p2a: Vikavolt|Vikavolt, F|100/100|[from] Volt Switch
|move|p1a: Primarina|Surf|p2a: Vikavolt
|-damage|p2a: Vikavolt|62/100
|
|upkeep
|turn|3
|
|t:|1779657494
|move|p1a: Primarina|Surf|p2a: Vikavolt
|-damage|p2a: Vikavolt|19/100
|move|p2a: Vikavolt|Volt Switch|p1a: Primarina
|-supereffective|p1a: Primarina
|-damage|p1a: Primarina|2/100
|
|t:|1779657499
|switch|p2a: Flygon|Flygon, M|91/100|[from] Volt Switch
|
|upkeep
|turn|4
|
|t:|1779657504
|move|p2a: Flygon|U-turn|p1a: Primarina
|-resisted|p1a: Primarina
|-damage|p1a: Primarina|0 fnt
|faint|p1a: Primarina
|-damage|p2a: Flygon|81/100|[from] item: Life Orb
|
|t:|1779657511
|switch|p2a: Scizor|Scizor, M|100/100|[from] U-turn
|
|upkeep
|
|t:|1779657516
|switch|p1a: Great Tusk|Great Tusk|100/100
|turn|5
|
|t:|1779657521
|move|p1a: Great Tusk|Knock Off|p2a: Scizor
|-damage|p2a: Scizor|64/100
|-enditem|p2a: Scizor|Choice Band|[from] move: Knock Off|[of] p1a: Great Tusk
|move|p2a: Scizor|U-turn|p1a: Great Tusk
|-resisted|p1a: Great Tusk
|-damage|p1a: Great Tusk|87/100
|
|t:|1779657527
|switch|p2a: Flygon|Flygon, M|81/100|[from] U-turn
|
|upkeep
|turn|6
|
|t:|1779657534
|move|p2a: Flygon|Stealth Rock|p1a: Great Tusk
|-sidestart|p1: PokeAbl052417015ub|move: Stealth Rock
|move|p1a: Great Tusk|Ice Spinner|p2a: Flygon
|-supereffective|p2a: Flygon
|-damage|p2a: Flygon|0 fnt
|faint|p2a: Flygon
|
|upkeep
|
|t:|1779657537
|switch|p2a: Latios|Latios, M|100/100
|turn|7
|
|t:|1779657542
|-end|p1a: Great Tusk|Protosynthesis|[silent]
|switch|p1a: Kingambit|Kingambit, F|100/100
|-damage|p1a: Kingambit|94/100|[from] Stealth Rock
|-activate|p1a: Kingambit|ability: Supreme Overlord
|-start|p1a: Kingambit|fallen1|[silent]
|move|p2a: Latios|Draco Meteor|p1a: Kingambit|[miss]
|-miss|p2a: Latios|p1a: Kingambit
|
|upkeep
|turn|8
|
|t:|1779657548
|switch|p2a: Vikavolt|Vikavolt, F|19/100
|move|p1a: Kingambit|Kowtow Cleave|p2a: Vikavolt
|-damage|p2a: Vikavolt|0 fnt
|faint|p2a: Vikavolt
|
|upkeep
|
|t:|1779657550
|switch|p2a: Landorus|Landorus-Therian, M|100/100
|-ability|p2a: Landorus|Intimidate|boost
|-unboost|p1a: Kingambit|atk|1
|turn|9
|
|t:|1779657560
|-end|p1a: Kingambit|fallen1|[silent]
|switch|p1a: Gholdengo|Gholdengo|100/100
|-damage|p1a: Gholdengo|94/100|[from] Stealth Rock
|-item|p1a: Gholdengo|Air Balloon
|move|p2a: Landorus|Earthquake|p1a: Gholdengo
|-immune|p1a: Gholdengo
|
|upkeep
|turn|10
|
|t:|1779657565
|move|p2a: Landorus|U-turn|p1a: Gholdengo
|-resisted|p1a: Gholdengo
|-damage|p1a: Gholdengo|88/100
|-enditem|p1a: Gholdengo|Air Balloon
|
|t:|1779657569
|switch|p2a: Scizor|Scizor, M|64/100|[from] U-turn
|move|p1a: Gholdengo|Nasty Plot|p1a: Gholdengo
|-boost|p1a: Gholdengo|spa|2
|
|upkeep
|turn|11
|
|t:|1779657574
|move|p1a: Gholdengo|Shadow Ball|p2a: Scizor
|-damage|p2a: Scizor|0 fnt
|faint|p2a: Scizor
|
|upkeep
|
|t:|1779657579
|switch|p2a: Landorus|Landorus-Therian, M|100/100
|-ability|p2a: Landorus|Intimidate|boost
|-unboost|p1a: Gholdengo|atk|1
|turn|12
|
|t:|1779657584
|-terastallize|p1a: Gholdengo|Fairy
|move|p2a: Landorus|Earthquake|p1a: Gholdengo
|-damage|p1a: Gholdengo|27/100
|move|p1a: Gholdengo|Make It Rain|p2a: Landorus
|-damage|p2a: Landorus|0 fnt
|-unboost|p1a: Gholdengo|spa|1
|faint|p2a: Landorus
|
|upkeep
|
|t:|1779657588
|switch|p2a: Rotom|Rotom-Wash|25/100
|turn|13
|
|t:|1779657593
|move|p2a: Rotom|Hydro Pump|p1a: Gholdengo|[miss]
|-miss|p2a: Rotom|p1a: Gholdengo
|move|p1a: Gholdengo|Shadow Ball|p2a: Rotom
|-damage|p2a: Rotom|0 fnt
|faint|p2a: Rotom
|
|upkeep
|
|t:|1779657595
|switch|p2a: Latios|Latios, M|100/100
|turn|14
|-message|keqingmakesmewet forfeited.
|
|win|PokeAbl052417015ub
|raw|PokeAbl052417015ub's rating: 1154 &rarr; <strong>1183</strong><br />(+29 for winning)
|raw|keqingmakesmewet's rating: 1215 &rarr; <strong>1186</strong><br />(-29 for losing)
|l|☆keqingmakesmewet
|player|p2|
