|j|☆my shitters
|j|☆Palm X
|t:|1779640493
|gametype|singles
|player|p1|my shitters|dancer-gen7|1518
|player|p2|Palm X|caitlin|1481
|gen|9
|tier|[Gen 9] OU
|rated|
|rule|HP Percentage Mod: HP is shown in percentages
|rule|Endless Battle Clause: Forcing endless battles is banned
|rule|Species Clause: Limit one of each Pokémon
|rule|OHKO Clause: OHKO moves are banned
|rule|Evasion Items Clause: Evasion items are banned
|rule|Evasion Moves Clause: Evasion moves are banned
|rule|Evasion Abilities Clause: Evasion abilities are banned
|rule|Sleep Moves Clause: Sleep-inducing moves are banned
|clearpoke
|poke|p1|Sableye, M|
|poke|p1|Alcremie-Ruby-Swirl, F|
|poke|p1|Squawkabilly-Blue, F|
|poke|p1|Primeape, M|
|poke|p1|Brute Bonnet|
|poke|p1|Ursaring, F|
|poke|p2|Samurott-Hisui, M|
|poke|p2|Ting-Lu|
|poke|p2|Darkrai|
|poke|p2|Hatterene, F|
|poke|p2|Corviknight, F|
|poke|p2|Zamazenta-*|
|teampreview
|inactive|Battle timer is ON: inactive players will automatically lose when time's up. (requested by my shitters)
|inactive|Palm X also wants the timer to be on.
|inactive|my shitters has 120 seconds left.
|inactive|my shitters has 90 seconds left.
|
|t:|1779640570
|teamsize|p1|6
|teamsize|p2|6
|start
|switch|p1a: UngaBoonguss|Brute Bonnet|100/100
|switch|p2a: NoDominicanPapi|Samurott-Hisui, M|100/100
|-enditem|p1a: UngaBoonguss|Booster Energy
|-activate|p1a: UngaBoonguss|ability: Protosynthesis|[fromitem]
|-start|p1a: UngaBoonguss|protosynthesisatk
|turn|1
|
|t:|1779640579
|move|p2a: NoDominicanPapi|Flip Turn|p1a: UngaBoonguss
|-resisted|p1a: UngaBoonguss
|-damage|p1a: UngaBoonguss|89/100
|
|t:|1779640582
|switch|p2a: Edgar Hoe|Corviknight, F|100/100|[from] Flip Turn
|-ability|p2a: Edgar Hoe|Pressure
|move|p1a: UngaBoonguss|Seed Bomb|p2a: Edgar Hoe
|-resisted|p2a: Edgar Hoe
|-damage|p2a: Edgar Hoe|92/100
|
|upkeep
|turn|2
|
|t:|1779640604
|-end|p1a: UngaBoonguss|Protosynthesis|[silent]
|switch|p1a: GemPostin|Sableye, M|100/100
|move|p2a: Edgar Hoe|Body Press|p1a: GemPostin
|-immune|p1a: GemPostin
|
|upkeep
|turn|3
|
|t:|1779640609
|switch|p2a: OMG A WOMAN|Hatterene, F|100/100
|move|p1a: GemPostin|Reflect|p1a: GemPostin
|-sidestart|p1: my shitters|Reflect
|
|upkeep
|turn|4
|
|t:|1779640617
|switch|p1a: OnePunchBear|Ursaring, F|100/100
|move|p2a: OMG A WOMAN|Nuzzle|p1a: OnePunchBear
|-damage|p1a: OnePunchBear|98/100
|-status|p1a: OnePunchBear|par
|
|upkeep
|turn|5
|
|t:|1779640626
|switch|p2a: Edgar Hoe|Corviknight, F|92/100
|-ability|p2a: Edgar Hoe|Pressure
|cant|p1a: OnePunchBear|par
|
|upkeep
|turn|6
|
|t:|1779640632
|move|p2a: Edgar Hoe|Iron Defense|p2a: Edgar Hoe
|-boost|p2a: Edgar Hoe|def|2
|move|p1a: OnePunchBear|Swords Dance|p1a: OnePunchBear
|-boost|p1a: OnePunchBear|atk|2
|
|upkeep
|turn|7
|
|t:|1779640636
|switch|p1a: GemPostin|Sableye, M|100/100
|move|p2a: Edgar Hoe|Body Press|p1a: GemPostin
|-immune|p1a: GemPostin
|
|upkeep
|turn|8
|
|t:|1779640641
|move|p1a: GemPostin|Light Screen|p1a: GemPostin
|-sidestart|p1: my shitters|move: Light Screen
|move|p2a: Edgar Hoe|Defog|p1a: GemPostin
|-unboost|p1a: GemPostin|evasion|1
|-sideend|p1: my shitters|Reflect
|-sideend|p1: my shitters|move: Light Screen
|
|upkeep
|turn|9
|
|t:|1779640645
|switch|p2a: OMG A WOMAN|Hatterene, F|100/100
|move|p1a: GemPostin|Light Screen|p1a: GemPostin
|-sidestart|p1: my shitters|move: Light Screen
|
|upkeep
|turn|10
|
|t:|1779640651
|move|p1a: GemPostin|Reflect|p1a: GemPostin
|-sidestart|p1: my shitters|Reflect
|move|p2a: OMG A WOMAN|Psychic Noise|p1a: GemPostin
|-immune|p1a: GemPostin
|
|upkeep
|turn|11
|
|t:|1779640659
|switch|p1a: OnePunchBear|Ursaring, F|98/100 par
|move|p2a: OMG A WOMAN|Nuzzle|p1a: OnePunchBear
|-damage|p1a: OnePunchBear|96/100 par
|
|upkeep
|turn|12
|
|t:|1779640665
|switch|p2a: Lu'sLu's Situation|Ting-Lu|100/100
|-ability|p2a: Lu'sLu's Situation|Vessel of Ruin
|cant|p1a: OnePunchBear|par
|
|upkeep
|turn|13
|
|t:|1779640670
|move|p2a: Lu'sLu's Situation|Stealth Rock|p1a: OnePunchBear
|-sidestart|p1: my shitters|move: Stealth Rock
|move|p1a: OnePunchBear|Swords Dance|p1a: OnePunchBear
|-boost|p1a: OnePunchBear|atk|2
|
|upkeep
|turn|14
|
|t:|1779640678
|switch|p2a: OMG A WOMAN|Hatterene, F|100/100
|move|p1a: OnePunchBear|Facade|p2a: OMG A WOMAN
|-damage|p2a: OMG A WOMAN|0 fnt
|faint|p2a: OMG A WOMAN
|
|upkeep
|
|t:|1779640685
|switch|p2a: Edgar Hoe|Corviknight, F|92/100
|-ability|p2a: Edgar Hoe|Pressure
|turn|15
|
|t:|1779640689
|move|p2a: Edgar Hoe|Iron Defense|p2a: Edgar Hoe
|-boost|p2a: Edgar Hoe|def|2
|move|p1a: OnePunchBear|Thunder Punch|p2a: Edgar Hoe
|-supereffective|p2a: Edgar Hoe
|-damage|p2a: Edgar Hoe|44/100
|-damage|p1a: OnePunchBear|79/100 par|[from] item: Rocky Helmet|[of] p2a: Edgar Hoe
|
|upkeep
|turn|16
|
|t:|1779640698
|switch|p1a: GemPostin|Sableye, M|100/100
|-damage|p1a: GemPostin|88/100|[from] Stealth Rock
|move|p2a: Edgar Hoe|Roost|p2a: Edgar Hoe
|-heal|p2a: Edgar Hoe|94/100
|-singleturn|p2a: Edgar Hoe|move: Roost
|
|-sideend|p1: my shitters|move: Light Screen
|upkeep
|turn|17
|
|t:|1779640705
|switch|p2a: NoDominicanPapi|Samurott-Hisui, M|100/100
|move|p1a: GemPostin|Light Screen|p1a: GemPostin
|-sidestart|p1: my shitters|move: Light Screen
|
|-sideend|p1: my shitters|Reflect
|upkeep
|turn|18
|
|t:|1779640713
|switch|p1a: PonnieColeman|Primeape, M|100/100
|-damage|p1a: PonnieColeman|95/100|[from] Stealth Rock
|move|p2a: NoDominicanPapi|Ceaseless Edge|p1a: PonnieColeman
|-resisted|p1a: PonnieColeman
|-damage|p1a: PonnieColeman|71/100
|-sidestart|p1: my shitters|Spikes
|
|upkeep
|turn|19
|
|t:|1779640720
|switch|p2a: Edgar Hoe|Corviknight, F|94/100
|-ability|p2a: Edgar Hoe|Pressure
|move|p1a: PonnieColeman|Drain Punch|p2a: Edgar Hoe
|-crit|p2a: Edgar Hoe
|-damage|p2a: Edgar Hoe|69/100
|-heal|p1a: PonnieColeman|85/100|[from] drain|[of] p2a: Edgar Hoe
|-damage|p1a: PonnieColeman|69/100|[from] item: Rocky Helmet|[of] p2a: Edgar Hoe
|
|upkeep
|turn|20
|
|t:|1779640735
|switch|p1a: GemPostin|Sableye, M|88/100
|-damage|p1a: GemPostin|76/100|[from] Stealth Rock
|-damage|p1a: GemPostin|64/100|[from] Spikes
|move|p2a: Edgar Hoe|Iron Defense|p2a: Edgar Hoe
|-boost|p2a: Edgar Hoe|def|2
|
|upkeep
|turn|21
|
|t:|1779640743
|move|p1a: GemPostin|Reflect|p1a: GemPostin
|-sidestart|p1: my shitters|Reflect
|move|p2a: Edgar Hoe|Roost|p2a: Edgar Hoe
|-heal|p2a: Edgar Hoe|100/100
|-singleturn|p2a: Edgar Hoe|move: Roost
|
|upkeep
|turn|22
|
|t:|1779640749
|switch|p2a: NoDominicanPapi|Samurott-Hisui, M|100/100
|switch|p1a: RobotAlcremicDrive|Alcremie-Ruby-Swirl, F|100/100
|-damage|p1a: RobotAlcremicDrive|88/100|[from] Stealth Rock
|-damage|p1a: RobotAlcremicDrive|76/100|[from] Spikes
|
|-heal|p1a: RobotAlcremicDrive|82/100|[from] item: Leftovers
|upkeep
|turn|23
|
|t:|1779640758
|move|p2a: NoDominicanPapi|Flip Turn|p1a: RobotAlcremicDrive
|-damage|p1a: RobotAlcremicDrive|68/100
|
|t:|1779640760
|switch|p2a: Lu'sLu's Situation|Ting-Lu|100/100|[from] Flip Turn
|-ability|p2a: Lu'sLu's Situation|Vessel of Ruin
|move|p1a: RobotAlcremicDrive|Calm Mind|p1a: RobotAlcremicDrive
|-boost|p1a: RobotAlcremicDrive|spa|1
|-boost|p1a: RobotAlcremicDrive|spd|1
|
|-heal|p1a: RobotAlcremicDrive|74/100|[from] item: Leftovers
|upkeep
|turn|24
|
|t:|1779640764
|move|p1a: RobotAlcremicDrive|Draining Kiss|p2a: Lu'sLu's Situation
|-supereffective|p2a: Lu'sLu's Situation
|-damage|p2a: Lu'sLu's Situation|69/100
|-heal|p1a: RobotAlcremicDrive|100/100|[from] drain|[of] p2a: Lu'sLu's Situation
|move|p2a: Lu'sLu's Situation|Whirlwind|p1a: RobotAlcremicDrive
|drag|p1a: OnePunchBear|Ursaring, F|79/100 par
|-damage|p1a: OnePunchBear|67/100 par|[from] Stealth Rock
|-damage|p1a: OnePunchBear|54/100 par|[from] Spikes
|
|-heal|p2a: Lu'sLu's Situation|75/100|[from] item: Leftovers
|-sideend|p1: my shitters|move: Light Screen
|upkeep
|turn|25
|
|t:|1779640776
|move|p2a: Lu'sLu's Situation|Earthquake|p1a: OnePunchBear
|-damage|p1a: OnePunchBear|31/100 par
|move|p1a: OnePunchBear|Thunder Punch|p2a: Lu'sLu's Situation
|-immune|p2a: Lu'sLu's Situation
|
|-heal|p2a: Lu'sLu's Situation|82/100|[from] item: Leftovers
|upkeep
|turn|26
|
|t:|1779640794
|switch|p2a: Edgar Hoe|Corviknight, F|100/100
|-ability|p2a: Edgar Hoe|Pressure
|cant|p1a: OnePunchBear|par
|
|upkeep
|turn|27
|
|t:|1779640801
|switch|p2a: NoDominicanPapi|Samurott-Hisui, M|100/100
|move|p1a: OnePunchBear|Thunder Punch|p2a: NoDominicanPapi
|-supereffective|p2a: NoDominicanPapi
|-damage|p2a: NoDominicanPapi|0 fnt
|faint|p2a: NoDominicanPapi
|
|upkeep
|
|t:|1779640807
|switch|p2a: Dorkrai|Darkrai|100/100
|turn|28
|
|t:|1779640812
|move|p2a: Dorkrai|Dark Pulse|p1a: OnePunchBear
|-damage|p1a: OnePunchBear|0 fnt
|faint|p1a: OnePunchBear
|
|-sideend|p1: my shitters|Reflect
|upkeep
|
|t:|1779640838
|switch|p1a: BillyBlutcher|Squawkabilly-Blue, F|100/100
|-damage|p1a: BillyBlutcher|76/100|[from] Stealth Rock
|-ability|p1a: BillyBlutcher|Intimidate|boost
|-unboost|p2a: Dorkrai|atk|1
|turn|29
|
|t:|1779640844
|move|p1a: BillyBlutcher|Final Gambit|p2a: Dorkrai
|-damage|p2a: Dorkrai|2/100
|faint|p1a: BillyBlutcher
|move|p2a: Dorkrai|Ice Beam|p1: BillyBlutcher|[notarget]
|-fail|p2a: Dorkrai
|
|upkeep
|
|t:|1779640851
|switch|p1a: UngaBoonguss|Brute Bonnet|89/100
|-damage|p1a: UngaBoonguss|77/100|[from] Stealth Rock
|-damage|p1a: UngaBoonguss|64/100|[from] Spikes
|turn|30
|
|t:|1779640856
|switch|p2a: Edgar Hoe|Corviknight, F|100/100
|-ability|p2a: Edgar Hoe|Pressure
|move|p1a: UngaBoonguss|Sucker Punch||[still]
|-fail|p1a: UngaBoonguss
|
|upkeep
|turn|31
|
|t:|1779640865
|move|p2a: Edgar Hoe|Iron Defense|p2a: Edgar Hoe
|-boost|p2a: Edgar Hoe|def|2
|move|p1a: UngaBoonguss|Crunch|p2a: Edgar Hoe
|-damage|p2a: Edgar Hoe|87/100
|-unboost|p2a: Edgar Hoe|def|1
|-damage|p1a: UngaBoonguss|48/100|[from] item: Rocky Helmet|[of] p2a: Edgar Hoe
|
|upkeep
|turn|32
|
|t:|1779640871
|move|p2a: Edgar Hoe|Iron Defense|p2a: Edgar Hoe
|-boost|p2a: Edgar Hoe|def|2
|move|p1a: UngaBoonguss|Crunch|p2a: Edgar Hoe
|-damage|p2a: Edgar Hoe|76/100
|-damage|p1a: UngaBoonguss|31/100|[from] item: Rocky Helmet|[of] p2a: Edgar Hoe
|
|upkeep
|turn|33
|
|t:|1779640875
|-end|p1a: UngaBoonguss|Protosynthesis|[silent]
|switch|p1a: GemPostin|Sableye, M|64/100
|-damage|p1a: GemPostin|51/100|[from] Stealth Rock
|-damage|p1a: GemPostin|39/100|[from] Spikes
|move|p2a: Edgar Hoe|Iron Defense|p2a: Edgar Hoe
|-boost|p2a: Edgar Hoe|def|2
|
|upkeep
|turn|34
|
|t:|1779640882
|switch|p2a: Dorkrai|Darkrai|2/100
|move|p1a: GemPostin|Reflect|p1a: GemPostin
|-sidestart|p1: my shitters|Reflect
|
|upkeep
|turn|35
|
|t:|1779640886
|switch|p1a: UngaBoonguss|Brute Bonnet|31/100
|-damage|p1a: UngaBoonguss|19/100|[from] Stealth Rock
|-damage|p1a: UngaBoonguss|6/100|[from] Spikes
|move|p2a: Dorkrai|Ice Beam|p1a: UngaBoonguss
|-supereffective|p1a: UngaBoonguss
|-damage|p1a: UngaBoonguss|0 fnt
|faint|p1a: UngaBoonguss
|-end|p1a: UngaBoonguss|Protosynthesis|[silent]
|
|upkeep
|
|t:|1779640892
|switch|p1a: PonnieColeman|Primeape, M|69/100
|-damage|p1a: PonnieColeman|63/100|[from] Stealth Rock
|-damage|p1a: PonnieColeman|50/100|[from] Spikes
|turn|36
|
|t:|1779640901
|move|p2a: Dorkrai|Sludge Bomb|p1a: PonnieColeman
|-damage|p1a: PonnieColeman|23/100
|move|p1a: PonnieColeman|Bulk Up|p1a: PonnieColeman
|-boost|p1a: PonnieColeman|atk|1
|-boost|p1a: PonnieColeman|def|1
|
|upkeep
|turn|37
|
|t:|1779640905
|move|p2a: Dorkrai|Sludge Bomb|p1a: PonnieColeman
|-damage|p1a: PonnieColeman|0 fnt
|faint|p1a: PonnieColeman
|
|upkeep
|
|t:|1779640908
|switch|p1a: GemPostin|Sableye, M|39/100
|-damage|p1a: GemPostin|27/100|[from] Stealth Rock
|-damage|p1a: GemPostin|14/100|[from] Spikes
|turn|38
|
|t:|1779640913
|move|p1a: GemPostin|Light Screen|p1a: GemPostin
|-sidestart|p1: my shitters|move: Light Screen
|move|p2a: Dorkrai|Ice Beam|p1a: GemPostin
|-damage|p1a: GemPostin|0 fnt
|faint|p1a: GemPostin
|
|upkeep
|
|t:|1779640915
|switch|p1a: RobotAlcremicDrive|Alcremie-Ruby-Swirl, F|100/100
|-damage|p1a: RobotAlcremicDrive|88/100|[from] Stealth Rock
|-damage|p1a: RobotAlcremicDrive|76/100|[from] Spikes
|turn|39
|
|t:|1779640922
|-terastallize|p1a: RobotAlcremicDrive|Poison
|move|p2a: Dorkrai|Sludge Bomb|p1a: RobotAlcremicDrive
|-resisted|p1a: RobotAlcremicDrive
|-damage|p1a: RobotAlcremicDrive|70/100
|move|p1a: RobotAlcremicDrive|Calm Mind|p1a: RobotAlcremicDrive
|-boost|p1a: RobotAlcremicDrive|spa|1
|-boost|p1a: RobotAlcremicDrive|spd|1
|
|-heal|p1a: RobotAlcremicDrive|76/100|[from] item: Leftovers
|upkeep
|turn|40
|
|t:|1779640928
|move|p2a: Dorkrai|Ice Beam|p1a: RobotAlcremicDrive
|-crit|p1a: RobotAlcremicDrive
|-damage|p1a: RobotAlcremicDrive|31/100
|-status|p1a: RobotAlcremicDrive|frz
|cant|p1a: RobotAlcremicDrive|frz
|
|-heal|p1a: RobotAlcremicDrive|37/100 frz|[from] item: Leftovers
|upkeep
|turn|41
|
|t:|1779640933
|move|p2a: Dorkrai|Dark Pulse|p1a: RobotAlcremicDrive
|-damage|p1a: RobotAlcremicDrive|26/100 frz
|cant|p1a: RobotAlcremicDrive|frz
|
|-heal|p1a: RobotAlcremicDrive|32/100 frz|[from] item: Leftovers
|-sideend|p1: my shitters|Reflect
|upkeep
|turn|42
|
|t:|1779640937
|move|p2a: Dorkrai|Nasty Plot|p2a: Dorkrai
|-boost|p2a: Dorkrai|spa|2
|cant|p1a: RobotAlcremicDrive|frz
|
|-heal|p1a: RobotAlcremicDrive|38/100 frz|[from] item: Leftovers
|upkeep
|turn|43
|
|t:|1779640939
|move|p2a: Dorkrai|Dark Pulse|p1a: RobotAlcremicDrive
|-damage|p1a: RobotAlcremicDrive|14/100 frz
|-curestatus|p1a: RobotAlcremicDrive|frz|[msg]
|move|p1a: RobotAlcremicDrive|Draining Kiss|p2a: Dorkrai
|-supereffective|p2a: Dorkrai
|-damage|p2a: Dorkrai|0 fnt
|-heal|p1a: RobotAlcremicDrive|15/100|[from] drain|[of] p2a: Dorkrai
|faint|p2a: Dorkrai
|
|-heal|p1a: RobotAlcremicDrive|21/100|[from] item: Leftovers
|upkeep
|
|t:|1779640944
|switch|p2a: Lu'sLu's Situation|Ting-Lu|82/100
|-ability|p2a: Lu'sLu's Situation|Vessel of Ruin
|turn|44
|
|t:|1779640948
|-terastallize|p2a: Lu'sLu's Situation|Ghost
|move|p1a: RobotAlcremicDrive|Draining Kiss|p2a: Lu'sLu's Situation
|-damage|p2a: Lu'sLu's Situation|67/100
|-heal|p1a: RobotAlcremicDrive|38/100|[from] drain|[of] p2a: Lu'sLu's Situation
|move|p2a: Lu'sLu's Situation|Earthquake|p1a: RobotAlcremicDrive
|-supereffective|p1a: RobotAlcremicDrive
|-damage|p1a: RobotAlcremicDrive|0 fnt
|faint|p1a: RobotAlcremicDrive
|
|win|Palm X
|raw|my shitters's rating: 1518 &rarr; <strong>1496</strong><br />(-22 for losing)
|raw|Palm X's rating: 1481 &rarr; <strong>1503</strong><br />(+22 for winning)
|l|☆Palm X
|player|p2|
|l|☆my shitters
|player|p1|
