|j|☆thebigalex010
|j|☆claudechamp
|t:|1779579890
|gametype|singles
|player|p1|thebigalex010|scientist|1307
|player|p2|claudechamp|101|1312
|gen|9
|tier|[Gen 9] OU
|rated|
|rule|HP Percentage Mod: HP is shown in percentages
|rule|Endless Battle Clause: Forcing endless battles is banned
|rule|Species Clause: Limit one of each Pokémon
|rule|OHKO Clause: OHKO moves are banned
|rule|Evasion Items Clause: Evasion items are banned
|rule|Evasion Moves Clause: Evasion moves are banned
|rule|Evasion Abilities Clause: Evasion abilities are banned
|rule|Sleep Moves Clause: Sleep-inducing moves are banned
|clearpoke
|poke|p1|Great Tusk|
|poke|p1|Gholdengo|
|poke|p1|Dragapult, M|
|poke|p1|Kingambit, M|
|poke|p1|Ogerpon-Wellspring, F|
|poke|p1|Iron Valiant|
|poke|p2|Gliscor, M|
|poke|p2|Gholdengo|
|poke|p2|Zamazenta-*|
|poke|p2|Blissey, F|
|poke|p2|Skarmory, F|
|poke|p2|Pecharunt|
|teampreview
|c|☆claudechamp|hf
|inactive|Battle timer is ON: inactive players will automatically lose when time's up. (requested by claudechamp)
|
|t:|1779579917
|teamsize|p1|6
|teamsize|p2|6
|start
|switch|p1a: Great Tusk|Great Tusk, shiny|100/100
|switch|p2a: Skarmory|Skarmory, F|100/100
|turn|1
|inactive|claudechamp has 120 seconds left.
|
|t:|1779579959
|move|p1a: Great Tusk|Stealth Rock|p2a: Skarmory
|-sidestart|p2: claudechamp|move: Stealth Rock
|move|p2a: Skarmory|Spikes|p1a: Great Tusk
|-sidestart|p1: thebigalex010|Spikes
|
|upkeep
|turn|2
|
|t:|1779579968
|move|p1a: Great Tusk|Knock Off|p2a: Skarmory
|-damage|p2a: Skarmory|84/100
|-enditem|p2a: Skarmory|Heavy-Duty Boots|[from] move: Knock Off|[of] p1a: Great Tusk
|move|p2a: Skarmory|Spikes|p1a: Great Tusk
|-sidestart|p1: thebigalex010|Spikes
|
|upkeep
|turn|3
|inactive|claudechamp has 120 seconds left.
|
|t:|1779579978
|move|p1a: Great Tusk|Knock Off|p2a: Skarmory
|-damage|p2a: Skarmory|72/100
|move|p2a: Skarmory|Spikes|p1a: Great Tusk
|-sidestart|p1: thebigalex010|Spikes
|
|upkeep
|turn|4
|
|t:|1779579982
|-end|p1a: Great Tusk|Protosynthesis|[silent]
|switch|p1a: Iron Valiant|Iron Valiant|100/100
|-damage|p1a: Iron Valiant|76/100|[from] Spikes
|-enditem|p1a: Iron Valiant|Booster Energy
|-activate|p1a: Iron Valiant|ability: Quark Drive|[fromitem]
|-start|p1a: Iron Valiant|quarkdrivespe
|move|p2a: Skarmory|Whirlwind|p1a: Iron Valiant
|-end|p1a: Iron Valiant|Quark Drive|[silent]
|drag|p1a: Kingambit|Kingambit, M|100/100
|-damage|p1a: Kingambit|76/100|[from] Spikes
|
|upkeep
|turn|5
|
|t:|1779579991
|-end|p1a: Kingambit|fallenundefined|[silent]
|switch|p1a: Iron Valiant|Iron Valiant|76/100
|-damage|p1a: Iron Valiant|51/100|[from] Spikes
|move|p2a: Skarmory|Body Press|p1a: Iron Valiant
|-resisted|p1a: Iron Valiant
|-damage|p1a: Iron Valiant|31/100
|
|upkeep
|turn|6
|
|t:|1779579996
|switch|p2a: Gliscor|Gliscor, M|100/100
|-damage|p2a: Gliscor|88/100|[from] Stealth Rock
|move|p1a: Iron Valiant|Thunderbolt|p2a: Gliscor
|-immune|p2a: Gliscor
|
|-status|p2a: Gliscor|tox|[from] item: Toxic Orb
|upkeep
|turn|7
|
|t:|1779580006
|move|p2a: Gliscor|Protect|p2a: Gliscor
|-singleturn|p2a: Gliscor|Protect
|move|p1a: Iron Valiant|Moonblast|p2a: Gliscor
|-activate|p2a: Gliscor|move: Protect
|
|-heal|p2a: Gliscor|100/100 tox|[from] ability: Poison Heal
|upkeep
|turn|8
|
|t:|1779580010
|move|p1a: Iron Valiant|Moonblast|p2a: Gliscor
|-damage|p2a: Gliscor|54/100 tox
|move|p2a: Gliscor|Earthquake|p1a: Iron Valiant
|-damage|p1a: Iron Valiant|0 fnt
|faint|p1a: Iron Valiant
|-end|p1a: Iron Valiant|Quark Drive|[silent]
|
|-heal|p2a: Gliscor|67/100 tox|[from] ability: Poison Heal
|upkeep
|
|t:|1779580013
|switch|p1a: Ogerpon|Ogerpon-Wellspring, F|100/100
|-damage|p1a: Ogerpon|76/100|[from] Spikes
|turn|9
|
|t:|1779580018
|switch|p2a: Zamazenta|Zamazenta|100/100
|-ability|p2a: Zamazenta|Dauntless Shield|boost
|-boost|p2a: Zamazenta|def|1
|-terastallize|p1a: Ogerpon|Water
|detailschange|p1a: Ogerpon|Ogerpon-Wellspring-Tera, F, tera:Water
|-ability|p1a: Ogerpon|Embody Aspect (Wellspring)|boost
|-boost|p1a: Ogerpon|spd|1
|move|p1a: Ogerpon|Swords Dance|p1a: Ogerpon
|-boost|p1a: Ogerpon|atk|2
|
|upkeep
|turn|10
|
|t:|1779580023
|move|p2a: Zamazenta|Close Combat|p1a: Ogerpon
|-damage|p1a: Ogerpon|2/100
|-unboost|p2a: Zamazenta|def|1
|-unboost|p2a: Zamazenta|spd|1
|move|p1a: Ogerpon|Horn Leech|p2a: Zamazenta
|-damage|p2a: Zamazenta|16/100
|-heal|p1a: Ogerpon|48/100|[from] drain|[of] p2a: Zamazenta
|
|upkeep
|turn|11
|
|t:|1779580028
|move|p2a: Zamazenta|Close Combat|p1a: Ogerpon
|-damage|p1a: Ogerpon|0 fnt
|-unboost|p2a: Zamazenta|def|1
|-unboost|p2a: Zamazenta|spd|1
|faint|p1a: Ogerpon
|detailschange|p1: Ogerpon|Ogerpon-Wellspring, F|[silent]
|
|upkeep
|
|t:|1779580034
|switch|p1a: Great Tusk|Great Tusk, shiny|100/100
|-damage|p1a: Great Tusk|76/100|[from] Spikes
|turn|12
|
|t:|1779580044
|switch|p2a: Skarmory|Skarmory, F|72/100
|-damage|p2a: Skarmory|60/100|[from] Stealth Rock
|move|p1a: Great Tusk|Rapid Spin|p2a: Skarmory
|-resisted|p2a: Skarmory
|-damage|p2a: Skarmory|55/100
|-boost|p1a: Great Tusk|spe|1
|-sideend|p1: thebigalex010|Spikes|[from] move: Rapid Spin|[of] p1a: Great Tusk
|
|-heal|p1a: Great Tusk|82/100|[from] item: Leftovers
|upkeep
|turn|13
|
|t:|1779580051
|-end|p1a: Great Tusk|Protosynthesis|[silent]
|switch|p1a: Dragapult|Dragapult, M|100/100
|move|p2a: Skarmory|Roost|p2a: Skarmory
|-heal|p2a: Skarmory|100/100
|-singleturn|p2a: Skarmory|move: Roost
|
|upkeep
|turn|14
|
|t:|1779580058
|switch|p2a: Gliscor|Gliscor, M|67/100 tox
|-damage|p2a: Gliscor|54/100 tox|[from] Stealth Rock
|move|p1a: Dragapult|Sucker Punch||[still]
|-fail|p1a: Dragapult
|
|-heal|p2a: Gliscor|67/100 tox|[from] ability: Poison Heal
|upkeep
|turn|15
|
|t:|1779580064
|move|p1a: Dragapult|Dragon Darts|p2a: Gliscor
|-damage|p2a: Gliscor|40/100 tox
|-anim|p1a: Dragapult|Dragon Darts|p2a: Gliscor
|-damage|p2a: Gliscor|16/100 tox
|-damage|p1a: Dragapult|91/100|[from] item: Life Orb
|move|p2a: Gliscor|Swords Dance|p2a: Gliscor
|-boost|p2a: Gliscor|atk|2
|
|-heal|p2a: Gliscor|28/100 tox|[from] ability: Poison Heal
|upkeep
|turn|16
|
|t:|1779580070
|move|p2a: Gliscor|Protect|p2a: Gliscor
|-singleturn|p2a: Gliscor|Protect
|move|p1a: Dragapult|Dragon Darts|p2a: Gliscor
|-activate|p2a: Gliscor|move: Protect
|
|-heal|p2a: Gliscor|41/100 tox|[from] ability: Poison Heal
|upkeep
|turn|17
|
|t:|1779580083
|switch|p2a: Pecharunt|Pecharunt|100/100
|move|p1a: Dragapult|Dragon Darts|p2a: Pecharunt
|-damage|p2a: Pecharunt|85/100
|-anim|p1a: Dragapult|Dragon Darts|p2a: Pecharunt
|-damage|p2a: Pecharunt|70/100
|-damage|p1a: Dragapult|81/100|[from] item: Life Orb
|
|upkeep
|turn|18
|
|t:|1779580102
|move|p1a: Dragapult|Phantom Force||[still]
|-prepare|p1a: Dragapult|Phantom Force
|move|p2a: Pecharunt|Toxic|p1a: Dragapult
|-status|p1a: Dragapult|tox
|-start|p1a: Dragapult|confusion|[from] ability: Poison Puppeteer|[of] p2a: Pecharunt
|
|-damage|p1a: Dragapult|75/100 tox|[from] psn
|upkeep
|turn|19
|
|t:|1779580108
|-activate|p1a: Dragapult|confusion
|move|p1a: Dragapult|Phantom Force|p2a: Pecharunt|[from] lockedmove
|-supereffective|p2a: Pecharunt
|-damage|p2a: Pecharunt|18/100
|-damage|p1a: Dragapult|65/100 tox|[from] item: Life Orb
|move|p2a: Pecharunt|Recover|p2a: Pecharunt
|-heal|p2a: Pecharunt|68/100
|
|-damage|p1a: Dragapult|53/100 tox|[from] psn
|upkeep
|turn|20
|
|t:|1779580114
|-activate|p1a: Dragapult|confusion
|-damage|p1a: Dragapult|35/100 tox|[from] confusion
|move|p2a: Pecharunt|Shadow Ball|p1a: Dragapult
|-supereffective|p1a: Dragapult
|-damage|p1a: Dragapult|0 fnt
|faint|p1a: Dragapult
|
|upkeep
|
|t:|1779580122
|switch|p1a: Kingambit|Kingambit, M|76/100
|-activate|p1a: Kingambit|ability: Supreme Overlord
|-start|p1a: Kingambit|fallen3|[silent]
|turn|21
|
|t:|1779580128
|move|p2a: Pecharunt|Shadow Ball|p1a: Kingambit
|-resisted|p1a: Kingambit
|-damage|p1a: Kingambit|61/100
|move|p1a: Kingambit|Swords Dance|p1a: Kingambit
|-boost|p1a: Kingambit|atk|2
|
|upkeep
|turn|22
|
|t:|1779580138
|move|p2a: Pecharunt|Shadow Ball|p1a: Kingambit
|-resisted|p1a: Kingambit
|-damage|p1a: Kingambit|47/100
|move|p1a: Kingambit|Kowtow Cleave|p2a: Pecharunt
|-supereffective|p2a: Pecharunt
|-damage|p2a: Pecharunt|0 fnt
|faint|p2a: Pecharunt
|
|upkeep
|
|t:|1779580144
|switch|p2a: Gliscor|Gliscor, M|41/100 tox
|-damage|p2a: Gliscor|28/100 tox|[from] Stealth Rock
|turn|23
|
|t:|1779580147
|move|p2a: Gliscor|Earthquake|p1a: Kingambit
|-supereffective|p1a: Kingambit
|-damage|p1a: Kingambit|0 fnt
|faint|p1a: Kingambit
|-end|p1a: Kingambit|fallen3|[silent]
|
|-heal|p2a: Gliscor|41/100 tox|[from] ability: Poison Heal
|upkeep
|-message|thebigalex010 forfeited.
|
|win|claudechamp
|raw|thebigalex010's rating: 1307 &rarr; <strong>1285</strong><br />(-22 for losing)
|raw|claudechamp's rating: 1269 &rarr; <strong>1297</strong><br />(+28 for winning)
|l|☆thebigalex010
|player|p1|
|c|☆claudechamp|gg
