|j|☆Leader Alastor
|j|☆ilikemos
|t:|1779581285
|gametype|singles
|player|p1|Leader Alastor|blue|1463
|player|p2|ilikemos|266|1517
|gen|9
|tier|[Gen 9] OU
|rated|
|rule|HP Percentage Mod: HP is shown in percentages
|rule|Endless Battle Clause: Forcing endless battles is banned
|rule|Species Clause: Limit one of each Pokémon
|rule|OHKO Clause: OHKO moves are banned
|rule|Evasion Items Clause: Evasion items are banned
|rule|Evasion Moves Clause: Evasion moves are banned
|rule|Evasion Abilities Clause: Evasion abilities are banned
|rule|Sleep Moves Clause: Sleep-inducing moves are banned
|clearpoke
|poke|p1|Ceruledge, M|
|poke|p1|Iron Valiant|
|poke|p1|Lilligant, F|
|poke|p1|Cloyster, M|
|poke|p1|Noivern, F|
|poke|p1|Malamar, F|
|poke|p2|Iron Valiant|
|poke|p2|Rotom-Wash|
|poke|p2|Latios, M|
|poke|p2|Ting-Lu|
|poke|p2|Hydreigon, F|
|poke|p2|Gholdengo|
|teampreview
|inactive|Battle timer is ON: inactive players will automatically lose when time's up. (requested by Leader Alastor)
|
|t:|1779581292
|teamsize|p1|6
|teamsize|p2|6
|start
|switch|p1a: Trident|Cloyster, M|100/100
|switch|p2a: Hydreigon|Hydreigon, F|100/100
|turn|1
|inactive|ilikemos also wants the timer to be on.
|
|t:|1779581301
|-terastallize|p2a: Hydreigon|Steel
|move|p2a: Hydreigon|Flash Cannon|p1a: Trident
|-enditem|p1a: Trident|Focus Sash
|-damage|p1a: Trident|1/100
|move|p1a: Trident|Icicle Spear|p2a: Hydreigon
|-resisted|p2a: Hydreigon
|-damage|p2a: Hydreigon|93/100
|-resisted|p2a: Hydreigon
|-damage|p2a: Hydreigon|87/100
|-resisted|p2a: Hydreigon
|-damage|p2a: Hydreigon|81/100
|-resisted|p2a: Hydreigon
|-damage|p2a: Hydreigon|75/100
|-resisted|p2a: Hydreigon
|-damage|p2a: Hydreigon|68/100
|-hitcount|p2a: Hydreigon|5
|
|upkeep
|turn|2
|
|t:|1779581305
|move|p2a: Hydreigon|Flash Cannon|p1a: Trident
|-damage|p1a: Trident|0 fnt
|faint|p1a: Trident
|
|upkeep
|
|t:|1779581311
|switch|p1a: Flamberge|Ceruledge, M|100/100
|turn|3
|
|t:|1779581314
|switch|p2a: Rotom|Rotom-Wash|100/100
|move|p1a: Flamberge|Bitter Blade|p2a: Rotom
|-resisted|p2a: Rotom
|-damage|p2a: Rotom|82/100
|
|-heal|p2a: Rotom|88/100|[from] item: Leftovers
|upkeep
|turn|4
|
|t:|1779581320
|switch|p1a: Gladius|Lilligant, F|100/100
|move|p2a: Rotom|Volt Switch|p1a: Gladius
|-resisted|p1a: Gladius
|-damage|p1a: Gladius|81/100
|j| whatevadontcare
|
|t:|1779581327
|switch|p2a: Hydreigon|Hydreigon, F, tera:Steel|68/100|[from] Volt Switch
|
|upkeep
|turn|5
|
|t:|1779581337
|-terastallize|p1a: Gladius|Electric
|move|p2a: Hydreigon|U-turn|p1a: Gladius
|-damage|p1a: Gladius|58/100
|
|t:|1779581342
|switch|p2a: Gholdengo|Gholdengo|100/100|[from] U-turn
|-item|p2a: Gholdengo|Air Balloon
|move|p1a: Gladius|Quiver Dance|p1a: Gladius
|-boost|p1a: Gladius|spa|1
|-boost|p1a: Gladius|spd|1
|-boost|p1a: Gladius|spe|1
|
|upkeep
|turn|6
|
|t:|1779581346
|move|p1a: Gladius|Quiver Dance|p1a: Gladius
|-boost|p1a: Gladius|spa|1
|-boost|p1a: Gladius|spd|1
|-boost|p1a: Gladius|spe|1
|move|p2a: Gholdengo|Hex|p1a: Gladius
|-damage|p1a: Gladius|35/100
|
|upkeep
|turn|7
|
|t:|1779581354
|move|p1a: Gladius|Giga Drain|p2a: Gholdengo
|-resisted|p2a: Gholdengo
|-damage|p2a: Gholdengo|65/100
|-heal|p1a: Gladius|59/100|[from] drain|[of] p2a: Gholdengo
|-enditem|p2a: Gholdengo|Air Balloon
|move|p2a: Gholdengo|Hex|p1a: Gladius
|-damage|p1a: Gladius|35/100
|
|upkeep
|turn|8
|
|t:|1779581367
|move|p1a: Gladius|Quiver Dance|p1a: Gladius
|-boost|p1a: Gladius|spa|1
|-boost|p1a: Gladius|spd|1
|-boost|p1a: Gladius|spe|1
|move|p2a: Gholdengo|Hex|p1a: Gladius
|-damage|p1a: Gladius|17/100
|
|upkeep
|turn|9
|l|☆ilikemos
|inactive|ilikemos disconnected and has a minute to reconnect!
|player|p2|
|inactive|ilikemos has 30 seconds to reconnect!
|inactive|ilikemos has 20 seconds to reconnect!
|inactive|ilikemos has 15 seconds to reconnect!
|inactive|ilikemos has 10 seconds to reconnect!
|inactive|ilikemos has 5 seconds to reconnect!
|-message|ilikemos lost due to inactivity.
|
|win|Leader Alastor
|raw|Leader Alastor's rating: 1480 &rarr; <strong>1502</strong><br />(+22 for winning)
|raw|ilikemos's rating: 1517 &rarr; <strong>1495</strong><br />(-22 for losing)
|l|☆Leader Alastor
|player|p1|
|l| whatevadontcare
