|j|☆fregene97
|j|☆waha8
|t:|1779717808
|gametype|singles
|player|p1|fregene97|170|1331
|player|p2|waha8|266|1420
|gen|9
|tier|[Gen 9] OU
|rated|
|rule|HP Percentage Mod: HP is shown in percentages
|rule|Endless Battle Clause: Forcing endless battles is banned
|rule|Species Clause: Limit one of each Pokémon
|rule|OHKO Clause: OHKO moves are banned
|rule|Evasion Items Clause: Evasion items are banned
|rule|Evasion Moves Clause: Evasion moves are banned
|rule|Evasion Abilities Clause: Evasion abilities are banned
|rule|Sleep Moves Clause: Sleep-inducing moves are banned
|clearpoke
|poke|p1|Glimmora, M|
|poke|p1|Raging Bolt|
|poke|p1|Iron Valiant|
|poke|p1|Iron Moth|
|poke|p1|Kingambit, F|
|poke|p1|Great Tusk|
|poke|p2|Indeedee, M|
|poke|p2|Samurott-Hisui, M|
|poke|p2|Dragapult, F|
|poke|p2|Slowking-Galar, F|
|poke|p2|Iron Boulder|
|poke|p2|Empoleon, F|
|teampreview
|
|t:|1779717820
|teamsize|p1|6
|teamsize|p2|6
|start
|switch|p1a: Kingambit|Kingambit, F, shiny|100/100
|switch|p2a: DeeDee|Indeedee, M|100/100
|-fieldstart|move: Psychic Terrain|[from] ability: Psychic Surge|[of] p2a: DeeDee
|turn|1
|
|t:|1779717826
|switch|p2a: Sam|Samurott-Hisui, M|100/100
|move|p1a: Kingambit|Swords Dance|p1a: Kingambit
|-boost|p1a: Kingambit|atk|2
|
|upkeep
|turn|2
|
|t:|1779717847
|-terastallize|p1a: Kingambit|Fighting
|move|p2a: Sam|Ceaseless Edge|p1a: Kingambit
|-resisted|p1a: Kingambit
|-damage|p1a: Kingambit|80/100
|-sidestart|p1: fregene97|Spikes
|move|p1a: Kingambit|Low Kick|p2a: Sam
|-supereffective|p2a: Sam
|-enditem|p2a: Sam|Focus Sash
|-damage|p2a: Sam|1/100
|
|-heal|p1a: Kingambit|86/100|[from] item: Leftovers
|upkeep
|turn|3
|inactive|Battle timer is ON: inactive players will automatically lose when time's up. (requested by waha8)
|inactive|fregene97 also wants the timer to be on.
|
|t:|1779717857
|move|p2a: Sam|Razor Shell|p1a: Kingambit
|-damage|p1a: Kingambit|35/100
|move|p1a: Kingambit|Iron Head|p2a: Sam
|-resisted|p2a: Sam
|-damage|p2a: Sam|0 fnt
|faint|p2a: Sam
|
|-heal|p1a: Kingambit|41/100|[from] item: Leftovers
|upkeep
|
|t:|1779717865
|switch|p2a: DeeDee|Indeedee, M|100/100
|turn|4
|
|t:|1779717885
|move|p2a: DeeDee|Expanding Force|p1a: Kingambit
|-supereffective|p1a: Kingambit
|-damage|p1a: Kingambit|0 fnt
|faint|p1a: Kingambit
|-end|p1a: Kingambit|fallenundefined|[silent]
|
|upkeep
|
|t:|1779717888
|switch|p1a: Glimmora|Glimmora, M|100/100
|-damage|p1a: Glimmora|88/100|[from] Spikes
|turn|5
|
|t:|1779717893
|move|p2a: DeeDee|Expanding Force|p1a: Glimmora
|-supereffective|p1a: Glimmora
|-damage|p1a: Glimmora|0 fnt
|faint|p1a: Glimmora
|
|upkeep
|
|t:|1779717898
|switch|p1a: Iron Valiant|Iron Valiant|100/100
|-damage|p1a: Iron Valiant|88/100|[from] Spikes
|-enditem|p1a: Iron Valiant|Booster Energy
|-activate|p1a: Iron Valiant|ability: Quark Drive|[fromitem]
|-start|p1a: Iron Valiant|quarkdrivespe
|turn|6
|
|t:|1779717907
|switch|p2a: Lvl_Up|Empoleon, F|100/100
|move|p1a: Iron Valiant|Knock Off|p2a: Lvl_Up
|-damage|p2a: Lvl_Up|69/100
|-enditem|p2a: Lvl_Up|Leftovers|[from] move: Knock Off|[of] p1a: Iron Valiant
|
|upkeep
|turn|7
|
|t:|1779717913
|move|p1a: Iron Valiant|Close Combat|p2a: Lvl_Up
|-supereffective|p2a: Lvl_Up
|-damage|p2a: Lvl_Up|0 fnt
|-unboost|p1a: Iron Valiant|def|1
|-unboost|p1a: Iron Valiant|spd|1
|faint|p2a: Lvl_Up
|
|upkeep
|
|t:|1779717919
|switch|p2a: SageOfSixPaths|Slowking-Galar, F|100/100
|turn|8
|
|t:|1779717922
|move|p1a: Iron Valiant|Knock Off|p2a: SageOfSixPaths
|-supereffective|p2a: SageOfSixPaths
|-damage|p2a: SageOfSixPaths|32/100
|-enditem|p2a: SageOfSixPaths|Life Orb|[from] move: Knock Off|[of] p1a: Iron Valiant
|move|p2a: SageOfSixPaths|Trick Room|p2a: SageOfSixPaths
|-fieldstart|move: Trick Room|[of] p2a: SageOfSixPaths
|
|-fieldend|move: Psychic Terrain
|upkeep
|turn|9
|
|t:|1779717928
|-end|p1a: Iron Valiant|Quark Drive|[silent]
|switch|p1a: Iron Moth|Iron Moth, shiny|100/100
|-damage|p1a: Iron Moth|88/100|[from] Spikes
|-enditem|p1a: Iron Moth|Booster Energy
|-activate|p1a: Iron Moth|ability: Quark Drive|[fromitem]
|-start|p1a: Iron Moth|quarkdrivespe
|move|p2a: SageOfSixPaths|Expanding Force|p1a: Iron Moth
|-supereffective|p1a: Iron Moth
|-damage|p1a: Iron Moth|4/100
|
|upkeep
|turn|10
|
|t:|1779717936
|switch|p2a: DeeDee|Indeedee, M|100/100
|-fieldstart|move: Psychic Terrain|[from] ability: Psychic Surge|[of] p2a: DeeDee
|move|p1a: Iron Moth|Fiery Dance|p2a: DeeDee
|-damage|p2a: DeeDee|42/100
|
|upkeep
|turn|11
|
|t:|1779717943
|move|p2a: DeeDee|Expanding Force|p1a: Iron Moth
|-supereffective|p1a: Iron Moth
|-damage|p1a: Iron Moth|0 fnt
|faint|p1a: Iron Moth
|-end|p1a: Iron Moth|Quark Drive|[silent]
|
|upkeep
|
|t:|1779717946
|switch|p1a: Raging Bolt|Raging Bolt|100/100
|-damage|p1a: Raging Bolt|88/100|[from] Spikes
|-enditem|p1a: Raging Bolt|Booster Energy
|-activate|p1a: Raging Bolt|ability: Protosynthesis|[fromitem]
|-start|p1a: Raging Bolt|protosynthesisspa
|turn|12
|
|t:|1779717953
|move|p1a: Raging Bolt|Ancient Power|p2a: DeeDee
|-damage|p2a: DeeDee|1/100
|move|p2a: DeeDee|Expanding Force|p1a: Raging Bolt
|-damage|p1a: Raging Bolt|31/100
|
|-fieldend|move: Trick Room
|upkeep
|turn|13
|
|t:|1779717959
|move|p2a: DeeDee|Expanding Force|p1a: Raging Bolt
|-damage|p1a: Raging Bolt|0 fnt
|faint|p1a: Raging Bolt
|-end|p1a: Raging Bolt|Protosynthesis|[silent]
|
|upkeep
|
|t:|1779717961
|switch|p1a: Great Tusk|Great Tusk|100/100
|-damage|p1a: Great Tusk|88/100|[from] Spikes
|-enditem|p1a: Great Tusk|Booster Energy
|-activate|p1a: Great Tusk|ability: Protosynthesis|[fromitem]
|-start|p1a: Great Tusk|protosynthesisspe
|turn|14
|
|t:|1779717973
|move|p1a: Great Tusk|Rapid Spin|p2a: DeeDee
|-damage|p2a: DeeDee|0 fnt
|-boost|p1a: Great Tusk|spe|1
|-sideend|p1: fregene97|Spikes|[from] move: Rapid Spin|[of] p1a: Great Tusk
|faint|p2a: DeeDee
|
|upkeep
|
|t:|1779717979
|switch|p2a: SageOfSixPaths|Slowking-Galar, F|65/100
|turn|15
|
|t:|1779717983
|switch|p2a: TheBoulder|Iron Boulder|100/100
|-enditem|p2a: TheBoulder|Booster Energy
|-activate|p2a: TheBoulder|ability: Quark Drive|[fromitem]
|-start|p2a: TheBoulder|quarkdrivespe
|move|p1a: Great Tusk|Headlong Rush|p2a: TheBoulder
|-supereffective|p2a: TheBoulder
|-damage|p2a: TheBoulder|0 fnt
|-unboost|p1a: Great Tusk|def|1
|-unboost|p1a: Great Tusk|spd|1
|faint|p2a: TheBoulder
|-end|p2a: TheBoulder|Quark Drive|[silent]
|
|upkeep
|
|t:|1779717992
|switch|p2a: SageOfSixPaths|Slowking-Galar, F|98/100
|turn|16
|
|t:|1779717995
|-terastallize|p2a: SageOfSixPaths|Psychic
|move|p1a: Great Tusk|Headlong Rush|p2a: SageOfSixPaths
|-damage|p2a: SageOfSixPaths|44/100
|-unboost|p1a: Great Tusk|def|1
|-unboost|p1a: Great Tusk|spd|1
|move|p2a: SageOfSixPaths|Trick Room|p2a: SageOfSixPaths
|-fieldstart|move: Trick Room|[of] p2a: SageOfSixPaths
|
|upkeep
|turn|17
|
|t:|1779718002
|move|p2a: SageOfSixPaths|Expanding Force|p1a: Great Tusk
|-supereffective|p1a: Great Tusk
|-damage|p1a: Great Tusk|0 fnt
|faint|p1a: Great Tusk
|-end|p1a: Great Tusk|Protosynthesis|[silent]
|
|-fieldend|move: Psychic Terrain
|upkeep
|
|t:|1779718004
|switch|p1a: Iron Valiant|Iron Valiant|88/100
|turn|18
|
|t:|1779718008
|move|p2a: SageOfSixPaths|Expanding Force|p1a: Iron Valiant
|-supereffective|p1a: Iron Valiant
|-damage|p1a: Iron Valiant|0 fnt
|faint|p1a: Iron Valiant
|-end|p1a: Iron Valiant|Quark Drive|[silent]
|
|win|waha8
|raw|fregene97's rating: 1306 &rarr; <strong>1292</strong><br />(-14 for losing)
|raw|waha8's rating: 1420 &rarr; <strong>1434</strong><br />(+14 for winning)
|l|☆fregene97
|player|p1|
