|j|☆TenHeaven
|j|☆vuuy678jht68j
|t:|1779595683
|gametype|singles
|player|p1|TenHeaven|marley|1404
|player|p2|vuuy678jht68j|101|1410
|gen|9
|tier|[Gen 9] OU
|rated|
|rule|HP Percentage Mod: HP is shown in percentages
|rule|Endless Battle Clause: Forcing endless battles is banned
|rule|Species Clause: Limit one of each Pokémon
|rule|OHKO Clause: OHKO moves are banned
|rule|Evasion Items Clause: Evasion items are banned
|rule|Evasion Moves Clause: Evasion moves are banned
|rule|Evasion Abilities Clause: Evasion abilities are banned
|rule|Sleep Moves Clause: Sleep-inducing moves are banned
|clearpoke
|poke|p1|Iron Moth|
|poke|p1|Gliscor, F|
|poke|p1|Hatterene, F|
|poke|p1|Ogerpon-Wellspring, F|
|poke|p1|Raging Bolt|
|poke|p1|Zamazenta-*|
|poke|p2|Ceruledge, F|
|poke|p2|Ogerpon-Wellspring, F|
|poke|p2|Dragonite, M|
|poke|p2|Iron Treads|
|poke|p2|Hatterene, F|
|poke|p2|Zamazenta-*|
|teampreview
|inactive|Battle timer is ON: inactive players will automatically lose when time's up. (requested by TenHeaven)
|
|t:|1779595691
|teamsize|p1|6
|teamsize|p2|6
|start
|switch|p1a: Zamazenta|Zamazenta, shiny|100/100
|switch|p2a: Iron Treads|Iron Treads|100/100
|-ability|p1a: Zamazenta|Dauntless Shield|boost
|-boost|p1a: Zamazenta|def|1
|-enditem|p2a: Iron Treads|Booster Energy
|-activate|p2a: Iron Treads|ability: Quark Drive|[fromitem]
|-start|p2a: Iron Treads|quarkdriveatk
|turn|1
|
|t:|1779595699
|move|p1a: Zamazenta|Reflect|p1a: Zamazenta
|-sidestart|p1: TenHeaven|Reflect
|move|p2a: Iron Treads|Stealth Rock|p1a: Zamazenta
|-sidestart|p1: TenHeaven|move: Stealth Rock
|
|upkeep
|turn|2
|
|t:|1779595713
|-end|p2a: Iron Treads|Quark Drive|[silent]
|switch|p2a: Ceruledge|Ceruledge, F|100/100
|move|p1a: Zamazenta|Light Screen|p1a: Zamazenta
|-sidestart|p1: TenHeaven|move: Light Screen
|
|upkeep
|turn|3
|
|t:|1779595722
|switch|p1a: Gliscor|Gliscor, F, shiny|100/100
|-damage|p1a: Gliscor|88/100|[from] Stealth Rock
|move|p2a: Ceruledge|Swords Dance|p2a: Ceruledge
|-boost|p2a: Ceruledge|atk|2
|
|-status|p1a: Gliscor|tox|[from] item: Toxic Orb
|upkeep
|turn|4
|
|t:|1779595743
|move|p2a: Ceruledge|Poltergeist|p1a: Gliscor
|-activate|p1a: Gliscor|move: Poltergeist|Toxic Orb
|-damage|p1a: Gliscor|44/100 tox
|move|p1a: Gliscor|Earthquake|p2a: Ceruledge
|-supereffective|p2a: Ceruledge
|-enditem|p2a: Ceruledge|Focus Sash
|-damage|p2a: Ceruledge|1/100
|-ability|p2a: Ceruledge|Weak Armor|boost
|-unboost|p2a: Ceruledge|def|1
|-boost|p2a: Ceruledge|spe|2
|
|-heal|p1a: Gliscor|56/100 tox|[from] ability: Poison Heal
|upkeep
|turn|5
|
|t:|1779595758
|-terastallize|p1a: Gliscor|Normal
|move|p2a: Ceruledge|Poltergeist|p1a: Gliscor
|-immune|p1a: Gliscor
|move|p1a: Gliscor|Earthquake|p2a: Ceruledge
|-supereffective|p2a: Ceruledge
|-damage|p2a: Ceruledge|0 fnt
|faint|p2a: Ceruledge
|
|-heal|p1a: Gliscor|68/100 tox|[from] ability: Poison Heal
|upkeep
|inactive|vuuy678jht68j has 120 seconds left.
|
|t:|1779595790
|switch|p2a: Zamazenta|Zamazenta|100/100
|-ability|p2a: Zamazenta|Dauntless Shield|boost
|-boost|p2a: Zamazenta|def|1
|turn|6
|inactive|TenHeaven has 120 seconds left.
|
|t:|1779595817
|switch|p1a: Hatterene|Hatterene, F|100/100
|-damage|p1a: Hatterene|88/100|[from] Stealth Rock
|move|p2a: Zamazenta|Close Combat|p1a: Hatterene
|-resisted|p1a: Hatterene
|-damage|p1a: Hatterene|80/100
|-unboost|p2a: Zamazenta|def|1
|-unboost|p2a: Zamazenta|spd|1
|-damage|p2a: Zamazenta|91/100|[from] item: Life Orb
|
|-heal|p1a: Hatterene|86/100|[from] item: Leftovers
|upkeep
|turn|7
|inactive|TenHeaven has 120 seconds left.
|inactive|TenHeaven has 90 seconds left.
|
|t:|1779595863
|switch|p2a: Hatterene|Hatterene, F|100/100
|move|p1a: Hatterene|Calm Mind|p1a: Hatterene
|-boost|p1a: Hatterene|spa|1
|-boost|p1a: Hatterene|spd|1
|
|-heal|p1a: Hatterene|92/100|[from] item: Leftovers
|upkeep
|turn|8
|inactive|TenHeaven has 90 seconds left.
|inactive|TenHeaven has 60 seconds left.
|
|t:|1779595905
|move|p2a: Hatterene|Nuzzle|p1a: Hatterene
|-damage|p1a: Hatterene|91/100
|-status|p1a: Hatterene|par
|move|p1a: Hatterene|Draining Kiss|p2a: Hatterene
|-damage|p2a: Hatterene|78/100
|-heal|p1a: Hatterene|100/100 par|[from] drain|[of] p2a: Hatterene
|
|-sideend|p1: TenHeaven|Reflect
|upkeep
|turn|9
|
|t:|1779595916
|move|p2a: Hatterene|Mystical Fire|p1a: Hatterene
|-damage|p1a: Hatterene|91/100 par
|-unboost|p1a: Hatterene|spa|1
|move|p1a: Hatterene|Draining Kiss|p2a: Hatterene
|-damage|p2a: Hatterene|64/100
|-heal|p1a: Hatterene|100/100 par|[from] drain|[of] p2a: Hatterene
|
|-sideend|p1: TenHeaven|move: Light Screen
|upkeep
|turn|10
|inactive|TenHeaven has 60 seconds left.
|
|t:|1779595932
|move|p2a: Hatterene|Psychic Noise|p1a: Hatterene
|-resisted|p1a: Hatterene
|-damage|p1a: Hatterene|87/100 par
|-start|p1a: Hatterene|move: Heal Block
|cant|p1a: Hatterene|par
|
|upkeep
|turn|11
|
|t:|1779595941
|move|p2a: Hatterene|Mystical Fire|p1a: Hatterene
|-damage|p1a: Hatterene|68/100 par
|-unboost|p1a: Hatterene|spa|1
|move|p1a: Hatterene|Calm Mind|p1a: Hatterene
|-boost|p1a: Hatterene|spa|1
|-boost|p1a: Hatterene|spd|1
|
|-end|p1a: Hatterene|move: Heal Block
|upkeep
|turn|12
|
|t:|1779595958
|move|p2a: Hatterene|Psychic Noise|p1a: Hatterene
|-resisted|p1a: Hatterene
|-damage|p1a: Hatterene|58/100 par
|-start|p1a: Hatterene|move: Heal Block
|cant|p1a: Hatterene|par
|
|upkeep
|turn|13
|
|t:|1779595969
|switch|p2a: Zamazenta|Zamazenta|91/100
|cant|p1a: Hatterene|par
|
|-end|p1a: Hatterene|move: Heal Block
|upkeep
|turn|14
|
|t:|1779595980
|move|p2a: Zamazenta|Heavy Slam|p1a: Hatterene
|-supereffective|p1a: Hatterene
|-damage|p1a: Hatterene|0 fnt
|faint|p1a: Hatterene
|-damage|p2a: Zamazenta|81/100|[from] item: Life Orb
|
|upkeep
|inactive|TenHeaven has 60 seconds left.
|-message|TenHeaven forfeited.
|
|win|vuuy678jht68j
|raw|TenHeaven's rating: 1404 &rarr; <strong>1384</strong><br />(-20 for losing)
|raw|vuuy678jht68j's rating: 1410 &rarr; <strong>1430</strong><br />(+20 for winning)
|l|☆TenHeaven
|player|p1|
|l|☆vuuy678jht68j
|player|p2|
