|j|☆baodan9113
|j|☆JustANoobie
|t:|1779720219
|gametype|singles
|player|p1|baodan9113|steven|1246
|player|p2|JustANoobie|gambler|1313
|gen|9
|tier|[Gen 9] OU
|rated|
|rule|HP Percentage Mod: HP is shown in percentages
|rule|Endless Battle Clause: Forcing endless battles is banned
|rule|Species Clause: Limit one of each Pokémon
|rule|OHKO Clause: OHKO moves are banned
|rule|Evasion Items Clause: Evasion items are banned
|rule|Evasion Moves Clause: Evasion moves are banned
|rule|Evasion Abilities Clause: Evasion abilities are banned
|rule|Sleep Moves Clause: Sleep-inducing moves are banned
|clearpoke
|poke|p1|Gholdengo|
|poke|p1|Corviknight, F|
|poke|p1|Kingambit, M|
|poke|p1|Arcanine-Hisui, M|
|poke|p1|Samurott-Hisui, M|
|poke|p1|Landorus-Therian, M|
|poke|p2|Basculegion, M|
|poke|p2|Volcanion|
|poke|p2|Scream Tail|
|poke|p2|Blastoise, F|
|poke|p2|Pelipper, F|
|poke|p2|Great Tusk|
|teampreview
|
|t:|1779720235
|teamsize|p1|6
|teamsize|p2|6
|start
|switch|p1a: Samurott|Samurott-Hisui, M|100/100
|switch|p2a: Pelipper|Pelipper, F|100/100
|-weather|RainDance|[from] ability: Drizzle|[of] p2a: Pelipper
|turn|1
|
|t:|1779720245
|move|p1a: Samurott|Knock Off|p2a: Pelipper
|-damage|p2a: Pelipper|51/100
|-enditem|p2a: Pelipper|Damp Rock|[from] move: Knock Off|[of] p1a: Samurott
|move|p2a: Pelipper|U-turn|p1a: Samurott
|-supereffective|p1a: Samurott
|-damage|p1a: Samurott|82/100
|
|t:|1779720269
|switch|p2a: Volcanion|Volcanion|100/100|[from] U-turn
|
|-weather|RainDance|[upkeep]
|upkeep
|turn|2
|
|t:|1779720279
|move|p1a: Samurott|Knock Off|p2a: Volcanion
|-damage|p2a: Volcanion|73/100
|-enditem|p2a: Volcanion|Leftovers|[from] move: Knock Off|[of] p1a: Samurott
|move|p2a: Volcanion|Will-O-Wisp|p1a: Samurott
|-status|p1a: Samurott|brn
|
|-weather|RainDance|[upkeep]
|-damage|p1a: Samurott|75/100 brn|[from] brn
|upkeep
|turn|3
|
|t:|1779720294
|move|p1a: Samurott|Ceaseless Edge|p2a: Volcanion
|-damage|p2a: Volcanion|60/100
|-sidestart|p2: JustANoobie|Spikes
|move|p2a: Volcanion|Steam Eruption|p1a: Samurott
|-resisted|p1a: Samurott
|-damage|p1a: Samurott|46/100 brn
|
|-weather|RainDance|[upkeep]
|-damage|p1a: Samurott|40/100 brn|[from] brn
|upkeep
|turn|4
|
|t:|1779720304
|move|p1a: Samurott|Ceaseless Edge|p2a: Volcanion
|-damage|p2a: Volcanion|44/100
|-sidestart|p2: JustANoobie|Spikes
|move|p2a: Volcanion|Sludge Bomb|p1a: Samurott
|-damage|p1a: Samurott|20/100 brn
|
|-weather|RainDance|[upkeep]
|-damage|p1a: Samurott|14/100 brn|[from] brn
|upkeep
|turn|5
|
|t:|1779720314
|move|p1a: Samurott|Ceaseless Edge|p2a: Volcanion
|-damage|p2a: Volcanion|29/100
|-sidestart|p2: JustANoobie|Spikes
|move|p2a: Volcanion|Steam Eruption|p1a: Samurott
|-resisted|p1a: Samurott
|-damage|p1a: Samurott|0 fnt
|faint|p1a: Samurott
|
|-weather|RainDance|[upkeep]
|upkeep
|
|t:|1779720324
|switch|p1a: Landorus|Landorus-Therian, M|100/100
|-ability|p1a: Landorus|Intimidate|boost
|-unboost|p2a: Volcanion|atk|1
|turn|6
|
|t:|1779720340
|switch|p2a: Great Tusk|Great Tusk|100/100
|move|p1a: Landorus|Earthquake|p2a: Great Tusk
|-damage|p2a: Great Tusk|56/100
|
|-weather|RainDance|[upkeep]
|upkeep
|turn|7
|
|t:|1779720353
|move|p1a: Landorus|Grass Knot|p2a: Great Tusk
|-supereffective|p2a: Great Tusk
|-damage|p2a: Great Tusk|0 fnt
|faint|p2a: Great Tusk
|-end|p2a: Great Tusk|Protosynthesis|[silent]
|
|-weather|RainDance|[upkeep]
|upkeep
|
|t:|1779720361
|switch|p2a: Basculegion|Basculegion, M|100/100
|-damage|p2a: Basculegion|76/100|[from] Spikes
|turn|8
|
|t:|1779720394
|switch|p1a: Kingambit|Kingambit, M, shiny|100/100
|-activate|p1a: Kingambit|ability: Supreme Overlord
|-start|p1a: Kingambit|fallen1|[silent]
|-terastallize|p2a: Basculegion|Water
|move|p2a: Basculegion|Flip Turn|p1a: Kingambit
|-damage|p1a: Kingambit|32/100
|inactive|Battle timer is ON: inactive players will automatically lose when time's up. (requested by JustANoobie)
|
|t:|1779720409
|switch|p2a: Blastoise|Blastoise, F|100/100|[from] Flip Turn
|-damage|p2a: Blastoise|76/100|[from] Spikes
|
|-weather|none
|upkeep
|turn|9
|
|t:|1779720418
|-end|p1a: Kingambit|fallen1|[silent]
|switch|p1a: Gholdengo|Gholdengo|100/100
|move|p2a: Blastoise|Surf|p1a: Gholdengo
|-damage|p1a: Gholdengo|64/100
|
|-heal|p1a: Gholdengo|70/100|[from] item: Leftovers
|upkeep
|turn|10
|
|t:|1779720427
|switch|p2a: Pelipper|Pelipper, F|51/100
|-weather|RainDance|[from] ability: Drizzle|[of] p2a: Pelipper
|move|p1a: Gholdengo|Thunder Wave|p2a: Pelipper
|-status|p2a: Pelipper|par
|
|-weather|RainDance|[upkeep]
|-heal|p1a: Gholdengo|76/100|[from] item: Leftovers
|upkeep
|turn|11
|
|t:|1779720446
|switch|p2a: Volcanion|Volcanion|29/100
|-damage|p2a: Volcanion|4/100|[from] Spikes
|move|p1a: Gholdengo|Hex|p2a: Volcanion
|-damage|p2a: Volcanion|0 fnt
|faint|p2a: Volcanion
|
|-weather|RainDance|[upkeep]
|-heal|p1a: Gholdengo|82/100|[from] item: Leftovers
|upkeep
|
|t:|1779720453
|switch|p2a: Basculegion|Basculegion, M, tera:Water|76/100
|-damage|p2a: Basculegion|51/100|[from] Spikes
|turn|12
|
|t:|1779720462
|-terastallize|p1a: Gholdengo|Fairy
|move|p2a: Basculegion|Wave Crash|p1a: Gholdengo
|-damage|p1a: Gholdengo|0 fnt
|faint|p1a: Gholdengo
|-damage|p2a: Basculegion|24/100|[from] Recoil
|
|-weather|RainDance|[upkeep]
|upkeep
|
|t:|1779720472
|switch|p1a: Arcanine|Arcanine-Hisui, M, shiny|100/100
|turn|13
|
|t:|1779720482
|switch|p2a: Scream Tail|Scream Tail|100/100
|-damage|p2a: Scream Tail|76/100|[from] Spikes
|move|p1a: Arcanine|Extreme Speed|p2a: Scream Tail
|-damage|p2a: Scream Tail|54/100
|
|-weather|RainDance|[upkeep]
|-heal|p2a: Scream Tail|60/100|[from] item: Leftovers
|upkeep
|turn|14
|
|t:|1779720493
|switch|p1a: Landorus|Landorus-Therian, M|100/100
|-ability|p1a: Landorus|Intimidate|boost
|-unboost|p2a: Scream Tail|atk|1
|move|p2a: Scream Tail|Wish|p2a: Scream Tail
|
|-weather|none
|-heal|p2a: Scream Tail|66/100|[from] item: Leftovers
|upkeep
|turn|15
|
|t:|1779720502
|move|p2a: Scream Tail|Protect|p2a: Scream Tail
|-singleturn|p2a: Scream Tail|Protect
|move|p1a: Landorus|Grass Knot|p2a: Scream Tail
|-activate|p2a: Scream Tail|move: Protect
|
|-heal|p2a: Scream Tail|100/100|[from] move: Wish|[wisher] Scream Tail
|upkeep
|turn|16
|
|t:|1779720512
|move|p2a: Scream Tail|Disable|p1a: Landorus
|-start|p1a: Landorus|Disable|Grass Knot
|move|p1a: Landorus|Stealth Rock|p2a: Scream Tail
|-sidestart|p2: JustANoobie|move: Stealth Rock
|
|upkeep
|turn|17
|
|t:|1779720519
|move|p2a: Scream Tail|Wish|p2a: Scream Tail
|move|p1a: Landorus|Earthquake|p2a: Scream Tail
|-damage|p2a: Scream Tail|55/100
|
|-heal|p2a: Scream Tail|62/100|[from] item: Leftovers
|upkeep
|turn|18
|
|t:|1779720528
|-end|p2a: Scream Tail|Protosynthesis|[silent]
|switch|p2a: Blastoise|Blastoise, F|76/100
|-damage|p2a: Blastoise|51/100|[from] Spikes
|-damage|p2a: Blastoise|39/100|[from] Stealth Rock
|move|p1a: Landorus|Earthquake|p2a: Blastoise
|-damage|p2a: Blastoise|0 fnt
|faint|p2a: Blastoise
|
|upkeep
|-message|JustANoobie forfeited.
|
|win|baodan9113
|raw|baodan9113's rating: 1246 &rarr; <strong>1276</strong><br />(+30 for winning)
|raw|JustANoobie's rating: 1313 &rarr; <strong>1289</strong><br />(-24 for losing)
|l|☆JustANoobie
|player|p2|
|l|☆baodan9113
|player|p1|
