|j|☆naraz
|j|☆Windy189
|t:|1779705714
|gametype|singles
|player|p1|naraz|1|1213
|player|p2|Windy189|102|1258
|gen|9
|tier|[Gen 9] OU
|rated|
|rule|HP Percentage Mod: HP is shown in percentages
|rule|Endless Battle Clause: Forcing endless battles is banned
|rule|Species Clause: Limit one of each Pokémon
|rule|OHKO Clause: OHKO moves are banned
|rule|Evasion Items Clause: Evasion items are banned
|rule|Evasion Moves Clause: Evasion moves are banned
|rule|Evasion Abilities Clause: Evasion abilities are banned
|rule|Sleep Moves Clause: Sleep-inducing moves are banned
|clearpoke
|poke|p1|Pawmot, M|
|poke|p1|Gholdengo|
|poke|p1|Samurott-Hisui, F|
|poke|p1|Mudsdale, M|
|poke|p1|Tauros-Paldea-Blaze, M|
|poke|p1|Ditto|
|poke|p2|Blaziken, M|
|poke|p2|Darkrai|
|poke|p2|Dragonite, M|
|poke|p2|Skeledirge, F|
|poke|p2|Pawmot, F|
|poke|p2|Great Tusk|
|teampreview
|inactive|Battle timer is ON: inactive players will automatically lose when time's up. (requested by Windy189)
|c|☆Windy189|Hello Pawmot
|
|t:|1779705738
|teamsize|p1|6
|teamsize|p2|6
|start
|switch|p1a: Samurott|Samurott-Hisui, F|100/100
|switch|p2a: Darkrai|Darkrai|100/100
|turn|1
|
|t:|1779705746
|move|p2a: Darkrai|Focus Blast|p1a: Samurott
|-supereffective|p1a: Samurott
|-damage|p1a: Samurott|0 fnt
|faint|p1a: Samurott
|
|upkeep
|
|t:|1779705762
|switch|p1a: Ditto|Ditto|100/100
|-transform|p1a: Ditto|p2a: Darkrai|[from] ability: Imposter
|turn|2
|
|t:|1779705774
|move|p2a: Darkrai|Focus Blast|p1a: Ditto
|-supereffective|p1a: Ditto
|-damage|p1a: Ditto|0 fnt
|faint|p1a: Ditto
|
|upkeep
|
|t:|1779705781
|switch|p1a: Gholdengo|Gholdengo|100/100
|-item|p1a: Gholdengo|Air Balloon
|turn|3
|
|t:|1779705791
|move|p2a: Darkrai|Dark Pulse|p1a: Gholdengo
|-supereffective|p1a: Gholdengo
|-damage|p1a: Gholdengo|5/100
|-enditem|p1a: Gholdengo|Air Balloon
|move|p1a: Gholdengo|Nasty Plot|p1a: Gholdengo
|-boost|p1a: Gholdengo|spa|2
|
|upkeep
|turn|4
|
|t:|1779705799
|move|p2a: Darkrai|Dark Pulse|p1a: Gholdengo
|-supereffective|p1a: Gholdengo
|-damage|p1a: Gholdengo|0 fnt
|faint|p1a: Gholdengo
|
|upkeep
|c|☆Windy189|???
|
|t:|1779705803
|switch|p1a: Pawmot|Pawmot, M|100/100
|turn|5
|
|t:|1779705809
|move|p1a: Pawmot|Mach Punch|p2a: Darkrai
|-supereffective|p2a: Darkrai
|-damage|p2a: Darkrai|34/100
|move|p2a: Darkrai|Sludge Bomb|p1a: Pawmot
|-damage|p1a: Pawmot|45/100
|
|upkeep
|turn|6
|
|t:|1779705818
|switch|p2a: Great Tusk|Great Tusk|100/100
|-enditem|p2a: Great Tusk|Booster Energy
|-activate|p2a: Great Tusk|ability: Protosynthesis|[fromitem]
|-start|p2a: Great Tusk|protosynthesisatk
|move|p1a: Pawmot|Mach Punch|p2a: Great Tusk
|-damage|p2a: Great Tusk|84/100
|
|upkeep
|turn|7
|
|t:|1779705828
|switch|p1a: Mudsdale|Mudsdale, M|100/100
|move|p2a: Great Tusk|Rapid Spin|p1a: Mudsdale
|-damage|p1a: Mudsdale|86/100
|-boost|p2a: Great Tusk|spe|1
|-ability|p1a: Mudsdale|Stamina|boost
|-boost|p1a: Mudsdale|def|1
|
|-heal|p1a: Mudsdale|93/100|[from] item: Leftovers
|upkeep
|turn|8
|
|t:|1779705840
|move|p2a: Great Tusk|Ice Spinner|p1a: Mudsdale
|-supereffective|p1a: Mudsdale
|-damage|p1a: Mudsdale|63/100
|-ability|p1a: Mudsdale|Stamina|boost
|-boost|p1a: Mudsdale|def|1
|move|p1a: Mudsdale|Earthquake|p2a: Great Tusk
|-damage|p2a: Great Tusk|56/100
|
|-heal|p1a: Mudsdale|69/100|[from] item: Leftovers
|upkeep
|turn|9
|
|t:|1779705851
|move|p2a: Great Tusk|Headlong Rush|p1a: Mudsdale
|-damage|p1a: Mudsdale|45/100
|-unboost|p2a: Great Tusk|def|1
|-unboost|p2a: Great Tusk|spd|1
|-ability|p1a: Mudsdale|Stamina|boost
|-boost|p1a: Mudsdale|def|1
|move|p1a: Mudsdale|Earthquake|p2a: Great Tusk
|-crit|p2a: Great Tusk
|-damage|p2a: Great Tusk|0 fnt
|faint|p2a: Great Tusk
|-end|p2a: Great Tusk|Protosynthesis|[silent]
|
|-heal|p1a: Mudsdale|51/100|[from] item: Leftovers
|upkeep
|
|t:|1779705864
|switch|p2a: Darkrai|Darkrai|34/100
|turn|10
|
|t:|1779705880
|move|p2a: Darkrai|Ice Beam|p1a: Mudsdale
|-supereffective|p1a: Mudsdale
|-damage|p1a: Mudsdale|0 fnt
|faint|p1a: Mudsdale
|
|upkeep
|
|t:|1779705884
|switch|p1a: Pawmot|Pawmot, M|45/100
|turn|11
|
|t:|1779705897
|-terastallize|p2a: Darkrai|Ghost
|move|p1a: Pawmot|Mach Punch|p2a: Darkrai
|-immune|p2a: Darkrai
|move|p2a: Darkrai|Sludge Bomb|p1a: Pawmot
|-damage|p1a: Pawmot|0 fnt
|faint|p1a: Pawmot
|
|upkeep
|
|t:|1779705900
|switch|p1a: Tauros|Tauros-Paldea-Blaze, M|100/100
|turn|12
|
|t:|1779705911
|move|p2a: Darkrai|Sludge Bomb|p1a: Tauros
|-damage|p1a: Tauros|54/100
|move|p1a: Tauros|Flame Charge|p2a: Darkrai
|-damage|p2a: Darkrai|0 fnt
|-boost|p1a: Tauros|spe|1
|faint|p2a: Darkrai
|
|upkeep
|
|t:|1779705920
|switch|p2a: Pawmot|Pawmot, F, shiny|100/100
|turn|13
|
|t:|1779705926
|move|p1a: Tauros|Will-O-Wisp|p2a: Pawmot
|-status|p2a: Pawmot|brn
|move|p2a: Pawmot|Close Combat|p1a: Tauros
|-damage|p1a: Tauros|20/100
|-unboost|p2a: Pawmot|def|1
|-unboost|p2a: Pawmot|spd|1
|-enditem|p1a: Tauros|Sitrus Berry|[eat]
|-heal|p1a: Tauros|45/100|[from] item: Sitrus Berry
|
|-damage|p2a: Pawmot|94/100 brn|[from] brn
|upkeep
|turn|14
|
|t:|1779705940
|move|p1a: Tauros|Raging Bull|p2a: Pawmot
|-damage|p2a: Pawmot|0 fnt
|faint|p2a: Pawmot
|
|upkeep
|
|t:|1779705947
|switch|p2a: Skeledirge|Skeledirge, F|100/100
|turn|15
|
|t:|1779705954
|move|p1a: Tauros|Raging Bull|p2a: Skeledirge
|-resisted|p2a: Skeledirge
|-damage|p2a: Skeledirge|89/100
|move|p2a: Skeledirge|Hex|p1a: Tauros
|-damage|p1a: Tauros|7/100
|
|-heal|p2a: Skeledirge|95/100|[from] item: Leftovers
|upkeep
|turn|16
|
|t:|1779705963
|move|p1a: Tauros|Raging Bull|p2a: Skeledirge
|-resisted|p2a: Skeledirge
|-damage|p2a: Skeledirge|83/100
|move|p2a: Skeledirge|Slack Off|p2a: Skeledirge
|-heal|p2a: Skeledirge|100/100
|
|upkeep
|turn|17
|-message|naraz forfeited.
|
|win|Windy189
|raw|naraz's rating: 1213 &rarr; <strong>1191</strong><br />(-22 for losing)
|raw|Windy189's rating: 1258 &rarr; <strong>1280</strong><br />(+22 for winning)
|l|☆naraz
|player|p1|
|l|☆Windy189
|player|p2|
