|j|☆Chadmcpoon
|j|☆aizennenr
|t:|1779612809
|gametype|singles
|player|p1|Chadmcpoon|ghetsis-gen5bw|1495
|player|p2|aizennenr|266|1508
|gen|9
|tier|[Gen 9] OU
|rated|
|rule|HP Percentage Mod: HP is shown in percentages
|rule|Endless Battle Clause: Forcing endless battles is banned
|rule|Species Clause: Limit one of each Pokémon
|rule|OHKO Clause: OHKO moves are banned
|rule|Evasion Items Clause: Evasion items are banned
|rule|Evasion Moves Clause: Evasion moves are banned
|rule|Evasion Abilities Clause: Evasion abilities are banned
|rule|Sleep Moves Clause: Sleep-inducing moves are banned
|clearpoke
|poke|p1|Samurott-Hisui, F|
|poke|p1|Hydrapple, F|
|poke|p1|Landorus-Therian, M|
|poke|p1|Great Tusk|
|poke|p1|Gholdengo|
|poke|p1|Moltres|
|poke|p2|Ceruledge, F|
|poke|p2|Raging Bolt|
|poke|p2|Weavile, M|
|poke|p2|Ogerpon-Wellspring, F|
|poke|p2|Glimmora, M|
|poke|p2|Great Tusk|
|teampreview
|
|t:|1779612831
|teamsize|p1|6
|teamsize|p2|6
|start
|switch|p1a: Gholdengo|Gholdengo|100/100
|switch|p2a: Weavile|Weavile, M|100/100
|-ability|p2a: Weavile|Pressure
|turn|1
|inactive|Battle timer is ON: inactive players will automatically lose when time's up. (requested by aizennenr)
|
|t:|1779612839
|switch|p1a: Moltres|Moltres|100/100
|move|p2a: Weavile|Knock Off|p1a: Moltres
|-damage|p1a: Moltres|54/100
|-status|p2a: Weavile|brn|[from] ability: Flame Body|[of] p1a: Moltres
|-enditem|p1a: Moltres|Heavy-Duty Boots|[from] move: Knock Off|[of] p2a: Weavile
|
|-damage|p2a: Weavile|94/100 brn|[from] brn
|upkeep
|turn|2
|
|t:|1779612848
|move|p2a: Weavile|Swords Dance|p2a: Weavile
|-boost|p2a: Weavile|atk|2
|move|p1a: Moltres|Roost|p1a: Moltres
|-heal|p1a: Moltres|100/100
|-singleturn|p1a: Moltres|move: Roost
|
|-damage|p2a: Weavile|88/100 brn|[from] brn
|upkeep
|turn|3
|
|t:|1779612851
|move|p2a: Weavile|Knock Off|p1a: Moltres
|-damage|p1a: Moltres|69/100
|move|p1a: Moltres|Flamethrower|p2a: Weavile
|-supereffective|p2a: Weavile
|-damage|p2a: Weavile|0 fnt
|faint|p2a: Weavile
|
|upkeep
|
|t:|1779612860
|switch|p2a: Glimmora|Glimmora, M|100/100
|turn|4
|
|t:|1779612871
|move|p2a: Glimmora|Stealth Rock|p1a: Moltres
|-sidestart|p1: Chadmcpoon|move: Stealth Rock
|move|p1a: Moltres|U-turn|p2a: Glimmora
|-resisted|p2a: Glimmora
|-damage|p2a: Glimmora|91/100
|-activate|p2a: Glimmora|ability: Toxic Debris
|-sidestart|p1: Chadmcpoon|move: Toxic Spikes
|
|t:|1779612876
|switch|p1a: Great Tusk|Great Tusk|100/100|[from] U-turn
|
|upkeep
|turn|5
|
|t:|1779612884
|-terastallize|p2a: Glimmora|Ghost
|move|p1a: Great Tusk|Headlong Rush|p2a: Glimmora
|-damage|p2a: Glimmora|16/100
|-unboost|p1a: Great Tusk|def|1
|-unboost|p1a: Great Tusk|spd|1
|-activate|p2a: Glimmora|ability: Toxic Debris
|-sidestart|p1: Chadmcpoon|move: Toxic Spikes
|move|p2a: Glimmora|Meteor Beam||[still]
|-prepare|p2a: Glimmora|Meteor Beam
|-boost|p2a: Glimmora|spa|1
|-enditem|p2a: Glimmora|Power Herb
|-anim|p2a: Glimmora|Meteor Beam|p1a: Great Tusk
|-resisted|p1a: Great Tusk
|-damage|p1a: Great Tusk|48/100
|
|upkeep
|turn|6
|
|t:|1779612898
|move|p1a: Great Tusk|Headlong Rush|p2a: Glimmora
|-damage|p2a: Glimmora|0 fnt
|-unboost|p1a: Great Tusk|def|1
|-unboost|p1a: Great Tusk|spd|1
|faint|p2a: Glimmora
|
|upkeep
|
|t:|1779612902
|switch|p2a: Ceruledge|Ceruledge, F|100/100
|turn|7
|
|t:|1779612914
|-end|p1a: Great Tusk|Protosynthesis|[silent]
|switch|p1a: Landorus|Landorus-Therian, M|100/100
|-damage|p1a: Landorus|88/100|[from] Stealth Rock
|-ability|p1a: Landorus|Intimidate|boost
|-unboost|p2a: Ceruledge|atk|1
|move|p2a: Ceruledge|Poltergeist|p1a: Landorus|[miss]
|-miss|p2a: Ceruledge|p1a: Landorus
|
|upkeep
|turn|8
|
|t:|1779612929
|switch|p2a: Great Tusk|Great Tusk|100/100
|move|p1a: Landorus|Earthquake|p2a: Great Tusk
|-damage|p2a: Great Tusk|58/100
|
|upkeep
|turn|9
|
|t:|1779612936
|switch|p1a: Moltres|Moltres|69/100
|-damage|p1a: Moltres|19/100|[from] Stealth Rock
|move|p2a: Great Tusk|Ice Spinner|p1a: Moltres
|-damage|p1a: Moltres|0 fnt
|faint|p1a: Moltres
|
|upkeep
|
|t:|1779612954
|switch|p1a: Great Tusk|Great Tusk|48/100
|turn|10
|
|t:|1779612956
|-end|p2a: Great Tusk|Protosynthesis|[silent]
|switch|p2a: Ceruledge|Ceruledge, F|100/100
|move|p1a: Great Tusk|Rapid Spin|p2a: Ceruledge
|-immune|p2a: Ceruledge
|
|upkeep
|turn|11
|
|t:|1779612960
|-end|p1a: Great Tusk|Protosynthesis|[silent]
|switch|p1a: Landorus|Landorus-Therian, M|88/100
|-damage|p1a: Landorus|76/100|[from] Stealth Rock
|-ability|p1a: Landorus|Intimidate|boost
|-unboost|p2a: Ceruledge|atk|1
|move|p2a: Ceruledge|Swords Dance|p2a: Ceruledge
|-boost|p2a: Ceruledge|atk|2
|
|upkeep
|turn|12
|
|t:|1779612963
|move|p1a: Landorus|Earthquake|p2a: Ceruledge
|-supereffective|p2a: Ceruledge
|-enditem|p2a: Ceruledge|Focus Sash
|-damage|p2a: Ceruledge|1/100
|-ability|p2a: Ceruledge|Weak Armor|boost
|-unboost|p2a: Ceruledge|def|1
|-boost|p2a: Ceruledge|spe|2
|move|p2a: Ceruledge|Poltergeist|p1a: Landorus
|-activate|p1a: Landorus|move: Poltergeist|Choice Scarf
|-damage|p1a: Landorus|0 fnt
|faint|p1a: Landorus
|
|upkeep
|
|t:|1779612973
|switch|p1a: Samurott|Samurott-Hisui, F, shiny|100/100
|-damage|p1a: Samurott|88/100|[from] Stealth Rock
|-status|p1a: Samurott|tox
|turn|13
|
|t:|1779612981
|switch|p2a: Great Tusk|Great Tusk|58/100
|move|p1a: Samurott|Knock Off|p2a: Great Tusk
|-resisted|p2a: Great Tusk
|-damage|p2a: Great Tusk|44/100
|-enditem|p2a: Great Tusk|Assault Vest|[from] move: Knock Off|[of] p1a: Samurott
|
|-damage|p1a: Samurott|82/100 tox|[from] psn
|upkeep
|turn|14
|
|t:|1779612992
|switch|p1a: Hydrapple|Hydrapple, F|100/100
|-damage|p1a: Hydrapple|88/100|[from] Stealth Rock
|-status|p1a: Hydrapple|tox
|move|p2a: Great Tusk|Close Combat|p1a: Hydrapple
|-damage|p1a: Hydrapple|53/100 tox
|-unboost|p2a: Great Tusk|def|1
|-unboost|p2a: Great Tusk|spd|1
|-damage|p2a: Great Tusk|27/100|[from] item: Rocky Helmet|[of] p1a: Hydrapple
|
|-damage|p1a: Hydrapple|47/100 tox|[from] psn
|upkeep
|turn|15
|inactive|Chadmcpoon has 120 seconds left.
|
|t:|1779613038
|switch|p1a: Samurott|Samurott-Hisui, F, shiny|82/100 tox
|-damage|p1a: Samurott|70/100 tox|[from] Stealth Rock
|move|p2a: Great Tusk|Ice Spinner|p1a: Samurott
|-resisted|p1a: Samurott
|-damage|p1a: Samurott|54/100 tox
|
|-damage|p1a: Samurott|48/100 tox|[from] psn
|upkeep
|turn|16
|
|t:|1779613048
|move|p2a: Great Tusk|Close Combat|p1a: Samurott
|-supereffective|p1a: Samurott
|-damage|p1a: Samurott|0 fnt
|-unboost|p2a: Great Tusk|def|1
|-unboost|p2a: Great Tusk|spd|1
|faint|p1a: Samurott
|
|upkeep
|
|t:|1779613051
|switch|p1a: Great Tusk|Great Tusk|48/100
|turn|17
|
|t:|1779613060
|move|p1a: Great Tusk|Headlong Rush|p2a: Great Tusk
|-damage|p2a: Great Tusk|0 fnt
|-unboost|p1a: Great Tusk|def|1
|-unboost|p1a: Great Tusk|spd|1
|faint|p2a: Great Tusk
|-end|p2a: Great Tusk|Protosynthesis|[silent]
|
|upkeep
|
|t:|1779613063
|switch|p2a: Ogerpon|Ogerpon-Wellspring, F|100/100
|turn|18
|
|t:|1779613069
|-end|p1a: Great Tusk|Protosynthesis|[silent]
|switch|p1a: Hydrapple|Hydrapple, F|80/100 tox
|-damage|p1a: Hydrapple|68/100 tox|[from] Stealth Rock
|move|p2a: Ogerpon|Play Rough|p1a: Hydrapple
|-supereffective|p1a: Hydrapple
|-damage|p1a: Hydrapple|30/100 tox
|-damage|p2a: Ogerpon|84/100|[from] item: Rocky Helmet|[of] p1a: Hydrapple
|
|-damage|p1a: Hydrapple|24/100 tox|[from] psn
|upkeep
|turn|19
|
|t:|1779613076
|-terastallize|p1a: Hydrapple|Steel
|move|p2a: Ogerpon|Play Rough|p1a: Hydrapple
|-resisted|p1a: Hydrapple
|-damage|p1a: Hydrapple|15/100 tox
|-damage|p2a: Ogerpon|67/100|[from] item: Rocky Helmet|[of] p1a: Hydrapple
|move|p1a: Hydrapple|Giga Drain|p2a: Ogerpon
|-damage|p2a: Ogerpon|30/100
|-heal|p1a: Hydrapple|28/100 tox|[from] drain|[of] p2a: Ogerpon
|
|-damage|p1a: Hydrapple|16/100 tox|[from] psn
|upkeep
|turn|20
|
|t:|1779613085
|move|p2a: Ogerpon|Ivy Cudgel|p1a: Hydrapple|[anim] Ivy Cudgel Water
|-crit|p1a: Hydrapple
|-damage|p1a: Hydrapple|0 fnt
|faint|p1a: Hydrapple
|
|upkeep
|
|t:|1779613089
|switch|p1a: Gholdengo|Gholdengo|100/100
|-damage|p1a: Gholdengo|94/100|[from] Stealth Rock
|turn|21
|
|t:|1779613097
|switch|p2a: Raging Bolt|Raging Bolt|100/100
|-enditem|p2a: Raging Bolt|Booster Energy
|-activate|p2a: Raging Bolt|ability: Protosynthesis|[fromitem]
|-start|p2a: Raging Bolt|protosynthesisspa
|move|p1a: Gholdengo|Shadow Ball|p2a: Raging Bolt
|-damage|p2a: Raging Bolt|57/100
|
|upkeep
|turn|22
|
|t:|1779613108
|switch|p1a: Great Tusk|Great Tusk|48/100
|move|p2a: Raging Bolt|Thunderbolt|p1a: Great Tusk
|-immune|p1a: Great Tusk
|
|upkeep
|turn|23
|
|t:|1779613129
|move|p1a: Great Tusk|Rapid Spin|p2a: Raging Bolt
|-damage|p2a: Raging Bolt|40/100
|-boost|p1a: Great Tusk|spe|1
|-sideend|p1: Chadmcpoon|Toxic Spikes|[from] move: Rapid Spin|[of] p1a: Great Tusk
|-sideend|p1: Chadmcpoon|Stealth Rock|[from] move: Rapid Spin|[of] p1a: Great Tusk
|move|p2a: Raging Bolt|Dragon Pulse|p1a: Great Tusk
|-damage|p1a: Great Tusk|0 fnt
|faint|p1a: Great Tusk
|-end|p1a: Great Tusk|Protosynthesis|[silent]
|
|upkeep
|
|t:|1779613130
|switch|p1a: Gholdengo|Gholdengo|94/100
|turn|24
|
|t:|1779613134
|move|p1a: Gholdengo|Shadow Ball|p2a: Raging Bolt
|-damage|p2a: Raging Bolt|0 fnt
|faint|p2a: Raging Bolt
|-end|p2a: Raging Bolt|Protosynthesis|[silent]
|
|upkeep
|
|t:|1779613137
|switch|p2a: Ceruledge|Ceruledge, F|1/100
|turn|25
|
|t:|1779613140
|move|p2a: Ceruledge|Bitter Blade|p1a: Gholdengo
|-supereffective|p1a: Gholdengo
|-damage|p1a: Gholdengo|0 fnt
|-heal|p2a: Ceruledge|57/100|[from] drain|[of] p1a: Gholdengo
|faint|p1a: Gholdengo
|
|win|aizennenr
|raw|Chadmcpoon's rating: 1495 &rarr; <strong>1476</strong><br />(-19 for losing)
|raw|aizennenr's rating: 1508 &rarr; <strong>1527</strong><br />(+19 for winning)
|l|☆Chadmcpoon
|player|p1|
|l|☆aizennenr
|player|p2|
