|j|☆Enzo RSETIS
|j|☆8i9o0po
|t:|1779600050
|gametype|singles
|player|p1|Enzo RSETIS|1|1111
|player|p2|8i9o0po|170|1078
|gen|9
|tier|[Gen 9] OU
|rated|
|rule|HP Percentage Mod: HP is shown in percentages
|rule|Endless Battle Clause: Forcing endless battles is banned
|rule|Species Clause: Limit one of each Pokémon
|rule|OHKO Clause: OHKO moves are banned
|rule|Evasion Items Clause: Evasion items are banned
|rule|Evasion Moves Clause: Evasion moves are banned
|rule|Evasion Abilities Clause: Evasion abilities are banned
|rule|Sleep Moves Clause: Sleep-inducing moves are banned
|clearpoke
|poke|p1|Zapdos-Galar|
|poke|p1|Blissey, F|
|poke|p1|Darkrai|
|poke|p1|Gliscor, F|
|poke|p1|Skarmory, F|
|poke|p1|Pecharunt|
|poke|p2|Pecharunt|
|poke|p2|Corviknight, F|
|poke|p2|Meowscarada, M|
|poke|p2|Raging Bolt|
|poke|p2|Heatran, F|
|poke|p2|Galvantula, M|
|teampreview
|
|t:|1779600062
|teamsize|p1|6
|teamsize|p2|6
|start
|switch|p1a: Pecharunt|Pecharunt|100/100
|switch|p2a: Galvantula|Galvantula, M|100/100
|-item|p1a: Pecharunt|Air Balloon
|turn|1
|
|t:|1779600072
|move|p2a: Galvantula|Sticky Web|p1a: Pecharunt
|-sidestart|p1: Enzo RSETIS|move: Sticky Web
|move|p1a: Pecharunt|Malignant Chain|p2a: Galvantula
|-damage|p2a: Galvantula|57/100
|-status|p2a: Galvantula|tox
|-start|p2a: Galvantula|confusion|[from] ability: Poison Puppeteer|[of] p1a: Pecharunt
|
|-damage|p2a: Galvantula|51/100 tox|[from] psn
|upkeep
|turn|2
|
|t:|1779600083
|-activate|p2a: Galvantula|confusion
|move|p2a: Galvantula|Thunder Wave|p1a: Pecharunt
|-status|p1a: Pecharunt|par
|move|p1a: Pecharunt|Malignant Chain|p2a: Galvantula
|-damage|p2a: Galvantula|2/100 tox
|
|-damage|p2a: Galvantula|0 fnt|[from] psn
|faint|p2a: Galvantula
|upkeep
|
|t:|1779600092
|switch|p2a: Heatran|Heatran, F|100/100
|turn|3
|
|t:|1779600102
|move|p2a: Heatran|Overheat|p1a: Pecharunt
|-damage|p1a: Pecharunt|29/100 par
|-unboost|p2a: Heatran|spa|2
|-enditem|p1a: Pecharunt|Air Balloon
|move|p1a: Pecharunt|Parting Shot|p2a: Heatran
|-unboost|p2a: Heatran|atk|1
|-unboost|p2a: Heatran|spa|1
|
|t:|1779600111
|switch|p1a: Da Kicker|Zapdos-Galar|100/100|[from] Parting Shot
|
|upkeep
|turn|4
|
|t:|1779600119
|switch|p2a: Corviknight|Corviknight, F|100/100
|-ability|p2a: Corviknight|Pressure
|move|p1a: Da Kicker|U-turn|p2a: Corviknight
|-resisted|p2a: Corviknight
|-damage|p2a: Corviknight|93/100
|-damage|p1a: Da Kicker|84/100|[from] item: Rocky Helmet|[of] p2a: Corviknight
|
|t:|1779600127
|switch|p1a: Gliscor|Gliscor, F|100/100|[from] U-turn
|
|-status|p1a: Gliscor|tox|[from] item: Toxic Orb
|upkeep
|turn|5
|
|t:|1779600151
|move|p1a: Gliscor|Swords Dance|p1a: Gliscor
|-boost|p1a: Gliscor|atk|2
|move|p2a: Corviknight|Brave Bird|p1a: Gliscor
|-damage|p1a: Gliscor|71/100 tox
|-damage|p2a: Corviknight|84/100|[from] Recoil
|
|-heal|p1a: Gliscor|84/100 tox|[from] ability: Poison Heal
|upkeep
|turn|6
|
|t:|1779600159
|move|p1a: Gliscor|Swords Dance|p1a: Gliscor
|-boost|p1a: Gliscor|atk|2
|move|p2a: Corviknight|Brave Bird|p1a: Gliscor
|-damage|p1a: Gliscor|54/100 tox
|-damage|p2a: Corviknight|76/100|[from] Recoil
|
|-heal|p1a: Gliscor|66/100 tox|[from] ability: Poison Heal
|upkeep
|turn|7
|
|t:|1779600170
|move|p1a: Gliscor|Protect|p1a: Gliscor
|-singleturn|p1a: Gliscor|Protect
|move|p2a: Corviknight|Roost|p2a: Corviknight
|-heal|p2a: Corviknight|100/100
|-singleturn|p2a: Corviknight|move: Roost
|
|-heal|p1a: Gliscor|79/100 tox|[from] ability: Poison Heal
|upkeep
|turn|8
|
|t:|1779600178
|move|p1a: Gliscor|Knock Off|p2a: Corviknight
|-damage|p2a: Corviknight|46/100
|-damage|p1a: Gliscor|62/100 tox|[from] item: Rocky Helmet|[of] p2a: Corviknight
|-enditem|p2a: Corviknight|Rocky Helmet|[from] move: Knock Off|[of] p1a: Gliscor
|move|p2a: Corviknight|Brave Bird|p1a: Gliscor
|-damage|p1a: Gliscor|34/100 tox
|-damage|p2a: Corviknight|38/100|[from] Recoil
|
|-heal|p1a: Gliscor|47/100 tox|[from] ability: Poison Heal
|upkeep
|turn|9
|
|t:|1779600193
|switch|p2a: Raging Bolt|Raging Bolt|100/100
|move|p1a: Gliscor|Facade|p2a: Raging Bolt
|-damage|p2a: Raging Bolt|24/100
|
|-heal|p1a: Gliscor|59/100 tox|[from] ability: Poison Heal
|upkeep
|turn|10
|
|t:|1779600202
|move|p1a: Gliscor|Facade|p2a: Raging Bolt
|-damage|p2a: Raging Bolt|0 fnt
|faint|p2a: Raging Bolt
|-end|p2a: Raging Bolt|Protosynthesis|[silent]
|
|-heal|p1a: Gliscor|72/100 tox|[from] ability: Poison Heal
|upkeep
|l|☆8i9o0po
|player|p2|
|inactive|Battle timer is ON: inactive players will automatically lose when time's up. (requested by Enzo RSETIS)
|inactive|8i9o0po has 30 seconds to reconnect!
|inactive|8i9o0po has 20 seconds to reconnect!
|inactive|8i9o0po has 15 seconds to reconnect!
|inactive|8i9o0po has 10 seconds to reconnect!
|inactive|8i9o0po has 5 seconds to reconnect!
|-message|8i9o0po lost due to inactivity.
|
|win|Enzo RSETIS
|raw|Enzo RSETIS's rating: 1111 &rarr; <strong>1134</strong><br />(+23 for winning)
|raw|8i9o0po's rating: 1078 &rarr; <strong>1058</strong><br />(-20 for losing)
|l|☆Enzo RSETIS
|player|p1|
