|j|☆Muckles3
|j|☆AbSolitaire
|t:|1779698683
|gametype|singles
|player|p1|Muckles3|2|1323
|player|p2|AbSolitaire|policeman-gen4|1311
|gen|9
|tier|[Gen 9] OU
|rated|
|rule|HP Percentage Mod: HP is shown in percentages
|rule|Endless Battle Clause: Forcing endless battles is banned
|rule|Species Clause: Limit one of each Pokémon
|rule|OHKO Clause: OHKO moves are banned
|rule|Evasion Items Clause: Evasion items are banned
|rule|Evasion Moves Clause: Evasion moves are banned
|rule|Evasion Abilities Clause: Evasion abilities are banned
|rule|Sleep Moves Clause: Sleep-inducing moves are banned
|clearpoke
|poke|p1|Weezing-Galar, M|
|poke|p1|Gliscor, M|
|poke|p1|Blissey, F|
|poke|p1|Dondozo, M|
|poke|p1|Toxapex, F|
|poke|p1|Glimmora, F|
|poke|p2|Kyurem|
|poke|p2|Cobalion|
|poke|p2|Leavanny, F|
|poke|p2|Primarina, M|
|poke|p2|Chandelure, M|
|poke|p2|Komala, M|
|teampreview
|inactive|Battle timer is ON: inactive players will automatically lose when time's up. (requested by Muckles3)
|inactive|AbSolitaire also wants the timer to be on.
|
|t:|1779698695
|teamsize|p1|6
|teamsize|p2|6
|start
|switch|p1a: Weezing|Weezing-Galar, M|100/100
|switch|p2a: Leavanny|Leavanny, F|100/100
|-ability|p1a: Weezing|Neutralizing Gas
|turn|1
|
|t:|1779698706
|move|p2a: Leavanny|Sticky Web|p1a: Weezing
|-sidestart|p1: Muckles3|move: Sticky Web
|move|p1a: Weezing|Toxic Spikes|p2a: Leavanny
|-sidestart|p2: AbSolitaire|move: Toxic Spikes
|
|upkeep
|turn|2
|
|t:|1779698711
|switch|p2a: Komala|Komala, M|100/100
|-ability|p2a: Komala|Comatose
|move|p1a: Weezing|Toxic Spikes|p2a: Komala
|-sidestart|p2: AbSolitaire|move: Toxic Spikes
|
|upkeep
|turn|3
|
|t:|1779698717
|move|p2a: Komala|Rapid Spin|p1a: Weezing
|-damage|p1a: Weezing|82/100
|-boost|p2a: Komala|spe|1
|-sideend|p2: AbSolitaire|Toxic Spikes|[from] move: Rapid Spin|[of] p2a: Komala
|move|p1a: Weezing|Will-O-Wisp|p2a: Komala
|-immune|p2a: Komala|[from] ability: Comatose
|
|upkeep
|turn|4
|
|t:|1779698726
|move|p2a: Komala|Earthquake|p1a: Weezing
|-supereffective|p1a: Weezing
|-damage|p1a: Weezing|39/100
|move|p1a: Weezing|Toxic Spikes|p2a: Komala
|-sidestart|p2: AbSolitaire|move: Toxic Spikes
|
|upkeep
|turn|5
|
|t:|1779698740
|-end|p1a: Weezing|ability: Neutralizing Gas
|switch|p1a: Gliscor|Gliscor, M|100/100
|move|p2a: Komala|Rapid Spin|p1a: Gliscor
|-damage|p1a: Gliscor|79/100
|-boost|p2a: Komala|spe|1
|-sideend|p2: AbSolitaire|Toxic Spikes|[from] move: Rapid Spin|[of] p2a: Komala
|
|-status|p1a: Gliscor|tox|[from] item: Toxic Orb
|upkeep
|turn|6
|
|t:|1779698751
|move|p2a: Komala|Ice Spinner|p1a: Gliscor
|-supereffective|p1a: Gliscor
|-damage|p1a: Gliscor|0 fnt
|faint|p1a: Gliscor
|
|upkeep
|-message|Muckles3 forfeited.
|
|win|AbSolitaire
|raw|Muckles3's rating: 1323 &rarr; <strong>1302</strong><br />(-21 for losing)
|raw|AbSolitaire's rating: 1311 &rarr; <strong>1332</strong><br />(+21 for winning)
|l|☆Muckles3
|player|p1|
|l|☆AbSolitaire
|player|p2|
