|j|☆dhairyasethia
|j|☆ikigai road 34
|t:|1779691611
|gametype|singles
|player|p1|dhairyasethia|steven|1070
|player|p2|ikigai road 34|169|1147
|gen|9
|tier|[Gen 9] OU
|rated|
|rule|HP Percentage Mod: HP is shown in percentages
|rule|Endless Battle Clause: Forcing endless battles is banned
|rule|Species Clause: Limit one of each Pokémon
|rule|OHKO Clause: OHKO moves are banned
|rule|Evasion Items Clause: Evasion items are banned
|rule|Evasion Moves Clause: Evasion moves are banned
|rule|Evasion Abilities Clause: Evasion abilities are banned
|rule|Sleep Moves Clause: Sleep-inducing moves are banned
|clearpoke
|poke|p1|Garganacl, M|
|poke|p1|Gliscor, F|
|poke|p1|Kingambit, F|
|poke|p1|Dondozo, M|
|poke|p1|Grimmsnarl, M|
|poke|p1|Great Tusk|
|poke|p2|Iron Moth|
|poke|p2|Iron Valiant|
|poke|p2|Pincurchin, M|
|poke|p2|Cinderace, F|
|poke|p2|Iron Crown|
|poke|p2|Corviknight, F|
|teampreview
|inactive|Battle timer is ON: inactive players will automatically lose when time's up. (requested by ikigai road 34)
|
|t:|1779691640
|teamsize|p1|6
|teamsize|p2|6
|start
|switch|p1a: Grimmsnarl|Grimmsnarl, M|100/100
|switch|p2a: Pincurchin|Pincurchin, M|100/100
|-fieldstart|move: Electric Terrain|[from] ability: Electric Surge|[of] p2a: Pincurchin
|turn|1
|inactive|ikigai road 34 has 120 seconds left.
|
|t:|1779691691
|switch|p2a: Corviknight|Corviknight, F|100/100
|-ability|p2a: Corviknight|Pressure
|move|p1a: Grimmsnarl|Light Screen|p1a: Grimmsnarl
|-sidestart|p1: dhairyasethia|move: Light Screen
|
|upkeep
|turn|2
|
|t:|1779691701
|move|p1a: Grimmsnarl|Reflect|p1a: Grimmsnarl
|-sidestart|p1: dhairyasethia|Reflect
|move|p2a: Corviknight|Defog|p1a: Grimmsnarl
|-unboost|p1a: Grimmsnarl|evasion|1
|-sideend|p1: dhairyasethia|Reflect
|-sideend|p1: dhairyasethia|move: Light Screen
|-fieldend|move: Electric Terrain
|
|upkeep
|turn|3
|inactive|ikigai road 34 has 90 seconds left.
|
|t:|1779691733
|move|p1a: Grimmsnarl|Parting Shot|p2a: Corviknight
|-unboost|p2a: Corviknight|atk|1
|-unboost|p2a: Corviknight|spa|1
|
|t:|1779691738
|switch|p1a: Dondozo|Dondozo, M|100/100|[from] Parting Shot
|move|p2a: Corviknight|U-turn|p1a: Dondozo
|-damage|p1a: Dondozo|92/100
|
|t:|1779691746
|switch|p2a: Pincurchin|Pincurchin, M|100/100|[from] U-turn
|-fieldstart|move: Electric Terrain|[from] ability: Electric Surge|[of] p2a: Pincurchin
|
|-heal|p1a: Dondozo|98/100|[from] item: Leftovers
|upkeep
|turn|4
|
|t:|1779691756
|move|p1a: Dondozo|Curse|p1a: Dondozo
|-unboost|p1a: Dondozo|spe|1
|-boost|p1a: Dondozo|atk|1
|-boost|p1a: Dondozo|def|1
|move|p2a: Pincurchin|Hydro Pump|p1a: Dondozo
|-resisted|p1a: Dondozo
|-damage|p1a: Dondozo|92/100
|
|-heal|p1a: Dondozo|98/100|[from] item: Leftovers
|upkeep
|turn|5
|
|t:|1779691770
|switch|p2a: Iron Crown|Iron Crown|100/100
|-activate|p2a: Iron Crown|ability: Quark Drive
|-start|p2a: Iron Crown|quarkdrivespa
|move|p1a: Dondozo|Curse|p1a: Dondozo
|-unboost|p1a: Dondozo|spe|1
|-boost|p1a: Dondozo|atk|1
|-boost|p1a: Dondozo|def|1
|
|-heal|p1a: Dondozo|100/100|[from] item: Leftovers
|upkeep
|turn|6
|
|t:|1779691789
|move|p2a: Iron Crown|Volt Switch|p1a: Dondozo
|-supereffective|p1a: Dondozo
|-damage|p1a: Dondozo|48/100
|inactive|ikigai road 34 has 90 seconds left.
|
|t:|1779691830
|-end|p2a: Iron Crown|Quark Drive|[silent]
|switch|p2a: Iron Valiant|Iron Valiant|100/100|[from] Volt Switch
|-activate|p2a: Iron Valiant|ability: Quark Drive
|-start|p2a: Iron Valiant|quarkdrivespe
|move|p1a: Dondozo|Curse|p1a: Dondozo
|-unboost|p1a: Dondozo|spe|1
|-boost|p1a: Dondozo|atk|1
|-boost|p1a: Dondozo|def|1
|
|-heal|p1a: Dondozo|54/100|[from] item: Leftovers
|upkeep
|turn|7
|
|t:|1779691843
|move|p2a: Iron Valiant|Thunderbolt|p1a: Dondozo
|-supereffective|p1a: Dondozo
|-damage|p1a: Dondozo|0 fnt
|faint|p1a: Dondozo
|-damage|p2a: Iron Valiant|91/100|[from] item: Life Orb
|
|upkeep
|
|t:|1779691858
|switch|p1a: Gliscor|Gliscor, F|100/100
|turn|8
|inactive|ikigai road 34 has 90 seconds left.
|
|t:|1779691871
|-end|p2a: Iron Valiant|Quark Drive|[silent]
|switch|p2a: Corviknight|Corviknight, F|100/100
|-ability|p2a: Corviknight|Pressure
|move|p1a: Gliscor|Substitute|p1a: Gliscor
|-start|p1a: Gliscor|Substitute
|-damage|p1a: Gliscor|76/100
|
|-status|p1a: Gliscor|tox|[from] item: Toxic Orb
|upkeep
|turn|9
|inactive|ikigai road 34 has 90 seconds left.
|
|t:|1779691882
|move|p1a: Gliscor|Protect|p1a: Gliscor
|-singleturn|p1a: Gliscor|Protect
|move|p2a: Corviknight|U-turn|p1a: Gliscor
|-activate|p1a: Gliscor|move: Protect
|
|-heal|p1a: Gliscor|88/100 tox|[from] ability: Poison Heal
|upkeep
|turn|10
|inactive|ikigai road 34 has 90 seconds left.
|
|t:|1779691898
|move|p1a: Gliscor|Toxic|p2a: Corviknight
|-immune|p2a: Corviknight
|move|p2a: Corviknight|U-turn|p1a: Gliscor
|-resisted|p1a: Gliscor
|-activate|p1a: Gliscor|move: Substitute|[damage]
|inactive|ikigai road 34 has 90 seconds left.
|
|t:|1779691904
|switch|p2a: Iron Crown|Iron Crown|100/100|[from] U-turn
|-activate|p2a: Iron Crown|ability: Quark Drive
|-start|p2a: Iron Crown|quarkdrivespa
|
|-heal|p1a: Gliscor|100/100 tox|[from] ability: Poison Heal
|-fieldend|move: Electric Terrain
|-end|p2a: Iron Crown|Quark Drive
|upkeep
|turn|11
|
|t:|1779691914
|move|p2a: Iron Crown|Psychic Noise|p1a: Gliscor
|-damage|p1a: Gliscor|62/100 tox
|-start|p1a: Gliscor|move: Heal Block
|move|p1a: Gliscor|Earthquake|p2a: Iron Crown
|-supereffective|p2a: Iron Crown
|-damage|p2a: Iron Crown|24/100
|
|upkeep
|turn|12
|inactive|ikigai road 34 has 90 seconds left.
|
|t:|1779691934
|move|p2a: Iron Crown|Tachyon Cutter|p1a: Gliscor
|-end|p1a: Gliscor|Substitute
|-damage|p1a: Gliscor|39/100 tox
|-hitcount|p1a: Gliscor|2
|move|p1a: Gliscor|Earthquake|p2a: Iron Crown
|-supereffective|p2a: Iron Crown
|-damage|p2a: Iron Crown|0 fnt
|faint|p2a: Iron Crown
|-end|p2a: Iron Crown|Quark Drive|[silent]
|
|-end|p1a: Gliscor|move: Heal Block
|upkeep
|inactive|ikigai road 34 has 90 seconds left.
|
|t:|1779691945
|switch|p2a: Iron Valiant|Iron Valiant|91/100
|turn|13
|
|t:|1779691950
|move|p1a: Gliscor|Protect|p1a: Gliscor
|-singleturn|p1a: Gliscor|Protect
|move|p2a: Iron Valiant|Liquidation|p1a: Gliscor
|-activate|p1a: Gliscor|move: Protect
|
|-heal|p1a: Gliscor|52/100 tox|[from] ability: Poison Heal
|upkeep
|turn|14
|inactive|dhairyasethia has 120 seconds left.
|
|t:|1779691982
|switch|p1a: Grimmsnarl|Grimmsnarl, M|100/100
|move|p2a: Iron Valiant|Liquidation|p1a: Grimmsnarl
|-damage|p1a: Grimmsnarl|65/100
|-damage|p2a: Iron Valiant|81/100|[from] item: Life Orb
|
|upkeep
|turn|15
|inactive|dhairyasethia has 120 seconds left.
|inactive|ikigai road 34 has 90 seconds left.
|
|t:|1779692026
|move|p1a: Grimmsnarl|Reflect|p1a: Grimmsnarl
|-sidestart|p1: dhairyasethia|Reflect
|move|p2a: Iron Valiant|Moonblast|p1a: Grimmsnarl
|-supereffective|p1a: Grimmsnarl
|-crit|p1a: Grimmsnarl
|-damage|p1a: Grimmsnarl|0 fnt
|faint|p1a: Grimmsnarl
|-damage|p2a: Iron Valiant|71/100|[from] item: Life Orb
|
|upkeep
|inactive|dhairyasethia has 120 seconds left.
|
|t:|1779692047
|switch|p1a: Garganacl|Garganacl, M|100/100
|turn|16
|
|t:|1779692070
|-end|p2a: Iron Valiant|Quark Drive|[silent]
|switch|p2a: Corviknight|Corviknight, F|100/100
|-ability|p2a: Corviknight|Pressure
|-terastallize|p1a: Garganacl|Dragon
|move|p1a: Garganacl|Salt Cure|p2a: Corviknight
|-damage|p2a: Corviknight|92/100
|-start|p2a: Corviknight|Salt Cure
|
|-heal|p2a: Corviknight|98/100|[from] item: Leftovers
|-damage|p2a: Corviknight|73/100|[from] Salt Cure
|upkeep
|turn|17
|
|t:|1779692087
|move|p2a: Corviknight|Defog|p1a: Garganacl
|-unboost|p1a: Garganacl|evasion|1
|-sideend|p1: dhairyasethia|Reflect
|move|p1a: Garganacl|Body Press|p2a: Corviknight
|-damage|p2a: Corviknight|59/100
|
|-heal|p2a: Corviknight|66/100|[from] item: Leftovers
|-damage|p2a: Corviknight|41/100|[from] Salt Cure
|upkeep
|turn|18
|inactive|ikigai road 34 has 60 seconds left.
|
|t:|1779692118
|move|p1a: Garganacl|Protect|p1a: Garganacl
|-singleturn|p1a: Garganacl|Protect
|move|p2a: Corviknight|U-turn|p1a: Garganacl
|-activate|p1a: Garganacl|move: Protect
|
|-heal|p2a: Corviknight|47/100|[from] item: Leftovers
|-damage|p2a: Corviknight|22/100|[from] Salt Cure
|upkeep
|turn|19
|
|t:|1779692137
|move|p2a: Corviknight|U-turn|p1a: Garganacl
|-damage|p1a: Garganacl|91/100
|
|t:|1779692156
|switch|p2a: Pincurchin|Pincurchin, M|100/100|[from] U-turn
|-fieldstart|move: Electric Terrain|[from] ability: Electric Surge|[of] p2a: Pincurchin
|move|p1a: Garganacl|Salt Cure|p2a: Pincurchin
|-damage|p2a: Pincurchin|88/100
|-start|p2a: Pincurchin|Salt Cure
|
|-heal|p1a: Garganacl|98/100|[from] item: Leftovers
|-damage|p2a: Pincurchin|76/100|[from] Salt Cure
|upkeep
|turn|20
|
|t:|1779692178
|switch|p2a: Iron Valiant|Iron Valiant|71/100
|-activate|p2a: Iron Valiant|ability: Quark Drive
|-start|p2a: Iron Valiant|quarkdrivespe
|move|p1a: Garganacl|Body Press|p2a: Iron Valiant
|-resisted|p2a: Iron Valiant
|-damage|p2a: Iron Valiant|53/100
|
|-heal|p1a: Garganacl|100/100|[from] item: Leftovers
|upkeep
|turn|21
|inactive|dhairyasethia has 90 seconds left.
|
|t:|1779692198
|switch|p1a: Kingambit|Kingambit, F|100/100
|-activate|p1a: Kingambit|ability: Supreme Overlord
|-start|p1a: Kingambit|fallen2|[silent]
|move|p2a: Iron Valiant|Moonblast|p1a: Kingambit
|-damage|p1a: Kingambit|40/100
|-damage|p2a: Iron Valiant|43/100|[from] item: Life Orb
|
|upkeep
|turn|22
|inactive|dhairyasethia has 90 seconds left.
|
|t:|1779692209
|move|p1a: Kingambit|Sucker Punch|p2a: Iron Valiant
|-resisted|p2a: Iron Valiant
|-damage|p2a: Iron Valiant|16/100
|move|p2a: Iron Valiant|Moonblast|p1a: Kingambit
|-damage|p1a: Kingambit|0 fnt
|faint|p1a: Kingambit
|-end|p1a: Kingambit|fallen2|[silent]
|-damage|p2a: Iron Valiant|6/100|[from] item: Life Orb
|
|upkeep
|inactive|dhairyasethia has 90 seconds left.
|
|t:|1779692232
|switch|p1a: Great Tusk|Great Tusk|100/100
|turn|23
|
|t:|1779692243
|move|p2a: Iron Valiant|Moonblast|p1a: Great Tusk
|-supereffective|p1a: Great Tusk
|-damage|p1a: Great Tusk|0 fnt
|faint|p1a: Great Tusk
|-end|p1a: Great Tusk|Protosynthesis|[silent]
|-damage|p2a: Iron Valiant|0 fnt|[from] item: Life Orb
|faint|p2a: Iron Valiant
|-end|p2a: Iron Valiant|Quark Drive|[silent]
|
|upkeep
|
|t:|1779692265
|switch|p2a: Iron Moth|Iron Moth|100/100
|switch|p1a: Garganacl|Garganacl, M, tera:Dragon|100/100
|-activate|p2a: Iron Moth|ability: Quark Drive
|-start|p2a: Iron Moth|quarkdrivespe
|turn|24
|inactive|ikigai road 34 has 30 seconds left.
|
|t:|1779692282
|move|p2a: Iron Moth|Sludge Wave|p1a: Garganacl
|-damage|p1a: Garganacl|65/100
|move|p1a: Garganacl|Salt Cure|p2a: Iron Moth
|-supereffective|p2a: Iron Moth
|-damage|p2a: Iron Moth|51/100
|-start|p2a: Iron Moth|Salt Cure
|
|-heal|p1a: Garganacl|72/100|[from] item: Leftovers
|-damage|p2a: Iron Moth|38/100|[from] Salt Cure
|upkeep
|turn|25
|inactive|ikigai road 34 has 30 seconds left.
|
|t:|1779692294
|move|p1a: Garganacl|Protect|p1a: Garganacl
|-singleturn|p1a: Garganacl|Protect
|move|p2a: Iron Moth|Sludge Wave|p1a: Garganacl
|-activate|p1a: Garganacl|move: Protect
|
|-heal|p1a: Garganacl|78/100|[from] item: Leftovers
|-damage|p2a: Iron Moth|26/100|[from] Salt Cure
|upkeep
|turn|26
|
|t:|1779692308
|move|p2a: Iron Moth|Sludge Wave|p1a: Garganacl
|-damage|p1a: Garganacl|45/100
|move|p1a: Garganacl|Salt Cure|p2a: Iron Moth
|-supereffective|p2a: Iron Moth
|-damage|p2a: Iron Moth|0 fnt
|faint|p2a: Iron Moth
|-end|p2a: Iron Moth|Quark Drive|[silent]
|
|-heal|p1a: Garganacl|51/100|[from] item: Leftovers
|-fieldend|move: Electric Terrain
|upkeep
|inactive|ikigai road 34 has 30 seconds left.
|inactive|ikigai road 34 has 20 seconds left.
|
|t:|1779692331
|switch|p2a: Cinderace|Cinderace, F|100/100
|turn|27
|inactive|ikigai road 34 has 30 seconds left this turn.
|
|t:|1779692342
|move|p2a: Cinderace|Flare Blitz|p1a: Garganacl
|-resisted|p1a: Garganacl
|-damage|p1a: Garganacl|32/100
|-damage|p2a: Cinderace|92/100|[from] Recoil
|move|p1a: Garganacl|Recover|p1a: Garganacl
|-heal|p1a: Garganacl|82/100
|
|-heal|p1a: Garganacl|89/100|[from] item: Leftovers
|upkeep
|turn|28
|-message|ikigai road 34 forfeited.
|
|win|dhairyasethia
|raw|dhairyasethia's rating: 1070 &rarr; <strong>1106</strong><br />(+36 for winning)
|raw|ikigai road 34's rating: 1147 &rarr; <strong>1117</strong><br />(-30 for losing)
|l|☆ikigai road 34
|player|p2|
|l|☆dhairyasethia
|player|p1|
|j|☆dhairyasethia
|player|p1|dhairyasethia|steven|
|l|☆dhairyasethia
|player|p1|
|j|☆dhairyasethia
|player|p1|dhairyasethia|steven|
|l|☆dhairyasethia
|player|p1|
