|j|☆psygoat12
|j|☆The ZU Wanderer
|t:|1779596612
|gametype|singles
|player|p1|psygoat12|chuck|1346
|player|p2|The ZU Wanderer|roughneck|1281
|gen|9
|tier|[Gen 9] OU
|rated|
|rule|HP Percentage Mod: HP is shown in percentages
|rule|Endless Battle Clause: Forcing endless battles is banned
|rule|Species Clause: Limit one of each Pokémon
|rule|OHKO Clause: OHKO moves are banned
|rule|Evasion Items Clause: Evasion items are banned
|rule|Evasion Moves Clause: Evasion moves are banned
|rule|Evasion Abilities Clause: Evasion abilities are banned
|rule|Sleep Moves Clause: Sleep-inducing moves are banned
|clearpoke
|poke|p1|Samurott-Hisui, F|
|poke|p1|Landorus-Therian, M|
|poke|p1|Great Tusk|
|poke|p1|Kingambit, F|
|poke|p1|Gholdengo|
|poke|p1|Ogerpon-Wellspring, F|
|poke|p2|Morpeko, F|
|poke|p2|Cryogonal|
|poke|p2|Piloswine, M|
|poke|p2|Toxicroak, M|
|poke|p2|Crocalor, M|
|poke|p2|Gogoat, M|
|teampreview
|
|t:|1779596627
|teamsize|p1|6
|teamsize|p2|6
|start
|switch|p1a: Gholdengo|Gholdengo|100/100
|switch|p2a: Cryogonal|Cryogonal|100/100
|turn|1
|
|t:|1779596637
|-terastallize|p2a: Cryogonal|Water
|move|p1a: Gholdengo|Make It Rain|p2a: Cryogonal
|-resisted|p2a: Cryogonal
|-damage|p2a: Cryogonal|75/100
|-unboost|p1a: Gholdengo|spa|1
|move|p2a: Cryogonal|Water Pulse|p1a: Gholdengo
|-damage|p1a: Gholdengo|60/100
|-start|p1a: Gholdengo|confusion
|-damage|p2a: Cryogonal|65/100|[from] item: Life Orb
|
|upkeep
|turn|2
|
|t:|1779596647
|switch|p1a: Samurott|Samurott-Hisui, F|100/100
|move|p2a: Cryogonal|Freeze-Dry|p1a: Samurott
|-supereffective|p1a: Samurott
|-damage|p1a: Samurott|20/100
|-damage|p2a: Cryogonal|55/100|[from] item: Life Orb
|
|upkeep
|turn|3
|inactive|Battle timer is ON: inactive players will automatically lose when time's up. (requested by The ZU Wanderer)
|
|t:|1779596654
|move|p1a: Samurott|Sucker Punch|p2a: Cryogonal
|-damage|p2a: Cryogonal|0 fnt
|faint|p2a: Cryogonal
|
|upkeep
|
|t:|1779596660
|switch|p2a: Toxicroak|Toxicroak, M, shiny|100/100
|turn|4
|
|t:|1779596684
|switch|p1a: Landorus|Landorus-Therian, M|100/100
|-ability|p1a: Landorus|Intimidate|boost
|-unboost|p2a: Toxicroak|atk|1
|move|p2a: Toxicroak|Gunk Shot|p1a: Landorus
|-resisted|p1a: Landorus
|-crit|p1a: Landorus
|-damage|p1a: Landorus|40/100
|-damage|p2a: Toxicroak|91/100|[from] item: Life Orb
|
|upkeep
|turn|5
|
|t:|1779596695
|switch|p2a: Piloswine|Piloswine, M, shiny|100/100
|move|p1a: Landorus|Earthquake|p2a: Piloswine
|-damage|p2a: Piloswine|63/100
|
|upkeep
|turn|6
|
|t:|1779596702
|move|p2a: Piloswine|Ice Shard|p1a: Landorus
|-supereffective|p1a: Landorus
|-damage|p1a: Landorus|0 fnt
|faint|p1a: Landorus
|
|upkeep
|
|t:|1779596713
|switch|p1a: Samurott|Samurott-Hisui, F|20/100
|turn|7
|
|t:|1779596731
|switch|p2a: Toxicroak|Toxicroak, M, shiny|91/100
|move|p1a: Samurott|Ceaseless Edge|p2a: Toxicroak
|-resisted|p2a: Toxicroak
|-damage|p2a: Toxicroak|57/100
|-sidestart|p2: The ZU Wanderer|Spikes
|
|upkeep
|turn|8
|inactive|psygoat12 has 120 seconds left.
|
|t:|1779596764
|move|p1a: Samurott|Knock Off|p2a: Toxicroak
|-resisted|p2a: Toxicroak
|-damage|p2a: Toxicroak|21/100
|-enditem|p2a: Toxicroak|Life Orb|[from] move: Knock Off|[of] p1a: Samurott
|move|p2a: Toxicroak|Knock Off|p1a: Samurott
|-resisted|p1a: Samurott
|-damage|p1a: Samurott|1/100
|-enditem|p1a: Samurott|Assault Vest|[from] move: Knock Off|[of] p2a: Toxicroak
|
|upkeep
|turn|9
|
|t:|1779596772
|move|p2a: Toxicroak|Sucker Punch|p1a: Samurott
|-resisted|p1a: Samurott
|-damage|p1a: Samurott|0 fnt
|faint|p1a: Samurott
|
|upkeep
|inactive|psygoat12 has 120 seconds left.
|
|t:|1779596792
|switch|p1a: Great Tusk|Great Tusk|100/100
|-enditem|p1a: Great Tusk|Booster Energy
|-activate|p1a: Great Tusk|ability: Protosynthesis|[fromitem]
|-start|p1a: Great Tusk|protosynthesisspe
|turn|10
|
|t:|1779596811
|move|p1a: Great Tusk|Close Combat|p2a: Toxicroak
|-resisted|p2a: Toxicroak
|-damage|p2a: Toxicroak|0 fnt
|-unboost|p1a: Great Tusk|def|1
|-unboost|p1a: Great Tusk|spd|1
|faint|p2a: Toxicroak
|
|upkeep
|inactive|The ZU Wanderer has 120 seconds left.
|inactive|The ZU Wanderer has 90 seconds left.
|
|t:|1779596868
|switch|p2a: Gogoat|Gogoat, M, shiny|100/100
|-damage|p2a: Gogoat|88/100|[from] Spikes
|turn|11
|inactive|psygoat12 has 120 seconds left.
|inactive|The ZU Wanderer has 90 seconds left.
|inactive|psygoat12 has 90 seconds left.
|
|t:|1779596923
|-terastallize|p1a: Great Tusk|Ice
|move|p1a: Great Tusk|Ice Spinner|p2a: Gogoat
|-supereffective|p2a: Gogoat
|-damage|p2a: Gogoat|9/100
|move|p2a: Gogoat|Horn Leech|p1a: Great Tusk
|-damage|p1a: Great Tusk|74/100
|-heal|p2a: Gogoat|23/100|[from] drain|[of] p1a: Great Tusk
|
|upkeep
|turn|12
|inactive|The ZU Wanderer has 90 seconds left.
|
|t:|1779596962
|switch|p2a: Crocalor|Crocalor, M|100/100
|-damage|p2a: Crocalor|88/100|[from] Spikes
|move|p1a: Great Tusk|Close Combat|p2a: Crocalor
|-damage|p2a: Crocalor|62/100
|-unboost|p1a: Great Tusk|def|1
|-unboost|p1a: Great Tusk|spd|1
|
|upkeep
|turn|13
|inactive|The ZU Wanderer has 60 seconds left.
|
|t:|1779596998
|move|p1a: Great Tusk|Headlong Rush|p2a: Crocalor
|-supereffective|p2a: Crocalor
|-damage|p2a: Crocalor|8/100
|-unboost|p1a: Great Tusk|def|1
|-unboost|p1a: Great Tusk|spd|1
|move|p2a: Crocalor|Slack Off|p2a: Crocalor
|-heal|p2a: Crocalor|58/100
|
|upkeep
|turn|14
|-message|The ZU Wanderer forfeited.
|
|win|psygoat12
|raw|psygoat12's rating: 1346 &rarr; <strong>1362</strong><br />(+16 for winning)
|raw|The ZU Wanderer's rating: 1281 &rarr; <strong>1261</strong><br />(-20 for losing)
|l|☆The ZU Wanderer
|player|p2|
|l|☆psygoat12
|player|p1|
