|j|☆tittynope89
|j|☆lousiv
|t:|1779604939
|gametype|singles
|player|p1|tittynope89|brawly|1347
|player|p2|lousiv|volkner|1311
|gen|9
|tier|[Gen 9] OU
|rated|
|rule|HP Percentage Mod: HP is shown in percentages
|rule|Endless Battle Clause: Forcing endless battles is banned
|rule|Species Clause: Limit one of each Pokémon
|rule|OHKO Clause: OHKO moves are banned
|rule|Evasion Items Clause: Evasion items are banned
|rule|Evasion Moves Clause: Evasion moves are banned
|rule|Evasion Abilities Clause: Evasion abilities are banned
|rule|Sleep Moves Clause: Sleep-inducing moves are banned
|clearpoke
|poke|p1|Dragonite, M|
|poke|p1|Meowscarada, F|
|poke|p1|Gengar, F|
|poke|p1|Darkrai|
|poke|p1|Iron Valiant|
|poke|p1|Enamorus, F|
|poke|p2|Deoxys-Speed|
|poke|p2|Ting-Lu|
|poke|p2|Gholdengo|
|poke|p2|Slowking-Galar, M|
|poke|p2|Alomomola, M|
|poke|p2|Rhyperior, M|
|teampreview
|inactive|Battle timer is ON: inactive players will automatically lose when time's up. (requested by tittynope89)
|
|t:|1779604949
|teamsize|p1|6
|teamsize|p2|6
|start
|switch|p1a: Gengar|Gengar, F|100/100
|switch|p2a: Rhyperior|Rhyperior, M|100/100
|turn|1
|
|t:|1779604953
|move|p1a: Gengar|Shadow Ball|p2a: Rhyperior
|-damage|p2a: Rhyperior|46/100
|-unboost|p2a: Rhyperior|spd|1
|move|p2a: Rhyperior|Earthquake|p1a: Gengar
|-supereffective|p1a: Gengar
|-enditem|p1a: Gengar|Focus Sash
|-damage|p1a: Gengar|1/100
|-start|p2a: Rhyperior|Disable|Earthquake|[from] ability: Cursed Body|[of] p1a: Gengar
|
|upkeep
|turn|2
|
|t:|1779604958
|switch|p2a: Ting-Lu|Ting-Lu|100/100
|-ability|p2a: Ting-Lu|Vessel of Ruin
|move|p1a: Gengar|Shadow Ball|p2a: Ting-Lu
|-resisted|p2a: Ting-Lu
|-damage|p2a: Ting-Lu|91/100
|
|-heal|p2a: Ting-Lu|97/100|[from] item: Leftovers
|upkeep
|turn|3
|
|t:|1779604961
|move|p1a: Gengar|Destiny Bond|p1a: Gengar
|-singlemove|p1a: Gengar|Destiny Bond
|move|p2a: Ting-Lu|Stealth Rock|p1a: Gengar
|-sidestart|p1: tittynope89|move: Stealth Rock
|
|-heal|p2a: Ting-Lu|100/100|[from] item: Leftovers
|upkeep
|turn|4
|
|t:|1779604964
|move|p1a: Gengar|Encore|p2a: Ting-Lu
|-start|p2a: Ting-Lu|Encore
|move|p2a: Ting-Lu|Stealth Rock||[still]
|-fail|p2a: Ting-Lu
|
|upkeep
|turn|5
|
|t:|1779604967
|switch|p2a: Alomomola|Alomomola, M|100/100
|move|p1a: Gengar|Sludge Wave|p2a: Alomomola
|-damage|p2a: Alomomola|41/100
|
|upkeep
|turn|6
|
|t:|1779604969
|switch|p2a: Rhyperior|Rhyperior, M|46/100
|move|p1a: Gengar|Sludge Wave|p2a: Rhyperior
|-resisted|p2a: Rhyperior
|-damage|p2a: Rhyperior|31/100
|
|upkeep
|turn|7
|
|t:|1779604973
|switch|p2a: Ting-Lu|Ting-Lu|100/100
|-ability|p2a: Ting-Lu|Vessel of Ruin
|move|p1a: Gengar|Shadow Ball|p2a: Ting-Lu
|-resisted|p2a: Ting-Lu
|-damage|p2a: Ting-Lu|91/100
|
|-heal|p2a: Ting-Lu|97/100|[from] item: Leftovers
|upkeep
|turn|8
|
|t:|1779604976
|move|p1a: Gengar|Destiny Bond|p1a: Gengar
|-singlemove|p1a: Gengar|Destiny Bond
|move|p2a: Ting-Lu|Whirlwind|p1a: Gengar
|drag|p1a: Dragonite|Dragonite, M|100/100
|
|-heal|p2a: Ting-Lu|100/100|[from] item: Leftovers
|upkeep
|turn|9
|
|t:|1779604979
|move|p1a: Dragonite|Ice Spinner|p2a: Ting-Lu
|-supereffective|p2a: Ting-Lu
|-damage|p2a: Ting-Lu|71/100
|move|p2a: Ting-Lu|Ruination|p1a: Dragonite
|-damage|p1a: Dragonite|50/100
|
|-heal|p2a: Ting-Lu|78/100|[from] item: Leftovers
|upkeep
|turn|10
|
|t:|1779604984
|switch|p2a: Alomomola|Alomomola, M|75/100
|move|p1a: Dragonite|Ice Spinner|p2a: Alomomola
|-resisted|p2a: Alomomola
|-damage|p2a: Alomomola|67/100
|
|upkeep
|turn|11
|
|t:|1779604987
|move|p1a: Dragonite|Extreme Speed|p2a: Alomomola
|-damage|p2a: Alomomola|53/100
|move|p2a: Alomomola|Wish|p2a: Alomomola
|
|upkeep
|turn|12
|
|t:|1779604993
|switch|p1a: Gengar|Gengar, F|1/100
|-damage|p1a: Gengar|0 fnt|[from] Stealth Rock
|faint|p1a: Gengar
|move|p2a: Alomomola|Flip Turn|p1: Gengar|[notarget]
|-fail|p2a: Alomomola
|
|-heal|p2a: Alomomola|100/100|[from] move: Wish|[wisher] Alomomola
|upkeep
|
|t:|1779605000
|switch|p1a: Enamorus|Enamorus, F|100/100
|turn|13
|
|t:|1779605003
|switch|p2a: Slowking|Slowking-Galar, M|100/100
|move|p1a: Enamorus|Calm Mind|p1a: Enamorus
|-boost|p1a: Enamorus|spa|1
|-boost|p1a: Enamorus|spd|1
|
|upkeep
|turn|14
|
|t:|1779605009
|-terastallize|p1a: Enamorus|Fire
|move|p1a: Enamorus|Calm Mind|p1a: Enamorus
|-boost|p1a: Enamorus|spa|1
|-boost|p1a: Enamorus|spd|1
|move|p2a: Slowking|Thunder Wave|p1a: Enamorus
|-status|p1a: Enamorus|par
|
|upkeep
|turn|15
|
|t:|1779605015
|cant|p1a: Enamorus|par
|-prepare|p2a: Slowking|Chilly Reception|[premajor]
|move|p2a: Slowking|Chilly Reception|p2a: Slowking
|-weather|Snowscape
|
|t:|1779605017
|switch|p2a: Ting-Lu|Ting-Lu|78/100|[from] Chilly Reception
|-ability|p2a: Ting-Lu|Vessel of Ruin
|
|-weather|Snowscape|[upkeep]
|-heal|p2a: Ting-Lu|84/100|[from] item: Leftovers
|upkeep
|turn|16
|
|t:|1779605020
|move|p1a: Enamorus|Moonblast|p2a: Ting-Lu
|-supereffective|p2a: Ting-Lu
|-damage|p2a: Ting-Lu|0 fnt
|faint|p2a: Ting-Lu
|
|-weather|Snowscape|[upkeep]
|upkeep
|
|t:|1779605038
|switch|p2a: Gholdengo|Gholdengo|100/100
|-item|p2a: Gholdengo|Air Balloon
|turn|17
|
|t:|1779605040
|move|p2a: Gholdengo|Hex|p1a: Enamorus
|-damage|p1a: Enamorus|62/100 par
|move|p1a: Enamorus|Mystical Fire|p2a: Gholdengo
|-supereffective|p2a: Gholdengo
|-damage|p2a: Gholdengo|0 fnt
|-enditem|p2a: Gholdengo|Air Balloon
|faint|p2a: Gholdengo
|
|-weather|Snowscape|[upkeep]
|upkeep
|-message|lousiv forfeited.
|
|win|tittynope89
|raw|tittynope89's rating: 1347 &rarr; <strong>1365</strong><br />(+18 for winning)
|raw|lousiv's rating: 1311 &rarr; <strong>1293</strong><br />(-18 for losing)
|l|☆lousiv
|player|p2|
|l|☆tittynope89
|player|p1|
