|j|☆ChrisGgs01
|j|☆Alfredo_Arbuz
|t:|1779693306
|gametype|singles
|player|p1|ChrisGgs01|170|1111
|player|p2|Alfredo_Arbuz|ethan|1066
|gen|9
|tier|[Gen 9] OU
|rated|
|rule|HP Percentage Mod: HP is shown in percentages
|rule|Endless Battle Clause: Forcing endless battles is banned
|rule|Species Clause: Limit one of each Pokémon
|rule|OHKO Clause: OHKO moves are banned
|rule|Evasion Items Clause: Evasion items are banned
|rule|Evasion Moves Clause: Evasion moves are banned
|rule|Evasion Abilities Clause: Evasion abilities are banned
|rule|Sleep Moves Clause: Sleep-inducing moves are banned
|clearpoke
|poke|p1|Scizor, M|
|poke|p1|Tyranitar, M|
|poke|p1|Gyarados, M|
|poke|p1|Skarmory, M|
|poke|p1|Yanmega, M|
|poke|p1|Ampharos, M|
|poke|p2|Garchomp, M|
|poke|p2|Heracross, M|
|poke|p2|Zoroark-Hisui, M|
|poke|p2|Armarouge, M|
|poke|p2|Clodsire, M|
|poke|p2|Kilowattrel, F|
|teampreview
|inactive|Battle timer is ON: inactive players will automatically lose when time's up. (requested by Alfredo_Arbuz)
|inactive|Alfredo_Arbuz has 120 seconds left.
|
|t:|1779693349
|teamsize|p1|6
|teamsize|p2|6
|start
|switch|p1a: Ampharos|Ampharos, M, shiny|100/100
|switch|p2a: Kilowattrel|Kilowattrel, F|100/100
|turn|1
|
|t:|1779693359
|move|p2a: Kilowattrel|Nasty Plot|p2a: Kilowattrel
|-boost|p2a: Kilowattrel|spa|2
|move|p1a: Ampharos|Charge Beam|p2a: Kilowattrel
|-crit|p2a: Kilowattrel
|-damage|p2a: Kilowattrel|16/100
|-boost|p1a: Ampharos|spa|1
|replace|p2a: Zoroark|Zoroark-Hisui, M
|-end|p2a: Zoroark|Illusion
|
|upkeep
|turn|2
|
|t:|1779693378
|switch|p1a: Scizor|Scizor, M, shiny|100/100
|move|p2a: Zoroark|Hyper Voice|p1a: Scizor
|-resisted|p1a: Scizor
|-damage|p1a: Scizor|53/100
|
|upkeep
|turn|3
|
|t:|1779693390
|switch|p2a: Clodsire|Clodsire, M|100/100
|move|p1a: Scizor|Bullet Punch|p2a: Clodsire
|-crit|p2a: Clodsire
|-damage|p2a: Clodsire|42/100
|
|-heal|p2a: Clodsire|48/100|[from] item: Leftovers
|upkeep
|turn|4
|
|t:|1779693400
|move|p1a: Scizor|Swords Dance|p1a: Scizor
|-boost|p1a: Scizor|atk|2
|move|p2a: Clodsire|Recover|p2a: Clodsire
|-heal|p2a: Clodsire|98/100
|
|-heal|p2a: Clodsire|100/100|[from] item: Leftovers
|upkeep
|turn|5
|
|t:|1779693410
|-terastallize|p2a: Clodsire|Steel
|move|p1a: Scizor|Bullet Punch|p2a: Clodsire
|-resisted|p2a: Clodsire
|-damage|p2a: Clodsire|61/100
|move|p2a: Clodsire|Earthquake|p1a: Scizor
|-damage|p1a: Scizor|19/100
|
|-heal|p2a: Clodsire|67/100|[from] item: Leftovers
|upkeep
|turn|6
|
|t:|1779693424
|move|p1a: Scizor|Dual Wingbeat|p2a: Clodsire
|-resisted|p2a: Clodsire
|-damage|p2a: Clodsire|41/100
|-resisted|p2a: Clodsire
|-damage|p2a: Clodsire|12/100
|-hitcount|p2a: Clodsire|2
|move|p2a: Clodsire|Recover|p2a: Clodsire
|-heal|p2a: Clodsire|62/100
|
|-heal|p2a: Clodsire|68/100|[from] item: Leftovers
|upkeep
|turn|7
|
|t:|1779693435
|move|p1a: Scizor|Dual Wingbeat|p2a: Clodsire|[miss]
|-miss|p1a: Scizor|p2a: Clodsire
|move|p2a: Clodsire|Earthquake|p1a: Scizor
|-damage|p1a: Scizor|0 fnt
|faint|p1a: Scizor
|
|-heal|p2a: Clodsire|74/100|[from] item: Leftovers
|upkeep
|
|t:|1779693448
|switch|p1a: Yanmega|Yanmega, M, shiny|100/100
|turn|8
|
|t:|1779693454
|move|p2a: Clodsire|Stealth Rock|p1a: Yanmega
|-sidestart|p1: ChrisGgs01|move: Stealth Rock
|move|p1a: Yanmega|Whirlwind|p2a: Clodsire
|drag|p2a: Garchomp|Garchomp, M|100/100
|
|-ability|p1a: Yanmega|Speed Boost|boost
|-boost|p1a: Yanmega|spe|1
|upkeep
|turn|9
|
|t:|1779693465
|move|p2a: Garchomp|Stone Edge|p1a: Yanmega
|-supereffective|p1a: Yanmega
|-crit|p1a: Yanmega
|-damage|p1a: Yanmega|0 fnt
|faint|p1a: Yanmega
|
|upkeep
|
|t:|1779693472
|switch|p1a: Ampharos|Ampharos, M, shiny|100/100
|-damage|p1a: Ampharos|88/100|[from] Stealth Rock
|turn|10
|
|t:|1779693480
|switch|p2a: Clodsire|Clodsire, M, tera:Steel|74/100
|move|p1a: Ampharos|Dazzling Gleam|p2a: Clodsire
|-resisted|p2a: Clodsire
|-damage|p2a: Clodsire|66/100
|
|-heal|p2a: Clodsire|72/100|[from] item: Leftovers
|upkeep
|turn|11
|
|t:|1779693490
|move|p1a: Ampharos|Focus Blast|p2a: Clodsire|[miss]
|-miss|p1a: Ampharos|p2a: Clodsire
|move|p2a: Clodsire|Spikes|p1a: Ampharos
|-sidestart|p1: ChrisGgs01|Spikes
|
|-heal|p2a: Clodsire|79/100|[from] item: Leftovers
|upkeep
|turn|12
|
|t:|1779693498
|move|p1a: Ampharos|Focus Blast|p2a: Clodsire
|-supereffective|p2a: Clodsire
|-damage|p2a: Clodsire|37/100
|move|p2a: Clodsire|Earthquake|p1a: Ampharos
|-supereffective|p1a: Ampharos
|-damage|p1a: Ampharos|36/100
|
|-heal|p2a: Clodsire|44/100|[from] item: Leftovers
|upkeep
|turn|13
|
|t:|1779693510
|switch|p1a: Gyarados|Gyarados, M, shiny|100/100
|-damage|p1a: Gyarados|75/100|[from] Stealth Rock
|move|p2a: Clodsire|Earthquake|p1a: Gyarados
|-immune|p1a: Gyarados
|
|-heal|p2a: Clodsire|50/100|[from] item: Leftovers
|upkeep
|turn|14
|inactive|ChrisGgs01 has 120 seconds left.
|
|t:|1779693541
|move|p1a: Gyarados|Dragon Dance|p1a: Gyarados
|-boost|p1a: Gyarados|atk|1
|-boost|p1a: Gyarados|spe|1
|move|p2a: Clodsire|Recover|p2a: Clodsire
|-heal|p2a: Clodsire|99/100
|
|-heal|p2a: Clodsire|100/100|[from] item: Leftovers
|upkeep
|turn|15
|
|t:|1779693550
|switch|p2a: Kilowattrel|Kilowattrel, F|100/100
|move|p1a: Gyarados|Dragon Dance|p1a: Gyarados
|-boost|p1a: Gyarados|atk|1
|-boost|p1a: Gyarados|spe|1
|
|upkeep
|turn|16
|inactive|ChrisGgs01 has 120 seconds left.
|
|t:|1779693567
|-terastallize|p1a: Gyarados|Ground
|move|p1a: Gyarados|Dragon Dance|p1a: Gyarados
|-boost|p1a: Gyarados|atk|1
|-boost|p1a: Gyarados|spe|1
|move|p2a: Kilowattrel|Volt Switch|p1a: Gyarados
|-immune|p1a: Gyarados
|
|upkeep
|turn|17
|
|t:|1779693576
|move|p1a: Gyarados|Waterfall|p2a: Kilowattrel
|-enditem|p2a: Kilowattrel|Focus Sash
|-damage|p2a: Kilowattrel|1/100
|cant|p2a: Kilowattrel|flinch
|
|upkeep
|turn|18
|
|t:|1779693583
|move|p1a: Gyarados|Waterfall|p2a: Kilowattrel
|-damage|p2a: Kilowattrel|0 fnt
|faint|p2a: Kilowattrel
|-ability|p1a: Gyarados|Moxie|boost
|-boost|p1a: Gyarados|atk|1
|
|upkeep
|
|t:|1779693594
|switch|p2a: Heracross|Heracross, M|100/100
|turn|19
|
|t:|1779693599
|move|p1a: Gyarados|Waterfall|p2a: Heracross
|-damage|p2a: Heracross|0 fnt
|faint|p2a: Heracross
|-ability|p1a: Gyarados|Moxie|boost
|-boost|p1a: Gyarados|atk|1
|
|upkeep
|
|t:|1779693601
|switch|p2a: Garchomp|Garchomp, M|100/100
|turn|20
|
|t:|1779693615
|move|p1a: Gyarados|Waterfall|p2a: Garchomp
|-damage|p2a: Garchomp|0 fnt
|-damage|p1a: Gyarados|63/100|[from] ability: Rough Skin|[of] p2a: Garchomp
|faint|p2a: Garchomp
|-ability|p1a: Gyarados|Moxie|boost
|-boost|p1a: Gyarados|atk|1
|
|upkeep
|-message|Alfredo_Arbuz forfeited.
|
|win|ChrisGgs01
|raw|ChrisGgs01's rating: 1111 &rarr; <strong>1133</strong><br />(+22 for winning)
|raw|Alfredo_Arbuz's rating: 1066 &rarr; <strong>1049</strong><br />(-17 for losing)
|l|☆ChrisGgs01
|player|p1|
|l|☆Alfredo_Arbuz
|player|p2|
