|j|‽rick marshall
|j|☆PikaMax9
|t:|1779655938
|gametype|singles
|player|p1|rick marshall|2|1097
|player|p2|PikaMax9|unknown|1141
|gen|9
|tier|[Gen 9] OU
|rated|
|rule|HP Percentage Mod: HP is shown in percentages
|rule|Endless Battle Clause: Forcing endless battles is banned
|rule|Species Clause: Limit one of each Pokémon
|rule|OHKO Clause: OHKO moves are banned
|rule|Evasion Items Clause: Evasion items are banned
|rule|Evasion Moves Clause: Evasion moves are banned
|rule|Evasion Abilities Clause: Evasion abilities are banned
|rule|Sleep Moves Clause: Sleep-inducing moves are banned
|clearpoke
|poke|p1|Rhydon, F|
|poke|p1|Charizard, M|
|poke|p1|Blastoise, M|
|poke|p1|Gliscor, F|
|poke|p1|Gyarados, M|
|poke|p1|Rotom-Wash|
|poke|p2|Gliscor, F|
|poke|p2|Dragapult, F|
|poke|p2|Iron Moth|
|poke|p2|Salamence, F|
|poke|p2|Froslass, F|
|poke|p2|Ninetales-Alola, M|
|teampreview
|
|t:|1779655956
|teamsize|p1|6
|teamsize|p2|6
|start
|switch|p1a: Rhydon|Rhydon, F|100/100
|switch|p2a: Ninetales|Ninetales-Alola, M|100/100
|-weather|Snowscape|[from] ability: Snow Warning|[of] p2a: Ninetales
|turn|1
|
|t:|1779655965
|move|p2a: Ninetales|Blizzard|p1a: Rhydon
|-supereffective|p1a: Rhydon
|-damage|p1a: Rhydon|3/100
|move|p1a: Rhydon|Rock Blast|p2a: Ninetales
|-supereffective|p2a: Ninetales
|-damage|p2a: Ninetales|78/100
|-supereffective|p2a: Ninetales
|-damage|p2a: Ninetales|55/100
|-hitcount|p2a: Ninetales|2
|
|-weather|Snowscape|[upkeep]
|upkeep
|turn|2
|
|t:|1779655976
|move|p2a: Ninetales|Aurora Veil|p2a: Ninetales
|-sidestart|p2: PikaMax9|move: Aurora Veil
|move|p1a: Rhydon|Rock Blast|p2a: Ninetales
|-supereffective|p2a: Ninetales
|-crit|p2a: Ninetales
|-damage|p2a: Ninetales|24/100
|-supereffective|p2a: Ninetales
|-damage|p2a: Ninetales|12/100
|-supereffective|p2a: Ninetales
|-damage|p2a: Ninetales|0 fnt
|faint|p2a: Ninetales
|-hitcount|p2: Ninetales|3
|
|-weather|Snowscape|[upkeep]
|upkeep
|
|t:|1779655997
|switch|p2a: Dragapult|Dragapult, F|100/100
|turn|3
|
|t:|1779656008
|move|p2a: Dragapult|Shadow Ball|p1a: Rhydon
|-damage|p1a: Rhydon|0 fnt
|faint|p1a: Rhydon
|
|-weather|Snowscape|[upkeep]
|upkeep
|
|t:|1779656021
|switch|p1a: Charizard|Charizard, M, shiny|100/100
|turn|4
|
|t:|1779656032
|move|p2a: Dragapult|Thunder|p1a: Charizard|[miss]
|-miss|p2a: Dragapult|p1a: Charizard
|move|p1a: Charizard|Dragon Pulse|p2a: Dragapult
|-supereffective|p2a: Dragapult
|-damage|p2a: Dragapult|61/100
|
|-weather|Snowscape|[upkeep]
|upkeep
|turn|5
|
|t:|1779656042
|move|p2a: Dragapult|Thunder|p1a: Charizard
|-supereffective|p1a: Charizard
|-crit|p1a: Charizard
|-enditem|p1a: Charizard|Focus Sash
|-damage|p1a: Charizard|1/100
|-status|p1a: Charizard|par
|cant|p1a: Charizard|par
|
|-weather|none
|upkeep
|turn|6
|
|t:|1779656057
|move|p2a: Dragapult|Shadow Ball|p1a: Charizard
|-damage|p1a: Charizard|0 fnt
|faint|p1a: Charizard
|
|-sideend|p2: PikaMax9|move: Aurora Veil
|upkeep
|
|t:|1779656067
|switch|p1a: Gyarados|Gyarados, M, shiny|100/100
|turn|7
|
|t:|1779656077
|move|p2a: Dragapult|Thunder|p1a: Gyarados
|-supereffective|p1a: Gyarados
|-enditem|p1a: Gyarados|Focus Sash
|-damage|p1a: Gyarados|1/100
|-status|p1a: Gyarados|par
|move|p1a: Gyarados|Ice Fang|p2a: Dragapult
|-supereffective|p2a: Dragapult
|-damage|p2a: Dragapult|0 fnt
|faint|p2a: Dragapult
|-ability|p1a: Gyarados|Moxie|boost
|-boost|p1a: Gyarados|atk|1
|
|upkeep
|
|t:|1779656095
|switch|p2a: Iron Moth|Iron Moth|100/100
|turn|8
|
|t:|1779656101
|move|p2a: Iron Moth|Fiery Dance|p1a: Gyarados
|-resisted|p1a: Gyarados
|-damage|p1a: Gyarados|0 fnt
|faint|p1a: Gyarados
|
|upkeep
|
|t:|1779656113
|switch|p1a: Gliscor|Gliscor, F|100/100
|turn|9
|
|t:|1779656123
|move|p2a: Iron Moth|Fiery Dance|p1a: Gliscor
|-damage|p1a: Gliscor|49/100
|-boost|p2a: Iron Moth|spa|1
|move|p1a: Gliscor|Crabhammer|p2a: Iron Moth
|-supereffective|p2a: Iron Moth
|-damage|p2a: Iron Moth|25/100
|
|-heal|p2a: Iron Moth|31/100|[from] item: Leftovers
|-status|p1a: Gliscor|tox|[from] item: Toxic Orb
|upkeep
|turn|10
|
|t:|1779656138
|move|p2a: Iron Moth|Fiery Dance|p1a: Gliscor
|-damage|p1a: Gliscor|0 fnt
|faint|p1a: Gliscor
|
|-heal|p2a: Iron Moth|37/100|[from] item: Leftovers
|upkeep
|
|t:|1779656148
|switch|p1a: Rotom|Rotom-Wash|100/100
|turn|11
|
|t:|1779656163
|move|p2a: Iron Moth|Discharge|p1a: Rotom
|-damage|p1a: Rotom|44/100
|move|p1a: Rotom|Hydro Pump|p2a: Iron Moth
|-supereffective|p2a: Iron Moth
|-damage|p2a: Iron Moth|0 fnt
|faint|p2a: Iron Moth
|-end|p2a: Iron Moth|Quark Drive|[silent]
|
|upkeep
|
|t:|1779656179
|switch|p2a: Salamence|Salamence, F|100/100
|-ability|p2a: Salamence|Intimidate|boost
|-unboost|p1a: Rotom|atk|1
|turn|12
|
|t:|1779656195
|move|p2a: Salamence|Iron Head|p1a: Rotom
|-resisted|p1a: Rotom
|-damage|p1a: Rotom|34/100
|move|p1a: Rotom|Thunder|p2a: Salamence
|-damage|p2a: Salamence|41/100
|-status|p2a: Salamence|par
|
|upkeep
|turn|13
|
|t:|1779656206
|move|p1a: Rotom|Dark Pulse|p2a: Salamence
|-damage|p2a: Salamence|10/100 par
|move|p2a: Salamence|Crunch|p1a: Rotom
|-damage|p1a: Rotom|0 fnt
|faint|p1a: Rotom
|
|upkeep
|
|t:|1779656214
|switch|p1a: Blastoise|Blastoise, M|100/100
|turn|14
|
|t:|1779656221
|move|p1a: Blastoise|Rapid Spin|p2a: Salamence
|-damage|p2a: Salamence|0 fnt
|-boost|p1a: Blastoise|spe|1
|faint|p2a: Salamence
|
|upkeep
|
|t:|1779656229
|switch|p2a: Froslass|Froslass, F|100/100
|turn|15
|
|t:|1779656240
|move|p2a: Froslass|Thunder Wave|p1a: Blastoise
|-status|p1a: Blastoise|par
|move|p1a: Blastoise|Hydro Cannon|p2a: Froslass
|-damage|p2a: Froslass|44/100
|-mustrecharge|p1a: Blastoise
|-start|p1a: Blastoise|Disable|Hydro Cannon|[from] ability: Cursed Body|[of] p2a: Froslass
|
|upkeep
|turn|16
|
|t:|1779656251
|move|p2a: Froslass|Pain Split|p1a: Blastoise
|-sethp|p1a: Blastoise|71/100 par|[from] move: Pain Split|[silent]
|-sethp|p2a: Froslass|75/100|[from] move: Pain Split
|cant|p1a: Blastoise|recharge
|
|upkeep
|turn|17
|
|t:|1779656265
|move|p1a: Blastoise|Aqua Jet|p2a: Froslass
|-damage|p2a: Froslass|54/100
|move|p2a: Froslass|Taunt|p1a: Blastoise
|-start|p1a: Blastoise|move: Taunt
|
|upkeep
|turn|18
|
|t:|1779656274
|move|p1a: Blastoise|Aqua Jet|p2a: Froslass
|-damage|p2a: Froslass|35/100
|move|p2a: Froslass|Pain Split|p1a: Blastoise
|-sethp|p1a: Blastoise|52/100 par|[from] move: Pain Split|[silent]
|-sethp|p2a: Froslass|55/100|[from] move: Pain Split
|
|-end|p1a: Blastoise|Disable
|upkeep
|turn|19
|
|t:|1779656285
|move|p2a: Froslass|Reflect|p2a: Froslass
|-sidestart|p2: PikaMax9|Reflect
|move|p1a: Blastoise|Hydro Cannon|p2a: Froslass
|-damage|p2a: Froslass|0 fnt
|-mustrecharge|p1a: Blastoise
|-start|p1a: Blastoise|Disable|Hydro Cannon|[from] ability: Cursed Body|[of] p2a: Froslass
|faint|p2a: Froslass
|
|upkeep
|
|t:|1779656291
|switch|p2a: Gliscor|Gliscor, F|100/100
|turn|20
|
|t:|1779656299
|move|p2a: Gliscor|Earthquake|p1a: Blastoise
|-damage|p1a: Blastoise|10/100 par
|cant|p1a: Blastoise|recharge
|
|-end|p1a: Blastoise|move: Taunt
|upkeep
|turn|21
|
|t:|1779656323
|move|p2a: Gliscor|Earthquake|p1a: Blastoise
|-damage|p1a: Blastoise|0 fnt
|faint|p1a: Blastoise
|
|win|PikaMax9
|raw|rick marshall's rating: 1097 &rarr; <strong>1076</strong><br />(-21 for losing)
|raw|PikaMax9's rating: 1141 &rarr; <strong>1163</strong><br />(+22 for winning)
|c|☆PikaMax9|Ur won
|l|‽rick marshall
|player|p1|
|l|☆PikaMax9
|player|p2|
