|j|☆ianbenkenobi
|j|☆claudechamp
|t:|1779713677
|gametype|singles
|player|p1|ianbenkenobi|chuck|1140
|player|p2|claudechamp|102|1180
|gen|9
|tier|[Gen 9] OU
|rated|
|rule|HP Percentage Mod: HP is shown in percentages
|rule|Endless Battle Clause: Forcing endless battles is banned
|rule|Species Clause: Limit one of each Pokémon
|rule|OHKO Clause: OHKO moves are banned
|rule|Evasion Items Clause: Evasion items are banned
|rule|Evasion Moves Clause: Evasion moves are banned
|rule|Evasion Abilities Clause: Evasion abilities are banned
|rule|Sleep Moves Clause: Sleep-inducing moves are banned
|clearpoke
|poke|p1|Lapras, F|
|poke|p1|Weezing-Galar, M|
|poke|p1|Hawlucha, F|
|poke|p1|Darkrai|
|poke|p1|Latios, M|
|poke|p1|Blissey, F|
|poke|p2|Gliscor, F|
|poke|p2|Ogerpon, F|
|poke|p2|Walking Wake|
|poke|p2|Blissey, F|
|poke|p2|Corviknight, F|
|poke|p2|Pecharunt|
|teampreview
|c|☆claudechamp|hf
|inactive|Battle timer is ON: inactive players will automatically lose when time's up. (requested by claudechamp)
|
|t:|1779713687
|teamsize|p1|6
|teamsize|p2|6
|start
|switch|p1a: Blissey|Blissey, F|100/100
|switch|p2a: Gliscor|Gliscor, F|100/100
|turn|1
|
|t:|1779713693
|move|p2a: Gliscor|Spikes|p1a: Blissey
|-sidestart|p1: ianbenkenobi|Spikes
|move|p1a: Blissey|Ice Beam|p2a: Gliscor
|-supereffective|p2a: Gliscor
|-damage|p2a: Gliscor|24/100
|
|-status|p2a: Gliscor|tox|[from] item: Toxic Orb
|upkeep
|turn|2
|
|t:|1779713699
|switch|p2a: Blissey|Blissey, F|100/100
|move|p1a: Blissey|Ice Beam|p2a: Blissey
|-damage|p2a: Blissey|93/100
|
|upkeep
|turn|3
|
|t:|1779713705
|switch|p1a: Comeback Kid|Hawlucha, F, shiny|100/100
|move|p2a: Blissey|Stealth Rock|p1a: Comeback Kid
|-sidestart|p1: ianbenkenobi|move: Stealth Rock
|
|upkeep
|turn|4
|
|t:|1779713707
|move|p1a: Comeback Kid|Close Combat|p2a: Blissey
|-supereffective|p2a: Blissey
|-damage|p2a: Blissey|0 fnt
|-unboost|p1a: Comeback Kid|def|1
|-unboost|p1a: Comeback Kid|spd|1
|faint|p2a: Blissey
|-enditem|p1a: Comeback Kid|White Herb
|-clearnegativeboost|p1a: Comeback Kid|[silent]
|
|upkeep
|
|t:|1779713710
|switch|p2a: Pecharunt|Pecharunt|100/100
|turn|5
|
|t:|1779713721
|move|p1a: Comeback Kid|Swords Dance|p1a: Comeback Kid
|-boost|p1a: Comeback Kid|atk|2
|move|p2a: Pecharunt|Parting Shot|p1a: Comeback Kid
|-unboost|p1a: Comeback Kid|atk|1
|-unboost|p1a: Comeback Kid|spa|1
|
|t:|1779713727
|switch|p2a: Gliscor|Gliscor, F|24/100 tox|[from] Parting Shot
|
|-heal|p2a: Gliscor|36/100 tox|[from] ability: Poison Heal
|upkeep
|turn|6
|
|t:|1779713733
|move|p1a: Comeback Kid|Acrobatics|p2a: Gliscor
|-damage|p2a: Gliscor|0 fnt
|faint|p2a: Gliscor
|
|upkeep
|
|t:|1779713738
|switch|p2a: Walking Wake|Walking Wake|100/100
|turn|7
|
|t:|1779713751
|-terastallize|p1a: Comeback Kid|Flying
|move|p1a: Comeback Kid|Acrobatics|p2a: Walking Wake
|-damage|p2a: Walking Wake|0 fnt
|faint|p2a: Walking Wake
|-end|p2a: Walking Wake|Protosynthesis|[silent]
|
|upkeep
|
|t:|1779713754
|switch|p2a: Pecharunt|Pecharunt|100/100
|turn|8
|
|t:|1779713761
|move|p1a: Comeback Kid|Swords Dance|p1a: Comeback Kid
|-boost|p1a: Comeback Kid|atk|2
|move|p2a: Pecharunt|Malignant Chain|p1a: Comeback Kid
|-damage|p1a: Comeback Kid|54/100
|-status|p1a: Comeback Kid|tox
|-start|p1a: Comeback Kid|confusion|[from] ability: Poison Puppeteer|[of] p2a: Pecharunt
|
|-damage|p1a: Comeback Kid|48/100 tox|[from] psn
|upkeep
|turn|9
|
|t:|1779713764
|-activate|p1a: Comeback Kid|confusion
|move|p1a: Comeback Kid|Acrobatics|p2a: Pecharunt
|-damage|p2a: Pecharunt|26/100
|move|p2a: Pecharunt|Foul Play|p1a: Comeback Kid
|-damage|p1a: Comeback Kid|0 fnt
|faint|p1a: Comeback Kid
|
|upkeep
|
|t:|1779713776
|switch|p1a: Darkrai|Darkrai|100/100
|-damage|p1a: Darkrai|88/100|[from] Spikes
|-damage|p1a: Darkrai|76/100|[from] Stealth Rock
|turn|10
|
|t:|1779713780
|move|p1a: Darkrai|Knock Off|p2a: Pecharunt
|-supereffective|p2a: Pecharunt
|-damage|p2a: Pecharunt|0 fnt
|-enditem|p2a: Pecharunt|Heavy-Duty Boots|[from] move: Knock Off|[of] p1a: Darkrai
|faint|p2a: Pecharunt
|
|-heal|p1a: Darkrai|82/100|[from] item: Leftovers
|upkeep
|
|t:|1779713782
|switch|p2a: Corviknight|Corviknight, F|100/100
|-ability|p2a: Corviknight|Pressure
|turn|11
|
|t:|1779713790
|move|p1a: Darkrai|Knock Off|p2a: Corviknight
|-damage|p2a: Corviknight|71/100
|-enditem|p2a: Corviknight|Heavy-Duty Boots|[from] move: Knock Off|[of] p1a: Darkrai
|move|p2a: Corviknight|Body Press|p1a: Darkrai
|-supereffective|p1a: Darkrai
|-crit|p1a: Darkrai
|-damage|p1a: Darkrai|0 fnt
|faint|p1a: Darkrai
|
|upkeep
|
|t:|1779713796
|switch|p1a: Weezing|Weezing-Galar, M|100/100
|-damage|p1a: Weezing|88/100|[from] Stealth Rock
|turn|12
|
|t:|1779713802
|move|p2a: Corviknight|U-turn|p1a: Weezing
|-resisted|p1a: Weezing
|-damage|p1a: Weezing|85/100
|
|t:|1779713806
|switch|p2a: Ogerpon|Ogerpon, F|100/100|[from] U-turn
|move|p1a: Weezing|Will-O-Wisp|p2a: Ogerpon
|-status|p2a: Ogerpon|brn
|
|-heal|p1a: Weezing|91/100|[from] item: Leftovers
|-damage|p2a: Ogerpon|95/100 brn|[from] brn
|upkeep
|turn|13
|
|t:|1779713813
|move|p2a: Ogerpon|Encore|p1a: Weezing
|-start|p1a: Weezing|Encore
|move|p1a: Weezing|Will-O-Wisp|p2a: Ogerpon
|-fail|p2a: Ogerpon|brn
|
|-heal|p1a: Weezing|97/100|[from] item: Leftovers
|-damage|p2a: Ogerpon|89/100 brn|[from] brn
|upkeep
|turn|14
|
|t:|1779713821
|switch|p1a: Lydia|Lapras, F|100/100
|-damage|p1a: Lydia|88/100|[from] Spikes
|-damage|p1a: Lydia|63/100|[from] Stealth Rock
|move|p2a: Ogerpon|Knock Off|p1a: Lydia
|-damage|p1a: Lydia|49/100
|-enditem|p1a: Lydia|Leftovers|[from] move: Knock Off|[of] p2a: Ogerpon
|
|-damage|p2a: Ogerpon|83/100 brn|[from] brn
|upkeep
|turn|15
|
|t:|1779713828
|move|p2a: Ogerpon|Ivy Cudgel|p1a: Lydia
|-supereffective|p1a: Lydia
|-crit|p1a: Lydia
|-damage|p1a: Lydia|0 fnt
|faint|p1a: Lydia
|
|-damage|p2a: Ogerpon|77/100 brn|[from] brn
|upkeep
|
|t:|1779713834
|switch|p1a: Weezing|Weezing-Galar, M|97/100
|-damage|p1a: Weezing|85/100|[from] Stealth Rock
|turn|16
|
|t:|1779713837
|move|p2a: Ogerpon|Knock Off|p1a: Weezing
|-resisted|p1a: Weezing
|-damage|p1a: Weezing|76/100
|-enditem|p1a: Weezing|Leftovers|[from] move: Knock Off|[of] p2a: Ogerpon
|move|p1a: Weezing|Sludge Wave|p2a: Ogerpon
|-supereffective|p2a: Ogerpon
|-damage|p2a: Ogerpon|0 fnt
|faint|p2a: Ogerpon
|
|upkeep
|
|t:|1779713841
|switch|p2a: Corviknight|Corviknight, F|71/100
|-ability|p2a: Corviknight|Pressure
|turn|17
|
|t:|1779713852
|move|p2a: Corviknight|Roost|p2a: Corviknight
|-heal|p2a: Corviknight|100/100
|-singleturn|p2a: Corviknight|move: Roost
|move|p1a: Weezing|Will-O-Wisp|p2a: Corviknight
|-status|p2a: Corviknight|brn
|
|-damage|p2a: Corviknight|94/100 brn|[from] brn
|upkeep
|turn|18
|
|t:|1779713859
|move|p2a: Corviknight|Thief|p1a: Weezing
|-resisted|p1a: Weezing
|-damage|p1a: Weezing|73/100
|move|p1a: Weezing|Flamethrower|p2a: Corviknight
|-supereffective|p2a: Corviknight
|-damage|p2a: Corviknight|41/100 brn
|
|-damage|p2a: Corviknight|35/100 brn|[from] brn
|upkeep
|turn|19
|
|t:|1779713865
|-terastallize|p2a: Corviknight|Ghost
|move|p2a: Corviknight|Roost|p2a: Corviknight
|-heal|p2a: Corviknight|85/100 brn
|move|p1a: Weezing|Flamethrower|p2a: Corviknight
|-damage|p2a: Corviknight|60/100 brn
|
|-damage|p2a: Corviknight|54/100 brn|[from] brn
|upkeep
|turn|20
|
|t:|1779713872
|move|p2a: Corviknight|Roost|p2a: Corviknight
|-heal|p2a: Corviknight|100/100 brn
|move|p1a: Weezing|Defog|p2a: Corviknight
|-unboost|p2a: Corviknight|evasion|1
|-sideend|p1: ianbenkenobi|Spikes|[from] move: Defog|[of] p1a: Weezing
|-sideend|p1: ianbenkenobi|Stealth Rock|[from] move: Defog|[of] p1a: Weezing
|
|-damage|p2a: Corviknight|94/100 brn|[from] brn
|upkeep
|turn|21
|
|t:|1779713882
|move|p2a: Corviknight|Body Press|p1a: Weezing
|-resisted|p1a: Weezing
|-damage|p1a: Weezing|70/100
|move|p1a: Weezing|Sludge Wave|p2a: Corviknight
|-resisted|p2a: Corviknight
|-damage|p2a: Corviknight|73/100 brn
|
|-damage|p2a: Corviknight|67/100 brn|[from] brn
|upkeep
|turn|22
|
|t:|1779713892
|move|p2a: Corviknight|Body Press|p1a: Weezing
|-resisted|p1a: Weezing
|-damage|p1a: Weezing|67/100
|move|p1a: Weezing|Sludge Wave|p2a: Corviknight
|-resisted|p2a: Corviknight
|-damage|p2a: Corviknight|46/100 brn
|
|-damage|p2a: Corviknight|39/100 brn|[from] brn
|upkeep
|turn|23
|
|t:|1779713896
|move|p2a: Corviknight|Roost|p2a: Corviknight
|-heal|p2a: Corviknight|89/100 brn
|move|p1a: Weezing|Sludge Wave|p2a: Corviknight
|-resisted|p2a: Corviknight
|-damage|p2a: Corviknight|69/100 brn
|
|-damage|p2a: Corviknight|63/100 brn|[from] brn
|upkeep
|turn|24
|
|t:|1779713901
|move|p2a: Corviknight|Body Press|p1a: Weezing
|-resisted|p1a: Weezing
|-damage|p1a: Weezing|64/100
|move|p1a: Weezing|Flamethrower|p2a: Corviknight
|-damage|p2a: Corviknight|35/100 brn
|
|-damage|p2a: Corviknight|29/100 brn|[from] brn
|upkeep
|turn|25
|
|t:|1779713905
|move|p2a: Corviknight|Roost|p2a: Corviknight
|-heal|p2a: Corviknight|79/100 brn
|move|p1a: Weezing|Flamethrower|p2a: Corviknight
|-damage|p2a: Corviknight|51/100 brn
|
|-damage|p2a: Corviknight|45/100 brn|[from] brn
|upkeep
|turn|26
|
|t:|1779713910
|move|p2a: Corviknight|Roost|p2a: Corviknight
|-heal|p2a: Corviknight|95/100 brn
|move|p1a: Weezing|Flamethrower|p2a: Corviknight
|-damage|p2a: Corviknight|67/100 brn
|
|-damage|p2a: Corviknight|61/100 brn|[from] brn
|upkeep
|turn|27
|
|t:|1779713923
|move|p2a: Corviknight|Body Press|p1a: Weezing
|-resisted|p1a: Weezing
|-damage|p1a: Weezing|61/100
|move|p1a: Weezing|Flamethrower|p2a: Corviknight
|-damage|p2a: Corviknight|33/100 brn
|
|-damage|p2a: Corviknight|26/100 brn|[from] brn
|upkeep
|turn|28
|
|t:|1779713935
|move|p2a: Corviknight|Roost|p2a: Corviknight
|-heal|p2a: Corviknight|77/100 brn
|move|p1a: Weezing|Flamethrower|p2a: Corviknight
|-damage|p2a: Corviknight|50/100 brn
|
|-damage|p2a: Corviknight|44/100 brn|[from] brn
|upkeep
|turn|29
|
|t:|1779713940
|move|p2a: Corviknight|Body Press|p1a: Weezing
|-resisted|p1a: Weezing
|-damage|p1a: Weezing|57/100
|move|p1a: Weezing|Flamethrower|p2a: Corviknight
|-damage|p2a: Corviknight|15/100 brn
|
|-damage|p2a: Corviknight|8/100 brn|[from] brn
|upkeep
|turn|30
|
|t:|1779713946
|move|p2a: Corviknight|Roost|p2a: Corviknight
|-heal|p2a: Corviknight|58/100 brn
|move|p1a: Weezing|Flamethrower|p2a: Corviknight
|-damage|p2a: Corviknight|31/100 brn
|
|-damage|p2a: Corviknight|25/100 brn|[from] brn
|upkeep
|turn|31
|
|t:|1779713956
|move|p2a: Corviknight|Body Press|p1a: Weezing
|-resisted|p1a: Weezing
|-crit|p1a: Weezing
|-damage|p1a: Weezing|53/100
|move|p1a: Weezing|Flamethrower|p2a: Corviknight
|-damage|p2a: Corviknight|0 fnt
|faint|p2a: Corviknight
|
|win|ianbenkenobi
|raw|ianbenkenobi's rating: 1140 &rarr; <strong>1168</strong><br />(+28 for winning)
|raw|claudechamp's rating: 1180 &rarr; <strong>1152</strong><br />(-28 for losing)
|c|☆claudechamp|gg
