|j|☆tghvccc
|j|‽ekekdkdmdmwksl
|t:|1779618011
|gametype|singles
|player|p1|tghvccc|265|1123
|player|p2|ekekdkdmdmwksl|2|1216
|gen|9
|tier|[Gen 9] OU
|rated|
|rule|HP Percentage Mod: HP is shown in percentages
|rule|Endless Battle Clause: Forcing endless battles is banned
|rule|Species Clause: Limit one of each Pokémon
|rule|OHKO Clause: OHKO moves are banned
|rule|Evasion Items Clause: Evasion items are banned
|rule|Evasion Moves Clause: Evasion moves are banned
|rule|Evasion Abilities Clause: Evasion abilities are banned
|rule|Sleep Moves Clause: Sleep-inducing moves are banned
|clearpoke
|poke|p1|Hatterene, F|
|poke|p1|Volcanion|
|poke|p1|Iron Hands|
|poke|p1|Gengar, F|
|poke|p1|Glastrier|
|poke|p1|Ursaluna, M|
|poke|p2|Scrafty, M|
|poke|p2|Volbeat, M|
|poke|p2|Hoopa-Unbound|
|poke|p2|Hatterene, F|
|poke|p2|Registeel|
|poke|p2|Iron Moth|
|teampreview
|inactive|Battle timer is ON: inactive players will automatically lose when time's up. (requested by ekekdkdmdmwksl)
|
|t:|1779618022
|teamsize|p1|6
|teamsize|p2|6
|start
|switch|p1a: Volcanion|Volcanion|100/100
|switch|p2a: Hoopa|Hoopa-Unbound|100/100
|turn|1
|inactive|tghvccc has 120 seconds left.
|
|t:|1779618056
|switch|p1a: Hatterene|Hatterene, F|100/100
|move|p2a: Hoopa|Thunderbolt|p1a: Hatterene
|-damage|p1a: Hatterene|28/100
|
|upkeep
|turn|2
|inactive|tghvccc has 120 seconds left.
|
|t:|1779618067
|switch|p1a: Ursaluna|Ursaluna, M|100/100
|move|p2a: Hoopa|Thunderbolt|p1a: Ursaluna
|-immune|p1a: Ursaluna
|
|-status|p1a: Ursaluna|brn|[from] item: Flame Orb
|upkeep
|turn|3
|inactive|tghvccc has 120 seconds left.
|
|t:|1779618081
|switch|p2a: Registeel|Registeel|100/100
|move|p1a: Ursaluna|Drain Punch|p2a: Registeel
|-supereffective|p2a: Registeel
|-damage|p2a: Registeel|37/100
|
|-damage|p1a: Ursaluna|94/100 brn|[from] brn
|upkeep
|turn|4
|inactive|tghvccc has 120 seconds left.
|
|t:|1779618103
|switch|p2a: Iron Moth|Iron Moth|100/100
|-enditem|p2a: Iron Moth|Booster Energy
|-activate|p2a: Iron Moth|ability: Quark Drive|[fromitem]
|-start|p2a: Iron Moth|quarkdrivespa
|move|p1a: Ursaluna|Earthquake|p2a: Iron Moth
|-supereffective|p2a: Iron Moth
|-damage|p2a: Iron Moth|0 fnt
|faint|p2a: Iron Moth
|-end|p2a: Iron Moth|Quark Drive|[silent]
|
|-damage|p1a: Ursaluna|88/100 brn|[from] brn
|upkeep
|inactive|ekekdkdmdmwksl has 120 seconds left.
|
|t:|1779618118
|switch|p2a: Volbeat|Volbeat, M, shiny|100/100
|turn|5
|
|t:|1779618124
|move|p2a: Volbeat|Lunge|p1a: Ursaluna
|-damage|p1a: Ursaluna|71/100 brn
|-unboost|p1a: Ursaluna|atk|1
|move|p1a: Ursaluna|Fire Punch|p2a: Volbeat
|-supereffective|p2a: Volbeat
|-damage|p2a: Volbeat|29/100
|
|-damage|p1a: Ursaluna|64/100 brn|[from] brn
|upkeep
|turn|6
|
|t:|1779618136
|move|p2a: Volbeat|Lunge|p1a: Ursaluna
|-damage|p1a: Ursaluna|47/100 brn
|-unboost|p1a: Ursaluna|atk|1
|move|p1a: Ursaluna|Fire Punch|p2a: Volbeat
|-supereffective|p2a: Volbeat
|-damage|p2a: Volbeat|0 fnt
|faint|p2a: Volbeat
|
|-damage|p1a: Ursaluna|41/100 brn|[from] brn
|upkeep
|
|t:|1779618142
|switch|p2a: Registeel|Registeel|37/100
|turn|7
|
|t:|1779618149
|switch|p1a: Hatterene|Hatterene, F|28/100
|move|p2a: Registeel|Iron Defense|p2a: Registeel
|-boost|p2a: Registeel|def|2
|
|upkeep
|turn|8
|
|t:|1779618158
|move|p2a: Registeel|Rest|p2a: Registeel
|-status|p2a: Registeel|slp|[from] move: Rest
|-heal|p2a: Registeel|100/100 slp|[silent]
|-enditem|p2a: Registeel|Chesto Berry|[eat]
|-curestatus|p2a: Registeel|slp|[msg]
|move|p1a: Hatterene|Trick Room|p1a: Hatterene
|-fieldstart|move: Trick Room|[of] p1a: Hatterene
|
|upkeep
|turn|9
|
|t:|1779618168
|move|p1a: Hatterene|Mystical Fire|p2a: Registeel
|-supereffective|p2a: Registeel
|-damage|p2a: Registeel|57/100
|move|p2a: Registeel|Iron Defense|p2a: Registeel
|-boost|p2a: Registeel|def|2
|
|upkeep
|turn|10
|
|t:|1779618176
|-terastallize|p2a: Registeel|Fighting
|move|p1a: Hatterene|Mystical Fire|p2a: Registeel
|-damage|p2a: Registeel|38/100
|move|p2a: Registeel|Body Press|p1a: Hatterene
|-resisted|p1a: Hatterene
|-damage|p1a: Hatterene|0 fnt
|faint|p1a: Hatterene
|
|upkeep
|
|t:|1779618196
|switch|p1a: Volcanion|Volcanion|100/100
|turn|11
|
|t:|1779618205
|move|p1a: Volcanion|Steam Eruption|p2a: Registeel
|-damage|p2a: Registeel|0 fnt
|faint|p2a: Registeel
|
|upkeep
|
|t:|1779618217
|switch|p2a: Hoopa|Hoopa-Unbound|100/100
|turn|12
|
|t:|1779618227
|switch|p1a: Ursaluna|Ursaluna, M|41/100 brn
|move|p2a: Hoopa|Dark Pulse|p1a: Ursaluna
|-damage|p1a: Ursaluna|0 fnt
|faint|p1a: Ursaluna
|
|-fieldend|move: Trick Room
|upkeep
|
|t:|1779618252
|switch|p1a: Iron Hands|Iron Hands|100/100
|turn|13
|
|t:|1779618258
|switch|p2a: Hatterene|Hatterene, F|100/100
|move|p1a: Iron Hands|Drain Punch|p2a: Hatterene
|-resisted|p2a: Hatterene
|-damage|p2a: Hatterene|89/100
|
|-heal|p2a: Hatterene|95/100|[from] item: Leftovers
|upkeep
|turn|14
|
|t:|1779618273
|-end|p1a: Iron Hands|Quark Drive|[silent]
|switch|p1a: Volcanion|Volcanion|100/100
|move|p2a: Hatterene|Calm Mind|p2a: Hatterene
|-boost|p2a: Hatterene|spa|1
|-boost|p2a: Hatterene|spd|1
|
|-heal|p2a: Hatterene|100/100|[from] item: Leftovers
|upkeep
|turn|15
|
|t:|1779618287
|move|p1a: Volcanion|Sludge Bomb|p2a: Hatterene
|-supereffective|p2a: Hatterene
|-damage|p2a: Hatterene|51/100
|-status|p2a: Hatterene|psn
|move|p2a: Hatterene|Calm Mind|p2a: Hatterene
|-boost|p2a: Hatterene|spa|1
|-boost|p2a: Hatterene|spd|1
|
|-heal|p2a: Hatterene|57/100 psn|[from] item: Leftovers
|-damage|p2a: Hatterene|45/100 psn|[from] psn
|upkeep
|turn|16
|
|t:|1779618299
|move|p1a: Volcanion|Sludge Bomb|p2a: Hatterene
|-supereffective|p2a: Hatterene
|-damage|p2a: Hatterene|6/100 psn
|move|p2a: Hatterene|Psychic|p1a: Volcanion
|-damage|p1a: Volcanion|24/100
|
|-heal|p2a: Hatterene|12/100 psn|[from] item: Leftovers
|-damage|p2a: Hatterene|0 fnt|[from] psn
|faint|p2a: Hatterene
|upkeep
|
|t:|1779618316
|switch|p2a: Hoopa|Hoopa-Unbound|100/100
|turn|17
|
|t:|1779618329
|switch|p1a: Iron Hands|Iron Hands|100/100
|move|p2a: Hoopa|Psychic|p1a: Iron Hands
|-supereffective|p1a: Iron Hands
|-damage|p1a: Iron Hands|0 fnt
|faint|p1a: Iron Hands
|-end|p1a: Iron Hands|Quark Drive|[silent]
|
|upkeep
|
|t:|1779618339
|switch|p1a: Glastrier|Glastrier|100/100
|turn|18
|
|t:|1779618345
|move|p2a: Hoopa|Psychic|p1a: Glastrier
|-damage|p1a: Glastrier|34/100
|move|p1a: Glastrier|Icicle Crash|p2a: Hoopa
|-damage|p2a: Hoopa|10/100
|
|upkeep
|turn|19
|
|t:|1779618362
|move|p2a: Hoopa|Psychic|p1a: Glastrier
|-damage|p1a: Glastrier|0 fnt
|faint|p1a: Glastrier
|
|upkeep
|
|t:|1779618369
|switch|p1a: Gengar|Gengar, F|100/100
|turn|20
|
|t:|1779618384
|move|p1a: Gengar|Thunderbolt|p2a: Hoopa
|-damage|p2a: Hoopa|0 fnt
|faint|p2a: Hoopa
|
|upkeep
|
|t:|1779618386
|switch|p2a: Scrafty|Scrafty, M|100/100
|turn|21
|
|t:|1779618395
|move|p1a: Gengar|Thunderbolt|p2a: Scrafty
|-damage|p2a: Scrafty|72/100
|move|p2a: Scrafty|Knock Off|p1a: Gengar
|-supereffective|p1a: Gengar
|-damage|p1a: Gengar|0 fnt
|-start|p2a: Scrafty|Disable|Knock Off|[from] ability: Cursed Body|[of] p1a: Gengar
|-enditem|p1a: Gengar|Choice Scarf|[from] move: Knock Off|[of] p2a: Scrafty
|faint|p1a: Gengar
|
|-heal|p2a: Scrafty|78/100|[from] item: Leftovers
|upkeep
|-message|tghvccc forfeited.
|
|win|ekekdkdmdmwksl
|raw|tghvccc's rating: 1123 &rarr; <strong>1105</strong><br />(-18 for losing)
|raw|ekekdkdmdmwksl's rating: 1216 &rarr; <strong>1234</strong><br />(+18 for winning)
|l|☆tghvccc
|player|p1|
|l|‽ekekdkdmdmwksl
|player|p2|
