|inactive|Battle timer is ON: inactive players will automatically lose when time's up.
|t:|1779654268
|gametype|singles
|player|p1|Ghoulish Champ|#hplvikochiquakers|
|player|p2|Zentrox Boost|morty-gen2|
|gen|9
|tier|[Gen 9] OU
|rule|HP Percentage Mod: HP is shown in percentages
|rule|Endless Battle Clause: Forcing endless battles is banned
|rule|Species Clause: Limit one of each Pokémon
|rule|OHKO Clause: OHKO moves are banned
|rule|Evasion Items Clause: Evasion items are banned
|rule|Evasion Moves Clause: Evasion moves are banned
|rule|Evasion Abilities Clause: Evasion abilities are banned
|rule|Sleep Moves Clause: Sleep-inducing moves are banned
|clearpoke
|poke|p1|Deoxys-Speed|
|poke|p1|Kingambit, F|
|poke|p1|Ting-Lu|
|poke|p1|Pecharunt|
|poke|p1|Iron Valiant|
|poke|p1|Kyurem|
|poke|p2|Great Tusk|
|poke|p2|Hatterene, F|
|poke|p2|Raging Bolt|
|poke|p2|Walking Wake|
|poke|p2|Ninetales, F|
|poke|p2|Venusaur, F|
|teampreview
|c|☆Zentrox Boost|hf
|c|☆Ghoulish Champ|u2
|inactive|Ghoulish Champ has 270 seconds left.
|inactive|Zentrox Boost has 270 seconds left.
|inactive|Ghoulish Champ has 240 seconds left.
|inactive|Zentrox Boost has 240 seconds left.
|inactive|Zentrox Boost has 210 seconds left.
|c|+ZOYOTTE|mange le
|c|+Quamnckkk|go peng yay
|inactive|Zentrox Boost has 180 seconds left.
|inactive|Zentrox Boost has 150 seconds left.
|inactive|Zentrox Boost has 120 seconds left.
|inactive|Zentrox Boost has 90 seconds left.
|
|t:|1779654481
|teamsize|p1|6
|teamsize|p2|6
|start
|switch|p1a: Deoxys|Deoxys-Speed|100/100
|switch|p2a: Ninetales|Ninetales, F|100/100
|-ability|p1a: Deoxys|Pressure
|-weather|SunnyDay|[from] ability: Drought|[of] p2a: Ninetales
|turn|1
|
|t:|1779654511
|switch|p2a: Hatterene|Hatterene, F|100/100
|move|p1a: Deoxys|Knock Off|p2a: Hatterene
|-damage|p2a: Hatterene|82/100
|-enditem|p2a: Hatterene|Eject Button|[from] move: Knock Off|[of] p1a: Deoxys
|
|-weather|SunnyDay|[upkeep]
|upkeep
|turn|2
|inactive|Zentrox Boost has 150 seconds left.
|
|t:|1779654526
|switch|p1a: Ting-Lu|Ting-Lu|100/100
|-ability|p1a: Ting-Lu|Vessel of Ruin
|switch|p2a: Walking Wake|Walking Wake|100/100
|-activate|p2a: Walking Wake|ability: Protosynthesis
|-start|p2a: Walking Wake|protosynthesisspe
|
|-weather|SunnyDay|[upkeep]
|upkeep
|turn|3
|inactive|Ghoulish Champ has 270 seconds left.
|
|t:|1779654545
|switch|p1a: Kyurem|Kyurem|100/100
|-ability|p1a: Kyurem|Pressure
|move|p2a: Walking Wake|Hydro Steam|p1a: Kyurem
|-resisted|p1a: Kyurem
|-damage|p1a: Kyurem|64/100
|
|-weather|SunnyDay|[upkeep]
|upkeep
|turn|4
|inactive|Ghoulish Champ has 270 seconds left.
|
|t:|1779654557
|switch|p1a: Ting-Lu|Ting-Lu|100/100
|-ability|p1a: Ting-Lu|Vessel of Ruin
|move|p2a: Walking Wake|Dragon Pulse|p1a: Ting-Lu
|-damage|p1a: Ting-Lu|78/100
|
|-weather|SunnyDay|[upkeep]
|upkeep
|turn|5
|inactive|Ghoulish Champ has 270 seconds left.
|inactive|Ghoulish Champ has 240 seconds left.
|
|t:|1779654603
|move|p2a: Walking Wake|Hydro Steam|p1a: Ting-Lu
|-supereffective|p1a: Ting-Lu
|-damage|p1a: Ting-Lu|18/100
|move|p1a: Ting-Lu|Stealth Rock|p2a: Walking Wake
|-sidestart|p2: Zentrox Boost|move: Stealth Rock
|
|-weather|SunnyDay|[upkeep]
|upkeep
|turn|6
|inactive|Zentrox Boost has 180 seconds left.
|
|t:|1779654620
|move|p2a: Walking Wake|Weather Ball|p1a: Ting-Lu
|-damage|p1a: Ting-Lu|0 fnt
|faint|p1a: Ting-Lu
|
|-weather|SunnyDay|[upkeep]
|upkeep
|inactive|Ghoulish Champ has 240 seconds left.
|
|t:|1779654643
|switch|p1a: Iron Valiant|Iron Valiant|100/100
|-enditem|p1a: Iron Valiant|Booster Energy
|-activate|p1a: Iron Valiant|ability: Quark Drive|[fromitem]
|-start|p1a: Iron Valiant|quarkdrivespe
|turn|7
|
|t:|1779654651
|-end|p2a: Walking Wake|Protosynthesis|[silent]
|switch|p2a: Hatterene|Hatterene, F|82/100
|-damage|p2a: Hatterene|69/100|[from] Stealth Rock
|move|p1a: Iron Valiant|Calm Mind|p1a: Iron Valiant
|-boost|p1a: Iron Valiant|spa|1
|-boost|p1a: Iron Valiant|spd|1
|
|-weather|SunnyDay|[upkeep]
|upkeep
|turn|8
|
|t:|1779654657
|move|p1a: Iron Valiant|Shadow Ball|p2a: Hatterene
|-supereffective|p2a: Hatterene
|-crit|p2a: Hatterene
|-damage|p2a: Hatterene|0 fnt
|faint|p2a: Hatterene
|
|-weather|none
|upkeep
|c|+Sirpeanutcronch|Lets go kochi quakers
|inactive|Zentrox Boost has 180 seconds left.
|inactive|Zentrox Boost has 150 seconds left.
|c|☆Ghoulish Champ|t
|inactive|Zentrox Boost has 120 seconds left.
|
|t:|1779654739
|switch|p2a: Ninetales|Ninetales, F|100/100
|-damage|p2a: Ninetales|76/100|[from] Stealth Rock
|-weather|SunnyDay|[from] ability: Drought|[of] p2a: Ninetales
|turn|9
|inactive|Zentrox Boost has 120 seconds left.
|
|t:|1779654787
|move|p1a: Iron Valiant|Shadow Ball|p2a: Ninetales
|-damage|p2a: Ninetales|30/100
|-unboost|p2a: Ninetales|spd|1
|move|p2a: Ninetales|Encore|p1a: Iron Valiant
|-start|p1a: Iron Valiant|Encore
|
|-weather|SunnyDay|[upkeep]
|upkeep
|turn|10
|inactive|Zentrox Boost has 90 seconds left.
|
|t:|1779654827
|switch|p2a: Raging Bolt|Raging Bolt|100/100
|-damage|p2a: Raging Bolt|88/100|[from] Stealth Rock
|-activate|p2a: Raging Bolt|ability: Protosynthesis
|-start|p2a: Raging Bolt|protosynthesisspa
|move|p1a: Iron Valiant|Shadow Ball|p2a: Raging Bolt
|-damage|p2a: Raging Bolt|51/100
|
|-weather|SunnyDay|[upkeep]
|upkeep
|turn|11
|inactive|Ghoulish Champ has 240 seconds left.
|inactive|Ghoulish Champ has 210 seconds left.
|inactive|Ghoulish Champ has 180 seconds left.
|
|t:|1779654914
|-terastallize|p1a: Iron Valiant|Ghost
|move|p1a: Iron Valiant|Shadow Ball|p2a: Raging Bolt
|-damage|p2a: Raging Bolt|0 fnt
|faint|p2a: Raging Bolt
|-end|p2a: Raging Bolt|Protosynthesis|[silent]
|
|-weather|SunnyDay|[upkeep]
|upkeep
|inactive|Zentrox Boost has 60 seconds left.
|
|t:|1779654947
|switch|p2a: Great Tusk|Great Tusk|100/100
|-damage|p2a: Great Tusk|98/100|[from] Stealth Rock
|-activate|p2a: Great Tusk|ability: Protosynthesis
|-start|p2a: Great Tusk|protosynthesisatk
|turn|12
|inactive|Ghoulish Champ has 180 seconds left.
|
|t:|1779654958
|move|p1a: Iron Valiant|Shadow Ball|p2a: Great Tusk
|-damage|p2a: Great Tusk|12/100
|move|p2a: Great Tusk|Headlong Rush|p1a: Iron Valiant
|-damage|p1a: Iron Valiant|0 fnt
|-unboost|p2a: Great Tusk|def|1
|-unboost|p2a: Great Tusk|spd|1
|faint|p1a: Iron Valiant
|-end|p1a: Iron Valiant|Quark Drive|[silent]
|
|-weather|SunnyDay|[upkeep]
|upkeep
|
|t:|1779654964
|switch|p1a: Kyurem|Kyurem|64/100
|-ability|p1a: Kyurem|Pressure
|turn|13
|inactive|Ghoulish Champ has 180 seconds left.
|inactive|Zentrox Boost has 60 seconds left.
|
|t:|1779654995
|move|p1a: Kyurem|Substitute|p1a: Kyurem
|-start|p1a: Kyurem|Substitute
|-damage|p1a: Kyurem|39/100
|move|p2a: Great Tusk|Headlong Rush|p1a: Kyurem
|-end|p1a: Kyurem|Substitute
|-unboost|p2a: Great Tusk|def|1
|-unboost|p2a: Great Tusk|spd|1
|
|-weather|SunnyDay|[upkeep]
|upkeep
|turn|14
|
|t:|1779655014
|move|p1a: Kyurem|Substitute|p1a: Kyurem
|-start|p1a: Kyurem|Substitute
|-damage|p1a: Kyurem|15/100
|move|p2a: Great Tusk|Headlong Rush|p1a: Kyurem
|-end|p1a: Kyurem|Substitute
|-unboost|p2a: Great Tusk|def|1
|-unboost|p2a: Great Tusk|spd|1
|
|-weather|SunnyDay|[upkeep]
|upkeep
|turn|15
|
|t:|1779655023
|move|p1a: Kyurem|Ice Beam|p2a: Great Tusk
|-supereffective|p2a: Great Tusk
|-damage|p2a: Great Tusk|0 fnt
|faint|p2a: Great Tusk
|-end|p2a: Great Tusk|Protosynthesis|[silent]
|
|-weather|SunnyDay|[upkeep]
|upkeep
|inactive|Zentrox Boost has 60 seconds left.
|
|t:|1779655070
|switch|p2a: Walking Wake|Walking Wake|100/100
|-damage|p2a: Walking Wake|88/100|[from] Stealth Rock
|-activate|p2a: Walking Wake|ability: Protosynthesis
|-start|p2a: Walking Wake|protosynthesisspe
|turn|16
|
|t:|1779655075
|move|p2a: Walking Wake|Hydro Steam|p1a: Kyurem
|-resisted|p1a: Kyurem
|-damage|p1a: Kyurem|0 fnt
|faint|p1a: Kyurem
|
|-weather|none
|-end|p2a: Walking Wake|Protosynthesis
|upkeep
|inactive|Ghoulish Champ has 180 seconds left.
|inactive|Ghoulish Champ has 150 seconds left.
|inactive|Ghoulish Champ has 120 seconds left.
|
|t:|1779655155
|switch|p1a: Pecharunt|Pecharunt|100/100
|turn|17
|inactive|Zentrox Boost has 30 seconds left.
|inactive|Zentrox Boost has 20 seconds left.
|inactive|Zentrox Boost has 15 seconds left.
|inactive|Zentrox Boost has 10 seconds left.
|
|t:|1779655206
|move|p2a: Walking Wake|Dragon Pulse|p1a: Pecharunt
|-damage|p1a: Pecharunt|55/100
|move|p1a: Pecharunt|Malignant Chain|p2a: Walking Wake
|-damage|p2a: Walking Wake|53/100
|
|upkeep
|turn|18
|inactive|Zentrox Boost has 20 seconds left this turn.
|inactive|Zentrox Boost has 15 seconds left.
|inactive|Ghoulish Champ has 120 seconds left.
|
|t:|1779655223
|switch|p1a: Kingambit|Kingambit, F|100/100
|-activate|p1a: Kingambit|ability: Supreme Overlord
|-start|p1a: Kingambit|fallen3|[silent]
|-item|p1a: Kingambit|Air Balloon
|move|p2a: Walking Wake|Draco Meteor|p1a: Kingambit
|-resisted|p1a: Kingambit
|-crit|p1a: Kingambit
|-damage|p1a: Kingambit|48/100
|-unboost|p2a: Walking Wake|spa|2
|-enditem|p1a: Kingambit|Air Balloon
|
|upkeep
|turn|19
|inactive|Zentrox Boost has 25 seconds left this turn.
|inactive|Ghoulish Champ has 120 seconds left.
|inactive|Zentrox Boost has 20 seconds left.
|inactive|Zentrox Boost has 15 seconds left.
|inactive|Zentrox Boost has 10 seconds left.
|inactive|Zentrox Boost has 5 seconds left.
|
|t:|1779655245
|move|p2a: Walking Wake|Hydro Steam|p1a: Kingambit
|-damage|p1a: Kingambit|26/100
|move|p1a: Kingambit|Kowtow Cleave|p2a: Walking Wake
|-damage|p2a: Walking Wake|0 fnt
|faint|p2a: Walking Wake
|-end|p2a: Walking Wake|Protosynthesis|[silent]
|
|upkeep
|inactive|Zentrox Boost has 10 seconds left this turn.
|inactive|Zentrox Boost has 5 seconds left.
|
|t:|1779655254
|switch|p2a: Ninetales|Ninetales, F|30/100
|-damage|p2a: Ninetales|5/100|[from] Stealth Rock
|-weather|SunnyDay|[from] ability: Drought|[of] p2a: Ninetales
|turn|20
|inactive|Zentrox Boost has 15 seconds left this turn.
|inactive|Ghoulish Champ has 120 seconds left.
|inactive|Zentrox Boost has 10 seconds left.
|
|t:|1779655268
|-end|p1a: Kingambit|fallen3|[silent]
|switch|p1a: Pecharunt|Pecharunt|55/100
|move|p2a: Ninetales|Overheat|p1a: Pecharunt
|-crit|p1a: Pecharunt
|-damage|p1a: Pecharunt|0 fnt
|-unboost|p2a: Ninetales|spa|2
|faint|p1a: Pecharunt
|
|-weather|SunnyDay|[upkeep]
|upkeep
|
|t:|1779655270
|switch|p1a: Deoxys|Deoxys-Speed|100/100
|-ability|p1a: Deoxys|Pressure
|turn|21
|inactive|Zentrox Boost has 25 seconds left this turn.
|
|t:|1779655275
|move|p1a: Deoxys|Knock Off|p2a: Ninetales
|-damage|p2a: Ninetales|0 fnt
|-enditem|p2a: Ninetales|Heat Rock|[from] move: Knock Off|[of] p1a: Deoxys
|faint|p2a: Ninetales
|
|-weather|SunnyDay|[upkeep]
|upkeep
|inactive|Zentrox Boost has 30 seconds left this turn.
|
|t:|1779655276
|switch|p2a: Venusaur|Venusaur, F|100/100
|-damage|p2a: Venusaur|88/100|[from] Stealth Rock
|turn|22
|
|t:|1779655281
|-terastallize|p2a: Venusaur|Fire
|move|p2a: Venusaur|Weather Ball|p1a: Deoxys
|-damage|p1a: Deoxys|0 fnt
|faint|p1a: Deoxys
|-damage|p2a: Venusaur|78/100|[from] item: Life Orb
|
|-weather|SunnyDay|[upkeep]
|upkeep
|
|t:|1779655284
|switch|p1a: Kingambit|Kingambit, F|26/100
|-activate|p1a: Kingambit|ability: Supreme Overlord
|-start|p1a: Kingambit|fallen5|[silent]
|turn|23
|inactive|Zentrox Boost has 30 seconds left.
|inactive|Zentrox Boost has 20 seconds left.
|inactive|Zentrox Boost has 15 seconds left.
|
|t:|1779655326
|move|p1a: Kingambit|Sucker Punch||[still]
|-fail|p1a: Kingambit
|move|p2a: Venusaur|Growth|p2a: Venusaur
|-boost|p2a: Venusaur|atk|2
|-boost|p2a: Venusaur|spa|2
|
|-weather|SunnyDay|[upkeep]
|upkeep
|turn|24
|inactive|Zentrox Boost has 25 seconds left this turn.
|inactive|Zentrox Boost has 20 seconds left.
|
|t:|1779655334
|move|p1a: Kingambit|Sucker Punch||[still]
|-fail|p1a: Kingambit
|move|p2a: Venusaur|Growth|p2a: Venusaur
|-boost|p2a: Venusaur|atk|2
|-boost|p2a: Venusaur|spa|2
|
|-weather|SunnyDay|[upkeep]
|upkeep
|turn|25
|inactive|Zentrox Boost has 30 seconds left this turn.
|
|t:|1779655341
|move|p1a: Kingambit|Sucker Punch||[still]
|-fail|p1a: Kingambit
|move|p2a: Venusaur|Growth|p2a: Venusaur
|-boost|p2a: Venusaur|atk|2
|-boost|p2a: Venusaur|spa|2
|
|-weather|SunnyDay|[upkeep]
|upkeep
|turn|26
|inactive|Ghoulish Champ has 180 seconds left.
|inactive|Zentrox Boost has 30 seconds left.
|
|t:|1779655348
|move|p1a: Kingambit|Sucker Punch||[still]
|-fail|p1a: Kingambit
|move|p2a: Venusaur|Growth|p2a: Venusaur
|-boost|p2a: Venusaur|atk|0
|-boost|p2a: Venusaur|spa|0
|
|-weather|SunnyDay|[upkeep]
|upkeep
|turn|27
|inactive|Ghoulish Champ has 180 seconds left.
|inactive|Zentrox Boost has 30 seconds left.
|
|t:|1779655385
|move|p1a: Kingambit|Sucker Punch||[still]
|-fail|p1a: Kingambit
|move|p2a: Venusaur|Growth|p2a: Venusaur
|-boost|p2a: Venusaur|atk|0
|-boost|p2a: Venusaur|spa|0
|
|-weather|none
|upkeep
|turn|28
|
|t:|1779655405
|move|p1a: Kingambit|Sucker Punch|p2a: Venusaur
|-damage|p2a: Venusaur|0 fnt
|faint|p2a: Venusaur
|
|win|Ghoulish Champ
|c|☆Ghoulish Champ|gg
|c|☆Zentrox Boost|gg
|c|+sire clod|i kowtowed the frst turn btw
|c|+sire clod|whole call heard it
|c|☆Zentrox Boost|sucker was a roll at 75%
|c|+sire clod|exactly
|c|☆Zentrox Boost|I could have tried it in t1
|player|p1|
