|j|☆Trans Marill
|j|☆oinkolog
|t:|1779687648
|gametype|singles
|player|p1|Trans Marill|170|1327
|player|p2|oinkolog|bertha|1325
|gen|9
|tier|[Gen 9] OU
|rated|
|rule|HP Percentage Mod: HP is shown in percentages
|rule|Endless Battle Clause: Forcing endless battles is banned
|rule|Species Clause: Limit one of each Pokémon
|rule|OHKO Clause: OHKO moves are banned
|rule|Evasion Items Clause: Evasion items are banned
|rule|Evasion Moves Clause: Evasion moves are banned
|rule|Evasion Abilities Clause: Evasion abilities are banned
|rule|Sleep Moves Clause: Sleep-inducing moves are banned
|clearpoke
|poke|p1|Goodra, M|
|poke|p1|Corviknight, F|
|poke|p1|Espeon, M|
|poke|p1|Moltres|
|poke|p1|Clodsire, M|
|poke|p1|Snorlax, M|
|poke|p2|Tinkaton, F|
|poke|p2|Darkrai|
|poke|p2|Pelipper, F|
|poke|p2|Basculegion-F, F|
|poke|p2|Goodra-Hisui, M|
|poke|p2|Okidogi, M|
|teampreview
|
|t:|1779687656
|teamsize|p1|6
|teamsize|p2|6
|start
|switch|p1a: Goodra|Goodra, M|100/100
|switch|p2a: Okidogi|Okidogi, M|100/100
|turn|1
|inactive|Battle timer is ON: inactive players will automatically lose when time's up. (requested by oinkolog)
|
|t:|1779687661
|move|p2a: Okidogi|Ice Punch|p1a: Goodra
|-supereffective|p1a: Goodra
|-damage|p1a: Goodra|32/100
|move|p1a: Goodra|Scald|p2a: Okidogi
|-damage|p2a: Okidogi|80/100
|
|upkeep
|turn|2
|
|t:|1779687667
|switch|p1a: Moltres|Moltres|100/100
|move|p2a: Okidogi|Ice Punch|p1a: Moltres
|-damage|p1a: Moltres|72/100
|-status|p2a: Okidogi|brn|[from] ability: Flame Body|[of] p1a: Moltres
|-status|p1a: Moltres|tox|[from] ability: Toxic Chain|[of] p2a: Okidogi
|
|-damage|p1a: Moltres|66/100 tox|[from] psn
|-damage|p2a: Okidogi|74/100 brn|[from] brn
|upkeep
|turn|3
|
|t:|1779687672
|move|p1a: Moltres|Roost|p1a: Moltres
|-heal|p1a: Moltres|100/100 tox
|-singleturn|p1a: Moltres|move: Roost
|move|p2a: Okidogi|Knock Off|p1a: Moltres
|-damage|p1a: Moltres|82/100 tox
|-enditem|p1a: Moltres|Heavy-Duty Boots|[from] move: Knock Off|[of] p2a: Okidogi
|
|-damage|p1a: Moltres|70/100 tox|[from] psn
|-damage|p2a: Okidogi|68/100 brn|[from] brn
|upkeep
|turn|4
|
|t:|1779687678
|switch|p2a: Tinkaton|Tinkaton, F|100/100
|-ability|p2a: Tinkaton|Mold Breaker
|-item|p2a: Tinkaton|Air Balloon
|move|p1a: Moltres|Roost|p1a: Moltres
|-heal|p1a: Moltres|100/100 tox
|-singleturn|p1a: Moltres|move: Roost
|
|-damage|p1a: Moltres|82/100 tox|[from] psn
|upkeep
|turn|5
|
|t:|1779687695
|move|p2a: Tinkaton|Stealth Rock|p1a: Moltres
|-sidestart|p1: Trans Marill|move: Stealth Rock
|move|p1a: Moltres|Heat Wave|p2a: Tinkaton
|-supereffective|p2a: Tinkaton
|-damage|p2a: Tinkaton|12/100
|-enditem|p2a: Tinkaton|Air Balloon
|
|-damage|p1a: Moltres|58/100 tox|[from] psn
|upkeep
|turn|6
|
|t:|1779687705
|switch|p2a: Pelipper|Pelipper, F|100/100
|-weather|RainDance|[from] ability: Drizzle|[of] p2a: Pelipper
|move|p1a: Moltres|Roost|p1a: Moltres
|-heal|p1a: Moltres|100/100 tox
|-singleturn|p1a: Moltres|move: Roost
|
|-weather|RainDance|[upkeep]
|-damage|p1a: Moltres|70/100 tox|[from] psn
|upkeep
|turn|7
|
|t:|1779687711
|switch|p1a: Espeon|Espeon, M|100/100
|-damage|p1a: Espeon|88/100|[from] Stealth Rock
|move|p2a: Pelipper|Weather Ball|p1a: Espeon
|-damage|p1a: Espeon|26/100
|
|-weather|RainDance|[upkeep]
|upkeep
|turn|8
|
|t:|1779687717
|move|p1a: Espeon|Light Screen|p1a: Espeon
|-sidestart|p1: Trans Marill|move: Light Screen
|move|p2a: Pelipper|Weather Ball|p1a: Espeon
|-crit|p1a: Espeon
|-damage|p1a: Espeon|0 fnt
|faint|p1a: Espeon
|
|-weather|RainDance|[upkeep]
|upkeep
|
|t:|1779687720
|switch|p1a: Goodra|Goodra, M|32/100
|-damage|p1a: Goodra|19/100|[from] Stealth Rock
|turn|9
|
|t:|1779687724
|move|p1a: Goodra|Rest|p1a: Goodra
|-status|p1a: Goodra|slp|[from] move: Rest
|-heal|p1a: Goodra|100/100 slp|[silent]
|move|p2a: Pelipper|Hurricane|p1a: Goodra
|-damage|p1a: Goodra|90/100 slp
|
|-weather|RainDance|[upkeep]
|-activate|p1a: Goodra|ability: Hydration
|-curestatus|p1a: Goodra|slp|[msg]
|upkeep
|turn|10
|
|t:|1779687734
|switch|p2a: Okidogi|Okidogi, M|68/100 brn
|move|p1a: Goodra|Thunder|p2a: Okidogi
|-damage|p2a: Okidogi|43/100 brn
|
|-weather|RainDance|[upkeep]
|-damage|p2a: Okidogi|36/100 brn|[from] brn
|upkeep
|turn|11
|
|t:|1779687744
|-terastallize|p1a: Goodra|Water
|move|p2a: Okidogi|Gunk Shot|p1a: Goodra
|-damage|p1a: Goodra|50/100
|-status|p1a: Goodra|psn
|move|p1a: Goodra|Scald|p2a: Okidogi
|-damage|p2a: Okidogi|0 fnt
|faint|p2a: Okidogi
|
|-weather|RainDance|[upkeep]
|-activate|p1a: Goodra|ability: Hydration
|-curestatus|p1a: Goodra|psn|[msg]
|upkeep
|
|t:|1779687761
|switch|p2a: Tinkaton|Tinkaton, F|12/100
|-ability|p2a: Tinkaton|Mold Breaker
|turn|12
|
|t:|1779687767
|move|p2a: Tinkaton|Gigaton Hammer|p1a: Goodra
|-resisted|p1a: Goodra
|-damage|p1a: Goodra|26/100
|move|p1a: Goodra|Scald|p2a: Tinkaton
|-damage|p2a: Tinkaton|0 fnt
|faint|p2a: Tinkaton
|
|-weather|RainDance|[upkeep]
|upkeep
|
|t:|1779687790
|switch|p2a: Darkrai|Darkrai|100/100
|turn|13
|
|t:|1779687794
|move|p2a: Darkrai|Thunder|p1a: Goodra
|-supereffective|p1a: Goodra
|-damage|p1a: Goodra|0 fnt
|faint|p1a: Goodra
|-damage|p2a: Darkrai|91/100|[from] item: Life Orb
|
|-weather|none
|upkeep
|
|t:|1779687798
|switch|p1a: Snorlax|Snorlax, M|100/100
|-damage|p1a: Snorlax|88/100|[from] Stealth Rock
|turn|14
|
|t:|1779687809
|move|p2a: Darkrai|Focus Blast|p1a: Snorlax
|-supereffective|p1a: Snorlax
|-damage|p1a: Snorlax|62/100
|-damage|p2a: Darkrai|81/100|[from] item: Life Orb
|move|p1a: Snorlax|Curse|p1a: Snorlax
|-unboost|p1a: Snorlax|spe|1
|-boost|p1a: Snorlax|atk|1
|-boost|p1a: Snorlax|def|1
|
|upkeep
|turn|15
|
|t:|1779687816
|switch|p2a: Pelipper|Pelipper, F|100/100
|-weather|RainDance|[from] ability: Drizzle|[of] p2a: Pelipper
|move|p1a: Snorlax|Earthquake|p2a: Pelipper
|-immune|p2a: Pelipper
|
|-weather|RainDance|[upkeep]
|-sideend|p1: Trans Marill|move: Light Screen
|upkeep
|turn|16
|
|t:|1779687820
|move|p2a: Pelipper|Hurricane|p1a: Snorlax
|-damage|p1a: Snorlax|45/100
|move|p1a: Snorlax|Curse|p1a: Snorlax
|-unboost|p1a: Snorlax|spe|1
|-boost|p1a: Snorlax|atk|1
|-boost|p1a: Snorlax|def|1
|
|-weather|RainDance|[upkeep]
|upkeep
|turn|17
|
|t:|1779687836
|move|p2a: Pelipper|Hurricane|p1a: Snorlax
|-damage|p1a: Snorlax|29/100
|move|p1a: Snorlax|Rest|p1a: Snorlax
|-status|p1a: Snorlax|slp|[from] move: Rest
|-heal|p1a: Snorlax|100/100 slp|[silent]
|
|-weather|RainDance|[upkeep]
|upkeep
|turn|18
|
|t:|1779687847
|move|p2a: Pelipper|U-turn|p1a: Snorlax
|-damage|p1a: Snorlax|96/100 slp
|
|t:|1779687851
|switch|p2a: Basculegion|Basculegion-F, F|100/100|[from] U-turn
|cant|p1a: Snorlax|slp
|
|-weather|RainDance|[upkeep]
|upkeep
|turn|19
|
|t:|1779687870
|move|p2a: Basculegion|Hydro Pump|p1a: Snorlax
|-damage|p1a: Snorlax|55/100 slp
|cant|p1a: Snorlax|slp
|
|-weather|RainDance|[upkeep]
|upkeep
|turn|20
|
|t:|1779687874
|move|p2a: Basculegion|Hydro Pump|p1a: Snorlax
|-damage|p1a: Snorlax|13/100 slp
|-curestatus|p1a: Snorlax|slp|[msg]
|move|p1a: Snorlax|Crunch|p2a: Basculegion
|-supereffective|p2a: Basculegion
|-damage|p2a: Basculegion|0 fnt
|faint|p2a: Basculegion
|
|-weather|RainDance|[upkeep]
|upkeep
|
|t:|1779687880
|switch|p2a: Darkrai|Darkrai|81/100
|turn|21
|
|t:|1779687884
|move|p2a: Darkrai|Thunder|p1a: Snorlax
|-damage|p1a: Snorlax|0 fnt
|faint|p1a: Snorlax
|-damage|p2a: Darkrai|71/100|[from] item: Life Orb
|
|-weather|RainDance|[upkeep]
|upkeep
|
|t:|1779687887
|switch|p1a: Clodsire|Clodsire, M|100/100
|-damage|p1a: Clodsire|94/100|[from] Stealth Rock
|turn|22
|inactive|oinkolog has 120 seconds left.
|
|t:|1779687933
|move|p2a: Darkrai|Ice Beam|p1a: Clodsire
|-supereffective|p1a: Clodsire
|-damage|p1a: Clodsire|35/100
|-damage|p2a: Darkrai|61/100|[from] item: Life Orb
|move|p1a: Clodsire|Stealth Rock|p2a: Darkrai
|-sidestart|p2: oinkolog|move: Stealth Rock
|
|-weather|none
|-heal|p1a: Clodsire|42/100|[from] item: Leftovers
|upkeep
|turn|23
|
|t:|1779687947
|move|p2a: Darkrai|Ice Beam|p1a: Clodsire
|-supereffective|p1a: Clodsire
|-damage|p1a: Clodsire|0 fnt
|faint|p1a: Clodsire
|-damage|p2a: Darkrai|51/100|[from] item: Life Orb
|
|upkeep
|
|t:|1779687949
|switch|p1a: Corviknight|Corviknight, F|100/100
|-damage|p1a: Corviknight|88/100|[from] Stealth Rock
|turn|24
|
|t:|1779687956
|-terastallize|p2a: Darkrai|Ghost
|move|p2a: Darkrai|Ice Beam|p1a: Corviknight
|-damage|p1a: Corviknight|61/100
|-damage|p2a: Darkrai|41/100|[from] item: Life Orb
|move|p1a: Corviknight|Agility|p1a: Corviknight
|-boost|p1a: Corviknight|spe|2
|
|upkeep
|turn|25
|inactive|oinkolog has 120 seconds left.
|
|t:|1779687964
|move|p2a: Darkrai|Thunder|p1a: Corviknight|[miss]
|-miss|p2a: Darkrai|p1a: Corviknight
|move|p1a: Corviknight|Roost|p1a: Corviknight
|-heal|p1a: Corviknight|100/100
|-singleturn|p1a: Corviknight|move: Roost
|
|upkeep
|turn|26
|
|t:|1779687966
|move|p2a: Darkrai|Thunder|p1a: Corviknight
|-supereffective|p1a: Corviknight
|-damage|p1a: Corviknight|24/100
|-status|p1a: Corviknight|par
|-enditem|p1a: Corviknight|Weakness Policy
|-boost|p1a: Corviknight|atk|2|[from] item: Weakness Policy
|-boost|p1a: Corviknight|spa|2|[from] item: Weakness Policy
|-damage|p2a: Darkrai|31/100|[from] item: Life Orb
|move|p1a: Corviknight|Agility|p1a: Corviknight
|-boost|p1a: Corviknight|spe|2
|
|upkeep
|turn|27
|
|t:|1779687971
|move|p2a: Darkrai|Dark Pulse|p1a: Corviknight
|-damage|p1a: Corviknight|0 fnt
|faint|p1a: Corviknight
|-damage|p2a: Darkrai|21/100|[from] item: Life Orb
|
|upkeep
|-message|Trans Marill forfeited.
|
|win|oinkolog
|raw|Trans Marill's rating: 1327 &rarr; <strong>1307</strong><br />(-20 for losing)
|raw|oinkolog's rating: 1325 &rarr; <strong>1345</strong><br />(+20 for winning)
|l|☆Trans Marill
|player|p1|
|c|☆oinkolog|gg
|l|☆oinkolog
|player|p2|
