|inactive|Battle timer is ON: inactive players will automatically lose when time's up.
|t:|1779567181
|gametype|singles
|player|p1|Skyiew|#wcop2026brazil2|
|player|p2|ticktackplayz|102|
|gen|9
|tier|[Gen 9] OU
|rule|HP Percentage Mod: HP is shown in percentages
|rule|Endless Battle Clause: Forcing endless battles is banned
|rule|Species Clause: Limit one of each Pokémon
|rule|OHKO Clause: OHKO moves are banned
|rule|Evasion Items Clause: Evasion items are banned
|rule|Evasion Moves Clause: Evasion moves are banned
|rule|Evasion Abilities Clause: Evasion abilities are banned
|rule|Sleep Moves Clause: Sleep-inducing moves are banned
|clearpoke
|poke|p1|Ting-Lu|
|poke|p1|Sinistcha|
|poke|p1|Dragonite, F|
|poke|p1|Gliscor, F|
|poke|p1|Gholdengo|
|poke|p1|Keldeo-Resolute|
|poke|p2|Pecharunt|
|poke|p2|Hoopa-Unbound|
|poke|p2|Great Tusk|
|poke|p2|Dragonite, F|
|poke|p2|Deoxys-Speed|
|poke|p2|Kingambit, M|
|teampreview
|c|☆ticktackplayz|hf
|inactive|Skyiew has 270 seconds left.
|inactive|ticktackplayz has 270 seconds left.
|
|t:|1779567217
|teamsize|p1|6
|teamsize|p2|6
|start
|switch|p1a: Gholdengo|Gholdengo|100/100
|switch|p2a: Deoxys|Deoxys-Speed, shiny|100/100
|-ability|p2a: Deoxys|Pressure
|turn|1
|
|t:|1779567221
|switch|p2a: Hoopa|Hoopa-Unbound|100/100
|move|p1a: Gholdengo|Shadow Ball|p2a: Hoopa
|-damage|p2a: Hoopa|81/100
|-unboost|p2a: Hoopa|spd|1
|
|upkeep
|turn|2
|
|t:|1779567226
|switch|p1a: Ting-Lu|Ting-Lu|100/100
|-ability|p1a: Ting-Lu|Vessel of Ruin
|move|p2a: Hoopa|Knock Off|p1a: Ting-Lu
|-resisted|p1a: Ting-Lu
|-damage|p1a: Ting-Lu|86/100
|-enditem|p1a: Ting-Lu|Leftovers|[from] move: Knock Off|[of] p2a: Hoopa
|
|upkeep
|turn|3
|
|t:|1779567253
|move|p2a: Hoopa|Drain Punch|p1a: Ting-Lu
|-supereffective|p1a: Ting-Lu
|-damage|p1a: Ting-Lu|59/100
|-heal|p2a: Hoopa|99/100|[from] drain|[of] p1a: Ting-Lu
|move|p1a: Ting-Lu|Stealth Rock|p2a: Hoopa
|-sidestart|p2: ticktackplayz|move: Stealth Rock
|
|upkeep
|turn|4
|
|t:|1779567260
|switch|p2a: Great Tusk|Great Tusk, shiny|100/100
|-damage|p2a: Great Tusk|98/100|[from] Stealth Rock
|switch|p1a: Keldeo|Keldeo-Resolute|100/100
|
|upkeep
|turn|5
|inactive|ticktackplayz has 270 seconds left.
|
|t:|1779567296
|-end|p2a: Great Tusk|Protosynthesis|[silent]
|switch|p2a: Deoxys|Deoxys-Speed, shiny|100/100
|-ability|p2a: Deoxys|Pressure
|move|p1a: Keldeo|Surf|p2a: Deoxys
|-damage|p2a: Deoxys|32/100
|
|upkeep
|turn|6
|
|t:|1779567302
|switch|p1a: Ting-Lu|Ting-Lu|59/100
|-ability|p1a: Ting-Lu|Vessel of Ruin
|move|p2a: Deoxys|Ice Beam|p1a: Ting-Lu
|-supereffective|p1a: Ting-Lu
|-damage|p1a: Ting-Lu|36/100
|
|upkeep
|turn|7
|inactive|ticktackplayz has 270 seconds left.
|
|t:|1779567308
|move|p2a: Deoxys|Ice Beam|p1a: Ting-Lu
|-supereffective|p1a: Ting-Lu
|-damage|p1a: Ting-Lu|14/100
|move|p1a: Ting-Lu|Spikes|p2a: Deoxys
|-sidestart|p2: ticktackplayz|Spikes
|
|upkeep
|turn|8
|
|t:|1779567314
|switch|p1a: Gholdengo|Gholdengo|100/100
|move|p2a: Deoxys|Ice Beam|p1a: Gholdengo
|-resisted|p1a: Gholdengo
|-damage|p1a: Gholdengo|85/100
|
|upkeep
|turn|9
|
|t:|1779567324
|switch|p2a: Kingambit|Kingambit, M|100/100
|-damage|p2a: Kingambit|94/100|[from] Stealth Rock
|-damage|p2a: Kingambit|82/100|[from] Spikes
|move|p1a: Gholdengo|Shadow Ball|p2a: Kingambit
|-resisted|p2a: Kingambit
|-damage|p2a: Kingambit|60/100
|
|upkeep
|turn|10
|
|t:|1779567329
|switch|p1a: Keldeo|Keldeo-Resolute|100/100
|move|p2a: Kingambit|Swords Dance|p2a: Kingambit
|-boost|p2a: Kingambit|atk|2
|
|upkeep
|turn|11
|
|t:|1779567336
|-end|p2a: Kingambit|fallenundefined|[silent]
|switch|p2a: Pecharunt|Pecharunt|100/100
|move|p1a: Keldeo|Secret Sword|p2a: Pecharunt
|-immune|p2a: Pecharunt
|
|upkeep
|turn|12
|
|t:|1779567346
|move|p1a: Keldeo|Flip Turn|p2a: Pecharunt
|-damage|p2a: Pecharunt|92/100
|
|t:|1779567347
|switch|p1a: Gliscor|Gliscor, F|100/100|[from] Flip Turn
|move|p2a: Pecharunt|Nasty Plot|p2a: Pecharunt
|-boost|p2a: Pecharunt|spa|2
|
|-status|p1a: Gliscor|tox|[from] item: Toxic Orb
|upkeep
|turn|13
|
|t:|1779567356
|move|p2a: Pecharunt|Nasty Plot|p2a: Pecharunt
|-boost|p2a: Pecharunt|spa|2
|move|p1a: Gliscor|Knock Off|p2a: Pecharunt
|-supereffective|p2a: Pecharunt
|-damage|p2a: Pecharunt|66/100
|-enditem|p2a: Pecharunt|Heavy-Duty Boots|[from] move: Knock Off|[of] p1a: Gliscor
|
|upkeep
|turn|14
|
|t:|1779567360
|switch|p1a: Ting-Lu|Ting-Lu|14/100
|-ability|p1a: Ting-Lu|Vessel of Ruin
|move|p2a: Pecharunt|Shadow Ball|p1a: Ting-Lu
|-resisted|p1a: Ting-Lu
|-damage|p1a: Ting-Lu|0 fnt
|faint|p1a: Ting-Lu
|
|upkeep
|
|t:|1779567362
|switch|p1a: Gholdengo|Gholdengo|85/100
|turn|15
|inactive|ticktackplayz has 270 seconds left.
|
|t:|1779567398
|move|p1a: Gholdengo|Shadow Ball|p2a: Pecharunt
|-supereffective|p2a: Pecharunt
|-damage|p2a: Pecharunt|0 fnt
|faint|p2a: Pecharunt
|
|upkeep
|
|t:|1779567400
|switch|p2a: Hoopa|Hoopa-Unbound|99/100
|-damage|p2a: Hoopa|88/100|[from] Stealth Rock
|-damage|p2a: Hoopa|75/100|[from] Spikes
|turn|16
|
|t:|1779567413
|switch|p1a: Gliscor|Gliscor, F|100/100 tox
|move|p2a: Hoopa|Psychic Noise|p1a: Gliscor
|-damage|p1a: Gliscor|59/100 tox
|-start|p1a: Gliscor|move: Heal Block
|
|upkeep
|turn|17
|inactive|ticktackplayz has 270 seconds left.
|
|t:|1779567433
|switch|p2a: Great Tusk|Great Tusk, shiny|98/100
|-damage|p2a: Great Tusk|95/100|[from] Stealth Rock
|-damage|p2a: Great Tusk|82/100|[from] Spikes
|move|p1a: Gliscor|Knock Off|p2a: Great Tusk
|-resisted|p2a: Great Tusk
|-damage|p2a: Great Tusk|76/100
|-damage|p1a: Gliscor|43/100 tox|[from] item: Rocky Helmet|[of] p2a: Great Tusk
|-enditem|p2a: Great Tusk|Rocky Helmet|[from] move: Knock Off|[of] p1a: Gliscor
|
|-end|p1a: Gliscor|move: Heal Block
|upkeep
|turn|18
|
|t:|1779567436
|move|p1a: Gliscor|Protect|p1a: Gliscor
|-singleturn|p1a: Gliscor|Protect
|move|p2a: Great Tusk|Stealth Rock|p1a: Gliscor
|-sidestart|p1: Skyiew|move: Stealth Rock
|
|-heal|p1a: Gliscor|55/100 tox|[from] ability: Poison Heal
|upkeep
|turn|19
|
|t:|1779567439
|switch|p1a: Gholdengo|Gholdengo|85/100
|-damage|p1a: Gholdengo|79/100|[from] Stealth Rock
|move|p2a: Great Tusk|Ice Spinner|p1a: Gholdengo
|-resisted|p1a: Gholdengo
|-damage|p1a: Gholdengo|66/100
|
|upkeep
|turn|20
|
|t:|1779567445
|-terastallize|p2a: Great Tusk|Water
|move|p1a: Gholdengo|Make It Rain|p2a: Great Tusk
|-resisted|p2a: Great Tusk
|-damage|p2a: Great Tusk|34/100
|-unboost|p1a: Gholdengo|spa|1
|move|p2a: Great Tusk|Headlong Rush|p1a: Gholdengo
|-supereffective|p1a: Gholdengo
|-damage|p1a: Gholdengo|0 fnt
|-unboost|p2a: Great Tusk|def|1
|-unboost|p2a: Great Tusk|spd|1
|faint|p1a: Gholdengo
|
|upkeep
|inactive|Skyiew has 270 seconds left.
|
|t:|1779567477
|switch|p1a: Keldeo|Keldeo-Resolute|100/100
|turn|21
|
|t:|1779567483
|move|p1a: Keldeo|Surf|p2a: Great Tusk
|-resisted|p2a: Great Tusk
|-damage|p2a: Great Tusk|0 fnt
|faint|p2a: Great Tusk
|-end|p2a: Great Tusk|Protosynthesis|[silent]
|
|upkeep
|
|t:|1779567494
|switch|p2a: Deoxys|Deoxys-Speed, shiny|32/100
|-ability|p2a: Deoxys|Pressure
|turn|22
|
|t:|1779567500
|switch|p1a: Gliscor|Gliscor, F|55/100 tox
|-damage|p1a: Gliscor|43/100 tox|[from] Stealth Rock
|move|p2a: Deoxys|Psycho Boost|p1a: Gliscor
|-damage|p1a: Gliscor|0 fnt
|-unboost|p2a: Deoxys|spa|2
|faint|p1a: Gliscor
|
|upkeep
|
|t:|1779567501
|switch|p1a: Dragonite|Dragonite, F|100/100
|turn|23
|
|t:|1779567511
|switch|p2a: Dragonite|Dragonite, F, shiny|100/100
|-damage|p2a: Dragonite|76/100|[from] Stealth Rock
|move|p1a: Dragonite|Dragon Dance|p1a: Dragonite
|-boost|p1a: Dragonite|atk|1
|-boost|p1a: Dragonite|spe|1
|
|upkeep
|turn|24
|
|t:|1779567516
|-terastallize|p1a: Dragonite|Normal
|move|p1a: Dragonite|Extreme Speed|p2a: Dragonite
|-damage|p2a: Dragonite|4/100
|move|p2a: Dragonite|Scale Shot|p1a: Dragonite
|-damage|p1a: Dragonite|93/100
|-damage|p1a: Dragonite|80/100
|-damage|p1a: Dragonite|66/100
|-damage|p1a: Dragonite|53/100
|-damage|p1a: Dragonite|40/100
|-hitcount|p1a: Dragonite|5
|-unboost|p2a: Dragonite|def|1
|-boost|p2a: Dragonite|spe|1
|
|upkeep
|turn|25
|
|t:|1779567528
|move|p1a: Dragonite|Extreme Speed|p2a: Dragonite
|-damage|p2a: Dragonite|0 fnt
|faint|p2a: Dragonite
|
|upkeep
|
|t:|1779567534
|switch|p2a: Kingambit|Kingambit, M|60/100
|-damage|p2a: Kingambit|54/100|[from] Stealth Rock
|-damage|p2a: Kingambit|41/100|[from] Spikes
|-activate|p2a: Kingambit|ability: Supreme Overlord
|-start|p2a: Kingambit|fallen3|[silent]
|turn|26
|
|t:|1779567552
|move|p2a: Kingambit|Sucker Punch||[still]
|-fail|p2a: Kingambit
|move|p1a: Dragonite|Roost|p1a: Dragonite
|-heal|p1a: Dragonite|91/100
|
|upkeep
|turn|27
|
|t:|1779567557
|move|p2a: Kingambit|Sucker Punch|p1a: Dragonite
|-damage|p1a: Dragonite|33/100
|move|p1a: Dragonite|Earthquake|p2a: Kingambit
|-supereffective|p2a: Kingambit
|-damage|p2a: Kingambit|0 fnt
|faint|p2a: Kingambit
|-end|p2a: Kingambit|fallen3|[silent]
|
|upkeep
|
|t:|1779567562
|switch|p2a: Hoopa|Hoopa-Unbound|75/100
|-damage|p2a: Hoopa|63/100|[from] Stealth Rock
|-damage|p2a: Hoopa|51/100|[from] Spikes
|turn|28
|inactive|ticktackplayz disconnected and has 300 seconds to reconnect!
|player|p2|
|inactive|Skyiew has 270 seconds left.
|inactive|ticktackplayz has 270 seconds to reconnect!
|inactive|ticktackplayz reconnected and has 300 seconds left.
|player|p2|ticktackplayz|102|
|
|t:|1779567602
|move|p1a: Dragonite|Extreme Speed|p2a: Hoopa
|-damage|p2a: Hoopa|0 fnt
|faint|p2a: Hoopa
|
|upkeep
|
|t:|1779567604
|switch|p2a: Deoxys|Deoxys-Speed, shiny|32/100
|-ability|p2a: Deoxys|Pressure
|turn|29
|
|t:|1779567610
|move|p1a: Dragonite|Extreme Speed|p2a: Deoxys
|-damage|p2a: Deoxys|0 fnt
|faint|p2a: Deoxys
|
|win|Skyiew
