|j|☆p$ychopath
|j|☆BugCatcherWeevil
|t:|1779608994
|gametype|singles
|player|p1|p$ychopath|psychic-lgpe|1616
|player|p2|BugCatcherWeevil|102|1609
|gen|9
|tier|[Gen 9] OU
|rated|
|rule|HP Percentage Mod: HP is shown in percentages
|rule|Endless Battle Clause: Forcing endless battles is banned
|rule|Species Clause: Limit one of each Pokémon
|rule|OHKO Clause: OHKO moves are banned
|rule|Evasion Items Clause: Evasion items are banned
|rule|Evasion Moves Clause: Evasion moves are banned
|rule|Evasion Abilities Clause: Evasion abilities are banned
|rule|Sleep Moves Clause: Sleep-inducing moves are banned
|clearpoke
|poke|p1|Sandy Shocks|
|poke|p1|Iron Moth|
|poke|p1|Iron Valiant|
|poke|p1|Raging Bolt|
|poke|p1|Great Tusk|
|poke|p1|Iron Jugulis|
|poke|p2|Ninetales, M|
|poke|p2|Slither Wing|
|poke|p2|Fezandipiti, M|
|poke|p2|Great Tusk|
|poke|p2|Dragapult, M|
|poke|p2|Raging Bolt|
|teampreview
|inactive|Battle timer is ON: inactive players will automatically lose when time's up. (requested by p$ychopath)
|inactive|p$ychopath has 120 seconds left.
|inactive|BugCatcherWeevil has 120 seconds left.
|j| ForeverLeo
|inactive|BugCatcherWeevil has 90 seconds left.
|
|t:|1779609065
|teamsize|p1|6
|teamsize|p2|6
|start
|switch|p1a: Iron Mugulis|Iron Jugulis|100/100
|switch|p2a: Slither Wing|Slither Wing|100/100
|-enditem|p1a: Iron Mugulis|Booster Energy
|-activate|p1a: Iron Mugulis|ability: Quark Drive|[fromitem]
|-start|p1a: Iron Mugulis|quarkdrivespe
|turn|1
|
|t:|1779609082
|-terastallize|p2a: Slither Wing|Fire
|move|p1a: Iron Mugulis|Hurricane|p2a: Slither Wing|[miss]
|-miss|p1a: Iron Mugulis|p2a: Slither Wing
|move|p2a: Slither Wing|U-turn|p1a: Iron Mugulis
|-damage|p1a: Iron Mugulis|28/100
|
|t:|1779609095
|-end|p2a: Slither Wing|Protosynthesis|[silent]
|switch|p2a: Ninetales|Ninetales, M|100/100|[from] U-turn
|-weather|SunnyDay|[from] ability: Drought|[of] p2a: Ninetales
|
|-weather|SunnyDay|[upkeep]
|upkeep
|turn|2
|
|t:|1779609098
|move|p1a: Iron Mugulis|Earth Power|p2a: Ninetales
|-supereffective|p2a: Ninetales
|-damage|p2a: Ninetales|46/100
|move|p2a: Ninetales|Weather Ball|p1a: Iron Mugulis
|-crit|p1a: Iron Mugulis
|-damage|p1a: Iron Mugulis|0 fnt
|faint|p1a: Iron Mugulis
|-end|p1a: Iron Mugulis|Quark Drive|[silent]
|
|-weather|SunnyDay|[upkeep]
|upkeep
|
|t:|1779609101
|switch|p1a: Sandy Shocks|Sandy Shocks|100/100
|-activate|p1a: Sandy Shocks|ability: Protosynthesis
|-start|p1a: Sandy Shocks|protosynthesisspe
|turn|3
|l| ForeverLeo
|
|t:|1779609123
|move|p1a: Sandy Shocks|Stealth Rock|p2a: Ninetales
|-sidestart|p2: BugCatcherWeevil|move: Stealth Rock
|move|p2a: Ninetales|Weather Ball|p1a: Sandy Shocks
|-damage|p1a: Sandy Shocks|47/100
|
|-weather|SunnyDay|[upkeep]
|upkeep
|turn|4
|
|t:|1779609134
|move|p1a: Sandy Shocks|Earth Power|p2a: Ninetales
|-supereffective|p2a: Ninetales
|-damage|p2a: Ninetales|0 fnt
|faint|p2a: Ninetales
|
|-weather|SunnyDay|[upkeep]
|upkeep
|
|t:|1779609135
|switch|p2a: Slither Wing|Slither Wing, tera:Fire|100/100
|-damage|p2a: Slither Wing|76/100|[from] Stealth Rock
|-activate|p2a: Slither Wing|ability: Protosynthesis
|-start|p2a: Slither Wing|protosynthesisatk
|turn|5
|
|t:|1779609140
|move|p2a: Slither Wing|First Impression|p1a: Sandy Shocks
|-damage|p1a: Sandy Shocks|0 fnt
|faint|p1a: Sandy Shocks
|-end|p1a: Sandy Shocks|Protosynthesis|[silent]
|
|-weather|SunnyDay|[upkeep]
|upkeep
|
|t:|1779609149
|switch|p1a: Iron Moth|Iron Moth|100/100
|-enditem|p1a: Iron Moth|Booster Energy
|-activate|p1a: Iron Moth|ability: Quark Drive|[fromitem]
|-start|p1a: Iron Moth|quarkdrivespe
|turn|6
|
|t:|1779609158
|-end|p2a: Slither Wing|Protosynthesis|[silent]
|switch|p2a: Raging Bolt|Raging Bolt|100/100
|-damage|p2a: Raging Bolt|88/100|[from] Stealth Rock
|-activate|p2a: Raging Bolt|ability: Protosynthesis
|-start|p2a: Raging Bolt|protosynthesisspa
|move|p1a: Iron Moth|Fiery Dance|p2a: Raging Bolt
|-resisted|p2a: Raging Bolt
|-damage|p2a: Raging Bolt|63/100
|-boost|p1a: Iron Moth|spa|1
|
|-weather|SunnyDay|[upkeep]
|upkeep
|turn|7
|
|t:|1779609177
|move|p2a: Raging Bolt|Thunderclap|p1a: Iron Moth
|-damage|p1a: Iron Moth|14/100
|move|p1a: Iron Moth|Fiery Dance|p2a: Raging Bolt
|-resisted|p2a: Raging Bolt
|-damage|p2a: Raging Bolt|21/100
|
|-weather|SunnyDay|[upkeep]
|upkeep
|turn|8
|
|t:|1779609184
|move|p2a: Raging Bolt|Thunderclap||[still]
|-fail|p2a: Raging Bolt
|move|p1a: Iron Moth|Substitute|p1a: Iron Moth
|-fail|p1a: Iron Moth|move: Substitute|[weak]
|
|-weather|none
|-end|p2a: Raging Bolt|Protosynthesis
|upkeep
|turn|9
|
|t:|1779609190
|move|p2a: Raging Bolt|Thunderclap|p1a: Iron Moth
|-damage|p1a: Iron Moth|0 fnt
|faint|p1a: Iron Moth
|-end|p1a: Iron Moth|Quark Drive|[silent]
|
|upkeep
|
|t:|1779609200
|switch|p1a: Great Tusk|Great Tusk|100/100
|-enditem|p1a: Great Tusk|Booster Energy
|-activate|p1a: Great Tusk|ability: Protosynthesis|[fromitem]
|-start|p1a: Great Tusk|protosynthesisspe
|turn|10
|
|t:|1779609214
|-end|p2a: Raging Bolt|Protosynthesis|[silent]
|switch|p2a: Great Tusk|Great Tusk|100/100
|move|p1a: Great Tusk|Ice Spinner|p2a: Great Tusk
|-supereffective|p2a: Great Tusk
|-damage|p2a: Great Tusk|69/100
|
|upkeep
|turn|11
|
|t:|1779609220
|move|p1a: Great Tusk|Bulk Up|p1a: Great Tusk
|-boost|p1a: Great Tusk|atk|1
|-boost|p1a: Great Tusk|def|1
|move|p2a: Great Tusk|Rapid Spin|p1a: Great Tusk
|-damage|p1a: Great Tusk|92/100
|-boost|p2a: Great Tusk|spe|1
|-sideend|p2: BugCatcherWeevil|Stealth Rock|[from] move: Rapid Spin|[of] p2a: Great Tusk
|
|upkeep
|turn|12
|
|t:|1779609241
|move|p1a: Great Tusk|Bulk Up|p1a: Great Tusk
|-boost|p1a: Great Tusk|atk|1
|-boost|p1a: Great Tusk|def|1
|move|p2a: Great Tusk|Headlong Rush|p1a: Great Tusk
|-crit|p1a: Great Tusk
|-damage|p1a: Great Tusk|23/100
|-unboost|p2a: Great Tusk|def|1
|-unboost|p2a: Great Tusk|spd|1
|
|upkeep
|turn|13
|
|t:|1779609249
|-end|p2a: Great Tusk|Protosynthesis|[silent]
|switch|p2a: Raging Bolt|Raging Bolt|21/100
|move|p1a: Great Tusk|Ice Spinner|p2a: Raging Bolt
|-supereffective|p2a: Raging Bolt
|-damage|p2a: Raging Bolt|0 fnt
|faint|p2a: Raging Bolt
|-end|p2a: Raging Bolt|Protosynthesis|[silent]
|
|upkeep
|c|☆p$ychopath|alright
|j| choispecs ironmoth
|j| Concept Everything
|
|t:|1779609257
|switch|p2a: Great Tusk|Great Tusk|69/100
|turn|14
|
|t:|1779609263
|move|p1a: Great Tusk|Ice Spinner|p2a: Great Tusk
|-supereffective|p2a: Great Tusk
|-damage|p2a: Great Tusk|13/100
|move|p2a: Great Tusk|Headlong Rush|p1a: Great Tusk
|-damage|p1a: Great Tusk|2/100
|-unboost|p2a: Great Tusk|def|1
|-unboost|p2a: Great Tusk|spd|1
|
|upkeep
|turn|15
|
|t:|1779609271
|move|p1a: Great Tusk|Rapid Spin|p2a: Great Tusk
|-crit|p2a: Great Tusk
|-damage|p2a: Great Tusk|0 fnt
|-boost|p1a: Great Tusk|spe|1
|faint|p2a: Great Tusk
|-end|p2a: Great Tusk|Protosynthesis|[silent]
|
|upkeep
|
|t:|1779609276
|switch|p2a: Slither Wing|Slither Wing, tera:Fire|76/100
|turn|16
|
|t:|1779609288
|move|p2a: Slither Wing|First Impression|p1a: Great Tusk
|-resisted|p1a: Great Tusk
|-damage|p1a: Great Tusk|0 fnt
|faint|p1a: Great Tusk
|-end|p1a: Great Tusk|Protosynthesis|[silent]
|
|upkeep
|
|t:|1779609295
|switch|p1a: Raging Bolt|Raging Bolt|100/100
|-enditem|p1a: Raging Bolt|Booster Energy
|-activate|p1a: Raging Bolt|ability: Protosynthesis|[fromitem]
|-start|p1a: Raging Bolt|protosynthesisspa
|turn|17
|c|☆p$ychopath|lucky monkey
|
|t:|1779609304
|-end|p2a: Slither Wing|Protosynthesis|[silent]
|switch|p2a: Dragapult|Dragapult, M|100/100
|move|p1a: Raging Bolt|Calm Mind|p1a: Raging Bolt
|-boost|p1a: Raging Bolt|spa|1
|-boost|p1a: Raging Bolt|spd|1
|
|upkeep
|turn|18
|
|t:|1779609318
|-terastallize|p1a: Raging Bolt|Fairy
|move|p2a: Dragapult|Dragon Darts|p1a: Raging Bolt
|-immune|p1a: Raging Bolt
|move|p1a: Raging Bolt|Calm Mind|p1a: Raging Bolt
|-boost|p1a: Raging Bolt|spa|1
|-boost|p1a: Raging Bolt|spd|1
|
|upkeep
|turn|19
|
|t:|1779609327
|move|p2a: Dragapult|Shadow Ball|p1a: Raging Bolt
|-damage|p1a: Raging Bolt|77/100
|-damage|p2a: Dragapult|91/100|[from] item: Life Orb
|move|p1a: Raging Bolt|Thunderbolt|p2a: Dragapult
|-resisted|p2a: Dragapult
|-damage|p2a: Dragapult|0 fnt
|faint|p2a: Dragapult
|
|upkeep
|
|t:|1779609340
|switch|p2a: Slither Wing|Slither Wing, tera:Fire|76/100
|turn|20
|
|t:|1779609345
|move|p1a: Raging Bolt|Thunderclap|p2a: Slither Wing
|-damage|p2a: Slither Wing|0 fnt
|faint|p2a: Slither Wing
|-end|p2a: Slither Wing|Protosynthesis|[silent]
|
|upkeep
|
|t:|1779609348
|switch|p2a: Fezandipiti|Fezandipiti, M|100/100
|turn|21
|c|☆p$ychopath|and you still lose lmaooooooooo
|
|t:|1779609354
|move|p2a: Fezandipiti|Play Rough|p1a: Raging Bolt
|-damage|p1a: Raging Bolt|48/100
|move|p1a: Raging Bolt|Thunderbolt|p2a: Fezandipiti
|-damage|p2a: Fezandipiti|14/100
|
|upkeep
|turn|22
|-message|BugCatcherWeevil forfeited.
|
|win|p$ychopath
|raw|p$ychopath's rating: 1616 &rarr; <strong>1636</strong><br />(+20 for winning)
|raw|BugCatcherWeevil's rating: 1609 &rarr; <strong>1589</strong><br />(-20 for losing)
|l|☆BugCatcherWeevil
|player|p2|
