|j|☆Lks4Real
|j|☆ILikedogchomp
|t:|1779642768
|gametype|singles
|player|p1|Lks4Real|pokekid|1111
|player|p2|ILikedogchomp|169|1084
|gen|9
|tier|[Gen 9] OU
|rated|
|rule|HP Percentage Mod: HP is shown in percentages
|rule|Endless Battle Clause: Forcing endless battles is banned
|rule|Species Clause: Limit one of each Pokémon
|rule|OHKO Clause: OHKO moves are banned
|rule|Evasion Items Clause: Evasion items are banned
|rule|Evasion Moves Clause: Evasion moves are banned
|rule|Evasion Abilities Clause: Evasion abilities are banned
|rule|Sleep Moves Clause: Sleep-inducing moves are banned
|clearpoke
|poke|p1|Kyurem|
|poke|p1|Typhlosion-Hisui, F|
|poke|p1|Hatterene, F|
|poke|p1|Iron Jugulis|
|poke|p1|Florges-Orange, F|
|poke|p1|Krookodile, F|
|poke|p2|Garchomp, M|
|poke|p2|Empoleon, F|
|poke|p2|Hippowdon, F|
|poke|p2|Gardevoir, F|
|poke|p2|Corviknight, F|
|poke|p2|Infernape, M|
|teampreview
|inactive|Battle timer is ON: inactive players will automatically lose when time's up. (requested by ILikedogchomp)
|
|t:|1779642782
|teamsize|p1|6
|teamsize|p2|6
|start
|switch|p1a: Florges|Florges-Orange, F|100/100
|switch|p2a: Infernape|Infernape, M|100/100
|turn|1
|
|t:|1779642788
|move|p2a: Infernape|Fake Out|p1a: Florges
|-damage|p1a: Florges|88/100
|cant|p1a: Florges|flinch
|
|-heal|p1a: Florges|94/100|[from] item: Leftovers
|upkeep
|turn|2
|
|t:|1779642795
|move|p2a: Infernape|Stealth Rock|p1a: Florges
|-sidestart|p1: Lks4Real|move: Stealth Rock
|move|p1a: Florges|Calm Mind|p1a: Florges
|-boost|p1a: Florges|spa|1
|-boost|p1a: Florges|spd|1
|
|-heal|p1a: Florges|100/100|[from] item: Leftovers
|upkeep
|turn|3
|
|t:|1779642800
|move|p2a: Infernape|U-turn|p1a: Florges
|-resisted|p1a: Florges
|-damage|p1a: Florges|90/100
|
|t:|1779642801
|switch|p2a: Hippowdon|Hippowdon, F|100/100|[from] U-turn
|-weather|Sandstorm|[from] ability: Sand Stream|[of] p2a: Hippowdon
|move|p1a: Florges|Moonblast|p2a: Hippowdon
|-damage|p2a: Hippowdon|57/100
|-unboost|p2a: Hippowdon|spa|1
|
|-weather|Sandstorm|[upkeep]
|-damage|p1a: Florges|84/100|[from] Sandstorm
|-heal|p1a: Florges|90/100|[from] item: Leftovers
|-heal|p2a: Hippowdon|63/100|[from] item: Leftovers
|upkeep
|turn|4
|
|t:|1779642812
|-terastallize|p1a: Florges|Grass
|move|p1a: Florges|Giga Drain|p2a: Hippowdon
|-supereffective|p2a: Hippowdon
|-damage|p2a: Hippowdon|0 fnt
|-heal|p1a: Florges|100/100|[from] drain|[of] p2a: Hippowdon
|faint|p2a: Hippowdon
|
|-weather|Sandstorm|[upkeep]
|-damage|p1a: Florges|94/100|[from] Sandstorm
|-heal|p1a: Florges|100/100|[from] item: Leftovers
|upkeep
|
|t:|1779642819
|switch|p2a: Gardevoir|Gardevoir, F|100/100
|turn|5
|
|t:|1779642823
|move|p2a: Gardevoir|Mystical Fire|p1a: Florges
|-supereffective|p1a: Florges
|-damage|p1a: Florges|77/100
|move|p1a: Florges|Calm Mind|p1a: Florges
|-boost|p1a: Florges|spa|1
|-boost|p1a: Florges|spd|1
|
|-weather|Sandstorm|[upkeep]
|-damage|p2a: Gardevoir|94/100|[from] Sandstorm
|-damage|p1a: Florges|71/100|[from] Sandstorm
|-heal|p1a: Florges|77/100|[from] item: Leftovers
|upkeep
|turn|6
|
|t:|1779642829
|switch|p2a: Corviknight|Corviknight, F, shiny|100/100
|move|p1a: Florges|Calm Mind|p1a: Florges
|-boost|p1a: Florges|spa|1
|-boost|p1a: Florges|spd|1
|
|-weather|Sandstorm|[upkeep]
|-damage|p1a: Florges|71/100|[from] Sandstorm
|-heal|p1a: Florges|77/100|[from] item: Leftovers
|upkeep
|turn|7
|
|t:|1779642834
|move|p1a: Florges|Moonblast|p2a: Corviknight
|-resisted|p2a: Corviknight
|-damage|p2a: Corviknight|64/100
|-ability|p2a: Corviknight|Mirror Armor
|-block|p1a: Florges|ability: Flower Veil|[of] p1a: Florges
|move|p2a: Corviknight|Iron Head|p1a: Florges
|-damage|p1a: Florges|55/100
|
|-weather|none
|-heal|p1a: Florges|61/100|[from] item: Leftovers
|upkeep
|turn|8
|
|t:|1779642846
|move|p1a: Florges|Moonblast|p2a: Corviknight
|-resisted|p2a: Corviknight
|-damage|p2a: Corviknight|30/100
|move|p2a: Corviknight|Roost|p2a: Corviknight
|-heal|p2a: Corviknight|80/100
|-singleturn|p2a: Corviknight|move: Roost
|
|-heal|p1a: Florges|67/100|[from] item: Leftovers
|upkeep
|turn|9
|
|t:|1779642851
|move|p1a: Florges|Calm Mind|p1a: Florges
|-boost|p1a: Florges|spa|1
|-boost|p1a: Florges|spd|1
|move|p2a: Corviknight|Iron Head|p1a: Florges
|-damage|p1a: Florges|45/100
|
|-heal|p1a: Florges|52/100|[from] item: Leftovers
|upkeep
|turn|10
|
|t:|1779642860
|move|p1a: Florges|Synthesis|p1a: Florges
|-heal|p1a: Florges|100/100
|move|p2a: Corviknight|Iron Head|p1a: Florges
|-damage|p1a: Florges|77/100
|
|-heal|p1a: Florges|83/100|[from] item: Leftovers
|upkeep
|turn|11
|
|t:|1779642872
|move|p1a: Florges|Calm Mind|p1a: Florges
|-boost|p1a: Florges|spa|1
|-boost|p1a: Florges|spd|1
|move|p2a: Corviknight|U-turn|p1a: Florges
|-supereffective|p1a: Florges
|-damage|p1a: Florges|55/100
|
|t:|1779642877
|switch|p2a: Infernape|Infernape, M|100/100|[from] U-turn
|
|-heal|p1a: Florges|62/100|[from] item: Leftovers
|upkeep
|turn|12
|
|t:|1779642883
|move|p2a: Infernape|Close Combat|p1a: Florges
|-damage|p1a: Florges|13/100
|-unboost|p2a: Infernape|def|1
|-unboost|p2a: Infernape|spd|1
|move|p1a: Florges|Moonblast|p2a: Infernape
|-enditem|p2a: Infernape|Focus Sash
|-damage|p2a: Infernape|1/100
|
|-heal|p1a: Florges|19/100|[from] item: Leftovers
|upkeep
|turn|13
|
|t:|1779642888
|move|p2a: Infernape|Close Combat|p1a: Florges
|-damage|p1a: Florges|0 fnt
|-unboost|p2a: Infernape|def|1
|-unboost|p2a: Infernape|spd|1
|faint|p1a: Florges
|
|upkeep
|
|t:|1779642891
|switch|p1a: Krookodile|Krookodile, F|100/100
|-damage|p1a: Krookodile|94/100|[from] Stealth Rock
|turn|14
|
|t:|1779642899
|switch|p2a: Corviknight|Corviknight, F, shiny|80/100
|move|p1a: Krookodile|Stone Edge|p2a: Corviknight
|-damage|p2a: Corviknight|55/100
|
|upkeep
|turn|15
|
|t:|1779642907
|move|p1a: Krookodile|Stone Edge|p2a: Corviknight
|-damage|p2a: Corviknight|30/100
|move|p2a: Corviknight|Roost|p2a: Corviknight
|-heal|p2a: Corviknight|80/100
|-singleturn|p2a: Corviknight|move: Roost
|
|upkeep
|turn|16
|
|t:|1779642912
|move|p1a: Krookodile|Stone Edge|p2a: Corviknight|[miss]
|-miss|p1a: Krookodile|p2a: Corviknight
|move|p2a: Corviknight|Roost|p2a: Corviknight
|-heal|p2a: Corviknight|100/100
|-singleturn|p2a: Corviknight|move: Roost
|
|upkeep
|turn|17
|
|t:|1779642916
|switch|p1a: Kyurem|Kyurem|100/100
|-damage|p1a: Kyurem|76/100|[from] Stealth Rock
|-ability|p1a: Kyurem|Pressure
|move|p2a: Corviknight|U-turn|p1a: Kyurem
|-damage|p1a: Kyurem|61/100
|
|t:|1779642919
|switch|p2a: Empoleon|Empoleon, F, shiny|100/100|[from] U-turn
|
|upkeep
|turn|18
|
|t:|1779642926
|move|p1a: Kyurem|Earth Power|p2a: Empoleon
|-supereffective|p2a: Empoleon
|-enditem|p2a: Empoleon|Shuca Berry|[eat]
|-enditem|p2a: Empoleon|Shuca Berry|[weaken]
|-damage|p2a: Empoleon|71/100
|move|p2a: Empoleon|Agility|p2a: Empoleon
|-boost|p2a: Empoleon|spe|2
|
|upkeep
|turn|19
|
|t:|1779642932
|move|p2a: Empoleon|Flash Cannon|p1a: Kyurem
|-supereffective|p1a: Kyurem
|-damage|p1a: Kyurem|0 fnt
|faint|p1a: Kyurem
|
|upkeep
|
|t:|1779642935
|switch|p1a: Krookodile|Krookodile, F|94/100
|-damage|p1a: Krookodile|88/100|[from] Stealth Rock
|turn|20
|
|t:|1779642941
|move|p1a: Krookodile|Earthquake|p2a: Empoleon
|-supereffective|p2a: Empoleon
|-damage|p2a: Empoleon|0 fnt
|faint|p2a: Empoleon
|-ability|p1a: Krookodile|Moxie|boost
|-boost|p1a: Krookodile|atk|1
|
|upkeep
|
|t:|1779642952
|switch|p2a: Garchomp|Garchomp, M|100/100
|turn|21
|
|t:|1779642957
|move|p1a: Krookodile|Earthquake|p2a: Garchomp
|-damage|p2a: Garchomp|23/100
|move|p2a: Garchomp|Liquidation|p1a: Krookodile
|-supereffective|p1a: Krookodile
|-damage|p1a: Krookodile|0 fnt
|faint|p1a: Krookodile
|-damage|p2a: Garchomp|13/100|[from] item: Life Orb
|
|upkeep
|
|t:|1779642966
|switch|p1a: Typhlosion|Typhlosion-Hisui, F|100/100
|-damage|p1a: Typhlosion|76/100|[from] Stealth Rock
|turn|22
|
|t:|1779642973
|move|p1a: Typhlosion|Infernal Parade|p2a: Garchomp
|-damage|p2a: Garchomp|0 fnt
|faint|p2a: Garchomp
|
|upkeep
|
|t:|1779642985
|switch|p2a: Gardevoir|Gardevoir, F|94/100
|turn|23
|
|t:|1779642993
|move|p1a: Typhlosion|Infernal Parade|p2a: Gardevoir
|-supereffective|p2a: Gardevoir
|-damage|p2a: Gardevoir|33/100
|move|p2a: Gardevoir|Psyshock|p1a: Typhlosion
|-damage|p1a: Typhlosion|16/100
|
|upkeep
|turn|24
|
|t:|1779643001
|switch|p2a: Corviknight|Corviknight, F, shiny|100/100
|move|p1a: Typhlosion|Infernal Parade|p2a: Corviknight
|-damage|p2a: Corviknight|77/100
|-status|p2a: Corviknight|brn
|
|-damage|p2a: Corviknight|71/100 brn|[from] brn
|upkeep
|turn|25
|
|t:|1779643009
|move|p1a: Typhlosion|Infernal Parade|p2a: Corviknight
|-damage|p2a: Corviknight|26/100 brn
|move|p2a: Corviknight|Iron Head|p1a: Typhlosion
|-resisted|p1a: Typhlosion
|-damage|p1a: Typhlosion|6/100
|
|-damage|p2a: Corviknight|20/100 brn|[from] brn
|upkeep
|turn|26
|
|t:|1779643012
|move|p1a: Typhlosion|Infernal Parade|p2a: Corviknight
|-damage|p2a: Corviknight|0 fnt
|faint|p2a: Corviknight
|
|upkeep
|
|t:|1779643019
|switch|p2a: Infernape|Infernape, M|1/100
|turn|27
|
|t:|1779643022
|move|p1a: Typhlosion|Infernal Parade|p2a: Infernape
|-damage|p2a: Infernape|0 fnt
|faint|p2a: Infernape
|
|upkeep
|
|t:|1779643023
|switch|p2a: Gardevoir|Gardevoir, F|33/100
|turn|28
|
|t:|1779643029
|move|p1a: Typhlosion|Infernal Parade|p2a: Gardevoir
|-supereffective|p2a: Gardevoir
|-damage|p2a: Gardevoir|0 fnt
|faint|p2a: Gardevoir
|
|win|Lks4Real
|raw|Lks4Real's rating: 1111 &rarr; <strong>1134</strong><br />(+23 for winning)
|raw|ILikedogchomp's rating: 1084 &rarr; <strong>1063</strong><br />(-21 for losing)
|l|☆ILikedogchomp
|player|p2|
|l|☆Lks4Real
|player|p1|
