|j|☆Hashhtag1
|j|☆SparkyBoomBoomBoiY
|t:|1779605439
|gametype|singles
|player|p1|Hashhtag1|emmet|1103
|player|p2|SparkyBoomBoomBoiY|marlon|1062
|gen|9
|tier|[Gen 9] OU
|rated|
|rule|HP Percentage Mod: HP is shown in percentages
|rule|Endless Battle Clause: Forcing endless battles is banned
|rule|Species Clause: Limit one of each Pokémon
|rule|OHKO Clause: OHKO moves are banned
|rule|Evasion Items Clause: Evasion items are banned
|rule|Evasion Moves Clause: Evasion moves are banned
|rule|Evasion Abilities Clause: Evasion abilities are banned
|rule|Sleep Moves Clause: Sleep-inducing moves are banned
|clearpoke
|poke|p1|Dragapult, F|
|poke|p1|Probopass, M|
|poke|p1|Enamorus, F|
|poke|p1|Ribombee, F|
|poke|p1|Iron Moth|
|poke|p1|Iron Crown|
|poke|p2|Tornadus-Therian, M|
|poke|p2|Tsareena, F|
|poke|p2|Cramorant, F|
|poke|p2|Cryogonal|
|poke|p2|Grafaiai, F|
|poke|p2|Dragapult, M|
|teampreview
|inactive|Battle timer is ON: inactive players will automatically lose when time's up. (requested by Hashhtag1)
|
|t:|1779605454
|teamsize|p1|6
|teamsize|p2|6
|start
|switch|p1a: Ribombee|Ribombee, F|100/100
|switch|p2a: Grafaiai|Grafaiai, F|100/100
|turn|1
|
|t:|1779605460
|move|p2a: Grafaiai|Taunt|p1a: Ribombee
|-start|p1a: Ribombee|move: Taunt
|cant|p1a: Ribombee|move: Taunt|Sticky Web
|
|upkeep
|turn|2
|
|t:|1779605465
|move|p2a: Grafaiai|Toxic|p1a: Ribombee
|-status|p1a: Ribombee|tox
|move|p1a: Ribombee|Moonblast|p2a: Grafaiai
|-resisted|p2a: Grafaiai
|-damage|p2a: Grafaiai|74/100
|
|-heal|p2a: Grafaiai|80/100|[from] item: Black Sludge
|-damage|p1a: Ribombee|94/100 tox|[from] psn
|upkeep
|turn|3
|
|t:|1779605487
|move|p2a: Grafaiai|Protect|p2a: Grafaiai
|-singleturn|p2a: Grafaiai|Protect
|move|p1a: Ribombee|Moonblast|p2a: Grafaiai
|-activate|p2a: Grafaiai|move: Protect
|
|-heal|p2a: Grafaiai|87/100|[from] item: Black Sludge
|-damage|p1a: Ribombee|82/100 tox|[from] psn
|-end|p1a: Ribombee|move: Taunt
|upkeep
|turn|4
|
|t:|1779605499
|switch|p1a: Iron Crown|Iron Crown|100/100
|move|p2a: Grafaiai|Taunt|p1a: Iron Crown
|-start|p1a: Iron Crown|move: Taunt
|
|-heal|p2a: Grafaiai|93/100|[from] item: Black Sludge
|upkeep
|turn|5
|
|t:|1779605511
|move|p2a: Grafaiai|Switcheroo|p1a: Iron Crown
|-activate|p2a: Grafaiai|move: Trick|[of] p1a: Iron Crown
|-item|p1a: Iron Crown|Black Sludge|[from] move: Switcheroo
|-item|p2a: Grafaiai|Choice Specs|[from] move: Switcheroo
|move|p1a: Iron Crown|Tachyon Cutter|p2a: Grafaiai
|-damage|p2a: Grafaiai|63/100
|-damage|p2a: Grafaiai|34/100
|-hitcount|p2a: Grafaiai|2
|
|-damage|p1a: Iron Crown|88/100|[from] item: Black Sludge
|upkeep
|turn|6
|
|t:|1779605525
|move|p2a: Grafaiai|Protect|p2a: Grafaiai
|-singleturn|p2a: Grafaiai|Protect
|move|p1a: Iron Crown|Volt Switch|p2a: Grafaiai
|-activate|p2a: Grafaiai|move: Protect
|
|-damage|p1a: Iron Crown|76/100|[from] item: Black Sludge
|-end|p1a: Iron Crown|move: Taunt
|upkeep
|turn|7
|
|t:|1779605551
|switch|p2a: Tsareena|Tsareena, F|100/100
|move|p1a: Iron Crown|Volt Switch|p2a: Tsareena
|-resisted|p2a: Tsareena
|-damage|p2a: Tsareena|86/100
|
|t:|1779605569
|-end|p1a: Iron Crown|Quark Drive|[silent]
|switch|p1a: Iron Moth|Iron Moth|100/100|[from] Volt Switch
|
|upkeep
|turn|8
|
|t:|1779605583
|move|p2a: Tsareena|Knock Off|p1a: Iron Moth
|-damage|p1a: Iron Moth|43/100
|-enditem|p1a: Iron Moth|Power Herb|[from] move: Knock Off|[of] p2a: Tsareena
|move|p1a: Iron Moth|Fiery Dance|p2a: Tsareena
|-supereffective|p2a: Tsareena
|-damage|p2a: Tsareena|0 fnt
|-boost|p1a: Iron Moth|spa|1
|faint|p2a: Tsareena
|
|upkeep
|inactive|SparkyBoomBoomBoiY has 120 seconds left.
|
|t:|1779605607
|switch|p2a: Dragapult|Dragapult, M|100/100
|turn|9
|
|t:|1779605620
|move|p2a: Dragapult|Psychic Fangs|p1a: Iron Moth
|-supereffective|p1a: Iron Moth
|-damage|p1a: Iron Moth|0 fnt
|faint|p1a: Iron Moth
|-end|p1a: Iron Moth|Quark Drive|[silent]
|
|upkeep
|
|t:|1779605632
|switch|p1a: Ribombee|Ribombee, F|82/100 tox
|turn|10
|inactive|SparkyBoomBoomBoiY has 120 seconds left.
|
|t:|1779605671
|switch|p2a: Guzzler|Cramorant, F|100/100
|move|p1a: Ribombee|Sticky Web|p2a: Guzzler
|-sidestart|p2: SparkyBoomBoomBoiY|move: Sticky Web
|
|-damage|p1a: Ribombee|76/100 tox|[from] psn
|upkeep
|turn|11
|
|t:|1779605681
|move|p1a: Ribombee|Skill Swap|p2a: Guzzler
|-activate|p1a: Ribombee|Skill Swap|Gulp Missile|Shield Dust|[of] p2a: Guzzler
|move|p2a: Guzzler|Surf|p1a: Ribombee
|-damage|p1a: Ribombee|33/100 tox
|
|-damage|p1a: Ribombee|21/100 tox|[from] psn
|upkeep
|turn|12
|
|t:|1779605690
|move|p1a: Ribombee|Moonblast|p2a: Guzzler
|-damage|p2a: Guzzler|54/100
|move|p2a: Guzzler|Surf|p1a: Ribombee
|-damage|p1a: Ribombee|0 fnt
|faint|p1a: Ribombee
|
|-heal|p2a: Guzzler|60/100|[from] item: Leftovers
|upkeep
|c|☆SparkyBoomBoomBoiY|Bro...
|c|☆SparkyBoomBoomBoiY|Give that back
|
|t:|1779605711
|switch|p1a: Iron Crown|Iron Crown|76/100
|turn|13
|inactive|SparkyBoomBoomBoiY has 120 seconds left.
|
|t:|1779605721
|move|p1a: Iron Crown|Volt Switch|p2a: Guzzler
|-supereffective|p2a: Guzzler
|-damage|p2a: Guzzler|0 fnt
|faint|p2a: Guzzler
|l|☆Hashhtag1
|inactive|Hashhtag1 disconnected and has a minute to reconnect!
|player|p1|
|inactive|Hashhtag1 has 30 seconds to reconnect!
|inactive|Hashhtag1 has 20 seconds to reconnect!
|inactive|Hashhtag1 has 15 seconds to reconnect!
|inactive|Hashhtag1 has 10 seconds to reconnect!
|inactive|Hashhtag1 has 5 seconds to reconnect!
|-message|Hashhtag1 lost due to inactivity.
|
|win|SparkyBoomBoomBoiY
|raw|Hashhtag1's rating: 1076 &rarr; <strong>1054</strong><br />(-22 for losing)
|raw|SparkyBoomBoomBoiY's rating: 1062 &rarr; <strong>1094</strong><br />(+32 for winning)
