|j|☆bo552
|j|☆ThiccHavoc
|t:|1779656656
|gametype|singles
|player|p1|bo552|brycenman|1399
|player|p2|ThiccHavoc|biker-gen4|1326
|gen|9
|tier|[Gen 9] OU
|rated|
|rule|HP Percentage Mod: HP is shown in percentages
|rule|Endless Battle Clause: Forcing endless battles is banned
|rule|Species Clause: Limit one of each Pokémon
|rule|OHKO Clause: OHKO moves are banned
|rule|Evasion Items Clause: Evasion items are banned
|rule|Evasion Moves Clause: Evasion moves are banned
|rule|Evasion Abilities Clause: Evasion abilities are banned
|rule|Sleep Moves Clause: Sleep-inducing moves are banned
|clearpoke
|poke|p1|Slowking-Galar, M|
|poke|p1|Landorus-Therian, M|
|poke|p1|Zoroark-Hisui, F|
|poke|p1|Primarina, M|
|poke|p1|Cinderace, M|
|poke|p1|Regieleki|
|poke|p2|Magnezone|
|poke|p2|Moltres|
|poke|p2|Garganacl, F|
|poke|p2|Rillaboom, F|
|poke|p2|Mandibuzz, F|
|poke|p2|Okidogi, M|
|teampreview
|inactive|Battle timer is ON: inactive players will automatically lose when time's up. (requested by ThiccHavoc)
|
|t:|1779656685
|teamsize|p1|6
|teamsize|p2|6
|start
|switch|p1a: Back. Jack.|Slowking-Galar, M|100/100
|switch|p2a: Magnezone|Magnezone|100/100
|turn|1
|
|t:|1779656692
|move|p2a: Magnezone|Flash Cannon|p1a: Back. Jack.
|-damage|p1a: Back. Jack.|76/100
|move|p1a: Back. Jack.|Future Sight|p2a: Magnezone
|-start|p1a: Back. Jack.|move: Future Sight
|
|upkeep
|turn|2
|
|t:|1779656697
|move|p2a: Magnezone|Volt Switch|p1a: Back. Jack.
|-damage|p1a: Back. Jack.|53/100
|
|t:|1779656723
|switch|p2a: Okidogi|Okidogi, M|100/100|[from] Volt Switch
|-prepare|p1a: Back. Jack.|Chilly Reception|[premajor]
|move|p1a: Back. Jack.|Chilly Reception|p1a: Back. Jack.
|-weather|Snowscape
|
|t:|1779656734
|switch|p1a: Do it again.|Landorus-Therian, M|100/100|[from] Chilly Reception
|-ability|p1a: Do it again.|Intimidate|boost
|-unboost|p2a: Okidogi|atk|1
|
|-weather|Snowscape|[upkeep]
|upkeep
|turn|3
|
|t:|1779656741
|switch|p2a: Mandibuzz|Mandibuzz, F|100/100
|move|p1a: Do it again.|U-turn|p2a: Mandibuzz
|-crit|p2a: Mandibuzz
|-damage|p2a: Mandibuzz|83/100
|
|t:|1779656745
|switch|p1a: Round and Round|Regieleki, shiny|100/100|[from] U-turn
|
|-weather|Snowscape|[upkeep]
|-end|p2a: Mandibuzz|move: Future Sight
|-immune|p2a: Mandibuzz
|upkeep
|turn|4
|
|t:|1779656759
|switch|p2a: Rillaboom|Rillaboom, F|100/100
|-fieldstart|move: Grassy Terrain|[from] ability: Grassy Surge|[of] p2a: Rillaboom
|move|p1a: Round and Round|Volt Switch|p2a: Rillaboom
|-resisted|p2a: Rillaboom
|-damage|p2a: Rillaboom|65/100
|
|t:|1779656766
|switch|p1a: Ballin|Cinderace, M|100/100|[from] Volt Switch
|
|-weather|Snowscape|[upkeep]
|-heal|p2a: Rillaboom|71/100|[from] Grassy Terrain
|upkeep
|turn|5
|
|t:|1779656773
|switch|p2a: Moltres|Moltres|100/100
|move|p1a: Ballin|U-turn|p2a: Moltres
|-resisted|p2a: Moltres
|-damage|p2a: Moltres|97/100
|
|t:|1779656780
|switch|p1a: Do it again.|Landorus-Therian, M|100/100|[from] U-turn
|-ability|p1a: Do it again.|Intimidate|boost
|-unboost|p2a: Moltres|atk|1
|
|-weather|Snowscape|[upkeep]
|upkeep
|turn|6
|
|t:|1779656789
|move|p1a: Do it again.|Rock Tomb|p2a: Moltres
|-supereffective|p2a: Moltres
|-damage|p2a: Moltres|36/100
|-unboost|p2a: Moltres|spe|1
|move|p2a: Moltres|U-turn|p1a: Do it again.
|-resisted|p1a: Do it again.
|-damage|p1a: Do it again.|96/100
|-damage|p2a: Moltres|19/100|[from] item: Rocky Helmet|[of] p1a: Do it again.
|
|t:|1779656801
|switch|p2a: Rillaboom|Rillaboom, F|71/100|[from] U-turn
|
|-weather|none
|-heal|p2a: Rillaboom|77/100|[from] Grassy Terrain
|upkeep
|turn|7
|
|t:|1779656807
|move|p1a: Do it again.|U-turn|p2a: Rillaboom
|-supereffective|p2a: Rillaboom
|-damage|p2a: Rillaboom|35/100
|
|t:|1779656811
|switch|p1a: Back. Jack.|Slowking-Galar, M|86/100|[from] U-turn
|move|p2a: Rillaboom|Wood Hammer|p1a: Back. Jack.
|-resisted|p1a: Back. Jack.
|-damage|p1a: Back. Jack.|15/100
|-damage|p2a: Rillaboom|13/100|[from] Recoil
|
|-heal|p2a: Rillaboom|19/100|[from] Grassy Terrain
|-heal|p1a: Back. Jack.|21/100|[from] Grassy Terrain
|upkeep
|turn|8
|
|t:|1779656823
|switch|p1a: Ballin|Cinderace, M|100/100
|move|p2a: Rillaboom|Wood Hammer|p1a: Ballin
|-resisted|p1a: Ballin
|-damage|p1a: Ballin|30/100
|-damage|p2a: Rillaboom|0 fnt|[from] Recoil
|faint|p2a: Rillaboom
|
|-heal|p1a: Ballin|36/100|[from] Grassy Terrain
|-fieldend|move: Grassy Terrain
|upkeep
|
|t:|1779656832
|switch|p2a: Okidogi|Okidogi, M|100/100
|turn|9
|
|t:|1779656843
|move|p1a: Ballin|Will-O-Wisp|p2a: Okidogi
|-status|p2a: Okidogi|brn
|move|p2a: Okidogi|Knock Off|p1a: Ballin
|-damage|p1a: Ballin|16/100
|-enditem|p1a: Ballin|Heavy-Duty Boots|[from] move: Knock Off|[of] p2a: Okidogi
|
|-damage|p2a: Okidogi|94/100 brn|[from] brn
|upkeep
|turn|10
|
|t:|1779656850
|move|p1a: Ballin|U-turn|p2a: Okidogi
|-resisted|p2a: Okidogi
|-damage|p2a: Okidogi|91/100 brn
|
|t:|1779656854
|switch|p1a: Do it again.|Landorus-Therian, M|96/100|[from] U-turn
|-ability|p1a: Do it again.|Intimidate|boost
|-unboost|p2a: Okidogi|atk|1
|move|p2a: Okidogi|Poison Jab|p1a: Do it again.
|-resisted|p1a: Do it again.
|-damage|p1a: Do it again.|89/100
|-damage|p2a: Okidogi|74/100 brn|[from] item: Rocky Helmet|[of] p1a: Do it again.
|
|-damage|p2a: Okidogi|68/100 brn|[from] brn
|upkeep
|turn|11
|
|t:|1779656867
|move|p1a: Do it again.|Earthquake|p2a: Okidogi
|-supereffective|p2a: Okidogi
|-damage|p2a: Okidogi|0 fnt
|faint|p2a: Okidogi
|
|upkeep
|-message|ThiccHavoc forfeited.
|
|win|bo552
|raw|bo552's rating: 1399 &rarr; <strong>1415</strong><br />(+16 for winning)
|raw|ThiccHavoc's rating: 1326 &rarr; <strong>1310</strong><br />(-16 for losing)
|l|☆ThiccHavoc
|player|p2|
