|j|☆claudechamp
|j|☆cheeseguy43
|t:|1779580030
|gametype|singles
|player|p1|claudechamp|101|1269
|player|p2|cheeseguy43|cynthia-gen4|1242
|gen|9
|tier|[Gen 9] OU
|rated|
|rule|HP Percentage Mod: HP is shown in percentages
|rule|Endless Battle Clause: Forcing endless battles is banned
|rule|Species Clause: Limit one of each Pokémon
|rule|OHKO Clause: OHKO moves are banned
|rule|Evasion Items Clause: Evasion items are banned
|rule|Evasion Moves Clause: Evasion moves are banned
|rule|Evasion Abilities Clause: Evasion abilities are banned
|rule|Sleep Moves Clause: Sleep-inducing moves are banned
|clearpoke
|poke|p1|Gliscor, F|
|poke|p1|Ogerpon, F|
|poke|p1|Walking Wake|
|poke|p1|Blissey, F|
|poke|p1|Corviknight, M|
|poke|p1|Pecharunt|
|poke|p2|Hoopa-Unbound|
|poke|p2|Clefable, F|
|poke|p2|Great Tusk|
|poke|p2|Cinderace, F|
|poke|p2|Dragonite, M|
|poke|p2|Slowking-Galar, F|
|teampreview
|inactive|Battle timer is ON: inactive players will automatically lose when time's up. (requested by cheeseguy43)
|c|☆claudechamp|hf
|inactive|claudechamp also wants the timer to be on.
|
|t:|1779580034
|teamsize|p1|6
|teamsize|p2|6
|start
|switch|p1a: Gliscor|Gliscor, F|100/100
|switch|p2a: Cinderace|Cinderace, F|100/100
|turn|1
|
|t:|1779580044
|move|p2a: Cinderace|Will-O-Wisp|p1a: Gliscor
|-status|p1a: Gliscor|brn
|move|p1a: Gliscor|Spikes|p2a: Cinderace
|-sidestart|p2: cheeseguy43|Spikes
|
|-damage|p1a: Gliscor|94/100 brn|[from] brn
|upkeep
|turn|2
|
|t:|1779580049
|move|p2a: Cinderace|U-turn|p1a: Gliscor
|-resisted|p1a: Gliscor
|-damage|p1a: Gliscor|86/100 brn
|
|t:|1779580052
|switch|p2a: Great Tusk|Great Tusk|100/100|[from] U-turn
|move|p1a: Gliscor|Spikes|p2a: Great Tusk
|-sidestart|p2: cheeseguy43|Spikes
|
|-damage|p1a: Gliscor|80/100 brn|[from] brn
|upkeep
|turn|3
|
|t:|1779580059
|switch|p1a: Walking Wake|Walking Wake|100/100
|move|p2a: Great Tusk|Rapid Spin|p1a: Walking Wake
|-damage|p1a: Walking Wake|83/100
|-boost|p2a: Great Tusk|spe|1
|-sideend|p2: cheeseguy43|Spikes|[from] move: Rapid Spin|[of] p2a: Great Tusk
|
|upkeep
|turn|4
|
|t:|1779580067
|-end|p2a: Great Tusk|Protosynthesis|[silent]
|switch|p2a: Clefable|Clefable, F|100/100
|move|p1a: Walking Wake|Surf|p2a: Clefable
|-damage|p2a: Clefable|60/100
|
|-heal|p2a: Clefable|66/100|[from] item: Leftovers
|upkeep
|turn|5
|
|t:|1779580073
|-end|p1a: Walking Wake|Protosynthesis|[silent]
|switch|p1a: Pecharunt|Pecharunt|100/100
|move|p2a: Clefable|Moonlight|p2a: Clefable
|-heal|p2a: Clefable|100/100
|
|upkeep
|turn|6
|
|t:|1779580081
|move|p1a: Pecharunt|Malignant Chain|p2a: Clefable
|-supereffective|p2a: Clefable
|-damage|p2a: Clefable|40/100
|-status|p2a: Clefable|tox
|-start|p2a: Clefable|confusion|[from] ability: Poison Puppeteer|[of] p1a: Pecharunt
|-activate|p2a: Clefable|confusion
|move|p2a: Clefable|Thunder Wave|p1a: Pecharunt|[miss]
|-miss|p2a: Clefable|p1a: Pecharunt
|
|-heal|p2a: Clefable|46/100 tox|[from] item: Leftovers
|upkeep
|turn|7
|
|t:|1779580090
|switch|p2a: Slowking|Slowking-Galar, F|100/100
|move|p1a: Pecharunt|Malignant Chain|p2a: Slowking
|-resisted|p2a: Slowking
|-damage|p2a: Slowking|92/100
|
|upkeep
|turn|8
|
|t:|1779580093
|move|p1a: Pecharunt|Parting Shot|p2a: Slowking
|-unboost|p2a: Slowking|atk|1
|-unboost|p2a: Slowking|spa|1
|
|t:|1779580097
|switch|p1a: Walking Wake|Walking Wake|83/100|[from] Parting Shot
|move|p2a: Slowking|Future Sight|p1a: Walking Wake
|-start|p2a: Slowking|move: Future Sight
|
|upkeep
|turn|9
|
|t:|1779580100
|move|p1a: Walking Wake|Surf|p2a: Slowking
|-damage|p2a: Slowking|64/100
|move|p2a: Slowking|Thunder Wave|p1a: Walking Wake
|-status|p1a: Walking Wake|par
|
|upkeep
|turn|10
|
|t:|1779580105
|move|p1a: Walking Wake|Surf|p2a: Slowking
|-damage|p2a: Slowking|36/100
|-prepare|p2a: Slowking|Chilly Reception|[premajor]
|move|p2a: Slowking|Chilly Reception|p2a: Slowking
|-weather|Snowscape
|
|t:|1779580109
|switch|p2a: Dragonite|Dragonite, M|100/100|[from] Chilly Reception
|
|-weather|Snowscape|[upkeep]
|-end|p1a: Walking Wake|move: Future Sight
|-damage|p1a: Walking Wake|33/100 par
|upkeep
|turn|11
|
|t:|1779580116
|move|p2a: Dragonite|Extreme Speed|p1a: Walking Wake
|-damage|p1a: Walking Wake|2/100 par
|move|p1a: Walking Wake|Surf|p2a: Dragonite
|-resisted|p2a: Dragonite
|-damage|p2a: Dragonite|89/100
|
|-weather|Snowscape|[upkeep]
|upkeep
|turn|12
|
|t:|1779580121
|-end|p1a: Walking Wake|Protosynthesis|[silent]
|switch|p1a: Pecharunt|Pecharunt|100/100
|move|p2a: Dragonite|Extreme Speed|p1a: Pecharunt
|-immune|p1a: Pecharunt
|
|-weather|Snowscape|[upkeep]
|upkeep
|turn|13
|
|t:|1779580126
|move|p2a: Dragonite|Roost|p2a: Dragonite
|-heal|p2a: Dragonite|100/100
|-singleturn|p2a: Dragonite|move: Roost
|move|p1a: Pecharunt|Malignant Chain|p2a: Dragonite
|-damage|p2a: Dragonite|87/100
|-status|p2a: Dragonite|tox
|-start|p2a: Dragonite|confusion|[from] ability: Poison Puppeteer|[of] p1a: Pecharunt
|
|-weather|Snowscape|[upkeep]
|-damage|p2a: Dragonite|81/100 tox|[from] psn
|upkeep
|turn|14
|
|t:|1779580137
|switch|p2a: Slowking|Slowking-Galar, F|70/100
|move|p1a: Pecharunt|Foul Play|p2a: Slowking
|-supereffective|p2a: Slowking
|-damage|p2a: Slowking|40/100
|
|-weather|none
|upkeep
|turn|15
|
|t:|1779580147
|move|p1a: Pecharunt|Foul Play|p2a: Slowking
|-supereffective|p2a: Slowking
|-damage|p2a: Slowking|8/100
|move|p2a: Slowking|Thunder Wave|p1a: Pecharunt
|-status|p1a: Pecharunt|par
|
|upkeep
|turn|16
|
|t:|1779580151
|move|p1a: Pecharunt|Malignant Chain|p2a: Slowking
|-resisted|p2a: Slowking
|-damage|p2a: Slowking|0 fnt
|faint|p2a: Slowking
|
|upkeep
|
|t:|1779580155
|switch|p2a: Great Tusk|Great Tusk|100/100
|turn|17
|
|t:|1779580159
|move|p2a: Great Tusk|Headlong Rush|p1a: Pecharunt
|-supereffective|p1a: Pecharunt
|-damage|p1a: Pecharunt|46/100 par
|-unboost|p2a: Great Tusk|def|1
|-unboost|p2a: Great Tusk|spd|1
|move|p1a: Pecharunt|Malignant Chain|p2a: Great Tusk
|-resisted|p2a: Great Tusk
|-damage|p2a: Great Tusk|62/100
|
|upkeep
|turn|18
|
|t:|1779580166
|switch|p1a: Corviknight|Corviknight, M|100/100
|-ability|p1a: Corviknight|Pressure
|move|p2a: Great Tusk|Headlong Rush|p1a: Corviknight
|-immune|p1a: Corviknight
|
|upkeep
|turn|19
|
|t:|1779580171
|-end|p2a: Great Tusk|Protosynthesis|[silent]
|switch|p2a: Cinderace|Cinderace, F|100/100
|move|p1a: Corviknight|U-turn|p2a: Cinderace
|-resisted|p2a: Cinderace
|-crit|p2a: Cinderace
|-damage|p2a: Cinderace|88/100
|
|t:|1779580178
|switch|p1a: Pecharunt|Pecharunt|46/100 par|[from] U-turn
|
|upkeep
|turn|20
|
|t:|1779580185
|move|p2a: Cinderace|Pyro Ball|p1a: Pecharunt
|-damage|p1a: Pecharunt|23/100 par
|move|p1a: Pecharunt|Malignant Chain|p2a: Cinderace
|-damage|p2a: Cinderace|53/100
|
|upkeep
|turn|21
|
|t:|1779580192
|move|p2a: Cinderace|U-turn|p1a: Pecharunt
|-resisted|p1a: Pecharunt
|-damage|p1a: Pecharunt|20/100 par
|
|t:|1779580194
|switch|p2a: Great Tusk|Great Tusk|62/100|[from] U-turn
|cant|p1a: Pecharunt|par
|
|upkeep
|turn|22
|
|t:|1779580205
|switch|p1a: Corviknight|Corviknight, M|100/100
|-ability|p1a: Corviknight|Pressure
|move|p2a: Great Tusk|Headlong Rush|p1a: Corviknight
|-immune|p1a: Corviknight
|
|upkeep
|turn|23
|
|t:|1779580219
|-end|p2a: Great Tusk|Protosynthesis|[silent]
|switch|p2a: Cinderace|Cinderace, F|53/100
|move|p1a: Corviknight|U-turn|p2a: Cinderace
|-resisted|p2a: Cinderace
|-damage|p2a: Cinderace|44/100
|
|t:|1779580223
|switch|p1a: Ogerpon|Ogerpon, F|100/100|[from] U-turn
|
|upkeep
|turn|24
|
|t:|1779580232
|move|p2a: Cinderace|Will-O-Wisp|p1a: Ogerpon|[miss]
|-miss|p2a: Cinderace|p1a: Ogerpon
|move|p1a: Ogerpon|U-turn|p2a: Cinderace
|-resisted|p2a: Cinderace
|-damage|p2a: Cinderace|30/100
|
|t:|1779580240
|switch|p1a: Blissey|Blissey, F|100/100|[from] U-turn
|
|upkeep
|turn|25
|
|t:|1779580245
|move|p2a: Cinderace|Pyro Ball|p1a: Blissey
|-damage|p1a: Blissey|30/100
|move|p1a: Blissey|Stealth Rock|p2a: Cinderace
|-sidestart|p2: cheeseguy43|move: Stealth Rock
|
|upkeep
|turn|26
|
|t:|1779580255
|switch|p1a: Pecharunt|Pecharunt|20/100 par
|move|p2a: Cinderace|Pyro Ball|p1a: Pecharunt
|-damage|p1a: Pecharunt|0 fnt
|faint|p1a: Pecharunt
|
|upkeep
|
|t:|1779580265
|switch|p1a: Gliscor|Gliscor, F|80/100 brn
|turn|27
|
|t:|1779580270
|move|p2a: Cinderace|U-turn|p1a: Gliscor
|-resisted|p1a: Gliscor
|-damage|p1a: Gliscor|73/100 brn
|
|t:|1779580272
|switch|p2a: Hoopa|Hoopa-Unbound|100/100|[from] U-turn
|-damage|p2a: Hoopa|88/100|[from] Stealth Rock
|move|p1a: Gliscor|Earthquake|p2a: Hoopa
|-damage|p2a: Hoopa|67/100
|
|-damage|p1a: Gliscor|67/100 brn|[from] brn
|upkeep
|turn|28
|
|t:|1779580279
|move|p1a: Gliscor|Toxic|p2a: Hoopa
|-status|p2a: Hoopa|tox
|move|p2a: Hoopa|Knock Off|p1a: Gliscor
|-damage|p1a: Gliscor|29/100 brn
|-enditem|p1a: Gliscor|Toxic Orb|[from] move: Knock Off|[of] p2a: Hoopa
|
|-damage|p2a: Hoopa|60/100 tox|[from] psn
|-damage|p1a: Gliscor|23/100 brn|[from] brn
|upkeep
|turn|29
|
|t:|1779580287
|move|p1a: Gliscor|Earthquake|p2a: Hoopa
|-damage|p2a: Hoopa|36/100 tox
|move|p2a: Hoopa|Psychic Noise|p1a: Gliscor
|-damage|p1a: Gliscor|0 fnt
|faint|p1a: Gliscor
|
|-damage|p2a: Hoopa|24/100 tox|[from] psn
|upkeep
|
|t:|1779580294
|switch|p1a: Corviknight|Corviknight, M|100/100
|-ability|p1a: Corviknight|Pressure
|turn|30
|
|t:|1779580298
|move|p2a: Hoopa|Thunderbolt|p1a: Corviknight
|-supereffective|p1a: Corviknight
|-damage|p1a: Corviknight|27/100
|move|p1a: Corviknight|Body Press|p2a: Hoopa
|-damage|p2a: Hoopa|0 fnt
|faint|p2a: Hoopa
|
|upkeep
|
|t:|1779580305
|switch|p2a: Cinderace|Cinderace, F|30/100
|turn|31
|
|t:|1779580316
|move|p2a: Cinderace|Pyro Ball|p1a: Corviknight
|-supereffective|p1a: Corviknight
|-damage|p1a: Corviknight|0 fnt
|faint|p1a: Corviknight
|
|upkeep
|
|t:|1779580328
|switch|p1a: Blissey|Blissey, F|30/100
|turn|32
|
|t:|1779580339
|move|p2a: Cinderace|Pyro Ball|p1a: Blissey
|-damage|p1a: Blissey|0 fnt
|faint|p1a: Blissey
|
|upkeep
|
|t:|1779580347
|switch|p1a: Ogerpon|Ogerpon, F|100/100
|turn|33
|
|t:|1779580359
|move|p2a: Cinderace|Pyro Ball|p1a: Ogerpon
|-supereffective|p1a: Ogerpon
|-damage|p1a: Ogerpon|0 fnt
|faint|p1a: Ogerpon
|
|upkeep
|
|t:|1779580368
|switch|p1a: Walking Wake|Walking Wake|2/100 par
|turn|34
|
|t:|1779580381
|move|p2a: Cinderace|U-turn|p1a: Walking Wake
|-damage|p1a: Walking Wake|0 fnt
|faint|p1a: Walking Wake
|-end|p1a: Walking Wake|Protosynthesis|[silent]
|
|win|cheeseguy43
|raw|claudechamp's rating: 1297 &rarr; <strong>1268</strong><br />(-29 for losing)
|raw|cheeseguy43's rating: 1242 &rarr; <strong>1271</strong><br />(+29 for winning)
|c|☆claudechamp|gg
