|j|☆Ohhodoge
|j|☆Thederpa1
|t:|1779706032
|gametype|singles
|player|p1|Ohhodoge|266|1499
|player|p2|Thederpa1|swimmer-gen4dp|1523
|gen|9
|tier|[Gen 9] OU
|rated|
|rule|HP Percentage Mod: HP is shown in percentages
|rule|Endless Battle Clause: Forcing endless battles is banned
|rule|Species Clause: Limit one of each Pokémon
|rule|OHKO Clause: OHKO moves are banned
|rule|Evasion Items Clause: Evasion items are banned
|rule|Evasion Moves Clause: Evasion moves are banned
|rule|Evasion Abilities Clause: Evasion abilities are banned
|rule|Sleep Moves Clause: Sleep-inducing moves are banned
|clearpoke
|poke|p1|Great Tusk|
|poke|p1|Hatterene, F|
|poke|p1|Iron Crown|
|poke|p1|Dragonite, M|
|poke|p1|Samurott-Hisui, M|
|poke|p1|Zamazenta-*|
|poke|p2|Tornadus-Therian, M|
|poke|p2|Tyranitar, M|
|poke|p2|Excadrill, M|
|poke|p2|Keldeo-Resolute|
|poke|p2|Hydrapple, M|
|poke|p2|Heatran, M|
|teampreview
|inactive|Battle timer is ON: inactive players will automatically lose when time's up. (requested by Thederpa1)
|
|t:|1779706049
|teamsize|p1|6
|teamsize|p2|6
|start
|switch|p1a: Samurott|Samurott-Hisui, M|100/100
|switch|p2a: Tornadus|Tornadus-Therian, M|100/100
|turn|1
|
|t:|1779706056
|switch|p1a: Hatterene|Hatterene, F|100/100
|move|p2a: Tornadus|U-turn|p1a: Hatterene
|-damage|p1a: Hatterene|88/100
|-damage|p2a: Tornadus|84/100|[from] item: Rocky Helmet|[of] p1a: Hatterene
|
|t:|1779706063
|switch|p2a: Tyranitar|Tyranitar, M|100/100|[from] U-turn
|-weather|Sandstorm|[from] ability: Sand Stream|[of] p2a: Tyranitar
|
|-weather|Sandstorm|[upkeep]
|-damage|p1a: Hatterene|82/100|[from] Sandstorm
|upkeep
|turn|2
|
|t:|1779706067
|switch|p1a: Great Tusk|Great Tusk|100/100
|move|p2a: Tyranitar|Knock Off|p1a: Great Tusk
|-resisted|p1a: Great Tusk
|-damage|p1a: Great Tusk|81/100
|-enditem|p1a: Great Tusk|Heavy-Duty Boots|[from] move: Knock Off|[of] p2a: Tyranitar
|
|-weather|Sandstorm|[upkeep]
|upkeep
|turn|3
|
|t:|1779706075
|switch|p2a: Hydrapple|Hydrapple, M|100/100
|move|p1a: Great Tusk|Stealth Rock|p2a: Hydrapple
|-sidestart|p2: Thederpa1|move: Stealth Rock
|
|-weather|Sandstorm|[upkeep]
|-damage|p2a: Hydrapple|94/100|[from] Sandstorm
|upkeep
|turn|4
|
|t:|1779706083
|-end|p1a: Great Tusk|Protosynthesis|[silent]
|switch|p1a: Hatterene|Hatterene, F|82/100
|move|p2a: Hydrapple|Earth Power|p1a: Hatterene
|-damage|p1a: Hatterene|55/100
|
|-weather|Sandstorm|[upkeep]
|-damage|p2a: Hydrapple|88/100|[from] Sandstorm
|-damage|p1a: Hatterene|49/100|[from] Sandstorm
|upkeep
|turn|5
|
|t:|1779706094
|switch|p1a: Samurott|Samurott-Hisui, M|100/100
|move|p2a: Hydrapple|Giga Drain|p1a: Samurott
|-supereffective|p1a: Samurott
|-damage|p1a: Samurott|59/100
|-heal|p2a: Hydrapple|100/100|[from] drain|[of] p1a: Samurott
|
|-weather|none
|upkeep
|turn|6
|
|t:|1779706111
|move|p1a: Samurott|Knock Off|p2a: Hydrapple
|-damage|p2a: Hydrapple|77/100
|-damage|p1a: Samurott|43/100|[from] item: Rocky Helmet|[of] p2a: Hydrapple
|-enditem|p2a: Hydrapple|Rocky Helmet|[from] move: Knock Off|[of] p1a: Samurott
|move|p2a: Hydrapple|Giga Drain|p1a: Samurott
|-supereffective|p1a: Samurott
|-damage|p1a: Samurott|0 fnt
|-heal|p2a: Hydrapple|97/100|[from] drain|[of] p1a: Samurott
|faint|p1a: Samurott
|
|upkeep
|
|t:|1779706120
|switch|p1a: Dragonite|Dragonite, M|100/100
|turn|7
|
|t:|1779706124
|move|p1a: Dragonite|Encore|p2a: Hydrapple
|-start|p2a: Hydrapple|Encore
|move|p2a: Hydrapple|Giga Drain|p1a: Dragonite
|-resisted|p1a: Dragonite
|-damage|p1a: Dragonite|97/100
|-heal|p2a: Hydrapple|98/100|[from] drain|[of] p1a: Dragonite
|
|upkeep
|turn|8
|
|t:|1779706134
|switch|p2a: Tyranitar|Tyranitar, M|100/100
|-damage|p2a: Tyranitar|88/100|[from] Stealth Rock
|-weather|Sandstorm|[from] ability: Sand Stream|[of] p2a: Tyranitar
|move|p1a: Dragonite|Dragon Dance|p1a: Dragonite
|-boost|p1a: Dragonite|atk|1
|-boost|p1a: Dragonite|spe|1
|
|-weather|Sandstorm|[upkeep]
|-damage|p1a: Dragonite|91/100|[from] Sandstorm
|-heal|p2a: Tyranitar|94/100|[from] item: Leftovers
|upkeep
|turn|9
|
|t:|1779706160
|switch|p1a: Zamazenta|Zamazenta|100/100
|-ability|p1a: Zamazenta|Dauntless Shield|boost
|-boost|p1a: Zamazenta|def|1
|-terastallize|p2a: Tyranitar|Ghost
|move|p2a: Tyranitar|Ice Beam|p1a: Zamazenta
|-damage|p1a: Zamazenta|83/100
|
|-weather|Sandstorm|[upkeep]
|-damage|p1a: Zamazenta|77/100|[from] Sandstorm
|-damage|p2a: Tyranitar|88/100|[from] Sandstorm
|-heal|p1a: Zamazenta|83/100|[from] item: Leftovers
|-heal|p2a: Tyranitar|94/100|[from] item: Leftovers
|upkeep
|turn|10
|
|t:|1779706173
|move|p1a: Zamazenta|Iron Defense|p1a: Zamazenta
|-boost|p1a: Zamazenta|def|2
|move|p2a: Tyranitar|Stealth Rock|p1a: Zamazenta
|-sidestart|p1: Ohhodoge|move: Stealth Rock
|
|-weather|Sandstorm|[upkeep]
|-damage|p1a: Zamazenta|77/100|[from] Sandstorm
|-damage|p2a: Tyranitar|88/100|[from] Sandstorm
|-heal|p1a: Zamazenta|83/100|[from] item: Leftovers
|-heal|p2a: Tyranitar|94/100|[from] item: Leftovers
|upkeep
|turn|11
|
|t:|1779706183
|move|p2a: Tyranitar|Knock Off|p1a: Zamazenta
|-resisted|p1a: Zamazenta
|-damage|p1a: Zamazenta|76/100
|-enditem|p1a: Zamazenta|Leftovers|[from] move: Knock Off|[of] p2a: Tyranitar
|move|p1a: Zamazenta|Roar|p2a: Tyranitar
|drag|p2a: Excadrill|Excadrill, M|100/100
|-damage|p2a: Excadrill|97/100|[from] Stealth Rock
|-item|p2a: Excadrill|Air Balloon
|
|-weather|Sandstorm|[upkeep]
|-damage|p1a: Zamazenta|70/100|[from] Sandstorm
|upkeep
|turn|12
|
|t:|1779706195
|switch|p2a: Hydrapple|Hydrapple, M|100/100
|-damage|p2a: Hydrapple|88/100|[from] Stealth Rock
|move|p1a: Zamazenta|Crunch|p2a: Hydrapple
|-damage|p2a: Hydrapple|75/100
|-unboost|p2a: Hydrapple|def|1
|
|-weather|none
|upkeep
|turn|13
|
|t:|1779706203
|switch|p2a: Tyranitar|Tyranitar, M, tera:Ghost|94/100
|-damage|p2a: Tyranitar|82/100|[from] Stealth Rock
|-weather|Sandstorm|[from] ability: Sand Stream|[of] p2a: Tyranitar
|move|p1a: Zamazenta|Body Press|p2a: Tyranitar
|-immune|p2a: Tyranitar
|
|-weather|Sandstorm|[upkeep]
|-damage|p1a: Zamazenta|64/100|[from] Sandstorm
|-damage|p2a: Tyranitar|76/100|[from] Sandstorm
|-heal|p2a: Tyranitar|82/100|[from] item: Leftovers
|upkeep
|turn|14
|
|t:|1779706212
|switch|p1a: Great Tusk|Great Tusk|81/100
|-damage|p1a: Great Tusk|78/100|[from] Stealth Rock
|move|p2a: Tyranitar|Ice Beam|p1a: Great Tusk
|-supereffective|p1a: Great Tusk
|-damage|p1a: Great Tusk|19/100
|
|-weather|Sandstorm|[upkeep]
|-damage|p2a: Tyranitar|76/100|[from] Sandstorm
|-heal|p2a: Tyranitar|82/100|[from] item: Leftovers
|upkeep
|turn|15
|
|t:|1779706224
|switch|p2a: Tornadus|Tornadus-Therian, M|100/100
|move|p1a: Great Tusk|Ice Spinner|p2a: Tornadus
|-supereffective|p2a: Tornadus
|-crit|p2a: Tornadus
|-damage|p2a: Tornadus|0 fnt
|faint|p2a: Tornadus
|
|-weather|Sandstorm|[upkeep]
|upkeep
|
|t:|1779706231
|switch|p2a: Excadrill|Excadrill, M|97/100
|-damage|p2a: Excadrill|94/100|[from] Stealth Rock
|-item|p2a: Excadrill|Air Balloon
|turn|16
|
|t:|1779706239
|move|p2a: Excadrill|Rapid Spin|p1a: Great Tusk
|-damage|p1a: Great Tusk|5/100
|-boost|p2a: Excadrill|spe|1
|-sideend|p2: Thederpa1|Stealth Rock|[from] move: Rapid Spin|[of] p2a: Excadrill
|move|p1a: Great Tusk|Rapid Spin|p2a: Excadrill
|-resisted|p2a: Excadrill
|-damage|p2a: Excadrill|81/100
|-boost|p1a: Great Tusk|spe|1
|-enditem|p2a: Excadrill|Air Balloon
|-sideend|p1: Ohhodoge|Stealth Rock|[from] move: Rapid Spin|[of] p1a: Great Tusk
|
|-weather|Sandstorm|[upkeep]
|upkeep
|turn|17
|
|t:|1779706260
|-end|p1a: Great Tusk|Protosynthesis|[silent]
|switch|p1a: Zamazenta|Zamazenta|64/100
|move|p2a: Excadrill|Rapid Spin|p1a: Zamazenta
|-damage|p1a: Zamazenta|50/100
|-boost|p2a: Excadrill|spe|1
|
|-weather|none
|upkeep
|turn|18
|
|t:|1779706271
|move|p2a: Excadrill|Earthquake|p1a: Zamazenta
|-crit|p1a: Zamazenta
|-damage|p1a: Zamazenta|0 fnt
|faint|p1a: Zamazenta
|
|upkeep
|
|t:|1779706278
|switch|p1a: Dragonite|Dragonite, M|91/100
|turn|19
|
|t:|1779706292
|switch|p2a: Tyranitar|Tyranitar, M, tera:Ghost|82/100
|-weather|Sandstorm|[from] ability: Sand Stream|[of] p2a: Tyranitar
|move|p1a: Dragonite|Dragon Dance|p1a: Dragonite
|-boost|p1a: Dragonite|atk|1
|-boost|p1a: Dragonite|spe|1
|
|-weather|Sandstorm|[upkeep]
|-damage|p1a: Dragonite|84/100|[from] Sandstorm
|-damage|p2a: Tyranitar|76/100|[from] Sandstorm
|-heal|p2a: Tyranitar|82/100|[from] item: Leftovers
|upkeep
|turn|20
|
|t:|1779706302
|-terastallize|p1a: Dragonite|Fire
|move|p1a: Dragonite|Dragon Dance|p1a: Dragonite
|-boost|p1a: Dragonite|atk|1
|-boost|p1a: Dragonite|spe|1
|move|p2a: Tyranitar|Ice Beam|p1a: Dragonite
|-resisted|p1a: Dragonite
|-damage|p1a: Dragonite|73/100
|
|-weather|Sandstorm|[upkeep]
|-damage|p1a: Dragonite|67/100|[from] Sandstorm
|-damage|p2a: Tyranitar|76/100|[from] Sandstorm
|-heal|p2a: Tyranitar|82/100|[from] item: Leftovers
|upkeep
|turn|21
|
|t:|1779706311
|move|p1a: Dragonite|Encore|p2a: Tyranitar
|-start|p2a: Tyranitar|Encore
|move|p2a: Tyranitar|Ice Beam|p1a: Dragonite
|-resisted|p1a: Dragonite
|-damage|p1a: Dragonite|57/100
|
|-weather|Sandstorm|[upkeep]
|-damage|p1a: Dragonite|50/100|[from] Sandstorm
|-damage|p2a: Tyranitar|76/100|[from] Sandstorm
|-heal|p2a: Tyranitar|82/100|[from] item: Leftovers
|upkeep
|turn|22
|
|t:|1779706315
|switch|p2a: Hydrapple|Hydrapple, M|100/100
|move|p1a: Dragonite|Dragon Dance|p1a: Dragonite
|-boost|p1a: Dragonite|atk|1
|-boost|p1a: Dragonite|spe|1
|
|-weather|Sandstorm|[upkeep]
|-damage|p1a: Dragonite|44/100|[from] Sandstorm
|-damage|p2a: Hydrapple|94/100|[from] Sandstorm
|upkeep
|turn|23
|
|t:|1779706322
|move|p1a: Dragonite|Scale Shot|p2a: Hydrapple
|-supereffective|p2a: Hydrapple
|-damage|p2a: Hydrapple|54/100
|-supereffective|p2a: Hydrapple
|-damage|p2a: Hydrapple|9/100
|-supereffective|p2a: Hydrapple
|-damage|p2a: Hydrapple|0 fnt
|faint|p2a: Hydrapple
|-hitcount|p2: Hydrapple|3
|-unboost|p1a: Dragonite|def|1
|-boost|p1a: Dragonite|spe|1
|
|-weather|none
|upkeep
|
|t:|1779706328
|switch|p2a: Tyranitar|Tyranitar, M, tera:Ghost|82/100
|-weather|Sandstorm|[from] ability: Sand Stream|[of] p2a: Tyranitar
|turn|24
|
|t:|1779706346
|move|p1a: Dragonite|Scale Shot|p2a: Tyranitar|[miss]
|-miss|p1a: Dragonite|p2a: Tyranitar
|move|p2a: Tyranitar|Knock Off|p1a: Dragonite
|-damage|p1a: Dragonite|0 fnt
|-enditem|p1a: Dragonite|Loaded Dice|[from] move: Knock Off|[of] p2a: Tyranitar
|faint|p1a: Dragonite
|
|-weather|Sandstorm|[upkeep]
|-damage|p2a: Tyranitar|76/100|[from] Sandstorm
|-heal|p2a: Tyranitar|82/100|[from] item: Leftovers
|upkeep
|
|t:|1779706356
|switch|p1a: Hatterene|Hatterene, F|49/100
|turn|25
|
|t:|1779706359
|move|p2a: Tyranitar|Knock Off|p1a: Hatterene
|-damage|p1a: Hatterene|3/100
|-damage|p2a: Tyranitar|65/100|[from] item: Rocky Helmet|[of] p1a: Hatterene
|-enditem|p1a: Hatterene|Rocky Helmet|[from] move: Knock Off|[of] p2a: Tyranitar
|move|p1a: Hatterene|Pain Split|p2a: Tyranitar
|-sethp|p2a: Tyranitar|34/100|[from] move: Pain Split|[silent]
|-sethp|p1a: Hatterene|43/100|[from] move: Pain Split
|
|-weather|Sandstorm|[upkeep]
|-damage|p2a: Tyranitar|28/100|[from] Sandstorm
|-damage|p1a: Hatterene|37/100|[from] Sandstorm
|-heal|p2a: Tyranitar|34/100|[from] item: Leftovers
|upkeep
|turn|26
|
|t:|1779706370
|switch|p2a: Heatran|Heatran, M|100/100
|move|p1a: Hatterene|Draining Kiss|p2a: Heatran
|-resisted|p2a: Heatran
|-damage|p2a: Heatran|97/100
|-heal|p1a: Hatterene|40/100|[from] drain|[of] p2a: Heatran
|-status|p1a: Hatterene|brn|[from] ability: Flame Body|[of] p2a: Heatran
|
|-weather|Sandstorm|[upkeep]
|-damage|p1a: Hatterene|34/100 brn|[from] Sandstorm
|-heal|p2a: Heatran|100/100|[from] item: Leftovers
|-damage|p1a: Hatterene|28/100 brn|[from] brn
|upkeep
|turn|27
|
|t:|1779706378
|move|p2a: Heatran|Magma Storm|p1a: Hatterene
|-damage|p1a: Hatterene|0 fnt
|faint|p1a: Hatterene
|
|-weather|Sandstorm|[upkeep]
|upkeep
|
|t:|1779706383
|switch|p1a: Great Tusk|Great Tusk|5/100
|turn|28
|
|t:|1779706389
|switch|p2a: Keldeo|Keldeo-Resolute|100/100
|move|p1a: Great Tusk|Headlong Rush|p2a: Keldeo
|-damage|p2a: Keldeo|22/100
|-unboost|p1a: Great Tusk|def|1
|-unboost|p1a: Great Tusk|spd|1
|
|-weather|none
|upkeep
|turn|29
|
|t:|1779706398
|move|p2a: Keldeo|Flip Turn|p1a: Great Tusk
|-supereffective|p1a: Great Tusk
|-damage|p1a: Great Tusk|0 fnt
|faint|p1a: Great Tusk
|-end|p1a: Great Tusk|Protosynthesis|[silent]
|
|t:|1779706403
|switch|p2a: Tyranitar|Tyranitar, M, tera:Ghost|34/100|[from] Flip Turn
|-weather|Sandstorm|[from] ability: Sand Stream|[of] p2a: Tyranitar
|
|-weather|Sandstorm|[upkeep]
|-damage|p2a: Tyranitar|28/100|[from] Sandstorm
|-heal|p2a: Tyranitar|34/100|[from] item: Leftovers
|upkeep
|
|t:|1779706405
|switch|p1a: Iron Crown|Iron Crown|100/100
|turn|30
|
|t:|1779706419
|move|p1a: Iron Crown|Tachyon Cutter|p2a: Tyranitar
|-damage|p2a: Tyranitar|6/100
|-crit|p2a: Tyranitar
|-damage|p2a: Tyranitar|0 fnt
|faint|p2a: Tyranitar
|-hitcount|p2: Tyranitar|2
|
|-weather|Sandstorm|[upkeep]
|upkeep
|
|t:|1779706422
|switch|p2a: Excadrill|Excadrill, M|81/100
|turn|31
|
|t:|1779706424
|move|p2a: Excadrill|Earthquake|p1a: Iron Crown
|-supereffective|p1a: Iron Crown
|-damage|p1a: Iron Crown|0 fnt
|faint|p1a: Iron Crown
|-end|p1a: Iron Crown|Quark Drive|[silent]
|
|win|Thederpa1
|raw|Ohhodoge's rating: 1499 &rarr; <strong>1480</strong><br />(-19 for losing)
|raw|Thederpa1's rating: 1523 &rarr; <strong>1542</strong><br />(+19 for winning)
|l|☆Ohhodoge
|player|p1|
|l|☆Thederpa1
|player|p2|
