|j|☆mansonabuluting
|j|☆isaac_gam3r
|t:|1779664570
|gametype|singles
|player|p1|mansonabuluting|bellelba|1774
|player|p2|isaac_gam3r|acetrainer-gen4dp|1744
|gen|9
|tier|[Gen 9] OU
|rated|
|rule|HP Percentage Mod: HP is shown in percentages
|rule|Endless Battle Clause: Forcing endless battles is banned
|rule|Species Clause: Limit one of each Pokémon
|rule|OHKO Clause: OHKO moves are banned
|rule|Evasion Items Clause: Evasion items are banned
|rule|Evasion Moves Clause: Evasion moves are banned
|rule|Evasion Abilities Clause: Evasion abilities are banned
|rule|Sleep Moves Clause: Sleep-inducing moves are banned
|clearpoke
|poke|p1|Rillaboom, M|
|poke|p1|Hawlucha, F|
|poke|p1|Great Tusk|
|poke|p1|Volcanion|
|poke|p1|Goodra-Hisui, F|
|poke|p1|Thundurus-Therian, M|
|poke|p2|Primarina, F|
|poke|p2|Raging Bolt|
|poke|p2|Heatran, M|
|poke|p2|Weezing-Galar, M|
|poke|p2|Garchomp, M|
|poke|p2|Weavile, M|
|teampreview
|j| kanaete onegai
|inactive|Battle timer is ON: inactive players will automatically lose when time's up. (requested by isaac_gam3r)
|
|t:|1779664586
|teamsize|p1|6
|teamsize|p2|6
|start
|switch|p1a: Volcanion|Volcanion|100/100
|switch|p2a: Raging Bolt|Raging Bolt|100/100
|turn|1
|
|t:|1779664590
|switch|p1a: Goodra|Goodra-Hisui, F|100/100
|move|p2a: Raging Bolt|Calm Mind|p2a: Raging Bolt
|-boost|p2a: Raging Bolt|spa|1
|-boost|p2a: Raging Bolt|spd|1
|
|upkeep
|turn|2
|
|t:|1779664596
|move|p2a: Raging Bolt|Dragon Pulse|p1a: Goodra
|-damage|p1a: Goodra|70/100
|move|p1a: Goodra|Draco Meteor|p2a: Raging Bolt
|-supereffective|p2a: Raging Bolt
|-damage|p2a: Raging Bolt|27/100
|-unboost|p1a: Goodra|spa|2
|
|-heal|p2a: Raging Bolt|34/100|[from] item: Leftovers
|upkeep
|turn|3
|
|t:|1779664604
|move|p2a: Raging Bolt|Dragon Pulse|p1a: Goodra
|-damage|p1a: Goodra|35/100
|move|p1a: Goodra|Draco Meteor|p2a: Raging Bolt|[miss]
|-miss|p1a: Goodra|p2a: Raging Bolt
|
|-heal|p2a: Raging Bolt|40/100|[from] item: Leftovers
|upkeep
|turn|4
|
|t:|1779664611
|move|p2a: Raging Bolt|Dragon Pulse|p1a: Goodra
|-damage|p1a: Goodra|4/100
|move|p1a: Goodra|Draco Meteor|p2a: Raging Bolt
|-supereffective|p2a: Raging Bolt
|-damage|p2a: Raging Bolt|6/100
|-unboost|p1a: Goodra|spa|2
|
|-heal|p2a: Raging Bolt|12/100|[from] item: Leftovers
|upkeep
|turn|5
|
|t:|1779664618
|move|p2a: Raging Bolt|Dragon Pulse|p1a: Goodra
|-damage|p1a: Goodra|0 fnt
|faint|p1a: Goodra
|
|-heal|p2a: Raging Bolt|19/100|[from] item: Leftovers
|upkeep
|
|t:|1779664623
|switch|p1a: Rillaboom|Rillaboom, M|100/100
|-fieldstart|move: Grassy Terrain|[from] ability: Grassy Surge|[of] p1a: Rillaboom
|turn|6
|
|t:|1779664626
|-end|p2a: Raging Bolt|Protosynthesis|[silent]
|switch|p2a: Weezing|Weezing-Galar, M, shiny|100/100
|move|p1a: Rillaboom|Grassy Glide|p2a: Weezing
|-resisted|p2a: Weezing
|-damage|p2a: Weezing|80/100
|
|-heal|p2a: Weezing|86/100|[from] item: Black Sludge
|upkeep
|turn|7
|
|t:|1779664631
|switch|p1a: Volcanion|Volcanion|100/100
|switch|p2a: Primarina|Primarina, F, shiny|100/100
|
|upkeep
|turn|8
|
|t:|1779664638
|switch|p1a: Rillaboom|Rillaboom, M|100/100
|move|p2a: Primarina|Calm Mind|p2a: Primarina
|-boost|p2a: Primarina|spa|1
|-boost|p2a: Primarina|spd|1
|
|upkeep
|turn|9
|
|t:|1779664643
|move|p2a: Primarina|Protect|p2a: Primarina
|-singleturn|p2a: Primarina|Protect
|move|p1a: Rillaboom|Wood Hammer|p2a: Primarina
|-activate|p2a: Primarina|move: Protect
|
|upkeep
|turn|10
|
|t:|1779664647
|switch|p1a: Volcanion|Volcanion|100/100
|move|p2a: Primarina|Sparkling Aria|p1a: Volcanion
|-immune|p1a: Volcanion|[from] ability: Water Absorb
|
|-fieldend|move: Grassy Terrain
|upkeep
|turn|11
|
|t:|1779664654
|move|p1a: Volcanion|Haze|p1a: Volcanion
|-clearallboost
|move|p2a: Primarina|Draining Kiss|p1a: Volcanion
|-resisted|p1a: Volcanion
|-damage|p1a: Volcanion|86/100
|
|upkeep
|turn|12
|
|t:|1779664658
|switch|p1a: Rillaboom|Rillaboom, M|100/100
|-fieldstart|move: Grassy Terrain|[from] ability: Grassy Surge|[of] p1a: Rillaboom
|switch|p2a: Raging Bolt|Raging Bolt|19/100
|
|-heal|p2a: Raging Bolt|25/100|[from] Grassy Terrain
|-heal|p2a: Raging Bolt|31/100|[from] item: Leftovers
|upkeep
|turn|13
|
|t:|1779664662
|-end|p2a: Raging Bolt|Protosynthesis|[silent]
|switch|p2a: Weezing|Weezing-Galar, M, shiny|86/100
|move|p1a: Rillaboom|Knock Off|p2a: Weezing
|-resisted|p2a: Weezing
|-damage|p2a: Weezing|68/100
|-enditem|p2a: Weezing|Black Sludge|[from] move: Knock Off|[of] p1a: Rillaboom
|
|upkeep
|turn|14
|
|t:|1779664666
|switch|p1a: Volcanion|Volcanion|86/100
|switch|p2a: Raging Bolt|Raging Bolt|31/100
|
|-heal|p2a: Raging Bolt|37/100|[from] Grassy Terrain
|-heal|p2a: Raging Bolt|43/100|[from] item: Leftovers
|-heal|p1a: Volcanion|92/100|[from] Grassy Terrain
|upkeep
|turn|15
|
|t:|1779664679
|move|p2a: Raging Bolt|Dragon Pulse|p1a: Volcanion
|-damage|p1a: Volcanion|37/100
|move|p1a: Volcanion|Earth Power|p2a: Raging Bolt
|-supereffective|p2a: Raging Bolt
|-damage|p2a: Raging Bolt|0 fnt
|faint|p2a: Raging Bolt
|-end|p2a: Raging Bolt|Protosynthesis|[silent]
|
|-heal|p1a: Volcanion|43/100|[from] Grassy Terrain
|upkeep
|
|t:|1779664683
|switch|p2a: Weavile|Weavile, M|100/100
|-ability|p2a: Weavile|Pressure
|turn|16
|
|t:|1779664698
|switch|p1a: Thundurus|Thundurus-Therian, M|100/100
|move|p2a: Weavile|Knock Off|p1a: Thundurus
|-damage|p1a: Thundurus|25/100
|-enditem|p1a: Thundurus|Choice Scarf|[from] move: Knock Off|[of] p2a: Weavile
|
|-fieldend|move: Grassy Terrain
|upkeep
|turn|17
|
|t:|1779664702
|move|p2a: Weavile|Knock Off|p1a: Thundurus
|-damage|p1a: Thundurus|0 fnt
|faint|p1a: Thundurus
|
|upkeep
|
|t:|1779664705
|switch|p1a: Rillaboom|Rillaboom, M|100/100
|-fieldstart|move: Grassy Terrain|[from] ability: Grassy Surge|[of] p1a: Rillaboom
|turn|18
|
|t:|1779664707
|move|p1a: Rillaboom|Grassy Glide|p2a: Weavile
|-enditem|p2a: Weavile|Focus Sash
|-damage|p2a: Weavile|1/100
|move|p2a: Weavile|Triple Axel|p1a: Rillaboom
|-supereffective|p1a: Rillaboom
|-damage|p1a: Rillaboom|80/100
|-supereffective|p1a: Rillaboom
|-damage|p1a: Rillaboom|43/100
|-supereffective|p1a: Rillaboom
|-damage|p1a: Rillaboom|0 fnt
|faint|p1a: Rillaboom
|-hitcount|p1: Rillaboom|3
|
|-heal|p2a: Weavile|7/100|[from] Grassy Terrain
|upkeep
|
|t:|1779664715
|switch|p1a: Hawlucha|Hawlucha, F|100/100
|-enditem|p1a: Hawlucha|Grassy Seed
|-boost|p1a: Hawlucha|def|1|[from] item: Grassy Seed
|turn|19
|
|t:|1779664718
|move|p2a: Weavile|Ice Shard|p1a: Hawlucha
|-supereffective|p1a: Hawlucha
|-damage|p1a: Hawlucha|66/100
|move|p1a: Hawlucha|Acrobatics|p2a: Weavile
|-damage|p2a: Weavile|0 fnt
|faint|p2a: Weavile
|
|upkeep
|
|t:|1779664720
|switch|p2a: Weezing|Weezing-Galar, M, shiny|68/100
|turn|20
|
|t:|1779664725
|move|p1a: Hawlucha|Substitute|p1a: Hawlucha
|-start|p1a: Hawlucha|Substitute
|-damage|p1a: Hawlucha|41/100
|move|p2a: Weezing|Strange Steam|p1a: Hawlucha
|-supereffective|p1a: Hawlucha
|-end|p1a: Hawlucha|Substitute
|
|upkeep
|turn|21
|
|t:|1779664729
|-terastallize|p1a: Hawlucha|Steel
|move|p1a: Hawlucha|Swords Dance|p1a: Hawlucha
|-boost|p1a: Hawlucha|atk|2
|move|p2a: Weezing|Strange Steam|p1a: Hawlucha
|-resisted|p1a: Hawlucha
|-damage|p1a: Hawlucha|23/100
|
|-heal|p1a: Hawlucha|29/100|[from] Grassy Terrain
|upkeep
|turn|22
|j| just-jaype
|
|t:|1779664739
|switch|p2a: Primarina|Primarina, F, shiny|100/100
|move|p1a: Hawlucha|Acrobatics|p2a: Primarina
|-damage|p2a: Primarina|0 fnt
|faint|p2a: Primarina
|
|-heal|p1a: Hawlucha|36/100|[from] Grassy Terrain
|-fieldend|move: Grassy Terrain
|upkeep
|
|t:|1779664742
|switch|p2a: Garchomp|Garchomp, M|100/100
|turn|23
|
|t:|1779664751
|move|p1a: Hawlucha|Acrobatics|p2a: Garchomp
|-damage|p2a: Garchomp|6/100
|-damage|p1a: Hawlucha|23/100|[from] ability: Rough Skin|[of] p2a: Garchomp
|move|p2a: Garchomp|Earthquake|p1a: Hawlucha
|-supereffective|p1a: Hawlucha
|-damage|p1a: Hawlucha|0 fnt
|faint|p1a: Hawlucha
|
|upkeep
|
|t:|1779664757
|switch|p1a: Great Tusk|Great Tusk|100/100
|turn|24
|
|t:|1779664767
|move|p2a: Garchomp|Earthquake|p1a: Great Tusk
|-damage|p1a: Great Tusk|76/100
|move|p1a: Great Tusk|Ice Spinner|p2a: Garchomp
|-supereffective|p2a: Garchomp
|-damage|p2a: Garchomp|0 fnt
|-damage|p1a: Great Tusk|63/100|[from] ability: Rough Skin|[of] p2a: Garchomp
|faint|p2a: Garchomp
|
|upkeep
|
|t:|1779664770
|switch|p2a: Weezing|Weezing-Galar, M, shiny|68/100
|turn|25
|
|t:|1779664773
|-end|p1a: Great Tusk|Protosynthesis|[silent]
|switch|p1a: Volcanion|Volcanion|43/100
|move|p2a: Weezing|Strange Steam|p1a: Volcanion
|-resisted|p1a: Volcanion
|-damage|p1a: Volcanion|29/100
|
|upkeep
|turn|26
|j| yuureisuisei
|
|t:|1779664779
|move|p1a: Volcanion|Steam Eruption|p2a: Weezing|[miss]
|-miss|p1a: Volcanion|p2a: Weezing
|move|p2a: Weezing|Strange Steam|p1a: Volcanion
|-resisted|p1a: Volcanion
|-damage|p1a: Volcanion|16/100
|-start|p1a: Volcanion|confusion
|
|upkeep
|turn|27
|
|t:|1779664782
|-activate|p1a: Volcanion|confusion
|move|p1a: Volcanion|Steam Eruption|p2a: Weezing
|-damage|p2a: Weezing|0 fnt
|faint|p2a: Weezing
|
|upkeep
|l| yuureisuisei
|
|t:|1779664785
|switch|p2a: Heatran|Heatran, M|100/100
|turn|28
|
|t:|1779664788
|move|p2a: Heatran|Earth Power|p1a: Volcanion
|-supereffective|p1a: Volcanion
|-damage|p1a: Volcanion|0 fnt
|faint|p1a: Volcanion
|
|upkeep
|
|t:|1779664791
|switch|p1a: Great Tusk|Great Tusk|63/100
|turn|29
|
|t:|1779664794
|-terastallize|p2a: Heatran|Flying
|move|p1a: Great Tusk|Headlong Rush|p2a: Heatran
|-immune|p2a: Heatran
|move|p2a: Heatran|Lava Plume|p1a: Great Tusk
|-damage|p1a: Great Tusk|10/100
|
|upkeep
|turn|30
|
|t:|1779664798
|move|p1a: Great Tusk|Ice Spinner|p2a: Heatran
|-supereffective|p2a: Heatran
|-damage|p2a: Heatran|57/100
|move|p2a: Heatran|Lava Plume|p1a: Great Tusk
|-damage|p1a: Great Tusk|0 fnt
|faint|p1a: Great Tusk
|-end|p1a: Great Tusk|Protosynthesis|[silent]
|
|win|isaac_gam3r
|raw|mansonabuluting's rating: 1774 &rarr; <strong>1752</strong><br />(-22 for losing)
|raw|isaac_gam3r's rating: 1744 &rarr; <strong>1766</strong><br />(+22 for winning)
|l|☆mansonabuluting
|player|p1|
|l| just-jaype
|l|☆isaac_gam3r
|player|p2|
|j|☆isaac_gam3r
|player|p2|isaac_gam3r|acetrainer-gen4dp|
|l|☆isaac_gam3r
|player|p2|
