|j|☆TWENNY7
|j|‽thunderingtiger
|t:|1779601394
|gametype|singles
|player|p1|TWENNY7|hau-stance|1579
|player|p2|thunderingtiger|roxie-masters|1579
|gen|9
|tier|[Gen 9] OU
|rated|
|rule|HP Percentage Mod: HP is shown in percentages
|rule|Endless Battle Clause: Forcing endless battles is banned
|rule|Species Clause: Limit one of each Pokémon
|rule|OHKO Clause: OHKO moves are banned
|rule|Evasion Items Clause: Evasion items are banned
|rule|Evasion Moves Clause: Evasion moves are banned
|rule|Evasion Abilities Clause: Evasion abilities are banned
|rule|Sleep Moves Clause: Sleep-inducing moves are banned
|clearpoke
|poke|p1|Iron Valiant|
|poke|p1|Tyranitar, F|
|poke|p1|Zapdos|
|poke|p1|Darkrai|
|poke|p1|Okidogi, M|
|poke|p1|Ogerpon, F|
|poke|p2|Iron Moth|
|poke|p2|Gliscor, M|
|poke|p2|Hatterene, F|
|poke|p2|Ogerpon-Wellspring, F|
|poke|p2|Raging Bolt|
|poke|p2|Zamazenta-*|
|teampreview
|inactive|Battle timer is ON: inactive players will automatically lose when time's up. (requested by TWENNY7)
|
|t:|1779601410
|teamsize|p1|6
|teamsize|p2|6
|start
|switch|p1a: Zzz|Darkrai|100/100
|switch|p2a: Zamazenta|Zamazenta|100/100
|-ability|p2a: Zamazenta|Dauntless Shield|boost
|-boost|p2a: Zamazenta|def|1
|turn|1
|
|t:|1779601418
|switch|p2a: Ogerpon|Ogerpon-Wellspring, F|100/100
|-terastallize|p1a: Zzz|Ghost
|move|p1a: Zzz|Trick||[still]
|-fail|p1a: Zzz
|
|upkeep
|turn|2
|
|t:|1779601424
|switch|p1a: PONDER|Ogerpon, F|100/100
|move|p2a: Ogerpon|Swords Dance|p2a: Ogerpon
|-boost|p2a: Ogerpon|atk|2
|
|upkeep
|turn|3
|
|t:|1779601436
|switch|p2a: Raging Bolt|Raging Bolt|100/100
|-enditem|p2a: Raging Bolt|Booster Energy
|-activate|p2a: Raging Bolt|ability: Protosynthesis|[fromitem]
|-start|p2a: Raging Bolt|protosynthesisspa
|move|p1a: PONDER|Ivy Cudgel|p2a: Raging Bolt
|-resisted|p2a: Raging Bolt
|-damage|p2a: Raging Bolt|79/100
|
|upkeep
|turn|4
|
|t:|1779601443
|switch|p1a: CODE:red|Tyranitar, F, shiny|100/100
|-weather|Sandstorm|[from] ability: Sand Stream|[of] p1a: CODE:red
|move|p2a: Raging Bolt|Calm Mind|p2a: Raging Bolt
|-boost|p2a: Raging Bolt|spa|1
|-boost|p2a: Raging Bolt|spd|1
|
|-weather|Sandstorm|[upkeep]
|-damage|p2a: Raging Bolt|73/100|[from] Sandstorm
|upkeep
|turn|5
|
|t:|1779601449
|move|p2a: Raging Bolt|Thunderbolt|p1a: CODE:red
|-damage|p1a: CODE:red|57/100
|-status|p1a: CODE:red|par
|-enditem|p1a: CODE:red|Red Card|[of] p2a: Raging Bolt
|-end|p2a: Raging Bolt|Protosynthesis|[silent]
|drag|p2a: Ogerpon|Ogerpon-Wellspring, F|100/100
|move|p1a: CODE:red|Stealth Rock|p2a: Ogerpon
|-sidestart|p2: thunderingtiger|move: Stealth Rock
|
|-weather|Sandstorm|[upkeep]
|-damage|p2a: Ogerpon|95/100|[from] Sandstorm
|upkeep
|turn|6
|
|t:|1779601456
|switch|p1a: PONDER|Ogerpon, F|100/100
|move|p2a: Ogerpon|Encore||[still]
|-fail|p2a: Ogerpon
|
|-weather|Sandstorm|[upkeep]
|-damage|p1a: PONDER|95/100|[from] Sandstorm
|-damage|p2a: Ogerpon|89/100|[from] Sandstorm
|upkeep
|turn|7
|
|t:|1779601468
|switch|p2a: Iron Moth|Iron Moth|100/100
|-damage|p2a: Iron Moth|76/100|[from] Stealth Rock
|-enditem|p2a: Iron Moth|Booster Energy
|-activate|p2a: Iron Moth|ability: Quark Drive|[fromitem]
|-start|p2a: Iron Moth|quarkdrivespe
|move|p1a: PONDER|Knock Off|p2a: Iron Moth
|-damage|p2a: Iron Moth|45/100
|
|-weather|Sandstorm|[upkeep]
|-damage|p1a: PONDER|89/100|[from] Sandstorm
|-damage|p2a: Iron Moth|39/100|[from] Sandstorm
|upkeep
|turn|8
|
|t:|1779601479
|switch|p1a: CODE:red|Tyranitar, F, shiny|57/100 par
|move|p2a: Iron Moth|Fiery Dance|p1a: CODE:red
|-resisted|p1a: CODE:red
|-damage|p1a: CODE:red|49/100 par
|-boost|p2a: Iron Moth|spa|1
|
|-weather|none
|upkeep
|turn|9
|
|t:|1779601488
|move|p2a: Iron Moth|Toxic Spikes|p1a: CODE:red
|-sidestart|p1: TWENNY7|move: Toxic Spikes
|cant|p1a: CODE:red|par
|
|upkeep
|turn|10
|
|t:|1779601491
|move|p2a: Iron Moth|Whirlwind|p1a: CODE:red
|drag|p1a: Zzz|Darkrai, tera:Ghost|100/100
|-status|p1a: Zzz|psn
|
|-damage|p1a: Zzz|88/100 psn|[from] psn
|upkeep
|turn|11
|
|t:|1779601497
|move|p1a: Zzz|Dark Pulse|p2a: Iron Moth
|-damage|p2a: Iron Moth|0 fnt
|faint|p2a: Iron Moth
|-end|p2a: Iron Moth|Quark Drive|[silent]
|
|-damage|p1a: Zzz|76/100 psn|[from] psn
|upkeep
|
|t:|1779601504
|switch|p2a: Zamazenta|Zamazenta|100/100
|-damage|p2a: Zamazenta|94/100|[from] Stealth Rock
|turn|12
|
|t:|1779601509
|switch|p1a: CASPER|Okidogi, M|100/100
|-sideend|p1: TWENNY7|move: Toxic Spikes|[of] p1a: CASPER
|move|p2a: Zamazenta|Light Screen|p2a: Zamazenta
|-sidestart|p2: thunderingtiger|move: Light Screen
|
|upkeep
|turn|13
|
|t:|1779601514
|move|p2a: Zamazenta|Reflect|p2a: Zamazenta
|-sidestart|p2: thunderingtiger|Reflect
|move|p1a: CASPER|Bulk Up|p1a: CASPER
|-boost|p1a: CASPER|atk|1
|-boost|p1a: CASPER|def|1
|
|upkeep
|turn|14
|
|t:|1779601520
|switch|p2a: Ogerpon|Ogerpon-Wellspring, F|89/100
|-damage|p2a: Ogerpon|76/100|[from] Stealth Rock
|move|p1a: CASPER|Knock Off|p2a: Ogerpon
|-damage|p2a: Ogerpon|58/100
|
|upkeep
|turn|15
|
|t:|1779601525
|move|p2a: Ogerpon|Swords Dance|p2a: Ogerpon
|-boost|p2a: Ogerpon|atk|2
|move|p1a: CASPER|Drain Punch|p2a: Ogerpon
|-damage|p2a: Ogerpon|28/100
|
|upkeep
|turn|16
|
|t:|1779601537
|switch|p1a: PONDER|Ogerpon, F|89/100
|-terastallize|p2a: Ogerpon|Water
|detailschange|p2a: Ogerpon|Ogerpon-Wellspring-Tera, F, tera:Water
|-ability|p2a: Ogerpon|Embody Aspect (Wellspring)|boost
|-boost|p2a: Ogerpon|spd|1
|move|p2a: Ogerpon|Ivy Cudgel|p1a: PONDER|[anim] Ivy Cudgel Water
|-resisted|p1a: PONDER
|-damage|p1a: PONDER|0 fnt
|faint|p1a: PONDER
|
|upkeep
|
|t:|1779601547
|switch|p1a: Zzz|Darkrai, tera:Ghost|76/100 psn
|turn|17
|
|t:|1779601551
|move|p1a: Zzz|Dark Pulse|p2a: Ogerpon
|-damage|p2a: Ogerpon|11/100
|move|p2a: Ogerpon|Trailblaze|p1a: Zzz
|-damage|p1a: Zzz|0 fnt
|-boost|p2a: Ogerpon|spe|1
|faint|p1a: Zzz
|
|upkeep
|
|t:|1779601566
|switch|p1a: RUNE 2H|Iron Valiant|100/100
|-enditem|p1a: RUNE 2H|Booster Energy
|-activate|p1a: RUNE 2H|ability: Quark Drive|[fromitem]
|-start|p1a: RUNE 2H|quarkdrivespe
|turn|18
|
|t:|1779601569
|move|p1a: RUNE 2H|Moonblast|p2a: Ogerpon
|-damage|p2a: Ogerpon|0 fnt
|faint|p2a: Ogerpon
|detailschange|p2: Ogerpon|Ogerpon-Wellspring, F|[silent]
|
|upkeep
|
|t:|1779601574
|switch|p2a: Gliscor|Gliscor, M|100/100
|-damage|p2a: Gliscor|88/100|[from] Stealth Rock
|turn|19
|
|t:|1779601587
|-end|p1a: RUNE 2H|Quark Drive|[silent]
|switch|p1a: CODE:red|Tyranitar, F, shiny|49/100 par
|-weather|Sandstorm|[from] ability: Sand Stream|[of] p1a: CODE:red
|move|p2a: Gliscor|Swords Dance|p2a: Gliscor
|-boost|p2a: Gliscor|atk|2
|
|-weather|Sandstorm|[upkeep]
|-sideend|p2: thunderingtiger|move: Light Screen
|-status|p2a: Gliscor|tox|[from] item: Toxic Orb
|upkeep
|turn|20
|
|t:|1779601591
|move|p2a: Gliscor|Earthquake|p1a: CODE:red
|-supereffective|p1a: CODE:red
|-damage|p1a: CODE:red|0 fnt
|faint|p1a: CODE:red
|
|-weather|Sandstorm|[upkeep]
|-heal|p2a: Gliscor|100/100 tox|[from] ability: Poison Heal
|-sideend|p2: thunderingtiger|Reflect
|upkeep
|
|t:|1779601595
|switch|p1a: SHOXY|Zapdos|100/100
|turn|21
|
|t:|1779601600
|move|p1a: SHOXY|Hurricane|p2a: Gliscor
|-damage|p2a: Gliscor|0 fnt
|faint|p2a: Gliscor
|
|-weather|Sandstorm|[upkeep]
|-damage|p1a: SHOXY|94/100|[from] Sandstorm
|upkeep
|
|t:|1779601604
|switch|p2a: Raging Bolt|Raging Bolt|73/100
|-damage|p2a: Raging Bolt|61/100|[from] Stealth Rock
|turn|22
|
|t:|1779601612
|move|p1a: SHOXY|Hurricane|p2a: Raging Bolt
|-resisted|p2a: Raging Bolt
|-damage|p2a: Raging Bolt|15/100
|move|p2a: Raging Bolt|Thunderbolt|p1a: SHOXY
|-damage|p1a: SHOXY|29/100
|
|-weather|Sandstorm|[upkeep]
|-damage|p1a: SHOXY|22/100|[from] Sandstorm
|-damage|p2a: Raging Bolt|9/100|[from] Sandstorm
|upkeep
|turn|23
|
|t:|1779601623
|switch|p1a: RUNE 2H|Iron Valiant|100/100
|move|p2a: Raging Bolt|Thunderclap||[still]
|-fail|p2a: Raging Bolt
|
|-weather|none
|upkeep
|turn|24
|
|t:|1779601629
|-end|p2a: Raging Bolt|Protosynthesis|[silent]
|switch|p2a: Zamazenta|Zamazenta|94/100
|-damage|p2a: Zamazenta|88/100|[from] Stealth Rock
|move|p1a: RUNE 2H|Destiny Bond|p1a: RUNE 2H
|-singlemove|p1a: RUNE 2H|Destiny Bond
|
|upkeep
|turn|25
|
|t:|1779601634
|move|p2a: Zamazenta|Light Screen|p2a: Zamazenta
|-sidestart|p2: thunderingtiger|move: Light Screen
|move|p1a: RUNE 2H|Moonblast|p2a: Zamazenta
|-supereffective|p2a: Zamazenta
|-damage|p2a: Zamazenta|54/100
|
|upkeep
|turn|26
|
|t:|1779601642
|move|p2a: Zamazenta|Reflect|p2a: Zamazenta
|-sidestart|p2: thunderingtiger|Reflect
|move|p1a: RUNE 2H|Moonblast|p2a: Zamazenta
|-supereffective|p2a: Zamazenta
|-damage|p2a: Zamazenta|18/100
|-unboost|p2a: Zamazenta|spa|1
|
|upkeep
|turn|27
|
|t:|1779601650
|switch|p2a: Raging Bolt|Raging Bolt|9/100
|-damage|p2a: Raging Bolt|0 fnt|[from] Stealth Rock
|faint|p2a: Raging Bolt
|-end|p2a: Raging Bolt|Protosynthesis|[silent]
|-end|p1a: RUNE 2H|Quark Drive|[silent]
|switch|p1a: SHOXY|Zapdos|22/100
|
|upkeep
|
|t:|1779601654
|switch|p2a: Zamazenta|Zamazenta|18/100
|-damage|p2a: Zamazenta|12/100|[from] Stealth Rock
|turn|28
|
|t:|1779601664
|switch|p1a: CASPER|Okidogi, M|100/100
|move|p2a: Zamazenta|Ice Fang|p1a: CASPER
|-damage|p1a: CASPER|86/100
|
|-heal|p1a: CASPER|92/100|[from] item: Leftovers
|upkeep
|turn|29
|
|t:|1779601668
|switch|p2a: Hatterene|Hatterene, F|100/100
|-damage|p2a: Hatterene|88/100|[from] Stealth Rock
|move|p1a: CASPER|Knock Off|p2a: Hatterene
|-damage|p2a: Hatterene|77/100
|-enditem|p2a: Hatterene|Leftovers|[from] move: Knock Off|[of] p1a: CASPER
|
|-heal|p1a: CASPER|98/100|[from] item: Leftovers
|upkeep
|turn|30
|
|t:|1779601675
|switch|p1a: RUNE 2H|Iron Valiant|100/100
|move|p2a: Hatterene|Calm Mind|p2a: Hatterene
|-boost|p2a: Hatterene|spa|1
|-boost|p2a: Hatterene|spd|1
|
|upkeep
|turn|31
|
|t:|1779601679
|move|p1a: RUNE 2H|Destiny Bond|p1a: RUNE 2H
|-singlemove|p1a: RUNE 2H|Destiny Bond
|move|p2a: Hatterene|Calm Mind|p2a: Hatterene
|-boost|p2a: Hatterene|spa|1
|-boost|p2a: Hatterene|spd|1
|
|upkeep
|turn|32
|
|t:|1779601681
|move|p1a: RUNE 2H|Moonblast|p2a: Hatterene
|-damage|p2a: Hatterene|66/100
|move|p2a: Hatterene|Calm Mind|p2a: Hatterene
|-boost|p2a: Hatterene|spa|1
|-boost|p2a: Hatterene|spd|1
|
|-sideend|p2: thunderingtiger|move: Light Screen
|upkeep
|turn|33
|
|t:|1779601687
|move|p1a: RUNE 2H|Destiny Bond|p1a: RUNE 2H
|-singlemove|p1a: RUNE 2H|Destiny Bond
|move|p2a: Hatterene|Calm Mind|p2a: Hatterene
|-boost|p2a: Hatterene|spa|1
|-boost|p2a: Hatterene|spd|1
|
|-sideend|p2: thunderingtiger|Reflect
|upkeep
|turn|34
|
|t:|1779601691
|move|p1a: RUNE 2H|Destiny Bond||[still]
|-fail|p1a: RUNE 2H
|move|p2a: Hatterene|Draining Kiss|p1a: RUNE 2H
|-supereffective|p1a: RUNE 2H
|-damage|p1a: RUNE 2H|0 fnt
|-heal|p2a: Hatterene|100/100|[from] drain|[of] p1a: RUNE 2H
|faint|p1a: RUNE 2H
|-end|p1a: RUNE 2H|Quark Drive|[silent]
|
|upkeep
|
|t:|1779601694
|switch|p1a: SHOXY|Zapdos|22/100
|turn|35
|
|t:|1779601702
|move|p1a: SHOXY|Hurricane|p2a: Hatterene
|-damage|p2a: Hatterene|67/100
|-start|p2a: Hatterene|confusion
|-activate|p2a: Hatterene|confusion
|-damage|p2a: Hatterene|61/100|[from] confusion
|
|upkeep
|turn|36
|
|t:|1779601705
|move|p1a: SHOXY|Hurricane|p2a: Hatterene
|-damage|p2a: Hatterene|33/100
|-activate|p2a: Hatterene|confusion
|move|p2a: Hatterene|Draining Kiss|p1a: SHOXY
|-damage|p1a: SHOXY|0 fnt
|-heal|p2a: Hatterene|49/100|[from] drain|[of] p1a: SHOXY
|faint|p1a: SHOXY
|
|upkeep
|
|t:|1779601708
|switch|p1a: CASPER|Okidogi, M|98/100
|turn|37
|
|t:|1779601714
|move|p1a: CASPER|Knock Off|p2a: Hatterene
|-damage|p2a: Hatterene|34/100
|-activate|p2a: Hatterene|confusion
|move|p2a: Hatterene|Stored Power|p1a: CASPER
|-supereffective|p1a: CASPER
|-damage|p1a: CASPER|0 fnt
|faint|p1a: CASPER
|
|win|thunderingtiger
|raw|TWENNY7's rating: 1579 &rarr; <strong>1559</strong><br />(-20 for losing)
|raw|thunderingtiger's rating: 1579 &rarr; <strong>1599</strong><br />(+20 for winning)
|l|☆TWENNY7
|player|p1|
|l|‽thunderingtiger
|player|p2|
