|j|☆wtfisproxy
|j|☆Seebiii
|t:|1779620406
|gametype|singles
|player|p1|wtfisproxy|bellelba|1373
|player|p2|Seebiii|265|1352
|gen|9
|tier|[Gen 9] OU
|rated|
|rule|HP Percentage Mod: HP is shown in percentages
|rule|Endless Battle Clause: Forcing endless battles is banned
|rule|Species Clause: Limit one of each Pokémon
|rule|OHKO Clause: OHKO moves are banned
|rule|Evasion Items Clause: Evasion items are banned
|rule|Evasion Moves Clause: Evasion moves are banned
|rule|Evasion Abilities Clause: Evasion abilities are banned
|rule|Sleep Moves Clause: Sleep-inducing moves are banned
|clearpoke
|poke|p1|Moltres-Galar|
|poke|p1|Kleavor, F|
|poke|p1|Great Tusk|
|poke|p1|Dondozo, M|
|poke|p1|Comfey, F|
|poke|p1|Heatran, F|
|poke|p2|Great Tusk|
|poke|p2|Kingambit, M|
|poke|p2|Darkrai|
|poke|p2|Ogerpon, F|
|poke|p2|Iron Valiant|
|poke|p2|Pecharunt|
|teampreview
|inactive|Battle timer is ON: inactive players will automatically lose when time's up. (requested by wtfisproxy)
|
|t:|1779620416
|teamsize|p1|6
|teamsize|p2|6
|start
|switch|p1a: Kleavor|Kleavor, F|100/100
|switch|p2a: Pecharunt|Pecharunt|100/100
|turn|1
|
|t:|1779620425
|move|p1a: Kleavor|Night Slash|p2a: Pecharunt
|-supereffective|p2a: Pecharunt
|-damage|p2a: Pecharunt|59/100
|move|p2a: Pecharunt|Toxic|p1a: Kleavor
|-status|p1a: Kleavor|tox
|-start|p1a: Kleavor|confusion|[from] ability: Poison Puppeteer|[of] p2a: Pecharunt
|
|-heal|p2a: Pecharunt|65/100|[from] item: Leftovers
|-damage|p1a: Kleavor|94/100 tox|[from] psn
|upkeep
|turn|2
|
|t:|1779620436
|-activate|p1a: Kleavor|confusion
|move|p1a: Kleavor|Stone Axe|p2a: Pecharunt
|-damage|p2a: Pecharunt|38/100
|-sidestart|p2: Seebiii|move: Stealth Rock
|move|p2a: Pecharunt|Hex|p1a: Kleavor
|-damage|p1a: Kleavor|31/100 tox
|
|-heal|p2a: Pecharunt|44/100|[from] item: Leftovers
|-damage|p1a: Kleavor|19/100 tox|[from] psn
|upkeep
|turn|3
|
|t:|1779620446
|switch|p1a: Heatran|Heatran, F|100/100
|move|p2a: Pecharunt|Recover|p2a: Pecharunt
|-heal|p2a: Pecharunt|94/100
|
|-heal|p2a: Pecharunt|99/100|[from] item: Leftovers
|upkeep
|turn|4
|
|t:|1779620453
|switch|p1a: Kleavor|Kleavor, F|19/100 tox
|switch|p2a: Great Tusk|Great Tusk|100/100
|-damage|p2a: Great Tusk|98/100|[from] Stealth Rock
|
|-damage|p1a: Kleavor|13/100 tox|[from] psn
|upkeep
|turn|5
|
|t:|1779620462
|move|p1a: Kleavor|X-Scissor|p2a: Great Tusk
|-resisted|p2a: Great Tusk
|-damage|p2a: Great Tusk|77/100
|-damage|p1a: Kleavor|0 fnt|[from] item: Rocky Helmet|[of] p2a: Great Tusk
|faint|p1a: Kleavor
|move|p2a: Great Tusk|Rapid Spin|p1: Kleavor|[notarget]
|-fail|p2a: Great Tusk
|
|upkeep
|
|t:|1779620470
|switch|p1a: Comfey|Comfey, F|100/100
|turn|6
|
|t:|1779620475
|move|p1a: Comfey|Calm Mind|p1a: Comfey
|-boost|p1a: Comfey|spa|1
|-boost|p1a: Comfey|spd|1
|move|p2a: Great Tusk|Rapid Spin|p1a: Comfey
|-damage|p1a: Comfey|81/100
|-boost|p2a: Great Tusk|spe|1
|-sideend|p2: Seebiii|Stealth Rock|[from] move: Rapid Spin|[of] p2a: Great Tusk
|
|upkeep
|turn|7
|
|t:|1779620482
|move|p1a: Comfey|Draining Kiss|p2a: Great Tusk
|-supereffective|p2a: Great Tusk
|-damage|p2a: Great Tusk|0 fnt
|-heal|p1a: Comfey|100/100|[from] drain|[of] p2a: Great Tusk
|-damage|p1a: Comfey|84/100|[from] item: Rocky Helmet|[of] p2a: Great Tusk
|faint|p2a: Great Tusk
|-end|p2a: Great Tusk|Protosynthesis|[silent]
|-damage|p1a: Comfey|74/100|[from] item: Life Orb
|
|upkeep
|
|t:|1779620497
|switch|p2a: Ogerpon|Ogerpon, F|100/100
|turn|8
|
|t:|1779620514
|-terastallize|p2a: Ogerpon|Grass
|detailschange|p2a: Ogerpon|Ogerpon-Teal-Tera, F, tera:Grass
|-ability|p2a: Ogerpon|Embody Aspect (Teal)|boost
|-boost|p2a: Ogerpon|spe|1
|move|p2a: Ogerpon|Ivy Cudgel|p1a: Comfey
|-damage|p1a: Comfey|0 fnt
|faint|p1a: Comfey
|
|upkeep
|
|t:|1779620526
|switch|p1a: Heatran|Heatran, F|100/100
|turn|9
|
|t:|1779620530
|switch|p2a: Pecharunt|Pecharunt|99/100
|move|p1a: Heatran|Fire Blast|p2a: Pecharunt
|-damage|p2a: Pecharunt|33/100
|-status|p2a: Pecharunt|brn
|
|-heal|p2a: Pecharunt|39/100 brn|[from] item: Leftovers
|-damage|p2a: Pecharunt|33/100 brn|[from] brn
|upkeep
|turn|10
|
|t:|1779620542
|move|p1a: Heatran|Fire Blast|p2a: Pecharunt
|-damage|p2a: Pecharunt|0 fnt
|faint|p2a: Pecharunt
|
|upkeep
|
|t:|1779620549
|switch|p2a: Ogerpon|Ogerpon-Teal-Tera, F, tera:Grass|100/100
|-ability|p2a: Ogerpon|Embody Aspect (Teal)|boost
|-boost|p2a: Ogerpon|spe|1
|turn|11
|
|t:|1779620563
|switch|p1a: Dondozo|Dondozo, M|100/100
|move|p2a: Ogerpon|Superpower|p1a: Dondozo
|-damage|p1a: Dondozo|75/100
|-unboost|p2a: Ogerpon|atk|1
|-unboost|p2a: Ogerpon|def|1
|
|-heal|p1a: Dondozo|81/100|[from] item: Leftovers
|upkeep
|turn|12
|
|t:|1779620572
|switch|p2a: Kingambit|Kingambit, M|100/100
|-activate|p2a: Kingambit|ability: Supreme Overlord
|-start|p2a: Kingambit|fallen2|[silent]
|move|p1a: Dondozo|Curse|p1a: Dondozo
|-unboost|p1a: Dondozo|spe|1
|-boost|p1a: Dondozo|atk|1
|-boost|p1a: Dondozo|def|1
|
|-heal|p1a: Dondozo|88/100|[from] item: Leftovers
|upkeep
|turn|13
|
|t:|1779620582
|move|p2a: Kingambit|Kowtow Cleave|p1a: Dondozo
|-damage|p1a: Dondozo|68/100
|move|p1a: Dondozo|Curse|p1a: Dondozo
|-unboost|p1a: Dondozo|spe|1
|-boost|p1a: Dondozo|atk|1
|-boost|p1a: Dondozo|def|1
|
|-heal|p1a: Dondozo|74/100|[from] item: Leftovers
|upkeep
|turn|14
|
|t:|1779620591
|move|p2a: Kingambit|Swords Dance|p2a: Kingambit
|-boost|p2a: Kingambit|atk|2
|move|p1a: Dondozo|Waterfall|p2a: Kingambit
|-damage|p2a: Kingambit|59/100
|
|-heal|p1a: Dondozo|80/100|[from] item: Leftovers
|upkeep
|turn|15
|
|t:|1779620600
|move|p2a: Kingambit|Kowtow Cleave|p1a: Dondozo
|-damage|p1a: Dondozo|66/100
|move|p1a: Dondozo|Curse|p1a: Dondozo
|-unboost|p1a: Dondozo|spe|1
|-boost|p1a: Dondozo|atk|1
|-boost|p1a: Dondozo|def|1
|
|-heal|p1a: Dondozo|72/100|[from] item: Leftovers
|upkeep
|turn|16
|
|t:|1779620610
|move|p2a: Kingambit|Kowtow Cleave|p1a: Dondozo
|-damage|p1a: Dondozo|61/100
|move|p1a: Dondozo|Waterfall|p2a: Kingambit
|-damage|p2a: Kingambit|12/100
|
|-heal|p1a: Dondozo|67/100|[from] item: Leftovers
|upkeep
|turn|17
|
|t:|1779620618
|move|p2a: Kingambit|Kowtow Cleave|p1a: Dondozo
|-damage|p1a: Dondozo|57/100
|move|p1a: Dondozo|Rest|p1a: Dondozo
|-status|p1a: Dondozo|slp|[from] move: Rest
|-heal|p1a: Dondozo|100/100 slp|[silent]
|
|upkeep
|turn|18
|
|t:|1779620626
|move|p2a: Kingambit|Kowtow Cleave|p1a: Dondozo
|-damage|p1a: Dondozo|89/100 slp
|cant|p1a: Dondozo|slp
|move|p1a: Dondozo|Sleep Talk|p1a: Dondozo
|move|p1a: Dondozo|Waterfall|p2a: Kingambit|[from] move: Sleep Talk
|-damage|p2a: Kingambit|0 fnt
|faint|p2a: Kingambit
|-end|p2a: Kingambit|fallen2|[silent]
|
|-heal|p1a: Dondozo|95/100 slp|[from] item: Leftovers
|upkeep
|
|t:|1779620636
|switch|p2a: Darkrai|Darkrai|100/100
|turn|19
|
|t:|1779620641
|switch|p1a: Great Tusk|Great Tusk|100/100
|move|p2a: Darkrai|Dark Pulse|p1a: Great Tusk
|-resisted|p1a: Great Tusk
|-damage|p1a: Great Tusk|63/100
|-damage|p2a: Darkrai|91/100|[from] item: Life Orb
|
|upkeep
|turn|20
|
|t:|1779620651
|switch|p2a: Ogerpon|Ogerpon-Teal-Tera, F, tera:Grass|100/100
|-ability|p2a: Ogerpon|Embody Aspect (Teal)|boost
|-boost|p2a: Ogerpon|spe|1
|move|p1a: Great Tusk|Headlong Rush|p2a: Ogerpon
|-resisted|p2a: Ogerpon
|-damage|p2a: Ogerpon|64/100
|-unboost|p1a: Great Tusk|def|1
|-unboost|p1a: Great Tusk|spd|1
|
|upkeep
|turn|21
|
|t:|1779620660
|move|p2a: Ogerpon|U-turn|p1a: Great Tusk
|-resisted|p1a: Great Tusk
|-damage|p1a: Great Tusk|48/100
|-damage|p2a: Ogerpon|47/100|[from] item: Rocky Helmet|[of] p1a: Great Tusk
|
|t:|1779620665
|switch|p2a: Iron Valiant|Iron Valiant|100/100|[from] U-turn
|-enditem|p2a: Iron Valiant|Booster Energy
|-activate|p2a: Iron Valiant|ability: Quark Drive|[fromitem]
|-start|p2a: Iron Valiant|quarkdrivespe
|move|p1a: Great Tusk|Ice Spinner|p2a: Iron Valiant
|-damage|p2a: Iron Valiant|71/100
|
|upkeep
|turn|22
|
|t:|1779620677
|move|p2a: Iron Valiant|Moonblast|p1a: Great Tusk
|-supereffective|p1a: Great Tusk
|-damage|p1a: Great Tusk|0 fnt
|faint|p1a: Great Tusk
|-end|p1a: Great Tusk|Protosynthesis|[silent]
|
|upkeep
|
|t:|1779620681
|switch|p1a: Heatran|Heatran, F|100/100
|turn|23
|
|t:|1779620685
|move|p2a: Iron Valiant|Close Combat|p1a: Heatran
|-supereffective|p1a: Heatran
|-damage|p1a: Heatran|0 fnt
|-unboost|p2a: Iron Valiant|def|1
|-unboost|p2a: Iron Valiant|spd|1
|faint|p1a: Heatran
|
|upkeep
|
|t:|1779620698
|switch|p1a: Dondozo|Dondozo, M|95/100 slp
|turn|24
|
|t:|1779620702
|move|p2a: Iron Valiant|Knock Off|p1a: Dondozo
|-damage|p1a: Dondozo|80/100 slp
|-enditem|p1a: Dondozo|Leftovers|[from] move: Knock Off|[of] p2a: Iron Valiant
|cant|p1a: Dondozo|slp
|move|p1a: Dondozo|Sleep Talk|p1a: Dondozo
|move|p1a: Dondozo|Curse|p1a: Dondozo|[from] move: Sleep Talk
|-unboost|p1a: Dondozo|spe|1
|-boost|p1a: Dondozo|atk|1
|-boost|p1a: Dondozo|def|1
|
|upkeep
|turn|25
|
|t:|1779620712
|move|p2a: Iron Valiant|Moonblast|p1a: Dondozo
|-damage|p1a: Dondozo|43/100 slp
|-curestatus|p1a: Dondozo|slp|[msg]
|move|p1a: Dondozo|Waterfall|p2a: Iron Valiant
|-damage|p2a: Iron Valiant|14/100
|
|upkeep
|turn|26
|
|t:|1779620719
|move|p2a: Iron Valiant|Moonblast|p1a: Dondozo
|-damage|p1a: Dondozo|9/100
|move|p1a: Dondozo|Rest|p1a: Dondozo
|-status|p1a: Dondozo|slp|[from] move: Rest
|-heal|p1a: Dondozo|100/100 slp|[silent]
|
|upkeep
|turn|27
|
|t:|1779620727
|move|p2a: Iron Valiant|Moonblast|p1a: Dondozo
|-damage|p1a: Dondozo|66/100 slp
|-unboost|p1a: Dondozo|spa|1
|cant|p1a: Dondozo|slp
|move|p1a: Dondozo|Sleep Talk|p1a: Dondozo
|move|p1a: Dondozo|Waterfall|p2a: Iron Valiant|[from] move: Sleep Talk
|-damage|p2a: Iron Valiant|0 fnt
|faint|p2a: Iron Valiant
|-end|p2a: Iron Valiant|Quark Drive|[silent]
|
|upkeep
|
|t:|1779620737
|switch|p2a: Darkrai|Darkrai|91/100
|turn|28
|
|t:|1779620740
|move|p2a: Darkrai|Dark Pulse|p1a: Dondozo
|-damage|p1a: Dondozo|9/100 slp
|-damage|p2a: Darkrai|81/100|[from] item: Life Orb
|cant|p1a: Dondozo|slp
|move|p1a: Dondozo|Sleep Talk|p1a: Dondozo
|move|p1a: Dondozo|Waterfall|p2a: Darkrai|[from] move: Sleep Talk
|-damage|p2a: Darkrai|27/100
|
|-damage|p1a: Dondozo|0 fnt|[from] ability: Bad Dreams|[of] p2a: Darkrai
|faint|p1a: Dondozo
|upkeep
|
|t:|1779620744
|switch|p1a: Moltres|Moltres-Galar|100/100
|turn|29
|
|t:|1779620759
|move|p2a: Darkrai|Sludge Bomb|p1a: Moltres
|-damage|p1a: Moltres|63/100
|-status|p1a: Moltres|psn
|-damage|p2a: Darkrai|17/100|[from] item: Life Orb
|move|p1a: Moltres|Agility|p1a: Moltres
|-boost|p1a: Moltres|spe|2
|
|-damage|p1a: Moltres|51/100 psn|[from] psn
|upkeep
|turn|30
|
|t:|1779620773
|move|p1a: Moltres|Fiery Wrath|p2a: Darkrai
|-resisted|p2a: Darkrai
|-damage|p2a: Darkrai|0 fnt
|faint|p2a: Darkrai
|
|-damage|p1a: Moltres|38/100 psn|[from] psn
|upkeep
|-enditem|p1a: Moltres|Sitrus Berry|[eat]
|-heal|p1a: Moltres|63/100 psn|[from] item: Sitrus Berry
|
|t:|1779620781
|switch|p2a: Ogerpon|Ogerpon-Teal-Tera, F, tera:Grass|47/100
|-ability|p2a: Ogerpon|Embody Aspect (Teal)|boost
|-boost|p2a: Ogerpon|spe|1
|turn|31
|
|t:|1779620793
|move|p1a: Moltres|Fiery Wrath|p2a: Ogerpon
|-damage|p2a: Ogerpon|0 fnt
|faint|p2a: Ogerpon
|detailschange|p2: Ogerpon|Ogerpon, F|[silent]
|
|win|wtfisproxy
|raw|wtfisproxy's rating: 1373 &rarr; <strong>1392</strong><br />(+19 for winning)
|raw|Seebiii's rating: 1352 &rarr; <strong>1333</strong><br />(-19 for losing)
|l|☆Seebiii
|player|p2|
|l|☆wtfisproxy
|player|p1|
