|j|☆InkyDarkBird
|j|☆OscarGamble
|t:|1779670365
|gametype|singles
|player|p1|InkyDarkBird|allister-masters|1580
|player|p2|OscarGamble|2|1524
|gen|9
|tier|[Gen 9] OU
|rated|
|rule|HP Percentage Mod: HP is shown in percentages
|rule|Endless Battle Clause: Forcing endless battles is banned
|rule|Species Clause: Limit one of each Pokémon
|rule|OHKO Clause: OHKO moves are banned
|rule|Evasion Items Clause: Evasion items are banned
|rule|Evasion Moves Clause: Evasion moves are banned
|rule|Evasion Abilities Clause: Evasion abilities are banned
|rule|Sleep Moves Clause: Sleep-inducing moves are banned
|clearpoke
|poke|p1|Corviknight, F|
|poke|p1|Pecharunt|
|poke|p1|Ogerpon-Wellspring, F|
|poke|p1|Darkrai|
|poke|p1|Ting-Lu|
|poke|p1|Dragapult, M|
|poke|p2|Araquanid, F|
|poke|p2|Gholdengo|
|poke|p2|Raging Bolt|
|poke|p2|Dragonite, F|
|poke|p2|Zamazenta-*|
|poke|p2|Ogerpon-Cornerstone, F|
|teampreview
|inactive|Battle timer is ON: inactive players will automatically lose when time's up. (requested by InkyDarkBird)
|j| biscoitotroll
|
|t:|1779670373
|teamsize|p1|6
|teamsize|p2|6
|start
|switch|p1a: K-Pop Demon Hunter|Ogerpon-Wellspring, F|100/100
|switch|p2a: Araquanid|Araquanid, F, shiny|100/100
|turn|1
|
|t:|1779670379
|move|p1a: K-Pop Demon Hunter|Swords Dance|p1a: K-Pop Demon Hunter
|-boost|p1a: K-Pop Demon Hunter|atk|2
|move|p2a: Araquanid|Sticky Web|p1a: K-Pop Demon Hunter
|-sidestart|p1: InkyDarkBird|move: Sticky Web
|
|upkeep
|turn|2
|
|t:|1779670382
|move|p1a: K-Pop Demon Hunter|Encore|p2a: Araquanid
|-start|p2a: Araquanid|Encore
|move|p2a: Araquanid|Sticky Web||[still]
|-fail|p2a: Araquanid
|
|upkeep
|turn|3
|
|t:|1779670385
|switch|p2a: Raging Bolt|Raging Bolt|100/100
|-enditem|p2a: Raging Bolt|Booster Energy
|-activate|p2a: Raging Bolt|ability: Protosynthesis|[fromitem]
|-start|p2a: Raging Bolt|protosynthesisspa
|move|p1a: K-Pop Demon Hunter|Ivy Cudgel|p2a: Raging Bolt|[anim] Ivy Cudgel Water
|-resisted|p2a: Raging Bolt
|-damage|p2a: Raging Bolt|48/100
|
|upkeep
|turn|4
|
|t:|1779670393
|move|p2a: Raging Bolt|Thunderclap|p1a: K-Pop Demon Hunter
|-damage|p1a: K-Pop Demon Hunter|32/100
|move|p1a: K-Pop Demon Hunter|Ivy Cudgel|p2a: Raging Bolt|[anim] Ivy Cudgel Water
|-resisted|p2a: Raging Bolt
|-damage|p2a: Raging Bolt|0 fnt
|faint|p2a: Raging Bolt
|-end|p2a: Raging Bolt|Protosynthesis|[silent]
|
|upkeep
|
|t:|1779670400
|switch|p2a: Zamazenta|Zamazenta|100/100
|-ability|p2a: Zamazenta|Dauntless Shield|boost
|-boost|p2a: Zamazenta|def|1
|turn|5
|
|t:|1779670404
|switch|p1a: Pecharunt|Pecharunt|100/100
|move|p2a: Zamazenta|Crunch|p1a: Pecharunt
|-supereffective|p1a: Pecharunt
|-damage|p1a: Pecharunt|75/100
|
|upkeep
|turn|6
|
|t:|1779670412
|switch|p2a: Araquanid|Araquanid, F, shiny|100/100
|move|p1a: Pecharunt|Foul Play|p2a: Araquanid
|-damage|p2a: Araquanid|86/100
|
|upkeep
|turn|7
|
|t:|1779670418
|move|p1a: Pecharunt|Recover|p1a: Pecharunt
|-heal|p1a: Pecharunt|100/100
|move|p2a: Araquanid|Lunge|p1a: Pecharunt
|-resisted|p1a: Pecharunt
|-damage|p1a: Pecharunt|98/100
|-unboost|p1a: Pecharunt|atk|1
|
|upkeep
|turn|8
|
|t:|1779670422
|move|p1a: Pecharunt|Parting Shot|p2a: Araquanid
|-unboost|p2a: Araquanid|atk|1
|-unboost|p2a: Araquanid|spa|1
|
|t:|1779670426
|switch|p1a: Corviknight|Corviknight, F, shiny|100/100|[from] Parting Shot
|-ability|p1a: Corviknight|Pressure
|move|p2a: Araquanid|Surf|p1a: Corviknight
|-damage|p1a: Corviknight|78/100
|
|upkeep
|turn|9
|
|t:|1779670434
|switch|p2a: Gholdengo|Gholdengo, shiny|100/100
|-item|p2a: Gholdengo|Air Balloon
|move|p1a: Corviknight|U-turn|p2a: Gholdengo
|-resisted|p2a: Gholdengo
|-damage|p2a: Gholdengo|97/100
|-enditem|p2a: Gholdengo|Air Balloon
|
|t:|1779670441
|switch|p1a: Darkrai|Darkrai|100/100|[from] U-turn
|-activate|p1a: Darkrai|move: Sticky Web
|-unboost|p1a: Darkrai|spe|1
|
|upkeep
|turn|10
|
|t:|1779670446
|move|p2a: Gholdengo|Focus Blast|p1a: Darkrai
|-supereffective|p1a: Darkrai
|-crit|p1a: Darkrai
|-damage|p1a: Darkrai|0 fnt
|faint|p1a: Darkrai
|
|upkeep
|
|t:|1779670451
|switch|p1a: Ting-Lu|Ting-Lu|100/100
|-activate|p1a: Ting-Lu|move: Sticky Web
|-unboost|p1a: Ting-Lu|spe|1
|-ability|p1a: Ting-Lu|Vessel of Ruin
|turn|11
|
|t:|1779670463
|switch|p2a: Araquanid|Araquanid, F, shiny|86/100
|move|p1a: Ting-Lu|Ruination|p2a: Araquanid
|-damage|p2a: Araquanid|43/100
|
|upkeep
|turn|12
|
|t:|1779670468
|switch|p1a: Pecharunt|Pecharunt|98/100
|move|p2a: Araquanid|Surf|p1a: Pecharunt
|-damage|p1a: Pecharunt|64/100
|
|upkeep
|turn|13
|
|t:|1779670474
|move|p1a: Pecharunt|Recover|p1a: Pecharunt
|-heal|p1a: Pecharunt|100/100
|move|p2a: Araquanid|Surf|p1a: Pecharunt
|-damage|p1a: Pecharunt|65/100
|
|upkeep
|turn|14
|
|t:|1779670478
|move|p1a: Pecharunt|Parting Shot|p2a: Araquanid
|-unboost|p2a: Araquanid|atk|1
|-unboost|p2a: Araquanid|spa|1
|
|t:|1779670480
|switch|p1a: Dragapult|Dragapult, M|100/100|[from] Parting Shot
|move|p2a: Araquanid|Lunge|p1a: Dragapult
|-resisted|p1a: Dragapult
|-damage|p1a: Dragapult|91/100
|-unboost|p1a: Dragapult|atk|1
|
|upkeep
|turn|15
|
|t:|1779670489
|move|p1a: Dragapult|Dragon Darts|p2a: Araquanid
|-damage|p2a: Araquanid|27/100
|-anim|p1a: Dragapult|Dragon Darts|p2a: Araquanid
|-damage|p2a: Araquanid|11/100
|move|p2a: Araquanid|Surf|p1a: Dragapult
|-resisted|p1a: Dragapult
|-damage|p1a: Dragapult|74/100
|
|upkeep
|turn|16
|-enditem|p2a: Araquanid|Custap Berry|[eat]
|-activate|p2a: Araquanid|item: Custap Berry|[consumed]
|
|t:|1779670498
|move|p2a: Araquanid|Lunge|p1a: Dragapult
|-resisted|p1a: Dragapult
|-damage|p1a: Dragapult|64/100
|-unboost|p1a: Dragapult|atk|1
|move|p1a: Dragapult|U-turn|p2a: Araquanid
|-damage|p2a: Araquanid|1/100
|
|t:|1779670504
|switch|p1a: Pecharunt|Pecharunt|65/100|[from] U-turn
|
|upkeep
|turn|17
|
|t:|1779670511
|switch|p2a: Gholdengo|Gholdengo, shiny|97/100
|move|p1a: Pecharunt|Foul Play|p2a: Gholdengo
|-supereffective|p2a: Gholdengo
|-damage|p2a: Gholdengo|74/100
|
|upkeep
|turn|18
|
|t:|1779670521
|switch|p1a: Ting-Lu|Ting-Lu|100/100
|-activate|p1a: Ting-Lu|move: Sticky Web
|-unboost|p1a: Ting-Lu|spe|1
|-ability|p1a: Ting-Lu|Vessel of Ruin
|move|p2a: Gholdengo|Nasty Plot|p2a: Gholdengo
|-boost|p2a: Gholdengo|spa|2
|
|upkeep
|turn|19
|
|t:|1779670524
|move|p2a: Gholdengo|Focus Blast|p1a: Ting-Lu|[miss]
|-miss|p2a: Gholdengo|p1a: Ting-Lu
|move|p1a: Ting-Lu|Earthquake|p2a: Gholdengo
|-supereffective|p2a: Gholdengo
|-damage|p2a: Gholdengo|0 fnt
|faint|p2a: Gholdengo
|
|upkeep
|
|t:|1779670531
|switch|p2a: Ogerpon|Ogerpon-Cornerstone, F|100/100
|turn|20
|
|t:|1779670534
|move|p2a: Ogerpon|Swords Dance|p2a: Ogerpon
|-boost|p2a: Ogerpon|atk|2
|move|p1a: Ting-Lu|Whirlwind|p2a: Ogerpon
|drag|p2a: Zamazenta|Zamazenta|100/100
|
|upkeep
|turn|21
|
|t:|1779670538
|switch|p1a: Pecharunt|Pecharunt|65/100
|move|p2a: Zamazenta|Howl|p2a: Zamazenta
|-boost|p2a: Zamazenta|atk|1
|
|upkeep
|turn|22
|
|t:|1779670542
|-terastallize|p2a: Zamazenta|Dark
|move|p2a: Zamazenta|Crunch|p1a: Pecharunt
|-supereffective|p1a: Pecharunt
|-damage|p1a: Pecharunt|8/100
|-unboost|p1a: Pecharunt|def|1
|move|p1a: Pecharunt|Recover|p1a: Pecharunt
|-heal|p1a: Pecharunt|58/100
|
|upkeep
|turn|23
|
|t:|1779670550
|switch|p1a: Corviknight|Corviknight, F, shiny|78/100
|-ability|p1a: Corviknight|Pressure
|move|p2a: Zamazenta|Crunch|p1a: Corviknight
|-damage|p1a: Corviknight|44/100
|-damage|p2a: Zamazenta|84/100|[from] item: Rocky Helmet|[of] p1a: Corviknight
|
|upkeep
|turn|24
|
|t:|1779670557
|move|p2a: Zamazenta|Close Combat|p1a: Corviknight
|-damage|p1a: Corviknight|0 fnt
|-unboost|p2a: Zamazenta|def|1
|-unboost|p2a: Zamazenta|spd|1
|-damage|p2a: Zamazenta|67/100|[from] item: Rocky Helmet|[of] p1a: Corviknight
|faint|p1a: Corviknight
|
|upkeep
|
|t:|1779670563
|switch|p1a: Dragapult|Dragapult, M|64/100
|turn|25
|
|t:|1779670566
|switch|p2a: Araquanid|Araquanid, F, shiny|1/100
|move|p1a: Dragapult|Thunder Wave|p2a: Araquanid
|-status|p2a: Araquanid|par
|
|upkeep
|turn|26
|
|t:|1779670572
|move|p1a: Dragapult|Dragon Darts|p2a: Araquanid
|-damage|p2a: Araquanid|0 fnt
|faint|p2a: Araquanid
|
|upkeep
|
|t:|1779670578
|switch|p2a: Ogerpon|Ogerpon-Cornerstone, F|100/100
|turn|27
|
|t:|1779670581
|move|p1a: Dragapult|U-turn|p2a: Ogerpon
|-supereffective|p2a: Ogerpon
|-damage|p2a: Ogerpon|45/100
|
|t:|1779670583
|switch|p1a: Pecharunt|Pecharunt|58/100|[from] U-turn
|move|p2a: Ogerpon|Ivy Cudgel|p1a: Pecharunt|[anim] Ivy Cudgel Rock
|-damage|p1a: Pecharunt|29/100
|
|upkeep
|turn|28
|
|t:|1779670590
|move|p2a: Ogerpon|Knock Off|p1a: Pecharunt
|-supereffective|p1a: Pecharunt
|-damage|p1a: Pecharunt|0 fnt
|-enditem|p1a: Pecharunt|Heavy-Duty Boots|[from] move: Knock Off|[of] p2a: Ogerpon
|faint|p1a: Pecharunt
|
|upkeep
|
|t:|1779670592
|switch|p1a: Dragapult|Dragapult, M|64/100
|turn|29
|
|t:|1779670596
|move|p1a: Dragapult|Dragon Darts|p2a: Ogerpon
|-damage|p2a: Ogerpon|13/100
|-anim|p1a: Dragapult|Dragon Darts|p2a: Ogerpon
|-damage|p2a: Ogerpon|0 fnt
|faint|p2a: Ogerpon
|
|upkeep
|
|t:|1779670603
|switch|p2a: Zamazenta|Zamazenta, tera:Dark|67/100
|turn|30
|
|t:|1779670609
|move|p1a: Dragapult|U-turn|p2a: Zamazenta
|-supereffective|p2a: Zamazenta
|-damage|p2a: Zamazenta|25/100
|
|t:|1779670611
|switch|p1a: K-Pop Demon Hunter|Ogerpon-Wellspring, F|32/100|[from] U-turn
|-activate|p1a: K-Pop Demon Hunter|move: Sticky Web
|-unboost|p1a: K-Pop Demon Hunter|spe|1
|move|p2a: Zamazenta|Crunch|p1a: K-Pop Demon Hunter
|-damage|p1a: K-Pop Demon Hunter|0 fnt
|faint|p1a: K-Pop Demon Hunter
|
|upkeep
|
|t:|1779670612
|switch|p1a: Dragapult|Dragapult, M|64/100
|turn|31
|
|t:|1779670615
|move|p1a: Dragapult|Dragon Darts|p2a: Zamazenta
|-damage|p2a: Zamazenta|4/100
|-anim|p1a: Dragapult|Dragon Darts|p2a: Zamazenta
|-damage|p2a: Zamazenta|0 fnt
|faint|p2a: Zamazenta
|
|upkeep
|
|t:|1779670617
|switch|p2a: Dragonite|Dragonite, F|100/100
|turn|32
|
|t:|1779670623
|-terastallize|p1a: Dragapult|Dragon
|move|p1a: Dragapult|Dragon Darts|p2a: Dragonite
|-supereffective|p2a: Dragonite
|-damage|p2a: Dragonite|66/100
|-anim|p1a: Dragapult|Dragon Darts|p2a: Dragonite
|-supereffective|p2a: Dragonite
|-damage|p2a: Dragonite|0 fnt
|faint|p2a: Dragonite
|
|win|InkyDarkBird
|raw|InkyDarkBird's rating: 1580 &rarr; <strong>1597</strong><br />(+17 for winning)
|raw|OscarGamble's rating: 1524 &rarr; <strong>1507</strong><br />(-17 for losing)
