|j|☆Macrel
|j|☆IAmNotAmanda
|t:|1779568638
|gametype|singles
|player|p1|Macrel|cynthia-gen4|1468
|player|p2|IAmNotAmanda|iris-gen5bw2|1486
|gen|9
|tier|[Gen 9] OU
|rated|
|rule|HP Percentage Mod: HP is shown in percentages
|rule|Endless Battle Clause: Forcing endless battles is banned
|rule|Species Clause: Limit one of each Pokémon
|rule|OHKO Clause: OHKO moves are banned
|rule|Evasion Items Clause: Evasion items are banned
|rule|Evasion Moves Clause: Evasion moves are banned
|rule|Evasion Abilities Clause: Evasion abilities are banned
|rule|Sleep Moves Clause: Sleep-inducing moves are banned
|clearpoke
|poke|p1|Jolteon, F|
|poke|p1|Slowking-Galar, F|
|poke|p1|Great Tusk|
|poke|p1|Moltres|
|poke|p1|Kingambit, F|
|poke|p1|Hydrapple, F|
|poke|p2|Ting-Lu|
|poke|p2|Alomomola, M|
|poke|p2|Gholdengo|
|poke|p2|Iron Valiant|
|poke|p2|Ogerpon-Wellspring, F|
|poke|p2|Great Tusk|
|teampreview
|inactive|Battle timer is ON: inactive players will automatically lose when time's up. (requested by IAmNotAmanda)
|inactive|Macrel also wants the timer to be on.
|
|t:|1779568648
|teamsize|p1|6
|teamsize|p2|6
|start
|switch|p1a: Great Tusk|Great Tusk|100/100
|switch|p2a: Ting-Lu|Ting-Lu|100/100
|-ability|p2a: Ting-Lu|Vessel of Ruin
|turn|1
|
|t:|1779568655
|move|p1a: Great Tusk|Body Press|p2a: Ting-Lu
|-supereffective|p2a: Ting-Lu
|-damage|p2a: Ting-Lu|54/100
|move|p2a: Ting-Lu|Ruination|p1a: Great Tusk
|-damage|p1a: Great Tusk|50/100
|
|-heal|p2a: Ting-Lu|60/100|[from] item: Leftovers
|upkeep
|turn|2
|
|t:|1779568664
|switch|p2a: Alomomola|Alomomola, M|100/100
|move|p1a: Great Tusk|Stealth Rock|p2a: Alomomola
|-sidestart|p2: IAmNotAmanda|move: Stealth Rock
|
|upkeep
|turn|3
|
|t:|1779568671
|move|p1a: Great Tusk|Earthquake|p2a: Alomomola
|-damage|p2a: Alomomola|77/100
|move|p2a: Alomomola|Scald|p1a: Great Tusk
|-supereffective|p1a: Great Tusk
|-damage|p1a: Great Tusk|12/100
|-status|p1a: Great Tusk|brn
|
|-damage|p1a: Great Tusk|6/100 brn|[from] brn
|upkeep
|turn|4
|
|t:|1779568682
|move|p1a: Great Tusk|Body Press|p2a: Alomomola
|-damage|p2a: Alomomola|64/100
|move|p2a: Alomomola|Flip Turn|p1a: Great Tusk
|-supereffective|p1a: Great Tusk
|-damage|p1a: Great Tusk|0 fnt
|-damage|p2a: Alomomola|48/100|[from] item: Rocky Helmet|[of] p1a: Great Tusk
|faint|p1a: Great Tusk
|-end|p1a: Great Tusk|Protosynthesis|[silent]
|
|t:|1779568690
|switch|p2a: Great Tusk|Great Tusk|100/100|[from] Flip Turn
|-damage|p2a: Great Tusk|97/100|[from] Stealth Rock
|-enditem|p2a: Great Tusk|Booster Energy
|-activate|p2a: Great Tusk|ability: Protosynthesis|[fromitem]
|-start|p2a: Great Tusk|protosynthesisspe
|
|upkeep
|
|t:|1779568694
|switch|p1a: Hydrapple|Hydrapple, F|100/100
|turn|5
|
|t:|1779568700
|-terastallize|p2a: Great Tusk|Steel
|move|p2a: Great Tusk|Ice Spinner|p1a: Hydrapple
|-supereffective|p1a: Hydrapple
|-damage|p1a: Hydrapple|47/100
|move|p1a: Hydrapple|Giga Drain|p2a: Great Tusk
|-resisted|p2a: Great Tusk
|-damage|p2a: Great Tusk|78/100
|-heal|p1a: Hydrapple|57/100|[from] drain|[of] p2a: Great Tusk
|
|upkeep
|turn|6
|
|t:|1779568710
|move|p2a: Great Tusk|Rapid Spin|p1a: Hydrapple
|-damage|p1a: Hydrapple|48/100
|-boost|p2a: Great Tusk|spe|1
|-sideend|p2: IAmNotAmanda|Stealth Rock|[from] move: Rapid Spin|[of] p2a: Great Tusk
|move|p1a: Hydrapple|Earth Power|p2a: Great Tusk
|-supereffective|p2a: Great Tusk
|-damage|p2a: Great Tusk|13/100
|
|upkeep
|turn|7
|
|t:|1779568719
|switch|p1a: Moltres|Moltres|100/100
|move|p2a: Great Tusk|Ice Spinner|p1a: Moltres
|-damage|p1a: Moltres|82/100
|-status|p2a: Great Tusk|brn|[from] ability: Flame Body|[of] p1a: Moltres
|
|-damage|p2a: Great Tusk|7/100 brn|[from] brn
|upkeep
|turn|8
|
|t:|1779568726
|move|p2a: Great Tusk|Ice Spinner|p1a: Moltres
|-damage|p1a: Moltres|73/100
|move|p1a: Moltres|Will-O-Wisp|p2a: Great Tusk
|-fail|p2a: Great Tusk|brn
|
|-damage|p2a: Great Tusk|1/100 brn|[from] brn
|upkeep
|turn|9
|
|t:|1779568731
|move|p2a: Great Tusk|Ice Spinner|p1a: Moltres
|-damage|p1a: Moltres|64/100
|move|p1a: Moltres|Roost|p1a: Moltres
|-heal|p1a: Moltres|100/100
|-singleturn|p1a: Moltres|move: Roost
|
|-damage|p2a: Great Tusk|0 fnt|[from] brn
|faint|p2a: Great Tusk
|-end|p2a: Great Tusk|Protosynthesis|[silent]
|upkeep
|
|t:|1779568740
|switch|p2a: Ogerpon|Ogerpon-Wellspring, F|100/100
|turn|10
|
|t:|1779568745
|switch|p1a: Hydrapple|Hydrapple, F|81/100
|move|p2a: Ogerpon|Encore||[still]
|-fail|p2a: Ogerpon
|
|upkeep
|turn|11
|
|t:|1779568749
|switch|p2a: Gholdengo|Gholdengo|100/100
|-item|p2a: Gholdengo|Air Balloon
|move|p1a: Hydrapple|Giga Drain|p2a: Gholdengo
|-resisted|p2a: Gholdengo
|-damage|p2a: Gholdengo|82/100
|-heal|p1a: Hydrapple|88/100|[from] drain|[of] p2a: Gholdengo
|-enditem|p2a: Gholdengo|Air Balloon
|
|upkeep
|turn|12
|
|t:|1779568757
|switch|p1a: Kingambit|Kingambit, F|100/100
|-activate|p1a: Kingambit|ability: Supreme Overlord
|-start|p1a: Kingambit|fallen1|[silent]
|move|p2a: Gholdengo|Nasty Plot|p2a: Gholdengo
|-boost|p2a: Gholdengo|spa|2
|
|upkeep
|turn|13
|
|t:|1779568764
|switch|p2a: Alomomola|Alomomola, M|81/100
|move|p1a: Kingambit|Kowtow Cleave|p2a: Alomomola
|-damage|p2a: Alomomola|53/100
|
|upkeep
|turn|14
|
|t:|1779568772
|-end|p1a: Kingambit|fallen1|[silent]
|switch|p1a: Slowking|Slowking-Galar, F|100/100
|move|p2a: Alomomola|Wish|p2a: Alomomola
|
|upkeep
|turn|15
|
|t:|1779568776
|move|p1a: Slowking|Flamethrower|p2a: Alomomola
|-resisted|p2a: Alomomola
|-damage|p2a: Alomomola|37/100
|move|p2a: Alomomola|Mirror Coat|p1a: Slowking
|-damage|p1a: Slowking|58/100
|
|-heal|p2a: Alomomola|87/100|[from] move: Wish|[wisher] Alomomola
|upkeep
|turn|16
|
|t:|1779568785
|move|p2a: Alomomola|Flip Turn|p1a: Slowking
|-damage|p1a: Slowking|41/100
|
|t:|1779568789
|switch|p2a: Gholdengo|Gholdengo|82/100|[from] Flip Turn
|move|p1a: Slowking|Sludge Bomb|p2a: Gholdengo
|-immune|p2a: Gholdengo
|
|upkeep
|turn|17
|
|t:|1779568797
|switch|p1a: Kingambit|Kingambit, F|100/100
|-activate|p1a: Kingambit|ability: Supreme Overlord
|-start|p1a: Kingambit|fallen1|[silent]
|move|p2a: Gholdengo|Shadow Ball|p1a: Kingambit
|-resisted|p1a: Kingambit
|-damage|p1a: Kingambit|78/100
|
|-heal|p1a: Kingambit|84/100|[from] item: Leftovers
|upkeep
|turn|18
|
|t:|1779568808
|switch|p2a: Alomomola|Alomomola, M|100/100
|move|p1a: Kingambit|Iron Head|p2a: Alomomola
|-resisted|p2a: Alomomola
|-damage|p2a: Alomomola|87/100
|
|-heal|p1a: Kingambit|90/100|[from] item: Leftovers
|upkeep
|turn|19
|
|t:|1779568819
|-end|p1a: Kingambit|fallen1|[silent]
|switch|p1a: Slowking|Slowking-Galar, F|74/100
|move|p2a: Alomomola|Flip Turn|p1a: Slowking
|-damage|p1a: Slowking|57/100
|
|t:|1779568825
|switch|p2a: Gholdengo|Gholdengo|82/100|[from] Flip Turn
|
|upkeep
|turn|20
|
|t:|1779568829
|move|p2a: Gholdengo|Shadow Ball|p1a: Slowking
|-supereffective|p1a: Slowking
|-damage|p1a: Slowking|19/100
|move|p1a: Slowking|Flamethrower|p2a: Gholdengo
|-supereffective|p2a: Gholdengo
|-damage|p2a: Gholdengo|22/100
|
|upkeep
|turn|21
|
|t:|1779568837
|switch|p1a: Kingambit|Kingambit, F|90/100
|-activate|p1a: Kingambit|ability: Supreme Overlord
|-start|p1a: Kingambit|fallen1|[silent]
|move|p2a: Gholdengo|Recover|p2a: Gholdengo
|-heal|p2a: Gholdengo|72/100
|
|-heal|p1a: Kingambit|96/100|[from] item: Leftovers
|upkeep
|turn|22
|
|t:|1779568848
|switch|p2a: Alomomola|Alomomola, M|100/100
|move|p1a: Kingambit|Swords Dance|p1a: Kingambit
|-boost|p1a: Kingambit|atk|2
|
|-heal|p1a: Kingambit|100/100|[from] item: Leftovers
|upkeep
|turn|23
|
|t:|1779568852
|move|p1a: Kingambit|Kowtow Cleave|p2a: Alomomola
|-damage|p2a: Alomomola|47/100
|move|p2a: Alomomola|Scald|p1a: Kingambit
|-damage|p1a: Kingambit|85/100
|-status|p1a: Kingambit|brn
|
|-heal|p1a: Kingambit|91/100 brn|[from] item: Leftovers
|-damage|p1a: Kingambit|85/100 brn|[from] brn
|upkeep
|turn|24
|c|☆Macrel|of course
|
|t:|1779568863
|move|p1a: Kingambit|Swords Dance|p1a: Kingambit
|-boost|p1a: Kingambit|atk|2
|move|p2a: Alomomola|Wish|p2a: Alomomola
|
|-heal|p1a: Kingambit|91/100 brn|[from] item: Leftovers
|-damage|p1a: Kingambit|85/100 brn|[from] brn
|upkeep
|turn|25
|
|t:|1779568871
|move|p1a: Kingambit|Kowtow Cleave|p2a: Alomomola
|-damage|p2a: Alomomola|5/100
|move|p2a: Alomomola|Flip Turn|p1a: Kingambit
|-damage|p1a: Kingambit|70/100 brn
|
|t:|1779568877
|switch|p2a: Ting-Lu|Ting-Lu|60/100|[from] Flip Turn
|-ability|p2a: Ting-Lu|Vessel of Ruin
|
|-heal|p2a: Ting-Lu|100/100|[from] move: Wish|[wisher] Alomomola
|-heal|p1a: Kingambit|76/100 brn|[from] item: Leftovers
|-damage|p1a: Kingambit|70/100 brn|[from] brn
|upkeep
|turn|26
|
|t:|1779568888
|move|p1a: Kingambit|Iron Head|p2a: Ting-Lu
|-damage|p2a: Ting-Lu|62/100
|move|p2a: Ting-Lu|Stealth Rock|p1a: Kingambit
|-sidestart|p1: Macrel|move: Stealth Rock
|
|-heal|p1a: Kingambit|76/100 brn|[from] item: Leftovers
|-heal|p2a: Ting-Lu|68/100|[from] item: Leftovers
|-damage|p1a: Kingambit|70/100 brn|[from] brn
|upkeep
|turn|27
|
|t:|1779568897
|move|p1a: Kingambit|Iron Head|p2a: Ting-Lu
|-damage|p2a: Ting-Lu|23/100
|move|p2a: Ting-Lu|Whirlwind|p1a: Kingambit
|-end|p1a: Kingambit|fallen1|[silent]
|drag|p1a: Jolteon|Jolteon, F|100/100
|
|-heal|p2a: Ting-Lu|29/100|[from] item: Leftovers
|upkeep
|turn|28
|
|t:|1779568908
|switch|p1a: Hydrapple|Hydrapple, F|100/100
|move|p2a: Ting-Lu|Spikes|p1a: Hydrapple
|-sidestart|p1: Macrel|Spikes
|
|-heal|p2a: Ting-Lu|35/100|[from] item: Leftovers
|upkeep
|turn|29
|
|t:|1779568917
|move|p1a: Hydrapple|Giga Drain|p2a: Ting-Lu
|-supereffective|p2a: Ting-Lu
|-damage|p2a: Ting-Lu|12/100
|move|p2a: Ting-Lu|Spikes|p1a: Hydrapple
|-sidestart|p1: Macrel|Spikes
|
|-heal|p2a: Ting-Lu|18/100|[from] item: Leftovers
|upkeep
|turn|30
|
|t:|1779568926
|move|p1a: Hydrapple|Giga Drain|p2a: Ting-Lu
|-supereffective|p2a: Ting-Lu
|-damage|p2a: Ting-Lu|0 fnt
|faint|p2a: Ting-Lu
|
|upkeep
|
|t:|1779568928
|switch|p2a: Gholdengo|Gholdengo|72/100
|turn|31
|
|t:|1779568932
|move|p2a: Gholdengo|Nasty Plot|p2a: Gholdengo
|-boost|p2a: Gholdengo|spa|2
|move|p1a: Hydrapple|Earth Power|p2a: Gholdengo
|-supereffective|p2a: Gholdengo
|-crit|p2a: Gholdengo
|-damage|p2a: Gholdengo|0 fnt
|faint|p2a: Gholdengo
|
|upkeep
|
|t:|1779568936
|switch|p2a: Ogerpon|Ogerpon-Wellspring, F|100/100
|turn|32
|
|t:|1779568941
|move|p2a: Ogerpon|Encore|p1a: Hydrapple
|-start|p1a: Hydrapple|Encore
|move|p1a: Hydrapple|Earth Power|p2a: Ogerpon
|-resisted|p2a: Ogerpon
|-damage|p2a: Ogerpon|86/100
|
|upkeep
|turn|33
|
|t:|1779568947
|switch|p1a: Jolteon|Jolteon, F|100/100
|move|p2a: Ogerpon|Swords Dance|p2a: Ogerpon
|-boost|p2a: Ogerpon|atk|2
|
|upkeep
|turn|34
|
|t:|1779568949
|move|p1a: Jolteon|Volt Switch|p2a: Ogerpon
|-damage|p2a: Ogerpon|49/100
|
|t:|1779568952
|switch|p1a: Hydrapple|Hydrapple, F|100/100|[from] Volt Switch
|move|p2a: Ogerpon|Horn Leech|p1a: Hydrapple
|-resisted|p1a: Hydrapple
|-crit|p1a: Hydrapple
|-damage|p1a: Hydrapple|82/100
|-heal|p2a: Ogerpon|62/100|[from] drain|[of] p1a: Hydrapple
|
|upkeep
|turn|35
|
|t:|1779568957
|move|p2a: Ogerpon|Ivy Cudgel|p1a: Hydrapple|[anim] Ivy Cudgel Water
|-resisted|p1a: Hydrapple
|-damage|p1a: Hydrapple|66/100
|move|p1a: Hydrapple|Giga Drain|p2a: Ogerpon
|-damage|p2a: Ogerpon|25/100
|-heal|p1a: Hydrapple|80/100|[from] drain|[of] p2a: Ogerpon
|
|upkeep
|turn|36
|
|t:|1779568964
|move|p2a: Ogerpon|Encore|p1a: Hydrapple
|-start|p1a: Hydrapple|Encore
|move|p1a: Hydrapple|Giga Drain|p2a: Ogerpon
|-damage|p2a: Ogerpon|0 fnt
|-heal|p1a: Hydrapple|89/100|[from] drain|[of] p2a: Ogerpon
|faint|p2a: Ogerpon
|
|upkeep
|
|t:|1779568965
|switch|p2a: Iron Valiant|Iron Valiant|100/100
|-enditem|p2a: Iron Valiant|Booster Energy
|-activate|p2a: Iron Valiant|ability: Quark Drive|[fromitem]
|-start|p2a: Iron Valiant|quarkdrivespe
|turn|37
|
|t:|1779568971
|move|p2a: Iron Valiant|Calm Mind|p2a: Iron Valiant
|-boost|p2a: Iron Valiant|spa|1
|-boost|p2a: Iron Valiant|spd|1
|move|p1a: Hydrapple|Giga Drain|p2a: Iron Valiant
|-damage|p2a: Iron Valiant|63/100
|-heal|p1a: Hydrapple|100/100|[from] drain|[of] p2a: Iron Valiant
|
|upkeep
|turn|38
|
|t:|1779568974
|move|p2a: Iron Valiant|Calm Mind|p2a: Iron Valiant
|-boost|p2a: Iron Valiant|spa|1
|-boost|p2a: Iron Valiant|spd|1
|move|p1a: Hydrapple|Giga Drain|p2a: Iron Valiant
|-damage|p2a: Iron Valiant|35/100
|
|-end|p1a: Hydrapple|Encore
|upkeep
|turn|39
|
|t:|1779568978
|move|p2a: Iron Valiant|Calm Mind|p2a: Iron Valiant
|-boost|p2a: Iron Valiant|spa|1
|-boost|p2a: Iron Valiant|spd|1
|move|p1a: Hydrapple|Giga Drain|p2a: Iron Valiant
|-damage|p2a: Iron Valiant|12/100
|
|upkeep
|turn|40
|
|t:|1779568981
|move|p2a: Iron Valiant|Moonblast|p1a: Hydrapple
|-supereffective|p1a: Hydrapple
|-damage|p1a: Hydrapple|0 fnt
|faint|p1a: Hydrapple
|
|upkeep
|
|t:|1779568989
|switch|p1a: Slowking|Slowking-Galar, F|52/100
|-damage|p1a: Slowking|40/100|[from] Stealth Rock
|-damage|p1a: Slowking|23/100|[from] Spikes
|turn|41
|
|t:|1779568996
|move|p2a: Iron Valiant|Shadow Ball|p1a: Slowking
|-supereffective|p1a: Slowking
|-damage|p1a: Slowking|0 fnt
|faint|p1a: Slowking
|
|upkeep
|
|t:|1779568998
|switch|p1a: Moltres|Moltres|100/100
|turn|42
|
|t:|1779569006
|move|p2a: Iron Valiant|Shadow Ball|p1a: Moltres
|-damage|p1a: Moltres|44/100
|-unboost|p1a: Moltres|spd|1
|move|p1a: Moltres|Flamethrower|p2a: Iron Valiant
|-damage|p2a: Iron Valiant|0 fnt
|faint|p2a: Iron Valiant
|-end|p2a: Iron Valiant|Quark Drive|[silent]
|
|upkeep
|
|t:|1779569007
|switch|p2a: Alomomola|Alomomola, M|38/100
|turn|43
|
|t:|1779569010
|move|p1a: Moltres|Will-O-Wisp|p2a: Alomomola
|-status|p2a: Alomomola|brn
|move|p2a: Alomomola|Wish|p2a: Alomomola
|
|-damage|p2a: Alomomola|32/100 brn|[from] brn
|upkeep
|turn|44
|
|t:|1779569016
|move|p1a: Moltres|Roost|p1a: Moltres
|-heal|p1a: Moltres|94/100
|-singleturn|p1a: Moltres|move: Roost
|move|p2a: Alomomola|Scald|p1a: Moltres
|-supereffective|p1a: Moltres
|-damage|p1a: Moltres|61/100
|
|-heal|p2a: Alomomola|82/100 brn|[from] move: Wish|[wisher] Alomomola
|-damage|p2a: Alomomola|76/100 brn|[from] brn
|upkeep
|turn|45
|
|t:|1779569030
|move|p1a: Moltres|Scorching Sands|p2a: Alomomola
|-damage|p2a: Alomomola|50/100 brn
|move|p2a: Alomomola|Wish|p2a: Alomomola
|
|-damage|p2a: Alomomola|44/100 brn|[from] brn
|upkeep
|turn|46
|
|t:|1779569039
|move|p1a: Moltres|Scorching Sands|p2a: Alomomola
|-damage|p2a: Alomomola|21/100 brn
|move|p2a: Alomomola|Mirror Coat|p1a: Moltres
|-damage|p1a: Moltres|0 fnt
|faint|p1a: Moltres
|
|-heal|p2a: Alomomola|71/100 brn|[from] move: Wish|[wisher] Alomomola
|-damage|p2a: Alomomola|65/100 brn|[from] brn
|upkeep
|
|t:|1779569044
|switch|p1a: Jolteon|Jolteon, F|100/100
|turn|47
|
|t:|1779569051
|move|p1a: Jolteon|Calm Mind|p1a: Jolteon
|-boost|p1a: Jolteon|spa|1
|-boost|p1a: Jolteon|spd|1
|move|p2a: Alomomola|Mirror Coat||[still]
|-fail|p2a: Alomomola
|
|-damage|p2a: Alomomola|59/100 brn|[from] brn
|upkeep
|turn|48
|
|t:|1779569055
|move|p1a: Jolteon|Calm Mind|p1a: Jolteon
|-boost|p1a: Jolteon|spa|1
|-boost|p1a: Jolteon|spd|1
|move|p2a: Alomomola|Mirror Coat||[still]
|-fail|p2a: Alomomola
|
|-damage|p2a: Alomomola|53/100 brn|[from] brn
|upkeep
|turn|49
|-message|IAmNotAmanda forfeited.
|
|win|Macrel
|raw|Macrel's rating: 1468 &rarr; <strong>1489</strong><br />(+21 for winning)
|raw|IAmNotAmanda's rating: 1486 &rarr; <strong>1465</strong><br />(-21 for losing)
|l|☆IAmNotAmanda
|player|p2|
|l|☆Macrel
|player|p1|
