|j|☆thedragonempire2.0
|j|☆FireSide_01
|t:|1779718195
|gametype|singles
|player|p1|thedragonempire2.0|ghetsis|1381
|player|p2|FireSide_01|janine|1394
|gen|9
|tier|[Gen 9] OU
|rated|
|rule|HP Percentage Mod: HP is shown in percentages
|rule|Endless Battle Clause: Forcing endless battles is banned
|rule|Species Clause: Limit one of each Pokémon
|rule|OHKO Clause: OHKO moves are banned
|rule|Evasion Items Clause: Evasion items are banned
|rule|Evasion Moves Clause: Evasion moves are banned
|rule|Evasion Abilities Clause: Evasion abilities are banned
|rule|Sleep Moves Clause: Sleep-inducing moves are banned
|clearpoke
|poke|p1|Tinkaton, F|
|poke|p1|Ogerpon, F|
|poke|p1|Great Tusk|
|poke|p1|Pecharunt|
|poke|p1|Alomomola, M|
|poke|p1|Hydreigon, M|
|poke|p2|Ninetales, F|
|poke|p2|Walking Wake|
|poke|p2|Typhlosion-Hisui, F|
|poke|p2|Great Tusk|
|poke|p2|Rillaboom, F|
|poke|p2|Raging Bolt|
|teampreview
|inactive|Battle timer is ON: inactive players will automatically lose when time's up. (requested by thedragonempire2.0)
|
|t:|1779718202
|teamsize|p1|6
|teamsize|p2|6
|start
|switch|p1a: Overseer|Pecharunt|100/100
|switch|p2a: Raging Bolt|Raging Bolt|100/100
|turn|1
|
|t:|1779718207
|-terastallize|p2a: Raging Bolt|Fairy
|move|p2a: Raging Bolt|Volt Switch|p1a: Overseer
|-damage|p1a: Overseer|58/100
|
|t:|1779718211
|-end|p2a: Raging Bolt|Protosynthesis|[silent]
|switch|p2a: Ninetales|Ninetales, F|100/100|[from] Volt Switch
|-weather|SunnyDay|[from] ability: Drought|[of] p2a: Ninetales
|move|p1a: Overseer|Parting Shot|p2a: Ninetales
|-unboost|p2a: Ninetales|atk|1
|-unboost|p2a: Ninetales|spa|1
|
|t:|1779718227
|switch|p1a: Underrated|Hydreigon, M, shiny|100/100|[from] Parting Shot
|
|-weather|SunnyDay|[upkeep]
|upkeep
|turn|2
|
|t:|1779718251
|switch|p2a: Raging Bolt|Raging Bolt, tera:Fairy|100/100
|-activate|p2a: Raging Bolt|ability: Protosynthesis
|-start|p2a: Raging Bolt|protosynthesisspa
|move|p1a: Underrated|Draco Meteor|p2a: Raging Bolt
|-immune|p2a: Raging Bolt
|
|-weather|SunnyDay|[upkeep]
|upkeep
|turn|3
|
|t:|1779718260
|switch|p1a: Behemoth|Great Tusk, shiny|100/100
|-activate|p1a: Behemoth|ability: Protosynthesis
|-start|p1a: Behemoth|protosynthesisatk
|move|p2a: Raging Bolt|Weather Ball|p1a: Behemoth
|-damage|p1a: Behemoth|0 fnt
|faint|p1a: Behemoth
|-end|p1a: Behemoth|Protosynthesis|[silent]
|
|-weather|SunnyDay|[upkeep]
|upkeep
|inactive|thedragonempire2.0 has 120 seconds left.
|
|t:|1779718281
|switch|p1a: Smile.exe|Tinkaton, F, shiny|100/100
|-item|p1a: Smile.exe|Air Balloon
|turn|4
|
|t:|1779718284
|move|p1a: Smile.exe|Gigaton Hammer|p2a: Raging Bolt
|-supereffective|p2a: Raging Bolt
|-damage|p2a: Raging Bolt|0 fnt
|faint|p2a: Raging Bolt
|-end|p2a: Raging Bolt|Protosynthesis|[silent]
|
|-weather|SunnyDay|[upkeep]
|upkeep
|
|t:|1779718296
|switch|p2a: Walking Wake|Walking Wake|100/100
|-activate|p2a: Walking Wake|ability: Protosynthesis
|-start|p2a: Walking Wake|protosynthesisspa
|turn|5
|
|t:|1779718303
|switch|p1a: Pisces|Alomomola, M, shiny|100/100
|move|p2a: Walking Wake|Hydro Steam|p1a: Pisces
|-resisted|p1a: Pisces
|-damage|p1a: Pisces|68/100
|
|-weather|SunnyDay|[upkeep]
|upkeep
|turn|6
|
|t:|1779718311
|-end|p2a: Walking Wake|Protosynthesis|[silent]
|switch|p2a: Rillaboom|Rillaboom, F|100/100
|-fieldstart|move: Grassy Terrain|[from] ability: Grassy Surge|[of] p2a: Rillaboom
|move|p1a: Pisces|Mirror Coat||[still]
|-fail|p1a: Pisces
|
|-weather|SunnyDay|[upkeep]
|-heal|p1a: Pisces|74/100|[from] Grassy Terrain
|upkeep
|turn|7
|
|t:|1779718315
|switch|p1a: Overseer|Pecharunt|58/100
|move|p2a: Rillaboom|Knock Off|p1a: Overseer
|-supereffective|p1a: Overseer
|-damage|p1a: Overseer|11/100
|-damage|p2a: Rillaboom|84/100|[from] item: Rocky Helmet|[of] p1a: Overseer
|-enditem|p1a: Overseer|Rocky Helmet|[from] move: Knock Off|[of] p2a: Rillaboom
|
|-weather|SunnyDay|[upkeep]
|-heal|p2a: Rillaboom|90/100|[from] Grassy Terrain
|-heal|p1a: Overseer|17/100|[from] Grassy Terrain
|upkeep
|turn|8
|
|t:|1779718322
|move|p2a: Rillaboom|Knock Off|p1a: Overseer
|-supereffective|p1a: Overseer
|-damage|p1a: Overseer|0 fnt
|faint|p1a: Overseer
|
|-weather|none
|-heal|p2a: Rillaboom|96/100|[from] Grassy Terrain
|upkeep
|
|t:|1779718326
|switch|p1a: Smile.exe|Tinkaton, F, shiny|100/100
|-item|p1a: Smile.exe|Air Balloon
|turn|9
|
|t:|1779718330
|switch|p2a: Ninetales|Ninetales, F|100/100
|-weather|SunnyDay|[from] ability: Drought|[of] p2a: Ninetales
|move|p1a: Smile.exe|Gigaton Hammer|p2a: Ninetales
|-resisted|p2a: Ninetales
|-damage|p2a: Ninetales|63/100
|
|-weather|SunnyDay|[upkeep]
|-heal|p2a: Ninetales|69/100|[from] Grassy Terrain
|upkeep
|turn|10
|l|☆thedragonempire2.0
|inactive|thedragonempire2.0 disconnected and has a minute to reconnect!
|player|p1|
|inactive|FireSide_01 has 120 seconds left.
|
|t:|1779718361
|move|p2a: Ninetales|Will-O-Wisp|p1a: Smile.exe
|-status|p1a: Smile.exe|brn
|move|p1a: Smile.exe|Stealth Rock|p2a: Ninetales
|-sidestart|p2: FireSide_01|move: Stealth Rock
|
|-weather|SunnyDay|[upkeep]
|-heal|p2a: Ninetales|75/100|[from] Grassy Terrain
|-damage|p1a: Smile.exe|94/100 brn|[from] brn
|-fieldend|move: Grassy Terrain
|upkeep
|turn|11
|inactive|FireSide_01 has 120 seconds left.
|j|☆thedragonempire2.0
|inactive|thedragonempire2.0 reconnected and has 140 seconds left.
|player|p1|thedragonempire2.0|ghetsis|
|
|t:|1779718377
|switch|p1a: Pisces|Alomomola, M, shiny|100/100
|move|p2a: Ninetales|Encore||[still]
|-fail|p2a: Ninetales
|
|-weather|SunnyDay|[upkeep]
|upkeep
|turn|12
|
|t:|1779718380
|switch|p2a: Great Tusk|Great Tusk|100/100
|-activate|p2a: Great Tusk|ability: Protosynthesis
|-start|p2a: Great Tusk|protosynthesisspe
|move|p1a: Pisces|Flip Turn|p2a: Great Tusk
|-supereffective|p2a: Great Tusk
|-damage|p2a: Great Tusk|90/100
|
|t:|1779718398
|switch|p1a: King in Green|Ogerpon, F|100/100|[from] Flip Turn
|
|-weather|SunnyDay|[upkeep]
|upkeep
|turn|13
|
|t:|1779718403
|-terastallize|p1a: King in Green|Grass
|detailschange|p1a: King in Green|Ogerpon-Teal-Tera, F, tera:Grass
|-ability|p1a: King in Green|Embody Aspect (Teal)|boost
|-boost|p1a: King in Green|spe|1
|move|p1a: King in Green|Ivy Cudgel|p2a: Great Tusk
|-supereffective|p2a: Great Tusk
|-damage|p2a: Great Tusk|0 fnt
|faint|p2a: Great Tusk
|-end|p2a: Great Tusk|Protosynthesis|[silent]
|
|-weather|SunnyDay|[upkeep]
|upkeep
|
|t:|1779718408
|switch|p2a: Rillaboom|Rillaboom, F|96/100
|-damage|p2a: Rillaboom|84/100|[from] Stealth Rock
|-fieldstart|move: Grassy Terrain|[from] ability: Grassy Surge|[of] p2a: Rillaboom
|turn|14
|
|t:|1779718411
|switch|p1a: Smile.exe|Tinkaton, F, shiny|94/100 brn
|-item|p1a: Smile.exe|Air Balloon
|move|p2a: Rillaboom|U-turn|p1a: Smile.exe
|-resisted|p1a: Smile.exe
|-damage|p1a: Smile.exe|80/100 brn
|-enditem|p1a: Smile.exe|Air Balloon
|-enditem|p2a: Rillaboom|Choice Band|[silent]|[from] ability: Pickpocket|[of] p2a: Rillaboom
|-item|p1a: Smile.exe|Choice Band|[from] ability: Pickpocket|[of] p2a: Rillaboom
|
|t:|1779718416
|switch|p2a: Walking Wake|Walking Wake|100/100|[from] U-turn
|-damage|p2a: Walking Wake|88/100|[from] Stealth Rock
|-activate|p2a: Walking Wake|ability: Protosynthesis
|-start|p2a: Walking Wake|protosynthesisspa
|
|-weather|SunnyDay|[upkeep]
|-heal|p2a: Walking Wake|94/100|[from] Grassy Terrain
|-heal|p1a: Smile.exe|86/100 brn|[from] Grassy Terrain
|-damage|p1a: Smile.exe|80/100 brn|[from] brn
|upkeep
|turn|15
|
|t:|1779718423
|move|p2a: Walking Wake|Draco Meteor|p1a: Smile.exe
|-immune|p1a: Smile.exe
|move|p1a: Smile.exe|Gigaton Hammer|p2a: Walking Wake
|-resisted|p2a: Walking Wake
|-damage|p2a: Walking Wake|70/100
|
|-weather|SunnyDay|[upkeep]
|-heal|p2a: Walking Wake|76/100|[from] Grassy Terrain
|-heal|p1a: Smile.exe|86/100 brn|[from] Grassy Terrain
|-damage|p1a: Smile.exe|80/100 brn|[from] brn
|upkeep
|turn|16
|
|t:|1779718428
|-end|p2a: Walking Wake|Protosynthesis|[silent]
|switch|p2a: Rillaboom|Rillaboom, F|84/100
|-damage|p2a: Rillaboom|72/100|[from] Stealth Rock
|switch|p1a: Pisces|Alomomola, M, shiny|100/100
|
|-weather|none
|-heal|p2a: Rillaboom|78/100|[from] Grassy Terrain
|upkeep
|turn|17
|
|t:|1779718433
|move|p2a: Rillaboom|Wood Hammer|p1a: Pisces
|-supereffective|p1a: Pisces
|-damage|p1a: Pisces|0 fnt
|faint|p1a: Pisces
|-damage|p2a: Rillaboom|26/100|[from] Recoil
|
|-heal|p2a: Rillaboom|32/100|[from] Grassy Terrain
|upkeep
|
|t:|1779718437
|switch|p1a: Underrated|Hydreigon, M, shiny|100/100
|turn|18
|
|t:|1779718441
|move|p2a: Rillaboom|Grassy Glide|p1a: Underrated
|-resisted|p1a: Underrated
|-damage|p1a: Underrated|76/100
|move|p1a: Underrated|Draco Meteor|p2a: Rillaboom
|-damage|p2a: Rillaboom|0 fnt
|-unboost|p1a: Underrated|spa|2
|faint|p2a: Rillaboom
|
|-fieldend|move: Grassy Terrain
|upkeep
|
|t:|1779718446
|switch|p2a: Ninetales|Ninetales, F|75/100
|-damage|p2a: Ninetales|50/100|[from] Stealth Rock
|-weather|SunnyDay|[from] ability: Drought|[of] p2a: Ninetales
|turn|19
|
|t:|1779718448
|move|p2a: Ninetales|Weather Ball|p1a: Underrated
|-resisted|p1a: Underrated
|-damage|p1a: Underrated|51/100
|move|p1a: Underrated|Draco Meteor|p2a: Ninetales
|-damage|p2a: Ninetales|5/100
|-unboost|p1a: Underrated|spa|2
|
|-weather|SunnyDay|[upkeep]
|upkeep
|turn|20
|
|t:|1779718460
|move|p2a: Ninetales|Healing Wish|p2a: Ninetales
|faint|p2a: Ninetales
|move|p1a: Underrated|Draco Meteor|p2: Ninetales|[notarget]
|-fail|p1a: Underrated
|
|-weather|SunnyDay|[upkeep]
|upkeep
|
|t:|1779718478
|switch|p2a: Walking Wake|Walking Wake|76/100
|-heal|p2a: Walking Wake|100/100|[from] move: Healing Wish
|-damage|p2a: Walking Wake|88/100|[from] Stealth Rock
|-activate|p2a: Walking Wake|ability: Protosynthesis
|-start|p2a: Walking Wake|protosynthesisspa
|turn|21
|
|t:|1779718485
|switch|p1a: Smile.exe|Tinkaton, F, shiny|80/100 brn
|move|p2a: Walking Wake|Flamethrower|p1a: Smile.exe
|-supereffective|p1a: Smile.exe
|-damage|p1a: Smile.exe|0 fnt
|faint|p1a: Smile.exe
|
|-weather|SunnyDay|[upkeep]
|upkeep
|
|t:|1779718492
|switch|p1a: Underrated|Hydreigon, M, shiny|51/100
|turn|22
|
|t:|1779718496
|move|p1a: Underrated|Draco Meteor|p2a: Walking Wake
|-supereffective|p2a: Walking Wake
|-damage|p2a: Walking Wake|0 fnt
|-unboost|p1a: Underrated|spa|2
|faint|p2a: Walking Wake
|-end|p2a: Walking Wake|Protosynthesis|[silent]
|
|-weather|SunnyDay|[upkeep]
|upkeep
|
|t:|1779718500
|switch|p2a: Typhlosion|Typhlosion-Hisui, F|100/100
|-damage|p2a: Typhlosion|75/100|[from] Stealth Rock
|turn|23
|
|t:|1779718506
|move|p2a: Typhlosion|Flamethrower|p1a: Underrated
|-resisted|p1a: Underrated
|-damage|p1a: Underrated|6/100
|move|p1a: Underrated|Draco Meteor|p2a: Typhlosion
|-damage|p2a: Typhlosion|6/100
|-unboost|p1a: Underrated|spa|2
|
|-weather|SunnyDay|[upkeep]
|upkeep
|turn|24
|
|t:|1779718512
|move|p2a: Typhlosion|Flamethrower|p1a: Underrated
|-resisted|p1a: Underrated
|-damage|p1a: Underrated|0 fnt
|faint|p1a: Underrated
|
|-weather|SunnyDay|[upkeep]
|upkeep
|
|t:|1779718514
|switch|p1a: King in Green|Ogerpon-Teal-Tera, F, tera:Grass|100/100
|-ability|p1a: King in Green|Embody Aspect (Teal)|boost
|-boost|p1a: King in Green|spe|1
|turn|25
|l|☆thedragonempire2.0
|inactive|thedragonempire2.0 disconnected and has a minute to reconnect!
|player|p1|
|j|☆thedragonempire2.0
|inactive|thedragonempire2.0 reconnected and has 140 seconds left.
|player|p1|thedragonempire2.0|ghetsis|
|
|t:|1779718531
|move|p1a: King in Green|Ivy Cudgel|p2a: Typhlosion
|-resisted|p2a: Typhlosion
|-damage|p2a: Typhlosion|0 fnt
|faint|p2a: Typhlosion
|
|win|thedragonempire2.0
|raw|thedragonempire2.0's rating: 1381 &rarr; <strong>1402</strong><br />(+21 for winning)
|raw|FireSide_01's rating: 1394 &rarr; <strong>1373</strong><br />(-21 for losing)
|c|☆FireSide_01|gg
|l|☆FireSide_01
|player|p2|
|c|☆thedragonempire2.0|Gg
|l|☆thedragonempire2.0
|player|p1|
