|j|☆pirlococo
|j|☆bradfish1761
|t:|1779650074
|gametype|singles
|player|p1|pirlococo|fisherman|1240
|player|p2|bradfish1761|elesa|1200
|gen|9
|tier|[Gen 9] OU
|rated|
|rule|HP Percentage Mod: HP is shown in percentages
|rule|Endless Battle Clause: Forcing endless battles is banned
|rule|Species Clause: Limit one of each Pokémon
|rule|OHKO Clause: OHKO moves are banned
|rule|Evasion Items Clause: Evasion items are banned
|rule|Evasion Moves Clause: Evasion moves are banned
|rule|Evasion Abilities Clause: Evasion abilities are banned
|rule|Sleep Moves Clause: Sleep-inducing moves are banned
|clearpoke
|poke|p1|Ribombee, M|
|poke|p1|Cinderace, M|
|poke|p1|Serperior, F|
|poke|p1|Mimikyu, F|
|poke|p1|Dragapult, F|
|poke|p1|Bisharp, F|
|poke|p2|Electrode-Hisui|
|poke|p2|Pelipper, F|
|poke|p2|Gholdengo|
|poke|p2|Cinderace, F|
|poke|p2|Great Tusk|
|poke|p2|Darkrai|
|teampreview
|inactive|Battle timer is ON: inactive players will automatically lose when time's up. (requested by pirlococo)
|inactive|bradfish1761 also wants the timer to be on.
|
|t:|1779650087
|teamsize|p1|6
|teamsize|p2|6
|start
|switch|p1a: Ribombee|Ribombee, M|100/100
|switch|p2a: Pelipper|Pelipper, F|100/100
|-weather|RainDance|[from] ability: Drizzle|[of] p2a: Pelipper
|turn|1
|
|t:|1779650098
|switch|p1a: Bisharp|Bisharp, F|100/100
|move|p2a: Pelipper|U-turn|p1a: Bisharp
|-damage|p1a: Bisharp|94/100
|
|t:|1779650103
|switch|p2a: Electrode|Electrode-Hisui|100/100|[from] U-turn
|
|-weather|RainDance|[upkeep]
|upkeep
|turn|2
|
|t:|1779650115
|switch|p1a: Dragapult|Dragapult, F|100/100
|-terastallize|p2a: Electrode|Electric
|move|p2a: Electrode|Thunder|p1a: Dragapult
|-resisted|p1a: Dragapult
|-damage|p1a: Dragapult|28/100
|-status|p1a: Dragapult|par
|
|-weather|RainDance|[upkeep]
|upkeep
|turn|3
|
|t:|1779650124
|move|p2a: Electrode|Thunder|p1a: Dragapult
|-resisted|p1a: Dragapult
|-damage|p1a: Dragapult|0 fnt
|faint|p1a: Dragapult
|
|-weather|RainDance|[upkeep]
|upkeep
|
|t:|1779650128
|switch|p1a: Ribombee|Ribombee, M|100/100
|turn|4
|
|t:|1779650131
|move|p1a: Ribombee|Sticky Web|p2a: Electrode
|-sidestart|p2: bradfish1761|move: Sticky Web
|move|p2a: Electrode|Thunder|p1a: Ribombee
|-enditem|p1a: Ribombee|Focus Sash
|-damage|p1a: Ribombee|1/100
|
|-weather|RainDance|[upkeep]
|upkeep
|turn|5
|
|t:|1779650145
|move|p1a: Ribombee|Psychic Noise|p2a: Electrode
|-damage|p2a: Electrode|67/100
|-start|p2a: Electrode|move: Heal Block
|move|p2a: Electrode|Thunder|p1a: Ribombee
|-damage|p1a: Ribombee|0 fnt
|faint|p1a: Ribombee
|
|-weather|RainDance|[upkeep]
|upkeep
|
|t:|1779650151
|switch|p1a: Cinderace|Cinderace, M|100/100
|turn|6
|
|t:|1779650153
|move|p1a: Cinderace|Court Change|p1a: Cinderace
|-start|p1a: Cinderace|typechange|Normal|[from] ability: Libero
|-swapsideconditions
|-activate|p1a: Cinderace|move: Court Change
|move|p2a: Electrode|Thunder|p1a: Cinderace
|-damage|p1a: Cinderace|0 fnt
|faint|p1a: Cinderace
|
|-weather|RainDance|[upkeep]
|-end|p2a: Electrode|move: Heal Block
|upkeep
|
|t:|1779650163
|switch|p1a: Bisharp|Bisharp, F|94/100
|-activate|p1a: Bisharp|move: Sticky Web
|-unboost|p1a: Bisharp|spe|1
|-ability|p1a: Bisharp|Defiant|boost
|-boost|p1a: Bisharp|atk|2
|turn|7
|
|t:|1779650167
|move|p2a: Electrode|Thunder|p1a: Bisharp
|-damage|p1a: Bisharp|15/100
|move|p1a: Bisharp|Swords Dance|p1a: Bisharp
|-boost|p1a: Bisharp|atk|2
|
|-weather|RainDance|[upkeep]
|upkeep
|turn|8
|
|t:|1779650172
|move|p1a: Bisharp|Sucker Punch|p2a: Electrode
|-damage|p2a: Electrode|0 fnt
|-damage|p1a: Bisharp|0 fnt|[from] ability: Aftermath|[of] p2a: Electrode
|faint|p2a: Electrode
|faint|p1a: Bisharp
|
|-weather|none
|upkeep
|
|t:|1779650177
|switch|p2a: Cinderace|Cinderace, F|100/100
|switch|p1a: Serperior|Serperior, F, shiny|100/100
|-activate|p1a: Serperior|move: Sticky Web
|-boost|p1a: Serperior|spe|1
|turn|9
|
|t:|1779650181
|-terastallize|p1a: Serperior|Dragon
|move|p1a: Serperior|Leech Seed|p2a: Cinderace
|-start|p2a: Cinderace|move: Leech Seed
|move|p2a: Cinderace|Pyro Ball|p1a: Serperior
|-resisted|p1a: Serperior
|-damage|p1a: Serperior|64/100
|
|-heal|p1a: Serperior|71/100|[from] item: Leftovers
|-damage|p2a: Cinderace|88/100|[from] Leech Seed|[of] p1a: Serperior
|-heal|p1a: Serperior|83/100|[silent]
|upkeep
|turn|10
|
|t:|1779650189
|move|p1a: Serperior|Substitute|p1a: Serperior
|-start|p1a: Serperior|Substitute
|-damage|p1a: Serperior|59/100
|move|p2a: Cinderace|U-turn|p1a: Serperior
|-start|p2a: Cinderace|typechange|Bug|[from] ability: Libero
|-end|p1a: Serperior|Substitute
|
|t:|1779650193
|switch|p2a: Gholdengo|Gholdengo|100/100|[from] U-turn
|
|-heal|p1a: Serperior|65/100|[from] item: Leftovers
|upkeep
|turn|11
|
|t:|1779650197
|move|p1a: Serperior|Leaf Storm|p2a: Gholdengo
|-resisted|p2a: Gholdengo
|-damage|p2a: Gholdengo|75/100
|-boost|p1a: Serperior|spa|2
|move|p2a: Gholdengo|Dazzling Gleam|p1a: Serperior
|-supereffective|p1a: Serperior
|-damage|p1a: Serperior|0 fnt
|faint|p1a: Serperior
|
|upkeep
|-message|pirlococo forfeited.
|
|win|bradfish1761
|raw|pirlococo's rating: 1240 &rarr; <strong>1212</strong><br />(-28 for losing)
|raw|bradfish1761's rating: 1200 &rarr; <strong>1228</strong><br />(+28 for winning)
|l|☆pirlococo
|player|p1|
