|j|☆ImOuTtT
|j|☆titanium tango
|t:|1779652523
|gametype|singles
|player|p1|ImOuTtT|1|1130
|player|p2|titanium tango|depotagent|1040
|gen|9
|tier|[Gen 9] OU
|rated|
|rule|HP Percentage Mod: HP is shown in percentages
|rule|Endless Battle Clause: Forcing endless battles is banned
|rule|Species Clause: Limit one of each Pokémon
|rule|OHKO Clause: OHKO moves are banned
|rule|Evasion Items Clause: Evasion items are banned
|rule|Evasion Moves Clause: Evasion moves are banned
|rule|Evasion Abilities Clause: Evasion abilities are banned
|rule|Sleep Moves Clause: Sleep-inducing moves are banned
|clearpoke
|poke|p1|Cinderace, M|
|poke|p1|Great Tusk|
|poke|p1|Iron Moth|
|poke|p1|Kingambit, M|
|poke|p1|Ribombee, M|
|poke|p1|Eelektross, M|
|poke|p2|Spidops, F|
|poke|p2|Volbeat, M|
|poke|p2|Conkeldurr, F|
|poke|p2|Klawf, M|
|poke|p2|Dugtrio-Alola, M|
|poke|p2|Amoonguss, F|
|teampreview
|c|☆titanium tango|gl hf!
|
|t:|1779652528
|teamsize|p1|6
|teamsize|p2|6
|start
|switch|p1a: Ribombee|Ribombee, M|100/100
|switch|p2a: Spidops|Spidops, F|100/100
|turn|1
|
|t:|1779652534
|move|p2a: Spidops|First Impression|p1a: Ribombee
|-resisted|p1a: Ribombee
|-damage|p1a: Ribombee|62/100
|move|p1a: Ribombee|Sticky Web|p2a: Spidops
|-sidestart|p2: titanium tango|move: Sticky Web
|
|upkeep
|turn|2
|
|t:|1779652542
|move|p1a: Ribombee|Psychic|p2a: Spidops
|-damage|p2a: Spidops|67/100
|move|p2a: Spidops|Toxic Spikes|p1a: Ribombee
|-sidestart|p1: ImOuTtT|move: Toxic Spikes
|
|-heal|p2a: Spidops|74/100|[from] item: Leftovers
|upkeep
|turn|3
|
|t:|1779652550
|move|p1a: Ribombee|Moonblast|p2a: Spidops
|-damage|p2a: Spidops|26/100
|move|p2a: Spidops|Toxic Spikes|p1a: Ribombee
|-sidestart|p1: ImOuTtT|move: Toxic Spikes
|
|-heal|p2a: Spidops|32/100|[from] item: Leftovers
|upkeep
|turn|4
|
|t:|1779652557
|move|p2a: Spidops|Silk Trap|p2a: Spidops
|-singleturn|p2a: Spidops|Protect
|move|p1a: Ribombee|Moonblast|p2a: Spidops
|-activate|p2a: Spidops|move: Protect
|
|-heal|p2a: Spidops|38/100|[from] item: Leftovers
|upkeep
|turn|5
|
|t:|1779652566
|switch|p2a: Volbeat|Volbeat, M|100/100
|move|p1a: Ribombee|Moonblast|p2a: Volbeat
|-damage|p2a: Volbeat|66/100
|
|upkeep
|turn|6
|
|t:|1779652576
|move|p2a: Volbeat|Tailwind|p2a: Volbeat
|-sidestart|p2: titanium tango|move: Tailwind
|move|p1a: Ribombee|Moonblast|p2a: Volbeat
|-damage|p2a: Volbeat|33/100
|
|upkeep
|turn|7
|
|t:|1779652582
|switch|p2a: Dugtrio|Dugtrio-Alola, M|100/100
|-activate|p2a: Dugtrio|move: Sticky Web
|-unboost|p2a: Dugtrio|spe|1
|move|p1a: Ribombee|Moonblast|p2a: Dugtrio
|-resisted|p2a: Dugtrio
|-damage|p2a: Dugtrio|55/100
|
|upkeep
|turn|8
|
|t:|1779652594
|move|p2a: Dugtrio|Iron Head|p1a: Ribombee
|-supereffective|p1a: Ribombee
|-damage|p1a: Ribombee|0 fnt
|faint|p1a: Ribombee
|
|upkeep
|
|t:|1779652600
|switch|p1a: Cinderace|Cinderace, M|100/100
|-status|p1a: Cinderace|tox
|turn|9
|
|t:|1779652607
|-terastallize|p2a: Dugtrio|Ground
|move|p2a: Dugtrio|Earthquake|p1a: Cinderace
|-supereffective|p1a: Cinderace
|-damage|p1a: Cinderace|0 fnt
|faint|p1a: Cinderace
|
|-sideend|p2: titanium tango|move: Tailwind
|upkeep
|
|t:|1779652615
|switch|p1a: Eelektross|Eelektross, M|100/100
|turn|10
|
|t:|1779652620
|move|p2a: Dugtrio|Iron Head|p1a: Eelektross
|-resisted|p1a: Eelektross
|-damage|p1a: Eelektross|79/100
|move|p1a: Eelektross|Giga Drain|p2a: Dugtrio
|-supereffective|p2a: Dugtrio
|-damage|p2a: Dugtrio|0 fnt
|-heal|p1a: Eelektross|98/100|[from] drain|[of] p2a: Dugtrio
|faint|p2a: Dugtrio
|
|-heal|p1a: Eelektross|100/100|[from] item: Leftovers
|upkeep
|
|t:|1779652631
|switch|p2a: Amoonguss|Amoonguss, F|100/100
|-activate|p2a: Amoonguss|move: Sticky Web
|-unboost|p2a: Amoonguss|spe|1
|turn|11
|
|t:|1779652640
|move|p1a: Eelektross|Flamethrower|p2a: Amoonguss
|-supereffective|p2a: Amoonguss
|-damage|p2a: Amoonguss|44/100
|-status|p2a: Amoonguss|brn
|-enditem|p2a: Amoonguss|Eject Button
|
|t:|1779652645
|switch|p2a: Klawf|Klawf, M|100/100
|-activate|p2a: Klawf|move: Sticky Web
|-unboost|p2a: Klawf|spe|1
|
|upkeep
|turn|12
|
|t:|1779652654
|move|p2a: Klawf|Protect|p2a: Klawf
|-singleturn|p2a: Klawf|Protect
|move|p1a: Eelektross|Giga Drain|p2a: Klawf
|-activate|p2a: Klawf|move: Protect
|
|upkeep
|turn|13
|
|t:|1779652660
|move|p1a: Eelektross|Giga Drain|p2a: Klawf
|-supereffective|p2a: Klawf
|-damage|p2a: Klawf|15/100
|move|p2a: Klawf|Stone Edge|p1a: Eelektross
|-damage|p1a: Eelektross|49/100
|
|-heal|p1a: Eelektross|55/100|[from] item: Leftovers
|upkeep
|turn|14
|
|t:|1779652668
|move|p1a: Eelektross|Giga Drain|p2a: Klawf
|-supereffective|p2a: Klawf
|-damage|p2a: Klawf|0 fnt
|-heal|p1a: Eelektross|64/100|[from] drain|[of] p2a: Klawf
|faint|p2a: Klawf
|
|-heal|p1a: Eelektross|70/100|[from] item: Leftovers
|upkeep
|
|t:|1779652676
|switch|p2a: Amoonguss|Amoonguss, F|78/100 brn
|-activate|p2a: Amoonguss|move: Sticky Web
|-unboost|p2a: Amoonguss|spe|1
|turn|15
|c|☆ImOuTtT|Nice tech
|
|t:|1779652684
|move|p1a: Eelektross|Flamethrower|p2a: Amoonguss
|-supereffective|p2a: Amoonguss
|-damage|p2a: Amoonguss|18/100 brn
|move|p2a: Amoonguss|Toxic|p1a: Eelektross
|-status|p1a: Eelektross|tox
|
|-heal|p1a: Eelektross|76/100 tox|[from] item: Leftovers
|-damage|p1a: Eelektross|70/100 tox|[from] psn
|-damage|p2a: Amoonguss|12/100 brn|[from] brn
|upkeep
|turn|16
|c|☆titanium tango|thank you!
|c|☆titanium tango|i made this team with a randomizer
|
|t:|1779652696
|move|p1a: Eelektross|Flamethrower|p2a: Amoonguss
|-supereffective|p2a: Amoonguss
|-damage|p2a: Amoonguss|0 fnt
|faint|p2a: Amoonguss
|
|-heal|p1a: Eelektross|76/100 tox|[from] item: Leftovers
|-damage|p1a: Eelektross|64/100 tox|[from] psn
|upkeep
|
|t:|1779652704
|switch|p2a: Conkeldurr|Conkeldurr, F|100/100
|-activate|p2a: Conkeldurr|move: Sticky Web
|-unboost|p2a: Conkeldurr|spe|1
|turn|17
|
|t:|1779652711
|move|p2a: Conkeldurr|Protect|p2a: Conkeldurr
|-singleturn|p2a: Conkeldurr|Protect
|move|p1a: Eelektross|Thunderbolt|p2a: Conkeldurr
|-activate|p2a: Conkeldurr|move: Protect
|
|-heal|p1a: Eelektross|70/100 tox|[from] item: Leftovers
|-damage|p1a: Eelektross|52/100 tox|[from] psn
|-status|p2a: Conkeldurr|brn|[from] item: Flame Orb
|upkeep
|turn|18
|
|t:|1779652721
|move|p1a: Eelektross|Thunderbolt|p2a: Conkeldurr
|-damage|p2a: Conkeldurr|48/100 brn
|move|p2a: Conkeldurr|Close Combat|p1a: Eelektross
|-damage|p1a: Eelektross|0 fnt
|-unboost|p2a: Conkeldurr|def|1
|-unboost|p2a: Conkeldurr|spd|1
|faint|p1a: Eelektross
|
|-damage|p2a: Conkeldurr|42/100 brn|[from] brn
|upkeep
|
|t:|1779652733
|switch|p1a: Iron Moth|Iron Moth|100/100
|-sideend|p1: ImOuTtT|move: Toxic Spikes|[of] p1a: Iron Moth
|-enditem|p1a: Iron Moth|Booster Energy
|-activate|p1a: Iron Moth|ability: Quark Drive|[fromitem]
|-start|p1a: Iron Moth|quarkdrivespa
|turn|19
|
|t:|1779652739
|move|p1a: Iron Moth|Dazzling Gleam|p2a: Conkeldurr
|-supereffective|p2a: Conkeldurr
|-damage|p2a: Conkeldurr|0 fnt
|faint|p2a: Conkeldurr
|
|upkeep
|
|t:|1779652744
|switch|p2a: Spidops|Spidops, F|38/100
|-activate|p2a: Spidops|move: Sticky Web
|-unboost|p2a: Spidops|spe|1
|turn|20
|
|t:|1779652753
|move|p2a: Spidops|First Impression|p1a: Iron Moth
|-resisted|p1a: Iron Moth
|-damage|p1a: Iron Moth|86/100
|move|p1a: Iron Moth|Fiery Dance|p2a: Spidops
|-supereffective|p2a: Spidops
|-damage|p2a: Spidops|0 fnt
|-boost|p1a: Iron Moth|spa|1
|faint|p2a: Spidops
|
|upkeep
|c|☆titanium tango|i do believe i'm cooked tho lol
|
|t:|1779652761
|switch|p2a: Volbeat|Volbeat, M|33/100
|turn|21
|c|☆ImOuTtT|Yeah ...You are ...
|c|☆titanium tango|gg wp haha
|c|☆ImOuTtT|I Mostly dont meta .
|c|☆ImOuTtT|Gg
|
|t:|1779652785
|move|p2a: Volbeat|Quick Attack|p1a: Iron Moth
|-damage|p1a: Iron Moth|73/100
|move|p1a: Iron Moth|Fiery Dance|p2a: Volbeat
|-supereffective|p2a: Volbeat
|-damage|p2a: Volbeat|0 fnt
|faint|p2a: Volbeat
|
|win|ImOuTtT
|raw|ImOuTtT's rating: 1130 &rarr; <strong>1149</strong><br />(+19 for winning)
|raw|titanium tango's rating: 1040 &rarr; <strong>1028</strong><br />(-12 for losing)
|l|☆titanium tango
|player|p2|
|c|☆ImOuTtT|This was cool .
