|j|☆u tamer
|j|☆black giovvain
|t:|1779568887
|gametype|singles
|player|p1|u tamer|shadowtriad|1265
|player|p2|black giovvain|marshal|1319
|gen|9
|tier|[Gen 9] OU
|rated|
|rule|HP Percentage Mod: HP is shown in percentages
|rule|Endless Battle Clause: Forcing endless battles is banned
|rule|Species Clause: Limit one of each Pokémon
|rule|OHKO Clause: OHKO moves are banned
|rule|Evasion Items Clause: Evasion items are banned
|rule|Evasion Moves Clause: Evasion moves are banned
|rule|Evasion Abilities Clause: Evasion abilities are banned
|rule|Sleep Moves Clause: Sleep-inducing moves are banned
|clearpoke
|poke|p1|Appletun, M|
|poke|p1|Quaquaval, M|
|poke|p1|Espeon, M|
|poke|p1|Rotom-Wash|
|poke|p1|Gholdengo|
|poke|p1|Garchomp, F|
|poke|p2|Hydrapple, F|
|poke|p2|Tornadus-Therian, M|
|poke|p2|Cinderace, F|
|poke|p2|Garganacl, M|
|poke|p2|Darkrai|
|poke|p2|Ursaluna, M|
|teampreview
|inactive|Battle timer is ON: inactive players will automatically lose when time's up. (requested by u tamer)
|inactive|black giovvain has 120 seconds left.
|inactive|black giovvain has 90 seconds left.
|
|t:|1779568964
|teamsize|p1|6
|teamsize|p2|6
|start
|switch|p1a: Garchomp|Garchomp, F|100/100
|switch|p2a: Darkrai|Darkrai|100/100
|turn|1
|
|t:|1779568968
|move|p2a: Darkrai|Ice Beam|p1a: Garchomp
|-supereffective|p1a: Garchomp
|-damage|p1a: Garchomp|0 fnt
|faint|p1a: Garchomp
|
|upkeep
|
|t:|1779568972
|switch|p1a: Quaquaval|Quaquaval, M|100/100
|turn|2
|
|t:|1779568975
|switch|p2a: Hydrapple|Hydrapple, F|100/100
|move|p1a: Quaquaval|Aqua Step|p2a: Hydrapple
|-resisted|p2a: Hydrapple
|-damage|p2a: Hydrapple|94/100
|-boost|p1a: Quaquaval|spe|1
|
|upkeep
|turn|3
|
|t:|1779568978
|-terastallize|p2a: Hydrapple|Fairy
|move|p1a: Quaquaval|Brave Bird|p2a: Hydrapple
|-damage|p2a: Hydrapple|66/100
|-damage|p1a: Quaquaval|89/100|[from] Recoil
|move|p2a: Hydrapple|Giga Drain|p1a: Quaquaval
|-supereffective|p1a: Quaquaval
|-damage|p1a: Quaquaval|0 fnt
|-heal|p2a: Hydrapple|99/100|[from] drain|[of] p1a: Quaquaval
|faint|p1a: Quaquaval
|
|upkeep
|
|t:|1779568985
|switch|p1a: Appletun|Appletun, M|100/100
|turn|4
|
|t:|1779569004
|move|p2a: Hydrapple|Draco Meteor|p1a: Appletun
|-supereffective|p1a: Appletun
|-damage|p1a: Appletun|4/100
|-unboost|p2a: Hydrapple|spa|2
|-activate|p1a: Appletun|ability: Ripen
|-enditem|p1a: Appletun|Sitrus Berry|[eat]
|-heal|p1a: Appletun|54/100|[from] item: Sitrus Berry
|move|p1a: Appletun|Leech Seed|p2a: Hydrapple|[miss]
|-miss|p1a: Appletun|p2a: Hydrapple
|
|upkeep
|turn|5
|
|t:|1779569021
|move|p2a: Hydrapple|Draco Meteor|p1a: Appletun
|-supereffective|p1a: Appletun
|-damage|p1a: Appletun|5/100
|-unboost|p2a: Hydrapple|spa|2
|move|p1a: Appletun|Recycle|p1a: Appletun
|-item|p1a: Appletun|Sitrus Berry|[from] move: Recycle
|-activate|p1a: Appletun|ability: Ripen
|-enditem|p1a: Appletun|Sitrus Berry|[eat]
|-heal|p1a: Appletun|55/100|[from] item: Sitrus Berry
|
|upkeep
|turn|6
|
|t:|1779569034
|switch|p2a: Cinderace|Cinderace, F|100/100
|move|p1a: Appletun|Recycle|p1a: Appletun
|-item|p1a: Appletun|Sitrus Berry|[from] move: Recycle
|
|upkeep
|turn|7
|-message|u tamer forfeited.
|
|win|black giovvain
|raw|u tamer's rating: 1265 &rarr; <strong>1244</strong><br />(-21 for losing)
|raw|black giovvain's rating: 1319 &rarr; <strong>1336</strong><br />(+17 for winning)
|l|☆u tamer
|player|p1|
|l|☆black giovvain
|player|p2|
