|j|☆bicyn
|j|☆kr!$98
|t:|1779703226
|gametype|singles
|player|p1|bicyn|2|1336
|player|p2|kr!$98|n|1381
|gen|9
|tier|[Gen 9] OU
|rated|
|rule|HP Percentage Mod: HP is shown in percentages
|rule|Endless Battle Clause: Forcing endless battles is banned
|rule|Species Clause: Limit one of each Pokémon
|rule|OHKO Clause: OHKO moves are banned
|rule|Evasion Items Clause: Evasion items are banned
|rule|Evasion Moves Clause: Evasion moves are banned
|rule|Evasion Abilities Clause: Evasion abilities are banned
|rule|Sleep Moves Clause: Sleep-inducing moves are banned
|clearpoke
|poke|p1|Zoroark-Hisui, M|
|poke|p1|Garganacl, F|
|poke|p1|Ninetales-Alola, F|
|poke|p1|Maushold-Four|
|poke|p1|Frosmoth, F|
|poke|p1|Florges-White, F|
|poke|p2|Dragapult, M|
|poke|p2|Kingambit, M|
|poke|p2|Meowscarada, F|
|poke|p2|Primarina, F|
|poke|p2|Iron Moth|
|poke|p2|Corviknight, F|
|teampreview
|inactive|Battle timer is ON: inactive players will automatically lose when time's up. (requested by bicyn)
|inactive|kr!$98 also wants the timer to be on.
|
|t:|1779703247
|teamsize|p1|6
|teamsize|p2|6
|start
|switch|p1a: Garganacl|Garganacl, F|100/100
|switch|p2a: Meowscarada|Meowscarada, F|100/100
|turn|1
|
|t:|1779703255
|move|p2a: Meowscarada|Flower Trick|p1a: Garganacl
|-start|p2a: Meowscarada|typechange|Grass|[from] ability: Protean
|-supereffective|p1a: Garganacl
|-crit|p1a: Garganacl
|-damage|p1a: Garganacl|0 fnt
|faint|p1a: Garganacl
|
|upkeep
|
|t:|1779703261
|switch|p1a: Ninetales|Ninetales-Alola, F, shiny|100/100
|-weather|Snowscape|[from] ability: Snow Warning|[of] p1a: Ninetales
|turn|2
|
|t:|1779703270
|switch|p2a: Iron Moth|Iron Moth, shiny|100/100
|-enditem|p2a: Iron Moth|Booster Energy
|-activate|p2a: Iron Moth|ability: Quark Drive|[fromitem]
|-start|p2a: Iron Moth|quarkdrivespe
|move|p1a: Ninetales|Aurora Veil|p1a: Ninetales
|-sidestart|p1: bicyn|move: Aurora Veil
|
|-weather|Snowscape|[upkeep]
|upkeep
|turn|3
|
|t:|1779703289
|move|p2a: Iron Moth|Substitute|p2a: Iron Moth
|-start|p2a: Iron Moth|Substitute
|-damage|p2a: Iron Moth|76/100
|move|p1a: Ninetales|Encore|p2a: Iron Moth
|-start|p2a: Iron Moth|Encore
|
|-weather|Snowscape|[upkeep]
|upkeep
|turn|4
|
|t:|1779703295
|switch|p1a: Frosmoth|Frosmoth, F|100/100
|move|p2a: Iron Moth|Substitute|p2a: Iron Moth
|-fail|p2a: Iron Moth|move: Substitute
|
|-weather|Snowscape|[upkeep]
|upkeep
|turn|5
|
|t:|1779703302
|move|p2a: Iron Moth|Substitute|p2a: Iron Moth
|-fail|p2a: Iron Moth|move: Substitute
|move|p1a: Frosmoth|Quiver Dance|p1a: Frosmoth
|-boost|p1a: Frosmoth|spa|1
|-boost|p1a: Frosmoth|spd|1
|-boost|p1a: Frosmoth|spe|1
|
|-weather|Snowscape|[upkeep]
|upkeep
|turn|6
|
|t:|1779703309
|move|p2a: Iron Moth|Substitute|p2a: Iron Moth
|-fail|p2a: Iron Moth|move: Substitute
|move|p1a: Frosmoth|Quiver Dance|p1a: Frosmoth
|-boost|p1a: Frosmoth|spa|1
|-boost|p1a: Frosmoth|spd|1
|-boost|p1a: Frosmoth|spe|1
|
|-weather|none
|-end|p2a: Iron Moth|Encore
|upkeep
|turn|7
|
|t:|1779703319
|move|p2a: Iron Moth|Fiery Dance|p1a: Frosmoth
|-supereffective|p1a: Frosmoth
|-damage|p1a: Frosmoth|72/100
|move|p1a: Frosmoth|Quiver Dance|p1a: Frosmoth
|-boost|p1a: Frosmoth|spa|1
|-boost|p1a: Frosmoth|spd|1
|-boost|p1a: Frosmoth|spe|1
|
|upkeep
|turn|8
|
|t:|1779703327
|move|p1a: Frosmoth|Bug Buzz|p2a: Iron Moth
|-resisted|p2a: Iron Moth
|-damage|p2a: Iron Moth|42/100
|-unboost|p2a: Iron Moth|spd|1
|move|p2a: Iron Moth|Fiery Dance|p1a: Frosmoth
|-supereffective|p1a: Frosmoth
|-damage|p1a: Frosmoth|49/100
|-boost|p2a: Iron Moth|spa|1
|
|upkeep
|turn|9
|
|t:|1779703338
|move|p1a: Frosmoth|Bug Buzz|p2a: Iron Moth
|-resisted|p2a: Iron Moth
|-damage|p2a: Iron Moth|0 fnt
|faint|p2a: Iron Moth
|-end|p2a: Iron Moth|Quark Drive|[silent]
|
|-sideend|p1: bicyn|move: Aurora Veil
|upkeep
|
|t:|1779703347
|switch|p2a: Corviknight|Corviknight, F, shiny|100/100
|-ability|p2a: Corviknight|Pressure
|turn|10
|
|t:|1779703353
|-terastallize|p1a: Frosmoth|Ice
|move|p1a: Frosmoth|Blizzard|p2a: Corviknight
|-damage|p2a: Corviknight|0 fnt
|faint|p2a: Corviknight
|
|upkeep
|
|t:|1779703361
|switch|p2a: Kingambit|Kingambit, M|100/100
|-activate|p2a: Kingambit|ability: Supreme Overlord
|-start|p2a: Kingambit|fallen2|[silent]
|turn|11
|
|t:|1779703369
|move|p2a: Kingambit|Sucker Punch||[still]
|-fail|p2a: Kingambit
|move|p1a: Frosmoth|Quiver Dance|p1a: Frosmoth
|-boost|p1a: Frosmoth|spa|1
|-boost|p1a: Frosmoth|spd|1
|-boost|p1a: Frosmoth|spe|1
|
|upkeep
|turn|12
|
|t:|1779703375
|move|p2a: Kingambit|Sucker Punch|p1a: Frosmoth
|-damage|p1a: Frosmoth|0 fnt
|faint|p1a: Frosmoth
|
|upkeep
|
|t:|1779703380
|switch|p1a: Ninetales|Ninetales-Alola, F, shiny|100/100
|-weather|Snowscape|[from] ability: Snow Warning|[of] p1a: Ninetales
|turn|13
|
|t:|1779703385
|move|p1a: Ninetales|Encore|p2a: Kingambit
|-start|p2a: Kingambit|Encore
|move|p2a: Kingambit|Sucker Punch||[still]
|-fail|p2a: Kingambit
|
|-weather|Snowscape|[upkeep]
|upkeep
|turn|14
|
|t:|1779703390
|-end|p2a: Kingambit|fallen2|[silent]
|switch|p2a: Meowscarada|Meowscarada, F|100/100
|move|p1a: Ninetales|Aurora Veil|p1a: Ninetales
|-sidestart|p1: bicyn|move: Aurora Veil
|
|-weather|Snowscape|[upkeep]
|upkeep
|turn|15
|
|t:|1779703399
|move|p2a: Meowscarada|U-turn|p1a: Ninetales
|-start|p2a: Meowscarada|typechange|Bug|[from] ability: Protean
|-resisted|p1a: Ninetales
|-damage|p1a: Ninetales|89/100
|
|t:|1779703409
|switch|p2a: Kingambit|Kingambit, M|100/100|[from] U-turn
|-activate|p2a: Kingambit|ability: Supreme Overlord
|-start|p2a: Kingambit|fallen2|[silent]
|move|p1a: Ninetales|Freeze-Dry|p2a: Kingambit
|-resisted|p2a: Kingambit
|-damage|p2a: Kingambit|87/100
|
|-weather|Snowscape|[upkeep]
|-heal|p2a: Kingambit|93/100|[from] item: Leftovers
|upkeep
|turn|16
|
|t:|1779703419
|switch|p1a: Maushold|Maushold-Four|100/100
|move|p2a: Kingambit|Iron Head|p1a: Maushold
|-damage|p1a: Maushold|61/100
|
|-weather|Snowscape|[upkeep]
|-heal|p2a: Kingambit|99/100|[from] item: Leftovers
|upkeep
|turn|17
|
|t:|1779703427
|move|p1a: Maushold|Thunder Wave|p2a: Kingambit
|-status|p2a: Kingambit|par
|move|p2a: Kingambit|Iron Head|p1a: Maushold
|-damage|p1a: Maushold|27/100
|
|-weather|none
|-heal|p2a: Kingambit|100/100 par|[from] item: Leftovers
|upkeep
|turn|18
|
|t:|1779703435
|move|p1a: Maushold|Population Bomb|p2a: Kingambit
|-resisted|p2a: Kingambit
|-damage|p2a: Kingambit|97/100 par
|-resisted|p2a: Kingambit
|-damage|p2a: Kingambit|94/100 par
|-resisted|p2a: Kingambit
|-damage|p2a: Kingambit|91/100 par
|-resisted|p2a: Kingambit
|-damage|p2a: Kingambit|88/100 par
|-resisted|p2a: Kingambit
|-damage|p2a: Kingambit|85/100 par
|-resisted|p2a: Kingambit
|-damage|p2a: Kingambit|81/100 par
|-resisted|p2a: Kingambit
|-damage|p2a: Kingambit|78/100 par
|-resisted|p2a: Kingambit
|-damage|p2a: Kingambit|75/100 par
|-resisted|p2a: Kingambit
|-damage|p2a: Kingambit|72/100 par
|-hitcount|p2a: Kingambit|9
|move|p2a: Kingambit|Iron Head|p1a: Maushold
|-damage|p1a: Maushold|0 fnt
|faint|p1a: Maushold
|
|-heal|p2a: Kingambit|78/100 par|[from] item: Leftovers
|upkeep
|
|t:|1779703458
|switch|p1a: Florges|Florges-White, F|100/100
|turn|19
|
|t:|1779703478
|move|p1a: Florges|Hex|p2a: Kingambit
|-resisted|p2a: Kingambit
|-damage|p2a: Kingambit|48/100 par
|move|p2a: Kingambit|Iron Head|p1a: Florges
|-crit|p1a: Florges
|-damage|p1a: Florges|0 fnt
|replace|p1a: Zoroark|Zoroark-Hisui, M
|-end|p1a: Zoroark|Illusion
|faint|p1a: Zoroark
|
|-heal|p2a: Kingambit|54/100 par|[from] item: Leftovers
|upkeep
|
|t:|1779703487
|switch|p1a: Florges|Florges-White, F|100/100
|turn|20
|
|t:|1779703492
|move|p1a: Florges|Moonblast|p2a: Kingambit
|-damage|p2a: Kingambit|20/100 par
|cant|p2a: Kingambit|par
|
|-heal|p2a: Kingambit|26/100 par|[from] item: Leftovers
|upkeep
|turn|21
|
|t:|1779703499
|move|p2a: Kingambit|Sucker Punch|p1a: Florges
|-resisted|p1a: Florges
|-damage|p1a: Florges|85/100
|-enditem|p1a: Florges|Eject Button
|
|t:|1779703502
|switch|p1a: Ninetales|Ninetales-Alola, F, shiny|89/100
|-weather|Snowscape|[from] ability: Snow Warning|[of] p1a: Ninetales
|
|-weather|Snowscape|[upkeep]
|-heal|p2a: Kingambit|32/100 par|[from] item: Leftovers
|-sideend|p1: bicyn|move: Aurora Veil
|upkeep
|turn|22
|
|t:|1779703512
|-end|p2a: Kingambit|fallen2|[silent]
|switch|p2a: Dragapult|Dragapult, M|100/100
|move|p1a: Ninetales|Encore||[still]
|-fail|p1a: Ninetales
|
|-weather|Snowscape|[upkeep]
|upkeep
|turn|23
|
|t:|1779703525
|-terastallize|p2a: Dragapult|Fairy
|move|p2a: Dragapult|Will-O-Wisp|p1a: Ninetales|[miss]
|-miss|p2a: Dragapult|p1a: Ninetales
|move|p1a: Ninetales|Aurora Veil|p1a: Ninetales
|-sidestart|p1: bicyn|move: Aurora Veil
|
|-weather|Snowscape|[upkeep]
|upkeep
|turn|24
|
|t:|1779703537
|move|p2a: Dragapult|Will-O-Wisp|p1a: Ninetales|[miss]
|-miss|p2a: Dragapult|p1a: Ninetales
|move|p1a: Ninetales|Freeze-Dry|p2a: Dragapult
|-damage|p2a: Dragapult|61/100
|
|-weather|Snowscape|[upkeep]
|upkeep
|turn|25
|
|t:|1779703541
|move|p2a: Dragapult|Will-O-Wisp|p1a: Ninetales
|-status|p1a: Ninetales|brn
|move|p1a: Ninetales|Encore|p2a: Dragapult
|-start|p2a: Dragapult|Encore
|
|-weather|none
|-damage|p1a: Ninetales|83/100 brn|[from] brn
|upkeep
|turn|26
|
|t:|1779703551
|switch|p2a: Kingambit|Kingambit, M|32/100 par
|-activate|p2a: Kingambit|ability: Supreme Overlord
|-start|p2a: Kingambit|fallen2|[silent]
|move|p1a: Ninetales|Freeze-Dry|p2a: Kingambit
|-resisted|p2a: Kingambit
|-damage|p2a: Kingambit|20/100 par
|
|-heal|p2a: Kingambit|26/100 par|[from] item: Leftovers
|-damage|p1a: Ninetales|77/100 brn|[from] brn
|upkeep
|turn|27
|
|t:|1779703561
|move|p1a: Ninetales|Moonblast|p2a: Kingambit
|-damage|p2a: Kingambit|0 fnt
|faint|p2a: Kingambit
|-end|p2a: Kingambit|fallen2|[silent]
|
|-damage|p1a: Ninetales|71/100 brn|[from] brn
|upkeep
|
|t:|1779703568
|switch|p2a: Dragapult|Dragapult, M, tera:Fairy|61/100
|turn|28
|
|t:|1779703571
|move|p2a: Dragapult|Hex|p1a: Ninetales
|-damage|p1a: Ninetales|5/100 brn
|move|p1a: Ninetales|Moonblast|p2a: Dragapult
|-damage|p2a: Dragapult|9/100
|-unboost|p2a: Dragapult|spa|1
|
|-damage|p1a: Ninetales|0 fnt|[from] brn
|faint|p1a: Ninetales
|upkeep
|
|t:|1779703575
|switch|p1a: Florges|Florges-White, F|85/100
|turn|29
|
|t:|1779703584
|move|p2a: Dragapult|Will-O-Wisp|p1a: Florges
|-status|p1a: Florges|brn
|move|p1a: Florges|Moonblast|p2a: Dragapult
|-damage|p2a: Dragapult|0 fnt
|faint|p2a: Dragapult
|
|-damage|p1a: Florges|79/100 brn|[from] brn
|upkeep
|
|t:|1779703595
|switch|p2a: Meowscarada|Meowscarada, F|100/100
|turn|30
|
|t:|1779703599
|move|p2a: Meowscarada|Flower Trick|p1a: Florges
|-start|p2a: Meowscarada|typechange|Grass|[from] ability: Protean
|-crit|p1a: Florges
|-damage|p1a: Florges|0 fnt
|faint|p1a: Florges
|
|win|kr!$98
|raw|bicyn's rating: 1336 &rarr; <strong>1319</strong><br />(-17 for losing)
|raw|kr!$98's rating: 1381 &rarr; <strong>1398</strong><br />(+17 for winning)
|l|☆bicyn
|player|p1|
|l|☆kr!$98
|player|p2|
