|j|☆von dada
|j|☆012587430a
|t:|1779701109
|gametype|singles
|player|p1|von dada|dahlia|1325
|player|p2|012587430a|clown|1441
|gen|9
|tier|[Gen 9] OU
|rated|
|rule|HP Percentage Mod: HP is shown in percentages
|rule|Endless Battle Clause: Forcing endless battles is banned
|rule|Species Clause: Limit one of each Pokémon
|rule|OHKO Clause: OHKO moves are banned
|rule|Evasion Items Clause: Evasion items are banned
|rule|Evasion Moves Clause: Evasion moves are banned
|rule|Evasion Abilities Clause: Evasion abilities are banned
|rule|Sleep Moves Clause: Sleep-inducing moves are banned
|clearpoke
|poke|p1|Great Tusk|
|poke|p1|Glimmora, M|
|poke|p1|Kingambit, M|
|poke|p1|Ogerpon-Wellspring, F|
|poke|p1|Pecharunt|
|poke|p1|Enamorus, F|
|poke|p2|Dragapult, F|
|poke|p2|Klefki, F|
|poke|p2|Ogerpon-Wellspring, F|
|poke|p2|Cinderace, M|
|poke|p2|Iron Valiant|
|poke|p2|Landorus-Therian, M|
|teampreview
|inactive|Battle timer is ON: inactive players will automatically lose when time's up. (requested by 012587430a)
|inactive|von dada has 120 seconds left.
|
|t:|1779701144
|teamsize|p1|6
|teamsize|p2|6
|start
|switch|p1a: Glimm40Spaz|Glimmora, M|100/100
|switch|p2a: Ogerpon|Ogerpon-Wellspring, F|100/100
|turn|1
|
|t:|1779701155
|switch|p2a: Mad Max|Klefki, F|100/100
|move|p1a: Glimm40Spaz|Sludge Wave|p2a: Mad Max
|-immune|p2a: Mad Max
|
|upkeep
|turn|2
|
|t:|1779701161
|move|p2a: Mad Max|Thunder Wave|p1a: Glimm40Spaz
|-status|p1a: Glimm40Spaz|par
|cant|p1a: Glimm40Spaz|par
|
|upkeep
|turn|3
|
|t:|1779701186
|move|p2a: Mad Max|Light Screen|p2a: Mad Max
|-sidestart|p2: 012587430a|move: Light Screen
|move|p1a: Glimm40Spaz|Stealth Rock|p2a: Mad Max
|-sidestart|p2: 012587430a|move: Stealth Rock
|
|upkeep
|turn|4
|
|t:|1779701196
|switch|p2a: Landorus|Landorus-Therian, M|100/100
|-damage|p2a: Landorus|88/100|[from] Stealth Rock
|-ability|p2a: Landorus|Intimidate|boost
|-unboost|p1a: Glimm40Spaz|atk|1
|cant|p1a: Glimm40Spaz|par
|
|upkeep
|turn|5
|
|t:|1779701207
|move|p2a: Landorus|Earthquake|p1a: Glimm40Spaz
|-supereffective|p1a: Glimm40Spaz
|-enditem|p1a: Glimm40Spaz|Focus Sash
|-damage|p1a: Glimm40Spaz|1/100 par
|-activate|p1a: Glimm40Spaz|ability: Toxic Debris
|-sidestart|p2: 012587430a|move: Toxic Spikes
|cant|p1a: Glimm40Spaz|par
|
|upkeep
|turn|6
|
|t:|1779701218
|switch|p1a: TiaEnamorine|Enamorus, F|100/100
|move|p2a: Landorus|U-turn|p1a: TiaEnamorine
|-resisted|p1a: TiaEnamorine
|-damage|p1a: TiaEnamorine|89/100
|
|t:|1779701229
|switch|p2a: Cinderace|Cinderace, M|100/100|[from] U-turn
|
|upkeep
|turn|7
|
|t:|1779701236
|move|p1a: TiaEnamorine|Earth Power|p2a: Cinderace
|-supereffective|p2a: Cinderace
|-damage|p2a: Cinderace|59/100
|move|p2a: Cinderace|Court Change|p2a: Cinderace
|-swapsideconditions
|-activate|p2a: Cinderace|move: Court Change
|
|upkeep
|turn|8
|
|t:|1779701252
|switch|p1a: Dean Runt|Pecharunt|100/100
|-sideend|p1: von dada|move: Toxic Spikes|[of] p1a: Dean Runt
|switch|p2a: Landorus|Landorus-Therian, M|88/100
|-ability|p2a: Landorus|Intimidate|boost
|-unboost|p1a: Dean Runt|atk|1
|
|upkeep
|turn|9
|
|t:|1779701261
|move|p2a: Landorus|Earthquake|p1a: Dean Runt
|-supereffective|p1a: Dean Runt
|-damage|p1a: Dean Runt|48/100
|move|p1a: Dean Runt|Malignant Chain|p2a: Landorus
|-resisted|p2a: Landorus
|-damage|p2a: Landorus|69/100
|
|upkeep
|turn|10
|
|t:|1779701280
|switch|p1a: Tusky Bedroque|Great Tusk|100/100
|-damage|p1a: Tusky Bedroque|98/100|[from] Stealth Rock
|-enditem|p1a: Tusky Bedroque|Booster Energy
|-activate|p1a: Tusky Bedroque|ability: Protosynthesis|[fromitem]
|-start|p1a: Tusky Bedroque|protosynthesisatk
|move|p2a: Landorus|Earthquake|p1a: Tusky Bedroque
|-damage|p1a: Tusky Bedroque|57/100
|
|-sideend|p1: von dada|move: Light Screen
|upkeep
|turn|11
|
|t:|1779701302
|switch|p2a: Ogerpon|Ogerpon-Wellspring, F|100/100
|move|p1a: Tusky Bedroque|Rapid Spin|p2a: Ogerpon
|-damage|p2a: Ogerpon|71/100
|-boost|p1a: Tusky Bedroque|spe|1
|-sideend|p1: von dada|Stealth Rock|[from] move: Rapid Spin|[of] p1a: Tusky Bedroque
|
|upkeep
|turn|12
|
|t:|1779701316
|switch|p2a: Landorus|Landorus-Therian, M|69/100
|-ability|p2a: Landorus|Intimidate|boost
|-unboost|p1a: Tusky Bedroque|atk|1
|move|p1a: Tusky Bedroque|Ice Spinner|p2a: Landorus
|-supereffective|p2a: Landorus
|-crit|p2a: Landorus
|-damage|p2a: Landorus|0 fnt
|-damage|p1a: Tusky Bedroque|40/100|[from] item: Rocky Helmet|[of] p2a: Landorus
|faint|p2a: Landorus
|
|upkeep
|inactive|012587430a has 120 seconds left.
|
|t:|1779701333
|switch|p2a: Iron Valiant|Iron Valiant|100/100
|-enditem|p2a: Iron Valiant|Booster Energy
|-activate|p2a: Iron Valiant|ability: Quark Drive|[fromitem]
|-start|p2a: Iron Valiant|quarkdrivespe
|turn|13
|
|t:|1779701342
|move|p2a: Iron Valiant|Spirit Break|p1a: Tusky Bedroque
|-supereffective|p1a: Tusky Bedroque
|-damage|p1a: Tusky Bedroque|0 fnt
|faint|p1a: Tusky Bedroque
|-end|p1a: Tusky Bedroque|Protosynthesis|[silent]
|
|upkeep
|
|t:|1779701368
|switch|p1a: TiaEnamorine|Enamorus, F|89/100
|turn|14
|
|t:|1779701374
|-end|p2a: Iron Valiant|Quark Drive|[silent]
|switch|p2a: Mad Max|Klefki, F|100/100
|move|p1a: TiaEnamorine|Moonblast|p2a: Mad Max
|-resisted|p2a: Mad Max
|-damage|p2a: Mad Max|72/100
|
|upkeep
|turn|15
|
|t:|1779701384
|switch|p1a: Glimm40Spaz|Glimmora, M|1/100 par
|move|p2a: Mad Max|Thunder Wave|p1a: Glimm40Spaz|[miss]
|-miss|p2a: Mad Max|p1a: Glimm40Spaz
|
|upkeep
|turn|16
|
|t:|1779701393
|move|p2a: Mad Max|Draining Kiss|p1a: Glimm40Spaz
|-resisted|p1a: Glimm40Spaz
|-damage|p1a: Glimm40Spaz|0 fnt
|-heal|p2a: Mad Max|72/100|[from] drain|[of] p1a: Glimm40Spaz
|faint|p1a: Glimm40Spaz
|
|upkeep
|
|t:|1779701412
|switch|p1a: TiaEnamorine|Enamorus, F|89/100
|turn|17
|
|t:|1779701418
|move|p2a: Mad Max|Thunder Wave|p1a: TiaEnamorine
|-status|p1a: TiaEnamorine|par
|move|p1a: TiaEnamorine|Earth Power|p2a: Mad Max
|-supereffective|p2a: Mad Max
|-damage|p2a: Mad Max|0 fnt
|faint|p2a: Mad Max
|
|upkeep
|inactive|012587430a has 120 seconds left.
|
|t:|1779701453
|switch|p2a: Ogerpon|Ogerpon-Wellspring, F|71/100
|turn|18
|
|t:|1779701463
|switch|p1a: Dean Runt|Pecharunt|48/100
|move|p2a: Ogerpon|Horn Leech|p1a: Dean Runt
|-resisted|p1a: Dean Runt
|-damage|p1a: Dean Runt|36/100
|-heal|p2a: Ogerpon|79/100|[from] drain|[of] p1a: Dean Runt
|
|upkeep
|turn|19
|
|t:|1779701471
|move|p2a: Ogerpon|Knock Off|p1a: Dean Runt
|-supereffective|p1a: Dean Runt
|-damage|p1a: Dean Runt|2/100
|-enditem|p1a: Dean Runt|Heavy-Duty Boots|[from] move: Knock Off|[of] p2a: Ogerpon
|move|p1a: Dean Runt|Recover|p1a: Dean Runt
|-heal|p1a: Dean Runt|52/100
|
|upkeep
|turn|20
|inactive|012587430a has 120 seconds left.
|
|t:|1779701494
|-terastallize|p2a: Ogerpon|Water
|detailschange|p2a: Ogerpon|Ogerpon-Wellspring-Tera, F, tera:Water
|-ability|p2a: Ogerpon|Embody Aspect (Wellspring)|boost
|-boost|p2a: Ogerpon|spd|1
|move|p2a: Ogerpon|Ivy Cudgel|p1a: Dean Runt|[anim] Ivy Cudgel Water
|-damage|p1a: Dean Runt|13/100
|move|p1a: Dean Runt|Malignant Chain|p2a: Ogerpon
|-damage|p2a: Ogerpon|53/100
|-status|p2a: Ogerpon|tox
|-start|p2a: Ogerpon|confusion|[from] ability: Poison Puppeteer|[of] p1a: Dean Runt
|
|-damage|p2a: Ogerpon|47/100 tox|[from] psn
|upkeep
|turn|21
|inactive|012587430a has 120 seconds left.
|
|t:|1779701511
|-activate|p2a: Ogerpon|confusion
|move|p2a: Ogerpon|Knock Off|p1a: Dean Runt
|-supereffective|p1a: Dean Runt
|-damage|p1a: Dean Runt|0 fnt
|faint|p1a: Dean Runt
|
|-damage|p2a: Ogerpon|35/100 tox|[from] psn
|upkeep
|inactive|von dada has 120 seconds left.
|
|t:|1779701533
|switch|p1a: Foggiepon|Ogerpon-Wellspring, F|100/100
|turn|22
|inactive|von dada has 120 seconds left.
|inactive|012587430a has 120 seconds left.
|
|t:|1779701575
|switch|p2a: Dragapult|Dragapult, F|100/100
|move|p1a: Foggiepon|Encore||[still]
|-fail|p1a: Foggiepon
|
|upkeep
|turn|23
|inactive|von dada has 120 seconds left.
|
|t:|1779701586
|move|p2a: Dragapult|Hex|p1a: Foggiepon
|-damage|p1a: Foggiepon|56/100
|move|p1a: Foggiepon|Knock Off|p2a: Dragapult
|-supereffective|p2a: Dragapult
|-damage|p2a: Dragapult|4/100
|-enditem|p2a: Dragapult|Choice Specs|[from] move: Knock Off|[of] p1a: Foggiepon
|
|upkeep
|turn|24
|inactive|von dada has 120 seconds left.
|inactive|012587430a has 90 seconds left.
|
|t:|1779701616
|switch|p2a: Iron Valiant|Iron Valiant|100/100
|move|p1a: Foggiepon|U-turn|p2a: Iron Valiant
|-resisted|p2a: Iron Valiant
|-damage|p2a: Iron Valiant|93/100
|
|t:|1779701628
|switch|p1a: TiaEnamorine|Enamorus, F|89/100 par|[from] U-turn
|
|upkeep
|turn|25
|inactive|012587430a has 90 seconds left.
|
|t:|1779701649
|-end|p2a: Iron Valiant|Quark Drive|[silent]
|switch|p2a: Ogerpon|Ogerpon-Wellspring-Tera, F, tera:Water|35/100 tox
|-ability|p2a: Ogerpon|Embody Aspect (Wellspring)|boost
|-boost|p2a: Ogerpon|spd|1
|move|p1a: TiaEnamorine|Moonblast|p2a: Ogerpon
|-damage|p2a: Ogerpon|0 fnt
|faint|p2a: Ogerpon
|detailschange|p2: Ogerpon|Ogerpon-Wellspring, F|[silent]
|
|upkeep
|
|t:|1779701662
|switch|p2a: Dragapult|Dragapult, F|4/100
|turn|26
|inactive|von dada has 120 seconds left.
|
|t:|1779701676
|move|p2a: Dragapult|Hex|p1a: TiaEnamorine
|-damage|p1a: TiaEnamorine|0 fnt
|faint|p1a: TiaEnamorine
|
|upkeep
|
|t:|1779701687
|switch|p1a: King Von Dada|Kingambit, M|100/100
|-activate|p1a: King Von Dada|ability: Supreme Overlord
|-start|p1a: King Von Dada|fallen4|[silent]
|turn|27
|
|t:|1779701709
|-terastallize|p1a: King Von Dada|Dark
|move|p2a: Dragapult|Fire Blast|p1a: King Von Dada
|-damage|p1a: King Von Dada|67/100
|-status|p1a: King Von Dada|brn
|move|p1a: King Von Dada|Swords Dance|p1a: King Von Dada
|-boost|p1a: King Von Dada|atk|2
|
|-heal|p1a: King Von Dada|73/100 brn|[from] item: Leftovers
|-damage|p1a: King Von Dada|67/100 brn|[from] brn
|upkeep
|turn|28
|
|t:|1779701723
|move|p1a: King Von Dada|Sucker Punch|p2a: Dragapult
|-supereffective|p2a: Dragapult
|-damage|p2a: Dragapult|0 fnt
|faint|p2a: Dragapult
|
|-heal|p1a: King Von Dada|73/100 brn|[from] item: Leftovers
|-damage|p1a: King Von Dada|67/100 brn|[from] brn
|upkeep
|
|t:|1779701731
|switch|p2a: Iron Valiant|Iron Valiant|93/100
|turn|29
|
|t:|1779701739
|move|p2a: Iron Valiant|Drain Punch|p1a: King Von Dada
|-supereffective|p1a: King Von Dada
|-damage|p1a: King Von Dada|11/100 brn
|-heal|p2a: Iron Valiant|100/100|[from] drain|[of] p1a: King Von Dada
|move|p1a: King Von Dada|Iron Head|p2a: Iron Valiant
|-supereffective|p2a: Iron Valiant
|-damage|p2a: Iron Valiant|0 fnt
|faint|p2a: Iron Valiant
|-end|p2a: Iron Valiant|Quark Drive|[silent]
|
|-heal|p1a: King Von Dada|17/100 brn|[from] item: Leftovers
|-damage|p1a: King Von Dada|11/100 brn|[from] brn
|upkeep
|inactive|012587430a has 90 seconds left.
|-message|012587430a forfeited.
|
|win|von dada
|raw|von dada's rating: 1325 &rarr; <strong>1351</strong><br />(+26 for winning)
|raw|012587430a's rating: 1441 &rarr; <strong>1415</strong><br />(-26 for losing)
|l|☆012587430a
|player|p2|
|l|☆von dada
|player|p1|
