|inactive|Battle timer is ON: inactive players will automatically lose when time's up.
|badge|p1|bronze|gen9doublesou|100-9
|uhtml|medal-msg|<div class="broadcast-blue">Curious what those medals under the avatar are? PS now has Ladder Seasons! For more information, check out the <a href="https://www.smogon.com/forums/threads/3740067/">thread on Smogon.</a></div>
|t:|1779567119
|gametype|singles
|player|p1|luisin|#wcop2026mexico|
|player|p2|agenS|skierf|
|gen|9
|tier|[Gen 9] OU
|rule|HP Percentage Mod: HP is shown in percentages
|rule|Endless Battle Clause: Forcing endless battles is banned
|rule|Species Clause: Limit one of each Pokémon
|rule|OHKO Clause: OHKO moves are banned
|rule|Evasion Items Clause: Evasion items are banned
|rule|Evasion Moves Clause: Evasion moves are banned
|rule|Evasion Abilities Clause: Evasion abilities are banned
|rule|Sleep Moves Clause: Sleep-inducing moves are banned
|clearpoke
|poke|p1|Slowking-Galar, M|
|poke|p1|Ting-Lu|
|poke|p1|Hydrapple, F|
|poke|p1|Corviknight, M|
|poke|p1|Cinderace, F|
|poke|p1|Dondozo, F|
|poke|p2|Kyurem|
|poke|p2|Hatterene, F|
|poke|p2|Great Tusk|
|poke|p2|Slowking-Galar, M|
|poke|p2|Kingambit, M|
|poke|p2|Tornadus-Therian, M|
|teampreview
|c|☆luisin|hf
|c|☆agenS|hf
|inactive|agenS has 270 seconds left.
|c|+Hashg Skynyrd|Luisin god
|c|☆luisin|no u Hashg Skynyrd
|inactive|agenS has 240 seconds left.
|inactive|agenS has 210 seconds left.
|c|+Juseth Sepulveda|Por que hablan en inglés 
|c|+Juseth Sepulveda|si uno es mexicano y el otro un veneco
|inactive|agenS has 180 seconds left.
|
|t:|1779567244
|teamsize|p1|6
|teamsize|p2|6
|start
|switch|p1a: Luis Fonsi|Slowking-Galar, M, shiny|100/100
|switch|p2a: Tornadus|Tornadus-Therian, M|100/100
|turn|1
|c|☆luisin|yo soy gringo br0
|c|☆luisin|US west de toda la vida
|
|t:|1779567251
|move|p2a: Tornadus|Knock Off|p1a: Luis Fonsi
|-supereffective|p1a: Luis Fonsi
|-damage|p1a: Luis Fonsi|71/100
|-enditem|p1a: Luis Fonsi|Black Sludge|[from] move: Knock Off|[of] p2a: Tornadus
|move|p1a: Luis Fonsi|Trick|p2a: Tornadus
|-activate|p1a: Luis Fonsi|move: Trick|[of] p2a: Tornadus
|-enditem|p2a: Tornadus|Assault Vest|[silent]|[from] move: Trick
|-item|p1a: Luis Fonsi|Assault Vest|[from] move: Trick
|
|upkeep
|turn|2
|c|+Juseth Sepulveda|Deberías pasarme equipos de SV
|
|t:|1779567259
|move|p2a: Tornadus|U-turn|p1a: Luis Fonsi
|-damage|p1a: Luis Fonsi|60/100
|
|t:|1779567262
|switch|p2a: Slowking|Slowking-Galar, M|100/100|[from] U-turn
|move|p1a: Luis Fonsi|Sludge Bomb|p2a: Slowking
|-resisted|p2a: Slowking
|-damage|p2a: Slowking|88/100
|
|-heal|p2a: Slowking|94/100|[from] item: Black Sludge
|upkeep
|turn|3
|c|+Juseth Sepulveda|a ver si dejo de pechear
|
|t:|1779567266
|switch|p1a: Pandora|Ting-Lu|100/100
|-ability|p1a: Pandora|Vessel of Ruin
|-prepare|p2a: Slowking|Chilly Reception|[premajor]
|move|p2a: Slowking|Chilly Reception|p2a: Slowking
|-weather|Snowscape
|
|t:|1779567270
|switch|p2a: Kyurem|Kyurem|100/100|[from] Chilly Reception
|-ability|p2a: Kyurem|Pressure
|
|-weather|Snowscape|[upkeep]
|upkeep
|turn|4
|inactive|agenS has 270 seconds left.
|
|t:|1779567281
|switch|p1a: Luis Fonsi|Slowking-Galar, M, shiny|93/100
|move|p2a: Kyurem|Blizzard|p1a: Luis Fonsi
|-damage|p1a: Luis Fonsi|50/100
|
|-weather|Snowscape|[upkeep]
|upkeep
|turn|5
|inactive|agenS has 270 seconds left.
|
|t:|1779567298
|switch|p1a: Kenia Os|Dondozo, F|100/100
|move|p2a: Kyurem|Blizzard|p1a: Kenia Os
|-resisted|p1a: Kenia Os
|-damage|p1a: Kenia Os|74/100
|
|-weather|Snowscape|[upkeep]
|-heal|p1a: Kenia Os|80/100|[from] item: Leftovers
|upkeep
|turn|6
|inactive|agenS has 270 seconds left.
|
|t:|1779567313
|switch|p1a: Kimberly Loaiza|Cinderace, F|100/100
|move|p2a: Kyurem|Blizzard|p1a: Kimberly Loaiza
|-resisted|p1a: Kimberly Loaiza
|-damage|p1a: Kimberly Loaiza|48/100
|
|-weather|Snowscape|[upkeep]
|upkeep
|turn|7
|
|t:|1779567326
|move|p1a: Kimberly Loaiza|U-turn|p2a: Kyurem
|-damage|p2a: Kyurem|89/100
|
|t:|1779567330
|switch|p1a: Kenia Os|Dondozo, F|80/100|[from] U-turn
|move|p2a: Kyurem|Blizzard|p1a: Kenia Os
|-resisted|p1a: Kenia Os
|-damage|p1a: Kenia Os|52/100
|
|-weather|none
|-heal|p1a: Kenia Os|58/100|[from] item: Leftovers
|upkeep
|turn|8
|inactive|agenS has 270 seconds left.
|
|t:|1779567336
|switch|p2a: Slowking|Slowking-Galar, M|100/100
|switch|p1a: Kimberly Loaiza|Cinderace, F|48/100
|
|upkeep
|turn|9
|
|t:|1779567340
|move|p1a: Kimberly Loaiza|U-turn|p2a: Slowking
|-damage|p2a: Slowking|88/100
|
|t:|1779567342
|switch|p1a: Luis Fonsi|Slowking-Galar, M, shiny|83/100|[from] U-turn
|-prepare|p2a: Slowking|Chilly Reception|[premajor]
|move|p2a: Slowking|Chilly Reception|p2a: Slowking
|-weather|Snowscape
|inactive|agenS has 270 seconds left.
|
|t:|1779567363
|switch|p2a: Tornadus|Tornadus-Therian, M|100/100|[from] Chilly Reception
|
|-weather|Snowscape|[upkeep]
|upkeep
|turn|10
|inactive|luisin has 270 seconds left.
|
|t:|1779567397
|switch|p1a: Sabrina Carpintera|Hydrapple, F|100/100
|move|p2a: Tornadus|U-turn|p1a: Sabrina Carpintera
|-supereffective|p1a: Sabrina Carpintera
|-damage|p1a: Sabrina Carpintera|82/100
|inactive|agenS has 270 seconds left.
|
|t:|1779567415
|switch|p2a: Kyurem|Kyurem|89/100|[from] U-turn
|-ability|p2a: Kyurem|Pressure
|
|-weather|Snowscape|[upkeep]
|-heal|p1a: Sabrina Carpintera|88/100|[from] item: Leftovers
|upkeep
|turn|11
|
|t:|1779567419
|switch|p2a: Tornadus|Tornadus-Therian, M|100/100
|-terastallize|p1a: Sabrina Carpintera|Steel
|move|p1a: Sabrina Carpintera|Fickle Beam|p2a: Tornadus
|-damage|p2a: Tornadus|64/100
|
|-weather|Snowscape|[upkeep]
|-heal|p1a: Sabrina Carpintera|94/100|[from] item: Leftovers
|upkeep
|turn|12
|
|t:|1779567429
|move|p2a: Tornadus|Heat Wave|p1a: Sabrina Carpintera
|-supereffective|p1a: Sabrina Carpintera
|-damage|p1a: Sabrina Carpintera|50/100
|move|p1a: Sabrina Carpintera|Fickle Beam|p2a: Tornadus|[anim] Fickle Beam All Out
|-activate|p1a: Sabrina Carpintera|move: Fickle Beam
|-damage|p2a: Tornadus|0 fnt
|faint|p2a: Tornadus
|
|-weather|Snowscape|[upkeep]
|-heal|p1a: Sabrina Carpintera|56/100|[from] item: Leftovers
|upkeep
|inactive|agenS has 270 seconds left.
|
|t:|1779567462
|switch|p2a: Great Tusk|Great Tusk|100/100
|turn|13
|
|t:|1779567470
|switch|p1a: Crecer German|Corviknight, M, shiny|100/100
|-ability|p1a: Crecer German|Pressure
|move|p2a: Great Tusk|Headlong Rush|p1a: Crecer German
|-immune|p1a: Crecer German
|
|-weather|none
|upkeep
|turn|14
|
|t:|1779567477
|move|p2a: Great Tusk|Stealth Rock|p1a: Crecer German
|-sidestart|p1: luisin|move: Stealth Rock
|move|p1a: Crecer German|Iron Defense|p1a: Crecer German
|-boost|p1a: Crecer German|def|2
|
|upkeep
|turn|15
|
|t:|1779567480
|-end|p2a: Great Tusk|Protosynthesis|[silent]
|switch|p2a: Slowking|Slowking-Galar, M|100/100
|move|p1a: Crecer German|Defog|p2a: Slowking
|-unboost|p2a: Slowking|evasion|1
|-sideend|p1: luisin|Stealth Rock|[from] move: Defog|[of] p1a: Crecer German
|
|upkeep
|turn|16
|
|t:|1779567488
|switch|p1a: Luis Fonsi|Slowking-Galar, M, shiny|100/100
|-prepare|p2a: Slowking|Chilly Reception|[premajor]
|move|p2a: Slowking|Chilly Reception|p2a: Slowking
|-weather|Snowscape
|
|t:|1779567492
|switch|p2a: Kingambit|Kingambit, M|100/100|[from] Chilly Reception
|-activate|p2a: Kingambit|ability: Supreme Overlord
|-start|p2a: Kingambit|fallen1|[silent]
|
|-weather|Snowscape|[upkeep]
|upkeep
|turn|17
|
|t:|1779567504
|-end|p2a: Kingambit|fallen1|[silent]
|switch|p2a: Kyurem|Kyurem|89/100
|-ability|p2a: Kyurem|Pressure
|switch|p1a: Crecer German|Corviknight, M, shiny|100/100
|-ability|p1a: Crecer German|Pressure
|
|-weather|Snowscape|[upkeep]
|upkeep
|turn|18
|
|t:|1779567533
|switch|p1a: Luis Fonsi|Slowking-Galar, M, shiny|100/100
|move|p2a: Kyurem|Blizzard|p1a: Luis Fonsi
|-damage|p1a: Luis Fonsi|60/100
|
|-weather|Snowscape|[upkeep]
|upkeep
|turn|19
|inactive|luisin has 270 seconds left.
|
|t:|1779567551
|switch|p1a: Sabrina Carpintera|Hydrapple, F, tera:Steel|89/100
|move|p2a: Kyurem|Blizzard|p1a: Sabrina Carpintera
|-resisted|p1a: Sabrina Carpintera
|-damage|p1a: Sabrina Carpintera|44/100
|
|-weather|Snowscape|[upkeep]
|-heal|p1a: Sabrina Carpintera|50/100|[from] item: Leftovers
|upkeep
|turn|20
|inactive|luisin has 270 seconds left.
|
|t:|1779567562
|switch|p1a: Luis Fonsi|Slowking-Galar, M, shiny|93/100
|-terastallize|p2a: Kyurem|Ice
|move|p2a: Kyurem|Blizzard|p1a: Luis Fonsi
|-damage|p1a: Luis Fonsi|35/100
|
|-weather|none
|upkeep
|turn|21
|
|t:|1779567568
|switch|p1a: Sabrina Carpintera|Hydrapple, F, tera:Steel|84/100
|move|p2a: Kyurem|Blizzard|p1a: Sabrina Carpintera
|-resisted|p1a: Sabrina Carpintera
|-damage|p1a: Sabrina Carpintera|28/100
|
|-heal|p1a: Sabrina Carpintera|34/100|[from] item: Leftovers
|upkeep
|turn|22
|
|t:|1779567575
|switch|p2a: Kingambit|Kingambit, M|100/100
|-activate|p2a: Kingambit|ability: Supreme Overlord
|-start|p2a: Kingambit|fallen1|[silent]
|switch|p1a: Luis Fonsi|Slowking-Galar, M, shiny|68/100
|
|upkeep
|turn|23
|
|t:|1779567580
|switch|p1a: Crecer German|Corviknight, M, shiny|100/100
|-ability|p1a: Crecer German|Pressure
|move|p2a: Kingambit|Swords Dance|p2a: Kingambit
|-boost|p2a: Kingambit|atk|2
|
|upkeep
|turn|24
|
|t:|1779567584
|move|p1a: Crecer German|Iron Defense|p1a: Crecer German
|-boost|p1a: Crecer German|def|2
|move|p2a: Kingambit|Kowtow Cleave|p1a: Crecer German
|-damage|p1a: Crecer German|69/100
|-damage|p2a: Kingambit|84/100|[from] item: Rocky Helmet|[of] p1a: Crecer German
|
|-heal|p2a: Kingambit|90/100|[from] item: Leftovers
|upkeep
|turn|25
|
|t:|1779567587
|-end|p2a: Kingambit|fallen1|[silent]
|switch|p2a: Slowking|Slowking-Galar, M|100/100
|move|p1a: Crecer German|Roost|p1a: Crecer German
|-heal|p1a: Crecer German|100/100
|-singleturn|p1a: Crecer German|move: Roost
|
|upkeep
|turn|26
|
|t:|1779567594
|switch|p1a: Sabrina Carpintera|Hydrapple, F, tera:Steel|67/100
|-prepare|p2a: Slowking|Chilly Reception|[premajor]
|move|p2a: Slowking|Chilly Reception|p2a: Slowking
|-weather|Snowscape
|
|t:|1779567605
|switch|p2a: Kyurem|Kyurem, tera:Ice|89/100|[from] Chilly Reception
|-ability|p2a: Kyurem|Pressure
|
|-weather|Snowscape|[upkeep]
|-heal|p1a: Sabrina Carpintera|73/100|[from] item: Leftovers
|upkeep
|turn|27
|
|t:|1779567615
|switch|p1a: Luis Fonsi|Slowking-Galar, M, shiny|100/100
|move|p2a: Kyurem|Ice Beam|p1a: Luis Fonsi
|-damage|p1a: Luis Fonsi|52/100
|
|-weather|Snowscape|[upkeep]
|upkeep
|turn|28
|
|t:|1779567632
|switch|p2a: Kingambit|Kingambit, M|90/100
|-activate|p2a: Kingambit|ability: Supreme Overlord
|-start|p2a: Kingambit|fallen1|[silent]
|move|p1a: Luis Fonsi|Sludge Bomb|p2a: Kingambit
|-immune|p2a: Kingambit
|
|-weather|Snowscape|[upkeep]
|-heal|p2a: Kingambit|96/100|[from] item: Leftovers
|upkeep
|turn|29
|
|t:|1779567643
|switch|p1a: Kenia Os|Dondozo, F|58/100
|move|p2a: Kingambit|Swords Dance|p2a: Kingambit
|-boost|p2a: Kingambit|atk|2
|
|-weather|Snowscape|[upkeep]
|-heal|p2a: Kingambit|100/100|[from] item: Leftovers
|-heal|p1a: Kenia Os|64/100|[from] item: Leftovers
|upkeep
|turn|30
|
|t:|1779567647
|-end|p2a: Kingambit|fallen1|[silent]
|switch|p2a: Kyurem|Kyurem, tera:Ice|89/100
|-ability|p2a: Kyurem|Pressure
|move|p1a: Kenia Os|Curse|p1a: Kenia Os
|-unboost|p1a: Kenia Os|spe|1
|-boost|p1a: Kenia Os|atk|1
|-boost|p1a: Kenia Os|def|1
|
|-weather|none
|-heal|p1a: Kenia Os|70/100|[from] item: Leftovers
|upkeep
|turn|31
|
|t:|1779567652
|switch|p1a: Sabrina Carpintera|Hydrapple, F, tera:Steel|100/100
|move|p2a: Kyurem|Earth Power|p1a: Sabrina Carpintera
|-supereffective|p1a: Sabrina Carpintera
|-damage|p1a: Sabrina Carpintera|5/100
|-unboost|p1a: Sabrina Carpintera|spd|1
|
|-heal|p1a: Sabrina Carpintera|11/100|[from] item: Leftovers
|upkeep
|turn|32
|
|t:|1779567660
|switch|p2a: Slowking|Slowking-Galar, M|100/100
|move|p1a: Sabrina Carpintera|Giga Drain|p2a: Slowking
|-resisted|p2a: Slowking
|-damage|p2a: Slowking|87/100
|-heal|p1a: Sabrina Carpintera|17/100|[from] drain|[of] p2a: Slowking
|
|-heal|p1a: Sabrina Carpintera|23/100|[from] item: Leftovers
|-heal|p2a: Slowking|93/100|[from] item: Black Sludge
|upkeep
|turn|33
|
|t:|1779567669
|switch|p1a: Luis Fonsi|Slowking-Galar, M, shiny|85/100
|move|p2a: Slowking|Trick|p1a: Luis Fonsi
|-activate|p2a: Slowking|move: Trick|[of] p1a: Luis Fonsi
|-item|p1a: Luis Fonsi|Black Sludge|[from] move: Trick
|-item|p2a: Slowking|Assault Vest|[from] move: Trick
|
|-heal|p1a: Luis Fonsi|91/100|[from] item: Black Sludge
|upkeep
|turn|34
|
|t:|1779567679
|switch|p2a: Kingambit|Kingambit, M|100/100
|-activate|p2a: Kingambit|ability: Supreme Overlord
|-start|p2a: Kingambit|fallen1|[silent]
|move|p1a: Luis Fonsi|Ice Beam|p2a: Kingambit
|-resisted|p2a: Kingambit
|-damage|p2a: Kingambit|91/100
|-status|p2a: Kingambit|frz
|
|-heal|p2a: Kingambit|97/100 frz|[from] item: Leftovers
|-heal|p1a: Luis Fonsi|97/100|[from] item: Black Sludge
|upkeep
|turn|35
|
|t:|1779567686
|switch|p1a: Sabrina Carpintera|Hydrapple, F, tera:Steel|57/100
|-curestatus|p2a: Kingambit|frz|[msg]
|move|p2a: Kingambit|Kowtow Cleave|p1a: Sabrina Carpintera
|-damage|p1a: Sabrina Carpintera|21/100
|
|-heal|p2a: Kingambit|100/100|[from] item: Leftovers
|-heal|p1a: Sabrina Carpintera|27/100|[from] item: Leftovers
|upkeep
|turn|36
|
|t:|1779567691
|-end|p2a: Kingambit|fallen1|[silent]
|switch|p2a: Kyurem|Kyurem, tera:Ice|89/100
|-ability|p2a: Kyurem|Pressure
|switch|p1a: Crecer German|Corviknight, M, shiny|100/100
|-ability|p1a: Crecer German|Pressure
|
|upkeep
|turn|37
|
|t:|1779567705
|switch|p1a: Pandora|Ting-Lu|100/100
|-ability|p1a: Pandora|Vessel of Ruin
|move|p2a: Kyurem|Earth Power|p1a: Pandora
|-damage|p1a: Pandora|82/100
|
|-heal|p1a: Pandora|88/100|[from] item: Leftovers
|upkeep
|turn|38
|
|t:|1779567713
|switch|p2a: Hatterene|Hatterene, F|100/100
|move|p1a: Pandora|Earthquake|p2a: Hatterene
|-damage|p2a: Hatterene|72/100
|
|-heal|p1a: Pandora|94/100|[from] item: Leftovers
|upkeep
|turn|39
|
|t:|1779567719
|switch|p1a: Luis Fonsi|Slowking-Galar, M, shiny|100/100
|move|p2a: Hatterene|Pain Split|p1a: Luis Fonsi
|-sethp|p1a: Luis Fonsi|79/100|[from] move: Pain Split|[silent]
|-sethp|p2a: Hatterene|98/100|[from] move: Pain Split
|
|-heal|p1a: Luis Fonsi|85/100|[from] item: Black Sludge
|upkeep
|turn|40
|
|t:|1779567729
|switch|p2a: Kingambit|Kingambit, M|100/100
|-activate|p2a: Kingambit|ability: Supreme Overlord
|-start|p2a: Kingambit|fallen1|[silent]
|switch|p1a: Sabrina Carpintera|Hydrapple, F, tera:Steel|60/100
|
|-heal|p1a: Sabrina Carpintera|66/100|[from] item: Leftovers
|upkeep
|turn|41
|
|t:|1779567736
|move|p2a: Kingambit|Swords Dance|p2a: Kingambit
|-boost|p2a: Kingambit|atk|2
|move|p1a: Sabrina Carpintera|Earth Power|p2a: Kingambit
|-supereffective|p2a: Kingambit
|-damage|p2a: Kingambit|45/100
|
|-heal|p2a: Kingambit|51/100|[from] item: Leftovers
|-heal|p1a: Sabrina Carpintera|72/100|[from] item: Leftovers
|upkeep
|turn|42
|
|t:|1779567743
|switch|p1a: Pandora|Ting-Lu|94/100
|-ability|p1a: Pandora|Vessel of Ruin
|move|p2a: Kingambit|Kowtow Cleave|p1a: Pandora
|-resisted|p1a: Pandora
|-damage|p1a: Pandora|63/100
|
|-heal|p2a: Kingambit|58/100|[from] item: Leftovers
|-heal|p1a: Pandora|69/100|[from] item: Leftovers
|upkeep
|turn|43
|
|t:|1779567748
|-end|p2a: Kingambit|fallen1|[silent]
|switch|p2a: Hatterene|Hatterene, F|98/100
|move|p1a: Pandora|Earthquake|p2a: Hatterene
|-damage|p2a: Hatterene|67/100
|
|-heal|p1a: Pandora|76/100|[from] item: Leftovers
|upkeep
|turn|44
|
|t:|1779567754
|switch|p1a: Luis Fonsi|Slowking-Galar, M, shiny|100/100
|move|p2a: Hatterene|Pain Split|p1a: Luis Fonsi
|-sethp|p1a: Luis Fonsi|77/100|[from] move: Pain Split|[silent]
|-sethp|p2a: Hatterene|96/100|[from] move: Pain Split
|
|-heal|p1a: Luis Fonsi|83/100|[from] item: Black Sludge
|upkeep
|turn|45
|
|t:|1779567760
|switch|p2a: Kingambit|Kingambit, M|58/100
|-activate|p2a: Kingambit|ability: Supreme Overlord
|-start|p2a: Kingambit|fallen1|[silent]
|move|p1a: Luis Fonsi|Sludge Bomb|p2a: Kingambit
|-immune|p2a: Kingambit
|
|-heal|p2a: Kingambit|64/100|[from] item: Leftovers
|-heal|p1a: Luis Fonsi|89/100|[from] item: Black Sludge
|upkeep
|turn|46
|
|t:|1779567763
|switch|p1a: Crecer German|Corviknight, M, shiny|100/100
|-ability|p1a: Crecer German|Pressure
|move|p2a: Kingambit|Kowtow Cleave|p1a: Crecer German
|-damage|p1a: Crecer German|65/100
|-damage|p2a: Kingambit|47/100|[from] item: Rocky Helmet|[of] p1a: Crecer German
|
|-heal|p2a: Kingambit|53/100|[from] item: Leftovers
|upkeep
|turn|47
|
|t:|1779567767
|-end|p2a: Kingambit|fallen1|[silent]
|switch|p2a: Kyurem|Kyurem, tera:Ice|89/100
|-ability|p2a: Kyurem|Pressure
|move|p1a: Crecer German|Roost|p1a: Crecer German
|-heal|p1a: Crecer German|100/100
|-singleturn|p1a: Crecer German|move: Roost
|
|upkeep
|turn|48
|
|t:|1779567778
|switch|p1a: Sabrina Carpintera|Hydrapple, F, tera:Steel|100/100
|move|p2a: Kyurem|Ice Beam|p1a: Sabrina Carpintera
|-resisted|p1a: Sabrina Carpintera
|-damage|p1a: Sabrina Carpintera|57/100
|
|-heal|p1a: Sabrina Carpintera|63/100|[from] item: Leftovers
|upkeep
|turn|49
|
|t:|1779567784
|switch|p2a: Hatterene|Hatterene, F|96/100
|move|p1a: Sabrina Carpintera|Giga Drain|p2a: Hatterene
|-damage|p2a: Hatterene|64/100
|-heal|p1a: Sabrina Carpintera|75/100|[from] drain|[of] p2a: Hatterene
|
|-heal|p1a: Sabrina Carpintera|81/100|[from] item: Leftovers
|upkeep
|turn|50
|
|t:|1779567792
|switch|p1a: Luis Fonsi|Slowking-Galar, M, shiny|100/100
|move|p2a: Hatterene|Nuzzle|p1a: Luis Fonsi
|-damage|p1a: Luis Fonsi|97/100
|-status|p1a: Luis Fonsi|par
|
|-heal|p1a: Luis Fonsi|100/100 par|[from] item: Black Sludge
|upkeep
|turn|51
|
|t:|1779567798
|switch|p2a: Slowking|Slowking-Galar, M|100/100
|move|p1a: Luis Fonsi|Trick|p2a: Slowking
|-activate|p1a: Luis Fonsi|move: Trick|[of] p2a: Slowking
|-item|p2a: Slowking|Black Sludge|[from] move: Trick
|-item|p1a: Luis Fonsi|Assault Vest|[from] move: Trick
|
|upkeep
|turn|52
|
|t:|1779567805
|-prepare|p2a: Slowking|Chilly Reception|[premajor]
|move|p2a: Slowking|Chilly Reception|p2a: Slowking
|-weather|Snowscape
|
|t:|1779567810
|switch|p2a: Kingambit|Kingambit, M|53/100|[from] Chilly Reception
|-activate|p2a: Kingambit|ability: Supreme Overlord
|-start|p2a: Kingambit|fallen1|[silent]
|move|p1a: Luis Fonsi|Ice Beam|p2a: Kingambit
|-resisted|p2a: Kingambit
|-damage|p2a: Kingambit|42/100
|
|-weather|Snowscape|[upkeep]
|-heal|p2a: Kingambit|48/100|[from] item: Leftovers
|upkeep
|turn|53
|
|t:|1779567820
|switch|p1a: Crecer German|Corviknight, M, shiny|100/100
|-ability|p1a: Crecer German|Pressure
|move|p2a: Kingambit|Swords Dance|p2a: Kingambit
|-boost|p2a: Kingambit|atk|2
|
|-weather|Snowscape|[upkeep]
|-heal|p2a: Kingambit|54/100|[from] item: Leftovers
|upkeep
|turn|54
|
|t:|1779567826
|-end|p2a: Kingambit|fallen1|[silent]
|switch|p2a: Slowking|Slowking-Galar, M|100/100
|move|p1a: Crecer German|Body Press|p2a: Slowking
|-resisted|p2a: Slowking
|-damage|p2a: Slowking|96/100
|
|-weather|Snowscape|[upkeep]
|-heal|p2a: Slowking|100/100|[from] item: Black Sludge
|upkeep
|turn|55
|
|t:|1779567837
|switch|p1a: Luis Fonsi|Slowking-Galar, M, shiny|100/100 par
|move|p2a: Slowking|Future Sight|p1a: Luis Fonsi
|-start|p2a: Slowking|move: Future Sight
|
|-weather|Snowscape|[upkeep]
|upkeep
|turn|56
|
|t:|1779567844
|-prepare|p2a: Slowking|Chilly Reception|[premajor]
|move|p2a: Slowking|Chilly Reception|p2a: Slowking
|
|t:|1779567847
|switch|p2a: Kingambit|Kingambit, M|54/100|[from] Chilly Reception
|-activate|p2a: Kingambit|ability: Supreme Overlord
|-start|p2a: Kingambit|fallen1|[silent]
|move|p1a: Luis Fonsi|Ice Beam|p2a: Kingambit
|-resisted|p2a: Kingambit
|-damage|p2a: Kingambit|43/100
|
|-weather|none
|-heal|p2a: Kingambit|50/100|[from] item: Leftovers
|upkeep
|turn|57
|
|t:|1779567858
|switch|p1a: Pandora|Ting-Lu|76/100
|-ability|p1a: Pandora|Vessel of Ruin
|move|p2a: Kingambit|Kowtow Cleave|p1a: Pandora
|-resisted|p1a: Pandora
|-damage|p1a: Pandora|60/100
|
|-end|p1a: Pandora|move: Future Sight
|-immune|p1a: Pandora
|-heal|p2a: Kingambit|56/100|[from] item: Leftovers
|-heal|p1a: Pandora|66/100|[from] item: Leftovers
|upkeep
|turn|58
|
|t:|1779567869
|-end|p2a: Kingambit|fallen1|[silent]
|switch|p2a: Hatterene|Hatterene, F|64/100
|move|p1a: Pandora|Earthquake|p2a: Hatterene
|-damage|p2a: Hatterene|33/100
|
|-heal|p1a: Pandora|72/100|[from] item: Leftovers
|upkeep
|turn|59
|
|t:|1779567872
|move|p1a: Pandora|Earthquake|p2a: Hatterene
|-damage|p2a: Hatterene|2/100
|move|p2a: Hatterene|Pain Split|p1a: Pandora
|-sethp|p1a: Pandora|37/100|[from] move: Pain Split|[silent]
|-sethp|p2a: Hatterene|59/100|[from] move: Pain Split
|
|-heal|p1a: Pandora|43/100|[from] item: Leftovers
|upkeep
|turn|60
|
|t:|1779567885
|move|p1a: Pandora|Earthquake|p2a: Hatterene
|-damage|p2a: Hatterene|27/100
|move|p2a: Hatterene|Draining Kiss|p1a: Pandora
|-supereffective|p1a: Pandora
|-damage|p1a: Pandora|25/100
|-heal|p2a: Hatterene|48/100|[from] drain|[of] p1a: Pandora
|
|-heal|p1a: Pandora|32/100|[from] item: Leftovers
|upkeep
|turn|61
|
|t:|1779567888
|move|p1a: Pandora|Earthquake|p2a: Hatterene
|-damage|p2a: Hatterene|18/100
|move|p2a: Hatterene|Draining Kiss|p1a: Pandora
|-supereffective|p1a: Pandora
|-crit|p1a: Pandora
|-damage|p1a: Pandora|1/100
|-heal|p2a: Hatterene|54/100|[from] drain|[of] p1a: Pandora
|
|-heal|p1a: Pandora|8/100|[from] item: Leftovers
|upkeep
|turn|62
|
|t:|1779567891
|move|p1a: Pandora|Rest|p1a: Pandora
|-status|p1a: Pandora|slp|[from] move: Rest
|-heal|p1a: Pandora|100/100 slp|[silent]
|move|p2a: Hatterene|Draining Kiss|p1a: Pandora
|-supereffective|p1a: Pandora
|-damage|p1a: Pandora|83/100 slp
|-heal|p2a: Hatterene|76/100|[from] drain|[of] p1a: Pandora
|
|-heal|p1a: Pandora|89/100 slp|[from] item: Leftovers
|upkeep
|turn|63
|c|+zoyotte|cuando te vas a cambiar de equipo luisin
|
|t:|1779567894
|cant|p1a: Pandora|slp
|move|p1a: Pandora|Sleep Talk|p1a: Pandora
|move|p1a: Pandora|Earthquake|p2a: Hatterene|[from] move: Sleep Talk
|-damage|p2a: Hatterene|46/100
|move|p2a: Hatterene|Draining Kiss|p1a: Pandora
|-supereffective|p1a: Pandora
|-damage|p1a: Pandora|70/100 slp
|-heal|p2a: Hatterene|70/100|[from] drain|[of] p1a: Pandora
|
|-heal|p1a: Pandora|76/100 slp|[from] item: Leftovers
|upkeep
|turn|64
|c|☆luisin|si
|
|t:|1779567901
|cant|p1a: Pandora|slp
|move|p1a: Pandora|Sleep Talk|p1a: Pandora
|move|p1a: Pandora|Earthquake|p2a: Hatterene|[from] move: Sleep Talk
|-damage|p2a: Hatterene|39/100
|move|p2a: Hatterene|Pain Split|p1a: Pandora
|-sethp|p1a: Pandora|50/100 slp|[from] move: Pain Split|[silent]
|-sethp|p2a: Hatterene|81/100|[from] move: Pain Split
|
|-heal|p1a: Pandora|57/100 slp|[from] item: Leftovers
|upkeep
|turn|65
|
|t:|1779567909
|switch|p2a: Great Tusk|Great Tusk|100/100
|-curestatus|p1a: Pandora|slp|[msg]
|move|p1a: Pandora|Earthquake|p2a: Great Tusk
|-damage|p2a: Great Tusk|74/100
|
|-heal|p1a: Pandora|63/100|[from] item: Leftovers
|upkeep
|turn|66
|
|t:|1779567916
|-end|p2a: Great Tusk|Protosynthesis|[silent]
|switch|p2a: Kyurem|Kyurem, tera:Ice|89/100
|-ability|p2a: Kyurem|Pressure
|switch|p1a: Crecer German|Corviknight, M, shiny|100/100
|-ability|p1a: Crecer German|Pressure
|
|upkeep
|turn|67
|
|t:|1779567921
|switch|p2a: Slowking|Slowking-Galar, M|100/100
|switch|p1a: Luis Fonsi|Slowking-Galar, M, shiny|100/100 par
|
|upkeep
|turn|68
|
|t:|1779567931
|switch|p1a: Sabrina Carpintera|Hydrapple, F, tera:Steel|100/100
|-prepare|p2a: Slowking|Chilly Reception|[premajor]
|move|p2a: Slowking|Chilly Reception|p2a: Slowking
|-weather|Snowscape
|
|t:|1779567944
|switch|p2a: Kingambit|Kingambit, M|56/100|[from] Chilly Reception
|-activate|p2a: Kingambit|ability: Supreme Overlord
|-start|p2a: Kingambit|fallen1|[silent]
|
|-weather|Snowscape|[upkeep]
|-heal|p2a: Kingambit|62/100|[from] item: Leftovers
|upkeep
|turn|69
|
|t:|1779567959
|move|p2a: Kingambit|Kowtow Cleave|p1a: Sabrina Carpintera
|-damage|p1a: Sabrina Carpintera|66/100
|move|p1a: Sabrina Carpintera|Earth Power|p2a: Kingambit
|-supereffective|p2a: Kingambit
|-damage|p2a: Kingambit|10/100
|
|-weather|Snowscape|[upkeep]
|-heal|p2a: Kingambit|16/100|[from] item: Leftovers
|-heal|p1a: Sabrina Carpintera|72/100|[from] item: Leftovers
|upkeep
|turn|70
|
|t:|1779567964
|-end|p2a: Kingambit|fallen1|[silent]
|switch|p2a: Hatterene|Hatterene, F|81/100
|move|p1a: Sabrina Carpintera|Earth Power|p2a: Hatterene
|-damage|p2a: Hatterene|53/100
|
|-weather|Snowscape|[upkeep]
|-heal|p1a: Sabrina Carpintera|79/100|[from] item: Leftovers
|upkeep
|turn|71
|
|t:|1779567975
|switch|p1a: Pandora|Ting-Lu|63/100
|-ability|p1a: Pandora|Vessel of Ruin
|move|p2a: Hatterene|Pain Split|p1a: Pandora
|-sethp|p1a: Pandora|48/100|[from] move: Pain Split|[silent]
|-sethp|p2a: Hatterene|77/100|[from] move: Pain Split
|
|-weather|Snowscape|[upkeep]
|-heal|p1a: Pandora|54/100|[from] item: Leftovers
|upkeep
|turn|72
|
|t:|1779567980
|switch|p2a: Kyurem|Kyurem, tera:Ice|89/100
|-ability|p2a: Kyurem|Pressure
|move|p1a: Pandora|Earthquake|p2a: Kyurem
|-damage|p2a: Kyurem|63/100
|
|-weather|none
|-heal|p1a: Pandora|60/100|[from] item: Leftovers
|upkeep
|turn|73
|
|t:|1779567985
|switch|p1a: Luis Fonsi|Slowking-Galar, M, shiny|100/100 par
|move|p2a: Kyurem|Ice Beam|p1a: Luis Fonsi
|-damage|p1a: Luis Fonsi|54/100 par
|
|upkeep
|turn|74
|
|t:|1779567990
|switch|p2a: Slowking|Slowking-Galar, M|100/100
|move|p1a: Luis Fonsi|Sludge Bomb|p2a: Slowking
|-resisted|p2a: Slowking
|-damage|p2a: Slowking|87/100
|
|-heal|p2a: Slowking|93/100|[from] item: Black Sludge
|upkeep
|turn|75
|
|t:|1779567993
|switch|p1a: Sabrina Carpintera|Hydrapple, F, tera:Steel|100/100
|-prepare|p2a: Slowking|Chilly Reception|[premajor]
|move|p2a: Slowking|Chilly Reception|p2a: Slowking
|-weather|Snowscape
|
|t:|1779567998
|switch|p2a: Hatterene|Hatterene, F|77/100|[from] Chilly Reception
|
|-weather|Snowscape|[upkeep]
|upkeep
|turn|76
|
|t:|1779568005
|switch|p1a: Luis Fonsi|Slowking-Galar, M, shiny|88/100 par
|switch|p2a: Great Tusk|Great Tusk|74/100
|
|-weather|Snowscape|[upkeep]
|upkeep
|turn|77
|
|t:|1779568009
|switch|p1a: Crecer German|Corviknight, M, shiny|100/100
|-ability|p1a: Crecer German|Pressure
|move|p2a: Great Tusk|Stealth Rock|p1a: Crecer German
|-sidestart|p1: luisin|move: Stealth Rock
|
|-weather|Snowscape|[upkeep]
|upkeep
|turn|78
|
|t:|1779568034
|-end|p2a: Great Tusk|Protosynthesis|[silent]
|switch|p2a: Kyurem|Kyurem, tera:Ice|63/100
|-ability|p2a: Kyurem|Pressure
|move|p1a: Crecer German|Defog|p2a: Kyurem
|-unboost|p2a: Kyurem|evasion|1
|-sideend|p1: luisin|Stealth Rock|[from] move: Defog|[of] p1a: Crecer German
|
|-weather|Snowscape|[upkeep]
|upkeep
|turn|79
|
|t:|1779568054
|switch|p1a: Sabrina Carpintera|Hydrapple, F, tera:Steel|100/100
|move|p2a: Kyurem|Freeze-Dry|p1a: Sabrina Carpintera
|-resisted|p1a: Sabrina Carpintera
|-damage|p1a: Sabrina Carpintera|64/100
|
|-weather|none
|-heal|p1a: Sabrina Carpintera|70/100|[from] item: Leftovers
|upkeep
|turn|80
|
|t:|1779568060
|switch|p2a: Hatterene|Hatterene, F|77/100
|move|p1a: Sabrina Carpintera|Giga Drain|p2a: Hatterene
|-damage|p2a: Hatterene|40/100
|-heal|p1a: Sabrina Carpintera|84/100|[from] drain|[of] p2a: Hatterene
|
|-heal|p1a: Sabrina Carpintera|90/100|[from] item: Leftovers
|upkeep
|turn|81
|
|t:|1779568063
|switch|p1a: Kimberly Loaiza|Cinderace, F|48/100
|move|p2a: Hatterene|Pain Split|p1a: Kimberly Loaiza
|-sethp|p1a: Kimberly Loaiza|42/100|[from] move: Pain Split|[silent]
|-sethp|p2a: Hatterene|47/100|[from] move: Pain Split
|
|upkeep
|turn|82
|
|t:|1779568069
|switch|p2a: Slowking|Slowking-Galar, M|100/100
|move|p1a: Kimberly Loaiza|Pyro Ball|p2a: Slowking
|-damage|p2a: Slowking|64/100
|
|-heal|p2a: Slowking|70/100|[from] item: Black Sludge
|upkeep
|turn|83
|
|t:|1779568072
|move|p1a: Kimberly Loaiza|U-turn|p2a: Slowking
|-crit|p2a: Slowking
|-damage|p2a: Slowking|52/100
|
|t:|1779568074
|switch|p1a: Pandora|Ting-Lu|60/100|[from] U-turn
|-ability|p1a: Pandora|Vessel of Ruin
|-prepare|p2a: Slowking|Chilly Reception|[premajor]
|move|p2a: Slowking|Chilly Reception|p2a: Slowking
|-weather|Snowscape
|
|t:|1779568077
|switch|p2a: Kyurem|Kyurem, tera:Ice|63/100|[from] Chilly Reception
|-ability|p2a: Kyurem|Pressure
|
|-weather|Snowscape|[upkeep]
|-heal|p1a: Pandora|67/100|[from] item: Leftovers
|upkeep
|turn|84
|
|t:|1779568080
|move|p2a: Kyurem|Ice Beam|p1a: Pandora
|-supereffective|p1a: Pandora
|-damage|p1a: Pandora|0 fnt
|faint|p1a: Pandora
|
|-weather|Snowscape|[upkeep]
|upkeep
|
|t:|1779568086
|switch|p1a: Kimberly Loaiza|Cinderace, F|42/100
|turn|85
|
|t:|1779568099
|switch|p2a: Slowking|Slowking-Galar, M|85/100
|move|p1a: Kimberly Loaiza|Pyro Ball|p2a: Slowking
|-damage|p2a: Slowking|53/100
|
|-weather|Snowscape|[upkeep]
|-heal|p2a: Slowking|59/100|[from] item: Black Sludge
|upkeep
|turn|86
|
|t:|1779568107
|move|p1a: Kimberly Loaiza|Pyro Ball|p2a: Slowking
|-damage|p2a: Slowking|24/100
|-prepare|p2a: Slowking|Chilly Reception|[premajor]
|move|p2a: Slowking|Chilly Reception|p2a: Slowking
|
|t:|1779568109
|switch|p2a: Great Tusk|Great Tusk|74/100|[from] Chilly Reception
|
|-weather|Snowscape|[upkeep]
|upkeep
|turn|87
|
|t:|1779568113
|switch|p1a: Crecer German|Corviknight, M, shiny|100/100
|-ability|p1a: Crecer German|Pressure
|move|p2a: Great Tusk|Headlong Rush|p1a: Crecer German
|-immune|p1a: Crecer German
|
|-weather|none
|upkeep
|turn|88
|
|t:|1779568118
|-end|p2a: Great Tusk|Protosynthesis|[silent]
|switch|p2a: Slowking|Slowking-Galar, M|57/100
|switch|p1a: Sabrina Carpintera|Hydrapple, F, tera:Steel|100/100
|
|-heal|p2a: Slowking|63/100|[from] item: Black Sludge
|upkeep
|turn|89
|
|t:|1779568125
|move|p1a: Sabrina Carpintera|Nasty Plot|p1a: Sabrina Carpintera
|-boost|p1a: Sabrina Carpintera|spa|2
|-prepare|p2a: Slowking|Chilly Reception|[premajor]
|move|p2a: Slowking|Chilly Reception|p2a: Slowking
|-weather|Snowscape
|
|t:|1779568137
|switch|p2a: Kingambit|Kingambit, M|16/100|[from] Chilly Reception
|-activate|p2a: Kingambit|ability: Supreme Overlord
|-start|p2a: Kingambit|fallen1|[silent]
|
|-weather|Snowscape|[upkeep]
|-heal|p2a: Kingambit|22/100|[from] item: Leftovers
|upkeep
|turn|90
|
|t:|1779568145
|move|p2a: Kingambit|Kowtow Cleave|p1a: Sabrina Carpintera
|-damage|p1a: Sabrina Carpintera|66/100
|move|p1a: Sabrina Carpintera|Giga Drain|p2a: Kingambit
|-resisted|p2a: Kingambit
|-damage|p2a: Kingambit|0 fnt
|-heal|p1a: Sabrina Carpintera|77/100|[from] drain|[of] p2a: Kingambit
|faint|p2a: Kingambit
|-end|p2a: Kingambit|fallen1|[silent]
|
|-weather|Snowscape|[upkeep]
|-heal|p1a: Sabrina Carpintera|83/100|[from] item: Leftovers
|upkeep
|
|t:|1779568148
|switch|p2a: Kyurem|Kyurem, tera:Ice|63/100
|-ability|p2a: Kyurem|Pressure
|turn|91
|
|t:|1779568156
|switch|p1a: Luis Fonsi|Slowking-Galar, M, shiny|100/100 par
|move|p2a: Kyurem|Earth Power|p1a: Luis Fonsi
|-supereffective|p1a: Luis Fonsi
|-damage|p1a: Luis Fonsi|54/100 par
|
|-weather|Snowscape|[upkeep]
|upkeep
|turn|92
|
|t:|1779568162
|switch|p1a: Crecer German|Corviknight, M, shiny|100/100
|-ability|p1a: Crecer German|Pressure
|move|p2a: Kyurem|Earth Power|p1a: Crecer German
|-immune|p1a: Crecer German
|
|-weather|Snowscape|[upkeep]
|upkeep
|turn|93
|
|t:|1779568166
|switch|p2a: Slowking|Slowking-Galar, M|96/100
|move|p1a: Crecer German|Body Press|p2a: Slowking
|-resisted|p2a: Slowking
|-damage|p2a: Slowking|92/100
|
|-weather|none
|-heal|p2a: Slowking|98/100|[from] item: Black Sludge
|upkeep
|turn|94
|
|t:|1779568171
|switch|p1a: Luis Fonsi|Slowking-Galar, M, shiny|88/100 par
|-prepare|p2a: Slowking|Chilly Reception|[premajor]
|move|p2a: Slowking|Chilly Reception|p2a: Slowking
|-weather|Snowscape
|
|t:|1779568175
|switch|p2a: Great Tusk|Great Tusk|74/100|[from] Chilly Reception
|
|-weather|Snowscape|[upkeep]
|upkeep
|turn|95
|
|t:|1779568180
|-end|p2a: Great Tusk|Protosynthesis|[silent]
|switch|p2a: Kyurem|Kyurem, tera:Ice|63/100
|-ability|p2a: Kyurem|Pressure
|switch|p1a: Crecer German|Corviknight, M, shiny|100/100
|-ability|p1a: Crecer German|Pressure
|
|-weather|Snowscape|[upkeep]
|upkeep
|turn|96
|
|t:|1779568186
|switch|p1a: Luis Fonsi|Slowking-Galar, M, shiny|100/100 par
|move|p2a: Kyurem|Ice Beam|p1a: Luis Fonsi
|-damage|p1a: Luis Fonsi|53/100 par
|
|-weather|Snowscape|[upkeep]
|upkeep
|turn|97
|
|t:|1779568193
|switch|p1a: Sabrina Carpintera|Hydrapple, F, tera:Steel|100/100
|move|p2a: Kyurem|Ice Beam|p1a: Sabrina Carpintera
|-resisted|p1a: Sabrina Carpintera
|-damage|p1a: Sabrina Carpintera|50/100
|-status|p1a: Sabrina Carpintera|frz
|
|-weather|Snowscape|[upkeep]
|-heal|p1a: Sabrina Carpintera|56/100 frz|[from] item: Leftovers
|upkeep
|turn|98
|
|t:|1779568196
|switch|p1a: Kenia Os|Dondozo, F|70/100
|move|p2a: Kyurem|Ice Beam|p1a: Kenia Os
|-resisted|p1a: Kenia Os
|-damage|p1a: Kenia Os|40/100
|
|-weather|none
|-heal|p1a: Kenia Os|47/100|[from] item: Leftovers
|upkeep
|turn|99
|
|t:|1779568203
|move|p2a: Kyurem|Ice Beam|p1a: Kenia Os
|-resisted|p1a: Kenia Os
|-damage|p1a: Kenia Os|15/100
|move|p1a: Kenia Os|Rest|p1a: Kenia Os
|-status|p1a: Kenia Os|slp|[from] move: Rest
|-heal|p1a: Kenia Os|100/100 slp|[silent]
|
|upkeep
|turn|100
|
|t:|1779568205
|switch|p2a: Slowking|Slowking-Galar, M|100/100
|cant|p1a: Kenia Os|slp
|move|p1a: Kenia Os|Sleep Talk|p1a: Kenia Os
|move|p1a: Kenia Os|Liquidation|p2a: Slowking|[from] move: Sleep Talk
|-damage|p2a: Slowking|78/100
|
|-heal|p2a: Slowking|84/100|[from] item: Black Sludge
|upkeep
|turn|101
|
|t:|1779568211
|switch|p1a: Sabrina Carpintera|Hydrapple, F, tera:Steel|89/100 frz
|-prepare|p2a: Slowking|Chilly Reception|[premajor]
|move|p2a: Slowking|Chilly Reception|p2a: Slowking
|-weather|Snowscape
|
|t:|1779568222
|switch|p2a: Hatterene|Hatterene, F|47/100|[from] Chilly Reception
|
|-weather|Snowscape|[upkeep]
|-heal|p1a: Sabrina Carpintera|95/100 frz|[from] item: Leftovers
|upkeep
|turn|102
|
|t:|1779568225
|cant|p1a: Sabrina Carpintera|frz
|move|p2a: Hatterene|Nuzzle|p1a: Sabrina Carpintera
|-damage|p1a: Sabrina Carpintera|93/100 frz
|
|-weather|Snowscape|[upkeep]
|-heal|p1a: Sabrina Carpintera|99/100 frz|[from] item: Leftovers
|upkeep
|turn|103
|
|t:|1779568229
|cant|p1a: Sabrina Carpintera|frz
|move|p2a: Hatterene|Pain Split|p1a: Sabrina Carpintera
|-sethp|p1a: Sabrina Carpintera|68/100 frz|[from] move: Pain Split|[silent]
|-sethp|p2a: Hatterene|88/100|[from] move: Pain Split
|
|-weather|Snowscape|[upkeep]
|-heal|p1a: Sabrina Carpintera|74/100 frz|[from] item: Leftovers
|upkeep
|turn|104
|
|t:|1779568233
|switch|p2a: Slowking|Slowking-Galar, M|100/100
|cant|p1a: Sabrina Carpintera|frz
|
|-weather|Snowscape|[upkeep]
|-heal|p1a: Sabrina Carpintera|80/100 frz|[from] item: Leftovers
|upkeep
|turn|105
|
|t:|1779568238
|cant|p1a: Sabrina Carpintera|frz
|-prepare|p2a: Slowking|Chilly Reception|[premajor]
|move|p2a: Slowking|Chilly Reception|p2a: Slowking
|
|t:|1779568242
|switch|p2a: Kyurem|Kyurem, tera:Ice|63/100|[from] Chilly Reception
|-ability|p2a: Kyurem|Pressure
|
|-weather|none
|-heal|p1a: Sabrina Carpintera|86/100 frz|[from] item: Leftovers
|upkeep
|turn|106
|
|t:|1779568246
|switch|p1a: Luis Fonsi|Slowking-Galar, M, shiny|86/100 par
|move|p2a: Kyurem|Earth Power|p1a: Luis Fonsi
|-supereffective|p1a: Luis Fonsi
|-damage|p1a: Luis Fonsi|40/100 par
|
|upkeep
|turn|107
|
|t:|1779568252
|switch|p2a: Hatterene|Hatterene, F|88/100
|switch|p1a: Crecer German|Corviknight, M, shiny|100/100
|-ability|p1a: Crecer German|Pressure
|
|upkeep
|turn|108
|
|t:|1779568262
|switch|p1a: Luis Fonsi|Slowking-Galar, M, shiny|74/100 par
|move|p2a: Hatterene|Psychic Noise|p1a: Luis Fonsi
|-damage|p1a: Luis Fonsi|58/100 par
|-start|p1a: Luis Fonsi|move: Heal Block
|
|upkeep
|turn|109
|
|t:|1779568268
|switch|p2a: Great Tusk|Great Tusk|74/100
|switch|p1a: Sabrina Carpintera|Hydrapple, F, tera:Steel|100/100 frz
|
|upkeep
|turn|110
|
|t:|1779568272
|switch|p1a: Crecer German|Corviknight, M, shiny|100/100
|-ability|p1a: Crecer German|Pressure
|move|p2a: Great Tusk|Stealth Rock|p1a: Crecer German
|-sidestart|p1: luisin|move: Stealth Rock
|
|upkeep
|turn|111
|
|t:|1779568280
|-end|p2a: Great Tusk|Protosynthesis|[silent]
|switch|p2a: Slowking|Slowking-Galar, M|100/100
|move|p1a: Crecer German|Defog|p2a: Slowking
|-unboost|p2a: Slowking|evasion|1
|-sideend|p1: luisin|Stealth Rock|[from] move: Defog|[of] p1a: Crecer German
|
|upkeep
|turn|112
|
|t:|1779568288
|switch|p1a: Luis Fonsi|Slowking-Galar, M, shiny|91/100 par
|move|p2a: Slowking|Future Sight|p1a: Luis Fonsi
|-start|p2a: Slowking|move: Future Sight
|
|upkeep
|turn|113
|
|t:|1779568293
|-prepare|p2a: Slowking|Chilly Reception|[premajor]
|move|p2a: Slowking|Chilly Reception|p2a: Slowking
|-weather|Snowscape
|
|t:|1779568300
|switch|p2a: Great Tusk|Great Tusk|74/100|[from] Chilly Reception
|move|p1a: Luis Fonsi|Sludge Bomb|p2a: Great Tusk
|-resisted|p2a: Great Tusk
|-damage|p2a: Great Tusk|49/100
|
|-weather|Snowscape|[upkeep]
|upkeep
|turn|114
|
|t:|1779568307
|-end|p2a: Great Tusk|Protosynthesis|[silent]
|switch|p2a: Kyurem|Kyurem, tera:Ice|63/100
|-ability|p2a: Kyurem|Pressure
|switch|p1a: Crecer German|Corviknight, M, shiny|100/100
|-ability|p1a: Crecer German|Pressure
|
|-weather|Snowscape|[upkeep]
|-end|p1a: Crecer German|move: Future Sight
|-resisted|p1a: Crecer German
|-crit|p1a: Crecer German
|-damage|p1a: Crecer German|67/100
|upkeep
|turn|115
|
|t:|1779568312
|switch|p1a: Sabrina Carpintera|Hydrapple, F, tera:Steel|100/100 frz
|move|p2a: Kyurem|Freeze-Dry|p1a: Sabrina Carpintera
|-resisted|p1a: Sabrina Carpintera
|-damage|p1a: Sabrina Carpintera|65/100 frz
|
|-weather|Snowscape|[upkeep]
|-heal|p1a: Sabrina Carpintera|71/100 frz|[from] item: Leftovers
|upkeep
|turn|116
|
|t:|1779568318
|switch|p1a: Luis Fonsi|Slowking-Galar, M, shiny|100/100 par
|move|p2a: Kyurem|Freeze-Dry|p1a: Luis Fonsi
|-damage|p1a: Luis Fonsi|64/100 par
|
|-weather|Snowscape|[upkeep]
|upkeep
|turn|117
|
|t:|1779568322
|switch|p1a: Sabrina Carpintera|Hydrapple, F, tera:Steel|100/100 frz
|move|p2a: Kyurem|Freeze-Dry|p1a: Sabrina Carpintera
|-resisted|p1a: Sabrina Carpintera
|-damage|p1a: Sabrina Carpintera|65/100 frz
|
|-weather|none
|-heal|p1a: Sabrina Carpintera|72/100 frz|[from] item: Leftovers
|upkeep
|turn|118
|
|t:|1779568328
|switch|p2a: Slowking|Slowking-Galar, M|100/100
|switch|p1a: Luis Fonsi|Slowking-Galar, M, shiny|98/100 par
|
|upkeep
|turn|119
|
|t:|1779568330
|switch|p1a: Crecer German|Corviknight, M, shiny|67/100
|-ability|p1a: Crecer German|Pressure
|move|p2a: Slowking|Future Sight|p1a: Crecer German
|-start|p2a: Slowking|move: Future Sight
|
|upkeep
|turn|120
|
|t:|1779568335
|move|p1a: Crecer German|Roost|p1a: Crecer German
|-heal|p1a: Crecer German|100/100
|-singleturn|p1a: Crecer German|move: Roost
|move|p2a: Slowking|Sludge Bomb|p1a: Crecer German
|-immune|p1a: Crecer German
|
|upkeep
|turn|121
|
|t:|1779568347
|switch|p1a: Luis Fonsi|Slowking-Galar, M, shiny|100/100 par
|move|p2a: Slowking|Sludge Bomb|p1a: Luis Fonsi
|-resisted|p1a: Luis Fonsi
|-damage|p1a: Luis Fonsi|92/100 par
|
|-end|p1a: Luis Fonsi|move: Future Sight
|-damage|p1a: Luis Fonsi|69/100 par
|upkeep
|turn|122
|
|t:|1779568356
|switch|p1a: Sabrina Carpintera|Hydrapple, F, tera:Steel|100/100 frz
|move|p2a: Slowking|Future Sight|p1a: Sabrina Carpintera
|-start|p2a: Slowking|move: Future Sight
|
|upkeep
|turn|123
|
|t:|1779568358
|cant|p1a: Sabrina Carpintera|frz
|move|p2a: Slowking|Sludge Bomb|p1a: Sabrina Carpintera
|-immune|p1a: Sabrina Carpintera
|
|upkeep
|turn|124
|
|t:|1779568360
|cant|p1a: Sabrina Carpintera|frz
|move|p2a: Slowking|Sludge Bomb|p1a: Sabrina Carpintera
|-immune|p1a: Sabrina Carpintera
|
|-end|p1a: Sabrina Carpintera|move: Future Sight
|-resisted|p1a: Sabrina Carpintera
|-damage|p1a: Sabrina Carpintera|80/100 frz
|-heal|p1a: Sabrina Carpintera|86/100 frz|[from] item: Leftovers
|upkeep
|turn|125
|
|t:|1779568363
|-curestatus|p1a: Sabrina Carpintera|frz|[msg]
|move|p1a: Sabrina Carpintera|Earth Power|p2a: Slowking
|-supereffective|p2a: Slowking
|-damage|p2a: Slowking|60/100
|move|p2a: Slowking|Trick|p1a: Sabrina Carpintera
|-activate|p2a: Slowking|move: Trick|[of] p1a: Sabrina Carpintera
|-item|p1a: Sabrina Carpintera|Black Sludge|[from] move: Trick
|-item|p2a: Slowking|Leftovers|[from] move: Trick
|
|-damage|p1a: Sabrina Carpintera|73/100|[from] item: Black Sludge
|-heal|p2a: Slowking|66/100|[from] item: Leftovers
|upkeep
|turn|126
|
|t:|1779568381
|move|p1a: Sabrina Carpintera|Earth Power|p2a: Slowking
|-supereffective|p2a: Slowking
|-damage|p2a: Slowking|24/100
|-prepare|p2a: Slowking|Chilly Reception|[premajor]
|move|p2a: Slowking|Chilly Reception|p2a: Slowking
|-weather|Snowscape
|
|t:|1779568389
|switch|p2a: Kyurem|Kyurem, tera:Ice|63/100|[from] Chilly Reception
|-ability|p2a: Kyurem|Pressure
|
|-weather|Snowscape|[upkeep]
|-damage|p1a: Sabrina Carpintera|61/100|[from] item: Black Sludge
|upkeep
|turn|127
|
|t:|1779568399
|switch|p1a: Luis Fonsi|Slowking-Galar, M, shiny|100/100 par
|move|p2a: Kyurem|Earth Power|p1a: Luis Fonsi
|-supereffective|p1a: Luis Fonsi
|-damage|p1a: Luis Fonsi|53/100 par
|
|-weather|Snowscape|[upkeep]
|upkeep
|turn|128
|
|t:|1779568405
|switch|p1a: Crecer German|Corviknight, M, shiny|100/100
|-ability|p1a: Crecer German|Pressure
|move|p2a: Kyurem|Earth Power|p1a: Crecer German
|-immune|p1a: Crecer German
|
|-weather|Snowscape|[upkeep]
|upkeep
|turn|129
|
|t:|1779568414
|switch|p2a: Great Tusk|Great Tusk|49/100
|move|p1a: Crecer German|Body Press|p2a: Great Tusk
|-damage|p2a: Great Tusk|29/100
|-damage|p1a: Crecer German|84/100|[from] item: Rocky Helmet|[of] p2a: Great Tusk
|
|-weather|Snowscape|[upkeep]
|upkeep
|turn|130
|
|t:|1779568428
|-end|p2a: Great Tusk|Protosynthesis|[silent]
|switch|p2a: Hatterene|Hatterene, F|88/100
|move|p1a: Crecer German|Iron Defense|p1a: Crecer German
|-boost|p1a: Crecer German|def|2
|
|-weather|none
|upkeep
|turn|131
|
|t:|1779568440
|switch|p1a: Luis Fonsi|Slowking-Galar, M, shiny|86/100 par
|switch|p2a: Great Tusk|Great Tusk|29/100
|
|upkeep
|turn|132
|
|t:|1779568449
|-end|p2a: Great Tusk|Protosynthesis|[silent]
|switch|p2a: Kyurem|Kyurem, tera:Ice|63/100
|-ability|p2a: Kyurem|Pressure
|switch|p1a: Crecer German|Corviknight, M, shiny|84/100
|-ability|p1a: Crecer German|Pressure
|
|upkeep
|turn|133
|
|t:|1779568459
|switch|p1a: Luis Fonsi|Slowking-Galar, M, shiny|100/100 par
|move|p2a: Kyurem|Ice Beam|p1a: Luis Fonsi
|-damage|p1a: Luis Fonsi|53/100 par
|
|upkeep
|turn|134
|
|t:|1779568464
|switch|p1a: Kenia Os|Dondozo, F|100/100 slp
|move|p2a: Kyurem|Ice Beam|p1a: Kenia Os
|-resisted|p1a: Kenia Os
|-damage|p1a: Kenia Os|71/100 slp
|
|-heal|p1a: Kenia Os|77/100 slp|[from] item: Leftovers
|upkeep
|turn|135
|
|t:|1779568475
|move|p2a: Kyurem|Ice Beam|p1a: Kenia Os
|-resisted|p1a: Kenia Os
|-damage|p1a: Kenia Os|46/100 slp
|cant|p1a: Kenia Os|slp
|move|p1a: Kenia Os|Sleep Talk|p1a: Kenia Os
|move|p1a: Kenia Os|Rest||[from] move: Sleep Talk|[still]
|-fail|p1a: Kenia Os
|
|-heal|p1a: Kenia Os|52/100 slp|[from] item: Leftovers
|upkeep
|turn|136
|
|t:|1779568478
|move|p2a: Kyurem|Ice Beam|p1a: Kenia Os
|-resisted|p1a: Kenia Os
|-damage|p1a: Kenia Os|20/100 slp
|-curestatus|p1a: Kenia Os|slp|[msg]
|move|p1a: Kenia Os|Rest|p1a: Kenia Os
|-status|p1a: Kenia Os|slp|[from] move: Rest
|-heal|p1a: Kenia Os|100/100 slp|[silent]
|
|upkeep
|turn|137
|c|+egalvanc|luisin porque cada vez q te veo jugar stour sacas teams gordos y tus partidas duran mas de 100 turnos lol
|
|t:|1779568486
|switch|p2a: Hatterene|Hatterene, F|88/100
|cant|p1a: Kenia Os|slp
|move|p1a: Kenia Os|Sleep Talk|p1a: Kenia Os
|move|p1a: Kenia Os|Curse|p1a: Kenia Os|[from] move: Sleep Talk
|-unboost|p1a: Kenia Os|spe|1
|-boost|p1a: Kenia Os|atk|1
|-boost|p1a: Kenia Os|def|1
|
|upkeep
|turn|138
|c|☆luisin|AJSJAJJA no se bro egalvanc
|
|t:|1779568498
|switch|p1a: Luis Fonsi|Slowking-Galar, M, shiny|87/100 par
|move|p2a: Hatterene|Psychic Noise|p1a: Luis Fonsi
|-damage|p1a: Luis Fonsi|68/100 par
|-start|p1a: Luis Fonsi|move: Heal Block
|
|upkeep
|turn|139
|
|t:|1779568503
|switch|p2a: Slowking|Slowking-Galar, M|57/100
|move|p1a: Luis Fonsi|Psychic Noise|p2a: Slowking
|-damage|p2a: Slowking|35/100
|-start|p2a: Slowking|move: Heal Block
|
|-end|p1a: Luis Fonsi|move: Heal Block
|upkeep
|turn|140
|
|t:|1779568527
|move|p2a: Slowking|Trick|p1a: Luis Fonsi
|-activate|p2a: Slowking|move: Trick|[of] p1a: Luis Fonsi
|-item|p1a: Luis Fonsi|Leftovers|[from] move: Trick
|-item|p2a: Slowking|Assault Vest|[from] move: Trick
|cant|p1a: Luis Fonsi|par
|
|-heal|p1a: Luis Fonsi|74/100 par|[from] item: Leftovers
|-end|p2a: Slowking|move: Heal Block
|upkeep
|turn|141
|
|t:|1779568534
|move|p2a: Slowking|Future Sight|p1a: Luis Fonsi
|-start|p2a: Slowking|move: Future Sight
|move|p1a: Luis Fonsi|Sludge Bomb|p2a: Slowking
|-resisted|p2a: Slowking
|-damage|p2a: Slowking|26/100
|
|-heal|p1a: Luis Fonsi|80/100 par|[from] item: Leftovers
|upkeep
|turn|142
|
|t:|1779568546
|move|p2a: Slowking|Sludge Bomb|p1a: Luis Fonsi
|-resisted|p1a: Luis Fonsi
|-damage|p1a: Luis Fonsi|69/100 par
|cant|p1a: Luis Fonsi|par
|
|-heal|p1a: Luis Fonsi|75/100 par|[from] item: Leftovers
|upkeep
|turn|143
|
|t:|1779568553
|switch|p1a: Sabrina Carpintera|Hydrapple, F, tera:Steel|94/100
|move|p2a: Slowking|Sludge Bomb|p1a: Sabrina Carpintera
|-immune|p1a: Sabrina Carpintera
|
|-end|p1a: Sabrina Carpintera|move: Future Sight
|-resisted|p1a: Sabrina Carpintera
|-damage|p1a: Sabrina Carpintera|71/100
|-damage|p1a: Sabrina Carpintera|58/100|[from] item: Black Sludge
|upkeep
|turn|144
|
|t:|1779568559
|switch|p2a: Hatterene|Hatterene, F|88/100
|move|p1a: Sabrina Carpintera|Giga Drain|p2a: Hatterene
|-damage|p2a: Hatterene|56/100
|-heal|p1a: Sabrina Carpintera|71/100|[from] drain|[of] p2a: Hatterene
|
|-damage|p1a: Sabrina Carpintera|59/100|[from] item: Black Sludge
|upkeep
|turn|145
|
|t:|1779568566
|switch|p1a: Luis Fonsi|Slowking-Galar, M, shiny|100/100 par
|move|p2a: Hatterene|Pain Split|p1a: Luis Fonsi
|-sethp|p1a: Luis Fonsi|73/100 par|[from] move: Pain Split|[silent]
|-sethp|p2a: Hatterene|90/100|[from] move: Pain Split
|
|-heal|p1a: Luis Fonsi|79/100 par|[from] item: Leftovers
|upkeep
|turn|146
|
|t:|1779568572
|switch|p2a: Slowking|Slowking-Galar, M|59/100
|move|p1a: Luis Fonsi|Sludge Bomb|p2a: Slowking
|-resisted|p2a: Slowking
|-damage|p2a: Slowking|51/100
|
|-heal|p1a: Luis Fonsi|85/100 par|[from] item: Leftovers
|upkeep
|turn|147
|
|t:|1779568578
|move|p2a: Slowking|Future Sight|p1a: Luis Fonsi
|-start|p2a: Slowking|move: Future Sight
|move|p1a: Luis Fonsi|Psychic Noise|p2a: Slowking
|-damage|p2a: Slowking|37/100
|-start|p2a: Slowking|move: Heal Block
|
|-heal|p1a: Luis Fonsi|91/100 par|[from] item: Leftovers
|upkeep
|turn|148
|
|t:|1779568583
|move|p2a: Slowking|Sludge Bomb|p1a: Luis Fonsi
|-resisted|p1a: Luis Fonsi
|-damage|p1a: Luis Fonsi|77/100 par
|move|p1a: Luis Fonsi|Psychic Noise|p2a: Slowking
|-damage|p2a: Slowking|23/100
|
|-heal|p1a: Luis Fonsi|83/100 par|[from] item: Leftovers
|-end|p2a: Slowking|move: Heal Block
|upkeep
|turn|149
|
|t:|1779568592
|switch|p2a: Great Tusk|Great Tusk|29/100
|cant|p1a: Luis Fonsi|par
|
|-end|p1a: Luis Fonsi|move: Future Sight
|-damage|p1a: Luis Fonsi|52/100 par
|-heal|p1a: Luis Fonsi|58/100 par|[from] item: Leftovers
|upkeep
|turn|150
|
|t:|1779568598
|-end|p2a: Great Tusk|Protosynthesis|[silent]
|switch|p2a: Kyurem|Kyurem, tera:Ice|63/100
|-ability|p2a: Kyurem|Pressure
|switch|p1a: Crecer German|Corviknight, M, shiny|84/100
|-ability|p1a: Crecer German|Pressure
|
|upkeep
|turn|151
|
|t:|1779568605
|switch|p1a: Luis Fonsi|Slowking-Galar, M, shiny|91/100 par
|move|p2a: Kyurem|Ice Beam|p1a: Luis Fonsi
|-damage|p1a: Luis Fonsi|20/100 par
|
|-heal|p1a: Luis Fonsi|26/100 par|[from] item: Leftovers
|upkeep
|turn|152
|
|t:|1779568610
|switch|p2a: Slowking|Slowking-Galar, M|56/100
|switch|p1a: Kenia Os|Dondozo, F|100/100 slp
|
|upkeep
|turn|153
|
|t:|1779568613
|switch|p1a: Luis Fonsi|Slowking-Galar, M, shiny|59/100 par
|move|p2a: Slowking|Future Sight|p1a: Luis Fonsi
|-start|p2a: Slowking|move: Future Sight
|
|-heal|p1a: Luis Fonsi|65/100 par|[from] item: Leftovers
|upkeep
|turn|154
|
|t:|1779568620
|switch|p1a: Crecer German|Corviknight, M, shiny|84/100
|-ability|p1a: Crecer German|Pressure
|move|p2a: Slowking|Sludge Bomb|p1a: Crecer German
|-immune|p1a: Crecer German
|
|upkeep
|turn|155
|
|t:|1779568626
|switch|p2a: Hatterene|Hatterene, F|90/100
|move|p1a: Crecer German|Iron Defense|p1a: Crecer German
|-boost|p1a: Crecer German|def|2
|
|-end|p1a: Crecer German|move: Future Sight
|-resisted|p1a: Crecer German
|-damage|p1a: Crecer German|64/100
|upkeep
|turn|156
|
|t:|1779568633
|switch|p1a: Luis Fonsi|Slowking-Galar, M, shiny|98/100 par
|move|p2a: Hatterene|Nuzzle|p1a: Luis Fonsi
|-damage|p1a: Luis Fonsi|95/100 par
|
|-heal|p1a: Luis Fonsi|100/100 par|[from] item: Leftovers
|upkeep
|turn|157
|
|t:|1779568639
|switch|p2a: Slowking|Slowking-Galar, M|89/100
|switch|p1a: Sabrina Carpintera|Hydrapple, F, tera:Steel|92/100
|
|-damage|p1a: Sabrina Carpintera|80/100|[from] item: Black Sludge
|upkeep
|turn|158
|
|t:|1779568646
|move|p1a: Sabrina Carpintera|Nasty Plot|p1a: Sabrina Carpintera
|-boost|p1a: Sabrina Carpintera|spa|2
|move|p2a: Slowking|Future Sight|p1a: Sabrina Carpintera
|-start|p2a: Slowking|move: Future Sight
|
|-damage|p1a: Sabrina Carpintera|67/100|[from] item: Black Sludge
|upkeep
|turn|159
|
|t:|1779568650
|switch|p2a: Hatterene|Hatterene, F|90/100
|move|p1a: Sabrina Carpintera|Giga Drain|p2a: Hatterene
|-damage|p2a: Hatterene|21/100
|-heal|p1a: Sabrina Carpintera|94/100|[from] drain|[of] p2a: Hatterene
|
|-damage|p1a: Sabrina Carpintera|82/100|[from] item: Black Sludge
|upkeep
|turn|160
|
|t:|1779568655
|switch|p2a: Slowking|Slowking-Galar, M|100/100
|move|p1a: Sabrina Carpintera|Giga Drain|p2a: Slowking
|-resisted|p2a: Slowking
|-damage|p2a: Slowking|84/100
|-heal|p1a: Sabrina Carpintera|90/100|[from] drain|[of] p2a: Slowking
|
|-end|p1a: Sabrina Carpintera|move: Future Sight
|-resisted|p1a: Sabrina Carpintera
|-damage|p1a: Sabrina Carpintera|67/100
|-damage|p1a: Sabrina Carpintera|55/100|[from] item: Black Sludge
|upkeep
|turn|161
|
|t:|1779568665
|move|p1a: Sabrina Carpintera|Earth Power|p2a: Slowking
|-supereffective|p2a: Slowking
|-damage|p2a: Slowking|31/100
|move|p2a: Slowking|Future Sight|p1a: Sabrina Carpintera
|-start|p2a: Slowking|move: Future Sight
|
|-damage|p1a: Sabrina Carpintera|43/100|[from] item: Black Sludge
|upkeep
|turn|162
|
|t:|1779568672
|switch|p2a: Hatterene|Hatterene, F|21/100
|move|p1a: Sabrina Carpintera|Earth Power|p2a: Hatterene
|-damage|p2a: Hatterene|0 fnt
|faint|p2a: Hatterene
|
|-damage|p1a: Sabrina Carpintera|30/100|[from] item: Black Sludge
|upkeep
|
|t:|1779568674
|switch|p2a: Kyurem|Kyurem, tera:Ice|63/100
|-ability|p2a: Kyurem|Pressure
|turn|163
|
|t:|1779568694
|switch|p1a: Crecer German|Corviknight, M, shiny|64/100
|-ability|p1a: Crecer German|Pressure
|move|p2a: Kyurem|Freeze-Dry|p1a: Crecer German
|-damage|p1a: Crecer German|0 fnt
|faint|p1a: Crecer German
|
|-hint|Future Sight did not hit because the target is fainted.
|upkeep
|
|t:|1779568696
|switch|p1a: Kimberly Loaiza|Cinderace, F|42/100
|turn|164
|
|t:|1779568701
|switch|p2a: Slowking|Slowking-Galar, M|65/100
|move|p1a: Kimberly Loaiza|Pyro Ball|p2a: Slowking
|-damage|p2a: Slowking|32/100
|
|upkeep
|turn|165
|
|t:|1779568707
|switch|p2a: Great Tusk|Great Tusk|29/100
|move|p1a: Kimberly Loaiza|Pyro Ball|p2a: Great Tusk
|-damage|p2a: Great Tusk|0 fnt
|faint|p2a: Great Tusk
|-end|p2a: Great Tusk|Protosynthesis|[silent]
|
|upkeep
|
|t:|1779568711
|switch|p2a: Slowking|Slowking-Galar, M|65/100
|turn|166
|
|t:|1779568716
|move|p1a: Kimberly Loaiza|U-turn|p2a: Slowking
|-damage|p2a: Slowking|51/100
|
|t:|1779568720
|switch|p1a: Sabrina Carpintera|Hydrapple, F, tera:Steel|64/100|[from] U-turn
|move|p2a: Slowking|Future Sight|p1a: Sabrina Carpintera
|-start|p2a: Slowking|move: Future Sight
|
|-damage|p1a: Sabrina Carpintera|51/100|[from] item: Black Sludge
|upkeep
|turn|167
|
|t:|1779568730
|move|p1a: Sabrina Carpintera|Earth Power|p2a: Slowking
|-supereffective|p2a: Slowking
|-damage|p2a: Slowking|24/100
|move|p2a: Slowking|Sludge Bomb|p1a: Sabrina Carpintera
|-immune|p1a: Sabrina Carpintera
|
|-damage|p1a: Sabrina Carpintera|39/100|[from] item: Black Sludge
|upkeep
|turn|168
|
|t:|1779568736
|move|p1a: Sabrina Carpintera|Earth Power|p2a: Slowking
|-supereffective|p2a: Slowking
|-damage|p2a: Slowking|0 fnt
|faint|p2a: Slowking
|
|-end|p1a: Sabrina Carpintera|move: Future Sight
|-resisted|p1a: Sabrina Carpintera
|-damage|p1a: Sabrina Carpintera|16/100
|-damage|p1a: Sabrina Carpintera|4/100|[from] item: Black Sludge
|upkeep
|
|t:|1779568738
|switch|p2a: Kyurem|Kyurem, tera:Ice|63/100
|-ability|p2a: Kyurem|Pressure
|turn|169
|
|t:|1779568743
|move|p2a: Kyurem|Freeze-Dry|p1a: Sabrina Carpintera
|-resisted|p1a: Sabrina Carpintera
|-damage|p1a: Sabrina Carpintera|0 fnt
|faint|p1a: Sabrina Carpintera
|
|upkeep
|
|t:|1779568745
|switch|p1a: Kimberly Loaiza|Cinderace, F|42/100
|turn|170
|
|t:|1779568747
|move|p1a: Kimberly Loaiza|U-turn|p2a: Kyurem
|-damage|p2a: Kyurem|47/100
|
|t:|1779568751
|switch|p1a: Kenia Os|Dondozo, F|100/100 slp|[from] U-turn
|move|p2a: Kyurem|Freeze-Dry|p1a: Kenia Os
|-supereffective|p1a: Kenia Os
|-damage|p1a: Kenia Os|4/100 slp
|
|-heal|p1a: Kenia Os|11/100 slp|[from] item: Leftovers
|upkeep
|turn|171
|
|t:|1779568754
|move|p2a: Kyurem|Freeze-Dry|p1a: Kenia Os
|-supereffective|p1a: Kenia Os
|-damage|p1a: Kenia Os|0 fnt
|faint|p1a: Kenia Os
|
|upkeep
|
|t:|1779568756
|switch|p1a: Luis Fonsi|Slowking-Galar, M, shiny|100/100 par
|turn|172
|
|t:|1779568760
|move|p2a: Kyurem|Freeze-Dry|p1a: Luis Fonsi
|-damage|p1a: Luis Fonsi|48/100 par
|move|p1a: Luis Fonsi|Sludge Bomb|p2a: Kyurem
|-damage|p2a: Kyurem|14/100
|
|-heal|p1a: Luis Fonsi|54/100 par|[from] item: Leftovers
|upkeep
|turn|173
|
|t:|1779568763
|move|p2a: Kyurem|Freeze-Dry|p1a: Luis Fonsi
|-damage|p1a: Luis Fonsi|1/100 par
|cant|p1a: Luis Fonsi|par
|
|-heal|p1a: Luis Fonsi|7/100 par|[from] item: Leftovers
|upkeep
|turn|174
|
|t:|1779568766
|move|p2a: Kyurem|Freeze-Dry|p1a: Luis Fonsi
|-damage|p1a: Luis Fonsi|0 fnt
|faint|p1a: Luis Fonsi
|
|upkeep
|
|t:|1779568768
|switch|p1a: Kimberly Loaiza|Cinderace, F|42/100
|turn|175
|
|t:|1779568773
|move|p1a: Kimberly Loaiza|U-turn|p2a: Kyurem
|-damage|p2a: Kyurem|0 fnt
|faint|p2a: Kyurem
|
|win|luisin
|c|☆agenS|gg
|c|☆luisin|g
|c|☆luisin|g
