|j|☆pls game
|j|☆bigtestsofbig
|t:|1779669922
|gametype|singles
|player|p1|pls game|ingo|1646
|player|p2|bigtestsofbig|101|1566
|gen|9
|tier|[Gen 9] OU
|rated|
|rule|HP Percentage Mod: HP is shown in percentages
|rule|Endless Battle Clause: Forcing endless battles is banned
|rule|Species Clause: Limit one of each Pokémon
|rule|OHKO Clause: OHKO moves are banned
|rule|Evasion Items Clause: Evasion items are banned
|rule|Evasion Moves Clause: Evasion moves are banned
|rule|Evasion Abilities Clause: Evasion abilities are banned
|rule|Sleep Moves Clause: Sleep-inducing moves are banned
|clearpoke
|poke|p1|Dragonite, F|
|poke|p1|Great Tusk|
|poke|p1|Deoxys-Speed|
|poke|p1|Gholdengo|
|poke|p1|Zamazenta-*|
|poke|p1|Iron Valiant|
|poke|p2|Feraligatr, F|
|poke|p2|Excadrill, F|
|poke|p2|Moltres|
|poke|p2|Primarina, M|
|poke|p2|Tyranitar, M|
|poke|p2|Garganacl, M|
|teampreview
|inactive|Battle timer is ON: inactive players will automatically lose when time's up. (requested by pls game)
|
|t:|1779669934
|teamsize|p1|6
|teamsize|p2|6
|start
|switch|p1a: Zamazenta|Zamazenta|100/100
|switch|p2a: Tyranitar|Tyranitar, M|100/100
|-ability|p1a: Zamazenta|Dauntless Shield|boost
|-boost|p1a: Zamazenta|def|1
|-weather|Sandstorm|[from] ability: Sand Stream|[of] p2a: Tyranitar
|turn|1
|
|t:|1779669942
|switch|p1a: Deoxys|Deoxys-Speed|100/100
|-ability|p1a: Deoxys|Pressure
|move|p2a: Tyranitar|Thunder Wave|p1a: Deoxys
|-status|p1a: Deoxys|par
|
|-weather|Sandstorm|[upkeep]
|-damage|p1a: Deoxys|95/100 par|[from] Sandstorm
|upkeep
|turn|2
|
|t:|1779669955
|switch|p2a: Moltres|Moltres|100/100
|move|p1a: Deoxys|Taunt|p2a: Moltres
|-start|p2a: Moltres|move: Taunt
|
|-weather|Sandstorm|[upkeep]
|-damage|p1a: Deoxys|89/100 par|[from] Sandstorm
|-damage|p2a: Moltres|94/100|[from] Sandstorm
|upkeep
|turn|3
|
|t:|1779669970
|switch|p2a: Excadrill|Excadrill, F|100/100
|move|p1a: Deoxys|Spikes|p2a: Excadrill
|-sidestart|p2: bigtestsofbig|Spikes
|
|-weather|Sandstorm|[upkeep]
|-damage|p1a: Deoxys|83/100 par|[from] Sandstorm
|upkeep
|turn|4
|inactive|pls game has 120 seconds left.
|
|t:|1779670003
|move|p2a: Excadrill|Swords Dance|p2a: Excadrill
|-boost|p2a: Excadrill|atk|2
|move|p1a: Deoxys|Skill Swap|p2a: Excadrill
|-activate|p1a: Deoxys|Skill Swap|Sand Rush|Pressure|[of] p2a: Excadrill
|-ability|p2a: Excadrill|Pressure
|
|-weather|Sandstorm|[upkeep]
|upkeep
|turn|5
|inactive|pls game has 120 seconds left.
|
|t:|1779670029
|-terastallize|p1a: Deoxys|Ghost
|move|p1a: Deoxys|Stealth Rock|p2a: Excadrill
|-sidestart|p2: bigtestsofbig|move: Stealth Rock
|move|p2a: Excadrill|Iron Head|p1a: Deoxys
|-damage|p1a: Deoxys|0 fnt
|faint|p1a: Deoxys
|
|-weather|Sandstorm|[upkeep]
|upkeep
|
|t:|1779670036
|switch|p1a: Zamazenta|Zamazenta|100/100
|turn|6
|
|t:|1779670041
|-terastallize|p2a: Excadrill|Ground
|move|p1a: Zamazenta|Close Combat|p2a: Excadrill
|-damage|p2a: Excadrill|17/100
|-unboost|p1a: Zamazenta|def|1
|-unboost|p1a: Zamazenta|spd|1
|-damage|p1a: Zamazenta|91/100|[from] item: Life Orb
|move|p2a: Excadrill|Rapid Spin|p1a: Zamazenta
|-damage|p1a: Zamazenta|50/100
|-boost|p2a: Excadrill|spe|1
|-sideend|p2: bigtestsofbig|Spikes|[from] move: Rapid Spin|[of] p2a: Excadrill
|-sideend|p2: bigtestsofbig|Stealth Rock|[from] move: Rapid Spin|[of] p2a: Excadrill
|
|-weather|Sandstorm|[upkeep]
|-damage|p1a: Zamazenta|44/100|[from] Sandstorm
|-heal|p2a: Excadrill|23/100|[from] item: Leftovers
|upkeep
|turn|7
|
|t:|1779670054
|switch|p2a: Moltres|Moltres|94/100
|move|p1a: Zamazenta|Close Combat|p2a: Moltres
|-resisted|p2a: Moltres
|-damage|p2a: Moltres|59/100
|-unboost|p1a: Zamazenta|def|1
|-unboost|p1a: Zamazenta|spd|1
|-damage|p1a: Zamazenta|34/100|[from] item: Life Orb
|
|-weather|Sandstorm|[upkeep]
|-damage|p1a: Zamazenta|28/100|[from] Sandstorm
|-damage|p2a: Moltres|53/100|[from] Sandstorm
|upkeep
|turn|8
|
|t:|1779670066
|switch|p1a: Iron Valiant|Iron Valiant|100/100
|-enditem|p1a: Iron Valiant|Booster Energy
|-activate|p1a: Iron Valiant|ability: Quark Drive|[fromitem]
|-start|p1a: Iron Valiant|quarkdrivespe
|switch|p2a: Garganacl|Garganacl, M|100/100
|
|-weather|none
|upkeep
|turn|9
|
|t:|1779670072
|move|p1a: Iron Valiant|Taunt|p2a: Garganacl
|-start|p2a: Garganacl|move: Taunt
|move|p2a: Garganacl|Salt Cure|p1a: Iron Valiant
|-resisted|p1a: Iron Valiant
|-damage|p1a: Iron Valiant|92/100
|-start|p1a: Iron Valiant|Salt Cure
|
|-damage|p1a: Iron Valiant|80/100|[from] Salt Cure
|upkeep
|turn|10
|
|t:|1779670079
|switch|p2a: Moltres|Moltres|53/100
|move|p1a: Iron Valiant|Knock Off|p2a: Moltres
|-damage|p2a: Moltres|32/100
|-status|p1a: Iron Valiant|brn|[from] ability: Flame Body|[of] p2a: Moltres
|-enditem|p2a: Moltres|Heavy-Duty Boots|[from] move: Knock Off|[of] p1a: Iron Valiant
|
|-damage|p1a: Iron Valiant|74/100 brn|[from] brn
|-damage|p1a: Iron Valiant|61/100 brn|[from] Salt Cure
|upkeep
|turn|11
|
|t:|1779670085
|move|p1a: Iron Valiant|Taunt|p2a: Moltres
|-start|p2a: Moltres|move: Taunt
|cant|p2a: Moltres|move: Taunt|Roost
|
|-damage|p1a: Iron Valiant|55/100 brn|[from] brn
|-damage|p1a: Iron Valiant|42/100 brn|[from] Salt Cure
|upkeep
|turn|12
|
|t:|1779670100
|switch|p2a: Garganacl|Garganacl, M|100/100
|move|p1a: Iron Valiant|Moonblast|p2a: Garganacl
|-damage|p2a: Garganacl|69/100
|
|-heal|p2a: Garganacl|75/100|[from] item: Leftovers
|-damage|p1a: Iron Valiant|36/100 brn|[from] brn
|-damage|p1a: Iron Valiant|24/100 brn|[from] Salt Cure
|upkeep
|turn|13
|
|t:|1779670109
|move|p1a: Iron Valiant|Taunt|p2a: Garganacl
|-start|p2a: Garganacl|move: Taunt
|cant|p2a: Garganacl|move: Taunt|Recover
|
|-heal|p2a: Garganacl|81/100|[from] item: Leftovers
|-damage|p1a: Iron Valiant|17/100 brn|[from] brn
|-damage|p1a: Iron Valiant|5/100 brn|[from] Salt Cure
|upkeep
|turn|14
|inactive|pls game has 120 seconds left.
|
|t:|1779670143
|switch|p2a: Tyranitar|Tyranitar, M|100/100
|-weather|Sandstorm|[from] ability: Sand Stream|[of] p2a: Tyranitar
|move|p1a: Iron Valiant|Knock Off|p2a: Tyranitar
|-resisted|p2a: Tyranitar
|-damage|p2a: Tyranitar|96/100
|-enditem|p2a: Tyranitar|Smooth Rock|[from] move: Knock Off|[of] p1a: Iron Valiant
|
|-weather|Sandstorm|[upkeep]
|-damage|p1a: Iron Valiant|0 fnt|[from] Sandstorm
|faint|p1a: Iron Valiant
|-end|p1a: Iron Valiant|Quark Drive|[silent]
|upkeep
|inactive|pls game has 120 seconds left.
|inactive|pls game has 90 seconds left.
|
|t:|1779670184
|switch|p1a: Zamazenta|Zamazenta|28/100
|turn|15
|inactive|bigtestsofbig has 120 seconds left.
|
|t:|1779670222
|switch|p2a: Feraligatr|Feraligatr, F|100/100
|move|p1a: Zamazenta|Close Combat|p2a: Feraligatr
|-damage|p2a: Feraligatr|29/100
|-unboost|p1a: Zamazenta|def|1
|-unboost|p1a: Zamazenta|spd|1
|-damage|p1a: Zamazenta|18/100|[from] item: Life Orb
|
|-weather|Sandstorm|[upkeep]
|-damage|p1a: Zamazenta|12/100|[from] Sandstorm
|-damage|p2a: Feraligatr|23/100|[from] Sandstorm
|upkeep
|turn|16
|
|t:|1779670236
|switch|p1a: Gholdengo|Gholdengo|100/100
|move|p2a: Feraligatr|Dragon Dance|p2a: Feraligatr
|-boost|p2a: Feraligatr|atk|1
|-boost|p2a: Feraligatr|spe|1
|
|-weather|Sandstorm|[upkeep]
|-damage|p2a: Feraligatr|17/100|[from] Sandstorm
|upkeep
|turn|17
|inactive|bigtestsofbig has 120 seconds left.
|
|t:|1779670248
|move|p2a: Feraligatr|Crunch|p1a: Gholdengo
|-supereffective|p1a: Gholdengo
|-damage|p1a: Gholdengo|10/100
|move|p1a: Gholdengo|Nasty Plot|p1a: Gholdengo
|-boost|p1a: Gholdengo|spa|2
|
|-weather|Sandstorm|[upkeep]
|-damage|p2a: Feraligatr|11/100|[from] Sandstorm
|upkeep
|turn|18
|-enditem|p1a: Gholdengo|Custap Berry|[eat]
|-activate|p1a: Gholdengo|item: Custap Berry|[consumed]
|
|t:|1779670255
|move|p1a: Gholdengo|Shadow Ball|p2a: Feraligatr
|-damage|p2a: Feraligatr|0 fnt
|faint|p2a: Feraligatr
|
|-weather|Sandstorm|[upkeep]
|upkeep
|
|t:|1779670263
|switch|p2a: Excadrill|Excadrill, F, tera:Ground|23/100
|turn|19
|
|t:|1779670272
|move|p2a: Excadrill|Iron Head|p1a: Gholdengo
|-resisted|p1a: Gholdengo
|-damage|p1a: Gholdengo|0 fnt
|faint|p1a: Gholdengo
|
|-weather|Sandstorm|[upkeep]
|-heal|p2a: Excadrill|29/100|[from] item: Leftovers
|upkeep
|inactive|pls game has 90 seconds left.
|
|t:|1779670303
|switch|p1a: Dragonite|Dragonite, F|100/100
|turn|20
|
|t:|1779670307
|move|p2a: Excadrill|Iron Head|p1a: Dragonite
|-damage|p1a: Dragonite|78/100
|move|p1a: Dragonite|Dragon Dance|p1a: Dragonite
|-boost|p1a: Dragonite|atk|1
|-boost|p1a: Dragonite|spe|1
|
|-weather|Sandstorm|[upkeep]
|-damage|p1a: Dragonite|72/100|[from] Sandstorm
|-heal|p2a: Excadrill|35/100|[from] item: Leftovers
|upkeep
|turn|21
|
|t:|1779670316
|move|p1a: Dragonite|Extreme Speed|p2a: Excadrill
|-damage|p2a: Excadrill|0 fnt
|faint|p2a: Excadrill
|-damage|p1a: Dragonite|62/100|[from] item: Life Orb
|
|-weather|none
|upkeep
|
|t:|1779670319
|switch|p2a: Moltres|Moltres|32/100
|turn|22
|
|t:|1779670328
|move|p1a: Dragonite|Extreme Speed|p2a: Moltres
|-damage|p2a: Moltres|0 fnt
|faint|p2a: Moltres
|-damage|p1a: Dragonite|52/100|[from] item: Life Orb
|
|upkeep
|
|t:|1779670336
|switch|p2a: Tyranitar|Tyranitar, M|96/100
|-weather|Sandstorm|[from] ability: Sand Stream|[of] p2a: Tyranitar
|turn|23
|inactive|pls game has 120 seconds left.
|
|t:|1779670372
|move|p1a: Dragonite|Dragon Dance|p1a: Dragonite
|-boost|p1a: Dragonite|atk|1
|-boost|p1a: Dragonite|spe|1
|move|p2a: Tyranitar|Knock Off|p1a: Dragonite
|-damage|p1a: Dragonite|0 fnt
|-enditem|p1a: Dragonite|Life Orb|[from] move: Knock Off|[of] p2a: Tyranitar
|faint|p1a: Dragonite
|
|-weather|Sandstorm|[upkeep]
|upkeep
|
|t:|1779670376
|switch|p1a: Great Tusk|Great Tusk|100/100
|-enditem|p1a: Great Tusk|Booster Energy
|-activate|p1a: Great Tusk|ability: Protosynthesis|[fromitem]
|-start|p1a: Great Tusk|protosynthesisspe
|turn|24
|
|t:|1779670382
|switch|p2a: Primarina|Primarina, M|100/100
|move|p1a: Great Tusk|Bulk Up|p1a: Great Tusk
|-boost|p1a: Great Tusk|atk|1
|-boost|p1a: Great Tusk|def|1
|
|-weather|Sandstorm|[upkeep]
|-damage|p2a: Primarina|94/100|[from] Sandstorm
|upkeep
|turn|25
|
|t:|1779670385
|move|p1a: Great Tusk|Headlong Rush|p2a: Primarina
|-damage|p2a: Primarina|0 fnt
|-unboost|p1a: Great Tusk|def|1
|-unboost|p1a: Great Tusk|spd|1
|faint|p2a: Primarina
|
|-weather|Sandstorm|[upkeep]
|upkeep
|
|t:|1779670390
|switch|p2a: Garganacl|Garganacl, M|81/100
|turn|26
|
|t:|1779670393
|move|p1a: Great Tusk|Headlong Rush|p2a: Garganacl
|-supereffective|p2a: Garganacl
|-damage|p2a: Garganacl|0 fnt
|-unboost|p1a: Great Tusk|def|1
|-unboost|p1a: Great Tusk|spd|1
|faint|p2a: Garganacl
|
|-weather|Sandstorm|[upkeep]
|upkeep
|
|t:|1779670396
|switch|p2a: Tyranitar|Tyranitar, M|96/100
|turn|27
|c|☆pls game|gg
|
|t:|1779670400
|move|p1a: Great Tusk|Headlong Rush|p2a: Tyranitar
|-supereffective|p2a: Tyranitar
|-damage|p2a: Tyranitar|0 fnt
|-unboost|p1a: Great Tusk|def|1
|-unboost|p1a: Great Tusk|spd|1
|faint|p2a: Tyranitar
|
|win|pls game
|raw|pls game's rating: 1646 &rarr; <strong>1661</strong><br />(+15 for winning)
|raw|bigtestsofbig's rating: 1566 &rarr; <strong>1551</strong><br />(-15 for losing)
|l|☆bigtestsofbig
|player|p2|
|l|☆pls game
|player|p1|
