|j|☆nov.rain
|j|☆Mlbebek
|t:|1779682467
|gametype|singles
|player|p1|nov.rain|169|1253
|player|p2|Mlbebek|depotagent|1294
|gen|9
|tier|[Gen 9] OU
|rated|
|rule|HP Percentage Mod: HP is shown in percentages
|rule|Endless Battle Clause: Forcing endless battles is banned
|rule|Species Clause: Limit one of each Pokémon
|rule|OHKO Clause: OHKO moves are banned
|rule|Evasion Items Clause: Evasion items are banned
|rule|Evasion Moves Clause: Evasion moves are banned
|rule|Evasion Abilities Clause: Evasion abilities are banned
|rule|Sleep Moves Clause: Sleep-inducing moves are banned
|clearpoke
|poke|p1|Iron Valiant|
|poke|p1|Kingambit, M|
|poke|p1|Ting-Lu|
|poke|p1|Ninetales, F|
|poke|p1|Walking Wake|
|poke|p1|Corviknight, M|
|poke|p2|Walking Wake|
|poke|p2|Overqwil, M|
|poke|p2|Basculegion, M|
|poke|p2|Goodra-Hisui, M|
|poke|p2|Pelipper, F|
|poke|p2|Iron Valiant|
|teampreview
|
|t:|1779682491
|teamsize|p1|6
|teamsize|p2|6
|start
|switch|p1a: Walking Wake|Walking Wake|100/100
|switch|p2a: Overqwil|Overqwil, M|100/100
|turn|1
|inactive|Battle timer is ON: inactive players will automatically lose when time's up. (requested by nov.rain)
|
|t:|1779682502
|move|p1a: Walking Wake|Draco Meteor|p2a: Overqwil
|-damage|p2a: Overqwil|0 fnt
|-unboost|p1a: Walking Wake|spa|2
|faint|p2a: Overqwil
|-damage|p1a: Walking Wake|91/100|[from] item: Life Orb
|
|upkeep
|
|t:|1779682513
|switch|p2a: Pelipper|Pelipper, F|100/100
|-weather|RainDance|[from] ability: Drizzle|[of] p2a: Pelipper
|turn|2
|
|t:|1779682520
|-end|p1a: Walking Wake|Protosynthesis|[silent]
|switch|p1a: Ninetales|Ninetales, F|100/100
|move|p2a: Pelipper|Weather Ball|p1a: Ninetales
|-supereffective|p1a: Ninetales
|-crit|p1a: Ninetales
|-damage|p1a: Ninetales|0 fnt
|faint|p1a: Ninetales
|
|-weather|RainDance|[upkeep]
|upkeep
|c|☆Mlbebek|I'm sorry
|c|☆Mlbebek|What
|
|t:|1779682542
|switch|p1a: Walking Wake|Walking Wake|91/100
|turn|3
|c|☆Mlbebek|Did you forgot to change the ability.
|
|t:|1779682545
|move|p1a: Walking Wake|Draco Meteor|p2a: Pelipper
|-damage|p2a: Pelipper|0 fnt
|-unboost|p1a: Walking Wake|spa|2
|faint|p2a: Pelipper
|-damage|p1a: Walking Wake|81/100|[from] item: Life Orb
|
|-weather|RainDance|[upkeep]
|upkeep
|
|t:|1779682551
|switch|p2a: Iron Valiant|Iron Valiant|100/100
|turn|4
|
|t:|1779682562
|-end|p1a: Walking Wake|Protosynthesis|[silent]
|switch|p1a: Un-ting the Lu|Ting-Lu, shiny|100/100
|-ability|p1a: Un-ting the Lu|Vessel of Ruin
|move|p2a: Iron Valiant|Thunderbolt|p1a: Un-ting the Lu
|-immune|p1a: Un-ting the Lu
|
|-weather|RainDance|[upkeep]
|upkeep
|turn|5
|
|t:|1779682571
|move|p2a: Iron Valiant|Moonblast|p1a: Un-ting the Lu
|-supereffective|p1a: Un-ting the Lu
|-damage|p1a: Un-ting the Lu|54/100
|move|p1a: Un-ting the Lu|Ruination|p2a: Iron Valiant|[miss]
|-miss|p1a: Un-ting the Lu|p2a: Iron Valiant
|
|-weather|RainDance|[upkeep]
|-heal|p1a: Un-ting the Lu|60/100|[from] item: Leftovers
|upkeep
|turn|6
|
|t:|1779682582
|move|p2a: Iron Valiant|Close Combat|p1a: Un-ting the Lu
|-supereffective|p1a: Un-ting the Lu
|-damage|p1a: Un-ting the Lu|6/100
|-unboost|p2a: Iron Valiant|def|1
|-unboost|p2a: Iron Valiant|spd|1
|move|p1a: Un-ting the Lu|Ruination|p2a: Iron Valiant|[miss]
|-miss|p1a: Un-ting the Lu|p2a: Iron Valiant
|
|-weather|RainDance|[upkeep]
|-heal|p1a: Un-ting the Lu|12/100|[from] item: Leftovers
|upkeep
|turn|7
|
|t:|1779682598
|move|p2a: Iron Valiant|Moonblast|p1a: Un-ting the Lu
|-supereffective|p1a: Un-ting the Lu
|-crit|p1a: Un-ting the Lu
|-damage|p1a: Un-ting the Lu|0 fnt
|faint|p1a: Un-ting the Lu
|
|-weather|RainDance|[upkeep]
|upkeep
|
|t:|1779682610
|switch|p1a: Al-Ta'ir|Iron Valiant, shiny|100/100
|-enditem|p1a: Al-Ta'ir|Booster Energy
|-activate|p1a: Al-Ta'ir|ability: Quark Drive|[fromitem]
|-start|p1a: Al-Ta'ir|quarkdrivespe
|turn|8
|
|t:|1779682617
|-end|p2a: Iron Valiant|Quark Drive|[silent]
|switch|p2a: Basculegion|Basculegion, M|100/100
|move|p1a: Al-Ta'ir|Spirit Break|p2a: Basculegion
|-damage|p2a: Basculegion|54/100
|-unboost|p2a: Basculegion|spa|1
|
|-weather|RainDance|[upkeep]
|upkeep
|turn|9
|
|t:|1779682635
|-end|p1a: Al-Ta'ir|Quark Drive|[silent]
|switch|p1a: Poe|Corviknight, M|100/100
|-ability|p1a: Poe|Pressure
|move|p2a: Basculegion|Wave Crash|p1a: Poe
|-damage|p1a: Poe|27/100
|-damage|p2a: Basculegion|38/100|[from] item: Rocky Helmet|[of] p1a: Poe
|-damage|p2a: Basculegion|12/100|[from] Recoil
|
|-weather|none
|upkeep
|turn|10
|
|t:|1779682639
|move|p2a: Basculegion|Wave Crash|p1a: Poe
|-damage|p1a: Poe|0 fnt
|-damage|p2a: Basculegion|0 fnt|[from] item: Rocky Helmet|[of] p1a: Poe
|faint|p1a: Poe
|faint|p2a: Basculegion
|
|upkeep
|inactive|nov.rain has 120 seconds left.
|
|t:|1779682670
|switch|p2a: Iron Valiant|Iron Valiant|100/100
|switch|p1a: Walking Wake|Walking Wake|81/100
|turn|11
|inactive|nov.rain has 120 seconds left.
|
|t:|1779682693
|move|p2a: Iron Valiant|Moonblast|p1a: Walking Wake
|-supereffective|p1a: Walking Wake
|-damage|p1a: Walking Wake|0 fnt
|faint|p1a: Walking Wake
|-end|p1a: Walking Wake|Protosynthesis|[silent]
|
|upkeep
|
|t:|1779682696
|switch|p1a: Al-Ta'ir|Iron Valiant, shiny|100/100
|turn|12
|inactive|nov.rain has 120 seconds left.
|
|t:|1779682711
|-end|p2a: Iron Valiant|Quark Drive|[silent]
|switch|p2a: Goodra|Goodra-Hisui, M|100/100
|-terastallize|p1a: Al-Ta'ir|Steel
|move|p1a: Al-Ta'ir|Spirit Break|p2a: Goodra
|-damage|p2a: Goodra|67/100
|-unboost|p2a: Goodra|spa|1
|
|upkeep
|turn|13
|
|t:|1779682715
|move|p1a: Al-Ta'ir|Close Combat|p2a: Goodra
|-supereffective|p2a: Goodra
|-damage|p2a: Goodra|0 fnt
|-unboost|p1a: Al-Ta'ir|def|1
|-unboost|p1a: Al-Ta'ir|spd|1
|faint|p2a: Goodra
|
|upkeep
|
|t:|1779682719
|switch|p2a: Iron Valiant|Iron Valiant|100/100
|turn|14
|
|t:|1779682721
|move|p2a: Iron Valiant|Close Combat|p1a: Al-Ta'ir
|-supereffective|p1a: Al-Ta'ir
|-crit|p1a: Al-Ta'ir
|-damage|p1a: Al-Ta'ir|0 fnt
|-unboost|p2a: Iron Valiant|def|1
|-unboost|p2a: Iron Valiant|spd|1
|faint|p1a: Al-Ta'ir
|-end|p1a: Al-Ta'ir|Quark Drive|[silent]
|
|upkeep
|
|t:|1779682723
|switch|p1a: Roach|Kingambit, M|100/100
|-activate|p1a: Roach|ability: Supreme Overlord
|-start|p1a: Roach|fallen5|[silent]
|turn|15
|
|t:|1779682727
|move|p2a: Iron Valiant|Close Combat|p1a: Roach
|-supereffective|p1a: Roach
|-damage|p1a: Roach|0 fnt
|-unboost|p2a: Iron Valiant|def|1
|-unboost|p2a: Iron Valiant|spd|1
|faint|p1a: Roach
|-end|p1a: Roach|fallen5|[silent]
|
|win|Mlbebek
|raw|nov.rain's rating: 1253 &rarr; <strong>1231</strong><br />(-22 for losing)
|raw|Mlbebek's rating: 1294 &rarr; <strong>1316</strong><br />(+22 for winning)
|l|☆Mlbebek
|player|p2|
|l|☆nov.rain
|player|p1|
