|j|☆Picking Daisies
|j|☆manabi.portoviejo
|t:|1779559750
|gametype|singles
|player|p1|Picking Daisies|steven|1510
|player|p2|manabi.portoviejo|170|1516
|gen|9
|tier|[Gen 9] OU
|rated|
|rule|HP Percentage Mod: HP is shown in percentages
|rule|Endless Battle Clause: Forcing endless battles is banned
|rule|Species Clause: Limit one of each Pokémon
|rule|OHKO Clause: OHKO moves are banned
|rule|Evasion Items Clause: Evasion items are banned
|rule|Evasion Moves Clause: Evasion moves are banned
|rule|Evasion Abilities Clause: Evasion abilities are banned
|rule|Sleep Moves Clause: Sleep-inducing moves are banned
|clearpoke
|poke|p1|Zarude-Dada|
|poke|p1|Gliscor, M|
|poke|p1|Clefable, M|
|poke|p1|Darkrai|
|poke|p1|Pecharunt|
|poke|p1|Kyurem|
|poke|p2|Indeedee-F, F|
|poke|p2|Ursaluna, F|
|poke|p2|Hoopa-Unbound|
|poke|p2|Hawlucha, F|
|poke|p2|Hatterene, F|
|poke|p2|Iron Crown|
|teampreview
|inactive|Battle timer is ON: inactive players will automatically lose when time's up. (requested by manabi.portoviejo)
|
|t:|1779559765
|teamsize|p1|6
|teamsize|p2|6
|start
|switch|p1a: Zarude|Zarude-Dada|100/100
|switch|p2a: Indeedee|Indeedee-F, F|100/100
|-fieldstart|move: Psychic Terrain|[from] ability: Psychic Surge|[of] p2a: Indeedee
|turn|1
|
|t:|1779559783
|switch|p2a: Hatterene|Hatterene, F|100/100
|move|p1a: Zarude|Swords Dance|p1a: Zarude
|-boost|p1a: Zarude|atk|2
|
|upkeep
|turn|2
|
|t:|1779559788
|move|p1a: Zarude|Knock Off|p2a: Hatterene
|-damage|p2a: Hatterene|23/100
|-enditem|p2a: Hatterene|Eject Button|[from] move: Knock Off|[of] p1a: Zarude
|move|p2a: Hatterene|Trick Room|p2a: Hatterene
|-fieldstart|move: Trick Room|[of] p2a: Hatterene
|
|upkeep
|turn|3
|
|t:|1779559796
|move|p2a: Hatterene|Mystical Fire|p1a: Zarude
|-supereffective|p1a: Zarude
|-damage|p1a: Zarude|57/100
|-unboost|p1a: Zarude|spa|1
|move|p1a: Zarude|Knock Off|p2a: Hatterene
|-damage|p2a: Hatterene|0 fnt
|faint|p2a: Hatterene
|
|-heal|p1a: Zarude|63/100|[from] item: Leftovers
|upkeep
|
|t:|1779559824
|switch|p2a: Iron Crown|Iron Crown|100/100
|-enditem|p2a: Iron Crown|Booster Energy
|-activate|p2a: Iron Crown|ability: Quark Drive|[fromitem]
|-start|p2a: Iron Crown|quarkdrivespa
|turn|4
|
|t:|1779559830
|move|p2a: Iron Crown|Tachyon Cutter|p1a: Zarude
|-damage|p1a: Zarude|29/100
|-damage|p1a: Zarude|0 fnt
|faint|p1a: Zarude
|-hitcount|p1: Zarude|2
|
|upkeep
|
|t:|1779559840
|switch|p1a: Gliscor|Gliscor, M|100/100
|turn|5
|
|t:|1779559844
|move|p1a: Gliscor|Stealth Rock|p2a: Iron Crown
|-sidestart|p2: manabi.portoviejo|move: Stealth Rock
|move|p2a: Iron Crown|Expanding Force|p1a: Gliscor
|-damage|p1a: Gliscor|12/100
|
|-status|p1a: Gliscor|tox|[from] item: Toxic Orb
|upkeep
|turn|6
|
|t:|1779559854
|move|p1a: Gliscor|Earthquake|p2a: Iron Crown
|-supereffective|p2a: Iron Crown
|-damage|p2a: Iron Crown|37/100
|move|p2a: Iron Crown|Agility|p2a: Iron Crown
|-boost|p2a: Iron Crown|spe|2
|
|-heal|p1a: Gliscor|25/100 tox|[from] ability: Poison Heal
|-fieldend|move: Trick Room
|upkeep
|turn|7
|
|t:|1779559861
|move|p2a: Iron Crown|Tachyon Cutter|p1a: Gliscor
|-damage|p1a: Gliscor|0 fnt
|faint|p1a: Gliscor
|-hitcount|p1: Gliscor|1
|
|upkeep
|
|t:|1779559870
|switch|p1a: Pecharunt|Pecharunt|100/100
|turn|8
|
|t:|1779559875
|-terastallize|p1a: Pecharunt|Dark
|move|p2a: Iron Crown|Expanding Force|p1a: Pecharunt
|-immune|p1a: Pecharunt
|move|p1a: Pecharunt|Hex|p2a: Iron Crown
|-supereffective|p2a: Iron Crown
|-damage|p2a: Iron Crown|3/100
|
|-fieldend|move: Psychic Terrain
|upkeep
|turn|9
|
|t:|1779559882
|move|p2a: Iron Crown|Focus Blast|p1a: Pecharunt
|-supereffective|p1a: Pecharunt
|-damage|p1a: Pecharunt|0 fnt
|faint|p1a: Pecharunt
|
|upkeep
|-message|Picking Daisies forfeited.
|
|win|manabi.portoviejo
|raw|Picking Daisies's rating: 1510 &rarr; <strong>1490</strong><br />(-20 for losing)
|raw|manabi.portoviejo's rating: 1516 &rarr; <strong>1536</strong><br />(+20 for winning)
|l|☆Picking Daisies
|player|p1|
