|j|☆TychoNestoris25$$$
|j|‽lowest rating
|t:|1779683977
|gametype|singles
|player|p1|TychoNestoris25$$$|li|1142
|player|p2|lowest rating|palmer|1180
|gen|9
|tier|[Gen 9] OU
|rated|
|rule|HP Percentage Mod: HP is shown in percentages
|rule|Endless Battle Clause: Forcing endless battles is banned
|rule|Species Clause: Limit one of each Pokémon
|rule|OHKO Clause: OHKO moves are banned
|rule|Evasion Items Clause: Evasion items are banned
|rule|Evasion Moves Clause: Evasion moves are banned
|rule|Evasion Abilities Clause: Evasion abilities are banned
|rule|Sleep Moves Clause: Sleep-inducing moves are banned
|clearpoke
|poke|p1|Araquanid, M|
|poke|p1|Lokix, M|
|poke|p1|Forretress, M|
|poke|p1|Ribombee, M|
|poke|p1|Scizor, M|
|poke|p1|Slither Wing|
|poke|p2|Excadrill, M|
|poke|p2|Pelipper, F|
|poke|p2|Basculegion, M|
|poke|p2|Torkoal, M|
|poke|p2|Venusaur, M|
|poke|p2|Tyranitar, F|
|teampreview
|inactive|Battle timer is ON: inactive players will automatically lose when time's up. (requested by lowest rating)
|
|t:|1779683992
|teamsize|p1|6
|teamsize|p2|6
|start
|switch|p1a: Ribombee|Ribombee, M|100/100
|switch|p2a: Torkoal|Torkoal, M|100/100
|-weather|SunnyDay|[from] ability: Drought|[of] p2a: Torkoal
|turn|1
|
|t:|1779684001
|switch|p2a: Venusaur|Venusaur, M|100/100
|move|p1a: Ribombee|Sticky Web|p2a: Venusaur
|-sidestart|p2: lowest rating|move: Sticky Web
|
|-weather|SunnyDay|[upkeep]
|upkeep
|turn|2
|
|t:|1779684011
|move|p2a: Venusaur|Growth|p2a: Venusaur
|-boost|p2a: Venusaur|atk|2
|-boost|p2a: Venusaur|spa|2
|move|p1a: Ribombee|Stun Spore|p2a: Venusaur
|-immune|p2a: Venusaur
|
|-weather|SunnyDay|[upkeep]
|upkeep
|turn|3
|
|t:|1779684019
|move|p2a: Venusaur|Weather Ball|p1a: Ribombee
|-supereffective|p1a: Ribombee
|-enditem|p1a: Ribombee|Focus Sash
|-damage|p1a: Ribombee|1/100
|move|p1a: Ribombee|Moonblast|p2a: Venusaur
|-resisted|p2a: Venusaur
|-damage|p2a: Venusaur|80/100
|
|-weather|SunnyDay|[upkeep]
|-heal|p2a: Venusaur|86/100|[from] item: Leftovers
|upkeep
|turn|4
|
|t:|1779684031
|move|p2a: Venusaur|Weather Ball|p1a: Ribombee
|-supereffective|p1a: Ribombee
|-damage|p1a: Ribombee|0 fnt
|faint|p1a: Ribombee
|
|-weather|SunnyDay|[upkeep]
|-heal|p2a: Venusaur|92/100|[from] item: Leftovers
|upkeep
|
|t:|1779684034
|switch|p1a: Slither Wing|Slither Wing|100/100
|-activate|p1a: Slither Wing|ability: Protosynthesis
|-start|p1a: Slither Wing|protosynthesisatk
|turn|5
|
|t:|1779684039
|-terastallize|p1a: Slither Wing|Fire
|move|p2a: Venusaur|Weather Ball|p1a: Slither Wing
|-resisted|p1a: Slither Wing
|-damage|p1a: Slither Wing|61/100
|move|p1a: Slither Wing|Flare Blitz|p2a: Venusaur
|-supereffective|p2a: Venusaur
|-damage|p2a: Venusaur|0 fnt
|faint|p2a: Venusaur
|-damage|p1a: Slither Wing|36/100|[from] Recoil
|
|-weather|SunnyDay|[upkeep]
|upkeep
|
|t:|1779684046
|switch|p2a: Pelipper|Pelipper, F|100/100
|-weather|RainDance|[from] ability: Drizzle|[of] p2a: Pelipper
|-end|p1a: Slither Wing|Protosynthesis
|turn|6
|
|t:|1779684064
|-end|p1a: Slither Wing|Protosynthesis|[silent]
|switch|p1a: Araquanid|Araquanid, M|100/100
|move|p2a: Pelipper|Weather Ball|p1a: Araquanid
|-resisted|p1a: Araquanid
|-damage|p1a: Araquanid|88/100
|
|-weather|RainDance|[upkeep]
|upkeep
|turn|7
|
|t:|1779684076
|switch|p2a: Torkoal|Torkoal, M|100/100
|-activate|p2a: Torkoal|move: Sticky Web
|-unboost|p2a: Torkoal|spe|1
|-weather|SunnyDay|[from] ability: Drought|[of] p2a: Torkoal
|move|p1a: Araquanid|Crunch|p2a: Torkoal
|-crit|p2a: Torkoal
|-damage|p2a: Torkoal|82/100
|
|-weather|SunnyDay|[upkeep]
|upkeep
|turn|8
|
|t:|1779684089
|move|p1a: Araquanid|Liquidation|p2a: Torkoal
|-supereffective|p2a: Torkoal
|-damage|p2a: Torkoal|47/100
|move|p2a: Torkoal|Rapid Spin|p1a: Araquanid
|-damage|p1a: Araquanid|77/100
|-boost|p2a: Torkoal|spe|1
|-sideend|p2: lowest rating|Sticky Web|[from] move: Rapid Spin|[of] p2a: Torkoal
|
|-weather|SunnyDay|[upkeep]
|upkeep
|turn|9
|
|t:|1779684094
|move|p1a: Araquanid|Liquidation|p2a: Torkoal
|-supereffective|p2a: Torkoal
|-damage|p2a: Torkoal|9/100
|-unboost|p2a: Torkoal|def|1
|move|p2a: Torkoal|Stealth Rock|p1a: Araquanid
|-sidestart|p1: TychoNestoris25$$$|move: Stealth Rock
|
|-weather|SunnyDay|[upkeep]
|upkeep
|turn|10
|
|t:|1779684103
|move|p1a: Araquanid|Liquidation|p2a: Torkoal
|-supereffective|p2a: Torkoal
|-damage|p2a: Torkoal|0 fnt
|faint|p2a: Torkoal
|
|-weather|SunnyDay|[upkeep]
|upkeep
|
|t:|1779684106
|switch|p2a: Tyranitar|Tyranitar, F|100/100
|-weather|Sandstorm|[from] ability: Sand Stream|[of] p2a: Tyranitar
|turn|11
|
|t:|1779684111
|switch|p1a: Forretress|Forretress, M|100/100
|-damage|p1a: Forretress|88/100|[from] Stealth Rock
|move|p2a: Tyranitar|Stone Edge|p1a: Forretress|[miss]
|-miss|p2a: Tyranitar|p1a: Forretress
|
|-weather|Sandstorm|[upkeep]
|-heal|p1a: Forretress|94/100|[from] item: Leftovers
|upkeep
|turn|12
|inactive|lowest rating has 120 seconds left.
|inactive|lowest rating has 90 seconds left.
|
|t:|1779684173
|switch|p2a: Excadrill|Excadrill, M|100/100
|move|p1a: Forretress|Body Press|p2a: Excadrill
|-supereffective|p2a: Excadrill
|-damage|p2a: Excadrill|6/100
|
|-weather|Sandstorm|[upkeep]
|-heal|p1a: Forretress|100/100|[from] item: Leftovers
|upkeep
|turn|13
|
|t:|1779684183
|move|p2a: Excadrill|Earthquake|p1a: Forretress
|-damage|p1a: Forretress|60/100
|-damage|p2a: Excadrill|0 fnt|[from] item: Life Orb
|faint|p2a: Excadrill
|move|p1a: Forretress|Rapid Spin|p2: Excadrill|[notarget]
|-fail|p1a: Forretress
|
|-weather|Sandstorm|[upkeep]
|-heal|p1a: Forretress|67/100|[from] item: Leftovers
|upkeep
|
|t:|1779684188
|switch|p2a: Pelipper|Pelipper, F|100/100
|-weather|RainDance|[from] ability: Drizzle|[of] p2a: Pelipper
|turn|14
|
|t:|1779684194
|move|p2a: Pelipper|Weather Ball|p1a: Forretress
|-damage|p1a: Forretress|0 fnt
|faint|p1a: Forretress
|
|-weather|RainDance|[upkeep]
|upkeep
|
|t:|1779684210
|switch|p1a: Araquanid|Araquanid, M|77/100
|-damage|p1a: Araquanid|52/100|[from] Stealth Rock
|turn|15
|
|t:|1779684216
|move|p2a: Pelipper|Hurricane|p1a: Araquanid
|-supereffective|p1a: Araquanid
|-damage|p1a: Araquanid|14/100
|-start|p1a: Araquanid|confusion
|-activate|p1a: Araquanid|confusion
|move|p1a: Araquanid|Mirror Coat|p2a: Pelipper
|-damage|p2a: Pelipper|21/100
|
|-weather|RainDance|[upkeep]
|upkeep
|turn|16
|inactive|lowest rating has 120 seconds left.
|
|t:|1779684228
|move|p2a: Pelipper|Hurricane|p1a: Araquanid
|-supereffective|p1a: Araquanid
|-damage|p1a: Araquanid|0 fnt
|faint|p1a: Araquanid
|
|-weather|RainDance|[upkeep]
|upkeep
|
|t:|1779684231
|switch|p1a: Slither Wing|Slither Wing, tera:Fire|36/100
|turn|17
|
|t:|1779684238
|switch|p2a: Tyranitar|Tyranitar, F|100/100
|-weather|Sandstorm|[from] ability: Sand Stream|[of] p2a: Tyranitar
|move|p1a: Slither Wing|First Impression|p2a: Tyranitar
|-supereffective|p2a: Tyranitar
|-damage|p2a: Tyranitar|22/100
|
|-weather|Sandstorm|[upkeep]
|-damage|p1a: Slither Wing|30/100|[from] Sandstorm
|upkeep
|turn|18
|
|t:|1779684247
|move|p1a: Slither Wing|Close Combat|p2a: Tyranitar
|-supereffective|p2a: Tyranitar
|-damage|p2a: Tyranitar|0 fnt
|-unboost|p1a: Slither Wing|def|1
|-unboost|p1a: Slither Wing|spd|1
|faint|p2a: Tyranitar
|
|-weather|Sandstorm|[upkeep]
|-damage|p1a: Slither Wing|24/100|[from] Sandstorm
|upkeep
|
|t:|1779684266
|switch|p2a: Pelipper|Pelipper, F|21/100
|-weather|RainDance|[from] ability: Drizzle|[of] p2a: Pelipper
|turn|19
|
|t:|1779684277
|move|p1a: Slither Wing|Flare Blitz|p2a: Pelipper
|-resisted|p2a: Pelipper
|-damage|p2a: Pelipper|8/100
|-damage|p1a: Slither Wing|20/100|[from] Recoil
|move|p2a: Pelipper|Weather Ball|p1a: Slither Wing
|-supereffective|p1a: Slither Wing
|-damage|p1a: Slither Wing|0 fnt
|faint|p1a: Slither Wing
|-end|p1a: Slither Wing|Protosynthesis|[silent]
|
|-weather|RainDance|[upkeep]
|upkeep
|
|t:|1779684288
|switch|p1a: Scizor|Scizor, M|100/100
|-damage|p1a: Scizor|88/100|[from] Stealth Rock
|turn|20
|
|t:|1779684296
|move|p1a: Scizor|Knock Off|p2a: Pelipper
|-damage|p2a: Pelipper|0 fnt
|-enditem|p2a: Pelipper|Heavy-Duty Boots|[from] move: Knock Off|[of] p1a: Scizor
|faint|p2a: Pelipper
|
|-weather|RainDance|[upkeep]
|upkeep
|
|t:|1779684299
|switch|p2a: Basculegion|Basculegion, M|100/100
|turn|21
|
|t:|1779684303
|-terastallize|p2a: Basculegion|Water
|move|p2a: Basculegion|Wave Crash|p1a: Scizor
|-damage|p1a: Scizor|0 fnt
|faint|p1a: Scizor
|-damage|p2a: Basculegion|75/100|[from] Recoil
|
|-weather|RainDance|[upkeep]
|upkeep
|
|t:|1779684308
|switch|p1a: Lokix|Lokix, M|100/100
|turn|22
|
|t:|1779684312
|move|p1a: Lokix|First Impression|p2a: Basculegion
|-damage|p2a: Basculegion|23/100
|move|p2a: Basculegion|Wave Crash|p1a: Lokix
|-damage|p1a: Lokix|0 fnt
|faint|p1a: Lokix
|-damage|p2a: Basculegion|0 fnt|[from] Recoil
|faint|p2a: Basculegion
|
|win|lowest rating
|raw|TychoNestoris25$$$'s rating: 1142 &rarr; <strong>1120</strong><br />(-22 for losing)
|raw|lowest rating's rating: 1180 &rarr; <strong>1202</strong><br />(+22 for winning)
|l|‽lowest rating
|player|p2|
|l|☆TychoNestoris25$$$
|player|p1|
