|j|☆kuraiyagare
|j|☆TWENNY7
|t:|1779638986
|gametype|singles
|player|p1|kuraiyagare|pokemonranger-gen4|1376
|player|p2|TWENNY7|hau-stance|1404
|gen|9
|tier|[Gen 9] OU
|rated|
|rule|HP Percentage Mod: HP is shown in percentages
|rule|Endless Battle Clause: Forcing endless battles is banned
|rule|Species Clause: Limit one of each Pokémon
|rule|OHKO Clause: OHKO moves are banned
|rule|Evasion Items Clause: Evasion items are banned
|rule|Evasion Moves Clause: Evasion moves are banned
|rule|Evasion Abilities Clause: Evasion abilities are banned
|rule|Sleep Moves Clause: Sleep-inducing moves are banned
|clearpoke
|poke|p1|Breloom, M|
|poke|p1|Gardevoir, F|
|poke|p1|Talonflame, F|
|poke|p1|Magnezone|
|poke|p1|Drifblim, M|
|poke|p1|Gallade, M|
|poke|p2|Iron Valiant|
|poke|p2|Tyranitar, M|
|poke|p2|Zapdos|
|poke|p2|Darkrai|
|poke|p2|Okidogi, M|
|poke|p2|Tornadus-Therian, M|
|teampreview
|inactive|Battle timer is ON: inactive players will automatically lose when time's up. (requested by TWENNY7)
|inactive|kuraiyagare has 120 seconds left.
|
|t:|1779639027
|teamsize|p1|6
|teamsize|p2|6
|start
|switch|p1a: Drastenie|Breloom, M|100/100
|switch|p2a: SPIN A ROO|Tornadus-Therian, M|100/100
|turn|1
|
|t:|1779639035
|move|p2a: SPIN A ROO|Bleakwind Storm|p1a: Drastenie
|-supereffective|p1a: Drastenie
|-enditem|p1a: Drastenie|Focus Sash
|-damage|p1a: Drastenie|1/100
|move|p1a: Drastenie|Rock Tomb|p2a: SPIN A ROO
|-supereffective|p2a: SPIN A ROO
|-damage|p2a: SPIN A ROO|9/100
|-unboost|p2a: SPIN A ROO|spe|1
|
|upkeep
|turn|2
|
|t:|1779639063
|switch|p2a: CASPER|Okidogi, M|100/100
|move|p1a: Drastenie|Mach Punch|p2a: CASPER
|-resisted|p2a: CASPER
|-crit|p2a: CASPER
|-damage|p2a: CASPER|78/100
|
|-heal|p2a: CASPER|84/100|[from] item: Leftovers
|upkeep
|turn|3
|
|t:|1779639069
|move|p2a: CASPER|Knock Off|p1a: Drastenie
|-resisted|p1a: Drastenie
|-damage|p1a: Drastenie|0 fnt
|faint|p1a: Drastenie
|
|-heal|p2a: CASPER|90/100|[from] item: Leftovers
|upkeep
|
|t:|1779639073
|switch|p1a: Gardenia|Gardevoir, F|100/100
|-ability|p1a: Gardenia|Guard Dog|Trace|[from] ability: Trace|[of] p2a: CASPER
|turn|4
|
|t:|1779639077
|-terastallize|p2a: CASPER|Water
|move|p1a: Gardenia|Psyshock|p2a: CASPER
|-damage|p2a: CASPER|50/100
|move|p2a: CASPER|Knock Off|p1a: Gardenia
|-damage|p1a: Gardenia|50/100
|-enditem|p1a: Gardenia|Focus Sash|[from] move: Knock Off|[of] p2a: CASPER
|
|-heal|p2a: CASPER|56/100|[from] item: Leftovers
|upkeep
|turn|5
|
|t:|1779639085
|switch|p2a: CODE:red|Tyranitar, M, shiny|100/100
|-weather|Sandstorm|[from] ability: Sand Stream|[of] p2a: CODE:red
|move|p1a: Gardenia|Moonblast|p2a: CODE:red
|-supereffective|p2a: CODE:red
|-damage|p2a: CODE:red|57/100
|-unboost|p2a: CODE:red|spa|1
|-enditem|p2a: CODE:red|Red Card|[of] p1a: Gardenia
|-activate|p1a: Gardenia|ability: Guard Dog
|
|-weather|Sandstorm|[upkeep]
|-damage|p1a: Gardenia|44/100|[from] Sandstorm
|upkeep
|turn|6
|
|t:|1779639090
|move|p1a: Gardenia|Moonblast|p2a: CODE:red
|-supereffective|p2a: CODE:red
|-damage|p2a: CODE:red|11/100
|-unboost|p2a: CODE:red|spa|1
|move|p2a: CODE:red|Stealth Rock|p1a: Gardenia
|-sidestart|p1: kuraiyagare|move: Stealth Rock
|
|-weather|Sandstorm|[upkeep]
|-damage|p1a: Gardenia|38/100|[from] Sandstorm
|upkeep
|turn|7
|
|t:|1779639097
|move|p1a: Gardenia|Moonblast|p2a: CODE:red
|-supereffective|p2a: CODE:red
|-damage|p2a: CODE:red|0 fnt
|faint|p2a: CODE:red
|
|-weather|Sandstorm|[upkeep]
|-damage|p1a: Gardenia|32/100|[from] Sandstorm
|upkeep
|
|t:|1779639102
|switch|p2a: SPIN A ROO|Tornadus-Therian, M|42/100
|turn|8
|
|t:|1779639128
|move|p2a: SPIN A ROO|Sludge Wave|p1a: Gardenia
|-supereffective|p1a: Gardenia
|-damage|p1a: Gardenia|0 fnt
|faint|p1a: Gardenia
|
|-weather|Sandstorm|[upkeep]
|-damage|p2a: SPIN A ROO|36/100|[from] Sandstorm
|upkeep
|
|t:|1779639135
|switch|p1a: Vatra|Talonflame, F|100/100
|turn|9
|
|t:|1779639139
|switch|p2a: SHOXY|Zapdos|100/100
|move|p1a: Vatra|Defog|p2a: SHOXY
|-unboost|p2a: SHOXY|evasion|1
|-sideend|p1: kuraiyagare|Stealth Rock|[from] move: Defog|[of] p1a: Vatra
|
|-weather|none
|upkeep
|turn|10
|
|t:|1779639142
|switch|p1a: Magnezone|Magnezone|100/100
|move|p2a: SHOXY|Volt Switch|p1a: Magnezone
|-resisted|p1a: Magnezone
|-damage|p1a: Magnezone|69/100
|
|t:|1779639155
|switch|p2a: RUNE 2H|Iron Valiant|100/100|[from] Volt Switch
|-enditem|p2a: RUNE 2H|Booster Energy
|-activate|p2a: RUNE 2H|ability: Quark Drive|[fromitem]
|-start|p2a: RUNE 2H|quarkdrivespe
|
|upkeep
|turn|11
|
|t:|1779639160
|move|p2a: RUNE 2H|Close Combat|p1a: Magnezone
|-supereffective|p1a: Magnezone
|-damage|p1a: Magnezone|0 fnt
|-unboost|p2a: RUNE 2H|def|1
|-unboost|p2a: RUNE 2H|spd|1
|faint|p1a: Magnezone
|
|upkeep
|
|t:|1779639162
|switch|p1a: Vatra|Talonflame, F|100/100
|turn|12
|
|t:|1779639165
|move|p1a: Vatra|Brave Bird|p2a: RUNE 2H
|-supereffective|p2a: RUNE 2H
|-damage|p2a: RUNE 2H|0 fnt
|faint|p2a: RUNE 2H
|-end|p2a: RUNE 2H|Quark Drive|[silent]
|-damage|p1a: Vatra|69/100|[from] Recoil
|
|upkeep
|
|t:|1779639169
|switch|p2a: SHOXY|Zapdos|100/100
|turn|13
|
|t:|1779639172
|move|p1a: Vatra|Flare Blitz|p2a: SHOXY
|-damage|p2a: SHOXY|42/100
|-damage|p1a: Vatra|48/100|[from] Recoil
|move|p2a: SHOXY|Volt Switch|p1a: Vatra
|-supereffective|p1a: Vatra
|-damage|p1a: Vatra|0 fnt
|faint|p1a: Vatra
|
|t:|1779639178
|switch|p2a: SPIN A ROO|Tornadus-Therian, M|69/100|[from] Volt Switch
|
|upkeep
|inactive|kuraiyagare has 120 seconds left.
|
|t:|1779639219
|switch|p1a: drifflim|Drifblim, M|100/100
|turn|14
|
|t:|1779639224
|move|p2a: SPIN A ROO|U-turn|p1a: drifflim
|-resisted|p1a: drifflim
|-damage|p1a: drifflim|96/100
|
|t:|1779639225
|switch|p2a: Zzz|Darkrai|100/100|[from] U-turn
|move|p1a: drifflim|Calm Mind|p1a: drifflim
|-boost|p1a: drifflim|spa|1
|-boost|p1a: drifflim|spd|1
|
|upkeep
|turn|15
|inactive|kuraiyagare has 120 seconds left.
|
|t:|1779639273
|move|p2a: Zzz|Trick|p1a: drifflim
|-activate|p2a: Zzz|move: Trick|[of] p1a: drifflim
|-item|p1a: drifflim|Choice Scarf|[from] move: Trick
|-item|p2a: Zzz|Weakness Policy|[from] move: Trick
|move|p1a: drifflim|Thunderbolt|p2a: Zzz
|-damage|p2a: Zzz|45/100
|
|upkeep
|turn|16
|
|t:|1779639280
|move|p2a: Zzz|Dark Pulse|p1a: drifflim
|-supereffective|p1a: drifflim
|-damage|p1a: drifflim|22/100
|cant|p1a: drifflim|flinch
|
|upkeep
|turn|17
|
|t:|1779639285
|move|p2a: Zzz|Dark Pulse|p1a: drifflim
|-supereffective|p1a: drifflim
|-damage|p1a: drifflim|0 fnt
|faint|p1a: drifflim
|
|upkeep
|
|t:|1779639286
|switch|p1a: Gallardo|Gallade, M|100/100
|turn|18
|inactive|kuraiyagare has 120 seconds left.
|
|t:|1779639304
|move|p2a: Zzz|Sludge Bomb|p1a: Gallardo
|-damage|p1a: Gallardo|71/100
|move|p1a: Gallardo|Bulk Up|p1a: Gallardo
|-boost|p1a: Gallardo|atk|1
|-boost|p1a: Gallardo|def|1
|
|-heal|p1a: Gallardo|77/100|[from] item: Leftovers
|upkeep
|turn|19
|
|t:|1779639310
|move|p2a: Zzz|Sludge Bomb|p1a: Gallardo
|-damage|p1a: Gallardo|49/100
|move|p1a: Gallardo|Drain Punch|p2a: Zzz
|-supereffective|p2a: Zzz
|-damage|p2a: Zzz|0 fnt
|-heal|p1a: Gallardo|71/100|[from] drain|[of] p2a: Zzz
|faint|p2a: Zzz
|
|-heal|p1a: Gallardo|77/100|[from] item: Leftovers
|upkeep
|
|t:|1779639316
|switch|p2a: SPIN A ROO|Tornadus-Therian, M|100/100
|turn|20
|
|t:|1779639331
|-terastallize|p1a: Gallardo|Steel
|move|p2a: SPIN A ROO|Bleakwind Storm|p1a: Gallardo
|-resisted|p1a: Gallardo
|-damage|p1a: Gallardo|58/100
|move|p1a: Gallardo|Psycho Cut|p2a: SPIN A ROO
|-damage|p2a: SPIN A ROO|0 fnt
|faint|p2a: SPIN A ROO
|
|-heal|p1a: Gallardo|64/100|[from] item: Leftovers
|upkeep
|
|t:|1779639334
|switch|p2a: SHOXY|Zapdos|42/100
|turn|21
|
|t:|1779639337
|move|p2a: SHOXY|Heat Wave|p1a: Gallardo|[miss]
|-miss|p2a: SHOXY|p1a: Gallardo
|move|p1a: Gallardo|Psycho Cut|p2a: SHOXY
|-damage|p2a: SHOXY|0 fnt
|faint|p2a: SHOXY
|
|-heal|p1a: Gallardo|70/100|[from] item: Leftovers
|upkeep
|
|t:|1779639339
|switch|p2a: CASPER|Okidogi, M, tera:Water|56/100
|turn|22
|
|t:|1779639342
|move|p2a: CASPER|Drain Punch|p1a: Gallardo
|-supereffective|p1a: Gallardo
|-damage|p1a: Gallardo|0 fnt
|-heal|p2a: CASPER|84/100|[from] drain|[of] p1a: Gallardo
|faint|p1a: Gallardo
|
|win|TWENNY7
|raw|kuraiyagare's rating: 1376 &rarr; <strong>1358</strong><br />(-18 for losing)
|raw|TWENNY7's rating: 1404 &rarr; <strong>1422</strong><br />(+18 for winning)
|l|☆kuraiyagare
|player|p1|
|l|☆TWENNY7
|player|p2|
