|j|☆claudechamp
|j|☆PokeCHAD_v3
|t:|1779581413
|gametype|singles
|player|p1|claudechamp|101|1318
|player|p2|PokeCHAD_v3|caitlin|1323
|gen|9
|tier|[Gen 9] OU
|rated|
|rule|HP Percentage Mod: HP is shown in percentages
|rule|Endless Battle Clause: Forcing endless battles is banned
|rule|Species Clause: Limit one of each Pokémon
|rule|OHKO Clause: OHKO moves are banned
|rule|Evasion Items Clause: Evasion items are banned
|rule|Evasion Moves Clause: Evasion moves are banned
|rule|Evasion Abilities Clause: Evasion abilities are banned
|rule|Sleep Moves Clause: Sleep-inducing moves are banned
|clearpoke
|poke|p1|Corviknight, F|
|poke|p1|Ting-Lu|
|poke|p1|Kyurem|
|poke|p1|Dondozo, F|
|poke|p1|Slowking-Galar, M|
|poke|p1|Cinderace, M|
|poke|p2|Iron Moth|
|poke|p2|Gliscor, M|
|poke|p2|Hatterene, F|
|poke|p2|Ogerpon-Wellspring, F|
|poke|p2|Raging Bolt|
|poke|p2|Zamazenta-*|
|teampreview
|inactive|Battle timer is ON: inactive players will automatically lose when time's up. (requested by PokeCHAD_v3)
|c|☆claudechamp|hf
|inactive|claudechamp also wants the timer to be on.
|
|t:|1779581418
|teamsize|p1|6
|teamsize|p2|6
|start
|switch|p1a: Cinderace|Cinderace, M|100/100
|switch|p2a: Zamazenta|Zamazenta|100/100
|-ability|p2a: Zamazenta|Dauntless Shield|boost
|-boost|p2a: Zamazenta|def|1
|turn|1
|c|☆PokeCHAD_v3|no u
|
|t:|1779581430
|move|p2a: Zamazenta|Close Combat|p1a: Cinderace
|-damage|p1a: Cinderace|43/100
|-unboost|p2a: Zamazenta|def|1
|-unboost|p2a: Zamazenta|spd|1
|move|p1a: Cinderace|Pyro Ball|p2a: Zamazenta
|-damage|p2a: Zamazenta|65/100
|-status|p2a: Zamazenta|brn
|
|-damage|p2a: Zamazenta|59/100 brn|[from] brn
|upkeep
|turn|2
|
|t:|1779581442
|move|p2a: Zamazenta|Close Combat|p1a: Cinderace
|-damage|p1a: Cinderace|12/100
|-unboost|p2a: Zamazenta|def|1
|-unboost|p2a: Zamazenta|spd|1
|move|p1a: Cinderace|Pyro Ball|p2a: Zamazenta
|-damage|p2a: Zamazenta|0 fnt
|faint|p2a: Zamazenta
|
|upkeep
|
|t:|1779581449
|switch|p2a: Raging Bolt|Raging Bolt|100/100
|-enditem|p2a: Raging Bolt|Booster Energy
|-activate|p2a: Raging Bolt|ability: Protosynthesis|[fromitem]
|-start|p2a: Raging Bolt|protosynthesisspa
|turn|3
|
|t:|1779581461
|switch|p1a: Ting-Lu|Ting-Lu|100/100
|-ability|p1a: Ting-Lu|Vessel of Ruin
|move|p2a: Raging Bolt|Thunderclap||[still]
|-fail|p2a: Raging Bolt
|
|upkeep
|turn|4
|
|t:|1779581473
|-end|p2a: Raging Bolt|Protosynthesis|[silent]
|switch|p2a: Hatterene|Hatterene, F|100/100
|move|p1a: Ting-Lu|Payback|p2a: Hatterene
|-damage|p2a: Hatterene|86/100
|
|-heal|p2a: Hatterene|92/100|[from] item: Leftovers
|upkeep
|turn|5
|
|t:|1779581485
|switch|p1a: Slowking|Slowking-Galar, M|100/100
|move|p2a: Hatterene|Calm Mind|p2a: Hatterene
|-boost|p2a: Hatterene|spa|1
|-boost|p2a: Hatterene|spd|1
|
|-heal|p2a: Hatterene|98/100|[from] item: Leftovers
|upkeep
|turn|6
|
|t:|1779581499
|move|p2a: Hatterene|Calm Mind|p2a: Hatterene
|-boost|p2a: Hatterene|spa|1
|-boost|p2a: Hatterene|spd|1
|move|p1a: Slowking|Sludge Bomb|p2a: Hatterene
|-supereffective|p2a: Hatterene
|-damage|p2a: Hatterene|63/100
|
|-heal|p2a: Hatterene|69/100|[from] item: Leftovers
|upkeep
|turn|7
|
|t:|1779581512
|move|p2a: Hatterene|Calm Mind|p2a: Hatterene
|-boost|p2a: Hatterene|spa|1
|-boost|p2a: Hatterene|spd|1
|move|p1a: Slowking|Sludge Bomb|p2a: Hatterene
|-supereffective|p2a: Hatterene
|-damage|p2a: Hatterene|42/100
|-status|p2a: Hatterene|psn
|
|-heal|p2a: Hatterene|48/100 psn|[from] item: Leftovers
|-damage|p2a: Hatterene|36/100 psn|[from] psn
|upkeep
|turn|8
|
|t:|1779581525
|move|p2a: Hatterene|Mystical Fire|p1a: Slowking
|-damage|p1a: Slowking|58/100
|-unboost|p1a: Slowking|spa|1
|move|p1a: Slowking|Sludge Bomb|p2a: Hatterene
|-supereffective|p2a: Hatterene
|-damage|p2a: Hatterene|15/100 psn
|
|-heal|p2a: Hatterene|21/100 psn|[from] item: Leftovers
|-damage|p2a: Hatterene|9/100 psn|[from] psn
|upkeep
|turn|9
|
|t:|1779581538
|switch|p2a: Gliscor|Gliscor, M|100/100
|move|p1a: Slowking|Future Sight|p2a: Gliscor
|-start|p1a: Slowking|move: Future Sight
|
|-status|p2a: Gliscor|tox|[from] item: Toxic Orb
|upkeep
|turn|10
|
|t:|1779581551
|switch|p1a: Kyurem|Kyurem|100/100
|-ability|p1a: Kyurem|Pressure
|move|p2a: Gliscor|Earthquake|p1a: Kyurem
|-damage|p1a: Kyurem|55/100
|
|-heal|p1a: Kyurem|61/100|[from] item: Leftovers
|upkeep
|turn|11
|
|t:|1779581565
|switch|p2a: Hatterene|Hatterene, F|9/100 psn
|move|p1a: Kyurem|Freeze-Dry|p2a: Hatterene
|-damage|p2a: Hatterene|0 fnt
|faint|p2a: Hatterene
|
|-hint|Future Sight did not hit because the target is fainted.
|-heal|p1a: Kyurem|68/100|[from] item: Leftovers
|upkeep
|
|t:|1779581573
|switch|p2a: Raging Bolt|Raging Bolt|100/100
|turn|12
|
|t:|1779581591
|-terastallize|p2a: Raging Bolt|Ghost
|move|p1a: Kyurem|Freeze-Dry|p2a: Raging Bolt
|-damage|p2a: Raging Bolt|64/100
|move|p2a: Raging Bolt|Dragon Pulse|p1a: Kyurem
|-supereffective|p1a: Kyurem
|-damage|p1a: Kyurem|0 fnt
|faint|p1a: Kyurem
|
|upkeep
|
|t:|1779581597
|switch|p1a: Slowking|Slowking-Galar, M|91/100
|turn|13
|
|t:|1779581613
|move|p2a: Raging Bolt|Dragon Pulse|p1a: Slowking
|-damage|p1a: Slowking|48/100
|move|p1a: Slowking|Future Sight|p2a: Raging Bolt
|-start|p1a: Slowking|move: Future Sight
|
|upkeep
|turn|14
|
|t:|1779581626
|switch|p1a: Ting-Lu|Ting-Lu|100/100
|-ability|p1a: Ting-Lu|Vessel of Ruin
|move|p2a: Raging Bolt|Dragon Pulse|p1a: Ting-Lu
|-damage|p1a: Ting-Lu|81/100
|
|-heal|p1a: Ting-Lu|87/100|[from] item: Leftovers
|upkeep
|turn|15
|
|t:|1779581639
|-end|p2a: Raging Bolt|Protosynthesis|[silent]
|switch|p2a: Gliscor|Gliscor, M|100/100 tox
|move|p1a: Ting-Lu|Payback|p2a: Gliscor
|-damage|p2a: Gliscor|83/100 tox
|
|-end|p2a: Gliscor|move: Future Sight
|-damage|p2a: Gliscor|38/100 tox
|-heal|p1a: Ting-Lu|93/100|[from] item: Leftovers
|-heal|p2a: Gliscor|50/100 tox|[from] ability: Poison Heal
|upkeep
|turn|16
|
|t:|1779581658
|move|p2a: Gliscor|Swords Dance|p2a: Gliscor
|-boost|p2a: Gliscor|atk|2
|move|p1a: Ting-Lu|Payback|p2a: Gliscor
|-damage|p2a: Gliscor|20/100 tox
|
|-heal|p1a: Ting-Lu|99/100|[from] item: Leftovers
|-heal|p2a: Gliscor|33/100 tox|[from] ability: Poison Heal
|upkeep
|turn|17
|
|t:|1779581676
|switch|p1a: Corviknight|Corviknight, F|100/100
|-ability|p1a: Corviknight|Pressure
|move|p2a: Gliscor|Earthquake|p1a: Corviknight
|-immune|p1a: Corviknight
|
|-heal|p2a: Gliscor|45/100 tox|[from] ability: Poison Heal
|upkeep
|turn|18
|inactive|PokeCHAD_v3 has 120 seconds left.
|
|t:|1779581694
|move|p2a: Gliscor|Facade|p1a: Corviknight
|-resisted|p1a: Corviknight
|-damage|p1a: Corviknight|76/100
|-damage|p2a: Gliscor|28/100 tox|[from] item: Rocky Helmet|[of] p1a: Corviknight
|move|p1a: Corviknight|Brave Bird|p2a: Gliscor
|-damage|p2a: Gliscor|0 fnt
|faint|p2a: Gliscor
|-damage|p1a: Corviknight|68/100|[from] Recoil
|
|upkeep
|inactive|PokeCHAD_v3 has 120 seconds left.
|
|t:|1779581707
|switch|p2a: Raging Bolt|Raging Bolt, tera:Ghost|64/100
|turn|19
|inactive|PokeCHAD_v3 has 120 seconds left.
|
|t:|1779581724
|switch|p1a: Ting-Lu|Ting-Lu|99/100
|-ability|p1a: Ting-Lu|Vessel of Ruin
|move|p2a: Raging Bolt|Thunderbolt|p1a: Ting-Lu
|-immune|p1a: Ting-Lu
|
|-heal|p1a: Ting-Lu|100/100|[from] item: Leftovers
|upkeep
|turn|20
|
|t:|1779581743
|-end|p2a: Raging Bolt|Protosynthesis|[silent]
|switch|p2a: Ogerpon|Ogerpon-Wellspring, F|100/100
|move|p1a: Ting-Lu|Payback|p2a: Ogerpon
|-damage|p2a: Ogerpon|78/100
|
|upkeep
|turn|21
|
|t:|1779581762
|switch|p1a: Corviknight|Corviknight, F|68/100
|-ability|p1a: Corviknight|Pressure
|move|p2a: Ogerpon|Trailblaze|p1a: Corviknight
|-resisted|p1a: Corviknight
|-damage|p1a: Corviknight|63/100
|-boost|p2a: Ogerpon|spe|1
|-damage|p2a: Ogerpon|62/100|[from] item: Rocky Helmet|[of] p1a: Corviknight
|
|upkeep
|turn|22
|inactive|PokeCHAD_v3 has 90 seconds left.
|
|t:|1779581786
|switch|p2a: Raging Bolt|Raging Bolt, tera:Ghost|64/100
|move|p1a: Corviknight|Roost|p1a: Corviknight
|-heal|p1a: Corviknight|100/100
|-singleturn|p1a: Corviknight|move: Roost
|
|upkeep
|turn|23
|inactive|PokeCHAD_v3 has 90 seconds left.
|
|t:|1779581810
|-end|p2a: Raging Bolt|Protosynthesis|[silent]
|switch|p2a: Iron Moth|Iron Moth|100/100
|-enditem|p2a: Iron Moth|Booster Energy
|-activate|p2a: Iron Moth|ability: Quark Drive|[fromitem]
|-start|p2a: Iron Moth|quarkdrivespe
|switch|p1a: Ting-Lu|Ting-Lu|100/100
|-ability|p1a: Ting-Lu|Vessel of Ruin
|
|upkeep
|turn|24
|
|t:|1779581831
|-end|p2a: Iron Moth|Quark Drive|[silent]
|switch|p2a: Ogerpon|Ogerpon-Wellspring, F|62/100
|move|p1a: Ting-Lu|Earthquake|p2a: Ogerpon
|-resisted|p2a: Ogerpon
|-damage|p2a: Ogerpon|38/100
|
|upkeep
|turn|25
|
|t:|1779581849
|move|p2a: Ogerpon|Encore|p1a: Ting-Lu
|-start|p1a: Ting-Lu|Encore
|move|p1a: Ting-Lu|Earthquake|p2a: Ogerpon
|-resisted|p2a: Ogerpon
|-damage|p2a: Ogerpon|13/100
|
|upkeep
|turn|26
|inactive|PokeCHAD_v3 has 60 seconds left.
|
|t:|1779581868
|move|p2a: Ogerpon|Trailblaze|p1a: Ting-Lu
|-supereffective|p1a: Ting-Lu
|-crit|p1a: Ting-Lu
|-damage|p1a: Ting-Lu|44/100
|-boost|p2a: Ogerpon|spe|1
|move|p1a: Ting-Lu|Earthquake|p2a: Ogerpon
|-resisted|p2a: Ogerpon
|-damage|p2a: Ogerpon|0 fnt
|faint|p2a: Ogerpon
|
|-heal|p1a: Ting-Lu|51/100|[from] item: Leftovers
|upkeep
|
|t:|1779581873
|switch|p2a: Iron Moth|Iron Moth|100/100
|turn|27
|
|t:|1779581884
|move|p2a: Iron Moth|Fiery Dance|p1a: Ting-Lu
|-crit|p1a: Ting-Lu
|-damage|p1a: Ting-Lu|24/100
|move|p1a: Ting-Lu|Earthquake|p2a: Iron Moth
|-supereffective|p2a: Iron Moth
|-damage|p2a: Iron Moth|0 fnt
|faint|p2a: Iron Moth
|-end|p2a: Iron Moth|Quark Drive|[silent]
|
|-heal|p1a: Ting-Lu|31/100|[from] item: Leftovers
|-end|p1a: Ting-Lu|Encore
|upkeep
|
|t:|1779581886
|switch|p2a: Raging Bolt|Raging Bolt, tera:Ghost|64/100
|turn|28
|
|t:|1779581894
|move|p2a: Raging Bolt|Thunderbolt|p1a: Ting-Lu
|-immune|p1a: Ting-Lu
|move|p1a: Ting-Lu|Payback|p2a: Raging Bolt
|-supereffective|p2a: Raging Bolt
|-damage|p2a: Raging Bolt|0 fnt
|faint|p2a: Raging Bolt
|-end|p2a: Raging Bolt|Protosynthesis|[silent]
|
|win|claudechamp
|raw|claudechamp's rating: 1285 &rarr; <strong>1313</strong><br />(+28 for winning)
|raw|PokeCHAD_v3's rating: 1323 &rarr; <strong>1301</strong><br />(-22 for losing)
|l|☆PokeCHAD_v3
|player|p2|
|c|☆claudechamp|gg
