|j|‽Xtddqaq
|j|☆yoony1
|t:|1779597950
|gametype|singles
|player|p1|Xtddqaq|1|1390
|player|p2|yoony1|plasmagrunt-gen5bw|1396
|gen|9
|tier|[Gen 9] OU
|rated|
|rule|HP Percentage Mod: HP is shown in percentages
|rule|Endless Battle Clause: Forcing endless battles is banned
|rule|Species Clause: Limit one of each Pokémon
|rule|OHKO Clause: OHKO moves are banned
|rule|Evasion Items Clause: Evasion items are banned
|rule|Evasion Moves Clause: Evasion moves are banned
|rule|Evasion Abilities Clause: Evasion abilities are banned
|rule|Sleep Moves Clause: Sleep-inducing moves are banned
|clearpoke
|poke|p1|Weavile, F|
|poke|p1|Volcanion|
|poke|p1|Great Tusk|
|poke|p1|Hatterene, F|
|poke|p1|Gholdengo|
|poke|p1|Dragonite, M|
|poke|p2|Gholdengo|
|poke|p2|Samurott-Hisui, F|
|poke|p2|Meowscarada, F|
|poke|p2|Great Tusk|
|poke|p2|Skarmory, M|
|poke|p2|Slowking-Galar, L99, F|
|teampreview
|
|t:|1779597977
|teamsize|p1|6
|teamsize|p2|6
|start
|switch|p1a: Weavile|Weavile, F|100/100
|switch|p2a: Samurott|Samurott-Hisui, F|100/100
|turn|1
|
|t:|1779598009
|-terastallize|p2a: Samurott|Poison
|move|p1a: Weavile|Low Kick|p2a: Samurott
|-resisted|p2a: Samurott
|-damage|p2a: Samurott|77/100
|move|p2a: Samurott|Razor Shell|p1a: Weavile
|-damage|p1a: Weavile|19/100
|-unboost|p1a: Weavile|def|1
|
|upkeep
|turn|2
|
|t:|1779598031
|switch|p1a: Volcanion|Volcanion|100/100
|move|p2a: Samurott|Ceaseless Edge|p1a: Volcanion
|-crit|p1a: Volcanion
|-damage|p1a: Volcanion|43/100
|-sidestart|p1: Xtddqaq|Spikes
|
|upkeep
|turn|3
|
|t:|1779598052
|switch|p2a: Slowking|Slowking-Galar, L99, F|100/100
|move|p1a: Volcanion|Earth Power|p2a: Slowking
|-supereffective|p2a: Slowking
|-damage|p2a: Slowking|64/100
|
|upkeep
|turn|4
|
|t:|1779598074
|move|p1a: Volcanion|Earth Power|p2a: Slowking
|-supereffective|p2a: Slowking
|-damage|p2a: Slowking|26/100
|-prepare|p2a: Slowking|Chilly Reception|[premajor]
|move|p2a: Slowking|Chilly Reception|p2a: Slowking
|-weather|Snowscape
|
|t:|1779598120
|switch|p2a: Meowscarada|Meowscarada, F|100/100|[from] Chilly Reception
|
|-weather|Snowscape|[upkeep]
|upkeep
|turn|5
|
|t:|1779598137
|move|p2a: Meowscarada|Flower Trick|p1a: Volcanion
|-start|p2a: Meowscarada|typechange|Grass|[from] ability: Protean
|-crit|p1a: Volcanion
|-damage|p1a: Volcanion|4/100
|move|p1a: Volcanion|Flamethrower|p2a: Meowscarada
|-supereffective|p2a: Meowscarada
|-damage|p2a: Meowscarada|0 fnt
|faint|p2a: Meowscarada
|
|-weather|Snowscape|[upkeep]
|upkeep
|
|t:|1779598150
|switch|p2a: Samurott|Samurott-Hisui, F, tera:Poison|77/100
|turn|6
|inactive|Battle timer is ON: inactive players will automatically lose when time's up. (requested by yoony1)
|
|t:|1779598221
|move|p2a: Samurott|Ceaseless Edge|p1a: Volcanion
|-damage|p1a: Volcanion|0 fnt
|-sidestart|p1: Xtddqaq|Spikes
|faint|p1a: Volcanion
|
|-weather|Snowscape|[upkeep]
|upkeep
|
|t:|1779598246
|switch|p1a: Great Tusk|Great Tusk|100/100
|-damage|p1a: Great Tusk|84/100|[from] Spikes
|turn|7
|inactive|Xtddqaq has 120 seconds left.
|inactive|yoony1 has 120 seconds left.
|
|t:|1779598288
|switch|p2a: Gholdengo|Gholdengo|100/100
|-item|p2a: Gholdengo|Air Balloon
|move|p1a: Great Tusk|Rapid Spin|p2a: Gholdengo
|-immune|p2a: Gholdengo
|
|-weather|Snowscape|[upkeep]
|upkeep
|turn|8
|inactive|Xtddqaq has 120 seconds left.
|
|t:|1779598305
|move|p1a: Great Tusk|Ice Spinner|p2a: Gholdengo
|-resisted|p2a: Gholdengo
|-crit|p2a: Gholdengo
|-damage|p2a: Gholdengo|80/100
|-enditem|p2a: Gholdengo|Air Balloon
|move|p2a: Gholdengo|Shadow Ball|p1a: Great Tusk
|-damage|p1a: Great Tusk|48/100
|-unboost|p1a: Great Tusk|spd|1
|
|-weather|none
|upkeep
|turn|9
|inactive|Xtddqaq has 120 seconds left.
|
|t:|1779598328
|move|p1a: Great Tusk|Headlong Rush|p2a: Gholdengo
|-supereffective|p2a: Gholdengo
|-damage|p2a: Gholdengo|0 fnt
|-unboost|p1a: Great Tusk|def|1
|-unboost|p1a: Great Tusk|spd|1
|faint|p2a: Gholdengo
|
|upkeep
|inactive|yoony1 has 90 seconds left.
|
|t:|1779598355
|switch|p2a: Skarmory|Skarmory, M|100/100
|turn|10
|
|t:|1779598371
|move|p1a: Great Tusk|Rapid Spin|p2a: Skarmory
|-resisted|p2a: Skarmory
|-damage|p2a: Skarmory|96/100
|-boost|p1a: Great Tusk|spe|1
|-damage|p1a: Great Tusk|32/100|[from] item: Rocky Helmet|[of] p2a: Skarmory
|-sideend|p1: Xtddqaq|Spikes|[from] move: Rapid Spin|[of] p1a: Great Tusk
|move|p2a: Skarmory|Brave Bird|p1a: Great Tusk
|-supereffective|p1a: Great Tusk
|-damage|p1a: Great Tusk|0 fnt
|faint|p1a: Great Tusk
|-end|p1a: Great Tusk|Protosynthesis|[silent]
|-damage|p2a: Skarmory|84/100|[from] Recoil
|
|upkeep
|inactive|Xtddqaq has 90 seconds left.
|
|t:|1779598403
|switch|p1a: Gholdengo|Gholdengo|100/100
|turn|11
|inactive|yoony1 has 90 seconds left.
|inactive|Xtddqaq has 60 seconds left.
|inactive|Xtddqaq has 30 seconds left.
|inactive|Xtddqaq has 20 seconds left.
|inactive|Xtddqaq has 15 seconds left.
|inactive|Xtddqaq has 10 seconds left.
|inactive|Xtddqaq has 5 seconds left.
|
|t:|1779598492
|switch|p2a: Samurott|Samurott-Hisui, F, tera:Poison|77/100
|move|p1a: Gholdengo|Trick|p2a: Samurott
|-activate|p1a: Gholdengo|move: Trick|[of] p2a: Samurott
|-item|p2a: Samurott|Choice Scarf|[from] move: Trick
|-item|p1a: Gholdengo|Heavy-Duty Boots|[from] move: Trick
|
|upkeep
|turn|12
|inactive|Xtddqaq has 15 seconds left this turn.
|inactive|Xtddqaq has 10 seconds left.
|inactive|Xtddqaq has 5 seconds left.
|
|t:|1779598508
|move|p2a: Samurott|Knock Off|p1a: Gholdengo
|-supereffective|p1a: Gholdengo
|-damage|p1a: Gholdengo|0 fnt
|-enditem|p1a: Gholdengo|Heavy-Duty Boots|[from] move: Knock Off|[of] p2a: Samurott
|faint|p1a: Gholdengo
|
|upkeep
|inactive|Xtddqaq has 10 seconds left this turn.
|inactive|Xtddqaq has 5 seconds left.
|-message|Xtddqaq lost due to inactivity.
|
|win|yoony1
|raw|Xtddqaq's rating: 1390 &rarr; <strong>1370</strong><br />(-20 for losing)
|raw|yoony1's rating: 1396 &rarr; <strong>1416</strong><br />(+20 for winning)
|l|‽Xtddqaq
|player|p1|
