|j|☆cnlp
|j|☆party girl 2004
|t:|1779622919
|gametype|singles
|player|p1|cnlp|102|1295
|player|p2|party girl 2004|lass-gen4dp|1318
|gen|9
|tier|[Gen 9] OU
|rated|
|rule|HP Percentage Mod: HP is shown in percentages
|rule|Endless Battle Clause: Forcing endless battles is banned
|rule|Species Clause: Limit one of each Pokémon
|rule|OHKO Clause: OHKO moves are banned
|rule|Evasion Items Clause: Evasion items are banned
|rule|Evasion Moves Clause: Evasion moves are banned
|rule|Evasion Abilities Clause: Evasion abilities are banned
|rule|Sleep Moves Clause: Sleep-inducing moves are banned
|clearpoke
|poke|p1|Cinderace, M|
|poke|p1|Ogerpon-Wellspring, F|
|poke|p1|Dragapult, F|
|poke|p1|Slowking-Galar, F|
|poke|p1|Great Tusk|
|poke|p1|Gholdengo|
|poke|p2|Serperior, M|
|poke|p2|Skarmory, F|
|poke|p2|Blaziken, M|
|poke|p2|Kommo-o, F|
|poke|p2|Indeedee, M|
|poke|p2|Polteageist|
|teampreview
|inactive|Battle timer is ON: inactive players will automatically lose when time's up. (requested by party girl 2004)
|
|t:|1779622937
|teamsize|p1|6
|teamsize|p2|6
|start
|switch|p1a: Cinderace|Cinderace, M|100/100
|switch|p2a: MVP|Serperior, M, shiny|100/100
|turn|1
|
|t:|1779622944
|move|p1a: Cinderace|U-turn|p2a: MVP
|-start|p1a: Cinderace|typechange|Bug|[from] ability: Libero
|-supereffective|p2a: MVP
|-damage|p2a: MVP|14/100
|
|t:|1779622949
|switch|p1a: Slowking|Slowking-Galar, F|100/100|[from] U-turn
|move|p2a: MVP|Glare|p1a: Slowking
|-status|p1a: Slowking|par
|
|upkeep
|turn|2
|
|t:|1779622956
|move|p2a: MVP|Reflect|p2a: MVP
|-sidestart|p2: party girl 2004|Reflect
|move|p1a: Slowking|Future Sight|p2a: MVP
|-start|p1a: Slowking|move: Future Sight
|
|upkeep
|turn|3
|
|t:|1779622971
|move|p2a: MVP|Leaf Storm|p1a: Slowking
|-resisted|p1a: Slowking
|-damage|p1a: Slowking|88/100 par
|-boost|p2a: MVP|spa|2
|move|p1a: Slowking|Sludge Wave|p2a: MVP
|-supereffective|p2a: MVP
|-damage|p2a: MVP|0 fnt
|faint|p2a: MVP
|
|upkeep
|
|t:|1779622977
|switch|p2a: Mane Tank|Skarmory, F, shiny|100/100
|turn|4
|
|t:|1779622986
|switch|p1a: Cinderace|Cinderace, M|100/100
|move|p2a: Mane Tank|Brave Bird|p1a: Cinderace
|-damage|p1a: Cinderace|39/100
|-damage|p2a: Mane Tank|78/100|[from] Recoil
|
|-end|p2a: Mane Tank|move: Future Sight
|-resisted|p2a: Mane Tank
|-damage|p2a: Mane Tank|27/100
|upkeep
|turn|5
|
|t:|1779622996
|move|p1a: Cinderace|Sucker Punch|p2a: Mane Tank
|-start|p1a: Cinderace|typechange|Dark|[from] ability: Libero
|-damage|p2a: Mane Tank|12/100
|move|p2a: Mane Tank|Brave Bird|p1a: Cinderace
|-damage|p1a: Cinderace|0 fnt
|faint|p1a: Cinderace
|-damage|p2a: Mane Tank|0 fnt|[from] Recoil
|faint|p2a: Mane Tank
|
|upkeep
|inactive|cnlp has 120 seconds left.
|
|t:|1779623027
|switch|p1a: Ogerpon|Ogerpon-Wellspring, F|100/100
|switch|p2a: Scolipede X|Blaziken, M, shiny|100/100
|turn|6
|
|t:|1779623033
|move|p1a: Ogerpon|Swords Dance|p1a: Ogerpon
|-boost|p1a: Ogerpon|atk|2
|move|p2a: Scolipede X|Swords Dance|p2a: Scolipede X
|-boost|p2a: Scolipede X|atk|2
|
|-sideend|p2: party girl 2004|Reflect
|-ability|p2a: Scolipede X|Speed Boost|boost
|-boost|p2a: Scolipede X|spe|1
|upkeep
|turn|7
|
|t:|1779623044
|-terastallize|p2a: Scolipede X|Fighting
|-terastallize|p1a: Ogerpon|Water
|detailschange|p1a: Ogerpon|Ogerpon-Wellspring-Tera, F, tera:Water
|-ability|p1a: Ogerpon|Embody Aspect (Wellspring)|boost
|-boost|p1a: Ogerpon|spd|1
|move|p2a: Scolipede X|Close Combat|p1a: Ogerpon
|-damage|p1a: Ogerpon|0 fnt
|-unboost|p2a: Scolipede X|def|1
|-unboost|p2a: Scolipede X|spd|1
|faint|p1a: Ogerpon
|detailschange|p1: Ogerpon|Ogerpon-Wellspring, F|[silent]
|
|-ability|p2a: Scolipede X|Speed Boost|boost
|-boost|p2a: Scolipede X|spe|1
|upkeep
|
|t:|1779623056
|switch|p1a: Great Tusk|Great Tusk|100/100
|-enditem|p1a: Great Tusk|Booster Energy
|-activate|p1a: Great Tusk|ability: Protosynthesis|[fromitem]
|-start|p1a: Great Tusk|protosynthesisatk
|turn|8
|
|t:|1779623061
|move|p2a: Scolipede X|Close Combat|p1a: Great Tusk
|-damage|p1a: Great Tusk|0 fnt
|-unboost|p2a: Scolipede X|def|1
|-unboost|p2a: Scolipede X|spd|1
|faint|p1a: Great Tusk
|-end|p1a: Great Tusk|Protosynthesis|[silent]
|
|-ability|p2a: Scolipede X|Speed Boost|boost
|-boost|p2a: Scolipede X|spe|1
|upkeep
|
|t:|1779623067
|switch|p1a: Slowking|Slowking-Galar, F|100/100 par
|turn|9
|
|t:|1779623081
|move|p2a: Scolipede X|Fire Punch|p1a: Slowking
|-crit|p1a: Slowking
|-damage|p1a: Slowking|0 fnt
|faint|p1a: Slowking
|
|-ability|p2a: Scolipede X|Speed Boost|boost
|-boost|p2a: Scolipede X|spe|1
|upkeep
|
|t:|1779623085
|switch|p1a: Dragapult|Dragapult, F|100/100
|turn|10
|
|t:|1779623091
|move|p2a: Scolipede X|Fire Punch|p1a: Dragapult
|-resisted|p1a: Dragapult
|-damage|p1a: Dragapult|42/100
|move|p1a: Dragapult|Shadow Ball|p2a: Scolipede X
|-enditem|p2a: Scolipede X|Focus Sash
|-damage|p2a: Scolipede X|1/100
|
|-ability|p2a: Scolipede X|Speed Boost|boost
|-boost|p2a: Scolipede X|spe|1
|upkeep
|turn|11
|
|t:|1779623100
|move|p2a: Scolipede X|Fire Punch|p1a: Dragapult
|-resisted|p1a: Dragapult
|-damage|p1a: Dragapult|0 fnt
|faint|p1a: Dragapult
|
|-ability|p2a: Scolipede X|Speed Boost|boost
|-boost|p2a: Scolipede X|spe|1
|upkeep
|
|t:|1779623102
|switch|p1a: Gholdengo|Gholdengo|100/100
|turn|12
|-message|cnlp forfeited.
|
|win|party girl 2004
|raw|cnlp's rating: 1295 &rarr; <strong>1272</strong><br />(-23 for losing)
|raw|party girl 2004's rating: 1318 &rarr; <strong>1337</strong><br />(+19 for winning)
|l|☆cnlp
|player|p1|
