|j|☆koreipage
|j|☆pokylemon
|t:|1779598639
|gametype|singles
|player|p1|koreipage|1|1049
|player|p2|pokylemon|170|1024
|gen|9
|tier|[Gen 9] OU
|rated|
|rule|HP Percentage Mod: HP is shown in percentages
|rule|Endless Battle Clause: Forcing endless battles is banned
|rule|Species Clause: Limit one of each Pokémon
|rule|OHKO Clause: OHKO moves are banned
|rule|Evasion Items Clause: Evasion items are banned
|rule|Evasion Moves Clause: Evasion moves are banned
|rule|Evasion Abilities Clause: Evasion abilities are banned
|rule|Sleep Moves Clause: Sleep-inducing moves are banned
|clearpoke
|poke|p1|Incineroar, M|
|poke|p1|Dragonite, M|
|poke|p1|Donphan, L1, M|
|poke|p1|Latios, M|
|poke|p1|Gliscor, F|
|poke|p1|Greninja-*, M|
|poke|p2|Landorus-Therian, M|
|poke|p2|Alomomola, F|
|poke|p2|Skeledirge, M|
|poke|p2|Slowking-Galar, F|
|poke|p2|Regieleki|
|poke|p2|Zapdos-Galar|
|teampreview
|
|t:|1779598654
|teamsize|p1|6
|teamsize|p2|6
|start
|switch|p1a: Dragonite|Dragonite, M|100/100
|switch|p2a: Maybe I'm a Lion|Landorus-Therian, M|100/100
|-ability|p2a: Maybe I'm a Lion|Intimidate|boost
|-fail|p1a: Dragonite|unboost|Attack|[from] ability: Inner Focus|[of] p1a: Dragonite
|turn|1
|
|t:|1779598665
|move|p2a: Maybe I'm a Lion|U-turn|p1a: Dragonite
|-resisted|p1a: Dragonite
|-damage|p1a: Dragonite|88/100
|
|t:|1779598674
|switch|p2a: Jesus is King|Slowking-Galar, F|100/100|[from] U-turn
|move|p1a: Dragonite|Blizzard|p2a: Jesus is King
|-damage|p2a: Jesus is King|86/100
|
|-heal|p1a: Dragonite|95/100|[from] item: Leftovers
|upkeep
|turn|2
|
|t:|1779598694
|move|p1a: Dragonite|Dragon Pulse|p2a: Jesus is King
|-damage|p2a: Jesus is King|68/100
|move|p2a: Jesus is King|Ice Beam|p1a: Dragonite
|-supereffective|p1a: Dragonite
|-damage|p1a: Dragonite|14/100
|
|-heal|p1a: Dragonite|20/100|[from] item: Leftovers
|upkeep
|turn|3
|j| sdyuv23
|
|t:|1779598715
|switch|p1a: Incineroar|Incineroar, M|100/100
|-ability|p1a: Incineroar|Intimidate|boost
|-unboost|p2a: Jesus is King|atk|1
|-prepare|p2a: Jesus is King|Chilly Reception|[premajor]
|move|p2a: Jesus is King|Chilly Reception|p2a: Jesus is King
|-weather|Snowscape
|l| sdyuv23
|
|t:|1779598726
|switch|p2a: Fish Fear Me|Alomomola, F|100/100|[from] Chilly Reception
|
|-weather|Snowscape|[upkeep]
|upkeep
|turn|4
|
|t:|1779598735
|switch|p1a: Gliscor|Gliscor, F|100/100
|move|p2a: Fish Fear Me|Flip Turn|p1a: Gliscor
|-supereffective|p1a: Gliscor
|-damage|p1a: Gliscor|77/100
|inactive|Battle timer is ON: inactive players will automatically lose when time's up. (requested by pokylemon)
|
|t:|1779598802
|switch|p2a: Jesus is King|Slowking-Galar, F|100/100|[from] Flip Turn
|
|-weather|Snowscape|[upkeep]
|-status|p1a: Gliscor|tox|[from] item: Toxic Orb
|upkeep
|turn|5
|
|t:|1779598814
|move|p2a: Jesus is King|Ice Beam|p1a: Gliscor
|-supereffective|p1a: Gliscor
|-damage|p1a: Gliscor|0 fnt
|faint|p1a: Gliscor
|
|-weather|Snowscape|[upkeep]
|upkeep
|
|t:|1779598826
|switch|p1a: Donphan|Donphan, L1, M, shiny|100/100
|turn|6
|
|t:|1779598853
|move|p2a: Jesus is King|Future Sight|p1a: Donphan
|-start|p2a: Jesus is King|move: Future Sight
|move|p1a: Donphan|Endeavor|p2a: Jesus is King
|-damage|p2a: Jesus is King|4/100
|
|-weather|Snowscape|[upkeep]
|upkeep
|turn|7
|
|t:|1779598861
|-prepare|p2a: Jesus is King|Chilly Reception|[premajor]
|move|p2a: Jesus is King|Chilly Reception|p2a: Jesus is King
|
|t:|1779598867
|switch|p2a: Fish Fear Me|Alomomola, F|100/100|[from] Chilly Reception
|move|p1a: Donphan|Endeavor|p2a: Fish Fear Me
|-damage|p2a: Fish Fear Me|3/100
|
|-weather|none
|upkeep
|turn|8
|
|t:|1779598878
|move|p1a: Donphan|Protect|p1a: Donphan
|-singleturn|p1a: Donphan|Protect
|move|p2a: Fish Fear Me|Flip Turn|p1a: Donphan
|-activate|p1a: Donphan|move: Protect
|
|-end|p1a: Donphan|move: Future Sight
|-ability|p1a: Donphan|Sturdy
|-damage|p1a: Donphan|8/100
|upkeep
|turn|9
|
|t:|1779598889
|move|p2a: Fish Fear Me|Flip Turn|p1a: Donphan
|-supereffective|p1a: Donphan
|-damage|p1a: Donphan|0 fnt
|faint|p1a: Donphan
|
|t:|1779598893
|switch|p2a: Jesus is King|Slowking-Galar, F|37/100|[from] Flip Turn
|
|upkeep
|
|t:|1779598905
|switch|p1a: Greninja|Greninja, M|100/100
|turn|10
|inactive|pokylemon has 120 seconds left.
|
|t:|1779598948
|switch|p2a: Zapdos|Zapdos-Galar|100/100
|move|p1a: Greninja|Ice Punch|p2a: Zapdos
|-supereffective|p2a: Zapdos
|-damage|p2a: Zapdos|63/100
|
|upkeep
|turn|11
|
|t:|1779598957
|move|p2a: Zapdos|U-turn|p1a: Greninja
|-supereffective|p1a: Greninja
|-damage|p1a: Greninja|9/100
|
|t:|1779598963
|switch|p2a: Fish Fear Me|Alomomola, F|36/100|[from] U-turn
|move|p1a: Greninja|Substitute|p1a: Greninja
|-fail|p1a: Greninja|move: Substitute|[weak]
|
|upkeep
|turn|12
|inactive|pokylemon has 120 seconds left.
|
|t:|1779598975
|switch|p1a: Latios|Latios, M|100/100
|move|p2a: Fish Fear Me|Flip Turn|p1a: Latios
|-resisted|p1a: Latios
|-damage|p1a: Latios|92/100
|inactive|pokylemon has 90 seconds left.
|
|t:|1779599005
|switch|p2a: Maybe I'm a Lion|Landorus-Therian, M|100/100|[from] Flip Turn
|-ability|p2a: Maybe I'm a Lion|Intimidate|boost
|-unboost|p1a: Latios|atk|1
|
|upkeep
|turn|13
|
|t:|1779599020
|move|p2a: Maybe I'm a Lion|U-turn|p1a: Latios
|-supereffective|p1a: Latios
|-damage|p1a: Latios|27/100
|inactive|pokylemon has 90 seconds left.
|
|t:|1779599065
|switch|p2a: The Croc is Lava|Skeledirge, M|100/100|[from] U-turn
|move|p1a: Latios|Psychic Noise|p2a: The Croc is Lava
|-damage|p2a: The Croc is Lava|68/100
|-start|p2a: The Croc is Lava|move: Heal Block
|
|upkeep
|turn|14
|
|t:|1779599087
|move|p1a: Latios|Dragon Claw|p2a: The Croc is Lava
|-damage|p2a: The Croc is Lava|42/100
|move|p2a: The Croc is Lava|Hex|p1a: Latios
|-supereffective|p1a: Latios
|-damage|p1a: Latios|0 fnt
|faint|p1a: Latios
|
|-end|p2a: The Croc is Lava|move: Heal Block
|upkeep
|
|t:|1779599100
|switch|p1a: Incineroar|Incineroar, M|100/100
|-ability|p1a: Incineroar|Intimidate|boost
|-unboost|p2a: The Croc is Lava|atk|1
|turn|15
|
|t:|1779599109
|switch|p2a: Fish Fear Me|Alomomola, F|70/100
|move|p1a: Incineroar|Knock Off|p2a: Fish Fear Me
|-damage|p2a: Fish Fear Me|49/100
|-enditem|p2a: Fish Fear Me|Heavy-Duty Boots|[from] move: Knock Off|[of] p1a: Incineroar
|
|upkeep
|turn|16
|
|t:|1779599123
|move|p2a: Fish Fear Me|Wish|p2a: Fish Fear Me
|move|p1a: Incineroar|Parting Shot|p2a: Fish Fear Me
|-unboost|p2a: Fish Fear Me|atk|1
|-unboost|p2a: Fish Fear Me|spa|1
|
|t:|1779599133
|switch|p1a: Dragonite|Dragonite, M|20/100|[from] Parting Shot
|
|-heal|p1a: Dragonite|26/100|[from] item: Leftovers
|upkeep
|turn|17
|
|t:|1779599141
|move|p1a: Dragonite|Blizzard|p2a: Fish Fear Me
|-resisted|p2a: Fish Fear Me
|-damage|p2a: Fish Fear Me|33/100
|-status|p2a: Fish Fear Me|frz
|-curestatus|p2a: Fish Fear Me|frz|[msg]
|move|p2a: Fish Fear Me|Flip Turn|p1a: Dragonite
|-resisted|p1a: Dragonite
|-damage|p1a: Dragonite|22/100
|inactive|pokylemon has 90 seconds left.
|
|t:|1779599159
|switch|p2a: Zip Zap|Regieleki|100/100|[from] Flip Turn
|
|-heal|p1a: Dragonite|28/100|[from] item: Leftovers
|upkeep
|turn|18
|inactive|pokylemon has 90 seconds left.
|
|t:|1779599177
|move|p2a: Zip Zap|Volt Switch|p1a: Dragonite
|-damage|p1a: Dragonite|0 fnt
|faint|p1a: Dragonite
|
|t:|1779599185
|switch|p2a: Fish Fear Me|Alomomola, F|66/100|[from] Volt Switch
|
|upkeep
|
|t:|1779599191
|switch|p1a: Greninja|Greninja, M|9/100
|turn|19
|
|t:|1779599196
|move|p1a: Greninja|Ice Punch|p2a: Fish Fear Me
|-resisted|p2a: Fish Fear Me
|-damage|p2a: Fish Fear Me|62/100
|move|p2a: Fish Fear Me|Flip Turn|p1a: Greninja
|-resisted|p1a: Greninja
|-damage|p1a: Greninja|0 fnt
|faint|p1a: Greninja
|
|t:|1779599204
|switch|p2a: Zapdos|Zapdos-Galar|63/100|[from] Flip Turn
|
|upkeep
|
|t:|1779599209
|switch|p1a: Incineroar|Incineroar, M|100/100
|-ability|p1a: Incineroar|Intimidate|boost
|-unboost|p2a: Zapdos|atk|1
|-ability|p2a: Zapdos|Defiant|boost
|-boost|p2a: Zapdos|atk|2
|turn|20
|
|t:|1779599217
|move|p2a: Zapdos|Close Combat|p1a: Incineroar
|-supereffective|p1a: Incineroar
|-damage|p1a: Incineroar|0 fnt
|-unboost|p2a: Zapdos|def|1
|-unboost|p2a: Zapdos|spd|1
|faint|p1a: Incineroar
|
|win|pokylemon
|raw|koreipage's rating: 1049 &rarr; <strong>1030</strong><br />(-19 for losing)
|raw|pokylemon's rating: 1024 &rarr; <strong>1063</strong><br />(+39 for winning)
