|j|☆Otakuotaku
|j|☆Test g17
|t:|1779631121
|gametype|singles
|player|p1|Otakuotaku|266|1372
|player|p2|Test g17|hilbert|1331
|gen|9
|tier|[Gen 9] OU
|rated|
|rule|HP Percentage Mod: HP is shown in percentages
|rule|Endless Battle Clause: Forcing endless battles is banned
|rule|Species Clause: Limit one of each Pokémon
|rule|OHKO Clause: OHKO moves are banned
|rule|Evasion Items Clause: Evasion items are banned
|rule|Evasion Moves Clause: Evasion moves are banned
|rule|Evasion Abilities Clause: Evasion abilities are banned
|rule|Sleep Moves Clause: Sleep-inducing moves are banned
|clearpoke
|poke|p1|Gholdengo|
|poke|p1|Ting-Lu|
|poke|p1|Cinderace, M|
|poke|p1|Primarina, F|
|poke|p1|Dragapult, M|
|poke|p1|Zamazenta-*|
|poke|p2|Feraligatr, M|
|poke|p2|Pelipper, M|
|poke|p2|Raikou|
|poke|p2|Tornadus-Therian, M|
|poke|p2|Iron Treads|
|poke|p2|Samurott-Hisui, M|
|teampreview
|inactive|Battle timer is ON: inactive players will automatically lose when time's up. (requested by Otakuotaku)
|
|t:|1779631131
|teamsize|p1|6
|teamsize|p2|6
|start
|switch|p1a: Dragapult|Dragapult, M|100/100
|switch|p2a: Tornadus|Tornadus-Therian, M|100/100
|turn|1
|
|t:|1779631145
|switch|p2a: Iron Treads|Iron Treads|100/100
|-enditem|p2a: Iron Treads|Booster Energy
|-activate|p2a: Iron Treads|ability: Quark Drive|[fromitem]
|-start|p2a: Iron Treads|quarkdrivespe
|move|p1a: Dragapult|Draco Meteor|p2a: Iron Treads|[miss]
|-miss|p1a: Dragapult|p2a: Iron Treads
|
|upkeep
|turn|2
|
|t:|1779631156
|switch|p1a: Primarina|Primarina, F|100/100
|move|p2a: Iron Treads|Knock Off|p1a: Primarina
|-resisted|p1a: Primarina
|-damage|p1a: Primarina|80/100
|-enditem|p1a: Primarina|Leftovers|[from] move: Knock Off|[of] p2a: Iron Treads
|
|upkeep
|turn|3
|
|t:|1779631186
|-end|p2a: Iron Treads|Quark Drive|[silent]
|switch|p2a: Pelipper|Pelipper, M|100/100
|-weather|RainDance|[from] ability: Drizzle|[of] p2a: Pelipper
|move|p1a: Primarina|Flip Turn|p2a: Pelipper
|-resisted|p2a: Pelipper
|-damage|p2a: Pelipper|92/100
|
|t:|1779631194
|switch|p1a: Dragapult|Dragapult, M|100/100|[from] Flip Turn
|
|-weather|RainDance|[upkeep]
|upkeep
|turn|4
|
|t:|1779631208
|switch|p2a: Iron Treads|Iron Treads|100/100
|move|p1a: Dragapult|Shadow Ball|p2a: Iron Treads
|-damage|p2a: Iron Treads|46/100
|
|-weather|RainDance|[upkeep]
|upkeep
|turn|5
|
|t:|1779631216
|move|p1a: Dragapult|Shadow Ball|p2a: Iron Treads
|-damage|p2a: Iron Treads|0 fnt
|faint|p2a: Iron Treads
|-end|p2a: Iron Treads|Quark Drive|[silent]
|
|-weather|RainDance|[upkeep]
|upkeep
|
|t:|1779631219
|switch|p2a: Samurott|Samurott-Hisui, M|100/100
|turn|6
|
|t:|1779631229
|switch|p1a: Zamazenta|Zamazenta|100/100
|-ability|p1a: Zamazenta|Dauntless Shield|boost
|-boost|p1a: Zamazenta|def|1
|move|p2a: Samurott|Ceaseless Edge|p1a: Zamazenta|[miss]
|-miss|p2a: Samurott|p1a: Zamazenta
|
|-weather|RainDance|[upkeep]
|upkeep
|turn|7
|
|t:|1779631241
|switch|p2a: Tornadus|Tornadus-Therian, M|100/100
|move|p1a: Zamazenta|Body Press|p2a: Tornadus
|-resisted|p2a: Tornadus
|-damage|p2a: Tornadus|65/100
|
|-weather|RainDance|[upkeep]
|upkeep
|turn|8
|
|t:|1779631252
|switch|p1a: Ting-Lu|Ting-Lu|100/100
|-ability|p1a: Ting-Lu|Vessel of Ruin
|move|p2a: Tornadus|Focus Blast|p1a: Ting-Lu|[miss]
|-miss|p2a: Tornadus|p1a: Ting-Lu
|
|-weather|RainDance|[upkeep]
|upkeep
|turn|9
|
|t:|1779631262
|switch|p2a: Feraligatr|Feraligatr, M|100/100
|move|p1a: Ting-Lu|Rock Tomb|p2a: Feraligatr
|-damage|p2a: Feraligatr|76/100
|-unboost|p2a: Feraligatr|spe|1
|
|-weather|RainDance|[upkeep]
|upkeep
|turn|10
|
|t:|1779631273
|switch|p1a: Zamazenta|Zamazenta|100/100
|move|p2a: Feraligatr|Liquidation|p1a: Zamazenta
|-damage|p1a: Zamazenta|27/100
|
|-weather|none
|-heal|p1a: Zamazenta|33/100|[from] item: Leftovers
|upkeep
|turn|11
|
|t:|1779631286
|switch|p1a: Dragapult|Dragapult, M|100/100
|switch|p2a: Pelipper|Pelipper, M|92/100
|-weather|RainDance|[from] ability: Drizzle|[of] p2a: Pelipper
|
|-weather|RainDance|[upkeep]
|upkeep
|turn|12
|
|t:|1779631295
|switch|p2a: Samurott|Samurott-Hisui, M|100/100
|move|p1a: Dragapult|Thunderbolt|p2a: Samurott
|-supereffective|p2a: Samurott
|-damage|p2a: Samurott|43/100
|
|-weather|RainDance|[upkeep]
|upkeep
|turn|13
|
|t:|1779631303
|switch|p2a: Raikou|Raikou, shiny|100/100
|-ability|p2a: Raikou|Pressure
|move|p1a: Dragapult|Thunderbolt|p2a: Raikou
|-resisted|p2a: Raikou
|-damage|p2a: Raikou|86/100
|
|-weather|RainDance|[upkeep]
|upkeep
|turn|14
|
|t:|1779631310
|switch|p1a: Ting-Lu|Ting-Lu|100/100
|-ability|p1a: Ting-Lu|Vessel of Ruin
|move|p2a: Raikou|Scald|p1a: Ting-Lu
|-supereffective|p1a: Ting-Lu
|-damage|p1a: Ting-Lu|70/100
|
|-weather|RainDance|[upkeep]
|upkeep
|turn|15
|
|t:|1779631319
|-terastallize|p2a: Raikou|Water
|move|p2a: Raikou|Scald|p1a: Ting-Lu
|-supereffective|p1a: Ting-Lu
|-damage|p1a: Ting-Lu|27/100
|move|p1a: Ting-Lu|Rock Tomb|p2a: Raikou
|-damage|p2a: Raikou|58/100
|-unboost|p2a: Raikou|spe|1
|
|-weather|RainDance|[upkeep]
|upkeep
|turn|16
|
|t:|1779631332
|move|p2a: Raikou|Scald|p1a: Ting-Lu
|-supereffective|p1a: Ting-Lu
|-damage|p1a: Ting-Lu|0 fnt
|faint|p1a: Ting-Lu
|
|-weather|RainDance|[upkeep]
|upkeep
|
|t:|1779631340
|switch|p1a: Dragapult|Dragapult, M|100/100
|turn|17
|
|t:|1779631344
|switch|p2a: Samurott|Samurott-Hisui, M|43/100
|move|p1a: Dragapult|Thunderbolt|p2a: Samurott
|-supereffective|p2a: Samurott
|-damage|p2a: Samurott|0 fnt
|faint|p2a: Samurott
|
|-weather|RainDance|[upkeep]
|upkeep
|
|t:|1779631361
|switch|p2a: Feraligatr|Feraligatr, M|76/100
|turn|18
|
|t:|1779631367
|switch|p1a: Zamazenta|Zamazenta|33/100
|move|p2a: Feraligatr|Liquidation|p1a: Zamazenta
|-damage|p1a: Zamazenta|0 fnt
|faint|p1a: Zamazenta
|
|-weather|none
|upkeep
|
|t:|1779631380
|switch|p1a: Dragapult|Dragapult, M|100/100
|turn|19
|
|t:|1779631388
|move|p1a: Dragapult|Thunderbolt|p2a: Feraligatr
|-supereffective|p2a: Feraligatr
|-damage|p2a: Feraligatr|4/100
|move|p2a: Feraligatr|Crunch|p1a: Dragapult
|-supereffective|p1a: Dragapult
|-damage|p1a: Dragapult|0 fnt
|faint|p1a: Dragapult
|
|upkeep
|-message|Otakuotaku forfeited.
|
|win|Test g17
|raw|Otakuotaku's rating: 1372 &rarr; <strong>1350</strong><br />(-22 for losing)
|raw|Test g17's rating: 1331 &rarr; <strong>1353</strong><br />(+22 for winning)
|l|☆Otakuotaku
|player|p1|
|l|☆Test g17
|player|p2|
