|j|☆holo-lyte
|j|☆Avenastar
|t:|1779617755
|gametype|singles
|player|p1|holo-lyte|avery|1205
|player|p2|Avenastar|lady|1189
|gen|9
|tier|[Gen 9] OU
|rated|
|rule|HP Percentage Mod: HP is shown in percentages
|rule|Endless Battle Clause: Forcing endless battles is banned
|rule|Species Clause: Limit one of each Pokémon
|rule|OHKO Clause: OHKO moves are banned
|rule|Evasion Items Clause: Evasion items are banned
|rule|Evasion Moves Clause: Evasion moves are banned
|rule|Evasion Abilities Clause: Evasion abilities are banned
|rule|Sleep Moves Clause: Sleep-inducing moves are banned
|clearpoke
|poke|p1|Iron Jugulis|
|poke|p1|Iron Boulder|
|poke|p1|Zapdos-Galar|
|poke|p1|Articuno-Galar|
|poke|p1|Ceruledge, F|
|poke|p1|Glastrier|
|poke|p2|Zapdos|
|poke|p2|Tornadus-Therian, M|
|poke|p2|Gliscor, F|
|poke|p2|Dragapult, M|
|poke|p2|Hatterene, F|
|poke|p2|Iron Treads|
|teampreview
|
|t:|1779617769
|teamsize|p1|6
|teamsize|p2|6
|start
|switch|p1a: tin oesophagus|Iron Jugulis|100/100
|switch|p2a: Tuskgpt|Iron Treads|100/100
|turn|1
|inactive|Battle timer is ON: inactive players will automatically lose when time's up. (requested by holo-lyte)
|
|t:|1779617774
|move|p2a: Tuskgpt|Ice Spinner|p1a: tin oesophagus
|-supereffective|p1a: tin oesophagus
|-damage|p1a: tin oesophagus|46/100
|move|p1a: tin oesophagus|Earth Power|p2a: Tuskgpt
|-supereffective|p2a: Tuskgpt
|-damage|p2a: Tuskgpt|11/100
|
|-heal|p2a: Tuskgpt|18/100|[from] item: Leftovers
|upkeep
|turn|2
|
|t:|1779617779
|move|p2a: Tuskgpt|Stealth Rock|p1a: tin oesophagus
|-sidestart|p1: holo-lyte|move: Stealth Rock
|move|p1a: tin oesophagus|Earth Power|p2a: Tuskgpt
|-supereffective|p2a: Tuskgpt
|-damage|p2a: Tuskgpt|0 fnt
|faint|p2a: Tuskgpt
|-end|p2a: Tuskgpt|Quark Drive|[silent]
|
|upkeep
|
|t:|1779617784
|switch|p2a: N-O|Dragapult, M|100/100
|turn|3
|
|t:|1779617787
|move|p2a: N-O|Dragon Darts|p1a: tin oesophagus
|-damage|p1a: tin oesophagus|8/100
|-anim|p2a: N-O|Dragon Darts|p1a: tin oesophagus
|-damage|p1a: tin oesophagus|0 fnt
|faint|p1a: tin oesophagus
|-end|p1a: tin oesophagus|Quark Drive|[silent]
|
|upkeep
|
|t:|1779617790
|switch|p1a: yurem away|Glastrier|100/100
|turn|4
|
|t:|1779617797
|-terastallize|p2a: N-O|Dragon
|move|p2a: N-O|Dragon Darts|p1a: yurem away
|-damage|p1a: yurem away|67/100
|-anim|p2a: N-O|Dragon Darts|p1a: yurem away
|-damage|p1a: yurem away|32/100
|move|p1a: yurem away|Avalanche|p2a: N-O
|-supereffective|p2a: N-O
|-damage|p2a: N-O|0 fnt
|faint|p2a: N-O
|-ability|p1a: yurem away|Chilling Neigh|boost
|-boost|p1a: yurem away|atk|1
|
|upkeep
|
|t:|1779617806
|switch|p2a: Liberal|Tornadus-Therian, M|100/100
|turn|5
|
|t:|1779617809
|move|p2a: Liberal|Heat Wave|p1a: yurem away
|-supereffective|p1a: yurem away
|-damage|p1a: yurem away|0 fnt
|faint|p1a: yurem away
|
|upkeep
|
|t:|1779617812
|switch|p1a: steel stone|Iron Boulder|100/100
|-damage|p1a: steel stone|88/100|[from] Stealth Rock
|-enditem|p1a: steel stone|Booster Energy
|-activate|p1a: steel stone|ability: Quark Drive|[fromitem]
|-start|p1a: steel stone|quarkdrivespe
|turn|6
|
|t:|1779617820
|switch|p2a: Sebastian Stan|Hatterene, F|100/100
|move|p1a: steel stone|Mighty Cleave|p2a: Sebastian Stan
|-damage|p2a: Sebastian Stan|60/100
|-damage|p1a: steel stone|72/100|[from] item: Rocky Helmet|[of] p2a: Sebastian Stan
|
|upkeep
|turn|7
|
|t:|1779617828
|move|p1a: steel stone|Swords Dance|p1a: steel stone
|-boost|p1a: steel stone|atk|2
|move|p2a: Sebastian Stan|Draining Kiss|p1a: steel stone
|-damage|p1a: steel stone|51/100
|-heal|p2a: Sebastian Stan|76/100|[from] drain|[of] p1a: steel stone
|
|upkeep
|turn|8
|
|t:|1779617832
|move|p1a: steel stone|Mighty Cleave|p2a: Sebastian Stan
|-damage|p2a: Sebastian Stan|0 fnt
|-damage|p1a: steel stone|35/100|[from] item: Rocky Helmet|[of] p2a: Sebastian Stan
|faint|p2a: Sebastian Stan
|
|upkeep
|
|t:|1779617838
|switch|p2a: Gemini|Gliscor, F|100/100
|turn|9
|
|t:|1779617844
|move|p1a: steel stone|Mighty Cleave|p2a: Gemini
|-damage|p2a: Gemini|33/100
|move|p2a: Gemini|Knock Off|p1a: steel stone
|-supereffective|p1a: steel stone
|-damage|p1a: steel stone|0 fnt
|faint|p1a: steel stone
|-end|p1a: steel stone|Quark Drive|[silent]
|
|-status|p2a: Gemini|tox|[from] item: Toxic Orb
|upkeep
|
|t:|1779617849
|switch|p1a: ribbon|Articuno-Galar|100/100
|-damage|p1a: ribbon|76/100|[from] Stealth Rock
|turn|10
|
|t:|1779617854
|move|p2a: Gemini|Knock Off|p1a: ribbon
|-supereffective|p1a: ribbon
|-damage|p1a: ribbon|33/100
|-enditem|p1a: ribbon|Life Orb|[from] move: Knock Off|[of] p2a: Gemini
|move|p1a: ribbon|Agility|p1a: ribbon
|-boost|p1a: ribbon|spe|2
|
|-heal|p2a: Gemini|46/100 tox|[from] ability: Poison Heal
|upkeep
|turn|11
|
|t:|1779617859
|move|p1a: ribbon|Freezing Glare|p2a: Gemini
|-damage|p2a: Gemini|0 fnt
|faint|p2a: Gemini
|
|upkeep
|
|t:|1779617863
|switch|p2a: Liberal|Tornadus-Therian, M|100/100
|turn|12
|
|t:|1779617868
|move|p1a: ribbon|Freezing Glare|p2a: Liberal
|-damage|p2a: Liberal|60/100
|move|p2a: Liberal|Bleakwind Storm|p1a: ribbon
|-damage|p1a: ribbon|0 fnt
|faint|p1a: ribbon
|
|upkeep
|
|t:|1779617876
|switch|p1a: Scalivur|Ceruledge, F|100/100
|-damage|p1a: Scalivur|76/100|[from] Stealth Rock
|turn|13
|
|t:|1779617880
|move|p2a: Liberal|Bleakwind Storm|p1a: Scalivur
|-damage|p1a: Scalivur|24/100
|move|p1a: Scalivur|Bitter Blade|p2a: Liberal
|-damage|p2a: Liberal|0 fnt
|-heal|p1a: Scalivur|55/100|[from] drain|[of] p2a: Liberal
|faint|p2a: Liberal
|
|upkeep
|
|t:|1779617885
|switch|p2a: Plapdos|Zapdos|100/100
|turn|14
|
|t:|1779617889
|move|p1a: Scalivur|Destiny Bond|p1a: Scalivur
|-singlemove|p1a: Scalivur|Destiny Bond
|move|p2a: Plapdos|Hurricane|p1a: Scalivur|[miss]
|-miss|p2a: Plapdos|p1a: Scalivur
|
|upkeep
|turn|15
|
|t:|1779617893
|move|p1a: Scalivur|Bitter Blade|p2a: Plapdos
|-damage|p2a: Plapdos|66/100
|-heal|p1a: Scalivur|78/100|[from] drain|[of] p2a: Plapdos
|move|p2a: Plapdos|Thunder Wave|p1a: Scalivur
|-status|p1a: Scalivur|par
|
|upkeep
|turn|16
|
|t:|1779617900
|move|p2a: Plapdos|Roost|p2a: Plapdos
|-heal|p2a: Plapdos|100/100
|-singleturn|p2a: Plapdos|move: Roost
|move|p1a: Scalivur|Bitter Blade|p2a: Plapdos
|-damage|p2a: Plapdos|70/100
|-heal|p1a: Scalivur|98/100 par|[from] drain|[of] p2a: Plapdos
|
|upkeep
|turn|17
|
|t:|1779617906
|move|p2a: Plapdos|Hurricane|p1a: Scalivur
|-damage|p1a: Scalivur|39/100 par
|move|p1a: Scalivur|Bitter Blade|p2a: Plapdos
|-damage|p2a: Plapdos|35/100
|-heal|p1a: Scalivur|62/100 par|[from] drain|[of] p2a: Plapdos
|
|upkeep
|turn|18
|
|t:|1779617913
|move|p2a: Plapdos|Roost|p2a: Plapdos
|-heal|p2a: Plapdos|85/100
|-singleturn|p2a: Plapdos|move: Roost
|move|p1a: Scalivur|Bitter Blade|p2a: Plapdos
|-damage|p2a: Plapdos|51/100
|-heal|p1a: Scalivur|85/100 par|[from] drain|[of] p2a: Plapdos
|
|upkeep
|turn|19
|
|t:|1779617919
|move|p2a: Plapdos|Hurricane|p1a: Scalivur|[miss]
|-miss|p2a: Plapdos|p1a: Scalivur
|cant|p1a: Scalivur|par
|
|upkeep
|turn|20
|
|t:|1779617921
|move|p2a: Plapdos|Hurricane|p1a: Scalivur
|-damage|p1a: Scalivur|31/100 par
|move|p1a: Scalivur|Bitter Blade|p2a: Plapdos
|-damage|p2a: Plapdos|20/100
|-heal|p1a: Scalivur|52/100 par|[from] drain|[of] p2a: Plapdos
|
|upkeep
|turn|21
|
|t:|1779617926
|move|p2a: Plapdos|Roost|p2a: Plapdos
|-heal|p2a: Plapdos|70/100
|-singleturn|p2a: Plapdos|move: Roost
|move|p1a: Scalivur|Bitter Blade|p2a: Plapdos
|-damage|p2a: Plapdos|39/100
|-heal|p1a: Scalivur|72/100 par|[from] drain|[of] p2a: Plapdos
|
|upkeep
|turn|22
|
|t:|1779617928
|move|p2a: Plapdos|Roost|p2a: Plapdos
|-heal|p2a: Plapdos|89/100
|-singleturn|p2a: Plapdos|move: Roost
|move|p1a: Scalivur|Bitter Blade|p2a: Plapdos
|-damage|p2a: Plapdos|57/100
|-heal|p1a: Scalivur|94/100 par|[from] drain|[of] p2a: Plapdos
|
|upkeep
|turn|23
|c|☆holo-lyte|are we really doing this
|
|t:|1779617935
|move|p2a: Plapdos|Roost|p2a: Plapdos
|-heal|p2a: Plapdos|100/100
|-singleturn|p2a: Plapdos|move: Roost
|move|p1a: Scalivur|Bitter Blade|p2a: Plapdos
|-damage|p2a: Plapdos|68/100
|-heal|p1a: Scalivur|100/100 par|[from] drain|[of] p2a: Plapdos
|
|upkeep
|turn|24
|c|☆Avenastar|why not
|
|t:|1779617942
|move|p2a: Plapdos|Hurricane|p1a: Scalivur
|-damage|p1a: Scalivur|43/100 par
|-start|p1a: Scalivur|confusion
|-activate|p1a: Scalivur|confusion
|move|p1a: Scalivur|Bitter Blade|p2a: Plapdos
|-damage|p2a: Plapdos|37/100
|-heal|p1a: Scalivur|63/100 par|[from] drain|[of] p2a: Plapdos
|
|upkeep
|turn|25
|
|t:|1779617948
|move|p2a: Plapdos|Hurricane|p1a: Scalivur
|-damage|p1a: Scalivur|10/100 par
|-activate|p1a: Scalivur|confusion
|move|p1a: Scalivur|Bitter Blade|p2a: Plapdos
|-damage|p2a: Plapdos|5/100
|-heal|p1a: Scalivur|32/100 par|[from] drain|[of] p2a: Plapdos
|
|upkeep
|turn|26
|
|t:|1779617953
|move|p2a: Plapdos|Volt Switch|p1a: Scalivur
|-damage|p1a: Scalivur|0 fnt
|faint|p1a: Scalivur
|
|upkeep
|
|t:|1779617956
|switch|p1a: ground hornbill|Zapdos-Galar|100/100
|-damage|p1a: ground hornbill|88/100|[from] Stealth Rock
|turn|27
|
|t:|1779617959
|-terastallize|p1a: ground hornbill|Ground
|move|p1a: ground hornbill|Brave Bird|p2a: Plapdos
|-resisted|p2a: Plapdos
|-damage|p2a: Plapdos|0 fnt
|faint|p2a: Plapdos
|-damage|p1a: ground hornbill|86/100|[from] Recoil
|
|win|holo-lyte
|raw|holo-lyte's rating: 1205 &rarr; <strong>1229</strong><br />(+24 for winning)
|raw|Avenastar's rating: 1189 &rarr; <strong>1165</strong><br />(-24 for losing)
|l|☆Avenastar
|player|p2|
|c|☆holo-lyte|gg
|l|☆holo-lyte
|player|p1|
