|j|☆lvcinda
|j|☆Chaoticxdayz21
|inactive|Battle timer is ON: inactive players will automatically lose when time's up.
|t:|1779635817
|gametype|singles
|player|p1|lvcinda|cynthia-anime|
|player|p2|Chaoticxdayz21|firebreather|
|gen|9
|tier|[Gen 9] OU
|rated|Tournament battle
|rule|HP Percentage Mod: HP is shown in percentages
|rule|Endless Battle Clause: Forcing endless battles is banned
|rule|Species Clause: Limit one of each Pokémon
|rule|OHKO Clause: OHKO moves are banned
|rule|Evasion Items Clause: Evasion items are banned
|rule|Evasion Moves Clause: Evasion moves are banned
|rule|Evasion Abilities Clause: Evasion abilities are banned
|rule|Sleep Moves Clause: Sleep-inducing moves are banned
|raw|<div class="infobox"><details class="readmore"><summary><strong>15 custom rules:</strong></summary> -burmy, -caterpie, -combee, -kricketot, -magikarp, -scatterbug, -sunkern, -tynamo, -typenull, -weedle, -wurmple, -cosmog, -blipbug, -snom, -wynaut</details></div>
|clearpoke
|poke|p1|Flygon, F|
|poke|p1|Sinistcha-Masterpiece|
|poke|p1|Barraskewda, M|
|poke|p1|Hariyama, F|
|poke|p1|Mandibuzz, F|
|poke|p2|Grimmsnarl, M|
|poke|p2|Clawitzer, M|
|poke|p2|Cloyster, M|
|poke|p2|Sylveon, F|
|poke|p2|Kilowattrel, F|
|teampreview
|j|*Lady Monita 
|inactive|Chaoticxdayz21 also wants the timer to be on.
|
|t:|1779635832
|teamsize|p1|5
|teamsize|p2|5
|start
|switch|p1a: Hariyama|Hariyama, F|100/100
|switch|p2a: Grimmsnarl|Grimmsnarl, M|100/100
|turn|1
|
|t:|1779635836
|move|p1a: Hariyama|Fake Out|p2a: Grimmsnarl
|-damage|p2a: Grimmsnarl|82/100
|cant|p2a: Grimmsnarl|flinch
|
|-status|p1a: Hariyama|brn|[from] item: Flame Orb
|upkeep
|turn|2
|
|t:|1779635842
|move|p2a: Grimmsnarl|Reflect|p2a: Grimmsnarl
|-sidestart|p2: Chaoticxdayz21|Reflect
|move|p1a: Hariyama|Bullet Punch|p2a: Grimmsnarl
|-supereffective|p2a: Grimmsnarl
|-damage|p2a: Grimmsnarl|55/100
|
|-damage|p1a: Hariyama|94/100 brn|[from] brn
|upkeep
|turn|3
|
|t:|1779635852
|move|p2a: Grimmsnarl|Spirit Break|p1a: Hariyama
|-supereffective|p1a: Hariyama
|-damage|p1a: Hariyama|27/100 brn
|-unboost|p1a: Hariyama|spa|1
|move|p1a: Hariyama|Close Combat|p2a: Grimmsnarl
|-damage|p2a: Grimmsnarl|0 fnt
|-unboost|p1a: Hariyama|def|1
|-unboost|p1a: Hariyama|spd|1
|faint|p2a: Grimmsnarl
|
|-damage|p1a: Hariyama|21/100 brn|[from] brn
|upkeep
|j| BluLynx
|
|t:|1779635868
|switch|p2a: Sylveon|Sylveon, F|100/100
|turn|4
|
|t:|1779635885
|move|p1a: Hariyama|Bullet Punch|p2a: Sylveon
|-supereffective|p2a: Sylveon
|-damage|p2a: Sylveon|75/100
|move|p2a: Sylveon|Hyper Voice|p1a: Hariyama
|-supereffective|p1a: Hariyama
|-damage|p1a: Hariyama|0 fnt
|faint|p1a: Hariyama
|
|-heal|p2a: Sylveon|81/100|[from] item: Leftovers
|upkeep
|
|t:|1779635888
|switch|p1a: Mandibuzz|Mandibuzz, F|100/100
|turn|5
|l| BluLynx
|
|t:|1779635895
|-terastallize|p1a: Mandibuzz|Steel
|move|p1a: Mandibuzz|Toxic|p2a: Sylveon|[miss]
|-miss|p1a: Mandibuzz|p2a: Sylveon
|move|p2a: Sylveon|Hyper Beam|p1a: Mandibuzz
|-resisted|p1a: Mandibuzz
|-damage|p1a: Mandibuzz|81/100
|-mustrecharge|p2a: Sylveon
|
|-heal|p1a: Mandibuzz|88/100|[from] item: Leftovers
|-heal|p2a: Sylveon|87/100|[from] item: Leftovers
|upkeep
|turn|6
|
|t:|1779635904
|move|p1a: Mandibuzz|Toxic|p2a: Sylveon
|-status|p2a: Sylveon|tox
|cant|p2a: Sylveon|recharge
|
|-heal|p1a: Mandibuzz|94/100|[from] item: Leftovers
|-heal|p2a: Sylveon|93/100 tox|[from] item: Leftovers
|-damage|p2a: Sylveon|87/100 tox|[from] psn
|upkeep
|turn|7
|
|t:|1779635915
|switch|p2a: Clawitzer|Clawitzer, M|100/100
|move|p1a: Mandibuzz|Iron Defense|p1a: Mandibuzz
|-boost|p1a: Mandibuzz|def|2
|
|-heal|p1a: Mandibuzz|99/100|[from] item: Leftovers
|upkeep
|turn|8
|
|t:|1779635921
|switch|p1a: Sinistcha|Sinistcha-Masterpiece|100/100
|move|p2a: Clawitzer|Aura Sphere|p1a: Sinistcha
|-immune|p1a: Sinistcha
|
|upkeep
|turn|9
|j|^Baddieprathikmon
|l|^Baddieprathikmon
|
|t:|1779635930
|move|p1a: Sinistcha|Matcha Gotcha|p2a: Clawitzer
|-supereffective|p2a: Clawitzer
|-damage|p2a: Clawitzer|43/100
|-status|p2a: Clawitzer|brn
|move|p2a: Clawitzer|Dark Pulse|p1a: Sinistcha
|-supereffective|p1a: Sinistcha
|-damage|p1a: Sinistcha|17/100
|
|-heal|p1a: Sinistcha|23/100|[from] item: Leftovers
|-damage|p2a: Clawitzer|37/100 brn|[from] brn
|-sideend|p2: Chaoticxdayz21|Reflect
|upkeep
|turn|10
|
|t:|1779635941
|move|p1a: Sinistcha|Matcha Gotcha|p2a: Clawitzer
|-supereffective|p2a: Clawitzer
|-damage|p2a: Clawitzer|0 fnt
|-heal|p1a: Sinistcha|41/100|[from] drain|[of] p2a: Clawitzer
|faint|p2a: Clawitzer
|
|-heal|p1a: Sinistcha|47/100|[from] item: Leftovers
|upkeep
|
|t:|1779635945
|switch|p2a: Kilowattrel|Kilowattrel, F|100/100
|turn|11
|
|t:|1779635950
|switch|p1a: Flygon|Flygon, F|100/100
|move|p2a: Kilowattrel|Hurricane|p1a: Flygon|[miss]
|-miss|p2a: Kilowattrel|p1a: Flygon
|
|upkeep
|turn|12
|
|t:|1779635954
|move|p2a: Kilowattrel|Hurricane|p1a: Flygon
|-damage|p1a: Flygon|39/100
|move|p1a: Flygon|Dragon Claw|p2a: Kilowattrel
|-damage|p2a: Kilowattrel|2/100
|-damage|p1a: Flygon|29/100|[from] item: Life Orb
|
|upkeep
|turn|13
|
|t:|1779635975
|switch|p1a: Sinistcha|Sinistcha-Masterpiece|47/100
|move|p2a: Kilowattrel|Hurricane|p1a: Sinistcha
|-supereffective|p1a: Sinistcha
|-damage|p1a: Sinistcha|0 fnt
|faint|p1a: Sinistcha
|
|upkeep
|
|t:|1779635977
|switch|p1a: Flygon|Flygon, F|29/100
|turn|14
|
|t:|1779635983
|move|p1a: Flygon|First Impression|p2a: Kilowattrel
|-resisted|p2a: Kilowattrel
|-damage|p2a: Kilowattrel|0 fnt
|faint|p2a: Kilowattrel
|-damage|p1a: Flygon|19/100|[from] item: Life Orb
|
|upkeep
|
|t:|1779635988
|switch|p2a: Cloyster|Cloyster, M|100/100
|turn|15
|
|t:|1779635998
|move|p1a: Flygon|Earthquake|p2a: Cloyster
|-damage|p2a: Cloyster|45/100
|-damage|p1a: Flygon|9/100|[from] item: Life Orb
|move|p2a: Cloyster|Shell Smash|p2a: Cloyster
|-unboost|p2a: Cloyster|def|1
|-unboost|p2a: Cloyster|spd|1
|-boost|p2a: Cloyster|atk|2
|-boost|p2a: Cloyster|spa|2
|-boost|p2a: Cloyster|spe|2
|-enditem|p2a: Cloyster|White Herb
|-clearnegativeboost|p2a: Cloyster|[silent]
|
|upkeep
|turn|16
|
|t:|1779636010
|move|p2a: Cloyster|Icicle Spear|p1a: Flygon
|-supereffective|p1a: Flygon
|-damage|p1a: Flygon|0 fnt
|faint|p1a: Flygon
|-hitcount|p1: Flygon|1
|
|upkeep
|
|t:|1779636012
|switch|p1a: Mandibuzz|Mandibuzz, F, tera:Steel|99/100
|turn|17
|j| janeofalltrades
|
|t:|1779636022
|move|p2a: Cloyster|Drill Run|p1a: Mandibuzz
|-supereffective|p1a: Mandibuzz
|-damage|p1a: Mandibuzz|21/100
|move|p1a: Mandibuzz|Foul Play|p2a: Cloyster
|-damage|p2a: Cloyster|0 fnt
|faint|p2a: Cloyster
|
|-heal|p1a: Mandibuzz|27/100|[from] item: Leftovers
|upkeep
|l| janeofalltrades
|
|t:|1779636025
|switch|p2a: Sylveon|Sylveon, F|87/100 tox
|turn|18
|
|t:|1779636029
|move|p1a: Mandibuzz|Roost|p1a: Mandibuzz
|-heal|p1a: Mandibuzz|77/100
|move|p2a: Sylveon|Hyper Voice|p1a: Mandibuzz
|-resisted|p1a: Mandibuzz
|-damage|p1a: Mandibuzz|64/100
|
|-heal|p1a: Mandibuzz|70/100|[from] item: Leftovers
|-heal|p2a: Sylveon|93/100 tox|[from] item: Leftovers
|-damage|p2a: Sylveon|87/100 tox|[from] psn
|upkeep
|turn|19
|c|☆Chaoticxdayz21|damn gg
|
|t:|1779636038
|move|p1a: Mandibuzz|Roost|p1a: Mandibuzz
|-heal|p1a: Mandibuzz|100/100
|move|p2a: Sylveon|Hyper Voice|p1a: Mandibuzz
|-resisted|p1a: Mandibuzz
|-damage|p1a: Mandibuzz|88/100
|
|-heal|p1a: Mandibuzz|94/100|[from] item: Leftovers
|-heal|p2a: Sylveon|93/100 tox|[from] item: Leftovers
|-damage|p2a: Sylveon|81/100 tox|[from] psn
|upkeep
|turn|20
|
|t:|1779636043
|move|p1a: Mandibuzz|Foul Play|p2a: Sylveon
|-resisted|p2a: Sylveon
|-crit|p2a: Sylveon
|-damage|p2a: Sylveon|65/100 tox
|move|p2a: Sylveon|Wish|p2a: Sylveon
|
|-heal|p1a: Mandibuzz|99/100|[from] item: Leftovers
|-heal|p2a: Sylveon|72/100 tox|[from] item: Leftovers
|-damage|p2a: Sylveon|53/100 tox|[from] psn
|upkeep
|turn|21
|
|t:|1779636046
|move|p1a: Mandibuzz|Foul Play|p2a: Sylveon
|-resisted|p2a: Sylveon
|-damage|p2a: Sylveon|43/100 tox
|move|p2a: Sylveon|Hyper Voice|p1a: Mandibuzz
|-resisted|p1a: Mandibuzz
|-damage|p1a: Mandibuzz|87/100
|
|-heal|p2a: Sylveon|93/100 tox|[from] move: Wish|[wisher] Sylveon
|-heal|p1a: Mandibuzz|93/100|[from] item: Leftovers
|-heal|p2a: Sylveon|99/100 tox|[from] item: Leftovers
|-damage|p2a: Sylveon|74/100 tox|[from] psn
|upkeep
|turn|22
|
|t:|1779636049
|move|p1a: Mandibuzz|Foul Play|p2a: Sylveon
|-resisted|p2a: Sylveon
|-damage|p2a: Sylveon|63/100 tox
|move|p2a: Sylveon|Wish|p2a: Sylveon
|
|-heal|p1a: Mandibuzz|99/100|[from] item: Leftovers
|-heal|p2a: Sylveon|69/100 tox|[from] item: Leftovers
|-damage|p2a: Sylveon|39/100 tox|[from] psn
|upkeep
|turn|23
|
|t:|1779636054
|move|p2a: Sylveon|Protect|p2a: Sylveon
|-singleturn|p2a: Sylveon|Protect
|move|p1a: Mandibuzz|Foul Play|p2a: Sylveon
|-activate|p2a: Sylveon|move: Protect
|
|-heal|p2a: Sylveon|89/100 tox|[from] move: Wish|[wisher] Sylveon
|-heal|p1a: Mandibuzz|100/100|[from] item: Leftovers
|-heal|p2a: Sylveon|95/100 tox|[from] item: Leftovers
|-damage|p2a: Sylveon|58/100 tox|[from] psn
|upkeep
|turn|24
|
|t:|1779636057
|move|p1a: Mandibuzz|Foul Play|p2a: Sylveon
|-resisted|p2a: Sylveon
|-damage|p2a: Sylveon|48/100 tox
|move|p2a: Sylveon|Hyper Beam|p1a: Mandibuzz
|-resisted|p1a: Mandibuzz
|-damage|p1a: Mandibuzz|82/100
|-mustrecharge|p2a: Sylveon
|
|-heal|p1a: Mandibuzz|88/100|[from] item: Leftovers
|-heal|p2a: Sylveon|55/100 tox|[from] item: Leftovers
|-damage|p2a: Sylveon|12/100 tox|[from] psn
|upkeep
|turn|25
|
|t:|1779636059
|move|p1a: Mandibuzz|Foul Play|p2a: Sylveon
|-resisted|p2a: Sylveon
|-damage|p2a: Sylveon|2/100 tox
|cant|p2a: Sylveon|recharge
|
|-heal|p1a: Mandibuzz|94/100|[from] item: Leftovers
|-heal|p2a: Sylveon|8/100 tox|[from] item: Leftovers
|-damage|p2a: Sylveon|0 fnt|[from] psn
|faint|p2a: Sylveon
|
|win|lvcinda
|n|☆lvcinda|lvcinda
|n|☆Chaoticxdayz21|chaoticxdayz21
|n|*Lady Monita |ladymonita
