|j|☆Hunter_of_Keys
|j|☆tryingnfailing
|t:|1779662529
|gametype|singles
|player|p1|Hunter_of_Keys|veteran|1582
|player|p2|tryingnfailing|boarder|1572
|gen|9
|tier|[Gen 9] OU
|rated|
|rule|HP Percentage Mod: HP is shown in percentages
|rule|Endless Battle Clause: Forcing endless battles is banned
|rule|Species Clause: Limit one of each Pokémon
|rule|OHKO Clause: OHKO moves are banned
|rule|Evasion Items Clause: Evasion items are banned
|rule|Evasion Moves Clause: Evasion moves are banned
|rule|Evasion Abilities Clause: Evasion abilities are banned
|rule|Sleep Moves Clause: Sleep-inducing moves are banned
|clearpoke
|poke|p1|Gallade, M|
|poke|p1|Armarouge, F|
|poke|p1|Indeedee, M|
|poke|p1|Cresselia, F|
|poke|p1|Rabsca, M|
|poke|p1|Braviary-Hisui, M|
|poke|p2|Cinderace, M|
|poke|p2|Torkoal, M|
|poke|p2|Walking Wake|
|poke|p2|Raging Bolt|
|poke|p2|Lilligant-Hisui, F|
|poke|p2|Hatterene, F|
|teampreview
|inactive|Battle timer is ON: inactive players will automatically lose when time's up. (requested by Hunter_of_Keys)
|
|t:|1779662533
|teamsize|p1|6
|teamsize|p2|6
|start
|switch|p1a: Indeedee|Indeedee, M|100/100
|switch|p2a: Torkoal|Torkoal, M|100/100
|-fieldstart|move: Psychic Terrain|[from] ability: Psychic Surge|[of] p1a: Indeedee
|-weather|SunnyDay|[from] ability: Drought|[of] p2a: Torkoal
|turn|1
|
|t:|1779662537
|switch|p1a: Armarouge|Armarouge, F|100/100
|switch|p2a: Hatterene|Hatterene, F|100/100
|
|-weather|SunnyDay|[upkeep]
|upkeep
|turn|2
|
|t:|1779662540
|move|p1a: Armarouge|Armor Cannon|p2a: Hatterene
|-damage|p2a: Hatterene|12/100
|-unboost|p1a: Armarouge|def|1
|-unboost|p1a: Armarouge|spd|1
|-enditem|p2a: Hatterene|Eject Button
|
|t:|1779662545
|switch|p2a: Walking Wake|Walking Wake|100/100
|-activate|p2a: Walking Wake|ability: Protosynthesis
|-start|p2a: Walking Wake|protosynthesisspa
|
|-weather|SunnyDay|[upkeep]
|upkeep
|turn|3
|inactive|Hunter_of_Keys has 120 seconds left.
|inactive|Hunter_of_Keys has 90 seconds left.
|
|t:|1779662622
|switch|p1a: Cresselia|Cresselia, F|100/100
|-terastallize|p2a: Walking Wake|Water
|move|p2a: Walking Wake|Hydro Steam|p1a: Cresselia
|-damage|p1a: Cresselia|35/100
|
|-weather|SunnyDay|[upkeep]
|upkeep
|turn|4
|
|t:|1779662627
|move|p2a: Walking Wake|Hydro Steam|p1a: Cresselia
|-damage|p1a: Cresselia|0 fnt
|faint|p1a: Cresselia
|
|-weather|SunnyDay|[upkeep]
|upkeep
|
|t:|1779662636
|switch|p1a: Gallade|Gallade, M|100/100
|turn|5
|
|t:|1779662642
|move|p2a: Walking Wake|Hydro Steam|p1a: Gallade
|-enditem|p1a: Gallade|Focus Sash
|-damage|p1a: Gallade|1/100
|move|p1a: Gallade|Psycho Cut|p2a: Walking Wake
|-crit|p2a: Walking Wake
|-damage|p2a: Walking Wake|0 fnt
|faint|p2a: Walking Wake
|-end|p2a: Walking Wake|Protosynthesis|[silent]
|
|-weather|SunnyDay|[upkeep]
|upkeep
|
|t:|1779662649
|switch|p2a: Lilligant|Lilligant-Hisui, F|100/100
|turn|6
|
|t:|1779662659
|switch|p1a: Armarouge|Armarouge, F|100/100
|move|p2a: Lilligant|Solar Blade||[still]
|-prepare|p2a: Lilligant|Solar Blade
|-anim|p2a: Lilligant|Solar Blade|p1a: Armarouge
|-resisted|p1a: Armarouge
|-damage|p1a: Armarouge|54/100
|-ability|p1a: Armarouge|Weak Armor|boost
|-unboost|p1a: Armarouge|def|1
|-boost|p1a: Armarouge|spe|2
|-damage|p2a: Lilligant|91/100|[from] item: Life Orb
|
|-weather|SunnyDay|[upkeep]
|upkeep
|turn|7
|
|t:|1779662669
|move|p1a: Armarouge|Endure|p1a: Armarouge
|-singleturn|p1a: Armarouge|move: Endure
|move|p2a: Lilligant|Solar Blade||[still]
|-prepare|p2a: Lilligant|Solar Blade
|-anim|p2a: Lilligant|Solar Blade|p1a: Armarouge
|-resisted|p1a: Armarouge
|-activate|p1a: Armarouge|move: Endure
|-damage|p1a: Armarouge|1/100
|-ability|p1a: Armarouge|Weak Armor|boost
|-unboost|p1a: Armarouge|def|1
|-boost|p1a: Armarouge|spe|2
|-damage|p2a: Lilligant|81/100|[from] item: Life Orb
|
|-weather|SunnyDay|[upkeep]
|upkeep
|turn|8
|
|t:|1779662674
|switch|p2a: Torkoal|Torkoal, M|100/100
|move|p1a: Armarouge|Expanding Force|p2a: Torkoal
|-damage|p2a: Torkoal|34/100
|
|-weather|none
|-fieldend|move: Psychic Terrain
|upkeep
|turn|9
|
|t:|1779662679
|switch|p2a: Hatterene|Hatterene, F|12/100
|move|p1a: Armarouge|Expanding Force|p2a: Hatterene
|-resisted|p2a: Hatterene
|-damage|p2a: Hatterene|0 fnt
|faint|p2a: Hatterene
|
|upkeep
|
|t:|1779662681
|switch|p2a: Raging Bolt|Raging Bolt|100/100
|turn|10
|
|t:|1779662689
|switch|p1a: Indeedee|Indeedee, M|100/100
|-fieldstart|move: Psychic Terrain|[from] ability: Psychic Surge|[of] p1a: Indeedee
|move|p2a: Raging Bolt|Thunderclap||[still]
|-fail|p2a: Raging Bolt
|
|upkeep
|turn|11
|
|t:|1779662698
|-end|p2a: Raging Bolt|Protosynthesis|[silent]
|switch|p2a: Torkoal|Torkoal, M|34/100
|-weather|SunnyDay|[from] ability: Drought|[of] p2a: Torkoal
|move|p1a: Indeedee|Expanding Force|p2a: Torkoal
|-damage|p2a: Torkoal|0 fnt
|faint|p2a: Torkoal
|
|-weather|SunnyDay|[upkeep]
|upkeep
|
|t:|1779662707
|switch|p2a: Cinderace|Cinderace, M|100/100
|turn|12
|
|t:|1779662716
|switch|p1a: Braviary|Braviary-Hisui, M|100/100
|-enditem|p1a: Braviary|Psychic Seed
|-boost|p1a: Braviary|spd|1|[from] item: Psychic Seed
|move|p2a: Cinderace|Endure||[still]
|-fail|p2a: Cinderace
|
|-weather|SunnyDay|[upkeep]
|upkeep
|turn|13
|
|t:|1779662723
|move|p2a: Cinderace|Pyro Ball|p1a: Braviary
|-damage|p1a: Braviary|33/100
|move|p1a: Braviary|Psychic Noise|p2a: Cinderace
|-damage|p2a: Cinderace|56/100
|-start|p2a: Cinderace|move: Heal Block
|
|-weather|SunnyDay|[upkeep]
|upkeep
|turn|14
|
|t:|1779662726
|move|p2a: Cinderace|Pyro Ball|p1a: Braviary
|-damage|p1a: Braviary|0 fnt
|faint|p1a: Braviary
|
|-weather|SunnyDay|[upkeep]
|-end|p2a: Cinderace|move: Heal Block
|upkeep
|
|t:|1779662729
|switch|p1a: Rabsca|Rabsca, M|100/100
|turn|15
|
|t:|1779662732
|-terastallize|p1a: Rabsca|Water
|move|p2a: Cinderace|Pyro Ball|p1a: Rabsca
|-resisted|p1a: Rabsca
|-damage|p1a: Rabsca|66/100
|move|p1a: Rabsca|Speed Swap|p2a: Cinderace
|-activate|p1a: Rabsca|move: Speed Swap|[of] p2a: Cinderace
|
|-weather|SunnyDay|[upkeep]
|upkeep
|turn|16
|
|t:|1779662738
|switch|p2a: Lilligant|Lilligant-Hisui, F|81/100
|move|p1a: Rabsca|Revival Blessing|p1a: Rabsca
|-enditem|p1a: Rabsca|Leppa Berry|[eat]
|-activate|p1a: Rabsca|item: Leppa Berry|Revival Blessing|[consumed]
|
|t:|1779662743
|-heal|p1: Cresselia|50/100|[from] move: Revival Blessing
|
|-weather|SunnyDay|[upkeep]
|upkeep
|turn|17
|
|t:|1779662747
|move|p2a: Lilligant|Solar Blade||[still]
|-prepare|p2a: Lilligant|Solar Blade
|-anim|p2a: Lilligant|Solar Blade|p1a: Rabsca
|-supereffective|p1a: Rabsca
|-damage|p1a: Rabsca|0 fnt
|faint|p1a: Rabsca
|-damage|p2a: Lilligant|71/100|[from] item: Life Orb
|
|-weather|SunnyDay|[upkeep]
|-fieldend|move: Psychic Terrain
|upkeep
|
|t:|1779662755
|switch|p1a: Cresselia|Cresselia, F|50/100
|turn|18
|
|t:|1779662759
|move|p2a: Lilligant|Solar Blade||[still]
|-prepare|p2a: Lilligant|Solar Blade
|-anim|p2a: Lilligant|Solar Blade|p1a: Cresselia
|-crit|p1a: Cresselia
|-damage|p1a: Cresselia|0 fnt
|-damage|p2a: Lilligant|54/100|[from] item: Rocky Helmet|[of] p1a: Cresselia
|faint|p1a: Cresselia
|-damage|p2a: Lilligant|45/100|[from] item: Life Orb
|
|-weather|none
|upkeep
|
|t:|1779662768
|switch|p1a: Armarouge|Armarouge, F|1/100
|turn|19
|
|t:|1779662771
|move|p1a: Armarouge|Endure|p1a: Armarouge
|-singleturn|p1a: Armarouge|move: Endure
|move|p2a: Lilligant|Close Combat|p1a: Armarouge
|-resisted|p1a: Armarouge
|-activate|p1a: Armarouge|move: Endure
|-damage|p1a: Armarouge|1/100
|-unboost|p2a: Lilligant|def|1
|-unboost|p2a: Lilligant|spd|1
|-ability|p1a: Armarouge|Weak Armor|boost
|-unboost|p1a: Armarouge|def|1
|-boost|p1a: Armarouge|spe|2
|-damage|p2a: Lilligant|35/100|[from] item: Life Orb
|
|upkeep
|turn|20
|
|t:|1779662775
|move|p1a: Armarouge|Armor Cannon|p2a: Lilligant
|-supereffective|p2a: Lilligant
|-damage|p2a: Lilligant|0 fnt
|-unboost|p1a: Armarouge|def|1
|-unboost|p1a: Armarouge|spd|1
|faint|p2a: Lilligant
|
|upkeep
|
|t:|1779662777
|switch|p2a: Raging Bolt|Raging Bolt|100/100
|turn|21
|
|t:|1779662784
|switch|p1a: Gallade|Gallade, M|1/100
|move|p2a: Raging Bolt|Thunderbolt|p1a: Gallade
|-damage|p1a: Gallade|0 fnt
|faint|p1a: Gallade
|-damage|p2a: Raging Bolt|91/100|[from] item: Life Orb
|
|upkeep
|
|t:|1779662789
|switch|p1a: Indeedee|Indeedee, M|100/100
|-fieldstart|move: Psychic Terrain|[from] ability: Psychic Surge|[of] p1a: Indeedee
|turn|22
|
|t:|1779662798
|move|p1a: Indeedee|Psychic Noise|p2a: Raging Bolt
|-damage|p2a: Raging Bolt|49/100
|-start|p2a: Raging Bolt|move: Heal Block
|move|p2a: Raging Bolt|Thunderbolt|p1a: Indeedee
|-damage|p1a: Indeedee|4/100
|-damage|p2a: Raging Bolt|39/100|[from] item: Life Orb
|
|upkeep
|turn|23
|
|t:|1779662806
|move|p1a: Indeedee|Healing Wish|p1a: Indeedee
|faint|p1a: Indeedee
|move|p2a: Raging Bolt|Thunderbolt|p1: Indeedee|[notarget]
|-fail|p2a: Raging Bolt
|
|-end|p2a: Raging Bolt|move: Heal Block
|upkeep
|
|t:|1779662809
|switch|p1a: Armarouge|Armarouge, F|1/100
|-heal|p1a: Armarouge|100/100|[from] move: Healing Wish
|turn|24
|
|t:|1779662812
|move|p1a: Armarouge|Expanding Force|p2a: Raging Bolt
|-damage|p2a: Raging Bolt|0 fnt
|faint|p2a: Raging Bolt
|-end|p2a: Raging Bolt|Protosynthesis|[silent]
|
|upkeep
|
|t:|1779662813
|switch|p2a: Cinderace|Cinderace, M|56/100
|turn|25
|
|t:|1779662820
|move|p2a: Cinderace|Endure|p2a: Cinderace
|-singleturn|p2a: Cinderace|move: Endure
|move|p1a: Armarouge|Expanding Force|p2a: Cinderace
|-activate|p2a: Cinderace|move: Endure
|-damage|p2a: Cinderace|1/100
|-enditem|p2a: Cinderace|Salac Berry|[eat]
|-boost|p2a: Cinderace|spe|1|[from] item: Salac Berry
|
|upkeep
|turn|26
|
|t:|1779662824
|move|p2a: Cinderace|Pyro Ball|p1a: Armarouge
|-resisted|p1a: Armarouge
|-damage|p1a: Armarouge|50/100
|-ability|p1a: Armarouge|Weak Armor|boost
|-unboost|p1a: Armarouge|def|1
|-boost|p1a: Armarouge|spe|2
|move|p1a: Armarouge|Expanding Force|p2a: Cinderace
|-damage|p2a: Cinderace|0 fnt
|faint|p2a: Cinderace
|
|win|Hunter_of_Keys
|raw|Hunter_of_Keys's rating: 1582 &rarr; <strong>1601</strong><br />(+19 for winning)
|raw|tryingnfailing's rating: 1572 &rarr; <strong>1553</strong><br />(-19 for losing)
|l|☆tryingnfailing
|player|p2|
|l|☆Hunter_of_Keys
|player|p1|
