|j|☆Mr.X&Y97
|j|☆Clueless Mann
|t:|1779681584
|gametype|singles
|player|p1|Mr.X&Y97|ingo|1568
|player|p2|Clueless Mann|psychic-gen4|1488
|gen|9
|tier|[Gen 9] OU
|rated|
|rule|HP Percentage Mod: HP is shown in percentages
|rule|Endless Battle Clause: Forcing endless battles is banned
|rule|Species Clause: Limit one of each Pokémon
|rule|OHKO Clause: OHKO moves are banned
|rule|Evasion Items Clause: Evasion items are banned
|rule|Evasion Moves Clause: Evasion moves are banned
|rule|Evasion Abilities Clause: Evasion abilities are banned
|rule|Sleep Moves Clause: Sleep-inducing moves are banned
|clearpoke
|poke|p1|Braviary-Hisui, M|
|poke|p1|Zamazenta-*|
|poke|p1|Raging Bolt|
|poke|p1|Hatterene, F|
|poke|p1|Gholdengo|
|poke|p1|Darkrai|
|poke|p2|Ogerpon-Wellspring, F|
|poke|p2|Great Tusk|
|poke|p2|Clefable, F|
|poke|p2|Pecharunt|
|poke|p2|Heatran, F|
|poke|p2|Samurott-Hisui, F|
|teampreview
|inactive|Battle timer is ON: inactive players will automatically lose when time's up. (requested by Mr.X&Y97)
|
|t:|1779681605
|teamsize|p1|6
|teamsize|p2|6
|start
|switch|p1a: Zamazenta|Zamazenta|100/100
|switch|p2a: Samurott|Samurott-Hisui, F|100/100
|-ability|p1a: Zamazenta|Dauntless Shield|boost
|-boost|p1a: Zamazenta|def|1
|turn|1
|
|t:|1779681623
|switch|p2a: Clefable|Clefable, F|100/100
|move|p1a: Zamazenta|Close Combat|p2a: Clefable
|-resisted|p2a: Clefable
|-damage|p2a: Clefable|83/100
|-unboost|p1a: Zamazenta|def|1
|-unboost|p1a: Zamazenta|spd|1
|
|upkeep
|turn|2
|
|t:|1779681626
|move|p1a: Zamazenta|Light Screen|p1a: Zamazenta
|-sidestart|p1: Mr.X&Y97|move: Light Screen
|move|p2a: Clefable|Thunder Wave|p1a: Zamazenta
|-status|p1a: Zamazenta|par
|
|upkeep
|turn|3
|
|t:|1779681630
|move|p1a: Zamazenta|Reflect|p1a: Zamazenta
|-sidestart|p1: Mr.X&Y97|Reflect
|move|p2a: Clefable|Calm Mind|p2a: Clefable
|-boost|p2a: Clefable|spa|1
|-boost|p2a: Clefable|spd|1
|
|upkeep
|turn|4
|
|t:|1779681634
|move|p2a: Clefable|Thunder Wave|p1a: Zamazenta
|-fail|p1a: Zamazenta|par
|move|p1a: Zamazenta|Roar|p2a: Clefable
|drag|p2a: Great Tusk|Great Tusk|100/100
|
|upkeep
|turn|5
|
|t:|1779681643
|-end|p2a: Great Tusk|Protosynthesis|[silent]
|switch|p2a: Clefable|Clefable, F|83/100
|switch|p1a: Hatterene|Hatterene, F|100/100
|
|upkeep
|turn|6
|
|t:|1779681651
|switch|p2a: Samurott|Samurott-Hisui, F|100/100
|move|p1a: Hatterene|Nuzzle|p2a: Samurott
|-supereffective|p2a: Samurott
|-damage|p2a: Samurott|91/100
|-status|p2a: Samurott|par
|
|upkeep
|turn|7
|
|t:|1779681655
|move|p2a: Samurott|Ceaseless Edge|p1a: Hatterene
|-damage|p1a: Hatterene|79/100
|-sidestart|p1: Mr.X&Y97|Spikes
|move|p1a: Hatterene|Calm Mind|p1a: Hatterene
|-boost|p1a: Hatterene|spa|1
|-boost|p1a: Hatterene|spd|1
|
|-heal|p1a: Hatterene|85/100|[from] item: Leftovers
|upkeep
|turn|8
|
|t:|1779681660
|move|p2a: Samurott|Knock Off|p1a: Hatterene
|-damage|p1a: Hatterene|67/100
|-enditem|p1a: Hatterene|Leftovers|[from] move: Knock Off|[of] p2a: Samurott
|move|p1a: Hatterene|Calm Mind|p1a: Hatterene
|-boost|p1a: Hatterene|spa|1
|-boost|p1a: Hatterene|spd|1
|
|upkeep
|turn|9
|
|t:|1779681667
|move|p2a: Samurott|Encore|p1a: Hatterene
|move|p1a: Hatterene|Encore||[from] ability: Magic Bounce|[still]
|-fail|p1a: Hatterene
|move|p1a: Hatterene|Draining Kiss|p2a: Samurott
|-supereffective|p2a: Samurott
|-damage|p2a: Samurott|0 fnt
|-heal|p1a: Hatterene|100/100|[from] drain|[of] p2a: Samurott
|faint|p2a: Samurott
|
|-sideend|p1: Mr.X&Y97|move: Light Screen
|upkeep
|
|t:|1779681687
|switch|p2a: Clefable|Clefable, F|83/100
|turn|10
|
|t:|1779681690
|move|p2a: Clefable|Calm Mind|p2a: Clefable
|-boost|p2a: Clefable|spa|1
|-boost|p2a: Clefable|spd|1
|move|p1a: Hatterene|Nuzzle|p2a: Clefable
|-damage|p2a: Clefable|80/100
|-status|p2a: Clefable|par
|
|-sideend|p1: Mr.X&Y97|Reflect
|upkeep
|turn|11
|
|t:|1779681693
|move|p1a: Hatterene|Calm Mind|p1a: Hatterene
|-boost|p1a: Hatterene|spa|1
|-boost|p1a: Hatterene|spd|1
|cant|p2a: Clefable|par
|
|upkeep
|turn|12
|
|t:|1779681698
|move|p1a: Hatterene|Psyshock|p2a: Clefable
|-damage|p2a: Clefable|54/100 par
|cant|p2a: Clefable|par
|
|upkeep
|turn|13
|
|t:|1779681704
|move|p1a: Hatterene|Psyshock|p2a: Clefable
|-crit|p2a: Clefable
|-damage|p2a: Clefable|11/100 par
|move|p2a: Clefable|Moonblast|p1a: Hatterene
|-damage|p1a: Hatterene|52/100
|
|upkeep
|turn|14
|
|t:|1779681710
|move|p1a: Hatterene|Psyshock|p2a: Clefable
|-damage|p2a: Clefable|0 fnt
|faint|p2a: Clefable
|
|upkeep
|
|t:|1779681714
|switch|p2a: Ogerpon|Ogerpon-Wellspring, F|100/100
|turn|15
|
|t:|1779681721
|-terastallize|p2a: Ogerpon|Water
|detailschange|p2a: Ogerpon|Ogerpon-Wellspring-Tera, F, tera:Water
|-ability|p2a: Ogerpon|Embody Aspect (Wellspring)|boost
|-boost|p2a: Ogerpon|spd|1
|move|p2a: Ogerpon|Ivy Cudgel|p1a: Hatterene|[anim] Ivy Cudgel Water
|-damage|p1a: Hatterene|0 fnt
|faint|p1a: Hatterene
|
|upkeep
|
|t:|1779681732
|switch|p1a: Raging Bolt|Raging Bolt|100/100
|-damage|p1a: Raging Bolt|88/100|[from] Spikes
|-enditem|p1a: Raging Bolt|Booster Energy
|-activate|p1a: Raging Bolt|ability: Protosynthesis|[fromitem]
|-start|p1a: Raging Bolt|protosynthesisspa
|turn|16
|
|t:|1779681739
|switch|p2a: Great Tusk|Great Tusk|100/100
|move|p1a: Raging Bolt|Thunderbolt|p2a: Great Tusk
|-immune|p2a: Great Tusk
|
|upkeep
|turn|17
|
|t:|1779681752
|-terastallize|p1a: Raging Bolt|Ghost
|move|p2a: Great Tusk|Stone Edge|p1a: Raging Bolt
|-damage|p1a: Raging Bolt|54/100
|move|p1a: Raging Bolt|Dragon Pulse|p2a: Great Tusk
|-crit|p2a: Great Tusk
|-damage|p2a: Great Tusk|0 fnt
|faint|p2a: Great Tusk
|-end|p2a: Great Tusk|Protosynthesis|[silent]
|
|upkeep
|
|t:|1779681764
|switch|p2a: Pecharunt|Pecharunt|100/100
|turn|18
|
|t:|1779681769
|move|p2a: Pecharunt|Shadow Ball|p1a: Raging Bolt
|-supereffective|p1a: Raging Bolt
|-damage|p1a: Raging Bolt|0 fnt
|faint|p1a: Raging Bolt
|-end|p1a: Raging Bolt|Protosynthesis|[silent]
|
|upkeep
|
|t:|1779681781
|switch|p1a: Zamazenta|Zamazenta|100/100 par
|-damage|p1a: Zamazenta|88/100 par|[from] Spikes
|turn|19
|
|t:|1779681792
|move|p2a: Pecharunt|Nasty Plot|p2a: Pecharunt
|-boost|p2a: Pecharunt|spa|2
|move|p1a: Zamazenta|Light Screen|p1a: Zamazenta
|-sidestart|p1: Mr.X&Y97|move: Light Screen
|
|upkeep
|turn|20
|
|t:|1779681801
|move|p2a: Pecharunt|Malignant Chain|p1a: Zamazenta
|-damage|p1a: Zamazenta|56/100 par
|move|p1a: Zamazenta|Roar|p2a: Pecharunt
|drag|p2a: Heatran|Heatran, F|100/100
|
|upkeep
|turn|21
|
|t:|1779681814
|move|p1a: Zamazenta|Reflect|p1a: Zamazenta
|-sidestart|p1: Mr.X&Y97|Reflect
|move|p2a: Heatran|Magma Storm|p1a: Zamazenta|[miss]
|-miss|p2a: Heatran|p1a: Zamazenta
|
|upkeep
|turn|22
|
|t:|1779681817
|move|p1a: Zamazenta|Close Combat|p2a: Heatran
|-supereffective|p2a: Heatran
|-damage|p2a: Heatran|24/100
|-unboost|p1a: Zamazenta|def|1
|-unboost|p1a: Zamazenta|spd|1
|move|p2a: Heatran|Stealth Rock|p1a: Zamazenta
|-sidestart|p1: Mr.X&Y97|move: Stealth Rock
|
|-heal|p2a: Heatran|31/100|[from] item: Leftovers
|upkeep
|turn|23
|
|t:|1779681829
|switch|p1a: Darkrai|Darkrai|100/100
|-damage|p1a: Darkrai|88/100|[from] Spikes
|-damage|p1a: Darkrai|76/100|[from] Stealth Rock
|switch|p2a: Pecharunt|Pecharunt|100/100
|
|-heal|p1a: Darkrai|82/100|[from] item: Leftovers
|upkeep
|turn|24
|
|t:|1779681839
|switch|p2a: Heatran|Heatran, F|31/100
|move|p1a: Darkrai|Dark Pulse|p2a: Heatran
|-damage|p2a: Heatran|3/100
|
|-heal|p1a: Darkrai|88/100|[from] item: Leftovers
|-heal|p2a: Heatran|9/100|[from] item: Leftovers
|upkeep
|turn|25
|
|t:|1779681847
|move|p1a: Darkrai|Nasty Plot|p1a: Darkrai
|-boost|p1a: Darkrai|spa|2
|move|p2a: Heatran|Will-O-Wisp|p1a: Darkrai
|-status|p1a: Darkrai|brn
|
|-heal|p1a: Darkrai|94/100 brn|[from] item: Leftovers
|-heal|p2a: Heatran|16/100|[from] item: Leftovers
|-damage|p1a: Darkrai|88/100 brn|[from] brn
|upkeep
|turn|26
|
|t:|1779681854
|move|p1a: Darkrai|Dark Pulse|p2a: Heatran
|-damage|p2a: Heatran|0 fnt
|faint|p2a: Heatran
|
|-heal|p1a: Darkrai|94/100 brn|[from] item: Leftovers
|-damage|p1a: Darkrai|88/100 brn|[from] brn
|-sideend|p1: Mr.X&Y97|move: Light Screen
|upkeep
|
|t:|1779681858
|switch|p2a: Ogerpon|Ogerpon-Wellspring-Tera, F, tera:Water|100/100
|-ability|p2a: Ogerpon|Embody Aspect (Wellspring)|boost
|-boost|p2a: Ogerpon|spd|1
|turn|27
|
|t:|1779681862
|move|p1a: Darkrai|Dark Pulse|p2a: Ogerpon
|-damage|p2a: Ogerpon|34/100
|move|p2a: Ogerpon|Ivy Cudgel|p1a: Darkrai|[anim] Ivy Cudgel Water
|-damage|p1a: Darkrai|39/100 brn
|
|-heal|p1a: Darkrai|45/100 brn|[from] item: Leftovers
|-damage|p1a: Darkrai|39/100 brn|[from] brn
|upkeep
|turn|28
|
|t:|1779681871
|move|p1a: Darkrai|Dark Pulse|p2a: Ogerpon
|-damage|p2a: Ogerpon|0 fnt
|faint|p2a: Ogerpon
|detailschange|p2: Ogerpon|Ogerpon-Wellspring, F|[silent]
|
|-heal|p1a: Darkrai|45/100 brn|[from] item: Leftovers
|-damage|p1a: Darkrai|39/100 brn|[from] brn
|-sideend|p1: Mr.X&Y97|Reflect
|upkeep
|
|t:|1779681872
|switch|p2a: Pecharunt|Pecharunt|100/100
|turn|29
|
|t:|1779681874
|move|p1a: Darkrai|Dark Pulse|p2a: Pecharunt
|-supereffective|p2a: Pecharunt
|-damage|p2a: Pecharunt|0 fnt
|faint|p2a: Pecharunt
|
|win|Mr.X&Y97
|raw|Mr.X&amp;Y97's rating: 1568 &rarr; <strong>1583</strong><br />(+15 for winning)
|raw|Clueless Mann's rating: 1488 &rarr; <strong>1473</strong><br />(-15 for losing)
|l|☆Clueless Mann
|player|p2|
