|j|☆SmokyCosine
|j|☆elementpigeon
|t:|1779566400
|gametype|singles
|player|p1|SmokyCosine|102|
|player|p2|elementpigeon|lady|
|gen|9
|tier|[Gen 9] OU
|rule|HP Percentage Mod: HP is shown in percentages
|rule|Endless Battle Clause: Forcing endless battles is banned
|rule|Species Clause: Limit one of each Pokémon
|rule|OHKO Clause: OHKO moves are banned
|rule|Evasion Items Clause: Evasion items are banned
|rule|Evasion Moves Clause: Evasion moves are banned
|rule|Evasion Abilities Clause: Evasion abilities are banned
|rule|Sleep Moves Clause: Sleep-inducing moves are banned
|raw|<div class="infobox"><details class="readmore" open><summary><strong>1 custom rule:</strong></summary> maxteamsize=11</details></div>
|clearpoke
|poke|p1|Great Tusk|
|poke|p1|Gholdengo|
|poke|p1|Slowking-Galar, F|
|poke|p1|Iron Valiant|
|poke|p1|Dragonite, M|
|poke|p1|Kingambit, F|
|poke|p1|Pelipper, M|
|poke|p1|Ogerpon-Wellspring, F|
|poke|p1|Zapdos|
|poke|p1|Kyurem|
|poke|p1|Zamazenta-*|
|poke|p2|Great Tusk|
|poke|p2|Gholdengo|
|poke|p2|Slowking-Galar, F|
|poke|p2|Iron Valiant|
|poke|p2|Dragonite, M|
|poke|p2|Kingambit, M|
|teampreview
|inactive|Battle timer is ON: inactive players will automatically lose when time's up. (requested by elementpigeon)
|
|t:|1779566409
|teamsize|p1|11
|teamsize|p2|6
|start
|switch|p1a: Great Tusk|Great Tusk|100/100
|switch|p2a: Great Tusk|Great Tusk|100/100
|turn|1
|
|t:|1779566415
|move|p1a: Great Tusk|Stealth Rock|p2a: Great Tusk
|-sidestart|p2: elementpigeon|move: Stealth Rock
|move|p2a: Great Tusk|Stealth Rock|p1a: Great Tusk
|-sidestart|p1: SmokyCosine|move: Stealth Rock
|
|upkeep
|turn|2
|c|☆SmokyCosine|yo
|c|☆SmokyCosine|i have all ur mons
|c|☆SmokyCosine|and 5 more
|c|☆SmokyCosine|:sob:
|c|☆elementpigeon|u still lose
|
|t:|1779566432
|move|p1a: Great Tusk|Rapid Spin|p2a: Great Tusk
|-damage|p2a: Great Tusk|90/100
|-boost|p1a: Great Tusk|spe|1
|-sideend|p1: SmokyCosine|Stealth Rock|[from] move: Rapid Spin|[of] p1a: Great Tusk
|move|p2a: Great Tusk|Rapid Spin|p1a: Great Tusk
|-damage|p1a: Great Tusk|92/100
|-boost|p2a: Great Tusk|spe|1
|-sideend|p2: elementpigeon|Stealth Rock|[from] move: Rapid Spin|[of] p2a: Great Tusk
|
|upkeep
|turn|3
|
|t:|1779566442
|move|p2a: Great Tusk|Rapid Spin|p1a: Great Tusk
|-damage|p1a: Great Tusk|82/100
|-boost|p2a: Great Tusk|spe|1
|move|p1a: Great Tusk|Stealth Rock|p2a: Great Tusk
|-sidestart|p2: elementpigeon|move: Stealth Rock
|
|upkeep
|turn|4
|
|t:|1779566449
|move|p2a: Great Tusk|Rapid Spin|p1a: Great Tusk
|-damage|p1a: Great Tusk|73/100
|-boost|p2a: Great Tusk|spe|1
|-sideend|p2: elementpigeon|Stealth Rock|[from] move: Rapid Spin|[of] p2a: Great Tusk
|move|p1a: Great Tusk|Rapid Spin|p2a: Great Tusk
|-crit|p2a: Great Tusk
|-damage|p2a: Great Tusk|77/100
|-boost|p1a: Great Tusk|spe|1
|
|upkeep
|turn|5
|
|t:|1779566458
|move|p2a: Great Tusk|Earthquake|p1a: Great Tusk
|-damage|p1a: Great Tusk|47/100
|move|p1a: Great Tusk|Rapid Spin|p2a: Great Tusk
|-damage|p2a: Great Tusk|68/100
|-boost|p1a: Great Tusk|spe|1
|
|upkeep
|turn|6
|
|t:|1779566464
|move|p2a: Great Tusk|Rapid Spin|p1a: Great Tusk
|-damage|p1a: Great Tusk|36/100
|-boost|p2a: Great Tusk|spe|1
|move|p1a: Great Tusk|Earthquake|p2a: Great Tusk
|-damage|p2a: Great Tusk|42/100
|
|upkeep
|turn|7
|
|t:|1779566471
|move|p2a: Great Tusk|Stealth Rock|p1a: Great Tusk
|-sidestart|p1: SmokyCosine|move: Stealth Rock
|move|p1a: Great Tusk|Earthquake|p2a: Great Tusk
|-damage|p2a: Great Tusk|16/100
|
|upkeep
|turn|8
|
|t:|1779566475
|move|p2a: Great Tusk|Earthquake|p1a: Great Tusk
|-damage|p1a: Great Tusk|9/100
|move|p1a: Great Tusk|Rapid Spin|p2a: Great Tusk
|-damage|p2a: Great Tusk|6/100
|-boost|p1a: Great Tusk|spe|1
|-sideend|p1: SmokyCosine|Stealth Rock|[from] move: Rapid Spin|[of] p1a: Great Tusk
|
|upkeep
|turn|9
|
|t:|1779566482
|move|p2a: Great Tusk|Earthquake|p1a: Great Tusk
|-damage|p1a: Great Tusk|0 fnt
|faint|p1a: Great Tusk
|-end|p1a: Great Tusk|Protosynthesis|[silent]
|
|upkeep
|c|☆elementpigeon|gg
|c|☆elementpigeon|u lost
|
|t:|1779566492
|switch|p1a: Kingambit|Kingambit, F|100/100
|-activate|p1a: Kingambit|ability: Supreme Overlord
|-start|p1a: Kingambit|fallen1|[silent]
|turn|10
|c|☆elementpigeon|i know u dont have any priority moves
|
|t:|1779566498
|move|p1a: Kingambit|Sucker Punch|p2a: Great Tusk
|-resisted|p2a: Great Tusk
|-damage|p2a: Great Tusk|0 fnt
|faint|p2a: Great Tusk
|-end|p2a: Great Tusk|Protosynthesis|[silent]
|
|upkeep
|
|t:|1779566501
|switch|p2a: Iron Valiant|Iron Valiant|100/100
|-enditem|p2a: Iron Valiant|Booster Energy
|-activate|p2a: Iron Valiant|ability: Quark Drive|[fromitem]
|-start|p2a: Iron Valiant|quarkdrivespe
|turn|11
|
|t:|1779566511
|move|p2a: Iron Valiant|Encore|p1a: Kingambit
|-start|p1a: Kingambit|Encore
|move|p1a: Kingambit|Sucker Punch||[still]
|-fail|p1a: Kingambit
|
|upkeep
|turn|12
|
|t:|1779566521
|-end|p1a: Kingambit|fallen1|[silent]
|switch|p1a: Gholdengo|Gholdengo|100/100
|-item|p1a: Gholdengo|Air Balloon
|move|p2a: Iron Valiant|Calm Mind|p2a: Iron Valiant
|-boost|p2a: Iron Valiant|spa|1
|-boost|p2a: Iron Valiant|spd|1
|
|upkeep
|turn|13
|
|t:|1779566529
|-terastallize|p2a: Iron Valiant|Electric
|move|p2a: Iron Valiant|Calm Mind|p2a: Iron Valiant
|-boost|p2a: Iron Valiant|spa|1
|-boost|p2a: Iron Valiant|spd|1
|move|p1a: Gholdengo|Thunder Wave|p2a: Iron Valiant
|-immune|p2a: Iron Valiant
|
|upkeep
|turn|14
|c|☆SmokyCosine|NAH
|c|☆elementpigeon|i know u cant touch me
|c|☆SmokyCosine|thats bc u know my set :sob:
|c|☆elementpigeon|yes
|
|t:|1779566553
|switch|p1a: Kyurem|Kyurem|100/100
|-ability|p1a: Kyurem|Pressure
|move|p2a: Iron Valiant|Calm Mind|p2a: Iron Valiant
|-boost|p2a: Iron Valiant|spa|1
|-boost|p2a: Iron Valiant|spd|1
|
|upkeep
|turn|15
|
|t:|1779566561
|move|p2a: Iron Valiant|Moonblast|p1a: Kyurem
|-supereffective|p1a: Kyurem
|-damage|p1a: Kyurem|0 fnt
|faint|p1a: Kyurem
|
|upkeep
|
|t:|1779566571
|switch|p1a: Kingambit|Kingambit, F|100/100
|-activate|p1a: Kingambit|ability: Supreme Overlord
|-start|p1a: Kingambit|fallen2|[silent]
|turn|16
|
|t:|1779566585
|-end|p1a: Kingambit|fallen2|[silent]
|switch|p1a: Slowking|Slowking-Galar, F|100/100
|move|p2a: Iron Valiant|Thunderbolt|p1a: Slowking
|-damage|p1a: Slowking|54/100
|-status|p1a: Slowking|par
|
|upkeep
|turn|17
|
|t:|1779566593
|move|p2a: Iron Valiant|Thunderbolt|p1a: Slowking
|-damage|p1a: Slowking|12/100 par
|cant|p1a: Slowking|par
|
|upkeep
|turn|18
|c|☆elementpigeon|excellent
|
|t:|1779566598
|move|p2a: Iron Valiant|Thunderbolt|p1a: Slowking
|-damage|p1a: Slowking|0 fnt
|faint|p1a: Slowking
|
|upkeep
|c|☆elementpigeon|good.
|c|☆SmokyCosine|RNG CAR
|
|t:|1779566604
|switch|p1a: Zamazenta|Zamazenta|100/100
|-ability|p1a: Zamazenta|Dauntless Shield|boost
|-boost|p1a: Zamazenta|def|1
|turn|19
|
|t:|1779566611
|move|p2a: Iron Valiant|Moonblast|p1a: Zamazenta
|-supereffective|p1a: Zamazenta
|-damage|p1a: Zamazenta|0 fnt
|faint|p1a: Zamazenta
|
|upkeep
|c|☆elementpigeon|no tera?
|
|t:|1779566616
|switch|p1a: Pelipper|Pelipper, M|100/100
|-weather|RainDance|[from] ability: Drizzle|[of] p1a: Pelipper
|turn|20
|c|☆elementpigeon|:D
|
|t:|1779566624
|move|p2a: Iron Valiant|Moonblast|p1a: Pelipper
|-damage|p1a: Pelipper|0 fnt
|faint|p1a: Pelipper
|
|-weather|RainDance|[upkeep]
|upkeep
|
|t:|1779566631
|switch|p1a: Zapdos|Zapdos|100/100
|turn|21
|c|☆elementpigeon|u fr lost
|
|t:|1779566635
|move|p2a: Iron Valiant|Thunderbolt|p1a: Zapdos
|-damage|p1a: Zapdos|0 fnt
|faint|p1a: Zapdos
|
|-weather|RainDance|[upkeep]
|upkeep
|c|☆elementpigeon|i know that zapdos set
|
|t:|1779566643
|switch|p1a: Dragonite|Dragonite, M|100/100
|turn|22
|
|t:|1779566648
|move|p2a: Iron Valiant|Moonblast|p1a: Dragonite
|-supereffective|p1a: Dragonite
|-damage|p1a: Dragonite|0 fnt
|faint|p1a: Dragonite
|
|-weather|RainDance|[upkeep]
|upkeep
|c|☆elementpigeon|4 left
|
|t:|1779566654
|switch|p1a: Ogerpon|Ogerpon-Wellspring, F|100/100
|turn|23
|
|t:|1779566659
|move|p2a: Iron Valiant|Thunderbolt|p1a: Ogerpon
|-damage|p1a: Ogerpon|0 fnt
|faint|p1a: Ogerpon
|
|-weather|RainDance|[upkeep]
|upkeep
|
|t:|1779566664
|switch|p1a: Kingambit|Kingambit, F|100/100
|-activate|p1a: Kingambit|ability: Supreme Overlord
|-start|p1a: Kingambit|fallen5|[silent]
|turn|24
|c|☆elementpigeon|3
|c|☆SmokyCosine|hehe
|
|t:|1779566673
|move|p1a: Kingambit|Sucker Punch||[still]
|-fail|p1a: Kingambit
|move|p2a: Iron Valiant|Calm Mind|p2a: Iron Valiant
|-boost|p2a: Iron Valiant|spa|1
|-boost|p2a: Iron Valiant|spd|1
|
|-weather|RainDance|[upkeep]
|upkeep
|turn|25
|c|☆SmokyCosine|NAH
|
|t:|1779566680
|move|p2a: Iron Valiant|Moonblast|p1a: Kingambit
|-damage|p1a: Kingambit|0 fnt
|faint|p1a: Kingambit
|-end|p1a: Kingambit|fallen5|[silent]
|
|-weather|RainDance|[upkeep]
|upkeep
|c|☆SmokyCosine|NAAAHHHH
|c|☆elementpigeon|mwahahahah
|c|☆SmokyCosine|ok
|c|☆SmokyCosine|im leaving
|c|☆elementpigeon|no
|c|☆SmokyCosine|wheres the forfeit button
|c|☆elementpigeon|go into gholdengo
|c|☆SmokyCosine|nah
|c|☆elementpigeon|do it
|c|☆elementpigeon|ill give u a chance
|-message|SmokyCosine forfeited.
|
|win|elementpigeon
|c|☆elementpigeon|:D
|c|☆SmokyCosine|alr bet
|c|☆elementpigeon|i won
|c|☆SmokyCosine|its a draw
|c|☆elementpigeon|6 vs 11
|c|☆SmokyCosine|no one won
|c|☆elementpigeon|elementpigeon won the battle!
|c|☆elementpigeon|elementpigeon won the battle!
|c|☆elementpigeon|:D
|c|☆SmokyCosine|SmokyCsoine won the battle!
