|j|☆Wholesomeviber
|j|☆LoCalBeamz
|t:|1779708480
|gametype|singles
|player|p1|Wholesomeviber|emmet|1059
|player|p2|LoCalBeamz|101|1000
|gen|9
|tier|[Gen 9] OU
|rated|
|rule|HP Percentage Mod: HP is shown in percentages
|rule|Endless Battle Clause: Forcing endless battles is banned
|rule|Species Clause: Limit one of each Pokémon
|rule|OHKO Clause: OHKO moves are banned
|rule|Evasion Items Clause: Evasion items are banned
|rule|Evasion Moves Clause: Evasion moves are banned
|rule|Evasion Abilities Clause: Evasion abilities are banned
|rule|Sleep Moves Clause: Sleep-inducing moves are banned
|clearpoke
|poke|p1|Ninetales, F|
|poke|p1|Typhlosion, F|
|poke|p1|Lilligant-Hisui, F|
|poke|p1|Sandy Shocks|
|poke|p1|Great Tusk|
|poke|p1|Scream Tail|
|poke|p2|Dragonite, M|
|poke|p2|Cinderace, M|
|poke|p2|Glimmora, M|
|poke|p2|Deoxys-Speed|
|poke|p2|Ceruledge, F|
|poke|p2|Kingambit, F|
|teampreview
|inactive|Battle timer is ON: inactive players will automatically lose when time's up. (requested by LoCalBeamz)
|
|t:|1779708497
|teamsize|p1|6
|teamsize|p2|6
|start
|switch|p1a: Scream Tail|Scream Tail|100/100
|switch|p2a: Deoxys|Deoxys-Speed|100/100
|-ability|p2a: Deoxys|Pressure
|turn|1
|
|t:|1779708502
|move|p1a: Scream Tail|Protect|p1a: Scream Tail
|-singleturn|p1a: Scream Tail|Protect
|move|p2a: Deoxys|Cosmic Power|p2a: Deoxys
|-boost|p2a: Deoxys|def|1
|-boost|p2a: Deoxys|spd|1
|
|upkeep
|turn|2
|
|t:|1779708514
|-end|p1a: Scream Tail|Protosynthesis|[silent]
|switch|p1a: Ninetales|Ninetales, F|100/100
|-weather|SunnyDay|[from] ability: Drought|[of] p1a: Ninetales
|move|p2a: Deoxys|Taunt|p1a: Ninetales
|-start|p1a: Ninetales|move: Taunt
|
|-weather|SunnyDay|[upkeep]
|upkeep
|turn|3
|
|t:|1779708531
|move|p2a: Deoxys|Cosmic Power|p2a: Deoxys
|-boost|p2a: Deoxys|def|1
|-boost|p2a: Deoxys|spd|1
|move|p1a: Ninetales|Flamethrower|p2a: Deoxys
|-damage|p2a: Deoxys|75/100
|
|-weather|SunnyDay|[upkeep]
|upkeep
|turn|4
|
|t:|1779708534
|move|p2a: Deoxys|Cosmic Power|p2a: Deoxys
|-boost|p2a: Deoxys|def|1
|-boost|p2a: Deoxys|spd|1
|move|p1a: Ninetales|Flamethrower|p2a: Deoxys
|-damage|p2a: Deoxys|55/100
|
|-weather|SunnyDay|[upkeep]
|-end|p1a: Ninetales|move: Taunt
|upkeep
|turn|5
|
|t:|1779708537
|move|p2a: Deoxys|Recover|p2a: Deoxys
|-heal|p2a: Deoxys|100/100
|move|p1a: Ninetales|Encore|p2a: Deoxys
|-start|p2a: Deoxys|Encore
|
|-weather|SunnyDay|[upkeep]
|upkeep
|turn|6
|
|t:|1779708541
|switch|p1a: Great Tusk|Great Tusk|100/100
|-activate|p1a: Great Tusk|ability: Protosynthesis
|-start|p1a: Great Tusk|protosynthesisatk
|move|p2a: Deoxys|Recover||[still]
|-fail|p2a: Deoxys|heal
|
|-weather|SunnyDay|[upkeep]
|upkeep
|turn|7
|
|t:|1779708545
|move|p2a: Deoxys|Recover||[still]
|-fail|p2a: Deoxys|heal
|move|p1a: Great Tusk|Knock Off|p2a: Deoxys
|-supereffective|p2a: Deoxys
|-damage|p2a: Deoxys|66/100
|-enditem|p2a: Deoxys|Weakness Policy
|-boost|p2a: Deoxys|atk|2|[from] item: Weakness Policy
|-boost|p2a: Deoxys|spa|2|[from] item: Weakness Policy
|
|-weather|SunnyDay|[upkeep]
|upkeep
|turn|8
|
|t:|1779708550
|move|p2a: Deoxys|Recover|p2a: Deoxys
|-heal|p2a: Deoxys|100/100
|move|p1a: Great Tusk|Knock Off|p2a: Deoxys
|-supereffective|p2a: Deoxys
|-damage|p2a: Deoxys|74/100
|
|-weather|SunnyDay|[upkeep]
|-end|p2a: Deoxys|Encore
|upkeep
|turn|9
|
|t:|1779708555
|-terastallize|p1a: Great Tusk|Ground
|move|p2a: Deoxys|Stored Power|p1a: Great Tusk
|-damage|p1a: Great Tusk|0 fnt
|faint|p1a: Great Tusk
|-end|p1a: Great Tusk|Protosynthesis|[silent]
|
|-weather|none
|upkeep
|
|t:|1779708558
|switch|p1a: Ninetales|Ninetales, F|100/100
|-weather|SunnyDay|[from] ability: Drought|[of] p1a: Ninetales
|turn|10
|
|t:|1779708560
|move|p2a: Deoxys|Stored Power|p1a: Ninetales
|-damage|p1a: Ninetales|0 fnt
|faint|p1a: Ninetales
|
|-weather|SunnyDay|[upkeep]
|upkeep
|
|t:|1779708563
|switch|p1a: Typhlosion|Typhlosion, F|100/100
|turn|11
|
|t:|1779708565
|move|p2a: Deoxys|Stored Power|p1a: Typhlosion
|-damage|p1a: Typhlosion|0 fnt
|faint|p1a: Typhlosion
|
|-weather|SunnyDay|[upkeep]
|upkeep
|-message|Wholesomeviber forfeited.
|
|win|LoCalBeamz
|raw|Wholesomeviber's rating: 1059 &rarr; <strong>1037</strong><br />(-22 for losing)
|raw|LoCalBeamz's rating: 1000 &rarr; <strong>1047</strong><br />(+47 for winning)
|l|☆Wholesomeviber
|player|p1|
