|j|☆MoonLight310721
|j|☆Cheribat
|t:|1779577985
|gametype|singles
|player|p1|MoonLight310721|265|1142
|player|p2|Cheribat|waitress-gen4|1115
|gen|9
|tier|[Gen 9] OU
|rated|
|rule|HP Percentage Mod: HP is shown in percentages
|rule|Endless Battle Clause: Forcing endless battles is banned
|rule|Species Clause: Limit one of each Pokémon
|rule|OHKO Clause: OHKO moves are banned
|rule|Evasion Items Clause: Evasion items are banned
|rule|Evasion Moves Clause: Evasion moves are banned
|rule|Evasion Abilities Clause: Evasion abilities are banned
|rule|Sleep Moves Clause: Sleep-inducing moves are banned
|clearpoke
|poke|p1|Ninetales-Alola, F|
|poke|p1|Dewgong, M|
|poke|p1|Mamoswine, M|
|poke|p1|Avalugg, F|
|poke|p1|Kyurem|
|poke|p1|Cetitan, F|
|poke|p2|Tyranitar, F|
|poke|p2|Excadrill, F|
|poke|p2|Sableye, M|
|poke|p2|Milotic, F|
|poke|p2|Landorus-Therian, M|
|poke|p2|Dugtrio, F|
|teampreview
|inactive|Battle timer is ON: inactive players will automatically lose when time's up. (requested by MoonLight310721)
|
|t:|1779577999
|teamsize|p1|6
|teamsize|p2|6
|start
|switch|p1a: Ninetales|Ninetales-Alola, F|100/100
|switch|p2a: Sableye|Sableye, M|100/100
|-weather|Snowscape|[from] ability: Snow Warning|[of] p1a: Ninetales
|turn|1
|
|t:|1779578011
|move|p2a: Sableye|Gravity|p2a: Sableye
|-fieldstart|move: Gravity
|move|p1a: Ninetales|Aurora Veil|p1a: Ninetales
|-sidestart|p1: MoonLight310721|move: Aurora Veil
|
|-weather|Snowscape|[upkeep]
|upkeep
|turn|2
|
|t:|1779578016
|switch|p1a: Cetitan|Cetitan, F|100/100
|move|p2a: Sableye|Will-O-Wisp|p1a: Cetitan
|-status|p1a: Cetitan|brn
|
|-weather|Snowscape|[upkeep]
|-damage|p1a: Cetitan|94/100 brn|[from] brn
|upkeep
|turn|3
|
|t:|1779578028
|switch|p2a: Milotic|Milotic, F|100/100
|move|p1a: Cetitan|Belly Drum|p1a: Cetitan
|-damage|p1a: Cetitan|44/100 brn
|-setboost|p1a: Cetitan|atk|6|[from] move: Belly Drum
|-enditem|p1a: Cetitan|Sitrus Berry|[eat]
|-heal|p1a: Cetitan|69/100 brn|[from] item: Sitrus Berry
|
|-weather|Snowscape|[upkeep]
|-damage|p1a: Cetitan|63/100 brn|[from] brn
|-status|p2a: Milotic|brn|[from] item: Flame Orb
|upkeep
|turn|4
|
|t:|1779578047
|move|p1a: Cetitan|Superpower|p2a: Milotic
|-damage|p2a: Milotic|49/100 brn
|-unboost|p1a: Cetitan|atk|1
|-unboost|p1a: Cetitan|def|1
|move|p2a: Milotic|Hydro Pump|p1a: Cetitan
|-damage|p1a: Cetitan|38/100 brn
|
|-weather|Snowscape|[upkeep]
|-damage|p1a: Cetitan|32/100 brn|[from] brn
|-damage|p2a: Milotic|43/100 brn|[from] brn
|upkeep
|turn|5
|
|t:|1779578069
|switch|p2a: Landorus|Landorus-Therian, M|100/100
|-ability|p2a: Landorus|Intimidate|boost
|-unboost|p1a: Cetitan|atk|1
|move|p1a: Cetitan|Superpower|p2a: Landorus
|-resisted|p2a: Landorus
|-damage|p2a: Landorus|72/100
|-unboost|p1a: Cetitan|atk|1
|-unboost|p1a: Cetitan|def|1
|
|-weather|Snowscape|[upkeep]
|-damage|p1a: Cetitan|26/100 brn|[from] brn
|-sideend|p1: MoonLight310721|move: Aurora Veil
|-fieldend|move: Gravity
|upkeep
|turn|6
|
|t:|1779578084
|move|p1a: Cetitan|Ice Shard|p2a: Landorus
|-supereffective|p2a: Landorus
|-crit|p2a: Landorus
|-damage|p2a: Landorus|0 fnt
|faint|p2a: Landorus
|
|-weather|Snowscape|[upkeep]
|-damage|p1a: Cetitan|20/100 brn|[from] brn
|upkeep
|
|t:|1779578090
|switch|p2a: Sableye|Sableye, M|100/100
|turn|7
|
|t:|1779578095
|move|p2a: Sableye|Fake Out|p1a: Cetitan
|-damage|p1a: Cetitan|10/100 brn
|cant|p1a: Cetitan|flinch
|
|-weather|Snowscape|[upkeep]
|-damage|p1a: Cetitan|3/100 brn|[from] brn
|upkeep
|turn|8
|
|t:|1779578101
|move|p1a: Cetitan|Ice Shard|p2a: Sableye
|-damage|p2a: Sableye|69/100
|move|p2a: Sableye|Gravity|p2a: Sableye
|-fieldstart|move: Gravity
|
|-weather|none
|-damage|p1a: Cetitan|0 fnt|[from] brn
|faint|p1a: Cetitan
|upkeep
|
|t:|1779578108
|switch|p1a: Ninetales|Ninetales-Alola, F|100/100
|-weather|Snowscape|[from] ability: Snow Warning|[of] p1a: Ninetales
|turn|9
|
|t:|1779578113
|switch|p2a: Tyranitar|Tyranitar, F|100/100
|-weather|Sandstorm|[from] ability: Sand Stream|[of] p2a: Tyranitar
|move|p1a: Ninetales|Moonblast|p2a: Tyranitar
|-supereffective|p2a: Tyranitar
|-damage|p2a: Tyranitar|81/100
|
|-weather|Sandstorm|[upkeep]
|-damage|p1a: Ninetales|94/100|[from] Sandstorm
|upkeep
|turn|10
|
|t:|1779578124
|switch|p1a: Avalugg|Avalugg, F|100/100
|move|p2a: Tyranitar|Rock Slide|p1a: Avalugg
|-supereffective|p1a: Avalugg
|-damage|p1a: Avalugg|65/100
|
|-weather|Sandstorm|[upkeep]
|-damage|p1a: Avalugg|59/100|[from] Sandstorm
|upkeep
|turn|11
|
|t:|1779578134
|move|p2a: Tyranitar|Rock Slide|p1a: Avalugg
|-supereffective|p1a: Avalugg
|-damage|p1a: Avalugg|25/100
|cant|p1a: Avalugg|flinch
|
|-weather|Sandstorm|[upkeep]
|-damage|p1a: Avalugg|19/100|[from] Sandstorm
|upkeep
|turn|12
|
|t:|1779578142
|move|p2a: Tyranitar|Rock Slide|p1a: Avalugg
|-supereffective|p1a: Avalugg
|-damage|p1a: Avalugg|0 fnt
|faint|p1a: Avalugg
|
|-weather|Sandstorm|[upkeep]
|-fieldend|move: Gravity
|upkeep
|
|t:|1779578148
|switch|p1a: Dewgong|Dewgong, M|100/100
|turn|13
|-message|MoonLight310721 forfeited.
|
|win|Cheribat
|raw|MoonLight310721's rating: 1142 &rarr; <strong>1115</strong><br />(-27 for losing)
|raw|Cheribat's rating: 1115 &rarr; <strong>1142</strong><br />(+27 for winning)
|l|☆MoonLight310721
|player|p1|
|l|☆Cheribat
|player|p2|
