|j|☆Aiona07
|j|‽acerrillo6970
|t:|1779559162
|gametype|singles
|player|p1|Aiona07|170|1475
|player|p2|acerrillo6970|2|1405
|gen|9
|tier|[Gen 9] OU
|rated|
|rule|HP Percentage Mod: HP is shown in percentages
|rule|Endless Battle Clause: Forcing endless battles is banned
|rule|Species Clause: Limit one of each Pokémon
|rule|OHKO Clause: OHKO moves are banned
|rule|Evasion Items Clause: Evasion items are banned
|rule|Evasion Moves Clause: Evasion moves are banned
|rule|Evasion Abilities Clause: Evasion abilities are banned
|rule|Sleep Moves Clause: Sleep-inducing moves are banned
|clearpoke
|poke|p1|Ceruledge, F|
|poke|p1|Samurott-Hisui, M|
|poke|p1|Hydrapple, F|
|poke|p1|Tinkaton, F|
|poke|p1|Great Tusk|
|poke|p1|Zapdos|
|poke|p2|Flamigo, M|
|poke|p2|Tentacruel, M|
|poke|p2|Lokix, F|
|poke|p2|Meowscarada, M|
|poke|p2|Comfey, F|
|poke|p2|Darkrai|
|teampreview
|inactive|Battle timer is ON: inactive players will automatically lose when time's up. (requested by acerrillo6970)
|
|t:|1779559175
|teamsize|p1|6
|teamsize|p2|6
|start
|switch|p1a: Tinkaton|Tinkaton, F|100/100
|switch|p2a: Meowscarada|Meowscarada, M|100/100
|-ability|p1a: Tinkaton|Mold Breaker
|-item|p1a: Tinkaton|Air Balloon
|turn|1
|
|t:|1779559182
|move|p2a: Meowscarada|U-turn|p1a: Tinkaton
|-start|p2a: Meowscarada|typechange|Bug|[from] ability: Protean
|-resisted|p1a: Tinkaton
|-damage|p1a: Tinkaton|85/100
|-enditem|p1a: Tinkaton|Air Balloon
|
|t:|1779559186
|switch|p2a: Flamigo|Flamigo, M|100/100|[from] U-turn
|move|p1a: Tinkaton|Thunder Wave|p2a: Flamigo
|-status|p2a: Flamigo|par
|
|upkeep
|turn|2
|
|t:|1779559193
|move|p1a: Tinkaton|Gigaton Hammer|p2a: Flamigo
|-crit|p2a: Flamigo
|-damage|p2a: Flamigo|0 fnt
|faint|p2a: Flamigo
|
|upkeep
|
|t:|1779559201
|switch|p2a: Comfey|Comfey, F|100/100
|turn|3
|
|t:|1779559205
|switch|p2a: Tentacruel|Tentacruel, M|100/100
|move|p1a: Tinkaton|Thunder Wave|p2a: Tentacruel
|-status|p2a: Tentacruel|par
|
|upkeep
|turn|4
|
|t:|1779559211
|move|p1a: Tinkaton|Stealth Rock|p2a: Tentacruel
|-sidestart|p2: acerrillo6970|move: Stealth Rock
|move|p2a: Tentacruel|Surf|p1a: Tinkaton
|-damage|p1a: Tinkaton|48/100
|
|upkeep
|turn|5
|
|t:|1779559217
|switch|p1a: Samurott|Samurott-Hisui, M|100/100
|move|p2a: Tentacruel|Rapid Spin|p1a: Samurott
|-damage|p1a: Samurott|92/100
|-boost|p2a: Tentacruel|spe|1
|-sideend|p2: acerrillo6970|Stealth Rock|[from] move: Rapid Spin|[of] p2a: Tentacruel
|
|upkeep
|turn|6
|
|t:|1779559221
|move|p1a: Samurott|Ceaseless Edge|p2a: Tentacruel
|-damage|p2a: Tentacruel|46/100 par
|-sidestart|p2: acerrillo6970|Spikes
|move|p2a: Tentacruel|Toxic|p1a: Samurott
|-status|p1a: Samurott|tox
|
|-heal|p2a: Tentacruel|52/100 par|[from] item: Black Sludge
|-damage|p1a: Samurott|86/100 tox|[from] psn
|upkeep
|turn|7
|
|t:|1779559225
|move|p1a: Samurott|Ceaseless Edge|p2a: Tentacruel
|-damage|p2a: Tentacruel|1/100 par
|-sidestart|p2: acerrillo6970|Spikes
|cant|p2a: Tentacruel|par
|
|-heal|p2a: Tentacruel|7/100 par|[from] item: Black Sludge
|-damage|p1a: Samurott|74/100 tox|[from] psn
|upkeep
|turn|8
|
|t:|1779559231
|move|p1a: Samurott|Ceaseless Edge|p2a: Tentacruel
|-damage|p2a: Tentacruel|0 fnt
|-sidestart|p2: acerrillo6970|Spikes
|faint|p2a: Tentacruel
|
|-damage|p1a: Samurott|55/100 tox|[from] psn
|upkeep
|
|t:|1779559234
|switch|p2a: Meowscarada|Meowscarada, M|100/100
|-damage|p2a: Meowscarada|76/100|[from] Spikes
|turn|9
|
|t:|1779559242
|switch|p1a: Zapdos|Zapdos|100/100
|-terastallize|p2a: Meowscarada|Grass
|move|p2a: Meowscarada|Flower Trick|p1a: Zapdos
|-resisted|p1a: Zapdos
|-crit|p1a: Zapdos
|-damage|p1a: Zapdos|45/100
|
|upkeep
|turn|10
|
|t:|1779559250
|switch|p1a: Hydrapple|Hydrapple, F|100/100
|move|p2a: Meowscarada|Flower Trick|p1a: Hydrapple
|-resisted|p1a: Hydrapple
|-crit|p1a: Hydrapple
|-damage|p1a: Hydrapple|87/100
|
|upkeep
|turn|11
|
|t:|1779559258
|switch|p2a: Lokix|Lokix, F|100/100
|-damage|p2a: Lokix|76/100|[from] Spikes
|switch|p1a: Tinkaton|Tinkaton, F|48/100
|-ability|p1a: Tinkaton|Mold Breaker
|
|upkeep
|turn|12
|
|t:|1779559267
|switch|p1a: Great Tusk|Great Tusk|100/100
|move|p2a: Lokix|First Impression|p1a: Great Tusk
|-resisted|p1a: Great Tusk
|-damage|p1a: Great Tusk|62/100
|-damage|p2a: Lokix|66/100|[from] item: Life Orb
|
|upkeep
|turn|13
|
|t:|1779559275
|move|p1a: Great Tusk|Close Combat|p2a: Lokix
|-damage|p2a: Lokix|0 fnt
|-unboost|p1a: Great Tusk|def|1
|-unboost|p1a: Great Tusk|spd|1
|faint|p2a: Lokix
|-enditem|p1a: Great Tusk|Eject Pack
|
|t:|1779559286
|-end|p1a: Great Tusk|Protosynthesis|[silent]
|switch|p1a: Tinkaton|Tinkaton, F|48/100
|-ability|p1a: Tinkaton|Mold Breaker
|
|upkeep
|inactive|acerrillo6970 has 120 seconds left.
|inactive|acerrillo6970 has 90 seconds left.
|inactive|acerrillo6970 has 60 seconds left.
|
|t:|1779559381
|switch|p2a: Meowscarada|Meowscarada, M, tera:Grass|76/100
|-damage|p2a: Meowscarada|51/100|[from] Spikes
|turn|14
|inactive|Aiona07 has 120 seconds left.
|
|t:|1779559422
|switch|p1a: Ceruledge|Ceruledge, F|100/100
|move|p2a: Meowscarada|U-turn|p1a: Ceruledge
|-resisted|p1a: Ceruledge
|-damage|p1a: Ceruledge|90/100
|-ability|p1a: Ceruledge|Weak Armor|boost
|-unboost|p1a: Ceruledge|def|1
|-boost|p1a: Ceruledge|spe|2
|
|t:|1779559429
|switch|p2a: Comfey|Comfey, F|100/100|[from] U-turn
|-damage|p2a: Comfey|76/100|[from] Spikes
|
|upkeep
|turn|15
|inactive|Aiona07 has 120 seconds left.
|
|t:|1779559434
|move|p1a: Ceruledge|Swords Dance|p1a: Ceruledge
|-boost|p1a: Ceruledge|atk|2
|move|p2a: Comfey|Calm Mind|p2a: Comfey
|-boost|p2a: Comfey|spa|1
|-boost|p2a: Comfey|spd|1
|
|upkeep
|turn|16
|
|t:|1779559438
|move|p2a: Comfey|Draining Kiss|p1a: Ceruledge
|-resisted|p1a: Ceruledge
|-crit|p1a: Ceruledge
|-damage|p1a: Ceruledge|55/100
|-heal|p2a: Comfey|100/100|[from] drain|[of] p1a: Ceruledge
|move|p1a: Ceruledge|Bitter Blade|p2a: Comfey
|-damage|p2a: Comfey|0 fnt
|-heal|p1a: Ceruledge|100/100|[from] drain|[of] p2a: Comfey
|faint|p2a: Comfey
|
|upkeep
|-message|acerrillo6970 forfeited.
|
|win|Aiona07
|raw|Aiona07's rating: 1475 &rarr; <strong>1491</strong><br />(+16 for winning)
|raw|acerrillo6970's rating: 1405 &rarr; <strong>1389</strong><br />(-16 for losing)
|l|‽acerrillo6970
|player|p2|
|l|☆Aiona07
|player|p1|
