|j|☆kyroshero
|j|☆Infinitepi
|t:|1779631598
|gametype|singles
|player|p1|kyroshero|drayden|1189
|player|p2|Infinitepi|dahlia|1210
|gen|9
|tier|[Gen 9] OU
|rated|
|rule|HP Percentage Mod: HP is shown in percentages
|rule|Endless Battle Clause: Forcing endless battles is banned
|rule|Species Clause: Limit one of each Pokémon
|rule|OHKO Clause: OHKO moves are banned
|rule|Evasion Items Clause: Evasion items are banned
|rule|Evasion Moves Clause: Evasion moves are banned
|rule|Evasion Abilities Clause: Evasion abilities are banned
|rule|Sleep Moves Clause: Sleep-inducing moves are banned
|clearpoke
|poke|p1|Dragonite, F|
|poke|p1|Regieleki|
|poke|p1|Weavile, M|
|poke|p1|Azumarill, M|
|poke|p1|Skeledirge, M|
|poke|p1|Muk-Alola, F|
|poke|p2|Electrode-Hisui|
|poke|p2|Pawmot, F|
|poke|p2|Oricorio-Pom-Pom, F|
|poke|p2|Iron Thorns|
|poke|p2|Raging Bolt|
|poke|p2|Sandy Shocks|
|teampreview
|inactive|Battle timer is ON: inactive players will automatically lose when time's up. (requested by kyroshero)
|
|t:|1779631602
|teamsize|p1|6
|teamsize|p2|6
|start
|switch|p1a: Muk|Muk-Alola, F|100/100
|switch|p2a: Electrode|Electrode-Hisui|100/100
|turn|1
|
|t:|1779631614
|move|p2a: Electrode|Taunt|p1a: Muk
|-start|p1a: Muk|move: Taunt
|move|p1a: Muk|Poison Jab|p2a: Electrode
|-supereffective|p2a: Electrode
|-crit|p2a: Electrode
|-damage|p2a: Electrode|0 fnt
|faint|p2a: Electrode
|
|upkeep
|
|t:|1779631637
|switch|p2a: Sandy Shocks|Sandy Shocks|100/100
|turn|2
|
|t:|1779631642
|move|p2a: Sandy Shocks|Iron Defense|p2a: Sandy Shocks
|-boost|p2a: Sandy Shocks|def|2
|move|p1a: Muk|Knock Off|p2a: Sandy Shocks
|-damage|p2a: Sandy Shocks|82/100
|-enditem|p2a: Sandy Shocks|Sitrus Berry|[from] move: Knock Off|[of] p1a: Muk
|
|upkeep
|turn|3
|
|t:|1779631649
|switch|p1a: Azumarill|Azumarill, M|100/100
|move|p2a: Sandy Shocks|Iron Defense|p2a: Sandy Shocks
|-boost|p2a: Sandy Shocks|def|2
|
|upkeep
|turn|4
|
|t:|1779631652
|move|p2a: Sandy Shocks|Discharge|p1a: Azumarill
|-supereffective|p1a: Azumarill
|-damage|p1a: Azumarill|24/100
|-enditem|p1a: Azumarill|Sitrus Berry|[eat]
|-heal|p1a: Azumarill|49/100|[from] item: Sitrus Berry
|move|p1a: Azumarill|Belly Drum||[still]
|-fail|p1a: Azumarill
|
|upkeep
|turn|5
|
|t:|1779631680
|move|p1a: Azumarill|Aqua Jet|p2a: Sandy Shocks
|-supereffective|p2a: Sandy Shocks
|-damage|p2a: Sandy Shocks|68/100
|move|p2a: Sandy Shocks|Discharge|p1a: Azumarill
|-supereffective|p1a: Azumarill
|-damage|p1a: Azumarill|0 fnt
|faint|p1a: Azumarill
|
|upkeep
|
|t:|1779631689
|switch|p1a: Weavile|Weavile, M|100/100
|turn|6
|
|t:|1779631693
|move|p1a: Weavile|Swords Dance|p1a: Weavile
|-boost|p1a: Weavile|atk|2
|move|p2a: Sandy Shocks|Body Press|p1a: Weavile
|-supereffective|p1a: Weavile
|-damage|p1a: Weavile|0 fnt
|faint|p1a: Weavile
|
|upkeep
|
|t:|1779631710
|switch|p1a: Muk|Muk-Alola, F|100/100
|turn|7
|
|t:|1779631719
|move|p2a: Sandy Shocks|Earth Power|p1a: Muk
|-supereffective|p1a: Muk
|-damage|p1a: Muk|54/100
|-unboost|p1a: Muk|spd|1
|move|p1a: Muk|Poison Jab|p2a: Sandy Shocks
|-resisted|p2a: Sandy Shocks
|-damage|p2a: Sandy Shocks|63/100
|-status|p2a: Sandy Shocks|psn
|
|-damage|p2a: Sandy Shocks|51/100 psn|[from] psn
|upkeep
|turn|8
|
|t:|1779631732
|switch|p1a: Dragonite|Dragonite, F|100/100
|move|p2a: Sandy Shocks|Body Press|p1a: Dragonite
|-resisted|p1a: Dragonite
|-damage|p1a: Dragonite|80/100
|
|-damage|p2a: Sandy Shocks|38/100 psn|[from] psn
|upkeep
|turn|9
|inactive|kyroshero has 120 seconds left.
|
|t:|1779631766
|move|p1a: Dragonite|Dragon Dance|p1a: Dragonite
|-boost|p1a: Dragonite|atk|1
|-boost|p1a: Dragonite|spe|1
|move|p2a: Sandy Shocks|Discharge|p1a: Dragonite
|-damage|p1a: Dragonite|35/100
|
|-damage|p2a: Sandy Shocks|26/100 psn|[from] psn
|upkeep
|turn|10
|
|t:|1779631773
|move|p1a: Dragonite|Extreme Speed|p2a: Sandy Shocks
|-damage|p2a: Sandy Shocks|9/100 psn
|move|p2a: Sandy Shocks|Earth Power|p1a: Dragonite
|-immune|p1a: Dragonite
|
|-damage|p2a: Sandy Shocks|0 fnt|[from] psn
|faint|p2a: Sandy Shocks
|-end|p2a: Sandy Shocks|Protosynthesis|[silent]
|upkeep
|
|t:|1779631787
|switch|p2a: Raging Bolt|Raging Bolt|100/100
|turn|11
|
|t:|1779631796
|-terastallize|p1a: Dragonite|Normal
|move|p1a: Dragonite|Roost|p1a: Dragonite
|-heal|p1a: Dragonite|85/100
|move|p2a: Raging Bolt|Dragon Pulse|p1a: Dragonite
|-damage|p1a: Dragonite|34/100
|
|upkeep
|turn|12
|
|t:|1779631804
|move|p1a: Dragonite|Earthquake|p2a: Raging Bolt
|-supereffective|p2a: Raging Bolt
|-damage|p2a: Raging Bolt|1/100
|move|p2a: Raging Bolt|Dragon Pulse|p1a: Dragonite
|-damage|p1a: Dragonite|0 fnt
|faint|p1a: Dragonite
|
|-heal|p2a: Raging Bolt|7/100|[from] item: Leftovers
|upkeep
|
|t:|1779631807
|switch|p1a: Muk|Muk-Alola, F|54/100
|turn|13
|
|t:|1779631810
|move|p1a: Muk|Shadow Sneak|p2a: Raging Bolt
|-damage|p2a: Raging Bolt|0 fnt
|faint|p2a: Raging Bolt
|-end|p2a: Raging Bolt|Protosynthesis|[silent]
|
|upkeep
|
|t:|1779631839
|switch|p2a: Iron Thorns|Iron Thorns|100/100
|turn|14
|
|t:|1779631851
|move|p2a: Iron Thorns|Rock Blast|p1a: Muk|[miss]
|-miss|p2a: Iron Thorns|p1a: Muk
|move|p1a: Muk|Drain Punch|p2a: Iron Thorns
|-supereffective|p2a: Iron Thorns
|-damage|p2a: Iron Thorns|54/100
|-heal|p1a: Muk|73/100|[from] drain|[of] p2a: Iron Thorns
|-status|p2a: Iron Thorns|psn|[from] ability: Poison Touch|[of] p1a: Muk
|
|-damage|p2a: Iron Thorns|42/100 psn|[from] psn
|upkeep
|turn|15
|
|t:|1779631856
|move|p2a: Iron Thorns|Rock Blast|p1a: Muk
|-damage|p1a: Muk|57/100
|-crit|p1a: Muk
|-damage|p1a: Muk|34/100
|-damage|p1a: Muk|17/100
|-damage|p1a: Muk|3/100
|-hitcount|p1a: Muk|4
|move|p1a: Muk|Drain Punch|p2a: Iron Thorns
|-supereffective|p2a: Iron Thorns
|-damage|p2a: Iron Thorns|0 fnt
|-heal|p1a: Muk|20/100|[from] drain|[of] p2a: Iron Thorns
|faint|p2a: Iron Thorns
|-end|p2a: Iron Thorns|Quark Drive|[silent]
|
|upkeep
|
|t:|1779631865
|switch|p2a: Pawmot|Pawmot, F|100/100
|turn|16
|
|t:|1779631869
|move|p1a: Muk|Shadow Sneak|p2a: Pawmot
|-damage|p2a: Pawmot|78/100
|-status|p2a: Pawmot|psn|[from] ability: Poison Touch|[of] p1a: Muk
|move|p2a: Pawmot|Double Shock|p1a: Muk
|-damage|p1a: Muk|0 fnt
|-start|p2a: Pawmot|typechange|???/Fighting|[from] move: Double Shock
|faint|p1a: Muk
|
|-damage|p2a: Pawmot|65/100 psn|[from] psn
|upkeep
|
|t:|1779631873
|switch|p1a: Skeledirge|Skeledirge, M|100/100
|turn|17
|
|t:|1779631892
|switch|p2a: Oricorio|Oricorio-Pom-Pom, F|100/100
|move|p1a: Skeledirge|Alluring Voice|p2a: Oricorio
|-damage|p2a: Oricorio|62/100
|
|upkeep
|turn|18
|
|t:|1779631901
|move|p2a: Oricorio|Quiver Dance|p2a: Oricorio
|-boost|p2a: Oricorio|spa|1
|-boost|p2a: Oricorio|spd|1
|-boost|p2a: Oricorio|spe|1
|move|p1a: Skeledirge|Torch Song|p2a: Oricorio
|-damage|p2a: Oricorio|0 fnt
|-boost|p1a: Skeledirge|spa|1
|faint|p2a: Oricorio
|
|upkeep
|
|t:|1779631903
|switch|p2a: Pawmot|Pawmot, F|65/100 psn
|turn|19
|c|☆Infinitepi|ggs
|
|t:|1779631913
|move|p2a: Pawmot|Double Shock|p1a: Skeledirge
|-damage|p1a: Skeledirge|53/100
|-start|p2a: Pawmot|typechange|???/Fighting|[from] move: Double Shock
|move|p1a: Skeledirge|Alluring Voice|p2a: Pawmot
|-supereffective|p2a: Pawmot
|-damage|p2a: Pawmot|0 fnt
|faint|p2a: Pawmot
|
|win|kyroshero
|raw|kyroshero's rating: 1169 &rarr; <strong>1197</strong><br />(+28 for winning)
|raw|Infinitepi's rating: 1210 &rarr; <strong>1182</strong><br />(-28 for losing)
|l|☆Infinitepi
|player|p2|
