|j|☆imaginethat_17
|j|☆Mca player 11
|t:|1779697664
|gametype|singles
|player|p1|imaginethat_17|birdkeeper|1375
|player|p2|Mca player 11|lucas|1427
|gen|9
|tier|[Gen 9] OU
|rated|
|rule|HP Percentage Mod: HP is shown in percentages
|rule|Endless Battle Clause: Forcing endless battles is banned
|rule|Species Clause: Limit one of each Pokémon
|rule|OHKO Clause: OHKO moves are banned
|rule|Evasion Items Clause: Evasion items are banned
|rule|Evasion Moves Clause: Evasion moves are banned
|rule|Evasion Abilities Clause: Evasion abilities are banned
|rule|Sleep Moves Clause: Sleep-inducing moves are banned
|clearpoke
|poke|p1|Ogerpon-Cornerstone, F|
|poke|p1|Dragonite, M|
|poke|p1|Weavile, M|
|poke|p1|Iron Moth|
|poke|p1|Yanmega, M|
|poke|p1|Greninja-*, M|
|poke|p2|Deoxys-Speed|
|poke|p2|Iron Moth|
|poke|p2|Zamazenta-*|
|poke|p2|Gholdengo|
|poke|p2|Rillaboom, M|
|poke|p2|Iron Jugulis|
|teampreview
|
|t:|1779697695
|teamsize|p1|6
|teamsize|p2|6
|start
|switch|p1a: Yanmega|Yanmega, M|100/100
|switch|p2a: Deoxys|Deoxys-Speed|100/100
|-ability|p2a: Deoxys|Pressure
|turn|1
|
|t:|1779697703
|switch|p2a: Iron Moth|Iron Moth|100/100
|-enditem|p2a: Iron Moth|Booster Energy
|-activate|p2a: Iron Moth|ability: Quark Drive|[fromitem]
|-start|p2a: Iron Moth|quarkdrivespe
|move|p1a: Yanmega|Bug Buzz|p2a: Iron Moth
|-resisted|p2a: Iron Moth
|-damage|p2a: Iron Moth|87/100
|-unboost|p2a: Iron Moth|spd|1
|-enditem|p1a: Yanmega|Throat Spray
|-boost|p1a: Yanmega|spa|1|[from] item: Throat Spray
|
|-ability|p1a: Yanmega|Speed Boost|boost
|-boost|p1a: Yanmega|spe|1
|upkeep
|turn|2
|inactive|Battle timer is ON: inactive players will automatically lose when time's up. (requested by imaginethat_17)
|
|t:|1779697716
|move|p2a: Iron Moth|Fiery Dance|p1a: Yanmega
|-supereffective|p1a: Yanmega
|-crit|p1a: Yanmega
|-damage|p1a: Yanmega|0 fnt
|-boost|p2a: Iron Moth|spa|1
|faint|p1a: Yanmega
|
|upkeep
|
|t:|1779697731
|switch|p1a: Greninja|Greninja, M|100/100
|turn|3
|
|t:|1779697746
|move|p1a: Greninja|Water Shuriken|p2a: Iron Moth
|-supereffective|p2a: Iron Moth
|-damage|p2a: Iron Moth|58/100
|-supereffective|p2a: Iron Moth
|-damage|p2a: Iron Moth|29/100
|-supereffective|p2a: Iron Moth
|-damage|p2a: Iron Moth|0 fnt
|faint|p2a: Iron Moth
|-end|p2a: Iron Moth|Quark Drive|[silent]
|-ability|p1a: Greninja|Battle Bond|boost
|-boost|p1a: Greninja|atk|1
|-boost|p1a: Greninja|spa|1
|-boost|p1a: Greninja|spe|1
|-activate|p1a: Greninja|ability: Battle Bond
|-hitcount|p2: Iron Moth|3
|-damage|p1a: Greninja|91/100|[from] item: Life Orb
|
|upkeep
|
|t:|1779697752
|switch|p2a: Rillaboom|Rillaboom, M|100/100
|-fieldstart|move: Grassy Terrain|[from] ability: Grassy Surge|[of] p2a: Rillaboom
|turn|4
|
|t:|1779697761
|-terastallize|p1a: Greninja|Ghost
|move|p2a: Rillaboom|Grassy Glide|p1a: Greninja
|-damage|p1a: Greninja|2/100
|-damage|p2a: Rillaboom|91/100|[from] item: Life Orb
|move|p1a: Greninja|Ice Beam|p2a: Rillaboom
|-supereffective|p2a: Rillaboom
|-damage|p2a: Rillaboom|0 fnt
|faint|p2a: Rillaboom
|-damage|p1a: Greninja|0 fnt|[from] item: Life Orb
|faint|p1a: Greninja
|
|upkeep
|
|t:|1779697784
|switch|p1a: Iron Moth|Iron Moth|100/100
|switch|p2a: Iron Jugulis|Iron Jugulis|100/100
|-enditem|p1a: Iron Moth|Booster Energy
|-activate|p1a: Iron Moth|ability: Quark Drive|[fromitem]
|-start|p1a: Iron Moth|quarkdrivespe
|-enditem|p2a: Iron Jugulis|Booster Energy
|-activate|p2a: Iron Jugulis|ability: Quark Drive|[fromitem]
|-start|p2a: Iron Jugulis|quarkdrivespe
|turn|5
|inactive|imaginethat_17 has 120 seconds left.
|
|t:|1779697816
|move|p1a: Iron Moth|Fiery Dance|p2a: Iron Jugulis
|-damage|p2a: Iron Jugulis|40/100
|-boost|p1a: Iron Moth|spa|1
|move|p2a: Iron Jugulis|Earth Power|p1a: Iron Moth
|-supereffective|p1a: Iron Moth
|-damage|p1a: Iron Moth|0 fnt
|faint|p1a: Iron Moth
|-end|p1a: Iron Moth|Quark Drive|[silent]
|
|upkeep
|
|t:|1779697826
|switch|p1a: Dragonite|Dragonite, M|100/100
|turn|6
|
|t:|1779697829
|move|p2a: Iron Jugulis|Taunt|p1a: Dragonite
|-start|p1a: Dragonite|move: Taunt
|cant|p1a: Dragonite|move: Taunt|Dragon Dance
|
|upkeep
|turn|7
|
|t:|1779697834
|move|p2a: Iron Jugulis|Knock Off|p1a: Dragonite
|-damage|p1a: Dragonite|85/100
|-enditem|p1a: Dragonite|Loaded Dice|[from] move: Knock Off|[of] p2a: Iron Jugulis
|move|p1a: Dragonite|Scale Shot|p2a: Iron Jugulis
|-damage|p2a: Iron Jugulis|22/100
|-damage|p2a: Iron Jugulis|4/100
|-damage|p2a: Iron Jugulis|0 fnt
|faint|p2a: Iron Jugulis
|-end|p2a: Iron Jugulis|Quark Drive|[silent]
|-hitcount|p2: Iron Jugulis|3
|-unboost|p1a: Dragonite|def|1
|-boost|p1a: Dragonite|spe|1
|
|upkeep
|
|t:|1779697840
|switch|p2a: Zamazenta|Zamazenta, shiny|100/100
|-ability|p2a: Zamazenta|Dauntless Shield|boost
|-boost|p2a: Zamazenta|def|1
|turn|8
|
|t:|1779697857
|move|p2a: Zamazenta|Close Combat|p1a: Dragonite
|-resisted|p1a: Dragonite
|-damage|p1a: Dragonite|14/100
|-unboost|p2a: Zamazenta|def|1
|-unboost|p2a: Zamazenta|spd|1
|move|p1a: Dragonite|Scale Shot|p2a: Zamazenta|[miss]
|-miss|p1a: Dragonite|p2a: Zamazenta
|
|-end|p1a: Dragonite|move: Taunt
|-fieldend|move: Grassy Terrain
|upkeep
|turn|9
|
|t:|1779697866
|move|p1a: Dragonite|Extreme Speed|p2a: Zamazenta
|-damage|p2a: Zamazenta|70/100
|move|p2a: Zamazenta|Close Combat|p1a: Dragonite
|-resisted|p1a: Dragonite
|-damage|p1a: Dragonite|0 fnt
|-unboost|p2a: Zamazenta|def|1
|-unboost|p2a: Zamazenta|spd|1
|faint|p1a: Dragonite
|
|upkeep
|c|☆Mca player 11|unfort
|
|t:|1779697876
|switch|p1a: Ogerpon|Ogerpon-Cornerstone, F|100/100
|turn|10
|
|t:|1779697880
|switch|p2a: Gholdengo|Gholdengo|100/100
|move|p1a: Ogerpon|Trailblaze|p2a: Gholdengo
|-resisted|p2a: Gholdengo
|-damage|p2a: Gholdengo|86/100
|-boost|p1a: Ogerpon|spe|1
|
|upkeep
|turn|11
|
|t:|1779697888
|move|p1a: Ogerpon|Swords Dance|p1a: Ogerpon
|-boost|p1a: Ogerpon|atk|2
|move|p2a: Gholdengo|Make It Rain|p1a: Ogerpon
|-supereffective|p1a: Ogerpon
|-ability|p1a: Ogerpon|Sturdy
|-damage|p1a: Ogerpon|1/100
|-unboost|p2a: Gholdengo|spa|1
|
|upkeep
|turn|12
|
|t:|1779697896
|switch|p2a: Deoxys|Deoxys-Speed|100/100
|-ability|p2a: Deoxys|Pressure
|move|p1a: Ogerpon|Ivy Cudgel|p2a: Deoxys|[anim] Ivy Cudgel Rock
|-damage|p2a: Deoxys|0 fnt
|faint|p2a: Deoxys
|
|upkeep
|
|t:|1779697903
|switch|p2a: Gholdengo|Gholdengo|86/100
|turn|13
|
|t:|1779697907
|move|p1a: Ogerpon|Ivy Cudgel|p2a: Gholdengo|[anim] Ivy Cudgel Rock
|-resisted|p2a: Gholdengo
|-damage|p2a: Gholdengo|32/100
|move|p2a: Gholdengo|Shadow Ball|p1a: Ogerpon
|-crit|p1a: Ogerpon
|-damage|p1a: Ogerpon|0 fnt
|faint|p1a: Ogerpon
|
|upkeep
|
|t:|1779697914
|switch|p1a: Weavile|Weavile, M|100/100
|-ability|p1a: Weavile|Pressure
|turn|14
|
|t:|1779697920
|move|p1a: Weavile|Knock Off|p2a: Gholdengo
|-supereffective|p2a: Gholdengo
|-damage|p2a: Gholdengo|0 fnt
|-enditem|p2a: Gholdengo|Grassy Seed|[from] move: Knock Off|[of] p1a: Weavile
|faint|p2a: Gholdengo
|
|upkeep
|
|t:|1779697922
|switch|p2a: Zamazenta|Zamazenta, shiny|70/100
|turn|15
|
|t:|1779697927
|move|p2a: Zamazenta|Close Combat|p1a: Weavile
|-supereffective|p1a: Weavile
|-enditem|p1a: Weavile|Focus Sash
|-damage|p1a: Weavile|1/100
|-unboost|p2a: Zamazenta|def|1
|-unboost|p2a: Zamazenta|spd|1
|move|p1a: Weavile|Icicle Crash|p2a: Zamazenta
|-damage|p2a: Zamazenta|13/100
|
|upkeep
|turn|16
|
|t:|1779697936
|move|p1a: Weavile|Ice Shard|p2a: Zamazenta
|-damage|p2a: Zamazenta|0 fnt
|faint|p2a: Zamazenta
|
|win|imaginethat_17
|raw|imaginethat_17's rating: 1375 &rarr; <strong>1398</strong><br />(+23 for winning)
|raw|Mca player 11's rating: 1427 &rarr; <strong>1404</strong><br />(-23 for losing)
|l|☆imaginethat_17
|player|p1|
|l|☆Mca player 11
|player|p2|
