|j|☆asdadac
|j|‽repete64
|t:|1779566780
|gametype|singles
|player|p1|asdadac|169|1489
|player|p2|repete64|102|1545
|gen|9
|tier|[Gen 9] OU
|rated|
|rule|HP Percentage Mod: HP is shown in percentages
|rule|Endless Battle Clause: Forcing endless battles is banned
|rule|Species Clause: Limit one of each Pokémon
|rule|OHKO Clause: OHKO moves are banned
|rule|Evasion Items Clause: Evasion items are banned
|rule|Evasion Moves Clause: Evasion moves are banned
|rule|Evasion Abilities Clause: Evasion abilities are banned
|rule|Sleep Moves Clause: Sleep-inducing moves are banned
|clearpoke
|poke|p1|Volcanion|
|poke|p1|Great Tusk|
|poke|p1|Hatterene, F|
|poke|p1|Gholdengo|
|poke|p1|Dragonite, M|
|poke|p1|Weavile, F|
|poke|p2|Slowbro-Galar, M|
|poke|p2|Serperior, M|
|poke|p2|Zapdos|
|poke|p2|Heatran, F|
|poke|p2|Ting-Lu|
|poke|p2|Hatterene, F|
|teampreview
|
|t:|1779566790
|teamsize|p1|6
|teamsize|p2|6
|start
|switch|p1a: 支离灭裂|Weavile, F|100/100
|switch|p2a: Zapdos|Zapdos|100/100
|-ability|p1a: 支离灭裂|Pressure
|turn|1
|
|t:|1779566794
|move|p1a: 支离灭裂|Triple Axel|p2a: Zapdos
|-supereffective|p2a: Zapdos
|-damage|p2a: Zapdos|65/100
|-supereffective|p2a: Zapdos
|-damage|p2a: Zapdos|0 fnt
|faint|p2a: Zapdos
|-hitcount|p2: Zapdos|2
|
|upkeep
|
|t:|1779566802
|switch|p2a: Heatran|Heatran, F|100/100
|turn|2
|
|t:|1779566806
|switch|p1a: 柔情魔女|Hatterene, F|100/100
|move|p2a: Heatran|Magma Storm|p1a: 柔情魔女
|-damage|p1a: 柔情魔女|55/100
|-activate|p1a: 柔情魔女|move: Magma Storm|[of] p2a: Heatran
|
|-damage|p1a: 柔情魔女|43/100|[from] move: Magma Storm|[partiallytrapped]
|upkeep
|turn|3
|
|t:|1779566812
|move|p2a: Heatran|Magma Storm|p1a: 柔情魔女
|-damage|p1a: 柔情魔女|0 fnt
|faint|p1a: 柔情魔女
|
|upkeep
|
|t:|1779566824
|switch|p1a: 无我梦中|Volcanion|100/100
|turn|4
|
|t:|1779566838
|move|p2a: Heatran|Protect|p2a: Heatran
|-singleturn|p2a: Heatran|Protect
|move|p1a: 无我梦中|Steam Eruption|p2a: Heatran
|-activate|p2a: Heatran|move: Protect
|
|upkeep
|turn|5
|
|t:|1779566844
|move|p1a: 无我梦中|Steam Eruption|p2a: Heatran
|-supereffective|p2a: Heatran
|-damage|p2a: Heatran|35/100
|move|p2a: Heatran|Earth Power|p1a: 无我梦中
|-supereffective|p1a: 无我梦中
|-crit|p1a: 无我梦中
|-enditem|p1a: 无我梦中|Shuca Berry|[eat]
|-enditem|p1a: 无我梦中|Shuca Berry|[weaken]
|-damage|p1a: 无我梦中|62/100
|
|-heal|p2a: Heatran|41/100|[from] item: Leftovers
|upkeep
|turn|6
|
|t:|1779566851
|move|p2a: Heatran|Protect|p2a: Heatran
|-singleturn|p2a: Heatran|Protect
|move|p1a: 无我梦中|Steam Eruption|p2a: Heatran
|-activate|p2a: Heatran|move: Protect
|
|-heal|p2a: Heatran|48/100|[from] item: Leftovers
|upkeep
|turn|7
|
|t:|1779566858
|switch|p2a: Serperior|Serperior, M|100/100
|move|p1a: 无我梦中|Earth Power|p2a: Serperior
|-resisted|p2a: Serperior
|-damage|p2a: Serperior|85/100
|-boost|p2a: Serperior|spd|1
|
|-heal|p2a: Serperior|91/100|[from] item: Leftovers
|upkeep
|turn|8
|
|t:|1779566864
|move|p2a: Serperior|Leech Seed|p1a: 无我梦中
|-start|p1a: 无我梦中|move: Leech Seed
|move|p1a: 无我梦中|Flamethrower|p2a: Serperior
|-supereffective|p2a: Serperior
|-crit|p2a: Serperior
|-damage|p2a: Serperior|0 fnt
|faint|p2a: Serperior
|
|upkeep
|
|t:|1779566872
|switch|p2a: Slowbro|Slowbro-Galar, M|100/100
|turn|9
|
|t:|1779566878
|switch|p1a: 法西娅|Gholdengo|100/100
|move|p2a: Slowbro|Belly Drum|p2a: Slowbro
|-damage|p2a: Slowbro|51/100
|-setboost|p2a: Slowbro|atk|6|[from] move: Belly Drum
|
|upkeep
|turn|10
|-activate|p2a: Slowbro|ability: Quick Draw
|
|t:|1779566884
|move|p2a: Slowbro|Earthquake|p1a: 法西娅
|-supereffective|p1a: 法西娅
|-damage|p1a: 法西娅|0 fnt
|faint|p1a: 法西娅
|
|upkeep
|
|t:|1779566897
|switch|p1a: 支离灭裂|Weavile, F|100/100
|-ability|p1a: 支离灭裂|Pressure
|turn|11
|
|t:|1779566899
|move|p1a: 支离灭裂|Triple Axel|p2a: Slowbro|[miss]
|-miss|p1a: 支离灭裂|p2a: Slowbro
|move|p2a: Slowbro|Drain Punch|p1a: 支离灭裂
|-supereffective|p1a: 支离灭裂
|-damage|p1a: 支离灭裂|0 fnt
|-heal|p2a: Slowbro|87/100|[from] drain|[of] p1a: 支离灭裂
|faint|p1a: 支离灭裂
|
|upkeep
|-message|asdadac forfeited.
|
|win|repete64
|raw|asdadac's rating: 1489 &rarr; <strong>1472</strong><br />(-17 for losing)
|raw|repete64's rating: 1545 &rarr; <strong>1562</strong><br />(+17 for winning)
|l|☆asdadac
|player|p1|
|l|‽repete64
|player|p2|
