|inactive|Battle timer is ON: inactive players will automatically lose when time's up.
|t:|1779570553
|gametype|singles
|player|p1|yovan|az|
|player|p2|KeshBa45|red|
|gen|9
|tier|[Gen 9] OU
|rule|HP Percentage Mod: HP is shown in percentages
|rule|Endless Battle Clause: Forcing endless battles is banned
|rule|Species Clause: Limit one of each Pokémon
|rule|OHKO Clause: OHKO moves are banned
|rule|Evasion Items Clause: Evasion items are banned
|rule|Evasion Moves Clause: Evasion moves are banned
|rule|Evasion Abilities Clause: Evasion abilities are banned
|rule|Sleep Moves Clause: Sleep-inducing moves are banned
|clearpoke
|poke|p1|Lokix, F|
|poke|p1|Iron Crown|
|poke|p1|Gliscor, M|
|poke|p1|Garganacl, M|
|poke|p1|Pecharunt|
|poke|p1|Cinderace, F|
|poke|p2|Hydrapple, M|
|poke|p2|Moltres|
|poke|p2|Gholdengo|
|poke|p2|Ting-Lu|
|poke|p2|Zamazenta-*|
|poke|p2|Clefable, F|
|teampreview
|c|☆yovan|Hf
|inactive|yovan has 270 seconds left.
|inactive|KeshBa45 has 270 seconds left.
|
|t:|1779570605
|teamsize|p1|6
|teamsize|p2|6
|start
|switch|p1a: Lokix|Lokix, F|100/100
|switch|p2a: Clefable|Clefable, F|100/100
|turn|1
|
|t:|1779570613
|switch|p1a: Garganacl|Garganacl, M|100/100
|move|p2a: Clefable|Knock Off|p1a: Garganacl
|-damage|p1a: Garganacl|91/100
|-enditem|p1a: Garganacl|Leftovers|[from] move: Knock Off|[of] p2a: Clefable
|
|upkeep
|turn|2
|
|t:|1779570625
|move|p2a: Clefable|Knock Off|p1a: Garganacl
|-damage|p1a: Garganacl|84/100
|move|p1a: Garganacl|Stealth Rock|p2a: Clefable
|-sidestart|p2: KeshBa45|move: Stealth Rock
|
|upkeep
|turn|3
|
|t:|1779570629
|move|p2a: Clefable|Knock Off|p1a: Garganacl
|-damage|p1a: Garganacl|77/100
|move|p1a: Garganacl|Salt Cure|p2a: Clefable
|-damage|p2a: Clefable|90/100
|-start|p2a: Clefable|Salt Cure
|
|upkeep
|turn|4
|
|t:|1779570633
|move|p2a: Clefable|Stealth Rock|p1a: Garganacl
|-sidestart|p1: yovan|move: Stealth Rock
|move|p1a: Garganacl|Salt Cure|p2a: Clefable
|-damage|p2a: Clefable|80/100
|
|upkeep
|turn|5
|
|t:|1779570639
|move|p2a: Clefable|Knock Off|p1a: Garganacl
|-damage|p1a: Garganacl|71/100
|move|p1a: Garganacl|Salt Cure|p2a: Clefable
|-damage|p2a: Clefable|69/100
|
|upkeep
|turn|6
|
|t:|1779570650
|move|p2a: Clefable|Moonlight|p2a: Clefable
|-heal|p2a: Clefable|100/100
|move|p1a: Garganacl|Salt Cure|p2a: Clefable
|-damage|p2a: Clefable|91/100
|
|upkeep
|turn|7
|
|t:|1779570672
|switch|p1a: Iron Crown|Iron Crown|100/100
|-damage|p1a: Iron Crown|94/100|[from] Stealth Rock
|move|p2a: Clefable|Moonblast|p1a: Iron Crown
|-resisted|p1a: Iron Crown
|-damage|p1a: Iron Crown|77/100
|
|upkeep
|turn|8
|
|t:|1779570682
|switch|p2a: Ting-Lu|Ting-Lu|100/100
|-damage|p2a: Ting-Lu|94/100|[from] Stealth Rock
|-ability|p2a: Ting-Lu|Vessel of Ruin
|move|p1a: Iron Crown|Tachyon Cutter|p2a: Ting-Lu
|-damage|p2a: Ting-Lu|78/100
|-damage|p2a: Ting-Lu|62/100
|-hitcount|p2a: Ting-Lu|2
|
|-heal|p2a: Ting-Lu|68/100|[from] item: Leftovers
|upkeep
|turn|9
|
|t:|1779570692
|move|p1a: Iron Crown|Tachyon Cutter|p2a: Ting-Lu
|-damage|p2a: Ting-Lu|53/100
|-damage|p2a: Ting-Lu|38/100
|-hitcount|p2a: Ting-Lu|2
|move|p2a: Ting-Lu|Ruination|p1a: Iron Crown
|-damage|p1a: Iron Crown|39/100
|
|-heal|p2a: Ting-Lu|44/100|[from] item: Leftovers
|upkeep
|turn|10
|
|t:|1779570709
|-end|p1a: Iron Crown|Quark Drive|[silent]
|switch|p1a: Gliscor|Gliscor, M|100/100
|-damage|p1a: Gliscor|88/100|[from] Stealth Rock
|move|p2a: Ting-Lu|Earthquake|p1a: Gliscor
|-immune|p1a: Gliscor
|
|-heal|p2a: Ting-Lu|50/100|[from] item: Leftovers
|-status|p1a: Gliscor|tox|[from] item: Toxic Orb
|upkeep
|turn|11
|
|t:|1779570713
|move|p1a: Gliscor|Swords Dance|p1a: Gliscor
|-boost|p1a: Gliscor|atk|2
|move|p2a: Ting-Lu|Ruination|p1a: Gliscor
|-damage|p1a: Gliscor|44/100 tox
|
|-heal|p2a: Ting-Lu|57/100|[from] item: Leftovers
|-heal|p1a: Gliscor|57/100 tox|[from] ability: Poison Heal
|upkeep
|turn|12
|
|t:|1779570731
|move|p1a: Gliscor|Earthquake|p2a: Ting-Lu
|-damage|p2a: Ting-Lu|19/100
|move|p2a: Ting-Lu|Whirlwind|p1a: Gliscor
|drag|p1a: Cinderace|Cinderace, F|100/100
|
|-heal|p2a: Ting-Lu|25/100|[from] item: Leftovers
|upkeep
|turn|13
|
|t:|1779570746
|switch|p2a: Moltres|Moltres|100/100
|move|p1a: Cinderace|Pyro Ball|p2a: Moltres|[miss]
|-miss|p1a: Cinderace|p2a: Moltres
|
|upkeep
|turn|14
|
|t:|1779570761
|switch|p1a: Pecharunt|Pecharunt|100/100
|move|p2a: Moltres|Roar|p1a: Pecharunt
|drag|p1a: Gliscor|Gliscor, M|57/100 tox
|-damage|p1a: Gliscor|44/100 tox|[from] Stealth Rock
|
|-heal|p1a: Gliscor|57/100 tox|[from] ability: Poison Heal
|upkeep
|turn|15
|
|t:|1779570770
|switch|p2a: Hydrapple|Hydrapple, M|100/100
|move|p1a: Gliscor|Protect||[still]
|-fail|p1a: Gliscor
|
|-heal|p1a: Gliscor|69/100 tox|[from] ability: Poison Heal
|upkeep
|turn|16
|
|t:|1779570790
|switch|p1a: Cinderace|Cinderace, F|100/100
|move|p2a: Hydrapple|Fickle Beam|p1a: Cinderace|[anim] Fickle Beam All Out
|-activate|p2a: Hydrapple|move: Fickle Beam
|-damage|p1a: Cinderace|16/100
|
|upkeep
|turn|17
|inactive|KeshBa45 has 270 seconds left.
|inactive|KeshBa45 has 240 seconds left.
|
|t:|1779570864
|switch|p2a: Zamazenta|Zamazenta|100/100
|-ability|p2a: Zamazenta|Dauntless Shield|boost
|-boost|p2a: Zamazenta|def|1
|move|p1a: Cinderace|U-turn|p2a: Zamazenta
|-start|p1a: Cinderace|typechange|Bug|[from] ability: Libero
|-resisted|p2a: Zamazenta
|-damage|p2a: Zamazenta|91/100
|
|t:|1779570868
|switch|p1a: Pecharunt|Pecharunt|100/100|[from] U-turn
|
|upkeep
|turn|18
|inactive|KeshBa45 has 240 seconds left.
|
|t:|1779570884
|switch|p1a: Lokix|Lokix, F|100/100
|-damage|p1a: Lokix|76/100|[from] Stealth Rock
|move|p2a: Zamazenta|Crunch|p1a: Lokix
|-resisted|p1a: Lokix
|-damage|p1a: Lokix|58/100
|
|upkeep
|turn|19
|
|t:|1779570897
|switch|p1a: Pecharunt|Pecharunt|100/100
|move|p2a: Zamazenta|Stone Edge|p1a: Pecharunt
|-damage|p1a: Pecharunt|86/100
|
|upkeep
|turn|20
|
|t:|1779570907
|switch|p2a: Gholdengo|Gholdengo|100/100
|-damage|p2a: Gholdengo|94/100|[from] Stealth Rock
|move|p1a: Pecharunt|Malignant Chain|p2a: Gholdengo
|-immune|p2a: Gholdengo
|
|upkeep
|turn|21
|
|t:|1779570919
|switch|p1a: Garganacl|Garganacl, M|71/100
|-damage|p1a: Garganacl|58/100|[from] Stealth Rock
|move|p2a: Gholdengo|Shadow Ball|p1a: Garganacl
|-crit|p1a: Garganacl
|-damage|p1a: Garganacl|36/100
|
|upkeep
|turn|22
|
|t:|1779570924
|switch|p2a: Hydrapple|Hydrapple, M|100/100
|move|p1a: Garganacl|Recover|p1a: Garganacl
|-heal|p1a: Garganacl|86/100
|
|upkeep
|turn|23
|inactive|KeshBa45 has 240 seconds left.
|
|t:|1779570938
|move|p2a: Hydrapple|Earth Power|p1a: Garganacl
|-supereffective|p1a: Garganacl
|-damage|p1a: Garganacl|56/100
|move|p1a: Garganacl|Salt Cure|p2a: Hydrapple
|-damage|p2a: Hydrapple|93/100
|-start|p2a: Hydrapple|Salt Cure
|
|-damage|p2a: Hydrapple|80/100|[from] Salt Cure
|upkeep
|turn|24
|
|t:|1779570951
|move|p2a: Hydrapple|Nasty Plot|p2a: Hydrapple
|-boost|p2a: Hydrapple|spa|2
|move|p1a: Garganacl|Recover|p1a: Garganacl
|-heal|p1a: Garganacl|100/100
|
|-damage|p2a: Hydrapple|68/100|[from] Salt Cure
|upkeep
|turn|25
|
|t:|1779570962
|move|p1a: Garganacl|Protect|p1a: Garganacl
|-singleturn|p1a: Garganacl|Protect
|move|p2a: Hydrapple|Giga Drain|p1a: Garganacl
|-activate|p1a: Garganacl|move: Protect
|
|-damage|p2a: Hydrapple|56/100|[from] Salt Cure
|upkeep
|turn|26
|
|t:|1779570967
|switch|p1a: Lokix|Lokix, F|58/100
|-damage|p1a: Lokix|33/100|[from] Stealth Rock
|move|p2a: Hydrapple|Fickle Beam|p1a: Lokix
|-crit|p1a: Lokix
|-damage|p1a: Lokix|0 fnt
|faint|p1a: Lokix
|
|-damage|p2a: Hydrapple|43/100|[from] Salt Cure
|upkeep
|
|t:|1779570971
|switch|p1a: Iron Crown|Iron Crown|39/100
|-damage|p1a: Iron Crown|33/100|[from] Stealth Rock
|turn|27
|
|t:|1779570981
|switch|p2a: Ting-Lu|Ting-Lu|25/100
|-damage|p2a: Ting-Lu|19/100|[from] Stealth Rock
|-ability|p2a: Ting-Lu|Vessel of Ruin
|move|p1a: Iron Crown|Tachyon Cutter|p2a: Ting-Lu
|-crit|p2a: Ting-Lu
|-damage|p2a: Ting-Lu|0 fnt
|faint|p2a: Ting-Lu
|-hitcount|p2: Ting-Lu|1
|
|upkeep
|inactive|KeshBa45 has 270 seconds left.
|
|t:|1779570989
|switch|p2a: Gholdengo|Gholdengo|94/100
|-damage|p2a: Gholdengo|88/100|[from] Stealth Rock
|turn|28
|
|t:|1779570994
|-end|p1a: Iron Crown|Quark Drive|[silent]
|switch|p1a: Garganacl|Garganacl, M|100/100
|-damage|p1a: Garganacl|88/100|[from] Stealth Rock
|move|p2a: Gholdengo|Make It Rain|p1a: Garganacl
|-supereffective|p1a: Garganacl
|-damage|p1a: Garganacl|0 fnt
|-unboost|p2a: Gholdengo|spa|1
|faint|p1a: Garganacl
|
|upkeep
|
|t:|1779570999
|switch|p1a: Iron Crown|Iron Crown|33/100
|-damage|p1a: Iron Crown|27/100|[from] Stealth Rock
|turn|29
|inactive|KeshBa45 has 270 seconds left.
|
|t:|1779571034
|move|p2a: Gholdengo|Make It Rain|p1a: Iron Crown
|-resisted|p1a: Iron Crown
|-crit|p1a: Iron Crown
|-damage|p1a: Iron Crown|0 fnt
|-unboost|p2a: Gholdengo|spa|1
|faint|p1a: Iron Crown
|-end|p1a: Iron Crown|Quark Drive|[silent]
|
|upkeep
|
|t:|1779571039
|switch|p1a: Gliscor|Gliscor, M|69/100 tox
|-damage|p1a: Gliscor|57/100 tox|[from] Stealth Rock
|turn|30
|
|t:|1779571043
|switch|p2a: Zamazenta|Zamazenta|91/100
|move|p1a: Gliscor|Swords Dance|p1a: Gliscor
|-boost|p1a: Gliscor|atk|2
|
|-heal|p1a: Gliscor|69/100 tox|[from] ability: Poison Heal
|upkeep
|turn|31
|
|t:|1779571048
|move|p1a: Gliscor|Protect|p1a: Gliscor
|-singleturn|p1a: Gliscor|Protect
|move|p2a: Zamazenta|Ice Fang|p1a: Gliscor
|-activate|p1a: Gliscor|move: Protect
|
|-heal|p1a: Gliscor|82/100 tox|[from] ability: Poison Heal
|upkeep
|turn|32
|
|t:|1779571060
|move|p2a: Zamazenta|Ice Fang|p1a: Gliscor
|-supereffective|p1a: Gliscor
|-damage|p1a: Gliscor|4/100 tox
|cant|p1a: Gliscor|flinch
|
|-heal|p1a: Gliscor|17/100 tox|[from] ability: Poison Heal
|upkeep
|turn|33
|
|t:|1779571072
|move|p1a: Gliscor|Protect|p1a: Gliscor
|-singleturn|p1a: Gliscor|Protect
|move|p2a: Zamazenta|Crunch|p1a: Gliscor
|-activate|p1a: Gliscor|move: Protect
|
|-heal|p1a: Gliscor|29/100 tox|[from] ability: Poison Heal
|upkeep
|turn|34
|
|t:|1779571077
|switch|p1a: Pecharunt|Pecharunt|86/100
|move|p2a: Zamazenta|Ice Fang|p1a: Pecharunt
|-damage|p1a: Pecharunt|76/100
|
|upkeep
|turn|35
|
|t:|1779571101
|move|p2a: Zamazenta|Crunch|p1a: Pecharunt
|-supereffective|p1a: Pecharunt
|-damage|p1a: Pecharunt|50/100
|move|p1a: Pecharunt|Malignant Chain|p2a: Zamazenta
|-damage|p2a: Zamazenta|61/100
|
|upkeep
|turn|36
|
|t:|1779571106
|switch|p2a: Gholdengo|Gholdengo|88/100
|-damage|p2a: Gholdengo|82/100|[from] Stealth Rock
|move|p1a: Pecharunt|Recover|p1a: Pecharunt
|-heal|p1a: Pecharunt|100/100
|
|upkeep
|turn|37
|
|t:|1779571117
|-terastallize|p1a: Pecharunt|Dark
|move|p2a: Gholdengo|Shadow Ball|p1a: Pecharunt
|-resisted|p1a: Pecharunt
|-damage|p1a: Pecharunt|81/100
|move|p1a: Pecharunt|Foul Play|p2a: Gholdengo
|-supereffective|p2a: Gholdengo
|-damage|p2a: Gholdengo|48/100
|
|upkeep
|turn|38
|
|t:|1779571130
|move|p2a: Gholdengo|Shadow Ball|p1a: Pecharunt
|-resisted|p1a: Pecharunt
|-damage|p1a: Pecharunt|59/100
|-unboost|p1a: Pecharunt|spd|1
|move|p1a: Pecharunt|Malignant Chain|p2a: Gholdengo
|-immune|p2a: Gholdengo
|
|upkeep
|turn|39
|c|☆yovan|Gg
|-message|yovan forfeited.
|
|win|KeshBa45
|player|p1|
|player|p2|
|player|p1|yovan|az|
|player|p1|
