|j|☆YoSoyDelBronx
|j|☆Dxxiz1
|t:|1779634339
|gametype|singles
|player|p1|YoSoyDelBronx|noland|1295
|player|p2|Dxxiz1|169|1363
|gen|9
|tier|[Gen 9] OU
|rated|
|rule|HP Percentage Mod: HP is shown in percentages
|rule|Endless Battle Clause: Forcing endless battles is banned
|rule|Species Clause: Limit one of each Pokémon
|rule|OHKO Clause: OHKO moves are banned
|rule|Evasion Items Clause: Evasion items are banned
|rule|Evasion Moves Clause: Evasion moves are banned
|rule|Evasion Abilities Clause: Evasion abilities are banned
|rule|Sleep Moves Clause: Sleep-inducing moves are banned
|clearpoke
|poke|p1|Ninetales, F|
|poke|p1|Venusaur, F|
|poke|p1|Walking Wake|
|poke|p1|Brute Bonnet|
|poke|p1|Great Tusk|
|poke|p1|Golem-Alola, M|
|poke|p2|Ceruledge, F|
|poke|p2|Zamazenta-*|
|poke|p2|Dragapult, M|
|poke|p2|Greninja-*, M|
|poke|p2|Kingambit, M|
|poke|p2|Scizor, F|
|teampreview
|inactive|Battle timer is ON: inactive players will automatically lose when time's up. (requested by YoSoyDelBronx)
|
|t:|1779634363
|teamsize|p1|6
|teamsize|p2|6
|start
|switch|p1a: Brute Bonnet|Brute Bonnet|100/100
|switch|p2a: Hattori Hanzo|Ceruledge, F, shiny|100/100
|-enditem|p1a: Brute Bonnet|Booster Energy
|-activate|p1a: Brute Bonnet|ability: Protosynthesis|[fromitem]
|-start|p1a: Brute Bonnet|protosynthesisatk
|turn|1
|
|t:|1779634387
|-terastallize|p1a: Brute Bonnet|Dark
|move|p2a: Hattori Hanzo|Swords Dance|p2a: Hattori Hanzo
|-boost|p2a: Hattori Hanzo|atk|2
|move|p1a: Brute Bonnet|Thief|p2a: Hattori Hanzo
|-supereffective|p2a: Hattori Hanzo
|-enditem|p2a: Hattori Hanzo|Focus Sash
|-damage|p2a: Hattori Hanzo|1/100
|-ability|p2a: Hattori Hanzo|Weak Armor|boost
|-unboost|p2a: Hattori Hanzo|def|1
|-boost|p2a: Hattori Hanzo|spe|2
|
|upkeep
|turn|2
|
|t:|1779634399
|move|p1a: Brute Bonnet|Sucker Punch||[still]
|-fail|p1a: Brute Bonnet
|move|p2a: Hattori Hanzo|Destiny Bond|p2a: Hattori Hanzo
|-singlemove|p2a: Hattori Hanzo|Destiny Bond
|
|upkeep
|turn|3
|
|t:|1779634403
|move|p2a: Hattori Hanzo|Bitter Blade|p1a: Brute Bonnet
|-damage|p1a: Brute Bonnet|19/100
|-heal|p2a: Hattori Hanzo|55/100|[from] drain|[of] p1a: Brute Bonnet
|move|p1a: Brute Bonnet|Thief|p2a: Hattori Hanzo
|-supereffective|p2a: Hattori Hanzo
|-damage|p2a: Hattori Hanzo|0 fnt
|faint|p2a: Hattori Hanzo
|
|upkeep
|
|t:|1779634409
|switch|p2a: Copperhead|Scizor, F, shiny|100/100
|turn|4
|
|t:|1779634412
|move|p1a: Brute Bonnet|Close Combat|p2a: Copperhead
|-damage|p2a: Copperhead|42/100
|-unboost|p1a: Brute Bonnet|def|1
|-unboost|p1a: Brute Bonnet|spd|1
|move|p2a: Copperhead|Swords Dance|p2a: Copperhead
|-boost|p2a: Copperhead|atk|2
|
|upkeep
|turn|5
|
|t:|1779634420
|-end|p1a: Brute Bonnet|Protosynthesis|[silent]
|switch|p1a: Great Tusk|Great Tusk|100/100
|move|p2a: Copperhead|Bullet Punch|p1a: Great Tusk
|-damage|p1a: Great Tusk|54/100
|-damage|p2a: Copperhead|26/100|[from] item: Rocky Helmet|[of] p1a: Great Tusk
|
|upkeep
|turn|6
|
|t:|1779634430
|move|p2a: Copperhead|Bullet Punch|p1a: Great Tusk
|-damage|p1a: Great Tusk|10/100
|-damage|p2a: Copperhead|9/100|[from] item: Rocky Helmet|[of] p1a: Great Tusk
|move|p1a: Great Tusk|Headlong Rush|p2a: Copperhead
|-crit|p2a: Copperhead
|-damage|p2a: Copperhead|0 fnt
|-unboost|p1a: Great Tusk|def|1
|-unboost|p1a: Great Tusk|spd|1
|faint|p2a: Copperhead
|
|upkeep
|
|t:|1779634436
|switch|p2a: Cottonmouth|Greninja, M|100/100
|turn|7
|
|t:|1779634445
|-end|p1a: Great Tusk|Protosynthesis|[silent]
|switch|p1a: Brute Bonnet|Brute Bonnet, tera:Dark|19/100
|move|p2a: Cottonmouth|Dark Pulse|p1a: Brute Bonnet
|-resisted|p1a: Brute Bonnet
|-damage|p1a: Brute Bonnet|2/100
|
|upkeep
|turn|8
|
|t:|1779634450
|move|p2a: Cottonmouth|Water Shuriken|p1a: Brute Bonnet
|-damage|p1a: Brute Bonnet|0 fnt
|faint|p1a: Brute Bonnet
|-end|p1a: Brute Bonnet|Protosynthesis|[silent]
|-ability|p2a: Cottonmouth|Battle Bond|boost
|-boost|p2a: Cottonmouth|atk|1
|-boost|p2a: Cottonmouth|spa|1
|-boost|p2a: Cottonmouth|spe|1
|-activate|p2a: Cottonmouth|ability: Battle Bond
|-hitcount|p1: Brute Bonnet|1
|
|upkeep
|
|t:|1779634452
|switch|p1a: Ninetales|Ninetales, F|100/100
|-weather|SunnyDay|[from] ability: Drought|[of] p1a: Ninetales
|turn|9
|
|t:|1779634473
|move|p2a: Cottonmouth|Surf|p1a: Ninetales
|-supereffective|p1a: Ninetales
|-damage|p1a: Ninetales|40/100
|move|p1a: Ninetales|Encore|p2a: Cottonmouth
|-start|p2a: Cottonmouth|Encore
|
|-weather|SunnyDay|[upkeep]
|upkeep
|turn|10
|
|t:|1779634477
|switch|p1a: Walking Wake|Walking Wake|100/100
|-activate|p1a: Walking Wake|ability: Protosynthesis
|-start|p1a: Walking Wake|protosynthesisspe
|move|p2a: Cottonmouth|Surf|p1a: Walking Wake
|-resisted|p1a: Walking Wake
|-damage|p1a: Walking Wake|92/100
|
|-weather|SunnyDay|[upkeep]
|upkeep
|turn|11
|
|t:|1779634487
|move|p2a: Cottonmouth|Surf|p1a: Walking Wake
|-resisted|p1a: Walking Wake
|-damage|p1a: Walking Wake|83/100
|move|p1a: Walking Wake|Flip Turn|p2a: Cottonmouth
|-resisted|p2a: Cottonmouth
|-damage|p2a: Cottonmouth|94/100
|
|t:|1779634490
|-end|p1a: Walking Wake|Protosynthesis|[silent]
|switch|p1a: Venusaur|Venusaur, F|100/100|[from] Flip Turn
|
|-weather|SunnyDay|[upkeep]
|upkeep
|turn|12
|
|t:|1779634501
|move|p1a: Venusaur|Growth|p1a: Venusaur
|-boost|p1a: Venusaur|atk|2
|-boost|p1a: Venusaur|spa|2
|move|p2a: Cottonmouth|Surf|p1a: Venusaur
|-resisted|p1a: Venusaur
|-damage|p1a: Venusaur|83/100
|
|-weather|SunnyDay|[upkeep]
|-end|p2a: Cottonmouth|Encore
|upkeep
|turn|13
|
|t:|1779634514
|move|p1a: Venusaur|Giga Drain|p2a: Cottonmouth
|-supereffective|p2a: Cottonmouth
|-damage|p2a: Cottonmouth|0 fnt
|-heal|p1a: Venusaur|100/100|[from] drain|[of] p2a: Cottonmouth
|faint|p2a: Cottonmouth
|-damage|p1a: Venusaur|91/100|[from] item: Life Orb
|
|-weather|SunnyDay|[upkeep]
|upkeep
|
|t:|1779634517
|switch|p2a: Casper|Dragapult, M, shiny|100/100
|turn|14
|
|t:|1779634521
|move|p1a: Venusaur|Sludge Bomb|p2a: Casper
|-resisted|p2a: Casper
|-crit|p2a: Casper
|-damage|p2a: Casper|0 fnt
|faint|p2a: Casper
|-damage|p1a: Venusaur|81/100|[from] item: Life Orb
|
|-weather|SunnyDay|[upkeep]
|upkeep
|
|t:|1779634525
|switch|p2a: Hawk|Zamazenta|100/100
|-ability|p2a: Hawk|Dauntless Shield|boost
|-boost|p2a: Hawk|def|1
|turn|15
|
|t:|1779634539
|move|p1a: Venusaur|Giga Drain|p2a: Hawk
|-damage|p2a: Hawk|27/100
|-heal|p1a: Venusaur|100/100|[from] drain|[of] p2a: Hawk
|-damage|p1a: Venusaur|91/100|[from] item: Life Orb
|move|p2a: Hawk|Crunch|p1a: Venusaur
|-damage|p1a: Venusaur|63/100
|-unboost|p1a: Venusaur|def|1
|
|-weather|SunnyDay|[upkeep]
|upkeep
|turn|16
|
|t:|1779634548
|move|p1a: Venusaur|Giga Drain|p2a: Hawk
|-damage|p2a: Hawk|0 fnt
|-heal|p1a: Venusaur|80/100|[from] drain|[of] p2a: Hawk
|faint|p2a: Hawk
|-damage|p1a: Venusaur|70/100|[from] item: Life Orb
|
|-weather|none
|upkeep
|
|t:|1779634550
|switch|p2a: Black Mamba|Kingambit, M, shiny|100/100
|-activate|p2a: Black Mamba|ability: Supreme Overlord
|-start|p2a: Black Mamba|fallen5|[silent]
|turn|17
|
|t:|1779634565
|move|p2a: Black Mamba|Sucker Punch|p1a: Venusaur
|-damage|p1a: Venusaur|0 fnt
|faint|p1a: Venusaur
|
|upkeep
|
|t:|1779634568
|switch|p1a: Ninetales|Ninetales, F|40/100
|-weather|SunnyDay|[from] ability: Drought|[of] p1a: Ninetales
|turn|18
|c|☆YoSoyDelBronx|gg
|c|☆Dxxiz1|gg
|inactive|Dxxiz1 has 120 seconds left.
|
|t:|1779634610
|-terastallize|p2a: Black Mamba|Ghost
|move|p1a: Ninetales|Encore|p2a: Black Mamba
|-start|p2a: Black Mamba|Encore
|move|p2a: Black Mamba|Sucker Punch||[still]
|-fail|p2a: Black Mamba
|
|-weather|SunnyDay|[upkeep]
|upkeep
|turn|19
|
|t:|1779634618
|move|p2a: Black Mamba|Sucker Punch||[still]
|-fail|p2a: Black Mamba
|move|p1a: Ninetales|Will-O-Wisp|p2a: Black Mamba
|-status|p2a: Black Mamba|brn
|-enditem|p2a: Black Mamba|Lum Berry|[eat]
|-curestatus|p2a: Black Mamba|brn|[msg]
|
|-weather|SunnyDay|[upkeep]
|upkeep
|turn|20
|
|t:|1779634635
|move|p2a: Black Mamba|Sucker Punch||[still]
|-fail|p2a: Black Mamba
|move|p1a: Ninetales|Will-O-Wisp|p2a: Black Mamba
|-status|p2a: Black Mamba|brn
|
|-weather|SunnyDay|[upkeep]
|-damage|p2a: Black Mamba|94/100 brn|[from] brn
|-end|p2a: Black Mamba|Encore
|upkeep
|turn|21
|
|t:|1779634645
|move|p1a: Ninetales|Encore|p2a: Black Mamba
|-start|p2a: Black Mamba|Encore
|move|p2a: Black Mamba|Sucker Punch||[still]
|-fail|p2a: Black Mamba
|
|-weather|SunnyDay|[upkeep]
|-damage|p2a: Black Mamba|88/100 brn|[from] brn
|upkeep
|turn|22
|
|t:|1779634660
|move|p2a: Black Mamba|Sucker Punch||[still]
|-fail|p2a: Black Mamba
|move|p1a: Ninetales|Encore||[still]
|-fail|p1a: Ninetales
|
|-weather|SunnyDay|[upkeep]
|-damage|p2a: Black Mamba|82/100 brn|[from] brn
|upkeep
|turn|23
|
|t:|1779634667
|move|p2a: Black Mamba|Sucker Punch||[still]
|-fail|p2a: Black Mamba
|move|p1a: Ninetales|Encore||[still]
|-fail|p1a: Ninetales
|
|-weather|SunnyDay|[upkeep]
|-damage|p2a: Black Mamba|76/100 brn|[from] brn
|-end|p2a: Black Mamba|Encore
|upkeep
|turn|24
|
|t:|1779634670
|move|p1a: Ninetales|Encore|p2a: Black Mamba
|-start|p2a: Black Mamba|Encore
|move|p2a: Black Mamba|Sucker Punch||[still]
|-fail|p2a: Black Mamba
|
|-weather|SunnyDay|[upkeep]
|-damage|p2a: Black Mamba|70/100 brn|[from] brn
|-end|p2a: Black Mamba|Encore
|upkeep
|turn|25
|
|t:|1779634673
|move|p1a: Ninetales|Healing Wish|p1a: Ninetales
|faint|p1a: Ninetales
|move|p2a: Black Mamba|Brick Break|p1: Ninetales|[notarget]
|-fail|p2a: Black Mamba
|
|-weather|none
|-damage|p2a: Black Mamba|64/100 brn|[from] brn
|upkeep
|
|t:|1779634682
|switch|p1a: Great Tusk|Great Tusk|10/100
|-heal|p1a: Great Tusk|100/100|[from] move: Healing Wish
|turn|26
|
|t:|1779634688
|move|p1a: Great Tusk|Bulk Up|p1a: Great Tusk
|-boost|p1a: Great Tusk|atk|1
|-boost|p1a: Great Tusk|def|1
|move|p2a: Black Mamba|Zen Headbutt|p1a: Great Tusk
|-supereffective|p1a: Great Tusk
|-damage|p1a: Great Tusk|82/100
|-damage|p2a: Black Mamba|47/100 brn|[from] item: Rocky Helmet|[of] p1a: Great Tusk
|
|-damage|p2a: Black Mamba|41/100 brn|[from] brn
|upkeep
|turn|27
|
|t:|1779634695
|move|p1a: Great Tusk|Headlong Rush|p2a: Black Mamba
|-damage|p2a: Black Mamba|0 fnt
|-unboost|p1a: Great Tusk|def|1
|-unboost|p1a: Great Tusk|spd|1
|faint|p2a: Black Mamba
|-end|p2a: Black Mamba|fallen5|[silent]
|
|win|YoSoyDelBronx
|raw|YoSoyDelBronx's rating: 1295 &rarr; <strong>1325</strong><br />(+30 for winning)
|raw|Dxxiz1's rating: 1363 &rarr; <strong>1339</strong><br />(-24 for losing)
