|badge|p2|silver|gen9ou|30-9
|uhtml|medal-msg|<div class="broadcast-blue">Curious what those medals under the avatar are? PS now has Ladder Seasons! For more information, check out the <a href="https://www.smogon.com/forums/threads/3740067/">thread on Smogon.</a></div>
|j|☆PiggLad
|j|‽ClRCUS MAXIMUS
|t:|1779649732
|gametype|singles
|player|p1|PiggLad|grimsley-gen7|1747
|player|p2|ClRCUS MAXIMUS|rood|1931
|gen|9
|tier|[Gen 9] OU
|rated|
|rule|HP Percentage Mod: HP is shown in percentages
|rule|Endless Battle Clause: Forcing endless battles is banned
|rule|Species Clause: Limit one of each Pokémon
|rule|OHKO Clause: OHKO moves are banned
|rule|Evasion Items Clause: Evasion items are banned
|rule|Evasion Moves Clause: Evasion moves are banned
|rule|Evasion Abilities Clause: Evasion abilities are banned
|rule|Sleep Moves Clause: Sleep-inducing moves are banned
|clearpoke
|poke|p1|Tyranitar, M|
|poke|p1|Hydrapple, M|
|poke|p1|Enamorus, F|
|poke|p1|Garganacl, F|
|poke|p1|Excadrill, M|
|poke|p1|Alomomola, F|
|poke|p2|Raging Bolt|
|poke|p2|Glimmora, F|
|poke|p2|Great Tusk|
|poke|p2|Deoxys-Speed|
|poke|p2|Gholdengo|
|poke|p2|Tornadus-Therian, M|
|teampreview
|inactive|Battle timer is ON: inactive players will automatically lose when time's up. (requested by PiggLad)
|j| brother iggins
|inactive|ClRCUS MAXIMUS has 120 seconds left.
|j| FaronAan
|
|t:|1779649778
|teamsize|p1|6
|teamsize|p2|6
|start
|switch|p1a: Let The Goons Out|Hydrapple, M, shiny|100/100
|switch|p2a: Deoxys|Deoxys-Speed, shiny|100/100
|-ability|p2a: Deoxys|Pressure
|turn|1
|
|t:|1779649786
|switch|p1a: Alo Cortisol|Alomomola, F|100/100
|move|p2a: Deoxys|Stealth Rock|p1a: Alo Cortisol
|-sidestart|p1: PiggLad|move: Stealth Rock
|
|upkeep
|turn|2
|inactive|ClRCUS MAXIMUS has 120 seconds left.
|
|t:|1779649826
|move|p2a: Deoxys|Reflect|p2a: Deoxys
|-sidestart|p2: ClRCUS MAXIMUS|Reflect
|move|p1a: Alo Cortisol|Flip Turn|p2a: Deoxys
|-damage|p2a: Deoxys|93/100
|
|t:|1779649839
|switch|p1a: ExGon'SpinIntoYa|Excadrill, M|100/100|[from] Flip Turn
|-damage|p1a: ExGon'SpinIntoYa|97/100|[from] Stealth Rock
|
|-heal|p1a: ExGon'SpinIntoYa|100/100|[from] item: Leftovers
|upkeep
|turn|3
|inactive|ClRCUS MAXIMUS has 120 seconds left.
|
|t:|1779649859
|switch|p2a: Tornadus|Tornadus-Therian, M, shiny|100/100
|move|p1a: ExGon'SpinIntoYa|Substitute|p1a: ExGon'SpinIntoYa
|-start|p1a: ExGon'SpinIntoYa|Substitute
|-damage|p1a: ExGon'SpinIntoYa|76/100
|
|-heal|p1a: ExGon'SpinIntoYa|82/100|[from] item: Leftovers
|upkeep
|turn|4
|
|t:|1779649865
|move|p2a: Tornadus|Dark Pulse|p1a: ExGon'SpinIntoYa
|-end|p1a: ExGon'SpinIntoYa|Substitute
|-damage|p2a: Tornadus|91/100|[from] item: Life Orb
|move|p1a: ExGon'SpinIntoYa|Rapid Spin|p2a: Tornadus
|-damage|p2a: Tornadus|79/100
|-boost|p1a: ExGon'SpinIntoYa|spe|1
|-sideend|p1: PiggLad|Stealth Rock|[from] move: Rapid Spin|[of] p1a: ExGon'SpinIntoYa
|
|-heal|p1a: ExGon'SpinIntoYa|88/100|[from] item: Leftovers
|upkeep
|turn|5
|
|t:|1779649874
|move|p1a: ExGon'SpinIntoYa|Substitute|p1a: ExGon'SpinIntoYa
|-start|p1a: ExGon'SpinIntoYa|Substitute
|-damage|p1a: ExGon'SpinIntoYa|63/100
|move|p2a: Tornadus|Nasty Plot|p2a: Tornadus
|-boost|p2a: Tornadus|spa|2
|
|-heal|p1a: ExGon'SpinIntoYa|69/100|[from] item: Leftovers
|upkeep
|turn|6
|
|t:|1779649876
|move|p1a: ExGon'SpinIntoYa|Rock Slide|p2a: Tornadus
|-supereffective|p2a: Tornadus
|-damage|p2a: Tornadus|43/100
|cant|p2a: Tornadus|flinch
|
|-heal|p1a: ExGon'SpinIntoYa|75/100|[from] item: Leftovers
|upkeep
|turn|7
|
|t:|1779649882
|switch|p2a: Great Tusk|Great Tusk, shiny|100/100
|-enditem|p2a: Great Tusk|Booster Energy
|-activate|p2a: Great Tusk|ability: Protosynthesis|[fromitem]
|-start|p2a: Great Tusk|protosynthesisatk
|move|p1a: ExGon'SpinIntoYa|Rock Slide|p2a: Great Tusk
|-resisted|p2a: Great Tusk
|-damage|p2a: Great Tusk|98/100
|
|-heal|p1a: ExGon'SpinIntoYa|81/100|[from] item: Leftovers
|upkeep
|turn|8
|
|t:|1779649886
|move|p1a: ExGon'SpinIntoYa|Earthquake|p2a: Great Tusk
|-damage|p2a: Great Tusk|79/100
|move|p2a: Great Tusk|Head Smash|p1a: ExGon'SpinIntoYa
|-resisted|p1a: ExGon'SpinIntoYa
|-activate|p1a: ExGon'SpinIntoYa|move: Substitute|[damage]
|-damage|p2a: Great Tusk|68/100|[from] Recoil|[of] p1a: ExGon'SpinIntoYa
|
|-heal|p1a: ExGon'SpinIntoYa|87/100|[from] item: Leftovers
|upkeep
|turn|9
|
|t:|1779649891
|move|p1a: ExGon'SpinIntoYa|Earthquake|p2a: Great Tusk
|-damage|p2a: Great Tusk|49/100
|move|p2a: Great Tusk|Ice Spinner|p1a: ExGon'SpinIntoYa
|-end|p1a: ExGon'SpinIntoYa|Substitute
|
|-heal|p1a: ExGon'SpinIntoYa|93/100|[from] item: Leftovers
|-sideend|p2: ClRCUS MAXIMUS|Reflect
|upkeep
|turn|10
|
|t:|1779649898
|move|p1a: ExGon'SpinIntoYa|Substitute|p1a: ExGon'SpinIntoYa
|-start|p1a: ExGon'SpinIntoYa|Substitute
|-damage|p1a: ExGon'SpinIntoYa|68/100
|move|p2a: Great Tusk|Headlong Rush|p1a: ExGon'SpinIntoYa
|-supereffective|p1a: ExGon'SpinIntoYa
|-end|p1a: ExGon'SpinIntoYa|Substitute
|-unboost|p2a: Great Tusk|def|1
|-unboost|p2a: Great Tusk|spd|1
|
|-heal|p1a: ExGon'SpinIntoYa|74/100|[from] item: Leftovers
|upkeep
|turn|11
|j| broflopieopp
|
|t:|1779649901
|move|p1a: ExGon'SpinIntoYa|Earthquake|p2a: Great Tusk
|-damage|p2a: Great Tusk|0 fnt
|faint|p2a: Great Tusk
|-end|p2a: Great Tusk|Protosynthesis|[silent]
|
|-heal|p1a: ExGon'SpinIntoYa|81/100|[from] item: Leftovers
|upkeep
|
|t:|1779649905
|switch|p2a: Tornadus|Tornadus-Therian, M, shiny|76/100
|turn|12
|
|t:|1779649908
|switch|p1a: Alo Cortisol|Alomomola, F|100/100
|move|p2a: Tornadus|Focus Blast|p1a: Alo Cortisol
|-damage|p1a: Alo Cortisol|75/100
|-damage|p2a: Tornadus|66/100|[from] item: Life Orb
|
|upkeep
|turn|13
|-message|ClRCUS MAXIMUS forfeited.
|
|win|PiggLad
|raw|PiggLad's rating: 1747 &rarr; <strong>1777</strong><br />(+30 for winning)
|raw|ClRCUS MAXIMUS's rating: 1931 &rarr; <strong>1901</strong><br />(-30 for losing)
|l|‽ClRCUS MAXIMUS
|player|p2|
|c|☆PiggLad|gg
|l|☆PiggLad
|player|p1|
|l| broflopieopp
