|j|☆Sappy6754
|j|☆joao46364et45
|t:|1779697347
|gametype|singles
|player|p1|Sappy6754|lucas|1264
|player|p2|joao46364et45|swimmerf|1170
|gen|9
|tier|[Gen 9] OU
|rated|
|rule|HP Percentage Mod: HP is shown in percentages
|rule|Endless Battle Clause: Forcing endless battles is banned
|rule|Species Clause: Limit one of each Pokémon
|rule|OHKO Clause: OHKO moves are banned
|rule|Evasion Items Clause: Evasion items are banned
|rule|Evasion Moves Clause: Evasion moves are banned
|rule|Evasion Abilities Clause: Evasion abilities are banned
|rule|Sleep Moves Clause: Sleep-inducing moves are banned
|clearpoke
|poke|p1|Pincurchin, M|
|poke|p1|Iron Thorns|
|poke|p1|Regieleki|
|poke|p1|Hawlucha, M|
|poke|p1|Iron Valiant|
|poke|p1|Kingambit, M|
|poke|p2|Ceruledge, M|
|poke|p2|Deoxys-Speed|
|poke|p2|Raging Bolt|
|poke|p2|Ogerpon-Wellspring, F|
|poke|p2|Kingambit, F|
|poke|p2|Iron Valiant|
|teampreview
|inactive|Battle timer is ON: inactive players will automatically lose when time's up. (requested by Sappy6754)
|
|t:|1779697373
|teamsize|p1|6
|teamsize|p2|6
|start
|switch|p1a: Pincurchin|Pincurchin, M|100/100
|switch|p2a: Deoxys|Deoxys-Speed, shiny|100/100
|-ability|p2a: Deoxys|Pressure
|-fieldstart|move: Electric Terrain|[from] ability: Electric Surge|[of] p1a: Pincurchin
|turn|1
|
|t:|1779697385
|move|p2a: Deoxys|Light Screen|p2a: Deoxys
|-sidestart|p2: joao46364et45|move: Light Screen
|move|p1a: Pincurchin|Spikes|p2a: Deoxys
|-sidestart|p2: joao46364et45|Spikes
|
|upkeep
|turn|2
|
|t:|1779697388
|move|p2a: Deoxys|Reflect|p2a: Deoxys
|-sidestart|p2: joao46364et45|Reflect
|move|p1a: Pincurchin|Spikes|p2a: Deoxys
|-sidestart|p2: joao46364et45|Spikes
|
|upkeep
|turn|3
|
|t:|1779697391
|move|p2a: Deoxys|Stealth Rock|p1a: Pincurchin
|-sidestart|p1: Sappy6754|move: Stealth Rock
|move|p1a: Pincurchin|Spikes|p2a: Deoxys
|-sidestart|p2: joao46364et45|Spikes
|
|upkeep
|turn|4
|
|t:|1779697403
|switch|p2a: Kingambit|Kingambit, F, shiny|100/100
|-item|p2a: Kingambit|Air Balloon
|move|p1a: Pincurchin|Discharge|p2a: Kingambit
|-damage|p2a: Kingambit|83/100
|-enditem|p2a: Kingambit|Air Balloon
|
|upkeep
|turn|5
|
|t:|1779697412
|move|p2a: Kingambit|Swords Dance|p2a: Kingambit
|-boost|p2a: Kingambit|atk|2
|move|p1a: Pincurchin|Memento|p2a: Kingambit
|-unboost|p2a: Kingambit|atk|2
|-unboost|p2a: Kingambit|spa|2
|faint|p1a: Pincurchin
|
|upkeep
|
|t:|1779697434
|switch|p1a: Hawlucha|Hawlucha, M|100/100
|-damage|p1a: Hawlucha|88/100|[from] Stealth Rock
|-enditem|p1a: Hawlucha|Electric Seed
|-boost|p1a: Hawlucha|def|1|[from] item: Electric Seed
|turn|6
|
|t:|1779697450
|-end|p2a: Kingambit|fallenundefined|[silent]
|switch|p2a: Deoxys|Deoxys-Speed, shiny|100/100
|-damage|p2a: Deoxys|75/100|[from] Spikes
|-ability|p2a: Deoxys|Pressure
|move|p1a: Hawlucha|Swords Dance|p1a: Hawlucha
|-boost|p1a: Hawlucha|atk|2
|
|upkeep
|turn|7
|inactive|Sappy6754 has 120 seconds left.
|
|t:|1779697491
|-terastallize|p1a: Hawlucha|Steel
|move|p1a: Hawlucha|Swords Dance|p1a: Hawlucha
|-boost|p1a: Hawlucha|atk|2
|move|p2a: Deoxys|Taunt|p1a: Hawlucha
|-start|p1a: Hawlucha|move: Taunt
|
|upkeep
|turn|8
|
|t:|1779697504
|switch|p2a: Iron Valiant|Iron Valiant, shiny|100/100
|-damage|p2a: Iron Valiant|76/100|[from] Spikes
|-activate|p2a: Iron Valiant|ability: Quark Drive
|-start|p2a: Iron Valiant|quarkdrivespe
|move|p1a: Hawlucha|Acrobatics|p2a: Iron Valiant
|-supereffective|p2a: Iron Valiant
|-damage|p2a: Iron Valiant|0 fnt
|faint|p2a: Iron Valiant
|-end|p2a: Iron Valiant|Quark Drive|[silent]
|
|-sideend|p2: joao46364et45|move: Light Screen
|-fieldend|move: Electric Terrain
|upkeep
|inactive|joao46364et45 has 120 seconds left.
|
|t:|1779697525
|switch|p2a: Ceruledge|Ceruledge, M, shiny|100/100
|-damage|p2a: Ceruledge|76/100|[from] Spikes
|turn|9
|
|t:|1779697529
|move|p1a: Hawlucha|Acrobatics|p2a: Ceruledge
|-damage|p2a: Ceruledge|0 fnt
|faint|p2a: Ceruledge
|
|-sideend|p2: joao46364et45|Reflect
|upkeep
|
|t:|1779697539
|switch|p2a: Kingambit|Kingambit, F, shiny|83/100
|-damage|p2a: Kingambit|58/100|[from] Spikes
|-activate|p2a: Kingambit|ability: Supreme Overlord
|-start|p2a: Kingambit|fallen2|[silent]
|turn|10
|
|t:|1779697544
|-terastallize|p2a: Kingambit|Fighting
|move|p1a: Hawlucha|Close Combat|p2a: Kingambit
|-damage|p2a: Kingambit|0 fnt
|-unboost|p1a: Hawlucha|def|1
|-unboost|p1a: Hawlucha|spd|1
|faint|p2a: Kingambit
|-end|p2a: Kingambit|fallen2|[silent]
|
|-end|p1a: Hawlucha|move: Taunt
|upkeep
|
|t:|1779697549
|switch|p2a: Ogerpon|Ogerpon-Wellspring, F|100/100
|-damage|p2a: Ogerpon|76/100|[from] Spikes
|turn|11
|
|t:|1779697552
|move|p1a: Hawlucha|Acrobatics|p2a: Ogerpon
|-supereffective|p2a: Ogerpon
|-damage|p2a: Ogerpon|0 fnt
|faint|p2a: Ogerpon
|
|upkeep
|
|t:|1779697555
|switch|p2a: Deoxys|Deoxys-Speed, shiny|75/100
|-damage|p2a: Deoxys|50/100|[from] Spikes
|-ability|p2a: Deoxys|Pressure
|turn|12
|
|t:|1779697559
|move|p1a: Hawlucha|Acrobatics|p2a: Deoxys
|-damage|p2a: Deoxys|0 fnt
|faint|p2a: Deoxys
|
|upkeep
|
|t:|1779697561
|switch|p2a: Raging Bolt|Raging Bolt|100/100
|-damage|p2a: Raging Bolt|76/100|[from] Spikes
|-enditem|p2a: Raging Bolt|Booster Energy
|-activate|p2a: Raging Bolt|ability: Protosynthesis|[fromitem]
|-start|p2a: Raging Bolt|protosynthesisspa
|turn|13
|
|t:|1779697564
|move|p1a: Hawlucha|Close Combat|p2a: Raging Bolt
|-damage|p2a: Raging Bolt|0 fnt
|-unboost|p1a: Hawlucha|def|1
|-unboost|p1a: Hawlucha|spd|1
|faint|p2a: Raging Bolt
|-end|p2a: Raging Bolt|Protosynthesis|[silent]
|
|win|Sappy6754
|raw|Sappy6754's rating: 1264 &rarr; <strong>1282</strong><br />(+18 for winning)
|raw|joao46364et45's rating: 1170 &rarr; <strong>1152</strong><br />(-18 for losing)
|l|☆joao46364et45
|player|p2|
|l|☆Sappy6754
|player|p1|
