|j|☆ahjskahskjah
|j|☆chip wittley
|t:|1779583417
|gametype|singles
|player|p1|ahjskahskjah|plasmagrunt-gen5bw|1651
|player|p2|chip wittley|lance|1631
|gen|9
|tier|[Gen 9] OU
|rated|
|rule|HP Percentage Mod: HP is shown in percentages
|rule|Endless Battle Clause: Forcing endless battles is banned
|rule|Species Clause: Limit one of each Pokémon
|rule|OHKO Clause: OHKO moves are banned
|rule|Evasion Items Clause: Evasion items are banned
|rule|Evasion Moves Clause: Evasion moves are banned
|rule|Evasion Abilities Clause: Evasion abilities are banned
|rule|Sleep Moves Clause: Sleep-inducing moves are banned
|clearpoke
|poke|p1|Dragonite, F|
|poke|p1|Clefable, F|
|poke|p1|Gliscor, F|
|poke|p1|Dondozo, F|
|poke|p1|Ogerpon, F|
|poke|p1|Gholdengo|
|poke|p2|Rhydon, M|
|poke|p2|Tyranitar, F|
|poke|p2|Salamence, F|
|poke|p2|Clefable, M|
|poke|p2|Excadrill, F|
|poke|p2|Volcanion|
|teampreview
|
|t:|1779583478
|teamsize|p1|6
|teamsize|p2|6
|start
|switch|p1a: Clefable|Clefable, F|100/100
|switch|p2a: Clefable|Clefable, M|100/100
|turn|1
|inactive|Battle timer is ON: inactive players will automatically lose when time's up. (requested by ahjskahskjah)
|
|t:|1779583483
|move|p2a: Clefable|Thunder Wave|p1a: Clefable
|-status|p1a: Clefable|par
|cant|p1a: Clefable|par
|
|upkeep
|turn|2
|
|t:|1779583487
|switch|p2a: Tyranitar|Tyranitar, F|100/100
|-weather|Sandstorm|[from] ability: Sand Stream|[of] p2a: Tyranitar
|cant|p1a: Clefable|par
|
|-weather|Sandstorm|[upkeep]
|upkeep
|turn|3
|
|t:|1779583490
|move|p2a: Tyranitar|Knock Off|p1a: Clefable
|-resisted|p1a: Clefable
|-damage|p1a: Clefable|83/100 par
|-damage|p2a: Tyranitar|84/100|[from] item: Rocky Helmet|[of] p1a: Clefable
|-enditem|p1a: Clefable|Rocky Helmet|[from] move: Knock Off|[of] p2a: Tyranitar
|move|p1a: Clefable|Stealth Rock|p2a: Tyranitar
|-sidestart|p2: chip wittley|move: Stealth Rock
|
|-weather|Sandstorm|[upkeep]
|upkeep
|turn|4
|
|t:|1779583499
|switch|p2a: Rhydon|Rhydon, M|100/100
|-damage|p2a: Rhydon|94/100|[from] Stealth Rock
|cant|p1a: Clefable|par
|
|-weather|Sandstorm|[upkeep]
|upkeep
|turn|5
|
|t:|1779583509
|switch|p1a: Dondozo|Dondozo, F, shiny|100/100
|move|p2a: Rhydon|Stealth Rock|p1a: Dondozo
|-sidestart|p1: ahjskahskjah|move: Stealth Rock
|
|-weather|Sandstorm|[upkeep]
|-damage|p1a: Dondozo|94/100|[from] Sandstorm
|upkeep
|turn|6
|
|t:|1779583514
|switch|p2a: Volcanion|Volcanion|100/100
|switch|p1a: Gliscor|Gliscor, F|100/100
|-damage|p1a: Gliscor|88/100|[from] Stealth Rock
|
|-weather|Sandstorm|[upkeep]
|-damage|p2a: Volcanion|94/100|[from] Sandstorm
|-status|p1a: Gliscor|tox|[from] item: Toxic Orb
|upkeep
|turn|7
|
|t:|1779583525
|move|p1a: Gliscor|Protect|p1a: Gliscor
|-singleturn|p1a: Gliscor|Protect
|move|p2a: Volcanion|Steam Eruption|p1a: Gliscor
|-activate|p1a: Gliscor|move: Protect
|
|-weather|Sandstorm|[upkeep]
|-damage|p2a: Volcanion|88/100|[from] Sandstorm
|-heal|p1a: Gliscor|100/100 tox|[from] ability: Poison Heal
|upkeep
|turn|8
|
|t:|1779583533
|switch|p1a: Dragonite|Dragonite, F|100/100
|move|p2a: Volcanion|Steam Eruption|p1a: Dragonite
|-resisted|p1a: Dragonite
|-damage|p1a: Dragonite|86/100
|
|-weather|Sandstorm|[upkeep]
|-damage|p2a: Volcanion|82/100|[from] Sandstorm
|-damage|p1a: Dragonite|80/100|[from] Sandstorm
|upkeep
|turn|9
|
|t:|1779583542
|switch|p2a: Clefable|Clefable, M|100/100
|move|p1a: Dragonite|Dragon Tail|p2a: Clefable
|-immune|p2a: Clefable
|
|-weather|none
|upkeep
|turn|10
|
|t:|1779583547
|switch|p1a: Gliscor|Gliscor, F|100/100 tox
|-damage|p1a: Gliscor|88/100 tox|[from] Stealth Rock
|move|p2a: Clefable|Wish|p2a: Clefable
|
|-heal|p1a: Gliscor|100/100 tox|[from] ability: Poison Heal
|upkeep
|turn|11
|
|t:|1779583557
|switch|p2a: Tyranitar|Tyranitar, F|84/100
|-damage|p2a: Tyranitar|72/100|[from] Stealth Rock
|-weather|Sandstorm|[from] ability: Sand Stream|[of] p2a: Tyranitar
|move|p1a: Gliscor|Spikes|p2a: Tyranitar
|-sidestart|p2: chip wittley|Spikes
|
|-weather|Sandstorm|[upkeep]
|-heal|p2a: Tyranitar|100/100|[from] move: Wish|[wisher] Clefable
|upkeep
|turn|12
|
|t:|1779583564
|move|p1a: Gliscor|Protect|p1a: Gliscor
|-singleturn|p1a: Gliscor|Protect
|move|p2a: Tyranitar|Ice Beam|p1a: Gliscor
|-activate|p1a: Gliscor|move: Protect
|
|-weather|Sandstorm|[upkeep]
|upkeep
|turn|13
|
|t:|1779583567
|move|p1a: Gliscor|Toxic|p2a: Tyranitar
|-status|p2a: Tyranitar|tox
|move|p2a: Tyranitar|Ice Beam|p1a: Gliscor
|-supereffective|p1a: Gliscor
|-damage|p1a: Gliscor|23/100 tox
|
|-weather|Sandstorm|[upkeep]
|-heal|p1a: Gliscor|36/100 tox|[from] ability: Poison Heal
|-damage|p2a: Tyranitar|94/100 tox|[from] psn
|upkeep
|turn|14
|
|t:|1779583571
|switch|p2a: Excadrill|Excadrill, F|100/100
|-damage|p2a: Excadrill|97/100|[from] Stealth Rock
|-item|p2a: Excadrill|Air Balloon
|move|p1a: Gliscor|Protect||[still]
|-fail|p1a: Gliscor
|
|-weather|Sandstorm|[upkeep]
|-heal|p1a: Gliscor|48/100 tox|[from] ability: Poison Heal
|upkeep
|turn|15
|
|t:|1779583581
|move|p1a: Gliscor|Protect|p1a: Gliscor
|-singleturn|p1a: Gliscor|Protect
|move|p2a: Excadrill|Rock Slide|p1a: Gliscor
|-activate|p1a: Gliscor|move: Protect
|
|-weather|Sandstorm|[upkeep]
|-heal|p1a: Gliscor|61/100 tox|[from] ability: Poison Heal
|upkeep
|turn|16
|
|t:|1779583594
|move|p2a: Excadrill|Rock Slide|p1a: Gliscor
|-damage|p1a: Gliscor|37/100 tox
|cant|p1a: Gliscor|flinch
|
|-weather|Sandstorm|[upkeep]
|-heal|p1a: Gliscor|49/100 tox|[from] ability: Poison Heal
|upkeep
|turn|17
|
|t:|1779583597
|move|p1a: Gliscor|Protect|p1a: Gliscor
|-singleturn|p1a: Gliscor|Protect
|move|p2a: Excadrill|Swords Dance|p2a: Excadrill
|-boost|p2a: Excadrill|atk|2
|
|-weather|Sandstorm|[upkeep]
|-heal|p1a: Gliscor|62/100 tox|[from] ability: Poison Heal
|upkeep
|turn|18
|
|t:|1779583602
|switch|p1a: Dondozo|Dondozo, F, shiny|94/100
|move|p2a: Excadrill|Rock Slide|p1a: Dondozo
|-damage|p1a: Dondozo|82/100
|
|-weather|none
|upkeep
|turn|19
|
|t:|1779583607
|switch|p2a: Clefable|Clefable, M|100/100
|move|p1a: Dondozo|Waterfall|p2a: Clefable
|-damage|p2a: Clefable|81/100
|
|-heal|p2a: Clefable|87/100|[from] item: Leftovers
|upkeep
|turn|20
|
|t:|1779583611
|switch|p1a: Gliscor|Gliscor, F|62/100 tox
|-damage|p1a: Gliscor|49/100 tox|[from] Stealth Rock
|move|p2a: Clefable|Moonblast|p1a: Gliscor
|-damage|p1a: Gliscor|21/100 tox
|
|-heal|p2a: Clefable|93/100|[from] item: Leftovers
|-heal|p1a: Gliscor|33/100 tox|[from] ability: Poison Heal
|upkeep
|turn|21
|
|t:|1779583618
|move|p1a: Gliscor|Knock Off|p2a: Clefable
|-resisted|p2a: Clefable
|-damage|p2a: Clefable|85/100
|-enditem|p2a: Clefable|Leftovers|[from] move: Knock Off|[of] p1a: Gliscor
|move|p2a: Clefable|Wish|p2a: Clefable
|
|-heal|p1a: Gliscor|46/100 tox|[from] ability: Poison Heal
|upkeep
|turn|22
|
|t:|1779583631
|move|p1a: Gliscor|Knock Off|p2a: Clefable
|-resisted|p2a: Clefable
|-damage|p2a: Clefable|79/100
|move|p2a: Clefable|Moonblast|p1a: Gliscor
|-damage|p1a: Gliscor|21/100 tox
|
|-heal|p2a: Clefable|100/100|[from] move: Wish|[wisher] Clefable
|-heal|p1a: Gliscor|34/100 tox|[from] ability: Poison Heal
|upkeep
|turn|23
|
|t:|1779583637
|move|p1a: Gliscor|Spikes|p2a: Clefable
|-sidestart|p2: chip wittley|Spikes
|move|p2a: Clefable|Moonblast|p1a: Gliscor
|-damage|p1a: Gliscor|7/100 tox
|-unboost|p1a: Gliscor|spa|1
|
|-heal|p1a: Gliscor|20/100 tox|[from] ability: Poison Heal
|upkeep
|turn|24
|
|t:|1779583640
|move|p1a: Gliscor|Protect|p1a: Gliscor
|-singleturn|p1a: Gliscor|Protect
|move|p2a: Clefable|Moonblast|p1a: Gliscor
|-activate|p1a: Gliscor|move: Protect
|
|-heal|p1a: Gliscor|32/100 tox|[from] ability: Poison Heal
|upkeep
|turn|25
|
|t:|1779583655
|switch|p1a: Gholdengo|Gholdengo|100/100
|move|p2a: Clefable|Moonblast|p1a: Gholdengo
|-resisted|p1a: Gholdengo
|-damage|p1a: Gholdengo|85/100
|
|upkeep
|turn|26
|
|t:|1779583671
|switch|p2a: Tyranitar|Tyranitar, F|94/100 tox
|-damage|p2a: Tyranitar|82/100 tox|[from] Stealth Rock
|-damage|p2a: Tyranitar|65/100 tox|[from] Spikes
|-weather|Sandstorm|[from] ability: Sand Stream|[of] p2a: Tyranitar
|move|p1a: Gholdengo|Shadow Ball|p2a: Tyranitar
|-resisted|p2a: Tyranitar
|-damage|p2a: Tyranitar|55/100 tox
|
|-weather|Sandstorm|[upkeep]
|-damage|p2a: Tyranitar|49/100 tox|[from] psn
|upkeep
|turn|27
|
|t:|1779583679
|switch|p1a: Dondozo|Dondozo, F, shiny|82/100
|switch|p2a: Volcanion|Volcanion|82/100
|
|-weather|Sandstorm|[upkeep]
|-damage|p2a: Volcanion|76/100|[from] Sandstorm
|-damage|p1a: Dondozo|76/100|[from] Sandstorm
|upkeep
|turn|28
|j| wuxinshushu1
|
|t:|1779583709
|switch|p1a: Dragonite|Dragonite, F|80/100
|move|p2a: Volcanion|Will-O-Wisp|p1a: Dragonite
|-status|p1a: Dragonite|brn
|
|-weather|Sandstorm|[upkeep]
|-damage|p1a: Dragonite|74/100 brn|[from] Sandstorm
|-damage|p2a: Volcanion|70/100|[from] Sandstorm
|-damage|p1a: Dragonite|68/100 brn|[from] brn
|upkeep
|turn|29
|j| Tabata tyrogue
|
|t:|1779583728
|move|p2a: Volcanion|Sludge Bomb|p1a: Dragonite
|-damage|p1a: Dragonite|35/100 brn
|move|p1a: Dragonite|Roost|p1a: Dragonite
|-heal|p1a: Dragonite|85/100 brn
|-singleturn|p1a: Dragonite|move: Roost
|
|-weather|Sandstorm|[upkeep]
|-damage|p2a: Volcanion|64/100|[from] Sandstorm
|-damage|p1a: Dragonite|79/100 brn|[from] Sandstorm
|-damage|p1a: Dragonite|73/100 brn|[from] brn
|upkeep
|turn|30
|
|t:|1779583738
|switch|p2a: Clefable|Clefable, M|100/100
|move|p1a: Dragonite|Earthquake|p2a: Clefable
|-damage|p2a: Clefable|86/100
|
|-weather|Sandstorm|[upkeep]
|-damage|p1a: Dragonite|67/100 brn|[from] Sandstorm
|-damage|p1a: Dragonite|61/100 brn|[from] brn
|upkeep
|turn|31
|
|t:|1779583741
|switch|p1a: Gholdengo|Gholdengo|85/100
|move|p2a: Clefable|Wish|p2a: Clefable
|
|-weather|Sandstorm|[upkeep]
|upkeep
|turn|32
|
|t:|1779583749
|switch|p2a: Excadrill|Excadrill, F|97/100
|-damage|p2a: Excadrill|94/100|[from] Stealth Rock
|-item|p2a: Excadrill|Air Balloon
|move|p1a: Gholdengo|Nasty Plot|p1a: Gholdengo
|-boost|p1a: Gholdengo|spa|2
|
|-weather|Sandstorm|[upkeep]
|-heal|p2a: Excadrill|100/100|[from] move: Wish|[wisher] Clefable
|upkeep
|turn|33
|
|t:|1779583767
|switch|p2a: Rhydon|Rhydon, M|94/100
|-damage|p2a: Rhydon|88/100|[from] Stealth Rock
|-damage|p2a: Rhydon|72/100|[from] Spikes
|switch|p1a: Ogerpon|Ogerpon, F|100/100
|
|-weather|none
|upkeep
|turn|34
|
|t:|1779583775
|switch|p2a: Salamence|Salamence, F|100/100
|-damage|p2a: Salamence|76/100|[from] Stealth Rock
|-ability|p2a: Salamence|Intimidate|boost
|-unboost|p1a: Ogerpon|atk|1
|-ability|p1a: Ogerpon|Defiant|boost
|-boost|p1a: Ogerpon|atk|2
|move|p1a: Ogerpon|Ivy Cudgel|p2a: Salamence
|-resisted|p2a: Salamence
|-crit|p2a: Salamence
|-damage|p2a: Salamence|41/100
|
|upkeep
|turn|35
|
|t:|1779583788
|move|p1a: Ogerpon|Knock Off|p2a: Salamence
|-damage|p2a: Salamence|0 fnt
|-enditem|p2a: Salamence|Life Orb|[from] move: Knock Off|[of] p1a: Ogerpon
|faint|p2a: Salamence
|
|upkeep
|
|t:|1779583793
|switch|p2a: Clefable|Clefable, M|86/100
|turn|36
|
|t:|1779583800
|switch|p1a: Gholdengo|Gholdengo|85/100
|move|p2a: Clefable|Thunder Wave|p1a: Gholdengo
|-immune|p1a: Gholdengo|[from] ability: Good as Gold
|
|upkeep
|turn|37
|-message|chip wittley forfeited.
|
|win|ahjskahskjah
|raw|ahjskahskjah's rating: 1651 &rarr; <strong>1670</strong><br />(+19 for winning)
|raw|chip wittley's rating: 1631 &rarr; <strong>1612</strong><br />(-19 for losing)
|l|☆chip wittley
|player|p2|
