|badge|p1|bronze|gen9randombattle|100-9
|uhtml|medal-msg|<div class="broadcast-blue">Curious what those medals under the avatar are? PS now has Ladder Seasons! For more information, check out the <a href="https://www.smogon.com/forums/threads/3740067/">thread on Smogon.</a></div>
|j|☆Gloriousplays
|j|☆silver jay#2240
|t:|1779640356
|gametype|singles
|player|p1|Gloriousplays|ash|1577
|player|p2|silver jay#2240|grusha|1540
|gen|9
|tier|[Gen 9] OU
|rated|
|rule|HP Percentage Mod: HP is shown in percentages
|rule|Endless Battle Clause: Forcing endless battles is banned
|rule|Species Clause: Limit one of each Pokémon
|rule|OHKO Clause: OHKO moves are banned
|rule|Evasion Items Clause: Evasion items are banned
|rule|Evasion Moves Clause: Evasion moves are banned
|rule|Evasion Abilities Clause: Evasion abilities are banned
|rule|Sleep Moves Clause: Sleep-inducing moves are banned
|clearpoke
|poke|p1|Umbreon, M|
|poke|p1|Gholdengo|
|poke|p1|Garchomp, F|
|poke|p1|Iron Treads|
|poke|p1|Dragonite, F|
|poke|p1|Iron Valiant|
|poke|p2|Grafaiai, F|
|poke|p2|Alomomola, F|
|poke|p2|Kyurem|
|poke|p2|Weezing-Galar, F|
|poke|p2|Ting-Lu|
|poke|p2|Corviknight, F|
|teampreview
|inactive|Battle timer is ON: inactive players will automatically lose when time's up. (requested by silver jay#2240)
|
|t:|1779640408
|teamsize|p1|6
|teamsize|p2|6
|start
|switch|p1a: of China|Umbreon, M|100/100
|switch|p2a: Kyurem|Kyurem|100/100
|-ability|p2a: Kyurem|Pressure
|turn|1
|
|t:|1779640415
|move|p2a: Kyurem|Substitute|p2a: Kyurem
|-start|p2a: Kyurem|Substitute
|-damage|p2a: Kyurem|75/100
|move|p1a: of China|Toxic||[still]
|-fail|p1a: of China
|
|-heal|p2a: Kyurem|82/100|[from] item: Leftovers
|upkeep
|turn|2
|
|t:|1779640421
|move|p2a: Kyurem|Freeze-Dry|p1a: of China
|-damage|p1a: of China|76/100
|-status|p1a: of China|frz
|cant|p1a: of China|frz
|
|-heal|p2a: Kyurem|88/100|[from] item: Leftovers
|-heal|p1a: of China|82/100 frz|[from] item: Leftovers
|upkeep
|turn|3
|
|t:|1779640428
|switch|p1a: Gholdengo|Gholdengo|100/100
|move|p2a: Kyurem|Freeze-Dry|p1a: Gholdengo
|-resisted|p1a: Gholdengo
|-damage|p1a: Gholdengo|80/100
|
|-heal|p2a: Kyurem|94/100|[from] item: Leftovers
|upkeep
|turn|4
|
|t:|1779640432
|move|p2a: Kyurem|Protect|p2a: Kyurem
|-singleturn|p2a: Kyurem|Protect
|move|p1a: Gholdengo|Shadow Ball|p2a: Kyurem
|-activate|p2a: Kyurem|move: Protect
|
|-heal|p2a: Kyurem|99/100|[from] item: Leftovers
|upkeep
|turn|5
|
|t:|1779640437
|move|p1a: Gholdengo|Shadow Ball|p2a: Kyurem
|-end|p2a: Kyurem|Substitute
|move|p2a: Kyurem|Earth Power|p1a: Gholdengo
|-supereffective|p1a: Gholdengo
|-damage|p1a: Gholdengo|4/100
|-unboost|p1a: Gholdengo|spd|1
|
|-heal|p2a: Kyurem|100/100|[from] item: Leftovers
|upkeep
|turn|6
|
|t:|1779640448
|switch|p1a: Iron Valiant|Iron Valiant|100/100
|switch|p2a: TingTingTing Luhur|Ting-Lu|100/100
|-ability|p2a: TingTingTing Luhur|Vessel of Ruin
|
|upkeep
|turn|7
|
|t:|1779640455
|switch|p2a: Weezing|Weezing-Galar, F|100/100
|-ability|p2a: Weezing|Neutralizing Gas
|move|p1a: Iron Valiant|Moonblast|p2a: Weezing
|-resisted|p2a: Weezing
|-crit|p2a: Weezing
|-damage|p2a: Weezing|39/100
|
|-heal|p2a: Weezing|45/100|[from] item: Leftovers
|upkeep
|turn|8
|
|t:|1779640470
|-terastallize|p1a: Iron Valiant|Fairy
|move|p2a: Weezing|Protect|p2a: Weezing
|-singleturn|p2a: Weezing|Protect
|move|p1a: Iron Valiant|Moonblast|p2a: Weezing
|-activate|p2a: Weezing|move: Protect
|
|-heal|p2a: Weezing|51/100|[from] item: Leftovers
|upkeep
|turn|9
|
|t:|1779640478
|-end|p2a: Weezing|ability: Neutralizing Gas
|switch|p2a: Corviknight|Corviknight, F, shiny|100/100
|-ability|p2a: Corviknight|Pressure
|move|p1a: Iron Valiant|Moonblast|p2a: Corviknight
|-resisted|p2a: Corviknight
|-damage|p2a: Corviknight|74/100
|
|upkeep
|turn|10
|
|t:|1779640485
|move|p1a: Iron Valiant|Thunderbolt|p2a: Corviknight
|-supereffective|p2a: Corviknight
|-damage|p2a: Corviknight|33/100
|move|p2a: Corviknight|Bulk Up|p2a: Corviknight
|-boost|p2a: Corviknight|atk|1
|-boost|p2a: Corviknight|def|1
|
|upkeep
|turn|11
|
|t:|1779640493
|-terastallize|p2a: Corviknight|Fire
|move|p1a: Iron Valiant|Thunderbolt|p2a: Corviknight
|-damage|p2a: Corviknight|11/100
|move|p2a: Corviknight|Roost|p2a: Corviknight
|-heal|p2a: Corviknight|61/100
|
|upkeep
|turn|12
|
|t:|1779640501
|-end|p1a: Iron Valiant|Quark Drive|[silent]
|switch|p1a: Garchomp|Garchomp, F|100/100
|move|p2a: Corviknight|Roost|p2a: Corviknight
|-heal|p2a: Corviknight|100/100
|
|upkeep
|turn|13
|
|t:|1779640512
|switch|p2a: Alomomola|Alomomola, F|100/100
|move|p1a: Garchomp|Dragon Tail|p2a: Alomomola
|-damage|p2a: Alomomola|84/100
|drag|p2a: Weezing|Weezing-Galar, F|51/100
|-ability|p2a: Weezing|Neutralizing Gas
|
|-heal|p2a: Weezing|57/100|[from] item: Leftovers
|upkeep
|turn|14
|
|t:|1779640521
|-end|p2a: Weezing|ability: Neutralizing Gas
|switch|p2a: Kyurem|Kyurem|100/100
|-ability|p2a: Kyurem|Pressure
|move|p1a: Garchomp|Stealth Rock|p2a: Kyurem
|-sidestart|p2: silver jay#2240|move: Stealth Rock
|
|upkeep
|turn|15
|
|t:|1779640534
|switch|p1a: Iron Treads|Iron Treads|100/100
|-item|p1a: Iron Treads|Air Balloon
|move|p2a: Kyurem|Freeze-Dry|p1a: Iron Treads
|-damage|p1a: Iron Treads|64/100
|-enditem|p1a: Iron Treads|Air Balloon
|
|upkeep
|turn|16
|
|t:|1779640538
|move|p2a: Kyurem|Earth Power|p1a: Iron Treads
|-supereffective|p1a: Iron Treads
|-damage|p1a: Iron Treads|5/100
|move|p1a: Iron Treads|Knock Off|p2a: Kyurem
|-damage|p2a: Kyurem|79/100
|-enditem|p2a: Kyurem|Leftovers|[from] move: Knock Off|[of] p1a: Iron Treads
|
|upkeep
|turn|17
|
|t:|1779640551
|move|p2a: Kyurem|Freeze-Dry|p1a: Iron Treads
|-damage|p1a: Iron Treads|0 fnt
|faint|p1a: Iron Treads
|-end|p1a: Iron Treads|Quark Drive|[silent]
|
|upkeep
|
|t:|1779640563
|switch|p1a: Iron Valiant|Iron Valiant, tera:Fairy|100/100
|turn|18
|
|t:|1779640575
|-end|p1a: Iron Valiant|Quark Drive|[silent]
|switch|p1a: Garchomp|Garchomp, F|100/100
|move|p2a: Kyurem|Protect||[still]
|-fail|p2a: Kyurem
|
|upkeep
|turn|19
|
|t:|1779640581
|switch|p1a: of China|Umbreon, M|82/100 frz
|move|p2a: Kyurem|Freeze-Dry|p1a: of China
|-damage|p1a: of China|59/100 frz
|
|-heal|p1a: of China|65/100 frz|[from] item: Leftovers
|upkeep
|turn|20
|
|t:|1779640591
|cant|p1a: of China|frz
|move|p2a: Kyurem|Substitute|p2a: Kyurem
|-start|p2a: Kyurem|Substitute
|-damage|p2a: Kyurem|54/100
|
|-heal|p1a: of China|71/100 frz|[from] item: Leftovers
|upkeep
|turn|21
|
|t:|1779640593
|cant|p1a: of China|frz
|move|p2a: Kyurem|Freeze-Dry|p1a: of China
|-damage|p1a: of China|44/100 frz
|
|-heal|p1a: of China|50/100 frz|[from] item: Leftovers
|upkeep
|turn|22
|
|t:|1779640596
|-curestatus|p1a: of China|frz|[msg]
|move|p1a: of China|Protect|p1a: of China
|-singleturn|p1a: of China|Protect
|move|p2a: Kyurem|Freeze-Dry|p1a: of China
|-activate|p1a: of China|move: Protect
|
|-heal|p1a: of China|57/100|[from] item: Leftovers
|upkeep
|turn|23
|
|t:|1779640600
|move|p2a: Kyurem|Freeze-Dry|p1a: of China
|-damage|p1a: of China|31/100
|move|p1a: of China|Wish|p1a: of China
|
|-heal|p1a: of China|37/100|[from] item: Leftovers
|upkeep
|turn|24
|
|t:|1779640604
|move|p1a: of China|Protect|p1a: of China
|-singleturn|p1a: of China|Protect
|move|p2a: Kyurem|Freeze-Dry|p1a: of China
|-activate|p1a: of China|move: Protect
|
|-heal|p1a: of China|87/100|[from] move: Wish|[wisher] of China
|-heal|p1a: of China|93/100|[from] item: Leftovers
|upkeep
|turn|25
|
|t:|1779640608
|move|p2a: Kyurem|Freeze-Dry|p1a: of China
|-damage|p1a: of China|68/100
|move|p1a: of China|Wish|p1a: of China
|
|-heal|p1a: of China|74/100|[from] item: Leftovers
|upkeep
|turn|26
|
|t:|1779640614
|move|p2a: Kyurem|Freeze-Dry|p1a: of China
|-damage|p1a: of China|49/100
|-status|p1a: of China|frz
|cant|p1a: of China|frz
|
|-heal|p1a: of China|99/100 frz|[from] move: Wish|[wisher] of China
|-heal|p1a: of China|100/100 frz|[from] item: Leftovers
|upkeep
|turn|27
|
|t:|1779640619
|cant|p1a: of China|frz
|move|p2a: Kyurem|Freeze-Dry|p1a: of China
|-damage|p1a: of China|74/100 frz
|
|-heal|p1a: of China|80/100 frz|[from] item: Leftovers
|upkeep
|turn|28
|
|t:|1779640624
|switch|p2a: Corviknight|Corviknight, F, shiny, tera:Fire|100/100
|-damage|p2a: Corviknight|76/100|[from] Stealth Rock
|-ability|p2a: Corviknight|Pressure
|-curestatus|p1a: of China|frz|[msg]
|move|p1a: of China|Protect||[still]
|-fail|p1a: of China
|
|-heal|p1a: of China|86/100|[from] item: Leftovers
|upkeep
|turn|29
|
|t:|1779640633
|switch|p2a: Alomomola|Alomomola, F|100/100
|move|p1a: of China|Toxic|p2a: Alomomola
|-status|p2a: Alomomola|tox
|
|-heal|p1a: of China|92/100|[from] item: Leftovers
|-damage|p2a: Alomomola|94/100 tox|[from] psn
|upkeep
|turn|30
|
|t:|1779640636
|move|p1a: of China|Protect|p1a: of China
|-singleturn|p1a: of China|Protect
|move|p2a: Alomomola|Wish|p2a: Alomomola
|
|-heal|p1a: of China|98/100|[from] item: Leftovers
|-damage|p2a: Alomomola|82/100 tox|[from] psn
|upkeep
|turn|31
|j| foxi4
|
|t:|1779640641
|move|p1a: of China|Foul Play|p2a: Alomomola
|-damage|p2a: Alomomola|66/100 tox
|move|p2a: Alomomola|Flip Turn|p1a: of China
|-damage|p1a: of China|89/100
|
|t:|1779640647
|switch|p2a: Weezing|Weezing-Galar, F|57/100|[from] Flip Turn
|-ability|p2a: Weezing|Neutralizing Gas
|-damage|p2a: Weezing|45/100|[from] Stealth Rock
|
|-heal|p2a: Weezing|100/100|[from] move: Wish|[wisher] Alomomola
|-heal|p1a: of China|95/100|[from] item: Leftovers
|upkeep
|turn|32
|
|t:|1779640655
|move|p2a: Weezing|Will-O-Wisp|p1a: of China
|-status|p1a: of China|brn
|move|p1a: of China|Wish|p1a: of China
|
|-heal|p1a: of China|100/100 brn|[from] item: Leftovers
|-damage|p1a: of China|94/100 brn|[from] brn
|upkeep
|turn|33
|
|t:|1779640671
|switch|p1a: Garchomp|Garchomp, F|100/100
|move|p2a: Weezing|Defog|p1a: Garchomp
|-unboost|p1a: Garchomp|evasion|1
|-sideend|p2: silver jay#2240|Stealth Rock|[from] move: Defog|[of] p2a: Weezing
|
|upkeep
|turn|34
|
|t:|1779640676
|move|p1a: Garchomp|Stealth Rock|p2a: Weezing
|-sidestart|p2: silver jay#2240|move: Stealth Rock
|move|p2a: Weezing|Will-O-Wisp|p1a: Garchomp
|-status|p1a: Garchomp|brn
|
|-damage|p1a: Garchomp|94/100 brn|[from] brn
|upkeep
|turn|35
|
|t:|1779640680
|move|p1a: Garchomp|Spikes|p2a: Weezing
|-sidestart|p2: silver jay#2240|Spikes
|move|p2a: Weezing|Defog|p1a: Garchomp
|-unboost|p1a: Garchomp|evasion|1
|-sideend|p2: silver jay#2240|Spikes|[from] move: Defog|[of] p2a: Weezing
|-sideend|p2: silver jay#2240|Stealth Rock|[from] move: Defog|[of] p2a: Weezing
|
|-damage|p1a: Garchomp|88/100 brn|[from] brn
|upkeep
|turn|36
|
|t:|1779640688
|-end|p2a: Weezing|ability: Neutralizing Gas
|switch|p2a: TingTingTing Luhur|Ting-Lu|100/100
|-ability|p2a: TingTingTing Luhur|Vessel of Ruin
|move|p1a: Garchomp|Stealth Rock|p2a: TingTingTing Luhur
|-sidestart|p2: silver jay#2240|move: Stealth Rock
|
|-damage|p1a: Garchomp|82/100 brn|[from] brn
|upkeep
|turn|37
|
|t:|1779640695
|move|p1a: Garchomp|Spikes|p2a: TingTingTing Luhur
|-sidestart|p2: silver jay#2240|Spikes
|move|p2a: TingTingTing Luhur|Stealth Rock|p1a: Garchomp
|-sidestart|p1: Gloriousplays|move: Stealth Rock
|
|-damage|p1a: Garchomp|76/100 brn|[from] brn
|upkeep
|turn|38
|
|t:|1779640699
|move|p1a: Garchomp|Spikes|p2a: TingTingTing Luhur
|-sidestart|p2: silver jay#2240|Spikes
|move|p2a: TingTingTing Luhur|Whirlwind|p1a: Garchomp
|drag|p1a: Iron Valiant|Iron Valiant, tera:Fairy|100/100
|-damage|p1a: Iron Valiant|88/100|[from] Stealth Rock
|
|upkeep
|turn|39
|
|t:|1779640709
|move|p1a: Iron Valiant|Moonblast|p2a: TingTingTing Luhur
|-supereffective|p2a: TingTingTing Luhur
|-damage|p2a: TingTingTing Luhur|33/100
|-unboost|p2a: TingTingTing Luhur|spa|1
|move|p2a: TingTingTing Luhur|Earthquake|p1a: Iron Valiant
|-damage|p1a: Iron Valiant|40/100
|
|-heal|p2a: TingTingTing Luhur|39/100|[from] item: Leftovers
|upkeep
|turn|40
|
|t:|1779640714
|move|p1a: Iron Valiant|Moonblast|p2a: TingTingTing Luhur
|-supereffective|p2a: TingTingTing Luhur
|-damage|p2a: TingTingTing Luhur|0 fnt
|faint|p2a: TingTingTing Luhur
|
|upkeep
|
|t:|1779640732
|switch|p2a: Weezing|Weezing-Galar, F|100/100
|-ability|p2a: Weezing|Neutralizing Gas
|-damage|p2a: Weezing|88/100|[from] Stealth Rock
|-damage|p2a: Weezing|72/100|[from] Spikes
|turn|41
|
|t:|1779640740
|move|p1a: Iron Valiant|Knock Off|p2a: Weezing
|-resisted|p2a: Weezing
|-damage|p2a: Weezing|61/100
|-enditem|p2a: Weezing|Leftovers|[from] move: Knock Off|[of] p1a: Iron Valiant
|move|p2a: Weezing|Toxic|p1a: Iron Valiant
|-status|p1a: Iron Valiant|tox
|
|-damage|p1a: Iron Valiant|34/100 tox|[from] psn
|upkeep
|turn|42
|
|t:|1779640756
|-end|p1a: Iron Valiant|Quark Drive|[silent]
|switch|p1a: of China|Umbreon, M|94/100 brn
|-damage|p1a: of China|82/100 brn|[from] Stealth Rock
|move|p2a: Weezing|Protect||[still]
|-fail|p2a: Weezing
|
|-heal|p1a: of China|88/100 brn|[from] item: Leftovers
|-damage|p1a: of China|82/100 brn|[from] brn
|upkeep
|turn|43
|
|t:|1779640773
|-end|p2a: Weezing|ability: Neutralizing Gas
|switch|p2a: Corviknight|Corviknight, F, shiny, tera:Fire|76/100
|-damage|p2a: Corviknight|51/100|[from] Stealth Rock
|-damage|p2a: Corviknight|34/100|[from] Spikes
|-ability|p2a: Corviknight|Pressure
|move|p1a: of China|Wish|p1a: of China
|
|-heal|p1a: of China|88/100 brn|[from] item: Leftovers
|-damage|p1a: of China|82/100 brn|[from] brn
|upkeep
|turn|44
|
|t:|1779640782
|move|p2a: Corviknight|Roost|p2a: Corviknight
|-heal|p2a: Corviknight|84/100
|move|p1a: of China|Toxic|p2a: Corviknight
|-status|p2a: Corviknight|tox
|
|-heal|p1a: of China|100/100 brn|[from] move: Wish|[wisher] of China
|-damage|p2a: Corviknight|78/100 tox|[from] psn
|-damage|p1a: of China|94/100 brn|[from] brn
|upkeep
|turn|45
|
|t:|1779640788
|switch|p2a: Grafaiai|Grafaiai, F, shiny|100/100
|-damage|p2a: Grafaiai|88/100|[from] Stealth Rock
|-damage|p2a: Grafaiai|71/100|[from] Spikes
|move|p1a: of China|Wish|p1a: of China
|
|-heal|p1a: of China|100/100 brn|[from] item: Leftovers
|-damage|p1a: of China|94/100 brn|[from] brn
|upkeep
|turn|46
|
|t:|1779640803
|switch|p1a: Garchomp|Garchomp, F|76/100 brn
|-damage|p1a: Garchomp|69/100 brn|[from] Stealth Rock
|move|p2a: Grafaiai|Dig||[still]
|-prepare|p2a: Grafaiai|Dig
|
|-heal|p1a: Garchomp|100/100 brn|[from] move: Wish|[wisher] of China
|-damage|p1a: Garchomp|94/100 brn|[from] brn
|upkeep
|turn|47
|
|t:|1779640810
|move|p1a: Garchomp|Earthquake|p2a: Grafaiai
|-supereffective|p2a: Grafaiai
|-damage|p2a: Grafaiai|0 fnt
|faint|p2a: Grafaiai
|
|-damage|p1a: Garchomp|88/100 brn|[from] brn
|upkeep
|-message|silver jay#2240 forfeited.
|
|win|Gloriousplays
|raw|Gloriousplays's rating: 1577 &rarr; <strong>1595</strong><br />(+18 for winning)
|raw|silver jay#2240's rating: 1540 &rarr; <strong>1522</strong><br />(-18 for losing)
|l|☆silver jay#2240
|player|p2|
|l|☆Gloriousplays
|player|p1|
