|j|☆verv6o
|j|☆Shadowz987
|t:|1779654914
|gametype|singles
|player|p1|verv6o|2|1428
|player|p2|Shadowz987|266|1403
|gen|9
|tier|[Gen 9] OU
|rated|
|rule|HP Percentage Mod: HP is shown in percentages
|rule|Endless Battle Clause: Forcing endless battles is banned
|rule|Species Clause: Limit one of each Pokémon
|rule|OHKO Clause: OHKO moves are banned
|rule|Evasion Items Clause: Evasion items are banned
|rule|Evasion Moves Clause: Evasion moves are banned
|rule|Evasion Abilities Clause: Evasion abilities are banned
|rule|Sleep Moves Clause: Sleep-inducing moves are banned
|clearpoke
|poke|p1|Ogerpon, F|
|poke|p1|Dragonite, M|
|poke|p1|Kingambit, M|
|poke|p1|Hatterene, F|
|poke|p1|Iron Hands|
|poke|p1|Moltres|
|poke|p2|Glimmora, F|
|poke|p2|Garganacl, F|
|poke|p2|Hatterene, F|
|poke|p2|Salazzle, F|
|poke|p2|Ogerpon-Wellspring, F|
|poke|p2|Clodsire, F|
|teampreview
|
|t:|1779654947
|teamsize|p1|6
|teamsize|p2|6
|start
|switch|p1a: Hatterene|Hatterene, F|100/100
|switch|p2a: Salazzle|Salazzle, F|100/100
|turn|1
|inactive|Battle timer is ON: inactive players will automatically lose when time's up. (requested by verv6o)
|
|t:|1779654962
|move|p2a: Salazzle|Protect|p2a: Salazzle
|-singleturn|p2a: Salazzle|Protect
|move|p1a: Hatterene|Psychic Noise|p2a: Salazzle
|-activate|p2a: Salazzle|move: Protect
|
|upkeep
|turn|2
|
|t:|1779654989
|move|p2a: Salazzle|Toxic|p1a: Hatterene
|move|p1a: Hatterene|Toxic|p2a: Salazzle|[from] ability: Magic Bounce
|-immune|p2a: Salazzle
|move|p1a: Hatterene|Psychic Noise|p2a: Salazzle
|-supereffective|p2a: Salazzle
|-enditem|p2a: Salazzle|Focus Sash
|-damage|p2a: Salazzle|1/100
|-start|p2a: Salazzle|move: Heal Block
|
|upkeep
|turn|3
|
|t:|1779654994
|move|p2a: Salazzle|Endeavor|p1a: Hatterene
|-damage|p1a: Hatterene|1/100
|-enditem|p1a: Hatterene|Sitrus Berry|[eat]
|-heal|p1a: Hatterene|26/100|[from] item: Sitrus Berry
|move|p1a: Hatterene|Nuzzle|p2a: Salazzle
|-damage|p2a: Salazzle|0 fnt
|faint|p2a: Salazzle
|
|upkeep
|
|t:|1779655002
|switch|p2a: Glimmora|Glimmora, F|100/100
|-item|p2a: Glimmora|Air Balloon
|turn|4
|
|t:|1779655016
|move|p2a: Glimmora|Power Gem|p1a: Hatterene
|-damage|p1a: Hatterene|0 fnt
|faint|p1a: Hatterene
|
|upkeep
|
|t:|1779655021
|switch|p1a: Dragonite|Dragonite, M|100/100
|turn|5
|
|t:|1779655031
|switch|p1a: Iron Hands|Iron Hands|100/100
|-item|p1a: Iron Hands|Air Balloon
|move|p2a: Glimmora|Toxic|p1a: Iron Hands
|-status|p1a: Iron Hands|tox
|
|-damage|p1a: Iron Hands|94/100 tox|[from] psn
|upkeep
|turn|6
|
|t:|1779655044
|move|p2a: Glimmora|Power Gem|p1a: Iron Hands
|-resisted|p1a: Iron Hands
|-damage|p1a: Iron Hands|80/100 tox
|-enditem|p1a: Iron Hands|Air Balloon
|move|p1a: Iron Hands|Supercell Slam|p2a: Glimmora
|-damage|p2a: Glimmora|36/100
|-activate|p2a: Glimmora|ability: Toxic Debris
|-sidestart|p1: verv6o|move: Toxic Spikes
|-enditem|p2a: Glimmora|Air Balloon
|
|-damage|p1a: Iron Hands|67/100 tox|[from] psn
|upkeep
|turn|7
|
|t:|1779655056
|move|p2a: Glimmora|Earth Power|p1a: Iron Hands
|-supereffective|p1a: Iron Hands
|-damage|p1a: Iron Hands|24/100 tox
|move|p1a: Iron Hands|Earthquake|p2a: Glimmora
|-supereffective|p2a: Glimmora
|-damage|p2a: Glimmora|0 fnt
|-activate|p2a: Glimmora|ability: Toxic Debris
|-sidestart|p1: verv6o|move: Toxic Spikes
|faint|p2a: Glimmora
|
|-damage|p1a: Iron Hands|6/100 tox|[from] psn
|upkeep
|inactive|Shadowz987 has 120 seconds left.
|
|t:|1779655111
|switch|p2a: Ogerpon|Ogerpon-Wellspring, F|100/100
|turn|8
|
|t:|1779655121
|move|p2a: Ogerpon|Ivy Cudgel|p1a: Iron Hands|[anim] Ivy Cudgel Water
|-damage|p1a: Iron Hands|0 fnt
|faint|p1a: Iron Hands
|-end|p1a: Iron Hands|Quark Drive|[silent]
|
|upkeep
|
|t:|1779655127
|switch|p1a: Dragonite|Dragonite, M|100/100
|turn|9
|
|t:|1779655134
|move|p2a: Ogerpon|Swords Dance|p2a: Ogerpon
|-boost|p2a: Ogerpon|atk|2
|move|p1a: Dragonite|Dragon Dance|p1a: Dragonite
|-boost|p1a: Dragonite|atk|1
|-boost|p1a: Dragonite|spe|1
|
|upkeep
|turn|10
|
|t:|1779655142
|move|p1a: Dragonite|Dragon Dance|p1a: Dragonite
|-boost|p1a: Dragonite|atk|1
|-boost|p1a: Dragonite|spe|1
|move|p2a: Ogerpon|Encore|p1a: Dragonite
|-start|p1a: Dragonite|Encore
|
|upkeep
|turn|11
|
|t:|1779655151
|switch|p1a: Moltres|Moltres|100/100
|move|p2a: Ogerpon|Ivy Cudgel|p1a: Moltres|[anim] Ivy Cudgel Water
|-supereffective|p1a: Moltres
|-damage|p1a: Moltres|0 fnt
|faint|p1a: Moltres
|
|upkeep
|
|t:|1779655153
|switch|p1a: Kingambit|Kingambit, M|100/100
|-activate|p1a: Kingambit|ability: Supreme Overlord
|-start|p1a: Kingambit|fallen3|[silent]
|turn|12
|
|t:|1779655158
|move|p2a: Ogerpon|Ivy Cudgel|p1a: Kingambit|[anim] Ivy Cudgel Water
|-crit|p1a: Kingambit
|-damage|p1a: Kingambit|0 fnt
|faint|p1a: Kingambit
|-end|p1a: Kingambit|fallen3|[silent]
|
|upkeep
|
|t:|1779655161
|switch|p1a: Ogerpon|Ogerpon, F|100/100
|turn|13
|
|t:|1779655173
|-terastallize|p1a: Ogerpon|Grass
|detailschange|p1a: Ogerpon|Ogerpon-Teal-Tera, F, tera:Grass
|-ability|p1a: Ogerpon|Embody Aspect (Teal)|boost
|-boost|p1a: Ogerpon|spe|1
|move|p1a: Ogerpon|Ivy Cudgel|p2a: Ogerpon
|-crit|p2a: Ogerpon
|-damage|p2a: Ogerpon|0 fnt
|faint|p2a: Ogerpon
|
|upkeep
|inactive|Shadowz987 has 120 seconds left.
|
|t:|1779655200
|switch|p2a: Hatterene|Hatterene, F|100/100
|turn|14
|
|t:|1779655205
|move|p1a: Ogerpon|Knock Off|p2a: Hatterene
|-damage|p2a: Hatterene|70/100
|-enditem|p2a: Hatterene|Leftovers|[from] move: Knock Off|[of] p1a: Ogerpon
|move|p2a: Hatterene|Mystical Fire|p1a: Ogerpon
|-supereffective|p1a: Ogerpon
|-damage|p1a: Ogerpon|43/100
|-unboost|p1a: Ogerpon|spa|1
|
|upkeep
|turn|15
|
|t:|1779655213
|move|p1a: Ogerpon|Ivy Cudgel|p2a: Hatterene
|-damage|p2a: Hatterene|7/100
|move|p2a: Hatterene|Draining Kiss|p1a: Ogerpon
|-damage|p1a: Ogerpon|13/100
|-heal|p2a: Hatterene|29/100|[from] drain|[of] p1a: Ogerpon
|
|upkeep
|turn|16
|
|t:|1779655217
|move|p1a: Ogerpon|Ivy Cudgel|p2a: Hatterene
|-damage|p2a: Hatterene|0 fnt
|faint|p2a: Hatterene
|
|upkeep
|
|t:|1779655222
|switch|p2a: Clodsire|Clodsire, F|100/100
|turn|17
|
|t:|1779655225
|-terastallize|p2a: Clodsire|Flying
|move|p1a: Ogerpon|Ivy Cudgel|p2a: Clodsire
|-resisted|p2a: Clodsire
|-damage|p2a: Clodsire|63/100
|move|p2a: Clodsire|Curse|p2a: Clodsire
|-unboost|p2a: Clodsire|spe|1
|-boost|p2a: Clodsire|atk|1
|-boost|p2a: Clodsire|def|1
|
|-heal|p2a: Clodsire|69/100|[from] item: Leftovers
|upkeep
|turn|18
|
|t:|1779655231
|move|p1a: Ogerpon|Knock Off|p2a: Clodsire
|-damage|p2a: Clodsire|41/100
|-enditem|p2a: Clodsire|Leftovers|[from] move: Knock Off|[of] p1a: Ogerpon
|move|p2a: Clodsire|Curse|p2a: Clodsire
|-unboost|p2a: Clodsire|spe|1
|-boost|p2a: Clodsire|atk|1
|-boost|p2a: Clodsire|def|1
|
|upkeep
|turn|19
|
|t:|1779655236
|move|p1a: Ogerpon|Ivy Cudgel|p2a: Clodsire
|-resisted|p2a: Clodsire
|-damage|p2a: Clodsire|22/100
|move|p2a: Clodsire|Recover|p2a: Clodsire
|-heal|p2a: Clodsire|72/100
|
|upkeep
|turn|20
|
|t:|1779655241
|move|p1a: Ogerpon|Ivy Cudgel|p2a: Clodsire
|-resisted|p2a: Clodsire
|-damage|p2a: Clodsire|51/100
|move|p2a: Clodsire|Liquidation|p1a: Ogerpon
|-resisted|p1a: Ogerpon
|-damage|p1a: Ogerpon|0 fnt
|faint|p1a: Ogerpon
|detailschange|p1: Ogerpon|Ogerpon, F|[silent]
|
|upkeep
|
|t:|1779655247
|switch|p1a: Dragonite|Dragonite, M|100/100
|turn|21
|
|t:|1779655250
|move|p1a: Dragonite|Dragon Dance|p1a: Dragonite
|-boost|p1a: Dragonite|atk|1
|-boost|p1a: Dragonite|spe|1
|move|p2a: Clodsire|Recover|p2a: Clodsire
|-heal|p2a: Clodsire|100/100
|
|upkeep
|turn|22
|
|t:|1779655256
|move|p1a: Dragonite|Fire Punch|p2a: Clodsire
|-damage|p2a: Clodsire|87/100
|move|p2a: Clodsire|Curse|p2a: Clodsire
|-unboost|p2a: Clodsire|spe|1
|-boost|p2a: Clodsire|atk|1
|-boost|p2a: Clodsire|def|1
|
|upkeep
|turn|23
|
|t:|1779655260
|move|p1a: Dragonite|Fire Punch|p2a: Clodsire
|-damage|p2a: Clodsire|76/100
|move|p2a: Clodsire|Liquidation|p1a: Dragonite
|-resisted|p1a: Dragonite
|-damage|p1a: Dragonite|90/100
|-unboost|p1a: Dragonite|def|1
|
|upkeep
|turn|24
|
|t:|1779655264
|move|p1a: Dragonite|Fire Punch|p2a: Clodsire
|-damage|p2a: Clodsire|64/100
|move|p2a: Clodsire|Liquidation|p1a: Dragonite
|-resisted|p1a: Dragonite
|-damage|p1a: Dragonite|71/100
|
|upkeep
|turn|25
|
|t:|1779655267
|move|p1a: Dragonite|Fire Punch|p2a: Clodsire
|-damage|p2a: Clodsire|53/100
|move|p2a: Clodsire|Liquidation|p1a: Dragonite
|-resisted|p1a: Dragonite
|-damage|p1a: Dragonite|51/100
|-unboost|p1a: Dragonite|def|1
|
|upkeep
|turn|26
|
|t:|1779655271
|move|p1a: Dragonite|Fire Punch|p2a: Clodsire
|-damage|p2a: Clodsire|42/100
|-status|p2a: Clodsire|brn
|move|p2a: Clodsire|Recover|p2a: Clodsire
|-heal|p2a: Clodsire|92/100 brn
|
|-damage|p2a: Clodsire|86/100 brn|[from] brn
|upkeep
|turn|27
|
|t:|1779655275
|move|p1a: Dragonite|Dragon Dance|p1a: Dragonite
|-boost|p1a: Dragonite|atk|1
|-boost|p1a: Dragonite|spe|1
|move|p2a: Clodsire|Curse|p2a: Clodsire
|-unboost|p2a: Clodsire|spe|1
|-boost|p2a: Clodsire|atk|1
|-boost|p2a: Clodsire|def|1
|
|-damage|p2a: Clodsire|80/100 brn|[from] brn
|upkeep
|turn|28
|
|t:|1779655276
|move|p1a: Dragonite|Dragon Dance|p1a: Dragonite
|-boost|p1a: Dragonite|atk|1
|-boost|p1a: Dragonite|spe|1
|move|p2a: Clodsire|Curse|p2a: Clodsire
|-unboost|p2a: Clodsire|spe|1
|-boost|p2a: Clodsire|atk|1
|-boost|p2a: Clodsire|def|1
|
|-damage|p2a: Clodsire|74/100 brn|[from] brn
|upkeep
|turn|29
|
|t:|1779655279
|move|p1a: Dragonite|Dragon Dance|p1a: Dragonite
|-boost|p1a: Dragonite|atk|1
|-boost|p1a: Dragonite|spe|1
|move|p2a: Clodsire|Liquidation|p1a: Dragonite
|-resisted|p1a: Dragonite
|-damage|p1a: Dragonite|37/100
|
|-damage|p2a: Clodsire|68/100 brn|[from] brn
|upkeep
|turn|30
|
|t:|1779655282
|move|p1a: Dragonite|Extreme Speed|p2a: Clodsire
|-damage|p2a: Clodsire|59/100 brn
|move|p2a: Clodsire|Recover|p2a: Clodsire
|-heal|p2a: Clodsire|100/100 brn
|
|-damage|p2a: Clodsire|94/100 brn|[from] brn
|upkeep
|turn|31
|
|t:|1779655286
|move|p1a: Dragonite|Extreme Speed|p2a: Clodsire
|-damage|p2a: Clodsire|86/100 brn
|move|p2a: Clodsire|Liquidation|p1a: Dragonite
|-resisted|p1a: Dragonite
|-damage|p1a: Dragonite|23/100
|-unboost|p1a: Dragonite|def|1
|
|-damage|p2a: Clodsire|80/100 brn|[from] brn
|upkeep
|turn|32
|
|t:|1779655288
|move|p1a: Dragonite|Extreme Speed|p2a: Clodsire
|-crit|p2a: Clodsire
|-damage|p2a: Clodsire|33/100 brn
|move|p2a: Clodsire|Liquidation|p1a: Dragonite
|-resisted|p1a: Dragonite
|-damage|p1a: Dragonite|8/100
|
|-damage|p2a: Clodsire|27/100 brn|[from] brn
|upkeep
|turn|33
|
|t:|1779655291
|move|p1a: Dragonite|Extreme Speed|p2a: Clodsire
|-damage|p2a: Clodsire|19/100 brn
|move|p2a: Clodsire|Liquidation|p1a: Dragonite
|-resisted|p1a: Dragonite
|-damage|p1a: Dragonite|0 fnt
|faint|p1a: Dragonite
|
|win|Shadowz987
|raw|verv6o's rating: 1428 &rarr; <strong>1407</strong><br />(-21 for losing)
|raw|Shadowz987's rating: 1403 &rarr; <strong>1424</strong><br />(+21 for winning)
|l|☆verv6o
|player|p1|
|l|☆Shadowz987
|player|p2|
