|j|☆The Name Change
|j|☆suifenli
|t:|1779620531
|gametype|singles
|player|p1|The Name Change|102|1439
|player|p2|suifenli|n|1544
|gen|9
|tier|[Gen 9] OU
|rated|
|rule|HP Percentage Mod: HP is shown in percentages
|rule|Endless Battle Clause: Forcing endless battles is banned
|rule|Species Clause: Limit one of each Pokémon
|rule|OHKO Clause: OHKO moves are banned
|rule|Evasion Items Clause: Evasion items are banned
|rule|Evasion Moves Clause: Evasion moves are banned
|rule|Evasion Abilities Clause: Evasion abilities are banned
|rule|Sleep Moves Clause: Sleep-inducing moves are banned
|clearpoke
|poke|p1|Gholdengo|
|poke|p1|Cinderace, F|
|poke|p1|Mandibuzz, F|
|poke|p1|Kyurem|
|poke|p1|Ting-Lu|
|poke|p1|Slowking-Galar, F|
|poke|p2|Thundurus, M|
|poke|p2|Grimmsnarl, M|
|poke|p2|Empoleon, M|
|poke|p2|Zamazenta-*|
|poke|p2|Garganacl, M|
|poke|p2|Iron Valiant|
|teampreview
|inactive|Battle timer is ON: inactive players will automatically lose when time's up. (requested by suifenli)
|
|t:|1779620543
|teamsize|p1|6
|teamsize|p2|6
|start
|switch|p1a: Gholdengo|Gholdengo|100/100
|switch|p2a: Iron Valiant|Iron Valiant|100/100
|-enditem|p2a: Iron Valiant|Booster Energy
|-activate|p2a: Iron Valiant|ability: Quark Drive|[fromitem]
|-start|p2a: Iron Valiant|quarkdrivespe
|turn|1
|
|t:|1779620549
|move|p2a: Iron Valiant|Throat Chop|p1a: Gholdengo
|-supereffective|p1a: Gholdengo
|-damage|p1a: Gholdengo|38/100
|-start|p1a: Gholdengo|Throat Chop|[silent]
|move|p1a: Gholdengo|Make It Rain|p2a: Iron Valiant
|-supereffective|p2a: Iron Valiant
|-damage|p2a: Iron Valiant|0 fnt
|-unboost|p1a: Gholdengo|spa|1
|faint|p2a: Iron Valiant
|-end|p2a: Iron Valiant|Quark Drive|[silent]
|
|upkeep
|
|t:|1779620555
|switch|p2a: Thundurus|Thundurus, M|100/100
|turn|2
|c|☆The Name Change|knock off?
|
|t:|1779620574
|switch|p1a: Ting-Lucifer|Ting-Lu|100/100
|-ability|p1a: Ting-Lucifer|Vessel of Ruin
|move|p2a: Thundurus|Swagger|p1a: Ting-Lucifer
|-boost|p1a: Ting-Lucifer|atk|2
|-start|p1a: Ting-Lucifer|confusion
|-enditem|p2a: Thundurus|Mirror Herb
|-boost|p2a: Thundurus|atk|2|[from] item: Mirror Herb
|
|upkeep
|turn|3
|
|t:|1779620583
|move|p2a: Thundurus|Acrobatics|p1a: Ting-Lucifer
|-damage|p1a: Ting-Lucifer|37/100
|-activate|p1a: Ting-Lucifer|confusion
|move|p1a: Ting-Lucifer|Stone Edge|p2a: Thundurus
|-supereffective|p2a: Thundurus
|-damage|p2a: Thundurus|0 fnt
|faint|p2a: Thundurus
|
|upkeep
|
|t:|1779620588
|switch|p2a: Zamazenta|Zamazenta|100/100
|-ability|p2a: Zamazenta|Dauntless Shield|boost
|-boost|p2a: Zamazenta|def|1
|turn|4
|
|t:|1779620593
|switch|p1a: Mandibuzz|Mandibuzz, F, shiny|100/100
|move|p2a: Zamazenta|Substitute|p2a: Zamazenta
|-start|p2a: Zamazenta|Substitute
|-damage|p2a: Zamazenta|76/100
|
|-heal|p2a: Zamazenta|82/100|[from] item: Leftovers
|upkeep
|turn|5
|
|t:|1779620601
|move|p2a: Zamazenta|Iron Defense|p2a: Zamazenta
|-boost|p2a: Zamazenta|def|2
|move|p1a: Mandibuzz|U-turn|p2a: Zamazenta
|-resisted|p2a: Zamazenta
|-activate|p2a: Zamazenta|move: Substitute|[damage]
|
|t:|1779620605
|switch|p1a: Gholdengo|Gholdengo|38/100|[from] U-turn
|
|-heal|p2a: Zamazenta|88/100|[from] item: Leftovers
|upkeep
|turn|6
|
|t:|1779620611
|move|p1a: Gholdengo|Shadow Ball|p2a: Zamazenta
|-end|p2a: Zamazenta|Substitute
|move|p2a: Zamazenta|Snarl|p1a: Gholdengo
|-supereffective|p1a: Gholdengo
|-damage|p1a: Gholdengo|14/100
|-unboost|p1a: Gholdengo|spa|1
|
|-heal|p2a: Zamazenta|94/100|[from] item: Leftovers
|upkeep
|turn|7
|
|t:|1779620625
|move|p1a: Gholdengo|Shadow Ball|p2a: Zamazenta
|-damage|p2a: Zamazenta|77/100
|move|p2a: Zamazenta|Substitute|p2a: Zamazenta
|-start|p2a: Zamazenta|Substitute
|-damage|p2a: Zamazenta|52/100
|
|-heal|p2a: Zamazenta|58/100|[from] item: Leftovers
|upkeep
|turn|8
|
|t:|1779620632
|move|p1a: Gholdengo|Shadow Ball|p2a: Zamazenta
|-activate|p2a: Zamazenta|move: Substitute|[damage]
|move|p2a: Zamazenta|Snarl|p1a: Gholdengo|[miss]
|-miss|p2a: Zamazenta|p1a: Gholdengo
|
|-heal|p2a: Zamazenta|65/100|[from] item: Leftovers
|upkeep
|turn|9
|
|t:|1779620638
|move|p1a: Gholdengo|Shadow Ball|p2a: Zamazenta
|-end|p2a: Zamazenta|Substitute
|move|p2a: Zamazenta|Substitute|p2a: Zamazenta
|-start|p2a: Zamazenta|Substitute
|-damage|p2a: Zamazenta|40/100
|
|-heal|p2a: Zamazenta|46/100|[from] item: Leftovers
|upkeep
|turn|10
|
|t:|1779620648
|switch|p1a: Slowking|Slowking-Galar, F|100/100
|move|p2a: Zamazenta|Snarl|p1a: Slowking
|-supereffective|p1a: Slowking
|-damage|p1a: Slowking|87/100
|-unboost|p1a: Slowking|spa|1
|
|-heal|p2a: Zamazenta|52/100|[from] item: Leftovers
|upkeep
|turn|11
|
|t:|1779620653
|-terastallize|p2a: Zamazenta|Dark
|move|p2a: Zamazenta|Snarl|p1a: Slowking
|-supereffective|p1a: Slowking
|-damage|p1a: Slowking|65/100
|-unboost|p1a: Slowking|spa|1
|move|p1a: Slowking|Psychic Noise|p2a: Zamazenta
|-immune|p2a: Zamazenta
|
|-heal|p2a: Zamazenta|58/100|[from] item: Leftovers
|upkeep
|turn|12
|
|t:|1779620658
|move|p2a: Zamazenta|Iron Defense|p2a: Zamazenta
|-boost|p2a: Zamazenta|def|2
|move|p1a: Slowking|Sludge Bomb|p2a: Zamazenta
|-activate|p2a: Zamazenta|move: Substitute|[damage]
|
|-heal|p2a: Zamazenta|65/100|[from] item: Leftovers
|upkeep
|turn|13
|
|t:|1779620661
|move|p2a: Zamazenta|Body Press|p1a: Slowking
|-resisted|p1a: Slowking
|-damage|p1a: Slowking|37/100
|move|p1a: Slowking|Sludge Bomb|p2a: Zamazenta
|-activate|p2a: Zamazenta|move: Substitute|[damage]
|
|-heal|p2a: Zamazenta|71/100|[from] item: Leftovers
|upkeep
|turn|14
|
|t:|1779620665
|move|p2a: Zamazenta|Snarl|p1a: Slowking
|-supereffective|p1a: Slowking
|-damage|p1a: Slowking|16/100
|-unboost|p1a: Slowking|spa|1
|move|p1a: Slowking|Sludge Bomb|p2a: Zamazenta
|-end|p2a: Zamazenta|Substitute
|
|-heal|p2a: Zamazenta|77/100|[from] item: Leftovers
|upkeep
|turn|15
|
|t:|1779620679
|switch|p1a: Gholdengo|Gholdengo|14/100
|move|p2a: Zamazenta|Body Press|p1a: Gholdengo
|-immune|p1a: Gholdengo
|
|-heal|p2a: Zamazenta|83/100|[from] item: Leftovers
|upkeep
|turn|16
|
|t:|1779620683
|move|p1a: Gholdengo|Trick|p2a: Zamazenta
|-activate|p1a: Gholdengo|move: Trick|[of] p2a: Zamazenta
|-item|p2a: Zamazenta|Choice Scarf|[from] move: Trick
|-item|p1a: Gholdengo|Leftovers|[from] move: Trick
|move|p2a: Zamazenta|Substitute|p2a: Zamazenta
|-start|p2a: Zamazenta|Substitute
|-damage|p2a: Zamazenta|58/100
|
|-heal|p1a: Gholdengo|20/100|[from] item: Leftovers
|upkeep
|turn|17
|
|t:|1779620693
|switch|p2a: Empoleon|Empoleon, M|100/100
|switch|p1a: Slowking|Slowking-Galar, F|49/100
|
|upkeep
|turn|18
|
|t:|1779620699
|move|p2a: Empoleon|Swords Dance|p2a: Empoleon
|-boost|p2a: Empoleon|atk|2
|move|p1a: Slowking|Thunder Wave|p2a: Empoleon
|-status|p2a: Empoleon|par
|
|upkeep
|turn|19
|
|t:|1779620704
|switch|p1a: Mandibuzz|Mandibuzz, F, shiny|100/100
|cant|p2a: Empoleon|par
|
|upkeep
|turn|20
|
|t:|1779620707
|move|p1a: Mandibuzz|Foul Play|p2a: Empoleon
|-damage|p2a: Empoleon|58/100 par
|move|p2a: Empoleon|Iron Defense|p2a: Empoleon
|-boost|p2a: Empoleon|def|2
|
|upkeep
|turn|21
|
|t:|1779620711
|move|p1a: Mandibuzz|Foul Play|p2a: Empoleon
|-damage|p2a: Empoleon|34/100 par
|cant|p2a: Empoleon|par
|
|upkeep
|turn|22
|
|t:|1779620713
|move|p1a: Mandibuzz|Foul Play|p2a: Empoleon
|-damage|p2a: Empoleon|9/100 par
|move|p2a: Empoleon|Roost|p2a: Empoleon
|-heal|p2a: Empoleon|59/100 par
|-singleturn|p2a: Empoleon|move: Roost
|
|upkeep
|turn|23
|
|t:|1779620719
|move|p1a: Mandibuzz|U-turn|p2a: Empoleon
|-resisted|p2a: Empoleon
|-damage|p2a: Empoleon|57/100 par
|
|t:|1779620721
|switch|p1a: Kyurem|Kyurem|100/100|[from] U-turn
|-ability|p1a: Kyurem|Pressure
|move|p2a: Empoleon|Iron Defense|p2a: Empoleon
|-boost|p2a: Empoleon|def|2
|
|upkeep
|turn|24
|
|t:|1779620727
|move|p1a: Kyurem|Earth Power|p2a: Empoleon
|-supereffective|p2a: Empoleon
|-damage|p2a: Empoleon|6/100 par
|-enditem|p2a: Empoleon|Maranga Berry|[eat]
|-boost|p2a: Empoleon|spd|1|[from] item: Maranga Berry
|move|p2a: Empoleon|Roost|p2a: Empoleon
|-heal|p2a: Empoleon|56/100 par
|-singleturn|p2a: Empoleon|move: Roost
|
|upkeep
|turn|25
|
|t:|1779620730
|move|p1a: Kyurem|Earth Power|p2a: Empoleon
|-supereffective|p2a: Empoleon
|-damage|p2a: Empoleon|16/100 par
|move|p2a: Empoleon|Roost|p2a: Empoleon
|-heal|p2a: Empoleon|66/100 par
|-singleturn|p2a: Empoleon|move: Roost
|
|upkeep
|turn|26
|
|t:|1779620734
|move|p1a: Kyurem|Earth Power|p2a: Empoleon
|-supereffective|p2a: Empoleon
|-damage|p2a: Empoleon|31/100 par
|move|p2a: Empoleon|Power Trip|p1a: Kyurem
|-damage|p1a: Kyurem|43/100
|
|upkeep
|turn|27
|
|t:|1779620737
|move|p1a: Kyurem|Earth Power|p2a: Empoleon
|-supereffective|p2a: Empoleon
|-damage|p2a: Empoleon|0 fnt
|faint|p2a: Empoleon
|
|upkeep
|c|☆The Name Change|haram team
|
|t:|1779620744
|switch|p2a: Grimmsnarl|Grimmsnarl, M|100/100
|turn|28
|
|t:|1779620752
|switch|p1a: Slowking|Slowking-Galar, F|82/100
|move|p2a: Grimmsnarl|Spirit Break|p1a: Slowking
|-resisted|p1a: Slowking
|-damage|p1a: Slowking|66/100
|-unboost|p1a: Slowking|spa|1
|
|upkeep
|turn|29
|
|t:|1779620760
|move|p2a: Grimmsnarl|Light Screen|p2a: Grimmsnarl
|-sidestart|p2: suifenli|move: Light Screen
|-prepare|p1a: Slowking|Chilly Reception|[premajor]
|move|p1a: Slowking|Chilly Reception|p1a: Slowking
|-weather|Snowscape
|
|t:|1779620764
|switch|p1a: Cinderace|Cinderace, F|100/100|[from] Chilly Reception
|
|-weather|Snowscape|[upkeep]
|upkeep
|turn|30
|
|t:|1779620768
|move|p2a: Grimmsnarl|Trick|p1a: Cinderace
|-activate|p2a: Grimmsnarl|move: Trick|[of] p1a: Cinderace
|-item|p1a: Cinderace|Lagging Tail|[from] move: Trick
|-item|p2a: Grimmsnarl|Heavy-Duty Boots|[from] move: Trick
|move|p1a: Cinderace|Pyro Ball|p2a: Grimmsnarl
|-damage|p2a: Grimmsnarl|43/100
|
|-weather|Snowscape|[upkeep]
|upkeep
|turn|31
|
|t:|1779620774
|move|p2a: Grimmsnarl|Reflect|p2a: Grimmsnarl
|-sidestart|p2: suifenli|Reflect
|move|p1a: Cinderace|Pyro Ball|p2a: Grimmsnarl
|-damage|p2a: Grimmsnarl|14/100
|
|-weather|Snowscape|[upkeep]
|upkeep
|turn|32
|
|t:|1779620781
|move|p2a: Grimmsnarl|Spirit Break|p1a: Cinderace
|-resisted|p1a: Cinderace
|-damage|p1a: Cinderace|78/100
|-unboost|p1a: Cinderace|spa|1
|move|p1a: Cinderace|Pyro Ball|p2a: Grimmsnarl
|-damage|p2a: Grimmsnarl|0 fnt
|faint|p2a: Grimmsnarl
|
|-weather|Snowscape|[upkeep]
|upkeep
|
|t:|1779620784
|switch|p2a: Garganacl|Garganacl, M|100/100
|turn|33
|
|t:|1779620789
|move|p2a: Garganacl|Iron Defense|p2a: Garganacl
|-boost|p2a: Garganacl|def|2
|move|p1a: Cinderace|U-turn|p2a: Garganacl
|-start|p1a: Cinderace|typechange|Bug|[from] ability: Libero
|-damage|p2a: Garganacl|94/100
|
|t:|1779620804
|switch|p1a: Kyurem|Kyurem|43/100|[from] U-turn
|-ability|p1a: Kyurem|Pressure
|
|-weather|none
|-sideend|p2: suifenli|move: Light Screen
|upkeep
|turn|34
|
|t:|1779620814
|-terastallize|p1a: Kyurem|Ground
|move|p1a: Kyurem|Earth Power|p2a: Garganacl
|-supereffective|p2a: Garganacl
|-damage|p2a: Garganacl|22/100
|move|p2a: Garganacl|Recover|p2a: Garganacl
|-heal|p2a: Garganacl|72/100
|
|upkeep
|turn|35
|
|t:|1779620818
|move|p1a: Kyurem|Earth Power|p2a: Garganacl
|-supereffective|p2a: Garganacl
|-damage|p2a: Garganacl|0 fnt
|faint|p2a: Garganacl
|
|-sideend|p2: suifenli|Reflect
|upkeep
|
|t:|1779620825
|switch|p2a: Zamazenta|Zamazenta, tera:Dark|58/100
|turn|36
|
|t:|1779620829
|switch|p1a: Gholdengo|Gholdengo|20/100
|move|p2a: Zamazenta|Body Press|p1a: Gholdengo
|-immune|p1a: Gholdengo
|
|-heal|p1a: Gholdengo|26/100|[from] item: Leftovers
|upkeep
|turn|37
|-message|suifenli forfeited.
|
|win|The Name Change
|raw|The Name Change's rating: 1439 &rarr; <strong>1465</strong><br />(+26 for winning)
|raw|suifenli's rating: 1544 &rarr; <strong>1518</strong><br />(-26 for losing)
|l|☆The Name Change
|player|p1|
|l|☆suifenli
|player|p2|
