|j|☆eros maniac
|j|☆wavyish
|t:|1779687305
|gametype|singles
|player|p1|eros maniac|hilbert-wonderlauncher|1758
|player|p2|wavyish|akari|1671
|gen|9
|tier|[Gen 9] OU
|rated|
|rule|HP Percentage Mod: HP is shown in percentages
|rule|Endless Battle Clause: Forcing endless battles is banned
|rule|Species Clause: Limit one of each Pokémon
|rule|OHKO Clause: OHKO moves are banned
|rule|Evasion Items Clause: Evasion items are banned
|rule|Evasion Moves Clause: Evasion moves are banned
|rule|Evasion Abilities Clause: Evasion abilities are banned
|rule|Sleep Moves Clause: Sleep-inducing moves are banned
|clearpoke
|poke|p1|Frosmoth, F|
|poke|p1|Maushold-Four|
|poke|p1|Okidogi, M|
|poke|p1|Sinistcha|
|poke|p1|Alomomola, M|
|poke|p1|Weezing-Galar, M|
|poke|p2|Weezing-Galar, M|
|poke|p2|Alomomola, M|
|poke|p2|Iron Treads|
|poke|p2|Tornadus-Therian, M|
|poke|p2|Zamazenta-*|
|poke|p2|Lokix, M|
|teampreview
|inactive|Battle timer is ON: inactive players will automatically lose when time's up. (requested by eros maniac)
|inactive|wavyish has 120 seconds left.
|
|t:|1779687350
|teamsize|p1|6
|teamsize|p2|6
|start
|switch|p1a: Alomomola|Alomomola, M, shiny|100/100
|switch|p2a: Lokix|Lokix, M|100/100
|turn|1
|
|t:|1779687359
|move|p2a: Lokix|Knock Off|p1a: Alomomola
|-damage|p1a: Alomomola|59/100
|-damage|p2a: Lokix|84/100|[from] item: Rocky Helmet|[of] p1a: Alomomola
|-enditem|p1a: Alomomola|Rocky Helmet|[from] move: Knock Off|[of] p2a: Lokix
|move|p1a: Alomomola|Flip Turn|p2a: Lokix
|-crit|p2a: Lokix
|-damage|p2a: Lokix|49/100
|
|t:|1779687362
|switch|p1a: Okidogi|Okidogi, M|100/100|[from] Flip Turn
|
|upkeep
|turn|2
|
|t:|1779687368
|switch|p2a: Alomomola|Alomomola, M|100/100
|move|p1a: Okidogi|Knock Off|p2a: Alomomola
|-damage|p2a: Alomomola|70/100
|-damage|p1a: Okidogi|84/100|[from] item: Rocky Helmet|[of] p2a: Alomomola
|-enditem|p2a: Alomomola|Rocky Helmet|[from] move: Knock Off|[of] p1a: Okidogi
|
|upkeep
|turn|3
|
|t:|1779687376
|switch|p1a: Alomomola|Alomomola, M, shiny|92/100
|move|p2a: Alomomola|Flip Turn|p1a: Alomomola
|-resisted|p1a: Alomomola
|-damage|p1a: Alomomola|87/100
|
|t:|1779687382
|switch|p2a: Tornadus|Tornadus-Therian, M|100/100|[from] Flip Turn
|
|upkeep
|turn|4
|
|t:|1779687387
|move|p2a: Tornadus|Bleakwind Storm|p1a: Alomomola
|-damage|p1a: Alomomola|54/100
|move|p1a: Alomomola|Mirror Coat|p2a: Tornadus
|-damage|p2a: Tornadus|4/100
|
|upkeep
|turn|5
|
|t:|1779687393
|switch|p1a: Weezing|Weezing-Galar, M|100/100
|-ability|p1a: Weezing|Neutralizing Gas
|move|p2a: Tornadus|U-turn|p1a: Weezing
|-resisted|p1a: Weezing
|-damage|p1a: Weezing|98/100
|
|t:|1779687402
|switch|p2a: Iron Treads|Iron Treads|100/100|[from] U-turn
|
|upkeep
|turn|6
|
|t:|1779687410
|move|p2a: Iron Treads|Stealth Rock|p1a: Weezing
|-sidestart|p1: eros maniac|move: Stealth Rock
|move|p1a: Weezing|Will-O-Wisp|p2a: Iron Treads
|-status|p2a: Iron Treads|brn
|
|-damage|p2a: Iron Treads|94/100 brn|[from] brn
|upkeep
|turn|7
|
|t:|1779687414
|-end|p2a: Iron Treads|Quark Drive|[silent]
|switch|p2a: Alomomola|Alomomola, M|100/100
|move|p1a: Weezing|Defog|p2a: Alomomola
|-unboost|p2a: Alomomola|evasion|1
|-sideend|p1: eros maniac|Stealth Rock|[from] move: Defog|[of] p1a: Weezing
|
|upkeep
|turn|8
|
|t:|1779687422
|move|p1a: Weezing|Toxic|p2a: Alomomola
|-status|p2a: Alomomola|tox
|move|p2a: Alomomola|Wish|p2a: Alomomola
|
|-damage|p2a: Alomomola|94/100 tox|[from] psn
|upkeep
|turn|9
|
|t:|1779687428
|move|p1a: Weezing|Strange Steam|p2a: Alomomola
|-crit|p2a: Alomomola
|-damage|p2a: Alomomola|59/100 tox
|move|p2a: Alomomola|Flip Turn|p1a: Weezing
|-damage|p1a: Weezing|86/100
|l|☆eros maniac
|inactive|eros maniac disconnected and has a minute to reconnect!
|player|p1|
|inactive|wavyish has 120 seconds left.
|j|☆eros maniac
|inactive|eros maniac reconnected.
|player|p1|eros maniac|hilbert-wonderlauncher|
|
|t:|1779687473
|switch|p2a: Lokix|Lokix, M|49/100|[from] Flip Turn
|
|-heal|p2a: Lokix|100/100|[from] move: Wish|[wisher] Alomomola
|upkeep
|turn|10
|
|t:|1779687478
|move|p2a: Lokix|U-turn|p1a: Weezing
|-resisted|p1a: Weezing
|-damage|p1a: Weezing|77/100
|
|t:|1779687480
|switch|p2a: Iron Treads|Iron Treads|94/100 brn|[from] U-turn
|move|p1a: Weezing|Strange Steam|p2a: Iron Treads
|-resisted|p2a: Iron Treads
|-damage|p2a: Iron Treads|80/100 brn
|-start|p2a: Iron Treads|confusion
|
|-heal|p2a: Iron Treads|86/100 brn|[from] item: Leftovers
|-damage|p2a: Iron Treads|80/100 brn|[from] brn
|upkeep
|turn|11
|
|t:|1779687489
|-end|p2a: Iron Treads|Quark Drive|[silent]
|switch|p2a: Alomomola|Alomomola, M|59/100 tox
|-end|p1a: Weezing|ability: Neutralizing Gas
|switch|p1a: Maushold|Maushold-Four|100/100
|
|-damage|p2a: Alomomola|53/100 tox|[from] psn
|upkeep
|turn|12
|
|t:|1779687497
|move|p1a: Maushold|Population Bomb|p2a: Alomomola
|-damage|p2a: Alomomola|46/100 tox
|-damage|p2a: Alomomola|39/100 tox
|-damage|p2a: Alomomola|33/100 tox
|-damage|p2a: Alomomola|25/100 tox
|-damage|p2a: Alomomola|18/100 tox
|-damage|p2a: Alomomola|12/100 tox
|-damage|p2a: Alomomola|5/100 tox
|-damage|p2a: Alomomola|0 fnt
|faint|p2a: Alomomola
|-hitcount|p2: Alomomola|8
|
|upkeep
|
|t:|1779687501
|switch|p2a: Zamazenta|Zamazenta|100/100
|-ability|p2a: Zamazenta|Dauntless Shield|boost
|-boost|p2a: Zamazenta|def|1
|turn|13
|j| euphoricpoptarts
|-message|wavyish forfeited.
|
|win|eros maniac
|raw|eros maniac's rating: 1758 &rarr; <strong>1773</strong><br />(+15 for winning)
|raw|wavyish's rating: 1671 &rarr; <strong>1656</strong><br />(-15 for losing)
|l|☆wavyish
|player|p2|
|l|☆eros maniac
|player|p1|
|l| euphoricpoptarts
