|j|☆Pelogrulla72
|j|☆imecaphair
|t:|1779724764
|gametype|singles
|player|p1|Pelogrulla72|erika|1114
|player|p2|imecaphair|266|1096
|gen|9
|tier|[Gen 9] OU
|rated|
|rule|HP Percentage Mod: HP is shown in percentages
|rule|Endless Battle Clause: Forcing endless battles is banned
|rule|Species Clause: Limit one of each Pokémon
|rule|OHKO Clause: OHKO moves are banned
|rule|Evasion Items Clause: Evasion items are banned
|rule|Evasion Moves Clause: Evasion moves are banned
|rule|Evasion Abilities Clause: Evasion abilities are banned
|rule|Sleep Moves Clause: Sleep-inducing moves are banned
|clearpoke
|poke|p1|Ninetales, M|
|poke|p1|Victreebel, M|
|poke|p1|Venusaur, M|
|poke|p1|Great Tusk|
|poke|p1|Raging Bolt|
|poke|p1|Cinderace, M|
|poke|p2|Garganacl, F|
|poke|p2|Iron Treads|
|poke|p2|Sableye, M|
|poke|p2|Armarouge, M|
|poke|p2|Walking Wake|
|poke|p2|Clefable, M|
|teampreview
|
|t:|1779724772
|teamsize|p1|6
|teamsize|p2|6
|start
|switch|p1a: Lorenzo|Ninetales, M|100/100
|switch|p2a: Armarouge|Armarouge, M|100/100
|-weather|SunnyDay|[from] ability: Drought|[of] p1a: Lorenzo
|turn|1
|inactive|Battle timer is ON: inactive players will automatically lose when time's up. (requested by Pelogrulla72)
|
|t:|1779724782
|move|p1a: Lorenzo|Scorching Sands|p2a: Armarouge
|-supereffective|p2a: Armarouge
|-damage|p2a: Armarouge|66/100
|move|p2a: Armarouge|Calm Mind|p2a: Armarouge
|-boost|p2a: Armarouge|spa|1
|-boost|p2a: Armarouge|spd|1
|
|-weather|SunnyDay|[upkeep]
|upkeep
|turn|2
|
|t:|1779724791
|switch|p1a: Extremoduro|Great Tusk, shiny|100/100
|-activate|p1a: Extremoduro|ability: Protosynthesis
|-start|p1a: Extremoduro|protosynthesisatk
|move|p2a: Armarouge|Stored Power|p1a: Extremoduro
|-supereffective|p1a: Extremoduro
|-damage|p1a: Extremoduro|0 fnt
|faint|p1a: Extremoduro
|-end|p1a: Extremoduro|Protosynthesis|[silent]
|
|-weather|SunnyDay|[upkeep]
|upkeep
|
|t:|1779724801
|switch|p1a: Pau Palacín|Cinderace, M, shiny|100/100
|turn|3
|
|t:|1779724807
|move|p1a: Pau Palacín|Sucker Punch||[still]
|-fail|p1a: Pau Palacín
|move|p2a: Armarouge|Calm Mind|p2a: Armarouge
|-boost|p2a: Armarouge|spa|1
|-boost|p2a: Armarouge|spd|1
|
|-weather|SunnyDay|[upkeep]
|upkeep
|turn|4
|
|t:|1779724815
|move|p1a: Pau Palacín|Pyro Ball|p2a: Armarouge
|-resisted|p2a: Armarouge
|-damage|p2a: Armarouge|33/100
|-ability|p2a: Armarouge|Weak Armor|boost
|-unboost|p2a: Armarouge|def|1
|-boost|p2a: Armarouge|spe|2
|move|p2a: Armarouge|Calm Mind|p2a: Armarouge
|-boost|p2a: Armarouge|spa|1
|-boost|p2a: Armarouge|spd|1
|
|-weather|SunnyDay|[upkeep]
|upkeep
|turn|5
|
|t:|1779724826
|move|p1a: Pau Palacín|Sucker Punch|p2a: Armarouge
|-start|p1a: Pau Palacín|typechange|Dark|[from] ability: Libero
|-supereffective|p2a: Armarouge
|-damage|p2a: Armarouge|0 fnt
|faint|p2a: Armarouge
|
|-weather|SunnyDay|[upkeep]
|upkeep
|
|t:|1779724839
|switch|p2a: Garganacl|Garganacl, F|100/100
|turn|6
|
|t:|1779724849
|move|p1a: Pau Palacín|U-turn|p2a: Garganacl
|-damage|p2a: Garganacl|87/100
|
|t:|1779724852
|switch|p1a: Copernico|Venusaur, M, shiny|100/100|[from] U-turn
|move|p2a: Garganacl|Iron Defense|p2a: Garganacl
|-boost|p2a: Garganacl|def|2
|
|-weather|SunnyDay|[upkeep]
|-heal|p2a: Garganacl|93/100|[from] item: Leftovers
|upkeep
|turn|7
|
|t:|1779724864
|-terastallize|p2a: Garganacl|Fighting
|move|p1a: Copernico|Growth|p1a: Copernico
|-boost|p1a: Copernico|atk|2
|-boost|p1a: Copernico|spa|2
|move|p2a: Garganacl|Iron Defense|p2a: Garganacl
|-boost|p2a: Garganacl|def|2
|
|-weather|SunnyDay|[upkeep]
|-heal|p2a: Garganacl|99/100|[from] item: Leftovers
|upkeep
|turn|8
|
|t:|1779724879
|move|p1a: Copernico|Sludge Bomb|p2a: Garganacl
|-damage|p2a: Garganacl|49/100
|move|p2a: Garganacl|Stone Edge|p1a: Copernico
|-damage|p1a: Copernico|57/100
|
|-weather|none
|-heal|p2a: Garganacl|55/100|[from] item: Leftovers
|upkeep
|turn|9
|
|t:|1779724888
|move|p1a: Copernico|Giga Drain|p2a: Garganacl
|-damage|p2a: Garganacl|13/100
|-heal|p1a: Copernico|90/100|[from] drain|[of] p2a: Garganacl
|move|p2a: Garganacl|Stone Edge|p1a: Copernico
|-damage|p1a: Copernico|49/100
|
|-heal|p2a: Garganacl|19/100|[from] item: Leftovers
|upkeep
|turn|10
|
|t:|1779724898
|move|p1a: Copernico|Giga Drain|p2a: Garganacl
|-damage|p2a: Garganacl|0 fnt
|-heal|p1a: Copernico|64/100|[from] drain|[of] p2a: Garganacl
|faint|p2a: Garganacl
|
|upkeep
|
|t:|1779724905
|switch|p2a: Walking Wake|Walking Wake|100/100
|-enditem|p2a: Walking Wake|Booster Energy
|-activate|p2a: Walking Wake|ability: Protosynthesis|[fromitem]
|-start|p2a: Walking Wake|protosynthesisspe
|turn|11
|
|t:|1779724921
|move|p1a: Copernico|Sludge Bomb|p2a: Walking Wake
|-damage|p2a: Walking Wake|20/100
|-status|p2a: Walking Wake|psn
|move|p2a: Walking Wake|Dragon Tail|p1a: Copernico
|-damage|p1a: Copernico|31/100
|drag|p1a: The World|Victreebel, M, shiny|100/100
|
|-damage|p2a: Walking Wake|7/100 psn|[from] psn
|upkeep
|turn|12
|
|t:|1779724934
|switch|p1a: Lorenzo|Ninetales, M|100/100
|-weather|SunnyDay|[from] ability: Drought|[of] p1a: Lorenzo
|move|p2a: Walking Wake|Flip Turn|p1a: Lorenzo
|-supereffective|p1a: Lorenzo
|-damage|p1a: Lorenzo|67/100
|
|t:|1779724944
|-end|p2a: Walking Wake|Protosynthesis|[silent]
|switch|p2a: Clefable|Clefable, M|100/100|[from] Flip Turn
|
|-weather|SunnyDay|[upkeep]
|upkeep
|turn|13
|
|t:|1779724951
|move|p1a: Lorenzo|Will-O-Wisp|p2a: Clefable
|-status|p2a: Clefable|brn
|move|p2a: Clefable|Thunderbolt|p1a: Lorenzo
|-damage|p1a: Lorenzo|36/100
|
|-weather|SunnyDay|[upkeep]
|-damage|p2a: Clefable|94/100 brn|[from] brn
|upkeep
|turn|14
|
|t:|1779724962
|switch|p1a: Copernico|Venusaur, M, shiny|31/100
|move|p2a: Clefable|Thunderbolt|p1a: Copernico
|-resisted|p1a: Copernico
|-damage|p1a: Copernico|16/100
|
|-weather|SunnyDay|[upkeep]
|-damage|p2a: Clefable|88/100 brn|[from] brn
|upkeep
|turn|15
|
|t:|1779724971
|move|p1a: Copernico|Growth|p1a: Copernico
|-boost|p1a: Copernico|atk|2
|-boost|p1a: Copernico|spa|2
|move|p2a: Clefable|Ice Beam|p1a: Copernico
|-supereffective|p1a: Copernico
|-damage|p1a: Copernico|0 fnt
|faint|p1a: Copernico
|
|-weather|SunnyDay|[upkeep]
|-damage|p2a: Clefable|82/100 brn|[from] brn
|upkeep
|
|t:|1779724976
|switch|p1a: The World|Victreebel, M, shiny|100/100
|turn|16
|
|t:|1779724984
|-terastallize|p1a: The World|Steel
|move|p1a: The World|Growth|p1a: The World
|-boost|p1a: The World|atk|2
|-boost|p1a: The World|spa|2
|move|p2a: Clefable|Ice Beam|p1a: The World
|-resisted|p1a: The World
|-damage|p1a: The World|81/100
|
|-weather|SunnyDay|[upkeep]
|-damage|p2a: Clefable|76/100 brn|[from] brn
|upkeep
|turn|17
|
|t:|1779724999
|switch|p2a: Iron Treads|Iron Treads|100/100
|-enditem|p2a: Iron Treads|Booster Energy
|-activate|p2a: Iron Treads|ability: Quark Drive|[fromitem]
|-start|p2a: Iron Treads|quarkdrivespe
|move|p1a: The World|Sludge Bomb|p2a: Iron Treads
|-immune|p2a: Iron Treads
|
|-weather|SunnyDay|[upkeep]
|upkeep
|turn|18
|
|t:|1779725009
|move|p2a: Iron Treads|Earthquake|p1a: The World
|-supereffective|p1a: The World
|-damage|p1a: The World|0 fnt
|faint|p1a: The World
|
|-weather|SunnyDay|[upkeep]
|upkeep
|
|t:|1779725019
|switch|p1a: Pau Palacín|Cinderace, M, shiny|100/100
|turn|19
|
|t:|1779725025
|move|p1a: Pau Palacín|Sucker Punch|p2a: Iron Treads
|-start|p1a: Pau Palacín|typechange|Dark|[from] ability: Libero
|-damage|p2a: Iron Treads|75/100
|move|p2a: Iron Treads|Earthquake|p1a: Pau Palacín
|-damage|p1a: Pau Palacín|29/100
|
|-weather|none
|upkeep
|turn|20
|
|t:|1779725036
|move|p2a: Iron Treads|Rapid Spin|p1a: Pau Palacín
|-damage|p1a: Pau Palacín|6/100
|-boost|p2a: Iron Treads|spe|1
|move|p1a: Pau Palacín|Pyro Ball|p2a: Iron Treads
|-supereffective|p2a: Iron Treads
|-crit|p2a: Iron Treads
|-damage|p2a: Iron Treads|0 fnt
|faint|p2a: Iron Treads
|-end|p2a: Iron Treads|Quark Drive|[silent]
|
|upkeep
|
|t:|1779725046
|switch|p2a: Sableye|Sableye, M, shiny|100/100
|turn|21
|
|t:|1779725049
|move|p2a: Sableye|Fake Out|p1a: Pau Palacín
|-crit|p1a: Pau Palacín
|-damage|p1a: Pau Palacín|0 fnt
|faint|p1a: Pau Palacín
|
|upkeep
|
|t:|1779725055
|switch|p1a: Lorenzo|Ninetales, M|36/100
|-weather|SunnyDay|[from] ability: Drought|[of] p1a: Lorenzo
|turn|22
|-activate|p2a: Sableye|item: Quick Claw
|
|t:|1779725065
|move|p2a: Sableye|Fake Out||[still]
|-hint|Fake Out only works on your first turn out.
|-fail|p2a: Sableye
|move|p1a: Lorenzo|Solar Beam||[still]
|-prepare|p1a: Lorenzo|Solar Beam
|-anim|p1a: Lorenzo|Solar Beam|p2a: Sableye
|-damage|p2a: Sableye|67/100
|
|-weather|SunnyDay|[upkeep]
|upkeep
|turn|23
|
|t:|1779725077
|move|p2a: Sableye|Disable|p1a: Lorenzo
|-start|p1a: Lorenzo|Disable|Solar Beam
|cant|p1a: Lorenzo|Disable|Solar Beam
|
|-weather|SunnyDay|[upkeep]
|upkeep
|turn|24
|-activate|p2a: Sableye|item: Quick Claw
|
|t:|1779725083
|move|p2a: Sableye|Knock Off|p1a: Lorenzo
|-damage|p1a: Lorenzo|0 fnt
|-enditem|p1a: Lorenzo|Heat Rock|[from] move: Knock Off|[of] p2a: Sableye
|faint|p1a: Lorenzo
|
|-weather|SunnyDay|[upkeep]
|upkeep
|
|t:|1779725087
|switch|p1a: By Fer|Raging Bolt|100/100
|-activate|p1a: By Fer|ability: Protosynthesis
|-start|p1a: By Fer|protosynthesisspa
|turn|25
|
|t:|1779725101
|switch|p2a: Walking Wake|Walking Wake|7/100 psn
|-activate|p2a: Walking Wake|ability: Protosynthesis
|-start|p2a: Walking Wake|protosynthesisspe
|move|p1a: By Fer|Thunderbolt|p2a: Walking Wake
|-damage|p2a: Walking Wake|0 fnt
|faint|p2a: Walking Wake
|-end|p2a: Walking Wake|Protosynthesis|[silent]
|
|-weather|SunnyDay|[upkeep]
|upkeep
|
|t:|1779725112
|switch|p2a: Sableye|Sableye, M, shiny|67/100
|turn|26
|
|t:|1779725117
|move|p2a: Sableye|Fake Out|p1a: By Fer
|-damage|p1a: By Fer|95/100
|cant|p1a: By Fer|flinch
|
|-weather|SunnyDay|[upkeep]
|-heal|p1a: By Fer|100/100|[from] item: Leftovers
|upkeep
|turn|27
|
|t:|1779725126
|move|p2a: Sableye|Will-O-Wisp|p1a: By Fer
|-status|p1a: By Fer|brn
|move|p1a: By Fer|Dragon Pulse|p2a: Sableye
|-damage|p2a: Sableye|0 fnt
|faint|p2a: Sableye
|
|-weather|SunnyDay|[upkeep]
|-damage|p1a: By Fer|94/100 brn|[from] brn
|upkeep
|
|t:|1779725136
|switch|p2a: Clefable|Clefable, M|76/100 brn
|turn|28
|
|t:|1779725140
|move|p1a: By Fer|Calm Mind|p1a: By Fer
|-boost|p1a: By Fer|spa|1
|-boost|p1a: By Fer|spd|1
|move|p2a: Clefable|Ice Beam|p1a: By Fer
|-supereffective|p1a: By Fer
|-damage|p1a: By Fer|49/100 brn
|
|-weather|SunnyDay|[upkeep]
|-heal|p1a: By Fer|55/100 brn|[from] item: Leftovers
|-damage|p1a: By Fer|49/100 brn|[from] brn
|-damage|p2a: Clefable|70/100 brn|[from] brn
|upkeep
|turn|29
|
|t:|1779725151
|move|p1a: By Fer|Thunderclap|p2a: Clefable
|-damage|p2a: Clefable|21/100 brn
|move|p2a: Clefable|Ice Beam|p1a: By Fer
|-supereffective|p1a: By Fer
|-damage|p1a: By Fer|0 fnt
|faint|p1a: By Fer
|-end|p1a: By Fer|Protosynthesis|[silent]
|
|win|imecaphair
|raw|Pelogrulla72's rating: 1114 &rarr; <strong>1088</strong><br />(-26 for losing)
|raw|imecaphair's rating: 1096 &rarr; <strong>1123</strong><br />(+27 for winning)
|l|☆Pelogrulla72
|player|p1|
