|j|☆claudechamp
|j|☆Frozmo
|t:|1779704466
|gametype|singles
|player|p1|claudechamp|169|1158
|player|p2|Frozmo|dawn|1172
|gen|9
|tier|[Gen 9] OU
|rated|
|rule|HP Percentage Mod: HP is shown in percentages
|rule|Endless Battle Clause: Forcing endless battles is banned
|rule|Species Clause: Limit one of each Pokémon
|rule|OHKO Clause: OHKO moves are banned
|rule|Evasion Items Clause: Evasion items are banned
|rule|Evasion Moves Clause: Evasion moves are banned
|rule|Evasion Abilities Clause: Evasion abilities are banned
|rule|Sleep Moves Clause: Sleep-inducing moves are banned
|clearpoke
|poke|p1|Gliscor, M|
|poke|p1|Ogerpon, F|
|poke|p1|Walking Wake|
|poke|p1|Blissey, F|
|poke|p1|Corviknight, F|
|poke|p1|Pecharunt|
|poke|p2|Cloyster, F|
|poke|p2|Ninetales-Alola, F|
|poke|p2|Polteageist|
|poke|p2|Ogerpon-Wellspring, F|
|poke|p2|Iron Treads|
|poke|p2|Dragonite, M|
|teampreview
|inactive|Battle timer is ON: inactive players will automatically lose when time's up. (requested by Frozmo)
|c|☆claudechamp|hf
|inactive|claudechamp also wants the timer to be on.
|
|t:|1779704475
|teamsize|p1|6
|teamsize|p2|6
|start
|switch|p1a: Gliscor|Gliscor, M|100/100
|switch|p2a: Ninetales|Ninetales-Alola, F|100/100
|-weather|Snowscape|[from] ability: Snow Warning|[of] p2a: Ninetales
|turn|1
|
|t:|1779704484
|switch|p1a: Blissey|Blissey, F|100/100
|move|p2a: Ninetales|Freeze-Dry|p1a: Blissey
|-damage|p1a: Blissey|92/100
|
|-weather|Snowscape|[upkeep]
|upkeep
|turn|2
|
|t:|1779704496
|move|p2a: Ninetales|Aurora Veil|p2a: Ninetales
|-sidestart|p2: Frozmo|move: Aurora Veil
|move|p1a: Blissey|Stealth Rock|p2a: Ninetales
|-sidestart|p2: Frozmo|move: Stealth Rock
|
|-weather|Snowscape|[upkeep]
|upkeep
|turn|3
|
|t:|1779704507
|switch|p2a: Cloyster|Cloyster, F|100/100
|-damage|p2a: Cloyster|76/100|[from] Stealth Rock
|move|p1a: Blissey|Seismic Toss|p2a: Cloyster
|-damage|p2a: Cloyster|37/100
|
|-weather|Snowscape|[upkeep]
|upkeep
|turn|4
|
|t:|1779704526
|move|p2a: Cloyster|Icicle Spear|p1a: Blissey
|-damage|p1a: Blissey|78/100
|-damage|p1a: Blissey|64/100
|-damage|p1a: Blissey|51/100
|-crit|p1a: Blissey
|-damage|p1a: Blissey|29/100
|-damage|p1a: Blissey|16/100
|-hitcount|p1a: Blissey|5
|move|p1a: Blissey|Seismic Toss|p2a: Cloyster
|-damage|p2a: Cloyster|0 fnt
|faint|p2a: Cloyster
|
|-weather|Snowscape|[upkeep]
|upkeep
|
|t:|1779704536
|switch|p2a: Dragonite|Dragonite, M|100/100
|turn|5
|
|t:|1779704543
|switch|p1a: Gliscor|Gliscor, M|100/100
|move|p2a: Dragonite|Dragon Dance|p2a: Dragonite
|-boost|p2a: Dragonite|atk|1
|-boost|p2a: Dragonite|spe|1
|
|-weather|none
|-status|p1a: Gliscor|tox|[from] item: Toxic Orb
|upkeep
|turn|6
|
|t:|1779704548
|move|p2a: Dragonite|Ice Spinner|p1a: Gliscor
|-supereffective|p1a: Gliscor
|-damage|p1a: Gliscor|0 fnt
|faint|p1a: Gliscor
|
|upkeep
|
|t:|1779704550
|switch|p1a: Pecharunt|Pecharunt|100/100
|turn|7
|
|t:|1779704557
|move|p2a: Dragonite|Earthquake|p1a: Pecharunt
|-supereffective|p1a: Pecharunt
|-damage|p1a: Pecharunt|49/100
|move|p1a: Pecharunt|Foul Play|p2a: Dragonite
|-damage|p2a: Dragonite|84/100
|
|upkeep
|turn|8
|
|t:|1779704566
|-terastallize|p1a: Pecharunt|Dark
|move|p2a: Dragonite|Earthquake|p1a: Pecharunt
|-damage|p1a: Pecharunt|21/100
|move|p1a: Pecharunt|Recover|p1a: Pecharunt
|-heal|p1a: Pecharunt|71/100
|
|upkeep
|turn|9
|
|t:|1779704572
|move|p2a: Dragonite|Dragon Dance|p2a: Dragonite
|-boost|p2a: Dragonite|atk|1
|-boost|p2a: Dragonite|spe|1
|move|p1a: Pecharunt|Malignant Chain|p2a: Dragonite
|-damage|p2a: Dragonite|69/100
|-status|p2a: Dragonite|tox
|-start|p2a: Dragonite|confusion|[from] ability: Poison Puppeteer|[of] p1a: Pecharunt
|
|-damage|p2a: Dragonite|62/100 tox|[from] psn
|-sideend|p2: Frozmo|move: Aurora Veil
|upkeep
|turn|10
|
|t:|1779704579
|-activate|p2a: Dragonite|confusion
|-damage|p2a: Dragonite|27/100 tox|[from] confusion
|move|p1a: Pecharunt|Malignant Chain|p2a: Dragonite
|-damage|p2a: Dragonite|0 fnt
|faint|p2a: Dragonite
|
|upkeep
|
|t:|1779704588
|switch|p2a: Ninetales|Ninetales-Alola, F|100/100
|-damage|p2a: Ninetales|76/100|[from] Stealth Rock
|-weather|Snowscape|[from] ability: Snow Warning|[of] p2a: Ninetales
|turn|11
|
|t:|1779704593
|move|p2a: Ninetales|Aurora Veil|p2a: Ninetales
|-sidestart|p2: Frozmo|move: Aurora Veil
|move|p1a: Pecharunt|Malignant Chain|p2a: Ninetales
|-supereffective|p2a: Ninetales
|-damage|p2a: Ninetales|37/100
|-status|p2a: Ninetales|tox
|-start|p2a: Ninetales|confusion|[from] ability: Poison Puppeteer|[of] p1a: Pecharunt
|
|-weather|Snowscape|[upkeep]
|-damage|p2a: Ninetales|31/100 tox|[from] psn
|upkeep
|turn|12
|
|t:|1779704599
|-activate|p2a: Ninetales|confusion
|-damage|p2a: Ninetales|23/100 tox|[from] confusion
|move|p1a: Pecharunt|Recover|p1a: Pecharunt
|-heal|p1a: Pecharunt|100/100
|
|-weather|Snowscape|[upkeep]
|-damage|p2a: Ninetales|12/100 tox|[from] psn
|upkeep
|turn|13
|
|t:|1779704606
|switch|p1a: Blissey|Blissey, F|16/100
|-activate|p2a: Ninetales|confusion
|move|p2a: Ninetales|Moonblast|p1a: Blissey
|-damage|p1a: Blissey|5/100
|
|-weather|Snowscape|[upkeep]
|-damage|p2a: Ninetales|0 fnt|[from] psn
|faint|p2a: Ninetales
|upkeep
|
|t:|1779704614
|switch|p2a: Polteageist|Polteageist|100/100
|-damage|p2a: Polteageist|88/100|[from] Stealth Rock
|turn|14
|
|t:|1779704620
|move|p2a: Polteageist|Giga Drain|p1a: Blissey
|-damage|p1a: Blissey|0 fnt
|-heal|p2a: Polteageist|93/100|[from] drain|[of] p1a: Blissey
|faint|p1a: Blissey
|
|-weather|Snowscape|[upkeep]
|upkeep
|
|t:|1779704623
|switch|p1a: Ogerpon|Ogerpon, F|100/100
|turn|15
|
|t:|1779704633
|move|p1a: Ogerpon|Ivy Cudgel|p2a: Polteageist
|-damage|p2a: Polteageist|63/100
|move|p2a: Polteageist|Shell Smash|p2a: Polteageist
|-unboost|p2a: Polteageist|def|1
|-unboost|p2a: Polteageist|spd|1
|-boost|p2a: Polteageist|atk|2
|-boost|p2a: Polteageist|spa|2
|-boost|p2a: Polteageist|spe|2
|-enditem|p2a: Polteageist|White Herb
|-clearnegativeboost|p2a: Polteageist|[silent]
|
|-weather|none
|upkeep
|turn|16
|
|t:|1779704639
|move|p2a: Polteageist|Shadow Ball|p1a: Ogerpon
|-damage|p1a: Ogerpon|15/100
|-unboost|p1a: Ogerpon|spd|1
|-ability|p1a: Ogerpon|Defiant|boost
|-boost|p1a: Ogerpon|atk|2
|move|p1a: Ogerpon|Ivy Cudgel|p2a: Polteageist
|-damage|p2a: Polteageist|11/100
|
|upkeep
|turn|17
|
|t:|1779704646
|move|p2a: Polteageist|Shadow Ball|p1a: Ogerpon
|-crit|p1a: Ogerpon
|-damage|p1a: Ogerpon|0 fnt
|faint|p1a: Ogerpon
|
|upkeep
|
|t:|1779704649
|switch|p1a: Corviknight|Corviknight, F|100/100
|-ability|p1a: Corviknight|Pressure
|turn|18
|
|t:|1779704654
|move|p2a: Polteageist|Strength Sap|p1a: Corviknight
|-unboost|p1a: Corviknight|atk|1
|-heal|p2a: Polteageist|75/100
|move|p1a: Corviknight|U-turn|p2a: Polteageist
|-resisted|p2a: Polteageist
|-damage|p2a: Polteageist|73/100
|
|t:|1779704657
|switch|p1a: Pecharunt|Pecharunt, tera:Dark|100/100|[from] U-turn
|
|-sideend|p2: Frozmo|move: Aurora Veil
|upkeep
|turn|19
|
|t:|1779704663
|move|p2a: Polteageist|Giga Drain|p1a: Pecharunt
|-damage|p1a: Pecharunt|53/100
|-heal|p2a: Polteageist|100/100|[from] drain|[of] p1a: Pecharunt
|move|p1a: Pecharunt|Malignant Chain|p2a: Polteageist
|-resisted|p2a: Polteageist
|-damage|p2a: Polteageist|87/100
|
|upkeep
|turn|20
|
|t:|1779704669
|move|p2a: Polteageist|Giga Drain|p1a: Pecharunt
|-damage|p1a: Pecharunt|7/100
|-heal|p2a: Polteageist|100/100|[from] drain|[of] p1a: Pecharunt
|move|p1a: Pecharunt|Malignant Chain|p2a: Polteageist
|-resisted|p2a: Polteageist
|-damage|p2a: Polteageist|86/100
|-status|p2a: Polteageist|tox
|-start|p2a: Polteageist|confusion|[from] ability: Poison Puppeteer|[of] p1a: Pecharunt
|
|-damage|p2a: Polteageist|80/100 tox|[from] psn
|upkeep
|turn|21
|
|t:|1779704672
|-activate|p2a: Polteageist|confusion
|-damage|p2a: Polteageist|67/100 tox|[from] confusion
|move|p1a: Pecharunt|Foul Play|p2a: Polteageist
|-supereffective|p2a: Polteageist
|-damage|p2a: Polteageist|0 fnt
|-start|p1a: Pecharunt|Disable|Foul Play|[from] ability: Cursed Body|[of] p2a: Polteageist
|faint|p2a: Polteageist
|
|upkeep
|
|t:|1779704676
|switch|p2a: Ogerpon|Ogerpon-Wellspring, F|100/100
|-damage|p2a: Ogerpon|88/100|[from] Stealth Rock
|turn|22
|
|t:|1779704690
|move|p2a: Ogerpon|Play Rough|p1a: Pecharunt
|-supereffective|p1a: Pecharunt
|-damage|p1a: Pecharunt|0 fnt
|faint|p1a: Pecharunt
|
|upkeep
|
|t:|1779704694
|switch|p1a: Corviknight|Corviknight, F|100/100
|-ability|p1a: Corviknight|Pressure
|turn|23
|
|t:|1779704700
|-terastallize|p2a: Ogerpon|Water
|detailschange|p2a: Ogerpon|Ogerpon-Wellspring-Tera, F, tera:Water
|-ability|p2a: Ogerpon|Embody Aspect (Wellspring)|boost
|-boost|p2a: Ogerpon|spd|1
|move|p2a: Ogerpon|Ivy Cudgel|p1a: Corviknight|[anim] Ivy Cudgel Water
|-damage|p1a: Corviknight|51/100
|move|p1a: Corviknight|Body Press|p2a: Ogerpon
|-damage|p2a: Ogerpon|55/100
|
|upkeep
|turn|24
|
|t:|1779704707
|move|p2a: Ogerpon|Ivy Cudgel|p1a: Corviknight|[anim] Ivy Cudgel Water
|-damage|p1a: Corviknight|0 fnt
|faint|p1a: Corviknight
|
|upkeep
|
|t:|1779704711
|switch|p1a: Walking Wake|Walking Wake|100/100
|turn|25
|
|t:|1779704715
|move|p2a: Ogerpon|Play Rough|p1a: Walking Wake
|-supereffective|p1a: Walking Wake
|-crit|p1a: Walking Wake
|-damage|p1a: Walking Wake|0 fnt
|faint|p1a: Walking Wake
|-end|p1a: Walking Wake|Protosynthesis|[silent]
|
|win|Frozmo
|raw|claudechamp's rating: 1135 &rarr; <strong>1113</strong><br />(-22 for losing)
|raw|Frozmo's rating: 1172 &rarr; <strong>1194</strong><br />(+22 for winning)
|c|☆claudechamp|gg
|c|☆Frozmo|gg
