|j|☆tghvjhklk
|j|☆aw777
|t:|1779705231
|gametype|singles
|player|p1|tghvjhklk|102|1156
|player|p2|aw777|2|1190
|gen|9
|tier|[Gen 9] OU
|rated|
|rule|HP Percentage Mod: HP is shown in percentages
|rule|Endless Battle Clause: Forcing endless battles is banned
|rule|Species Clause: Limit one of each Pokémon
|rule|OHKO Clause: OHKO moves are banned
|rule|Evasion Items Clause: Evasion items are banned
|rule|Evasion Moves Clause: Evasion moves are banned
|rule|Evasion Abilities Clause: Evasion abilities are banned
|rule|Sleep Moves Clause: Sleep-inducing moves are banned
|clearpoke
|poke|p1|Ursaluna, F|
|poke|p1|Azumarill, M|
|poke|p1|Magnezone|
|poke|p1|Iron Hands|
|poke|p1|Corviknight, F|
|poke|p1|Hatterene, F|
|poke|p2|Hatterene, F|
|poke|p2|Dragapult, F|
|poke|p2|Landorus-Therian, M|
|poke|p2|Darkrai|
|poke|p2|Zapdos|
|poke|p2|Inteleon, F|
|teampreview
|
|t:|1779705253
|teamsize|p1|6
|teamsize|p2|6
|start
|switch|p1a: Hatterene|Hatterene, F|100/100
|switch|p2a: Dragapult|Dragapult, F|100/100
|turn|1
|
|t:|1779705261
|move|p2a: Dragapult|Dragon Dance|p2a: Dragapult
|-boost|p2a: Dragapult|atk|1
|-boost|p2a: Dragapult|spe|1
|move|p1a: Hatterene|Trick Room|p1a: Hatterene
|-fieldstart|move: Trick Room|[of] p1a: Hatterene
|
|upkeep
|turn|2
|
|t:|1779705275
|switch|p1a: Azumarill|Azumarill, M|100/100
|move|p2a: Dragapult|Phantom Force||[still]
|-prepare|p2a: Dragapult|Phantom Force
|
|upkeep
|turn|3
|
|t:|1779705282
|move|p1a: Azumarill|Belly Drum|p1a: Azumarill
|-damage|p1a: Azumarill|50/100
|-setboost|p1a: Azumarill|atk|6|[from] move: Belly Drum
|-enditem|p1a: Azumarill|Sitrus Berry|[eat]
|-heal|p1a: Azumarill|75/100|[from] item: Sitrus Berry
|move|p2a: Dragapult|Phantom Force|p1a: Azumarill|[from] lockedmove
|-damage|p1a: Azumarill|6/100
|
|upkeep
|turn|4
|
|t:|1779705300
|-terastallize|p2a: Dragapult|Normal
|move|p1a: Azumarill|Play Rough|p2a: Dragapult
|-damage|p2a: Dragapult|0 fnt
|faint|p2a: Dragapult
|
|upkeep
|
|t:|1779705313
|switch|p2a: Zapdos|Zapdos|100/100
|-ability|p2a: Zapdos|Pressure
|turn|5
|
|t:|1779705319
|move|p1a: Azumarill|Aqua Jet|p2a: Zapdos
|-damage|p2a: Zapdos|0 fnt
|faint|p2a: Zapdos
|
|-fieldend|move: Trick Room
|upkeep
|
|t:|1779705327
|switch|p2a: Darkrai|Darkrai|100/100
|turn|6
|
|t:|1779705340
|move|p1a: Azumarill|Aqua Jet|p2a: Darkrai
|-damage|p2a: Darkrai|0 fnt
|faint|p2a: Darkrai
|
|upkeep
|
|t:|1779705349
|switch|p2a: Inteleon|Inteleon, F|100/100
|turn|7
|
|t:|1779705354
|move|p1a: Azumarill|Aqua Jet|p2a: Inteleon
|-resisted|p2a: Inteleon
|-damage|p2a: Inteleon|10/100
|move|p2a: Inteleon|Shadow Ball|p1a: Azumarill
|-damage|p1a: Azumarill|0 fnt
|faint|p1a: Azumarill
|
|upkeep
|
|t:|1779705365
|switch|p1a: Hatterene|Hatterene, F|100/100
|turn|8
|
|t:|1779705376
|-terastallize|p1a: Hatterene|Steel
|move|p2a: Inteleon|Shadow Ball|p1a: Hatterene
|-damage|p1a: Hatterene|80/100
|move|p1a: Hatterene|Trick Room|p1a: Hatterene
|-fieldstart|move: Trick Room|[of] p1a: Hatterene
|
|-heal|p1a: Hatterene|86/100|[from] item: Leftovers
|upkeep
|turn|9
|
|t:|1779705392
|move|p1a: Hatterene|Psychic Noise|p2a: Inteleon
|-damage|p2a: Inteleon|0 fnt
|faint|p2a: Inteleon
|
|-heal|p1a: Hatterene|92/100|[from] item: Leftovers
|upkeep
|
|t:|1779705401
|switch|p2a: Hatterene|Hatterene, F|100/100
|turn|10
|
|t:|1779705407
|switch|p1a: Ursaluna|Ursaluna, F|100/100
|move|p2a: Hatterene|Calm Mind|p2a: Hatterene
|-boost|p2a: Hatterene|spa|1
|-boost|p2a: Hatterene|spd|1
|
|-status|p1a: Ursaluna|brn|[from] item: Flame Orb
|upkeep
|turn|11
|
|t:|1779705421
|move|p2a: Hatterene|Draining Kiss|p1a: Ursaluna
|-damage|p1a: Ursaluna|71/100 brn
|move|p1a: Ursaluna|Facade|p2a: Hatterene
|-crit|p2a: Hatterene
|-damage|p2a: Hatterene|0 fnt
|faint|p2a: Hatterene
|
|-damage|p1a: Ursaluna|65/100 brn|[from] brn
|upkeep
|
|t:|1779705431
|switch|p2a: Landorus|Landorus-Therian, M|100/100
|-ability|p2a: Landorus|Intimidate|boost
|-unboost|p1a: Ursaluna|atk|1
|turn|12
|
|t:|1779705442
|move|p1a: Ursaluna|Ice Punch|p2a: Landorus
|-supereffective|p2a: Landorus
|-damage|p2a: Landorus|0 fnt
|faint|p2a: Landorus
|
|win|tghvjhklk
|raw|tghvjhklk's rating: 1156 &rarr; <strong>1183</strong><br />(+27 for winning)
|raw|aw777's rating: 1190 &rarr; <strong>1163</strong><br />(-27 for losing)
|l|☆tghvjhklk
|player|p1|
|l|☆aw777
|player|p2|
