|j|☆Sofaniyas
|j|☆claudechamp
|t:|1779696769
|gametype|singles
|player|p1|Sofaniyas|102|1096
|player|p2|claudechamp|169|1147
|gen|9
|tier|[Gen 9] OU
|rated|
|rule|HP Percentage Mod: HP is shown in percentages
|rule|Endless Battle Clause: Forcing endless battles is banned
|rule|Species Clause: Limit one of each Pokémon
|rule|OHKO Clause: OHKO moves are banned
|rule|Evasion Items Clause: Evasion items are banned
|rule|Evasion Moves Clause: Evasion moves are banned
|rule|Evasion Abilities Clause: Evasion abilities are banned
|rule|Sleep Moves Clause: Sleep-inducing moves are banned
|clearpoke
|poke|p1|Garchomp, M|
|poke|p1|Darkrai|
|poke|p1|Gholdengo|
|poke|p1|Ogerpon-Wellspring, F|
|poke|p1|Iron Valiant|
|poke|p1|Iron Treads|
|poke|p2|Gliscor, M|
|poke|p2|Gholdengo|
|poke|p2|Zamazenta-*|
|poke|p2|Blissey, F|
|poke|p2|Skarmory, M|
|poke|p2|Pecharunt|
|teampreview
|c|☆claudechamp|hf
|inactive|Battle timer is ON: inactive players will automatically lose when time's up. (requested by claudechamp)
|
|t:|1779696772
|teamsize|p1|6
|teamsize|p2|6
|start
|switch|p1a: Garchomp|Garchomp, M|100/100
|switch|p2a: Skarmory|Skarmory, M|100/100
|turn|1
|
|t:|1779696784
|move|p1a: Garchomp|Stealth Rock|p2a: Skarmory
|-sidestart|p2: claudechamp|move: Stealth Rock
|move|p2a: Skarmory|Spikes|p1a: Garchomp
|-sidestart|p1: Sofaniyas|Spikes
|
|upkeep
|turn|2
|
|t:|1779696788
|move|p1a: Garchomp|Spikes|p2a: Skarmory
|-sidestart|p2: claudechamp|Spikes
|move|p2a: Skarmory|Spikes|p1a: Garchomp
|-sidestart|p1: Sofaniyas|Spikes
|
|upkeep
|turn|3
|
|t:|1779696796
|move|p1a: Garchomp|Stealth Rock||[still]
|-fail|p1a: Garchomp
|move|p2a: Skarmory|Spikes|p1a: Garchomp
|-sidestart|p1: Sofaniyas|Spikes
|
|upkeep
|turn|4
|
|t:|1779696801
|switch|p2a: Zamazenta|Zamazenta|100/100
|-ability|p2a: Zamazenta|Dauntless Shield|boost
|-boost|p2a: Zamazenta|def|1
|move|p1a: Garchomp|Spikes|p2a: Zamazenta
|-sidestart|p2: claudechamp|Spikes
|
|upkeep
|turn|5
|
|t:|1779696809
|move|p2a: Zamazenta|Crunch|p1a: Garchomp
|-damage|p1a: Garchomp|85/100
|-damage|p2a: Zamazenta|88/100|[from] ability: Rough Skin|[of] p1a: Garchomp
|-damage|p2a: Zamazenta|72/100|[from] item: Rocky Helmet|[of] p1a: Garchomp
|move|p1a: Garchomp|Dragon Tail|p2a: Zamazenta
|-damage|p2a: Zamazenta|56/100
|drag|p2a: Blissey|Blissey, F|100/100
|
|upkeep
|turn|6
|
|t:|1779696818
|move|p1a: Garchomp|Spikes|p2a: Blissey
|-sidestart|p2: claudechamp|Spikes
|move|p2a: Blissey|Stealth Rock|p1a: Garchomp
|-sidestart|p1: Sofaniyas|move: Stealth Rock
|
|upkeep
|turn|7
|
|t:|1779696823
|switch|p2a: Skarmory|Skarmory, M|100/100
|move|p1a: Garchomp|Stealth Rock||[still]
|-fail|p1a: Garchomp
|
|upkeep
|turn|8
|
|t:|1779696828
|move|p1a: Garchomp|Spikes||[still]
|-fail|p1a: Garchomp
|move|p2a: Skarmory|Whirlwind|p1a: Garchomp
|drag|p1a: Darkrai|Darkrai|100/100
|
|upkeep
|turn|9
|
|t:|1779696837
|switch|p2a: Gliscor|Gliscor, M|100/100
|-damage|p2a: Gliscor|88/100|[from] Stealth Rock
|move|p1a: Darkrai|Knock Off|p2a: Gliscor
|-damage|p2a: Gliscor|64/100
|-enditem|p2a: Gliscor|Toxic Orb|[from] move: Knock Off|[of] p1a: Darkrai
|
|upkeep
|turn|10
|
|t:|1779696846
|move|p1a: Darkrai|Knock Off|p2a: Gliscor
|-damage|p2a: Gliscor|46/100
|move|p2a: Gliscor|Knock Off|p1a: Darkrai
|-resisted|p1a: Darkrai
|-crit|p1a: Darkrai
|-damage|p1a: Darkrai|80/100
|-enditem|p1a: Darkrai|Heavy-Duty Boots|[from] move: Knock Off|[of] p2a: Gliscor
|
|upkeep
|turn|11
|
|t:|1779696854
|move|p1a: Darkrai|Ice Beam|p2a: Gliscor
|-supereffective|p2a: Gliscor
|-damage|p2a: Gliscor|0 fnt
|faint|p2a: Gliscor
|
|upkeep
|
|t:|1779696856
|switch|p2a: Zamazenta|Zamazenta|56/100
|turn|12
|
|t:|1779696861
|switch|p1a: Garchomp|Garchomp, M|85/100
|-damage|p1a: Garchomp|60/100|[from] Spikes
|-damage|p1a: Garchomp|54/100|[from] Stealth Rock
|move|p2a: Zamazenta|Close Combat|p1a: Garchomp
|-damage|p1a: Garchomp|21/100
|-unboost|p2a: Zamazenta|def|1
|-unboost|p2a: Zamazenta|spd|1
|-damage|p2a: Zamazenta|43/100|[from] ability: Rough Skin|[of] p1a: Garchomp
|-damage|p2a: Zamazenta|27/100|[from] item: Rocky Helmet|[of] p1a: Garchomp
|
|upkeep
|turn|13
|
|t:|1779696876
|-terastallize|p1a: Garchomp|Ghost
|move|p2a: Zamazenta|Close Combat|p1a: Garchomp
|-immune|p1a: Garchomp
|move|p1a: Garchomp|Dragon Tail|p2a: Zamazenta
|-damage|p2a: Zamazenta|0 fnt
|faint|p2a: Zamazenta
|
|upkeep
|
|t:|1779696882
|switch|p2a: Pecharunt|Pecharunt|100/100
|turn|14
|
|t:|1779696896
|move|p1a: Garchomp|Stealth Rock||[still]
|-fail|p1a: Garchomp
|move|p2a: Pecharunt|Parting Shot|p1a: Garchomp
|-unboost|p1a: Garchomp|atk|1
|-unboost|p1a: Garchomp|spa|1
|
|t:|1779696900
|switch|p2a: Blissey|Blissey, F|100/100|[from] Parting Shot
|
|upkeep
|turn|15
|
|t:|1779696908
|switch|p1a: Gholdengo|Gholdengo|100/100
|-damage|p1a: Gholdengo|94/100|[from] Stealth Rock
|-item|p1a: Gholdengo|Air Balloon
|move|p2a: Blissey|Shadow Ball|p1a: Gholdengo
|-supereffective|p1a: Gholdengo
|-damage|p1a: Gholdengo|66/100
|-enditem|p1a: Gholdengo|Air Balloon
|
|upkeep
|turn|16
|
|t:|1779696919
|move|p1a: Gholdengo|Make It Rain|p2a: Blissey
|-damage|p2a: Blissey|86/100
|-unboost|p1a: Gholdengo|spa|1
|move|p2a: Blissey|Shadow Ball|p1a: Gholdengo
|-supereffective|p1a: Gholdengo
|-damage|p1a: Gholdengo|38/100
|
|upkeep
|turn|17
|
|t:|1779696928
|switch|p1a: Garchomp|Garchomp, M, tera:Ghost|21/100
|-damage|p1a: Garchomp|0 fnt|[from] Spikes
|faint|p1a: Garchomp
|switch|p2a: Skarmory|Skarmory, M|100/100
|
|upkeep
|
|t:|1779696935
|switch|p1a: Iron Treads|Iron Treads|100/100
|-damage|p1a: Iron Treads|76/100|[from] Spikes
|-damage|p1a: Iron Treads|73/100|[from] Stealth Rock
|turn|18
|
|t:|1779696943
|move|p1a: Iron Treads|Knock Off|p2a: Skarmory
|-damage|p2a: Skarmory|86/100
|-enditem|p2a: Skarmory|Heavy-Duty Boots|[from] move: Knock Off|[of] p1a: Iron Treads
|move|p2a: Skarmory|Body Press|p1a: Iron Treads
|-supereffective|p1a: Iron Treads
|-damage|p1a: Iron Treads|19/100
|
|-heal|p1a: Iron Treads|25/100|[from] item: Leftovers
|upkeep
|turn|19
|
|t:|1779696955
|switch|p2a: Pecharunt|Pecharunt|100/100
|move|p1a: Iron Treads|Ice Spinner|p2a: Pecharunt
|-damage|p2a: Pecharunt|90/100
|
|-heal|p1a: Iron Treads|31/100|[from] item: Leftovers
|upkeep
|turn|20
|
|t:|1779696963
|-end|p1a: Iron Treads|Quark Drive|[silent]
|switch|p1a: Ogerpon|Ogerpon-Wellspring, F|100/100
|-damage|p1a: Ogerpon|76/100|[from] Spikes
|-damage|p1a: Ogerpon|63/100|[from] Stealth Rock
|move|p2a: Pecharunt|Recover|p2a: Pecharunt
|-heal|p2a: Pecharunt|100/100
|
|upkeep
|turn|21
|
|t:|1779696973
|move|p1a: Ogerpon|Ivy Cudgel|p2a: Pecharunt|[anim] Ivy Cudgel Water
|-damage|p2a: Pecharunt|74/100
|move|p2a: Pecharunt|Toxic|p1a: Ogerpon
|-status|p1a: Ogerpon|tox
|-start|p1a: Ogerpon|confusion|[from] ability: Poison Puppeteer|[of] p2a: Pecharunt
|
|-damage|p1a: Ogerpon|58/100 tox|[from] psn
|upkeep
|turn|22
|
|t:|1779696981
|-activate|p1a: Ogerpon|confusion
|move|p1a: Ogerpon|Synthesis|p1a: Ogerpon
|-heal|p1a: Ogerpon|100/100 tox
|move|p2a: Pecharunt|Shadow Ball|p1a: Ogerpon
|-crit|p1a: Ogerpon
|-damage|p1a: Ogerpon|63/100 tox
|
|-damage|p1a: Ogerpon|51/100 tox|[from] psn
|upkeep
|turn|23
|
|t:|1779696991
|switch|p1a: Darkrai|Darkrai|80/100
|-damage|p1a: Darkrai|55/100|[from] Spikes
|-damage|p1a: Darkrai|42/100|[from] Stealth Rock
|move|p2a: Pecharunt|Recover|p2a: Pecharunt
|-heal|p2a: Pecharunt|100/100
|
|upkeep
|turn|24
|
|t:|1779697000
|move|p1a: Darkrai|Dark Pulse|p2a: Pecharunt
|-supereffective|p2a: Pecharunt
|-damage|p2a: Pecharunt|21/100
|move|p2a: Pecharunt|Toxic|p1a: Darkrai
|-status|p1a: Darkrai|tox
|-start|p1a: Darkrai|confusion|[from] ability: Poison Puppeteer|[of] p2a: Pecharunt
|
|-damage|p1a: Darkrai|36/100 tox|[from] psn
|upkeep
|turn|25
|
|t:|1779697009
|switch|p2a: Blissey|Blissey, F|86/100
|-activate|p1a: Darkrai|confusion
|move|p1a: Darkrai|Knock Off|p2a: Blissey
|-damage|p2a: Blissey|53/100
|-enditem|p2a: Blissey|Heavy-Duty Boots|[from] move: Knock Off|[of] p1a: Darkrai
|
|-damage|p1a: Darkrai|24/100 tox|[from] psn
|upkeep
|turn|26
|
|t:|1779697023
|-activate|p1a: Darkrai|confusion
|move|p1a: Darkrai|Sludge Bomb|p2a: Blissey
|-damage|p2a: Blissey|43/100
|-status|p2a: Blissey|psn
|move|p2a: Blissey|Soft-Boiled|p2a: Blissey
|-heal|p2a: Blissey|93/100 psn
|
|-damage|p1a: Darkrai|6/100 tox|[from] psn
|-damage|p2a: Blissey|81/100 psn|[from] psn
|upkeep
|turn|27
|
|t:|1779697034
|switch|p1a: Iron Valiant|Iron Valiant|100/100
|-damage|p1a: Iron Valiant|76/100|[from] Spikes
|-damage|p1a: Iron Valiant|69/100|[from] Stealth Rock
|-enditem|p1a: Iron Valiant|Booster Energy
|-activate|p1a: Iron Valiant|ability: Quark Drive|[fromitem]
|-start|p1a: Iron Valiant|quarkdrivespe
|-curestatus|p2a: Blissey|psn|[from] ability: Natural Cure|[silent]
|switch|p2a: Skarmory|Skarmory, M|86/100
|-damage|p2a: Skarmory|74/100|[from] Stealth Rock
|
|upkeep
|turn|28
|
|t:|1779697047
|move|p1a: Iron Valiant|Thunderbolt|p2a: Skarmory
|-supereffective|p2a: Skarmory
|-damage|p2a: Skarmory|0 fnt
|faint|p2a: Skarmory
|
|upkeep
|
|t:|1779697052
|switch|p2a: Gholdengo|Gholdengo|100/100
|-damage|p2a: Gholdengo|94/100|[from] Stealth Rock
|-damage|p2a: Gholdengo|70/100|[from] Spikes
|turn|29
|
|t:|1779697067
|move|p1a: Iron Valiant|Encore|p2a: Gholdengo
|-immune|p2a: Gholdengo|[from] ability: Good as Gold
|move|p2a: Gholdengo|Recover|p2a: Gholdengo
|-heal|p2a: Gholdengo|100/100
|
|upkeep
|turn|30
|
|t:|1779697072
|-terastallize|p2a: Gholdengo|Fairy
|move|p1a: Iron Valiant|Thunderbolt|p2a: Gholdengo
|-damage|p2a: Gholdengo|70/100
|move|p2a: Gholdengo|Nasty Plot|p2a: Gholdengo
|-boost|p2a: Gholdengo|spa|2
|
|upkeep
|turn|31
|
|t:|1779697086
|-end|p1a: Iron Valiant|Quark Drive|[silent]
|switch|p1a: Ogerpon|Ogerpon-Wellspring, F|51/100 tox
|-damage|p1a: Ogerpon|26/100 tox|[from] Spikes
|-damage|p1a: Ogerpon|14/100 tox|[from] Stealth Rock
|move|p2a: Gholdengo|Hex|p1a: Ogerpon
|-damage|p1a: Ogerpon|0 fnt
|faint|p1a: Ogerpon
|
|upkeep
|
|t:|1779697095
|switch|p1a: Gholdengo|Gholdengo|38/100
|-damage|p1a: Gholdengo|13/100|[from] Spikes
|-damage|p1a: Gholdengo|7/100|[from] Stealth Rock
|turn|32
|
|t:|1779697101
|move|p2a: Gholdengo|Hex|p1a: Gholdengo
|-supereffective|p1a: Gholdengo
|-damage|p1a: Gholdengo|0 fnt
|faint|p1a: Gholdengo
|
|upkeep
|
|t:|1779697107
|switch|p1a: Iron Valiant|Iron Valiant|69/100
|-damage|p1a: Iron Valiant|44/100|[from] Spikes
|-damage|p1a: Iron Valiant|38/100|[from] Stealth Rock
|turn|33
|
|t:|1779697117
|move|p1a: Iron Valiant|Thunderbolt|p2a: Gholdengo
|-damage|p2a: Gholdengo|38/100
|move|p2a: Gholdengo|Hex|p1a: Iron Valiant
|-damage|p1a: Iron Valiant|0 fnt
|faint|p1a: Iron Valiant
|-end|p1a: Iron Valiant|Quark Drive|[silent]
|
|upkeep
|
|t:|1779697124
|switch|p1a: Darkrai|Darkrai|6/100 tox
|-damage|p1a: Darkrai|0 fnt|[from] Spikes
|faint|p1a: Darkrai
|
|t:|1779697128
|switch|p1a: Iron Treads|Iron Treads|31/100
|-damage|p1a: Iron Treads|6/100|[from] Spikes
|-damage|p1a: Iron Treads|3/100|[from] Stealth Rock
|turn|34
|
|t:|1779697142
|move|p1a: Iron Treads|Rapid Spin|p2a: Gholdengo
|-damage|p2a: Gholdengo|29/100
|-boost|p1a: Iron Treads|spe|1
|-sideend|p1: Sofaniyas|Spikes|[from] move: Rapid Spin|[of] p1a: Iron Treads
|-sideend|p1: Sofaniyas|Stealth Rock|[from] move: Rapid Spin|[of] p1a: Iron Treads
|move|p2a: Gholdengo|Recover|p2a: Gholdengo
|-heal|p2a: Gholdengo|79/100
|
|-heal|p1a: Iron Treads|9/100|[from] item: Leftovers
|upkeep
|turn|35
|
|t:|1779697152
|move|p1a: Iron Treads|Ice Spinner|p2a: Gholdengo
|-damage|p2a: Gholdengo|65/100
|move|p2a: Gholdengo|Hex|p1a: Iron Treads
|-damage|p1a: Iron Treads|0 fnt
|faint|p1a: Iron Treads
|-end|p1a: Iron Treads|Quark Drive|[silent]
|
|win|claudechamp
|raw|Sofaniyas's rating: 1096 &rarr; <strong>1077</strong><br />(-19 for losing)
|raw|claudechamp's rating: 1170 &rarr; <strong>1190</strong><br />(+20 for winning)
|c|☆claudechamp|gg
|l|☆Sofaniyas
|player|p1|
