|j|☆goodnightnite
|j|‽JKRider
|t:|1779610672
|gametype|singles
|player|p1|goodnightnite|miku-water|1603
|player|p2|JKRider|170|1668
|gen|9
|tier|[Gen 9] OU
|rated|
|rule|HP Percentage Mod: HP is shown in percentages
|rule|Endless Battle Clause: Forcing endless battles is banned
|rule|Species Clause: Limit one of each Pokémon
|rule|OHKO Clause: OHKO moves are banned
|rule|Evasion Items Clause: Evasion items are banned
|rule|Evasion Moves Clause: Evasion moves are banned
|rule|Evasion Abilities Clause: Evasion abilities are banned
|rule|Sleep Moves Clause: Sleep-inducing moves are banned
|clearpoke
|poke|p1|Dragonite, F|
|poke|p1|Samurott-Hisui, F|
|poke|p1|Gholdengo|
|poke|p1|Pecharunt|
|poke|p1|Walking Wake|
|poke|p1|Ting-Lu|
|poke|p2|Great Tusk|
|poke|p2|Samurott-Hisui, F|
|poke|p2|Dragonite, M|
|poke|p2|Slowking-Galar, F|
|poke|p2|Iron Valiant|
|poke|p2|Gholdengo|
|teampreview
|inactive|Battle timer is ON: inactive players will automatically lose when time's up. (requested by goodnightnite)
|
|t:|1779610683
|teamsize|p1|6
|teamsize|p2|6
|start
|switch|p1a: Samurott|Samurott-Hisui, F|100/100
|switch|p2a: Samurott|Samurott-Hisui, F|100/100
|turn|1
|
|t:|1779610689
|move|p2a: Samurott|Sacred Sword|p1a: Samurott
|-supereffective|p1a: Samurott
|-damage|p1a: Samurott|11/100
|move|p1a: Samurott|Ceaseless Edge|p2a: Samurott
|-resisted|p2a: Samurott
|-damage|p2a: Samurott|77/100
|-sidestart|p2: JKRider|Spikes
|
|upkeep
|turn|2
|
|t:|1779610705
|switch|p1a: Dragonite|Dragonite, F|100/100
|move|p2a: Samurott|Ceaseless Edge|p1a: Dragonite
|-damage|p1a: Dragonite|81/100
|-sidestart|p1: goodnightnite|Spikes
|
|upkeep
|turn|3
|
|t:|1779610712
|move|p2a: Samurott|Ceaseless Edge|p1a: Dragonite
|-damage|p1a: Dragonite|45/100
|-sidestart|p1: goodnightnite|Spikes
|move|p1a: Dragonite|Low Kick|p2a: Samurott
|-supereffective|p2a: Samurott
|-damage|p2a: Samurott|0 fnt
|faint|p2a: Samurott
|
|upkeep
|
|t:|1779610734
|switch|p2a: Gholdengo|Gholdengo|100/100
|-damage|p2a: Gholdengo|88/100|[from] Spikes
|turn|4
|
|t:|1779610738
|switch|p1a: Ting-Lu|Ting-Lu|100/100
|-damage|p1a: Ting-Lu|84/100|[from] Spikes
|-ability|p1a: Ting-Lu|Vessel of Ruin
|move|p2a: Gholdengo|Shadow Ball|p1a: Ting-Lu
|-resisted|p1a: Ting-Lu
|-damage|p1a: Ting-Lu|77/100
|
|-heal|p1a: Ting-Lu|83/100|[from] item: Leftovers
|upkeep
|turn|5
|
|t:|1779610749
|switch|p2a: Great Tusk|Great Tusk|100/100
|-damage|p2a: Great Tusk|88/100|[from] Spikes
|move|p1a: Ting-Lu|Stealth Rock|p2a: Great Tusk
|-sidestart|p2: JKRider|move: Stealth Rock
|
|-heal|p2a: Great Tusk|94/100|[from] item: Leftovers
|-heal|p1a: Ting-Lu|89/100|[from] item: Leftovers
|upkeep
|turn|6
|
|t:|1779610756
|move|p2a: Great Tusk|Ice Spinner|p1a: Ting-Lu
|-supereffective|p1a: Ting-Lu
|-crit|p1a: Ting-Lu
|-damage|p1a: Ting-Lu|52/100
|move|p1a: Ting-Lu|Ruination|p2a: Great Tusk
|-damage|p2a: Great Tusk|48/100
|
|-heal|p2a: Great Tusk|54/100|[from] item: Leftovers
|-heal|p1a: Ting-Lu|58/100|[from] item: Leftovers
|upkeep
|turn|7
|
|t:|1779610764
|switch|p1a: Gholdengo|Gholdengo|100/100
|-damage|p1a: Gholdengo|84/100|[from] Spikes
|move|p2a: Great Tusk|Rapid Spin|p1a: Gholdengo
|-immune|p1a: Gholdengo
|
|-heal|p2a: Great Tusk|60/100|[from] item: Leftovers
|upkeep
|turn|8
|
|t:|1779610776
|-end|p2a: Great Tusk|Protosynthesis|[silent]
|switch|p2a: Slowking|Slowking-Galar, F|100/100
|-damage|p2a: Slowking|88/100|[from] Spikes
|-damage|p2a: Slowking|76/100|[from] Stealth Rock
|move|p1a: Gholdengo|Make It Rain|p2a: Slowking
|-damage|p2a: Slowking|36/100
|-unboost|p1a: Gholdengo|spa|1
|
|upkeep
|turn|9
|inactive|goodnightnite has 120 seconds left.
|
|t:|1779610813
|switch|p1a: Walking Wake|Walking Wake|100/100
|-prepare|p2a: Slowking|Chilly Reception|[premajor]
|move|p2a: Slowking|Chilly Reception|p2a: Slowking
|-weather|Snowscape
|
|t:|1779610835
|switch|p2a: Great Tusk|Great Tusk|60/100|[from] Chilly Reception
|-damage|p2a: Great Tusk|48/100|[from] Spikes
|-damage|p2a: Great Tusk|45/100|[from] Stealth Rock
|
|-weather|Snowscape|[upkeep]
|-heal|p2a: Great Tusk|51/100|[from] item: Leftovers
|upkeep
|turn|10
|
|t:|1779610844
|-terastallize|p2a: Great Tusk|Water
|move|p1a: Walking Wake|Surf|p2a: Great Tusk
|-resisted|p2a: Great Tusk
|-damage|p2a: Great Tusk|22/100
|move|p2a: Great Tusk|Rapid Spin|p1a: Walking Wake
|-damage|p1a: Walking Wake|83/100
|-boost|p2a: Great Tusk|spe|1
|-sideend|p2: JKRider|Spikes|[from] move: Rapid Spin|[of] p2a: Great Tusk
|-sideend|p2: JKRider|Stealth Rock|[from] move: Rapid Spin|[of] p2a: Great Tusk
|
|-weather|Snowscape|[upkeep]
|-heal|p2a: Great Tusk|29/100|[from] item: Leftovers
|upkeep
|turn|11
|-message|goodnightnite forfeited.
|
|win|JKRider
|raw|goodnightnite's rating: 1603 &rarr; <strong>1587</strong><br />(-16 for losing)
|raw|JKRider's rating: 1668 &rarr; <strong>1684</strong><br />(+16 for winning)
|l|☆goodnightnite
|player|p1|
|l|‽JKRider
|player|p2|
