|j|☆bvcnmkor85471
|j|☆hgjgfjyg
|t:|1779720169
|gametype|singles
|player|p1|bvcnmkor85471|policeman-gen4|1228
|player|p2|hgjgfjyg|collector|1244
|gen|9
|tier|[Gen 9] OU
|rated|
|rule|HP Percentage Mod: HP is shown in percentages
|rule|Endless Battle Clause: Forcing endless battles is banned
|rule|Species Clause: Limit one of each Pokémon
|rule|OHKO Clause: OHKO moves are banned
|rule|Evasion Items Clause: Evasion items are banned
|rule|Evasion Moves Clause: Evasion moves are banned
|rule|Evasion Abilities Clause: Evasion abilities are banned
|rule|Sleep Moves Clause: Sleep-inducing moves are banned
|clearpoke
|poke|p1|Tyranitar, M|
|poke|p1|Houndstone, M|
|poke|p1|Tsareena, F|
|poke|p1|Sandslash, M|
|poke|p1|Tornadus-Therian, M|
|poke|p1|Rotom-Wash|
|poke|p2|Pelipper, F|
|poke|p2|Toxicroak, F|
|poke|p2|Dragapult, M|
|poke|p2|Samurott-Hisui, M|
|poke|p2|Kyurem|
|poke|p2|Great Tusk|
|teampreview
|inactive|Battle timer is ON: inactive players will automatically lose when time's up. (requested by hgjgfjyg)
|
|t:|1779720178
|teamsize|p1|6
|teamsize|p2|6
|start
|switch|p1a: Rotom|Rotom-Wash|100/100
|switch|p2a: Samurott|Samurott-Hisui, M|100/100
|turn|1
|
|t:|1779720189
|move|p2a: Samurott|Ceaseless Edge|p1a: Rotom
|-damage|p1a: Rotom|53/100
|-sidestart|p1: bvcnmkor85471|Spikes
|move|p1a: Rotom|Volt Switch|p2a: Samurott
|-supereffective|p2a: Samurott
|-damage|p2a: Samurott|5/100
|
|t:|1779720192
|switch|p1a: Tsareena|Tsareena, F|100/100|[from] Volt Switch
|-damage|p1a: Tsareena|88/100|[from] Spikes
|
|-heal|p1a: Tsareena|94/100|[from] item: Leftovers
|upkeep
|turn|2
|
|t:|1779720195
|move|p2a: Samurott|Ceaseless Edge|p1a: Tsareena
|-damage|p1a: Tsareena|49/100
|-sidestart|p1: bvcnmkor85471|Spikes
|move|p1a: Tsareena|Rapid Spin|p2a: Samurott
|-crit|p2a: Samurott
|-damage|p2a: Samurott|0 fnt
|-boost|p1a: Tsareena|spe|1
|-sideend|p1: bvcnmkor85471|Spikes|[from] move: Rapid Spin|[of] p1a: Tsareena
|faint|p2a: Samurott
|
|-heal|p1a: Tsareena|55/100|[from] item: Leftovers
|upkeep
|
|t:|1779720208
|switch|p2a: Pelipper|Pelipper, F|100/100
|-weather|RainDance|[from] ability: Drizzle|[of] p2a: Pelipper
|turn|3
|
|t:|1779720210
|switch|p1a: Tyranitar|Tyranitar, M|100/100
|-weather|Sandstorm|[from] ability: Sand Stream|[of] p1a: Tyranitar
|move|p2a: Pelipper|Hurricane|p1a: Tyranitar
|-resisted|p1a: Tyranitar
|-damage|p1a: Tyranitar|93/100
|
|-weather|Sandstorm|[upkeep]
|-damage|p2a: Pelipper|94/100|[from] Sandstorm
|upkeep
|turn|4
|
|t:|1779720218
|move|p2a: Pelipper|U-turn|p1a: Tyranitar
|-supereffective|p1a: Tyranitar
|-damage|p1a: Tyranitar|80/100
|
|t:|1779720220
|switch|p2a: Great Tusk|Great Tusk|100/100|[from] U-turn
|move|p1a: Tyranitar|Stealth Rock|p2a: Great Tusk
|-sidestart|p2: hgjgfjyg|move: Stealth Rock
|
|-weather|Sandstorm|[upkeep]
|upkeep
|turn|5
|
|t:|1779720225
|switch|p1a: Rotom|Rotom-Wash|53/100
|move|p2a: Great Tusk|Stealth Rock|p1a: Rotom
|-sidestart|p1: bvcnmkor85471|move: Stealth Rock
|
|-weather|Sandstorm|[upkeep]
|-damage|p1a: Rotom|47/100|[from] Sandstorm
|-heal|p1a: Rotom|53/100|[from] item: Leftovers
|upkeep
|turn|6
|
|t:|1779720233
|-end|p2a: Great Tusk|Protosynthesis|[silent]
|switch|p2a: Dragapult|Dragapult, M|100/100
|-damage|p2a: Dragapult|88/100|[from] Stealth Rock
|move|p1a: Rotom|Pain Split|p2a: Dragapult
|-sethp|p2a: Dragapult|69/100|[from] move: Pain Split|[silent]
|-sethp|p1a: Rotom|72/100|[from] move: Pain Split
|
|-weather|Sandstorm|[upkeep]
|-damage|p2a: Dragapult|63/100|[from] Sandstorm
|-damage|p1a: Rotom|67/100|[from] Sandstorm
|-heal|p1a: Rotom|72/100|[from] item: Leftovers
|upkeep
|turn|7
|
|t:|1779720242
|switch|p1a: Tornadus|Tornadus-Therian, M, shiny|100/100
|-damage|p1a: Tornadus|76/100|[from] Stealth Rock
|move|p2a: Dragapult|Draco Meteor|p1a: Tornadus
|-damage|p1a: Tornadus|7/100
|-unboost|p2a: Dragapult|spa|2
|
|-weather|Sandstorm|[upkeep]
|-damage|p2a: Dragapult|57/100|[from] Sandstorm
|-damage|p1a: Tornadus|0 fnt|[from] Sandstorm
|faint|p1a: Tornadus
|upkeep
|
|t:|1779720252
|switch|p1a: Sandslash|Sandslash, M, shiny|100/100
|-damage|p1a: Sandslash|94/100|[from] Stealth Rock
|turn|8
|
|t:|1779720265
|switch|p2a: Pelipper|Pelipper, F|94/100
|-damage|p2a: Pelipper|70/100|[from] Stealth Rock
|-weather|RainDance|[from] ability: Drizzle|[of] p2a: Pelipper
|move|p1a: Sandslash|Swords Dance|p1a: Sandslash
|-boost|p1a: Sandslash|atk|2
|
|-weather|RainDance|[upkeep]
|upkeep
|turn|9
|
|t:|1779720272
|switch|p1a: Tyranitar|Tyranitar, M|80/100
|-damage|p1a: Tyranitar|67/100|[from] Stealth Rock
|-weather|Sandstorm|[from] ability: Sand Stream|[of] p1a: Tyranitar
|move|p2a: Pelipper|U-turn|p1a: Tyranitar
|-supereffective|p1a: Tyranitar
|-damage|p1a: Tyranitar|53/100
|
|t:|1779720280
|switch|p2a: Great Tusk|Great Tusk|100/100|[from] U-turn
|-damage|p2a: Great Tusk|98/100|[from] Stealth Rock
|
|-weather|Sandstorm|[upkeep]
|-heal|p2a: Great Tusk|100/100|[from] item: Leftovers
|upkeep
|turn|10
|
|t:|1779720283
|switch|p1a: Rotom|Rotom-Wash|72/100
|-damage|p1a: Rotom|60/100|[from] Stealth Rock
|move|p2a: Great Tusk|Earthquake|p1a: Rotom
|-immune|p1a: Rotom|[from] ability: Levitate
|
|-weather|Sandstorm|[upkeep]
|-damage|p1a: Rotom|54/100|[from] Sandstorm
|-heal|p1a: Rotom|60/100|[from] item: Leftovers
|upkeep
|turn|11
|
|t:|1779720296
|move|p2a: Great Tusk|Body Press|p1a: Rotom
|-damage|p1a: Rotom|8/100
|move|p1a: Rotom|Will-O-Wisp|p2a: Great Tusk
|-status|p2a: Great Tusk|brn
|
|-weather|Sandstorm|[upkeep]
|-damage|p1a: Rotom|2/100|[from] Sandstorm
|-heal|p1a: Rotom|8/100|[from] item: Leftovers
|-damage|p2a: Great Tusk|94/100 brn|[from] brn
|upkeep
|turn|12
|
|t:|1779720307
|switch|p1a: Tsareena|Tsareena, F|55/100
|-damage|p1a: Tsareena|43/100|[from] Stealth Rock
|move|p2a: Great Tusk|Rapid Spin|p1a: Tsareena
|-damage|p1a: Tsareena|35/100
|-boost|p2a: Great Tusk|spe|1
|-sideend|p2: hgjgfjyg|Stealth Rock|[from] move: Rapid Spin|[of] p2a: Great Tusk
|
|-weather|Sandstorm|[upkeep]
|-damage|p1a: Tsareena|29/100|[from] Sandstorm
|-heal|p2a: Great Tusk|100/100 brn|[from] item: Leftovers
|-heal|p1a: Tsareena|35/100|[from] item: Leftovers
|-damage|p2a: Great Tusk|94/100 brn|[from] brn
|upkeep
|turn|13
|
|t:|1779720333
|move|p2a: Great Tusk|Body Press|p1a: Tsareena
|-damage|p1a: Tsareena|10/100
|move|p1a: Tsareena|Power Whip|p2a: Great Tusk
|-supereffective|p2a: Great Tusk
|-damage|p2a: Great Tusk|33/100 brn
|
|-weather|Sandstorm|[upkeep]
|-damage|p1a: Tsareena|4/100|[from] Sandstorm
|-heal|p2a: Great Tusk|39/100 brn|[from] item: Leftovers
|-heal|p1a: Tsareena|10/100|[from] item: Leftovers
|-damage|p2a: Great Tusk|33/100 brn|[from] brn
|upkeep
|turn|14
|
|t:|1779720347
|switch|p1a: Houndstone|Houndstone, M, shiny|100/100
|-damage|p1a: Houndstone|88/100|[from] Stealth Rock
|move|p2a: Great Tusk|Body Press|p1a: Houndstone
|-immune|p1a: Houndstone
|
|-weather|Sandstorm|[upkeep]
|-heal|p2a: Great Tusk|39/100 brn|[from] item: Leftovers
|-damage|p2a: Great Tusk|33/100 brn|[from] brn
|upkeep
|turn|15
|
|t:|1779720351
|move|p1a: Houndstone|Poltergeist|p2a: Great Tusk
|-activate|p2a: Great Tusk|move: Poltergeist|Leftovers
|-damage|p2a: Great Tusk|0 fnt
|faint|p2a: Great Tusk
|-end|p2a: Great Tusk|Protosynthesis|[silent]
|
|-weather|Sandstorm|[upkeep]
|upkeep
|
|t:|1779720356
|switch|p2a: Pelipper|Pelipper, F|70/100
|-weather|RainDance|[from] ability: Drizzle|[of] p2a: Pelipper
|turn|16
|
|t:|1779720359
|move|p1a: Houndstone|Poltergeist|p2a: Pelipper
|-activate|p2a: Pelipper|move: Poltergeist|Damp Rock
|-crit|p2a: Pelipper
|-damage|p2a: Pelipper|0 fnt
|faint|p2a: Pelipper
|
|-weather|RainDance|[upkeep]
|upkeep
|
|t:|1779720365
|switch|p2a: Toxicroak|Toxicroak, F|100/100
|turn|17
|
|t:|1779720376
|switch|p1a: Tsareena|Tsareena, F|10/100
|-damage|p1a: Tsareena|0 fnt|[from] Stealth Rock
|faint|p1a: Tsareena
|move|p2a: Toxicroak|Swords Dance|p2a: Toxicroak
|-boost|p2a: Toxicroak|atk|2
|
|-weather|RainDance|[upkeep]
|upkeep
|
|t:|1779720386
|switch|p1a: Tyranitar|Tyranitar, M|53/100
|-damage|p1a: Tyranitar|41/100|[from] Stealth Rock
|-weather|Sandstorm|[from] ability: Sand Stream|[of] p1a: Tyranitar
|turn|18
|
|t:|1779720396
|switch|p1a: Rotom|Rotom-Wash|8/100
|-damage|p1a: Rotom|0 fnt|[from] Stealth Rock
|faint|p1a: Rotom
|move|p2a: Toxicroak|Gunk Shot|p1: Rotom|[notarget]
|-fail|p2a: Toxicroak
|
|-weather|Sandstorm|[upkeep]
|-damage|p2a: Toxicroak|94/100|[from] Sandstorm
|-heal|p2a: Toxicroak|100/100|[from] item: Leftovers
|upkeep
|
|t:|1779720398
|switch|p1a: Sandslash|Sandslash, M, shiny|94/100
|-damage|p1a: Sandslash|88/100|[from] Stealth Rock
|turn|19
|
|t:|1779720403
|-terastallize|p2a: Toxicroak|Dark
|move|p1a: Sandslash|Earthquake|p2a: Toxicroak
|-damage|p2a: Toxicroak|8/100
|-damage|p1a: Sandslash|78/100|[from] item: Life Orb
|move|p2a: Toxicroak|Knock Off|p1a: Sandslash
|-damage|p1a: Sandslash|0 fnt
|-enditem|p1a: Sandslash|Life Orb|[from] move: Knock Off|[of] p2a: Toxicroak
|faint|p1a: Sandslash
|
|-weather|Sandstorm|[upkeep]
|-damage|p2a: Toxicroak|1/100|[from] Sandstorm
|-heal|p2a: Toxicroak|8/100|[from] item: Leftovers
|upkeep
|
|t:|1779720408
|switch|p1a: Houndstone|Houndstone, M, shiny|88/100
|-damage|p1a: Houndstone|76/100|[from] Stealth Rock
|turn|20
|
|t:|1779720415
|move|p1a: Houndstone|Play Rough|p2a: Toxicroak
|-supereffective|p2a: Toxicroak
|-damage|p2a: Toxicroak|0 fnt
|faint|p2a: Toxicroak
|
|-weather|Sandstorm|[upkeep]
|upkeep
|
|t:|1779720420
|switch|p2a: Kyurem|Kyurem|100/100
|-ability|p2a: Kyurem|Pressure
|turn|21
|
|t:|1779720429
|switch|p1a: Tyranitar|Tyranitar, M|41/100
|-damage|p1a: Tyranitar|29/100|[from] Stealth Rock
|move|p2a: Kyurem|Draco Meteor|p1a: Tyranitar|[miss]
|-miss|p2a: Kyurem|p1a: Tyranitar
|
|-weather|Sandstorm|[upkeep]
|-damage|p2a: Kyurem|94/100|[from] Sandstorm
|upkeep
|turn|22
|
|t:|1779720436
|move|p2a: Kyurem|Earth Power|p1a: Tyranitar
|-supereffective|p1a: Tyranitar
|-damage|p1a: Tyranitar|3/100
|move|p1a: Tyranitar|Stealth Rock|p2a: Kyurem
|-sidestart|p2: hgjgfjyg|move: Stealth Rock
|
|-weather|Sandstorm|[upkeep]
|-damage|p2a: Kyurem|88/100|[from] Sandstorm
|upkeep
|turn|23
|
|t:|1779720444
|move|p2a: Kyurem|Ice Beam|p1a: Tyranitar
|-damage|p1a: Tyranitar|0 fnt
|faint|p1a: Tyranitar
|
|-weather|Sandstorm|[upkeep]
|-damage|p2a: Kyurem|82/100|[from] Sandstorm
|upkeep
|
|t:|1779720446
|switch|p1a: Houndstone|Houndstone, M, shiny|76/100
|-damage|p1a: Houndstone|64/100|[from] Stealth Rock
|turn|24
|
|t:|1779720450
|-terastallize|p1a: Houndstone|Ghost
|move|p1a: Houndstone|Poltergeist|p2a: Kyurem
|-activate|p2a: Kyurem|move: Poltergeist|Assault Vest
|-damage|p2a: Kyurem|1/100
|move|p2a: Kyurem|Draco Meteor|p1a: Houndstone
|-damage|p1a: Houndstone|0 fnt
|-unboost|p2a: Kyurem|spa|2
|faint|p1a: Houndstone
|
|win|hgjgfjyg
|raw|bvcnmkor85471's rating: 1228 &rarr; <strong>1204</strong><br />(-24 for losing)
|raw|hgjgfjyg's rating: 1244 &rarr; <strong>1268</strong><br />(+24 for winning)
|l|☆hgjgfjyg
|player|p2|
|l|☆bvcnmkor85471
|player|p1|
