|j|☆SuiiiiiiiiBoom
|j|☆wknh
|t:|1779691391
|gametype|singles
|player|p1|SuiiiiiiiiBoom|swimmerf|1096
|player|p2|wknh|elesa|1152
|gen|9
|tier|[Gen 9] OU
|rated|
|rule|HP Percentage Mod: HP is shown in percentages
|rule|Endless Battle Clause: Forcing endless battles is banned
|rule|Species Clause: Limit one of each Pokémon
|rule|OHKO Clause: OHKO moves are banned
|rule|Evasion Items Clause: Evasion items are banned
|rule|Evasion Moves Clause: Evasion moves are banned
|rule|Evasion Abilities Clause: Evasion abilities are banned
|rule|Sleep Moves Clause: Sleep-inducing moves are banned
|clearpoke
|poke|p1|Hydrapple, M|
|poke|p1|Skarmory, F|
|poke|p1|Tyranitar, M|
|poke|p1|Alomomola, F|
|poke|p1|Clodsire, F|
|poke|p1|Clefable, M|
|poke|p2|Hatterene, F|
|poke|p2|Great Tusk|
|poke|p2|Tornadus-Therian, M|
|poke|p2|Kyurem|
|poke|p2|Slowking-Galar, M|
|poke|p2|Kingambit, F|
|teampreview
|inactive|Battle timer is ON: inactive players will automatically lose when time's up. (requested by wknh)
|
|t:|1779691404
|teamsize|p1|6
|teamsize|p2|6
|start
|switch|p1a: Tyranitar|Tyranitar, M|100/100
|switch|p2a: Kyurem|Kyurem|100/100
|-ability|p2a: Kyurem|Pressure
|-weather|Sandstorm|[from] ability: Sand Stream|[of] p1a: Tyranitar
|turn|1
|
|t:|1779691414
|switch|p2a: Great Tusk|Great Tusk|100/100
|move|p1a: Tyranitar|Ice Beam|p2a: Great Tusk
|-supereffective|p2a: Great Tusk
|-damage|p2a: Great Tusk|43/100
|
|-weather|Sandstorm|[upkeep]
|upkeep
|turn|2
|
|t:|1779691432
|-terastallize|p1a: Tyranitar|Ghost
|move|p2a: Great Tusk|Headlong Rush|p1a: Tyranitar
|-damage|p1a: Tyranitar|53/100
|-unboost|p2a: Great Tusk|def|1
|-unboost|p2a: Great Tusk|spd|1
|move|p1a: Tyranitar|Ice Beam|p2a: Great Tusk
|-supereffective|p2a: Great Tusk
|-damage|p2a: Great Tusk|0 fnt
|faint|p2a: Great Tusk
|-end|p2a: Great Tusk|Protosynthesis|[silent]
|
|-weather|Sandstorm|[upkeep]
|-damage|p1a: Tyranitar|47/100|[from] Sandstorm
|upkeep
|
|t:|1779691444
|switch|p2a: Tornadus|Tornadus-Therian, M|100/100
|turn|3
|
|t:|1779691449
|move|p2a: Tornadus|Knock Off|p1a: Tyranitar
|-supereffective|p1a: Tyranitar
|-crit|p1a: Tyranitar
|-damage|p1a: Tyranitar|0 fnt
|-enditem|p1a: Tyranitar|Heavy-Duty Boots|[from] move: Knock Off|[of] p2a: Tornadus
|faint|p1a: Tyranitar
|
|-weather|Sandstorm|[upkeep]
|-damage|p2a: Tornadus|94/100|[from] Sandstorm
|upkeep
|
|t:|1779691464
|switch|p1a: Clodsire|Clodsire, F|100/100
|turn|4
|
|t:|1779691479
|move|p2a: Tornadus|U-turn|p1a: Clodsire
|-resisted|p1a: Clodsire
|-damage|p1a: Clodsire|94/100
|
|t:|1779691481
|switch|p2a: Hatterene|Hatterene, F|100/100|[from] U-turn
|move|p1a: Clodsire|Toxic|p2a: Hatterene
|move|p2a: Hatterene|Toxic|p1a: Clodsire|[from] ability: Magic Bounce
|-immune|p1a: Clodsire
|
|-weather|Sandstorm|[upkeep]
|-damage|p2a: Hatterene|95/100|[from] Sandstorm
|upkeep
|turn|5
|
|t:|1779691501
|switch|p1a: Skarmory|Skarmory, F|100/100
|move|p2a: Hatterene|Psychic Noise|p1a: Skarmory
|-resisted|p1a: Skarmory
|-damage|p1a: Skarmory|79/100
|-start|p1a: Skarmory|move: Heal Block
|
|-weather|none
|upkeep
|turn|6
|
|t:|1779691515
|move|p1a: Skarmory|Spikes|p2a: Hatterene
|move|p2a: Hatterene|Spikes|p1a: Skarmory|[from] ability: Magic Bounce
|-sidestart|p1: SuiiiiiiiiBoom|Spikes
|move|p2a: Hatterene|Nuzzle|p1a: Skarmory
|-supereffective|p1a: Skarmory
|-damage|p1a: Skarmory|74/100
|-status|p1a: Skarmory|par
|
|-end|p1a: Skarmory|move: Heal Block
|upkeep
|turn|7
|
|t:|1779691527
|switch|p2a: Kyurem|Kyurem|100/100
|-ability|p2a: Kyurem|Pressure
|move|p1a: Skarmory|Body Press|p2a: Kyurem
|-supereffective|p2a: Kyurem
|-damage|p2a: Kyurem|45/100
|
|upkeep
|turn|8
|
|t:|1779691537
|move|p2a: Kyurem|Ice Beam|p1a: Skarmory
|-damage|p1a: Skarmory|0 fnt
|faint|p1a: Skarmory
|
|upkeep
|
|t:|1779691545
|switch|p1a: Clodsire|Clodsire, F|94/100
|turn|9
|
|t:|1779691549
|move|p2a: Kyurem|Ice Beam|p1a: Clodsire
|-supereffective|p1a: Clodsire
|-damage|p1a: Clodsire|8/100
|move|p1a: Clodsire|Earthquake|p2a: Kyurem
|-damage|p2a: Kyurem|20/100
|
|upkeep
|turn|10
|
|t:|1779691557
|move|p2a: Kyurem|Ice Beam|p1a: Clodsire
|-supereffective|p1a: Clodsire
|-damage|p1a: Clodsire|0 fnt
|faint|p1a: Clodsire
|
|upkeep
|
|t:|1779691565
|switch|p1a: Clefable|Clefable, M|100/100
|turn|11
|
|t:|1779691581
|switch|p2a: Slowking|Slowking-Galar, M|100/100
|move|p1a: Clefable|Moonblast|p2a: Slowking
|-resisted|p2a: Slowking
|-damage|p2a: Slowking|89/100
|-unboost|p2a: Slowking|spa|1
|
|-heal|p2a: Slowking|95/100|[from] item: Black Sludge
|upkeep
|turn|12
|
|t:|1779691600
|switch|p1a: Hydrapple|Hydrapple, M|100/100
|move|p2a: Slowking|Trick|p1a: Hydrapple
|-activate|p2a: Slowking|move: Trick|[of] p1a: Hydrapple
|-item|p1a: Hydrapple|Black Sludge|[from] move: Trick
|-item|p2a: Slowking|Heavy-Duty Boots|[from] move: Trick
|
|-damage|p1a: Hydrapple|88/100|[from] item: Black Sludge
|upkeep
|turn|13
|
|t:|1779691618
|move|p1a: Hydrapple|Giga Drain|p2a: Slowking
|-resisted|p2a: Slowking
|-damage|p2a: Slowking|82/100
|-heal|p1a: Hydrapple|94/100|[from] drain|[of] p2a: Slowking
|move|p2a: Slowking|Sludge Bomb|p1a: Hydrapple
|-supereffective|p1a: Hydrapple
|-damage|p1a: Hydrapple|51/100
|
|-damage|p1a: Hydrapple|39/100|[from] item: Black Sludge
|upkeep
|turn|14
|l|☆SuiiiiiiiiBoom
|inactive|SuiiiiiiiiBoom disconnected and has a minute to reconnect!
|player|p1|
|inactive|SuiiiiiiiiBoom has 30 seconds to reconnect!
|inactive|SuiiiiiiiiBoom has 20 seconds to reconnect!
|inactive|SuiiiiiiiiBoom has 15 seconds to reconnect!
|inactive|SuiiiiiiiiBoom has 10 seconds to reconnect!
|inactive|SuiiiiiiiiBoom has 5 seconds to reconnect!
|-message|SuiiiiiiiiBoom lost due to inactivity.
|
|win|wknh
|raw|SuiiiiiiiiBoom's rating: 1096 &rarr; <strong>1075</strong><br />(-21 for losing)
|raw|wknh's rating: 1152 &rarr; <strong>1173</strong><br />(+21 for winning)
