|inactive|Battle timer is ON: inactive players will automatically lose when time's up.
|t:|1779663618
|gametype|singles
|player|p1|PLAGUE|#splxviisharks|
|player|p2|heileone2|pokemonbreederf-gen4|
|gen|9
|tier|[Gen 9] OU
|rule|HP Percentage Mod: HP is shown in percentages
|rule|Endless Battle Clause: Forcing endless battles is banned
|rule|Species Clause: Limit one of each Pokémon
|rule|OHKO Clause: OHKO moves are banned
|rule|Evasion Items Clause: Evasion items are banned
|rule|Evasion Moves Clause: Evasion moves are banned
|rule|Evasion Abilities Clause: Evasion abilities are banned
|rule|Sleep Moves Clause: Sleep-inducing moves are banned
|clearpoke
|poke|p1|Dragonite, F|
|poke|p1|Gliscor, F|
|poke|p1|Meowscarada, F|
|poke|p1|Gholdengo|
|poke|p1|Great Tusk|
|poke|p1|Ogerpon-Wellspring, F|
|poke|p2|Great Tusk|
|poke|p2|Iron Moth|
|poke|p2|Kyurem|
|poke|p2|Zamazenta-*|
|poke|p2|Zapdos|
|poke|p2|Hatterene, F|
|teampreview
|c|☆heileone2|hf
|c|☆PLAGUE|hf
|inactive|PLAGUE has 270 seconds left.
|inactive|heileone2 has 270 seconds left.
|inactive|PLAGUE has 240 seconds left.
|inactive|heileone2 has 240 seconds left.
|inactive|PLAGUE has 210 seconds left.
|rated|World Cup of Pokemon
|inactive|PLAGUE has 180 seconds left.
|
|t:|1779663758
|teamsize|p1|6
|teamsize|p2|6
|start
|switch|p1a: E-Tele|Gholdengo|100/100
|switch|p2a: Kyurem|Kyurem|100/100
|-ability|p2a: Kyurem|Pressure
|turn|1
|inactive|PLAGUE has 210 seconds left.
|inactive|heileone2 has 270 seconds left.
|
|t:|1779663794
|switch|p2a: Iron Moth|Iron Moth|100/100
|move|p1a: E-Tele|Make It Rain|p2a: Iron Moth
|-resisted|p2a: Iron Moth
|-damage|p2a: Iron Moth|69/100
|-unboost|p1a: E-Tele|spa|1
|
|upkeep
|turn|2
|inactive|heileone2 has 270 seconds left.
|
|t:|1779663813
|switch|p1a: Dragonite|Dragonite, F|100/100
|move|p2a: Iron Moth|Toxic|p1a: Dragonite
|-status|p1a: Dragonite|tox
|
|-damage|p1a: Dragonite|94/100 tox|[from] psn
|upkeep
|turn|3
|inactive|heileone2 has 270 seconds left.
|inactive|PLAGUE has 180 seconds left.
|
|t:|1779663861
|-end|p2a: Iron Moth|Quark Drive|[silent]
|switch|p2a: Zapdos|Zapdos|100/100
|switch|p1a: Gliscor|Gliscor, F|100/100
|
|-status|p1a: Gliscor|tox|[from] item: Toxic Orb
|upkeep
|turn|4
|
|t:|1779663878
|switch|p2a: Kyurem|Kyurem|100/100
|-ability|p2a: Kyurem|Pressure
|move|p1a: Gliscor|Earthquake|p2a: Kyurem
|-damage|p2a: Kyurem|71/100
|
|upkeep
|turn|5
|
|t:|1779663886
|-terastallize|p1a: Gliscor|Fairy
|move|p2a: Kyurem|Ice Beam|p1a: Gliscor
|-damage|p1a: Gliscor|61/100 tox
|move|p1a: Gliscor|Stealth Rock|p2a: Kyurem
|-sidestart|p2: heileone2|move: Stealth Rock
|
|-heal|p1a: Gliscor|74/100 tox|[from] ability: Poison Heal
|upkeep
|turn|6
|inactive|heileone2 has 270 seconds left.
|
|t:|1779663909
|switch|p2a: Great Tusk|Great Tusk|100/100
|-damage|p2a: Great Tusk|98/100|[from] Stealth Rock
|-enditem|p2a: Great Tusk|Booster Energy
|-activate|p2a: Great Tusk|ability: Protosynthesis|[fromitem]
|-start|p2a: Great Tusk|protosynthesisatk
|move|p1a: Gliscor|Toxic|p2a: Great Tusk
|-status|p2a: Great Tusk|tox
|
|-damage|p2a: Great Tusk|91/100 tox|[from] psn
|-heal|p1a: Gliscor|86/100 tox|[from] ability: Poison Heal
|upkeep
|turn|7
|inactive|PLAGUE has 150 seconds left.
|
|t:|1779663945
|move|p1a: Gliscor|Protect|p1a: Gliscor
|-singleturn|p1a: Gliscor|Protect
|move|p2a: Great Tusk|Headlong Rush|p1a: Gliscor
|-activate|p1a: Gliscor|move: Protect
|
|-damage|p2a: Great Tusk|79/100 tox|[from] psn
|-heal|p1a: Gliscor|99/100 tox|[from] ability: Poison Heal
|upkeep
|turn|8
|
|t:|1779663959
|move|p2a: Great Tusk|Rapid Spin|p1a: Gliscor
|-damage|p1a: Gliscor|82/100 tox
|-boost|p2a: Great Tusk|spe|1
|-sideend|p2: heileone2|Stealth Rock|[from] move: Rapid Spin|[of] p2a: Great Tusk
|move|p1a: Gliscor|Earthquake|p2a: Great Tusk
|-damage|p2a: Great Tusk|53/100 tox
|
|-damage|p2a: Great Tusk|34/100 tox|[from] psn
|-heal|p1a: Gliscor|95/100 tox|[from] ability: Poison Heal
|upkeep
|turn|9
|
|t:|1779663971
|-end|p2a: Great Tusk|Protosynthesis|[silent]
|switch|p2a: Hatterene|Hatterene, F|100/100
|move|p1a: Gliscor|Stealth Rock|p2a: Hatterene
|move|p2a: Hatterene|Stealth Rock|p1a: Gliscor|[from] ability: Magic Bounce
|-sidestart|p1: PLAGUE|move: Stealth Rock
|
|-heal|p1a: Gliscor|100/100 tox|[from] ability: Poison Heal
|upkeep
|turn|10
|
|t:|1779663996
|switch|p1a: JAM FEVER!|Ogerpon-Wellspring, F|100/100
|-damage|p1a: JAM FEVER!|88/100|[from] Stealth Rock
|move|p2a: Hatterene|Psychic Noise|p1a: JAM FEVER!
|-damage|p1a: JAM FEVER!|40/100
|-start|p1a: JAM FEVER!|move: Heal Block
|
|upkeep
|turn|11
|
|t:|1779664008
|switch|p2a: Kyurem|Kyurem|71/100
|-ability|p2a: Kyurem|Pressure
|move|p1a: JAM FEVER!|U-turn|p2a: Kyurem
|-damage|p2a: Kyurem|45/100
|inactive|PLAGUE has 120 seconds left.
|
|t:|1779664053
|switch|p1a: E-Tele|Gholdengo|100/100|[from] U-turn
|-damage|p1a: E-Tele|94/100|[from] Stealth Rock
|
|upkeep
|turn|12
|
|t:|1779664063
|move|p2a: Kyurem|Earth Power|p1a: E-Tele
|-supereffective|p1a: E-Tele
|-damage|p1a: E-Tele|16/100
|move|p1a: E-Tele|Shadow Ball|p2a: Kyurem
|-damage|p2a: Kyurem|3/100
|-unboost|p2a: Kyurem|spd|1
|
|upkeep
|turn|13
|inactive|PLAGUE has 90 seconds left.
|
|t:|1779664100
|switch|p1a: Gliscor|Gliscor, F, tera:Fairy|100/100 tox
|-damage|p1a: Gliscor|88/100 tox|[from] Stealth Rock
|move|p2a: Kyurem|Earth Power|p1a: Gliscor
|-damage|p1a: Gliscor|63/100 tox
|
|-heal|p1a: Gliscor|75/100 tox|[from] ability: Poison Heal
|upkeep
|turn|14
|
|t:|1779664107
|switch|p2a: Hatterene|Hatterene, F|100/100
|move|p1a: Gliscor|Earthquake|p2a: Hatterene
|-damage|p2a: Hatterene|64/100
|
|-heal|p1a: Gliscor|88/100 tox|[from] ability: Poison Heal
|upkeep
|turn|15
|
|t:|1779664125
|-terastallize|p2a: Hatterene|Flying
|move|p1a: Gliscor|Earthquake|p2a: Hatterene
|-immune|p2a: Hatterene
|move|p2a: Hatterene|Draining Kiss|p1a: Gliscor
|-damage|p1a: Gliscor|66/100 tox
|-heal|p2a: Hatterene|82/100|[from] drain|[of] p1a: Gliscor
|
|-heal|p1a: Gliscor|79/100 tox|[from] ability: Poison Heal
|upkeep
|turn|16
|
|t:|1779664131
|move|p1a: Gliscor|Protect|p1a: Gliscor
|-singleturn|p1a: Gliscor|Protect
|move|p2a: Hatterene|Draining Kiss|p1a: Gliscor
|-activate|p1a: Gliscor|move: Protect
|
|-heal|p1a: Gliscor|91/100 tox|[from] ability: Poison Heal
|upkeep
|turn|17
|inactive|PLAGUE has 90 seconds left.
|inactive|PLAGUE has 60 seconds left.
|
|t:|1779664170
|switch|p1a: JAM FEVER!|Ogerpon-Wellspring, F|40/100
|-damage|p1a: JAM FEVER!|28/100|[from] Stealth Rock
|move|p2a: Hatterene|Draining Kiss|p1a: JAM FEVER!
|-damage|p1a: JAM FEVER!|0 fnt
|-heal|p2a: Hatterene|100/100|[from] drain|[of] p1a: JAM FEVER!
|faint|p1a: JAM FEVER!
|
|upkeep
|
|t:|1779664172
|switch|p1a: P.U.N.K. Ze Amin|Meowscarada, F|100/100
|turn|18
|
|t:|1779664198
|switch|p2a: Great Tusk|Great Tusk|34/100 tox
|move|p1a: P.U.N.K. Ze Amin|Triple Axel|p2a: Great Tusk
|-start|p1a: P.U.N.K. Ze Amin|typechange|Ice|[from] ability: Protean
|-supereffective|p2a: Great Tusk
|-damage|p2a: Great Tusk|22/100 tox
|-supereffective|p2a: Great Tusk
|-damage|p2a: Great Tusk|0 fnt
|faint|p2a: Great Tusk
|-end|p2a: Great Tusk|Protosynthesis|[silent]
|-hitcount|p2: Great Tusk|2
|
|upkeep
|
|t:|1779664200
|switch|p2a: Iron Moth|Iron Moth|69/100
|turn|19
|
|t:|1779664207
|move|p1a: P.U.N.K. Ze Amin|U-turn|p2a: Iron Moth
|-resisted|p2a: Iron Moth
|-damage|p2a: Iron Moth|59/100
|
|t:|1779664210
|switch|p1a: Dragonite|Dragonite, F|94/100 tox|[from] U-turn
|move|p2a: Iron Moth|Fiery Dance|p1a: Dragonite
|-resisted|p1a: Dragonite
|-damage|p1a: Dragonite|62/100 tox
|-boost|p2a: Iron Moth|spa|1
|
|-damage|p1a: Dragonite|56/100 tox|[from] psn
|upkeep
|turn|20
|
|t:|1779664226
|move|p1a: Dragonite|Extreme Speed|p2a: Iron Moth
|-damage|p2a: Iron Moth|8/100
|move|p2a: Iron Moth|Fiery Dance|p1a: Dragonite
|-resisted|p1a: Dragonite
|-crit|p1a: Dragonite
|-damage|p1a: Dragonite|0 fnt
|faint|p1a: Dragonite
|
|upkeep
|
|t:|1779664234
|switch|p1a: P.U.N.K. Ze Amin|Meowscarada, F|100/100
|turn|21
|
|t:|1779664257
|move|p1a: P.U.N.K. Ze Amin|Triple Axel|p2a: Iron Moth
|-start|p1a: P.U.N.K. Ze Amin|typechange|Ice|[from] ability: Protean
|-resisted|p2a: Iron Moth
|-damage|p2a: Iron Moth|0 fnt
|faint|p2a: Iron Moth
|-end|p2a: Iron Moth|Quark Drive|[silent]
|-hitcount|p2: Iron Moth|1
|
|upkeep
|
|t:|1779664274
|switch|p2a: Zamazenta|Zamazenta|100/100
|-ability|p2a: Zamazenta|Dauntless Shield|boost
|-boost|p2a: Zamazenta|def|1
|turn|22
|
|t:|1779664293
|switch|p1a: Great Tusk|Great Tusk|100/100
|-damage|p1a: Great Tusk|98/100|[from] Stealth Rock
|move|p2a: Zamazenta|Substitute|p2a: Zamazenta
|-start|p2a: Zamazenta|Substitute
|-damage|p2a: Zamazenta|76/100
|
|-heal|p2a: Zamazenta|82/100|[from] item: Leftovers
|upkeep
|turn|23
|inactive|PLAGUE has 60 seconds left.
|
|t:|1779664325
|move|p2a: Zamazenta|Iron Defense|p2a: Zamazenta
|-boost|p2a: Zamazenta|def|2
|move|p1a: Great Tusk|Rapid Spin|p2a: Zamazenta
|-activate|p2a: Zamazenta|move: Substitute|[damage]
|-sideend|p1: PLAGUE|Stealth Rock|[from] move: Rapid Spin|[of] p1a: Great Tusk
|-boost|p1a: Great Tusk|spe|1
|
|-heal|p2a: Zamazenta|88/100|[from] item: Leftovers
|upkeep
|turn|24
|
|t:|1779664336
|move|p2a: Zamazenta|Iron Defense|p2a: Zamazenta
|-boost|p2a: Zamazenta|def|2
|move|p1a: Great Tusk|Headlong Rush|p2a: Zamazenta
|-activate|p2a: Zamazenta|move: Substitute|[damage]
|-unboost|p1a: Great Tusk|def|1
|-unboost|p1a: Great Tusk|spd|1
|
|-heal|p2a: Zamazenta|94/100|[from] item: Leftovers
|upkeep
|turn|25
|inactive|PLAGUE has 30 seconds left.
|inactive|PLAGUE has 20 seconds left.
|
|t:|1779664375
|move|p2a: Zamazenta|Iron Defense|p2a: Zamazenta
|-boost|p2a: Zamazenta|def|1
|move|p1a: Great Tusk|Rapid Spin|p2a: Zamazenta
|-activate|p2a: Zamazenta|move: Substitute|[damage]
|-boost|p1a: Great Tusk|spe|1
|
|-heal|p2a: Zamazenta|100/100|[from] item: Leftovers
|upkeep
|turn|26
|inactive|PLAGUE has 30 seconds left this turn.
|inactive|PLAGUE has 20 seconds left.
|
|t:|1779664386
|move|p1a: Great Tusk|Ice Spinner|p2a: Zamazenta
|-end|p2a: Zamazenta|Substitute
|move|p2a: Zamazenta|Substitute|p2a: Zamazenta
|-start|p2a: Zamazenta|Substitute
|-damage|p2a: Zamazenta|76/100
|
|-heal|p2a: Zamazenta|82/100|[from] item: Leftovers
|upkeep
|turn|27
|inactive|PLAGUE has 30 seconds left this turn.
|inactive|PLAGUE has 20 seconds left.
|inactive|PLAGUE has 15 seconds left.
|
|t:|1779664405
|move|p1a: Great Tusk|Ice Spinner|p2a: Zamazenta
|-activate|p2a: Zamazenta|move: Substitute|[damage]
|move|p2a: Zamazenta|Body Press|p1a: Great Tusk
|-damage|p1a: Great Tusk|0 fnt
|-damage|p2a: Zamazenta|65/100|[from] item: Rocky Helmet|[of] p1a: Great Tusk
|faint|p1a: Great Tusk
|-end|p1a: Great Tusk|Protosynthesis|[silent]
|
|-heal|p2a: Zamazenta|72/100|[from] item: Leftovers
|upkeep
|inactive|PLAGUE has 20 seconds left this turn.
|inactive|PLAGUE has 15 seconds left.
|
|t:|1779664411
|switch|p1a: Gliscor|Gliscor, F, tera:Fairy|91/100 tox
|turn|28
|inactive|PLAGUE has 25 seconds left this turn.
|inactive|PLAGUE has 20 seconds left.
|
|t:|1779664418
|move|p2a: Zamazenta|Body Press|p1a: Gliscor
|-resisted|p1a: Gliscor
|-damage|p1a: Gliscor|44/100 tox
|move|p1a: Gliscor|Earthquake|p2a: Zamazenta
|-activate|p2a: Zamazenta|move: Substitute|[damage]
|
|-heal|p2a: Zamazenta|78/100|[from] item: Leftovers
|-heal|p1a: Gliscor|56/100 tox|[from] ability: Poison Heal
|upkeep
|turn|29
|inactive|PLAGUE has 30 seconds left this turn.
|
|t:|1779664422
|move|p1a: Gliscor|Protect|p1a: Gliscor
|-singleturn|p1a: Gliscor|Protect
|move|p2a: Zamazenta|Body Press|p1a: Gliscor
|-activate|p1a: Gliscor|move: Protect
|
|-heal|p2a: Zamazenta|84/100|[from] item: Leftovers
|-heal|p1a: Gliscor|69/100 tox|[from] ability: Poison Heal
|upkeep
|turn|30
|
|t:|1779664424
|move|p2a: Zamazenta|Body Press|p1a: Gliscor
|-resisted|p1a: Gliscor
|-damage|p1a: Gliscor|20/100 tox
|move|p1a: Gliscor|Earthquake|p2a: Zamazenta
|-activate|p2a: Zamazenta|move: Substitute|[damage]
|
|-heal|p2a: Zamazenta|90/100|[from] item: Leftovers
|-heal|p1a: Gliscor|32/100 tox|[from] ability: Poison Heal
|upkeep
|turn|31
|c|☆PLAGUE|gg
|c|☆heileone2|gg
|-message|PLAGUE forfeited.
|
|win|heileone2
|player|p2|
|player|p2|heileone2|pokemonbreederf-gen4|
