|j|☆claudechamp
|j|☆Wildkoter
|t:|1779704292
|gametype|singles
|player|p1|claudechamp|169|1181
|player|p2|Wildkoter|swimmer|1215
|gen|9
|tier|[Gen 9] OU
|rated|
|rule|HP Percentage Mod: HP is shown in percentages
|rule|Endless Battle Clause: Forcing endless battles is banned
|rule|Species Clause: Limit one of each Pokémon
|rule|OHKO Clause: OHKO moves are banned
|rule|Evasion Items Clause: Evasion items are banned
|rule|Evasion Moves Clause: Evasion moves are banned
|rule|Evasion Abilities Clause: Evasion abilities are banned
|rule|Sleep Moves Clause: Sleep-inducing moves are banned
|clearpoke
|poke|p1|Gliscor, M|
|poke|p1|Ogerpon, F|
|poke|p1|Walking Wake|
|poke|p1|Blissey, F|
|poke|p1|Corviknight, F|
|poke|p1|Pecharunt|
|poke|p2|Landorus-Therian, M|
|poke|p2|Ogerpon-Wellspring, F|
|poke|p2|Gholdengo|
|poke|p2|Zamazenta-*|
|poke|p2|Kyurem|
|poke|p2|Darkrai|
|teampreview
|c|☆claudechamp|hf
|inactive|Battle timer is ON: inactive players will automatically lose when time's up. (requested by claudechamp)
|
|t:|1779704310
|teamsize|p1|6
|teamsize|p2|6
|start
|switch|p1a: Gliscor|Gliscor, M|100/100
|switch|p2a: Kyurem|Kyurem|100/100
|-ability|p2a: Kyurem|Pressure
|turn|1
|
|t:|1779704316
|switch|p1a: Blissey|Blissey, F|100/100
|move|p2a: Kyurem|Ice Beam|p1a: Blissey
|-damage|p1a: Blissey|80/100
|
|upkeep
|turn|2
|
|t:|1779704334
|switch|p2a: Darkrai|Darkrai|100/100
|move|p1a: Blissey|Stealth Rock|p2a: Darkrai
|-sidestart|p2: Wildkoter|move: Stealth Rock
|
|upkeep
|turn|3
|
|t:|1779704340
|move|p2a: Darkrai|Nasty Plot|p2a: Darkrai
|-boost|p2a: Darkrai|spa|2
|move|p1a: Blissey|Seismic Toss|p2a: Darkrai
|-damage|p2a: Darkrai|65/100
|
|-heal|p2a: Darkrai|71/100|[from] item: Leftovers
|upkeep
|turn|4
|
|t:|1779704349
|move|p2a: Darkrai|Dark Pulse|p1a: Blissey
|-damage|p1a: Blissey|55/100
|move|p1a: Blissey|Seismic Toss|p2a: Darkrai
|-damage|p2a: Darkrai|35/100
|
|-heal|p2a: Darkrai|41/100|[from] item: Leftovers
|upkeep
|turn|5
|
|t:|1779704361
|move|p2a: Darkrai|Dark Pulse|p1a: Blissey
|-damage|p1a: Blissey|31/100
|cant|p1a: Blissey|flinch
|
|-heal|p2a: Darkrai|47/100|[from] item: Leftovers
|upkeep
|turn|6
|
|t:|1779704367
|switch|p1a: Ogerpon|Ogerpon, F|100/100
|move|p2a: Darkrai|Dark Pulse|p1a: Ogerpon
|-damage|p1a: Ogerpon|4/100
|
|-heal|p2a: Darkrai|54/100|[from] item: Leftovers
|upkeep
|turn|7
|
|t:|1779704375
|move|p2a: Darkrai|Dark Pulse|p1a: Ogerpon
|-damage|p1a: Ogerpon|0 fnt
|faint|p1a: Ogerpon
|
|-heal|p2a: Darkrai|60/100|[from] item: Leftovers
|upkeep
|
|t:|1779704379
|switch|p1a: Walking Wake|Walking Wake|100/100
|turn|8
|
|t:|1779704387
|move|p2a: Darkrai|Dark Pulse|p1a: Walking Wake
|-damage|p1a: Walking Wake|7/100
|move|p1a: Walking Wake|Draco Meteor|p2a: Darkrai|[miss]
|-miss|p1a: Walking Wake|p2a: Darkrai
|
|-heal|p2a: Darkrai|66/100|[from] item: Leftovers
|upkeep
|turn|9
|
|t:|1779704394
|move|p2a: Darkrai|Dark Pulse|p1a: Walking Wake
|-damage|p1a: Walking Wake|0 fnt
|faint|p1a: Walking Wake
|-end|p1a: Walking Wake|Protosynthesis|[silent]
|
|-heal|p2a: Darkrai|72/100|[from] item: Leftovers
|upkeep
|
|t:|1779704396
|switch|p1a: Blissey|Blissey, F|31/100
|turn|10
|
|t:|1779704401
|-terastallize|p1a: Blissey|Dark
|move|p2a: Darkrai|Dark Pulse|p1a: Blissey
|-resisted|p1a: Blissey
|-damage|p1a: Blissey|19/100
|cant|p1a: Blissey|flinch
|
|-heal|p2a: Darkrai|78/100|[from] item: Leftovers
|upkeep
|turn|11
|
|t:|1779704413
|move|p2a: Darkrai|Ice Beam|p1a: Blissey
|-damage|p1a: Blissey|0 fnt
|faint|p1a: Blissey
|
|-heal|p2a: Darkrai|84/100|[from] item: Leftovers
|upkeep
|
|t:|1779704415
|switch|p1a: Corviknight|Corviknight, F|100/100
|-ability|p1a: Corviknight|Pressure
|turn|12
|
|t:|1779704425
|move|p2a: Darkrai|Nasty Plot|p2a: Darkrai
|-boost|p2a: Darkrai|spa|2
|move|p1a: Corviknight|Body Press|p2a: Darkrai
|-supereffective|p2a: Darkrai
|-damage|p2a: Darkrai|16/100
|
|-heal|p2a: Darkrai|22/100|[from] item: Leftovers
|upkeep
|turn|13
|
|t:|1779704433
|move|p2a: Darkrai|Ice Beam|p1a: Corviknight
|-damage|p1a: Corviknight|0 fnt
|faint|p1a: Corviknight
|
|-heal|p2a: Darkrai|28/100|[from] item: Leftovers
|upkeep
|
|t:|1779704437
|switch|p1a: Gliscor|Gliscor, M|100/100
|turn|14
|
|t:|1779704440
|move|p2a: Darkrai|Ice Beam|p1a: Gliscor
|-supereffective|p1a: Gliscor
|-damage|p1a: Gliscor|0 fnt
|faint|p1a: Gliscor
|
|-heal|p2a: Darkrai|34/100|[from] item: Leftovers
|upkeep
|
|t:|1779704443
|switch|p1a: Pecharunt|Pecharunt|100/100
|turn|15
|
|t:|1779704450
|move|p2a: Darkrai|Dark Pulse|p1a: Pecharunt
|-supereffective|p1a: Pecharunt
|-damage|p1a: Pecharunt|0 fnt
|faint|p1a: Pecharunt
|
|win|Wildkoter
|raw|claudechamp's rating: 1181 &rarr; <strong>1158</strong><br />(-23 for losing)
|raw|Wildkoter's rating: 1215 &rarr; <strong>1238</strong><br />(+23 for winning)
|c|☆claudechamp|gg
|l|☆Wildkoter
|player|p2|
