|j|☆Benicio007
|j|☆LeoN22poke
|t:|1779717455
|gametype|singles
|player|p1|Benicio007|cynthia-gen4|1082
|player|p2|LeoN22poke|steven|1096
|gen|9
|tier|[Gen 9] OU
|rated|
|rule|HP Percentage Mod: HP is shown in percentages
|rule|Endless Battle Clause: Forcing endless battles is banned
|rule|Species Clause: Limit one of each Pokémon
|rule|OHKO Clause: OHKO moves are banned
|rule|Evasion Items Clause: Evasion items are banned
|rule|Evasion Moves Clause: Evasion moves are banned
|rule|Evasion Abilities Clause: Evasion abilities are banned
|rule|Sleep Moves Clause: Sleep-inducing moves are banned
|clearpoke
|poke|p1|Gholdengo|
|poke|p1|Alomomola, F|
|poke|p1|Gliscor, F|
|poke|p1|Glimmora, F|
|poke|p1|Grimmsnarl, M|
|poke|p1|Regieleki|
|poke|p2|Kingambit, M|
|poke|p2|Zamazenta-*|
|poke|p2|Delphox, F|
|poke|p2|Rillaboom, F|
|poke|p2|Tentacruel, F|
|poke|p2|Palossand, M|
|teampreview
|
|t:|1779717463
|teamsize|p1|6
|teamsize|p2|6
|start
|switch|p1a: Glimmora|Glimmora, F|100/100
|switch|p2a: Palossand|Palossand, M, shiny|100/100
|turn|1
|
|t:|1779717472
|move|p1a: Glimmora|Stealth Rock|p2a: Palossand
|-sidestart|p2: LeoN22poke|move: Stealth Rock
|move|p2a: Palossand|Scorching Sands|p1a: Glimmora
|-supereffective|p1a: Glimmora
|-enditem|p1a: Glimmora|Focus Sash
|-damage|p1a: Glimmora|1/100
|
|upkeep
|turn|2
|
|t:|1779717480
|move|p1a: Glimmora|Spikes|p2a: Palossand
|-sidestart|p2: LeoN22poke|Spikes
|move|p2a: Palossand|Stealth Rock|p1a: Glimmora
|-sidestart|p1: Benicio007|move: Stealth Rock
|
|upkeep
|turn|3
|
|t:|1779717494
|move|p1a: Glimmora|Spikes|p2a: Palossand
|-sidestart|p2: LeoN22poke|Spikes
|move|p2a: Palossand|Scorching Sands|p1a: Glimmora
|-supereffective|p1a: Glimmora
|-damage|p1a: Glimmora|0 fnt
|faint|p1a: Glimmora
|
|upkeep
|
|t:|1779717509
|switch|p1a: Gliscor|Gliscor, F|100/100
|-damage|p1a: Gliscor|88/100|[from] Stealth Rock
|turn|4
|
|t:|1779717515
|move|p1a: Gliscor|Knock Off|p2a: Palossand
|-supereffective|p2a: Palossand
|-damage|p2a: Palossand|60/100
|-enditem|p2a: Palossand|Leftovers|[from] move: Knock Off|[of] p1a: Gliscor
|move|p2a: Palossand|Night Shade|p1a: Gliscor
|-damage|p1a: Gliscor|54/100
|
|-status|p1a: Gliscor|tox|[from] item: Toxic Orb
|upkeep
|turn|5
|
|t:|1779717525
|move|p1a: Gliscor|Protect|p1a: Gliscor
|-singleturn|p1a: Gliscor|Protect
|move|p2a: Palossand|Night Shade|p1a: Gliscor
|-activate|p1a: Gliscor|move: Protect
|
|-heal|p1a: Gliscor|66/100 tox|[from] ability: Poison Heal
|upkeep
|turn|6
|
|t:|1779717533
|move|p1a: Gliscor|Earthquake|p2a: Palossand
|-damage|p2a: Palossand|29/100
|move|p2a: Palossand|Night Shade|p1a: Gliscor
|-damage|p1a: Gliscor|32/100 tox
|
|-heal|p1a: Gliscor|44/100 tox|[from] ability: Poison Heal
|upkeep
|turn|7
|
|t:|1779717543
|move|p1a: Gliscor|Protect|p1a: Gliscor
|-singleturn|p1a: Gliscor|Protect
|move|p2a: Palossand|Pain Split|p1a: Gliscor
|-activate|p1a: Gliscor|move: Protect
|
|-heal|p1a: Gliscor|57/100 tox|[from] ability: Poison Heal
|upkeep
|turn|8
|
|t:|1779717550
|move|p1a: Gliscor|Earthquake|p2a: Palossand
|-damage|p2a: Palossand|0 fnt
|faint|p2a: Palossand
|
|-heal|p1a: Gliscor|69/100 tox|[from] ability: Poison Heal
|upkeep
|
|t:|1779717555
|switch|p2a: Tentacruel|Tentacruel, F, shiny|100/100
|-damage|p2a: Tentacruel|88/100|[from] Stealth Rock
|-damage|p2a: Tentacruel|72/100|[from] Spikes
|turn|9
|
|t:|1779717566
|move|p1a: Gliscor|Earthquake|p2a: Tentacruel
|-supereffective|p2a: Tentacruel
|-damage|p2a: Tentacruel|0 fnt
|faint|p2a: Tentacruel
|
|-heal|p1a: Gliscor|81/100 tox|[from] ability: Poison Heal
|upkeep
|
|t:|1779717573
|switch|p2a: Rillaboom|Rillaboom, F|100/100
|-damage|p2a: Rillaboom|88/100|[from] Stealth Rock
|-damage|p2a: Rillaboom|72/100|[from] Spikes
|-fieldstart|move: Grassy Terrain|[from] ability: Grassy Surge|[of] p2a: Rillaboom
|turn|10
|
|t:|1779717583
|move|p1a: Gliscor|Protect|p1a: Gliscor
|-singleturn|p1a: Gliscor|Protect
|move|p2a: Rillaboom|Wood Hammer|p1a: Gliscor
|-activate|p1a: Gliscor|move: Protect
|
|-heal|p2a: Rillaboom|78/100|[from] Grassy Terrain
|-heal|p1a: Gliscor|94/100 tox|[from] ability: Poison Heal
|upkeep
|turn|11
|l|☆Benicio007
|player|p1|
|j|☆Benicio007
|player|p1|Benicio007|cynthia-gen4|
|
|t:|1779717619
|move|p1a: Gliscor|Dual Wingbeat|p2a: Rillaboom
|-supereffective|p2a: Rillaboom
|-damage|p2a: Rillaboom|40/100
|-supereffective|p2a: Rillaboom
|-damage|p2a: Rillaboom|3/100
|-hitcount|p2a: Rillaboom|2
|move|p2a: Rillaboom|Wood Hammer|p1a: Gliscor
|-damage|p1a: Gliscor|9/100 tox
|-damage|p2a: Rillaboom|0 fnt|[from] Recoil
|faint|p2a: Rillaboom
|
|-heal|p1a: Gliscor|21/100 tox|[from] ability: Poison Heal
|upkeep
|
|t:|1779717640
|switch|p2a: Zamazenta|Zamazenta|100/100
|-damage|p2a: Zamazenta|94/100|[from] Stealth Rock
|-damage|p2a: Zamazenta|78/100|[from] Spikes
|-ability|p2a: Zamazenta|Dauntless Shield|boost
|-boost|p2a: Zamazenta|def|1
|turn|12
|
|t:|1779717646
|move|p1a: Gliscor|Protect|p1a: Gliscor
|-singleturn|p1a: Gliscor|Protect
|move|p2a: Zamazenta|Iron Defense|p2a: Zamazenta
|-boost|p2a: Zamazenta|def|2
|
|-heal|p2a: Zamazenta|84/100|[from] Grassy Terrain
|-heal|p1a: Gliscor|33/100 tox|[from] ability: Poison Heal
|upkeep
|turn|13
|
|t:|1779717657
|move|p2a: Zamazenta|Body Press|p1a: Gliscor
|-resisted|p1a: Gliscor
|-damage|p1a: Gliscor|0 fnt
|faint|p1a: Gliscor
|
|-heal|p2a: Zamazenta|90/100|[from] Grassy Terrain
|upkeep
|
|t:|1779717667
|switch|p1a: Grimmsnarl|Grimmsnarl, M|100/100
|-damage|p1a: Grimmsnarl|88/100|[from] Stealth Rock
|turn|14
|
|t:|1779717674
|move|p1a: Grimmsnarl|Reflect|p1a: Grimmsnarl
|-sidestart|p1: Benicio007|Reflect
|move|p2a: Zamazenta|Body Press|p1a: Grimmsnarl
|-damage|p1a: Grimmsnarl|41/100
|
|-heal|p2a: Zamazenta|96/100|[from] Grassy Terrain
|-heal|p1a: Grimmsnarl|47/100|[from] Grassy Terrain
|-fieldend|move: Grassy Terrain
|upkeep
|turn|15
|
|t:|1779717682
|move|p2a: Zamazenta|Iron Defense|p2a: Zamazenta
|-boost|p2a: Zamazenta|def|2
|move|p1a: Grimmsnarl|Spirit Break|p2a: Zamazenta
|-supereffective|p2a: Zamazenta
|-damage|p2a: Zamazenta|80/100
|-unboost|p2a: Zamazenta|spa|1
|
|upkeep
|turn|16
|
|t:|1779717691
|move|p1a: Grimmsnarl|Thunder Wave|p2a: Zamazenta
|-status|p2a: Zamazenta|par
|move|p2a: Zamazenta|Body Press|p1a: Grimmsnarl
|-damage|p1a: Grimmsnarl|0 fnt
|faint|p1a: Grimmsnarl
|
|upkeep
|
|t:|1779717703
|switch|p1a: Regieleki|Regieleki|100/100
|-damage|p1a: Regieleki|88/100|[from] Stealth Rock
|turn|17
|
|t:|1779717715
|move|p1a: Regieleki|Rapid Spin|p2a: Zamazenta
|-damage|p2a: Zamazenta|76/100 par
|-boost|p1a: Regieleki|spe|1
|-sideend|p1: Benicio007|Stealth Rock|[from] move: Rapid Spin|[of] p1a: Regieleki
|-damage|p1a: Regieleki|78/100|[from] item: Life Orb
|move|p2a: Zamazenta|Body Press|p1a: Regieleki
|-damage|p1a: Regieleki|0 fnt
|faint|p1a: Regieleki
|
|upkeep
|
|t:|1779717723
|switch|p1a: Gholdengo|Gholdengo|100/100
|turn|18
|
|t:|1779717728
|move|p1a: Gholdengo|Shadow Ball|p2a: Zamazenta
|-damage|p2a: Zamazenta|33/100 par
|-enditem|p2a: Zamazenta|Sitrus Berry|[eat]
|-heal|p2a: Zamazenta|58/100 par|[from] item: Sitrus Berry
|move|p2a: Zamazenta|Crunch|p1a: Gholdengo
|-supereffective|p1a: Gholdengo
|-damage|p1a: Gholdengo|72/100
|
|-heal|p1a: Gholdengo|78/100|[from] item: Leftovers
|upkeep
|turn|19
|
|t:|1779717739
|move|p1a: Gholdengo|Shadow Ball|p2a: Zamazenta
|-damage|p2a: Zamazenta|17/100 par
|move|p2a: Zamazenta|Crunch|p1a: Gholdengo
|-supereffective|p1a: Gholdengo
|-damage|p1a: Gholdengo|48/100
|
|-heal|p1a: Gholdengo|54/100|[from] item: Leftovers
|upkeep
|turn|20
|
|t:|1779717748
|move|p1a: Gholdengo|Shadow Ball|p2a: Zamazenta
|-damage|p2a: Zamazenta|0 fnt
|faint|p2a: Zamazenta
|
|-heal|p1a: Gholdengo|60/100|[from] item: Leftovers
|upkeep
|
|t:|1779717761
|switch|p2a: Delphox|Delphox, F, shiny|100/100
|-damage|p2a: Delphox|75/100|[from] Stealth Rock
|-item|p2a: Delphox|Air Balloon
|turn|21
|
|t:|1779717779
|-terastallize|p2a: Delphox|Ghost
|move|p2a: Delphox|Shadow Ball|p1a: Gholdengo
|-supereffective|p1a: Gholdengo
|-damage|p1a: Gholdengo|0 fnt
|faint|p1a: Gholdengo
|
|-sideend|p1: Benicio007|Reflect
|upkeep
|
|t:|1779717783
|switch|p1a: Alomomola|Alomomola, F|100/100
|turn|22
|
|t:|1779717791
|-terastallize|p1a: Alomomola|Water
|move|p2a: Delphox|Shadow Ball|p1a: Alomomola
|-crit|p1a: Alomomola
|-damage|p1a: Alomomola|28/100
|move|p1a: Alomomola|Scald|p2a: Delphox
|-damage|p2a: Delphox|55/100
|-enditem|p2a: Delphox|Air Balloon
|
|-heal|p1a: Alomomola|34/100|[from] item: Leftovers
|upkeep
|turn|23
|
|t:|1779717799
|move|p2a: Delphox|Shadow Ball|p1a: Alomomola
|-damage|p1a: Alomomola|0 fnt
|faint|p1a: Alomomola
|-item|p2a: Delphox|Leftovers|[from] ability: Magician|[of] p1: Alomomola
|
|win|LeoN22poke
|raw|Benicio007's rating: 1082 &rarr; <strong>1061</strong><br />(-21 for losing)
|raw|LeoN22poke's rating: 1096 &rarr; <strong>1121</strong><br />(+25 for winning)
|l|☆Benicio007
|player|p1|
|l|☆LeoN22poke
|player|p2|
