|j|☆JiyuRey
|j|☆peticecube
|t:|1779629232
|gametype|singles
|player|p1|JiyuRey|shadowtriad|1249
|player|p2|peticecube|pokemonbreeder-gen4|1188
|gen|9
|tier|[Gen 9] OU
|rated|
|rule|HP Percentage Mod: HP is shown in percentages
|rule|Endless Battle Clause: Forcing endless battles is banned
|rule|Species Clause: Limit one of each Pokémon
|rule|OHKO Clause: OHKO moves are banned
|rule|Evasion Items Clause: Evasion items are banned
|rule|Evasion Moves Clause: Evasion moves are banned
|rule|Evasion Abilities Clause: Evasion abilities are banned
|rule|Sleep Moves Clause: Sleep-inducing moves are banned
|clearpoke
|poke|p1|Ninetales, M|
|poke|p1|Raging Bolt|
|poke|p1|Dragonite, M|
|poke|p1|Garganacl, M|
|poke|p1|Great Tusk|
|poke|p1|Walking Wake|
|poke|p2|Raging Bolt|
|poke|p2|Quaquaval, M|
|poke|p2|Regidrago|
|poke|p2|Quagsire, F|
|poke|p2|Garganacl, F|
|poke|p2|Golem-Alola, M|
|teampreview
|inactive|Battle timer is ON: inactive players will automatically lose when time's up. (requested by JiyuRey)
|
|t:|1779629242
|teamsize|p1|6
|teamsize|p2|6
|start
|switch|p1a: Rocher|Garganacl, M|100/100
|switch|p2a: Quagsire|Quagsire, F|100/100
|turn|1
|
|t:|1779629253
|move|p1a: Rocher|Salt Cure|p2a: Quagsire
|-resisted|p2a: Quagsire
|-damage|p2a: Quagsire|96/100
|-start|p2a: Quagsire|Salt Cure
|move|p2a: Quagsire|Earthquake|p1a: Rocher
|-supereffective|p1a: Rocher
|-damage|p1a: Rocher|72/100
|
|-heal|p1a: Rocher|78/100|[from] item: Leftovers
|-damage|p2a: Quagsire|71/100|[from] Salt Cure
|upkeep
|turn|2
|
|t:|1779629276
|switch|p2a: Quaquaval|Quaquaval, M|100/100
|move|p1a: Rocher|Stealth Rock|p2a: Quaquaval
|-sidestart|p2: peticecube|move: Stealth Rock
|
|-heal|p1a: Rocher|85/100|[from] item: Leftovers
|upkeep
|turn|3
|
|t:|1779629292
|move|p2a: Quaquaval|Rapid Spin|p1a: Rocher
|-resisted|p1a: Rocher
|-damage|p1a: Rocher|80/100
|-boost|p2a: Quaquaval|spe|1
|-sideend|p2: peticecube|Stealth Rock|[from] move: Rapid Spin|[of] p2a: Quaquaval
|move|p1a: Rocher|Salt Cure|p2a: Quaquaval
|-resisted|p2a: Quaquaval
|-damage|p2a: Quaquaval|92/100
|-start|p2a: Quaquaval|Salt Cure
|
|-heal|p1a: Rocher|87/100|[from] item: Leftovers
|-damage|p2a: Quaquaval|67/100|[from] Salt Cure
|upkeep
|turn|4
|
|t:|1779629304
|move|p2a: Quaquaval|Close Combat|p1a: Rocher
|-supereffective|p1a: Rocher
|-damage|p1a: Rocher|27/100
|-unboost|p2a: Quaquaval|def|1
|-unboost|p2a: Quaquaval|spd|1
|move|p1a: Rocher|Stealth Rock|p2a: Quaquaval
|-sidestart|p2: peticecube|move: Stealth Rock
|
|-heal|p1a: Rocher|33/100|[from] item: Leftovers
|-damage|p2a: Quaquaval|42/100|[from] Salt Cure
|upkeep
|turn|5
|inactive|JiyuRey has 120 seconds left.
|
|t:|1779629332
|move|p1a: Rocher|Protect|p1a: Rocher
|-singleturn|p1a: Rocher|Protect
|move|p2a: Quaquaval|Close Combat|p1a: Rocher
|-activate|p1a: Rocher|move: Protect
|
|-heal|p1a: Rocher|40/100|[from] item: Leftovers
|-damage|p2a: Quaquaval|17/100|[from] Salt Cure
|upkeep
|turn|6
|inactive|JiyuRey has 120 seconds left.
|
|t:|1779629351
|switch|p1a: Terre|Great Tusk|100/100
|move|p2a: Quaquaval|Close Combat|p1a: Terre
|-damage|p1a: Terre|64/100
|-unboost|p2a: Quaquaval|def|1
|-unboost|p2a: Quaquaval|spd|1
|-damage|p2a: Quaquaval|0 fnt|[from] item: Rocky Helmet|[of] p1a: Terre
|faint|p2a: Quaquaval
|
|upkeep
|inactive|peticecube has 120 seconds left.
|
|t:|1779629377
|switch|p2a: Regidrago|Regidrago|100/100
|-damage|p2a: Regidrago|88/100|[from] Stealth Rock
|turn|7
|
|t:|1779629386
|-terastallize|p2a: Regidrago|Dragon
|move|p2a: Regidrago|Dragon Energy|p1a: Terre
|-damage|p1a: Terre|0 fnt
|faint|p1a: Terre
|-end|p1a: Terre|Protosynthesis|[silent]
|
|upkeep
|inactive|JiyuRey has 120 seconds left.
|
|t:|1779629398
|switch|p1a: Rocher|Garganacl, M|40/100
|turn|8
|
|t:|1779629402
|-terastallize|p1a: Rocher|Fairy
|move|p2a: Regidrago|Dragon Energy|p1a: Rocher
|-immune|p1a: Rocher
|move|p1a: Rocher|Recover|p1a: Rocher
|-heal|p1a: Rocher|90/100
|
|-heal|p1a: Rocher|96/100|[from] item: Leftovers
|upkeep
|turn|9
|
|t:|1779629423
|switch|p2a: Golem|Golem-Alola, M|100/100
|-damage|p2a: Golem|88/100|[from] Stealth Rock
|move|p1a: Rocher|Salt Cure|p2a: Golem
|-damage|p2a: Golem|78/100
|-start|p2a: Golem|Salt Cure
|
|-heal|p1a: Rocher|100/100|[from] item: Leftovers
|-damage|p2a: Golem|66/100|[from] Salt Cure
|upkeep
|turn|10
|
|t:|1779629443
|switch|p1a: Écaille|Dragonite, M|100/100
|move|p2a: Golem|Explosion|p1a: Écaille
|-damage|p1a: Écaille|17/100
|faint|p2a: Golem
|
|upkeep
|inactive|peticecube has 120 seconds left.
|
|t:|1779629455
|switch|p2a: Garganacl|Garganacl, F|100/100
|-damage|p2a: Garganacl|88/100|[from] Stealth Rock
|turn|11
|
|t:|1779629468
|move|p1a: Écaille|Roost|p1a: Écaille
|-heal|p1a: Écaille|67/100
|-singleturn|p1a: Écaille|move: Roost
|move|p2a: Garganacl|Salt Cure|p1a: Écaille
|-damage|p1a: Écaille|53/100
|-start|p1a: Écaille|Salt Cure
|
|-heal|p2a: Garganacl|94/100|[from] item: Leftovers
|-damage|p1a: Écaille|40/100|[from] Salt Cure
|upkeep
|turn|12
|
|t:|1779629482
|move|p1a: Écaille|Roost|p1a: Écaille
|-heal|p1a: Écaille|91/100
|-singleturn|p1a: Écaille|move: Roost
|move|p2a: Garganacl|Curse|p2a: Garganacl
|-unboost|p2a: Garganacl|spe|1
|-boost|p2a: Garganacl|atk|1
|-boost|p2a: Garganacl|def|1
|
|-heal|p2a: Garganacl|100/100|[from] item: Leftovers
|-damage|p1a: Écaille|78/100|[from] Salt Cure
|upkeep
|turn|13
|inactive|peticecube has 120 seconds left.
|
|t:|1779629498
|switch|p1a: Rocher|Garganacl, M, tera:Fairy|100/100
|move|p2a: Garganacl|Curse|p2a: Garganacl
|-unboost|p2a: Garganacl|spe|1
|-boost|p2a: Garganacl|atk|1
|-boost|p2a: Garganacl|def|1
|
|upkeep
|turn|14
|
|t:|1779629508
|move|p1a: Rocher|Salt Cure|p2a: Garganacl
|-damage|p2a: Garganacl|97/100
|-start|p2a: Garganacl|Salt Cure
|move|p2a: Garganacl|Salt Cure|p1a: Rocher
|-damage|p1a: Rocher|85/100
|-start|p1a: Rocher|Salt Cure
|
|-heal|p1a: Rocher|92/100|[from] item: Leftovers
|-heal|p2a: Garganacl|100/100|[from] item: Leftovers
|-damage|p1a: Rocher|79/100|[from] Salt Cure
|-damage|p2a: Garganacl|88/100|[from] Salt Cure
|upkeep
|turn|15
|
|t:|1779629519
|switch|p1a: Flamme|Ninetales, M|100/100
|-weather|SunnyDay|[from] ability: Drought|[of] p1a: Flamme
|move|p2a: Garganacl|Earthquake|p1a: Flamme
|-supereffective|p1a: Flamme
|-damage|p1a: Flamme|0 fnt
|faint|p1a: Flamme
|
|-weather|SunnyDay|[upkeep]
|-heal|p2a: Garganacl|94/100|[from] item: Leftovers
|-damage|p2a: Garganacl|82/100|[from] Salt Cure
|upkeep
|
|t:|1779629534
|switch|p1a: Vague|Walking Wake|100/100
|-activate|p1a: Vague|ability: Protosynthesis
|-start|p1a: Vague|protosynthesisspe
|turn|16
|
|t:|1779629551
|-end|p1a: Vague|Protosynthesis|[silent]
|switch|p1a: Rocher|Garganacl, M, tera:Fairy|79/100
|switch|p2a: Raging Bolt|Raging Bolt|100/100
|-damage|p2a: Raging Bolt|88/100|[from] Stealth Rock
|-activate|p2a: Raging Bolt|ability: Protosynthesis
|-start|p2a: Raging Bolt|protosynthesisspa
|
|-weather|SunnyDay|[upkeep]
|-heal|p1a: Rocher|85/100|[from] item: Leftovers
|upkeep
|turn|17
|
|t:|1779629565
|move|p2a: Raging Bolt|Calm Mind|p2a: Raging Bolt
|-boost|p2a: Raging Bolt|spa|1
|-boost|p2a: Raging Bolt|spd|1
|move|p1a: Rocher|Salt Cure|p2a: Raging Bolt
|-crit|p2a: Raging Bolt
|-damage|p2a: Raging Bolt|72/100
|-start|p2a: Raging Bolt|Salt Cure
|
|-weather|SunnyDay|[upkeep]
|-heal|p1a: Rocher|92/100|[from] item: Leftovers
|-damage|p2a: Raging Bolt|59/100|[from] Salt Cure
|upkeep
|turn|18
|
|t:|1779629576
|switch|p1a: Écaille|Dragonite, M|78/100
|move|p2a: Raging Bolt|Thunderbolt|p1a: Écaille
|-damage|p1a: Écaille|0 fnt
|faint|p1a: Écaille
|
|-weather|SunnyDay|[upkeep]
|-damage|p2a: Raging Bolt|47/100|[from] Salt Cure
|upkeep
|inactive|JiyuRey has 120 seconds left.
|
|t:|1779629588
|switch|p1a: Vague|Walking Wake|100/100
|-activate|p1a: Vague|ability: Protosynthesis
|-start|p1a: Vague|protosynthesisspe
|turn|19
|
|t:|1779629595
|move|p2a: Raging Bolt|Thunderclap|p1a: Vague
|-damage|p1a: Vague|9/100
|move|p1a: Vague|Dragon Pulse|p2a: Raging Bolt
|-supereffective|p2a: Raging Bolt
|-crit|p2a: Raging Bolt
|-damage|p2a: Raging Bolt|0 fnt
|faint|p2a: Raging Bolt
|-end|p2a: Raging Bolt|Protosynthesis|[silent]
|
|-weather|SunnyDay|[upkeep]
|upkeep
|
|t:|1779629604
|switch|p2a: Regidrago|Regidrago, tera:Dragon|88/100
|-damage|p2a: Regidrago|76/100|[from] Stealth Rock
|turn|20
|
|t:|1779629618
|move|p1a: Vague|Dragon Pulse|p2a: Regidrago
|-supereffective|p2a: Regidrago
|-damage|p2a: Regidrago|0 fnt
|faint|p2a: Regidrago
|
|-weather|SunnyDay|[upkeep]
|upkeep
|
|t:|1779629625
|switch|p2a: Garganacl|Garganacl, F|82/100
|-damage|p2a: Garganacl|70/100|[from] Stealth Rock
|turn|21
|
|t:|1779629634
|-end|p1a: Vague|Protosynthesis|[silent]
|switch|p1a: Rocher|Garganacl, M, tera:Fairy|92/100
|move|p2a: Garganacl|Earthquake|p1a: Rocher
|-damage|p1a: Rocher|80/100
|
|-weather|SunnyDay|[upkeep]
|-heal|p2a: Garganacl|76/100|[from] item: Leftovers
|-heal|p1a: Rocher|86/100|[from] item: Leftovers
|upkeep
|turn|22
|-message|peticecube forfeited.
|
|win|JiyuRey
|raw|JiyuRey's rating: 1249 &rarr; <strong>1270</strong><br />(+21 for winning)
|raw|peticecube's rating: 1188 &rarr; <strong>1167</strong><br />(-21 for losing)
|l|☆peticecube
|player|p2|
|l|☆JiyuRey
|player|p1|
