|j|☆lunarfae
|j|☆onthefreeway87
|t:|1779670155
|gametype|singles
|player|p1|lunarfae|doubleteam|1162
|player|p2|onthefreeway87|fantina|1202
|gen|9
|tier|[Gen 9] OU
|rated|
|rule|HP Percentage Mod: HP is shown in percentages
|rule|Endless Battle Clause: Forcing endless battles is banned
|rule|Species Clause: Limit one of each Pokémon
|rule|OHKO Clause: OHKO moves are banned
|rule|Evasion Items Clause: Evasion items are banned
|rule|Evasion Moves Clause: Evasion moves are banned
|rule|Evasion Abilities Clause: Evasion abilities are banned
|rule|Sleep Moves Clause: Sleep-inducing moves are banned
|clearpoke
|poke|p1|Mandibuzz, F|
|poke|p1|Goodra-Hisui, F|
|poke|p1|Registeel|
|poke|p1|Jumpluff, M|
|poke|p1|Vaporeon, M|
|poke|p1|Mudsdale, M|
|poke|p2|Iron Treads|
|poke|p2|Samurott-Hisui, M|
|poke|p2|Zamazenta-*|
|poke|p2|Gholdengo|
|poke|p2|Dragonite, F|
|poke|p2|Clefable, M|
|teampreview
|inactive|Battle timer is ON: inactive players will automatically lose when time's up. (requested by onthefreeway87)
|
|t:|1779670163
|teamsize|p1|6
|teamsize|p2|6
|start
|switch|p1a: Goodra|Goodra-Hisui, F|100/100
|switch|p2a: Samurott|Samurott-Hisui, M|100/100
|turn|1
|
|t:|1779670174
|switch|p2a: Gholdengo|Gholdengo|100/100
|-item|p2a: Gholdengo|Air Balloon
|move|p1a: Goodra|Draco Meteor|p2a: Gholdengo
|-resisted|p2a: Gholdengo
|-damage|p2a: Gholdengo|66/100
|-unboost|p1a: Goodra|spa|2
|-enditem|p2a: Gholdengo|Air Balloon
|
|upkeep
|turn|2
|
|t:|1779670182
|switch|p1a: Jumpluff|Jumpluff, M, shiny|100/100
|move|p2a: Gholdengo|Hex|p1a: Jumpluff
|-damage|p1a: Jumpluff|77/100
|
|upkeep
|turn|3
|
|t:|1779670187
|move|p1a: Jumpluff|Encore|p2a: Gholdengo
|-immune|p2a: Gholdengo|[from] ability: Good as Gold
|move|p2a: Gholdengo|Thunder Wave|p1a: Jumpluff
|-status|p1a: Jumpluff|par
|
|upkeep
|turn|4
|
|t:|1779670192
|move|p2a: Gholdengo|Hex|p1a: Jumpluff
|-damage|p1a: Jumpluff|33/100 par
|move|p1a: Jumpluff|Leech Seed|p2a: Gholdengo
|-immune|p2a: Gholdengo|[from] ability: Good as Gold
|
|upkeep
|turn|5
|
|t:|1779670200
|switch|p1a: Mandibuzz|Mandibuzz, F|100/100
|move|p2a: Gholdengo|Hex|p1a: Mandibuzz
|-resisted|p1a: Mandibuzz
|-damage|p1a: Mandibuzz|89/100
|
|upkeep
|turn|6
|
|t:|1779670205
|move|p2a: Gholdengo|Thunder Wave|p1a: Mandibuzz
|-status|p1a: Mandibuzz|par
|move|p1a: Mandibuzz|Foul Play|p2a: Gholdengo
|-supereffective|p2a: Gholdengo
|-damage|p2a: Gholdengo|35/100
|
|upkeep
|turn|7
|
|t:|1779670210
|move|p2a: Gholdengo|Recover|p2a: Gholdengo
|-heal|p2a: Gholdengo|85/100
|cant|p1a: Mandibuzz|par
|
|upkeep
|turn|8
|
|t:|1779670215
|switch|p1a: Mudsdale|Mudsdale, M|100/100
|move|p2a: Gholdengo|Hex|p1a: Mudsdale
|-damage|p1a: Mudsdale|72/100
|-ability|p1a: Mudsdale|Stamina|boost
|-boost|p1a: Mudsdale|def|1
|
|upkeep
|turn|9
|
|t:|1779670221
|switch|p2a: Dragonite|Dragonite, F|100/100
|move|p1a: Mudsdale|Earthquake|p2a: Dragonite
|-immune|p2a: Dragonite
|
|upkeep
|turn|10
|
|t:|1779670225
|switch|p1a: Vaporeon|Vaporeon, M|100/100
|move|p2a: Dragonite|Dragon Tail|p1a: Vaporeon
|-damage|p1a: Vaporeon|63/100
|drag|p1a: Mudsdale|Mudsdale, M|72/100
|
|upkeep
|turn|11
|
|t:|1779670232
|move|p1a: Mudsdale|Stealth Rock|p2a: Dragonite
|-sidestart|p2: onthefreeway87|move: Stealth Rock
|move|p2a: Dragonite|Dragon Tail|p1a: Mudsdale
|-damage|p1a: Mudsdale|52/100
|-damage|p2a: Dragonite|84/100|[from] item: Rocky Helmet|[of] p1a: Mudsdale
|-ability|p1a: Mudsdale|Stamina|boost
|-boost|p1a: Mudsdale|def|1
|drag|p1a: Jumpluff|Jumpluff, M, shiny|33/100 par
|
|upkeep
|turn|12
|
|t:|1779670238
|move|p2a: Dragonite|Extreme Speed|p1a: Jumpluff
|-damage|p1a: Jumpluff|0 fnt
|faint|p1a: Jumpluff
|
|upkeep
|
|t:|1779670242
|switch|p1a: Goodra|Goodra-Hisui, F|100/100
|turn|13
|
|t:|1779670252
|switch|p2a: Clefable|Clefable, M|100/100
|move|p1a: Goodra|Draco Meteor|p2a: Clefable
|-immune|p2a: Clefable
|
|upkeep
|turn|14
|
|t:|1779670260
|move|p1a: Goodra|Flash Cannon|p2a: Clefable
|-supereffective|p2a: Clefable
|-damage|p2a: Clefable|23/100
|-unboost|p2a: Clefable|spd|1
|move|p2a: Clefable|Stealth Rock|p1a: Goodra
|-sidestart|p1: lunarfae|move: Stealth Rock
|
|-heal|p2a: Clefable|29/100|[from] item: Leftovers
|upkeep
|turn|15
|
|t:|1779670264
|switch|p2a: Samurott|Samurott-Hisui, M|100/100
|-damage|p2a: Samurott|88/100|[from] Stealth Rock
|move|p1a: Goodra|Flash Cannon|p2a: Samurott
|-resisted|p2a: Samurott
|-damage|p2a: Samurott|74/100
|
|upkeep
|turn|16
|
|t:|1779670276
|switch|p1a: Mandibuzz|Mandibuzz, F|89/100 par
|move|p2a: Samurott|Ceaseless Edge|p1a: Mandibuzz
|-resisted|p1a: Mandibuzz
|-damage|p1a: Mandibuzz|78/100 par
|-sidestart|p1: lunarfae|Spikes
|
|upkeep
|turn|17
|
|t:|1779670286
|switch|p2a: Gholdengo|Gholdengo|85/100
|-damage|p2a: Gholdengo|79/100|[from] Stealth Rock
|move|p1a: Mandibuzz|Defog|p2a: Gholdengo
|-immune|p2a: Gholdengo|[from] ability: Good as Gold
|
|upkeep
|turn|18
|
|t:|1779670296
|move|p2a: Gholdengo|Thunder Wave|p1a: Mandibuzz
|-fail|p1a: Mandibuzz|par
|move|p1a: Mandibuzz|Foul Play|p2a: Gholdengo
|-supereffective|p2a: Gholdengo
|-damage|p2a: Gholdengo|49/100
|
|upkeep
|turn|19
|
|t:|1779670302
|move|p2a: Gholdengo|Recover|p2a: Gholdengo
|-heal|p2a: Gholdengo|99/100
|move|p1a: Mandibuzz|Foul Play|p2a: Gholdengo
|-supereffective|p2a: Gholdengo
|-damage|p2a: Gholdengo|73/100
|
|upkeep
|turn|20
|
|t:|1779670305
|move|p2a: Gholdengo|Hex|p1a: Mandibuzz
|-resisted|p1a: Mandibuzz
|-damage|p1a: Mandibuzz|53/100 par
|cant|p1a: Mandibuzz|par
|
|upkeep
|turn|21
|
|t:|1779670311
|move|p2a: Gholdengo|Make It Rain|p1a: Mandibuzz
|-damage|p1a: Mandibuzz|10/100 par
|-unboost|p2a: Gholdengo|spa|1
|cant|p1a: Mandibuzz|par
|
|upkeep
|turn|22
|
|t:|1779670317
|move|p2a: Gholdengo|Make It Rain|p1a: Mandibuzz
|-damage|p1a: Mandibuzz|0 fnt
|-unboost|p2a: Gholdengo|spa|1
|faint|p1a: Mandibuzz
|
|upkeep
|
|t:|1779670322
|switch|p1a: Goodra|Goodra-Hisui, F|100/100
|-damage|p1a: Goodra|94/100|[from] Stealth Rock
|-damage|p1a: Goodra|82/100|[from] Spikes
|turn|23
|
|t:|1779670327
|move|p2a: Gholdengo|Thunder Wave|p1a: Goodra
|-status|p1a: Goodra|par
|move|p1a: Goodra|Fire Blast|p2a: Gholdengo
|-supereffective|p2a: Gholdengo
|-damage|p2a: Gholdengo|3/100
|
|upkeep
|turn|24
|
|t:|1779670335
|switch|p2a: Samurott|Samurott-Hisui, M|74/100
|-damage|p2a: Samurott|62/100|[from] Stealth Rock
|cant|p1a: Goodra|par
|
|upkeep
|turn|25
|
|t:|1779670340
|move|p2a: Samurott|Knock Off|p1a: Goodra
|-damage|p1a: Goodra|42/100 par
|-enditem|p1a: Goodra|Assault Vest|[from] move: Knock Off|[of] p2a: Samurott
|move|p1a: Goodra|Draco Meteor|p2a: Samurott
|-damage|p2a: Samurott|12/100
|-unboost|p1a: Goodra|spa|2
|
|upkeep
|turn|26
|
|t:|1779670348
|switch|p1a: Vaporeon|Vaporeon, M|63/100
|-damage|p1a: Vaporeon|51/100|[from] Stealth Rock
|-damage|p1a: Vaporeon|39/100|[from] Spikes
|move|p2a: Samurott|Ceaseless Edge|p1a: Vaporeon
|-crit|p1a: Vaporeon
|-damage|p1a: Vaporeon|0 fnt
|-sidestart|p1: lunarfae|Spikes
|faint|p1a: Vaporeon
|
|upkeep
|
|t:|1779670352
|switch|p1a: Registeel|Registeel, shiny|100/100
|-damage|p1a: Registeel|94/100|[from] Stealth Rock
|-damage|p1a: Registeel|78/100|[from] Spikes
|turn|27
|
|t:|1779670355
|move|p2a: Samurott|Knock Off|p1a: Registeel
|-damage|p1a: Registeel|48/100
|-enditem|p1a: Registeel|Chesto Berry|[from] move: Knock Off|[of] p2a: Samurott
|move|p1a: Registeel|Thunder Wave|p2a: Samurott
|-status|p2a: Samurott|par
|
|upkeep
|turn|28
|
|t:|1779670361
|move|p1a: Registeel|Iron Defense|p1a: Registeel
|-boost|p1a: Registeel|def|2
|move|p2a: Samurott|Ceaseless Edge|p1a: Registeel
|-damage|p1a: Registeel|33/100
|-sidestart|p1: lunarfae|Spikes
|
|upkeep
|turn|29
|
|t:|1779670364
|switch|p2a: Dragonite|Dragonite, F|84/100
|move|p1a: Registeel|Iron Defense|p1a: Registeel
|-boost|p1a: Registeel|def|2
|
|upkeep
|turn|30
|
|t:|1779670369
|move|p1a: Registeel|Thunder Wave|p2a: Dragonite
|-status|p2a: Dragonite|par
|move|p2a: Dragonite|Dragon Tail|p1a: Registeel
|-resisted|p1a: Registeel
|-damage|p1a: Registeel|29/100
|drag|p1a: Mudsdale|Mudsdale, M|52/100
|-damage|p1a: Mudsdale|46/100|[from] Stealth Rock
|-damage|p1a: Mudsdale|21/100|[from] Spikes
|
|upkeep
|turn|31
|
|t:|1779670379
|move|p1a: Mudsdale|Body Press|p2a: Dragonite
|-resisted|p2a: Dragonite
|-damage|p2a: Dragonite|73/100 par
|cant|p2a: Dragonite|par
|
|upkeep
|turn|32
|
|t:|1779670382
|move|p1a: Mudsdale|Body Press|p2a: Dragonite
|-resisted|p2a: Dragonite
|-damage|p2a: Dragonite|61/100 par
|move|p2a: Dragonite|Roost|p2a: Dragonite
|-heal|p2a: Dragonite|100/100 par
|-singleturn|p2a: Dragonite|move: Roost
|
|upkeep
|turn|33
|
|t:|1779670384
|move|p1a: Mudsdale|Body Press|p2a: Dragonite
|-resisted|p2a: Dragonite
|-damage|p2a: Dragonite|95/100 par
|move|p2a: Dragonite|Dragon Tail|p1a: Mudsdale
|-damage|p1a: Mudsdale|0 fnt
|-damage|p2a: Dragonite|78/100 par|[from] item: Rocky Helmet|[of] p1a: Mudsdale
|faint|p1a: Mudsdale
|
|upkeep
|
|t:|1779670386
|switch|p1a: Goodra|Goodra-Hisui, F|42/100 par
|-damage|p1a: Goodra|36/100 par|[from] Stealth Rock
|-damage|p1a: Goodra|11/100 par|[from] Spikes
|turn|34
|-message|lunarfae forfeited.
|
|win|onthefreeway87
|raw|lunarfae's rating: 1162 &rarr; <strong>1140</strong><br />(-22 for losing)
|raw|onthefreeway87's rating: 1202 &rarr; <strong>1224</strong><br />(+22 for winning)
|l|☆onthefreeway87
|player|p2|
