|j|☆alexanderlc20
|j|☆kemdpw
|t:|1779683213
|gametype|singles
|player|p1|alexanderlc20|gambler|1313
|player|p2|kemdpw|101|1351
|gen|9
|tier|[Gen 9] OU
|rated|
|rule|HP Percentage Mod: HP is shown in percentages
|rule|Endless Battle Clause: Forcing endless battles is banned
|rule|Species Clause: Limit one of each Pokémon
|rule|OHKO Clause: OHKO moves are banned
|rule|Evasion Items Clause: Evasion items are banned
|rule|Evasion Moves Clause: Evasion moves are banned
|rule|Evasion Abilities Clause: Evasion abilities are banned
|rule|Sleep Moves Clause: Sleep-inducing moves are banned
|clearpoke
|poke|p1|Iron Treads|
|poke|p1|Ogerpon-Cornerstone, F|
|poke|p1|Dragapult, M|
|poke|p1|Kingambit, M|
|poke|p1|Crawdaunt, M|
|poke|p1|Zapdos|
|poke|p2|Kyurem|
|poke|p2|Ogerpon-Wellspring, F|
|poke|p2|Tornadus-Therian, M|
|poke|p2|Slowking-Galar, M|
|poke|p2|Great Tusk|
|poke|p2|Kingambit, F|
|teampreview
|
|t:|1779683219
|teamsize|p1|6
|teamsize|p2|6
|start
|switch|p1a: Iron Treads|Iron Treads|100/100
|switch|p2a: Tornadus|Tornadus-Therian, M|100/100
|-enditem|p1a: Iron Treads|Booster Energy
|-activate|p1a: Iron Treads|ability: Quark Drive|[fromitem]
|-start|p1a: Iron Treads|quarkdrivespe
|turn|1
|inactive|Battle timer is ON: inactive players will automatically lose when time's up. (requested by alexanderlc20)
|
|t:|1779683227
|move|p1a: Iron Treads|Stealth Rock|p2a: Tornadus
|-sidestart|p2: kemdpw|move: Stealth Rock
|move|p2a: Tornadus|Heat Wave|p1a: Iron Treads
|-supereffective|p1a: Iron Treads
|-crit|p1a: Iron Treads
|-damage|p1a: Iron Treads|8/100
|
|upkeep
|turn|2
|
|t:|1779683233
|move|p1a: Iron Treads|Ice Spinner|p2a: Tornadus
|-supereffective|p2a: Tornadus
|-damage|p2a: Tornadus|43/100
|move|p2a: Tornadus|U-turn|p1a: Iron Treads
|-resisted|p1a: Iron Treads
|-damage|p1a: Iron Treads|1/100
|
|t:|1779683236
|switch|p2a: Great Tusk|Great Tusk|100/100|[from] U-turn
|-damage|p2a: Great Tusk|98/100|[from] Stealth Rock
|
|upkeep
|turn|3
|
|t:|1779683244
|move|p1a: Iron Treads|Earthquake|p2a: Great Tusk
|-damage|p2a: Great Tusk|74/100
|move|p2a: Great Tusk|Stealth Rock|p1a: Iron Treads
|-sidestart|p1: alexanderlc20|move: Stealth Rock
|
|upkeep
|turn|4
|
|t:|1779683248
|move|p1a: Iron Treads|Rapid Spin|p2a: Great Tusk
|-damage|p2a: Great Tusk|67/100
|-boost|p1a: Iron Treads|spe|1
|-damage|p1a: Iron Treads|0 fnt|[from] item: Rocky Helmet|[of] p2a: Great Tusk
|faint|p1a: Iron Treads
|-end|p1a: Iron Treads|Quark Drive|[silent]
|move|p2a: Great Tusk|Rapid Spin|p1: Iron Treads|[notarget]
|-fail|p2a: Great Tusk
|
|upkeep
|
|t:|1779683255
|switch|p1a: Dragapult|Dragapult, M|100/100
|turn|5
|
|t:|1779683260
|-end|p2a: Great Tusk|Protosynthesis|[silent]
|switch|p2a: Tornadus|Tornadus-Therian, M|77/100
|-damage|p2a: Tornadus|52/100|[from] Stealth Rock
|move|p1a: Dragapult|Will-O-Wisp|p2a: Tornadus
|-status|p2a: Tornadus|brn
|
|-damage|p2a: Tornadus|46/100 brn|[from] brn
|upkeep
|turn|6
|
|t:|1779683281
|move|p1a: Dragapult|Hex|p2a: Tornadus
|-damage|p2a: Tornadus|9/100 brn
|move|p2a: Tornadus|Knock Off|p1a: Dragapult
|-supereffective|p1a: Dragapult
|-damage|p1a: Dragapult|75/100
|-enditem|p1a: Dragapult|Heavy-Duty Boots|[from] move: Knock Off|[of] p2a: Tornadus
|
|-damage|p2a: Tornadus|3/100 brn|[from] brn
|upkeep
|turn|7
|
|t:|1779683295
|switch|p2a: Slowking|Slowking-Galar, M|100/100
|move|p1a: Dragapult|U-turn|p2a: Slowking
|-damage|p2a: Slowking|85/100
|
|t:|1779683301
|switch|p1a: Zapdos|Zapdos|100/100|[from] U-turn
|
|upkeep
|turn|8
|
|t:|1779683308
|move|p1a: Zapdos|Hurricane|p2a: Slowking|[miss]
|-miss|p1a: Zapdos|p2a: Slowking
|-prepare|p2a: Slowking|Chilly Reception|[premajor]
|move|p2a: Slowking|Chilly Reception|p2a: Slowking
|-weather|Snowscape
|
|t:|1779683312
|switch|p2a: Kyurem|Kyurem|100/100|[from] Chilly Reception
|-damage|p2a: Kyurem|76/100|[from] Stealth Rock
|-ability|p2a: Kyurem|Pressure
|
|-weather|Snowscape|[upkeep]
|upkeep
|turn|9
|
|t:|1779683319
|-terastallize|p1a: Zapdos|Fire
|move|p2a: Kyurem|Blizzard|p1a: Zapdos
|-resisted|p1a: Zapdos
|-damage|p1a: Zapdos|65/100
|move|p1a: Zapdos|Volt Switch|p2a: Kyurem
|-resisted|p2a: Kyurem
|-damage|p2a: Kyurem|59/100
|
|t:|1779683329
|switch|p1a: Ogerpon|Ogerpon-Cornerstone, F|100/100|[from] Volt Switch
|-damage|p1a: Ogerpon|88/100|[from] Stealth Rock
|
|-weather|Snowscape|[upkeep]
|upkeep
|turn|10
|
|t:|1779683342
|switch|p2a: Tornadus|Tornadus-Therian, M|36/100 brn
|-damage|p2a: Tornadus|11/100 brn|[from] Stealth Rock
|move|p1a: Ogerpon|Ivy Cudgel|p2a: Tornadus|[anim] Ivy Cudgel Rock
|-supereffective|p2a: Tornadus
|-damage|p2a: Tornadus|0 fnt
|faint|p2a: Tornadus
|
|-weather|Snowscape|[upkeep]
|upkeep
|
|t:|1779683361
|switch|p2a: Ogerpon|Ogerpon-Wellspring, F|100/100
|-damage|p2a: Ogerpon|88/100|[from] Stealth Rock
|turn|11
|
|t:|1779683370
|switch|p1a: Dragapult|Dragapult, M|75/100
|-damage|p1a: Dragapult|63/100|[from] Stealth Rock
|move|p2a: Ogerpon|Ivy Cudgel|p1a: Dragapult|[anim] Ivy Cudgel Water
|-resisted|p1a: Dragapult
|-damage|p1a: Dragapult|20/100
|
|-weather|Snowscape|[upkeep]
|upkeep
|turn|12
|
|t:|1779683386
|switch|p2a: Great Tusk|Great Tusk|67/100
|-damage|p2a: Great Tusk|64/100|[from] Stealth Rock
|move|p1a: Dragapult|Will-O-Wisp|p2a: Great Tusk
|-status|p2a: Great Tusk|brn
|
|-weather|none
|-damage|p2a: Great Tusk|58/100 brn|[from] brn
|upkeep
|turn|13
|
|t:|1779683389
|move|p1a: Dragapult|Hex|p2a: Great Tusk
|-damage|p2a: Great Tusk|0 fnt
|faint|p2a: Great Tusk
|-end|p2a: Great Tusk|Protosynthesis|[silent]
|
|upkeep
|
|t:|1779683399
|switch|p2a: Slowking|Slowking-Galar, M|100/100
|turn|14
|
|t:|1779683403
|move|p1a: Dragapult|Will-O-Wisp|p2a: Slowking
|-status|p2a: Slowking|brn
|move|p2a: Slowking|Thunder Wave|p1a: Dragapult
|-status|p1a: Dragapult|par
|
|-damage|p2a: Slowking|94/100 brn|[from] brn
|upkeep
|turn|15
|
|t:|1779683412
|move|p1a: Dragapult|Dragon Darts|p2a: Slowking
|-damage|p2a: Slowking|79/100 brn
|-anim|p1a: Dragapult|Dragon Darts|p2a: Slowking
|-damage|p2a: Slowking|62/100 brn
|-prepare|p2a: Slowking|Chilly Reception|[premajor]
|move|p2a: Slowking|Chilly Reception|p2a: Slowking
|-weather|Snowscape
|
|t:|1779683417
|switch|p2a: Ogerpon|Ogerpon-Wellspring, F|88/100|[from] Chilly Reception
|-damage|p2a: Ogerpon|76/100|[from] Stealth Rock
|
|-weather|Snowscape|[upkeep]
|upkeep
|turn|16
|
|t:|1779683429
|move|p2a: Ogerpon|Ivy Cudgel|p1a: Dragapult|[anim] Ivy Cudgel Water
|-resisted|p1a: Dragapult
|-damage|p1a: Dragapult|0 fnt
|faint|p1a: Dragapult
|
|-weather|Snowscape|[upkeep]
|upkeep
|
|t:|1779683434
|switch|p1a: Crawdaunt|Crawdaunt, M|100/100
|-damage|p1a: Crawdaunt|88/100|[from] Stealth Rock
|turn|17
|
|t:|1779683439
|move|p2a: Ogerpon|Horn Leech|p1a: Crawdaunt
|-supereffective|p1a: Crawdaunt
|-damage|p1a: Crawdaunt|0 fnt
|-heal|p2a: Ogerpon|100/100|[from] drain|[of] p1a: Crawdaunt
|faint|p1a: Crawdaunt
|
|-weather|Snowscape|[upkeep]
|upkeep
|
|t:|1779683446
|switch|p1a: Kingambit|Kingambit, M|100/100
|-damage|p1a: Kingambit|94/100|[from] Stealth Rock
|-activate|p1a: Kingambit|ability: Supreme Overlord
|-start|p1a: Kingambit|fallen3|[silent]
|turn|18
|
|t:|1779683456
|-terastallize|p2a: Ogerpon|Water
|detailschange|p2a: Ogerpon|Ogerpon-Wellspring-Tera, F, tera:Water
|-ability|p2a: Ogerpon|Embody Aspect (Wellspring)|boost
|-boost|p2a: Ogerpon|spd|1
|move|p2a: Ogerpon|Ivy Cudgel|p1a: Kingambit|[anim] Ivy Cudgel Water
|-crit|p1a: Kingambit
|-damage|p1a: Kingambit|0 fnt
|faint|p1a: Kingambit
|-end|p1a: Kingambit|fallen3|[silent]
|
|-weather|Snowscape|[upkeep]
|upkeep
|-message|alexanderlc20 forfeited.
|
|win|kemdpw
|raw|alexanderlc20's rating: 1313 &rarr; <strong>1295</strong><br />(-18 for losing)
|raw|kemdpw's rating: 1351 &rarr; <strong>1369</strong><br />(+18 for winning)
|l|☆alexanderlc20
|player|p1|
|l|☆kemdpw
|player|p2|
