|j|☆FP.//06
|j|☆penguinusa17
|t:|1779697627
|gametype|singles
|player|p1|FP.//06|lucas|1482
|player|p2|penguinusa17|170|1432
|gen|9
|tier|[Gen 9] OU
|rated|
|rule|HP Percentage Mod: HP is shown in percentages
|rule|Endless Battle Clause: Forcing endless battles is banned
|rule|Species Clause: Limit one of each Pokémon
|rule|OHKO Clause: OHKO moves are banned
|rule|Evasion Items Clause: Evasion items are banned
|rule|Evasion Moves Clause: Evasion moves are banned
|rule|Evasion Abilities Clause: Evasion abilities are banned
|rule|Sleep Moves Clause: Sleep-inducing moves are banned
|clearpoke
|poke|p1|Landorus-Therian, M|
|poke|p1|Glimmora, F|
|poke|p1|Zamazenta-*|
|poke|p1|Gholdengo|
|poke|p1|Kyurem|
|poke|p1|Kingambit, F|
|poke|p2|Tyranitar, F|
|poke|p2|Toxapex, F|
|poke|p2|Dragapult, F|
|poke|p2|Zapdos|
|poke|p2|Kingambit, F|
|poke|p2|Breloom, F|
|teampreview
|inactive|Battle timer is ON: inactive players will automatically lose when time's up. (requested by FP.//06)
|
|t:|1779697646
|teamsize|p1|6
|teamsize|p2|6
|start
|switch|p1a: Landorus|Landorus-Therian, M|100/100
|switch|p2a: Breloom|Breloom, F|100/100
|-ability|p1a: Landorus|Intimidate|boost
|-unboost|p2a: Breloom|atk|1
|turn|1
|
|t:|1779697661
|move|p1a: Landorus|Stealth Rock|p2a: Breloom
|-sidestart|p2: penguinusa17|move: Stealth Rock
|move|p2a: Breloom|Swords Dance|p2a: Breloom
|-boost|p2a: Breloom|atk|2
|
|upkeep
|turn|2
|
|t:|1779697667
|move|p1a: Landorus|U-turn|p2a: Breloom
|-damage|p2a: Breloom|77/100
|
|t:|1779697669
|switch|p1a: Glimmora|Glimmora, F|100/100|[from] U-turn
|move|p2a: Breloom|Bullet Seed|p1a: Glimmora
|-damage|p1a: Glimmora|63/100
|-activate|p1a: Glimmora|ability: Toxic Debris
|-sidestart|p2: penguinusa17|move: Toxic Spikes
|-damage|p1a: Glimmora|21/100
|-activate|p1a: Glimmora|ability: Toxic Debris
|-sidestart|p2: penguinusa17|move: Toxic Spikes
|-crit|p1a: Glimmora
|-damage|p1a: Glimmora|0 fnt
|faint|p1a: Glimmora
|-hitcount|p1: Glimmora|3
|
|upkeep
|
|t:|1779697672
|switch|p1a: Kyurem|Kyurem|100/100
|-ability|p1a: Kyurem|Pressure
|turn|3
|
|t:|1779697689
|move|p2a: Breloom|Mach Punch|p1a: Kyurem
|-supereffective|p1a: Kyurem
|-crit|p1a: Kyurem
|-damage|p1a: Kyurem|0 fnt
|faint|p1a: Kyurem
|
|upkeep
|c|☆FP.//06|ok
|
|t:|1779697699
|switch|p1a: Zamazenta|Zamazenta|100/100
|-ability|p1a: Zamazenta|Dauntless Shield|boost
|-boost|p1a: Zamazenta|def|1
|turn|4
|c|☆penguinusa17|Crit might've mattered
|c|☆FP.//06|100% did
|
|t:|1779697716
|move|p1a: Zamazenta|Body Press|p2a: Breloom
|-damage|p2a: Breloom|12/100
|move|p2a: Breloom|Bullet Seed|p1a: Zamazenta
|-damage|p1a: Zamazenta|84/100
|-damage|p1a: Zamazenta|66/100
|-damage|p1a: Zamazenta|48/100
|-damage|p1a: Zamazenta|32/100
|-hitcount|p1a: Zamazenta|4
|
|-heal|p1a: Zamazenta|38/100|[from] item: Leftovers
|upkeep
|turn|5
|
|t:|1779697728
|move|p2a: Breloom|Mach Punch|p1a: Zamazenta
|-damage|p1a: Zamazenta|7/100
|move|p1a: Zamazenta|Body Press|p2a: Breloom
|-damage|p2a: Breloom|0 fnt
|faint|p2a: Breloom
|
|-heal|p1a: Zamazenta|13/100|[from] item: Leftovers
|upkeep
|
|t:|1779697737
|switch|p2a: Toxapex|Toxapex, F|100/100
|-sideend|p2: penguinusa17|move: Toxic Spikes|[of] p2a: Toxapex
|turn|6
|
|t:|1779697741
|switch|p1a: Landorus|Landorus-Therian, M|100/100
|-ability|p1a: Landorus|Intimidate|boost
|-unboost|p2a: Toxapex|atk|1
|move|p2a: Toxapex|Toxic|p1a: Landorus
|-status|p1a: Landorus|tox
|
|-damage|p1a: Landorus|94/100 tox|[from] psn
|upkeep
|turn|7
|
|t:|1779697751
|move|p2a: Toxapex|Baneful Bunker|p2a: Toxapex
|-singleturn|p2a: Toxapex|move: Protect
|move|p1a: Landorus|Earth Power|p2a: Toxapex
|-activate|p2a: Toxapex|move: Protect
|
|-damage|p1a: Landorus|82/100 tox|[from] psn
|upkeep
|turn|8
|
|t:|1779697760
|switch|p2a: Zapdos|Zapdos|100/100
|move|p1a: Landorus|U-turn|p2a: Zapdos
|-resisted|p2a: Zapdos
|-damage|p2a: Zapdos|91/100
|
|t:|1779697766
|switch|p1a: Zamazenta|Zamazenta|13/100|[from] U-turn
|
|-heal|p1a: Zamazenta|20/100|[from] item: Leftovers
|upkeep
|turn|9
|
|t:|1779697773
|move|p1a: Zamazenta|Crunch|p2a: Zapdos
|-damage|p2a: Zapdos|67/100
|move|p2a: Zapdos|Thunderbolt|p1a: Zamazenta
|-damage|p1a: Zamazenta|0 fnt
|faint|p1a: Zamazenta
|
|upkeep
|
|t:|1779697775
|switch|p1a: Kingambit|Kingambit, F|100/100
|-activate|p1a: Kingambit|ability: Supreme Overlord
|-start|p1a: Kingambit|fallen3|[silent]
|turn|10
|
|t:|1779697784
|move|p2a: Zapdos|Heat Wave|p1a: Kingambit
|-supereffective|p1a: Kingambit
|-damage|p1a: Kingambit|29/100
|move|p1a: Kingambit|Kowtow Cleave|p2a: Zapdos
|-damage|p2a: Zapdos|1/100
|
|-heal|p1a: Kingambit|35/100|[from] item: Leftovers
|upkeep
|turn|11
|
|t:|1779697793
|move|p1a: Kingambit|Sucker Punch||[still]
|-fail|p1a: Kingambit
|move|p2a: Zapdos|Roost|p2a: Zapdos
|-heal|p2a: Zapdos|51/100
|-singleturn|p2a: Zapdos|move: Roost
|
|-heal|p1a: Kingambit|41/100|[from] item: Leftovers
|upkeep
|turn|12
|
|t:|1779697805
|move|p2a: Zapdos|Heat Wave|p1a: Kingambit|[miss]
|-miss|p2a: Zapdos|p1a: Kingambit
|move|p1a: Kingambit|Kowtow Cleave|p2a: Zapdos
|-damage|p2a: Zapdos|0 fnt
|faint|p2a: Zapdos
|
|-heal|p1a: Kingambit|47/100|[from] item: Leftovers
|upkeep
|c|☆penguinusa17|Man
|c|☆FP.//06|justice
|
|t:|1779697820
|switch|p2a: Dragapult|Dragapult, F|100/100
|-damage|p2a: Dragapult|88/100|[from] Stealth Rock
|turn|13
|c|☆penguinusa17|Fair enough
|
|t:|1779697830
|-terastallize|p2a: Dragapult|Fairy
|move|p1a: Kingambit|Sucker Punch|p2a: Dragapult
|-resisted|p2a: Dragapult
|-damage|p2a: Dragapult|51/100
|move|p2a: Dragapult|Flamethrower|p1a: Kingambit
|-supereffective|p1a: Kingambit
|-damage|p1a: Kingambit|0 fnt
|faint|p1a: Kingambit
|-end|p1a: Kingambit|fallen3|[silent]
|
|upkeep
|
|t:|1779697834
|switch|p1a: Gholdengo|Gholdengo|100/100
|-item|p1a: Gholdengo|Air Balloon
|turn|14
|
|t:|1779697844
|-terastallize|p1a: Gholdengo|Fighting
|move|p2a: Dragapult|Flamethrower|p1a: Gholdengo
|-damage|p1a: Gholdengo|59/100
|-enditem|p1a: Gholdengo|Air Balloon
|move|p1a: Gholdengo|Thunder Wave|p2a: Dragapult
|-status|p2a: Dragapult|par
|
|upkeep
|turn|15
|
|t:|1779697854
|move|p1a: Gholdengo|Hex|p2a: Dragapult
|-damage|p2a: Dragapult|0 fnt
|faint|p2a: Dragapult
|
|upkeep
|inactive|penguinusa17 has 120 seconds left.
|
|t:|1779697887
|switch|p2a: Kingambit|Kingambit, F|100/100
|-damage|p2a: Kingambit|94/100|[from] Stealth Rock
|-activate|p2a: Kingambit|ability: Supreme Overlord
|-start|p2a: Kingambit|fallen3|[silent]
|turn|16
|
|t:|1779697895
|move|p1a: Gholdengo|Focus Blast|p2a: Kingambit|[miss]
|-miss|p1a: Gholdengo|p2a: Kingambit
|move|p2a: Kingambit|Iron Head|p1a: Gholdengo
|-damage|p1a: Gholdengo|12/100
|
|-heal|p2a: Kingambit|100/100|[from] item: Leftovers
|upkeep
|turn|17
|
|t:|1779697905
|move|p1a: Gholdengo|Recover|p1a: Gholdengo
|-heal|p1a: Gholdengo|62/100
|move|p2a: Kingambit|Iron Head|p1a: Gholdengo
|-damage|p1a: Gholdengo|17/100
|
|upkeep
|turn|18
|
|t:|1779697911
|move|p1a: Gholdengo|Recover|p1a: Gholdengo
|-heal|p1a: Gholdengo|67/100
|move|p2a: Kingambit|Iron Head|p1a: Gholdengo
|-damage|p1a: Gholdengo|26/100
|
|upkeep
|turn|19
|
|t:|1779697918
|move|p1a: Gholdengo|Recover|p1a: Gholdengo
|-heal|p1a: Gholdengo|76/100
|move|p2a: Kingambit|Swords Dance|p2a: Kingambit
|-boost|p2a: Kingambit|atk|2
|
|upkeep
|turn|20
|c|☆penguinusa17|Lwk if u hit this I lose
|c|☆FP.//06|mathematically u cant be this lucky
|c|☆FP.//06|so im landing this
|c|☆penguinusa17|Lock in Gambit
|
|t:|1779697947
|move|p1a: Gholdengo|Focus Blast|p2a: Kingambit
|-supereffective|p2a: Kingambit
|-damage|p2a: Kingambit|0 fnt
|faint|p2a: Kingambit
|-end|p2a: Kingambit|fallen3|[silent]
|
|upkeep
|inactive|penguinusa17 has 120 seconds left.
|
|t:|1779697958
|switch|p2a: Tyranitar|Tyranitar, F|100/100
|-damage|p2a: Tyranitar|88/100|[from] Stealth Rock
|-weather|Sandstorm|[from] ability: Sand Stream|[of] p2a: Tyranitar
|turn|21
|inactive|penguinusa17 has 120 seconds left.
|
|t:|1779697969
|move|p1a: Gholdengo|Focus Blast|p2a: Tyranitar|[miss]
|-miss|p1a: Gholdengo|p2a: Tyranitar
|move|p2a: Tyranitar|Stone Edge|p1a: Gholdengo
|-resisted|p1a: Gholdengo
|-damage|p1a: Gholdengo|61/100
|
|-weather|Sandstorm|[upkeep]
|-damage|p1a: Gholdengo|55/100|[from] Sandstorm
|-heal|p2a: Tyranitar|94/100|[from] item: Leftovers
|upkeep
|turn|22
|c|☆penguinusa17|Interesting
|inactive|penguinusa17 has 120 seconds left.
|c|☆penguinusa17|I might be cooked
|
|t:|1779697984
|move|p1a: Gholdengo|Recover|p1a: Gholdengo
|-heal|p1a: Gholdengo|100/100
|move|p2a: Tyranitar|Knock Off|p1a: Gholdengo
|-resisted|p1a: Gholdengo
|-damage|p1a: Gholdengo|90/100
|
|-weather|Sandstorm|[upkeep]
|-damage|p1a: Gholdengo|84/100|[from] Sandstorm
|-heal|p2a: Tyranitar|100/100|[from] item: Leftovers
|upkeep
|turn|23
|inactive|penguinusa17 has 120 seconds left.
|
|t:|1779697994
|move|p1a: Gholdengo|Focus Blast|p2a: Tyranitar
|-supereffective|p2a: Tyranitar
|-damage|p2a: Tyranitar|10/100
|move|p2a: Tyranitar|Stone Edge|p1a: Gholdengo|[miss]
|-miss|p2a: Tyranitar|p1a: Gholdengo
|
|-weather|Sandstorm|[upkeep]
|-damage|p1a: Gholdengo|78/100|[from] Sandstorm
|-heal|p2a: Tyranitar|17/100|[from] item: Leftovers
|upkeep
|turn|24
|c|☆penguinusa17|Ggs
|inactive|penguinusa17 has 120 seconds left.
|c|☆FP.//06|gg
|-message|penguinusa17 forfeited.
|
|win|FP.//06
|raw|FP.&#x2f;&#x2f;06's rating: 1482 &rarr; <strong>1499</strong><br />(+17 for winning)
|raw|penguinusa17's rating: 1432 &rarr; <strong>1415</strong><br />(-17 for losing)
|l|☆penguinusa17
|player|p2|
|l|☆FP.//06
|player|p1|
