|j|☆downbadjj
|j|☆phap'a
|t:|1779641688
|gametype|singles
|player|p1|downbadjj|101|1094
|player|p2|phap'a|dawn|1184
|gen|9
|tier|[Gen 9] OU
|rated|
|rule|HP Percentage Mod: HP is shown in percentages
|rule|Endless Battle Clause: Forcing endless battles is banned
|rule|Species Clause: Limit one of each Pokémon
|rule|OHKO Clause: OHKO moves are banned
|rule|Evasion Items Clause: Evasion items are banned
|rule|Evasion Moves Clause: Evasion moves are banned
|rule|Evasion Abilities Clause: Evasion abilities are banned
|rule|Sleep Moves Clause: Sleep-inducing moves are banned
|clearpoke
|poke|p1|Dragonite, M|
|poke|p1|Gengar, F|
|poke|p1|Empoleon, F|
|poke|p1|Arcanine-Hisui, M|
|poke|p1|Glimmora, F|
|poke|p1|Luxray, M|
|poke|p2|Iron Treads|
|poke|p2|Samurott-Hisui, M|
|poke|p2|Iron Moth|
|poke|p2|Kyurem|
|poke|p2|Ting-Lu|
|poke|p2|Deoxys-Speed|
|teampreview
|inactive|Battle timer is ON: inactive players will automatically lose when time's up. (requested by phap'a)
|c|☆phap'a|GLHF
|
|t:|1779641701
|teamsize|p1|6
|teamsize|p2|6
|start
|switch|p1a: Empoleon|Empoleon, F, shiny|100/100
|switch|p2a: Deoxys|Deoxys-Speed|100/100
|-ability|p2a: Deoxys|Pressure
|turn|1
|c|☆downbadjj|GLHF
|
|t:|1779641712
|move|p2a: Deoxys|Thunder Wave|p1a: Empoleon
|-status|p1a: Empoleon|par
|move|p1a: Empoleon|Flash Cannon|p2a: Deoxys
|-damage|p2a: Deoxys|52/100
|
|upkeep
|turn|2
|
|t:|1779641720
|move|p2a: Deoxys|Light Screen|p2a: Deoxys
|-sidestart|p2: phap'a|move: Light Screen
|move|p1a: Empoleon|Flash Cannon|p2a: Deoxys
|-damage|p2a: Deoxys|26/100
|
|upkeep
|turn|3
|
|t:|1779641724
|move|p2a: Deoxys|Reflect|p2a: Deoxys
|-sidestart|p2: phap'a|Reflect
|move|p1a: Empoleon|Surf|p2a: Deoxys
|-damage|p2a: Deoxys|0 fnt
|faint|p2a: Deoxys
|
|upkeep
|
|t:|1779641735
|switch|p2a: Kyurem|Kyurem|100/100
|-ability|p2a: Kyurem|Pressure
|turn|4
|
|t:|1779641742
|move|p2a: Kyurem|Earth Power|p1a: Empoleon
|-supereffective|p1a: Empoleon
|-damage|p1a: Empoleon|68/100 par
|move|p1a: Empoleon|Flash Cannon|p2a: Kyurem
|-supereffective|p2a: Kyurem
|-damage|p2a: Kyurem|64/100
|
|upkeep
|turn|5
|
|t:|1779641755
|switch|p2a: Ting-Lu|Ting-Lu|100/100
|-ability|p2a: Ting-Lu|Vessel of Ruin
|switch|p1a: Gengar|Gengar, F, shiny|100/100
|
|upkeep
|turn|6
|
|t:|1779641762
|move|p1a: Gengar|Will-O-Wisp|p2a: Ting-Lu|[miss]
|-miss|p1a: Gengar|p2a: Ting-Lu
|move|p2a: Ting-Lu|Ruination|p1a: Gengar
|-damage|p1a: Gengar|51/100
|-start|p2a: Ting-Lu|Disable|Ruination|[from] ability: Cursed Body|[of] p1a: Gengar
|
|-heal|p1a: Gengar|57/100|[from] item: Black Sludge
|upkeep
|turn|7
|
|t:|1779641766
|switch|p2a: Iron Moth|Iron Moth|100/100
|-enditem|p2a: Iron Moth|Booster Energy
|-activate|p2a: Iron Moth|ability: Quark Drive|[fromitem]
|-start|p2a: Iron Moth|quarkdrivespa
|move|p1a: Gengar|Will-O-Wisp|p2a: Iron Moth
|-immune|p2a: Iron Moth
|
|-heal|p1a: Gengar|63/100|[from] item: Black Sludge
|upkeep
|turn|8
|
|t:|1779641777
|move|p2a: Iron Moth|Fiery Dance|p1a: Gengar
|-damage|p1a: Gengar|0 fnt
|-boost|p2a: Iron Moth|spa|1
|faint|p1a: Gengar
|
|upkeep
|
|t:|1779641782
|switch|p1a: Glimmora|Glimmora, F|100/100
|turn|9
|
|t:|1779641792
|-end|p2a: Iron Moth|Quark Drive|[silent]
|switch|p2a: Ting-Lu|Ting-Lu|100/100
|-ability|p2a: Ting-Lu|Vessel of Ruin
|move|p1a: Glimmora|Power Gem|p2a: Ting-Lu
|-resisted|p2a: Ting-Lu
|-damage|p2a: Ting-Lu|96/100
|
|-sideend|p2: phap'a|move: Light Screen
|upkeep
|turn|10
|
|t:|1779641803
|move|p1a: Glimmora|Spikes|p2a: Ting-Lu
|-sidestart|p2: phap'a|Spikes
|move|p2a: Ting-Lu|Earthquake|p1a: Glimmora
|-supereffective|p1a: Glimmora
|-damage|p1a: Glimmora|0 fnt
|-activate|p1a: Glimmora|ability: Toxic Debris
|-sidestart|p2: phap'a|move: Toxic Spikes
|faint|p1a: Glimmora
|
|-sideend|p2: phap'a|Reflect
|upkeep
|
|t:|1779641812
|switch|p1a: Arcanine|Arcanine-Hisui, M, shiny|100/100
|turn|11
|
|t:|1779641820
|move|p1a: Arcanine|Flare Blitz|p2a: Ting-Lu
|-damage|p2a: Ting-Lu|63/100
|-damage|p1a: Arcanine|84/100|[from] item: Rocky Helmet|[of] p2a: Ting-Lu
|move|p2a: Ting-Lu|Earthquake|p1a: Arcanine
|-supereffective|p1a: Arcanine
|-damage|p1a: Arcanine|0 fnt
|faint|p1a: Arcanine
|
|upkeep
|
|t:|1779641826
|switch|p1a: Empoleon|Empoleon, F, shiny|68/100 par
|turn|12
|
|t:|1779641828
|-terastallize|p1a: Empoleon|Water
|move|p2a: Ting-Lu|Earthquake|p1a: Empoleon
|-damage|p1a: Empoleon|13/100 par
|cant|p1a: Empoleon|par
|
|upkeep
|turn|13
|c|☆downbadjj|gg
|c|☆phap'a|sorry not sorry
|c|☆phap'a|GGWP
|
|t:|1779641844
|switch|p1a: Dragonite|Dragonite, M, shiny|100/100
|move|p2a: Ting-Lu|Earthquake|p1a: Dragonite
|-immune|p1a: Dragonite
|
|upkeep
|turn|14
|
|t:|1779641852
|move|p1a: Dragonite|Dragon Dance|p1a: Dragonite
|-boost|p1a: Dragonite|atk|1
|-boost|p1a: Dragonite|spe|1
|move|p2a: Ting-Lu|Ruination|p1a: Dragonite
|-damage|p1a: Dragonite|51/100
|
|upkeep
|turn|15
|
|t:|1779641857
|move|p1a: Dragonite|Scale Shot|p2a: Ting-Lu|[miss]
|-miss|p1a: Dragonite|p2a: Ting-Lu
|move|p2a: Ting-Lu|Whirlwind|p1a: Dragonite
|drag|p1a: Luxray|Luxray, M, shiny|100/100
|
|-status|p1a: Luxray|brn|[from] item: Flame Orb
|upkeep
|turn|16
|
|t:|1779641866
|move|p1a: Luxray|Facade|p2a: Ting-Lu
|-crit|p2a: Ting-Lu
|-damage|p2a: Ting-Lu|10/100
|-damage|p1a: Luxray|84/100 brn|[from] item: Rocky Helmet|[of] p2a: Ting-Lu
|move|p2a: Ting-Lu|Ruination|p1a: Luxray
|-damage|p1a: Luxray|42/100 brn
|
|-damage|p1a: Luxray|36/100 brn|[from] brn
|upkeep
|turn|17
|
|t:|1779641874
|move|p1a: Luxray|Facade|p2a: Ting-Lu
|-damage|p2a: Ting-Lu|0 fnt
|-damage|p1a: Luxray|20/100 brn|[from] item: Rocky Helmet|[of] p2a: Ting-Lu
|faint|p2a: Ting-Lu
|
|-damage|p1a: Luxray|14/100 brn|[from] brn
|upkeep
|
|t:|1779641880
|switch|p2a: Iron Treads|Iron Treads|100/100
|-damage|p2a: Iron Treads|88/100|[from] Spikes
|-enditem|p2a: Iron Treads|Booster Energy
|-activate|p2a: Iron Treads|ability: Quark Drive|[fromitem]
|-start|p2a: Iron Treads|quarkdrivespe
|turn|18
|
|t:|1779641885
|move|p2a: Iron Treads|Rapid Spin|p1a: Luxray
|-damage|p1a: Luxray|0 fnt
|-boost|p2a: Iron Treads|spe|1
|-sideend|p2: phap'a|Spikes|[from] move: Rapid Spin|[of] p2a: Iron Treads
|-sideend|p2: phap'a|Toxic Spikes|[from] move: Rapid Spin|[of] p2a: Iron Treads
|faint|p1a: Luxray
|
|upkeep
|
|t:|1779641890
|switch|p1a: Dragonite|Dragonite, M, shiny|51/100
|turn|19
|
|t:|1779641894
|move|p2a: Iron Treads|Iron Head|p1a: Dragonite
|-damage|p1a: Dragonite|13/100
|move|p1a: Dragonite|Dragon Dance|p1a: Dragonite
|-boost|p1a: Dragonite|atk|1
|-boost|p1a: Dragonite|spe|1
|
|upkeep
|turn|20
|
|t:|1779641902
|move|p1a: Dragonite|Extreme Speed|p2a: Iron Treads
|-resisted|p2a: Iron Treads
|-damage|p2a: Iron Treads|68/100
|move|p2a: Iron Treads|Iron Head|p1a: Dragonite
|-damage|p1a: Dragonite|0 fnt
|faint|p1a: Dragonite
|
|upkeep
|
|t:|1779641907
|switch|p1a: Empoleon|Empoleon, F, shiny, tera:Water|13/100 par
|turn|21
|c|☆phap'a|i will admit
|c|☆phap'a|this game favored me RNG wise
|c|☆phap'a|i was lucky
|
|t:|1779641930
|move|p2a: Iron Treads|Iron Head|p1a: Empoleon
|-resisted|p1a: Empoleon
|-damage|p1a: Empoleon|0 fnt
|faint|p1a: Empoleon
|
|win|phap'a
|raw|downbadjj's rating: 1094 &rarr; <strong>1076</strong><br />(-18 for losing)
|raw|phap&apos;a's rating: 1184 &rarr; <strong>1203</strong><br />(+19 for winning)
|c|☆phap'a|take care
|c|☆downbadjj|you to
