|j|☆chancha12suizo
|j|☆sorared
|t:|1779560302
|gametype|singles
|player|p1|chancha12suizo|marshal|1447
|player|p2|sorared|rosa|1427
|gen|9
|tier|[Gen 9] OU
|rated|
|rule|HP Percentage Mod: HP is shown in percentages
|rule|Endless Battle Clause: Forcing endless battles is banned
|rule|Species Clause: Limit one of each Pokémon
|rule|OHKO Clause: OHKO moves are banned
|rule|Evasion Items Clause: Evasion items are banned
|rule|Evasion Moves Clause: Evasion moves are banned
|rule|Evasion Abilities Clause: Evasion abilities are banned
|rule|Sleep Moves Clause: Sleep-inducing moves are banned
|clearpoke
|poke|p1|Clefable, M|
|poke|p1|Darkrai|
|poke|p1|Gliscor, M|
|poke|p1|Heatran, F|
|poke|p1|Pecharunt|
|poke|p1|Keldeo-Resolute|
|poke|p2|Meowscarada, M|
|poke|p2|Dragapult, M|
|poke|p2|Iron Moth|
|poke|p2|Greninja-*, M|
|poke|p2|Iron Treads|
|poke|p2|Flygon, F|
|teampreview
|inactive|Battle timer is ON: inactive players will automatically lose when time's up. (requested by chancha12suizo)
|inactive|chancha12suizo has 120 seconds left.
|
|t:|1779560337
|teamsize|p1|6
|teamsize|p2|6
|start
|switch|p1a: Heatran|Heatran, F|100/100
|switch|p2a: Flygon|Flygon, F|100/100
|-item|p1a: Heatran|Air Balloon
|turn|1
|
|t:|1779560352
|switch|p2a: Iron Treads|Iron Treads|100/100
|-enditem|p2a: Iron Treads|Booster Energy
|-activate|p2a: Iron Treads|ability: Quark Drive|[fromitem]
|-start|p2a: Iron Treads|quarkdriveatk
|switch|p1a: Clefable|Clefable, M|100/100
|
|upkeep
|turn|2
|inactive|chancha12suizo has 120 seconds left.
|
|t:|1779560384
|-terastallize|p1a: Clefable|Fire
|move|p2a: Iron Treads|Rapid Spin|p1a: Clefable
|-damage|p1a: Clefable|76/100
|-boost|p2a: Iron Treads|spe|1
|move|p1a: Clefable|Flamethrower|p2a: Iron Treads
|-supereffective|p2a: Iron Treads
|-damage|p2a: Iron Treads|0 fnt
|faint|p2a: Iron Treads
|-end|p2a: Iron Treads|Quark Drive|[silent]
|
|upkeep
|
|t:|1779560402
|switch|p2a: Greninja|Greninja, M|100/100
|turn|3
|
|t:|1779560409
|switch|p1a: Keldeo|Keldeo-Resolute|100/100
|move|p2a: Greninja|Surf|p1a: Keldeo
|-resisted|p1a: Keldeo
|-damage|p1a: Keldeo|70/100
|-damage|p2a: Greninja|91/100|[from] item: Life Orb
|
|upkeep
|turn|4
|
|t:|1779560428
|switch|p2a: Meowscarada|Meowscarada, M|100/100
|move|p1a: Keldeo|Flip Turn|p2a: Meowscarada
|-resisted|p2a: Meowscarada
|-damage|p2a: Meowscarada|90/100
|inactive|chancha12suizo has 120 seconds left.
|
|t:|1779560450
|switch|p1a: Heatran|Heatran, F|100/100|[from] Flip Turn
|-item|p1a: Heatran|Air Balloon
|
|upkeep
|turn|5
|
|t:|1779560479
|move|p2a: Meowscarada|Knock Off|p1a: Heatran
|-start|p2a: Meowscarada|typechange|Dark|[from] ability: Protean
|-damage|p1a: Heatran|53/100
|-enditem|p1a: Heatran|Air Balloon
|-damage|p2a: Meowscarada|80/100|[from] item: Life Orb
|move|p1a: Heatran|Lava Plume|p2a: Meowscarada
|-damage|p2a: Meowscarada|9/100
|
|upkeep
|turn|6
|
|t:|1779560488
|move|p2a: Meowscarada|Knock Off|p1a: Heatran
|-damage|p1a: Heatran|21/100
|-damage|p2a: Meowscarada|0 fnt|[from] item: Life Orb
|faint|p2a: Meowscarada
|move|p1a: Heatran|Stealth Rock|p2: Meowscarada
|-sidestart|p2: sorared|move: Stealth Rock
|
|upkeep
|inactive|sorared has 120 seconds left.
|
|t:|1779560506
|switch|p2a: Flygon|Flygon, F|100/100
|-damage|p2a: Flygon|95/100|[from] Stealth Rock
|turn|7
|inactive|chancha12suizo has 120 seconds left.
|
|t:|1779560535
|switch|p1a: Pecharunt|Pecharunt|100/100
|move|p2a: Flygon|Dragon Dance|p2a: Flygon
|-boost|p2a: Flygon|atk|1
|-boost|p2a: Flygon|spe|1
|
|upkeep
|turn|8
|
|t:|1779560541
|move|p2a: Flygon|Earthquake|p1a: Pecharunt
|-supereffective|p1a: Pecharunt
|-damage|p1a: Pecharunt|28/100
|-damage|p2a: Flygon|85/100|[from] item: Life Orb
|move|p1a: Pecharunt|Parting Shot|p2a: Flygon
|-unboost|p2a: Flygon|atk|1
|-unboost|p2a: Flygon|spa|1
|inactive|chancha12suizo has 120 seconds left.
|
|t:|1779560565
|switch|p1a: Keldeo|Keldeo-Resolute|70/100|[from] Parting Shot
|
|upkeep
|turn|9
|
|t:|1779560569
|move|p2a: Flygon|Outrage|p1a: Keldeo
|-damage|p1a: Keldeo|0 fnt
|faint|p1a: Keldeo
|-damage|p2a: Flygon|75/100|[from] item: Life Orb
|
|upkeep
|inactive|chancha12suizo has 120 seconds left.
|
|t:|1779560588
|switch|p1a: Gliscor|Gliscor, M|100/100
|turn|10
|
|t:|1779560595
|move|p2a: Flygon|Outrage|p1a: Gliscor|[from] lockedmove
|-damage|p1a: Gliscor|49/100
|-damage|p2a: Flygon|65/100|[from] item: Life Orb
|move|p1a: Gliscor|Spikes|p2a: Flygon
|-sidestart|p2: sorared|Spikes
|
|-status|p1a: Gliscor|tox|[from] item: Toxic Orb
|upkeep
|turn|11
|inactive|chancha12suizo has 120 seconds left.
|
|t:|1779560601
|move|p1a: Gliscor|Protect|p1a: Gliscor
|-singleturn|p1a: Gliscor|Protect
|move|p2a: Flygon|Outrage|p1a: Gliscor|[from] lockedmove
|-activate|p1a: Gliscor|move: Protect
|-start|p2a: Flygon|confusion|[fatigue]
|
|-heal|p1a: Gliscor|62/100 tox|[from] ability: Poison Heal
|upkeep
|turn|12
|
|t:|1779560610
|-activate|p2a: Flygon|confusion
|-damage|p2a: Flygon|49/100|[from] confusion
|move|p1a: Gliscor|Spikes|p2a: Flygon
|-sidestart|p2: sorared|Spikes
|
|-heal|p1a: Gliscor|74/100 tox|[from] ability: Poison Heal
|upkeep
|turn|13
|
|t:|1779560624
|switch|p2a: Greninja|Greninja, M|91/100
|-damage|p2a: Greninja|78/100|[from] Stealth Rock
|-damage|p2a: Greninja|62/100|[from] Spikes
|switch|p1a: Pecharunt|Pecharunt|28/100
|
|upkeep
|turn|14
|inactive|chancha12suizo has 120 seconds left.
|
|t:|1779560650
|move|p2a: Greninja|Dark Pulse|p1a: Pecharunt
|-supereffective|p1a: Pecharunt
|-damage|p1a: Pecharunt|0 fnt
|faint|p1a: Pecharunt
|-ability|p2a: Greninja|Battle Bond|boost
|-boost|p2a: Greninja|atk|1
|-boost|p2a: Greninja|spa|1
|-boost|p2a: Greninja|spe|1
|-activate|p2a: Greninja|ability: Battle Bond
|-damage|p2a: Greninja|52/100|[from] item: Life Orb
|
|upkeep
|
|t:|1779560654
|switch|p1a: Darkrai|Darkrai|100/100
|turn|15
|
|t:|1779560662
|-terastallize|p2a: Greninja|Water
|move|p2a: Greninja|Surf|p1a: Darkrai
|-damage|p1a: Darkrai|0 fnt
|faint|p1a: Darkrai
|-damage|p2a: Greninja|42/100|[from] item: Life Orb
|
|upkeep
|-message|chancha12suizo forfeited.
|
|win|sorared
|raw|chancha12suizo's rating: 1447 &rarr; <strong>1426</strong><br />(-21 for losing)
|raw|sorared's rating: 1427 &rarr; <strong>1448</strong><br />(+21 for winning)
|l|☆chancha12suizo
|player|p1|
|l|☆sorared
|player|p2|
