|j|☆MousesYeah
|j|☆Exeggy
|t:|1779668602
|gametype|singles
|player|p1|MousesYeah|lass-gen4dp|1100
|player|p2|Exeggy|2|1159
|gen|9
|tier|[Gen 9] OU
|rated|
|rule|HP Percentage Mod: HP is shown in percentages
|rule|Endless Battle Clause: Forcing endless battles is banned
|rule|Species Clause: Limit one of each Pokémon
|rule|OHKO Clause: OHKO moves are banned
|rule|Evasion Items Clause: Evasion items are banned
|rule|Evasion Moves Clause: Evasion moves are banned
|rule|Evasion Abilities Clause: Evasion abilities are banned
|rule|Sleep Moves Clause: Sleep-inducing moves are banned
|clearpoke
|poke|p1|Landorus-Therian, M|
|poke|p1|Weavile, F|
|poke|p1|Fezandipiti, M|
|poke|p1|Slowking-Galar, M|
|poke|p1|Blaziken, F|
|poke|p1|Thundurus-Therian, M|
|poke|p2|Dragonite, F|
|poke|p2|Clefable, F|
|poke|p2|Moltres|
|poke|p2|Chansey, F|
|poke|p2|Hitmonchan, M|
|poke|p2|Gengar, F|
|teampreview
|inactive|Battle timer is ON: inactive players will automatically lose when time's up. (requested by Exeggy)
|
|t:|1779668609
|teamsize|p1|6
|teamsize|p2|6
|start
|switch|p1a: Weavile|Weavile, F|100/100
|switch|p2a: Hitmonchan|Hitmonchan, M|100/100
|-ability|p1a: Weavile|Pressure
|turn|1
|
|t:|1779668619
|switch|p1a: Landorus|Landorus-Therian, M|100/100
|-ability|p1a: Landorus|Intimidate|boost
|-unboost|p2a: Hitmonchan|atk|1
|move|p2a: Hitmonchan|Drain Punch|p1a: Landorus
|-resisted|p1a: Landorus
|-damage|p1a: Landorus|88/100
|-damage|p2a: Hitmonchan|84/100|[from] item: Rocky Helmet|[of] p1a: Landorus
|
|upkeep
|turn|2
|
|t:|1779668629
|move|p1a: Landorus|Stealth Rock|p2a: Hitmonchan
|-sidestart|p2: Exeggy|move: Stealth Rock
|move|p2a: Hitmonchan|Ice Punch|p1a: Landorus
|-supereffective|p1a: Landorus
|-damage|p1a: Landorus|22/100
|-damage|p2a: Hitmonchan|68/100|[from] item: Rocky Helmet|[of] p1a: Landorus
|
|upkeep
|turn|3
|
|t:|1779668638
|switch|p1a: Blaziken|Blaziken, F|100/100
|move|p2a: Hitmonchan|Rapid Spin|p1a: Blaziken
|-damage|p1a: Blaziken|88/100
|-boost|p2a: Hitmonchan|spe|1
|-sideend|p2: Exeggy|Stealth Rock|[from] move: Rapid Spin|[of] p2a: Hitmonchan
|
|upkeep
|turn|4
|
|t:|1779668649
|move|p1a: Blaziken|Protect|p1a: Blaziken
|-singleturn|p1a: Blaziken|Protect
|move|p2a: Hitmonchan|Drain Punch|p1a: Blaziken
|-activate|p1a: Blaziken|move: Protect
|
|-ability|p1a: Blaziken|Speed Boost|boost
|-boost|p1a: Blaziken|spe|1
|upkeep
|turn|5
|
|t:|1779668658
|move|p1a: Blaziken|Close Combat|p2a: Hitmonchan
|-damage|p2a: Hitmonchan|0 fnt
|-unboost|p1a: Blaziken|def|1
|-unboost|p1a: Blaziken|spd|1
|faint|p2a: Hitmonchan
|
|-ability|p1a: Blaziken|Speed Boost|boost
|-boost|p1a: Blaziken|spe|1
|upkeep
|
|t:|1779668664
|switch|p2a: Moltres|Moltres|100/100
|turn|6
|
|t:|1779668674
|switch|p1a: Slowking|Slowking-Galar, M|100/100
|move|p2a: Moltres|Roar|p1a: Slowking
|drag|p1a: Weavile|Weavile, F|100/100
|-ability|p1a: Weavile|Pressure
|
|upkeep
|turn|7
|
|t:|1779668687
|switch|p1a: Slowking|Slowking-Galar, M|100/100
|move|p2a: Moltres|U-turn|p1a: Slowking
|-damage|p1a: Slowking|86/100
|
|t:|1779668698
|switch|p2a: Gengar|Gengar, F|100/100|[from] U-turn
|
|-heal|p1a: Slowking|92/100|[from] item: Leftovers
|upkeep
|turn|8
|
|t:|1779668715
|move|p1a: Slowking|Protect|p1a: Slowking
|-singleturn|p1a: Slowking|Protect
|move|p2a: Gengar|Shadow Ball|p1a: Slowking
|-activate|p1a: Slowking|move: Protect
|
|-heal|p1a: Slowking|98/100|[from] item: Leftovers
|upkeep
|turn|9
|
|t:|1779668724
|switch|p1a: Weavile|Weavile, F|100/100
|-ability|p1a: Weavile|Pressure
|move|p2a: Gengar|Encore||[still]
|-fail|p2a: Gengar
|
|upkeep
|turn|10
|
|t:|1779668732
|switch|p2a: Moltres|Moltres|100/100
|move|p1a: Weavile|Swords Dance|p1a: Weavile
|-boost|p1a: Weavile|atk|2
|
|upkeep
|turn|11
|
|t:|1779668749
|switch|p1a: Thundurus|Thundurus-Therian, M|100/100
|move|p2a: Moltres|Flamethrower|p1a: Thundurus
|-damage|p1a: Thundurus|51/100
|
|upkeep
|turn|12
|
|t:|1779668763
|switch|p2a: Chansey|Chansey, F|100/100
|move|p1a: Thundurus|Thunderbolt|p2a: Chansey
|-damage|p2a: Chansey|85/100
|
|upkeep
|turn|13
|
|t:|1779668777
|switch|p1a: Landorus|Landorus-Therian, M|22/100
|-ability|p1a: Landorus|Intimidate|boost
|-unboost|p2a: Chansey|atk|1
|move|p2a: Chansey|Seismic Toss|p1a: Landorus
|-damage|p1a: Landorus|0 fnt
|-damage|p2a: Chansey|68/100|[from] item: Rocky Helmet|[of] p1a: Landorus
|faint|p1a: Landorus
|
|upkeep
|
|t:|1779668793
|switch|p1a: Blaziken|Blaziken, F|88/100
|turn|14
|
|t:|1779668802
|move|p1a: Blaziken|Swords Dance|p1a: Blaziken
|-boost|p1a: Blaziken|atk|2
|move|p2a: Chansey|Thunder Wave|p1a: Blaziken|[miss]
|-miss|p2a: Chansey|p1a: Blaziken
|
|-ability|p1a: Blaziken|Speed Boost|boost
|-boost|p1a: Blaziken|spe|1
|upkeep
|turn|15
|
|t:|1779668811
|switch|p2a: Moltres|Moltres|100/100
|move|p1a: Blaziken|Close Combat|p2a: Moltres
|-resisted|p2a: Moltres
|-damage|p2a: Moltres|54/100
|-unboost|p1a: Blaziken|def|1
|-unboost|p1a: Blaziken|spd|1
|
|-ability|p1a: Blaziken|Speed Boost|boost
|-boost|p1a: Blaziken|spe|1
|upkeep
|turn|16
|
|t:|1779668831
|switch|p1a: Slowking|Slowking-Galar, M|100/100
|move|p2a: Moltres|Roost|p2a: Moltres
|-heal|p2a: Moltres|100/100
|-singleturn|p2a: Moltres|move: Roost
|
|upkeep
|turn|17
|
|t:|1779668840
|move|p2a: Moltres|U-turn|p1a: Slowking
|-damage|p1a: Slowking|85/100
|
|t:|1779668844
|switch|p2a: Chansey|Chansey, F|68/100|[from] U-turn
|move|p1a: Slowking|Toxic|p2a: Chansey
|-status|p2a: Chansey|tox
|
|-heal|p1a: Slowking|91/100|[from] item: Leftovers
|-damage|p2a: Chansey|62/100 tox|[from] psn
|upkeep
|turn|18
|
|t:|1779668856
|move|p2a: Chansey|Stealth Rock|p1a: Slowking
|-sidestart|p1: MousesYeah|move: Stealth Rock
|move|p1a: Slowking|Future Sight|p2a: Chansey
|-start|p1a: Slowking|move: Future Sight
|
|-heal|p1a: Slowking|97/100|[from] item: Leftovers
|-damage|p2a: Chansey|50/100 tox|[from] psn
|upkeep
|turn|19
|
|t:|1779668872
|switch|p1a: Fezandipiti|Fezandipiti, M|100/100
|-damage|p1a: Fezandipiti|88/100|[from] Stealth Rock
|move|p2a: Chansey|Soft-Boiled|p2a: Chansey
|-heal|p2a: Chansey|99/100 tox
|
|-damage|p2a: Chansey|82/100 tox|[from] psn
|upkeep
|turn|20
|
|t:|1779668885
|-curestatus|p2a: Chansey|tox|[from] ability: Natural Cure|[silent]
|switch|p2a: Gengar|Gengar, F|100/100
|move|p1a: Fezandipiti|Play Rough|p2a: Gengar
|-resisted|p2a: Gengar
|-damage|p2a: Gengar|60/100
|
|-end|p2a: Gengar|move: Future Sight
|-supereffective|p2a: Gengar
|-damage|p2a: Gengar|0 fnt
|faint|p2a: Gengar
|upkeep
|
|t:|1779668897
|switch|p2a: Moltres|Moltres|100/100
|turn|21
|
|t:|1779668907
|switch|p1a: Slowking|Slowking-Galar, M|100/100
|-damage|p1a: Slowking|88/100|[from] Stealth Rock
|move|p2a: Moltres|Flamethrower|p1a: Slowking
|-damage|p1a: Slowking|66/100
|
|-heal|p1a: Slowking|73/100|[from] item: Leftovers
|upkeep
|turn|22
|
|t:|1779668919
|move|p2a: Moltres|U-turn|p1a: Slowking
|-damage|p1a: Slowking|58/100
|
|t:|1779668928
|switch|p2a: Chansey|Chansey, F|82/100|[from] U-turn
|move|p1a: Slowking|Future Sight|p2a: Chansey
|-start|p1a: Slowking|move: Future Sight
|
|-heal|p1a: Slowking|64/100|[from] item: Leftovers
|upkeep
|turn|23
|
|t:|1779668946
|switch|p1a: Blaziken|Blaziken, F|88/100
|move|p2a: Chansey|Thunder Wave|p1a: Blaziken
|-status|p1a: Blaziken|par
|
|upkeep
|turn|24
|
|t:|1779668956
|switch|p2a: Moltres|Moltres|100/100
|move|p1a: Blaziken|Swords Dance|p1a: Blaziken
|-boost|p1a: Blaziken|atk|2
|
|-end|p2a: Moltres|move: Future Sight
|-damage|p2a: Moltres|54/100
|-ability|p1a: Blaziken|Speed Boost|boost
|-boost|p1a: Blaziken|spe|1
|upkeep
|turn|25
|
|t:|1779668968
|move|p2a: Moltres|Roost|p2a: Moltres
|-heal|p2a: Moltres|100/100
|-singleturn|p2a: Moltres|move: Roost
|move|p1a: Blaziken|Close Combat|p2a: Moltres
|-damage|p2a: Moltres|6/100
|-unboost|p1a: Blaziken|def|1
|-unboost|p1a: Blaziken|spd|1
|
|-ability|p1a: Blaziken|Speed Boost|boost
|-boost|p1a: Blaziken|spe|1
|upkeep
|turn|26
|
|t:|1779668982
|move|p1a: Blaziken|Close Combat|p2a: Moltres
|-resisted|p2a: Moltres
|-crit|p2a: Moltres
|-damage|p2a: Moltres|0 fnt
|-unboost|p1a: Blaziken|def|1
|-unboost|p1a: Blaziken|spd|1
|faint|p2a: Moltres
|
|-ability|p1a: Blaziken|Speed Boost|boost
|-boost|p1a: Blaziken|spe|1
|upkeep
|
|t:|1779668985
|switch|p2a: Dragonite|Dragonite, F|100/100
|turn|27
|
|t:|1779668997
|move|p1a: Blaziken|Close Combat|p2a: Dragonite
|-resisted|p2a: Dragonite
|-damage|p2a: Dragonite|63/100
|-unboost|p1a: Blaziken|def|1
|-unboost|p1a: Blaziken|spd|1
|move|p2a: Dragonite|Dragon Dance|p2a: Dragonite
|-boost|p2a: Dragonite|atk|1
|-boost|p2a: Dragonite|spe|1
|
|-ability|p1a: Blaziken|Speed Boost|boost
|-boost|p1a: Blaziken|spe|1
|upkeep
|turn|28
|
|t:|1779669009
|switch|p1a: Slowking|Slowking-Galar, M|97/100
|-damage|p1a: Slowking|85/100|[from] Stealth Rock
|move|p2a: Dragonite|Extreme Speed|p1a: Slowking
|-damage|p1a: Slowking|32/100
|
|-heal|p1a: Slowking|38/100|[from] item: Leftovers
|upkeep
|turn|29
|
|t:|1779669025
|switch|p1a: Thundurus|Thundurus-Therian, M|51/100
|-terastallize|p2a: Dragonite|Normal
|move|p2a: Dragonite|Extreme Speed|p1a: Thundurus
|-damage|p1a: Thundurus|0 fnt
|faint|p1a: Thundurus
|
|upkeep
|
|t:|1779669043
|switch|p1a: Slowking|Slowking-Galar, M|71/100
|-damage|p1a: Slowking|59/100|[from] Stealth Rock
|turn|30
|
|t:|1779669049
|move|p2a: Dragonite|Earthquake|p1a: Slowking
|-supereffective|p1a: Slowking
|-damage|p1a: Slowking|0 fnt
|faint|p1a: Slowking
|
|upkeep
|
|t:|1779669055
|switch|p1a: Weavile|Weavile, F|100/100
|-damage|p1a: Weavile|76/100|[from] Stealth Rock
|-ability|p1a: Weavile|Pressure
|turn|31
|
|t:|1779669065
|move|p2a: Dragonite|Extreme Speed|p1a: Weavile
|-damage|p1a: Weavile|0 fnt
|faint|p1a: Weavile
|
|upkeep
|
|t:|1779669071
|switch|p1a: Fezandipiti|Fezandipiti, M|88/100
|-damage|p1a: Fezandipiti|76/100|[from] Stealth Rock
|turn|32
|
|t:|1779669076
|move|p2a: Dragonite|Earthquake|p1a: Fezandipiti
|-supereffective|p1a: Fezandipiti
|-damage|p1a: Fezandipiti|0 fnt
|faint|p1a: Fezandipiti
|
|upkeep
|
|t:|1779669082
|switch|p1a: Blaziken|Blaziken, F|88/100 par
|turn|33
|
|t:|1779669094
|move|p2a: Dragonite|Earthquake|p1a: Blaziken
|-supereffective|p1a: Blaziken
|-damage|p1a: Blaziken|0 fnt
|faint|p1a: Blaziken
|
|win|Exeggy
|raw|MousesYeah's rating: 1100 &rarr; <strong>1079</strong><br />(-21 for losing)
|raw|Exeggy's rating: 1159 &rarr; <strong>1180</strong><br />(+21 for winning)
|l|☆MousesYeah
|player|p1|
|l|☆Exeggy
|player|p2|
