|j|☆its.kirubel
|j|☆Nonchalant_Chef
|t:|1779675518
|gametype|singles
|player|p1|its.kirubel|iris-gen5bw2|1203
|player|p2|Nonchalant_Chef|waiter-gen4dp|1174
|gen|9
|tier|[Gen 9] OU
|rated|
|rule|HP Percentage Mod: HP is shown in percentages
|rule|Endless Battle Clause: Forcing endless battles is banned
|rule|Species Clause: Limit one of each Pokémon
|rule|OHKO Clause: OHKO moves are banned
|rule|Evasion Items Clause: Evasion items are banned
|rule|Evasion Moves Clause: Evasion moves are banned
|rule|Evasion Abilities Clause: Evasion abilities are banned
|rule|Sleep Moves Clause: Sleep-inducing moves are banned
|clearpoke
|poke|p1|Dragapult, F|
|poke|p1|Gliscor, F|
|poke|p1|Ogerpon-Wellspring, F|
|poke|p1|Iron Crown|
|poke|p1|Ting-Lu|
|poke|p1|Kingambit, M|
|poke|p2|Piloswine, F|
|poke|p2|Gengar, F|
|poke|p2|Falinks|
|poke|p2|Electrode-Hisui|
|poke|p2|Basculin-White-Striped, F|
|poke|p2|Ambipom, F|
|teampreview
|inactive|Battle timer is ON: inactive players will automatically lose when time's up. (requested by Nonchalant_Chef)
|
|t:|1779675533
|teamsize|p1|6
|teamsize|p2|6
|start
|switch|p1a: Ting-Lu|Ting-Lu|100/100
|switch|p2a: Ambipom|Ambipom, F|100/100
|-ability|p1a: Ting-Lu|Vessel of Ruin
|turn|1
|
|t:|1779675540
|switch|p1a: Dragapult|Dragapult, F|100/100
|move|p2a: Ambipom|Nasty Plot|p2a: Ambipom
|-boost|p2a: Ambipom|spa|2
|
|upkeep
|turn|2
|
|t:|1779675554
|move|p1a: Dragapult|Dragon Darts|p2a: Ambipom
|-damage|p2a: Ambipom|66/100
|-anim|p1a: Dragapult|Dragon Darts|p2a: Ambipom
|-damage|p2a: Ambipom|33/100
|move|p2a: Ambipom|Mud Shot|p1a: Dragapult
|-damage|p1a: Dragapult|35/100
|-unboost|p1a: Dragapult|spe|1
|-damage|p2a: Ambipom|23/100|[from] item: Life Orb
|
|upkeep
|turn|3
|
|t:|1779675564
|switch|p1a: Ting-Lu|Ting-Lu|100/100
|-ability|p1a: Ting-Lu|Vessel of Ruin
|move|p2a: Ambipom|Mud Shot|p1a: Ting-Lu
|-damage|p1a: Ting-Lu|75/100
|-unboost|p1a: Ting-Lu|spe|1
|-damage|p2a: Ambipom|13/100|[from] item: Life Orb
|
|upkeep
|turn|4
|
|t:|1779675579
|move|p2a: Ambipom|Water Pulse|p1a: Ting-Lu
|-supereffective|p1a: Ting-Lu
|-damage|p1a: Ting-Lu|27/100
|-damage|p2a: Ambipom|3/100|[from] item: Life Orb
|move|p1a: Ting-Lu|Heavy Slam|p2a: Ambipom
|-damage|p2a: Ambipom|0 fnt
|faint|p2a: Ambipom
|
|upkeep
|
|t:|1779675591
|switch|p2a: Basculin|Basculin-White-Striped, F|100/100
|turn|5
|
|t:|1779675603
|move|p2a: Basculin|Flip Turn|p1a: Ting-Lu
|-supereffective|p1a: Ting-Lu
|-crit|p1a: Ting-Lu
|-damage|p1a: Ting-Lu|0 fnt
|-damage|p2a: Basculin|84/100|[from] item: Rocky Helmet|[of] p1a: Ting-Lu
|faint|p1a: Ting-Lu
|
|t:|1779675620
|switch|p2a: Piloswine|Piloswine, F|100/100|[from] Flip Turn
|
|upkeep
|
|t:|1779675635
|switch|p1a: Kingambit|Kingambit, M|100/100
|-activate|p1a: Kingambit|ability: Supreme Overlord
|-start|p1a: Kingambit|fallen1|[silent]
|-item|p1a: Kingambit|Air Balloon
|turn|6
|
|t:|1779675655
|-terastallize|p1a: Kingambit|Dark
|move|p2a: Piloswine|Ice Shard|p1a: Kingambit
|-damage|p1a: Kingambit|86/100
|-enditem|p1a: Kingambit|Air Balloon
|move|p1a: Kingambit|Swords Dance|p1a: Kingambit
|-boost|p1a: Kingambit|atk|2
|
|upkeep
|turn|7
|
|t:|1779675662
|move|p1a: Kingambit|Low Kick|p2a: Piloswine
|-supereffective|p2a: Piloswine
|-damage|p2a: Piloswine|11/100
|move|p2a: Piloswine|Stealth Rock|p1a: Kingambit
|-sidestart|p1: its.kirubel|move: Stealth Rock
|
|upkeep
|turn|8
|
|t:|1779675670
|move|p1a: Kingambit|Kowtow Cleave|p2a: Piloswine
|-damage|p2a: Piloswine|0 fnt
|faint|p2a: Piloswine
|
|upkeep
|
|t:|1779675673
|switch|p2a: Gengar|Gengar, F|100/100
|turn|9
|
|t:|1779675679
|move|p1a: Kingambit|Sucker Punch||[still]
|-fail|p1a: Kingambit
|move|p2a: Gengar|Encore|p1a: Kingambit
|-start|p1a: Kingambit|Encore
|
|upkeep
|turn|10
|
|t:|1779675695
|-end|p1a: Kingambit|fallen1|[silent]
|switch|p1a: Gliscor|Gliscor, F|100/100
|-damage|p1a: Gliscor|88/100|[from] Stealth Rock
|move|p2a: Gengar|Encore||[still]
|-fail|p2a: Gengar
|
|-status|p1a: Gliscor|tox|[from] item: Toxic Orb
|upkeep
|turn|11
|inactive|its.kirubel has 120 seconds left.
|inactive|its.kirubel has 90 seconds left.
|
|t:|1779675783
|move|p2a: Gengar|Shadow Ball|p1a: Gliscor
|-crit|p1a: Gliscor
|-damage|p1a: Gliscor|31/100 tox
|move|p1a: Gliscor|Earthquake|p2a: Gengar
|-supereffective|p2a: Gengar
|-damage|p2a: Gengar|0 fnt
|faint|p2a: Gengar
|
|-heal|p1a: Gliscor|44/100 tox|[from] ability: Poison Heal
|upkeep
|inactive|Nonchalant_Chef has 120 seconds left.
|
|t:|1779675827
|switch|p2a: Falinks|Falinks|100/100
|turn|12
|
|t:|1779675839
|move|p1a: Gliscor|Toxic|p2a: Falinks
|-status|p2a: Falinks|tox
|move|p2a: Falinks|Iron Head|p1a: Gliscor
|-damage|p1a: Gliscor|12/100 tox
|
|-heal|p1a: Gliscor|24/100 tox|[from] ability: Poison Heal
|-damage|p2a: Falinks|95/100 tox|[from] psn
|upkeep
|turn|13
|inactive|Nonchalant_Chef has 120 seconds left.
|
|t:|1779675861
|move|p1a: Gliscor|Protect|p1a: Gliscor
|-singleturn|p1a: Gliscor|Protect
|move|p2a: Falinks|Iron Head|p1a: Gliscor
|-activate|p1a: Gliscor|move: Protect
|
|-heal|p1a: Gliscor|37/100 tox|[from] ability: Poison Heal
|-damage|p2a: Falinks|83/100 tox|[from] psn
|upkeep
|turn|14
|inactive|its.kirubel has 60 seconds left.
|
|t:|1779675882
|switch|p1a: Iron Crown|Iron Crown|100/100
|-damage|p1a: Iron Crown|94/100|[from] Stealth Rock
|-enditem|p1a: Iron Crown|Booster Energy
|-activate|p1a: Iron Crown|ability: Quark Drive|[fromitem]
|-start|p1a: Iron Crown|quarkdrivespe
|move|p2a: Falinks|Iron Head|p1a: Iron Crown
|-resisted|p1a: Iron Crown
|-damage|p1a: Iron Crown|75/100
|
|-damage|p2a: Falinks|65/100 tox|[from] psn
|upkeep
|turn|15
|inactive|its.kirubel has 60 seconds left.
|inactive|Nonchalant_Chef has 120 seconds left.
|
|t:|1779675892
|switch|p2a: Electrode|Electrode-Hisui|100/100
|move|p1a: Iron Crown|Calm Mind|p1a: Iron Crown
|-boost|p1a: Iron Crown|spa|1
|-boost|p1a: Iron Crown|spd|1
|
|upkeep
|turn|16
|inactive|its.kirubel has 60 seconds left.
|inactive|Nonchalant_Chef has 120 seconds left.
|
|t:|1779675908
|move|p1a: Iron Crown|Psychic|p2a: Electrode
|-crit|p2a: Electrode
|-damage|p2a: Electrode|0 fnt
|faint|p2a: Electrode
|
|upkeep
|
|t:|1779675911
|switch|p2a: Falinks|Falinks|65/100 tox
|turn|17
|
|t:|1779675915
|-terastallize|p2a: Falinks|Steel
|move|p1a: Iron Crown|Psychic|p2a: Falinks
|-resisted|p2a: Falinks
|-damage|p2a: Falinks|13/100 tox
|move|p2a: Falinks|Knock Off|p1a: Iron Crown
|-supereffective|p1a: Iron Crown
|-damage|p1a: Iron Crown|14/100
|
|-damage|p2a: Falinks|7/100 tox|[from] psn
|upkeep
|turn|18
|-message|Nonchalant_Chef forfeited.
|
|win|its.kirubel
|raw|its.kirubel's rating: 1203 &rarr; <strong>1226</strong><br />(+23 for winning)
|raw|Nonchalant_Chef's rating: 1174 &rarr; <strong>1151</strong><br />(-23 for losing)
|l|☆Nonchalant_Chef
|player|p2|
|l|☆its.kirubel
|player|p1|
