|j|☆choco121507
|j|☆Maxxxxilla
|t:|1779714451
|gametype|singles
|player|p1|choco121507|emmet|1101
|player|p2|Maxxxxilla|alder|1097
|gen|9
|tier|[Gen 9] OU
|rated|
|rule|HP Percentage Mod: HP is shown in percentages
|rule|Endless Battle Clause: Forcing endless battles is banned
|rule|Species Clause: Limit one of each Pokémon
|rule|OHKO Clause: OHKO moves are banned
|rule|Evasion Items Clause: Evasion items are banned
|rule|Evasion Moves Clause: Evasion moves are banned
|rule|Evasion Abilities Clause: Evasion abilities are banned
|rule|Sleep Moves Clause: Sleep-inducing moves are banned
|clearpoke
|poke|p1|Regieleki|
|poke|p1|Raging Bolt|
|poke|p1|Overqwil, M|
|poke|p1|Greninja-*, M|
|poke|p1|Pelipper, M|
|poke|p1|Iron Treads|
|poke|p2|Minior-Violet|
|poke|p2|Torterra, M|
|poke|p2|Enamorus, F|
|poke|p2|Great Tusk|
|poke|p2|Iron Moth|
|poke|p2|Gholdengo|
|teampreview
|inactive|Battle timer is ON: inactive players will automatically lose when time's up. (requested by Maxxxxilla)
|
|t:|1779714459
|teamsize|p1|6
|teamsize|p2|6
|start
|switch|p1a: Xeren|Greninja, M|100/100
|switch|p2a: Torterra|Torterra, M|100/100
|turn|1
|
|t:|1779714471
|switch|p2a: Gholdengo|Gholdengo|100/100
|move|p1a: Xeren|Ice Beam|p2a: Gholdengo
|-resisted|p2a: Gholdengo
|-damage|p2a: Gholdengo|76/100
|-damage|p1a: Xeren|91/100|[from] item: Life Orb
|
|upkeep
|turn|2
|
|t:|1779714478
|move|p2a: Gholdengo|Thunderbolt|p1a: Xeren
|-supereffective|p1a: Xeren
|-damage|p1a: Xeren|0 fnt
|faint|p1a: Xeren
|
|upkeep
|
|t:|1779714482
|switch|p1a: Rage|Iron Treads, shiny|100/100
|-enditem|p1a: Rage|Booster Energy
|-activate|p1a: Rage|ability: Quark Drive|[fromitem]
|-start|p1a: Rage|quarkdrivespe
|turn|3
|
|t:|1779714494
|switch|p2a: Minior|Minior-Violet, shiny|100/100
|-formechange|p2a: Minior|Minior-Meteor||[from] ability: Shields Down
|move|p1a: Rage|Stealth Rock|p2a: Minior
|-sidestart|p2: Maxxxxilla|move: Stealth Rock
|
|upkeep
|turn|4
|
|t:|1779714506
|move|p1a: Rage|Steel Beam|p2a: Minior
|-supereffective|p2a: Minior
|-damage|p2a: Minior|0 fnt
|-damage|p1a: Rage|50/100|[from] steelbeam
|faint|p2a: Minior
|
|upkeep
|
|t:|1779714520
|switch|p2a: Torterra|Torterra, M|100/100
|-damage|p2a: Torterra|94/100|[from] Stealth Rock
|turn|5
|
|t:|1779714528
|move|p1a: Rage|Steel Beam|p2a: Torterra
|-damage|p2a: Torterra|33/100
|-damage|p1a: Rage|0 fnt|[from] steelbeam
|faint|p1a: Rage
|-end|p1a: Rage|Quark Drive|[silent]
|move|p2a: Torterra|Headlong Rush|p1: Rage|[notarget]
|-fail|p2a: Torterra
|
|upkeep
|
|t:|1779714532
|switch|p1a: Predator|Overqwil, M, shiny|100/100
|turn|6
|
|t:|1779714539
|-terastallize|p2a: Torterra|Steel
|move|p1a: Predator|Crunch|p2a: Torterra
|-damage|p2a: Torterra|0 fnt
|faint|p2a: Torterra
|-damage|p1a: Predator|91/100|[from] item: Life Orb
|
|upkeep
|
|t:|1779714549
|switch|p2a: Great Tusk|Great Tusk|100/100
|-damage|p2a: Great Tusk|98/100|[from] Stealth Rock
|-enditem|p2a: Great Tusk|Booster Energy
|-activate|p2a: Great Tusk|ability: Protosynthesis|[fromitem]
|-start|p2a: Great Tusk|protosynthesisatk
|turn|7
|
|t:|1779714555
|move|p1a: Predator|Liquidation|p2a: Great Tusk
|-supereffective|p2a: Great Tusk
|-damage|p2a: Great Tusk|44/100
|-damage|p1a: Predator|81/100|[from] item: Life Orb
|move|p2a: Great Tusk|Rapid Spin|p1a: Predator
|-damage|p1a: Predator|50/100
|-boost|p2a: Great Tusk|spe|1
|-sideend|p2: Maxxxxilla|Stealth Rock|[from] move: Rapid Spin|[of] p2a: Great Tusk
|
|upkeep
|turn|8
|
|t:|1779714562
|move|p2a: Great Tusk|Headlong Rush|p1a: Predator
|-supereffective|p1a: Predator
|-damage|p1a: Predator|0 fnt
|-unboost|p2a: Great Tusk|def|1
|-unboost|p2a: Great Tusk|spd|1
|faint|p1a: Predator
|
|upkeep
|
|t:|1779714578
|switch|p1a: Messenger|Pelipper, M, shiny|100/100
|-weather|RainDance|[from] ability: Drizzle|[of] p1a: Messenger
|turn|9
|
|t:|1779714588
|-end|p2a: Great Tusk|Protosynthesis|[silent]
|switch|p2a: Gholdengo|Gholdengo|76/100
|move|p1a: Messenger|Hurricane|p2a: Gholdengo
|-resisted|p2a: Gholdengo
|-damage|p2a: Gholdengo|48/100
|
|-weather|RainDance|[upkeep]
|upkeep
|turn|10
|
|t:|1779714596
|move|p2a: Gholdengo|Thunderbolt|p1a: Messenger
|-supereffective|p1a: Messenger
|-damage|p1a: Messenger|0 fnt
|faint|p1a: Messenger
|
|-weather|RainDance|[upkeep]
|upkeep
|inactive|choco121507 has 120 seconds left.
|
|t:|1779714632
|switch|p1a: Whiplash|Regieleki, shiny|100/100
|turn|11
|inactive|choco121507 has 120 seconds left.
|
|t:|1779714646
|switch|p2a: Great Tusk|Great Tusk|44/100
|move|p1a: Whiplash|Hyper Beam|p2a: Great Tusk
|-damage|p2a: Great Tusk|0 fnt
|-mustrecharge|p1a: Whiplash
|faint|p2a: Great Tusk
|-end|p2a: Great Tusk|Protosynthesis|[silent]
|
|-weather|RainDance|[upkeep]
|upkeep
|
|t:|1779714662
|switch|p2a: Iron Moth|Iron Moth|100/100
|turn|12
|inactive|choco121507 has 120 seconds left.
|
|t:|1779714677
|cant|p1a: Whiplash|recharge
|move|p2a: Iron Moth|Sludge Wave|p1a: Whiplash
|-damage|p1a: Whiplash|0 fnt
|faint|p1a: Whiplash
|
|-weather|RainDance|[upkeep]
|upkeep
|
|t:|1779714679
|switch|p1a: Byakko|Raging Bolt|100/100
|-enditem|p1a: Byakko|Booster Energy
|-activate|p1a: Byakko|ability: Protosynthesis|[fromitem]
|-start|p1a: Byakko|protosynthesisspa
|turn|13
|
|t:|1779714685
|move|p2a: Iron Moth|Sludge Wave|p1a: Byakko
|-damage|p1a: Byakko|34/100
|move|p1a: Byakko|Weather Ball|p2a: Iron Moth
|-supereffective|p2a: Iron Moth
|-damage|p2a: Iron Moth|0 fnt
|faint|p2a: Iron Moth
|-end|p2a: Iron Moth|Quark Drive|[silent]
|
|-weather|RainDance|[upkeep]
|upkeep
|
|t:|1779714688
|switch|p2a: Enamorus|Enamorus, F|100/100
|turn|14
|
|t:|1779714694
|move|p2a: Enamorus|Moonblast|p1a: Byakko
|-supereffective|p1a: Byakko
|-damage|p1a: Byakko|0 fnt
|faint|p1a: Byakko
|-end|p1a: Byakko|Protosynthesis|[silent]
|
|win|Maxxxxilla
|raw|choco121507's rating: 1101 &rarr; <strong>1076</strong><br />(-25 for losing)
|raw|Maxxxxilla's rating: 1097 &rarr; <strong>1123</strong><br />(+26 for winning)
|l|☆Maxxxxilla
|player|p2|
