|j|☆mai42
|j|☆DankErrl
|t:|1779682349
|gametype|singles
|player|p1|mai42|boarder|1339
|player|p2|DankErrl|266|1301
|gen|9
|tier|[Gen 9] OU
|rated|
|rule|HP Percentage Mod: HP is shown in percentages
|rule|Endless Battle Clause: Forcing endless battles is banned
|rule|Species Clause: Limit one of each Pokémon
|rule|OHKO Clause: OHKO moves are banned
|rule|Evasion Items Clause: Evasion items are banned
|rule|Evasion Moves Clause: Evasion moves are banned
|rule|Evasion Abilities Clause: Evasion abilities are banned
|rule|Sleep Moves Clause: Sleep-inducing moves are banned
|clearpoke
|poke|p1|Gallade, M|
|poke|p1|Ogerpon-Cornerstone, F|
|poke|p1|Hatterene, F|
|poke|p1|Iron Treads|
|poke|p1|Kingambit, F|
|poke|p1|Zapdos|
|poke|p2|Scizor, F|
|poke|p2|Rillaboom, F|
|poke|p2|Darkrai|
|poke|p2|Dragapult, F|
|poke|p2|Raging Bolt|
|poke|p2|Cinderace, M|
|teampreview
|inactive|Battle timer is ON: inactive players will automatically lose when time's up. (requested by mai42)
|
|t:|1779682359
|teamsize|p1|6
|teamsize|p2|6
|start
|switch|p1a: Gladee|Gallade, M, shiny|100/100
|switch|p2a: Cinderace|Cinderace, M, shiny|100/100
|turn|1
|
|t:|1779682372
|move|p2a: Cinderace|Pyro Ball|p1a: Gladee
|-damage|p1a: Gladee|5/100
|move|p1a: Gladee|Sacred Sword|p2a: Cinderace
|-crit|p2a: Cinderace
|-damage|p2a: Cinderace|0 fnt
|faint|p2a: Cinderace
|
|upkeep
|
|t:|1779682384
|switch|p2a: Scizor|Scizor, F|100/100
|turn|2
|
|t:|1779682394
|switch|p1a: Zapdos|Zapdos|100/100
|move|p2a: Scizor|Bullet Punch|p1a: Zapdos
|-resisted|p1a: Zapdos
|-damage|p1a: Zapdos|75/100
|-status|p2a: Scizor|par|[from] ability: Static|[of] p1a: Zapdos
|
|upkeep
|turn|3
|
|t:|1779682402
|move|p1a: Zapdos|Thunderbolt|p2a: Scizor
|-damage|p2a: Scizor|46/100 par
|cant|p2a: Scizor|par
|
|upkeep
|turn|4
|
|t:|1779682408
|move|p1a: Zapdos|Thunderbolt|p2a: Scizor
|-damage|p2a: Scizor|0 fnt
|faint|p2a: Scizor
|
|upkeep
|
|t:|1779682430
|switch|p2a: Raging Bolt|Raging Bolt|100/100
|turn|5
|
|t:|1779682448
|switch|p1a: Ogerpon|Ogerpon-Cornerstone, F|100/100
|move|p2a: Raging Bolt|Dragon Pulse|p1a: Ogerpon
|-damage|p1a: Ogerpon|40/100
|
|upkeep
|turn|6
|
|t:|1779682459
|move|p1a: Ogerpon|Ivy Cudgel|p2a: Raging Bolt|[anim] Ivy Cudgel Rock
|-damage|p2a: Raging Bolt|55/100
|move|p2a: Raging Bolt|Volt Switch|p1a: Ogerpon
|-resisted|p1a: Ogerpon
|-damage|p1a: Ogerpon|16/100
|inactive|DankErrl has 120 seconds left.
|
|t:|1779682504
|-end|p2a: Raging Bolt|Protosynthesis|[silent]
|switch|p2a: Rillaboom|Rillaboom, F, shiny|100/100|[from] Volt Switch
|-fieldstart|move: Grassy Terrain|[from] ability: Grassy Surge|[of] p2a: Rillaboom
|
|-heal|p1a: Ogerpon|22/100|[from] Grassy Terrain
|upkeep
|turn|7
|
|t:|1779682514
|move|p2a: Rillaboom|Grassy Glide|p1a: Ogerpon
|-damage|p1a: Ogerpon|0 fnt
|faint|p1a: Ogerpon
|
|upkeep
|
|t:|1779682517
|switch|p1a: Zapdos|Zapdos|75/100
|turn|8
|inactive|DankErrl has 120 seconds left.
|
|t:|1779682523
|switch|p2a: Raging Bolt|Raging Bolt|55/100
|move|p1a: Zapdos|Hurricane|p2a: Raging Bolt|[miss]
|-miss|p1a: Zapdos|p2a: Raging Bolt
|
|-heal|p2a: Raging Bolt|62/100|[from] Grassy Terrain
|upkeep
|turn|9
|inactive|DankErrl has 120 seconds left.
|
|t:|1779682535
|switch|p1a: Hatterene|Hatterene, F, shiny|100/100
|move|p2a: Raging Bolt|Draco Meteor|p1a: Hatterene
|-immune|p1a: Hatterene
|
|-heal|p2a: Raging Bolt|68/100|[from] Grassy Terrain
|upkeep
|turn|10
|
|t:|1779682542
|move|p2a: Raging Bolt|Volt Switch|p1a: Hatterene
|-damage|p1a: Hatterene|58/100
|
|t:|1779682549
|-end|p2a: Raging Bolt|Protosynthesis|[silent]
|switch|p2a: Rillaboom|Rillaboom, F, shiny|100/100|[from] Volt Switch
|move|p1a: Hatterene|Draining Kiss|p2a: Rillaboom
|-damage|p2a: Rillaboom|73/100
|-heal|p1a: Hatterene|80/100|[from] drain|[of] p2a: Rillaboom
|
|-heal|p2a: Rillaboom|79/100|[from] Grassy Terrain
|-heal|p1a: Hatterene|86/100|[from] Grassy Terrain
|-fieldend|move: Grassy Terrain
|upkeep
|turn|11
|
|t:|1779682555
|move|p2a: Rillaboom|U-turn|p1a: Hatterene
|-damage|p1a: Hatterene|59/100
|-damage|p2a: Rillaboom|63/100|[from] item: Rocky Helmet|[of] p1a: Hatterene
|
|t:|1779682566
|switch|p2a: Raging Bolt|Raging Bolt|68/100|[from] U-turn
|move|p1a: Hatterene|Nuzzle|p2a: Raging Bolt
|-resisted|p2a: Raging Bolt
|-damage|p2a: Raging Bolt|67/100
|
|upkeep
|turn|12
|
|t:|1779682581
|move|p2a: Raging Bolt|Volt Switch|p1a: Hatterene
|-damage|p1a: Hatterene|12/100
|
|t:|1779682585
|-end|p2a: Raging Bolt|Protosynthesis|[silent]
|switch|p2a: Rillaboom|Rillaboom, F, shiny|63/100|[from] Volt Switch
|-fieldstart|move: Grassy Terrain|[from] ability: Grassy Surge|[of] p2a: Rillaboom
|move|p1a: Hatterene|Nuzzle|p2a: Rillaboom
|-resisted|p2a: Rillaboom
|-damage|p2a: Rillaboom|60/100
|-status|p2a: Rillaboom|par
|
|-heal|p2a: Rillaboom|66/100 par|[from] Grassy Terrain
|-heal|p1a: Hatterene|18/100|[from] Grassy Terrain
|upkeep
|turn|13
|
|t:|1779682591
|move|p2a: Rillaboom|Grassy Glide|p1a: Hatterene
|-damage|p1a: Hatterene|0 fnt
|-damage|p2a: Rillaboom|50/100 par|[from] item: Rocky Helmet|[of] p1a: Hatterene
|faint|p1a: Hatterene
|
|-heal|p2a: Rillaboom|56/100 par|[from] Grassy Terrain
|upkeep
|
|t:|1779682596
|switch|p1a: Zapdos|Zapdos|75/100
|turn|14
|
|t:|1779682602
|switch|p2a: Raging Bolt|Raging Bolt|67/100
|move|p1a: Zapdos|Hurricane|p2a: Raging Bolt
|-resisted|p2a: Raging Bolt
|-damage|p2a: Raging Bolt|50/100
|-start|p2a: Raging Bolt|confusion
|
|-heal|p2a: Raging Bolt|57/100|[from] Grassy Terrain
|upkeep
|turn|15
|
|t:|1779682612
|switch|p1a: Iron Treads|Iron Treads, shiny|100/100
|-item|p1a: Iron Treads|Air Balloon
|-activate|p2a: Raging Bolt|confusion
|-damage|p2a: Raging Bolt|51/100|[from] confusion
|
|-heal|p2a: Raging Bolt|58/100|[from] Grassy Terrain
|upkeep
|turn|16
|
|t:|1779682626
|-end|p2a: Raging Bolt|Protosynthesis|[silent]
|switch|p2a: Rillaboom|Rillaboom, F, shiny|56/100 par
|move|p1a: Iron Treads|Stealth Rock|p2a: Rillaboom
|-sidestart|p2: DankErrl|move: Stealth Rock
|
|-heal|p2a: Rillaboom|62/100 par|[from] Grassy Terrain
|-fieldend|move: Grassy Terrain
|upkeep
|turn|17
|
|t:|1779682631
|move|p1a: Iron Treads|Knock Off|p2a: Rillaboom
|-damage|p2a: Rillaboom|30/100 par
|-enditem|p2a: Rillaboom|Choice Band|[from] move: Knock Off|[of] p1a: Iron Treads
|cant|p2a: Rillaboom|par
|
|upkeep
|turn|18
|
|t:|1779682639
|move|p1a: Iron Treads|Knock Off|p2a: Rillaboom
|-crit|p2a: Rillaboom
|-damage|p2a: Rillaboom|0 fnt
|faint|p2a: Rillaboom
|
|upkeep
|
|t:|1779682648
|switch|p2a: Dragapult|Dragapult, F|100/100
|-damage|p2a: Dragapult|88/100|[from] Stealth Rock
|turn|19
|
|t:|1779682652
|-terastallize|p2a: Dragapult|Ghost
|move|p2a: Dragapult|Shadow Ball|p1a: Iron Treads
|-damage|p1a: Iron Treads|10/100
|-enditem|p1a: Iron Treads|Air Balloon
|move|p1a: Iron Treads|Knock Off|p2a: Dragapult
|-supereffective|p2a: Dragapult
|-damage|p2a: Dragapult|11/100
|-enditem|p2a: Dragapult|Choice Specs|[from] move: Knock Off|[of] p1a: Iron Treads
|
|upkeep
|turn|20
|
|t:|1779682662
|move|p2a: Dragapult|Shadow Ball|p1a: Iron Treads
|-damage|p1a: Iron Treads|0 fnt
|faint|p1a: Iron Treads
|-end|p1a: Iron Treads|Quark Drive|[silent]
|
|upkeep
|
|t:|1779682664
|switch|p1a: Kingambit|Kingambit, F|100/100
|-activate|p1a: Kingambit|ability: Supreme Overlord
|-start|p1a: Kingambit|fallen3|[silent]
|turn|21
|
|t:|1779682669
|switch|p2a: Raging Bolt|Raging Bolt|58/100
|-damage|p2a: Raging Bolt|45/100|[from] Stealth Rock
|move|p1a: Kingambit|Swords Dance|p1a: Kingambit
|-boost|p1a: Kingambit|atk|2
|
|upkeep
|turn|22
|
|t:|1779682677
|move|p1a: Kingambit|Sucker Punch|p2a: Raging Bolt
|-damage|p2a: Raging Bolt|0 fnt
|faint|p2a: Raging Bolt
|-end|p2a: Raging Bolt|Protosynthesis|[silent]
|
|upkeep
|-message|DankErrl forfeited.
|
|win|mai42
|raw|mai42's rating: 1339 &rarr; <strong>1357</strong><br />(+18 for winning)
|raw|DankErrl's rating: 1301 &rarr; <strong>1283</strong><br />(-18 for losing)
|l|☆DankErrl
|player|p2|
|l|☆mai42
|player|p1|
