|j|☆poping pokemon
|j|☆jessies boyfriend
|t:|1779556961
|gametype|singles
|player|p1|poping pokemon|101|1231
|player|p2|jessies boyfriend|brock|1278
|gen|9
|tier|[Gen 9] OU
|rated|
|rule|HP Percentage Mod: HP is shown in percentages
|rule|Endless Battle Clause: Forcing endless battles is banned
|rule|Species Clause: Limit one of each Pokémon
|rule|OHKO Clause: OHKO moves are banned
|rule|Evasion Items Clause: Evasion items are banned
|rule|Evasion Moves Clause: Evasion moves are banned
|rule|Evasion Abilities Clause: Evasion abilities are banned
|rule|Sleep Moves Clause: Sleep-inducing moves are banned
|clearpoke
|poke|p1|Raging Bolt|
|poke|p1|Zamazenta-*|
|poke|p1|Glimmora, F|
|poke|p1|Gholdengo|
|poke|p1|Rillaboom, M|
|poke|p1|Kingambit, F|
|poke|p2|Houndstone, F|
|poke|p2|Gholdengo|
|poke|p2|Incineroar, M|
|poke|p2|Glimmora, F|
|poke|p2|Forretress, M|
|poke|p2|Scrafty, F|
|teampreview
|inactive|Battle timer is ON: inactive players will automatically lose when time's up. (requested by jessies boyfriend)
|inactive|poping pokemon also wants the timer to be on.
|
|t:|1779556977
|teamsize|p1|6
|teamsize|p2|6
|start
|switch|p1a: Glimmora|Glimmora, F, shiny|100/100
|switch|p2a: Forretress|Forretress, M|100/100
|turn|1
|
|t:|1779556984
|move|p1a: Glimmora|Toxic Spikes|p2a: Forretress
|-sidestart|p2: jessies boyfriend|move: Toxic Spikes
|move|p2a: Forretress|Stealth Rock|p1a: Glimmora
|-sidestart|p1: poping pokemon|move: Stealth Rock
|
|upkeep
|turn|2
|
|t:|1779556988
|move|p1a: Glimmora|Stealth Rock|p2a: Forretress
|-sidestart|p2: jessies boyfriend|move: Stealth Rock
|move|p2a: Forretress|Rapid Spin|p1a: Glimmora
|-resisted|p1a: Glimmora
|-damage|p1a: Glimmora|96/100
|-boost|p2a: Forretress|spe|1
|-activate|p1a: Glimmora|ability: Toxic Debris
|-sidestart|p2: jessies boyfriend|move: Toxic Spikes
|-sideend|p2: jessies boyfriend|Toxic Spikes|[from] move: Rapid Spin|[of] p2a: Forretress
|-sideend|p2: jessies boyfriend|Stealth Rock|[from] move: Rapid Spin|[of] p2a: Forretress
|
|-heal|p1a: Glimmora|100/100|[from] item: Leftovers
|upkeep
|turn|3
|
|t:|1779556998
|switch|p1a: Zamazenta|Zamazenta|100/100
|-damage|p1a: Zamazenta|94/100|[from] Stealth Rock
|-ability|p1a: Zamazenta|Dauntless Shield|boost
|-boost|p1a: Zamazenta|def|1
|move|p2a: Forretress|Spikes|p1a: Zamazenta
|-sidestart|p1: poping pokemon|Spikes
|
|-heal|p1a: Zamazenta|100/100|[from] item: Leftovers
|upkeep
|turn|4
|
|t:|1779557009
|switch|p2a: Houndstone|Houndstone, F|100/100
|move|p1a: Zamazenta|Iron Defense|p1a: Zamazenta
|-boost|p1a: Zamazenta|def|2
|
|upkeep
|turn|5
|
|t:|1779557015
|move|p1a: Zamazenta|Crunch|p2a: Houndstone
|-supereffective|p2a: Houndstone
|-damage|p2a: Houndstone|73/100
|move|p2a: Houndstone|Roar|p1a: Zamazenta
|drag|p1a: Glimmora|Glimmora, F, shiny|100/100
|-damage|p1a: Glimmora|88/100|[from] Stealth Rock
|-damage|p1a: Glimmora|76/100|[from] Spikes
|
|-heal|p1a: Glimmora|82/100|[from] item: Leftovers
|-heal|p2a: Houndstone|79/100|[from] item: Leftovers
|upkeep
|turn|6
|
|t:|1779557025
|switch|p2a: Forretress|Forretress, M|100/100
|move|p1a: Glimmora|Mortal Spin|p2a: Forretress
|-immune|p2a: Forretress
|
|-heal|p1a: Glimmora|88/100|[from] item: Leftovers
|upkeep
|turn|7
|
|t:|1779557030
|switch|p1a: Gholdengo|Gholdengo|100/100
|-damage|p1a: Gholdengo|94/100|[from] Stealth Rock
|-damage|p1a: Gholdengo|82/100|[from] Spikes
|move|p2a: Forretress|Spikes|p1a: Gholdengo
|-sidestart|p1: poping pokemon|Spikes
|
|upkeep
|turn|8
|
|t:|1779557039
|switch|p2a: Incineroar|Incineroar, M|100/100
|-ability|p2a: Incineroar|Intimidate|boost
|-unboost|p1a: Gholdengo|atk|1
|move|p1a: Gholdengo|Shadow Ball|p2a: Incineroar
|-resisted|p2a: Incineroar
|-damage|p2a: Incineroar|79/100
|
|upkeep
|turn|9
|
|t:|1779557050
|switch|p1a: Zamazenta|Zamazenta|100/100
|-damage|p1a: Zamazenta|94/100|[from] Stealth Rock
|-damage|p1a: Zamazenta|78/100|[from] Spikes
|move|p2a: Incineroar|Flame Charge|p1a: Zamazenta
|-damage|p1a: Zamazenta|60/100
|-boost|p2a: Incineroar|spe|1
|
|-heal|p1a: Zamazenta|66/100|[from] item: Leftovers
|upkeep
|turn|10
|
|t:|1779557059
|switch|p2a: Houndstone|Houndstone, F|79/100
|move|p1a: Zamazenta|Crunch|p2a: Houndstone
|-supereffective|p2a: Houndstone
|-damage|p2a: Houndstone|50/100
|
|-heal|p1a: Zamazenta|72/100|[from] item: Leftovers
|-heal|p2a: Houndstone|56/100|[from] item: Leftovers
|upkeep
|turn|11
|
|t:|1779557066
|move|p1a: Zamazenta|Crunch|p2a: Houndstone
|-supereffective|p2a: Houndstone
|-damage|p2a: Houndstone|29/100
|move|p2a: Houndstone|Pain Split|p1a: Zamazenta
|-sethp|p1a: Zamazenta|52/100|[from] move: Pain Split|[silent]
|-sethp|p2a: Houndstone|48/100|[from] move: Pain Split
|
|-heal|p1a: Zamazenta|58/100|[from] item: Leftovers
|-heal|p2a: Houndstone|54/100|[from] item: Leftovers
|upkeep
|turn|12
|
|t:|1779557075
|move|p2a: Houndstone|Protect|p2a: Houndstone
|-singleturn|p2a: Houndstone|Protect
|move|p1a: Zamazenta|Crunch|p2a: Houndstone
|-activate|p2a: Houndstone|move: Protect
|
|-heal|p1a: Zamazenta|64/100|[from] item: Leftovers
|-heal|p2a: Houndstone|60/100|[from] item: Leftovers
|upkeep
|turn|13
|
|t:|1779557083
|move|p1a: Zamazenta|Iron Head|p2a: Houndstone
|-damage|p2a: Houndstone|46/100
|move|p2a: Houndstone|Roar|p1a: Zamazenta
|drag|p1a: Gholdengo|Gholdengo|82/100
|-damage|p1a: Gholdengo|76/100|[from] Stealth Rock
|-damage|p1a: Gholdengo|60/100|[from] Spikes
|
|-heal|p2a: Houndstone|52/100|[from] item: Leftovers
|upkeep
|turn|14
|
|t:|1779557096
|-terastallize|p1a: Gholdengo|Steel
|move|p2a: Houndstone|Protect|p2a: Houndstone
|-singleturn|p2a: Houndstone|Protect
|move|p1a: Gholdengo|Make It Rain|p2a: Houndstone
|-activate|p2a: Houndstone|move: Protect
|
|-heal|p2a: Houndstone|58/100|[from] item: Leftovers
|upkeep
|turn|15
|
|t:|1779557105
|switch|p2a: Incineroar|Incineroar, M|79/100
|-ability|p2a: Incineroar|Intimidate|boost
|-unboost|p1a: Gholdengo|atk|1
|move|p1a: Gholdengo|Make It Rain|p2a: Incineroar
|-resisted|p2a: Incineroar
|-damage|p2a: Incineroar|35/100
|-unboost|p1a: Gholdengo|spa|1
|
|upkeep
|turn|16
|
|t:|1779557114
|move|p1a: Gholdengo|Make It Rain|p2a: Incineroar
|-resisted|p2a: Incineroar
|-damage|p2a: Incineroar|5/100
|-unboost|p1a: Gholdengo|spa|1
|move|p2a: Incineroar|Flame Charge|p1a: Gholdengo
|-supereffective|p1a: Gholdengo
|-damage|p1a: Gholdengo|4/100
|-boost|p2a: Incineroar|spe|1
|
|upkeep
|turn|17
|
|t:|1779557126
|move|p2a: Incineroar|Flame Charge|p1a: Gholdengo
|-supereffective|p1a: Gholdengo
|-damage|p1a: Gholdengo|0 fnt
|-boost|p2a: Incineroar|spe|1
|faint|p1a: Gholdengo
|
|upkeep
|
|t:|1779557132
|switch|p1a: Rillaboom|Rillaboom, M, shiny|100/100
|-damage|p1a: Rillaboom|88/100|[from] Stealth Rock
|-damage|p1a: Rillaboom|72/100|[from] Spikes
|-fieldstart|move: Grassy Terrain|[from] ability: Grassy Surge|[of] p1a: Rillaboom
|turn|18
|
|t:|1779557143
|switch|p2a: Glimmora|Glimmora, F|100/100
|-item|p2a: Glimmora|Air Balloon
|move|p1a: Rillaboom|Grassy Glide|p2a: Glimmora
|-damage|p2a: Glimmora|35/100
|-activate|p2a: Glimmora|ability: Toxic Debris
|-sidestart|p1: poping pokemon|move: Toxic Spikes
|-enditem|p2a: Glimmora|Air Balloon
|
|-heal|p2a: Glimmora|41/100|[from] Grassy Terrain
|-heal|p1a: Rillaboom|78/100|[from] Grassy Terrain
|upkeep
|turn|19
|
|t:|1779557155
|switch|p2a: Incineroar|Incineroar, M|5/100
|-ability|p2a: Incineroar|Intimidate|boost
|-unboost|p1a: Rillaboom|atk|1
|move|p1a: Rillaboom|Grassy Glide|p2a: Incineroar
|-resisted|p2a: Incineroar
|-damage|p2a: Incineroar|0 fnt
|faint|p2a: Incineroar
|
|-heal|p1a: Rillaboom|84/100|[from] Grassy Terrain
|upkeep
|
|t:|1779557165
|switch|p2a: Houndstone|Houndstone, F|58/100
|turn|20
|
|t:|1779557170
|move|p1a: Rillaboom|Grassy Glide|p2a: Houndstone
|-damage|p2a: Houndstone|39/100
|move|p2a: Houndstone|Roar|p1a: Rillaboom
|drag|p1a: Zamazenta|Zamazenta|64/100
|-damage|p1a: Zamazenta|58/100|[from] Stealth Rock
|-damage|p1a: Zamazenta|41/100|[from] Spikes
|-status|p1a: Zamazenta|psn
|
|-heal|p1a: Zamazenta|47/100 psn|[from] Grassy Terrain
|-heal|p1a: Zamazenta|53/100 psn|[from] item: Leftovers
|-heal|p2a: Houndstone|45/100|[from] Grassy Terrain
|-heal|p2a: Houndstone|51/100|[from] item: Leftovers
|-damage|p1a: Zamazenta|41/100 psn|[from] psn
|upkeep
|turn|21
|
|t:|1779557186
|switch|p1a: Glimmora|Glimmora, F, shiny|88/100
|-damage|p1a: Glimmora|76/100|[from] Stealth Rock
|-damage|p1a: Glimmora|59/100|[from] Spikes
|-sideend|p1: poping pokemon|move: Toxic Spikes|[of] p1a: Glimmora
|move|p2a: Houndstone|Roar|p1a: Glimmora
|drag|p1a: Raging Bolt|Raging Bolt|100/100
|-damage|p1a: Raging Bolt|88/100|[from] Stealth Rock
|-damage|p1a: Raging Bolt|72/100|[from] Spikes
|-enditem|p1a: Raging Bolt|Booster Energy
|-activate|p1a: Raging Bolt|ability: Protosynthesis|[fromitem]
|-start|p1a: Raging Bolt|protosynthesisspa
|
|-heal|p1a: Raging Bolt|78/100|[from] Grassy Terrain
|-heal|p2a: Houndstone|57/100|[from] Grassy Terrain
|-heal|p2a: Houndstone|63/100|[from] item: Leftovers
|upkeep
|turn|22
|
|t:|1779557208
|move|p2a: Houndstone|Protect|p2a: Houndstone
|-singleturn|p2a: Houndstone|Protect
|move|p1a: Raging Bolt|Dragon Pulse|p2a: Houndstone
|-activate|p2a: Houndstone|move: Protect
|
|-heal|p1a: Raging Bolt|84/100|[from] Grassy Terrain
|-heal|p2a: Houndstone|69/100|[from] Grassy Terrain
|-heal|p2a: Houndstone|75/100|[from] item: Leftovers
|-fieldend|move: Grassy Terrain
|upkeep
|turn|23
|
|t:|1779557215
|-terastallize|p2a: Houndstone|Fairy
|move|p1a: Raging Bolt|Dragon Pulse|p2a: Houndstone
|-immune|p2a: Houndstone
|move|p2a: Houndstone|Roar|p1a: Raging Bolt
|-end|p1a: Raging Bolt|Protosynthesis|[silent]
|drag|p1a: Glimmora|Glimmora, F, shiny|59/100
|-damage|p1a: Glimmora|47/100|[from] Stealth Rock
|-damage|p1a: Glimmora|30/100|[from] Spikes
|
|-heal|p1a: Glimmora|37/100|[from] item: Leftovers
|-heal|p2a: Houndstone|81/100|[from] item: Leftovers
|upkeep
|turn|24
|
|t:|1779557224
|switch|p2a: Forretress|Forretress, M|100/100
|move|p1a: Glimmora|Mortal Spin|p2a: Forretress
|-immune|p2a: Forretress
|
|-heal|p1a: Glimmora|43/100|[from] item: Leftovers
|upkeep
|turn|25
|
|t:|1779557230
|move|p1a: Glimmora|Toxic Spikes|p2a: Forretress
|-sidestart|p2: jessies boyfriend|move: Toxic Spikes
|move|p2a: Forretress|Spikes|p1a: Glimmora
|-sidestart|p1: poping pokemon|Spikes
|
|-heal|p1a: Glimmora|49/100|[from] item: Leftovers
|upkeep
|turn|26
|
|t:|1779557236
|move|p1a: Glimmora|Mortal Spin|p2a: Forretress
|-immune|p2a: Forretress
|move|p2a: Forretress|Rapid Spin|p1a: Glimmora
|-resisted|p1a: Glimmora
|-damage|p1a: Glimmora|44/100
|-boost|p2a: Forretress|spe|1
|-activate|p1a: Glimmora|ability: Toxic Debris
|-sidestart|p2: jessies boyfriend|move: Toxic Spikes
|-sideend|p2: jessies boyfriend|Toxic Spikes|[from] move: Rapid Spin|[of] p2a: Forretress
|
|-heal|p1a: Glimmora|50/100|[from] item: Leftovers
|upkeep
|turn|27
|
|t:|1779557249
|switch|p1a: Raging Bolt|Raging Bolt|84/100
|-damage|p1a: Raging Bolt|72/100|[from] Stealth Rock
|-damage|p1a: Raging Bolt|47/100|[from] Spikes
|move|p2a: Forretress|Rapid Spin|p1a: Raging Bolt
|-damage|p1a: Raging Bolt|38/100
|-boost|p2a: Forretress|spe|1
|
|upkeep
|turn|28
|
|t:|1779557272
|switch|p2a: Houndstone|Houndstone, F, tera:Fairy|81/100
|move|p1a: Raging Bolt|Calm Mind|p1a: Raging Bolt
|-boost|p1a: Raging Bolt|spa|1
|-boost|p1a: Raging Bolt|spd|1
|
|-heal|p2a: Houndstone|87/100|[from] item: Leftovers
|upkeep
|turn|29
|
|t:|1779557279
|move|p1a: Raging Bolt|Thunderclap||[still]
|-fail|p1a: Raging Bolt
|move|p2a: Houndstone|Roar|p1a: Raging Bolt
|-end|p1a: Raging Bolt|Protosynthesis|[silent]
|drag|p1a: Glimmora|Glimmora, F, shiny|50/100
|-damage|p1a: Glimmora|38/100|[from] Stealth Rock
|-damage|p1a: Glimmora|13/100|[from] Spikes
|
|-heal|p1a: Glimmora|19/100|[from] item: Leftovers
|-heal|p2a: Houndstone|93/100|[from] item: Leftovers
|upkeep
|turn|30
|
|t:|1779557289
|switch|p1a: Rillaboom|Rillaboom, M, shiny|84/100
|-damage|p1a: Rillaboom|72/100|[from] Stealth Rock
|-damage|p1a: Rillaboom|47/100|[from] Spikes
|-fieldstart|move: Grassy Terrain|[from] ability: Grassy Surge|[of] p1a: Rillaboom
|switch|p2a: Forretress|Forretress, M|100/100
|
|-heal|p1a: Rillaboom|53/100|[from] Grassy Terrain
|upkeep
|turn|31
|
|t:|1779557301
|move|p1a: Rillaboom|Body Press|p2a: Forretress
|-damage|p2a: Forretress|82/100
|move|p2a: Forretress|Rapid Spin|p1a: Rillaboom
|-damage|p1a: Rillaboom|44/100
|-boost|p2a: Forretress|spe|1
|
|-heal|p1a: Rillaboom|50/100|[from] Grassy Terrain
|-heal|p2a: Forretress|89/100|[from] Grassy Terrain
|upkeep
|turn|32
|
|t:|1779557310
|move|p1a: Rillaboom|Body Press|p2a: Forretress
|-damage|p2a: Forretress|70/100
|move|p2a: Forretress|Rapid Spin|p1a: Rillaboom
|-damage|p1a: Rillaboom|41/100
|-boost|p2a: Forretress|spe|1
|
|-heal|p2a: Forretress|77/100|[from] Grassy Terrain
|-heal|p1a: Rillaboom|47/100|[from] Grassy Terrain
|upkeep
|turn|33
|
|t:|1779557318
|move|p2a: Forretress|Rapid Spin|p1a: Rillaboom
|-damage|p1a: Rillaboom|39/100
|-boost|p2a: Forretress|spe|1
|move|p1a: Rillaboom|Body Press|p2a: Forretress
|-damage|p2a: Forretress|58/100
|
|-heal|p2a: Forretress|64/100|[from] Grassy Terrain
|-heal|p1a: Rillaboom|45/100|[from] Grassy Terrain
|upkeep
|turn|34
|
|t:|1779557326
|move|p2a: Forretress|Rapid Spin|p1a: Rillaboom
|-damage|p1a: Rillaboom|35/100
|-boost|p2a: Forretress|spe|1
|move|p1a: Rillaboom|Body Press|p2a: Forretress
|-damage|p2a: Forretress|48/100
|
|-heal|p2a: Forretress|54/100|[from] Grassy Terrain
|-heal|p1a: Rillaboom|41/100|[from] Grassy Terrain
|-fieldend|move: Grassy Terrain
|upkeep
|turn|35
|
|t:|1779557335
|move|p2a: Forretress|Rapid Spin|p1a: Rillaboom
|-damage|p1a: Rillaboom|32/100
|-boost|p2a: Forretress|spe|1
|move|p1a: Rillaboom|Body Press|p2a: Forretress
|-damage|p2a: Forretress|36/100
|
|upkeep
|turn|36
|
|t:|1779557351
|switch|p2a: Houndstone|Houndstone, F, tera:Fairy|93/100
|move|p1a: Rillaboom|Body Press|p2a: Houndstone
|-resisted|p2a: Houndstone
|-damage|p2a: Houndstone|85/100
|
|-heal|p2a: Houndstone|91/100|[from] item: Leftovers
|upkeep
|turn|37
|
|t:|1779557360
|switch|p1a: Glimmora|Glimmora, F, shiny|19/100
|-damage|p1a: Glimmora|7/100|[from] Stealth Rock
|-damage|p1a: Glimmora|0 fnt|[from] Spikes
|faint|p1a: Glimmora
|move|p2a: Houndstone|Phantom Force||[still]
|-prepare|p2a: Houndstone|Phantom Force
|
|-heal|p2a: Houndstone|97/100|[from] item: Leftovers
|upkeep
|
|t:|1779557368
|switch|p1a: Kingambit|Kingambit, F, shiny|100/100
|-damage|p1a: Kingambit|94/100|[from] Stealth Rock
|-damage|p1a: Kingambit|69/100|[from] Spikes
|-activate|p1a: Kingambit|ability: Supreme Overlord
|-start|p1a: Kingambit|fallen2|[silent]
|turn|38
|
|t:|1779557378
|move|p2a: Houndstone|Phantom Force|p1a: Kingambit|[from] lockedmove
|-resisted|p1a: Kingambit
|-damage|p1a: Kingambit|59/100
|move|p1a: Kingambit|Iron Head|p2a: Houndstone
|-supereffective|p2a: Houndstone
|-damage|p2a: Houndstone|32/100
|-damage|p1a: Kingambit|49/100|[from] item: Life Orb
|
|-heal|p2a: Houndstone|38/100|[from] item: Leftovers
|upkeep
|turn|39
|
|t:|1779557387
|switch|p2a: Gholdengo|Gholdengo|100/100
|move|p1a: Kingambit|Iron Head|p2a: Gholdengo
|-resisted|p2a: Gholdengo
|-damage|p2a: Gholdengo|74/100
|-enditem|p2a: Gholdengo|Red Card|[of] p1a: Kingambit
|-end|p1a: Kingambit|fallen2|[silent]
|drag|p1a: Raging Bolt|Raging Bolt|38/100
|-damage|p1a: Raging Bolt|25/100|[from] Stealth Rock
|-damage|p1a: Raging Bolt|0 fnt|[from] Spikes
|faint|p1a: Raging Bolt
|-end|p1a: Raging Bolt|Protosynthesis|[silent]
|
|upkeep
|
|t:|1779557397
|switch|p1a: Kingambit|Kingambit, F, shiny|49/100
|-damage|p1a: Kingambit|43/100|[from] Stealth Rock
|-damage|p1a: Kingambit|18/100|[from] Spikes
|-activate|p1a: Kingambit|ability: Supreme Overlord
|-start|p1a: Kingambit|fallen3|[silent]
|turn|40
|
|t:|1779557406
|move|p1a: Kingambit|Sucker Punch|p2a: Gholdengo
|-supereffective|p2a: Gholdengo
|-crit|p2a: Gholdengo
|-damage|p2a: Gholdengo|0 fnt
|faint|p2a: Gholdengo
|-damage|p1a: Kingambit|8/100|[from] item: Life Orb
|
|upkeep
|
|t:|1779557414
|switch|p2a: Forretress|Forretress, M|36/100
|turn|41
|
|t:|1779557417
|move|p1a: Kingambit|Iron Head|p2a: Forretress
|-resisted|p2a: Forretress
|-damage|p2a: Forretress|13/100
|-damage|p1a: Kingambit|0 fnt|[from] item: Life Orb
|faint|p1a: Kingambit
|-end|p1a: Kingambit|fallen3|[silent]
|move|p2a: Forretress|Rapid Spin|p1: Kingambit|[notarget]
|-fail|p2a: Forretress
|
|upkeep
|-message|poping pokemon forfeited.
|
|win|jessies boyfriend
|raw|poping pokemon's rating: 1231 &rarr; <strong>1209</strong><br />(-22 for losing)
|raw|jessies boyfriend's rating: 1278 &rarr; <strong>1300</strong><br />(+22 for winning)
|l|☆poping pokemon
|player|p1|
|l|☆jessies boyfriend
|player|p2|
