|j|☆alex12381723898
|j|☆greatteams123
|t:|1779693012
|gametype|singles
|player|p1|alex12381723898|170|1347
|player|p2|greatteams123|lucas|1365
|gen|9
|tier|[Gen 9] OU
|rated|
|rule|HP Percentage Mod: HP is shown in percentages
|rule|Endless Battle Clause: Forcing endless battles is banned
|rule|Species Clause: Limit one of each Pokémon
|rule|OHKO Clause: OHKO moves are banned
|rule|Evasion Items Clause: Evasion items are banned
|rule|Evasion Moves Clause: Evasion moves are banned
|rule|Evasion Abilities Clause: Evasion abilities are banned
|rule|Sleep Moves Clause: Sleep-inducing moves are banned
|clearpoke
|poke|p1|Landorus-Therian, M|
|poke|p1|Sinistcha|
|poke|p1|Tinkaton, F|
|poke|p1|Moltres|
|poke|p1|Samurott-Hisui, M|
|poke|p1|Hydreigon, M|
|poke|p2|Dragapult, F|
|poke|p2|Corviknight, F|
|poke|p2|Blissey, F|
|poke|p2|Gliscor, F|
|poke|p2|Amoonguss, M|
|poke|p2|Orthworm, M|
|teampreview
|inactive|Battle timer is ON: inactive players will automatically lose when time's up. (requested by alex12381723898)
|
|t:|1779693020
|teamsize|p1|6
|teamsize|p2|6
|start
|switch|p1a: Smile.exe|Tinkaton, F, shiny|100/100
|switch|p2a: Gliscor|Gliscor, F|100/100
|-item|p1a: Smile.exe|Air Balloon
|turn|1
|
|t:|1779693022
|move|p2a: Gliscor|Protect|p2a: Gliscor
|-singleturn|p2a: Gliscor|Protect
|move|p1a: Smile.exe|Stealth Rock|p2a: Gliscor
|-sidestart|p2: greatteams123|move: Stealth Rock
|
|-status|p2a: Gliscor|tox|[from] item: Toxic Orb
|upkeep
|turn|2
|
|t:|1779693028
|move|p1a: Smile.exe|Encore|p2a: Gliscor
|-start|p2a: Gliscor|Encore
|move|p2a: Gliscor|Protect||[still]
|-fail|p2a: Gliscor
|
|upkeep
|turn|3
|
|t:|1779693032
|switch|p1a: Hybrid|Hydreigon, M, shiny|100/100
|switch|p2a: Orthworm|Orthworm, M|100/100
|-damage|p2a: Orthworm|94/100|[from] Stealth Rock
|
|-heal|p2a: Orthworm|100/100|[from] item: Leftovers
|upkeep
|turn|4
|
|t:|1779693037
|switch|p2a: Blissey|Blissey, F|100/100
|move|p1a: Hybrid|Dark Pulse|p2a: Blissey
|-damage|p2a: Blissey|81/100
|
|upkeep
|turn|5
|
|t:|1779693041
|switch|p1a: Phoenix|Moltres, shiny|100/100
|move|p2a: Blissey|Seismic Toss|p1a: Phoenix
|-damage|p1a: Phoenix|74/100
|
|upkeep
|turn|6
|
|t:|1779693051
|move|p1a: Phoenix|Flamethrower|p2a: Blissey
|-damage|p2a: Blissey|70/100
|move|p2a: Blissey|Seismic Toss|p1a: Phoenix
|-damage|p1a: Phoenix|48/100
|-status|p2a: Blissey|brn|[from] ability: Flame Body|[of] p1a: Phoenix
|
|-damage|p2a: Blissey|64/100 brn|[from] brn
|upkeep
|turn|7
|
|t:|1779693055
|move|p1a: Phoenix|Roost|p1a: Phoenix
|-heal|p1a: Phoenix|98/100
|-singleturn|p1a: Phoenix|move: Roost
|move|p2a: Blissey|Soft-Boiled|p2a: Blissey
|-heal|p2a: Blissey|100/100 brn
|
|-damage|p2a: Blissey|94/100 brn|[from] brn
|upkeep
|turn|8
|
|t:|1779693058
|-curestatus|p2a: Blissey|brn|[from] ability: Natural Cure|[silent]
|switch|p2a: Gliscor|Gliscor, F|100/100 tox
|-damage|p2a: Gliscor|88/100 tox|[from] Stealth Rock
|move|p1a: Phoenix|U-turn|p2a: Gliscor
|-resisted|p2a: Gliscor
|-damage|p2a: Gliscor|82/100 tox
|
|t:|1779693060
|switch|p1a: Hybrid|Hydreigon, M, shiny|100/100|[from] U-turn
|
|-heal|p2a: Gliscor|95/100 tox|[from] ability: Poison Heal
|upkeep
|turn|9
|
|t:|1779693063
|-terastallize|p1a: Hybrid|Steel
|move|p2a: Gliscor|Protect|p2a: Gliscor
|-singleturn|p2a: Gliscor|Protect
|move|p1a: Hybrid|Dark Pulse|p2a: Gliscor
|-activate|p2a: Gliscor|move: Protect
|
|-heal|p2a: Gliscor|100/100 tox|[from] ability: Poison Heal
|upkeep
|turn|10
|
|t:|1779693068
|move|p1a: Hybrid|Dark Pulse|p2a: Gliscor
|-damage|p2a: Gliscor|47/100 tox
|move|p2a: Gliscor|Knock Off|p1a: Hybrid
|-damage|p1a: Hybrid|74/100
|-enditem|p1a: Hybrid|Choice Specs|[from] move: Knock Off|[of] p2a: Gliscor
|
|-heal|p2a: Gliscor|60/100 tox|[from] ability: Poison Heal
|upkeep
|turn|11
|
|t:|1779693072
|move|p2a: Gliscor|Protect|p2a: Gliscor
|-singleturn|p2a: Gliscor|Protect
|move|p1a: Hybrid|Dark Pulse|p2a: Gliscor
|-activate|p2a: Gliscor|move: Protect
|
|-heal|p2a: Gliscor|72/100 tox|[from] ability: Poison Heal
|upkeep
|turn|12
|
|t:|1779693080
|switch|p2a: Blissey|Blissey, F|94/100
|move|p1a: Hybrid|Dark Pulse|p2a: Blissey
|-damage|p2a: Blissey|82/100
|
|upkeep
|turn|13
|
|t:|1779693083
|switch|p1a: Sagittarius|Sinistcha, shiny|100/100
|move|p2a: Blissey|Seismic Toss|p1a: Sagittarius
|-immune|p1a: Sagittarius
|
|upkeep
|turn|14
|
|t:|1779693090
|move|p1a: Sagittarius|Matcha Gotcha|p2a: Blissey
|-damage|p2a: Blissey|72/100
|move|p2a: Blissey|Calm Mind|p2a: Blissey
|-boost|p2a: Blissey|spa|1
|-boost|p2a: Blissey|spd|1
|
|upkeep
|turn|15
|
|t:|1779693095
|switch|p1a: Enten|Landorus-Therian, M, shiny|100/100
|-ability|p1a: Enten|Intimidate|boost
|-unboost|p2a: Blissey|atk|1
|move|p2a: Blissey|Shadow Ball|p1a: Enten
|-damage|p1a: Enten|71/100
|
|upkeep
|turn|16
|
|t:|1779693099
|switch|p2a: Gliscor|Gliscor, F|72/100 tox
|-damage|p2a: Gliscor|60/100 tox|[from] Stealth Rock
|move|p1a: Enten|U-turn|p2a: Gliscor
|-resisted|p2a: Gliscor
|-damage|p2a: Gliscor|50/100 tox
|
|t:|1779693102
|switch|p1a: Hybrid|Hydreigon, M, shiny, tera:Steel|74/100|[from] U-turn
|
|-heal|p2a: Gliscor|63/100 tox|[from] ability: Poison Heal
|upkeep
|turn|17
|
|t:|1779693104
|move|p2a: Gliscor|Protect|p2a: Gliscor
|-singleturn|p2a: Gliscor|Protect
|move|p1a: Hybrid|Dark Pulse|p2a: Gliscor
|-activate|p2a: Gliscor|move: Protect
|
|-heal|p2a: Gliscor|75/100 tox|[from] ability: Poison Heal
|upkeep
|turn|18
|
|t:|1779693111
|move|p1a: Hybrid|Dark Pulse|p2a: Gliscor
|-damage|p2a: Gliscor|39/100 tox
|cant|p2a: Gliscor|flinch
|
|-heal|p2a: Gliscor|51/100 tox|[from] ability: Poison Heal
|upkeep
|turn|19
|
|t:|1779693114
|move|p2a: Gliscor|Protect|p2a: Gliscor
|-singleturn|p2a: Gliscor|Protect
|move|p1a: Hybrid|Dark Pulse|p2a: Gliscor
|-activate|p2a: Gliscor|move: Protect
|
|-heal|p2a: Gliscor|64/100 tox|[from] ability: Poison Heal
|upkeep
|turn|20
|
|t:|1779693121
|switch|p2a: Blissey|Blissey, F|72/100
|move|p1a: Hybrid|Dark Pulse|p2a: Blissey
|-damage|p2a: Blissey|60/100
|
|upkeep
|turn|21
|
|t:|1779693124
|switch|p1a: Sagittarius|Sinistcha, shiny|100/100
|move|p2a: Blissey|Soft-Boiled|p2a: Blissey
|-heal|p2a: Blissey|100/100
|
|upkeep
|turn|22
|
|t:|1779693128
|switch|p2a: Gliscor|Gliscor, F|64/100 tox
|-damage|p2a: Gliscor|51/100 tox|[from] Stealth Rock
|move|p1a: Sagittarius|Calm Mind|p1a: Sagittarius
|-boost|p1a: Sagittarius|spa|1
|-boost|p1a: Sagittarius|spd|1
|
|-heal|p2a: Gliscor|64/100 tox|[from] ability: Poison Heal
|upkeep
|turn|23
|
|t:|1779693132
|move|p2a: Gliscor|Protect|p2a: Gliscor
|-singleturn|p2a: Gliscor|Protect
|move|p1a: Sagittarius|Matcha Gotcha|p2a: Gliscor
|-activate|p2a: Gliscor|move: Protect
|
|-heal|p2a: Gliscor|76/100 tox|[from] ability: Poison Heal
|upkeep
|turn|24
|
|t:|1779693136
|move|p2a: Gliscor|Toxic|p1a: Sagittarius
|-status|p1a: Sagittarius|tox
|move|p1a: Sagittarius|Matcha Gotcha|p2a: Gliscor
|-damage|p2a: Gliscor|31/100 tox
|
|-heal|p2a: Gliscor|44/100 tox|[from] ability: Poison Heal
|-damage|p1a: Sagittarius|94/100 tox|[from] psn
|upkeep
|turn|25
|
|t:|1779693142
|move|p2a: Gliscor|Protect|p2a: Gliscor
|-singleturn|p2a: Gliscor|Protect
|move|p1a: Sagittarius|Calm Mind|p1a: Sagittarius
|-boost|p1a: Sagittarius|spa|1
|-boost|p1a: Sagittarius|spd|1
|
|-heal|p2a: Gliscor|56/100 tox|[from] ability: Poison Heal
|-damage|p1a: Sagittarius|82/100 tox|[from] psn
|upkeep
|turn|26
|
|t:|1779693146
|switch|p2a: Blissey|Blissey, F|100/100
|move|p1a: Sagittarius|Matcha Gotcha|p2a: Blissey
|-damage|p2a: Blissey|82/100
|-heal|p1a: Sagittarius|99/100 tox|[from] drain|[of] p2a: Blissey
|-status|p2a: Blissey|brn
|
|-damage|p1a: Sagittarius|82/100 tox|[from] psn
|-damage|p2a: Blissey|76/100 brn|[from] brn
|upkeep
|turn|27
|
|t:|1779693149
|switch|p1a: Jack Sparrow|Samurott-Hisui, M, shiny|100/100
|move|p2a: Blissey|Calm Mind|p2a: Blissey
|-boost|p2a: Blissey|spa|1
|-boost|p2a: Blissey|spd|1
|
|-damage|p2a: Blissey|70/100 brn|[from] brn
|upkeep
|turn|28
|
|t:|1779693152
|-curestatus|p2a: Blissey|brn|[from] ability: Natural Cure|[silent]
|switch|p2a: Amoonguss|Amoonguss, M|100/100
|move|p1a: Jack Sparrow|Ceaseless Edge|p2a: Amoonguss|[miss]
|-miss|p1a: Jack Sparrow|p2a: Amoonguss
|
|upkeep
|turn|29
|
|t:|1779693157
|move|p1a: Jack Sparrow|Flip Turn|p2a: Amoonguss
|-resisted|p2a: Amoonguss
|-damage|p2a: Amoonguss|90/100
|
|t:|1779693159
|switch|p1a: Smile.exe|Tinkaton, F, shiny|100/100|[from] Flip Turn
|-item|p1a: Smile.exe|Air Balloon
|move|p2a: Amoonguss|Toxic|p1a: Smile.exe
|-immune|p1a: Smile.exe
|
|upkeep
|turn|30
|
|t:|1779693163
|switch|p2a: Orthworm|Orthworm, M|100/100
|-damage|p2a: Orthworm|94/100|[from] Stealth Rock
|move|p1a: Smile.exe|Gigaton Hammer|p2a: Orthworm
|-resisted|p2a: Orthworm
|-damage|p2a: Orthworm|76/100
|
|-heal|p2a: Orthworm|82/100|[from] item: Leftovers
|upkeep
|turn|31
|
|t:|1779693182
|move|p1a: Smile.exe|Stealth Rock||[still]
|-fail|p1a: Smile.exe
|move|p2a: Orthworm|Body Press|p1a: Smile.exe
|-damage|p1a: Smile.exe|63/100
|-enditem|p1a: Smile.exe|Air Balloon
|-enditem|p2a: Orthworm|Leftovers|[silent]|[from] ability: Pickpocket|[of] p2a: Orthworm
|-item|p1a: Smile.exe|Leftovers|[from] ability: Pickpocket|[of] p2a: Orthworm
|
|-heal|p1a: Smile.exe|69/100|[from] item: Leftovers
|upkeep
|turn|32
|
|t:|1779693188
|switch|p1a: Sagittarius|Sinistcha, shiny|82/100 tox
|move|p2a: Orthworm|Body Press|p1a: Sagittarius
|-immune|p1a: Sagittarius
|
|-damage|p1a: Sagittarius|76/100 tox|[from] psn
|upkeep
|turn|33
|
|t:|1779693194
|move|p1a: Sagittarius|Strength Sap|p2a: Orthworm
|-unboost|p2a: Orthworm|atk|1
|-heal|p1a: Sagittarius|100/100 tox
|move|p2a: Orthworm|Rest|p2a: Orthworm
|-status|p2a: Orthworm|slp|[from] move: Rest
|-heal|p2a: Orthworm|100/100 slp|[silent]
|
|-damage|p1a: Sagittarius|88/100 tox|[from] psn
|upkeep
|turn|34
|
|t:|1779693198
|switch|p1a: Phoenix|Moltres, shiny|98/100
|cant|p2a: Orthworm|slp
|
|upkeep
|turn|35
|
|t:|1779693204
|switch|p2a: Blissey|Blissey, F|70/100
|move|p1a: Phoenix|U-turn|p2a: Blissey
|-damage|p2a: Blissey|54/100
|
|t:|1779693207
|switch|p1a: Jack Sparrow|Samurott-Hisui, M, shiny|100/100|[from] U-turn
|
|upkeep
|turn|36
|
|t:|1779693213
|switch|p2a: Amoonguss|Amoonguss, M|100/100
|move|p1a: Jack Sparrow|Knock Off|p2a: Amoonguss
|-damage|p2a: Amoonguss|68/100
|-enditem|p2a: Amoonguss|Heavy-Duty Boots|[from] move: Knock Off|[of] p1a: Jack Sparrow
|
|upkeep
|turn|37
|
|t:|1779693216
|move|p1a: Jack Sparrow|Flip Turn|p2a: Amoonguss
|-resisted|p2a: Amoonguss
|-damage|p2a: Amoonguss|57/100
|
|t:|1779693219
|switch|p1a: Smile.exe|Tinkaton, F, shiny|69/100|[from] Flip Turn
|move|p2a: Amoonguss|Toxic|p1a: Smile.exe
|-immune|p1a: Smile.exe
|
|-heal|p1a: Smile.exe|75/100|[from] item: Leftovers
|upkeep
|turn|38
|
|t:|1779693223
|switch|p2a: Corviknight|Corviknight, F|100/100
|-damage|p2a: Corviknight|88/100|[from] Stealth Rock
|-ability|p2a: Corviknight|Pressure
|move|p1a: Smile.exe|Gigaton Hammer|p2a: Corviknight
|-resisted|p2a: Corviknight
|-crit|p2a: Corviknight
|-damage|p2a: Corviknight|62/100
|
|-heal|p1a: Smile.exe|82/100|[from] item: Leftovers
|-heal|p2a: Corviknight|68/100|[from] item: Leftovers
|upkeep
|turn|39
|
|t:|1779693227
|move|p1a: Smile.exe|Stealth Rock||[still]
|-fail|p1a: Smile.exe
|move|p2a: Corviknight|Brave Bird|p1a: Smile.exe
|-resisted|p1a: Smile.exe
|-damage|p1a: Smile.exe|57/100
|-damage|p2a: Corviknight|62/100|[from] Recoil
|
|-heal|p1a: Smile.exe|63/100|[from] item: Leftovers
|-heal|p2a: Corviknight|68/100|[from] item: Leftovers
|upkeep
|turn|40
|
|t:|1779693230
|move|p1a: Smile.exe|Encore|p2a: Corviknight
|-start|p2a: Corviknight|Encore
|move|p2a: Corviknight|Brave Bird|p1a: Smile.exe
|-resisted|p1a: Smile.exe
|-damage|p1a: Smile.exe|38/100
|-damage|p2a: Corviknight|61/100|[from] Recoil
|
|-heal|p1a: Smile.exe|44/100|[from] item: Leftovers
|-heal|p2a: Corviknight|67/100|[from] item: Leftovers
|upkeep
|turn|41
|
|t:|1779693232
|switch|p1a: Phoenix|Moltres, shiny|98/100
|move|p2a: Corviknight|Brave Bird|p1a: Phoenix
|-damage|p1a: Phoenix|65/100
|-damage|p2a: Corviknight|57/100|[from] Recoil
|
|-heal|p2a: Corviknight|63/100|[from] item: Leftovers
|upkeep
|turn|42
|
|t:|1779693237
|switch|p2a: Gliscor|Gliscor, F|56/100 tox
|-damage|p2a: Gliscor|44/100 tox|[from] Stealth Rock
|move|p1a: Phoenix|U-turn|p2a: Gliscor
|-resisted|p2a: Gliscor
|-damage|p2a: Gliscor|38/100 tox
|
|t:|1779693239
|switch|p1a: Hybrid|Hydreigon, M, shiny, tera:Steel|74/100|[from] U-turn
|
|-heal|p2a: Gliscor|51/100 tox|[from] ability: Poison Heal
|upkeep
|turn|43
|
|t:|1779693241
|move|p2a: Gliscor|Protect|p2a: Gliscor
|-singleturn|p2a: Gliscor|Protect
|move|p1a: Hybrid|Dark Pulse|p2a: Gliscor
|-activate|p2a: Gliscor|move: Protect
|
|-heal|p2a: Gliscor|63/100 tox|[from] ability: Poison Heal
|upkeep
|turn|44
|
|t:|1779693246
|switch|p2a: Blissey|Blissey, F|54/100
|move|p1a: Hybrid|Draco Meteor|p2a: Blissey
|-damage|p2a: Blissey|35/100
|-unboost|p1a: Hybrid|spa|2
|
|upkeep
|turn|45
|
|t:|1779693248
|switch|p1a: Jack Sparrow|Samurott-Hisui, M, shiny|100/100
|move|p2a: Blissey|Soft-Boiled|p2a: Blissey
|-heal|p2a: Blissey|85/100
|
|upkeep
|turn|46
|
|t:|1779693253
|switch|p2a: Amoonguss|Amoonguss, M|91/100
|-damage|p2a: Amoonguss|78/100|[from] Stealth Rock
|move|p1a: Jack Sparrow|Ceaseless Edge|p2a: Amoonguss
|-damage|p2a: Amoonguss|43/100
|-sidestart|p2: greatteams123|Spikes
|
|upkeep
|turn|47
|
|t:|1779693260
|move|p1a: Jack Sparrow|Flip Turn|p2a: Amoonguss
|-resisted|p2a: Amoonguss
|-damage|p2a: Amoonguss|33/100
|
|t:|1779693263
|switch|p1a: Smile.exe|Tinkaton, F, shiny|44/100|[from] Flip Turn
|move|p2a: Amoonguss|Synthesis|p2a: Amoonguss
|-heal|p2a: Amoonguss|83/100
|
|-heal|p1a: Smile.exe|50/100|[from] item: Leftovers
|upkeep
|turn|48
|
|t:|1779693267
|switch|p2a: Corviknight|Corviknight, F|63/100
|-damage|p2a: Corviknight|51/100|[from] Stealth Rock
|-ability|p2a: Corviknight|Pressure
|move|p1a: Smile.exe|Gigaton Hammer|p2a: Corviknight
|-resisted|p2a: Corviknight
|-damage|p2a: Corviknight|35/100
|
|-heal|p1a: Smile.exe|56/100|[from] item: Leftovers
|-heal|p2a: Corviknight|41/100|[from] item: Leftovers
|upkeep
|turn|49
|
|t:|1779693271
|switch|p1a: Phoenix|Moltres, shiny|65/100
|move|p2a: Corviknight|Defog|p1a: Phoenix
|-unboost|p1a: Phoenix|evasion|1
|-sideend|p2: greatteams123|Spikes|[from] move: Defog|[of] p2a: Corviknight
|-sideend|p2: greatteams123|Stealth Rock|[from] move: Defog|[of] p2a: Corviknight
|
|-heal|p2a: Corviknight|47/100|[from] item: Leftovers
|upkeep
|turn|50
|
|t:|1779693274
|switch|p2a: Gliscor|Gliscor, F|63/100 tox
|move|p1a: Phoenix|Flamethrower|p2a: Gliscor
|-damage|p2a: Gliscor|30/100 tox
|
|-heal|p2a: Gliscor|43/100 tox|[from] ability: Poison Heal
|upkeep
|turn|51
|
|t:|1779693280
|switch|p1a: Hybrid|Hydreigon, M, shiny, tera:Steel|74/100
|move|p2a: Gliscor|Spikes|p1a: Hybrid
|-sidestart|p1: alex12381723898|Spikes
|
|-heal|p2a: Gliscor|55/100 tox|[from] ability: Poison Heal
|upkeep
|turn|52
|
|t:|1779693282
|move|p2a: Gliscor|Protect|p2a: Gliscor
|-singleturn|p2a: Gliscor|Protect
|move|p1a: Hybrid|Dark Pulse|p2a: Gliscor
|-activate|p2a: Gliscor|move: Protect
|
|-heal|p2a: Gliscor|68/100 tox|[from] ability: Poison Heal
|upkeep
|turn|53
|
|t:|1779693289
|switch|p1a: Smile.exe|Tinkaton, F, shiny|56/100
|-damage|p1a: Smile.exe|44/100|[from] Spikes
|switch|p2a: Amoonguss|Amoonguss, M|100/100
|
|-heal|p1a: Smile.exe|50/100|[from] item: Leftovers
|upkeep
|turn|54
|
|t:|1779693300
|move|p1a: Smile.exe|Stealth Rock|p2a: Amoonguss
|-sidestart|p2: greatteams123|move: Stealth Rock
|move|p2a: Amoonguss|Foul Play|p1a: Smile.exe
|-resisted|p1a: Smile.exe
|-damage|p1a: Smile.exe|33/100
|
|-heal|p1a: Smile.exe|39/100|[from] item: Leftovers
|upkeep
|turn|55
|
|t:|1779693303
|move|p1a: Smile.exe|Gigaton Hammer|p2a: Amoonguss
|-damage|p2a: Amoonguss|57/100
|move|p2a: Amoonguss|Foul Play|p1a: Smile.exe
|-resisted|p1a: Smile.exe
|-damage|p1a: Smile.exe|23/100
|
|-heal|p1a: Smile.exe|29/100|[from] item: Leftovers
|upkeep
|turn|56
|
|t:|1779693310
|switch|p2a: Corviknight|Corviknight, F|47/100
|-damage|p2a: Corviknight|34/100|[from] Stealth Rock
|-ability|p2a: Corviknight|Pressure
|move|p1a: Smile.exe|Ice Hammer|p2a: Corviknight|[miss]
|-miss|p1a: Smile.exe|p2a: Corviknight
|
|-heal|p1a: Smile.exe|36/100|[from] item: Leftovers
|-heal|p2a: Corviknight|40/100|[from] item: Leftovers
|upkeep
|turn|57
|
|t:|1779693315
|move|p1a: Smile.exe|Gigaton Hammer|p2a: Corviknight
|-resisted|p2a: Corviknight
|-damage|p2a: Corviknight|23/100
|move|p2a: Corviknight|Roost|p2a: Corviknight
|-heal|p2a: Corviknight|73/100
|-singleturn|p2a: Corviknight|move: Roost
|
|-heal|p1a: Smile.exe|42/100|[from] item: Leftovers
|-heal|p2a: Corviknight|79/100|[from] item: Leftovers
|upkeep
|turn|58
|
|t:|1779693323
|switch|p2a: Orthworm|Orthworm, M|100/100 slp
|-damage|p2a: Orthworm|94/100 slp|[from] Stealth Rock
|move|p1a: Smile.exe|Encore||[still]
|-fail|p1a: Smile.exe
|
|-heal|p1a: Smile.exe|48/100|[from] item: Leftovers
|upkeep
|turn|59
|
|t:|1779693327
|switch|p1a: Phoenix|Moltres, shiny|65/100
|cant|p2a: Orthworm|slp
|move|p2a: Orthworm|Sleep Talk|p2a: Orthworm
|move|p2a: Orthworm|Iron Defense|p2a: Orthworm|[from] move: Sleep Talk
|-boost|p2a: Orthworm|def|2
|
|upkeep
|turn|60
|
|t:|1779693330
|move|p1a: Phoenix|Flamethrower|p2a: Orthworm
|-supereffective|p2a: Orthworm
|-crit|p2a: Orthworm
|-damage|p2a: Orthworm|0 fnt
|faint|p2a: Orthworm
|
|upkeep
|-message|greatteams123 forfeited.
|
|win|alex12381723898
|raw|alex12381723898's rating: 1347 &rarr; <strong>1369</strong><br />(+22 for winning)
|raw|greatteams123's rating: 1384 &rarr; <strong>1362</strong><br />(-22 for losing)
|l|☆alex12381723898
|player|p1|
|l|☆greatteams123
|player|p2|
