|j|☆phap'a
|j|☆KOSEKlBIJOU
|t:|1779640989
|gametype|singles
|player|p1|phap'a|dawn|1206
|player|p2|KOSEKlBIJOU|red|1254
|gen|9
|tier|[Gen 9] OU
|rated|
|rule|HP Percentage Mod: HP is shown in percentages
|rule|Endless Battle Clause: Forcing endless battles is banned
|rule|Species Clause: Limit one of each Pokémon
|rule|OHKO Clause: OHKO moves are banned
|rule|Evasion Items Clause: Evasion items are banned
|rule|Evasion Moves Clause: Evasion moves are banned
|rule|Evasion Abilities Clause: Evasion abilities are banned
|rule|Sleep Moves Clause: Sleep-inducing moves are banned
|clearpoke
|poke|p1|Iron Treads|
|poke|p1|Samurott-Hisui, M|
|poke|p1|Iron Moth|
|poke|p1|Kyurem|
|poke|p1|Ting-Lu|
|poke|p1|Regieleki|
|poke|p2|Ribombee, F|
|poke|p2|Meloetta|
|poke|p2|Gholdengo|
|poke|p2|Great Tusk|
|poke|p2|Kingambit, M|
|poke|p2|Raging Bolt|
|teampreview
|c|☆phap'a|let's make this quick
|c|☆phap'a|GLHF
|inactive|Battle timer is ON: inactive players will automatically lose when time's up. (requested by phap'a)
|
|t:|1779641003
|teamsize|p1|6
|teamsize|p2|6
|start
|switch|p1a: Regieleki|Regieleki|100/100
|switch|p2a: Great Tusk|Great Tusk|100/100
|turn|1
|
|t:|1779641010
|move|p1a: Regieleki|Reflect|p1a: Regieleki
|-sidestart|p1: phap'a|Reflect
|move|p2a: Great Tusk|Earthquake|p1a: Regieleki
|-supereffective|p1a: Regieleki
|-damage|p1a: Regieleki|8/100
|
|upkeep
|turn|2
|
|t:|1779641015
|move|p1a: Regieleki|Light Screen|p1a: Regieleki
|-sidestart|p1: phap'a|move: Light Screen
|move|p2a: Great Tusk|Knock Off|p1a: Regieleki
|-damage|p1a: Regieleki|0 fnt
|-enditem|p1a: Regieleki|Light Clay|[from] move: Knock Off|[of] p2a: Great Tusk
|faint|p1a: Regieleki
|
|upkeep
|
|t:|1779641023
|switch|p1a: Kyurem|Kyurem|100/100
|-ability|p1a: Kyurem|Pressure
|turn|3
|
|t:|1779641031
|-end|p2a: Great Tusk|Protosynthesis|[silent]
|switch|p2a: Gholdengo|Gholdengo|100/100
|-item|p2a: Gholdengo|Air Balloon
|move|p1a: Kyurem|Dragon Dance|p1a: Kyurem
|-boost|p1a: Kyurem|atk|1
|-boost|p1a: Kyurem|spe|1
|
|upkeep
|turn|4
|
|t:|1779641039
|move|p1a: Kyurem|Icicle Spear|p2a: Gholdengo
|-resisted|p2a: Gholdengo
|-damage|p2a: Gholdengo|88/100
|-enditem|p2a: Gholdengo|Air Balloon
|-resisted|p2a: Gholdengo
|-damage|p2a: Gholdengo|76/100
|-resisted|p2a: Gholdengo
|-damage|p2a: Gholdengo|65/100
|-resisted|p2a: Gholdengo
|-damage|p2a: Gholdengo|53/100
|-resisted|p2a: Gholdengo
|-damage|p2a: Gholdengo|40/100
|-hitcount|p2a: Gholdengo|5
|move|p2a: Gholdengo|Make It Rain|p1a: Kyurem
|-supereffective|p1a: Kyurem
|-damage|p1a: Kyurem|41/100
|-unboost|p2a: Gholdengo|spa|1
|
|upkeep
|turn|5
|
|t:|1779641060
|switch|p2a: Ribombee|Ribombee, F|100/100
|move|p1a: Kyurem|Earth Power|p2a: Ribombee
|-resisted|p2a: Ribombee
|-crit|p2a: Ribombee
|-damage|p2a: Ribombee|69/100
|
|upkeep
|turn|6
|
|t:|1779641069
|move|p1a: Kyurem|Icicle Spear|p2a: Ribombee
|-damage|p2a: Ribombee|24/100
|-damage|p2a: Ribombee|0 fnt
|faint|p2a: Ribombee
|-hitcount|p2: Ribombee|2
|
|upkeep
|
|t:|1779641076
|switch|p2a: Raging Bolt|Raging Bolt|100/100
|turn|7
|
|t:|1779641084
|-terastallize|p2a: Raging Bolt|Fairy
|move|p1a: Kyurem|Icicle Spear|p2a: Raging Bolt
|-damage|p2a: Raging Bolt|82/100
|-damage|p2a: Raging Bolt|65/100
|-damage|p2a: Raging Bolt|47/100
|-damage|p2a: Raging Bolt|29/100
|-damage|p2a: Raging Bolt|10/100
|-hitcount|p2a: Raging Bolt|5
|move|p2a: Raging Bolt|Dragon Pulse|p1a: Kyurem
|-supereffective|p1a: Kyurem
|-damage|p1a: Kyurem|0 fnt
|faint|p1a: Kyurem
|
|-heal|p2a: Raging Bolt|16/100|[from] item: Leftovers
|upkeep
|
|t:|1779641096
|switch|p1a: Iron Treads|Iron Treads|100/100
|-enditem|p1a: Iron Treads|Booster Energy
|-activate|p1a: Iron Treads|ability: Quark Drive|[fromitem]
|-start|p1a: Iron Treads|quarkdrivespe
|turn|8
|
|t:|1779641104
|-end|p2a: Raging Bolt|Protosynthesis|[silent]
|switch|p2a: Great Tusk|Great Tusk|100/100
|move|p1a: Iron Treads|Rapid Spin|p2a: Great Tusk
|-damage|p2a: Great Tusk|88/100
|-boost|p1a: Iron Treads|spe|1
|
|-heal|p2a: Great Tusk|95/100|[from] item: Leftovers
|-sideend|p1: phap'a|Reflect
|upkeep
|turn|9
|
|t:|1779641115
|move|p1a: Iron Treads|Earthquake|p2a: Great Tusk
|-damage|p2a: Great Tusk|60/100
|move|p2a: Great Tusk|Earthquake|p1a: Iron Treads
|-supereffective|p1a: Iron Treads
|-damage|p1a: Iron Treads|0 fnt
|faint|p1a: Iron Treads
|-end|p1a: Iron Treads|Quark Drive|[silent]
|
|-heal|p2a: Great Tusk|66/100|[from] item: Leftovers
|-sideend|p1: phap'a|move: Light Screen
|upkeep
|
|t:|1779641122
|switch|p1a: Samurott|Samurott-Hisui, M|100/100
|turn|10
|
|t:|1779641138
|-end|p2a: Great Tusk|Protosynthesis|[silent]
|switch|p2a: Gholdengo|Gholdengo|40/100
|switch|p1a: Ting-Lu|Ting-Lu|100/100
|-ability|p1a: Ting-Lu|Vessel of Ruin
|
|upkeep
|turn|11
|
|t:|1779641148
|move|p2a: Gholdengo|Recover|p2a: Gholdengo
|-heal|p2a: Gholdengo|91/100
|move|p1a: Ting-Lu|Ruination|p2a: Gholdengo
|-damage|p2a: Gholdengo|46/100
|
|upkeep
|turn|12
|
|t:|1779641158
|switch|p2a: Great Tusk|Great Tusk|66/100
|move|p1a: Ting-Lu|Ruination|p2a: Great Tusk
|-damage|p2a: Great Tusk|33/100
|
|-heal|p2a: Great Tusk|40/100|[from] item: Leftovers
|upkeep
|turn|13
|
|t:|1779641167
|move|p2a: Great Tusk|Stealth Rock|p1a: Ting-Lu
|-sidestart|p1: phap'a|move: Stealth Rock
|move|p1a: Ting-Lu|Earthquake|p2a: Great Tusk
|-damage|p2a: Great Tusk|2/100
|
|-heal|p2a: Great Tusk|8/100|[from] item: Leftovers
|upkeep
|turn|14
|
|t:|1779641174
|move|p2a: Great Tusk|Knock Off|p1a: Ting-Lu
|-resisted|p1a: Ting-Lu
|-damage|p1a: Ting-Lu|92/100
|-damage|p2a: Great Tusk|0 fnt|[from] item: Rocky Helmet|[of] p1a: Ting-Lu
|faint|p2a: Great Tusk
|-end|p2a: Great Tusk|Protosynthesis|[silent]
|move|p1a: Ting-Lu|Stealth Rock|p2: Great Tusk
|-sidestart|p2: KOSEKlBIJOU|move: Stealth Rock
|
|upkeep
|
|t:|1779641181
|switch|p2a: Meloetta|Meloetta|100/100
|-damage|p2a: Meloetta|88/100|[from] Stealth Rock
|turn|15
|
|t:|1779641187
|move|p2a: Meloetta|Focus Blast|p1a: Ting-Lu
|-supereffective|p1a: Ting-Lu
|-damage|p1a: Ting-Lu|15/100
|move|p1a: Ting-Lu|Whirlwind|p2a: Meloetta
|drag|p2a: Gholdengo|Gholdengo|46/100
|-damage|p2a: Gholdengo|40/100|[from] Stealth Rock
|
|upkeep
|turn|16
|
|t:|1779641197
|move|p2a: Gholdengo|Make It Rain|p1a: Ting-Lu
|-damage|p1a: Ting-Lu|0 fnt
|-unboost|p2a: Gholdengo|spa|1
|faint|p1a: Ting-Lu
|
|upkeep
|
|t:|1779641202
|switch|p1a: Iron Moth|Iron Moth|100/100
|-damage|p1a: Iron Moth|76/100|[from] Stealth Rock
|-enditem|p1a: Iron Moth|Booster Energy
|-activate|p1a: Iron Moth|ability: Quark Drive|[fromitem]
|-start|p1a: Iron Moth|quarkdrivespa
|turn|17
|
|t:|1779641220
|move|p1a: Iron Moth|Fiery Dance|p2a: Gholdengo
|-supereffective|p2a: Gholdengo
|-damage|p2a: Gholdengo|0 fnt
|faint|p2a: Gholdengo
|
|upkeep
|
|t:|1779641223
|switch|p2a: Raging Bolt|Raging Bolt, tera:Fairy|16/100
|-damage|p2a: Raging Bolt|4/100|[from] Stealth Rock
|turn|18
|
|t:|1779641227
|move|p2a: Raging Bolt|Thunderclap|p1a: Iron Moth
|-damage|p1a: Iron Moth|33/100
|move|p1a: Iron Moth|Fiery Dance|p2a: Raging Bolt
|-damage|p2a: Raging Bolt|0 fnt
|faint|p2a: Raging Bolt
|-end|p2a: Raging Bolt|Protosynthesis|[silent]
|
|upkeep
|
|t:|1779641230
|switch|p2a: Kingambit|Kingambit, M|100/100
|-damage|p2a: Kingambit|94/100|[from] Stealth Rock
|-activate|p2a: Kingambit|ability: Supreme Overlord
|-start|p2a: Kingambit|fallen4|[silent]
|turn|19
|
|t:|1779641237
|move|p2a: Kingambit|Sucker Punch|p1a: Iron Moth
|-damage|p1a: Iron Moth|0 fnt
|faint|p1a: Iron Moth
|-end|p1a: Iron Moth|Quark Drive|[silent]
|
|upkeep
|
|t:|1779641240
|switch|p1a: Samurott|Samurott-Hisui, M|100/100
|-damage|p1a: Samurott|88/100|[from] Stealth Rock
|turn|20
|
|t:|1779641245
|-terastallize|p1a: Samurott|Fighting
|move|p1a: Samurott|Sacred Sword|p2a: Kingambit
|-supereffective|p2a: Kingambit
|-damage|p2a: Kingambit|0 fnt
|faint|p2a: Kingambit
|-end|p2a: Kingambit|fallen4|[silent]
|-damage|p1a: Samurott|78/100|[from] item: Life Orb
|
|upkeep
|
|t:|1779641250
|switch|p2a: Meloetta|Meloetta|88/100
|-damage|p2a: Meloetta|76/100|[from] Stealth Rock
|turn|21
|c|☆phap'a|i tera-d for nothing
|c|☆phap'a|now dark stab is gone
|c|☆phap'a|was this your game plan?
|c|☆KOSEKlBIJOU|Dunno
|inactive|phap'a has 120 seconds left.
|c|☆phap'a|game plan it is then
|c|☆KOSEKlBIJOU|I play for fun
|c|☆phap'a|well played, light yagami
|
|t:|1779641300
|move|p2a: Meloetta|Psychic|p1a: Samurott
|-supereffective|p1a: Samurott
|-damage|p1a: Samurott|0 fnt
|faint|p1a: Samurott
|
|win|KOSEKlBIJOU
|raw|phap&apos;a's rating: 1206 &rarr; <strong>1184</strong><br />(-22 for losing)
|raw|KOSEKlBIJOU's rating: 1254 &rarr; <strong>1276</strong><br />(+22 for winning)
|c|☆KOSEKlBIJOU|Cheers
|l|☆KOSEKlBIJOU
|player|p2|
|c|☆phap'a|take care
|l|☆phap'a
|player|p1|
