|j|☆zk1314
|j|☆huuuehuueekk
|t:|1779598744
|gametype|singles
|player|p1|zk1314|n|1396
|player|p2|huuuehuueekk|steven|1325
|gen|9
|tier|[Gen 9] OU
|rated|
|rule|HP Percentage Mod: HP is shown in percentages
|rule|Endless Battle Clause: Forcing endless battles is banned
|rule|Species Clause: Limit one of each Pokémon
|rule|OHKO Clause: OHKO moves are banned
|rule|Evasion Items Clause: Evasion items are banned
|rule|Evasion Moves Clause: Evasion moves are banned
|rule|Evasion Abilities Clause: Evasion abilities are banned
|rule|Sleep Moves Clause: Sleep-inducing moves are banned
|clearpoke
|poke|p1|Armarouge, F|
|poke|p1|Glimmora, F|
|poke|p1|Corviknight, M|
|poke|p1|Iron Valiant|
|poke|p1|Ceruledge, F|
|poke|p1|Slowking-Galar, M|
|poke|p2|Suicune|
|poke|p2|Dragonite, M|
|poke|p2|Cinderace, M|
|poke|p2|Zamazenta-*|
|poke|p2|Pecharunt|
|poke|p2|Zapdos-Galar|
|teampreview
|inactive|Battle timer is ON: inactive players will automatically lose when time's up. (requested by huuuehuueekk)
|inactive|huuuehuueekk has 120 seconds left.
|inactive|huuuehuueekk has 90 seconds left.
|inactive|huuuehuueekk has 60 seconds left.
|
|t:|1779598836
|teamsize|p1|6
|teamsize|p2|6
|start
|switch|p1a: Glimmora|Glimmora, F|100/100
|switch|p2a: Cinderace|Cinderace, M|100/100
|turn|1
|
|t:|1779598843
|move|p2a: Cinderace|High Jump Kick|p1a: Glimmora
|-start|p2a: Cinderace|typechange|Fighting|[from] ability: Libero
|-damage|p1a: Glimmora|24/100
|-activate|p1a: Glimmora|ability: Toxic Debris
|-sidestart|p2: huuuehuueekk|move: Toxic Spikes
|move|p1a: Glimmora|Power Gem|p2a: Cinderace
|-resisted|p2a: Cinderace
|-damage|p2a: Cinderace|68/100
|
|upkeep
|turn|2
|
|t:|1779598855
|switch|p1a: Slowking|Slowking-Galar, M|100/100
|move|p2a: Cinderace|High Jump Kick|p1a: Slowking
|-resisted|p1a: Slowking
|-damage|p1a: Slowking|85/100
|
|upkeep
|turn|3
|
|t:|1779598866
|move|p2a: Cinderace|Court Change|p2a: Cinderace
|-swapsideconditions
|-activate|p2a: Cinderace|move: Court Change
|move|p1a: Slowking|Thunder Wave|p2a: Cinderace|[miss]
|-miss|p1a: Slowking|p2a: Cinderace
|
|upkeep
|turn|4
|
|t:|1779598872
|move|p2a: Cinderace|U-turn|p1a: Slowking
|-damage|p1a: Slowking|61/100
|
|t:|1779598875
|switch|p2a: Suicune|Suicune, shiny|100/100|[from] U-turn
|-ability|p2a: Suicune|Pressure
|move|p1a: Slowking|Thunder Wave|p2a: Suicune
|-status|p2a: Suicune|par
|
|upkeep
|turn|5
|
|t:|1779598890
|move|p2a: Suicune|Calm Mind|p2a: Suicune
|-boost|p2a: Suicune|spa|1
|-boost|p2a: Suicune|spd|1
|-prepare|p1a: Slowking|Chilly Reception|[premajor]
|move|p1a: Slowking|Chilly Reception|p1a: Slowking
|-weather|Snowscape
|
|t:|1779598897
|switch|p1a: Glimmora|Glimmora, F|24/100|[from] Chilly Reception
|-sideend|p1: zk1314|move: Toxic Spikes|[of] p1a: Glimmora
|
|-weather|Snowscape|[upkeep]
|upkeep
|turn|6
|
|t:|1779598903
|move|p1a: Glimmora|Stealth Rock|p2a: Suicune
|-sidestart|p2: huuuehuueekk|move: Stealth Rock
|move|p2a: Suicune|Calm Mind|p2a: Suicune
|-boost|p2a: Suicune|spa|1
|-boost|p2a: Suicune|spd|1
|
|-weather|Snowscape|[upkeep]
|upkeep
|turn|7
|
|t:|1779598911
|move|p1a: Glimmora|Power Gem|p2a: Suicune
|-damage|p2a: Suicune|83/100 par
|cant|p2a: Suicune|par
|
|-weather|Snowscape|[upkeep]
|-heal|p2a: Suicune|90/100 par|[from] item: Leftovers
|upkeep
|turn|8
|
|t:|1779598919
|move|p1a: Glimmora|Power Gem|p2a: Suicune
|-damage|p2a: Suicune|73/100 par
|move|p2a: Suicune|Rest|p2a: Suicune
|-status|p2a: Suicune|slp|[from] move: Rest
|-heal|p2a: Suicune|100/100 slp|[silent]
|
|-weather|Snowscape|[upkeep]
|upkeep
|turn|9
|
|t:|1779598931
|switch|p1a: Ceruledge|Ceruledge, F|100/100
|cant|p2a: Suicune|slp
|
|-weather|none
|upkeep
|turn|10
|
|t:|1779598938
|move|p1a: Ceruledge|Swords Dance|p1a: Ceruledge
|-boost|p1a: Ceruledge|atk|2
|cant|p2a: Suicune|slp
|move|p2a: Suicune|Sleep Talk|p2a: Suicune
|move|p2a: Suicune|Scald|p1a: Ceruledge|[from] move: Sleep Talk
|-supereffective|p1a: Ceruledge
|-enditem|p1a: Ceruledge|Focus Sash
|-damage|p1a: Ceruledge|1/100
|
|upkeep
|turn|11
|
|t:|1779598949
|move|p1a: Ceruledge|Poltergeist|p2a: Suicune
|-activate|p2a: Suicune|move: Poltergeist|Leftovers
|-damage|p2a: Suicune|35/100 slp
|-curestatus|p2a: Suicune|slp|[msg]
|move|p2a: Suicune|Scald|p1a: Ceruledge
|-supereffective|p1a: Ceruledge
|-damage|p1a: Ceruledge|0 fnt
|faint|p1a: Ceruledge
|
|-heal|p2a: Suicune|41/100|[from] item: Leftovers
|upkeep
|
|t:|1779598974
|switch|p1a: Iron Valiant|Iron Valiant|100/100
|-enditem|p1a: Iron Valiant|Booster Energy
|-activate|p1a: Iron Valiant|ability: Quark Drive|[fromitem]
|-start|p1a: Iron Valiant|quarkdrivespe
|turn|12
|
|t:|1779598981
|-terastallize|p1a: Iron Valiant|Electric
|move|p1a: Iron Valiant|Calm Mind|p1a: Iron Valiant
|-boost|p1a: Iron Valiant|spa|1
|-boost|p1a: Iron Valiant|spd|1
|move|p2a: Suicune|Scald|p1a: Iron Valiant
|-damage|p1a: Iron Valiant|43/100
|
|-heal|p2a: Suicune|47/100|[from] item: Leftovers
|upkeep
|turn|13
|
|t:|1779598992
|-terastallize|p2a: Suicune|Fairy
|move|p1a: Iron Valiant|Thunderbolt|p2a: Suicune
|-damage|p2a: Suicune|21/100
|move|p2a: Suicune|Scald|p1a: Iron Valiant
|-damage|p1a: Iron Valiant|0 fnt
|faint|p1a: Iron Valiant
|-end|p1a: Iron Valiant|Quark Drive|[silent]
|
|-heal|p2a: Suicune|27/100|[from] item: Leftovers
|upkeep
|-message|zk1314 forfeited.
|
|win|huuuehuueekk
|raw|zk1314's rating: 1396 &rarr; <strong>1372</strong><br />(-24 for losing)
|raw|huuuehuueekk's rating: 1325 &rarr; <strong>1349</strong><br />(+24 for winning)
|l|☆zk1314
|player|p1|
|l|☆huuuehuueekk
|player|p2|
