|j|☆diglett101
|j|☆jazadar
|t:|1779618436
|gametype|singles
|player|p1|diglett101|101|1257
|player|p2|jazadar|lance|1296
|gen|9
|tier|[Gen 9] OU
|rated|
|rule|HP Percentage Mod: HP is shown in percentages
|rule|Endless Battle Clause: Forcing endless battles is banned
|rule|Species Clause: Limit one of each Pokémon
|rule|OHKO Clause: OHKO moves are banned
|rule|Evasion Items Clause: Evasion items are banned
|rule|Evasion Moves Clause: Evasion moves are banned
|rule|Evasion Abilities Clause: Evasion abilities are banned
|rule|Sleep Moves Clause: Sleep-inducing moves are banned
|clearpoke
|poke|p1|Lycanroc-Dusk, F|
|poke|p1|Heracross, M|
|poke|p1|Torterra, M|
|poke|p1|Armarouge, M|
|poke|p1|Noivern, M|
|poke|p1|Primarina, F|
|poke|p2|Glimmora, M|
|poke|p2|Dragonite, F|
|poke|p2|Gholdengo|
|poke|p2|Kingambit, F|
|poke|p2|Iron Moth|
|poke|p2|Great Tusk|
|teampreview
|
|t:|1779618440
|teamsize|p1|6
|teamsize|p2|6
|start
|switch|p1a: Armarouge|Armarouge, M|100/100
|switch|p2a: Gholdengo|Gholdengo|100/100
|turn|1
|inactive|Battle timer is ON: inactive players will automatically lose when time's up. (requested by diglett101)
|
|t:|1779618446
|move|p2a: Gholdengo|Shadow Ball|p1a: Armarouge
|-supereffective|p1a: Armarouge
|-damage|p1a: Armarouge|0 fnt
|faint|p1a: Armarouge
|
|upkeep
|
|t:|1779618452
|switch|p1a: Torterra|Torterra, M|100/100
|turn|2
|
|t:|1779618466
|move|p2a: Gholdengo|Shadow Ball|p1a: Torterra
|-damage|p1a: Torterra|52/100
|move|p1a: Torterra|Shell Smash|p1a: Torterra
|-unboost|p1a: Torterra|def|1
|-unboost|p1a: Torterra|spd|1
|-boost|p1a: Torterra|atk|2
|-boost|p1a: Torterra|spa|2
|-boost|p1a: Torterra|spe|2
|-enditem|p1a: Torterra|White Herb
|-clearnegativeboost|p1a: Torterra|[silent]
|
|upkeep
|turn|3
|
|t:|1779618475
|switch|p2a: Glimmora|Glimmora, M|100/100
|move|p1a: Torterra|Earthquake|p2a: Glimmora
|-supereffective|p2a: Glimmora
|-enditem|p2a: Glimmora|Focus Sash
|-damage|p2a: Glimmora|1/100
|-activate|p2a: Glimmora|ability: Toxic Debris
|-sidestart|p1: diglett101|move: Toxic Spikes
|
|upkeep
|turn|4
|
|t:|1779618483
|move|p1a: Torterra|Earthquake|p2a: Glimmora
|-supereffective|p2a: Glimmora
|-damage|p2a: Glimmora|0 fnt
|-activate|p2a: Glimmora|ability: Toxic Debris
|-sidestart|p1: diglett101|move: Toxic Spikes
|faint|p2a: Glimmora
|
|upkeep
|
|t:|1779618512
|switch|p2a: Iron Moth|Iron Moth|100/100
|-enditem|p2a: Iron Moth|Booster Energy
|-activate|p2a: Iron Moth|ability: Quark Drive|[fromitem]
|-start|p2a: Iron Moth|quarkdrivespa
|turn|5
|
|t:|1779618517
|move|p1a: Torterra|Earthquake|p2a: Iron Moth
|-supereffective|p2a: Iron Moth
|-damage|p2a: Iron Moth|0 fnt
|faint|p2a: Iron Moth
|-end|p2a: Iron Moth|Quark Drive|[silent]
|
|upkeep
|
|t:|1779618520
|switch|p2a: Dragonite|Dragonite, F|100/100
|turn|6
|
|t:|1779618524
|move|p1a: Torterra|Crunch|p2a: Dragonite
|-damage|p2a: Dragonite|73/100
|move|p2a: Dragonite|Fire Punch|p1a: Torterra
|-supereffective|p1a: Torterra
|-damage|p1a: Torterra|0 fnt
|faint|p1a: Torterra
|
|upkeep
|
|t:|1779618531
|switch|p1a: Noivern|Noivern, M|100/100
|turn|7
|
|t:|1779618541
|switch|p2a: Gholdengo|Gholdengo|100/100
|move|p1a: Noivern|Draco Meteor|p2a: Gholdengo
|-resisted|p2a: Gholdengo
|-damage|p2a: Gholdengo|70/100
|-unboost|p1a: Noivern|spa|2
|
|upkeep
|turn|8
|
|t:|1779618550
|switch|p1a: Heracross|Heracross, M|100/100
|-status|p1a: Heracross|tox
|move|p2a: Gholdengo|Shadow Ball|p1a: Heracross
|-damage|p1a: Heracross|53/100 tox
|
|-damage|p1a: Heracross|47/100 tox|[from] psn
|upkeep
|turn|9
|
|t:|1779618559
|-terastallize|p1a: Heracross|Normal
|move|p2a: Gholdengo|Shadow Ball|p1a: Heracross
|-immune|p1a: Heracross
|move|p1a: Heracross|Knock Off|p2a: Gholdengo
|-supereffective|p2a: Gholdengo
|-damage|p2a: Gholdengo|0 fnt
|-enditem|p2a: Gholdengo|Choice Scarf|[from] move: Knock Off|[of] p1a: Heracross
|faint|p2a: Gholdengo
|
|-damage|p1a: Heracross|35/100 tox|[from] psn
|upkeep
|
|t:|1779618570
|switch|p2a: Dragonite|Dragonite, F|73/100
|turn|10
|
|t:|1779618585
|move|p2a: Dragonite|Extreme Speed|p1a: Heracross
|-damage|p1a: Heracross|0 fnt
|faint|p1a: Heracross
|
|upkeep
|
|t:|1779618590
|switch|p1a: Noivern|Noivern, M|100/100
|turn|11
|
|t:|1779618599
|move|p1a: Noivern|Draco Meteor|p2a: Dragonite
|-supereffective|p2a: Dragonite
|-damage|p2a: Dragonite|0 fnt
|-unboost|p1a: Noivern|spa|2
|faint|p2a: Dragonite
|
|upkeep
|
|t:|1779618604
|switch|p2a: Great Tusk|Great Tusk|100/100
|-enditem|p2a: Great Tusk|Booster Energy
|-activate|p2a: Great Tusk|ability: Protosynthesis|[fromitem]
|-start|p2a: Great Tusk|protosynthesisatk
|turn|12
|
|t:|1779618609
|move|p1a: Noivern|Defog|p2a: Great Tusk
|-unboost|p2a: Great Tusk|evasion|1
|-sideend|p1: diglett101|Toxic Spikes|[from] move: Defog|[of] p1a: Noivern
|move|p2a: Great Tusk|Ice Spinner|p1a: Noivern
|-supereffective|p1a: Noivern
|-damage|p1a: Noivern|0 fnt
|faint|p1a: Noivern
|
|upkeep
|
|t:|1779618615
|switch|p1a: Primarina|Primarina, F|100/100
|turn|13
|
|t:|1779618627
|move|p2a: Great Tusk|Headlong Rush|p1a: Primarina
|-damage|p1a: Primarina|11/100
|-unboost|p2a: Great Tusk|def|1
|-unboost|p2a: Great Tusk|spd|1
|move|p1a: Primarina|Draining Kiss|p2a: Great Tusk
|-supereffective|p2a: Great Tusk
|-damage|p2a: Great Tusk|0 fnt
|-heal|p1a: Primarina|100/100|[from] drain|[of] p2a: Great Tusk
|faint|p2a: Great Tusk
|-end|p2a: Great Tusk|Protosynthesis|[silent]
|
|upkeep
|
|t:|1779618634
|switch|p2a: Kingambit|Kingambit, F|100/100
|-activate|p2a: Kingambit|ability: Supreme Overlord
|-start|p2a: Kingambit|fallen5|[silent]
|turn|14
|
|t:|1779618644
|-terastallize|p2a: Kingambit|Dark
|move|p1a: Primarina|Moonblast|p2a: Kingambit
|-supereffective|p2a: Kingambit
|-damage|p2a: Kingambit|4/100
|move|p2a: Kingambit|Iron Head|p1a: Primarina
|-damage|p1a: Primarina|29/100
|
|-heal|p1a: Primarina|35/100|[from] item: Leftovers
|upkeep
|turn|15
|
|t:|1779618653
|move|p2a: Kingambit|Sucker Punch|p1a: Primarina
|-resisted|p1a: Primarina
|-damage|p1a: Primarina|0 fnt
|faint|p1a: Primarina
|
|upkeep
|
|t:|1779618657
|switch|p1a: Lycanroc|Lycanroc-Dusk, F|100/100
|turn|16
|
|t:|1779618668
|move|p1a: Lycanroc|Accelerock|p2a: Kingambit
|-damage|p2a: Kingambit|0 fnt
|faint|p2a: Kingambit
|-end|p2a: Kingambit|fallen5|[silent]
|-damage|p1a: Lycanroc|91/100|[from] item: Life Orb
|
|win|diglett101
|raw|diglett101's rating: 1257 &rarr; <strong>1285</strong><br />(+28 for winning)
|raw|jazadar's rating: 1296 &rarr; <strong>1268</strong><br />(-28 for losing)
|l|☆jazadar
|player|p2|
|l|☆diglett101
|player|p1|
