|j|☆Ivuly
|j|☆Goyo747
|t:|1779720103
|gametype|singles
|player|p1|Ivuly|gambler|1144
|player|p2|Goyo747|pokemonranger-gen4|1131
|gen|9
|tier|[Gen 9] OU
|rated|
|rule|HP Percentage Mod: HP is shown in percentages
|rule|Endless Battle Clause: Forcing endless battles is banned
|rule|Species Clause: Limit one of each Pokémon
|rule|OHKO Clause: OHKO moves are banned
|rule|Evasion Items Clause: Evasion items are banned
|rule|Evasion Moves Clause: Evasion moves are banned
|rule|Evasion Abilities Clause: Evasion abilities are banned
|rule|Sleep Moves Clause: Sleep-inducing moves are banned
|clearpoke
|poke|p1|Cinderace, F|
|poke|p1|Polteageist|
|poke|p1|Bisharp, F|
|poke|p1|Pelipper, M|
|poke|p1|Breloom, M|
|poke|p1|Barraskewda, F|
|poke|p2|Espeon, L58, F|
|poke|p2|Whimsicott, L58, F|
|poke|p2|Tropius, L59, M|
|poke|p2|Oranguru, L59, F|
|poke|p2|Farigiraf, L59, M|
|poke|p2|Exeggutor, L60, F|
|teampreview
|inactive|Battle timer is ON: inactive players will automatically lose when time's up. (requested by Ivuly)
|
|t:|1779720154
|teamsize|p1|6
|teamsize|p2|6
|start
|switch|p1a: Pelipper|Pelipper, M|100/100
|switch|p2a: Tropius|Tropius, L59, M|100/100
|-weather|RainDance|[from] ability: Drizzle|[of] p1a: Pelipper
|turn|1
|
|t:|1779720166
|move|p1a: Pelipper|Hurricane|p2a: Tropius
|-supereffective|p2a: Tropius
|-damage|p2a: Tropius|0 fnt
|faint|p2a: Tropius
|
|-weather|RainDance|[upkeep]
|upkeep
|
|t:|1779720181
|switch|p2a: Farigiraf|Farigiraf, L59, M|100/100
|turn|2
|inactive|Ivuly has 120 seconds left.
|
|t:|1779720215
|move|p1a: Pelipper|Tailwind|p1a: Pelipper
|-sidestart|p1: Ivuly|move: Tailwind
|move|p2a: Farigiraf|Thunderbolt|p1a: Pelipper
|-supereffective|p1a: Pelipper
|-damage|p1a: Pelipper|22/100
|
|-weather|RainDance|[upkeep]
|-heal|p1a: Pelipper|29/100|[from] item: Leftovers
|upkeep
|turn|3
|
|t:|1779720237
|move|p1a: Pelipper|Weather Ball|p2a: Farigiraf
|-damage|p2a: Farigiraf|0 fnt
|faint|p2a: Farigiraf
|
|-weather|RainDance|[upkeep]
|-heal|p1a: Pelipper|35/100|[from] item: Leftovers
|upkeep
|inactive|Goyo747 has 120 seconds left.
|
|t:|1779720257
|switch|p2a: Oranguru|Oranguru, L59, F|100/100
|turn|4
|inactive|Goyo747 has 120 seconds left.
|
|t:|1779720285
|move|p1a: Pelipper|Weather Ball|p2a: Oranguru
|-damage|p2a: Oranguru|0 fnt
|faint|p2a: Oranguru
|
|-weather|RainDance|[upkeep]
|-heal|p1a: Pelipper|41/100|[from] item: Leftovers
|upkeep
|
|t:|1779720291
|switch|p2a: Whimsicott|Whimsicott, L58, F, shiny|100/100
|turn|5
|inactive|Ivuly has 120 seconds left.
|
|t:|1779720325
|move|p2a: Whimsicott|Leech Seed|p1a: Pelipper
|-start|p1a: Pelipper|move: Leech Seed
|move|p1a: Pelipper|Hurricane|p2a: Whimsicott
|-supereffective|p2a: Whimsicott
|-damage|p2a: Whimsicott|0 fnt
|faint|p2a: Whimsicott
|
|-weather|none
|-heal|p1a: Pelipper|47/100|[from] item: Leftovers
|-sideend|p1: Ivuly|move: Tailwind
|upkeep
|
|t:|1779720332
|switch|p2a: Espeon|Espeon, L58, F|100/100
|turn|6
|inactive|Ivuly has 120 seconds left.
|
|t:|1779720350
|move|p2a: Espeon|Calm Mind|p2a: Espeon
|-boost|p2a: Espeon|spa|1
|-boost|p2a: Espeon|spd|1
|move|p1a: Pelipper|Tailwind|p1a: Pelipper
|-sidestart|p1: Ivuly|move: Tailwind
|
|-heal|p1a: Pelipper|53/100|[from] item: Leftovers
|-damage|p1a: Pelipper|40/100|[from] Leech Seed|[of] p2a: Espeon
|upkeep
|turn|7
|
|t:|1779720360
|switch|p1a: Bisharp|Bisharp, F, shiny|100/100
|move|p2a: Espeon|Calm Mind|p2a: Espeon
|-boost|p2a: Espeon|spa|1
|-boost|p2a: Espeon|spd|1
|
|upkeep
|turn|8
|inactive|Goyo747 has 120 seconds left.
|inactive|Ivuly has 120 seconds left.
|
|t:|1779720386
|move|p1a: Bisharp|Sucker Punch|p2a: Espeon
|-supereffective|p2a: Espeon
|-enditem|p2a: Espeon|Focus Sash
|-damage|p2a: Espeon|1/100
|move|p2a: Espeon|Future Sight|p1a: Bisharp
|-start|p2a: Espeon|move: Future Sight
|
|upkeep
|turn|9
|
|t:|1779720403
|switch|p2a: Exeggutor|Exeggutor, L60, F|100/100
|move|p1a: Bisharp|Sucker Punch||[still]
|-fail|p1a: Bisharp
|
|-sideend|p1: Ivuly|move: Tailwind
|upkeep
|turn|10
|
|t:|1779720428
|move|p1a: Bisharp|Swords Dance|p1a: Bisharp
|-boost|p1a: Bisharp|atk|2
|move|p2a: Exeggutor|Leaf Storm|p1a: Bisharp
|-resisted|p1a: Bisharp
|-damage|p1a: Bisharp|85/100
|-unboost|p2a: Exeggutor|spa|2
|-damage|p2a: Exeggutor|91/100|[from] item: Life Orb
|
|-end|p1a: Bisharp|move: Future Sight
|-immune|p1a: Bisharp
|upkeep
|turn|11
|
|t:|1779720438
|move|p1a: Bisharp|Aerial Ace|p2a: Exeggutor
|-supereffective|p2a: Exeggutor
|-damage|p2a: Exeggutor|0 fnt
|faint|p2a: Exeggutor
|
|upkeep
|
|t:|1779720442
|switch|p2a: Espeon|Espeon, L58, F|1/100
|turn|12
|-message|Goyo747 forfeited.
|
|win|Ivuly
|raw|Ivuly's rating: 1144 &rarr; <strong>1168</strong><br />(+24 for winning)
|raw|Goyo747's rating: 1131 &rarr; <strong>1107</strong><br />(-24 for losing)
|l|☆Goyo747
|player|p2|
|l|☆Ivuly
|player|p1|
