|j|☆Shabooya1
|j|☆harrolux
|t:|1779720105
|gametype|singles
|player|p1|Shabooya1|brycenman|1439
|player|p2|harrolux|steven|1437
|gen|9
|tier|[Gen 9] OU
|rated|
|rule|HP Percentage Mod: HP is shown in percentages
|rule|Endless Battle Clause: Forcing endless battles is banned
|rule|Species Clause: Limit one of each Pokémon
|rule|OHKO Clause: OHKO moves are banned
|rule|Evasion Items Clause: Evasion items are banned
|rule|Evasion Moves Clause: Evasion moves are banned
|rule|Evasion Abilities Clause: Evasion abilities are banned
|rule|Sleep Moves Clause: Sleep-inducing moves are banned
|clearpoke
|poke|p1|Pelipper, F|
|poke|p1|Barraskewda, F|
|poke|p1|Raging Bolt|
|poke|p1|Primarina, F|
|poke|p1|Grimmsnarl, M|
|poke|p1|Araquanid, M|
|poke|p2|Zamazenta-*|
|poke|p2|Mimikyu, F|
|poke|p2|Rotom-Wash|
|poke|p2|Kyurem|
|poke|p2|Araquanid, M|
|poke|p2|Hoopa-Unbound|
|teampreview
|
|t:|1779720116
|teamsize|p1|6
|teamsize|p2|6
|start
|switch|p1a: Grimmsnarl|Grimmsnarl, M|100/100
|switch|p2a: Peter Parker|Araquanid, M|100/100
|turn|1
|
|t:|1779720122
|move|p1a: Grimmsnarl|Light Screen|p1a: Grimmsnarl
|-sidestart|p1: Shabooya1|move: Light Screen
|move|p2a: Peter Parker|Poison Jab|p1a: Grimmsnarl
|-supereffective|p1a: Grimmsnarl
|-damage|p1a: Grimmsnarl|51/100
|-status|p1a: Grimmsnarl|psn
|
|-damage|p1a: Grimmsnarl|38/100 psn|[from] psn
|upkeep
|turn|2
|
|t:|1779720129
|move|p1a: Grimmsnarl|Reflect|p1a: Grimmsnarl
|-sidestart|p1: Shabooya1|Reflect
|move|p2a: Peter Parker|Sticky Web|p1a: Grimmsnarl
|-sidestart|p1: Shabooya1|move: Sticky Web
|
|-damage|p1a: Grimmsnarl|26/100 psn|[from] psn
|upkeep
|turn|3
|
|t:|1779720134
|move|p1a: Grimmsnarl|Parting Shot|p2a: Peter Parker
|-unboost|p2a: Peter Parker|atk|1
|-unboost|p2a: Peter Parker|spa|1
|
|t:|1779720142
|switch|p1a: Pelipper|Pelipper, F|100/100|[from] Parting Shot
|-weather|RainDance|[from] ability: Drizzle|[of] p1a: Pelipper
|move|p2a: Peter Parker|Lunge|p1a: Pelipper
|-resisted|p1a: Pelipper
|-damage|p1a: Pelipper|96/100
|-unboost|p1a: Pelipper|atk|1
|
|-weather|RainDance|[upkeep]
|upkeep
|turn|4
|
|t:|1779720153
|switch|p2a: Red Hood|Rotom-Wash, shiny|100/100
|move|p1a: Pelipper|Knock Off|p2a: Red Hood
|-damage|p2a: Red Hood|92/100
|-enditem|p2a: Red Hood|Leftovers|[from] move: Knock Off|[of] p1a: Pelipper
|
|-weather|RainDance|[upkeep]
|upkeep
|turn|5
|
|t:|1779720173
|move|p2a: Red Hood|Dark Pulse|p1a: Pelipper
|-damage|p1a: Pelipper|79/100
|cant|p1a: Pelipper|flinch
|
|-weather|RainDance|[upkeep]
|upkeep
|turn|6
|
|t:|1779720178
|move|p2a: Red Hood|Thunderbolt|p1a: Pelipper
|-supereffective|p1a: Pelipper
|-damage|p1a: Pelipper|0 fnt
|faint|p1a: Pelipper
|
|-weather|RainDance|[upkeep]
|upkeep
|
|t:|1779720184
|switch|p1a: Barraskewda|Barraskewda, F, shiny|100/100
|-activate|p1a: Barraskewda|move: Sticky Web
|-unboost|p1a: Barraskewda|spe|1
|turn|7
|
|t:|1779720188
|move|p1a: Barraskewda|Flip Turn|p2a: Red Hood
|-resisted|p2a: Red Hood
|-damage|p2a: Red Hood|54/100
|
|t:|1779720191
|switch|p1a: Araquanid|Araquanid, M|100/100|[from] Flip Turn
|-activate|p1a: Araquanid|move: Sticky Web
|-unboost|p1a: Araquanid|spe|1
|move|p2a: Red Hood|Thunderbolt|p1a: Araquanid
|-supereffective|p1a: Araquanid
|-damage|p1a: Araquanid|70/100
|
|-weather|RainDance|[upkeep]
|upkeep
|turn|8
|
|t:|1779720201
|move|p2a: Red Hood|Thunderbolt|p1a: Araquanid
|-supereffective|p1a: Araquanid
|-damage|p1a: Araquanid|37/100
|move|p1a: Araquanid|Liquidation|p2a: Red Hood
|-resisted|p2a: Red Hood
|-damage|p2a: Red Hood|0 fnt
|faint|p2a: Red Hood
|
|-weather|RainDance|[upkeep]
|-sideend|p1: Shabooya1|move: Light Screen
|upkeep
|
|t:|1779720210
|switch|p2a: Deathstroke|Hoopa-Unbound|100/100
|turn|9
|
|t:|1779720212
|move|p2a: Deathstroke|Thunderbolt|p1a: Araquanid
|-supereffective|p1a: Araquanid
|-damage|p1a: Araquanid|0 fnt
|faint|p1a: Araquanid
|
|-weather|RainDance|[upkeep]
|-sideend|p1: Shabooya1|Reflect
|upkeep
|
|t:|1779720214
|switch|p1a: Primarina|Primarina, F, shiny|100/100
|-activate|p1a: Primarina|move: Sticky Web
|-unboost|p1a: Primarina|spe|1
|turn|10
|
|t:|1779720228
|-terastallize|p1a: Primarina|Dragon
|move|p2a: Deathstroke|Thunderbolt|p1a: Primarina
|-resisted|p1a: Primarina
|-damage|p1a: Primarina|77/100
|-status|p1a: Primarina|par
|move|p1a: Primarina|Calm Mind|p1a: Primarina
|-boost|p1a: Primarina|spa|1
|-boost|p1a: Primarina|spd|1
|
|-weather|none
|-heal|p1a: Primarina|83/100 par|[from] item: Leftovers
|upkeep
|turn|11
|
|t:|1779720245
|switch|p2a: Raven|Mimikyu, F, shiny|100/100
|move|p1a: Primarina|Calm Mind|p1a: Primarina
|-boost|p1a: Primarina|spa|1
|-boost|p1a: Primarina|spd|1
|
|-heal|p1a: Primarina|89/100 par|[from] item: Leftovers
|upkeep
|turn|12
|
|t:|1779720252
|move|p2a: Raven|Play Rough|p1a: Primarina|[miss]
|-miss|p2a: Raven|p1a: Primarina
|move|p1a: Primarina|Draining Kiss|p2a: Raven
|-activate|p2a: Raven|ability: Disguise
|-damage|p2a: Raven|100/100
|detailschange|p2a: Raven|Mimikyu-Busted, F, shiny
|-damage|p2a: Raven|88/100|[from] pokemon: Mimikyu-Busted
|
|-heal|p1a: Primarina|95/100 par|[from] item: Leftovers
|upkeep
|turn|13
|
|t:|1779720264
|switch|p1a: Grimmsnarl|Grimmsnarl, M|26/100 psn
|-activate|p1a: Grimmsnarl|move: Sticky Web
|-unboost|p1a: Grimmsnarl|spe|1
|move|p2a: Raven|Play Rough|p1a: Grimmsnarl
|-supereffective|p1a: Grimmsnarl
|-damage|p1a: Grimmsnarl|0 fnt
|faint|p1a: Grimmsnarl
|-damage|p2a: Raven|78/100|[from] item: Life Orb
|
|upkeep
|
|t:|1779720266
|switch|p1a: Barraskewda|Barraskewda, F, shiny|100/100
|-activate|p1a: Barraskewda|move: Sticky Web
|-unboost|p1a: Barraskewda|spe|1
|turn|14
|
|t:|1779720278
|move|p1a: Barraskewda|Liquidation|p2a: Raven
|-damage|p2a: Raven|0 fnt
|faint|p2a: Raven
|
|upkeep
|
|t:|1779720288
|switch|p2a: Hawk|Kyurem, shiny|100/100
|-ability|p2a: Hawk|Pressure
|turn|15
|
|t:|1779720293
|move|p1a: Barraskewda|Liquidation|p2a: Hawk
|-resisted|p2a: Hawk
|-damage|p2a: Hawk|76/100
|move|p2a: Hawk|Freeze-Dry|p1a: Barraskewda
|-supereffective|p1a: Barraskewda
|-damage|p1a: Barraskewda|0 fnt
|faint|p1a: Barraskewda
|
|upkeep
|
|t:|1779720302
|switch|p1a: Raging Bolt|Raging Bolt|100/100
|-activate|p1a: Raging Bolt|move: Sticky Web
|-unboost|p1a: Raging Bolt|spe|1
|-enditem|p1a: Raging Bolt|Booster Energy
|-activate|p1a: Raging Bolt|ability: Protosynthesis|[fromitem]
|-start|p1a: Raging Bolt|protosynthesisspa
|turn|16
|
|t:|1779720308
|move|p2a: Hawk|Ice Beam|p1a: Raging Bolt
|-supereffective|p1a: Raging Bolt
|-damage|p1a: Raging Bolt|9/100
|move|p1a: Raging Bolt|Dragon Pulse|p2a: Hawk
|-supereffective|p2a: Hawk
|-damage|p2a: Hawk|0 fnt
|faint|p2a: Hawk
|
|upkeep
|
|t:|1779720325
|switch|p2a: Deathstroke|Hoopa-Unbound|100/100
|turn|17
|
|t:|1779720339
|move|p1a: Raging Bolt|Thunderclap|p2a: Deathstroke
|-damage|p2a: Deathstroke|47/100
|move|p2a: Deathstroke|Psyshock|p1a: Raging Bolt
|-damage|p1a: Raging Bolt|0 fnt
|faint|p1a: Raging Bolt
|-end|p1a: Raging Bolt|Protosynthesis|[silent]
|
|upkeep
|
|t:|1779720341
|switch|p1a: Primarina|Primarina, F, shiny, tera:Dragon|95/100 par
|-activate|p1a: Primarina|move: Sticky Web
|-unboost|p1a: Primarina|spe|1
|turn|18
|
|t:|1779720348
|move|p2a: Deathstroke|Psyshock|p1a: Primarina
|-damage|p1a: Primarina|8/100 par
|move|p1a: Primarina|Calm Mind|p1a: Primarina
|-boost|p1a: Primarina|spa|1
|-boost|p1a: Primarina|spd|1
|
|-heal|p1a: Primarina|15/100 par|[from] item: Leftovers
|upkeep
|turn|19
|inactive|Battle timer is ON: inactive players will automatically lose when time's up. (requested by harrolux)
|inactive|Shabooya1 has 120 seconds left.
|c|☆harrolux|hello
|inactive|Shabooya1 has 90 seconds left.
|inactive|Shabooya1 has 60 seconds left.
|inactive|Shabooya1 has 30 seconds left.
|inactive|Shabooya1 has 20 seconds left.
|inactive|Shabooya1 has 15 seconds left.
|inactive|Shabooya1 has 10 seconds left.
|inactive|Shabooya1 has 5 seconds left.
|-message|Shabooya1 lost due to inactivity.
|
|win|harrolux
|raw|Shabooya1's rating: 1439 &rarr; <strong>1419</strong><br />(-20 for losing)
|raw|harrolux's rating: 1437 &rarr; <strong>1457</strong><br />(+20 for winning)
|l|☆harrolux
|player|p2|
