|j|‽WePokemon151
|j|☆BlackDragon_Plus
|t:|1779568203
|gametype|singles
|player|p1|WePokemon151|blue|1073
|player|p2|BlackDragon_Plus|swimmerf|1063
|gen|9
|tier|[Gen 9] OU
|rated|
|rule|HP Percentage Mod: HP is shown in percentages
|rule|Endless Battle Clause: Forcing endless battles is banned
|rule|Species Clause: Limit one of each Pokémon
|rule|OHKO Clause: OHKO moves are banned
|rule|Evasion Items Clause: Evasion items are banned
|rule|Evasion Moves Clause: Evasion moves are banned
|rule|Evasion Abilities Clause: Evasion abilities are banned
|rule|Sleep Moves Clause: Sleep-inducing moves are banned
|clearpoke
|poke|p1|Decidueye, F|
|poke|p1|Metagross|
|poke|p1|Arcanine, M|
|poke|p1|Milotic, M|
|poke|p1|Talonflame, M|
|poke|p1|Wyrdeer, M|
|poke|p2|Sandy Shocks|
|poke|p2|Dragapult, M|
|poke|p2|Dragonite, F|
|poke|p2|Moltres-Galar|
|poke|p2|Azumarill, F|
|poke|p2|Weavile, M|
|teampreview
|inactive|Battle timer is ON: inactive players will automatically lose when time's up. (requested by WePokemon151)
|
|t:|1779568210
|teamsize|p1|6
|teamsize|p2|6
|start
|switch|p1a: Wyrdeer|Wyrdeer, M, shiny|100/100
|switch|p2a: Dragapult|Dragapult, M|100/100
|turn|1
|
|t:|1779568220
|move|p2a: Dragapult|Light Screen|p2a: Dragapult
|-sidestart|p2: BlackDragon_Plus|move: Light Screen
|move|p1a: Wyrdeer|Psyshield Bash|p2a: Dragapult
|-damage|p2a: Dragapult|59/100
|-boost|p1a: Wyrdeer|def|1
|
|upkeep
|turn|2
|
|t:|1779568227
|move|p2a: Dragapult|Reflect|p2a: Dragapult
|-sidestart|p2: BlackDragon_Plus|Reflect
|move|p1a: Wyrdeer|Psyshield Bash|p2a: Dragapult
|-damage|p2a: Dragapult|39/100
|-boost|p1a: Wyrdeer|def|1
|
|upkeep
|turn|3
|
|t:|1779568233
|move|p2a: Dragapult|Thunder Wave|p1a: Wyrdeer
|-status|p1a: Wyrdeer|par
|move|p1a: Wyrdeer|Psyshield Bash|p2a: Dragapult
|-damage|p2a: Dragapult|18/100
|-boost|p1a: Wyrdeer|def|1
|
|upkeep
|turn|4
|
|t:|1779568240
|move|p2a: Dragapult|Curse|p1a: Wyrdeer
|-start|p1a: Wyrdeer|Curse|[of] p2a: Dragapult
|-damage|p2a: Dragapult|0 fnt
|faint|p2a: Dragapult
|move|p1a: Wyrdeer|Psyshield Bash|p2: Dragapult|[notarget]
|-fail|p1a: Wyrdeer
|
|-damage|p1a: Wyrdeer|76/100 par|[from] Curse
|upkeep
|
|t:|1779568249
|switch|p2a: Azumarill|Azumarill, F|100/100
|turn|5
|
|t:|1779568256
|move|p2a: Azumarill|Belly Drum|p2a: Azumarill
|-damage|p2a: Azumarill|50/100
|-setboost|p2a: Azumarill|atk|6|[from] move: Belly Drum
|-enditem|p2a: Azumarill|Sitrus Berry|[eat]
|-heal|p2a: Azumarill|75/100|[from] item: Sitrus Berry
|move|p1a: Wyrdeer|Psyshield Bash|p2a: Azumarill
|-damage|p2a: Azumarill|56/100
|-boost|p1a: Wyrdeer|def|1
|
|-damage|p1a: Wyrdeer|51/100 par|[from] Curse
|upkeep
|turn|6
|
|t:|1779568270
|move|p2a: Azumarill|Aqua Jet|p1a: Wyrdeer
|-damage|p1a: Wyrdeer|14/100 par
|move|p1a: Wyrdeer|Psyshield Bash|p2a: Azumarill
|-damage|p2a: Azumarill|38/100
|-boost|p1a: Wyrdeer|def|1
|
|-damage|p1a: Wyrdeer|0 fnt|[from] Curse
|faint|p1a: Wyrdeer
|upkeep
|
|t:|1779568282
|switch|p1a: Decidueye|Decidueye, F, shiny|100/100
|turn|7
|
|t:|1779568288
|move|p1a: Decidueye|Leaf Blade|p2a: Azumarill
|-supereffective|p2a: Azumarill
|-damage|p2a: Azumarill|0 fnt
|faint|p2a: Azumarill
|
|upkeep
|
|t:|1779568294
|switch|p2a: Sandy Shocks|Sandy Shocks|100/100
|-enditem|p2a: Sandy Shocks|Booster Energy
|-activate|p2a: Sandy Shocks|ability: Protosynthesis|[fromitem]
|-start|p2a: Sandy Shocks|protosynthesisspe
|turn|8
|
|t:|1779568305
|move|p2a: Sandy Shocks|Stealth Rock|p1a: Decidueye
|-sidestart|p1: WePokemon151|move: Stealth Rock
|move|p1a: Decidueye|Swords Dance|p1a: Decidueye
|-boost|p1a: Decidueye|atk|2
|
|-sideend|p2: BlackDragon_Plus|move: Light Screen
|upkeep
|turn|9
|
|t:|1779568313
|move|p2a: Sandy Shocks|Earth Power|p1a: Decidueye
|-resisted|p1a: Decidueye
|-damage|p1a: Decidueye|77/100
|move|p1a: Decidueye|Leaf Blade|p2a: Sandy Shocks
|-supereffective|p2a: Sandy Shocks
|-crit|p2a: Sandy Shocks
|-damage|p2a: Sandy Shocks|0 fnt
|faint|p2a: Sandy Shocks
|-end|p2a: Sandy Shocks|Protosynthesis|[silent]
|
|-sideend|p2: BlackDragon_Plus|Reflect
|upkeep
|-message|BlackDragon_Plus forfeited.
|
|win|WePokemon151
|raw|WePokemon151's rating: 1073 &rarr; <strong>1101</strong><br />(+28 for winning)
|raw|BlackDragon_Plus's rating: 1063 &rarr; <strong>1044</strong><br />(-19 for losing)
|l|☆BlackDragon_Plus
|player|p2|
|l|‽WePokemon151
|player|p1|
