|j|☆ssj_95
|j|☆PRUU1 ☆ g4ltxyzn ☆
|t:|1779592687
|gametype|singles
|player|p1|ssj_95|rosa|1182
|player|p2|PRUU1 ☆ g4ltxyzn ☆|leon-masters|1228
|gen|9
|tier|[Gen 9] OU
|rated|
|rule|HP Percentage Mod: HP is shown in percentages
|rule|Endless Battle Clause: Forcing endless battles is banned
|rule|Species Clause: Limit one of each Pokémon
|rule|OHKO Clause: OHKO moves are banned
|rule|Evasion Items Clause: Evasion items are banned
|rule|Evasion Moves Clause: Evasion moves are banned
|rule|Evasion Abilities Clause: Evasion abilities are banned
|rule|Sleep Moves Clause: Sleep-inducing moves are banned
|clearpoke
|poke|p1|Dragonite, M|
|poke|p1|Ursaring, M|
|poke|p1|Hippowdon, M|
|poke|p1|Zebstrika, M|
|poke|p1|Greninja-*, M|
|poke|p1|Sceptile, M|
|poke|p2|Dragonite, M|
|poke|p2|Tornadus-Therian, M|
|poke|p2|Pecharunt|
|poke|p2|Ting-Lu|
|poke|p2|Hatterene, F|
|poke|p2|Ogerpon-Wellspring, F|
|teampreview
|inactive|Battle timer is ON: inactive players will automatically lose when time's up. (requested by ssj_95)
|
|t:|1779592704
|teamsize|p1|6
|teamsize|p2|6
|start
|switch|p1a: Zebstrika|Zebstrika, M|100/100
|switch|p2a: piroca ambulante|Hatterene, F|100/100
|-item|p1a: Zebstrika|Air Balloon
|turn|1
|inactive|PRUU1 ☆ g4ltxyzn ☆ has 120 seconds left.
|
|t:|1779592747
|switch|p1a: Greninja|Greninja, M|100/100
|move|p2a: piroca ambulante|Psychic Noise|p1a: Greninja
|-immune|p1a: Greninja
|
|upkeep
|turn|2
|
|t:|1779592757
|move|p1a: Greninja|Sludge Wave|p2a: piroca ambulante
|-start|p1a: Greninja|typechange|Poison|[from] ability: Protean
|-supereffective|p2a: piroca ambulante
|-damage|p2a: piroca ambulante|16/100
|move|p2a: piroca ambulante|Nuzzle|p1a: Greninja
|-damage|p1a: Greninja|94/100
|-status|p1a: Greninja|par
|
|upkeep
|turn|3
|inactive|PRUU1 ☆ g4ltxyzn ☆ has 120 seconds left.
|
|t:|1779592775
|switch|p2a: rhyno picudo|Ting-Lu, shiny|100/100
|-ability|p2a: rhyno picudo|Vessel of Ruin
|move|p1a: Greninja|Water Shuriken|p2a: rhyno picudo
|-supereffective|p2a: rhyno picudo
|-damage|p2a: rhyno picudo|94/100
|-supereffective|p2a: rhyno picudo
|-damage|p2a: rhyno picudo|88/100
|-supereffective|p2a: rhyno picudo
|-damage|p2a: rhyno picudo|83/100
|-supereffective|p2a: rhyno picudo
|-damage|p2a: rhyno picudo|78/100
|-hitcount|p2a: rhyno picudo|4
|
|-heal|p2a: rhyno picudo|85/100|[from] item: Leftovers
|upkeep
|turn|4
|
|t:|1779592793
|move|p1a: Greninja|Ice Beam|p2a: rhyno picudo
|-supereffective|p2a: rhyno picudo
|-damage|p2a: rhyno picudo|52/100
|move|p2a: rhyno picudo|Earthquake|p1a: Greninja
|-supereffective|p1a: Greninja
|-damage|p1a: Greninja|0 fnt
|faint|p1a: Greninja
|
|-heal|p2a: rhyno picudo|58/100|[from] item: Leftovers
|upkeep
|
|t:|1779592805
|switch|p1a: Sceptile|Sceptile, M|100/100
|turn|5
|inactive|PRUU1 ☆ g4ltxyzn ☆ has 120 seconds left.
|
|t:|1779592829
|-terastallize|p2a: rhyno picudo|Fire
|move|p1a: Sceptile|Leech Seed|p2a: rhyno picudo
|-start|p2a: rhyno picudo|move: Leech Seed
|move|p2a: rhyno picudo|Ruination|p1a: Sceptile
|-damage|p1a: Sceptile|50/100
|
|-heal|p2a: rhyno picudo|64/100|[from] item: Leftovers
|-damage|p2a: rhyno picudo|52/100|[from] Leech Seed|[of] p1a: Sceptile
|-heal|p1a: Sceptile|73/100|[silent]
|upkeep
|turn|6
|
|t:|1779592847
|switch|p1a: Zebstrika|Zebstrika, M|100/100
|-item|p1a: Zebstrika|Air Balloon
|switch|p2a: passaralho|Tornadus-Therian, M|100/100
|
|upkeep
|turn|7
|
|t:|1779592867
|move|p2a: passaralho|Dark Pulse|p1a: Zebstrika
|-damage|p1a: Zebstrika|56/100
|-enditem|p1a: Zebstrika|Air Balloon
|move|p1a: Zebstrika|Thunder Wave|p2a: passaralho
|-status|p2a: passaralho|par
|
|upkeep
|turn|8
|
|t:|1779592875
|move|p1a: Zebstrika|Supercell Slam|p2a: passaralho
|-supereffective|p2a: passaralho
|-crit|p2a: passaralho
|-damage|p2a: passaralho|0 fnt
|faint|p2a: passaralho
|
|upkeep
|
|t:|1779592885
|switch|p2a: rhyno picudo|Ting-Lu, shiny, tera:Fire|52/100
|-ability|p2a: rhyno picudo|Vessel of Ruin
|turn|9
|
|t:|1779592889
|move|p1a: Zebstrika|Thunder Wave|p2a: rhyno picudo
|-status|p2a: rhyno picudo|par
|move|p2a: rhyno picudo|Earthquake|p1a: Zebstrika
|-supereffective|p1a: Zebstrika
|-damage|p1a: Zebstrika|0 fnt
|faint|p1a: Zebstrika
|
|-heal|p2a: rhyno picudo|58/100 par|[from] item: Leftovers
|upkeep
|
|t:|1779592895
|switch|p1a: Dragonite|Dragonite, M|100/100
|turn|10
|
|t:|1779592900
|move|p1a: Dragonite|Dragon Dance|p1a: Dragonite
|-boost|p1a: Dragonite|atk|1
|-boost|p1a: Dragonite|spe|1
|move|p2a: rhyno picudo|Ruination|p1a: Dragonite
|-damage|p1a: Dragonite|51/100
|
|-heal|p1a: Dragonite|57/100|[from] item: Leftovers
|-heal|p2a: rhyno picudo|64/100 par|[from] item: Leftovers
|upkeep
|turn|11
|
|t:|1779592905
|move|p1a: Dragonite|Dragon Claw|p2a: rhyno picudo
|-damage|p2a: rhyno picudo|23/100 par
|move|p2a: rhyno picudo|Whirlwind|p1a: Dragonite
|drag|p1a: Ursaring|Ursaring, M, shiny|100/100
|
|-heal|p2a: rhyno picudo|30/100 par|[from] item: Leftovers
|-status|p1a: Ursaring|brn|[from] item: Flame Orb
|upkeep
|turn|12
|
|t:|1779592914
|move|p1a: Ursaring|Body Slam|p2a: rhyno picudo
|-crit|p2a: rhyno picudo
|-damage|p2a: rhyno picudo|0 fnt
|faint|p2a: rhyno picudo
|
|-damage|p1a: Ursaring|94/100 brn|[from] brn
|upkeep
|
|t:|1779592926
|switch|p2a: clítoris|Pecharunt|100/100
|turn|13
|
|t:|1779592931
|move|p2a: clítoris|Malignant Chain|p1a: Ursaring
|-damage|p1a: Ursaring|41/100 brn
|move|p1a: Ursaring|Shadow Claw|p2a: clítoris
|-supereffective|p2a: clítoris
|-damage|p2a: clítoris|51/100
|
|-damage|p1a: Ursaring|35/100 brn|[from] brn
|upkeep
|turn|14
|
|t:|1779592942
|move|p2a: clítoris|Malignant Chain|p1a: Ursaring
|-crit|p1a: Ursaring
|-damage|p1a: Ursaring|0 fnt
|faint|p1a: Ursaring
|
|upkeep
|
|t:|1779592945
|switch|p1a: Hippowdon|Hippowdon, M|100/100
|-weather|Sandstorm|[from] ability: Sand Stream|[of] p1a: Hippowdon
|turn|15
|
|t:|1779592952
|move|p2a: clítoris|Parting Shot|p1a: Hippowdon
|-unboost|p1a: Hippowdon|atk|1
|-unboost|p1a: Hippowdon|spa|1
|
|t:|1779592957
|switch|p2a: jacare bem dotado|Dragonite, M, shiny|100/100|[from] Parting Shot
|move|p1a: Hippowdon|Crunch|p2a: jacare bem dotado
|-damage|p2a: jacare bem dotado|93/100
|
|-weather|Sandstorm|[upkeep]
|-damage|p2a: jacare bem dotado|87/100|[from] Sandstorm
|upkeep
|turn|16
|
|t:|1779592962
|move|p2a: jacare bem dotado|Dragon Dance|p2a: jacare bem dotado
|-boost|p2a: jacare bem dotado|atk|1
|-boost|p2a: jacare bem dotado|spe|1
|move|p1a: Hippowdon|Ice Fang|p2a: jacare bem dotado
|-supereffective|p2a: jacare bem dotado
|-damage|p2a: jacare bem dotado|27/100
|-status|p2a: jacare bem dotado|frz
|
|-weather|Sandstorm|[upkeep]
|-damage|p2a: jacare bem dotado|21/100 frz|[from] Sandstorm
|upkeep
|turn|17
|
|t:|1779592969
|-curestatus|p2a: jacare bem dotado|frz|[msg]
|move|p2a: jacare bem dotado|Roost|p2a: jacare bem dotado
|-heal|p2a: jacare bem dotado|71/100
|-singleturn|p2a: jacare bem dotado|move: Roost
|move|p1a: Hippowdon|Ice Fang|p2a: jacare bem dotado
|-supereffective|p2a: jacare bem dotado
|-damage|p2a: jacare bem dotado|45/100
|-status|p2a: jacare bem dotado|frz
|
|-weather|Sandstorm|[upkeep]
|-damage|p2a: jacare bem dotado|39/100 frz|[from] Sandstorm
|upkeep
|turn|18
|
|t:|1779592973
|cant|p2a: jacare bem dotado|frz
|move|p1a: Hippowdon|Ice Fang|p2a: jacare bem dotado
|-supereffective|p2a: jacare bem dotado
|-damage|p2a: jacare bem dotado|0 fnt
|faint|p2a: jacare bem dotado
|
|-weather|Sandstorm|[upkeep]
|upkeep
|
|t:|1779592976
|switch|p2a: femboy|Ogerpon-Wellspring, F|100/100
|turn|19
|
|t:|1779592985
|-terastallize|p1a: Hippowdon|Steel
|move|p2a: femboy|Swords Dance|p2a: femboy
|-boost|p2a: femboy|atk|2
|move|p1a: Hippowdon|Ice Fang|p2a: femboy
|-damage|p2a: femboy|80/100
|
|-weather|none
|upkeep
|turn|20
|
|t:|1779592991
|move|p2a: femboy|Ivy Cudgel|p1a: Hippowdon|[anim] Ivy Cudgel Water
|-crit|p1a: Hippowdon
|-damage|p1a: Hippowdon|0 fnt
|faint|p1a: Hippowdon
|
|upkeep
|
|t:|1779592994
|switch|p1a: Dragonite|Dragonite, M|57/100
|turn|21
|
|t:|1779593002
|move|p1a: Dragonite|Extreme Speed|p2a: femboy
|-damage|p2a: femboy|40/100
|move|p2a: femboy|Play Rough|p1a: Dragonite
|-supereffective|p1a: Dragonite
|-damage|p1a: Dragonite|0 fnt
|faint|p1a: Dragonite
|
|upkeep
|
|t:|1779593005
|switch|p1a: Sceptile|Sceptile, M|73/100
|turn|22
|
|t:|1779593014
|move|p1a: Sceptile|Dragon Pulse|p2a: femboy
|-damage|p2a: femboy|8/100
|move|p2a: femboy|Play Rough|p1a: Sceptile
|-damage|p1a: Sceptile|0 fnt
|faint|p1a: Sceptile
|
|win|PRUU1 ☆ g4ltxyzn ☆
|raw|ssj_95's rating: 1182 &rarr; <strong>1160</strong><br />(-22 for losing)
|raw|PRUU1 ☆ g4ltxyzn ☆'s rating: 1228 &rarr; <strong>1250</strong><br />(+22 for winning)
|l|☆ssj_95
|player|p1|
|l|☆PRUU1 ☆ g4ltxyzn ☆
|player|p2|
