|j|☆Than6942
|j|☆KalosToHighElo
|t:|1779690063
|gametype|singles
|player|p1|Than6942|steven|1119
|player|p2|KalosToHighElo|preschooler|1055
|gen|9
|tier|[Gen 9] OU
|rated|
|rule|HP Percentage Mod: HP is shown in percentages
|rule|Endless Battle Clause: Forcing endless battles is banned
|rule|Species Clause: Limit one of each Pokémon
|rule|OHKO Clause: OHKO moves are banned
|rule|Evasion Items Clause: Evasion items are banned
|rule|Evasion Moves Clause: Evasion moves are banned
|rule|Evasion Abilities Clause: Evasion abilities are banned
|rule|Sleep Moves Clause: Sleep-inducing moves are banned
|clearpoke
|poke|p1|Deoxys-Speed|
|poke|p1|Zamazenta-*|
|poke|p1|Dragonite, M|
|poke|p1|Gholdengo|
|poke|p1|Ogerpon-Wellspring, F|
|poke|p1|Iron Moth|
|poke|p2|Hawlucha, M|
|poke|p2|Noivern, M|
|poke|p2|Klefki, F|
|poke|p2|Goodra, F|
|poke|p2|Chesnaught, M|
|poke|p2|Florges-Orange, F|
|teampreview
|inactive|Battle timer is ON: inactive players will automatically lose when time's up. (requested by Than6942)
|c|☆KalosToHighElo|why do i face team like this in low elo
|
|t:|1779690079
|teamsize|p1|6
|teamsize|p2|6
|start
|switch|p1a: Deoxys|Deoxys-Speed|100/100
|switch|p2a: #StopSlander|Goodra, F|100/100
|-ability|p1a: Deoxys|Pressure
|turn|1
|
|t:|1779690086
|move|p1a: Deoxys|Thunder Wave|p2a: #StopSlander
|-status|p2a: #StopSlander|par
|move|p2a: #StopSlander|Knock Off|p1a: Deoxys
|-supereffective|p1a: Deoxys
|-enditem|p1a: Deoxys|Focus Sash
|-damage|p1a: Deoxys|1/100
|-damage|p2a: #StopSlander|91/100 par|[from] item: Life Orb
|
|upkeep
|turn|2
|c|☆Than6942|Idk bro
|
|t:|1779690103
|switch|p2a: El Luchador|Hawlucha, M, shiny|100/100
|move|p1a: Deoxys|Stealth Rock|p2a: El Luchador
|-sidestart|p2: KalosToHighElo|move: Stealth Rock
|
|upkeep
|turn|3
|c|☆Than6942|i js put OU mons on an OU team
|
|t:|1779690117
|move|p1a: Deoxys|Thunder Wave|p2a: El Luchador
|-status|p2a: El Luchador|par
|move|p2a: El Luchador|Swords Dance|p2a: El Luchador
|-boost|p2a: El Luchador|atk|2
|
|upkeep
|turn|4
|c|☆KalosToHighElo|k not funny give me my speed back
|c|☆KalosToHighElo|now no one on my team is relevant
|
|t:|1779690147
|move|p1a: Deoxys|Psychic|p2a: El Luchador
|-supereffective|p2a: El Luchador
|-damage|p2a: El Luchador|7/100 par
|-enditem|p2a: El Luchador|Sitrus Berry|[eat]
|-heal|p2a: El Luchador|32/100 par|[from] item: Sitrus Berry
|move|p2a: El Luchador|High Jump Kick|p1a: Deoxys
|-resisted|p1a: Deoxys
|-damage|p1a: Deoxys|0 fnt
|faint|p1a: Deoxys
|
|upkeep
|c|☆Than6942|Its only 2 mons bro
|
|t:|1779690169
|switch|p1a: Zamazenta|Zamazenta|100/100
|-ability|p1a: Zamazenta|Dauntless Shield|boost
|-boost|p1a: Zamazenta|def|1
|turn|5
|inactive|KalosToHighElo has 120 seconds left.
|c|☆KalosToHighElo|i am NOT fast enough to outspeed
|c|☆KalosToHighElo|grahh
|
|t:|1779690199
|move|p1a: Zamazenta|Ice Fang|p2a: El Luchador
|-supereffective|p2a: El Luchador
|-crit|p2a: El Luchador
|-damage|p2a: El Luchador|0 fnt
|faint|p2a: El Luchador
|
|upkeep
|c|☆Than6942|I know
|
|t:|1779690208
|switch|p2a: Cha-ching|Klefki, F|100/100
|-damage|p2a: Cha-ching|95/100|[from] Stealth Rock
|turn|6
|inactive|KalosToHighElo has 120 seconds left.
|
|t:|1779690215
|switch|p1a: Iron Moth|Iron Moth|100/100
|-enditem|p1a: Iron Moth|Booster Energy
|-activate|p1a: Iron Moth|ability: Quark Drive|[fromitem]
|-start|p1a: Iron Moth|quarkdrivespa
|move|p2a: Cha-ching|Spikes|p1a: Iron Moth
|-sidestart|p1: Than6942|Spikes
|
|-heal|p2a: Cha-ching|100/100|[from] item: Leftovers
|upkeep
|turn|7
|inactive|KalosToHighElo has 120 seconds left.
|
|t:|1779690229
|switch|p2a: #StopSlander|Goodra, F|91/100 par
|-damage|p2a: #StopSlander|78/100 par|[from] Stealth Rock
|move|p1a: Iron Moth|Fiery Dance|p2a: #StopSlander
|-resisted|p2a: #StopSlander
|-damage|p2a: #StopSlander|58/100 par
|-boost|p1a: Iron Moth|spa|1
|
|upkeep
|turn|8
|
|t:|1779690239
|move|p1a: Iron Moth|Sludge Wave|p2a: #StopSlander
|-damage|p2a: #StopSlander|0 fnt
|faint|p2a: #StopSlander
|
|upkeep
|c|☆KalosToHighElo|holy fcking god goodra suck
|inactive|KalosToHighElo has 120 seconds left.
|c|☆KalosToHighElo|no actually my team suck
|
|t:|1779690272
|switch|p2a: My MAN|Chesnaught, M|100/100
|-damage|p2a: My MAN|94/100|[from] Stealth Rock
|turn|9
|c|☆Than6942|I’d recommend putting greninja on
|c|☆Than6942|Its pretty good
|l|☆Than6942
|inactive|Than6942 disconnected and has a minute to reconnect!
|player|p1|
|c|☆KalosToHighElo|right
|j|☆Than6942
|inactive|Than6942 reconnected and has 130 seconds left.
|player|p1|Than6942|steven|
|
|t:|1779690300
|-terastallize|p2a: My MAN|Electric
|move|p1a: Iron Moth|Fiery Dance|p2a: My MAN
|-damage|p2a: My MAN|0 fnt
|faint|p2a: My MAN
|
|upkeep
|inactive|KalosToHighElo has 90 seconds left.
|
|t:|1779690310
|switch|p2a: Cha-ching|Klefki, F|100/100
|-damage|p2a: Cha-ching|95/100|[from] Stealth Rock
|turn|10
|
|t:|1779690317
|move|p2a: Cha-ching|Thunder Wave|p1a: Iron Moth
|-status|p1a: Iron Moth|par
|cant|p1a: Iron Moth|par
|
|-heal|p2a: Cha-ching|100/100|[from] item: Leftovers
|upkeep
|turn|11
|c|☆Than6942|Damn
|
|t:|1779690327
|move|p2a: Cha-ching|Foul Play|p1a: Iron Moth
|-damage|p1a: Iron Moth|77/100 par
|move|p1a: Iron Moth|Fiery Dance|p2a: Cha-ching
|-supereffective|p2a: Cha-ching
|-damage|p2a: Cha-ching|0 fnt
|faint|p2a: Cha-ching
|
|upkeep
|
|t:|1779690334
|switch|p2a: THE GOAT!|Noivern, M|100/100
|-damage|p2a: THE GOAT!|75/100|[from] Stealth Rock
|turn|12
|
|t:|1779690339
|move|p2a: THE GOAT!|Boomburst|p1a: Iron Moth
|-damage|p1a: Iron Moth|33/100 par
|move|p1a: Iron Moth|Sludge Wave|p2a: THE GOAT!
|-damage|p2a: THE GOAT!|0 fnt
|faint|p2a: THE GOAT!
|
|upkeep
|
|t:|1779690346
|switch|p2a: His girl|Florges-Orange, F|100/100
|-damage|p2a: His girl|88/100|[from] Stealth Rock
|turn|13
|
|t:|1779690351
|move|p2a: His girl|Psychic Noise|p1a: Iron Moth
|-supereffective|p1a: Iron Moth
|-damage|p1a: Iron Moth|0 fnt
|faint|p1a: Iron Moth
|-end|p1a: Iron Moth|Quark Drive|[silent]
|
|-heal|p2a: His girl|94/100|[from] item: Leftovers
|upkeep
|
|t:|1779690359
|switch|p1a: Gholdengo|Gholdengo|100/100
|-damage|p1a: Gholdengo|88/100|[from] Spikes
|turn|14
|
|t:|1779690364
|move|p1a: Gholdengo|Nasty Plot|p1a: Gholdengo
|-boost|p1a: Gholdengo|spa|2
|move|p2a: His girl|Wish|p2a: His girl
|
|-heal|p2a: His girl|99/100|[from] item: Leftovers
|upkeep
|turn|15
|c|☆Than6942|Ggs bro
|
|t:|1779690373
|move|p1a: Gholdengo|Make It Rain|p2a: His girl
|-supereffective|p2a: His girl
|-damage|p2a: His girl|0 fnt
|-unboost|p1a: Gholdengo|spa|1
|faint|p2a: His girl
|-damage|p1a: Gholdengo|78/100|[from] item: Life Orb
|
|win|Than6942
