|j|☆Lesteria
|j|☆QXQXQQX
|t:|1779615671
|gametype|singles
|player|p1|Lesteria|waiter-gen4|1236
|player|p2|QXQXQQX|byron|1222
|gen|9
|tier|[Gen 9] OU
|rated|
|rule|HP Percentage Mod: HP is shown in percentages
|rule|Endless Battle Clause: Forcing endless battles is banned
|rule|Species Clause: Limit one of each Pokémon
|rule|OHKO Clause: OHKO moves are banned
|rule|Evasion Items Clause: Evasion items are banned
|rule|Evasion Moves Clause: Evasion moves are banned
|rule|Evasion Abilities Clause: Evasion abilities are banned
|rule|Sleep Moves Clause: Sleep-inducing moves are banned
|clearpoke
|poke|p1|Latios, M|
|poke|p1|Garganacl, F|
|poke|p1|Ogerpon-Wellspring, F|
|poke|p1|Tornadus-Therian, M|
|poke|p1|Gyarados, F|
|poke|p1|Infernape, M|
|poke|p2|Pelipper, M|
|poke|p2|Basculegion, M|
|poke|p2|Zapdos|
|poke|p2|Raging Bolt|
|poke|p2|Corviknight, M|
|poke|p2|Politoed, F|
|teampreview
|inactive|Battle timer is ON: inactive players will automatically lose when time's up. (requested by Lesteria)
|inactive|QXQXQQX also wants the timer to be on.
|
|t:|1779615683
|teamsize|p1|6
|teamsize|p2|6
|start
|switch|p1a: Latios|Latios, M, shiny|100/100
|switch|p2a: 雨一直下2|Politoed, F|100/100
|-weather|RainDance|[from] ability: Drizzle|[of] p2a: 雨一直下2
|turn|1
|
|t:|1779615695
|-terastallize|p1a: Latios|Electric
|move|p1a: Latios|Calm Mind|p1a: Latios
|-boost|p1a: Latios|spa|1
|-boost|p1a: Latios|spd|1
|move|p2a: 雨一直下2|Ice Beam|p1a: Latios
|-crit|p1a: Latios
|-damage|p1a: Latios|57/100
|
|-weather|RainDance|[upkeep]
|upkeep
|turn|2
|
|t:|1779615700
|move|p1a: Latios|Calm Mind|p1a: Latios
|-boost|p1a: Latios|spa|1
|-boost|p1a: Latios|spd|1
|move|p2a: 雨一直下2|Encore|p1a: Latios
|-start|p1a: Latios|Encore
|
|-weather|RainDance|[upkeep]
|upkeep
|turn|3
|
|t:|1779615705
|move|p1a: Latios|Calm Mind|p1a: Latios
|-boost|p1a: Latios|spa|1
|-boost|p1a: Latios|spd|1
|move|p2a: 雨一直下2|Earth Power|p1a: Latios
|-immune|p1a: Latios|[from] ability: Levitate
|
|-weather|RainDance|[upkeep]
|upkeep
|turn|4
|
|t:|1779615711
|move|p1a: Latios|Calm Mind|p1a: Latios
|-boost|p1a: Latios|spa|1
|-boost|p1a: Latios|spd|1
|move|p2a: 雨一直下2|Ice Beam|p1a: Latios
|-damage|p1a: Latios|47/100
|
|-weather|RainDance|[upkeep]
|upkeep
|turn|5
|
|t:|1779615714
|move|p1a: Latios|Calm Mind|p1a: Latios
|-boost|p1a: Latios|spa|1
|-boost|p1a: Latios|spd|1
|move|p2a: 雨一直下2|Encore||[still]
|-fail|p2a: 雨一直下2
|
|-weather|RainDance|[upkeep]
|-end|p1a: Latios|Encore
|upkeep
|turn|6
|
|t:|1779615721
|move|p1a: Latios|Aura Sphere|p2a: 雨一直下2
|-damage|p2a: 雨一直下2|21/100
|move|p2a: 雨一直下2|Encore|p1a: Latios
|-start|p1a: Latios|Encore
|
|-weather|RainDance|[upkeep]
|upkeep
|turn|7
|
|t:|1779615732
|switch|p2a: 雨天大运|Basculegion, M|100/100
|move|p1a: Latios|Aura Sphere|p2a: 雨天大运
|-immune|p2a: 雨天大运
|
|-weather|RainDance|[upkeep]
|upkeep
|turn|8
|
|t:|1779615738
|move|p2a: 雨天大运|Flip Turn|p1a: Latios
|-damage|p1a: Latios|0 fnt
|faint|p1a: Latios
|
|t:|1779615744
|switch|p2a: 天空之盾|Corviknight, M|100/100|[from] Flip Turn
|
|-weather|none
|upkeep
|
|t:|1779615748
|switch|p1a: Infernape|Infernape, M|100/100
|turn|9
|
|t:|1779615760
|switch|p2a: 雨一直下1|Pelipper, M|100/100
|-weather|RainDance|[from] ability: Drizzle|[of] p2a: 雨一直下1
|move|p1a: Infernape|Flare Blitz|p2a: 雨一直下1
|-resisted|p2a: 雨一直下1
|-damage|p2a: 雨一直下1|87/100
|-status|p2a: 雨一直下1|brn
|-damage|p1a: Infernape|95/100|[from] Recoil
|
|-weather|RainDance|[upkeep]
|-damage|p2a: 雨一直下1|81/100 brn|[from] brn
|upkeep
|turn|10
|
|t:|1779615768
|switch|p1a: Tornadus|Tornadus-Therian, M|100/100
|move|p2a: 雨一直下1|Hurricane|p1a: Tornadus
|-damage|p1a: Tornadus|39/100
|
|-weather|RainDance|[upkeep]
|-damage|p2a: 雨一直下1|74/100 brn|[from] brn
|upkeep
|turn|11
|
|t:|1779615773
|move|p1a: Tornadus|Bleakwind Storm|p2a: 雨一直下1
|-damage|p2a: 雨一直下1|9/100 brn
|move|p2a: 雨一直下1|Ice Beam|p1a: Tornadus
|-supereffective|p1a: Tornadus
|-damage|p1a: Tornadus|0 fnt
|faint|p1a: Tornadus
|
|-weather|RainDance|[upkeep]
|-damage|p2a: 雨一直下1|3/100 brn|[from] brn
|upkeep
|
|t:|1779615779
|switch|p1a: Infernape|Infernape, M|95/100
|turn|12
|
|t:|1779615787
|switch|p2a: 天空之盾|Corviknight, M|100/100
|move|p1a: Infernape|Mach Punch|p2a: 天空之盾
|-damage|p2a: 天空之盾|87/100
|
|-weather|RainDance|[upkeep]
|-heal|p2a: 天空之盾|93/100|[from] item: Leftovers
|upkeep
|turn|13
|
|t:|1779615794
|switch|p1a: Gyarados|Gyarados, F|100/100
|-ability|p1a: Gyarados|Intimidate|boost
|-ability|p2a: 天空之盾|Mirror Armor
|-unboost|p1a: Gyarados|atk|1
|move|p2a: 天空之盾|Body Press|p1a: Gyarados
|-resisted|p1a: Gyarados
|-damage|p1a: Gyarados|83/100
|
|-weather|RainDance|[upkeep]
|-heal|p2a: 天空之盾|99/100|[from] item: Leftovers
|upkeep
|turn|14
|
|t:|1779615800
|move|p1a: Gyarados|Dragon Dance|p1a: Gyarados
|-boost|p1a: Gyarados|atk|1
|-boost|p1a: Gyarados|spe|1
|move|p2a: 天空之盾|Iron Defense|p2a: 天空之盾
|-boost|p2a: 天空之盾|def|2
|
|-weather|RainDance|[upkeep]
|-heal|p2a: 天空之盾|100/100|[from] item: Leftovers
|upkeep
|turn|15
|
|t:|1779615807
|move|p1a: Gyarados|Waterfall|p2a: 天空之盾
|-damage|p2a: 天空之盾|79/100
|move|p2a: 天空之盾|Iron Defense|p2a: 天空之盾
|-boost|p2a: 天空之盾|def|2
|
|-weather|RainDance|[upkeep]
|-heal|p2a: 天空之盾|85/100|[from] item: Leftovers
|upkeep
|turn|16
|
|t:|1779615811
|switch|p1a: Garganacl|Garganacl, F|100/100
|move|p2a: 天空之盾|Iron Defense|p2a: 天空之盾
|-boost|p2a: 天空之盾|def|2
|
|-weather|none
|-heal|p2a: 天空之盾|91/100|[from] item: Leftovers
|upkeep
|turn|17
|
|t:|1779615814
|move|p2a: 天空之盾|Body Press|p1a: Garganacl
|-supereffective|p1a: Garganacl
|-damage|p1a: Garganacl|0 fnt
|faint|p1a: Garganacl
|
|-heal|p2a: 天空之盾|97/100|[from] item: Leftovers
|upkeep
|-message|Lesteria forfeited.
|
|win|QXQXQQX
|raw|Lesteria's rating: 1236 &rarr; <strong>1210</strong><br />(-26 for losing)
|raw|QXQXQQX's rating: 1222 &rarr; <strong>1248</strong><br />(+26 for winning)
|l|☆Lesteria
|player|p1|
|l|☆QXQXQQX
|player|p2|
