|j|☆Shadowz987
|j|☆929Z
|t:|1779720273
|gametype|singles
|player|p1|Shadowz987|101|1380
|player|p2|929Z|265|1418
|gen|9
|tier|[Gen 9] OU
|rated|
|rule|HP Percentage Mod: HP is shown in percentages
|rule|Endless Battle Clause: Forcing endless battles is banned
|rule|Species Clause: Limit one of each Pokémon
|rule|OHKO Clause: OHKO moves are banned
|rule|Evasion Items Clause: Evasion items are banned
|rule|Evasion Moves Clause: Evasion moves are banned
|rule|Evasion Abilities Clause: Evasion abilities are banned
|rule|Sleep Moves Clause: Sleep-inducing moves are banned
|clearpoke
|poke|p1|Corviknight, F|
|poke|p1|Dachsbun, M|
|poke|p1|Cinderace, F|
|poke|p1|Glimmora, F|
|poke|p1|Salazzle, F|
|poke|p1|Ogerpon-Wellspring, F|
|poke|p2|Araquanid, F|
|poke|p2|Zamazenta-*|
|poke|p2|Iron Valiant|
|poke|p2|Heatran, F|
|poke|p2|Iron Treads|
|poke|p2|Hydrapple, M|
|teampreview
|inactive|Battle timer is ON: inactive players will automatically lose when time's up. (requested by 929Z)
|
|t:|1779720293
|teamsize|p1|6
|teamsize|p2|6
|start
|switch|p1a: Salazzle|Salazzle, F|100/100
|switch|p2a: Zamazenta|Zamazenta|100/100
|-ability|p2a: Zamazenta|Dauntless Shield|boost
|-boost|p2a: Zamazenta|def|1
|turn|1
|
|t:|1779720300
|move|p2a: Zamazenta|Stone Edge|p1a: Salazzle|[miss]
|-miss|p2a: Zamazenta|p1a: Salazzle
|move|p1a: Salazzle|Toxic|p2a: Zamazenta
|-status|p2a: Zamazenta|tox
|
|-damage|p2a: Zamazenta|94/100 tox|[from] psn
|upkeep
|turn|2
|
|t:|1779720306
|switch|p2a: Heatran|Heatran, F|100/100
|-item|p2a: Heatran|Air Balloon
|move|p1a: Salazzle|Protect||[still]
|-fail|p1a: Salazzle
|
|upkeep
|turn|3
|
|t:|1779720311
|move|p1a: Salazzle|Toxic|p2a: Heatran
|-status|p2a: Heatran|tox
|move|p2a: Heatran|Stealth Rock|p1a: Salazzle
|-sidestart|p1: Shadowz987|move: Stealth Rock
|
|-damage|p2a: Heatran|94/100 tox|[from] psn
|upkeep
|turn|4
|
|t:|1779720318
|move|p1a: Salazzle|Protect|p1a: Salazzle
|-singleturn|p1a: Salazzle|Protect
|move|p2a: Heatran|Magma Storm|p1a: Salazzle
|-activate|p1a: Salazzle|move: Protect
|
|-damage|p2a: Heatran|82/100 tox|[from] psn
|upkeep
|turn|5
|
|t:|1779720325
|switch|p1a: Dachsbun|Dachsbun, M|100/100
|-damage|p1a: Dachsbun|88/100|[from] Stealth Rock
|move|p2a: Heatran|Magma Storm|p1a: Dachsbun
|-ability|p1a: Dachsbun|Well-Baked Body|boost
|-boost|p1a: Dachsbun|def|2
|
|-heal|p1a: Dachsbun|94/100|[from] item: Leftovers
|-damage|p2a: Heatran|63/100 tox|[from] psn
|upkeep
|turn|6
|
|t:|1779720331
|move|p2a: Heatran|Flash Cannon|p1a: Dachsbun
|-supereffective|p1a: Dachsbun
|-damage|p1a: Dachsbun|0 fnt
|faint|p1a: Dachsbun
|
|-damage|p2a: Heatran|39/100 tox|[from] psn
|upkeep
|
|t:|1779720357
|switch|p1a: Cinderace|Cinderace, F|100/100
|turn|7
|
|t:|1779720364
|move|p1a: Cinderace|Court Change|p1a: Cinderace
|-start|p1a: Cinderace|typechange|Normal|[from] ability: Libero
|-swapsideconditions
|-activate|p1a: Cinderace|move: Court Change
|move|p2a: Heatran|Earth Power|p1a: Cinderace
|-damage|p1a: Cinderace|54/100
|
|-damage|p2a: Heatran|8/100 tox|[from] psn
|upkeep
|turn|8
|
|t:|1779720368
|move|p1a: Cinderace|U-turn|p2a: Heatran
|-resisted|p2a: Heatran
|-damage|p2a: Heatran|2/100 tox
|-enditem|p2a: Heatran|Air Balloon
|
|t:|1779720371
|switch|p1a: Salazzle|Salazzle, F|100/100|[from] U-turn
|move|p2a: Heatran|Magma Storm|p1a: Salazzle|[miss]
|-miss|p2a: Heatran|p1a: Salazzle
|
|-damage|p2a: Heatran|0 fnt|[from] psn
|faint|p2a: Heatran
|upkeep
|
|t:|1779720385
|switch|p2a: Iron Treads|Iron Treads|100/100
|-damage|p2a: Iron Treads|97/100|[from] Stealth Rock
|turn|9
|
|t:|1779720405
|move|p1a: Salazzle|Flamethrower|p2a: Iron Treads
|-supereffective|p2a: Iron Treads
|-damage|p2a: Iron Treads|33/100
|move|p2a: Iron Treads|Rapid Spin|p1a: Salazzle
|-damage|p1a: Salazzle|79/100
|-boost|p2a: Iron Treads|spe|1
|-sideend|p2: 929Z|Stealth Rock|[from] move: Rapid Spin|[of] p2a: Iron Treads
|
|upkeep
|turn|10
|
|t:|1779720417
|move|p1a: Salazzle|Protect|p1a: Salazzle
|-singleturn|p1a: Salazzle|Protect
|move|p2a: Iron Treads|High Horsepower|p1a: Salazzle
|-activate|p1a: Salazzle|move: Protect
|
|upkeep
|turn|11
|
|t:|1779720426
|switch|p1a: Ogerpon|Ogerpon-Wellspring, F|100/100
|move|p2a: Iron Treads|Knock Off|p1a: Ogerpon
|-damage|p1a: Ogerpon|71/100
|
|upkeep
|turn|12
|
|t:|1779720438
|-end|p2a: Iron Treads|Quark Drive|[silent]
|switch|p2a: Hydrapple|Hydrapple, M|100/100
|switch|p1a: Glimmora|Glimmora, F|100/100
|-item|p1a: Glimmora|Air Balloon
|
|upkeep
|turn|13
|
|t:|1779720444
|move|p1a: Glimmora|Toxic|p2a: Hydrapple
|-status|p2a: Hydrapple|tox
|move|p2a: Hydrapple|Fickle Beam|p1a: Glimmora|[anim] Fickle Beam All Out
|-activate|p2a: Hydrapple|move: Fickle Beam
|-damage|p1a: Glimmora|26/100
|-enditem|p1a: Glimmora|Air Balloon
|
|-damage|p2a: Hydrapple|94/100 tox|[from] psn
|upkeep
|turn|14
|
|t:|1779720449
|switch|p1a: Corviknight|Corviknight, F|100/100
|move|p2a: Hydrapple|Giga Drain|p1a: Corviknight
|-resisted|p1a: Corviknight
|-damage|p1a: Corviknight|92/100
|-heal|p2a: Hydrapple|98/100 tox|[from] drain|[of] p1a: Corviknight
|
|-damage|p2a: Hydrapple|86/100 tox|[from] psn
|upkeep
|turn|15
|
|t:|1779720456
|switch|p2a: Araquanid|Araquanid, F|100/100
|move|p1a: Corviknight|Agility|p1a: Corviknight
|-boost|p1a: Corviknight|spe|2
|
|upkeep
|turn|16
|
|t:|1779720469
|move|p1a: Corviknight|Bulk Up|p1a: Corviknight
|-boost|p1a: Corviknight|atk|1
|-boost|p1a: Corviknight|def|1
|move|p2a: Araquanid|Hydro Pump|p1a: Corviknight
|-damage|p1a: Corviknight|42/100
|
|upkeep
|turn|17
|
|t:|1779720481
|move|p1a: Corviknight|Swagger|p2a: Araquanid
|-boost|p2a: Araquanid|atk|2
|-start|p2a: Araquanid|confusion
|-enditem|p1a: Corviknight|Mirror Herb
|-boost|p1a: Corviknight|atk|2|[from] item: Mirror Herb
|-activate|p2a: Araquanid|confusion
|move|p2a: Araquanid|Hydro Pump|p1a: Corviknight
|-damage|p1a: Corviknight|0 fnt
|faint|p1a: Corviknight
|
|upkeep
|inactive|Shadowz987 has 120 seconds left.
|
|t:|1779720513
|switch|p1a: Cinderace|Cinderace, F|54/100
|turn|18
|
|t:|1779720521
|move|p1a: Cinderace|Gunk Shot|p2a: Araquanid
|-start|p1a: Cinderace|typechange|Poison|[from] ability: Libero
|-damage|p2a: Araquanid|37/100
|-end|p2a: Araquanid|confusion
|move|p2a: Araquanid|Hydro Pump|p1a: Cinderace
|-damage|p1a: Cinderace|0 fnt
|faint|p1a: Cinderace
|
|upkeep
|inactive|Shadowz987 has 120 seconds left.
|-message|Shadowz987 forfeited.
|
|win|929Z
|raw|Shadowz987's rating: 1380 &rarr; <strong>1362</strong><br />(-18 for losing)
|raw|929Z's rating: 1418 &rarr; <strong>1436</strong><br />(+18 for winning)
|l|☆Shadowz987
|player|p1|
|c|☆929Z|!showteam
|c| 929Z|/raw <div class="infobox"><details><summary>View team</summary>Araquanid @ Custap Berry  <br />Ability: Water Bubble  <br />Tera Type: Ghost  <br />EVs: 244 HP &#x2f; 40 Def &#x2f; 68 SpA &#x2f; 124 SpD &#x2f; 32 Spe  <br />Calm Nature  <br />- Hydro Pump  <br />- Sticky Web  <br />- Leech Life  <br />- Mirror Coat  <br /><br />Zamazenta @ Life Orb  <br />Ability: Dauntless Shield  <br />Tera Type: Steel  <br />EVs: 252 Atk &#x2f; 4 SpD &#x2f; 252 Spe  <br />Jolly Nature  <br />- Close Combat  <br />- Heavy Slam  <br />- Ice Fang  <br />- Stone Edge  <br /><br />Iron Valiant @ Booster Energy  <br />Ability: Quark Drive  <br />Tera Type: Ghost  <br />EVs: 252 SpA &#x2f; 4 SpD &#x2f; 252 Spe  <br />Modest Nature  <br />IVs: 0 Atk  <br />- Calm Mind  <br />- Vacuum Wave  <br />- Dazzling Gleam  <br />- Shadow Ball  <br /><br />Heatran @ Air Balloon  <br />Ability: Flash Fire  <br />Tera Type: Fire  <br />EVs: 252 SpA &#x2f; 252 Spe  <br />Timid Nature  <br />IVs: 0 Atk  <br />- Magma Storm  <br />- Earth Power  <br />- Flash Cannon  <br />- Stealth Rock  <br /><br />Iron Treads @ Assault Vest  <br />Ability: Quark Drive  <br />Tera Type: Ghost  <br />EVs: 252 Atk &#x2f; 4 SpD &#x2f; 252 Spe  <br />Jolly Nature  <br />- Ice Spinner  <br />- High Horsepower  <br />- Knock Off  <br />- Rapid Spin  <br /><br />Hydrapple @ Rocky Helmet  <br />Ability: Sticky Hold  <br />Tera Type: Poison  <br />EVs: 248 HP &#x2f; 248 Def &#x2f; 12 Spe  <br />Bold Nature  <br />IVs: 0 Atk  <br />- Nasty Plot  <br />- Fickle Beam  <br />- Giga Drain  <br />- Earth Power  <br /><br /></details></div>
