|j|☆Daniel xr13
|j|☆ethereallovefr
|t:|1779562983
|gametype|singles
|player|p1|Daniel xr13|2|1324
|player|p2|ethereallovefr|266|1327
|gen|9
|tier|[Gen 9] OU
|rated|
|rule|HP Percentage Mod: HP is shown in percentages
|rule|Endless Battle Clause: Forcing endless battles is banned
|rule|Species Clause: Limit one of each Pokémon
|rule|OHKO Clause: OHKO moves are banned
|rule|Evasion Items Clause: Evasion items are banned
|rule|Evasion Moves Clause: Evasion moves are banned
|rule|Evasion Abilities Clause: Evasion abilities are banned
|rule|Sleep Moves Clause: Sleep-inducing moves are banned
|clearpoke
|poke|p1|Garganacl, F|
|poke|p1|Meowscarada, F|
|poke|p1|Ting-Lu|
|poke|p1|Iron Valiant|
|poke|p1|Bellibolt, F|
|poke|p1|Cinderace, F|
|poke|p2|Iron Moth|
|poke|p2|Enamorus, F|
|poke|p2|Samurott-Hisui, M|
|poke|p2|Great Tusk|
|poke|p2|Regieleki|
|poke|p2|Gholdengo|
|teampreview
|inactive|Battle timer is ON: inactive players will automatically lose when time's up. (requested by Daniel xr13)
|
|t:|1779563000
|teamsize|p1|6
|teamsize|p2|6
|start
|switch|p1a: Meowscarada|Meowscarada, F|100/100
|switch|p2a: Kami|Samurott-Hisui, M|100/100
|turn|1
|inactive|ethereallovefr has 120 seconds left.
|
|t:|1779563036
|move|p1a: Meowscarada|U-turn|p2a: Kami
|-start|p1a: Meowscarada|typechange|Bug|[from] ability: Protean
|-supereffective|p2a: Kami
|-damage|p2a: Kami|15/100
|
|t:|1779563043
|switch|p1a: Iron Valiant|Iron Valiant|100/100|[from] U-turn
|-enditem|p1a: Iron Valiant|Booster Energy
|-activate|p1a: Iron Valiant|ability: Quark Drive|[fromitem]
|-start|p1a: Iron Valiant|quarkdrivespe
|move|p2a: Kami|X-Scissor|p1a: Iron Valiant
|-resisted|p1a: Iron Valiant
|-damage|p1a: Iron Valiant|88/100
|
|upkeep
|turn|2
|inactive|ethereallovefr has 120 seconds left.
|
|t:|1779563063
|switch|p2a: Tenjin|Gholdengo|100/100
|-item|p2a: Tenjin|Air Balloon
|move|p1a: Iron Valiant|Moonblast|p2a: Tenjin
|-resisted|p2a: Tenjin
|-damage|p2a: Tenjin|72/100
|-enditem|p2a: Tenjin|Air Balloon
|
|upkeep
|turn|3
|
|t:|1779563071
|move|p1a: Iron Valiant|Destiny Bond|p1a: Iron Valiant
|-singlemove|p1a: Iron Valiant|Destiny Bond
|move|p2a: Tenjin|Make It Rain|p1a: Iron Valiant
|-supereffective|p1a: Iron Valiant
|-damage|p1a: Iron Valiant|0 fnt
|-unboost|p2a: Tenjin|spa|1
|faint|p1a: Iron Valiant
|-activate|p1a: Iron Valiant|move: Destiny Bond
|-end|p1a: Iron Valiant|Quark Drive|[silent]
|faint|p2a: Tenjin
|
|upkeep
|
|t:|1779563092
|switch|p1a: Meowscarada|Meowscarada, F|100/100
|switch|p2a: Kami|Samurott-Hisui, M|15/100
|turn|4
|
|t:|1779563096
|switch|p2a: Enamorus|Enamorus, F|100/100
|move|p1a: Meowscarada|U-turn|p2a: Enamorus
|-start|p1a: Meowscarada|typechange|Bug|[from] ability: Protean
|-resisted|p2a: Enamorus
|-damage|p2a: Enamorus|88/100
|
|t:|1779563102
|switch|p1a: Cinderace|Cinderace, F|100/100|[from] U-turn
|
|upkeep
|turn|5
|inactive|ethereallovefr has 120 seconds left.
|
|t:|1779563131
|move|p2a: Enamorus|Earth Power|p1a: Cinderace
|-supereffective|p1a: Cinderace
|-damage|p1a: Cinderace|0 fnt
|faint|p1a: Cinderace
|
|upkeep
|
|t:|1779563136
|switch|p1a: Meowscarada|Meowscarada, F|100/100
|turn|6
|
|t:|1779563146
|switch|p2a: Kami|Samurott-Hisui, M|15/100
|move|p1a: Meowscarada|Knock Off|p2a: Kami
|-start|p1a: Meowscarada|typechange|Dark|[from] ability: Protean
|-resisted|p2a: Kami
|-damage|p2a: Kami|0 fnt
|-enditem|p2a: Kami|Choice Scarf|[from] move: Knock Off|[of] p1a: Meowscarada
|faint|p2a: Kami
|
|upkeep
|
|t:|1779563151
|switch|p2a: Great Tusk|Great Tusk|100/100
|turn|7
|
|t:|1779563154
|switch|p1a: Ting-Lu|Ting-Lu|100/100
|-ability|p1a: Ting-Lu|Vessel of Ruin
|move|p2a: Great Tusk|Rapid Spin|p1a: Ting-Lu
|-damage|p1a: Ting-Lu|90/100
|-boost|p2a: Great Tusk|spe|1
|
|-heal|p1a: Ting-Lu|96/100|[from] item: Leftovers
|upkeep
|turn|8
|
|t:|1779563160
|move|p2a: Great Tusk|Close Combat|p1a: Ting-Lu
|-supereffective|p1a: Ting-Lu
|-damage|p1a: Ting-Lu|15/100
|-unboost|p2a: Great Tusk|def|1
|-unboost|p2a: Great Tusk|spd|1
|move|p1a: Ting-Lu|Whirlwind|p2a: Great Tusk
|-end|p2a: Great Tusk|Protosynthesis|[silent]
|drag|p2a: Iron Moth|Iron Moth, shiny|100/100
|-enditem|p2a: Iron Moth|Booster Energy
|-activate|p2a: Iron Moth|ability: Quark Drive|[fromitem]
|-start|p2a: Iron Moth|quarkdrivespa
|
|-heal|p1a: Ting-Lu|21/100|[from] item: Leftovers
|upkeep
|turn|9
|
|t:|1779563167
|move|p2a: Iron Moth|Substitute|p2a: Iron Moth
|-start|p2a: Iron Moth|Substitute
|-damage|p2a: Iron Moth|76/100
|move|p1a: Ting-Lu|Earthquake|p2a: Iron Moth
|-supereffective|p2a: Iron Moth
|-end|p2a: Iron Moth|Substitute
|
|-heal|p1a: Ting-Lu|28/100|[from] item: Leftovers
|upkeep
|turn|10
|
|t:|1779563170
|move|p2a: Iron Moth|Energy Ball|p1a: Ting-Lu
|-supereffective|p1a: Ting-Lu
|-damage|p1a: Ting-Lu|0 fnt
|faint|p1a: Ting-Lu
|
|upkeep
|
|t:|1779563175
|switch|p1a: Bellibolt|Bellibolt, F|100/100
|turn|11
|inactive|ethereallovefr has 120 seconds left.
|
|t:|1779563206
|move|p2a: Iron Moth|Substitute|p2a: Iron Moth
|-start|p2a: Iron Moth|Substitute
|-damage|p2a: Iron Moth|51/100
|move|p1a: Bellibolt|Muddy Water|p2a: Iron Moth
|-supereffective|p2a: Iron Moth
|-end|p2a: Iron Moth|Substitute
|
|upkeep
|turn|12
|
|t:|1779563212
|move|p2a: Iron Moth|Fiery Dance|p1a: Bellibolt
|-damage|p1a: Bellibolt|45/100
|-boost|p2a: Iron Moth|spa|1
|-start|p1a: Bellibolt|Charge|Fiery Dance|[from] ability: Electromorphosis
|move|p1a: Bellibolt|Muddy Water|p2a: Iron Moth|[miss]
|-miss|p1a: Bellibolt|p2a: Iron Moth
|
|-heal|p1a: Bellibolt|51/100|[from] item: Leftovers
|upkeep
|turn|13
|
|t:|1779563217
|move|p2a: Iron Moth|Fiery Dance|p1a: Bellibolt
|-damage|p1a: Bellibolt|0 fnt
|faint|p1a: Bellibolt
|
|upkeep
|
|t:|1779563220
|switch|p1a: Meowscarada|Meowscarada, F|100/100
|turn|14
|
|t:|1779563230
|move|p1a: Meowscarada|Knock Off|p2a: Iron Moth
|-start|p1a: Meowscarada|typechange|Dark|[from] ability: Protean
|-damage|p2a: Iron Moth|0 fnt
|faint|p2a: Iron Moth
|-end|p2a: Iron Moth|Quark Drive|[silent]
|
|upkeep
|
|t:|1779563236
|switch|p2a: Enamorus|Enamorus, F|88/100
|turn|15
|
|t:|1779563240
|switch|p1a: Garganacl|Garganacl, F|100/100
|move|p2a: Enamorus|Moonblast|p1a: Garganacl
|-damage|p1a: Garganacl|51/100
|-unboost|p1a: Garganacl|spa|1
|
|-heal|p1a: Garganacl|57/100|[from] item: Leftovers
|upkeep
|turn|16
|
|t:|1779563247
|move|p2a: Enamorus|Moonblast|p1a: Garganacl
|-damage|p1a: Garganacl|6/100
|move|p1a: Garganacl|Recover|p1a: Garganacl
|-heal|p1a: Garganacl|56/100
|
|-heal|p1a: Garganacl|62/100|[from] item: Leftovers
|upkeep
|turn|17
|
|t:|1779563252
|move|p2a: Enamorus|Moonblast|p1a: Garganacl
|-damage|p1a: Garganacl|15/100
|move|p1a: Garganacl|Recover|p1a: Garganacl
|-heal|p1a: Garganacl|65/100
|
|-heal|p1a: Garganacl|71/100|[from] item: Leftovers
|upkeep
|turn|18
|
|t:|1779563254
|move|p2a: Enamorus|Moonblast|p1a: Garganacl
|-damage|p1a: Garganacl|25/100
|move|p1a: Garganacl|Recover|p1a: Garganacl
|-heal|p1a: Garganacl|75/100
|
|-heal|p1a: Garganacl|81/100|[from] item: Leftovers
|upkeep
|turn|19
|
|t:|1779563256
|move|p2a: Enamorus|Moonblast|p1a: Garganacl
|-damage|p1a: Garganacl|31/100
|-unboost|p1a: Garganacl|spa|1
|move|p1a: Garganacl|Recover|p1a: Garganacl
|-heal|p1a: Garganacl|81/100
|
|-heal|p1a: Garganacl|87/100|[from] item: Leftovers
|upkeep
|turn|20
|
|t:|1779563262
|move|p2a: Enamorus|Moonblast|p1a: Garganacl
|-damage|p1a: Garganacl|39/100
|move|p1a: Garganacl|Recover|p1a: Garganacl
|-heal|p1a: Garganacl|89/100
|
|-heal|p1a: Garganacl|96/100|[from] item: Leftovers
|upkeep
|turn|21
|
|t:|1779563267
|move|p2a: Enamorus|Moonblast|p1a: Garganacl
|-damage|p1a: Garganacl|42/100
|move|p1a: Garganacl|Salt Cure|p2a: Enamorus
|-supereffective|p2a: Enamorus
|-damage|p2a: Enamorus|42/100
|-start|p2a: Enamorus|Salt Cure
|
|-heal|p1a: Garganacl|49/100|[from] item: Leftovers
|-damage|p2a: Enamorus|29/100|[from] Salt Cure
|upkeep
|turn|22
|
|t:|1779563273
|move|p2a: Enamorus|Moonblast|p1a: Garganacl
|-damage|p1a: Garganacl|2/100
|move|p1a: Garganacl|Salt Cure|p2a: Enamorus
|-supereffective|p2a: Enamorus
|-damage|p2a: Enamorus|0 fnt
|faint|p2a: Enamorus
|
|-heal|p1a: Garganacl|8/100|[from] item: Leftovers
|upkeep
|
|t:|1779563275
|switch|p2a: Raijin|Regieleki, shiny|100/100
|turn|23
|
|t:|1779563301
|-terastallize|p1a: Garganacl|Ghost
|move|p2a: Raijin|Volt Switch|p1a: Garganacl
|-damage|p1a: Garganacl|0 fnt
|faint|p1a: Garganacl
|
|t:|1779563303
|switch|p2a: Great Tusk|Great Tusk|100/100|[from] Volt Switch
|
|upkeep
|
|t:|1779563305
|switch|p1a: Meowscarada|Meowscarada, F|100/100
|turn|24
|
|t:|1779563313
|-terastallize|p2a: Great Tusk|Steel
|move|p1a: Meowscarada|Triple Axel|p2a: Great Tusk
|-start|p1a: Meowscarada|typechange|Ice|[from] ability: Protean
|-resisted|p2a: Great Tusk
|-damage|p2a: Great Tusk|97/100
|-resisted|p2a: Great Tusk
|-damage|p2a: Great Tusk|91/100
|-hitcount|p2a: Great Tusk|2
|move|p2a: Great Tusk|Close Combat|p1a: Meowscarada
|-supereffective|p1a: Meowscarada
|-damage|p1a: Meowscarada|0 fnt
|-unboost|p2a: Great Tusk|def|1
|-unboost|p2a: Great Tusk|spd|1
|faint|p1a: Meowscarada
|
|win|ethereallovefr
|raw|Daniel xr13's rating: 1324 &rarr; <strong>1304</strong><br />(-20 for losing)
|raw|ethereallovefr's rating: 1327 &rarr; <strong>1347</strong><br />(+20 for winning)
|l|☆Daniel xr13
|player|p1|
|l|☆ethereallovefr
|player|p2|
