|j|☆immaterial-light
|j|☆UltraAero
|t:|1779648186
|gametype|singles
|player|p1|immaterial-light|101|1396
|player|p2|UltraAero|dawn-gen4pt|1306
|gen|9
|tier|[Gen 9] OU
|rated|
|rule|HP Percentage Mod: HP is shown in percentages
|rule|Endless Battle Clause: Forcing endless battles is banned
|rule|Species Clause: Limit one of each Pokémon
|rule|OHKO Clause: OHKO moves are banned
|rule|Evasion Items Clause: Evasion items are banned
|rule|Evasion Moves Clause: Evasion moves are banned
|rule|Evasion Abilities Clause: Evasion abilities are banned
|rule|Sleep Moves Clause: Sleep-inducing moves are banned
|clearpoke
|poke|p1|Cresselia, F|
|poke|p1|Hatterene, F|
|poke|p1|Iron Hands|
|poke|p1|Ursaluna, F|
|poke|p1|Vikavolt, M|
|poke|p1|Porygon2|
|poke|p2|Cinderace, M|
|poke|p2|Vaporeon, M|
|poke|p2|Gliscor, F|
|poke|p2|Iron Valiant|
|poke|p2|Corviknight, M|
|poke|p2|Slowking-Galar, M|
|teampreview
|inactive|Battle timer is ON: inactive players will automatically lose when time's up. (requested by immaterial-light)
|
|t:|1779648193
|teamsize|p1|6
|teamsize|p2|6
|start
|switch|p1a: Porygon2|Porygon2|100/100
|switch|p2a: Gliscor|Gliscor, F|100/100
|-ability|p1a: Porygon2|Download|boost
|-boost|p1a: Porygon2|spa|1
|turn|1
|
|t:|1779648198
|move|p2a: Gliscor|Protect|p2a: Gliscor
|-singleturn|p2a: Gliscor|Protect
|move|p1a: Porygon2|Ice Beam|p2a: Gliscor
|-activate|p2a: Gliscor|move: Protect
|
|-status|p2a: Gliscor|tox|[from] item: Toxic Orb
|upkeep
|turn|2
|
|t:|1779648206
|switch|p2a: Slowking|Slowking-Galar, M|100/100
|switch|p1a: Hatterene|Hatterene, F|100/100
|
|upkeep
|turn|3
|
|t:|1779648214
|switch|p1a: Porygon2|Porygon2|100/100
|-ability|p1a: Porygon2|Download|boost
|-boost|p1a: Porygon2|atk|1
|move|p2a: Slowking|Sludge Bomb|p1a: Porygon2
|-damage|p1a: Porygon2|79/100
|
|upkeep
|turn|4
|
|t:|1779648224
|move|p2a: Slowking|Toxic Spikes|p1a: Porygon2
|-sidestart|p1: immaterial-light|move: Toxic Spikes
|move|p1a: Porygon2|Trick Room|p1a: Porygon2
|-fieldstart|move: Trick Room|[of] p1a: Porygon2
|
|upkeep
|turn|5
|
|t:|1779648232
|switch|p1a: Ursaluna|Ursaluna, F|100/100
|-status|p1a: Ursaluna|psn
|move|p2a: Slowking|Sludge Bomb|p1a: Ursaluna
|-resisted|p1a: Ursaluna
|-damage|p1a: Ursaluna|85/100 psn
|
|-damage|p1a: Ursaluna|73/100 psn|[from] psn
|upkeep
|turn|6
|
|t:|1779648240
|switch|p2a: Corviknight|Corviknight, M|100/100
|-ability|p2a: Corviknight|Pressure
|-terastallize|p1a: Ursaluna|Normal
|move|p1a: Ursaluna|Facade|p2a: Corviknight
|-resisted|p2a: Corviknight
|-damage|p2a: Corviknight|49/100
|-damage|p1a: Ursaluna|56/100 psn|[from] item: Rocky Helmet|[of] p2a: Corviknight
|
|-damage|p1a: Ursaluna|44/100 psn|[from] psn
|upkeep
|turn|7
|
|t:|1779648255
|-terastallize|p2a: Corviknight|Ghost
|move|p1a: Ursaluna|Fire Punch|p2a: Corviknight
|-crit|p2a: Corviknight
|-damage|p2a: Corviknight|9/100
|-damage|p1a: Ursaluna|27/100 psn|[from] item: Rocky Helmet|[of] p2a: Corviknight
|move|p2a: Corviknight|Reflect|p2a: Corviknight
|-sidestart|p2: UltraAero|Reflect
|
|-damage|p1a: Ursaluna|15/100 psn|[from] psn
|upkeep
|turn|8
|
|t:|1779648263
|switch|p1a: Vikavolt|Vikavolt, M|100/100
|switch|p2a: Cinderace|Cinderace, M|100/100
|
|-fieldend|move: Trick Room
|upkeep
|turn|9
|
|t:|1779648270
|move|p2a: Cinderace|Pyro Ball|p1a: Vikavolt|[miss]
|-miss|p2a: Cinderace|p1a: Vikavolt
|move|p1a: Vikavolt|Volt Switch|p2a: Cinderace
|-damage|p2a: Cinderace|9/100
|
|t:|1779648274
|switch|p1a: Cresselia|Cresselia, F|100/100|[from] Volt Switch
|
|upkeep
|turn|10
|
|t:|1779648278
|move|p2a: Cinderace|U-turn|p1a: Cresselia
|-start|p2a: Cinderace|typechange|Bug|[from] ability: Libero
|-supereffective|p1a: Cresselia
|-damage|p1a: Cresselia|61/100
|
|t:|1779648283
|switch|p2a: Gliscor|Gliscor, F|100/100 tox|[from] U-turn
|move|p1a: Cresselia|Trick Room|p1a: Cresselia
|-fieldstart|move: Trick Room|[of] p1a: Cresselia
|
|upkeep
|turn|11
|
|t:|1779648288
|move|p1a: Cresselia|Ice Beam|p2a: Gliscor
|-supereffective|p2a: Gliscor
|-damage|p2a: Gliscor|18/100 tox
|move|p2a: Gliscor|Knock Off|p1a: Cresselia
|-supereffective|p1a: Cresselia
|-damage|p1a: Cresselia|37/100
|-enditem|p1a: Cresselia|Mental Herb|[from] move: Knock Off|[of] p2a: Gliscor
|
|-heal|p2a: Gliscor|30/100 tox|[from] ability: Poison Heal
|-sideend|p2: UltraAero|Reflect
|upkeep
|turn|12
|
|t:|1779648296
|move|p2a: Gliscor|Protect|p2a: Gliscor
|-singleturn|p2a: Gliscor|Protect
|move|p1a: Cresselia|Lunar Dance|p1a: Cresselia
|faint|p1a: Cresselia
|
|-heal|p2a: Gliscor|43/100 tox|[from] ability: Poison Heal
|upkeep
|
|t:|1779648298
|switch|p1a: Ursaluna|Ursaluna, F, tera:Normal|15/100 psn
|-heal|p1a: Ursaluna|100/100|[from] move: Lunar Dance
|-status|p1a: Ursaluna|psn
|turn|13
|
|t:|1779648312
|switch|p2a: Corviknight|Corviknight, M, tera:Ghost|9/100
|-ability|p2a: Corviknight|Pressure
|move|p1a: Ursaluna|Facade|p2a: Corviknight
|-immune|p2a: Corviknight
|
|-damage|p1a: Ursaluna|88/100 psn|[from] psn
|upkeep
|turn|14
|
|t:|1779648325
|switch|p1a: Vikavolt|Vikavolt, M|100/100
|move|p2a: Corviknight|Roost|p2a: Corviknight
|-heal|p2a: Corviknight|59/100
|
|-fieldend|move: Trick Room
|upkeep
|turn|15
|
|t:|1779648333
|move|p2a: Corviknight|Roost|p2a: Corviknight
|-heal|p2a: Corviknight|100/100
|move|p1a: Vikavolt|Thunderbolt|p2a: Corviknight
|-damage|p2a: Corviknight|19/100
|
|upkeep
|turn|16
|
|t:|1779648340
|switch|p2a: Gliscor|Gliscor, F|43/100 tox
|switch|p1a: Porygon2|Porygon2|79/100
|-status|p1a: Porygon2|psn
|-ability|p1a: Porygon2|Download|boost
|-boost|p1a: Porygon2|spa|1
|
|-heal|p2a: Gliscor|55/100 tox|[from] ability: Poison Heal
|-damage|p1a: Porygon2|66/100 psn|[from] psn
|upkeep
|turn|17
|
|t:|1779648349
|move|p2a: Gliscor|Protect|p2a: Gliscor
|-singleturn|p2a: Gliscor|Protect
|move|p1a: Porygon2|Trick Room|p1a: Porygon2
|-fieldstart|move: Trick Room|[of] p1a: Porygon2
|
|-damage|p1a: Porygon2|54/100 psn|[from] psn
|-heal|p2a: Gliscor|68/100 tox|[from] ability: Poison Heal
|upkeep
|turn|18
|
|t:|1779648356
|switch|p2a: Slowking|Slowking-Galar, M|100/100
|move|p1a: Porygon2|Ice Beam|p2a: Slowking
|-damage|p2a: Slowking|73/100
|
|-damage|p1a: Porygon2|42/100 psn|[from] psn
|upkeep
|turn|19
|
|t:|1779648364
|switch|p1a: Vikavolt|Vikavolt, M|100/100
|move|p2a: Slowking|Sludge Bomb|p1a: Vikavolt
|-damage|p1a: Vikavolt|60/100
|
|upkeep
|turn|20
|
|t:|1779648376
|switch|p1a: Iron Hands|Iron Hands|100/100
|-status|p1a: Iron Hands|psn
|-enditem|p1a: Iron Hands|Booster Energy
|-activate|p1a: Iron Hands|ability: Quark Drive|[fromitem]
|-start|p1a: Iron Hands|quarkdriveatk
|move|p2a: Slowking|Sludge Bomb|p1a: Iron Hands
|-damage|p1a: Iron Hands|69/100 psn
|
|-damage|p1a: Iron Hands|57/100 psn|[from] psn
|upkeep
|turn|21
|
|t:|1779648387
|switch|p2a: Corviknight|Corviknight, M, tera:Ghost|19/100
|-ability|p2a: Corviknight|Pressure
|move|p1a: Iron Hands|Swords Dance|p1a: Iron Hands
|-boost|p1a: Iron Hands|atk|2
|
|-damage|p1a: Iron Hands|45/100 psn|[from] psn
|-fieldend|move: Trick Room
|upkeep
|turn|22
|
|t:|1779648398
|move|p2a: Corviknight|Roost|p2a: Corviknight
|-heal|p2a: Corviknight|69/100
|move|p1a: Iron Hands|Thunder Punch|p2a: Corviknight
|-damage|p2a: Corviknight|0 fnt
|-damage|p1a: Iron Hands|28/100 psn|[from] item: Rocky Helmet|[of] p2a: Corviknight
|faint|p2a: Corviknight
|
|-damage|p1a: Iron Hands|16/100 psn|[from] psn
|upkeep
|
|t:|1779648408
|switch|p2a: Iron Valiant|Iron Valiant|100/100
|-enditem|p2a: Iron Valiant|Booster Energy
|-activate|p2a: Iron Valiant|ability: Quark Drive|[fromitem]
|-start|p2a: Iron Valiant|quarkdrivespe
|turn|23
|
|t:|1779648413
|move|p2a: Iron Valiant|Moonblast|p1a: Iron Hands
|-supereffective|p1a: Iron Hands
|-damage|p1a: Iron Hands|0 fnt
|faint|p1a: Iron Hands
|-end|p1a: Iron Hands|Quark Drive|[silent]
|
|upkeep
|
|t:|1779648415
|switch|p1a: Hatterene|Hatterene, F|100/100
|-status|p1a: Hatterene|psn
|turn|24
|
|t:|1779648430
|-end|p2a: Iron Valiant|Quark Drive|[silent]
|switch|p2a: Vaporeon|Vaporeon, M|100/100
|move|p1a: Hatterene|Trick Room|p1a: Hatterene
|-fieldstart|move: Trick Room|[of] p1a: Hatterene
|
|-damage|p1a: Hatterene|88/100 psn|[from] psn
|upkeep
|turn|25
|
|t:|1779648437
|move|p1a: Hatterene|Healing Wish|p1a: Hatterene
|faint|p1a: Hatterene
|move|p2a: Vaporeon|Ice Beam|p1: Hatterene|[notarget]
|-fail|p2a: Vaporeon
|
|upkeep
|
|t:|1779648439
|switch|p1a: Porygon2|Porygon2|42/100 psn
|-heal|p1a: Porygon2|100/100|[from] move: Healing Wish
|-status|p1a: Porygon2|psn
|-ability|p1a: Porygon2|Download|boost
|-boost|p1a: Porygon2|atk|1
|turn|26
|
|t:|1779648447
|switch|p1a: Vikavolt|Vikavolt, M|60/100
|switch|p2a: Gliscor|Gliscor, F|68/100 tox
|
|-heal|p2a: Gliscor|80/100 tox|[from] ability: Poison Heal
|upkeep
|turn|27
|
|t:|1779648459
|move|p1a: Vikavolt|Energy Ball|p2a: Gliscor
|-damage|p2a: Gliscor|17/100 tox
|move|p2a: Gliscor|Stealth Rock|p1a: Vikavolt
|-sidestart|p1: immaterial-light|move: Stealth Rock
|
|-heal|p2a: Gliscor|30/100 tox|[from] ability: Poison Heal
|upkeep
|turn|28
|
|t:|1779648466
|switch|p1a: Porygon2|Porygon2|100/100 psn
|-damage|p1a: Porygon2|88/100 psn|[from] Stealth Rock
|-ability|p1a: Porygon2|Download|boost
|-boost|p1a: Porygon2|spa|1
|move|p2a: Gliscor|Protect||[still]
|-fail|p2a: Gliscor
|
|-damage|p1a: Porygon2|76/100 psn|[from] psn
|-heal|p2a: Gliscor|42/100 tox|[from] ability: Poison Heal
|-fieldend|move: Trick Room
|upkeep
|turn|29
|
|t:|1779648477
|move|p2a: Gliscor|Knock Off|p1a: Porygon2
|-damage|p1a: Porygon2|62/100 psn
|-enditem|p1a: Porygon2|Eviolite|[from] move: Knock Off|[of] p2a: Gliscor
|move|p1a: Porygon2|Trick Room|p1a: Porygon2
|-fieldstart|move: Trick Room|[of] p1a: Porygon2
|
|-damage|p1a: Porygon2|49/100 psn|[from] psn
|-heal|p2a: Gliscor|55/100 tox|[from] ability: Poison Heal
|upkeep
|turn|30
|
|t:|1779648485
|switch|p1a: Ursaluna|Ursaluna, F, tera:Normal|88/100 psn
|-damage|p1a: Ursaluna|76/100 psn|[from] Stealth Rock
|move|p2a: Gliscor|Protect||[still]
|-fail|p2a: Gliscor
|
|-damage|p1a: Ursaluna|64/100 psn|[from] psn
|-heal|p2a: Gliscor|67/100 tox|[from] ability: Poison Heal
|upkeep
|turn|31
|
|t:|1779648493
|switch|p2a: Slowking|Slowking-Galar, M|100/100
|move|p1a: Ursaluna|Facade|p2a: Slowking
|-damage|p2a: Slowking|0 fnt
|faint|p2a: Slowking
|
|-damage|p1a: Ursaluna|51/100 psn|[from] psn
|upkeep
|
|t:|1779648507
|switch|p2a: Gliscor|Gliscor, F|67/100 tox
|turn|32
|
|t:|1779648510
|move|p2a: Gliscor|Protect|p2a: Gliscor
|-singleturn|p2a: Gliscor|Protect
|move|p1a: Ursaluna|Facade|p2a: Gliscor
|-activate|p2a: Gliscor|move: Protect
|
|-damage|p1a: Ursaluna|39/100 psn|[from] psn
|-heal|p2a: Gliscor|80/100 tox|[from] ability: Poison Heal
|upkeep
|turn|33
|
|t:|1779648521
|switch|p2a: Vaporeon|Vaporeon, M|100/100
|move|p1a: Ursaluna|Facade|p2a: Vaporeon
|-damage|p2a: Vaporeon|0 fnt
|faint|p2a: Vaporeon
|
|-damage|p1a: Ursaluna|27/100 psn|[from] psn
|-fieldend|move: Trick Room
|upkeep
|
|t:|1779648529
|switch|p2a: Iron Valiant|Iron Valiant|100/100
|turn|34
|
|t:|1779648532
|move|p2a: Iron Valiant|Aura Sphere|p1a: Ursaluna
|-supereffective|p1a: Ursaluna
|-damage|p1a: Ursaluna|0 fnt
|faint|p1a: Ursaluna
|
|upkeep
|
|t:|1779648534
|switch|p1a: Vikavolt|Vikavolt, M|60/100
|-damage|p1a: Vikavolt|35/100|[from] Stealth Rock
|turn|35
|
|t:|1779648542
|move|p2a: Iron Valiant|Moonblast|p1a: Vikavolt
|-damage|p1a: Vikavolt|0 fnt
|faint|p1a: Vikavolt
|
|upkeep
|
|t:|1779648545
|switch|p1a: Porygon2|Porygon2|49/100 psn
|-damage|p1a: Porygon2|37/100 psn|[from] Stealth Rock
|-ability|p1a: Porygon2|Download|boost
|-boost|p1a: Porygon2|spa|1
|turn|36
|
|t:|1779648550
|move|p2a: Iron Valiant|Aura Sphere|p1a: Porygon2
|-supereffective|p1a: Porygon2
|-damage|p1a: Porygon2|0 fnt
|faint|p1a: Porygon2
|
|win|UltraAero
|raw|immaterial-light's rating: 1396 &rarr; <strong>1371</strong><br />(-25 for losing)
|raw|UltraAero's rating: 1306 &rarr; <strong>1331</strong><br />(+25 for winning)
|l|☆immaterial-light
|player|p1|
