|j|☆naraz
|j|☆choco121507
|t:|1779705280
|gametype|singles
|player|p1|naraz|1|1192
|player|p2|choco121507|emmet|1130
|gen|9
|tier|[Gen 9] OU
|rated|
|rule|HP Percentage Mod: HP is shown in percentages
|rule|Endless Battle Clause: Forcing endless battles is banned
|rule|Species Clause: Limit one of each Pokémon
|rule|OHKO Clause: OHKO moves are banned
|rule|Evasion Items Clause: Evasion items are banned
|rule|Evasion Moves Clause: Evasion moves are banned
|rule|Evasion Abilities Clause: Evasion abilities are banned
|rule|Sleep Moves Clause: Sleep-inducing moves are banned
|clearpoke
|poke|p1|Pawmot, M|
|poke|p1|Gholdengo|
|poke|p1|Samurott-Hisui, M|
|poke|p1|Mudsdale, F|
|poke|p1|Tauros-Paldea-Blaze, M|
|poke|p1|Ditto|
|poke|p2|Regieleki|
|poke|p2|Raging Bolt|
|poke|p2|Overqwil, M|
|poke|p2|Greninja-*, M|
|poke|p2|Pelipper, M|
|poke|p2|Iron Treads|
|teampreview
|inactive|Battle timer is ON: inactive players will automatically lose when time's up. (requested by naraz)
|inactive|naraz has 120 seconds left.
|
|t:|1779705316
|teamsize|p1|6
|teamsize|p2|6
|start
|switch|p1a: Ditto|Ditto|100/100
|switch|p2a: Messenger|Pelipper, M, shiny|100/100
|-weather|RainDance|[from] ability: Drizzle|[of] p2a: Messenger
|-transform|p1a: Ditto|p2a: Messenger|[from] ability: Imposter
|turn|1
|
|t:|1779705325
|move|p1a: Ditto|Knock Off|p2a: Messenger
|-damage|p2a: Messenger|84/100
|-enditem|p2a: Messenger|Damp Rock|[from] move: Knock Off|[of] p1a: Ditto
|move|p2a: Messenger|Knock Off|p1a: Ditto
|-damage|p1a: Ditto|88/100
|-enditem|p1a: Ditto|Quick Claw|[from] move: Knock Off|[of] p2a: Messenger
|
|-weather|RainDance|[upkeep]
|upkeep
|turn|2
|
|t:|1779705340
|move|p2a: Messenger|Hurricane|p1a: Ditto
|-damage|p1a: Ditto|8/100
|move|p1a: Ditto|U-turn|p2a: Messenger
|-resisted|p2a: Messenger
|-damage|p2a: Messenger|79/100
|
|t:|1779705355
|switch|p1a: Pawmot|Pawmot, M|100/100|[from] U-turn
|
|-weather|RainDance|[upkeep]
|upkeep
|turn|3
|
|t:|1779705362
|switch|p2a: Rage|Iron Treads, shiny|100/100
|-enditem|p2a: Rage|Booster Energy
|-activate|p2a: Rage|ability: Quark Drive|[fromitem]
|-start|p2a: Rage|quarkdrivespe
|move|p1a: Pawmot|Double Shock|p2a: Rage
|-immune|p2a: Rage
|
|-weather|RainDance|[upkeep]
|upkeep
|turn|4
|
|t:|1779705373
|switch|p1a: Mudsdale|Mudsdale, F|100/100
|-terastallize|p2a: Rage|Ghost
|move|p2a: Rage|Earth Power|p1a: Mudsdale
|-damage|p1a: Mudsdale|68/100
|-ability|p1a: Mudsdale|Stamina|boost
|-boost|p1a: Mudsdale|def|1
|
|-weather|RainDance|[upkeep]
|-heal|p1a: Mudsdale|75/100|[from] item: Leftovers
|upkeep
|turn|5
|
|t:|1779705388
|move|p2a: Rage|Stealth Rock|p1a: Mudsdale
|-sidestart|p1: naraz|move: Stealth Rock
|move|p1a: Mudsdale|Stealth Rock|p2a: Rage
|-sidestart|p2: choco121507|move: Stealth Rock
|
|-weather|RainDance|[upkeep]
|-heal|p1a: Mudsdale|81/100|[from] item: Leftovers
|upkeep
|turn|6
|
|t:|1779705395
|move|p2a: Rage|Rapid Spin|p1a: Mudsdale
|-damage|p1a: Mudsdale|76/100
|-boost|p2a: Rage|spe|1
|-ability|p1a: Mudsdale|Stamina|boost
|-boost|p1a: Mudsdale|def|1
|-sideend|p2: choco121507|Stealth Rock|[from] move: Rapid Spin|[of] p2a: Rage
|move|p1a: Mudsdale|Earthquake|p2a: Rage
|-damage|p2a: Rage|66/100
|
|-weather|RainDance|[upkeep]
|-heal|p1a: Mudsdale|82/100|[from] item: Leftovers
|upkeep
|turn|7
|
|t:|1779705401
|move|p2a: Rage|Earth Power|p1a: Mudsdale
|-damage|p1a: Mudsdale|49/100
|-unboost|p1a: Mudsdale|spd|1
|-ability|p1a: Mudsdale|Stamina|boost
|-boost|p1a: Mudsdale|def|1
|move|p1a: Mudsdale|Stealth Rock|p2a: Rage
|-sidestart|p2: choco121507|move: Stealth Rock
|
|-weather|RainDance|[upkeep]
|-heal|p1a: Mudsdale|55/100|[from] item: Leftovers
|upkeep
|turn|8
|
|t:|1779705408
|switch|p1a: Gholdengo|Gholdengo|100/100
|-damage|p1a: Gholdengo|94/100|[from] Stealth Rock
|-item|p1a: Gholdengo|Air Balloon
|move|p2a: Rage|Earth Power|p1a: Gholdengo
|-immune|p1a: Gholdengo
|
|-weather|none
|upkeep
|turn|9
|
|t:|1779705417
|move|p2a: Rage|Rapid Spin|p1a: Gholdengo
|-immune|p1a: Gholdengo
|move|p1a: Gholdengo|Make It Rain|p2a: Rage
|-damage|p2a: Rage|0 fnt
|-unboost|p1a: Gholdengo|spa|1
|faint|p2a: Rage
|-end|p2a: Rage|Quark Drive|[silent]
|
|upkeep
|
|t:|1779705425
|switch|p2a: Xeren|Greninja, M|100/100
|-damage|p2a: Xeren|88/100|[from] Stealth Rock
|turn|10
|
|t:|1779705435
|switch|p1a: Ditto|Ditto|8/100
|-damage|p1a: Ditto|0 fnt|[from] Stealth Rock
|faint|p1a: Ditto
|move|p2a: Xeren|Dark Pulse|p1: Ditto|[notarget]
|-fail|p2a: Xeren
|
|upkeep
|
|t:|1779705450
|switch|p1a: Samurott|Samurott-Hisui, M|100/100
|turn|11
|
|t:|1779705457
|move|p2a: Xeren|Taunt|p1a: Samurott
|-start|p1a: Samurott|move: Taunt
|move|p1a: Samurott|Sacred Sword|p2a: Xeren
|-supereffective|p2a: Xeren
|-damage|p2a: Xeren|0 fnt
|faint|p2a: Xeren
|
|upkeep
|
|t:|1779705464
|switch|p2a: Whiplash|Regieleki, shiny|100/100
|-damage|p2a: Whiplash|88/100|[from] Stealth Rock
|turn|12
|
|t:|1779705472
|move|p2a: Whiplash|Volt Switch|p1a: Samurott
|-supereffective|p1a: Samurott
|-crit|p1a: Samurott
|-damage|p1a: Samurott|0 fnt
|faint|p1a: Samurott
|
|t:|1779705479
|switch|p2a: Messenger|Pelipper, M, shiny|79/100|[from] Volt Switch
|-damage|p2a: Messenger|54/100|[from] Stealth Rock
|-weather|RainDance|[from] ability: Drizzle|[of] p2a: Messenger
|
|-weather|RainDance|[upkeep]
|upkeep
|
|t:|1779705493
|switch|p1a: Gholdengo|Gholdengo|94/100
|-damage|p1a: Gholdengo|88/100|[from] Stealth Rock
|-item|p1a: Gholdengo|Air Balloon
|turn|13
|
|t:|1779705502
|move|p1a: Gholdengo|Shadow Ball|p2a: Messenger
|-crit|p2a: Messenger
|-damage|p2a: Messenger|0 fnt
|faint|p2a: Messenger
|
|-weather|RainDance|[upkeep]
|upkeep
|
|t:|1779705508
|switch|p2a: Predator|Overqwil, M, shiny|100/100
|-damage|p2a: Predator|88/100|[from] Stealth Rock
|turn|14
|
|t:|1779705523
|move|p2a: Predator|Crunch|p1a: Gholdengo
|-supereffective|p1a: Gholdengo
|-damage|p1a: Gholdengo|0 fnt
|-enditem|p1a: Gholdengo|Air Balloon
|faint|p1a: Gholdengo
|-damage|p2a: Predator|78/100|[from] item: Life Orb
|
|-weather|RainDance|[upkeep]
|upkeep
|inactive|naraz has 120 seconds left.
|
|t:|1779705556
|switch|p1a: Mudsdale|Mudsdale, F|55/100
|-damage|p1a: Mudsdale|49/100|[from] Stealth Rock
|turn|15
|inactive|naraz has 120 seconds left.
|
|t:|1779705572
|-terastallize|p1a: Mudsdale|Flying
|move|p2a: Predator|Liquidation|p1a: Mudsdale
|-damage|p1a: Mudsdale|15/100
|-ability|p1a: Mudsdale|Stamina|boost
|-boost|p1a: Mudsdale|def|1
|-damage|p2a: Predator|68/100|[from] item: Life Orb
|move|p1a: Mudsdale|Rest|p1a: Mudsdale
|-status|p1a: Mudsdale|slp|[from] move: Rest
|-heal|p1a: Mudsdale|100/100 slp|[silent]
|
|-weather|RainDance|[upkeep]
|upkeep
|turn|16
|inactive|naraz has 120 seconds left.
|
|t:|1779705598
|move|p2a: Predator|Swords Dance|p2a: Predator
|-boost|p2a: Predator|atk|2
|cant|p1a: Mudsdale|slp
|
|-weather|none
|upkeep
|turn|17
|
|t:|1779705602
|switch|p1a: Pawmot|Pawmot, M|100/100
|-damage|p1a: Pawmot|94/100|[from] Stealth Rock
|move|p2a: Predator|Swords Dance|p2a: Predator
|-boost|p2a: Predator|atk|2
|-enditem|p1a: Pawmot|Mirror Herb
|-boost|p1a: Pawmot|atk|2|[from] item: Mirror Herb
|
|upkeep
|turn|18
|
|t:|1779705615
|move|p1a: Pawmot|Double Shock|p2a: Predator
|-damage|p2a: Predator|0 fnt
|-start|p1a: Pawmot|typechange|???/Fighting|[from] move: Double Shock
|faint|p2a: Predator
|
|upkeep
|
|t:|1779705624
|switch|p2a: Byakko|Raging Bolt|100/100
|-damage|p2a: Byakko|88/100|[from] Stealth Rock
|-enditem|p2a: Byakko|Booster Energy
|-activate|p2a: Byakko|ability: Protosynthesis|[fromitem]
|-start|p2a: Byakko|protosynthesisspa
|turn|19
|
|t:|1779705629
|move|p2a: Byakko|Thunderclap|p1a: Pawmot
|-damage|p1a: Pawmot|0 fnt
|faint|p1a: Pawmot
|
|upkeep
|
|t:|1779705635
|switch|p1a: Tauros|Tauros-Paldea-Blaze, M|100/100
|-damage|p1a: Tauros|88/100|[from] Stealth Rock
|turn|20
|
|t:|1779705645
|move|p2a: Byakko|Thunderclap||[still]
|-fail|p2a: Byakko
|move|p1a: Tauros|Will-O-Wisp|p2a: Byakko
|-status|p2a: Byakko|brn
|
|-damage|p2a: Byakko|82/100 brn|[from] brn
|upkeep
|turn|21
|
|t:|1779705659
|switch|p1a: Mudsdale|Mudsdale, F, tera:Flying|100/100 slp
|-damage|p1a: Mudsdale|75/100 slp|[from] Stealth Rock
|move|p2a: Byakko|Thunderclap||[still]
|-fail|p2a: Byakko
|
|-heal|p1a: Mudsdale|82/100 slp|[from] item: Leftovers
|-damage|p2a: Byakko|76/100 brn|[from] brn
|upkeep
|turn|22
|
|t:|1779705663
|move|p2a: Byakko|Dragon Pulse|p1a: Mudsdale
|-damage|p1a: Mudsdale|18/100 slp
|-ability|p1a: Mudsdale|Stamina|boost
|-boost|p1a: Mudsdale|def|1
|cant|p1a: Mudsdale|slp
|
|-heal|p1a: Mudsdale|25/100 slp|[from] item: Leftovers
|-damage|p2a: Byakko|70/100 brn|[from] brn
|upkeep
|turn|23
|
|t:|1779705669
|move|p2a: Byakko|Calm Mind|p2a: Byakko
|-boost|p2a: Byakko|spa|1
|-boost|p2a: Byakko|spd|1
|-curestatus|p1a: Mudsdale|slp|[msg]
|move|p1a: Mudsdale|Earthquake|p2a: Byakko
|-supereffective|p2a: Byakko
|-damage|p2a: Byakko|2/100 brn
|
|-heal|p1a: Mudsdale|31/100|[from] item: Leftovers
|-damage|p2a: Byakko|0 fnt|[from] brn
|faint|p2a: Byakko
|-end|p2a: Byakko|Protosynthesis|[silent]
|upkeep
|
|t:|1779705673
|switch|p2a: Whiplash|Regieleki, shiny|88/100
|-damage|p2a: Whiplash|76/100|[from] Stealth Rock
|turn|24
|
|t:|1779705676
|move|p2a: Whiplash|Thunder|p1a: Mudsdale
|-supereffective|p1a: Mudsdale
|-damage|p1a: Mudsdale|0 fnt
|faint|p1a: Mudsdale
|
|upkeep
|
|t:|1779705679
|switch|p1a: Tauros|Tauros-Paldea-Blaze, M|88/100
|-damage|p1a: Tauros|76/100|[from] Stealth Rock
|turn|25
|
|t:|1779705685
|move|p2a: Whiplash|Thunder|p1a: Tauros|[miss]
|-miss|p2a: Whiplash|p1a: Tauros
|move|p1a: Tauros|Close Combat|p2a: Whiplash
|-damage|p2a: Whiplash|0 fnt
|-unboost|p1a: Tauros|def|1
|-unboost|p1a: Tauros|spd|1
|faint|p2a: Whiplash
|
|win|naraz
|raw|naraz's rating: 1192 &rarr; <strong>1213</strong><br />(+21 for winning)
|raw|choco121507's rating: 1130 &rarr; <strong>1109</strong><br />(-21 for losing)
|l|☆naraz
|player|p1|
