|j|☆Susmaster77
|j|‽MasterJarJam
|t:|1779667497
|gametype|singles
|player|p1|Susmaster77|266|1097
|player|p2|MasterJarJam|hugh|1152
|gen|9
|tier|[Gen 9] OU
|rated|
|rule|HP Percentage Mod: HP is shown in percentages
|rule|Endless Battle Clause: Forcing endless battles is banned
|rule|Species Clause: Limit one of each Pokémon
|rule|OHKO Clause: OHKO moves are banned
|rule|Evasion Items Clause: Evasion items are banned
|rule|Evasion Moves Clause: Evasion moves are banned
|rule|Evasion Abilities Clause: Evasion abilities are banned
|rule|Sleep Moves Clause: Sleep-inducing moves are banned
|clearpoke
|poke|p1|Krokorok, F|
|poke|p1|Gholdengo|
|poke|p1|Koffing, M|
|poke|p1|Ting-Lu|
|poke|p1|Mudsdale, F|
|poke|p1|Sylveon, F|
|poke|p2|Gholdengo|
|poke|p2|Great Tusk|
|poke|p2|Kyurem|
|poke|p2|Iron Valiant|
|poke|p2|Gliscor, F|
|poke|p2|Clodsire, F|
|teampreview
|
|t:|1779667512
|teamsize|p1|6
|teamsize|p2|6
|start
|switch|p1a: Ranseinamedthis|Ting-Lu|100/100
|switch|p2a: Gliscor|Gliscor, F|100/100
|-ability|p1a: Ranseinamedthis|Vessel of Ruin
|turn|1
|
|t:|1779667525
|move|p2a: Gliscor|Stealth Rock|p1a: Ranseinamedthis
|-sidestart|p1: Susmaster77|move: Stealth Rock
|move|p1a: Ranseinamedthis|Stealth Rock|p2a: Gliscor
|-sidestart|p2: MasterJarJam|move: Stealth Rock
|
|-status|p2a: Gliscor|tox|[from] item: Toxic Orb
|upkeep
|turn|2
|
|t:|1779667536
|move|p2a: Gliscor|Toxic|p1a: Ranseinamedthis
|-status|p1a: Ranseinamedthis|tox
|move|p1a: Ranseinamedthis|Spikes|p2a: Gliscor
|-sidestart|p2: MasterJarJam|Spikes
|
|-damage|p1a: Ranseinamedthis|94/100 tox|[from] psn
|upkeep
|turn|3
|
|t:|1779667544
|move|p2a: Gliscor|Knock Off|p1a: Ranseinamedthis
|-resisted|p1a: Ranseinamedthis
|-damage|p1a: Ranseinamedthis|90/100 tox
|-enditem|p1a: Ranseinamedthis|Leftovers|[from] move: Knock Off|[of] p2a: Gliscor
|move|p1a: Ranseinamedthis|Spikes|p2a: Gliscor
|-sidestart|p2: MasterJarJam|Spikes
|
|-damage|p1a: Ranseinamedthis|77/100 tox|[from] psn
|upkeep
|turn|4
|
|t:|1779667555
|switch|p2a: Great Tusk|Great Tusk|100/100
|move|p1a: Ranseinamedthis|Spikes|p2a: Great Tusk
|-sidestart|p2: MasterJarJam|Spikes
|
|-damage|p1a: Ranseinamedthis|59/100 tox|[from] psn
|upkeep
|turn|5
|
|t:|1779667565
|switch|p1a: Extortion|Gholdengo|100/100
|-damage|p1a: Extortion|94/100|[from] Stealth Rock
|move|p2a: Great Tusk|Rapid Spin|p1a: Extortion
|-immune|p1a: Extortion
|
|upkeep
|turn|6
|
|t:|1779667582
|-terastallize|p1a: Extortion|Steel
|move|p1a: Extortion|Make It Rain|p2a: Great Tusk
|-damage|p2a: Great Tusk|0 fnt
|-unboost|p1a: Extortion|spa|1
|faint|p2a: Great Tusk
|-end|p2a: Great Tusk|Protosynthesis|[silent]
|
|upkeep
|
|t:|1779667601
|switch|p2a: Iron Valiant|Iron Valiant|100/100
|-damage|p2a: Iron Valiant|94/100|[from] Stealth Rock
|-damage|p2a: Iron Valiant|69/100|[from] Spikes
|-enditem|p2a: Iron Valiant|Booster Energy
|-activate|p2a: Iron Valiant|ability: Quark Drive|[fromitem]
|-start|p2a: Iron Valiant|quarkdrivespe
|turn|7
|
|t:|1779667612
|move|p2a: Iron Valiant|Aura Sphere|p1a: Extortion
|-supereffective|p1a: Extortion
|-damage|p1a: Extortion|0 fnt
|faint|p1a: Extortion
|
|upkeep
|
|t:|1779667619
|switch|p1a: Sylveon|Sylveon, F|100/100
|-damage|p1a: Sylveon|88/100|[from] Stealth Rock
|turn|8
|
|t:|1779667627
|-end|p2a: Iron Valiant|Quark Drive|[silent]
|switch|p2a: Clodsire|Clodsire, F|100/100
|-damage|p2a: Clodsire|94/100|[from] Stealth Rock
|-damage|p2a: Clodsire|69/100|[from] Spikes
|move|p1a: Sylveon|Calm Mind|p1a: Sylveon
|-boost|p1a: Sylveon|spa|1
|-boost|p1a: Sylveon|spd|1
|
|-heal|p2a: Clodsire|75/100|[from] item: Leftovers
|upkeep
|turn|9
|
|t:|1779667640
|move|p1a: Sylveon|Calm Mind|p1a: Sylveon
|-boost|p1a: Sylveon|spa|1
|-boost|p1a: Sylveon|spd|1
|move|p2a: Clodsire|Toxic|p1a: Sylveon
|-status|p1a: Sylveon|tox
|
|-heal|p2a: Clodsire|82/100|[from] item: Leftovers
|-damage|p1a: Sylveon|82/100 tox|[from] psn
|upkeep
|turn|10
|
|t:|1779667656
|move|p1a: Sylveon|Hyper Beam|p2a: Clodsire
|-resisted|p2a: Clodsire
|-damage|p2a: Clodsire|61/100
|-mustrecharge|p1a: Sylveon
|move|p2a: Clodsire|Earth Power|p1a: Sylveon
|-damage|p1a: Sylveon|70/100 tox
|
|-heal|p2a: Clodsire|67/100|[from] item: Leftovers
|-damage|p1a: Sylveon|58/100 tox|[from] psn
|upkeep
|turn|11
|
|t:|1779667665
|cant|p1a: Sylveon|recharge
|move|p2a: Clodsire|Recover|p2a: Clodsire
|-heal|p2a: Clodsire|100/100
|
|-damage|p1a: Sylveon|40/100 tox|[from] psn
|upkeep
|turn|12
|
|t:|1779667676
|switch|p1a: Lobbster|Krokorok, F|100/100
|-damage|p1a: Lobbster|94/100|[from] Stealth Rock
|-ability|p1a: Lobbster|Intimidate|boost
|-unboost|p2a: Clodsire|atk|1
|move|p2a: Clodsire|Earth Power|p1a: Lobbster
|-damage|p1a: Lobbster|82/100
|
|upkeep
|turn|13
|
|t:|1779667690
|switch|p2a: Gliscor|Gliscor, F|100/100 tox
|-damage|p2a: Gliscor|88/100 tox|[from] Stealth Rock
|move|p1a: Lobbster|Knock Off|p2a: Gliscor
|-damage|p2a: Gliscor|69/100 tox
|-enditem|p2a: Gliscor|Toxic Orb|[from] move: Knock Off|[of] p1a: Lobbster
|
|-heal|p2a: Gliscor|82/100 tox|[from] ability: Poison Heal
|upkeep
|turn|14
|
|t:|1779667703
|move|p2a: Gliscor|Toxic|p1a: Lobbster
|-status|p1a: Lobbster|tox
|move|p1a: Lobbster|Roar|p2a: Gliscor
|drag|p2a: Iron Valiant|Iron Valiant|69/100
|-damage|p2a: Iron Valiant|63/100|[from] Stealth Rock
|-damage|p2a: Iron Valiant|38/100|[from] Spikes
|
|-damage|p1a: Lobbster|76/100 tox|[from] psn
|upkeep
|turn|15
|
|t:|1779667748
|move|p2a: Iron Valiant|Aura Sphere|p1a: Lobbster
|-supereffective|p1a: Lobbster
|-damage|p1a: Lobbster|9/100 tox
|move|p1a: Lobbster|Knock Off|p2a: Iron Valiant
|-resisted|p2a: Iron Valiant
|-damage|p2a: Iron Valiant|32/100
|
|-damage|p1a: Lobbster|0 fnt|[from] psn
|faint|p1a: Lobbster
|upkeep
|
|t:|1779667760
|switch|p1a: Sylveon|Sylveon, F|40/100 tox
|-damage|p1a: Sylveon|27/100 tox|[from] Stealth Rock
|turn|16
|
|t:|1779667767
|move|p2a: Iron Valiant|Thunderbolt|p1a: Sylveon
|-damage|p1a: Sylveon|7/100 tox
|move|p1a: Sylveon|Hyper Beam|p2a: Iron Valiant
|-supereffective|p2a: Iron Valiant
|-damage|p2a: Iron Valiant|0 fnt
|-mustrecharge|p1a: Sylveon
|faint|p2a: Iron Valiant
|-end|p2a: Iron Valiant|Quark Drive|[silent]
|
|-damage|p1a: Sylveon|0 fnt|[from] psn
|faint|p1a: Sylveon
|upkeep
|
|t:|1779667783
|switch|p2a: Kyurem|Kyurem|100/100
|switch|p1a: Honse|Mudsdale, F|100/100
|-damage|p2a: Kyurem|76/100|[from] Stealth Rock
|-damage|p2a: Kyurem|51/100|[from] Spikes
|-ability|p2a: Kyurem|Pressure
|-damage|p1a: Honse|94/100|[from] Stealth Rock
|turn|17
|
|t:|1779667795
|-terastallize|p2a: Kyurem|Dragon
|move|p2a: Kyurem|Dragon Dance|p2a: Kyurem
|-boost|p2a: Kyurem|atk|1
|-boost|p2a: Kyurem|spe|1
|move|p1a: Honse|Body Press|p2a: Kyurem
|-damage|p2a: Kyurem|35/100
|
|upkeep
|turn|18
|
|t:|1779667803
|move|p2a: Kyurem|Icicle Spear|p1a: Honse
|-supereffective|p1a: Honse
|-damage|p1a: Honse|56/100
|-ability|p1a: Honse|Stamina|boost
|-boost|p1a: Honse|def|1
|-supereffective|p1a: Honse
|-damage|p1a: Honse|33/100
|-ability|p1a: Honse|Stamina|boost
|-boost|p1a: Honse|def|1
|-supereffective|p1a: Honse
|-damage|p1a: Honse|13/100
|-ability|p1a: Honse|Stamina|boost
|-boost|p1a: Honse|def|1
|-supereffective|p1a: Honse
|-damage|p1a: Honse|0 fnt
|faint|p1a: Honse
|-hitcount|p1: Honse|4
|
|upkeep
|
|t:|1779667816
|switch|p1a: Smogon|Koffing, M|100/100
|-ability|p1a: Smogon|Neutralizing Gas
|-damage|p1a: Smogon|88/100|[from] Stealth Rock
|turn|19
|
|t:|1779667825
|move|p2a: Kyurem|Icicle Spear|p1a: Smogon
|-damage|p1a: Smogon|71/100
|-damage|p1a: Smogon|53/100
|-damage|p1a: Smogon|34/100
|-damage|p1a: Smogon|16/100
|-hitcount|p1a: Smogon|4
|move|p1a: Smogon|Will-O-Wisp|p2a: Kyurem
|-status|p2a: Kyurem|brn
|
|-damage|p2a: Kyurem|29/100 brn|[from] brn
|upkeep
|turn|20
|
|t:|1779667836
|move|p2a: Kyurem|Icicle Spear|p1a: Smogon
|-damage|p1a: Smogon|7/100
|-damage|p1a: Smogon|0 fnt
|faint|p1a: Smogon
|-end|p1a: Smogon|ability: Neutralizing Gas
|-ability|p2a: Kyurem|Pressure
|-hitcount|p1: Smogon|2
|
|-damage|p2a: Kyurem|23/100 brn|[from] brn
|upkeep
|
|t:|1779667841
|switch|p1a: Ranseinamedthis|Ting-Lu|59/100 tox
|-damage|p1a: Ranseinamedthis|52/100 tox|[from] Stealth Rock
|-ability|p1a: Ranseinamedthis|Vessel of Ruin
|turn|21
|
|t:|1779667852
|move|p2a: Kyurem|Icicle Spear|p1a: Ranseinamedthis
|-supereffective|p1a: Ranseinamedthis
|-damage|p1a: Ranseinamedthis|43/100 tox
|-supereffective|p1a: Ranseinamedthis
|-damage|p1a: Ranseinamedthis|34/100 tox
|-supereffective|p1a: Ranseinamedthis
|-damage|p1a: Ranseinamedthis|24/100 tox
|-supereffective|p1a: Ranseinamedthis
|-damage|p1a: Ranseinamedthis|15/100 tox
|-supereffective|p1a: Ranseinamedthis
|-damage|p1a: Ranseinamedthis|7/100 tox
|-hitcount|p1a: Ranseinamedthis|5
|move|p1a: Ranseinamedthis|Body Press|p2a: Kyurem
|-damage|p2a: Kyurem|0 fnt
|faint|p2a: Kyurem
|
|-damage|p1a: Ranseinamedthis|1/100 tox|[from] psn
|upkeep
|
|t:|1779667868
|switch|p2a: Gliscor|Gliscor, F|82/100 tox
|-damage|p2a: Gliscor|69/100 tox|[from] Stealth Rock
|turn|22
|
|t:|1779667885
|move|p2a: Gliscor|Protect|p2a: Gliscor
|-singleturn|p2a: Gliscor|Protect
|move|p1a: Ranseinamedthis|Ruination|p2a: Gliscor
|-activate|p2a: Gliscor|move: Protect
|
|-heal|p2a: Gliscor|82/100 tox|[from] ability: Poison Heal
|-damage|p1a: Ranseinamedthis|0 fnt|[from] psn
|faint|p1a: Ranseinamedthis
|
|win|MasterJarJam
|raw|Susmaster77's rating: 1097 &rarr; <strong>1076</strong><br />(-21 for losing)
|raw|MasterJarJam's rating: 1152 &rarr; <strong>1173</strong><br />(+21 for winning)
|l|☆Susmaster77
|player|p1|
|l|‽MasterJarJam
|player|p2|
