|j|☆PokeWinWow
|j|☆harrolux
|t:|1779682113
|gametype|singles
|player|p1|PokeWinWow|169|1529
|player|p2|harrolux|steven|1437
|gen|9
|tier|[Gen 9] OU
|rated|
|rule|HP Percentage Mod: HP is shown in percentages
|rule|Endless Battle Clause: Forcing endless battles is banned
|rule|Species Clause: Limit one of each Pokémon
|rule|OHKO Clause: OHKO moves are banned
|rule|Evasion Items Clause: Evasion items are banned
|rule|Evasion Moves Clause: Evasion moves are banned
|rule|Evasion Abilities Clause: Evasion abilities are banned
|rule|Sleep Moves Clause: Sleep-inducing moves are banned
|clearpoke
|poke|p1|Zapdos|
|poke|p1|Great Tusk|
|poke|p1|Kyurem|
|poke|p1|Iron Crown|
|poke|p1|Ogerpon-Wellspring, F|
|poke|p1|Kingambit, M|
|poke|p2|Zamazenta-*|
|poke|p2|Mimikyu, F|
|poke|p2|Rotom-Wash|
|poke|p2|Kyurem|
|poke|p2|Araquanid, M|
|poke|p2|Hoopa-Unbound|
|teampreview
|inactive|Battle timer is ON: inactive players will automatically lose when time's up. (requested by PokeWinWow)
|
|t:|1779682132
|teamsize|p1|6
|teamsize|p2|6
|start
|switch|p1a: Zapdos|Zapdos, shiny|100/100
|switch|p2a: Peter Parker|Araquanid, M|100/100
|turn|1
|
|t:|1779682142
|-terastallize|p1a: Zapdos|Electric
|-terastallize|p2a: Peter Parker|Ground
|move|p1a: Zapdos|Thunderbolt|p2a: Peter Parker
|-immune|p2a: Peter Parker
|move|p2a: Peter Parker|Sticky Web|p1a: Zapdos
|-sidestart|p1: PokeWinWow|move: Sticky Web
|
|upkeep
|turn|2
|
|t:|1779682150
|move|p1a: Zapdos|Hurricane|p2a: Peter Parker|[miss]
|-miss|p1a: Zapdos|p2a: Peter Parker
|move|p2a: Peter Parker|Lunge|p1a: Zapdos
|-damage|p1a: Zapdos|62/100
|-unboost|p1a: Zapdos|atk|1
|-status|p2a: Peter Parker|par|[from] ability: Static|[of] p1a: Zapdos
|
|upkeep
|turn|3
|
|t:|1779682167
|switch|p1a: Great Tusk|Great Tusk, shiny|100/100
|-activate|p1a: Great Tusk|move: Sticky Web
|-unboost|p1a: Great Tusk|spe|1
|-enditem|p1a: Great Tusk|Booster Energy
|-activate|p1a: Great Tusk|ability: Protosynthesis|[fromitem]
|-start|p1a: Great Tusk|protosynthesisatk
|move|p2a: Peter Parker|Liquidation|p1a: Great Tusk
|-supereffective|p1a: Great Tusk
|-damage|p1a: Great Tusk|0 fnt
|faint|p1a: Great Tusk
|-end|p1a: Great Tusk|Protosynthesis|[silent]
|
|upkeep
|
|t:|1779682175
|switch|p1a: Ogerpon|Ogerpon-Wellspring, F|100/100
|-activate|p1a: Ogerpon|move: Sticky Web
|-unboost|p1a: Ogerpon|spe|1
|turn|4
|
|t:|1779682180
|move|p1a: Ogerpon|Ivy Cudgel|p2a: Peter Parker|[anim] Ivy Cudgel Water
|-supereffective|p2a: Peter Parker
|-damage|p2a: Peter Parker|0 fnt
|faint|p2a: Peter Parker
|
|upkeep
|
|t:|1779682187
|switch|p2a: Red Hood|Rotom-Wash, shiny|100/100
|turn|5
|
|t:|1779682190
|move|p1a: Ogerpon|Horn Leech|p2a: Red Hood
|-supereffective|p2a: Red Hood
|-damage|p2a: Red Hood|9/100
|move|p2a: Red Hood|Will-O-Wisp|p1a: Ogerpon
|-status|p1a: Ogerpon|brn
|
|-heal|p2a: Red Hood|15/100|[from] item: Leftovers
|-damage|p1a: Ogerpon|95/100 brn|[from] brn
|upkeep
|turn|6
|
|t:|1779682201
|switch|p2a: Hawk|Kyurem, shiny|100/100
|-ability|p2a: Hawk|Pressure
|move|p1a: Ogerpon|Horn Leech|p2a: Hawk
|-resisted|p2a: Hawk
|-damage|p2a: Hawk|93/100
|-heal|p1a: Ogerpon|99/100 brn|[from] drain|[of] p2a: Hawk
|
|-damage|p1a: Ogerpon|94/100 brn|[from] brn
|upkeep
|turn|7
|
|t:|1779682212
|switch|p1a: Iron Crown|Iron Crown|100/100
|-activate|p1a: Iron Crown|move: Sticky Web
|-unboost|p1a: Iron Crown|spe|1
|-enditem|p1a: Iron Crown|Booster Energy
|-activate|p1a: Iron Crown|ability: Quark Drive|[fromitem]
|-start|p1a: Iron Crown|quarkdrivespa
|move|p2a: Hawk|Freeze-Dry|p1a: Iron Crown
|-resisted|p1a: Iron Crown
|-damage|p1a: Iron Crown|82/100
|
|upkeep
|turn|8
|
|t:|1779682224
|move|p2a: Hawk|Earth Power|p1a: Iron Crown
|-supereffective|p1a: Iron Crown
|-damage|p1a: Iron Crown|10/100
|-unboost|p1a: Iron Crown|spd|1
|move|p1a: Iron Crown|Calm Mind|p1a: Iron Crown
|-boost|p1a: Iron Crown|spa|1
|-boost|p1a: Iron Crown|spd|1
|
|upkeep
|turn|9
|
|t:|1779682238
|move|p2a: Hawk|Freeze-Dry|p1a: Iron Crown
|-resisted|p1a: Iron Crown
|-damage|p1a: Iron Crown|0 fnt
|faint|p1a: Iron Crown
|-end|p1a: Iron Crown|Quark Drive|[silent]
|
|upkeep
|
|t:|1779682244
|switch|p1a: Kyurem|Kyurem, shiny|100/100
|-activate|p1a: Kyurem|move: Sticky Web
|-unboost|p1a: Kyurem|spe|1
|-ability|p1a: Kyurem|Pressure
|turn|10
|
|t:|1779682249
|move|p2a: Hawk|Flash Cannon|p1a: Kyurem
|-supereffective|p1a: Kyurem
|-damage|p1a: Kyurem|63/100
|move|p1a: Kyurem|Draco Meteor|p2a: Hawk
|-supereffective|p2a: Hawk
|-damage|p2a: Hawk|0 fnt
|-unboost|p1a: Kyurem|spa|2
|faint|p2a: Hawk
|
|upkeep
|
|t:|1779682257
|switch|p2a: Raven|Mimikyu, F, shiny|100/100
|turn|11
|
|t:|1779682277
|move|p2a: Raven|Swords Dance|p2a: Raven
|-boost|p2a: Raven|atk|2
|move|p1a: Kyurem|Freeze-Dry|p2a: Raven
|-activate|p2a: Raven|ability: Disguise
|-damage|p2a: Raven|100/100
|-status|p2a: Raven|frz
|detailschange|p2a: Raven|Mimikyu-Busted, F, shiny
|-damage|p2a: Raven|88/100 frz|[from] pokemon: Mimikyu-Busted
|
|upkeep
|turn|12
|
|t:|1779682288
|switch|p1a: Kingambit|Kingambit, M|100/100
|-activate|p1a: Kingambit|move: Sticky Web
|-unboost|p1a: Kingambit|spe|1
|-activate|p1a: Kingambit|ability: Supreme Overlord
|-start|p1a: Kingambit|fallen2|[silent]
|cant|p2a: Raven|frz
|
|upkeep
|turn|13
|
|t:|1779682295
|cant|p2a: Raven|frz
|move|p1a: Kingambit|Kowtow Cleave|p2a: Raven
|-damage|p2a: Raven|0 fnt
|faint|p2a: Raven
|
|upkeep
|
|t:|1779682301
|switch|p2a: Red Hood|Rotom-Wash, shiny|15/100
|turn|14
|
|t:|1779682305
|-end|p1a: Kingambit|fallen2|[silent]
|switch|p1a: Ogerpon|Ogerpon-Wellspring, F|94/100 brn
|-activate|p1a: Ogerpon|move: Sticky Web
|-unboost|p1a: Ogerpon|spe|1
|move|p2a: Red Hood|Will-O-Wisp|p1a: Ogerpon
|-fail|p1a: Ogerpon|brn
|
|-heal|p2a: Red Hood|21/100|[from] item: Leftovers
|-damage|p1a: Ogerpon|88/100 brn|[from] brn
|upkeep
|turn|15
|
|t:|1779682319
|move|p1a: Ogerpon|Horn Leech|p2a: Red Hood
|-supereffective|p2a: Red Hood
|-damage|p2a: Red Hood|0 fnt
|-heal|p1a: Ogerpon|97/100 brn|[from] drain|[of] p2a: Red Hood
|faint|p2a: Red Hood
|
|-damage|p1a: Ogerpon|91/100 brn|[from] brn
|upkeep
|
|t:|1779682340
|switch|p2a: Nightwing|Zamazenta|100/100
|-ability|p2a: Nightwing|Dauntless Shield|boost
|-boost|p2a: Nightwing|def|1
|turn|16
|
|t:|1779682352
|move|p2a: Nightwing|Body Press|p1a: Ogerpon
|-damage|p1a: Ogerpon|23/100 brn
|move|p1a: Ogerpon|Encore|p2a: Nightwing
|-start|p2a: Nightwing|Encore
|
|-damage|p1a: Ogerpon|17/100 brn|[from] brn
|upkeep
|turn|17
|
|t:|1779682367
|move|p2a: Nightwing|Body Press|p1a: Ogerpon
|-damage|p1a: Ogerpon|0 fnt
|faint|p1a: Ogerpon
|
|upkeep
|
|t:|1779682369
|switch|p1a: Zapdos|Zapdos, shiny, tera:Electric|62/100
|turn|18
|
|t:|1779682372
|move|p2a: Nightwing|Body Press|p1a: Zapdos
|-damage|p1a: Zapdos|1/100
|move|p1a: Zapdos|Hurricane|p2a: Nightwing|[miss]
|-miss|p1a: Zapdos|p2a: Nightwing
|
|upkeep
|turn|19
|c|☆PokeWinWow|bruhhh
|
|t:|1779682383
|move|p2a: Nightwing|Body Press|p1a: Zapdos
|-damage|p1a: Zapdos|0 fnt
|faint|p1a: Zapdos
|
|-end|p2a: Nightwing|Encore
|upkeep
|
|t:|1779682386
|switch|p1a: Kyurem|Kyurem, shiny|63/100
|-activate|p1a: Kyurem|move: Sticky Web
|-unboost|p1a: Kyurem|spe|1
|-ability|p1a: Kyurem|Pressure
|turn|20
|-message|PokeWinWow forfeited.
|
|win|harrolux
|raw|PokeWinWow's rating: 1529 &rarr; <strong>1504</strong><br />(-25 for losing)
|raw|harrolux's rating: 1437 &rarr; <strong>1462</strong><br />(+25 for winning)
|l|☆PokeWinWow
|player|p1|
|l|☆harrolux
|player|p2|
