|inactive|Battle timer is ON: inactive players will automatically lose when time's up.
|t:|1779567423
|gametype|singles
|player|p1|cielau origine ♫|#mplxmeloettas|
|player|p2|SpyOP|1|
|gen|9
|tier|[Gen 9] OU
|rule|HP Percentage Mod: HP is shown in percentages
|rule|Endless Battle Clause: Forcing endless battles is banned
|rule|Species Clause: Limit one of each Pokémon
|rule|OHKO Clause: OHKO moves are banned
|rule|Evasion Items Clause: Evasion items are banned
|rule|Evasion Moves Clause: Evasion moves are banned
|rule|Evasion Abilities Clause: Evasion abilities are banned
|rule|Sleep Moves Clause: Sleep-inducing moves are banned
|clearpoke
|poke|p1|Gholdengo|
|poke|p1|Ogerpon-Wellspring, F|
|poke|p1|Dragapult, F|
|poke|p1|Gliscor, F|
|poke|p1|Kingambit, M|
|poke|p1|Great Tusk|
|poke|p2|Alomomola, F|
|poke|p2|Weezing-Galar, F|
|poke|p2|Gliscor, M|
|poke|p2|Corviknight, M|
|poke|p2|Ogerpon, F|
|poke|p2|Darkrai|
|teampreview
|c|☆SpyOP|hf
|inactive|cielau origine ♫ has 270 seconds left.
|inactive|SpyOP has 270 seconds left.
|c|☆cielau origine ♫|hf
|inactive|cielau origine ♫ has 240 seconds left.
|
|t:|1779567495
|teamsize|p1|6
|teamsize|p2|6
|start
|switch|p1a: Dragapult|Dragapult, F|100/100
|switch|p2a: Gliscor|Gliscor, M|100/100
|turn|1
|
|t:|1779567514
|switch|p1a: Gliscor|Gliscor, F|100/100
|move|p2a: Gliscor|Protect||[still]
|-fail|p2a: Gliscor
|
|-status|p1a: Gliscor|tox|[from] item: Toxic Orb
|-status|p2a: Gliscor|tox|[from] item: Toxic Orb
|upkeep
|turn|2
|
|t:|1779567525
|move|p2a: Gliscor|Stealth Rock|p1a: Gliscor
|-sidestart|p1: cielau origine ♫|move: Stealth Rock
|move|p1a: Gliscor|Spikes|p2a: Gliscor
|-sidestart|p2: SpyOP|Spikes
|
|upkeep
|turn|3
|
|t:|1779567530
|switch|p2a: Ogerpon|Ogerpon, F|100/100
|-damage|p2a: Ogerpon|88/100|[from] Spikes
|move|p1a: Gliscor|Earthquake|p2a: Ogerpon
|-resisted|p2a: Ogerpon
|-damage|p2a: Ogerpon|66/100
|
|upkeep
|turn|4
|
|t:|1779567544
|move|p2a: Ogerpon|Encore|p1a: Gliscor
|-start|p1a: Gliscor|Encore
|move|p1a: Gliscor|Earthquake|p2a: Ogerpon
|-resisted|p2a: Ogerpon
|-damage|p2a: Ogerpon|45/100
|
|upkeep
|turn|5
|
|t:|1779567563
|move|p2a: Ogerpon|Swords Dance|p2a: Ogerpon
|-boost|p2a: Ogerpon|atk|2
|move|p1a: Gliscor|Earthquake|p2a: Ogerpon
|-resisted|p2a: Ogerpon
|-damage|p2a: Ogerpon|22/100
|
|upkeep
|turn|6
|inactive|cielau origine ♫ has 270 seconds left.
|inactive|cielau origine ♫ has 240 seconds left.
|
|t:|1779567646
|move|p2a: Ogerpon|Ivy Cudgel|p1a: Gliscor
|-crit|p1a: Gliscor
|-damage|p1a: Gliscor|0 fnt
|faint|p1a: Gliscor
|
|upkeep
|c|☆cielau origine ♫|well
|inactive|cielau origine ♫ has 210 seconds left.
|c|☆SpyOP|scope lens
|c|☆cielau origine ♫|and ?
|
|t:|1779567665
|switch|p1a: Kingambit|Kingambit, M|100/100
|-damage|p1a: Kingambit|94/100|[from] Stealth Rock
|-activate|p1a: Kingambit|ability: Supreme Overlord
|-start|p1a: Kingambit|fallen1|[silent]
|turn|7
|inactive|cielau origine ♫ has 210 seconds left.
|
|t:|1779567676
|switch|p2a: Gliscor|Gliscor, M|100/100 tox
|move|p1a: Kingambit|Kowtow Cleave|p2a: Gliscor
|-crit|p2a: Gliscor
|-damage|p2a: Gliscor|35/100 tox
|
|-heal|p1a: Kingambit|100/100|[from] item: Leftovers
|-heal|p2a: Gliscor|47/100 tox|[from] ability: Poison Heal
|upkeep
|turn|8
|inactive|cielau origine ♫ has 210 seconds left.
|
|t:|1779567692
|-end|p1a: Kingambit|fallen1|[silent]
|switch|p1a: Great Tusk|Great Tusk|100/100
|-damage|p1a: Great Tusk|98/100|[from] Stealth Rock
|-enditem|p1a: Great Tusk|Booster Energy
|-activate|p1a: Great Tusk|ability: Protosynthesis|[fromitem]
|-start|p1a: Great Tusk|protosynthesisatk
|move|p2a: Gliscor|Earthquake|p1a: Great Tusk
|-damage|p1a: Great Tusk|72/100
|
|-heal|p2a: Gliscor|60/100 tox|[from] ability: Poison Heal
|upkeep
|turn|9
|inactive|cielau origine ♫ has 210 seconds left.
|
|t:|1779567700
|move|p2a: Gliscor|Protect|p2a: Gliscor
|-singleturn|p2a: Gliscor|Protect
|move|p1a: Great Tusk|Rapid Spin|p2a: Gliscor
|-activate|p2a: Gliscor|move: Protect
|
|-heal|p2a: Gliscor|72/100 tox|[from] ability: Poison Heal
|upkeep
|turn|10
|
|t:|1779567706
|switch|p2a: Corviknight|Corviknight, M|100/100
|-ability|p2a: Corviknight|Pressure
|move|p1a: Great Tusk|Rapid Spin|p2a: Corviknight
|-resisted|p2a: Corviknight
|-damage|p2a: Corviknight|91/100
|-boost|p1a: Great Tusk|spe|1
|-sideend|p1: cielau origine ♫|Stealth Rock|[from] move: Rapid Spin|[of] p1a: Great Tusk
|
|-heal|p2a: Corviknight|97/100|[from] item: Leftovers
|upkeep
|turn|11
|
|t:|1779567712
|move|p1a: Great Tusk|Ice Spinner|p2a: Corviknight
|-crit|p2a: Corviknight
|-damage|p2a: Corviknight|53/100
|move|p2a: Corviknight|U-turn|p1a: Great Tusk
|-resisted|p1a: Great Tusk
|-damage|p1a: Great Tusk|67/100
|
|t:|1779567714
|switch|p2a: Alomomola|Alomomola, F|100/100|[from] U-turn
|-damage|p2a: Alomomola|88/100|[from] Spikes
|
|upkeep
|turn|12
|
|t:|1779567718
|-end|p1a: Great Tusk|Protosynthesis|[silent]
|switch|p1a: Ogerpon|Ogerpon-Wellspring, F|100/100
|move|p2a: Alomomola|Wish|p2a: Alomomola
|
|upkeep
|turn|13
|inactive|cielau origine ♫ has 240 seconds left.
|
|t:|1779567737
|switch|p2a: Weezing|Weezing-Galar, F|100/100
|-ability|p2a: Weezing|Neutralizing Gas
|-damage|p2a: Weezing|88/100|[from] Spikes
|move|p1a: Ogerpon|Ivy Cudgel|p2a: Weezing|[anim] Ivy Cudgel Water
|-damage|p2a: Weezing|46/100
|
|-heal|p2a: Weezing|100/100|[from] move: Wish|[wisher] Alomomola
|upkeep
|turn|14
|inactive|cielau origine ♫ has 240 seconds left.
|
|t:|1779567753
|switch|p1a: Dragapult|Dragapult, F|100/100
|move|p2a: Weezing|Defog|p1a: Dragapult
|-unboost|p1a: Dragapult|evasion|1
|-sideend|p2: SpyOP|Spikes|[from] move: Defog|[of] p2a: Weezing
|
|upkeep
|turn|15
|
|t:|1779567761
|-end|p2a: Weezing|ability: Neutralizing Gas
|switch|p2a: Alomomola|Alomomola, F|100/100
|move|p1a: Dragapult|Shadow Ball|p2a: Alomomola
|-damage|p2a: Alomomola|50/100
|
|upkeep
|turn|16
|
|t:|1779567772
|move|p2a: Alomomola|Protect|p2a: Alomomola
|-singleturn|p2a: Alomomola|Protect
|move|p1a: Dragapult|Shadow Ball|p2a: Alomomola
|-activate|p2a: Alomomola|move: Protect
|
|upkeep
|turn|17
|inactive|cielau origine ♫ has 240 seconds left.
|
|t:|1779567797
|move|p1a: Dragapult|Shadow Ball|p2a: Alomomola
|-damage|p2a: Alomomola|7/100
|move|p2a: Alomomola|Wish|p2a: Alomomola
|
|upkeep
|turn|18
|inactive|cielau origine ♫ has 240 seconds left.
|
|t:|1779567813
|switch|p1a: Ogerpon|Ogerpon-Wellspring, F|100/100
|switch|p2a: Corviknight|Corviknight, M|53/100
|-ability|p2a: Corviknight|Pressure
|
|-heal|p2a: Corviknight|100/100|[from] move: Wish|[wisher] Alomomola
|upkeep
|turn|19
|
|t:|1779567819
|move|p1a: Ogerpon|Ivy Cudgel|p2a: Corviknight|[anim] Ivy Cudgel Water
|-damage|p2a: Corviknight|54/100
|move|p2a: Corviknight|U-turn|p1a: Ogerpon
|-supereffective|p1a: Ogerpon
|-damage|p1a: Ogerpon|61/100
|
|t:|1779567824
|switch|p2a: Weezing|Weezing-Galar, F|100/100|[from] U-turn
|-ability|p2a: Weezing|Neutralizing Gas
|
|upkeep
|turn|20
|
|t:|1779567832
|switch|p1a: Great Tusk|Great Tusk|67/100
|move|p2a: Weezing|Toxic Spikes|p1a: Great Tusk
|-sidestart|p1: cielau origine ♫|move: Toxic Spikes
|
|upkeep
|turn|21
|
|t:|1779567842
|-end|p2a: Weezing|ability: Neutralizing Gas
|switch|p2a: Alomomola|Alomomola, F|41/100
|move|p1a: Great Tusk|Rapid Spin|p2a: Alomomola
|-damage|p2a: Alomomola|30/100
|-boost|p1a: Great Tusk|spe|1
|-damage|p1a: Great Tusk|50/100|[from] item: Rocky Helmet|[of] p2a: Alomomola
|-sideend|p1: cielau origine ♫|Toxic Spikes|[from] move: Rapid Spin|[of] p1a: Great Tusk
|
|upkeep
|turn|22
|
|t:|1779567849
|-end|p1a: Great Tusk|Protosynthesis|[silent]
|switch|p1a: Ogerpon|Ogerpon-Wellspring, F|61/100
|switch|p2a: Corviknight|Corviknight, M|54/100
|-ability|p2a: Corviknight|Pressure
|
|-heal|p2a: Corviknight|60/100|[from] item: Leftovers
|upkeep
|turn|23
|inactive|SpyOP has 270 seconds left.
|
|t:|1779567883
|move|p1a: Ogerpon|Ivy Cudgel|p2a: Corviknight|[anim] Ivy Cudgel Water
|-damage|p2a: Corviknight|13/100
|move|p2a: Corviknight|Roost|p2a: Corviknight
|-heal|p2a: Corviknight|63/100
|-singleturn|p2a: Corviknight|move: Roost
|
|-heal|p2a: Corviknight|69/100|[from] item: Leftovers
|upkeep
|turn|24
|
|t:|1779567891
|move|p1a: Ogerpon|Ivy Cudgel|p2a: Corviknight|[anim] Ivy Cudgel Water
|-damage|p2a: Corviknight|23/100
|move|p2a: Corviknight|Brave Bird|p1a: Ogerpon
|-supereffective|p1a: Ogerpon
|-damage|p1a: Ogerpon|0 fnt
|faint|p1a: Ogerpon
|-damage|p2a: Corviknight|8/100|[from] Recoil
|
|-heal|p2a: Corviknight|14/100|[from] item: Leftovers
|upkeep
|inactive|cielau origine ♫ has 270 seconds left.
|
|t:|1779567902
|switch|p1a: Gholdengo|Gholdengo|100/100
|turn|25
|
|t:|1779567921
|move|p1a: Gholdengo|Nasty Plot|p1a: Gholdengo
|-boost|p1a: Gholdengo|spa|2
|move|p2a: Corviknight|U-turn|p1a: Gholdengo
|-resisted|p1a: Gholdengo
|-damage|p1a: Gholdengo|98/100
|
|t:|1779567926
|switch|p2a: Darkrai|Darkrai|100/100|[from] U-turn
|
|upkeep
|turn|26
|
|t:|1779567930
|switch|p2a: Ogerpon|Ogerpon, F|22/100
|-terastallize|p1a: Gholdengo|Fairy
|move|p1a: Gholdengo|Dazzling Gleam|p2a: Ogerpon
|-damage|p2a: Ogerpon|0 fnt
|faint|p2a: Ogerpon
|
|upkeep
|
|t:|1779567933
|switch|p2a: Darkrai|Darkrai|100/100
|turn|27
|
|t:|1779567935
|switch|p1a: Kingambit|Kingambit, M|100/100
|-activate|p1a: Kingambit|ability: Supreme Overlord
|-start|p1a: Kingambit|fallen2|[silent]
|move|p2a: Darkrai|Sludge Bomb|p1a: Kingambit
|-immune|p1a: Kingambit
|
|upkeep
|turn|28
|
|t:|1779567940
|switch|p2a: Gliscor|Gliscor, M|72/100 tox
|-end|p1a: Kingambit|fallen2|[silent]
|switch|p1a: Dragapult|Dragapult, F|100/100
|
|-heal|p2a: Gliscor|85/100 tox|[from] ability: Poison Heal
|upkeep
|turn|29
|
|t:|1779567949
|switch|p1a: Great Tusk|Great Tusk|50/100
|move|p2a: Gliscor|Protect||[still]
|-fail|p2a: Gliscor
|
|-heal|p2a: Gliscor|97/100 tox|[from] ability: Poison Heal
|upkeep
|turn|30
|
|t:|1779567953
|move|p2a: Gliscor|Protect|p2a: Gliscor
|-singleturn|p2a: Gliscor|Protect
|move|p1a: Great Tusk|Stealth Rock|p2a: Gliscor
|-sidestart|p2: SpyOP|move: Stealth Rock
|
|-heal|p2a: Gliscor|100/100 tox|[from] ability: Poison Heal
|upkeep
|turn|31
|
|t:|1779567973
|switch|p2a: Corviknight|Corviknight, M|14/100
|-damage|p2a: Corviknight|2/100|[from] Stealth Rock
|-ability|p2a: Corviknight|Pressure
|move|p1a: Great Tusk|Ice Spinner|p2a: Corviknight
|-damage|p2a: Corviknight|0 fnt
|faint|p2a: Corviknight
|
|upkeep
|
|t:|1779567975
|switch|p2a: Alomomola|Alomomola, F|64/100
|-damage|p2a: Alomomola|51/100|[from] Stealth Rock
|turn|32
|
|t:|1779567987
|-end|p1a: Great Tusk|Protosynthesis|[silent]
|switch|p1a: Gholdengo|Gholdengo, tera:Fairy|98/100
|move|p2a: Alomomola|Wish|p2a: Alomomola
|
|upkeep
|turn|33
|
|t:|1779568008
|move|p2a: Alomomola|Protect|p2a: Alomomola
|-singleturn|p2a: Alomomola|Protect
|move|p1a: Gholdengo|Nasty Plot|p1a: Gholdengo
|-boost|p1a: Gholdengo|spa|2
|
|-heal|p2a: Alomomola|100/100|[from] move: Wish|[wisher] Alomomola
|upkeep
|turn|34
|inactive|cielau origine ♫ has 270 seconds left.
|
|t:|1779568041
|move|p1a: Gholdengo|Dazzling Gleam|p2a: Alomomola
|-damage|p2a: Alomomola|38/100
|move|p2a: Alomomola|Flip Turn|p1a: Gholdengo
|-damage|p1a: Gholdengo|87/100
|
|t:|1779568050
|switch|p2a: Darkrai|Darkrai|100/100|[from] Flip Turn
|-damage|p2a: Darkrai|88/100|[from] Stealth Rock
|
|upkeep
|turn|35
|inactive|cielau origine ♫ has 270 seconds left.
|
|t:|1779568094
|move|p2a: Darkrai|Sludge Bomb|p1a: Gholdengo
|-supereffective|p1a: Gholdengo
|-damage|p1a: Gholdengo|0 fnt
|faint|p1a: Gholdengo
|
|upkeep
|
|t:|1779568097
|switch|p1a: Kingambit|Kingambit, M|100/100
|-activate|p1a: Kingambit|ability: Supreme Overlord
|-start|p1a: Kingambit|fallen3|[silent]
|turn|36
|
|t:|1779568099
|switch|p2a: Gliscor|Gliscor, M|100/100 tox
|-damage|p2a: Gliscor|88/100 tox|[from] Stealth Rock
|move|p1a: Kingambit|Swords Dance|p1a: Kingambit
|-boost|p1a: Kingambit|atk|2
|
|-heal|p2a: Gliscor|100/100 tox|[from] ability: Poison Heal
|upkeep
|turn|37
|inactive|cielau origine ♫ has 240 seconds left.
|inactive|cielau origine ♫ has 210 seconds left.
|
|t:|1779568160
|-terastallize|p2a: Gliscor|Fairy
|move|p2a: Gliscor|Earthquake|p1a: Kingambit
|-supereffective|p1a: Kingambit
|-damage|p1a: Kingambit|52/100
|move|p1a: Kingambit|Swords Dance|p1a: Kingambit
|-boost|p1a: Kingambit|atk|2
|
|-heal|p1a: Kingambit|58/100|[from] item: Leftovers
|upkeep
|turn|38
|inactive|cielau origine ♫ has 210 seconds left.
|
|t:|1779568188
|switch|p2a: Alomomola|Alomomola, F|72/100
|-damage|p2a: Alomomola|59/100|[from] Stealth Rock
|move|p1a: Kingambit|Iron Head|p2a: Alomomola
|-resisted|p2a: Alomomola
|-damage|p2a: Alomomola|4/100
|-damage|p1a: Kingambit|42/100|[from] item: Rocky Helmet|[of] p2a: Alomomola
|
|-heal|p1a: Kingambit|48/100|[from] item: Leftovers
|upkeep
|turn|39
|inactive|cielau origine ♫ has 180 seconds left.
|
|t:|1779568232
|move|p1a: Kingambit|Swords Dance|p1a: Kingambit
|-boost|p1a: Kingambit|atk|2
|move|p2a: Alomomola|Flip Turn|p1a: Kingambit
|-damage|p1a: Kingambit|37/100
|
|t:|1779568234
|switch|p2a: Gliscor|Gliscor, M, tera:Fairy|100/100 tox|[from] Flip Turn
|-damage|p2a: Gliscor|88/100 tox|[from] Stealth Rock
|
|-heal|p1a: Kingambit|43/100|[from] item: Leftovers
|-heal|p2a: Gliscor|100/100 tox|[from] ability: Poison Heal
|upkeep
|turn|40
|
|t:|1779568240
|move|p1a: Kingambit|Sucker Punch|p2a: Gliscor
|-resisted|p2a: Gliscor
|-damage|p2a: Gliscor|14/100 tox
|move|p2a: Gliscor|Earthquake|p1a: Kingambit
|-supereffective|p1a: Kingambit
|-damage|p1a: Kingambit|0 fnt
|faint|p1a: Kingambit
|-end|p1a: Kingambit|fallen3|[silent]
|
|-heal|p2a: Gliscor|26/100 tox|[from] ability: Poison Heal
|upkeep
|
|t:|1779568246
|switch|p1a: Great Tusk|Great Tusk|50/100
|turn|41
|inactive|cielau origine ♫ has 180 seconds left.
|
|t:|1779568259
|move|p2a: Gliscor|Protect|p2a: Gliscor
|-singleturn|p2a: Gliscor|Protect
|move|p1a: Great Tusk|Rapid Spin|p2a: Gliscor
|-activate|p2a: Gliscor|move: Protect
|
|-heal|p2a: Gliscor|39/100 tox|[from] ability: Poison Heal
|upkeep
|turn|42
|inactive|cielau origine ♫ has 180 seconds left.
|
|t:|1779568291
|move|p1a: Great Tusk|Headlong Rush|p2a: Gliscor
|-damage|p2a: Gliscor|0 fnt
|-unboost|p1a: Great Tusk|def|1
|-unboost|p1a: Great Tusk|spd|1
|faint|p2a: Gliscor
|
|upkeep
|
|t:|1779568294
|switch|p2a: Darkrai|Darkrai|88/100
|-damage|p2a: Darkrai|76/100|[from] Stealth Rock
|turn|43
|inactive|cielau origine ♫ has 180 seconds left.
|
|t:|1779568300
|move|p2a: Darkrai|Ice Beam|p1a: Great Tusk
|-supereffective|p1a: Great Tusk
|-damage|p1a: Great Tusk|0 fnt
|faint|p1a: Great Tusk
|-end|p1a: Great Tusk|Protosynthesis|[silent]
|
|upkeep
|
|t:|1779568301
|switch|p1a: Dragapult|Dragapult, F|100/100
|turn|44
|
|t:|1779568305
|move|p1a: Dragapult|Shadow Ball|p2a: Darkrai
|-resisted|p2a: Darkrai
|-damage|p2a: Darkrai|41/100
|move|p2a: Darkrai|Ice Beam|p1a: Dragapult
|-supereffective|p1a: Dragapult
|-damage|p1a: Dragapult|0 fnt
|faint|p1a: Dragapult
|
|win|SpyOP
