|j|☆ieoapn
|j|☆claudechamp
|t:|1779576204
|gametype|singles
|player|p1|ieoapn|266|1188
|player|p2|claudechamp|101|1246
|gen|9
|tier|[Gen 9] OU
|rated|
|rule|HP Percentage Mod: HP is shown in percentages
|rule|Endless Battle Clause: Forcing endless battles is banned
|rule|Species Clause: Limit one of each Pokémon
|rule|OHKO Clause: OHKO moves are banned
|rule|Evasion Items Clause: Evasion items are banned
|rule|Evasion Moves Clause: Evasion moves are banned
|rule|Evasion Abilities Clause: Evasion abilities are banned
|rule|Sleep Moves Clause: Sleep-inducing moves are banned
|clearpoke
|poke|p1|Toucannon, M|
|poke|p1|Pecharunt|
|poke|p1|Ting-Lu|
|poke|p1|Raging Bolt|
|poke|p1|Zamazenta-*|
|poke|p1|Primarina, M|
|poke|p2|Gliscor, M|
|poke|p2|Ogerpon, F|
|poke|p2|Walking Wake|
|poke|p2|Blissey, F|
|poke|p2|Corviknight, F|
|poke|p2|Pecharunt|
|teampreview
|c|☆claudechamp|hf
|inactive|Battle timer is ON: inactive players will automatically lose when time's up. (requested by claudechamp)
|
|t:|1779576226
|teamsize|p1|6
|teamsize|p2|6
|start
|switch|p1a: Primarina|Primarina, M|100/100
|switch|p2a: Gliscor|Gliscor, M|100/100
|turn|1
|
|t:|1779576232
|move|p2a: Gliscor|Spikes|p1a: Primarina
|-sidestart|p1: ieoapn|Spikes
|move|p1a: Primarina|Surf|p2a: Gliscor
|-supereffective|p2a: Gliscor
|-damage|p2a: Gliscor|17/100
|
|-status|p2a: Gliscor|tox|[from] item: Toxic Orb
|upkeep
|turn|2
|
|t:|1779576235
|switch|p2a: Blissey|Blissey, F|100/100
|move|p1a: Primarina|Flip Turn|p2a: Blissey
|-damage|p2a: Blissey|85/100
|
|t:|1779576255
|switch|p1a: Ting-Lu|Ting-Lu|100/100|[from] Flip Turn
|-damage|p1a: Ting-Lu|88/100|[from] Spikes
|-ability|p1a: Ting-Lu|Vessel of Ruin
|
|-heal|p1a: Ting-Lu|94/100|[from] item: Leftovers
|upkeep
|turn|3
|
|t:|1779576257
|move|p2a: Blissey|Stealth Rock|p1a: Ting-Lu
|-sidestart|p1: ieoapn|move: Stealth Rock
|move|p1a: Ting-Lu|Stealth Rock|p2a: Blissey
|-sidestart|p2: claudechamp|move: Stealth Rock
|
|-heal|p1a: Ting-Lu|100/100|[from] item: Leftovers
|upkeep
|turn|4
|
|t:|1779576260
|switch|p2a: Gliscor|Gliscor, M|17/100 tox
|-damage|p2a: Gliscor|4/100 tox|[from] Stealth Rock
|move|p1a: Ting-Lu|Ruination|p2a: Gliscor
|-damage|p2a: Gliscor|2/100 tox
|
|-heal|p2a: Gliscor|15/100 tox|[from] ability: Poison Heal
|upkeep
|turn|5
|
|t:|1779576265
|move|p2a: Gliscor|Spikes|p1a: Ting-Lu
|-sidestart|p1: ieoapn|Spikes
|move|p1a: Ting-Lu|Whirlwind|p2a: Gliscor
|drag|p2a: Pecharunt|Pecharunt|100/100
|
|upkeep
|turn|6
|
|t:|1779576270
|move|p2a: Pecharunt|Parting Shot|p1a: Ting-Lu
|-unboost|p1a: Ting-Lu|atk|1
|-unboost|p1a: Ting-Lu|spa|1
|
|t:|1779576273
|switch|p2a: Blissey|Blissey, F|85/100|[from] Parting Shot
|move|p1a: Ting-Lu|Earthquake|p2a: Blissey
|-damage|p2a: Blissey|60/100
|
|upkeep
|turn|7
|
|t:|1779576285
|switch|p1a: Toucannon|Toucannon, M|100/100
|move|p2a: Blissey|Soft-Boiled|p2a: Blissey
|-heal|p2a: Blissey|100/100
|
|upkeep
|turn|8
|
|t:|1779576289
|switch|p2a: Ogerpon|Ogerpon, F|100/100
|move|p1a: Toucannon|Knock Off|p2a: Ogerpon
|-damage|p2a: Ogerpon|64/100
|-enditem|p2a: Ogerpon|Heavy-Duty Boots|[from] move: Knock Off|[of] p1a: Toucannon
|
|upkeep
|turn|9
|
|t:|1779576295
|-singleturn|p1a: Toucannon|move: Beak Blast
|move|p2a: Ogerpon|Knock Off|p1a: Toucannon
|-damage|p1a: Toucannon|70/100
|-status|p2a: Ogerpon|brn
|-enditem|p1a: Toucannon|Heavy-Duty Boots|[from] move: Knock Off|[of] p2a: Ogerpon
|move|p1a: Toucannon|Beak Blast|p2a: Ogerpon
|-supereffective|p2a: Ogerpon
|-damage|p2a: Ogerpon|0 fnt
|faint|p2a: Ogerpon
|
|upkeep
|
|t:|1779576300
|switch|p2a: Walking Wake|Walking Wake|100/100
|turn|10
|
|t:|1779576310
|-singleturn|p1a: Toucannon|move: Beak Blast
|move|p2a: Walking Wake|Draco Meteor|p1a: Toucannon
|-damage|p1a: Toucannon|0 fnt
|-unboost|p2a: Walking Wake|spa|2
|faint|p1a: Toucannon
|
|upkeep
|inactive|ieoapn has 120 seconds left.
|
|t:|1779576345
|switch|p1a: Raging Bolt|Raging Bolt|100/100
|turn|11
|
|t:|1779576348
|move|p2a: Walking Wake|Knock Off|p1a: Raging Bolt
|-damage|p1a: Raging Bolt|85/100
|-enditem|p1a: Raging Bolt|Heavy-Duty Boots|[from] move: Knock Off|[of] p2a: Walking Wake
|move|p1a: Raging Bolt|Dragon Pulse|p2a: Walking Wake
|-supereffective|p2a: Walking Wake
|-damage|p2a: Walking Wake|0 fnt
|faint|p2a: Walking Wake
|-end|p2a: Walking Wake|Protosynthesis|[silent]
|
|upkeep
|
|t:|1779576354
|switch|p2a: Blissey|Blissey, F|100/100
|turn|12
|
|t:|1779576361
|move|p1a: Raging Bolt|Volt Switch|p2a: Blissey
|-damage|p2a: Blissey|88/100
|
|t:|1779576365
|-end|p1a: Raging Bolt|Protosynthesis|[silent]
|switch|p1a: Pecharunt|Pecharunt|100/100|[from] Volt Switch
|move|p2a: Blissey|Seismic Toss|p1a: Pecharunt
|-immune|p1a: Pecharunt
|
|upkeep
|turn|13
|
|t:|1779576372
|move|p1a: Pecharunt|Malignant Chain|p2a: Blissey
|-damage|p2a: Blissey|79/100
|move|p2a: Blissey|Calm Mind|p2a: Blissey
|-boost|p2a: Blissey|spa|1
|-boost|p2a: Blissey|spd|1
|
|upkeep
|turn|14
|
|t:|1779576380
|move|p1a: Pecharunt|Malignant Chain|p2a: Blissey
|-damage|p2a: Blissey|73/100
|-status|p2a: Blissey|tox
|-start|p2a: Blissey|confusion|[from] ability: Poison Puppeteer|[of] p1a: Pecharunt
|-activate|p2a: Blissey|confusion
|-damage|p2a: Blissey|72/100 tox|[from] confusion
|
|-damage|p2a: Blissey|66/100 tox|[from] psn
|upkeep
|turn|15
|
|t:|1779576387
|-curestatus|p2a: Blissey|tox|[from] ability: Natural Cure|[silent]
|switch|p2a: Pecharunt|Pecharunt|100/100
|move|p1a: Pecharunt|Foul Play|p2a: Pecharunt
|-supereffective|p2a: Pecharunt
|-damage|p2a: Pecharunt|87/100
|
|upkeep
|turn|16
|
|t:|1779576395
|move|p2a: Pecharunt|Foul Play|p1a: Pecharunt
|-supereffective|p1a: Pecharunt
|-damage|p1a: Pecharunt|87/100
|move|p1a: Pecharunt|Parting Shot|p2a: Pecharunt
|-unboost|p2a: Pecharunt|atk|1
|-unboost|p2a: Pecharunt|spa|1
|
|t:|1779576401
|switch|p1a: Ting-Lu|Ting-Lu|100/100|[from] Parting Shot
|-damage|p1a: Ting-Lu|84/100|[from] Spikes
|-damage|p1a: Ting-Lu|78/100|[from] Stealth Rock
|-ability|p1a: Ting-Lu|Vessel of Ruin
|
|-heal|p1a: Ting-Lu|84/100|[from] item: Leftovers
|upkeep
|turn|17
|
|t:|1779576408
|move|p2a: Pecharunt|Parting Shot|p1a: Ting-Lu
|-unboost|p1a: Ting-Lu|atk|1
|-unboost|p1a: Ting-Lu|spa|1
|
|t:|1779576417
|switch|p2a: Blissey|Blissey, F|66/100|[from] Parting Shot
|move|p1a: Ting-Lu|Ruination|p2a: Blissey
|-damage|p2a: Blissey|33/100
|
|-heal|p1a: Ting-Lu|90/100|[from] item: Leftovers
|upkeep
|turn|18
|
|t:|1779576428
|move|p2a: Blissey|Soft-Boiled|p2a: Blissey
|-heal|p2a: Blissey|83/100
|move|p1a: Ting-Lu|Earthquake|p2a: Blissey
|-damage|p2a: Blissey|57/100
|
|-heal|p1a: Ting-Lu|96/100|[from] item: Leftovers
|upkeep
|turn|19
|
|t:|1779576434
|move|p2a: Blissey|Soft-Boiled|p2a: Blissey
|-heal|p2a: Blissey|100/100
|move|p1a: Ting-Lu|Whirlwind|p2a: Blissey
|drag|p2a: Corviknight|Corviknight, F|100/100
|-ability|p2a: Corviknight|Pressure
|
|-heal|p1a: Ting-Lu|100/100|[from] item: Leftovers
|upkeep
|turn|20
|
|t:|1779576442
|move|p2a: Corviknight|U-turn|p1a: Ting-Lu
|-supereffective|p1a: Ting-Lu
|-damage|p1a: Ting-Lu|84/100
|
|t:|1779576446
|switch|p2a: Blissey|Blissey, F|100/100|[from] U-turn
|move|p1a: Ting-Lu|Whirlwind|p2a: Blissey
|drag|p2a: Corviknight|Corviknight, F|100/100
|-ability|p2a: Corviknight|Pressure
|
|-heal|p1a: Ting-Lu|90/100|[from] item: Leftovers
|upkeep
|turn|21
|
|t:|1779576451
|move|p2a: Corviknight|U-turn|p1a: Ting-Lu
|-supereffective|p1a: Ting-Lu
|-damage|p1a: Ting-Lu|74/100
|
|t:|1779576455
|switch|p2a: Blissey|Blissey, F|100/100|[from] U-turn
|move|p1a: Ting-Lu|Ruination|p2a: Blissey|[miss]
|-miss|p1a: Ting-Lu|p2a: Blissey
|
|-heal|p1a: Ting-Lu|80/100|[from] item: Leftovers
|upkeep
|turn|22
|
|t:|1779576459
|move|p2a: Blissey|Seismic Toss|p1a: Ting-Lu
|-damage|p1a: Ting-Lu|60/100
|move|p1a: Ting-Lu|Ruination|p2a: Blissey
|-damage|p2a: Blissey|50/100
|
|-heal|p1a: Ting-Lu|67/100|[from] item: Leftovers
|upkeep
|turn|23
|
|t:|1779576463
|move|p2a: Blissey|Soft-Boiled|p2a: Blissey
|-heal|p2a: Blissey|100/100
|move|p1a: Ting-Lu|Ruination|p2a: Blissey
|-damage|p2a: Blissey|50/100
|
|-heal|p1a: Ting-Lu|73/100|[from] item: Leftovers
|upkeep
|turn|24
|
|t:|1779576473
|move|p2a: Blissey|Soft-Boiled|p2a: Blissey
|-heal|p2a: Blissey|100/100
|move|p1a: Ting-Lu|Ruination|p2a: Blissey
|-damage|p2a: Blissey|50/100
|
|-heal|p1a: Ting-Lu|79/100|[from] item: Leftovers
|upkeep
|turn|25
|
|t:|1779576483
|move|p2a: Blissey|Soft-Boiled|p2a: Blissey
|-heal|p2a: Blissey|100/100
|move|p1a: Ting-Lu|Ruination|p2a: Blissey
|-damage|p2a: Blissey|50/100
|
|-heal|p1a: Ting-Lu|85/100|[from] item: Leftovers
|upkeep
|turn|26
|
|t:|1779576488
|move|p2a: Blissey|Seismic Toss|p1a: Ting-Lu
|-damage|p1a: Ting-Lu|66/100
|move|p1a: Ting-Lu|Ruination|p2a: Blissey
|-damage|p2a: Blissey|25/100
|
|-heal|p1a: Ting-Lu|72/100|[from] item: Leftovers
|upkeep
|turn|27
|
|t:|1779576493
|move|p2a: Blissey|Soft-Boiled|p2a: Blissey
|-heal|p2a: Blissey|75/100
|move|p1a: Ting-Lu|Ruination|p2a: Blissey
|-damage|p2a: Blissey|38/100
|
|-heal|p1a: Ting-Lu|78/100|[from] item: Leftovers
|upkeep
|turn|28
|
|t:|1779576504
|move|p2a: Blissey|Seismic Toss|p1a: Ting-Lu
|-damage|p1a: Ting-Lu|59/100
|move|p1a: Ting-Lu|Whirlwind|p2a: Blissey
|drag|p2a: Corviknight|Corviknight, F|100/100
|-ability|p2a: Corviknight|Pressure
|
|-heal|p1a: Ting-Lu|65/100|[from] item: Leftovers
|upkeep
|turn|29
|
|t:|1779576514
|move|p2a: Corviknight|U-turn|p1a: Ting-Lu
|-supereffective|p1a: Ting-Lu
|-damage|p1a: Ting-Lu|49/100
|
|t:|1779576527
|switch|p2a: Blissey|Blissey, F|38/100|[from] U-turn
|move|p1a: Ting-Lu|Ruination|p2a: Blissey
|-damage|p2a: Blissey|19/100
|
|-heal|p1a: Ting-Lu|55/100|[from] item: Leftovers
|upkeep
|turn|30
|
|t:|1779576540
|move|p2a: Blissey|Soft-Boiled|p2a: Blissey
|-heal|p2a: Blissey|69/100
|move|p1a: Ting-Lu|Earthquake|p2a: Blissey
|-damage|p2a: Blissey|43/100
|
|-heal|p1a: Ting-Lu|61/100|[from] item: Leftovers
|upkeep
|turn|31
|
|t:|1779576553
|move|p2a: Blissey|Seismic Toss|p1a: Ting-Lu
|-damage|p1a: Ting-Lu|42/100
|move|p1a: Ting-Lu|Whirlwind|p2a: Blissey
|drag|p2a: Corviknight|Corviknight, F|100/100
|-ability|p2a: Corviknight|Pressure
|
|-heal|p1a: Ting-Lu|48/100|[from] item: Leftovers
|upkeep
|turn|32
|
|t:|1779576566
|move|p2a: Corviknight|U-turn|p1a: Ting-Lu
|-supereffective|p1a: Ting-Lu
|-damage|p1a: Ting-Lu|32/100
|
|t:|1779576579
|switch|p2a: Blissey|Blissey, F|43/100|[from] U-turn
|move|p1a: Ting-Lu|Ruination|p2a: Blissey
|-damage|p2a: Blissey|22/100
|
|-heal|p1a: Ting-Lu|38/100|[from] item: Leftovers
|upkeep
|turn|33
|
|t:|1779576593
|move|p2a: Blissey|Seismic Toss|p1a: Ting-Lu
|-damage|p1a: Ting-Lu|19/100
|move|p1a: Ting-Lu|Earthquake|p2a: Blissey
|-damage|p2a: Blissey|0 fnt
|faint|p2a: Blissey
|
|-heal|p1a: Ting-Lu|25/100|[from] item: Leftovers
|upkeep
|
|t:|1779576606
|switch|p2a: Pecharunt|Pecharunt|87/100
|turn|34
|
|t:|1779576619
|move|p2a: Pecharunt|Parting Shot|p1a: Ting-Lu
|-unboost|p1a: Ting-Lu|atk|1
|-unboost|p1a: Ting-Lu|spa|1
|inactive|claudechamp has 120 seconds left.
|
|t:|1779576632
|switch|p2a: Corviknight|Corviknight, F|100/100|[from] Parting Shot
|-ability|p2a: Corviknight|Pressure
|move|p1a: Ting-Lu|Ruination|p2a: Corviknight
|-damage|p2a: Corviknight|51/100
|
|-heal|p1a: Ting-Lu|31/100|[from] item: Leftovers
|upkeep
|turn|35
|inactive|claudechamp has 120 seconds left.
|
|t:|1779576645
|switch|p1a: Primarina|Primarina, M|100/100
|-damage|p1a: Primarina|84/100|[from] Spikes
|-damage|p1a: Primarina|72/100|[from] Stealth Rock
|move|p2a: Corviknight|Roost|p2a: Corviknight
|-heal|p2a: Corviknight|100/100
|-singleturn|p2a: Corviknight|move: Roost
|
|upkeep
|turn|36
|inactive|claudechamp has 120 seconds left.
|
|t:|1779576658
|move|p2a: Corviknight|U-turn|p1a: Primarina
|-resisted|p1a: Primarina
|-damage|p1a: Primarina|62/100
|inactive|claudechamp has 120 seconds left.
|
|t:|1779576671
|switch|p2a: Pecharunt|Pecharunt|87/100|[from] U-turn
|move|p1a: Primarina|Surf|p2a: Pecharunt
|-damage|p2a: Pecharunt|37/100
|
|upkeep
|turn|37
|inactive|claudechamp has 120 seconds left.
|
|t:|1779576684
|-terastallize|p1a: Primarina|Poison
|move|p2a: Pecharunt|Recover|p2a: Pecharunt
|-heal|p2a: Pecharunt|87/100
|move|p1a: Primarina|Surf|p2a: Pecharunt
|-damage|p2a: Pecharunt|32/100
|
|upkeep
|turn|38
|inactive|claudechamp has 120 seconds left.
|
|t:|1779576689
|move|p2a: Pecharunt|Foul Play|p1a: Primarina
|-damage|p1a: Primarina|42/100
|move|p1a: Primarina|Surf|p2a: Pecharunt
|-damage|p2a: Pecharunt|0 fnt
|faint|p2a: Pecharunt
|
|upkeep
|inactive|claudechamp has 120 seconds left.
|
|t:|1779576694
|switch|p2a: Gliscor|Gliscor, M|15/100 tox
|-damage|p2a: Gliscor|2/100 tox|[from] Stealth Rock
|turn|39
|
|t:|1779576704
|move|p2a: Gliscor|Earthquake|p1a: Primarina
|-supereffective|p1a: Primarina
|-damage|p1a: Primarina|0 fnt
|faint|p1a: Primarina
|
|-heal|p2a: Gliscor|15/100 tox|[from] ability: Poison Heal
|upkeep
|
|t:|1779576706
|switch|p1a: Zamazenta|Zamazenta|100/100
|-damage|p1a: Zamazenta|84/100|[from] Spikes
|-damage|p1a: Zamazenta|78/100|[from] Stealth Rock
|-ability|p1a: Zamazenta|Dauntless Shield|boost
|-boost|p1a: Zamazenta|def|1
|turn|40
|
|t:|1779576711
|move|p2a: Gliscor|Earthquake|p1a: Zamazenta
|-damage|p1a: Zamazenta|60/100
|move|p1a: Zamazenta|Roar|p2a: Gliscor
|drag|p2a: Corviknight|Corviknight, F|100/100
|-ability|p2a: Corviknight|Pressure
|
|-heal|p1a: Zamazenta|66/100|[from] item: Leftovers
|upkeep
|turn|41
|
|t:|1779576716
|move|p1a: Zamazenta|Iron Defense|p1a: Zamazenta
|-boost|p1a: Zamazenta|def|2
|move|p2a: Corviknight|U-turn|p1a: Zamazenta
|-resisted|p1a: Zamazenta
|-damage|p1a: Zamazenta|64/100
|
|t:|1779576729
|switch|p2a: Gliscor|Gliscor, M|15/100 tox|[from] U-turn
|-damage|p2a: Gliscor|2/100 tox|[from] Stealth Rock
|
|-heal|p1a: Zamazenta|70/100|[from] item: Leftovers
|-heal|p2a: Gliscor|15/100 tox|[from] ability: Poison Heal
|upkeep
|turn|42
|
|t:|1779576742
|-terastallize|p2a: Gliscor|Ghost
|move|p1a: Zamazenta|Body Press|p2a: Gliscor
|-immune|p2a: Gliscor
|move|p2a: Gliscor|Toxic|p1a: Zamazenta
|-status|p1a: Zamazenta|tox
|
|-heal|p1a: Zamazenta|76/100 tox|[from] item: Leftovers
|-damage|p1a: Zamazenta|70/100 tox|[from] psn
|-heal|p2a: Gliscor|27/100 tox|[from] ability: Poison Heal
|upkeep
|turn|43
|
|t:|1779576750
|move|p2a: Gliscor|Earthquake|p1a: Zamazenta
|-damage|p1a: Zamazenta|60/100 tox
|move|p1a: Zamazenta|Roar|p2a: Gliscor
|drag|p2a: Corviknight|Corviknight, F|100/100
|-ability|p2a: Corviknight|Pressure
|
|-heal|p1a: Zamazenta|67/100 tox|[from] item: Leftovers
|-damage|p1a: Zamazenta|54/100 tox|[from] psn
|upkeep
|turn|44
|
|t:|1779576759
|move|p2a: Corviknight|U-turn|p1a: Zamazenta
|-resisted|p1a: Zamazenta
|-damage|p1a: Zamazenta|52/100 tox
|
|t:|1779576766
|switch|p2a: Gliscor|Gliscor, M, tera:Ghost|27/100 tox|[from] U-turn
|-damage|p2a: Gliscor|15/100 tox|[from] Stealth Rock
|move|p1a: Zamazenta|Roar|p2a: Gliscor
|drag|p2a: Corviknight|Corviknight, F|100/100
|-ability|p2a: Corviknight|Pressure
|
|-heal|p1a: Zamazenta|58/100 tox|[from] item: Leftovers
|-damage|p1a: Zamazenta|40/100 tox|[from] psn
|upkeep
|turn|45
|
|t:|1779576782
|move|p1a: Zamazenta|Body Press|p2a: Corviknight
|-damage|p2a: Corviknight|38/100
|move|p2a: Corviknight|U-turn|p1a: Zamazenta
|-resisted|p1a: Zamazenta
|-damage|p1a: Zamazenta|37/100 tox
|
|t:|1779576794
|switch|p2a: Gliscor|Gliscor, M, tera:Ghost|15/100 tox|[from] U-turn
|-damage|p2a: Gliscor|2/100 tox|[from] Stealth Rock
|
|-heal|p1a: Zamazenta|44/100 tox|[from] item: Leftovers
|-damage|p1a: Zamazenta|19/100 tox|[from] psn
|-heal|p2a: Gliscor|15/100 tox|[from] ability: Poison Heal
|upkeep
|turn|46
|
|t:|1779576807
|move|p1a: Zamazenta|Crunch|p2a: Gliscor
|-supereffective|p2a: Gliscor
|-damage|p2a: Gliscor|0 fnt
|faint|p2a: Gliscor
|
|-heal|p1a: Zamazenta|25/100 tox|[from] item: Leftovers
|-damage|p1a: Zamazenta|0 fnt|[from] psn
|faint|p1a: Zamazenta
|upkeep
|
|t:|1779576813
|switch|p1a: Raging Bolt|Raging Bolt|85/100
|switch|p2a: Corviknight|Corviknight, F|38/100
|-damage|p1a: Raging Bolt|69/100|[from] Spikes
|-damage|p1a: Raging Bolt|56/100|[from] Stealth Rock
|-ability|p2a: Corviknight|Pressure
|turn|47
|
|t:|1779576825
|move|p1a: Raging Bolt|Thunderbolt|p2a: Corviknight
|-supereffective|p2a: Corviknight
|-damage|p2a: Corviknight|0 fnt
|faint|p2a: Corviknight
|
|win|ieoapn
|raw|ieoapn's rating: 1188 &rarr; <strong>1219</strong><br />(+31 for winning)
|raw|claudechamp's rating: 1269 &rarr; <strong>1238</strong><br />(-31 for losing)
|c|☆claudechamp|gg
|l|☆ieoapn
|player|p1|
|l|☆claudechamp
|player|p2|
