|j|☆HokaHemat
|j|☆Tempt8
|t:|1779719319
|gametype|singles
|player|p1|HokaHemat|101|1040
|player|p2|Tempt8|pokemaniac|1101
|gen|9
|tier|[Gen 9] OU
|rated|
|rule|HP Percentage Mod: HP is shown in percentages
|rule|Endless Battle Clause: Forcing endless battles is banned
|rule|Species Clause: Limit one of each Pokémon
|rule|OHKO Clause: OHKO moves are banned
|rule|Evasion Items Clause: Evasion items are banned
|rule|Evasion Moves Clause: Evasion moves are banned
|rule|Evasion Abilities Clause: Evasion abilities are banned
|rule|Sleep Moves Clause: Sleep-inducing moves are banned
|clearpoke
|poke|p1|Kingambit, M|
|poke|p1|Staraptor, F|
|poke|p1|Ninetales, M|
|poke|p1|Rillaboom, F|
|poke|p1|Great Tusk|
|poke|p1|Clefable, F|
|poke|p2|Kommo-o, M|
|poke|p2|Kingambit, M|
|poke|p2|Glimmora, M|
|poke|p2|Ogerpon-Wellspring, F|
|poke|p2|Zapdos|
|poke|p2|Excadrill, F|
|teampreview
|
|t:|1779719327
|teamsize|p1|6
|teamsize|p2|6
|start
|switch|p1a: Staraptor|Staraptor, F|100/100
|switch|p2a: Glimmora|Glimmora, M|100/100
|-ability|p1a: Staraptor|Intimidate|boost
|-unboost|p2a: Glimmora|atk|1
|turn|1
|
|t:|1779719335
|move|p1a: Staraptor|Final Gambit|p2a: Glimmora
|-enditem|p2a: Glimmora|Focus Sash
|-damage|p2a: Glimmora|1/100
|faint|p1a: Staraptor
|move|p2a: Glimmora|Toxic Spikes|p1: Staraptor
|-sidestart|p1: HokaHemat|move: Toxic Spikes
|
|upkeep
|
|t:|1779719342
|switch|p1a: Clefable|Clefable, F|100/100
|-status|p1a: Clefable|psn
|turn|2
|
|t:|1779719346
|move|p2a: Glimmora|Spikes|p1a: Clefable
|-sidestart|p1: HokaHemat|Spikes
|move|p1a: Clefable|Moonblast|p2a: Glimmora
|-resisted|p2a: Glimmora
|-damage|p2a: Glimmora|0 fnt
|faint|p2a: Glimmora
|
|upkeep
|
|t:|1779719364
|switch|p2a: Excadrill|Excadrill, F|100/100
|turn|3
|
|t:|1779719370
|move|p2a: Excadrill|Iron Head|p1a: Clefable
|-supereffective|p1a: Clefable
|-damage|p1a: Clefable|29/100 psn
|move|p1a: Clefable|Thunder Wave|p2a: Excadrill
|-immune|p2a: Excadrill
|
|-heal|p1a: Clefable|35/100 psn|[from] item: Leftovers
|upkeep
|turn|4
|
|t:|1779719380
|switch|p1a: Rillaboom|Rillaboom, F|100/100
|-status|p1a: Rillaboom|psn
|-damage|p1a: Rillaboom|88/100 psn|[from] Spikes
|-fieldstart|move: Grassy Terrain|[from] ability: Grassy Surge|[of] p1a: Rillaboom
|move|p2a: Excadrill|Iron Head|p1a: Rillaboom
|-damage|p1a: Rillaboom|48/100 psn
|
|-heal|p1a: Rillaboom|54/100 psn|[from] Grassy Terrain
|-damage|p1a: Rillaboom|42/100 psn|[from] psn
|upkeep
|turn|5
|
|t:|1779719394
|switch|p2a: Zapdos|Zapdos, shiny|100/100
|move|p1a: Rillaboom|Grassy Glide|p2a: Zapdos
|-resisted|p2a: Zapdos
|-damage|p2a: Zapdos|65/100
|
|-heal|p1a: Rillaboom|48/100 psn|[from] Grassy Terrain
|-damage|p1a: Rillaboom|35/100 psn|[from] psn
|upkeep
|turn|6
|
|t:|1779719404
|switch|p1a: Ninetales|Ninetales, M|100/100
|-status|p1a: Ninetales|psn
|-damage|p1a: Ninetales|88/100 psn|[from] Spikes
|move|p2a: Zapdos|Brave Bird|p1a: Ninetales
|-damage|p1a: Ninetales|44/100 psn
|-damage|p2a: Zapdos|48/100|[from] item: Rocky Helmet|[of] p1a: Ninetales
|-damage|p2a: Zapdos|33/100|[from] Recoil
|
|-heal|p1a: Ninetales|50/100 psn|[from] Grassy Terrain
|-damage|p1a: Ninetales|37/100 psn|[from] psn
|upkeep
|turn|7
|
|t:|1779719418
|move|p2a: Zapdos|Thunderbolt|p1a: Ninetales
|-damage|p1a: Ninetales|0 fnt
|faint|p1a: Ninetales
|
|upkeep
|
|t:|1779719423
|switch|p1a: Great Tusk|Great Tusk|100/100
|-status|p1a: Great Tusk|psn
|-damage|p1a: Great Tusk|88/100 psn|[from] Spikes
|-enditem|p1a: Great Tusk|Booster Energy
|-activate|p1a: Great Tusk|ability: Protosynthesis|[fromitem]
|-start|p1a: Great Tusk|protosynthesisspe
|turn|8
|
|t:|1779719431
|move|p1a: Great Tusk|Rapid Spin|p2a: Zapdos
|-damage|p2a: Zapdos|13/100
|-boost|p1a: Great Tusk|spe|1
|-sideend|p1: HokaHemat|Spikes|[from] move: Rapid Spin|[of] p1a: Great Tusk
|-sideend|p1: HokaHemat|Toxic Spikes|[from] move: Rapid Spin|[of] p1a: Great Tusk
|move|p2a: Zapdos|Brave Bird|p1a: Great Tusk
|-supereffective|p1a: Great Tusk
|-damage|p1a: Great Tusk|36/100 psn
|-damage|p2a: Zapdos|0 fnt|[from] Recoil
|faint|p2a: Zapdos
|
|-heal|p1a: Great Tusk|42/100 psn|[from] Grassy Terrain
|-damage|p1a: Great Tusk|30/100 psn|[from] psn
|-fieldend|move: Grassy Terrain
|upkeep
|
|t:|1779719446
|switch|p2a: Ogerpon|Ogerpon-Wellspring, F|100/100
|turn|9
|
|t:|1779719454
|-end|p1a: Great Tusk|Protosynthesis|[silent]
|switch|p1a: Rillaboom|Rillaboom, F|35/100 psn
|-fieldstart|move: Grassy Terrain|[from] ability: Grassy Surge|[of] p1a: Rillaboom
|move|p2a: Ogerpon|Ivy Cudgel|p1a: Rillaboom|[anim] Ivy Cudgel Water
|-resisted|p1a: Rillaboom
|-damage|p1a: Rillaboom|6/100 psn
|
|-heal|p1a: Rillaboom|12/100 psn|[from] Grassy Terrain
|-damage|p1a: Rillaboom|0 fnt|[from] psn
|faint|p1a: Rillaboom
|upkeep
|
|t:|1779719465
|switch|p1a: Clefable|Clefable, F|35/100 psn
|turn|10
|
|t:|1779719468
|move|p2a: Ogerpon|Ivy Cudgel|p1a: Clefable|[anim] Ivy Cudgel Water
|-damage|p1a: Clefable|0 fnt
|faint|p1a: Clefable
|
|upkeep
|
|t:|1779719473
|switch|p1a: Great Tusk|Great Tusk|30/100 psn
|turn|11
|
|t:|1779719479
|move|p2a: Ogerpon|Ivy Cudgel|p1a: Great Tusk|[anim] Ivy Cudgel Water
|-supereffective|p1a: Great Tusk
|-damage|p1a: Great Tusk|0 fnt
|faint|p1a: Great Tusk
|-end|p1a: Great Tusk|Protosynthesis|[silent]
|
|upkeep
|
|t:|1779719483
|switch|p1a: Kingambit|Kingambit, M|100/100
|-activate|p1a: Kingambit|ability: Supreme Overlord
|-start|p1a: Kingambit|fallen5|[silent]
|turn|12
|
|t:|1779719491
|move|p2a: Ogerpon|Swords Dance|p2a: Ogerpon
|-boost|p2a: Ogerpon|atk|2
|move|p1a: Kingambit|Low Sweep|p2a: Ogerpon
|-damage|p2a: Ogerpon|57/100
|-unboost|p2a: Ogerpon|spe|1
|
|-heal|p2a: Ogerpon|63/100|[from] Grassy Terrain
|upkeep
|turn|13
|
|t:|1779719501
|-terastallize|p2a: Ogerpon|Water
|detailschange|p2a: Ogerpon|Ogerpon-Wellspring-Tera, F, tera:Water
|-ability|p2a: Ogerpon|Embody Aspect (Wellspring)|boost
|-boost|p2a: Ogerpon|spd|1
|move|p2a: Ogerpon|Ivy Cudgel|p1a: Kingambit|[anim] Ivy Cudgel Water
|-damage|p1a: Kingambit|0 fnt
|faint|p1a: Kingambit
|-end|p1a: Kingambit|fallen5|[silent]
|
|win|Tempt8
|raw|HokaHemat's rating: 1040 &rarr; <strong>1027</strong><br />(-13 for losing)
|raw|Tempt8's rating: 1101 &rarr; <strong>1122</strong><br />(+21 for winning)
