|j|☆aceman2798
|j|☆samohi0
|t:|1779611245
|gametype|singles
|player|p1|aceman2798|sada-ai|1625
|player|p2|samohi0|hoopster|1664
|gen|9
|tier|[Gen 9] OU
|rated|
|rule|HP Percentage Mod: HP is shown in percentages
|rule|Endless Battle Clause: Forcing endless battles is banned
|rule|Species Clause: Limit one of each Pokémon
|rule|OHKO Clause: OHKO moves are banned
|rule|Evasion Items Clause: Evasion items are banned
|rule|Evasion Moves Clause: Evasion moves are banned
|rule|Evasion Abilities Clause: Evasion abilities are banned
|rule|Sleep Moves Clause: Sleep-inducing moves are banned
|clearpoke
|poke|p1|Slither Wing|
|poke|p1|Ninetales, F|
|poke|p1|Raging Bolt|
|poke|p1|Dragapult, M|
|poke|p1|Great Tusk|
|poke|p1|Fezandipiti, M|
|poke|p2|Dragapult, M|
|poke|p2|Lokix, M|
|poke|p2|Alomomola, F|
|poke|p2|Great Tusk|
|poke|p2|Enamorus, F|
|poke|p2|Iron Crown|
|teampreview
|j| NoirSoumission
|
|t:|1779611289
|teamsize|p1|6
|teamsize|p2|6
|start
|switch|p1a: Ninetales|Ninetales, F|100/100
|switch|p2a: Dragapult|Dragapult, M|100/100
|-weather|SunnyDay|[from] ability: Drought|[of] p1a: Ninetales
|turn|1
|
|t:|1779611296
|switch|p1a: Fezandipiti|Fezandipiti, M|100/100
|move|p2a: Dragapult|U-turn|p1a: Fezandipiti
|-resisted|p1a: Fezandipiti
|-damage|p1a: Fezandipiti|92/100
|
|t:|1779611299
|switch|p2a: Iron Crown|Iron Crown|100/100|[from] U-turn
|
|-weather|SunnyDay|[upkeep]
|upkeep
|turn|2
|j| infopro play392
|
|t:|1779611318
|switch|p1a: Raging Bolt|Raging Bolt|100/100
|-activate|p1a: Raging Bolt|ability: Protosynthesis
|-start|p1a: Raging Bolt|protosynthesisspa
|move|p2a: Iron Crown|Tachyon Cutter|p1a: Raging Bolt
|-resisted|p1a: Raging Bolt
|-damage|p1a: Raging Bolt|82/100
|-resisted|p1a: Raging Bolt
|-damage|p1a: Raging Bolt|65/100
|-hitcount|p1a: Raging Bolt|2
|
|-weather|SunnyDay|[upkeep]
|upkeep
|turn|3
|
|t:|1779611348
|move|p2a: Iron Crown|Tachyon Cutter|p1a: Raging Bolt
|-resisted|p1a: Raging Bolt
|-damage|p1a: Raging Bolt|48/100
|-resisted|p1a: Raging Bolt
|-damage|p1a: Raging Bolt|31/100
|-hitcount|p1a: Raging Bolt|2
|move|p1a: Raging Bolt|Draco Meteor|p2a: Iron Crown
|-resisted|p2a: Iron Crown
|-damage|p2a: Iron Crown|20/100
|-unboost|p1a: Raging Bolt|spa|2
|
|-weather|SunnyDay|[upkeep]
|upkeep
|turn|4
|
|t:|1779611367
|-end|p2a: Iron Crown|Quark Drive|[silent]
|switch|p2a: Enamorus|Enamorus, F|100/100
|-end|p1a: Raging Bolt|Protosynthesis|[silent]
|switch|p1a: Ninetales|Ninetales, F|100/100
|
|-weather|SunnyDay|[upkeep]
|upkeep
|turn|5
|
|t:|1779611381
|switch|p1a: Fezandipiti|Fezandipiti, M|92/100
|move|p2a: Enamorus|Moonblast|p1a: Fezandipiti
|-resisted|p1a: Fezandipiti
|-damage|p1a: Fezandipiti|74/100
|
|-weather|SunnyDay|[upkeep]
|upkeep
|turn|6
|
|t:|1779611394
|switch|p2a: Iron Crown|Iron Crown|20/100
|move|p1a: Fezandipiti|U-turn|p2a: Iron Crown
|-damage|p2a: Iron Crown|0 fnt
|faint|p2a: Iron Crown
|-end|p2a: Iron Crown|Quark Drive|[silent]
|
|t:|1779611403
|switch|p1a: Slither Wing|Slither Wing|100/100|[from] U-turn
|-activate|p1a: Slither Wing|ability: Protosynthesis
|-start|p1a: Slither Wing|protosynthesisatk
|
|-weather|SunnyDay|[upkeep]
|upkeep
|
|t:|1779611427
|switch|p2a: Great Tusk|Great Tusk|100/100
|-activate|p2a: Great Tusk|ability: Protosynthesis
|-start|p2a: Great Tusk|protosynthesisatk
|turn|7
|
|t:|1779611435
|move|p2a: Great Tusk|Stealth Rock|p1a: Slither Wing
|-sidestart|p1: aceman2798|move: Stealth Rock
|move|p1a: Slither Wing|U-turn|p2a: Great Tusk
|-resisted|p2a: Great Tusk
|-damage|p2a: Great Tusk|70/100
|
|t:|1779611439
|-end|p1a: Slither Wing|Protosynthesis|[silent]
|switch|p1a: Great Tusk|Great Tusk|100/100|[from] U-turn
|-activate|p1a: Great Tusk|ability: Protosynthesis
|-start|p1a: Great Tusk|protosynthesisatk
|
|-weather|SunnyDay|[upkeep]
|upkeep
|turn|8
|
|t:|1779611449
|move|p2a: Great Tusk|Headlong Rush|p1a: Great Tusk
|-damage|p1a: Great Tusk|52/100
|-unboost|p2a: Great Tusk|def|1
|-unboost|p2a: Great Tusk|spd|1
|move|p1a: Great Tusk|Rapid Spin|p2a: Great Tusk
|-damage|p2a: Great Tusk|43/100
|-boost|p1a: Great Tusk|spe|1
|-sideend|p1: aceman2798|Stealth Rock|[from] move: Rapid Spin|[of] p1a: Great Tusk
|
|-weather|none
|-end|p1a: Great Tusk|Protosynthesis
|-end|p2a: Great Tusk|Protosynthesis
|upkeep
|turn|9
|
|t:|1779611456
|-end|p2a: Great Tusk|Protosynthesis|[silent]
|switch|p2a: Enamorus|Enamorus, F|100/100
|move|p1a: Great Tusk|Headlong Rush|p2a: Enamorus
|-immune|p2a: Enamorus
|
|upkeep
|turn|10
|
|t:|1779611462
|-end|p1a: Great Tusk|Protosynthesis|[silent]
|switch|p1a: Ninetales|Ninetales, F|100/100
|-weather|SunnyDay|[from] ability: Drought|[of] p1a: Ninetales
|move|p2a: Enamorus|Earth Power|p1a: Ninetales
|-supereffective|p1a: Ninetales
|-damage|p1a: Ninetales|34/100
|
|-weather|SunnyDay|[upkeep]
|upkeep
|turn|11
|
|t:|1779611465
|switch|p1a: Slither Wing|Slither Wing|100/100
|-activate|p1a: Slither Wing|ability: Protosynthesis
|-start|p1a: Slither Wing|protosynthesisatk
|move|p2a: Enamorus|Earth Power|p1a: Slither Wing
|-resisted|p1a: Slither Wing
|-damage|p1a: Slither Wing|84/100
|-unboost|p1a: Slither Wing|spd|1
|
|-weather|SunnyDay|[upkeep]
|upkeep
|turn|12
|
|t:|1779611472
|move|p2a: Enamorus|Earth Power|p1a: Slither Wing
|-resisted|p1a: Slither Wing
|-damage|p1a: Slither Wing|60/100
|-unboost|p1a: Slither Wing|spd|1
|move|p1a: Slither Wing|Close Combat|p2a: Enamorus
|-resisted|p2a: Enamorus
|-damage|p2a: Enamorus|47/100
|-unboost|p1a: Slither Wing|def|1
|-unboost|p1a: Slither Wing|spd|1
|
|-weather|SunnyDay|[upkeep]
|upkeep
|turn|13
|
|t:|1779611480
|switch|p2a: Dragapult|Dragapult, M|100/100
|move|p1a: Slither Wing|Close Combat|p2a: Dragapult
|-immune|p2a: Dragapult
|
|-weather|SunnyDay|[upkeep]
|upkeep
|turn|14
|
|t:|1779611484
|-end|p1a: Slither Wing|Protosynthesis|[silent]
|switch|p1a: Fezandipiti|Fezandipiti, M|74/100
|move|p2a: Dragapult|U-turn|p1a: Fezandipiti
|-resisted|p1a: Fezandipiti
|-damage|p1a: Fezandipiti|66/100
|
|t:|1779611495
|switch|p2a: Enamorus|Enamorus, F|47/100|[from] U-turn
|
|-weather|SunnyDay|[upkeep]
|upkeep
|turn|15
|
|t:|1779611502
|move|p2a: Enamorus|Earth Power|p1a: Fezandipiti
|-supereffective|p1a: Fezandipiti
|-damage|p1a: Fezandipiti|25/100
|move|p1a: Fezandipiti|Play Rough|p2a: Enamorus
|-damage|p2a: Enamorus|0 fnt
|faint|p2a: Enamorus
|
|-weather|SunnyDay|[upkeep]
|upkeep
|
|t:|1779611506
|switch|p2a: Lokix|Lokix, M|100/100
|turn|16
|
|t:|1779611518
|switch|p1a: Raging Bolt|Raging Bolt|31/100
|-activate|p1a: Raging Bolt|ability: Protosynthesis
|-start|p1a: Raging Bolt|protosynthesisspa
|move|p2a: Lokix|First Impression|p1a: Raging Bolt
|-damage|p1a: Raging Bolt|0 fnt
|faint|p1a: Raging Bolt
|-end|p1a: Raging Bolt|Protosynthesis|[silent]
|
|-weather|SunnyDay|[upkeep]
|upkeep
|
|t:|1779611524
|switch|p1a: Slither Wing|Slither Wing|60/100
|-activate|p1a: Slither Wing|ability: Protosynthesis
|-start|p1a: Slither Wing|protosynthesisatk
|turn|17
|
|t:|1779611529
|switch|p2a: Alomomola|Alomomola, F|100/100
|move|p1a: Slither Wing|U-turn|p2a: Alomomola
|-damage|p2a: Alomomola|48/100
|
|t:|1779611541
|-end|p1a: Slither Wing|Protosynthesis|[silent]
|switch|p1a: Dragapult|Dragapult, M|100/100|[from] U-turn
|
|-weather|none
|upkeep
|turn|18
|
|t:|1779611545
|-terastallize|p1a: Dragapult|Dragon
|move|p1a: Dragapult|Dragon Darts|p2a: Alomomola
|-damage|p2a: Alomomola|25/100
|-anim|p1a: Dragapult|Dragon Darts|p2a: Alomomola
|-damage|p2a: Alomomola|1/100
|-damage|p1a: Dragapult|91/100|[from] item: Life Orb
|move|p2a: Alomomola|Flip Turn|p1a: Dragapult
|-resisted|p1a: Dragapult
|-crit|p1a: Dragapult
|-damage|p1a: Dragapult|75/100
|
|t:|1779611551
|switch|p2a: Lokix|Lokix, M|100/100|[from] Flip Turn
|
|upkeep
|turn|19
|
|t:|1779611570
|switch|p1a: Fezandipiti|Fezandipiti, M|25/100
|move|p2a: Lokix|First Impression|p1a: Fezandipiti
|-resisted|p1a: Fezandipiti
|-damage|p1a: Fezandipiti|0 fnt
|faint|p1a: Fezandipiti
|
|upkeep
|
|t:|1779611574
|switch|p1a: Ninetales|Ninetales, F|34/100
|-weather|SunnyDay|[from] ability: Drought|[of] p1a: Ninetales
|turn|20
|inactive|Battle timer is ON: inactive players will automatically lose when time's up. (requested by samohi0)
|
|t:|1779611589
|switch|p2a: Alomomola|Alomomola, F|35/100
|move|p1a: Ninetales|Healing Wish|p1a: Ninetales
|faint|p1a: Ninetales
|
|-weather|SunnyDay|[upkeep]
|upkeep
|
|t:|1779611590
|switch|p1a: Slither Wing|Slither Wing|60/100
|-heal|p1a: Slither Wing|100/100|[from] move: Healing Wish
|-activate|p1a: Slither Wing|ability: Protosynthesis
|-start|p1a: Slither Wing|protosynthesisatk
|turn|21
|j| darkrat18
|
|t:|1779611595
|move|p1a: Slither Wing|U-turn|p2a: Alomomola
|-damage|p2a: Alomomola|0 fnt
|faint|p2a: Alomomola
|
|t:|1779611600
|-end|p1a: Slither Wing|Protosynthesis|[silent]
|switch|p1a: Dragapult|Dragapult, M, tera:Dragon|75/100|[from] U-turn
|
|-weather|SunnyDay|[upkeep]
|upkeep
|
|t:|1779611603
|switch|p2a: Lokix|Lokix, M|100/100
|turn|22
|
|t:|1779611611
|switch|p1a: Great Tusk|Great Tusk|52/100
|-activate|p1a: Great Tusk|ability: Protosynthesis
|-start|p1a: Great Tusk|protosynthesisatk
|move|p2a: Lokix|First Impression|p1a: Great Tusk
|-resisted|p1a: Great Tusk
|-damage|p1a: Great Tusk|8/100
|
|-weather|SunnyDay|[upkeep]
|upkeep
|turn|23
|
|t:|1779611620
|switch|p2a: Great Tusk|Great Tusk|43/100
|-activate|p2a: Great Tusk|ability: Protosynthesis
|-start|p2a: Great Tusk|protosynthesisatk
|move|p1a: Great Tusk|Rapid Spin|p2a: Great Tusk
|-damage|p2a: Great Tusk|26/100
|-boost|p1a: Great Tusk|spe|1
|
|-weather|SunnyDay|[upkeep]
|upkeep
|turn|24
|
|t:|1779611625
|move|p1a: Great Tusk|Headlong Rush|p2a: Great Tusk
|-damage|p2a: Great Tusk|0 fnt
|-unboost|p1a: Great Tusk|def|1
|-unboost|p1a: Great Tusk|spd|1
|faint|p2a: Great Tusk
|-end|p2a: Great Tusk|Protosynthesis|[silent]
|
|-weather|SunnyDay|[upkeep]
|upkeep
|
|t:|1779611632
|switch|p2a: Dragapult|Dragapult, M|100/100
|turn|25
|
|t:|1779611637
|move|p2a: Dragapult|Quick Attack|p1a: Great Tusk
|-damage|p1a: Great Tusk|0 fnt
|faint|p1a: Great Tusk
|-end|p1a: Great Tusk|Protosynthesis|[silent]
|
|-weather|SunnyDay|[upkeep]
|upkeep
|
|t:|1779611644
|switch|p1a: Dragapult|Dragapult, M, tera:Dragon|75/100
|turn|26
|
|t:|1779611651
|switch|p2a: Lokix|Lokix, M|100/100
|move|p1a: Dragapult|Dragon Darts|p2a: Lokix
|-damage|p2a: Lokix|45/100
|-anim|p1a: Dragapult|Dragon Darts|p2a: Lokix
|-damage|p2a: Lokix|0 fnt
|faint|p2a: Lokix
|-damage|p1a: Dragapult|65/100|[from] item: Life Orb
|
|-weather|SunnyDay|[upkeep]
|upkeep
|
|t:|1779611653
|switch|p2a: Dragapult|Dragapult, M|100/100
|turn|27
|
|t:|1779611657
|move|p2a: Dragapult|Dragon Darts|p1a: Dragapult
|-supereffective|p1a: Dragapult
|-damage|p1a: Dragapult|0 fnt
|faint|p1a: Dragapult
|
|-weather|none
|upkeep
|
|t:|1779611659
|switch|p1a: Slither Wing|Slither Wing|100/100
|turn|28
|
|t:|1779611666
|-terastallize|p2a: Dragapult|Dragon
|move|p2a: Dragapult|Dragon Darts|p1a: Slither Wing
|-damage|p1a: Slither Wing|34/100
|-anim|p2a: Dragapult|Dragon Darts|p1a: Slither Wing
|-damage|p1a: Slither Wing|0 fnt
|faint|p1a: Slither Wing
|-end|p1a: Slither Wing|Protosynthesis|[silent]
|
|win|samohi0
|raw|aceman2798's rating: 1625 &rarr; <strong>1607</strong><br />(-18 for losing)
|raw|samohi0's rating: 1664 &rarr; <strong>1682</strong><br />(+18 for winning)
|l|☆aceman2798
|player|p1|
|l|☆samohi0
|player|p2|
|l| NoirSoumission
