|j|☆Player UNOWN
|j|☆diegotrivium
|t:|1779691858
|gametype|singles
|player|p1|Player UNOWN|scientist-gen4|1151
|player|p2|diegotrivium|102|1129
|gen|9
|tier|[Gen 9] OU
|rated|
|rule|HP Percentage Mod: HP is shown in percentages
|rule|Endless Battle Clause: Forcing endless battles is banned
|rule|Species Clause: Limit one of each Pokémon
|rule|OHKO Clause: OHKO moves are banned
|rule|Evasion Items Clause: Evasion items are banned
|rule|Evasion Moves Clause: Evasion moves are banned
|rule|Evasion Abilities Clause: Evasion abilities are banned
|rule|Sleep Moves Clause: Sleep-inducing moves are banned
|clearpoke
|poke|p1|Tyranitar, M|
|poke|p1|Scizor, M|
|poke|p1|Flygon, F|
|poke|p1|Empoleon, M|
|poke|p1|Hippowdon, M|
|poke|p1|Sandy Shocks|
|poke|p2|Conkeldurr, M|
|poke|p2|Serperior, F|
|poke|p2|Rotom-Wash|
|poke|p2|Incineroar, F|
|poke|p2|Cloyster, M|
|poke|p2|Weezing-Galar, M|
|teampreview
|
|t:|1779691879
|teamsize|p1|6
|teamsize|p2|6
|start
|switch|p1a: Hippowdon|Hippowdon, M|100/100
|switch|p2a: Conkeldurr|Conkeldurr, M|100/100
|-weather|Sandstorm|[from] ability: Sand Stream|[of] p1a: Hippowdon
|turn|1
|
|t:|1779691888
|move|p1a: Hippowdon|Stealth Rock|p2a: Conkeldurr
|-sidestart|p2: diegotrivium|move: Stealth Rock
|move|p2a: Conkeldurr|Knock Off|p1a: Hippowdon
|-damage|p1a: Hippowdon|74/100
|-damage|p2a: Conkeldurr|84/100|[from] item: Rocky Helmet|[of] p1a: Hippowdon
|-enditem|p1a: Hippowdon|Rocky Helmet|[from] move: Knock Off|[of] p2a: Conkeldurr
|
|-weather|Sandstorm|[upkeep]
|-damage|p2a: Conkeldurr|78/100|[from] Sandstorm
|upkeep
|turn|2
|l|☆diegotrivium
|player|p2|
|j|☆diegotrivium
|player|p2|diegotrivium|102|
|
|t:|1779691914
|move|p2a: Conkeldurr|Drain Punch|p1a: Hippowdon
|-damage|p1a: Hippowdon|42/100
|-heal|p2a: Conkeldurr|97/100|[from] drain|[of] p1a: Hippowdon
|move|p1a: Hippowdon|Whirlwind|p2a: Conkeldurr
|drag|p2a: Rotom|Rotom-Wash|100/100
|-damage|p2a: Rotom|88/100|[from] Stealth Rock
|
|-weather|Sandstorm|[upkeep]
|-damage|p2a: Rotom|82/100|[from] Sandstorm
|-heal|p2a: Rotom|88/100|[from] item: Leftovers
|upkeep
|turn|3
|
|t:|1779691932
|-terastallize|p1a: Hippowdon|Water
|move|p2a: Rotom|Hydro Pump|p1a: Hippowdon
|-resisted|p1a: Hippowdon
|-damage|p1a: Hippowdon|19/100
|move|p1a: Hippowdon|Whirlwind|p2a: Rotom
|drag|p2a: Weezing|Weezing-Galar, M|100/100
|-ability|p2a: Weezing|Neutralizing Gas
|-damage|p2a: Weezing|88/100|[from] Stealth Rock
|
|-weather|Sandstorm|[upkeep]
|-damage|p2a: Weezing|82/100|[from] Sandstorm
|-damage|p1a: Hippowdon|13/100|[from] Sandstorm
|-heal|p2a: Weezing|88/100|[from] item: Black Sludge
|upkeep
|turn|4
|
|t:|1779691952
|switch|p1a: Flygon|Flygon, F|100/100
|move|p2a: Weezing|Strange Steam|p1a: Flygon
|-supereffective|p1a: Flygon
|-damage|p1a: Flygon|5/100
|
|-weather|Sandstorm|[upkeep]
|-damage|p2a: Weezing|82/100|[from] Sandstorm
|-heal|p2a: Weezing|88/100|[from] item: Black Sludge
|upkeep
|turn|5
|
|t:|1779691963
|move|p2a: Weezing|Protect|p2a: Weezing
|-singleturn|p2a: Weezing|Protect
|move|p1a: Flygon|Earthquake|p2a: Weezing
|-activate|p2a: Weezing|move: Protect
|
|-weather|none
|-heal|p2a: Weezing|94/100|[from] item: Black Sludge
|upkeep
|turn|6
|
|t:|1779691976
|-end|p2a: Weezing|ability: Neutralizing Gas
|switch|p2a: Rotom|Rotom-Wash|88/100
|-damage|p2a: Rotom|76/100|[from] Stealth Rock
|move|p1a: Flygon|Earthquake|p2a: Rotom
|-immune|p2a: Rotom|[from] ability: Levitate
|
|-heal|p2a: Rotom|82/100|[from] item: Leftovers
|upkeep
|turn|7
|
|t:|1779691990
|move|p1a: Flygon|Dragon Rush|p2a: Rotom
|-crit|p2a: Rotom
|-damage|p2a: Rotom|0 fnt
|faint|p2a: Rotom
|
|upkeep
|
|t:|1779692000
|switch|p2a: Conkeldurr|Conkeldurr, M|97/100
|-damage|p2a: Conkeldurr|91/100|[from] Stealth Rock
|turn|8
|
|t:|1779692005
|move|p2a: Conkeldurr|Mach Punch|p1a: Flygon
|-damage|p1a: Flygon|0 fnt
|faint|p1a: Flygon
|
|upkeep
|
|t:|1779692011
|switch|p1a: Empoleon|Empoleon, M|100/100
|turn|9
|l|☆diegotrivium
|player|p2|
|j|☆diegotrivium
|player|p2|diegotrivium|102|
|
|t:|1779692049
|switch|p1a: Hippowdon|Hippowdon, M, tera:Water|13/100
|-weather|Sandstorm|[from] ability: Sand Stream|[of] p1a: Hippowdon
|move|p2a: Conkeldurr|Drain Punch|p1a: Hippowdon
|-damage|p1a: Hippowdon|0 fnt
|-heal|p2a: Conkeldurr|99/100|[from] drain|[of] p1a: Hippowdon
|faint|p1a: Hippowdon
|
|-weather|Sandstorm|[upkeep]
|-damage|p2a: Conkeldurr|93/100|[from] Sandstorm
|upkeep
|
|t:|1779692065
|switch|p1a: Scizor|Scizor, M|100/100
|turn|10
|l|☆diegotrivium
|player|p2|
|j|☆diegotrivium
|player|p2|diegotrivium|102|
|
|t:|1779692091
|move|p1a: Scizor|Swords Dance|p1a: Scizor
|-boost|p1a: Scizor|atk|2
|move|p2a: Conkeldurr|Knock Off|p1a: Scizor
|-damage|p1a: Scizor|51/100
|-damage|p2a: Conkeldurr|76/100|[from] item: Rocky Helmet|[of] p1a: Scizor
|-enditem|p1a: Scizor|Rocky Helmet|[from] move: Knock Off|[of] p2a: Conkeldurr
|
|-weather|Sandstorm|[upkeep]
|-damage|p2a: Conkeldurr|70/100|[from] Sandstorm
|upkeep
|turn|11
|
|t:|1779692109
|move|p1a: Scizor|Bullet Punch|p2a: Conkeldurr
|-damage|p2a: Conkeldurr|3/100
|move|p2a: Conkeldurr|Drain Punch|p1a: Scizor
|-damage|p1a: Scizor|0 fnt
|-heal|p2a: Conkeldurr|24/100|[from] drain|[of] p1a: Scizor
|faint|p1a: Scizor
|
|-weather|Sandstorm|[upkeep]
|-damage|p2a: Conkeldurr|18/100|[from] Sandstorm
|upkeep
|
|t:|1779692121
|switch|p1a: Empoleon|Empoleon, M|100/100
|turn|12
|
|t:|1779692127
|move|p1a: Empoleon|Aqua Jet|p2a: Conkeldurr
|-damage|p2a: Conkeldurr|8/100
|move|p2a: Conkeldurr|Mach Punch|p1a: Empoleon
|-supereffective|p1a: Empoleon
|-damage|p1a: Empoleon|56/100
|-damage|p2a: Conkeldurr|0 fnt|[from] item: Rocky Helmet|[of] p1a: Empoleon
|faint|p2a: Conkeldurr
|
|-weather|Sandstorm|[upkeep]
|upkeep
|
|t:|1779692149
|switch|p2a: Cloyster|Cloyster, M|100/100
|-damage|p2a: Cloyster|76/100|[from] Stealth Rock
|turn|13
|
|t:|1779692157
|move|p2a: Cloyster|Shell Smash|p2a: Cloyster
|-unboost|p2a: Cloyster|def|1
|-unboost|p2a: Cloyster|spd|1
|-boost|p2a: Cloyster|atk|2
|-boost|p2a: Cloyster|spa|2
|-boost|p2a: Cloyster|spe|2
|move|p1a: Empoleon|Roost|p1a: Empoleon
|-heal|p1a: Empoleon|100/100
|-singleturn|p1a: Empoleon|move: Roost
|
|-weather|none
|upkeep
|turn|14
|l|☆diegotrivium
|player|p2|
|j|☆diegotrivium
|player|p2|diegotrivium|102|
|
|t:|1779692184
|switch|p1a: Sandy Shocks|Sandy Shocks|100/100
|move|p2a: Cloyster|Liquidation|p1a: Sandy Shocks
|-supereffective|p1a: Sandy Shocks
|-damage|p1a: Sandy Shocks|0 fnt
|-damage|p2a: Cloyster|59/100|[from] item: Rocky Helmet|[of] p1a: Sandy Shocks
|faint|p1a: Sandy Shocks
|-end|p1a: Sandy Shocks|Protosynthesis|[silent]
|
|upkeep
|
|t:|1779692194
|switch|p1a: Tyranitar|Tyranitar, M|100/100
|-weather|Sandstorm|[from] ability: Sand Stream|[of] p1a: Tyranitar
|turn|15
|
|t:|1779692214
|move|p2a: Cloyster|Liquidation|p1a: Tyranitar
|-supereffective|p1a: Tyranitar
|-damage|p1a: Tyranitar|0 fnt
|-damage|p2a: Cloyster|42/100|[from] item: Rocky Helmet|[of] p1a: Tyranitar
|faint|p1a: Tyranitar
|
|-weather|Sandstorm|[upkeep]
|-damage|p2a: Cloyster|36/100|[from] Sandstorm
|upkeep
|
|t:|1779692223
|switch|p1a: Empoleon|Empoleon, M|100/100
|turn|16
|
|t:|1779692242
|move|p2a: Cloyster|Liquidation|p1a: Empoleon
|-resisted|p1a: Empoleon
|-damage|p1a: Empoleon|68/100
|-damage|p2a: Cloyster|20/100|[from] item: Rocky Helmet|[of] p1a: Empoleon
|move|p1a: Empoleon|Surf|p2a: Cloyster
|-resisted|p2a: Cloyster
|-damage|p2a: Cloyster|0 fnt
|faint|p2a: Cloyster
|
|-weather|Sandstorm|[upkeep]
|upkeep
|
|t:|1779692261
|switch|p2a: Incineroar|Incineroar, F|100/100
|-ability|p2a: Incineroar|Intimidate|boost
|-unboost|p1a: Empoleon|atk|1
|-ability|p1a: Empoleon|Competitive|boost
|-boost|p1a: Empoleon|spa|2
|turn|17
|
|t:|1779692277
|move|p2a: Incineroar|Fake Out|p1a: Empoleon
|-resisted|p1a: Empoleon
|-crit|p1a: Empoleon
|-damage|p1a: Empoleon|60/100
|-damage|p2a: Incineroar|84/100|[from] item: Rocky Helmet|[of] p1a: Empoleon
|cant|p1a: Empoleon|flinch
|
|-weather|Sandstorm|[upkeep]
|-damage|p2a: Incineroar|78/100|[from] Sandstorm
|upkeep
|turn|18
|
|t:|1779692297
|move|p2a: Incineroar|Earthquake|p1a: Empoleon
|-supereffective|p1a: Empoleon
|-damage|p1a: Empoleon|13/100
|move|p1a: Empoleon|Surf|p2a: Incineroar
|-supereffective|p2a: Incineroar
|-damage|p2a: Incineroar|0 fnt
|faint|p2a: Incineroar
|
|-weather|Sandstorm|[upkeep]
|upkeep
|
|t:|1779692314
|switch|p2a: Serperior|Serperior, F|100/100
|-damage|p2a: Serperior|88/100|[from] Stealth Rock
|turn|19
|
|t:|1779692321
|move|p2a: Serperior|Leaf Storm|p1a: Empoleon
|-damage|p1a: Empoleon|0 fnt
|-boost|p2a: Serperior|spa|2
|faint|p1a: Empoleon
|-damage|p2a: Serperior|78/100|[from] item: Life Orb
|
|win|diegotrivium
|raw|Player UNOWN's rating: 1151 &rarr; <strong>1124</strong><br />(-27 for losing)
|raw|diegotrivium's rating: 1129 &rarr; <strong>1156</strong><br />(+27 for winning)
|l|☆Player UNOWN
|player|p1|
|l|☆diegotrivium
|player|p2|
