|j|☆Its NaCl
|j|☆hat40
|t:|1779662775
|gametype|singles
|player|p1|Its NaCl|flannery|1540
|player|p2|hat40|266|1566
|gen|9
|tier|[Gen 9] OU
|rated|
|rule|HP Percentage Mod: HP is shown in percentages
|rule|Endless Battle Clause: Forcing endless battles is banned
|rule|Species Clause: Limit one of each Pokémon
|rule|OHKO Clause: OHKO moves are banned
|rule|Evasion Items Clause: Evasion items are banned
|rule|Evasion Moves Clause: Evasion moves are banned
|rule|Evasion Abilities Clause: Evasion abilities are banned
|rule|Sleep Moves Clause: Sleep-inducing moves are banned
|clearpoke
|poke|p1|Iron Moth|
|poke|p1|Samurott-Hisui, F|
|poke|p1|Hydrapple, F|
|poke|p1|Landorus-Therian, M|
|poke|p1|Great Tusk|
|poke|p1|Gholdengo|
|poke|p2|Pelipper, F|
|poke|p2|Manaphy|
|poke|p2|Bruxish, M|
|poke|p2|Overqwil, M|
|poke|p2|Iron Treads|
|poke|p2|Raging Bolt|
|teampreview
|
|t:|1779662785
|teamsize|p1|6
|teamsize|p2|6
|start
|switch|p1a: Samurott|Samurott-Hisui, F|100/100
|switch|p2a: Pelipper|Pelipper, F|100/100
|-weather|RainDance|[from] ability: Drizzle|[of] p2a: Pelipper
|turn|1
|inactive|Battle timer is ON: inactive players will automatically lose when time's up. (requested by Its NaCl)
|
|t:|1779662792
|move|p1a: Samurott|Knock Off|p2a: Pelipper
|-damage|p2a: Pelipper|66/100
|-enditem|p2a: Pelipper|Damp Rock|[from] move: Knock Off|[of] p1a: Samurott
|move|p2a: Pelipper|U-turn|p1a: Samurott
|-supereffective|p1a: Samurott
|-crit|p1a: Samurott
|-damage|p1a: Samurott|74/100
|
|t:|1779662805
|switch|p2a: Overqwil|Overqwil, M|100/100|[from] U-turn
|
|-weather|RainDance|[upkeep]
|upkeep
|turn|2
|
|t:|1779662821
|switch|p1a: Gholdengo|Gholdengo|100/100
|move|p2a: Overqwil|Gunk Shot|p1a: Gholdengo
|-immune|p1a: Gholdengo
|
|-weather|RainDance|[upkeep]
|upkeep
|turn|3
|
|t:|1779662827
|switch|p1a: Hydrapple|Hydrapple, F|100/100
|move|p2a: Overqwil|Crunch|p1a: Hydrapple
|-crit|p1a: Hydrapple
|-damage|p1a: Hydrapple|57/100
|-unboost|p1a: Hydrapple|def|1
|-damage|p2a: Overqwil|84/100|[from] item: Rocky Helmet|[of] p1a: Hydrapple
|-damage|p2a: Overqwil|74/100|[from] item: Life Orb
|
|-weather|RainDance|[upkeep]
|upkeep
|turn|4
|inactive|Its NaCl has 120 seconds left.
|
|t:|1779662865
|switch|p1a: Landorus|Landorus-Therian, M|100/100
|-ability|p1a: Landorus|Intimidate|boost
|-unboost|p2a: Overqwil|atk|1
|move|p2a: Overqwil|Gunk Shot|p1a: Landorus
|-resisted|p1a: Landorus
|-damage|p1a: Landorus|74/100
|-status|p1a: Landorus|psn
|-damage|p2a: Overqwil|64/100|[from] item: Life Orb
|
|-weather|RainDance|[upkeep]
|-damage|p1a: Landorus|61/100 psn|[from] psn
|upkeep
|turn|5
|inactive|Its NaCl has 120 seconds left.
|
|t:|1779662875
|switch|p2a: Pelipper|Pelipper, F|66/100
|switch|p1a: Hydrapple|Hydrapple, F|91/100
|
|-weather|RainDance|[upkeep]
|upkeep
|turn|6
|inactive|Its NaCl has 120 seconds left.
|
|t:|1779662882
|switch|p1a: Samurott|Samurott-Hisui, F|74/100
|move|p2a: Pelipper|Hurricane|p1a: Samurott
|-damage|p1a: Samurott|50/100
|-start|p1a: Samurott|confusion
|
|-weather|RainDance|[upkeep]
|upkeep
|turn|7
|
|t:|1779662887
|-activate|p1a: Samurott|confusion
|move|p1a: Samurott|Ceaseless Edge|p2a: Pelipper
|-damage|p2a: Pelipper|36/100
|-sidestart|p2: hat40|Spikes
|move|p2a: Pelipper|U-turn|p1a: Samurott
|-supereffective|p1a: Samurott
|-damage|p1a: Samurott|31/100
|
|t:|1779662896
|switch|p2a: Overqwil|Overqwil, M|64/100|[from] U-turn
|-damage|p2a: Overqwil|52/100|[from] Spikes
|
|-weather|RainDance|[upkeep]
|upkeep
|turn|8
|
|t:|1779662908
|move|p2a: Overqwil|Gunk Shot|p1a: Samurott
|-damage|p1a: Samurott|0 fnt
|faint|p1a: Samurott
|-damage|p2a: Overqwil|42/100|[from] item: Life Orb
|
|-weather|none
|upkeep
|
|t:|1779662919
|switch|p1a: Iron Moth|Iron Moth|100/100
|-enditem|p1a: Iron Moth|Booster Energy
|-activate|p1a: Iron Moth|ability: Quark Drive|[fromitem]
|-start|p1a: Iron Moth|quarkdrivespa
|turn|9
|
|t:|1779662924
|switch|p2a: Pelipper|Pelipper, F|36/100
|-weather|RainDance|[from] ability: Drizzle|[of] p2a: Pelipper
|move|p1a: Iron Moth|Substitute|p1a: Iron Moth
|-start|p1a: Iron Moth|Substitute
|-damage|p1a: Iron Moth|76/100
|
|-weather|RainDance|[upkeep]
|upkeep
|turn|10
|
|t:|1779662929
|move|p1a: Iron Moth|Sludge Wave|p2a: Pelipper
|-damage|p2a: Pelipper|0 fnt
|faint|p2a: Pelipper
|
|-weather|RainDance|[upkeep]
|upkeep
|
|t:|1779662931
|switch|p2a: Overqwil|Overqwil, M|42/100
|-damage|p2a: Overqwil|30/100|[from] Spikes
|turn|11
|
|t:|1779662938
|move|p2a: Overqwil|Liquidation|p1a: Iron Moth
|-supereffective|p1a: Iron Moth
|-end|p1a: Iron Moth|Substitute
|-damage|p2a: Overqwil|20/100|[from] item: Life Orb
|move|p1a: Iron Moth|Dazzling Gleam|p2a: Overqwil
|-damage|p2a: Overqwil|0 fnt
|faint|p2a: Overqwil
|
|-weather|RainDance|[upkeep]
|upkeep
|
|t:|1779662941
|switch|p2a: Bruxish|Bruxish, M|100/100
|-damage|p2a: Bruxish|88/100|[from] Spikes
|turn|12
|
|t:|1779662959
|-end|p1a: Iron Moth|Quark Drive|[silent]
|switch|p1a: Hydrapple|Hydrapple, F|100/100
|move|p2a: Bruxish|Wave Crash|p1a: Hydrapple
|-resisted|p1a: Hydrapple
|-damage|p1a: Hydrapple|88/100
|-damage|p2a: Bruxish|72/100|[from] item: Rocky Helmet|[of] p1a: Hydrapple
|-damage|p2a: Bruxish|66/100|[from] Recoil
|
|-weather|RainDance|[upkeep]
|upkeep
|turn|13
|
|t:|1779662973
|switch|p2a: Iron Treads|Iron Treads|100/100
|-damage|p2a: Iron Treads|88/100|[from] Spikes
|-enditem|p2a: Iron Treads|Booster Energy
|-activate|p2a: Iron Treads|ability: Quark Drive|[fromitem]
|-start|p2a: Iron Treads|quarkdrivespe
|move|p1a: Hydrapple|Nasty Plot|p1a: Hydrapple
|-boost|p1a: Hydrapple|spa|2
|
|-weather|none
|upkeep
|turn|14
|
|t:|1779662987
|move|p2a: Iron Treads|Rapid Spin|p1a: Hydrapple
|-damage|p1a: Hydrapple|81/100
|-boost|p2a: Iron Treads|spe|1
|-damage|p2a: Iron Treads|71/100|[from] item: Rocky Helmet|[of] p1a: Hydrapple
|-sideend|p2: hat40|Spikes|[from] move: Rapid Spin|[of] p2a: Iron Treads
|move|p1a: Hydrapple|Giga Drain|p2a: Iron Treads
|-damage|p2a: Iron Treads|9/100
|-heal|p1a: Hydrapple|100/100|[from] drain|[of] p2a: Iron Treads
|
|upkeep
|turn|15
|
|t:|1779662996
|move|p2a: Iron Treads|Stealth Rock|p1a: Hydrapple
|-sidestart|p1: Its NaCl|move: Stealth Rock
|move|p1a: Hydrapple|Giga Drain|p2a: Iron Treads
|-damage|p2a: Iron Treads|0 fnt
|faint|p2a: Iron Treads
|-end|p2a: Iron Treads|Quark Drive|[silent]
|
|upkeep
|
|t:|1779662999
|switch|p2a: Raging Bolt|Raging Bolt|100/100
|-enditem|p2a: Raging Bolt|Booster Energy
|-activate|p2a: Raging Bolt|ability: Protosynthesis|[fromitem]
|-start|p2a: Raging Bolt|protosynthesisspa
|turn|16
|
|t:|1779663006
|-terastallize|p1a: Hydrapple|Steel
|move|p2a: Raging Bolt|Dragon Pulse|p1a: Hydrapple
|-resisted|p1a: Hydrapple
|-damage|p1a: Hydrapple|68/100
|move|p1a: Hydrapple|Fickle Beam|p2a: Raging Bolt
|-supereffective|p2a: Raging Bolt
|-damage|p2a: Raging Bolt|0 fnt
|faint|p2a: Raging Bolt
|-end|p2a: Raging Bolt|Protosynthesis|[silent]
|
|upkeep
|
|t:|1779663013
|switch|p2a: Bruxish|Bruxish, M|66/100
|turn|17
|
|t:|1779663016
|move|p2a: Bruxish|Wave Crash|p1a: Hydrapple
|-damage|p1a: Hydrapple|39/100
|-damage|p2a: Bruxish|49/100|[from] item: Rocky Helmet|[of] p1a: Hydrapple
|-damage|p2a: Bruxish|34/100|[from] Recoil
|move|p1a: Hydrapple|Giga Drain|p2a: Bruxish
|-supereffective|p2a: Bruxish
|-damage|p2a: Bruxish|0 fnt
|-heal|p1a: Hydrapple|50/100|[from] drain|[of] p2a: Bruxish
|faint|p2a: Bruxish
|
|upkeep
|
|t:|1779663018
|switch|p2a: Manaphy|Manaphy|100/100
|turn|18
|
|t:|1779663020
|move|p2a: Manaphy|Surf|p1a: Hydrapple
|-damage|p1a: Hydrapple|4/100
|move|p1a: Hydrapple|Giga Drain|p2a: Manaphy
|-supereffective|p2a: Manaphy
|-damage|p2a: Manaphy|0 fnt
|-heal|p1a: Hydrapple|46/100|[from] drain|[of] p2a: Manaphy
|faint|p2a: Manaphy
|
|win|Its NaCl
|raw|Its NaCl's rating: 1540 &rarr; <strong>1561</strong><br />(+21 for winning)
|raw|hat40's rating: 1566 &rarr; <strong>1545</strong><br />(-21 for losing)
|l|☆hat40
|player|p2|
|l|☆Its NaCl
|player|p1|
