|j|☆cuentaonocuenta
|j|☆bvcnmkor85471
|t:|1779590588
|gametype|singles
|player|p1|cuentaonocuenta|sage|1286
|player|p2|bvcnmkor85471|266|1246
|gen|9
|tier|[Gen 9] OU
|rated|
|rule|HP Percentage Mod: HP is shown in percentages
|rule|Endless Battle Clause: Forcing endless battles is banned
|rule|Species Clause: Limit one of each Pokémon
|rule|OHKO Clause: OHKO moves are banned
|rule|Evasion Items Clause: Evasion items are banned
|rule|Evasion Moves Clause: Evasion moves are banned
|rule|Evasion Abilities Clause: Evasion abilities are banned
|rule|Sleep Moves Clause: Sleep-inducing moves are banned
|clearpoke
|poke|p1|Glimmora, F|
|poke|p1|Ceruledge, F|
|poke|p1|Iron Crown|
|poke|p1|Lokix, F|
|poke|p1|Ogerpon-Wellspring, F|
|poke|p1|Iron Moth|
|poke|p2|Tyranitar, F|
|poke|p2|Houndstone, F|
|poke|p2|Tornadus-Therian, M|
|poke|p2|Sandslash, F|
|poke|p2|Tsareena, F|
|poke|p2|Rotom-Wash|
|teampreview
|inactive|Battle timer is ON: inactive players will automatically lose when time's up. (requested by cuentaonocuenta)
|inactive|cuentaonocuenta has 120 seconds left.
|
|t:|1779590628
|teamsize|p1|6
|teamsize|p2|6
|start
|switch|p1a: Ogerpon|Ogerpon-Wellspring, F|100/100
|switch|p2a: Tyranitar|Tyranitar, F|100/100
|-weather|Sandstorm|[from] ability: Sand Stream|[of] p2a: Tyranitar
|turn|1
|
|t:|1779590649
|switch|p2a: Rotom|Rotom-Wash|100/100
|move|p1a: Ogerpon|U-turn|p2a: Rotom
|-damage|p2a: Rotom|72/100
|
|t:|1779590660
|switch|p1a: Glimmora|Glimmora, F|100/100|[from] U-turn
|
|-weather|Sandstorm|[upkeep]
|-damage|p2a: Rotom|65/100|[from] Sandstorm
|-heal|p2a: Rotom|72/100|[from] item: Leftovers
|upkeep
|turn|2
|
|t:|1779590671
|switch|p2a: Tyranitar|Tyranitar, F|100/100
|move|p1a: Glimmora|Mortal Spin|p2a: Tyranitar
|-resisted|p2a: Tyranitar
|-damage|p2a: Tyranitar|99/100
|-status|p2a: Tyranitar|psn
|
|-weather|Sandstorm|[upkeep]
|-damage|p2a: Tyranitar|86/100 psn|[from] psn
|upkeep
|turn|3
|
|t:|1779590695
|switch|p1a: Ceruledge|Ceruledge, F|100/100
|switch|p2a: Sandslash|Sandslash, F|100/100
|
|-weather|Sandstorm|[upkeep]
|-damage|p1a: Ceruledge|94/100|[from] Sandstorm
|upkeep
|turn|4
|
|t:|1779590714
|switch|p1a: Glimmora|Glimmora, F|100/100
|move|p2a: Sandslash|Earthquake|p1a: Glimmora
|-supereffective|p1a: Glimmora
|-crit|p1a: Glimmora
|-enditem|p1a: Glimmora|Focus Sash
|-damage|p1a: Glimmora|1/100
|-activate|p1a: Glimmora|ability: Toxic Debris
|-sidestart|p2: bvcnmkor85471|move: Toxic Spikes
|-damage|p2a: Sandslash|91/100|[from] item: Life Orb
|
|-weather|Sandstorm|[upkeep]
|upkeep
|turn|5
|
|t:|1779590731
|-terastallize|p1a: Glimmora|Ghost
|move|p2a: Sandslash|Rapid Spin|p1a: Glimmora
|-immune|p1a: Glimmora
|move|p1a: Glimmora|Mortal Spin|p2a: Sandslash
|-resisted|p2a: Sandslash
|-damage|p2a: Sandslash|87/100
|-status|p2a: Sandslash|psn
|
|-weather|Sandstorm|[upkeep]
|-damage|p1a: Glimmora|0 fnt|[from] Sandstorm
|faint|p1a: Glimmora
|-damage|p2a: Sandslash|75/100 psn|[from] psn
|upkeep
|inactive|cuentaonocuenta has 120 seconds left.
|
|t:|1779590749
|switch|p1a: Ceruledge|Ceruledge, F|94/100
|turn|6
|
|t:|1779590760
|move|p1a: Ceruledge|Shadow Sneak|p2a: Sandslash
|-damage|p2a: Sandslash|53/100 psn
|move|p2a: Sandslash|Earthquake|p1a: Ceruledge
|-supereffective|p1a: Ceruledge
|-damage|p1a: Ceruledge|0 fnt
|faint|p1a: Ceruledge
|-damage|p2a: Sandslash|43/100 psn|[from] item: Life Orb
|
|-weather|Sandstorm|[upkeep]
|-damage|p2a: Sandslash|31/100 psn|[from] psn
|upkeep
|
|t:|1779590767
|switch|p1a: Lokix|Lokix, F|100/100
|turn|7
|
|t:|1779590775
|switch|p2a: Rotom|Rotom-Wash|72/100
|move|p1a: Lokix|First Impression|p2a: Rotom
|-damage|p2a: Rotom|3/100
|
|-weather|Sandstorm|[upkeep]
|-damage|p1a: Lokix|94/100|[from] Sandstorm
|-damage|p2a: Rotom|0 fnt|[from] Sandstorm
|faint|p2a: Rotom
|upkeep
|
|t:|1779590784
|switch|p2a: Tsareena|Tsareena, F|100/100
|-status|p2a: Tsareena|psn
|turn|8
|
|t:|1779590790
|switch|p1a: Iron Crown|Iron Crown|100/100
|-enditem|p1a: Iron Crown|Booster Energy
|-activate|p1a: Iron Crown|ability: Quark Drive|[fromitem]
|-start|p1a: Iron Crown|quarkdrivespa
|move|p2a: Tsareena|Rapid Spin|p1a: Iron Crown
|-resisted|p1a: Iron Crown
|-damage|p1a: Iron Crown|91/100
|-boost|p2a: Tsareena|spe|1
|-sideend|p2: bvcnmkor85471|Toxic Spikes|[from] move: Rapid Spin|[of] p2a: Tsareena
|
|-weather|none
|-damage|p2a: Tsareena|88/100 psn|[from] psn
|upkeep
|turn|9
|
|t:|1779590800
|move|p1a: Iron Crown|Agility|p1a: Iron Crown
|-boost|p1a: Iron Crown|spe|2
|move|p2a: Tsareena|Low Kick|p1a: Iron Crown
|-damage|p1a: Iron Crown|50/100
|
|-heal|p2a: Tsareena|94/100 psn|[from] item: Leftovers
|-damage|p2a: Tsareena|82/100 psn|[from] psn
|upkeep
|turn|10
|
|t:|1779590814
|move|p1a: Iron Crown|Tachyon Cutter|p2a: Tsareena
|-damage|p2a: Tsareena|51/100 psn
|-damage|p2a: Tsareena|21/100 psn
|-hitcount|p2a: Tsareena|2
|move|p2a: Tsareena|Low Kick|p1a: Iron Crown
|-damage|p1a: Iron Crown|10/100
|
|-heal|p2a: Tsareena|27/100 psn|[from] item: Leftovers
|-damage|p2a: Tsareena|15/100 psn|[from] psn
|upkeep
|turn|11
|
|t:|1779590832
|move|p1a: Iron Crown|Psyshock|p2a: Tsareena
|-damage|p2a: Tsareena|0 fnt
|faint|p2a: Tsareena
|
|upkeep
|
|t:|1779590837
|switch|p2a: Houndstone|Houndstone, F|100/100
|turn|12
|
|t:|1779590843
|move|p2a: Houndstone|Shadow Sneak|p1a: Iron Crown
|-supereffective|p1a: Iron Crown
|-damage|p1a: Iron Crown|0 fnt
|faint|p1a: Iron Crown
|-end|p1a: Iron Crown|Quark Drive|[silent]
|
|upkeep
|
|t:|1779590854
|switch|p1a: Iron Moth|Iron Moth|100/100
|-enditem|p1a: Iron Moth|Booster Energy
|-activate|p1a: Iron Moth|ability: Quark Drive|[fromitem]
|-start|p1a: Iron Moth|quarkdrivespa
|turn|13
|
|t:|1779590866
|switch|p2a: Tyranitar|Tyranitar, F|86/100 psn
|-weather|Sandstorm|[from] ability: Sand Stream|[of] p2a: Tyranitar
|move|p1a: Iron Moth|Fiery Dance|p2a: Tyranitar
|-resisted|p2a: Tyranitar
|-damage|p2a: Tyranitar|69/100 psn
|-boost|p1a: Iron Moth|spa|1
|
|-weather|Sandstorm|[upkeep]
|-damage|p1a: Iron Moth|95/100|[from] Sandstorm
|-damage|p2a: Tyranitar|57/100 psn|[from] psn
|upkeep
|turn|14
|
|t:|1779590890
|move|p1a: Iron Moth|Energy Ball|p2a: Tyranitar
|-supereffective|p2a: Tyranitar
|-damage|p2a: Tyranitar|0 fnt
|faint|p2a: Tyranitar
|
|-weather|Sandstorm|[upkeep]
|-damage|p1a: Iron Moth|89/100|[from] Sandstorm
|upkeep
|
|t:|1779590895
|switch|p2a: Houndstone|Houndstone, F|100/100
|turn|15
|
|t:|1779590908
|switch|p2a: Tornadus|Tornadus-Therian, M|100/100
|move|p1a: Iron Moth|Fiery Dance|p2a: Tornadus
|-damage|p2a: Tornadus|33/100
|-boost|p1a: Iron Moth|spa|1
|
|-weather|Sandstorm|[upkeep]
|-damage|p2a: Tornadus|27/100|[from] Sandstorm
|-damage|p1a: Iron Moth|83/100|[from] Sandstorm
|upkeep
|turn|16
|
|t:|1779590913
|move|p2a: Tornadus|Heat Wave|p1a: Iron Moth
|-resisted|p1a: Iron Moth
|-damage|p1a: Iron Moth|68/100
|move|p1a: Iron Moth|Fiery Dance|p2a: Tornadus
|-damage|p2a: Tornadus|0 fnt
|-boost|p1a: Iron Moth|spa|1
|faint|p2a: Tornadus
|
|-weather|Sandstorm|[upkeep]
|-damage|p1a: Iron Moth|62/100|[from] Sandstorm
|upkeep
|
|t:|1779590916
|switch|p2a: Sandslash|Sandslash, F|31/100 psn
|turn|17
|
|t:|1779590943
|-end|p1a: Iron Moth|Quark Drive|[silent]
|switch|p1a: Ogerpon|Ogerpon-Wellspring, F|100/100
|move|p2a: Sandslash|Earthquake|p1a: Ogerpon
|-resisted|p1a: Ogerpon
|-damage|p1a: Ogerpon|62/100
|-damage|p2a: Sandslash|21/100 psn|[from] item: Life Orb
|
|-weather|Sandstorm|[upkeep]
|-damage|p1a: Ogerpon|56/100|[from] Sandstorm
|-damage|p2a: Sandslash|8/100 psn|[from] psn
|upkeep
|turn|18
|inactive|cuentaonocuenta has 120 seconds left.
|
|t:|1779590962
|move|p2a: Sandslash|Knock Off|p1a: Ogerpon
|-damage|p1a: Ogerpon|18/100
|-damage|p2a: Sandslash|0 fnt|[from] item: Life Orb
|faint|p2a: Sandslash
|move|p1a: Ogerpon|U-turn|p2: Sandslash|[notarget]
|-fail|p1a: Ogerpon
|
|-weather|Sandstorm|[upkeep]
|-damage|p1a: Ogerpon|12/100|[from] Sandstorm
|upkeep
|
|t:|1779590965
|switch|p2a: Houndstone|Houndstone, F|100/100
|turn|19
|
|t:|1779590978
|move|p2a: Houndstone|Shadow Sneak|p1a: Ogerpon
|-damage|p1a: Ogerpon|0 fnt
|faint|p1a: Ogerpon
|
|-weather|Sandstorm|[upkeep]
|upkeep
|
|t:|1779590988
|switch|p1a: Iron Moth|Iron Moth|62/100
|turn|20
|
|t:|1779590991
|-terastallize|p2a: Houndstone|Ghost
|move|p2a: Houndstone|Shadow Sneak|p1a: Iron Moth
|-damage|p1a: Iron Moth|4/100
|move|p1a: Iron Moth|Fiery Dance|p2a: Houndstone
|-damage|p2a: Houndstone|50/100
|
|-weather|none
|upkeep
|turn|21
|
|t:|1779591005
|move|p2a: Houndstone|Shadow Sneak|p1a: Iron Moth
|-damage|p1a: Iron Moth|0 fnt
|faint|p1a: Iron Moth
|-end|p1a: Iron Moth|Quark Drive|[silent]
|
|upkeep
|
|t:|1779591008
|switch|p1a: Lokix|Lokix, F|94/100
|turn|22
|
|t:|1779591020
|move|p2a: Houndstone|Shadow Sneak|p1a: Lokix
|-resisted|p1a: Lokix
|-damage|p1a: Lokix|68/100
|move|p1a: Lokix|Knock Off|p2a: Houndstone
|-supereffective|p2a: Houndstone
|-damage|p2a: Houndstone|0 fnt
|-enditem|p2a: Houndstone|Choice Band|[from] move: Knock Off|[of] p1a: Lokix
|faint|p2a: Houndstone
|
|win|cuentaonocuenta
|raw|cuentaonocuenta's rating: 1286 &rarr; <strong>1308</strong><br />(+22 for winning)
|raw|bvcnmkor85471's rating: 1246 &rarr; <strong>1224</strong><br />(-22 for losing)
|l|☆bvcnmkor85471
|player|p2|
|l|☆cuentaonocuenta
|player|p1|
