|badge|p2|bronze|gen9ou|100-9
|uhtml|medal-msg|<div class="broadcast-blue">Curious what those medals under the avatar are? PS now has Ladder Seasons! For more information, check out the <a href="https://www.smogon.com/forums/threads/3740067/">thread on Smogon.</a></div>
|j|☆noob1877
|j|☆slitherwing ily ><
|t:|1779653696
|gametype|singles
|player|p1|noob1877|169|1698
|player|p2|slitherwing ily ><|iono-masters|1767
|gen|9
|tier|[Gen 9] OU
|rated|
|rule|HP Percentage Mod: HP is shown in percentages
|rule|Endless Battle Clause: Forcing endless battles is banned
|rule|Species Clause: Limit one of each Pokémon
|rule|OHKO Clause: OHKO moves are banned
|rule|Evasion Items Clause: Evasion items are banned
|rule|Evasion Moves Clause: Evasion moves are banned
|rule|Evasion Abilities Clause: Evasion abilities are banned
|rule|Sleep Moves Clause: Sleep-inducing moves are banned
|clearpoke
|poke|p1|Gliscor, M|
|poke|p1|Great Tusk|
|poke|p1|Empoleon, F|
|poke|p1|Zamazenta-*|
|poke|p1|Pecharunt|
|poke|p1|Kingambit, M|
|poke|p2|Raging Bolt|
|poke|p2|Great Tusk|
|poke|p2|Gholdengo|
|poke|p2|Ting-Lu|
|poke|p2|Dragonite, M|
|poke|p2|Iron Moth|
|teampreview
|
|t:|1779653708
|teamsize|p1|6
|teamsize|p2|6
|start
|switch|p1a: Gliscor|Gliscor, M|100/100
|switch|p2a: Bergentruck|Ting-Lu|100/100
|-ability|p2a: Bergentruck|Vessel of Ruin
|turn|1
|
|t:|1779653713
|move|p1a: Gliscor|Toxic|p2a: Bergentruck
|-status|p2a: Bergentruck|tox
|move|p2a: Bergentruck|Stealth Rock|p1a: Gliscor
|-sidestart|p1: noob1877|move: Stealth Rock
|
|-damage|p2a: Bergentruck|94/100 tox|[from] psn
|-status|p1a: Gliscor|tox|[from] item: Toxic Orb
|upkeep
|turn|2
|
|t:|1779653717
|switch|p2a: Nah I'd spin|Great Tusk|100/100
|-enditem|p2a: Nah I'd spin|Booster Energy
|-activate|p2a: Nah I'd spin|ability: Protosynthesis|[fromitem]
|-start|p2a: Nah I'd spin|protosynthesisatk
|move|p1a: Gliscor|Spikes|p2a: Nah I'd spin
|-sidestart|p2: slitherwing ily ><|Spikes
|
|upkeep
|turn|3
|
|t:|1779653723
|switch|p1a: Empoleon|Empoleon, F|100/100
|-damage|p1a: Empoleon|94/100|[from] Stealth Rock
|move|p2a: Nah I'd spin|Ice Spinner|p1a: Empoleon
|-resisted|p1a: Empoleon
|-damage|p1a: Empoleon|87/100
|
|upkeep
|turn|4
|
|t:|1779653727
|move|p2a: Nah I'd spin|Close Combat|p1a: Empoleon
|-supereffective|p1a: Empoleon
|-damage|p1a: Empoleon|0 fnt
|-unboost|p2a: Nah I'd spin|def|1
|-unboost|p2a: Nah I'd spin|spd|1
|faint|p1a: Empoleon
|
|upkeep
|
|t:|1779653733
|switch|p1a: Pecharunt|Pecharunt|100/100
|-damage|p1a: Pecharunt|88/100|[from] Stealth Rock
|-item|p1a: Pecharunt|Air Balloon
|turn|5
|
|t:|1779653740
|-end|p2a: Nah I'd spin|Protosynthesis|[silent]
|switch|p2a: Bergentruck|Ting-Lu|94/100 tox
|-damage|p2a: Bergentruck|82/100 tox|[from] Spikes
|-ability|p2a: Bergentruck|Vessel of Ruin
|move|p1a: Pecharunt|Malignant Chain|p2a: Bergentruck
|-resisted|p2a: Bergentruck
|-damage|p2a: Bergentruck|71/100 tox
|
|-damage|p2a: Bergentruck|64/100 tox|[from] psn
|upkeep
|turn|6
|
|t:|1779653748
|switch|p1a: Gliscor|Gliscor, M|100/100 tox
|-damage|p1a: Gliscor|88/100 tox|[from] Stealth Rock
|move|p2a: Bergentruck|Payback|p1a: Gliscor
|-damage|p1a: Gliscor|72/100 tox
|
|-heal|p1a: Gliscor|84/100 tox|[from] ability: Poison Heal
|-damage|p2a: Bergentruck|52/100 tox|[from] psn
|upkeep
|turn|7
|
|t:|1779653753
|move|p1a: Gliscor|Spikes|p2a: Bergentruck
|-sidestart|p2: slitherwing ily ><|Spikes
|move|p2a: Bergentruck|Ruination|p1a: Gliscor
|-damage|p1a: Gliscor|42/100 tox
|
|-heal|p1a: Gliscor|55/100 tox|[from] ability: Poison Heal
|-damage|p2a: Bergentruck|33/100 tox|[from] psn
|upkeep
|turn|8
|
|t:|1779653759
|move|p1a: Gliscor|Spikes|p2a: Bergentruck
|-sidestart|p2: slitherwing ily ><|Spikes
|move|p2a: Bergentruck|Payback|p1a: Gliscor
|-damage|p1a: Gliscor|21/100 tox
|
|-heal|p1a: Gliscor|34/100 tox|[from] ability: Poison Heal
|-damage|p2a: Bergentruck|8/100 tox|[from] psn
|upkeep
|turn|9
|
|t:|1779653762
|move|p1a: Gliscor|Protect|p1a: Gliscor
|-singleturn|p1a: Gliscor|Protect
|move|p2a: Bergentruck|Payback|p1a: Gliscor
|-activate|p1a: Gliscor|move: Protect
|
|-heal|p1a: Gliscor|46/100 tox|[from] ability: Poison Heal
|-damage|p2a: Bergentruck|0 fnt|[from] psn
|faint|p2a: Bergentruck
|upkeep
|
|t:|1779653764
|switch|p2a: Jane Juliet|Gholdengo|100/100
|-item|p2a: Jane Juliet|Air Balloon
|turn|10
|
|t:|1779653769
|move|p2a: Jane Juliet|Make It Rain|p1a: Gliscor
|-damage|p1a: Gliscor|0 fnt
|-unboost|p2a: Jane Juliet|spa|1
|faint|p1a: Gliscor
|
|upkeep
|
|t:|1779653775
|switch|p1a: Great Tusk|Great Tusk|100/100
|-damage|p1a: Great Tusk|98/100|[from] Stealth Rock
|turn|11
|
|t:|1779653778
|move|p1a: Great Tusk|Knock Off|p2a: Jane Juliet
|-supereffective|p2a: Jane Juliet
|-damage|p2a: Jane Juliet|29/100
|-enditem|p2a: Jane Juliet|Air Balloon
|move|p2a: Jane Juliet|Make It Rain|p1a: Great Tusk
|-damage|p1a: Great Tusk|65/100
|-unboost|p2a: Jane Juliet|spa|1
|
|upkeep
|turn|12
|
|t:|1779653782
|move|p2a: Jane Juliet|Make It Rain|p1a: Great Tusk
|-damage|p1a: Great Tusk|41/100
|-unboost|p2a: Jane Juliet|spa|1
|move|p1a: Great Tusk|Knock Off|p2a: Jane Juliet
|-supereffective|p2a: Jane Juliet
|-damage|p2a: Jane Juliet|0 fnt
|faint|p2a: Jane Juliet
|
|upkeep
|
|t:|1779653789
|switch|p2a: Nah I'd spin|Great Tusk|100/100
|-damage|p2a: Nah I'd spin|76/100|[from] Spikes
|turn|13
|
|t:|1779653800
|move|p2a: Nah I'd spin|Ice Spinner|p1a: Great Tusk
|-supereffective|p1a: Great Tusk
|-damage|p1a: Great Tusk|3/100
|move|p1a: Great Tusk|Ice Spinner|p2a: Nah I'd spin
|-supereffective|p2a: Nah I'd spin
|-damage|p2a: Nah I'd spin|37/100
|
|upkeep
|turn|14
|
|t:|1779653804
|-end|p1a: Great Tusk|Protosynthesis|[silent]
|switch|p1a: Pecharunt|Pecharunt|88/100
|-damage|p1a: Pecharunt|76/100|[from] Stealth Rock
|-item|p1a: Pecharunt|Air Balloon
|move|p2a: Nah I'd spin|Ice Spinner|p1a: Pecharunt
|-damage|p1a: Pecharunt|54/100
|-enditem|p1a: Pecharunt|Air Balloon
|
|upkeep
|turn|15
|
|t:|1779653808
|move|p1a: Pecharunt|Shadow Ball|p2a: Nah I'd spin
|-damage|p2a: Nah I'd spin|0 fnt
|faint|p2a: Nah I'd spin
|-end|p2a: Nah I'd spin|Protosynthesis|[silent]
|
|upkeep
|
|t:|1779653811
|switch|p2a: Tuca Donca|Iron Moth|100/100
|-damage|p2a: Tuca Donca|76/100|[from] Spikes
|-enditem|p2a: Tuca Donca|Booster Energy
|-activate|p2a: Tuca Donca|ability: Quark Drive|[fromitem]
|-start|p2a: Tuca Donca|quarkdrivespe
|turn|16
|
|t:|1779653826
|switch|p1a: Great Tusk|Great Tusk|3/100
|-damage|p1a: Great Tusk|0 fnt|[from] Stealth Rock
|faint|p1a: Great Tusk
|-end|p1a: Great Tusk|Protosynthesis|[silent]
|move|p2a: Tuca Donca|Fiery Dance|p1: Great Tusk|[notarget]
|-fail|p2a: Tuca Donca
|
|upkeep
|
|t:|1779653827
|switch|p1a: Zamazenta|Zamazenta|100/100
|-damage|p1a: Zamazenta|94/100|[from] Stealth Rock
|-ability|p1a: Zamazenta|Dauntless Shield|boost
|-boost|p1a: Zamazenta|def|1
|turn|17
|
|t:|1779653832
|move|p2a: Tuca Donca|Fiery Dance|p1a: Zamazenta
|-damage|p1a: Zamazenta|59/100
|move|p1a: Zamazenta|Stone Edge|p2a: Tuca Donca
|-supereffective|p2a: Tuca Donca
|-crit|p2a: Tuca Donca
|-damage|p2a: Tuca Donca|0 fnt
|faint|p2a: Tuca Donca
|-end|p2a: Tuca Donca|Quark Drive|[silent]
|-damage|p1a: Zamazenta|49/100|[from] item: Life Orb
|
|upkeep
|j| ecall
|
|t:|1779653843
|switch|p2a: Saber|Dragonite, M|100/100
|turn|18
|
|t:|1779653854
|move|p1a: Zamazenta|Stone Edge|p2a: Saber
|-supereffective|p2a: Saber
|-damage|p2a: Saber|53/100
|-damage|p1a: Zamazenta|39/100|[from] item: Life Orb
|move|p2a: Saber|Dragon Dance|p2a: Saber
|-boost|p2a: Saber|atk|1
|-boost|p2a: Saber|spe|1
|
|upkeep
|turn|19
|
|t:|1779653857
|move|p1a: Zamazenta|Stone Edge|p2a: Saber
|-supereffective|p2a: Saber
|-damage|p2a: Saber|0 fnt
|faint|p2a: Saber
|-damage|p1a: Zamazenta|29/100|[from] item: Life Orb
|
|upkeep
|c|☆slitherwing ily ><|oop
|
|t:|1779653860
|switch|p2a: Angry Nut|Raging Bolt|100/100
|-damage|p2a: Angry Nut|76/100|[from] Spikes
|-enditem|p2a: Angry Nut|Booster Energy
|-activate|p2a: Angry Nut|ability: Protosynthesis|[fromitem]
|-start|p2a: Angry Nut|protosynthesisspa
|turn|20
|j| broflopieopp
|
|t:|1779653864
|move|p2a: Angry Nut|Thunderclap|p1a: Zamazenta
|-damage|p1a: Zamazenta|0 fnt
|faint|p1a: Zamazenta
|
|upkeep
|j| Kyurem
|l| broflopieopp
|
|t:|1779653870
|switch|p1a: Kingambit|Kingambit, M|100/100
|-damage|p1a: Kingambit|94/100|[from] Stealth Rock
|-activate|p1a: Kingambit|ability: Supreme Overlord
|-start|p1a: Kingambit|fallen4|[silent]
|turn|21
|
|t:|1779653880
|-terastallize|p1a: Kingambit|Dark
|move|p2a: Angry Nut|Calm Mind|p2a: Angry Nut
|-boost|p2a: Angry Nut|spa|1
|-boost|p2a: Angry Nut|spd|1
|move|p1a: Kingambit|Kowtow Cleave|p2a: Angry Nut
|-damage|p2a: Angry Nut|0 fnt
|faint|p2a: Angry Nut
|-end|p2a: Angry Nut|Protosynthesis|[silent]
|
|win|noob1877
|raw|noob1877's rating: 1698 &rarr; <strong>1722</strong><br />(+24 for winning)
|raw|slitherwing ily &gt;&lt;'s rating: 1767 &rarr; <strong>1743</strong><br />(-24 for losing)
|l| ecall
|l|☆slitherwing ily ><
|player|p2|
|l|☆noob1877
|player|p1|
