|j|☆Lesteria
|j|☆Ylioen
|t:|1779611309
|gametype|singles
|player|p1|Lesteria|waiter-gen4|1166
|player|p2|Ylioen|elesa|1140
|gen|9
|tier|[Gen 9] OU
|rated|
|rule|HP Percentage Mod: HP is shown in percentages
|rule|Endless Battle Clause: Forcing endless battles is banned
|rule|Species Clause: Limit one of each Pokémon
|rule|OHKO Clause: OHKO moves are banned
|rule|Evasion Items Clause: Evasion items are banned
|rule|Evasion Moves Clause: Evasion moves are banned
|rule|Evasion Abilities Clause: Evasion abilities are banned
|rule|Sleep Moves Clause: Sleep-inducing moves are banned
|clearpoke
|poke|p1|Latios, M|
|poke|p1|Garganacl, F|
|poke|p1|Ogerpon-Wellspring, F|
|poke|p1|Tornadus-Therian, M|
|poke|p1|Gyarados, M|
|poke|p1|Infernape, M|
|poke|p2|Scizor, M|
|poke|p2|Greninja-*, M|
|poke|p2|Noivern, M|
|poke|p2|Iron Valiant|
|poke|p2|Garchomp, F|
|poke|p2|Blaziken, M|
|teampreview
|inactive|Battle timer is ON: inactive players will automatically lose when time's up. (requested by Lesteria)
|
|t:|1779611328
|teamsize|p1|6
|teamsize|p2|6
|start
|switch|p1a: Latios|Latios, M, shiny|100/100
|switch|p2a: Hungry shark|Garchomp, F|100/100
|turn|1
|
|t:|1779611338
|-terastallize|p1a: Latios|Electric
|-terastallize|p2a: Hungry shark|Steel
|move|p1a: Latios|Calm Mind|p1a: Latios
|-boost|p1a: Latios|spa|1
|-boost|p1a: Latios|spd|1
|move|p2a: Hungry shark|Dragon Claw|p1a: Latios
|-damage|p1a: Latios|40/100
|
|upkeep
|turn|2
|
|t:|1779611349
|move|p1a: Latios|Aura Sphere|p2a: Hungry shark
|-supereffective|p2a: Hungry shark
|-damage|p2a: Hungry shark|4/100
|move|p2a: Hungry shark|Earthquake|p1a: Latios
|-immune|p1a: Latios|[from] ability: Levitate
|
|upkeep
|turn|3
|
|t:|1779611357
|move|p1a: Latios|Aura Sphere|p2a: Hungry shark
|-supereffective|p2a: Hungry shark
|-damage|p2a: Hungry shark|0 fnt
|faint|p2a: Hungry shark
|
|upkeep
|
|t:|1779611365
|switch|p2a: Tongue twister|Greninja, M|100/100
|turn|4
|
|t:|1779611372
|move|p2a: Tongue twister|Hydro Pump|p1a: Latios|[miss]
|-miss|p2a: Tongue twister|p1a: Latios
|move|p1a: Latios|Aura Sphere|p2a: Tongue twister
|-supereffective|p2a: Tongue twister
|-damage|p2a: Tongue twister|0 fnt
|faint|p2a: Tongue twister
|
|upkeep
|
|t:|1779611381
|switch|p2a: Robot femboy|Iron Valiant|100/100
|-enditem|p2a: Robot femboy|Booster Energy
|-activate|p2a: Robot femboy|ability: Quark Drive|[fromitem]
|-start|p2a: Robot femboy|quarkdrivespe
|turn|5
|c|☆Lesteria|nice right?
|
|t:|1779611388
|move|p2a: Robot femboy|Spirit Break|p1a: Latios
|-damage|p1a: Latios|0 fnt
|faint|p1a: Latios
|
|upkeep
|
|t:|1779611394
|switch|p1a: Gyarados|Gyarados, M|100/100
|-ability|p1a: Gyarados|Intimidate|boost
|-unboost|p2a: Robot femboy|atk|1
|turn|6
|
|t:|1779611402
|move|p2a: Robot femboy|Thunder Punch|p1a: Gyarados
|-supereffective|p1a: Gyarados
|-damage|p1a: Gyarados|7/100
|move|p1a: Gyarados|Earthquake|p2a: Robot femboy
|-damage|p2a: Robot femboy|49/100
|
|upkeep
|turn|7
|
|t:|1779611413
|move|p2a: Robot femboy|Thunder Punch|p1a: Gyarados
|-supereffective|p1a: Gyarados
|-damage|p1a: Gyarados|0 fnt
|faint|p1a: Gyarados
|
|upkeep
|
|t:|1779611421
|switch|p1a: Infernape|Infernape, M|100/100
|turn|8
|
|t:|1779611440
|move|p2a: Robot femboy|Destiny Bond|p2a: Robot femboy
|-singlemove|p2a: Robot femboy|Destiny Bond
|move|p1a: Infernape|Earthquake|p2a: Robot femboy
|-damage|p2a: Robot femboy|12/100
|
|upkeep
|turn|9
|
|t:|1779611450
|switch|p1a: Garganacl|Garganacl, F|100/100
|move|p2a: Robot femboy|Close Combat|p1a: Garganacl
|-supereffective|p1a: Garganacl
|-damage|p1a: Garganacl|55/100
|-unboost|p2a: Robot femboy|def|1
|-unboost|p2a: Robot femboy|spd|1
|
|-heal|p1a: Garganacl|62/100|[from] item: Leftovers
|upkeep
|turn|10
|
|t:|1779611461
|move|p2a: Robot femboy|Destiny Bond|p2a: Robot femboy
|-singlemove|p2a: Robot femboy|Destiny Bond
|move|p1a: Garganacl|Recover|p1a: Garganacl
|-heal|p1a: Garganacl|100/100
|
|upkeep
|turn|11
|
|t:|1779611468
|move|p2a: Robot femboy|Close Combat|p1a: Garganacl
|-supereffective|p1a: Garganacl
|-damage|p1a: Garganacl|57/100
|-unboost|p2a: Robot femboy|def|1
|-unboost|p2a: Robot femboy|spd|1
|move|p1a: Garganacl|Earthquake|p2a: Robot femboy
|-damage|p2a: Robot femboy|0 fnt
|faint|p2a: Robot femboy
|-end|p2a: Robot femboy|Quark Drive|[silent]
|
|-heal|p1a: Garganacl|63/100|[from] item: Leftovers
|upkeep
|
|t:|1779611485
|switch|p2a: Breakdancer|Blaziken, M|100/100
|turn|12
|
|t:|1779611501
|move|p2a: Breakdancer|Close Combat|p1a: Garganacl
|-supereffective|p1a: Garganacl
|-damage|p1a: Garganacl|2/100
|-unboost|p2a: Breakdancer|def|1
|-unboost|p2a: Breakdancer|spd|1
|move|p1a: Garganacl|Recover|p1a: Garganacl
|-heal|p1a: Garganacl|52/100
|
|-heal|p1a: Garganacl|58/100|[from] item: Leftovers
|-ability|p2a: Breakdancer|Speed Boost|boost
|-boost|p2a: Breakdancer|spe|1
|upkeep
|turn|13
|
|t:|1779611513
|move|p1a: Garganacl|Protect|p1a: Garganacl
|-singleturn|p1a: Garganacl|Protect
|move|p2a: Breakdancer|Close Combat|p1a: Garganacl
|-activate|p1a: Garganacl|move: Protect
|
|-heal|p1a: Garganacl|64/100|[from] item: Leftovers
|-ability|p2a: Breakdancer|Speed Boost|boost
|-boost|p2a: Breakdancer|spe|1
|upkeep
|turn|14
|
|t:|1779611522
|move|p2a: Breakdancer|Close Combat|p1a: Garganacl
|-supereffective|p1a: Garganacl
|-damage|p1a: Garganacl|4/100
|-unboost|p2a: Breakdancer|def|1
|-unboost|p2a: Breakdancer|spd|1
|move|p1a: Garganacl|Recover|p1a: Garganacl
|-heal|p1a: Garganacl|54/100
|
|-heal|p1a: Garganacl|60/100|[from] item: Leftovers
|-ability|p2a: Breakdancer|Speed Boost|boost
|-boost|p2a: Breakdancer|spe|1
|upkeep
|turn|15
|
|t:|1779611535
|move|p1a: Garganacl|Protect|p1a: Garganacl
|-singleturn|p1a: Garganacl|Protect
|move|p2a: Breakdancer|Close Combat|p1a: Garganacl
|-activate|p1a: Garganacl|move: Protect
|
|-heal|p1a: Garganacl|67/100|[from] item: Leftovers
|-ability|p2a: Breakdancer|Speed Boost|boost
|-boost|p2a: Breakdancer|spe|1
|upkeep
|turn|16
|
|t:|1779611545
|switch|p2a: Metal Cockroach|Scizor, M|100/100
|move|p1a: Garganacl|Earthquake|p2a: Metal Cockroach
|-damage|p2a: Metal Cockroach|75/100
|
|-heal|p1a: Garganacl|73/100|[from] item: Leftovers
|upkeep
|turn|17
|
|t:|1779611554
|move|p1a: Garganacl|Protect|p1a: Garganacl
|-singleturn|p1a: Garganacl|Protect
|move|p2a: Metal Cockroach|Bullet Punch|p1a: Garganacl
|-activate|p1a: Garganacl|move: Protect
|
|-heal|p1a: Garganacl|79/100|[from] item: Leftovers
|upkeep
|turn|18
|
|t:|1779611562
|move|p2a: Metal Cockroach|Iron Head|p1a: Garganacl
|-supereffective|p1a: Garganacl
|-damage|p1a: Garganacl|25/100
|move|p1a: Garganacl|Salt Cure|p2a: Metal Cockroach
|-damage|p2a: Metal Cockroach|58/100
|-start|p2a: Metal Cockroach|Salt Cure
|
|-heal|p1a: Garganacl|31/100|[from] item: Leftovers
|-damage|p2a: Metal Cockroach|33/100|[from] Salt Cure
|upkeep
|turn|19
|
|t:|1779611578
|switch|p2a: Breakdancer|Blaziken, M|100/100
|move|p1a: Garganacl|Protect||[still]
|-fail|p1a: Garganacl
|
|-heal|p1a: Garganacl|37/100|[from] item: Leftovers
|upkeep
|turn|20
|
|t:|1779611586
|switch|p1a: Tornadus|Tornadus-Therian, M|100/100
|move|p2a: Breakdancer|Earthquake|p1a: Tornadus
|-immune|p1a: Tornadus
|
|-ability|p2a: Breakdancer|Speed Boost|boost
|-boost|p2a: Breakdancer|spe|1
|upkeep
|turn|21
|
|t:|1779611598
|move|p2a: Breakdancer|Thunder Punch|p1a: Tornadus
|-supereffective|p1a: Tornadus
|-damage|p1a: Tornadus|30/100
|-status|p1a: Tornadus|par
|-damage|p2a: Breakdancer|84/100|[from] item: Rocky Helmet|[of] p1a: Tornadus
|move|p1a: Tornadus|Bleakwind Storm|p2a: Breakdancer|[miss]
|-miss|p1a: Tornadus|p2a: Breakdancer
|
|-ability|p2a: Breakdancer|Speed Boost|boost
|-boost|p2a: Breakdancer|spe|1
|upkeep
|turn|22
|
|t:|1779611610
|move|p2a: Breakdancer|Blaze Kick|p1a: Tornadus|[miss]
|-miss|p2a: Breakdancer|p1a: Tornadus
|move|p1a: Tornadus|Bleakwind Storm|p2a: Breakdancer
|-supereffective|p2a: Breakdancer
|-damage|p2a: Breakdancer|0 fnt
|faint|p2a: Breakdancer
|
|upkeep
|
|t:|1779611619
|switch|p2a: Flying boombox|Noivern, M|100/100
|-item|p1a: Tornadus|Rocky Helmet|[from] ability: Frisk|[of] p2a: Flying boombox
|turn|23
|
|t:|1779611626
|move|p2a: Flying boombox|Air Slash|p1a: Tornadus
|-damage|p1a: Tornadus|0 fnt
|faint|p1a: Tornadus
|
|upkeep
|
|t:|1779611631
|switch|p1a: Garganacl|Garganacl, F|37/100
|turn|24
|
|t:|1779611637
|move|p1a: Garganacl|Protect|p1a: Garganacl
|-singleturn|p1a: Garganacl|Protect
|move|p2a: Flying boombox|Focus Blast|p1a: Garganacl
|-activate|p1a: Garganacl|move: Protect
|
|-heal|p1a: Garganacl|44/100|[from] item: Leftovers
|upkeep
|turn|25
|
|t:|1779611650
|switch|p1a: Infernape|Infernape, M|100/100
|move|p2a: Flying boombox|Focus Blast|p1a: Infernape
|-damage|p1a: Infernape|42/100
|
|upkeep
|turn|26
|
|t:|1779611657
|move|p1a: Infernape|Close Combat|p2a: Flying boombox
|-resisted|p2a: Flying boombox
|-damage|p2a: Flying boombox|64/100
|-unboost|p1a: Infernape|def|1
|-unboost|p1a: Infernape|spd|1
|move|p2a: Flying boombox|Air Slash|p1a: Infernape
|-supereffective|p1a: Infernape
|-damage|p1a: Infernape|0 fnt
|faint|p1a: Infernape
|
|upkeep
|
|t:|1779611663
|switch|p1a: Ogerpon|Ogerpon-Wellspring, F|100/100
|turn|27
|
|t:|1779611669
|move|p1a: Ogerpon|Play Rough|p2a: Flying boombox
|-supereffective|p2a: Flying boombox
|-damage|p2a: Flying boombox|0 fnt
|faint|p2a: Flying boombox
|
|upkeep
|
|t:|1779611676
|switch|p2a: Metal Cockroach|Scizor, M|33/100
|turn|28
|
|t:|1779611680
|move|p1a: Ogerpon|Ivy Cudgel|p2a: Metal Cockroach|[anim] Ivy Cudgel Water
|-crit|p2a: Metal Cockroach
|-damage|p2a: Metal Cockroach|0 fnt
|faint|p2a: Metal Cockroach
|
|win|Lesteria
|raw|Lesteria's rating: 1166 &rarr; <strong>1189</strong><br />(+23 for winning)
|raw|Ylioen's rating: 1140 &rarr; <strong>1117</strong><br />(-23 for losing)
|l|☆Lesteria
|player|p1|
|l|☆Ylioen
|player|p2|
