|j|☆lindowgold
|j|☆mathhasnolife
|t:|1779561035
|gametype|singles
|player|p1|lindowgold|palmer|1411
|player|p2|mathhasnolife|2|1386
|gen|9
|tier|[Gen 9] OU
|rated|
|rule|HP Percentage Mod: HP is shown in percentages
|rule|Endless Battle Clause: Forcing endless battles is banned
|rule|Species Clause: Limit one of each Pokémon
|rule|OHKO Clause: OHKO moves are banned
|rule|Evasion Items Clause: Evasion items are banned
|rule|Evasion Moves Clause: Evasion moves are banned
|rule|Evasion Abilities Clause: Evasion abilities are banned
|rule|Sleep Moves Clause: Sleep-inducing moves are banned
|clearpoke
|poke|p1|Cinderace, F|
|poke|p1|Darkrai|
|poke|p1|Iron Treads|
|poke|p1|Ogerpon-Wellspring, F|
|poke|p1|Pecharunt|
|poke|p1|Uxie|
|poke|p2|Pelipper, F|
|poke|p2|Dragapult, F|
|poke|p2|Raging Bolt|
|poke|p2|Moltres|
|poke|p2|Iron Treads|
|poke|p2|Samurott-Hisui, F|
|teampreview
|inactive|Battle timer is ON: inactive players will automatically lose when time's up. (requested by lindowgold)
|
|t:|1779561069
|teamsize|p1|6
|teamsize|p2|6
|start
|switch|p1a: Uxie|Uxie|100/100
|switch|p2a: Samurott|Samurott-Hisui, F|100/100
|turn|1
|
|t:|1779561092
|move|p2a: Samurott|Ceaseless Edge|p1a: Uxie
|-supereffective|p1a: Uxie
|-damage|p1a: Uxie|33/100
|-sidestart|p1: lindowgold|Spikes
|-enditem|p1a: Uxie|Sitrus Berry|[eat]
|-heal|p1a: Uxie|58/100|[from] item: Sitrus Berry
|move|p1a: Uxie|U-turn|p2a: Samurott
|-supereffective|p2a: Samurott
|-damage|p2a: Samurott|72/100
|
|t:|1779561101
|switch|p1a: Cinderace|Cinderace, F|100/100|[from] U-turn
|
|upkeep
|turn|2
|
|t:|1779561109
|switch|p2a: Pelipper|Pelipper, F|100/100
|-weather|RainDance|[from] ability: Drizzle|[of] p2a: Pelipper
|move|p1a: Cinderace|Will-O-Wisp|p2a: Pelipper
|-status|p2a: Pelipper|brn
|
|-weather|RainDance|[upkeep]
|-damage|p2a: Pelipper|94/100 brn|[from] brn
|upkeep
|turn|3
|
|t:|1779561115
|move|p1a: Cinderace|Court Change|p1a: Cinderace
|-start|p1a: Cinderace|typechange|Normal|[from] ability: Libero
|-swapsideconditions
|-activate|p1a: Cinderace|move: Court Change
|move|p2a: Pelipper|Hurricane|p1a: Cinderace
|-damage|p1a: Cinderace|54/100
|
|-weather|RainDance|[upkeep]
|-damage|p2a: Pelipper|88/100 brn|[from] brn
|upkeep
|turn|4
|
|t:|1779561121
|move|p1a: Cinderace|U-turn|p2a: Pelipper
|-resisted|p2a: Pelipper
|-damage|p2a: Pelipper|81/100 brn
|
|t:|1779561124
|switch|p1a: Uxie|Uxie|58/100|[from] U-turn
|move|p2a: Pelipper|U-turn|p1a: Uxie
|-supereffective|p1a: Uxie
|-damage|p1a: Uxie|50/100
|
|t:|1779561132
|switch|p2a: Samurott|Samurott-Hisui, F|72/100|[from] U-turn
|-damage|p2a: Samurott|59/100|[from] Spikes
|
|-weather|RainDance|[upkeep]
|upkeep
|turn|5
|
|t:|1779561158
|switch|p1a: Iron Treads|Iron Treads|100/100
|move|p2a: Samurott|Ceaseless Edge|p1a: Iron Treads
|-damage|p1a: Iron Treads|66/100
|-sidestart|p1: lindowgold|Spikes
|
|-weather|RainDance|[upkeep]
|-heal|p1a: Iron Treads|72/100|[from] item: Leftovers
|upkeep
|turn|6
|
|t:|1779561163
|switch|p2a: Moltres|Moltres|100/100
|move|p1a: Iron Treads|Rapid Spin|p2a: Moltres
|-damage|p2a: Moltres|92/100
|-boost|p1a: Iron Treads|spe|1
|-sideend|p1: lindowgold|Spikes|[from] move: Rapid Spin|[of] p1a: Iron Treads
|
|-weather|RainDance|[upkeep]
|-heal|p1a: Iron Treads|78/100|[from] item: Leftovers
|upkeep
|turn|7
|
|t:|1779561178
|move|p1a: Iron Treads|Knock Off|p2a: Moltres
|-damage|p2a: Moltres|75/100
|-enditem|p2a: Moltres|Heavy-Duty Boots|[from] move: Knock Off|[of] p1a: Iron Treads
|move|p2a: Moltres|Weather Ball|p1a: Iron Treads
|-supereffective|p1a: Iron Treads
|-damage|p1a: Iron Treads|12/100
|
|-weather|RainDance|[upkeep]
|-heal|p1a: Iron Treads|18/100|[from] item: Leftovers
|upkeep
|turn|8
|
|t:|1779561184
|move|p1a: Iron Treads|Volt Switch|p2a: Moltres
|-supereffective|p2a: Moltres
|-damage|p2a: Moltres|53/100
|
|t:|1779561191
|-end|p1a: Iron Treads|Quark Drive|[silent]
|switch|p1a: Darkrai|Darkrai|100/100|[from] Volt Switch
|move|p2a: Moltres|Weather Ball|p1a: Darkrai
|-damage|p1a: Darkrai|45/100
|
|-weather|RainDance|[upkeep]
|upkeep
|turn|9
|
|t:|1779561199
|move|p1a: Darkrai|Dark Pulse|p2a: Moltres
|-damage|p2a: Moltres|0 fnt
|faint|p2a: Moltres
|
|-weather|none
|upkeep
|
|t:|1779561214
|switch|p2a: Samurott|Samurott-Hisui, F|59/100
|-damage|p2a: Samurott|47/100|[from] Spikes
|turn|10
|
|t:|1779561234
|switch|p1a: Ogerpon|Ogerpon-Wellspring, F|100/100
|move|p2a: Samurott|Flip Turn|p1a: Ogerpon
|-immune|p1a: Ogerpon|[from] ability: Water Absorb
|
|upkeep
|turn|11
|
|t:|1779561247
|switch|p2a: Raging Bolt|Raging Bolt|100/100
|-damage|p2a: Raging Bolt|88/100|[from] Spikes
|move|p1a: Ogerpon|Ivy Cudgel|p2a: Raging Bolt|[anim] Ivy Cudgel Water
|-resisted|p2a: Raging Bolt
|-crit|p2a: Raging Bolt
|-damage|p2a: Raging Bolt|56/100
|
|-heal|p2a: Raging Bolt|62/100|[from] item: Leftovers
|upkeep
|turn|12
|
|t:|1779561257
|switch|p1a: Iron Treads|Iron Treads|18/100
|move|p2a: Raging Bolt|Calm Mind|p2a: Raging Bolt
|-boost|p2a: Raging Bolt|spa|1
|-boost|p2a: Raging Bolt|spd|1
|
|-heal|p1a: Iron Treads|24/100|[from] item: Leftovers
|-heal|p2a: Raging Bolt|68/100|[from] item: Leftovers
|upkeep
|turn|13
|
|t:|1779561264
|-end|p2a: Raging Bolt|Protosynthesis|[silent]
|switch|p2a: Pelipper|Pelipper, F|81/100 brn
|-weather|RainDance|[from] ability: Drizzle|[of] p2a: Pelipper
|move|p1a: Iron Treads|Earthquake|p2a: Pelipper
|-immune|p2a: Pelipper
|
|-weather|RainDance|[upkeep]
|-heal|p1a: Iron Treads|30/100|[from] item: Leftovers
|-damage|p2a: Pelipper|75/100 brn|[from] brn
|upkeep
|turn|14
|
|t:|1779561267
|switch|p2a: Iron Treads|Iron Treads|100/100
|-damage|p2a: Iron Treads|88/100|[from] Spikes
|move|p1a: Iron Treads|Volt Switch|p2a: Iron Treads
|-immune|p2a: Iron Treads
|
|-weather|RainDance|[upkeep]
|-heal|p1a: Iron Treads|36/100|[from] item: Leftovers
|upkeep
|turn|15
|
|t:|1779561274
|move|p2a: Iron Treads|Earthquake|p1a: Iron Treads
|-supereffective|p1a: Iron Treads
|-damage|p1a: Iron Treads|0 fnt
|faint|p1a: Iron Treads
|-end|p1a: Iron Treads|Quark Drive|[silent]
|
|-weather|RainDance|[upkeep]
|upkeep
|
|t:|1779561279
|switch|p1a: Ogerpon|Ogerpon-Wellspring, F|100/100
|turn|16
|
|t:|1779561290
|-end|p2a: Iron Treads|Quark Drive|[silent]
|switch|p2a: Pelipper|Pelipper, F|75/100 brn
|move|p1a: Ogerpon|Ivy Cudgel|p2a: Pelipper|[anim] Ivy Cudgel Water
|-resisted|p2a: Pelipper
|-damage|p2a: Pelipper|50/100 brn
|
|-weather|RainDance|[upkeep]
|-damage|p2a: Pelipper|44/100 brn|[from] brn
|upkeep
|turn|17
|inactive|lindowgold has 120 seconds left.
|
|t:|1779561322
|switch|p1a: Uxie|Uxie|50/100
|move|p2a: Pelipper|Hurricane|p1a: Uxie
|-crit|p1a: Uxie
|-damage|p1a: Uxie|20/100
|
|-weather|RainDance|[upkeep]
|-damage|p2a: Pelipper|38/100 brn|[from] brn
|upkeep
|turn|18
|
|t:|1779561334
|move|p1a: Uxie|Stealth Rock|p2a: Pelipper
|-sidestart|p2: mathhasnolife|move: Stealth Rock
|move|p2a: Pelipper|Surf|p1a: Uxie
|-damage|p1a: Uxie|0 fnt
|faint|p1a: Uxie
|
|-weather|RainDance|[upkeep]
|-damage|p2a: Pelipper|31/100 brn|[from] brn
|upkeep
|
|t:|1779561338
|switch|p1a: Darkrai|Darkrai|45/100
|turn|19
|
|t:|1779561349
|move|p1a: Darkrai|Dark Pulse|p2a: Pelipper
|-damage|p2a: Pelipper|0 fnt
|faint|p2a: Pelipper
|
|-weather|RainDance|[upkeep]
|upkeep
|
|t:|1779561357
|switch|p2a: Iron Treads|Iron Treads|88/100
|-damage|p2a: Iron Treads|76/100|[from] Spikes
|-damage|p2a: Iron Treads|72/100|[from] Stealth Rock
|turn|20
|
|t:|1779561364
|move|p1a: Darkrai|Dark Pulse|p2a: Iron Treads
|-damage|p2a: Iron Treads|18/100
|move|p2a: Iron Treads|Earthquake|p1a: Darkrai
|-damage|p1a: Darkrai|0 fnt
|faint|p1a: Darkrai
|
|-weather|none
|upkeep
|
|t:|1779561371
|switch|p1a: Cinderace|Cinderace, F|54/100
|turn|21
|
|t:|1779561375
|move|p1a: Cinderace|Pyro Ball|p2a: Iron Treads|[miss]
|-miss|p1a: Cinderace|p2a: Iron Treads
|move|p2a: Iron Treads|Earthquake|p1a: Cinderace
|-supereffective|p1a: Cinderace
|-damage|p1a: Cinderace|0 fnt
|faint|p1a: Cinderace
|
|upkeep
|
|t:|1779561380
|switch|p1a: Ogerpon|Ogerpon-Wellspring, F|100/100
|turn|22
|
|t:|1779561385
|move|p2a: Iron Treads|Ice Spinner|p1a: Ogerpon
|-damage|p1a: Ogerpon|76/100
|move|p1a: Ogerpon|Ivy Cudgel|p2a: Iron Treads|[anim] Ivy Cudgel Water
|-supereffective|p2a: Iron Treads
|-damage|p2a: Iron Treads|0 fnt
|faint|p2a: Iron Treads
|-end|p2a: Iron Treads|Quark Drive|[silent]
|
|upkeep
|
|t:|1779561402
|switch|p2a: Samurott|Samurott-Hisui, F|47/100
|-damage|p2a: Samurott|34/100|[from] Spikes
|-damage|p2a: Samurott|22/100|[from] Stealth Rock
|turn|23
|
|t:|1779561407
|move|p2a: Samurott|Ceaseless Edge|p1a: Ogerpon
|-damage|p1a: Ogerpon|35/100
|-sidestart|p1: lindowgold|Spikes
|move|p1a: Ogerpon|Ivy Cudgel|p2a: Samurott|[anim] Ivy Cudgel Water
|-resisted|p2a: Samurott
|-damage|p2a: Samurott|0 fnt
|faint|p2a: Samurott
|
|upkeep
|
|t:|1779561413
|switch|p2a: Dragapult|Dragapult, F|100/100
|-damage|p2a: Dragapult|88/100|[from] Spikes
|-damage|p2a: Dragapult|76/100|[from] Stealth Rock
|turn|24
|
|t:|1779561416
|move|p2a: Dragapult|Shadow Ball|p1a: Ogerpon
|-damage|p1a: Ogerpon|4/100
|move|p1a: Ogerpon|Synthesis|p1a: Ogerpon
|-heal|p1a: Ogerpon|54/100
|
|upkeep
|turn|25
|
|t:|1779561424
|-terastallize|p1a: Ogerpon|Water
|detailschange|p1a: Ogerpon|Ogerpon-Wellspring-Tera, F, tera:Water
|-ability|p1a: Ogerpon|Embody Aspect (Wellspring)|boost
|-boost|p1a: Ogerpon|spd|1
|move|p2a: Dragapult|Shadow Ball|p1a: Ogerpon
|-damage|p1a: Ogerpon|32/100
|move|p1a: Ogerpon|Synthesis|p1a: Ogerpon
|-heal|p1a: Ogerpon|82/100
|
|upkeep
|turn|26
|
|t:|1779561437
|move|p2a: Dragapult|Thunder|p1a: Ogerpon
|-supereffective|p1a: Ogerpon
|-damage|p1a: Ogerpon|43/100
|-status|p1a: Ogerpon|par
|cant|p1a: Ogerpon|par
|
|upkeep
|turn|27
|
|t:|1779561442
|move|p2a: Dragapult|Thunder|p1a: Ogerpon
|-supereffective|p1a: Ogerpon
|-damage|p1a: Ogerpon|0 fnt
|faint|p1a: Ogerpon
|detailschange|p1: Ogerpon|Ogerpon-Wellspring, F|[silent]
|
|upkeep
|c|☆lindowgold|hum
|
|t:|1779561450
|switch|p1a: Pecharunt|Pecharunt|100/100
|-item|p1a: Pecharunt|Air Balloon
|turn|28
|
|t:|1779561455
|move|p2a: Dragapult|Shadow Ball|p1a: Pecharunt
|-supereffective|p1a: Pecharunt
|-damage|p1a: Pecharunt|29/100
|-enditem|p1a: Pecharunt|Air Balloon
|move|p1a: Pecharunt|Foul Play|p2a: Dragapult
|-supereffective|p2a: Dragapult
|-damage|p2a: Dragapult|22/100
|
|upkeep
|turn|29
|
|t:|1779561458
|move|p2a: Dragapult|Shadow Ball|p1a: Pecharunt
|-supereffective|p1a: Pecharunt
|-damage|p1a: Pecharunt|0 fnt
|faint|p1a: Pecharunt
|
|win|mathhasnolife
|raw|lindowgold's rating: 1411 &rarr; <strong>1390</strong><br />(-21 for losing)
|raw|mathhasnolife's rating: 1386 &rarr; <strong>1407</strong><br />(+21 for winning)
|l|☆lindowgold
|player|p1|
|l|☆mathhasnolife
|player|p2|
