|j|☆GulagLmao
|j|☆probabilly
|t:|1779630806
|gametype|singles
|player|p1|GulagLmao|266|1212
|player|p2|probabilly|fisherman-gen4|1189
|gen|9
|tier|[Gen 9] OU
|rated|
|rule|HP Percentage Mod: HP is shown in percentages
|rule|Endless Battle Clause: Forcing endless battles is banned
|rule|Species Clause: Limit one of each Pokémon
|rule|OHKO Clause: OHKO moves are banned
|rule|Evasion Items Clause: Evasion items are banned
|rule|Evasion Moves Clause: Evasion moves are banned
|rule|Evasion Abilities Clause: Evasion abilities are banned
|rule|Sleep Moves Clause: Sleep-inducing moves are banned
|clearpoke
|poke|p1|Hatterene, F|
|poke|p1|Pelipper, M|
|poke|p1|Hariyama, M|
|poke|p1|Cresselia, F|
|poke|p1|Ursaluna, F|
|poke|p1|Porygon2|
|poke|p2|Dragonite, F|
|poke|p2|Great Tusk|
|poke|p2|Ting-Lu|
|poke|p2|Ogerpon-Wellspring, F|
|poke|p2|Iron Moth|
|poke|p2|Clefable, F|
|teampreview
|inactive|Battle timer is ON: inactive players will automatically lose when time's up. (requested by GulagLmao)
|
|t:|1779630818
|teamsize|p1|6
|teamsize|p2|6
|start
|switch|p1a: Sydney Sipme|Hatterene, F|100/100
|switch|p2a: Clefable|Clefable, F|100/100
|turn|1
|
|t:|1779630823
|move|p2a: Clefable|Calm Mind|p2a: Clefable
|-boost|p2a: Clefable|spa|1
|-boost|p2a: Clefable|spd|1
|move|p1a: Sydney Sipme|Trick Room|p1a: Sydney Sipme
|-fieldstart|move: Trick Room|[of] p1a: Sydney Sipme
|
|upkeep
|turn|2
|
|t:|1779630833
|move|p1a: Sydney Sipme|Psychic Noise|p2a: Clefable
|-damage|p2a: Clefable|72/100
|-start|p2a: Clefable|move: Heal Block
|move|p2a: Clefable|Calm Mind|p2a: Clefable
|-boost|p2a: Clefable|spa|1
|-boost|p2a: Clefable|spd|1
|
|upkeep
|turn|3
|
|t:|1779630846
|switch|p1a: JD Dance|Pelipper, M|100/100
|-weather|RainDance|[from] ability: Drizzle|[of] p1a: JD Dance
|move|p2a: Clefable|Calm Mind|p2a: Clefable
|-boost|p2a: Clefable|spa|1
|-boost|p2a: Clefable|spd|1
|
|-weather|RainDance|[upkeep]
|-end|p2a: Clefable|move: Heal Block
|upkeep
|turn|4
|
|t:|1779630851
|move|p1a: JD Dance|Hurricane|p2a: Clefable
|-damage|p2a: Clefable|42/100
|move|p2a: Clefable|Moonlight|p2a: Clefable
|-heal|p2a: Clefable|67/100
|
|-weather|RainDance|[upkeep]
|upkeep
|turn|5
|
|t:|1779630862
|switch|p1a: Lindsay Throwhandz|Hariyama, M|100/100
|move|p2a: Clefable|Moonblast|p1a: Lindsay Throwhandz
|-supereffective|p1a: Lindsay Throwhandz
|-damage|p1a: Lindsay Throwhandz|0 fnt
|faint|p1a: Lindsay Throwhandz
|
|-weather|RainDance|[upkeep]
|-fieldend|move: Trick Room
|upkeep
|
|t:|1779630883
|switch|p1a: Sydney Sipme|Hatterene, F|100/100
|turn|6
|
|t:|1779630891
|move|p2a: Clefable|Moonlight|p2a: Clefable
|-heal|p2a: Clefable|92/100
|move|p1a: Sydney Sipme|Trick Room|p1a: Sydney Sipme
|-fieldstart|move: Trick Room|[of] p1a: Sydney Sipme
|
|-weather|RainDance|[upkeep]
|upkeep
|turn|7
|
|t:|1779630898
|move|p1a: Sydney Sipme|Psychic Noise|p2a: Clefable
|-crit|p2a: Clefable
|-damage|p2a: Clefable|33/100
|-start|p2a: Clefable|move: Heal Block
|move|p2a: Clefable|Calm Mind|p2a: Clefable
|-boost|p2a: Clefable|spa|1
|-boost|p2a: Clefable|spd|1
|
|-weather|none
|upkeep
|turn|8
|
|t:|1779630909
|move|p1a: Sydney Sipme|Healing Wish|p1a: Sydney Sipme
|faint|p1a: Sydney Sipme
|move|p2a: Clefable|Moonblast|p1: Sydney Sipme|[notarget]
|-fail|p2a: Clefable
|
|-end|p2a: Clefable|move: Heal Block
|upkeep
|
|t:|1779630913
|switch|p1a: Late Hibernation|Ursaluna, F|100/100
|turn|9
|
|t:|1779630920
|move|p1a: Late Hibernation|Headlong Rush|p2a: Clefable
|-damage|p2a: Clefable|0 fnt
|-unboost|p1a: Late Hibernation|def|1
|-unboost|p1a: Late Hibernation|spd|1
|faint|p2a: Clefable
|
|-status|p1a: Late Hibernation|brn|[from] item: Flame Orb
|upkeep
|
|t:|1779630926
|switch|p2a: Ting-Lu|Ting-Lu|100/100
|-ability|p2a: Ting-Lu|Vessel of Ruin
|turn|10
|
|t:|1779630941
|move|p1a: Late Hibernation|Facade|p2a: Ting-Lu
|-damage|p2a: Ting-Lu|45/100
|move|p2a: Ting-Lu|Whirlwind|p1a: Late Hibernation
|drag|p1a: JD Dance|Pelipper, M|100/100
|-weather|RainDance|[from] ability: Drizzle|[of] p1a: JD Dance
|
|-weather|RainDance|[upkeep]
|-heal|p2a: Ting-Lu|51/100|[from] item: Leftovers
|-fieldend|move: Trick Room
|upkeep
|turn|11
|
|t:|1779630950
|move|p2a: Ting-Lu|Spikes|p1a: JD Dance
|-sidestart|p1: GulagLmao|Spikes
|move|p1a: JD Dance|Weather Ball|p2a: Ting-Lu
|-supereffective|p2a: Ting-Lu
|-damage|p2a: Ting-Lu|0 fnt
|faint|p2a: Ting-Lu
|
|-weather|RainDance|[upkeep]
|upkeep
|
|t:|1779630962
|switch|p2a: Great Tusk|Great Tusk|100/100
|turn|12
|
|t:|1779630968
|switch|p1a: Better Call Stall|Cresselia, F|100/100
|move|p2a: Great Tusk|Stealth Rock|p1a: Better Call Stall
|-sidestart|p1: GulagLmao|move: Stealth Rock
|
|-weather|RainDance|[upkeep]
|upkeep
|turn|13
|
|t:|1779630974
|move|p2a: Great Tusk|Knock Off|p1a: Better Call Stall
|-supereffective|p1a: Better Call Stall
|-damage|p1a: Better Call Stall|70/100
|-enditem|p1a: Better Call Stall|Mental Herb|[from] move: Knock Off|[of] p2a: Great Tusk
|move|p1a: Better Call Stall|Trick Room|p1a: Better Call Stall
|-fieldstart|move: Trick Room|[of] p1a: Better Call Stall
|
|-weather|RainDance|[upkeep]
|upkeep
|turn|14
|
|t:|1779630985
|-end|p2a: Great Tusk|Protosynthesis|[silent]
|switch|p2a: Dragonite|Dragonite, F|100/100
|move|p1a: Better Call Stall|Psychic|p2a: Dragonite
|-damage|p2a: Dragonite|87/100
|
|-weather|none
|upkeep
|turn|15
|
|t:|1779630992
|switch|p1a: Late Hibernation|Ursaluna, F|100/100 brn
|-heal|p1a: Late Hibernation|100/100|[from] move: Healing Wish
|-damage|p1a: Late Hibernation|88/100|[from] Spikes
|-damage|p1a: Late Hibernation|82/100|[from] Stealth Rock
|move|p2a: Dragonite|Dragon Dance|p2a: Dragonite
|-boost|p2a: Dragonite|atk|1
|-boost|p2a: Dragonite|spe|1
|
|-status|p1a: Late Hibernation|brn|[from] item: Flame Orb
|upkeep
|turn|16
|
|t:|1779631012
|-terastallize|p1a: Late Hibernation|Normal
|move|p2a: Dragonite|Extreme Speed|p1a: Late Hibernation
|-crit|p1a: Late Hibernation
|-damage|p1a: Late Hibernation|31/100 brn
|move|p1a: Late Hibernation|Facade|p2a: Dragonite
|-damage|p2a: Dragonite|0 fnt
|faint|p2a: Dragonite
|
|-damage|p1a: Late Hibernation|24/100 brn|[from] brn
|upkeep
|
|t:|1779631024
|switch|p2a: Great Tusk|Great Tusk|100/100
|turn|17
|
|t:|1779631042
|move|p1a: Late Hibernation|Facade|p2a: Great Tusk
|-damage|p2a: Great Tusk|0 fnt
|faint|p2a: Great Tusk
|-end|p2a: Great Tusk|Protosynthesis|[silent]
|
|-damage|p1a: Late Hibernation|18/100 brn|[from] brn
|-fieldend|move: Trick Room
|upkeep
|
|t:|1779631048
|switch|p2a: Ogerpon|Ogerpon-Wellspring, F|100/100
|turn|18
|
|t:|1779631054
|-terastallize|p2a: Ogerpon|Water
|detailschange|p2a: Ogerpon|Ogerpon-Wellspring-Tera, F, tera:Water
|-ability|p2a: Ogerpon|Embody Aspect (Wellspring)|boost
|-boost|p2a: Ogerpon|spd|1
|move|p2a: Ogerpon|Ivy Cudgel|p1a: Late Hibernation|[anim] Ivy Cudgel Water
|-damage|p1a: Late Hibernation|0 fnt
|faint|p1a: Late Hibernation
|
|upkeep
|
|t:|1779631068
|switch|p1a: Duck Duck Goobs|Porygon2|100/100
|-damage|p1a: Duck Duck Goobs|88/100|[from] Spikes
|-damage|p1a: Duck Duck Goobs|76/100|[from] Stealth Rock
|-ability|p1a: Duck Duck Goobs|Download|boost
|-boost|p1a: Duck Duck Goobs|atk|1
|turn|19
|
|t:|1779631080
|move|p2a: Ogerpon|Wood Hammer|p1a: Duck Duck Goobs
|-damage|p1a: Duck Duck Goobs|29/100
|-damage|p2a: Ogerpon|82/100|[from] Recoil
|move|p1a: Duck Duck Goobs|Trick Room|p1a: Duck Duck Goobs
|-fieldstart|move: Trick Room|[of] p1a: Duck Duck Goobs
|
|upkeep
|turn|20
|
|t:|1779631085
|switch|p2a: Iron Moth|Iron Moth|100/100
|move|p1a: Duck Duck Goobs|Thunder|p2a: Iron Moth
|-damage|p2a: Iron Moth|60/100
|-status|p2a: Iron Moth|par
|
|upkeep
|turn|21
|
|t:|1779631095
|switch|p1a: JD Dance|Pelipper, M|100/100
|-damage|p1a: JD Dance|75/100|[from] Stealth Rock
|-weather|RainDance|[from] ability: Drizzle|[of] p1a: JD Dance
|move|p2a: Iron Moth|Sludge Wave|p1a: JD Dance
|-damage|p1a: JD Dance|0 fnt
|faint|p1a: JD Dance
|
|-weather|RainDance|[upkeep]
|upkeep
|
|t:|1779631102
|switch|p1a: Better Call Stall|Cresselia, F|70/100
|-damage|p1a: Better Call Stall|57/100|[from] Stealth Rock
|turn|22
|
|t:|1779631108
|move|p1a: Better Call Stall|Psychic|p2a: Iron Moth
|-supereffective|p2a: Iron Moth
|-damage|p2a: Iron Moth|11/100 par
|move|p2a: Iron Moth|Sludge Wave|p1a: Better Call Stall
|-damage|p1a: Better Call Stall|11/100
|
|-weather|RainDance|[upkeep]
|upkeep
|turn|23
|
|t:|1779631115
|move|p1a: Better Call Stall|Psychic|p2a: Iron Moth
|-supereffective|p2a: Iron Moth
|-crit|p2a: Iron Moth
|-damage|p2a: Iron Moth|0 fnt
|faint|p2a: Iron Moth
|-end|p2a: Iron Moth|Quark Drive|[silent]
|
|-weather|RainDance|[upkeep]
|-fieldend|move: Trick Room
|upkeep
|
|t:|1779631118
|switch|p2a: Ogerpon|Ogerpon-Wellspring-Tera, F, tera:Water|82/100
|-ability|p2a: Ogerpon|Embody Aspect (Wellspring)|boost
|-boost|p2a: Ogerpon|spd|1
|turn|24
|
|t:|1779631124
|move|p2a: Ogerpon|Swords Dance|p2a: Ogerpon
|-boost|p2a: Ogerpon|atk|2
|move|p1a: Better Call Stall|Lunar Dance|p1a: Better Call Stall
|faint|p1a: Better Call Stall
|
|-weather|RainDance|[upkeep]
|upkeep
|
|t:|1779631126
|switch|p1a: Duck Duck Goobs|Porygon2|29/100
|-heal|p1a: Duck Duck Goobs|100/100|[from] move: Lunar Dance
|-damage|p1a: Duck Duck Goobs|88/100|[from] Spikes
|-damage|p1a: Duck Duck Goobs|76/100|[from] Stealth Rock
|-ability|p1a: Duck Duck Goobs|Download|boost
|-boost|p1a: Duck Duck Goobs|atk|1
|turn|25
|
|t:|1779631135
|move|p2a: Ogerpon|Ivy Cudgel|p1a: Duck Duck Goobs|[anim] Ivy Cudgel Water
|-damage|p1a: Duck Duck Goobs|0 fnt
|faint|p1a: Duck Duck Goobs
|
|win|probabilly
|raw|GulagLmao's rating: 1212 &rarr; <strong>1185</strong><br />(-27 for losing)
|raw|probabilly's rating: 1189 &rarr; <strong>1216</strong><br />(+27 for winning)
|l|☆probabilly
|player|p2|
|l|☆GulagLmao
|player|p1|
