|j|☆bug fan5762
|j|☆Teefryingpan
|t:|1779570203
|gametype|singles
|player|p1|bug fan5762|byron|1684
|player|p2|Teefryingpan|2|1753
|gen|9
|tier|[Gen 9] OU
|rated|
|rule|HP Percentage Mod: HP is shown in percentages
|rule|Endless Battle Clause: Forcing endless battles is banned
|rule|Species Clause: Limit one of each Pokémon
|rule|OHKO Clause: OHKO moves are banned
|rule|Evasion Items Clause: Evasion items are banned
|rule|Evasion Moves Clause: Evasion moves are banned
|rule|Evasion Abilities Clause: Evasion abilities are banned
|rule|Sleep Moves Clause: Sleep-inducing moves are banned
|clearpoke
|poke|p1|Yanmega, F|
|poke|p1|Garchomp, F|
|poke|p1|Ogerpon-Wellspring, F|
|poke|p1|Alomomola, F|
|poke|p1|Regieleki|
|poke|p1|Hatterene, F|
|poke|p2|Samurott-Hisui, F|
|poke|p2|Dragapult, F|
|poke|p2|Enamorus, F|
|poke|p2|Scizor, M|
|poke|p2|Iron Treads|
|poke|p2|Ogerpon-Wellspring, F|
|teampreview
|
|t:|1779570215
|teamsize|p1|6
|teamsize|p2|6
|start
|switch|p1a: Yanmega|Yanmega, F, shiny|100/100
|switch|p2a: Iron Treads|Iron Treads|100/100
|turn|1
|
|t:|1779570219
|move|p2a: Iron Treads|Stealth Rock|p1a: Yanmega
|-sidestart|p1: bug fan5762|move: Stealth Rock
|move|p1a: Yanmega|Bug Buzz|p2a: Iron Treads
|-resisted|p2a: Iron Treads
|-damage|p2a: Iron Treads|18/100
|
|upkeep
|turn|2
|inactive|Battle timer is ON: inactive players will automatically lose when time's up. (requested by Teefryingpan)
|
|t:|1779570227
|-end|p2a: Iron Treads|Quark Drive|[silent]
|switch|p2a: Scizor|Scizor, M|100/100
|move|p1a: Yanmega|Bug Buzz|p2a: Scizor
|-resisted|p2a: Scizor
|-damage|p2a: Scizor|28/100
|
|upkeep
|turn|3
|
|t:|1779570233
|switch|p1a: Garchomp|Garchomp, F|100/100
|-damage|p1a: Garchomp|94/100|[from] Stealth Rock
|move|p2a: Scizor|Bullet Punch|p1a: Garchomp
|-damage|p1a: Garchomp|47/100
|-damage|p2a: Scizor|16/100|[from] ability: Rough Skin|[of] p1a: Garchomp
|-damage|p2a: Scizor|0 fnt|[from] item: Rocky Helmet|[of] p1a: Garchomp
|faint|p2a: Scizor
|
|upkeep
|
|t:|1779570237
|switch|p2a: Samurott|Samurott-Hisui, F|100/100
|turn|4
|
|t:|1779570240
|switch|p1a: Alomomola|Alomomola, F|100/100
|move|p2a: Samurott|Swords Dance|p2a: Samurott
|-boost|p2a: Samurott|atk|2
|
|upkeep
|turn|5
|
|t:|1779570243
|move|p2a: Samurott|Ceaseless Edge|p1a: Alomomola
|-damage|p1a: Alomomola|52/100
|-sidestart|p1: bug fan5762|Spikes
|move|p1a: Alomomola|Flip Turn|p2a: Samurott
|-resisted|p2a: Samurott
|-damage|p2a: Samurott|90/100
|-damage|p1a: Alomomola|36/100|[from] item: Rocky Helmet|[of] p2a: Samurott
|
|t:|1779570244
|switch|p1a: Regieleki|Regieleki|100/100|[from] Flip Turn
|
|upkeep
|turn|6
|
|t:|1779570250
|move|p2a: Samurott|Sucker Punch||[still]
|-fail|p2a: Samurott
|move|p1a: Regieleki|Substitute|p1a: Regieleki
|-start|p1a: Regieleki|Substitute
|-damage|p1a: Regieleki|76/100
|
|upkeep
|turn|7
|
|t:|1779570256
|switch|p2a: Dragapult|Dragapult, F|100/100
|move|p1a: Regieleki|Thunderbolt|p2a: Dragapult
|-resisted|p2a: Dragapult
|-damage|p2a: Dragapult|65/100
|
|upkeep
|turn|8
|
|t:|1779570262
|move|p1a: Regieleki|Thunderbolt|p2a: Dragapult
|-resisted|p2a: Dragapult
|-crit|p2a: Dragapult
|-damage|p2a: Dragapult|16/100
|move|p2a: Dragapult|Shadow Ball|p1a: Regieleki
|-damage|p1a: Regieleki|0 fnt
|faint|p1a: Regieleki
|
|upkeep
|
|t:|1779570268
|switch|p1a: Ogerpon|Ogerpon-Wellspring, F|100/100
|-damage|p1a: Ogerpon|88/100|[from] Stealth Rock
|-damage|p1a: Ogerpon|76/100|[from] Spikes
|turn|9
|
|t:|1779570280
|switch|p2a: Iron Treads|Iron Treads|18/100
|move|p1a: Ogerpon|Knock Off|p2a: Iron Treads
|-damage|p2a: Iron Treads|0 fnt
|-enditem|p2a: Iron Treads|Heavy-Duty Boots|[from] move: Knock Off|[of] p1a: Ogerpon
|faint|p2a: Iron Treads
|-end|p2a: Iron Treads|Quark Drive|[silent]
|
|upkeep
|
|t:|1779570284
|switch|p2a: Ogerpon|Ogerpon-Wellspring, F|100/100
|turn|10
|
|t:|1779570286
|move|p2a: Ogerpon|Power Whip|p1a: Ogerpon
|-damage|p1a: Ogerpon|0 fnt
|faint|p1a: Ogerpon
|
|upkeep
|
|t:|1779570291
|switch|p1a: Hatterene|Hatterene, F|100/100
|-damage|p1a: Hatterene|88/100|[from] Stealth Rock
|-damage|p1a: Hatterene|76/100|[from] Spikes
|turn|11
|
|t:|1779570303
|move|p2a: Ogerpon|Ivy Cudgel|p1a: Hatterene|[anim] Ivy Cudgel Water
|-damage|p1a: Hatterene|30/100
|move|p1a: Hatterene|Nuzzle|p2a: Ogerpon
|-damage|p2a: Ogerpon|96/100
|-status|p2a: Ogerpon|par
|
|-heal|p1a: Hatterene|36/100|[from] item: Leftovers
|upkeep
|turn|12
|
|t:|1779570310
|move|p2a: Ogerpon|Ivy Cudgel|p1a: Hatterene|[anim] Ivy Cudgel Water
|-damage|p1a: Hatterene|0 fnt
|faint|p1a: Hatterene
|
|upkeep
|
|t:|1779570319
|switch|p1a: Alomomola|Alomomola, F|69/100
|turn|13
|
|t:|1779570324
|-terastallize|p1a: Alomomola|Dragon
|move|p2a: Ogerpon|Knock Off|p1a: Alomomola
|-damage|p1a: Alomomola|49/100
|-enditem|p1a: Alomomola|Heavy-Duty Boots|[from] move: Knock Off|[of] p2a: Ogerpon
|move|p1a: Alomomola|Wish|p1a: Alomomola
|
|upkeep
|turn|14
|
|t:|1779570334
|switch|p2a: Enamorus|Enamorus, F|100/100
|move|p1a: Alomomola|Flip Turn|p2a: Enamorus
|-crit|p2a: Enamorus
|-damage|p2a: Enamorus|63/100
|
|t:|1779570338
|switch|p1a: Yanmega|Yanmega, F, shiny|100/100|[from] Flip Turn
|-damage|p1a: Yanmega|50/100|[from] Stealth Rock
|
|-heal|p1a: Yanmega|100/100|[from] move: Wish|[wisher] Alomomola
|upkeep
|turn|15
|
|t:|1779570345
|switch|p2a: Dragapult|Dragapult, F|16/100
|move|p1a: Yanmega|Air Slash|p2a: Dragapult
|-damage|p2a: Dragapult|0 fnt
|faint|p2a: Dragapult
|
|upkeep
|
|t:|1779570349
|switch|p2a: Samurott|Samurott-Hisui, F|90/100
|turn|16
|
|t:|1779570353
|switch|p1a: Garchomp|Garchomp, F|47/100
|-damage|p1a: Garchomp|41/100|[from] Stealth Rock
|-damage|p1a: Garchomp|28/100|[from] Spikes
|move|p2a: Samurott|Sucker Punch||[still]
|-fail|p2a: Samurott
|
|upkeep
|turn|17
|
|t:|1779570358
|move|p2a: Samurott|Aqua Cutter|p1a: Garchomp
|-damage|p1a: Garchomp|0 fnt
|faint|p1a: Garchomp
|
|upkeep
|
|t:|1779570362
|switch|p1a: Alomomola|Alomomola, F, tera:Dragon|83/100
|-damage|p1a: Alomomola|70/100|[from] Stealth Rock
|-damage|p1a: Alomomola|58/100|[from] Spikes
|turn|18
|
|t:|1779570365
|move|p2a: Samurott|Swords Dance|p2a: Samurott
|-boost|p2a: Samurott|atk|2
|move|p1a: Alomomola|Wish|p1a: Alomomola
|
|upkeep
|turn|19
|-message|bug fan5762 forfeited.
|
|win|Teefryingpan
|raw|bug fan5762's rating: 1684 &rarr; <strong>1668</strong><br />(-16 for losing)
|raw|Teefryingpan's rating: 1753 &rarr; <strong>1769</strong><br />(+16 for winning)
|l|☆bug fan5762
|player|p1|
|l|☆Teefryingpan
|player|p2|
